{"id": "gen9randombattle-2253837629", "format": "[Gen 9] Random Battle", "players": ["DUDEKRPK", "dgffusgbvj"], "log": "|j|\u2606DUDEKRPK\n|j|\u2606dgffusgbvj\n|t:|1732946266\n|gametype|singles\n|player|p1|DUDEKRPK|lucas|1046\n|player|p2|dgffusgbvj|1|1000\n|teamsize|p1|6\n|teamsize|p2|6\n|gen|9\n|tier|[Gen 9] Random Battle\n|rated|\n|rule|Species Clause: Limit one of each Pok\u00e9mon\n|rule|HP Percentage Mod: HP is shown in percentages\n|rule|Sleep Clause Mod: Limit one foe put to sleep\n|rule|Illusion Level Mod: Illusion disguises the Pok\u00e9mon's true level\n|\n|t:|1732946266\n|start\n|switch|p1a: Pincurchin|Pincurchin, F|258/258\n|switch|p2a: Perrserker|Perrserker, L89, F|269/269\n|-fieldstart|move: Electric Terrain|[from] ability: Electric Surge|[of] p1a: Pincurchin\n|turn|1\n|inactive|Battle timer is ON: inactive players will automatically lose when time's up. (requested by DUDEKRPK)\n|\n|t:|1732946281\n|move|p2a: Perrserker|Iron Head|p1a: Pincurchin\n|-resisted|p1a: Pincurchin\n|-crit|p1a: Pincurchin\n|-damage|p1a: Pincurchin|157/258\n|-damage|p2a: Perrserker|243/269|[from] item: Life Orb\n|move|p1a: Pincurchin|Zing Zap|p2a: Perrserker\n|-damage|p2a: Perrserker|110/269\n|\n|-heal|p1a: Pincurchin|173/258|[from] item: Leftovers\n|upkeep\n|turn|2\n|\n|t:|1732946296\n|move|p2a: Perrserker|Knock Off|p1a: Pincurchin\n|-damage|p1a: Pincurchin|53/258\n|-enditem|p1a: Pincurchin|Leftovers|[from] move: Knock Off|[of] p2a: Perrserker\n|-damage|p2a: Perrserker|84/269|[from] item: Life Orb\n|move|p1a: Pincurchin|Zing Zap|p2a: Perrserker\n|-damage|p2a: Perrserker|0 fnt\n|faint|p2a: Perrserker\n|\n|upkeep\n|\n|t:|1732946307\n|switch|p2a: Miraidon|Miraidon, L65|238/238\n|-activate|p2a: Miraidon|ability: Hadron Engine\n|turn|3\n|\n|t:|1732946320\n|move|p2a: Miraidon|Electro Drift|p1a: Pincurchin\n|-resisted|p1a: Pincurchin\n|-damage|p1a: Pincurchin|0 fnt\n|faint|p1a: Pincurchin\n|\n|upkeep\n|\n|t:|1732946332\n|switch|p1a: Sandslash|Sandslash, L88, M|275/275\n|turn|4\n|\n|t:|1732946341\n|switch|p2a: Iron Valiant|Iron Valiant, L78|244/244\n|-activate|p2a: Iron Valiant|ability: Quark Drive\n|-start|p2a: Iron Valiant|quarkdriveatk\n|move|p1a: Sandslash|Earthquake|p2a: Iron Valiant\n|-damage|p2a: Iron Valiant|117/244\n|\n|upkeep\n|turn|5\n|\n|t:|1732946355\n|-terastallize|p1a: Sandslash|Water\n|move|p2a: Iron Valiant|Moonblast|p1a: Sandslash\n|-damage|p1a: Sandslash|161/275\n|-damage|p2a: Iron Valiant|93/244|[from] item: Life Orb\n|move|p1a: Sandslash|Earthquake|p2a: Iron Valiant\n|-damage|p2a: Iron Valiant|0 fnt\n|faint|p2a: Iron Valiant\n|-end|p2a: Iron Valiant|Quark Drive|[silent]\n|\n|-fieldend|move: Electric Terrain\n|upkeep\n|\n|t:|1732946369\n|switch|p2a: Rhyperior|Rhyperior, L82, M|323/323\n|turn|6\n|\n|t:|1732946378\n|move|p1a: Sandslash|Earthquake|p2a: Rhyperior\n|-supereffective|p2a: Rhyperior\n|-damage|p2a: Rhyperior|179/323\n|-enditem|p2a: Rhyperior|Weakness Policy\n|-boost|p2a: Rhyperior|atk|2|[from] item: Weakness Policy\n|-boost|p2a: Rhyperior|spa|2|[from] item: Weakness Policy\n|move|p2a: Rhyperior|Megahorn|p1a: Sandslash\n|-damage|p1a: Sandslash|0 fnt\n|faint|p1a: Sandslash\n|\n|upkeep\n|\n|t:|1732946383\n|switch|p1a: Mienshao|Mienshao, L83, M|244/244\n|turn|7\n|\n|t:|1732946391\n|move|p1a: Mienshao|Close Combat|p2a: Rhyperior\n|-supereffective|p2a: Rhyperior\n|-damage|p2a: Rhyperior|0 fnt\n|-unboost|p1a: Mienshao|def|1\n|-unboost|p1a: Mienshao|spd|1\n|faint|p2a: Rhyperior\n|-damage|p1a: Mienshao|220/244|[from] item: Life Orb\n|\n|upkeep\n|\n|t:|1732946402\n|switch|p2a: Cinccino|Cinccino, L83, F|260/260\n|turn|8\n|\n|t:|1732946410\n|move|p2a: Cinccino|Triple Axel|p1a: Mienshao\n|-damage|p1a: Mienshao|178/244\n|-damage|p1a: Mienshao|93/244\n|-damage|p1a: Mienshao|0 fnt\n|faint|p1a: Mienshao\n|-hitcount|p1: Mienshao|3\n|\n|upkeep\n|\n|t:|1732946416\n|switch|p1a: Overqwil|Overqwil, L82, F|274/274\n|-ability|p1a: Overqwil|Intimidate|boost\n|-unboost|p2a: Cinccino|atk|1\n|turn|9\n|\n|t:|1732946423\n|move|p2a: Cinccino|Bullet Seed|p1a: Overqwil\n|-resisted|p1a: Overqwil\n|-damage|p1a: Overqwil|265/274\n|-resisted|p1a: Overqwil\n|-damage|p1a: Overqwil|257/274\n|-resisted|p1a: Overqwil\n|-damage|p1a: Overqwil|249/274\n|-resisted|p1a: Overqwil\n|-crit|p1a: Overqwil\n|-damage|p1a: Overqwil|228/274\n|-resisted|p1a: Overqwil\n|-damage|p1a: Overqwil|220/274\n|-hitcount|p1a: Overqwil|5\n|move|p1a: Overqwil|Gunk Shot|p2a: Cinccino|[miss]\n|-miss|p1a: Overqwil|p2a: Cinccino\n|\n|upkeep\n|turn|10\n|\n|t:|1732946444\n|move|p2a: Cinccino|Tail Slap|p1a: Overqwil\n|-damage|p1a: Overqwil|193/274\n|-damage|p1a: Overqwil|166/274\n|-damage|p1a: Overqwil|139/274\n|-damage|p1a: Overqwil|114/274\n|-damage|p1a: Overqwil|87/274\n|-hitcount|p1a: Overqwil|5\n|move|p1a: Overqwil|Gunk Shot|p2a: Cinccino\n|-damage|p2a: Cinccino|73/260\n|-status|p2a: Cinccino|psn\n|\n|-damage|p2a: Cinccino|41/260 psn|[from] psn\n|upkeep\n|turn|11\n|\n|t:|1732946462\n|move|p2a: Cinccino|Tail Slap|p1a: Overqwil\n|-damage|p1a: Overqwil|63/274\n|-damage|p1a: Overqwil|38/274\n|-damage|p1a: Overqwil|14/274\n|-damage|p1a: Overqwil|0 fnt\n|faint|p1a: Overqwil\n|-hitcount|p1: Overqwil|4\n|\n|-damage|p2a: Cinccino|9/260 psn|[from] psn\n|upkeep\n|\n|t:|1732946474\n|switch|p1a: Deoxys|Deoxys-Attack, L72|191/191\n|-ability|p1a: Deoxys|Pressure\n|turn|12\n|\n|t:|1732946480\n|move|p1a: Deoxys|Extreme Speed|p2a: Cinccino\n|-damage|p2a: Cinccino|0 fnt\n|faint|p2a: Cinccino\n|-damage|p1a: Deoxys|172/191|[from] item: Life Orb\n|\n|upkeep\n|\n|t:|1732946489\n|switch|p2a: Miraidon|Miraidon, L65|238/238\n|-fieldstart|move: Electric Terrain|[from] ability: Hadron Engine|[of] p2a: Miraidon\n|turn|13\n|\n|t:|1732946500\n|move|p1a: Deoxys|Psycho Boost|p2a: Miraidon\n|-damage|p2a: Miraidon|0 fnt\n|-unboost|p1a: Deoxys|spa|2\n|faint|p2a: Miraidon\n|-damage|p1a: Deoxys|153/191|[from] item: Life Orb\n|\n|upkeep\n|c|\u2606DUDEKRPK|heh\n|c|\u2606DUDEKRPK|ty kurwo\n|\n|t:|1732946509\n|switch|p2a: Garchomp|Garchomp, L74, F|282/282\n|turn|14\n|\n|t:|1732946518\n|move|p1a: Deoxys|Psycho Boost|p2a: Garchomp\n|-damage|p2a: Garchomp|148/282\n|-unboost|p1a: Deoxys|spa|2\n|-damage|p1a: Deoxys|134/191|[from] item: Life Orb\n|move|p2a: Garchomp|Stone Edge|p1a: Deoxys\n|-damage|p1a: Deoxys|0 fnt\n|faint|p1a: Deoxys\n|\n|upkeep\n|\n|t:|1732946522\n|switch|p1a: Giratina|Giratina-Origin, L72|335/335\n|turn|15\n|\n|t:|1732946533\n|-terastallize|p2a: Garchomp|Steel\n|move|p2a: Garchomp|Outrage|p1a: Giratina\n|-supereffective|p1a: Giratina\n|-damage|p1a: Giratina|53/335\n|move|p1a: Giratina|Draco Meteor|p2a: Garchomp\n|-resisted|p2a: Garchomp\n|-damage|p2a: Garchomp|58/282\n|-unboost|p1a: Giratina|spa|2\n|\n|upkeep\n|turn|16\n|\n|t:|1732946545\n|move|p2a: Garchomp|Outrage|p1a: Giratina|[from]lockedmove\n|-supereffective|p1a: Giratina\n|-damage|p1a: Giratina|0 fnt\n|faint|p1a: Giratina\n|\n|win|dgffusgbvj\n", "inputlog": ">version b107d77f5c90bd6555267ae244a6264823309ead\n>start {\"formatid\":\"gen9randombattle\",\"seed\":[7702,52649,40694,28969],\"rated\":\"Rated battle\"}\n>player p1 {\"name\":\"DUDEKRPK\",\"avatar\":\"lucas\",\"rating\":1046,\"seed\":[30603,41141,8650,13661]}\n>player p2 {\"name\":\"dgffusgbvj\",\"avatar\":\"1\",\"rating\":1000,\"seed\":[32915,10143,30223,42546]}\n>p1 move zingzap\n>p2 move ironhead\n>p1 move zingzap\n>p2 move knockoff\n>p2 switch 2\n>p1 move recover\n>p2 move electrodrift\n>p1 switch 5\n>p1 move earthquake\n>p2 switch 5\n>p1 move earthquake terastallize\n>p2 move moonblast\n>p2 switch 3\n>p1 move earthquake\n>p2 move megahorn\n>p1 switch 4\n>p1 move closecombat\n>p2 move rockpolish\n>p2 switch 6\n>p1 move closecombat\n>p2 move tripleaxel\n>p1 switch 6\n>p1 move gunkshot\n>p2 move bulletseed\n>p1 move gunkshot\n>p2 move tailslap\n>p1 move crunch\n>p2 move tailslap\n>p1 switch 3\n>p1 move extremespeed\n>p2 move tripleaxel\n>p2 switch 5\n>p1 move psychoboost\n>p2 move electrodrift\n>chat \u2606DUDEKRPK|heh\n>chat \u2606DUDEKRPK|ty kurwo\n>p2 switch 4\n>p1 move psychoboost\n>p2 move stoneedge\n>p1 switch 2\n>p1 move dracometeor\n>p2 move outrage terastallize\n>p1 move dracometeor\n>p2 move outrage", "uploadtime": 1732946508, "views": 1, "formatid": "gen9randombattle", "rating": null, "private": 0, "password": null}