{"id": "gen9randombattle-2253937871", "format": "[Gen 9] Random Battle", "players": ["sebeck", "ananananji"], "log": "|j|\u2606sebeck\n|j|\u2606ananananji\n|t:|1732967623\n|gametype|singles\n|player|p1|sebeck|265|2096\n|player|p2|ananananji|102|2147\n|teamsize|p1|6\n|teamsize|p2|6\n|gen|9\n|tier|[Gen 9] Random Battle\n|rated|\n|rule|Species Clause: Limit one of each Pok\u00e9mon\n|rule|HP Percentage Mod: HP is shown in percentages\n|rule|Sleep Clause Mod: Limit one foe put to sleep\n|rule|Illusion Level Mod: Illusion disguises the Pok\u00e9mon's true level\n|\n|t:|1732967623\n|start\n|switch|p1a: Hippowdon|Hippowdon, L82, M|311/311\n|switch|p2a: Cloyster|Cloyster, L80, F|211/211\n|-weather|Sandstorm|[from] ability: Sand Stream|[of] p1a: Hippowdon\n|turn|1\n|inactive|Battle timer is ON: inactive players will automatically lose when time's up. (requested by sebeck)\n|\n|t:|1732967639\n|switch|p2a: Palafin|Palafin, L77, F|281/281\n|move|p1a: Hippowdon|Whirlwind|p2a: Palafin\n|detailschange|p2a: Palafin|Palafin-Hero, L77, F\n|drag|p2a: Gumshoos|Gumshoos, L95, M|321/321\n|\n|-weather|Sandstorm|[upkeep]\n|-damage|p2a: Gumshoos|301/321|[from] Sandstorm\n|upkeep\n|turn|2\n|\n|t:|1732967644\n|move|p2a: Gumshoos|Double-Edge|p1a: Hippowdon\n|-damage|p1a: Hippowdon|94/311\n|-damage|p2a: Gumshoos|229/321|[from] Recoil\n|move|p1a: Hippowdon|Earthquake|p2a: Gumshoos\n|-damage|p2a: Gumshoos|109/321\n|\n|-weather|Sandstorm|[upkeep]\n|-damage|p2a: Gumshoos|89/321|[from] Sandstorm\n|-heal|p1a: Hippowdon|113/311|[from] item: Leftovers\n|upkeep\n|turn|3\n|\n|t:|1732967650\n|move|p2a: Gumshoos|Double-Edge|p1a: Hippowdon\n|-damage|p1a: Hippowdon|0 fnt\n|faint|p1a: Hippowdon\n|-damage|p2a: Gumshoos|52/321|[from] Recoil\n|\n|-weather|Sandstorm|[upkeep]\n|-damage|p2a: Gumshoos|32/321|[from] Sandstorm\n|upkeep\n|\n|t:|1732967664\n|switch|p1a: Breloom|Breloom, L82, F|233/233\n|turn|4\n|\n|t:|1732967674\n|move|p1a: Breloom|Rock Tomb|p2a: Gumshoos\n|-damage|p2a: Gumshoos|0 fnt\n|faint|p2a: Gumshoos\n|-damage|p1a: Breloom|210/233|[from] item: Life Orb\n|\n|-weather|Sandstorm|[upkeep]\n|-damage|p1a: Breloom|196/233|[from] Sandstorm\n|upkeep\n|\n|t:|1732967679\n|switch|p2a: Klefki|Klefki, L84, F|233/233\n|turn|5\n|\n|t:|1732967692\n|move|p2a: Klefki|Spikes|p1a: Breloom\n|-sidestart|p1: sebeck|Spikes\n|move|p1a: Breloom|Spore|p2a: Klefki\n|-status|p2a: Klefki|slp|[from] move: Spore\n|\n|-weather|none\n|upkeep\n|turn|6\n|\n|t:|1732967707\n|switch|p2a: Ogerpon|Ogerpon-Hearthflame, L74, F|239/239\n|-ability|p2a: Ogerpon|Mold Breaker\n|move|p1a: Breloom|Rock Tomb|p2a: Ogerpon\n|-supereffective|p2a: Ogerpon\n|-damage|p2a: Ogerpon|2/239\n|-unboost|p2a: Ogerpon|spe|1\n|-damage|p1a: Breloom|173/233|[from] item: Life Orb\n|\n|upkeep\n|turn|7\n|\n|t:|1732967716\n|move|p1a: Breloom|Rock Tomb|p2a: Ogerpon\n|-supereffective|p2a: Ogerpon\n|-damage|p2a: Ogerpon|0 fnt\n|faint|p2a: Ogerpon\n|-damage|p1a: Breloom|150/233|[from] item: Life Orb\n|\n|upkeep\n|\n|t:|1732967720\n|switch|p2a: Klefki|Klefki, L84, F|233/233 slp\n|turn|8\n|\n|t:|1732967724\n|cant|p2a: Klefki|slp\n|move|p1a: Breloom|Rock Tomb|p2a: Klefki|[miss]\n|-miss|p1a: Breloom|p2a: Klefki\n|\n|upkeep\n|turn|9\n|\n|t:|1732967730\n|-curestatus|p2a: Klefki|slp|[msg]\n|move|p2a: Klefki|Dazzling Gleam|p1a: Breloom\n|-supereffective|p1a: Breloom\n|-damage|p1a: Breloom|0 fnt\n|faint|p1a: Breloom\n|\n|upkeep\n|\n|t:|1732967736\n|switch|p1a: Electrode|Electrode, L92|260/260\n|turn|10\n|\n|t:|1732967748\n|move|p2a: Klefki|Spikes|p1a: Electrode\n|-sidestart|p1: sebeck|Spikes\n|move|p1a: Electrode|Thunderbolt|p2a: Klefki\n|-damage|p2a: Klefki|133/233\n|\n|-heal|p2a: Klefki|147/233|[from] item: Leftovers\n|upkeep\n|turn|11\n|\n|t:|1732967754\n|move|p2a: Klefki|Spikes|p1a: Electrode\n|-sidestart|p1: sebeck|Spikes\n|move|p1a: Electrode|Thunderbolt|p2a: Klefki\n|-damage|p2a: Klefki|50/233\n|\n|-heal|p2a: Klefki|64/233|[from] item: Leftovers\n|upkeep\n|turn|12\n|\n|t:|1732967762\n|switch|p2a: Glastrier|Glastrier, L86|312/312\n|move|p1a: Electrode|Thunderbolt|p2a: Glastrier\n|-damage|p2a: Glastrier|236/312\n|\n|upkeep\n|turn|13\n|\n|t:|1732967767\n|move|p1a: Electrode|Volt Switch|p2a: Glastrier\n|-damage|p2a: Glastrier|167/312\n|\n|t:|1732967769\n|switch|p1a: Komala|Komala, L89, M|260/260|[from] Volt Switch\n|-damage|p1a: Komala|195/260|[from] Spikes\n|-ability|p1a: Komala|Comatose\n|move|p2a: Glastrier|Icicle Crash|p1a: Komala\n|-damage|p1a: Komala|35/260\n|\n|upkeep\n|turn|14\n|\n|t:|1732967777\n|move|p1a: Komala|Double-Edge|p2a: Glastrier\n|-damage|p2a: Glastrier|5/312\n|-damage|p1a: Komala|0 fnt|[from] Recoil\n|faint|p1a: Komala\n|move|p2a: Glastrier|Heavy Slam|p1: Komala|[notarget]\n|-fail|p2a: Glastrier\n|\n|upkeep\n|\n|t:|1732967783\n|switch|p1a: Electrode|Electrode, L92|260/260\n|turn|15\n|\n|t:|1732967788\n|move|p1a: Electrode|Thunderbolt|p2a: Glastrier\n|-damage|p2a: Glastrier|0 fnt\n|faint|p2a: Glastrier\n|\n|upkeep\n|\n|t:|1732967793\n|switch|p2a: Palafin|Palafin-Hero, L77, F|281/281\n|-activate|p2a: Palafin|ability: Zero to Hero\n|turn|16\n|\n|t:|1732967810\n|-terastallize|p2a: Palafin|Dragon\n|move|p1a: Electrode|Volt Switch|p2a: Palafin\n|-resisted|p2a: Palafin\n|-damage|p2a: Palafin|243/281\n|\n|t:|1732967814\n|switch|p1a: Dondozo|Dondozo, L78, F|362/362|[from] Volt Switch\n|-damage|p1a: Dondozo|272/362|[from] Spikes\n|move|p2a: Palafin|Bulk Up|p2a: Palafin\n|-boost|p2a: Palafin|atk|1\n|-boost|p2a: Palafin|def|1\n|\n|-heal|p2a: Palafin|260/281|[from] item: Leftovers\n|-heal|p1a: Dondozo|294/362|[from] item: Leftovers\n|upkeep\n|turn|17\n|\n|t:|1732967825\n|move|p2a: Palafin|Drain Punch|p1a: Dondozo\n|-damage|p1a: Dondozo|236/362\n|-heal|p2a: Palafin|281/281|[from] drain|[of] p1a: Dondozo\n|move|p1a: Dondozo|Curse|p1a: Dondozo\n|-unboost|p1a: Dondozo|spe|1\n|-boost|p1a: Dondozo|atk|1\n|-boost|p1a: Dondozo|def|1\n|\n|-heal|p1a: Dondozo|258/362|[from] item: Leftovers\n|upkeep\n|turn|18\n|\n|t:|1732967834\n|switch|p2a: Klefki|Klefki, L84, F|64/233\n|move|p1a: Dondozo|Curse|p1a: Dondozo\n|-unboost|p1a: Dondozo|spe|1\n|-boost|p1a: Dondozo|atk|1\n|-boost|p1a: Dondozo|def|1\n|\n|-heal|p2a: Klefki|78/233|[from] item: Leftovers\n|-heal|p1a: Dondozo|280/362|[from] item: Leftovers\n|upkeep\n|turn|19\n|\n|t:|1732967840\n|move|p2a: Klefki|Foul Play|p1a: Dondozo\n|-damage|p1a: Dondozo|254/362\n|move|p1a: Dondozo|Wave Crash|p2a: Klefki\n|-damage|p2a: Klefki|0 fnt\n|faint|p2a: Klefki\n|-damage|p1a: Dondozo|228/362|[from] Recoil\n|\n|-heal|p1a: Dondozo|250/362|[from] item: Leftovers\n|upkeep\n|\n|t:|1732967848\n|switch|p2a: Cloyster|Cloyster, L80, F|211/211\n|turn|20\n|\n|t:|1732967853\n|move|p2a: Cloyster|Hydro Pump|p1a: Dondozo\n|-resisted|p1a: Dondozo\n|-damage|p1a: Dondozo|190/362\n|move|p1a: Dondozo|Wave Crash|p2a: Cloyster\n|-resisted|p2a: Cloyster\n|-damage|p2a: Cloyster|142/211\n|-damage|p1a: Dondozo|167/362|[from] Recoil\n|\n|-heal|p1a: Dondozo|189/362|[from] item: Leftovers\n|upkeep\n|turn|21\n|\n|t:|1732967859\n|move|p2a: Cloyster|Hydro Pump|p1a: Dondozo|[miss]\n|-miss|p2a: Cloyster|p1a: Dondozo\n|move|p1a: Dondozo|Wave Crash|p2a: Cloyster\n|-resisted|p2a: Cloyster\n|-damage|p2a: Cloyster|79/211\n|-damage|p1a: Dondozo|168/362|[from] Recoil\n|\n|-heal|p1a: Dondozo|190/362|[from] item: Leftovers\n|upkeep\n|turn|22\n|\n|t:|1732967865\n|move|p2a: Cloyster|Hydro Pump|p1a: Dondozo|[miss]\n|-miss|p2a: Cloyster|p1a: Dondozo\n|move|p1a: Dondozo|Wave Crash|p2a: Cloyster\n|-resisted|p2a: Cloyster\n|-damage|p2a: Cloyster|7/211\n|-damage|p1a: Dondozo|166/362|[from] Recoil\n|\n|-heal|p1a: Dondozo|188/362|[from] item: Leftovers\n|upkeep\n|turn|23\n|\n|t:|1732967868\n|move|p2a: Cloyster|Hydro Pump|p1a: Dondozo|[miss]\n|-miss|p2a: Cloyster|p1a: Dondozo\n|move|p1a: Dondozo|Wave Crash|p2a: Cloyster\n|-resisted|p2a: Cloyster\n|-damage|p2a: Cloyster|0 fnt\n|faint|p2a: Cloyster\n|-damage|p1a: Dondozo|186/362|[from] Recoil\n|\n|-heal|p1a: Dondozo|208/362|[from] item: Leftovers\n|upkeep\n|\n|t:|1732967870\n|switch|p2a: Palafin|Palafin-Hero, L77, F, tera:Dragon|281/281\n|turn|24\n|\n|t:|1732967872\n|move|p2a: Palafin|Bulk Up|p2a: Palafin\n|-boost|p2a: Palafin|atk|1\n|-boost|p2a: Palafin|def|1\n|move|p1a: Dondozo|Curse|p1a: Dondozo\n|-unboost|p1a: Dondozo|spe|1\n|-boost|p1a: Dondozo|atk|1\n|-boost|p1a: Dondozo|def|1\n|\n|-heal|p1a: Dondozo|230/362|[from] item: Leftovers\n|upkeep\n|turn|25\n|\n|t:|1732967876\n|move|p2a: Palafin|Bulk Up|p2a: Palafin\n|-boost|p2a: Palafin|atk|1\n|-boost|p2a: Palafin|def|1\n|move|p1a: Dondozo|Wave Crash|p2a: Palafin\n|-resisted|p2a: Palafin\n|-crit|p2a: Palafin\n|-damage|p2a: Palafin|64/281\n|-damage|p1a: Dondozo|158/362|[from] Recoil\n|\n|-heal|p2a: Palafin|81/281|[from] item: Leftovers\n|-heal|p1a: Dondozo|180/362|[from] item: Leftovers\n|upkeep\n|turn|26\n|\n|t:|1732967880\n|move|p2a: Palafin|Drain Punch|p1a: Dondozo\n|-damage|p1a: Dondozo|156/362\n|-heal|p2a: Palafin|93/281|[from] drain|[of] p1a: Dondozo\n|move|p1a: Dondozo|Wave Crash|p2a: Palafin\n|-resisted|p2a: Palafin\n|-damage|p2a: Palafin|0 fnt\n|faint|p2a: Palafin\n|-damage|p1a: Dondozo|125/362|[from] Recoil\n|\n|win|sebeck\n|raw|sebeck's rating: 2096 &rarr; <strong>2119</strong><br />(+23 for winning)\n|raw|ananananji's rating: 2147 &rarr; <strong>2124</strong><br />(-23 for losing)\n", "inputlog": ">version b107d77f5c90bd6555267ae244a6264823309ead\n>start {\"formatid\":\"gen9randombattle\",\"seed\":[45221,54884,44357,62632],\"rated\":\"Rated battle\"}\n>player p1 {\"name\":\"sebeck\",\"avatar\":\"265\",\"rating\":2096,\"seed\":[12625,31933,28455,64326]}\n>player p2 {\"name\":\"ananananji\",\"avatar\":\"102\",\"rating\":2147,\"seed\":[48174,30475,59261,37365]}\n>p1 move whirlwind\n>p2 switch 5\n>p1 move earthquake\n>p2 move doubleedge\n>p1 move earthquake\n>p2 move doubleedge\n>p1 switch 5\n>p1 move rocktomb\n>p2 move doubleedge\n>p2 switch 6\n>p1 move spore\n>p2 move spikes\n>p1 move rocktomb\n>p2 switch 3\n>p1 move rocktomb\n>p2 move ivycudgel\n>p2 switch 3\n>p1 move rocktomb\n>p2 move dazzlinggleam\n>p1 move rocktomb\n>p2 move dazzlinggleam\n>p1 switch 2\n>p1 move thunderbolt\n>p2 move spikes\n>p1 move thunderbolt\n>p2 move spikes\n>p1 move thunderbolt\n>p2 switch 2\n>p1 move voltswitch\n>p2 move iciclecrash\n>p1 switch 4\n>p1 move doubleedge\n>p2 move heavyslam\n>p1 switch 4\n>p1 move thunderbolt\n>p2 move heavyslam\n>p2 switch 4\n>p1 move voltswitch\n>p2 move bulkup terastallize\n>p1 switch 3\n>p1 move curse\n>p2 move drainpunch\n>p1 move curse\n>p2 switch 2\n>p1 move wavecrash\n>p2 move foulplay\n>p2 switch 5\n>p1 move wavecrash\n>p2 move hydropump\n>p1 move wavecrash\n>p2 move hydropump\n>p1 move wavecrash\n>p2 move hydropump\n>p1 move wavecrash\n>p2 move hydropump\n>p2 switch 2\n>p1 move curse\n>p2 move bulkup\n>p1 move wavecrash\n>p2 move bulkup\n>p1 move wavecrash\n>p2 move drainpunch", "uploadtime": 1732967882, "views": 1, "formatid": "gen9randombattle", "rating": 2119, "private": 0, "password": null}