{"id": "gen9randombattle-2254146992", "format": "[Gen 9] Random Battle", "players": ["Twteny two Thirty", "MasterGiegue"], "log": "|j|\u2606Twteny two Thirty\n|j|\u2606MasterGiegue\n|t:|1732996986\n|gametype|singles\n|player|p1|Twteny two Thirty|266|1687\n|player|p2|MasterGiegue|raifort|1680\n|teamsize|p1|6\n|teamsize|p2|6\n|gen|9\n|tier|[Gen 9] Random Battle\n|rated|\n|rule|Species Clause: Limit one of each Pok\u00e9mon\n|rule|HP Percentage Mod: HP is shown in percentages\n|rule|Sleep Clause Mod: Limit one foe put to sleep\n|rule|Illusion Level Mod: Illusion disguises the Pok\u00e9mon's true level\n|\n|t:|1732996986\n|start\n|switch|p1a: Porygon-Z|Porygon-Z, L83|277/277\n|switch|p2a: Leavanny|Leavanny, L86, M|269/269\n|turn|1\n|\n|t:|1732996997\n|switch|p1a: Noivern|Noivern, L82, M|274/274\n|move|p2a: Leavanny|Sticky Web|p1a: Noivern\n|-sidestart|p1: Twteny two Thirty|move: Sticky Web\n|\n|upkeep\n|turn|2\n|\n|t:|1732997004\n|switch|p2a: Pikachu|Pikachu-Unova, L93, M|216/216\n|move|p1a: Noivern|Hurricane|p2a: Pikachu\n|-resisted|p2a: Pikachu\n|-damage|p2a: Pikachu|112/216\n|\n|upkeep\n|turn|3\n|\n|t:|1732997023\n|move|p1a: Noivern|Hurricane|p2a: Pikachu\n|-resisted|p2a: Pikachu\n|-damage|p2a: Pikachu|10/216\n|move|p2a: Pikachu|Knock Off|p1a: Noivern\n|-damage|p1a: Noivern|159/274\n|-enditem|p1a: Noivern|Choice Specs|[from] move: Knock Off|[of] p2a: Pikachu\n|\n|upkeep\n|turn|4\n|\n|t:|1732997033\n|move|p1a: Noivern|U-turn|p2a: Pikachu\n|-crit|p2a: Pikachu\n|-damage|p2a: Pikachu|0 fnt\n|faint|p2a: Pikachu\n|\n|t:|1732997037\n|switch|p1a: Swanna|Swanna, L88, M|275/275|[from] U-turn\n|\n|upkeep\n|\n|t:|1732997047\n|switch|p2a: Porygon-Z|Porygon-Z, L83|277/277\n|-ability|p2a: Porygon-Z|Download|boost\n|-boost|p2a: Porygon-Z|spa|1\n|turn|5\n|inactive|Battle timer is ON: inactive players will automatically lose when time's up. (requested by Twteny two Thirty)\n|\n|t:|1732997057\n|move|p2a: Porygon-Z|Thunderbolt|p1a: Swanna\n|-supereffective|p1a: Swanna\n|-damage|p1a: Swanna|0 fnt\n|faint|p1a: Swanna\n|\n|upkeep\n|\n|t:|1732997066\n|switch|p1a: Baxcalibur|Baxcalibur, L75, M|296/296\n|turn|6\n|\n|t:|1732997071\n|-terastallize|p1a: Baxcalibur|Ground\n|move|p2a: Porygon-Z|Thunderbolt|p1a: Baxcalibur\n|-immune|p1a: Baxcalibur\n|move|p1a: Baxcalibur|Dragon Dance|p1a: Baxcalibur\n|-boost|p1a: Baxcalibur|atk|1\n|-boost|p1a: Baxcalibur|spe|1\n|\n|upkeep\n|turn|7\n|\n|t:|1732997077\n|switch|p2a: Mamoswine|Mamoswine, L81, M|311/311\n|move|p1a: Baxcalibur|Dragon Dance|p1a: Baxcalibur\n|-boost|p1a: Baxcalibur|atk|1\n|-boost|p1a: Baxcalibur|spe|1\n|\n|upkeep\n|turn|8\n|\n|t:|1732997086\n|move|p1a: Baxcalibur|Glaive Rush|p2a: Mamoswine\n|-damage|p2a: Mamoswine|20/311\n|-singlemove|p1a: Baxcalibur|Glaive Rush|[silent]\n|move|p2a: Mamoswine|Icicle Crash|p1a: Baxcalibur\n|-supereffective|p1a: Baxcalibur\n|-damage|p1a: Baxcalibur|0 fnt\n|faint|p1a: Baxcalibur\n|\n|upkeep\n|\n|t:|1732997107\n|switch|p1a: Bronzong|Bronzong, L88|261/261\n|turn|9\n|\n|t:|1732997112\n|switch|p2a: Lokix|Lokix, L82, M|251/251\n|move|p1a: Bronzong|Iron Head|p2a: Lokix\n|-damage|p2a: Lokix|152/251\n|\n|upkeep\n|turn|10\n|\n|t:|1732997129\n|move|p2a: Lokix|First Impression|p1a: Bronzong\n|-damage|p1a: Bronzong|180/261\n|move|p1a: Bronzong|Rest|p1a: Bronzong\n|-status|p1a: Bronzong|slp|[from] move: Rest\n|-heal|p1a: Bronzong|261/261 slp|[silent]\n|-enditem|p1a: Bronzong|Chesto Berry|[eat]\n|-curestatus|p1a: Bronzong|slp|[msg]\n|\n|upkeep\n|turn|11\n|\n|t:|1732997134\n|move|p2a: Lokix|Knock Off|p1a: Bronzong\n|-supereffective|p1a: Bronzong\n|-damage|p1a: Bronzong|147/261\n|move|p1a: Bronzong|Iron Defense|p1a: Bronzong\n|-boost|p1a: Bronzong|def|2\n|\n|upkeep\n|turn|12\n|\n|t:|1732997146\n|move|p2a: Lokix|U-turn|p1a: Bronzong\n|-damage|p1a: Bronzong|114/261\n|\n|t:|1732997153\n|switch|p2a: Leavanny|Leavanny, L86, M|269/269|[from] U-turn\n|move|p1a: Bronzong|Rest|p1a: Bronzong\n|-status|p1a: Bronzong|slp|[from] move: Rest\n|-heal|p1a: Bronzong|261/261 slp|[silent]\n|\n|upkeep\n|turn|13\n|\n|t:|1732997158\n|move|p2a: Leavanny|Lunge|p1a: Bronzong\n|-damage|p1a: Bronzong|224/261 slp\n|-unboost|p1a: Bronzong|atk|1\n|cant|p1a: Bronzong|slp\n|\n|upkeep\n|turn|14\n|\n|t:|1732997162\n|move|p2a: Leavanny|Lunge|p1a: Bronzong\n|-damage|p1a: Bronzong|190/261 slp\n|-unboost|p1a: Bronzong|atk|1\n|cant|p1a: Bronzong|slp\n|\n|upkeep\n|turn|15\n|\n|t:|1732997166\n|move|p2a: Leavanny|Lunge|p1a: Bronzong\n|-crit|p1a: Bronzong\n|-damage|p1a: Bronzong|72/261 slp\n|-unboost|p1a: Bronzong|atk|1\n|-curestatus|p1a: Bronzong|slp|[msg]\n|move|p1a: Bronzong|Iron Defense|p1a: Bronzong\n|-boost|p1a: Bronzong|def|2\n|\n|upkeep\n|turn|16\n|\n|t:|1732997170\n|move|p2a: Leavanny|Lunge|p1a: Bronzong\n|-damage|p1a: Bronzong|47/261\n|-unboost|p1a: Bronzong|atk|1\n|move|p1a: Bronzong|Rest|p1a: Bronzong\n|-status|p1a: Bronzong|slp|[from] move: Rest\n|-heal|p1a: Bronzong|261/261 slp|[silent]\n|\n|upkeep\n|turn|17\n|\n|t:|1732997178\n|switch|p2a: Smeargle|Smeargle, L95, F|258/258\n|cant|p1a: Bronzong|slp\n|\n|upkeep\n|turn|18\n|\n|t:|1732997194\n|move|p2a: Smeargle|Stealth Rock|p1a: Bronzong\n|-sidestart|p1: Twteny two Thirty|move: Stealth Rock\n|cant|p1a: Bronzong|slp\n|\n|upkeep\n|turn|19\n|\n|t:|1732997200\n|-terastallize|p2a: Smeargle|Ghost\n|move|p2a: Smeargle|Ceaseless Edge|p1a: Bronzong\n|-supereffective|p1a: Bronzong\n|-damage|p1a: Bronzong|247/261 slp\n|-sidestart|p1: Twteny two Thirty|Spikes\n|-curestatus|p1a: Bronzong|slp|[msg]\n|move|p1a: Bronzong|Body Press|p2a: Smeargle\n|-immune|p2a: Smeargle\n|\n|upkeep\n|turn|20\n|\n|t:|1732997206\n|move|p2a: Smeargle|Ceaseless Edge|p1a: Bronzong\n|-supereffective|p1a: Bronzong\n|-damage|p1a: Bronzong|233/261\n|-sidestart|p1: Twteny two Thirty|Spikes\n|move|p1a: Bronzong|Iron Head|p2a: Smeargle\n|-damage|p2a: Smeargle|210/258\n|\n|upkeep\n|turn|21\n|\n|t:|1732997210\n|move|p2a: Smeargle|Ceaseless Edge|p1a: Bronzong\n|-supereffective|p1a: Bronzong\n|-damage|p1a: Bronzong|219/261\n|-sidestart|p1: Twteny two Thirty|Spikes\n|move|p1a: Bronzong|Iron Head|p2a: Smeargle\n|-damage|p2a: Smeargle|161/258\n|\n|upkeep\n|turn|22\n|\n|t:|1732997218\n|move|p2a: Smeargle|Spore|p1a: Bronzong\n|-status|p1a: Bronzong|slp|[from] move: Spore\n|cant|p1a: Bronzong|slp\n|\n|upkeep\n|turn|23\n|\n|t:|1732997221\n|cant|p1a: Bronzong|slp\n|move|p2a: Smeargle|Whirlwind|p1a: Bronzong\n|drag|p1a: Empoleon|Empoleon, L84, M|278/278\n|-activate|p1a: Empoleon|move: Sticky Web\n|-unboost|p1a: Empoleon|spe|1\n|-ability|p1a: Empoleon|Competitive|boost\n|-boost|p1a: Empoleon|spa|2\n|-damage|p1a: Empoleon|261/278|[from] Stealth Rock\n|-damage|p1a: Empoleon|192/278|[from] Spikes\n|\n|-heal|p1a: Empoleon|209/278|[from] item: Leftovers\n|upkeep\n|turn|24\n|\n|t:|1732997229\n|move|p1a: Empoleon|Knock Off|p2a: Smeargle\n|-supereffective|p2a: Smeargle\n|-damage|p2a: Smeargle|0 fnt\n|-enditem|p2a: Smeargle|Focus Sash|[from] move: Knock Off|[of] p1a: Empoleon\n|faint|p2a: Smeargle\n|\n|-heal|p1a: Empoleon|226/278|[from] item: Leftovers\n|upkeep\n|\n|t:|1732997234\n|switch|p2a: Porygon-Z|Porygon-Z, L83|277/277\n|-ability|p2a: Porygon-Z|Download|boost\n|-boost|p2a: Porygon-Z|atk|1\n|turn|25\n|\n|t:|1732997240\n|move|p2a: Porygon-Z|Thunderbolt|p1a: Empoleon\n|-supereffective|p1a: Empoleon\n|-damage|p1a: Empoleon|82/278\n|move|p1a: Empoleon|Knock Off|p2a: Porygon-Z\n|-damage|p2a: Porygon-Z|202/277\n|-enditem|p2a: Porygon-Z|Choice Scarf|[from] move: Knock Off|[of] p1a: Empoleon\n|\n|-heal|p1a: Empoleon|99/278|[from] item: Leftovers\n|upkeep\n|turn|26\n|\n|t:|1732997251\n|move|p2a: Porygon-Z|Thunderbolt|p1a: Empoleon\n|-supereffective|p1a: Empoleon\n|-damage|p1a: Empoleon|0 fnt\n|faint|p1a: Empoleon\n|\n|upkeep\n|\n|t:|1732997257\n|switch|p1a: Porygon-Z|Porygon-Z, L83|277/277\n|-activate|p1a: Porygon-Z|move: Sticky Web\n|-unboost|p1a: Porygon-Z|spe|1\n|-damage|p1a: Porygon-Z|243/277|[from] Stealth Rock\n|-damage|p1a: Porygon-Z|174/277|[from] Spikes\n|turn|27\n|\n|t:|1732997264\n|move|p2a: Porygon-Z|Tri Attack|p1a: Porygon-Z\n|-damage|p1a: Porygon-Z|48/277\n|-status|p1a: Porygon-Z|brn\n|move|p1a: Porygon-Z|Tri Attack|p2a: Porygon-Z\n|-damage|p2a: Porygon-Z|4/277\n|-damage|p1a: Porygon-Z|21/277 brn|[from] item: Life Orb\n|\n|-damage|p1a: Porygon-Z|4/277 brn|[from] brn\n|upkeep\n|turn|28\n|\n|t:|1732997276\n|move|p2a: Porygon-Z|Tri Attack|p1a: Porygon-Z\n|-damage|p1a: Porygon-Z|0 fnt\n|faint|p1a: Porygon-Z\n|\n|upkeep\n|\n|t:|1732997279\n|switch|p1a: Noivern|Noivern, L82, M|159/274\n|-damage|p1a: Noivern|91/274|[from] Stealth Rock\n|turn|29\n|\n|t:|1732997285\n|switch|p2a: Leavanny|Leavanny, L86, M|269/269\n|move|p1a: Noivern|Flamethrower|p2a: Leavanny\n|-supereffective|p2a: Leavanny\n|-damage|p2a: Leavanny|0 fnt\n|faint|p2a: Leavanny\n|\n|upkeep\n|\n|t:|1732997290\n|switch|p2a: Mamoswine|Mamoswine, L81, M|20/311\n|turn|30\n|\n|t:|1732997293\n|move|p2a: Mamoswine|Ice Shard|p1a: Noivern\n|-supereffective|p1a: Noivern\n|-damage|p1a: Noivern|0 fnt\n|faint|p1a: Noivern\n|\n|upkeep\n|\n|t:|1732997296\n|switch|p1a: Bronzong|Bronzong, L88|219/261 slp\n|-damage|p1a: Bronzong|203/261 slp|[from] Stealth Rock\n|turn|31\n|\n|t:|1732997302\n|switch|p2a: Lokix|Lokix, L82, M|152/251\n|-curestatus|p1a: Bronzong|slp|[msg]\n|move|p1a: Bronzong|Iron Head|p2a: Lokix\n|-damage|p2a: Lokix|55/251\n|\n|upkeep\n|turn|32\n|\n|t:|1732997322\n|move|p2a: Lokix|First Impression|p1a: Bronzong\n|-damage|p1a: Bronzong|115/261\n|move|p1a: Bronzong|Iron Head|p2a: Lokix\n|-damage|p2a: Lokix|0 fnt\n|faint|p2a: Lokix\n|\n|upkeep\n|\n|t:|1732997325\n|switch|p2a: Porygon-Z|Porygon-Z, L83|4/277\n|-ability|p2a: Porygon-Z|Download|boost\n|-boost|p2a: Porygon-Z|spa|1\n|turn|33\n|\n|t:|1732997330\n|move|p2a: Porygon-Z|Shadow Ball|p1a: Bronzong\n|-supereffective|p1a: Bronzong\n|-damage|p1a: Bronzong|0 fnt\n|faint|p1a: Bronzong\n|\n|win|MasterGiegue\n|raw|Twteny two Thirty's rating: 1687 &rarr; <strong>1667</strong><br />(-20 for losing)\n|raw|MasterGiegue's rating: 1680 &rarr; <strong>1700</strong><br />(+20 for winning)\n|l|\u2606Twteny two Thirty\n|player|p1|\n|c|\u2606MasterGiegue|gg wp\n", "inputlog": ">version b107d77f5c90bd6555267ae244a6264823309ead\n>start {\"formatid\":\"gen9randombattle\",\"seed\":[55982,63816,16274,22907],\"rated\":\"Rated battle\"}\n>player p1 {\"name\":\"Twteny two Thirty\",\"avatar\":\"266\",\"rating\":1687,\"seed\":[48046,8297,33303,101]}\n>player p2 {\"name\":\"MasterGiegue\",\"avatar\":\"raifort\",\"rating\":1680,\"seed\":[27871,18946,16250,50060]}\n>p1 switch 3\n>p2 move stickyweb\n>p1 move hurricane\n>p2 switch 5\n>p1 move hurricane\n>p2 move knockoff\n>p1 move uturn\n>p2 move playrough\n>p1 switch 2\n>p2 switch 2\n>p1 move defog\n>p2 move thunderbolt\n>p1 switch 6\n>p1 move dragondance terastallize\n>p2 move thunderbolt\n>p1 move dragondance\n>p2 switch 6\n>p1 move glaiverush\n>p2 move iciclecrash\n>p1 switch 4\n>p1 move ironhead\n>p2 switch 4\n>p1 move rest\n>p2 move firstimpression\n>p1 move irondefense\n>p2 move knockoff\n>p1 move rest\n>p2 move uturn\n>p2 switch 5\n>p1 move bodypress\n>p2 move lunge\n>p1 move bodypress\n>p2 move lunge\n>p1 move irondefense\n>p2 move lunge\n>p1 move rest\n>p2 move lunge\n>p1 move bodypress\n>p2 switch 3\n>p1 move bodypress\n>p2 move stealthrock\n>p1 move bodypress\n>p2 move ceaselessedge terastallize\n>p1 move ironhead\n>p2 move ceaselessedge\n>p1 move ironhead\n>p2 move ceaselessedge\n>p1 move ironhead\n>p2 move spore\n>p1 move ironhead\n>p2 move whirlwind\n>p1 move knockoff\n>p2 move whirlwind\n>p2 switch 6\n>p1 move knockoff\n>p2 move thunderbolt\n>p1 move surf\n>p2 move thunderbolt\n>p1 switch 3\n>p1 move triattack\n>p2 move triattack\n>p1 move triattack\n>p2 move triattack\n>p1 switch 2\n>p1 move flamethrower\n>p2 switch 3\n>p2 switch 4\n>p1 move flamethrower\n>p2 move iceshard\n>p1 switch 5\n>p1 move ironhead\n>p2 switch 5\n>p1 move ironhead\n>p2 move firstimpression\n>p2 switch 3\n>p1 move ironhead\n>p2 move shadowball", "uploadtime": 1732997343, "views": 3, "formatid": "gen9randombattle", "rating": 1667, "private": 0, "password": null}