{"id": "gen9randombattle-2253894508", "format": "[Gen 9] Random Battle", "players": ["starrism", "jjk03"], "log": "|j|\u2606starrism\n|j|\u2606jjk03\n|t:|1732958304\n|gametype|singles\n|player|p1|starrism|unknownf|1843\n|player|p2|jjk03|cynthia-gen4|1828\n|teamsize|p1|6\n|teamsize|p2|6\n|gen|9\n|tier|[Gen 9] Random Battle\n|rated|\n|rule|Species Clause: Limit one of each Pok\u00e9mon\n|rule|HP Percentage Mod: HP is shown in percentages\n|rule|Sleep Clause Mod: Limit one foe put to sleep\n|rule|Illusion Level Mod: Illusion disguises the Pok\u00e9mon's true level\n|\n|t:|1732958304\n|start\n|switch|p1a: Gyarados|Gyarados, L79, F|280/280\n|switch|p2a: Eiscue|Eiscue, L88, M|274/274\n|turn|1\n|inactive|Battle timer is ON: inactive players will automatically lose when time's up. (requested by starrism)\n|\n|t:|1732958316\n|switch|p2a: Klefki|Klefki, L84, M|233/233\n|move|p1a: Gyarados|Waterfall|p2a: Klefki\n|-damage|p2a: Klefki|137/233\n|\n|-heal|p2a: Klefki|151/233|[from] item: Leftovers\n|upkeep\n|turn|2\n|\n|t:|1732958326\n|-terastallize|p1a: Gyarados|Ground\n|move|p2a: Klefki|Spikes|p1a: Gyarados\n|-sidestart|p1: starrism|Spikes\n|move|p1a: Gyarados|Dragon Dance|p1a: Gyarados\n|-boost|p1a: Gyarados|atk|1\n|-boost|p1a: Gyarados|spe|1\n|\n|-heal|p2a: Klefki|165/233|[from] item: Leftovers\n|upkeep\n|turn|3\n|inactive|jjk03 has 120 seconds left.\n|\n|t:|1732958364\n|-terastallize|p2a: Klefki|Water\n|move|p1a: Gyarados|Dragon Dance|p1a: Gyarados\n|-boost|p1a: Gyarados|atk|1\n|-boost|p1a: Gyarados|spe|1\n|move|p2a: Klefki|Foul Play|p1a: Gyarados\n|-damage|p1a: Gyarados|90/280\n|\n|-heal|p2a: Klefki|179/233|[from] item: Leftovers\n|upkeep\n|turn|4\n|\n|t:|1732958381\n|move|p1a: Gyarados|Earthquake|p2a: Klefki\n|-damage|p2a: Klefki|0 fnt\n|faint|p2a: Klefki\n|-ability|p1a: Gyarados|Moxie|boost\n|-boost|p1a: Gyarados|atk|1\n|\n|upkeep\n|\n|t:|1732958384\n|switch|p2a: Eiscue|Eiscue, L88, M|274/274\n|turn|5\n|\n|t:|1732958388\n|move|p1a: Gyarados|Waterfall|p2a: Eiscue\n|-activate|p2a: Eiscue|ability: Ice Face\n|-damage|p2a: Eiscue|274/274\n|detailschange|p2a: Eiscue|Eiscue-Noice, L88, M\n|move|p2a: Eiscue|Ice Spinner|p1a: Gyarados\n|-supereffective|p1a: Gyarados\n|-damage|p1a: Gyarados|0 fnt\n|faint|p1a: Gyarados\n|\n|upkeep\n|\n|t:|1732958396\n|switch|p1a: Volcanion|Volcanion, L79|255/255\n|-damage|p1a: Volcanion|224/255|[from] Spikes\n|turn|6\n|\n|t:|1732958402\n|switch|p2a: Phione|Phione, L91|293/293\n|move|p1a: Volcanion|Flamethrower|p2a: Phione\n|-resisted|p2a: Phione\n|-damage|p2a: Phione|242/293\n|\n|-heal|p2a: Phione|260/293|[from] item: Leftovers\n|upkeep\n|turn|7\n|\n|t:|1732958409\n|move|p2a: Phione|Take Heart|p2a: Phione\n|-boost|p2a: Phione|spa|1\n|-boost|p2a: Phione|spd|1\n|move|p1a: Volcanion|Flame Charge|p2a: Phione\n|-resisted|p2a: Phione\n|-damage|p2a: Phione|234/293\n|-boost|p1a: Volcanion|spe|1\n|\n|-heal|p2a: Phione|252/293|[from] item: Leftovers\n|upkeep\n|turn|8\n|\n|t:|1732958422\n|switch|p1a: Cacturne|Cacturne, L92, F|278/278\n|-damage|p1a: Cacturne|244/278|[from] Spikes\n|move|p2a: Phione|Take Heart|p2a: Phione\n|-boost|p2a: Phione|spa|1\n|-boost|p2a: Phione|spd|1\n|\n|-heal|p2a: Phione|270/293|[from] item: Leftovers\n|upkeep\n|turn|9\n|\n|t:|1732958427\n|move|p2a: Phione|Ice Beam|p1a: Cacturne\n|-supereffective|p1a: Cacturne\n|-damage|p1a: Cacturne|0 fnt\n|faint|p1a: Cacturne\n|\n|-heal|p2a: Phione|288/293|[from] item: Leftovers\n|upkeep\n|\n|t:|1732958436\n|switch|p1a: Houndstone|Houndstone, L86, M|264/264\n|-damage|p1a: Houndstone|231/264|[from] Spikes\n|turn|10\n|\n|t:|1732958440\n|move|p2a: Phione|Scald|p1a: Houndstone\n|-damage|p1a: Houndstone|80/264\n|-status|p1a: Houndstone|brn\n|move|p1a: Houndstone|Poltergeist|p2a: Phione\n|-activate|p2a: Phione|move: Poltergeist|Leftovers\n|-damage|p2a: Phione|201/293\n|\n|-heal|p2a: Phione|219/293|[from] item: Leftovers\n|-damage|p1a: Houndstone|64/264 brn|[from] brn\n|upkeep\n|turn|11\n|\n|t:|1732958450\n|move|p2a: Phione|Scald|p1a: Houndstone\n|-damage|p1a: Houndstone|0 fnt\n|faint|p1a: Houndstone\n|\n|-heal|p2a: Phione|237/293|[from] item: Leftovers\n|upkeep\n|\n|t:|1732958455\n|switch|p1a: Reuniclus|Reuniclus, L88, M|337/337\n|turn|12\n|\n|t:|1732958463\n|move|p2a: Phione|Scald|p1a: Reuniclus\n|-damage|p1a: Reuniclus|166/337\n|move|p1a: Reuniclus|Calm Mind|p1a: Reuniclus\n|-boost|p1a: Reuniclus|spa|1\n|-boost|p1a: Reuniclus|spd|1\n|\n|-heal|p2a: Phione|255/293|[from] item: Leftovers\n|upkeep\n|turn|13\n|\n|t:|1732958470\n|move|p2a: Phione|Scald|p1a: Reuniclus\n|-damage|p1a: Reuniclus|54/337\n|move|p1a: Reuniclus|Recover|p1a: Reuniclus\n|-heal|p1a: Reuniclus|223/337\n|\n|-heal|p2a: Phione|273/293|[from] item: Leftovers\n|upkeep\n|turn|14\n|\n|t:|1732958472\n|move|p2a: Phione|Take Heart|p2a: Phione\n|-boost|p2a: Phione|spa|1\n|-boost|p2a: Phione|spd|1\n|move|p1a: Reuniclus|Recover|p1a: Reuniclus\n|-heal|p1a: Reuniclus|337/337\n|\n|-heal|p2a: Phione|291/293|[from] item: Leftovers\n|upkeep\n|turn|15\n|\n|t:|1732958475\n|move|p2a: Phione|Scald|p1a: Reuniclus\n|-damage|p1a: Reuniclus|208/337\n|move|p1a: Reuniclus|Calm Mind|p1a: Reuniclus\n|-boost|p1a: Reuniclus|spa|1\n|-boost|p1a: Reuniclus|spd|1\n|\n|-heal|p2a: Phione|293/293|[from] item: Leftovers\n|upkeep\n|turn|16\n|\n|t:|1732958478\n|move|p2a: Phione|Scald|p1a: Reuniclus\n|-damage|p1a: Reuniclus|100/337\n|move|p1a: Reuniclus|Recover|p1a: Reuniclus\n|-heal|p1a: Reuniclus|269/337\n|\n|upkeep\n|turn|17\n|\n|t:|1732958491\n|switch|p2a: Ting-Lu|Ting-Lu, L78|370/370\n|-ability|p2a: Ting-Lu|Vessel of Ruin\n|move|p1a: Reuniclus|Calm Mind|p1a: Reuniclus\n|-boost|p1a: Reuniclus|spa|1\n|-boost|p1a: Reuniclus|spd|1\n|\n|upkeep\n|turn|18\n|\n|t:|1732958497\n|move|p2a: Ting-Lu|Payback|p1a: Reuniclus\n|-supereffective|p1a: Reuniclus\n|-damage|p1a: Reuniclus|161/337\n|move|p1a: Reuniclus|Recover|p1a: Reuniclus\n|-heal|p1a: Reuniclus|330/337\n|\n|upkeep\n|turn|19\n|\n|t:|1732958502\n|move|p2a: Ting-Lu|Earthquake|p1a: Reuniclus\n|-damage|p1a: Reuniclus|222/337\n|move|p1a: Reuniclus|Focus Blast|p2a: Ting-Lu\n|-supereffective|p2a: Ting-Lu\n|-damage|p2a: Ting-Lu|0 fnt\n|faint|p2a: Ting-Lu\n|\n|upkeep\n|\n|t:|1732958515\n|switch|p2a: Arceus|Arceus-Psychic, L69|280/280\n|turn|20\n|\n|t:|1732958520\n|move|p2a: Arceus|Cosmic Power|p2a: Arceus\n|-boost|p2a: Arceus|def|1\n|-boost|p2a: Arceus|spd|1\n|move|p1a: Reuniclus|Psychic|p2a: Arceus\n|-resisted|p2a: Arceus\n|-damage|p2a: Arceus|157/280\n|\n|upkeep\n|turn|21\n|\n|t:|1732958524\n|move|p2a: Arceus|Cosmic Power|p2a: Arceus\n|-boost|p2a: Arceus|def|1\n|-boost|p2a: Arceus|spd|1\n|move|p1a: Reuniclus|Calm Mind|p1a: Reuniclus\n|-boost|p1a: Reuniclus|spa|1\n|-boost|p1a: Reuniclus|spd|1\n|\n|upkeep\n|turn|22\n|\n|t:|1732958526\n|move|p2a: Arceus|Cosmic Power|p2a: Arceus\n|-boost|p2a: Arceus|def|1\n|-boost|p2a: Arceus|spd|1\n|move|p1a: Reuniclus|Recover|p1a: Reuniclus\n|-heal|p1a: Reuniclus|337/337\n|\n|upkeep\n|turn|23\n|\n|t:|1732958529\n|move|p2a: Arceus|Cosmic Power|p2a: Arceus\n|-boost|p2a: Arceus|def|1\n|-boost|p2a: Arceus|spd|1\n|move|p1a: Reuniclus|Calm Mind|p1a: Reuniclus\n|-boost|p1a: Reuniclus|spa|1\n|-boost|p1a: Reuniclus|spd|1\n|\n|upkeep\n|turn|24\n|\n|t:|1732958533\n|move|p2a: Arceus|Cosmic Power|p2a: Arceus\n|-boost|p2a: Arceus|def|1\n|-boost|p2a: Arceus|spd|1\n|move|p1a: Reuniclus|Calm Mind|p1a: Reuniclus\n|-boost|p1a: Reuniclus|spa|1\n|-boost|p1a: Reuniclus|spd|1\n|\n|upkeep\n|turn|25\n|\n|t:|1732958535\n|move|p2a: Arceus|Cosmic Power|p2a: Arceus\n|-boost|p2a: Arceus|def|1\n|-boost|p2a: Arceus|spd|1\n|move|p1a: Reuniclus|Psychic|p2a: Arceus\n|-resisted|p2a: Arceus\n|-damage|p2a: Arceus|78/280\n|-unboost|p2a: Arceus|spd|1\n|\n|upkeep\n|turn|26\n|\n|t:|1732958537\n|move|p2a: Arceus|Recover|p2a: Arceus\n|-heal|p2a: Arceus|218/280\n|move|p1a: Reuniclus|Psychic|p2a: Arceus\n|-resisted|p2a: Arceus\n|-damage|p2a: Arceus|132/280\n|\n|upkeep\n|turn|27\n|\n|t:|1732958540\n|move|p2a: Arceus|Recover|p2a: Arceus\n|-heal|p2a: Arceus|272/280\n|move|p1a: Reuniclus|Psychic|p2a: Arceus\n|-resisted|p2a: Arceus\n|-damage|p2a: Arceus|186/280\n|\n|upkeep\n|turn|28\n|\n|t:|1732958542\n|move|p2a: Arceus|Body Press|p1a: Reuniclus\n|-resisted|p1a: Reuniclus\n|-damage|p1a: Reuniclus|246/337\n|move|p1a: Reuniclus|Psychic|p2a: Arceus\n|-resisted|p2a: Arceus\n|-damage|p2a: Arceus|100/280\n|\n|upkeep\n|turn|29\n|\n|t:|1732958544\n|move|p2a: Arceus|Recover|p2a: Arceus\n|-heal|p2a: Arceus|240/280\n|move|p1a: Reuniclus|Psychic|p2a: Arceus\n|-resisted|p2a: Arceus\n|-damage|p2a: Arceus|146/280\n|\n|upkeep\n|turn|30\n|\n|t:|1732958546\n|move|p2a: Arceus|Body Press|p1a: Reuniclus\n|-resisted|p1a: Reuniclus\n|-damage|p1a: Reuniclus|155/337\n|move|p1a: Reuniclus|Psychic|p2a: Arceus\n|-resisted|p2a: Arceus\n|-crit|p2a: Arceus\n|-damage|p2a: Arceus|0 fnt\n|faint|p2a: Arceus\n|\n|upkeep\n|\n|t:|1732958554\n|switch|p2a: Eiscue|Eiscue-Noice, L88, M|274/274\n|turn|31\n|\n|t:|1732958557\n|move|p2a: Eiscue|Belly Drum|p2a: Eiscue\n|-damage|p2a: Eiscue|137/274\n|-setboost|p2a: Eiscue|atk|6|[from] move: Belly Drum\n|-enditem|p2a: Eiscue|Sitrus Berry|[eat]\n|-heal|p2a: Eiscue|205/274|[from] item: Sitrus Berry\n|move|p1a: Reuniclus|Recover|p1a: Reuniclus\n|-heal|p1a: Reuniclus|324/337\n|\n|upkeep\n|turn|32\n|\n|t:|1732958563\n|move|p2a: Eiscue|Ice Spinner|p1a: Reuniclus\n|-damage|p1a: Reuniclus|0 fnt\n|faint|p1a: Reuniclus\n|\n|upkeep\n|\n|t:|1732958566\n|switch|p1a: Volcanion|Volcanion, L79|224/255\n|-damage|p1a: Volcanion|193/255|[from] Spikes\n|turn|33\n|\n|t:|1732958572\n|move|p2a: Eiscue|Ice Spinner|p1a: Volcanion\n|-resisted|p1a: Volcanion\n|-damage|p1a: Volcanion|126/255\n|move|p1a: Volcanion|Flamethrower|p2a: Eiscue\n|-supereffective|p2a: Eiscue\n|-crit|p2a: Eiscue\n|-damage|p2a: Eiscue|0 fnt\n|faint|p2a: Eiscue\n|\n|upkeep\n|\n|t:|1732958577\n|switch|p2a: Phione|Phione, L91|293/293\n|turn|34\n|\n|t:|1732958581\n|switch|p1a: Uxie|Uxie, L83|260/260\n|move|p2a: Phione|Take Heart|p2a: Phione\n|-boost|p2a: Phione|spa|1\n|-boost|p2a: Phione|spd|1\n|\n|upkeep\n|turn|35\n|\n|t:|1732958583\n|move|p1a: Uxie|Psychic Noise|p2a: Phione\n|-damage|p2a: Phione|247/293\n|-start|p2a: Phione|move: Heal Block\n|move|p2a: Phione|Scald|p1a: Uxie\n|-damage|p1a: Uxie|172/260\n|\n|-heal|p1a: Uxie|188/260|[from] item: Leftovers\n|upkeep\n|turn|36\n|\n|t:|1732958590\n|move|p1a: Uxie|Yawn|p2a: Phione\n|-start|p2a: Phione|move: Yawn|[of] p1a: Uxie\n|move|p2a: Phione|Scald|p1a: Uxie\n|-damage|p1a: Uxie|88/260\n|\n|-heal|p1a: Uxie|104/260|[from] item: Leftovers\n|-end|p2a: Phione|move: Heal Block\n|upkeep\n|turn|37\n|\n|t:|1732958597\n|move|p1a: Uxie|Psychic Noise|p2a: Phione\n|-damage|p2a: Phione|207/293\n|-start|p2a: Phione|move: Heal Block\n|move|p2a: Phione|Take Heart|p2a: Phione\n|-boost|p2a: Phione|spa|1\n|-boost|p2a: Phione|spd|1\n|\n|-heal|p1a: Uxie|120/260|[from] item: Leftovers\n|-end|p2a: Phione|move: Yawn|[silent]\n|-status|p2a: Phione|slp\n|upkeep\n|turn|38\n|\n|t:|1732958604\n|move|p1a: Uxie|Psychic Noise|p2a: Phione\n|-damage|p2a: Phione|177/293 slp\n|cant|p2a: Phione|slp\n|\n|-heal|p1a: Uxie|136/260|[from] item: Leftovers\n|-end|p2a: Phione|move: Heal Block\n|upkeep\n|turn|39\n|\n|t:|1732958615\n|move|p1a: Uxie|Stealth Rock|p2a: Phione\n|-sidestart|p2: jjk03|move: Stealth Rock\n|-curestatus|p2a: Phione|slp|[msg]\n|move|p2a: Phione|Scald|p1a: Uxie\n|-damage|p1a: Uxie|10/260\n|-status|p1a: Uxie|brn\n|\n|-heal|p1a: Uxie|26/260 brn|[from] item: Leftovers\n|-heal|p2a: Phione|195/293|[from] item: Leftovers\n|-damage|p1a: Uxie|10/260 brn|[from] brn\n|upkeep\n|turn|40\n|-message|starrism forfeited.\n|\n|win|jjk03\n|raw|starrism's rating: 1843 &rarr; <strong>1822</strong><br />(-21 for losing)\n|raw|jjk03's rating: 1828 &rarr; <strong>1849</strong><br />(+21 for winning)\n|l|\u2606starrism\n|player|p1|\n", "inputlog": ">version b107d77f5c90bd6555267ae244a6264823309ead\n>start {\"formatid\":\"gen9randombattle\",\"seed\":[13446,49036,23628,46358],\"rated\":\"Rated battle\"}\n>player p1 {\"name\":\"starrism\",\"avatar\":\"unknownf\",\"rating\":1843,\"seed\":[26897,46675,48491,13695]}\n>player p2 {\"name\":\"jjk03\",\"avatar\":\"cynthia-gen4\",\"rating\":1828,\"seed\":[9747,55211,822,11734]}\n>p1 move waterfall\n>p2 switch 3\n>p1 move dragondance terastallize\n>p2 move spikes\n>p1 move dragondance\n>p2 move foulplay terastallize\n>p1 move earthquake\n>p2 move foulplay\n>p2 switch 3\n>p1 move waterfall\n>p2 move icespinner\n>p1 switch 6\n>p1 move flamethrower\n>p2 switch 5\n>p1 move flamecharge\n>p2 move takeheart\n>p1 switch 5\n>p2 move takeheart\n>p1 move seedbomb\n>p2 move icebeam\n>p1 switch 3\n>p1 move poltergeist\n>p2 move scald\n>p1 move poltergeist\n>p2 move scald\n>p1 switch 2\n>p1 move calmmind\n>p2 move scald\n>p1 move recover\n>p2 move scald\n>p1 move recover\n>p2 move takeheart\n>p1 move calmmind\n>p2 move scald\n>p1 move recover\n>p2 move scald\n>p1 move calmmind\n>p2 switch 4\n>p1 move recover\n>p2 move payback\n>p1 move focusblast\n>p2 move earthquake\n>p2 switch 2\n>p1 move psychic\n>p2 move cosmicpower\n>p1 move calmmind\n>p2 move cosmicpower\n>p1 move recover\n>p2 move cosmicpower\n>p1 move calmmind\n>p2 move cosmicpower\n>p1 move calmmind\n>p2 move cosmicpower\n>p1 move psychic\n>p2 move cosmicpower\n>p1 move psychic\n>p2 move recover\n>p1 move psychic\n>p2 move recover\n>p1 move psychic\n>p2 move bodypress\n>p1 move psychic\n>p2 move recover\n>p1 move psychic\n>p2 move bodypress\n>p2 switch 5\n>p1 move recover\n>p2 move bellydrum\n>p1 move psychic\n>p2 move icespinner\n>p1 switch 5\n>p1 move flamethrower\n>p2 move icespinner\n>p2 switch 4\n>p1 switch 4\n>p2 move takeheart\n>p1 move psychicnoise\n>p2 move scald\n>p1 move yawn\n>p2 move scald\n>p1 move psychicnoise\n>p2 move takeheart\n>p1 move psychicnoise\n>p2 move scald\n>p1 move stealthrock\n>p2 move scald\n>forcelose p1", "uploadtime": 1732958627, "views": 2, "formatid": "gen9randombattle", "rating": 1822, "private": 0, "password": null}