{"id": "gen9randombattle-2254154530", "format": "[Gen 9] Random Battle", "players": ["Delta0199", "kakakapu"], "log": "|j|\u2606Delta0199\n|j|\u2606kakakapu\n|t:|1732997948\n|gametype|singles\n|player|p1|Delta0199|101|1211\n|player|p2|kakakapu|burglar|1223\n|teamsize|p1|6\n|teamsize|p2|6\n|gen|9\n|tier|[Gen 9] Random Battle\n|rated|\n|rule|Species Clause: Limit one of each Pok\u00e9mon\n|rule|HP Percentage Mod: HP is shown in percentages\n|rule|Sleep Clause Mod: Limit one foe put to sleep\n|rule|Illusion Level Mod: Illusion disguises the Pok\u00e9mon's true level\n|\n|t:|1732997948\n|start\n|switch|p1a: Alcremie|Alcremie-Caramel-Swirl, L90, F|263/263\n|switch|p2a: Floatzel|Floatzel, L85, M|283/283\n|turn|1\n|inactive|Battle timer is ON: inactive players will automatically lose when time's up. (requested by kakakapu)\n|\n|t:|1732997967\n|switch|p1a: Metagross|Metagross, L79|256/256\n|move|p2a: Floatzel|Bulk Up|p2a: Floatzel\n|-boost|p2a: Floatzel|atk|1\n|-boost|p2a: Floatzel|def|1\n|\n|upkeep\n|turn|2\n|c|\u2606Delta0199|Glhf\n|\n|t:|1732997980\n|move|p2a: Floatzel|Bulk Up|p2a: Floatzel\n|-boost|p2a: Floatzel|atk|1\n|-boost|p2a: Floatzel|def|1\n|move|p1a: Metagross|Heavy Slam|p2a: Floatzel\n|-resisted|p2a: Floatzel\n|-damage|p2a: Floatzel|235/283\n|\n|-heal|p2a: Floatzel|252/283|[from] item: Leftovers\n|upkeep\n|turn|3\n|\n|t:|1732997991\n|move|p2a: Floatzel|Bulk Up|p2a: Floatzel\n|-boost|p2a: Floatzel|atk|1\n|-boost|p2a: Floatzel|def|1\n|move|p1a: Metagross|Heavy Slam|p2a: Floatzel\n|-resisted|p2a: Floatzel\n|-damage|p2a: Floatzel|213/283\n|\n|-heal|p2a: Floatzel|230/283|[from] item: Leftovers\n|upkeep\n|turn|4\n|c|\u2606Delta0199|I'm cooked lol\n|\n|t:|1732998004\n|switch|p1a: Illumise|Illumise, L91, F|266/266\n|move|p2a: Floatzel|Bulk Up|p2a: Floatzel\n|-boost|p2a: Floatzel|atk|1\n|-boost|p2a: Floatzel|def|1\n|\n|-heal|p2a: Floatzel|247/283|[from] item: Leftovers\n|upkeep\n|turn|5\n|inactive|kakakapu has 120 seconds left.\n|\n|t:|1732998036\n|move|p1a: Illumise|Thunder Wave|p2a: Floatzel\n|-status|p2a: Floatzel|par\n|move|p2a: Floatzel|Ice Spinner|p1a: Illumise\n|-damage|p1a: Illumise|69/266\n|\n|-heal|p2a: Floatzel|264/283 par|[from] item: Leftovers\n|upkeep\n|turn|6\n|\n|t:|1732998045\n|move|p1a: Illumise|Encore|p2a: Floatzel\n|-start|p2a: Floatzel|Encore\n|move|p2a: Floatzel|Ice Spinner|p1a: Illumise\n|-damage|p1a: Illumise|0 fnt\n|faint|p1a: Illumise\n|\n|-heal|p2a: Floatzel|281/283 par|[from] item: Leftovers\n|upkeep\n|\n|t:|1732998058\n|switch|p1a: Iron Boulder|Iron Boulder, L77|265/265\n|-enditem|p1a: Iron Boulder|Booster Energy\n|-activate|p1a: Iron Boulder|ability: Quark Drive|[fromitem]\n|-start|p1a: Iron Boulder|quarkdrivespe\n|turn|7\n|\n|t:|1732998074\n|switch|p2a: Honchkrow|Honchkrow, L86, F|312/312\n|move|p1a: Iron Boulder|Swords Dance|p1a: Iron Boulder\n|-boost|p1a: Iron Boulder|atk|2\n|\n|upkeep\n|turn|8\n|inactive|kakakapu has 120 seconds left.\n|\n|t:|1732998090\n|-terastallize|p1a: Iron Boulder|Fighting\n|move|p2a: Honchkrow|Sucker Punch|p1a: Iron Boulder\n|-resisted|p1a: Iron Boulder\n|-damage|p1a: Iron Boulder|211/265\n|move|p1a: Iron Boulder|Mighty Cleave|p2a: Honchkrow\n|-supereffective|p2a: Honchkrow\n|-damage|p2a: Honchkrow|0 fnt\n|faint|p2a: Honchkrow\n|\n|upkeep\n|inactive|kakakapu has 120 seconds left.\n|\n|t:|1732998108\n|switch|p2a: Cresselia|Cresselia, L80, F|323/323\n|turn|9\n|\n|t:|1732998117\n|move|p1a: Iron Boulder|Mighty Cleave|p2a: Cresselia\n|-damage|p2a: Cresselia|143/323\n|move|p2a: Cresselia|Calm Mind|p2a: Cresselia\n|-boost|p2a: Cresselia|spa|1\n|-boost|p2a: Cresselia|spd|1\n|\n|-heal|p2a: Cresselia|163/323|[from] item: Leftovers\n|upkeep\n|turn|10\n|inactive|kakakapu has 120 seconds left.\n|\n|t:|1732998138\n|move|p1a: Iron Boulder|Mighty Cleave|p2a: Cresselia\n|-damage|p2a: Cresselia|0 fnt\n|faint|p2a: Cresselia\n|\n|upkeep\n|-message|kakakapu forfeited.\n|\n|win|Delta0199\n|raw|Delta0199's rating: 1211 &rarr; <strong>1237</strong><br />(+26 for winning)\n|raw|kakakapu's rating: 1223 &rarr; <strong>1197</strong><br />(-26 for losing)\n|l|\u2606kakakapu\n|player|p2|\n|c|\u2606Delta0199|Gg\n", "inputlog": ">version b107d77f5c90bd6555267ae244a6264823309ead\n>start {\"formatid\":\"gen9randombattle\",\"seed\":[61194,34344,7081,11737],\"rated\":\"Rated battle\"}\n>player p1 {\"name\":\"Delta0199\",\"avatar\":\"101\",\"rating\":1211,\"seed\":[8227,15124,40116,50127]}\n>player p2 {\"name\":\"kakakapu\",\"avatar\":\"burglar\",\"rating\":1223,\"seed\":[18461,45789,56871,18633]}\n>p1 switch 6\n>p2 move bulkup\n>chat \u2606Delta0199|Glhf\n>p1 move heavyslam\n>p2 move bulkup\n>p1 move heavyslam\n>p2 move bulkup\n>chat \u2606Delta0199|I'm cooked lol\n>p1 switch 3\n>p2 move bulkup\n>p1 move thunderwave\n>p2 move icespinner\n>p1 move encore\n>p2 move icespinner\n>p1 switch 5\n>p1 move swordsdance\n>p2 switch 3\n>p1 move mightycleave terastallize\n>p2 move suckerpunch\n>p2 switch 5\n>p1 move mightycleave\n>p2 move calmmind\n>p1 move mightycleave\n>p2 move moonblast\n>forcelose p2", "uploadtime": 1732998171, "views": 11, "formatid": "gen9randombattle", "rating": 1197, "private": 0, "password": null}