{"id": "gen9randombattle-2254069833", "format": "[Gen 9] Random Battle", "players": ["navi1604", "juan2912"], "log": "|j|\u2606navi1604\n|j|\u2606juan2912\n|t:|1732987470\n|gametype|singles\n|player|p1|navi1604|hugh|\n|player|p2|juan2912|hilbert-wonderlauncher|\n|teamsize|p1|6\n|teamsize|p2|6\n|gen|9\n|tier|[Gen 9] Random Battle\n|rule|Species Clause: Limit one of each Pok\u00e9mon\n|rule|HP Percentage Mod: HP is shown in percentages\n|rule|Sleep Clause Mod: Limit one foe put to sleep\n|rule|Illusion Level Mod: Illusion disguises the Pok\u00e9mon's true level\n|\n|t:|1732987470\n|start\n|switch|p1a: Palkia|Palkia-Origin, L72|249/249\n|switch|p2a: Squawkabilly|Squawkabilly-Yellow, L89, M|291/291\n|-ability|p1a: Palkia|Pressure\n|turn|1\n|\n|t:|1732987534\n|switch|p2a: Raichu|Raichu-Alola, L87, F|246/246\n|move|p1a: Palkia|Spacial Rend|p2a: Raichu\n|-damage|p2a: Raichu|108/246\n|\n|upkeep\n|turn|2\n|\n|t:|1732987554\n|move|p2a: Raichu|Thunderbolt|p1a: Palkia\n|-damage|p1a: Palkia|101/249\n|move|p1a: Palkia|Spacial Rend|p2a: Raichu\n|-damage|p2a: Raichu|0 fnt\n|faint|p2a: Raichu\n|\n|upkeep\n|\n|t:|1732987576\n|switch|p2a: Dragapult|Dragapult, L77, F|262/262\n|turn|3\n|\n|t:|1732987598\n|move|p2a: Dragapult|Hex|p1a: Palkia\n|-damage|p1a: Palkia|49/249\n|move|p1a: Palkia|Spacial Rend|p2a: Dragapult\n|-supereffective|p2a: Dragapult\n|-damage|p2a: Dragapult|0 fnt\n|faint|p2a: Dragapult\n|\n|upkeep\n|\n|t:|1732987612\n|switch|p2a: Squawkabilly|Squawkabilly-Yellow, L89, M|291/291\n|turn|4\n|\n|t:|1732987636\n|move|p2a: Squawkabilly|Quick Attack|p1a: Palkia\n|-damage|p1a: Palkia|0 fnt\n|faint|p1a: Palkia\n|\n|upkeep\n|\n|t:|1732987659\n|switch|p1a: Eelektross|Eelektross, L87, M|290/290\n|turn|5\n|\n|t:|1732987679\n|move|p2a: Squawkabilly|Quick Attack|p1a: Eelektross\n|-damage|p1a: Eelektross|175/290\n|move|p1a: Eelektross|Drain Punch|p2a: Squawkabilly\n|-damage|p2a: Squawkabilly|198/291\n|-heal|p1a: Eelektross|222/290|[from] drain|[of] p2a: Squawkabilly\n|\n|-heal|p1a: Eelektross|240/290|[from] item: Leftovers\n|upkeep\n|turn|6\n|\n|t:|1732987694\n|move|p2a: Squawkabilly|Quick Attack|p1a: Eelektross\n|-damage|p1a: Eelektross|137/290\n|move|p1a: Eelektross|Drain Punch|p2a: Squawkabilly\n|-damage|p2a: Squawkabilly|114/291\n|-heal|p1a: Eelektross|179/290|[from] drain|[of] p2a: Squawkabilly\n|\n|-heal|p1a: Eelektross|197/290|[from] item: Leftovers\n|upkeep\n|turn|7\n|\n|t:|1732987708\n|switch|p2a: Gholdengo|Gholdengo, L77|261/261\n|move|p1a: Eelektross|Drain Punch|p2a: Gholdengo\n|-immune|p2a: Gholdengo\n|\n|-heal|p1a: Eelektross|215/290|[from] item: Leftovers\n|upkeep\n|turn|8\n|\n|t:|1732987733\n|move|p2a: Gholdengo|Make It Rain|p1a: Eelektross\n|-resisted|p1a: Eelektross\n|-damage|p1a: Eelektross|138/290\n|-unboost|p2a: Gholdengo|spa|1\n|move|p1a: Eelektross|Knock Off|p2a: Gholdengo\n|-supereffective|p2a: Gholdengo\n|-damage|p2a: Gholdengo|83/261\n|-enditem|p2a: Gholdengo|Leftovers|[from] move: Knock Off|[of] p1a: Eelektross\n|\n|-heal|p1a: Eelektross|156/290|[from] item: Leftovers\n|upkeep\n|turn|9\n|\n|t:|1732987756\n|move|p2a: Gholdengo|Focus Blast|p1a: Eelektross\n|-damage|p1a: Eelektross|90/290\n|move|p1a: Eelektross|Knock Off|p2a: Gholdengo\n|-supereffective|p2a: Gholdengo\n|-damage|p2a: Gholdengo|0 fnt\n|faint|p2a: Gholdengo\n|\n|-heal|p1a: Eelektross|108/290|[from] item: Leftovers\n|upkeep\n|\n|t:|1732987775\n|switch|p2a: Cinderace|Cinderace, L77, M|249/249\n|turn|10\n|\n|t:|1732987787\n|move|p2a: Cinderace|Gunk Shot|p1a: Eelektross|[miss]\n|-start|p2a: Cinderace|typechange|Poison|[from] ability: Libero\n|-miss|p2a: Cinderace|p1a: Eelektross\n|move|p1a: Eelektross|Supercell Slam|p2a: Cinderace\n|-damage|p2a: Cinderace|83/249\n|\n|-heal|p1a: Eelektross|126/290|[from] item: Leftovers\n|upkeep\n|turn|11\n|\n|t:|1732987804\n|move|p2a: Cinderace|Gunk Shot|p1a: Eelektross|[miss]\n|-miss|p2a: Cinderace|p1a: Eelektross\n|move|p1a: Eelektross|Supercell Slam|p2a: Cinderace\n|-damage|p2a: Cinderace|0 fnt\n|faint|p2a: Cinderace\n|\n|-heal|p1a: Eelektross|144/290|[from] item: Leftovers\n|upkeep\n|-message|juan2912 forfeited.\n|\n|win|navi1604\n|l|\u2606juan2912\n|player|p2|\n", "inputlog": ">version b107d77f5c90bd6555267ae244a6264823309ead\n>start {\"formatid\":\"gen9randombattle\",\"seed\":[58467,60460,55219,10188]}\n>player p1 {\"name\":\"navi1604\",\"avatar\":\"hugh\",\"rating\":0,\"seed\":[64125,45979,44876,52312]}\n>player p2 {\"name\":\"juan2912\",\"avatar\":\"hilbert-wonderlauncher\",\"rating\":0,\"seed\":[3693,6663,35349,795]}\n>p1 move spacialrend\n>p2 switch 2\n>p1 move spacialrend\n>p2 move thunderbolt\n>p2 switch 3\n>p1 move spacialrend\n>p2 move hex\n>p2 switch 2\n>p1 move spacialrend\n>p2 move quickattack\n>p1 switch 3\n>p1 move drainpunch\n>p2 move quickattack\n>p1 move drainpunch\n>p2 move quickattack\n>p1 move drainpunch\n>p2 switch 4\n>p1 move knockoff\n>p2 move makeitrain\n>p1 move knockoff\n>p2 move focusblast\n>p2 switch 5\n>p1 move supercellslam\n>p2 move gunkshot\n>p1 move supercellslam\n>p2 move gunkshot\n>forcelose p2", "uploadtime": 1732987819, "views": 2, "formatid": "gen9randombattle", "rating": null, "private": 0, "password": null}