{"id": "gen9randombattle-2254062911", "format": "[Gen 9] Random Battle", "players": ["mnlz", "teisnwlsj"], "log": "|j|\u2606mnlz\n|j|\u2606teisnwlsj\n|t:|1732986594\n|gametype|singles\n|player|p1|mnlz|266|1066\n|player|p2|teisnwlsj|2|1062\n|teamsize|p1|6\n|teamsize|p2|6\n|gen|9\n|tier|[Gen 9] Random Battle\n|rated|\n|rule|Species Clause: Limit one of each Pok\u00e9mon\n|rule|HP Percentage Mod: HP is shown in percentages\n|rule|Sleep Clause Mod: Limit one foe put to sleep\n|rule|Illusion Level Mod: Illusion disguises the Pok\u00e9mon's true level\n|\n|t:|1732986594\n|start\n|switch|p1a: Shaymin|Shaymin-Sky, L73|266/266\n|switch|p2a: Charizard|Charizard, L85, M|271/271\n|turn|1\n|inactive|Battle timer is ON: inactive players will automatically lose when time's up. (requested by mnlz)\n|\n|t:|1732986616\n|switch|p1a: Bruxish|Bruxish, L85, M|254/254\n|move|p2a: Charizard|Will-O-Wisp|p1a: Bruxish|[miss]\n|-miss|p2a: Charizard|p1a: Bruxish\n|\n|upkeep\n|turn|2\n|\n|t:|1732986638\n|switch|p2a: Slaking|Slaking, L84, F|389/389\n|move|p1a: Bruxish|Wave Crash|p2a: Slaking\n|-damage|p2a: Slaking|216/389\n|-damage|p1a: Bruxish|197/254|[from] Recoil\n|-damage|p1a: Bruxish|172/254|[from] item: Life Orb\n|\n|upkeep\n|turn|3\n|\n|t:|1732986667\n|move|p2a: Slaking|Double-Edge|p1a: Bruxish\n|-damage|p1a: Bruxish|0 fnt\n|faint|p1a: Bruxish\n|-damage|p2a: Slaking|159/389|[from] Recoil\n|\n|upkeep\n|inactive|mnlz has 120 seconds left.\n|\n|t:|1732986678\n|switch|p1a: Cacturne|Cacturne, L92, F|278/278\n|turn|4\n|inactive|mnlz has 120 seconds left.\n|inactive|teisnwlsj has 120 seconds left.\n|\n|t:|1732986717\n|switch|p2a: Lokix|Lokix, L82, M|251/251\n|move|p1a: Cacturne|Knock Off|p2a: Lokix\n|-resisted|p2a: Lokix\n|-damage|p2a: Lokix|147/251\n|-enditem|p2a: Lokix|Silver Powder|[from] move: Knock Off|[of] p1a: Cacturne\n|-damage|p1a: Cacturne|251/278|[from] item: Life Orb\n|\n|upkeep\n|turn|5\n|inactive|mnlz has 120 seconds left.\n|\n|t:|1732986732\n|switch|p1a: Clefable|Clefable, L83, M|293/293\n|-terastallize|p2a: Lokix|Bug\n|move|p2a: Lokix|First Impression|p1a: Clefable\n|-resisted|p1a: Clefable\n|-damage|p1a: Clefable|135/293\n|\n|-heal|p1a: Clefable|153/293|[from] item: Leftovers\n|upkeep\n|turn|6\n|inactive|mnlz has 120 seconds left.\n|\n|t:|1732986749\n|move|p2a: Lokix|First Impression||[still]\n|-hint|First Impression only works on your first turn out.\n|-fail|p2a: Lokix\n|move|p1a: Clefable|Moonlight|p1a: Clefable\n|-heal|p1a: Clefable|293/293\n|\n|upkeep\n|turn|7\n|inactive|mnlz has 120 seconds left.\n|inactive|teisnwlsj has 90 seconds left.\n|\n|t:|1732986769\n|move|p2a: Lokix|First Impression||[still]\n|-hint|First Impression only works on your first turn out.\n|-fail|p2a: Lokix\n|move|p1a: Clefable|Calm Mind|p1a: Clefable\n|-boost|p1a: Clefable|spa|1\n|-boost|p1a: Clefable|spd|1\n|\n|upkeep\n|turn|8\n|\n|t:|1732986779\n|move|p2a: Lokix|First Impression||[still]\n|-hint|First Impression only works on your first turn out.\n|-fail|p2a: Lokix\n|move|p1a: Clefable|Calm Mind|p1a: Clefable\n|-boost|p1a: Clefable|spa|1\n|-boost|p1a: Clefable|spd|1\n|\n|upkeep\n|turn|9\n|\n|t:|1732986788\n|switch|p2a: Slaking|Slaking, L84, F|159/389\n|move|p1a: Clefable|Calm Mind|p1a: Clefable\n|-boost|p1a: Clefable|spa|1\n|-boost|p1a: Clefable|spd|1\n|\n|upkeep\n|turn|10\n|\n|t:|1732986796\n|move|p2a: Slaking|Giga Impact|p1a: Clefable\n|-damage|p1a: Clefable|0 fnt\n|-mustrecharge|p2a: Slaking\n|faint|p1a: Clefable\n|\n|upkeep\n|\n|t:|1732986803\n|switch|p1a: Shaymin|Shaymin-Sky, L73|266/266\n|turn|11\n|\n|t:|1732986808\n|move|p1a: Shaymin|Substitute|p1a: Shaymin\n|-start|p1a: Shaymin|Substitute\n|-damage|p1a: Shaymin|200/266\n|cant|p2a: Slaking|recharge\n|\n|-heal|p1a: Shaymin|216/266|[from] item: Leftovers\n|upkeep\n|turn|12\n|\n|t:|1732986818\n|switch|p2a: Charizard|Charizard, L85, M|271/271\n|move|p1a: Shaymin|Leech Seed|p2a: Charizard\n|-start|p2a: Charizard|move: Leech Seed\n|\n|-heal|p1a: Shaymin|232/266|[from] item: Leftovers\n|-damage|p2a: Charizard|238/271|[from] Leech Seed|[of] p1a: Shaymin\n|-heal|p1a: Shaymin|265/266|[silent]\n|upkeep\n|turn|13\n|\n|t:|1732986829\n|switch|p2a: Lokix|Lokix, L82, M, tera:Bug|147/251\n|move|p1a: Shaymin|Seed Flare|p2a: Lokix\n|-resisted|p2a: Lokix\n|-damage|p2a: Lokix|66/251\n|-unboost|p2a: Lokix|spd|2\n|\n|-heal|p1a: Shaymin|266/266|[from] item: Leftovers\n|upkeep\n|turn|14\n|\n|t:|1732986842\n|move|p2a: Lokix|Sucker Punch|p1a: Shaymin\n|-end|p1a: Shaymin|Substitute\n|move|p1a: Shaymin|Air Slash|p2a: Lokix\n|-supereffective|p2a: Lokix\n|-damage|p2a: Lokix|0 fnt\n|faint|p2a: Lokix\n|\n|upkeep\n|inactive|teisnwlsj has 120 seconds left.\n|\n|t:|1732986855\n|switch|p2a: Ditto|Ditto, L87|225/225\n|-transform|p2a: Ditto|p1a: Shaymin|[from] ability: Imposter\n|turn|15\n|\n|t:|1732986862\n|move|p2a: Ditto|Leech Seed|p1a: Shaymin\n|-immune|p1a: Shaymin\n|move|p1a: Shaymin|Substitute|p1a: Shaymin\n|-start|p1a: Shaymin|Substitute\n|-damage|p1a: Shaymin|200/266\n|\n|-heal|p1a: Shaymin|216/266|[from] item: Leftovers\n|upkeep\n|turn|16\n|\n|t:|1732986875\n|switch|p2a: Slaking|Slaking, L84, F|159/389\n|move|p1a: Shaymin|Air Slash|p2a: Slaking\n|-damage|p2a: Slaking|63/389\n|\n|-heal|p1a: Shaymin|232/266|[from] item: Leftovers\n|upkeep\n|turn|17\n|\n|t:|1732986889\n|switch|p2a: Charizard|Charizard, L85, M|238/271\n|move|p1a: Shaymin|Leech Seed|p2a: Charizard\n|-start|p2a: Charizard|move: Leech Seed\n|\n|-heal|p1a: Shaymin|248/266|[from] item: Leftovers\n|-damage|p2a: Charizard|205/271|[from] Leech Seed|[of] p1a: Shaymin\n|-heal|p1a: Shaymin|266/266|[silent]\n|upkeep\n|turn|18\n|\n|t:|1732986900\n|move|p1a: Shaymin|Seed Flare|p2a: Charizard\n|-resisted|p2a: Charizard\n|-damage|p2a: Charizard|175/271\n|-unboost|p2a: Charizard|spd|2\n|move|p2a: Charizard|Hurricane|p1a: Shaymin\n|-supereffective|p1a: Shaymin\n|-end|p1a: Shaymin|Substitute\n|\n|-damage|p2a: Charizard|142/271|[from] Leech Seed|[of] p1a: Shaymin\n|upkeep\n|turn|19\n|inactive|teisnwlsj has 120 seconds left.\n|\n|t:|1732986937\n|switch|p2a: Ditto|Ditto, L87|225/225\n|-transform|p2a: Ditto|p1a: Shaymin|[from] ability: Imposter\n|move|p1a: Shaymin|Substitute|p1a: Shaymin\n|-start|p1a: Shaymin|Substitute\n|-damage|p1a: Shaymin|200/266\n|\n|-heal|p1a: Shaymin|216/266|[from] item: Leftovers\n|upkeep\n|turn|20\n|\n|t:|1732986948\n|move|p2a: Ditto|Substitute|p2a: Ditto\n|-start|p2a: Ditto|Substitute\n|-damage|p2a: Ditto|169/225\n|move|p1a: Shaymin|Air Slash|p2a: Ditto\n|-supereffective|p2a: Ditto\n|-end|p2a: Ditto|Substitute\n|\n|-heal|p1a: Shaymin|232/266|[from] item: Leftovers\n|upkeep\n|turn|21\n|\n|t:|1732986958\n|move|p2a: Ditto|Substitute|p2a: Ditto\n|-start|p2a: Ditto|Substitute\n|-damage|p2a: Ditto|113/225\n|move|p1a: Shaymin|Air Slash|p2a: Ditto\n|-supereffective|p2a: Ditto\n|-end|p2a: Ditto|Substitute\n|\n|-heal|p1a: Shaymin|248/266|[from] item: Leftovers\n|upkeep\n|turn|22\n|\n|t:|1732986968\n|switch|p2a: Charizard|Charizard, L85, M|142/271\n|move|p1a: Shaymin|Air Slash|p2a: Charizard\n|-crit|p2a: Charizard\n|-damage|p2a: Charizard|27/271\n|\n|-heal|p1a: Shaymin|264/266|[from] item: Leftovers\n|upkeep\n|turn|23\n|\n|t:|1732986989\n|switch|p2a: Ditto|Ditto, L87|113/225\n|move|p1a: Shaymin|Air Slash|p2a: Ditto\n|-damage|p2a: Ditto|14/225\n|\n|-heal|p1a: Shaymin|266/266|[from] item: Leftovers\n|upkeep\n|turn|24\n|\n|t:|1732987001\n|move|p1a: Shaymin|Air Slash|p2a: Ditto\n|-damage|p2a: Ditto|0 fnt\n|faint|p2a: Ditto\n|\n|upkeep\n|\n|t:|1732987009\n|switch|p2a: Glastrier|Glastrier, L86|312/312\n|turn|25\n|\n|t:|1732987013\n|move|p1a: Shaymin|Leech Seed|p2a: Glastrier\n|-start|p2a: Glastrier|move: Leech Seed\n|move|p2a: Glastrier|Icicle Crash|p1a: Shaymin\n|-supereffective|p1a: Shaymin\n|-end|p1a: Shaymin|Substitute\n|\n|-damage|p2a: Glastrier|273/312|[from] Leech Seed|[of] p1a: Shaymin\n|upkeep\n|turn|26\n|\n|t:|1732987023\n|move|p1a: Shaymin|Substitute|p1a: Shaymin\n|-start|p1a: Shaymin|Substitute\n|-damage|p1a: Shaymin|200/266\n|move|p2a: Glastrier|Icicle Crash|p1a: Shaymin\n|-supereffective|p1a: Shaymin\n|-end|p1a: Shaymin|Substitute\n|\n|-heal|p1a: Shaymin|216/266|[from] item: Leftovers\n|-damage|p2a: Glastrier|234/312|[from] Leech Seed|[of] p1a: Shaymin\n|-heal|p1a: Shaymin|255/266|[silent]\n|upkeep\n|turn|27\n|inactive|teisnwlsj has 120 seconds left.\n|\n|t:|1732987035\n|switch|p2a: Charizard|Charizard, L85, M|27/271\n|move|p1a: Shaymin|Substitute|p1a: Shaymin\n|-start|p1a: Shaymin|Substitute\n|-damage|p1a: Shaymin|189/266\n|\n|-heal|p1a: Shaymin|205/266|[from] item: Leftovers\n|upkeep\n|turn|28\n|inactive|teisnwlsj has 120 seconds left.\n|\n|t:|1732987045\n|move|p1a: Shaymin|Air Slash|p2a: Charizard\n|-damage|p2a: Charizard|0 fnt\n|faint|p2a: Charizard\n|\n|-heal|p1a: Shaymin|221/266|[from] item: Leftovers\n|upkeep\n|-message|teisnwlsj forfeited.\n|\n|win|mnlz\n|raw|mnlz's rating: 1066 &rarr; <strong>1096</strong><br />(+30 for winning)\n|raw|teisnwlsj's rating: 1062 &rarr; <strong>1043</strong><br />(-19 for losing)\n|l|\u2606teisnwlsj\n|player|p2|\n", "inputlog": ">version b107d77f5c90bd6555267ae244a6264823309ead\n>start {\"formatid\":\"gen9randombattle\",\"seed\":[3169,50612,4875,852],\"rated\":\"Rated battle\"}\n>player p1 {\"name\":\"mnlz\",\"avatar\":\"266\",\"rating\":1066,\"seed\":[42946,15551,28043,40743]}\n>player p2 {\"name\":\"teisnwlsj\",\"avatar\":\"2\",\"rating\":1062,\"seed\":[49553,1990,1452,46729]}\n>p1 switch 5\n>p2 move willowisp\n>p1 move wavecrash\n>p2 switch 3\n>p1 move psychicfangs\n>p2 move doubleedge\n>p1 switch 6\n>p1 move knockoff\n>p2 switch 2\n>p1 switch 3\n>p2 move firstimpression terastallize\n>p1 move moonlight\n>p2 move firstimpression\n>p1 move calmmind\n>p2 move firstimpression\n>p1 move calmmind\n>p2 move firstimpression\n>p1 move calmmind\n>p2 switch 2\n>p1 move moonblast\n>p2 move gigaimpact\n>p1 switch 5\n>p1 move substitute\n>p2 move recharge\n>p1 move leechseed\n>p2 switch 3\n>p1 move seedflare\n>p2 switch 2\n>p1 move airslash\n>p2 move suckerpunch\n>p2 switch 4\n>p1 move substitute\n>p2 move leechseed\n>p1 move airslash\n>p2 switch 3\n>p1 move leechseed\n>p2 switch 2\n>p1 move seedflare\n>p2 move hurricane\n>p1 move substitute\n>p2 switch 3\n>p1 move airslash\n>p2 move substitute\n>p1 move airslash\n>p2 move substitute\n>p1 move airslash\n>p2 switch 3\n>p1 move airslash\n>p2 switch 3\n>p1 move airslash\n>p2 move transform\n>p2 switch 5\n>p1 move leechseed\n>p2 move iciclecrash\n>p1 move substitute\n>p2 move iciclecrash\n>p1 move substitute\n>p2 switch 3\n>p1 move airslash\n>p2 move flamethrower\n>forcelose p2", "uploadtime": 1732987056, "views": 9, "formatid": "gen9randombattle", "rating": 1043, "private": 0, "password": null}