{"id": "gen9randombattle-2253887163", "format": "[Gen 9] Random Battle", "players": ["asshiba", "marameow"], "log": "|j|\u2606asshiba\n|j|\u2606marameow\n|t:|1732956650\n|gametype|singles\n|player|p1|asshiba|266|1049\n|player|p2|marameow|ghetsis-gen5bw|1067\n|teamsize|p1|6\n|teamsize|p2|6\n|gen|9\n|tier|[Gen 9] Random Battle\n|rated|\n|rule|Species Clause: Limit one of each Pok\u00e9mon\n|rule|HP Percentage Mod: HP is shown in percentages\n|rule|Sleep Clause Mod: Limit one foe put to sleep\n|rule|Illusion Level Mod: Illusion disguises the Pok\u00e9mon's true level\n|\n|t:|1732956650\n|start\n|switch|p1a: Dunsparce|Dunsparce, L86, F|312/312\n|switch|p2a: Cresselia|Cresselia, L80, F|323/323\n|turn|1\n|inactive|Battle timer is ON: inactive players will automatically lose when time's up. (requested by marameow)\n|\n|t:|1732956677\n|switch|p2a: Sinistcha|Sinistcha-Masterpiece, L83|254/254\n|switch|p1a: Goodra|Goodra-Hisui, L82, F|265/265\n|\n|upkeep\n|turn|2\n|\n|t:|1732956686\n|move|p2a: Sinistcha|Calm Mind|p2a: Sinistcha\n|-boost|p2a: Sinistcha|spa|1\n|-boost|p2a: Sinistcha|spd|1\n|move|p1a: Goodra|Knock Off|p2a: Sinistcha\n|-supereffective|p2a: Sinistcha\n|-damage|p2a: Sinistcha|130/254\n|-enditem|p2a: Sinistcha|Leftovers|[from] move: Knock Off|[of] p1a: Goodra\n|\n|upkeep\n|turn|3\n|\n|t:|1732956700\n|move|p2a: Sinistcha|Matcha Gotcha|p1a: Goodra\n|-ability|p1a: Goodra|Sap Sipper|boost\n|-boost|p1a: Goodra|atk|1\n|move|p1a: Goodra|Knock Off|p2a: Sinistcha\n|-supereffective|p2a: Sinistcha\n|-damage|p2a: Sinistcha|14/254\n|\n|upkeep\n|turn|4\n|\n|t:|1732956709\n|move|p2a: Sinistcha|Shadow Ball|p1a: Goodra\n|-damage|p1a: Goodra|204/265\n|move|p1a: Goodra|Knock Off|p2a: Sinistcha\n|-supereffective|p2a: Sinistcha\n|-damage|p2a: Sinistcha|0 fnt\n|faint|p2a: Sinistcha\n|\n|upkeep\n|\n|t:|1732956737\n|switch|p2a: Emboar|Emboar, L84, F|322/322\n|turn|5\n|\n|t:|1732956751\n|move|p2a: Emboar|Bulk Up|p2a: Emboar\n|-boost|p2a: Emboar|atk|1\n|-boost|p2a: Emboar|def|1\n|move|p1a: Goodra|Earthquake|p2a: Emboar\n|-supereffective|p2a: Emboar\n|-damage|p2a: Emboar|142/322\n|\n|-heal|p2a: Emboar|162/322|[from] item: Leftovers\n|upkeep\n|turn|6\n|\n|t:|1732956760\n|move|p2a: Emboar|Drain Punch|p1a: Goodra\n|-supereffective|p1a: Goodra\n|-damage|p1a: Goodra|0 fnt\n|-heal|p2a: Emboar|264/322|[from] drain|[of] p1a: Goodra\n|faint|p1a: Goodra\n|\n|-heal|p2a: Emboar|284/322|[from] item: Leftovers\n|upkeep\n|\n|t:|1732956777\n|switch|p1a: Dunsparce|Dunsparce, L86, F|312/312\n|turn|7\n|inactive|marameow has 120 seconds left.\n|\n|t:|1732956820\n|-terastallize|p1a: Dunsparce|Ground\n|move|p2a: Emboar|Trailblaze|p1a: Dunsparce\n|-supereffective|p1a: Dunsparce\n|-damage|p1a: Dunsparce|212/312\n|-boost|p2a: Emboar|spe|1\n|move|p1a: Dunsparce|Earthquake|p2a: Emboar\n|-supereffective|p2a: Emboar\n|-damage|p2a: Emboar|132/322\n|\n|-heal|p2a: Emboar|152/322|[from] item: Leftovers\n|upkeep\n|turn|8\n|\n|t:|1732956833\n|-terastallize|p2a: Emboar|Grass\n|move|p2a: Emboar|Trailblaze|p1a: Dunsparce\n|-supereffective|p1a: Dunsparce\n|-damage|p1a: Dunsparce|50/312\n|-boost|p2a: Emboar|spe|1\n|move|p1a: Dunsparce|Earthquake|p2a: Emboar\n|-resisted|p2a: Emboar\n|-damage|p2a: Emboar|113/322\n|\n|-heal|p2a: Emboar|133/322|[from] item: Leftovers\n|upkeep\n|turn|9\n|\n|t:|1732956847\n|move|p2a: Emboar|Drain Punch|p1a: Dunsparce\n|-damage|p1a: Dunsparce|0 fnt\n|-heal|p2a: Emboar|158/322|[from] drain|[of] p1a: Dunsparce\n|faint|p1a: Dunsparce\n|\n|-heal|p2a: Emboar|178/322|[from] item: Leftovers\n|upkeep\n|\n|t:|1732956860\n|switch|p1a: Dodrio|Dodrio, L86, M|243/243\n|turn|10\n|inactive|marameow has 120 seconds left.\n|inactive|marameow has 90 seconds left.\n|inactive|marameow has 60 seconds left.\n|\n|t:|1732956942\n|move|p2a: Emboar|Flare Blitz|p1a: Dodrio\n|-damage|p1a: Dodrio|0 fnt\n|faint|p1a: Dodrio\n|-damage|p2a: Emboar|98/322|[from] Recoil\n|\n|-heal|p2a: Emboar|118/322|[from] item: Leftovers\n|upkeep\n|\n|t:|1732956951\n|switch|p1a: Minun|Minun, L95, F|268/268\n|turn|11\n|inactive|marameow has 60 seconds left.\n|\n|t:|1732956960\n|move|p2a: Emboar|Drain Punch|p1a: Minun\n|-damage|p1a: Minun|69/268\n|-heal|p2a: Emboar|218/322|[from] drain|[of] p1a: Minun\n|move|p1a: Minun|Alluring Voice|p2a: Emboar\n|-damage|p2a: Emboar|119/322\n|-damage|p1a: Minun|43/268|[from] item: Life Orb\n|\n|-heal|p2a: Emboar|139/322|[from] item: Leftovers\n|upkeep\n|turn|12\n|\n|t:|1732956974\n|move|p2a: Emboar|Drain Punch|p1a: Minun\n|-damage|p1a: Minun|0 fnt\n|-heal|p2a: Emboar|161/322|[from] drain|[of] p1a: Minun\n|faint|p1a: Minun\n|\n|-heal|p2a: Emboar|181/322|[from] item: Leftovers\n|upkeep\n|\n|t:|1732956984\n|switch|p1a: Dugtrio|Dugtrio-Alola, L84, M|196/196\n|turn|13\n|\n|t:|1732956991\n|move|p2a: Emboar|Drain Punch|p1a: Dugtrio\n|-supereffective|p1a: Dugtrio\n|-damage|p1a: Dugtrio|0 fnt\n|-heal|p2a: Emboar|279/322|[from] drain|[of] p1a: Dugtrio\n|-ability|p1a: Dugtrio|Tangling Hair\n|-unboost|p2a: Emboar|spe|1\n|faint|p1a: Dugtrio\n|\n|-heal|p2a: Emboar|299/322|[from] item: Leftovers\n|upkeep\n|\n|t:|1732957001\n|switch|p1a: Ogerpon|Ogerpon-Wellspring, L76, F|247/247\n|turn|14\n|\n|t:|1732957007\n|move|p2a: Emboar|Trailblaze|p1a: Ogerpon\n|-damage|p1a: Ogerpon|105/247\n|-boost|p2a: Emboar|spe|1\n|move|p1a: Ogerpon|Ivy Cudgel|p2a: Emboar|[anim] Ivy Cudgel Water\n|-resisted|p2a: Emboar\n|-crit|p2a: Emboar\n|-damage|p2a: Emboar|178/322\n|\n|-heal|p2a: Emboar|198/322|[from] item: Leftovers\n|upkeep\n|turn|15\n|\n|t:|1732957020\n|move|p2a: Emboar|Trailblaze|p1a: Ogerpon\n|-damage|p1a: Ogerpon|0 fnt\n|-boost|p2a: Emboar|spe|1\n|faint|p1a: Ogerpon\n|\n|win|marameow\n|raw|asshiba's rating: 1049 &rarr; <strong>1033</strong><br />(-16 for losing)\n|raw|marameow's rating: 1067 &rarr; <strong>1095</strong><br />(+28 for winning)\n", "inputlog": ">version b107d77f5c90bd6555267ae244a6264823309ead\n>start {\"formatid\":\"gen9randombattle\",\"seed\":[18690,25300,28496,18962],\"rated\":\"Rated battle\"}\n>player p1 {\"name\":\"asshiba\",\"avatar\":\"266\",\"rating\":1049,\"seed\":[54770,4116,46189,4664]}\n>player p2 {\"name\":\"marameow\",\"avatar\":\"ghetsis-gen5bw\",\"rating\":1067,\"seed\":[35252,50628,12729,59041]}\n>p1 switch 4\n>p2 switch 6\n>p1 move knockoff\n>p2 move calmmind\n>p1 move knockoff\n>p2 move matchagotcha\n>p1 move knockoff\n>p2 move shadowball\n>p2 switch 5\n>p1 move earthquake\n>p2 move bulkup\n>p1 move earthquake\n>p2 move drainpunch\n>p1 switch 4\n>p1 move earthquake terastallize\n>p2 move trailblaze\n>p1 move earthquake\n>p2 move trailblaze terastallize\n>p1 move roost\n>p2 move drainpunch\n>p1 switch 3\n>p1 move bravebird\n>p2 move flareblitz\n>p1 switch 2\n>p1 move alluringvoice\n>p2 move drainpunch\n>p1 move alluringvoice\n>p2 move drainpunch\n>p1 switch 5\n>p1 move earthquake\n>p2 move drainpunch\n>p1 switch 6\n>p1 move ivycudgel\n>p2 move trailblaze\n>p1 move ivycudgel\n>p2 move trailblaze", "uploadtime": 1732957020, "views": 2, "formatid": "gen9randombattle", "rating": 1033, "private": 0, "password": null}