{"id": "gen9randombattle-2254155332", "format": "[Gen 9] Random Battle", "players": ["miltonly6", "kaic_o123"], "log": "|j|\u2606miltonly6\n|j|\u2606kaic_o123\n|t:|1732998044\n|gametype|singles\n|player|p1|miltonly6|eusine|1048\n|player|p2|kaic_o123|pokemonranger-gen4|1022\n|teamsize|p1|6\n|teamsize|p2|6\n|gen|9\n|tier|[Gen 9] Random Battle\n|rated|\n|rule|Species Clause: Limit one of each Pok\u00e9mon\n|rule|HP Percentage Mod: HP is shown in percentages\n|rule|Sleep Clause Mod: Limit one foe put to sleep\n|rule|Illusion Level Mod: Illusion disguises the Pok\u00e9mon's true level\n|\n|t:|1732998044\n|start\n|switch|p1a: Glalie|Glalie, L96, F|309/309\n|switch|p2a: Regice|Regice, L88|284/284\n|turn|1\n|\n|t:|1732998061\n|move|p1a: Glalie|Spikes|p2a: Regice\n|-sidestart|p2: kaic_o123|Spikes\n|move|p2a: Regice|Thunderbolt|p1a: Glalie\n|-damage|p1a: Glalie|241/309\n|\n|upkeep\n|turn|2\n|\n|t:|1732998070\n|move|p1a: Glalie|Spikes|p2a: Regice\n|-sidestart|p2: kaic_o123|Spikes\n|move|p2a: Regice|Thunderbolt|p1a: Glalie\n|-damage|p1a: Glalie|176/309\n|\n|upkeep\n|turn|3\n|\n|t:|1732998093\n|switch|p2a: Tinkaton|Tinkaton, L82, F|274/274\n|-damage|p2a: Tinkaton|229/274|[from] Spikes\n|-ability|p2a: Tinkaton|Mold Breaker\n|move|p1a: Glalie|Spikes|p2a: Tinkaton\n|-sidestart|p2: kaic_o123|Spikes\n|\n|-heal|p2a: Tinkaton|246/274|[from] item: Leftovers\n|upkeep\n|turn|4\n|\n|t:|1732998102\n|move|p1a: Glalie|Earthquake|p2a: Tinkaton\n|-supereffective|p2a: Tinkaton\n|-damage|p2a: Tinkaton|58/274\n|move|p2a: Tinkaton|Encore|p1a: Glalie\n|-start|p1a: Glalie|Encore\n|\n|-heal|p2a: Tinkaton|75/274|[from] item: Leftovers\n|upkeep\n|turn|5\n|\n|t:|1732998112\n|move|p1a: Glalie|Earthquake|p2a: Tinkaton\n|-supereffective|p2a: Tinkaton\n|-damage|p2a: Tinkaton|0 fnt\n|faint|p2a: Tinkaton\n|\n|upkeep\n|\n|t:|1732998130\n|switch|p2a: Lilligant|Lilligant-Hisui, L79, F|240/240\n|-damage|p2a: Lilligant|180/240|[from] Spikes\n|turn|6\n|\n|t:|1732998136\n|move|p2a: Lilligant|Victory Dance|p2a: Lilligant\n|-boost|p2a: Lilligant|atk|1\n|-boost|p2a: Lilligant|def|1\n|-boost|p2a: Lilligant|spe|1\n|move|p1a: Glalie|Earthquake|p2a: Lilligant\n|-resisted|p2a: Lilligant\n|-damage|p2a: Lilligant|148/240\n|\n|upkeep\n|turn|7\n|\n|t:|1732998144\n|move|p2a: Lilligant|Victory Dance|p2a: Lilligant\n|-boost|p2a: Lilligant|atk|1\n|-boost|p2a: Lilligant|def|1\n|-boost|p2a: Lilligant|spe|1\n|move|p1a: Glalie|Earthquake|p2a: Lilligant\n|-resisted|p2a: Lilligant\n|-damage|p2a: Lilligant|123/240\n|\n|-end|p1a: Glalie|Encore\n|upkeep\n|turn|8\n|\n|t:|1732998155\n|move|p2a: Lilligant|Ice Spinner|p1a: Glalie|[miss]\n|-miss|p2a: Lilligant|p1a: Glalie\n|move|p1a: Glalie|Freeze-Dry|p2a: Lilligant\n|-supereffective|p2a: Lilligant\n|-damage|p2a: Lilligant|0 fnt\n|faint|p2a: Lilligant\n|\n|upkeep\n|-message|kaic_o123 forfeited.\n|\n|win|miltonly6\n|raw|miltonly6's rating: 1048 &rarr; <strong>1078</strong><br />(+30 for winning)\n|raw|kaic_o123's rating: 1022 &rarr; <strong>1010</strong><br />(-12 for losing)\n|l|\u2606kaic_o123\n|player|p2|\n", "inputlog": ">version b107d77f5c90bd6555267ae244a6264823309ead\n>start {\"formatid\":\"gen9randombattle\",\"seed\":[46665,54689,25892,6047],\"rated\":\"Rated battle\"}\n>player p1 {\"name\":\"miltonly6\",\"avatar\":\"eusine\",\"rating\":1048,\"seed\":[3802,53705,46050,27457]}\n>player p2 {\"name\":\"kaic_o123\",\"avatar\":\"pokemonranger-gen4\",\"rating\":1022,\"seed\":[17743,49395,64937,37435]}\n>p1 move spikes\n>p2 move thunderbolt\n>p1 move spikes\n>p2 move thunderbolt\n>p1 move spikes\n>p2 switch 3\n>p1 move earthquake\n>p2 move encore\n>p1 move earthquake\n>p2 move gigatonhammer\n>p2 switch 4\n>p1 move earthquake\n>p2 move victorydance\n>p1 move earthquake\n>p2 move victorydance\n>p1 move freezedry\n>p2 move icespinner\n>forcelose p2", "uploadtime": 1732998169, "views": 1, "formatid": "gen9randombattle", "rating": 1010, "private": 0, "password": null}