{"id": "gen9randombattle-2254179809", "format": "[Gen 9] Random Battle", "players": ["KubiKubomi", "alolal2"], "log": "|j|\u2606KubiKubomi\n|j|\u2606alolal2\n|t:|1733001106\n|gametype|singles\n|player|p1|KubiKubomi|cress|1501\n|player|p2|alolal2|101|1519\n|teamsize|p1|6\n|teamsize|p2|6\n|gen|9\n|tier|[Gen 9] Random Battle\n|rated|\n|rule|Species Clause: Limit one of each Pok\u00e9mon\n|rule|HP Percentage Mod: HP is shown in percentages\n|rule|Sleep Clause Mod: Limit one foe put to sleep\n|rule|Illusion Level Mod: Illusion disguises the Pok\u00e9mon's true level\n|\n|t:|1733001106\n|start\n|switch|p1a: Tauros|Tauros-Paldea-Blaze, L81, M|254/254\n|switch|p2a: Emboar|Emboar, L84, F|322/322\n|-ability|p1a: Tauros|Intimidate|boost\n|-unboost|p2a: Emboar|atk|1\n|turn|1\n|inactive|Battle timer is ON: inactive players will automatically lose when time's up. (requested by alolal2)\n|\n|t:|1733001122\n|switch|p1a: Vigoroth|Vigoroth, L85, M|275/275\n|move|p2a: Emboar|Bulk Up|p2a: Emboar\n|-boost|p2a: Emboar|atk|1\n|-boost|p2a: Emboar|def|1\n|\n|upkeep\n|turn|2\n|\n|t:|1733001130\n|move|p1a: Vigoroth|Bulk Up|p1a: Vigoroth\n|-boost|p1a: Vigoroth|atk|1\n|-boost|p1a: Vigoroth|def|1\n|move|p2a: Emboar|Trailblaze|p1a: Vigoroth\n|-damage|p1a: Vigoroth|254/275\n|-boost|p2a: Emboar|spe|1\n|\n|upkeep\n|turn|3\n|\n|t:|1733001140\n|move|p2a: Emboar|Bulk Up|p2a: Emboar\n|-boost|p2a: Emboar|atk|1\n|-boost|p2a: Emboar|def|1\n|move|p1a: Vigoroth|Bulk Up|p1a: Vigoroth\n|-boost|p1a: Vigoroth|atk|1\n|-boost|p1a: Vigoroth|def|1\n|\n|upkeep\n|turn|4\n|\n|t:|1733001148\n|move|p2a: Emboar|Bulk Up|p2a: Emboar\n|-boost|p2a: Emboar|atk|1\n|-boost|p2a: Emboar|def|1\n|move|p1a: Vigoroth|Bulk Up|p1a: Vigoroth\n|-boost|p1a: Vigoroth|atk|1\n|-boost|p1a: Vigoroth|def|1\n|\n|upkeep\n|turn|5\n|\n|t:|1733001156\n|move|p2a: Emboar|Drain Punch|p1a: Vigoroth\n|-supereffective|p1a: Vigoroth\n|-damage|p1a: Vigoroth|150/275\n|move|p1a: Vigoroth|Bulk Up|p1a: Vigoroth\n|-boost|p1a: Vigoroth|atk|1\n|-boost|p1a: Vigoroth|def|1\n|\n|upkeep\n|turn|6\n|\n|t:|1733001165\n|move|p2a: Emboar|Bulk Up|p2a: Emboar\n|-boost|p2a: Emboar|atk|1\n|-boost|p2a: Emboar|def|1\n|move|p1a: Vigoroth|Slack Off|p1a: Vigoroth\n|-heal|p1a: Vigoroth|275/275\n|\n|upkeep\n|turn|7\n|\n|t:|1733001174\n|-terastallize|p1a: Vigoroth|Ghost\n|move|p2a: Emboar|Drain Punch|p1a: Vigoroth\n|-immune|p1a: Vigoroth\n|move|p1a: Vigoroth|Bulk Up|p1a: Vigoroth\n|-boost|p1a: Vigoroth|atk|1\n|-boost|p1a: Vigoroth|def|1\n|\n|upkeep\n|turn|8\n|\n|t:|1733001184\n|move|p2a: Emboar|Flare Blitz|p1a: Vigoroth\n|-damage|p1a: Vigoroth|178/275\n|-damage|p2a: Emboar|290/322|[from] Recoil\n|move|p1a: Vigoroth|Bulk Up|p1a: Vigoroth\n|-boost|p1a: Vigoroth|atk|1\n|-boost|p1a: Vigoroth|def|1\n|\n|-heal|p2a: Emboar|310/322|[from] item: Leftovers\n|upkeep\n|turn|9\n|\n|t:|1733001200\n|switch|p2a: Iron Bundle|Iron Bundle, L77|213/213\n|move|p1a: Vigoroth|Slack Off|p1a: Vigoroth\n|-heal|p1a: Vigoroth|275/275\n|\n|upkeep\n|turn|10\n|\n|t:|1733001209\n|move|p2a: Iron Bundle|Encore|p1a: Vigoroth\n|-start|p1a: Vigoroth|Encore\n|move|p1a: Vigoroth|Slack Off||[still]\n|-fail|p1a: Vigoroth|heal\n|\n|upkeep\n|turn|11\n|\n|t:|1733001217\n|switch|p1a: Torkoal|Torkoal, L88, M|266/266\n|-weather|SunnyDay|[from] ability: Drought|[of] p1a: Torkoal\n|move|p2a: Iron Bundle|Ice Beam|p1a: Torkoal\n|-resisted|p1a: Torkoal\n|-damage|p1a: Torkoal|212/266\n|\n|-weather|SunnyDay|[upkeep]\n|upkeep\n|turn|12\n|\n|t:|1733001228\n|-end|p2a: Iron Bundle|Quark Drive|[silent]\n|switch|p2a: Emboar|Emboar, L84, F|310/322\n|move|p1a: Torkoal|Yawn|p2a: Emboar\n|-start|p2a: Emboar|move: Yawn|[of] p1a: Torkoal\n|\n|-weather|SunnyDay|[upkeep]\n|-heal|p2a: Emboar|322/322|[from] item: Leftovers\n|upkeep\n|turn|13\n|\n|t:|1733001237\n|move|p2a: Emboar|Trailblaze|p1a: Torkoal\n|-resisted|p1a: Torkoal\n|-damage|p1a: Torkoal|196/266\n|-boost|p2a: Emboar|spe|1\n|move|p1a: Torkoal|Stealth Rock|p2a: Emboar\n|-sidestart|p2: alolal2|move: Stealth Rock\n|\n|-weather|SunnyDay|[upkeep]\n|-end|p2a: Emboar|move: Yawn|[silent]\n|-status|p2a: Emboar|slp\n|upkeep\n|turn|14\n|\n|t:|1733001253\n|switch|p1a: Iron Jugulis|Iron Jugulis, L78|275/275\n|cant|p2a: Emboar|slp\n|\n|-weather|SunnyDay|[upkeep]\n|upkeep\n|turn|15\n|\n|t:|1733001260\n|switch|p2a: Clefable|Clefable, L83, M|293/293\n|move|p1a: Iron Jugulis|Earth Power|p2a: Clefable\n|-damage|p2a: Clefable|198/293\n|\n|-weather|none\n|upkeep\n|turn|16\n|\n|t:|1733001272\n|-end|p1a: Iron Jugulis|Quark Drive|[silent]\n|switch|p1a: Torkoal|Torkoal, L88, M|196/266\n|-weather|SunnyDay|[from] ability: Drought|[of] p1a: Torkoal\n|move|p2a: Clefable|Thunder Wave|p1a: Torkoal\n|-status|p1a: Torkoal|par\n|\n|-weather|SunnyDay|[upkeep]\n|upkeep\n|turn|17\n|\n|t:|1733001284\n|switch|p2a: Emboar|Emboar, L84, F|322/322 slp\n|-damage|p2a: Emboar|282/322 slp|[from] Stealth Rock\n|move|p1a: Torkoal|Lava Plume|p2a: Emboar\n|-resisted|p2a: Emboar\n|-damage|p2a: Emboar|196/322 slp\n|\n|-weather|SunnyDay|[upkeep]\n|-heal|p2a: Emboar|216/322 slp|[from] item: Leftovers\n|upkeep\n|turn|18\n|\n|t:|1733001295\n|cant|p2a: Emboar|slp\n|move|p1a: Torkoal|Lava Plume|p2a: Emboar\n|-resisted|p2a: Emboar\n|-damage|p2a: Emboar|144/322 slp\n|\n|-weather|SunnyDay|[upkeep]\n|-heal|p2a: Emboar|164/322 slp|[from] item: Leftovers\n|upkeep\n|turn|19\n|\n|t:|1733001317\n|-curestatus|p2a: Emboar|slp|[msg]\n|move|p2a: Emboar|Trailblaze|p1a: Torkoal\n|-resisted|p1a: Torkoal\n|-damage|p1a: Torkoal|182/266 par\n|-boost|p2a: Emboar|spe|1\n|move|p1a: Torkoal|Lava Plume|p2a: Emboar\n|-resisted|p2a: Emboar\n|-crit|p2a: Emboar\n|-damage|p2a: Emboar|47/322\n|\n|-weather|SunnyDay|[upkeep]\n|-heal|p2a: Emboar|67/322|[from] item: Leftovers\n|upkeep\n|turn|20\n|\n|t:|1733001330\n|move|p2a: Emboar|Drain Punch|p1a: Torkoal\n|-damage|p1a: Torkoal|112/266 par\n|-heal|p2a: Emboar|102/322|[from] drain|[of] p1a: Torkoal\n|move|p1a: Torkoal|Lava Plume|p2a: Emboar\n|-resisted|p2a: Emboar\n|-damage|p2a: Emboar|25/322\n|\n|-weather|none\n|-heal|p2a: Emboar|45/322|[from] item: Leftovers\n|upkeep\n|turn|21\n|\n|t:|1733001341\n|move|p2a: Emboar|Drain Punch|p1a: Torkoal\n|-damage|p1a: Torkoal|43/266 par\n|-heal|p2a: Emboar|80/322|[from] drain|[of] p1a: Torkoal\n|move|p1a: Torkoal|Yawn|p2a: Emboar\n|-start|p2a: Emboar|move: Yawn|[of] p1a: Torkoal\n|\n|-heal|p2a: Emboar|100/322|[from] item: Leftovers\n|upkeep\n|turn|22\n|\n|t:|1733001351\n|move|p2a: Emboar|Drain Punch|p1a: Torkoal\n|-damage|p1a: Torkoal|0 fnt\n|-heal|p2a: Emboar|122/322|[from] drain|[of] p1a: Torkoal\n|faint|p1a: Torkoal\n|\n|-heal|p2a: Emboar|142/322|[from] item: Leftovers\n|-end|p2a: Emboar|move: Yawn|[silent]\n|-status|p2a: Emboar|slp\n|upkeep\n|\n|t:|1733001360\n|switch|p1a: Vigoroth|Vigoroth, L85, M, tera:Ghost|275/275\n|turn|23\n|\n|t:|1733001367\n|switch|p2a: Iron Bundle|Iron Bundle, L77|213/213\n|move|p1a: Vigoroth|Bulk Up|p1a: Vigoroth\n|-boost|p1a: Vigoroth|atk|1\n|-boost|p1a: Vigoroth|def|1\n|\n|upkeep\n|turn|24\n|\n|t:|1733001375\n|switch|p1a: Archaludon|Archaludon, L78, M|268/268\n|move|p2a: Iron Bundle|Encore||[still]\n|-fail|p2a: Iron Bundle\n|\n|upkeep\n|turn|25\n|\n|t:|1733001385\n|-end|p2a: Iron Bundle|Quark Drive|[silent]\n|switch|p2a: Emboar|Emboar, L84, F|142/322 slp\n|-damage|p2a: Emboar|102/322 slp|[from] Stealth Rock\n|move|p1a: Archaludon|Thunderbolt|p2a: Emboar\n|-damage|p2a: Emboar|24/322 slp\n|\n|-heal|p2a: Emboar|44/322 slp|[from] item: Leftovers\n|upkeep\n|turn|26\n|\n|t:|1733001397\n|move|p1a: Archaludon|Body Press|p2a: Emboar\n|-damage|p2a: Emboar|0 fnt\n|faint|p2a: Emboar\n|\n|upkeep\n|\n|t:|1733001416\n|switch|p2a: Serperior|Serperior, L79, M|248/248\n|-damage|p2a: Serperior|217/248|[from] Stealth Rock\n|turn|27\n|\n|t:|1733001429\n|move|p2a: Serperior|Substitute|p2a: Serperior\n|-start|p2a: Serperior|Substitute\n|-damage|p2a: Serperior|155/248\n|move|p1a: Archaludon|Body Press|p2a: Serperior\n|-activate|p2a: Serperior|move: Substitute|[damage]\n|\n|-heal|p2a: Serperior|170/248|[from] item: Leftovers\n|upkeep\n|turn|28\n|\n|t:|1733001437\n|move|p2a: Serperior|Leech Seed|p1a: Archaludon\n|-start|p1a: Archaludon|move: Leech Seed\n|move|p1a: Archaludon|Flash Cannon|p2a: Serperior\n|-end|p2a: Serperior|Substitute\n|\n|-heal|p2a: Serperior|185/248|[from] item: Leftovers\n|-damage|p1a: Archaludon|235/268|[from] Leech Seed|[of] p2a: Serperior\n|-heal|p2a: Serperior|218/248|[silent]\n|upkeep\n|turn|29\n|\n|t:|1733001453\n|switch|p1a: Garchomp|Garchomp, L74, F|282/282\n|move|p2a: Serperior|Substitute|p2a: Serperior\n|-start|p2a: Serperior|Substitute\n|-damage|p2a: Serperior|156/248\n|\n|-heal|p2a: Serperior|171/248|[from] item: Leftovers\n|upkeep\n|turn|30\n|\n|t:|1733001465\n|move|p2a: Serperior|Leaf Storm|p1a: Garchomp\n|-damage|p1a: Garchomp|164/282\n|-boost|p2a: Serperior|spa|2\n|move|p1a: Garchomp|Outrage|p2a: Serperior\n|-end|p2a: Serperior|Substitute\n|\n|-heal|p2a: Serperior|186/248|[from] item: Leftovers\n|upkeep\n|turn|31\n|\n|t:|1733001476\n|move|p2a: Serperior|Leaf Storm|p1a: Garchomp|[miss]\n|-miss|p2a: Serperior|p1a: Garchomp\n|move|p1a: Garchomp|Outrage|p2a: Serperior|[from]lockedmove\n|-damage|p2a: Serperior|60/248\n|\n|-heal|p2a: Serperior|75/248|[from] item: Leftovers\n|upkeep\n|turn|32\n|\n|t:|1733001487\n|move|p2a: Serperior|Leaf Storm|p1a: Garchomp\n|-damage|p1a: Garchomp|0 fnt\n|-boost|p2a: Serperior|spa|2\n|faint|p1a: Garchomp\n|\n|-heal|p2a: Serperior|90/248|[from] item: Leftovers\n|upkeep\n|\n|t:|1733001503\n|switch|p1a: Tauros|Tauros-Paldea-Blaze, L81, M|254/254\n|-ability|p1a: Tauros|Intimidate|boost\n|-boost|p2a: Serperior|atk|1\n|turn|33\n|\n|t:|1733001518\n|move|p2a: Serperior|Leaf Storm|p1a: Tauros\n|-resisted|p1a: Tauros\n|-damage|p1a: Tauros|76/254\n|-boost|p2a: Serperior|spa|2\n|move|p1a: Tauros|Flare Blitz|p2a: Serperior\n|-supereffective|p2a: Serperior\n|-damage|p2a: Serperior|0 fnt\n|faint|p2a: Serperior\n|-damage|p1a: Tauros|46/254|[from] Recoil\n|\n|upkeep\n|\n|t:|1733001541\n|switch|p2a: Iron Bundle|Iron Bundle, L77|213/213\n|turn|34\n|\n|t:|1733001548\n|switch|p1a: Archaludon|Archaludon, L78, M|235/268\n|move|p2a: Iron Bundle|Hydro Pump|p1a: Archaludon\n|-resisted|p1a: Archaludon\n|-damage|p1a: Archaludon|181/268\n|-ability|p1a: Archaludon|Stamina|boost\n|-boost|p1a: Archaludon|def|1\n|\n|upkeep\n|turn|35\n|\n|t:|1733001561\n|-terastallize|p2a: Iron Bundle|Water\n|move|p2a: Iron Bundle|Ice Beam|p1a: Archaludon\n|-crit|p1a: Archaludon\n|-damage|p1a: Archaludon|60/268\n|-ability|p1a: Archaludon|Stamina|boost\n|-boost|p1a: Archaludon|def|1\n|move|p1a: Archaludon|Body Press|p2a: Iron Bundle\n|-crit|p2a: Iron Bundle\n|-damage|p2a: Iron Bundle|36/213\n|\n|upkeep\n|turn|36\n|\n|t:|1733001573\n|move|p2a: Iron Bundle|Ice Beam|p1a: Archaludon\n|-damage|p1a: Archaludon|0 fnt\n|faint|p1a: Archaludon\n|\n|upkeep\n|\n|t:|1733001579\n|switch|p1a: Vigoroth|Vigoroth, L85, M, tera:Ghost|275/275\n|turn|37\n|\n|t:|1733001586\n|move|p2a: Iron Bundle|Hydro Pump|p1a: Vigoroth|[miss]\n|-miss|p2a: Iron Bundle|p1a: Vigoroth\n|move|p1a: Vigoroth|Knock Off|p2a: Iron Bundle\n|-damage|p2a: Iron Bundle|0 fnt\n|-enditem|p2a: Iron Bundle|Heavy-Duty Boots|[from] move: Knock Off|[of] p1a: Vigoroth\n|faint|p2a: Iron Bundle\n|-end|p2a: Iron Bundle|Quark Drive|[silent]\n|\n|upkeep\n|\n|t:|1733001590\n|switch|p2a: Clefable|Clefable, L83, M|198/293\n|turn|38\n|\n|t:|1733001603\n|move|p1a: Vigoroth|Body Slam|p2a: Clefable\n|-damage|p2a: Clefable|110/293\n|move|p2a: Clefable|Thunder Wave|p1a: Vigoroth\n|-status|p1a: Vigoroth|par\n|\n|upkeep\n|turn|39\n|\n|t:|1733001610\n|move|p2a: Clefable|Moonblast|p1a: Vigoroth\n|-damage|p1a: Vigoroth|165/275 par\n|move|p1a: Vigoroth|Body Slam|p2a: Clefable\n|-damage|p2a: Clefable|25/293\n|\n|upkeep\n|turn|40\n|\n|t:|1733001618\n|move|p2a: Clefable|Moonblast|p1a: Vigoroth\n|-damage|p1a: Vigoroth|51/275 par\n|cant|p1a: Vigoroth|par\n|\n|upkeep\n|turn|41\n|\n|t:|1733001623\n|move|p2a: Clefable|Moonblast|p1a: Vigoroth\n|-damage|p1a: Vigoroth|0 fnt\n|faint|p1a: Vigoroth\n|\n|upkeep\n|\n|t:|1733001634\n|switch|p1a: Tauros|Tauros-Paldea-Blaze, L81, M|46/254\n|-ability|p1a: Tauros|Intimidate|boost\n|-unboost|p2a: Clefable|atk|1\n|turn|42\n|\n|t:|1733001640\n|move|p1a: Tauros|Flare Blitz|p2a: Clefable\n|-damage|p2a: Clefable|0 fnt\n|faint|p2a: Clefable\n|-damage|p1a: Tauros|38/254|[from] Recoil\n|\n|upkeep\n|\n|t:|1733001651\n|switch|p2a: Klawf|Klawf, L90, F|272/272\n|-damage|p2a: Klawf|238/272|[from] Stealth Rock\n|turn|43\n|\n|t:|1733001657\n|move|p1a: Tauros|Flare Blitz|p2a: Klawf\n|-resisted|p2a: Klawf\n|-damage|p2a: Klawf|166/272\n|-damage|p1a: Tauros|14/254|[from] Recoil\n|move|p2a: Klawf|Knock Off|p1a: Tauros\n|-resisted|p1a: Tauros\n|-damage|p1a: Tauros|0 fnt\n|-enditem|p1a: Tauros|Choice Band|[from] move: Knock Off|[of] p2a: Klawf\n|faint|p1a: Tauros\n|-damage|p2a: Klawf|139/272|[from] item: Life Orb\n|\n|upkeep\n|\n|t:|1733001669\n|switch|p1a: Iron Jugulis|Iron Jugulis, L78|275/275\n|turn|44\n|\n|t:|1733001674\n|move|p1a: Iron Jugulis|Earth Power|p2a: Klawf\n|-supereffective|p2a: Klawf\n|-damage|p2a: Klawf|0 fnt\n|faint|p2a: Klawf\n|\n|upkeep\n|\n|t:|1733001678\n|switch|p2a: Duraludon|Duraludon, L82, M|249/249\n|-damage|p2a: Duraludon|234/249|[from] Stealth Rock\n|turn|45\n|\n|t:|1733001683\n|move|p1a: Iron Jugulis|Earth Power|p2a: Duraludon\n|-supereffective|p2a: Duraludon\n|-damage|p2a: Duraludon|28/249\n|move|p2a: Duraludon|Draco Meteor|p1a: Iron Jugulis\n|-damage|p1a: Iron Jugulis|83/275\n|-unboost|p2a: Duraludon|spa|2\n|\n|upkeep\n|turn|46\n|\n|t:|1733001693\n|move|p1a: Iron Jugulis|Earth Power|p2a: Duraludon\n|-supereffective|p2a: Duraludon\n|-damage|p2a: Duraludon|0 fnt\n|faint|p2a: Duraludon\n|\n|win|KubiKubomi\n|raw|KubiKubomi's rating: 1501 &rarr; <strong>1522</strong><br />(+21 for winning)\n|raw|alolal2's rating: 1519 &rarr; <strong>1498</strong><br />(-21 for losing)\n|l|\u2606alolal2\n|player|p2|\n", "inputlog": ">version b107d77f5c90bd6555267ae244a6264823309ead\n>start {\"formatid\":\"gen9randombattle\",\"seed\":[42365,33914,56705,22120],\"rated\":\"Rated battle\"}\n>player p1 {\"name\":\"KubiKubomi\",\"avatar\":\"cress\",\"rating\":1501,\"seed\":[56025,56396,65303,7747]}\n>player p2 {\"name\":\"alolal2\",\"avatar\":\"101\",\"rating\":1519,\"seed\":[54770,58178,63214,12841]}\n>p1 switch 4\n>p2 move bulkup\n>p1 move bulkup\n>p2 move trailblaze\n>p1 move bulkup\n>p2 move bulkup\n>p1 move bulkup\n>p2 move bulkup\n>p1 move bulkup\n>p2 move drainpunch\n>p1 move slackoff\n>p2 move bulkup\n>p1 move bulkup terastallize\n>p2 move drainpunch\n>p1 move bulkup\n>p2 move flareblitz\n>p1 move slackoff\n>p2 switch 6\n>p1 move knockoff\n>p2 move encore\n>p1 switch 6\n>p2 move icebeam\n>p1 move yawn\n>p2 switch 6\n>p1 move stealthrock\n>p2 move trailblaze\n>p1 switch 5\n>p2 move bulkup\n>p1 move earthpower\n>p2 switch 5\n>p1 switch 5\n>p2 move thunderwave\n>p1 move lavaplume\n>p2 switch 5\n>p1 move lavaplume\n>p2 move trailblaze\n>p1 move lavaplume\n>p2 move trailblaze\n>p1 move lavaplume\n>p2 move drainpunch\n>p1 move yawn\n>p2 move drainpunch\n>p1 move lavaplume\n>p2 move drainpunch\n>p1 switch 6\n>p1 move bulkup\n>p2 switch 6\n>p1 switch 2\n>p2 move encore\n>p1 move thunderbolt\n>p2 switch 6\n>p1 move bodypress\n>p2 move drainpunch\n>p2 switch 4\n>p1 move bodypress\n>p2 move substitute\n>p1 move flashcannon\n>p2 move leechseed\n>p1 switch 3\n>p2 move substitute\n>p1 move outrage\n>p2 move leafstorm\n>p1 move outrage\n>p2 move leafstorm\n>p1 move outrage\n>p2 move leafstorm\n>p1 switch 4\n>p1 move flareblitz\n>p2 move leafstorm\n>p2 switch 6\n>p1 switch 3\n>p2 move hydropump\n>p1 move bodypress\n>p2 move icebeam terastallize\n>p1 move thunderbolt\n>p2 move icebeam\n>p1 switch 2\n>p1 move knockoff\n>p2 move hydropump\n>p2 switch 5\n>p1 move bodyslam\n>p2 move thunderwave\n>p1 move bodyslam\n>p2 move moonblast\n>p1 move bodyslam\n>p2 move moonblast\n>p1 move bodyslam\n>p2 move moonblast\n>p1 switch 3\n>p1 move flareblitz\n>p2 move thunderwave\n>p2 switch 2\n>p1 move flareblitz\n>p2 move knockoff\n>p1 switch 5\n>p1 move earthpower\n>p2 move stoneedge\n>p2 switch 3\n>p1 move earthpower\n>p2 move dracometeor\n>p1 move earthpower\n>p2 move bodypress", "uploadtime": 1733001698, "views": 21, "formatid": "gen9randombattle", "rating": 1498, "private": 0, "password": null}