{"id": "gen9randombattle-2253824321", "format": "[Gen 9] Random Battle", "players": ["ananananji", "shadowsneakhd"], "log": "|j|\u2606ananananji\n|j|\u2606shadowsneakhd\n|t:|1732943995\n|gametype|singles\n|player|p1|ananananji|2|2098\n|player|p2|shadowsneakhd|1|2154\n|teamsize|p1|6\n|teamsize|p2|6\n|gen|9\n|tier|[Gen 9] Random Battle\n|rated|\n|rule|Species Clause: Limit one of each Pok\u00e9mon\n|rule|HP Percentage Mod: HP is shown in percentages\n|rule|Sleep Clause Mod: Limit one foe put to sleep\n|rule|Illusion Level Mod: Illusion disguises the Pok\u00e9mon's true level\n|\n|t:|1732943995\n|start\n|switch|p1a: Jirachi|Jirachi, L80|291/291\n|switch|p2a: Comfey|Comfey, L85, F|225/225\n|turn|1\n|inactive|Battle timer is ON: inactive players will automatically lose when time's up. (requested by ananananji)\n|\n|t:|1732944010\n|switch|p2a: Weezing|Weezing, L88, M|258/258\n|move|p1a: Jirachi|U-turn|p2a: Weezing\n|-resisted|p2a: Weezing\n|-damage|p2a: Weezing|240/258\n|\n|t:|1732944017\n|switch|p1a: Clawitzer|Clawitzer, L87, M|265/265|[from] U-turn\n|\n|-heal|p2a: Weezing|256/258|[from] item: Leftovers\n|upkeep\n|turn|2\n|\n|t:|1732944043\n|switch|p2a: Comfey|Comfey, L85, F|225/225\n|move|p1a: Clawitzer|Water Pulse|p2a: Comfey\n|-damage|p2a: Comfey|89/225\n|\n|-heal|p2a: Comfey|103/225|[from] item: Leftovers\n|upkeep\n|turn|3\n|\n|t:|1732944050\n|move|p2a: Comfey|Giga Drain|p1a: Clawitzer\n|-supereffective|p1a: Clawitzer\n|-damage|p1a: Clawitzer|169/265\n|-heal|p2a: Comfey|151/225|[from] drain|[of] p1a: Clawitzer\n|move|p1a: Clawitzer|Water Pulse|p2a: Comfey\n|-damage|p2a: Comfey|15/225\n|\n|-heal|p2a: Comfey|29/225|[from] item: Leftovers\n|upkeep\n|turn|4\n|\n|t:|1732944059\n|switch|p1a: Jirachi|Jirachi, L80|291/291\n|move|p2a: Comfey|Giga Drain|p1a: Jirachi\n|-resisted|p1a: Jirachi\n|-damage|p1a: Jirachi|270/291\n|-heal|p2a: Comfey|40/225|[from] drain|[of] p1a: Jirachi\n|\n|-heal|p2a: Comfey|54/225|[from] item: Leftovers\n|upkeep\n|turn|5\n|\n|t:|1732944064\n|switch|p2a: Weezing|Weezing, L88, M|256/258\n|move|p1a: Jirachi|Psychic|p2a: Weezing\n|-supereffective|p2a: Weezing\n|-damage|p2a: Weezing|44/258\n|\n|-heal|p2a: Weezing|60/258|[from] item: Leftovers\n|upkeep\n|turn|6\n|\n|t:|1732944075\n|switch|p2a: Krookodile|Krookodile, L80, M|283/283\n|-ability|p2a: Krookodile|Intimidate|boost\n|-unboost|p1a: Jirachi|atk|1\n|move|p1a: Jirachi|Psychic|p2a: Krookodile\n|-immune|p2a: Krookodile\n|\n|upkeep\n|turn|7\n|\n|t:|1732944104\n|switch|p1a: Moltres|Moltres-Galar, L79|271/271\n|move|p2a: Krookodile|Knock Off|p1a: Moltres\n|-resisted|p1a: Moltres\n|-damage|p1a: Moltres|192/271\n|-enditem|p1a: Moltres|Chesto Berry|[from] move: Knock Off|[of] p2a: Krookodile\n|-damage|p2a: Krookodile|255/283|[from] item: Life Orb\n|\n|upkeep\n|turn|8\n|\n|t:|1732944111\n|switch|p2a: Comfey|Comfey, L85, F|54/225\n|move|p1a: Moltres|Hurricane|p2a: Comfey\n|-damage|p2a: Comfey|0 fnt\n|faint|p2a: Comfey\n|\n|upkeep\n|\n|t:|1732944123\n|switch|p2a: Probopass|Probopass, L92, M|260/260\n|turn|9\n|inactive|shadowsneakhd has 120 seconds left.\n|\n|t:|1732944168\n|move|p1a: Moltres|Nasty Plot|p1a: Moltres\n|-boost|p1a: Moltres|spa|2\n|move|p2a: Probopass|Thunder Wave|p1a: Moltres\n|-status|p1a: Moltres|par\n|\n|upkeep\n|turn|10\n|\n|t:|1732944177\n|move|p2a: Probopass|Iron Defense|p2a: Probopass\n|-boost|p2a: Probopass|def|2\n|move|p1a: Moltres|Fiery Wrath|p2a: Probopass\n|-damage|p2a: Probopass|155/260\n|\n|-heal|p2a: Probopass|171/260|[from] item: Leftovers\n|upkeep\n|turn|11\n|\n|t:|1732944187\n|move|p2a: Probopass|Iron Defense|p2a: Probopass\n|-boost|p2a: Probopass|def|2\n|cant|p1a: Moltres|par\n|\n|-heal|p2a: Probopass|187/260|[from] item: Leftovers\n|upkeep\n|turn|12\n|\n|t:|1732944191\n|move|p2a: Probopass|Body Press|p1a: Moltres\n|-damage|p1a: Moltres|0 fnt\n|faint|p1a: Moltres\n|\n|-heal|p2a: Probopass|203/260|[from] item: Leftovers\n|upkeep\n|\n|t:|1732944195\n|switch|p1a: Clawitzer|Clawitzer, L87, M|169/265\n|turn|13\n|\n|t:|1732944207\n|switch|p2a: Weezing|Weezing, L88, M|60/258\n|-terastallize|p1a: Clawitzer|Dragon\n|move|p1a: Clawitzer|Dragon Pulse|p2a: Weezing\n|-damage|p2a: Weezing|0 fnt\n|faint|p2a: Weezing\n|\n|upkeep\n|inactive|shadowsneakhd has 120 seconds left.\n|\n|t:|1732944225\n|switch|p2a: Arceus|Arceus-Fighting, L70|284/284\n|turn|14\n|\n|t:|1732944230\n|move|p2a: Arceus|Cosmic Power|p2a: Arceus\n|-boost|p2a: Arceus|def|1\n|-boost|p2a: Arceus|spd|1\n|move|p1a: Clawitzer|Dragon Pulse|p2a: Arceus\n|-damage|p2a: Arceus|122/284\n|\n|upkeep\n|turn|15\n|\n|t:|1732944239\n|-terastallize|p2a: Arceus|Steel\n|move|p2a: Arceus|Recover|p2a: Arceus\n|-heal|p2a: Arceus|264/284\n|move|p1a: Clawitzer|Dragon Pulse|p2a: Arceus\n|-resisted|p2a: Arceus\n|-damage|p2a: Arceus|186/284\n|\n|upkeep\n|turn|16\n|\n|t:|1732944246\n|switch|p1a: Charizard|Charizard, L85, F|271/271\n|move|p2a: Arceus|Cosmic Power|p2a: Arceus\n|-boost|p2a: Arceus|def|1\n|-boost|p2a: Arceus|spd|1\n|\n|upkeep\n|turn|17\n|\n|t:|1732944252\n|move|p1a: Charizard|Dragon Dance|p1a: Charizard\n|-boost|p1a: Charizard|atk|1\n|-boost|p1a: Charizard|spe|1\n|move|p2a: Arceus|Cosmic Power|p2a: Arceus\n|-boost|p2a: Arceus|def|1\n|-boost|p2a: Arceus|spd|1\n|\n|upkeep\n|turn|18\n|\n|t:|1732944264\n|move|p1a: Charizard|Dragon Dance|p1a: Charizard\n|-boost|p1a: Charizard|atk|1\n|-boost|p1a: Charizard|spe|1\n|move|p2a: Arceus|Cosmic Power|p2a: Arceus\n|-boost|p2a: Arceus|def|1\n|-boost|p2a: Arceus|spd|1\n|\n|upkeep\n|turn|19\n|\n|t:|1732944276\n|move|p1a: Charizard|Flare Blitz|p2a: Arceus\n|-supereffective|p2a: Arceus\n|-damage|p2a: Arceus|46/284\n|-damage|p1a: Charizard|225/271|[from] Recoil\n|move|p2a: Arceus|Stored Power|p1a: Charizard\n|-damage|p1a: Charizard|118/271\n|\n|upkeep\n|turn|20\n|\n|t:|1732944281\n|move|p1a: Charizard|Flare Blitz|p2a: Arceus\n|-supereffective|p2a: Arceus\n|-damage|p2a: Arceus|0 fnt\n|faint|p2a: Arceus\n|-damage|p1a: Charizard|103/271|[from] Recoil\n|\n|upkeep\n|-message|shadowsneakhd forfeited.\n|\n|win|ananananji\n|raw|ananananji's rating: 2098 &rarr; <strong>2121</strong><br />(+23 for winning)\n|raw|shadowsneakhd's rating: 2154 &rarr; <strong>2131</strong><br />(-23 for losing)\n|l|\u2606shadowsneakhd\n|player|p2|\n", "inputlog": ">version b107d77f5c90bd6555267ae244a6264823309ead\n>start {\"formatid\":\"gen9randombattle\",\"seed\":[43254,31620,61469,30709],\"rated\":\"Rated battle\"}\n>player p1 {\"name\":\"ananananji\",\"avatar\":\"2\",\"rating\":2098,\"seed\":[61692,52355,62079,63523]}\n>player p2 {\"name\":\"shadowsneakhd\",\"avatar\":\"1\",\"rating\":2154,\"seed\":[23748,14033,36928,52595]}\n>p1 move uturn\n>p2 switch 2\n>p1 switch 2\n>p1 move waterpulse\n>p2 switch 2\n>p1 move waterpulse\n>p2 move gigadrain\n>p1 switch 2\n>p2 move gigadrain\n>p1 move psychic\n>p2 switch 2\n>p1 move psychic\n>p2 switch 6\n>p1 switch 5\n>p2 move knockoff\n>p1 move hurricane\n>p2 switch 2\n>p2 switch 4\n>p1 move nastyplot\n>p2 move thunderwave\n>p1 move fierywrath\n>p2 move irondefense\n>p1 move fierywrath\n>p2 move irondefense\n>p1 move fierywrath\n>p2 move bodypress\n>p1 switch 2\n>p1 move dragonpulse terastallize\n>p2 switch 6\n>p2 switch 3\n>p1 move dragonpulse\n>p2 move cosmicpower\n>p1 move dragonpulse\n>p2 move recover terastallize\n>p1 switch 6\n>p2 move cosmicpower\n>p1 move dragondance\n>p2 move cosmicpower\n>p1 move dragondance\n>p2 move cosmicpower\n>p1 move flareblitz\n>p2 move storedpower\n>p1 move flareblitz\n>p2 move recover\n>forcelose p2", "uploadtime": 1732944296, "views": 1, "formatid": "gen9randombattle", "rating": 2121, "private": 0, "password": null}