{"id": "gen9randombattle-2253907563", "format": "[Gen 9] Random Battle", "players": ["morgandorfer", "administrabot"], "log": "|j|\u2606morgandorfer\n|j|\u2606administrabot\n|t:|1732961216\n|gametype|singles\n|player|p1|morgandorfer|camper|1312\n|player|p2|administrabot|170|1344\n|teamsize|p1|6\n|teamsize|p2|6\n|gen|9\n|tier|[Gen 9] Random Battle\n|rated|\n|rule|Species Clause: Limit one of each Pok\u00e9mon\n|rule|HP Percentage Mod: HP is shown in percentages\n|rule|Sleep Clause Mod: Limit one foe put to sleep\n|rule|Illusion Level Mod: Illusion disguises the Pok\u00e9mon's true level\n|\n|t:|1732961216\n|start\n|switch|p1a: Arceus|Arceus-Bug, L73|295/295\n|switch|p2a: Tauros|Tauros-Paldea-Blaze, L81, M|254/254\n|-ability|p2a: Tauros|Intimidate|boost\n|-unboost|p1a: Arceus|atk|1\n|turn|1\n|inactive|Battle timer is ON: inactive players will automatically lose when time's up. (requested by administrabot)\n|\n|t:|1732961225\n|move|p1a: Arceus|Calm Mind|p1a: Arceus\n|-boost|p1a: Arceus|spa|1\n|-boost|p1a: Arceus|spd|1\n|move|p2a: Tauros|Flare Blitz|p1a: Arceus\n|-supereffective|p1a: Arceus\n|-damage|p1a: Arceus|0 fnt\n|faint|p1a: Arceus\n|-damage|p2a: Tauros|157/254|[from] Recoil\n|\n|upkeep\n|\n|t:|1732961236\n|switch|p1a: Ting-Lu|Ting-Lu, L78|370/370\n|-ability|p1a: Ting-Lu|Vessel of Ruin\n|turn|2\n|\n|t:|1732961244\n|switch|p2a: Landorus|Landorus, L75, M|257/257\n|move|p1a: Ting-Lu|Stealth Rock|p2a: Landorus\n|-sidestart|p2: administrabot|move: Stealth Rock\n|\n|upkeep\n|turn|3\n|\n|t:|1732961251\n|move|p2a: Landorus|Nasty Plot|p2a: Landorus\n|-boost|p2a: Landorus|spa|2\n|move|p1a: Ting-Lu|Spikes|p2a: Landorus\n|-sidestart|p2: administrabot|Spikes\n|\n|upkeep\n|turn|4\n|\n|t:|1732961257\n|move|p2a: Landorus|Focus Blast|p1a: Ting-Lu\n|-supereffective|p1a: Ting-Lu\n|-damage|p1a: Ting-Lu|0 fnt\n|faint|p1a: Ting-Lu\n|\n|upkeep\n|\n|t:|1732961273\n|switch|p1a: Weavile|Weavile, L79, F|240/240\n|turn|5\n|\n|t:|1732961283\n|switch|p2a: Tauros|Tauros-Paldea-Blaze, L81, M|157/254\n|-damage|p2a: Tauros|126/254|[from] Stealth Rock\n|-damage|p2a: Tauros|95/254|[from] Spikes\n|-ability|p2a: Tauros|Intimidate|boost\n|-unboost|p1a: Weavile|atk|1\n|move|p1a: Weavile|Triple Axel|p2a: Tauros\n|-resisted|p2a: Tauros\n|-damage|p2a: Tauros|89/254\n|-resisted|p2a: Tauros\n|-damage|p2a: Tauros|75/254\n|-resisted|p2a: Tauros\n|-damage|p2a: Tauros|56/254\n|-hitcount|p2a: Tauros|3\n|\n|upkeep\n|turn|6\n|\n|t:|1732961298\n|switch|p1a: Golurk|Golurk, L87|297/297\n|move|p2a: Tauros|Close Combat|p1a: Golurk\n|-immune|p1a: Golurk\n|\n|upkeep\n|turn|7\n|\n|t:|1732961316\n|move|p2a: Tauros|Close Combat|p1a: Golurk\n|-immune|p1a: Golurk\n|move|p1a: Golurk|Dynamic Punch|p2a: Tauros\n|-damage|p2a: Tauros|0 fnt\n|faint|p2a: Tauros\n|\n|upkeep\n|\n|t:|1732961325\n|switch|p2a: Cacturne|Cacturne, L92, M|278/278\n|-damage|p2a: Cacturne|244/278|[from] Stealth Rock\n|-damage|p2a: Cacturne|210/278|[from] Spikes\n|turn|8\n|\n|t:|1732961334\n|move|p2a: Cacturne|Seed Bomb|p1a: Golurk\n|-supereffective|p1a: Golurk\n|-crit|p1a: Golurk\n|-damage|p1a: Golurk|0 fnt\n|faint|p1a: Golurk\n|-damage|p2a: Cacturne|183/278|[from] item: Life Orb\n|\n|upkeep\n|\n|t:|1732961340\n|switch|p1a: Hatterene|Hatterene, L85, F|236/236\n|turn|9\n|\n|t:|1732961347\n|switch|p2a: Toxapex|Toxapex, L82, M|216/216\n|-damage|p2a: Toxapex|189/216|[from] Stealth Rock\n|-damage|p2a: Toxapex|162/216|[from] Spikes\n|move|p1a: Hatterene|Mystical Fire|p2a: Toxapex\n|-resisted|p2a: Toxapex\n|-damage|p2a: Toxapex|137/216\n|-unboost|p2a: Toxapex|spa|1\n|\n|-heal|p2a: Toxapex|150/216|[from] item: Leftovers\n|upkeep\n|turn|10\n|\n|t:|1732961362\n|move|p2a: Toxapex|Liquidation|p1a: Hatterene\n|-damage|p1a: Hatterene|173/236\n|move|p1a: Hatterene|Calm Mind|p1a: Hatterene\n|-boost|p1a: Hatterene|spa|1\n|-boost|p1a: Hatterene|spd|1\n|\n|-heal|p2a: Toxapex|163/216|[from] item: Leftovers\n|-heal|p1a: Hatterene|187/236|[from] item: Leftovers\n|upkeep\n|turn|11\n|inactive|administrabot has 120 seconds left.\n|\n|t:|1732961397\n|move|p2a: Toxapex|Haze|p2a: Toxapex\n|-clearallboost\n|move|p1a: Hatterene|Psychic|p2a: Toxapex\n|-supereffective|p2a: Toxapex\n|-damage|p2a: Toxapex|0 fnt\n|faint|p2a: Toxapex\n|\n|-heal|p1a: Hatterene|201/236|[from] item: Leftovers\n|upkeep\n|\n|t:|1732961406\n|switch|p2a: Tinkaton|Tinkaton, L82, F|274/274\n|-damage|p2a: Tinkaton|257/274|[from] Stealth Rock\n|-damage|p2a: Tinkaton|223/274|[from] Spikes\n|-ability|p2a: Tinkaton|Mold Breaker\n|turn|12\n|inactive|administrabot has 120 seconds left.\n|\n|t:|1732961425\n|switch|p1a: Sinistcha|Sinistcha-Masterpiece, L83|254/254\n|move|p2a: Tinkaton|Gigaton Hammer|p1a: Sinistcha\n|-damage|p1a: Sinistcha|142/254\n|\n|-heal|p2a: Tinkaton|240/274|[from] item: Leftovers\n|-heal|p1a: Sinistcha|157/254|[from] item: Leftovers\n|upkeep\n|turn|13\n|\n|t:|1732961434\n|move|p2a: Tinkaton|Knock Off|p1a: Sinistcha\n|-supereffective|p1a: Sinistcha\n|-damage|p1a: Sinistcha|65/254\n|-enditem|p1a: Sinistcha|Leftovers|[from] move: Knock Off|[of] p2a: Tinkaton\n|move|p1a: Sinistcha|Strength Sap|p2a: Tinkaton\n|-unboost|p2a: Tinkaton|atk|1\n|-heal|p1a: Sinistcha|235/254\n|\n|-heal|p2a: Tinkaton|257/274|[from] item: Leftovers\n|upkeep\n|turn|14\n|\n|t:|1732961445\n|move|p2a: Tinkaton|Thunder Wave|p1a: Sinistcha\n|-status|p1a: Sinistcha|par\n|move|p1a: Sinistcha|Matcha Gotcha|p2a: Tinkaton|[miss]\n|-miss|p1a: Sinistcha|p2a: Tinkaton\n|\n|-heal|p2a: Tinkaton|274/274|[from] item: Leftovers\n|upkeep\n|turn|15\n|\n|t:|1732961458\n|switch|p2a: Cacturne|Cacturne, L92, M|183/278\n|-damage|p2a: Cacturne|149/278|[from] Stealth Rock\n|-damage|p2a: Cacturne|115/278|[from] Spikes\n|cant|p1a: Sinistcha|par\n|\n|upkeep\n|turn|16\n|\n|t:|1732961471\n|switch|p1a: Hatterene|Hatterene, L85, F|201/236\n|move|p2a: Cacturne|Sucker Punch||[still]\n|-fail|p2a: Cacturne\n|\n|-heal|p1a: Hatterene|215/236|[from] item: Leftovers\n|upkeep\n|turn|17\n|\n|t:|1732961481\n|move|p2a: Cacturne|Seed Bomb|p1a: Hatterene\n|-damage|p1a: Hatterene|73/236\n|-damage|p2a: Cacturne|88/278|[from] item: Life Orb\n|move|p1a: Hatterene|Mystical Fire|p2a: Cacturne\n|-supereffective|p2a: Cacturne\n|-damage|p2a: Cacturne|0 fnt\n|faint|p2a: Cacturne\n|\n|-heal|p1a: Hatterene|87/236|[from] item: Leftovers\n|upkeep\n|\n|t:|1732961490\n|switch|p2a: Tinkaton|Tinkaton, L82, F|274/274\n|-damage|p2a: Tinkaton|257/274|[from] Stealth Rock\n|-damage|p2a: Tinkaton|223/274|[from] Spikes\n|-ability|p2a: Tinkaton|Mold Breaker\n|turn|18\n|\n|t:|1732961499\n|switch|p1a: Sinistcha|Sinistcha-Masterpiece, L83|235/254 par\n|move|p2a: Tinkaton|Gigaton Hammer|p1a: Sinistcha\n|-crit|p1a: Sinistcha\n|-damage|p1a: Sinistcha|63/254 par\n|\n|-heal|p2a: Tinkaton|240/274|[from] item: Leftovers\n|upkeep\n|turn|19\n|\n|t:|1732961507\n|move|p2a: Tinkaton|Knock Off|p1a: Sinistcha\n|-supereffective|p1a: Sinistcha\n|-damage|p1a: Sinistcha|1/254 par\n|move|p1a: Sinistcha|Strength Sap|p2a: Tinkaton\n|-unboost|p2a: Tinkaton|atk|1\n|-heal|p1a: Sinistcha|171/254 par\n|\n|-heal|p2a: Tinkaton|257/274|[from] item: Leftovers\n|upkeep\n|turn|20\n|\n|t:|1732961521\n|move|p2a: Tinkaton|Gigaton Hammer|p1a: Sinistcha\n|-damage|p1a: Sinistcha|96/254 par\n|move|p1a: Sinistcha|Matcha Gotcha|p2a: Tinkaton\n|-resisted|p2a: Tinkaton\n|-damage|p2a: Tinkaton|210/274\n|-heal|p1a: Sinistcha|120/254 par|[from] drain|[of] p2a: Tinkaton\n|\n|-heal|p2a: Tinkaton|227/274|[from] item: Leftovers\n|upkeep\n|turn|21\n|\n|t:|1732961539\n|switch|p2a: Landorus|Landorus, L75, M|257/257\n|-damage|p2a: Landorus|225/257|[from] Stealth Rock\n|cant|p1a: Sinistcha|par\n|\n|upkeep\n|turn|22\n|\n|t:|1732961553\n|move|p2a: Landorus|Psychic|p1a: Sinistcha\n|-damage|p1a: Sinistcha|16/254 par\n|cant|p1a: Sinistcha|par\n|\n|upkeep\n|turn|23\n|\n|t:|1732961563\n|switch|p1a: Hatterene|Hatterene, L85, F|87/236\n|move|p2a: Landorus|Earth Power|p1a: Hatterene\n|-damage|p1a: Hatterene|0 fnt\n|faint|p1a: Hatterene\n|\n|upkeep\n|\n|t:|1732961566\n|switch|p1a: Weavile|Weavile, L79, F|240/240\n|turn|24\n|\n|t:|1732961580\n|-terastallize|p2a: Landorus|Psychic\n|move|p1a: Weavile|Swords Dance|p1a: Weavile\n|-boost|p1a: Weavile|atk|2\n|move|p2a: Landorus|Focus Blast|p1a: Weavile\n|-supereffective|p1a: Weavile\n|-damage|p1a: Weavile|0 fnt\n|faint|p1a: Weavile\n|\n|upkeep\n|\n|t:|1732961584\n|switch|p1a: Sinistcha|Sinistcha-Masterpiece, L83|16/254 par\n|turn|25\n|\n|t:|1732961590\n|move|p2a: Landorus|Psychic|p1a: Sinistcha\n|-damage|p1a: Sinistcha|0 fnt\n|faint|p1a: Sinistcha\n|\n|win|administrabot\n|raw|morgandorfer's rating: 1312 &rarr; <strong>1294</strong><br />(-18 for losing)\n|raw|administrabot's rating: 1344 &rarr; <strong>1362</strong><br />(+18 for winning)\n|c|\u2606administrabot|gg\n", "inputlog": ">version b107d77f5c90bd6555267ae244a6264823309ead\n>start {\"formatid\":\"gen9randombattle\",\"seed\":[339,23446,35304,14958],\"rated\":\"Rated battle\"}\n>player p1 {\"name\":\"morgandorfer\",\"avatar\":\"camper\",\"rating\":1312,\"seed\":[14550,18666,34625,60083]}\n>player p2 {\"name\":\"administrabot\",\"avatar\":\"170\",\"rating\":1344,\"seed\":[44282,46165,13462,52792]}\n>p1 move calmmind\n>p2 move flareblitz\n>p1 switch 4\n>p1 move stealthrock\n>p2 switch 3\n>p1 move spikes\n>p2 move nastyplot\n>p1 move spikes\n>p2 move focusblast\n>p1 switch 2\n>p1 move tripleaxel\n>p2 switch 3\n>p1 switch 3\n>p2 move closecombat\n>p1 move dynamicpunch\n>p2 move closecombat\n>p2 switch 5\n>p1 move dynamicpunch\n>p2 move seedbomb\n>p1 switch 5\n>p1 move mysticalfire\n>p2 switch 2\n>p1 move calmmind\n>p2 move liquidation\n>p1 move psychic\n>p2 move haze\n>p2 switch 4\n>p1 switch 6\n>p2 move gigatonhammer\n>p1 move strengthsap\n>p2 move knockoff\n>p1 move matchagotcha\n>p2 move thunderwave\n>p1 move shadowball\n>p2 switch 2\n>p1 switch 6\n>p2 move suckerpunch\n>p1 move mysticalfire\n>p2 move seedbomb\n>p2 switch 2\n>p1 switch 6\n>p2 move gigatonhammer\n>p1 move strengthsap\n>p2 move knockoff\n>p1 move matchagotcha\n>p2 move gigatonhammer\n>p1 move strengthsap\n>p2 switch 3\n>p1 move matchagotcha\n>p2 move psychic\n>p1 switch 6\n>p2 move earthpower\n>p1 switch 3\n>p1 move swordsdance\n>p2 move focusblast terastallize\n>p1 switch 6\n>p1 move calmmind\n>p2 move psychic", "uploadtime": 1732961594, "views": 2, "formatid": "gen9randombattle", "rating": 1294, "private": 0, "password": null}