{"id": "gen9randombattle-2253964780", "format": "[Gen 9] Random Battle", "players": ["Me love rice", "Boekhout"], "log": "|j|\u2606Me love rice\n|j|\u2606Boekhout\n|t:|1732972543\n|gametype|singles\n|player|p1|Me love rice|fisherman-gen4|1496\n|player|p2|Boekhout|iris-gen5bw2|1538\n|teamsize|p1|6\n|teamsize|p2|6\n|gen|9\n|tier|[Gen 9] Random Battle\n|rated|\n|rule|Species Clause: Limit one of each Pok\u00e9mon\n|rule|HP Percentage Mod: HP is shown in percentages\n|rule|Sleep Clause Mod: Limit one foe put to sleep\n|rule|Illusion Level Mod: Illusion disguises the Pok\u00e9mon's true level\n|\n|t:|1732972543\n|start\n|switch|p1a: Oranguru|Oranguru, L92, F|315/315\n|switch|p2a: Veluza|Veluza, L85, F|292/292\n|turn|1\n|inactive|Battle timer is ON: inactive players will automatically lose when time's up. (requested by Me love rice)\n|\n|t:|1732972562\n|move|p2a: Veluza|Night Slash|p1a: Oranguru\n|-supereffective|p1a: Oranguru\n|-damage|p1a: Oranguru|151/315\n|move|p1a: Oranguru|Hyper Voice|p2a: Veluza\n|-damage|p2a: Veluza|112/292\n|-enditem|p2a: Veluza|Sitrus Berry|[eat]\n|-heal|p2a: Veluza|185/292|[from] item: Sitrus Berry\n|\n|upkeep\n|turn|2\n|\n|t:|1732972579\n|switch|p1a: Jumpluff|Jumpluff, L87, M|271/271\n|move|p2a: Veluza|Fillet Away|p2a: Veluza\n|-boost|p2a: Veluza|atk|2\n|-boost|p2a: Veluza|spa|2\n|-boost|p2a: Veluza|spe|2\n|-damage|p2a: Veluza|39/292\n|\n|upkeep\n|turn|3\n|\n|t:|1732972592\n|-terastallize|p2a: Veluza|Psychic\n|move|p2a: Veluza|Psycho Cut|p1a: Jumpluff\n|-damage|p1a: Jumpluff|0 fnt\n|faint|p1a: Jumpluff\n|\n|upkeep\n|inactive|Me love rice has 120 seconds left.\n|\n|t:|1732972625\n|switch|p1a: Mismagius|Mismagius, L86, F|243/243\n|turn|4\n|\n|t:|1732972631\n|move|p2a: Veluza|Night Slash|p1a: Mismagius\n|-supereffective|p1a: Mismagius\n|-damage|p1a: Mismagius|0 fnt\n|faint|p1a: Mismagius\n|\n|upkeep\n|inactive|Me love rice has 120 seconds left.\n|\n|t:|1732972652\n|switch|p1a: Alomomola|Alomomola, L87, F|429/429\n|turn|5\n|\n|t:|1732972658\n|move|p2a: Veluza|Psycho Cut|p1a: Alomomola\n|-damage|p1a: Alomomola|83/429\n|move|p1a: Alomomola|Flip Turn|p2a: Veluza\n|-damage|p2a: Veluza|0 fnt\n|faint|p2a: Veluza\n|\n|t:|1732972663\n|switch|p1a: Oranguru|Oranguru, L92, F|151/315|[from] Flip Turn\n|\n|upkeep\n|\n|t:|1732972673\n|switch|p2a: Blissey|Blissey, L84, F|566/566\n|turn|6\n|\n|t:|1732972680\n|move|p1a: Oranguru|Trick|p2a: Blissey\n|-activate|p1a: Oranguru|move: Trick|[of] p2a: Blissey\n|-item|p2a: Blissey|Choice Specs|[from] move: Trick\n|-item|p1a: Oranguru|Leftovers|[from] move: Trick\n|move|p2a: Blissey|Seismic Toss|p1a: Oranguru\n|-damage|p1a: Oranguru|67/315\n|\n|-heal|p1a: Oranguru|86/315|[from] item: Leftovers\n|upkeep\n|turn|7\n|\n|t:|1732972690\n|move|p1a: Oranguru|Focus Blast|p2a: Blissey\n|-supereffective|p2a: Blissey\n|-damage|p2a: Blissey|440/566\n|move|p2a: Blissey|Seismic Toss|p1a: Oranguru\n|-damage|p1a: Oranguru|2/315\n|\n|-heal|p1a: Oranguru|21/315|[from] item: Leftovers\n|upkeep\n|turn|8\n|\n|t:|1732972695\n|move|p1a: Oranguru|Psyshock|p2a: Blissey\n|-damage|p2a: Blissey|173/566\n|move|p2a: Blissey|Seismic Toss|p1a: Oranguru\n|-damage|p1a: Oranguru|0 fnt\n|faint|p1a: Oranguru\n|\n|upkeep\n|\n|t:|1732972701\n|switch|p1a: Golem|Golem, L87, F|281/281\n|turn|9\n|\n|t:|1732972730\n|move|p2a: Blissey|Seismic Toss|p1a: Golem\n|-damage|p1a: Golem|197/281\n|move|p1a: Golem|Rock Polish|p1a: Golem\n|-boost|p1a: Golem|spe|2\n|\n|upkeep\n|turn|10\n|\n|t:|1732972738\n|move|p1a: Golem|Earthquake|p2a: Blissey\n|-damage|p2a: Blissey|0 fnt\n|faint|p2a: Blissey\n|\n|upkeep\n|\n|t:|1732972741\n|switch|p2a: Whiscash|Whiscash, L88, F|337/337\n|turn|11\n|\n|t:|1732972756\n|-terastallize|p1a: Golem|Grass\n|move|p1a: Golem|Earthquake|p2a: Whiscash\n|-damage|p2a: Whiscash|181/337\n|move|p2a: Whiscash|Liquidation|p1a: Golem\n|-resisted|p1a: Golem\n|-damage|p1a: Golem|158/281\n|-damage|p2a: Whiscash|148/337|[from] item: Life Orb\n|\n|upkeep\n|turn|12\n|\n|t:|1732972770\n|move|p1a: Golem|Earthquake|p2a: Whiscash\n|-damage|p2a: Whiscash|3/337\n|move|p2a: Whiscash|Stone Edge|p1a: Golem\n|-damage|p1a: Golem|101/281\n|-damage|p2a: Whiscash|0 fnt|[from] item: Life Orb\n|faint|p2a: Whiscash\n|\n|upkeep\n|\n|t:|1732972792\n|switch|p2a: Iron Crown|Iron Crown, L79|272/272\n|turn|13\n|\n|t:|1732972796\n|move|p1a: Golem|Earthquake|p2a: Iron Crown\n|-supereffective|p2a: Iron Crown\n|-damage|p2a: Iron Crown|36/272\n|move|p2a: Iron Crown|Tachyon Cutter|p1a: Golem\n|-damage|p1a: Golem|0 fnt\n|faint|p1a: Golem\n|-hitcount|p1: Golem|1\n|\n|upkeep\n|\n|t:|1732972803\n|switch|p1a: Tentacruel|Tentacruel, L84, M|272/272\n|turn|14\n|\n|t:|1732972808\n|-end|p2a: Iron Crown|Quark Drive|[silent]\n|switch|p2a: Electivire|Electivire, L84, F|263/263\n|move|p1a: Tentacruel|Surf|p2a: Electivire\n|-damage|p2a: Electivire|175/263\n|\n|upkeep\n|turn|15\n|\n|t:|1732972814\n|move|p2a: Electivire|Supercell Slam|p1a: Tentacruel\n|-supereffective|p1a: Tentacruel\n|-damage|p1a: Tentacruel|0 fnt\n|faint|p1a: Tentacruel\n|\n|upkeep\n|\n|t:|1732972817\n|switch|p1a: Alomomola|Alomomola, L87, F|226/429\n|turn|16\n|\n|t:|1732972825\n|move|p2a: Electivire|Supercell Slam|p1a: Alomomola\n|-supereffective|p1a: Alomomola\n|-damage|p1a: Alomomola|0 fnt\n|faint|p1a: Alomomola\n|\n|win|Boekhout\n|raw|Me love rice's rating: 1479 &rarr; <strong>1462</strong><br />(-17 for losing)\n|raw|Boekhout's rating: 1538 &rarr; <strong>1555</strong><br />(+17 for winning)\n|l|\u2606Me love rice\n|player|p1|\n|l|\u2606Boekhout\n|player|p2|\n|j|\u2606Boekhout\n|player|p2|Boekhout|iris-gen5bw2|\n", "inputlog": ">version b107d77f5c90bd6555267ae244a6264823309ead\n>start {\"formatid\":\"gen9randombattle\",\"seed\":[23308,32037,39878,54849],\"rated\":\"Rated battle\"}\n>player p1 {\"name\":\"Me love rice\",\"avatar\":\"fisherman-gen4\",\"rating\":1496,\"seed\":[41896,28170,20153,8911]}\n>player p2 {\"name\":\"Boekhout\",\"avatar\":\"iris-gen5bw2\",\"rating\":1538,\"seed\":[56710,61906,39805,24715]}\n>p1 move hypervoice\n>p2 move nightslash\n>p1 switch 5\n>p2 move filletaway\n>p1 move acrobatics\n>p2 move psychocut terastallize\n>p1 switch 6\n>p1 move shadowball\n>p2 move nightslash\n>p1 switch 2\n>p1 move flipturn\n>p2 move psychocut\n>p1 switch 5\n>p2 switch 5\n>p1 move trick\n>p2 move seismictoss\n>p1 move focusblast\n>p2 move seismictoss\n>p1 move psyshock\n>p2 move seismictoss\n>p1 switch 4\n>p1 move rockpolish\n>p2 move seismictoss\n>p1 move earthquake\n>p2 move seismictoss\n>p2 switch 3\n>p1 move earthquake terastallize\n>p2 move liquidation\n>p1 move earthquake\n>p2 move stoneedge\n>p2 switch 4\n>p1 move earthquake\n>p2 move tachyoncutter\n>p1 switch 3\n>p1 move surf\n>p2 switch 6\n>p1 move sludgebomb\n>p2 move supercellslam\n>p1 switch 5\n>p1 move wish\n>p2 move supercellslam", "uploadtime": 1732972880, "views": 11, "formatid": "gen9randombattle", "rating": 1462, "private": 0, "password": null}