{"id": "gen9randombattle-2253810858", "format": "[Gen 9] Random Battle", "players": ["Hone Ming", "TheGayyAgenda"], "log": "|j|\u2606Hone Ming\n|j|\u2606TheGayyAgenda\n|t:|1732941832\n|gametype|singles\n|player|p1|Hone Ming|red|1247\n|player|p2|TheGayyAgenda|265|1281\n|teamsize|p1|6\n|teamsize|p2|6\n|gen|9\n|tier|[Gen 9] Random Battle\n|rated|\n|rule|Species Clause: Limit one of each Pok\u00e9mon\n|rule|HP Percentage Mod: HP is shown in percentages\n|rule|Sleep Clause Mod: Limit one foe put to sleep\n|rule|Illusion Level Mod: Illusion disguises the Pok\u00e9mon's true level\n|\n|t:|1732941832\n|start\n|switch|p1a: Mamoswine|Mamoswine, L81, M|311/311\n|switch|p2a: Rotom|Rotom-Mow, L86|226/226\n|turn|1\n|inactive|Battle timer is ON: inactive players will automatically lose when time's up. (requested by Hone Ming)\n|inactive|Hone Ming has 120 seconds left.\n|\n|t:|1732941873\n|switch|p2a: Quagsire|Quagsire, L84, F|297/297\n|-terastallize|p1a: Mamoswine|Ice\n|move|p1a: Mamoswine|Icicle Crash|p2a: Quagsire\n|-damage|p2a: Quagsire|123/297\n|-damage|p1a: Mamoswine|280/311|[from] item: Life Orb\n|\n|-heal|p2a: Quagsire|141/297|[from] item: Leftovers\n|upkeep\n|turn|2\n|\n|t:|1732941892\n|move|p1a: Mamoswine|Stealth Rock|p2a: Quagsire\n|-sidestart|p2: TheGayyAgenda|move: Stealth Rock\n|move|p2a: Quagsire|Earthquake|p1a: Mamoswine\n|-damage|p1a: Mamoswine|181/311\n|\n|-heal|p2a: Quagsire|159/297|[from] item: Leftovers\n|upkeep\n|turn|3\n|\n|t:|1732941903\n|move|p1a: Mamoswine|Earthquake|p2a: Quagsire\n|-damage|p2a: Quagsire|0 fnt\n|faint|p2a: Quagsire\n|-damage|p1a: Mamoswine|150/311|[from] item: Life Orb\n|\n|upkeep\n|\n|t:|1732941915\n|switch|p2a: Houndoom|Houndoom, L87, F|272/272\n|turn|4\n|\n|t:|1732941936\n|switch|p1a: Keldeo|Keldeo-Resolute, L79|273/273\n|move|p2a: Houndoom|Fire Blast|p1a: Keldeo\n|-resisted|p1a: Keldeo\n|-damage|p1a: Keldeo|196/273\n|\n|upkeep\n|turn|5\n|inactive|TheGayyAgenda has 120 seconds left.\n|inactive|TheGayyAgenda has 90 seconds left.\n|c|\u2606Hone Ming|quick!\n|\n|t:|1732942012\n|switch|p2a: Rotom|Rotom-Mow, L86|226/226\n|-damage|p2a: Rotom|198/226|[from] Stealth Rock\n|move|p1a: Keldeo|Secret Sword|p2a: Rotom\n|-damage|p2a: Rotom|72/226\n|\n|upkeep\n|turn|6\n|\n|t:|1732942023\n|move|p2a: Rotom|Thunderbolt|p1a: Keldeo\n|-supereffective|p1a: Keldeo\n|-damage|p1a: Keldeo|0 fnt\n|faint|p1a: Keldeo\n|\n|upkeep\n|\n|t:|1732942034\n|switch|p1a: Lycanroc|Lycanroc-Midnight, L89, M|296/296\n|turn|7\n|\n|t:|1732942039\n|switch|p2a: Groudon|Groudon, L72|263/263\n|-damage|p2a: Groudon|247/263|[from] Stealth Rock\n|-weather|SunnyDay|[from] ability: Drought|[of] p2a: Groudon\n|move|p1a: Lycanroc|Sucker Punch||[still]\n|-fail|p1a: Lycanroc\n|\n|-weather|SunnyDay|[upkeep]\n|-heal|p2a: Groudon|263/263|[from] item: Leftovers\n|upkeep\n|turn|8\n|inactive|TheGayyAgenda has 90 seconds left.\n|\n|t:|1732942059\n|move|p1a: Lycanroc|Sucker Punch|p2a: Groudon\n|-damage|p2a: Groudon|198/263\n|-damage|p1a: Lycanroc|267/296|[from] item: Life Orb\n|move|p2a: Groudon|Precipice Blades|p1a: Lycanroc\n|-supereffective|p1a: Lycanroc\n|-damage|p1a: Lycanroc|0 fnt\n|faint|p1a: Lycanroc\n|\n|-weather|SunnyDay|[upkeep]\n|-heal|p2a: Groudon|214/263|[from] item: Leftovers\n|upkeep\n|inactive|Hone Ming has 120 seconds left.\n|\n|t:|1732942070\n|switch|p1a: Mamoswine|Mamoswine, L81, M, tera:Ice|150/311\n|turn|9\n|inactive|TheGayyAgenda has 90 seconds left.\n|\n|t:|1732942090\n|switch|p2a: Chandelure|Chandelure, L83, M|235/235\n|move|p1a: Mamoswine|Earthquake|p2a: Chandelure\n|-supereffective|p2a: Chandelure\n|-damage|p2a: Chandelure|0 fnt\n|faint|p2a: Chandelure\n|-damage|p1a: Mamoswine|119/311|[from] item: Life Orb\n|\n|-weather|SunnyDay|[upkeep]\n|upkeep\n|inactive|TheGayyAgenda has 90 seconds left.\n|\n|t:|1732942104\n|switch|p2a: Rotom|Rotom-Mow, L86|72/226\n|-damage|p2a: Rotom|44/226|[from] Stealth Rock\n|turn|10\n|inactive|TheGayyAgenda has 90 seconds left.\n|\n|t:|1732942112\n|move|p1a: Mamoswine|Ice Shard|p2a: Rotom\n|-supereffective|p2a: Rotom\n|-damage|p2a: Rotom|0 fnt\n|faint|p2a: Rotom\n|-damage|p1a: Mamoswine|88/311|[from] item: Life Orb\n|\n|-weather|SunnyDay|[upkeep]\n|upkeep\n|\n|t:|1732942114\n|switch|p2a: Groudon|Groudon, L72|214/263\n|-damage|p2a: Groudon|198/263|[from] Stealth Rock\n|turn|11\n|\n|t:|1732942123\n|move|p1a: Mamoswine|Icicle Crash|p2a: Groudon\n|-supereffective|p2a: Groudon\n|-damage|p2a: Groudon|0 fnt\n|faint|p2a: Groudon\n|-damage|p1a: Mamoswine|57/311|[from] item: Life Orb\n|\n|-weather|none\n|upkeep\n|-message|TheGayyAgenda forfeited.\n|\n|win|Hone Ming\n|raw|Hone Ming's rating: 1247 &rarr; <strong>1274</strong><br />(+27 for winning)\n|raw|TheGayyAgenda's rating: 1281 &rarr; <strong>1254</strong><br />(-27 for losing)\n|l|\u2606TheGayyAgenda\n|player|p2|\n", "inputlog": ">version b107d77f5c90bd6555267ae244a6264823309ead\n>start {\"formatid\":\"gen9randombattle\",\"seed\":[46431,63390,18533,50298],\"rated\":\"Rated battle\"}\n>player p1 {\"name\":\"Hone Ming\",\"avatar\":\"red\",\"rating\":1247,\"seed\":[58899,53490,34010,63110]}\n>player p2 {\"name\":\"TheGayyAgenda\",\"avatar\":\"265\",\"rating\":1281,\"seed\":[30694,16878,10833,36440]}\n>p1 move iciclecrash terastallize\n>p2 switch 6\n>p1 move stealthrock\n>p2 move earthquake\n>p1 move earthquake\n>p2 move toxic\n>p2 switch 3\n>p1 switch 5\n>p2 move fireblast\n>chat \u2606Hone Ming|quick!\n>p1 move secretsword\n>p2 switch 6\n>p1 move secretsword\n>p2 move thunderbolt\n>p1 switch 2\n>p1 move suckerpunch\n>p2 switch 5\n>p1 move suckerpunch\n>p2 move precipiceblades\n>p1 switch 5\n>p1 move earthquake\n>p2 switch 2\n>p2 switch 5\n>p1 move iceshard\n>p2 move thunderbolt\n>p2 switch 2\n>p1 move iciclecrash\n>p2 move precipiceblades\n>forcelose p2", "uploadtime": 1732942141, "views": 18, "formatid": "gen9randombattle", "rating": 1254, "private": 0, "password": null}