{"id": "gen9randombattle-2253994676", "format": "[Gen 9] Random Battle", "players": ["UUUIIIPP", "jgmgwgmpm"], "log": "|j|\u2606UUUIIIPP\n|j|\u2606jgmgwgmpm\n|t:|1732977293\n|gametype|singles\n|player|p1|UUUIIIPP|266|1000\n|player|p2|jgmgwgmpm|102|1000\n|teamsize|p1|6\n|teamsize|p2|6\n|gen|9\n|tier|[Gen 9] Random Battle\n|rated|\n|rule|Species Clause: Limit one of each Pok\u00e9mon\n|rule|HP Percentage Mod: HP is shown in percentages\n|rule|Sleep Clause Mod: Limit one foe put to sleep\n|rule|Illusion Level Mod: Illusion disguises the Pok\u00e9mon's true level\n|\n|t:|1732977293\n|start\n|switch|p1a: Dudunsparce|Dudunsparce-Three-Segment, L83, M|343/343\n|switch|p2a: Arboliva|Arboliva, L91, M|290/290\n|turn|1\n|\n|t:|1732977323\n|switch|p2a: Miraidon|Miraidon, L65|238/238\n|-fieldstart|move: Electric Terrain|[from] ability: Hadron Engine|[of] p2a: Miraidon\n|move|p1a: Dudunsparce|Shadow Ball|p2a: Miraidon\n|-damage|p2a: Miraidon|182/238\n|-unboost|p2a: Miraidon|spd|1\n|\n|upkeep\n|turn|2\n|inactive|Battle timer is ON: inactive players will automatically lose when time's up. (requested by jgmgwgmpm)\n|\n|t:|1732977343\n|switch|p1a: Meganium|Meganium, L90, M|290/290\n|move|p2a: Miraidon|Volt Switch|p1a: Meganium\n|-resisted|p1a: Meganium\n|-damage|p1a: Meganium|221/290\n|\n|t:|1732977354\n|switch|p2a: Salamence|Salamence, L77, M|273/273|[from] Volt Switch\n|\n|upkeep\n|turn|3\n|\n|t:|1732977364\n|move|p2a: Salamence|Dragon Dance|p2a: Salamence\n|-boost|p2a: Salamence|atk|1\n|-boost|p2a: Salamence|spe|1\n|move|p1a: Meganium|Earthquake|p2a: Salamence\n|-immune|p2a: Salamence\n|\n|upkeep\n|turn|4\n|\n|t:|1732977374\n|move|p2a: Salamence|Dragon Dance|p2a: Salamence\n|-boost|p2a: Salamence|atk|1\n|-boost|p2a: Salamence|spe|1\n|move|p1a: Meganium|Knock Off|p2a: Salamence\n|-damage|p2a: Salamence|176/273\n|-enditem|p2a: Salamence|Heavy-Duty Boots|[from] move: Knock Off|[of] p1a: Meganium\n|-damage|p1a: Meganium|192/290|[from] item: Life Orb\n|\n|upkeep\n|turn|5\n|\n|t:|1732977384\n|move|p2a: Salamence|Roost|p2a: Salamence\n|-heal|p2a: Salamence|273/273\n|-singleturn|p2a: Salamence|move: Roost\n|move|p1a: Meganium|Knock Off|p2a: Salamence\n|-crit|p2a: Salamence\n|-damage|p2a: Salamence|172/273\n|-damage|p1a: Meganium|163/290|[from] item: Life Orb\n|\n|-fieldend|move: Electric Terrain\n|upkeep\n|turn|6\n|\n|t:|1732977398\n|switch|p1a: Hydreigon|Hydreigon, L79, M|275/275\n|move|p2a: Salamence|Roost|p2a: Salamence\n|-heal|p2a: Salamence|273/273\n|-singleturn|p2a: Salamence|move: Roost\n|\n|upkeep\n|turn|7\n|\n|t:|1732977410\n|move|p2a: Salamence|Outrage|p1a: Hydreigon\n|-supereffective|p1a: Hydreigon\n|-crit|p1a: Hydreigon\n|-damage|p1a: Hydreigon|0 fnt\n|faint|p1a: Hydreigon\n|-ability|p2a: Salamence|Moxie|boost\n|-boost|p2a: Salamence|atk|1\n|\n|upkeep\n|\n|t:|1732977418\n|switch|p1a: Alomomola|Alomomola, L87, F|429/429\n|turn|8\n|\n|t:|1732977424\n|move|p2a: Salamence|Outrage|p1a: Alomomola|[from]lockedmove\n|-damage|p1a: Alomomola|74/429\n|move|p1a: Alomomola|Flip Turn|p2a: Salamence\n|-resisted|p2a: Salamence\n|-crit|p2a: Salamence\n|-damage|p2a: Salamence|222/273\n|\n|t:|1732977432\n|switch|p1a: Tauros|Tauros-Paldea-Combat, L82, M|257/257|[from] Flip Turn\n|-ability|p1a: Tauros|Intimidate|boost\n|-unboost|p2a: Salamence|atk|1\n|\n|upkeep\n|turn|9\n|\n|t:|1732977440\n|move|p2a: Salamence|Outrage|p1a: Tauros|[from]lockedmove\n|-damage|p1a: Tauros|16/257\n|-start|p2a: Salamence|confusion|[fatigue]\n|move|p1a: Tauros|Close Combat|p2a: Salamence\n|-resisted|p2a: Salamence\n|-damage|p2a: Salamence|119/273\n|-unboost|p1a: Tauros|def|1\n|-unboost|p1a: Tauros|spd|1\n|-damage|p1a: Tauros|0 fnt|[from] item: Life Orb\n|faint|p1a: Tauros\n|\n|upkeep\n|\n|t:|1732977453\n|switch|p1a: Weavile|Weavile, L79, M|239/239\n|turn|10\n|\n|t:|1732977462\n|switch|p2a: Reuniclus|Reuniclus, L88, F|337/337\n|move|p1a: Weavile|Ice Shard|p2a: Reuniclus\n|-damage|p2a: Reuniclus|264/337\n|\n|upkeep\n|turn|11\n|\n|t:|1732977475\n|switch|p1a: Dudunsparce|Dudunsparce-Three-Segment, L83, M|343/343\n|move|p2a: Reuniclus|Focus Blast|p1a: Dudunsparce\n|-supereffective|p1a: Dudunsparce\n|-damage|p1a: Dudunsparce|0 fnt\n|faint|p1a: Dudunsparce\n|\n|upkeep\n|\n|t:|1732977485\n|switch|p1a: Weavile|Weavile, L79, M|239/239\n|turn|12\n|\n|t:|1732977490\n|move|p1a: Weavile|Knock Off|p2a: Reuniclus\n|-supereffective|p2a: Reuniclus\n|-damage|p2a: Reuniclus|0 fnt\n|-enditem|p2a: Reuniclus|Life Orb|[from] move: Knock Off|[of] p1a: Weavile\n|faint|p2a: Reuniclus\n|\n|upkeep\n|\n|t:|1732977496\n|switch|p2a: Tauros|Tauros-Paldea-Combat, L82, M|257/257\n|-ability|p2a: Tauros|Intimidate|boost\n|-unboost|p1a: Weavile|atk|1\n|turn|13\n|\n|t:|1732977503\n|move|p1a: Weavile|Knock Off|p2a: Tauros\n|-resisted|p2a: Tauros\n|-crit|p2a: Tauros\n|-damage|p2a: Tauros|158/257\n|-enditem|p2a: Tauros|Life Orb|[from] move: Knock Off|[of] p1a: Weavile\n|move|p2a: Tauros|Close Combat|p1a: Weavile\n|-supereffective|p1a: Weavile\n|-damage|p1a: Weavile|0 fnt\n|-unboost|p2a: Tauros|def|1\n|-unboost|p2a: Tauros|spd|1\n|faint|p1a: Weavile\n|\n|upkeep\n|\n|t:|1732977514\n|switch|p1a: Meganium|Meganium, L90, M|163/290\n|turn|14\n|\n|t:|1732977520\n|move|p2a: Tauros|Close Combat|p1a: Meganium\n|-damage|p1a: Meganium|40/290\n|-unboost|p2a: Tauros|def|1\n|-unboost|p2a: Tauros|spd|1\n|move|p1a: Meganium|Earthquake|p2a: Tauros\n|-damage|p2a: Tauros|0 fnt\n|faint|p2a: Tauros\n|-damage|p1a: Meganium|11/290|[from] item: Life Orb\n|\n|upkeep\n|\n|t:|1732977531\n|switch|p2a: Salamence|Salamence, L77, M|119/273\n|turn|15\n|\n|t:|1732977536\n|move|p2a: Salamence|Roost|p2a: Salamence\n|-heal|p2a: Salamence|256/273\n|-singleturn|p2a: Salamence|move: Roost\n|move|p1a: Meganium|Knock Off|p2a: Salamence\n|-damage|p2a: Salamence|181/273\n|-damage|p1a: Meganium|0 fnt|[from] item: Life Orb\n|faint|p1a: Meganium\n|\n|upkeep\n|\n|t:|1732977548\n|switch|p1a: Alomomola|Alomomola, L87, F|217/429\n|turn|16\n|\n|t:|1732977555\n|move|p2a: Salamence|Dual Wingbeat|p1a: Alomomola\n|-damage|p1a: Alomomola|172/429\n|-damage|p1a: Alomomola|121/429\n|-hitcount|p1a: Alomomola|2\n|move|p1a: Alomomola|Flip Turn|p2a: Salamence\n|-resisted|p2a: Salamence\n|-damage|p2a: Salamence|147/273\n|\n|upkeep\n|turn|17\n|\n|t:|1732977565\n|move|p2a: Salamence|Roost|p2a: Salamence\n|-heal|p2a: Salamence|273/273\n|-singleturn|p2a: Salamence|move: Roost\n|move|p1a: Alomomola|Flip Turn|p2a: Salamence\n|-resisted|p2a: Salamence\n|-damage|p2a: Salamence|240/273\n|\n|upkeep\n|turn|18\n|\n|t:|1732977574\n|move|p1a: Alomomola|Protect|p1a: Alomomola\n|-singleturn|p1a: Alomomola|Protect\n|move|p2a: Salamence|Dragon Dance|p2a: Salamence\n|-boost|p2a: Salamence|atk|1\n|-boost|p2a: Salamence|spe|1\n|\n|upkeep\n|turn|19\n|\n|t:|1732977583\n|move|p1a: Alomomola|Protect||[still]\n|-fail|p1a: Alomomola\n|move|p2a: Salamence|Dragon Dance|p2a: Salamence\n|-boost|p2a: Salamence|atk|1\n|-boost|p2a: Salamence|spe|1\n|\n|upkeep\n|turn|20\n|\n|t:|1732977589\n|move|p2a: Salamence|Dragon Dance|p2a: Salamence\n|-boost|p2a: Salamence|atk|1\n|-boost|p2a: Salamence|spe|1\n|move|p1a: Alomomola|Flip Turn|p2a: Salamence\n|-resisted|p2a: Salamence\n|-damage|p2a: Salamence|204/273\n|\n|upkeep\n|turn|21\n|\n|t:|1732977601\n|move|p2a: Salamence|Dragon Dance|p2a: Salamence\n|-boost|p2a: Salamence|atk|1\n|-boost|p2a: Salamence|spe|1\n|move|p1a: Alomomola|Flip Turn|p2a: Salamence\n|-resisted|p2a: Salamence\n|-damage|p2a: Salamence|170/273\n|\n|upkeep\n|turn|22\n|\n|t:|1732977613\n|move|p2a: Salamence|Dragon Dance|p2a: Salamence\n|-boost|p2a: Salamence|atk|1\n|-boost|p2a: Salamence|spe|1\n|move|p1a: Alomomola|Flip Turn|p2a: Salamence\n|-resisted|p2a: Salamence\n|-damage|p2a: Salamence|138/273\n|\n|upkeep\n|turn|23\n|\n|t:|1732977624\n|move|p2a: Salamence|Dragon Dance|p2a: Salamence\n|-boost|p2a: Salamence|atk|1\n|-boost|p2a: Salamence|spe|1\n|move|p1a: Alomomola|Flip Turn|p2a: Salamence\n|-resisted|p2a: Salamence\n|-damage|p2a: Salamence|108/273\n|\n|upkeep\n|turn|24\n|\n|t:|1732977632\n|move|p2a: Salamence|Roost|p2a: Salamence\n|-heal|p2a: Salamence|245/273\n|-singleturn|p2a: Salamence|move: Roost\n|move|p1a: Alomomola|Flip Turn|p2a: Salamence\n|-resisted|p2a: Salamence\n|-damage|p2a: Salamence|210/273\n|\n|upkeep\n|turn|25\n|\n|t:|1732977641\n|switch|p2a: Arboliva|Arboliva, L91, M|290/290\n|move|p1a: Alomomola|Flip Turn|p2a: Arboliva\n|-resisted|p2a: Arboliva\n|-damage|p2a: Arboliva|265/290\n|-fieldstart|move: Grassy Terrain|[from] ability: Seed Sower|[of] p2a: Arboliva\n|\n|-heal|p1a: Alomomola|147/429|[from] Grassy Terrain\n|-heal|p2a: Arboliva|283/290|[from] Grassy Terrain\n|-heal|p2a: Arboliva|290/290|[from] item: Leftovers\n|upkeep\n|turn|26\n|\n|t:|1732977654\n|move|p1a: Alomomola|Wish|p1a: Alomomola\n|move|p2a: Arboliva|Strength Sap|p1a: Alomomola\n|-unboost|p1a: Alomomola|atk|1\n|\n|-heal|p1a: Alomomola|173/429|[from] Grassy Terrain\n|upkeep\n|turn|27\n|\n|t:|1732977662\n|switch|p2a: Salamence|Salamence, L77, M|210/273\n|move|p1a: Alomomola|Wish||[still]\n|-fail|p1a: Alomomola\n|\n|-heal|p1a: Alomomola|387/429|[from] move: Wish|[wisher] Alomomola\n|-heal|p1a: Alomomola|413/429|[from] Grassy Terrain\n|upkeep\n|turn|28\n|\n|t:|1732977672\n|switch|p2a: Arboliva|Arboliva, L91, M|290/290\n|move|p1a: Alomomola|Flip Turn|p2a: Arboliva\n|-resisted|p2a: Arboliva\n|-damage|p2a: Arboliva|273/290\n|\n|-heal|p1a: Alomomola|429/429|[from] Grassy Terrain\n|-heal|p2a: Arboliva|290/290|[from] Grassy Terrain\n|upkeep\n|turn|29\n|\n|t:|1732977682\n|move|p1a: Alomomola|Flip Turn|p2a: Arboliva\n|-resisted|p2a: Arboliva\n|-damage|p2a: Arboliva|272/290\n|move|p2a: Arboliva|Strength Sap|p1a: Alomomola\n|-unboost|p1a: Alomomola|atk|1\n|-heal|p2a: Arboliva|290/290\n|\n|-fieldend|move: Grassy Terrain\n|upkeep\n|turn|30\n|\n|t:|1732977692\n|move|p1a: Alomomola|Flip Turn|p2a: Arboliva\n|-resisted|p2a: Arboliva\n|-damage|p2a: Arboliva|278/290\n|-fieldstart|move: Grassy Terrain|[from] ability: Seed Sower|[of] p2a: Arboliva\n|move|p2a: Arboliva|Strength Sap|p1a: Alomomola\n|-unboost|p1a: Alomomola|atk|1\n|-heal|p2a: Arboliva|290/290\n|\n|upkeep\n|turn|31\n|\n|t:|1732977704\n|move|p1a: Alomomola|Flip Turn|p2a: Arboliva\n|-resisted|p2a: Arboliva\n|-crit|p2a: Arboliva\n|-damage|p2a: Arboliva|250/290\n|move|p2a: Arboliva|Strength Sap|p1a: Alomomola\n|-unboost|p1a: Alomomola|atk|1\n|-heal|p2a: Arboliva|290/290\n|\n|upkeep\n|turn|32\n|inactive|UUUIIIPP has 120 seconds left.\n|\n|t:|1732977751\n|switch|p2a: Cresselia|Cresselia, L80, F|323/323\n|move|p1a: Alomomola|Flip Turn|p2a: Cresselia\n|-damage|p2a: Cresselia|307/323\n|\n|-heal|p2a: Cresselia|323/323|[from] item: Leftovers\n|upkeep\n|turn|33\n|n|\u2606jgmgwgmpm|jgmgwgmpm\n|\n|t:|1732977760\n|switch|p2a: Arboliva|Arboliva, L91, M|290/290\n|move|p1a: Alomomola|Flip Turn|p2a: Arboliva\n|-resisted|p2a: Arboliva\n|-damage|p2a: Arboliva|282/290\n|\n|-heal|p2a: Arboliva|290/290|[from] Grassy Terrain\n|upkeep\n|turn|34\n|\n|t:|1732977769\n|switch|p2a: Cresselia|Cresselia, L80, F|323/323\n|move|p1a: Alomomola|Flip Turn|p2a: Cresselia\n|-damage|p2a: Cresselia|307/323\n|\n|-heal|p2a: Cresselia|323/323|[from] item: Leftovers\n|-fieldend|move: Grassy Terrain\n|upkeep\n|turn|35\n|inactive|UUUIIIPP has 120 seconds left.\n|\n|t:|1732977781\n|switch|p2a: Arboliva|Arboliva, L91, M|290/290\n|move|p1a: Alomomola|Flip Turn|p2a: Arboliva\n|-resisted|p2a: Arboliva\n|-damage|p2a: Arboliva|281/290\n|-fieldstart|move: Grassy Terrain|[from] ability: Seed Sower|[of] p2a: Arboliva\n|\n|-heal|p2a: Arboliva|290/290|[from] Grassy Terrain\n|upkeep\n|turn|36\n|inactive|UUUIIIPP has 120 seconds left.\n|-message|UUUIIIPP forfeited.\n|\n|win|jgmgwgmpm\n|raw|UUUIIIPP's rating: 1000 &rarr; <strong>1000</strong><br />(+0 for losing)\n|raw|jgmgwgmpm's rating: 1000 &rarr; <strong>1040</strong><br />(+40 for winning)\n|l|\u2606UUUIIIPP\n|player|p1|\n", "inputlog": ">version b107d77f5c90bd6555267ae244a6264823309ead\n>start {\"formatid\":\"gen9randombattle\",\"seed\":[37668,25968,42434,32226],\"rated\":\"Rated battle\"}\n>player p1 {\"name\":\"UUUIIIPP\",\"avatar\":\"266\",\"rating\":1000,\"seed\":[58050,36449,43473,60110]}\n>player p2 {\"name\":\"jgmgwgmpm\",\"avatar\":\"102\",\"rating\":1000,\"seed\":[47978,46926,19136,20439]}\n>p1 move shadowball\n>p2 switch 3\n>p1 switch 6\n>p2 move voltswitch\n>p2 switch 2\n>p1 move earthquake\n>p2 move dragondance\n>p1 move knockoff\n>p2 move dragondance\n>p1 move knockoff\n>p2 move roost\n>p1 switch 5\n>p2 move roost\n>p1 move dracometeor\n>p2 move outrage\n>p1 switch 2\n>p1 move flipturn\n>p2 move outrage\n>p1 switch 3\n>p1 move closecombat\n>p2 move outrage\n>p1 switch 4\n>p1 move iceshard\n>p2 switch 6\n>p1 switch 6\n>p2 move focusblast\n>p1 switch 6\n>p1 move knockoff\n>p2 move focusblast\n>p2 switch 4\n>p1 move knockoff\n>p2 move closecombat\n>p1 switch 5\n>p1 move earthquake\n>p2 move closecombat\n>p2 switch 6\n>p1 move knockoff\n>p2 move roost\n>p1 switch 3\n>p1 move flipturn\n>p2 move dualwingbeat\n>p1 move flipturn\n>p2 move roost\n>p1 move protect\n>p2 move dragondance\n>p1 move protect\n>p2 move dragondance\n>p1 move flipturn\n>p2 move dragondance\n>p1 move flipturn\n>p2 move dragondance\n>p1 move flipturn\n>p2 move dragondance\n>p1 move flipturn\n>p2 move dragondance\n>p1 move flipturn\n>p2 move roost\n>p1 move flipturn\n>p2 switch 3\n>p1 move wish\n>p2 move strengthsap\n>p1 move wish\n>p2 switch 3\n>p1 move flipturn\n>p2 switch 3\n>p1 move flipturn\n>p2 move strengthsap\n>p1 move flipturn\n>p2 move strengthsap\n>p1 move flipturn\n>p2 move strengthsap\n>p1 move flipturn\n>p2 switch 5\n>p1 move flipturn\n>p2 switch 5\n>p1 move flipturn\n>p2 switch 5\n>p1 move flipturn\n>p2 switch 5\n>forcelose p1", "uploadtime": 1732977800, "views": 1, "formatid": "gen9randombattle", "rating": 1000, "private": 0, "password": null}