{"id": "gen9randombattle-2254019659", "format": "[Gen 9] Random Battle", "players": ["tupadreelborracho8", "Qcasso22"], "log": "|j|\u2606tupadreelborracho8\n|j|\u2606Qcasso22\n|t:|1732980872\n|gametype|singles\n|player|p1|tupadreelborracho8|ghetsis|1277\n|player|p2|Qcasso22|265|1316\n|teamsize|p1|6\n|teamsize|p2|6\n|gen|9\n|tier|[Gen 9] Random Battle\n|rated|\n|rule|Species Clause: Limit one of each Pok\u00e9mon\n|rule|HP Percentage Mod: HP is shown in percentages\n|rule|Sleep Clause Mod: Limit one foe put to sleep\n|rule|Illusion Level Mod: Illusion disguises the Pok\u00e9mon's true level\n|\n|t:|1732980872\n|start\n|switch|p1a: Keldeo|Keldeo-Resolute, L79|273/273\n|switch|p2a: Hypno|Hypno, L95, M|315/315\n|turn|1\n|inactive|Battle timer is ON: inactive players will automatically lose when time's up. (requested by Qcasso22)\n|\n|t:|1732980884\n|switch|p1a: Brute Bonnet|Brute Bonnet, L81|312/312\n|move|p2a: Hypno|Thunder Wave|p1a: Brute Bonnet\n|-status|p1a: Brute Bonnet|par\n|\n|upkeep\n|turn|2\n|\n|t:|1732980906\n|switch|p2a: Keldeo|Keldeo-Resolute, L79|273/273\n|move|p1a: Brute Bonnet|Spore|p2a: Keldeo\n|-status|p2a: Keldeo|slp|[from] move: Spore\n|\n|upkeep\n|turn|3\n|\n|t:|1732980917\n|switch|p2a: Copperajah|Copperajah, L86, F|350/350\n|cant|p1a: Brute Bonnet|par\n|\n|upkeep\n|turn|4\n|\n|t:|1732980932\n|-end|p1a: Brute Bonnet|Protosynthesis|[silent]\n|switch|p1a: Keldeo|Keldeo-Resolute, L79|273/273\n|move|p2a: Copperajah|Knock Off|p1a: Keldeo\n|-resisted|p1a: Keldeo\n|-damage|p1a: Keldeo|207/273\n|-ability|p1a: Keldeo|Justified|boost\n|-boost|p1a: Keldeo|atk|1\n|-enditem|p1a: Keldeo|Life Orb|[from] move: Knock Off|[of] p2a: Copperajah\n|\n|upkeep\n|turn|5\n|\n|t:|1732980946\n|switch|p2a: Brambleghast|Brambleghast, L88, F|240/240\n|move|p1a: Keldeo|Secret Sword|p2a: Brambleghast\n|-immune|p2a: Brambleghast\n|\n|upkeep\n|turn|6\n|\n|t:|1732980964\n|switch|p1a: Cetitan|Cetitan, L82, F|412/412\n|move|p2a: Brambleghast|Strength Sap|p1a: Cetitan\n|-unboost|p1a: Cetitan|atk|1\n|\n|upkeep\n|turn|7\n|\n|t:|1732980977\n|switch|p2a: Copperajah|Copperajah, L86, F|350/350\n|move|p1a: Cetitan|Belly Drum|p1a: Cetitan\n|-damage|p1a: Cetitan|206/412\n|-setboost|p1a: Cetitan|atk|6|[from] move: Belly Drum\n|-enditem|p1a: Cetitan|Sitrus Berry|[eat]\n|-heal|p1a: Cetitan|309/412|[from] item: Sitrus Berry\n|\n|upkeep\n|turn|8\n|\n|t:|1732980993\n|move|p1a: Cetitan|Earthquake|p2a: Copperajah\n|-supereffective|p2a: Copperajah\n|-damage|p2a: Copperajah|0 fnt\n|faint|p2a: Copperajah\n|\n|upkeep\n|\n|t:|1732980999\n|switch|p2a: Hypno|Hypno, L95, M|315/315\n|turn|9\n|\n|t:|1732981005\n|move|p2a: Hypno|Thunder Wave|p1a: Cetitan\n|-status|p1a: Cetitan|par\n|move|p1a: Cetitan|Ice Spinner|p2a: Hypno\n|-damage|p2a: Hypno|0 fnt\n|faint|p2a: Hypno\n|\n|upkeep\n|\n|t:|1732981014\n|switch|p2a: Infernape|Infernape, L82, M|259/259\n|turn|10\n|\n|t:|1732981028\n|move|p2a: Infernape|Close Combat|p1a: Cetitan\n|-supereffective|p1a: Cetitan\n|-damage|p1a: Cetitan|0 fnt\n|-unboost|p2a: Infernape|def|1\n|-unboost|p2a: Infernape|spd|1\n|faint|p1a: Cetitan\n|\n|upkeep\n|\n|t:|1732981043\n|switch|p1a: Arceus|Arceus-Water, L71|288/288\n|turn|11\n|\n|t:|1732981055\n|switch|p2a: Brambleghast|Brambleghast, L88, F|240/240\n|move|p1a: Arceus|Will-O-Wisp|p2a: Brambleghast|[miss]\n|-miss|p1a: Arceus|p2a: Brambleghast\n|\n|upkeep\n|turn|12\n|\n|t:|1732981075\n|switch|p1a: Appletun|Appletun, L92, F|352/352\n|move|p2a: Brambleghast|Strength Sap|p1a: Appletun\n|-unboost|p1a: Appletun|atk|1\n|\n|upkeep\n|turn|13\n|\n|t:|1732981088\n|move|p2a: Brambleghast|Spikes|p1a: Appletun\n|-sidestart|p1: tupadreelborracho8|Spikes\n|move|p1a: Appletun|Dragon Pulse|p2a: Brambleghast\n|-damage|p2a: Brambleghast|120/240\n|\n|-heal|p2a: Brambleghast|135/240|[from] item: Leftovers\n|upkeep\n|turn|14\n|\n|t:|1732981101\n|move|p2a: Brambleghast|Spikes|p1a: Appletun\n|-sidestart|p1: tupadreelborracho8|Spikes\n|move|p1a: Appletun|Dragon Pulse|p2a: Brambleghast\n|-damage|p2a: Brambleghast|9/240\n|\n|-heal|p2a: Brambleghast|24/240|[from] item: Leftovers\n|upkeep\n|turn|15\n|\n|t:|1732981117\n|move|p2a: Brambleghast|Strength Sap|p1a: Appletun\n|-unboost|p1a: Appletun|atk|1\n|-heal|p2a: Brambleghast|131/240\n|move|p1a: Appletun|Dragon Pulse|p2a: Brambleghast\n|-damage|p2a: Brambleghast|16/240\n|\n|-heal|p2a: Brambleghast|31/240|[from] item: Leftovers\n|upkeep\n|turn|16\n|\n|t:|1732981137\n|switch|p2a: Keldeo|Keldeo-Resolute, L79|273/273 slp\n|switch|p1a: Brute Bonnet|Brute Bonnet, L81|312/312 par\n|-damage|p1a: Brute Bonnet|260/312 par|[from] Spikes\n|\n|-heal|p1a: Brute Bonnet|279/312 par|[from] item: Leftovers\n|upkeep\n|turn|17\n|inactive|tupadreelborracho8 has 120 seconds left.\n|\n|t:|1732981160\n|-terastallize|p2a: Keldeo|Steel\n|cant|p2a: Keldeo|slp\n|cant|p1a: Brute Bonnet|par\n|\n|-heal|p1a: Brute Bonnet|298/312 par|[from] item: Leftovers\n|upkeep\n|turn|18\n|inactive|tupadreelborracho8 has 120 seconds left.\n|\n|t:|1732981171\n|-end|p1a: Brute Bonnet|Protosynthesis|[silent]\n|switch|p1a: Keldeo|Keldeo-Resolute, L79|207/273\n|-damage|p1a: Keldeo|162/273|[from] Spikes\n|cant|p2a: Keldeo|slp\n|\n|upkeep\n|turn|19\n|\n|t:|1732981186\n|switch|p2a: Brambleghast|Brambleghast, L88, F|31/240\n|move|p1a: Keldeo|Secret Sword|p2a: Brambleghast\n|-immune|p2a: Brambleghast\n|\n|-heal|p2a: Brambleghast|46/240|[from] item: Leftovers\n|upkeep\n|turn|20\n|\n|t:|1732981195\n|move|p1a: Keldeo|Hydro Pump|p2a: Brambleghast\n|-resisted|p2a: Brambleghast\n|-damage|p2a: Brambleghast|0 fnt\n|faint|p2a: Brambleghast\n|\n|upkeep\n|\n|t:|1732981202\n|switch|p2a: Calyrex|Calyrex-Shadow, L64|235/235\n|-ability|p2a: Calyrex|As One\n|-ability|p2a: Calyrex|Unnerve\n|turn|21\n|\n|t:|1732981217\n|switch|p1a: Brute Bonnet|Brute Bonnet, L81|298/312 par\n|-damage|p1a: Brute Bonnet|246/312 par|[from] Spikes\n|move|p2a: Calyrex|Pollen Puff|p1a: Brute Bonnet\n|-supereffective|p1a: Brute Bonnet\n|-damage|p1a: Brute Bonnet|0 fnt\n|faint|p1a: Brute Bonnet\n|-end|p1a: Brute Bonnet|Protosynthesis|[silent]\n|-ability|p2a: Calyrex|Grim Neigh|boost\n|-boost|p2a: Calyrex|spa|1\n|\n|upkeep\n|inactive|tupadreelborracho8 has 120 seconds left.\n|\n|t:|1732981243\n|switch|p1a: Appletun|Appletun, L92, F|352/352\n|-damage|p1a: Appletun|294/352|[from] Spikes\n|turn|22\n|\n|t:|1732981248\n|move|p2a: Calyrex|Pollen Puff|p1a: Appletun\n|-supereffective|p1a: Appletun\n|-damage|p1a: Appletun|42/352\n|move|p1a: Appletun|Leech Seed|p2a: Calyrex\n|-start|p2a: Calyrex|move: Leech Seed\n|\n|-heal|p1a: Appletun|64/352|[from] item: Leftovers\n|-damage|p2a: Calyrex|206/235|[from] Leech Seed|[of] p1a: Appletun\n|-heal|p1a: Appletun|93/352|[silent]\n|upkeep\n|turn|23\n|inactive|tupadreelborracho8 has 120 seconds left.\n|\n|t:|1732981277\n|switch|p1a: Orthworm|Orthworm, L88, M|266/266\n|-damage|p1a: Orthworm|222/266|[from] Spikes\n|move|p2a: Calyrex|Pollen Puff|p1a: Orthworm\n|-resisted|p1a: Orthworm\n|-damage|p1a: Orthworm|131/266\n|\n|-damage|p2a: Calyrex|177/235|[from] Leech Seed|[of] p1a: Orthworm\n|-heal|p1a: Orthworm|160/266|[silent]\n|upkeep\n|turn|24\n|l|\u2606tupadreelborracho8\n|inactive|tupadreelborracho8 disconnected and has a minute to reconnect!\n|player|p1|\n|inactive|tupadreelborracho8 has 30 seconds to reconnect!\n|inactive|tupadreelborracho8 has 20 seconds to reconnect!\n|inactive|tupadreelborracho8 has 15 seconds to reconnect!\n|inactive|tupadreelborracho8 has 10 seconds to reconnect!\n|inactive|tupadreelborracho8 has 5 seconds to reconnect!\n|-message|tupadreelborracho8 lost due to inactivity.\n|\n|win|Qcasso22\n|raw|tupadreelborracho8's rating: 1277 &rarr; <strong>1255</strong><br />(-22 for losing)\n|raw|Qcasso22's rating: 1316 &rarr; <strong>1334</strong><br />(+18 for winning)\n", "inputlog": ">version b107d77f5c90bd6555267ae244a6264823309ead\n>start {\"formatid\":\"gen9randombattle\",\"seed\":[56401,58396,62223,27700],\"rated\":\"Rated battle\"}\n>player p1 {\"name\":\"tupadreelborracho8\",\"avatar\":\"ghetsis\",\"rating\":1277,\"seed\":[49860,1150,54021,11853]}\n>player p2 {\"name\":\"Qcasso22\",\"avatar\":\"265\",\"rating\":1316,\"seed\":[1737,42596,14120,12495]}\n>p1 switch 3\n>p2 move thunderwave\n>p1 move spore\n>p2 switch 5\n>p1 move seedbomb\n>p2 switch 6\n>p1 switch 3\n>p2 move knockoff\n>p1 move secretsword\n>p2 switch 4\n>p1 switch 6\n>p2 move strengthsap\n>p1 move bellydrum\n>p2 switch 4\n>p1 move earthquake\n>p2 move heavyslam\n>p2 switch 5\n>p1 move icespinner\n>p2 move thunderwave\n>p2 switch 3\n>p1 move earthquake\n>p2 move closecombat\n>p1 switch 2\n>p1 move willowisp\n>p2 switch 4\n>p1 switch 4\n>p2 move strengthsap\n>p1 move dragonpulse\n>p2 move spikes\n>p1 move dragonpulse\n>p2 move spikes\n>p1 move dragonpulse\n>p2 move strengthsap\n>p1 switch 3\n>p2 switch 6\n>p1 move spore\n>p2 move calmmind terastallize\n>p1 switch 6\n>p2 move secretsword\n>p1 move secretsword\n>p2 switch 6\n>p1 move hydropump\n>p2 move strengthsap\n>p2 switch 2\n>p1 switch 6\n>p2 move pollenpuff\n>p1 switch 3\n>p1 move leechseed\n>p2 move pollenpuff\n>p1 switch 5\n>p2 move pollenpuff\n>forcelose p1", "uploadtime": 1732981341, "views": 4, "formatid": "gen9randombattle", "rating": 1255, "private": 0, "password": null}