{"id": "gen9randombattle-2254021239", "format": "[Gen 9] Random Battle", "players": ["EmyDuarda", "efvrgt4tvf"], "log": "|j|\u2606EmyDuarda\n|j|\u2606efvrgt4tvf\n|t:|1732981080\n|gametype|singles\n|player|p1|EmyDuarda|rosa|1024\n|player|p2|efvrgt4tvf|265|1043\n|teamsize|p1|6\n|teamsize|p2|6\n|gen|9\n|tier|[Gen 9] Random Battle\n|rated|\n|rule|Species Clause: Limit one of each Pok\u00e9mon\n|rule|HP Percentage Mod: HP is shown in percentages\n|rule|Sleep Clause Mod: Limit one foe put to sleep\n|rule|Illusion Level Mod: Illusion disguises the Pok\u00e9mon's true level\n|\n|t:|1732981080\n|start\n|switch|p1a: Malamar|Malamar, L82, M|275/275\n|switch|p2a: Necrozma|Necrozma-Dawn-Wings, L76|272/272\n|turn|1\n|\n|t:|1732981099\n|move|p1a: Malamar|Knock Off|p2a: Necrozma\n|-supereffective|p2a: Necrozma\n|-damage|p2a: Necrozma|17/272\n|-enditem|p2a: Necrozma|Leftovers|[from] move: Knock Off|[of] p1a: Malamar\n|move|p2a: Necrozma|Moongeist Beam|p1a: Malamar\n|-damage|p1a: Malamar|131/275\n|\n|-heal|p1a: Malamar|148/275|[from] item: Leftovers\n|upkeep\n|turn|2\n|\n|t:|1732981116\n|switch|p2a: Pelipper|Pelipper, L86, F|243/243\n|-weather|RainDance|[from] ability: Drizzle|[of] p2a: Pelipper\n|move|p1a: Malamar|Knock Off|p2a: Pelipper\n|-damage|p2a: Pelipper|155/243\n|-enditem|p2a: Pelipper|Heavy-Duty Boots|[from] move: Knock Off|[of] p1a: Malamar\n|\n|-weather|RainDance|[upkeep]\n|-heal|p1a: Malamar|165/275|[from] item: Leftovers\n|upkeep\n|turn|3\n|\n|t:|1732981148\n|switch|p1a: Dugtrio|Dugtrio-Alola, L84, F|196/196\n|move|p2a: Pelipper|Hydro Pump|p1a: Dugtrio\n|-supereffective|p1a: Dugtrio\n|-damage|p1a: Dugtrio|0 fnt\n|faint|p1a: Dugtrio\n|\n|-weather|RainDance|[upkeep]\n|upkeep\n|\n|t:|1732981163\n|switch|p1a: Cinderace|Cinderace, L77, M|249/249\n|turn|4\n|\n|t:|1732981179\n|switch|p1a: Tatsugiri|Tatsugiri-Droopy, L87, F|260/260\n|move|p2a: Pelipper|Hydro Pump|p1a: Tatsugiri\n|-ability|p1a: Tatsugiri|Storm Drain|boost\n|-boost|p1a: Tatsugiri|spa|1\n|\n|-weather|RainDance|[upkeep]\n|upkeep\n|turn|5\n|\n|t:|1732981192\n|move|p1a: Tatsugiri|Draco Meteor|p2a: Pelipper\n|-damage|p2a: Pelipper|0 fnt\n|-unboost|p1a: Tatsugiri|spa|2\n|faint|p2a: Pelipper\n|\n|-weather|RainDance|[upkeep]\n|upkeep\n|\n|t:|1732981214\n|switch|p2a: Komala|Komala, L89, F|260/260\n|-ability|p2a: Komala|Comatose\n|turn|6\n|\n|t:|1732981224\n|move|p1a: Tatsugiri|Draco Meteor|p2a: Komala\n|-damage|p2a: Komala|163/260\n|-unboost|p1a: Tatsugiri|spa|2\n|move|p2a: Komala|Body Slam|p1a: Tatsugiri\n|-damage|p1a: Tatsugiri|41/260\n|-status|p1a: Tatsugiri|par\n|\n|-weather|none\n|upkeep\n|turn|7\n|\n|t:|1732981252\n|move|p2a: Komala|Body Slam|p1a: Tatsugiri\n|-damage|p1a: Tatsugiri|0 fnt\n|faint|p1a: Tatsugiri\n|\n|upkeep\n|\n|t:|1732981275\n|switch|p1a: Cinderace|Cinderace, L77, M|249/249\n|turn|8\n|\n|t:|1732981283\n|move|p1a: Cinderace|High Jump Kick|p2a: Komala\n|-start|p1a: Cinderace|typechange|Fighting|[from] ability: Libero\n|-supereffective|p2a: Komala\n|-damage|p2a: Komala|0 fnt\n|faint|p2a: Komala\n|\n|upkeep\n|\n|t:|1732981289\n|switch|p2a: Noctowl|Noctowl, L95, F|344/344\n|turn|9\n|\n|t:|1732981307\n|switch|p1a: Malamar|Malamar, L82, M|165/275\n|move|p2a: Noctowl|Hurricane|p1a: Malamar\n|-damage|p1a: Malamar|3/275\n|\n|-heal|p1a: Malamar|20/275|[from] item: Leftovers\n|upkeep\n|turn|10\n|\n|t:|1732981337\n|move|p2a: Noctowl|Hyper Voice|p1a: Malamar\n|-damage|p1a: Malamar|0 fnt\n|faint|p1a: Malamar\n|\n|upkeep\n|\n|t:|1732981350\n|switch|p1a: Girafarig|Girafarig, L89, F|269/269\n|turn|11\n|\n|t:|1732981355\n|move|p1a: Girafarig|Thunderbolt|p2a: Noctowl\n|-supereffective|p2a: Noctowl\n|-damage|p2a: Noctowl|222/344\n|move|p2a: Noctowl|Hyper Voice|p1a: Girafarig\n|-damage|p1a: Girafarig|175/269\n|\n|upkeep\n|turn|12\n|\n|t:|1732981366\n|move|p1a: Girafarig|Thunderbolt|p2a: Noctowl\n|-supereffective|p2a: Noctowl\n|-damage|p2a: Noctowl|106/344\n|move|p2a: Noctowl|Hurricane|p1a: Girafarig|[miss]\n|-miss|p2a: Noctowl|p1a: Girafarig\n|\n|upkeep\n|turn|13\n|\n|t:|1732981376\n|move|p1a: Girafarig|Thunderbolt|p2a: Noctowl\n|-supereffective|p2a: Noctowl\n|-crit|p2a: Noctowl\n|-damage|p2a: Noctowl|0 fnt\n|faint|p2a: Noctowl\n|\n|upkeep\n|\n|t:|1732981390\n|switch|p2a: Bruxish|Bruxish, L85, F|254/254\n|turn|14\n|\n|t:|1732981393\n|move|p2a: Bruxish|Crunch|p1a: Girafarig\n|-supereffective|p1a: Girafarig\n|-damage|p1a: Girafarig|0 fnt\n|faint|p1a: Girafarig\n|\n|upkeep\n|\n|t:|1732981408\n|switch|p1a: Swampert|Swampert, L83, M|302/302\n|turn|15\n|\n|t:|1732981418\n|move|p2a: Bruxish|Crunch|p1a: Swampert\n|-damage|p1a: Swampert|173/302\n|move|p1a: Swampert|Knock Off|p2a: Bruxish\n|-supereffective|p2a: Bruxish\n|-damage|p2a: Bruxish|90/254\n|-enditem|p2a: Bruxish|Choice Band|[from] move: Knock Off|[of] p1a: Swampert\n|\n|-heal|p1a: Swampert|191/302|[from] item: Leftovers\n|upkeep\n|turn|16\n|\n|t:|1732981430\n|move|p2a: Bruxish|Psychic Fangs|p1a: Swampert\n|-damage|p1a: Swampert|50/302\n|move|p1a: Swampert|Knock Off|p2a: Bruxish\n|-supereffective|p2a: Bruxish\n|-damage|p2a: Bruxish|0 fnt\n|faint|p2a: Bruxish\n|\n|-heal|p1a: Swampert|68/302|[from] item: Leftovers\n|upkeep\n|\n|t:|1732981443\n|switch|p2a: Zacian|Zacian-Crowned, L64|225/225\n|-ability|p2a: Zacian|Intrepid Sword|boost\n|-boost|p2a: Zacian|atk|1\n|turn|17\n|\n|t:|1732981449\n|move|p2a: Zacian|Play Rough|p1a: Swampert\n|-damage|p1a: Swampert|0 fnt\n|faint|p1a: Swampert\n|\n|upkeep\n|\n|t:|1732981455\n|switch|p1a: Cinderace|Cinderace, L77, M|249/249\n|turn|18\n|\n|t:|1732981471\n|move|p1a: Cinderace|Pyro Ball|p2a: Zacian\n|-supereffective|p2a: Zacian\n|-damage|p2a: Zacian|0 fnt\n|faint|p2a: Zacian\n|\n|upkeep\n|\n|t:|1732981474\n|switch|p2a: Necrozma|Necrozma-Dawn-Wings, L76|17/272\n|turn|19\n|\n|t:|1732981482\n|move|p1a: Cinderace|Pyro Ball|p2a: Necrozma\n|-damage|p2a: Necrozma|0 fnt\n|faint|p2a: Necrozma\n|\n|win|EmyDuarda\n|raw|EmyDuarda's rating: 1024 &rarr; <strong>1062</strong><br />(+38 for winning)\n|raw|efvrgt4tvf's rating: 1043 &rarr; <strong>1026</strong><br />(-17 for losing)\n|l|\u2606efvrgt4tvf\n|player|p2|\n", "inputlog": ">version b107d77f5c90bd6555267ae244a6264823309ead\n>start {\"formatid\":\"gen9randombattle\",\"seed\":[33728,50491,51375,61907],\"rated\":\"Rated battle\"}\n>player p1 {\"name\":\"EmyDuarda\",\"avatar\":\"rosa\",\"rating\":1024,\"seed\":[13009,41166,3903,46583]}\n>player p2 {\"name\":\"efvrgt4tvf\",\"avatar\":\"265\",\"rating\":1043,\"seed\":[9455,1350,54165,56295]}\n>p1 move knockoff\n>p2 move moongeistbeam\n>p1 move knockoff\n>p2 switch 6\n>p1 switch 6\n>p2 move hydropump\n>p1 switch 3\n>p1 switch 2\n>p2 move hydropump\n>p1 move dracometeor\n>p2 move hurricane\n>p2 switch 3\n>p1 move dracometeor\n>p2 move bodyslam\n>p1 move rapidspin\n>p2 move bodyslam\n>p1 switch 2\n>p1 move highjumpkick\n>p2 move bodyslam\n>p2 switch 2\n>p1 switch 6\n>p2 move hurricane\n>p1 move knockoff\n>p2 move hypervoice\n>p1 switch 5\n>p1 move thunderbolt\n>p2 move hypervoice\n>p1 move thunderbolt\n>p2 move hurricane\n>p1 move thunderbolt\n>p2 move hurricane\n>p2 switch 5\n>p1 move thunderbolt\n>p2 move crunch\n>p1 switch 4\n>p1 move knockoff\n>p2 move crunch\n>p1 move knockoff\n>p2 move psychicfangs\n>p2 switch 4\n>p1 move earthquake\n>p2 move playrough\n>p1 switch 6\n>p1 move pyroball\n>p2 move behemothblade\n>p2 switch 6\n>p1 move pyroball\n>p2 move moonlight", "uploadtime": 1732981503, "views": 9, "formatid": "gen9randombattle", "rating": 1026, "private": 0, "password": null}