{"id": "gen9randombattle-2253934250", "format": "[Gen 9] Random Battle", "players": ["brayan200275+", "pain_hate_sad_827"], "log": "|j|\u2606brayan200275+\n|j|\u2606pain_hate_sad_827\n|t:|1732966904\n|gametype|singles\n|player|p1|brayan200275+|102|1221\n|player|p2|pain_hate_sad_827|169|1232\n|teamsize|p1|6\n|teamsize|p2|6\n|gen|9\n|tier|[Gen 9] Random Battle\n|rated|\n|rule|Species Clause: Limit one of each Pok\u00e9mon\n|rule|HP Percentage Mod: HP is shown in percentages\n|rule|Sleep Clause Mod: Limit one foe put to sleep\n|rule|Illusion Level Mod: Illusion disguises the Pok\u00e9mon's true level\n|\n|t:|1732966904\n|start\n|switch|p1a: Spectrier|Spectrier, L75|274/274\n|switch|p2a: Ursaring|Ursaring, L84, F|288/288\n|turn|1\n|\n|t:|1732966923\n|switch|p1a: Toxicroak|Toxicroak, L84, M|277/277\n|move|p2a: Ursaring|Crunch|p1a: Toxicroak\n|-resisted|p1a: Toxicroak\n|-damage|p1a: Toxicroak|233/277\n|\n|-status|p2a: Ursaring|tox|[from] item: Toxic Orb\n|upkeep\n|turn|2\n|\n|t:|1732966941\n|-terastallize|p2a: Ursaring|Normal\n|move|p2a: Ursaring|Facade|p1a: Toxicroak\n|-damage|p1a: Toxicroak|0 fnt\n|faint|p1a: Toxicroak\n|\n|-damage|p2a: Ursaring|270/288 tox|[from] psn\n|upkeep\n|\n|t:|1732966958\n|switch|p1a: Giratina|Giratina, L75|349/349\n|-ability|p1a: Giratina|Pressure\n|turn|3\n|\n|t:|1732966971\n|move|p2a: Ursaring|Swords Dance|p2a: Ursaring\n|-boost|p2a: Ursaring|atk|2\n|move|p1a: Giratina|Dragon Tail|p2a: Ursaring\n|-damage|p2a: Ursaring|209/288 tox\n|drag|p2a: Florges|Florges-White, L85, F|271/271\n|\n|upkeep\n|turn|4\n|\n|t:|1732967010\n|switch|p1a: Whimsicott|Whimsicott, L85, F|241/241\n|move|p2a: Florges|Moonblast|p1a: Whimsicott\n|-damage|p1a: Whimsicott|114/241\n|-unboost|p1a: Whimsicott|spa|1\n|\n|-heal|p1a: Whimsicott|129/241|[from] item: Leftovers\n|upkeep\n|turn|5\n|\n|t:|1732967022\n|move|p2a: Florges|Protect|p2a: Florges\n|-singleturn|p2a: Florges|Protect\n|move|p1a: Whimsicott|Leech Seed|p2a: Florges\n|-activate|p2a: Florges|move: Protect\n|\n|-heal|p1a: Whimsicott|144/241|[from] item: Leftovers\n|upkeep\n|turn|6\n|\n|t:|1732967030\n|move|p1a: Whimsicott|Encore|p2a: Florges\n|-start|p2a: Florges|Encore\n|move|p2a: Florges|Protect||[still]\n|-fail|p2a: Florges\n|\n|-heal|p1a: Whimsicott|159/241|[from] item: Leftovers\n|upkeep\n|turn|7\n|\n|t:|1732967039\n|switch|p2a: Ursaring|Ursaring, L84, F, tera:Normal|209/288 tox\n|move|p1a: Whimsicott|Substitute|p1a: Whimsicott\n|-start|p1a: Whimsicott|Substitute\n|-damage|p1a: Whimsicott|99/241\n|\n|-heal|p1a: Whimsicott|114/241|[from] item: Leftovers\n|-damage|p2a: Ursaring|191/288 tox|[from] psn\n|upkeep\n|turn|8\n|\n|t:|1732967047\n|move|p1a: Whimsicott|Leech Seed|p2a: Ursaring\n|-start|p2a: Ursaring|move: Leech Seed\n|move|p2a: Ursaring|Facade|p1a: Whimsicott\n|-end|p1a: Whimsicott|Substitute\n|\n|-heal|p1a: Whimsicott|129/241|[from] item: Leftovers\n|-damage|p2a: Ursaring|155/288 tox|[from] Leech Seed|[of] p1a: Whimsicott\n|-heal|p1a: Whimsicott|165/241|[silent]\n|-damage|p2a: Ursaring|119/288 tox|[from] psn\n|upkeep\n|turn|9\n|\n|t:|1732967060\n|switch|p1a: Giratina|Giratina, L75|349/349\n|-ability|p1a: Giratina|Pressure\n|move|p2a: Ursaring|Facade|p1a: Giratina\n|-immune|p1a: Giratina\n|\n|-damage|p2a: Ursaring|83/288 tox|[from] Leech Seed|[of] p1a: Giratina\n|-damage|p2a: Ursaring|29/288 tox|[from] psn\n|upkeep\n|turn|10\n|\n|t:|1732967072\n|move|p2a: Ursaring|Crunch|p1a: Giratina\n|-supereffective|p1a: Giratina\n|-damage|p1a: Giratina|229/349\n|-unboost|p1a: Giratina|def|1\n|move|p1a: Giratina|Shadow Ball|p2a: Ursaring\n|-immune|p2a: Ursaring\n|\n|-damage|p2a: Ursaring|0 fnt|[from] Leech Seed|[of] p1a: Giratina\n|-heal|p1a: Giratina|258/349|[silent]\n|faint|p2a: Ursaring\n|upkeep\n|\n|t:|1732967099\n|switch|p2a: Wo-Chien|Wo-Chien, L83|277/277\n|-ability|p2a: Wo-Chien|Tablets of Ruin\n|turn|11\n|\n|t:|1732967113\n|switch|p1a: Whimsicott|Whimsicott, L85, F|165/241\n|move|p2a: Wo-Chien|Knock Off|p1a: Whimsicott\n|-resisted|p1a: Whimsicott\n|-damage|p1a: Whimsicott|119/241\n|-enditem|p1a: Whimsicott|Leftovers|[from] move: Knock Off|[of] p2a: Wo-Chien\n|\n|upkeep\n|turn|12\n|\n|t:|1732967142\n|move|p1a: Whimsicott|Moonblast|p2a: Wo-Chien\n|-supereffective|p2a: Wo-Chien\n|-damage|p2a: Wo-Chien|161/277\n|move|p2a: Wo-Chien|Stun Spore|p1a: Whimsicott\n|-immune|p1a: Whimsicott\n|\n|-heal|p2a: Wo-Chien|178/277|[from] item: Leftovers\n|upkeep\n|turn|13\n|\n|t:|1732967160\n|move|p2a: Wo-Chien|Protect|p2a: Wo-Chien\n|-singleturn|p2a: Wo-Chien|Protect\n|move|p1a: Whimsicott|Encore|p2a: Wo-Chien\n|-activate|p2a: Wo-Chien|move: Protect\n|\n|-heal|p2a: Wo-Chien|195/277|[from] item: Leftovers\n|upkeep\n|turn|14\n|\n|t:|1732967171\n|move|p1a: Whimsicott|Encore|p2a: Wo-Chien\n|-hint|Since gen 7, Dark is immune to Prankster moves.\n|-immune|p2a: Wo-Chien\n|move|p2a: Wo-Chien|Leech Seed|p1a: Whimsicott\n|-immune|p1a: Whimsicott\n|\n|-heal|p2a: Wo-Chien|212/277|[from] item: Leftovers\n|upkeep\n|turn|15\n|\n|t:|1732967181\n|move|p1a: Whimsicott|Moonblast|p2a: Wo-Chien\n|-supereffective|p2a: Wo-Chien\n|-damage|p2a: Wo-Chien|84/277\n|move|p2a: Wo-Chien|Knock Off|p1a: Whimsicott\n|-resisted|p1a: Whimsicott\n|-damage|p1a: Whimsicott|86/241\n|\n|-heal|p2a: Wo-Chien|101/277|[from] item: Leftovers\n|upkeep\n|turn|16\n|\n|t:|1732967192\n|move|p2a: Wo-Chien|Protect|p2a: Wo-Chien\n|-singleturn|p2a: Wo-Chien|Protect\n|move|p1a: Whimsicott|Moonblast|p2a: Wo-Chien\n|-activate|p2a: Wo-Chien|move: Protect\n|\n|-heal|p2a: Wo-Chien|118/277|[from] item: Leftovers\n|upkeep\n|turn|17\n|\n|t:|1732967203\n|move|p1a: Whimsicott|Moonblast|p2a: Wo-Chien\n|-supereffective|p2a: Wo-Chien\n|-damage|p2a: Wo-Chien|0 fnt\n|faint|p2a: Wo-Chien\n|\n|upkeep\n|\n|t:|1732967229\n|switch|p2a: Kilowattrel|Kilowattrel, L83, M|252/252\n|turn|18\n|\n|t:|1732967242\n|-terastallize|p1a: Whimsicott|Steel\n|move|p1a: Whimsicott|Leech Seed|p2a: Kilowattrel\n|-start|p2a: Kilowattrel|move: Leech Seed\n|move|p2a: Kilowattrel|Hurricane|p1a: Whimsicott\n|-resisted|p1a: Whimsicott\n|-damage|p1a: Whimsicott|23/241\n|\n|-damage|p2a: Kilowattrel|221/252|[from] Leech Seed|[of] p1a: Whimsicott\n|-heal|p1a: Whimsicott|54/241|[silent]\n|upkeep\n|turn|19\n|\n|t:|1732967265\n|switch|p1a: Giratina|Giratina, L75|258/349\n|-ability|p1a: Giratina|Pressure\n|move|p2a: Kilowattrel|U-turn|p1a: Giratina\n|-resisted|p1a: Giratina\n|-damage|p1a: Giratina|240/349\n|\n|t:|1732967278\n|switch|p2a: Hariyama|Hariyama, L87, M|392/392|[from] U-turn\n|\n|upkeep\n|turn|20\n|\n|t:|1732967289\n|move|p2a: Hariyama|Knock Off|p1a: Giratina\n|-supereffective|p1a: Giratina\n|-damage|p1a: Giratina|102/349\n|-enditem|p1a: Giratina|Chesto Berry|[from] move: Knock Off|[of] p2a: Hariyama\n|move|p1a: Giratina|Dragon Tail|p2a: Hariyama\n|-damage|p2a: Hariyama|320/392\n|drag|p2a: Garganacl|Garganacl, L80, M|291/291\n|\n|upkeep\n|turn|21\n|\n|t:|1732967308\n|move|p1a: Giratina|Shadow Ball|p2a: Garganacl\n|-damage|p2a: Garganacl|251/291\n|-unboost|p2a: Garganacl|spd|1\n|move|p2a: Garganacl|Iron Defense|p2a: Garganacl\n|-boost|p2a: Garganacl|def|2\n|\n|-heal|p2a: Garganacl|269/291|[from] item: Leftovers\n|upkeep\n|turn|22\n|\n|t:|1732967321\n|move|p1a: Giratina|Shadow Ball|p2a: Garganacl\n|-damage|p2a: Garganacl|209/291\n|move|p2a: Garganacl|Salt Cure|p1a: Giratina\n|-damage|p1a: Giratina|66/349\n|-start|p1a: Giratina|Salt Cure\n|\n|-heal|p2a: Garganacl|227/291|[from] item: Leftovers\n|-damage|p1a: Giratina|23/349|[from] Salt Cure\n|upkeep\n|turn|23\n|\n|t:|1732967332\n|move|p1a: Giratina|Rest|p1a: Giratina\n|-status|p1a: Giratina|slp|[from] move: Rest\n|-heal|p1a: Giratina|349/349 slp|[silent]\n|move|p2a: Garganacl|Salt Cure|p1a: Giratina\n|-damage|p1a: Giratina|312/349 slp\n|\n|-heal|p2a: Garganacl|245/291|[from] item: Leftovers\n|-damage|p1a: Giratina|269/349 slp|[from] Salt Cure\n|upkeep\n|turn|24\n|\n|t:|1732967343\n|switch|p1a: Whimsicott|Whimsicott, L85, F, tera:Steel|54/241\n|move|p2a: Garganacl|Iron Defense|p2a: Garganacl\n|-boost|p2a: Garganacl|def|2\n|\n|-heal|p2a: Garganacl|263/291|[from] item: Leftovers\n|upkeep\n|turn|25\n|\n|t:|1732967358\n|move|p1a: Whimsicott|Encore|p2a: Garganacl\n|-start|p2a: Garganacl|Encore\n|move|p2a: Garganacl|Iron Defense|p2a: Garganacl\n|-boost|p2a: Garganacl|def|2\n|\n|-heal|p2a: Garganacl|281/291|[from] item: Leftovers\n|upkeep\n|turn|26\n|\n|t:|1732967365\n|move|p1a: Whimsicott|Leech Seed|p2a: Garganacl\n|-start|p2a: Garganacl|move: Leech Seed\n|move|p2a: Garganacl|Iron Defense|p2a: Garganacl\n|-boost|p2a: Garganacl|def|0\n|\n|-heal|p2a: Garganacl|291/291|[from] item: Leftovers\n|-damage|p2a: Garganacl|255/291|[from] Leech Seed|[of] p1a: Whimsicott\n|-heal|p1a: Whimsicott|90/241|[silent]\n|upkeep\n|turn|27\n|\n|t:|1732967373\n|move|p1a: Whimsicott|Moonblast|p2a: Garganacl\n|-damage|p2a: Garganacl|110/291\n|move|p2a: Garganacl|Iron Defense|p2a: Garganacl\n|-boost|p2a: Garganacl|def|0\n|\n|-heal|p2a: Garganacl|128/291|[from] item: Leftovers\n|-damage|p2a: Garganacl|92/291|[from] Leech Seed|[of] p1a: Whimsicott\n|-heal|p1a: Whimsicott|126/241|[silent]\n|-end|p2a: Garganacl|Encore\n|upkeep\n|turn|28\n|\n|t:|1732967387\n|switch|p2a: Florges|Florges-White, L85, F|271/271\n|move|p1a: Whimsicott|Encore||[still]\n|-fail|p1a: Whimsicott\n|\n|upkeep\n|turn|29\n|\n|t:|1732967400\n|switch|p2a: Hariyama|Hariyama, L87, M|320/392\n|move|p1a: Whimsicott|Leech Seed|p2a: Hariyama\n|-start|p2a: Hariyama|move: Leech Seed\n|\n|-damage|p2a: Hariyama|271/392|[from] Leech Seed|[of] p1a: Whimsicott\n|-heal|p1a: Whimsicott|175/241|[silent]\n|upkeep\n|turn|30\n|\n|t:|1732967413\n|move|p1a: Whimsicott|Moonblast|p2a: Hariyama\n|-supereffective|p2a: Hariyama\n|-damage|p2a: Hariyama|121/392\n|-unboost|p2a: Hariyama|spa|1\n|move|p2a: Hariyama|Close Combat|p1a: Whimsicott\n|-supereffective|p1a: Whimsicott\n|-damage|p1a: Whimsicott|0 fnt\n|-unboost|p2a: Hariyama|def|1\n|-unboost|p2a: Hariyama|spd|1\n|faint|p1a: Whimsicott\n|\n|upkeep\n|\n|t:|1732967427\n|switch|p1a: Lugia|Lugia, L72|272/272\n|turn|31\n|\n|t:|1732967443\n|move|p1a: Lugia|Aeroblast|p2a: Hariyama\n|-supereffective|p2a: Hariyama\n|-damage|p2a: Hariyama|0 fnt\n|faint|p2a: Hariyama\n|\n|upkeep\n|\n|t:|1732967448\n|switch|p2a: Kilowattrel|Kilowattrel, L83, M|221/252\n|turn|32\n|\n|t:|1732967455\n|switch|p1a: Lanturn|Lanturn, L89, F|367/367\n|move|p2a: Kilowattrel|Thunderbolt|p1a: Lanturn\n|-immune|p1a: Lanturn|[from] ability: Volt Absorb\n|\n|upkeep\n|turn|33\n|\n|t:|1732967465\n|move|p2a: Kilowattrel|U-turn|p1a: Lanturn\n|-damage|p1a: Lanturn|318/367\n|\n|t:|1732967473\n|switch|p2a: Garganacl|Garganacl, L80, M|92/291|[from] U-turn\n|move|p1a: Lanturn|Ice Beam|p2a: Garganacl\n|-damage|p2a: Garganacl|0 fnt\n|faint|p2a: Garganacl\n|\n|upkeep\n|\n|t:|1732967480\n|switch|p2a: Florges|Florges-White, L85, F|271/271\n|turn|34\n|\n|t:|1732967497\n|switch|p1a: Lugia|Lugia, L72|272/272\n|move|p2a: Florges|Protect||[still]\n|-fail|p2a: Florges\n|\n|upkeep\n|turn|35\n|\n|t:|1732967508\n|move|p1a: Lugia|Calm Mind|p1a: Lugia\n|-boost|p1a: Lugia|spa|1\n|-boost|p1a: Lugia|spd|1\n|move|p2a: Florges|Moonblast|p1a: Lugia\n|-damage|p1a: Lugia|243/272\n|\n|upkeep\n|turn|36\n|\n|t:|1732967515\n|move|p1a: Lugia|Aeroblast|p2a: Florges\n|-damage|p2a: Florges|198/271\n|move|p2a: Florges|Calm Mind|p2a: Florges\n|-boost|p2a: Florges|spa|1\n|-boost|p2a: Florges|spd|1\n|\n|-heal|p2a: Florges|214/271|[from] item: Leftovers\n|upkeep\n|turn|37\n|\n|t:|1732967522\n|move|p1a: Lugia|Earth Power|p2a: Florges\n|-damage|p2a: Florges|186/271\n|move|p2a: Florges|Wish|p2a: Florges\n|\n|-heal|p2a: Florges|202/271|[from] item: Leftovers\n|upkeep\n|turn|38\n|\n|t:|1732967529\n|move|p1a: Lugia|Calm Mind|p1a: Lugia\n|-boost|p1a: Lugia|spa|1\n|-boost|p1a: Lugia|spd|1\n|move|p2a: Florges|Calm Mind|p2a: Florges\n|-boost|p2a: Florges|spa|1\n|-boost|p2a: Florges|spd|1\n|\n|-heal|p2a: Florges|271/271|[from] move: Wish|[wisher] Florges\n|upkeep\n|turn|39\n|\n|t:|1732967537\n|move|p1a: Lugia|Aeroblast|p2a: Florges\n|-damage|p2a: Florges|220/271\n|move|p2a: Florges|Calm Mind|p2a: Florges\n|-boost|p2a: Florges|spa|1\n|-boost|p2a: Florges|spd|1\n|\n|-heal|p2a: Florges|236/271|[from] item: Leftovers\n|upkeep\n|turn|40\n|\n|t:|1732967546\n|move|p1a: Lugia|Aeroblast|p2a: Florges\n|-damage|p2a: Florges|200/271\n|move|p2a: Florges|Calm Mind|p2a: Florges\n|-boost|p2a: Florges|spa|1\n|-boost|p2a: Florges|spd|1\n|\n|-heal|p2a: Florges|216/271|[from] item: Leftovers\n|upkeep\n|turn|41\n|\n|t:|1732967555\n|move|p1a: Lugia|Aeroblast|p2a: Florges\n|-damage|p2a: Florges|183/271\n|move|p2a: Florges|Wish|p2a: Florges\n|\n|-heal|p2a: Florges|199/271|[from] item: Leftovers\n|upkeep\n|turn|42\n|\n|t:|1732967561\n|move|p1a: Lugia|Aeroblast|p2a: Florges\n|-damage|p2a: Florges|169/271\n|move|p2a: Florges|Moonblast|p1a: Lugia\n|-damage|p1a: Lugia|104/272\n|-unboost|p1a: Lugia|spa|1\n|\n|-heal|p2a: Florges|271/271|[from] move: Wish|[wisher] Florges\n|upkeep\n|turn|43\n|\n|t:|1732967570\n|move|p1a: Lugia|Aeroblast|p2a: Florges\n|-damage|p2a: Florges|247/271\n|move|p2a: Florges|Moonblast|p1a: Lugia\n|-damage|p1a: Lugia|0 fnt\n|faint|p1a: Lugia\n|\n|-heal|p2a: Florges|263/271|[from] item: Leftovers\n|upkeep\n|\n|t:|1732967573\n|switch|p1a: Giratina|Giratina, L75|269/349 slp\n|-ability|p1a: Giratina|Pressure\n|turn|44\n|\n|t:|1732967580\n|move|p2a: Florges|Moonblast|p1a: Giratina\n|-supereffective|p1a: Giratina\n|-damage|p1a: Giratina|0 fnt\n|faint|p1a: Giratina\n|\n|-heal|p2a: Florges|271/271|[from] item: Leftovers\n|upkeep\n|\n|t:|1732967586\n|switch|p1a: Spectrier|Spectrier, L75|274/274\n|turn|45\n|\n|t:|1732967592\n|move|p1a: Spectrier|Shadow Ball|p2a: Florges\n|-damage|p2a: Florges|240/271\n|-damage|p1a: Spectrier|247/274|[from] item: Life Orb\n|move|p2a: Florges|Moonblast|p1a: Spectrier\n|-damage|p1a: Spectrier|0 fnt\n|faint|p1a: Spectrier\n|\n|-heal|p2a: Florges|256/271|[from] item: Leftovers\n|upkeep\n|\n|t:|1732967594\n|switch|p1a: Lanturn|Lanturn, L89, F|318/367\n|turn|46\n|\n|t:|1732967604\n|move|p2a: Florges|Moonblast|p1a: Lanturn\n|-damage|p1a: Lanturn|0 fnt\n|faint|p1a: Lanturn\n|\n|win|pain_hate_sad_827\n|raw|brayan200275+'s rating: 1250 &rarr; <strong>1224</strong><br />(-26 for losing)\n|raw|pain_hate_sad_827's rating: 1232 &rarr; <strong>1258</strong><br />(+26 for winning)\n", "inputlog": ">version b107d77f5c90bd6555267ae244a6264823309ead\n>start {\"formatid\":\"gen9randombattle\",\"seed\":[18502,11674,23743,49038],\"rated\":\"Rated battle\"}\n>player p1 {\"name\":\"brayan200275+\",\"avatar\":\"102\",\"rating\":1221,\"seed\":[41571,48446,53885,10408]}\n>player p2 {\"name\":\"pain_hate_sad_827\",\"avatar\":\"169\",\"rating\":1232,\"seed\":[51227,54337,50137,24172]}\n>p1 switch 5\n>p2 move crunch\n>p1 move closecombat\n>p2 move facade terastallize\n>p1 switch 3\n>p1 move dragontail\n>p2 move swordsdance\n>p1 switch 2\n>p2 move moonblast\n>p1 move leechseed\n>p2 move protect\n>p1 move encore\n>p2 move calmmind\n>p1 move substitute\n>p2 switch 5\n>p1 move leechseed\n>p2 move facade\n>p1 switch 2\n>p2 move facade\n>p1 move shadowball\n>p2 move crunch\n>p2 switch 4\n>p1 switch 2\n>p2 move knockoff\n>p1 move moonblast\n>p2 move stunspore\n>p1 move encore\n>p2 move protect\n>p1 move encore\n>p2 move leechseed\n>p1 move moonblast\n>p2 move knockoff\n>p1 move moonblast\n>p2 move protect\n>p1 move moonblast\n>p2 move knockoff\n>p2 switch 3\n>p1 move leechseed terastallize\n>p2 move hurricane\n>p1 switch 2\n>p2 move uturn\n>p2 switch 2\n>p1 move dragontail\n>p2 move knockoff\n>p1 move shadowball\n>p2 move irondefense\n>p1 move shadowball\n>p2 move saltcure\n>p1 move rest\n>p2 move saltcure\n>p1 switch 2\n>p2 move irondefense\n>p1 move encore\n>p2 move bodypress\n>p1 move leechseed\n>p2 move irondefense\n>p1 move moonblast\n>p2 move irondefense\n>p1 move encore\n>p2 switch 5\n>p1 move leechseed\n>p2 switch 6\n>p1 move moonblast\n>p2 move closecombat\n>p1 switch 4\n>p1 move aeroblast\n>p2 move knockoff\n>p2 switch 2\n>p1 switch 6\n>p2 move thunderbolt\n>p1 move icebeam\n>p2 move uturn\n>p2 switch 5\n>p2 switch 6\n>p1 switch 6\n>p2 move protect\n>p1 move calmmind\n>p2 move moonblast\n>p1 move aeroblast\n>p2 move calmmind\n>p1 move earthpower\n>p2 move wish\n>p1 move calmmind\n>p2 move calmmind\n>p1 move aeroblast\n>p2 move calmmind\n>p1 move aeroblast\n>p2 move calmmind\n>p1 move aeroblast\n>p2 move wish\n>p1 move aeroblast\n>p2 move moonblast\n>p1 move aeroblast\n>p2 move moonblast\n>p1 switch 2\n>p1 move dragontail\n>p2 move moonblast\n>p1 switch 5\n>p1 move shadowball\n>p2 move moonblast\n>p1 switch 6\n>p1 move icebeam\n>p2 move moonblast", "uploadtime": 1732967610, "views": 3, "formatid": "gen9randombattle", "rating": 1224, "private": 0, "password": null}