{"id": "gen9randombattle-2254078631", "format": "[Gen 9] Random Battle", "players": ["RyumaDS", "SolaceSeven"], "log": "|j|\u2606RyumaDS\n|j|\u2606SolaceSeven\n|t:|1732988599\n|gametype|singles\n|player|p1|RyumaDS|palmer|1111\n|player|p2|SolaceSeven|iris-gen5bw2|1104\n|teamsize|p1|6\n|teamsize|p2|6\n|gen|9\n|tier|[Gen 9] Random Battle\n|rated|\n|rule|Species Clause: Limit one of each Pok\u00e9mon\n|rule|HP Percentage Mod: HP is shown in percentages\n|rule|Sleep Clause Mod: Limit one foe put to sleep\n|rule|Illusion Level Mod: Illusion disguises the Pok\u00e9mon's true level\n|\n|t:|1732988599\n|start\n|switch|p1a: Farigiraf|Farigiraf, L91, M|366/366\n|switch|p2a: Gallade|Gallade, L81, M|243/243\n|turn|1\n|\n|t:|1732988643\n|switch|p2a: Dewgong|Dewgong, L94, M|322/322\n|switch|p1a: Spiritomb|Spiritomb, L89, M|234/234\n|\n|upkeep\n|turn|2\n|\n|t:|1732988662\n|switch|p1a: Zekrom|Zekrom, L71|259/259\n|-ability|p1a: Zekrom|Teravolt\n|move|p2a: Dewgong|Triple Axel|p1a: Zekrom\n|-supereffective|p1a: Zekrom\n|-damage|p1a: Zekrom|217/259\n|-supereffective|p1a: Zekrom\n|-damage|p1a: Zekrom|139/259\n|-supereffective|p1a: Zekrom\n|-damage|p1a: Zekrom|29/259\n|-hitcount|p1a: Zekrom|3\n|\n|-heal|p1a: Zekrom|45/259|[from] item: Leftovers\n|upkeep\n|turn|3\n|\n|t:|1732988683\n|switch|p2a: Amoonguss|Amoonguss, L82, F|321/321\n|move|p1a: Zekrom|Bolt Strike|p2a: Amoonguss\n|-resisted|p2a: Amoonguss\n|-damage|p2a: Amoonguss|238/321\n|\n|-heal|p1a: Zekrom|61/259|[from] item: Leftovers\n|-heal|p2a: Amoonguss|258/321|[from] item: Leftovers\n|upkeep\n|turn|4\n|inactive|Battle timer is ON: inactive players will automatically lose when time's up. (requested by SolaceSeven)\n|\n|t:|1732988745\n|switch|p1a: Mewtwo|Mewtwo, L72|272/272\n|-ability|p1a: Mewtwo|Unnerve\n|move|p2a: Amoonguss|Spore|p1a: Mewtwo\n|-status|p1a: Mewtwo|slp|[from] move: Spore\n|\n|-heal|p2a: Amoonguss|278/321|[from] item: Leftovers\n|upkeep\n|turn|5\n|\n|t:|1732988763\n|switch|p2a: Incineroar|Incineroar, L82, F|290/290\n|-ability|p2a: Incineroar|Intimidate|boost\n|-unboost|p1a: Mewtwo|atk|1\n|cant|p1a: Mewtwo|slp\n|\n|upkeep\n|turn|6\n|\n|t:|1732988772\n|switch|p1a: Greninja|Greninja, L80, M|246/246\n|move|p2a: Incineroar|Knock Off|p1a: Greninja\n|-resisted|p1a: Greninja\n|-damage|p1a: Greninja|178/246\n|-enditem|p1a: Greninja|Life Orb|[from] move: Knock Off|[of] p2a: Incineroar\n|\n|upkeep\n|turn|7\n|\n|t:|1732988783\n|switch|p2a: Amoonguss|Amoonguss, L82, F|321/321\n|move|p1a: Greninja|Hydro Pump|p2a: Amoonguss\n|-resisted|p2a: Amoonguss\n|-damage|p2a: Amoonguss|254/321\n|\n|-heal|p2a: Amoonguss|274/321|[from] item: Leftovers\n|upkeep\n|turn|8\n|\n|t:|1732988796\n|move|p1a: Greninja|Ice Beam|p2a: Amoonguss\n|-supereffective|p2a: Amoonguss\n|-damage|p2a: Amoonguss|146/321\n|move|p2a: Amoonguss|Giga Drain|p1a: Greninja\n|-supereffective|p1a: Greninja\n|-damage|p1a: Greninja|10/246\n|-heal|p2a: Amoonguss|230/321|[from] drain|[of] p1a: Greninja\n|\n|-heal|p2a: Amoonguss|250/321|[from] item: Leftovers\n|upkeep\n|turn|9\n|\n|t:|1732988809\n|switch|p1a: Weezing|Weezing-Galar, L86, M|252/252\n|switch|p2a: Dewgong|Dewgong, L94, M|322/322\n|\n|upkeep\n|turn|10\n|\n|t:|1732988830\n|move|p2a: Dewgong|Surf|p1a: Weezing\n|-damage|p1a: Weezing|141/252\n|move|p1a: Weezing|Gunk Shot|p2a: Dewgong\n|-damage|p2a: Dewgong|195/322\n|\n|-heal|p1a: Weezing|156/252|[from] item: Leftovers\n|upkeep\n|turn|11\n|inactive|RyumaDS has 120 seconds left.\n|\n|t:|1732988862\n|move|p2a: Dewgong|Triple Axel|p1a: Weezing\n|-crit|p1a: Weezing\n|-damage|p1a: Weezing|132/252\n|-damage|p1a: Weezing|98/252\n|-hitcount|p1a: Weezing|2\n|move|p1a: Weezing|Strange Steam|p2a: Dewgong\n|-damage|p2a: Dewgong|122/322\n|\n|-heal|p1a: Weezing|113/252|[from] item: Leftovers\n|upkeep\n|turn|12\n|inactive|RyumaDS has 120 seconds left.\n|\n|t:|1732988876\n|move|p2a: Dewgong|Triple Axel|p1a: Weezing\n|-damage|p1a: Weezing|95/252\n|-damage|p1a: Weezing|65/252\n|-damage|p1a: Weezing|13/252\n|-hitcount|p1a: Weezing|3\n|move|p1a: Weezing|Gunk Shot|p2a: Dewgong\n|-crit|p2a: Dewgong\n|-damage|p2a: Dewgong|0 fnt\n|faint|p2a: Dewgong\n|\n|-heal|p1a: Weezing|28/252|[from] item: Leftovers\n|upkeep\n|\n|t:|1732988890\n|switch|p2a: Arbok|Arbok, L87, F|246/246\n|-ability|p2a: Arbok|Intimidate|boost\n|-unboost|p1a: Weezing|atk|1\n|turn|13\n|\n|t:|1732988903\n|move|p2a: Arbok|Gunk Shot|p1a: Weezing\n|-damage|p1a: Weezing|0 fnt\n|faint|p1a: Weezing\n|-damage|p2a: Arbok|222/246|[from] item: Life Orb\n|\n|upkeep\n|inactive|RyumaDS has 120 seconds left.\n|\n|t:|1732988919\n|switch|p1a: Farigiraf|Farigiraf, L91, M|366/366\n|turn|14\n|\n|t:|1732988927\n|-terastallize|p2a: Arbok|Ground\n|move|p2a: Arbok|Coil|p2a: Arbok\n|-boost|p2a: Arbok|atk|1\n|-boost|p2a: Arbok|def|1\n|-boost|p2a: Arbok|accuracy|1\n|move|p1a: Farigiraf|Hyper Voice|p2a: Arbok\n|-damage|p2a: Arbok|84/246\n|\n|upkeep\n|turn|15\n|\n|t:|1732988940\n|move|p2a: Arbok|Sucker Punch|p1a: Farigiraf\n|-supereffective|p1a: Farigiraf\n|-damage|p1a: Farigiraf|135/366\n|-damage|p2a: Arbok|60/246|[from] item: Life Orb\n|move|p1a: Farigiraf|Hyper Voice|p2a: Arbok\n|-damage|p2a: Arbok|0 fnt\n|faint|p2a: Arbok\n|\n|-heal|p1a: Farigiraf|157/366|[from] item: Leftovers\n|upkeep\n|\n|t:|1732988957\n|switch|p2a: Basculegion|Basculegion, L81, M|327/327\n|turn|16\n|\n|t:|1732988966\n|move|p2a: Basculegion|Wave Crash|p1a: Farigiraf\n|-damage|p1a: Farigiraf|0 fnt\n|faint|p1a: Farigiraf\n|-damage|p2a: Basculegion|275/327|[from] Recoil\n|\n|upkeep\n|inactive|RyumaDS has 120 seconds left.\n|\n|t:|1732988989\n|switch|p1a: Spiritomb|Spiritomb, L89, M|234/234\n|turn|17\n|\n|t:|1732988995\n|move|p2a: Basculegion|Wave Crash|p1a: Spiritomb\n|-damage|p1a: Spiritomb|88/234\n|-damage|p2a: Basculegion|227/327|[from] Recoil\n|move|p1a: Spiritomb|Poltergeist|p2a: Basculegion\n|-activate|p2a: Basculegion|move: Poltergeist|Assault Vest\n|-supereffective|p2a: Basculegion\n|-damage|p2a: Basculegion|0 fnt\n|faint|p2a: Basculegion\n|\n|-heal|p1a: Spiritomb|102/234|[from] item: Leftovers\n|upkeep\n|\n|t:|1732989010\n|switch|p2a: Incineroar|Incineroar, L82, F|290/290\n|-ability|p2a: Incineroar|Intimidate|boost\n|-unboost|p1a: Spiritomb|atk|1\n|turn|18\n|inactive|RyumaDS has 120 seconds left.\n|\n|t:|1732989037\n|move|p2a: Incineroar|Flare Blitz|p1a: Spiritomb\n|-damage|p1a: Spiritomb|0 fnt\n|faint|p1a: Spiritomb\n|-damage|p2a: Incineroar|256/290|[from] Recoil\n|\n|upkeep\n|inactive|RyumaDS has 120 seconds left.\n|\n|t:|1732989051\n|switch|p1a: Zekrom|Zekrom, L71|61/259\n|-ability|p1a: Zekrom|Teravolt\n|turn|19\n|inactive|RyumaDS has 120 seconds left.\n|\n|t:|1732989078\n|switch|p2a: Amoonguss|Amoonguss, L82, F|321/321\n|move|p1a: Zekrom|Bolt Strike|p2a: Amoonguss\n|-resisted|p2a: Amoonguss\n|-damage|p2a: Amoonguss|231/321\n|\n|-heal|p1a: Zekrom|77/259|[from] item: Leftovers\n|-heal|p2a: Amoonguss|251/321|[from] item: Leftovers\n|upkeep\n|turn|20\n|\n|t:|1732989094\n|move|p1a: Zekrom|Outrage|p2a: Amoonguss\n|-damage|p2a: Amoonguss|97/321\n|move|p2a: Amoonguss|Sludge Bomb|p1a: Zekrom\n|-damage|p1a: Zekrom|0 fnt\n|faint|p1a: Zekrom\n|\n|-heal|p2a: Amoonguss|117/321|[from] item: Leftovers\n|upkeep\n|\n|t:|1732989106\n|switch|p1a: Mewtwo|Mewtwo, L72|272/272 slp\n|-ability|p1a: Mewtwo|Unnerve\n|turn|21\n|\n|t:|1732989126\n|switch|p2a: Incineroar|Incineroar, L82, F|256/290\n|-ability|p2a: Incineroar|Intimidate|boost\n|-unboost|p1a: Mewtwo|atk|1\n|cant|p1a: Mewtwo|slp\n|\n|upkeep\n|turn|22\n|\n|t:|1732989138\n|switch|p1a: Greninja|Greninja, L80, M|10/246\n|move|p2a: Incineroar|Knock Off|p1a: Greninja\n|-resisted|p1a: Greninja\n|-damage|p1a: Greninja|0 fnt\n|faint|p1a: Greninja\n|\n|upkeep\n|\n|t:|1732989147\n|switch|p1a: Mewtwo|Mewtwo, L72|272/272 slp\n|-ability|p1a: Mewtwo|Unnerve\n|turn|23\n|\n|t:|1732989152\n|cant|p1a: Mewtwo|slp\n|move|p2a: Incineroar|Knock Off|p1a: Mewtwo\n|-supereffective|p1a: Mewtwo\n|-damage|p1a: Mewtwo|0 fnt\n|-enditem|p1a: Mewtwo|Choice Specs|[from] move: Knock Off|[of] p2a: Incineroar\n|faint|p1a: Mewtwo\n|\n|win|SolaceSeven\n|raw|RyumaDS's rating: 1111 &rarr; <strong>1085</strong><br />(-26 for losing)\n|raw|SolaceSeven's rating: 1104 &rarr; <strong>1130</strong><br />(+26 for winning)\n|l|\u2606RyumaDS\n|player|p1|\n", "inputlog": ">version b107d77f5c90bd6555267ae244a6264823309ead\n>start {\"formatid\":\"gen9randombattle\",\"seed\":[60763,32843,26763,60655],\"rated\":\"Rated battle\"}\n>player p1 {\"name\":\"RyumaDS\",\"avatar\":\"palmer\",\"rating\":1111,\"seed\":[49864,29737,3386,5915]}\n>player p2 {\"name\":\"SolaceSeven\",\"avatar\":\"iris-gen5bw2\",\"rating\":1104,\"seed\":[8770,52939,36425,49676]}\n>p1 switch 2\n>p2 switch 3\n>p1 switch 5\n>p2 move tripleaxel\n>p1 move boltstrike\n>p2 switch 4\n>p1 switch 6\n>p2 move spore\n>p1 move fireblast\n>p2 switch 2\n>p1 switch 3\n>p2 move knockoff\n>p1 move hydropump\n>p2 switch 2\n>p1 move icebeam\n>p2 move gigadrain\n>p1 switch 4\n>p2 switch 4\n>p1 move gunkshot\n>p2 move surf\n>p1 move strangesteam\n>p2 move tripleaxel\n>p1 move gunkshot\n>p2 move tripleaxel\n>p2 switch 5\n>p1 move painsplit\n>p2 move gunkshot\n>p1 switch 2\n>p1 move hypervoice\n>p2 move coil terastallize\n>p1 move hypervoice\n>p2 move suckerpunch\n>p2 switch 6\n>p1 move wish\n>p2 move wavecrash\n>p1 switch 5\n>p1 move poltergeist\n>p2 move wavecrash\n>p2 switch 2\n>p1 move willowisp\n>p2 move flareblitz\n>p1 switch 6\n>p1 move boltstrike\n>p2 switch 4\n>p1 move outrage\n>p2 move sludgebomb\n>p1 switch 3\n>p1 move fireblast\n>p2 switch 4\n>p1 switch 4\n>p2 move knockoff\n>p1 switch 4\n>p1 move aurasphere\n>p2 move knockoff", "uploadtime": 1732989163, "views": 1, "formatid": "gen9randombattle", "rating": 1085, "private": 0, "password": null}