{"id": "gen9randombattle-2253995505", "format": "[Gen 9] Random Battle", "players": ["manolovm01", "alexal371797"], "log": "|j|\u2606manolovm01\n|j|\u2606alexal371797\n|t:|1732977418\n|gametype|singles\n|player|p1|manolovm01|102|1127\n|player|p2|alexal371797|170|1085\n|teamsize|p1|6\n|teamsize|p2|6\n|gen|9\n|tier|[Gen 9] Random Battle\n|rated|\n|rule|Species Clause: Limit one of each Pok\u00e9mon\n|rule|HP Percentage Mod: HP is shown in percentages\n|rule|Sleep Clause Mod: Limit one foe put to sleep\n|rule|Illusion Level Mod: Illusion disguises the Pok\u00e9mon's true level\n|\n|t:|1732977418\n|start\n|switch|p1a: Drifblim|Drifblim, L86, M|396/396\n|switch|p2a: Greedent|Greedent, L86, F|347/347\n|turn|1\n|inactive|Battle timer is ON: inactive players will automatically lose when time's up. (requested by manolovm01)\n|\n|t:|1732977437\n|move|p1a: Drifblim|Calm Mind|p1a: Drifblim\n|-boost|p1a: Drifblim|spa|1\n|-boost|p1a: Drifblim|spd|1\n|move|p2a: Greedent|Knock Off|p1a: Drifblim\n|-supereffective|p1a: Drifblim\n|-damage|p1a: Drifblim|176/396\n|-enditem|p1a: Drifblim|Sitrus Berry|[from] move: Knock Off|[of] p2a: Greedent\n|\n|upkeep\n|turn|2\n|\n|t:|1732977447\n|move|p1a: Drifblim|Strength Sap|p2a: Greedent\n|-unboost|p2a: Greedent|atk|1\n|-heal|p1a: Drifblim|389/396\n|move|p2a: Greedent|Knock Off|p1a: Drifblim\n|-supereffective|p1a: Drifblim\n|-damage|p1a: Drifblim|285/396\n|\n|upkeep\n|turn|3\n|\n|t:|1732977469\n|move|p1a: Drifblim|Calm Mind|p1a: Drifblim\n|-boost|p1a: Drifblim|spa|1\n|-boost|p1a: Drifblim|spd|1\n|move|p2a: Greedent|Knock Off|p1a: Drifblim\n|-supereffective|p1a: Drifblim\n|-damage|p1a: Drifblim|175/396\n|\n|upkeep\n|turn|4\n|\n|t:|1732977476\n|move|p1a: Drifblim|Strength Sap|p2a: Greedent\n|-unboost|p2a: Greedent|atk|1\n|-heal|p1a: Drifblim|317/396\n|move|p2a: Greedent|Knock Off|p1a: Drifblim\n|-supereffective|p1a: Drifblim\n|-damage|p1a: Drifblim|241/396\n|\n|upkeep\n|turn|5\n|\n|t:|1732977488\n|switch|p2a: Slaking|Slaking, L84, M|389/389\n|-terastallize|p1a: Drifblim|Fairy\n|move|p1a: Drifblim|Air Slash|p2a: Slaking\n|-damage|p2a: Slaking|185/389\n|\n|upkeep\n|turn|6\n|\n|t:|1732977500\n|move|p1a: Drifblim|Air Slash|p2a: Slaking\n|-damage|p2a: Slaking|0 fnt\n|faint|p2a: Slaking\n|\n|upkeep\n|\n|t:|1732977507\n|switch|p2a: Quagsire|Quagsire, L84, F|297/297\n|turn|7\n|\n|t:|1732977516\n|move|p1a: Drifblim|Strength Sap|p2a: Quagsire\n|-unboost|p2a: Quagsire|atk|1\n|-heal|p1a: Drifblim|396/396\n|move|p2a: Quagsire|Ice Beam|p1a: Drifblim\n|-damage|p1a: Drifblim|328/396\n|\n|upkeep\n|turn|8\n|\n|t:|1732977528\n|move|p1a: Drifblim|Air Slash|p2a: Quagsire\n|-damage|p2a: Quagsire|198/297\n|move|p2a: Quagsire|Spikes|p1a: Drifblim\n|-sidestart|p1: manolovm01|Spikes\n|\n|-heal|p2a: Quagsire|216/297|[from] item: Leftovers\n|upkeep\n|turn|9\n|\n|t:|1732977539\n|switch|p2a: Greedent|Greedent, L86, F|347/347\n|move|p1a: Drifblim|Calm Mind|p1a: Drifblim\n|-boost|p1a: Drifblim|spa|1\n|-boost|p1a: Drifblim|spd|1\n|\n|upkeep\n|turn|10\n|\n|t:|1732977546\n|move|p1a: Drifblim|Calm Mind|p1a: Drifblim\n|-boost|p1a: Drifblim|spa|1\n|-boost|p1a: Drifblim|spd|1\n|move|p2a: Greedent|Knock Off|p1a: Drifblim\n|-resisted|p1a: Drifblim\n|-damage|p1a: Drifblim|293/396\n|\n|upkeep\n|turn|11\n|\n|t:|1732977558\n|move|p1a: Drifblim|Calm Mind|p1a: Drifblim\n|-boost|p1a: Drifblim|spa|1\n|-boost|p1a: Drifblim|spd|1\n|move|p2a: Greedent|Body Slam|p1a: Drifblim\n|-damage|p1a: Drifblim|151/396\n|\n|upkeep\n|turn|12\n|\n|t:|1732977565\n|move|p1a: Drifblim|Strength Sap|p2a: Greedent\n|-unboost|p2a: Greedent|atk|1\n|-heal|p1a: Drifblim|364/396\n|move|p2a: Greedent|Body Slam|p1a: Drifblim\n|-damage|p1a: Drifblim|271/396\n|-status|p1a: Drifblim|par\n|\n|upkeep\n|turn|13\n|\n|t:|1732977580\n|move|p1a: Drifblim|Strength Sap|p2a: Greedent\n|-unboost|p2a: Greedent|atk|1\n|-heal|p1a: Drifblim|396/396 par\n|move|p2a: Greedent|Body Slam|p1a: Drifblim\n|-damage|p1a: Drifblim|327/396 par\n|\n|upkeep\n|turn|14\n|\n|t:|1732977596\n|switch|p2a: Heatran|Heatran, L79, F|273/273\n|-item|p2a: Heatran|Air Balloon\n|move|p1a: Drifblim|Air Slash|p2a: Heatran\n|-resisted|p2a: Heatran\n|-damage|p2a: Heatran|152/273\n|-enditem|p2a: Heatran|Air Balloon\n|\n|upkeep\n|turn|15\n|\n|t:|1732977609\n|cant|p1a: Drifblim|par\n|move|p2a: Heatran|Heavy Slam|p1a: Drifblim\n|-supereffective|p1a: Drifblim\n|-damage|p1a: Drifblim|0 fnt\n|faint|p1a: Drifblim\n|\n|upkeep\n|\n|t:|1732977625\n|switch|p1a: Gliscor|Gliscor, L76, M|239/239\n|turn|16\n|\n|t:|1732977635\n|-terastallize|p2a: Heatran|Steel\n|move|p1a: Gliscor|Earthquake|p2a: Heatran\n|-supereffective|p2a: Heatran\n|-crit|p2a: Heatran\n|-damage|p2a: Heatran|0 fnt\n|faint|p2a: Heatran\n|\n|-status|p1a: Gliscor|tox|[from] item: Toxic Orb\n|upkeep\n|\n|t:|1732977655\n|switch|p2a: Quagsire|Quagsire, L84, F|216/297\n|turn|17\n|\n|t:|1732977662\n|move|p1a: Gliscor|Toxic|p2a: Quagsire\n|-status|p2a: Quagsire|tox\n|move|p2a: Quagsire|Ice Beam|p1a: Gliscor\n|-supereffective|p1a: Gliscor\n|-damage|p1a: Gliscor|23/239 tox\n|\n|-heal|p2a: Quagsire|234/297 tox|[from] item: Leftovers\n|-heal|p1a: Gliscor|52/239 tox|[from] ability: Poison Heal\n|-damage|p2a: Quagsire|216/297 tox|[from] psn\n|upkeep\n|turn|18\n|\n|t:|1732977675\n|move|p1a: Gliscor|Protect|p1a: Gliscor\n|-singleturn|p1a: Gliscor|Protect\n|move|p2a: Quagsire|Ice Beam|p1a: Gliscor\n|-activate|p1a: Gliscor|move: Protect\n|\n|-heal|p2a: Quagsire|234/297 tox|[from] item: Leftovers\n|-heal|p1a: Gliscor|81/239 tox|[from] ability: Poison Heal\n|-damage|p2a: Quagsire|198/297 tox|[from] psn\n|upkeep\n|turn|19\n|\n|t:|1732977703\n|switch|p1a: Scizor|Scizor, L79, M|240/240\n|-damage|p1a: Scizor|210/240|[from] Spikes\n|move|p2a: Quagsire|Ice Beam|p1a: Scizor\n|-resisted|p1a: Scizor\n|-damage|p1a: Scizor|185/240\n|\n|-heal|p1a: Scizor|200/240|[from] item: Leftovers\n|-heal|p2a: Quagsire|216/297 tox|[from] item: Leftovers\n|-damage|p2a: Quagsire|162/297 tox|[from] psn\n|upkeep\n|turn|20\n|inactive|manolovm01 has 120 seconds left.\n|\n|t:|1732977722\n|switch|p2a: Okidogi|Okidogi, L77, M|262/262\n|move|p1a: Scizor|Knock Off|p2a: Okidogi\n|-resisted|p2a: Okidogi\n|-damage|p2a: Okidogi|228/262\n|-enditem|p2a: Okidogi|Leftovers|[from] move: Knock Off|[of] p1a: Scizor\n|\n|-heal|p1a: Scizor|215/240|[from] item: Leftovers\n|upkeep\n|turn|21\n|inactive|manolovm01 has 120 seconds left.\n|\n|t:|1732977738\n|move|p1a: Scizor|Bullet Punch|p2a: Okidogi\n|-damage|p2a: Okidogi|167/262\n|move|p2a: Okidogi|Drain Punch|p1a: Scizor\n|-damage|p1a: Scizor|139/240\n|-heal|p2a: Okidogi|205/262|[from] drain|[of] p1a: Scizor\n|\n|-heal|p1a: Scizor|154/240|[from] item: Leftovers\n|upkeep\n|turn|22\n|inactive|manolovm01 has 120 seconds left.\n|\n|t:|1732977751\n|switch|p1a: Gardevoir|Gardevoir, L83, M|249/249\n|-damage|p1a: Gardevoir|218/249|[from] Spikes\n|-ability|p1a: Gardevoir|Toxic Chain|[from] ability: Trace|[of] p2a: Okidogi\n|move|p2a: Okidogi|Drain Punch|p1a: Gardevoir\n|-resisted|p1a: Gardevoir\n|-damage|p1a: Gardevoir|193/249\n|-heal|p2a: Okidogi|218/262|[from] drain|[of] p1a: Gardevoir\n|\n|upkeep\n|turn|23\n|inactive|manolovm01 has 120 seconds left.\n|\n|t:|1732977772\n|move|p1a: Gardevoir|Psychic|p2a: Okidogi\n|-supereffective|p2a: Okidogi\n|-damage|p2a: Okidogi|0 fnt\n|faint|p2a: Okidogi\n|-damage|p1a: Gardevoir|169/249|[from] item: Life Orb\n|\n|upkeep\n|\n|t:|1732977787\n|switch|p2a: Electivire|Electivire, L84, F|263/263\n|turn|24\n|\n|t:|1732977809\n|move|p2a: Electivire|Supercell Slam|p1a: Gardevoir\n|-damage|p1a: Gardevoir|0 fnt\n|faint|p1a: Gardevoir\n|-damage|p2a: Electivire|237/263|[from] item: Life Orb\n|\n|upkeep\n|\n|t:|1732977818\n|switch|p1a: Maushold|Maushold-Four, L76|238/238\n|-damage|p1a: Maushold|209/238|[from] Spikes\n|turn|25\n|\n|t:|1732977832\n|move|p1a: Maushold|Population Bomb|p2a: Electivire\n|-damage|p2a: Electivire|207/263\n|-damage|p2a: Electivire|180/263\n|-damage|p2a: Electivire|153/263\n|-damage|p2a: Electivire|123/263\n|-damage|p2a: Electivire|96/263\n|-damage|p2a: Electivire|69/263\n|-damage|p2a: Electivire|41/263\n|-damage|p2a: Electivire|16/263\n|-damage|p2a: Electivire|0 fnt\n|faint|p2a: Electivire\n|-hitcount|p2: Electivire|9\n|\n|upkeep\n|inactive|alexal371797 has 120 seconds left.\n|\n|t:|1732977855\n|switch|p2a: Quagsire|Quagsire, L84, F|162/297 tox\n|turn|26\n|\n|t:|1732977862\n|move|p1a: Maushold|Population Bomb|p2a: Quagsire\n|-damage|p2a: Quagsire|140/297 tox\n|-damage|p2a: Quagsire|116/297 tox\n|-damage|p2a: Quagsire|92/297 tox\n|-damage|p2a: Quagsire|68/297 tox\n|-damage|p2a: Quagsire|47/297 tox\n|-hitcount|p2a: Quagsire|5\n|move|p2a: Quagsire|Recover|p2a: Quagsire\n|-heal|p2a: Quagsire|196/297 tox\n|\n|-heal|p2a: Quagsire|214/297 tox|[from] item: Leftovers\n|-damage|p2a: Quagsire|196/297 tox|[from] psn\n|upkeep\n|turn|27\n|inactive|alexal371797 has 120 seconds left.\n|\n|t:|1732977878\n|move|p1a: Maushold|Tidy Up|p1a: Maushold\n|-sideend|p1: manolovm01|Spikes\n|-activate|p1a: Maushold|move: Tidy Up\n|-boost|p1a: Maushold|atk|1\n|-boost|p1a: Maushold|spe|1\n|move|p2a: Quagsire|Ice Beam|p1a: Maushold\n|-damage|p1a: Maushold|145/238\n|-status|p1a: Maushold|frz\n|\n|-heal|p2a: Quagsire|214/297 tox|[from] item: Leftovers\n|-damage|p2a: Quagsire|178/297 tox|[from] psn\n|upkeep\n|turn|28\n|inactive|alexal371797 has 120 seconds left.\n|\n|t:|1732977906\n|switch|p1a: Scizor|Scizor, L79, M|154/240\n|move|p2a: Quagsire|Spikes|p1a: Scizor\n|-sidestart|p1: manolovm01|Spikes\n|\n|-heal|p1a: Scizor|169/240|[from] item: Leftovers\n|-heal|p2a: Quagsire|196/297 tox|[from] item: Leftovers\n|-damage|p2a: Quagsire|142/297 tox|[from] psn\n|upkeep\n|turn|29\n|\n|t:|1732977916\n|move|p1a: Scizor|Knock Off|p2a: Quagsire\n|-damage|p2a: Quagsire|63/297 tox\n|-enditem|p2a: Quagsire|Leftovers|[from] move: Knock Off|[of] p1a: Scizor\n|move|p2a: Quagsire|Spikes|p1a: Scizor\n|-sidestart|p1: manolovm01|Spikes\n|\n|-heal|p1a: Scizor|184/240|[from] item: Leftovers\n|-damage|p2a: Quagsire|0 fnt|[from] psn\n|faint|p2a: Quagsire\n|upkeep\n|\n|t:|1732977926\n|switch|p2a: Greedent|Greedent, L86, F|347/347\n|turn|30\n|\n|t:|1732977934\n|move|p1a: Scizor|Defog|p2a: Greedent\n|-unboost|p2a: Greedent|evasion|1\n|-sideend|p1: manolovm01|Spikes|[from] move: Defog|[of] p1a: Scizor\n|move|p2a: Greedent|Earthquake|p1a: Scizor\n|-damage|p1a: Scizor|110/240\n|\n|-heal|p1a: Scizor|125/240|[from] item: Leftovers\n|upkeep\n|turn|31\n|inactive|alexal371797 has 120 seconds left.\n|\n|t:|1732977946\n|move|p1a: Scizor|Knock Off|p2a: Greedent\n|-damage|p2a: Greedent|276/347\n|-enditem|p2a: Greedent|Sitrus Berry|[from] move: Knock Off|[of] p1a: Scizor\n|move|p2a: Greedent|Swords Dance|p2a: Greedent\n|-boost|p2a: Greedent|atk|2\n|\n|-heal|p1a: Scizor|140/240|[from] item: Leftovers\n|upkeep\n|turn|32\n|inactive|manolovm01 has 120 seconds left.\n|inactive|alexal371797 has 120 seconds left.\n|\n|t:|1732977964\n|move|p1a: Scizor|Bullet Punch|p2a: Greedent\n|-crit|p2a: Greedent\n|-damage|p2a: Greedent|171/347\n|move|p2a: Greedent|Swords Dance|p2a: Greedent\n|-boost|p2a: Greedent|atk|2\n|\n|-heal|p1a: Scizor|155/240|[from] item: Leftovers\n|upkeep\n|turn|33\n|inactive|alexal371797 has 120 seconds left.\n|\n|t:|1732977976\n|move|p1a: Scizor|Bullet Punch|p2a: Greedent\n|-damage|p2a: Greedent|104/347\n|move|p2a: Greedent|Earthquake|p1a: Scizor\n|-damage|p1a: Scizor|0 fnt\n|faint|p1a: Scizor\n|\n|upkeep\n|\n|t:|1732977986\n|switch|p1a: Gliscor|Gliscor, L76, M|81/239 tox\n|turn|34\n|\n|t:|1732977992\n|move|p1a: Gliscor|Toxic|p2a: Greedent\n|-status|p2a: Greedent|tox\n|move|p2a: Greedent|Body Slam|p1a: Gliscor\n|-damage|p1a: Gliscor|0 fnt\n|faint|p1a: Gliscor\n|\n|-damage|p2a: Greedent|83/347 tox|[from] psn\n|upkeep\n|inactive|manolovm01 has 120 seconds left.\n|\n|t:|1732978002\n|switch|p1a: Maushold|Maushold-Four, L76|145/238 frz\n|turn|35\n|\n|t:|1732978016\n|cant|p1a: Maushold|frz\n|move|p2a: Greedent|Earthquake|p1a: Maushold\n|-damage|p1a: Maushold|0 fnt\n|faint|p1a: Maushold\n|\n|-damage|p2a: Greedent|41/347 tox|[from] psn\n|upkeep\n|\n|t:|1732978024\n|switch|p1a: Iron Thorns|Iron Thorns, L83|302/302\n|-enditem|p1a: Iron Thorns|Booster Energy\n|-activate|p1a: Iron Thorns|ability: Quark Drive|[fromitem]\n|-start|p1a: Iron Thorns|quarkdriveatk\n|turn|36\n|\n|t:|1732978034\n|move|p1a: Iron Thorns|Wild Charge|p2a: Greedent\n|-damage|p2a: Greedent|0 fnt\n|faint|p2a: Greedent\n|-damage|p1a: Iron Thorns|292/302|[from] Recoil\n|\n|win|manolovm01\n|raw|manolovm01's rating: 1127 &rarr; <strong>1149</strong><br />(+22 for winning)\n|raw|alexal371797's rating: 1085 &rarr; <strong>1065</strong><br />(-20 for losing)\n|l|\u2606alexal371797\n|player|p2|\n", "inputlog": ">version b107d77f5c90bd6555267ae244a6264823309ead\n>start {\"formatid\":\"gen9randombattle\",\"seed\":[9603,46782,4385,18370],\"rated\":\"Rated battle\"}\n>player p1 {\"name\":\"manolovm01\",\"avatar\":\"102\",\"rating\":1127,\"seed\":[1509,21604,23862,65299]}\n>player p2 {\"name\":\"alexal371797\",\"avatar\":\"170\",\"rating\":1085,\"seed\":[36883,41876,4071,45302]}\n>p1 move calmmind\n>p2 move knockoff\n>p1 move strengthsap\n>p2 move knockoff\n>p1 move calmmind\n>p2 move knockoff\n>p1 move strengthsap\n>p2 move knockoff\n>p1 move airslash terastallize\n>p2 switch 2\n>p1 move airslash\n>p2 move knockoff\n>p2 switch 5\n>p1 move strengthsap\n>p2 move icebeam\n>p1 move airslash\n>p2 move spikes\n>p1 move calmmind\n>p2 switch 2\n>p1 move calmmind\n>p2 move knockoff\n>p1 move calmmind\n>p2 move bodyslam\n>p1 move strengthsap\n>p2 move bodyslam\n>p1 move strengthsap\n>p2 move bodyslam\n>p1 move airslash\n>p2 switch 6\n>p1 move shadowball\n>p2 move heavyslam\n>p1 switch 6\n>p1 move earthquake\n>p2 move stealthrock terastallize\n>p2 switch 2\n>p1 move toxic\n>p2 move icebeam\n>p1 move protect\n>p2 move icebeam\n>p1 switch 3\n>p2 move icebeam\n>p1 move knockoff\n>p2 switch 4\n>p1 move bulletpunch\n>p2 move drainpunch\n>p1 switch 4\n>p2 move drainpunch\n>p1 move psychic\n>p2 move gunkshot\n>p2 switch 3\n>p1 move moonblast\n>p2 move supercellslam\n>p1 switch 2\n>p1 move populationbomb\n>p2 move voltswitch\n>p2 switch 4\n>p1 move populationbomb\n>p2 move recover\n>p1 move tidyup\n>p2 move icebeam\n>p1 switch 4\n>p2 move spikes\n>p1 move knockoff\n>p2 move spikes\n>p2 switch 6\n>p1 move defog\n>p2 move earthquake\n>p1 move knockoff\n>p2 move swordsdance\n>p1 move bulletpunch\n>p2 move swordsdance\n>p1 move bulletpunch\n>p2 move earthquake\n>p1 switch 3\n>p1 move toxic\n>p2 move bodyslam\n>p1 switch 4\n>p1 move tidyup\n>p2 move earthquake\n>p1 switch 5\n>p1 move wildcharge\n>p2 move earthquake", "uploadtime": 1732978054, "views": 1, "formatid": "gen9randombattle", "rating": 1065, "private": 0, "password": null}