{"id": "gen9randombattle-2253971232", "format": "[Gen 9] Random Battle", "players": ["Wuloo", "cheese xuebao"], "log": "|j|\u2606Wuloo\n|j|\u2606cheese xuebao\n|t:|1732973613\n|gametype|singles\n|player|p1|Wuloo|wallace|\n|player|p2|cheese xuebao|miku-ground|\n|teamsize|p1|6\n|teamsize|p2|6\n|gen|9\n|tier|[Gen 9] Random Battle\n|rule|Species Clause: Limit one of each Pok\u00e9mon\n|rule|HP Percentage Mod: HP is shown in percentages\n|rule|Sleep Clause Mod: Limit one foe put to sleep\n|rule|Illusion Level Mod: Illusion disguises the Pok\u00e9mon's true level\n|\n|t:|1732973613\n|start\n|switch|p1a: Clodsire|Clodsire, L81, M|343/343\n|switch|p2a: Tatsugiri|Tatsugiri, L87, M|260/260\n|turn|1\n|c|\u2606Wuloo|\uff1f\n|c|\u2606Wuloo|\u600e\u4e48\u56de\u4e8b\n|c|\u2606cheese xuebao|\u54b1\u4eec\u662f\u4e0d\u662f\u5f00\u4e86\u4e24\u4e2a\u5bf9\u6218\uff1f\n|c|\u2606cheese xuebao|\u5173\u4e00\u4e2a\u5427\n|\n|t:|1732973671\n|move|p2a: Tatsugiri|Surf|p1a: Clodsire\n|-immune|p1a: Clodsire|[from] ability: Water Absorb\n|move|p1a: Clodsire|Toxic|p2a: Tatsugiri\n|-status|p2a: Tatsugiri|tox\n|\n|-damage|p2a: Tatsugiri|244/260 tox|[from] psn\n|upkeep\n|turn|2\n|\n|t:|1732973682\n|switch|p2a: Ludicolo|Ludicolo, L90, M|290/290\n|move|p1a: Clodsire|Stealth Rock|p2a: Ludicolo\n|-sidestart|p2: cheese xuebao|move: Stealth Rock\n|\n|upkeep\n|turn|3\n|\n|t:|1732973705\n|move|p2a: Ludicolo|Ice Beam|p1a: Clodsire\n|-supereffective|p1a: Clodsire\n|-damage|p1a: Clodsire|169/343\n|-damage|p2a: Ludicolo|261/290|[from] item: Life Orb\n|move|p1a: Clodsire|Toxic|p2a: Ludicolo\n|-status|p2a: Ludicolo|tox\n|\n|-heal|p1a: Clodsire|190/343|[from] item: Leftovers\n|-damage|p2a: Ludicolo|243/290 tox|[from] psn\n|upkeep\n|turn|4\n|\n|t:|1732973721\n|move|p2a: Ludicolo|Ice Beam|p1a: Clodsire\n|-supereffective|p1a: Clodsire\n|-damage|p1a: Clodsire|8/343\n|-damage|p2a: Ludicolo|214/290 tox|[from] item: Life Orb\n|move|p1a: Clodsire|Earthquake|p2a: Ludicolo\n|-resisted|p2a: Ludicolo\n|-damage|p2a: Ludicolo|170/290 tox\n|\n|-heal|p1a: Clodsire|29/343|[from] item: Leftovers\n|-damage|p2a: Ludicolo|134/290 tox|[from] psn\n|upkeep\n|turn|5\n|\n|t:|1732973734\n|move|p2a: Ludicolo|Giga Drain|p1a: Clodsire\n|-crit|p1a: Clodsire\n|-damage|p1a: Clodsire|0 fnt\n|-heal|p2a: Ludicolo|149/290 tox|[from] drain|[of] p1a: Clodsire\n|faint|p1a: Clodsire\n|-damage|p2a: Ludicolo|120/290 tox|[from] item: Life Orb\n|\n|-damage|p2a: Ludicolo|66/290 tox|[from] psn\n|upkeep\n|\n|t:|1732973749\n|switch|p1a: Cobalion|Cobalion, L80|277/277\n|turn|6\n|\n|t:|1732973758\n|move|p1a: Cobalion|Volt Switch|p2a: Ludicolo\n|-damage|p2a: Ludicolo|28/290 tox\n|\n|t:|1732973769\n|switch|p1a: Magcargo|Magcargo, L95, F|268/268|[from] Volt Switch\n|move|p2a: Ludicolo|Hydro Pump|p1a: Magcargo\n|-supereffective|p1a: Magcargo\n|-damage|p1a: Magcargo|0 fnt\n|faint|p1a: Magcargo\n|-damage|p2a: Ludicolo|0 fnt|[from] item: Life Orb\n|faint|p2a: Ludicolo\n|\n|upkeep\n|c|\u2606Wuloo|\u70b9\u9519\u4e86\n|c|\u2606Wuloo|\u6b89\u60c5\u4e86\n|\n|t:|1732973793\n|switch|p2a: Tatsugiri|Tatsugiri, L87, M|244/260 tox\n|switch|p1a: Cobalion|Cobalion, L80|277/277\n|turn|7\n|\n|t:|1732973810\n|move|p1a: Cobalion|Volt Switch|p2a: Tatsugiri\n|-damage|p2a: Tatsugiri|203/260 tox\n|\n|t:|1732973818\n|switch|p1a: Comfey|Comfey, L85, M|225/225|[from] Volt Switch\n|move|p2a: Tatsugiri|Rapid Spin|p1a: Comfey\n|-damage|p1a: Comfey|202/225\n|-boost|p2a: Tatsugiri|spe|1\n|-sideend|p2: cheese xuebao|Stealth Rock|[from] move: Rapid Spin|[of] p2a: Tatsugiri\n|\n|-heal|p1a: Comfey|216/225|[from] item: Leftovers\n|-damage|p2a: Tatsugiri|187/260 tox|[from] psn\n|upkeep\n|turn|8\n|\n|t:|1732973840\n|switch|p2a: Ho-Oh|Ho-Oh, L71|268/268\n|move|p1a: Comfey|Draining Kiss|p2a: Ho-Oh\n|-resisted|p2a: Ho-Oh\n|-damage|p2a: Ho-Oh|250/268\n|-heal|p1a: Comfey|225/225|[from] drain|[of] p2a: Ho-Oh\n|\n|upkeep\n|turn|9\n|\n|t:|1732973873\n|switch|p1a: Cobalion|Cobalion, L80|277/277\n|move|p2a: Ho-Oh|Sacred Fire|p1a: Cobalion|[miss]\n|-miss|p2a: Ho-Oh|p1a: Cobalion\n|\n|upkeep\n|turn|10\n|c|\u2606cheese xuebao|\u662f\u51e4\u738b\uff0c\u6211\u4eec\u6709\u6551\u4e86\n|c|\u2606cheese xuebao|\u4f60\u518dmiss\u7ed9\u4f60\u653e\u751f\u4e86\n|\n|t:|1732973898\n|-terastallize|p1a: Cobalion|Water\n|move|p1a: Cobalion|Volt Switch|p2a: Ho-Oh\n|-supereffective|p2a: Ho-Oh\n|-damage|p2a: Ho-Oh|184/268\n|\n|t:|1732973910\n|switch|p1a: Comfey|Comfey, L85, M|225/225|[from] Volt Switch\n|move|p2a: Ho-Oh|Sacred Fire|p1a: Comfey\n|-damage|p1a: Comfey|131/225\n|\n|-heal|p1a: Comfey|145/225|[from] item: Leftovers\n|upkeep\n|turn|11\n|\n|t:|1732973926\n|switch|p1a: Cobalion|Cobalion, L80, tera:Water|277/277\n|move|p2a: Ho-Oh|Sacred Fire|p1a: Cobalion\n|-resisted|p1a: Cobalion\n|-crit|p1a: Cobalion\n|-damage|p1a: Cobalion|219/277\n|\n|-heal|p1a: Cobalion|236/277|[from] item: Leftovers\n|upkeep\n|turn|12\n|\n|t:|1732973936\n|switch|p2a: Dachsbun|Dachsbun, L92, M|254/254\n|move|p1a: Cobalion|Volt Switch|p2a: Dachsbun\n|-damage|p2a: Dachsbun|208/254\n|\n|t:|1732973955\n|switch|p1a: Phione|Phione, L91|293/293|[from] Volt Switch\n|\n|-heal|p2a: Dachsbun|223/254|[from] item: Leftovers\n|upkeep\n|turn|13\n|\n|t:|1732973967\n|switch|p2a: Tatsugiri|Tatsugiri, L87, M|187/260 tox\n|switch|p1a: Cobalion|Cobalion, L80, tera:Water|236/277\n|\n|-heal|p1a: Cobalion|253/277|[from] item: Leftovers\n|-damage|p2a: Tatsugiri|171/260 tox|[from] psn\n|upkeep\n|turn|14\n|\n|t:|1732973980\n|move|p1a: Cobalion|Volt Switch|p2a: Tatsugiri\n|-damage|p2a: Tatsugiri|129/260 tox\n|\n|t:|1732973984\n|switch|p1a: Comfey|Comfey, L85, M|145/225|[from] Volt Switch\n|move|p2a: Tatsugiri|Draco Meteor|p1a: Comfey\n|-immune|p1a: Comfey\n|\n|-heal|p1a: Comfey|159/225|[from] item: Leftovers\n|-damage|p2a: Tatsugiri|97/260 tox|[from] psn\n|upkeep\n|turn|15\n|\n|t:|1732973996\n|switch|p2a: Ho-Oh|Ho-Oh, L71|268/268\n|move|p1a: Comfey|Draining Kiss|p2a: Ho-Oh\n|-resisted|p2a: Ho-Oh\n|-damage|p2a: Ho-Oh|250/268\n|-heal|p1a: Comfey|173/225|[from] drain|[of] p2a: Ho-Oh\n|\n|-heal|p1a: Comfey|187/225|[from] item: Leftovers\n|upkeep\n|turn|16\n|\n|t:|1732974017\n|switch|p1a: Misdreavus|Misdreavus, L90, F|254/254\n|move|p2a: Ho-Oh|Brave Bird|p1a: Misdreavus\n|-damage|p1a: Misdreavus|154/254\n|-damage|p2a: Ho-Oh|217/268|[from] Recoil\n|\n|upkeep\n|turn|17\n|\n|t:|1732974031\n|switch|p2a: Dachsbun|Dachsbun, L92, M|223/254\n|move|p1a: Misdreavus|Shadow Ball|p2a: Dachsbun\n|-damage|p2a: Dachsbun|141/254\n|\n|-heal|p2a: Dachsbun|156/254|[from] item: Leftovers\n|upkeep\n|turn|18\n|\n|t:|1732974048\n|switch|p1a: Cobalion|Cobalion, L80, tera:Water|253/277\n|move|p2a: Dachsbun|Wish|p2a: Dachsbun\n|\n|-heal|p2a: Dachsbun|171/254|[from] item: Leftovers\n|-heal|p1a: Cobalion|270/277|[from] item: Leftovers\n|upkeep\n|turn|19\n|\n|t:|1732974056\n|move|p2a: Dachsbun|Play Rough|p1a: Cobalion\n|-crit|p1a: Cobalion\n|-damage|p1a: Cobalion|161/277\n|move|p1a: Cobalion|Iron Head|p2a: Dachsbun\n|-supereffective|p2a: Dachsbun\n|-damage|p2a: Dachsbun|67/254\n|\n|-heal|p2a: Dachsbun|194/254|[from] move: Wish|[wisher] Dachsbun\n|-heal|p2a: Dachsbun|209/254|[from] item: Leftovers\n|-heal|p1a: Cobalion|178/277|[from] item: Leftovers\n|upkeep\n|turn|20\n|c|\u2606Wuloo|\uff1f\n|c|\u2606cheese xuebao|\u7948\u613f\n|\n|t:|1732974078\n|switch|p2a: Bastiodon|Bastiodon, L89, M|252/252\n|move|p1a: Cobalion|Iron Head|p2a: Bastiodon\n|-damage|p2a: Bastiodon|210/252\n|\n|-heal|p1a: Cobalion|195/277|[from] item: Leftovers\n|upkeep\n|turn|21\n|c|\u2606cheese xuebao|\u7b2c18\u56de\u5408\u6211\u4f7f\u7528\u4e86\u7948\u613f\n|\n|t:|1732974094\n|move|p1a: Cobalion|Body Press|p2a: Bastiodon\n|-supereffective|p2a: Bastiodon\n|-damage|p2a: Bastiodon|0 fnt\n|faint|p2a: Bastiodon\n|\n|-heal|p1a: Cobalion|212/277|[from] item: Leftovers\n|upkeep\n|\n|t:|1732974112\n|switch|p2a: Ho-Oh|Ho-Oh, L71|268/268\n|turn|22\n|c|\u2606Wuloo|\u8fd9\u6253\u4e0d\u4e86\n|\n|t:|1732974142\n|move|p1a: Cobalion|Volt Switch|p2a: Ho-Oh\n|-supereffective|p2a: Ho-Oh\n|-damage|p2a: Ho-Oh|204/268\n|\n|t:|1732974148\n|switch|p1a: Misdreavus|Misdreavus, L90, F|154/254|[from] Volt Switch\n|move|p2a: Ho-Oh|Brave Bird|p1a: Misdreavus\n|-damage|p1a: Misdreavus|52/254\n|-damage|p2a: Ho-Oh|170/268|[from] Recoil\n|\n|upkeep\n|turn|23\n|c|\u2606cheese xuebao|\u8fd9\u6253\u7684\u4e86\n|c|\u2606cheese xuebao|\u4f60\u8fd9\u4e2a\u961f\u4f0d\u7a0d\u5fae\u64cd\u4f5c\u4e00\u4e0b\uff0c\u80fd\u6253\u7684\n|\n|t:|1732974174\n|switch|p1a: Cobalion|Cobalion, L80, tera:Water|212/277\n|move|p2a: Ho-Oh|Sacred Fire|p1a: Cobalion\n|-resisted|p1a: Cobalion\n|-damage|p1a: Cobalion|176/277\n|\n|-heal|p1a: Cobalion|193/277|[from] item: Leftovers\n|upkeep\n|turn|24\n|\n|t:|1732974179\n|move|p1a: Cobalion|Volt Switch|p2a: Ho-Oh\n|-supereffective|p2a: Ho-Oh\n|-damage|p2a: Ho-Oh|106/268\n|\n|t:|1732974183\n|switch|p1a: Misdreavus|Misdreavus, L90, F|52/254|[from] Volt Switch\n|move|p2a: Ho-Oh|Brave Bird|p1a: Misdreavus\n|-damage|p1a: Misdreavus|0 fnt\n|faint|p1a: Misdreavus\n|-damage|p2a: Ho-Oh|89/268|[from] Recoil\n|\n|upkeep\n|\n|t:|1732974193\n|switch|p1a: Cobalion|Cobalion, L80, tera:Water|193/277\n|turn|25\n|\n|t:|1732974204\n|switch|p2a: Tatsugiri|Tatsugiri, L87, M|97/260 tox\n|move|p1a: Cobalion|Volt Switch|p2a: Tatsugiri\n|-damage|p2a: Tatsugiri|54/260 tox\n|\n|t:|1732974215\n|switch|p1a: Phione|Phione, L91|293/293|[from] Volt Switch\n|\n|-damage|p2a: Tatsugiri|38/260 tox|[from] psn\n|upkeep\n|turn|26\n|\n|t:|1732974230\n|move|p1a: Phione|Take Heart|p1a: Phione\n|-boost|p1a: Phione|spa|1\n|-boost|p1a: Phione|spd|1\n|move|p2a: Tatsugiri|Nasty Plot|p2a: Tatsugiri\n|-boost|p2a: Tatsugiri|spa|2\n|\n|-damage|p2a: Tatsugiri|6/260 tox|[from] psn\n|upkeep\n|turn|27\n|\n|t:|1732974241\n|move|p1a: Phione|Take Heart|p1a: Phione\n|-boost|p1a: Phione|spa|1\n|-boost|p1a: Phione|spd|1\n|move|p2a: Tatsugiri|Draco Meteor|p1a: Phione\n|-damage|p1a: Phione|109/293\n|-unboost|p2a: Tatsugiri|spa|2\n|\n|-heal|p1a: Phione|127/293|[from] item: Leftovers\n|-damage|p2a: Tatsugiri|0 fnt|[from] psn\n|faint|p2a: Tatsugiri\n|upkeep\n|\n|t:|1732974247\n|switch|p2a: Lunala|Lunala, L70|308/308\n|turn|28\n|c|\u2606Wuloo|\u8fd9\u5408\u7406\u5417\n|c|\u2606cheese xuebao|\u8fd9\u975e\u5e38\u5408\u7406\n|\n|t:|1732974286\n|move|p1a: Phione|Scald|p2a: Lunala\n|-damage|p2a: Lunala|218/308\n|-status|p2a: Lunala|brn\n|move|p2a: Lunala|Calm Mind|p2a: Lunala\n|-boost|p2a: Lunala|spa|1\n|-boost|p2a: Lunala|spd|1\n|\n|-heal|p1a: Phione|145/293|[from] item: Leftovers\n|-heal|p2a: Lunala|237/308 brn|[from] item: Leftovers\n|-damage|p2a: Lunala|218/308 brn|[from] brn\n|upkeep\n|turn|29\n|\n|t:|1732974300\n|move|p1a: Phione|Scald|p2a: Lunala\n|-damage|p2a: Lunala|92/308 brn\n|move|p2a: Lunala|Calm Mind|p2a: Lunala\n|-boost|p2a: Lunala|spa|1\n|-boost|p2a: Lunala|spd|1\n|\n|-heal|p1a: Phione|163/293|[from] item: Leftovers\n|-heal|p2a: Lunala|111/308 brn|[from] item: Leftovers\n|-damage|p2a: Lunala|92/308 brn|[from] brn\n|upkeep\n|turn|30\n|\n|t:|1732974311\n|move|p1a: Phione|Scald|p2a: Lunala\n|-damage|p2a: Lunala|1/308 brn\n|move|p2a: Lunala|Moonlight|p2a: Lunala\n|-heal|p2a: Lunala|155/308 brn\n|\n|-heal|p1a: Phione|181/293|[from] item: Leftovers\n|-heal|p2a: Lunala|174/308 brn|[from] item: Leftovers\n|-damage|p2a: Lunala|155/308 brn|[from] brn\n|upkeep\n|turn|31\n|\n|t:|1732974323\n|move|p1a: Phione|Scald|p2a: Lunala\n|-damage|p2a: Lunala|61/308 brn\n|move|p2a: Lunala|Moonlight|p2a: Lunala\n|-heal|p2a: Lunala|215/308 brn\n|\n|-heal|p1a: Phione|199/293|[from] item: Leftovers\n|-heal|p2a: Lunala|234/308 brn|[from] item: Leftovers\n|-damage|p2a: Lunala|215/308 brn|[from] brn\n|upkeep\n|turn|32\n|c|\u2606Wuloo|\u4e0d\u597d\u634f\n|\n|t:|1732974337\n|move|p1a: Phione|Scald|p2a: Lunala\n|-damage|p2a: Lunala|134/308 brn\n|move|p2a: Lunala|Moonlight|p2a: Lunala\n|-heal|p2a: Lunala|288/308 brn\n|\n|-heal|p1a: Phione|217/293|[from] item: Leftovers\n|-heal|p2a: Lunala|307/308 brn|[from] item: Leftovers\n|-damage|p2a: Lunala|288/308 brn|[from] brn\n|upkeep\n|turn|33\n|\n|t:|1732974342\n|move|p1a: Phione|Take Heart|p1a: Phione\n|-boost|p1a: Phione|spa|1\n|-boost|p1a: Phione|spd|1\n|move|p2a: Lunala|Calm Mind|p2a: Lunala\n|-boost|p2a: Lunala|spa|1\n|-boost|p2a: Lunala|spd|1\n|\n|-heal|p1a: Phione|235/293|[from] item: Leftovers\n|-heal|p2a: Lunala|307/308 brn|[from] item: Leftovers\n|-damage|p2a: Lunala|288/308 brn|[from] brn\n|upkeep\n|turn|34\n|\n|t:|1732974348\n|move|p1a: Phione|Take Heart|p1a: Phione\n|-boost|p1a: Phione|spa|1\n|-boost|p1a: Phione|spd|1\n|move|p2a: Lunala|Calm Mind|p2a: Lunala\n|-boost|p2a: Lunala|spa|1\n|-boost|p2a: Lunala|spd|1\n|\n|-heal|p1a: Phione|253/293|[from] item: Leftovers\n|-heal|p2a: Lunala|307/308 brn|[from] item: Leftovers\n|-damage|p2a: Lunala|288/308 brn|[from] brn\n|upkeep\n|turn|35\n|\n|t:|1732974356\n|move|p1a: Phione|Scald|p2a: Lunala\n|-damage|p2a: Lunala|203/308 brn\n|move|p2a: Lunala|Calm Mind|p2a: Lunala\n|-boost|p2a: Lunala|spa|1\n|-boost|p2a: Lunala|spd|1\n|\n|-heal|p1a: Phione|271/293|[from] item: Leftovers\n|-heal|p2a: Lunala|222/308 brn|[from] item: Leftovers\n|-damage|p2a: Lunala|203/308 brn|[from] brn\n|upkeep\n|turn|36\n|\n|t:|1732974362\n|move|p1a: Phione|Scald|p2a: Lunala\n|-damage|p2a: Lunala|130/308 brn\n|move|p2a: Lunala|Calm Mind|p2a: Lunala\n|-boost|p2a: Lunala|spa|1\n|-boost|p2a: Lunala|spd|1\n|\n|-heal|p1a: Phione|289/293|[from] item: Leftovers\n|-heal|p2a: Lunala|149/308 brn|[from] item: Leftovers\n|-damage|p2a: Lunala|130/308 brn|[from] brn\n|upkeep\n|turn|37\n|\n|t:|1732974367\n|move|p1a: Phione|Scald|p2a: Lunala\n|-damage|p2a: Lunala|57/308 brn\n|move|p2a: Lunala|Moonlight|p2a: Lunala\n|-heal|p2a: Lunala|211/308 brn\n|\n|-heal|p1a: Phione|293/293|[from] item: Leftovers\n|-heal|p2a: Lunala|230/308 brn|[from] item: Leftovers\n|-damage|p2a: Lunala|211/308 brn|[from] brn\n|upkeep\n|turn|38\n|\n|t:|1732974369\n|move|p1a: Phione|Take Heart|p1a: Phione\n|-boost|p1a: Phione|spa|1\n|-boost|p1a: Phione|spd|1\n|move|p2a: Lunala|Moonlight|p2a: Lunala\n|-heal|p2a: Lunala|308/308 brn\n|\n|-damage|p2a: Lunala|289/308 brn|[from] brn\n|upkeep\n|turn|39\n|\n|t:|1732974375\n|move|p1a: Phione|Take Heart|p1a: Phione\n|-boost|p1a: Phione|spa|1\n|-boost|p1a: Phione|spd|1\n|move|p2a: Lunala|Moonblast|p1a: Phione\n|-damage|p1a: Phione|229/293\n|\n|-heal|p1a: Phione|247/293|[from] item: Leftovers\n|-heal|p2a: Lunala|308/308 brn|[from] item: Leftovers\n|-damage|p2a: Lunala|289/308 brn|[from] brn\n|upkeep\n|turn|40\n|\n|t:|1732974381\n|move|p1a: Phione|Take Heart||[still]\n|-boost|p1a: Phione|spa|0\n|-boost|p1a: Phione|spd|0\n|-fail|p1a: Phione\n|move|p2a: Lunala|Moongeist Beam|p1a: Phione\n|-damage|p1a: Phione|153/293\n|\n|-heal|p1a: Phione|171/293|[from] item: Leftovers\n|-heal|p2a: Lunala|308/308 brn|[from] item: Leftovers\n|-damage|p2a: Lunala|289/308 brn|[from] brn\n|upkeep\n|turn|41\n|\n|t:|1732974386\n|move|p1a: Phione|Scald|p2a: Lunala\n|-damage|p2a: Lunala|195/308 brn\n|move|p2a: Lunala|Moongeist Beam|p1a: Phione\n|-crit|p1a: Phione\n|-damage|p1a: Phione|0 fnt\n|faint|p1a: Phione\n|\n|-heal|p2a: Lunala|214/308 brn|[from] item: Leftovers\n|-damage|p2a: Lunala|195/308 brn|[from] brn\n|upkeep\n|c|\u2606Wuloo|\u54c7\n|c|\u2606cheese xuebao|ohhhhhhhhhhhh\n|\n|t:|1732974402\n|switch|p1a: Comfey|Comfey, L85, M|187/225\n|turn|42\n|c|\u2606Wuloo|\u73a9\u4e0d\u4e86\u4e86\n|\n|t:|1732974426\n|move|p1a: Comfey|Draining Kiss|p2a: Lunala\n|-damage|p2a: Lunala|182/308 brn\n|-heal|p1a: Comfey|197/225|[from] drain|[of] p2a: Lunala\n|move|p2a: Lunala|Moonlight|p2a: Lunala\n|-heal|p2a: Lunala|308/308 brn\n|\n|-heal|p1a: Comfey|211/225|[from] item: Leftovers\n|-damage|p2a: Lunala|289/308 brn|[from] brn\n|upkeep\n|turn|43\n|\n|t:|1732974432\n|move|p1a: Comfey|Tera Blast|p2a: Lunala\n|-immune|p2a: Lunala\n|move|p2a: Lunala|Moongeist Beam|p1a: Comfey\n|-crit|p1a: Comfey\n|-damage|p1a: Comfey|0 fnt\n|faint|p1a: Comfey\n|\n|-heal|p2a: Lunala|308/308 brn|[from] item: Leftovers\n|-damage|p2a: Lunala|289/308 brn|[from] brn\n|upkeep\n|\n|t:|1732974436\n|switch|p1a: Cobalion|Cobalion, L80, tera:Water|193/277\n|turn|44\n|\n|t:|1732974450\n|move|p1a: Cobalion|Volt Switch|p2a: Lunala\n|-damage|p2a: Lunala|278/308 brn\n|move|p2a: Lunala|Moongeist Beam|p1a: Cobalion\n|-damage|p1a: Cobalion|0 fnt\n|faint|p1a: Cobalion\n|\n|win|cheese xuebao\n|l|\u2606cheese xuebao\n|player|p2|\n", "inputlog": ">version b107d77f5c90bd6555267ae244a6264823309ead\n>start {\"formatid\":\"gen9randombattle\",\"seed\":[53659,27291,52766,9191]}\n>player p1 {\"name\":\"Wuloo\",\"avatar\":\"wallace\",\"rating\":0,\"seed\":[5415,10005,27697,62084]}\n>player p2 {\"name\":\"cheese xuebao\",\"avatar\":\"miku-ground\",\"rating\":0,\"seed\":[56468,35693,52414,1166]}\n>chat \u2606Wuloo|\uff1f\n>chat \u2606Wuloo|\u600e\u4e48\u56de\u4e8b\n>chat \u2606cheese xuebao|\u54b1\u4eec\u662f\u4e0d\u662f\u5f00\u4e86\u4e24\u4e2a\u5bf9\u6218\uff1f\n>chat \u2606cheese xuebao|\u5173\u4e00\u4e2a\u5427\n>p1 move toxic\n>p2 move surf\n>p1 move stealthrock\n>p2 switch 3\n>p1 move toxic\n>p2 move icebeam\n>p1 move earthquake\n>p2 move icebeam\n>p1 move recover\n>p2 move gigadrain\n>p1 switch 4\n>p1 move voltswitch\n>p2 move hydropump\n>p1 switch 6\n>chat \u2606Wuloo|\u70b9\u9519\u4e86\n>chat \u2606Wuloo|\u6b89\u60c5\u4e86\n>p1 switch 6\n>p2 switch 3\n>p1 move voltswitch\n>p2 move rapidspin\n>p1 switch 2\n>p1 move drainingkiss\n>p2 switch 5\n>p1 switch 2\n>p2 move sacredfire\n>chat \u2606cheese xuebao|\u662f\u51e4\u738b\uff0c\u6211\u4eec\u6709\u6551\u4e86\n>chat \u2606cheese xuebao|\u4f60\u518dmiss\u7ed9\u4f60\u653e\u751f\u4e86\n>p1 move voltswitch terastallize\n>p2 move sacredfire\n>p1 switch 2\n>p1 switch 2\n>p2 move sacredfire\n>p1 move voltswitch\n>p2 switch 6\n>p1 switch 5\n>p1 switch 5\n>p2 switch 5\n>p1 move voltswitch\n>p2 move dracometeor\n>p1 switch 2\n>p1 move drainingkiss\n>p2 switch 6\n>p1 switch 3\n>p2 move bravebird\n>p1 move shadowball\n>p2 switch 5\n>p1 switch 2\n>p2 move wish\n>p1 move ironhead\n>p2 move playrough\n>chat \u2606Wuloo|\uff1f\n>chat \u2606cheese xuebao|\u7948\u613f\n>p1 move ironhead\n>p2 switch 2\n>chat \u2606cheese xuebao|\u7b2c18\u56de\u5408\u6211\u4f7f\u7528\u4e86\u7948\u613f\n>p1 move bodypress\n>p2 move irondefense\n>p2 switch 5\n>chat \u2606Wuloo|\u8fd9\u6253\u4e0d\u4e86\n>p1 move voltswitch\n>p2 move bravebird\n>p1 switch 2\n>chat \u2606cheese xuebao|\u8fd9\u6253\u7684\u4e86\n>chat \u2606cheese xuebao|\u4f60\u8fd9\u4e2a\u961f\u4f0d\u7a0d\u5fae\u64cd\u4f5c\u4e00\u4e0b\uff0c\u80fd\u6253\u7684\n>p1 switch 2\n>p2 move sacredfire\n>p1 move voltswitch\n>p2 move bravebird\n>p1 switch 2\n>p1 switch 2\n>p1 move voltswitch\n>p2 switch 6\n>p1 switch 5\n>p1 move takeheart\n>p2 move nastyplot\n>p1 move takeheart\n>p2 move dracometeor\n>p2 switch 4\n>chat \u2606Wuloo|\u8fd9\u5408\u7406\u5417\n>chat \u2606cheese xuebao|\u8fd9\u975e\u5e38\u5408\u7406\n>p1 move scald\n>p2 move calmmind\n>p1 move scald\n>p2 move calmmind\n>p1 move scald\n>p2 move moonlight\n>p1 move scald\n>p2 move moonlight\n>chat \u2606Wuloo|\u4e0d\u597d\u634f\n>p1 move scald\n>p2 move moonlight\n>p1 move takeheart\n>p2 move calmmind\n>p1 move takeheart\n>p2 move calmmind\n>p1 move scald\n>p2 move calmmind\n>p1 move scald\n>p2 move calmmind\n>p1 move scald\n>p2 move moonlight\n>p1 move takeheart\n>p2 move moonlight\n>p1 move takeheart\n>p2 move moonblast\n>p1 move takeheart\n>p2 move moongeistbeam\n>p1 move scald\n>p2 move moongeistbeam\n>chat \u2606Wuloo|\u54c7\n>chat \u2606cheese xuebao|ohhhhhhhhhhhh\n>p1 switch 3\n>chat \u2606Wuloo|\u73a9\u4e0d\u4e86\u4e86\n>p1 move drainingkiss\n>p2 move moonlight\n>p1 move terablast\n>p2 move moongeistbeam\n>p1 switch 5\n>p1 move voltswitch\n>p2 move moongeistbeam", "uploadtime": 1732974459, "views": 1, "formatid": "gen9randombattle", "rating": null, "private": 0, "password": null}