{"id": "gen9randombattle-2253815019", "format": "[Gen 9] Random Battle", "players": ["cheese xuebao", "Wuloo"], "log": "|j|\u2606cheese xuebao\n|j|\u2606Wuloo\n|t:|1732942490\n|gametype|singles\n|player|p1|cheese xuebao|miku-ground|\n|player|p2|Wuloo|collector|\n|teamsize|p1|6\n|teamsize|p2|6\n|gen|9\n|tier|[Gen 9] Random Battle\n|rule|Species Clause: Limit one of each Pok\u00e9mon\n|rule|HP Percentage Mod: HP is shown in percentages\n|rule|Sleep Clause Mod: Limit one foe put to sleep\n|rule|Illusion Level Mod: Illusion disguises the Pok\u00e9mon's true level\n|\n|t:|1732942490\n|start\n|switch|p1a: Floatzel|Floatzel, L85, M|283/283\n|switch|p2a: Mesprit|Mesprit, L85|275/275\n|turn|1\n|c|\u2606cheese xuebao|\u60f3\u73a9\u968f\u673a\n|\n|t:|1732942515\n|-terastallize|p2a: Mesprit|Electric\n|move|p1a: Floatzel|Crunch|p2a: Mesprit\n|-damage|p2a: Mesprit|224/275\n|move|p2a: Mesprit|Stealth Rock|p1a: Floatzel\n|-sidestart|p1: cheese xuebao|move: Stealth Rock\n|\n|-heal|p2a: Mesprit|241/275|[from] item: Leftovers\n|upkeep\n|turn|2\n|\n|t:|1732942531\n|switch|p1a: Shiftry|Shiftry, L89, M|305/305\n|-damage|p1a: Shiftry|267/305|[from] Stealth Rock\n|move|p2a: Mesprit|Psychic Noise|p1a: Shiftry\n|-immune|p1a: Shiftry\n|\n|-heal|p2a: Mesprit|258/275|[from] item: Leftovers\n|upkeep\n|turn|3\n|\n|t:|1732942542\n|move|p1a: Shiftry|Swords Dance|p1a: Shiftry\n|-boost|p1a: Shiftry|atk|2\n|move|p2a: Mesprit|U-turn|p1a: Shiftry\n|-supereffective|p1a: Shiftry\n|-damage|p1a: Shiftry|3/305\n|\n|t:|1732942550\n|switch|p2a: Iron Bundle|Iron Bundle, L77|213/213|[from] U-turn\n|\n|upkeep\n|turn|4\n|\n|t:|1732942564\n|move|p1a: Shiftry|Sucker Punch|p2a: Iron Bundle\n|-damage|p2a: Iron Bundle|30/213\n|-damage|p1a: Shiftry|0 fnt|[from] item: Life Orb\n|faint|p1a: Shiftry\n|move|p2a: Iron Bundle|Freeze-Dry|p1: Shiftry|[notarget]\n|-fail|p2a: Iron Bundle\n|\n|-heal|p2a: Iron Bundle|43/213|[from] item: Leftovers\n|upkeep\n|c|\u2606Wuloo|\u4e0d\u8be5\u4e0a\u8fd9\u4e2a\u7684\n|\n|t:|1732942579\n|switch|p1a: Gardevoir|Gardevoir, L83, M|249/249\n|-damage|p1a: Gardevoir|218/249|[from] Stealth Rock\n|turn|5\n|\n|t:|1732942606\n|-end|p2a: Iron Bundle|Quark Drive|[silent]\n|switch|p2a: Lokix|Lokix, L82, F|251/251\n|-ability|p1a: Gardevoir|Tinted Lens|[from] ability: Trace|[of] p2a: Lokix\n|move|p1a: Gardevoir|Moonblast|p2a: Lokix\n|-supereffective|p2a: Lokix\n|-damage|p2a: Lokix|0 fnt\n|faint|p2a: Lokix\n|\n|upkeep\n|c|\u2606Wuloo|\uff1f\u79d2\u4e86\n|c|\u2606cheese xuebao|\u66f4\u4e0d\u5e94\u8be5\u4e0a\u8fd9\u4e2a\n|\n|t:|1732942625\n|switch|p2a: Mesprit|Mesprit, L85, tera:Electric|258/275\n|turn|6\n|\n|t:|1732942637\n|move|p1a: Gardevoir|Moonblast|p2a: Mesprit\n|-damage|p2a: Mesprit|146/275\n|move|p2a: Mesprit|U-turn|p1a: Gardevoir\n|-damage|p1a: Gardevoir|153/249\n|\n|t:|1732942645\n|switch|p2a: Porygon-Z|Porygon-Z, L83|277/277|[from] U-turn\n|-ability|p2a: Porygon-Z|Download|boost\n|-boost|p2a: Porygon-Z|atk|1\n|\n|upkeep\n|turn|7\n|\n|t:|1732942654\n|switch|p1a: Magnezone|Magnezone, L85|258/258\n|-damage|p1a: Magnezone|242/258|[from] Stealth Rock\n|move|p2a: Porygon-Z|Tri Attack|p1a: Magnezone\n|-resisted|p1a: Magnezone\n|-damage|p1a: Magnezone|205/258\n|\n|upkeep\n|turn|8\n|\n|t:|1732942674\n|switch|p2a: Stonjourner|Stonjourner, L91, M|330/330\n|move|p1a: Magnezone|Mirror Coat||[still]\n|-fail|p1a: Magnezone\n|\n|upkeep\n|turn|9\n|\n|t:|1732942682\n|move|p2a: Stonjourner|Earthquake|p1a: Magnezone\n|-supereffective|p1a: Magnezone\n|-damage|p1a: Magnezone|0 fnt\n|faint|p1a: Magnezone\n|-damage|p2a: Stonjourner|297/330|[from] item: Life Orb\n|\n|upkeep\n|\n|t:|1732942688\n|switch|p1a: Dewgong|Dewgong, L94, F|322/322\n|turn|10\n|c|\u2606cheese xuebao|\u4e0d\u597d\n|c|\u2606Wuloo|\u6211\u95ee\u4e00\u4e0b\u6c34\u51b0\u53cc\u5c5e\u6027\u7528\u706b\u6253\u6548\u679c\u662f\u4ec0\u4e48\n|\n|t:|1732942753\n|switch|p2a: Mesprit|Mesprit, L85, tera:Electric|146/275\n|move|p1a: Dewgong|Hydro Pump|p2a: Mesprit\n|-damage|p2a: Mesprit|52/275\n|\n|-heal|p2a: Mesprit|69/275|[from] item: Leftovers\n|upkeep\n|turn|11\n|c|\u2606cheese xuebao|\u6548\u679c\u4e00\u822c\n|\n|t:|1732942767\n|move|p1a: Dewgong|Hydro Pump|p2a: Mesprit\n|-damage|p2a: Mesprit|0 fnt\n|faint|p2a: Mesprit\n|\n|upkeep\n|\n|t:|1732942774\n|switch|p2a: Stonjourner|Stonjourner, L91, M|297/330\n|turn|12\n|\n|t:|1732942780\n|move|p1a: Dewgong|Hydro Pump|p2a: Stonjourner\n|-supereffective|p2a: Stonjourner\n|-damage|p2a: Stonjourner|0 fnt\n|faint|p2a: Stonjourner\n|\n|upkeep\n|\n|t:|1732942788\n|switch|p2a: Ampharos|Ampharos, L88, M|302/302\n|turn|13\n|c|\u2606cheese xuebao|\u5c31\u4f60\u53eb\u7535\u9f99\u662f\u5427\uff1f\n|\n|t:|1732942812\n|switch|p1a: Miraidon|Miraidon, L65|238/238\n|-damage|p1a: Miraidon|209/238|[from] Stealth Rock\n|-fieldstart|move: Electric Terrain|[from] ability: Hadron Engine|[of] p1a: Miraidon\n|move|p2a: Ampharos|Thunderbolt|p1a: Miraidon\n|-resisted|p1a: Miraidon\n|-damage|p1a: Miraidon|160/238\n|-damage|p2a: Ampharos|272/302|[from] item: Life Orb\n|\n|-heal|p1a: Miraidon|174/238|[from] item: Leftovers\n|upkeep\n|turn|14\n|\n|t:|1732942824\n|move|p1a: Miraidon|Calm Mind|p1a: Miraidon\n|-boost|p1a: Miraidon|spa|1\n|-boost|p1a: Miraidon|spd|1\n|move|p2a: Ampharos|Dazzling Gleam|p1a: Miraidon\n|-supereffective|p1a: Miraidon\n|-damage|p1a: Miraidon|44/238\n|-damage|p2a: Ampharos|242/302|[from] item: Life Orb\n|\n|-heal|p1a: Miraidon|58/238|[from] item: Leftovers\n|upkeep\n|turn|15\n|\n|t:|1732942829\n|move|p1a: Miraidon|Draco Meteor|p2a: Ampharos\n|-damage|p2a: Ampharos|32/302\n|-unboost|p1a: Miraidon|spa|2\n|move|p2a: Ampharos|Dazzling Gleam|p1a: Miraidon\n|-supereffective|p1a: Miraidon\n|-damage|p1a: Miraidon|0 fnt\n|faint|p1a: Miraidon\n|-damage|p2a: Ampharos|2/302|[from] item: Life Orb\n|\n|upkeep\n|c|\u2606cheese xuebao|\u8fd9\u6ca1\u6253\u6b7b\uff1f\uff1f\uff1f\uff1f\n|c|\u2606Wuloo|\u597d\u6837\u7684\n|\n|t:|1732942846\n|switch|p1a: Gardevoir|Gardevoir, L83, M|153/249\n|-damage|p1a: Gardevoir|122/249|[from] Stealth Rock\n|-ability|p1a: Gardevoir|Static|[from] ability: Trace|[of] p2a: Ampharos\n|turn|16\n|\n|t:|1732942863\n|move|p1a: Gardevoir|Moonblast|p2a: Ampharos\n|-damage|p2a: Ampharos|0 fnt\n|faint|p2a: Ampharos\n|\n|upkeep\n|c|\u2606Wuloo|\u6253\u4e0d\u8fc7\u4e86\n|\n|t:|1732942879\n|switch|p2a: Iron Bundle|Iron Bundle, L77|43/213\n|-activate|p2a: Iron Bundle|ability: Quark Drive\n|-start|p2a: Iron Bundle|quarkdrivespe\n|turn|17\n|\n|t:|1732942895\n|move|p2a: Iron Bundle|Ice Beam|p1a: Gardevoir\n|-damage|p1a: Gardevoir|41/249\n|-status|p1a: Gardevoir|frz\n|cant|p1a: Gardevoir|frz\n|\n|-heal|p2a: Iron Bundle|56/213|[from] item: Leftovers\n|-fieldend|move: Electric Terrain\n|-end|p2a: Iron Bundle|Quark Drive\n|upkeep\n|turn|18\n|c|\u2606cheese xuebao|\uff1f\n|\n|t:|1732942903\n|cant|p1a: Gardevoir|frz\n|move|p2a: Iron Bundle|Ice Beam|p1a: Gardevoir\n|-damage|p1a: Gardevoir|0 fnt\n|faint|p1a: Gardevoir\n|\n|-heal|p2a: Iron Bundle|69/213|[from] item: Leftovers\n|upkeep\n|c|\u2606cheese xuebao|\uff1f\n|c|\u2606Wuloo|\u597d\u6837\u7684\n|\n|t:|1732942917\n|switch|p1a: Floatzel|Floatzel, L85, M|283/283\n|-damage|p1a: Floatzel|248/283|[from] Stealth Rock\n|turn|19\n|\n|t:|1732942930\n|-terastallize|p1a: Floatzel|Steel\n|move|p2a: Iron Bundle|Hydro Pump|p1a: Floatzel|[miss]\n|-miss|p2a: Iron Bundle|p1a: Floatzel\n|move|p1a: Floatzel|Wave Crash|p2a: Iron Bundle\n|-resisted|p2a: Iron Bundle\n|-damage|p2a: Iron Bundle|6/213\n|-damage|p1a: Floatzel|227/283|[from] Recoil\n|\n|-heal|p2a: Iron Bundle|19/213|[from] item: Leftovers\n|-heal|p1a: Floatzel|244/283|[from] item: Leftovers\n|upkeep\n|turn|20\n|c|\u2606Wuloo|\u8d4c\u4e00\u628a\n|c|\u2606Wuloo|\u4e0d\u597d\n|\n|t:|1732942946\n|move|p2a: Iron Bundle|Ice Beam|p1a: Floatzel\n|-resisted|p1a: Floatzel\n|-damage|p1a: Floatzel|172/283\n|move|p1a: Floatzel|Wave Crash|p2a: Iron Bundle\n|-resisted|p2a: Iron Bundle\n|-damage|p2a: Iron Bundle|0 fnt\n|faint|p2a: Iron Bundle\n|-end|p2a: Iron Bundle|Quark Drive|[silent]\n|-damage|p1a: Floatzel|166/283|[from] Recoil\n|\n|-heal|p1a: Floatzel|183/283|[from] item: Leftovers\n|upkeep\n|\n|t:|1732942948\n|switch|p2a: Porygon-Z|Porygon-Z, L83|277/277\n|-ability|p2a: Porygon-Z|Download|boost\n|-boost|p2a: Porygon-Z|spa|1\n|turn|21\n|c|\u2606cheese xuebao|\u5176\u5b9e\u51b7\u51bb\u5e72\u71e5\uff0c\u5bf9\u6c34\u7cfb\u6548\u679c\u7edd\u4f73\n|\n|t:|1732942958\n|move|p2a: Porygon-Z|Thunderbolt|p1a: Floatzel\n|-damage|p1a: Floatzel|0 fnt\n|faint|p1a: Floatzel\n|\n|upkeep\n|c|\u2606cheese xuebao|\u5b8c\u4e86\uff01\n|\n|t:|1732942968\n|switch|p1a: Dewgong|Dewgong, L94, F|322/322\n|turn|22\n|c|\u2606Wuloo|\u540e\u77e5\u540e\u89c9\n|\n|t:|1732942978\n|move|p2a: Porygon-Z|Thunderbolt|p1a: Dewgong\n|-supereffective|p1a: Dewgong\n|-damage|p1a: Dewgong|104/322\n|move|p1a: Dewgong|Knock Off|p2a: Porygon-Z\n|-damage|p2a: Porygon-Z|197/277\n|-enditem|p2a: Porygon-Z|Choice Scarf|[from] move: Knock Off|[of] p1a: Dewgong\n|\n|upkeep\n|turn|23\n|\n|t:|1732942985\n|move|p2a: Porygon-Z|Thunderbolt|p1a: Dewgong\n|-supereffective|p1a: Dewgong\n|-damage|p1a: Dewgong|0 fnt\n|faint|p1a: Dewgong\n|\n|win|Wuloo\n|l|\u2606cheese xuebao\n|player|p1|\n|c|\u2606Wuloo|\u4ec0\u4e48\u5b9e\u529b\n", "inputlog": ">version b107d77f5c90bd6555267ae244a6264823309ead\n>start {\"formatid\":\"gen9randombattle\",\"seed\":[57383,62352,442,52182]}\n>player p1 {\"name\":\"cheese xuebao\",\"avatar\":\"miku-ground\",\"rating\":0,\"seed\":[3266,56599,63940,57166]}\n>player p2 {\"name\":\"Wuloo\",\"avatar\":\"collector\",\"rating\":0,\"seed\":[5322,18960,54534,42023]}\n>chat \u2606cheese xuebao|\u60f3\u73a9\u968f\u673a\n>p1 move crunch\n>p2 move stealthrock terastallize\n>p1 switch 5\n>p2 move psychicnoise\n>p1 move swordsdance\n>p2 move uturn\n>p2 switch 6\n>p1 move suckerpunch\n>p2 move freezedry\n>chat \u2606Wuloo|\u4e0d\u8be5\u4e0a\u8fd9\u4e2a\u7684\n>p1 switch 4\n>p1 move moonblast\n>p2 switch 2\n>chat \u2606Wuloo|\uff1f\u79d2\u4e86\n>chat \u2606cheese xuebao|\u66f4\u4e0d\u5e94\u8be5\u4e0a\u8fd9\u4e2a\n>p2 switch 6\n>p1 move moonblast\n>p2 move uturn\n>p2 switch 4\n>p1 switch 2\n>p2 move triattack\n>p1 move mirrorcoat\n>p2 switch 3\n>p1 move voltswitch\n>p2 move earthquake\n>p1 switch 3\n>chat \u2606cheese xuebao|\u4e0d\u597d\n>chat \u2606Wuloo|\u6211\u95ee\u4e00\u4e0b\u6c34\u51b0\u53cc\u5c5e\u6027\u7528\u706b\u6253\u6548\u679c\u662f\u4ec0\u4e48\n>p1 move hydropump\n>p2 switch 4\n>chat \u2606cheese xuebao|\u6548\u679c\u4e00\u822c\n>p1 move hydropump\n>p2 move psychicnoise\n>p2 switch 4\n>p1 move hydropump\n>p2 move stoneedge\n>p2 switch 5\n>chat \u2606cheese xuebao|\u5c31\u4f60\u53eb\u7535\u9f99\u662f\u5427\uff1f\n>p1 switch 6\n>p2 move thunderbolt\n>p1 move calmmind\n>p2 move dazzlinggleam\n>p1 move dracometeor\n>p2 move dazzlinggleam\n>chat \u2606cheese xuebao|\u8fd9\u6ca1\u6253\u6b7b\uff1f\uff1f\uff1f\uff1f\n>chat \u2606Wuloo|\u597d\u6837\u7684\n>p1 switch 2\n>p1 move moonblast\n>p2 move dazzlinggleam\n>chat \u2606Wuloo|\u6253\u4e0d\u8fc7\u4e86\n>p2 switch 2\n>p1 move moonblast\n>p2 move icebeam\n>chat \u2606cheese xuebao|\uff1f\n>p1 move moonblast\n>p2 move icebeam\n>chat \u2606cheese xuebao|\uff1f\n>chat \u2606Wuloo|\u597d\u6837\u7684\n>p1 switch 5\n>p1 move wavecrash terastallize\n>p2 move hydropump\n>chat \u2606Wuloo|\u8d4c\u4e00\u628a\n>chat \u2606Wuloo|\u4e0d\u597d\n>p1 move wavecrash\n>p2 move icebeam\n>p2 switch 3\n>chat \u2606cheese xuebao|\u5176\u5b9e\u51b7\u51bb\u5e72\u71e5\uff0c\u5bf9\u6c34\u7cfb\u6548\u679c\u7edd\u4f73\n>p1 move wavecrash\n>p2 move thunderbolt\n>chat \u2606cheese xuebao|\u5b8c\u4e86\uff01\n>p1 switch 6\n>chat \u2606Wuloo|\u540e\u77e5\u540e\u89c9\n>p1 move knockoff\n>p2 move thunderbolt\n>p1 move hydropump\n>p2 move thunderbolt", "uploadtime": 1732942997, "views": 21, "formatid": "gen9randombattle", "rating": null, "private": 0, "password": null}