{"id": "gen9randombattle-2254162561", "format": "[Gen 9] Random Battle", "players": ["Celestial Saiyan", "CarnageY"], "log": "|j|\u2606Celestial Saiyan\n|j|\u2606CarnageY\n|t:|1732998956\n|gametype|singles\n|player|p1|Celestial Saiyan|iris-gen5bw2|1862\n|player|p2|CarnageY|pokemaniac|1858\n|teamsize|p1|6\n|teamsize|p2|6\n|gen|9\n|tier|[Gen 9] Random Battle\n|rated|\n|rule|Species Clause: Limit one of each Pok\u00e9mon\n|rule|HP Percentage Mod: HP is shown in percentages\n|rule|Sleep Clause Mod: Limit one foe put to sleep\n|rule|Illusion Level Mod: Illusion disguises the Pok\u00e9mon's true level\n|\n|t:|1732998956\n|start\n|switch|p1a: Exeggutor|Exeggutor-Alola, L89, M|314/314\n|switch|p2a: Rotom|Rotom, L88|231/231\n|-item|p2a: Rotom|Choice Scarf|[from] ability: Frisk|[of] p1a: Exeggutor\n|turn|1\n|inactive|Battle timer is ON: inactive players will automatically lose when time's up. (requested by CarnageY)\n|c|\u2606Celestial Saiyan|Glhf\n|\n|t:|1732998984\n|move|p2a: Rotom|Volt Switch|p1a: Exeggutor\n|-resisted|p1a: Exeggutor\n|-damage|p1a: Exeggutor|293/314\n|\n|t:|1732998992\n|switch|p2a: Okidogi|Okidogi, L77, M|262/262|[from] Volt Switch\n|move|p1a: Exeggutor|Leaf Storm|p2a: Okidogi\n|-resisted|p2a: Okidogi\n|-damage|p2a: Okidogi|110/262\n|-unboost|p1a: Exeggutor|spa|2\n|\n|-heal|p2a: Okidogi|126/262|[from] item: Leftovers\n|upkeep\n|turn|2\n|\n|t:|1732999009\n|switch|p1a: Latias|Latias, L79, F|256/256\n|move|p2a: Okidogi|Drain Punch|p1a: Latias\n|-resisted|p1a: Latias\n|-damage|p1a: Latias|214/256\n|-heal|p2a: Okidogi|147/262|[from] drain|[of] p1a: Latias\n|\n|-heal|p2a: Okidogi|163/262|[from] item: Leftovers\n|upkeep\n|turn|3\n|\n|t:|1732999020\n|-terastallize|p2a: Okidogi|Dark\n|move|p1a: Latias|Calm Mind|p1a: Latias\n|-boost|p1a: Latias|spa|1\n|-boost|p1a: Latias|spd|1\n|move|p2a: Okidogi|Knock Off|p1a: Latias\n|-supereffective|p1a: Latias\n|-crit|p1a: Latias\n|-damage|p1a: Latias|0 fnt\n|-enditem|p1a: Latias|Soul Dew|[from] move: Knock Off|[of] p2a: Okidogi\n|faint|p1a: Latias\n|\n|-heal|p2a: Okidogi|179/262|[from] item: Leftovers\n|upkeep\n|\n|t:|1732999038\n|switch|p1a: Florges|Florges-Orange, L85, F|271/271\n|turn|4\n|\n|t:|1732999049\n|switch|p2a: Reuniclus|Reuniclus, L88, M|337/337\n|move|p1a: Florges|Moonblast|p2a: Reuniclus\n|-damage|p2a: Reuniclus|226/337\n|-unboost|p2a: Reuniclus|spa|1\n|\n|upkeep\n|turn|5\n|\n|t:|1732999065\n|move|p1a: Florges|Moonblast|p2a: Reuniclus\n|-damage|p2a: Reuniclus|103/337\n|move|p2a: Reuniclus|Calm Mind|p2a: Reuniclus\n|-boost|p2a: Reuniclus|spa|1\n|-boost|p2a: Reuniclus|spd|1\n|\n|upkeep\n|turn|6\n|\n|t:|1732999075\n|switch|p1a: Persian|Persian-Alola, L86, M|252/252\n|move|p2a: Reuniclus|Recover|p2a: Reuniclus\n|-heal|p2a: Reuniclus|272/337\n|\n|upkeep\n|turn|7\n|\n|t:|1732999082\n|move|p1a: Persian|Nasty Plot|p1a: Persian\n|-boost|p1a: Persian|spa|2\n|move|p2a: Reuniclus|Focus Blast|p1a: Persian\n|-supereffective|p1a: Persian\n|-damage|p1a: Persian|0 fnt\n|faint|p1a: Persian\n|\n|upkeep\n|\n|t:|1732999088\n|switch|p1a: Hatterene|Hatterene, L85, F|236/236\n|turn|8\n|\n|t:|1732999097\n|switch|p2a: Rotom|Rotom, L88|231/231\n|move|p1a: Hatterene|Calm Mind|p1a: Hatterene\n|-boost|p1a: Hatterene|spa|1\n|-boost|p1a: Hatterene|spd|1\n|\n|upkeep\n|turn|9\n|\n|t:|1732999112\n|move|p2a: Rotom|Trick|p1a: Hatterene\n|-activate|p2a: Rotom|move: Trick|[of] p1a: Hatterene\n|-item|p1a: Hatterene|Choice Scarf|[from] move: Trick\n|-item|p2a: Rotom|Leftovers|[from] move: Trick\n|move|p1a: Hatterene|Draining Kiss|p2a: Rotom\n|-damage|p2a: Rotom|110/231\n|\n|-heal|p2a: Rotom|124/231|[from] item: Leftovers\n|upkeep\n|turn|10\n|\n|t:|1732999128\n|move|p2a: Rotom|Volt Switch|p1a: Hatterene\n|-damage|p1a: Hatterene|188/236\n|\n|t:|1732999135\n|switch|p2a: Pyroar|Pyroar, L88, F|295/295|[from] Volt Switch\n|-ability|p2a: Pyroar|Unnerve\n|move|p1a: Hatterene|Draining Kiss|p2a: Pyroar\n|-resisted|p2a: Pyroar\n|-damage|p2a: Pyroar|235/295\n|-heal|p1a: Hatterene|233/236|[from] drain|[of] p2a: Pyroar\n|\n|upkeep\n|turn|11\n|\n|t:|1732999143\n|switch|p1a: Florges|Florges-Orange, L85, F|271/271\n|move|p2a: Pyroar|Work Up|p2a: Pyroar\n|-boost|p2a: Pyroar|atk|1\n|-boost|p2a: Pyroar|spa|1\n|\n|upkeep\n|turn|12\n|\n|t:|1732999151\n|-terastallize|p1a: Florges|Ground\n|move|p2a: Pyroar|Fire Blast|p1a: Florges\n|-damage|p1a: Florges|133/271\n|-status|p1a: Florges|brn\n|move|p1a: Florges|Tera Blast|p2a: Pyroar|[anim] Tera Blast Ground\n|-supereffective|p2a: Pyroar\n|-crit|p2a: Pyroar\n|-damage|p2a: Pyroar|0 fnt\n|faint|p2a: Pyroar\n|\n|-heal|p1a: Florges|149/271 brn|[from] item: Leftovers\n|-damage|p1a: Florges|133/271 brn|[from] brn\n|upkeep\n|\n|t:|1732999162\n|switch|p2a: Indeedee|Indeedee-F, L90, F|272/272\n|-fieldstart|move: Psychic Terrain|[from] ability: Psychic Surge|[of] p2a: Indeedee\n|turn|13\n|\n|t:|1732999174\n|switch|p1a: Hatterene|Hatterene, L85, F|233/236\n|move|p2a: Indeedee|Hyper Voice|p1a: Hatterene\n|-damage|p1a: Hatterene|112/236\n|-damage|p2a: Indeedee|245/272|[from] item: Life Orb\n|\n|upkeep\n|turn|14\n|\n|t:|1732999185\n|move|p2a: Indeedee|Hyper Voice|p1a: Hatterene\n|-damage|p1a: Hatterene|0 fnt\n|faint|p1a: Hatterene\n|-damage|p2a: Indeedee|218/272|[from] item: Life Orb\n|\n|upkeep\n|\n|t:|1732999192\n|switch|p1a: Volcanion|Volcanion, L79|255/255\n|turn|15\n|\n|t:|1732999201\n|move|p2a: Indeedee|Psychic|p1a: Volcanion\n|-damage|p1a: Volcanion|119/255\n|-damage|p2a: Indeedee|191/272|[from] item: Life Orb\n|move|p1a: Volcanion|Flame Charge|p2a: Indeedee\n|-damage|p2a: Indeedee|134/272\n|-boost|p1a: Volcanion|spe|1\n|\n|upkeep\n|turn|16\n|\n|t:|1732999212\n|move|p1a: Volcanion|Steam Eruption|p2a: Indeedee\n|-damage|p2a: Indeedee|34/272\n|move|p2a: Indeedee|Psychic|p1a: Volcanion\n|-damage|p1a: Volcanion|0 fnt\n|faint|p1a: Volcanion\n|-damage|p2a: Indeedee|7/272|[from] item: Life Orb\n|\n|upkeep\n|\n|t:|1732999215\n|switch|p1a: Florges|Florges-Orange, L85, F, tera:Ground|133/271 brn\n|turn|17\n|\n|t:|1732999224\n|move|p2a: Indeedee|Psychic|p1a: Florges\n|-damage|p1a: Florges|23/271 brn\n|-damage|p2a: Indeedee|0 fnt|[from] item: Life Orb\n|faint|p2a: Indeedee\n|move|p1a: Florges|Synthesis|p1a: Florges\n|-heal|p1a: Florges|158/271 brn\n|\n|-heal|p1a: Florges|174/271 brn|[from] item: Leftovers\n|-damage|p1a: Florges|158/271 brn|[from] brn\n|-fieldend|move: Psychic Terrain\n|upkeep\n|\n|t:|1732999232\n|switch|p2a: Blastoise|Blastoise, L80, F|258/258\n|turn|18\n|\n|t:|1732999239\n|switch|p1a: Exeggutor|Exeggutor-Alola, L89, M|293/314\n|-item|p2a: Blastoise|White Herb|[from] ability: Frisk|[of] p1a: Exeggutor\n|move|p2a: Blastoise|Shell Smash|p2a: Blastoise\n|-unboost|p2a: Blastoise|def|1\n|-unboost|p2a: Blastoise|spd|1\n|-boost|p2a: Blastoise|atk|2\n|-boost|p2a: Blastoise|spa|2\n|-boost|p2a: Blastoise|spe|2\n|-enditem|p2a: Blastoise|White Herb\n|-clearnegativeboost|p2a: Blastoise|[silent]\n|\n|upkeep\n|turn|19\n|\n|t:|1732999247\n|move|p2a: Blastoise|Ice Beam|p1a: Exeggutor\n|-supereffective|p1a: Exeggutor\n|-damage|p1a: Exeggutor|0 fnt\n|faint|p1a: Exeggutor\n|\n|upkeep\n|\n|t:|1732999248\n|switch|p1a: Florges|Florges-Orange, L85, F, tera:Ground|158/271 brn\n|turn|20\n|\n|t:|1732999253\n|move|p2a: Blastoise|Ice Beam|p1a: Florges\n|-supereffective|p1a: Florges\n|-damage|p1a: Florges|12/271 brn\n|move|p1a: Florges|Moonblast|p2a: Blastoise\n|-damage|p2a: Blastoise|158/258\n|-unboost|p2a: Blastoise|spa|1\n|\n|-heal|p1a: Florges|28/271 brn|[from] item: Leftovers\n|-damage|p1a: Florges|12/271 brn|[from] brn\n|upkeep\n|turn|21\n|c|\u2606Celestial Saiyan|Gg\n|\n|t:|1732999258\n|move|p2a: Blastoise|Ice Beam|p1a: Florges\n|-supereffective|p1a: Florges\n|-damage|p1a: Florges|0 fnt\n|faint|p1a: Florges\n|\n|win|CarnageY\n|raw|Celestial Saiyan's rating: 1862 &rarr; <strong>1842</strong><br />(-20 for losing)\n|raw|CarnageY's rating: 1858 &rarr; <strong>1878</strong><br />(+20 for winning)\n|c|\u2606CarnageY|gg\n", "inputlog": ">version b107d77f5c90bd6555267ae244a6264823309ead\n>start {\"formatid\":\"gen9randombattle\",\"seed\":[63740,62473,14226,35241],\"rated\":\"Rated battle\"}\n>player p1 {\"name\":\"Celestial Saiyan\",\"avatar\":\"iris-gen5bw2\",\"rating\":1862,\"seed\":[5594,56765,26347,613]}\n>player p2 {\"name\":\"CarnageY\",\"avatar\":\"pokemaniac\",\"rating\":1858,\"seed\":[23490,8568,25966,50828]}\n>chat \u2606Celestial Saiyan|Glhf\n>p1 move leafstorm\n>p2 move voltswitch\n>p2 switch 2\n>p1 switch 2\n>p2 move drainpunch\n>p1 move calmmind\n>p2 move knockoff terastallize\n>p1 switch 4\n>p1 move moonblast\n>p2 switch 3\n>p1 move moonblast\n>p2 move calmmind\n>p1 switch 6\n>p2 move recover\n>p1 move nastyplot\n>p2 move focusblast\n>p1 switch 3\n>p1 move calmmind\n>p2 switch 2\n>p1 move drainingkiss\n>p2 move trick\n>p1 move drainingkiss\n>p2 move voltswitch\n>p2 switch 4\n>p1 switch 6\n>p2 move workup\n>p1 move terablast terastallize\n>p2 move fireblast\n>p2 switch 5\n>p1 switch 6\n>p2 move hypervoice\n>p1 move mysticalfire\n>p2 move hypervoice\n>p1 switch 5\n>p1 move flamecharge\n>p2 move psychic\n>p1 move steameruption\n>p2 move psychic\n>p1 switch 6\n>p1 move synthesis\n>p2 move psychic\n>p2 switch 6\n>p1 switch 2\n>p2 move shellsmash\n>p1 move gigadrain\n>p2 move icebeam\n>p1 switch 2\n>p1 move moonblast\n>p2 move icebeam\n>chat \u2606Celestial Saiyan|Gg\n>p1 move moonblast\n>p2 move icebeam", "uploadtime": 1732999262, "views": 3, "formatid": "gen9randombattle", "rating": 1842, "private": 0, "password": null}