{"id": "gen9randombattle-2253968062", "format": "[Gen 9] Random Battle", "players": ["Iridium Moth", "Uvogin610"], "log": "|j|\u2606Iridium Moth\n|j|\u2606Uvogin610\n|t:|1732973096\n|gametype|singles\n|player|p1|Iridium Moth|tulip|1085\n|player|p2|Uvogin610|169|1141\n|teamsize|p1|6\n|teamsize|p2|6\n|gen|9\n|tier|[Gen 9] Random Battle\n|rated|\n|rule|Species Clause: Limit one of each Pok\u00e9mon\n|rule|HP Percentage Mod: HP is shown in percentages\n|rule|Sleep Clause Mod: Limit one foe put to sleep\n|rule|Illusion Level Mod: Illusion disguises the Pok\u00e9mon's true level\n|\n|t:|1732973096\n|start\n|switch|p1a: Cyclizar|Cyclizar, L83, F|252/252\n|switch|p2a: Kyogre|Kyogre, L71|259/259\n|-weather|RainDance|[from] ability: Drizzle|[of] p2a: Kyogre\n|turn|1\n|inactive|Battle timer is ON: inactive players will automatically lose when time's up. (requested by Uvogin610)\n|inactive|Iridium Moth also wants the timer to be on.\n|\n|t:|1732973112\n|move|p1a: Cyclizar|Rapid Spin|p2a: Kyogre\n|-damage|p2a: Kyogre|193/259\n|-boost|p1a: Cyclizar|spe|1\n|move|p2a: Kyogre|Thunder|p1a: Cyclizar\n|-resisted|p1a: Cyclizar\n|-damage|p1a: Cyclizar|199/252\n|-status|p1a: Cyclizar|par\n|\n|-weather|RainDance|[upkeep]\n|-heal|p2a: Kyogre|209/259|[from] item: Leftovers\n|upkeep\n|turn|2\n|\n|t:|1732973118\n|move|p1a: Cyclizar|Rapid Spin|p2a: Kyogre\n|-damage|p2a: Kyogre|148/259\n|-boost|p1a: Cyclizar|spe|1\n|move|p2a: Kyogre|Origin Pulse|p1a: Cyclizar|[miss]\n|-miss|p2a: Kyogre|p1a: Cyclizar\n|\n|-weather|RainDance|[upkeep]\n|-heal|p2a: Kyogre|164/259|[from] item: Leftovers\n|upkeep\n|turn|3\n|\n|t:|1732973126\n|move|p1a: Cyclizar|Rapid Spin|p2a: Kyogre\n|-damage|p2a: Kyogre|106/259\n|-boost|p1a: Cyclizar|spe|1\n|move|p2a: Kyogre|Origin Pulse|p1a: Cyclizar\n|-resisted|p1a: Cyclizar\n|-damage|p1a: Cyclizar|77/252 par\n|\n|-weather|RainDance|[upkeep]\n|-heal|p2a: Kyogre|122/259|[from] item: Leftovers\n|upkeep\n|turn|4\n|\n|t:|1732973140\n|move|p1a: Cyclizar|Draco Meteor|p2a: Kyogre\n|-damage|p2a: Kyogre|26/259\n|-unboost|p1a: Cyclizar|spa|2\n|move|p2a: Kyogre|Origin Pulse|p1a: Cyclizar\n|-resisted|p1a: Cyclizar\n|-damage|p1a: Cyclizar|0 fnt\n|faint|p1a: Cyclizar\n|\n|-weather|RainDance|[upkeep]\n|-heal|p2a: Kyogre|42/259|[from] item: Leftovers\n|upkeep\n|\n|t:|1732973163\n|switch|p1a: Scovillain|Scovillain, L91, M|266/266\n|turn|5\n|\n|t:|1732973171\n|move|p1a: Scovillain|Energy Ball|p2a: Kyogre\n|-supereffective|p2a: Kyogre\n|-damage|p2a: Kyogre|0 fnt\n|faint|p2a: Kyogre\n|\n|-weather|none\n|upkeep\n|\n|t:|1732973181\n|switch|p2a: Tatsugiri|Tatsugiri-Stretchy, L87, F|260/260\n|turn|6\n|\n|t:|1732973194\n|move|p1a: Scovillain|Energy Ball|p2a: Tatsugiri\n|-damage|p2a: Tatsugiri|148/260\n|move|p2a: Tatsugiri|Nasty Plot|p2a: Tatsugiri\n|-boost|p2a: Tatsugiri|spa|2\n|\n|upkeep\n|turn|7\n|\n|t:|1732973202\n|move|p1a: Scovillain|Energy Ball|p2a: Tatsugiri\n|-damage|p2a: Tatsugiri|37/260\n|-unboost|p2a: Tatsugiri|spd|1\n|move|p2a: Tatsugiri|Rapid Spin|p1a: Scovillain\n|-damage|p1a: Scovillain|237/266\n|-boost|p2a: Tatsugiri|spe|1\n|\n|upkeep\n|turn|8\n|\n|t:|1732973208\n|move|p2a: Tatsugiri|Surf|p1a: Scovillain\n|-damage|p1a: Scovillain|0 fnt\n|faint|p1a: Scovillain\n|\n|upkeep\n|\n|t:|1732973225\n|switch|p1a: Skuntank|Skuntank, L84, F|310/310\n|turn|9\n|\n|t:|1732973235\n|move|p1a: Skuntank|Sucker Punch||[still]\n|-fail|p1a: Skuntank\n|move|p2a: Tatsugiri|Nasty Plot|p2a: Tatsugiri\n|-boost|p2a: Tatsugiri|spa|2\n|\n|upkeep\n|turn|10\n|\n|t:|1732973242\n|move|p1a: Skuntank|Sucker Punch|p2a: Tatsugiri\n|-damage|p2a: Tatsugiri|0 fnt\n|faint|p2a: Tatsugiri\n|-damage|p1a: Skuntank|279/310|[from] item: Life Orb\n|\n|upkeep\n|\n|t:|1732973270\n|switch|p2a: Mudsdale|Mudsdale, L84, M|305/305\n|turn|11\n|\n|t:|1732973275\n|move|p1a: Skuntank|Taunt|p2a: Mudsdale\n|-start|p2a: Mudsdale|move: Taunt\n|move|p2a: Mudsdale|Earthquake|p1a: Skuntank\n|-supereffective|p1a: Skuntank\n|-damage|p1a: Skuntank|0 fnt\n|faint|p1a: Skuntank\n|\n|upkeep\n|inactive|Iridium Moth has 120 seconds left.\n|\n|t:|1732973307\n|switch|p1a: Wyrdeer|Wyrdeer, L87, M|321/321\n|-ability|p1a: Wyrdeer|Intimidate|boost\n|-unboost|p2a: Mudsdale|atk|1\n|turn|12\n|\n|t:|1732973321\n|switch|p2a: Scyther|Scyther, L82, F|249/249\n|move|p1a: Wyrdeer|Psychic Noise|p2a: Scyther\n|-damage|p2a: Scyther|146/249\n|-start|p2a: Scyther|move: Heal Block\n|\n|upkeep\n|turn|13\n|\n|t:|1732973331\n|move|p2a: Scyther|Bug Bite|p1a: Wyrdeer\n|-supereffective|p1a: Wyrdeer\n|-damage|p1a: Wyrdeer|93/321\n|move|p1a: Wyrdeer|Thunderbolt|p2a: Scyther\n|-supereffective|p2a: Scyther\n|-damage|p2a: Scyther|0 fnt\n|faint|p2a: Scyther\n|\n|-heal|p1a: Wyrdeer|113/321|[from] item: Leftovers\n|upkeep\n|\n|t:|1732973335\n|switch|p2a: Mudsdale|Mudsdale, L84, M|305/305\n|turn|14\n|\n|t:|1732973340\n|move|p1a: Wyrdeer|Psychic Noise|p2a: Mudsdale\n|-damage|p2a: Mudsdale|209/305\n|-start|p2a: Mudsdale|move: Heal Block\n|-ability|p2a: Mudsdale|Stamina|boost\n|-boost|p2a: Mudsdale|def|1\n|move|p2a: Mudsdale|Heavy Slam|p1a: Wyrdeer\n|-damage|p1a: Wyrdeer|0 fnt\n|faint|p1a: Wyrdeer\n|\n|upkeep\n|\n|t:|1732973359\n|switch|p1a: Incineroar|Incineroar, L82, F|290/290\n|-ability|p1a: Incineroar|Intimidate|boost\n|-unboost|p2a: Mudsdale|atk|1\n|turn|15\n|\n|t:|1732973365\n|-terastallize|p1a: Incineroar|Grass\n|move|p1a: Incineroar|Trailblaze|p2a: Mudsdale\n|-supereffective|p2a: Mudsdale\n|-damage|p2a: Mudsdale|131/305\n|-boost|p1a: Incineroar|spe|1\n|-ability|p2a: Mudsdale|Stamina|boost\n|-boost|p2a: Mudsdale|def|1\n|move|p2a: Mudsdale|Earthquake|p1a: Incineroar\n|-resisted|p1a: Incineroar\n|-damage|p1a: Incineroar|245/290\n|\n|-end|p2a: Mudsdale|move: Heal Block\n|upkeep\n|turn|16\n|\n|t:|1732973375\n|move|p1a: Incineroar|Swords Dance|p1a: Incineroar\n|-boost|p1a: Incineroar|atk|2\n|move|p2a: Mudsdale|Heavy Slam|p1a: Incineroar\n|-damage|p1a: Incineroar|180/290\n|\n|-heal|p2a: Mudsdale|150/305|[from] item: Leftovers\n|upkeep\n|turn|17\n|-message|Uvogin610 forfeited.\n|\n|win|Iridium Moth\n|raw|Iridium Moth's rating: 1085 &rarr; <strong>1117</strong><br />(+32 for winning)\n|raw|Uvogin610's rating: 1141 &rarr; <strong>1112</strong><br />(-29 for losing)\n|l|\u2606Uvogin610\n|player|p2|\n|c|\u2606Iridium Moth|g!\n|c|\u2606Iridium Moth|gg!*\n|c|\u2606Iridium Moth|/log Iridium Moth made this room public.\n", "inputlog": ">version b107d77f5c90bd6555267ae244a6264823309ead\n>start {\"formatid\":\"gen9randombattle\",\"seed\":[57260,60875,897,12095],\"rated\":\"Rated battle\"}\n>player p1 {\"name\":\"Iridium Moth\",\"avatar\":\"tulip\",\"rating\":1085,\"seed\":[50962,23954,25911,62238]}\n>player p2 {\"name\":\"Uvogin610\",\"avatar\":\"169\",\"rating\":1141,\"seed\":[25922,33163,36226,2634]}\n>p1 move rapidspin\n>p2 move thunder\n>p1 move rapidspin\n>p2 move originpulse\n>p1 move rapidspin\n>p2 move originpulse\n>p1 move dracometeor\n>p2 move originpulse\n>p1 switch 4\n>p1 move energyball\n>p2 move originpulse\n>p2 switch 2\n>p1 move energyball\n>p2 move nastyplot\n>p1 move energyball\n>p2 move rapidspin\n>p1 move energyball\n>p2 move surf\n>p1 switch 3\n>p1 move suckerpunch\n>p2 move nastyplot\n>p1 move suckerpunch\n>p2 move surf\n>p2 switch 5\n>p1 move taunt\n>p2 move earthquake\n>p1 switch 5\n>p1 move psychicnoise\n>p2 switch 3\n>p1 move thunderbolt\n>p2 move bugbite\n>p2 switch 3\n>p1 move psychicnoise\n>p2 move heavyslam\n>p1 switch 6\n>p1 move trailblaze terastallize\n>p2 move earthquake\n>p1 move swordsdance\n>p2 move heavyslam\n>forcelose p2", "uploadtime": 1732973407, "views": 1, "formatid": "gen9randombattle", "rating": 1112, "private": 0, "password": null}