{"id": "gen9randombattle-2253897582", "format": "[Gen 9] Random Battle", "players": ["Deuda_publica", "Bentennyson_55"], "log": "|j|\u2606Deuda_publica\n|j|\u2606Bentennyson_55\n|t:|1732958996\n|gametype|singles\n|player|p1|Deuda_publica|102|1179\n|player|p2|Bentennyson_55|red|1233\n|teamsize|p1|6\n|teamsize|p2|6\n|gen|9\n|tier|[Gen 9] Random Battle\n|rated|\n|rule|Species Clause: Limit one of each Pok\u00e9mon\n|rule|HP Percentage Mod: HP is shown in percentages\n|rule|Sleep Clause Mod: Limit one foe put to sleep\n|rule|Illusion Level Mod: Illusion disguises the Pok\u00e9mon's true level\n|\n|t:|1732958996\n|start\n|switch|p1a: Dipplin|Dipplin, L88, F|284/284\n|switch|p2a: Brute Bonnet|Brute Bonnet, L81|312/312\n|turn|1\n|\n|t:|1732959011\n|move|p2a: Brute Bonnet|Crunch|p1a: Dipplin\n|-damage|p1a: Dipplin|205/284\n|move|p1a: Dipplin|Dragon Pulse|p2a: Brute Bonnet\n|-damage|p2a: Brute Bonnet|225/312\n|\n|upkeep\n|turn|2\n|\n|t:|1732959019\n|move|p2a: Brute Bonnet|Crunch|p1a: Dipplin\n|-damage|p1a: Dipplin|123/284\n|move|p1a: Dipplin|Dragon Pulse|p2a: Brute Bonnet\n|-damage|p2a: Brute Bonnet|129/312\n|\n|upkeep\n|turn|3\n|\n|t:|1732959026\n|move|p2a: Brute Bonnet|Crunch|p1a: Dipplin\n|-damage|p1a: Dipplin|44/284\n|move|p1a: Dipplin|Recover|p1a: Dipplin\n|-heal|p1a: Dipplin|186/284\n|\n|upkeep\n|turn|4\n|\n|t:|1732959032\n|move|p2a: Brute Bonnet|Crunch|p1a: Dipplin\n|-damage|p1a: Dipplin|101/284\n|move|p1a: Dipplin|Recover|p1a: Dipplin\n|-heal|p1a: Dipplin|243/284\n|\n|upkeep\n|turn|5\n|\n|t:|1732959039\n|move|p2a: Brute Bonnet|Crunch|p1a: Dipplin\n|-damage|p1a: Dipplin|167/284\n|move|p1a: Dipplin|Dragon Pulse|p2a: Brute Bonnet\n|-damage|p2a: Brute Bonnet|41/312\n|\n|upkeep\n|turn|6\n|\n|t:|1732959046\n|move|p2a: Brute Bonnet|Crunch|p1a: Dipplin\n|-damage|p1a: Dipplin|82/284\n|-unboost|p1a: Dipplin|def|1\n|move|p1a: Dipplin|Recover|p1a: Dipplin\n|-heal|p1a: Dipplin|224/284\n|\n|upkeep\n|turn|7\n|\n|t:|1732959054\n|switch|p1a: Kingambit|Kingambit, L74, M|270/270\n|move|p2a: Brute Bonnet|Crunch|p1a: Kingambit\n|-resisted|p1a: Kingambit\n|-damage|p1a: Kingambit|200/270\n|\n|-heal|p1a: Kingambit|216/270|[from] item: Leftovers\n|upkeep\n|turn|8\n|\n|t:|1732959063\n|move|p2a: Brute Bonnet|Crunch|p1a: Kingambit\n|-resisted|p1a: Kingambit\n|-damage|p1a: Kingambit|153/270\n|move|p1a: Kingambit|Swords Dance|p1a: Kingambit\n|-boost|p1a: Kingambit|atk|2\n|\n|-heal|p1a: Kingambit|169/270|[from] item: Leftovers\n|upkeep\n|turn|9\n|\n|t:|1732959074\n|move|p1a: Kingambit|Sucker Punch|p2a: Brute Bonnet\n|-resisted|p2a: Brute Bonnet\n|-damage|p2a: Brute Bonnet|0 fnt\n|faint|p2a: Brute Bonnet\n|-end|p2a: Brute Bonnet|Protosynthesis|[silent]\n|\n|-heal|p1a: Kingambit|185/270|[from] item: Leftovers\n|upkeep\n|\n|t:|1732959088\n|switch|p2a: Groudon|Groudon, L72|263/263\n|-weather|SunnyDay|[from] ability: Drought|[of] p2a: Groudon\n|turn|10\n|\n|t:|1732959110\n|-end|p1a: Kingambit|fallenundefined|[silent]\n|switch|p1a: Dipplin|Dipplin, L88, F|224/284\n|move|p2a: Groudon|Heat Crash|p1a: Dipplin\n|-damage|p1a: Dipplin|155/284\n|\n|-weather|SunnyDay|[upkeep]\n|upkeep\n|turn|11\n|\n|t:|1732959121\n|switch|p2a: Tornadus|Tornadus, L82, M|263/263\n|move|p1a: Dipplin|Recover|p1a: Dipplin\n|-heal|p1a: Dipplin|284/284\n|\n|-weather|SunnyDay|[upkeep]\n|upkeep\n|turn|12\n|\n|t:|1732959144\n|switch|p1a: Zebstrika|Zebstrika, L87, F|272/272\n|move|p2a: Tornadus|Bleakwind Storm|p1a: Zebstrika|[miss]\n|-miss|p2a: Tornadus|p1a: Zebstrika\n|\n|-weather|SunnyDay|[upkeep]\n|upkeep\n|turn|13\n|\n|t:|1732959159\n|switch|p2a: Groudon|Groudon, L72|263/263\n|move|p1a: Zebstrika|Overheat|p2a: Groudon\n|-damage|p2a: Groudon|85/263\n|-unboost|p1a: Zebstrika|spa|2\n|-damage|p1a: Zebstrika|245/272|[from] item: Life Orb\n|\n|-weather|SunnyDay|[upkeep]\n|-heal|p2a: Groudon|101/263|[from] item: Leftovers\n|upkeep\n|turn|14\n|\n|t:|1732959172\n|move|p1a: Zebstrika|Overheat|p2a: Groudon\n|-damage|p2a: Groudon|2/263\n|-unboost|p1a: Zebstrika|spa|2\n|-damage|p1a: Zebstrika|218/272|[from] item: Life Orb\n|move|p2a: Groudon|Precipice Blades|p1a: Zebstrika\n|-supereffective|p1a: Zebstrika\n|-damage|p1a: Zebstrika|0 fnt\n|faint|p1a: Zebstrika\n|\n|-weather|none\n|-heal|p2a: Groudon|18/263|[from] item: Leftovers\n|upkeep\n|\n|t:|1732959183\n|switch|p1a: Dragapult|Dragapult, L77, F|262/262\n|turn|15\n|\n|t:|1732959197\n|move|p1a: Dragapult|Dragon Darts|p2a: Groudon\n|-damage|p2a: Groudon|0 fnt\n|faint|p2a: Groudon\n|-damage|p1a: Dragapult|236/262|[from] item: Life Orb\n|\n|upkeep\n|\n|t:|1732959206\n|switch|p2a: Empoleon|Empoleon, L84, F|278/278\n|turn|16\n|\n|t:|1732959214\n|switch|p1a: Dipplin|Dipplin, L88, F|284/284\n|move|p2a: Empoleon|Knock Off|p1a: Dipplin\n|-damage|p1a: Dipplin|249/284\n|-activate|p1a: Dipplin|ability: Sticky Hold\n|\n|upkeep\n|turn|17\n|\n|t:|1732959222\n|-terastallize|p1a: Dipplin|Steel\n|move|p2a: Empoleon|Stealth Rock|p1a: Dipplin\n|-sidestart|p1: Deuda_publica|move: Stealth Rock\n|move|p1a: Dipplin|Giga Drain|p2a: Empoleon\n|-damage|p2a: Empoleon|199/278\n|-heal|p1a: Dipplin|284/284|[from] drain|[of] p2a: Empoleon\n|\n|-heal|p2a: Empoleon|216/278|[from] item: Leftovers\n|upkeep\n|turn|18\n|\n|t:|1732959233\n|switch|p2a: Pyroar|Pyroar, L88, M|295/295\n|-ability|p2a: Pyroar|Unnerve\n|move|p1a: Dipplin|Giga Drain|p2a: Pyroar\n|-resisted|p2a: Pyroar\n|-damage|p2a: Pyroar|244/295\n|\n|upkeep\n|turn|19\n|\n|t:|1732959280\n|switch|p1a: Kingambit|Kingambit, L74, M|185/270\n|-damage|p1a: Kingambit|169/270|[from] Stealth Rock\n|-activate|p1a: Kingambit|ability: Supreme Overlord\n|-start|p1a: Kingambit|fallen1|[silent]\n|move|p2a: Pyroar|Work Up|p2a: Pyroar\n|-boost|p2a: Pyroar|atk|1\n|-boost|p2a: Pyroar|spa|1\n|\n|-heal|p1a: Kingambit|185/270|[from] item: Leftovers\n|upkeep\n|turn|20\n|\n|t:|1732959292\n|move|p1a: Kingambit|Sucker Punch|p2a: Pyroar\n|-damage|p2a: Pyroar|150/295\n|move|p2a: Pyroar|Fire Blast|p1a: Kingambit\n|-supereffective|p1a: Kingambit\n|-damage|p1a: Kingambit|0 fnt\n|faint|p1a: Kingambit\n|-end|p1a: Kingambit|fallen1|[silent]\n|\n|upkeep\n|\n|t:|1732959295\n|switch|p1a: Froslass|Froslass, L87, F|263/263\n|-damage|p1a: Froslass|198/263|[from] Stealth Rock\n|turn|21\n|\n|t:|1732959304\n|move|p1a: Froslass|Destiny Bond|p1a: Froslass\n|-singlemove|p1a: Froslass|Destiny Bond\n|move|p2a: Pyroar|Dark Pulse|p1a: Froslass\n|-supereffective|p1a: Froslass\n|-damage|p1a: Froslass|0 fnt\n|faint|p1a: Froslass\n|-activate|p1a: Froslass|move: Destiny Bond\n|faint|p2a: Pyroar\n|\n|upkeep\n|\n|t:|1732959322\n|switch|p1a: Necrozma|Necrozma-Dusk-Mane, L69|248/248\n|switch|p2a: Empoleon|Empoleon, L84, F|216/278\n|-damage|p1a: Necrozma|233/248|[from] Stealth Rock\n|turn|22\n|\n|t:|1732959329\n|move|p2a: Empoleon|Knock Off|p1a: Necrozma\n|-supereffective|p1a: Necrozma\n|-damage|p1a: Necrozma|154/248\n|-enditem|p1a: Necrozma|Weakness Policy\n|-boost|p1a: Necrozma|atk|2|[from] item: Weakness Policy\n|-boost|p1a: Necrozma|spa|2|[from] item: Weakness Policy\n|move|p1a: Necrozma|Dragon Dance|p1a: Necrozma\n|-boost|p1a: Necrozma|atk|1\n|-boost|p1a: Necrozma|spe|1\n|\n|-heal|p2a: Empoleon|233/278|[from] item: Leftovers\n|upkeep\n|turn|23\n|\n|t:|1732959341\n|move|p1a: Necrozma|Earthquake|p2a: Empoleon\n|-supereffective|p2a: Empoleon\n|-damage|p2a: Empoleon|0 fnt\n|faint|p2a: Empoleon\n|\n|upkeep\n|\n|t:|1732959347\n|switch|p2a: Tornadus|Tornadus, L82, M|263/263\n|turn|24\n|\n|t:|1732959358\n|move|p2a: Tornadus|Heat Wave|p1a: Necrozma\n|-supereffective|p1a: Necrozma\n|-damage|p1a: Necrozma|0 fnt\n|faint|p1a: Necrozma\n|\n|upkeep\n|\n|t:|1732959363\n|switch|p1a: Dragapult|Dragapult, L77, F|236/262\n|-damage|p1a: Dragapult|204/262|[from] Stealth Rock\n|turn|25\n|\n|t:|1732959368\n|switch|p2a: Carbink|Carbink, L90|236/236\n|move|p1a: Dragapult|Dragon Darts|p2a: Carbink\n|-immune|p2a: Carbink\n|\n|upkeep\n|turn|26\n|\n|t:|1732959378\n|switch|p1a: Dipplin|Dipplin, L88, F, tera:Steel|284/284\n|-damage|p1a: Dipplin|267/284|[from] Stealth Rock\n|move|p2a: Carbink|Moonblast|p1a: Dipplin\n|-resisted|p1a: Dipplin\n|-damage|p1a: Dipplin|240/284\n|\n|upkeep\n|turn|27\n|\n|t:|1732959386\n|move|p2a: Carbink|Body Press|p1a: Dipplin\n|-supereffective|p1a: Dipplin\n|-damage|p1a: Dipplin|144/284\n|move|p1a: Dipplin|Giga Drain|p2a: Carbink\n|-supereffective|p2a: Carbink\n|-damage|p2a: Carbink|126/236\n|-heal|p1a: Dipplin|199/284|[from] drain|[of] p2a: Carbink\n|\n|upkeep\n|turn|28\n|\n|t:|1732959395\n|switch|p2a: Tornadus|Tornadus, L82, M|263/263\n|move|p1a: Dipplin|Giga Drain|p2a: Tornadus\n|-resisted|p2a: Tornadus\n|-damage|p2a: Tornadus|212/263\n|-heal|p1a: Dipplin|225/284|[from] drain|[of] p2a: Tornadus\n|\n|upkeep\n|turn|29\n|\n|t:|1732959404\n|-terastallize|p2a: Tornadus|Fire\n|move|p2a: Tornadus|Heat Wave|p1a: Dipplin\n|-supereffective|p1a: Dipplin\n|-damage|p1a: Dipplin|0 fnt\n|faint|p1a: Dipplin\n|\n|upkeep\n|\n|t:|1732959409\n|switch|p1a: Dragapult|Dragapult, L77, F|204/262\n|-damage|p1a: Dragapult|172/262|[from] Stealth Rock\n|turn|30\n|\n|t:|1732959422\n|move|p1a: Dragapult|Fire Blast|p2a: Tornadus\n|-resisted|p2a: Tornadus\n|-damage|p2a: Tornadus|168/263\n|-damage|p1a: Dragapult|146/262|[from] item: Life Orb\n|move|p2a: Tornadus|Heat Wave|p1a: Dragapult|[miss]\n|-miss|p2a: Tornadus|p1a: Dragapult\n|\n|upkeep\n|turn|31\n|-message|Deuda_publica forfeited.\n|\n|win|Bentennyson_55\n|raw|Deuda_publica's rating: 1179 &rarr; <strong>1158</strong><br />(-21 for losing)\n|raw|Bentennyson_55's rating: 1233 &rarr; <strong>1254</strong><br />(+21 for winning)\n|l|\u2606Deuda_publica\n|player|p1|\n", "inputlog": ">version b107d77f5c90bd6555267ae244a6264823309ead\n>start {\"formatid\":\"gen9randombattle\",\"seed\":[23043,10407,19198,52338],\"rated\":\"Rated battle\"}\n>player p1 {\"name\":\"Deuda_publica\",\"avatar\":\"102\",\"rating\":1179,\"seed\":[55219,56981,13521,50049]}\n>player p2 {\"name\":\"Bentennyson_55\",\"avatar\":\"red\",\"rating\":1233,\"seed\":[12080,26471,34776,51807]}\n>p1 move dragonpulse\n>p2 move crunch\n>p1 move dragonpulse\n>p2 move crunch\n>p1 move recover\n>p2 move crunch\n>p1 move recover\n>p2 move crunch\n>p1 move dragonpulse\n>p2 move crunch\n>p1 move recover\n>p2 move crunch\n>p1 switch 2\n>p2 move crunch\n>p1 move swordsdance\n>p2 move crunch\n>p1 move suckerpunch\n>p2 move crunch\n>p2 switch 5\n>p1 switch 2\n>p2 move heatcrash\n>p1 move recover\n>p2 switch 2\n>p1 switch 3\n>p2 move bleakwindstorm\n>p1 move overheat\n>p2 switch 2\n>p1 move overheat\n>p2 move precipiceblades\n>p1 switch 6\n>p1 move dragondarts\n>p2 move thunderwave\n>p2 switch 4\n>p1 switch 3\n>p2 move knockoff\n>p1 move gigadrain terastallize\n>p2 move stealthrock\n>p1 move gigadrain\n>p2 switch 3\n>p1 switch 2\n>p2 move workup\n>p1 move suckerpunch\n>p2 move fireblast\n>p1 switch 4\n>p1 move destinybond\n>p2 move darkpulse\n>p1 switch 5\n>p2 switch 3\n>p1 move dragondance\n>p2 move knockoff\n>p1 move earthquake\n>p2 move surf\n>p2 switch 2\n>p1 move photongeyser\n>p2 move heatwave\n>p1 switch 3\n>p1 move dragondarts\n>p2 switch 6\n>p1 switch 2\n>p2 move moonblast\n>p1 move gigadrain\n>p2 move bodypress\n>p1 move gigadrain\n>p2 switch 6\n>p1 move dragonpulse\n>p2 move heatwave terastallize\n>p1 switch 2\n>p1 move fireblast\n>p2 move heatwave\n>forcelose p1", "uploadtime": 1732959433, "views": 19, "formatid": "gen9randombattle", "rating": 1158, "private": 0, "password": null}