{"id": "gen9randombattle-2254000086", "format": "[Gen 9] Random Battle", "players": ["boximiya", "auraitsitsd"], "log": "|j|\u2606boximiya\n|j|\u2606auraitsitsd\n|t:|1732978094\n|gametype|singles\n|player|p1|boximiya|backersf|1809\n|player|p2|auraitsitsd|265|1755\n|teamsize|p1|6\n|teamsize|p2|6\n|gen|9\n|tier|[Gen 9] Random Battle\n|rated|\n|rule|Species Clause: Limit one of each Pok\u00e9mon\n|rule|HP Percentage Mod: HP is shown in percentages\n|rule|Sleep Clause Mod: Limit one foe put to sleep\n|rule|Illusion Level Mod: Illusion disguises the Pok\u00e9mon's true level\n|\n|t:|1732978094\n|start\n|switch|p1a: Wugtrio|Wugtrio, L91, M|212/212\n|switch|p2a: Barraskewda|Barraskewda, L81, M|231/231\n|turn|1\n|inactive|Battle timer is ON: inactive players will automatically lose when time's up. (requested by auraitsitsd)\n|\n|t:|1732978108\n|move|p1a: Wugtrio|Throat Chop|p2a: Barraskewda\n|-damage|p2a: Barraskewda|84/231\n|-start|p2a: Barraskewda|Throat Chop|[silent]\n|move|p2a: Barraskewda|Close Combat|p1a: Wugtrio\n|-damage|p1a: Wugtrio|9/212\n|-unboost|p2a: Barraskewda|def|1\n|-unboost|p2a: Barraskewda|spd|1\n|-ability|p1a: Wugtrio|Gooey\n|-unboost|p2a: Barraskewda|spe|1\n|\n|upkeep\n|turn|2\n|\n|t:|1732978118\n|switch|p2a: Mandibuzz|Mandibuzz, L85, F|326/326\n|move|p1a: Wugtrio|Throat Chop|p2a: Mandibuzz\n|-resisted|p2a: Mandibuzz\n|-damage|p2a: Mandibuzz|279/326\n|-start|p2a: Mandibuzz|Throat Chop|[silent]\n|\n|upkeep\n|turn|3\n|\n|t:|1732978124\n|switch|p1a: Sudowoodo|Sudowoodo, L94, F|284/284\n|move|p2a: Mandibuzz|Foul Play|p1a: Sudowoodo\n|-damage|p1a: Sudowoodo|193/284\n|\n|-heal|p1a: Sudowoodo|210/284|[from] item: Leftovers\n|-end|p2a: Mandibuzz|Throat Chop|[silent]\n|upkeep\n|turn|4\n|\n|t:|1732978130\n|switch|p2a: Ursaluna|Ursaluna, L79, M|335/335\n|move|p1a: Sudowoodo|Stealth Rock|p2a: Ursaluna\n|-sidestart|p2: auraitsitsd|move: Stealth Rock\n|\n|-heal|p1a: Sudowoodo|227/284|[from] item: Leftovers\n|-status|p2a: Ursaluna|brn|[from] item: Flame Orb\n|upkeep\n|turn|5\n|\n|t:|1732978140\n|move|p2a: Ursaluna|Trailblaze|p1a: Sudowoodo\n|-supereffective|p1a: Sudowoodo\n|-damage|p1a: Sudowoodo|139/284\n|-boost|p2a: Ursaluna|spe|1\n|move|p1a: Sudowoodo|Wood Hammer|p2a: Ursaluna\n|-supereffective|p2a: Ursaluna\n|-damage|p2a: Ursaluna|149/335 brn\n|\n|-heal|p1a: Sudowoodo|156/284|[from] item: Leftovers\n|-damage|p2a: Ursaluna|129/335 brn|[from] brn\n|upkeep\n|turn|6\n|\n|t:|1732978154\n|switch|p1a: Oricorio|Oricorio-Pom-Pom, L82, M|257/257\n|move|p2a: Ursaluna|Headlong Rush|p1a: Oricorio\n|-immune|p1a: Oricorio\n|\n|-damage|p2a: Ursaluna|109/335 brn|[from] brn\n|upkeep\n|turn|7\n|\n|t:|1732978163\n|move|p1a: Oricorio|Hurricane|p2a: Ursaluna|[miss]\n|-miss|p1a: Oricorio|p2a: Ursaluna\n|move|p2a: Ursaluna|Facade|p1a: Oricorio\n|-damage|p1a: Oricorio|0 fnt\n|faint|p1a: Oricorio\n|\n|-damage|p2a: Ursaluna|89/335 brn|[from] brn\n|upkeep\n|\n|t:|1732978167\n|switch|p1a: Maushold|Maushold, L76|238/238\n|turn|8\n|\n|t:|1732978170\n|move|p1a: Maushold|Population Bomb|p2a: Ursaluna\n|-damage|p2a: Ursaluna|70/335 brn\n|-damage|p2a: Ursaluna|48/335 brn\n|-damage|p2a: Ursaluna|26/335 brn\n|-damage|p2a: Ursaluna|5/335 brn\n|-damage|p2a: Ursaluna|0 fnt\n|faint|p2a: Ursaluna\n|-hitcount|p2: Ursaluna|5\n|\n|upkeep\n|\n|t:|1732978174\n|switch|p2a: Barraskewda|Barraskewda, L81, M|84/231\n|-damage|p2a: Barraskewda|56/231|[from] Stealth Rock\n|turn|9\n|\n|t:|1732978196\n|move|p2a: Barraskewda|Close Combat|p1a: Maushold\n|-supereffective|p1a: Maushold\n|-damage|p1a: Maushold|0 fnt\n|-unboost|p2a: Barraskewda|def|1\n|-unboost|p2a: Barraskewda|spd|1\n|faint|p1a: Maushold\n|\n|upkeep\n|\n|t:|1732978200\n|switch|p1a: Wugtrio|Wugtrio, L91, M|9/212\n|turn|10\n|\n|t:|1732978202\n|move|p1a: Wugtrio|Liquidation|p2a: Barraskewda\n|-resisted|p2a: Barraskewda\n|-damage|p2a: Barraskewda|0 fnt\n|faint|p2a: Barraskewda\n|\n|upkeep\n|\n|t:|1732978206\n|switch|p2a: Regieleki|Regieleki, L79|256/256\n|-damage|p2a: Regieleki|224/256|[from] Stealth Rock\n|turn|11\n|\n|t:|1732978217\n|switch|p1a: Sneasler|Sneasler, L74, F|240/240\n|move|p2a: Regieleki|Rapid Spin|p1a: Sneasler\n|-crit|p1a: Sneasler\n|-damage|p1a: Sneasler|163/240\n|-boost|p2a: Regieleki|spe|1\n|-sideend|p2: auraitsitsd|Stealth Rock|[from] move: Rapid Spin|[of] p2a: Regieleki\n|\n|upkeep\n|turn|12\n|\n|t:|1732978222\n|move|p2a: Regieleki|Thunderbolt|p1a: Sneasler\n|-damage|p1a: Sneasler|12/240\n|move|p1a: Sneasler|Close Combat|p2a: Regieleki\n|-damage|p2a: Regieleki|35/256\n|-unboost|p1a: Sneasler|def|1\n|-unboost|p1a: Sneasler|spd|1\n|-enditem|p1a: Sneasler|White Herb\n|-clearnegativeboost|p1a: Sneasler|[silent]\n|\n|upkeep\n|turn|13\n|\n|t:|1732978230\n|move|p2a: Regieleki|Thunderbolt|p1a: Sneasler\n|-damage|p1a: Sneasler|0 fnt\n|faint|p1a: Sneasler\n|\n|upkeep\n|\n|t:|1732978233\n|switch|p1a: Wugtrio|Wugtrio, L91, M|9/212\n|turn|14\n|\n|t:|1732978236\n|move|p1a: Wugtrio|Aqua Jet|p2a: Regieleki\n|-damage|p2a: Regieleki|0 fnt\n|faint|p2a: Regieleki\n|\n|upkeep\n|\n|t:|1732978244\n|switch|p2a: Tatsugiri|Tatsugiri-Droopy, L87, M|260/260\n|turn|15\n|\n|t:|1732978248\n|switch|p1a: Sylveon|Sylveon, L85, M|300/300\n|move|p2a: Tatsugiri|Nasty Plot|p2a: Tatsugiri\n|-boost|p2a: Tatsugiri|spa|2\n|\n|upkeep\n|turn|16\n|\n|t:|1732978255\n|move|p2a: Tatsugiri|Hydro Pump|p1a: Sylveon\n|-damage|p1a: Sylveon|27/300\n|-damage|p2a: Tatsugiri|234/260|[from] item: Life Orb\n|move|p1a: Sylveon|Hyper Voice|p2a: Tatsugiri\n|-supereffective|p2a: Tatsugiri\n|-crit|p2a: Tatsugiri\n|-damage|p2a: Tatsugiri|0 fnt\n|faint|p2a: Tatsugiri\n|\n|-heal|p1a: Sylveon|45/300|[from] item: Leftovers\n|upkeep\n|\n|t:|1732978264\n|switch|p2a: Dachsbun|Dachsbun, L92, M|254/254\n|turn|17\n|\n|t:|1732978277\n|switch|p1a: Wugtrio|Wugtrio, L91, M|9/212\n|move|p2a: Dachsbun|Play Rough|p1a: Wugtrio\n|-damage|p1a: Wugtrio|0 fnt\n|-ability|p1a: Wugtrio|Gooey\n|-unboost|p2a: Dachsbun|spe|1\n|faint|p1a: Wugtrio\n|\n|upkeep\n|\n|t:|1732978281\n|switch|p1a: Sylveon|Sylveon, L85, M|45/300\n|turn|18\n|\n|t:|1732978292\n|move|p1a: Sylveon|Protect|p1a: Sylveon\n|-singleturn|p1a: Sylveon|Protect\n|move|p2a: Dachsbun|Play Rough|p1a: Sylveon\n|-activate|p1a: Sylveon|move: Protect\n|\n|-heal|p1a: Sylveon|63/300|[from] item: Leftovers\n|upkeep\n|turn|19\n|\n|t:|1732978298\n|-terastallize|p1a: Sylveon|Steel\n|move|p1a: Sylveon|Wish|p1a: Sylveon\n|move|p2a: Dachsbun|Play Rough|p1a: Sylveon\n|-resisted|p1a: Sylveon\n|-damage|p1a: Sylveon|6/300\n|\n|-heal|p1a: Sylveon|24/300|[from] item: Leftovers\n|upkeep\n|turn|20\n|\n|t:|1732978305\n|move|p1a: Sylveon|Protect|p1a: Sylveon\n|-singleturn|p1a: Sylveon|Protect\n|move|p2a: Dachsbun|Stomping Tantrum|p1a: Sylveon\n|-activate|p1a: Sylveon|move: Protect\n|\n|-heal|p1a: Sylveon|174/300|[from] move: Wish|[wisher] Sylveon\n|-heal|p1a: Sylveon|192/300|[from] item: Leftovers\n|upkeep\n|turn|21\n|\n|t:|1732978310\n|move|p2a: Dachsbun|Stomping Tantrum|p1a: Sylveon\n|-supereffective|p1a: Sylveon\n|-damage|p1a: Sylveon|62/300\n|move|p1a: Sylveon|Wish|p1a: Sylveon\n|\n|-heal|p1a: Sylveon|80/300|[from] item: Leftovers\n|upkeep\n|turn|22\n|\n|t:|1732978316\n|switch|p2a: Mandibuzz|Mandibuzz, L85, F|279/326\n|move|p1a: Sylveon|Protect||[still]\n|-fail|p1a: Sylveon\n|\n|-heal|p1a: Sylveon|230/300|[from] move: Wish|[wisher] Sylveon\n|-heal|p1a: Sylveon|248/300|[from] item: Leftovers\n|upkeep\n|turn|23\n|\n|t:|1732978320\n|move|p2a: Mandibuzz|U-turn|p1a: Sylveon\n|-resisted|p1a: Sylveon\n|-damage|p1a: Sylveon|225/300\n|\n|t:|1732978323\n|switch|p2a: Dachsbun|Dachsbun, L92, M|254/254|[from] U-turn\n|move|p1a: Sylveon|Hyper Voice|p2a: Dachsbun\n|-damage|p2a: Dachsbun|124/254\n|\n|-heal|p2a: Dachsbun|139/254|[from] item: Leftovers\n|-heal|p1a: Sylveon|243/300|[from] item: Leftovers\n|upkeep\n|turn|24\n|\n|t:|1732978331\n|move|p2a: Dachsbun|Protect|p2a: Dachsbun\n|-singleturn|p2a: Dachsbun|Protect\n|move|p1a: Sylveon|Hyper Voice|p2a: Dachsbun\n|-activate|p2a: Dachsbun|move: Protect\n|\n|-heal|p2a: Dachsbun|154/254|[from] item: Leftovers\n|-heal|p1a: Sylveon|261/300|[from] item: Leftovers\n|upkeep\n|turn|25\n|\n|t:|1732978334\n|move|p2a: Dachsbun|Wish|p2a: Dachsbun\n|move|p1a: Sylveon|Wish|p1a: Sylveon\n|\n|-heal|p2a: Dachsbun|169/254|[from] item: Leftovers\n|-heal|p1a: Sylveon|279/300|[from] item: Leftovers\n|upkeep\n|turn|26\n|\n|t:|1732978338\n|move|p2a: Dachsbun|Stomping Tantrum|p1a: Sylveon\n|-supereffective|p1a: Sylveon\n|-damage|p1a: Sylveon|153/300\n|move|p1a: Sylveon|Calm Mind|p1a: Sylveon\n|-boost|p1a: Sylveon|spa|1\n|-boost|p1a: Sylveon|spd|1\n|\n|-heal|p1a: Sylveon|300/300|[from] move: Wish|[wisher] Sylveon\n|-heal|p2a: Dachsbun|254/254|[from] move: Wish|[wisher] Dachsbun\n|upkeep\n|turn|27\n|\n|t:|1732978344\n|move|p2a: Dachsbun|Stomping Tantrum|p1a: Sylveon\n|-supereffective|p1a: Sylveon\n|-damage|p1a: Sylveon|168/300\n|move|p1a: Sylveon|Hyper Voice|p2a: Dachsbun\n|-damage|p2a: Dachsbun|77/254\n|\n|-heal|p2a: Dachsbun|92/254|[from] item: Leftovers\n|-heal|p1a: Sylveon|186/300|[from] item: Leftovers\n|upkeep\n|turn|28\n|\n|t:|1732978351\n|-terastallize|p2a: Dachsbun|Steel\n|move|p2a: Dachsbun|Wish|p2a: Dachsbun\n|move|p1a: Sylveon|Hyper Voice|p2a: Dachsbun\n|-resisted|p2a: Dachsbun\n|-damage|p2a: Dachsbun|0 fnt\n|faint|p2a: Dachsbun\n|\n|-heal|p1a: Sylveon|204/300|[from] item: Leftovers\n|upkeep\n|\n|t:|1732978356\n|switch|p2a: Mandibuzz|Mandibuzz, L85, F|279/326\n|turn|29\n|\n|t:|1732978358\n|move|p2a: Mandibuzz|Foul Play|p1a: Sylveon\n|-damage|p1a: Sylveon|128/300\n|move|p1a: Sylveon|Hyper Voice|p2a: Mandibuzz\n|-supereffective|p2a: Mandibuzz\n|-damage|p2a: Mandibuzz|0 fnt\n|faint|p2a: Mandibuzz\n|\n|win|boximiya\n|raw|boximiya's rating: 1809 &rarr; <strong>1826</strong><br />(+17 for winning)\n|raw|auraitsitsd's rating: 1755 &rarr; <strong>1738</strong><br />(-17 for losing)\n|l|\u2606auraitsitsd\n|player|p2|\n", "inputlog": ">version b107d77f5c90bd6555267ae244a6264823309ead\n>start {\"formatid\":\"gen9randombattle\",\"seed\":[19067,47695,10766,9555],\"rated\":\"Rated battle\"}\n>player p1 {\"name\":\"boximiya\",\"avatar\":\"backersf\",\"rating\":1809,\"seed\":[6878,35876,32532,57767]}\n>player p2 {\"name\":\"auraitsitsd\",\"avatar\":\"265\",\"rating\":1755,\"seed\":[13722,60664,55362,56314]}\n>p1 move throatchop\n>p2 move closecombat\n>p1 move throatchop\n>p2 switch 6\n>p1 switch 2\n>p2 move foulplay\n>p1 move stealthrock\n>p2 switch 4\n>p1 move woodhammer\n>p2 move trailblaze\n>p1 switch 3\n>p2 move headlongrush\n>p1 move hurricane\n>p2 move facade\n>p1 switch 6\n>p1 move populationbomb\n>p2 move facade\n>p2 switch 6\n>p1 move populationbomb\n>p2 move closecombat\n>p1 switch 2\n>p1 move liquidation\n>p2 move closecombat\n>p2 switch 2\n>p1 switch 4\n>p2 move rapidspin\n>p1 move closecombat\n>p2 move thunderbolt\n>p1 move acrobatics\n>p2 move thunderbolt\n>p1 switch 4\n>p1 move aquajet\n>p2 move thunderbolt\n>p2 switch 3\n>p1 switch 5\n>p2 move nastyplot\n>p1 move hypervoice\n>p2 move hydropump\n>p2 switch 5\n>p1 switch 5\n>p2 move playrough\n>p1 switch 5\n>p1 move protect\n>p2 move playrough\n>p1 move wish terastallize\n>p2 move playrough\n>p1 move protect\n>p2 move stompingtantrum\n>p1 move wish\n>p2 move stompingtantrum\n>p1 move protect\n>p2 switch 4\n>p1 move hypervoice\n>p2 move uturn\n>p2 switch 4\n>p1 move hypervoice\n>p2 move protect\n>p1 move wish\n>p2 move wish\n>p1 move calmmind\n>p2 move stompingtantrum\n>p1 move hypervoice\n>p2 move stompingtantrum\n>p1 move hypervoice\n>p2 move wish terastallize\n>p2 switch 4\n>p1 move hypervoice\n>p2 move foulplay", "uploadtime": 1732978360, "views": 1, "formatid": "gen9randombattle", "rating": 1738, "private": 0, "password": null}