{"id": "gen9randombattle-2253927153", "format": "[Gen 9] Random Battle", "players": ["SuryaBahgla12", "Sticky N"], "log": "|j|\u2606SuryaBahgla12\n|j|\u2606Sticky N\n|t:|1732965474\n|gametype|singles\n|player|p1|SuryaBahgla12|riley|1169\n|player|p2|Sticky N|169|1195\n|teamsize|p1|6\n|teamsize|p2|6\n|gen|9\n|tier|[Gen 9] Random Battle\n|rated|\n|rule|Species Clause: Limit one of each Pok\u00e9mon\n|rule|HP Percentage Mod: HP is shown in percentages\n|rule|Sleep Clause Mod: Limit one foe put to sleep\n|rule|Illusion Level Mod: Illusion disguises the Pok\u00e9mon's true level\n|\n|t:|1732965474\n|start\n|switch|p1a: Girafarig|Girafarig, L89, M|269/269\n|switch|p2a: Vigoroth|Vigoroth, L85, M|275/275\n|turn|1\n|\n|t:|1732965488\n|move|p1a: Girafarig|Nasty Plot|p1a: Girafarig\n|-boost|p1a: Girafarig|spa|2\n|move|p2a: Vigoroth|Knock Off|p1a: Girafarig\n|-supereffective|p1a: Girafarig\n|-damage|p1a: Girafarig|163/269\n|-enditem|p1a: Girafarig|Eviolite|[from] move: Knock Off|[of] p2a: Vigoroth\n|\n|upkeep\n|turn|2\n|\n|t:|1732965504\n|move|p2a: Vigoroth|Body Slam|p1a: Girafarig\n|-damage|p1a: Girafarig|73/269\n|move|p1a: Girafarig|Nasty Plot|p1a: Girafarig\n|-boost|p1a: Girafarig|spa|2\n|\n|upkeep\n|turn|3\n|\n|t:|1732965515\n|move|p1a: Girafarig|Psyshock|p2a: Vigoroth\n|-damage|p2a: Vigoroth|100/275\n|move|p2a: Vigoroth|Body Slam|p1a: Girafarig\n|-damage|p1a: Girafarig|0 fnt\n|faint|p1a: Girafarig\n|\n|upkeep\n|\n|t:|1732965529\n|switch|p1a: Blaziken|Blaziken, L76, M|247/247\n|turn|4\n|\n|t:|1732965534\n|move|p2a: Vigoroth|Body Slam|p1a: Blaziken\n|-damage|p1a: Blaziken|139/247\n|move|p1a: Blaziken|Swords Dance|p1a: Blaziken\n|-boost|p1a: Blaziken|atk|2\n|\n|-ability|p1a: Blaziken|Speed Boost|boost\n|-boost|p1a: Blaziken|spe|1\n|upkeep\n|turn|5\n|inactive|Battle timer is ON: inactive players will automatically lose when time's up. (requested by SuryaBahgla12)\n|\n|t:|1732965546\n|move|p1a: Blaziken|Swords Dance|p1a: Blaziken\n|-boost|p1a: Blaziken|atk|2\n|move|p2a: Vigoroth|Body Slam|p1a: Blaziken\n|-damage|p1a: Blaziken|28/247\n|\n|-ability|p1a: Blaziken|Speed Boost|boost\n|-boost|p1a: Blaziken|spe|1\n|upkeep\n|turn|6\n|\n|t:|1732965566\n|move|p1a: Blaziken|Close Combat|p2a: Vigoroth\n|-supereffective|p2a: Vigoroth\n|-damage|p2a: Vigoroth|0 fnt\n|-unboost|p1a: Blaziken|def|1\n|-unboost|p1a: Blaziken|spd|1\n|faint|p2a: Vigoroth\n|-damage|p1a: Blaziken|4/247|[from] item: Life Orb\n|\n|-ability|p1a: Blaziken|Speed Boost|boost\n|-boost|p1a: Blaziken|spe|1\n|upkeep\n|inactive|Sticky N has 120 seconds left.\n|\n|t:|1732965588\n|switch|p2a: Rotom|Rotom-Wash, L82|216/216\n|turn|7\n|\n|t:|1732965595\n|move|p1a: Blaziken|Close Combat|p2a: Rotom\n|-damage|p2a: Rotom|0 fnt\n|-unboost|p1a: Blaziken|def|1\n|-unboost|p1a: Blaziken|spd|1\n|faint|p2a: Rotom\n|-damage|p1a: Blaziken|0 fnt|[from] item: Life Orb\n|faint|p1a: Blaziken\n|\n|upkeep\n|\n|t:|1732965609\n|switch|p2a: Typhlosion|Typhlosion, L84, M|267/267\n|switch|p1a: Pachirisu|Pachirisu, L96, F|271/271\n|turn|8\n|\n|t:|1732965615\n|move|p2a: Typhlosion|Eruption|p1a: Pachirisu\n|-damage|p1a: Pachirisu|168/271\n|move|p1a: Pachirisu|Nuzzle|p2a: Typhlosion\n|-damage|p2a: Typhlosion|251/267\n|-status|p2a: Typhlosion|par\n|\n|upkeep\n|turn|9\n|\n|t:|1732965624\n|move|p1a: Pachirisu|U-turn|p2a: Typhlosion\n|-resisted|p2a: Typhlosion\n|-damage|p2a: Typhlosion|230/267 par\n|\n|t:|1732965628\n|switch|p1a: Golurk|Golurk, L87|297/297|[from] U-turn\n|cant|p2a: Typhlosion|par\n|\n|upkeep\n|turn|10\n|\n|t:|1732965637\n|cant|p2a: Typhlosion|par\n|move|p1a: Golurk|Stealth Rock|p2a: Typhlosion\n|-sidestart|p2: Sticky N|move: Stealth Rock\n|\n|upkeep\n|turn|11\n|\n|t:|1732965652\n|move|p2a: Typhlosion|Eruption|p1a: Golurk\n|-damage|p1a: Golurk|132/297\n|move|p1a: Golurk|Earthquake|p2a: Typhlosion\n|-supereffective|p2a: Typhlosion\n|-damage|p2a: Typhlosion|0 fnt\n|faint|p2a: Typhlosion\n|-damage|p1a: Golurk|103/297|[from] item: Life Orb\n|\n|upkeep\n|\n|t:|1732965662\n|switch|p2a: Decidueye|Decidueye, L88, M|281/281\n|-damage|p2a: Decidueye|246/281|[from] Stealth Rock\n|turn|12\n|\n|t:|1732965673\n|move|p2a: Decidueye|Spirit Shackle|p1a: Golurk\n|-supereffective|p1a: Golurk\n|-damage|p1a: Golurk|0 fnt\n|faint|p1a: Golurk\n|-damage|p2a: Decidueye|218/281|[from] item: Life Orb\n|\n|upkeep\n|\n|t:|1732965682\n|switch|p1a: Pachirisu|Pachirisu, L96, F|168/271\n|turn|13\n|\n|t:|1732965688\n|move|p1a: Pachirisu|Nuzzle|p2a: Decidueye\n|-resisted|p2a: Decidueye\n|-damage|p2a: Decidueye|209/281\n|-status|p2a: Decidueye|par\n|cant|p2a: Decidueye|par\n|\n|upkeep\n|turn|14\n|\n|t:|1732965700\n|move|p1a: Pachirisu|U-turn|p2a: Decidueye\n|-damage|p2a: Decidueye|168/281 par\n|\n|t:|1732965705\n|switch|p1a: Eternatus|Eternatus, L69|308/308|[from] U-turn\n|-ability|p1a: Eternatus|Pressure\n|move|p2a: Decidueye|Knock Off|p1a: Eternatus\n|-damage|p1a: Eternatus|194/308\n|-enditem|p1a: Eternatus|Leftovers|[from] move: Knock Off|[of] p2a: Decidueye\n|-damage|p2a: Decidueye|140/281 par|[from] item: Life Orb\n|\n|upkeep\n|turn|15\n|\n|t:|1732965718\n|move|p1a: Eternatus|Recover|p1a: Eternatus\n|-heal|p1a: Eternatus|308/308\n|move|p2a: Decidueye|Spirit Shackle|p1a: Eternatus\n|-damage|p1a: Eternatus|144/308\n|-activate|p1a: Eternatus|trapped\n|-damage|p2a: Decidueye|112/281 par|[from] item: Life Orb\n|\n|upkeep\n|turn|16\n|\n|t:|1732965726\n|move|p1a: Eternatus|Recover|p1a: Eternatus\n|-heal|p1a: Eternatus|298/308\n|cant|p2a: Decidueye|par\n|\n|upkeep\n|turn|17\n|\n|t:|1732965733\n|move|p1a: Eternatus|Fire Blast|p2a: Decidueye|[miss]\n|-miss|p1a: Eternatus|p2a: Decidueye\n|move|p2a: Decidueye|Roost|p2a: Decidueye\n|-heal|p2a: Decidueye|253/281 par\n|-singleturn|p2a: Decidueye|move: Roost\n|\n|upkeep\n|turn|18\n|\n|t:|1732965741\n|move|p1a: Eternatus|Sludge Bomb|p2a: Decidueye\n|-damage|p2a: Decidueye|172/281 par\n|cant|p2a: Decidueye|par\n|\n|upkeep\n|turn|19\n|\n|t:|1732965748\n|move|p1a: Eternatus|Fire Blast|p2a: Decidueye\n|-supereffective|p2a: Decidueye\n|-damage|p2a: Decidueye|50/281 par\n|move|p2a: Decidueye|Roost|p2a: Decidueye\n|-heal|p2a: Decidueye|191/281 par\n|-singleturn|p2a: Decidueye|move: Roost\n|\n|upkeep\n|turn|20\n|\n|t:|1732965755\n|move|p1a: Eternatus|Fire Blast|p2a: Decidueye\n|-supereffective|p2a: Decidueye\n|-damage|p2a: Decidueye|69/281 par\n|move|p2a: Decidueye|Roost|p2a: Decidueye\n|-heal|p2a: Decidueye|210/281 par\n|-singleturn|p2a: Decidueye|move: Roost\n|\n|upkeep\n|turn|21\n|\n|t:|1732965764\n|-terastallize|p1a: Eternatus|Fire\n|move|p1a: Eternatus|Fire Blast|p2a: Decidueye\n|-supereffective|p2a: Decidueye\n|-damage|p2a: Decidueye|18/281 par\n|move|p2a: Decidueye|Spirit Shackle|p1a: Eternatus\n|-damage|p1a: Eternatus|134/308\n|-damage|p2a: Decidueye|0 fnt|[from] item: Life Orb\n|faint|p2a: Decidueye\n|\n|upkeep\n|\n|t:|1732965776\n|switch|p2a: Greninja|Greninja, L80, M|246/246\n|-damage|p2a: Greninja|216/246|[from] Stealth Rock\n|turn|22\n|\n|t:|1732965786\n|move|p2a: Greninja|Hydro Pump|p1a: Eternatus\n|-start|p2a: Greninja|typechange|Water|[from] ability: Protean\n|-supereffective|p1a: Eternatus\n|-damage|p1a: Eternatus|0 fnt\n|faint|p1a: Eternatus\n|-damage|p2a: Greninja|192/246|[from] item: Life Orb\n|\n|upkeep\n|\n|t:|1732965792\n|switch|p1a: Pachirisu|Pachirisu, L96, F|168/271\n|turn|23\n|\n|t:|1732965799\n|move|p2a: Greninja|Hydro Pump|p1a: Pachirisu\n|-damage|p1a: Pachirisu|77/271\n|-damage|p2a: Greninja|168/246|[from] item: Life Orb\n|move|p1a: Pachirisu|Nuzzle|p2a: Greninja\n|-supereffective|p2a: Greninja\n|-damage|p2a: Greninja|126/246\n|-status|p2a: Greninja|par\n|\n|upkeep\n|turn|24\n|\n|t:|1732965809\n|move|p1a: Pachirisu|Thunderbolt|p2a: Greninja\n|-supereffective|p2a: Greninja\n|-damage|p2a: Greninja|0 fnt\n|faint|p2a: Greninja\n|\n|upkeep\n|\n|t:|1732965815\n|switch|p2a: Hoopa|Hoopa-Unbound, L80|259/259\n|-damage|p2a: Hoopa|227/259|[from] Stealth Rock\n|turn|25\n|\n|t:|1732965824\n|move|p1a: Pachirisu|Nuzzle|p2a: Hoopa\n|-damage|p2a: Hoopa|206/259\n|-status|p2a: Hoopa|par\n|cant|p2a: Hoopa|par\n|\n|upkeep\n|turn|26\n|\n|t:|1732965833\n|move|p1a: Pachirisu|U-turn|p2a: Hoopa\n|-supereffective|p2a: Hoopa\n|-damage|p2a: Hoopa|0 fnt\n|faint|p2a: Hoopa\n|\n|win|SuryaBahgla12\n|raw|SuryaBahgla12's rating: 1169 &rarr; <strong>1196</strong><br />(+27 for winning)\n|raw|Sticky N's rating: 1195 &rarr; <strong>1168</strong><br />(-27 for losing)\n|l|\u2606Sticky N\n|player|p2|\n", "inputlog": ">version b107d77f5c90bd6555267ae244a6264823309ead\n>start {\"formatid\":\"gen9randombattle\",\"seed\":[26566,41567,19503,27435],\"rated\":\"Rated battle\"}\n>player p1 {\"name\":\"SuryaBahgla12\",\"avatar\":\"riley\",\"rating\":1169,\"seed\":[62705,61177,64998,15966]}\n>player p2 {\"name\":\"Sticky N\",\"avatar\":\"169\",\"rating\":1195,\"seed\":[52169,25263,7694,25893]}\n>p1 move nastyplot\n>p2 move knockoff\n>p1 move nastyplot\n>p2 move bodyslam\n>p1 move psyshock\n>p2 move bodyslam\n>p1 switch 5\n>p1 move swordsdance\n>p2 move bodyslam\n>p1 move swordsdance\n>p2 move bodyslam\n>p1 move closecombat\n>p2 move bodyslam\n>p2 switch 6\n>p1 move closecombat\n>p2 move thunderbolt\n>p1 switch 6\n>p2 switch 5\n>p1 move nuzzle\n>p2 move eruption\n>p1 move uturn\n>p2 move eruption\n>p1 switch 3\n>p1 move stealthrock\n>p2 move eruption\n>p1 move earthquake\n>p2 move eruption\n>p2 switch 4\n>p1 move poltergeist\n>p2 move spiritshackle\n>p1 switch 3\n>p1 move nuzzle\n>p2 move knockoff\n>p1 move uturn\n>p2 move knockoff\n>p1 switch 4\n>p1 move recover\n>p2 move spiritshackle\n>p1 move recover\n>p2 move roost\n>p1 move fireblast\n>p2 move roost\n>p1 move sludgebomb\n>p2 move spiritshackle\n>p1 move fireblast\n>p2 move roost\n>p1 move fireblast\n>p2 move roost\n>p1 move fireblast terastallize\n>p2 move spiritshackle\n>p2 switch 2\n>p1 move sludgebomb\n>p2 move hydropump\n>p1 switch 4\n>p1 move nuzzle\n>p2 move hydropump\n>p1 move thunderbolt\n>p2 move hydropump\n>p2 switch 3\n>p1 move nuzzle\n>p2 move hyperspacefury\n>p1 move uturn\n>p2 move hyperspacefury", "uploadtime": 1732965848, "views": 10, "formatid": "gen9randombattle", "rating": 1168, "private": 0, "password": null}