{"id": "gen9randombattle-2253948085", "format": "[Gen 9] Random Battle", "players": ["f665thh", "dkllionellstinkt"], "log": "|j|\u2606f665thh\n|j|\u2606dkllionellstinkt\n|t:|1732969560\n|gametype|singles\n|player|p1|f665thh|blue|1000\n|player|p2|dkllionellstinkt|pokemaniac|1004\n|teamsize|p1|6\n|teamsize|p2|6\n|gen|9\n|tier|[Gen 9] Random Battle\n|rated|\n|rule|Species Clause: Limit one of each Pok\u00e9mon\n|rule|HP Percentage Mod: HP is shown in percentages\n|rule|Sleep Clause Mod: Limit one foe put to sleep\n|rule|Illusion Level Mod: Illusion disguises the Pok\u00e9mon's true level\n|\n|t:|1732969560\n|start\n|switch|p1a: Dragalge|Dragalge, L88, F|258/258\n|switch|p2a: Brute Bonnet|Brute Bonnet, L81|312/312\n|turn|1\n|inactive|Battle timer is ON: inactive players will automatically lose when time's up. (requested by f665thh)\n|\n|t:|1732969580\n|move|p2a: Brute Bonnet|Spore|p1a: Dragalge\n|-status|p1a: Dragalge|slp|[from] move: Spore\n|cant|p1a: Dragalge|slp\n|\n|upkeep\n|turn|2\n|\n|t:|1732969589\n|switch|p1a: Cinccino|Cinccino, L83, M|260/260\n|move|p2a: Brute Bonnet|Close Combat|p1a: Cinccino\n|-supereffective|p1a: Cinccino\n|-damage|p1a: Cinccino|8/260\n|-unboost|p2a: Brute Bonnet|def|1\n|-unboost|p2a: Brute Bonnet|spd|1\n|\n|upkeep\n|turn|3\n|\n|t:|1732969598\n|move|p2a: Brute Bonnet|Sucker Punch|p1a: Cinccino\n|-damage|p1a: Cinccino|0 fnt\n|faint|p1a: Cinccino\n|\n|upkeep\n|\n|t:|1732969605\n|switch|p1a: Dragalge|Dragalge, L88, F|258/258 slp\n|turn|4\n|\n|t:|1732969608\n|move|p2a: Brute Bonnet|Close Combat|p1a: Dragalge\n|-resisted|p1a: Dragalge\n|-damage|p1a: Dragalge|212/258 slp\n|-unboost|p2a: Brute Bonnet|def|1\n|-unboost|p2a: Brute Bonnet|spd|1\n|-curestatus|p1a: Dragalge|slp|[msg]\n|move|p1a: Dragalge|Sludge Wave|p2a: Brute Bonnet\n|-supereffective|p2a: Brute Bonnet\n|-damage|p2a: Brute Bonnet|0 fnt\n|faint|p2a: Brute Bonnet\n|-end|p2a: Brute Bonnet|Protosynthesis|[silent]\n|\n|upkeep\n|\n|t:|1732969621\n|switch|p2a: Florges|Florges-Yellow, L85, F|271/271\n|turn|5\n|\n|t:|1732969625\n|move|p2a: Florges|Calm Mind|p2a: Florges\n|-boost|p2a: Florges|spa|1\n|-boost|p2a: Florges|spd|1\n|move|p1a: Dragalge|Sludge Wave|p2a: Florges\n|-supereffective|p2a: Florges\n|-damage|p2a: Florges|99/271\n|\n|-heal|p2a: Florges|115/271|[from] item: Leftovers\n|upkeep\n|turn|6\n|\n|t:|1732969632\n|move|p2a: Florges|Moonblast|p1a: Dragalge\n|-damage|p1a: Dragalge|83/258\n|-unboost|p1a: Dragalge|spa|1\n|move|p1a: Dragalge|Sludge Wave|p2a: Florges\n|-supereffective|p2a: Florges\n|-damage|p2a: Florges|0 fnt\n|faint|p2a: Florges\n|\n|upkeep\n|\n|t:|1732969639\n|switch|p2a: Persian|Persian, L92, M|269/269\n|turn|7\n|\n|t:|1732969646\n|switch|p1a: Bronzong|Bronzong, L88|261/261\n|move|p2a: Persian|Fake Out|p1a: Bronzong\n|-resisted|p1a: Bronzong\n|-damage|p1a: Bronzong|236/261\n|\n|upkeep\n|turn|8\n|\n|t:|1732969656\n|move|p2a: Persian|U-turn|p1a: Bronzong\n|-damage|p1a: Bronzong|199/261\n|\n|t:|1732969661\n|switch|p2a: Meganium|Meganium, L90, F|290/290|[from] U-turn\n|move|p1a: Bronzong|Iron Defense|p1a: Bronzong\n|-boost|p1a: Bronzong|def|2\n|\n|upkeep\n|turn|9\n|\n|t:|1732969668\n|move|p2a: Meganium|Swords Dance|p2a: Meganium\n|-boost|p2a: Meganium|atk|2\n|move|p1a: Bronzong|Body Press|p2a: Meganium\n|-damage|p2a: Meganium|173/290\n|\n|upkeep\n|turn|10\n|\n|t:|1732969677\n|move|p2a: Meganium|Swords Dance|p2a: Meganium\n|-boost|p2a: Meganium|atk|2\n|move|p1a: Bronzong|Body Press|p2a: Meganium\n|-damage|p2a: Meganium|53/290\n|\n|upkeep\n|turn|11\n|\n|t:|1732969683\n|move|p2a: Meganium|Petal Blizzard|p1a: Bronzong\n|-resisted|p1a: Bronzong\n|-damage|p1a: Bronzong|94/261\n|-damage|p2a: Meganium|24/290|[from] item: Life Orb\n|move|p1a: Bronzong|Body Press|p2a: Meganium\n|-damage|p2a: Meganium|0 fnt\n|faint|p2a: Meganium\n|\n|upkeep\n|\n|t:|1732969691\n|switch|p2a: Heracross|Heracross, L80, M|259/259\n|turn|12\n|\n|t:|1732969696\n|move|p2a: Heracross|Megahorn|p1a: Bronzong\n|-damage|p1a: Bronzong|13/261\n|move|p1a: Bronzong|Iron Defense|p1a: Bronzong\n|-boost|p1a: Bronzong|def|2\n|\n|upkeep\n|turn|13\n|\n|t:|1732969704\n|move|p2a: Heracross|Megahorn|p1a: Bronzong\n|-damage|p1a: Bronzong|0 fnt\n|faint|p1a: Bronzong\n|-ability|p2a: Heracross|Moxie|boost\n|-boost|p2a: Heracross|atk|1\n|\n|upkeep\n|c|\u2606dkllionellstinkt|gg yi\n|\n|t:|1732969719\n|switch|p1a: Crawdaunt|Crawdaunt, L84, M|243/243\n|turn|14\n|\n|t:|1732969724\n|move|p2a: Heracross|Megahorn|p1a: Crawdaunt|[miss]\n|-miss|p2a: Heracross|p1a: Crawdaunt\n|move|p1a: Crawdaunt|Crabhammer|p2a: Heracross\n|-damage|p2a: Heracross|0 fnt\n|faint|p2a: Heracross\n|\n|upkeep\n|c|\u2606dkllionellstinkt|gg*\n|c|\u2606dkllionellstinkt|:c\n|\n|t:|1732969733\n|switch|p2a: Persian|Persian, L92, M|269/269\n|turn|15\n|\n|t:|1732969739\n|move|p2a: Persian|Double-Edge|p1a: Crawdaunt\n|-damage|p1a: Crawdaunt|96/243\n|-damage|p2a: Persian|220/269|[from] Recoil\n|move|p1a: Crawdaunt|Crabhammer|p2a: Persian\n|-damage|p2a: Persian|0 fnt\n|faint|p2a: Persian\n|\n|upkeep\n|\n|t:|1732969747\n|switch|p2a: Giratina|Giratina-Origin, L72|335/335\n|turn|16\n|\n|t:|1732969754\n|switch|p1a: Dragalge|Dragalge, L88, F|83/258\n|move|p2a: Giratina|Shadow Sneak|p1a: Dragalge\n|-damage|p1a: Dragalge|38/258\n|\n|upkeep\n|turn|17\n|\n|t:|1732969761\n|move|p2a: Giratina|Shadow Sneak|p1a: Dragalge\n|-crit|p1a: Dragalge\n|-damage|p1a: Dragalge|0 fnt\n|faint|p1a: Dragalge\n|\n|upkeep\n|\n|t:|1732969763\n|switch|p1a: Crawdaunt|Crawdaunt, L84, M|96/243\n|turn|18\n|\n|t:|1732969776\n|move|p2a: Giratina|Draco Meteor|p1a: Crawdaunt\n|-damage|p1a: Crawdaunt|0 fnt\n|-unboost|p2a: Giratina|spa|2\n|faint|p1a: Crawdaunt\n|\n|upkeep\n|\n|t:|1732969783\n|switch|p1a: Rillaboom|Rillaboom, L79, M|288/288\n|-fieldstart|move: Grassy Terrain|[from] ability: Grassy Surge|[of] p1a: Rillaboom\n|turn|19\n|\n|t:|1732969788\n|move|p1a: Rillaboom|Swords Dance|p1a: Rillaboom\n|-boost|p1a: Rillaboom|atk|2\n|move|p2a: Giratina|Defog|p1a: Rillaboom\n|-unboost|p1a: Rillaboom|evasion|1\n|-fieldend|move: Grassy Terrain\n|\n|upkeep\n|turn|20\n|\n|t:|1732969796\n|move|p2a: Giratina|Shadow Sneak|p1a: Rillaboom\n|-damage|p1a: Rillaboom|245/288\n|move|p1a: Rillaboom|Swords Dance|p1a: Rillaboom\n|-boost|p1a: Rillaboom|atk|2\n|\n|upkeep\n|turn|21\n|\n|t:|1732969805\n|move|p1a: Rillaboom|Swords Dance|p1a: Rillaboom\n|-boost|p1a: Rillaboom|atk|2\n|move|p2a: Giratina|Poltergeist|p1a: Rillaboom\n|-activate|p1a: Rillaboom|move: Poltergeist|Life Orb\n|-damage|p1a: Rillaboom|125/288\n|\n|upkeep\n|turn|22\n|\n|t:|1732969812\n|move|p1a: Rillaboom|Wood Hammer|p2a: Giratina\n|-resisted|p2a: Giratina\n|-damage|p2a: Giratina|0 fnt\n|faint|p2a: Giratina\n|-damage|p1a: Rillaboom|14/288|[from] Recoil\n|-damage|p1a: Rillaboom|0 fnt|[from] item: Life Orb\n|faint|p1a: Rillaboom\n|\n|win|f665thh\n|raw|f665thh's rating: 1000 &rarr; <strong>1040</strong><br />(+40 for winning)\n|raw|dkllionellstinkt's rating: 1004 &rarr; <strong>1000</strong><br />(-4 for losing)\n|l|\u2606f665thh\n|player|p1|\n|c|\u2606dkllionellstinkt|gg :c\n", "inputlog": ">version b107d77f5c90bd6555267ae244a6264823309ead\n>start {\"formatid\":\"gen9randombattle\",\"seed\":[41289,43092,39631,14886],\"rated\":\"Rated battle\"}\n>player p1 {\"name\":\"f665thh\",\"avatar\":\"blue\",\"rating\":1000,\"seed\":[49080,24644,53602,55794]}\n>player p2 {\"name\":\"dkllionellstinkt\",\"avatar\":\"pokemaniac\",\"rating\":1004,\"seed\":[30535,28130,15866,57343]}\n>p1 move sludgewave\n>p2 move spore\n>p1 switch 5\n>p2 move closecombat\n>p1 move uturn\n>p2 move suckerpunch\n>p1 switch 5\n>p1 move sludgewave\n>p2 move closecombat\n>p2 switch 3\n>p1 move sludgewave\n>p2 move calmmind\n>p1 move sludgewave\n>p2 move moonblast\n>p2 switch 6\n>p1 switch 2\n>p2 move fakeout\n>p1 move irondefense\n>p2 move uturn\n>p2 switch 5\n>p1 move bodypress\n>p2 move swordsdance\n>p1 move bodypress\n>p2 move swordsdance\n>p1 move bodypress\n>p2 move petalblizzard\n>p2 switch 4\n>p1 move irondefense\n>p2 move megahorn\n>p1 move rest\n>p2 move megahorn\n>chat \u2606dkllionellstinkt|gg yi\n>p1 switch 3\n>p1 move crabhammer\n>p2 move megahorn\n>chat \u2606dkllionellstinkt|gg*\n>chat \u2606dkllionellstinkt|:c\n>p2 switch 5\n>p1 move crabhammer\n>p2 move doubleedge\n>p2 switch 2\n>p1 switch 2\n>p2 move shadowsneak\n>p1 move dracometeor\n>p2 move shadowsneak\n>p1 switch 2\n>p1 move knockoff\n>p2 move dracometeor\n>p1 switch 6\n>p1 move swordsdance\n>p2 move defog\n>p1 move swordsdance\n>p2 move shadowsneak\n>p1 move swordsdance\n>p2 move poltergeist\n>p1 move woodhammer\n>p2 move poltergeist", "uploadtime": 1732969819, "views": 1, "formatid": "gen9randombattle", "rating": 1000, "private": 0, "password": null}