{"id": "gen9randombattle-2253805053", "format": "[Gen 9] Random Battle", "players": ["17rndl", "SamoanHeIsnt"], "log": "|j|\u260617rndl\n|j|\u2606SamoanHeIsnt\n|t:|1732940924\n|gametype|singles\n|player|p1|17rndl|swimmer-gen4|1576\n|player|p2|SamoanHeIsnt|170|1587\n|teamsize|p1|6\n|teamsize|p2|6\n|gen|9\n|tier|[Gen 9] Random Battle\n|rated|\n|rule|Species Clause: Limit one of each Pok\u00e9mon\n|rule|HP Percentage Mod: HP is shown in percentages\n|rule|Sleep Clause Mod: Limit one foe put to sleep\n|rule|Illusion Level Mod: Illusion disguises the Pok\u00e9mon's true level\n|\n|t:|1732940924\n|start\n|switch|p1a: Porygon2|Porygon2, L82|274/274\n|switch|p2a: Dondozo|Dondozo, L78, F|362/362\n|-ability|p1a: Porygon2|Download|boost\n|-boost|p1a: Porygon2|spa|1\n|turn|1\n|inactive|Battle timer is ON: inactive players will automatically lose when time's up. (requested by 17rndl)\n|\n|t:|1732940938\n|move|p1a: Porygon2|Thunder Wave|p2a: Dondozo\n|-status|p2a: Dondozo|par\n|move|p2a: Dondozo|Curse|p2a: Dondozo\n|-unboost|p2a: Dondozo|spe|1\n|-boost|p2a: Dondozo|atk|1\n|-boost|p2a: Dondozo|def|1\n|\n|upkeep\n|turn|2\n|inactive|17rndl has 120 seconds left.\n|\n|t:|1732940974\n|move|p1a: Porygon2|Shadow Ball|p2a: Dondozo\n|-damage|p2a: Dondozo|286/362 par\n|move|p2a: Dondozo|Wave Crash|p1a: Porygon2\n|-crit|p1a: Porygon2\n|-damage|p1a: Porygon2|94/274\n|-damage|p2a: Dondozo|227/362 par|[from] Recoil\n|\n|-heal|p2a: Dondozo|249/362 par|[from] item: Leftovers\n|upkeep\n|turn|3\n|\n|t:|1732940984\n|move|p1a: Porygon2|Recover|p1a: Porygon2\n|-heal|p1a: Porygon2|231/274\n|move|p2a: Dondozo|Wave Crash|p1a: Porygon2\n|-damage|p1a: Porygon2|114/274\n|-damage|p2a: Dondozo|210/362 par|[from] Recoil\n|\n|-heal|p2a: Dondozo|232/362 par|[from] item: Leftovers\n|upkeep\n|turn|4\n|\n|t:|1732940993\n|move|p1a: Porygon2|Recover|p1a: Porygon2\n|-heal|p1a: Porygon2|251/274\n|move|p2a: Dondozo|Curse|p2a: Dondozo\n|-unboost|p2a: Dondozo|spe|1\n|-boost|p2a: Dondozo|atk|1\n|-boost|p2a: Dondozo|def|1\n|\n|-heal|p2a: Dondozo|254/362 par|[from] item: Leftovers\n|upkeep\n|turn|5\n|\n|t:|1732941002\n|move|p1a: Porygon2|Shadow Ball|p2a: Dondozo\n|-damage|p2a: Dondozo|181/362 par\n|move|p2a: Dondozo|Rest|p2a: Dondozo\n|-status|p2a: Dondozo|slp|[from] move: Rest\n|-heal|p2a: Dondozo|362/362 slp|[silent]\n|\n|upkeep\n|turn|6\n|\n|t:|1732941012\n|switch|p1a: Luvdisc|Luvdisc, F|247/247\n|cant|p2a: Dondozo|slp\n|move|p2a: Dondozo|Sleep Talk|p2a: Dondozo\n|move|p2a: Dondozo|Wave Crash|p1a: Luvdisc|[from]move: Sleep Talk\n|-resisted|p1a: Luvdisc\n|-damage|p1a: Luvdisc|103/247\n|-damage|p2a: Dondozo|314/362 slp|[from] Recoil\n|\n|-heal|p2a: Dondozo|336/362 slp|[from] item: Leftovers\n|upkeep\n|turn|7\n|\n|t:|1732941028\n|switch|p2a: Volcanion|Volcanion, L79|255/255\n|move|p1a: Luvdisc|Substitute|p1a: Luvdisc\n|-start|p1a: Luvdisc|Substitute\n|-damage|p1a: Luvdisc|42/247\n|\n|upkeep\n|turn|8\n|\n|t:|1732941038\n|move|p1a: Luvdisc|Endeavor|p2a: Volcanion\n|-damage|p2a: Volcanion|42/255\n|move|p2a: Volcanion|Steam Eruption|p1a: Luvdisc\n|-resisted|p1a: Luvdisc\n|-end|p1a: Luvdisc|Substitute\n|\n|upkeep\n|turn|9\n|\n|t:|1732941050\n|switch|p1a: Slowbro|Slowbro, L85, M|300/300\n|move|p2a: Volcanion|Steam Eruption|p1a: Slowbro|[miss]\n|-miss|p2a: Volcanion|p1a: Slowbro\n|\n|upkeep\n|turn|10\n|\n|t:|1732941063\n|switch|p2a: Ninetales|Ninetales-Alola, L78, F|242/242\n|-weather|Snow|[from] ability: Snow Warning|[of] p2a: Ninetales\n|move|p1a: Slowbro|Thunder Wave|p2a: Ninetales\n|-status|p2a: Ninetales|par\n|\n|-weather|Snow|[upkeep]\n|upkeep\n|turn|11\n|\n|t:|1732941078\n|switch|p1a: Sableye|Sableye, L90, F|236/236\n|move|p2a: Ninetales|Aurora Veil|p2a: Ninetales\n|-sidestart|p2: SamoanHeIsnt|move: Aurora Veil\n|\n|-weather|Snow|[upkeep]\n|upkeep\n|turn|12\n|\n|t:|1732941091\n|switch|p2a: Dondozo|Dondozo, L78, F|336/362 slp\n|move|p1a: Sableye|Knock Off|p2a: Dondozo\n|-damage|p2a: Dondozo|295/362 slp\n|-enditem|p2a: Dondozo|Leftovers|[from] move: Knock Off|[of] p1a: Sableye\n|\n|-weather|Snow|[upkeep]\n|upkeep\n|turn|13\n|\n|t:|1732941101\n|switch|p1a: Slowbro|Slowbro, L85, M|300/300\n|cant|p2a: Dondozo|slp\n|move|p2a: Dondozo|Sleep Talk|p2a: Dondozo\n|move|p2a: Dondozo|Wave Crash|p1a: Slowbro|[from]move: Sleep Talk\n|-resisted|p1a: Slowbro\n|-damage|p1a: Slowbro|253/300\n|-damage|p2a: Dondozo|279/362 slp|[from] Recoil\n|\n|-weather|Snow|[upkeep]\n|-heal|p1a: Slowbro|271/300|[from] item: Leftovers\n|upkeep\n|turn|14\n|\n|t:|1732941114\n|move|p1a: Slowbro|Scald|p2a: Dondozo\n|-resisted|p2a: Dondozo\n|-damage|p2a: Dondozo|248/362 slp\n|-curestatus|p2a: Dondozo|slp|[msg]\n|move|p2a: Dondozo|Sleep Talk||[still]\n|-fail|p2a: Dondozo\n|\n|-weather|none\n|-heal|p1a: Slowbro|289/300|[from] item: Leftovers\n|upkeep\n|turn|15\n|\n|t:|1732941126\n|move|p1a: Slowbro|Thunder Wave|p2a: Dondozo\n|-status|p2a: Dondozo|par\n|cant|p2a: Dondozo|par\n|\n|-heal|p1a: Slowbro|300/300|[from] item: Leftovers\n|upkeep\n|turn|16\n|\n|t:|1732941134\n|move|p1a: Slowbro|Psyshock|p2a: Dondozo\n|-damage|p2a: Dondozo|207/362 par\n|cant|p2a: Dondozo|par\n|\n|upkeep\n|turn|17\n|\n|t:|1732941140\n|move|p1a: Slowbro|Scald|p2a: Dondozo\n|-resisted|p2a: Dondozo\n|-damage|p2a: Dondozo|175/362 par\n|move|p2a: Dondozo|Curse|p2a: Dondozo\n|-unboost|p2a: Dondozo|spe|1\n|-boost|p2a: Dondozo|atk|1\n|-boost|p2a: Dondozo|def|1\n|\n|upkeep\n|turn|18\n|\n|t:|1732941152\n|switch|p1a: Sableye|Sableye, L90, F|236/236\n|cant|p2a: Dondozo|par\n|\n|-sideend|p2: SamoanHeIsnt|move: Aurora Veil\n|upkeep\n|turn|19\n|\n|t:|1732941159\n|switch|p2a: Ninetales|Ninetales-Alola, L78, F|242/242 par\n|-weather|Snow|[from] ability: Snow Warning|[of] p2a: Ninetales\n|move|p1a: Sableye|Encore||[still]\n|-fail|p1a: Sableye\n|\n|-weather|Snow|[upkeep]\n|upkeep\n|turn|20\n|\n|t:|1732941169\n|switch|p1a: Luvdisc|Luvdisc, F|42/247\n|move|p2a: Ninetales|Aurora Veil|p2a: Ninetales\n|-sidestart|p2: SamoanHeIsnt|move: Aurora Veil\n|\n|-weather|Snow|[upkeep]\n|upkeep\n|turn|21\n|\n|t:|1732941175\n|switch|p2a: Volcanion|Volcanion, L79|42/255\n|move|p1a: Luvdisc|Endeavor|p2a: Volcanion\n|-immune|p2a: Volcanion\n|\n|-weather|Snow|[upkeep]\n|upkeep\n|turn|22\n|\n|t:|1732941183\n|switch|p1a: Slowbro|Slowbro, L85, M|300/300\n|move|p2a: Volcanion|Sludge Bomb|p1a: Slowbro\n|-damage|p1a: Slowbro|228/300\n|-status|p1a: Slowbro|psn\n|\n|-weather|Snow|[upkeep]\n|-heal|p1a: Slowbro|246/300 psn|[from] item: Leftovers\n|-damage|p1a: Slowbro|209/300 psn|[from] psn\n|upkeep\n|turn|23\n|\n|t:|1732941194\n|switch|p2a: Ninetales|Ninetales-Alola, L78, F|242/242 par\n|move|p1a: Slowbro|Psyshock|p2a: Ninetales\n|-damage|p2a: Ninetales|209/242 par\n|\n|-weather|none\n|-heal|p1a: Slowbro|227/300 psn|[from] item: Leftovers\n|-damage|p1a: Slowbro|190/300 psn|[from] psn\n|upkeep\n|turn|24\n|\n|t:|1732941204\n|cant|p2a: Ninetales|par\n|move|p1a: Slowbro|Scald|p2a: Ninetales\n|-damage|p2a: Ninetales|164/242 par\n|\n|-heal|p1a: Slowbro|208/300 psn|[from] item: Leftovers\n|-damage|p1a: Slowbro|171/300 psn|[from] psn\n|upkeep\n|turn|25\n|\n|t:|1732941213\n|cant|p2a: Ninetales|par\n|move|p1a: Slowbro|Psyshock|p2a: Ninetales\n|-damage|p2a: Ninetales|106/242 par\n|\n|-heal|p1a: Slowbro|189/300 psn|[from] item: Leftovers\n|-damage|p1a: Slowbro|152/300 psn|[from] psn\n|upkeep\n|turn|26\n|\n|t:|1732941221\n|move|p2a: Ninetales|Freeze-Dry|p1a: Slowbro\n|-supereffective|p1a: Slowbro\n|-damage|p1a: Slowbro|26/300 psn\n|move|p1a: Slowbro|Slack Off|p1a: Slowbro\n|-heal|p1a: Slowbro|176/300 psn\n|\n|-heal|p1a: Slowbro|194/300 psn|[from] item: Leftovers\n|-damage|p1a: Slowbro|157/300 psn|[from] psn\n|upkeep\n|turn|27\n|\n|t:|1732941231\n|move|p2a: Ninetales|Moonblast|p1a: Slowbro\n|-damage|p1a: Slowbro|70/300 psn\n|-unboost|p1a: Slowbro|spa|1\n|move|p1a: Slowbro|Slack Off|p1a: Slowbro\n|-heal|p1a: Slowbro|220/300 psn\n|\n|-heal|p1a: Slowbro|238/300 psn|[from] item: Leftovers\n|-damage|p1a: Slowbro|201/300 psn|[from] psn\n|-sideend|p2: SamoanHeIsnt|move: Aurora Veil\n|upkeep\n|turn|28\n|\n|t:|1732941242\n|switch|p2a: Dondozo|Dondozo, L78, F|175/362 par\n|move|p1a: Slowbro|Psyshock|p2a: Dondozo\n|-damage|p2a: Dondozo|91/362 par\n|\n|-heal|p1a: Slowbro|219/300 psn|[from] item: Leftovers\n|-damage|p1a: Slowbro|182/300 psn|[from] psn\n|upkeep\n|turn|29\n|\n|t:|1732941251\n|switch|p1a: Luvdisc|Luvdisc, F|42/247\n|move|p2a: Dondozo|Rest|p2a: Dondozo\n|-status|p2a: Dondozo|slp|[from] move: Rest\n|-heal|p2a: Dondozo|362/362 slp|[silent]\n|\n|upkeep\n|turn|30\n|\n|t:|1732941258\n|switch|p2a: Volcanion|Volcanion, L79|42/255\n|move|p1a: Luvdisc|Endeavor|p2a: Volcanion\n|-immune|p2a: Volcanion\n|\n|upkeep\n|turn|31\n|\n|t:|1732941266\n|switch|p1a: Slowbro|Slowbro, L85, M|282/300 psn\n|move|p2a: Volcanion|Sludge Bomb|p1a: Slowbro\n|-damage|p1a: Slowbro|210/300 psn\n|\n|-heal|p1a: Slowbro|228/300 psn|[from] item: Leftovers\n|-damage|p1a: Slowbro|191/300 psn|[from] psn\n|upkeep\n|turn|32\n|\n|t:|1732941275\n|switch|p2a: Ninetales|Ninetales-Alola, L78, F|106/242 par\n|-weather|Snow|[from] ability: Snow Warning|[of] p2a: Ninetales\n|move|p1a: Slowbro|Psyshock|p2a: Ninetales\n|-damage|p2a: Ninetales|36/242 par\n|\n|-weather|Snow|[upkeep]\n|-heal|p1a: Slowbro|209/300 psn|[from] item: Leftovers\n|-damage|p1a: Slowbro|172/300 psn|[from] psn\n|upkeep\n|turn|33\n|\n|t:|1732941286\n|move|p2a: Ninetales|Aurora Veil|p2a: Ninetales\n|-sidestart|p2: SamoanHeIsnt|move: Aurora Veil\n|move|p1a: Slowbro|Psyshock|p2a: Ninetales\n|-damage|p2a: Ninetales|0 fnt\n|faint|p2a: Ninetales\n|\n|-weather|Snow|[upkeep]\n|-heal|p1a: Slowbro|190/300 psn|[from] item: Leftovers\n|-damage|p1a: Slowbro|153/300 psn|[from] psn\n|upkeep\n|\n|t:|1732941299\n|switch|p2a: Sunflora|Sunflora, M|312/312\n|turn|34\n|\n|t:|1732941313\n|switch|p1a: Porygon2|Porygon2, L82|251/274\n|-ability|p1a: Porygon2|Download|boost\n|-boost|p1a: Porygon2|atk|1\n|move|p2a: Sunflora|Sunny Day|p2a: Sunflora\n|-weather|SunnyDay\n|\n|-weather|SunnyDay|[upkeep]\n|upkeep\n|turn|35\n|\n|t:|1732941323\n|move|p2a: Sunflora|Solar Beam||[still]\n|-prepare|p2a: Sunflora|Solar Beam\n|-anim|p2a: Sunflora|Solar Beam|p1a: Porygon2\n|-crit|p1a: Porygon2\n|-damage|p1a: Porygon2|25/274\n|-damage|p2a: Sunflora|281/312|[from] item: Life Orb\n|move|p1a: Porygon2|Thunder Wave|p2a: Sunflora|[miss]\n|-miss|p1a: Porygon2|p2a: Sunflora\n|\n|-weather|SunnyDay|[upkeep]\n|upkeep\n|turn|36\n|inactive|17rndl has 120 seconds left.\n|\n|t:|1732941383\n|move|p2a: Sunflora|Solar Beam||[still]\n|-prepare|p2a: Sunflora|Solar Beam\n|-anim|p2a: Sunflora|Solar Beam|p1a: Porygon2\n|-damage|p1a: Porygon2|0 fnt\n|faint|p1a: Porygon2\n|-damage|p2a: Sunflora|250/312|[from] item: Life Orb\n|\n|-weather|SunnyDay|[upkeep]\n|upkeep\n|\n|t:|1732941384\n|switch|p1a: Luvdisc|Luvdisc, F|42/247\n|turn|37\n|\n|t:|1732941395\n|switch|p2a: Volcanion|Volcanion, L79|42/255\n|move|p1a: Luvdisc|Endeavor|p2a: Volcanion\n|-immune|p2a: Volcanion\n|\n|-weather|SunnyDay|[upkeep]\n|upkeep\n|turn|38\n|\n|t:|1732941406\n|switch|p1a: Slowbro|Slowbro, L85, M|253/300 psn\n|switch|p2a: Sunflora|Sunflora, M|250/312\n|\n|-weather|none\n|-heal|p1a: Slowbro|271/300 psn|[from] item: Leftovers\n|-damage|p1a: Slowbro|234/300 psn|[from] psn\n|upkeep\n|turn|39\n|inactive|17rndl has 120 seconds left.\n|\n|t:|1732941417\n|move|p2a: Sunflora|Sunny Day|p2a: Sunflora\n|-weather|SunnyDay\n|move|p1a: Slowbro|Thunder Wave|p2a: Sunflora\n|-status|p2a: Sunflora|par\n|\n|-weather|SunnyDay|[upkeep]\n|-heal|p1a: Slowbro|252/300 psn|[from] item: Leftovers\n|-damage|p1a: Slowbro|215/300 psn|[from] psn\n|upkeep\n|turn|40\n|inactive|17rndl has 120 seconds left.\n|\n|t:|1732941438\n|move|p2a: Sunflora|Solar Beam||[still]\n|-prepare|p2a: Sunflora|Solar Beam\n|-anim|p2a: Sunflora|Solar Beam|p1a: Slowbro\n|-supereffective|p1a: Slowbro\n|-crit|p1a: Slowbro\n|-damage|p1a: Slowbro|0 fnt\n|faint|p1a: Slowbro\n|-damage|p2a: Sunflora|219/312 par|[from] item: Life Orb\n|\n|-weather|SunnyDay|[upkeep]\n|-sideend|p2: SamoanHeIsnt|move: Aurora Veil\n|upkeep\n|\n|t:|1732941440\n|switch|p1a: Minior|Minior-Orange, L79|224/224\n|-formechange|p1a: Minior|Minior-Meteor||[from] ability: Shields Down\n|turn|41\n|inactive|17rndl has 120 seconds left.\n|\n|t:|1732941453\n|move|p1a: Minior|Shell Smash|p1a: Minior\n|-unboost|p1a: Minior|def|1\n|-unboost|p1a: Minior|spd|1\n|-boost|p1a: Minior|atk|2\n|-boost|p1a: Minior|spa|2\n|-boost|p1a: Minior|spe|2\n|-enditem|p1a: Minior|White Herb\n|-clearnegativeboost|p1a: Minior|[silent]\n|move|p2a: Sunflora|Solar Beam||[still]\n|-prepare|p2a: Sunflora|Solar Beam\n|-anim|p2a: Sunflora|Solar Beam|p1a: Minior\n|-damage|p1a: Minior|0 fnt\n|faint|p1a: Minior\n|-damage|p2a: Sunflora|188/312 par|[from] item: Life Orb\n|\n|-weather|SunnyDay|[upkeep]\n|upkeep\n|\n|t:|1732941455\n|switch|p1a: Tauros|Tauros, L82, M|257/257\n|turn|42\n|\n|t:|1732941469\n|move|p1a: Tauros|Body Slam|p2a: Sunflora\n|-crit|p2a: Sunflora\n|-damage|p2a: Sunflora|0 fnt\n|faint|p2a: Sunflora\n|\n|-weather|SunnyDay|[upkeep]\n|upkeep\n|\n|t:|1732941480\n|switch|p2a: Dondozo|Dondozo, L78, F|362/362 slp\n|turn|43\n|\n|t:|1732941485\n|switch|p1a: Luvdisc|Luvdisc, F|42/247\n|cant|p2a: Dondozo|slp\n|move|p2a: Dondozo|Sleep Talk|p2a: Dondozo\n|move|p2a: Dondozo|Rest||[from]move: Sleep Talk|[still]\n|-fail|p2a: Dondozo\n|\n|-weather|none\n|upkeep\n|turn|44\n|\n|t:|1732941495\n|switch|p1a: Tauros|Tauros, L82, M|257/257\n|switch|p2a: Volcanion|Volcanion, L79|42/255\n|\n|upkeep\n|turn|45\n|\n|t:|1732941502\n|switch|p2a: Dondozo|Dondozo, L78, F|362/362 slp\n|move|p1a: Tauros|Body Slam|p2a: Dondozo\n|-damage|p2a: Dondozo|226/362 slp\n|\n|upkeep\n|turn|46\n|\n|t:|1732941510\n|-terastallize|p1a: Tauros|Normal\n|move|p1a: Tauros|Body Slam|p2a: Dondozo\n|-damage|p2a: Dondozo|52/362 slp\n|cant|p2a: Dondozo|slp\n|move|p2a: Dondozo|Sleep Talk|p2a: Dondozo\n|move|p2a: Dondozo|Curse|p2a: Dondozo|[from]move: Sleep Talk\n|-unboost|p2a: Dondozo|spe|1\n|-boost|p2a: Dondozo|atk|1\n|-boost|p2a: Dondozo|def|1\n|\n|upkeep\n|turn|47\n|\n|t:|1732941522\n|move|p1a: Tauros|Body Slam|p2a: Dondozo\n|-damage|p2a: Dondozo|0 fnt\n|faint|p2a: Dondozo\n|\n|upkeep\n|\n|t:|1732941533\n|switch|p2a: Clodsire|Clodsire, L81, M|343/343\n|turn|48\n|\n|t:|1732941541\n|move|p1a: Tauros|Body Slam|p2a: Clodsire\n|-damage|p2a: Clodsire|70/343\n|move|p2a: Clodsire|Gunk Shot|p1a: Tauros\n|-damage|p1a: Tauros|167/257\n|\n|-heal|p2a: Clodsire|91/343|[from] item: Leftovers\n|upkeep\n|turn|49\n|\n|t:|1732941550\n|move|p1a: Tauros|Body Slam|p2a: Clodsire\n|-damage|p2a: Clodsire|0 fnt\n|faint|p2a: Clodsire\n|\n|upkeep\n|\n|t:|1732941556\n|switch|p2a: Arceus|Arceus-Grass, L72|292/292\n|turn|50\n|\n|t:|1732941561\n|move|p1a: Tauros|Body Slam|p2a: Arceus\n|-damage|p2a: Arceus|105/292\n|move|p2a: Arceus|Judgment|p1a: Tauros\n|-damage|p1a: Tauros|38/257\n|\n|upkeep\n|turn|51\n|-message|SamoanHeIsnt forfeited.\n|\n|win|17rndl\n|raw|17rndl's rating: 1576 &rarr; <strong>1597</strong><br />(+21 for winning)\n|raw|SamoanHeIsnt's rating: 1587 &rarr; <strong>1566</strong><br />(-21 for losing)\n|l|\u2606SamoanHeIsnt\n|player|p2|\n", "inputlog": ">version b107d77f5c90bd6555267ae244a6264823309ead\n>start {\"formatid\":\"gen9randombattle\",\"seed\":[734,19038,11069,41259],\"rated\":\"Rated battle\"}\n>player p1 {\"name\":\"17rndl\",\"avatar\":\"swimmer-gen4\",\"rating\":1576,\"seed\":[61100,6300,56223,8165]}\n>player p2 {\"name\":\"SamoanHeIsnt\",\"avatar\":\"170\",\"rating\":1587,\"seed\":[48295,57854,21500,53431]}\n>p1 move thunderwave\n>p2 move curse\n>p1 move shadowball\n>p2 move wavecrash\n>p1 move recover\n>p2 move wavecrash\n>p1 move recover\n>p2 move curse\n>p1 move shadowball\n>p2 move rest\n>p1 switch 3\n>p2 move sleeptalk\n>p1 move substitute\n>p2 switch 6\n>p1 move endeavor\n>p2 move steameruption\n>p1 switch 2\n>p2 move steameruption\n>p1 move thunderwave\n>p2 switch 5\n>p1 switch 5\n>p2 move auroraveil\n>p1 move knockoff\n>p2 switch 6\n>p1 switch 5\n>p2 move sleeptalk\n>p1 move scald\n>p2 move sleeptalk\n>p1 move thunderwave\n>p2 move curse\n>p1 move psyshock\n>p2 move curse\n>p1 move scald\n>p2 move curse\n>p1 switch 5\n>p2 move rest\n>p1 move encore\n>p2 switch 6\n>p1 switch 2\n>p2 move auroraveil\n>p1 move endeavor\n>p2 switch 5\n>p1 switch 5\n>p2 move sludgebomb\n>p1 move psyshock\n>p2 switch 5\n>p1 move scald\n>p2 move freezedry\n>p1 move psyshock\n>p2 move freezedry\n>p1 move slackoff\n>p2 move freezedry\n>p1 move slackoff\n>p2 move moonblast\n>p1 move psyshock\n>p2 switch 6\n>p1 switch 5\n>p2 move rest\n>p1 move endeavor\n>p2 switch 5\n>p1 switch 5\n>p2 move sludgebomb\n>p1 move psyshock\n>p2 switch 6\n>p1 move psyshock\n>p2 move auroraveil\n>p2 switch 2\n>p1 switch 3\n>p2 move sunnyday\n>p1 move thunderwave\n>p2 move solarbeam\n>p1 move thunderwave\n>p2 move solarbeam\n>p1 switch 5\n>p1 move endeavor\n>p2 switch 6\n>p1 switch 3\n>p2 switch 6\n>p1 move thunderwave\n>p2 move sunnyday\n>p1 move psyshock\n>p2 move solarbeam\n>p1 switch 6\n>p1 move shellsmash\n>p2 move solarbeam\n>p1 switch 4\n>p1 move bodyslam\n>p2 move solarbeam\n>p2 switch 5\n>p1 switch 3\n>p2 move sleeptalk\n>p1 switch 3\n>p2 switch 6\n>p1 move bodyslam\n>p2 switch 6\n>p1 move bodyslam terastallize\n>p2 move sleeptalk\n>p1 move bodyslam\n>p2 move rest\n>p2 switch 4\n>p1 move bodyslam\n>p2 move gunkshot\n>p1 move bodyslam\n>p2 move gunkshot\n>p2 switch 3\n>p1 move bodyslam\n>p2 move judgment\n>forcelose p2", "uploadtime": 1732941576, "views": 28, "formatid": "gen9randombattle", "rating": 1566, "private": 0, "password": null}