{"id": "gen9randombattle-2253918758", "format": "[Gen 9] Random Battle", "players": ["Bleeman22222", "Jsjejwjsndndnd"], "log": "|j|\u203dBleeman22222\n|j|\u2606Jsjejwjsndndnd\n|t:|1732963667\n|gametype|singles\n|player|p1|Bleeman22222|266|1103\n|player|p2|Jsjejwjsndndnd|266|1046\n|teamsize|p1|6\n|teamsize|p2|6\n|gen|9\n|tier|[Gen 9] Random Battle\n|rated|\n|rule|Species Clause: Limit one of each Pok\u00e9mon\n|rule|HP Percentage Mod: HP is shown in percentages\n|rule|Sleep Clause Mod: Limit one foe put to sleep\n|rule|Illusion Level Mod: Illusion disguises the Pok\u00e9mon's true level\n|\n|t:|1732963667\n|start\n|switch|p1a: Breloom|Breloom, L82, M|233/233\n|switch|p2a: Tinkaton|Tinkaton, L82, F|274/274\n|-ability|p2a: Tinkaton|Mold Breaker\n|turn|1\n|inactive|Battle timer is ON: inactive players will automatically lose when time's up. (requested by Jsjejwjsndndnd)\n|\n|t:|1732963682\n|move|p2a: Tinkaton|Play Rough|p1a: Breloom\n|-supereffective|p1a: Breloom\n|-damage|p1a: Breloom|28/233\n|-damage|p2a: Tinkaton|247/274|[from] item: Life Orb\n|move|p1a: Breloom|Swords Dance|p1a: Breloom\n|-boost|p1a: Breloom|atk|2\n|\n|upkeep\n|turn|2\n|\n|t:|1732963692\n|move|p1a: Breloom|Mach Punch|p2a: Tinkaton\n|-damage|p2a: Tinkaton|31/274\n|-damage|p1a: Breloom|5/233|[from] item: Life Orb\n|move|p2a: Tinkaton|Knock Off|p1a: Breloom\n|-resisted|p1a: Breloom\n|-damage|p1a: Breloom|0 fnt\n|-enditem|p1a: Breloom|Life Orb|[from] move: Knock Off|[of] p2a: Tinkaton\n|faint|p1a: Breloom\n|-damage|p2a: Tinkaton|4/274|[from] item: Life Orb\n|\n|upkeep\n|\n|t:|1732963711\n|switch|p1a: Dodrio|Dodrio, L86, M|243/243\n|turn|3\n|\n|t:|1732963720\n|move|p1a: Dodrio|Double-Edge|p2a: Tinkaton\n|-resisted|p2a: Tinkaton\n|-damage|p2a: Tinkaton|0 fnt\n|faint|p2a: Tinkaton\n|-damage|p1a: Dodrio|242/243|[from] Recoil\n|\n|upkeep\n|\n|t:|1732963725\n|switch|p2a: Ogerpon|Ogerpon-Cornerstone, L76, F|247/247\n|turn|4\n|\n|t:|1732963739\n|switch|p1a: Dialga|Dialga-Origin, L73|266/266\n|-ability|p1a: Dialga|Pressure\n|move|p2a: Ogerpon|Ivy Cudgel|p1a: Dialga|[anim] Ivy Cudgel Rock\n|-resisted|p1a: Dialga\n|-damage|p1a: Dialga|209/266\n|\n|upkeep\n|turn|5\n|\n|t:|1732963751\n|switch|p2a: Donphan|Donphan, L84, M|288/288\n|move|p1a: Dialga|Thunder Wave|p2a: Donphan\n|-immune|p2a: Donphan\n|\n|upkeep\n|turn|6\n|\n|t:|1732963762\n|switch|p1a: Decidueye|Decidueye, L88, M|281/281\n|move|p2a: Donphan|Rapid Spin|p1a: Decidueye\n|-immune|p1a: Decidueye\n|\n|upkeep\n|turn|7\n|\n|t:|1732963772\n|move|p1a: Decidueye|Leaf Storm|p2a: Donphan\n|-supereffective|p2a: Donphan\n|-damage|p2a: Donphan|6/288\n|-unboost|p1a: Decidueye|spa|2\n|move|p2a: Donphan|Ice Spinner|p1a: Decidueye\n|-supereffective|p1a: Decidueye\n|-damage|p1a: Decidueye|143/281\n|\n|upkeep\n|turn|8\n|\n|t:|1732963788\n|move|p2a: Donphan|Ice Shard|p1a: Decidueye\n|-supereffective|p1a: Decidueye\n|-damage|p1a: Decidueye|63/281\n|move|p1a: Decidueye|Leaf Storm|p2a: Donphan\n|-supereffective|p2a: Donphan\n|-damage|p2a: Donphan|0 fnt\n|-unboost|p1a: Decidueye|spa|2\n|faint|p2a: Donphan\n|\n|upkeep\n|\n|t:|1732963808\n|switch|p2a: Ogerpon|Ogerpon-Cornerstone, L76, F|247/247\n|turn|9\n|\n|t:|1732963818\n|switch|p1a: Dialga|Dialga-Origin, L73|209/266\n|-ability|p1a: Dialga|Pressure\n|move|p2a: Ogerpon|Ivy Cudgel|p1a: Dialga|[anim] Ivy Cudgel Rock\n|-resisted|p1a: Dialga\n|-crit|p1a: Dialga\n|-damage|p1a: Dialga|122/266\n|\n|upkeep\n|turn|10\n|\n|t:|1732963831\n|move|p2a: Ogerpon|Superpower|p1a: Dialga\n|-supereffective|p1a: Dialga\n|-damage|p1a: Dialga|0 fnt\n|-unboost|p2a: Ogerpon|atk|1\n|-unboost|p2a: Ogerpon|def|1\n|faint|p1a: Dialga\n|\n|upkeep\n|\n|t:|1732963841\n|switch|p1a: Magcargo|Magcargo, L95, F|268/268\n|turn|11\n|\n|t:|1732963850\n|move|p2a: Ogerpon|Ivy Cudgel|p1a: Magcargo|[anim] Ivy Cudgel Rock\n|-supereffective|p1a: Magcargo\n|-damage|p1a: Magcargo|152/268\n|move|p1a: Magcargo|Lava Plume|p2a: Ogerpon\n|-damage|p2a: Ogerpon|148/247\n|-status|p2a: Ogerpon|brn\n|\n|-damage|p2a: Ogerpon|133/247 brn|[from] brn\n|upkeep\n|turn|12\n|\n|t:|1732963864\n|move|p2a: Ogerpon|Ivy Cudgel|p1a: Magcargo|[anim] Ivy Cudgel Rock\n|-supereffective|p1a: Magcargo\n|-crit|p1a: Magcargo\n|-damage|p1a: Magcargo|28/268\n|move|p1a: Magcargo|Lava Plume|p2a: Ogerpon\n|-damage|p2a: Ogerpon|30/247 brn\n|\n|-damage|p2a: Ogerpon|15/247 brn|[from] brn\n|upkeep\n|turn|13\n|\n|t:|1732963879\n|switch|p1a: Decidueye|Decidueye, L88, M|63/281\n|move|p2a: Ogerpon|Ivy Cudgel|p1a: Decidueye|[anim] Ivy Cudgel Rock\n|-damage|p1a: Decidueye|21/281\n|\n|-damage|p2a: Ogerpon|0 fnt|[from] brn\n|faint|p2a: Ogerpon\n|upkeep\n|\n|t:|1732963891\n|switch|p2a: Pikachu|Pikachu-Partner, L93, M|216/216\n|turn|14\n|\n|t:|1732963903\n|move|p2a: Pikachu|Surf|p1a: Decidueye\n|-resisted|p1a: Decidueye\n|-damage|p1a: Decidueye|0 fnt\n|faint|p1a: Decidueye\n|\n|upkeep\n|\n|t:|1732963913\n|switch|p1a: Venomoth|Venomoth, L84, F|255/255\n|turn|15\n|\n|t:|1732963918\n|move|p2a: Pikachu|Volt Tackle|p1a: Venomoth\n|-damage|p1a: Venomoth|3/255\n|-damage|p2a: Pikachu|133/216|[from] Recoil\n|move|p1a: Venomoth|Sleep Powder|p2a: Pikachu\n|-status|p2a: Pikachu|slp|[from] move: Sleep Powder\n|\n|upkeep\n|turn|16\n|\n|t:|1732963932\n|-terastallize|p1a: Venomoth|Steel\n|cant|p2a: Pikachu|slp\n|move|p1a: Venomoth|Sleep Powder|p2a: Pikachu\n|-fail|p2a: Pikachu|slp\n|\n|upkeep\n|turn|17\n|\n|t:|1732963939\n|-curestatus|p2a: Pikachu|slp|[msg]\n|move|p2a: Pikachu|Surf|p1a: Venomoth\n|-damage|p1a: Venomoth|0 fnt\n|faint|p1a: Venomoth\n|\n|upkeep\n|\n|t:|1732963947\n|switch|p1a: Magcargo|Magcargo, L95, F|28/268\n|turn|18\n|\n|t:|1732963951\n|move|p2a: Pikachu|Surf|p1a: Magcargo\n|-supereffective|p1a: Magcargo\n|-damage|p1a: Magcargo|0 fnt\n|faint|p1a: Magcargo\n|\n|upkeep\n|-message|Bleeman22222 forfeited.\n|\n|win|Jsjejwjsndndnd\n|raw|Bleeman22222's rating: 1103 &rarr; <strong>1076</strong><br />(-27 for losing)\n|raw|Jsjejwjsndndnd's rating: 1075 &rarr; <strong>1106</strong><br />(+31 for winning)\n|l|\u203dBleeman22222\n|player|p1|\n", "inputlog": ">version b107d77f5c90bd6555267ae244a6264823309ead\n>start {\"formatid\":\"gen9randombattle\",\"seed\":[50576,10062,55874,15892],\"rated\":\"Rated battle\"}\n>player p1 {\"name\":\"Bleeman22222\",\"avatar\":\"266\",\"rating\":1103,\"seed\":[58969,16439,56179,48683]}\n>player p2 {\"name\":\"Jsjejwjsndndnd\",\"avatar\":\"266\",\"rating\":1046,\"seed\":[27615,37707,48003,54118]}\n>p1 move swordsdance\n>p2 move playrough\n>p1 move machpunch\n>p2 move knockoff\n>p1 switch 6\n>p1 move doubleedge\n>p2 move gigatonhammer\n>p2 switch 6\n>p1 switch 5\n>p2 move ivycudgel\n>p1 move thunderwave\n>p2 switch 5\n>p1 switch 4\n>p2 move rapidspin\n>p1 move leafstorm\n>p2 move icespinner\n>p1 move leafstorm\n>p2 move iceshard\n>p2 switch 5\n>p1 switch 4\n>p2 move ivycudgel\n>p1 move fireblast\n>p2 move superpower\n>p1 switch 2\n>p1 move lavaplume\n>p2 move ivycudgel\n>p1 move lavaplume\n>p2 move ivycudgel\n>p1 switch 4\n>p2 move ivycudgel\n>p2 switch 3\n>p1 move roost\n>p2 move surf\n>p1 switch 3\n>p1 move sleeppowder\n>p2 move volttackle\n>p1 move sleeppowder terastallize\n>p2 move surf\n>p1 move quiverdance\n>p2 move surf\n>p1 switch 4\n>p1 move recover\n>p2 move surf\n>forcelose p1", "uploadtime": 1732963958, "views": 1, "formatid": "gen9randombattle", "rating": 1076, "private": 0, "password": null}