{"id": "gen9randombattle-2253889249", "format": "[Gen 9] Random Battle", "players": ["sfwefew", "CertifiedRowletFan"], "log": "|j|\u2606sfwefew\n|j|\u2606CertifiedRowletFan\n|t:|1732957138\n|gametype|singles\n|player|p1|sfwefew|bruno|1171\n|player|p2|CertifiedRowletFan|camper|1126\n|teamsize|p1|6\n|teamsize|p2|6\n|gen|9\n|tier|[Gen 9] Random Battle\n|rated|\n|rule|Species Clause: Limit one of each Pok\u00e9mon\n|rule|HP Percentage Mod: HP is shown in percentages\n|rule|Sleep Clause Mod: Limit one foe put to sleep\n|rule|Illusion Level Mod: Illusion disguises the Pok\u00e9mon's true level\n|\n|t:|1732957138\n|start\n|switch|p1a: Plusle|Plusle, L95, F|268/268\n|switch|p2a: Pawmot|Pawmot, L80, M|243/243\n|turn|1\n|\n|t:|1732957148\n|move|p1a: Plusle|Nasty Plot|p1a: Plusle\n|-boost|p1a: Plusle|spa|2\n|move|p2a: Pawmot|Close Combat|p1a: Plusle\n|-damage|p1a: Plusle|0 fnt\n|-unboost|p2a: Pawmot|def|1\n|-unboost|p2a: Pawmot|spd|1\n|faint|p1a: Plusle\n|-damage|p2a: Pawmot|219/243|[from] item: Life Orb\n|\n|upkeep\n|\n|t:|1732957176\n|switch|p1a: Diancie|Diancie, L82|216/216\n|turn|2\n|\n|t:|1732957192\n|switch|p2a: Scrafty|Scrafty, L84, M|246/246\n|-terastallize|p1a: Diancie|Fairy\n|move|p1a: Diancie|Draining Kiss|p2a: Scrafty\n|-supereffective|p2a: Scrafty\n|-damage|p2a: Scrafty|0 fnt\n|faint|p2a: Scrafty\n|\n|upkeep\n|c|\u2606CertifiedRowletFan|Dang\n|\n|t:|1732957202\n|switch|p2a: Arbok|Arbok, L87, M|246/246\n|-ability|p2a: Arbok|Intimidate|boost\n|-fail|p1a: Diancie|unboost|[from] ability: Clear Body|[of] p1a: Diancie\n|turn|3\n|\n|t:|1732957211\n|move|p2a: Arbok|Coil|p2a: Arbok\n|-boost|p2a: Arbok|atk|1\n|-boost|p2a: Arbok|def|1\n|-boost|p2a: Arbok|accuracy|1\n|move|p1a: Diancie|Earth Power|p2a: Arbok\n|-supereffective|p2a: Arbok\n|-damage|p2a: Arbok|114/246\n|\n|-heal|p2a: Arbok|129/246|[from] item: Leftovers\n|upkeep\n|turn|4\n|\n|t:|1732957225\n|move|p2a: Arbok|Gunk Shot|p1a: Diancie\n|-supereffective|p1a: Diancie\n|-damage|p1a: Diancie|0 fnt\n|faint|p1a: Diancie\n|\n|-heal|p2a: Arbok|144/246|[from] item: Leftovers\n|upkeep\n|\n|t:|1732957233\n|switch|p1a: Electivire|Electivire, L84, F|263/263\n|turn|5\n|\n|t:|1732957238\n|move|p1a: Electivire|Earthquake|p2a: Arbok\n|-supereffective|p2a: Arbok\n|-damage|p2a: Arbok|0 fnt\n|faint|p2a: Arbok\n|-damage|p1a: Electivire|237/263|[from] item: Life Orb\n|\n|upkeep\n|\n|t:|1732957253\n|switch|p2a: Gardevoir|Gardevoir, L83, M|249/249\n|-ability|p2a: Gardevoir|Motor Drive|[from] ability: Trace|[of] p1a: Electivire\n|turn|6\n|\n|t:|1732957261\n|move|p2a: Gardevoir|Moonblast|p1a: Electivire\n|-damage|p1a: Electivire|117/263\n|move|p1a: Electivire|Knock Off|p2a: Gardevoir\n|-damage|p2a: Gardevoir|115/249\n|-enditem|p2a: Gardevoir|Choice Scarf|[from] move: Knock Off|[of] p1a: Electivire\n|-damage|p1a: Electivire|91/263|[from] item: Life Orb\n|\n|upkeep\n|turn|7\n|\n|t:|1732957269\n|move|p1a: Electivire|Supercell Slam|p2a: Gardevoir\n|-ability|p2a: Gardevoir|Motor Drive|boost\n|-boost|p2a: Gardevoir|spe|1\n|-damage|p1a: Electivire|0 fnt|[from] supercellslam\n|faint|p1a: Electivire\n|move|p2a: Gardevoir|Moonblast|p1: Electivire|[notarget]\n|-fail|p2a: Gardevoir\n|\n|upkeep\n|c|\u2606CertifiedRowletFan|Dang\n|\n|t:|1732957283\n|switch|p1a: Jumpluff|Jumpluff, L87, F|271/271\n|turn|8\n|\n|t:|1732957289\n|move|p2a: Gardevoir|Psyshock|p1a: Jumpluff\n|-damage|p1a: Jumpluff|147/271\n|move|p1a: Jumpluff|Leech Seed|p2a: Gardevoir\n|-start|p2a: Gardevoir|move: Leech Seed\n|\n|-damage|p2a: Gardevoir|84/249|[from] Leech Seed|[of] p1a: Jumpluff\n|-heal|p1a: Jumpluff|178/271|[silent]\n|upkeep\n|turn|9\n|\n|t:|1732957297\n|move|p2a: Gardevoir|Psyshock|p1a: Jumpluff\n|-damage|p1a: Jumpluff|66/271\n|move|p1a: Jumpluff|Strength Sap|p2a: Gardevoir\n|-unboost|p2a: Gardevoir|atk|1\n|-heal|p1a: Jumpluff|178/271\n|\n|-damage|p2a: Gardevoir|53/249|[from] Leech Seed|[of] p1a: Jumpluff\n|-heal|p1a: Jumpluff|209/271|[silent]\n|upkeep\n|turn|10\n|\n|t:|1732957308\n|move|p2a: Gardevoir|Psyshock|p1a: Jumpluff\n|-damage|p1a: Jumpluff|85/271\n|move|p1a: Jumpluff|Acrobatics|p2a: Gardevoir\n|-damage|p2a: Gardevoir|0 fnt\n|faint|p2a: Gardevoir\n|\n|upkeep\n|\n|t:|1732957312\n|switch|p2a: Pawmot|Pawmot, L80, M|219/243\n|turn|11\n|\n|t:|1732957320\n|move|p1a: Jumpluff|Acrobatics|p2a: Pawmot\n|-damage|p2a: Pawmot|126/243\n|move|p2a: Pawmot|Ice Punch|p1a: Jumpluff\n|-supereffective|p1a: Jumpluff\n|-damage|p1a: Jumpluff|0 fnt\n|faint|p1a: Jumpluff\n|-damage|p2a: Pawmot|102/243|[from] item: Life Orb\n|\n|upkeep\n|\n|t:|1732957327\n|switch|p1a: Heracross|Heracross, L80, F|259/259\n|turn|12\n|\n|t:|1732957332\n|move|p2a: Pawmot|Revival Blessing|p2a: Pawmot\n|\n|t:|1732957336\n|-heal|p2: Gardevoir|124/249|[from] move: Revival Blessing\n|move|p1a: Heracross|Trailblaze|p2a: Pawmot\n|-damage|p2a: Pawmot|48/243\n|-boost|p1a: Heracross|spe|1\n|\n|-status|p1a: Heracross|brn|[from] item: Flame Orb\n|upkeep\n|turn|13\n|\n|t:|1732957345\n|move|p1a: Heracross|Facade|p2a: Pawmot\n|-damage|p2a: Pawmot|0 fnt\n|faint|p2a: Pawmot\n|\n|-damage|p1a: Heracross|243/259 brn|[from] brn\n|upkeep\n|\n|t:|1732957351\n|switch|p2a: Iron Jugulis|Iron Jugulis, L78|275/275\n|turn|14\n|\n|t:|1732957363\n|move|p2a: Iron Jugulis|Hurricane|p1a: Heracross\n|-supereffective|p1a: Heracross\n|-damage|p1a: Heracross|0 fnt\n|faint|p1a: Heracross\n|\n|upkeep\n|\n|t:|1732957366\n|switch|p1a: Vivillon|Vivillon-Garden, L84, M|272/272\n|turn|15\n|\n|t:|1732957371\n|move|p2a: Iron Jugulis|Hurricane|p1a: Vivillon|[miss]\n|-miss|p2a: Iron Jugulis|p1a: Vivillon\n|move|p1a: Vivillon|Sleep Powder|p2a: Iron Jugulis\n|-status|p2a: Iron Jugulis|slp|[from] move: Sleep Powder\n|\n|upkeep\n|turn|16\n|\n|t:|1732957377\n|cant|p2a: Iron Jugulis|slp\n|move|p1a: Vivillon|Quiver Dance|p1a: Vivillon\n|-boost|p1a: Vivillon|spa|1\n|-boost|p1a: Vivillon|spd|1\n|-boost|p1a: Vivillon|spe|1\n|\n|upkeep\n|turn|17\n|c|\u2606CertifiedRowletFan|.....\n|\n|t:|1732957384\n|-curestatus|p2a: Iron Jugulis|slp|[msg]\n|move|p2a: Iron Jugulis|Hurricane|p1a: Vivillon\n|-supereffective|p1a: Vivillon\n|-damage|p1a: Vivillon|26/272\n|move|p1a: Vivillon|Quiver Dance|p1a: Vivillon\n|-boost|p1a: Vivillon|spa|1\n|-boost|p1a: Vivillon|spd|1\n|-boost|p1a: Vivillon|spe|1\n|\n|upkeep\n|turn|18\n|\n|t:|1732957399\n|move|p1a: Vivillon|Sleep Powder|p2a: Iron Jugulis\n|-status|p2a: Iron Jugulis|slp|[from] move: Sleep Powder\n|cant|p2a: Iron Jugulis|slp\n|\n|upkeep\n|turn|19\n|\n|t:|1732957406\n|move|p1a: Vivillon|Hurricane|p2a: Iron Jugulis\n|-crit|p2a: Iron Jugulis\n|-damage|p2a: Iron Jugulis|0 fnt\n|faint|p2a: Iron Jugulis\n|-end|p2a: Iron Jugulis|Quark Drive|[silent]\n|\n|upkeep\n|\n|t:|1732957415\n|switch|p2a: Hoopa|Hoopa, L85|275/275\n|turn|20\n|\n|t:|1732957419\n|move|p1a: Vivillon|Sleep Powder|p2a: Hoopa\n|-status|p2a: Hoopa|slp|[from] move: Sleep Powder\n|cant|p2a: Hoopa|slp\n|\n|upkeep\n|turn|21\n|\n|t:|1732957425\n|move|p1a: Vivillon|Hurricane|p2a: Hoopa\n|-damage|p2a: Hoopa|116/275 slp\n|cant|p2a: Hoopa|slp\n|\n|upkeep\n|turn|22\n|\n|t:|1732957432\n|move|p1a: Vivillon|Hurricane|p2a: Hoopa\n|-damage|p2a: Hoopa|0 fnt\n|faint|p2a: Hoopa\n|\n|upkeep\n|\n|t:|1732957434\n|switch|p2a: Gardevoir|Gardevoir, L83, M|124/249\n|-ability|p2a: Gardevoir|Compound Eyes|[from] ability: Trace|[of] p1a: Vivillon\n|turn|23\n|\n|t:|1732957440\n|move|p1a: Vivillon|Sleep Powder|p2a: Gardevoir\n|-status|p2a: Gardevoir|slp|[from] move: Sleep Powder\n|cant|p2a: Gardevoir|slp\n|\n|upkeep\n|turn|24\n|c|\u2606CertifiedRowletFan|Dang\n|\n|t:|1732957448\n|move|p1a: Vivillon|Hurricane|p2a: Gardevoir\n|-damage|p2a: Gardevoir|0 fnt\n|faint|p2a: Gardevoir\n|\n|win|sfwefew\n|raw|sfwefew's rating: 1171 &rarr; <strong>1193</strong><br />(+22 for winning)\n|raw|CertifiedRowletFan's rating: 1126 &rarr; <strong>1104</strong><br />(-22 for losing)\n|l|\u2606sfwefew\n|player|p1|\n", "inputlog": ">version b107d77f5c90bd6555267ae244a6264823309ead\n>start {\"formatid\":\"gen9randombattle\",\"seed\":[13536,14217,56384,27553],\"rated\":\"Rated battle\"}\n>player p1 {\"name\":\"sfwefew\",\"avatar\":\"bruno\",\"rating\":1171,\"seed\":[13466,1741,17442,51101]}\n>player p2 {\"name\":\"CertifiedRowletFan\",\"avatar\":\"camper\",\"rating\":1126,\"seed\":[23599,34921,12846,52002]}\n>p1 move nastyplot\n>p2 move closecombat\n>p1 switch 6\n>p1 move drainingkiss terastallize\n>p2 switch 2\n>chat \u2606CertifiedRowletFan|Dang\n>p2 switch 3\n>p1 move earthpower\n>p2 move coil\n>p1 move calmmind\n>p2 move gunkshot\n>p1 switch 3\n>p1 move earthquake\n>p2 move trailblaze\n>p2 switch 6\n>p1 move knockoff\n>p2 move moonblast\n>p1 move supercellslam\n>p2 move moonblast\n>chat \u2606CertifiedRowletFan|Dang\n>p1 switch 5\n>p1 move leechseed\n>p2 move psyshock\n>p1 move strengthsap\n>p2 move psyshock\n>p1 move acrobatics\n>p2 move psyshock\n>p2 switch 2\n>p1 move acrobatics\n>p2 move icepunch\n>p1 switch 4\n>p1 move trailblaze\n>p2 move revivalblessing\n>p2 switch 2\n>p1 move facade\n>p2 move doubleshock\n>p2 switch 5\n>p1 move facade\n>p2 move hurricane\n>p1 switch 2\n>p1 move sleeppowder\n>p2 move hurricane\n>p1 move quiverdance\n>p2 move hurricane\n>chat \u2606CertifiedRowletFan|.....\n>p1 move quiverdance\n>p2 move hurricane\n>p1 move sleeppowder\n>p2 move hurricane\n>p1 move hurricane\n>p2 move hurricane\n>p2 switch 4\n>p1 move sleeppowder\n>p2 move psychic\n>p1 move hurricane\n>p2 move psychic\n>p1 move hurricane\n>p2 move psychic\n>p2 switch 2\n>p1 move sleeppowder\n>p2 move psyshock\n>chat \u2606CertifiedRowletFan|Dang\n>p1 move hurricane\n>p2 move psyshock", "uploadtime": 1732957459, "views": 3, "formatid": "gen9randombattle", "rating": 1104, "private": 0, "password": null}