{"id": "gen9randombattle-2253828980", "format": "[Gen 9] Random Battle", "players": ["zeegull", "haxibril"], "log": "|j|\u2606zeegull\n|j|\u2606haxibril\n|t:|1732944773\n|gametype|singles\n|player|p1|zeegull|102|1263\n|player|p2|haxibril|hiker-gen4|1280\n|teamsize|p1|6\n|teamsize|p2|6\n|gen|9\n|tier|[Gen 9] Random Battle\n|rated|\n|rule|Species Clause: Limit one of each Pok\u00e9mon\n|rule|HP Percentage Mod: HP is shown in percentages\n|rule|Sleep Clause Mod: Limit one foe put to sleep\n|rule|Illusion Level Mod: Illusion disguises the Pok\u00e9mon's true level\n|\n|t:|1732944773\n|start\n|switch|p1a: Goodra|Goodra-Hisui, L82, M|219/219\n|switch|p2a: Heracross|Heracross, L80, M|259/259\n|turn|1\n|\n|t:|1732944807\n|move|p1a: Goodra|Nasty Plot|p1a: Goodra\n|-boost|p1a: Goodra|spa|2\n|move|p2a: Heracross|Close Combat|p1a: Goodra\n|-immune|p1a: Goodra\n|\n|-status|p2a: Heracross|brn|[from] item: Flame Orb\n|upkeep\n|turn|2\n|\n|t:|1732944864\n|-terastallize|p2a: Heracross|Normal\n|move|p1a: Goodra|Bitter Malice|p2a: Heracross\n|-immune|p2a: Heracross\n|move|p2a: Heracross|Knock Off|p1a: Goodra\n|-supereffective|p1a: Goodra\n|-damage|p1a: Goodra|0 fnt\n|replace|p1a: Zoroark|Zoroark-Hisui, L80, M\n|-end|p1a: Zoroark|Illusion\n|-hint|Illusion Level Mod is active, so this Pok\u00e9mon's true level was hidden.\n|-enditem|p1a: Zoroark|Life Orb|[from] move: Knock Off|[of] p2a: Heracross\n|faint|p1a: Zoroark\n|\n|-damage|p2a: Heracross|243/259 brn|[from] brn\n|upkeep\n|\n|t:|1732944884\n|switch|p1a: Ursaluna|Ursaluna, L79, F|335/335\n|turn|3\n|\n|t:|1732944894\n|move|p2a: Heracross|Close Combat|p1a: Ursaluna\n|-supereffective|p1a: Ursaluna\n|-damage|p1a: Ursaluna|0 fnt\n|-unboost|p2a: Heracross|def|1\n|-unboost|p2a: Heracross|spd|1\n|faint|p1a: Ursaluna\n|\n|-damage|p2a: Heracross|227/259 brn|[from] brn\n|upkeep\n|\n|t:|1732944901\n|switch|p1a: Giratina|Giratina, L75|349/349\n|-ability|p1a: Giratina|Pressure\n|turn|4\n|\n|t:|1732944908\n|move|p2a: Heracross|Knock Off|p1a: Giratina\n|-supereffective|p1a: Giratina\n|-damage|p1a: Giratina|129/349\n|-enditem|p1a: Giratina|Leftovers|[from] move: Knock Off|[of] p2a: Heracross\n|move|p1a: Giratina|Calm Mind|p1a: Giratina\n|-boost|p1a: Giratina|spa|1\n|-boost|p1a: Giratina|spd|1\n|\n|-damage|p2a: Heracross|211/259 brn|[from] brn\n|upkeep\n|turn|5\n|\n|t:|1732944921\n|-terastallize|p1a: Giratina|Fairy\n|move|p2a: Heracross|Knock Off|p1a: Giratina\n|-resisted|p1a: Giratina\n|-damage|p1a: Giratina|94/349\n|move|p1a: Giratina|Rest|p1a: Giratina\n|-status|p1a: Giratina|slp|[from] move: Rest\n|-heal|p1a: Giratina|349/349 slp|[silent]\n|\n|-damage|p2a: Heracross|195/259 brn|[from] brn\n|upkeep\n|turn|6\n|\n|t:|1732944949\n|move|p2a: Heracross|Facade|p1a: Giratina\n|-damage|p1a: Giratina|144/349 slp\n|cant|p1a: Giratina|slp\n|move|p1a: Giratina|Sleep Talk|p1a: Giratina\n|move|p1a: Giratina|Dragon Pulse|p2a: Heracross|[from]move: Sleep Talk\n|-damage|p2a: Heracross|29/259 brn\n|\n|-damage|p2a: Heracross|13/259 brn|[from] brn\n|upkeep\n|turn|7\n|\n|t:|1732944963\n|move|p2a: Heracross|Close Combat|p1a: Giratina\n|-resisted|p1a: Giratina\n|-damage|p1a: Giratina|58/349 slp\n|-unboost|p2a: Heracross|def|1\n|-unboost|p2a: Heracross|spd|1\n|cant|p1a: Giratina|slp\n|move|p1a: Giratina|Sleep Talk|p1a: Giratina\n|move|p1a: Giratina|Rest||[from]move: Sleep Talk|[still]\n|-fail|p1a: Giratina\n|\n|-damage|p2a: Heracross|0 fnt|[from] brn\n|faint|p2a: Heracross\n|upkeep\n|\n|t:|1732944988\n|switch|p2a: Stonjourner|Stonjourner, L91, F|330/330\n|turn|8\n|\n|t:|1732944998\n|move|p2a: Stonjourner|Earthquake|p1a: Giratina\n|-damage|p1a: Giratina|0 fnt\n|faint|p1a: Giratina\n|-damage|p2a: Stonjourner|297/330|[from] item: Life Orb\n|\n|upkeep\n|\n|t:|1732945006\n|switch|p1a: Rotom|Rotom-Mow, L86|226/226\n|turn|9\n|\n|t:|1732945031\n|move|p1a: Rotom|Leaf Storm|p2a: Stonjourner|[miss]\n|-miss|p1a: Rotom|p2a: Stonjourner\n|move|p2a: Stonjourner|Heat Crash|p1a: Rotom\n|-supereffective|p1a: Rotom\n|-damage|p1a: Rotom|0 fnt\n|faint|p1a: Rotom\n|-damage|p2a: Stonjourner|264/330|[from] item: Life Orb\n|\n|upkeep\n|\n|t:|1732945040\n|switch|p1a: Goodra|Goodra-Hisui, L82, M|265/265\n|turn|10\n|\n|t:|1732945046\n|move|p2a: Stonjourner|Earthquake|p1a: Goodra\n|-supereffective|p1a: Goodra\n|-damage|p1a: Goodra|18/265\n|-damage|p2a: Stonjourner|231/330|[from] item: Life Orb\n|move|p1a: Goodra|Heavy Slam|p2a: Stonjourner\n|-supereffective|p2a: Stonjourner\n|-damage|p2a: Stonjourner|175/330\n|\n|upkeep\n|turn|11\n|\n|t:|1732945057\n|move|p2a: Stonjourner|Earthquake|p1a: Goodra\n|-supereffective|p1a: Goodra\n|-damage|p1a: Goodra|0 fnt\n|faint|p1a: Goodra\n|-damage|p2a: Stonjourner|142/330|[from] item: Life Orb\n|\n|upkeep\n|\n|t:|1732945062\n|switch|p1a: Ninetales|Ninetales, L85, M|263/263\n|-weather|SunnyDay|[from] ability: Drought|[of] p1a: Ninetales\n|turn|12\n|\n|t:|1732945068\n|move|p1a: Ninetales|Solar Beam||[still]\n|-prepare|p1a: Ninetales|Solar Beam\n|-anim|p1a: Ninetales|Solar Beam|p2a: Stonjourner\n|-supereffective|p2a: Stonjourner\n|-damage|p2a: Stonjourner|0 fnt\n|faint|p2a: Stonjourner\n|\n|-weather|SunnyDay|[upkeep]\n|upkeep\n|\n|t:|1732945094\n|switch|p2a: Ludicolo|Ludicolo, L90, F|290/290\n|turn|13\n|\n|t:|1732945105\n|move|p1a: Ninetales|Fire Blast|p2a: Ludicolo\n|-damage|p2a: Ludicolo|166/290\n|move|p2a: Ludicolo|Hydro Pump|p1a: Ninetales\n|-supereffective|p1a: Ninetales\n|-damage|p1a: Ninetales|105/263\n|\n|-weather|SunnyDay|[upkeep]\n|upkeep\n|turn|14\n|\n|t:|1732945114\n|move|p1a: Ninetales|Solar Beam||[still]\n|-prepare|p1a: Ninetales|Solar Beam\n|-anim|p1a: Ninetales|Solar Beam|p2a: Ludicolo\n|-damage|p2a: Ludicolo|100/290\n|move|p2a: Ludicolo|Hydro Pump|p1a: Ninetales\n|-supereffective|p1a: Ninetales\n|-damage|p1a: Ninetales|0 fnt\n|faint|p1a: Ninetales\n|\n|win|haxibril\n|raw|zeegull's rating: 1263 &rarr; <strong>1239</strong><br />(-24 for losing)\n|raw|haxibril's rating: 1280 &rarr; <strong>1304</strong><br />(+24 for winning)\n|l|\u2606zeegull\n|player|p1|\n", "inputlog": ">version b107d77f5c90bd6555267ae244a6264823309ead\n>start {\"formatid\":\"gen9randombattle\",\"seed\":[19338,29782,21026,45594],\"rated\":\"Rated battle\"}\n>player p1 {\"name\":\"zeegull\",\"avatar\":\"102\",\"rating\":1263,\"seed\":[32912,12976,11773,16158]}\n>player p2 {\"name\":\"haxibril\",\"avatar\":\"hiker-gen4\",\"rating\":1280,\"seed\":[25250,17290,47586,33315]}\n>p1 move nastyplot\n>p2 move closecombat\n>p1 move bittermalice\n>p2 move knockoff terastallize\n>p1 switch 3\n>p1 move headlongrush\n>p2 move closecombat\n>p1 switch 2\n>p1 move calmmind\n>p2 move knockoff\n>p1 move rest terastallize\n>p2 move knockoff\n>p1 move sleeptalk\n>p2 move facade\n>p1 move sleeptalk\n>p2 move closecombat\n>p2 switch 4\n>p1 move sleeptalk\n>p2 move earthquake\n>p1 switch 4\n>p1 move leafstorm\n>p2 move heatcrash\n>p1 switch 6\n>p1 move heavyslam\n>p2 move earthquake\n>p1 move dracometeor\n>p2 move earthquake\n>p1 switch 5\n>p1 move solarbeam\n>p2 move earthquake\n>p2 switch 2\n>p1 move fireblast\n>p2 move hydropump\n>p1 move solarbeam\n>p2 move hydropump", "uploadtime": 1732945125, "views": 1, "formatid": "gen9randombattle", "rating": 1239, "private": 0, "password": null}