{"id": "gen9randombattle-2254136316", "format": "[Gen 9] Random Battle", "players": ["manolovm01", "Daveydarkx"], "log": "|j|\u2606manolovm01\n|j|\u2606Daveydarkx\n|t:|1732995674\n|gametype|singles\n|player|p1|manolovm01|1|1175\n|player|p2|Daveydarkx|pokekid|1142\n|teamsize|p1|6\n|teamsize|p2|6\n|gen|9\n|tier|[Gen 9] Random Battle\n|rated|\n|rule|Species Clause: Limit one of each Pok\u00e9mon\n|rule|HP Percentage Mod: HP is shown in percentages\n|rule|Sleep Clause Mod: Limit one foe put to sleep\n|rule|Illusion Level Mod: Illusion disguises the Pok\u00e9mon's true level\n|\n|t:|1732995674\n|start\n|switch|p1a: Palkia|Palkia, L75|259/259\n|switch|p2a: Meowstic|Meowstic, L89, M|277/277\n|-ability|p1a: Palkia|Pressure\n|turn|1\n|inactive|Battle timer is ON: inactive players will automatically lose when time's up. (requested by Daveydarkx)\n|\n|t:|1732995699\n|move|p2a: Meowstic|Alluring Voice|p1a: Palkia\n|-supereffective|p1a: Palkia\n|-damage|p1a: Palkia|167/259\n|move|p1a: Palkia|Spacial Rend|p2a: Meowstic\n|-damage|p2a: Meowstic|93/277\n|\n|-heal|p2a: Meowstic|110/277|[from] item: Leftovers\n|upkeep\n|turn|2\n|\n|t:|1732995712\n|switch|p2a: Comfey|Comfey, L85, F|225/225\n|move|p1a: Palkia|Spacial Rend|p2a: Comfey\n|-immune|p2a: Comfey\n|\n|upkeep\n|turn|3\n|\n|t:|1732995723\n|switch|p1a: Fezandipiti|Fezandipiti, L82, M|278/278\n|move|p2a: Comfey|Calm Mind|p2a: Comfey\n|-boost|p2a: Comfey|spa|1\n|-boost|p2a: Comfey|spd|1\n|\n|upkeep\n|turn|4\n|\n|t:|1732995738\n|move|p2a: Comfey|Stored Power|p1a: Fezandipiti\n|-supereffective|p1a: Fezandipiti\n|-damage|p1a: Fezandipiti|184/278\n|move|p1a: Fezandipiti|Gunk Shot|p2a: Comfey|[miss]\n|-miss|p1a: Fezandipiti|p2a: Comfey\n|\n|-heal|p1a: Fezandipiti|201/278|[from] item: Leftovers\n|upkeep\n|turn|5\n|\n|t:|1732995757\n|move|p2a: Comfey|Stored Power|p1a: Fezandipiti\n|-supereffective|p1a: Fezandipiti\n|-damage|p1a: Fezandipiti|117/278\n|move|p1a: Fezandipiti|Gunk Shot|p2a: Comfey|[miss]\n|-miss|p1a: Fezandipiti|p2a: Comfey\n|\n|-heal|p1a: Fezandipiti|134/278|[from] item: Leftovers\n|upkeep\n|turn|6\n|\n|t:|1732995773\n|move|p2a: Comfey|Calm Mind|p2a: Comfey\n|-boost|p2a: Comfey|spa|1\n|-boost|p2a: Comfey|spd|1\n|move|p1a: Fezandipiti|Gunk Shot|p2a: Comfey|[miss]\n|-miss|p1a: Fezandipiti|p2a: Comfey\n|\n|-heal|p1a: Fezandipiti|151/278|[from] item: Leftovers\n|upkeep\n|turn|7\n|\n|t:|1732995785\n|-terastallize|p1a: Fezandipiti|Water\n|move|p2a: Comfey|Stored Power|p1a: Fezandipiti\n|-damage|p1a: Fezandipiti|54/278\n|move|p1a: Fezandipiti|Gunk Shot|p2a: Comfey\n|-supereffective|p2a: Comfey\n|-crit|p2a: Comfey\n|-damage|p2a: Comfey|0 fnt\n|faint|p2a: Comfey\n|\n|-heal|p1a: Fezandipiti|71/278|[from] item: Leftovers\n|upkeep\n|\n|t:|1732995803\n|switch|p2a: Sawsbuck|Sawsbuck, L88, M|284/284\n|turn|8\n|\n|t:|1732995821\n|switch|p1a: Heracross|Heracross, L80, M|259/259\n|move|p2a: Sawsbuck|Horn Leech|p1a: Heracross\n|-resisted|p1a: Heracross\n|-damage|p1a: Heracross|191/259\n|-damage|p2a: Sawsbuck|256/284|[from] item: Life Orb\n|\n|upkeep\n|turn|9\n|\n|t:|1732995842\n|switch|p2a: Oricorio|Oricorio-Pa'u, L87, F|272/272\n|move|p1a: Heracross|Megahorn|p2a: Oricorio\n|-damage|p2a: Oricorio|95/272\n|\n|upkeep\n|turn|10\n|\n|t:|1732995852\n|move|p1a: Heracross|Megahorn|p2a: Oricorio\n|-damage|p2a: Oricorio|0 fnt\n|faint|p2a: Oricorio\n|-ability|p1a: Heracross|Moxie|boost\n|-boost|p1a: Heracross|atk|1\n|\n|upkeep\n|\n|t:|1732995860\n|switch|p2a: Houndstone|Houndstone, L86, F|264/264\n|turn|11\n|\n|t:|1732995880\n|switch|p1a: Bastiodon|Bastiodon, L89, F|252/252\n|move|p2a: Houndstone|Poltergeist|p1a: Bastiodon\n|-activate|p1a: Bastiodon|move: Poltergeist|Chesto Berry\n|-damage|p1a: Bastiodon|174/252\n|\n|upkeep\n|turn|12\n|\n|t:|1732995892\n|move|p2a: Houndstone|Body Press|p1a: Bastiodon\n|-supereffective|p1a: Bastiodon\n|-damage|p1a: Bastiodon|38/252\n|move|p1a: Bastiodon|Foul Play|p2a: Houndstone\n|-supereffective|p2a: Houndstone\n|-damage|p2a: Houndstone|192/264\n|\n|-heal|p2a: Houndstone|208/264|[from] item: Leftovers\n|upkeep\n|turn|13\n|\n|t:|1732995902\n|move|p2a: Houndstone|Body Press|p1a: Bastiodon\n|-supereffective|p1a: Bastiodon\n|-damage|p1a: Bastiodon|0 fnt\n|faint|p1a: Bastiodon\n|\n|-heal|p2a: Houndstone|224/264|[from] item: Leftovers\n|upkeep\n|\n|t:|1732995921\n|switch|p1a: Toucannon|Toucannon, L88, M|284/284\n|turn|14\n|\n|t:|1732995932\n|-singleturn|p1a: Toucannon|move: Beak Blast\n|move|p2a: Houndstone|Poltergeist|p1a: Toucannon\n|-immune|p1a: Toucannon\n|move|p1a: Toucannon|Beak Blast|p2a: Houndstone\n|-damage|p2a: Houndstone|109/264\n|\n|-heal|p2a: Houndstone|125/264|[from] item: Leftovers\n|upkeep\n|turn|15\n|\n|t:|1732995949\n|switch|p2a: Grimmsnarl|Grimmsnarl, L83, M|293/293\n|move|p1a: Toucannon|Bullet Seed|p2a: Grimmsnarl\n|-damage|p2a: Grimmsnarl|265/293\n|-damage|p2a: Grimmsnarl|237/293\n|-damage|p2a: Grimmsnarl|207/293\n|-damage|p2a: Grimmsnarl|178/293\n|-damage|p2a: Grimmsnarl|148/293\n|-hitcount|p2a: Grimmsnarl|5\n|\n|upkeep\n|turn|16\n|inactive|manolovm01 has 120 seconds left.\n|\n|t:|1732995971\n|move|p1a: Toucannon|Bullet Seed|p2a: Grimmsnarl\n|-crit|p2a: Grimmsnarl\n|-damage|p2a: Grimmsnarl|103/293\n|-damage|p2a: Grimmsnarl|75/293\n|-damage|p2a: Grimmsnarl|45/293\n|-damage|p2a: Grimmsnarl|15/293\n|-damage|p2a: Grimmsnarl|0 fnt\n|faint|p2a: Grimmsnarl\n|-hitcount|p2: Grimmsnarl|5\n|\n|upkeep\n|\n|t:|1732995985\n|switch|p2a: Meowstic|Meowstic, L89, M|110/277\n|turn|17\n|\n|t:|1732995991\n|move|p2a: Meowstic|Psychic Noise|p1a: Toucannon\n|-damage|p1a: Toucannon|200/284\n|-start|p1a: Toucannon|move: Heal Block\n|move|p1a: Toucannon|Bullet Seed|p2a: Meowstic\n|-damage|p2a: Meowstic|85/277\n|-damage|p2a: Meowstic|58/277\n|-damage|p2a: Meowstic|31/277\n|-crit|p2a: Meowstic\n|-damage|p2a: Meowstic|0 fnt\n|faint|p2a: Meowstic\n|-hitcount|p2: Meowstic|4\n|\n|upkeep\n|\n|t:|1732996004\n|switch|p2a: Sawsbuck|Sawsbuck, L88, M|256/284\n|turn|18\n|\n|t:|1732996014\n|-terastallize|p2a: Sawsbuck|Normal\n|-singleturn|p1a: Toucannon|move: Beak Blast\n|move|p2a: Sawsbuck|Headbutt|p1a: Toucannon\n|-damage|p1a: Toucannon|34/284\n|-status|p2a: Sawsbuck|brn\n|-damage|p2a: Sawsbuck|228/284 brn|[from] item: Life Orb\n|move|p1a: Toucannon|Beak Blast|p2a: Sawsbuck\n|-crit|p2a: Sawsbuck\n|-damage|p2a: Sawsbuck|0 fnt\n|faint|p2a: Sawsbuck\n|\n|-end|p1a: Toucannon|move: Heal Block\n|upkeep\n|-message|Daveydarkx forfeited.\n|\n|win|manolovm01\n|raw|manolovm01's rating: 1175 &rarr; <strong>1198</strong><br />(+23 for winning)\n|raw|Daveydarkx's rating: 1142 &rarr; <strong>1119</strong><br />(-23 for losing)\n|l|\u2606Daveydarkx\n|player|p2|\n", "inputlog": ">version b107d77f5c90bd6555267ae244a6264823309ead\n>start {\"formatid\":\"gen9randombattle\",\"seed\":[15913,13354,4720,36943],\"rated\":\"Rated battle\"}\n>player p1 {\"name\":\"manolovm01\",\"avatar\":\"1\",\"rating\":1175,\"seed\":[6703,50875,59565,55593]}\n>player p2 {\"name\":\"Daveydarkx\",\"avatar\":\"pokekid\",\"rating\":1142,\"seed\":[21015,50682,29435,61118]}\n>p1 move spacialrend\n>p2 move alluringvoice\n>p1 move spacialrend\n>p2 switch 5\n>p1 switch 4\n>p2 move calmmind\n>p1 move gunkshot\n>p2 move storedpower\n>p1 move gunkshot\n>p2 move storedpower\n>p1 move gunkshot\n>p2 move calmmind\n>p1 move gunkshot terastallize\n>p2 move storedpower\n>p2 switch 3\n>p1 switch 3\n>p2 move hornleech\n>p1 move megahorn\n>p2 switch 4\n>p1 move megahorn\n>p2 move hurricane\n>p2 switch 6\n>p1 switch 5\n>p2 move poltergeist\n>p1 move foulplay\n>p2 move bodypress\n>p1 move rest\n>p2 move bodypress\n>p1 switch 6\n>p1 move beakblast\n>p2 move poltergeist\n>p1 move bulletseed\n>p2 switch 2\n>p1 move bulletseed\n>p2 move spiritbreak\n>p2 switch 5\n>p1 move bulletseed\n>p2 move psychicnoise\n>p2 switch 4\n>p1 move beakblast\n>p2 move headbutt terastallize\n>forcelose p2", "uploadtime": 1732996033, "views": 1, "formatid": "gen9randombattle", "rating": 1119, "private": 0, "password": null}