{"id": "gen9randombattle-2253895429", "format": "[Gen 9] Random Battle", "players": ["Picchiamper", "TonsOfFun00"], "log": "|j|\u2606Picchiamper\n|j|\u2606TonsOfFun00\n|t:|1732958516\n|gametype|singles\n|player|p1|Picchiamper|silver|1477\n|player|p2|TonsOfFun00|cynthia-gen4|1467\n|teamsize|p1|6\n|teamsize|p2|6\n|gen|9\n|tier|[Gen 9] Random Battle\n|rated|\n|rule|Species Clause: Limit one of each Pok\u00e9mon\n|rule|HP Percentage Mod: HP is shown in percentages\n|rule|Sleep Clause Mod: Limit one foe put to sleep\n|rule|Illusion Level Mod: Illusion disguises the Pok\u00e9mon's true level\n|\n|t:|1732958516\n|start\n|switch|p1a: Furret|Furret, L94, F|312/312\n|switch|p2a: Vikavolt|Vikavolt, L83, M|263/263\n|-item|p2a: Vikavolt|Heavy-Duty Boots|[from] ability: Frisk|[of] p1a: Furret\n|turn|1\n|inactive|Battle timer is ON: inactive players will automatically lose when time's up. (requested by Picchiamper)\n|\n|t:|1732958521\n|move|p1a: Furret|Trick|p2a: Vikavolt\n|-activate|p1a: Furret|move: Trick|[of] p2a: Vikavolt\n|-item|p2a: Vikavolt|Choice Band|[from] move: Trick\n|-item|p1a: Furret|Heavy-Duty Boots|[from] move: Trick\n|move|p2a: Vikavolt|Sticky Web|p1a: Furret\n|-sidestart|p1: Picchiamper|move: Sticky Web\n|\n|upkeep\n|turn|2\n|\n|t:|1732958536\n|switch|p1a: Glimmora|Glimmora, L75, M|248/248\n|switch|p2a: Oricorio|Oricorio-Sensu, L85, M|266/266\n|\n|upkeep\n|turn|3\n|\n|t:|1732958544\n|switch|p2a: Vikavolt|Vikavolt, L83, M|263/263\n|move|p1a: Glimmora|Mortal Spin|p2a: Vikavolt\n|-crit|p2a: Vikavolt\n|-damage|p2a: Vikavolt|236/263\n|-status|p2a: Vikavolt|psn\n|-sideend|p1: Picchiamper|Sticky Web|[from] move: Mortal Spin|[of] p1a: Glimmora\n|\n|-damage|p2a: Vikavolt|204/263 psn|[from] psn\n|upkeep\n|turn|4\n|\n|t:|1732958550\n|move|p1a: Glimmora|Stealth Rock|p2a: Vikavolt\n|-sidestart|p2: TonsOfFun00|move: Stealth Rock\n|move|p2a: Vikavolt|Volt Switch|p1a: Glimmora\n|-damage|p1a: Glimmora|124/248\n|\n|t:|1732958558\n|switch|p2a: Ursaluna|Ursaluna, L79, F|335/335|[from] Volt Switch\n|-damage|p2a: Ursaluna|315/335|[from] Stealth Rock\n|\n|-status|p2a: Ursaluna|brn|[from] item: Flame Orb\n|upkeep\n|turn|5\n|\n|t:|1732958566\n|switch|p1a: Skarmory|Skarmory, L80, F|235/235\n|move|p2a: Ursaluna|Trailblaze|p1a: Skarmory\n|-resisted|p1a: Skarmory\n|-damage|p1a: Skarmory|224/235\n|-boost|p2a: Ursaluna|spe|1\n|-damage|p2a: Ursaluna|260/335 brn|[from] item: Rocky Helmet|[of] p1a: Skarmory\n|\n|-damage|p2a: Ursaluna|240/335 brn|[from] brn\n|upkeep\n|turn|6\n|\n|t:|1732958574\n|move|p2a: Ursaluna|Swords Dance|p2a: Ursaluna\n|-boost|p2a: Ursaluna|atk|2\n|move|p1a: Skarmory|Whirlwind|p2a: Ursaluna\n|drag|p2a: Ampharos|Ampharos, L88, M|302/302\n|-damage|p2a: Ampharos|265/302|[from] Stealth Rock\n|\n|upkeep\n|turn|7\n|\n|t:|1732958591\n|-terastallize|p1a: Skarmory|Dragon\n|move|p2a: Ampharos|Thunderbolt|p1a: Skarmory\n|-resisted|p1a: Skarmory\n|-damage|p1a: Skarmory|155/235\n|move|p1a: Skarmory|Whirlwind|p2a: Ampharos\n|drag|p2a: Oricorio|Oricorio-Sensu, L85, M|266/266\n|\n|upkeep\n|turn|8\n|\n|t:|1732958606\n|move|p2a: Oricorio|Revelation Dance|p1a: Skarmory\n|-damage|p1a: Skarmory|41/235\n|move|p1a: Skarmory|Whirlwind|p2a: Oricorio\n|drag|p2a: Ampharos|Ampharos, L88, M|265/302\n|-damage|p2a: Ampharos|228/302|[from] Stealth Rock\n|\n|upkeep\n|turn|9\n|\n|t:|1732958620\n|switch|p1a: Glimmora|Glimmora, L75, M|124/248\n|move|p2a: Ampharos|Dazzling Gleam|p1a: Glimmora\n|-resisted|p1a: Glimmora\n|-damage|p1a: Glimmora|84/248\n|\n|upkeep\n|turn|10\n|\n|t:|1732958627\n|move|p1a: Glimmora|Mortal Spin|p2a: Ampharos\n|-damage|p2a: Ampharos|210/302\n|-status|p2a: Ampharos|psn\n|move|p2a: Ampharos|Thunderbolt|p1a: Glimmora\n|-damage|p1a: Glimmora|0 fnt\n|faint|p1a: Glimmora\n|\n|-damage|p2a: Ampharos|173/302 psn|[from] psn\n|upkeep\n|\n|t:|1732958639\n|switch|p1a: Furret|Furret, L94, F|312/312\n|-item|p2a: Ampharos|Assault Vest|[from] ability: Frisk|[of] p1a: Furret\n|turn|11\n|\n|t:|1732958642\n|move|p1a: Furret|Knock Off|p2a: Ampharos\n|-damage|p2a: Ampharos|102/302 psn\n|-enditem|p2a: Ampharos|Assault Vest|[from] move: Knock Off|[of] p1a: Furret\n|move|p2a: Ampharos|Focus Blast|p1a: Furret|[miss]\n|-miss|p2a: Ampharos|p1a: Furret\n|\n|-damage|p2a: Ampharos|65/302 psn|[from] psn\n|upkeep\n|turn|12\n|\n|t:|1732958651\n|move|p1a: Furret|Knock Off|p2a: Ampharos\n|-damage|p2a: Ampharos|19/302 psn\n|move|p2a: Ampharos|Focus Blast|p1a: Furret\n|-supereffective|p1a: Furret\n|-damage|p1a: Furret|38/312\n|-unboost|p1a: Furret|spd|1\n|\n|-damage|p2a: Ampharos|0 fnt|[from] psn\n|faint|p2a: Ampharos\n|upkeep\n|\n|t:|1732958657\n|switch|p2a: Salazzle|Salazzle, L83, F|249/249\n|-damage|p2a: Salazzle|187/249|[from] Stealth Rock\n|turn|13\n|\n|t:|1732958666\n|switch|p1a: Skarmory|Skarmory, L80, F, tera:Dragon|41/235\n|move|p2a: Salazzle|Substitute|p2a: Salazzle\n|-start|p2a: Salazzle|Substitute\n|-damage|p2a: Salazzle|125/249\n|\n|-heal|p2a: Salazzle|140/249|[from] item: Leftovers\n|upkeep\n|turn|14\n|\n|t:|1732958673\n|move|p2a: Salazzle|Toxic|p1a: Skarmory\n|-status|p1a: Skarmory|tox\n|move|p1a: Skarmory|Whirlwind|p2a: Salazzle\n|drag|p2a: Oricorio|Oricorio-Sensu, L85, M|266/266\n|\n|-damage|p1a: Skarmory|27/235 tox|[from] psn\n|upkeep\n|turn|15\n|\n|t:|1732958680\n|switch|p1a: Furret|Furret, L94, F|38/312\n|-item|p2a: Oricorio|Heavy-Duty Boots|[from] ability: Frisk|[of] p1a: Furret\n|move|p2a: Oricorio|Quiver Dance|p2a: Oricorio\n|-boost|p2a: Oricorio|spa|1\n|-boost|p2a: Oricorio|spd|1\n|-boost|p2a: Oricorio|spe|1\n|\n|upkeep\n|turn|16\n|\n|t:|1732958691\n|-terastallize|p2a: Oricorio|Fighting\n|move|p2a: Oricorio|Revelation Dance|p1a: Furret\n|-supereffective|p1a: Furret\n|-damage|p1a: Furret|0 fnt\n|faint|p1a: Furret\n|\n|upkeep\n|\n|t:|1732958695\n|switch|p1a: Medicham|Medicham, L86, F|243/243\n|turn|17\n|\n|t:|1732958699\n|move|p2a: Oricorio|Hurricane|p1a: Medicham\n|-supereffective|p1a: Medicham\n|-damage|p1a: Medicham|0 fnt\n|faint|p1a: Medicham\n|\n|upkeep\n|\n|t:|1732958704\n|switch|p1a: Azumarill|Azumarill, L82, F|298/298\n|turn|18\n|\n|t:|1732958709\n|move|p2a: Oricorio|Hurricane|p1a: Azumarill|[miss]\n|-miss|p2a: Oricorio|p1a: Azumarill\n|move|p1a: Azumarill|Play Rough|p2a: Oricorio\n|-supereffective|p2a: Oricorio\n|-damage|p2a: Oricorio|0 fnt\n|faint|p2a: Oricorio\n|\n|upkeep\n|\n|t:|1732958714\n|switch|p2a: Vikavolt|Vikavolt, L83, M|204/263 psn\n|-damage|p2a: Vikavolt|139/263 psn|[from] Stealth Rock\n|turn|19\n|\n|t:|1732958718\n|switch|p1a: Skarmory|Skarmory, L80, F, tera:Dragon|27/235 tox\n|move|p2a: Vikavolt|Sticky Web|p1a: Skarmory\n|-sidestart|p1: Picchiamper|move: Sticky Web\n|\n|-damage|p1a: Skarmory|13/235 tox|[from] psn\n|-damage|p2a: Vikavolt|107/263 psn|[from] psn\n|upkeep\n|turn|20\n|\n|t:|1732958722\n|move|p1a: Skarmory|Roost|p1a: Skarmory\n|-heal|p1a: Skarmory|131/235 tox\n|move|p2a: Vikavolt|Sticky Web||[still]\n|-fail|p2a: Vikavolt\n|\n|-damage|p1a: Skarmory|103/235 tox|[from] psn\n|-damage|p2a: Vikavolt|75/263 psn|[from] psn\n|upkeep\n|turn|21\n|\n|t:|1732958726\n|move|p1a: Skarmory|Roost|p1a: Skarmory\n|-heal|p1a: Skarmory|221/235 tox\n|move|p2a: Vikavolt|Sticky Web||[still]\n|-fail|p2a: Vikavolt\n|\n|-damage|p1a: Skarmory|179/235 tox|[from] psn\n|-damage|p2a: Vikavolt|43/263 psn|[from] psn\n|upkeep\n|turn|22\n|\n|t:|1732958738\n|move|p1a: Skarmory|Spikes|p2a: Vikavolt\n|-sidestart|p2: TonsOfFun00|Spikes\n|move|p2a: Vikavolt|Sticky Web||[still]\n|-fail|p2a: Vikavolt\n|\n|-damage|p1a: Skarmory|123/235 tox|[from] psn\n|-damage|p2a: Vikavolt|11/263 psn|[from] psn\n|upkeep\n|turn|23\n|\n|t:|1732958742\n|move|p1a: Skarmory|Roost|p1a: Skarmory\n|-heal|p1a: Skarmory|235/235 tox\n|move|p2a: Vikavolt|Sticky Web||[still]\n|-fail|p2a: Vikavolt\n|\n|-damage|p1a: Skarmory|165/235 tox|[from] psn\n|-damage|p2a: Vikavolt|0 fnt|[from] psn\n|faint|p2a: Vikavolt\n|upkeep\n|\n|t:|1732958749\n|switch|p2a: Ursaluna|Ursaluna, L79, F|240/335 brn\n|-damage|p2a: Ursaluna|220/335 brn|[from] Stealth Rock\n|-damage|p2a: Ursaluna|179/335 brn|[from] Spikes\n|turn|24\n|\n|t:|1732958752\n|move|p1a: Skarmory|Brave Bird|p2a: Ursaluna\n|-damage|p2a: Ursaluna|85/335 brn\n|-damage|p1a: Skarmory|134/235 tox|[from] Recoil\n|move|p2a: Ursaluna|Trailblaze|p1a: Skarmory\n|-resisted|p1a: Skarmory\n|-damage|p1a: Skarmory|109/235 tox\n|-boost|p2a: Ursaluna|spe|1\n|-damage|p2a: Ursaluna|30/335 brn|[from] item: Rocky Helmet|[of] p1a: Skarmory\n|\n|-damage|p1a: Skarmory|25/235 tox|[from] psn\n|-damage|p2a: Ursaluna|10/335 brn|[from] brn\n|upkeep\n|turn|25\n|\n|t:|1732958759\n|move|p2a: Ursaluna|Facade|p1a: Skarmory\n|-damage|p1a: Skarmory|0 fnt\n|-damage|p2a: Ursaluna|0 fnt|[from] item: Rocky Helmet|[of] p1a: Skarmory\n|faint|p1a: Skarmory\n|faint|p2a: Ursaluna\n|\n|upkeep\n|\n|t:|1732958763\n|switch|p1a: Azumarill|Azumarill, L82, F|298/298\n|switch|p2a: Bellossom|Bellossom, L84, M|263/263\n|-damage|p2a: Bellossom|231/263|[from] Stealth Rock\n|-damage|p2a: Bellossom|199/263|[from] Spikes\n|-activate|p1a: Azumarill|move: Sticky Web\n|-unboost|p1a: Azumarill|spe|1\n|turn|26\n|\n|t:|1732958773\n|switch|p1a: Ursaring|Ursaring, L84, F|288/288\n|-activate|p1a: Ursaring|move: Sticky Web\n|-unboost|p1a: Ursaring|spe|1\n|move|p2a: Bellossom|Quiver Dance|p2a: Bellossom\n|-boost|p2a: Bellossom|spa|1\n|-boost|p2a: Bellossom|spd|1\n|-boost|p2a: Bellossom|spe|1\n|\n|-heal|p2a: Bellossom|215/263|[from] item: Leftovers\n|-status|p1a: Ursaring|tox|[from] item: Toxic Orb\n|upkeep\n|turn|27\n|\n|t:|1732958780\n|move|p2a: Bellossom|Strength Sap|p1a: Ursaring\n|-unboost|p1a: Ursaring|atk|1\n|-heal|p2a: Bellossom|263/263\n|move|p1a: Ursaring|Facade|p2a: Bellossom\n|-damage|p2a: Bellossom|140/263\n|\n|-heal|p2a: Bellossom|156/263|[from] item: Leftovers\n|-damage|p1a: Ursaring|270/288 tox|[from] psn\n|upkeep\n|turn|28\n|\n|t:|1732958784\n|move|p2a: Bellossom|Strength Sap|p1a: Ursaring\n|-unboost|p1a: Ursaring|atk|1\n|-heal|p2a: Bellossom|263/263\n|move|p1a: Ursaring|Swords Dance|p1a: Ursaring\n|-boost|p1a: Ursaring|atk|2\n|\n|-damage|p1a: Ursaring|234/288 tox|[from] psn\n|upkeep\n|turn|29\n|\n|t:|1732958790\n|move|p2a: Bellossom|Quiver Dance|p2a: Bellossom\n|-boost|p2a: Bellossom|spa|1\n|-boost|p2a: Bellossom|spd|1\n|-boost|p2a: Bellossom|spe|1\n|move|p1a: Ursaring|Swords Dance|p1a: Ursaring\n|-boost|p1a: Ursaring|atk|2\n|\n|-damage|p1a: Ursaring|180/288 tox|[from] psn\n|upkeep\n|turn|30\n|\n|t:|1732958792\n|move|p2a: Bellossom|Giga Drain|p1a: Ursaring\n|-damage|p1a: Ursaring|8/288 tox\n|move|p1a: Ursaring|Facade|p2a: Bellossom\n|-damage|p2a: Bellossom|0 fnt\n|faint|p2a: Bellossom\n|\n|-damage|p1a: Ursaring|0 fnt|[from] psn\n|faint|p1a: Ursaring\n|upkeep\n|\n|t:|1732958796\n|switch|p1a: Azumarill|Azumarill, L82, F|298/298\n|switch|p2a: Salazzle|Salazzle, L83, F|140/249\n|-damage|p2a: Salazzle|78/249|[from] Stealth Rock\n|-damage|p2a: Salazzle|47/249|[from] Spikes\n|-activate|p1a: Azumarill|move: Sticky Web\n|-unboost|p1a: Azumarill|spe|1\n|turn|31\n|\n|t:|1732958799\n|move|p2a: Salazzle|Protect|p2a: Salazzle\n|-singleturn|p2a: Salazzle|Protect\n|move|p1a: Azumarill|Aqua Jet|p2a: Salazzle\n|-activate|p2a: Salazzle|move: Protect\n|\n|-heal|p2a: Salazzle|62/249|[from] item: Leftovers\n|upkeep\n|turn|32\n|\n|t:|1732958804\n|move|p2a: Salazzle|Protect|p2a: Salazzle\n|-singleturn|p2a: Salazzle|Protect\n|move|p1a: Azumarill|Aqua Jet|p2a: Salazzle\n|-activate|p2a: Salazzle|move: Protect\n|\n|-heal|p2a: Salazzle|77/249|[from] item: Leftovers\n|upkeep\n|turn|33\n|\n|t:|1732958807\n|move|p1a: Azumarill|Aqua Jet|p2a: Salazzle\n|-supereffective|p2a: Salazzle\n|-damage|p2a: Salazzle|0 fnt\n|faint|p2a: Salazzle\n|\n|win|Picchiamper\n|raw|Picchiamper's rating: 1477 &rarr; <strong>1496</strong><br />(+19 for winning)\n|raw|TonsOfFun00's rating: 1467 &rarr; <strong>1448</strong><br />(-19 for losing)\n|l|\u2606TonsOfFun00\n|player|p2|\n", "inputlog": ">version b107d77f5c90bd6555267ae244a6264823309ead\n>start {\"formatid\":\"gen9randombattle\",\"seed\":[63728,14771,35992,59440],\"rated\":\"Rated battle\"}\n>player p1 {\"name\":\"Picchiamper\",\"avatar\":\"silver\",\"rating\":1477,\"seed\":[5113,34196,53378,5088]}\n>player p2 {\"name\":\"TonsOfFun00\",\"avatar\":\"cynthia-gen4\",\"rating\":1467,\"seed\":[797,60527,8698,1908]}\n>p1 move trick\n>p2 move stickyweb\n>p1 switch 3\n>p2 switch 2\n>p1 move mortalspin\n>p2 switch 2\n>p1 move stealthrock\n>p2 move voltswitch\n>p2 switch 4\n>p1 switch 5\n>p2 move trailblaze\n>p1 move whirlwind\n>p2 move swordsdance\n>p1 move whirlwind terastallize\n>p2 move thunderbolt\n>p1 move whirlwind\n>p2 move revelationdance\n>p1 switch 5\n>p2 move dazzlinggleam\n>p1 move mortalspin\n>p2 move thunderbolt\n>p1 switch 3\n>p1 move knockoff\n>p2 move focusblast\n>p1 move knockoff\n>p2 move focusblast\n>p2 switch 5\n>p1 switch 5\n>p2 move substitute\n>p1 move whirlwind\n>p2 move toxic\n>p1 switch 5\n>p2 move quiverdance\n>p1 move knockoff\n>p2 move revelationdance terastallize\n>p1 switch 4\n>p1 move zenheadbutt\n>p2 move hurricane\n>p1 switch 6\n>p1 move playrough\n>p2 move hurricane\n>p2 switch 4\n>p1 switch 5\n>p2 move stickyweb\n>p1 move roost\n>p2 move stickyweb\n>p1 move roost\n>p2 move stickyweb\n>p1 move spikes\n>p2 move stickyweb\n>p1 move roost\n>p2 move stickyweb\n>p2 switch 3\n>p1 move bravebird\n>p2 move trailblaze\n>p1 move roost\n>p2 move facade\n>p1 switch 5\n>p2 switch 6\n>p1 switch 2\n>p2 move quiverdance\n>p1 move facade\n>p2 move strengthsap\n>p1 move swordsdance\n>p2 move strengthsap\n>p1 move swordsdance\n>p2 move quiverdance\n>p1 move facade\n>p2 move gigadrain\n>p1 switch 2\n>p2 switch 2\n>p1 move aquajet\n>p2 move protect\n>p1 move aquajet\n>p2 move protect\n>p1 move aquajet\n>p2 move toxic", "uploadtime": 1732958809, "views": 2, "formatid": "gen9randombattle", "rating": 1448, "private": 0, "password": null}