{"id": "gen9randombattle-2253954704", "format": "[Gen 9] Random Battle", "players": ["tello can", "BreadButBetter"], "log": "|j|\u2606tello can\n|j|\u2606BreadButBetter\n|t:|1732970750\n|gametype|singles\n|player|p1|tello can|266|1124\n|player|p2|BreadButBetter|265|1099\n|teamsize|p1|6\n|teamsize|p2|6\n|gen|9\n|tier|[Gen 9] Random Battle\n|rated|\n|rule|Species Clause: Limit one of each Pok\u00e9mon\n|rule|HP Percentage Mod: HP is shown in percentages\n|rule|Sleep Clause Mod: Limit one foe put to sleep\n|rule|Illusion Level Mod: Illusion disguises the Pok\u00e9mon's true level\n|\n|t:|1732970750\n|start\n|switch|p1a: Espathra|Espathra, L80, F|283/283\n|switch|p2a: Leavanny|Leavanny, L86, F|269/269\n|turn|1\n|\n|t:|1732970764\n|-terastallize|p2a: Leavanny|Ghost\n|move|p1a: Espathra|Substitute|p1a: Espathra\n|-start|p1a: Espathra|Substitute\n|-damage|p1a: Espathra|213/283\n|move|p2a: Leavanny|Knock Off|p1a: Espathra\n|-supereffective|p1a: Espathra\n|-end|p1a: Espathra|Substitute\n|\n|-heal|p1a: Espathra|230/283|[from] item: Leftovers\n|-ability|p1a: Espathra|Speed Boost|boost\n|-boost|p1a: Espathra|spe|1\n|upkeep\n|turn|2\n|\n|t:|1732970787\n|-terastallize|p1a: Espathra|Fairy\n|move|p1a: Espathra|Calm Mind|p1a: Espathra\n|-boost|p1a: Espathra|spa|1\n|-boost|p1a: Espathra|spd|1\n|move|p2a: Leavanny|Knock Off|p1a: Espathra\n|-resisted|p1a: Espathra\n|-damage|p1a: Espathra|175/283\n|-enditem|p1a: Espathra|Leftovers|[from] move: Knock Off|[of] p2a: Leavanny\n|\n|-ability|p1a: Espathra|Speed Boost|boost\n|-boost|p1a: Espathra|spe|1\n|upkeep\n|turn|3\n|\n|t:|1732970801\n|move|p1a: Espathra|Calm Mind|p1a: Espathra\n|-boost|p1a: Espathra|spa|1\n|-boost|p1a: Espathra|spd|1\n|move|p2a: Leavanny|Sticky Web|p1a: Espathra\n|-sidestart|p1: tello can|move: Sticky Web\n|\n|-ability|p1a: Espathra|Speed Boost|boost\n|-boost|p1a: Espathra|spe|1\n|upkeep\n|turn|4\n|\n|t:|1732970811\n|move|p1a: Espathra|Calm Mind|p1a: Espathra\n|-boost|p1a: Espathra|spa|1\n|-boost|p1a: Espathra|spd|1\n|move|p2a: Leavanny|Lunge|p1a: Espathra\n|-resisted|p1a: Espathra\n|-damage|p1a: Espathra|107/283\n|-unboost|p1a: Espathra|atk|1\n|\n|-ability|p1a: Espathra|Speed Boost|boost\n|-boost|p1a: Espathra|spe|1\n|upkeep\n|turn|5\n|\n|t:|1732970824\n|move|p1a: Espathra|Stored Power|p2a: Leavanny\n|-damage|p2a: Leavanny|0 fnt\n|faint|p2a: Leavanny\n|\n|-ability|p1a: Espathra|Speed Boost|boost\n|-boost|p1a: Espathra|spe|1\n|upkeep\n|\n|t:|1732970838\n|switch|p2a: Sylveon|Sylveon, L85, F|300/300\n|turn|6\n|\n|t:|1732970846\n|move|p1a: Espathra|Stored Power|p2a: Sylveon\n|-damage|p2a: Sylveon|0 fnt\n|faint|p2a: Sylveon\n|\n|-ability|p1a: Espathra|Speed Boost|boost\n|-boost|p1a: Espathra|spe|1\n|upkeep\n|\n|t:|1732970853\n|switch|p2a: Hoopa|Hoopa-Unbound, L80|259/259\n|turn|7\n|\n|t:|1732970863\n|move|p1a: Espathra|Dazzling Gleam|p2a: Hoopa\n|-supereffective|p2a: Hoopa\n|-damage|p2a: Hoopa|0 fnt\n|faint|p2a: Hoopa\n|\n|upkeep\n|\n|t:|1732970873\n|switch|p2a: Flutter Mane|Flutter Mane, L74|203/203\n|turn|8\n|\n|t:|1732970881\n|move|p1a: Espathra|Stored Power|p2a: Flutter Mane\n|-damage|p2a: Flutter Mane|0 fnt\n|faint|p2a: Flutter Mane\n|-end|p2a: Flutter Mane|Protosynthesis|[silent]\n|\n|upkeep\n|-message|BreadButBetter forfeited.\n|\n|win|tello can\n|raw|tello can's rating: 1124 &rarr; <strong>1147</strong><br />(+23 for winning)\n|raw|BreadButBetter's rating: 1099 &rarr; <strong>1076</strong><br />(-23 for losing)\n|l|\u2606BreadButBetter\n|player|p2|\n", "inputlog": ">version b107d77f5c90bd6555267ae244a6264823309ead\n>start {\"formatid\":\"gen9randombattle\",\"seed\":[21750,28429,9763,59906],\"rated\":\"Rated battle\"}\n>player p1 {\"name\":\"tello can\",\"avatar\":\"266\",\"rating\":1124,\"seed\":[1071,3180,10869,3570]}\n>player p2 {\"name\":\"BreadButBetter\",\"avatar\":\"265\",\"rating\":1099,\"seed\":[23859,53079,57158,58183]}\n>p1 move substitute\n>p2 move knockoff terastallize\n>p1 move calmmind terastallize\n>p2 move knockoff\n>p1 move calmmind\n>p2 move stickyweb\n>p1 move calmmind\n>p2 move lunge\n>p1 move storedpower\n>p2 move lunge\n>p2 switch 5\n>p1 move storedpower\n>p2 move hypervoice\n>p2 switch 2\n>p1 move dazzlinggleam\n>p2 move gunkshot\n>p2 switch 3\n>p1 move storedpower\n>p2 move shadowball\n>forcelose p2", "uploadtime": 1732970920, "views": 1, "formatid": "gen9randombattle", "rating": 1076, "private": 0, "password": null}