{"id": "gen9randombattle-2254143987", "format": "[Gen 9] Random Battle", "players": ["Yoordito", "JLCGEORGE"], "log": "|j|\u2606Yoordito\n|j|\u2606JLCGEORGE\n|t:|1732996615\n|gametype|singles\n|player|p1|Yoordito|102|\n|player|p2|JLCGEORGE|1|\n|teamsize|p1|6\n|teamsize|p2|6\n|gen|9\n|tier|[Gen 9] Random Battle\n|rule|Species Clause: Limit one of each Pok\u00e9mon\n|rule|HP Percentage Mod: HP is shown in percentages\n|rule|Sleep Clause Mod: Limit one foe put to sleep\n|rule|Illusion Level Mod: Illusion disguises the Pok\u00e9mon's true level\n|\n|t:|1732996615\n|start\n|switch|p1a: Excadrill|Excadrill, L80, F|307/307\n|switch|p2a: Scyther|Scyther, L82, F|249/249\n|-ability|p1a: Excadrill|Mold Breaker\n|turn|1\n|\n|t:|1732996629\n|move|p2a: Scyther|Bug Bite|p1a: Excadrill\n|-resisted|p1a: Excadrill\n|-damage|p1a: Excadrill|236/307\n|move|p1a: Excadrill|Rock Slide|p2a: Scyther\n|-supereffective|p2a: Scyther\n|-damage|p2a: Scyther|65/249\n|\n|upkeep\n|turn|2\n|\n|t:|1732996643\n|move|p2a: Scyther|Close Combat|p1a: Excadrill\n|-supereffective|p1a: Excadrill\n|-damage|p1a: Excadrill|0 fnt\n|-unboost|p2a: Scyther|def|1\n|-unboost|p2a: Scyther|spd|1\n|faint|p1a: Excadrill\n|\n|upkeep\n|\n|t:|1732996659\n|switch|p1a: Glalie|Glalie, L96, F|309/309\n|turn|3\n|\n|t:|1732996672\n|switch|p2a: Dewgong|Dewgong, L94, F|322/322\n|move|p1a: Glalie|Freeze-Dry|p2a: Dewgong\n|-damage|p2a: Dewgong|285/322\n|\n|upkeep\n|turn|4\n|\n|t:|1732996712\n|move|p1a: Glalie|Earthquake|p2a: Dewgong\n|-damage|p2a: Dewgong|204/322\n|move|p2a: Dewgong|Surf|p1a: Glalie\n|-damage|p1a: Glalie|216/309\n|\n|upkeep\n|turn|5\n|\n|t:|1732996720\n|move|p1a: Glalie|Earthquake|p2a: Dewgong\n|-damage|p2a: Dewgong|129/322\n|move|p2a: Dewgong|Surf|p1a: Glalie\n|-damage|p1a: Glalie|129/309\n|\n|upkeep\n|turn|6\n|\n|t:|1732996741\n|move|p1a: Glalie|Earthquake|p2a: Dewgong\n|-damage|p2a: Dewgong|55/322\n|move|p2a: Dewgong|Flip Turn|p1a: Glalie\n|-damage|p1a: Glalie|69/309\n|\n|t:|1732996755\n|switch|p2a: Ting-Lu|Ting-Lu, L78|370/370|[from] Flip Turn\n|-ability|p2a: Ting-Lu|Vessel of Ruin\n|\n|upkeep\n|turn|7\n|\n|t:|1732996781\n|move|p1a: Glalie|Earthquake|p2a: Ting-Lu\n|-damage|p2a: Ting-Lu|307/370\n|move|p2a: Ting-Lu|Payback|p1a: Glalie\n|-damage|p1a: Glalie|0 fnt\n|faint|p1a: Glalie\n|\n|-heal|p2a: Ting-Lu|330/370|[from] item: Leftovers\n|upkeep\n|\n|t:|1732996800\n|switch|p1a: Quagsire|Quagsire, L84, M|297/297\n|turn|8\n|\n|t:|1732996814\n|move|p2a: Ting-Lu|Earthquake|p1a: Quagsire\n|-damage|p1a: Quagsire|198/297\n|move|p1a: Quagsire|Ice Beam|p2a: Ting-Lu\n|-supereffective|p2a: Ting-Lu\n|-damage|p2a: Ting-Lu|252/370\n|\n|-heal|p2a: Ting-Lu|275/370|[from] item: Leftovers\n|-heal|p1a: Quagsire|216/297|[from] item: Leftovers\n|upkeep\n|turn|9\n|\n|t:|1732996826\n|move|p2a: Ting-Lu|Heavy Slam|p1a: Quagsire\n|-resisted|p1a: Quagsire\n|-damage|p1a: Quagsire|173/297\n|move|p1a: Quagsire|Ice Beam|p2a: Ting-Lu\n|-supereffective|p2a: Ting-Lu\n|-damage|p2a: Ting-Lu|199/370\n|\n|-heal|p2a: Ting-Lu|222/370|[from] item: Leftovers\n|-heal|p1a: Quagsire|191/297|[from] item: Leftovers\n|upkeep\n|turn|10\n|\n|t:|1732996837\n|move|p2a: Ting-Lu|Earthquake|p1a: Quagsire\n|-damage|p1a: Quagsire|83/297\n|move|p1a: Quagsire|Ice Beam|p2a: Ting-Lu\n|-supereffective|p2a: Ting-Lu\n|-damage|p2a: Ting-Lu|140/370\n|\n|-heal|p2a: Ting-Lu|163/370|[from] item: Leftovers\n|-heal|p1a: Quagsire|101/297|[from] item: Leftovers\n|upkeep\n|turn|11\n|\n|t:|1732996848\n|move|p2a: Ting-Lu|Earthquake|p1a: Quagsire\n|-damage|p1a: Quagsire|0 fnt\n|faint|p1a: Quagsire\n|\n|-heal|p2a: Ting-Lu|186/370|[from] item: Leftovers\n|upkeep\n|\n|t:|1732996856\n|switch|p1a: Cyclizar|Cyclizar, L83, F|252/252\n|turn|12\n|\n|t:|1732996865\n|move|p1a: Cyclizar|Draco Meteor|p2a: Ting-Lu\n|-damage|p2a: Ting-Lu|75/370\n|-unboost|p1a: Cyclizar|spa|2\n|move|p2a: Ting-Lu|Stealth Rock|p1a: Cyclizar\n|-sidestart|p1: Yoordito|move: Stealth Rock\n|\n|-heal|p2a: Ting-Lu|98/370|[from] item: Leftovers\n|upkeep\n|turn|13\n|\n|t:|1732996889\n|move|p1a: Cyclizar|Draco Meteor|p2a: Ting-Lu\n|-damage|p2a: Ting-Lu|44/370\n|-unboost|p1a: Cyclizar|spa|2\n|move|p2a: Ting-Lu|Earthquake|p1a: Cyclizar\n|-damage|p1a: Cyclizar|122/252\n|\n|-heal|p2a: Ting-Lu|67/370|[from] item: Leftovers\n|upkeep\n|turn|14\n|\n|t:|1732996900\n|move|p1a: Cyclizar|Draco Meteor|p2a: Ting-Lu\n|-damage|p2a: Ting-Lu|28/370\n|-unboost|p1a: Cyclizar|spa|2\n|move|p2a: Ting-Lu|Earthquake|p1a: Cyclizar\n|-damage|p1a: Cyclizar|0 fnt\n|faint|p1a: Cyclizar\n|\n|-heal|p2a: Ting-Lu|51/370|[from] item: Leftovers\n|upkeep\n|\n|t:|1732996911\n|switch|p1a: Bronzong|Bronzong, L88|261/261\n|-damage|p1a: Bronzong|245/261|[from] Stealth Rock\n|turn|15\n|\n|t:|1732996921\n|move|p2a: Ting-Lu|Earthquake|p1a: Bronzong\n|-immune|p1a: Bronzong|[from] ability: Levitate\n|move|p1a: Bronzong|Earthquake|p2a: Ting-Lu\n|-damage|p2a: Ting-Lu|0 fnt\n|faint|p2a: Ting-Lu\n|\n|-heal|p1a: Bronzong|261/261|[from] item: Leftovers\n|upkeep\n|\n|t:|1732996941\n|switch|p2a: Pawmot|Pawmot, L80, M|243/243\n|turn|16\n|\n|t:|1732996946\n|move|p2a: Pawmot|Double Shock|p1a: Bronzong\n|-damage|p1a: Bronzong|153/261\n|-start|p2a: Pawmot|typechange|???/Fighting|[from] move: Double Shock\n|move|p1a: Bronzong|Hypnosis|p2a: Pawmot\n|-status|p2a: Pawmot|slp|[from] move: Hypnosis\n|\n|-heal|p1a: Bronzong|169/261|[from] item: Leftovers\n|upkeep\n|turn|17\n|\n|t:|1732996964\n|cant|p2a: Pawmot|slp\n|move|p1a: Bronzong|Psychic|p2a: Pawmot\n|-supereffective|p2a: Pawmot\n|-damage|p2a: Pawmot|3/243 slp\n|\n|-heal|p1a: Bronzong|185/261|[from] item: Leftovers\n|upkeep\n|turn|18\n|\n|t:|1732996976\n|cant|p2a: Pawmot|slp\n|move|p1a: Bronzong|Psychic|p2a: Pawmot\n|-supereffective|p2a: Pawmot\n|-crit|p2a: Pawmot\n|-damage|p2a: Pawmot|0 fnt\n|faint|p2a: Pawmot\n|\n|-heal|p1a: Bronzong|201/261|[from] item: Leftovers\n|upkeep\n|\n|t:|1732996987\n|switch|p2a: Hoopa|Hoopa-Unbound, L80|259/259\n|turn|19\n|\n|t:|1732996995\n|move|p2a: Hoopa|Gunk Shot|p1a: Bronzong\n|-immune|p1a: Bronzong\n|move|p1a: Bronzong|Iron Head|p2a: Hoopa\n|-damage|p2a: Hoopa|147/259\n|\n|-heal|p1a: Bronzong|217/261|[from] item: Leftovers\n|upkeep\n|turn|20\n|\n|t:|1732997007\n|move|p2a: Hoopa|Psychic|p1a: Bronzong\n|-resisted|p1a: Bronzong\n|-damage|p1a: Bronzong|189/261\n|move|p1a: Bronzong|Iron Head|p2a: Hoopa\n|-damage|p2a: Hoopa|32/259\n|\n|-heal|p1a: Bronzong|205/261|[from] item: Leftovers\n|upkeep\n|turn|21\n|\n|t:|1732997020\n|move|p2a: Hoopa|Hyperspace Fury|p1a: Bronzong\n|-supereffective|p1a: Bronzong\n|-damage|p1a: Bronzong|0 fnt\n|-unboost|p2a: Hoopa|def|1\n|faint|p1a: Bronzong\n|\n|upkeep\n|\n|t:|1732997026\n|switch|p1a: Armarouge|Armarouge, L80, F|267/267\n|-damage|p1a: Armarouge|201/267|[from] Stealth Rock\n|turn|22\n|\n|t:|1732997048\n|move|p2a: Hoopa|Focus Blast|p1a: Armarouge|[miss]\n|-miss|p2a: Hoopa|p1a: Armarouge\n|move|p1a: Armarouge|Armor Cannon|p2a: Hoopa\n|-damage|p2a: Hoopa|0 fnt\n|-unboost|p1a: Armarouge|def|1\n|-unboost|p1a: Armarouge|spd|1\n|faint|p2a: Hoopa\n|\n|upkeep\n|\n|t:|1732997062\n|switch|p2a: Scyther|Scyther, L82, F|65/249\n|turn|23\n|\n|t:|1732997069\n|move|p2a: Scyther|Bug Bite|p1a: Armarouge\n|-damage|p1a: Armarouge|65/267\n|-ability|p1a: Armarouge|Weak Armor|boost\n|-unboost|p1a: Armarouge|def|1\n|-boost|p1a: Armarouge|spe|2\n|move|p1a: Armarouge|Armor Cannon|p2a: Scyther\n|-supereffective|p2a: Scyther\n|-damage|p2a: Scyther|0 fnt\n|-unboost|p1a: Armarouge|def|1\n|-unboost|p1a: Armarouge|spd|1\n|faint|p2a: Scyther\n|\n|upkeep\n|\n|t:|1732997083\n|switch|p2a: Dewgong|Dewgong, L94, F|55/322\n|turn|24\n|\n|t:|1732997087\n|move|p1a: Armarouge|Armor Cannon|p2a: Dewgong\n|-damage|p2a: Dewgong|0 fnt\n|-unboost|p1a: Armarouge|def|1\n|-unboost|p1a: Armarouge|spd|1\n|faint|p2a: Dewgong\n|\n|upkeep\n|\n|t:|1732997094\n|switch|p2a: Pyroar|Pyroar, L88, F|295/295\n|-ability|p2a: Pyroar|Unnerve\n|turn|25\n|\n|t:|1732997112\n|move|p1a: Armarouge|Meteor Beam||[still]\n|-prepare|p1a: Armarouge|Meteor Beam\n|-boost|p1a: Armarouge|spa|1\n|-enditem|p1a: Armarouge|Power Herb\n|-anim|p1a: Armarouge|Meteor Beam|p2a: Pyroar\n|-supereffective|p2a: Pyroar\n|-damage|p2a: Pyroar|0 fnt\n|faint|p2a: Pyroar\n|\n|win|Yoordito\n", "inputlog": ">version b107d77f5c90bd6555267ae244a6264823309ead\n>start {\"formatid\":\"gen9randombattle\",\"seed\":[33183,39215,51605,38613]}\n>player p1 {\"name\":\"Yoordito\",\"avatar\":\"102\",\"rating\":0,\"seed\":[18717,28455,30105,50588]}\n>player p2 {\"name\":\"JLCGEORGE\",\"avatar\":\"1\",\"rating\":0,\"seed\":[58394,57603,53283,43860]}\n>p1 move rockslide\n>p2 move bugbite\n>p1 move rockslide\n>p2 move closecombat\n>p1 switch 2\n>p1 move freezedry\n>p2 switch 2\n>p1 move earthquake\n>p2 move surf\n>p1 move earthquake\n>p2 move surf\n>p1 move earthquake\n>p2 move flipturn\n>p2 switch 5\n>p1 move earthquake\n>p2 move payback\n>p1 switch 5\n>p1 move icebeam\n>p2 move earthquake\n>p1 move icebeam\n>p2 move heavyslam\n>p1 move icebeam\n>p2 move earthquake\n>p1 move recover\n>p2 move earthquake\n>p1 switch 6\n>p1 move dracometeor\n>p2 move stealthrock\n>p1 move dracometeor\n>p2 move earthquake\n>p1 move dracometeor\n>p2 move earthquake\n>p1 switch 4\n>p1 move earthquake\n>p2 move earthquake\n>p2 switch 3\n>p1 move hypnosis\n>p2 move doubleshock\n>p1 move psychic\n>p2 move revivalblessing\n>p1 move psychic\n>p2 move doubleshock\n>p2 switch 4\n>p1 move ironhead\n>p2 move gunkshot\n>p1 move ironhead\n>p2 move psychic\n>p1 move ironhead\n>p2 move hyperspacefury\n>p1 switch 3\n>p1 move armorcannon\n>p2 move focusblast\n>p2 switch 2\n>p1 move armorcannon\n>p2 move bugbite\n>p2 switch 5\n>p1 move armorcannon\n>p2 move surf\n>p2 switch 6\n>p1 move meteorbeam\n>p2 move hypervoice", "uploadtime": 1732997121, "views": 1, "formatid": "gen9randombattle", "rating": null, "private": 0, "password": null}