{"id": "gen9randombattle-2254074538", "format": "[Gen 9] Random Battle", "players": ["bigragadaoppstoppa", "ligrankpo"], "log": "|j|\u2606bigragadaoppstoppa\n|j|\u2606ligrankpo\n|t:|1732988081\n|gametype|singles\n|player|p1|bigragadaoppstoppa|benga|1363\n|player|p2|ligrankpo|ghetsis-gen5bw|1389\n|teamsize|p1|6\n|teamsize|p2|6\n|gen|9\n|tier|[Gen 9] Random Battle\n|rated|\n|rule|Species Clause: Limit one of each Pok\u00e9mon\n|rule|HP Percentage Mod: HP is shown in percentages\n|rule|Sleep Clause Mod: Limit one foe put to sleep\n|rule|Illusion Level Mod: Illusion disguises the Pok\u00e9mon's true level\n|\n|t:|1732988081\n|start\n|switch|p1a: Noctowl|Noctowl, L95, M|344/344\n|switch|p2a: Eelektross|Eelektross, L87, M|290/290\n|turn|1\n|inactive|Battle timer is ON: inactive players will automatically lose when time's up. (requested by bigragadaoppstoppa)\n|\n|t:|1732988092\n|switch|p1a: Kilowattrel|Kilowattrel, L83, F|252/252\n|move|p2a: Eelektross|Knock Off|p1a: Kilowattrel\n|-damage|p1a: Kilowattrel|144/252\n|-enditem|p1a: Kilowattrel|Heavy-Duty Boots|[from] move: Knock Off|[of] p2a: Eelektross\n|\n|upkeep\n|turn|2\n|\n|t:|1732988099\n|move|p1a: Kilowattrel|Roost|p1a: Kilowattrel\n|-heal|p1a: Kilowattrel|252/252\n|-singleturn|p1a: Kilowattrel|move: Roost\n|move|p2a: Eelektross|Flamethrower|p1a: Kilowattrel\n|-damage|p1a: Kilowattrel|163/252\n|\n|upkeep\n|turn|3\n|\n|t:|1732988108\n|move|p1a: Kilowattrel|U-turn|p2a: Eelektross\n|-damage|p2a: Eelektross|252/290\n|\n|t:|1732988121\n|switch|p1a: Alcremie|Alcremie-Salted-Cream, L90, F|263/263|[from] U-turn\n|move|p2a: Eelektross|U-turn|p1a: Alcremie\n|-resisted|p1a: Alcremie\n|-damage|p1a: Alcremie|231/263\n|\n|t:|1732988136\n|switch|p2a: Slowbro|Slowbro, L85, F|300/300|[from] U-turn\n|\n|-heal|p1a: Alcremie|247/263|[from] item: Leftovers\n|upkeep\n|turn|4\n|\n|t:|1732988150\n|move|p1a: Alcremie|Alluring Voice|p2a: Slowbro\n|-damage|p2a: Slowbro|194/300\n|move|p2a: Slowbro|Thunder Wave|p1a: Alcremie\n|-status|p1a: Alcremie|par\n|\n|-heal|p2a: Slowbro|212/300|[from] item: Leftovers\n|-heal|p1a: Alcremie|263/263 par|[from] item: Leftovers\n|upkeep\n|turn|5\n|\n|t:|1732988155\n|move|p2a: Slowbro|Psyshock|p1a: Alcremie\n|-damage|p1a: Alcremie|161/263 par\n|cant|p1a: Alcremie|par\n|\n|-heal|p2a: Slowbro|230/300|[from] item: Leftovers\n|-heal|p1a: Alcremie|177/263 par|[from] item: Leftovers\n|upkeep\n|turn|6\n|\n|t:|1732988167\n|move|p2a: Slowbro|Psyshock|p1a: Alcremie\n|-damage|p1a: Alcremie|77/263 par\n|cant|p1a: Alcremie|par\n|\n|-heal|p2a: Slowbro|248/300|[from] item: Leftovers\n|-heal|p1a: Alcremie|93/263 par|[from] item: Leftovers\n|upkeep\n|turn|7\n|\n|t:|1732988172\n|move|p2a: Slowbro|Psyshock|p1a: Alcremie\n|-damage|p1a: Alcremie|0 fnt\n|faint|p1a: Alcremie\n|\n|-heal|p2a: Slowbro|266/300|[from] item: Leftovers\n|upkeep\n|\n|t:|1732988178\n|switch|p1a: Kilowattrel|Kilowattrel, L83, F|163/252\n|turn|8\n|\n|t:|1732988183\n|switch|p2a: Eelektross|Eelektross, L87, M|252/290\n|move|p1a: Kilowattrel|Thunderbolt|p2a: Eelektross\n|-resisted|p2a: Eelektross\n|-damage|p2a: Eelektross|219/290\n|\n|upkeep\n|turn|9\n|\n|t:|1732988192\n|move|p1a: Kilowattrel|Hurricane|p2a: Eelektross\n|-resisted|p2a: Eelektross\n|-damage|p2a: Eelektross|176/290\n|move|p2a: Eelektross|Flamethrower|p1a: Kilowattrel\n|-damage|p1a: Kilowattrel|75/252\n|\n|upkeep\n|turn|10\n|\n|t:|1732988200\n|move|p1a: Kilowattrel|Roost|p1a: Kilowattrel\n|-heal|p1a: Kilowattrel|201/252\n|-singleturn|p1a: Kilowattrel|move: Roost\n|move|p2a: Eelektross|Flamethrower|p1a: Kilowattrel\n|-damage|p1a: Kilowattrel|105/252\n|-status|p1a: Kilowattrel|brn\n|\n|-damage|p1a: Kilowattrel|90/252 brn|[from] brn\n|upkeep\n|turn|11\n|\n|t:|1732988207\n|move|p1a: Kilowattrel|Hurricane|p2a: Eelektross\n|-resisted|p2a: Eelektross\n|-damage|p2a: Eelektross|131/290\n|move|p2a: Eelektross|U-turn|p1a: Kilowattrel\n|-resisted|p1a: Kilowattrel\n|-damage|p1a: Kilowattrel|53/252 brn\n|\n|t:|1732988209\n|switch|p2a: Lycanroc|Lycanroc, L86, F|269/269|[from] U-turn\n|\n|-damage|p1a: Kilowattrel|38/252 brn|[from] brn\n|upkeep\n|turn|12\n|\n|t:|1732988214\n|move|p1a: Kilowattrel|Thunderbolt|p2a: Lycanroc\n|-damage|p2a: Lycanroc|149/269\n|move|p2a: Lycanroc|Stone Edge|p1a: Kilowattrel\n|-supereffective|p1a: Kilowattrel\n|-damage|p1a: Kilowattrel|0 fnt\n|faint|p1a: Kilowattrel\n|-damage|p2a: Lycanroc|123/269|[from] item: Life Orb\n|\n|upkeep\n|\n|t:|1732988225\n|switch|p1a: Ditto|Ditto, L87|225/225\n|-transform|p1a: Ditto|p2a: Lycanroc|[from] ability: Imposter\n|turn|13\n|\n|t:|1732988241\n|switch|p2a: Slowbro|Slowbro, L85, F|300/300\n|move|p1a: Ditto|Crunch|p2a: Slowbro\n|-supereffective|p2a: Slowbro\n|-damage|p2a: Slowbro|182/300\n|\n|-heal|p2a: Slowbro|200/300|[from] item: Leftovers\n|upkeep\n|turn|14\n|\n|t:|1732988245\n|move|p1a: Ditto|Crunch|p2a: Slowbro\n|-supereffective|p2a: Slowbro\n|-damage|p2a: Slowbro|84/300\n|-unboost|p2a: Slowbro|def|1\n|move|p2a: Slowbro|Thunder Wave|p1a: Ditto\n|-status|p1a: Ditto|par\n|\n|-heal|p2a: Slowbro|102/300|[from] item: Leftovers\n|upkeep\n|turn|15\n|\n|t:|1732988252\n|move|p1a: Ditto|Crunch|p2a: Slowbro\n|-supereffective|p2a: Slowbro\n|-damage|p2a: Slowbro|0 fnt\n|faint|p2a: Slowbro\n|\n|upkeep\n|\n|t:|1732988256\n|switch|p2a: Tauros|Tauros-Paldea-Combat, L82, M|257/257\n|-ability|p2a: Tauros|Intimidate|boost\n|-unboost|p1a: Ditto|atk|1\n|turn|16\n|\n|t:|1732988262\n|switch|p1a: Slowbro|Slowbro, L85, F|300/300\n|move|p2a: Tauros|Close Combat|p1a: Slowbro\n|-resisted|p1a: Slowbro\n|-damage|p1a: Slowbro|217/300\n|-unboost|p2a: Tauros|def|1\n|-unboost|p2a: Tauros|spd|1\n|\n|upkeep\n|turn|17\n|\n|t:|1732988273\n|switch|p2a: Eelektross|Eelektross, L87, M|131/290\n|move|p1a: Slowbro|Future Sight|p2a: Eelektross\n|-start|p1a: Slowbro|move: Future Sight\n|\n|upkeep\n|turn|18\n|\n|t:|1732988278\n|switch|p1a: Ditto|Ditto, L87|225/225 par\n|-transform|p1a: Ditto|p2a: Eelektross|[from] ability: Imposter\n|move|p2a: Eelektross|Discharge|p1a: Ditto\n|-resisted|p1a: Ditto\n|-damage|p1a: Ditto|177/225 par\n|\n|upkeep\n|turn|19\n|\n|t:|1732988291\n|move|p2a: Eelektross|Knock Off|p1a: Ditto\n|-crit|p1a: Ditto\n|-damage|p1a: Ditto|56/225 par\n|-enditem|p1a: Ditto|Choice Scarf|[from] move: Knock Off|[of] p2a: Eelektross\n|move|p1a: Ditto|Flamethrower|p2a: Eelektross\n|-damage|p2a: Eelektross|79/290\n|-status|p2a: Eelektross|brn\n|\n|-end|p2a: Eelektross|move: Future Sight\n|-damage|p2a: Eelektross|0 fnt\n|faint|p2a: Eelektross\n|upkeep\n|\n|t:|1732988310\n|switch|p2a: Porygon2|Porygon2, L82|274/274\n|-ability|p2a: Porygon2|Download|boost\n|-boost|p2a: Porygon2|spa|1\n|turn|20\n|\n|t:|1732988319\n|move|p2a: Porygon2|Tera Blast|p1a: Ditto\n|-damage|p1a: Ditto|0 fnt\n|faint|p1a: Ditto\n|\n|upkeep\n|\n|t:|1732988333\n|switch|p1a: Diancie|Diancie, L82|216/216\n|turn|21\n|\n|t:|1732988338\n|move|p2a: Porygon2|Shadow Ball|p1a: Diancie\n|-crit|p1a: Diancie\n|-damage|p1a: Diancie|128/216\n|move|p1a: Diancie|Calm Mind|p1a: Diancie\n|-boost|p1a: Diancie|spa|1\n|-boost|p1a: Diancie|spd|1\n|\n|-heal|p1a: Diancie|141/216|[from] item: Leftovers\n|upkeep\n|turn|22\n|\n|t:|1732988344\n|move|p2a: Porygon2|Thunder Wave|p1a: Diancie\n|-status|p1a: Diancie|par\n|move|p1a: Diancie|Calm Mind|p1a: Diancie\n|-boost|p1a: Diancie|spa|1\n|-boost|p1a: Diancie|spd|1\n|\n|-heal|p1a: Diancie|154/216 par|[from] item: Leftovers\n|upkeep\n|turn|23\n|\n|t:|1732988348\n|switch|p2a: Quagsire|Quagsire, L84, M|297/297\n|move|p1a: Diancie|Draining Kiss|p2a: Quagsire\n|-damage|p2a: Quagsire|230/297\n|-heal|p1a: Diancie|204/216 par|[from] drain|[of] p2a: Quagsire\n|\n|-heal|p2a: Quagsire|248/297|[from] item: Leftovers\n|-heal|p1a: Diancie|216/216 par|[from] item: Leftovers\n|upkeep\n|turn|24\n|\n|t:|1732988355\n|move|p2a: Quagsire|Earthquake|p1a: Diancie\n|-supereffective|p1a: Diancie\n|-damage|p1a: Diancie|88/216 par\n|move|p1a: Diancie|Draining Kiss|p2a: Quagsire\n|-damage|p2a: Quagsire|179/297\n|-heal|p1a: Diancie|140/216 par|[from] drain|[of] p2a: Quagsire\n|\n|-heal|p2a: Quagsire|197/297|[from] item: Leftovers\n|-heal|p1a: Diancie|153/216 par|[from] item: Leftovers\n|upkeep\n|turn|25\n|\n|t:|1732988362\n|move|p2a: Quagsire|Earthquake|p1a: Diancie\n|-supereffective|p1a: Diancie\n|-damage|p1a: Diancie|13/216 par\n|move|p1a: Diancie|Draining Kiss|p2a: Quagsire\n|-damage|p2a: Quagsire|131/297\n|-heal|p1a: Diancie|63/216 par|[from] drain|[of] p2a: Quagsire\n|\n|-heal|p2a: Quagsire|149/297|[from] item: Leftovers\n|-heal|p1a: Diancie|76/216 par|[from] item: Leftovers\n|upkeep\n|turn|26\n|\n|t:|1732988369\n|move|p2a: Quagsire|Earthquake|p1a: Diancie\n|-supereffective|p1a: Diancie\n|-damage|p1a: Diancie|0 fnt\n|faint|p1a: Diancie\n|\n|-heal|p2a: Quagsire|167/297|[from] item: Leftovers\n|upkeep\n|\n|t:|1732988374\n|switch|p1a: Noctowl|Noctowl, L95, M|344/344\n|turn|27\n|\n|t:|1732988377\n|move|p1a: Noctowl|Hurricane|p2a: Quagsire|[miss]\n|-miss|p1a: Noctowl|p2a: Quagsire\n|move|p2a: Quagsire|Ice Beam|p1a: Noctowl\n|-supereffective|p1a: Noctowl\n|-damage|p1a: Noctowl|264/344\n|\n|-heal|p2a: Quagsire|185/297|[from] item: Leftovers\n|upkeep\n|turn|28\n|\n|t:|1732988383\n|move|p1a: Noctowl|Hurricane|p2a: Quagsire|[miss]\n|-miss|p1a: Noctowl|p2a: Quagsire\n|move|p2a: Quagsire|Ice Beam|p1a: Noctowl\n|-supereffective|p1a: Noctowl\n|-damage|p1a: Noctowl|190/344\n|\n|-heal|p2a: Quagsire|203/297|[from] item: Leftovers\n|upkeep\n|turn|29\n|c|\u2606bigragadaoppstoppa|i think they want me to lose\n|c|\u2606bigragadaoppstoppa|i got this feeling\n|\n|t:|1732988410\n|move|p1a: Noctowl|Roost|p1a: Noctowl\n|-heal|p1a: Noctowl|344/344\n|-singleturn|p1a: Noctowl|move: Roost\n|move|p2a: Quagsire|Ice Beam|p1a: Noctowl\n|-damage|p1a: Noctowl|306/344\n|\n|-heal|p2a: Quagsire|221/297|[from] item: Leftovers\n|upkeep\n|turn|30\n|\n|t:|1732988416\n|switch|p2a: Lycanroc|Lycanroc, L86, F|123/269\n|move|p1a: Noctowl|Hurricane|p2a: Lycanroc\n|-resisted|p2a: Lycanroc\n|-damage|p2a: Lycanroc|0 fnt\n|faint|p2a: Lycanroc\n|\n|upkeep\n|\n|t:|1732988423\n|switch|p2a: Porygon2|Porygon2, L82|274/274\n|-ability|p2a: Porygon2|Download|boost\n|-boost|p2a: Porygon2|atk|1\n|turn|31\n|\n|t:|1732988427\n|move|p1a: Noctowl|Hurricane|p2a: Porygon2|[miss]\n|-miss|p1a: Noctowl|p2a: Porygon2\n|move|p2a: Porygon2|Thunder Wave|p1a: Noctowl\n|-status|p1a: Noctowl|par\n|\n|upkeep\n|turn|32\n|c|\u2606bigragadaoppstoppa|hmm\n|\n|t:|1732988441\n|move|p2a: Porygon2|Tera Blast|p1a: Noctowl\n|-damage|p1a: Noctowl|236/344 par\n|move|p1a: Noctowl|Hurricane|p2a: Porygon2\n|-damage|p2a: Porygon2|190/274\n|\n|upkeep\n|turn|33\n|\n|t:|1732988448\n|move|p2a: Porygon2|Tera Blast|p1a: Noctowl\n|-damage|p1a: Noctowl|166/344 par\n|move|p1a: Noctowl|Hurricane|p2a: Porygon2|[miss]\n|-miss|p1a: Noctowl|p2a: Porygon2\n|\n|upkeep\n|turn|34\n|\n|t:|1732988453\n|move|p2a: Porygon2|Tera Blast|p1a: Noctowl\n|-crit|p1a: Noctowl\n|-damage|p1a: Noctowl|49/344 par\n|move|p1a: Noctowl|Hurricane|p2a: Porygon2\n|-damage|p2a: Porygon2|97/274\n|\n|upkeep\n|turn|35\n|\n|t:|1732988459\n|move|p2a: Porygon2|Tera Blast|p1a: Noctowl\n|-damage|p1a: Noctowl|0 fnt\n|faint|p1a: Noctowl\n|\n|upkeep\n|\n|t:|1732988461\n|switch|p1a: Slowbro|Slowbro, L85, F|300/300\n|turn|36\n|\n|t:|1732988465\n|move|p2a: Porygon2|Thunder Wave|p1a: Slowbro\n|-status|p1a: Slowbro|par\n|move|p1a: Slowbro|Body Press|p2a: Porygon2\n|-supereffective|p2a: Porygon2\n|-damage|p2a: Porygon2|3/274\n|\n|upkeep\n|turn|37\n|\n|t:|1732988472\n|move|p2a: Porygon2|Shadow Ball|p1a: Slowbro\n|-supereffective|p1a: Slowbro\n|-damage|p1a: Slowbro|224/300 par\n|-unboost|p1a: Slowbro|spd|1\n|cant|p1a: Slowbro|par\n|\n|upkeep\n|turn|38\n|\n|t:|1732988480\n|move|p2a: Porygon2|Recover|p2a: Porygon2\n|-heal|p2a: Porygon2|140/274\n|cant|p1a: Slowbro|par\n|\n|upkeep\n|turn|39\n|\n|t:|1732988485\n|move|p2a: Porygon2|Shadow Ball|p1a: Slowbro\n|-supereffective|p1a: Slowbro\n|-damage|p1a: Slowbro|96/300 par\n|move|p1a: Slowbro|Future Sight|p2a: Porygon2\n|-start|p1a: Slowbro|move: Future Sight\n|\n|upkeep\n|turn|40\n|\n|t:|1732988491\n|move|p2a: Porygon2|Shadow Ball|p1a: Slowbro\n|-supereffective|p1a: Slowbro\n|-damage|p1a: Slowbro|0 fnt\n|faint|p1a: Slowbro\n|\n|win|ligrankpo\n|raw|bigragadaoppstoppa's rating: 1363 &rarr; <strong>1344</strong><br />(-19 for losing)\n|raw|ligrankpo's rating: 1389 &rarr; <strong>1408</strong><br />(+19 for winning)\n", "inputlog": ">version b107d77f5c90bd6555267ae244a6264823309ead\n>start {\"formatid\":\"gen9randombattle\",\"seed\":[24171,52126,42638,35055],\"rated\":\"Rated battle\"}\n>player p1 {\"name\":\"bigragadaoppstoppa\",\"avatar\":\"benga\",\"rating\":1363,\"seed\":[39975,1070,10432,48579]}\n>player p2 {\"name\":\"ligrankpo\",\"avatar\":\"ghetsis-gen5bw\",\"rating\":1389,\"seed\":[41228,59122,6918,43666]}\n>p1 switch 3\n>p2 move knockoff\n>p1 move roost\n>p2 move flamethrower\n>p1 move uturn\n>p2 move uturn\n>p1 switch 2\n>p2 switch 3\n>p1 move alluringvoice\n>p2 move thunderwave\n>p1 move alluringvoice\n>p2 move psyshock\n>p1 move recover\n>p2 move psyshock\n>p1 move recover\n>p2 move psyshock\n>p1 switch 2\n>p1 move thunderbolt\n>p2 switch 3\n>p1 move hurricane\n>p2 move flamethrower\n>p1 move roost\n>p2 move flamethrower\n>p1 move hurricane\n>p2 move uturn\n>p2 switch 6\n>p1 move thunderbolt\n>p2 move stoneedge\n>p1 switch 4\n>p1 move crunch\n>p2 switch 3\n>p1 move crunch\n>p2 move thunderwave\n>p1 move crunch\n>p2 move scald\n>p2 switch 2\n>p1 switch 5\n>p2 move closecombat\n>p1 move futuresight\n>p2 switch 6\n>p1 switch 5\n>p2 move discharge\n>p1 move flamethrower\n>p2 move knockoff\n>p2 switch 4\n>p1 move knockoff\n>p2 move terablast\n>p1 switch 6\n>p1 move calmmind\n>p2 move shadowball\n>p1 move calmmind\n>p2 move thunderwave\n>p1 move drainingkiss\n>p2 switch 5\n>p1 move drainingkiss\n>p2 move earthquake\n>p1 move drainingkiss\n>p2 move earthquake\n>p1 move drainingkiss\n>p2 move earthquake\n>p1 switch 3\n>p1 move hurricane\n>p2 move icebeam\n>p1 move hurricane\n>p2 move icebeam\n>chat \u2606bigragadaoppstoppa|i think they want me to lose\n>chat \u2606bigragadaoppstoppa|i got this feeling\n>p1 move roost\n>p2 move icebeam\n>p1 move hurricane\n>p2 switch 3\n>p2 switch 5\n>p1 move hurricane\n>p2 move thunderwave\n>chat \u2606bigragadaoppstoppa|hmm\n>p1 move hurricane\n>p2 move terablast\n>p1 move hurricane\n>p2 move terablast\n>p1 move hurricane\n>p2 move terablast\n>p1 move hurricane\n>p2 move terablast\n>p1 switch 5\n>p1 move bodypress\n>p2 move thunderwave\n>p1 move bodypress\n>p2 move shadowball\n>p1 move bodypress\n>p2 move recover\n>p1 move futuresight\n>p2 move shadowball\n>p1 move bodypress\n>p2 move shadowball", "uploadtime": 1732988493, "views": 12, "formatid": "gen9randombattle", "rating": 1344, "private": 0, "password": null}