{"id": "gen9randombattle-2253844067", "format": "[Gen 9] Random Battle", "players": ["k0k0n4_", "pythoncoder"], "log": "|j|\u2606k0k0n4_\n|j|\u2606pythoncoder\n|t:|1732947464\n|gametype|singles\n|player|p1|k0k0n4_|winona|1226\n|player|p2|pythoncoder|102|1249\n|teamsize|p1|6\n|teamsize|p2|6\n|gen|9\n|tier|[Gen 9] Random Battle\n|rated|\n|rule|Species Clause: Limit one of each Pok\u00e9mon\n|rule|HP Percentage Mod: HP is shown in percentages\n|rule|Sleep Clause Mod: Limit one foe put to sleep\n|rule|Illusion Level Mod: Illusion disguises the Pok\u00e9mon's true level\n|\n|t:|1732947464\n|start\n|switch|p1a: Koraidon|Koraidon, L64|235/235\n|switch|p2a: Tentacruel|Tentacruel, L84, F|272/272\n|-weather|SunnyDay|[from] ability: Orichalcum Pulse|[of] p1a: Koraidon\n|-activate|p1a: Koraidon|Orichalcum Pulse|[source]\n|turn|1\n|inactive|Battle timer is ON: inactive players will automatically lose when time's up. (requested by k0k0n4_)\n|c|\u2606k0k0n4_|glhf!!!!!\n|\n|t:|1732947488\n|switch|p1a: Furret|Furret, L94, M|312/312\n|-item|p2a: Tentacruel|Assault Vest|[from] ability: Frisk|[of] p1a: Furret\n|move|p2a: Tentacruel|Sludge Bomb|p1a: Furret\n|-damage|p1a: Furret|215/312\n|\n|-weather|SunnyDay|[upkeep]\n|upkeep\n|turn|2\n|c|\u2606pythoncoder|hf\n|\n|t:|1732947515\n|switch|p2a: Passimian|Passimian, L83, F|302/302\n|move|p1a: Furret|Double-Edge|p2a: Passimian\n|-damage|p2a: Passimian|98/302\n|-damage|p1a: Furret|148/312|[from] Recoil\n|\n|-weather|SunnyDay|[upkeep]\n|-heal|p2a: Passimian|116/302|[from] item: Leftovers\n|upkeep\n|turn|3\n|\n|t:|1732947525\n|move|p1a: Furret|Double-Edge|p2a: Passimian\n|-damage|p2a: Passimian|0 fnt\n|faint|p2a: Passimian\n|-damage|p1a: Furret|110/312|[from] Recoil\n|\n|-weather|SunnyDay|[upkeep]\n|upkeep\n|\n|t:|1732947540\n|switch|p2a: Zarude|Zarude-Dada, L78|292/292\n|turn|4\n|\n|t:|1732947553\n|move|p2a: Zarude|Close Combat|p1a: Furret\n|-supereffective|p1a: Furret\n|-damage|p1a: Furret|0 fnt\n|-unboost|p2a: Zarude|def|1\n|-unboost|p2a: Zarude|spd|1\n|faint|p1a: Furret\n|\n|-weather|SunnyDay|[upkeep]\n|upkeep\n|\n|t:|1732947566\n|switch|p1a: Pawmot|Pawmot, L80, M|243/243\n|turn|5\n|inactive|pythoncoder has 120 seconds left.\n|\n|t:|1732947592\n|switch|p2a: Carbink|Carbink, L90|236/236\n|move|p1a: Pawmot|Close Combat|p2a: Carbink\n|-damage|p2a: Carbink|127/236\n|-unboost|p1a: Pawmot|def|1\n|-unboost|p1a: Pawmot|spd|1\n|-damage|p1a: Pawmot|219/243|[from] item: Life Orb\n|\n|-weather|none\n|-heal|p2a: Carbink|141/236|[from] item: Leftovers\n|upkeep\n|turn|6\n|inactive|pythoncoder has 120 seconds left.\n|\n|t:|1732947607\n|switch|p1a: Gogoat|Gogoat, L88, F|360/360\n|move|p2a: Carbink|Moonblast|p1a: Gogoat\n|-damage|p1a: Gogoat|285/360\n|\n|-heal|p1a: Gogoat|307/360|[from] item: Leftovers\n|-heal|p2a: Carbink|155/236|[from] item: Leftovers\n|upkeep\n|turn|7\n|\n|t:|1732947621\n|switch|p2a: Zarude|Zarude-Dada, L78|292/292\n|move|p1a: Gogoat|Bulk Up|p1a: Gogoat\n|-boost|p1a: Gogoat|atk|1\n|-boost|p1a: Gogoat|def|1\n|\n|-heal|p1a: Gogoat|329/360|[from] item: Leftovers\n|upkeep\n|turn|8\n|\n|t:|1732947636\n|-terastallize|p2a: Zarude|Grass\n|move|p2a: Zarude|Knock Off|p1a: Gogoat\n|-damage|p1a: Gogoat|233/360\n|-enditem|p1a: Gogoat|Leftovers|[from] move: Knock Off|[of] p2a: Zarude\n|move|p1a: Gogoat|Earthquake|p2a: Zarude\n|-resisted|p2a: Zarude\n|-damage|p2a: Zarude|232/292\n|\n|upkeep\n|turn|9\n|\n|t:|1732947654\n|switch|p1a: Koraidon|Koraidon, L64|235/235\n|-weather|SunnyDay|[from] ability: Orichalcum Pulse|[of] p1a: Koraidon\n|-activate|p1a: Koraidon|Orichalcum Pulse|[source]\n|move|p2a: Zarude|Knock Off|p1a: Koraidon\n|-resisted|p1a: Koraidon\n|-damage|p1a: Koraidon|175/235\n|-enditem|p1a: Koraidon|Choice Band|[from] move: Knock Off|[of] p2a: Zarude\n|\n|-weather|SunnyDay|[upkeep]\n|upkeep\n|turn|10\n|inactive|pythoncoder has 120 seconds left.\n|\n|t:|1732947674\n|switch|p2a: Carbink|Carbink, L90|155/236\n|move|p1a: Koraidon|Flare Blitz|p2a: Carbink\n|-resisted|p2a: Carbink\n|-damage|p2a: Carbink|115/236\n|-damage|p1a: Koraidon|162/235|[from] Recoil\n|\n|-weather|SunnyDay|[upkeep]\n|-heal|p2a: Carbink|129/236|[from] item: Leftovers\n|upkeep\n|turn|11\n|\n|t:|1732947694\n|switch|p1a: Gogoat|Gogoat, L88, F|233/360\n|move|p2a: Carbink|Moonblast|p1a: Gogoat\n|-damage|p1a: Gogoat|155/360\n|\n|-weather|SunnyDay|[upkeep]\n|-heal|p2a: Carbink|143/236|[from] item: Leftovers\n|upkeep\n|turn|12\n|\n|t:|1732947707\n|switch|p2a: Zarude|Zarude-Dada, L78, tera:Grass|232/292\n|move|p1a: Gogoat|Milk Drink|p1a: Gogoat\n|-heal|p1a: Gogoat|335/360\n|\n|-weather|SunnyDay|[upkeep]\n|upkeep\n|turn|13\n|\n|t:|1732947718\n|move|p2a: Zarude|Knock Off|p1a: Gogoat\n|-damage|p1a: Gogoat|239/360\n|move|p1a: Gogoat|Bulk Up|p1a: Gogoat\n|-boost|p1a: Gogoat|atk|1\n|-boost|p1a: Gogoat|def|1\n|\n|-weather|none\n|upkeep\n|turn|14\n|\n|t:|1732947725\n|move|p2a: Zarude|Knock Off|p1a: Gogoat\n|-damage|p1a: Gogoat|178/360\n|move|p1a: Gogoat|Bulk Up|p1a: Gogoat\n|-boost|p1a: Gogoat|atk|1\n|-boost|p1a: Gogoat|def|1\n|\n|upkeep\n|turn|15\n|inactive|pythoncoder has 120 seconds left.\n|\n|t:|1732947734\n|switch|p2a: Tentacruel|Tentacruel, L84, F|272/272\n|move|p1a: Gogoat|Milk Drink|p1a: Gogoat\n|-heal|p1a: Gogoat|358/360\n|\n|upkeep\n|turn|16\n|\n|t:|1732947741\n|move|p2a: Tentacruel|Sludge Bomb|p1a: Gogoat\n|-supereffective|p1a: Gogoat\n|-damage|p1a: Gogoat|202/360\n|move|p1a: Gogoat|Horn Leech|p2a: Tentacruel\n|-damage|p2a: Tentacruel|46/272\n|-damage|p1a: Gogoat|89/360|[from] ability: Liquid Ooze|[of] p2a: Tentacruel\n|\n|upkeep\n|turn|17\n|\n|t:|1732947750\n|move|p2a: Tentacruel|Sludge Bomb|p1a: Gogoat\n|-supereffective|p1a: Gogoat\n|-damage|p1a: Gogoat|0 fnt\n|faint|p1a: Gogoat\n|\n|upkeep\n|\n|t:|1732947757\n|switch|p1a: Koraidon|Koraidon, L64|162/235\n|-weather|SunnyDay|[from] ability: Orichalcum Pulse|[of] p1a: Koraidon\n|-activate|p1a: Koraidon|Orichalcum Pulse|[source]\n|turn|18\n|\n|t:|1732947768\n|move|p2a: Tentacruel|Sludge Bomb|p1a: Koraidon\n|-damage|p1a: Koraidon|71/235\n|move|p1a: Koraidon|Outrage|p2a: Tentacruel\n|-crit|p2a: Tentacruel\n|-damage|p2a: Tentacruel|0 fnt\n|faint|p2a: Tentacruel\n|\n|-weather|SunnyDay|[upkeep]\n|upkeep\n|\n|t:|1732947777\n|switch|p2a: Carbink|Carbink, L90|143/236\n|turn|19\n|c|\u2606k0k0n4_|oops\n|\n|t:|1732947784\n|move|p1a: Koraidon|Outrage|p2a: Carbink|[from]lockedmove\n|-immune|p2a: Carbink\n|-start|p1a: Koraidon|confusion|[fatigue]\n|move|p2a: Carbink|Moonblast|p1a: Koraidon\n|-supereffective|p1a: Koraidon\n|-damage|p1a: Koraidon|0 fnt\n|faint|p1a: Koraidon\n|\n|-weather|SunnyDay|[upkeep]\n|-heal|p2a: Carbink|157/236|[from] item: Leftovers\n|upkeep\n|c|\u2606pythoncoder|lol\n|\n|t:|1732947792\n|switch|p1a: Chimecho|Chimecho, L94, M|293/293\n|turn|20\n|\n|t:|1732947802\n|move|p1a: Chimecho|Cosmic Power|p1a: Chimecho\n|-boost|p1a: Chimecho|def|1\n|-boost|p1a: Chimecho|spd|1\n|move|p2a: Carbink|Moonblast|p1a: Chimecho\n|-damage|p1a: Chimecho|250/293\n|\n|-weather|SunnyDay|[upkeep]\n|-heal|p1a: Chimecho|268/293|[from] item: Leftovers\n|-heal|p2a: Carbink|171/236|[from] item: Leftovers\n|upkeep\n|turn|21\n|\n|t:|1732947818\n|switch|p2a: Zarude|Zarude-Dada, L78, tera:Grass|232/292\n|move|p1a: Chimecho|Cosmic Power|p1a: Chimecho\n|-boost|p1a: Chimecho|def|1\n|-boost|p1a: Chimecho|spd|1\n|\n|-weather|SunnyDay|[upkeep]\n|-heal|p1a: Chimecho|286/293|[from] item: Leftovers\n|upkeep\n|turn|22\n|\n|t:|1732947826\n|move|p2a: Zarude|Knock Off|p1a: Chimecho\n|-supereffective|p1a: Chimecho\n|-damage|p1a: Chimecho|182/293\n|-enditem|p1a: Chimecho|Leftovers|[from] move: Knock Off|[of] p2a: Zarude\n|move|p1a: Chimecho|Dazzling Gleam|p2a: Zarude\n|-damage|p2a: Zarude|166/292\n|\n|-weather|none\n|upkeep\n|turn|23\n|\n|t:|1732947834\n|move|p2a: Zarude|Knock Off|p1a: Chimecho\n|-supereffective|p1a: Chimecho\n|-damage|p1a: Chimecho|108/293\n|move|p1a: Chimecho|Stored Power|p2a: Zarude\n|-damage|p2a: Zarude|33/292\n|\n|upkeep\n|turn|24\n|\n|t:|1732947840\n|move|p2a: Zarude|Knock Off|p1a: Chimecho\n|-supereffective|p1a: Chimecho\n|-damage|p1a: Chimecho|42/293\n|move|p1a: Chimecho|Recover|p1a: Chimecho\n|-heal|p1a: Chimecho|189/293\n|\n|upkeep\n|turn|25\n|\n|t:|1732947850\n|move|p2a: Zarude|Knock Off|p1a: Chimecho\n|-supereffective|p1a: Chimecho\n|-damage|p1a: Chimecho|121/293\n|move|p1a: Chimecho|Cosmic Power|p1a: Chimecho\n|-boost|p1a: Chimecho|def|1\n|-boost|p1a: Chimecho|spd|1\n|\n|upkeep\n|turn|26\n|\n|t:|1732947856\n|move|p2a: Zarude|Knock Off|p1a: Chimecho\n|-supereffective|p1a: Chimecho\n|-damage|p1a: Chimecho|67/293\n|move|p1a: Chimecho|Recover|p1a: Chimecho\n|-heal|p1a: Chimecho|214/293\n|\n|upkeep\n|turn|27\n|\n|t:|1732947862\n|move|p2a: Zarude|Knock Off|p1a: Chimecho\n|-supereffective|p1a: Chimecho\n|-damage|p1a: Chimecho|164/293\n|move|p1a: Chimecho|Stored Power|p2a: Zarude\n|-damage|p2a: Zarude|0 fnt\n|faint|p2a: Zarude\n|\n|upkeep\n|\n|t:|1732947886\n|switch|p2a: Barraskewda|Barraskewda, L81, M|231/231\n|turn|28\n|\n|t:|1732947903\n|move|p2a: Barraskewda|Flip Turn|p1a: Chimecho\n|-damage|p1a: Chimecho|119/293\n|\n|t:|1732947915\n|switch|p2a: Carbink|Carbink, L90|171/236|[from] Flip Turn\n|move|p1a: Chimecho|Cosmic Power|p1a: Chimecho\n|-boost|p1a: Chimecho|def|1\n|-boost|p1a: Chimecho|spd|1\n|\n|-heal|p2a: Carbink|185/236|[from] item: Leftovers\n|upkeep\n|turn|29\n|\n|t:|1732947931\n|move|p1a: Chimecho|Stored Power|p2a: Carbink\n|-damage|p2a: Carbink|49/236\n|move|p2a: Carbink|Moonblast|p1a: Chimecho\n|-damage|p1a: Chimecho|97/293\n|\n|-heal|p2a: Carbink|63/236|[from] item: Leftovers\n|upkeep\n|turn|30\n|\n|t:|1732947941\n|move|p1a: Chimecho|Recover|p1a: Chimecho\n|-heal|p1a: Chimecho|244/293\n|move|p2a: Carbink|Body Press|p1a: Chimecho\n|-resisted|p1a: Chimecho\n|-damage|p1a: Chimecho|230/293\n|\n|-heal|p2a: Carbink|77/236|[from] item: Leftovers\n|upkeep\n|turn|31\n|c|\u2606k0k0n4_|Why is chimecho goated right now what\n|\n|t:|1732947956\n|move|p1a: Chimecho|Stored Power|p2a: Carbink\n|-damage|p2a: Carbink|0 fnt\n|faint|p2a: Carbink\n|\n|upkeep\n|\n|t:|1732947961\n|switch|p2a: Barraskewda|Barraskewda, L81, M|231/231\n|turn|32\n|\n|t:|1732947967\n|move|p2a: Barraskewda|Waterfall|p1a: Chimecho\n|-damage|p1a: Chimecho|181/293\n|move|p1a: Chimecho|Stored Power|p2a: Barraskewda\n|-damage|p2a: Barraskewda|0 fnt\n|faint|p2a: Barraskewda\n|\n|upkeep\n|\n|t:|1732947975\n|switch|p2a: Lucario|Lucario, L84, F|255/255\n|turn|33\n|c|\u2606pythoncoder|gg\n|\n|t:|1732947988\n|-terastallize|p1a: Chimecho|Steel\n|move|p2a: Lucario|Flash Cannon|p1a: Chimecho\n|-resisted|p1a: Chimecho\n|-damage|p1a: Chimecho|163/293\n|-damage|p2a: Lucario|230/255|[from] item: Life Orb\n|move|p1a: Chimecho|Stored Power|p2a: Lucario\n|-damage|p2a: Lucario|0 fnt\n|faint|p2a: Lucario\n|\n|win|k0k0n4_\n|raw|k0k0n4_'s rating: 1226 &rarr; <strong>1253</strong><br />(+27 for winning)\n|raw|pythoncoder's rating: 1249 &rarr; <strong>1222</strong><br />(-27 for losing)\n|c|\u2606k0k0n4_|gg\n|l|\u2606pythoncoder\n|player|p2|\n", "inputlog": ">version b107d77f5c90bd6555267ae244a6264823309ead\n>start {\"formatid\":\"gen9randombattle\",\"seed\":[1589,29229,44784,33431],\"rated\":\"Rated battle\"}\n>player p1 {\"name\":\"k0k0n4_\",\"avatar\":\"winona\",\"rating\":1226,\"seed\":[16691,34190,59243,45833]}\n>player p2 {\"name\":\"pythoncoder\",\"avatar\":\"102\",\"rating\":1249,\"seed\":[9790,11592,22941,3231]}\n>chat \u2606k0k0n4_|glhf!!!!!\n>p1 switch 5\n>p2 move sludgebomb\n>chat \u2606pythoncoder|hf\n>p1 move doubleedge\n>p2 switch 3\n>p1 move doubleedge\n>p2 move drainpunch\n>p2 switch 6\n>p1 move doubleedge\n>p2 move closecombat\n>p1 switch 6\n>p1 move closecombat\n>p2 switch 5\n>p1 switch 2\n>p2 move moonblast\n>p1 move bulkup\n>p2 switch 5\n>p1 move earthquake\n>p2 move knockoff terastallize\n>p1 switch 5\n>p2 move knockoff\n>p1 move flareblitz\n>p2 switch 5\n>p1 switch 5\n>p2 move moonblast\n>p1 move milkdrink\n>p2 switch 5\n>p1 move bulkup\n>p2 move knockoff\n>p1 move bulkup\n>p2 move knockoff\n>p1 move milkdrink\n>p2 switch 3\n>p1 move hornleech\n>p2 move sludgebomb\n>p1 move earthquake\n>p2 move sludgebomb\n>p1 switch 5\n>p1 move outrage\n>p2 move sludgebomb\n>p2 switch 5\n>chat \u2606k0k0n4_|oops\n>p1 move outrage\n>p2 move moonblast\n>chat \u2606pythoncoder|lol\n>p1 switch 3\n>p1 move cosmicpower\n>p2 move moonblast\n>p1 move cosmicpower\n>p2 switch 3\n>p1 move dazzlinggleam\n>p2 move knockoff\n>p1 move storedpower\n>p2 move knockoff\n>p1 move recover\n>p2 move knockoff\n>p1 move cosmicpower\n>p2 move knockoff\n>p1 move recover\n>p2 move knockoff\n>p1 move storedpower\n>p2 move knockoff\n>p2 switch 4\n>p1 move cosmicpower\n>p2 move flipturn\n>p2 switch 3\n>p1 move storedpower\n>p2 move moonblast\n>p1 move recover\n>p2 move bodypress\n>chat \u2606k0k0n4_|Why is chimecho goated right now what\n>p1 move storedpower\n>p2 move bodypress\n>p2 switch 3\n>p1 move storedpower\n>p2 move waterfall\n>p2 switch 2\n>chat \u2606pythoncoder|gg\n>p1 move storedpower terastallize\n>p2 move flashcannon", "uploadtime": 1732948023, "views": 2, "formatid": "gen9randombattle", "rating": 1222, "private": 0, "password": null}