{"id": "gen9randombattle-2254099951", "format": "[Gen 9] Random Battle", "players": ["MegaADgaming", "bobozizzy"], "log": "|j|\u2606MegaADgaming\n|j|\u2606bobozizzy\n|t:|1732991248\n|gametype|singles\n|player|p1|MegaADgaming|266|\n|player|p2|bobozizzy|pokemonbreederf-gen4|\n|teamsize|p1|6\n|teamsize|p2|6\n|gen|9\n|tier|[Gen 9] Random Battle\n|rule|Species Clause: Limit one of each Pok\u00e9mon\n|rule|HP Percentage Mod: HP is shown in percentages\n|rule|Sleep Clause Mod: Limit one foe put to sleep\n|rule|Illusion Level Mod: Illusion disguises the Pok\u00e9mon's true level\n|\n|t:|1732991248\n|start\n|switch|p1a: Flapple|Flapple, L88, M|266/266\n|switch|p2a: Eelektross|Eelektross, L87, F|290/290\n|turn|1\n|\n|t:|1732991258\n|move|p1a: Flapple|Dragon Dance|p1a: Flapple\n|-boost|p1a: Flapple|atk|1\n|-boost|p1a: Flapple|spe|1\n|move|p2a: Eelektross|Coil|p2a: Eelektross\n|-boost|p2a: Eelektross|atk|1\n|-boost|p2a: Eelektross|def|1\n|-boost|p2a: Eelektross|accuracy|1\n|\n|upkeep\n|turn|2\n|inactive|Battle timer is ON: inactive players will automatically lose when time's up. (requested by bobozizzy)\n|\n|t:|1732991268\n|move|p1a: Flapple|Dragon Dance|p1a: Flapple\n|-boost|p1a: Flapple|atk|1\n|-boost|p1a: Flapple|spe|1\n|move|p2a: Eelektross|Fire Punch|p1a: Flapple\n|-damage|p1a: Flapple|167/266\n|\n|upkeep\n|turn|3\n|\n|t:|1732991278\n|move|p1a: Flapple|Grav Apple|p2a: Eelektross\n|-damage|p2a: Eelektross|79/290\n|-unboost|p2a: Eelektross|def|1\n|move|p2a: Eelektross|Fire Punch|p1a: Flapple\n|-damage|p1a: Flapple|70/266\n|\n|-heal|p2a: Eelektross|97/290|[from] item: Leftovers\n|upkeep\n|turn|4\n|\n|t:|1732991286\n|move|p1a: Flapple|Grav Apple|p2a: Eelektross\n|-damage|p2a: Eelektross|0 fnt\n|faint|p2a: Eelektross\n|\n|upkeep\n|\n|t:|1732991304\n|switch|p2a: Scyther|Scyther, L82, M|249/249\n|turn|5\n|\n|t:|1732991309\n|-terastallize|p1a: Flapple|Fire\n|move|p1a: Flapple|Tera Blast|p2a: Scyther|[anim] Tera Blast Fire\n|-supereffective|p2a: Scyther\n|-damage|p2a: Scyther|0 fnt\n|faint|p2a: Scyther\n|\n|upkeep\n|\n|t:|1732991314\n|switch|p2a: Whimsicott|Whimsicott, L85, M|241/241\n|turn|6\n|\n|t:|1732991317\n|move|p1a: Flapple|Tera Blast|p2a: Whimsicott|[anim] Tera Blast Fire\n|-supereffective|p2a: Whimsicott\n|-damage|p2a: Whimsicott|0 fnt\n|faint|p2a: Whimsicott\n|\n|upkeep\n|\n|t:|1732991320\n|switch|p2a: Amoonguss|Amoonguss, L82, F|321/321\n|turn|7\n|\n|t:|1732991323\n|move|p1a: Flapple|Tera Blast|p2a: Amoonguss|[anim] Tera Blast Fire\n|-supereffective|p2a: Amoonguss\n|-damage|p2a: Amoonguss|0 fnt\n|faint|p2a: Amoonguss\n|\n|upkeep\n|\n|t:|1732991326\n|switch|p2a: Kyurem|Kyurem-Black, L71|295/295\n|-ability|p2a: Kyurem|Teravolt\n|turn|8\n|\n|t:|1732991331\n|move|p1a: Flapple|Outrage|p2a: Kyurem\n|-supereffective|p2a: Kyurem\n|-damage|p2a: Kyurem|0 fnt\n|faint|p2a: Kyurem\n|\n|upkeep\n|\n|t:|1732991334\n|switch|p2a: Archaludon|Archaludon, L78, F|268/268\n|turn|9\n|\n|t:|1732991338\n|move|p1a: Flapple|Outrage|p2a: Archaludon|[from]lockedmove\n|-damage|p2a: Archaludon|0 fnt\n|faint|p2a: Archaludon\n|\n|win|MegaADgaming\n|l|\u2606bobozizzy\n|player|p2|\n", "inputlog": ">version b107d77f5c90bd6555267ae244a6264823309ead\n>start {\"formatid\":\"gen9randombattle\",\"seed\":[56651,28580,38650,18001]}\n>player p1 {\"name\":\"MegaADgaming\",\"avatar\":\"266\",\"rating\":0,\"seed\":[38828,24715,25716,21763]}\n>player p2 {\"name\":\"bobozizzy\",\"avatar\":\"pokemonbreederf-gen4\",\"rating\":0,\"seed\":[22602,63455,56922,26182]}\n>p1 move dragondance\n>p2 move coil\n>p1 move dragondance\n>p2 move firepunch\n>p1 move gravapple\n>p2 move firepunch\n>p1 move gravapple\n>p2 move firepunch\n>p2 switch 5\n>p1 move terablast terastallize\n>p2 move uturn\n>p2 switch 3\n>p1 move terablast\n>p2 move moonblast\n>p2 switch 4\n>p1 move terablast\n>p2 move sludgebomb\n>p2 switch 6\n>p1 move outrage\n>p2 move fusionbolt\n>p2 switch 2\n>p1 move outrage\n>p2 move outrage", "uploadtime": 1732991345, "views": 3, "formatid": "gen9randombattle", "rating": null, "private": 0, "password": null}