{"id": "gen9randombattle-2253963161", "format": "[Gen 9] Random Battle", "players": ["Muk Muk Goodra", "Azertyko754"], "log": "|j|\u2606Muk Muk Goodra\n|j|\u2606Azertyko754\n|t:|1732972255\n|gametype|singles\n|player|p1|Muk Muk Goodra|101|1834\n|player|p2|Azertyko754|169|1782\n|teamsize|p1|6\n|teamsize|p2|6\n|gen|9\n|tier|[Gen 9] Random Battle\n|rated|\n|rule|Species Clause: Limit one of each Pok\u00e9mon\n|rule|HP Percentage Mod: HP is shown in percentages\n|rule|Sleep Clause Mod: Limit one foe put to sleep\n|rule|Illusion Level Mod: Illusion disguises the Pok\u00e9mon's true level\n|\n|t:|1732972255\n|start\n|switch|p1a: Farigiraf|Farigiraf, L91, F|366/366\n|switch|p2a: Perrserker|Perrserker, L89, F|269/269\n|turn|1\n|inactive|Battle timer is ON: inactive players will automatically lose when time's up. (requested by Muk Muk Goodra)\n|\n|t:|1732972266\n|move|p1a: Farigiraf|Protect|p1a: Farigiraf\n|-singleturn|p1a: Farigiraf|Protect\n|move|p2a: Perrserker|Knock Off|p1a: Farigiraf\n|-activate|p1a: Farigiraf|move: Protect\n|\n|upkeep\n|turn|2\n|inactive|Muk Muk Goodra has 120 seconds left.\n|\n|t:|1732972325\n|switch|p1a: Sandslash|Sandslash, L88, M|275/275\n|move|p2a: Perrserker|Knock Off|p1a: Sandslash\n|-damage|p1a: Sandslash|175/275\n|-enditem|p1a: Sandslash|Leftovers|[from] move: Knock Off|[of] p2a: Perrserker\n|\n|upkeep\n|turn|3\n|\n|t:|1732972335\n|switch|p2a: Gliscor|Gliscor, L76, M|239/239\n|move|p1a: Sandslash|Rapid Spin|p2a: Gliscor\n|-damage|p2a: Gliscor|202/239\n|-boost|p1a: Sandslash|spe|1\n|\n|-status|p2a: Gliscor|tox|[from] item: Toxic Orb\n|upkeep\n|turn|4\n|\n|t:|1732972360\n|switch|p1a: Farigiraf|Farigiraf, L91, F|366/366\n|move|p2a: Gliscor|Toxic Spikes|p1a: Farigiraf\n|-sidestart|p1: Muk Muk Goodra|move: Toxic Spikes\n|\n|-heal|p2a: Gliscor|231/239 tox|[from] ability: Poison Heal\n|upkeep\n|turn|5\n|\n|t:|1732972370\n|move|p2a: Gliscor|Knock Off|p1a: Farigiraf\n|-supereffective|p1a: Farigiraf\n|-damage|p1a: Farigiraf|234/366\n|-enditem|p1a: Farigiraf|Leftovers|[from] move: Knock Off|[of] p2a: Gliscor\n|move|p1a: Farigiraf|Future Sight|p2a: Gliscor\n|-start|p1a: Farigiraf|move: Future Sight\n|\n|-heal|p2a: Gliscor|239/239 tox|[from] ability: Poison Heal\n|upkeep\n|turn|6\n|\n|t:|1732972378\n|move|p2a: Gliscor|Toxic Spikes|p1a: Farigiraf\n|-sidestart|p1: Muk Muk Goodra|move: Toxic Spikes\n|move|p1a: Farigiraf|Hyper Voice|p2a: Gliscor\n|-damage|p2a: Gliscor|82/239 tox\n|\n|-heal|p2a: Gliscor|111/239 tox|[from] ability: Poison Heal\n|upkeep\n|turn|7\n|\n|t:|1732972386\n|move|p2a: Gliscor|U-turn|p1a: Farigiraf\n|-supereffective|p1a: Farigiraf\n|-damage|p1a: Farigiraf|146/366\n|\n|t:|1732972388\n|switch|p2a: Perrserker|Perrserker, L89, F|269/269|[from] U-turn\n|move|p1a: Farigiraf|Wish|p1a: Farigiraf\n|\n|-end|p2a: Perrserker|move: Future Sight\n|-resisted|p2a: Perrserker\n|-damage|p2a: Perrserker|175/269\n|upkeep\n|turn|8\n|inactive|Muk Muk Goodra has 120 seconds left.\n|\n|t:|1732972398\n|move|p1a: Farigiraf|Protect|p1a: Farigiraf\n|-singleturn|p1a: Farigiraf|Protect\n|move|p2a: Perrserker|U-turn|p1a: Farigiraf\n|-activate|p1a: Farigiraf|move: Protect\n|\n|-heal|p1a: Farigiraf|329/366|[from] move: Wish|[wisher] Farigiraf\n|upkeep\n|turn|9\n|inactive|Muk Muk Goodra has 120 seconds left.\n|\n|t:|1732972412\n|move|p1a: Farigiraf|Future Sight|p2a: Perrserker\n|-start|p1a: Farigiraf|move: Future Sight\n|move|p2a: Perrserker|U-turn|p1a: Farigiraf\n|-supereffective|p1a: Farigiraf\n|-damage|p1a: Farigiraf|145/366\n|\n|t:|1732972419\n|switch|p2a: Weavile|Weavile, L79, F|239/239|[from] U-turn\n|\n|upkeep\n|turn|10\n|\n|t:|1732972428\n|move|p1a: Farigiraf|Protect|p1a: Farigiraf\n|-singleturn|p1a: Farigiraf|Protect\n|move|p2a: Weavile|Knock Off|p1a: Farigiraf\n|-activate|p1a: Farigiraf|move: Protect\n|\n|upkeep\n|turn|11\n|\n|t:|1732972442\n|switch|p1a: Wigglytuff|Wigglytuff, L96, F|424/424\n|-status|p1a: Wigglytuff|tox\n|move|p2a: Weavile|Knock Off|p1a: Wigglytuff\n|-resisted|p1a: Wigglytuff\n|-damage|p1a: Wigglytuff|307/424 tox\n|-enditem|p1a: Wigglytuff|Leftovers|[from] move: Knock Off|[of] p2a: Weavile\n|\n|-end|p2a: Weavile|move: Future Sight\n|-immune|p2a: Weavile\n|-damage|p1a: Wigglytuff|281/424 tox|[from] psn\n|upkeep\n|turn|12\n|\n|t:|1732972455\n|switch|p2a: Gliscor|Gliscor, L76, M|111/239 tox\n|move|p1a: Wigglytuff|Fire Blast|p2a: Gliscor\n|-damage|p2a: Gliscor|0 fnt\n|faint|p2a: Gliscor\n|\n|-damage|p1a: Wigglytuff|229/424 tox|[from] psn\n|upkeep\n|\n|t:|1732972473\n|switch|p2a: Lapras|Lapras, L87, M|367/367\n|turn|13\n|\n|t:|1732972491\n|move|p2a: Lapras|Sparkling Aria|p1a: Wigglytuff\n|-damage|p1a: Wigglytuff|58/424 tox\n|move|p1a: Wigglytuff|Wish|p1a: Wigglytuff\n|\n|-damage|p1a: Wigglytuff|0 fnt|[from] psn\n|faint|p1a: Wigglytuff\n|upkeep\n|\n|t:|1732972500\n|switch|p1a: Sandslash|Sandslash, L88, M|175/275\n|-status|p1a: Sandslash|tox\n|turn|14\n|\n|t:|1732972510\n|move|p1a: Sandslash|Rapid Spin|p2a: Lapras\n|-damage|p2a: Lapras|327/367\n|-boost|p1a: Sandslash|spe|1\n|-sideend|p1: Muk Muk Goodra|Toxic Spikes|[from] move: Rapid Spin|[of] p1a: Sandslash\n|move|p2a: Lapras|Sparkling Aria|p1a: Sandslash\n|-supereffective|p1a: Sandslash\n|-damage|p1a: Sandslash|0 fnt\n|faint|p1a: Sandslash\n|\n|upkeep\n|\n|t:|1732972521\n|switch|p1a: Urshifu|Urshifu-Rapid-Strike, L75, F|274/274\n|turn|15\n|\n|t:|1732972544\n|move|p1a: Urshifu|Close Combat|p2a: Lapras\n|-supereffective|p2a: Lapras\n|-damage|p2a: Lapras|0 fnt\n|-unboost|p1a: Urshifu|def|1\n|-unboost|p1a: Urshifu|spd|1\n|faint|p2a: Lapras\n|\n|upkeep\n|\n|t:|1732972559\n|switch|p2a: Zamazenta|Zamazenta, L71|248/248\n|-ability|p2a: Zamazenta|Dauntless Shield|boost\n|-boost|p2a: Zamazenta|def|1\n|turn|16\n|\n|t:|1732972564\n|switch|p1a: Farigiraf|Farigiraf, L91, F|145/366\n|move|p2a: Zamazenta|Iron Defense|p2a: Zamazenta\n|-boost|p2a: Zamazenta|def|2\n|\n|upkeep\n|turn|17\n|\n|t:|1732972570\n|move|p2a: Zamazenta|Body Press|p1a: Farigiraf\n|-damage|p1a: Farigiraf|0 fnt\n|faint|p1a: Farigiraf\n|\n|upkeep\n|\n|t:|1732972576\n|switch|p1a: Scovillain|Scovillain, L91, M|266/266\n|turn|18\n|\n|t:|1732972582\n|move|p2a: Zamazenta|Body Press|p1a: Scovillain\n|-damage|p1a: Scovillain|76/266\n|move|p1a: Scovillain|Leech Seed|p2a: Zamazenta\n|-start|p2a: Zamazenta|move: Leech Seed\n|\n|-heal|p1a: Scovillain|92/266|[from] item: Leftovers\n|-damage|p2a: Zamazenta|217/248|[from] Leech Seed|[of] p1a: Scovillain\n|-heal|p1a: Scovillain|123/266|[silent]\n|upkeep\n|turn|19\n|\n|t:|1732972589\n|move|p1a: Scovillain|Protect|p1a: Scovillain\n|-singleturn|p1a: Scovillain|Protect\n|move|p2a: Zamazenta|Body Press|p1a: Scovillain\n|-activate|p1a: Scovillain|move: Protect\n|\n|-heal|p1a: Scovillain|139/266|[from] item: Leftovers\n|-damage|p2a: Zamazenta|186/248|[from] Leech Seed|[of] p1a: Scovillain\n|-heal|p1a: Scovillain|170/266|[silent]\n|upkeep\n|turn|20\n|\n|t:|1732972602\n|move|p1a: Scovillain|Protect||[still]\n|-fail|p1a: Scovillain\n|move|p2a: Zamazenta|Body Press|p1a: Scovillain\n|-damage|p1a: Scovillain|0 fnt\n|faint|p1a: Scovillain\n|\n|upkeep\n|\n|t:|1732972605\n|switch|p1a: Urshifu|Urshifu-Rapid-Strike, L75, F|274/274\n|turn|21\n|\n|t:|1732972615\n|move|p2a: Zamazenta|Body Press|p1a: Urshifu\n|-damage|p1a: Urshifu|105/274\n|move|p1a: Urshifu|Surging Strikes|p2a: Zamazenta\n|-crit|p2a: Zamazenta\n|-damage|p2a: Zamazenta|129/248\n|-crit|p2a: Zamazenta\n|-damage|p2a: Zamazenta|71/248\n|-crit|p2a: Zamazenta\n|-damage|p2a: Zamazenta|10/248\n|-hitcount|p2a: Zamazenta|3\n|\n|-damage|p2a: Zamazenta|0 fnt|[from] Leech Seed|[of] p1a: Urshifu\n|-heal|p1a: Urshifu|115/274|[silent]\n|faint|p2a: Zamazenta\n|upkeep\n|\n|t:|1732972633\n|switch|p2a: Weavile|Weavile, L79, F|239/239\n|turn|22\n|\n|t:|1732972641\n|move|p2a: Weavile|Low Kick|p1a: Urshifu\n|-damage|p1a: Urshifu|0 fnt\n|faint|p1a: Urshifu\n|\n|upkeep\n|\n|t:|1732972657\n|switch|p1a: Haxorus|Haxorus, L77, M|244/244\n|-ability|p1a: Haxorus|Mold Breaker\n|turn|23\n|\n|t:|1732972666\n|switch|p2a: Perrserker|Perrserker, L89, F|175/269\n|move|p1a: Haxorus|Dragon Dance|p1a: Haxorus\n|-boost|p1a: Haxorus|atk|1\n|-boost|p1a: Haxorus|spe|1\n|\n|upkeep\n|turn|24\n|\n|t:|1732972677\n|move|p1a: Haxorus|Close Combat|p2a: Perrserker\n|-supereffective|p2a: Perrserker\n|-crit|p2a: Perrserker\n|-damage|p2a: Perrserker|0 fnt\n|-unboost|p1a: Haxorus|def|1\n|-unboost|p1a: Haxorus|spd|1\n|faint|p2a: Perrserker\n|\n|upkeep\n|\n|t:|1732972694\n|switch|p2a: Inteleon|Inteleon, L81, F|246/246\n|turn|25\n|\n|t:|1732972701\n|move|p1a: Haxorus|Outrage|p2a: Inteleon\n|-crit|p2a: Inteleon\n|-damage|p2a: Inteleon|0 fnt\n|faint|p2a: Inteleon\n|\n|upkeep\n|\n|t:|1732972708\n|switch|p2a: Weavile|Weavile, L79, F|239/239\n|turn|26\n|inactive|Azertyko754 has 120 seconds left.\n|\n|t:|1732972762\n|move|p2a: Weavile|Ice Shard|p1a: Haxorus\n|-supereffective|p1a: Haxorus\n|-damage|p1a: Haxorus|22/244\n|move|p1a: Haxorus|Outrage|p2a: Weavile|[from]lockedmove\n|-damage|p2a: Weavile|0 fnt\n|faint|p2a: Weavile\n|\n|win|Muk Muk Goodra\n|raw|Muk Muk Goodra's rating: 1834 &rarr; <strong>1851</strong><br />(+17 for winning)\n|raw|Azertyko754's rating: 1782 &rarr; <strong>1765</strong><br />(-17 for losing)\n|c|\u2606Azertyko754|gg\n|c|\u2606Muk Muk Goodra|gg\n", "inputlog": ">version b107d77f5c90bd6555267ae244a6264823309ead\n>start {\"formatid\":\"gen9randombattle\",\"seed\":[27098,10922,11764,57847],\"rated\":\"Rated battle\"}\n>player p1 {\"name\":\"Muk Muk Goodra\",\"avatar\":\"101\",\"rating\":1834,\"seed\":[32330,44480,61393,63860]}\n>player p2 {\"name\":\"Azertyko754\",\"avatar\":\"169\",\"rating\":1782,\"seed\":[18933,19935,57480,62322]}\n>p1 move protect\n>p2 move knockoff\n>p1 switch 3\n>p2 move knockoff\n>p1 move rapidspin\n>p2 switch 6\n>p1 switch 3\n>p2 move toxicspikes\n>p1 move futuresight\n>p2 move knockoff\n>p1 move hypervoice\n>p2 move toxicspikes\n>p1 move wish\n>p2 move uturn\n>p2 switch 6\n>p1 move protect\n>p2 move uturn\n>p1 move futuresight\n>p2 move uturn\n>p2 switch 5\n>p1 move protect\n>p2 move knockoff\n>p1 switch 2\n>p2 move knockoff\n>p1 move fireblast\n>p2 switch 6\n>p2 switch 4\n>p1 move wish\n>p2 move sparklingaria\n>p1 switch 3\n>p1 move rapidspin\n>p2 move sparklingaria\n>p1 switch 6\n>p1 move closecombat\n>p2 move sparklingaria\n>p2 switch 3\n>p1 switch 2\n>p2 move irondefense\n>p1 move wish\n>p2 move bodypress\n>p1 switch 5\n>p1 move leechseed\n>p2 move bodypress\n>p1 move protect\n>p2 move bodypress\n>p1 move protect\n>p2 move bodypress\n>p1 switch 2\n>p1 move surgingstrikes\n>p2 move bodypress\n>p2 switch 6\n>p1 move surgingstrikes\n>p2 move lowkick\n>p1 switch 4\n>p1 move dragondance\n>p2 switch 5\n>p1 move closecombat\n>p2 move ironhead\n>p2 switch 2\n>p1 move outrage\n>p2 move icebeam\n>p2 switch 5\n>p1 move outrage\n>p2 move iceshard", "uploadtime": 1732972773, "views": 1, "formatid": "gen9randombattle", "rating": 1765, "private": 0, "password": null}