{"id": "gen9randombattle-2253983914", "format": "[Gen 9] Random Battle", "players": ["Eliassimi", "Skkekendnd"], "log": "|j|\u2606Eliassimi\n|j|\u2606Skkekendnd\n|t:|1732975646\n|gametype|singles\n|player|p1|Eliassimi|265|1031\n|player|p2|Skkekendnd|adaman|1000\n|teamsize|p1|6\n|teamsize|p2|6\n|gen|9\n|tier|[Gen 9] Random Battle\n|rated|\n|rule|Species Clause: Limit one of each Pok\u00e9mon\n|rule|HP Percentage Mod: HP is shown in percentages\n|rule|Sleep Clause Mod: Limit one foe put to sleep\n|rule|Illusion Level Mod: Illusion disguises the Pok\u00e9mon's true level\n|\n|t:|1732975646\n|start\n|switch|p1a: Misdreavus|Misdreavus, L90, M|254/254\n|switch|p2a: Pyroar|Pyroar, L88, M|295/295\n|-ability|p2a: Pyroar|Unnerve\n|turn|1\n|inactive|Battle timer is ON: inactive players will automatically lose when time's up. (requested by Skkekendnd)\n|\n|t:|1732975669\n|switch|p1a: Urshifu|Urshifu-Rapid-Strike, L75, M|274/274\n|move|p2a: Pyroar|Dark Pulse|p1a: Urshifu\n|-resisted|p1a: Urshifu\n|-damage|p1a: Urshifu|224/274\n|\n|upkeep\n|turn|2\n|\n|t:|1732975682\n|switch|p2a: Enamorus|Enamorus-Therian, L83, F|259/259\n|move|p1a: Urshifu|Close Combat|p2a: Enamorus\n|-resisted|p2a: Enamorus\n|-damage|p2a: Enamorus|220/259\n|-unboost|p1a: Urshifu|def|1\n|-unboost|p1a: Urshifu|spd|1\n|\n|upkeep\n|turn|3\n|inactive|Eliassimi has 120 seconds left.\n|\n|t:|1732975716\n|switch|p1a: Wugtrio|Wugtrio, L91, F|212/212\n|move|p2a: Enamorus|Moonblast|p1a: Wugtrio\n|-damage|p1a: Wugtrio|68/212\n|\n|upkeep\n|turn|4\n|inactive|Eliassimi has 120 seconds left.\n|\n|t:|1732975742\n|switch|p2a: Hydrapple|Hydrapple, L83, M|312/312\n|move|p1a: Wugtrio|Aqua Jet|p2a: Hydrapple\n|-resisted|p2a: Hydrapple\n|-damage|p2a: Hydrapple|296/312\n|\n|upkeep\n|turn|5\n|inactive|Eliassimi has 90 seconds left.\n|\n|t:|1732975776\n|switch|p1a: Misdreavus|Misdreavus, L90, M|254/254\n|move|p2a: Hydrapple|Fickle Beam|p1a: Misdreavus\n|-damage|p1a: Misdreavus|160/254\n|\n|upkeep\n|turn|6\n|inactive|Eliassimi has 90 seconds left.\n|\n|t:|1732975789\n|switch|p2a: Pyroar|Pyroar, L88, M|295/295\n|-ability|p2a: Pyroar|Unnerve\n|move|p1a: Misdreavus|Will-O-Wisp|p2a: Pyroar\n|-immune|p2a: Pyroar\n|\n|upkeep\n|turn|7\n|inactive|Eliassimi has 90 seconds left.\n|\n|t:|1732975819\n|-terastallize|p1a: Misdreavus|Fairy\n|move|p2a: Pyroar|Fire Blast|p1a: Misdreavus\n|-damage|p1a: Misdreavus|76/254\n|-status|p1a: Misdreavus|brn\n|move|p1a: Misdreavus|Draining Kiss|p2a: Pyroar\n|-resisted|p2a: Pyroar\n|-damage|p2a: Pyroar|256/295\n|-heal|p1a: Misdreavus|105/254 brn|[from] drain|[of] p2a: Pyroar\n|\n|-damage|p1a: Misdreavus|90/254 brn|[from] brn\n|upkeep\n|turn|8\n|\n|t:|1732975833\n|switch|p1a: Urshifu|Urshifu-Rapid-Strike, L75, M|224/274\n|move|p2a: Pyroar|Hyper Voice|p1a: Urshifu\n|-damage|p1a: Urshifu|44/274\n|\n|upkeep\n|turn|9\n|\n|t:|1732975845\n|switch|p2a: Enamorus|Enamorus-Therian, L83, F|220/259\n|move|p1a: Urshifu|Aqua Jet|p2a: Enamorus\n|-damage|p2a: Enamorus|160/259\n|\n|upkeep\n|turn|10\n|\n|t:|1732975858\n|switch|p1a: Polteageist|Polteageist-Antique, L79|224/224\n|move|p2a: Enamorus|Moonblast|p1a: Polteageist\n|-damage|p1a: Polteageist|121/224\n|-unboost|p1a: Polteageist|spa|1\n|-enditem|p1a: Polteageist|White Herb\n|-clearnegativeboost|p1a: Polteageist|[silent]\n|\n|upkeep\n|turn|11\n|inactive|Eliassimi has 60 seconds left.\n|\n|t:|1732975874\n|move|p1a: Polteageist|Strength Sap|p2a: Enamorus\n|-unboost|p2a: Enamorus|atk|1\n|-heal|p1a: Polteageist|224/224\n|move|p2a: Enamorus|Moonblast|p1a: Polteageist\n|-damage|p1a: Polteageist|113/224\n|-unboost|p1a: Polteageist|spa|1\n|-start|p2a: Enamorus|Disable|Moonblast|[from] ability: Cursed Body|[of] p1a: Polteageist\n|\n|upkeep\n|turn|12\n|inactive|Eliassimi has 60 seconds left.\n|\n|t:|1732975884\n|move|p1a: Polteageist|Strength Sap|p2a: Enamorus\n|-unboost|p2a: Enamorus|atk|1\n|-heal|p1a: Polteageist|224/224\n|move|p2a: Enamorus|Mystical Fire|p1a: Polteageist\n|-damage|p1a: Polteageist|164/224\n|-unboost|p1a: Polteageist|spa|1\n|\n|upkeep\n|turn|13\n|\n|t:|1732975893\n|switch|p2a: Pyroar|Pyroar, L88, M|256/295\n|-ability|p2a: Pyroar|Unnerve\n|move|p1a: Polteageist|Shell Smash|p1a: Polteageist\n|-unboost|p1a: Polteageist|def|1\n|-unboost|p1a: Polteageist|spd|1\n|-boost|p1a: Polteageist|atk|2\n|-boost|p1a: Polteageist|spa|2\n|-boost|p1a: Polteageist|spe|2\n|\n|upkeep\n|turn|14\n|inactive|Eliassimi has 60 seconds left.\n|\n|t:|1732975912\n|move|p1a: Polteageist|Shadow Ball|p2a: Pyroar\n|-immune|p2a: Pyroar\n|move|p2a: Pyroar|Dark Pulse|p1a: Polteageist\n|-supereffective|p1a: Polteageist\n|-damage|p1a: Polteageist|0 fnt\n|faint|p1a: Polteageist\n|\n|upkeep\n|inactive|Eliassimi has 60 seconds left.\n|c|\u2606Skkekendnd|Lol wtf\n|\n|t:|1732975922\n|switch|p1a: Urshifu|Urshifu-Rapid-Strike, L75, M|44/274\n|turn|15\n|\n|t:|1732975926\n|switch|p2a: Hydrapple|Hydrapple, L83, M|312/312\n|move|p1a: Urshifu|Aqua Jet|p2a: Hydrapple\n|-resisted|p2a: Hydrapple\n|-damage|p2a: Hydrapple|297/312\n|\n|upkeep\n|turn|16\n|\n|t:|1732975937\n|switch|p1a: Vileplume|Vileplume, L86, M|269/269\n|move|p2a: Hydrapple|Earth Power|p1a: Vileplume\n|-damage|p1a: Vileplume|165/269\n|\n|-heal|p1a: Vileplume|181/269|[from] item: Leftovers\n|upkeep\n|turn|17\n|\n|t:|1732975951\n|-terastallize|p2a: Hydrapple|Steel\n|move|p1a: Vileplume|Sleep Powder|p2a: Hydrapple|[miss]\n|-miss|p1a: Vileplume|p2a: Hydrapple\n|move|p2a: Hydrapple|Earth Power|p1a: Vileplume\n|-damage|p1a: Vileplume|68/269\n|\n|-heal|p1a: Vileplume|84/269|[from] item: Leftovers\n|upkeep\n|turn|18\n|\n|t:|1732975962\n|switch|p2a: Decidueye|Decidueye-Hisui, L87, F|295/295\n|move|p1a: Vileplume|Sludge Bomb|p2a: Decidueye\n|-supereffective|p2a: Decidueye\n|-damage|p2a: Decidueye|95/295\n|-status|p2a: Decidueye|psn\n|\n|-heal|p2a: Decidueye|113/295 psn|[from] item: Leftovers\n|-heal|p1a: Vileplume|100/269|[from] item: Leftovers\n|-damage|p2a: Decidueye|77/295 psn|[from] psn\n|upkeep\n|turn|19\n|\n|t:|1732975977\n|switch|p2a: Pyroar|Pyroar, L88, M|256/295\n|-ability|p2a: Pyroar|Unnerve\n|switch|p1a: Tauros|Tauros-Paldea-Combat, L82, M|257/257\n|-ability|p1a: Tauros|Intimidate|boost\n|-unboost|p2a: Pyroar|atk|1\n|\n|upkeep\n|turn|20\n|inactive|Eliassimi has 60 seconds left.\n|\n|t:|1732975999\n|switch|p2a: Decidueye|Decidueye-Hisui, L87, F|77/295 psn\n|move|p1a: Tauros|Stone Edge|p2a: Decidueye\n|-resisted|p2a: Decidueye\n|-damage|p2a: Decidueye|25/295 psn\n|-damage|p1a: Tauros|232/257|[from] item: Life Orb\n|\n|-heal|p2a: Decidueye|43/295 psn|[from] item: Leftovers\n|-damage|p2a: Decidueye|7/295 psn|[from] psn\n|upkeep\n|turn|21\n|inactive|Eliassimi has 60 seconds left.\n|\n|t:|1732976015\n|switch|p1a: Misdreavus|Misdreavus, L90, M, tera:Fairy|90/254 brn\n|move|p2a: Decidueye|Triple Arrows|p1a: Misdreavus\n|-resisted|p1a: Misdreavus\n|-damage|p1a: Misdreavus|41/254 brn\n|-unboost|p1a: Misdreavus|def|1\n|\n|-heal|p2a: Decidueye|25/295 psn|[from] item: Leftovers\n|-damage|p2a: Decidueye|0 fnt|[from] psn\n|faint|p2a: Decidueye\n|-damage|p1a: Misdreavus|26/254 brn|[from] brn\n|upkeep\n|\n|t:|1732976020\n|switch|p2a: Pyroar|Pyroar, L88, M|256/295\n|-ability|p2a: Pyroar|Unnerve\n|turn|22\n|inactive|Eliassimi has 60 seconds left.\n|c|\u2606Skkekendnd|You\u2019re being rude\n|\n|t:|1732976031\n|switch|p1a: Tauros|Tauros-Paldea-Combat, L82, M|232/257\n|-ability|p1a: Tauros|Intimidate|boost\n|-unboost|p2a: Pyroar|atk|1\n|move|p2a: Pyroar|Hyper Voice|p1a: Tauros\n|-damage|p1a: Tauros|84/257\n|\n|upkeep\n|turn|23\n|inactive|Eliassimi has 60 seconds left.\n|c|\u2606Skkekendnd|this is over stop wasting my time please\n|\n|t:|1732976045\n|move|p2a: Pyroar|Hyper Voice|p1a: Tauros\n|-damage|p1a: Tauros|0 fnt\n|faint|p1a: Tauros\n|\n|upkeep\n|\n|t:|1732976052\n|switch|p1a: Urshifu|Urshifu-Rapid-Strike, L75, M|44/274\n|turn|24\n|inactive|Eliassimi has 60 seconds left.\n|\n|t:|1732976059\n|switch|p2a: Hydrapple|Hydrapple, L83, M, tera:Steel|312/312\n|move|p1a: Urshifu|Close Combat|p2a: Hydrapple\n|-supereffective|p2a: Hydrapple\n|-damage|p2a: Hydrapple|0 fnt\n|-unboost|p1a: Urshifu|def|1\n|-unboost|p1a: Urshifu|spd|1\n|faint|p2a: Hydrapple\n|\n|upkeep\n|\n|t:|1732976064\n|switch|p2a: Enamorus|Enamorus-Therian, L83, F|160/259\n|turn|25\n|\n|t:|1732976069\n|move|p1a: Urshifu|Close Combat|p2a: Enamorus\n|-resisted|p2a: Enamorus\n|-damage|p2a: Enamorus|119/259\n|-unboost|p1a: Urshifu|def|1\n|-unboost|p1a: Urshifu|spd|1\n|move|p2a: Enamorus|Agility|p2a: Enamorus\n|-boost|p2a: Enamorus|spe|2\n|\n|upkeep\n|turn|26\n|\n|t:|1732976085\n|switch|p1a: Wugtrio|Wugtrio, L91, F|68/212\n|move|p2a: Enamorus|Moonblast|p1a: Wugtrio\n|-damage|p1a: Wugtrio|0 fnt\n|faint|p1a: Wugtrio\n|\n|upkeep\n|\n|t:|1732976094\n|switch|p1a: Vileplume|Vileplume, L86, M|100/269\n|turn|27\n|c|\u2606Skkekendnd|Waste of fucking time\n|\n|t:|1732976100\n|move|p2a: Enamorus|Mystical Fire|p1a: Vileplume\n|-supereffective|p1a: Vileplume\n|-damage|p1a: Vileplume|0 fnt\n|faint|p1a: Vileplume\n|\n|upkeep\n|\n|t:|1732976106\n|switch|p1a: Misdreavus|Misdreavus, L90, M, tera:Fairy|26/254 brn\n|turn|28\n|\n|t:|1732976115\n|move|p2a: Enamorus|Moonblast|p1a: Misdreavus\n|-damage|p1a: Misdreavus|0 fnt\n|faint|p1a: Misdreavus\n|\n|upkeep\n|\n|t:|1732976118\n|switch|p1a: Urshifu|Urshifu-Rapid-Strike, L75, M|44/274\n|turn|29\n|\n|t:|1732976124\n|move|p1a: Urshifu|Aqua Jet|p2a: Enamorus\n|-damage|p2a: Enamorus|65/259\n|move|p2a: Enamorus|Mystical Fire|p1a: Urshifu\n|-resisted|p1a: Urshifu\n|-damage|p1a: Urshifu|0 fnt\n|faint|p1a: Urshifu\n|\n|win|Skkekendnd\n|raw|Eliassimi's rating: 1031 &rarr; <strong>1015</strong><br />(-16 for losing)\n|raw|Skkekendnd's rating: 1000 &rarr; <strong>1044</strong><br />(+44 for winning)\n", "inputlog": ">version b107d77f5c90bd6555267ae244a6264823309ead\n>start {\"formatid\":\"gen9randombattle\",\"seed\":[6962,13140,39104,63549],\"rated\":\"Rated battle\"}\n>player p1 {\"name\":\"Eliassimi\",\"avatar\":\"265\",\"rating\":1031,\"seed\":[16110,63764,16387,59624]}\n>player p2 {\"name\":\"Skkekendnd\",\"avatar\":\"adaman\",\"rating\":1000,\"seed\":[33610,38450,32,53636]}\n>p1 switch 5\n>p2 move darkpulse\n>p1 move closecombat\n>p2 switch 3\n>p1 switch 3\n>p2 move moonblast\n>p1 move aquajet\n>p2 switch 6\n>p1 switch 5\n>p2 move ficklebeam\n>p1 move willowisp\n>p2 switch 3\n>p1 move drainingkiss terastallize\n>p2 move fireblast\n>p1 switch 3\n>p2 move hypervoice\n>p1 move aquajet\n>p2 switch 6\n>p1 switch 4\n>p2 move moonblast\n>p1 move strengthsap\n>p2 move moonblast\n>p1 move strengthsap\n>p2 move mysticalfire\n>p1 move shellsmash\n>p2 switch 6\n>p1 move shadowball\n>p2 move darkpulse\n>chat \u2606Skkekendnd|Lol wtf \n>p1 switch 4\n>p1 move aquajet\n>p2 switch 3\n>p1 switch 6\n>p2 move earthpower\n>p1 move sleeppowder\n>p2 move earthpower terastallize\n>p1 move sludgebomb\n>p2 switch 2\n>p1 switch 2\n>p2 switch 3\n>p1 move stoneedge\n>p2 switch 3\n>p1 switch 3\n>p2 move triplearrows\n>p2 switch 3\n>chat \u2606Skkekendnd|You\u2019re being rude \n>p1 switch 3\n>p2 move hypervoice\n>chat \u2606Skkekendnd|this is over stop wasting my time please \n>p1 move stoneedge\n>p2 move hypervoice\n>p1 switch 6\n>p1 move closecombat\n>p2 switch 2\n>p2 switch 6\n>p1 move closecombat\n>p2 move agility\n>p1 switch 5\n>p2 move moonblast\n>p1 switch 2\n>chat \u2606Skkekendnd|Waste of fucking time \n>p1 move sleeppowder\n>p2 move mysticalfire\n>p1 switch 3\n>p1 move willowisp\n>p2 move moonblast\n>p1 switch 5\n>p1 move aquajet\n>p2 move mysticalfire", "uploadtime": 1732976127, "views": 1, "formatid": "gen9randombattle", "rating": 1015, "private": 0, "password": null}