{"id": "gen9randombattle-2253834409", "format": "[Gen 9] Random Battle", "players": ["Charizardkid2019", "Dangeriscool"], "log": "|j|\u2606Charizardkid2019\n|j|\u2606Dangeriscool\n|t:|1732945692\n|gametype|singles\n|player|p1|Charizardkid2019|102|\n|player|p2|Dangeriscool|linebacker|\n|teamsize|p1|6\n|teamsize|p2|6\n|gen|9\n|tier|[Gen 9] Random Battle\n|rule|Species Clause: Limit one of each Pok\u00e9mon\n|rule|HP Percentage Mod: HP is shown in percentages\n|rule|Sleep Clause Mod: Limit one foe put to sleep\n|rule|Illusion Level Mod: Illusion disguises the Pok\u00e9mon's true level\n|\n|t:|1732945692\n|start\n|switch|p1a: Venusaur|Venusaur, L84, F|272/272\n|switch|p2a: Lanturn|Lanturn, L89, M|367/367\n|turn|1\n|\n|t:|1732945734\n|move|p1a: Venusaur|Sleep Powder|p2a: Lanturn\n|-status|p2a: Lanturn|slp|[from] move: Sleep Powder\n|cant|p2a: Lanturn|slp\n|\n|upkeep\n|turn|2\n|\n|t:|1732945744\n|move|p1a: Venusaur|Leech Seed|p2a: Lanturn\n|-start|p2a: Lanturn|move: Leech Seed\n|cant|p2a: Lanturn|slp\n|\n|-damage|p2a: Lanturn|322/367 slp|[from] Leech Seed|[of] p1a: Venusaur\n|upkeep\n|turn|3\n|\n|t:|1732945760\n|move|p1a: Venusaur|Sludge Bomb|p2a: Lanturn\n|-damage|p2a: Lanturn|219/367 slp\n|cant|p2a: Lanturn|slp\n|\n|-heal|p2a: Lanturn|241/367 slp|[from] item: Leftovers\n|-damage|p2a: Lanturn|196/367 slp|[from] Leech Seed|[of] p1a: Venusaur\n|upkeep\n|turn|4\n|\n|t:|1732945782\n|switch|p2a: Swalot|Swalot, L90, M|326/326\n|move|p1a: Venusaur|Sludge Bomb|p2a: Swalot\n|-resisted|p2a: Swalot\n|-damage|p2a: Swalot|282/326\n|\n|-heal|p2a: Swalot|302/326|[from] item: Leftovers\n|upkeep\n|turn|5\n|\n|t:|1732945792\n|move|p1a: Venusaur|Leech Seed|p2a: Swalot\n|-start|p2a: Swalot|move: Leech Seed\n|move|p2a: Swalot|Swords Dance|p2a: Swalot\n|-boost|p2a: Swalot|atk|2\n|\n|-heal|p2a: Swalot|322/326|[from] item: Leftovers\n|-damage|p2a: Swalot|282/326|[from] Leech Seed|[of] p1a: Venusaur\n|-damage|p1a: Venusaur|232/272|[from] ability: Liquid Ooze|[of] p2a: Swalot\n|upkeep\n|turn|6\n|\n|t:|1732945815\n|move|p1a: Venusaur|Sleep Powder|p2a: Swalot\n|-message|Sleep Clause Mod activated.\n|-hint|Sleep Clause Mod prevents players from putting more than one of their opponent's Pok\u00e9mon to sleep at a time\n|move|p2a: Swalot|Earthquake|p1a: Venusaur\n|-damage|p1a: Venusaur|91/272\n|\n|-heal|p1a: Venusaur|108/272|[from] item: Leftovers\n|-heal|p2a: Swalot|302/326|[from] item: Leftovers\n|-damage|p2a: Swalot|262/326|[from] Leech Seed|[of] p1a: Venusaur\n|-damage|p1a: Venusaur|68/272|[from] ability: Liquid Ooze|[of] p2a: Swalot\n|upkeep\n|turn|7\n|\n|t:|1732945845\n|move|p1a: Venusaur|Sludge Bomb|p2a: Swalot\n|-resisted|p2a: Swalot\n|-damage|p2a: Swalot|217/326\n|move|p2a: Swalot|Earthquake|p1a: Venusaur\n|-damage|p1a: Venusaur|0 fnt\n|faint|p1a: Venusaur\n|\n|-heal|p2a: Swalot|237/326|[from] item: Leftovers\n|upkeep\n|\n|t:|1732945862\n|switch|p1a: Glaceon|Glaceon, L94, M|275/275\n|turn|8\n|\n|t:|1732945881\n|move|p1a: Glaceon|Wish|p1a: Glaceon\n|move|p2a: Swalot|Gunk Shot|p1a: Glaceon|[miss]\n|-miss|p2a: Swalot|p1a: Glaceon\n|\n|-heal|p2a: Swalot|257/326|[from] item: Leftovers\n|-damage|p2a: Swalot|217/326|[from] Leech Seed|[of] p1a: Glaceon\n|-damage|p1a: Glaceon|235/275|[from] ability: Liquid Ooze|[of] p2a: Swalot\n|upkeep\n|turn|9\n|\n|t:|1732945901\n|move|p1a: Glaceon|Freeze-Dry|p2a: Swalot\n|-damage|p2a: Swalot|102/326\n|move|p2a: Swalot|Gunk Shot|p1a: Glaceon\n|-damage|p1a: Glaceon|66/275\n|\n|-heal|p1a: Glaceon|203/275|[from] move: Wish|[wisher] Glaceon\n|-heal|p2a: Swalot|122/326|[from] item: Leftovers\n|-damage|p2a: Swalot|82/326|[from] Leech Seed|[of] p1a: Glaceon\n|-damage|p1a: Glaceon|163/275|[from] ability: Liquid Ooze|[of] p2a: Swalot\n|upkeep\n|turn|10\n|\n|t:|1732945916\n|move|p1a: Glaceon|Wish|p1a: Glaceon\n|move|p2a: Swalot|Gunk Shot|p1a: Glaceon\n|-damage|p1a: Glaceon|0 fnt\n|faint|p1a: Glaceon\n|\n|-heal|p2a: Swalot|102/326|[from] item: Leftovers\n|upkeep\n|\n|t:|1732945927\n|switch|p1a: Chi-Yu|Chi-Yu, L77|211/211\n|-ability|p1a: Chi-Yu|Beads of Ruin\n|turn|11\n|\n|t:|1732945944\n|-terastallize|p1a: Chi-Yu|Dark\n|move|p1a: Chi-Yu|Dark Pulse|p2a: Swalot\n|-damage|p2a: Swalot|0 fnt\n|faint|p2a: Swalot\n|\n|upkeep\n|\n|t:|1732945950\n|switch|p2a: Lanturn|Lanturn, L89, M|196/367 slp\n|turn|12\n|\n|t:|1732945955\n|move|p1a: Chi-Yu|Dark Pulse|p2a: Lanturn\n|-damage|p2a: Lanturn|0 fnt\n|faint|p2a: Lanturn\n|\n|upkeep\n|\n|t:|1732945961\n|switch|p2a: Barraskewda|Barraskewda, L81, F|231/231\n|turn|13\n|\n|t:|1732945967\n|move|p2a: Barraskewda|Waterfall|p1a: Chi-Yu\n|-damage|p1a: Chi-Yu|45/211\n|move|p1a: Chi-Yu|Dark Pulse|p2a: Barraskewda\n|-damage|p2a: Barraskewda|0 fnt\n|faint|p2a: Barraskewda\n|\n|upkeep\n|\n|t:|1732945975\n|switch|p2a: Dragalge|Dragalge, L88, F|258/258\n|turn|14\n|\n|t:|1732945983\n|move|p1a: Chi-Yu|Dark Pulse|p2a: Dragalge\n|-damage|p2a: Dragalge|74/258\n|move|p2a: Dragalge|Flip Turn|p1a: Chi-Yu\n|-damage|p1a: Chi-Yu|2/211\n|\n|t:|1732945990\n|switch|p2a: Mimikyu|Mimikyu, L79, M|216/216|[from] Flip Turn\n|\n|upkeep\n|turn|15\n|\n|t:|1732946000\n|move|p2a: Mimikyu|Shadow Sneak|p1a: Chi-Yu\n|-resisted|p1a: Chi-Yu\n|-damage|p1a: Chi-Yu|0 fnt\n|faint|p1a: Chi-Yu\n|-damage|p2a: Mimikyu|195/216|[from] item: Life Orb\n|\n|upkeep\n|\n|t:|1732946008\n|switch|p1a: Magnezone|Magnezone, L85|258/258\n|turn|16\n|\n|t:|1732946056\n|move|p1a: Magnezone|Body Press|p2a: Mimikyu\n|-immune|p2a: Mimikyu\n|move|p2a: Mimikyu|Play Rough|p1a: Magnezone\n|-resisted|p1a: Magnezone\n|-damage|p1a: Magnezone|219/258\n|-damage|p2a: Mimikyu|174/216|[from] item: Life Orb\n|\n|upkeep\n|turn|17\n|\n|t:|1732946088\n|move|p1a: Magnezone|Body Press|p2a: Mimikyu\n|-immune|p2a: Mimikyu\n|move|p2a: Mimikyu|Wood Hammer|p1a: Magnezone\n|-resisted|p1a: Magnezone\n|-damage|p1a: Magnezone|184/258\n|-damage|p2a: Mimikyu|162/216|[from] Recoil\n|-damage|p2a: Mimikyu|141/216|[from] item: Life Orb\n|\n|upkeep\n|turn|18\n|\n|t:|1732946138\n|move|p1a: Magnezone|Body Press|p2a: Mimikyu\n|-immune|p2a: Mimikyu\n|move|p2a: Mimikyu|Wood Hammer|p1a: Magnezone\n|-resisted|p1a: Magnezone\n|-damage|p1a: Magnezone|144/258\n|-damage|p2a: Mimikyu|128/216|[from] Recoil\n|-damage|p2a: Mimikyu|107/216|[from] item: Life Orb\n|\n|upkeep\n|turn|19\n|\n|t:|1732946152\n|move|p1a: Magnezone|Body Press|p2a: Mimikyu\n|-immune|p2a: Mimikyu\n|move|p2a: Mimikyu|Swords Dance|p2a: Mimikyu\n|-boost|p2a: Mimikyu|atk|2\n|\n|upkeep\n|turn|20\n|\n|t:|1732946164\n|move|p1a: Magnezone|Body Press|p2a: Mimikyu\n|-immune|p2a: Mimikyu\n|move|p2a: Mimikyu|Swords Dance|p2a: Mimikyu\n|-boost|p2a: Mimikyu|atk|2\n|\n|upkeep\n|turn|21\n|\n|t:|1732946195\n|move|p1a: Magnezone|Body Press|p2a: Mimikyu\n|-immune|p2a: Mimikyu\n|move|p2a: Mimikyu|Swords Dance|p2a: Mimikyu\n|-boost|p2a: Mimikyu|atk|2\n|\n|upkeep\n|turn|22\n|\n|t:|1732946209\n|move|p2a: Mimikyu|Shadow Sneak|p1a: Magnezone\n|-damage|p1a: Magnezone|0 fnt\n|faint|p1a: Magnezone\n|-damage|p2a: Mimikyu|86/216|[from] item: Life Orb\n|\n|upkeep\n|\n|t:|1732946217\n|switch|p1a: Azumarill|Azumarill, L82, M|298/298\n|turn|23\n|\n|t:|1732946227\n|move|p2a: Mimikyu|Wood Hammer|p1a: Azumarill\n|-supereffective|p1a: Azumarill\n|-damage|p1a: Azumarill|0 fnt\n|faint|p1a: Azumarill\n|-damage|p2a: Mimikyu|0 fnt|[from] Recoil\n|faint|p2a: Mimikyu\n|\n|upkeep\n|\n|t:|1732946239\n|switch|p2a: Dragalge|Dragalge, L88, F|74/258\n|switch|p1a: Bruxish|Bruxish, L85, M|254/254\n|turn|24\n|\n|t:|1732946248\n|move|p1a: Bruxish|Flip Turn|p2a: Dragalge\n|-resisted|p2a: Dragalge\n|-damage|p2a: Dragalge|41/258\n|move|p2a: Dragalge|Sludge Wave|p1a: Bruxish\n|-damage|p1a: Bruxish|0 fnt\n|faint|p1a: Bruxish\n|\n|win|Dangeriscool\n", "inputlog": ">version b107d77f5c90bd6555267ae244a6264823309ead\n>start {\"formatid\":\"gen9randombattle\",\"seed\":[15860,56439,53045,900]}\n>player p1 {\"name\":\"Charizardkid2019\",\"avatar\":\"102\",\"rating\":0,\"seed\":[1250,30585,3665,1318]}\n>player p2 {\"name\":\"Dangeriscool\",\"avatar\":\"linebacker\",\"rating\":0,\"seed\":[16515,23656,46843,11317]}\n>p1 move sleeppowder\n>p2 move icebeam\n>p1 move leechseed\n>p2 move icebeam\n>p1 move sludgebomb\n>p2 move icebeam\n>p1 move sludgebomb\n>p2 switch 2\n>p1 move leechseed\n>p2 move swordsdance\n>p1 move sleeppowder\n>p2 move earthquake\n>p1 move sludgebomb\n>p2 move earthquake\n>p1 switch 2\n>p1 move wish\n>p2 move gunkshot\n>p1 move freezedry\n>p2 move gunkshot\n>p1 move wish\n>p2 move gunkshot\n>p1 switch 3\n>p1 move darkpulse terastallize\n>p2 move earthquake\n>p2 switch 2\n>p1 move darkpulse\n>p2 move scald\n>p2 switch 6\n>p1 move darkpulse\n>p2 move waterfall\n>p2 switch 4\n>p1 move darkpulse\n>p2 move flipturn\n>p2 switch 5\n>p1 move darkpulse\n>p2 move shadowsneak\n>p1 switch 4\n>p1 move bodypress\n>p2 move playrough\n>p1 move bodypress\n>p2 move woodhammer\n>p1 move bodypress\n>p2 move woodhammer\n>p1 move bodypress\n>p2 move swordsdance\n>p1 move bodypress\n>p2 move swordsdance\n>p1 move bodypress\n>p2 move swordsdance\n>p1 move bodypress\n>p2 move shadowsneak\n>p1 switch 5\n>p1 move bellydrum\n>p2 move woodhammer\n>p1 switch 6\n>p2 switch 5\n>p1 move flipturn\n>p2 move sludgewave", "uploadtime": 1732946258, "views": 10, "formatid": "gen9randombattle", "rating": null, "private": 0, "password": null}