{"id": "gen9randombattle-2253915626", "format": "[Gen 9] Random Battle", "players": ["nemoauditur", "wanton strumpet"], "log": "|j|\u2606nemoauditur\n|j|\u2606wanton strumpet\n|t:|1732962984\n|gametype|singles\n|player|p1|nemoauditur|#wcor2023benelux|1847\n|player|p2|wanton strumpet|cyclistf|1869\n|teamsize|p1|6\n|teamsize|p2|6\n|gen|9\n|tier|[Gen 9] Random Battle\n|rated|\n|rule|Species Clause: Limit one of each Pok\u00e9mon\n|rule|HP Percentage Mod: HP is shown in percentages\n|rule|Sleep Clause Mod: Limit one foe put to sleep\n|rule|Illusion Level Mod: Illusion disguises the Pok\u00e9mon's true level\n|\n|t:|1732962984\n|start\n|switch|p1a: Registeel|Registeel, L81|262/262\n|switch|p2a: Ninetales|Ninetales-Alola, L78, M|242/242\n|-weather|Snow|[from] ability: Snow Warning|[of] p2a: Ninetales\n|turn|1\n|inactive|Battle timer is ON: inactive players will automatically lose when time's up. (requested by nemoauditur)\n|\n|t:|1732962992\n|switch|p2a: Zapdos|Zapdos, L78|268/268\n|move|p1a: Registeel|Thunder Wave|p2a: Zapdos\n|-immune|p2a: Zapdos\n|\n|-weather|Snow|[upkeep]\n|upkeep\n|turn|2\n|inactive|nemoauditur has 120 seconds left.\n|\n|t:|1732963052\n|switch|p1a: Kingdra|Kingdra, L84, M|263/263\n|move|p2a: Zapdos|Thunderbolt|p1a: Kingdra\n|-damage|p1a: Kingdra|163/263\n|\n|-weather|Snow|[upkeep]\n|upkeep\n|turn|3\n|\n|t:|1732963056\n|move|p2a: Zapdos|Hurricane|p1a: Kingdra\n|-damage|p1a: Kingdra|40/263\n|move|p1a: Kingdra|Dragon Dance|p1a: Kingdra\n|-boost|p1a: Kingdra|atk|1\n|-boost|p1a: Kingdra|spe|1\n|\n|-weather|Snow|[upkeep]\n|upkeep\n|turn|4\n|\n|t:|1732963062\n|move|p1a: Kingdra|Waterfall|p2a: Zapdos\n|-damage|p2a: Zapdos|130/268\n|-status|p1a: Kingdra|par|[from] ability: Static|[of] p2a: Zapdos\n|-enditem|p1a: Kingdra|Lum Berry|[eat]\n|-curestatus|p1a: Kingdra|par|[msg]\n|move|p2a: Zapdos|Roost|p2a: Zapdos\n|-heal|p2a: Zapdos|264/268\n|-singleturn|p2a: Zapdos|move: Roost\n|\n|-weather|Snow|[upkeep]\n|upkeep\n|turn|5\n|inactive|nemoauditur has 120 seconds left.\n|\n|t:|1732963087\n|move|p1a: Kingdra|Wave Crash|p2a: Zapdos\n|-damage|p2a: Zapdos|63/268\n|-damage|p1a: Kingdra|0 fnt|[from] Recoil\n|faint|p1a: Kingdra\n|move|p2a: Zapdos|Thunderbolt|p1: Kingdra|[notarget]\n|-fail|p2a: Zapdos\n|\n|-weather|none\n|upkeep\n|\n|t:|1732963105\n|switch|p1a: Gardevoir|Gardevoir, L83, F|249/249\n|-ability|p1a: Gardevoir|Static|[from] ability: Trace|[of] p2a: Zapdos\n|turn|6\n|\n|t:|1732963109\n|move|p2a: Zapdos|Roost|p2a: Zapdos\n|-heal|p2a: Zapdos|197/268\n|-singleturn|p2a: Zapdos|move: Roost\n|move|p1a: Gardevoir|Moonblast|p2a: Zapdos\n|-damage|p2a: Zapdos|36/268\n|-damage|p1a: Gardevoir|225/249|[from] item: Life Orb\n|\n|upkeep\n|turn|7\n|\n|t:|1732963115\n|move|p2a: Zapdos|Thunderbolt|p1a: Gardevoir\n|-damage|p1a: Gardevoir|135/249\n|-status|p1a: Gardevoir|par\n|cant|p1a: Gardevoir|par\n|\n|upkeep\n|turn|8\n|\n|t:|1732963118\n|move|p2a: Zapdos|Roost|p2a: Zapdos\n|-heal|p2a: Zapdos|170/268\n|-singleturn|p2a: Zapdos|move: Roost\n|move|p1a: Gardevoir|Moonblast|p2a: Zapdos\n|-crit|p2a: Zapdos\n|-damage|p2a: Zapdos|0 fnt\n|faint|p2a: Zapdos\n|-damage|p1a: Gardevoir|111/249 par|[from] item: Life Orb\n|\n|upkeep\n|\n|t:|1732963127\n|switch|p2a: Magearna|Magearna-Original, L77|250/250\n|turn|9\n|\n|t:|1732963132\n|switch|p1a: Registeel|Registeel, L81|262/262\n|move|p2a: Magearna|Flash Cannon|p1a: Registeel\n|-resisted|p1a: Registeel\n|-damage|p1a: Registeel|229/262\n|\n|-heal|p1a: Registeel|245/262|[from] item: Leftovers\n|upkeep\n|turn|10\n|\n|t:|1732963136\n|move|p2a: Magearna|Spikes|p1a: Registeel\n|-sidestart|p1: nemoauditur|Spikes\n|move|p1a: Registeel|Thunder Wave|p2a: Magearna\n|-status|p2a: Magearna|par\n|\n|-heal|p1a: Registeel|261/262|[from] item: Leftovers\n|upkeep\n|turn|11\n|\n|t:|1732963141\n|move|p1a: Registeel|Iron Defense|p1a: Registeel\n|-boost|p1a: Registeel|def|2\n|move|p2a: Magearna|Spikes|p1a: Registeel\n|-sidestart|p1: nemoauditur|Spikes\n|\n|-heal|p1a: Registeel|262/262|[from] item: Leftovers\n|upkeep\n|turn|12\n|\n|t:|1732963143\n|move|p1a: Registeel|Iron Defense|p1a: Registeel\n|-boost|p1a: Registeel|def|2\n|move|p2a: Magearna|Aura Sphere|p1a: Registeel\n|-supereffective|p1a: Registeel\n|-damage|p1a: Registeel|178/262\n|\n|-heal|p1a: Registeel|194/262|[from] item: Leftovers\n|upkeep\n|turn|13\n|\n|t:|1732963145\n|move|p1a: Registeel|Body Press|p2a: Magearna\n|-damage|p2a: Magearna|57/250 par\n|move|p2a: Magearna|Aura Sphere|p1a: Registeel\n|-supereffective|p1a: Registeel\n|-damage|p1a: Registeel|116/262\n|\n|-heal|p1a: Registeel|132/262|[from] item: Leftovers\n|-heal|p2a: Magearna|72/250 par|[from] item: Leftovers\n|upkeep\n|turn|14\n|\n|t:|1732963148\n|move|p1a: Registeel|Body Press|p2a: Magearna\n|-damage|p2a: Magearna|0 fnt\n|faint|p2a: Magearna\n|\n|-heal|p1a: Registeel|148/262|[from] item: Leftovers\n|upkeep\n|\n|t:|1732963158\n|switch|p2a: Terapagos|Terapagos, L76, M|262/262\n|-activate|p2a: Terapagos|ability: Tera Shift\n|detailschange|p2a: Terapagos|Terapagos-Terastal, L76, M\n|-heal|p2a: Terapagos|269/269|[silent]\n|turn|15\n|inactive|nemoauditur has 120 seconds left.\n|\n|t:|1732963204\n|move|p2a: Terapagos|Earth Power|p1a: Registeel\n|-supereffective|p1a: Registeel\n|-damage|p1a: Registeel|70/262\n|move|p1a: Registeel|Thunder Wave|p2a: Terapagos\n|-status|p2a: Terapagos|par\n|\n|-heal|p1a: Registeel|86/262|[from] item: Leftovers\n|upkeep\n|turn|16\n|\n|t:|1732963210\n|move|p1a: Registeel|Iron Head|p2a: Terapagos\n|-activate|p2a: Terapagos|ability: Tera Shell\n|-resisted|p2a: Terapagos\n|-damage|p2a: Terapagos|236/269 par\n|move|p2a: Terapagos|Earth Power|p1a: Registeel\n|-supereffective|p1a: Registeel\n|-damage|p1a: Registeel|8/262\n|\n|-heal|p1a: Registeel|24/262|[from] item: Leftovers\n|upkeep\n|turn|17\n|\n|t:|1732963217\n|move|p1a: Registeel|Body Press|p2a: Terapagos\n|-supereffective|p2a: Terapagos\n|-damage|p2a: Terapagos|0 fnt\n|faint|p2a: Terapagos\n|\n|-heal|p1a: Registeel|40/262|[from] item: Leftovers\n|upkeep\n|\n|t:|1732963221\n|switch|p2a: Ninetales|Ninetales-Alola, L78, M|242/242\n|-weather|Snow|[from] ability: Snow Warning|[of] p2a: Ninetales\n|turn|18\n|\n|t:|1732963228\n|move|p2a: Ninetales|Blizzard|p1a: Registeel\n|-resisted|p1a: Registeel\n|-crit|p1a: Registeel\n|-damage|p1a: Registeel|0 fnt\n|faint|p1a: Registeel\n|\n|-weather|Snow|[upkeep]\n|upkeep\n|inactive|nemoauditur has 120 seconds left.\n|c|\u2606nemoauditur|crit mattered as well :sob:\n|c|\u2606wanton strumpet|My bad\n|c|\u2606nemoauditur|np bro\n|c|\u2606nemoauditur|it's not your fault\n|inactive|nemoauditur has 90 seconds left.\n|c|\u2606wanton strumpet|Perhaps it is\ud83e\udee3\n|c|\u2606nemoauditur|:O\n|\n|t:|1732963291\n|switch|p1a: Hydrapple|Hydrapple, L83, F|312/312\n|-damage|p1a: Hydrapple|260/312|[from] Spikes\n|turn|19\n|\n|t:|1732963295\n|-terastallize|p1a: Hydrapple|Steel\n|move|p2a: Ninetales|Blizzard|p1a: Hydrapple\n|-resisted|p1a: Hydrapple\n|-damage|p1a: Hydrapple|215/312\n|move|p1a: Hydrapple|Nasty Plot|p1a: Hydrapple\n|-boost|p1a: Hydrapple|spa|2\n|\n|-weather|Snow|[upkeep]\n|upkeep\n|turn|20\n|\n|t:|1732963300\n|move|p2a: Ninetales|Aurora Veil|p2a: Ninetales\n|-sidestart|p2: wanton strumpet|move: Aurora Veil\n|move|p1a: Hydrapple|Giga Drain|p2a: Ninetales\n|-damage|p2a: Ninetales|134/242\n|-heal|p1a: Hydrapple|269/312|[from] drain|[of] p2a: Ninetales\n|-damage|p1a: Hydrapple|238/312|[from] item: Life Orb\n|\n|-weather|Snow|[upkeep]\n|upkeep\n|turn|21\n|\n|t:|1732963305\n|switch|p2a: Corviknight|Corviknight, L80, M|288/288\n|-ability|p2a: Corviknight|Pressure\n|move|p1a: Hydrapple|Giga Drain|p2a: Corviknight\n|-resisted|p2a: Corviknight\n|-damage|p2a: Corviknight|254/288\n|-heal|p1a: Hydrapple|255/312|[from] drain|[of] p2a: Corviknight\n|-damage|p1a: Hydrapple|224/312|[from] item: Life Orb\n|\n|-weather|Snow|[upkeep]\n|-heal|p2a: Corviknight|272/288|[from] item: Leftovers\n|upkeep\n|turn|22\n|\n|t:|1732963313\n|switch|p1a: Gardevoir|Gardevoir, L83, F|111/249 par\n|-damage|p1a: Gardevoir|70/249 par|[from] Spikes\n|-ability|p1a: Gardevoir|Pressure\n|-ability|p1a: Gardevoir|Pressure|[from] ability: Trace|[of] p2a: Corviknight\n|move|p2a: Corviknight|Brave Bird|p1a: Gardevoir\n|-damage|p1a: Gardevoir|0 fnt\n|faint|p1a: Gardevoir\n|-damage|p2a: Corviknight|249/288|[from] Recoil\n|\n|-weather|none\n|-heal|p2a: Corviknight|267/288|[from] item: Leftovers\n|upkeep\n|inactive|nemoauditur has 90 seconds left.\n|\n|t:|1732963330\n|switch|p1a: Sunflora|Sunflora, M|312/312\n|-damage|p1a: Sunflora|260/312|[from] Spikes\n|turn|23\n|\n|t:|1732963333\n|move|p2a: Corviknight|Brave Bird|p1a: Sunflora\n|-supereffective|p1a: Sunflora\n|-damage|p1a: Sunflora|0 fnt\n|faint|p1a: Sunflora\n|-damage|p2a: Corviknight|181/288|[from] Recoil\n|\n|-heal|p2a: Corviknight|199/288|[from] item: Leftovers\n|upkeep\n|\n|t:|1732963344\n|switch|p1a: Hydrapple|Hydrapple, L83, F, tera:Steel|312/312\n|-damage|p1a: Hydrapple|260/312|[from] Spikes\n|turn|24\n|\n|t:|1732963347\n|move|p2a: Corviknight|U-turn|p1a: Hydrapple\n|-resisted|p1a: Hydrapple\n|-damage|p1a: Hydrapple|243/312\n|\n|t:|1732963348\n|switch|p2a: Banette|Banette, L93, F|270/270|[from] U-turn\n|move|p1a: Hydrapple|Nasty Plot|p1a: Hydrapple\n|-boost|p1a: Hydrapple|spa|2\n|\n|upkeep\n|turn|25\n|\n|t:|1732963354\n|move|p2a: Banette|Swords Dance|p2a: Banette\n|-boost|p2a: Banette|atk|2\n|move|p1a: Hydrapple|Giga Drain|p2a: Banette\n|-damage|p2a: Banette|139/270\n|-heal|p1a: Hydrapple|309/312|[from] drain|[of] p2a: Banette\n|-damage|p1a: Hydrapple|278/312|[from] item: Life Orb\n|\n|upkeep\n|turn|26\n|inactive|nemoauditur has 120 seconds left.\n|\n|t:|1732963369\n|switch|p1a: Weavile|Weavile, L79, M|239/239\n|-damage|p1a: Weavile|200/239|[from] Spikes\n|move|p2a: Banette|Poltergeist|p1a: Weavile|[miss]\n|-miss|p2a: Banette|p1a: Weavile\n|\n|upkeep\n|turn|27\n|\n|t:|1732963375\n|switch|p2a: Ninetales|Ninetales-Alola, L78, M|134/242\n|-weather|Snow|[from] ability: Snow Warning|[of] p2a: Ninetales\n|move|p1a: Weavile|Knock Off|p2a: Ninetales\n|-resisted|p2a: Ninetales\n|-damage|p2a: Ninetales|100/242\n|-enditem|p2a: Ninetales|Light Clay|[from] move: Knock Off|[of] p1a: Weavile\n|\n|-weather|Snow|[upkeep]\n|-sideend|p2: wanton strumpet|move: Aurora Veil\n|upkeep\n|turn|28\n|\n|t:|1732963380\n|switch|p1a: Hydrapple|Hydrapple, L83, F, tera:Steel|312/312\n|-damage|p1a: Hydrapple|260/312|[from] Spikes\n|move|p2a: Ninetales|Blizzard|p1a: Hydrapple\n|-resisted|p1a: Hydrapple\n|-crit|p1a: Hydrapple\n|-damage|p1a: Hydrapple|194/312\n|-status|p1a: Hydrapple|frz\n|\n|-weather|Snow|[upkeep]\n|upkeep\n|turn|29\n|\n|t:|1732963388\n|switch|p2a: Banette|Banette, L93, F|139/270\n|cant|p1a: Hydrapple|frz\n|\n|-weather|Snow|[upkeep]\n|upkeep\n|turn|30\n|\n|t:|1732963393\n|switch|p1a: Weavile|Weavile, L79, M|200/239\n|-damage|p1a: Weavile|161/239|[from] Spikes\n|move|p2a: Banette|Swords Dance|p2a: Banette\n|-boost|p2a: Banette|atk|2\n|\n|-weather|Snow|[upkeep]\n|upkeep\n|turn|31\n|\n|t:|1732963408\n|switch|p2a: Ninetales|Ninetales-Alola, L78, M|100/242\n|move|p1a: Weavile|Triple Axel|p2a: Ninetales\n|-resisted|p2a: Ninetales\n|-damage|p2a: Ninetales|87/242\n|-resisted|p2a: Ninetales\n|-damage|p2a: Ninetales|61/242\n|-resisted|p2a: Ninetales\n|-damage|p2a: Ninetales|17/242\n|-hitcount|p2a: Ninetales|3\n|\n|-weather|none\n|upkeep\n|turn|32\n|\n|t:|1732963415\n|move|p1a: Weavile|Triple Axel|p2a: Ninetales\n|-resisted|p2a: Ninetales\n|-damage|p2a: Ninetales|0 fnt\n|faint|p2a: Ninetales\n|-hitcount|p2: Ninetales|1\n|\n|upkeep\n|\n|t:|1732963417\n|switch|p2a: Corviknight|Corviknight, L80, M|199/288\n|-ability|p2a: Corviknight|Pressure\n|turn|33\n|\n|t:|1732963425\n|move|p1a: Weavile|Triple Axel|p2a: Corviknight\n|-damage|p2a: Corviknight|168/288\n|-damage|p2a: Corviknight|102/288\n|-damage|p2a: Corviknight|2/288\n|-hitcount|p2a: Corviknight|3\n|move|p2a: Corviknight|Roost|p2a: Corviknight\n|-heal|p2a: Corviknight|146/288\n|-singleturn|p2a: Corviknight|move: Roost\n|\n|-heal|p2a: Corviknight|164/288|[from] item: Leftovers\n|upkeep\n|turn|34\n|\n|t:|1732963431\n|move|p1a: Weavile|Triple Axel|p2a: Corviknight\n|-damage|p2a: Corviknight|133/288\n|-damage|p2a: Corviknight|75/288\n|-damage|p2a: Corviknight|0 fnt\n|faint|p2a: Corviknight\n|-hitcount|p2: Corviknight|3\n|\n|upkeep\n|\n|t:|1732963436\n|switch|p2a: Banette|Banette, L93, F|139/270\n|turn|35\n|\n|t:|1732963439\n|-terastallize|p2a: Banette|Poison\n|move|p1a: Weavile|Triple Axel|p2a: Banette\n|-damage|p2a: Banette|100/270\n|-damage|p2a: Banette|31/270\n|-start|p1a: Weavile|Disable|Triple Axel|[from] ability: Cursed Body|[of] p2a: Banette\n|-damage|p2a: Banette|0 fnt\n|faint|p2a: Banette\n|-hitcount|p2: Banette|3\n|\n|win|nemoauditur\n|raw|nemoauditur's rating: 1847 &rarr; <strong>1868</strong><br />(+21 for winning)\n|raw|wanton strumpet's rating: 1869 &rarr; <strong>1848</strong><br />(-21 for losing)\n|c|\u2606wanton strumpet|Gg\n|c|\u2606nemoauditur|gg\n", "inputlog": ">version b107d77f5c90bd6555267ae244a6264823309ead\n>start {\"formatid\":\"gen9randombattle\",\"seed\":[3748,52200,60691,33868],\"rated\":\"Rated battle\"}\n>player p1 {\"name\":\"nemoauditur\",\"avatar\":\"#wcor2023benelux\",\"rating\":1847,\"seed\":[7835,40891,49970,54115]}\n>player p2 {\"name\":\"wanton strumpet\",\"avatar\":\"cyclistf\",\"rating\":1869,\"seed\":[59619,5998,59522,15930]}\n>p1 move thunderwave\n>p2 switch 3\n>p1 switch 2\n>p2 move thunderbolt\n>p1 move dragondance\n>p2 move hurricane\n>p1 move waterfall\n>p2 move roost\n>p1 move wavecrash\n>p2 move thunderbolt\n>p1 switch 6\n>p1 move moonblast\n>p2 move roost\n>p1 move moonblast\n>p2 move thunderbolt\n>p1 move moonblast\n>p2 move roost\n>p2 switch 2\n>p1 switch 2\n>p2 move flashcannon\n>p1 move thunderwave\n>p2 move spikes\n>p1 move irondefense\n>p2 move spikes\n>p1 move irondefense\n>p2 move aurasphere\n>p1 move bodypress\n>p2 move aurasphere\n>p1 move bodypress\n>p2 move aurasphere\n>p2 switch 5\n>p1 move thunderwave\n>p2 move earthpower\n>p1 move ironhead\n>p2 move earthpower\n>p1 move bodypress\n>p2 move earthpower\n>p2 switch 3\n>p1 move ironhead\n>p2 move blizzard\n>chat \u2606nemoauditur|crit mattered as well :sob:\n>chat \u2606wanton strumpet|My bad\n>chat \u2606nemoauditur|np bro\n>chat \u2606nemoauditur|it's not your fault \n>chat \u2606wanton strumpet|Perhaps it is\ud83e\udee3\n>chat \u2606nemoauditur|:O\n>p1 switch 3\n>p1 move nastyplot terastallize\n>p2 move blizzard\n>p1 move gigadrain\n>p2 move auroraveil\n>p1 move gigadrain\n>p2 switch 4\n>p1 switch 2\n>p2 move bravebird\n>p1 switch 5\n>p1 move sunnyday\n>p2 move bravebird\n>p1 switch 2\n>p1 move nastyplot\n>p2 move uturn\n>p2 switch 6\n>p1 move gigadrain\n>p2 move swordsdance\n>p1 switch 4\n>p2 move poltergeist\n>p1 move knockoff\n>p2 switch 4\n>p1 switch 4\n>p2 move blizzard\n>p1 move nastyplot\n>p2 switch 4\n>p1 switch 4\n>p2 move swordsdance\n>p1 move tripleaxel\n>p2 switch 4\n>p1 move tripleaxel\n>p2 move moonblast\n>p2 switch 6\n>p1 move tripleaxel\n>p2 move roost\n>p1 move tripleaxel\n>p2 move uturn\n>p2 switch 4\n>p1 move tripleaxel\n>p2 move gunkshot terastallize", "uploadtime": 1732963444, "views": 11, "formatid": "gen9randombattle", "rating": 1848, "private": 0, "password": null}