{"id": "gen9randombattle-2254072651", "format": "[Gen 9] Random Battle", "players": ["theAR", "valberzin123"], "log": "|j|\u2606theAR\n|j|\u2606valberzin123\n|t:|1732987839\n|gametype|singles\n|player|p1|theAR|169|1087\n|player|p2|valberzin123|1|1071\n|teamsize|p1|6\n|teamsize|p2|6\n|gen|9\n|tier|[Gen 9] Random Battle\n|rated|\n|rule|Species Clause: Limit one of each Pok\u00e9mon\n|rule|HP Percentage Mod: HP is shown in percentages\n|rule|Sleep Clause Mod: Limit one foe put to sleep\n|rule|Illusion Level Mod: Illusion disguises the Pok\u00e9mon's true level\n|\n|t:|1732987839\n|start\n|switch|p1a: Revavroom|Revavroom, L79, F|256/256\n|switch|p2a: Ogerpon|Ogerpon-Hearthflame, L74, F|239/239\n|-ability|p2a: Ogerpon|Mold Breaker\n|turn|1\n|\n|t:|1732987859\n|-terastallize|p2a: Ogerpon|Fire\n|detailschange|p2a: Ogerpon|Ogerpon-Hearthflame-Tera, L74, F, tera:Fire\n|-ability|p2a: Ogerpon|Embody Aspect (Hearthflame)|boost\n|-boost|p2a: Ogerpon|atk|1\n|move|p2a: Ogerpon|Ivy Cudgel|p1a: Revavroom|[anim] Ivy Cudgel Fire\n|-supereffective|p1a: Revavroom\n|-damage|p1a: Revavroom|0 fnt\n|faint|p1a: Revavroom\n|\n|upkeep\n|\n|t:|1732987864\n|switch|p1a: Palossand|Palossand, L89, F|296/296\n|turn|2\n|\n|t:|1732987879\n|move|p2a: Ogerpon|Horn Leech|p1a: Palossand\n|-supereffective|p1a: Palossand\n|-damage|p1a: Palossand|72/296\n|move|p1a: Palossand|Earth Power|p2a: Ogerpon\n|-supereffective|p2a: Ogerpon\n|-damage|p2a: Ogerpon|0 fnt\n|faint|p2a: Ogerpon\n|\n|-heal|p1a: Palossand|90/296|[from] item: Leftovers\n|upkeep\n|\n|t:|1732987892\n|switch|p2a: Politoed|Politoed, L88, F|302/302\n|-weather|RainDance|[from] ability: Drizzle|[of] p2a: Politoed\n|turn|3\n|\n|t:|1732987907\n|move|p2a: Politoed|Weather Ball|p1a: Palossand\n|-supereffective|p1a: Palossand\n|-damage|p1a: Palossand|0 fnt\n|faint|p1a: Palossand\n|\n|-weather|RainDance|[upkeep]\n|upkeep\n|\n|t:|1732987917\n|switch|p1a: Wigglytuff|Wigglytuff, L96, F|424/424\n|turn|4\n|\n|t:|1732987923\n|move|p2a: Politoed|Weather Ball|p1a: Wigglytuff\n|-damage|p1a: Wigglytuff|112/424\n|move|p1a: Wigglytuff|Thunder Wave|p2a: Politoed|[miss]\n|-miss|p1a: Wigglytuff|p2a: Politoed\n|\n|-weather|RainDance|[upkeep]\n|-heal|p1a: Wigglytuff|138/424|[from] item: Leftovers\n|upkeep\n|turn|5\n|\n|t:|1732987930\n|move|p1a: Wigglytuff|Protect|p1a: Wigglytuff\n|-singleturn|p1a: Wigglytuff|Protect\n|move|p2a: Politoed|Weather Ball|p1a: Wigglytuff\n|-activate|p1a: Wigglytuff|move: Protect\n|\n|-weather|RainDance|[upkeep]\n|-heal|p1a: Wigglytuff|164/424|[from] item: Leftovers\n|upkeep\n|turn|6\n|\n|t:|1732987942\n|move|p2a: Politoed|Weather Ball|p1a: Wigglytuff\n|-damage|p1a: Wigglytuff|0 fnt\n|faint|p1a: Wigglytuff\n|\n|-weather|RainDance|[upkeep]\n|upkeep\n|\n|t:|1732987946\n|switch|p1a: Toxicroak|Toxicroak, L84, M|277/277\n|turn|7\n|\n|t:|1732987953\n|move|p1a: Toxicroak|Swords Dance|p1a: Toxicroak\n|-boost|p1a: Toxicroak|atk|2\n|move|p2a: Politoed|Weather Ball|p1a: Toxicroak\n|-immune|p1a: Toxicroak|[from] ability: Dry Skin\n|\n|-weather|none\n|upkeep\n|turn|8\n|\n|t:|1732987969\n|switch|p2a: Malamar|Malamar, L82, M|275/275\n|move|p1a: Toxicroak|Gunk Shot|p2a: Malamar\n|-damage|p2a: Malamar|0 fnt\n|faint|p2a: Malamar\n|-damage|p1a: Toxicroak|250/277|[from] item: Life Orb\n|\n|upkeep\n|\n|t:|1732987980\n|switch|p2a: Medicham|Medicham, L86, F|243/243\n|turn|9\n|\n|t:|1732987988\n|move|p2a: Medicham|Zen Headbutt|p1a: Toxicroak\n|-supereffective|p1a: Toxicroak\n|-damage|p1a: Toxicroak|0 fnt\n|faint|p1a: Toxicroak\n|\n|upkeep\n|\n|t:|1732987992\n|switch|p1a: Mewtwo|Mewtwo, L72|272/272\n|-ability|p1a: Mewtwo|Unnerve\n|turn|10\n|\n|t:|1732987998\n|move|p2a: Medicham|Zen Headbutt|p1a: Mewtwo\n|-resisted|p1a: Mewtwo\n|-damage|p1a: Mewtwo|198/272\n|move|p1a: Mewtwo|Dark Pulse|p2a: Medicham\n|-damage|p2a: Medicham|160/243\n|-damage|p1a: Mewtwo|171/272|[from] item: Life Orb\n|\n|upkeep\n|turn|11\n|\n|t:|1732988013\n|move|p2a: Medicham|Zen Headbutt|p1a: Mewtwo|[miss]\n|-miss|p2a: Medicham|p1a: Mewtwo\n|move|p1a: Mewtwo|Psystrike|p2a: Medicham\n|-damage|p2a: Medicham|11/243\n|-damage|p1a: Mewtwo|144/272|[from] item: Life Orb\n|\n|upkeep\n|turn|12\n|\n|t:|1732988022\n|move|p2a: Medicham|Zen Headbutt|p1a: Mewtwo\n|-resisted|p1a: Mewtwo\n|-damage|p1a: Mewtwo|78/272\n|move|p1a: Mewtwo|Recover|p1a: Mewtwo\n|-heal|p1a: Mewtwo|214/272\n|\n|upkeep\n|turn|13\n|\n|t:|1732988032\n|move|p2a: Medicham|Zen Headbutt|p1a: Mewtwo|[miss]\n|-miss|p2a: Medicham|p1a: Mewtwo\n|move|p1a: Mewtwo|Psystrike|p2a: Medicham\n|-damage|p2a: Medicham|0 fnt\n|faint|p2a: Medicham\n|-damage|p1a: Mewtwo|187/272|[from] item: Life Orb\n|\n|upkeep\n|\n|t:|1732988046\n|switch|p2a: Lokix|Lokix, L82, F|251/251\n|turn|14\n|l|\u2606valberzin123\n|player|p2|\n|inactive|Battle timer is ON: inactive players will automatically lose when time's up. (requested by theAR)\n|inactive|valberzin123 has 30 seconds to reconnect!\n|inactive|valberzin123 has 20 seconds to reconnect!\n|inactive|valberzin123 has 15 seconds to reconnect!\n|inactive|valberzin123 has 10 seconds to reconnect!\n|inactive|valberzin123 has 5 seconds to reconnect!\n|-message|valberzin123 lost due to inactivity.\n|\n|win|theAR\n|raw|theAR's rating: 1087 &rarr; <strong>1113</strong><br />(+26 for winning)\n|raw|valberzin123's rating: 1071 &rarr; <strong>1051</strong><br />(-20 for losing)\n", "inputlog": ">version b107d77f5c90bd6555267ae244a6264823309ead\n>start {\"formatid\":\"gen9randombattle\",\"seed\":[12178,1984,14350,46295],\"rated\":\"Rated battle\"}\n>player p1 {\"name\":\"theAR\",\"avatar\":\"169\",\"rating\":1087,\"seed\":[10601,41115,14441,52321]}\n>player p2 {\"name\":\"valberzin123\",\"avatar\":\"1\",\"rating\":1071,\"seed\":[9640,45531,3063,42763]}\n>p1 move shiftgear\n>p2 move ivycudgel terastallize\n>p1 switch 5\n>p1 move earthpower\n>p2 move hornleech\n>p2 switch 2\n>p1 move shoreup\n>p2 move weatherball\n>p1 switch 6\n>p1 move thunderwave\n>p2 move weatherball\n>p1 move protect\n>p2 move weatherball\n>p1 move thunderwave\n>p2 move weatherball\n>p1 switch 2\n>p1 move swordsdance\n>p2 move weatherball\n>p1 move gunkshot\n>p2 switch 5\n>p2 switch 3\n>p1 move earthquake\n>p2 move zenheadbutt\n>p1 switch 4\n>p1 move darkpulse\n>p2 move zenheadbutt\n>p1 move psystrike\n>p2 move zenheadbutt\n>p1 move recover\n>p2 move zenheadbutt\n>p1 move psystrike\n>p2 move zenheadbutt\n>p2 switch 4\n>forcelose p2", "uploadtime": 1732988146, "views": 2, "formatid": "gen9randombattle", "rating": 1051, "private": 0, "password": null}