{"id": "gen9randombattle-2253842542", "format": "[Gen 9] Random Battle", "players": ["YellowChaos", "Dandrix2"], "log": "|j|\u2606YellowChaos\n|j|\u2606Dandrix2\n|t:|1732947177\n|gametype|singles\n|player|p1|YellowChaos|marlon|1633\n|player|p2|Dandrix2|giovanni|1694\n|teamsize|p1|6\n|teamsize|p2|6\n|gen|9\n|tier|[Gen 9] Random Battle\n|rated|\n|rule|Species Clause: Limit one of each Pok\u00e9mon\n|rule|HP Percentage Mod: HP is shown in percentages\n|rule|Sleep Clause Mod: Limit one foe put to sleep\n|rule|Illusion Level Mod: Illusion disguises the Pok\u00e9mon's true level\n|\n|t:|1732947177\n|start\n|switch|p1a: Urshifu|Urshifu, L74, F|270/270\n|switch|p2a: Slowbro|Slowbro-Galar, L87, F|307/307\n|turn|1\n|inactive|Battle timer is ON: inactive players will automatically lose when time's up. (requested by YellowChaos)\n|\n|t:|1732947202\n|move|p1a: Urshifu|Wicked Blow|p2a: Slowbro\n|-supereffective|p2a: Slowbro\n|-crit|p2a: Slowbro\n|-damage|p2a: Slowbro|11/307\n|-damage|p1a: Urshifu|243/270|[from] item: Life Orb\n|move|p2a: Slowbro|Thunder Wave|p1a: Urshifu\n|-status|p1a: Urshifu|par\n|\n|-heal|p2a: Slowbro|30/307|[from] item: Leftovers\n|upkeep\n|turn|2\n|\n|t:|1732947215\n|switch|p2a: Zarude|Zarude, L78|292/292\n|move|p1a: Urshifu|Poison Jab|p2a: Zarude\n|-supereffective|p2a: Zarude\n|-damage|p2a: Zarude|154/292\n|-damage|p1a: Urshifu|216/270 par|[from] item: Life Orb\n|\n|upkeep\n|turn|3\n|\n|t:|1732947235\n|move|p2a: Zarude|Close Combat|p1a: Urshifu\n|-supereffective|p1a: Urshifu\n|-damage|p1a: Urshifu|0 fnt\n|-unboost|p2a: Zarude|def|1\n|-unboost|p2a: Zarude|spd|1\n|faint|p1a: Urshifu\n|-damage|p2a: Zarude|125/292|[from] item: Life Orb\n|\n|upkeep\n|\n|t:|1732947258\n|switch|p1a: Gliscor|Gliscor, L76, F|239/239\n|turn|4\n|\n|t:|1732947269\n|move|p1a: Gliscor|Protect|p1a: Gliscor\n|-singleturn|p1a: Gliscor|Protect\n|move|p2a: Zarude|Knock Off|p1a: Gliscor\n|-activate|p1a: Gliscor|move: Protect\n|\n|-status|p1a: Gliscor|tox|[from] item: Toxic Orb\n|upkeep\n|turn|5\n|inactive|YellowChaos has 120 seconds left.\n|\n|t:|1732947290\n|switch|p2a: Piloswine|Piloswine, L85, M|309/309\n|move|p1a: Gliscor|Earthquake|p2a: Piloswine\n|-damage|p2a: Piloswine|248/309\n|\n|upkeep\n|turn|6\n|inactive|YellowChaos has 120 seconds left.\n|\n|t:|1732947309\n|-terastallize|p1a: Gliscor|Water\n|move|p2a: Piloswine|Ice Shard|p1a: Gliscor\n|-resisted|p1a: Gliscor\n|-damage|p1a: Gliscor|221/239 tox\n|move|p1a: Gliscor|Knock Off|p2a: Piloswine\n|-damage|p2a: Piloswine|210/309\n|-enditem|p2a: Piloswine|Eviolite|[from] move: Knock Off|[of] p1a: Gliscor\n|\n|-heal|p1a: Gliscor|239/239 tox|[from] ability: Poison Heal\n|upkeep\n|turn|7\n|inactive|YellowChaos has 120 seconds left.\n|\n|t:|1732947328\n|move|p1a: Gliscor|Earthquake|p2a: Piloswine\n|-damage|p2a: Piloswine|113/309\n|move|p2a: Piloswine|Stealth Rock|p1a: Gliscor\n|-sidestart|p1: YellowChaos|move: Stealth Rock\n|\n|upkeep\n|turn|8\n|inactive|YellowChaos has 120 seconds left.\n|\n|t:|1732947344\n|move|p1a: Gliscor|Toxic Spikes|p2a: Piloswine\n|-sidestart|p2: Dandrix2|move: Toxic Spikes\n|move|p2a: Piloswine|Earthquake|p1a: Gliscor\n|-damage|p1a: Gliscor|142/239 tox\n|\n|-heal|p1a: Gliscor|171/239 tox|[from] ability: Poison Heal\n|upkeep\n|turn|9\n|inactive|YellowChaos has 120 seconds left.\n|\n|t:|1732947350\n|move|p1a: Gliscor|Earthquake|p2a: Piloswine\n|-damage|p2a: Piloswine|20/309\n|move|p2a: Piloswine|Earthquake|p1a: Gliscor\n|-damage|p1a: Gliscor|80/239 tox\n|\n|-heal|p1a: Gliscor|109/239 tox|[from] ability: Poison Heal\n|upkeep\n|turn|10\n|\n|t:|1732947358\n|move|p2a: Piloswine|Ice Shard|p1a: Gliscor\n|-resisted|p1a: Gliscor\n|-damage|p1a: Gliscor|91/239 tox\n|move|p1a: Gliscor|Earthquake|p2a: Piloswine\n|-damage|p2a: Piloswine|0 fnt\n|faint|p2a: Piloswine\n|\n|-heal|p1a: Gliscor|120/239 tox|[from] ability: Poison Heal\n|upkeep\n|\n|t:|1732947365\n|switch|p2a: Slowbro|Slowbro-Galar, L87, F|132/307\n|-sideend|p2: Dandrix2|move: Toxic Spikes|[of] p2a: Slowbro\n|turn|11\n|\n|t:|1732947382\n|move|p1a: Gliscor|Earthquake|p2a: Slowbro\n|-supereffective|p2a: Slowbro\n|-damage|p2a: Slowbro|0 fnt\n|faint|p2a: Slowbro\n|\n|-heal|p1a: Gliscor|149/239 tox|[from] ability: Poison Heal\n|upkeep\n|\n|t:|1732947385\n|switch|p2a: Zarude|Zarude, L78|125/292\n|turn|12\n|\n|t:|1732947390\n|move|p1a: Gliscor|Protect|p1a: Gliscor\n|-singleturn|p1a: Gliscor|Protect\n|move|p2a: Zarude|Power Whip|p1a: Gliscor\n|-activate|p1a: Gliscor|move: Protect\n|\n|-heal|p1a: Gliscor|178/239 tox|[from] ability: Poison Heal\n|upkeep\n|turn|13\n|\n|t:|1732947412\n|switch|p1a: Zekrom|Zekrom, L71|259/259\n|-damage|p1a: Zekrom|227/259|[from] Stealth Rock\n|-ability|p1a: Zekrom|Teravolt\n|move|p2a: Zarude|Power Whip|p1a: Zekrom\n|-resisted|p1a: Zekrom\n|-damage|p1a: Zekrom|146/259\n|-damage|p2a: Zarude|96/292|[from] item: Life Orb\n|\n|-heal|p1a: Zekrom|162/259|[from] item: Leftovers\n|upkeep\n|turn|14\n|\n|t:|1732947436\n|move|p2a: Zarude|Knock Off|p1a: Zekrom\n|-crit|p1a: Zekrom\n|-damage|p1a: Zekrom|0 fnt\n|-enditem|p1a: Zekrom|Leftovers|[from] move: Knock Off|[of] p2a: Zarude\n|faint|p1a: Zekrom\n|-damage|p2a: Zarude|67/292|[from] item: Life Orb\n|\n|upkeep\n|\n|t:|1732947450\n|switch|p1a: Spectrier|Spectrier, L75|274/274\n|-damage|p1a: Spectrier|240/274|[from] Stealth Rock\n|turn|15\n|\n|t:|1732947467\n|move|p1a: Spectrier|Draining Kiss|p2a: Zarude\n|-supereffective|p2a: Zarude\n|-damage|p2a: Zarude|0 fnt\n|-heal|p1a: Spectrier|274/274|[from] drain|[of] p2a: Zarude\n|faint|p2a: Zarude\n|-ability|p1a: Spectrier|Grim Neigh|boost\n|-boost|p1a: Spectrier|spa|1\n|-damage|p1a: Spectrier|247/274|[from] item: Life Orb\n|\n|upkeep\n|\n|t:|1732947473\n|switch|p2a: Dragalge|Dragalge, L88, M|258/258\n|turn|16\n|\n|t:|1732947498\n|move|p1a: Spectrier|Shadow Ball|p2a: Dragalge\n|-damage|p2a: Dragalge|129/258\n|-unboost|p2a: Dragalge|spd|1\n|-damage|p1a: Spectrier|220/274|[from] item: Life Orb\n|move|p2a: Dragalge|Draco Meteor|p1a: Spectrier\n|-damage|p1a: Spectrier|0 fnt\n|-unboost|p2a: Dragalge|spa|2\n|faint|p1a: Spectrier\n|\n|upkeep\n|inactive|YellowChaos has 120 seconds left.\n|\n|t:|1732947515\n|switch|p1a: Porygon-Z|Porygon-Z, L83|277/277\n|-damage|p1a: Porygon-Z|243/277|[from] Stealth Rock\n|turn|17\n|inactive|YellowChaos has 120 seconds left.\n|\n|t:|1732947523\n|switch|p2a: Magmortar|Magmortar, L88, M|275/275\n|move|p1a: Porygon-Z|Agility|p1a: Porygon-Z\n|-boost|p1a: Porygon-Z|spe|2\n|\n|upkeep\n|turn|18\n|\n|t:|1732947530\n|move|p1a: Porygon-Z|Tera Blast|p2a: Magmortar\n|-damage|p2a: Magmortar|88/275\n|-damage|p1a: Porygon-Z|216/277|[from] item: Life Orb\n|move|p2a: Magmortar|Focus Blast|p1a: Porygon-Z\n|-supereffective|p1a: Porygon-Z\n|-damage|p1a: Porygon-Z|0 fnt\n|faint|p1a: Porygon-Z\n|\n|upkeep\n|inactive|YellowChaos has 120 seconds left.\n|\n|t:|1732947542\n|switch|p1a: Ting-Lu|Ting-Lu, L78|370/370\n|-damage|p1a: Ting-Lu|347/370|[from] Stealth Rock\n|-ability|p1a: Ting-Lu|Vessel of Ruin\n|turn|19\n|\n|t:|1732947551\n|move|p2a: Magmortar|Focus Blast|p1a: Ting-Lu|[miss]\n|-miss|p2a: Magmortar|p1a: Ting-Lu\n|move|p1a: Ting-Lu|Earthquake|p2a: Magmortar\n|-supereffective|p2a: Magmortar\n|-damage|p2a: Magmortar|0 fnt\n|faint|p2a: Magmortar\n|\n|-heal|p1a: Ting-Lu|370/370|[from] item: Leftovers\n|upkeep\n|\n|t:|1732947554\n|switch|p2a: Ogerpon|Ogerpon-Cornerstone, L76, F|247/247\n|turn|20\n|\n|t:|1732947572\n|-terastallize|p2a: Ogerpon|Rock\n|detailschange|p2a: Ogerpon|Ogerpon-Cornerstone-Tera, L76, F, tera:Rock\n|-ability|p2a: Ogerpon|Embody Aspect (Cornerstone)|boost\n|-boost|p2a: Ogerpon|def|1\n|move|p2a: Ogerpon|Swords Dance|p2a: Ogerpon\n|-boost|p2a: Ogerpon|atk|2\n|move|p1a: Ting-Lu|Throat Chop|p2a: Ogerpon\n|-crit|p2a: Ogerpon\n|-damage|p2a: Ogerpon|109/247\n|-start|p2a: Ogerpon|Throat Chop|[silent]\n|\n|upkeep\n|turn|21\n|\n|t:|1732947592\n|move|p2a: Ogerpon|Superpower|p1a: Ting-Lu\n|-supereffective|p1a: Ting-Lu\n|-damage|p1a: Ting-Lu|20/370\n|-unboost|p2a: Ogerpon|atk|1\n|-unboost|p2a: Ogerpon|def|1\n|move|p1a: Ting-Lu|Earthquake|p2a: Ogerpon\n|-supereffective|p2a: Ogerpon\n|-damage|p2a: Ogerpon|0 fnt\n|faint|p2a: Ogerpon\n|\n|-heal|p1a: Ting-Lu|43/370|[from] item: Leftovers\n|upkeep\n|\n|t:|1732947598\n|switch|p2a: Dragalge|Dragalge, L88, M|129/258\n|turn|22\n|\n|t:|1732947614\n|move|p2a: Dragalge|Sludge Wave|p1a: Ting-Lu\n|-resisted|p1a: Ting-Lu\n|-damage|p1a: Ting-Lu|0 fnt\n|faint|p1a: Ting-Lu\n|\n|upkeep\n|\n|t:|1732947619\n|switch|p1a: Gliscor|Gliscor, L76, F, tera:Water|178/239 tox\n|-damage|p1a: Gliscor|149/239 tox|[from] Stealth Rock\n|turn|23\n|\n|t:|1732947624\n|move|p1a: Gliscor|Protect|p1a: Gliscor\n|-singleturn|p1a: Gliscor|Protect\n|move|p2a: Dragalge|Sludge Wave|p1a: Gliscor\n|-activate|p1a: Gliscor|move: Protect\n|\n|-heal|p1a: Gliscor|178/239 tox|[from] ability: Poison Heal\n|upkeep\n|turn|24\n|c|\u2606Dandrix2|gg\n|\n|t:|1732947632\n|move|p1a: Gliscor|Earthquake|p2a: Dragalge\n|-supereffective|p2a: Dragalge\n|-damage|p2a: Dragalge|0 fnt\n|faint|p2a: Dragalge\n|\n|win|YellowChaos\n|raw|YellowChaos's rating: 1633 &rarr; <strong>1656</strong><br />(+23 for winning)\n|raw|Dandrix2's rating: 1694 &rarr; <strong>1671</strong><br />(-23 for losing)\n|l|\u2606Dandrix2\n|player|p2|\n", "inputlog": ">version b107d77f5c90bd6555267ae244a6264823309ead\n>start {\"formatid\":\"gen9randombattle\",\"seed\":[53749,16038,1539,14464],\"rated\":\"Rated battle\"}\n>player p1 {\"name\":\"YellowChaos\",\"avatar\":\"marlon\",\"rating\":1633,\"seed\":[27042,47135,7348,28706]}\n>player p2 {\"name\":\"Dandrix2\",\"avatar\":\"giovanni\",\"rating\":1694,\"seed\":[61763,61180,24580,38446]}\n>p1 move wickedblow\n>p2 move thunderwave\n>p1 move poisonjab\n>p2 switch 6\n>p1 move closecombat\n>p2 move closecombat\n>p1 switch 2\n>p1 move protect\n>p2 move knockoff\n>p1 move earthquake\n>p2 switch 2\n>p1 move knockoff terastallize\n>p2 move iceshard\n>p1 move earthquake\n>p2 move stealthrock\n>p1 move toxicspikes\n>p2 move earthquake\n>p1 move earthquake\n>p2 move earthquake\n>p1 move earthquake\n>p2 move iceshard\n>p2 switch 6\n>p1 move earthquake\n>p2 move psychic\n>p2 switch 2\n>p1 move protect\n>p2 move powerwhip\n>p1 switch 6\n>p2 move powerwhip\n>p1 move dragondance\n>p2 move knockoff\n>p1 switch 3\n>p1 move drainingkiss\n>p2 move knockoff\n>p2 switch 4\n>p1 move shadowball\n>p2 move dracometeor\n>p1 switch 4\n>p1 move agility\n>p2 switch 3\n>p1 move terablast\n>p2 move focusblast\n>p1 switch 5\n>p1 move earthquake\n>p2 move focusblast\n>p2 switch 5\n>p1 move throatchop\n>p2 move swordsdance terastallize\n>p1 move earthquake\n>p2 move superpower\n>p2 switch 3\n>p1 move earthquake\n>p2 move sludgewave\n>p1 switch 6\n>p1 move protect\n>p2 move sludgewave\n>chat \u2606Dandrix2|gg\n>p1 move earthquake\n>p2 move sludgewave", "uploadtime": 1732947640, "views": 2, "formatid": "gen9randombattle", "rating": 1656, "private": 0, "password": null}