{"id": "gen9randombattle-2253820450", "format": "[Gen 9] Random Battle", "players": ["dumpling911", "qwasy"], "log": "|j|\u2606dumpling911\n|j|\u2606qwasy\n|t:|1732943353\n|gametype|singles\n|player|p1|dumpling911|2|1154\n|player|p2|qwasy|2|1144\n|teamsize|p1|6\n|teamsize|p2|6\n|gen|9\n|tier|[Gen 9] Random Battle\n|rated|\n|rule|Species Clause: Limit one of each Pok\u00e9mon\n|rule|HP Percentage Mod: HP is shown in percentages\n|rule|Sleep Clause Mod: Limit one foe put to sleep\n|rule|Illusion Level Mod: Illusion disguises the Pok\u00e9mon's true level\n|\n|t:|1732943353\n|start\n|switch|p1a: Glimmora|Glimmora, L75, F|248/248\n|switch|p2a: Galvantula|Galvantula, L82, M|249/249\n|turn|1\n|\n|t:|1732943366\n|move|p2a: Galvantula|Sticky Web|p1a: Glimmora\n|-sidestart|p1: dumpling911|move: Sticky Web\n|move|p1a: Glimmora|Earth Power|p2a: Galvantula\n|-damage|p2a: Galvantula|167/249\n|\n|upkeep\n|turn|2\n|\n|t:|1732943384\n|move|p2a: Galvantula|Volt Switch|p1a: Glimmora\n|-damage|p1a: Glimmora|164/248\n|\n|t:|1732943392\n|switch|p2a: Revavroom|Revavroom, L79, M|256/256|[from] Volt Switch\n|move|p1a: Glimmora|Meteor Beam||[still]\n|-prepare|p1a: Glimmora|Meteor Beam\n|-boost|p1a: Glimmora|spa|1\n|-enditem|p1a: Glimmora|Power Herb\n|-anim|p1a: Glimmora|Meteor Beam|p2a: Revavroom\n|-resisted|p2a: Revavroom\n|-damage|p2a: Revavroom|123/256\n|\n|upkeep\n|turn|3\n|\n|t:|1732943410\n|move|p2a: Revavroom|High Horsepower|p1a: Glimmora\n|-supereffective|p1a: Glimmora\n|-damage|p1a: Glimmora|0 fnt\n|-activate|p1a: Glimmora|ability: Toxic Debris\n|-sidestart|p2: qwasy|move: Toxic Spikes\n|faint|p1a: Glimmora\n|-damage|p2a: Revavroom|98/256|[from] item: Life Orb\n|\n|upkeep\n|\n|t:|1732943424\n|switch|p1a: Haxorus|Haxorus, L77, M|244/244\n|-activate|p1a: Haxorus|move: Sticky Web\n|-unboost|p1a: Haxorus|spe|1\n|-ability|p1a: Haxorus|Mold Breaker\n|turn|4\n|\n|t:|1732943438\n|switch|p2a: Gardevoir|Gardevoir, L83, F|249/249\n|-status|p2a: Gardevoir|psn\n|-ability|p2a: Gardevoir|Mold Breaker\n|-ability|p2a: Gardevoir|Mold Breaker|[from] ability: Trace|[of] p1a: Haxorus\n|move|p1a: Haxorus|Earthquake|p2a: Gardevoir\n|-damage|p2a: Gardevoir|142/249 psn\n|\n|-damage|p2a: Gardevoir|111/249 psn|[from] psn\n|upkeep\n|turn|5\n|\n|t:|1732943457\n|-terastallize|p1a: Haxorus|Steel\n|move|p2a: Gardevoir|Moonblast|p1a: Haxorus\n|-resisted|p1a: Haxorus\n|-damage|p1a: Haxorus|144/244\n|-damage|p2a: Gardevoir|87/249 psn|[from] item: Life Orb\n|move|p1a: Haxorus|Iron Head|p2a: Gardevoir\n|-supereffective|p2a: Gardevoir\n|-damage|p2a: Gardevoir|0 fnt\n|faint|p2a: Gardevoir\n|\n|upkeep\n|\n|t:|1732943469\n|switch|p2a: Revavroom|Revavroom, L79, M|98/256\n|-sideend|p2: qwasy|move: Toxic Spikes|[of] p2a: Revavroom\n|turn|6\n|\n|t:|1732943479\n|move|p2a: Revavroom|Iron Head|p1a: Haxorus\n|-resisted|p1a: Haxorus\n|-damage|p1a: Haxorus|80/244\n|-damage|p2a: Revavroom|73/256|[from] item: Life Orb\n|cant|p1a: Haxorus|flinch\n|\n|upkeep\n|turn|7\n|\n|t:|1732943487\n|move|p2a: Revavroom|High Horsepower|p1a: Haxorus\n|-supereffective|p1a: Haxorus\n|-damage|p1a: Haxorus|0 fnt\n|faint|p1a: Haxorus\n|-damage|p2a: Revavroom|48/256|[from] item: Life Orb\n|\n|upkeep\n|\n|t:|1732943501\n|switch|p1a: Forretress|Forretress, L84, M|263/263\n|-activate|p1a: Forretress|move: Sticky Web\n|-unboost|p1a: Forretress|spe|1\n|turn|8\n|\n|t:|1732943514\n|move|p2a: Revavroom|High Horsepower|p1a: Forretress\n|-damage|p1a: Forretress|202/263\n|-damage|p2a: Revavroom|23/256|[from] item: Life Orb\n|move|p1a: Forretress|Volt Switch|p2a: Revavroom\n|-damage|p2a: Revavroom|0 fnt\n|faint|p2a: Revavroom\n|\n|t:|1732943525\n|switch|p1a: Snorlax|Snorlax, L82, F|397/397|[from] Volt Switch\n|-activate|p1a: Snorlax|move: Sticky Web\n|-unboost|p1a: Snorlax|spe|1\n|\n|upkeep\n|\n|t:|1732943531\n|switch|p2a: Breloom|Breloom, L82, M|233/233\n|turn|9\n|\n|t:|1732943540\n|switch|p1a: Clefable|Clefable, L83, F|293/293\n|-activate|p1a: Clefable|move: Sticky Web\n|-unboost|p1a: Clefable|spe|1\n|move|p2a: Breloom|Mach Punch|p1a: Clefable\n|-resisted|p1a: Clefable\n|-damage|p1a: Clefable|240/293\n|-damage|p2a: Breloom|210/233|[from] item: Life Orb\n|\n|-heal|p1a: Clefable|258/293|[from] item: Leftovers\n|upkeep\n|turn|10\n|\n|t:|1732943564\n|switch|p2a: Galvantula|Galvantula, L82, M|167/249\n|move|p1a: Clefable|Calm Mind|p1a: Clefable\n|-boost|p1a: Clefable|spa|1\n|-boost|p1a: Clefable|spd|1\n|\n|-heal|p1a: Clefable|276/293|[from] item: Leftovers\n|upkeep\n|turn|11\n|\n|t:|1732943574\n|move|p2a: Galvantula|Volt Switch|p1a: Clefable\n|-damage|p1a: Clefable|225/293\n|\n|t:|1732943581\n|switch|p2a: Mismagius|Mismagius, L86, F|243/243|[from] Volt Switch\n|move|p1a: Clefable|Fire Blast|p2a: Mismagius\n|-damage|p2a: Mismagius|139/243\n|\n|-heal|p2a: Mismagius|154/243|[from] item: Leftovers\n|-heal|p1a: Clefable|243/293|[from] item: Leftovers\n|upkeep\n|turn|12\n|\n|t:|1732943604\n|move|p2a: Mismagius|Nasty Plot|p2a: Mismagius\n|-boost|p2a: Mismagius|spa|2\n|move|p1a: Clefable|Calm Mind|p1a: Clefable\n|-boost|p1a: Clefable|spa|1\n|-boost|p1a: Clefable|spd|1\n|\n|-heal|p2a: Mismagius|169/243|[from] item: Leftovers\n|-heal|p1a: Clefable|261/293|[from] item: Leftovers\n|upkeep\n|turn|13\n|\n|t:|1732943621\n|move|p2a: Mismagius|Shadow Ball|p1a: Clefable\n|-damage|p1a: Clefable|213/293\n|move|p1a: Clefable|Moonblast|p2a: Mismagius\n|-damage|p2a: Mismagius|6/243\n|\n|-heal|p2a: Mismagius|21/243|[from] item: Leftovers\n|-heal|p1a: Clefable|231/293|[from] item: Leftovers\n|upkeep\n|turn|14\n|\n|t:|1732943635\n|move|p2a: Mismagius|Shadow Ball|p1a: Clefable\n|-damage|p1a: Clefable|183/293\n|move|p1a: Clefable|Moonblast|p2a: Mismagius\n|-damage|p2a: Mismagius|0 fnt\n|faint|p2a: Mismagius\n|\n|-heal|p1a: Clefable|201/293|[from] item: Leftovers\n|upkeep\n|\n|t:|1732943646\n|switch|p2a: Dipplin|Dipplin, L88, F|284/284\n|turn|15\n|\n|t:|1732943653\n|move|p1a: Clefable|Moonblast|p2a: Dipplin\n|-supereffective|p2a: Dipplin\n|-damage|p2a: Dipplin|26/284\n|move|p2a: Dipplin|Dragon Tail|p1a: Clefable\n|-immune|p1a: Clefable\n|\n|-heal|p1a: Clefable|219/293|[from] item: Leftovers\n|upkeep\n|turn|16\n|\n|t:|1732943662\n|switch|p2a: Breloom|Breloom, L82, M|210/233\n|move|p1a: Clefable|Moonblast|p2a: Breloom\n|-supereffective|p2a: Breloom\n|-damage|p2a: Breloom|0 fnt\n|faint|p2a: Breloom\n|\n|-heal|p1a: Clefable|237/293|[from] item: Leftovers\n|upkeep\n|inactive|Battle timer is ON: inactive players will automatically lose when time's up. (requested by dumpling911)\n|inactive|qwasy has 120 seconds left.\n|inactive|qwasy has 90 seconds left.\n|c|\u2606dumpling911|sore loser, you suck\n|inactive|qwasy has 60 seconds left.\n|inactive|qwasy has 30 seconds left.\n|inactive|qwasy has 20 seconds left.\n|inactive|qwasy has 15 seconds left.\n|inactive|qwasy has 10 seconds left.\n|inactive|qwasy has 5 seconds left.\n|\n|t:|1732943830\n|switch|p2a: Galvantula|Galvantula, L82, M|167/249\n|turn|17\n|\n|t:|1732943841\n|move|p2a: Galvantula|Thunder|p1a: Clefable\n|-damage|p1a: Clefable|185/293\n|move|p1a: Clefable|Fire Blast|p2a: Galvantula\n|-supereffective|p2a: Galvantula\n|-damage|p2a: Galvantula|0 fnt\n|faint|p2a: Galvantula\n|\n|-heal|p1a: Clefable|203/293|[from] item: Leftovers\n|upkeep\n|\n|t:|1732943852\n|switch|p2a: Dipplin|Dipplin, L88, F|26/284\n|turn|18\n|\n|t:|1732943856\n|move|p2a: Dipplin|Giga Drain|p1a: Clefable\n|-damage|p1a: Clefable|160/293\n|-heal|p2a: Dipplin|48/284|[from] drain|[of] p1a: Clefable\n|move|p1a: Clefable|Moonblast|p2a: Dipplin\n|-supereffective|p2a: Dipplin\n|-crit|p2a: Dipplin\n|-damage|p2a: Dipplin|0 fnt\n|faint|p2a: Dipplin\n|\n|win|dumpling911\n", "inputlog": ">version b107d77f5c90bd6555267ae244a6264823309ead\n>start {\"formatid\":\"gen9randombattle\",\"seed\":[5281,53679,18097,19859],\"rated\":\"Rated battle\"}\n>player p1 {\"name\":\"dumpling911\",\"avatar\":\"2\",\"rating\":1154,\"seed\":[227,22960,51849,45157]}\n>player p2 {\"name\":\"qwasy\",\"avatar\":\"2\",\"rating\":1144,\"seed\":[50002,1273,5498,61469]}\n>p1 move earthpower\n>p2 move stickyweb\n>p1 move meteorbeam\n>p2 move voltswitch\n>p2 switch 2\n>p1 move earthpower\n>p2 move highhorsepower\n>p1 switch 6\n>p1 move earthquake\n>p2 switch 3\n>p1 move ironhead terastallize\n>p2 move moonblast\n>p2 switch 3\n>p1 move earthquake\n>p2 move ironhead\n>p1 move earthquake\n>p2 move highhorsepower\n>p1 switch 2\n>p1 move voltswitch\n>p2 move highhorsepower\n>p1 switch 3\n>p2 switch 4\n>p1 switch 4\n>p2 move machpunch\n>p1 move calmmind\n>p2 switch 2\n>p1 move fireblast\n>p2 move voltswitch\n>p2 switch 6\n>p1 move calmmind\n>p2 move nastyplot\n>p1 move moonblast\n>p2 move shadowball\n>p1 move moonblast\n>p2 move shadowball\n>p2 switch 5\n>p1 move moonblast\n>p2 move dragontail\n>p1 move moonblast\n>p2 switch 2\n>chat \u2606dumpling911|sore loser, you suck\n>p2 switch 6\n>p1 move fireblast\n>p2 move thunder\n>p2 switch 2\n>p1 move moonblast\n>p2 move gigadrain", "uploadtime": 1732943759, "views": 1, "formatid": "gen9randombattle", "rating": null, "private": 0, "password": null}