{"id": "gen9randombattle-2253950058", "format": "[Gen 9] Random Battle", "players": ["Agna_LOL", "fkesjfesolns"], "log": "|j|\u2606Agna_LOL\n|j|\u2606fkesjfesolns\n|t:|1732969917\n|gametype|singles\n|player|p1|Agna_LOL|gardenia|1000\n|player|p2|fkesjfesolns|265|1000\n|teamsize|p1|6\n|teamsize|p2|6\n|gen|9\n|tier|[Gen 9] Random Battle\n|rated|\n|rule|Species Clause: Limit one of each Pok\u00e9mon\n|rule|HP Percentage Mod: HP is shown in percentages\n|rule|Sleep Clause Mod: Limit one foe put to sleep\n|rule|Illusion Level Mod: Illusion disguises the Pok\u00e9mon's true level\n|\n|t:|1732969917\n|start\n|switch|p1a: Gengar|Gengar, L81, F|230/230\n|switch|p2a: Alcremie|Alcremie, L90, F|263/263\n|turn|1\n|\n|t:|1732969931\n|switch|p2a: Garchomp|Garchomp, L74, F|282/282\n|move|p1a: Gengar|Sludge Wave|p2a: Garchomp\n|-resisted|p2a: Garchomp\n|-damage|p2a: Garchomp|200/282\n|-damage|p1a: Gengar|207/230|[from] item: Life Orb\n|\n|upkeep\n|turn|2\n|\n|t:|1732969942\n|move|p1a: Gengar|Focus Blast|p2a: Garchomp|[miss]\n|-miss|p1a: Gengar|p2a: Garchomp\n|move|p2a: Garchomp|Earthquake|p1a: Gengar\n|-supereffective|p1a: Gengar\n|-damage|p1a: Gengar|0 fnt\n|faint|p1a: Gengar\n|\n|upkeep\n|\n|t:|1732969960\n|switch|p1a: Spectrier|Spectrier, L75|274/274\n|turn|3\n|\n|t:|1732969965\n|move|p1a: Spectrier|Draining Kiss|p2a: Garchomp\n|-supereffective|p2a: Garchomp\n|-damage|p2a: Garchomp|73/282\n|-damage|p1a: Spectrier|240/274|[from] ability: Rough Skin|[of] p2a: Garchomp\n|-damage|p1a: Spectrier|195/274|[from] item: Rocky Helmet|[of] p2a: Garchomp\n|-damage|p1a: Spectrier|168/274|[from] item: Life Orb\n|move|p2a: Garchomp|Outrage|p1a: Spectrier\n|-damage|p1a: Spectrier|0 fnt\n|faint|p1a: Spectrier\n|\n|upkeep\n|\n|t:|1732969982\n|switch|p1a: Politoed|Politoed, L88, F|302/302\n|-weather|RainDance|[from] ability: Drizzle|[of] p1a: Politoed\n|turn|4\n|\n|t:|1732969987\n|move|p2a: Garchomp|Outrage|p1a: Politoed|[from]lockedmove\n|-damage|p1a: Politoed|172/302\n|-start|p2a: Garchomp|confusion|[fatigue]\n|move|p1a: Politoed|Ice Beam|p2a: Garchomp\n|-supereffective|p2a: Garchomp\n|-damage|p2a: Garchomp|0 fnt\n|faint|p2a: Garchomp\n|\n|-weather|RainDance|[upkeep]\n|upkeep\n|\n|t:|1732969995\n|switch|p2a: Electrode|Electrode, L92|260/260\n|turn|5\n|\n|t:|1732970008\n|-terastallize|p1a: Politoed|Steel\n|move|p2a: Electrode|Thunder Wave|p1a: Politoed\n|-status|p1a: Politoed|par\n|move|p1a: Politoed|Hypnosis|p2a: Electrode\n|-status|p2a: Electrode|slp|[from] move: Hypnosis\n|\n|-weather|RainDance|[upkeep]\n|upkeep\n|turn|6\n|\n|t:|1732970021\n|switch|p1a: Houndoom|Houndoom, L87, M|272/272\n|cant|p2a: Electrode|slp\n|\n|-weather|RainDance|[upkeep]\n|upkeep\n|turn|7\n|\n|t:|1732970036\n|switch|p2a: Ambipom|Ambipom, L84, F|263/263\n|move|p1a: Houndoom|Dark Pulse|p2a: Ambipom\n|-damage|p2a: Ambipom|145/263\n|\n|-weather|RainDance|[upkeep]\n|upkeep\n|turn|8\n|\n|t:|1732970045\n|move|p2a: Ambipom|Fake Out|p1a: Houndoom\n|-damage|p1a: Houndoom|160/272\n|cant|p1a: Houndoom|flinch\n|\n|-weather|none\n|upkeep\n|turn|9\n|\n|t:|1732970052\n|move|p2a: Ambipom|Low Kick|p1a: Houndoom\n|-supereffective|p1a: Houndoom\n|-damage|p1a: Houndoom|0 fnt\n|faint|p1a: Houndoom\n|\n|upkeep\n|\n|t:|1732970058\n|switch|p1a: Politoed|Politoed, L88, F, tera:Steel|172/302 par\n|-weather|RainDance|[from] ability: Drizzle|[of] p1a: Politoed\n|turn|10\n|\n|t:|1732970065\n|move|p2a: Ambipom|Low Kick|p1a: Politoed\n|-supereffective|p1a: Politoed\n|-damage|p1a: Politoed|40/302 par\n|move|p1a: Politoed|Ice Beam|p2a: Ambipom\n|-damage|p2a: Ambipom|64/263\n|\n|-weather|RainDance|[upkeep]\n|upkeep\n|turn|11\n|\n|t:|1732970074\n|move|p2a: Ambipom|Low Kick|p1a: Politoed\n|-supereffective|p1a: Politoed\n|-damage|p1a: Politoed|0 fnt\n|faint|p1a: Politoed\n|\n|-weather|RainDance|[upkeep]\n|upkeep\n|\n|t:|1732970087\n|switch|p1a: Flygon|Flygon, L82, F|265/265\n|turn|12\n|\n|t:|1732970092\n|move|p2a: Ambipom|Knock Off|p1a: Flygon\n|-damage|p1a: Flygon|192/265\n|-enditem|p1a: Flygon|Choice Band|[from] move: Knock Off|[of] p2a: Ambipom\n|move|p1a: Flygon|U-turn|p2a: Ambipom\n|-damage|p2a: Ambipom|9/263\n|\n|t:|1732970098\n|switch|p1a: Eelektross|Eelektross, L87, M|290/290|[from] U-turn\n|\n|-weather|RainDance|[upkeep]\n|upkeep\n|turn|13\n|\n|t:|1732970108\n|move|p2a: Ambipom|Double-Edge|p1a: Eelektross\n|-crit|p1a: Eelektross\n|-damage|p1a: Eelektross|49/290\n|-damage|p2a: Ambipom|0 fnt|[from] Recoil\n|faint|p2a: Ambipom\n|move|p1a: Eelektross|Supercell Slam|p2: Ambipom|[notarget]\n|-fail|p1a: Eelektross\n|\n|-weather|RainDance|[upkeep]\n|-heal|p1a: Eelektross|67/290|[from] item: Leftovers\n|upkeep\n|\n|t:|1732970122\n|switch|p2a: Electrode|Electrode, L92|260/260 slp\n|turn|14\n|\n|t:|1732970134\n|-curestatus|p2a: Electrode|slp|[msg]\n|move|p2a: Electrode|Thunderbolt|p1a: Eelektross\n|-resisted|p1a: Eelektross\n|-damage|p1a: Eelektross|16/290\n|move|p1a: Eelektross|Fire Punch|p2a: Electrode\n|-damage|p2a: Electrode|227/260\n|\n|-weather|none\n|-heal|p1a: Eelektross|34/290|[from] item: Leftovers\n|upkeep\n|turn|15\n|\n|t:|1732970146\n|switch|p1a: Flygon|Flygon, L82, F|192/265\n|move|p2a: Electrode|Volt Switch|p1a: Flygon\n|-immune|p1a: Flygon\n|\n|upkeep\n|turn|16\n|\n|t:|1732970153\n|move|p2a: Electrode|Taunt|p1a: Flygon\n|-start|p1a: Flygon|move: Taunt\n|move|p1a: Flygon|Earthquake|p2a: Electrode\n|-supereffective|p2a: Electrode\n|-damage|p2a: Electrode|9/260\n|\n|upkeep\n|turn|17\n|\n|t:|1732970165\n|move|p2a: Electrode|Thunder Wave|p1a: Flygon\n|-immune|p1a: Flygon\n|move|p1a: Flygon|U-turn|p2a: Electrode\n|-damage|p2a: Electrode|0 fnt\n|-damage|p1a: Flygon|126/265|[from] ability: Aftermath|[of] p2a: Electrode\n|faint|p2a: Electrode\n|\n|t:|1732970174\n|switch|p1a: Eelektross|Eelektross, L87, M|34/290|[from] U-turn\n|\n|-heal|p1a: Eelektross|52/290|[from] item: Leftovers\n|upkeep\n|\n|t:|1732970179\n|switch|p2a: Alcremie|Alcremie, L90, F|263/263\n|turn|18\n|\n|t:|1732970185\n|move|p2a: Alcremie|Psychic|p1a: Eelektross\n|-damage|p1a: Eelektross|0 fnt\n|faint|p1a: Eelektross\n|\n|upkeep\n|\n|t:|1732970191\n|switch|p1a: Flygon|Flygon, L82, F|126/265\n|turn|19\n|\n|t:|1732970196\n|move|p1a: Flygon|Earthquake|p2a: Alcremie\n|-damage|p2a: Alcremie|157/263\n|move|p2a: Alcremie|Alluring Voice|p1a: Flygon\n|-supereffective|p1a: Flygon\n|-damage|p1a: Flygon|0 fnt\n|faint|p1a: Flygon\n|\n|win|fkesjfesolns\n|raw|Agna_LOL's rating: 1000 &rarr; <strong>1000</strong><br />(+0 for losing)\n|raw|fkesjfesolns's rating: 1000 &rarr; <strong>1040</strong><br />(+40 for winning)\n", "inputlog": ">version b107d77f5c90bd6555267ae244a6264823309ead\n>start {\"formatid\":\"gen9randombattle\",\"seed\":[8773,37498,18737,35553],\"rated\":\"Rated battle\"}\n>player p1 {\"name\":\"Agna_LOL\",\"avatar\":\"gardenia\",\"rating\":1000,\"seed\":[28999,47067,32393,52673]}\n>player p2 {\"name\":\"fkesjfesolns\",\"avatar\":\"265\",\"rating\":1000,\"seed\":[4826,65238,9457,50854]}\n>p1 move sludgewave\n>p2 switch 4\n>p1 move focusblast\n>p2 move earthquake\n>p1 switch 3\n>p1 move drainingkiss\n>p2 move outrage\n>p1 switch 4\n>p1 move icebeam\n>p2 move outrage\n>p2 switch 2\n>p1 move hypnosis terastallize\n>p2 move thunderwave\n>p1 switch 6\n>p2 move thunderbolt\n>p1 move darkpulse\n>p2 switch 6\n>p1 move fireblast\n>p2 move fakeout\n>p1 move sludgebomb\n>p2 move lowkick\n>p1 switch 6\n>p1 move icebeam\n>p2 move lowkick\n>p1 move rest\n>p2 move lowkick\n>p1 switch 2\n>p1 move uturn\n>p2 move knockoff\n>p1 switch 5\n>p1 move supercellslam\n>p2 move doubleedge\n>p2 switch 6\n>p1 move firepunch\n>p2 move thunderbolt\n>p1 switch 5\n>p2 move voltswitch\n>p1 move earthquake\n>p2 move taunt\n>p1 move uturn\n>p2 move thunderwave\n>p1 switch 5\n>p2 switch 4\n>p1 move coil\n>p2 move psychic\n>p1 switch 5\n>p1 move earthquake\n>p2 move alluringvoice", "uploadtime": 1732970200, "views": 3, "formatid": "gen9randombattle", "rating": 1000, "private": 0, "password": null}