{"id": "gen9randombattle-2254072447", "format": "[Gen 9] Random Battle", "players": ["velvet poem", "CajunSpice38"], "log": "|j|\u2606velvet poem\n|j|\u2606CajunSpice38\n|t:|1732987814\n|gametype|singles\n|player|p1|velvet poem|dawn|\n|player|p2|CajunSpice38|pokefan-gen3|\n|teamsize|p1|6\n|teamsize|p2|6\n|gen|9\n|tier|[Gen 9] Random Battle\n|rated|Tournament battle\n|rule|Species Clause: Limit one of each Pok\u00e9mon\n|rule|HP Percentage Mod: HP is shown in percentages\n|rule|Sleep Clause Mod: Limit one foe put to sleep\n|rule|Illusion Level Mod: Illusion disguises the Pok\u00e9mon's true level\n|\n|t:|1732987814\n|start\n|switch|p1a: Mightyena|Mightyena, L95, F|287/287\n|switch|p2a: Veluza|Veluza, L85, M|292/292\n|-ability|p1a: Mightyena|Intimidate|boost\n|-unboost|p2a: Veluza|atk|1\n|turn|1\n|j| freyaknightvgc\n|c|\u2606velvet poem|glhf\n|c|\u2606CajunSpice38|hf\n|j| somebodyuknow2\n|l| somebodyuknow2\n|c|\u2606CajunSpice38|I have to kill Mightyena twice now-\n|c|\u2606CajunSpice38|My heart is breaking in two\n|\n|t:|1732987852\n|switch|p2a: Okidogi|Okidogi, L77, M|262/262\n|move|p1a: Mightyena|Super Fang|p2a: Okidogi\n|-damage|p2a: Okidogi|131/262\n|\n|upkeep\n|turn|2\n|c| freyaknightvgc|you love mightyena?\n|c|\u2606velvet poem|pokemon you like?\n|c|\u2606CajunSpice38|favorite Pokemon of all time\n|c|\u2606CajunSpice38|it's kinda my thing\n|c| freyaknightvgc|ow, it's hard\n|c|\u2606velvet poem|ohh lol\n|c|\u2606CajunSpice38|every time I play with Mightyena I get overly excited\n|\n|t:|1732987898\n|switch|p1a: Golurk|Golurk, L87|297/297\n|move|p2a: Okidogi|Gunk Shot|p1a: Golurk\n|-resisted|p1a: Golurk\n|-damage|p1a: Golurk|263/297\n|\n|upkeep\n|turn|3\n|c| freyaknightvgc|mine is frosmoth. If i listen to my heart i lose to quiver dance sweep...\n|\n|t:|1732987909\n|switch|p2a: Vileplume|Vileplume, L86, M|269/269\n|move|p1a: Golurk|Poltergeist|p2a: Vileplume\n|-activate|p2a: Vileplume|move: Poltergeist|Leftovers\n|-damage|p2a: Vileplume|37/269\n|\n|-heal|p2a: Vileplume|53/269|[from] item: Leftovers\n|upkeep\n|turn|4\n|\n|t:|1732987919\n|move|p1a: Golurk|Poltergeist|p2a: Vileplume\n|-activate|p2a: Vileplume|move: Poltergeist|Leftovers\n|-damage|p2a: Vileplume|0 fnt\n|faint|p2a: Vileplume\n|\n|upkeep\n|\n|t:|1732987921\n|switch|p2a: Wo-Chien|Wo-Chien, L83|277/277\n|-ability|p2a: Wo-Chien|Tablets of Ruin\n|turn|5\n|\n|t:|1732987938\n|switch|p1a: Torterra|Torterra, L78, F|276/276\n|move|p2a: Wo-Chien|Knock Off|p1a: Torterra\n|-damage|p1a: Torterra|182/276\n|-enditem|p1a: Torterra|Loaded Dice|[from] move: Knock Off|[of] p2a: Wo-Chien\n|\n|upkeep\n|turn|6\n|\n|t:|1732987953\n|move|p2a: Wo-Chien|Giga Drain|p1a: Torterra\n|-damage|p1a: Torterra|100/276\n|move|p1a: Torterra|Shell Smash|p1a: Torterra\n|-unboost|p1a: Torterra|def|1\n|-unboost|p1a: Torterra|spd|1\n|-boost|p1a: Torterra|atk|2\n|-boost|p1a: Torterra|spa|2\n|-boost|p1a: Torterra|spe|2\n|\n|upkeep\n|turn|7\n|\n|t:|1732987958\n|move|p1a: Torterra|Headlong Rush|p2a: Wo-Chien\n|-resisted|p2a: Wo-Chien\n|-damage|p2a: Wo-Chien|189/277\n|-unboost|p1a: Torterra|def|1\n|-unboost|p1a: Torterra|spd|1\n|move|p2a: Wo-Chien|Giga Drain|p1a: Torterra\n|-damage|p1a: Torterra|0 fnt\n|-heal|p2a: Wo-Chien|239/277|[from] drain|[of] p1a: Torterra\n|faint|p1a: Torterra\n|\n|-heal|p2a: Wo-Chien|256/277|[from] item: Leftovers\n|upkeep\n|\n|t:|1732987964\n|switch|p1a: Staraptor|Staraptor, L79, F|263/263\n|turn|8\n|j|@Sauzels\n|\n|t:|1732987987\n|switch|p2a: Okidogi|Okidogi, L77, M|131/262\n|move|p1a: Staraptor|Brave Bird|p2a: Okidogi\n|-supereffective|p2a: Okidogi\n|-damage|p2a: Okidogi|0 fnt\n|faint|p2a: Okidogi\n|-damage|p1a: Staraptor|220/263|[from] Recoil\n|\n|upkeep\n|\n|t:|1732988039\n|switch|p2a: Veluza|Veluza, L85, M|292/292\n|turn|9\n|\n|t:|1732988048\n|switch|p1a: Mightyena|Mightyena, L95, F|287/287\n|-ability|p1a: Mightyena|Intimidate|boost\n|-unboost|p2a: Veluza|atk|1\n|move|p2a: Veluza|Aqua Cutter|p1a: Mightyena\n|-damage|p1a: Mightyena|170/287\n|\n|upkeep\n|turn|10\n|\n|t:|1732988064\n|switch|p2a: Scizor|Scizor, L79, F|240/240\n|move|p1a: Mightyena|Super Fang|p2a: Scizor\n|-damage|p2a: Scizor|120/240\n|\n|upkeep\n|turn|11\n|\n|t:|1732988091\n|switch|p1a: Golurk|Golurk, L87|263/297\n|move|p2a: Scizor|U-turn|p1a: Golurk\n|-resisted|p1a: Golurk\n|-damage|p1a: Golurk|202/297\n|\n|t:|1732988104\n|switch|p2a: Wo-Chien|Wo-Chien, L83|256/277|[from] U-turn\n|-ability|p2a: Wo-Chien|Tablets of Ruin\n|\n|-heal|p2a: Wo-Chien|273/277|[from] item: Leftovers\n|upkeep\n|turn|12\n|\n|t:|1732988112\n|move|p2a: Wo-Chien|Giga Drain|p1a: Golurk\n|-supereffective|p1a: Golurk\n|-damage|p1a: Golurk|34/297\n|-heal|p2a: Wo-Chien|277/277|[from] drain|[of] p1a: Golurk\n|move|p1a: Golurk|Dynamic Punch|p2a: Wo-Chien\n|-supereffective|p2a: Wo-Chien\n|-damage|p2a: Wo-Chien|85/277\n|-start|p2a: Wo-Chien|confusion\n|\n|-heal|p2a: Wo-Chien|102/277|[from] item: Leftovers\n|upkeep\n|turn|13\n|\n|t:|1732988135\n|switch|p2a: Scizor|Scizor, L79, F|120/240\n|move|p1a: Golurk|Dynamic Punch|p2a: Scizor\n|-damage|p2a: Scizor|0 fnt\n|faint|p2a: Scizor\n|\n|upkeep\n|\n|t:|1732988143\n|switch|p2a: Zacian|Zacian, L69|241/241\n|-ability|p2a: Zacian|Intrepid Sword|boost\n|-boost|p2a: Zacian|atk|1\n|turn|14\n|\n|t:|1732988147\n|move|p2a: Zacian|Play Rough|p1a: Golurk\n|-damage|p1a: Golurk|0 fnt\n|faint|p1a: Golurk\n|\n|upkeep\n|\n|t:|1732988167\n|switch|p1a: Mightyena|Mightyena, L95, F|170/287\n|-ability|p1a: Mightyena|Intimidate|boost\n|-unboost|p2a: Zacian|atk|1\n|turn|15\n|\n|t:|1732988185\n|-terastallize|p1a: Mightyena|Poison\n|move|p2a: Zacian|Play Rough|p1a: Mightyena\n|-resisted|p1a: Mightyena\n|-damage|p1a: Mightyena|105/287\n|move|p1a: Mightyena|Poison Fang|p2a: Zacian\n|-supereffective|p2a: Zacian\n|-damage|p2a: Zacian|77/241\n|-status|p2a: Zacian|tox\n|\n|-damage|p2a: Zacian|62/241 tox|[from] psn\n|upkeep\n|turn|16\n|c| freyaknightvgc|that's cruel\n|c|\u2606velvet poem|I have to...\n|\n|t:|1732988207\n|switch|p2a: Wo-Chien|Wo-Chien, L83|102/277\n|-ability|p2a: Wo-Chien|Tablets of Ruin\n|move|p1a: Mightyena|Poison Fang|p2a: Wo-Chien\n|-supereffective|p2a: Wo-Chien\n|-damage|p2a: Wo-Chien|4/277\n|-status|p2a: Wo-Chien|tox\n|\n|-heal|p2a: Wo-Chien|21/277 tox|[from] item: Leftovers\n|-damage|p2a: Wo-Chien|4/277 tox|[from] psn\n|upkeep\n|turn|17\n|j| Vitoran\n|\n|t:|1732988211\n|move|p1a: Mightyena|Throat Chop|p2a: Wo-Chien\n|-resisted|p2a: Wo-Chien\n|-crit|p2a: Wo-Chien\n|-damage|p2a: Wo-Chien|0 fnt\n|faint|p2a: Wo-Chien\n|\n|upkeep\n|j|@35Q71N\n|\n|t:|1732988227\n|switch|p2a: Veluza|Veluza, L85, M|292/292\n|turn|18\n|\n|t:|1732988232\n|-terastallize|p2a: Veluza|Water\n|move|p1a: Mightyena|Sucker Punch|p2a: Veluza\n|-damage|p2a: Veluza|195/292\n|move|p2a: Veluza|Aqua Cutter|p1a: Mightyena\n|-damage|p1a: Mightyena|0 fnt\n|faint|p1a: Mightyena\n|\n|upkeep\n|c|\u2606CajunSpice38|mighty...\n|\n|t:|1732988244\n|switch|p1a: Minun|Minun, L95, F|268/268\n|turn|19\n|c|\u2606CajunSpice38|i'm losing anyways...\n|c|\u2606CajunSpice38|why couldn't it have been to you...\n|\n|t:|1732988259\n|move|p1a: Minun|Thunderbolt|p2a: Veluza\n|-supereffective|p2a: Veluza\n|-damage|p2a: Veluza|0 fnt\n|faint|p2a: Veluza\n|-damage|p1a: Minun|242/268|[from] item: Life Orb\n|\n|upkeep\n|\n|t:|1732988261\n|switch|p2a: Zacian|Zacian, L69|62/241 tox\n|turn|20\n|c|\u2606velvet poem|it did so much this game\n|c|\u2606CajunSpice38|this thing's slower lmao\n|\n|t:|1732988279\n|move|p1a: Minun|Thunderbolt|p2a: Zacian\n|-damage|p2a: Zacian|0 fnt\n|faint|p2a: Zacian\n|-damage|p1a: Minun|216/268|[from] item: Life Orb\n|\n|win|velvet poem\n|n|\u2606velvet poem|velvetpoem\n|n|\u2606CajunSpice38|cajunspice38\n|n| freyaknightvgc|freyaknightvgc\n|n| Sauzels|sauzels\n|n| Vitoran|vitoran\n|n|+35Q71N|35q71n\n", "inputlog": ">version b107d77f5c90bd6555267ae244a6264823309ead\n>start {\"formatid\":\"gen9randombattle\",\"seed\":[10808,46593,52653,5295],\"rated\":\"Tournament battle\"}\n>player p1 {\"name\":\"velvet poem\",\"avatar\":\"dawn\",\"rating\":0,\"seed\":[33300,9332,57950,42560]}\n>player p2 {\"name\":\"CajunSpice38\",\"avatar\":\"pokefan-gen3\",\"rating\":0,\"seed\":[26109,26270,25797,12624]}\n>chat \u2606velvet poem|glhf\n>chat \u2606CajunSpice38|hf\n>chat \u2606CajunSpice38|I have to kill Mightyena twice now-\n>chat \u2606CajunSpice38|My heart is breaking in two\n>p1 move superfang\n>p2 switch 4\n>chat  freyaknightvgc|you love mightyena?\n>chat \u2606velvet poem|pokemon you like?\n>chat \u2606CajunSpice38|favorite Pokemon of all time\n>chat \u2606CajunSpice38|it's kinda my thing\n>chat  freyaknightvgc|ow, it's hard\n>chat \u2606velvet poem|ohh lol\n>chat \u2606CajunSpice38|every time I play with Mightyena I get overly excited\n>p1 switch 3\n>p2 move gunkshot\n>chat  freyaknightvgc|mine is frosmoth. If i listen to my heart i lose to quiver dance sweep...\n>p1 move poltergeist\n>p2 switch 2\n>p1 move poltergeist\n>p2 move gigadrain\n>p2 switch 3\n>p1 switch 4\n>p2 move knockoff\n>p1 move shellsmash\n>p2 move gigadrain\n>p1 move headlongrush\n>p2 move gigadrain\n>p1 switch 6\n>p1 move bravebird\n>p2 switch 2\n>p2 switch 4\n>p1 switch 3\n>p2 move aquacutter\n>p1 move superfang\n>p2 switch 6\n>p1 switch 4\n>p2 move uturn\n>p2 switch 2\n>p1 move dynamicpunch\n>p2 move gigadrain\n>p1 move dynamicpunch\n>p2 switch 2\n>p2 switch 5\n>p1 move dynamicpunch\n>p2 move playrough\n>p1 switch 4\n>p1 move poisonfang terastallize\n>p2 move playrough\n>chat  freyaknightvgc|that's cruel\n>chat \u2606velvet poem|I have to...\n>p1 move poisonfang\n>p2 switch 2\n>p1 move throatchop\n>p2 move knockoff\n>p2 switch 6\n>p1 move suckerpunch\n>p2 move aquacutter terastallize\n>chat \u2606CajunSpice38|mighty...\n>p1 switch 5\n>chat \u2606CajunSpice38|i'm losing anyways...\n>chat \u2606CajunSpice38|why couldn't it have been to you...\n>p1 move thunderbolt\n>p2 move aquacutter\n>p2 switch 2\n>chat \u2606velvet poem|it did so much this game\n>chat \u2606CajunSpice38|this thing's slower lmao\n>p1 move thunderbolt\n>p2 move playrough", "uploadtime": 1732988279, "views": 1, "formatid": "gen9randombattle", "rating": null, "private": 0, "password": null}