{"id": "gen9randombattle-2254110963", "format": "[Gen 9] Random Battle", "players": ["pavantej18", "shonens"], "log": "|j|\u2606pavantej18\n|j|\u2606shonens\n|t:|1732992559\n|gametype|singles\n|player|p1|pavantej18|170|1369\n|player|p2|shonens|flannery|1330\n|teamsize|p1|6\n|teamsize|p2|6\n|gen|9\n|tier|[Gen 9] Random Battle\n|rated|\n|rule|Species Clause: Limit one of each Pok\u00e9mon\n|rule|HP Percentage Mod: HP is shown in percentages\n|rule|Sleep Clause Mod: Limit one foe put to sleep\n|rule|Illusion Level Mod: Illusion disguises the Pok\u00e9mon's true level\n|\n|t:|1732992559\n|start\n|switch|p1a: Oricorio|Oricorio, L84, F|263/263\n|switch|p2a: Hydrapple|Hydrapple, L83, F|312/312\n|turn|1\n|inactive|Battle timer is ON: inactive players will automatically lose when time's up. (requested by shonens)\n|\n|t:|1732992566\n|move|p1a: Oricorio|Quiver Dance|p1a: Oricorio\n|-boost|p1a: Oricorio|spa|1\n|-boost|p1a: Oricorio|spd|1\n|-boost|p1a: Oricorio|spe|1\n|move|p2a: Hydrapple|Dragon Tail|p1a: Oricorio\n|-damage|p1a: Oricorio|199/263\n|drag|p1a: Brambleghast|Brambleghast, L88, F|240/240\n|\n|upkeep\n|turn|2\n|\n|t:|1732992576\n|move|p1a: Brambleghast|Poltergeist|p2a: Hydrapple\n|-activate|p2a: Hydrapple|move: Poltergeist|Assault Vest\n|-damage|p2a: Hydrapple|189/312\n|move|p2a: Hydrapple|Fickle Beam|p1a: Brambleghast|[anim] Fickle Beam All Out\n|-activate|p2a: Hydrapple|move: Fickle Beam\n|-damage|p1a: Brambleghast|5/240\n|\n|-heal|p1a: Brambleghast|20/240|[from] item: Leftovers\n|upkeep\n|turn|3\n|\n|t:|1732992586\n|move|p1a: Brambleghast|Poltergeist|p2a: Hydrapple\n|-activate|p2a: Hydrapple|move: Poltergeist|Assault Vest\n|-damage|p2a: Hydrapple|59/312\n|move|p2a: Hydrapple|Fickle Beam|p1a: Brambleghast|[anim] Fickle Beam All Out\n|-activate|p2a: Hydrapple|move: Fickle Beam\n|-damage|p1a: Brambleghast|0 fnt\n|faint|p1a: Brambleghast\n|\n|upkeep\n|\n|t:|1732992601\n|switch|p1a: Terapagos|Terapagos, L76, F|262/262\n|-activate|p1a: Terapagos|ability: Tera Shift\n|detailschange|p1a: Terapagos|Terapagos-Terastal, L76, F\n|-heal|p1a: Terapagos|269/269|[silent]\n|turn|4\n|\n|t:|1732992614\n|-terastallize|p1a: Terapagos|Stellar\n|detailschange|p1a: Terapagos|Terapagos-Stellar, L76, F, tera:Stellar\n|-heal|p1a: Terapagos|368/368|[silent]\n|move|p1a: Terapagos|Tera Starstorm|p2a: Hydrapple\n|-damage|p2a: Hydrapple|0 fnt\n|faint|p2a: Hydrapple\n|\n|upkeep\n|\n|t:|1732992628\n|switch|p2a: Carbink|Carbink, L90|236/236\n|turn|5\n|\n|t:|1732992652\n|move|p1a: Terapagos|Earth Power|p2a: Carbink\n|-supereffective|p2a: Carbink\n|-damage|p2a: Carbink|140/236\n|move|p2a: Carbink|Body Press|p1a: Terapagos\n|-supereffective|p1a: Terapagos\n|-damage|p1a: Terapagos|194/368\n|\n|upkeep\n|turn|6\n|inactive|pavantej18 has 120 seconds left.\n|\n|t:|1732992674\n|move|p1a: Terapagos|Calm Mind|p1a: Terapagos\n|-boost|p1a: Terapagos|spa|1\n|-boost|p1a: Terapagos|spd|1\n|move|p2a: Carbink|Body Press|p1a: Terapagos\n|-supereffective|p1a: Terapagos\n|-damage|p1a: Terapagos|28/368\n|\n|upkeep\n|turn|7\n|inactive|pavantej18 has 120 seconds left.\n|\n|t:|1732992680\n|move|p1a: Terapagos|Rest|p1a: Terapagos\n|-status|p1a: Terapagos|slp|[from] move: Rest\n|-heal|p1a: Terapagos|368/368 slp|[silent]\n|-enditem|p1a: Terapagos|Chesto Berry|[eat]\n|-curestatus|p1a: Terapagos|slp|[msg]\n|move|p2a: Carbink|Body Press|p1a: Terapagos\n|-supereffective|p1a: Terapagos\n|-damage|p1a: Terapagos|204/368\n|\n|upkeep\n|turn|8\n|inactive|pavantej18 has 120 seconds left.\n|\n|t:|1732992692\n|move|p1a: Terapagos|Earth Power|p2a: Carbink\n|-supereffective|p2a: Carbink\n|-damage|p2a: Carbink|0 fnt\n|faint|p2a: Carbink\n|\n|upkeep\n|\n|t:|1732992694\n|switch|p2a: Cetitan|Cetitan, L82, F|413/413\n|turn|9\n|\n|t:|1732992700\n|move|p1a: Terapagos|Tera Starstorm|p2a: Cetitan\n|-damage|p2a: Cetitan|187/413\n|move|p2a: Cetitan|Icicle Crash|p1a: Terapagos\n|-damage|p1a: Terapagos|58/368\n|\n|upkeep\n|turn|10\n|\n|t:|1732992706\n|move|p2a: Cetitan|Ice Shard|p1a: Terapagos\n|-damage|p1a: Terapagos|7/368\n|-damage|p2a: Cetitan|146/413|[from] item: Life Orb\n|move|p1a: Terapagos|Tera Starstorm|p2a: Cetitan\n|-damage|p2a: Cetitan|0 fnt\n|faint|p2a: Cetitan\n|\n|upkeep\n|\n|t:|1732992708\n|switch|p2a: Lapras|Lapras, L87, F|368/368\n|turn|11\n|\n|t:|1732992720\n|move|p1a: Terapagos|Rest|p1a: Terapagos\n|-status|p1a: Terapagos|slp|[from] move: Rest\n|-heal|p1a: Terapagos|368/368 slp|[silent]\n|move|p2a: Lapras|Sparkling Aria|p1a: Terapagos\n|-damage|p1a: Terapagos|307/368 slp\n|\n|upkeep\n|turn|12\n|\n|t:|1732992728\n|switch|p2a: Veluza|Veluza, L85, F|292/292\n|cant|p1a: Terapagos|slp\n|\n|upkeep\n|turn|13\n|\n|t:|1732992733\n|cant|p1a: Terapagos|slp\n|move|p2a: Veluza|Fillet Away|p2a: Veluza\n|-boost|p2a: Veluza|atk|2\n|-boost|p2a: Veluza|spa|2\n|-boost|p2a: Veluza|spe|2\n|-damage|p2a: Veluza|146/292\n|-enditem|p2a: Veluza|Sitrus Berry|[eat]\n|-heal|p2a: Veluza|219/292|[from] item: Sitrus Berry\n|\n|upkeep\n|turn|14\n|\n|t:|1732992741\n|-terastallize|p2a: Veluza|Water\n|move|p2a: Veluza|Aqua Cutter|p1a: Terapagos\n|-crit|p1a: Terapagos\n|-damage|p1a: Terapagos|0 fnt\n|faint|p1a: Terapagos\n|\n|upkeep\n|\n|t:|1732992754\n|switch|p1a: Basculin|Basculin-Blue-Striped, L86, F|261/261\n|turn|15\n|\n|t:|1732992763\n|move|p2a: Veluza|Psycho Cut|p1a: Basculin\n|-damage|p1a: Basculin|0 fnt\n|faint|p1a: Basculin\n|\n|upkeep\n|\n|t:|1732992774\n|switch|p1a: Weezing|Weezing-Galar, L86, F|252/252\n|turn|16\n|\n|t:|1732992786\n|move|p2a: Veluza|Psycho Cut|p1a: Weezing\n|-supereffective|p1a: Weezing\n|-damage|p1a: Weezing|0 fnt\n|faint|p1a: Weezing\n|\n|upkeep\n|\n|t:|1732992790\n|switch|p1a: Misdreavus|Misdreavus, L90, M|254/254\n|turn|17\n|\n|t:|1732992800\n|move|p2a: Veluza|Night Slash|p1a: Misdreavus\n|-supereffective|p1a: Misdreavus\n|-damage|p1a: Misdreavus|0 fnt\n|faint|p1a: Misdreavus\n|\n|upkeep\n|\n|t:|1732992805\n|switch|p1a: Oricorio|Oricorio, L84, F|199/263\n|turn|18\n|\n|t:|1732992808\n|move|p2a: Veluza|Aqua Cutter|p1a: Oricorio\n|-supereffective|p1a: Oricorio\n|-damage|p1a: Oricorio|0 fnt\n|faint|p1a: Oricorio\n|\n|win|shonens\n|raw|pavantej18's rating: 1369 &rarr; <strong>1347</strong><br />(-22 for losing)\n|raw|shonens's rating: 1330 &rarr; <strong>1352</strong><br />(+22 for winning)\n|l|\u2606pavantej18\n|player|p1|\n", "inputlog": ">version b107d77f5c90bd6555267ae244a6264823309ead\n>start {\"formatid\":\"gen9randombattle\",\"seed\":[39181,24278,20464,29063],\"rated\":\"Rated battle\"}\n>player p1 {\"name\":\"pavantej18\",\"avatar\":\"170\",\"rating\":1369,\"seed\":[34749,18866,50773,31480]}\n>player p2 {\"name\":\"shonens\",\"avatar\":\"flannery\",\"rating\":1330,\"seed\":[41171,1648,7866,17427]}\n>p1 move quiverdance\n>p2 move dragontail\n>p1 move poltergeist\n>p2 move ficklebeam\n>p1 move poltergeist\n>p2 move ficklebeam\n>p1 switch 5\n>p1 move terastarstorm terastallize\n>p2 move dragontail\n>p2 switch 5\n>p1 move earthpower\n>p2 move bodypress\n>p1 move calmmind\n>p2 move bodypress\n>p1 move rest\n>p2 move bodypress\n>p1 move earthpower\n>p2 move irondefense\n>p2 switch 4\n>p1 move terastarstorm\n>p2 move iciclecrash\n>p1 move terastarstorm\n>p2 move iceshard\n>p2 switch 2\n>p1 move rest\n>p2 move sparklingaria\n>p1 move calmmind\n>p2 switch 3\n>p1 move terastarstorm\n>p2 move filletaway\n>p1 move terastarstorm\n>p2 move aquacutter terastallize\n>p1 switch 4\n>p1 move doubleedge\n>p2 move psychocut\n>p1 switch 2\n>p1 move strangesteam\n>p2 move psychocut\n>p1 switch 6\n>p1 move shadowball\n>p2 move nightslash\n>p1 switch 3\n>p1 move quiverdance\n>p2 move aquacutter", "uploadtime": 1732992833, "views": 1, "formatid": "gen9randombattle", "rating": 1347, "private": 0, "password": null}