{"id": "gen9randombattle-2254163397", "format": "[Gen 9] Random Battle", "players": ["tadla", "Cquiroz"], "log": "|j|\u2606tadla\n|j|\u2606Cquiroz\n|t:|1732999057\n|gametype|singles\n|player|p1|tadla|265|1397\n|player|p2|Cquiroz|265|1349\n|teamsize|p1|6\n|teamsize|p2|6\n|gen|9\n|tier|[Gen 9] Random Battle\n|rated|\n|rule|Species Clause: Limit one of each Pok\u00e9mon\n|rule|HP Percentage Mod: HP is shown in percentages\n|rule|Sleep Clause Mod: Limit one foe put to sleep\n|rule|Illusion Level Mod: Illusion disguises the Pok\u00e9mon's true level\n|\n|t:|1732999057\n|start\n|switch|p1a: Charizard|Charizard, L85, M|271/271\n|switch|p2a: Slowbro|Slowbro, L85, M|300/300\n|turn|1\n|inactive|Battle timer is ON: inactive players will automatically lose when time's up. (requested by Cquiroz)\n|inactive|tadla has 120 seconds left.\n|inactive|tadla has 90 seconds left.\n|inactive|tadla has 60 seconds left.\n|inactive|tadla has 30 seconds left.\n|inactive|tadla has 20 seconds left.\n|inactive|tadla has 15 seconds left.\n|\n|t:|1732999196\n|switch|p1a: Iron Bundle|Iron Bundle, L77|213/213\n|move|p2a: Slowbro|Scald|p1a: Iron Bundle\n|-resisted|p1a: Iron Bundle\n|-damage|p1a: Iron Bundle|152/213\n|\n|-heal|p1a: Iron Bundle|165/213|[from] item: Leftovers\n|upkeep\n|turn|2\n|\n|t:|1732999210\n|move|p1a: Iron Bundle|Substitute|p1a: Iron Bundle\n|-start|p1a: Iron Bundle|Substitute\n|-damage|p1a: Iron Bundle|112/213\n|move|p2a: Slowbro|Body Press|p1a: Iron Bundle\n|-supereffective|p1a: Iron Bundle\n|-end|p1a: Iron Bundle|Substitute\n|\n|-heal|p1a: Iron Bundle|125/213|[from] item: Leftovers\n|upkeep\n|turn|3\n|inactive|tadla has 90 seconds left.\n|\n|t:|1732999218\n|move|p1a: Iron Bundle|Freeze-Dry|p2a: Slowbro\n|-supereffective|p2a: Slowbro\n|-damage|p2a: Slowbro|192/300\n|move|p2a: Slowbro|Body Press|p1a: Iron Bundle\n|-supereffective|p1a: Iron Bundle\n|-damage|p1a: Iron Bundle|7/213\n|\n|-heal|p1a: Iron Bundle|20/213|[from] item: Leftovers\n|upkeep\n|turn|4\n|\n|t:|1732999225\n|-end|p1a: Iron Bundle|Quark Drive|[silent]\n|switch|p1a: Garchomp|Garchomp, L74, M|282/282\n|move|p2a: Slowbro|Body Press|p1a: Garchomp\n|-damage|p1a: Garchomp|214/282\n|-damage|p2a: Slowbro|155/300|[from] ability: Rough Skin|[of] p1a: Garchomp\n|-damage|p2a: Slowbro|105/300|[from] item: Rocky Helmet|[of] p1a: Garchomp\n|\n|upkeep\n|turn|5\n|\n|t:|1732999236\n|switch|p2a: Shiftry|Shiftry, L89, F|305/305\n|move|p1a: Garchomp|Stealth Rock|p2a: Shiftry\n|-sidestart|p2: Cquiroz|move: Stealth Rock\n|\n|upkeep\n|turn|6\n|\n|t:|1732999247\n|move|p1a: Garchomp|Spikes|p2a: Shiftry\n|-sidestart|p2: Cquiroz|Spikes\n|move|p2a: Shiftry|Tailwind|p2a: Shiftry\n|-sidestart|p2: Cquiroz|move: Tailwind\n|-ability|p2a: Shiftry|Wind Rider|boost\n|-boost|p2a: Shiftry|atk|1\n|\n|upkeep\n|turn|7\n|\n|t:|1732999264\n|move|p2a: Shiftry|Knock Off|p1a: Garchomp\n|-damage|p1a: Garchomp|0 fnt\n|-damage|p2a: Shiftry|267/305|[from] ability: Rough Skin|[of] p1a: Garchomp\n|-damage|p2a: Shiftry|217/305|[from] item: Rocky Helmet|[of] p1a: Garchomp\n|-enditem|p1a: Garchomp|Rocky Helmet|[from] move: Knock Off|[of] p2a: Shiftry\n|faint|p1a: Garchomp\n|-damage|p2a: Shiftry|187/305|[from] item: Life Orb\n|\n|upkeep\n|\n|t:|1732999273\n|switch|p1a: Charizard|Charizard, L85, M|271/271\n|turn|8\n|\n|t:|1732999276\n|move|p2a: Shiftry|Knock Off|p1a: Charizard\n|-damage|p1a: Charizard|36/271\n|-enditem|p1a: Charizard|Heavy-Duty Boots|[from] move: Knock Off|[of] p2a: Shiftry\n|-damage|p2a: Shiftry|157/305|[from] item: Life Orb\n|move|p1a: Charizard|Flare Blitz|p2a: Shiftry\n|-supereffective|p2a: Shiftry\n|-damage|p2a: Shiftry|0 fnt\n|faint|p2a: Shiftry\n|-damage|p1a: Charizard|0 fnt|[from] Recoil\n|faint|p1a: Charizard\n|\n|upkeep\n|\n|t:|1732999292\n|switch|p1a: Iron Bundle|Iron Bundle, L77|20/213\n|switch|p2a: Slowbro|Slowbro, L85, M|205/300\n|-damage|p2a: Slowbro|168/300|[from] Stealth Rock\n|-damage|p2a: Slowbro|131/300|[from] Spikes\n|turn|9\n|\n|t:|1732999296\n|move|p1a: Iron Bundle|Freeze-Dry|p2a: Slowbro\n|-supereffective|p2a: Slowbro\n|-damage|p2a: Slowbro|15/300\n|move|p2a: Slowbro|Body Press|p1a: Iron Bundle\n|-supereffective|p1a: Iron Bundle\n|-damage|p1a: Iron Bundle|0 fnt\n|faint|p1a: Iron Bundle\n|-end|p1a: Iron Bundle|Quark Drive|[silent]\n|\n|-sideend|p2: Cquiroz|move: Tailwind\n|upkeep\n|inactive|tadla has 120 seconds left.\n|\n|t:|1732999307\n|switch|p1a: Floatzel|Floatzel, L85, F|283/283\n|turn|10\n|inactive|tadla has 120 seconds left.\n|\n|t:|1732999313\n|move|p1a: Floatzel|Bulk Up|p1a: Floatzel\n|-boost|p1a: Floatzel|atk|1\n|-boost|p1a: Floatzel|def|1\n|move|p2a: Slowbro|Psychic Noise|p1a: Floatzel\n|-damage|p1a: Floatzel|162/283\n|-start|p1a: Floatzel|move: Heal Block\n|\n|upkeep\n|turn|11\n|\n|t:|1732999317\n|move|p1a: Floatzel|Crunch|p2a: Slowbro\n|-supereffective|p2a: Slowbro\n|-damage|p2a: Slowbro|0 fnt\n|faint|p2a: Slowbro\n|\n|-end|p1a: Floatzel|move: Heal Block\n|upkeep\n|\n|t:|1732999325\n|switch|p2a: Seviper|Seviper, L93, F|287/287\n|-damage|p2a: Seviper|252/287|[from] Stealth Rock\n|-damage|p2a: Seviper|217/287|[from] Spikes\n|turn|12\n|\n|t:|1732999329\n|move|p2a: Seviper|Giga Drain|p1a: Floatzel\n|-supereffective|p1a: Floatzel\n|-damage|p1a: Floatzel|0 fnt\n|-heal|p2a: Seviper|287/287|[from] drain|[of] p1a: Floatzel\n|faint|p1a: Floatzel\n|\n|upkeep\n|\n|t:|1732999334\n|switch|p1a: Probopass|Probopass, L92, M|260/260\n|turn|13\n|\n|t:|1732999339\n|move|p2a: Seviper|Giga Drain|p1a: Probopass\n|-damage|p1a: Probopass|222/260\n|move|p1a: Probopass|Iron Defense|p1a: Probopass\n|-boost|p1a: Probopass|def|2\n|\n|-heal|p1a: Probopass|238/260|[from] item: Leftovers\n|upkeep\n|turn|14\n|\n|t:|1732999348\n|switch|p2a: Dewgong|Dewgong, L94, F|322/322\n|move|p1a: Probopass|Iron Defense|p1a: Probopass\n|-boost|p1a: Probopass|def|2\n|\n|-heal|p1a: Probopass|254/260|[from] item: Leftovers\n|upkeep\n|turn|15\n|\n|t:|1732999353\n|move|p2a: Dewgong|Encore|p1a: Probopass\n|-start|p1a: Probopass|Encore\n|move|p1a: Probopass|Iron Defense|p1a: Probopass\n|-boost|p1a: Probopass|def|2\n|\n|-heal|p1a: Probopass|260/260|[from] item: Leftovers\n|upkeep\n|turn|16\n|-message|tadla forfeited.\n|\n|win|Cquiroz\n|raw|tadla's rating: 1397 &rarr; <strong>1374</strong><br />(-23 for losing)\n|raw|Cquiroz's rating: 1349 &rarr; <strong>1372</strong><br />(+23 for winning)\n|l|\u2606tadla\n|player|p1|\n", "inputlog": ">version b107d77f5c90bd6555267ae244a6264823309ead\n>start {\"formatid\":\"gen9randombattle\",\"seed\":[12317,29797,10912,54145],\"rated\":\"Rated battle\"}\n>player p1 {\"name\":\"tadla\",\"avatar\":\"265\",\"rating\":1397,\"seed\":[48732,56697,53377,31515]}\n>player p2 {\"name\":\"Cquiroz\",\"avatar\":\"265\",\"rating\":1349,\"seed\":[32812,27739,11958,10658]}\n>p1 switch 2\n>p2 move scald\n>p1 move substitute\n>p2 move bodypress\n>p1 move freezedry\n>p2 move bodypress\n>p1 switch 6\n>p2 move bodypress\n>p1 move stealthrock\n>p2 switch 6\n>p1 move spikes\n>p2 move tailwind\n>p1 move spikes\n>p2 move knockoff\n>p1 switch 2\n>p1 move flareblitz\n>p2 move knockoff\n>p1 switch 6\n>p2 switch 6\n>p1 move freezedry\n>p2 move bodypress\n>p1 switch 5\n>p1 move bulkup\n>p2 move psychicnoise\n>p1 move crunch\n>p2 move psychicnoise\n>p2 switch 5\n>p1 move wavecrash\n>p2 move gigadrain\n>p1 switch 4\n>p1 move irondefense\n>p2 move gigadrain\n>p1 move irondefense\n>p2 switch 2\n>p1 move bodypress\n>p2 move encore\n>forcelose p1", "uploadtime": 1732999362, "views": 1, "formatid": "gen9randombattle", "rating": 1372, "private": 0, "password": null}