{"id": "gen9randombattle-2254104195", "format": "[Gen 9] Random Battle", "players": ["Sealed Book", "karlgaff"], "log": "|j|\u2606Sealed Book\n|j|\u203dkarlgaff\n|t:|1732991755\n|gametype|singles\n|player|p1|Sealed Book|lisia|1475\n|player|p2|karlgaff|169|1467\n|teamsize|p1|6\n|teamsize|p2|6\n|gen|9\n|tier|[Gen 9] Random Battle\n|rated|\n|rule|Species Clause: Limit one of each Pok\u00e9mon\n|rule|HP Percentage Mod: HP is shown in percentages\n|rule|Sleep Clause Mod: Limit one foe put to sleep\n|rule|Illusion Level Mod: Illusion disguises the Pok\u00e9mon's true level\n|\n|t:|1732991755\n|start\n|switch|p1a: Salazzle|Salazzle, L83, F|249/249\n|switch|p2a: Palossand|Palossand, L89, F|296/296\n|turn|1\n|inactive|Battle timer is ON: inactive players will automatically lose when time's up. (requested by Sealed Book)\n|inactive|karlgaff has 120 seconds left.\n|\n|t:|1732991822\n|switch|p1a: Cyclizar|Cyclizar, L83, F|252/252\n|move|p2a: Palossand|Earth Power|p1a: Cyclizar\n|-damage|p1a: Cyclizar|108/252\n|\n|upkeep\n|turn|2\n|\n|t:|1732991833\n|switch|p1a: Kilowattrel|Kilowattrel, L83, M|252/252\n|move|p2a: Palossand|Earth Power|p1a: Kilowattrel\n|-immune|p1a: Kilowattrel\n|\n|upkeep\n|turn|3\n|inactive|karlgaff has 120 seconds left.\n|\n|t:|1732991886\n|switch|p1a: Cyclizar|Cyclizar, L83, F|192/252\n|switch|p2a: Calyrex|Calyrex-Ice, L72|263/263\n|-ability|p2a: Calyrex|As One\n|-ability|p2a: Calyrex|Unnerve\n|\n|upkeep\n|turn|4\n|\n|t:|1732991907\n|move|p1a: Cyclizar|Shed Tail|p1a: Cyclizar\n|-start|p1a: Cyclizar|Substitute|[from] move: Shed Tail\n|-damage|p1a: Cyclizar|66/252\n|\n|t:|1732991912\n|switch|p1a: Typhlosion|Typhlosion, L84, F|267/267|[from] Shed Tail\n|move|p2a: Calyrex|Glacial Lance|p1a: Typhlosion\n|-resisted|p1a: Typhlosion\n|-end|p1a: Typhlosion|Substitute\n|\n|upkeep\n|turn|5\n|\n|t:|1732991930\n|switch|p2a: Pelipper|Pelipper, L86, M|243/243\n|-weather|RainDance|[from] ability: Drizzle|[of] p2a: Pelipper\n|move|p1a: Typhlosion|Eruption|p2a: Pelipper\n|-resisted|p2a: Pelipper\n|-damage|p2a: Pelipper|173/243\n|\n|-weather|RainDance|[upkeep]\n|upkeep\n|turn|6\n|\n|t:|1732991940\n|switch|p1a: Cyclizar|Cyclizar, L83, F|150/252\n|move|p2a: Pelipper|Weather Ball|p1a: Cyclizar\n|-resisted|p1a: Cyclizar\n|-crit|p1a: Cyclizar\n|-damage|p1a: Cyclizar|0 fnt\n|faint|p1a: Cyclizar\n|\n|-weather|RainDance|[upkeep]\n|upkeep\n|c|\u2606Sealed Book|lmfao\n|\n|t:|1732991949\n|switch|p1a: Kilowattrel|Kilowattrel, L83, M|252/252\n|turn|7\n|inactive|karlgaff has 120 seconds left.\n|\n|t:|1732991955\n|switch|p2a: Palossand|Palossand, L89, F|296/296\n|move|p1a: Kilowattrel|Thunderbolt|p2a: Palossand\n|-immune|p2a: Palossand\n|\n|-weather|RainDance|[upkeep]\n|upkeep\n|turn|8\n|\n|t:|1732991962\n|move|p1a: Kilowattrel|Hurricane|p2a: Palossand\n|-damage|p2a: Palossand|163/296\n|move|p2a: Palossand|Sludge Bomb|p1a: Kilowattrel\n|-crit|p1a: Kilowattrel\n|-damage|p1a: Kilowattrel|95/252\n|-status|p1a: Kilowattrel|psn\n|\n|-weather|RainDance|[upkeep]\n|-heal|p2a: Palossand|181/296|[from] item: Leftovers\n|-damage|p1a: Kilowattrel|64/252 psn|[from] psn\n|upkeep\n|turn|9\n|\n|t:|1732991972\n|move|p1a: Kilowattrel|Hurricane|p2a: Palossand\n|-damage|p2a: Palossand|57/296\n|move|p2a: Palossand|Shore Up|p2a: Palossand\n|-heal|p2a: Palossand|205/296\n|\n|-weather|none\n|-heal|p2a: Palossand|223/296|[from] item: Leftovers\n|-damage|p1a: Kilowattrel|33/252 psn|[from] psn\n|upkeep\n|turn|10\n|\n|t:|1732991981\n|move|p1a: Kilowattrel|Hurricane|p2a: Palossand\n|-crit|p2a: Palossand\n|-damage|p2a: Palossand|21/296\n|-start|p2a: Palossand|confusion\n|-activate|p2a: Palossand|confusion\n|move|p2a: Palossand|Shore Up|p2a: Palossand\n|-heal|p2a: Palossand|169/296\n|\n|-heal|p2a: Palossand|187/296|[from] item: Leftovers\n|-damage|p1a: Kilowattrel|2/252 psn|[from] psn\n|upkeep\n|turn|11\n|\n|t:|1732991991\n|move|p1a: Kilowattrel|Hurricane|p2a: Palossand\n|-damage|p2a: Palossand|69/296\n|-activate|p2a: Palossand|confusion\n|move|p2a: Palossand|Shore Up|p2a: Palossand\n|-heal|p2a: Palossand|217/296\n|\n|-heal|p2a: Palossand|235/296|[from] item: Leftovers\n|-damage|p1a: Kilowattrel|0 fnt|[from] psn\n|faint|p1a: Kilowattrel\n|upkeep\n|\n|t:|1732992004\n|switch|p1a: Mightyena|Mightyena, L95, M|287/287\n|-ability|p1a: Mightyena|Intimidate|boost\n|-unboost|p2a: Palossand|atk|1\n|turn|12\n|\n|t:|1732992012\n|switch|p2a: Pelipper|Pelipper, L86, M|173/243\n|-weather|RainDance|[from] ability: Drizzle|[of] p2a: Pelipper\n|move|p1a: Mightyena|Throat Chop|p2a: Pelipper\n|-damage|p2a: Pelipper|85/243\n|-start|p2a: Pelipper|Throat Chop|[silent]\n|\n|-weather|RainDance|[upkeep]\n|upkeep\n|turn|13\n|\n|t:|1732992023\n|switch|p2a: Magmortar|Magmortar, L88, M|275/275\n|move|p1a: Mightyena|Throat Chop|p2a: Magmortar\n|-damage|p2a: Magmortar|166/275\n|-start|p2a: Magmortar|Throat Chop|[silent]\n|\n|-weather|RainDance|[upkeep]\n|upkeep\n|turn|14\n|\n|t:|1732992029\n|move|p2a: Magmortar|Knock Off|p1a: Mightyena\n|-resisted|p1a: Mightyena\n|-damage|p1a: Mightyena|249/287\n|-enditem|p1a: Mightyena|Assault Vest|[from] move: Knock Off|[of] p2a: Magmortar\n|move|p1a: Mightyena|Throat Chop|p2a: Magmortar\n|-damage|p2a: Magmortar|37/275\n|\n|-weather|RainDance|[upkeep]\n|-end|p2a: Magmortar|Throat Chop|[silent]\n|upkeep\n|turn|15\n|\n|t:|1732992036\n|move|p1a: Mightyena|Sucker Punch|p2a: Magmortar\n|-damage|p2a: Magmortar|0 fnt\n|faint|p2a: Magmortar\n|\n|-weather|RainDance|[upkeep]\n|upkeep\n|\n|t:|1732992051\n|switch|p2a: Smeargle|Smeargle, L95, F|258/258\n|turn|16\n|\n|t:|1732992057\n|move|p2a: Smeargle|Spore|p1a: Mightyena\n|-status|p1a: Mightyena|slp|[from] move: Spore\n|cant|p1a: Mightyena|slp\n|\n|-weather|none\n|upkeep\n|turn|17\n|\n|t:|1732992087\n|move|p2a: Smeargle|Sticky Web|p1a: Mightyena\n|-sidestart|p1: Sealed Book|move: Sticky Web\n|cant|p1a: Mightyena|slp\n|\n|upkeep\n|turn|18\n|\n|t:|1732992100\n|move|p2a: Smeargle|Stealth Rock|p1a: Mightyena\n|-sidestart|p1: Sealed Book|move: Stealth Rock\n|cant|p1a: Mightyena|slp\n|\n|upkeep\n|turn|19\n|\n|t:|1732992109\n|move|p2a: Smeargle|Ceaseless Edge|p1a: Mightyena|[miss]\n|-miss|p2a: Smeargle|p1a: Mightyena\n|-curestatus|p1a: Mightyena|slp|[msg]\n|move|p1a: Mightyena|Throat Chop|p2a: Smeargle\n|-damage|p2a: Smeargle|78/258\n|-start|p2a: Smeargle|Throat Chop|[silent]\n|\n|upkeep\n|turn|20\n|\n|t:|1732992115\n|move|p2a: Smeargle|Spore|p1a: Mightyena\n|-status|p1a: Mightyena|slp|[from] move: Spore\n|cant|p1a: Mightyena|slp\n|\n|-end|p2a: Smeargle|Throat Chop|[silent]\n|upkeep\n|turn|21\n|\n|t:|1732992120\n|move|p2a: Smeargle|Ceaseless Edge|p1a: Mightyena\n|-resisted|p1a: Mightyena\n|-damage|p1a: Mightyena|236/287 slp\n|-sidestart|p1: Sealed Book|Spikes\n|cant|p1a: Mightyena|slp\n|\n|upkeep\n|turn|22\n|\n|t:|1732992126\n|-curestatus|p1a: Mightyena|slp|[msg]\n|move|p1a: Mightyena|Sucker Punch|p2a: Smeargle\n|-damage|p2a: Smeargle|0 fnt\n|faint|p2a: Smeargle\n|\n|upkeep\n|\n|t:|1732992136\n|switch|p2a: Calyrex|Calyrex-Ice, L72|263/263\n|-ability|p2a: Calyrex|As One\n|-ability|p2a: Calyrex|Unnerve\n|turn|23\n|\n|t:|1732992156\n|-terastallize|p1a: Mightyena|Fairy\n|-terastallize|p2a: Calyrex|Fighting\n|move|p1a: Mightyena|Super Fang|p2a: Calyrex\n|-damage|p2a: Calyrex|132/263\n|move|p2a: Calyrex|Agility|p2a: Calyrex\n|-boost|p2a: Calyrex|spe|2\n|\n|upkeep\n|turn|24\n|\n|t:|1732992165\n|move|p2a: Calyrex|Glacial Lance|p1a: Mightyena\n|-damage|p1a: Mightyena|79/287\n|move|p1a: Mightyena|Play Rough|p2a: Calyrex\n|-supereffective|p2a: Calyrex\n|-damage|p2a: Calyrex|0 fnt\n|faint|p2a: Calyrex\n|\n|upkeep\n|\n|t:|1732992185\n|switch|p2a: Sinistcha|Sinistcha, L83|254/254\n|turn|25\n|\n|t:|1732992193\n|move|p1a: Mightyena|Throat Chop|p2a: Sinistcha\n|-supereffective|p2a: Sinistcha\n|-damage|p2a: Sinistcha|80/254\n|-start|p2a: Sinistcha|Throat Chop|[silent]\n|move|p2a: Sinistcha|Strength Sap|p1a: Mightyena\n|-unboost|p1a: Mightyena|atk|1\n|-heal|p2a: Sinistcha|254/254\n|\n|upkeep\n|turn|26\n|\n|t:|1732992202\n|switch|p1a: Typhlosion|Typhlosion, L84, F|267/267\n|-activate|p1a: Typhlosion|move: Sticky Web\n|-unboost|p1a: Typhlosion|spe|1\n|-damage|p1a: Typhlosion|201/267|[from] Stealth Rock\n|-damage|p1a: Typhlosion|168/267|[from] Spikes\n|move|p2a: Sinistcha|Matcha Gotcha|p1a: Typhlosion\n|-resisted|p1a: Typhlosion\n|-damage|p1a: Typhlosion|119/267\n|\n|-end|p2a: Sinistcha|Throat Chop|[silent]\n|upkeep\n|turn|27\n|\n|t:|1732992213\n|switch|p2a: Pelipper|Pelipper, L86, M|85/243\n|-weather|RainDance|[from] ability: Drizzle|[of] p2a: Pelipper\n|move|p1a: Typhlosion|Fire Blast|p2a: Pelipper|[miss]\n|-miss|p1a: Typhlosion|p2a: Pelipper\n|\n|-weather|RainDance|[upkeep]\n|upkeep\n|turn|28\n|\n|t:|1732992221\n|move|p2a: Pelipper|Weather Ball|p1a: Typhlosion\n|-supereffective|p1a: Typhlosion\n|-damage|p1a: Typhlosion|0 fnt\n|faint|p1a: Typhlosion\n|\n|-weather|RainDance|[upkeep]\n|upkeep\n|\n|t:|1732992234\n|switch|p1a: Mightyena|Mightyena, L95, M, tera:Fairy|79/287\n|-activate|p1a: Mightyena|move: Sticky Web\n|-unboost|p1a: Mightyena|spe|1\n|-damage|p1a: Mightyena|44/287|[from] Stealth Rock\n|-damage|p1a: Mightyena|9/287|[from] Spikes\n|-ability|p1a: Mightyena|Intimidate|boost\n|-unboost|p2a: Pelipper|atk|1\n|turn|29\n|\n|t:|1732992241\n|switch|p2a: Palossand|Palossand, L89, F|235/296\n|move|p1a: Mightyena|Sucker Punch||[still]\n|-fail|p1a: Mightyena\n|\n|-weather|RainDance|[upkeep]\n|-heal|p2a: Palossand|253/296|[from] item: Leftovers\n|upkeep\n|turn|30\n|\n|t:|1732992248\n|move|p1a: Mightyena|Throat Chop|p2a: Palossand\n|-supereffective|p2a: Palossand\n|-damage|p2a: Palossand|101/296\n|-start|p2a: Palossand|Throat Chop|[silent]\n|move|p2a: Palossand|Sludge Bomb|p1a: Mightyena\n|-supereffective|p1a: Mightyena\n|-damage|p1a: Mightyena|0 fnt\n|faint|p1a: Mightyena\n|\n|-weather|RainDance|[upkeep]\n|-heal|p2a: Palossand|119/296|[from] item: Leftovers\n|upkeep\n|\n|t:|1732992260\n|switch|p1a: Flygon|Flygon, L82, F|265/265\n|-damage|p1a: Flygon|249/265|[from] Stealth Rock\n|turn|31\n|\n|t:|1732992264\n|move|p1a: Flygon|Dragon Dance|p1a: Flygon\n|-boost|p1a: Flygon|atk|1\n|-boost|p1a: Flygon|spe|1\n|move|p2a: Palossand|Shadow Ball|p1a: Flygon\n|-damage|p1a: Flygon|138/265\n|\n|-weather|none\n|-heal|p2a: Palossand|137/296|[from] item: Leftovers\n|-end|p2a: Palossand|Throat Chop|[silent]\n|upkeep\n|turn|32\n|\n|t:|1732992272\n|move|p1a: Flygon|Dragon Dance|p1a: Flygon\n|-boost|p1a: Flygon|atk|1\n|-boost|p1a: Flygon|spe|1\n|move|p2a: Palossand|Shadow Ball|p1a: Flygon\n|-damage|p1a: Flygon|26/265\n|\n|-heal|p2a: Palossand|155/296|[from] item: Leftovers\n|upkeep\n|turn|33\n|\n|t:|1732992279\n|move|p1a: Flygon|Outrage|p2a: Palossand\n|-damage|p2a: Palossand|0 fnt\n|faint|p2a: Palossand\n|\n|upkeep\n|\n|t:|1732992285\n|switch|p2a: Sinistcha|Sinistcha, L83|254/254\n|turn|34\n|\n|t:|1732992288\n|move|p1a: Flygon|Outrage|p2a: Sinistcha|[from]lockedmove\n|-damage|p2a: Sinistcha|37/254\n|-start|p1a: Flygon|confusion|[fatigue]\n|-enditem|p1a: Flygon|Lum Berry|[eat]\n|-end|p1a: Flygon|confusion\n|move|p2a: Sinistcha|Strength Sap|p1a: Flygon\n|-unboost|p1a: Flygon|atk|1\n|-heal|p2a: Sinistcha|254/254\n|\n|upkeep\n|turn|35\n|\n|t:|1732992299\n|move|p1a: Flygon|Outrage|p2a: Sinistcha\n|-damage|p2a: Sinistcha|88/254\n|move|p2a: Sinistcha|Matcha Gotcha|p1a: Flygon\n|-damage|p1a: Flygon|0 fnt\n|-heal|p2a: Sinistcha|101/254|[from] drain|[of] p1a: Flygon\n|faint|p1a: Flygon\n|\n|-heal|p2a: Sinistcha|116/254|[from] item: Leftovers\n|upkeep\n|\n|t:|1732992303\n|switch|p1a: Salazzle|Salazzle, L83, F|249/249\n|-activate|p1a: Salazzle|move: Sticky Web\n|-unboost|p1a: Salazzle|spe|1\n|-damage|p1a: Salazzle|187/249|[from] Stealth Rock\n|-damage|p1a: Salazzle|156/249|[from] Spikes\n|turn|36\n|\n|t:|1732992314\n|move|p2a: Sinistcha|Shadow Ball|p1a: Salazzle\n|-damage|p1a: Salazzle|12/249\n|move|p1a: Salazzle|Flamethrower|p2a: Sinistcha\n|-supereffective|p2a: Sinistcha\n|-damage|p2a: Sinistcha|0 fnt\n|faint|p2a: Sinistcha\n|\n|-heal|p1a: Salazzle|27/249|[from] item: Leftovers\n|upkeep\n|\n|t:|1732992322\n|switch|p2a: Pelipper|Pelipper, L86, M|85/243\n|-weather|RainDance|[from] ability: Drizzle|[of] p2a: Pelipper\n|turn|37\n|inactive|Sealed Book has 120 seconds left.\n|c|\u2606Sealed Book|\"banned indefinitely\" LOL\n|-message|Sealed Book forfeited.\n|\n|win|karlgaff\n|raw|Sealed Book's rating: 1475 &rarr; <strong>1455</strong><br />(-20 for losing)\n|raw|karlgaff's rating: 1467 &rarr; <strong>1487</strong><br />(+20 for winning)\n|l|\u203dkarlgaff\n|player|p2|\n|c|\u2606Sealed Book|25 wins - 6 loses\n", "inputlog": ">version b107d77f5c90bd6555267ae244a6264823309ead\n>start {\"formatid\":\"gen9randombattle\",\"seed\":[3130,25502,5880,13796],\"rated\":\"Rated battle\"}\n>player p1 {\"name\":\"Sealed Book\",\"avatar\":\"lisia\",\"rating\":1475,\"seed\":[63045,50225,54130,29637]}\n>player p2 {\"name\":\"karlgaff\",\"avatar\":\"169\",\"rating\":1467,\"seed\":[30535,48600,18698,18758]}\n>p1 switch 5\n>p2 move earthpower\n>p1 switch 6\n>p2 move earthpower\n>p1 switch 6\n>p2 switch 3\n>p1 move shedtail\n>p2 move glaciallance\n>p1 switch 2\n>p1 move eruption\n>p2 switch 4\n>p1 switch 2\n>p2 move weatherball\n>chat \u2606Sealed Book|lmfao\n>p1 switch 6\n>p1 move thunderbolt\n>p2 switch 3\n>p1 move hurricane\n>p2 move sludgebomb\n>p1 move hurricane\n>p2 move shoreup\n>p1 move hurricane\n>p2 move shoreup\n>p1 move hurricane\n>p2 move shoreup\n>p1 switch 3\n>p1 move throatchop\n>p2 switch 3\n>p1 move throatchop\n>p2 switch 5\n>p1 move throatchop\n>p2 move knockoff\n>p1 move suckerpunch\n>p2 move focusblast\n>p2 switch 2\n>p1 move throatchop\n>p2 move spore\n>p1 move throatchop\n>p2 move stickyweb\n>p1 move throatchop\n>p2 move stealthrock\n>p1 move throatchop\n>p2 move ceaselessedge\n>p1 move throatchop\n>p2 move spore\n>p1 move throatchop\n>p2 move ceaselessedge\n>p1 move suckerpunch\n>p2 move ceaselessedge\n>p2 switch 4\n>p1 move superfang terastallize\n>p2 move agility terastallize\n>p1 move playrough\n>p2 move glaciallance\n>p2 switch 6\n>p1 move throatchop\n>p2 move strengthsap\n>p1 switch 2\n>p2 move matchagotcha\n>p1 move fireblast\n>p2 switch 5\n>p1 move fireblast\n>p2 move weatherball\n>p1 switch 2\n>p1 move suckerpunch\n>p2 switch 3\n>p1 move throatchop\n>p2 move sludgebomb\n>p1 switch 4\n>p1 move dragondance\n>p2 move shadowball\n>p1 move dragondance\n>p2 move shadowball\n>p1 move outrage\n>p2 move shadowball\n>p2 switch 5\n>p1 move outrage\n>p2 move strengthsap\n>p1 move outrage\n>p2 move matchagotcha\n>p1 switch 5\n>p1 move flamethrower\n>p2 move shadowball\n>p2 switch 3\n>chat \u2606Sealed Book|\"banned indefinitely\" LOL\n>forcelose p1", "uploadtime": 1732992370, "views": 1, "formatid": "gen9randombattle", "rating": 1455, "private": 0, "password": null}