{"id": "gen9randombattle-2253815967", "format": "[Gen 9] Random Battle", "players": ["BobElephant", "soyjett"], "log": "|j|\u2606BobElephant\n|j|\u2606soyjett\n|t:|1732942647\n|gametype|singles\n|player|p1|BobElephant|scientist-gen4dp|1449\n|player|p2|soyjett|benga|1455\n|teamsize|p1|6\n|teamsize|p2|6\n|gen|9\n|tier|[Gen 9] Random Battle\n|rated|\n|rule|Species Clause: Limit one of each Pok\u00e9mon\n|rule|HP Percentage Mod: HP is shown in percentages\n|rule|Sleep Clause Mod: Limit one foe put to sleep\n|rule|Illusion Level Mod: Illusion disguises the Pok\u00e9mon's true level\n|\n|t:|1732942647\n|start\n|switch|p1a: Regieleki|Regieleki, L79|256/256\n|switch|p2a: Iron Thorns|Iron Thorns, L83|302/302\n|turn|1\n|inactive|Battle timer is ON: inactive players will automatically lose when time's up. (requested by BobElephant)\n|\n|t:|1732942662\n|move|p1a: Regieleki|Volt Switch|p2a: Iron Thorns\n|-resisted|p2a: Iron Thorns\n|-damage|p2a: Iron Thorns|242/302\n|\n|t:|1732942677\n|switch|p1a: Leafeon|Leafeon, L88, M|258/258|[from] Volt Switch\n|move|p2a: Iron Thorns|Earthquake|p1a: Leafeon\n|-resisted|p1a: Leafeon\n|-damage|p1a: Leafeon|226/258\n|\n|upkeep\n|turn|2\n|\n|t:|1732942696\n|-end|p2a: Iron Thorns|Quark Drive|[silent]\n|switch|p2a: Skarmory|Skarmory, L80, F|235/235\n|move|p1a: Leafeon|Leaf Blade|p2a: Skarmory\n|-resisted|p2a: Skarmory\n|-damage|p2a: Skarmory|206/235\n|-damage|p1a: Leafeon|201/258|[from] item: Life Orb\n|\n|-heal|p2a: Skarmory|220/235|[from] item: Leftovers\n|upkeep\n|turn|3\n|\n|t:|1732942709\n|move|p1a: Leafeon|Knock Off|p2a: Skarmory\n|-damage|p2a: Skarmory|134/235\n|-enditem|p2a: Skarmory|Leftovers|[from] move: Knock Off|[of] p1a: Leafeon\n|-damage|p1a: Leafeon|176/258|[from] item: Life Orb\n|move|p2a: Skarmory|Stealth Rock|p1a: Leafeon\n|-sidestart|p1: BobElephant|move: Stealth Rock\n|\n|upkeep\n|turn|4\n|\n|t:|1732942739\n|switch|p1a: Espeon|Espeon, L84, M|246/246\n|-damage|p1a: Espeon|216/246|[from] Stealth Rock\n|move|p2a: Skarmory|Brave Bird|p1a: Espeon\n|-damage|p1a: Espeon|90/246\n|-damage|p2a: Skarmory|92/235|[from] Recoil\n|\n|upkeep\n|turn|5\n|\n|t:|1732942753\n|switch|p2a: Cryogonal|Cryogonal, L89|287/287\n|move|p1a: Espeon|Shadow Ball|p2a: Cryogonal\n|-damage|p2a: Cryogonal|212/287\n|\n|upkeep\n|turn|6\n|\n|t:|1732942765\n|move|p2a: Cryogonal|Freeze-Dry|p1a: Espeon\n|-damage|p1a: Espeon|9/246\n|move|p1a: Espeon|Shadow Ball|p2a: Cryogonal\n|-damage|p2a: Cryogonal|145/287\n|\n|upkeep\n|turn|7\n|\n|t:|1732942774\n|move|p2a: Cryogonal|Rapid Spin|p1a: Espeon\n|-damage|p1a: Espeon|0 fnt\n|-boost|p2a: Cryogonal|spe|1\n|faint|p1a: Espeon\n|\n|upkeep\n|\n|t:|1732942791\n|switch|p1a: Overqwil|Overqwil, L82, M|274/274\n|-damage|p1a: Overqwil|240/274|[from] Stealth Rock\n|-ability|p1a: Overqwil|Intimidate|boost\n|-unboost|p2a: Cryogonal|atk|1\n|turn|8\n|\n|t:|1732942801\n|move|p2a: Cryogonal|Freeze-Dry|p1a: Overqwil\n|-crit|p1a: Overqwil\n|-damage|p1a: Overqwil|86/274\n|move|p1a: Overqwil|Liquidation|p2a: Cryogonal\n|-damage|p2a: Cryogonal|0 fnt\n|faint|p2a: Cryogonal\n|\n|upkeep\n|\n|t:|1732942816\n|switch|p2a: Skarmory|Skarmory, L80, F|92/235\n|turn|9\n|\n|t:|1732942821\n|-terastallize|p1a: Overqwil|Water\n|move|p1a: Overqwil|Liquidation|p2a: Skarmory\n|-damage|p2a: Skarmory|0 fnt\n|faint|p2a: Skarmory\n|\n|upkeep\n|\n|t:|1732942833\n|switch|p2a: Meloetta|Meloetta, L82|298/298\n|turn|10\n|\n|t:|1732942839\n|move|p2a: Meloetta|Hyper Voice|p1a: Overqwil\n|-damage|p1a: Overqwil|0 fnt\n|faint|p1a: Overqwil\n|\n|upkeep\n|\n|t:|1732942843\n|switch|p1a: Ninetales|Ninetales-Alola, L78, M|242/242\n|-damage|p1a: Ninetales|182/242|[from] Stealth Rock\n|-weather|Snow|[from] ability: Snow Warning|[of] p1a: Ninetales\n|turn|11\n|\n|t:|1732942851\n|move|p1a: Ninetales|Aurora Veil|p1a: Ninetales\n|-sidestart|p1: BobElephant|move: Aurora Veil\n|move|p2a: Meloetta|Hyper Voice|p1a: Ninetales\n|-damage|p1a: Ninetales|95/242\n|\n|-weather|Snow|[upkeep]\n|upkeep\n|turn|12\n|\n|t:|1732942859\n|move|p1a: Ninetales|Blizzard|p2a: Meloetta\n|-crit|p2a: Meloetta\n|-damage|p2a: Meloetta|202/298\n|move|p2a: Meloetta|Hyper Voice|p1a: Ninetales\n|-damage|p1a: Ninetales|17/242\n|\n|-weather|Snow|[upkeep]\n|upkeep\n|turn|13\n|\n|t:|1732942870\n|move|p1a: Ninetales|Blizzard|p2a: Meloetta\n|-damage|p2a: Meloetta|129/298\n|move|p2a: Meloetta|Hyper Voice|p1a: Ninetales\n|-damage|p1a: Ninetales|0 fnt\n|faint|p1a: Ninetales\n|\n|-weather|Snow|[upkeep]\n|upkeep\n|\n|t:|1732942878\n|switch|p1a: Skuntank|Skuntank, L84, F|310/310\n|-damage|p1a: Skuntank|272/310|[from] Stealth Rock\n|turn|14\n|\n|t:|1732942884\n|switch|p2a: Iron Thorns|Iron Thorns, L83|242/302\n|move|p1a: Skuntank|Sucker Punch||[still]\n|-fail|p1a: Skuntank\n|\n|-weather|Snow|[upkeep]\n|upkeep\n|turn|15\n|\n|t:|1732942893\n|switch|p1a: Leafeon|Leafeon, L88, M|176/258\n|-damage|p1a: Leafeon|144/258|[from] Stealth Rock\n|move|p2a: Iron Thorns|Earthquake|p1a: Leafeon\n|-resisted|p1a: Leafeon\n|-damage|p1a: Leafeon|129/258\n|\n|-weather|none\n|upkeep\n|turn|16\n|\n|t:|1732942904\n|-end|p2a: Iron Thorns|Quark Drive|[silent]\n|switch|p2a: Meloetta|Meloetta, L82|129/298\n|move|p1a: Leafeon|Swords Dance|p1a: Leafeon\n|-boost|p1a: Leafeon|atk|2\n|\n|upkeep\n|turn|17\n|\n|t:|1732942911\n|move|p1a: Leafeon|Leaf Blade|p2a: Meloetta\n|-damage|p2a: Meloetta|0 fnt\n|faint|p2a: Meloetta\n|-damage|p1a: Leafeon|104/258|[from] item: Life Orb\n|\n|upkeep\n|\n|t:|1732942930\n|switch|p2a: Iron Thorns|Iron Thorns, L83|242/302\n|turn|18\n|\n|t:|1732942942\n|-terastallize|p2a: Iron Thorns|Grass\n|move|p2a: Iron Thorns|Ice Punch|p1a: Leafeon\n|-supereffective|p1a: Leafeon\n|-damage|p1a: Leafeon|57/258\n|move|p1a: Leafeon|Leaf Blade|p2a: Iron Thorns\n|-resisted|p2a: Iron Thorns\n|-damage|p2a: Iron Thorns|113/302\n|-damage|p1a: Leafeon|32/258|[from] item: Life Orb\n|\n|-sideend|p1: BobElephant|move: Aurora Veil\n|upkeep\n|turn|19\n|\n|t:|1732942955\n|switch|p1a: Skuntank|Skuntank, L84, F|272/310\n|-damage|p1a: Skuntank|234/310|[from] Stealth Rock\n|move|p2a: Iron Thorns|Ice Punch|p1a: Skuntank\n|-damage|p1a: Skuntank|153/310\n|\n|upkeep\n|turn|20\n|\n|t:|1732942965\n|-end|p2a: Iron Thorns|Quark Drive|[silent]\n|switch|p2a: Zapdos|Zapdos-Galar, L77|265/265\n|move|p1a: Skuntank|Gunk Shot|p2a: Zapdos\n|-damage|p2a: Zapdos|86/265\n|-damage|p1a: Skuntank|122/310|[from] item: Life Orb\n|\n|upkeep\n|turn|21\n|\n|t:|1732942975\n|move|p1a: Skuntank|Sucker Punch|p2a: Zapdos\n|-resisted|p2a: Zapdos\n|-damage|p2a: Zapdos|39/265\n|-damage|p1a: Skuntank|91/310|[from] item: Life Orb\n|move|p2a: Zapdos|Knock Off|p1a: Skuntank\n|-resisted|p1a: Skuntank\n|-damage|p1a: Skuntank|33/310\n|-enditem|p1a: Skuntank|Life Orb|[from] move: Knock Off|[of] p2a: Zapdos\n|\n|upkeep\n|turn|22\n|\n|t:|1732942985\n|move|p2a: Zapdos|Knock Off|p1a: Skuntank\n|-resisted|p1a: Skuntank\n|-damage|p1a: Skuntank|0 fnt\n|-damage|p2a: Zapdos|0 fnt|[from] ability: Aftermath|[of] p1a: Skuntank\n|faint|p1a: Skuntank\n|faint|p2a: Zapdos\n|\n|upkeep\n|\n|t:|1732942993\n|switch|p2a: Iron Thorns|Iron Thorns, L83, tera:Grass|113/302\n|switch|p1a: Regieleki|Regieleki, L79|256/256\n|-damage|p1a: Regieleki|224/256|[from] Stealth Rock\n|turn|23\n|\n|t:|1732943001\n|move|p1a: Regieleki|Rapid Spin|p2a: Iron Thorns\n|-damage|p2a: Iron Thorns|83/302\n|-boost|p1a: Regieleki|spe|1\n|-sideend|p1: BobElephant|Stealth Rock|[from] move: Rapid Spin|[of] p1a: Regieleki\n|move|p2a: Iron Thorns|Earthquake|p1a: Regieleki\n|-supereffective|p1a: Regieleki\n|-damage|p1a: Regieleki|0 fnt\n|faint|p1a: Regieleki\n|\n|upkeep\n|\n|t:|1732943003\n|switch|p1a: Leafeon|Leafeon, L88, M|32/258\n|turn|24\n|\n|t:|1732943013\n|-end|p2a: Iron Thorns|Quark Drive|[silent]\n|switch|p2a: Gholdengo|Gholdengo, L77|261/261\n|move|p1a: Leafeon|Knock Off|p2a: Gholdengo\n|-supereffective|p2a: Gholdengo\n|-damage|p2a: Gholdengo|56/261\n|-enditem|p2a: Gholdengo|Leftovers|[from] move: Knock Off|[of] p1a: Leafeon\n|-damage|p1a: Leafeon|7/258|[from] item: Life Orb\n|\n|upkeep\n|turn|25\n|c|\u2606BobElephant|gg\n|\n|t:|1732943023\n|move|p1a: Leafeon|Knock Off|p2a: Gholdengo\n|-supereffective|p2a: Gholdengo\n|-damage|p2a: Gholdengo|0 fnt\n|faint|p2a: Gholdengo\n|-damage|p1a: Leafeon|0 fnt|[from] item: Life Orb\n|faint|p1a: Leafeon\n|\n|win|soyjett\n|raw|BobElephant's rating: 1449 &rarr; <strong>1429</strong><br />(-20 for losing)\n|raw|soyjett's rating: 1455 &rarr; <strong>1475</strong><br />(+20 for winning)\n|l|\u2606BobElephant\n|player|p1|\n", "inputlog": ">version b107d77f5c90bd6555267ae244a6264823309ead\n>start {\"formatid\":\"gen9randombattle\",\"seed\":[65104,21658,46944,32444],\"rated\":\"Rated battle\"}\n>player p1 {\"name\":\"BobElephant\",\"avatar\":\"scientist-gen4dp\",\"rating\":1449,\"seed\":[57209,13962,20075,28987]}\n>player p2 {\"name\":\"soyjett\",\"avatar\":\"benga\",\"rating\":1455,\"seed\":[60126,43536,24844,63799]}\n>p1 move voltswitch\n>p2 move earthquake\n>p1 switch 4\n>p1 move leafblade\n>p2 switch 5\n>p1 move knockoff\n>p2 move stealthrock\n>p1 switch 5\n>p2 move bravebird\n>p1 move shadowball\n>p2 switch 3\n>p1 move shadowball\n>p2 move freezedry\n>p1 move shadowball\n>p2 move rapidspin\n>p1 switch 3\n>p1 move liquidation\n>p2 move freezedry\n>p2 switch 3\n>p1 move liquidation terastallize\n>p2 move roost\n>p2 switch 2\n>p1 move liquidation\n>p2 move hypervoice\n>p1 switch 6\n>p1 move auroraveil\n>p2 move hypervoice\n>p1 move blizzard\n>p2 move hypervoice\n>p1 move blizzard\n>p2 move hypervoice\n>p1 switch 2\n>p1 move suckerpunch\n>p2 switch 5\n>p1 switch 5\n>p2 move earthquake\n>p1 move swordsdance\n>p2 switch 5\n>p1 move leafblade\n>p2 move hypervoice\n>p2 switch 5\n>p1 move leafblade\n>p2 move icepunch terastallize\n>p1 switch 5\n>p2 move icepunch\n>p1 move gunkshot\n>p2 switch 6\n>p1 move suckerpunch\n>p2 move knockoff\n>p1 move gunkshot\n>p2 move knockoff\n>p1 switch 4\n>p2 switch 6\n>p1 move rapidspin\n>p2 move earthquake\n>p1 switch 5\n>p1 move knockoff\n>p2 switch 4\n>chat \u2606BobElephant|gg\n>p1 move knockoff\n>p2 move makeitrain", "uploadtime": 1732943036, "views": 22, "formatid": "gen9randombattle", "rating": 1429, "private": 0, "password": null}