{"id": "gen9randombattle-2253925508", "format": "[Gen 9] Random Battle", "players": ["labaccount39", "River Plate FC"], "log": "|j|\u2606labaccount39\n|j|\u2606River Plate FC\n|t:|1732965132\n|gametype|singles\n|player|p1|labaccount39|swimmerf-gen8|1603\n|player|p2|River Plate FC|striker|1669\n|teamsize|p1|6\n|teamsize|p2|6\n|gen|9\n|tier|[Gen 9] Random Battle\n|rated|\n|rule|Species Clause: Limit one of each Pok\u00e9mon\n|rule|HP Percentage Mod: HP is shown in percentages\n|rule|Sleep Clause Mod: Limit one foe put to sleep\n|rule|Illusion Level Mod: Illusion disguises the Pok\u00e9mon's true level\n|\n|t:|1732965132\n|start\n|switch|p1a: Palkia|Palkia-Origin, L72|249/249\n|switch|p2a: Volcarona|Volcarona, L77, M|257/257\n|-ability|p1a: Palkia|Pressure\n|turn|1\n|inactive|Battle timer is ON: inactive players will automatically lose when time's up. (requested by labaccount39)\n|\n|t:|1732965143\n|switch|p2a: Whimsicott|Whimsicott, L85, F|241/241\n|move|p1a: Palkia|Thunder Wave|p2a: Whimsicott\n|-status|p2a: Whimsicott|par\n|\n|upkeep\n|turn|2\n|\n|t:|1732965152\n|switch|p1a: Sunflora|Sunflora, M|312/312\n|move|p2a: Whimsicott|Stun Spore|p1a: Sunflora\n|-immune|p1a: Sunflora\n|\n|upkeep\n|turn|3\n|\n|t:|1732965156\n|move|p2a: Whimsicott|U-turn|p1a: Sunflora\n|-supereffective|p1a: Sunflora\n|-damage|p1a: Sunflora|220/312\n|\n|t:|1732965161\n|switch|p2a: Tentacruel|Tentacruel, L84, M|272/272|[from] U-turn\n|move|p1a: Sunflora|Sunny Day|p1a: Sunflora\n|-weather|SunnyDay\n|\n|-weather|SunnyDay|[upkeep]\n|upkeep\n|turn|4\n|\n|t:|1732965174\n|switch|p2a: Tauros|Tauros-Paldea-Combat, L82, M|257/257\n|-ability|p2a: Tauros|Intimidate|boost\n|-unboost|p1a: Sunflora|atk|1\n|move|p1a: Sunflora|Earth Power|p2a: Tauros\n|-damage|p2a: Tauros|118/257\n|-unboost|p2a: Tauros|spd|1\n|-damage|p1a: Sunflora|189/312|[from] item: Life Orb\n|\n|-weather|SunnyDay|[upkeep]\n|upkeep\n|turn|5\n|\n|t:|1732965187\n|switch|p2a: Whimsicott|Whimsicott, L85, F|241/241 par\n|move|p1a: Sunflora|Solar Beam||[still]\n|-prepare|p1a: Sunflora|Solar Beam\n|-anim|p1a: Sunflora|Solar Beam|p2a: Whimsicott\n|-resisted|p2a: Whimsicott\n|-damage|p2a: Whimsicott|112/241 par\n|-damage|p1a: Sunflora|158/312|[from] item: Life Orb\n|\n|-weather|SunnyDay|[upkeep]\n|upkeep\n|turn|6\n|\n|t:|1732965198\n|move|p1a: Sunflora|Solar Beam||[still]\n|-prepare|p1a: Sunflora|Solar Beam\n|-anim|p1a: Sunflora|Solar Beam|p2a: Whimsicott\n|-resisted|p2a: Whimsicott\n|-damage|p2a: Whimsicott|0 fnt\n|faint|p2a: Whimsicott\n|-damage|p1a: Sunflora|127/312|[from] item: Life Orb\n|\n|-weather|SunnyDay|[upkeep]\n|upkeep\n|\n|t:|1732965207\n|switch|p2a: Roaring Moon|Roaring Moon, L72|270/270\n|-activate|p2a: Roaring Moon|ability: Protosynthesis\n|-start|p2a: Roaring Moon|protosynthesisatk\n|turn|7\n|\n|t:|1732965216\n|move|p1a: Sunflora|Solar Beam||[still]\n|-prepare|p1a: Sunflora|Solar Beam\n|-anim|p1a: Sunflora|Solar Beam|p2a: Roaring Moon\n|-resisted|p2a: Roaring Moon\n|-damage|p2a: Roaring Moon|143/270\n|-damage|p1a: Sunflora|96/312|[from] item: Life Orb\n|move|p2a: Roaring Moon|Outrage|p1a: Sunflora\n|-damage|p1a: Sunflora|0 fnt\n|faint|p1a: Sunflora\n|\n|-weather|none\n|-end|p2a: Roaring Moon|Protosynthesis\n|upkeep\n|\n|t:|1732965224\n|switch|p1a: Krookodile|Krookodile, L80, M|283/283\n|-ability|p1a: Krookodile|Intimidate|boost\n|-unboost|p2a: Roaring Moon|atk|1\n|turn|8\n|\n|t:|1732965233\n|move|p2a: Roaring Moon|Outrage|p1a: Krookodile|[from]lockedmove\n|-crit|p1a: Krookodile\n|-damage|p1a: Krookodile|0 fnt\n|faint|p1a: Krookodile\n|-start|p2a: Roaring Moon|confusion|[fatigue]\n|\n|upkeep\n|\n|t:|1732965243\n|switch|p1a: Tauros|Tauros, L82, M|257/257\n|turn|9\n|\n|t:|1732965249\n|-end|p2a: Roaring Moon|Protosynthesis|[silent]\n|switch|p2a: Tauros|Tauros-Paldea-Combat, L82, M|118/257\n|-ability|p2a: Tauros|Intimidate|boost\n|-unboost|p1a: Tauros|atk|1\n|move|p1a: Tauros|Body Slam|p2a: Tauros\n|-damage|p2a: Tauros|28/257\n|\n|upkeep\n|turn|10\n|\n|t:|1732965263\n|move|p1a: Tauros|Body Slam|p2a: Tauros\n|-damage|p2a: Tauros|0 fnt\n|faint|p2a: Tauros\n|\n|upkeep\n|\n|t:|1732965270\n|switch|p2a: Tentacruel|Tentacruel, L84, M|272/272\n|turn|11\n|\n|t:|1732965276\n|switch|p1a: Palkia|Palkia-Origin, L72|249/249\n|-ability|p1a: Palkia|Pressure\n|move|p2a: Tentacruel|Toxic Spikes|p1a: Palkia\n|-sidestart|p1: labaccount39|move: Toxic Spikes\n|\n|upkeep\n|turn|12\n|\n|t:|1732965286\n|move|p2a: Tentacruel|Toxic Spikes|p1a: Palkia\n|-sidestart|p1: labaccount39|move: Toxic Spikes\n|move|p1a: Palkia|Thunder Wave|p2a: Tentacruel\n|-status|p2a: Tentacruel|par\n|\n|upkeep\n|turn|13\n|\n|t:|1732965292\n|switch|p1a: Swanna|Swanna, L88, F|275/275\n|move|p2a: Tentacruel|Rapid Spin|p1a: Swanna\n|-damage|p1a: Swanna|242/275\n|-boost|p2a: Tentacruel|spe|1\n|\n|upkeep\n|turn|14\n|\n|t:|1732965299\n|move|p1a: Swanna|Brave Bird|p2a: Tentacruel\n|-damage|p2a: Tentacruel|118/272 par\n|-damage|p1a: Swanna|191/275|[from] Recoil\n|move|p2a: Tentacruel|Rapid Spin|p1a: Swanna\n|-damage|p1a: Swanna|157/275\n|-boost|p2a: Tentacruel|spe|1\n|\n|-heal|p2a: Tentacruel|135/272 par|[from] item: Leftovers\n|upkeep\n|turn|15\n|\n|t:|1732965311\n|move|p1a: Swanna|Defog|p2a: Tentacruel\n|-unboost|p2a: Tentacruel|evasion|1\n|-sideend|p1: labaccount39|Toxic Spikes|[from] move: Defog|[of] p1a: Swanna\n|move|p2a: Tentacruel|Rapid Spin|p1a: Swanna\n|-damage|p1a: Swanna|121/275\n|-boost|p2a: Tentacruel|spe|1\n|\n|-heal|p2a: Tentacruel|152/272 par|[from] item: Leftovers\n|upkeep\n|turn|16\n|\n|t:|1732965319\n|move|p2a: Tentacruel|Sludge Bomb|p1a: Swanna\n|-damage|p1a: Swanna|15/275\n|move|p1a: Swanna|Roost|p1a: Swanna\n|-heal|p1a: Swanna|153/275\n|-singleturn|p1a: Swanna|move: Roost\n|\n|-heal|p2a: Tentacruel|169/272 par|[from] item: Leftovers\n|upkeep\n|turn|17\n|\n|t:|1732965323\n|move|p2a: Tentacruel|Sludge Bomb|p1a: Swanna\n|-damage|p1a: Swanna|60/275\n|-status|p1a: Swanna|psn\n|move|p1a: Swanna|Brave Bird|p2a: Tentacruel\n|-damage|p2a: Tentacruel|1/272 par\n|-damage|p1a: Swanna|5/275 psn|[from] Recoil\n|\n|-heal|p2a: Tentacruel|18/272 par|[from] item: Leftovers\n|-damage|p1a: Swanna|0 fnt|[from] psn\n|faint|p1a: Swanna\n|upkeep\n|\n|t:|1732965331\n|switch|p1a: Glaceon|Glaceon, L94, M|275/275\n|turn|18\n|\n|t:|1732965336\n|move|p2a: Tentacruel|Toxic Spikes|p1a: Glaceon\n|-sidestart|p1: labaccount39|move: Toxic Spikes\n|move|p1a: Glaceon|Freeze-Dry|p2a: Tentacruel\n|-supereffective|p2a: Tentacruel\n|-damage|p2a: Tentacruel|0 fnt\n|faint|p2a: Tentacruel\n|\n|upkeep\n|\n|t:|1732965345\n|switch|p2a: Roaring Moon|Roaring Moon, L72|143/270\n|turn|19\n|inactive|River Plate FC has 120 seconds left.\n|\n|t:|1732965382\n|move|p2a: Roaring Moon|U-turn|p1a: Glaceon\n|-damage|p1a: Glaceon|220/275\n|\n|t:|1732965384\n|-end|p2a: Roaring Moon|Protosynthesis|[silent]\n|switch|p2a: Volcarona|Volcarona, L77, M|257/257|[from] U-turn\n|move|p1a: Glaceon|Freeze-Dry|p2a: Volcarona\n|-resisted|p2a: Volcarona\n|-damage|p2a: Volcarona|200/257\n|\n|upkeep\n|turn|20\n|\n|t:|1732965394\n|move|p2a: Volcarona|Quiver Dance|p2a: Volcarona\n|-boost|p2a: Volcarona|spa|1\n|-boost|p2a: Volcarona|spd|1\n|-boost|p2a: Volcarona|spe|1\n|move|p1a: Glaceon|Mud Shot|p2a: Volcarona\n|-damage|p2a: Volcarona|160/257\n|-unboost|p2a: Volcarona|spe|1\n|\n|upkeep\n|turn|21\n|\n|t:|1732965405\n|switch|p1a: Palkia|Palkia-Origin, L72|249/249\n|-status|p1a: Palkia|psn\n|-ability|p1a: Palkia|Pressure\n|move|p2a: Volcarona|Fiery Dance|p1a: Palkia\n|-resisted|p1a: Palkia\n|-damage|p1a: Palkia|219/249 psn\n|-boost|p2a: Volcarona|spa|1\n|\n|-damage|p1a: Palkia|188/249 psn|[from] psn\n|upkeep\n|turn|22\n|\n|t:|1732965420\n|move|p1a: Palkia|Thunder Wave|p2a: Volcarona|[miss]\n|-miss|p1a: Palkia|p2a: Volcarona\n|move|p2a: Volcarona|Giga Drain|p1a: Palkia\n|-damage|p1a: Palkia|90/249 psn\n|-heal|p2a: Volcarona|209/257|[from] drain|[of] p1a: Palkia\n|\n|-damage|p1a: Palkia|59/249 psn|[from] psn\n|upkeep\n|turn|23\n|\n|t:|1732965435\n|move|p1a: Palkia|Thunder Wave|p2a: Volcarona|[miss]\n|-miss|p1a: Palkia|p2a: Volcarona\n|move|p2a: Volcarona|Quiver Dance|p2a: Volcarona\n|-boost|p2a: Volcarona|spa|1\n|-boost|p2a: Volcarona|spd|1\n|-boost|p2a: Volcarona|spe|1\n|\n|-damage|p1a: Palkia|28/249 psn|[from] psn\n|upkeep\n|turn|24\n|l|\u2606labaccount39\n|inactive|labaccount39 disconnected and has a minute to reconnect!\n|player|p1|\n|inactive|labaccount39 has 30 seconds to reconnect!\n|inactive|labaccount39 has 20 seconds to reconnect!\n|inactive|labaccount39 has 15 seconds to reconnect!\n|inactive|labaccount39 has 10 seconds to reconnect!\n|inactive|labaccount39 has 5 seconds to reconnect!\n|-message|labaccount39 lost due to inactivity.\n|\n|win|River Plate FC\n|raw|labaccount39's rating: 1603 &rarr; <strong>1587</strong><br />(-16 for losing)\n|raw|River Plate FC's rating: 1669 &rarr; <strong>1685</strong><br />(+16 for winning)\n", "inputlog": ">version b107d77f5c90bd6555267ae244a6264823309ead\n>start {\"formatid\":\"gen9randombattle\",\"seed\":[37363,186,9636,55006],\"rated\":\"Rated battle\"}\n>player p1 {\"name\":\"labaccount39\",\"avatar\":\"swimmerf-gen8\",\"rating\":1603,\"seed\":[13390,25279,26659,12459]}\n>player p2 {\"name\":\"River Plate FC\",\"avatar\":\"striker\",\"rating\":1669,\"seed\":[17627,34460,33399,58394]}\n>p1 move thunderwave\n>p2 switch 4\n>p1 switch 6\n>p2 move stunspore\n>p1 move sunnyday\n>p2 move uturn\n>p2 switch 2\n>p1 move earthpower\n>p2 switch 3\n>p1 move solarbeam\n>p2 switch 2\n>p1 move solarbeam\n>p2 move uturn\n>p2 switch 6\n>p1 move solarbeam\n>p2 move outrage\n>p1 switch 2\n>p1 move earthquake\n>p2 move outrage\n>p1 switch 3\n>p1 move bodyslam\n>p2 switch 2\n>p1 move bodyslam\n>p2 move closecombat\n>p2 switch 3\n>p1 switch 6\n>p2 move toxicspikes\n>p1 move thunderwave\n>p2 move toxicspikes\n>p1 switch 5\n>p2 move rapidspin\n>p1 move bravebird\n>p2 move rapidspin\n>p1 move defog\n>p2 move rapidspin\n>p1 move roost\n>p2 move sludgebomb\n>p1 move bravebird\n>p2 move sludgebomb\n>p1 switch 4\n>p1 move freezedry\n>p2 move toxicspikes\n>p2 switch 2\n>p1 move freezedry\n>p2 move uturn\n>p2 switch 4\n>p1 move mudshot\n>p2 move quiverdance\n>p1 switch 5\n>p2 move fierydance\n>p1 move thunderwave\n>p2 move gigadrain\n>p1 move thunderwave\n>p2 move quiverdance\n>chat \u2606River Plate FC|Hehe\n>chat \u2606River Plate FC|RAIO\n>forcelose p1", "uploadtime": 1732965508, "views": 1, "formatid": "gen9randombattle", "rating": 1587, "private": 0, "password": null}