{"id": "gen9randombattle-2254149078", "format": "[Gen 9] Random Battle", "players": ["heyroat13", "Arealpikachu"], "log": "|j|\u2606heyroat13\n|j|\u2606Arealpikachu\n|t:|1732997248\n|gametype|singles\n|player|p1|heyroat13|101|1560\n|player|p2|Arealpikachu|supernerd|1592\n|teamsize|p1|6\n|teamsize|p2|6\n|gen|9\n|tier|[Gen 9] Random Battle\n|rated|\n|rule|Species Clause: Limit one of each Pok\u00e9mon\n|rule|HP Percentage Mod: HP is shown in percentages\n|rule|Sleep Clause Mod: Limit one foe put to sleep\n|rule|Illusion Level Mod: Illusion disguises the Pok\u00e9mon's true level\n|\n|t:|1732997248\n|start\n|switch|p1a: Spectrier|Spectrier, L75|274/274\n|switch|p2a: Veluza|Veluza, L85, F|292/292\n|turn|1\n|inactive|Battle timer is ON: inactive players will automatically lose when time's up. (requested by Arealpikachu)\n|\n|t:|1732997257\n|switch|p2a: Dodrio|Dodrio, L86, F|243/243\n|move|p1a: Spectrier|Shadow Ball|p2a: Dodrio\n|-immune|p2a: Dodrio\n|\n|upkeep\n|turn|2\n|\n|t:|1732997267\n|move|p1a: Spectrier|Will-O-Wisp|p2a: Dodrio\n|-status|p2a: Dodrio|brn\n|move|p2a: Dodrio|Swords Dance|p2a: Dodrio\n|-boost|p2a: Dodrio|atk|2\n|\n|-damage|p2a: Dodrio|228/243 brn|[from] brn\n|upkeep\n|turn|3\n|\n|t:|1732997278\n|switch|p1a: Zekrom|Zekrom, L71|259/259\n|-ability|p1a: Zekrom|Teravolt\n|move|p2a: Dodrio|Brave Bird|p1a: Zekrom\n|-resisted|p1a: Zekrom\n|-damage|p1a: Zekrom|191/259\n|-damage|p2a: Dodrio|206/243 brn|[from] Recoil\n|\n|-heal|p1a: Zekrom|207/259|[from] item: Leftovers\n|-damage|p2a: Dodrio|191/243 brn|[from] brn\n|upkeep\n|turn|4\n|\n|t:|1732997291\n|move|p2a: Dodrio|Drill Run|p1a: Zekrom\n|-supereffective|p1a: Zekrom\n|-damage|p1a: Zekrom|92/259\n|move|p1a: Zekrom|Dragon Dance|p1a: Zekrom\n|-boost|p1a: Zekrom|atk|1\n|-boost|p1a: Zekrom|spe|1\n|\n|-heal|p1a: Zekrom|108/259|[from] item: Leftovers\n|-damage|p2a: Dodrio|176/243 brn|[from] brn\n|upkeep\n|turn|5\n|\n|t:|1732997301\n|move|p1a: Zekrom|Bolt Strike|p2a: Dodrio\n|-supereffective|p2a: Dodrio\n|-damage|p2a: Dodrio|0 fnt\n|faint|p2a: Dodrio\n|\n|-heal|p1a: Zekrom|124/259|[from] item: Leftovers\n|upkeep\n|\n|t:|1732997307\n|switch|p2a: Ogerpon|Ogerpon-Cornerstone, L76, F|247/247\n|turn|6\n|\n|t:|1732997314\n|move|p1a: Zekrom|Outrage|p2a: Ogerpon\n|-damage|p2a: Ogerpon|19/247\n|move|p2a: Ogerpon|Ivy Cudgel|p1a: Zekrom|[anim] Ivy Cudgel Rock\n|-damage|p1a: Zekrom|0 fnt\n|faint|p1a: Zekrom\n|\n|upkeep\n|\n|t:|1732997323\n|switch|p1a: Spectrier|Spectrier, L75|274/274\n|turn|7\n|\n|t:|1732997327\n|switch|p2a: Glaceon|Glaceon, L94, F|275/275\n|move|p1a: Spectrier|Shadow Ball|p2a: Glaceon\n|-damage|p2a: Glaceon|176/275\n|-unboost|p2a: Glaceon|spd|1\n|-damage|p1a: Spectrier|247/274|[from] item: Life Orb\n|\n|upkeep\n|turn|8\n|\n|t:|1732997336\n|move|p1a: Spectrier|Nasty Plot|p1a: Spectrier\n|-boost|p1a: Spectrier|spa|2\n|move|p2a: Glaceon|Freeze-Dry|p1a: Spectrier\n|-damage|p1a: Spectrier|114/274\n|\n|upkeep\n|turn|9\n|\n|t:|1732997347\n|move|p1a: Spectrier|Shadow Ball|p2a: Glaceon\n|-damage|p2a: Glaceon|0 fnt\n|faint|p2a: Glaceon\n|-ability|p1a: Spectrier|Grim Neigh|boost\n|-boost|p1a: Spectrier|spa|1\n|-damage|p1a: Spectrier|87/274|[from] item: Life Orb\n|\n|upkeep\n|\n|t:|1732997347\n|switch|p2a: Serperior|Serperior, L79, F|248/248\n|turn|10\n|\n|t:|1732997357\n|move|p1a: Spectrier|Shadow Ball|p2a: Serperior\n|-damage|p2a: Serperior|0 fnt\n|faint|p2a: Serperior\n|-ability|p1a: Spectrier|Grim Neigh|boost\n|-boost|p1a: Spectrier|spa|1\n|-damage|p1a: Spectrier|60/274|[from] item: Life Orb\n|\n|upkeep\n|-message|Arealpikachu forfeited.\n|\n|win|heyroat13\n|raw|heyroat13's rating: 1560 &rarr; <strong>1582</strong><br />(+22 for winning)\n|raw|Arealpikachu's rating: 1592 &rarr; <strong>1570</strong><br />(-22 for losing)\n|l|\u2606Arealpikachu\n|player|p2|\n", "inputlog": ">version b107d77f5c90bd6555267ae244a6264823309ead\n>start {\"formatid\":\"gen9randombattle\",\"seed\":[35026,51016,57084,26547],\"rated\":\"Rated battle\"}\n>player p1 {\"name\":\"heyroat13\",\"avatar\":\"101\",\"rating\":1560,\"seed\":[3468,47126,40154,59439]}\n>player p2 {\"name\":\"Arealpikachu\",\"avatar\":\"supernerd\",\"rating\":1592,\"seed\":[6427,16999,33348,32515]}\n>p1 move shadowball\n>p2 switch 4\n>p1 move willowisp\n>p2 move swordsdance\n>p1 switch 6\n>p2 move bravebird\n>p1 move dragondance\n>p2 move drillrun\n>p1 move boltstrike\n>p2 move drillrun\n>p2 switch 3\n>p1 move outrage\n>p2 move ivycudgel\n>p1 switch 6\n>p1 move shadowball\n>p2 switch 2\n>p1 move nastyplot\n>p2 move freezedry\n>p1 move shadowball\n>p2 move freezedry\n>p2 switch 6\n>p1 move shadowball\n>p2 move leafstorm\n>forcelose p2", "uploadtime": 1732997369, "views": 24, "formatid": "gen9randombattle", "rating": 1570, "private": 0, "password": null}