{"id": "gen9randombattle-2253857932", "format": "[Gen 9] Random Battle", "players": ["bunnyangelcake", "theebasher"], "log": "|j|\u2606bunnyangelcake\n|j|\u2606theebasher\n|t:|1732950243\n|gametype|singles\n|player|p1|bunnyangelcake|rocketgruntf|1180\n|player|p2|theebasher|169|1147\n|teamsize|p1|6\n|teamsize|p2|6\n|gen|9\n|tier|[Gen 9] Random Battle\n|rated|\n|rule|Species Clause: Limit one of each Pok\u00e9mon\n|rule|HP Percentage Mod: HP is shown in percentages\n|rule|Sleep Clause Mod: Limit one foe put to sleep\n|rule|Illusion Level Mod: Illusion disguises the Pok\u00e9mon's true level\n|\n|t:|1732950243\n|start\n|switch|p1a: Honchkrow|Honchkrow, L86, F|312/312\n|switch|p2a: Sandslash|Sandslash, L88, M|275/275\n|turn|1\n|\n|t:|1732950259\n|move|p1a: Honchkrow|Brave Bird|p2a: Sandslash\n|-damage|p2a: Sandslash|134/275\n|-damage|p1a: Honchkrow|265/312|[from] Recoil\n|move|p2a: Sandslash|Stone Edge|p1a: Honchkrow\n|-supereffective|p1a: Honchkrow\n|-damage|p1a: Honchkrow|49/312\n|\n|-heal|p2a: Sandslash|151/275|[from] item: Leftovers\n|upkeep\n|turn|2\n|\n|t:|1732950267\n|move|p1a: Honchkrow|Sucker Punch||[still]\n|-fail|p1a: Honchkrow\n|move|p2a: Sandslash|Spikes|p1a: Honchkrow\n|-sidestart|p1: bunnyangelcake|Spikes\n|\n|-heal|p2a: Sandslash|168/275|[from] item: Leftovers\n|upkeep\n|turn|3\n|\n|t:|1732950276\n|move|p1a: Honchkrow|Sucker Punch|p2a: Sandslash\n|-damage|p2a: Sandslash|95/275\n|move|p2a: Sandslash|Rapid Spin|p1a: Honchkrow\n|-damage|p1a: Honchkrow|0 fnt\n|-boost|p2a: Sandslash|spe|1\n|faint|p1a: Honchkrow\n|\n|-heal|p2a: Sandslash|112/275|[from] item: Leftovers\n|upkeep\n|\n|t:|1732950288\n|switch|p1a: Dipplin|Dipplin, L88, M|284/284\n|-damage|p1a: Dipplin|249/284|[from] Spikes\n|turn|4\n|\n|t:|1732950304\n|move|p2a: Sandslash|Stone Edge|p1a: Dipplin\n|-damage|p1a: Dipplin|202/284\n|move|p1a: Dipplin|Giga Drain|p2a: Sandslash\n|-supereffective|p2a: Sandslash\n|-damage|p2a: Sandslash|0 fnt\n|-heal|p1a: Dipplin|258/284|[from] drain|[of] p2a: Sandslash\n|faint|p2a: Sandslash\n|\n|upkeep\n|\n|t:|1732950314\n|switch|p2a: Skuntank|Skuntank, L84, M|310/310\n|turn|5\n|\n|t:|1732950323\n|-terastallize|p1a: Dipplin|Steel\n|move|p2a: Skuntank|Gunk Shot|p1a: Dipplin\n|-immune|p1a: Dipplin\n|move|p1a: Dipplin|Dragon Pulse|p2a: Skuntank\n|-damage|p2a: Skuntank|222/310\n|\n|upkeep\n|turn|6\n|\n|t:|1732950330\n|move|p2a: Skuntank|Knock Off|p1a: Dipplin\n|-damage|p1a: Dipplin|207/284\n|-activate|p1a: Dipplin|ability: Sticky Hold\n|move|p1a: Dipplin|Dragon Pulse|p2a: Skuntank\n|-damage|p2a: Skuntank|140/310\n|\n|upkeep\n|turn|7\n|\n|t:|1732950338\n|move|p1a: Dipplin|Sucker Punch|p2a: Skuntank\n|-resisted|p2a: Skuntank\n|-damage|p2a: Skuntank|111/310\n|move|p2a: Skuntank|Fire Blast|p1a: Dipplin\n|-supereffective|p1a: Dipplin\n|-damage|p1a: Dipplin|127/284\n|\n|upkeep\n|turn|8\n|\n|t:|1732950351\n|move|p2a: Skuntank|Fire Blast|p1a: Dipplin\n|-supereffective|p1a: Dipplin\n|-damage|p1a: Dipplin|37/284\n|move|p1a: Dipplin|Recover|p1a: Dipplin\n|-heal|p1a: Dipplin|179/284\n|\n|upkeep\n|turn|9\n|\n|t:|1732950358\n|move|p2a: Skuntank|Fire Blast|p1a: Dipplin\n|-supereffective|p1a: Dipplin\n|-damage|p1a: Dipplin|101/284\n|move|p1a: Dipplin|Giga Drain|p2a: Skuntank\n|-resisted|p2a: Skuntank\n|-damage|p2a: Skuntank|72/310\n|-heal|p1a: Dipplin|121/284|[from] drain|[of] p2a: Skuntank\n|\n|upkeep\n|turn|10\n|\n|t:|1732950397\n|move|p2a: Skuntank|Fire Blast|p1a: Dipplin\n|-supereffective|p1a: Dipplin\n|-damage|p1a: Dipplin|29/284\n|move|p1a: Dipplin|Recover|p1a: Dipplin\n|-heal|p1a: Dipplin|171/284\n|\n|upkeep\n|turn|11\n|\n|t:|1732950404\n|move|p2a: Skuntank|Fire Blast|p1a: Dipplin|[miss]\n|-miss|p2a: Skuntank|p1a: Dipplin\n|move|p1a: Dipplin|Dragon Pulse|p2a: Skuntank\n|-damage|p2a: Skuntank|0 fnt\n|faint|p2a: Skuntank\n|\n|upkeep\n|\n|t:|1732950413\n|switch|p2a: Breloom|Breloom, L82, M|233/233\n|turn|12\n|\n|t:|1732950418\n|move|p2a: Breloom|Swords Dance|p2a: Breloom\n|-boost|p2a: Breloom|atk|2\n|move|p1a: Dipplin|Dragon Pulse|p2a: Breloom\n|-damage|p2a: Breloom|97/233\n|\n|upkeep\n|turn|13\n|\n|t:|1732950424\n|move|p2a: Breloom|Mach Punch|p1a: Dipplin\n|-supereffective|p1a: Dipplin\n|-crit|p1a: Dipplin\n|-damage|p1a: Dipplin|0 fnt\n|faint|p1a: Dipplin\n|-damage|p2a: Breloom|74/233|[from] item: Life Orb\n|\n|upkeep\n|\n|t:|1732950431\n|switch|p1a: Solgaleo|Solgaleo, L74|325/325\n|-damage|p1a: Solgaleo|285/325|[from] Spikes\n|turn|14\n|\n|t:|1732950454\n|move|p2a: Breloom|Mach Punch|p1a: Solgaleo\n|-damage|p1a: Solgaleo|102/325\n|-damage|p2a: Breloom|51/233|[from] item: Life Orb\n|move|p1a: Solgaleo|Psychic|p2a: Breloom\n|-supereffective|p2a: Breloom\n|-damage|p2a: Breloom|0 fnt\n|faint|p2a: Breloom\n|\n|upkeep\n|\n|t:|1732950460\n|switch|p2a: Araquanid|Araquanid, L82, M|246/246\n|turn|15\n|\n|t:|1732950469\n|move|p1a: Solgaleo|Sunsteel Strike|p2a: Araquanid\n|-resisted|p2a: Araquanid\n|-damage|p2a: Araquanid|193/246\n|move|p2a: Araquanid|Sticky Web|p1a: Solgaleo\n|-sidestart|p1: bunnyangelcake|move: Sticky Web\n|\n|upkeep\n|turn|16\n|inactive|Battle timer is ON: inactive players will automatically lose when time's up. (requested by bunnyangelcake)\n|inactive|theebasher has 120 seconds left.\n|\n|t:|1732950566\n|move|p1a: Solgaleo|Psychic|p2a: Araquanid\n|-damage|p2a: Araquanid|133/246\n|move|p2a: Araquanid|Leech Life|p1a: Solgaleo\n|-damage|p1a: Solgaleo|42/325\n|-heal|p2a: Araquanid|163/246|[from] drain|[of] p1a: Solgaleo\n|\n|upkeep\n|turn|17\n|\n|t:|1732950574\n|move|p1a: Solgaleo|Close Combat|p2a: Araquanid\n|-resisted|p2a: Araquanid\n|-damage|p2a: Araquanid|120/246\n|-unboost|p1a: Solgaleo|def|1\n|-unboost|p1a: Solgaleo|spd|1\n|move|p2a: Araquanid|Leech Life|p1a: Solgaleo\n|-damage|p1a: Solgaleo|0 fnt\n|-heal|p2a: Araquanid|141/246|[from] drain|[of] p1a: Solgaleo\n|faint|p1a: Solgaleo\n|\n|upkeep\n|\n|t:|1732950591\n|switch|p1a: Komala|Komala, L89, M|260/260\n|-damage|p1a: Komala|228/260|[from] Spikes\n|-activate|p1a: Komala|move: Sticky Web\n|-unboost|p1a: Komala|spe|1\n|-ability|p1a: Komala|Comatose\n|turn|18\n|\n|t:|1732950599\n|move|p2a: Araquanid|Leech Life|p1a: Komala\n|-damage|p1a: Komala|149/260\n|-heal|p2a: Araquanid|181/246|[from] drain|[of] p1a: Komala\n|move|p1a: Komala|Rapid Spin|p2a: Araquanid\n|-damage|p2a: Araquanid|120/246\n|-boost|p1a: Komala|spe|1\n|-sideend|p1: bunnyangelcake|Spikes|[from] move: Rapid Spin|[of] p1a: Komala\n|-sideend|p1: bunnyangelcake|Sticky Web|[from] move: Rapid Spin|[of] p1a: Komala\n|\n|upkeep\n|turn|19\n|\n|t:|1732950610\n|move|p1a: Komala|Knock Off|p2a: Araquanid\n|-damage|p2a: Araquanid|38/246\n|-enditem|p2a: Araquanid|Heavy-Duty Boots|[from] move: Knock Off|[of] p1a: Komala\n|move|p2a: Araquanid|Leech Life|p1a: Komala\n|-damage|p1a: Komala|73/260\n|-heal|p2a: Araquanid|76/246|[from] drain|[of] p1a: Komala\n|\n|upkeep\n|turn|20\n|\n|t:|1732950618\n|move|p1a: Komala|Body Slam|p2a: Araquanid\n|-damage|p2a: Araquanid|0 fnt\n|faint|p2a: Araquanid\n|\n|upkeep\n|\n|t:|1732950624\n|switch|p2a: Glimmora|Glimmora, L75, M|248/248\n|turn|21\n|\n|t:|1732950628\n|move|p2a: Glimmora|Meteor Beam||[still]\n|-prepare|p2a: Glimmora|Meteor Beam\n|-boost|p2a: Glimmora|spa|1\n|-enditem|p2a: Glimmora|Power Herb\n|-anim|p2a: Glimmora|Meteor Beam|p1a: Komala\n|-damage|p1a: Komala|0 fnt\n|faint|p1a: Komala\n|\n|upkeep\n|\n|t:|1732950638\n|switch|p1a: Crabominable|Crabominable, L90, M|321/321\n|turn|22\n|\n|t:|1732950660\n|move|p2a: Glimmora|Meteor Beam||[still]\n|-prepare|p2a: Glimmora|Meteor Beam\n|-boost|p2a: Glimmora|spa|1\n|move|p1a: Crabominable|Earthquake|p2a: Glimmora\n|-supereffective|p2a: Glimmora\n|-damage|p2a: Glimmora|0 fnt\n|-activate|p2a: Glimmora|ability: Toxic Debris\n|-sidestart|p1: bunnyangelcake|move: Toxic Spikes\n|faint|p2a: Glimmora\n|\n|upkeep\n|\n|t:|1732950663\n|switch|p2a: Bellibolt|Bellibolt, L84, M|320/320\n|turn|23\n|\n|t:|1732950671\n|-terastallize|p2a: Bellibolt|Water\n|move|p1a: Crabominable|Earthquake|p2a: Bellibolt\n|-damage|p2a: Bellibolt|165/320\n|-start|p2a: Bellibolt|Charge|Earthquake|[from] ability: Electromorphosis\n|move|p2a: Bellibolt|Muddy Water|p1a: Crabominable\n|-damage|p1a: Crabominable|213/321\n|-unboost|p1a: Crabominable|accuracy|1\n|\n|-heal|p2a: Bellibolt|185/320|[from] item: Leftovers\n|upkeep\n|turn|24\n|\n|t:|1732950681\n|move|p1a: Crabominable|Earthquake|p2a: Bellibolt|[miss]\n|-miss|p1a: Crabominable|p2a: Bellibolt\n|move|p2a: Bellibolt|Slack Off|p2a: Bellibolt\n|-heal|p2a: Bellibolt|320/320\n|\n|upkeep\n|turn|25\n|\n|t:|1732950686\n|move|p1a: Crabominable|Earthquake|p2a: Bellibolt|[miss]\n|-miss|p1a: Crabominable|p2a: Bellibolt\n|move|p2a: Bellibolt|Thunderbolt|p1a: Crabominable\n|-damage|p1a: Crabominable|6/321\n|-end|p2a: Bellibolt|Charge|[silent]\n|\n|upkeep\n|turn|26\n|\n|t:|1732950694\n|move|p1a: Crabominable|Earthquake|p2a: Bellibolt\n|-damage|p2a: Bellibolt|180/320\n|-start|p2a: Bellibolt|Charge|Earthquake|[from] ability: Electromorphosis\n|move|p2a: Bellibolt|Thunderbolt|p1a: Crabominable\n|-damage|p1a: Crabominable|0 fnt\n|faint|p1a: Crabominable\n|-end|p2a: Bellibolt|Charge|[silent]\n|\n|-heal|p2a: Bellibolt|200/320|[from] item: Leftovers\n|upkeep\n|\n|t:|1732950703\n|switch|p1a: Kricketune|Kricketune, L99, F|312/312\n|turn|27\n|\n|t:|1732950715\n|move|p1a: Kricketune|Taunt|p2a: Bellibolt\n|-start|p2a: Bellibolt|move: Taunt\n|move|p2a: Bellibolt|Muddy Water|p1a: Kricketune\n|-damage|p1a: Kricketune|185/312\n|\n|-heal|p2a: Bellibolt|220/320|[from] item: Leftovers\n|upkeep\n|turn|28\n|\n|t:|1732950723\n|move|p1a: Kricketune|Knock Off|p2a: Bellibolt\n|-damage|p2a: Bellibolt|139/320\n|-start|p2a: Bellibolt|Charge|Knock Off|[from] ability: Electromorphosis\n|-enditem|p2a: Bellibolt|Leftovers|[from] move: Knock Off|[of] p1a: Kricketune\n|move|p2a: Bellibolt|Muddy Water|p1a: Kricketune|[miss]\n|-miss|p2a: Bellibolt|p1a: Kricketune\n|\n|upkeep\n|turn|29\n|\n|t:|1732950731\n|move|p1a: Kricketune|Pounce|p2a: Bellibolt\n|-damage|p2a: Bellibolt|48/320\n|-unboost|p2a: Bellibolt|spe|1\n|-start|p2a: Bellibolt|Charge|Pounce|[from] ability: Electromorphosis\n|move|p2a: Bellibolt|Muddy Water|p1a: Kricketune\n|-damage|p1a: Kricketune|53/312\n|\n|-end|p2a: Bellibolt|move: Taunt\n|upkeep\n|turn|30\n|\n|t:|1732950741\n|move|p1a: Kricketune|Pounce|p2a: Bellibolt\n|-damage|p2a: Bellibolt|0 fnt\n|faint|p2a: Bellibolt\n|\n|win|bunnyangelcake\n|raw|bunnyangelcake's rating: 1180 &rarr; <strong>1201</strong><br />(+21 for winning)\n|raw|theebasher's rating: 1122 &rarr; <strong>1101</strong><br />(-21 for losing)\n|l|\u2606theebasher\n|player|p2|\n", "inputlog": ">version b107d77f5c90bd6555267ae244a6264823309ead\n>start {\"formatid\":\"gen9randombattle\",\"seed\":[17482,17197,1536,60685],\"rated\":\"Rated battle\"}\n>player p1 {\"name\":\"bunnyangelcake\",\"avatar\":\"rocketgruntf\",\"rating\":1180,\"seed\":[44348,38166,5468,65472]}\n>player p2 {\"name\":\"theebasher\",\"avatar\":\"169\",\"rating\":1147,\"seed\":[39610,12422,54776,24702]}\n>p1 move bravebird\n>p2 move stoneedge\n>p1 move suckerpunch\n>p2 move spikes\n>p1 move suckerpunch\n>p2 move rapidspin\n>p1 switch 3\n>p1 move gigadrain\n>p2 move stoneedge\n>p2 switch 5\n>p1 move dragonpulse terastallize\n>p2 move gunkshot\n>p1 move dragonpulse\n>p2 move knockoff\n>p1 move suckerpunch\n>p2 move fireblast\n>p1 move recover\n>p2 move fireblast\n>p1 move gigadrain\n>p2 move fireblast\n>p1 move recover\n>p2 move fireblast\n>p1 move dragonpulse\n>p2 move fireblast\n>p2 switch 3\n>p1 move dragonpulse\n>p2 move swordsdance\n>p1 move suckerpunch\n>p2 move machpunch\n>p1 switch 5\n>p1 move psychic\n>p2 move machpunch\n>p2 switch 4\n>p1 move sunsteelstrike\n>p2 move stickyweb\n>p1 move psychic\n>p2 move leechlife\n>p1 move closecombat\n>p2 move leechlife\n>p1 switch 6\n>p1 move rapidspin\n>p2 move leechlife\n>p1 move knockoff\n>p2 move leechlife\n>p1 move bodyslam\n>p2 move leechlife\n>p2 switch 2\n>p1 move earthquake\n>p2 move meteorbeam\n>p1 switch 4\n>p1 move earthquake\n>p2 move meteorbeam\n>p2 switch 6\n>p1 move earthquake\n>p2 move muddywater terastallize\n>p1 move earthquake\n>p2 move slackoff\n>p1 move earthquake\n>p2 move thunderbolt\n>p1 move earthquake\n>p2 move thunderbolt\n>p1 switch 2\n>p1 move taunt\n>p2 move muddywater\n>p1 move knockoff\n>p2 move muddywater\n>p1 move pounce\n>p2 move muddywater\n>p1 move pounce\n>p2 move slackoff", "uploadtime": 1732950759, "views": 3, "formatid": "gen9randombattle", "rating": 1101, "private": 0, "password": null}