{"id": "gen9randombattle-2254032335", "format": "[Gen 9] Random Battle", "players": ["Snowhoya", "ballzak35"], "log": "|j|\u2606Snowhoya\n|j|\u2606ballzak35\n|t:|1732982605\n|gametype|singles\n|player|p1|Snowhoya|266|1337\n|player|p2|ballzak35|zinnia|1286\n|teamsize|p1|6\n|teamsize|p2|6\n|gen|9\n|tier|[Gen 9] Random Battle\n|rated|\n|rule|Species Clause: Limit one of each Pok\u00e9mon\n|rule|HP Percentage Mod: HP is shown in percentages\n|rule|Sleep Clause Mod: Limit one foe put to sleep\n|rule|Illusion Level Mod: Illusion disguises the Pok\u00e9mon's true level\n|\n|t:|1732982605\n|start\n|switch|p1a: Gengar|Gengar, L81, F|230/230\n|switch|p2a: Gengar|Gengar, L81, F|230/230\n|turn|1\n|inactive|Battle timer is ON: inactive players will automatically lose when time's up. (requested by Snowhoya)\n|c|\u2606ballzak35|erm\n|\n|t:|1732982629\n|switch|p1a: Morpeko|Morpeko, L88, M|245/245\n|switch|p2a: Dodrio|Dodrio, L86, F|243/243\n|\n|-formechange|p1a: Morpeko|Morpeko-Hangry||[from] ability: Hunger Switch\n|upkeep\n|turn|2\n|\n|t:|1732982656\n|switch|p2a: Spidops|Spidops, L96, F|271/271\n|switch|p1a: Azumarill|Azumarill, L82, F|298/298\n|\n|upkeep\n|turn|3\n|\n|t:|1732982667\n|move|p1a: Azumarill|Liquidation|p2a: Spidops\n|-damage|p2a: Spidops|178/271\n|move|p2a: Spidops|Sticky Web|p1a: Azumarill\n|-sidestart|p1: Snowhoya|move: Sticky Web\n|\n|upkeep\n|turn|4\n|\n|t:|1732982678\n|move|p1a: Azumarill|Liquidation|p2a: Spidops\n|-damage|p2a: Spidops|90/271\n|move|p2a: Spidops|Knock Off|p1a: Azumarill\n|-resisted|p1a: Azumarill\n|-damage|p1a: Azumarill|253/298\n|-enditem|p1a: Azumarill|Sitrus Berry|[from] move: Knock Off|[of] p2a: Spidops\n|\n|upkeep\n|turn|5\n|\n|t:|1732982687\n|move|p1a: Azumarill|Liquidation|p2a: Spidops\n|-damage|p2a: Spidops|0 fnt\n|faint|p2a: Spidops\n|\n|upkeep\n|\n|t:|1732982702\n|switch|p2a: Gengar|Gengar, L81, F|230/230\n|turn|6\n|\n|t:|1732982720\n|move|p1a: Azumarill|Aqua Jet|p2a: Gengar\n|-damage|p2a: Gengar|161/230\n|move|p2a: Gengar|Sludge Wave|p1a: Azumarill\n|-supereffective|p1a: Azumarill\n|-damage|p1a: Azumarill|0 fnt\n|faint|p1a: Azumarill\n|-damage|p2a: Gengar|138/230|[from] item: Life Orb\n|\n|upkeep\n|\n|t:|1732982733\n|switch|p1a: Morpeko|Morpeko, L88, M|245/245\n|-activate|p1a: Morpeko|move: Sticky Web\n|-unboost|p1a: Morpeko|spe|1\n|turn|7\n|\n|t:|1732982741\n|switch|p2a: Sudowoodo|Sudowoodo, L94, M|284/284\n|move|p1a: Morpeko|Knock Off|p2a: Sudowoodo\n|-damage|p2a: Sudowoodo|199/284\n|-enditem|p2a: Sudowoodo|Leftovers|[from] move: Knock Off|[of] p1a: Morpeko\n|\n|-formechange|p1a: Morpeko|Morpeko-Hangry||[from] ability: Hunger Switch\n|upkeep\n|turn|8\n|\n|t:|1732982758\n|switch|p1a: Tauros|Tauros, L82, M|257/257\n|-activate|p1a: Tauros|move: Sticky Web\n|-unboost|p1a: Tauros|spe|1\n|move|p2a: Sudowoodo|Stealth Rock|p1a: Tauros\n|-sidestart|p1: Snowhoya|move: Stealth Rock\n|\n|upkeep\n|turn|9\n|\n|t:|1732982777\n|move|p1a: Tauros|Zen Headbutt|p2a: Sudowoodo\n|-damage|p2a: Sudowoodo|133/284\n|move|p2a: Sudowoodo|Head Smash|p1a: Tauros\n|-damage|p1a: Tauros|50/257\n|\n|upkeep\n|turn|10\n|\n|t:|1732982786\n|move|p2a: Sudowoodo|Sucker Punch|p1a: Tauros\n|-damage|p1a: Tauros|0 fnt\n|faint|p1a: Tauros\n|\n|upkeep\n|\n|t:|1732982790\n|switch|p1a: Morpeko|Morpeko, L88, M|245/245\n|-activate|p1a: Morpeko|move: Sticky Web\n|-unboost|p1a: Morpeko|spe|1\n|-damage|p1a: Morpeko|215/245|[from] Stealth Rock\n|turn|11\n|\n|t:|1732982797\n|move|p1a: Morpeko|Rapid Spin|p2a: Sudowoodo\n|-resisted|p2a: Sudowoodo\n|-damage|p2a: Sudowoodo|118/284\n|-boost|p1a: Morpeko|spe|1\n|-sideend|p1: Snowhoya|Stealth Rock|[from] move: Rapid Spin|[of] p1a: Morpeko\n|-sideend|p1: Snowhoya|Sticky Web|[from] move: Rapid Spin|[of] p1a: Morpeko\n|move|p2a: Sudowoodo|Earthquake|p1a: Morpeko\n|-supereffective|p1a: Morpeko\n|-crit|p1a: Morpeko\n|-damage|p1a: Morpeko|0 fnt\n|faint|p1a: Morpeko\n|\n|upkeep\n|\n|t:|1732982805\n|switch|p1a: Dialga|Dialga-Origin, L73|266/266\n|-ability|p1a: Dialga|Pressure\n|turn|12\n|\n|t:|1732982812\n|move|p1a: Dialga|Heavy Slam|p2a: Sudowoodo\n|-supereffective|p2a: Sudowoodo\n|-damage|p2a: Sudowoodo|0 fnt\n|faint|p2a: Sudowoodo\n|\n|upkeep\n|\n|t:|1732982824\n|switch|p2a: Groudon|Groudon, L72|263/263\n|-weather|SunnyDay|[from] ability: Drought|[of] p2a: Groudon\n|turn|13\n|\n|t:|1732982832\n|-terastallize|p1a: Dialga|Dragon\n|move|p1a: Dialga|Fire Blast|p2a: Groudon\n|-damage|p2a: Groudon|106/263\n|move|p2a: Groudon|Precipice Blades|p1a: Dialga\n|-damage|p1a: Dialga|143/266\n|\n|-weather|SunnyDay|[upkeep]\n|-heal|p2a: Groudon|122/263|[from] item: Leftovers\n|upkeep\n|turn|14\n|\n|t:|1732982850\n|switch|p2a: Clawitzer|Clawitzer, L87, M|265/265\n|move|p1a: Dialga|Fire Blast|p2a: Clawitzer\n|-resisted|p2a: Clawitzer\n|-damage|p2a: Clawitzer|209/265\n|\n|-weather|SunnyDay|[upkeep]\n|upkeep\n|turn|15\n|\n|t:|1732982859\n|move|p1a: Dialga|Stealth Rock|p2a: Clawitzer\n|-sidestart|p2: ballzak35|move: Stealth Rock\n|move|p2a: Clawitzer|Dragon Pulse|p1a: Dialga\n|-supereffective|p1a: Dialga\n|-damage|p1a: Dialga|0 fnt\n|faint|p1a: Dialga\n|\n|-weather|SunnyDay|[upkeep]\n|upkeep\n|\n|t:|1732982866\n|switch|p1a: Wigglytuff|Wigglytuff, L96, M|424/424\n|turn|16\n|\n|t:|1732982880\n|switch|p2a: Gengar|Gengar, L81, F|138/230\n|-damage|p2a: Gengar|110/230|[from] Stealth Rock\n|move|p1a: Wigglytuff|Dazzling Gleam|p2a: Gengar\n|-resisted|p2a: Gengar\n|-damage|p2a: Gengar|49/230\n|\n|-weather|SunnyDay|[upkeep]\n|upkeep\n|turn|17\n|\n|t:|1732982891\n|move|p1a: Wigglytuff|Protect|p1a: Wigglytuff\n|-singleturn|p1a: Wigglytuff|Protect\n|move|p2a: Gengar|Sludge Wave|p1a: Wigglytuff\n|-activate|p1a: Wigglytuff|move: Protect\n|\n|-weather|none\n|upkeep\n|turn|18\n|\n|t:|1732982900\n|move|p2a: Gengar|Sludge Wave|p1a: Wigglytuff\n|-supereffective|p1a: Wigglytuff\n|-damage|p1a: Wigglytuff|50/424\n|-damage|p2a: Gengar|26/230|[from] item: Life Orb\n|move|p1a: Wigglytuff|Dazzling Gleam|p2a: Gengar\n|-resisted|p2a: Gengar\n|-damage|p2a: Gengar|0 fnt\n|-start|p1a: Wigglytuff|Disable|Dazzling Gleam|[from] ability: Cursed Body|[of] p2a: Gengar\n|faint|p2a: Gengar\n|\n|-heal|p1a: Wigglytuff|76/424|[from] item: Leftovers\n|upkeep\n|\n|t:|1732982912\n|switch|p2a: Clawitzer|Clawitzer, L87, M|209/265\n|-damage|p2a: Clawitzer|176/265|[from] Stealth Rock\n|turn|19\n|\n|t:|1732982918\n|move|p1a: Wigglytuff|Protect|p1a: Wigglytuff\n|-singleturn|p1a: Wigglytuff|Protect\n|move|p2a: Clawitzer|Dark Pulse|p1a: Wigglytuff\n|-activate|p1a: Wigglytuff|move: Protect\n|\n|-heal|p1a: Wigglytuff|102/424|[from] item: Leftovers\n|upkeep\n|turn|20\n|\n|t:|1732982928\n|move|p1a: Wigglytuff|Protect||[still]\n|-fail|p1a: Wigglytuff\n|move|p2a: Clawitzer|Dark Pulse|p1a: Wigglytuff\n|-resisted|p1a: Wigglytuff\n|-damage|p1a: Wigglytuff|0 fnt\n|faint|p1a: Wigglytuff\n|\n|upkeep\n|\n|t:|1732982934\n|switch|p1a: Gengar|Gengar, L81, F|230/230\n|turn|21\n|\n|t:|1732982938\n|-terastallize|p2a: Clawitzer|Dark\n|move|p1a: Gengar|Shadow Ball|p2a: Clawitzer\n|-resisted|p2a: Clawitzer\n|-damage|p2a: Clawitzer|118/265\n|-damage|p1a: Gengar|207/230|[from] item: Life Orb\n|move|p2a: Clawitzer|Dark Pulse|p1a: Gengar\n|-supereffective|p1a: Gengar\n|-damage|p1a: Gengar|0 fnt\n|faint|p1a: Gengar\n|\n|win|ballzak35\n|raw|Snowhoya's rating: 1337 &rarr; <strong>1314</strong><br />(-23 for losing)\n|raw|ballzak35's rating: 1286 &rarr; <strong>1315</strong><br />(+29 for winning)\n|l|\u2606Snowhoya\n|player|p1|\n", "inputlog": ">version b107d77f5c90bd6555267ae244a6264823309ead\n>start {\"formatid\":\"gen9randombattle\",\"seed\":[60342,31579,40587,59767],\"rated\":\"Rated battle\"}\n>player p1 {\"name\":\"Snowhoya\",\"avatar\":\"266\",\"rating\":1337,\"seed\":[64027,7075,64770,40115]}\n>player p2 {\"name\":\"ballzak35\",\"avatar\":\"zinnia\",\"rating\":1286,\"seed\":[34942,4658,62804,56390]}\n>chat \u2606ballzak35|erm\n>p1 switch 3\n>p2 switch 2\n>p1 switch 5\n>p2 switch 3\n>p1 move liquidation\n>p2 move stickyweb\n>p1 move liquidation\n>p2 move knockoff\n>p1 move liquidation\n>p2 move circlethrow\n>p2 switch 2\n>p1 move aquajet\n>p2 move sludgewave\n>p1 switch 5\n>p1 move knockoff\n>p2 switch 6\n>p1 switch 6\n>p2 move stealthrock\n>p1 move zenheadbutt\n>p2 move headsmash\n>p1 move closecombat\n>p2 move suckerpunch\n>p1 switch 6\n>p1 move rapidspin\n>p2 move earthquake\n>p1 switch 2\n>p1 move heavyslam\n>p2 move earthquake\n>p2 switch 4\n>p1 move fireblast terastallize\n>p2 move precipiceblades\n>p1 move fireblast\n>p2 switch 5\n>p1 move stealthrock\n>p2 move dragonpulse\n>p1 switch 4\n>p1 move dazzlinggleam\n>p2 switch 6\n>p1 move protect\n>p2 move sludgewave\n>p1 move dazzlinggleam\n>p2 move sludgewave\n>p2 switch 6\n>p1 move protect\n>p2 move darkpulse\n>p1 move protect\n>p2 move darkpulse\n>p1 switch 3\n>p1 move shadowball\n>p2 move darkpulse terastallize", "uploadtime": 1732982952, "views": 4, "formatid": "gen9randombattle", "rating": 1314, "private": 0, "password": null}