{"id": "gen9randombattle-2253905912", "format": "[Gen 9] Random Battle", "players": ["ccvvvvbn", "Mungui"], "log": "|j|\u2606ccvvvvbn\n|j|\u2606Mungui\n|t:|1732960856\n|gametype|singles\n|player|p1|ccvvvvbn|1|1070\n|player|p2|Mungui|101|1040\n|teamsize|p1|6\n|teamsize|p2|6\n|gen|9\n|tier|[Gen 9] Random Battle\n|rated|\n|rule|Species Clause: Limit one of each Pok\u00e9mon\n|rule|HP Percentage Mod: HP is shown in percentages\n|rule|Sleep Clause Mod: Limit one foe put to sleep\n|rule|Illusion Level Mod: Illusion disguises the Pok\u00e9mon's true level\n|\n|t:|1732960856\n|start\n|switch|p1a: Lokix|Lokix, L82, F|251/251\n|switch|p2a: Exeggutor|Exeggutor, L89, M|312/312\n|turn|1\n|\n|t:|1732960871\n|switch|p2a: Fezandipiti|Fezandipiti, L82, M|278/278\n|move|p1a: Lokix|Sucker Punch||[still]\n|-fail|p1a: Lokix\n|\n|upkeep\n|turn|2\n|\n|t:|1732960892\n|move|p1a: Lokix|Sucker Punch|p2a: Fezandipiti\n|-resisted|p2a: Fezandipiti\n|-damage|p2a: Fezandipiti|179/278\n|-damage|p1a: Lokix|226/251|[from] item: Life Orb\n|move|p2a: Fezandipiti|Heat Wave|p1a: Lokix\n|-supereffective|p1a: Lokix\n|-damage|p1a: Lokix|92/251\n|-status|p1a: Lokix|tox|[from] ability: Toxic Chain|[of] p2a: Fezandipiti\n|\n|-damage|p1a: Lokix|77/251 tox|[from] psn\n|upkeep\n|turn|3\n|\n|t:|1732960908\n|switch|p2a: Golduck|Golduck, L90, F|290/290\n|-ability|p2a: Golduck|Cloud Nine\n|-terastallize|p1a: Lokix|Bug\n|move|p1a: Lokix|First Impression||[still]\n|-hint|First Impression only works on your first turn out.\n|-fail|p1a: Lokix\n|\n|-damage|p1a: Lokix|47/251 tox|[from] psn\n|upkeep\n|turn|4\n|\n|t:|1732960925\n|move|p2a: Golduck|Flip Turn|p1a: Lokix\n|-crit|p1a: Lokix\n|-damage|p1a: Lokix|0 fnt\n|faint|p1a: Lokix\n|\n|t:|1732960932\n|switch|p2a: Exeggutor|Exeggutor, L89, M|312/312|[from] Flip Turn\n|\n|upkeep\n|\n|t:|1732960939\n|switch|p1a: Sableye|Sableye, L90, M|236/236\n|turn|5\n|\n|t:|1732960946\n|move|p2a: Exeggutor|Protect|p2a: Exeggutor\n|-singleturn|p2a: Exeggutor|Protect\n|move|p1a: Sableye|Will-O-Wisp|p2a: Exeggutor\n|-activate|p2a: Exeggutor|move: Protect\n|\n|upkeep\n|turn|6\n|\n|t:|1732960978\n|switch|p2a: Clawitzer|Clawitzer, L87, F|265/265\n|move|p1a: Sableye|Encore||[still]\n|-fail|p1a: Sableye\n|\n|upkeep\n|turn|7\n|\n|t:|1732960987\n|move|p2a: Clawitzer|Water Pulse|p1a: Sableye\n|-damage|p1a: Sableye|107/236\n|move|p1a: Sableye|Knock Off|p2a: Clawitzer\n|-damage|p2a: Clawitzer|166/265\n|-enditem|p2a: Clawitzer|Assault Vest|[from] move: Knock Off|[of] p1a: Sableye\n|\n|-heal|p1a: Sableye|121/236|[from] item: Leftovers\n|upkeep\n|turn|8\n|\n|t:|1732960998\n|move|p1a: Sableye|Recover|p1a: Sableye\n|-heal|p1a: Sableye|236/236\n|move|p2a: Clawitzer|Water Pulse|p1a: Sableye\n|-damage|p1a: Sableye|106/236\n|\n|-heal|p1a: Sableye|120/236|[from] item: Leftovers\n|upkeep\n|turn|9\n|\n|t:|1732961008\n|move|p1a: Sableye|Will-O-Wisp|p2a: Clawitzer\n|-status|p2a: Clawitzer|brn\n|move|p2a: Clawitzer|Water Pulse|p1a: Sableye\n|-damage|p1a: Sableye|0 fnt\n|faint|p1a: Sableye\n|\n|-damage|p2a: Clawitzer|150/265 brn|[from] brn\n|upkeep\n|\n|t:|1732961020\n|switch|p1a: Luxray|Luxray, L88, M|283/283\n|turn|10\n|\n|t:|1732961033\n|switch|p2a: Flapple|Flapple, L88, M|266/266\n|move|p1a: Luxray|Supercell Slam|p2a: Flapple\n|-resisted|p2a: Flapple\n|-damage|p2a: Flapple|229/266\n|\n|-status|p1a: Luxray|brn|[from] item: Flame Orb\n|upkeep\n|turn|11\n|\n|t:|1732961048\n|move|p2a: Flapple|Outrage|p1a: Luxray\n|-damage|p1a: Luxray|0 fnt\n|faint|p1a: Luxray\n|\n|upkeep\n|\n|t:|1732961057\n|switch|p1a: Terapagos|Terapagos, L76, M|262/262\n|-activate|p1a: Terapagos|ability: Tera Shift\n|detailschange|p1a: Terapagos|Terapagos-Terastal, L76, M\n|-heal|p1a: Terapagos|269/269|[silent]\n|turn|12\n|\n|t:|1732961070\n|move|p2a: Flapple|Outrage|p1a: Terapagos|[from]lockedmove\n|-activate|p1a: Terapagos|ability: Tera Shell\n|-resisted|p1a: Terapagos\n|-damage|p1a: Terapagos|107/269\n|move|p1a: Terapagos|Tera Starstorm|p2a: Flapple\n|-crit|p2a: Flapple\n|-damage|p2a: Flapple|19/266\n|\n|upkeep\n|turn|13\n|\n|t:|1732961086\n|move|p2a: Flapple|Outrage|p1a: Terapagos|[from]lockedmove\n|-damage|p1a: Terapagos|0 fnt\n|faint|p1a: Terapagos\n|-start|p2a: Flapple|confusion|[fatigue]\n|\n|upkeep\n|\n|t:|1732961096\n|switch|p1a: Espeon|Espeon, L84, M|246/246\n|turn|14\n|\n|t:|1732961107\n|switch|p2a: Mesprit|Mesprit, L85|275/275\n|move|p1a: Espeon|Psychic|p2a: Mesprit\n|-resisted|p2a: Mesprit\n|-damage|p2a: Mesprit|228/275\n|-damage|p1a: Espeon|222/246|[from] item: Life Orb\n|\n|upkeep\n|turn|15\n|\n|t:|1732961118\n|move|p1a: Espeon|Morning Sun|p1a: Espeon\n|-heal|p1a: Espeon|246/246\n|move|p2a: Mesprit|Knock Off|p1a: Espeon\n|-supereffective|p1a: Espeon\n|-damage|p1a: Espeon|50/246\n|-enditem|p1a: Espeon|Life Orb|[from] move: Knock Off|[of] p2a: Mesprit\n|\n|upkeep\n|turn|16\n|\n|t:|1732961127\n|move|p1a: Espeon|Morning Sun|p1a: Espeon\n|-heal|p1a: Espeon|173/246\n|move|p2a: Mesprit|Knock Off|p1a: Espeon\n|-supereffective|p1a: Espeon\n|-damage|p1a: Espeon|35/246\n|\n|upkeep\n|turn|17\n|\n|t:|1732961137\n|move|p1a: Espeon|Alluring Voice|p2a: Mesprit\n|-damage|p2a: Mesprit|187/275\n|move|p2a: Mesprit|Knock Off|p1a: Espeon\n|-supereffective|p1a: Espeon\n|-damage|p1a: Espeon|0 fnt\n|faint|p1a: Espeon\n|\n|upkeep\n|\n|t:|1732961145\n|switch|p1a: Ditto|Ditto, L87|225/225\n|-transform|p1a: Ditto|p2a: Mesprit|[from] ability: Imposter\n|turn|18\n|\n|t:|1732961162\n|move|p1a: Ditto|Thunderbolt|p2a: Mesprit\n|-damage|p2a: Mesprit|147/275\n|move|p2a: Mesprit|Knock Off|p1a: Ditto\n|-supereffective|p1a: Ditto\n|-damage|p1a: Ditto|87/225\n|-enditem|p1a: Ditto|Choice Scarf|[from] move: Knock Off|[of] p2a: Mesprit\n|\n|upkeep\n|turn|19\n|\n|t:|1732961173\n|move|p2a: Mesprit|Knock Off|p1a: Ditto\n|-supereffective|p1a: Ditto\n|-damage|p1a: Ditto|0 fnt\n|faint|p1a: Ditto\n|\n|win|Mungui\n|raw|ccvvvvbn's rating: 1070 &rarr; <strong>1050</strong><br />(-20 for losing)\n|raw|Mungui's rating: 1070 &rarr; <strong>1100</strong><br />(+30 for winning)\n", "inputlog": ">version b107d77f5c90bd6555267ae244a6264823309ead\n>start {\"formatid\":\"gen9randombattle\",\"seed\":[30489,12493,17796,52637],\"rated\":\"Rated battle\"}\n>player p1 {\"name\":\"ccvvvvbn\",\"avatar\":\"1\",\"rating\":1070,\"seed\":[9164,25791,61497,40998]}\n>player p2 {\"name\":\"Mungui\",\"avatar\":\"101\",\"rating\":1040,\"seed\":[12878,54716,46538,13503]}\n>p1 move suckerpunch\n>p2 switch 4\n>p1 move suckerpunch\n>p2 move heatwave\n>p1 move firstimpression terastallize\n>p2 switch 3\n>p1 move leechlife\n>p2 move flipturn\n>p2 switch 4\n>p1 switch 6\n>p1 move willowisp\n>p2 move protect\n>p1 move encore\n>p2 switch 5\n>p1 move knockoff\n>p2 move waterpulse\n>p1 move recover\n>p2 move waterpulse\n>p1 move willowisp\n>p2 move waterpulse\n>p1 switch 3\n>p1 move supercellslam\n>p2 switch 2\n>p1 move trailblaze\n>p2 move outrage\n>p1 switch 5\n>p1 move terastarstorm\n>p2 move outrage\n>p1 move terastarstorm\n>p2 move outrage\n>p1 switch 4\n>p1 move psychic\n>p2 switch 6\n>p1 move morningsun\n>p2 move knockoff\n>p1 move morningsun\n>p2 move knockoff\n>p1 move alluringvoice\n>p2 move knockoff\n>p1 switch 2\n>p1 move thunderbolt\n>p2 move knockoff\n>p1 move knockoff\n>p2 move knockoff", "uploadtime": 1732961179, "views": 1, "formatid": "gen9randombattle", "rating": 1050, "private": 0, "password": null}