{"id": "gen9randombattle-2254046566", "format": "[Gen 9] Random Battle", "players": ["dragonite12", "shidui122"], "log": "|j|\u2606dragonite12\n|j|\u203dshidui122\n|t:|1732984507\n|gametype|singles\n|player|p1|dragonite12|102|1323\n|player|p2|shidui122|steven|1267\n|teamsize|p1|6\n|teamsize|p2|6\n|gen|9\n|tier|[Gen 9] Random Battle\n|rated|\n|rule|Species Clause: Limit one of each Pok\u00e9mon\n|rule|HP Percentage Mod: HP is shown in percentages\n|rule|Sleep Clause Mod: Limit one foe put to sleep\n|rule|Illusion Level Mod: Illusion disguises the Pok\u00e9mon's true level\n|\n|t:|1732984507\n|start\n|switch|p1a: Necrozma|Necrozma-Dusk-Mane, L69|248/248\n|switch|p2a: Shaymin|Shaymin, L82|298/298\n|turn|1\n|inactive|Battle timer is ON: inactive players will automatically lose when time's up. (requested by shidui122)\n|\n|t:|1732984525\n|switch|p2a: Hippowdon|Hippowdon, L82, F|311/311\n|-weather|Sandstorm|[from] ability: Sand Stream|[of] p2a: Hippowdon\n|move|p1a: Necrozma|Dragon Dance|p1a: Necrozma\n|-boost|p1a: Necrozma|atk|1\n|-boost|p1a: Necrozma|spe|1\n|\n|-weather|Sandstorm|[upkeep]\n|upkeep\n|turn|2\n|\n|t:|1732984539\n|move|p1a: Necrozma|Dragon Dance|p1a: Necrozma\n|-boost|p1a: Necrozma|atk|1\n|-boost|p1a: Necrozma|spe|1\n|move|p2a: Hippowdon|Curse|p2a: Hippowdon\n|-unboost|p2a: Hippowdon|spe|1\n|-boost|p2a: Hippowdon|atk|1\n|-boost|p2a: Hippowdon|def|1\n|\n|-weather|Sandstorm|[upkeep]\n|upkeep\n|turn|3\n|\n|t:|1732984549\n|move|p1a: Necrozma|Sunsteel Strike|p2a: Hippowdon\n|-damage|p2a: Hippowdon|185/311\n|move|p2a: Hippowdon|Earthquake|p1a: Necrozma\n|-supereffective|p1a: Necrozma\n|-damage|p1a: Necrozma|32/248\n|-enditem|p1a: Necrozma|Weakness Policy\n|-boost|p1a: Necrozma|atk|2|[from] item: Weakness Policy\n|-boost|p1a: Necrozma|spa|2|[from] item: Weakness Policy\n|\n|-weather|Sandstorm|[upkeep]\n|-heal|p2a: Hippowdon|204/311|[from] item: Leftovers\n|upkeep\n|turn|4\n|\n|t:|1732984569\n|move|p1a: Necrozma|Sunsteel Strike|p2a: Hippowdon\n|-damage|p2a: Hippowdon|27/311\n|move|p2a: Hippowdon|Earthquake|p1a: Necrozma\n|-supereffective|p1a: Necrozma\n|-damage|p1a: Necrozma|0 fnt\n|faint|p1a: Necrozma\n|\n|-weather|Sandstorm|[upkeep]\n|-heal|p2a: Hippowdon|46/311|[from] item: Leftovers\n|upkeep\n|inactive|dragonite12 has 120 seconds left.\n|\n|t:|1732984589\n|switch|p1a: Floatzel|Floatzel, L85, M|283/283\n|turn|5\n|\n|t:|1732984596\n|move|p1a: Floatzel|Flip Turn|p2a: Hippowdon\n|-supereffective|p2a: Hippowdon\n|-crit|p2a: Hippowdon\n|-damage|p2a: Hippowdon|0 fnt\n|faint|p2a: Hippowdon\n|\n|t:|1732984602\n|switch|p1a: Regigigas|Regigigas, L84|322/322|[from] Flip Turn\n|-start|p1a: Regigigas|ability: Slow Start\n|\n|-weather|none\n|upkeep\n|\n|t:|1732984614\n|switch|p2a: Shaymin|Shaymin, L82|298/298\n|turn|6\n|\n|t:|1732984619\n|move|p2a: Shaymin|Seed Flare|p1a: Regigigas\n|-damage|p1a: Regigigas|211/322\n|move|p1a: Regigigas|Body Slam|p2a: Shaymin\n|-damage|p2a: Shaymin|235/298\n|\n|-heal|p2a: Shaymin|253/298|[from] item: Leftovers\n|-heal|p1a: Regigigas|231/322|[from] item: Leftovers\n|upkeep\n|turn|7\n|\n|t:|1732984629\n|move|p1a: Regigigas|Protect|p1a: Regigigas\n|-singleturn|p1a: Regigigas|Protect\n|move|p2a: Shaymin|Seed Flare|p1a: Regigigas\n|-activate|p1a: Regigigas|move: Protect\n|\n|-heal|p2a: Shaymin|271/298|[from] item: Leftovers\n|-heal|p1a: Regigigas|251/322|[from] item: Leftovers\n|upkeep\n|turn|8\n|\n|t:|1732984637\n|move|p2a: Shaymin|Seed Flare|p1a: Regigigas\n|-damage|p1a: Regigigas|143/322\n|move|p1a: Regigigas|Substitute|p1a: Regigigas\n|-start|p1a: Regigigas|Substitute\n|-damage|p1a: Regigigas|63/322\n|\n|-heal|p2a: Shaymin|289/298|[from] item: Leftovers\n|-heal|p1a: Regigigas|83/322|[from] item: Leftovers\n|upkeep\n|turn|9\n|\n|t:|1732984651\n|move|p2a: Shaymin|Seed Flare|p1a: Regigigas\n|-end|p1a: Regigigas|Substitute\n|move|p1a: Regigigas|Body Slam|p2a: Shaymin\n|-damage|p2a: Shaymin|231/298\n|\n|-heal|p2a: Shaymin|249/298|[from] item: Leftovers\n|-heal|p1a: Regigigas|103/322|[from] item: Leftovers\n|upkeep\n|turn|10\n|\n|t:|1732984660\n|move|p1a: Regigigas|Protect|p1a: Regigigas\n|-singleturn|p1a: Regigigas|Protect\n|move|p2a: Shaymin|Seed Flare|p1a: Regigigas\n|-activate|p1a: Regigigas|move: Protect\n|\n|-heal|p2a: Shaymin|267/298|[from] item: Leftovers\n|-heal|p1a: Regigigas|123/322|[from] item: Leftovers\n|-end|p1a: Regigigas|Slow Start\n|upkeep\n|turn|11\n|\n|t:|1732984673\n|move|p1a: Regigigas|Substitute|p1a: Regigigas\n|-start|p1a: Regigigas|Substitute\n|-damage|p1a: Regigigas|43/322\n|move|p2a: Shaymin|Seed Flare|p1a: Regigigas\n|-end|p1a: Regigigas|Substitute\n|\n|-heal|p1a: Regigigas|63/322|[from] item: Leftovers\n|-heal|p2a: Shaymin|285/298|[from] item: Leftovers\n|upkeep\n|turn|12\n|\n|t:|1732984685\n|move|p1a: Regigigas|Protect|p1a: Regigigas\n|-singleturn|p1a: Regigigas|Protect\n|move|p2a: Shaymin|Air Slash|p1a: Regigigas\n|-activate|p1a: Regigigas|move: Protect\n|\n|-heal|p1a: Regigigas|83/322|[from] item: Leftovers\n|-heal|p2a: Shaymin|298/298|[from] item: Leftovers\n|upkeep\n|turn|13\n|\n|t:|1732984694\n|move|p1a: Regigigas|Substitute|p1a: Regigigas\n|-start|p1a: Regigigas|Substitute\n|-damage|p1a: Regigigas|3/322\n|move|p2a: Shaymin|Seed Flare|p1a: Regigigas\n|-end|p1a: Regigigas|Substitute\n|\n|-heal|p1a: Regigigas|23/322|[from] item: Leftovers\n|upkeep\n|turn|14\n|\n|t:|1732984702\n|move|p1a: Regigigas|Protect|p1a: Regigigas\n|-singleturn|p1a: Regigigas|Protect\n|move|p2a: Shaymin|Air Slash|p1a: Regigigas\n|-activate|p1a: Regigigas|move: Protect\n|\n|-heal|p1a: Regigigas|43/322|[from] item: Leftovers\n|upkeep\n|turn|15\n|\n|t:|1732984717\n|move|p1a: Regigigas|Body Slam|p2a: Shaymin\n|-damage|p2a: Shaymin|178/298\n|move|p2a: Shaymin|Air Slash|p1a: Regigigas\n|-damage|p1a: Regigigas|1/322\n|\n|-heal|p1a: Regigigas|21/322|[from] item: Leftovers\n|-heal|p2a: Shaymin|196/298|[from] item: Leftovers\n|upkeep\n|turn|16\n|\n|t:|1732984726\n|move|p1a: Regigigas|Protect|p1a: Regigigas\n|-singleturn|p1a: Regigigas|Protect\n|move|p2a: Shaymin|Synthesis|p2a: Shaymin\n|-heal|p2a: Shaymin|298/298\n|\n|-heal|p1a: Regigigas|41/322|[from] item: Leftovers\n|upkeep\n|turn|17\n|\n|t:|1732984734\n|move|p1a: Regigigas|Body Slam|p2a: Shaymin\n|-damage|p2a: Shaymin|163/298\n|-status|p2a: Shaymin|par\n|move|p2a: Shaymin|Air Slash|p1a: Regigigas\n|-damage|p1a: Regigigas|0 fnt\n|faint|p1a: Regigigas\n|-end|p1a: Regigigas|Slow Start|[silent]\n|\n|-heal|p2a: Shaymin|181/298 par|[from] item: Leftovers\n|upkeep\n|\n|t:|1732984751\n|switch|p1a: Hoopa|Hoopa-Unbound, L80|259/259\n|turn|18\n|\n|t:|1732984759\n|move|p1a: Hoopa|Gunk Shot|p2a: Shaymin\n|-supereffective|p2a: Shaymin\n|-damage|p2a: Shaymin|0 fnt\n|faint|p2a: Shaymin\n|\n|upkeep\n|\n|t:|1732984780\n|switch|p2a: Arceus|Arceus-Grass, L72|292/292\n|turn|19\n|\n|t:|1732984793\n|switch|p2a: Regice|Regice, L88|284/284\n|move|p1a: Hoopa|Gunk Shot|p2a: Regice\n|-damage|p2a: Regice|133/284\n|\n|upkeep\n|turn|20\n|\n|t:|1732984804\n|move|p1a: Hoopa|Gunk Shot|p2a: Regice|[miss]\n|-miss|p1a: Hoopa|p2a: Regice\n|move|p2a: Regice|Ice Beam|p1a: Hoopa\n|-damage|p1a: Hoopa|171/259\n|\n|upkeep\n|turn|21\n|\n|t:|1732984820\n|move|p1a: Hoopa|Gunk Shot|p2a: Regice\n|-damage|p2a: Regice|0 fnt\n|faint|p2a: Regice\n|\n|upkeep\n|inactive|shidui122 has 120 seconds left.\n|\n|t:|1732984831\n|switch|p2a: Arceus|Arceus-Grass, L72|292/292\n|turn|22\n|inactive|shidui122 has 120 seconds left.\n|\n|t:|1732984849\n|move|p2a: Arceus|Judgment|p1a: Hoopa\n|-damage|p1a: Hoopa|90/259\n|move|p1a: Hoopa|Gunk Shot|p2a: Arceus\n|-supereffective|p2a: Arceus\n|-damage|p2a: Arceus|0 fnt\n|faint|p2a: Arceus\n|\n|upkeep\n|-message|shidui122 forfeited.\n|\n|win|dragonite12\n|raw|dragonite12's rating: 1323 &rarr; <strong>1340</strong><br />(+17 for winning)\n|raw|shidui122's rating: 1267 &rarr; <strong>1246</strong><br />(-21 for losing)\n|l|\u203dshidui122\n|player|p2|\n", "inputlog": ">version b107d77f5c90bd6555267ae244a6264823309ead\n>start {\"formatid\":\"gen9randombattle\",\"seed\":[25490,13032,1813,54788],\"rated\":\"Rated battle\"}\n>player p1 {\"name\":\"dragonite12\",\"avatar\":\"102\",\"rating\":1323,\"seed\":[59867,2847,55889,12335]}\n>player p2 {\"name\":\"shidui122\",\"avatar\":\"steven\",\"rating\":1267,\"seed\":[1418,23992,19848,14663]}\n>p1 move dragondance\n>p2 switch 4\n>p1 move dragondance\n>p2 move curse\n>p1 move sunsteelstrike\n>p2 move earthquake\n>p1 move sunsteelstrike\n>p2 move earthquake\n>p1 switch 6\n>p1 move flipturn\n>p2 move earthquake\n>p1 switch 4\n>p2 switch 4\n>p1 move bodyslam\n>p2 move seedflare\n>p1 move protect\n>p2 move seedflare\n>p1 move substitute\n>p2 move seedflare\n>p1 move bodyslam\n>p2 move seedflare\n>p1 move protect\n>p2 move seedflare\n>p1 move substitute\n>p2 move seedflare\n>p1 move protect\n>p2 move airslash\n>p1 move substitute\n>p2 move seedflare\n>p1 move protect\n>p2 move airslash\n>p1 move bodyslam\n>p2 move airslash\n>p1 move protect\n>p2 move synthesis\n>p1 move bodyslam\n>p2 move airslash\n>p1 switch 5\n>p1 move gunkshot\n>p2 move seedflare\n>p2 switch 2\n>p1 move gunkshot\n>p2 switch 5\n>p1 move gunkshot\n>p2 move icebeam\n>p1 move gunkshot\n>p2 move thunderwave\n>p2 switch 5\n>p1 move gunkshot\n>p2 move judgment\n>forcelose p2", "uploadtime": 1732984880, "views": 29, "formatid": "gen9randombattle", "rating": 1246, "private": 0, "password": null}