{"id": "gen9randombattle-2254032431", "format": "[Gen 9] Random Battle", "players": ["Drackano", "TroolyGhoulie"], "log": "|j|\u2606Drackano\n|j|\u2606TroolyGhoulie\n|t:|1732982620\n|gametype|singles\n|player|p1|Drackano|169|1437\n|player|p2|TroolyGhoulie|mina|1401\n|teamsize|p1|6\n|teamsize|p2|6\n|gen|9\n|tier|[Gen 9] Random Battle\n|rated|\n|rule|Species Clause: Limit one of each Pok\u00e9mon\n|rule|HP Percentage Mod: HP is shown in percentages\n|rule|Sleep Clause Mod: Limit one foe put to sleep\n|rule|Illusion Level Mod: Illusion disguises the Pok\u00e9mon's true level\n|\n|t:|1732982620\n|start\n|switch|p1a: Enamorus|Enamorus-Therian, L83, F|259/259\n|switch|p2a: Rampardos|Rampardos, L90, M|321/321\n|turn|1\n|\n|t:|1732982635\n|switch|p1a: Falinks|Falinks, L84|246/246\n|move|p2a: Rampardos|Head Smash|p1a: Falinks\n|-resisted|p1a: Falinks\n|-damage|p1a: Falinks|125/246\n|-damage|p2a: Rampardos|260/321|[from] Recoil\n|\n|upkeep\n|turn|2\n|\n|t:|1732982645\n|switch|p2a: Volcarona|Volcarona, L77, M|257/257\n|move|p1a: Falinks|Knock Off|p2a: Volcarona\n|-damage|p2a: Volcarona|126/257\n|-status|p1a: Falinks|brn|[from] ability: Flame Body|[of] p2a: Volcarona\n|-enditem|p2a: Volcarona|Heavy-Duty Boots|[from] move: Knock Off|[of] p1a: Falinks\n|-damage|p1a: Falinks|101/246 brn|[from] item: Life Orb\n|\n|-damage|p1a: Falinks|86/246 brn|[from] brn\n|upkeep\n|turn|3\n|\n|t:|1732982656\n|switch|p1a: Dragalge|Dragalge, L88, F|258/258\n|move|p2a: Volcarona|Quiver Dance|p2a: Volcarona\n|-boost|p2a: Volcarona|spa|1\n|-boost|p2a: Volcarona|spd|1\n|-boost|p2a: Volcarona|spe|1\n|\n|upkeep\n|turn|4\n|\n|t:|1732982661\n|-terastallize|p2a: Volcarona|Ground\n|move|p2a: Volcarona|Quiver Dance|p2a: Volcarona\n|-boost|p2a: Volcarona|spa|1\n|-boost|p2a: Volcarona|spd|1\n|-boost|p2a: Volcarona|spe|1\n|move|p1a: Dragalge|Toxic|p2a: Volcarona\n|-status|p2a: Volcarona|tox\n|\n|-damage|p2a: Volcarona|110/257 tox|[from] psn\n|upkeep\n|turn|5\n|\n|t:|1732982668\n|switch|p1a: Enamorus|Enamorus-Therian, L83, F|259/259\n|move|p2a: Volcarona|Tera Blast|p1a: Enamorus|[anim] Tera Blast Ground\n|-immune|p1a: Enamorus\n|\n|-damage|p2a: Volcarona|78/257 tox|[from] psn\n|upkeep\n|turn|6\n|\n|t:|1732982681\n|move|p2a: Volcarona|Fiery Dance|p1a: Enamorus\n|-damage|p1a: Enamorus|144/259\n|move|p1a: Enamorus|Moonblast|p2a: Volcarona\n|-damage|p2a: Volcarona|11/257 tox\n|\n|-damage|p2a: Volcarona|0 fnt|[from] psn\n|faint|p2a: Volcarona\n|upkeep\n|\n|t:|1732982685\n|switch|p2a: Rampardos|Rampardos, L90, M|260/321\n|turn|7\n|\n|t:|1732982692\n|switch|p1a: Falinks|Falinks, L84|86/246 brn\n|move|p2a: Rampardos|Head Smash|p1a: Falinks|[miss]\n|-miss|p2a: Rampardos|p1a: Falinks\n|\n|-damage|p1a: Falinks|71/246 brn|[from] brn\n|upkeep\n|turn|8\n|\n|t:|1732982698\n|move|p2a: Rampardos|Head Smash|p1a: Falinks\n|-resisted|p1a: Falinks\n|-damage|p1a: Falinks|0 fnt\n|faint|p1a: Falinks\n|-damage|p2a: Rampardos|224/321|[from] Recoil\n|\n|upkeep\n|\n|t:|1732982704\n|switch|p1a: Medicham|Medicham, L86, M|243/243\n|turn|9\n|\n|t:|1732982708\n|switch|p2a: Tauros|Tauros-Paldea-Blaze, L81, M|252/252\n|move|p1a: Medicham|Close Combat|p2a: Tauros\n|-damage|p2a: Tauros|0 fnt\n|-unboost|p1a: Medicham|def|1\n|-unboost|p1a: Medicham|spd|1\n|faint|p2a: Tauros\n|\n|upkeep\n|\n|t:|1732982710\n|switch|p2a: Kommo-o|Kommo-o, L78, F|245/245\n|turn|10\n|\n|t:|1732982715\n|switch|p1a: Incineroar|Incineroar, L82, F|290/290\n|-ability|p1a: Incineroar|Intimidate|boost\n|-unboost|p2a: Kommo-o|atk|1\n|move|p2a: Kommo-o|Clangorous Soul|p2a: Kommo-o\n|-boost|p2a: Kommo-o|atk|1\n|-boost|p2a: Kommo-o|def|1\n|-boost|p2a: Kommo-o|spa|1\n|-boost|p2a: Kommo-o|spd|1\n|-boost|p2a: Kommo-o|spe|1\n|-damage|p2a: Kommo-o|165/245\n|-enditem|p2a: Kommo-o|Throat Spray\n|-boost|p2a: Kommo-o|spa|1|[from] item: Throat Spray\n|\n|upkeep\n|turn|11\n|\n|t:|1732982732\n|move|p2a: Kommo-o|Clangorous Soul|p2a: Kommo-o\n|-boost|p2a: Kommo-o|atk|1\n|-boost|p2a: Kommo-o|def|1\n|-boost|p2a: Kommo-o|spa|1\n|-boost|p2a: Kommo-o|spd|1\n|-boost|p2a: Kommo-o|spe|1\n|-damage|p2a: Kommo-o|85/245\n|move|p1a: Incineroar|Flare Blitz|p2a: Kommo-o\n|-resisted|p2a: Kommo-o\n|-damage|p2a: Kommo-o|58/245\n|-damage|p1a: Incineroar|281/290|[from] Recoil\n|\n|upkeep\n|turn|12\n|\n|t:|1732982736\n|move|p2a: Kommo-o|Close Combat|p1a: Incineroar\n|-supereffective|p1a: Incineroar\n|-damage|p1a: Incineroar|0 fnt\n|-unboost|p2a: Kommo-o|def|1\n|-unboost|p2a: Kommo-o|spd|1\n|faint|p1a: Incineroar\n|\n|upkeep\n|\n|t:|1732982744\n|switch|p1a: Medicham|Medicham, L86, M|243/243\n|turn|13\n|\n|t:|1732982747\n|move|p1a: Medicham|Bullet Punch|p2a: Kommo-o\n|-damage|p2a: Kommo-o|26/245\n|move|p2a: Kommo-o|Boomburst|p1a: Medicham\n|-damage|p1a: Medicham|2/243\n|\n|upkeep\n|turn|14\n|c|\u2606TroolyGhoulie|damm\n|\n|t:|1732982754\n|move|p1a: Medicham|Bullet Punch|p2a: Kommo-o\n|-damage|p2a: Kommo-o|0 fnt\n|faint|p2a: Kommo-o\n|\n|upkeep\n|\n|t:|1732982757\n|switch|p2a: Furret|Furret, L94, F|312/312\n|-item|p1a: Medicham|Choice Band|[from] ability: Frisk|[of] p2a: Furret\n|turn|15\n|\n|t:|1732982768\n|switch|p1a: Enamorus|Enamorus-Therian, L83, F|144/259\n|move|p2a: Furret|Tidy Up|p2a: Furret\n|-boost|p2a: Furret|atk|1\n|-boost|p2a: Furret|spe|1\n|\n|upkeep\n|turn|16\n|\n|t:|1732982773\n|move|p2a: Furret|Double-Edge|p1a: Enamorus\n|-damage|p1a: Enamorus|0 fnt\n|faint|p1a: Enamorus\n|-damage|p2a: Furret|264/312|[from] Recoil\n|-damage|p2a: Furret|233/312|[from] item: Life Orb\n|\n|upkeep\n|\n|t:|1732982778\n|switch|p1a: Calyrex|Calyrex-Ice, L72|263/263\n|-ability|p1a: Calyrex|As One\n|-ability|p1a: Calyrex|Unnerve\n|turn|17\n|\n|t:|1732982783\n|move|p2a: Furret|Knock Off|p1a: Calyrex\n|-supereffective|p1a: Calyrex\n|-damage|p1a: Calyrex|55/263\n|-enditem|p1a: Calyrex|Weakness Policy\n|-boost|p1a: Calyrex|atk|2|[from] item: Weakness Policy\n|-boost|p1a: Calyrex|spa|2|[from] item: Weakness Policy\n|-damage|p2a: Furret|202/312|[from] item: Life Orb\n|move|p1a: Calyrex|Close Combat|p2a: Furret\n|-supereffective|p2a: Furret\n|-damage|p2a: Furret|0 fnt\n|-unboost|p1a: Calyrex|def|1\n|-unboost|p1a: Calyrex|spd|1\n|faint|p2a: Furret\n|-ability|p1a: Calyrex|Chilling Neigh|boost\n|-boost|p1a: Calyrex|atk|1\n|\n|upkeep\n|\n|t:|1732982787\n|switch|p2a: Dialga|Dialga-Origin, L73|266/266\n|-ability|p2a: Dialga|Pressure\n|turn|18\n|\n|t:|1732982792\n|move|p2a: Dialga|Heavy Slam|p1a: Calyrex\n|-supereffective|p1a: Calyrex\n|-damage|p1a: Calyrex|0 fnt\n|faint|p1a: Calyrex\n|\n|upkeep\n|\n|t:|1732982803\n|switch|p1a: Dragalge|Dragalge, L88, F|258/258\n|turn|19\n|\n|t:|1732982805\n|-terastallize|p1a: Dragalge|Fighting\n|move|p2a: Dialga|Draco Meteor|p1a: Dragalge|[miss]\n|-miss|p2a: Dialga|p1a: Dragalge\n|move|p1a: Dragalge|Focus Blast|p2a: Dialga\n|-supereffective|p2a: Dialga\n|-damage|p2a: Dialga|0 fnt\n|faint|p2a: Dialga\n|\n|upkeep\n|\n|t:|1732982808\n|switch|p2a: Rampardos|Rampardos, L90, M|224/321\n|turn|20\n|c|\u2606TroolyGhoulie|gg\n|\n|t:|1732982813\n|move|p2a: Rampardos|Head Smash|p1a: Dragalge\n|-resisted|p1a: Dragalge\n|-damage|p1a: Dragalge|121/258\n|-damage|p2a: Rampardos|155/321|[from] Recoil\n|move|p1a: Dragalge|Focus Blast|p2a: Rampardos|[miss]\n|-miss|p1a: Dragalge|p2a: Rampardos\n|\n|-heal|p1a: Dragalge|137/258|[from] item: Leftovers\n|upkeep\n|turn|21\n|\n|t:|1732982816\n|move|p2a: Rampardos|Head Smash|p1a: Dragalge|[miss]\n|-miss|p2a: Rampardos|p1a: Dragalge\n|move|p1a: Dragalge|Focus Blast|p2a: Rampardos|[miss]\n|-miss|p1a: Dragalge|p2a: Rampardos\n|\n|-heal|p1a: Dragalge|153/258|[from] item: Leftovers\n|upkeep\n|turn|22\n|\n|t:|1732982820\n|move|p2a: Rampardos|Head Smash|p1a: Dragalge\n|-resisted|p1a: Dragalge\n|-damage|p1a: Dragalge|18/258\n|-damage|p2a: Rampardos|87/321|[from] Recoil\n|move|p1a: Dragalge|Focus Blast|p2a: Rampardos|[miss]\n|-miss|p1a: Dragalge|p2a: Rampardos\n|\n|-heal|p1a: Dragalge|34/258|[from] item: Leftovers\n|upkeep\n|turn|23\n|\n|t:|1732982826\n|move|p2a: Rampardos|Head Smash|p1a: Dragalge|[miss]\n|-miss|p2a: Rampardos|p1a: Dragalge\n|move|p1a: Dragalge|Focus Blast|p2a: Rampardos|[miss]\n|-miss|p1a: Dragalge|p2a: Rampardos\n|\n|-heal|p1a: Dragalge|50/258|[from] item: Leftovers\n|upkeep\n|turn|24\n|c|\u2606Drackano|xd\n|c|\u2606TroolyGhoulie|lmao\n|\n|t:|1732982833\n|move|p2a: Rampardos|Head Smash|p1a: Dragalge\n|-resisted|p1a: Dragalge\n|-damage|p1a: Dragalge|0 fnt\n|faint|p1a: Dragalge\n|-damage|p2a: Rampardos|62/321|[from] Recoil\n|\n|upkeep\n|\n|t:|1732982835\n|switch|p1a: Medicham|Medicham, L86, M|2/243\n|turn|25\n|c|\u2606Drackano|gg\n|c|\u2606TroolyGhoulie|evenif i didnt run out of head smashses recoil kills\n|c|\u2606TroolyGhoulie|and bullet punch lmao\n|c|\u2606TroolyGhoulie|gg boomburst not killing at +3 was brutal\n|\n|t:|1732982855\n|move|p1a: Medicham|Bullet Punch|p2a: Rampardos\n|-supereffective|p2a: Rampardos\n|-damage|p2a: Rampardos|0 fnt\n|faint|p2a: Rampardos\n|\n|win|Drackano\n|raw|Drackano's rating: 1437 &rarr; <strong>1455</strong><br />(+18 for winning)\n|raw|TroolyGhoulie's rating: 1401 &rarr; <strong>1383</strong><br />(-18 for losing)\n", "inputlog": ">version b107d77f5c90bd6555267ae244a6264823309ead\n>start {\"formatid\":\"gen9randombattle\",\"seed\":[29321,40637,10769,41170],\"rated\":\"Rated battle\"}\n>player p1 {\"name\":\"Drackano\",\"avatar\":\"169\",\"rating\":1437,\"seed\":[4692,25197,58976,37503]}\n>player p2 {\"name\":\"TroolyGhoulie\",\"avatar\":\"mina\",\"rating\":1401,\"seed\":[29278,34922,21852,30433]}\n>p1 switch 4\n>p2 move headsmash\n>p1 move knockoff\n>p2 switch 6\n>p1 switch 6\n>p2 move quiverdance\n>p1 move toxic\n>p2 move quiverdance terastallize\n>p1 switch 4\n>p2 move terablast\n>p1 move moonblast\n>p2 move fierydance\n>p2 switch 6\n>p1 switch 6\n>p2 move headsmash\n>p1 move closecombat\n>p2 move headsmash\n>p1 switch 5\n>p1 move closecombat\n>p2 switch 2\n>p2 switch 3\n>p1 switch 2\n>p2 move clangoroussoul\n>p1 move flareblitz\n>p2 move clangoroussoul\n>p1 move flareblitz\n>p2 move closecombat\n>p1 switch 2\n>p1 move bulletpunch\n>p2 move boomburst\n>chat \u2606TroolyGhoulie|damm\n>p1 move bulletpunch\n>p2 move boomburst\n>p2 switch 5\n>p1 switch 6\n>p2 move tidyup\n>p1 move superpower\n>p2 move doubleedge\n>p1 switch 3\n>p1 move closecombat\n>p2 move knockoff\n>p2 switch 4\n>p1 move highhorsepower\n>p2 move heavyslam\n>p1 switch 4\n>p1 move focusblast terastallize\n>p2 move dracometeor\n>p2 switch 2\n>chat \u2606TroolyGhoulie|gg\n>p1 move focusblast\n>p2 move headsmash\n>p1 move focusblast\n>p2 move headsmash\n>p1 move focusblast\n>p2 move headsmash\n>p1 move focusblast\n>p2 move headsmash\n>chat \u2606Drackano|xd\n>chat \u2606TroolyGhoulie|lmao\n>p1 move focusblast\n>p2 move headsmash\n>p1 switch 6\n>chat \u2606Drackano|gg\n>chat \u2606TroolyGhoulie|evenif i didnt run out of head smashses recoil kills\n>chat \u2606TroolyGhoulie|and bullet punch lmao\n>chat \u2606TroolyGhoulie|gg boomburst not killing at +3 was brutal\n>p1 move bulletpunch\n>p2 move struggle", "uploadtime": 1732982857, "views": 14, "formatid": "gen9randombattle", "rating": 1383, "private": 0, "password": null}