{"id": "gen9randombattle-2253944177", "format": "[Gen 9] Random Battle", "players": ["Oopeli", "Honest Opp"], "log": "|j|\u2606Oopeli\n|j|\u2606Honest Opp\n|t:|1732968838\n|gametype|singles\n|player|p1|Oopeli|drayden|1786\n|player|p2|Honest Opp|giovanni|1823\n|teamsize|p1|6\n|teamsize|p2|6\n|gen|9\n|tier|[Gen 9] Random Battle\n|rated|\n|rule|Species Clause: Limit one of each Pok\u00e9mon\n|rule|HP Percentage Mod: HP is shown in percentages\n|rule|Sleep Clause Mod: Limit one foe put to sleep\n|rule|Illusion Level Mod: Illusion disguises the Pok\u00e9mon's true level\n|\n|t:|1732968838\n|start\n|switch|p1a: Chandelure|Chandelure, L83, F|235/235\n|switch|p2a: Zarude|Zarude-Dada, L78|292/292\n|turn|1\n|inactive|Battle timer is ON: inactive players will automatically lose when time's up. (requested by Oopeli)\n|inactive|Oopeli has 120 seconds left.\n|inactive|Oopeli has 90 seconds left.\n|\n|t:|1732968914\n|switch|p1a: Qwilfish|Qwilfish, L86, M|252/252\n|-ability|p1a: Qwilfish|Intimidate|boost\n|-unboost|p2a: Zarude|atk|1\n|move|p2a: Zarude|Knock Off|p1a: Qwilfish\n|-damage|p1a: Qwilfish|186/252\n|-enditem|p1a: Qwilfish|Heavy-Duty Boots|[from] move: Knock Off|[of] p2a: Zarude\n|\n|upkeep\n|turn|2\n|inactive|Honest Opp has 120 seconds left.\n|\n|t:|1732968951\n|switch|p2a: Toedscruel|Toedscruel, L87, M|281/281\n|move|p1a: Qwilfish|Gunk Shot|p2a: Toedscruel\n|-damage|p2a: Toedscruel|131/281\n|\n|-heal|p2a: Toedscruel|148/281|[from] item: Leftovers\n|upkeep\n|turn|3\n|inactive|Honest Opp has 120 seconds left.\n|inactive|Oopeli has 120 seconds left.\n|\n|t:|1732968988\n|move|p2a: Toedscruel|Earth Power|p1a: Qwilfish\n|-supereffective|p1a: Qwilfish\n|-damage|p1a: Qwilfish|0 fnt\n|faint|p1a: Qwilfish\n|\n|-heal|p2a: Toedscruel|165/281|[from] item: Leftovers\n|upkeep\n|\n|t:|1732969008\n|switch|p1a: Krookodile|Krookodile, L80, F|283/283\n|-ability|p1a: Krookodile|Intimidate|boost\n|-unboost|p2a: Toedscruel|atk|1\n|turn|4\n|\n|t:|1732969020\n|-terastallize|p1a: Krookodile|Poison\n|move|p2a: Toedscruel|Leaf Storm|p1a: Krookodile\n|-resisted|p1a: Krookodile\n|-damage|p1a: Krookodile|199/283\n|-unboost|p2a: Toedscruel|spa|2\n|move|p1a: Krookodile|Gunk Shot|p2a: Toedscruel\n|-damage|p2a: Toedscruel|0 fnt\n|faint|p2a: Toedscruel\n|-damage|p1a: Krookodile|171/283|[from] item: Life Orb\n|\n|upkeep\n|inactive|Honest Opp has 120 seconds left.\n|\n|t:|1732969045\n|switch|p2a: Falinks|Falinks, L84|246/246\n|turn|5\n|\n|t:|1732969062\n|move|p1a: Krookodile|Stealth Rock|p2a: Falinks\n|-sidestart|p2: Honest Opp|move: Stealth Rock\n|move|p2a: Falinks|No Retreat|p2a: Falinks\n|-boost|p2a: Falinks|atk|1\n|-boost|p2a: Falinks|def|1\n|-boost|p2a: Falinks|spa|1\n|-boost|p2a: Falinks|spd|1\n|-boost|p2a: Falinks|spe|1\n|-start|p2a: Falinks|move: No Retreat\n|\n|upkeep\n|turn|6\n|\n|t:|1732969074\n|-terastallize|p2a: Falinks|Dark\n|move|p2a: Falinks|Knock Off|p1a: Krookodile\n|-damage|p1a: Krookodile|0 fnt\n|-enditem|p1a: Krookodile|Life Orb|[from] move: Knock Off|[of] p2a: Falinks\n|faint|p1a: Krookodile\n|-damage|p2a: Falinks|222/246|[from] item: Life Orb\n|\n|upkeep\n|\n|t:|1732969080\n|switch|p1a: Eiscue|Eiscue, L88, F|274/274\n|turn|7\n|\n|t:|1732969091\n|move|p2a: Falinks|Knock Off|p1a: Eiscue\n|-activate|p1a: Eiscue|ability: Ice Face\n|-damage|p1a: Eiscue|274/274\n|-enditem|p1a: Eiscue|Sitrus Berry|[from] move: Knock Off|[of] p2a: Falinks\n|detailschange|p1a: Eiscue|Eiscue-Noice, L88, F\n|-damage|p2a: Falinks|198/246|[from] item: Life Orb\n|move|p1a: Eiscue|Belly Drum|p1a: Eiscue\n|-damage|p1a: Eiscue|137/274\n|-setboost|p1a: Eiscue|atk|6|[from] move: Belly Drum\n|\n|upkeep\n|turn|8\n|inactive|Oopeli has 120 seconds left.\n|\n|t:|1732969103\n|move|p1a: Eiscue|Ice Spinner|p2a: Falinks\n|-damage|p2a: Falinks|12/246\n|move|p2a: Falinks|Close Combat|p1a: Eiscue\n|-supereffective|p1a: Eiscue\n|-damage|p1a: Eiscue|0 fnt\n|-unboost|p2a: Falinks|def|1\n|-unboost|p2a: Falinks|spd|1\n|faint|p1a: Eiscue\n|-damage|p2a: Falinks|0 fnt|[from] item: Life Orb\n|faint|p2a: Falinks\n|\n|upkeep\n|inactive|Oopeli has 120 seconds left.\n|inactive|Oopeli has 90 seconds left.\n|\n|t:|1732969144\n|switch|p1a: Seviper|Seviper, L93, F|287/287\n|switch|p2a: Rhyperior|Rhyperior, L82, F|323/323\n|-damage|p2a: Rhyperior|303/323|[from] Stealth Rock\n|turn|9\n|inactive|Oopeli has 90 seconds left.\n|\n|t:|1732969174\n|move|p1a: Seviper|Swords Dance|p1a: Seviper\n|-boost|p1a: Seviper|atk|2\n|move|p2a: Rhyperior|Earthquake|p1a: Seviper\n|-supereffective|p1a: Seviper\n|-damage|p1a: Seviper|0 fnt\n|faint|p1a: Seviper\n|\n|upkeep\n|\n|t:|1732969177\n|switch|p1a: Sableye|Sableye, L90, F|236/236\n|turn|10\n|\n|t:|1732969205\n|switch|p2a: Probopass|Probopass, L92, F|260/260\n|-damage|p2a: Probopass|244/260|[from] Stealth Rock\n|move|p1a: Sableye|Will-O-Wisp|p2a: Probopass\n|-status|p2a: Probopass|brn\n|\n|-heal|p2a: Probopass|260/260 brn|[from] item: Leftovers\n|-damage|p2a: Probopass|244/260 brn|[from] brn\n|upkeep\n|turn|11\n|\n|t:|1732969212\n|switch|p1a: Chandelure|Chandelure, L83, F|235/235\n|move|p2a: Probopass|Thunder Wave|p1a: Chandelure\n|-status|p1a: Chandelure|par\n|\n|-heal|p2a: Probopass|260/260 brn|[from] item: Leftovers\n|-damage|p2a: Probopass|244/260 brn|[from] brn\n|upkeep\n|turn|12\n|-message|Oopeli forfeited.\n|\n|win|Honest Opp\n|raw|Oopeli's rating: 1786 &rarr; <strong>1768</strong><br />(-18 for losing)\n|raw|Honest Opp's rating: 1823 &rarr; <strong>1841</strong><br />(+18 for winning)\n|l|\u2606Oopeli\n|player|p1|\n", "inputlog": ">version b107d77f5c90bd6555267ae244a6264823309ead\n>start {\"formatid\":\"gen9randombattle\",\"seed\":[26358,55985,35294,15120],\"rated\":\"Rated battle\"}\n>player p1 {\"name\":\"Oopeli\",\"avatar\":\"drayden\",\"rating\":1786,\"seed\":[60411,14817,65505,38202]}\n>player p2 {\"name\":\"Honest Opp\",\"avatar\":\"giovanni\",\"rating\":1823,\"seed\":[51892,55217,5397,13239]}\n>p1 switch 4\n>p2 move knockoff\n>p1 move gunkshot\n>p2 switch 6\n>p1 move gunkshot\n>p2 move earthpower\n>p1 switch 6\n>p1 move gunkshot terastallize\n>p2 move leafstorm\n>p2 switch 4\n>p1 move stealthrock\n>p2 move noretreat\n>p1 move gunkshot\n>p2 move knockoff terastallize\n>p1 switch 2\n>p1 move bellydrum\n>p2 move knockoff\n>p1 move icespinner\n>p2 move closecombat\n>p1 switch 5\n>p2 switch 2\n>p1 move swordsdance\n>p2 move earthquake\n>p1 switch 3\n>p1 move willowisp\n>p2 switch 3\n>p1 switch 4\n>p2 move thunderwave\n>forcelose p1", "uploadtime": 1732969217, "views": 1, "formatid": "gen9randombattle", "rating": 1768, "private": 0, "password": null}