{"id": "gen9randombattle-2254119263", "format": "[Gen 9] Random Battle", "players": ["abbijai", "ISMAILF7"], "log": "|j|\u2606abbijai\n|j|\u2606ISMAILF7\n|t:|1732993566\n|gametype|singles\n|player|p1|abbijai|265|1266\n|player|p2|ISMAILF7|cynthia-gen4|1235\n|teamsize|p1|6\n|teamsize|p2|6\n|gen|9\n|tier|[Gen 9] Random Battle\n|rated|\n|rule|Species Clause: Limit one of each Pok\u00e9mon\n|rule|HP Percentage Mod: HP is shown in percentages\n|rule|Sleep Clause Mod: Limit one foe put to sleep\n|rule|Illusion Level Mod: Illusion disguises the Pok\u00e9mon's true level\n|\n|t:|1732993566\n|start\n|switch|p1a: Slither Wing|Slither Wing, L81|270/270\n|switch|p2a: Typhlosion|Typhlosion-Hisui, L83, F|257/257\n|turn|1\n|\n|t:|1732993599\n|-end|p1a: Slither Wing|Protosynthesis|[silent]\n|switch|p1a: Donphan|Donphan, L84, F|288/288\n|move|p2a: Typhlosion|Eruption|p1a: Donphan\n|-ability|p1a: Donphan|Sturdy\n|-damage|p1a: Donphan|1/288\n|\n|-heal|p1a: Donphan|19/288|[from] item: Leftovers\n|upkeep\n|turn|2\n|\n|t:|1732993618\n|move|p2a: Typhlosion|Eruption|p1a: Donphan\n|-damage|p1a: Donphan|0 fnt\n|faint|p1a: Donphan\n|\n|upkeep\n|\n|t:|1732993642\n|switch|p1a: Raikou|Raikou, L81|278/278\n|-ability|p1a: Raikou|Pressure\n|turn|3\n|\n|t:|1732993653\n|switch|p2a: Latias|Latias, L79, F|256/256\n|-terastallize|p1a: Raikou|Water\n|move|p1a: Raikou|Calm Mind|p1a: Raikou\n|-boost|p1a: Raikou|spa|1\n|-boost|p1a: Raikou|spd|1\n|\n|upkeep\n|turn|4\n|inactive|Battle timer is ON: inactive players will automatically lose when time's up. (requested by abbijai)\n|\n|t:|1732993673\n|move|p1a: Raikou|Shadow Ball|p2a: Latias\n|-supereffective|p2a: Latias\n|-damage|p2a: Latias|110/256\n|move|p2a: Latias|Psyshock|p1a: Raikou\n|-damage|p1a: Raikou|164/278\n|\n|-heal|p1a: Raikou|181/278|[from] item: Leftovers\n|upkeep\n|turn|5\n|\n|t:|1732993688\n|-terastallize|p2a: Latias|Steel\n|move|p1a: Raikou|Shadow Ball|p2a: Latias\n|-damage|p2a: Latias|40/256\n|move|p2a: Latias|Draco Meteor|p1a: Raikou\n|-damage|p1a: Raikou|72/278\n|-unboost|p2a: Latias|spa|2\n|\n|-heal|p1a: Raikou|89/278|[from] item: Leftovers\n|upkeep\n|turn|6\n|\n|t:|1732993712\n|switch|p2a: Wugtrio|Wugtrio, L91, M|212/212\n|move|p1a: Raikou|Shadow Ball|p2a: Wugtrio\n|-damage|p2a: Wugtrio|108/212\n|\n|-heal|p1a: Raikou|106/278|[from] item: Leftovers\n|upkeep\n|turn|7\n|\n|t:|1732993722\n|move|p2a: Wugtrio|Stomping Tantrum|p1a: Raikou\n|-damage|p1a: Raikou|0 fnt\n|faint|p1a: Raikou\n|\n|upkeep\n|inactive|abbijai has 120 seconds left.\n|\n|t:|1732993757\n|switch|p1a: Noctowl|Noctowl, L95, M|344/344\n|turn|8\n|\n|t:|1732993772\n|switch|p2a: Latias|Latias, L79, F, tera:Steel|40/256\n|move|p1a: Noctowl|Hurricane|p2a: Latias\n|-resisted|p2a: Latias\n|-damage|p2a: Latias|0 fnt\n|faint|p2a: Latias\n|\n|upkeep\n|\n|t:|1732993790\n|switch|p2a: Cryogonal|Cryogonal, L89|287/287\n|turn|9\n|inactive|abbijai has 120 seconds left.\n|\n|t:|1732993805\n|switch|p1a: Cinderace|Cinderace, L77, M|249/249\n|move|p2a: Cryogonal|Ice Beam|p1a: Cinderace\n|-resisted|p1a: Cinderace\n|-damage|p1a: Cinderace|189/249\n|-status|p1a: Cinderace|frz\n|\n|upkeep\n|turn|10\n|\n|t:|1732993819\n|switch|p2a: Wugtrio|Wugtrio, L91, M|108/212\n|-curestatus|p1a: Cinderace|frz|[from] move: Pyro Ball\n|move|p1a: Cinderace|Pyro Ball|p2a: Wugtrio\n|-resisted|p2a: Wugtrio\n|-damage|p2a: Wugtrio|0 fnt\n|faint|p2a: Wugtrio\n|\n|upkeep\n|\n|t:|1732993829\n|switch|p2a: Basculegion|Basculegion, L81, M|327/327\n|turn|11\n|inactive|abbijai has 120 seconds left.\n|inactive|abbijai has 90 seconds left.\n|\n|t:|1732993871\n|switch|p1a: Noctowl|Noctowl, L95, M|344/344\n|move|p2a: Basculegion|Wave Crash|p1a: Noctowl\n|-damage|p1a: Noctowl|106/344\n|-damage|p2a: Basculegion|248/327|[from] Recoil\n|\n|upkeep\n|turn|12\n|inactive|abbijai has 90 seconds left.\n|\n|t:|1732993897\n|switch|p2a: Cryogonal|Cryogonal, L89|287/287\n|move|p1a: Noctowl|Hurricane|p2a: Cryogonal\n|-damage|p2a: Cryogonal|194/287\n|\n|upkeep\n|turn|13\n|inactive|abbijai has 90 seconds left.\n|\n|t:|1732993916\n|switch|p1a: Cinderace|Cinderace, L77, M|189/249\n|move|p2a: Cryogonal|Tera Blast|p1a: Cinderace\n|-damage|p1a: Cinderace|114/249\n|\n|upkeep\n|turn|14\n|inactive|ISMAILF7 has 120 seconds left.\n|\n|t:|1732993946\n|move|p2a: Cryogonal|Tera Blast|p1a: Cinderace\n|-damage|p1a: Cinderace|32/249\n|move|p1a: Cinderace|Pyro Ball|p2a: Cryogonal\n|-supereffective|p2a: Cryogonal\n|-damage|p2a: Cryogonal|0 fnt\n|faint|p2a: Cryogonal\n|\n|upkeep\n|\n|t:|1732993955\n|switch|p2a: Tornadus|Tornadus, L82, M|263/263\n|turn|15\n|inactive|ISMAILF7 has 120 seconds left.\n|\n|t:|1732993975\n|switch|p1a: Noctowl|Noctowl, L95, M|106/344\n|move|p2a: Tornadus|Bleakwind Storm|p1a: Noctowl\n|-damage|p1a: Noctowl|0 fnt\n|faint|p1a: Noctowl\n|\n|upkeep\n|\n|t:|1732993985\n|switch|p1a: Pachirisu|Pachirisu, L96, M|271/271\n|turn|16\n|inactive|ISMAILF7 has 120 seconds left.\n|inactive|abbijai has 60 seconds left.\n|\n|t:|1732994010\n|move|p1a: Pachirisu|Nuzzle|p2a: Tornadus\n|-supereffective|p2a: Tornadus\n|-damage|p2a: Tornadus|225/263\n|-status|p2a: Tornadus|par\n|move|p2a: Tornadus|Bleakwind Storm|p1a: Pachirisu\n|-resisted|p1a: Pachirisu\n|-damage|p1a: Pachirisu|217/271\n|\n|upkeep\n|turn|17\n|inactive|ISMAILF7 has 120 seconds left.\n|\n|t:|1732994022\n|move|p1a: Pachirisu|Thunderbolt|p2a: Tornadus\n|-supereffective|p2a: Tornadus\n|-damage|p2a: Tornadus|73/263 par\n|cant|p2a: Tornadus|par\n|\n|upkeep\n|turn|18\n|inactive|abbijai has 60 seconds left.\n|inactive|ISMAILF7 has 120 seconds left.\n|\n|t:|1732994028\n|move|p1a: Pachirisu|Thunderbolt|p2a: Tornadus\n|-supereffective|p2a: Tornadus\n|-damage|p2a: Tornadus|0 fnt\n|faint|p2a: Tornadus\n|\n|upkeep\n|inactive|ISMAILF7 has 120 seconds left.\n|\n|t:|1732994036\n|switch|p2a: Typhlosion|Typhlosion-Hisui, L83, F|257/257\n|turn|19\n|inactive|ISMAILF7 has 120 seconds left.\n|\n|t:|1732994050\n|move|p1a: Pachirisu|Nuzzle|p2a: Typhlosion\n|-damage|p2a: Typhlosion|239/257\n|-status|p2a: Typhlosion|par\n|move|p2a: Typhlosion|Eruption|p1a: Pachirisu\n|-damage|p1a: Pachirisu|73/271\n|\n|upkeep\n|turn|20\n|inactive|ISMAILF7 has 120 seconds left.\n|inactive|abbijai has 60 seconds left.\n|\n|t:|1732994070\n|move|p1a: Pachirisu|U-turn|p2a: Typhlosion\n|-resisted|p2a: Typhlosion\n|-damage|p2a: Typhlosion|229/257 par\n|\n|t:|1732994074\n|switch|p1a: Cinderace|Cinderace, L77, M|32/249|[from] U-turn\n|cant|p2a: Typhlosion|par\n|\n|upkeep\n|turn|21\n|\n|t:|1732994086\n|move|p1a: Cinderace|Gunk Shot|p2a: Typhlosion|[miss]\n|-start|p1a: Cinderace|typechange|Poison|[from] ability: Libero\n|-miss|p1a: Cinderace|p2a: Typhlosion\n|move|p2a: Typhlosion|Eruption|p1a: Cinderace\n|-damage|p1a: Cinderace|0 fnt\n|faint|p1a: Cinderace\n|\n|upkeep\n|inactive|abbijai has 60 seconds left.\n|\n|t:|1732994098\n|switch|p1a: Slither Wing|Slither Wing, L81|270/270\n|turn|22\n|inactive|abbijai has 60 seconds left.\n|\n|t:|1732994113\n|move|p1a: Slither Wing|Earthquake|p2a: Typhlosion\n|-supereffective|p2a: Typhlosion\n|-damage|p2a: Typhlosion|0 fnt\n|faint|p2a: Typhlosion\n|-damage|p1a: Slither Wing|243/270|[from] item: Life Orb\n|\n|upkeep\n|\n|t:|1732994119\n|switch|p2a: Basculegion|Basculegion, L81, M|248/327\n|turn|23\n|inactive|abbijai has 60 seconds left.\n|\n|t:|1732994141\n|move|p1a: Slither Wing|Earthquake|p2a: Basculegion\n|-damage|p2a: Basculegion|102/327\n|-damage|p1a: Slither Wing|216/270|[from] item: Life Orb\n|move|p2a: Basculegion|Wave Crash|p1a: Slither Wing\n|-damage|p1a: Slither Wing|26/270\n|-damage|p2a: Basculegion|39/327|[from] Recoil\n|\n|upkeep\n|turn|24\n|inactive|abbijai has 60 seconds left.\n|\n|t:|1732994150\n|move|p2a: Basculegion|Aqua Jet|p1a: Slither Wing\n|-damage|p1a: Slither Wing|0 fnt\n|faint|p1a: Slither Wing\n|-end|p1a: Slither Wing|Protosynthesis|[silent]\n|\n|upkeep\n|inactive|abbijai has 60 seconds left.\n|\n|t:|1732994158\n|switch|p1a: Pachirisu|Pachirisu, L96, M|73/271\n|turn|25\n|\n|t:|1732994167\n|move|p2a: Basculegion|Aqua Jet|p1a: Pachirisu\n|-damage|p1a: Pachirisu|7/271\n|move|p1a: Pachirisu|Thunderbolt|p2a: Basculegion\n|-supereffective|p2a: Basculegion\n|-damage|p2a: Basculegion|0 fnt\n|faint|p2a: Basculegion\n|\n|win|abbijai\n|raw|abbijai's rating: 1266 &rarr; <strong>1289</strong><br />(+23 for winning)\n|raw|ISMAILF7's rating: 1235 &rarr; <strong>1212</strong><br />(-23 for losing)\n|l|\u2606ISMAILF7\n|player|p2|\n", "inputlog": ">version b107d77f5c90bd6555267ae244a6264823309ead\n>start {\"formatid\":\"gen9randombattle\",\"seed\":[55389,49569,51780,14961],\"rated\":\"Rated battle\"}\n>player p1 {\"name\":\"abbijai\",\"avatar\":\"265\",\"rating\":1266,\"seed\":[4779,13570,58072,59021]}\n>player p2 {\"name\":\"ISMAILF7\",\"avatar\":\"cynthia-gen4\",\"rating\":1235,\"seed\":[44207,58303,13269,54317]}\n>p1 switch 6\n>p2 move eruption\n>p1 move stealthrock\n>p2 move eruption\n>p1 switch 5\n>p1 move calmmind terastallize\n>p2 switch 6\n>p1 move shadowball\n>p2 move psyshock\n>p1 move shadowball\n>p2 move dracometeor terastallize\n>p1 move shadowball\n>p2 switch 4\n>p1 move thunderbolt\n>p2 move stompingtantrum\n>p1 switch 3\n>p1 move hurricane\n>p2 switch 4\n>p2 switch 5\n>p1 switch 4\n>p2 move icebeam\n>p1 move pyroball\n>p2 switch 4\n>p2 switch 3\n>p1 switch 4\n>p2 move wavecrash\n>p1 move hurricane\n>p2 switch 4\n>p1 switch 4\n>p2 move terablast\n>p1 move pyroball\n>p2 move terablast\n>p2 switch 2\n>p1 switch 4\n>p2 move bleakwindstorm\n>p1 switch 2\n>p1 move nuzzle\n>p2 move bleakwindstorm\n>p1 move thunderbolt\n>p2 move bleakwindstorm\n>p1 move thunderbolt\n>p2 move bleakwindstorm\n>p2 switch 6\n>p1 move nuzzle\n>p2 move eruption\n>p1 move uturn\n>p2 move eruption\n>p1 switch 4\n>p1 move gunkshot\n>p2 move eruption\n>p1 switch 6\n>p1 move earthquake\n>p2 move eruption\n>p2 switch 4\n>p1 move earthquake\n>p2 move wavecrash\n>p1 move earthquake\n>p2 move aquajet\n>p1 switch 4\n>p1 move thunderbolt\n>p2 move aquajet", "uploadtime": 1732994176, "views": 11, "formatid": "gen9randombattle", "rating": 1212, "private": 0, "password": null}