{"id": "gen9randombattle-2253792956", "format": "[Gen 9] Random Battle", "players": ["Puremeta", "Vitoran"], "log": "|j|\u2606Puremeta\n|j|\u2606Vitoran\n|t:|1732939074\n|gametype|singles\n|player|p1|Puremeta|cyrus|2125\n|player|p2|Vitoran|nemona-v|2278\n|teamsize|p1|6\n|teamsize|p2|6\n|gen|9\n|tier|[Gen 9] Random Battle\n|rated|\n|rule|Species Clause: Limit one of each Pok\u00e9mon\n|rule|HP Percentage Mod: HP is shown in percentages\n|rule|Sleep Clause Mod: Limit one foe put to sleep\n|rule|Illusion Level Mod: Illusion disguises the Pok\u00e9mon's true level\n|\n|t:|1732939074\n|start\n|switch|p1a: Arcanine|Arcanine-Hisui, L81, M|287/287\n|switch|p2a: Raichu|Raichu-Alola, L87, F|246/246\n|turn|1\n|inactive|Battle timer is ON: inactive players will automatically lose when time's up. (requested by Vitoran)\n|c|\u2606Vitoran|glhf\n|inactive|Vitoran has 120 seconds left.\n|inactive|Vitoran has 90 seconds left.\n|\n|t:|1732939137\n|move|p2a: Raichu|Surf|p1a: Arcanine\n|-supereffective|p1a: Arcanine\n|-damage|p1a: Arcanine|0 fnt\n|faint|p1a: Arcanine\n|-damage|p2a: Raichu|222/246|[from] item: Life Orb\n|\n|upkeep\n|\n|t:|1732939159\n|switch|p1a: Serperior|Serperior, L79, F|248/248\n|turn|2\n|inactive|Vitoran has 120 seconds left.\n|\n|t:|1732939214\n|switch|p2a: Forretress|Forretress, L84, F|263/263\n|move|p1a: Serperior|Leaf Storm|p2a: Forretress\n|-resisted|p2a: Forretress\n|-damage|p2a: Forretress|233/263\n|-boost|p1a: Serperior|spa|2\n|\n|-heal|p2a: Forretress|249/263|[from] item: Leftovers\n|upkeep\n|turn|3\n|inactive|Puremeta has 120 seconds left.\n|\n|t:|1732939252\n|move|p1a: Serperior|Leech Seed|p2a: Forretress\n|-start|p2a: Forretress|move: Leech Seed\n|move|p2a: Forretress|Stealth Rock|p1a: Serperior\n|-sidestart|p1: Puremeta|move: Stealth Rock\n|\n|-heal|p2a: Forretress|263/263|[from] item: Leftovers\n|-damage|p2a: Forretress|231/263|[from] Leech Seed|[of] p1a: Serperior\n|upkeep\n|turn|4\n|\n|t:|1732939264\n|move|p1a: Serperior|Leaf Storm|p2a: Forretress\n|-resisted|p2a: Forretress\n|-damage|p2a: Forretress|161/263\n|-boost|p1a: Serperior|spa|2\n|move|p2a: Forretress|Rapid Spin|p1a: Serperior\n|-damage|p1a: Serperior|214/248\n|-boost|p2a: Forretress|spe|1\n|-end|p2a: Forretress|Leech Seed|[from] move: Rapid Spin|[of] p2a: Forretress\n|\n|-heal|p1a: Serperior|229/248|[from] item: Leftovers\n|-heal|p2a: Forretress|177/263|[from] item: Leftovers\n|upkeep\n|turn|5\n|\n|t:|1732939274\n|move|p1a: Serperior|Leaf Storm|p2a: Forretress\n|-resisted|p2a: Forretress\n|-damage|p2a: Forretress|74/263\n|-boost|p1a: Serperior|spa|2\n|move|p2a: Forretress|Rapid Spin|p1a: Serperior\n|-damage|p1a: Serperior|198/248\n|-boost|p2a: Forretress|spe|1\n|\n|-heal|p2a: Forretress|90/263|[from] item: Leftovers\n|-heal|p1a: Serperior|213/248|[from] item: Leftovers\n|upkeep\n|turn|6\n|inactive|Puremeta has 120 seconds left.\n|\n|t:|1732939287\n|move|p2a: Forretress|Iron Head|p1a: Serperior\n|-damage|p1a: Serperior|135/248\n|move|p1a: Serperior|Leaf Storm|p2a: Forretress\n|-resisted|p2a: Forretress\n|-damage|p2a: Forretress|0 fnt\n|faint|p2a: Forretress\n|\n|-heal|p1a: Serperior|150/248|[from] item: Leftovers\n|upkeep\n|inactive|Vitoran has 120 seconds left.\n|\n|t:|1732939310\n|switch|p2a: Magearna|Magearna, L77|250/250\n|turn|7\n|inactive|Puremeta has 120 seconds left.\n|\n|t:|1732939326\n|move|p1a: Serperior|Leaf Storm|p2a: Magearna|[miss]\n|-miss|p1a: Serperior|p2a: Magearna\n|move|p2a: Magearna|Shift Gear|p2a: Magearna\n|-boost|p2a: Magearna|spe|2\n|-boost|p2a: Magearna|atk|1\n|\n|-heal|p1a: Serperior|165/248|[from] item: Leftovers\n|upkeep\n|turn|8\n|inactive|Puremeta has 120 seconds left.\n|\n|t:|1732939333\n|move|p2a: Magearna|Iron Head|p1a: Serperior\n|-damage|p1a: Serperior|51/248\n|move|p1a: Serperior|Leaf Storm|p2a: Magearna\n|-resisted|p2a: Magearna\n|-damage|p2a: Magearna|71/250\n|\n|-heal|p1a: Serperior|66/248|[from] item: Leftovers\n|upkeep\n|turn|9\n|inactive|Puremeta has 120 seconds left.\n|inactive|Puremeta has 90 seconds left.\n|\n|t:|1732939377\n|move|p2a: Magearna|Iron Head|p1a: Serperior\n|-damage|p1a: Serperior|0 fnt\n|faint|p1a: Serperior\n|-ability|p2a: Magearna|Soul-Heart|boost\n|-boost|p2a: Magearna|spa|1\n|\n|upkeep\n|inactive|Puremeta has 90 seconds left.\n|\n|t:|1732939410\n|switch|p1a: Hariyama|Hariyama, L87, M|392/392\n|-damage|p1a: Hariyama|368/392|[from] Stealth Rock\n|turn|10\n|\n|t:|1732939422\n|move|p2a: Magearna|Fleur Cannon|p1a: Hariyama\n|-supereffective|p1a: Hariyama\n|-damage|p1a: Hariyama|0 fnt\n|-unboost|p2a: Magearna|spa|2\n|faint|p1a: Hariyama\n|-ability|p2a: Magearna|Soul-Heart|boost\n|-boost|p2a: Magearna|spa|1\n|\n|upkeep\n|inactive|Puremeta has 60 seconds left.\n|\n|t:|1732939453\n|switch|p1a: Dedenne|Dedenne, L88, F|261/261\n|-damage|p1a: Dedenne|229/261|[from] Stealth Rock\n|turn|11\n|\n|t:|1732939469\n|-terastallize|p2a: Magearna|Ground\n|move|p2a: Magearna|Tera Blast|p1a: Dedenne|[anim] Tera Blast Ground\n|-supereffective|p1a: Dedenne\n|-damage|p1a: Dedenne|0 fnt\n|faint|p1a: Dedenne\n|-ability|p2a: Magearna|Soul-Heart|boost\n|-boost|p2a: Magearna|spa|1\n|\n|upkeep\n|\n|t:|1732939478\n|switch|p1a: Regigigas|Regigigas, L84|322/322\n|-damage|p1a: Regigigas|282/322|[from] Stealth Rock\n|-start|p1a: Regigigas|ability: Slow Start\n|turn|12\n|\n|t:|1732939498\n|move|p2a: Magearna|Fleur Cannon|p1a: Regigigas\n|-damage|p1a: Regigigas|98/322\n|-unboost|p2a: Magearna|spa|2\n|move|p1a: Regigigas|Body Slam|p2a: Magearna\n|-damage|p2a: Magearna|8/250\n|-status|p2a: Magearna|par\n|\n|-heal|p1a: Regigigas|118/322|[from] item: Leftovers\n|upkeep\n|turn|13\n|\n|t:|1732939515\n|move|p2a: Magearna|Iron Head|p1a: Regigigas\n|-damage|p1a: Regigigas|36/322\n|cant|p1a: Regigigas|flinch\n|\n|-heal|p1a: Regigigas|56/322|[from] item: Leftovers\n|upkeep\n|turn|14\n|\n|t:|1732939522\n|move|p2a: Magearna|Iron Head|p1a: Regigigas\n|-damage|p1a: Regigigas|0 fnt\n|faint|p1a: Regigigas\n|-ability|p2a: Magearna|Soul-Heart|boost\n|-boost|p2a: Magearna|spa|1\n|-end|p1a: Regigigas|Slow Start|[silent]\n|\n|upkeep\n|\n|t:|1732939525\n|switch|p1a: Blaziken|Blaziken, L76, M|247/247\n|-damage|p1a: Blaziken|217/247|[from] Stealth Rock\n|turn|15\n|inactive|Puremeta has 60 seconds left.\n|\n|t:|1732939531\n|move|p1a: Blaziken|Swords Dance|p1a: Blaziken\n|-boost|p1a: Blaziken|atk|2\n|cant|p2a: Magearna|par\n|\n|-ability|p1a: Blaziken|Speed Boost|boost\n|-boost|p1a: Blaziken|spe|1\n|upkeep\n|turn|16\n|\n|t:|1732939539\n|move|p1a: Blaziken|Flare Blitz|p2a: Magearna\n|-damage|p2a: Magearna|0 fnt\n|faint|p2a: Magearna\n|-damage|p1a: Blaziken|214/247|[from] Recoil\n|-damage|p1a: Blaziken|190/247|[from] item: Life Orb\n|\n|-ability|p1a: Blaziken|Speed Boost|boost\n|-boost|p1a: Blaziken|spe|1\n|upkeep\n|\n|t:|1732939545\n|switch|p2a: Ting-Lu|Ting-Lu, L78|370/370\n|-ability|p2a: Ting-Lu|Vessel of Ruin\n|turn|17\n|\n|t:|1732939556\n|switch|p2a: Raichu|Raichu-Alola, L87, F|222/246\n|move|p1a: Blaziken|Close Combat|p2a: Raichu\n|-resisted|p2a: Raichu\n|-damage|p2a: Raichu|0 fnt\n|-unboost|p1a: Blaziken|def|1\n|-unboost|p1a: Blaziken|spd|1\n|faint|p2a: Raichu\n|-damage|p1a: Blaziken|166/247|[from] item: Life Orb\n|\n|-ability|p1a: Blaziken|Speed Boost|boost\n|-boost|p1a: Blaziken|spe|1\n|upkeep\n|\n|t:|1732939565\n|switch|p2a: Breloom|Breloom, L82, M|233/233\n|turn|18\n|c|\u2606Vitoran|gg\n|c|\u2606Puremeta|gg\n|\n|t:|1732939577\n|move|p2a: Breloom|Mach Punch|p1a: Blaziken\n|-damage|p1a: Blaziken|0 fnt\n|faint|p1a: Blaziken\n|-damage|p2a: Breloom|210/233|[from] item: Life Orb\n|\n|win|Vitoran\n|raw|Puremeta's rating: 2125 &rarr; <strong>2113</strong><br />(-12 for losing)\n|raw|Vitoran's rating: 2278 &rarr; <strong>2290</strong><br />(+12 for winning)\n", "inputlog": ">version b107d77f5c90bd6555267ae244a6264823309ead\n>start {\"formatid\":\"gen9randombattle\",\"seed\":[6687,19897,23508,7596],\"rated\":\"Rated battle\"}\n>player p1 {\"name\":\"Puremeta\",\"avatar\":\"cyrus\",\"rating\":2125,\"seed\":[5843,58563,36403,17731]}\n>player p2 {\"name\":\"Vitoran\",\"avatar\":\"nemona-v\",\"rating\":2278,\"seed\":[29529,2143,16212,33967]}\n>chat \u2606Vitoran|glhf\n>p1 move flareblitz\n>p2 move surf\n>p1 switch 2\n>p1 move leafstorm\n>p2 switch 6\n>p1 move leechseed\n>p2 move stealthrock\n>p1 move leafstorm\n>p2 move rapidspin\n>p1 move leafstorm\n>p2 move rapidspin\n>p1 move leafstorm\n>p2 move ironhead\n>p2 switch 4\n>p1 move leafstorm\n>p2 move shiftgear\n>p1 move leafstorm\n>p2 move ironhead\n>p1 move leafstorm\n>p2 move ironhead\n>p1 switch 6\n>p1 move headlongrush\n>p2 move fleurcannon\n>p1 switch 5\n>p1 move thunderbolt\n>p2 move terablast terastallize\n>p1 switch 3\n>p1 move bodyslam\n>p2 move fleurcannon\n>p1 move bodyslam\n>p2 move ironhead\n>p1 move bodyslam\n>p2 move ironhead\n>p1 switch 4\n>p1 move swordsdance\n>p2 move terablast\n>p1 move flareblitz\n>p2 move terablast\n>p2 switch 3\n>p1 move closecombat\n>p2 switch 6\n>p2 switch 5\n>chat \u2606Vitoran|gg\n>chat \u2606Puremeta|gg\n>p1 move closecombat\n>p2 move machpunch", "uploadtime": 1732939581, "views": 16, "formatid": "gen9randombattle", "rating": 2113, "private": 0, "password": null}