{"id": "gen9randombattle-2253963033", "format": "[Gen 9] Random Battle", "players": ["TNoxBABAop", "shiworm"], "log": "|j|\u2606TNoxBABAop\n|j|\u2606shiworm\n|t:|1732972233\n|gametype|singles\n|player|p1|TNoxBABAop|hugh|1673\n|player|p2|shiworm|swimmerf|1650\n|teamsize|p1|6\n|teamsize|p2|6\n|gen|9\n|tier|[Gen 9] Random Battle\n|rated|\n|rule|Species Clause: Limit one of each Pok\u00e9mon\n|rule|HP Percentage Mod: HP is shown in percentages\n|rule|Sleep Clause Mod: Limit one foe put to sleep\n|rule|Illusion Level Mod: Illusion disguises the Pok\u00e9mon's true level\n|\n|t:|1732972233\n|start\n|switch|p1a: Donphan|Donphan, L84, F|288/288\n|switch|p2a: Kommo-o|Kommo-o, L78, F|245/245\n|turn|1\n|inactive|Battle timer is ON: inactive players will automatically lose when time's up. (requested by shiworm)\n|inactive|TNoxBABAop also wants the timer to be on.\n|inactive|TNoxBABAop has 120 seconds left.\n|\n|t:|1732972265\n|move|p2a: Kommo-o|Clangorous Soul|p2a: Kommo-o\n|-boost|p2a: Kommo-o|atk|1\n|-boost|p2a: Kommo-o|def|1\n|-boost|p2a: Kommo-o|spa|1\n|-boost|p2a: Kommo-o|spd|1\n|-boost|p2a: Kommo-o|spe|1\n|-damage|p2a: Kommo-o|165/245\n|-enditem|p2a: Kommo-o|Throat Spray\n|-boost|p2a: Kommo-o|spa|1|[from] item: Throat Spray\n|move|p1a: Donphan|Stealth Rock|p2a: Kommo-o\n|-sidestart|p2: shiworm|move: Stealth Rock\n|\n|upkeep\n|turn|2\n|\n|t:|1732972280\n|-terastallize|p2a: Kommo-o|Normal\n|move|p2a: Kommo-o|Boomburst|p1a: Donphan\n|-ability|p1a: Donphan|Sturdy\n|-damage|p1a: Donphan|1/288\n|move|p1a: Donphan|Earthquake|p2a: Kommo-o\n|-damage|p2a: Kommo-o|98/245\n|\n|-heal|p1a: Donphan|19/288|[from] item: Leftovers\n|upkeep\n|turn|3\n|\n|t:|1732972295\n|move|p2a: Kommo-o|Boomburst|p1a: Donphan\n|-damage|p1a: Donphan|0 fnt\n|faint|p1a: Donphan\n|\n|upkeep\n|\n|t:|1732972303\n|switch|p1a: Hariyama|Hariyama, L87, M|392/392\n|turn|4\n|\n|t:|1732972310\n|move|p2a: Kommo-o|Boomburst|p1a: Hariyama\n|-damage|p1a: Hariyama|182/392\n|move|p1a: Hariyama|Close Combat|p2a: Kommo-o\n|-supereffective|p2a: Kommo-o\n|-damage|p2a: Kommo-o|0 fnt\n|-unboost|p1a: Hariyama|def|1\n|-unboost|p1a: Hariyama|spd|1\n|faint|p2a: Kommo-o\n|\n|upkeep\n|\n|t:|1732972319\n|switch|p2a: Spectrier|Spectrier, L75|274/274\n|-damage|p2a: Spectrier|240/274|[from] Stealth Rock\n|turn|5\n|\n|t:|1732972329\n|move|p2a: Spectrier|Nasty Plot|p2a: Spectrier\n|-boost|p2a: Spectrier|spa|2\n|move|p1a: Hariyama|Knock Off|p2a: Spectrier\n|-supereffective|p2a: Spectrier\n|-damage|p2a: Spectrier|0 fnt\n|-enditem|p2a: Spectrier|Life Orb|[from] move: Knock Off|[of] p1a: Hariyama\n|faint|p2a: Spectrier\n|\n|upkeep\n|\n|t:|1732972333\n|switch|p2a: Porygon-Z|Porygon-Z, L83|277/277\n|-damage|p2a: Porygon-Z|243/277|[from] Stealth Rock\n|turn|6\n|\n|t:|1732972336\n|move|p2a: Porygon-Z|Agility|p2a: Porygon-Z\n|-boost|p2a: Porygon-Z|spe|2\n|move|p1a: Hariyama|Close Combat|p2a: Porygon-Z\n|-supereffective|p2a: Porygon-Z\n|-damage|p2a: Porygon-Z|0 fnt\n|-unboost|p1a: Hariyama|def|1\n|-unboost|p1a: Hariyama|spd|1\n|faint|p2a: Porygon-Z\n|\n|upkeep\n|\n|t:|1732972343\n|switch|p2a: Shaymin|Shaymin-Sky, L73|266/266\n|-damage|p2a: Shaymin|200/266|[from] Stealth Rock\n|turn|7\n|\n|t:|1732972354\n|move|p1a: Hariyama|Bullet Punch|p2a: Shaymin\n|-damage|p2a: Shaymin|151/266\n|move|p2a: Shaymin|Seed Flare|p1a: Hariyama\n|-damage|p1a: Hariyama|0 fnt\n|faint|p1a: Hariyama\n|\n|upkeep\n|\n|t:|1732972359\n|switch|p1a: Glimmora|Glimmora, L75, M|248/248\n|turn|8\n|\n|t:|1732972364\n|move|p2a: Shaymin|Seed Flare|p1a: Glimmora\n|-damage|p1a: Glimmora|25/248\n|move|p1a: Glimmora|Meteor Beam||[still]\n|-prepare|p1a: Glimmora|Meteor Beam\n|-boost|p1a: Glimmora|spa|1\n|-enditem|p1a: Glimmora|Power Herb\n|-anim|p1a: Glimmora|Meteor Beam|p2a: Shaymin\n|-supereffective|p2a: Shaymin\n|-damage|p2a: Shaymin|0 fnt\n|faint|p2a: Shaymin\n|\n|upkeep\n|\n|t:|1732972370\n|switch|p2a: Delphox|Delphox, L84, M|263/263\n|turn|9\n|\n|t:|1732972375\n|move|p2a: Delphox|Psyshock|p1a: Glimmora\n|-supereffective|p1a: Glimmora\n|-damage|p1a: Glimmora|0 fnt\n|faint|p1a: Glimmora\n|\n|upkeep\n|\n|t:|1732972396\n|switch|p1a: Azelf|Azelf, L82|257/257\n|turn|10\n|\n|t:|1732972403\n|move|p1a: Azelf|Nasty Plot|p1a: Azelf\n|-boost|p1a: Azelf|spa|2\n|move|p2a: Delphox|Fire Blast|p1a: Azelf\n|-damage|p1a: Azelf|98/257\n|\n|upkeep\n|turn|11\n|\n|t:|1732972411\n|move|p1a: Azelf|Fire Blast|p2a: Delphox\n|-resisted|p2a: Delphox\n|-damage|p2a: Delphox|163/263\n|-damage|p1a: Azelf|73/257|[from] item: Life Orb\n|move|p2a: Delphox|Fire Blast|p1a: Azelf\n|-damage|p1a: Azelf|0 fnt\n|faint|p1a: Azelf\n|\n|upkeep\n|\n|t:|1732972427\n|switch|p1a: Victreebel|Victreebel, L90, M|290/290\n|turn|12\n|\n|t:|1732972430\n|move|p1a: Victreebel|Sucker Punch|p2a: Delphox\n|-supereffective|p2a: Delphox\n|-damage|p2a: Delphox|0 fnt\n|faint|p2a: Delphox\n|-damage|p1a: Victreebel|261/290|[from] item: Life Orb\n|\n|upkeep\n|\n|t:|1732972433\n|switch|p2a: Zamazenta|Zamazenta-Crowned, L68|238/238\n|-damage|p2a: Zamazenta|231/238|[from] Stealth Rock\n|-ability|p2a: Zamazenta|Dauntless Shield|boost\n|-boost|p2a: Zamazenta|def|1\n|turn|13\n|\n|t:|1732972441\n|move|p2a: Zamazenta|Iron Defense|p2a: Zamazenta\n|-boost|p2a: Zamazenta|def|2\n|move|p1a: Victreebel|Power Whip|p2a: Zamazenta|[miss]\n|-miss|p1a: Victreebel|p2a: Zamazenta\n|\n|upkeep\n|turn|14\n|\n|t:|1732972456\n|move|p2a: Zamazenta|Iron Defense|p2a: Zamazenta\n|-boost|p2a: Zamazenta|def|2\n|move|p1a: Victreebel|Power Whip|p2a: Zamazenta\n|-resisted|p2a: Zamazenta\n|-damage|p2a: Zamazenta|206/238\n|-damage|p1a: Victreebel|232/290|[from] item: Life Orb\n|\n|upkeep\n|turn|15\n|\n|t:|1732972464\n|move|p2a: Zamazenta|Iron Defense|p2a: Zamazenta\n|-boost|p2a: Zamazenta|def|1\n|move|p1a: Victreebel|Swords Dance|p1a: Victreebel\n|-boost|p1a: Victreebel|atk|2\n|\n|upkeep\n|turn|16\n|\n|t:|1732972467\n|move|p1a: Victreebel|Sucker Punch|p2a: Zamazenta\n|-resisted|p2a: Zamazenta\n|-damage|p2a: Zamazenta|189/238\n|-damage|p1a: Victreebel|203/290|[from] item: Life Orb\n|move|p2a: Zamazenta|Body Press|p1a: Victreebel\n|-resisted|p1a: Victreebel\n|-damage|p1a: Victreebel|29/290\n|\n|upkeep\n|turn|17\n|\n|t:|1732972471\n|move|p1a: Victreebel|Sucker Punch|p2a: Zamazenta\n|-resisted|p2a: Zamazenta\n|-damage|p2a: Zamazenta|172/238\n|-damage|p1a: Victreebel|0 fnt|[from] item: Life Orb\n|faint|p1a: Victreebel\n|move|p2a: Zamazenta|Heavy Slam|p1: Victreebel|[notarget]\n|-fail|p2a: Zamazenta\n|\n|upkeep\n|\n|t:|1732972473\n|switch|p1a: Delphox|Delphox, L84, F|263/263\n|turn|18\n|\n|t:|1732972480\n|-terastallize|p1a: Delphox|Grass\n|move|p1a: Delphox|Fire Blast|p2a: Zamazenta\n|-supereffective|p2a: Zamazenta\n|-damage|p2a: Zamazenta|0 fnt\n|faint|p2a: Zamazenta\n|\n|win|TNoxBABAop\n|raw|TNoxBABAop's rating: 1673 &rarr; <strong>1692</strong><br />(+19 for winning)\n|raw|shiworm's rating: 1650 &rarr; <strong>1631</strong><br />(-19 for losing)\n|l|\u2606shiworm\n|player|p2|\n", "inputlog": ">version b107d77f5c90bd6555267ae244a6264823309ead\n>start {\"formatid\":\"gen9randombattle\",\"seed\":[1644,35809,27571,58693],\"rated\":\"Rated battle\"}\n>player p1 {\"name\":\"TNoxBABAop\",\"avatar\":\"hugh\",\"rating\":1673,\"seed\":[13127,35802,44012,34963]}\n>player p2 {\"name\":\"shiworm\",\"avatar\":\"swimmerf\",\"rating\":1650,\"seed\":[14569,35438,7350,3465]}\n>p1 move stealthrock\n>p2 move clangoroussoul\n>p1 move earthquake\n>p2 move boomburst terastallize\n>p1 move earthquake\n>p2 move boomburst\n>p1 switch 5\n>p1 move closecombat\n>p2 move boomburst\n>p2 switch 5\n>p1 move knockoff\n>p2 move nastyplot\n>p2 switch 2\n>p1 move closecombat\n>p2 move agility\n>p2 switch 6\n>p1 move bulletpunch\n>p2 move seedflare\n>p1 switch 3\n>p1 move meteorbeam\n>p2 move seedflare\n>p2 switch 3\n>p1 move meteorbeam\n>p2 move psyshock\n>p1 switch 6\n>p1 move nastyplot\n>p2 move fireblast\n>p1 move fireblast\n>p2 move fireblast\n>p1 switch 2\n>p1 move suckerpunch\n>p2 move fireblast\n>p2 switch 4\n>p1 move powerwhip\n>p2 move irondefense\n>p1 move powerwhip\n>p2 move irondefense\n>p1 move swordsdance\n>p2 move irondefense\n>p1 move suckerpunch\n>p2 move bodypress\n>p1 move suckerpunch\n>p2 move heavyslam\n>p1 switch 4\n>p1 move fireblast terastallize\n>p2 move stoneedge", "uploadtime": 1732972485, "views": 3, "formatid": "gen9randombattle", "rating": 1631, "private": 0, "password": null}