{"id": "gen9randombattle-2253821747", "format": "[Gen 9] Random Battle", "players": ["hdnndndf", "Defying Blackity"], "log": "|j|\u2606hdnndndf\n|j|\u2606Defying Blackity\n|t:|1732943566\n|gametype|singles\n|player|p1|hdnndndf|dawn-gen4pt|1000\n|player|p2|Defying Blackity|101|1045\n|teamsize|p1|6\n|teamsize|p2|6\n|gen|9\n|tier|[Gen 9] Random Battle\n|rated|\n|rule|Species Clause: Limit one of each Pok\u00e9mon\n|rule|HP Percentage Mod: HP is shown in percentages\n|rule|Sleep Clause Mod: Limit one foe put to sleep\n|rule|Illusion Level Mod: Illusion disguises the Pok\u00e9mon's true level\n|\n|t:|1732943566\n|start\n|switch|p1a: Bruxish|Bruxish, L85, M|254/254\n|switch|p2a: Iron Jugulis|Iron Jugulis, L78|275/275\n|turn|1\n|\n|t:|1732943587\n|switch|p1a: Sunflora|Sunflora, F|312/312\n|move|p2a: Iron Jugulis|Dark Pulse|p1a: Sunflora\n|-damage|p1a: Sunflora|195/312\n|\n|upkeep\n|turn|2\n|\n|t:|1732943594\n|-end|p2a: Iron Jugulis|Quark Drive|[silent]\n|switch|p2a: Scovillain|Scovillain, L91, F|266/266\n|move|p1a: Sunflora|Dazzling Gleam|p2a: Scovillain\n|-resisted|p2a: Scovillain\n|-damage|p2a: Scovillain|187/266\n|\n|-heal|p2a: Scovillain|203/266|[from] item: Leftovers\n|upkeep\n|turn|3\n|\n|t:|1732943609\n|switch|p1a: Bruxish|Bruxish, L85, M|254/254\n|move|p2a: Scovillain|Substitute|p2a: Scovillain\n|-start|p2a: Scovillain|Substitute\n|-damage|p2a: Scovillain|137/266\n|\n|-heal|p2a: Scovillain|153/266|[from] item: Leftovers\n|upkeep\n|turn|4\n|\n|t:|1732943620\n|move|p2a: Scovillain|Protect|p2a: Scovillain\n|-singleturn|p2a: Scovillain|Protect\n|move|p1a: Bruxish|Wave Crash|p2a: Scovillain\n|-activate|p2a: Scovillain|move: Protect\n|\n|-heal|p2a: Scovillain|169/266|[from] item: Leftovers\n|upkeep\n|turn|5\n|\n|t:|1732943626\n|move|p1a: Bruxish|Wave Crash|p2a: Scovillain\n|-end|p2a: Scovillain|Substitute\n|-damage|p1a: Bruxish|232/254|[from] Recoil|[of] p2a: Scovillain\n|move|p2a: Scovillain|Leech Seed|p1a: Bruxish\n|-start|p1a: Bruxish|move: Leech Seed\n|\n|-heal|p2a: Scovillain|185/266|[from] item: Leftovers\n|-damage|p1a: Bruxish|201/254|[from] Leech Seed|[of] p2a: Scovillain\n|-heal|p2a: Scovillain|216/266|[silent]\n|upkeep\n|turn|6\n|\n|t:|1732943631\n|move|p2a: Scovillain|Protect|p2a: Scovillain\n|-singleturn|p2a: Scovillain|Protect\n|move|p1a: Bruxish|Wave Crash|p2a: Scovillain\n|-activate|p2a: Scovillain|move: Protect\n|\n|-heal|p2a: Scovillain|232/266|[from] item: Leftovers\n|-damage|p1a: Bruxish|170/254|[from] Leech Seed|[of] p2a: Scovillain\n|-heal|p2a: Scovillain|263/266|[silent]\n|upkeep\n|turn|7\n|\n|t:|1732943637\n|switch|p2a: Toxicroak|Toxicroak, L84, F|277/277\n|move|p1a: Bruxish|Wave Crash|p2a: Toxicroak\n|-immune|p2a: Toxicroak|[from] ability: Dry Skin\n|\n|-damage|p1a: Bruxish|139/254|[from] Leech Seed|[of] p2a: Toxicroak\n|upkeep\n|turn|8\n|\n|t:|1732943645\n|switch|p1a: Donphan|Donphan, L84, M|288/288\n|move|p2a: Toxicroak|Gunk Shot|p1a: Donphan\n|-resisted|p1a: Donphan\n|-damage|p1a: Donphan|239/288\n|\n|-heal|p1a: Donphan|257/288|[from] item: Leftovers\n|upkeep\n|turn|9\n|\n|t:|1732943655\n|switch|p2a: Iron Jugulis|Iron Jugulis, L78|275/275\n|move|p1a: Donphan|Stealth Rock|p2a: Iron Jugulis\n|-sidestart|p2: Defying Blackity|move: Stealth Rock\n|\n|-heal|p1a: Donphan|275/288|[from] item: Leftovers\n|upkeep\n|turn|10\n|\n|t:|1732943663\n|move|p2a: Iron Jugulis|Hurricane|p1a: Donphan|[miss]\n|-miss|p2a: Iron Jugulis|p1a: Donphan\n|move|p1a: Donphan|Knock Off|p2a: Iron Jugulis\n|-resisted|p2a: Iron Jugulis\n|-damage|p2a: Iron Jugulis|230/275\n|-enditem|p2a: Iron Jugulis|Choice Specs|[from] move: Knock Off|[of] p1a: Donphan\n|\n|-heal|p1a: Donphan|288/288|[from] item: Leftovers\n|upkeep\n|turn|11\n|\n|t:|1732943679\n|switch|p1a: Piloswine|Piloswine, L85, M|309/309\n|move|p2a: Iron Jugulis|Hurricane|p1a: Piloswine\n|-damage|p1a: Piloswine|200/309\n|-start|p1a: Piloswine|confusion\n|\n|upkeep\n|turn|12\n|\n|t:|1732943686\n|move|p2a: Iron Jugulis|U-turn|p1a: Piloswine\n|-damage|p1a: Piloswine|173/309\n|\n|t:|1732943691\n|-end|p2a: Iron Jugulis|Quark Drive|[silent]\n|switch|p2a: Regirock|Regirock, L83|268/268|[from] U-turn\n|-damage|p2a: Regirock|235/268|[from] Stealth Rock\n|-activate|p1a: Piloswine|confusion\n|-damage|p1a: Piloswine|139/309|[from] confusion\n|\n|-heal|p2a: Regirock|251/268|[from] item: Leftovers\n|upkeep\n|turn|13\n|\n|t:|1732943707\n|move|p2a: Regirock|Body Press|p1a: Piloswine\n|-supereffective|p1a: Piloswine\n|-damage|p1a: Piloswine|0 fnt\n|faint|p1a: Piloswine\n|\n|-heal|p2a: Regirock|267/268|[from] item: Leftovers\n|upkeep\n|\n|t:|1732943715\n|switch|p1a: Sunflora|Sunflora, F|195/312\n|turn|14\n|\n|t:|1732943728\n|switch|p2a: Scovillain|Scovillain, L91, F|263/266\n|-damage|p2a: Scovillain|197/266|[from] Stealth Rock\n|move|p1a: Sunflora|Sludge Bomb|p2a: Scovillain\n|-supereffective|p2a: Scovillain\n|-damage|p2a: Scovillain|0 fnt\n|faint|p2a: Scovillain\n|\n|upkeep\n|inactive|Battle timer is ON: inactive players will automatically lose when time's up. (requested by hdnndndf)\n|\n|t:|1732943737\n|switch|p2a: Toxicroak|Toxicroak, L84, F|277/277\n|-damage|p2a: Toxicroak|260/277|[from] Stealth Rock\n|turn|15\n|\n|t:|1732943744\n|switch|p1a: Donphan|Donphan, L84, M|288/288\n|move|p2a: Toxicroak|Close Combat|p1a: Donphan\n|-damage|p1a: Donphan|188/288\n|-unboost|p2a: Toxicroak|def|1\n|-unboost|p2a: Toxicroak|spd|1\n|\n|-heal|p1a: Donphan|206/288|[from] item: Leftovers\n|upkeep\n|turn|16\n|\n|t:|1732943751\n|switch|p2a: Iron Jugulis|Iron Jugulis, L78|230/275\n|-damage|p2a: Iron Jugulis|162/275|[from] Stealth Rock\n|move|p1a: Donphan|Knock Off|p2a: Iron Jugulis\n|-resisted|p2a: Iron Jugulis\n|-damage|p2a: Iron Jugulis|131/275\n|\n|-heal|p1a: Donphan|224/288|[from] item: Leftovers\n|upkeep\n|turn|17\n|\n|t:|1732943777\n|switch|p1a: Glalie|Glalie, L96, M|309/309\n|move|p2a: Iron Jugulis|Hurricane|p1a: Glalie\n|-damage|p1a: Glalie|186/309\n|\n|upkeep\n|turn|18\n|\n|t:|1732943784\n|move|p2a: Iron Jugulis|Fire Blast|p1a: Glalie|[miss]\n|-miss|p2a: Iron Jugulis|p1a: Glalie\n|move|p1a: Glalie|Freeze-Dry|p2a: Iron Jugulis\n|-supereffective|p2a: Iron Jugulis\n|-damage|p2a: Iron Jugulis|0 fnt\n|faint|p2a: Iron Jugulis\n|-end|p2a: Iron Jugulis|Quark Drive|[silent]\n|\n|upkeep\n|\n|t:|1732943791\n|switch|p2a: Regirock|Regirock, L83|267/268\n|-damage|p2a: Regirock|234/268|[from] Stealth Rock\n|turn|19\n|\n|t:|1732943801\n|move|p1a: Glalie|Spikes|p2a: Regirock\n|-sidestart|p2: Defying Blackity|Spikes\n|move|p2a: Regirock|Body Press|p1a: Glalie\n|-supereffective|p1a: Glalie\n|-damage|p1a: Glalie|6/309\n|\n|-heal|p2a: Regirock|250/268|[from] item: Leftovers\n|upkeep\n|turn|20\n|\n|t:|1732943808\n|move|p1a: Glalie|Spikes|p2a: Regirock\n|-sidestart|p2: Defying Blackity|Spikes\n|move|p2a: Regirock|Body Press|p1a: Glalie\n|-supereffective|p1a: Glalie\n|-damage|p1a: Glalie|0 fnt\n|faint|p1a: Glalie\n|\n|-heal|p2a: Regirock|266/268|[from] item: Leftovers\n|upkeep\n|\n|t:|1732943812\n|switch|p1a: Sunflora|Sunflora, F|195/312\n|turn|21\n|\n|t:|1732943821\n|move|p2a: Regirock|Body Press|p1a: Sunflora\n|-damage|p1a: Sunflora|76/312\n|move|p1a: Sunflora|Leaf Storm|p2a: Regirock|[miss]\n|-miss|p1a: Sunflora|p2a: Regirock\n|\n|-heal|p2a: Regirock|268/268|[from] item: Leftovers\n|upkeep\n|turn|22\n|\n|t:|1732943831\n|move|p2a: Regirock|Body Press|p1a: Sunflora\n|-damage|p1a: Sunflora|0 fnt\n|faint|p1a: Sunflora\n|\n|upkeep\n|\n|t:|1732943839\n|switch|p1a: Bruxish|Bruxish, L85, M|139/254\n|turn|23\n|\n|t:|1732943845\n|move|p1a: Bruxish|Wave Crash|p2a: Regirock\n|-supereffective|p2a: Regirock\n|-damage|p2a: Regirock|68/268\n|-damage|p1a: Bruxish|73/254|[from] Recoil\n|move|p2a: Regirock|Thunder Wave|p1a: Bruxish\n|-status|p1a: Bruxish|par\n|\n|-heal|p2a: Regirock|84/268|[from] item: Leftovers\n|upkeep\n|turn|24\n|\n|t:|1732943854\n|move|p2a: Regirock|Stone Edge|p1a: Bruxish\n|-damage|p1a: Bruxish|0 fnt\n|faint|p1a: Bruxish\n|\n|-heal|p2a: Regirock|100/268|[from] item: Leftovers\n|upkeep\n|\n|t:|1732943859\n|switch|p1a: Oricorio|Oricorio-Sensu, L85, F|266/266\n|turn|25\n|\n|t:|1732943865\n|-terastallize|p1a: Oricorio|Fighting\n|move|p1a: Oricorio|Quiver Dance|p1a: Oricorio\n|-boost|p1a: Oricorio|spa|1\n|-boost|p1a: Oricorio|spd|1\n|-boost|p1a: Oricorio|spe|1\n|move|p2a: Regirock|Thunder Wave|p1a: Oricorio\n|-status|p1a: Oricorio|par\n|\n|-heal|p2a: Regirock|116/268|[from] item: Leftovers\n|upkeep\n|turn|26\n|\n|t:|1732943871\n|cant|p1a: Oricorio|par\n|move|p2a: Regirock|Body Press|p1a: Oricorio\n|-damage|p1a: Oricorio|151/266 par\n|\n|-heal|p2a: Regirock|132/268|[from] item: Leftovers\n|upkeep\n|turn|27\n|\n|t:|1732943875\n|cant|p1a: Oricorio|par\n|move|p2a: Regirock|Body Press|p1a: Oricorio\n|-damage|p1a: Oricorio|43/266 par\n|\n|-heal|p2a: Regirock|148/268|[from] item: Leftovers\n|upkeep\n|turn|28\n|\n|t:|1732943881\n|move|p1a: Oricorio|Revelation Dance|p2a: Regirock\n|-supereffective|p2a: Regirock\n|-damage|p2a: Regirock|0 fnt\n|faint|p2a: Regirock\n|\n|upkeep\n|-message|hdnndndf forfeited.\n|\n|win|Defying Blackity\n|raw|hdnndndf's rating: 1000 &rarr; <strong>1000</strong><br />(+0 for losing)\n|raw|Defying Blackity's rating: 1045 &rarr; <strong>1074</strong><br />(+29 for winning)\n|l|\u2606hdnndndf\n|player|p1|\n", "inputlog": ">version b107d77f5c90bd6555267ae244a6264823309ead\n>start {\"formatid\":\"gen9randombattle\",\"seed\":[26232,16275,15317,8135],\"rated\":\"Rated battle\"}\n>player p1 {\"name\":\"hdnndndf\",\"avatar\":\"dawn-gen4pt\",\"rating\":1000,\"seed\":[8508,5598,4103,10413]}\n>player p2 {\"name\":\"Defying Blackity\",\"avatar\":\"101\",\"rating\":1045,\"seed\":[23917,31510,18550,4838]}\n>p1 switch 3\n>p2 move darkpulse\n>p1 move dazzlinggleam\n>p2 switch 3\n>p1 switch 3\n>p2 move substitute\n>p1 move wavecrash\n>p2 move protect\n>p1 move wavecrash\n>p2 move leechseed\n>p1 move wavecrash\n>p2 move protect\n>p1 move wavecrash\n>p2 switch 6\n>p1 switch 4\n>p2 move gunkshot\n>p1 move stealthrock\n>p2 switch 3\n>p1 move knockoff\n>p2 move hurricane\n>p1 switch 6\n>p2 move hurricane\n>p1 move roar\n>p2 move uturn\n>p2 switch 5\n>p1 move roar\n>p2 move bodypress\n>p1 switch 3\n>p1 move sludgebomb\n>p2 switch 6\n>p2 switch 3\n>p1 switch 6\n>p2 move closecombat\n>p1 move knockoff\n>p2 switch 5\n>p1 switch 5\n>p2 move hurricane\n>p1 move freezedry\n>p2 move fireblast\n>p2 switch 6\n>p1 move spikes\n>p2 move bodypress\n>p1 move spikes\n>p2 move bodypress\n>p1 switch 6\n>p1 move leafstorm\n>p2 move bodypress\n>p1 move leafstorm\n>p2 move bodypress\n>p1 switch 4\n>p1 move wavecrash\n>p2 move thunderwave\n>p1 move wavecrash\n>p2 move stoneedge\n>p1 switch 2\n>p1 move quiverdance terastallize\n>p2 move thunderwave\n>p1 move quiverdance\n>p2 move bodypress\n>p1 move quiverdance\n>p2 move bodypress\n>p1 move revelationdance\n>p2 move bodypress\n>forcelose p1", "uploadtime": 1732943885, "views": 1, "formatid": "gen9randombattle", "rating": 1000, "private": 0, "password": null}