{"id": "gen9randombattle-2254061796", "format": "[Gen 9] Random Battle", "players": ["lapistogekiss", "katiau_123"], "log": "|j|\u2606lapistogekiss\n|j|\u2606katiau_123\n|t:|1732986453\n|gametype|singles\n|player|p1|lapistogekiss|101|\n|player|p2|katiau_123|266|\n|teamsize|p1|6\n|teamsize|p2|6\n|gen|9\n|tier|[Gen 9] Random Battle\n|rule|Species Clause: Limit one of each Pok\u00e9mon\n|rule|HP Percentage Mod: HP is shown in percentages\n|rule|Sleep Clause Mod: Limit one foe put to sleep\n|rule|Illusion Level Mod: Illusion disguises the Pok\u00e9mon's true level\n|\n|t:|1732986453\n|start\n|switch|p1a: Alcremie|Alcremie-Ruby-Swirl, L90, F|263/263\n|switch|p2a: Swampert|Swampert, L83, M|302/302\n|turn|1\n|\n|t:|1732986465\n|move|p1a: Alcremie|Psyshock|p2a: Swampert\n|-damage|p2a: Swampert|229/302\n|move|p2a: Swampert|Yawn|p1a: Alcremie\n|-start|p1a: Alcremie|move: Yawn|[of] p2a: Swampert\n|\n|-heal|p2a: Swampert|247/302|[from] item: Leftovers\n|upkeep\n|turn|2\n|\n|t:|1732986478\n|move|p1a: Alcremie|Calm Mind|p1a: Alcremie\n|-boost|p1a: Alcremie|spa|1\n|-boost|p1a: Alcremie|spd|1\n|move|p2a: Swampert|Knock Off|p1a: Alcremie\n|-resisted|p1a: Alcremie\n|-damage|p1a: Alcremie|223/263\n|-enditem|p1a: Alcremie|Leftovers|[from] move: Knock Off|[of] p2a: Swampert\n|\n|-heal|p2a: Swampert|265/302|[from] item: Leftovers\n|-end|p1a: Alcremie|move: Yawn|[silent]\n|-status|p1a: Alcremie|slp\n|upkeep\n|turn|3\n|\n|t:|1732986487\n|cant|p1a: Alcremie|slp\n|move|p2a: Swampert|Earthquake|p1a: Alcremie\n|-crit|p1a: Alcremie\n|-damage|p1a: Alcremie|36/263 slp\n|\n|-heal|p2a: Swampert|283/302|[from] item: Leftovers\n|upkeep\n|turn|4\n|\n|t:|1732986493\n|cant|p1a: Alcremie|slp\n|move|p2a: Swampert|Earthquake|p1a: Alcremie\n|-damage|p1a: Alcremie|0 fnt\n|faint|p1a: Alcremie\n|\n|-heal|p2a: Swampert|301/302|[from] item: Leftovers\n|upkeep\n|\n|t:|1732986516\n|switch|p1a: Polteageist|Polteageist-Antique, L79|224/224\n|turn|5\n|\n|t:|1732986524\n|move|p1a: Polteageist|Shell Smash|p1a: Polteageist\n|-unboost|p1a: Polteageist|def|1\n|-unboost|p1a: Polteageist|spd|1\n|-boost|p1a: Polteageist|atk|2\n|-boost|p1a: Polteageist|spa|2\n|-boost|p1a: Polteageist|spe|2\n|-enditem|p1a: Polteageist|White Herb\n|-clearnegativeboost|p1a: Polteageist|[silent]\n|move|p2a: Swampert|Yawn|p1a: Polteageist\n|-start|p1a: Polteageist|move: Yawn|[of] p2a: Swampert\n|\n|-heal|p2a: Swampert|302/302|[from] item: Leftovers\n|upkeep\n|turn|6\n|\n|t:|1732986532\n|move|p1a: Polteageist|Stored Power|p2a: Swampert\n|-damage|p2a: Swampert|77/302\n|move|p2a: Swampert|Knock Off|p1a: Polteageist\n|-supereffective|p1a: Polteageist\n|-damage|p1a: Polteageist|86/224\n|-start|p2a: Swampert|Disable|Knock Off|[from] ability: Cursed Body|[of] p1a: Polteageist\n|\n|-heal|p2a: Swampert|95/302|[from] item: Leftovers\n|-end|p1a: Polteageist|move: Yawn|[silent]\n|-status|p1a: Polteageist|slp\n|upkeep\n|turn|7\n|\n|t:|1732986548\n|cant|p1a: Polteageist|slp\n|move|p2a: Swampert|Earthquake|p1a: Polteageist\n|-damage|p1a: Polteageist|0 fnt\n|faint|p1a: Polteageist\n|\n|-heal|p2a: Swampert|113/302|[from] item: Leftovers\n|upkeep\n|\n|t:|1732986556\n|switch|p1a: Tentacruel|Tentacruel, L84, F|272/272\n|turn|8\n|\n|t:|1732986561\n|move|p1a: Tentacruel|Surf|p2a: Swampert\n|-damage|p2a: Swampert|28/302\n|move|p2a: Swampert|Earthquake|p1a: Tentacruel\n|-supereffective|p1a: Tentacruel\n|-damage|p1a: Tentacruel|0 fnt\n|faint|p1a: Tentacruel\n|\n|-heal|p2a: Swampert|46/302|[from] item: Leftovers\n|upkeep\n|\n|t:|1732986565\n|switch|p1a: Enamorus|Enamorus, L79, F|247/247\n|turn|9\n|\n|t:|1732986573\n|move|p1a: Enamorus|Superpower|p2a: Swampert\n|-damage|p2a: Swampert|0 fnt\n|-boost|p1a: Enamorus|atk|1\n|-boost|p1a: Enamorus|def|1\n|faint|p2a: Swampert\n|\n|upkeep\n|\n|t:|1732986590\n|switch|p2a: Gengar|Gengar, L81, M|230/230\n|turn|10\n|\n|t:|1732986611\n|move|p2a: Gengar|Sludge Wave|p1a: Enamorus\n|-supereffective|p1a: Enamorus\n|-damage|p1a: Enamorus|0 fnt\n|faint|p1a: Enamorus\n|\n|upkeep\n|\n|t:|1732986636\n|switch|p1a: Rhyperior|Rhyperior, L82, M|323/323\n|turn|11\n|\n|t:|1732986670\n|move|p2a: Gengar|Sludge Wave|p1a: Rhyperior\n|-resisted|p1a: Rhyperior\n|-damage|p1a: Rhyperior|255/323\n|move|p1a: Rhyperior|Earthquake|p2a: Gengar\n|-supereffective|p2a: Gengar\n|-damage|p2a: Gengar|0 fnt\n|faint|p2a: Gengar\n|\n|upkeep\n|\n|t:|1732986678\n|switch|p2a: Brambleghast|Brambleghast, L88, F|240/240\n|turn|12\n|\n|t:|1732986693\n|-terastallize|p1a: Rhyperior|Bug\n|move|p2a: Brambleghast|Power Whip|p1a: Rhyperior\n|-resisted|p1a: Rhyperior\n|-damage|p1a: Rhyperior|190/323\n|move|p1a: Rhyperior|Rock Polish|p1a: Rhyperior\n|-boost|p1a: Rhyperior|spe|2\n|\n|upkeep\n|turn|13\n|\n|t:|1732986714\n|-terastallize|p2a: Brambleghast|Fairy\n|move|p1a: Rhyperior|Megahorn|p2a: Brambleghast\n|-resisted|p2a: Brambleghast\n|-damage|p2a: Brambleghast|156/240\n|move|p2a: Brambleghast|Strength Sap|p1a: Rhyperior\n|-unboost|p1a: Rhyperior|atk|1\n|-heal|p2a: Brambleghast|240/240\n|\n|upkeep\n|turn|14\n|\n|t:|1732986725\n|move|p1a: Rhyperior|Earthquake|p2a: Brambleghast\n|-damage|p2a: Brambleghast|138/240\n|move|p2a: Brambleghast|Poltergeist|p1a: Rhyperior\n|-activate|p1a: Rhyperior|move: Poltergeist|Weakness Policy\n|-damage|p1a: Rhyperior|81/323\n|\n|-heal|p2a: Brambleghast|153/240|[from] item: Leftovers\n|upkeep\n|turn|15\n|\n|t:|1732986733\n|move|p1a: Rhyperior|Earthquake|p2a: Brambleghast\n|-damage|p2a: Brambleghast|56/240\n|move|p2a: Brambleghast|Strength Sap|p1a: Rhyperior\n|-unboost|p1a: Rhyperior|atk|1\n|-heal|p2a: Brambleghast|240/240\n|\n|upkeep\n|turn|16\n|\n|t:|1732986740\n|move|p1a: Rhyperior|Earthquake|p2a: Brambleghast\n|-damage|p2a: Brambleghast|167/240\n|move|p2a: Brambleghast|Poltergeist|p1a: Rhyperior\n|-activate|p1a: Rhyperior|move: Poltergeist|Weakness Policy\n|-damage|p1a: Rhyperior|0 fnt\n|faint|p1a: Rhyperior\n|\n|-heal|p2a: Brambleghast|182/240|[from] item: Leftovers\n|upkeep\n|\n|t:|1732986748\n|switch|p1a: Dunsparce|Dunsparce, L86, M|312/312\n|turn|17\n|\n|t:|1732986755\n|move|p2a: Brambleghast|Power Whip|p1a: Dunsparce|[miss]\n|-miss|p2a: Brambleghast|p1a: Dunsparce\n|move|p1a: Dunsparce|Coil|p1a: Dunsparce\n|-boost|p1a: Dunsparce|atk|1\n|-boost|p1a: Dunsparce|def|1\n|-boost|p1a: Dunsparce|accuracy|1\n|\n|-heal|p2a: Brambleghast|197/240|[from] item: Leftovers\n|upkeep\n|turn|18\n|\n|t:|1732986763\n|move|p2a: Brambleghast|Power Whip|p1a: Dunsparce\n|-damage|p1a: Dunsparce|225/312\n|move|p1a: Dunsparce|Earthquake|p2a: Brambleghast\n|-damage|p2a: Brambleghast|105/240\n|\n|-heal|p2a: Brambleghast|120/240|[from] item: Leftovers\n|upkeep\n|turn|19\n|\n|t:|1732986770\n|move|p2a: Brambleghast|Strength Sap|p1a: Dunsparce\n|-unboost|p1a: Dunsparce|atk|1\n|-heal|p2a: Brambleghast|240/240\n|move|p1a: Dunsparce|Body Slam|p2a: Brambleghast\n|-damage|p2a: Brambleghast|152/240\n|\n|-heal|p2a: Brambleghast|167/240|[from] item: Leftovers\n|upkeep\n|turn|20\n|\n|t:|1732986777\n|move|p2a: Brambleghast|Power Whip|p1a: Dunsparce\n|-damage|p1a: Dunsparce|137/312\n|move|p1a: Dunsparce|Earthquake|p2a: Brambleghast\n|-damage|p2a: Brambleghast|106/240\n|\n|-heal|p2a: Brambleghast|121/240|[from] item: Leftovers\n|upkeep\n|turn|21\n|\n|t:|1732986786\n|move|p2a: Brambleghast|Strength Sap|p1a: Dunsparce\n|-unboost|p1a: Dunsparce|atk|1\n|-heal|p2a: Brambleghast|240/240\n|move|p1a: Dunsparce|Earthquake|p2a: Brambleghast\n|-damage|p2a: Brambleghast|199/240\n|\n|-heal|p2a: Brambleghast|214/240|[from] item: Leftovers\n|upkeep\n|turn|22\n|\n|t:|1732986797\n|move|p2a: Brambleghast|Power Whip|p1a: Dunsparce\n|-damage|p1a: Dunsparce|47/312\n|move|p1a: Dunsparce|Body Slam|p2a: Brambleghast\n|-damage|p2a: Brambleghast|162/240\n|-status|p2a: Brambleghast|par\n|\n|-heal|p2a: Brambleghast|177/240 par|[from] item: Leftovers\n|upkeep\n|turn|23\n|\n|t:|1732986803\n|move|p1a: Dunsparce|Roost|p1a: Dunsparce\n|-heal|p1a: Dunsparce|203/312\n|-singleturn|p1a: Dunsparce|move: Roost\n|move|p2a: Brambleghast|Power Whip|p1a: Dunsparce|[miss]\n|-miss|p2a: Brambleghast|p1a: Dunsparce\n|\n|-heal|p2a: Brambleghast|192/240 par|[from] item: Leftovers\n|upkeep\n|turn|24\n|\n|t:|1732986829\n|move|p1a: Dunsparce|Roost|p1a: Dunsparce\n|-heal|p1a: Dunsparce|312/312\n|-singleturn|p1a: Dunsparce|move: Roost\n|move|p2a: Brambleghast|Power Whip|p1a: Dunsparce\n|-damage|p1a: Dunsparce|230/312\n|\n|-heal|p2a: Brambleghast|207/240 par|[from] item: Leftovers\n|upkeep\n|turn|25\n|\n|t:|1732986841\n|move|p1a: Dunsparce|Earthquake|p2a: Brambleghast\n|-damage|p2a: Brambleghast|159/240 par\n|move|p2a: Brambleghast|Power Whip|p1a: Dunsparce\n|-damage|p1a: Dunsparce|145/312\n|\n|-heal|p2a: Brambleghast|174/240 par|[from] item: Leftovers\n|upkeep\n|turn|26\n|\n|t:|1732986851\n|move|p1a: Dunsparce|Earthquake|p2a: Brambleghast\n|-damage|p2a: Brambleghast|128/240 par\n|move|p2a: Brambleghast|Power Whip|p1a: Dunsparce\n|-damage|p1a: Dunsparce|66/312\n|\n|-heal|p2a: Brambleghast|143/240 par|[from] item: Leftovers\n|upkeep\n|turn|27\n|\n|t:|1732986876\n|move|p1a: Dunsparce|Roost|p1a: Dunsparce\n|-heal|p1a: Dunsparce|222/312\n|-singleturn|p1a: Dunsparce|move: Roost\n|move|p2a: Brambleghast|Strength Sap|p1a: Dunsparce\n|-unboost|p1a: Dunsparce|atk|1\n|-heal|p2a: Brambleghast|240/240 par\n|\n|upkeep\n|turn|28\n|\n|t:|1732986883\n|move|p1a: Dunsparce|Body Slam|p2a: Brambleghast\n|-damage|p2a: Brambleghast|197/240 par\n|move|p2a: Brambleghast|Power Whip|p1a: Dunsparce\n|-damage|p1a: Dunsparce|143/312\n|\n|-heal|p2a: Brambleghast|212/240 par|[from] item: Leftovers\n|upkeep\n|turn|29\n|\n|t:|1732986900\n|move|p1a: Dunsparce|Coil|p1a: Dunsparce\n|-boost|p1a: Dunsparce|atk|1\n|-boost|p1a: Dunsparce|def|1\n|-boost|p1a: Dunsparce|accuracy|1\n|cant|p2a: Brambleghast|par\n|\n|-heal|p2a: Brambleghast|227/240 par|[from] item: Leftovers\n|upkeep\n|turn|30\n|\n|t:|1732986929\n|move|p1a: Dunsparce|Roost|p1a: Dunsparce\n|-heal|p1a: Dunsparce|299/312\n|-singleturn|p1a: Dunsparce|move: Roost\n|move|p2a: Brambleghast|Power Whip|p1a: Dunsparce\n|-damage|p1a: Dunsparce|232/312\n|\n|-heal|p2a: Brambleghast|240/240 par|[from] item: Leftovers\n|upkeep\n|turn|31\n|\n|t:|1732986940\n|move|p1a: Dunsparce|Coil|p1a: Dunsparce\n|-boost|p1a: Dunsparce|atk|1\n|-boost|p1a: Dunsparce|def|1\n|-boost|p1a: Dunsparce|accuracy|1\n|move|p2a: Brambleghast|Power Whip|p1a: Dunsparce\n|-damage|p1a: Dunsparce|178/312\n|\n|upkeep\n|turn|32\n|\n|t:|1732986951\n|move|p1a: Dunsparce|Coil|p1a: Dunsparce\n|-boost|p1a: Dunsparce|atk|1\n|-boost|p1a: Dunsparce|def|1\n|-boost|p1a: Dunsparce|accuracy|1\n|move|p2a: Brambleghast|Power Whip|p1a: Dunsparce\n|-damage|p1a: Dunsparce|139/312\n|\n|upkeep\n|turn|33\n|\n|t:|1732986960\n|move|p1a: Dunsparce|Roost|p1a: Dunsparce\n|-heal|p1a: Dunsparce|295/312\n|-singleturn|p1a: Dunsparce|move: Roost\n|move|p2a: Brambleghast|Strength Sap|p1a: Dunsparce\n|-unboost|p1a: Dunsparce|atk|1\n|\n|upkeep\n|turn|34\n|\n|t:|1732986968\n|move|p1a: Dunsparce|Body Slam|p2a: Brambleghast\n|-damage|p2a: Brambleghast|150/240 par\n|move|p2a: Brambleghast|Power Whip|p1a: Dunsparce\n|-damage|p1a: Dunsparce|252/312\n|\n|-heal|p2a: Brambleghast|165/240 par|[from] item: Leftovers\n|upkeep\n|turn|35\n|\n|t:|1732986974\n|move|p1a: Dunsparce|Earthquake|p2a: Brambleghast\n|-crit|p2a: Brambleghast\n|-damage|p2a: Brambleghast|65/240 par\n|cant|p2a: Brambleghast|par\n|\n|-heal|p2a: Brambleghast|80/240 par|[from] item: Leftovers\n|upkeep\n|turn|36\n|\n|t:|1732986996\n|move|p1a: Dunsparce|Coil|p1a: Dunsparce\n|-boost|p1a: Dunsparce|atk|1\n|-boost|p1a: Dunsparce|def|1\n|-boost|p1a: Dunsparce|accuracy|1\n|cant|p2a: Brambleghast|par\n|\n|-heal|p2a: Brambleghast|95/240 par|[from] item: Leftovers\n|upkeep\n|turn|37\n|\n|t:|1732987018\n|move|p1a: Dunsparce|Coil|p1a: Dunsparce\n|-boost|p1a: Dunsparce|atk|1\n|-boost|p1a: Dunsparce|def|1\n|-boost|p1a: Dunsparce|accuracy|1\n|move|p2a: Brambleghast|Strength Sap|p1a: Dunsparce\n|-unboost|p1a: Dunsparce|atk|1\n|-heal|p2a: Brambleghast|240/240 par\n|\n|upkeep\n|turn|38\n|\n|t:|1732987029\n|move|p1a: Dunsparce|Coil|p1a: Dunsparce\n|-boost|p1a: Dunsparce|atk|1\n|-boost|p1a: Dunsparce|def|0\n|-boost|p1a: Dunsparce|accuracy|0\n|cant|p2a: Brambleghast|par\n|\n|upkeep\n|turn|39\n|\n|t:|1732987053\n|move|p1a: Dunsparce|Body Slam|p2a: Brambleghast\n|-crit|p2a: Brambleghast\n|-damage|p2a: Brambleghast|0 fnt\n|faint|p2a: Brambleghast\n|\n|upkeep\n|\n|t:|1732987064\n|switch|p2a: Minun|Minun, L95, M|268/268\n|turn|40\n|\n|t:|1732987073\n|move|p2a: Minun|Thunderbolt|p1a: Dunsparce\n|-damage|p1a: Dunsparce|138/312\n|-damage|p2a: Minun|242/268|[from] item: Life Orb\n|move|p1a: Dunsparce|Earthquake|p2a: Minun\n|-supereffective|p2a: Minun\n|-damage|p2a: Minun|0 fnt\n|faint|p2a: Minun\n|\n|upkeep\n|\n|t:|1732987094\n|switch|p2a: Oinkologne|Oinkologne, L92, M|352/352\n|turn|41\n|\n|t:|1732987104\n|move|p2a: Oinkologne|Double-Edge|p1a: Dunsparce\n|-damage|p1a: Dunsparce|107/312\n|-damage|p2a: Oinkologne|342/352|[from] Recoil\n|move|p1a: Dunsparce|Roost|p1a: Dunsparce\n|-heal|p1a: Dunsparce|263/312\n|-singleturn|p1a: Dunsparce|move: Roost\n|\n|-heal|p2a: Oinkologne|352/352|[from] item: Leftovers\n|upkeep\n|turn|42\n|\n|t:|1732987115\n|move|p2a: Oinkologne|Curse|p2a: Oinkologne\n|-unboost|p2a: Oinkologne|spe|1\n|-boost|p2a: Oinkologne|atk|1\n|-boost|p2a: Oinkologne|def|1\n|move|p1a: Dunsparce|Earthquake|p2a: Oinkologne\n|-damage|p2a: Oinkologne|279/352\n|\n|-heal|p2a: Oinkologne|301/352|[from] item: Leftovers\n|upkeep\n|turn|43\n|\n|t:|1732987123\n|move|p1a: Dunsparce|Body Slam|p2a: Oinkologne\n|-damage|p2a: Oinkologne|198/352\n|-status|p2a: Oinkologne|par\n|move|p2a: Oinkologne|Curse|p2a: Oinkologne\n|-unboost|p2a: Oinkologne|spe|1\n|-boost|p2a: Oinkologne|atk|1\n|-boost|p2a: Oinkologne|def|1\n|\n|-heal|p2a: Oinkologne|220/352 par|[from] item: Leftovers\n|upkeep\n|turn|44\n|\n|t:|1732987149\n|move|p1a: Dunsparce|Coil|p1a: Dunsparce\n|-boost|p1a: Dunsparce|atk|1\n|-boost|p1a: Dunsparce|def|0\n|-boost|p1a: Dunsparce|accuracy|0\n|move|p2a: Oinkologne|Double-Edge|p1a: Dunsparce\n|-damage|p1a: Dunsparce|200/312\n|-damage|p2a: Oinkologne|199/352 par|[from] Recoil\n|\n|-heal|p2a: Oinkologne|221/352 par|[from] item: Leftovers\n|upkeep\n|turn|45\n|\n|t:|1732987156\n|move|p1a: Dunsparce|Body Slam|p2a: Oinkologne\n|-damage|p2a: Oinkologne|133/352 par\n|move|p2a: Oinkologne|Curse|p2a: Oinkologne\n|-unboost|p2a: Oinkologne|spe|1\n|-boost|p2a: Oinkologne|atk|1\n|-boost|p2a: Oinkologne|def|1\n|\n|-heal|p2a: Oinkologne|155/352 par|[from] item: Leftovers\n|upkeep\n|turn|46\n|\n|t:|1732987182\n|move|p1a: Dunsparce|Body Slam|p2a: Oinkologne\n|-damage|p2a: Oinkologne|73/352 par\n|move|p2a: Oinkologne|Curse|p2a: Oinkologne\n|-unboost|p2a: Oinkologne|spe|1\n|-boost|p2a: Oinkologne|atk|1\n|-boost|p2a: Oinkologne|def|1\n|\n|-heal|p2a: Oinkologne|95/352 par|[from] item: Leftovers\n|upkeep\n|turn|47\n|\n|t:|1732987199\n|move|p1a: Dunsparce|Body Slam|p2a: Oinkologne\n|-damage|p2a: Oinkologne|32/352 par\n|cant|p2a: Oinkologne|par\n|\n|-heal|p2a: Oinkologne|54/352 par|[from] item: Leftovers\n|upkeep\n|turn|48\n|\n|t:|1732987213\n|move|p1a: Dunsparce|Body Slam|p2a: Oinkologne\n|-damage|p2a: Oinkologne|0 fnt\n|faint|p2a: Oinkologne\n|\n|upkeep\n|l|\u2606lapistogekiss\n|player|p1|\n|\n|t:|1732987232\n|switch|p2a: Tyranitar|Tyranitar, L79, M|288/288\n|-weather|Sandstorm|[from] ability: Sand Stream|[of] p2a: Tyranitar\n|turn|49\n|j|\u2606lapistogekiss\n|player|p1|lapistogekiss|101|\n|\n|t:|1732987252\n|move|p2a: Tyranitar|Dragon Dance|p2a: Tyranitar\n|-boost|p2a: Tyranitar|atk|1\n|-boost|p2a: Tyranitar|spe|1\n|move|p1a: Dunsparce|Roost|p1a: Dunsparce\n|-heal|p1a: Dunsparce|312/312\n|-singleturn|p1a: Dunsparce|move: Roost\n|\n|-weather|Sandstorm|[upkeep]\n|-damage|p1a: Dunsparce|293/312|[from] Sandstorm\n|upkeep\n|turn|50\n|l|\u2606lapistogekiss\n|player|p1|\n|j|\u2606lapistogekiss\n|player|p1|lapistogekiss|101|\n|\n|t:|1732987300\n|move|p2a: Tyranitar|Dragon Dance|p2a: Tyranitar\n|-boost|p2a: Tyranitar|atk|1\n|-boost|p2a: Tyranitar|spe|1\n|move|p1a: Dunsparce|Body Slam|p2a: Tyranitar\n|-resisted|p2a: Tyranitar\n|-damage|p2a: Tyranitar|202/288\n|-status|p2a: Tyranitar|par\n|\n|-weather|Sandstorm|[upkeep]\n|-damage|p1a: Dunsparce|274/312|[from] Sandstorm\n|-heal|p2a: Tyranitar|220/288 par|[from] item: Leftovers\n|upkeep\n|turn|51\n|\n|t:|1732987312\n|move|p2a: Tyranitar|Knock Off|p1a: Dunsparce\n|-damage|p1a: Dunsparce|229/312\n|-enditem|p1a: Dunsparce|Eviolite|[from] move: Knock Off|[of] p2a: Tyranitar\n|move|p1a: Dunsparce|Body Slam|p2a: Tyranitar\n|-resisted|p2a: Tyranitar\n|-damage|p2a: Tyranitar|135/288 par\n|\n|-weather|Sandstorm|[upkeep]\n|-damage|p1a: Dunsparce|210/312|[from] Sandstorm\n|-heal|p2a: Tyranitar|153/288 par|[from] item: Leftovers\n|upkeep\n|turn|52\n|\n|t:|1732987325\n|cant|p2a: Tyranitar|par\n|move|p1a: Dunsparce|Body Slam|p2a: Tyranitar\n|-resisted|p2a: Tyranitar\n|-damage|p2a: Tyranitar|74/288 par\n|\n|-weather|Sandstorm|[upkeep]\n|-damage|p1a: Dunsparce|191/312|[from] Sandstorm\n|-heal|p2a: Tyranitar|92/288 par|[from] item: Leftovers\n|upkeep\n|turn|53\n|\n|t:|1732987352\n|cant|p2a: Tyranitar|par\n|move|p1a: Dunsparce|Body Slam|p2a: Tyranitar\n|-resisted|p2a: Tyranitar\n|-damage|p2a: Tyranitar|5/288 par\n|\n|-weather|none\n|-heal|p2a: Tyranitar|23/288 par|[from] item: Leftovers\n|upkeep\n|turn|54\n|\n|t:|1732987361\n|cant|p2a: Tyranitar|par\n|move|p1a: Dunsparce|Body Slam|p2a: Tyranitar\n|-resisted|p2a: Tyranitar\n|-damage|p2a: Tyranitar|0 fnt\n|faint|p2a: Tyranitar\n|\n|win|lapistogekiss\n", "inputlog": ">version b107d77f5c90bd6555267ae244a6264823309ead\n>start {\"formatid\":\"gen9randombattle\",\"seed\":[19578,19708,23238,11974]}\n>player p1 {\"name\":\"lapistogekiss\",\"avatar\":\"101\",\"rating\":0,\"seed\":[43561,1119,40843,23735]}\n>player p2 {\"name\":\"katiau_123\",\"avatar\":\"266\",\"rating\":0,\"seed\":[40945,56942,36016,51442]}\n>p1 move psyshock\n>p2 move yawn\n>p1 move calmmind\n>p2 move knockoff\n>p1 move calmmind\n>p2 move earthquake\n>p1 move alluringvoice\n>p2 move earthquake\n>p1 switch 4\n>p1 move shellsmash\n>p2 move yawn\n>p1 move storedpower\n>p2 move knockoff\n>p1 move storedpower\n>p2 move earthquake\n>p1 switch 2\n>p1 move surf\n>p2 move earthquake\n>p1 switch 5\n>p1 move superpower\n>p2 move icebeam\n>p2 switch 6\n>p1 move zenheadbutt\n>p2 move sludgewave\n>p1 switch 6\n>p1 move earthquake\n>p2 move sludgewave\n>p2 switch 2\n>p1 move rockpolish terastallize\n>p2 move powerwhip\n>p1 move megahorn\n>p2 move strengthsap terastallize\n>p1 move earthquake\n>p2 move poltergeist\n>p1 move earthquake\n>p2 move strengthsap\n>p1 move earthquake\n>p2 move poltergeist\n>p1 switch 3\n>p1 move coil\n>p2 move powerwhip\n>p1 move earthquake\n>p2 move powerwhip\n>p1 move bodyslam\n>p2 move strengthsap\n>p1 move earthquake\n>p2 move powerwhip\n>p1 move earthquake\n>p2 move strengthsap\n>p1 move bodyslam\n>p2 move powerwhip\n>p1 move roost\n>p2 move powerwhip\n>p1 move roost\n>p2 move powerwhip\n>p1 move earthquake\n>p2 move powerwhip\n>p1 move earthquake\n>p2 move powerwhip\n>p1 move roost\n>p2 move strengthsap\n>p1 move bodyslam\n>p2 move powerwhip\n>p1 move coil\n>p2 move powerwhip\n>p1 move roost\n>p2 move powerwhip\n>p1 move coil\n>p2 move powerwhip\n>p1 move coil\n>p2 move powerwhip\n>p1 move roost\n>p2 move strengthsap\n>p1 move bodyslam\n>p2 move powerwhip\n>p1 move earthquake\n>p2 move strengthsap\n>p1 move coil\n>p2 move strengthsap\n>p1 move coil\n>p2 move strengthsap\n>p1 move coil\n>p2 move strengthsap\n>p1 move bodyslam\n>p2 move strengthsap\n>p2 switch 5\n>p1 move earthquake\n>p2 move thunderbolt\n>p2 switch 3\n>p1 move roost\n>p2 move doubleedge\n>p1 move earthquake\n>p2 move curse\n>p1 move bodyslam\n>p2 move curse\n>p1 move coil\n>p2 move doubleedge\n>p1 move bodyslam\n>p2 move curse\n>p1 move bodyslam\n>p2 move curse\n>p1 move bodyslam\n>p2 move doubleedge\n>p1 move bodyslam\n>p2 move doubleedge\n>p2 switch 4\n>p1 move roost\n>p2 move dragondance\n>p1 move bodyslam\n>p2 move dragondance\n>p1 move bodyslam\n>p2 move knockoff\n>p1 move bodyslam\n>p2 move stoneedge\n>p1 move bodyslam\n>p2 move stoneedge\n>p1 move bodyslam\n>p2 move stoneedge", "uploadtime": 1732987363, "views": 2, "formatid": "gen9randombattle", "rating": null, "private": 0, "password": null}