{"id": "gen9randombattle-2254087276", "format": "[Gen 9] Random Battle", "players": ["ghost nation 6567", "GitanoVenenoso"], "log": "|j|\u2606ghost nation 6567\n|j|\u2606GitanoVenenoso\n|t:|1732989680\n|gametype|singles\n|player|p1|ghost nation 6567|winona|1193\n|player|p2|GitanoVenenoso|1|1236\n|teamsize|p1|6\n|teamsize|p2|6\n|gen|9\n|tier|[Gen 9] Random Battle\n|rated|\n|rule|Species Clause: Limit one of each Pok\u00e9mon\n|rule|HP Percentage Mod: HP is shown in percentages\n|rule|Sleep Clause Mod: Limit one foe put to sleep\n|rule|Illusion Level Mod: Illusion disguises the Pok\u00e9mon's true level\n|\n|t:|1732989680\n|start\n|switch|p1a: Vigoroth|Vigoroth, L85, M|275/275\n|switch|p2a: Pelipper|Pelipper, L86, M|243/243\n|-weather|RainDance|[from] ability: Drizzle|[of] p2a: Pelipper\n|turn|1\n|inactive|Battle timer is ON: inactive players will automatically lose when time's up. (requested by GitanoVenenoso)\n|\n|t:|1732989692\n|move|p1a: Vigoroth|Bulk Up|p1a: Vigoroth\n|-boost|p1a: Vigoroth|atk|1\n|-boost|p1a: Vigoroth|def|1\n|move|p2a: Pelipper|Weather Ball|p1a: Vigoroth\n|-damage|p1a: Vigoroth|52/275\n|\n|-weather|RainDance|[upkeep]\n|upkeep\n|turn|2\n|\n|t:|1732989704\n|move|p1a: Vigoroth|Body Slam|p2a: Pelipper\n|-damage|p2a: Pelipper|134/243\n|move|p2a: Pelipper|Weather Ball|p1a: Vigoroth\n|-damage|p1a: Vigoroth|0 fnt\n|faint|p1a: Vigoroth\n|\n|-weather|RainDance|[upkeep]\n|upkeep\n|\n|t:|1732989710\n|switch|p1a: Giratina|Giratina-Origin, L72|335/335\n|turn|3\n|\n|t:|1732989723\n|move|p1a: Giratina|Draco Meteor|p2a: Pelipper\n|-damage|p2a: Pelipper|0 fnt\n|-unboost|p1a: Giratina|spa|2\n|faint|p2a: Pelipper\n|\n|-weather|RainDance|[upkeep]\n|upkeep\n|\n|t:|1732989739\n|switch|p2a: Klefki|Klefki, L84, F|233/233\n|turn|4\n|\n|t:|1732989745\n|switch|p1a: Probopass|Probopass, L92, M|260/260\n|move|p2a: Klefki|Spikes|p1a: Probopass\n|-sidestart|p1: ghost nation 6567|Spikes\n|\n|-weather|RainDance|[upkeep]\n|upkeep\n|turn|5\n|\n|t:|1732989753\n|move|p2a: Klefki|Thunder Wave|p1a: Probopass|[miss]\n|-miss|p2a: Klefki|p1a: Probopass\n|move|p1a: Probopass|Iron Defense|p1a: Probopass\n|-boost|p1a: Probopass|def|2\n|\n|-weather|none\n|upkeep\n|turn|6\n|\n|t:|1732989769\n|-terastallize|p1a: Probopass|Fighting\n|move|p2a: Klefki|Thunder Wave|p1a: Probopass|[miss]\n|-miss|p2a: Klefki|p1a: Probopass\n|move|p1a: Probopass|Body Press|p2a: Klefki\n|-damage|p2a: Klefki|0 fnt\n|faint|p2a: Klefki\n|\n|upkeep\n|\n|t:|1732989779\n|switch|p2a: Bruxish|Bruxish, L85, F|254/254\n|turn|7\n|\n|t:|1732989789\n|switch|p1a: Carbink|Carbink, L90|236/236\n|-damage|p1a: Carbink|207/236|[from] Spikes\n|move|p2a: Bruxish|Psychic Fangs|p1a: Carbink\n|-damage|p1a: Carbink|68/236\n|\n|-heal|p1a: Carbink|82/236|[from] item: Leftovers\n|upkeep\n|turn|8\n|\n|t:|1732989798\n|move|p2a: Bruxish|Psychic Fangs|p1a: Carbink\n|-damage|p1a: Carbink|0 fnt\n|faint|p1a: Carbink\n|\n|upkeep\n|\n|t:|1732989802\n|switch|p1a: Flareon|Flareon, L90, M|263/263\n|-damage|p1a: Flareon|231/263|[from] Spikes\n|turn|9\n|\n|t:|1732989806\n|move|p2a: Bruxish|Psychic Fangs|p1a: Flareon\n|-damage|p1a: Flareon|0 fnt\n|faint|p1a: Flareon\n|\n|upkeep\n|\n|t:|1732989815\n|switch|p1a: Quaquaval|Quaquaval, L79, F|264/264\n|turn|10\n|\n|t:|1732989821\n|move|p2a: Bruxish|Psychic Fangs|p1a: Quaquaval\n|-supereffective|p1a: Quaquaval\n|-damage|p1a: Quaquaval|0 fnt\n|faint|p1a: Quaquaval\n|\n|upkeep\n|\n|t:|1732989824\n|switch|p1a: Giratina|Giratina-Origin, L72|335/335\n|turn|11\n|\n|t:|1732989827\n|move|p2a: Bruxish|Psychic Fangs|p1a: Giratina\n|-damage|p1a: Giratina|121/335\n|move|p1a: Giratina|Poltergeist|p2a: Bruxish\n|-activate|p2a: Bruxish|move: Poltergeist|Choice Band\n|-supereffective|p2a: Bruxish\n|-damage|p2a: Bruxish|0 fnt\n|faint|p2a: Bruxish\n|\n|upkeep\n|\n|t:|1732989836\n|switch|p2a: Tinkaton|Tinkaton, L82, F|274/274\n|-ability|p2a: Tinkaton|Mold Breaker\n|turn|12\n|\n|t:|1732989842\n|move|p2a: Tinkaton|Play Rough|p1a: Giratina\n|-supereffective|p1a: Giratina\n|-damage|p1a: Giratina|0 fnt\n|faint|p1a: Giratina\n|\n|upkeep\n|\n|t:|1732989845\n|switch|p1a: Probopass|Probopass, L92, M, tera:Fighting|260/260\n|-damage|p1a: Probopass|228/260|[from] Spikes\n|turn|13\n|\n|t:|1732989851\n|move|p2a: Tinkaton|Play Rough|p1a: Probopass|[miss]\n|-miss|p2a: Tinkaton|p1a: Probopass\n|move|p1a: Probopass|Iron Defense|p1a: Probopass\n|-boost|p1a: Probopass|def|2\n|\n|upkeep\n|turn|14\n|\n|t:|1732989856\n|move|p2a: Tinkaton|Play Rough|p1a: Probopass\n|-supereffective|p1a: Probopass\n|-damage|p1a: Probopass|184/260\n|move|p1a: Probopass|Iron Defense|p1a: Probopass\n|-boost|p1a: Probopass|def|2\n|\n|upkeep\n|turn|15\n|\n|t:|1732989873\n|move|p2a: Tinkaton|Play Rough|p1a: Probopass\n|-supereffective|p1a: Probopass\n|-damage|p1a: Probopass|152/260\n|move|p1a: Probopass|Body Press|p2a: Tinkaton\n|-damage|p2a: Tinkaton|0 fnt\n|faint|p2a: Tinkaton\n|\n|upkeep\n|\n|t:|1732989880\n|switch|p2a: Zapdos|Zapdos-Galar, L77|265/265\n|turn|16\n|\n|t:|1732989886\n|move|p2a: Zapdos|Bulk Up|p2a: Zapdos\n|-boost|p2a: Zapdos|atk|1\n|-boost|p2a: Zapdos|def|1\n|move|p1a: Probopass|Rest|p1a: Probopass\n|-status|p1a: Probopass|slp|[from] move: Rest\n|-heal|p1a: Probopass|260/260 slp|[silent]\n|-enditem|p1a: Probopass|Chesto Berry|[eat]\n|-curestatus|p1a: Probopass|slp|[msg]\n|\n|upkeep\n|turn|17\n|\n|t:|1732989895\n|move|p2a: Zapdos|Bulk Up|p2a: Zapdos\n|-boost|p2a: Zapdos|atk|1\n|-boost|p2a: Zapdos|def|1\n|move|p1a: Probopass|Iron Defense|p1a: Probopass\n|-boost|p1a: Probopass|def|2\n|\n|upkeep\n|turn|18\n|\n|t:|1732989901\n|move|p2a: Zapdos|Bulk Up|p2a: Zapdos\n|-boost|p2a: Zapdos|atk|1\n|-boost|p2a: Zapdos|def|1\n|move|p1a: Probopass|Body Press|p2a: Zapdos\n|-resisted|p2a: Zapdos\n|-damage|p2a: Zapdos|157/265\n|\n|upkeep\n|turn|19\n|\n|t:|1732989908\n|move|p2a: Zapdos|Bulk Up|p2a: Zapdos\n|-boost|p2a: Zapdos|atk|1\n|-boost|p2a: Zapdos|def|1\n|move|p1a: Probopass|Power Gem|p2a: Zapdos\n|-damage|p2a: Zapdos|69/265\n|\n|upkeep\n|turn|20\n|\n|t:|1732989920\n|move|p2a: Zapdos|Bulk Up|p2a: Zapdos\n|-boost|p2a: Zapdos|atk|1\n|-boost|p2a: Zapdos|def|1\n|move|p1a: Probopass|Power Gem|p2a: Zapdos\n|-damage|p2a: Zapdos|0 fnt\n|faint|p2a: Zapdos\n|\n|upkeep\n|-message|GitanoVenenoso forfeited.\n|\n|win|ghost nation 6567\n|raw|ghost nation 6567's rating: 1193 &rarr; <strong>1221</strong><br />(+28 for winning)\n|raw|GitanoVenenoso's rating: 1236 &rarr; <strong>1208</strong><br />(-28 for losing)\n|l|\u2606GitanoVenenoso\n|player|p2|\n|l|\u2606ghost nation 6567\n|player|p1|\n|j|\u2606ghost nation 6567\n|player|p1|ghost nation 6567|winona|\n", "inputlog": ">version b107d77f5c90bd6555267ae244a6264823309ead\n>start {\"formatid\":\"gen9randombattle\",\"seed\":[56299,38043,3674,54196],\"rated\":\"Rated battle\"}\n>player p1 {\"name\":\"ghost nation 6567\",\"avatar\":\"winona\",\"rating\":1193,\"seed\":[25412,40488,29641,36261]}\n>player p2 {\"name\":\"GitanoVenenoso\",\"avatar\":\"1\",\"rating\":1236,\"seed\":[25662,39451,43675,48668]}\n>p1 move bulkup\n>p2 move weatherball\n>p1 move bodyslam\n>p2 move weatherball\n>p1 switch 5\n>p1 move dracometeor\n>p2 move weatherball\n>p2 switch 4\n>p1 switch 2\n>p2 move spikes\n>p1 move irondefense\n>p2 move thunderwave\n>p1 move bodypress terastallize\n>p2 move thunderwave\n>p2 switch 3\n>p1 switch 3\n>p2 move psychicfangs\n>p1 move moonblast\n>p2 move psychicfangs\n>p1 switch 4\n>p1 move willowisp\n>p2 move psychicfangs\n>p1 switch 6\n>p1 move uturn\n>p2 move psychicfangs\n>p1 switch 2\n>p1 move poltergeist\n>p2 move psychicfangs\n>p2 switch 5\n>p1 move poltergeist\n>p2 move playrough\n>p1 switch 3\n>p1 move irondefense\n>p2 move playrough\n>p1 move irondefense\n>p2 move playrough\n>p1 move bodypress\n>p2 move playrough\n>p2 switch 6\n>p1 move rest\n>p2 move bulkup\n>p1 move irondefense\n>p2 move bulkup\n>p1 move bodypress\n>p2 move bulkup\n>p1 move powergem\n>p2 move bulkup\n>p1 move powergem\n>p2 move bulkup\n>forcelose p2", "uploadtime": 1732989933, "views": 4, "formatid": "gen9randombattle", "rating": 1208, "private": 0, "password": null}