{"id": "gen9randombattle-2253984977", "format": "[Gen 9] Random Battle", "players": ["fillion37", "Deshyboi"], "log": "|j|\u2606fillion37\n|j|\u2606Deshyboi\n|t:|1732975810\n|gametype|singles\n|player|p1|fillion37|cyrus|1471\n|player|p2|Deshyboi|101|1482\n|teamsize|p1|6\n|teamsize|p2|6\n|gen|9\n|tier|[Gen 9] Random Battle\n|rated|\n|rule|Species Clause: Limit one of each Pok\u00e9mon\n|rule|HP Percentage Mod: HP is shown in percentages\n|rule|Sleep Clause Mod: Limit one foe put to sleep\n|rule|Illusion Level Mod: Illusion disguises the Pok\u00e9mon's true level\n|\n|t:|1732975810\n|start\n|switch|p1a: Salamence|Salamence, L77, F|273/273\n|switch|p2a: Flygon|Flygon, L82, M|265/265\n|-ability|p1a: Salamence|Intimidate|boost\n|-unboost|p2a: Flygon|atk|1\n|turn|1\n|\n|t:|1732975827\n|move|p2a: Flygon|U-turn|p1a: Salamence\n|-resisted|p1a: Salamence\n|-damage|p1a: Salamence|245/273\n|inactive|Battle timer is ON: inactive players will automatically lose when time's up. (requested by fillion37)\n|\n|t:|1732975832\n|switch|p2a: Mimikyu|Mimikyu, L79, M|216/216|[from] U-turn\n|move|p1a: Salamence|Dragon Dance|p1a: Salamence\n|-boost|p1a: Salamence|atk|1\n|-boost|p1a: Salamence|spe|1\n|\n|upkeep\n|turn|2\n|\n|t:|1732975840\n|move|p1a: Salamence|Dual Wingbeat|p2a: Mimikyu\n|-activate|p2a: Mimikyu|ability: Disguise\n|-damage|p2a: Mimikyu|216/216\n|detailschange|p2a: Mimikyu|Mimikyu-Busted, L79, M\n|-damage|p2a: Mimikyu|189/216|[from] pokemon: Mimikyu-Busted\n|-damage|p2a: Mimikyu|113/216\n|-hitcount|p2a: Mimikyu|2\n|move|p2a: Mimikyu|Play Rough|p1a: Salamence\n|-supereffective|p1a: Salamence\n|-damage|p1a: Salamence|19/273\n|-damage|p2a: Mimikyu|92/216|[from] item: Life Orb\n|\n|upkeep\n|turn|3\n|\n|t:|1732975853\n|move|p2a: Mimikyu|Shadow Sneak|p1a: Salamence\n|-damage|p1a: Salamence|0 fnt\n|faint|p1a: Salamence\n|-damage|p2a: Mimikyu|71/216|[from] item: Life Orb\n|\n|upkeep\n|\n|t:|1732975868\n|switch|p1a: Corviknight|Corviknight, L80, F|288/288\n|turn|4\n|\n|t:|1732975873\n|move|p2a: Mimikyu|Drain Punch|p1a: Corviknight\n|-damage|p1a: Corviknight|236/288\n|-heal|p2a: Mimikyu|97/216|[from] drain|[of] p1a: Corviknight\n|-damage|p2a: Mimikyu|76/216|[from] item: Life Orb\n|move|p1a: Corviknight|Brave Bird|p2a: Mimikyu\n|-damage|p2a: Mimikyu|0 fnt\n|faint|p2a: Mimikyu\n|-damage|p1a: Corviknight|211/288|[from] Recoil\n|\n|-heal|p1a: Corviknight|229/288|[from] item: Leftovers\n|upkeep\n|\n|t:|1732975885\n|switch|p2a: Flygon|Flygon, L82, M|265/265\n|turn|5\n|\n|t:|1732975894\n|move|p2a: Flygon|Stone Edge|p1a: Corviknight\n|-crit|p1a: Corviknight\n|-damage|p1a: Corviknight|76/288\n|move|p1a: Corviknight|Brave Bird|p2a: Flygon\n|-damage|p2a: Flygon|156/265\n|-damage|p1a: Corviknight|40/288|[from] Recoil\n|\n|-heal|p1a: Corviknight|58/288|[from] item: Leftovers\n|upkeep\n|turn|6\n|\n|t:|1732975904\n|move|p2a: Flygon|Stone Edge|p1a: Corviknight\n|-crit|p1a: Corviknight\n|-damage|p1a: Corviknight|0 fnt\n|faint|p1a: Corviknight\n|\n|upkeep\n|\n|t:|1732975932\n|switch|p1a: Koraidon|Koraidon, L64|235/235\n|-weather|SunnyDay|[from] ability: Orichalcum Pulse|[of] p1a: Koraidon\n|-activate|p1a: Koraidon|Orichalcum Pulse|[source]\n|turn|7\n|\n|t:|1732975941\n|move|p1a: Koraidon|U-turn|p2a: Flygon\n|-damage|p2a: Flygon|79/265\n|\n|t:|1732975943\n|switch|p1a: Hariyama|Hariyama, L87, M|392/392|[from] U-turn\n|move|p2a: Flygon|Stone Edge|p1a: Hariyama\n|-resisted|p1a: Hariyama\n|-damage|p1a: Hariyama|326/392\n|\n|-weather|SunnyDay|[upkeep]\n|upkeep\n|turn|8\n|\n|t:|1732975953\n|switch|p2a: Hoopa|Hoopa, L85|275/275\n|move|p1a: Hariyama|Close Combat|p2a: Hoopa\n|-immune|p2a: Hoopa\n|\n|-weather|SunnyDay|[upkeep]\n|upkeep\n|turn|9\n|\n|t:|1732975962\n|move|p2a: Hoopa|Trick|p1a: Hariyama\n|-activate|p2a: Hoopa|move: Trick|[of] p1a: Hariyama\n|-item|p1a: Hariyama|Choice Scarf|[from] move: Trick\n|-item|p2a: Hoopa|Assault Vest|[from] move: Trick\n|move|p1a: Hariyama|Knock Off|p2a: Hoopa\n|-supereffective|p2a: Hoopa\n|-damage|p2a: Hoopa|0 fnt\n|-enditem|p2a: Hoopa|Assault Vest|[from] move: Knock Off|[of] p1a: Hariyama\n|faint|p2a: Hoopa\n|\n|-weather|SunnyDay|[upkeep]\n|upkeep\n|\n|t:|1732975981\n|switch|p2a: Cobalion|Cobalion, L80|277/277\n|turn|10\n|\n|t:|1732975989\n|switch|p1a: Hippowdon|Hippowdon, L82, F|311/311\n|-weather|Sandstorm|[from] ability: Sand Stream|[of] p1a: Hippowdon\n|move|p2a: Cobalion|Stone Edge|p1a: Hippowdon\n|-resisted|p1a: Hippowdon\n|-damage|p1a: Hippowdon|285/311\n|\n|-weather|Sandstorm|[upkeep]\n|-heal|p1a: Hippowdon|304/311|[from] item: Leftovers\n|upkeep\n|turn|11\n|\n|t:|1732976001\n|switch|p2a: Delibird|Delibird, M|252/252\n|move|p1a: Hippowdon|Earthquake|p2a: Delibird\n|-immune|p2a: Delibird\n|\n|-weather|Sandstorm|[upkeep]\n|-damage|p2a: Delibird|237/252|[from] Sandstorm\n|-heal|p1a: Hippowdon|311/311|[from] item: Leftovers\n|upkeep\n|turn|12\n|\n|t:|1732976012\n|move|p2a: Delibird|Ice Spinner|p1a: Hippowdon|[miss]\n|-miss|p2a: Delibird|p1a: Hippowdon\n|move|p1a: Hippowdon|Stone Edge|p2a: Delibird\n|-supereffective|p2a: Delibird\n|-damage|p2a: Delibird|0 fnt\n|faint|p2a: Delibird\n|\n|-weather|Sandstorm|[upkeep]\n|upkeep\n|\n|t:|1732976033\n|switch|p2a: Darkrai|Darkrai, L77|234/234\n|turn|13\n|\n|t:|1732976061\n|switch|p1a: Hariyama|Hariyama, L87, M|326/392\n|move|p2a: Darkrai|Nasty Plot|p2a: Darkrai\n|-boost|p2a: Darkrai|spa|2\n|\n|-weather|Sandstorm|[upkeep]\n|-damage|p2a: Darkrai|220/234|[from] Sandstorm\n|-damage|p1a: Hariyama|302/392|[from] Sandstorm\n|upkeep\n|turn|14\n|\n|t:|1732976070\n|-terastallize|p2a: Darkrai|Poison\n|move|p2a: Darkrai|Sludge Bomb|p1a: Hariyama\n|-damage|p1a: Hariyama|0 fnt\n|faint|p1a: Hariyama\n|-damage|p2a: Darkrai|197/234|[from] item: Life Orb\n|\n|-weather|none\n|upkeep\n|inactive|fillion37 has 120 seconds left.\n|\n|t:|1732976087\n|switch|p1a: Hippowdon|Hippowdon, L82, F|311/311\n|-weather|Sandstorm|[from] ability: Sand Stream|[of] p1a: Hippowdon\n|turn|15\n|\n|t:|1732976093\n|move|p2a: Darkrai|Dark Pulse|p1a: Hippowdon\n|-damage|p1a: Hippowdon|48/311\n|-damage|p2a: Darkrai|174/234|[from] item: Life Orb\n|cant|p1a: Hippowdon|flinch\n|\n|-weather|Sandstorm|[upkeep]\n|-damage|p2a: Darkrai|160/234|[from] Sandstorm\n|-heal|p1a: Hippowdon|67/311|[from] item: Leftovers\n|upkeep\n|turn|16\n|\n|t:|1732976107\n|move|p2a: Darkrai|Sludge Bomb|p1a: Hippowdon\n|-resisted|p1a: Hippowdon\n|-damage|p1a: Hippowdon|0 fnt\n|faint|p1a: Hippowdon\n|-damage|p2a: Darkrai|137/234|[from] item: Life Orb\n|\n|-weather|Sandstorm|[upkeep]\n|-damage|p2a: Darkrai|123/234|[from] Sandstorm\n|upkeep\n|inactive|fillion37 has 120 seconds left.\n|\n|t:|1732976123\n|switch|p1a: Koraidon|Koraidon, L64|235/235\n|-weather|SunnyDay|[from] ability: Orichalcum Pulse|[of] p1a: Koraidon\n|-activate|p1a: Koraidon|Orichalcum Pulse|[source]\n|turn|17\n|inactive|fillion37 has 120 seconds left.\n|\n|t:|1732976132\n|move|p2a: Darkrai|Sludge Bomb|p1a: Koraidon\n|-damage|p1a: Koraidon|0 fnt\n|faint|p1a: Koraidon\n|-damage|p2a: Darkrai|100/234|[from] item: Life Orb\n|\n|-weather|SunnyDay|[upkeep]\n|upkeep\n|-message|fillion37 forfeited.\n|\n|win|Deshyboi\n|raw|fillion37's rating: 1471 &rarr; <strong>1452</strong><br />(-19 for losing)\n|raw|Deshyboi's rating: 1482 &rarr; <strong>1501</strong><br />(+19 for winning)\n|l|\u2606fillion37\n|player|p1|\n", "inputlog": ">version b107d77f5c90bd6555267ae244a6264823309ead\n>start {\"formatid\":\"gen9randombattle\",\"seed\":[24964,23652,39804,6480],\"rated\":\"Rated battle\"}\n>player p1 {\"name\":\"fillion37\",\"avatar\":\"cyrus\",\"rating\":1471,\"seed\":[17699,42876,17830,9163]}\n>player p2 {\"name\":\"Deshyboi\",\"avatar\":\"101\",\"rating\":1482,\"seed\":[594,5710,3618,48446]}\n>p1 move dragondance\n>p2 move uturn\n>p2 switch 4\n>p1 move dualwingbeat\n>p2 move playrough\n>p1 move outrage\n>p2 move shadowsneak\n>p1 switch 5\n>p1 move bravebird\n>p2 move drainpunch\n>p2 switch 4\n>p1 move bravebird\n>p2 move stoneedge\n>p1 move roost\n>p2 move stoneedge\n>p1 switch 6\n>p1 move uturn\n>p2 move stoneedge\n>p1 switch 4\n>p1 move closecombat\n>p2 switch 2\n>p1 move knockoff\n>p2 move trick\n>p2 switch 3\n>p1 switch 2\n>p2 move stoneedge\n>p1 move earthquake\n>p2 switch 5\n>p1 move stoneedge\n>p2 move icespinner\n>p2 switch 6\n>p1 switch 2\n>p2 move nastyplot\n>p1 move closecombat\n>p2 move sludgebomb terastallize\n>p1 switch 2\n>p1 move earthquake\n>p2 move darkpulse\n>p1 move earthquake\n>p2 move sludgebomb\n>p1 switch 4\n>p1 move outrage\n>p2 move sludgebomb\n>forcelose p1", "uploadtime": 1732976143, "views": 7, "formatid": "gen9randombattle", "rating": 1452, "private": 0, "password": null}