{"id": "gen9randombattle-2254039429", "format": "[Gen 9] Random Battle", "players": ["CoLD Quinston123", "it'sayo"], "log": "|j|\u2606CoLD Quinston123\n|j|\u2606it'sayo\n|t:|1732983576\n|gametype|singles\n|player|p1|CoLD Quinston123|102|1114\n|player|p2|it'sayo|lucas-gen4pt|1070\n|teamsize|p1|6\n|teamsize|p2|6\n|gen|9\n|tier|[Gen 9] Random Battle\n|rated|\n|rule|Species Clause: Limit one of each Pok\u00e9mon\n|rule|HP Percentage Mod: HP is shown in percentages\n|rule|Sleep Clause Mod: Limit one foe put to sleep\n|rule|Illusion Level Mod: Illusion disguises the Pok\u00e9mon's true level\n|\n|t:|1732983576\n|start\n|switch|p1a: Ogerpon|Ogerpon, L80, F|259/259\n|switch|p2a: Drifblim|Drifblim, L86, M|396/396\n|turn|1\n|\n|t:|1732983588\n|move|p1a: Ogerpon|Spikes|p2a: Drifblim\n|-sidestart|p2: it'sayo|Spikes\n|move|p2a: Drifblim|Calm Mind|p2a: Drifblim\n|-boost|p2a: Drifblim|spa|1\n|-boost|p2a: Drifblim|spd|1\n|\n|upkeep\n|turn|2\n|\n|t:|1732983595\n|move|p1a: Ogerpon|Ivy Cudgel|p2a: Drifblim\n|-resisted|p2a: Drifblim\n|-damage|p2a: Drifblim|306/396\n|move|p2a: Drifblim|Air Slash|p1a: Ogerpon\n|-supereffective|p1a: Ogerpon\n|-damage|p1a: Ogerpon|7/259\n|\n|upkeep\n|turn|3\n|\n|t:|1732983615\n|switch|p1a: Raging Bolt|Raging Bolt, L78|323/323\n|move|p2a: Drifblim|Air Slash|p1a: Raging Bolt\n|-resisted|p1a: Raging Bolt\n|-damage|p1a: Raging Bolt|278/323\n|\n|upkeep\n|turn|4\n|\n|t:|1732983647\n|move|p1a: Raging Bolt|Thunderclap|p2a: Drifblim\n|-supereffective|p2a: Drifblim\n|-damage|p2a: Drifblim|142/396\n|-enditem|p2a: Drifblim|Sitrus Berry|[eat]\n|-heal|p2a: Drifblim|241/396|[from] item: Sitrus Berry\n|move|p2a: Drifblim|Shadow Ball|p1a: Raging Bolt\n|-damage|p1a: Raging Bolt|190/323\n|\n|upkeep\n|turn|5\n|\n|t:|1732983662\n|move|p2a: Drifblim|Calm Mind|p2a: Drifblim\n|-boost|p2a: Drifblim|spa|1\n|-boost|p2a: Drifblim|spd|1\n|move|p1a: Raging Bolt|Discharge|p2a: Drifblim\n|-supereffective|p2a: Drifblim\n|-damage|p2a: Drifblim|101/396\n|\n|upkeep\n|turn|6\n|\n|t:|1732983673\n|-end|p1a: Raging Bolt|Protosynthesis|[silent]\n|switch|p1a: Torterra|Torterra, L78, M|276/276\n|move|p2a: Drifblim|Shadow Ball|p1a: Torterra\n|-damage|p1a: Torterra|102/276\n|\n|upkeep\n|turn|7\n|\n|t:|1732983694\n|move|p2a: Drifblim|Shadow Ball|p1a: Torterra\n|-damage|p1a: Torterra|0 fnt\n|faint|p1a: Torterra\n|\n|upkeep\n|\n|t:|1732983702\n|switch|p1a: Cloyster|Cloyster, L80, M|211/211\n|turn|8\n|\n|t:|1732983715\n|move|p2a: Drifblim|Strength Sap|p1a: Cloyster\n|-unboost|p1a: Cloyster|atk|1\n|-heal|p2a: Drifblim|299/396\n|-enditem|p1a: Cloyster|White Herb\n|-clearnegativeboost|p1a: Cloyster|[silent]\n|move|p1a: Cloyster|Shell Smash|p1a: Cloyster\n|-unboost|p1a: Cloyster|def|1\n|-unboost|p1a: Cloyster|spd|1\n|-boost|p1a: Cloyster|atk|2\n|-boost|p1a: Cloyster|spa|2\n|-boost|p1a: Cloyster|spe|2\n|\n|upkeep\n|turn|9\n|\n|t:|1732983733\n|move|p2a: Drifblim|Shadow Ball|p1a: Cloyster\n|-damage|p1a: Cloyster|0 fnt\n|faint|p1a: Cloyster\n|\n|upkeep\n|\n|t:|1732983741\n|switch|p1a: Raging Bolt|Raging Bolt, L78|190/323\n|turn|10\n|\n|t:|1732983746\n|move|p2a: Drifblim|Shadow Ball|p1a: Raging Bolt\n|-damage|p1a: Raging Bolt|70/323\n|move|p1a: Raging Bolt|Discharge|p2a: Drifblim\n|-supereffective|p2a: Drifblim\n|-damage|p2a: Drifblim|171/396\n|\n|upkeep\n|turn|11\n|\n|t:|1732983754\n|move|p2a: Drifblim|Shadow Ball|p1a: Raging Bolt\n|-damage|p1a: Raging Bolt|0 fnt\n|faint|p1a: Raging Bolt\n|-end|p1a: Raging Bolt|Protosynthesis|[silent]\n|\n|upkeep\n|\n|t:|1732983767\n|switch|p1a: Manaphy|Manaphy, L78|284/284\n|turn|12\n|\n|t:|1732983801\n|move|p2a: Drifblim|Strength Sap|p1a: Manaphy\n|-unboost|p1a: Manaphy|atk|1\n|-heal|p2a: Drifblim|332/396\n|move|p1a: Manaphy|Tail Glow|p1a: Manaphy\n|-boost|p1a: Manaphy|spa|3\n|\n|upkeep\n|turn|13\n|\n|t:|1732983816\n|move|p2a: Drifblim|Shadow Ball|p1a: Manaphy\n|-damage|p1a: Manaphy|110/284\n|move|p1a: Manaphy|Ice Beam|p2a: Drifblim\n|-supereffective|p2a: Drifblim\n|-damage|p2a: Drifblim|150/396\n|\n|-heal|p1a: Manaphy|127/284|[from] item: Leftovers\n|upkeep\n|turn|14\n|\n|t:|1732983836\n|move|p2a: Drifblim|Shadow Ball|p1a: Manaphy\n|-damage|p1a: Manaphy|0 fnt\n|faint|p1a: Manaphy\n|\n|upkeep\n|\n|t:|1732983843\n|switch|p1a: Ogerpon|Ogerpon, L80, F|7/259\n|turn|15\n|\n|t:|1732983854\n|move|p2a: Drifblim|Shadow Ball|p1a: Ogerpon\n|-damage|p1a: Ogerpon|0 fnt\n|faint|p1a: Ogerpon\n|\n|upkeep\n|\n|t:|1732983860\n|switch|p1a: Meowstic|Meowstic-F, L89, F|277/277\n|turn|16\n|\n|t:|1732983868\n|move|p2a: Drifblim|Shadow Ball|p1a: Meowstic\n|-supereffective|p1a: Meowstic\n|-damage|p1a: Meowstic|0 fnt\n|faint|p1a: Meowstic\n|\n|win|it'sayo\n|raw|CoLD Quinston123's rating: 1114 &rarr; <strong>1086</strong><br />(-28 for losing)\n|raw|it&apos;sayo's rating: 1070 &rarr; <strong>1103</strong><br />(+33 for winning)\n", "inputlog": ">version b107d77f5c90bd6555267ae244a6264823309ead\n>start {\"formatid\":\"gen9randombattle\",\"seed\":[2653,47032,51673,39680],\"rated\":\"Rated battle\"}\n>player p1 {\"name\":\"CoLD Quinston123\",\"avatar\":\"102\",\"rating\":1114,\"seed\":[52082,39367,27082,50124]}\n>player p2 {\"name\":\"it'sayo\",\"avatar\":\"lucas-gen4pt\",\"rating\":1070,\"seed\":[62706,10573,60387,30921]}\n>p1 move spikes\n>p2 move calmmind\n>p1 move ivycudgel\n>p2 move airslash\n>p1 switch 2\n>p2 move airslash\n>p1 move thunderclap\n>p2 move shadowball\n>p1 move discharge\n>p2 move calmmind\n>p1 switch 3\n>p2 move shadowball\n>p1 move bulletseed\n>p2 move shadowball\n>p1 switch 5\n>p1 move shellsmash\n>p2 move strengthsap\n>p1 move shellsmash\n>p2 move shadowball\n>p1 switch 3\n>p1 move discharge\n>p2 move shadowball\n>p1 move dracometeor\n>p2 move shadowball\n>p1 switch 4\n>p1 move tailglow\n>p2 move strengthsap\n>p1 move icebeam\n>p2 move shadowball\n>p1 move icebeam\n>p2 move shadowball\n>p1 switch 2\n>p1 move ivycudgel\n>p2 move shadowball\n>p1 switch 6\n>p1 move thunderbolt\n>p2 move shadowball", "uploadtime": 1732983876, "views": 1, "formatid": "gen9randombattle", "rating": 1086, "private": 0, "password": null}