{"id": "gen9randombattle-2253855483", "format": "[Gen 9] Random Battle", "players": ["Sacred Quill", "Ghost_609_"], "log": "|j|\u203dSacred Quill\n|j|\u2606Ghost_609_\n|t:|1732949728\n|gametype|singles\n|player|p1|Sacred Quill|clerk|1672\n|player|p2|Ghost_609_|1|1677\n|teamsize|p1|6\n|teamsize|p2|6\n|gen|9\n|tier|[Gen 9] Random Battle\n|rated|\n|rule|Species Clause: Limit one of each Pok\u00e9mon\n|rule|HP Percentage Mod: HP is shown in percentages\n|rule|Sleep Clause Mod: Limit one foe put to sleep\n|rule|Illusion Level Mod: Illusion disguises the Pok\u00e9mon's true level\n|\n|t:|1732949728\n|start\n|switch|p1a: Oricorio|Oricorio-Sensu, L85, M|266/266\n|switch|p2a: Cyclizar|Cyclizar, L83, M|252/252\n|turn|1\n|j| yyymmmttt\n|\n|t:|1732949783\n|move|p2a: Cyclizar|Shed Tail|p2a: Cyclizar\n|-start|p2a: Cyclizar|Substitute|[from] move: Shed Tail\n|-damage|p2a: Cyclizar|126/252\n|\n|t:|1732949786\n|switch|p2a: Zangoose|Zangoose, L85, M|263/263|[from] Shed Tail\n|move|p1a: Oricorio|Hurricane|p2a: Zangoose\n|-end|p2a: Zangoose|Substitute\n|\n|-status|p2a: Zangoose|tox|[from] item: Toxic Orb\n|upkeep\n|turn|2\n|\n|t:|1732949812\n|switch|p1a: Tyranitar|Tyranitar, L79, M|288/288\n|-weather|Sandstorm|[from] ability: Sand Stream|[of] p1a: Tyranitar\n|move|p2a: Zangoose|Knock Off|p1a: Tyranitar\n|-resisted|p1a: Tyranitar\n|-damage|p1a: Tyranitar|236/288\n|-enditem|p1a: Tyranitar|Leftovers|[from] move: Knock Off|[of] p2a: Zangoose\n|\n|-weather|Sandstorm|[upkeep]\n|-damage|p2a: Zangoose|247/263 tox|[from] Sandstorm\n|-damage|p2a: Zangoose|231/263 tox|[from] psn\n|upkeep\n|turn|3\n|\n|t:|1732949858\n|switch|p2a: Corviknight|Corviknight, L80, M|288/288\n|-ability|p2a: Corviknight|Pressure\n|move|p1a: Tyranitar|Stone Edge|p2a: Corviknight|[miss]\n|-miss|p1a: Tyranitar|p2a: Corviknight\n|\n|-weather|Sandstorm|[upkeep]\n|upkeep\n|turn|4\n|\n|t:|1732949868\n|switch|p1a: Oricorio|Oricorio-Sensu, L85, M|266/266\n|move|p2a: Corviknight|U-turn|p1a: Oricorio\n|-resisted|p1a: Oricorio\n|-damage|p1a: Oricorio|255/266\n|\n|t:|1732949882\n|switch|p2a: Zangoose|Zangoose, L85, M|231/263 tox|[from] U-turn\n|\n|-weather|Sandstorm|[upkeep]\n|-damage|p1a: Oricorio|239/266|[from] Sandstorm\n|-damage|p2a: Zangoose|215/263 tox|[from] Sandstorm\n|-damage|p2a: Zangoose|199/263 tox|[from] psn\n|upkeep\n|turn|5\n|\n|t:|1732949913\n|move|p1a: Oricorio|Hurricane|p2a: Zangoose\n|-damage|p2a: Zangoose|52/263 tox\n|-start|p2a: Zangoose|confusion\n|-activate|p2a: Zangoose|confusion\n|move|p2a: Zangoose|Swords Dance|p2a: Zangoose\n|-boost|p2a: Zangoose|atk|2\n|-activate|p1a: Oricorio|ability: Dancer\n|move|p1a: Oricorio|Swords Dance|p1a: Oricorio|[from]ability: Dancer\n|-boost|p1a: Oricorio|atk|2\n|\n|-weather|Sandstorm|[upkeep]\n|-damage|p1a: Oricorio|223/266|[from] Sandstorm\n|-damage|p2a: Zangoose|36/263 tox|[from] Sandstorm\n|-damage|p2a: Zangoose|4/263 tox|[from] psn\n|upkeep\n|turn|6\n|\n|t:|1732949920\n|switch|p1a: Tyranitar|Tyranitar, L79, M|236/288\n|-end|p2a: Zangoose|confusion\n|move|p2a: Zangoose|Knock Off|p1a: Tyranitar\n|-resisted|p1a: Tyranitar\n|-damage|p1a: Tyranitar|161/288\n|\n|-weather|none\n|-damage|p2a: Zangoose|0 fnt|[from] psn\n|faint|p2a: Zangoose\n|upkeep\n|\n|t:|1732949927\n|switch|p2a: Corviknight|Corviknight, L80, M|288/288\n|-ability|p2a: Corviknight|Pressure\n|turn|7\n|\n|t:|1732949952\n|switch|p1a: Oricorio|Oricorio-Sensu, L85, M|223/266\n|move|p2a: Corviknight|U-turn|p1a: Oricorio\n|-resisted|p1a: Oricorio\n|-damage|p1a: Oricorio|211/266\n|\n|t:|1732949960\n|switch|p2a: Cyclizar|Cyclizar, L83, M|210/252|[from] U-turn\n|\n|upkeep\n|turn|8\n|\n|t:|1732949971\n|move|p2a: Cyclizar|Knock Off|p1a: Oricorio\n|-supereffective|p1a: Oricorio\n|-damage|p1a: Oricorio|59/266\n|-enditem|p1a: Oricorio|Heavy-Duty Boots|[from] move: Knock Off|[of] p2a: Cyclizar\n|move|p1a: Oricorio|Hurricane|p2a: Cyclizar|[miss]\n|-miss|p1a: Oricorio|p2a: Cyclizar\n|\n|upkeep\n|turn|9\n|\n|t:|1732949980\n|move|p2a: Cyclizar|Draco Meteor|p1a: Oricorio\n|-damage|p1a: Oricorio|0 fnt\n|-unboost|p2a: Cyclizar|spa|2\n|faint|p1a: Oricorio\n|\n|upkeep\n|\n|t:|1732949996\n|switch|p1a: Darkrai|Darkrai, L77|234/234\n|turn|10\n|\n|t:|1732950033\n|move|p2a: Cyclizar|Shed Tail|p2a: Cyclizar\n|-start|p2a: Cyclizar|Substitute|[from] move: Shed Tail\n|-damage|p2a: Cyclizar|84/252\n|\n|t:|1732950040\n|switch|p2a: Reshiram|Reshiram, L76|277/277|[from] Shed Tail\n|-ability|p2a: Reshiram|Turboblaze\n|move|p1a: Darkrai|Hypnosis|p2a: Reshiram|[miss]\n|-miss|p1a: Darkrai|p2a: Reshiram\n|\n|upkeep\n|turn|11\n|\n|t:|1732950049\n|switch|p1a: Tyranitar|Tyranitar, L79, M|161/288\n|-weather|Sandstorm|[from] ability: Sand Stream|[of] p1a: Tyranitar\n|move|p2a: Reshiram|Dragon Dance|p2a: Reshiram\n|-boost|p2a: Reshiram|atk|1\n|-boost|p2a: Reshiram|spe|1\n|\n|-weather|Sandstorm|[upkeep]\n|-damage|p2a: Reshiram|260/277|[from] Sandstorm\n|upkeep\n|turn|12\n|\n|t:|1732950065\n|move|p2a: Reshiram|Dragon Dance|p2a: Reshiram\n|-boost|p2a: Reshiram|atk|1\n|-boost|p2a: Reshiram|spe|1\n|move|p1a: Tyranitar|Knock Off|p2a: Reshiram\n|-end|p2a: Reshiram|Substitute\n|\n|-weather|Sandstorm|[upkeep]\n|-damage|p2a: Reshiram|243/277|[from] Sandstorm\n|upkeep\n|turn|13\n|\n|t:|1732950073\n|move|p2a: Reshiram|Outrage|p1a: Tyranitar\n|-damage|p1a: Tyranitar|0 fnt\n|faint|p1a: Tyranitar\n|\n|-weather|Sandstorm|[upkeep]\n|-damage|p2a: Reshiram|226/277|[from] Sandstorm\n|upkeep\n|\n|t:|1732950076\n|switch|p1a: Sunflora|Sunflora, F|312/312\n|turn|14\n|\n|t:|1732950080\n|-terastallize|p1a: Sunflora|Fairy\n|move|p2a: Reshiram|Outrage|p1a: Sunflora|[from]lockedmove\n|-immune|p1a: Sunflora\n|move|p1a: Sunflora|Earth Power|p2a: Reshiram\n|-supereffective|p2a: Reshiram\n|-damage|p2a: Reshiram|0 fnt\n|faint|p2a: Reshiram\n|\n|-weather|Sandstorm|[upkeep]\n|-damage|p1a: Sunflora|293/312|[from] Sandstorm\n|upkeep\n|\n|t:|1732950106\n|switch|p2a: Pelipper|Pelipper, L86, F|243/243\n|-weather|RainDance|[from] ability: Drizzle|[of] p2a: Pelipper\n|turn|15\n|\n|t:|1732950120\n|switch|p1a: Feraligatr|Feraligatr, L79, F|264/264\n|move|p2a: Pelipper|U-turn|p1a: Feraligatr\n|-damage|p1a: Feraligatr|232/264\n|\n|t:|1732950131\n|switch|p2a: Cloyster|Cloyster, L80, F|211/211|[from] U-turn\n|\n|-weather|RainDance|[upkeep]\n|upkeep\n|turn|16\n|\n|t:|1732950139\n|move|p1a: Feraligatr|Liquidation|p2a: Cloyster\n|-resisted|p2a: Cloyster\n|-damage|p2a: Cloyster|150/211\n|move|p2a: Cloyster|Shell Smash|p2a: Cloyster\n|-unboost|p2a: Cloyster|def|1\n|-unboost|p2a: Cloyster|spd|1\n|-boost|p2a: Cloyster|atk|2\n|-boost|p2a: Cloyster|spa|2\n|-boost|p2a: Cloyster|spe|2\n|-enditem|p2a: Cloyster|White Herb\n|-clearnegativeboost|p2a: Cloyster|[silent]\n|\n|-weather|RainDance|[upkeep]\n|upkeep\n|turn|17\n|\n|t:|1732950155\n|move|p2a: Cloyster|Rock Blast|p1a: Feraligatr\n|-damage|p1a: Feraligatr|201/264\n|-damage|p1a: Feraligatr|168/264\n|-damage|p1a: Feraligatr|135/264\n|-damage|p1a: Feraligatr|101/264\n|-damage|p1a: Feraligatr|71/264\n|-hitcount|p1a: Feraligatr|5\n|move|p1a: Feraligatr|Liquidation|p2a: Cloyster\n|-resisted|p2a: Cloyster\n|-damage|p2a: Cloyster|84/211\n|\n|-weather|RainDance|[upkeep]\n|upkeep\n|turn|18\n|\n|t:|1732950160\n|move|p2a: Cloyster|Rock Blast|p1a: Feraligatr\n|-damage|p1a: Feraligatr|41/264\n|-damage|p1a: Feraligatr|6/264\n|-damage|p1a: Feraligatr|0 fnt\n|faint|p1a: Feraligatr\n|-hitcount|p1: Feraligatr|3\n|\n|-weather|RainDance|[upkeep]\n|upkeep\n|\n|t:|1732950163\n|switch|p1a: Sunflora|Sunflora, F, tera:Fairy|293/312\n|turn|19\n|\n|t:|1732950172\n|move|p2a: Cloyster|Icicle Spear|p1a: Sunflora\n|-damage|p1a: Sunflora|241/312\n|-damage|p1a: Sunflora|186/312\n|-damage|p1a: Sunflora|134/312\n|-damage|p1a: Sunflora|73/312\n|-damage|p1a: Sunflora|13/312\n|-hitcount|p1a: Sunflora|5\n|move|p1a: Sunflora|Dazzling Gleam|p2a: Cloyster\n|-damage|p2a: Cloyster|0 fnt\n|faint|p2a: Cloyster\n|\n|-weather|none\n|upkeep\n|\n|t:|1732950186\n|switch|p2a: Cyclizar|Cyclizar, L83, M|168/252\n|turn|20\n|\n|t:|1732950192\n|switch|p2a: Corviknight|Corviknight, L80, M|288/288\n|-ability|p2a: Corviknight|Pressure\n|move|p1a: Sunflora|Dazzling Gleam|p2a: Corviknight\n|-resisted|p2a: Corviknight\n|-damage|p2a: Corviknight|192/288\n|\n|-heal|p2a: Corviknight|210/288|[from] item: Leftovers\n|upkeep\n|turn|21\n|\n|t:|1732950204\n|move|p2a: Corviknight|Roost|p2a: Corviknight\n|-heal|p2a: Corviknight|288/288\n|-singleturn|p2a: Corviknight|move: Roost\n|move|p1a: Sunflora|Dazzling Gleam|p2a: Corviknight\n|-resisted|p2a: Corviknight\n|-damage|p2a: Corviknight|181/288\n|\n|-heal|p2a: Corviknight|199/288|[from] item: Leftovers\n|upkeep\n|turn|22\n|\n|t:|1732950217\n|move|p2a: Corviknight|U-turn|p1a: Sunflora\n|-resisted|p1a: Sunflora\n|-damage|p1a: Sunflora|0 fnt\n|faint|p1a: Sunflora\n|\n|t:|1732950221\n|switch|p2a: Cyclizar|Cyclizar, L83, M|252/252|[from] U-turn\n|\n|upkeep\n|\n|t:|1732950224\n|switch|p1a: Polteageist|Polteageist, L79|224/224\n|turn|23\n|\n|t:|1732950232\n|move|p2a: Cyclizar|Knock Off|p1a: Polteageist\n|-supereffective|p1a: Polteageist\n|-damage|p1a: Polteageist|32/224\n|-enditem|p1a: Polteageist|White Herb|[from] move: Knock Off|[of] p2a: Cyclizar\n|move|p1a: Polteageist|Shell Smash|p1a: Polteageist\n|-unboost|p1a: Polteageist|def|1\n|-unboost|p1a: Polteageist|spd|1\n|-boost|p1a: Polteageist|atk|2\n|-boost|p1a: Polteageist|spa|2\n|-boost|p1a: Polteageist|spe|2\n|\n|upkeep\n|turn|24\n|\n|t:|1732950244\n|move|p1a: Polteageist|Stored Power|p2a: Cyclizar\n|-damage|p2a: Cyclizar|0 fnt\n|faint|p2a: Cyclizar\n|\n|upkeep\n|\n|t:|1732950248\n|switch|p2a: Corviknight|Corviknight, L80, M|199/288\n|-ability|p2a: Corviknight|Pressure\n|turn|25\n|\n|t:|1732950258\n|move|p1a: Polteageist|Shadow Ball|p2a: Corviknight\n|-damage|p2a: Corviknight|0 fnt\n|faint|p2a: Corviknight\n|\n|upkeep\n|\n|t:|1732950261\n|switch|p2a: Pelipper|Pelipper, L86, F|243/243\n|-weather|RainDance|[from] ability: Drizzle|[of] p2a: Pelipper\n|turn|26\n|\n|t:|1732950268\n|move|p1a: Polteageist|Stored Power|p2a: Pelipper\n|-damage|p2a: Pelipper|0 fnt\n|faint|p2a: Pelipper\n|\n|win|Sacred Quill\n|raw|Sacred Quill's rating: 1672 &rarr; <strong>1692</strong><br />(+20 for winning)\n|raw|Ghost_609_'s rating: 1677 &rarr; <strong>1657</strong><br />(-20 for losing)\n", "inputlog": ">version b107d77f5c90bd6555267ae244a6264823309ead\n>start {\"formatid\":\"gen9randombattle\",\"seed\":[28350,5269,19732,63258],\"rated\":\"Rated battle\"}\n>player p1 {\"name\":\"Sacred Quill\",\"avatar\":\"clerk\",\"rating\":1672,\"seed\":[19642,9189,34752,20640]}\n>player p2 {\"name\":\"Ghost_609_\",\"avatar\":\"1\",\"rating\":1677,\"seed\":[36488,60978,2552,52413]}\n>p1 move hurricane\n>p2 move shedtail\n>p2 switch 3\n>p1 switch 3\n>p2 move knockoff\n>p1 move stoneedge\n>p2 switch 2\n>p1 switch 3\n>p2 move uturn\n>p2 switch 2\n>p1 move hurricane\n>p2 move swordsdance\n>p1 switch 3\n>p2 move knockoff\n>p2 switch 2\n>p1 switch 3\n>p2 move uturn\n>p2 switch 3\n>p1 move hurricane\n>p2 move knockoff\n>p1 move hurricane\n>p2 move dracometeor\n>p1 switch 6\n>p1 move hypnosis\n>p2 move shedtail\n>p2 switch 6\n>p1 switch 3\n>p2 move dragondance\n>p1 move knockoff\n>p2 move dragondance\n>p1 move stoneedge\n>p2 move outrage\n>p1 switch 4\n>p1 move earthpower terastallize\n>p2 move outrage\n>p2 switch 5\n>p1 switch 5\n>p2 move uturn\n>p2 switch 4\n>p1 move liquidation\n>p2 move shellsmash\n>p1 move liquidation\n>p2 move rockblast\n>p1 move liquidation\n>p2 move rockblast\n>p1 switch 5\n>p1 move dazzlinggleam\n>p2 move iciclespear\n>p2 switch 6\n>p1 move dazzlinggleam\n>p2 switch 3\n>p1 move dazzlinggleam\n>p2 move roost\n>p1 move dazzlinggleam\n>p2 move uturn\n>p2 switch 3\n>p1 switch 2\n>p1 move shellsmash\n>p2 move knockoff\n>p1 move storedpower\n>p2 move knockoff\n>p2 switch 3\n>p1 move shadowball\n>p2 move uturn\n>p2 switch 4\n>p1 move storedpower\n>p2 move surf", "uploadtime": 1732950271, "views": 1, "formatid": "gen9randombattle", "rating": 1657, "private": 0, "password": null}