{"id": "gen9randombattle-2254102314", "format": "[Gen 9] Random Battle", "players": ["Aerotelic", "Foxyplays21"], "log": "|j|\u2606Aerotelic\n|j|\u2606Foxyplays21\n|t:|1732991527\n|gametype|singles\n|player|p1|Aerotelic|102|\n|player|p2|Foxyplays21|gentleman-gen4|\n|teamsize|p1|6\n|teamsize|p2|6\n|gen|9\n|tier|[Gen 9] Random Battle\n|rule|Species Clause: Limit one of each Pok\u00e9mon\n|rule|HP Percentage Mod: HP is shown in percentages\n|rule|Sleep Clause Mod: Limit one foe put to sleep\n|rule|Illusion Level Mod: Illusion disguises the Pok\u00e9mon's true level\n|\n|t:|1732991527\n|start\n|switch|p1a: Ribombee|Ribombee, L82, F|233/233\n|switch|p2a: Noctowl|Noctowl, L95, M|344/344\n|turn|1\n|inactive|Battle timer is ON: inactive players will automatically lose when time's up. (requested by Foxyplays21)\n|\n|t:|1732991537\n|move|p1a: Ribombee|Sticky Web|p2a: Noctowl\n|-sidestart|p2: Foxyplays21|move: Sticky Web\n|move|p2a: Noctowl|Hurricane|p1a: Ribombee\n|-supereffective|p1a: Ribombee\n|-enditem|p1a: Ribombee|Focus Sash\n|-damage|p1a: Ribombee|1/233\n|\n|upkeep\n|turn|2\n|\n|t:|1732991547\n|move|p1a: Ribombee|U-turn|p2a: Noctowl\n|-resisted|p2a: Noctowl\n|-damage|p2a: Noctowl|312/344\n|\n|t:|1732991555\n|switch|p1a: Probopass|Probopass, L92, M|260/260|[from] U-turn\n|move|p2a: Noctowl|Hyper Voice|p1a: Probopass\n|-resisted|p1a: Probopass\n|-damage|p1a: Probopass|230/260\n|\n|-heal|p1a: Probopass|246/260|[from] item: Leftovers\n|upkeep\n|turn|3\n|\n|t:|1732991571\n|switch|p2a: Crabominable|Crabominable, L90, F|321/321\n|-activate|p2a: Crabominable|move: Sticky Web\n|-unboost|p2a: Crabominable|spe|1\n|move|p1a: Probopass|Iron Defense|p1a: Probopass\n|-boost|p1a: Probopass|def|2\n|\n|-heal|p1a: Probopass|260/260|[from] item: Leftovers\n|upkeep\n|turn|4\n|\n|t:|1732991581\n|move|p1a: Probopass|Body Press|p2a: Crabominable\n|-supereffective|p2a: Crabominable\n|-damage|p2a: Crabominable|0 fnt\n|faint|p2a: Crabominable\n|\n|upkeep\n|\n|t:|1732991598\n|switch|p2a: Ursaring|Ursaring, L84, F|288/288\n|-activate|p2a: Ursaring|move: Sticky Web\n|-unboost|p2a: Ursaring|spe|1\n|turn|5\n|\n|t:|1732991607\n|move|p1a: Probopass|Iron Defense|p1a: Probopass\n|-boost|p1a: Probopass|def|2\n|move|p2a: Ursaring|Close Combat|p1a: Probopass\n|-supereffective|p1a: Probopass\n|-damage|p1a: Probopass|164/260\n|-unboost|p2a: Ursaring|def|1\n|-unboost|p2a: Ursaring|spd|1\n|\n|-heal|p1a: Probopass|180/260|[from] item: Leftovers\n|-status|p2a: Ursaring|tox|[from] item: Toxic Orb\n|upkeep\n|turn|6\n|\n|t:|1732991619\n|move|p2a: Ursaring|Close Combat|p1a: Probopass\n|-supereffective|p1a: Probopass\n|-damage|p1a: Probopass|92/260\n|-unboost|p2a: Ursaring|def|1\n|-unboost|p2a: Ursaring|spd|1\n|move|p1a: Probopass|Body Press|p2a: Ursaring\n|-supereffective|p2a: Ursaring\n|-damage|p2a: Ursaring|0 fnt\n|faint|p2a: Ursaring\n|\n|-heal|p1a: Probopass|108/260|[from] item: Leftovers\n|upkeep\n|\n|t:|1732991622\n|switch|p2a: Blastoise|Blastoise, L80, M|258/258\n|-activate|p2a: Blastoise|move: Sticky Web\n|-unboost|p2a: Blastoise|spe|1\n|-enditem|p2a: Blastoise|White Herb\n|-clearnegativeboost|p2a: Blastoise|[silent]\n|turn|7\n|\n|t:|1732991636\n|move|p2a: Blastoise|Hydro Pump|p1a: Probopass|[miss]\n|-miss|p2a: Blastoise|p1a: Probopass\n|move|p1a: Probopass|Body Press|p2a: Blastoise\n|-damage|p2a: Blastoise|0 fnt\n|faint|p2a: Blastoise\n|\n|-heal|p1a: Probopass|124/260|[from] item: Leftovers\n|upkeep\n|\n|t:|1732991647\n|switch|p2a: Weezing|Weezing, L88, M|258/258\n|turn|8\n|\n|t:|1732991652\n|move|p2a: Weezing|Fire Blast|p1a: Probopass\n|-damage|p1a: Probopass|79/260\n|move|p1a: Probopass|Body Press|p2a: Weezing\n|-resisted|p2a: Weezing\n|-crit|p2a: Weezing\n|-damage|p2a: Weezing|104/258\n|\n|-heal|p2a: Weezing|120/258|[from] item: Leftovers\n|-heal|p1a: Probopass|95/260|[from] item: Leftovers\n|upkeep\n|turn|9\n|\n|t:|1732991662\n|move|p2a: Weezing|Toxic Spikes|p1a: Probopass\n|-sidestart|p1: Aerotelic|move: Toxic Spikes\n|move|p1a: Probopass|Body Press|p2a: Weezing\n|-resisted|p2a: Weezing\n|-damage|p2a: Weezing|13/258\n|\n|-heal|p2a: Weezing|29/258|[from] item: Leftovers\n|-heal|p1a: Probopass|111/260|[from] item: Leftovers\n|upkeep\n|turn|10\n|\n|t:|1732991670\n|move|p2a: Weezing|Pain Split|p1a: Probopass\n|-sethp|p1a: Probopass|70/260|[from] move: Pain Split|[silent]\n|-sethp|p2a: Weezing|70/258|[from] move: Pain Split\n|move|p1a: Probopass|Body Press|p2a: Weezing\n|-resisted|p2a: Weezing\n|-damage|p2a: Weezing|0 fnt\n|faint|p2a: Weezing\n|\n|-heal|p1a: Probopass|86/260|[from] item: Leftovers\n|upkeep\n|\n|t:|1732991675\n|switch|p2a: Sylveon|Sylveon, L85, M|300/300\n|-activate|p2a: Sylveon|move: Sticky Web\n|-unboost|p2a: Sylveon|spe|1\n|turn|11\n|\n|t:|1732991682\n|move|p1a: Probopass|Body Press|p2a: Sylveon\n|-resisted|p2a: Sylveon\n|-damage|p2a: Sylveon|143/300\n|move|p2a: Sylveon|Calm Mind|p2a: Sylveon\n|-boost|p2a: Sylveon|spa|1\n|-boost|p2a: Sylveon|spd|1\n|\n|-heal|p1a: Probopass|102/260|[from] item: Leftovers\n|-heal|p2a: Sylveon|161/300|[from] item: Leftovers\n|upkeep\n|turn|12\n|\n|t:|1732991691\n|move|p2a: Sylveon|Protect|p2a: Sylveon\n|-singleturn|p2a: Sylveon|Protect\n|move|p1a: Probopass|Body Press|p2a: Sylveon\n|-activate|p2a: Sylveon|move: Protect\n|\n|-heal|p1a: Probopass|118/260|[from] item: Leftovers\n|-heal|p2a: Sylveon|179/300|[from] item: Leftovers\n|upkeep\n|turn|13\n|\n|t:|1732991699\n|move|p1a: Probopass|Body Press|p2a: Sylveon\n|-resisted|p2a: Sylveon\n|-crit|p2a: Sylveon\n|-damage|p2a: Sylveon|0 fnt\n|faint|p2a: Sylveon\n|\n|-heal|p1a: Probopass|134/260|[from] item: Leftovers\n|upkeep\n|\n|t:|1732991704\n|switch|p2a: Noctowl|Noctowl, L95, M|312/344\n|turn|14\n|\n|t:|1732991709\n|move|p2a: Noctowl|Hurricane|p1a: Probopass|[miss]\n|-miss|p2a: Noctowl|p1a: Probopass\n|move|p1a: Probopass|Body Press|p2a: Noctowl\n|-damage|p2a: Noctowl|0 fnt\n|faint|p2a: Noctowl\n|\n|win|Aerotelic\n|l|\u2606Foxyplays21\n|player|p2|\n", "inputlog": ">version b107d77f5c90bd6555267ae244a6264823309ead\n>start {\"formatid\":\"gen9randombattle\",\"seed\":[11457,62947,64491,26000]}\n>player p1 {\"name\":\"Aerotelic\",\"avatar\":\"102\",\"rating\":0,\"seed\":[47606,47399,32131,10684]}\n>player p2 {\"name\":\"Foxyplays21\",\"avatar\":\"gentleman-gen4\",\"rating\":0,\"seed\":[45311,34332,703,56842]}\n>p1 move stickyweb\n>p2 move hurricane\n>p1 move uturn\n>p2 move hypervoice\n>p1 switch 2\n>p1 move irondefense\n>p2 switch 3\n>p1 move bodypress\n>p2 move drainpunch\n>p2 switch 2\n>p1 move irondefense\n>p2 move closecombat\n>p1 move bodypress\n>p2 move closecombat\n>p2 switch 5\n>p1 move bodypress\n>p2 move hydropump\n>p2 switch 6\n>p1 move bodypress\n>p2 move fireblast\n>p1 move bodypress\n>p2 move toxicspikes\n>p1 move bodypress\n>p2 move painsplit\n>p2 switch 4\n>p1 move bodypress\n>p2 move calmmind\n>p1 move bodypress\n>p2 move protect\n>p1 move bodypress\n>p2 move wish\n>p2 switch 3\n>p1 move bodypress\n>p2 move hurricane", "uploadtime": 1732991731, "views": 12, "formatid": "gen9randombattle", "rating": null, "private": 0, "password": null}