{"id": "gen9randombattle-2254076677", "format": "[Gen 9] Random Battle", "players": ["rzavens", "Khrischitox"], "log": "|j|\u2606rzavens\n|j|\u2606Khrischitox\n|t:|1732988350\n|gametype|singles\n|player|p1|rzavens|palmer|1557\n|player|p2|Khrischitox|red|1518\n|teamsize|p1|6\n|teamsize|p2|6\n|gen|9\n|tier|[Gen 9] Random Battle\n|rated|\n|rule|Species Clause: Limit one of each Pok\u00e9mon\n|rule|HP Percentage Mod: HP is shown in percentages\n|rule|Sleep Clause Mod: Limit one foe put to sleep\n|rule|Illusion Level Mod: Illusion disguises the Pok\u00e9mon's true level\n|\n|t:|1732988350\n|start\n|switch|p1a: Basculegion|Basculegion, L81, M|327/327\n|switch|p2a: Cinderace|Cinderace, L77, M|249/249\n|turn|1\n|\n|t:|1732988365\n|switch|p2a: Lurantis|Lurantis, L87, M|264/264\n|move|p1a: Basculegion|Flip Turn|p2a: Lurantis\n|-resisted|p2a: Lurantis\n|-damage|p2a: Lurantis|221/264\n|\n|t:|1732988382\n|switch|p1a: Chi-Yu|Chi-Yu, L77|211/211|[from] Flip Turn\n|-ability|p1a: Chi-Yu|Beads of Ruin\n|\n|-heal|p2a: Lurantis|237/264|[from] item: Leftovers\n|upkeep\n|turn|2\n|inactive|Battle timer is ON: inactive players will automatically lose when time's up. (requested by rzavens)\n|\n|t:|1732988415\n|switch|p2a: Greninja|Greninja, L80, M|246/246\n|move|p1a: Chi-Yu|Fire Blast|p2a: Greninja\n|-resisted|p2a: Greninja\n|-crit|p2a: Greninja\n|-damage|p2a: Greninja|86/246\n|\n|upkeep\n|turn|3\n|\n|t:|1732988426\n|switch|p1a: Bellibolt|Bellibolt, L84, M|320/320\n|move|p2a: Greninja|Hydro Pump|p1a: Bellibolt|[miss]\n|-start|p2a: Greninja|typechange|Water|[from] ability: Protean\n|-miss|p2a: Greninja|p1a: Bellibolt\n|\n|upkeep\n|turn|4\n|c|\u2606Khrischitox|fking blind shit\n|\n|t:|1732988440\n|move|p2a: Greninja|Toxic Spikes|p1a: Bellibolt\n|-sidestart|p1: rzavens|move: Toxic Spikes\n|move|p1a: Bellibolt|Toxic|p2a: Greninja\n|-status|p2a: Greninja|tox\n|\n|-damage|p2a: Greninja|71/246 tox|[from] psn\n|upkeep\n|turn|5\n|c|\u2606rzavens|lmao\n|\n|t:|1732988447\n|move|p2a: Greninja|Toxic Spikes|p1a: Bellibolt\n|-sidestart|p1: rzavens|move: Toxic Spikes\n|move|p1a: Bellibolt|Thunderbolt|p2a: Greninja\n|-supereffective|p2a: Greninja\n|-damage|p2a: Greninja|0 fnt\n|faint|p2a: Greninja\n|\n|upkeep\n|\n|t:|1732988459\n|switch|p2a: Sinistcha|Sinistcha-Masterpiece, L83|254/254\n|turn|6\n|\n|t:|1732988467\n|switch|p1a: Tentacruel|Tentacruel, L84, M|272/272\n|-sideend|p1: rzavens|move: Toxic Spikes|[of] p1a: Tentacruel\n|move|p2a: Sinistcha|Calm Mind|p2a: Sinistcha\n|-boost|p2a: Sinistcha|spa|1\n|-boost|p2a: Sinistcha|spd|1\n|\n|upkeep\n|turn|7\n|c|\u2606Khrischitox|blind and also useless\n|\n|t:|1732988481\n|move|p1a: Tentacruel|Toxic Spikes|p2a: Sinistcha\n|-sidestart|p2: Khrischitox|move: Toxic Spikes\n|move|p2a: Sinistcha|Calm Mind|p2a: Sinistcha\n|-boost|p2a: Sinistcha|spa|1\n|-boost|p2a: Sinistcha|spd|1\n|\n|upkeep\n|turn|8\n|\n|t:|1732988485\n|move|p1a: Tentacruel|Sludge Bomb|p2a: Sinistcha\n|-damage|p2a: Sinistcha|208/254\n|move|p2a: Sinistcha|Calm Mind|p2a: Sinistcha\n|-boost|p2a: Sinistcha|spa|1\n|-boost|p2a: Sinistcha|spd|1\n|\n|-heal|p2a: Sinistcha|223/254|[from] item: Leftovers\n|upkeep\n|turn|9\n|\n|t:|1732988488\n|move|p1a: Tentacruel|Sludge Bomb|p2a: Sinistcha\n|-damage|p2a: Sinistcha|189/254\n|move|p2a: Sinistcha|Calm Mind|p2a: Sinistcha\n|-boost|p2a: Sinistcha|spa|1\n|-boost|p2a: Sinistcha|spd|1\n|\n|-heal|p2a: Sinistcha|204/254|[from] item: Leftovers\n|upkeep\n|turn|10\n|\n|t:|1732988492\n|move|p1a: Tentacruel|Sludge Bomb|p2a: Sinistcha\n|-damage|p2a: Sinistcha|173/254\n|-status|p2a: Sinistcha|psn\n|move|p2a: Sinistcha|Calm Mind|p2a: Sinistcha\n|-boost|p2a: Sinistcha|spa|1\n|-boost|p2a: Sinistcha|spd|1\n|\n|-heal|p2a: Sinistcha|188/254 psn|[from] item: Leftovers\n|-damage|p2a: Sinistcha|157/254 psn|[from] psn\n|upkeep\n|turn|11\n|inactive|rzavens has 120 seconds left.\n|\n|t:|1732988536\n|move|p1a: Tentacruel|Sludge Bomb|p2a: Sinistcha\n|-damage|p2a: Sinistcha|132/254 psn\n|move|p2a: Sinistcha|Calm Mind|p2a: Sinistcha\n|-boost|p2a: Sinistcha|spa|1\n|-boost|p2a: Sinistcha|spd|1\n|\n|-heal|p2a: Sinistcha|147/254 psn|[from] item: Leftovers\n|-damage|p2a: Sinistcha|116/254 psn|[from] psn\n|upkeep\n|turn|12\n|\n|t:|1732988540\n|move|p1a: Tentacruel|Sludge Bomb|p2a: Sinistcha\n|-damage|p2a: Sinistcha|92/254 psn\n|move|p2a: Sinistcha|Strength Sap|p1a: Tentacruel\n|-unboost|p1a: Tentacruel|atk|1\n|-damage|p2a: Sinistcha|0 fnt|[from] ability: Liquid Ooze|[of] p1a: Tentacruel\n|faint|p2a: Sinistcha\n|\n|upkeep\n|c|\u2606Khrischitox|shit\n|c|\u2606rzavens|lmaoaoo\n|c|\u2606Khrischitox|didn't know also strength sap apply for liquid ooze\n|c|\u2606rzavens|didnt even think of that\n|inactive|Khrischitox has 120 seconds left.\n|c|\u2606Khrischitox|i knew it but i thought it was only in movements as giga drain\n|\n|t:|1732988581\n|switch|p2a: Lurantis|Lurantis, L87, M|237/264\n|-status|p2a: Lurantis|psn\n|turn|13\n|c|\u2606Khrischitox|gg i guess\n|c|\u2606rzavens|was expecting matcha gotcha but guess wouldve been same situation\n|c|\u2606rzavens|not over yet\n|inactive|rzavens has 120 seconds left.\n|\n|t:|1732988600\n|move|p1a: Tentacruel|Sludge Bomb|p2a: Lurantis\n|-supereffective|p2a: Lurantis\n|-damage|p2a: Lurantis|87/264 psn\n|move|p2a: Lurantis|Defog|p1a: Tentacruel\n|-unboost|p1a: Tentacruel|evasion|1\n|-sideend|p2: Khrischitox|Toxic Spikes|[from] move: Defog|[of] p2a: Lurantis\n|\n|-heal|p2a: Lurantis|103/264 psn|[from] item: Leftovers\n|-damage|p2a: Lurantis|70/264 psn|[from] psn\n|upkeep\n|turn|14\n|inactive|rzavens has 120 seconds left.\n|\n|t:|1732988611\n|move|p1a: Tentacruel|Sludge Bomb|p2a: Lurantis\n|-supereffective|p2a: Lurantis\n|-damage|p2a: Lurantis|0 fnt\n|faint|p2a: Lurantis\n|\n|upkeep\n|\n|t:|1732988619\n|switch|p2a: Komala|Komala, L89, F|260/260\n|-ability|p2a: Komala|Comatose\n|turn|15\n|\n|t:|1732988622\n|move|p2a: Komala|Double-Edge|p1a: Tentacruel\n|-damage|p1a: Tentacruel|82/272\n|-damage|p2a: Komala|197/260|[from] Recoil\n|move|p1a: Tentacruel|Toxic Spikes|p2a: Komala\n|-sidestart|p2: Khrischitox|move: Toxic Spikes\n|\n|-heal|p1a: Tentacruel|99/272|[from] item: Leftovers\n|upkeep\n|turn|16\n|-message|Khrischitox forfeited.\n|\n|win|rzavens\n", "inputlog": ">version b107d77f5c90bd6555267ae244a6264823309ead\n>start {\"formatid\":\"gen9randombattle\",\"seed\":[41019,36512,65228,45451],\"rated\":\"Rated battle\"}\n>player p1 {\"name\":\"rzavens\",\"avatar\":\"palmer\",\"rating\":1557,\"seed\":[52175,59944,5745,28435]}\n>player p2 {\"name\":\"Khrischitox\",\"avatar\":\"red\",\"rating\":1518,\"seed\":[48882,64810,55879,47065]}\n>p1 move flipturn\n>p2 switch 4\n>p1 switch 6\n>p1 move fireblast\n>p2 switch 3\n>p1 switch 3\n>p2 move hydropump\n>chat \u2606Khrischitox|fking blind shit\n>p1 move toxic\n>p2 move toxicspikes\n>chat \u2606rzavens|lmao\n>p1 move thunderbolt\n>p2 move toxicspikes\n>p2 switch 6\n>p1 switch 5\n>p2 move calmmind\n>chat \u2606Khrischitox|blind and also useless\n>p1 move toxicspikes\n>p2 move calmmind\n>p1 move sludgebomb\n>p2 move calmmind\n>p1 move sludgebomb\n>p2 move calmmind\n>p1 move sludgebomb\n>p2 move calmmind\n>p1 move sludgebomb\n>p2 move calmmind\n>p1 move sludgebomb\n>p2 move strengthsap\n>chat \u2606Khrischitox|shit\n>chat \u2606rzavens|lmaoaoo\n>chat \u2606Khrischitox|didn't know also strength sap apply for liquid ooze\n>chat \u2606rzavens|didnt even think of that\n>chat \u2606Khrischitox|i knew it but i thought it was only in movements as giga drain\n>p2 switch 3\n>chat \u2606Khrischitox|gg i guess\n>chat \u2606rzavens|was expecting matcha gotcha but guess wouldve been same situation\n>chat \u2606rzavens|not over yet\n>p1 move sludgebomb\n>p2 move defog\n>p1 move sludgebomb\n>p2 move leafstorm\n>p2 switch 2\n>p1 move toxicspikes\n>p2 move doubleedge\n>forcelose p2", "uploadtime": 1732988438, "views": 1, "formatid": "gen9randombattle", "rating": null, "private": 0, "password": null}