{"id": "gen9randombattle-2253910748", "format": "[Gen 9] Random Battle", "players": ["bellopoke", "Zxkpom"], "log": "|j|\u2606bellopoke\n|j|\u2606Zxkpom\n|t:|1732961922\n|gametype|singles\n|player|p1|bellopoke|170|1909\n|player|p2|Zxkpom|cynthia|1968\n|teamsize|p1|6\n|teamsize|p2|6\n|gen|9\n|tier|[Gen 9] Random Battle\n|rated|\n|rule|Species Clause: Limit one of each Pok\u00e9mon\n|rule|HP Percentage Mod: HP is shown in percentages\n|rule|Sleep Clause Mod: Limit one foe put to sleep\n|rule|Illusion Level Mod: Illusion disguises the Pok\u00e9mon's true level\n|\n|t:|1732961922\n|start\n|switch|p1a: Eternatus|Eternatus, L69|308/308\n|switch|p2a: Roaring Moon|Roaring Moon, L72|270/270\n|-ability|p1a: Eternatus|Pressure\n|turn|1\n|inactive|Battle timer is ON: inactive players will automatically lose when time's up. (requested by bellopoke)\n|inactive|Zxkpom has 120 seconds left.\n|\n|t:|1732961961\n|-end|p2a: Roaring Moon|Protosynthesis|[silent]\n|switch|p2a: Metagross|Metagross, L79|256/256\n|move|p1a: Eternatus|Dynamax Cannon|p2a: Metagross\n|-resisted|p2a: Metagross\n|-damage|p2a: Metagross|207/256\n|\n|upkeep\n|turn|2\n|\n|t:|1732961968\n|switch|p1a: Excadrill|Excadrill, L80, M|307/307\n|-ability|p1a: Excadrill|Mold Breaker\n|move|p2a: Metagross|Psychic Fangs|p1a: Excadrill\n|-resisted|p1a: Excadrill\n|-damage|p1a: Excadrill|199/307\n|\n|upkeep\n|turn|3\n|\n|t:|1732961982\n|switch|p2a: Oinkologne|Oinkologne, L92, M|352/352\n|move|p1a: Excadrill|Earthquake|p2a: Oinkologne\n|-damage|p2a: Oinkologne|231/352\n|\n|-heal|p2a: Oinkologne|253/352|[from] item: Leftovers\n|upkeep\n|turn|4\n|\n|t:|1732962004\n|switch|p1a: Shaymin|Shaymin, L82|298/298\n|move|p2a: Oinkologne|High Horsepower|p1a: Shaymin\n|-resisted|p1a: Shaymin\n|-damage|p1a: Shaymin|263/298\n|\n|-heal|p1a: Shaymin|281/298|[from] item: Leftovers\n|-heal|p2a: Oinkologne|275/352|[from] item: Leftovers\n|upkeep\n|turn|5\n|\n|t:|1732962011\n|switch|p2a: Roaring Moon|Roaring Moon, L72|270/270\n|move|p1a: Shaymin|Substitute|p1a: Shaymin\n|-start|p1a: Shaymin|Substitute\n|-damage|p1a: Shaymin|207/298\n|\n|-heal|p1a: Shaymin|225/298|[from] item: Leftovers\n|upkeep\n|turn|6\n|\n|t:|1732962020\n|move|p2a: Roaring Moon|Knock Off|p1a: Shaymin\n|-end|p1a: Shaymin|Substitute\n|move|p1a: Shaymin|Leech Seed|p2a: Roaring Moon|[miss]\n|-miss|p1a: Shaymin|p2a: Roaring Moon\n|\n|-heal|p1a: Shaymin|243/298|[from] item: Leftovers\n|upkeep\n|turn|7\n|inactive|bellopoke has 120 seconds left.\n|\n|t:|1732962070\n|switch|p1a: Eternatus|Eternatus, L69|308/308\n|-ability|p1a: Eternatus|Pressure\n|move|p2a: Roaring Moon|Knock Off|p1a: Eternatus\n|-damage|p1a: Eternatus|148/308\n|-damage|p2a: Roaring Moon|225/270|[from] item: Rocky Helmet|[of] p1a: Eternatus\n|-enditem|p1a: Eternatus|Rocky Helmet|[from] move: Knock Off|[of] p2a: Roaring Moon\n|\n|upkeep\n|turn|8\n|inactive|bellopoke has 90 seconds left.\n|inactive|Zxkpom has 120 seconds left.\n|\n|t:|1732962114\n|-end|p2a: Roaring Moon|Protosynthesis|[silent]\n|switch|p2a: Metagross|Metagross, L79|207/256\n|move|p1a: Eternatus|Recover|p1a: Eternatus\n|-heal|p1a: Eternatus|302/308\n|\n|upkeep\n|turn|9\n|\n|t:|1732962118\n|switch|p1a: Excadrill|Excadrill, L80, M|199/307\n|-ability|p1a: Excadrill|Mold Breaker\n|move|p2a: Metagross|Earthquake|p1a: Excadrill\n|-supereffective|p1a: Excadrill\n|-crit|p1a: Excadrill\n|-damage|p1a: Excadrill|0 fnt\n|faint|p1a: Excadrill\n|\n|upkeep\n|\n|t:|1732962121\n|switch|p1a: Toedscruel|Toedscruel, L87, F|281/281\n|turn|10\n|inactive|Zxkpom has 120 seconds left.\n|\n|t:|1732962139\n|switch|p2a: Oinkologne|Oinkologne, L92, M|275/352\n|move|p1a: Toedscruel|Spore|p2a: Oinkologne\n|-status|p2a: Oinkologne|slp|[from] move: Spore\n|\n|-heal|p2a: Oinkologne|297/352 slp|[from] item: Leftovers\n|upkeep\n|turn|11\n|\n|t:|1732962145\n|switch|p1a: Shaymin|Shaymin, L82|243/298\n|switch|p2a: Roaring Moon|Roaring Moon, L72|225/270\n|\n|-heal|p1a: Shaymin|261/298|[from] item: Leftovers\n|upkeep\n|turn|12\n|inactive|bellopoke has 120 seconds left.\n|\n|t:|1732962156\n|switch|p1a: Toedscruel|Toedscruel, L87, F|281/281\n|move|p2a: Roaring Moon|U-turn|p1a: Toedscruel\n|-supereffective|p1a: Toedscruel\n|-damage|p1a: Toedscruel|101/281\n|\n|t:|1732962165\n|-end|p2a: Roaring Moon|Protosynthesis|[silent]\n|switch|p2a: Pachirisu|Pachirisu, L96, M|271/271|[from] U-turn\n|\n|-heal|p1a: Toedscruel|118/281|[from] item: Leftovers\n|upkeep\n|turn|13\n|inactive|bellopoke has 120 seconds left.\n|\n|t:|1732962176\n|move|p2a: Pachirisu|U-turn|p1a: Toedscruel\n|-supereffective|p1a: Toedscruel\n|-damage|p1a: Toedscruel|28/281\n|\n|t:|1732962183\n|switch|p2a: Roaring Moon|Roaring Moon, L72|225/270|[from] U-turn\n|move|p1a: Toedscruel|Knock Off|p2a: Roaring Moon\n|-resisted|p2a: Roaring Moon\n|-damage|p2a: Roaring Moon|183/270\n|-enditem|p2a: Roaring Moon|Choice Band|[from] move: Knock Off|[of] p1a: Toedscruel\n|\n|-heal|p1a: Toedscruel|45/281|[from] item: Leftovers\n|upkeep\n|turn|14\n|\n|t:|1732962196\n|move|p1a: Toedscruel|Earth Power|p2a: Roaring Moon\n|-damage|p2a: Roaring Moon|87/270\n|-unboost|p2a: Roaring Moon|spd|1\n|move|p2a: Roaring Moon|U-turn|p1a: Toedscruel\n|-supereffective|p1a: Toedscruel\n|-damage|p1a: Toedscruel|0 fnt\n|faint|p1a: Toedscruel\n|\n|t:|1732962203\n|-end|p2a: Roaring Moon|Protosynthesis|[silent]\n|switch|p2a: Pachirisu|Pachirisu, L96, M|271/271|[from] U-turn\n|\n|upkeep\n|\n|t:|1732962215\n|switch|p1a: Shaymin|Shaymin, L82|261/298\n|turn|15\n|\n|t:|1732962219\n|move|p2a: Pachirisu|Super Fang|p1a: Shaymin\n|-damage|p1a: Shaymin|131/298\n|move|p1a: Shaymin|Seed Flare|p2a: Pachirisu\n|-damage|p2a: Pachirisu|199/271\n|\n|-heal|p1a: Shaymin|149/298|[from] item: Leftovers\n|upkeep\n|turn|16\n|\n|t:|1732962225\n|move|p2a: Pachirisu|U-turn|p1a: Shaymin\n|-supereffective|p1a: Shaymin\n|-damage|p1a: Shaymin|83/298\n|\n|t:|1732962228\n|switch|p2a: Roaring Moon|Roaring Moon, L72|87/270|[from] U-turn\n|move|p1a: Shaymin|Leech Seed|p2a: Roaring Moon\n|-start|p2a: Roaring Moon|move: Leech Seed\n|\n|-heal|p1a: Shaymin|101/298|[from] item: Leftovers\n|-damage|p2a: Roaring Moon|54/270|[from] Leech Seed|[of] p1a: Shaymin\n|-heal|p1a: Shaymin|134/298|[silent]\n|upkeep\n|turn|17\n|\n|t:|1732962240\n|switch|p1a: Eternatus|Eternatus, L69|302/308\n|-ability|p1a: Eternatus|Pressure\n|move|p2a: Roaring Moon|U-turn|p1a: Eternatus\n|-resisted|p1a: Eternatus\n|-damage|p1a: Eternatus|273/308\n|\n|t:|1732962243\n|-end|p2a: Roaring Moon|Protosynthesis|[silent]\n|switch|p2a: Metagross|Metagross, L79|207/256|[from] U-turn\n|\n|upkeep\n|turn|18\n|inactive|bellopoke has 120 seconds left.\n|\n|t:|1732962276\n|-terastallize|p1a: Eternatus|Fire\n|move|p1a: Eternatus|Fire Blast|p2a: Metagross\n|-supereffective|p2a: Metagross\n|-damage|p2a: Metagross|0 fnt\n|faint|p2a: Metagross\n|\n|upkeep\n|\n|t:|1732962290\n|switch|p2a: Kleavor|Kleavor, L78, M|237/237\n|turn|19\n|inactive|bellopoke has 120 seconds left.\n|\n|t:|1732962310\n|move|p1a: Eternatus|Fire Blast|p2a: Kleavor\n|-damage|p2a: Kleavor|95/237\n|-status|p2a: Kleavor|brn\n|move|p2a: Kleavor|Stone Axe|p1a: Eternatus\n|-supereffective|p1a: Eternatus\n|-crit|p1a: Eternatus\n|-damage|p1a: Eternatus|78/308\n|-sidestart|p1: bellopoke|move: Stealth Rock\n|\n|-damage|p2a: Kleavor|81/237 brn|[from] brn\n|upkeep\n|turn|20\n|\n|t:|1732962321\n|move|p1a: Eternatus|Recover|p1a: Eternatus\n|-heal|p1a: Eternatus|232/308\n|move|p2a: Kleavor|Stone Axe|p1a: Eternatus\n|-supereffective|p1a: Eternatus\n|-damage|p1a: Eternatus|106/308\n|\n|-damage|p2a: Kleavor|67/237 brn|[from] brn\n|upkeep\n|turn|21\n|\n|t:|1732962327\n|move|p1a: Eternatus|Recover|p1a: Eternatus\n|-heal|p1a: Eternatus|260/308\n|move|p2a: Kleavor|Stone Axe|p1a: Eternatus\n|-supereffective|p1a: Eternatus\n|-damage|p1a: Eternatus|127/308\n|\n|-damage|p2a: Kleavor|53/237 brn|[from] brn\n|upkeep\n|turn|22\n|\n|t:|1732962330\n|move|p1a: Eternatus|Recover|p1a: Eternatus\n|-heal|p1a: Eternatus|281/308\n|move|p2a: Kleavor|Stone Axe|p1a: Eternatus\n|-supereffective|p1a: Eternatus\n|-damage|p1a: Eternatus|152/308\n|\n|-damage|p2a: Kleavor|39/237 brn|[from] brn\n|upkeep\n|turn|23\n|\n|t:|1732962338\n|move|p1a: Eternatus|Recover|p1a: Eternatus\n|-heal|p1a: Eternatus|306/308\n|move|p2a: Kleavor|Stone Axe|p1a: Eternatus\n|-supereffective|p1a: Eternatus\n|-damage|p1a: Eternatus|161/308\n|\n|-damage|p2a: Kleavor|25/237 brn|[from] brn\n|upkeep\n|turn|24\n|\n|t:|1732962346\n|move|p1a: Eternatus|Recover|p1a: Eternatus\n|-heal|p1a: Eternatus|308/308\n|move|p2a: Kleavor|Stone Axe|p1a: Eternatus\n|-supereffective|p1a: Eternatus\n|-damage|p1a: Eternatus|173/308\n|\n|-damage|p2a: Kleavor|11/237 brn|[from] brn\n|upkeep\n|turn|25\n|\n|t:|1732962349\n|move|p1a: Eternatus|Dynamax Cannon|p2a: Kleavor\n|-damage|p2a: Kleavor|0 fnt\n|faint|p2a: Kleavor\n|\n|upkeep\n|\n|t:|1732962352\n|switch|p2a: Pachirisu|Pachirisu, L96, M|199/271\n|turn|26\n|\n|t:|1732962356\n|move|p2a: Pachirisu|Nuzzle|p1a: Eternatus\n|-damage|p1a: Eternatus|154/308\n|-status|p1a: Eternatus|par\n|cant|p1a: Eternatus|par\n|\n|upkeep\n|turn|27\n|\n|t:|1732962361\n|move|p2a: Pachirisu|Super Fang|p1a: Eternatus\n|-damage|p1a: Eternatus|77/308 par\n|move|p1a: Eternatus|Recover|p1a: Eternatus\n|-heal|p1a: Eternatus|231/308 par\n|\n|upkeep\n|turn|28\n|\n|t:|1732962367\n|switch|p1a: Shaymin|Shaymin, L82|134/298\n|-damage|p1a: Shaymin|97/298|[from] Stealth Rock\n|move|p2a: Pachirisu|Super Fang|p1a: Shaymin|[miss]\n|-miss|p2a: Pachirisu|p1a: Shaymin\n|\n|-heal|p1a: Shaymin|115/298|[from] item: Leftovers\n|upkeep\n|turn|29\n|\n|t:|1732962378\n|move|p2a: Pachirisu|Super Fang|p1a: Shaymin\n|-damage|p1a: Shaymin|58/298\n|move|p1a: Shaymin|Leech Seed|p2a: Pachirisu\n|-start|p2a: Pachirisu|move: Leech Seed\n|\n|-heal|p1a: Shaymin|76/298|[from] item: Leftovers\n|-damage|p2a: Pachirisu|166/271|[from] Leech Seed|[of] p1a: Shaymin\n|-heal|p1a: Shaymin|109/298|[silent]\n|upkeep\n|turn|30\n|\n|t:|1732962385\n|move|p2a: Pachirisu|U-turn|p1a: Shaymin\n|-supereffective|p1a: Shaymin\n|-damage|p1a: Shaymin|31/298\n|\n|t:|1732962388\n|switch|p2a: Roaring Moon|Roaring Moon, L72|54/270|[from] U-turn\n|move|p1a: Shaymin|Leech Seed|p2a: Roaring Moon|[miss]\n|-miss|p1a: Shaymin|p2a: Roaring Moon\n|\n|-heal|p1a: Shaymin|49/298|[from] item: Leftovers\n|upkeep\n|turn|31\n|\n|t:|1732962400\n|move|p2a: Roaring Moon|U-turn|p1a: Shaymin\n|-supereffective|p1a: Shaymin\n|-damage|p1a: Shaymin|0 fnt\n|faint|p1a: Shaymin\n|\n|t:|1732962410\n|-end|p2a: Roaring Moon|Protosynthesis|[silent]\n|switch|p2a: Pachirisu|Pachirisu, L96, M|166/271|[from] U-turn\n|\n|upkeep\n|\n|t:|1732962415\n|switch|p1a: Eternatus|Eternatus, L69, tera:Fire|231/308 par\n|-damage|p1a: Eternatus|154/308 par|[from] Stealth Rock\n|-ability|p1a: Eternatus|Pressure\n|turn|32\n|\n|t:|1732962421\n|move|p2a: Pachirisu|Super Fang|p1a: Eternatus\n|-damage|p1a: Eternatus|77/308 par\n|move|p1a: Eternatus|Recover|p1a: Eternatus\n|-heal|p1a: Eternatus|231/308 par\n|\n|upkeep\n|turn|33\n|\n|t:|1732962425\n|move|p2a: Pachirisu|Super Fang|p1a: Eternatus\n|-damage|p1a: Eternatus|116/308 par\n|cant|p1a: Eternatus|par\n|\n|upkeep\n|turn|34\n|\n|t:|1732962428\n|move|p2a: Pachirisu|Thunderbolt|p1a: Eternatus\n|-crit|p1a: Eternatus\n|-damage|p1a: Eternatus|0 fnt\n|faint|p1a: Eternatus\n|\n|upkeep\n|\n|t:|1732962434\n|switch|p1a: Mew|Mew, L82|298/298\n|-damage|p1a: Mew|261/298|[from] Stealth Rock\n|turn|35\n|\n|t:|1732962437\n|move|p2a: Pachirisu|Nuzzle|p1a: Mew\n|-damage|p1a: Mew|246/298\n|-status|p1a: Mew|par\n|-activate|p1a: Mew|ability: Synchronize\n|-immune|p2a: Pachirisu\n|move|p1a: Mew|Nasty Plot|p1a: Mew\n|-boost|p1a: Mew|spa|2\n|\n|upkeep\n|turn|36\n|\n|t:|1732962445\n|move|p2a: Pachirisu|U-turn|p1a: Mew\n|-supereffective|p1a: Mew\n|-damage|p1a: Mew|176/298 par\n|\n|t:|1732962448\n|switch|p2a: Oinkologne|Oinkologne, L92, M|297/352 slp|[from] U-turn\n|move|p1a: Mew|Bug Buzz|p2a: Oinkologne\n|-damage|p2a: Oinkologne|135/352 slp\n|-damage|p1a: Mew|147/298 par|[from] item: Life Orb\n|\n|-heal|p2a: Oinkologne|157/352 slp|[from] item: Leftovers\n|upkeep\n|turn|37\n|\n|t:|1732962455\n|cant|p2a: Oinkologne|slp\n|move|p1a: Mew|Aura Sphere|p2a: Oinkologne\n|-supereffective|p2a: Oinkologne\n|-damage|p2a: Oinkologne|0 fnt\n|faint|p2a: Oinkologne\n|-damage|p1a: Mew|118/298 par|[from] item: Life Orb\n|\n|upkeep\n|\n|t:|1732962458\n|switch|p2a: Roaring Moon|Roaring Moon, L72|54/270\n|turn|38\n|\n|t:|1732962460\n|move|p2a: Roaring Moon|Knock Off|p1a: Mew\n|-supereffective|p1a: Mew\n|-damage|p1a: Mew|0 fnt\n|-enditem|p1a: Mew|Life Orb|[from] move: Knock Off|[of] p2a: Roaring Moon\n|faint|p1a: Mew\n|\n|upkeep\n|\n|t:|1732962462\n|switch|p1a: Basculin|Basculin-Blue-Striped, L86, F|261/261\n|-damage|p1a: Basculin|229/261|[from] Stealth Rock\n|turn|39\n|\n|t:|1732962466\n|move|p1a: Basculin|Wave Crash|p2a: Roaring Moon\n|-resisted|p2a: Roaring Moon\n|-damage|p2a: Roaring Moon|0 fnt\n|faint|p2a: Roaring Moon\n|-end|p2a: Roaring Moon|Protosynthesis|[silent]\n|-damage|p1a: Basculin|211/261|[from] Recoil\n|\n|upkeep\n|\n|t:|1732962473\n|switch|p2a: Ceruledge|Ceruledge, L78, M|245/245\n|turn|40\n|\n|t:|1732962475\n|move|p1a: Basculin|Wave Crash|p2a: Ceruledge\n|-supereffective|p2a: Ceruledge\n|-damage|p2a: Ceruledge|0 fnt\n|faint|p2a: Ceruledge\n|-damage|p1a: Basculin|130/261|[from] Recoil\n|\n|upkeep\n|\n|t:|1732962477\n|switch|p2a: Pachirisu|Pachirisu, L96, M|166/271\n|turn|41\n|\n|t:|1732962480\n|move|p2a: Pachirisu|Thunderbolt|p1a: Basculin\n|-supereffective|p1a: Basculin\n|-damage|p1a: Basculin|0 fnt\n|faint|p1a: Basculin\n|\n|win|Zxkpom\n|raw|bellopoke's rating: 1909 &rarr; <strong>1892</strong><br />(-17 for losing)\n|raw|Zxkpom's rating: 1968 &rarr; <strong>1985</strong><br />(+17 for winning)\n|l|\u2606bellopoke\n|player|p1|\n", "inputlog": ">version b107d77f5c90bd6555267ae244a6264823309ead\n>start {\"formatid\":\"gen9randombattle\",\"seed\":[45428,42439,44974,54248],\"rated\":\"Rated battle\"}\n>player p1 {\"name\":\"bellopoke\",\"avatar\":\"170\",\"rating\":1909,\"seed\":[26274,49799,44091,20383]}\n>player p2 {\"name\":\"Zxkpom\",\"avatar\":\"cynthia\",\"rating\":1968,\"seed\":[19714,33409,49586,55065]}\n>p1 move dynamaxcannon\n>p2 switch 6\n>p1 switch 4\n>p2 move psychicfangs\n>p1 move earthquake\n>p2 switch 5\n>p1 switch 3\n>p2 move highhorsepower\n>p1 move substitute\n>p2 switch 6\n>p1 move leechseed\n>p2 move knockoff\n>p1 switch 4\n>p2 move knockoff\n>p1 move recover\n>p2 switch 5\n>p1 switch 3\n>p2 move earthquake\n>p1 switch 5\n>p1 move spore\n>p2 switch 6\n>p1 switch 4\n>p2 switch 5\n>p1 switch 4\n>p2 move uturn\n>p2 switch 2\n>p1 move knockoff\n>p2 move uturn\n>p2 switch 2\n>p1 move earthpower\n>p2 move uturn\n>p2 switch 2\n>p1 switch 4\n>p1 move seedflare\n>p2 move superfang\n>p1 move leechseed\n>p2 move uturn\n>p2 switch 2\n>p1 switch 3\n>p2 move uturn\n>p2 switch 6\n>p1 move fireblast terastallize\n>p2 move psychicfangs\n>p2 switch 4\n>p1 move fireblast\n>p2 move stoneaxe\n>p1 move recover\n>p2 move stoneaxe\n>p1 move recover\n>p2 move stoneaxe\n>p1 move recover\n>p2 move stoneaxe\n>p1 move recover\n>p2 move stoneaxe\n>p1 move recover\n>p2 move stoneaxe\n>p1 move dynamaxcannon\n>p2 move stoneaxe\n>p2 switch 2\n>p1 move fireblast\n>p2 move nuzzle\n>p1 move recover\n>p2 move superfang\n>p1 switch 3\n>p2 move superfang\n>p1 move leechseed\n>p2 move superfang\n>p1 move leechseed\n>p2 move uturn\n>p2 switch 6\n>p1 move airslash\n>p2 move uturn\n>p2 switch 6\n>p1 switch 3\n>p1 move recover\n>p2 move superfang\n>p1 move fireblast\n>p2 move superfang\n>p1 move fireblast\n>p2 move thunderbolt\n>p1 switch 6\n>p1 move nastyplot\n>p2 move nuzzle\n>p1 move bugbuzz\n>p2 move uturn\n>p2 switch 5\n>p1 move aurasphere\n>p2 move lashout\n>p2 switch 6\n>p1 move aurasphere\n>p2 move knockoff\n>p1 switch 2\n>p1 move wavecrash\n>p2 move knockoff\n>p2 switch 3\n>p1 move wavecrash\n>p2 move poltergeist\n>p2 switch 5\n>p1 move wavecrash\n>p2 move thunderbolt", "uploadtime": 1732962496, "views": 2, "formatid": "gen9randombattle", "rating": 1892, "private": 0, "password": null}