{"id": "gen9randombattle-2253812487", "format": "[Gen 9] Random Battle", "players": ["cadmiumclad", "the_necromancer10"], "log": "|j|\u2606cadmiumclad\n|j|\u2606the_necromancer10\n|t:|1732942087\n|gametype|singles\n|player|p1|cadmiumclad|adaman|2066\n|player|p2|the_necromancer10|psychicf-gen4|2111\n|teamsize|p1|6\n|teamsize|p2|6\n|gen|9\n|tier|[Gen 9] Random Battle\n|rated|\n|rule|Species Clause: Limit one of each Pok\u00e9mon\n|rule|HP Percentage Mod: HP is shown in percentages\n|rule|Sleep Clause Mod: Limit one foe put to sleep\n|rule|Illusion Level Mod: Illusion disguises the Pok\u00e9mon's true level\n|\n|t:|1732942087\n|start\n|switch|p1a: Uxie|Uxie, L83|260/260\n|switch|p2a: Heatran|Heatran, L79, F|273/273\n|-item|p2a: Heatran|Air Balloon\n|turn|1\n|inactive|Battle timer is ON: inactive players will automatically lose when time's up. (requested by the_necromancer10)\n|inactive|cadmiumclad also wants the timer to be on.\n|c|\u2606the_necromancer10|gl hf\n|\n|t:|1732942098\n|move|p1a: Uxie|Stealth Rock|p2a: Heatran\n|-sidestart|p2: the_necromancer10|move: Stealth Rock\n|move|p2a: Heatran|Stealth Rock|p1a: Uxie\n|-sidestart|p1: cadmiumclad|move: Stealth Rock\n|\n|upkeep\n|turn|2\n|\n|t:|1732942107\n|move|p1a: Uxie|U-turn|p2a: Heatran\n|-resisted|p2a: Heatran\n|-damage|p2a: Heatran|264/273\n|-enditem|p2a: Heatran|Air Balloon\n|c|\u2606cadmiumclad|u2\n|\n|t:|1732942120\n|switch|p1a: Zebstrika|Zebstrika, L87, F|272/272|[from] U-turn\n|-damage|p1a: Zebstrika|238/272|[from] Stealth Rock\n|move|p2a: Heatran|Lava Plume|p1a: Zebstrika\n|-damage|p1a: Zebstrika|118/272\n|\n|upkeep\n|turn|3\n|\n|t:|1732942127\n|switch|p2a: Appletun|Appletun, L92, M|352/352\n|-damage|p2a: Appletun|308/352|[from] Stealth Rock\n|move|p1a: Zebstrika|High Horsepower|p2a: Appletun\n|-resisted|p2a: Appletun\n|-damage|p2a: Appletun|259/352\n|-damage|p1a: Zebstrika|91/272|[from] item: Life Orb\n|\n|-heal|p2a: Appletun|281/352|[from] item: Leftovers\n|upkeep\n|turn|4\n|\n|t:|1732942135\n|move|p1a: Zebstrika|Volt Switch|p2a: Appletun\n|-resisted|p2a: Appletun\n|-damage|p2a: Appletun|260/352\n|-damage|p1a: Zebstrika|64/272|[from] item: Life Orb\n|\n|t:|1732942152\n|switch|p1a: Uxie|Uxie, L83|260/260|[from] Volt Switch\n|-damage|p1a: Uxie|228/260|[from] Stealth Rock\n|move|p2a: Appletun|Dragon Pulse|p1a: Uxie\n|-damage|p1a: Uxie|147/260\n|\n|-heal|p1a: Uxie|163/260|[from] item: Leftovers\n|-heal|p2a: Appletun|282/352|[from] item: Leftovers\n|upkeep\n|turn|5\n|\n|t:|1732942157\n|switch|p2a: Heatran|Heatran, L79, F|264/273\n|-damage|p2a: Heatran|230/273|[from] Stealth Rock\n|move|p1a: Uxie|Knock Off|p2a: Heatran\n|-damage|p2a: Heatran|193/273\n|\n|-heal|p1a: Uxie|179/260|[from] item: Leftovers\n|upkeep\n|turn|6\n|\n|t:|1732942160\n|move|p1a: Uxie|U-turn|p2a: Heatran\n|-resisted|p2a: Heatran\n|-damage|p2a: Heatran|184/273\n|\n|t:|1732942165\n|switch|p1a: Zebstrika|Zebstrika, L87, F|64/272|[from] U-turn\n|-damage|p1a: Zebstrika|30/272|[from] Stealth Rock\n|move|p2a: Heatran|Lava Plume|p1a: Zebstrika\n|-crit|p1a: Zebstrika\n|-damage|p1a: Zebstrika|0 fnt\n|faint|p1a: Zebstrika\n|\n|upkeep\n|\n|t:|1732942174\n|switch|p1a: Urshifu|Urshifu, L74, F|270/270\n|-damage|p1a: Urshifu|254/270|[from] Stealth Rock\n|turn|7\n|\n|t:|1732942182\n|switch|p2a: Delphox|Delphox, L84, M|263/263\n|move|p1a: Urshifu|Close Combat|p2a: Delphox\n|-resisted|p2a: Delphox\n|-damage|p2a: Delphox|169/263\n|-unboost|p1a: Urshifu|def|1\n|-unboost|p1a: Urshifu|spd|1\n|-damage|p1a: Urshifu|227/270|[from] item: Life Orb\n|\n|upkeep\n|turn|8\n|\n|t:|1732942192\n|switch|p2a: Arceus|Arceus-Poison, L70|284/284\n|-damage|p2a: Arceus|249/284|[from] Stealth Rock\n|move|p1a: Urshifu|Sucker Punch||[still]\n|-fail|p1a: Urshifu\n|\n|upkeep\n|turn|9\n|\n|t:|1732942205\n|switch|p1a: Uxie|Uxie, L83|179/260\n|-damage|p1a: Uxie|147/260|[from] Stealth Rock\n|move|p2a: Arceus|Swords Dance|p2a: Arceus\n|-boost|p2a: Arceus|atk|2\n|\n|-heal|p1a: Uxie|163/260|[from] item: Leftovers\n|upkeep\n|turn|10\n|\n|t:|1732942211\n|switch|p1a: Corviknight|Corviknight, L80, F|288/288\n|-damage|p1a: Corviknight|252/288|[from] Stealth Rock\n|move|p2a: Arceus|Gunk Shot|p1a: Corviknight\n|-immune|p1a: Corviknight\n|\n|upkeep\n|turn|11\n|\n|t:|1732942229\n|switch|p2a: Delphox|Delphox, L84, M|169/263\n|move|p1a: Corviknight|Brave Bird|p2a: Delphox\n|-damage|p2a: Delphox|51/263\n|-damage|p1a: Corviknight|213/288|[from] Recoil\n|\n|upkeep\n|turn|12\n|inactive|cadmiumclad has 120 seconds left.\n|\n|t:|1732942257\n|switch|p1a: Uxie|Uxie, L83|163/260\n|-damage|p1a: Uxie|131/260|[from] Stealth Rock\n|move|p2a: Delphox|Fire Blast|p1a: Uxie\n|-damage|p1a: Uxie|0 fnt\n|faint|p1a: Uxie\n|\n|upkeep\n|inactive|cadmiumclad has 120 seconds left.\n|\n|t:|1732942266\n|switch|p1a: Serperior|Serperior, L79, M|248/248\n|-damage|p1a: Serperior|217/248|[from] Stealth Rock\n|turn|13\n|\n|t:|1732942276\n|move|p1a: Serperior|Leaf Storm|p2a: Delphox\n|-resisted|p2a: Delphox\n|-damage|p2a: Delphox|0 fnt\n|-boost|p1a: Serperior|spa|2\n|faint|p2a: Delphox\n|-damage|p1a: Serperior|193/248|[from] item: Life Orb\n|\n|upkeep\n|\n|t:|1732942278\n|switch|p2a: Heatran|Heatran, L79, F|184/273\n|-damage|p2a: Heatran|150/273|[from] Stealth Rock\n|turn|14\n|\n|t:|1732942296\n|-terastallize|p1a: Serperior|Dragon\n|move|p1a: Serperior|Leaf Storm|p2a: Heatran|[miss]\n|-miss|p1a: Serperior|p2a: Heatran\n|move|p2a: Heatran|Lava Plume|p1a: Serperior\n|-resisted|p1a: Serperior\n|-damage|p1a: Serperior|145/248\n|\n|upkeep\n|turn|15\n|\n|t:|1732942303\n|move|p1a: Serperior|Leaf Storm|p2a: Heatran|[miss]\n|-miss|p1a: Serperior|p2a: Heatran\n|move|p2a: Heatran|Flash Cannon|p1a: Serperior\n|-damage|p1a: Serperior|54/248\n|\n|upkeep\n|turn|16\n|\n|t:|1732942307\n|move|p1a: Serperior|Synthesis|p1a: Serperior\n|-heal|p1a: Serperior|178/248\n|move|p2a: Heatran|Flash Cannon|p1a: Serperior\n|-damage|p1a: Serperior|82/248\n|\n|upkeep\n|turn|17\n|\n|t:|1732942320\n|move|p1a: Serperior|Synthesis|p1a: Serperior\n|-heal|p1a: Serperior|206/248\n|move|p2a: Heatran|Flash Cannon|p1a: Serperior\n|-damage|p1a: Serperior|118/248\n|\n|upkeep\n|turn|18\n|\n|t:|1732942332\n|move|p1a: Serperior|Glare|p2a: Heatran\n|-status|p2a: Heatran|par\n|move|p2a: Heatran|Flash Cannon|p1a: Serperior\n|-damage|p1a: Serperior|31/248\n|\n|upkeep\n|turn|19\n|\n|t:|1732942337\n|switch|p2a: Arceus|Arceus-Poison, L70|249/284\n|-damage|p2a: Arceus|214/284|[from] Stealth Rock\n|move|p1a: Serperior|Synthesis|p1a: Serperior\n|-heal|p1a: Serperior|155/248\n|\n|upkeep\n|turn|20\n|\n|t:|1732942347\n|move|p1a: Serperior|Dragon Pulse|p2a: Arceus\n|-damage|p2a: Arceus|57/284\n|-damage|p1a: Serperior|131/248|[from] item: Life Orb\n|move|p2a: Arceus|Gunk Shot|p1a: Serperior\n|-damage|p1a: Serperior|11/248\n|\n|upkeep\n|turn|21\n|\n|t:|1732942351\n|switch|p1a: Corviknight|Corviknight, L80, F|213/288\n|-damage|p1a: Corviknight|177/288|[from] Stealth Rock\n|move|p2a: Arceus|Extreme Speed|p1a: Corviknight\n|-resisted|p1a: Corviknight\n|-damage|p1a: Corviknight|155/288\n|-damage|p2a: Arceus|10/284|[from] item: Rocky Helmet|[of] p1a: Corviknight\n|\n|upkeep\n|turn|22\n|\n|t:|1732942359\n|move|p2a: Arceus|Swords Dance|p2a: Arceus\n|-boost|p2a: Arceus|atk|2\n|move|p1a: Corviknight|Roost|p1a: Corviknight\n|-heal|p1a: Corviknight|288/288\n|-singleturn|p1a: Corviknight|move: Roost\n|\n|upkeep\n|turn|23\n|\n|t:|1732942367\n|move|p2a: Arceus|Extreme Speed|p1a: Corviknight\n|-resisted|p1a: Corviknight\n|-damage|p1a: Corviknight|245/288\n|-damage|p2a: Arceus|0 fnt|[from] item: Rocky Helmet|[of] p1a: Corviknight\n|faint|p2a: Arceus\n|move|p1a: Corviknight|Defog|p2: Arceus|[notarget]\n|-fail|p1a: Corviknight\n|\n|upkeep\n|\n|t:|1732942369\n|switch|p2a: Heatran|Heatran, L79, F|150/273 par\n|-damage|p2a: Heatran|116/273 par|[from] Stealth Rock\n|turn|24\n|c|\u2606cadmiumclad|????\n|c|\u2606the_necromancer10|??? me or ??? defog\n|j| aweggaewgewgew\n|c|\u2606cadmiumclad|defog\n|c|\u2606the_necromancer10|it needs to reduce evasiveness to trigger\n|c|\u2606the_necromancer10|i think\n|c|\u2606cadmiumclad|does clear amulet block it/\n|c|\u2606cadmiumclad|?\n|inactive|cadmiumclad has 120 seconds left.\n|inactive|the_necromancer10 has 120 seconds left.\n|c|\u2606cadmiumclad|no way\n|c|\u2606the_necromancer10|idk\n|c|\u2606the_necromancer10|ik gholdengo blocks it\n|c|\u2606the_necromancer10|so it isnt like haze\n|c|\u2606the_necromancer10|it needs a target\n|\n|t:|1732942418\n|switch|p2a: Quagsire|Quagsire, L84, M|297/297\n|-damage|p2a: Quagsire|279/297|[from] Stealth Rock\n|move|p1a: Corviknight|Body Press|p2a: Quagsire\n|-damage|p2a: Quagsire|219/297\n|\n|-heal|p2a: Quagsire|237/297|[from] item: Leftovers\n|upkeep\n|turn|25\n|\n|t:|1732942431\n|move|p1a: Corviknight|Defog|p2a: Quagsire\n|-unboost|p2a: Quagsire|evasion|1\n|-sideend|p2: the_necromancer10|Stealth Rock|[from] move: Defog|[of] p1a: Corviknight\n|-sideend|p1: cadmiumclad|Stealth Rock|[from] move: Defog|[of] p1a: Corviknight\n|move|p2a: Quagsire|Spikes|p1a: Corviknight\n|-sidestart|p1: cadmiumclad|Spikes\n|\n|-heal|p2a: Quagsire|255/297|[from] item: Leftovers\n|upkeep\n|turn|26\n|\n|t:|1732942439\n|switch|p2a: Appletun|Appletun, L92, M|282/352\n|move|p1a: Corviknight|Defog|p2a: Appletun\n|-unboost|p2a: Appletun|evasion|1\n|-sideend|p1: cadmiumclad|Spikes|[from] move: Defog|[of] p1a: Corviknight\n|\n|-heal|p2a: Appletun|304/352|[from] item: Leftovers\n|upkeep\n|turn|27\n|\n|t:|1732942448\n|move|p1a: Corviknight|Brave Bird|p2a: Appletun\n|-supereffective|p2a: Appletun\n|-damage|p2a: Appletun|88/352\n|-damage|p1a: Corviknight|174/288|[from] Recoil\n|move|p2a: Appletun|Leech Seed|p1a: Corviknight\n|-start|p1a: Corviknight|move: Leech Seed\n|\n|-heal|p2a: Appletun|110/352|[from] item: Leftovers\n|-damage|p1a: Corviknight|138/288|[from] Leech Seed|[of] p2a: Appletun\n|-heal|p2a: Appletun|146/352|[silent]\n|upkeep\n|turn|28\n|\n|t:|1732942452\n|switch|p2a: Heatran|Heatran, L79, F|116/273 par\n|move|p1a: Corviknight|Roost|p1a: Corviknight\n|-heal|p1a: Corviknight|282/288\n|-singleturn|p1a: Corviknight|move: Roost\n|\n|-damage|p1a: Corviknight|246/288|[from] Leech Seed|[of] p2a: Heatran\n|-heal|p2a: Heatran|152/273 par|[silent]\n|upkeep\n|turn|29\n|\n|t:|1732942462\n|switch|p2a: Moltres|Moltres-Galar, L79|271/271\n|move|p1a: Corviknight|Body Press|p2a: Moltres\n|-damage|p2a: Moltres|211/271\n|\n|-damage|p1a: Corviknight|210/288|[from] Leech Seed|[of] p2a: Moltres\n|-heal|p2a: Moltres|247/271|[silent]\n|upkeep\n|turn|30\n|c|\u2606the_necromancer10|i hate corvvvvvvvv\n|\n|t:|1732942476\n|switch|p1a: Victreebel|Victreebel, L90, M|290/290\n|move|p2a: Moltres|Agility|p2a: Moltres\n|-boost|p2a: Moltres|spe|2\n|\n|upkeep\n|turn|31\n|c|\u2606the_necromancer10|evil mon\n|\n|t:|1732942490\n|move|p2a: Moltres|Nasty Plot|p2a: Moltres\n|-boost|p2a: Moltres|spa|2\n|move|p1a: Victreebel|Sludge Wave|p2a: Moltres\n|-damage|p2a: Moltres|130/271\n|-ability|p2a: Moltres|Berserk|boost\n|-boost|p2a: Moltres|spa|1\n|-damage|p1a: Victreebel|261/290|[from] item: Life Orb\n|\n|upkeep\n|turn|32\n|\n|t:|1732942494\n|move|p2a: Moltres|Hurricane|p1a: Victreebel|[miss]\n|-miss|p2a: Moltres|p1a: Victreebel\n|move|p1a: Victreebel|Sludge Wave|p2a: Moltres\n|-damage|p2a: Moltres|0 fnt\n|faint|p2a: Moltres\n|-damage|p1a: Victreebel|232/290|[from] item: Life Orb\n|\n|upkeep\n|c|\u2606the_necromancer10|god damn it\n|c|\u2606the_necromancer10|that was my out\n|c|\u2606cadmiumclad|hey i missed 2 leaf storms in a row\n|\n|t:|1732942505\n|switch|p2a: Heatran|Heatran, L79, F|152/273 par\n|turn|33\n|c|\u2606cadmiumclad|woulda killed tran\n|c|\u2606the_necromancer10|after 2 leaf storms i revenge kill\n|c|\u2606the_necromancer10|and also quag in back\n|c|\u2606the_necromancer10|so i was fine with sacking it\n|inactive|cadmiumclad has 120 seconds left.\n|inactive|the_necromancer10 has 120 seconds left.\n|\n|t:|1732942544\n|switch|p1a: Urshifu|Urshifu, L74, F|227/270\n|move|p2a: Heatran|Lava Plume|p1a: Urshifu\n|-damage|p1a: Urshifu|82/270\n|\n|upkeep\n|turn|34\n|\n|t:|1732942547\n|move|p1a: Urshifu|Close Combat|p2a: Heatran\n|-supereffective|p2a: Heatran\n|-damage|p2a: Heatran|0 fnt\n|-unboost|p1a: Urshifu|def|1\n|-unboost|p1a: Urshifu|spd|1\n|faint|p2a: Heatran\n|-damage|p1a: Urshifu|55/270|[from] item: Life Orb\n|\n|upkeep\n|\n|t:|1732942550\n|switch|p2a: Quagsire|Quagsire, L84, M|255/297\n|turn|35\n|\n|t:|1732942555\n|move|p1a: Urshifu|Wicked Blow|p2a: Quagsire\n|-crit|p2a: Quagsire\n|-damage|p2a: Quagsire|90/297\n|-damage|p1a: Urshifu|28/270|[from] item: Life Orb\n|move|p2a: Quagsire|Ice Beam|p1a: Urshifu\n|-damage|p1a: Urshifu|0 fnt\n|faint|p1a: Urshifu\n|\n|-heal|p2a: Quagsire|108/297|[from] item: Leftovers\n|upkeep\n|\n|t:|1732942558\n|switch|p1a: Serperior|Serperior, L79, M, tera:Dragon|11/248\n|turn|36\n|\n|t:|1732942564\n|-terastallize|p2a: Quagsire|Steel\n|move|p1a: Serperior|Synthesis|p1a: Serperior\n|-heal|p1a: Serperior|135/248\n|move|p2a: Quagsire|Recover|p2a: Quagsire\n|-heal|p2a: Quagsire|257/297\n|\n|-heal|p2a: Quagsire|275/297|[from] item: Leftovers\n|upkeep\n|turn|37\n|\n|t:|1732942572\n|move|p1a: Serperior|Synthesis|p1a: Serperior\n|-heal|p1a: Serperior|248/248\n|move|p2a: Quagsire|Ice Beam|p1a: Serperior\n|-supereffective|p1a: Serperior\n|-damage|p1a: Serperior|154/248\n|\n|-heal|p2a: Quagsire|293/297|[from] item: Leftovers\n|upkeep\n|turn|38\n|\n|t:|1732942574\n|switch|p1a: Corviknight|Corviknight, L80, F|210/288\n|move|p2a: Quagsire|Ice Beam|p1a: Corviknight\n|-damage|p1a: Corviknight|159/288\n|\n|-heal|p2a: Quagsire|297/297|[from] item: Leftovers\n|upkeep\n|turn|39\n|\n|t:|1732942578\n|move|p1a: Corviknight|Roost|p1a: Corviknight\n|-heal|p1a: Corviknight|288/288\n|-singleturn|p1a: Corviknight|move: Roost\n|move|p2a: Quagsire|Ice Beam|p1a: Corviknight\n|-resisted|p1a: Corviknight\n|-damage|p1a: Corviknight|263/288\n|\n|upkeep\n|turn|40\n|\n|t:|1732942581\n|move|p1a: Corviknight|Body Press|p2a: Quagsire\n|-supereffective|p2a: Quagsire\n|-damage|p2a: Quagsire|183/297\n|move|p2a: Quagsire|Ice Beam|p1a: Corviknight\n|-damage|p1a: Corviknight|216/288\n|\n|-heal|p2a: Quagsire|201/297|[from] item: Leftovers\n|upkeep\n|turn|41\n|\n|t:|1732942584\n|move|p1a: Corviknight|Body Press|p2a: Quagsire\n|-supereffective|p2a: Quagsire\n|-damage|p2a: Quagsire|91/297\n|move|p2a: Quagsire|Ice Beam|p1a: Corviknight\n|-damage|p1a: Corviknight|167/288\n|-status|p1a: Corviknight|frz\n|\n|-heal|p2a: Quagsire|109/297|[from] item: Leftovers\n|upkeep\n|turn|42\n|\n|t:|1732942587\n|cant|p1a: Corviknight|frz\n|move|p2a: Quagsire|Recover|p2a: Quagsire\n|-heal|p2a: Quagsire|258/297\n|\n|-heal|p2a: Quagsire|276/297|[from] item: Leftovers\n|upkeep\n|turn|43\n|\n|t:|1732942589\n|cant|p1a: Corviknight|frz\n|move|p2a: Quagsire|Ice Beam|p1a: Corviknight\n|-damage|p1a: Corviknight|114/288 frz\n|\n|-heal|p2a: Quagsire|294/297|[from] item: Leftovers\n|upkeep\n|turn|44\n|\n|t:|1732942590\n|cant|p1a: Corviknight|frz\n|move|p2a: Quagsire|Ice Beam|p1a: Corviknight\n|-damage|p1a: Corviknight|58/288 frz\n|\n|-heal|p2a: Quagsire|297/297|[from] item: Leftovers\n|upkeep\n|turn|45\n|\n|t:|1732942592\n|cant|p1a: Corviknight|frz\n|move|p2a: Quagsire|Ice Beam|p1a: Corviknight\n|-damage|p1a: Corviknight|5/288 frz\n|\n|upkeep\n|turn|46\n|\n|t:|1732942594\n|cant|p1a: Corviknight|frz\n|move|p2a: Quagsire|Ice Beam|p1a: Corviknight\n|-damage|p1a: Corviknight|0 fnt\n|faint|p1a: Corviknight\n|\n|upkeep\n|\n|t:|1732942597\n|switch|p1a: Victreebel|Victreebel, L90, M|232/290\n|turn|47\n|\n|t:|1732942601\n|move|p1a: Victreebel|Sunny Day|p1a: Victreebel\n|-weather|SunnyDay\n|move|p2a: Quagsire|Ice Beam|p1a: Victreebel\n|-supereffective|p1a: Victreebel\n|-damage|p1a: Victreebel|130/290\n|\n|-weather|SunnyDay|[upkeep]\n|upkeep\n|turn|48\n|\n|t:|1732942605\n|move|p1a: Victreebel|Weather Ball|p2a: Quagsire\n|-supereffective|p2a: Quagsire\n|-damage|p2a: Quagsire|0 fnt\n|faint|p2a: Quagsire\n|-damage|p1a: Victreebel|101/290|[from] item: Life Orb\n|\n|-weather|SunnyDay|[upkeep]\n|upkeep\n|\n|t:|1732942608\n|switch|p2a: Appletun|Appletun, L92, M|146/352\n|turn|49\n|\n|t:|1732942610\n|move|p1a: Victreebel|Sludge Wave|p2a: Appletun\n|-supereffective|p2a: Appletun\n|-damage|p2a: Appletun|0 fnt\n|faint|p2a: Appletun\n|-damage|p1a: Victreebel|72/290|[from] item: Life Orb\n|\n|win|cadmiumclad\n|raw|cadmiumclad's rating: 2066 &rarr; <strong>2089</strong><br />(+23 for winning)\n|raw|the_necromancer10's rating: 2111 &rarr; <strong>2088</strong><br />(-23 for losing)\n|c|\u2606the_necromancer10|ggs\n|c|\u2606cadmiumclad|gg\n|l|\u2606the_necromancer10\n|player|p2|\n", "inputlog": ">version b107d77f5c90bd6555267ae244a6264823309ead\n>start {\"formatid\":\"gen9randombattle\",\"seed\":[4649,52680,52199,4759],\"rated\":\"Rated battle\"}\n>player p1 {\"name\":\"cadmiumclad\",\"avatar\":\"adaman\",\"rating\":2066,\"seed\":[58628,23674,21235,5980]}\n>player p2 {\"name\":\"the_necromancer10\",\"avatar\":\"psychicf-gen4\",\"rating\":2111,\"seed\":[44,25769,45332,50000]}\n>chat \u2606the_necromancer10|gl hf\n>p1 move stealthrock\n>p2 move stealthrock\n>p1 move uturn\n>p2 move lavaplume\n>chat \u2606cadmiumclad|u2\n>p1 switch 5\n>p1 move highhorsepower\n>p2 switch 4\n>p1 move voltswitch\n>p2 move dragonpulse\n>p1 switch 5\n>p1 move knockoff\n>p2 switch 4\n>p1 move uturn\n>p2 move lavaplume\n>p1 switch 5\n>p1 switch 3\n>p1 move closecombat\n>p2 switch 6\n>p1 move suckerpunch\n>p2 switch 2\n>p1 switch 5\n>p2 move swordsdance\n>p1 switch 4\n>p2 move gunkshot\n>p1 move bravebird\n>p2 switch 2\n>p1 switch 4\n>p2 move fireblast\n>p1 switch 6\n>p1 move leafstorm\n>p2 move fireblast\n>p2 switch 6\n>p1 move leafstorm terastallize\n>p2 move lavaplume\n>p1 move leafstorm\n>p2 move flashcannon\n>p1 move synthesis\n>p2 move flashcannon\n>p1 move synthesis\n>p2 move flashcannon\n>p1 move glare\n>p2 move flashcannon\n>p1 move synthesis\n>p2 switch 2\n>p1 move dragonpulse\n>p2 move gunkshot\n>p1 switch 4\n>p2 move extremespeed\n>p1 move roost\n>p2 move swordsdance\n>p1 move defog\n>p2 move extremespeed\n>p2 switch 2\n>chat \u2606cadmiumclad|????\n>chat \u2606the_necromancer10|??? me or ??? defog\n>chat \u2606cadmiumclad|defog\n>chat \u2606the_necromancer10|it needs to reduce evasiveness to trigger\n>chat \u2606the_necromancer10|i think\n>chat \u2606cadmiumclad|does clear amulet block it/\n>chat \u2606cadmiumclad|?\n>chat \u2606cadmiumclad|no way\n>chat \u2606the_necromancer10|idk\n>chat \u2606the_necromancer10|ik gholdengo blocks it\n>chat \u2606the_necromancer10|so it isnt like haze\n>chat \u2606the_necromancer10|it needs a target\n>p1 move bodypress\n>p2 switch 3\n>p1 move defog\n>p2 move spikes\n>p1 move defog\n>p2 switch 4\n>p1 move bravebird\n>p2 move leechseed\n>p1 move roost\n>p2 switch 3\n>p1 move bodypress\n>p2 switch 5\n>chat \u2606the_necromancer10|i hate corvvvvvvvv\n>p1 switch 2\n>p2 move agility\n>chat \u2606the_necromancer10|evil mon\n>p1 move sludgewave\n>p2 move nastyplot\n>p1 move sludgewave\n>p2 move hurricane\n>chat \u2606the_necromancer10|god damn it\n>chat \u2606the_necromancer10|that was my out\n>chat \u2606cadmiumclad|hey i missed 2 leaf storms in a row\n>p2 switch 5\n>chat \u2606cadmiumclad|woulda killed tran\n>chat \u2606the_necromancer10|after 2 leaf storms i revenge kill \n>chat \u2606the_necromancer10|and also quag in back\n>chat \u2606the_necromancer10|so i was fine with sacking it\n>p1 switch 5\n>p2 move lavaplume\n>p1 move closecombat\n>p2 move lavaplume\n>p2 switch 4\n>p1 move wickedblow\n>p2 move icebeam\n>p1 switch 4\n>p1 move synthesis\n>p2 move recover terastallize\n>p1 move synthesis\n>p2 move icebeam\n>p1 switch 2\n>p2 move icebeam\n>p1 move roost\n>p2 move icebeam\n>p1 move bodypress\n>p2 move icebeam\n>p1 move bodypress\n>p2 move icebeam\n>p1 move bodypress\n>p2 move recover\n>p1 move bodypress\n>p2 move icebeam\n>p1 move bodypress\n>p2 move icebeam\n>p1 move roost\n>p2 move icebeam\n>p1 move roost\n>p2 move icebeam\n>p1 switch 5\n>p1 move sunnyday\n>p2 move icebeam\n>p1 move weatherball\n>p2 move earthquake\n>p2 switch 3\n>p1 move sludgewave\n>p2 move recover", "uploadtime": 1732942630, "views": 21, "formatid": "gen9randombattle", "rating": 2088, "private": 0, "password": null}