{"id": "gen9randombattle-2254003194", "format": "[Gen 9] Random Battle", "players": ["sjrtstjrstjr", "AminitraboTTT"], "log": "|j|\u2606sjrtstjrstjr\n|j|\u2606AminitraboTTT\n|t:|1732978554\n|gametype|singles\n|player|p1|sjrtstjrstjr|102|\n|player|p2|AminitraboTTT|supernerd|\n|teamsize|p1|6\n|teamsize|p2|6\n|gen|9\n|tier|[Gen 9] Random Battle\n|rule|Species Clause: Limit one of each Pok\u00e9mon\n|rule|HP Percentage Mod: HP is shown in percentages\n|rule|Sleep Clause Mod: Limit one foe put to sleep\n|rule|Illusion Level Mod: Illusion disguises the Pok\u00e9mon's true level\n|\n|t:|1732978554\n|start\n|switch|p1a: Arboliva|Arboliva, L91, M|290/290\n|switch|p2a: Ninetales|Ninetales, L85, F|263/263\n|-weather|SunnyDay|[from] ability: Drought|[of] p2a: Ninetales\n|turn|1\n|c|\u2606AminitraboTTT|Hola, soy AminitraboTTT, el bot de la sala Espa\u00f1ol. gl hf\n|inactive|Battle timer is ON: inactive players will automatically lose when time's up. (requested by AminitraboTTT)\n|inactive|sjrtstjrstjr also wants the timer to be on.\n|\n|t:|1732978556\n|switch|p1a: Houndoom|Houndoom, L87, M|272/272\n|-terastallize|p2a: Ninetales|Grass\n|move|p2a: Ninetales|Fire Blast|p1a: Houndoom\n|-start|p1a: Houndoom|ability: Flash Fire\n|\n|-weather|SunnyDay|[upkeep]\n|upkeep\n|turn|2\n|\n|t:|1732978558\n|switch|p2a: Lumineon|Lumineon, L93, F|279/279\n|move|p1a: Houndoom|Fire Blast|p2a: Lumineon\n|-resisted|p2a: Lumineon\n|-damage|p2a: Lumineon|132/279\n|\n|-weather|SunnyDay|[upkeep]\n|upkeep\n|turn|3\n|\n|t:|1732978560\n|move|p2a: Lumineon|Hydro Pump|p1a: Houndoom\n|-supereffective|p1a: Houndoom\n|-damage|p1a: Houndoom|158/272\n|move|p1a: Houndoom|Fire Blast|p2a: Lumineon\n|-resisted|p2a: Lumineon\n|-damage|p2a: Lumineon|0 fnt\n|faint|p2a: Lumineon\n|\n|-weather|SunnyDay|[upkeep]\n|upkeep\n|\n|t:|1732978560\n|switch|p2a: Milotic|Milotic, L83, F|293/293\n|turn|4\n|\n|t:|1732978566\n|-end|p1a: Houndoom|ability: Flash Fire|[silent]\n|switch|p1a: Venusaur|Venusaur, L84, M|272/272\n|move|p2a: Milotic|Scald|p1a: Venusaur\n|-resisted|p1a: Venusaur\n|-damage|p1a: Venusaur|252/272\n|\n|-weather|SunnyDay|[upkeep]\n|-heal|p1a: Venusaur|269/272|[from] item: Leftovers\n|upkeep\n|turn|5\n|\n|t:|1732978567\n|switch|p2a: Trevenant|Trevenant, L88, M|293/293\n|move|p1a: Venusaur|Sludge Bomb|p2a: Trevenant\n|-damage|p2a: Trevenant|187/293\n|-status|p2a: Trevenant|psn\n|\n|-weather|none\n|-heal|p1a: Venusaur|272/272|[from] item: Leftovers\n|-damage|p2a: Trevenant|151/293 psn|[from] psn\n|upkeep\n|turn|6\n|\n|t:|1732978570\n|move|p1a: Venusaur|Substitute|p1a: Venusaur\n|-start|p1a: Venusaur|Substitute\n|-damage|p1a: Venusaur|204/272\n|move|p2a: Trevenant|Rest|p2a: Trevenant\n|-status|p2a: Trevenant|slp|[from] move: Rest\n|-heal|p2a: Trevenant|293/293 slp|[silent]\n|\n|-heal|p1a: Venusaur|221/272|[from] item: Leftovers\n|upkeep\n|turn|7\n|\n|t:|1732978572\n|move|p1a: Venusaur|Sludge Bomb|p2a: Trevenant\n|-damage|p2a: Trevenant|188/293 slp\n|cant|p2a: Trevenant|slp\n|\n|-heal|p1a: Venusaur|238/272|[from] item: Leftovers\n|upkeep\n|turn|8\n|\n|t:|1732978572\n|move|p1a: Venusaur|Sludge Bomb|p2a: Trevenant\n|-damage|p2a: Trevenant|94/293 slp\n|cant|p2a: Trevenant|slp\n|\n|-heal|p1a: Venusaur|255/272|[from] item: Leftovers\n|upkeep\n|turn|9\n|\n|t:|1732978573\n|move|p1a: Venusaur|Sludge Bomb|p2a: Trevenant\n|-damage|p2a: Trevenant|0 fnt\n|faint|p2a: Trevenant\n|\n|-heal|p1a: Venusaur|272/272|[from] item: Leftovers\n|upkeep\n|\n|t:|1732978573\n|switch|p2a: Electivire|Electivire, L84, F|263/263\n|turn|10\n|\n|t:|1732978574\n|move|p2a: Electivire|Earthquake|p1a: Venusaur\n|-end|p1a: Venusaur|Substitute\n|-damage|p2a: Electivire|237/263|[from] item: Life Orb\n|move|p1a: Venusaur|Leech Seed|p2a: Electivire\n|-start|p2a: Electivire|move: Leech Seed\n|\n|-damage|p2a: Electivire|205/263|[from] Leech Seed|[of] p1a: Venusaur\n|upkeep\n|turn|11\n|\n|t:|1732978582\n|switch|p1a: Arboliva|Arboliva, L91, M|290/290\n|move|p2a: Electivire|Ice Punch|p1a: Arboliva\n|-supereffective|p1a: Arboliva\n|-damage|p1a: Arboliva|129/290\n|-fieldstart|move: Grassy Terrain|[from] ability: Seed Sower|[of] p1a: Arboliva\n|-damage|p2a: Electivire|179/263|[from] item: Life Orb\n|\n|-heal|p2a: Electivire|195/263|[from] Grassy Terrain\n|-heal|p1a: Arboliva|147/290|[from] Grassy Terrain\n|-heal|p1a: Arboliva|165/290|[from] item: Leftovers\n|-damage|p2a: Electivire|163/263|[from] Leech Seed|[of] p1a: Arboliva\n|-heal|p1a: Arboliva|197/290|[silent]\n|upkeep\n|turn|12\n|\n|t:|1732978584\n|move|p2a: Electivire|Ice Punch|p1a: Arboliva\n|-supereffective|p1a: Arboliva\n|-damage|p1a: Arboliva|51/290\n|-status|p1a: Arboliva|frz\n|-damage|p2a: Electivire|137/263|[from] item: Life Orb\n|cant|p1a: Arboliva|frz\n|\n|-heal|p2a: Electivire|153/263|[from] Grassy Terrain\n|-heal|p1a: Arboliva|69/290 frz|[from] Grassy Terrain\n|-heal|p1a: Arboliva|87/290 frz|[from] item: Leftovers\n|-damage|p2a: Electivire|121/263|[from] Leech Seed|[of] p1a: Arboliva\n|-heal|p1a: Arboliva|119/290 frz|[silent]\n|upkeep\n|turn|13\n|\n|t:|1732978590\n|switch|p1a: Houndoom|Houndoom, L87, M|158/272\n|move|p2a: Electivire|Ice Punch|p1a: Houndoom\n|-resisted|p1a: Houndoom\n|-damage|p1a: Houndoom|100/272\n|-damage|p2a: Electivire|95/263|[from] item: Life Orb\n|\n|-heal|p1a: Houndoom|117/272|[from] Grassy Terrain\n|-heal|p2a: Electivire|111/263|[from] Grassy Terrain\n|-damage|p2a: Electivire|79/263|[from] Leech Seed|[of] p1a: Houndoom\n|-heal|p1a: Houndoom|149/272|[silent]\n|upkeep\n|turn|14\n|\n|t:|1732978592\n|move|p1a: Houndoom|Dark Pulse|p2a: Electivire\n|-damage|p2a: Electivire|0 fnt\n|faint|p2a: Electivire\n|\n|-heal|p1a: Houndoom|166/272|[from] Grassy Terrain\n|upkeep\n|\n|t:|1732978592\n|switch|p2a: Milotic|Milotic, L83, F|293/293\n|turn|15\n|\n|t:|1732978594\n|switch|p1a: Venusaur|Venusaur, L84, M|272/272\n|move|p2a: Milotic|Scald|p1a: Venusaur\n|-resisted|p1a: Venusaur\n|-damage|p1a: Venusaur|231/272\n|\n|-heal|p1a: Venusaur|248/272|[from] Grassy Terrain\n|-heal|p1a: Venusaur|265/272|[from] item: Leftovers\n|-fieldend|move: Grassy Terrain\n|upkeep\n|turn|16\n|\n|t:|1732978595\n|switch|p2a: Ninetales|Ninetales, L85, F, tera:Grass|263/263\n|-weather|SunnyDay|[from] ability: Drought|[of] p2a: Ninetales\n|move|p1a: Venusaur|Leech Seed|p2a: Ninetales\n|-immune|p2a: Ninetales\n|\n|-weather|SunnyDay|[upkeep]\n|-heal|p1a: Venusaur|272/272|[from] item: Leftovers\n|upkeep\n|turn|17\n|\n|t:|1732978596\n|switch|p1a: Houndoom|Houndoom, L87, M|166/272\n|move|p2a: Ninetales|Fire Blast|p1a: Houndoom\n|-start|p1a: Houndoom|ability: Flash Fire\n|\n|-weather|SunnyDay|[upkeep]\n|upkeep\n|turn|18\n|\n|t:|1732978597\n|move|p2a: Ninetales|Nasty Plot|p2a: Ninetales\n|-boost|p2a: Ninetales|spa|2\n|move|p1a: Houndoom|Fire Blast|p2a: Ninetales|[miss]\n|-miss|p1a: Houndoom|p2a: Ninetales\n|\n|-weather|SunnyDay|[upkeep]\n|upkeep\n|turn|19\n|\n|t:|1732978604\n|-terastallize|p1a: Houndoom|Dark\n|move|p2a: Ninetales|Fire Blast|p1a: Houndoom\n|-immune|p1a: Houndoom|[from] ability: Flash Fire\n|move|p1a: Houndoom|Fire Blast|p2a: Ninetales\n|-supereffective|p2a: Ninetales\n|-damage|p2a: Ninetales|0 fnt\n|faint|p2a: Ninetales\n|\n|-weather|SunnyDay|[upkeep]\n|upkeep\n|\n|t:|1732978604\n|switch|p2a: Sylveon|Sylveon, L85, F|300/300\n|turn|20\n|\n|t:|1732978606\n|move|p1a: Houndoom|Fire Blast|p2a: Sylveon\n|-damage|p2a: Sylveon|71/300\n|move|p2a: Sylveon|Hyper Voice|p1a: Houndoom\n|-supereffective|p1a: Houndoom\n|-damage|p1a: Houndoom|0 fnt\n|faint|p1a: Houndoom\n|\n|-weather|none\n|-heal|p2a: Sylveon|89/300|[from] item: Leftovers\n|upkeep\n|\n|t:|1732978608\n|switch|p1a: Pawmot|Pawmot, L80, M|243/243\n|turn|21\n|\n|t:|1732978610\n|move|p1a: Pawmot|Double Shock|p2a: Sylveon\n|-damage|p2a: Sylveon|0 fnt\n|-start|p1a: Pawmot|typechange|???/Fighting|[from] move: Double Shock\n|faint|p2a: Sylveon\n|-damage|p1a: Pawmot|219/243|[from] item: Life Orb\n|\n|upkeep\n|\n|t:|1732978610\n|switch|p2a: Milotic|Milotic, L83, F|293/293\n|turn|22\n|\n|t:|1732978611\n|switch|p1a: Venusaur|Venusaur, L84, M|272/272\n|move|p2a: Milotic|Scald|p1a: Venusaur\n|-resisted|p1a: Venusaur\n|-damage|p1a: Venusaur|236/272\n|-status|p1a: Venusaur|brn\n|\n|-heal|p1a: Venusaur|253/272 brn|[from] item: Leftovers\n|-damage|p1a: Venusaur|236/272 brn|[from] brn\n|upkeep\n|turn|23\n|\n|t:|1732978612\n|move|p1a: Venusaur|Leech Seed|p2a: Milotic\n|-start|p2a: Milotic|move: Leech Seed\n|move|p2a: Milotic|Scald|p1a: Venusaur\n|-resisted|p1a: Venusaur\n|-damage|p1a: Venusaur|200/272 brn\n|\n|-heal|p1a: Venusaur|217/272 brn|[from] item: Leftovers\n|-damage|p2a: Milotic|257/293|[from] Leech Seed|[of] p1a: Venusaur\n|-heal|p1a: Venusaur|253/272 brn|[silent]\n|-damage|p1a: Venusaur|236/272 brn|[from] brn\n|upkeep\n|turn|24\n|\n|t:|1732978614\n|move|p1a: Venusaur|Substitute|p1a: Venusaur\n|-start|p1a: Venusaur|Substitute\n|-damage|p1a: Venusaur|168/272 brn\n|move|p2a: Milotic|Ice Beam|p1a: Venusaur\n|-supereffective|p1a: Venusaur\n|-end|p1a: Venusaur|Substitute\n|\n|-heal|p1a: Venusaur|185/272 brn|[from] item: Leftovers\n|-heal|p2a: Milotic|275/293|[from] item: Leftovers\n|-damage|p2a: Milotic|239/293|[from] Leech Seed|[of] p1a: Venusaur\n|-heal|p1a: Venusaur|221/272 brn|[silent]\n|-damage|p1a: Venusaur|204/272 brn|[from] brn\n|upkeep\n|turn|25\n|\n|t:|1732978615\n|move|p1a: Venusaur|Giga Drain|p2a: Milotic\n|-supereffective|p2a: Milotic\n|-damage|p2a: Milotic|105/293\n|-heal|p1a: Venusaur|271/272 brn|[from] drain|[of] p2a: Milotic\n|move|p2a: Milotic|Ice Beam|p1a: Venusaur\n|-supereffective|p1a: Venusaur\n|-damage|p1a: Venusaur|159/272 brn\n|\n|-heal|p1a: Venusaur|176/272 brn|[from] item: Leftovers\n|-heal|p2a: Milotic|123/293|[from] item: Leftovers\n|-damage|p2a: Milotic|87/293|[from] Leech Seed|[of] p1a: Venusaur\n|-heal|p1a: Venusaur|212/272 brn|[silent]\n|-damage|p1a: Venusaur|195/272 brn|[from] brn\n|upkeep\n|turn|26\n|\n|t:|1732978615\n|move|p1a: Venusaur|Giga Drain|p2a: Milotic\n|-supereffective|p2a: Milotic\n|-damage|p2a: Milotic|0 fnt\n|-heal|p1a: Venusaur|239/272 brn|[from] drain|[of] p2a: Milotic\n|faint|p2a: Milotic\n|\n|win|sjrtstjrstjr\n|c|\u2606AminitraboTTT|gg wp\n|l|\u2606AminitraboTTT\n|player|p2|\n|c|\u2606sjrtstjrstjr|/log sjrtstjrstjr made this room public.\n", "inputlog": ">version b107d77f5c90bd6555267ae244a6264823309ead\n>start {\"formatid\":\"gen9randombattle\",\"seed\":[6995,8716,22275,48509]}\n>player p1 {\"name\":\"sjrtstjrstjr\",\"avatar\":\"102\",\"rating\":0,\"seed\":[19396,43631,10489,29263]}\n>player p2 {\"name\":\"AminitraboTTT\",\"avatar\":\"supernerd\",\"rating\":0,\"seed\":[17726,52680,21826,30410]}\n>chat \u2606AminitraboTTT|Hola, soy AminitraboTTT, el bot de la sala Espa\u00f1ol. gl hf\n>p1 switch 2\n>p2 move fireblast terastallize\n>p1 move fireblast\n>p2 switch 5\n>p1 move fireblast\n>p2 move hydropump\n>p2 switch 3\n>p1 switch 3\n>p2 move scald\n>p1 move sludgebomb\n>p2 switch 2\n>p1 move substitute\n>p2 move rest\n>p1 move sludgebomb\n>p2 move poltergeist\n>p1 move sludgebomb\n>p2 move rest\n>p1 move sludgebomb\n>p2 move rest\n>p2 switch 6\n>p1 move leechseed\n>p2 move earthquake\n>p1 switch 2\n>p2 move icepunch\n>p1 move strengthsap\n>p2 move icepunch\n>p1 switch 3\n>p2 move icepunch\n>p1 move darkpulse\n>p2 move supercellslam\n>p2 switch 2\n>p1 switch 2\n>p2 move scald\n>p1 move leechseed\n>p2 switch 5\n>p1 switch 2\n>p2 move fireblast\n>p1 move fireblast\n>p2 move nastyplot\n>p1 move fireblast terastallize\n>p2 move fireblast\n>p2 switch 4\n>p1 move fireblast\n>p2 move hypervoice\n>p1 switch 5\n>p1 move doubleshock\n>p2 move hypervoice\n>p2 switch 5\n>p1 switch 2\n>p2 move scald\n>p1 move leechseed\n>p2 move scald\n>p1 move substitute\n>p2 move icebeam\n>p1 move gigadrain\n>p2 move icebeam\n>p1 move gigadrain\n>p2 move recover", "uploadtime": 1732978621, "views": 2, "formatid": "gen9randombattle", "rating": null, "private": 0, "password": null}