{"id": "gen9randombattle-2253798116", "format": "[Gen 9] Random Battle", "players": ["gerry711", "F55"], "log": "|j|\u2606gerry711\n|j|\u2606F55\n|t:|1732939849\n|gametype|singles\n|player|p1|gerry711|veteranf|1269\n|player|p2|F55|veteran|1235\n|teamsize|p1|6\n|teamsize|p2|6\n|gen|9\n|tier|[Gen 9] Random Battle\n|rated|\n|rule|Species Clause: Limit one of each Pok\u00e9mon\n|rule|HP Percentage Mod: HP is shown in percentages\n|rule|Sleep Clause Mod: Limit one foe put to sleep\n|rule|Illusion Level Mod: Illusion disguises the Pok\u00e9mon's true level\n|\n|t:|1732939849\n|start\n|switch|p1a: Arceus|Arceus-Poison, L70|284/284\n|switch|p2a: Noctowl|Noctowl, L95, M|344/344\n|turn|1\n|\n|t:|1732939886\n|move|p1a: Arceus|Swords Dance|p1a: Arceus\n|-boost|p1a: Arceus|atk|2\n|move|p2a: Noctowl|Hurricane|p1a: Arceus|[miss]\n|-miss|p2a: Noctowl|p1a: Arceus\n|\n|upkeep\n|turn|2\n|\n|t:|1732939895\n|move|p1a: Arceus|Gunk Shot|p2a: Noctowl|[miss]\n|-miss|p1a: Arceus|p2a: Noctowl\n|move|p2a: Noctowl|Hurricane|p1a: Arceus\n|-damage|p1a: Arceus|154/284\n|\n|upkeep\n|turn|3\n|\n|t:|1732939926\n|move|p1a: Arceus|Gunk Shot|p2a: Noctowl\n|-damage|p2a: Noctowl|0 fnt\n|faint|p2a: Noctowl\n|\n|upkeep\n|\n|t:|1732939933\n|switch|p2a: Garganacl|Garganacl, L80, M|291/291\n|turn|4\n|\n|t:|1732939962\n|-terastallize|p1a: Arceus|Ground\n|move|p1a: Arceus|Earthquake|p2a: Garganacl\n|-supereffective|p2a: Garganacl\n|-damage|p2a: Garganacl|15/291\n|move|p2a: Garganacl|Salt Cure|p1a: Arceus\n|-resisted|p1a: Arceus\n|-damage|p1a: Arceus|136/284\n|-start|p1a: Arceus|Salt Cure\n|\n|-heal|p2a: Garganacl|33/291|[from] item: Leftovers\n|-damage|p1a: Arceus|101/284|[from] Salt Cure\n|upkeep\n|turn|5\n|\n|t:|1732939997\n|switch|p1a: Drifblim|Drifblim, L86, F|398/398\n|move|p2a: Garganacl|Protect||[still]\n|-fail|p2a: Garganacl\n|\n|-heal|p2a: Garganacl|51/291|[from] item: Leftovers\n|upkeep\n|turn|6\n|inactive|Battle timer is ON: inactive players will automatically lose when time's up. (requested by gerry711)\n|\n|t:|1732940044\n|move|p1a: Drifblim|Shadow Ball|p2a: Garganacl\n|-damage|p2a: Garganacl|5/291\n|move|p2a: Garganacl|Salt Cure|p1a: Drifblim\n|-supereffective|p1a: Drifblim\n|-damage|p1a: Drifblim|264/398\n|-start|p1a: Drifblim|Salt Cure\n|\n|-heal|p2a: Garganacl|23/291|[from] item: Leftovers\n|-damage|p1a: Drifblim|215/398|[from] Salt Cure\n|upkeep\n|turn|7\n|\n|t:|1732940054\n|move|p1a: Drifblim|Shadow Ball|p2a: Garganacl\n|-damage|p2a: Garganacl|0 fnt\n|faint|p2a: Garganacl\n|\n|-damage|p1a: Drifblim|166/398|[from] Salt Cure\n|upkeep\n|inactive|F55 has 120 seconds left.\n|\n|t:|1732940108\n|switch|p2a: Blissey|Blissey, L84, F|566/566\n|turn|8\n|\n|t:|1732940122\n|switch|p1a: Heracross|Heracross, L80, M|259/259\n|move|p2a: Blissey|Stealth Rock|p1a: Heracross\n|-sidestart|p1: gerry711|move: Stealth Rock\n|\n|upkeep\n|turn|9\n|\n|t:|1732940128\n|-terastallize|p2a: Blissey|Poison\n|move|p1a: Heracross|Close Combat|p2a: Blissey\n|-resisted|p2a: Blissey\n|-damage|p2a: Blissey|360/566\n|-unboost|p1a: Heracross|def|1\n|-unboost|p1a: Heracross|spd|1\n|move|p2a: Blissey|Thunder Wave|p1a: Heracross\n|-status|p1a: Heracross|par\n|\n|-heal|p2a: Blissey|395/566|[from] item: Leftovers\n|upkeep\n|turn|10\n|inactive|gerry711 has 120 seconds left.\n|\n|t:|1732940160\n|switch|p2a: Granbull|Granbull, L88, M|302/302\n|-ability|p2a: Granbull|Intimidate|boost\n|-unboost|p1a: Heracross|atk|1\n|switch|p1a: Drifblim|Drifblim, L86, F|166/398\n|\n|upkeep\n|turn|11\n|inactive|gerry711 has 120 seconds left.\n|inactive|F55 has 90 seconds left.\n|\n|t:|1732940179\n|move|p1a: Drifblim|Strength Sap|p2a: Granbull\n|-unboost|p2a: Granbull|atk|1\n|-heal|p1a: Drifblim|398/398\n|move|p2a: Granbull|Thunder Wave|p1a: Drifblim\n|-status|p1a: Drifblim|par\n|\n|upkeep\n|turn|12\n|inactive|F55 has 90 seconds left.\n|\n|t:|1732940194\n|switch|p2a: Blissey|Blissey, L84, F, tera:Poison|395/566\n|move|p1a: Drifblim|Defog|p2a: Blissey\n|-unboost|p2a: Blissey|evasion|1\n|-sideend|p1: gerry711|Stealth Rock|[from] move: Defog|[of] p1a: Drifblim\n|\n|-heal|p2a: Blissey|430/566|[from] item: Leftovers\n|upkeep\n|turn|13\n|inactive|gerry711 has 120 seconds left.\n|\n|t:|1732940233\n|switch|p2a: Granbull|Granbull, L88, M|302/302\n|-ability|p2a: Granbull|Intimidate|boost\n|-unboost|p1a: Drifblim|atk|1\n|move|p1a: Drifblim|Air Slash|p2a: Granbull\n|-damage|p2a: Granbull|211/302\n|\n|-heal|p2a: Granbull|229/302|[from] item: Leftovers\n|upkeep\n|turn|14\n|inactive|F55 has 90 seconds left.\n|\n|t:|1732940257\n|move|p2a: Granbull|Play Rough|p1a: Drifblim\n|-damage|p1a: Drifblim|206/398 par\n|move|p1a: Drifblim|Strength Sap|p2a: Granbull\n|-unboost|p2a: Granbull|atk|1\n|-heal|p1a: Drifblim|398/398 par\n|\n|-heal|p2a: Granbull|247/302|[from] item: Leftovers\n|upkeep\n|turn|15\n|inactive|gerry711 has 90 seconds left.\n|\n|t:|1732940280\n|switch|p2a: Grumpig|Grumpig, L92, M|297/297\n|switch|p1a: Arceus|Arceus-Poison, L70, tera:Ground|101/284\n|\n|upkeep\n|turn|16\n|inactive|gerry711 has 90 seconds left.\n|inactive|F55 has 90 seconds left.\n|\n|t:|1732940299\n|switch|p1a: Heracross|Heracross, L80, M|259/259 par\n|move|p2a: Grumpig|Psyshock|p1a: Heracross\n|-supereffective|p1a: Heracross\n|-damage|p1a: Heracross|25/259 par\n|\n|upkeep\n|turn|17\n|inactive|gerry711 has 90 seconds left.\n|\n|t:|1732940338\n|switch|p1a: Mew|Mew, L82|298/298\n|move|p2a: Grumpig|Dazzling Gleam|p1a: Mew\n|-damage|p1a: Mew|239/298\n|\n|-heal|p1a: Mew|257/298|[from] item: Leftovers\n|upkeep\n|turn|18\n|\n|t:|1732940348\n|switch|p2a: Granbull|Granbull, L88, M|247/302\n|-ability|p2a: Granbull|Intimidate|boost\n|-unboost|p1a: Mew|atk|1\n|move|p1a: Mew|Knock Off|p2a: Granbull\n|-resisted|p2a: Granbull\n|-damage|p2a: Granbull|225/302\n|-enditem|p2a: Granbull|Leftovers|[from] move: Knock Off|[of] p1a: Mew\n|\n|-heal|p1a: Mew|275/298|[from] item: Leftovers\n|upkeep\n|turn|19\n|inactive|gerry711 has 60 seconds left.\n|\n|t:|1732940364\n|move|p1a: Mew|Psychic Noise|p2a: Granbull\n|-damage|p2a: Granbull|126/302\n|-start|p2a: Granbull|move: Heal Block\n|move|p2a: Granbull|Earthquake|p1a: Mew\n|-damage|p1a: Mew|193/298\n|\n|-heal|p1a: Mew|211/298|[from] item: Leftovers\n|upkeep\n|turn|20\n|inactive|gerry711 has 60 seconds left.\n|\n|t:|1732940376\n|move|p1a: Mew|Psychic Noise|p2a: Granbull\n|-damage|p2a: Granbull|35/302\n|move|p2a: Granbull|Thunder Wave|p1a: Mew\n|-status|p1a: Mew|par\n|-activate|p1a: Mew|ability: Synchronize\n|-status|p2a: Granbull|par\n|\n|-heal|p1a: Mew|229/298 par|[from] item: Leftovers\n|-end|p2a: Granbull|move: Heal Block\n|upkeep\n|turn|21\n|inactive|gerry711 has 60 seconds left.\n|\n|t:|1732940397\n|switch|p2a: Blissey|Blissey, L84, F, tera:Poison|430/566\n|move|p1a: Mew|Psychic Noise|p2a: Blissey\n|-supereffective|p2a: Blissey\n|-damage|p2a: Blissey|316/566\n|-start|p2a: Blissey|move: Heal Block\n|\n|-heal|p1a: Mew|247/298 par|[from] item: Leftovers\n|upkeep\n|turn|22\n|inactive|gerry711 has 60 seconds left.\n|\n|t:|1732940416\n|move|p2a: Blissey|Stealth Rock|p1a: Mew\n|-sidestart|p1: gerry711|move: Stealth Rock\n|move|p1a: Mew|Knock Off|p2a: Blissey\n|-damage|p2a: Blissey|190/566\n|-enditem|p2a: Blissey|Leftovers|[from] move: Knock Off|[of] p1a: Mew\n|\n|-heal|p1a: Mew|265/298 par|[from] item: Leftovers\n|-end|p2a: Blissey|move: Heal Block\n|upkeep\n|turn|23\n|inactive|gerry711 has 60 seconds left.\n|\n|t:|1732940426\n|move|p2a: Blissey|Soft-Boiled|p2a: Blissey\n|-heal|p2a: Blissey|473/566\n|move|p1a: Mew|Psychic Noise|p2a: Blissey\n|-supereffective|p2a: Blissey\n|-damage|p2a: Blissey|365/566\n|-start|p2a: Blissey|move: Heal Block\n|\n|-heal|p1a: Mew|283/298 par|[from] item: Leftovers\n|upkeep\n|turn|24\n|inactive|gerry711 has 60 seconds left.\n|\n|t:|1732940438\n|switch|p2a: Granbull|Granbull, L88, M|35/302 par\n|-ability|p2a: Granbull|Intimidate|boost\n|-unboost|p1a: Mew|atk|1\n|cant|p1a: Mew|par\n|\n|-heal|p1a: Mew|298/298 par|[from] item: Leftovers\n|upkeep\n|turn|25\n|\n|t:|1732940450\n|move|p1a: Mew|Psychic Noise|p2a: Granbull\n|-damage|p2a: Granbull|0 fnt\n|faint|p2a: Granbull\n|\n|upkeep\n|\n|t:|1732940465\n|switch|p2a: Grumpig|Grumpig, L92, M|297/297\n|turn|26\n|inactive|gerry711 has 60 seconds left.\n|\n|t:|1732940498\n|move|p2a: Grumpig|Shadow Ball|p1a: Mew\n|-supereffective|p1a: Mew\n|-damage|p1a: Mew|188/298 par\n|-unboost|p1a: Mew|spd|1\n|move|p1a: Mew|U-turn|p2a: Grumpig\n|-supereffective|p2a: Grumpig\n|-damage|p2a: Grumpig|239/297\n|\n|t:|1732940510\n|switch|p1a: Drifblim|Drifblim, L86, F|398/398 par|[from] U-turn\n|\n|-heal|p2a: Grumpig|257/297|[from] item: Leftovers\n|upkeep\n|turn|27\n|inactive|F55 has 120 seconds left.\n|\n|t:|1732940519\n|move|p2a: Grumpig|Nasty Plot|p2a: Grumpig\n|-boost|p2a: Grumpig|spa|2\n|move|p1a: Drifblim|Defog|p2a: Grumpig\n|-unboost|p2a: Grumpig|evasion|1\n|-sideend|p1: gerry711|Stealth Rock|[from] move: Defog|[of] p1a: Drifblim\n|\n|-heal|p2a: Grumpig|275/297|[from] item: Leftovers\n|upkeep\n|turn|28\n|\n|t:|1732940530\n|move|p2a: Grumpig|Shadow Ball|p1a: Drifblim\n|-supereffective|p1a: Drifblim\n|-damage|p1a: Drifblim|80/398 par\n|move|p1a: Drifblim|Strength Sap|p2a: Grumpig\n|-unboost|p2a: Grumpig|atk|1\n|-heal|p1a: Drifblim|167/398 par\n|\n|-heal|p2a: Grumpig|293/297|[from] item: Leftovers\n|upkeep\n|turn|29\n|inactive|gerry711 has 30 seconds left.\n|\n|t:|1732940564\n|move|p2a: Grumpig|Shadow Ball|p1a: Drifblim\n|-supereffective|p1a: Drifblim\n|-damage|p1a: Drifblim|0 fnt\n|faint|p1a: Drifblim\n|\n|-heal|p2a: Grumpig|297/297|[from] item: Leftovers\n|upkeep\n|inactive|gerry711 has 30 seconds left.\n|inactive|gerry711 has 20 seconds left.\n|inactive|gerry711 has 15 seconds left.\n|\n|t:|1732940584\n|switch|p1a: Minior|Minior-Green, L79|224/224\n|-formechange|p1a: Minior|Minior-Meteor||[from] ability: Shields Down\n|turn|30\n|inactive|gerry711 has 25 seconds left this turn.\n|inactive|gerry711 has 20 seconds left.\n|\n|t:|1732940593\n|move|p2a: Grumpig|Psyshock|p1a: Minior\n|-damage|p1a: Minior|44/224\n|move|p1a: Minior|Shell Smash|p1a: Minior\n|-unboost|p1a: Minior|def|1\n|-unboost|p1a: Minior|spd|1\n|-boost|p1a: Minior|atk|2\n|-boost|p1a: Minior|spa|2\n|-boost|p1a: Minior|spe|2\n|-enditem|p1a: Minior|White Herb\n|-clearnegativeboost|p1a: Minior|[silent]\n|\n|-formechange|p1a: Minior|Minior-Green||[from] ability: Shields Down\n|upkeep\n|turn|31\n|inactive|gerry711 has 30 seconds left this turn.\n|inactive|gerry711 has 20 seconds left.\n|inactive|gerry711 has 15 seconds left.\n|\n|t:|1732940611\n|move|p1a: Minior|Acrobatics|p2a: Grumpig\n|-damage|p2a: Grumpig|74/297\n|move|p2a: Grumpig|Psyshock|p1a: Minior\n|-damage|p1a: Minior|0 fnt\n|faint|p1a: Minior\n|\n|-heal|p2a: Grumpig|92/297|[from] item: Leftovers\n|upkeep\n|inactive|gerry711 has 20 seconds left this turn.\n|inactive|gerry711 has 15 seconds left.\n|\n|t:|1732940620\n|switch|p1a: Arceus|Arceus-Poison, L70, tera:Ground|101/284\n|turn|32\n|inactive|gerry711 has 25 seconds left this turn.\n|inactive|gerry711 has 20 seconds left.\n|\n|t:|1732940650\n|move|p1a: Arceus|Earthquake|p2a: Grumpig\n|-damage|p2a: Grumpig|0 fnt\n|faint|p2a: Grumpig\n|\n|upkeep\n|inactive|gerry711 has 25 seconds left this turn.\n|\n|t:|1732940655\n|switch|p2a: Iron Boulder|Iron Boulder, L77|265/265\n|turn|33\n|inactive|gerry711 has 30 seconds left.\n|\n|t:|1732940661\n|move|p2a: Iron Boulder|Zen Headbutt|p1a: Arceus\n|-damage|p1a: Arceus|4/284\n|-damage|p2a: Iron Boulder|239/265|[from] item: Life Orb\n|cant|p1a: Arceus|flinch\n|\n|upkeep\n|turn|34\n|\n|t:|1732940671\n|move|p1a: Arceus|Extreme Speed|p2a: Iron Boulder\n|-resisted|p2a: Iron Boulder\n|-damage|p2a: Iron Boulder|210/265\n|move|p2a: Iron Boulder|Zen Headbutt|p1a: Arceus|[miss]\n|-miss|p2a: Iron Boulder|p1a: Arceus\n|\n|upkeep\n|turn|35\n|inactive|gerry711 has 30 seconds left.\n|inactive|gerry711 has 20 seconds left.\n|\n|t:|1732940715\n|move|p2a: Iron Boulder|Mighty Cleave|p1a: Arceus\n|-resisted|p1a: Arceus\n|-damage|p1a: Arceus|0 fnt\n|faint|p1a: Arceus\n|-damage|p2a: Iron Boulder|184/265|[from] item: Life Orb\n|\n|upkeep\n|inactive|gerry711 has 25 seconds left this turn.\n|inactive|gerry711 has 20 seconds left.\n|inactive|gerry711 has 15 seconds left.\n|\n|t:|1732940728\n|switch|p1a: Mew|Mew, L82|188/298 par\n|turn|36\n|inactive|gerry711 has 25 seconds left this turn.\n|inactive|gerry711 has 20 seconds left.\n|\n|t:|1732940735\n|-end|p2a: Iron Boulder|Quark Drive|[silent]\n|switch|p2a: Blissey|Blissey, L84, F, tera:Poison|365/566\n|move|p1a: Mew|Knock Off|p2a: Blissey\n|-damage|p2a: Blissey|242/566\n|\n|-heal|p1a: Mew|206/298 par|[from] item: Leftovers\n|upkeep\n|turn|37\n|inactive|gerry711 has 30 seconds left this turn.\n|\n|t:|1732940745\n|move|p2a: Blissey|Soft-Boiled|p2a: Blissey\n|-heal|p2a: Blissey|525/566\n|move|p1a: Mew|Psychic Noise|p2a: Blissey\n|-supereffective|p2a: Blissey\n|-damage|p2a: Blissey|421/566\n|-start|p2a: Blissey|move: Heal Block\n|\n|-heal|p1a: Mew|224/298 par|[from] item: Leftovers\n|upkeep\n|turn|38\n|inactive|gerry711 has 30 seconds left.\n|\n|t:|1732940759\n|move|p2a: Blissey|Stealth Rock|p1a: Mew\n|-sidestart|p1: gerry711|move: Stealth Rock\n|move|p1a: Mew|Knock Off|p2a: Blissey\n|-damage|p2a: Blissey|279/566\n|\n|-heal|p1a: Mew|242/298 par|[from] item: Leftovers\n|-end|p2a: Blissey|move: Heal Block\n|upkeep\n|turn|39\n|inactive|gerry711 has 30 seconds left.\n|\n|t:|1732940766\n|move|p2a: Blissey|Soft-Boiled|p2a: Blissey\n|-heal|p2a: Blissey|562/566\n|move|p1a: Mew|Psychic Noise|p2a: Blissey\n|-supereffective|p2a: Blissey\n|-damage|p2a: Blissey|452/566\n|-start|p2a: Blissey|move: Heal Block\n|\n|-heal|p1a: Mew|260/298 par|[from] item: Leftovers\n|upkeep\n|turn|40\n|inactive|gerry711 has 30 seconds left.\n|\n|t:|1732940776\n|move|p2a: Blissey|Seismic Toss|p1a: Mew\n|-damage|p1a: Mew|176/298 par\n|move|p1a: Mew|Knock Off|p2a: Blissey\n|-damage|p2a: Blissey|312/566\n|\n|-heal|p1a: Mew|194/298 par|[from] item: Leftovers\n|-end|p2a: Blissey|move: Heal Block\n|upkeep\n|turn|41\n|inactive|gerry711 has 30 seconds left.\n|\n|t:|1732940791\n|move|p2a: Blissey|Seismic Toss|p1a: Mew\n|-damage|p1a: Mew|110/298 par\n|cant|p1a: Mew|par\n|\n|-heal|p1a: Mew|128/298 par|[from] item: Leftovers\n|upkeep\n|turn|42\n|\n|t:|1732940797\n|move|p2a: Blissey|Seismic Toss|p1a: Mew\n|-damage|p1a: Mew|44/298 par\n|cant|p1a: Mew|par\n|\n|-heal|p1a: Mew|62/298 par|[from] item: Leftovers\n|upkeep\n|turn|43\n|inactive|gerry711 has 30 seconds left.\n|inactive|gerry711 has 20 seconds left.\n|\n|t:|1732940825\n|switch|p1a: Ribombee|Ribombee, L82, M|233/233\n|move|p2a: Blissey|Seismic Toss|p1a: Ribombee\n|-damage|p1a: Ribombee|149/233\n|\n|upkeep\n|turn|44\n|inactive|gerry711 has 30 seconds left this turn.\n|inactive|gerry711 has 20 seconds left.\n|\n|t:|1732940839\n|move|p1a: Ribombee|Quiver Dance|p1a: Ribombee\n|-boost|p1a: Ribombee|spa|1\n|-boost|p1a: Ribombee|spd|1\n|-boost|p1a: Ribombee|spe|1\n|move|p2a: Blissey|Thunder Wave|p1a: Ribombee\n|-status|p1a: Ribombee|par\n|\n|upkeep\n|turn|45\n|inactive|gerry711 has 30 seconds left this turn.\n|inactive|gerry711 has 20 seconds left.\n|\n|t:|1732940851\n|move|p1a: Ribombee|Quiver Dance|p1a: Ribombee\n|-boost|p1a: Ribombee|spa|1\n|-boost|p1a: Ribombee|spd|1\n|-boost|p1a: Ribombee|spe|1\n|move|p2a: Blissey|Seismic Toss|p1a: Ribombee\n|-damage|p1a: Ribombee|65/233 par\n|\n|upkeep\n|turn|46\n|inactive|gerry711 has 30 seconds left this turn.\n|\n|t:|1732940861\n|cant|p1a: Ribombee|par\n|move|p2a: Blissey|Seismic Toss|p1a: Ribombee\n|-damage|p1a: Ribombee|0 fnt\n|faint|p1a: Ribombee\n|\n|upkeep\n|inactive|gerry711 has 30 seconds left this turn.\n|\n|t:|1732940866\n|switch|p1a: Mew|Mew, L82|62/298 par\n|-damage|p1a: Mew|25/298 par|[from] Stealth Rock\n|turn|47\n|\n|t:|1732940872\n|move|p2a: Blissey|Seismic Toss|p1a: Mew\n|-damage|p1a: Mew|0 fnt\n|faint|p1a: Mew\n|\n|upkeep\n|\n|t:|1732940874\n|switch|p1a: Heracross|Heracross, L80, M|25/259 par\n|-damage|p1a: Heracross|0 fnt|[from] Stealth Rock\n|faint|p1a: Heracross\n|\n|win|F55\n|raw|gerry711's rating: 1269 &rarr; <strong>1242</strong><br />(-27 for losing)\n|raw|F55's rating: 1235 &rarr; <strong>1262</strong><br />(+27 for winning)\n|l|\u2606gerry711\n|player|p1|\n", "inputlog": ">version b107d77f5c90bd6555267ae244a6264823309ead\n>start {\"formatid\":\"gen9randombattle\",\"seed\":[49613,9207,3389,55729],\"rated\":\"Rated battle\"}\n>player p1 {\"name\":\"gerry711\",\"avatar\":\"veteranf\",\"rating\":1269,\"seed\":[19893,7887,31692,65508]}\n>player p2 {\"name\":\"F55\",\"avatar\":\"veteran\",\"rating\":1235,\"seed\":[19367,10254,14971,7531]}\n>p1 move swordsdance\n>p2 move hurricane\n>p1 move gunkshot\n>p2 move hurricane\n>p1 move gunkshot\n>p2 move hurricane\n>p2 switch 3\n>p1 move earthquake terastallize\n>p2 move saltcure\n>p1 switch 6\n>p2 move protect\n>p1 move shadowball\n>p2 move saltcure\n>p1 move shadowball\n>p2 move saltcure\n>p2 switch 4\n>p1 switch 4\n>p2 move stealthrock\n>p1 move closecombat\n>p2 move thunderwave terastallize\n>p1 switch 4\n>p2 switch 6\n>p1 move strengthsap\n>p2 move thunderwave\n>p1 move defog\n>p2 switch 6\n>p1 move airslash\n>p2 switch 6\n>p1 move strengthsap\n>p2 move playrough\n>p1 switch 6\n>p2 switch 2\n>p1 switch 4\n>p2 move psyshock\n>p1 switch 3\n>p2 move dazzlinggleam\n>p1 move knockoff\n>p2 switch 2\n>p1 move psychicnoise\n>p2 move earthquake\n>p1 move psychicnoise\n>p2 move thunderwave\n>p1 move psychicnoise\n>p2 switch 6\n>p1 move knockoff\n>p2 move stealthrock\n>p1 move psychicnoise\n>p2 move softboiled\n>p1 move psychicnoise\n>p2 switch 6\n>p1 move psychicnoise\n>p2 move playrough\n>p2 switch 2\n>p1 move uturn\n>p2 move shadowball\n>p1 switch 6\n>p1 move defog\n>p2 move nastyplot\n>p1 move strengthsap\n>p2 move shadowball\n>p1 move shadowball\n>p2 move shadowball\n>p1 switch 5\n>p1 move shellsmash\n>p2 move psyshock\n>p1 move acrobatics\n>p2 move psyshock\n>p1 switch 4\n>p1 move earthquake\n>p2 move psyshock\n>p2 switch 5\n>p1 move earthquake\n>p2 move zenheadbutt\n>p1 move extremespeed\n>p2 move zenheadbutt\n>p1 move earthquake\n>p2 move mightycleave\n>p1 switch 6\n>p1 move knockoff\n>p2 switch 6\n>p1 move psychicnoise\n>p2 move softboiled\n>p1 move knockoff\n>p2 move stealthrock\n>p1 move psychicnoise\n>p2 move softboiled\n>p1 move knockoff\n>p2 move seismictoss\n>p1 move encore\n>p2 move seismictoss\n>p1 move encore\n>p2 move seismictoss\n>p1 switch 2\n>p2 move seismictoss\n>p1 move quiverdance\n>p2 move thunderwave\n>p1 move quiverdance\n>p2 move seismictoss\n>p1 move terablast\n>p2 move seismictoss\n>p1 switch 2\n>p1 move psychicnoise\n>p2 move seismictoss\n>p1 switch 3", "uploadtime": 1732940880, "views": 18, "formatid": "gen9randombattle", "rating": 1242, "private": 0, "password": null}