{"id": "gen9randombattle-2254185146", "format": "[Gen 9] Random Battle", "players": ["OPBananaHax", "steelixprismgx"], "log": "|j|\u2606OPBananaHax\n|j|\u2606steelixprismgx\n|t:|1733001772\n|gametype|singles\n|player|p1|OPBananaHax|tuber|1685\n|player|p2|steelixprismgx|colress|1673\n|teamsize|p1|6\n|teamsize|p2|6\n|gen|9\n|tier|[Gen 9] Random Battle\n|rated|\n|rule|Species Clause: Limit one of each Pok\u00e9mon\n|rule|HP Percentage Mod: HP is shown in percentages\n|rule|Sleep Clause Mod: Limit one foe put to sleep\n|rule|Illusion Level Mod: Illusion disguises the Pok\u00e9mon's true level\n|\n|t:|1733001772\n|start\n|switch|p1a: Bellossom|Bellossom, L84, F|263/263\n|switch|p2a: Klawf|Klawf, L90, F|272/272\n|turn|1\n|inactive|Battle timer is ON: inactive players will automatically lose when time's up. (requested by OPBananaHax)\n|\n|t:|1733001785\n|move|p2a: Klawf|Knock Off|p1a: Bellossom\n|-crit|p1a: Bellossom\n|-damage|p1a: Bellossom|143/263\n|-enditem|p1a: Bellossom|Leftovers|[from] move: Knock Off|[of] p2a: Klawf\n|move|p1a: Bellossom|Giga Drain|p2a: Klawf\n|-supereffective|p2a: Klawf\n|-damage|p2a: Klawf|74/272\n|-heal|p1a: Bellossom|242/263|[from] drain|[of] p2a: Klawf\n|-ability|p2a: Klawf|Anger Shell|boost\n|-boost|p2a: Klawf|atk|1\n|-boost|p2a: Klawf|spa|1\n|-boost|p2a: Klawf|spe|1\n|-unboost|p2a: Klawf|def|1\n|-unboost|p2a: Klawf|spd|1\n|\n|upkeep\n|turn|2\n|\n|t:|1733001795\n|move|p2a: Klawf|Stone Edge|p1a: Bellossom|[miss]\n|-miss|p2a: Klawf|p1a: Bellossom\n|move|p1a: Bellossom|Giga Drain|p2a: Klawf\n|-supereffective|p2a: Klawf\n|-damage|p2a: Klawf|0 fnt\n|-heal|p1a: Bellossom|263/263|[from] drain|[of] p2a: Klawf\n|faint|p2a: Klawf\n|\n|upkeep\n|c|\u2606steelixprismgx|damn you!!\n|\n|t:|1733001801\n|switch|p2a: Scyther|Scyther, L82, F|249/249\n|turn|3\n|c|\u2606OPBananaHax|stone miss D:\n|\n|t:|1733001819\n|switch|p1a: Gastrodon|Gastrodon-East, L86, F|331/331\n|move|p2a: Scyther|Dual Wingbeat|p1a: Gastrodon\n|-damage|p1a: Gastrodon|255/331\n|-damage|p1a: Gastrodon|176/331\n|-hitcount|p1a: Gastrodon|2\n|\n|-heal|p1a: Gastrodon|196/331|[from] item: Leftovers\n|upkeep\n|turn|4\n|\n|t:|1733001837\n|move|p2a: Scyther|Swords Dance|p2a: Scyther\n|-boost|p2a: Scyther|atk|2\n|move|p1a: Gastrodon|Recover|p1a: Gastrodon\n|-heal|p1a: Gastrodon|331/331\n|\n|upkeep\n|turn|5\n|\n|t:|1733001843\n|move|p2a: Scyther|Dual Wingbeat|p1a: Gastrodon\n|-damage|p1a: Gastrodon|180/331\n|-damage|p1a: Gastrodon|15/331\n|-hitcount|p1a: Gastrodon|2\n|move|p1a: Gastrodon|Surf|p2a: Scyther\n|-damage|p2a: Scyther|152/249\n|\n|-heal|p1a: Gastrodon|35/331|[from] item: Leftovers\n|upkeep\n|turn|6\n|\n|t:|1733001850\n|move|p2a: Scyther|Bug Bite|p1a: Gastrodon\n|-damage|p1a: Gastrodon|0 fnt\n|faint|p1a: Gastrodon\n|\n|upkeep\n|\n|t:|1733001852\n|switch|p1a: Mabosstiff|Mabosstiff, L86, M|278/278\n|turn|7\n|\n|t:|1733001858\n|move|p1a: Mabosstiff|Wild Charge|p2a: Scyther\n|-supereffective|p2a: Scyther\n|-damage|p2a: Scyther|0 fnt\n|faint|p2a: Scyther\n|-damage|p1a: Mabosstiff|240/278|[from] Recoil\n|\n|upkeep\n|\n|t:|1733001879\n|switch|p2a: Terrakion|Terrakion, L79|273/273\n|turn|8\n|\n|t:|1733001884\n|switch|p1a: Leafeon|Leafeon, L88, M|258/258\n|move|p2a: Terrakion|Close Combat|p1a: Leafeon\n|-damage|p1a: Leafeon|104/258\n|-unboost|p2a: Terrakion|def|1\n|-unboost|p2a: Terrakion|spd|1\n|\n|upkeep\n|turn|9\n|\n|t:|1733001890\n|move|p1a: Leafeon|Leaf Blade|p2a: Terrakion\n|-supereffective|p2a: Terrakion\n|-damage|p2a: Terrakion|0 fnt\n|faint|p2a: Terrakion\n|-damage|p1a: Leafeon|79/258|[from] item: Life Orb\n|\n|upkeep\n|c|\u2606steelixprismgx|me when i forget that leafeon outspeeds terrakion in randbats by exactly one point\n|c|\u2606steelixprismgx|damn!\n|\n|t:|1733001910\n|switch|p2a: Cinccino|Cinccino, L83, F|260/260\n|turn|10\n|c|\u2606OPBananaHax|dont forget you can hover over them to see their speed range\n|c|\u2606OPBananaHax|and randbats is always max speed\n|\n|t:|1733001936\n|move|p2a: Cinccino|Triple Axel|p1a: Leafeon|[miss]\n|-miss|p2a: Cinccino|p1a: Leafeon\n|move|p1a: Leafeon|Leaf Blade|p2a: Cinccino\n|-damage|p2a: Cinccino|48/260\n|-damage|p1a: Leafeon|54/258|[from] item: Life Orb\n|\n|upkeep\n|turn|11\n|c|\u2606steelixprismgx|ik i just forgot lol\n|c|\u2606OPBananaHax|nah but this rng doing you dirty\n|c|\u2606OPBananaHax|ah ah\n|c|\u2606steelixprismgx|also wow great triple axel miss\n|inactive|OPBananaHax has 120 seconds left.\n|\n|t:|1733001952\n|move|p2a: Cinccino|Triple Axel|p1a: Leafeon|[miss]\n|-miss|p2a: Cinccino|p1a: Leafeon\n|move|p1a: Leafeon|Leaf Blade|p2a: Cinccino\n|-damage|p2a: Cinccino|0 fnt\n|faint|p2a: Cinccino\n|-damage|p1a: Leafeon|29/258|[from] item: Life Orb\n|\n|upkeep\n|c|\u2606OPBananaHax|NO WAY\n|c|\u2606steelixprismgx|WHAT THE FUCK IT HAPPENED AGAIN :skull:\n|\n|t:|1733001960\n|switch|p2a: Cresselia|Cresselia, L80, F|323/323\n|turn|12\n|c|\u2606steelixprismgx|guys i think this is winnable :trol:\n|\n|t:|1733001969\n|move|p1a: Leafeon|Knock Off|p2a: Cresselia\n|-supereffective|p2a: Cresselia\n|-damage|p2a: Cresselia|118/323\n|-enditem|p2a: Cresselia|Leftovers|[from] move: Knock Off|[of] p1a: Leafeon\n|-damage|p1a: Leafeon|4/258|[from] item: Life Orb\n|move|p2a: Cresselia|Moonblast|p1a: Leafeon\n|-damage|p1a: Leafeon|0 fnt\n|faint|p1a: Leafeon\n|\n|upkeep\n|\n|t:|1733001979\n|switch|p1a: Mabosstiff|Mabosstiff, L86, M|240/278\n|turn|13\n|\n|t:|1733001984\n|move|p1a: Mabosstiff|Crunch|p2a: Cresselia\n|-supereffective|p2a: Cresselia\n|-damage|p2a: Cresselia|0 fnt\n|faint|p2a: Cresselia\n|\n|upkeep\n|\n|t:|1733001987\n|switch|p2a: Blaziken|Blaziken, L76, F|247/247\n|turn|14\n|c|\u2606OPBananaHax|BLAZIKEN\n|c|\u2606OPBananaHax|CLUTCH OR KICK\n|\n|t:|1733002004\n|move|p1a: Mabosstiff|Crunch|p2a: Blaziken\n|-resisted|p2a: Blaziken\n|-damage|p2a: Blaziken|175/247\n|move|p2a: Blaziken|Swords Dance|p2a: Blaziken\n|-boost|p2a: Blaziken|atk|2\n|\n|-ability|p2a: Blaziken|Speed Boost|boost\n|-boost|p2a: Blaziken|spe|1\n|upkeep\n|turn|15\n|\n|t:|1733002010\n|move|p1a: Mabosstiff|Crunch|p2a: Blaziken\n|-resisted|p2a: Blaziken\n|-damage|p2a: Blaziken|102/247\n|move|p2a: Blaziken|Close Combat|p1a: Mabosstiff\n|-supereffective|p1a: Mabosstiff\n|-damage|p1a: Mabosstiff|0 fnt\n|-unboost|p2a: Blaziken|def|1\n|-unboost|p2a: Blaziken|spd|1\n|faint|p1a: Mabosstiff\n|-damage|p2a: Blaziken|78/247|[from] item: Life Orb\n|\n|-ability|p2a: Blaziken|Speed Boost|boost\n|-boost|p2a: Blaziken|spe|1\n|upkeep\n|\n|t:|1733002015\n|switch|p1a: Bellossom|Bellossom, L84, F|263/263\n|turn|16\n|\n|t:|1733002018\n|move|p2a: Blaziken|Close Combat|p1a: Bellossom\n|-damage|p1a: Bellossom|0 fnt\n|-unboost|p2a: Blaziken|def|1\n|-unboost|p2a: Blaziken|spd|1\n|faint|p1a: Bellossom\n|-damage|p2a: Blaziken|54/247|[from] item: Life Orb\n|\n|-ability|p2a: Blaziken|Speed Boost|boost\n|-boost|p2a: Blaziken|spe|1\n|upkeep\n|\n|t:|1733002026\n|switch|p1a: Cetitan|Cetitan, L82, F|413/413\n|turn|17\n|\n|t:|1733002029\n|move|p1a: Cetitan|Ice Shard|p2a: Blaziken\n|-resisted|p2a: Blaziken\n|-damage|p2a: Blaziken|0 fnt\n|faint|p2a: Blaziken\n|-damage|p1a: Cetitan|372/413|[from] item: Life Orb\n|\n|win|OPBananaHax\n|raw|OPBananaHax's rating: 1685 &rarr; <strong>1704</strong><br />(+19 for winning)\n|raw|steelixprismgx's rating: 1673 &rarr; <strong>1654</strong><br />(-19 for losing)\n|c|\u2606steelixprismgx|gg\n|c|\u2606OPBananaHax|gg\n|c|\u2606steelixprismgx|rng fucked me over this game\n|c|\u2606OPBananaHax|i guess\n|c|\u2606OPBananaHax|yeah that was pretty wild\n|l|\u2606OPBananaHax\n|player|p1|\n", "inputlog": ">version b107d77f5c90bd6555267ae244a6264823309ead\n>start {\"formatid\":\"gen9randombattle\",\"seed\":[46460,26862,1741,56847],\"rated\":\"Rated battle\"}\n>player p1 {\"name\":\"OPBananaHax\",\"avatar\":\"tuber\",\"rating\":1685,\"seed\":[40439,49308,54520,17519]}\n>player p2 {\"name\":\"steelixprismgx\",\"avatar\":\"colress\",\"rating\":1673,\"seed\":[27686,27462,51676,64556]}\n>p1 move gigadrain\n>p2 move knockoff\n>p1 move gigadrain\n>p2 move stoneedge\n>chat \u2606steelixprismgx|damn you!!\n>p2 switch 4\n>chat \u2606OPBananaHax|stone miss D:\n>p1 switch 6\n>p2 move dualwingbeat\n>p1 move recover\n>p2 move swordsdance\n>p1 move surf\n>p2 move dualwingbeat\n>p1 move surf\n>p2 move bugbite\n>p1 switch 3\n>p1 move wildcharge\n>p2 move bugbite\n>p2 switch 2\n>p1 switch 2\n>p2 move closecombat\n>p1 move leafblade\n>p2 move closecombat\n>chat \u2606steelixprismgx|me when i forget that leafeon outspeeds terrakion in randbats by exactly one point\n>chat \u2606steelixprismgx|damn!\n>p2 switch 3\n>chat \u2606OPBananaHax|dont forget you can hover over them to see their speed range\n>chat \u2606OPBananaHax|and randbats is always max speed\n>p1 move leafblade\n>p2 move tripleaxel\n>chat \u2606steelixprismgx|ik i just forgot lol\n>chat \u2606OPBananaHax|nah but this rng doing you dirty \n>chat \u2606OPBananaHax|ah ah \n>chat \u2606steelixprismgx|also wow great triple axel miss\n>p1 move leafblade\n>p2 move tripleaxel\n>chat \u2606OPBananaHax|NO WAY\n>chat \u2606steelixprismgx|WHAT THE FUCK IT HAPPENED AGAIN :skull:\n>p2 switch 5\n>chat \u2606steelixprismgx|guys i think this is winnable :trol:\n>p1 move knockoff\n>p2 move moonblast\n>p1 switch 2\n>p1 move crunch\n>p2 move moonblast\n>p2 switch 6\n>chat \u2606OPBananaHax|BLAZIKEN\n>chat \u2606OPBananaHax|CLUTCH OR KICK\n>p1 move crunch\n>p2 move swordsdance\n>p1 move crunch\n>p2 move closecombat\n>p1 switch 6\n>p1 move moonblast\n>p2 move closecombat\n>p1 switch 4\n>p1 move iceshard\n>p2 move closecombat", "uploadtime": 1733001958, "views": 5, "formatid": "gen9randombattle", "rating": 1654, "private": 0, "password": null}