{"id": "gen9randombattle-2254127480", "format": "[Gen 9] Random Battle", "players": ["Craaziedk", "Colm98"], "log": "|j|\u2606Craaziedk\n|j|\u2606Colm98\n|t:|1732994589\n|gametype|singles\n|player|p1|Craaziedk|102|1335\n|player|p2|Colm98|102|1353\n|teamsize|p1|6\n|teamsize|p2|6\n|gen|9\n|tier|[Gen 9] Random Battle\n|rated|\n|rule|Species Clause: Limit one of each Pok\u00e9mon\n|rule|HP Percentage Mod: HP is shown in percentages\n|rule|Sleep Clause Mod: Limit one foe put to sleep\n|rule|Illusion Level Mod: Illusion disguises the Pok\u00e9mon's true level\n|\n|t:|1732994589\n|start\n|switch|p1a: Hitmonlee|Hitmonlee, L85, M|223/223\n|switch|p2a: Lurantis|Lurantis, L87, M|264/264\n|turn|1\n|\n|t:|1732994595\n|move|p1a: Hitmonlee|Poison Jab|p2a: Lurantis\n|-supereffective|p2a: Lurantis\n|-damage|p2a: Lurantis|50/264\n|move|p2a: Lurantis|Superpower|p1a: Hitmonlee\n|-damage|p1a: Hitmonlee|88/223\n|-boost|p2a: Lurantis|atk|1\n|-boost|p2a: Lurantis|def|1\n|\n|-heal|p2a: Lurantis|66/264|[from] item: Leftovers\n|upkeep\n|turn|2\n|\n|t:|1732994608\n|-terastallize|p2a: Lurantis|Fighting\n|move|p1a: Hitmonlee|Poison Jab|p2a: Lurantis\n|-damage|p2a: Lurantis|0 fnt\n|faint|p2a: Lurantis\n|\n|upkeep\n|\n|t:|1732994616\n|switch|p2a: Latias|Latias, L79, F|256/256\n|turn|3\n|\n|t:|1732994619\n|move|p2a: Latias|Psyshock|p1a: Hitmonlee\n|-supereffective|p1a: Hitmonlee\n|-damage|p1a: Hitmonlee|0 fnt\n|faint|p1a: Hitmonlee\n|\n|upkeep\n|\n|t:|1732994624\n|switch|p1a: Sableye|Sableye, L90, F|236/236\n|turn|4\n|\n|t:|1732994651\n|switch|p2a: Leavanny|Leavanny, L86, F|269/269\n|move|p1a: Sableye|Knock Off|p2a: Leavanny\n|-damage|p2a: Leavanny|161/269\n|-enditem|p2a: Leavanny|Heavy-Duty Boots|[from] move: Knock Off|[of] p1a: Sableye\n|\n|upkeep\n|turn|5\n|\n|t:|1732994657\n|move|p1a: Sableye|Will-O-Wisp|p2a: Leavanny\n|-status|p2a: Leavanny|brn\n|move|p2a: Leavanny|Lunge|p1a: Sableye\n|-damage|p1a: Sableye|189/236\n|-unboost|p1a: Sableye|atk|1\n|\n|-heal|p1a: Sableye|203/236|[from] item: Leftovers\n|-damage|p2a: Leavanny|145/269 brn|[from] brn\n|upkeep\n|turn|6\n|\n|t:|1732994667\n|move|p2a: Leavanny|Sticky Web|p1a: Sableye\n|-sidestart|p1: Craaziedk|move: Sticky Web\n|move|p1a: Sableye|Knock Off|p2a: Leavanny\n|-damage|p2a: Leavanny|102/269 brn\n|\n|-heal|p1a: Sableye|217/236|[from] item: Leftovers\n|-damage|p2a: Leavanny|86/269 brn|[from] brn\n|upkeep\n|turn|7\n|\n|t:|1732994674\n|move|p2a: Leavanny|Lunge|p1a: Sableye\n|-damage|p1a: Sableye|144/236\n|-unboost|p1a: Sableye|atk|1\n|move|p1a: Sableye|Knock Off|p2a: Leavanny\n|-damage|p2a: Leavanny|53/269 brn\n|\n|-heal|p1a: Sableye|158/236|[from] item: Leftovers\n|-damage|p2a: Leavanny|37/269 brn|[from] brn\n|upkeep\n|turn|8\n|\n|t:|1732994678\n|move|p1a: Sableye|Recover|p1a: Sableye\n|-heal|p1a: Sableye|236/236\n|move|p2a: Leavanny|Lunge|p1a: Sableye\n|-damage|p1a: Sableye|167/236\n|-unboost|p1a: Sableye|atk|1\n|\n|-heal|p1a: Sableye|181/236|[from] item: Leftovers\n|-damage|p2a: Leavanny|21/269 brn|[from] brn\n|upkeep\n|turn|9\n|\n|t:|1732994684\n|move|p1a: Sableye|Recover|p1a: Sableye\n|-heal|p1a: Sableye|236/236\n|move|p2a: Leavanny|Lunge|p1a: Sableye\n|-damage|p1a: Sableye|164/236\n|-unboost|p1a: Sableye|atk|1\n|\n|-heal|p1a: Sableye|178/236|[from] item: Leftovers\n|-damage|p2a: Leavanny|5/269 brn|[from] brn\n|upkeep\n|turn|10\n|\n|t:|1732994690\n|move|p1a: Sableye|Recover|p1a: Sableye\n|-heal|p1a: Sableye|236/236\n|move|p2a: Leavanny|Leaf Blade|p1a: Sableye\n|-damage|p1a: Sableye|179/236\n|\n|-heal|p1a: Sableye|193/236|[from] item: Leftovers\n|-damage|p2a: Leavanny|0 fnt|[from] brn\n|faint|p2a: Leavanny\n|upkeep\n|\n|t:|1732994698\n|switch|p2a: Latias|Latias, L79, F|256/256\n|turn|11\n|\n|t:|1732994702\n|move|p2a: Latias|Calm Mind|p2a: Latias\n|-boost|p2a: Latias|spa|1\n|-boost|p2a: Latias|spd|1\n|move|p1a: Sableye|Knock Off|p2a: Latias\n|-supereffective|p2a: Latias\n|-damage|p2a: Latias|190/256\n|-enditem|p2a: Latias|Soul Dew|[from] move: Knock Off|[of] p1a: Sableye\n|\n|-heal|p1a: Sableye|207/236|[from] item: Leftovers\n|upkeep\n|turn|12\n|\n|t:|1732994706\n|move|p1a: Sableye|Will-O-Wisp|p2a: Latias\n|-status|p2a: Latias|brn\n|move|p2a: Latias|Calm Mind|p2a: Latias\n|-boost|p2a: Latias|spa|1\n|-boost|p2a: Latias|spd|1\n|\n|-heal|p1a: Sableye|221/236|[from] item: Leftovers\n|-damage|p2a: Latias|174/256 brn|[from] brn\n|upkeep\n|turn|13\n|\n|t:|1732994713\n|move|p1a: Sableye|Encore|p2a: Latias\n|-start|p2a: Latias|Encore\n|move|p2a: Latias|Calm Mind|p2a: Latias\n|-boost|p2a: Latias|spa|1\n|-boost|p2a: Latias|spd|1\n|\n|-heal|p1a: Sableye|235/236|[from] item: Leftovers\n|-damage|p2a: Latias|158/256 brn|[from] brn\n|upkeep\n|turn|14\n|\n|t:|1732994717\n|move|p2a: Latias|Calm Mind|p2a: Latias\n|-boost|p2a: Latias|spa|1\n|-boost|p2a: Latias|spd|1\n|move|p1a: Sableye|Knock Off|p2a: Latias\n|-supereffective|p2a: Latias\n|-crit|p2a: Latias\n|-damage|p2a: Latias|0 fnt\n|faint|p2a: Latias\n|\n|-heal|p1a: Sableye|236/236|[from] item: Leftovers\n|upkeep\n|\n|t:|1732994727\n|switch|p2a: Electivire|Electivire, L84, M|263/263\n|turn|15\n|\n|t:|1732994733\n|move|p1a: Sableye|Will-O-Wisp|p2a: Electivire\n|-status|p2a: Electivire|brn\n|move|p2a: Electivire|Ice Punch|p1a: Sableye\n|-damage|p1a: Sableye|193/236\n|-damage|p2a: Electivire|237/263 brn|[from] item: Life Orb\n|\n|-heal|p1a: Sableye|207/236|[from] item: Leftovers\n|-damage|p2a: Electivire|221/263 brn|[from] brn\n|upkeep\n|turn|16\n|-message|Colm98 forfeited.\n|\n|win|Craaziedk\n|raw|Craaziedk's rating: 1335 &rarr; <strong>1356</strong><br />(+21 for winning)\n|raw|Colm98's rating: 1353 &rarr; <strong>1332</strong><br />(-21 for losing)\n|l|\u2606Colm98\n|player|p2|\n", "inputlog": ">version b107d77f5c90bd6555267ae244a6264823309ead\n>start {\"formatid\":\"gen9randombattle\",\"seed\":[41563,16731,14919,22585],\"rated\":\"Rated battle\"}\n>player p1 {\"name\":\"Craaziedk\",\"avatar\":\"102\",\"rating\":1335,\"seed\":[25666,46478,36290,13495]}\n>player p2 {\"name\":\"Colm98\",\"avatar\":\"102\",\"rating\":1353,\"seed\":[49033,39701,25442,44871]}\n>p1 move poisonjab\n>p2 move superpower\n>p1 move poisonjab\n>p2 move synthesis terastallize\n>p2 switch 3\n>p1 move poisonjab\n>p2 move psyshock\n>p1 switch 3\n>p1 move knockoff\n>p2 switch 6\n>p1 move willowisp\n>p2 move lunge\n>p1 move knockoff\n>p2 move stickyweb\n>p1 move knockoff\n>p2 move lunge\n>p1 move recover\n>p2 move lunge\n>p1 move recover\n>p2 move lunge\n>p1 move recover\n>p2 move leafblade\n>p2 switch 6\n>p1 move knockoff\n>p2 move calmmind\n>p1 move willowisp\n>p2 move calmmind\n>p1 move encore\n>p2 move calmmind\n>p1 move knockoff\n>p2 move calmmind\n>p2 switch 5\n>p1 move willowisp\n>p2 move icepunch\n>forcelose p2", "uploadtime": 1732994745, "views": 12, "formatid": "gen9randombattle", "rating": 1332, "private": 0, "password": null}