{"id": "gen9randombattle-2254044220", "format": "[Gen 9] Random Battle", "players": ["Avernus JR", "Sealed Book"], "log": "|j|\u2606Avernus JR\n|j|\u2606Sealed Book\n|t:|1732984200\n|gametype|singles\n|player|p1|Avernus JR|palmer|1148\n|player|p2|Sealed Book|lisia|1170\n|teamsize|p1|6\n|teamsize|p2|6\n|gen|9\n|tier|[Gen 9] Random Battle\n|rated|\n|rule|Species Clause: Limit one of each Pok\u00e9mon\n|rule|HP Percentage Mod: HP is shown in percentages\n|rule|Sleep Clause Mod: Limit one foe put to sleep\n|rule|Illusion Level Mod: Illusion disguises the Pok\u00e9mon's true level\n|\n|t:|1732984200\n|start\n|switch|p1a: Barraskewda|Barraskewda, L81, F|231/231\n|switch|p2a: Dusknoir|Dusknoir, L89, M|225/225\n|-item|p1a: Barraskewda|Choice Band|[from] ability: Frisk|[of] p2a: Dusknoir\n|turn|1\n|inactive|Battle timer is ON: inactive players will automatically lose when time's up. (requested by Avernus JR)\n|c|\u2606Avernus JR|Hi bro\n|c|\u2606Avernus JR|gl hf\n|c|\u2606Sealed Book|u too\n|\n|t:|1732984233\n|move|p1a: Barraskewda|Throat Chop|p2a: Dusknoir\n|-supereffective|p2a: Dusknoir\n|-damage|p2a: Dusknoir|101/225\n|-start|p2a: Dusknoir|Throat Chop|[silent]\n|move|p2a: Dusknoir|Poltergeist|p1a: Barraskewda\n|-activate|p1a: Barraskewda|move: Poltergeist|Choice Band\n|-damage|p1a: Barraskewda|45/231\n|\n|-heal|p2a: Dusknoir|115/225|[from] item: Leftovers\n|upkeep\n|turn|2\n|\n|t:|1732984239\n|move|p2a: Dusknoir|Shadow Sneak|p1a: Barraskewda\n|-damage|p1a: Barraskewda|0 fnt\n|faint|p1a: Barraskewda\n|\n|-heal|p2a: Dusknoir|129/225|[from] item: Leftovers\n|-end|p2a: Dusknoir|Throat Chop|[silent]\n|upkeep\n|\n|t:|1732984253\n|switch|p1a: Mabosstiff|Mabosstiff, L86, F|278/278\n|turn|3\n|\n|t:|1732984261\n|switch|p2a: Brute Bonnet|Brute Bonnet, L81|312/312\n|move|p1a: Mabosstiff|Crunch|p2a: Brute Bonnet\n|-resisted|p2a: Brute Bonnet\n|-damage|p2a: Brute Bonnet|219/312\n|\n|-heal|p2a: Brute Bonnet|238/312|[from] item: Leftovers\n|upkeep\n|turn|4\n|\n|t:|1732984274\n|switch|p1a: Kyurem|Kyurem, L77|319/319\n|-ability|p1a: Kyurem|Pressure\n|move|p2a: Brute Bonnet|Spore|p1a: Kyurem\n|-status|p1a: Kyurem|slp|[from] move: Spore\n|\n|-heal|p2a: Brute Bonnet|257/312|[from] item: Leftovers\n|upkeep\n|turn|5\n|\n|t:|1732984281\n|switch|p1a: Mabosstiff|Mabosstiff, L86, F|278/278\n|move|p2a: Brute Bonnet|Close Combat|p1a: Mabosstiff\n|-supereffective|p1a: Mabosstiff\n|-damage|p1a: Mabosstiff|90/278\n|-unboost|p2a: Brute Bonnet|def|1\n|-unboost|p2a: Brute Bonnet|spd|1\n|\n|-heal|p2a: Brute Bonnet|276/312|[from] item: Leftovers\n|upkeep\n|turn|6\n|\n|t:|1732984288\n|-end|p2a: Brute Bonnet|Protosynthesis|[silent]\n|switch|p2a: Dusknoir|Dusknoir, L89, M|129/225\n|-item|p1a: Mabosstiff|Choice Scarf|[from] ability: Frisk|[of] p2a: Dusknoir\n|move|p1a: Mabosstiff|Play Rough|p2a: Dusknoir\n|-damage|p2a: Dusknoir|19/225\n|\n|-heal|p2a: Dusknoir|33/225|[from] item: Leftovers\n|upkeep\n|turn|7\n|\n|t:|1732984301\n|switch|p2a: Camerupt|Camerupt, L91, F|275/275\n|move|p1a: Mabosstiff|Play Rough|p2a: Camerupt\n|-resisted|p2a: Camerupt\n|-damage|p2a: Camerupt|182/275\n|\n|-heal|p2a: Camerupt|199/275|[from] item: Leftovers\n|upkeep\n|turn|8\n|\n|t:|1732984309\n|move|p1a: Mabosstiff|Play Rough|p2a: Camerupt\n|-resisted|p2a: Camerupt\n|-damage|p2a: Camerupt|155/275\n|move|p2a: Camerupt|Stealth Rock|p1a: Mabosstiff\n|-sidestart|p1: Avernus JR|move: Stealth Rock\n|\n|-heal|p2a: Camerupt|172/275|[from] item: Leftovers\n|upkeep\n|turn|9\n|\n|t:|1732984317\n|move|p1a: Mabosstiff|Play Rough|p2a: Camerupt\n|-resisted|p2a: Camerupt\n|-damage|p2a: Camerupt|132/275\n|move|p2a: Camerupt|Roar|p1a: Mabosstiff\n|drag|p1a: Kyurem|Kyurem, L77|319/319 slp\n|-damage|p1a: Kyurem|240/319 slp|[from] Stealth Rock\n|-ability|p1a: Kyurem|Pressure\n|\n|-heal|p2a: Camerupt|149/275|[from] item: Leftovers\n|upkeep\n|turn|10\n|\n|t:|1732984330\n|switch|p1a: Misdreavus|Misdreavus, L90, M|254/254\n|-damage|p1a: Misdreavus|223/254|[from] Stealth Rock\n|move|p2a: Camerupt|Roar|p1a: Misdreavus\n|drag|p1a: Kyurem|Kyurem, L77|240/319 slp\n|-damage|p1a: Kyurem|161/319 slp|[from] Stealth Rock\n|-ability|p1a: Kyurem|Pressure\n|\n|-heal|p2a: Camerupt|166/275|[from] item: Leftovers\n|upkeep\n|turn|11\n|\n|t:|1732984343\n|cant|p1a: Kyurem|slp\n|move|p2a: Camerupt|Roar|p1a: Kyurem\n|drag|p1a: Glimmora|Glimmora, L75, F|248/248\n|-damage|p1a: Glimmora|217/248|[from] Stealth Rock\n|-item|p1a: Glimmora|Air Balloon\n|\n|-heal|p2a: Camerupt|183/275|[from] item: Leftovers\n|upkeep\n|turn|12\n|\n|t:|1732984353\n|move|p1a: Glimmora|Earth Power|p2a: Camerupt\n|-supereffective|p2a: Camerupt\n|-damage|p2a: Camerupt|86/275\n|move|p2a: Camerupt|Roar|p1a: Glimmora\n|drag|p1a: Misdreavus|Misdreavus, L90, M|223/254\n|-damage|p1a: Misdreavus|192/254|[from] Stealth Rock\n|\n|-heal|p2a: Camerupt|103/275|[from] item: Leftovers\n|upkeep\n|turn|13\n|\n|t:|1732984358\n|move|p1a: Misdreavus|Shadow Ball|p2a: Camerupt\n|-damage|p2a: Camerupt|3/275\n|-unboost|p2a: Camerupt|spd|1\n|move|p2a: Camerupt|Roar|p1a: Misdreavus\n|drag|p1a: Hydreigon|Hydreigon, L79, M|275/275\n|-damage|p1a: Hydreigon|241/275|[from] Stealth Rock\n|\n|-heal|p2a: Camerupt|20/275|[from] item: Leftovers\n|upkeep\n|turn|14\n|\n|t:|1732984369\n|switch|p2a: Brute Bonnet|Brute Bonnet, L81|276/312\n|move|p1a: Hydreigon|Dark Pulse|p2a: Brute Bonnet\n|-resisted|p2a: Brute Bonnet\n|-damage|p2a: Brute Bonnet|231/312\n|\n|-heal|p2a: Brute Bonnet|250/312|[from] item: Leftovers\n|upkeep\n|turn|15\n|\n|t:|1732984378\n|switch|p1a: Mabosstiff|Mabosstiff, L86, F|90/278\n|-damage|p1a: Mabosstiff|56/278|[from] Stealth Rock\n|move|p2a: Brute Bonnet|Seed Bomb|p1a: Mabosstiff\n|-damage|p1a: Mabosstiff|0 fnt\n|faint|p1a: Mabosstiff\n|\n|-heal|p2a: Brute Bonnet|269/312|[from] item: Leftovers\n|upkeep\n|\n|t:|1732984385\n|switch|p1a: Kyurem|Kyurem, L77|161/319 slp\n|-damage|p1a: Kyurem|82/319 slp|[from] Stealth Rock\n|-ability|p1a: Kyurem|Pressure\n|turn|16\n|\n|t:|1732984390\n|-curestatus|p1a: Kyurem|slp|[msg]\n|move|p1a: Kyurem|Icicle Spear|p2a: Brute Bonnet\n|-supereffective|p2a: Brute Bonnet\n|-damage|p2a: Brute Bonnet|213/312\n|-supereffective|p2a: Brute Bonnet\n|-damage|p2a: Brute Bonnet|163/312\n|-supereffective|p2a: Brute Bonnet\n|-crit|p2a: Brute Bonnet\n|-damage|p2a: Brute Bonnet|77/312\n|-supereffective|p2a: Brute Bonnet\n|-damage|p2a: Brute Bonnet|21/312\n|-supereffective|p2a: Brute Bonnet\n|-damage|p2a: Brute Bonnet|0 fnt\n|faint|p2a: Brute Bonnet\n|-end|p2a: Brute Bonnet|Protosynthesis|[silent]\n|-hitcount|p2: Brute Bonnet|5\n|\n|upkeep\n|\n|t:|1732984403\n|switch|p2a: Flutter Mane|Flutter Mane, L74|203/203\n|turn|17\n|\n|t:|1732984408\n|move|p2a: Flutter Mane|Moonblast|p1a: Kyurem\n|-supereffective|p1a: Kyurem\n|-damage|p1a: Kyurem|0 fnt\n|faint|p1a: Kyurem\n|-damage|p2a: Flutter Mane|183/203|[from] item: Life Orb\n|\n|upkeep\n|\n|t:|1732984413\n|switch|p1a: Glimmora|Glimmora, L75, F|217/248\n|-damage|p1a: Glimmora|186/248|[from] Stealth Rock\n|-item|p1a: Glimmora|Air Balloon\n|turn|18\n|\n|t:|1732984419\n|move|p2a: Flutter Mane|Calm Mind|p2a: Flutter Mane\n|-boost|p2a: Flutter Mane|spa|1\n|-boost|p2a: Flutter Mane|spd|1\n|move|p1a: Glimmora|Sludge Wave|p2a: Flutter Mane\n|-damage|p2a: Flutter Mane|126/203\n|-status|p2a: Flutter Mane|psn\n|\n|-damage|p2a: Flutter Mane|101/203 psn|[from] psn\n|upkeep\n|turn|19\n|\n|t:|1732984430\n|move|p2a: Flutter Mane|Shadow Ball|p1a: Glimmora\n|-damage|p1a: Glimmora|0 fnt\n|-enditem|p1a: Glimmora|Air Balloon\n|faint|p1a: Glimmora\n|-damage|p2a: Flutter Mane|81/203 psn|[from] item: Life Orb\n|\n|-damage|p2a: Flutter Mane|56/203 psn|[from] psn\n|upkeep\n|\n|t:|1732984433\n|switch|p1a: Misdreavus|Misdreavus, L90, M|192/254\n|-damage|p1a: Misdreavus|161/254|[from] Stealth Rock\n|turn|20\n|\n|t:|1732984438\n|move|p2a: Flutter Mane|Shadow Ball|p1a: Misdreavus\n|-supereffective|p1a: Misdreavus\n|-damage|p1a: Misdreavus|0 fnt\n|faint|p1a: Misdreavus\n|-damage|p2a: Flutter Mane|36/203 psn|[from] item: Life Orb\n|\n|-damage|p2a: Flutter Mane|11/203 psn|[from] psn\n|upkeep\n|\n|t:|1732984445\n|switch|p1a: Hydreigon|Hydreigon, L79, M|241/275\n|-damage|p1a: Hydreigon|207/275|[from] Stealth Rock\n|turn|21\n|\n|t:|1732984448\n|move|p1a: Hydreigon|Flash Cannon|p2a: Flutter Mane\n|-supereffective|p2a: Flutter Mane\n|-damage|p2a: Flutter Mane|0 fnt\n|faint|p2a: Flutter Mane\n|-end|p2a: Flutter Mane|Protosynthesis|[silent]\n|\n|upkeep\n|\n|t:|1732984462\n|switch|p2a: Munkidori|Munkidori, L79, M|269/269\n|turn|22\n|\n|t:|1732984471\n|move|p1a: Hydreigon|Flash Cannon|p2a: Munkidori\n|-damage|p2a: Munkidori|209/269\n|move|p2a: Munkidori|Focus Blast|p1a: Hydreigon\n|-supereffective|p1a: Hydreigon\n|-damage|p1a: Hydreigon|0 fnt\n|faint|p1a: Hydreigon\n|-damage|p2a: Munkidori|183/269|[from] item: Life Orb\n|\n|win|Sealed Book\n|raw|Avernus JR's rating: 1148 &rarr; <strong>1127</strong><br />(-21 for losing)\n|raw|Sealed Book's rating: 1199 &rarr; <strong>1220</strong><br />(+21 for winning)\n|l|\u2606Avernus JR\n|player|p1|\n|c|\u2606Sealed Book|10 wins - 2 loses\n", "inputlog": ">version b107d77f5c90bd6555267ae244a6264823309ead\n>start {\"formatid\":\"gen9randombattle\",\"seed\":[57936,25481,41798,29564],\"rated\":\"Rated battle\"}\n>player p1 {\"name\":\"Avernus JR\",\"avatar\":\"palmer\",\"rating\":1148,\"seed\":[24435,57666,27963,1610]}\n>player p2 {\"name\":\"Sealed Book\",\"avatar\":\"lisia\",\"rating\":1170,\"seed\":[48287,51134,57079,9055]}\n>chat \u2606Avernus JR|Hi bro\n>chat \u2606Avernus JR|gl hf\n>chat \u2606Sealed Book|u too \n>p1 move throatchop\n>p2 move poltergeist\n>p1 move throatchop\n>p2 move shadowsneak\n>p1 switch 3\n>p1 move crunch\n>p2 switch 6\n>p1 switch 2\n>p2 move spore\n>p1 switch 2\n>p2 move closecombat\n>p1 move playrough\n>p2 switch 6\n>p1 move playrough\n>p2 switch 4\n>p1 move playrough\n>p2 move stealthrock\n>p1 move playrough\n>p2 move roar\n>p1 switch 5\n>p2 move roar\n>p1 move terablast\n>p2 move roar\n>p1 move earthpower\n>p2 move roar\n>p1 move shadowball\n>p2 move roar\n>p1 move darkpulse\n>p2 switch 6\n>p1 switch 2\n>p2 move seedbomb\n>p1 switch 6\n>p1 move iciclespear\n>p2 move closecombat\n>p2 switch 5\n>p1 move iciclespear\n>p2 move moonblast\n>p1 switch 5\n>p1 move sludgewave\n>p2 move calmmind\n>p1 move earthpower\n>p2 move shadowball\n>p1 switch 4\n>p1 move shadowball\n>p2 move shadowball\n>p1 switch 2\n>p1 move flashcannon\n>p2 move moonblast\n>p2 switch 3\n>p1 move flashcannon\n>p2 move focusblast", "uploadtime": 1732984481, "views": 1, "formatid": "gen9randombattle", "rating": 1127, "private": 0, "password": null}