{"id": "gen9randombattle-2253888752", "format": "[Gen 9] Random Battle", "players": ["mushy black", "HelloThere747"], "log": "|j|\u2606mushy black\n|j|\u2606HelloThere747\n|t:|1732957021\n|gametype|singles\n|player|p1|mushy black|265|1231\n|player|p2|HelloThere747|1|1228\n|teamsize|p1|6\n|teamsize|p2|6\n|gen|9\n|tier|[Gen 9] Random Battle\n|rated|\n|rule|Species Clause: Limit one of each Pok\u00e9mon\n|rule|HP Percentage Mod: HP is shown in percentages\n|rule|Sleep Clause Mod: Limit one foe put to sleep\n|rule|Illusion Level Mod: Illusion disguises the Pok\u00e9mon's true level\n|\n|t:|1732957021\n|start\n|switch|p1a: Hypno|Hypno, L95, M|315/315\n|switch|p2a: Luxray|Luxray, L88, F|283/283\n|turn|1\n|inactive|Battle timer is ON: inactive players will automatically lose when time's up. (requested by mushy black)\n|\n|t:|1732957041\n|move|p1a: Hypno|Knock Off|p2a: Luxray\n|-damage|p2a: Luxray|211/283\n|-enditem|p2a: Luxray|Flame Orb|[from] move: Knock Off|[of] p1a: Hypno\n|move|p2a: Luxray|Throat Chop|p1a: Hypno\n|-supereffective|p1a: Hypno\n|-damage|p1a: Hypno|159/315\n|-start|p1a: Hypno|Throat Chop|[silent]\n|\n|-heal|p1a: Hypno|178/315|[from] item: Leftovers\n|upkeep\n|turn|2\n|\n|t:|1732957055\n|move|p1a: Hypno|Encore|p2a: Luxray\n|-start|p2a: Luxray|Encore\n|move|p2a: Luxray|Throat Chop|p1a: Hypno\n|-supereffective|p1a: Hypno\n|-damage|p1a: Hypno|12/315\n|\n|-heal|p1a: Hypno|31/315|[from] item: Leftovers\n|-end|p1a: Hypno|Throat Chop|[silent]\n|upkeep\n|turn|3\n|\n|t:|1732957062\n|move|p1a: Hypno|Psychic Noise|p2a: Luxray\n|-damage|p2a: Luxray|127/283\n|-start|p2a: Luxray|move: Heal Block\n|move|p2a: Luxray|Throat Chop|p1a: Hypno\n|-supereffective|p1a: Hypno\n|-damage|p1a: Hypno|0 fnt\n|faint|p1a: Hypno\n|\n|upkeep\n|\n|t:|1732957074\n|switch|p1a: Heatran|Heatran, L79, M|273/273\n|-item|p1a: Heatran|Air Balloon\n|turn|4\n|\n|t:|1732957092\n|switch|p2a: Appletun|Appletun, L92, F|352/352\n|move|p1a: Heatran|Earth Power|p2a: Appletun\n|-resisted|p2a: Appletun\n|-crit|p2a: Appletun\n|-damage|p2a: Appletun|297/352\n|\n|-heal|p2a: Appletun|319/352|[from] item: Leftovers\n|upkeep\n|turn|5\n|\n|t:|1732957104\n|move|p1a: Heatran|Lava Plume|p2a: Appletun\n|-damage|p2a: Appletun|274/352\n|-status|p2a: Appletun|brn\n|move|p2a: Appletun|Apple Acid|p1a: Heatran\n|-resisted|p1a: Heatran\n|-damage|p1a: Heatran|251/273\n|-unboost|p1a: Heatran|spd|1\n|-enditem|p1a: Heatran|Air Balloon\n|\n|-heal|p2a: Appletun|296/352 brn|[from] item: Leftovers\n|-damage|p2a: Appletun|274/352 brn|[from] brn\n|upkeep\n|turn|6\n|\n|t:|1732957129\n|switch|p2a: Lapras|Lapras, L87, M|368/368\n|move|p1a: Heatran|Stealth Rock|p2a: Lapras\n|-sidestart|p2: HelloThere747|move: Stealth Rock\n|\n|upkeep\n|turn|7\n|inactive|HelloThere747 has 120 seconds left.\n|\n|t:|1732957146\n|switch|p1a: Volbeat|Volbeat, L90, M|263/263\n|-terastallize|p2a: Lapras|Poison\n|move|p2a: Lapras|Sparkling Aria|p1a: Volbeat\n|-damage|p1a: Volbeat|175/263\n|\n|upkeep\n|turn|8\n|inactive|HelloThere747 has 120 seconds left.\n|\n|t:|1732957157\n|move|p1a: Volbeat|Thunder Wave|p2a: Lapras\n|-status|p2a: Lapras|par\n|cant|p2a: Lapras|par\n|\n|upkeep\n|turn|9\n|inactive|HelloThere747 has 120 seconds left.\n|\n|t:|1732957167\n|move|p1a: Volbeat|Lunge|p2a: Lapras\n|-resisted|p2a: Lapras\n|-damage|p2a: Lapras|327/368 par\n|-unboost|p2a: Lapras|atk|1\n|move|p2a: Lapras|Rest|p2a: Lapras\n|-status|p2a: Lapras|slp|[from] move: Rest\n|-heal|p2a: Lapras|368/368 slp|[silent]\n|\n|upkeep\n|turn|10\n|\n|t:|1732957177\n|move|p1a: Volbeat|Lunge|p2a: Lapras\n|-resisted|p2a: Lapras\n|-damage|p2a: Lapras|329/368 slp\n|-unboost|p2a: Lapras|atk|1\n|cant|p2a: Lapras|slp\n|move|p2a: Lapras|Sleep Talk|p2a: Lapras\n|move|p2a: Lapras|Freeze-Dry|p1a: Volbeat|[from]move: Sleep Talk\n|-damage|p1a: Volbeat|103/263\n|\n|upkeep\n|turn|11\n|\n|t:|1732957187\n|move|p1a: Volbeat|Lunge|p2a: Lapras\n|-resisted|p2a: Lapras\n|-crit|p2a: Lapras\n|-damage|p2a: Lapras|269/368 slp\n|-unboost|p2a: Lapras|atk|1\n|cant|p2a: Lapras|slp\n|move|p2a: Lapras|Sleep Talk|p2a: Lapras\n|move|p2a: Lapras|Rest||[from]move: Sleep Talk|[still]\n|-fail|p2a: Lapras\n|\n|upkeep\n|turn|12\n|inactive|HelloThere747 has 120 seconds left.\n|\n|t:|1732957203\n|move|p1a: Volbeat|Lunge|p2a: Lapras\n|-resisted|p2a: Lapras\n|-damage|p2a: Lapras|227/368 slp\n|-unboost|p2a: Lapras|atk|1\n|-curestatus|p2a: Lapras|slp|[msg]\n|move|p2a: Lapras|Sleep Talk||[still]\n|-fail|p2a: Lapras\n|\n|upkeep\n|turn|13\n|\n|t:|1732957226\n|move|p1a: Volbeat|Lunge|p2a: Lapras\n|-resisted|p2a: Lapras\n|-damage|p2a: Lapras|188/368\n|-unboost|p2a: Lapras|atk|1\n|move|p2a: Lapras|Freeze-Dry|p1a: Volbeat\n|-damage|p1a: Volbeat|34/263\n|\n|upkeep\n|turn|14\n|\n|t:|1732957236\n|move|p1a: Volbeat|Thunder Wave|p2a: Lapras\n|-status|p2a: Lapras|par\n|move|p2a: Lapras|Rest|p2a: Lapras\n|-status|p2a: Lapras|slp|[from] move: Rest\n|-heal|p2a: Lapras|368/368 slp|[silent]\n|\n|upkeep\n|turn|15\n|\n|t:|1732957243\n|move|p1a: Volbeat|Lunge|p2a: Lapras\n|-resisted|p2a: Lapras\n|-damage|p2a: Lapras|323/368 slp\n|-unboost|p2a: Lapras|atk|1\n|cant|p2a: Lapras|slp\n|move|p2a: Lapras|Sleep Talk|p2a: Lapras\n|move|p2a: Lapras|Rest||[from]move: Sleep Talk|[still]\n|-fail|p2a: Lapras\n|\n|upkeep\n|turn|16\n|\n|t:|1732957252\n|move|p1a: Volbeat|Lunge|p2a: Lapras\n|-resisted|p2a: Lapras\n|-damage|p2a: Lapras|281/368 slp\n|cant|p2a: Lapras|slp\n|move|p2a: Lapras|Sleep Talk|p2a: Lapras\n|move|p2a: Lapras|Sparkling Aria|p1a: Volbeat|[from]move: Sleep Talk\n|-damage|p1a: Volbeat|0 fnt\n|faint|p1a: Volbeat\n|\n|upkeep\n|\n|t:|1732957271\n|switch|p1a: Baxcalibur|Baxcalibur, L75, M|295/295\n|turn|17\n|\n|t:|1732957288\n|switch|p2a: Calyrex|Calyrex-Ice, L72|263/263\n|-ability|p2a: Calyrex|As One\n|-ability|p2a: Calyrex|Unnerve\n|move|p1a: Baxcalibur|Earthquake|p2a: Calyrex\n|-damage|p2a: Calyrex|174/263\n|\n|upkeep\n|turn|18\n|\n|t:|1732957306\n|switch|p1a: Heatran|Heatran, L79, M|251/273\n|move|p2a: Calyrex|Trick Room|p2a: Calyrex\n|-fieldstart|move: Trick Room|[of] p2a: Calyrex\n|\n|upkeep\n|turn|19\n|\n|t:|1732957312\n|move|p2a: Calyrex|High Horsepower|p1a: Heatran\n|-supereffective|p1a: Heatran\n|-damage|p1a: Heatran|0 fnt\n|faint|p1a: Heatran\n|-ability|p2a: Calyrex|Chilling Neigh|boost\n|-boost|p2a: Calyrex|atk|1\n|\n|upkeep\n|\n|t:|1732957319\n|switch|p1a: Vespiquen|Vespiquen, L98, F|296/296\n|-ability|p1a: Vespiquen|Pressure\n|turn|20\n|\n|t:|1732957332\n|move|p2a: Calyrex|Glacial Lance|p1a: Vespiquen\n|-supereffective|p1a: Vespiquen\n|-damage|p1a: Vespiquen|0 fnt\n|faint|p1a: Vespiquen\n|-ability|p2a: Calyrex|Chilling Neigh|boost\n|-boost|p2a: Calyrex|atk|1\n|\n|upkeep\n|\n|t:|1732957340\n|switch|p1a: Baxcalibur|Baxcalibur, L75, M|295/295\n|turn|21\n|\n|t:|1732957344\n|move|p2a: Calyrex|High Horsepower|p1a: Baxcalibur\n|-damage|p1a: Baxcalibur|129/295\n|move|p1a: Baxcalibur|Glaive Rush|p2a: Calyrex\n|-damage|p2a: Calyrex|6/263\n|-singlemove|p1a: Baxcalibur|Glaive Rush|[silent]\n|\n|upkeep\n|turn|22\n|\n|t:|1732957352\n|move|p2a: Calyrex|High Horsepower|p1a: Baxcalibur\n|-damage|p1a: Baxcalibur|0 fnt\n|faint|p1a: Baxcalibur\n|-ability|p2a: Calyrex|Chilling Neigh|boost\n|-boost|p2a: Calyrex|atk|1\n|\n|-fieldend|move: Trick Room\n|upkeep\n|\n|t:|1732957356\n|switch|p1a: Qwilfish|Qwilfish-Hisui, L83, M|244/244\n|-ability|p1a: Qwilfish|Intimidate|boost\n|-unboost|p2a: Calyrex|atk|1\n|turn|23\n|\n|t:|1732957366\n|move|p1a: Qwilfish|Toxic Spikes|p2a: Calyrex\n|-sidestart|p2: HelloThere747|move: Toxic Spikes\n|move|p2a: Calyrex|Close Combat|p1a: Qwilfish\n|-damage|p1a: Qwilfish|105/244\n|-unboost|p2a: Calyrex|def|1\n|-unboost|p2a: Calyrex|spd|1\n|\n|upkeep\n|turn|24\n|\n|t:|1732957377\n|switch|p2a: Appletun|Appletun, L92, F|274/352 brn\n|-damage|p2a: Appletun|230/352 brn|[from] Stealth Rock\n|move|p1a: Qwilfish|Crunch|p2a: Appletun\n|-damage|p2a: Appletun|146/352 brn\n|-unboost|p2a: Appletun|def|1\n|\n|-heal|p2a: Appletun|168/352 brn|[from] item: Leftovers\n|-damage|p2a: Appletun|146/352 brn|[from] brn\n|upkeep\n|turn|25\n|\n|t:|1732957388\n|move|p1a: Qwilfish|Gunk Shot|p2a: Appletun\n|-supereffective|p2a: Appletun\n|-damage|p2a: Appletun|0 fnt\n|faint|p2a: Appletun\n|\n|upkeep\n|\n|t:|1732957406\n|switch|p2a: Lapras|Lapras, L87, M, tera:Poison|281/368 slp\n|-sideend|p2: HelloThere747|move: Toxic Spikes|[of] p2a: Lapras\n|turn|26\n|\n|t:|1732957413\n|move|p1a: Qwilfish|Gunk Shot|p2a: Lapras|[miss]\n|-miss|p1a: Qwilfish|p2a: Lapras\n|-curestatus|p2a: Lapras|slp|[msg]\n|move|p2a: Lapras|Sleep Talk||[still]\n|-fail|p2a: Lapras\n|\n|upkeep\n|turn|27\n|\n|t:|1732957422\n|move|p1a: Qwilfish|Gunk Shot|p2a: Lapras\n|-resisted|p2a: Lapras\n|-damage|p2a: Lapras|216/368\n|move|p2a: Lapras|Freeze-Dry|p1a: Qwilfish\n|-damage|p1a: Qwilfish|36/244\n|\n|upkeep\n|turn|28\n|\n|t:|1732957428\n|move|p1a: Qwilfish|Toxic Spikes|p2a: Lapras\n|-sidestart|p2: HelloThere747|move: Toxic Spikes\n|move|p2a: Lapras|Freeze-Dry|p1a: Qwilfish\n|-damage|p1a: Qwilfish|0 fnt\n|faint|p1a: Qwilfish\n|\n|win|HelloThere747\n|raw|mushy black's rating: 1231 &rarr; <strong>1206</strong><br />(-25 for losing)\n|raw|HelloThere747's rating: 1228 &rarr; <strong>1253</strong><br />(+25 for winning)\n|l|\u2606mushy black\n|player|p1|\n", "inputlog": ">version b107d77f5c90bd6555267ae244a6264823309ead\n>start {\"formatid\":\"gen9randombattle\",\"seed\":[33064,56167,1054,11365],\"rated\":\"Rated battle\"}\n>player p1 {\"name\":\"mushy black\",\"avatar\":\"265\",\"rating\":1231,\"seed\":[25221,33442,2922,55146]}\n>player p2 {\"name\":\"HelloThere747\",\"avatar\":\"1\",\"rating\":1228,\"seed\":[57403,56319,21199,2440]}\n>p1 move knockoff\n>p2 move throatchop\n>p1 move encore\n>p2 move throatchop\n>p1 move psychicnoise\n>p2 move throatchop\n>p1 switch 4\n>p1 move earthpower\n>p2 switch 5\n>p1 move lavaplume\n>p2 move appleacid\n>p1 move stealthrock\n>p2 switch 2\n>p1 switch 5\n>p2 move sparklingaria terastallize\n>p1 move thunderwave\n>p2 move freezedry\n>p1 move lunge\n>p2 move rest\n>p1 move lunge\n>p2 move sleeptalk\n>p1 move lunge\n>p2 move sleeptalk\n>p1 move lunge\n>p2 move sleeptalk\n>p1 move lunge\n>p2 move freezedry\n>p1 move thunderwave\n>p2 move rest\n>p1 move lunge\n>p2 move sleeptalk\n>p1 move lunge\n>p2 move sleeptalk\n>p1 switch 6\n>p1 move earthquake\n>p2 switch 4\n>p1 switch 5\n>p2 move trickroom\n>p1 move lavaplume\n>p2 move highhorsepower\n>p1 switch 3\n>p1 move toxic\n>p2 move glaciallance\n>p1 switch 5\n>p1 move glaiverush\n>p2 move highhorsepower\n>p1 move glaiverush\n>p2 move highhorsepower\n>p1 switch 2\n>p1 move toxicspikes\n>p2 move closecombat\n>p1 move crunch\n>p2 switch 2\n>p1 move gunkshot\n>p2 move recover\n>p2 switch 4\n>p1 move gunkshot\n>p2 move sleeptalk\n>p1 move gunkshot\n>p2 move freezedry\n>p1 move toxicspikes\n>p2 move freezedry", "uploadtime": 1732957436, "views": 2, "formatid": "gen9randombattle", "rating": 1206, "private": 0, "password": null}