{"id": "gen9randombattle-2253997352", "format": "[Gen 9] Random Battle", "players": ["Marting52", "skargarden"], "log": "|j|\u2606Marting52\n|j|\u2606skargarden\n|t:|1732977693\n|gametype|singles\n|player|p1|Marting52|hiker-gen4|1411\n|player|p2|skargarden|169|1385\n|teamsize|p1|6\n|teamsize|p2|6\n|gen|9\n|tier|[Gen 9] Random Battle\n|rated|\n|rule|Species Clause: Limit one of each Pok\u00e9mon\n|rule|HP Percentage Mod: HP is shown in percentages\n|rule|Sleep Clause Mod: Limit one foe put to sleep\n|rule|Illusion Level Mod: Illusion disguises the Pok\u00e9mon's true level\n|\n|t:|1732977693\n|start\n|switch|p1a: Sneasler|Sneasler, L74, M|240/240\n|switch|p2a: Inteleon|Inteleon, L81, M|246/246\n|turn|1\n|inactive|Battle timer is ON: inactive players will automatically lose when time's up. (requested by skargarden)\n|\n|t:|1732977711\n|switch|p1a: Rotom|Rotom-Mow, L86|226/226\n|move|p2a: Inteleon|U-turn|p1a: Rotom\n|-supereffective|p1a: Rotom\n|-damage|p1a: Rotom|152/226\n|inactive|skargarden has 120 seconds left.\n|\n|t:|1732977752\n|switch|p2a: Glaceon|Glaceon, L94, M|275/275|[from] U-turn\n|\n|upkeep\n|turn|2\n|\n|t:|1732977759\n|move|p1a: Rotom|Volt Switch|p2a: Glaceon\n|-damage|p2a: Glaceon|205/275\n|\n|t:|1732977765\n|switch|p1a: Heatran|Heatran, L79, F|273/273|[from] Volt Switch\n|-item|p1a: Heatran|Air Balloon\n|move|p2a: Glaceon|Freeze-Dry|p1a: Heatran\n|-resisted|p1a: Heatran\n|-damage|p1a: Heatran|245/273\n|-enditem|p1a: Heatran|Air Balloon\n|\n|upkeep\n|turn|3\n|inactive|skargarden has 120 seconds left.\n|\n|t:|1732977800\n|switch|p2a: Regigigas|Regigigas, L84|322/322\n|-start|p2a: Regigigas|ability: Slow Start\n|move|p1a: Heatran|Stealth Rock|p2a: Regigigas\n|-sidestart|p2: skargarden|move: Stealth Rock\n|\n|upkeep\n|turn|4\n|\n|t:|1732977809\n|move|p1a: Heatran|Magma Storm|p2a: Regigigas\n|-damage|p2a: Regigigas|213/322\n|-activate|p2a: Regigigas|move: Magma Storm|[of] p1a: Heatran\n|move|p2a: Regigigas|Substitute|p2a: Regigigas\n|-start|p2a: Regigigas|Substitute\n|-end|p2a: Regigigas|Magma Storm|[partiallytrapped]|[silent]\n|-damage|p2a: Regigigas|133/322\n|\n|-heal|p2a: Regigigas|153/322|[from] item: Leftovers\n|upkeep\n|turn|5\n|\n|t:|1732977830\n|switch|p1a: Sneasler|Sneasler, L74, M|240/240\n|move|p2a: Regigigas|Protect||[still]\n|-fail|p2a: Regigigas\n|\n|-heal|p2a: Regigigas|173/322|[from] item: Leftovers\n|upkeep\n|turn|6\n|\n|t:|1732977839\n|move|p1a: Sneasler|Close Combat|p2a: Regigigas\n|-supereffective|p2a: Regigigas\n|-end|p2a: Regigigas|Substitute\n|-unboost|p1a: Sneasler|def|1\n|-unboost|p1a: Sneasler|spd|1\n|-enditem|p1a: Sneasler|White Herb\n|-clearnegativeboost|p1a: Sneasler|[silent]\n|move|p2a: Regigigas|Substitute|p2a: Regigigas\n|-start|p2a: Regigigas|Substitute\n|-damage|p2a: Regigigas|93/322\n|\n|-heal|p2a: Regigigas|113/322|[from] item: Leftovers\n|upkeep\n|turn|7\n|\n|t:|1732977850\n|move|p2a: Regigigas|Protect|p2a: Regigigas\n|-singleturn|p2a: Regigigas|Protect\n|move|p1a: Sneasler|Swords Dance|p1a: Sneasler\n|-boost|p1a: Sneasler|atk|2\n|\n|-heal|p2a: Regigigas|133/322|[from] item: Leftovers\n|upkeep\n|turn|8\n|\n|t:|1732977858\n|move|p1a: Sneasler|Gunk Shot|p2a: Regigigas\n|-end|p2a: Regigigas|Substitute\n|move|p2a: Regigigas|Substitute|p2a: Regigigas\n|-start|p2a: Regigigas|Substitute\n|-damage|p2a: Regigigas|53/322\n|\n|-heal|p2a: Regigigas|73/322|[from] item: Leftovers\n|-end|p2a: Regigigas|Slow Start\n|upkeep\n|turn|9\n|\n|t:|1732977868\n|move|p2a: Regigigas|Protect|p2a: Regigigas\n|-singleturn|p2a: Regigigas|Protect\n|move|p1a: Sneasler|Gunk Shot|p2a: Regigigas\n|-activate|p2a: Regigigas|move: Protect\n|\n|-heal|p2a: Regigigas|93/322|[from] item: Leftovers\n|upkeep\n|turn|10\n|\n|t:|1732977875\n|move|p1a: Sneasler|Gunk Shot|p2a: Regigigas|[miss]\n|-miss|p1a: Sneasler|p2a: Regigigas\n|move|p2a: Regigigas|Body Slam|p1a: Sneasler\n|-damage|p1a: Sneasler|27/240\n|\n|-heal|p2a: Regigigas|113/322|[from] item: Leftovers\n|upkeep\n|turn|11\n|\n|t:|1732977888\n|switch|p1a: Hatterene|Hatterene, L85, F|236/236\n|move|p2a: Regigigas|Protect||[still]\n|-fail|p2a: Regigigas\n|\n|-heal|p2a: Regigigas|133/322|[from] item: Leftovers\n|upkeep\n|turn|12\n|\n|t:|1732977902\n|move|p2a: Regigigas|Knock Off|p1a: Hatterene\n|-damage|p1a: Hatterene|143/236\n|-enditem|p1a: Hatterene|Leftovers|[from] move: Knock Off|[of] p2a: Regigigas\n|move|p1a: Hatterene|Draining Kiss|p2a: Regigigas\n|-activate|p2a: Regigigas|move: Substitute|[damage]\n|-heal|p1a: Hatterene|191/236|[from] drain|[of] p2a: Regigigas\n|\n|-heal|p2a: Regigigas|153/322|[from] item: Leftovers\n|upkeep\n|turn|13\n|\n|t:|1732977911\n|move|p2a: Regigigas|Body Slam|p1a: Hatterene\n|-damage|p1a: Hatterene|59/236\n|move|p1a: Hatterene|Draining Kiss|p2a: Regigigas\n|-crit|p2a: Regigigas\n|-end|p2a: Regigigas|Substitute\n|-heal|p1a: Hatterene|71/236|[from] drain|[of] p2a: Regigigas\n|\n|-heal|p2a: Regigigas|173/322|[from] item: Leftovers\n|upkeep\n|turn|14\n|\n|t:|1732977923\n|move|p2a: Regigigas|Substitute|p2a: Regigigas\n|-start|p2a: Regigigas|Substitute\n|-damage|p2a: Regigigas|93/322\n|move|p1a: Hatterene|Draining Kiss|p2a: Regigigas\n|-activate|p2a: Regigigas|move: Substitute|[damage]\n|-heal|p1a: Hatterene|115/236|[from] drain|[of] p2a: Regigigas\n|\n|-heal|p2a: Regigigas|113/322|[from] item: Leftovers\n|upkeep\n|turn|15\n|\n|t:|1732977933\n|move|p2a: Regigigas|Protect|p2a: Regigigas\n|-singleturn|p2a: Regigigas|Protect\n|move|p1a: Hatterene|Draining Kiss|p2a: Regigigas\n|-activate|p2a: Regigigas|move: Protect\n|\n|-heal|p2a: Regigigas|133/322|[from] item: Leftovers\n|upkeep\n|turn|16\n|\n|t:|1732977940\n|move|p2a: Regigigas|Body Slam|p1a: Hatterene\n|-damage|p1a: Hatterene|0 fnt\n|faint|p1a: Hatterene\n|\n|-heal|p2a: Regigigas|153/322|[from] item: Leftovers\n|upkeep\n|\n|t:|1732977950\n|switch|p1a: Sneasler|Sneasler, L74, M|27/240\n|turn|17\n|\n|t:|1732977957\n|move|p1a: Sneasler|Swords Dance|p1a: Sneasler\n|-boost|p1a: Sneasler|atk|2\n|move|p2a: Regigigas|Body Slam|p1a: Sneasler\n|-damage|p1a: Sneasler|0 fnt\n|faint|p1a: Sneasler\n|\n|-heal|p2a: Regigigas|173/322|[from] item: Leftovers\n|upkeep\n|\n|t:|1732977979\n|switch|p1a: Heatran|Heatran, L79, F|245/273\n|turn|18\n|\n|t:|1732977988\n|move|p2a: Regigigas|Body Slam|p1a: Heatran\n|-resisted|p1a: Heatran\n|-damage|p1a: Heatran|185/273\n|move|p1a: Heatran|Magma Storm|p2a: Regigigas\n|-end|p2a: Regigigas|Substitute\n|\n|-heal|p2a: Regigigas|193/322|[from] item: Leftovers\n|upkeep\n|turn|19\n|\n|t:|1732977997\n|move|p2a: Regigigas|Protect|p2a: Regigigas\n|-singleturn|p2a: Regigigas|Protect\n|move|p1a: Heatran|Magma Storm|p2a: Regigigas\n|-activate|p2a: Regigigas|move: Protect\n|\n|-heal|p2a: Regigigas|213/322|[from] item: Leftovers\n|upkeep\n|turn|20\n|\n|t:|1732978006\n|move|p2a: Regigigas|Substitute|p2a: Regigigas\n|-start|p2a: Regigigas|Substitute\n|-damage|p2a: Regigigas|133/322\n|move|p1a: Heatran|Magma Storm|p2a: Regigigas\n|-end|p2a: Regigigas|Substitute\n|\n|-heal|p2a: Regigigas|153/322|[from] item: Leftovers\n|upkeep\n|turn|21\n|\n|t:|1732978014\n|move|p2a: Regigigas|Protect|p2a: Regigigas\n|-singleturn|p2a: Regigigas|Protect\n|move|p1a: Heatran|Magma Storm|p2a: Regigigas\n|-activate|p2a: Regigigas|move: Protect\n|\n|-heal|p2a: Regigigas|173/322|[from] item: Leftovers\n|upkeep\n|turn|22\n|\n|t:|1732978025\n|move|p2a: Regigigas|Substitute|p2a: Regigigas\n|-start|p2a: Regigigas|Substitute\n|-damage|p2a: Regigigas|93/322\n|move|p1a: Heatran|Magma Storm|p2a: Regigigas\n|-end|p2a: Regigigas|Substitute\n|\n|-heal|p2a: Regigigas|113/322|[from] item: Leftovers\n|upkeep\n|turn|23\n|\n|t:|1732978038\n|switch|p1a: Rotom|Rotom-Mow, L86|152/226\n|move|p2a: Regigigas|Protect||[still]\n|-fail|p2a: Regigigas\n|\n|-heal|p2a: Regigigas|133/322|[from] item: Leftovers\n|upkeep\n|turn|24\n|\n|t:|1732978045\n|move|p2a: Regigigas|Protect|p2a: Regigigas\n|-singleturn|p2a: Regigigas|Protect\n|move|p1a: Rotom|Trick|p2a: Regigigas\n|-activate|p2a: Regigigas|move: Protect\n|\n|-heal|p2a: Regigigas|153/322|[from] item: Leftovers\n|upkeep\n|turn|25\n|\n|t:|1732978056\n|switch|p1a: Dugtrio|Dugtrio, L84, M|196/196\n|move|p2a: Regigigas|Body Slam|p1a: Dugtrio\n|-crit|p1a: Dugtrio\n|-damage|p1a: Dugtrio|0 fnt\n|faint|p1a: Dugtrio\n|\n|-heal|p2a: Regigigas|173/322|[from] item: Leftovers\n|upkeep\n|\n|t:|1732978065\n|switch|p1a: Rotom|Rotom-Mow, L86|152/226\n|turn|26\n|\n|t:|1732978070\n|move|p2a: Regigigas|Protect|p2a: Regigigas\n|-singleturn|p2a: Regigigas|Protect\n|move|p1a: Rotom|Trick|p2a: Regigigas\n|-activate|p2a: Regigigas|move: Protect\n|\n|-heal|p2a: Regigigas|193/322|[from] item: Leftovers\n|upkeep\n|turn|27\n|\n|t:|1732978077\n|move|p1a: Rotom|Trick|p2a: Regigigas\n|-activate|p1a: Rotom|move: Trick|[of] p2a: Regigigas\n|-item|p2a: Regigigas|Choice Scarf|[from] move: Trick\n|-item|p1a: Rotom|Leftovers|[from] move: Trick\n|move|p2a: Regigigas|Body Slam|p1a: Rotom\n|-damage|p1a: Rotom|34/226\n|\n|-heal|p1a: Rotom|48/226|[from] item: Leftovers\n|upkeep\n|turn|28\n|\n|t:|1732978088\n|move|p2a: Regigigas|Body Slam|p1a: Rotom\n|-damage|p1a: Rotom|0 fnt\n|faint|p1a: Rotom\n|\n|upkeep\n|\n|t:|1732978093\n|switch|p1a: Heatran|Heatran, L79, F|185/273\n|turn|29\n|\n|t:|1732978096\n|move|p2a: Regigigas|Body Slam|p1a: Heatran\n|-resisted|p1a: Heatran\n|-damage|p1a: Heatran|128/273\n|-status|p1a: Heatran|par\n|cant|p1a: Heatran|par\n|\n|upkeep\n|turn|30\n|\n|t:|1732978104\n|move|p2a: Regigigas|Body Slam|p1a: Heatran\n|-resisted|p1a: Heatran\n|-damage|p1a: Heatran|65/273 par\n|move|p1a: Heatran|Magma Storm|p2a: Regigigas\n|-damage|p2a: Regigigas|97/322\n|-activate|p2a: Regigigas|move: Magma Storm|[of] p1a: Heatran\n|\n|-damage|p2a: Regigigas|57/322|[from] move: Magma Storm|[partiallytrapped]\n|upkeep\n|turn|31\n|\n|t:|1732978115\n|move|p2a: Regigigas|Body Slam|p1a: Heatran\n|-resisted|p1a: Heatran\n|-damage|p1a: Heatran|3/273 par\n|cant|p1a: Heatran|par\n|\n|-damage|p2a: Regigigas|17/322|[from] move: Magma Storm|[partiallytrapped]\n|upkeep\n|turn|32\n|\n|t:|1732978123\n|move|p2a: Regigigas|Body Slam|p1a: Heatran\n|-resisted|p1a: Heatran\n|-damage|p1a: Heatran|0 fnt\n|faint|p1a: Heatran\n|\n|-end|p2a: Regigigas|Magma Storm|[partiallytrapped]|[silent]\n|upkeep\n|c|\u2606Marting52|le set cancer du cul on a envie de se pendre on va pas se mentir\n|\n|t:|1732978144\n|switch|p1a: Gyarados|Gyarados, L79, M|280/280\n|turn|33\n|\n|t:|1732978154\n|move|p2a: Regigigas|Body Slam|p1a: Gyarados\n|-damage|p1a: Gyarados|136/280\n|move|p1a: Gyarados|Waterfall|p2a: Regigigas\n|-damage|p2a: Regigigas|0 fnt\n|faint|p2a: Regigigas\n|-end|p2a: Regigigas|Slow Start|[silent]\n|-ability|p1a: Gyarados|Moxie|boost\n|-boost|p1a: Gyarados|atk|1\n|\n|upkeep\n|\n|t:|1732978171\n|switch|p2a: Deoxys|Deoxys-Attack, L72|191/191\n|-damage|p2a: Deoxys|168/191|[from] Stealth Rock\n|-ability|p2a: Deoxys|Pressure\n|turn|34\n|c|\u2606Marting52|mdrrr fdp va\n|\n|t:|1732978191\n|-terastallize|p2a: Deoxys|Psychic\n|-terastallize|p1a: Gyarados|Flying\n|move|p2a: Deoxys|Psycho Boost|p1a: Gyarados|[miss]\n|-miss|p2a: Deoxys|p1a: Gyarados\n|move|p1a: Gyarados|Waterfall|p2a: Deoxys\n|-damage|p2a: Deoxys|0 fnt\n|faint|p2a: Deoxys\n|-ability|p1a: Gyarados|Moxie|boost\n|-boost|p1a: Gyarados|atk|1\n|\n|upkeep\n|\n|t:|1732978200\n|switch|p2a: Glaceon|Glaceon, L94, M|205/275\n|turn|35\n|\n|t:|1732978213\n|move|p2a: Glaceon|Freeze-Dry|p1a: Gyarados\n|-supereffective|p1a: Gyarados\n|-damage|p1a: Gyarados|0 fnt\n|faint|p1a: Gyarados\n|\n|win|skargarden\n", "inputlog": ">version b107d77f5c90bd6555267ae244a6264823309ead\n>start {\"formatid\":\"gen9randombattle\",\"seed\":[41457,8779,20182,33725],\"rated\":\"Rated battle\"}\n>player p1 {\"name\":\"Marting52\",\"avatar\":\"hiker-gen4\",\"rating\":1411,\"seed\":[46304,65288,42188,48512]}\n>player p2 {\"name\":\"skargarden\",\"avatar\":\"169\",\"rating\":1385,\"seed\":[34473,63168,11112,58466]}\n>p1 switch 6\n>p2 move uturn\n>p2 switch 4\n>p1 move voltswitch\n>p2 move freezedry\n>p1 switch 3\n>p1 move stealthrock\n>p2 switch 5\n>p1 move magmastorm\n>p2 move substitute\n>p1 switch 6\n>p2 move protect\n>p1 move closecombat\n>p2 move substitute\n>p1 move swordsdance\n>p2 move protect\n>p1 move gunkshot\n>p2 move substitute\n>p1 move gunkshot\n>p2 move protect\n>p1 move gunkshot\n>p2 move bodyslam\n>p1 switch 4\n>p2 move protect\n>p1 move drainingkiss\n>p2 move knockoff\n>p1 move drainingkiss\n>p2 move bodyslam\n>p1 move drainingkiss\n>p2 move substitute\n>p1 move drainingkiss\n>p2 move protect\n>p1 move drainingkiss\n>p2 move bodyslam\n>p1 switch 4\n>p1 move swordsdance\n>p2 move bodyslam\n>p1 switch 6\n>p1 move magmastorm\n>p2 move bodyslam\n>p1 move magmastorm\n>p2 move protect\n>p1 move magmastorm\n>p2 move substitute\n>p1 move magmastorm\n>p2 move protect\n>p1 move magmastorm\n>p2 move substitute\n>p1 switch 3\n>p2 move protect\n>p1 move trick\n>p2 move protect\n>p1 switch 2\n>p2 move bodyslam\n>p1 switch 2\n>p1 move trick\n>p2 move protect\n>p1 move trick\n>p2 move bodyslam\n>p1 move thunderbolt\n>p2 move bodyslam\n>p1 switch 3\n>p1 move magmastorm\n>p2 move bodyslam\n>p1 move magmastorm\n>p2 move bodyslam\n>p1 move earthpower\n>p2 move bodyslam\n>p1 move earthpower\n>p2 move bodyslam\n>chat \u2606Marting52|le set cancer du cul on a envie de se pendre on va pas se mentir\n>p1 switch 5\n>p1 move waterfall\n>p2 move bodyslam\n>p2 switch 6\n>chat \u2606Marting52|mdrrr fdp va\n>p1 move waterfall terastallize\n>p2 move psychoboost terastallize\n>p2 switch 5\n>p1 move waterfall\n>p2 move freezedry", "uploadtime": 1732978143, "views": 1, "formatid": "gen9randombattle", "rating": null, "private": 0, "password": null}