{"id": "gen9randombattle-2253914784", "format": "[Gen 9] Random Battle", "players": ["Beanatron", "Zochitl"], "log": "|j|\u2606Beanatron\n|j|\u2606Zochitl\n|t:|1732962796\n|gametype|singles\n|player|p1|Beanatron|266|1140\n|player|p2|Zochitl|169|1097\n|teamsize|p1|6\n|teamsize|p2|6\n|gen|9\n|tier|[Gen 9] Random Battle\n|rated|\n|rule|Species Clause: Limit one of each Pok\u00e9mon\n|rule|HP Percentage Mod: HP is shown in percentages\n|rule|Sleep Clause Mod: Limit one foe put to sleep\n|rule|Illusion Level Mod: Illusion disguises the Pok\u00e9mon's true level\n|\n|t:|1732962796\n|start\n|switch|p1a: Ursaluna|Ursaluna-Bloodmoon, L79, M|308/308\n|switch|p2a: Illumise|Illumise, L91, F|266/266\n|turn|1\n|inactive|Battle timer is ON: inactive players will automatically lose when time's up. (requested by Beanatron)\n|\n|t:|1732962827\n|switch|p1a: Archaludon|Archaludon, L78, M|268/268\n|move|p2a: Illumise|Thunder Wave|p1a: Archaludon\n|-status|p1a: Archaludon|par\n|\n|upkeep\n|turn|2\n|\n|t:|1732962843\n|switch|p2a: Excadrill|Excadrill, L80, M|307/307\n|-ability|p2a: Excadrill|Mold Breaker\n|move|p1a: Archaludon|Stealth Rock|p2a: Excadrill\n|-sidestart|p2: Zochitl|move: Stealth Rock\n|\n|upkeep\n|turn|3\n|\n|t:|1732962860\n|switch|p1a: Flamigo|Flamigo, L82, M|269/269\n|move|p2a: Excadrill|Rapid Spin|p1a: Flamigo\n|-damage|p1a: Flamigo|221/269\n|-boost|p2a: Excadrill|spe|1\n|-sideend|p2: Zochitl|Stealth Rock|[from] move: Rapid Spin|[of] p2a: Excadrill\n|\n|upkeep\n|turn|4\n|inactive|Zochitl has 120 seconds left.\n|\n|t:|1732962890\n|switch|p2a: Giratina|Giratina, L75|349/349\n|-ability|p2a: Giratina|Pressure\n|move|p1a: Flamigo|Close Combat|p2a: Giratina\n|-damage|p2a: Giratina|234/349\n|-unboost|p1a: Flamigo|def|1\n|-unboost|p1a: Flamigo|spd|1\n|\n|-heal|p2a: Giratina|255/349|[from] item: Leftovers\n|upkeep\n|turn|5\n|inactive|Zochitl has 120 seconds left.\n|\n|t:|1732962906\n|switch|p1a: Palafin|Palafin, L77, M|281/281\n|move|p2a: Giratina|Dragon Pulse|p1a: Palafin\n|-damage|p1a: Palafin|182/281\n|\n|-heal|p1a: Palafin|199/281|[from] item: Leftovers\n|-heal|p2a: Giratina|276/349|[from] item: Leftovers\n|upkeep\n|turn|6\n|inactive|Zochitl has 120 seconds left.\n|inactive|Beanatron has 120 seconds left.\n|\n|t:|1732962931\n|detailschange|p1a: Palafin|Palafin-Hero, L77, M\n|switch|p1a: Phione|Phione, L91|293/293\n|move|p2a: Giratina|Calm Mind|p2a: Giratina\n|-boost|p2a: Giratina|spa|1\n|-boost|p2a: Giratina|spd|1\n|\n|-heal|p2a: Giratina|297/349|[from] item: Leftovers\n|upkeep\n|turn|7\n|inactive|Beanatron has 120 seconds left.\n|\n|t:|1732962943\n|move|p1a: Phione|Take Heart|p1a: Phione\n|-boost|p1a: Phione|spa|1\n|-boost|p1a: Phione|spd|1\n|move|p2a: Giratina|Calm Mind|p2a: Giratina\n|-boost|p2a: Giratina|spa|1\n|-boost|p2a: Giratina|spd|1\n|\n|-heal|p2a: Giratina|318/349|[from] item: Leftovers\n|upkeep\n|turn|8\n|inactive|Zochitl has 120 seconds left.\n|\n|t:|1732962953\n|move|p1a: Phione|Take Heart|p1a: Phione\n|-boost|p1a: Phione|spa|1\n|-boost|p1a: Phione|spd|1\n|move|p2a: Giratina|Calm Mind|p2a: Giratina\n|-boost|p2a: Giratina|spa|1\n|-boost|p2a: Giratina|spd|1\n|\n|-heal|p2a: Giratina|339/349|[from] item: Leftovers\n|upkeep\n|turn|9\n|inactive|Zochitl has 120 seconds left.\n|\n|t:|1732962967\n|move|p1a: Phione|Take Heart|p1a: Phione\n|-boost|p1a: Phione|spa|1\n|-boost|p1a: Phione|spd|1\n|move|p2a: Giratina|Calm Mind|p2a: Giratina\n|-boost|p2a: Giratina|spa|1\n|-boost|p2a: Giratina|spd|1\n|\n|-heal|p2a: Giratina|349/349|[from] item: Leftovers\n|upkeep\n|turn|10\n|\n|t:|1732962974\n|move|p1a: Phione|Take Heart|p1a: Phione\n|-boost|p1a: Phione|spa|1\n|-boost|p1a: Phione|spd|1\n|move|p2a: Giratina|Calm Mind|p2a: Giratina\n|-boost|p2a: Giratina|spa|1\n|-boost|p2a: Giratina|spd|1\n|\n|upkeep\n|turn|11\n|\n|t:|1732962980\n|move|p1a: Phione|Take Heart|p1a: Phione\n|-boost|p1a: Phione|spa|1\n|-boost|p1a: Phione|spd|1\n|move|p2a: Giratina|Calm Mind|p2a: Giratina\n|-boost|p2a: Giratina|spa|1\n|-boost|p2a: Giratina|spd|1\n|\n|upkeep\n|turn|12\n|\n|t:|1732962987\n|move|p1a: Phione|Take Heart|p1a: Phione\n|-boost|p1a: Phione|spa|1\n|-boost|p1a: Phione|spd|1\n|move|p2a: Giratina|Dragon Pulse|p1a: Phione\n|-damage|p1a: Phione|217/293\n|\n|-heal|p1a: Phione|235/293|[from] item: Leftovers\n|upkeep\n|turn|13\n|\n|t:|1732962996\n|move|p1a: Phione|Ice Beam|p2a: Giratina\n|-supereffective|p2a: Giratina\n|-damage|p2a: Giratina|229/349\n|move|p2a: Giratina|Dragon Pulse|p1a: Phione\n|-damage|p1a: Phione|156/293\n|\n|-heal|p1a: Phione|174/293|[from] item: Leftovers\n|-heal|p2a: Giratina|250/349|[from] item: Leftovers\n|upkeep\n|turn|14\n|\n|t:|1732963006\n|move|p1a: Phione|Ice Beam|p2a: Giratina\n|-supereffective|p2a: Giratina\n|-damage|p2a: Giratina|130/349\n|move|p2a: Giratina|Dragon Pulse|p1a: Phione\n|-damage|p1a: Phione|96/293\n|\n|-heal|p1a: Phione|114/293|[from] item: Leftovers\n|-heal|p2a: Giratina|151/349|[from] item: Leftovers\n|upkeep\n|turn|15\n|\n|t:|1732963016\n|move|p1a: Phione|Ice Beam|p2a: Giratina\n|-supereffective|p2a: Giratina\n|-damage|p2a: Giratina|45/349\n|move|p2a: Giratina|Dragon Pulse|p1a: Phione\n|-damage|p1a: Phione|36/293\n|\n|-heal|p1a: Phione|54/293|[from] item: Leftovers\n|-heal|p2a: Giratina|66/349|[from] item: Leftovers\n|upkeep\n|turn|16\n|\n|t:|1732963026\n|move|p1a: Phione|Ice Beam|p2a: Giratina\n|-supereffective|p2a: Giratina\n|-damage|p2a: Giratina|0 fnt\n|faint|p2a: Giratina\n|\n|-heal|p1a: Phione|72/293|[from] item: Leftovers\n|upkeep\n|inactive|Zochitl has 120 seconds left.\n|\n|t:|1732963075\n|switch|p2a: Excadrill|Excadrill, L80, M|307/307\n|-ability|p2a: Excadrill|Mold Breaker\n|turn|17\n|\n|t:|1732963086\n|-terastallize|p2a: Excadrill|Grass\n|move|p1a: Phione|Ice Beam|p2a: Excadrill\n|-supereffective|p2a: Excadrill\n|-damage|p2a: Excadrill|0 fnt\n|faint|p2a: Excadrill\n|\n|-heal|p1a: Phione|90/293|[from] item: Leftovers\n|upkeep\n|-message|Zochitl forfeited.\n|\n|win|Beanatron\n|raw|Beanatron's rating: 1140 &rarr; <strong>1164</strong><br />(+24 for winning)\n|raw|Zochitl's rating: 1123 &rarr; <strong>1099</strong><br />(-24 for losing)\n|l|\u2606Zochitl\n|player|p2|\n", "inputlog": ">version b107d77f5c90bd6555267ae244a6264823309ead\n>start {\"formatid\":\"gen9randombattle\",\"seed\":[45253,29600,11202,50556],\"rated\":\"Rated battle\"}\n>player p1 {\"name\":\"Beanatron\",\"avatar\":\"266\",\"rating\":1140,\"seed\":[8322,3251,53943,32162]}\n>player p2 {\"name\":\"Zochitl\",\"avatar\":\"169\",\"rating\":1097,\"seed\":[11995,5176,29671,52148]}\n>p1 switch 2\n>p2 move thunderwave\n>p1 move stealthrock\n>p2 switch 6\n>p1 switch 5\n>p2 move rapidspin\n>p1 move closecombat\n>p2 switch 4\n>p1 switch 3\n>p2 move dragonpulse\n>p1 switch 6\n>p2 move calmmind\n>p1 move takeheart\n>p2 move calmmind\n>p1 move takeheart\n>p2 move calmmind\n>p1 move takeheart\n>p2 move calmmind\n>p1 move takeheart\n>p2 move calmmind\n>p1 move takeheart\n>p2 move calmmind\n>p1 move takeheart\n>p2 move dragonpulse\n>p1 move icebeam\n>p2 move dragonpulse\n>p1 move icebeam\n>p2 move dragonpulse\n>p1 move icebeam\n>p2 move dragonpulse\n>p1 move icebeam\n>p2 move dragonpulse\n>p2 switch 4\n>p1 move icebeam\n>p2 move rapidspin terastallize\n>forcelose p2", "uploadtime": 1732963097, "views": 9, "formatid": "gen9randombattle", "rating": 1099, "private": 0, "password": null}