{"id": "gen9randombattle-2253803597", "format": "[Gen 9] Random Battle", "players": ["Lolandpoo", "PoHeimo"], "log": "|j|\u2606Lolandpoo\n|j|\u203dPoHeimo\n|t:|1732940690\n|gametype|singles\n|player|p1|Lolandpoo|169|1710\n|player|p2|PoHeimo|pokemaniac|1645\n|teamsize|p1|6\n|teamsize|p2|6\n|gen|9\n|tier|[Gen 9] Random Battle\n|rated|\n|rule|Species Clause: Limit one of each Pok\u00e9mon\n|rule|HP Percentage Mod: HP is shown in percentages\n|rule|Sleep Clause Mod: Limit one foe put to sleep\n|rule|Illusion Level Mod: Illusion disguises the Pok\u00e9mon's true level\n|\n|t:|1732940690\n|start\n|switch|p1a: Chesnaught|Chesnaught, L84, M|285/285\n|switch|p2a: Politoed|Politoed, L88, F|302/302\n|-weather|RainDance|[from] ability: Drizzle|[of] p2a: Politoed\n|turn|1\n|inactive|Battle timer is ON: inactive players will automatically lose when time's up. (requested by Lolandpoo)\n|inactive|PoHeimo has 120 seconds left.\n|\n|t:|1732940767\n|move|p2a: Politoed|Ice Beam|p1a: Chesnaught\n|-supereffective|p1a: Chesnaught\n|-damage|p1a: Chesnaught|125/285\n|move|p1a: Chesnaught|Trailblaze|p2a: Politoed\n|-supereffective|p2a: Politoed\n|-crit|p2a: Politoed\n|-damage|p2a: Politoed|122/302\n|-boost|p1a: Chesnaught|spe|1\n|\n|-weather|RainDance|[upkeep]\n|-heal|p1a: Chesnaught|142/285|[from] item: Leftovers\n|upkeep\n|turn|2\n|\n|t:|1732940777\n|move|p1a: Chesnaught|Trailblaze|p2a: Politoed\n|-supereffective|p2a: Politoed\n|-damage|p2a: Politoed|0 fnt\n|-boost|p1a: Chesnaught|spe|1\n|faint|p2a: Politoed\n|\n|-weather|RainDance|[upkeep]\n|-heal|p1a: Chesnaught|159/285|[from] item: Leftovers\n|upkeep\n|\n|t:|1732940784\n|switch|p2a: Squawkabilly|Squawkabilly-White, L89, M|291/291\n|turn|3\n|\n|t:|1732940807\n|-terastallize|p1a: Chesnaught|Steel\n|move|p1a: Chesnaught|Iron Defense|p1a: Chesnaught\n|-boost|p1a: Chesnaught|def|2\n|move|p2a: Squawkabilly|Brave Bird|p1a: Chesnaught\n|-resisted|p1a: Chesnaught\n|-damage|p1a: Chesnaught|100/285\n|-damage|p2a: Squawkabilly|272/291|[from] Recoil\n|\n|-weather|RainDance|[upkeep]\n|-heal|p1a: Chesnaught|117/285|[from] item: Leftovers\n|upkeep\n|turn|4\n|inactive|PoHeimo has 120 seconds left.\n|\n|t:|1732940849\n|switch|p2a: Coalossal|Coalossal, L89, F|341/341\n|move|p1a: Chesnaught|Synthesis|p1a: Chesnaught\n|-heal|p1a: Chesnaught|188/285\n|\n|-weather|RainDance|[upkeep]\n|-heal|p1a: Chesnaught|205/285|[from] item: Leftovers\n|upkeep\n|turn|5\n|\n|t:|1732940858\n|switch|p2a: Squawkabilly|Squawkabilly-White, L89, M|272/291\n|move|p1a: Chesnaught|Body Press|p2a: Squawkabilly\n|-damage|p2a: Squawkabilly|8/291\n|\n|-weather|none\n|-heal|p1a: Chesnaught|222/285|[from] item: Leftovers\n|upkeep\n|turn|6\n|\n|t:|1732940862\n|move|p1a: Chesnaught|Body Press|p2a: Squawkabilly\n|-damage|p2a: Squawkabilly|0 fnt\n|faint|p2a: Squawkabilly\n|\n|-heal|p1a: Chesnaught|239/285|[from] item: Leftovers\n|upkeep\n|\n|t:|1732940864\n|switch|p2a: Coalossal|Coalossal, L89, F|341/341\n|turn|7\n|\n|t:|1732940875\n|move|p1a: Chesnaught|Body Press|p2a: Coalossal\n|-supereffective|p2a: Coalossal\n|-damage|p2a: Coalossal|63/341\n|-status|p1a: Chesnaught|brn|[from] ability: Flame Body|[of] p2a: Coalossal\n|move|p2a: Coalossal|Flamethrower|p1a: Chesnaught\n|-supereffective|p1a: Chesnaught\n|-damage|p1a: Chesnaught|47/285 brn\n|\n|-heal|p1a: Chesnaught|64/285 brn|[from] item: Leftovers\n|-damage|p1a: Chesnaught|47/285 brn|[from] brn\n|upkeep\n|turn|8\n|\n|t:|1732940882\n|move|p1a: Chesnaught|Body Press|p2a: Coalossal\n|-supereffective|p2a: Coalossal\n|-damage|p2a: Coalossal|0 fnt\n|faint|p2a: Coalossal\n|\n|-heal|p1a: Chesnaught|64/285 brn|[from] item: Leftovers\n|-damage|p1a: Chesnaught|47/285 brn|[from] brn\n|upkeep\n|\n|t:|1732940887\n|switch|p2a: Ariados|Ariados, L95, F|287/287\n|turn|9\n|\n|t:|1732940891\n|move|p1a: Chesnaught|Synthesis|p1a: Chesnaught\n|-heal|p1a: Chesnaught|189/285 brn\n|move|p2a: Ariados|Sticky Web|p1a: Chesnaught\n|-sidestart|p1: Lolandpoo|move: Sticky Web\n|\n|-heal|p1a: Chesnaught|206/285 brn|[from] item: Leftovers\n|-damage|p1a: Chesnaught|189/285 brn|[from] brn\n|upkeep\n|turn|10\n|\n|t:|1732940896\n|move|p1a: Chesnaught|Iron Defense|p1a: Chesnaught\n|-boost|p1a: Chesnaught|def|2\n|move|p2a: Ariados|Toxic Spikes|p1a: Chesnaught\n|-sidestart|p1: Lolandpoo|move: Toxic Spikes\n|\n|-heal|p1a: Chesnaught|206/285 brn|[from] item: Leftovers\n|-damage|p1a: Chesnaught|189/285 brn|[from] brn\n|upkeep\n|turn|11\n|\n|t:|1732940899\n|move|p1a: Chesnaught|Iron Defense|p1a: Chesnaught\n|-boost|p1a: Chesnaught|def|2\n|move|p2a: Ariados|Toxic Spikes|p1a: Chesnaught\n|-sidestart|p1: Lolandpoo|move: Toxic Spikes\n|\n|-heal|p1a: Chesnaught|206/285 brn|[from] item: Leftovers\n|-damage|p1a: Chesnaught|189/285 brn|[from] brn\n|upkeep\n|turn|12\n|\n|t:|1732940921\n|-terastallize|p2a: Ariados|Ghost\n|move|p1a: Chesnaught|Synthesis|p1a: Chesnaught\n|-heal|p1a: Chesnaught|285/285 brn\n|move|p2a: Ariados|Megahorn|p1a: Chesnaught\n|-resisted|p1a: Chesnaught\n|-damage|p1a: Chesnaught|270/285 brn\n|\n|-heal|p1a: Chesnaught|285/285 brn|[from] item: Leftovers\n|-damage|p1a: Chesnaught|268/285 brn|[from] brn\n|upkeep\n|turn|13\n|\n|t:|1732940927\n|move|p1a: Chesnaught|Trailblaze|p2a: Ariados\n|-crit|p2a: Ariados\n|-damage|p2a: Ariados|244/287\n|-boost|p1a: Chesnaught|spe|1\n|move|p2a: Ariados|Megahorn|p1a: Chesnaught\n|-resisted|p1a: Chesnaught\n|-damage|p1a: Chesnaught|254/285 brn\n|\n|-heal|p1a: Chesnaught|271/285 brn|[from] item: Leftovers\n|-damage|p1a: Chesnaught|254/285 brn|[from] brn\n|upkeep\n|turn|14\n|\n|t:|1732940933\n|move|p1a: Chesnaught|Trailblaze|p2a: Ariados\n|-damage|p2a: Ariados|216/287\n|-boost|p1a: Chesnaught|spe|1\n|move|p2a: Ariados|Megahorn|p1a: Chesnaught\n|-resisted|p1a: Chesnaught\n|-damage|p1a: Chesnaught|239/285 brn\n|\n|-heal|p1a: Chesnaught|256/285 brn|[from] item: Leftovers\n|-damage|p1a: Chesnaught|239/285 brn|[from] brn\n|upkeep\n|turn|15\n|\n|t:|1732940942\n|move|p1a: Chesnaught|Trailblaze|p2a: Ariados\n|-damage|p2a: Ariados|186/287\n|-boost|p1a: Chesnaught|spe|1\n|move|p2a: Ariados|Megahorn|p1a: Chesnaught\n|-resisted|p1a: Chesnaught\n|-damage|p1a: Chesnaught|222/285 brn\n|\n|-heal|p1a: Chesnaught|239/285 brn|[from] item: Leftovers\n|-damage|p1a: Chesnaught|222/285 brn|[from] brn\n|upkeep\n|turn|16\n|\n|t:|1732940947\n|move|p1a: Chesnaught|Trailblaze|p2a: Ariados\n|-damage|p2a: Ariados|155/287\n|-boost|p1a: Chesnaught|spe|1\n|move|p2a: Ariados|Megahorn|p1a: Chesnaught\n|-resisted|p1a: Chesnaught\n|-damage|p1a: Chesnaught|207/285 brn\n|\n|-heal|p1a: Chesnaught|224/285 brn|[from] item: Leftovers\n|-damage|p1a: Chesnaught|207/285 brn|[from] brn\n|upkeep\n|turn|17\n|\n|t:|1732940952\n|move|p1a: Chesnaught|Trailblaze|p2a: Ariados\n|-damage|p2a: Ariados|125/287\n|move|p2a: Ariados|Megahorn|p1a: Chesnaught\n|-resisted|p1a: Chesnaught\n|-damage|p1a: Chesnaught|192/285 brn\n|\n|-heal|p1a: Chesnaught|209/285 brn|[from] item: Leftovers\n|-damage|p1a: Chesnaught|192/285 brn|[from] brn\n|upkeep\n|turn|18\n|\n|t:|1732940959\n|move|p1a: Chesnaught|Trailblaze|p2a: Ariados\n|-damage|p2a: Ariados|96/287\n|move|p2a: Ariados|Megahorn|p1a: Chesnaught\n|-resisted|p1a: Chesnaught\n|-damage|p1a: Chesnaught|177/285 brn\n|\n|-heal|p1a: Chesnaught|194/285 brn|[from] item: Leftovers\n|-damage|p1a: Chesnaught|177/285 brn|[from] brn\n|upkeep\n|turn|19\n|\n|t:|1732940962\n|move|p1a: Chesnaught|Trailblaze|p2a: Ariados\n|-damage|p2a: Ariados|65/287\n|move|p2a: Ariados|Megahorn|p1a: Chesnaught\n|-resisted|p1a: Chesnaught\n|-damage|p1a: Chesnaught|156/285 brn\n|\n|-heal|p1a: Chesnaught|173/285 brn|[from] item: Leftovers\n|-damage|p1a: Chesnaught|156/285 brn|[from] brn\n|upkeep\n|turn|20\n|\n|t:|1732940966\n|move|p1a: Chesnaught|Trailblaze|p2a: Ariados\n|-damage|p2a: Ariados|35/287\n|move|p2a: Ariados|Megahorn|p1a: Chesnaught\n|-resisted|p1a: Chesnaught\n|-damage|p1a: Chesnaught|135/285 brn\n|\n|-heal|p1a: Chesnaught|152/285 brn|[from] item: Leftovers\n|-damage|p1a: Chesnaught|135/285 brn|[from] brn\n|upkeep\n|turn|21\n|\n|t:|1732940968\n|move|p1a: Chesnaught|Synthesis|p1a: Chesnaught\n|-heal|p1a: Chesnaught|277/285 brn\n|move|p2a: Ariados|Megahorn|p1a: Chesnaught\n|-resisted|p1a: Chesnaught\n|-damage|p1a: Chesnaught|256/285 brn\n|\n|-heal|p1a: Chesnaught|273/285 brn|[from] item: Leftovers\n|-damage|p1a: Chesnaught|256/285 brn|[from] brn\n|upkeep\n|turn|22\n|\n|t:|1732940970\n|move|p1a: Chesnaught|Trailblaze|p2a: Ariados\n|-damage|p2a: Ariados|2/287\n|move|p2a: Ariados|Megahorn|p1a: Chesnaught\n|-resisted|p1a: Chesnaught\n|-damage|p1a: Chesnaught|235/285 brn\n|\n|-heal|p1a: Chesnaught|252/285 brn|[from] item: Leftovers\n|-damage|p1a: Chesnaught|235/285 brn|[from] brn\n|upkeep\n|turn|23\n|\n|t:|1732940973\n|move|p1a: Chesnaught|Trailblaze|p2a: Ariados\n|-damage|p2a: Ariados|0 fnt\n|faint|p2a: Ariados\n|\n|-heal|p1a: Chesnaught|252/285 brn|[from] item: Leftovers\n|-damage|p1a: Chesnaught|235/285 brn|[from] brn\n|upkeep\n|\n|t:|1732940975\n|switch|p2a: Chimecho|Chimecho, L94, F|293/293\n|turn|24\n|\n|t:|1732940980\n|move|p1a: Chesnaught|Body Press|p2a: Chimecho\n|-resisted|p2a: Chimecho\n|-damage|p2a: Chimecho|193/293\n|move|p2a: Chimecho|Cosmic Power|p2a: Chimecho\n|-boost|p2a: Chimecho|def|1\n|-boost|p2a: Chimecho|spd|1\n|\n|-heal|p1a: Chesnaught|252/285 brn|[from] item: Leftovers\n|-heal|p2a: Chimecho|211/293|[from] item: Leftovers\n|-damage|p1a: Chesnaught|235/285 brn|[from] brn\n|upkeep\n|turn|25\n|\n|t:|1732940982\n|move|p1a: Chesnaught|Body Press|p2a: Chimecho\n|-resisted|p2a: Chimecho\n|-damage|p2a: Chimecho|142/293\n|move|p2a: Chimecho|Cosmic Power|p2a: Chimecho\n|-boost|p2a: Chimecho|def|1\n|-boost|p2a: Chimecho|spd|1\n|\n|-heal|p1a: Chesnaught|252/285 brn|[from] item: Leftovers\n|-heal|p2a: Chimecho|160/293|[from] item: Leftovers\n|-damage|p1a: Chesnaught|235/285 brn|[from] brn\n|upkeep\n|turn|26\n|\n|t:|1732940984\n|move|p1a: Chesnaught|Body Press|p2a: Chimecho\n|-resisted|p2a: Chimecho\n|-damage|p2a: Chimecho|114/293\n|move|p2a: Chimecho|Recover|p2a: Chimecho\n|-heal|p2a: Chimecho|261/293\n|\n|-heal|p1a: Chesnaught|252/285 brn|[from] item: Leftovers\n|-heal|p2a: Chimecho|279/293|[from] item: Leftovers\n|-damage|p1a: Chesnaught|235/285 brn|[from] brn\n|upkeep\n|turn|27\n|\n|t:|1732940988\n|move|p1a: Chesnaught|Body Press|p2a: Chimecho\n|-resisted|p2a: Chimecho\n|-damage|p2a: Chimecho|227/293\n|move|p2a: Chimecho|Cosmic Power|p2a: Chimecho\n|-boost|p2a: Chimecho|def|1\n|-boost|p2a: Chimecho|spd|1\n|\n|-heal|p1a: Chesnaught|252/285 brn|[from] item: Leftovers\n|-heal|p2a: Chimecho|245/293|[from] item: Leftovers\n|-damage|p1a: Chesnaught|235/285 brn|[from] brn\n|upkeep\n|turn|28\n|\n|t:|1732940992\n|move|p1a: Chesnaught|Body Press|p2a: Chimecho\n|-resisted|p2a: Chimecho\n|-damage|p2a: Chimecho|206/293\n|move|p2a: Chimecho|Cosmic Power|p2a: Chimecho\n|-boost|p2a: Chimecho|def|1\n|-boost|p2a: Chimecho|spd|1\n|\n|-heal|p1a: Chesnaught|252/285 brn|[from] item: Leftovers\n|-heal|p2a: Chimecho|224/293|[from] item: Leftovers\n|-damage|p1a: Chesnaught|235/285 brn|[from] brn\n|upkeep\n|turn|29\n|\n|t:|1732940994\n|move|p1a: Chesnaught|Body Press|p2a: Chimecho\n|-resisted|p2a: Chimecho\n|-damage|p2a: Chimecho|191/293\n|move|p2a: Chimecho|Recover|p2a: Chimecho\n|-heal|p2a: Chimecho|293/293\n|\n|-heal|p1a: Chesnaught|252/285 brn|[from] item: Leftovers\n|-damage|p1a: Chesnaught|235/285 brn|[from] brn\n|upkeep\n|turn|30\n|\n|t:|1732941000\n|move|p1a: Chesnaught|Trailblaze|p2a: Chimecho\n|-damage|p2a: Chimecho|284/293\n|move|p2a: Chimecho|Stored Power|p1a: Chesnaught\n|-resisted|p1a: Chesnaught\n|-damage|p1a: Chesnaught|108/285 brn\n|\n|-heal|p1a: Chesnaught|125/285 brn|[from] item: Leftovers\n|-heal|p2a: Chimecho|293/293|[from] item: Leftovers\n|-damage|p1a: Chesnaught|108/285 brn|[from] brn\n|upkeep\n|turn|31\n|\n|t:|1732941003\n|move|p1a: Chesnaught|Synthesis|p1a: Chesnaught\n|-heal|p1a: Chesnaught|250/285 brn\n|move|p2a: Chimecho|Cosmic Power|p2a: Chimecho\n|-boost|p2a: Chimecho|def|1\n|-boost|p2a: Chimecho|spd|1\n|\n|-heal|p1a: Chesnaught|267/285 brn|[from] item: Leftovers\n|-damage|p1a: Chesnaught|250/285 brn|[from] brn\n|upkeep\n|turn|32\n|\n|t:|1732941007\n|move|p1a: Chesnaught|Body Press|p2a: Chimecho\n|-resisted|p2a: Chimecho\n|-damage|p2a: Chimecho|266/293\n|move|p2a: Chimecho|Cosmic Power|p2a: Chimecho\n|-boost|p2a: Chimecho|def|1\n|-boost|p2a: Chimecho|spd|1\n|\n|-heal|p1a: Chesnaught|267/285 brn|[from] item: Leftovers\n|-heal|p2a: Chimecho|284/293|[from] item: Leftovers\n|-damage|p1a: Chesnaught|250/285 brn|[from] brn\n|upkeep\n|turn|33\n|\n|t:|1732941009\n|move|p1a: Chesnaught|Body Press|p2a: Chimecho\n|-resisted|p2a: Chimecho\n|-damage|p2a: Chimecho|259/293\n|move|p2a: Chimecho|Stored Power|p1a: Chesnaught\n|-resisted|p1a: Chesnaught\n|-damage|p1a: Chesnaught|46/285 brn\n|\n|-heal|p1a: Chesnaught|63/285 brn|[from] item: Leftovers\n|-heal|p2a: Chimecho|277/293|[from] item: Leftovers\n|-damage|p1a: Chesnaught|46/285 brn|[from] brn\n|upkeep\n|turn|34\n|\n|t:|1732941011\n|move|p1a: Chesnaught|Body Press|p2a: Chimecho\n|-resisted|p2a: Chimecho\n|-damage|p2a: Chimecho|254/293\n|move|p2a: Chimecho|Stored Power|p1a: Chesnaught\n|-resisted|p1a: Chesnaught\n|-damage|p1a: Chesnaught|0 fnt\n|faint|p1a: Chesnaught\n|\n|-heal|p2a: Chimecho|272/293|[from] item: Leftovers\n|upkeep\n|\n|t:|1732941022\n|switch|p1a: Tauros|Tauros, L82, M|257/257\n|-activate|p1a: Tauros|move: Sticky Web\n|-unboost|p1a: Tauros|spe|1\n|-status|p1a: Tauros|tox\n|turn|35\n|\n|t:|1732941025\n|move|p2a: Chimecho|Stored Power|p1a: Tauros\n|-damage|p1a: Tauros|0 fnt\n|faint|p1a: Tauros\n|\n|-heal|p2a: Chimecho|290/293|[from] item: Leftovers\n|upkeep\n|-message|Lolandpoo forfeited.\n|\n|win|PoHeimo\n|raw|Lolandpoo's rating: 1710 &rarr; <strong>1686</strong><br />(-24 for losing)\n|raw|PoHeimo's rating: 1645 &rarr; <strong>1669</strong><br />(+24 for winning)\n|l|\u2606Lolandpoo\n|player|p1|\n", "inputlog": ">version b107d77f5c90bd6555267ae244a6264823309ead\n>start {\"formatid\":\"gen9randombattle\",\"seed\":[19458,51261,62495,50690],\"rated\":\"Rated battle\"}\n>player p1 {\"name\":\"Lolandpoo\",\"avatar\":\"169\",\"rating\":1710,\"seed\":[43421,62481,23524,36418]}\n>player p2 {\"name\":\"PoHeimo\",\"avatar\":\"pokemaniac\",\"rating\":1645,\"seed\":[47821,2868,4456,41781]}\n>p1 move trailblaze\n>p2 move icebeam\n>p1 move trailblaze\n>p2 move icebeam\n>p2 switch 3\n>p1 move irondefense terastallize\n>p2 move bravebird\n>p1 move synthesis\n>p2 switch 5\n>p1 move bodypress\n>p2 switch 5\n>p1 move bodypress\n>p2 move doubleedge\n>p2 switch 5\n>p1 move bodypress\n>p2 move flamethrower\n>p1 move bodypress\n>p2 move flamethrower\n>p2 switch 2\n>p1 move synthesis\n>p2 move stickyweb\n>p1 move irondefense\n>p2 move toxicspikes\n>p1 move irondefense\n>p2 move toxicspikes\n>p1 move synthesis\n>p2 move megahorn terastallize\n>p1 move trailblaze\n>p2 move megahorn\n>p1 move trailblaze\n>p2 move megahorn\n>p1 move trailblaze\n>p2 move megahorn\n>p1 move trailblaze\n>p2 move megahorn\n>p1 move trailblaze\n>p2 move megahorn\n>p1 move trailblaze\n>p2 move megahorn\n>p1 move trailblaze\n>p2 move megahorn\n>p1 move trailblaze\n>p2 move megahorn\n>p1 move synthesis\n>p2 move megahorn\n>p1 move trailblaze\n>p2 move megahorn\n>p1 move trailblaze\n>p2 move megahorn\n>p2 switch 6\n>p1 move bodypress\n>p2 move cosmicpower\n>p1 move bodypress\n>p2 move cosmicpower\n>p1 move bodypress\n>p2 move recover\n>p1 move bodypress\n>p2 move cosmicpower\n>p1 move bodypress\n>p2 move cosmicpower\n>p1 move bodypress\n>p2 move recover\n>p1 move trailblaze\n>p2 move storedpower\n>p1 move synthesis\n>p2 move cosmicpower\n>p1 move bodypress\n>p2 move cosmicpower\n>p1 move bodypress\n>p2 move storedpower\n>p1 move bodypress\n>p2 move storedpower\n>p1 switch 6\n>p1 move bodyslam\n>p2 move storedpower\n>forcelose p1", "uploadtime": 1732941032, "views": 18, "formatid": "gen9randombattle", "rating": 1669, "private": 0, "password": null}