{"id": "gen9randombattle-2254051542", "format": "[Gen 9] Random Battle", "players": ["SunsunLaAsesinaa", "ScarecrowPhobia"], "log": "|j|\u2606SunsunLaAsesinaa\n|j|\u2606ScarecrowPhobia\n|t:|1732985150\n|gametype|singles\n|player|p1|SunsunLaAsesinaa|iris-gen5bw2|1409\n|player|p2|ScarecrowPhobia|ghetsis|1402\n|teamsize|p1|6\n|teamsize|p2|6\n|gen|9\n|tier|[Gen 9] Random Battle\n|rated|\n|rule|Species Clause: Limit one of each Pok\u00e9mon\n|rule|HP Percentage Mod: HP is shown in percentages\n|rule|Sleep Clause Mod: Limit one foe put to sleep\n|rule|Illusion Level Mod: Illusion disguises the Pok\u00e9mon's true level\n|\n|t:|1732985150\n|start\n|switch|p1a: Gurdurr|Gurdurr, L85, F|283/283\n|switch|p2a: Sableye|Sableye, L90, M|236/236\n|turn|1\n|inactive|Battle timer is ON: inactive players will automatically lose when time's up. (requested by ScarecrowPhobia)\n|inactive|SunsunLaAsesinaa has 120 seconds left.\n|\n|t:|1732985185\n|move|p2a: Sableye|Knock Off|p1a: Gurdurr\n|-resisted|p1a: Gurdurr\n|-damage|p1a: Gurdurr|247/283\n|-enditem|p1a: Gurdurr|Eviolite|[from] move: Knock Off|[of] p2a: Sableye\n|move|p1a: Gurdurr|Knock Off|p2a: Sableye\n|-damage|p2a: Sableye|160/236\n|-enditem|p2a: Sableye|Leftovers|[from] move: Knock Off|[of] p1a: Gurdurr\n|\n|upkeep\n|turn|2\n|\n|t:|1732985200\n|switch|p2a: Vileplume|Vileplume, L86, F|269/269\n|move|p1a: Gurdurr|Bulk Up|p1a: Gurdurr\n|-boost|p1a: Gurdurr|atk|1\n|-boost|p1a: Gurdurr|def|1\n|\n|upkeep\n|turn|3\n|inactive|SunsunLaAsesinaa has 120 seconds left.\n|\n|t:|1732985230\n|move|p2a: Vileplume|Sleep Powder|p1a: Gurdurr\n|-status|p1a: Gurdurr|slp|[from] move: Sleep Powder\n|cant|p1a: Gurdurr|slp\n|\n|upkeep\n|turn|4\n|\n|t:|1732985238\n|move|p2a: Vileplume|Strength Sap|p1a: Gurdurr\n|-unboost|p1a: Gurdurr|atk|1\n|cant|p1a: Gurdurr|slp\n|\n|upkeep\n|turn|5\n|\n|t:|1732985244\n|move|p2a: Vileplume|Strength Sap|p1a: Gurdurr\n|-unboost|p1a: Gurdurr|atk|1\n|-curestatus|p1a: Gurdurr|slp|[msg]\n|move|p1a: Gurdurr|Knock Off|p2a: Vileplume\n|-damage|p2a: Vileplume|219/269\n|-enditem|p2a: Vileplume|Leftovers|[from] move: Knock Off|[of] p1a: Gurdurr\n|\n|upkeep\n|turn|6\n|\n|t:|1732985261\n|switch|p1a: Grimmsnarl|Grimmsnarl, L83, M|293/293\n|move|p2a: Vileplume|Sleep Powder|p1a: Grimmsnarl\n|-status|p1a: Grimmsnarl|slp|[from] move: Sleep Powder\n|\n|upkeep\n|turn|7\n|\n|t:|1732985270\n|cant|p1a: Grimmsnarl|slp\n|move|p2a: Vileplume|Sludge Bomb|p1a: Grimmsnarl\n|-supereffective|p1a: Grimmsnarl\n|-damage|p1a: Grimmsnarl|21/293 slp\n|\n|upkeep\n|turn|8\n|\n|t:|1732985275\n|-curestatus|p1a: Grimmsnarl|slp|[msg]\n|move|p1a: Grimmsnarl|Light Screen|p1a: Grimmsnarl\n|-sidestart|p1: SunsunLaAsesinaa|move: Light Screen\n|move|p2a: Vileplume|Giga Drain|p1a: Grimmsnarl\n|-damage|p1a: Grimmsnarl|0 fnt\n|-heal|p2a: Vileplume|230/269|[from] drain|[of] p1a: Grimmsnarl\n|faint|p1a: Grimmsnarl\n|\n|upkeep\n|\n|t:|1732985283\n|switch|p1a: Magcargo|Magcargo, L95, M|268/268\n|turn|9\n|\n|t:|1732985287\n|move|p2a: Vileplume|Sleep Powder|p1a: Magcargo\n|-status|p1a: Magcargo|slp|[from] move: Sleep Powder\n|cant|p1a: Magcargo|slp\n|\n|upkeep\n|turn|10\n|\n|t:|1732985300\n|switch|p2a: Pelipper|Pelipper, L86, M|243/243\n|-weather|RainDance|[from] ability: Drizzle|[of] p2a: Pelipper\n|-curestatus|p1a: Magcargo|slp|[msg]\n|move|p1a: Magcargo|Shell Smash|p1a: Magcargo\n|-unboost|p1a: Magcargo|def|1\n|-unboost|p1a: Magcargo|spd|1\n|-boost|p1a: Magcargo|atk|2\n|-boost|p1a: Magcargo|spa|2\n|-boost|p1a: Magcargo|spe|2\n|\n|-weather|RainDance|[upkeep]\n|upkeep\n|turn|11\n|\n|t:|1732985311\n|-terastallize|p1a: Magcargo|Dragon\n|move|p1a: Magcargo|Power Gem|p2a: Pelipper\n|-supereffective|p2a: Pelipper\n|-damage|p2a: Pelipper|0 fnt\n|faint|p2a: Pelipper\n|\n|-weather|RainDance|[upkeep]\n|upkeep\n|\n|t:|1732985318\n|switch|p2a: Sableye|Sableye, L90, M|160/236\n|turn|12\n|inactive|SunsunLaAsesinaa has 120 seconds left.\n|\n|t:|1732985367\n|move|p2a: Sableye|Thunder Wave|p1a: Magcargo\n|-status|p1a: Magcargo|par\n|move|p1a: Magcargo|Earth Power|p2a: Sableye\n|-damage|p2a: Sableye|0 fnt\n|faint|p2a: Sableye\n|\n|-weather|RainDance|[upkeep]\n|upkeep\n|\n|t:|1732985388\n|switch|p2a: Vileplume|Vileplume, L86, F|230/269\n|turn|13\n|\n|t:|1732985395\n|move|p2a: Vileplume|Sludge Bomb|p1a: Magcargo\n|-damage|p1a: Magcargo|188/268 par\n|cant|p1a: Magcargo|par\n|\n|-weather|RainDance|[upkeep]\n|upkeep\n|turn|14\n|\n|t:|1732985402\n|move|p2a: Vileplume|Sludge Bomb|p1a: Magcargo\n|-damage|p1a: Magcargo|103/268 par\n|move|p1a: Magcargo|Earth Power|p2a: Vileplume\n|-crit|p2a: Vileplume\n|-damage|p2a: Vileplume|24/269\n|\n|-weather|none\n|upkeep\n|turn|15\n|inactive|SunsunLaAsesinaa has 120 seconds left.\n|\n|t:|1732985432\n|move|p2a: Vileplume|Strength Sap|p1a: Magcargo\n|-unboost|p1a: Magcargo|atk|1\n|-heal|p2a: Vileplume|224/269\n|move|p1a: Magcargo|Earth Power|p2a: Vileplume\n|-damage|p2a: Vileplume|72/269\n|\n|-sideend|p1: SunsunLaAsesinaa|move: Light Screen\n|upkeep\n|turn|16\n|inactive|SunsunLaAsesinaa has 120 seconds left.\n|\n|t:|1732985440\n|move|p2a: Vileplume|Strength Sap|p1a: Magcargo\n|-unboost|p1a: Magcargo|atk|1\n|-heal|p2a: Vileplume|222/269\n|move|p1a: Magcargo|Earth Power|p2a: Vileplume\n|-damage|p2a: Vileplume|78/269\n|\n|upkeep\n|turn|17\n|\n|t:|1732985447\n|move|p2a: Vileplume|Sludge Bomb|p1a: Magcargo\n|-damage|p1a: Magcargo|0 fnt\n|faint|p1a: Magcargo\n|\n|upkeep\n|\n|t:|1732985454\n|switch|p1a: Houndstone|Houndstone, L86, F|264/264\n|turn|18\n|\n|t:|1732985461\n|move|p1a: Houndstone|Body Press|p2a: Vileplume\n|-resisted|p2a: Vileplume\n|-damage|p2a: Vileplume|47/269\n|move|p2a: Vileplume|Strength Sap|p1a: Houndstone\n|-unboost|p1a: Houndstone|atk|1\n|-heal|p2a: Vileplume|269/269\n|\n|upkeep\n|turn|19\n|\n|t:|1732985472\n|switch|p1a: Gurdurr|Gurdurr, L85, F|247/283\n|move|p2a: Vileplume|Sleep Powder|p1a: Gurdurr\n|-status|p1a: Gurdurr|slp|[from] move: Sleep Powder\n|\n|upkeep\n|turn|20\n|\n|t:|1732985479\n|move|p2a: Vileplume|Sludge Bomb|p1a: Gurdurr\n|-damage|p1a: Gurdurr|76/283 slp\n|cant|p1a: Gurdurr|slp\n|\n|upkeep\n|turn|21\n|\n|t:|1732985483\n|move|p2a: Vileplume|Giga Drain|p1a: Gurdurr\n|-damage|p1a: Gurdurr|0 fnt\n|faint|p1a: Gurdurr\n|\n|upkeep\n|\n|t:|1732985491\n|switch|p1a: Dipplin|Dipplin, L88, M|284/284\n|turn|22\n|\n|t:|1732985497\n|move|p2a: Vileplume|Sludge Bomb|p1a: Dipplin\n|-supereffective|p1a: Dipplin\n|-damage|p1a: Dipplin|144/284\n|-status|p1a: Dipplin|psn\n|move|p1a: Dipplin|Dragon Tail|p2a: Vileplume\n|-damage|p2a: Vileplume|203/269\n|drag|p2a: Hypno|Hypno, L95, M|315/315\n|\n|-damage|p1a: Dipplin|109/284 psn|[from] psn\n|upkeep\n|turn|23\n|\n|t:|1732985513\n|move|p2a: Hypno|Psychic Noise|p1a: Dipplin\n|-damage|p1a: Dipplin|46/284 psn\n|-start|p1a: Dipplin|move: Heal Block\n|cant|p1a: Dipplin|move: Heal Block|Recover\n|\n|-damage|p1a: Dipplin|11/284 psn|[from] psn\n|upkeep\n|turn|24\n|\n|t:|1732985522\n|move|p2a: Hypno|Psychic Noise|p1a: Dipplin\n|-damage|p1a: Dipplin|0 fnt\n|faint|p1a: Dipplin\n|\n|upkeep\n|\n|t:|1732985525\n|switch|p1a: Houndstone|Houndstone, L86, F|264/264\n|turn|25\n|\n|t:|1732985530\n|switch|p2a: Vileplume|Vileplume, L86, F|203/269\n|move|p1a: Houndstone|Poltergeist||[still]\n|-fail|p1a: Houndstone\n|\n|upkeep\n|turn|26\n|\n|t:|1732985538\n|move|p1a: Houndstone|Body Press|p2a: Vileplume\n|-resisted|p2a: Vileplume\n|-damage|p2a: Vileplume|174/269\n|-status|p1a: Houndstone|psn|[from] ability: Effect Spore|[of] p2a: Vileplume\n|move|p2a: Vileplume|Sleep Powder||[still]\n|-fail|p2a: Vileplume\n|\n|-damage|p1a: Houndstone|231/264 psn|[from] psn\n|upkeep\n|turn|27\n|\n|t:|1732985546\n|move|p1a: Houndstone|Body Press|p2a: Vileplume\n|-resisted|p2a: Vileplume\n|-damage|p2a: Vileplume|145/269\n|move|p2a: Vileplume|Strength Sap|p1a: Houndstone\n|-unboost|p1a: Houndstone|atk|1\n|-heal|p2a: Vileplume|269/269\n|\n|-heal|p1a: Houndstone|247/264 psn|[from] item: Leftovers\n|-damage|p1a: Houndstone|214/264 psn|[from] psn\n|upkeep\n|turn|28\n|l|\u2606SunsunLaAsesinaa\n|inactive|SunsunLaAsesinaa disconnected and has a minute to reconnect!\n|player|p1|\n|c|\u2606ScarecrowPhobia|Lmfaooooooooooooooooooooo\n|inactive|SunsunLaAsesinaa has 30 seconds to reconnect!\n|inactive|SunsunLaAsesinaa has 20 seconds to reconnect!\n|inactive|SunsunLaAsesinaa has 15 seconds to reconnect!\n|inactive|SunsunLaAsesinaa has 10 seconds to reconnect!\n|inactive|SunsunLaAsesinaa has 5 seconds to reconnect!\n|-message|SunsunLaAsesinaa lost due to inactivity.\n|\n|win|ScarecrowPhobia\n|raw|SunsunLaAsesinaa's rating: 1409 &rarr; <strong>1389</strong><br />(-20 for losing)\n|raw|ScarecrowPhobia's rating: 1402 &rarr; <strong>1422</strong><br />(+20 for winning)\n", "inputlog": ">version b107d77f5c90bd6555267ae244a6264823309ead\n>start {\"formatid\":\"gen9randombattle\",\"seed\":[35573,16444,16073,54969],\"rated\":\"Rated battle\"}\n>player p1 {\"name\":\"SunsunLaAsesinaa\",\"avatar\":\"iris-gen5bw2\",\"rating\":1409,\"seed\":[5968,20119,6310,55407]}\n>player p2 {\"name\":\"ScarecrowPhobia\",\"avatar\":\"ghetsis\",\"rating\":1402,\"seed\":[62744,32434,47821,43067]}\n>p1 move knockoff\n>p2 move knockoff\n>p1 move bulkup\n>p2 switch 3\n>p1 move knockoff\n>p2 move sleeppowder\n>p1 move knockoff\n>p2 move strengthsap\n>p1 move knockoff\n>p2 move strengthsap\n>p1 switch 3\n>p2 move sleeppowder\n>p1 move lightscreen\n>p2 move sludgebomb\n>p1 move lightscreen\n>p2 move gigadrain\n>p1 switch 2\n>p1 move shellsmash\n>p2 move sleeppowder\n>p1 move shellsmash\n>p2 switch 4\n>p1 move powergem terastallize\n>p2 move weatherball\n>p2 switch 3\n>p1 move earthpower\n>p2 move thunderwave\n>p2 switch 4\n>p1 move earthpower\n>p2 move sludgebomb\n>p1 move earthpower\n>p2 move sludgebomb\n>p1 move earthpower\n>p2 move strengthsap\n>p1 move earthpower\n>p2 move strengthsap\n>p1 move earthpower\n>p2 move sludgebomb\n>p1 switch 6\n>p1 move bodypress\n>p2 move strengthsap\n>p1 switch 3\n>p2 move sleeppowder\n>p1 move drainpunch\n>p2 move sludgebomb\n>p1 move drainpunch\n>p2 move gigadrain\n>p1 switch 5\n>p1 move dragontail\n>p2 move sludgebomb\n>p1 move recover\n>p2 move psychicnoise\n>p1 move dragonpulse\n>p2 move psychicnoise\n>p1 switch 3\n>p1 move poltergeist\n>p2 switch 6\n>p1 move bodypress\n>p2 move sleeppowder\n>p1 move bodypress\n>p2 move strengthsap\n>chat \u2606ScarecrowPhobia|Lmfaooooooooooooooooooooo\n>forcelose p1", "uploadtime": 1732985624, "views": 9, "formatid": "gen9randombattle", "rating": 1389, "private": 0, "password": null}