{"id": "gen9randombattle-2253933002", "format": "[Gen 9] Random Battle", "players": ["Ggs1237", "Vitoran"], "log": "|j|\u2606Ggs1237\n|j|\u2606Vitoran\n|t:|1732966659\n|gametype|singles\n|player|p1|Ggs1237|nate|2295\n|player|p2|Vitoran|nemona-v|2306\n|teamsize|p1|6\n|teamsize|p2|6\n|gen|9\n|tier|[Gen 9] Random Battle\n|rated|\n|rule|Species Clause: Limit one of each Pok\u00e9mon\n|rule|HP Percentage Mod: HP is shown in percentages\n|rule|Sleep Clause Mod: Limit one foe put to sleep\n|rule|Illusion Level Mod: Illusion disguises the Pok\u00e9mon's true level\n|\n|t:|1732966659\n|start\n|switch|p1a: Salamence|Salamence, L77, M|273/273\n|switch|p2a: Grafaiai|Grafaiai, L86, F|249/249\n|-ability|p1a: Salamence|Intimidate|boost\n|-unboost|p2a: Grafaiai|atk|1\n|turn|1\n|inactive|Battle timer is ON: inactive players will automatically lose when time's up. (requested by Vitoran)\n|c|\u2606Vitoran|glhf\n|\n|t:|1732966681\n|switch|p2a: Misdreavus|Misdreavus, L90, M|254/254\n|move|p1a: Salamence|Earthquake|p2a: Misdreavus\n|-immune|p2a: Misdreavus|[from] ability: Levitate\n|\n|upkeep\n|turn|2\n|\n|t:|1732966686\n|switch|p1a: Umbreon|Umbreon, L84, M|297/297\n|move|p2a: Misdreavus|Will-O-Wisp|p1a: Umbreon\n|-status|p1a: Umbreon|brn\n|-activate|p1a: Umbreon|ability: Synchronize\n|-status|p2a: Misdreavus|brn\n|\n|-damage|p2a: Misdreavus|239/254 brn|[from] brn\n|-damage|p1a: Umbreon|279/297 brn|[from] brn\n|upkeep\n|turn|3\n|\n|t:|1732966705\n|switch|p1a: Duraludon|Duraludon, L82, F|249/249\n|move|p2a: Misdreavus|Calm Mind|p2a: Misdreavus\n|-boost|p2a: Misdreavus|spa|1\n|-boost|p2a: Misdreavus|spd|1\n|\n|-damage|p2a: Misdreavus|224/254 brn|[from] brn\n|upkeep\n|turn|4\n|\n|t:|1732966716\n|move|p2a: Misdreavus|Shadow Ball|p1a: Duraludon\n|-damage|p1a: Duraludon|110/249\n|move|p1a: Duraludon|Dragon Tail|p2a: Misdreavus\n|-damage|p2a: Misdreavus|176/254 brn\n|drag|p2a: Cobalion|Cobalion, L80|277/277\n|\n|upkeep\n|turn|5\n|\n|t:|1732966732\n|switch|p1a: Lanturn|Lanturn, L89, F|367/367\n|move|p2a: Cobalion|Body Press|p1a: Lanturn\n|-damage|p1a: Lanturn|240/367\n|\n|upkeep\n|turn|6\n|\n|t:|1732966744\n|switch|p2a: Glalie|Glalie, L96, M|309/309\n|move|p1a: Lanturn|Volt Switch|p2a: Glalie\n|-damage|p2a: Glalie|248/309\n|\n|t:|1732966748\n|switch|p1a: Cobalion|Cobalion, L80|277/277|[from] Volt Switch\n|\n|upkeep\n|turn|7\n|\n|t:|1732966758\n|switch|p2a: Volcanion|Volcanion, L79|256/256\n|move|p1a: Cobalion|Vacuum Wave|p2a: Volcanion\n|-damage|p2a: Volcanion|220/256\n|\n|upkeep\n|turn|8\n|\n|t:|1732966769\n|switch|p1a: Lanturn|Lanturn, L89, F|240/367\n|move|p2a: Volcanion|Earth Power|p1a: Lanturn\n|-supereffective|p1a: Lanturn\n|-damage|p1a: Lanturn|86/367\n|\n|upkeep\n|turn|9\n|\n|t:|1732966774\n|switch|p2a: Glalie|Glalie, L96, M|248/309\n|move|p1a: Lanturn|Volt Switch|p2a: Glalie\n|-damage|p2a: Glalie|185/309\n|\n|t:|1732966777\n|switch|p1a: Cobalion|Cobalion, L80|277/277|[from] Volt Switch\n|\n|upkeep\n|turn|10\n|\n|t:|1732966797\n|switch|p2a: Quaquaval|Quaquaval, L79, M|264/264\n|move|p1a: Cobalion|Calm Mind|p1a: Cobalion\n|-boost|p1a: Cobalion|spa|1\n|-boost|p1a: Cobalion|spd|1\n|\n|upkeep\n|turn|11\n|\n|t:|1732966803\n|switch|p1a: Salamence|Salamence, L77, M|273/273\n|-ability|p1a: Salamence|Intimidate|boost\n|-unboost|p2a: Quaquaval|atk|1\n|move|p2a: Quaquaval|Aqua Step|p1a: Salamence\n|-resisted|p1a: Salamence\n|-damage|p1a: Salamence|240/273\n|-boost|p2a: Quaquaval|spe|1\n|\n|upkeep\n|turn|12\n|\n|t:|1732966809\n|move|p2a: Quaquaval|Triple Axel|p1a: Salamence\n|-supereffective|p1a: Salamence\n|-damage|p1a: Salamence|192/273\n|-supereffective|p1a: Salamence\n|-damage|p1a: Salamence|104/273\n|-supereffective|p1a: Salamence\n|-damage|p1a: Salamence|0 fnt\n|faint|p1a: Salamence\n|-ability|p2a: Quaquaval|Moxie|boost\n|-boost|p2a: Quaquaval|atk|1\n|-hitcount|p1: Salamence|3\n|\n|upkeep\n|-message|Ggs1237 forfeited.\n|\n|win|Vitoran\n|raw|Ggs1237's rating: 2295 &rarr; <strong>2276</strong><br />(-19 for losing)\n|raw|Vitoran's rating: 2306 &rarr; <strong>2325</strong><br />(+19 for winning)\n|l|\u2606Ggs1237\n|player|p1|\n", "inputlog": ">version b107d77f5c90bd6555267ae244a6264823309ead\n>start {\"formatid\":\"gen9randombattle\",\"seed\":[33373,2051,7001,52393],\"rated\":\"Rated battle\"}\n>player p1 {\"name\":\"Ggs1237\",\"avatar\":\"nate\",\"rating\":2295,\"seed\":[22964,11360,51024,12665]}\n>player p2 {\"name\":\"Vitoran\",\"avatar\":\"nemona-v\",\"rating\":2306,\"seed\":[7108,42712,53858,30865]}\n>chat \u2606Vitoran|glhf\n>p1 move earthquake\n>p2 switch 4\n>p1 switch 6\n>p2 move willowisp\n>p1 switch 2\n>p2 move calmmind\n>p1 move dragontail\n>p2 move shadowball\n>p1 switch 5\n>p2 move bodypress\n>p1 move voltswitch\n>p2 switch 6\n>p1 switch 3\n>p1 move vacuumwave\n>p2 switch 2\n>p1 switch 3\n>p2 move earthpower\n>p1 move voltswitch\n>p2 switch 2\n>p1 switch 3\n>p1 move calmmind\n>p2 switch 5\n>p1 switch 6\n>p2 move aquastep\n>p1 move dragondance\n>p2 move tripleaxel\n>forcelose p1", "uploadtime": 1732966820, "views": 7, "formatid": "gen9randombattle", "rating": 2276, "private": 0, "password": null}