{"id": "gen9randombattle-2253941927", "format": "[Gen 9] Random Battle", "players": ["baileyleonard", "yolos2"], "log": "|j|\u2606baileyleonard\n|j|\u2606yolos2\n|t:|1732968420\n|gametype|singles\n|player|p1|baileyleonard|dawn|1275\n|player|p2|yolos2|n|1246\n|teamsize|p1|6\n|teamsize|p2|6\n|gen|9\n|tier|[Gen 9] Random Battle\n|rated|\n|rule|Species Clause: Limit one of each Pok\u00e9mon\n|rule|HP Percentage Mod: HP is shown in percentages\n|rule|Sleep Clause Mod: Limit one foe put to sleep\n|rule|Illusion Level Mod: Illusion disguises the Pok\u00e9mon's true level\n|\n|t:|1732968420\n|start\n|switch|p1a: Raikou|Raikou, L81|278/278\n|switch|p2a: Arceus|Arceus-Fighting, L70|284/284\n|-ability|p1a: Raikou|Pressure\n|turn|1\n|\n|t:|1732968442\n|switch|p2a: Bellibolt|Bellibolt, L84, F|320/320\n|move|p1a: Raikou|Calm Mind|p1a: Raikou\n|-boost|p1a: Raikou|spa|1\n|-boost|p1a: Raikou|spd|1\n|\n|upkeep\n|turn|2\n|\n|t:|1732968452\n|move|p1a: Raikou|Substitute|p1a: Raikou\n|-start|p1a: Raikou|Substitute\n|-damage|p1a: Raikou|209/278\n|move|p2a: Bellibolt|Muddy Water|p1a: Raikou\n|-activate|p1a: Raikou|move: Substitute|[damage]\n|\n|-heal|p1a: Raikou|226/278|[from] item: Leftovers\n|upkeep\n|turn|3\n|\n|t:|1732968461\n|move|p1a: Raikou|Calm Mind|p1a: Raikou\n|-boost|p1a: Raikou|spa|1\n|-boost|p1a: Raikou|spd|1\n|move|p2a: Bellibolt|Volt Switch|p1a: Raikou\n|-resisted|p1a: Raikou\n|-activate|p1a: Raikou|move: Substitute|[damage]\n|\n|t:|1732968477\n|switch|p2a: Snorlax|Snorlax, L82, M|397/397|[from] Volt Switch\n|\n|-heal|p1a: Raikou|243/278|[from] item: Leftovers\n|upkeep\n|turn|4\n|inactive|Battle timer is ON: inactive players will automatically lose when time's up. (requested by yolos2)\n|\n|t:|1732968493\n|move|p1a: Raikou|Scald|p2a: Snorlax\n|-damage|p2a: Snorlax|299/397\n|move|p2a: Snorlax|Earthquake|p1a: Raikou\n|-supereffective|p1a: Raikou\n|-end|p1a: Raikou|Substitute\n|\n|-heal|p1a: Raikou|260/278|[from] item: Leftovers\n|-heal|p2a: Snorlax|323/397|[from] item: Leftovers\n|upkeep\n|turn|5\n|\n|t:|1732968509\n|-terastallize|p1a: Raikou|Water\n|move|p1a: Raikou|Substitute|p1a: Raikou\n|-start|p1a: Raikou|Substitute\n|-damage|p1a: Raikou|191/278\n|move|p2a: Snorlax|Curse|p2a: Snorlax\n|-unboost|p2a: Snorlax|spe|1\n|-boost|p2a: Snorlax|atk|1\n|-boost|p2a: Snorlax|def|1\n|\n|-heal|p1a: Raikou|208/278|[from] item: Leftovers\n|-heal|p2a: Snorlax|347/397|[from] item: Leftovers\n|upkeep\n|turn|6\n|\n|t:|1732968525\n|move|p1a: Raikou|Calm Mind|p1a: Raikou\n|-boost|p1a: Raikou|spa|1\n|-boost|p1a: Raikou|spd|1\n|move|p2a: Snorlax|Body Slam|p1a: Raikou\n|-end|p1a: Raikou|Substitute\n|\n|-heal|p1a: Raikou|225/278|[from] item: Leftovers\n|-heal|p2a: Snorlax|371/397|[from] item: Leftovers\n|upkeep\n|turn|7\n|\n|t:|1732968539\n|move|p1a: Raikou|Scald|p2a: Snorlax\n|-damage|p2a: Snorlax|187/397\n|move|p2a: Snorlax|Body Slam|p1a: Raikou\n|-damage|p1a: Raikou|71/278\n|\n|-heal|p1a: Raikou|88/278|[from] item: Leftovers\n|-heal|p2a: Snorlax|211/397|[from] item: Leftovers\n|upkeep\n|turn|8\n|\n|t:|1732968550\n|move|p1a: Raikou|Thunderbolt|p2a: Snorlax\n|-damage|p2a: Snorlax|0 fnt\n|faint|p2a: Snorlax\n|\n|-heal|p1a: Raikou|105/278|[from] item: Leftovers\n|upkeep\n|\n|t:|1732968560\n|switch|p2a: Bellibolt|Bellibolt, L84, F|320/320\n|turn|9\n|\n|t:|1732968565\n|move|p1a: Raikou|Substitute|p1a: Raikou\n|-start|p1a: Raikou|Substitute\n|-damage|p1a: Raikou|36/278\n|move|p2a: Bellibolt|Thunderbolt|p1a: Raikou\n|-supereffective|p1a: Raikou\n|-activate|p1a: Raikou|move: Substitute|[damage]\n|\n|-heal|p1a: Raikou|53/278|[from] item: Leftovers\n|upkeep\n|turn|10\n|\n|t:|1732968576\n|move|p1a: Raikou|Scald|p2a: Bellibolt\n|-damage|p2a: Bellibolt|91/320\n|-start|p2a: Bellibolt|Charge|Scald|[from] ability: Electromorphosis\n|move|p2a: Bellibolt|Volt Switch|p1a: Raikou\n|-supereffective|p1a: Raikou\n|-end|p1a: Raikou|Substitute\n|-end|p2a: Bellibolt|Charge|[silent]\n|\n|t:|1732968594\n|switch|p2a: Greninja|Greninja, L80, M|246/246|[from] Volt Switch\n|\n|-heal|p1a: Raikou|70/278|[from] item: Leftovers\n|upkeep\n|turn|11\n|\n|t:|1732968603\n|move|p2a: Greninja|Ice Beam|p1a: Raikou\n|-resisted|p1a: Raikou\n|-damage|p1a: Raikou|56/278\n|-damage|p2a: Greninja|222/246|[from] item: Life Orb\n|move|p1a: Raikou|Thunderbolt|p2a: Greninja\n|-supereffective|p2a: Greninja\n|-damage|p2a: Greninja|0 fnt\n|faint|p2a: Greninja\n|\n|-heal|p1a: Raikou|73/278|[from] item: Leftovers\n|upkeep\n|-message|yolos2 forfeited.\n|\n|win|baileyleonard\n|raw|baileyleonard's rating: 1275 &rarr; <strong>1298</strong><br />(+23 for winning)\n|raw|yolos2's rating: 1246 &rarr; <strong>1223</strong><br />(-23 for losing)\n|l|\u2606yolos2\n|player|p2|\n", "inputlog": ">version b107d77f5c90bd6555267ae244a6264823309ead\n>start {\"formatid\":\"gen9randombattle\",\"seed\":[37986,40722,30608,31096],\"rated\":\"Rated battle\"}\n>player p1 {\"name\":\"baileyleonard\",\"avatar\":\"dawn\",\"rating\":1275,\"seed\":[19081,24960,180,49589]}\n>player p2 {\"name\":\"yolos2\",\"avatar\":\"n\",\"rating\":1246,\"seed\":[12501,1446,28807,63022]}\n>p1 move calmmind\n>p2 switch 5\n>p1 move substitute\n>p2 move muddywater\n>p1 move calmmind\n>p2 move voltswitch\n>p2 switch 2\n>p1 move scald\n>p2 move earthquake\n>p1 move substitute terastallize\n>p2 move curse\n>p1 move calmmind\n>p2 move bodyslam\n>p1 move scald\n>p2 move bodyslam\n>p1 move thunderbolt\n>p2 move bodyslam\n>p2 switch 2\n>p1 move substitute\n>p2 move thunderbolt\n>p1 move scald\n>p2 move voltswitch\n>p2 switch 3\n>p1 move thunderbolt\n>p2 move icebeam\n>forcelose p2", "uploadtime": 1732968617, "views": 2, "formatid": "gen9randombattle", "rating": 1223, "private": 0, "password": null}