{"id": "gen9randombattle-2253828350", "format": "[Gen 9] Random Battle", "players": ["nignognag", "penile failure"], "log": "|j|\u2606nignognag\n|j|\u2606penile failure\n|t:|1732944665\n|gametype|singles\n|player|p1|nignognag|169|\n|player|p2|penile failure|2|\n|teamsize|p1|6\n|teamsize|p2|6\n|gen|9\n|tier|[Gen 9] Random Battle\n|rule|Species Clause: Limit one of each Pok\u00e9mon\n|rule|HP Percentage Mod: HP is shown in percentages\n|rule|Sleep Clause Mod: Limit one foe put to sleep\n|rule|Illusion Level Mod: Illusion disguises the Pok\u00e9mon's true level\n|\n|t:|1732944665\n|start\n|switch|p1a: Alcremie|Alcremie-Matcha-Cream, L90, F|263/263\n|switch|p2a: Honchkrow|Honchkrow, L86, M|312/312\n|turn|1\n|\n|t:|1732944712\n|move|p2a: Honchkrow|U-turn|p1a: Alcremie\n|-resisted|p1a: Alcremie\n|-damage|p1a: Alcremie|229/263\n|\n|t:|1732944714\n|switch|p2a: Solgaleo|Solgaleo, L74|325/325|[from] U-turn\n|move|p1a: Alcremie|Calm Mind|p1a: Alcremie\n|-boost|p1a: Alcremie|spa|1\n|-boost|p1a: Alcremie|spd|1\n|\n|-heal|p1a: Alcremie|245/263|[from] item: Leftovers\n|upkeep\n|turn|2\n|\n|t:|1732944742\n|move|p2a: Solgaleo|Sunsteel Strike|p1a: Alcremie\n|-supereffective|p1a: Alcremie\n|-damage|p1a: Alcremie|29/263\n|move|p1a: Alcremie|Alluring Voice|p2a: Solgaleo\n|-resisted|p2a: Solgaleo\n|-damage|p2a: Solgaleo|238/325\n|\n|-heal|p1a: Alcremie|45/263|[from] item: Leftovers\n|upkeep\n|turn|3\n|\n|t:|1732944766\n|switch|p1a: Hydreigon|Hydreigon, L79, F|275/275\n|move|p2a: Solgaleo|Sunsteel Strike|p1a: Hydreigon\n|-damage|p1a: Hydreigon|163/275\n|\n|upkeep\n|turn|4\n|\n|t:|1732944780\n|move|p1a: Hydreigon|Nasty Plot|p1a: Hydreigon\n|-boost|p1a: Hydreigon|spa|2\n|move|p2a: Solgaleo|Sunsteel Strike|p1a: Hydreigon\n|-crit|p1a: Hydreigon\n|-damage|p1a: Hydreigon|0 fnt\n|faint|p1a: Hydreigon\n|\n|upkeep\n|\n|t:|1732944795\n|switch|p1a: Perrserker|Perrserker, L89, F|269/269\n|turn|5\n|\n|t:|1732944827\n|-terastallize|p2a: Solgaleo|Water\n|move|p2a: Solgaleo|Flare Blitz|p1a: Perrserker\n|-supereffective|p1a: Perrserker\n|-damage|p1a: Perrserker|107/269\n|-damage|p2a: Solgaleo|185/325|[from] Recoil\n|move|p1a: Perrserker|Close Combat|p2a: Solgaleo\n|-damage|p2a: Solgaleo|24/325\n|-unboost|p1a: Perrserker|def|1\n|-unboost|p1a: Perrserker|spd|1\n|-damage|p1a: Perrserker|63/269|[from] item: Rocky Helmet|[of] p2a: Solgaleo\n|-damage|p1a: Perrserker|37/269|[from] item: Life Orb\n|\n|upkeep\n|turn|6\n|\n|t:|1732944847\n|move|p2a: Solgaleo|Sunsteel Strike|p1a: Perrserker\n|-resisted|p1a: Perrserker\n|-damage|p1a: Perrserker|0 fnt\n|faint|p1a: Perrserker\n|\n|upkeep\n|\n|t:|1732944860\n|switch|p1a: Grimmsnarl|Grimmsnarl, L83, M|293/293\n|turn|7\n|\n|t:|1732944871\n|move|p1a: Grimmsnarl|Light Screen|p1a: Grimmsnarl\n|-sidestart|p1: nignognag|move: Light Screen\n|move|p2a: Solgaleo|Morning Sun|p2a: Solgaleo\n|-heal|p2a: Solgaleo|186/325\n|\n|upkeep\n|turn|8\n|\n|t:|1732944896\n|move|p1a: Grimmsnarl|Thunder Wave|p2a: Solgaleo\n|-status|p2a: Solgaleo|par\n|cant|p2a: Solgaleo|par\n|\n|upkeep\n|turn|9\n|\n|t:|1732944902\n|move|p1a: Grimmsnarl|Thunder Wave|p2a: Solgaleo\n|-fail|p2a: Solgaleo|par\n|move|p2a: Solgaleo|Sunsteel Strike|p1a: Grimmsnarl\n|-supereffective|p1a: Grimmsnarl\n|-damage|p1a: Grimmsnarl|27/293\n|\n|upkeep\n|turn|10\n|\n|t:|1732944910\n|move|p1a: Grimmsnarl|Spirit Break|p2a: Solgaleo\n|-damage|p2a: Solgaleo|89/325 par\n|-damage|p1a: Grimmsnarl|0 fnt|[from] item: Rocky Helmet|[of] p2a: Solgaleo\n|faint|p1a: Grimmsnarl\n|cant|p2a: Solgaleo|par\n|\n|upkeep\n|\n|t:|1732944918\n|switch|p1a: Iron Crown|Iron Crown, L79|272/272\n|turn|11\n|\n|t:|1732944931\n|move|p1a: Iron Crown|Psyshock|p2a: Solgaleo\n|-damage|p2a: Solgaleo|0 fnt\n|faint|p2a: Solgaleo\n|\n|upkeep\n|\n|t:|1732944964\n|switch|p2a: Honchkrow|Honchkrow, L86, M|312/312\n|turn|12\n|\n|t:|1732944969\n|-end|p1a: Iron Crown|Quark Drive|[silent]\n|switch|p1a: Palkia|Palkia-Origin, L72|249/249\n|-ability|p1a: Palkia|Pressure\n|move|p2a: Honchkrow|Heat Wave|p1a: Palkia\n|-resisted|p1a: Palkia\n|-crit|p1a: Palkia\n|-damage|p1a: Palkia|225/249\n|\n|upkeep\n|turn|13\n|\n|t:|1732945001\n|switch|p2a: Luvdisc|Luvdisc, F|247/247\n|move|p1a: Palkia|Fire Blast|p2a: Luvdisc\n|-resisted|p2a: Luvdisc\n|-damage|p2a: Luvdisc|202/247\n|\n|upkeep\n|turn|14\n|\n|t:|1732945014\n|move|p2a: Luvdisc|Substitute|p2a: Luvdisc\n|-start|p2a: Luvdisc|Substitute\n|-damage|p2a: Luvdisc|141/247\n|move|p1a: Palkia|Hydro Pump|p2a: Luvdisc\n|-resisted|p2a: Luvdisc\n|-end|p2a: Luvdisc|Substitute\n|\n|-sideend|p1: nignognag|move: Light Screen\n|upkeep\n|turn|15\n|\n|t:|1732945021\n|move|p2a: Luvdisc|Endeavor|p1a: Palkia\n|-damage|p1a: Palkia|141/249\n|move|p1a: Palkia|Thunder Wave|p2a: Luvdisc\n|-status|p2a: Luvdisc|par\n|\n|upkeep\n|turn|16\n|\n|t:|1732945029\n|move|p1a: Palkia|Fire Blast|p2a: Luvdisc\n|-resisted|p2a: Luvdisc\n|-crit|p2a: Luvdisc\n|-damage|p2a: Luvdisc|73/247 par\n|move|p2a: Luvdisc|Endeavor|p1a: Palkia\n|-damage|p1a: Palkia|73/249\n|\n|upkeep\n|turn|17\n|\n|t:|1732945037\n|move|p1a: Palkia|Fire Blast|p2a: Luvdisc\n|-resisted|p2a: Luvdisc\n|-crit|p2a: Luvdisc\n|-damage|p2a: Luvdisc|7/247 par\n|move|p2a: Luvdisc|Endeavor|p1a: Palkia\n|-damage|p1a: Palkia|7/249\n|\n|upkeep\n|turn|18\n|\n|t:|1732945048\n|move|p1a: Palkia|Fire Blast|p2a: Luvdisc\n|-resisted|p2a: Luvdisc\n|-damage|p2a: Luvdisc|0 fnt\n|faint|p2a: Luvdisc\n|\n|upkeep\n|\n|t:|1732945062\n|switch|p2a: Honchkrow|Honchkrow, L86, M|312/312\n|turn|19\n|\n|t:|1732945067\n|-terastallize|p1a: Palkia|Dragon\n|move|p2a: Honchkrow|Sucker Punch|p1a: Palkia\n|-damage|p1a: Palkia|0 fnt\n|faint|p1a: Palkia\n|-ability|p2a: Honchkrow|Moxie|boost\n|-boost|p2a: Honchkrow|atk|1\n|\n|upkeep\n|\n|t:|1732945087\n|switch|p1a: Iron Crown|Iron Crown, L79|272/272\n|turn|20\n|\n|t:|1732945102\n|move|p2a: Honchkrow|Sucker Punch|p1a: Iron Crown\n|-supereffective|p1a: Iron Crown\n|-damage|p1a: Iron Crown|8/272\n|move|p1a: Iron Crown|Volt Switch|p2a: Honchkrow\n|-supereffective|p2a: Honchkrow\n|-damage|p2a: Honchkrow|72/312\n|\n|t:|1732945123\n|-end|p1a: Iron Crown|Quark Drive|[silent]\n|switch|p1a: Alcremie|Alcremie-Matcha-Cream, L90, F|45/263|[from] Volt Switch\n|\n|-heal|p1a: Alcremie|61/263|[from] item: Leftovers\n|upkeep\n|turn|21\n|\n|t:|1732945135\n|move|p2a: Honchkrow|Sucker Punch||[still]\n|-fail|p2a: Honchkrow\n|move|p1a: Alcremie|Recover|p1a: Alcremie\n|-heal|p1a: Alcremie|193/263\n|\n|-heal|p1a: Alcremie|209/263|[from] item: Leftovers\n|upkeep\n|turn|22\n|\n|t:|1732945144\n|move|p2a: Honchkrow|Brave Bird|p1a: Alcremie\n|-damage|p1a: Alcremie|0 fnt\n|faint|p1a: Alcremie\n|-ability|p2a: Honchkrow|Moxie|boost\n|-boost|p2a: Honchkrow|atk|1\n|-damage|p2a: Honchkrow|3/312|[from] Recoil\n|\n|upkeep\n|\n|t:|1732945150\n|switch|p1a: Iron Crown|Iron Crown, L79|8/272\n|turn|23\n|c|\u2606penile failure|gg\n|\n|t:|1732945155\n|move|p2a: Honchkrow|Sucker Punch|p1a: Iron Crown\n|-supereffective|p1a: Iron Crown\n|-damage|p1a: Iron Crown|0 fnt\n|faint|p1a: Iron Crown\n|-end|p1a: Iron Crown|Quark Drive|[silent]\n|\n|win|penile failure\n|l|\u2606nignognag\n|player|p1|\n", "inputlog": ">version b107d77f5c90bd6555267ae244a6264823309ead\n>start {\"formatid\":\"gen9randombattle\",\"seed\":[45362,38795,48572,59287]}\n>player p1 {\"name\":\"nignognag\",\"avatar\":\"169\",\"rating\":0,\"seed\":[63980,63506,53548,43738]}\n>player p2 {\"name\":\"penile failure\",\"avatar\":\"2\",\"rating\":0,\"seed\":[56012,36275,14358,49052]}\n>p1 move calmmind\n>p2 move uturn\n>p2 switch 2\n>p1 move alluringvoice\n>p2 move sunsteelstrike\n>p1 switch 3\n>p2 move sunsteelstrike\n>p1 move nastyplot\n>p2 move sunsteelstrike\n>p1 switch 6\n>p1 move closecombat\n>p2 move flareblitz terastallize\n>p1 move uturn\n>p2 move sunsteelstrike\n>p1 switch 4\n>p1 move lightscreen\n>p2 move morningsun\n>p1 move thunderwave\n>p2 move sunsteelstrike\n>p1 move thunderwave\n>p2 move sunsteelstrike\n>p1 move spiritbreak\n>p2 move morningsun\n>p1 switch 2\n>p1 move psyshock\n>p2 move morningsun\n>p2 switch 2\n>p1 switch 5\n>p2 move heatwave\n>p1 move fireblast\n>p2 switch 3\n>p1 move hydropump\n>p2 move substitute\n>p1 move thunderwave\n>p2 move endeavor\n>p1 move fireblast\n>p2 move endeavor\n>p1 move fireblast\n>p2 move endeavor\n>p1 move fireblast\n>p2 move surf\n>p2 switch 3\n>p1 move dracometeor terastallize\n>p2 move suckerpunch\n>p1 switch 5\n>p1 move voltswitch\n>p2 move suckerpunch\n>p1 switch 3\n>p1 move recover\n>p2 move suckerpunch\n>p1 move calmmind\n>p2 move bravebird\n>p1 switch 3\n>chat \u2606penile failure|gg\n>p1 move tachyoncutter\n>p2 move suckerpunch", "uploadtime": 1732945162, "views": 12, "formatid": "gen9randombattle", "rating": null, "private": 0, "password": null}