{"id": "gen9randombattle-2253982695", "format": "[Gen 9] Random Battle", "players": ["SenderDDark", "mrdanmo"], "log": "|j|\u2606SenderDDark\n|j|\u2606mrdanmo\n|t:|1732975460\n|gametype|singles\n|player|p1|SenderDDark|102|1414\n|player|p2|mrdanmo|hilda-wonderlauncher|1397\n|teamsize|p1|6\n|teamsize|p2|6\n|gen|9\n|tier|[Gen 9] Random Battle\n|rated|\n|rule|Species Clause: Limit one of each Pok\u00e9mon\n|rule|HP Percentage Mod: HP is shown in percentages\n|rule|Sleep Clause Mod: Limit one foe put to sleep\n|rule|Illusion Level Mod: Illusion disguises the Pok\u00e9mon's true level\n|\n|t:|1732975460\n|start\n|switch|p1a: Dunsparce|Dunsparce, L86, F|312/312\n|switch|p2a: Mimikyu|Mimikyu, L79, F|216/216\n|turn|1\n|inactive|Battle timer is ON: inactive players will automatically lose when time's up. (requested by SenderDDark)\n|\n|t:|1732975477\n|move|p2a: Mimikyu|Swords Dance|p2a: Mimikyu\n|-boost|p2a: Mimikyu|atk|2\n|move|p1a: Dunsparce|Coil|p1a: Dunsparce\n|-boost|p1a: Dunsparce|atk|1\n|-boost|p1a: Dunsparce|def|1\n|-boost|p1a: Dunsparce|accuracy|1\n|\n|upkeep\n|turn|2\n|\n|t:|1732975488\n|move|p2a: Mimikyu|Swords Dance|p2a: Mimikyu\n|-boost|p2a: Mimikyu|atk|2\n|move|p1a: Dunsparce|Earthquake|p2a: Mimikyu\n|-activate|p2a: Mimikyu|ability: Disguise\n|-damage|p2a: Mimikyu|216/216\n|detailschange|p2a: Mimikyu|Mimikyu-Busted, L79, F\n|-damage|p2a: Mimikyu|189/216|[from] pokemon: Mimikyu-Busted\n|\n|upkeep\n|turn|3\n|\n|t:|1732975506\n|move|p2a: Mimikyu|Drain Punch|p1a: Dunsparce\n|-supereffective|p1a: Dunsparce\n|-damage|p1a: Dunsparce|140/312\n|-heal|p2a: Mimikyu|216/216|[from] drain|[of] p1a: Dunsparce\n|-damage|p2a: Mimikyu|195/216|[from] item: Life Orb\n|move|p1a: Dunsparce|Earthquake|p2a: Mimikyu\n|-damage|p2a: Mimikyu|95/216\n|\n|upkeep\n|turn|4\n|\n|t:|1732975529\n|move|p2a: Mimikyu|Drain Punch|p1a: Dunsparce\n|-supereffective|p1a: Dunsparce\n|-damage|p1a: Dunsparce|0 fnt\n|-heal|p2a: Mimikyu|165/216|[from] drain|[of] p1a: Dunsparce\n|faint|p1a: Dunsparce\n|-damage|p2a: Mimikyu|144/216|[from] item: Life Orb\n|\n|upkeep\n|\n|t:|1732975538\n|switch|p1a: Iron Thorns|Iron Thorns, L83|302/302\n|turn|5\n|inactive|SenderDDark has 120 seconds left.\n|\n|t:|1732975559\n|-terastallize|p2a: Mimikyu|Fighting\n|move|p1a: Iron Thorns|Stone Edge|p2a: Mimikyu\n|-resisted|p2a: Mimikyu\n|-crit|p2a: Mimikyu\n|-damage|p2a: Mimikyu|23/216\n|move|p2a: Mimikyu|Drain Punch|p1a: Iron Thorns\n|-supereffective|p1a: Iron Thorns\n|-damage|p1a: Iron Thorns|0 fnt\n|-heal|p2a: Mimikyu|174/216|[from] drain|[of] p1a: Iron Thorns\n|faint|p1a: Iron Thorns\n|-end|p1a: Iron Thorns|Quark Drive|[silent]\n|-damage|p2a: Mimikyu|153/216|[from] item: Life Orb\n|\n|upkeep\n|\n|t:|1732975567\n|switch|p1a: Azumarill|Azumarill, L82, F|298/298\n|turn|6\n|inactive|SenderDDark has 120 seconds left.\n|\n|t:|1732975580\n|move|p2a: Mimikyu|Shadow Sneak|p1a: Azumarill\n|-damage|p1a: Azumarill|156/298\n|-damage|p2a: Mimikyu|132/216|[from] item: Life Orb\n|move|p1a: Azumarill|Belly Drum|p1a: Azumarill\n|-damage|p1a: Azumarill|7/298\n|-setboost|p1a: Azumarill|atk|6|[from] move: Belly Drum\n|-enditem|p1a: Azumarill|Sitrus Berry|[eat]\n|-heal|p1a: Azumarill|81/298|[from] item: Sitrus Berry\n|\n|upkeep\n|turn|7\n|\n|t:|1732975591\n|move|p2a: Mimikyu|Shadow Sneak|p1a: Azumarill\n|-damage|p1a: Azumarill|0 fnt\n|faint|p1a: Azumarill\n|-damage|p2a: Mimikyu|111/216|[from] item: Life Orb\n|\n|upkeep\n|\n|t:|1732975595\n|switch|p1a: Skuntank|Skuntank, L84, M|310/310\n|turn|8\n|\n|t:|1732975602\n|move|p2a: Mimikyu|Drain Punch|p1a: Skuntank\n|-damage|p1a: Skuntank|0 fnt\n|-heal|p2a: Mimikyu|216/216|[from] drain|[of] p1a: Skuntank\n|-damage|p2a: Mimikyu|162/216|[from] ability: Aftermath|[of] p1a: Skuntank\n|faint|p1a: Skuntank\n|-damage|p2a: Mimikyu|141/216|[from] item: Life Orb\n|\n|upkeep\n|\n|t:|1732975608\n|switch|p1a: Frosmoth|Frosmoth, L82, M|249/249\n|turn|9\n|\n|t:|1732975615\n|move|p2a: Mimikyu|Drain Punch|p1a: Frosmoth\n|-damage|p1a: Frosmoth|0 fnt\n|-heal|p2a: Mimikyu|216/216|[from] drain|[of] p1a: Frosmoth\n|faint|p1a: Frosmoth\n|-damage|p2a: Mimikyu|195/216|[from] item: Life Orb\n|\n|upkeep\n|\n|t:|1732975618\n|switch|p1a: Ursaluna|Ursaluna, L79, M|335/335\n|turn|10\n|\n|t:|1732975627\n|-terastallize|p1a: Ursaluna|Normal\n|move|p2a: Mimikyu|Drain Punch|p1a: Ursaluna\n|-supereffective|p1a: Ursaluna\n|-damage|p1a: Ursaluna|0 fnt\n|-heal|p2a: Mimikyu|216/216|[from] drain|[of] p1a: Ursaluna\n|faint|p1a: Ursaluna\n|-damage|p2a: Mimikyu|195/216|[from] item: Life Orb\n|\n|win|mrdanmo\n|raw|SenderDDark's rating: 1414 &rarr; <strong>1393</strong><br />(-21 for losing)\n|raw|mrdanmo's rating: 1397 &rarr; <strong>1418</strong><br />(+21 for winning)\n|l|\u2606SenderDDark\n|player|p1|\n", "inputlog": ">version b107d77f5c90bd6555267ae244a6264823309ead\n>start {\"formatid\":\"gen9randombattle\",\"seed\":[3553,19977,32293,50955],\"rated\":\"Rated battle\"}\n>player p1 {\"name\":\"SenderDDark\",\"avatar\":\"102\",\"rating\":1414,\"seed\":[50377,36002,30944,35306]}\n>player p2 {\"name\":\"mrdanmo\",\"avatar\":\"hilda-wonderlauncher\",\"rating\":1397,\"seed\":[6408,24649,39047,47595]}\n>p1 move coil\n>p2 move swordsdance\n>p1 move earthquake\n>p2 move swordsdance\n>p1 move earthquake\n>p2 move drainpunch\n>p1 move earthquake\n>p2 move drainpunch\n>p1 switch 2\n>p1 move stoneedge\n>p2 move drainpunch terastallize\n>p1 switch 3\n>p1 move bellydrum\n>p2 move shadowsneak\n>p1 move aquajet\n>p2 move shadowsneak\n>p1 switch 6\n>p1 move gunkshot\n>p2 move drainpunch\n>p1 switch 5\n>p1 move quiverdance\n>p2 move drainpunch\n>p1 switch 4\n>p1 move trailblaze terastallize\n>p2 move drainpunch", "uploadtime": 1732975637, "views": 2, "formatid": "gen9randombattle", "rating": 1393, "private": 0, "password": null}