{"id": "gen9randombattle-2253929202", "format": "[Gen 9] Random Battle", "players": ["songchamlai", "HonkeyCOMP"], "log": "|j|\u2606songchamlai\n|j|\u2606HonkeyCOMP\n|t:|1732965896\n|gametype|singles\n|player|p1|songchamlai|2|1423\n|player|p2|HonkeyCOMP|clay|1431\n|teamsize|p1|6\n|teamsize|p2|6\n|gen|9\n|tier|[Gen 9] Random Battle\n|rated|\n|rule|Species Clause: Limit one of each Pok\u00e9mon\n|rule|HP Percentage Mod: HP is shown in percentages\n|rule|Sleep Clause Mod: Limit one foe put to sleep\n|rule|Illusion Level Mod: Illusion disguises the Pok\u00e9mon's true level\n|\n|t:|1732965896\n|start\n|switch|p1a: Dodrio|Dodrio, L86, F|243/243\n|switch|p2a: Drifblim|Drifblim, L86, M|398/398\n|turn|1\n|inactive|Battle timer is ON: inactive players will automatically lose when time's up. (requested by HonkeyCOMP)\n|\n|t:|1732965908\n|move|p1a: Dodrio|Swords Dance|p1a: Dodrio\n|-boost|p1a: Dodrio|atk|2\n|move|p2a: Drifblim|Strength Sap|p1a: Dodrio\n|-unboost|p1a: Dodrio|atk|1\n|\n|upkeep\n|turn|2\n|\n|t:|1732965916\n|move|p1a: Dodrio|Swords Dance|p1a: Dodrio\n|-boost|p1a: Dodrio|atk|2\n|move|p2a: Drifblim|Defog|p1a: Dodrio\n|-unboost|p1a: Dodrio|evasion|1\n|\n|upkeep\n|turn|3\n|\n|t:|1732965926\n|move|p1a: Dodrio|Knock Off|p2a: Drifblim\n|-supereffective|p2a: Drifblim\n|-damage|p2a: Drifblim|0 fnt\n|-damage|p1a: Dodrio|183/243|[from] ability: Aftermath|[of] p2a: Drifblim\n|-enditem|p2a: Drifblim|Heavy-Duty Boots|[from] move: Knock Off|[of] p1a: Dodrio\n|faint|p2a: Drifblim\n|\n|upkeep\n|\n|t:|1732965936\n|switch|p2a: Cinccino|Cinccino, L83, F|260/260\n|turn|4\n|\n|t:|1732965943\n|move|p2a: Cinccino|Triple Axel|p1a: Dodrio\n|-supereffective|p1a: Dodrio\n|-damage|p1a: Dodrio|131/243\n|-supereffective|p1a: Dodrio\n|-damage|p1a: Dodrio|43/243\n|-supereffective|p1a: Dodrio\n|-damage|p1a: Dodrio|0 fnt\n|faint|p1a: Dodrio\n|-hitcount|p1: Dodrio|3\n|\n|upkeep\n|\n|t:|1732965953\n|switch|p1a: Copperajah|Copperajah, L86, M|349/349\n|turn|5\n|inactive|HonkeyCOMP has 120 seconds left.\n|\n|t:|1732965985\n|switch|p2a: Dewgong|Dewgong, L94, M|322/322\n|move|p1a: Copperajah|Superpower|p2a: Dewgong\n|-supereffective|p2a: Dewgong\n|-damage|p2a: Dewgong|14/322\n|-unboost|p1a: Copperajah|atk|1\n|-unboost|p1a: Copperajah|def|1\n|\n|upkeep\n|turn|6\n|\n|t:|1732965994\n|move|p2a: Dewgong|Hydro Pump|p1a: Copperajah\n|-damage|p1a: Copperajah|226/349\n|move|p1a: Copperajah|Superpower|p2a: Dewgong\n|-supereffective|p2a: Dewgong\n|-damage|p2a: Dewgong|0 fnt\n|-unboost|p1a: Copperajah|atk|1\n|-unboost|p1a: Copperajah|def|1\n|faint|p2a: Dewgong\n|\n|upkeep\n|inactive|HonkeyCOMP has 120 seconds left.\n|\n|t:|1732966005\n|switch|p2a: Serperior|Serperior, L79, F|248/248\n|turn|7\n|\n|t:|1732966013\n|switch|p1a: Iron Moth|Iron Moth, L78|253/253\n|move|p2a: Serperior|Leaf Storm|p1a: Iron Moth\n|-resisted|p1a: Iron Moth\n|-damage|p1a: Iron Moth|229/253\n|-boost|p2a: Serperior|spa|2\n|\n|upkeep\n|turn|8\n|\n|t:|1732966021\n|-terastallize|p2a: Serperior|Rock\n|move|p2a: Serperior|Tera Blast|p1a: Iron Moth|[anim] Tera Blast Rock\n|-supereffective|p1a: Iron Moth\n|-damage|p1a: Iron Moth|7/253\n|move|p1a: Iron Moth|Sludge Wave|p2a: Serperior\n|-resisted|p2a: Serperior\n|-damage|p2a: Serperior|188/248\n|\n|-heal|p2a: Serperior|203/248|[from] item: Leftovers\n|upkeep\n|turn|9\n|\n|t:|1732966035\n|-end|p1a: Iron Moth|Quark Drive|[silent]\n|switch|p1a: Serperior|Serperior, L79, F|248/248\n|move|p2a: Serperior|Leaf Storm|p1a: Serperior\n|-resisted|p1a: Serperior\n|-damage|p1a: Serperior|155/248\n|-boost|p2a: Serperior|spa|2\n|\n|-heal|p1a: Serperior|170/248|[from] item: Leftovers\n|-heal|p2a: Serperior|218/248|[from] item: Leftovers\n|upkeep\n|turn|10\n|\n|t:|1732966048\n|move|p2a: Serperior|Tera Blast|p1a: Serperior|[anim] Tera Blast Rock\n|-damage|p1a: Serperior|0 fnt\n|faint|p1a: Serperior\n|\n|-heal|p2a: Serperior|233/248|[from] item: Leftovers\n|upkeep\n|\n|t:|1732966063\n|switch|p1a: Copperajah|Copperajah, L86, M|226/349\n|turn|11\n|\n|t:|1732966068\n|move|p2a: Serperior|Leaf Storm|p1a: Copperajah\n|-resisted|p1a: Copperajah\n|-damage|p1a: Copperajah|50/349\n|-boost|p2a: Serperior|spa|2\n|move|p1a: Copperajah|Heavy Slam|p2a: Serperior\n|-supereffective|p2a: Serperior\n|-damage|p2a: Serperior|0 fnt\n|faint|p2a: Serperior\n|\n|upkeep\n|\n|t:|1732966078\n|switch|p2a: Iron Crown|Iron Crown, L79|272/272\n|turn|12\n|\n|t:|1732966084\n|switch|p1a: Wugtrio|Wugtrio, L91, F|212/212\n|move|p2a: Iron Crown|Volt Switch|p1a: Wugtrio\n|-supereffective|p1a: Wugtrio\n|-damage|p1a: Wugtrio|32/212\n|\n|t:|1732966093\n|-end|p2a: Iron Crown|Quark Drive|[silent]\n|switch|p2a: Cinccino|Cinccino, L83, F|260/260|[from] Volt Switch\n|\n|upkeep\n|turn|13\n|\n|t:|1732966116\n|move|p1a: Wugtrio|Liquidation|p2a: Cinccino\n|-damage|p2a: Cinccino|59/260\n|move|p2a: Cinccino|Bullet Seed|p1a: Wugtrio\n|-supereffective|p1a: Wugtrio\n|-damage|p1a: Wugtrio|0 fnt\n|faint|p1a: Wugtrio\n|-hitcount|p1: Wugtrio|1\n|\n|upkeep\n|inactive|songchamlai has 120 seconds left.\n|\n|t:|1732966132\n|switch|p1a: Copperajah|Copperajah, L86, M|50/349\n|turn|14\n|\n|t:|1732966139\n|move|p2a: Cinccino|Bullet Seed|p1a: Copperajah\n|-resisted|p1a: Copperajah\n|-damage|p1a: Copperajah|36/349\n|-resisted|p1a: Copperajah\n|-damage|p1a: Copperajah|21/349\n|-resisted|p1a: Copperajah\n|-damage|p1a: Copperajah|7/349\n|-resisted|p1a: Copperajah\n|-damage|p1a: Copperajah|0 fnt\n|faint|p1a: Copperajah\n|-hitcount|p1: Copperajah|4\n|\n|upkeep\n|\n|t:|1732966146\n|switch|p1a: Feraligatr|Feraligatr, L79, M|264/264\n|turn|15\n|\n|t:|1732966152\n|move|p2a: Cinccino|Bullet Seed|p1a: Feraligatr\n|-supereffective|p1a: Feraligatr\n|-damage|p1a: Feraligatr|216/264\n|-supereffective|p1a: Feraligatr\n|-damage|p1a: Feraligatr|166/264\n|-supereffective|p1a: Feraligatr\n|-damage|p1a: Feraligatr|110/264\n|-supereffective|p1a: Feraligatr\n|-damage|p1a: Feraligatr|56/264\n|-hitcount|p1a: Feraligatr|4\n|move|p1a: Feraligatr|Crunch|p2a: Cinccino\n|-damage|p2a: Cinccino|0 fnt\n|faint|p2a: Cinccino\n|\n|upkeep\n|\n|t:|1732966165\n|switch|p2a: Zekrom|Zekrom, L71|259/259\n|-ability|p2a: Zekrom|Teravolt\n|turn|16\n|\n|t:|1732966174\n|move|p1a: Feraligatr|Ice Punch|p2a: Zekrom\n|-supereffective|p2a: Zekrom\n|-damage|p2a: Zekrom|113/259\n|move|p2a: Zekrom|Outrage|p1a: Feraligatr\n|-damage|p1a: Feraligatr|0 fnt\n|faint|p1a: Feraligatr\n|\n|-heal|p2a: Zekrom|129/259|[from] item: Leftovers\n|upkeep\n|\n|t:|1732966178\n|switch|p1a: Iron Moth|Iron Moth, L78|7/253\n|turn|17\n|\n|t:|1732966184\n|move|p1a: Iron Moth|Morning Sun|p1a: Iron Moth\n|-heal|p1a: Iron Moth|133/253\n|move|p2a: Zekrom|Outrage|p1a: Iron Moth|[from]lockedmove\n|-damage|p1a: Iron Moth|0 fnt\n|faint|p1a: Iron Moth\n|-end|p1a: Iron Moth|Quark Drive|[silent]\n|-start|p2a: Zekrom|confusion|[fatigue]\n|\n|win|HonkeyCOMP\n|raw|songchamlai's rating: 1423 &rarr; <strong>1403</strong><br />(-20 for losing)\n|raw|HonkeyCOMP's rating: 1431 &rarr; <strong>1451</strong><br />(+20 for winning)\n|l|\u2606songchamlai\n|player|p1|\n", "inputlog": ">version b107d77f5c90bd6555267ae244a6264823309ead\n>start {\"formatid\":\"gen9randombattle\",\"seed\":[34896,44119,22257,20223],\"rated\":\"Rated battle\"}\n>player p1 {\"name\":\"songchamlai\",\"avatar\":\"2\",\"rating\":1423,\"seed\":[51649,51771,12791,12263]}\n>player p2 {\"name\":\"HonkeyCOMP\",\"avatar\":\"clay\",\"rating\":1431,\"seed\":[20386,64389,21529,28441]}\n>p1 move swordsdance\n>p2 move strengthsap\n>p1 move swordsdance\n>p2 move defog\n>p1 move knockoff\n>p2 move strengthsap\n>p2 switch 5\n>p1 move bravebird\n>p2 move tripleaxel\n>p1 switch 2\n>p1 move superpower\n>p2 switch 4\n>p1 move superpower\n>p2 move hydropump\n>p2 switch 2\n>p1 switch 6\n>p2 move leafstorm\n>p1 move sludgewave\n>p2 move terablast terastallize\n>p1 switch 5\n>p2 move leafstorm\n>p1 move leafstorm\n>p2 move terablast\n>p1 switch 6\n>p1 move heavyslam\n>p2 move leafstorm\n>p2 switch 6\n>p1 switch 4\n>p2 move voltswitch\n>p2 switch 4\n>p1 move liquidation\n>p2 move bulletseed\n>p1 switch 4\n>p1 move superpower\n>p2 move bulletseed\n>p1 switch 3\n>p1 move crunch\n>p2 move bulletseed\n>p2 switch 3\n>p1 move icepunch\n>p2 move outrage\n>p1 switch 5\n>p1 move morningsun\n>p2 move outrage", "uploadtime": 1732966193, "views": 6, "formatid": "gen9randombattle", "rating": 1403, "private": 0, "password": null}