{"id": "gen9randombattle-2254095370", "format": "[Gen 9] Random Battle", "players": ["The Light", "Eric_2139"], "log": "|j|\u2606The Light\n|j|\u2606Eric_2139\n|t:|1732990681\n|gametype|singles\n|player|p1|The Light|266|1509\n|player|p2|Eric_2139|265|1536\n|teamsize|p1|6\n|teamsize|p2|6\n|gen|9\n|tier|[Gen 9] Random Battle\n|rated|\n|rule|Species Clause: Limit one of each Pok\u00e9mon\n|rule|HP Percentage Mod: HP is shown in percentages\n|rule|Sleep Clause Mod: Limit one foe put to sleep\n|rule|Illusion Level Mod: Illusion disguises the Pok\u00e9mon's true level\n|\n|t:|1732990681\n|start\n|switch|p1a: Toxtricity|Toxtricity, L82, F|257/257\n|switch|p2a: Blastoise|Blastoise, L80, M|258/258\n|turn|1\n|\n|t:|1732990700\n|switch|p2a: Dialga|Dialga, L73|266/266\n|-ability|p2a: Dialga|Pressure\n|move|p1a: Toxtricity|Overdrive|p2a: Dialga\n|-resisted|p2a: Dialga\n|-damage|p2a: Dialga|226/266\n|\n|upkeep\n|turn|2\n|inactive|Battle timer is ON: inactive players will automatically lose when time's up. (requested by Eric_2139)\n|\n|t:|1732990732\n|switch|p1a: Phione|Phione, L91|293/293\n|move|p2a: Dialga|Draco Meteor|p1a: Phione\n|-damage|p1a: Phione|154/293\n|-unboost|p2a: Dialga|spa|2\n|\n|-heal|p1a: Phione|172/293|[from] item: Leftovers\n|upkeep\n|turn|3\n|\n|t:|1732990744\n|move|p1a: Phione|Take Heart|p1a: Phione\n|-boost|p1a: Phione|spa|1\n|-boost|p1a: Phione|spd|1\n|move|p2a: Dialga|Heavy Slam|p1a: Phione\n|-resisted|p1a: Phione\n|-damage|p1a: Phione|115/293\n|\n|-heal|p1a: Phione|133/293|[from] item: Leftovers\n|upkeep\n|turn|4\n|\n|t:|1732990754\n|move|p1a: Phione|Take Heart|p1a: Phione\n|-boost|p1a: Phione|spa|1\n|-boost|p1a: Phione|spd|1\n|move|p2a: Dialga|Dragon Tail|p1a: Phione\n|-damage|p1a: Phione|76/293\n|drag|p1a: Toxtricity|Toxtricity, L82, F|257/257\n|\n|upkeep\n|turn|5\n|\n|t:|1732990765\n|move|p1a: Toxtricity|Volt Switch|p2a: Dialga\n|-resisted|p2a: Dialga\n|-damage|p2a: Dialga|200/266\n|\n|t:|1732990769\n|switch|p1a: Passimian|Passimian, L83, M|302/302|[from] Volt Switch\n|move|p2a: Dialga|Fire Blast|p1a: Passimian\n|-damage|p1a: Passimian|248/302\n|\n|upkeep\n|turn|6\n|\n|t:|1732990783\n|switch|p2a: Flapple|Flapple, L88, F|266/266\n|move|p1a: Passimian|Close Combat|p2a: Flapple\n|-damage|p2a: Flapple|127/266\n|-unboost|p1a: Passimian|def|1\n|-unboost|p1a: Passimian|spd|1\n|\n|upkeep\n|turn|7\n|\n|t:|1732990794\n|move|p1a: Passimian|Close Combat|p2a: Flapple\n|-damage|p2a: Flapple|0 fnt\n|-unboost|p1a: Passimian|def|1\n|-unboost|p1a: Passimian|spd|1\n|faint|p2a: Flapple\n|\n|upkeep\n|\n|t:|1732990815\n|switch|p2a: Polteageist|Polteageist, L79|224/224\n|turn|8\n|\n|t:|1732990834\n|switch|p1a: Basculegion|Basculegion-F, L83, F|238/238\n|move|p2a: Polteageist|Shell Smash|p2a: Polteageist\n|-unboost|p2a: Polteageist|def|1\n|-unboost|p2a: Polteageist|spd|1\n|-boost|p2a: Polteageist|atk|2\n|-boost|p2a: Polteageist|spa|2\n|-boost|p2a: Polteageist|spe|2\n|-enditem|p2a: Polteageist|White Herb\n|-clearnegativeboost|p2a: Polteageist|[silent]\n|\n|upkeep\n|turn|9\n|\n|t:|1732990851\n|move|p2a: Polteageist|Shadow Ball|p1a: Basculegion\n|-resisted|p1a: Basculegion\n|-damage|p1a: Basculegion|105/238\n|replace|p1a: Zoroark|Zoroark, L84, F\n|-end|p1a: Zoroark|Illusion\n|-hint|Illusion Level Mod is active, so this Pok\u00e9mon's true level was hidden.\n|move|p1a: Zoroark|Dark Pulse|p2a: Polteageist\n|-supereffective|p2a: Polteageist\n|-damage|p2a: Polteageist|0 fnt\n|faint|p2a: Polteageist\n|\n|upkeep\n|\n|t:|1732990862\n|switch|p2a: Blastoise|Blastoise, L80, M|258/258\n|turn|10\n|\n|t:|1732990870\n|switch|p1a: Cacturne|Cacturne, L92, M|278/278\n|move|p2a: Blastoise|Shell Smash|p2a: Blastoise\n|-unboost|p2a: Blastoise|def|1\n|-unboost|p2a: Blastoise|spd|1\n|-boost|p2a: Blastoise|atk|2\n|-boost|p2a: Blastoise|spa|2\n|-boost|p2a: Blastoise|spe|2\n|-enditem|p2a: Blastoise|White Herb\n|-clearnegativeboost|p2a: Blastoise|[silent]\n|\n|upkeep\n|turn|11\n|\n|t:|1732990887\n|-terastallize|p2a: Blastoise|Electric\n|-terastallize|p1a: Cacturne|Poison\n|move|p2a: Blastoise|Ice Beam|p1a: Cacturne\n|-damage|p1a: Cacturne|157/278\n|move|p1a: Cacturne|Leaf Storm|p2a: Blastoise\n|-damage|p2a: Blastoise|27/258\n|-unboost|p1a: Cacturne|spa|2\n|-damage|p1a: Cacturne|130/278|[from] item: Life Orb\n|\n|upkeep\n|turn|12\n|\n|t:|1732990901\n|move|p1a: Cacturne|Sucker Punch|p2a: Blastoise\n|-damage|p2a: Blastoise|0 fnt\n|faint|p2a: Blastoise\n|-damage|p1a: Cacturne|103/278|[from] item: Life Orb\n|\n|upkeep\n|\n|t:|1732990913\n|switch|p2a: Dialga|Dialga, L73|200/266\n|-ability|p2a: Dialga|Pressure\n|turn|13\n|\n|t:|1732990924\n|switch|p1a: Phione|Phione, L91|76/293\n|move|p2a: Dialga|Heavy Slam|p1a: Phione\n|-resisted|p1a: Phione\n|-damage|p1a: Phione|16/293\n|\n|-heal|p1a: Phione|34/293|[from] item: Leftovers\n|upkeep\n|turn|14\n|\n|t:|1732990934\n|move|p1a: Phione|Ice Beam|p2a: Dialga\n|-damage|p2a: Dialga|152/266\n|-status|p2a: Dialga|frz\n|cant|p2a: Dialga|frz\n|\n|-heal|p1a: Phione|52/293|[from] item: Leftovers\n|upkeep\n|turn|15\n|\n|t:|1732990943\n|move|p1a: Phione|Take Heart|p1a: Phione\n|-boost|p1a: Phione|spa|1\n|-boost|p1a: Phione|spd|1\n|cant|p2a: Dialga|frz\n|\n|-heal|p1a: Phione|70/293|[from] item: Leftovers\n|upkeep\n|turn|16\n|\n|t:|1732990950\n|move|p1a: Phione|Take Heart|p1a: Phione\n|-boost|p1a: Phione|spa|1\n|-boost|p1a: Phione|spd|1\n|cant|p2a: Dialga|frz\n|\n|-heal|p1a: Phione|88/293|[from] item: Leftovers\n|upkeep\n|turn|17\n|\n|t:|1732990958\n|move|p1a: Phione|Take Heart|p1a: Phione\n|-boost|p1a: Phione|spa|1\n|-boost|p1a: Phione|spd|1\n|cant|p2a: Dialga|frz\n|\n|-heal|p1a: Phione|106/293|[from] item: Leftovers\n|upkeep\n|turn|18\n|\n|t:|1732990967\n|move|p1a: Phione|Take Heart|p1a: Phione\n|-boost|p1a: Phione|spa|1\n|-boost|p1a: Phione|spd|1\n|cant|p2a: Dialga|frz\n|\n|-heal|p1a: Phione|124/293|[from] item: Leftovers\n|upkeep\n|turn|19\n|\n|t:|1732990974\n|move|p1a: Phione|Ice Beam|p2a: Dialga\n|-damage|p2a: Dialga|28/266 frz\n|cant|p2a: Dialga|frz\n|\n|-heal|p1a: Phione|142/293|[from] item: Leftovers\n|upkeep\n|turn|20\n|\n|t:|1732990982\n|move|p1a: Phione|Ice Beam|p2a: Dialga\n|-damage|p2a: Dialga|0 fnt\n|faint|p2a: Dialga\n|\n|-heal|p1a: Phione|160/293|[from] item: Leftovers\n|upkeep\n|\n|t:|1732990988\n|switch|p2a: Tinkaton|Tinkaton, L82, F|274/274\n|-ability|p2a: Tinkaton|Mold Breaker\n|turn|21\n|\n|t:|1732990994\n|move|p2a: Tinkaton|Knock Off|p1a: Phione\n|-damage|p1a: Phione|94/293\n|-enditem|p1a: Phione|Leftovers|[from] move: Knock Off|[of] p2a: Tinkaton\n|-damage|p2a: Tinkaton|247/274|[from] item: Life Orb\n|move|p1a: Phione|Scald|p2a: Tinkaton\n|-damage|p2a: Tinkaton|12/274\n|-status|p2a: Tinkaton|brn\n|\n|-damage|p2a: Tinkaton|0 fnt|[from] brn\n|faint|p2a: Tinkaton\n|upkeep\n|\n|t:|1732991007\n|switch|p2a: Clawitzer|Clawitzer, L87, M|265/265\n|turn|22\n|\n|t:|1732991013\n|move|p1a: Phione|Grass Knot|p2a: Clawitzer\n|-supereffective|p2a: Clawitzer\n|-damage|p2a: Clawitzer|23/265\n|move|p2a: Clawitzer|Dark Pulse|p1a: Phione\n|-damage|p1a: Phione|40/293\n|\n|upkeep\n|turn|23\n|\n|t:|1732991021\n|move|p1a: Phione|Grass Knot|p2a: Clawitzer\n|-supereffective|p2a: Clawitzer\n|-damage|p2a: Clawitzer|0 fnt\n|faint|p2a: Clawitzer\n|\n|win|The Light\n|raw|The Light's rating: 1509 &rarr; <strong>1531</strong><br />(+22 for winning)\n|raw|Eric_2139's rating: 1536 &rarr; <strong>1514</strong><br />(-22 for losing)\n|l|\u2606Eric_2139\n|player|p2|\n", "inputlog": ">version b107d77f5c90bd6555267ae244a6264823309ead\n>start {\"formatid\":\"gen9randombattle\",\"seed\":[21387,59510,25064,51825],\"rated\":\"Rated battle\"}\n>player p1 {\"name\":\"The Light\",\"avatar\":\"266\",\"rating\":1509,\"seed\":[25934,39861,25059,36464]}\n>player p2 {\"name\":\"Eric_2139\",\"avatar\":\"265\",\"rating\":1536,\"seed\":[22374,58437,41726,60256]}\n>p1 move overdrive\n>p2 switch 2\n>p1 switch 5\n>p2 move dracometeor\n>p1 move takeheart\n>p2 move heavyslam\n>p1 move takeheart\n>p2 move dragontail\n>p1 move voltswitch\n>p2 move fireblast\n>p1 switch 2\n>p1 move closecombat\n>p2 switch 5\n>p1 move closecombat\n>p2 move outrage\n>p2 switch 4\n>p1 switch 3\n>p2 move shellsmash\n>p1 move darkpulse\n>p2 move shadowball\n>p2 switch 2\n>p1 switch 4\n>p2 move shellsmash\n>p1 move leafstorm terastallize\n>p2 move icebeam terastallize\n>p1 move suckerpunch\n>p2 move terablast\n>p2 switch 5\n>p1 switch 5\n>p2 move heavyslam\n>p1 move icebeam\n>p2 move heavyslam\n>p1 move takeheart\n>p2 move heavyslam\n>p1 move takeheart\n>p2 move heavyslam\n>p1 move takeheart\n>p2 move dragontail\n>p1 move takeheart\n>p2 move dragontail\n>p1 move icebeam\n>p2 move dragontail\n>p1 move icebeam\n>p2 move dragontail\n>p2 switch 6\n>p1 move scald\n>p2 move knockoff\n>p2 switch 3\n>p1 move grassknot\n>p2 move darkpulse\n>p1 move grassknot\n>p2 move darkpulse", "uploadtime": 1732991057, "views": 1, "formatid": "gen9randombattle", "rating": 1514, "private": 0, "password": null}