{"id": "gen9randombattle-2253796946", "format": "[Gen 9] Random Battle", "players": ["Chuckyd73", "Sacred Quill"], "log": "|j|\u2606Chuckyd73\n|j|\u203dSacred Quill\n|t:|1732939671\n|gametype|singles\n|player|p1|Chuckyd73|101|1683\n|player|p2|Sacred Quill|clerk|1655\n|teamsize|p1|6\n|teamsize|p2|6\n|gen|9\n|tier|[Gen 9] Random Battle\n|rated|\n|rule|Species Clause: Limit one of each Pok\u00e9mon\n|rule|HP Percentage Mod: HP is shown in percentages\n|rule|Sleep Clause Mod: Limit one foe put to sleep\n|rule|Illusion Level Mod: Illusion disguises the Pok\u00e9mon's true level\n|\n|t:|1732939671\n|start\n|switch|p1a: Swalot|Swalot, L90, F|326/326\n|switch|p2a: Crawdaunt|Crawdaunt, L84, M|243/243\n|turn|1\n|inactive|Battle timer is ON: inactive players will automatically lose when time's up. (requested by Chuckyd73)\n|\n|t:|1732939686\n|move|p1a: Swalot|Gunk Shot|p2a: Crawdaunt\n|-damage|p2a: Crawdaunt|123/243\n|move|p2a: Crawdaunt|Knock Off|p1a: Swalot\n|-damage|p1a: Swalot|121/326\n|-enditem|p1a: Swalot|Leftovers|[from] move: Knock Off|[of] p2a: Crawdaunt\n|-damage|p2a: Crawdaunt|99/243|[from] item: Life Orb\n|\n|upkeep\n|turn|2\n|\n|t:|1732939698\n|move|p1a: Swalot|Gunk Shot|p2a: Crawdaunt\n|-damage|p2a: Crawdaunt|0 fnt\n|faint|p2a: Crawdaunt\n|\n|upkeep\n|\n|t:|1732939708\n|switch|p2a: Gyarados|Gyarados, L79, F|280/280\n|-ability|p2a: Gyarados|Intimidate|boost\n|-unboost|p1a: Swalot|atk|1\n|turn|3\n|\n|t:|1732939720\n|switch|p1a: Garganacl|Garganacl, L80, F|291/291\n|move|p2a: Gyarados|Earthquake|p1a: Garganacl\n|-supereffective|p1a: Garganacl\n|-damage|p1a: Garganacl|165/291\n|\n|-heal|p1a: Garganacl|183/291|[from] item: Leftovers\n|upkeep\n|turn|4\n|\n|t:|1732939727\n|move|p2a: Gyarados|Waterfall|p1a: Garganacl\n|-supereffective|p1a: Garganacl\n|-damage|p1a: Garganacl|43/291\n|cant|p1a: Garganacl|flinch\n|\n|-heal|p1a: Garganacl|61/291|[from] item: Leftovers\n|upkeep\n|turn|5\n|\n|t:|1732939732\n|move|p1a: Garganacl|Protect|p1a: Garganacl\n|-singleturn|p1a: Garganacl|Protect\n|move|p2a: Gyarados|Waterfall|p1a: Garganacl\n|-activate|p1a: Garganacl|move: Protect\n|\n|-heal|p1a: Garganacl|79/291|[from] item: Leftovers\n|upkeep\n|turn|6\n|\n|t:|1732939739\n|-terastallize|p1a: Garganacl|Dragon\n|move|p2a: Gyarados|Earthquake|p1a: Garganacl\n|-damage|p1a: Garganacl|24/291\n|move|p1a: Garganacl|Salt Cure|p2a: Gyarados\n|-supereffective|p2a: Gyarados\n|-damage|p2a: Gyarados|188/280\n|-start|p2a: Gyarados|Salt Cure\n|\n|-heal|p1a: Garganacl|42/291|[from] item: Leftovers\n|-damage|p2a: Gyarados|118/280|[from] Salt Cure\n|upkeep\n|turn|7\n|\n|t:|1732939750\n|switch|p2a: Granbull|Granbull, L88, F|302/302\n|-ability|p2a: Granbull|Intimidate|boost\n|-unboost|p1a: Garganacl|atk|1\n|move|p1a: Garganacl|Recover|p1a: Garganacl\n|-heal|p1a: Garganacl|188/291\n|\n|-heal|p1a: Garganacl|206/291|[from] item: Leftovers\n|upkeep\n|turn|8\n|\n|t:|1732939771\n|switch|p1a: Swalot|Swalot, L90, F|121/326\n|move|p2a: Granbull|Play Rough|p1a: Swalot\n|-resisted|p1a: Swalot\n|-damage|p1a: Swalot|58/326\n|\n|upkeep\n|turn|9\n|\n|t:|1732939783\n|switch|p2a: Chi-Yu|Chi-Yu, L77|211/211\n|-ability|p2a: Chi-Yu|Beads of Ruin\n|move|p1a: Swalot|Gunk Shot|p2a: Chi-Yu|[miss]\n|-miss|p1a: Swalot|p2a: Chi-Yu\n|\n|upkeep\n|turn|10\n|\n|t:|1732939793\n|move|p2a: Chi-Yu|Dark Pulse|p1a: Swalot\n|-damage|p1a: Swalot|0 fnt\n|faint|p1a: Swalot\n|\n|upkeep\n|\n|t:|1732939796\n|switch|p1a: Dragapult|Dragapult, L77, M|238/238\n|turn|11\n|\n|t:|1732939802\n|move|p1a: Dragapult|Nasty Plot|p1a: Dragapult\n|-boost|p1a: Dragapult|spa|2\n|move|p2a: Chi-Yu|Dark Pulse|p1a: Dragapult\n|-resisted|p1a: Dragapult\n|-damage|p1a: Dragapult|151/238\n|replace|p1a: Zoroark|Zoroark, L84, F\n|-end|p1a: Zoroark|Illusion\n|-hint|Illusion Level Mod is active, so this Pok\u00e9mon's true level was hidden.\n|\n|upkeep\n|turn|12\n|\n|t:|1732939809\n|switch|p2a: Granbull|Granbull, L88, F|302/302\n|-ability|p2a: Granbull|Intimidate|boost\n|-unboost|p1a: Zoroark|atk|1\n|move|p1a: Zoroark|Sludge Bomb|p2a: Granbull\n|-supereffective|p2a: Granbull\n|-damage|p2a: Granbull|0 fnt\n|faint|p2a: Granbull\n|-damage|p1a: Zoroark|128/238|[from] item: Life Orb\n|\n|upkeep\n|\n|t:|1732939819\n|switch|p2a: Chi-Yu|Chi-Yu, L77|211/211\n|-ability|p2a: Chi-Yu|Beads of Ruin\n|turn|13\n|\n|t:|1732939824\n|move|p1a: Zoroark|Sludge Bomb|p2a: Chi-Yu\n|-damage|p2a: Chi-Yu|30/211\n|-status|p2a: Chi-Yu|psn\n|-damage|p1a: Zoroark|105/238|[from] item: Life Orb\n|move|p2a: Chi-Yu|Fire Blast|p1a: Zoroark|[miss]\n|-miss|p2a: Chi-Yu|p1a: Zoroark\n|\n|-damage|p2a: Chi-Yu|4/211 psn|[from] psn\n|upkeep\n|turn|14\n|\n|t:|1732939834\n|move|p1a: Zoroark|Dark Pulse|p2a: Chi-Yu\n|-resisted|p2a: Chi-Yu\n|-damage|p2a: Chi-Yu|0 fnt\n|faint|p2a: Chi-Yu\n|-damage|p1a: Zoroark|82/238|[from] item: Life Orb\n|\n|upkeep\n|\n|t:|1732939843\n|switch|p2a: Cresselia|Cresselia, L80, F|323/323\n|turn|15\n|\n|t:|1732939846\n|-terastallize|p2a: Cresselia|Electric\n|move|p1a: Zoroark|Sludge Bomb|p2a: Cresselia\n|-damage|p2a: Cresselia|167/323\n|-damage|p1a: Zoroark|59/238|[from] item: Life Orb\n|move|p2a: Cresselia|Thunderbolt|p1a: Zoroark\n|-damage|p1a: Zoroark|0 fnt\n|faint|p1a: Zoroark\n|\n|-heal|p2a: Cresselia|187/323|[from] item: Leftovers\n|upkeep\n|\n|t:|1732939862\n|switch|p1a: Dedenne|Dedenne, L88, M|261/261\n|turn|16\n|\n|t:|1732939870\n|move|p1a: Dedenne|Dazzling Gleam|p2a: Cresselia\n|-damage|p2a: Cresselia|118/323\n|move|p2a: Cresselia|Calm Mind|p2a: Cresselia\n|-boost|p2a: Cresselia|spa|1\n|-boost|p2a: Cresselia|spd|1\n|\n|-heal|p2a: Cresselia|138/323|[from] item: Leftovers\n|upkeep\n|turn|17\n|\n|t:|1732939874\n|move|p1a: Dedenne|U-turn|p2a: Cresselia\n|-crit|p2a: Cresselia\n|-damage|p2a: Cresselia|92/323\n|\n|t:|1732939881\n|switch|p1a: Golurk|Golurk, L87|297/297|[from] U-turn\n|move|p2a: Cresselia|Moonlight|p2a: Cresselia\n|-heal|p2a: Cresselia|253/323\n|\n|-heal|p2a: Cresselia|273/323|[from] item: Leftovers\n|upkeep\n|turn|18\n|\n|t:|1732939889\n|move|p2a: Cresselia|Psyshock|p1a: Golurk\n|-damage|p1a: Golurk|197/297\n|move|p1a: Golurk|Dynamic Punch|p2a: Cresselia\n|-damage|p2a: Cresselia|145/323\n|-start|p2a: Cresselia|confusion\n|\n|-heal|p2a: Cresselia|165/323|[from] item: Leftovers\n|upkeep\n|turn|19\n|\n|t:|1732939894\n|-activate|p2a: Cresselia|confusion\n|move|p2a: Cresselia|Psyshock|p1a: Golurk\n|-damage|p1a: Golurk|92/297\n|move|p1a: Golurk|Dynamic Punch|p2a: Cresselia\n|-damage|p2a: Cresselia|48/323\n|\n|-heal|p2a: Cresselia|68/323|[from] item: Leftovers\n|upkeep\n|turn|20\n|\n|t:|1732939897\n|-activate|p2a: Cresselia|confusion\n|move|p2a: Cresselia|Psyshock|p1a: Golurk\n|-damage|p1a: Golurk|0 fnt\n|faint|p1a: Golurk\n|\n|-heal|p2a: Cresselia|88/323|[from] item: Leftovers\n|upkeep\n|\n|t:|1732939906\n|switch|p1a: Dragapult|Dragapult, L77, M|262/262\n|turn|21\n|\n|t:|1732939915\n|move|p1a: Dragapult|Draco Meteor|p2a: Cresselia\n|-damage|p2a: Cresselia|0 fnt\n|-unboost|p1a: Dragapult|spa|2\n|faint|p2a: Cresselia\n|\n|upkeep\n|\n|t:|1732939920\n|switch|p2a: Sinistcha|Sinistcha, L83|254/254\n|turn|22\n|\n|t:|1732939924\n|switch|p1a: Garganacl|Garganacl, L80, F, tera:Dragon|206/291\n|move|p2a: Sinistcha|Calm Mind|p2a: Sinistcha\n|-boost|p2a: Sinistcha|spa|1\n|-boost|p2a: Sinistcha|spd|1\n|\n|-heal|p1a: Garganacl|224/291|[from] item: Leftovers\n|upkeep\n|turn|23\n|\n|t:|1732939931\n|move|p2a: Sinistcha|Shadow Ball|p1a: Garganacl\n|-damage|p1a: Garganacl|145/291\n|-unboost|p1a: Garganacl|spd|1\n|move|p1a: Garganacl|Salt Cure|p2a: Sinistcha\n|-damage|p2a: Sinistcha|217/254\n|-start|p2a: Sinistcha|Salt Cure\n|\n|-heal|p2a: Sinistcha|232/254|[from] item: Leftovers\n|-heal|p1a: Garganacl|163/291|[from] item: Leftovers\n|-damage|p2a: Sinistcha|201/254|[from] Salt Cure\n|upkeep\n|turn|24\n|\n|t:|1732939939\n|switch|p1a: Dedenne|Dedenne, L88, M|261/261\n|move|p2a: Sinistcha|Calm Mind|p2a: Sinistcha\n|-boost|p2a: Sinistcha|spa|1\n|-boost|p2a: Sinistcha|spd|1\n|\n|-heal|p2a: Sinistcha|216/254|[from] item: Leftovers\n|-damage|p2a: Sinistcha|185/254|[from] Salt Cure\n|upkeep\n|turn|25\n|\n|t:|1732939946\n|move|p1a: Dedenne|Nuzzle|p2a: Sinistcha\n|-resisted|p2a: Sinistcha\n|-damage|p2a: Sinistcha|177/254\n|-status|p2a: Sinistcha|par\n|move|p2a: Sinistcha|Matcha Gotcha|p1a: Dedenne\n|-damage|p1a: Dedenne|48/261\n|-heal|p2a: Sinistcha|254/254 par|[from] drain|[of] p1a: Dedenne\n|-enditem|p1a: Dedenne|Sitrus Berry|[eat]\n|-heal|p1a: Dedenne|113/261|[from] item: Sitrus Berry\n|-heal|p1a: Dedenne|200/261|[from] ability: Cheek Pouch\n|\n|-damage|p2a: Sinistcha|223/254 par|[from] Salt Cure\n|upkeep\n|turn|26\n|\n|t:|1732939957\n|switch|p1a: Garganacl|Garganacl, L80, F, tera:Dragon|163/291\n|move|p2a: Sinistcha|Matcha Gotcha|p1a: Garganacl\n|-resisted|p1a: Garganacl\n|-damage|p1a: Garganacl|61/291\n|-heal|p2a: Sinistcha|254/254 par|[from] drain|[of] p1a: Garganacl\n|\n|-heal|p1a: Garganacl|79/291|[from] item: Leftovers\n|-damage|p2a: Sinistcha|223/254 par|[from] Salt Cure\n|upkeep\n|turn|27\n|\n|t:|1732939963\n|move|p1a: Garganacl|Recover|p1a: Garganacl\n|-heal|p1a: Garganacl|225/291\n|move|p2a: Sinistcha|Calm Mind|p2a: Sinistcha\n|-boost|p2a: Sinistcha|spa|1\n|-boost|p2a: Sinistcha|spd|1\n|\n|-heal|p1a: Garganacl|243/291|[from] item: Leftovers\n|-heal|p2a: Sinistcha|238/254 par|[from] item: Leftovers\n|-damage|p2a: Sinistcha|207/254 par|[from] Salt Cure\n|upkeep\n|turn|28\n|\n|t:|1732939972\n|move|p1a: Garganacl|Salt Cure|p2a: Sinistcha\n|-damage|p2a: Sinistcha|170/254 par\n|cant|p2a: Sinistcha|par\n|\n|-heal|p1a: Garganacl|261/291|[from] item: Leftovers\n|-heal|p2a: Sinistcha|185/254 par|[from] item: Leftovers\n|-damage|p2a: Sinistcha|154/254 par|[from] Salt Cure\n|upkeep\n|turn|29\n|\n|t:|1732939981\n|move|p1a: Garganacl|Protect|p1a: Garganacl\n|-singleturn|p1a: Garganacl|Protect\n|move|p2a: Sinistcha|Strength Sap|p1a: Garganacl\n|-activate|p1a: Garganacl|move: Protect\n|\n|-heal|p1a: Garganacl|279/291|[from] item: Leftovers\n|-heal|p2a: Sinistcha|169/254 par|[from] item: Leftovers\n|-damage|p2a: Sinistcha|138/254 par|[from] Salt Cure\n|upkeep\n|turn|30\n|\n|t:|1732939992\n|move|p1a: Garganacl|Salt Cure|p2a: Sinistcha\n|-damage|p2a: Sinistcha|104/254 par\n|move|p2a: Sinistcha|Strength Sap|p1a: Garganacl\n|-unboost|p1a: Garganacl|atk|1\n|-heal|p2a: Sinistcha|254/254 par\n|\n|-heal|p1a: Garganacl|291/291|[from] item: Leftovers\n|-damage|p2a: Sinistcha|223/254 par|[from] Salt Cure\n|upkeep\n|turn|31\n|\n|t:|1732940002\n|switch|p1a: Dedenne|Dedenne, L88, M|200/261\n|move|p2a: Sinistcha|Calm Mind|p2a: Sinistcha\n|-boost|p2a: Sinistcha|spa|1\n|-boost|p2a: Sinistcha|spd|1\n|\n|-heal|p2a: Sinistcha|238/254 par|[from] item: Leftovers\n|-damage|p2a: Sinistcha|207/254 par|[from] Salt Cure\n|upkeep\n|turn|32\n|\n|t:|1732940009\n|move|p1a: Dedenne|Thunderbolt|p2a: Sinistcha\n|-resisted|p2a: Sinistcha\n|-damage|p2a: Sinistcha|189/254 par\n|move|p2a: Sinistcha|Matcha Gotcha|p1a: Dedenne\n|-damage|p1a: Dedenne|0 fnt\n|-heal|p2a: Sinistcha|254/254 par|[from] drain|[of] p1a: Dedenne\n|faint|p1a: Dedenne\n|\n|-damage|p2a: Sinistcha|223/254 par|[from] Salt Cure\n|upkeep\n|\n|t:|1732940016\n|switch|p1a: Dragapult|Dragapult, L77, M|262/262\n|turn|33\n|\n|t:|1732940019\n|move|p1a: Dragapult|U-turn|p2a: Sinistcha\n|-damage|p2a: Sinistcha|178/254 par\n|\n|t:|1732940021\n|switch|p1a: Garganacl|Garganacl, L80, F, tera:Dragon|291/291|[from] U-turn\n|move|p2a: Sinistcha|Shadow Ball|p1a: Garganacl\n|-damage|p1a: Garganacl|150/291\n|-unboost|p1a: Garganacl|spd|1\n|\n|-heal|p1a: Garganacl|168/291|[from] item: Leftovers\n|-heal|p2a: Sinistcha|193/254 par|[from] item: Leftovers\n|-damage|p2a: Sinistcha|162/254 par|[from] Salt Cure\n|upkeep\n|turn|34\n|\n|t:|1732940029\n|move|p1a: Garganacl|Recover|p1a: Garganacl\n|-heal|p1a: Garganacl|291/291\n|move|p2a: Sinistcha|Shadow Ball|p1a: Garganacl\n|-damage|p1a: Garganacl|66/291\n|-unboost|p1a: Garganacl|spd|1\n|\n|-heal|p1a: Garganacl|84/291|[from] item: Leftovers\n|-heal|p2a: Sinistcha|177/254 par|[from] item: Leftovers\n|-damage|p2a: Sinistcha|146/254 par|[from] Salt Cure\n|upkeep\n|turn|35\n|\n|t:|1732940035\n|move|p1a: Garganacl|Protect|p1a: Garganacl\n|-singleturn|p1a: Garganacl|Protect\n|move|p2a: Sinistcha|Shadow Ball|p1a: Garganacl\n|-activate|p1a: Garganacl|move: Protect\n|\n|-heal|p1a: Garganacl|102/291|[from] item: Leftovers\n|-heal|p2a: Sinistcha|161/254 par|[from] item: Leftovers\n|-damage|p2a: Sinistcha|130/254 par|[from] Salt Cure\n|upkeep\n|turn|36\n|\n|t:|1732940040\n|switch|p1a: Dragapult|Dragapult, L77, M|262/262\n|move|p2a: Sinistcha|Shadow Ball|p1a: Dragapult\n|-supereffective|p1a: Dragapult\n|-damage|p1a: Dragapult|0 fnt\n|faint|p1a: Dragapult\n|\n|-heal|p2a: Sinistcha|145/254 par|[from] item: Leftovers\n|-damage|p2a: Sinistcha|114/254 par|[from] Salt Cure\n|upkeep\n|\n|t:|1732940046\n|switch|p1a: Garganacl|Garganacl, L80, F, tera:Dragon|102/291\n|turn|37\n|\n|t:|1732940050\n|move|p1a: Garganacl|Recover|p1a: Garganacl\n|-heal|p1a: Garganacl|248/291\n|cant|p2a: Sinistcha|par\n|\n|-heal|p1a: Garganacl|266/291|[from] item: Leftovers\n|-heal|p2a: Sinistcha|129/254 par|[from] item: Leftovers\n|-damage|p2a: Sinistcha|98/254 par|[from] Salt Cure\n|upkeep\n|turn|38\n|\n|t:|1732940055\n|move|p1a: Garganacl|Salt Cure|p2a: Sinistcha\n|-damage|p2a: Sinistcha|61/254 par\n|move|p2a: Sinistcha|Strength Sap|p1a: Garganacl\n|-unboost|p1a: Garganacl|atk|1\n|-heal|p2a: Sinistcha|254/254 par\n|\n|-heal|p1a: Garganacl|284/291|[from] item: Leftovers\n|-damage|p2a: Sinistcha|223/254 par|[from] Salt Cure\n|upkeep\n|turn|39\n|l|\u2606Chuckyd73\n|inactive|Chuckyd73 disconnected and has a minute to reconnect!\n|player|p1|\n|inactive|Chuckyd73 has 30 seconds to reconnect!\n|inactive|Chuckyd73 has 20 seconds to reconnect!\n|inactive|Chuckyd73 has 15 seconds to reconnect!\n|inactive|Chuckyd73 has 10 seconds to reconnect!\n|inactive|Chuckyd73 has 5 seconds to reconnect!\n|-message|Chuckyd73 lost due to inactivity.\n|\n|win|Sacred Quill\n|raw|Chuckyd73's rating: 1683 &rarr; <strong>1661</strong><br />(-22 for losing)\n|raw|Sacred Quill's rating: 1655 &rarr; <strong>1677</strong><br />(+22 for winning)\n", "inputlog": ">version b107d77f5c90bd6555267ae244a6264823309ead\n>start {\"formatid\":\"gen9randombattle\",\"seed\":[11010,9411,35088,37515],\"rated\":\"Rated battle\"}\n>player p1 {\"name\":\"Chuckyd73\",\"avatar\":\"101\",\"rating\":1683,\"seed\":[19892,9841,24215,60123]}\n>player p2 {\"name\":\"Sacred Quill\",\"avatar\":\"clerk\",\"rating\":1655,\"seed\":[2255,36688,49596,37805]}\n>p1 move gunkshot\n>p2 move knockoff\n>p1 move gunkshot\n>p2 move crabhammer\n>p2 switch 4\n>p1 switch 3\n>p2 move earthquake\n>p1 move saltcure\n>p2 move waterfall\n>p1 move protect\n>p2 move waterfall\n>p1 move saltcure terastallize\n>p2 move earthquake\n>p1 move recover\n>p2 switch 3\n>p1 switch 3\n>p2 move playrough\n>p1 move gunkshot\n>p2 switch 2\n>p1 move gunkshot\n>p2 move darkpulse\n>p1 switch 5\n>p1 move nastyplot\n>p2 move darkpulse\n>p1 move sludgebomb\n>p2 switch 2\n>p2 switch 2\n>p1 move sludgebomb\n>p2 move fireblast\n>p1 move darkpulse\n>p2 move fireblast\n>p2 switch 5\n>p1 move sludgebomb\n>p2 move thunderbolt terastallize\n>p1 switch 2\n>p1 move dazzlinggleam\n>p2 move calmmind\n>p1 move uturn\n>p2 move moonlight\n>p1 switch 4\n>p1 move dynamicpunch\n>p2 move psyshock\n>p1 move dynamicpunch\n>p2 move psyshock\n>p1 move dynamicpunch\n>p2 move psyshock\n>p1 switch 6\n>p1 move dracometeor\n>p2 move moonlight\n>p2 switch 6\n>p1 switch 3\n>p2 move calmmind\n>p1 move saltcure\n>p2 move shadowball\n>p1 switch 4\n>p2 move calmmind\n>p1 move nuzzle\n>p2 move matchagotcha\n>p1 switch 4\n>p2 move matchagotcha\n>p1 move recover\n>p2 move calmmind\n>p1 move saltcure\n>p2 move shadowball\n>p1 move protect\n>p2 move strengthsap\n>p1 move saltcure\n>p2 move strengthsap\n>p1 switch 4\n>p2 move calmmind\n>p1 move thunderbolt\n>p2 move matchagotcha\n>p1 switch 3\n>p1 move uturn\n>p2 move shadowball\n>p1 switch 4\n>p1 move recover\n>p2 move shadowball\n>p1 move protect\n>p2 move shadowball\n>p1 switch 4\n>p2 move shadowball\n>p1 switch 4\n>p1 move recover\n>p2 move strengthsap\n>p1 move saltcure\n>p2 move strengthsap\n>forcelose p1", "uploadtime": 1732940141, "views": 49, "formatid": "gen9randombattle", "rating": 1661, "private": 0, "password": null}