{"id": "gen9randombattle-2254041708", "format": "[Gen 9] Random Battle", "players": ["Cthoxyexistamus", "latinahyeju"], "log": "|j|\u2606Cthoxyexistamus\n|j|\u2606latinahyeju\n|t:|1732983878\n|gametype|singles\n|player|p1|Cthoxyexistamus|2|\n|player|p2|latinahyeju|lass-gen4|\n|teamsize|p1|6\n|teamsize|p2|6\n|gen|9\n|tier|[Gen 9] Random Battle\n|rule|Species Clause: Limit one of each Pok\u00e9mon\n|rule|HP Percentage Mod: HP is shown in percentages\n|rule|Sleep Clause Mod: Limit one foe put to sleep\n|rule|Illusion Level Mod: Illusion disguises the Pok\u00e9mon's true level\n|\n|t:|1732983878\n|start\n|switch|p1a: Pecharunt|Pecharunt, L77|262/262\n|switch|p2a: Houndoom|Houndoom, L87, M|272/272\n|turn|1\n|\n|t:|1732983907\n|move|p2a: Houndoom|Fire Blast|p1a: Pecharunt\n|-damage|p1a: Pecharunt|111/262\n|move|p1a: Pecharunt|Shadow Ball|p2a: Houndoom\n|-resisted|p2a: Houndoom\n|-damage|p2a: Houndoom|238/272\n|-unboost|p2a: Houndoom|spd|1\n|\n|-heal|p1a: Pecharunt|127/262|[from] item: Leftovers\n|upkeep\n|turn|2\n|\n|t:|1732983941\n|switch|p1a: Quaquaval|Quaquaval, L79, M|264/264\n|move|p2a: Houndoom|Fire Blast|p1a: Quaquaval\n|-resisted|p1a: Quaquaval\n|-damage|p1a: Quaquaval|182/264\n|\n|upkeep\n|turn|3\n|\n|t:|1732983954\n|switch|p2a: Jolteon|Jolteon, L84, M|246/246\n|move|p1a: Quaquaval|Close Combat|p2a: Jolteon\n|-damage|p2a: Jolteon|3/246\n|-unboost|p1a: Quaquaval|def|1\n|-unboost|p1a: Quaquaval|spd|1\n|\n|-heal|p2a: Jolteon|18/246|[from] item: Leftovers\n|upkeep\n|turn|4\n|\n|t:|1732983969\n|move|p2a: Jolteon|Substitute|p2a: Jolteon\n|-fail|p2a: Jolteon|move: Substitute|[weak]\n|move|p1a: Quaquaval|Close Combat|p2a: Jolteon\n|-damage|p2a: Jolteon|0 fnt\n|-unboost|p1a: Quaquaval|def|1\n|-unboost|p1a: Quaquaval|spd|1\n|faint|p2a: Jolteon\n|-ability|p1a: Quaquaval|Moxie|boost\n|-boost|p1a: Quaquaval|atk|1\n|\n|upkeep\n|\n|t:|1732983982\n|switch|p2a: Iron Jugulis|Iron Jugulis, L78|275/275\n|turn|5\n|\n|t:|1732983996\n|-terastallize|p2a: Iron Jugulis|Dark\n|move|p2a: Iron Jugulis|Dark Pulse|p1a: Quaquaval\n|-resisted|p1a: Quaquaval\n|-damage|p1a: Quaquaval|0 fnt\n|faint|p1a: Quaquaval\n|\n|upkeep\n|\n|t:|1732984034\n|switch|p1a: Bronzong|Bronzong, L88|261/261\n|turn|6\n|\n|t:|1732984045\n|-end|p2a: Iron Jugulis|Quark Drive|[silent]\n|switch|p2a: Houndoom|Houndoom, L87, M|238/272\n|move|p1a: Bronzong|Psychic|p2a: Houndoom\n|-immune|p2a: Houndoom\n|\n|upkeep\n|turn|7\n|\n|t:|1732984055\n|move|p2a: Houndoom|Fire Blast|p1a: Bronzong\n|-supereffective|p1a: Bronzong\n|-damage|p1a: Bronzong|57/261\n|move|p1a: Bronzong|Iron Head|p2a: Houndoom\n|-resisted|p2a: Houndoom\n|-damage|p2a: Houndoom|172/272\n|\n|-heal|p1a: Bronzong|73/261|[from] item: Leftovers\n|upkeep\n|turn|8\n|\n|t:|1732984073\n|-terastallize|p1a: Bronzong|Electric\n|move|p2a: Houndoom|Sludge Bomb|p1a: Bronzong\n|-damage|p1a: Bronzong|12/261\n|-status|p1a: Bronzong|psn\n|move|p1a: Bronzong|Earthquake|p2a: Houndoom\n|-supereffective|p2a: Houndoom\n|-crit|p2a: Houndoom\n|-damage|p2a: Houndoom|0 fnt\n|faint|p2a: Houndoom\n|\n|-heal|p1a: Bronzong|28/261 psn|[from] item: Leftovers\n|-damage|p1a: Bronzong|0 fnt|[from] psn\n|faint|p1a: Bronzong\n|upkeep\n|\n|t:|1732984090\n|switch|p2a: Iron Jugulis|Iron Jugulis, L78, tera:Dark|275/275\n|switch|p1a: Pecharunt|Pecharunt, L77|127/262\n|turn|9\n|\n|t:|1732984106\n|move|p2a: Iron Jugulis|Fire Blast|p1a: Pecharunt\n|-damage|p1a: Pecharunt|0 fnt\n|faint|p1a: Pecharunt\n|\n|upkeep\n|inactive|Battle timer is ON: inactive players will automatically lose when time's up. (requested by latinahyeju)\n|\n|t:|1732984123\n|switch|p1a: Oinkologne|Oinkologne, L92, M|352/352\n|turn|10\n|inactiveoff|Battle timer is now OFF.\n|\n|t:|1732984141\n|move|p2a: Iron Jugulis|Fire Blast|p1a: Oinkologne\n|-damage|p1a: Oinkologne|288/352\n|move|p1a: Oinkologne|High Horsepower|p2a: Iron Jugulis\n|-damage|p2a: Iron Jugulis|180/275\n|\n|-heal|p1a: Oinkologne|310/352|[from] item: Leftovers\n|upkeep\n|turn|11\n|inactive|Battle timer is ON: inactive players will automatically lose when time's up. (requested by Cthoxyexistamus)\n|\n|t:|1732984220\n|-end|p2a: Iron Jugulis|Quark Drive|[silent]\n|switch|p2a: Crabominable|Crabominable, L90, M|321/321\n|move|p1a: Oinkologne|High Horsepower|p2a: Crabominable\n|-damage|p2a: Crabominable|235/321\n|\n|-heal|p1a: Oinkologne|332/352|[from] item: Leftovers\n|upkeep\n|turn|12\n|inactive|Cthoxyexistamus has 270 seconds left.\n|\n|t:|1732984266\n|move|p1a: Oinkologne|Lash Out|p2a: Crabominable\n|-resisted|p2a: Crabominable\n|-damage|p2a: Crabominable|199/321\n|move|p2a: Crabominable|Drain Punch|p1a: Oinkologne\n|-supereffective|p1a: Oinkologne\n|-damage|p1a: Oinkologne|30/352\n|-heal|p2a: Crabominable|321/321|[from] drain|[of] p1a: Oinkologne\n|\n|-heal|p1a: Oinkologne|52/352|[from] item: Leftovers\n|upkeep\n|turn|13\n|\n|t:|1732984282\n|move|p1a: Oinkologne|Curse|p1a: Oinkologne\n|-unboost|p1a: Oinkologne|spe|1\n|-boost|p1a: Oinkologne|atk|1\n|-boost|p1a: Oinkologne|def|1\n|move|p2a: Crabominable|Ice Hammer|p1a: Oinkologne\n|-damage|p1a: Oinkologne|0 fnt\n|-unboost|p2a: Crabominable|spe|1\n|faint|p1a: Oinkologne\n|\n|upkeep\n|\n|t:|1732984295\n|switch|p1a: Ambipom|Ambipom, L84, M|263/263\n|turn|14\n|\n|t:|1732984305\n|move|p1a: Ambipom|Low Kick|p2a: Crabominable\n|-supereffective|p2a: Crabominable\n|-damage|p2a: Crabominable|83/321\n|move|p2a: Crabominable|Knock Off|p1a: Ambipom\n|-damage|p1a: Ambipom|145/263\n|-enditem|p1a: Ambipom|Choice Band|[from] move: Knock Off|[of] p2a: Crabominable\n|\n|upkeep\n|turn|15\n|\n|t:|1732984320\n|switch|p2a: Iron Jugulis|Iron Jugulis, L78, tera:Dark|180/275\n|move|p1a: Ambipom|Low Kick|p2a: Iron Jugulis\n|-supereffective|p2a: Iron Jugulis\n|-damage|p2a: Iron Jugulis|16/275\n|\n|upkeep\n|turn|16\n|\n|t:|1732984334\n|move|p1a: Ambipom|Low Kick|p2a: Iron Jugulis\n|-supereffective|p2a: Iron Jugulis\n|-damage|p2a: Iron Jugulis|0 fnt\n|faint|p2a: Iron Jugulis\n|-end|p2a: Iron Jugulis|Quark Drive|[silent]\n|\n|upkeep\n|\n|t:|1732984351\n|switch|p2a: Ribombee|Ribombee, L82, F|233/233\n|turn|17\n|inactive|Cthoxyexistamus has 270 seconds left.\n|\n|t:|1732984374\n|switch|p1a: Kilowattrel|Kilowattrel, L83, F|252/252\n|move|p2a: Ribombee|Moonblast|p1a: Kilowattrel\n|-damage|p1a: Kilowattrel|120/252\n|\n|upkeep\n|turn|18\n|\n|t:|1732984386\n|switch|p2a: Magearna|Magearna-Original, L77|250/250\n|move|p1a: Kilowattrel|Hurricane|p2a: Magearna\n|-resisted|p2a: Magearna\n|-damage|p2a: Magearna|194/250\n|-start|p2a: Magearna|confusion\n|\n|-heal|p2a: Magearna|209/250|[from] item: Leftovers\n|upkeep\n|turn|19\n|inactive|latinahyeju has 270 seconds left.\n|\n|t:|1732984406\n|move|p1a: Kilowattrel|U-turn|p2a: Magearna\n|-resisted|p2a: Magearna\n|-damage|p2a: Magearna|200/250\n|\n|t:|1732984410\n|switch|p1a: Ambipom|Ambipom, L84, M|145/263|[from] U-turn\n|-activate|p2a: Magearna|confusion\n|-damage|p2a: Magearna|183/250|[from] confusion\n|\n|-heal|p2a: Magearna|198/250|[from] item: Leftovers\n|upkeep\n|turn|20\n|\n|t:|1732984422\n|move|p1a: Ambipom|Low Kick|p2a: Magearna\n|-damage|p2a: Magearna|144/250\n|-activate|p2a: Magearna|confusion\n|-damage|p2a: Magearna|125/250|[from] confusion\n|\n|-heal|p2a: Magearna|140/250|[from] item: Leftovers\n|upkeep\n|turn|21\n|\n|t:|1732984443\n|move|p1a: Ambipom|Triple Axel|p2a: Magearna\n|-resisted|p2a: Magearna\n|-damage|p2a: Magearna|130/250\n|-resisted|p2a: Magearna\n|-damage|p2a: Magearna|111/250\n|-resisted|p2a: Magearna\n|-damage|p2a: Magearna|81/250\n|-hitcount|p2a: Magearna|3\n|-end|p2a: Magearna|confusion\n|move|p2a: Magearna|Fleur Cannon|p1a: Ambipom\n|-damage|p1a: Ambipom|0 fnt\n|-unboost|p2a: Magearna|spa|2\n|faint|p1a: Ambipom\n|-ability|p2a: Magearna|Soul-Heart|boost\n|-boost|p2a: Magearna|spa|1\n|\n|-heal|p2a: Magearna|96/250|[from] item: Leftovers\n|upkeep\n|inactive|Cthoxyexistamus has 240 seconds left.\n|\n|t:|1732984460\n|switch|p1a: Kilowattrel|Kilowattrel, L83, F|120/252\n|turn|22\n|inactive|Cthoxyexistamus has 240 seconds left.\n|\n|t:|1732984471\n|move|p1a: Kilowattrel|Thunderbolt|p2a: Magearna\n|-damage|p2a: Magearna|0 fnt\n|faint|p2a: Magearna\n|\n|upkeep\n|\n|t:|1732984478\n|switch|p2a: Crabominable|Crabominable, L90, M|83/321\n|turn|23\n|\n|t:|1732984486\n|move|p1a: Kilowattrel|Hurricane|p2a: Crabominable\n|-supereffective|p2a: Crabominable\n|-damage|p2a: Crabominable|0 fnt\n|faint|p2a: Crabominable\n|\n|upkeep\n|\n|t:|1732984493\n|switch|p2a: Ribombee|Ribombee, L82, F|233/233\n|turn|24\n|\n|t:|1732984501\n|move|p1a: Kilowattrel|Thunderbolt|p2a: Ribombee\n|-damage|p2a: Ribombee|118/233\n|move|p2a: Ribombee|Moonblast|p1a: Kilowattrel\n|-damage|p1a: Kilowattrel|3/252\n|\n|upkeep\n|turn|25\n|\n|t:|1732984518\n|move|p1a: Kilowattrel|Thunderbolt|p2a: Ribombee\n|-damage|p2a: Ribombee|0 fnt\n|faint|p2a: Ribombee\n|\n|win|Cthoxyexistamus\n|l|\u2606latinahyeju\n|player|p2|\n|j|\u2606latinahyeju\n|player|p2|latinahyeju|lass-gen4|\n|l|\u2606latinahyeju\n|player|p2|\n", "inputlog": ">version b107d77f5c90bd6555267ae244a6264823309ead\n>start {\"formatid\":\"gen9randombattle\",\"seed\":[9542,4060,25980,53787]}\n>player p1 {\"name\":\"Cthoxyexistamus\",\"avatar\":\"2\",\"rating\":0,\"seed\":[58021,62720,39022,20855]}\n>player p2 {\"name\":\"latinahyeju\",\"avatar\":\"lass-gen4\",\"rating\":0,\"seed\":[8616,65288,9624,59038]}\n>p1 move shadowball\n>p2 move fireblast\n>p1 switch 3\n>p2 move fireblast\n>p1 move closecombat\n>p2 switch 4\n>p1 move closecombat\n>p2 move substitute\n>p2 switch 2\n>p1 move closecombat\n>p2 move darkpulse terastallize\n>p1 switch 2\n>p1 move psychic\n>p2 switch 4\n>p1 move ironhead\n>p2 move fireblast\n>p1 move earthquake terastallize\n>p2 move sludgebomb\n>p1 switch 3\n>p2 switch 4\n>p1 move malignantchain\n>p2 move fireblast\n>p1 switch 5\n>p1 move highhorsepower\n>p2 move fireblast\n>p1 move highhorsepower\n>p2 switch 3\n>p1 move lashout\n>p2 move drainpunch\n>p1 move curse\n>p2 move icehammer\n>p1 switch 4\n>p1 move lowkick\n>p2 move knockoff\n>p1 move lowkick\n>p2 switch 3\n>p1 move lowkick\n>p2 move hurricane\n>p2 switch 6\n>p1 switch 6\n>p2 move moonblast\n>p1 move hurricane\n>p2 switch 5\n>p1 move uturn\n>p2 move flashcannon\n>p1 switch 6\n>p1 move lowkick\n>p2 move fleurcannon\n>p1 move tripleaxel\n>p2 move fleurcannon\n>p1 switch 6\n>p1 move thunderbolt\n>p2 move flashcannon\n>p2 switch 3\n>p1 move hurricane\n>p2 move icehammer\n>p2 switch 5\n>p1 move thunderbolt\n>p2 move moonblast\n>p1 move thunderbolt\n>p2 move moonblast", "uploadtime": 1732985809, "views": 23, "formatid": "gen9randombattle", "rating": null, "private": 0, "password": null}