{"id": "gen9randombattle-2253986130", "format": "[Gen 9] Random Battle", "players": ["tdgdgddjfj", "MRPENDEJ0"], "log": "|j|\u2606tdgdgddjfj\n|j|\u2606MRPENDEJ0\n|t:|1732975981\n|gametype|singles\n|player|p1|tdgdgddjfj|102|1104\n|player|p2|MRPENDEJ0|crasherwake|1079\n|teamsize|p1|6\n|teamsize|p2|6\n|gen|9\n|tier|[Gen 9] Random Battle\n|rated|\n|rule|Species Clause: Limit one of each Pok\u00e9mon\n|rule|HP Percentage Mod: HP is shown in percentages\n|rule|Sleep Clause Mod: Limit one foe put to sleep\n|rule|Illusion Level Mod: Illusion disguises the Pok\u00e9mon's true level\n|\n|t:|1732975981\n|start\n|switch|p1a: Tauros|Tauros, L82, M|257/257\n|switch|p2a: Darkrai|Darkrai, L77|234/234\n|turn|1\n|j| bils26\n|\n|t:|1732975994\n|move|p2a: Darkrai|Nasty Plot|p2a: Darkrai\n|-boost|p2a: Darkrai|spa|2\n|move|p1a: Tauros|Close Combat|p2a: Darkrai\n|-supereffective|p2a: Darkrai\n|-damage|p2a: Darkrai|0 fnt\n|-unboost|p1a: Tauros|def|1\n|-unboost|p1a: Tauros|spd|1\n|faint|p2a: Darkrai\n|-damage|p1a: Tauros|232/257|[from] item: Life Orb\n|\n|upkeep\n|\n|t:|1732976009\n|switch|p2a: Misdreavus|Misdreavus, L90, F|254/254\n|turn|2\n|\n|t:|1732976015\n|move|p1a: Tauros|Throat Chop|p2a: Misdreavus\n|-supereffective|p2a: Misdreavus\n|-damage|p2a: Misdreavus|103/254\n|move|p2a: Misdreavus|Calm Mind|p2a: Misdreavus\n|-boost|p2a: Misdreavus|spa|1\n|-boost|p2a: Misdreavus|spd|1\n|\n|upkeep\n|turn|3\n|\n|t:|1732976025\n|-terastallize|p2a: Misdreavus|Fairy\n|move|p1a: Tauros|Throat Chop|p2a: Misdreavus\n|-resisted|p2a: Misdreavus\n|-damage|p2a: Misdreavus|68/254\n|move|p2a: Misdreavus|Draining Kiss|p1a: Tauros\n|-damage|p1a: Tauros|40/257\n|-heal|p2a: Misdreavus|212/254|[from] drain|[of] p1a: Tauros\n|\n|upkeep\n|turn|4\n|\n|t:|1732976044\n|move|p1a: Tauros|Body Slam|p2a: Misdreavus\n|-damage|p2a: Misdreavus|98/254\n|move|p2a: Misdreavus|Draining Kiss|p1a: Tauros\n|-damage|p1a: Tauros|0 fnt\n|-heal|p2a: Misdreavus|128/254|[from] drain|[of] p1a: Tauros\n|faint|p1a: Tauros\n|\n|upkeep\n|\n|t:|1732976057\n|switch|p1a: Tentacruel|Tentacruel, L84, F|272/272\n|turn|5\n|l| bils26\n|inactive|Battle timer is ON: inactive players will automatically lose when time's up. (requested by tdgdgddjfj)\n|\n|t:|1732976078\n|move|p1a: Tentacruel|Sludge Bomb|p2a: Misdreavus\n|-supereffective|p2a: Misdreavus\n|-damage|p2a: Misdreavus|50/254\n|-status|p2a: Misdreavus|psn\n|move|p2a: Misdreavus|Shadow Ball|p1a: Tentacruel\n|-damage|p1a: Tentacruel|164/272\n|\n|-heal|p1a: Tentacruel|181/272|[from] item: Leftovers\n|-damage|p2a: Misdreavus|19/254 psn|[from] psn\n|upkeep\n|turn|6\n|\n|t:|1732976092\n|move|p1a: Tentacruel|Rapid Spin|p2a: Misdreavus\n|-damage|p2a: Misdreavus|0 fnt\n|-boost|p1a: Tentacruel|spe|1\n|faint|p2a: Misdreavus\n|\n|-heal|p1a: Tentacruel|198/272|[from] item: Leftovers\n|upkeep\n|\n|t:|1732976097\n|switch|p2a: Ninetales|Ninetales-Alola, L78, F|242/242\n|-weather|Snow|[from] ability: Snow Warning|[of] p2a: Ninetales\n|turn|7\n|\n|t:|1732976106\n|move|p1a: Tentacruel|Sludge Bomb|p2a: Ninetales\n|-supereffective|p2a: Ninetales\n|-damage|p2a: Ninetales|90/242\n|move|p2a: Ninetales|Aurora Veil|p2a: Ninetales\n|-sidestart|p2: MRPENDEJ0|move: Aurora Veil\n|\n|-weather|Snow|[upkeep]\n|-heal|p1a: Tentacruel|215/272|[from] item: Leftovers\n|upkeep\n|turn|8\n|\n|t:|1732976115\n|move|p1a: Tentacruel|Sludge Bomb|p2a: Ninetales\n|-supereffective|p2a: Ninetales\n|-damage|p2a: Ninetales|11/242\n|move|p2a: Ninetales|Blizzard|p1a: Tentacruel\n|-resisted|p1a: Tentacruel\n|-damage|p1a: Tentacruel|182/272\n|-status|p1a: Tentacruel|frz\n|\n|-weather|Snow|[upkeep]\n|-heal|p1a: Tentacruel|199/272 frz|[from] item: Leftovers\n|upkeep\n|turn|9\n|\n|t:|1732976128\n|switch|p2a: Oricorio|Oricorio, L84, F|263/263\n|-curestatus|p1a: Tentacruel|frz|[msg]\n|move|p1a: Tentacruel|Sludge Bomb|p2a: Oricorio\n|-damage|p2a: Oricorio|218/263\n|-status|p2a: Oricorio|psn\n|\n|-weather|Snow|[upkeep]\n|-heal|p1a: Tentacruel|216/272|[from] item: Leftovers\n|-damage|p2a: Oricorio|186/263 psn|[from] psn\n|upkeep\n|turn|10\n|\n|t:|1732976141\n|move|p1a: Tentacruel|Surf|p2a: Oricorio\n|-supereffective|p2a: Oricorio\n|-damage|p2a: Oricorio|83/263 psn\n|move|p2a: Oricorio|Hurricane|p1a: Tentacruel|[miss]\n|-miss|p2a: Oricorio|p1a: Tentacruel\n|\n|-weather|Snow|[upkeep]\n|-heal|p1a: Tentacruel|233/272|[from] item: Leftovers\n|-damage|p2a: Oricorio|51/263 psn|[from] psn\n|upkeep\n|turn|11\n|\n|t:|1732976152\n|move|p1a: Tentacruel|Surf|p2a: Oricorio\n|-supereffective|p2a: Oricorio\n|-damage|p2a: Oricorio|0 fnt\n|faint|p2a: Oricorio\n|\n|-weather|none\n|-heal|p1a: Tentacruel|250/272|[from] item: Leftovers\n|upkeep\n|\n|t:|1732976155\n|switch|p2a: Quaquaval|Quaquaval, L79, F|264/264\n|turn|12\n|\n|t:|1732976163\n|move|p1a: Tentacruel|Sludge Bomb|p2a: Quaquaval\n|-damage|p2a: Quaquaval|213/264\n|move|p2a: Quaquaval|Knock Off|p1a: Tentacruel\n|-damage|p1a: Tentacruel|127/272\n|-enditem|p1a: Tentacruel|Leftovers|[from] move: Knock Off|[of] p2a: Quaquaval\n|\n|upkeep\n|turn|13\n|\n|t:|1732976171\n|move|p1a: Tentacruel|Toxic|p2a: Quaquaval\n|-status|p2a: Quaquaval|tox\n|move|p2a: Quaquaval|Knock Off|p1a: Tentacruel\n|-damage|p1a: Tentacruel|41/272\n|\n|-damage|p2a: Quaquaval|197/264 tox|[from] psn\n|upkeep\n|turn|14\n|\n|t:|1732976182\n|move|p1a: Tentacruel|Sludge Bomb|p2a: Quaquaval\n|-damage|p2a: Quaquaval|148/264 tox\n|move|p2a: Quaquaval|Knock Off|p1a: Tentacruel\n|-damage|p1a: Tentacruel|0 fnt\n|faint|p1a: Tentacruel\n|-ability|p2a: Quaquaval|Moxie|boost\n|-boost|p2a: Quaquaval|atk|1\n|\n|-damage|p2a: Quaquaval|116/264 tox|[from] psn\n|-sideend|p2: MRPENDEJ0|move: Aurora Veil\n|upkeep\n|\n|t:|1732976203\n|switch|p1a: Indeedee|Indeedee-F, L90, F|272/272\n|-fieldstart|move: Psychic Terrain|[from] ability: Psychic Surge|[of] p1a: Indeedee\n|turn|15\n|\n|t:|1732976209\n|move|p1a: Indeedee|Psyshock|p2a: Quaquaval\n|-supereffective|p2a: Quaquaval\n|-damage|p2a: Quaquaval|0 fnt\n|faint|p2a: Quaquaval\n|\n|upkeep\n|\n|t:|1732976213\n|switch|p2a: Ninetales|Ninetales-Alola, L78, F|11/242\n|-weather|Snow|[from] ability: Snow Warning|[of] p2a: Ninetales\n|turn|16\n|\n|t:|1732976218\n|move|p1a: Indeedee|Psyshock|p2a: Ninetales\n|-damage|p2a: Ninetales|0 fnt\n|faint|p2a: Ninetales\n|\n|-weather|Snow|[upkeep]\n|upkeep\n|\n|t:|1732976221\n|switch|p2a: Coalossal|Coalossal, L89, M|341/341\n|turn|17\n|\n|t:|1732976229\n|move|p1a: Indeedee|Psyshock|p2a: Coalossal\n|-damage|p2a: Coalossal|247/341\n|move|p2a: Coalossal|Flamethrower|p1a: Indeedee\n|-damage|p1a: Indeedee|200/272\n|\n|-weather|Snow|[upkeep]\n|upkeep\n|turn|18\n|\n|t:|1732976248\n|move|p1a: Indeedee|Psyshock|p2a: Coalossal\n|-damage|p2a: Coalossal|156/341\n|move|p2a: Coalossal|Stone Edge|p1a: Indeedee\n|-crit|p1a: Indeedee\n|-damage|p1a: Indeedee|11/272\n|\n|-weather|Snow|[upkeep]\n|upkeep\n|turn|19\n|\n|t:|1732976257\n|move|p1a: Indeedee|Psyshock|p2a: Coalossal\n|-damage|p2a: Coalossal|57/341\n|move|p2a: Coalossal|Rapid Spin|p1a: Indeedee\n|-crit|p1a: Indeedee\n|-damage|p1a: Indeedee|0 fnt\n|-boost|p2a: Coalossal|spe|1\n|faint|p1a: Indeedee\n|\n|-weather|Snow|[upkeep]\n|-fieldend|move: Psychic Terrain\n|upkeep\n|\n|t:|1732976269\n|switch|p1a: Cetitan|Cetitan, L82, F|412/412\n|turn|20\n|\n|t:|1732976275\n|move|p1a: Cetitan|Earthquake|p2a: Coalossal\n|-supereffective|p2a: Coalossal\n|-damage|p2a: Coalossal|0 fnt\n|faint|p2a: Coalossal\n|\n|win|tdgdgddjfj\n|raw|tdgdgddjfj's rating: 1104 &rarr; <strong>1127</strong><br />(+23 for winning)\n|raw|MRPENDEJ0's rating: 1079 &rarr; <strong>1059</strong><br />(-20 for losing)\n", "inputlog": ">version b107d77f5c90bd6555267ae244a6264823309ead\n>start {\"formatid\":\"gen9randombattle\",\"seed\":[23154,63723,12825,42224],\"rated\":\"Rated battle\"}\n>player p1 {\"name\":\"tdgdgddjfj\",\"avatar\":\"102\",\"rating\":1104,\"seed\":[23357,62559,45177,36818]}\n>player p2 {\"name\":\"MRPENDEJ0\",\"avatar\":\"crasherwake\",\"rating\":1079,\"seed\":[2166,49632,781,60107]}\n>p1 move closecombat\n>p2 move nastyplot\n>p2 switch 2\n>p1 move throatchop\n>p2 move calmmind\n>p1 move throatchop\n>p2 move drainingkiss terastallize\n>p1 move bodyslam\n>p2 move drainingkiss\n>p1 switch 2\n>p1 move sludgebomb\n>p2 move shadowball\n>p1 move rapidspin\n>p2 move shadowball\n>p2 switch 5\n>p1 move sludgebomb\n>p2 move auroraveil\n>p1 move sludgebomb\n>p2 move blizzard\n>p1 move sludgebomb\n>p2 switch 4\n>p1 move surf\n>p2 move hurricane\n>p1 move surf\n>p2 move hurricane\n>p2 switch 6\n>p1 move sludgebomb\n>p2 move knockoff\n>p1 move toxic\n>p2 move knockoff\n>p1 move sludgebomb\n>p2 move knockoff\n>p1 switch 4\n>p1 move psyshock\n>p2 move knockoff\n>p2 switch 4\n>p1 move psyshock\n>p2 move auroraveil\n>p2 switch 3\n>p1 move psyshock\n>p2 move flamethrower\n>p1 move psyshock\n>p2 move stoneedge\n>p1 move psyshock\n>p2 move rapidspin\n>p1 switch 5\n>p1 move earthquake\n>p2 move flamethrower", "uploadtime": 1732976280, "views": 1, "formatid": "gen9randombattle", "rating": 1059, "private": 0, "password": null}