{"id": "gen9randombattle-2254037342", "format": "[Gen 9] Random Battle", "players": ["Ezecrack0205", "ElatedElectrode"], "log": "|j|\u2606Ezecrack0205\n|j|\u2606ElatedElectrode\n|t:|1732983293\n|gametype|singles\n|player|p1|Ezecrack0205|169|1536\n|player|p2|ElatedElectrode|266|1530\n|teamsize|p1|6\n|teamsize|p2|6\n|gen|9\n|tier|[Gen 9] Random Battle\n|rated|\n|rule|Species Clause: Limit one of each Pok\u00e9mon\n|rule|HP Percentage Mod: HP is shown in percentages\n|rule|Sleep Clause Mod: Limit one foe put to sleep\n|rule|Illusion Level Mod: Illusion disguises the Pok\u00e9mon's true level\n|\n|t:|1732983293\n|start\n|switch|p1a: Sunflora|Sunflora, M|312/312\n|switch|p2a: Forretress|Forretress, L84, F|263/263\n|turn|1\n|inactive|Battle timer is ON: inactive players will automatically lose when time's up. (requested by ElatedElectrode)\n|\n|t:|1732983316\n|move|p1a: Sunflora|Earth Power|p2a: Forretress\n|-damage|p2a: Forretress|85/263\n|-damage|p1a: Sunflora|281/312|[from] item: Life Orb\n|move|p2a: Forretress|Stealth Rock|p1a: Sunflora\n|-sidestart|p1: Ezecrack0205|move: Stealth Rock\n|\n|-heal|p2a: Forretress|101/263|[from] item: Leftovers\n|upkeep\n|turn|2\n|\n|t:|1732983333\n|switch|p2a: Illumise|Illumise, L91, F|266/266\n|move|p1a: Sunflora|Earth Power|p2a: Illumise\n|-resisted|p2a: Illumise\n|-damage|p2a: Illumise|210/266\n|-damage|p1a: Sunflora|250/312|[from] item: Life Orb\n|\n|upkeep\n|turn|3\n|inactive|Ezecrack0205 has 120 seconds left.\n|\n|t:|1732983378\n|switch|p1a: Dondozo|Dondozo, L78, M|362/362\n|-damage|p1a: Dondozo|317/362|[from] Stealth Rock\n|move|p2a: Illumise|Thunder Wave|p1a: Dondozo\n|-status|p1a: Dondozo|par\n|\n|-heal|p1a: Dondozo|339/362 par|[from] item: Leftovers\n|upkeep\n|turn|4\n|\n|t:|1732983387\n|move|p2a: Illumise|Bug Buzz|p1a: Dondozo\n|-damage|p1a: Dondozo|209/362 par\n|move|p1a: Dondozo|Wave Crash|p2a: Illumise\n|-damage|p2a: Illumise|96/266\n|-damage|p1a: Dondozo|171/362 par|[from] Recoil\n|\n|-heal|p1a: Dondozo|193/362 par|[from] item: Leftovers\n|upkeep\n|turn|5\n|\n|t:|1732983397\n|move|p2a: Illumise|Roost|p2a: Illumise\n|-heal|p2a: Illumise|229/266\n|-singleturn|p2a: Illumise|move: Roost\n|cant|p1a: Dondozo|par\n|\n|-heal|p1a: Dondozo|215/362 par|[from] item: Leftovers\n|upkeep\n|turn|6\n|\n|t:|1732983402\n|move|p2a: Illumise|Bug Buzz|p1a: Dondozo\n|-damage|p1a: Dondozo|104/362 par\n|move|p1a: Dondozo|Wave Crash|p2a: Illumise\n|-damage|p2a: Illumise|112/266\n|-damage|p1a: Dondozo|65/362 par|[from] Recoil\n|\n|-heal|p1a: Dondozo|87/362 par|[from] item: Leftovers\n|upkeep\n|turn|7\n|inactive|Ezecrack0205 has 120 seconds left.\n|\n|t:|1732983409\n|move|p2a: Illumise|Bug Buzz|p1a: Dondozo\n|-damage|p1a: Dondozo|0 fnt\n|faint|p1a: Dondozo\n|\n|upkeep\n|inactive|Ezecrack0205 has 120 seconds left.\n|\n|t:|1732983419\n|switch|p1a: Vespiquen|Vespiquen, L98, F|296/296\n|-ability|p1a: Vespiquen|Pressure\n|turn|8\n|inactive|Ezecrack0205 has 120 seconds left.\n|\n|t:|1732983427\n|move|p2a: Illumise|Thunder Wave|p1a: Vespiquen\n|-status|p1a: Vespiquen|par\n|move|p1a: Vespiquen|Air Slash|p2a: Illumise\n|-supereffective|p2a: Illumise\n|-damage|p2a: Illumise|0 fnt\n|faint|p2a: Illumise\n|\n|upkeep\n|\n|t:|1732983442\n|switch|p2a: Volcanion|Volcanion, L79|255/255\n|turn|9\n|\n|t:|1732983452\n|move|p2a: Volcanion|Flamethrower|p1a: Vespiquen\n|-supereffective|p1a: Vespiquen\n|-crit|p1a: Vespiquen\n|-damage|p1a: Vespiquen|30/296 par\n|move|p1a: Vespiquen|Toxic|p2a: Volcanion\n|-status|p2a: Volcanion|tox\n|\n|-damage|p2a: Volcanion|240/255 tox|[from] psn\n|upkeep\n|turn|10\n|\n|t:|1732983459\n|move|p2a: Volcanion|Flamethrower|p1a: Vespiquen\n|-supereffective|p1a: Vespiquen\n|-damage|p1a: Vespiquen|0 fnt\n|faint|p1a: Vespiquen\n|\n|-damage|p2a: Volcanion|210/255 tox|[from] psn\n|upkeep\n|\n|t:|1732983475\n|switch|p1a: Sunflora|Sunflora, M|250/312\n|-damage|p1a: Sunflora|211/312|[from] Stealth Rock\n|turn|11\n|\n|t:|1732983481\n|move|p2a: Volcanion|Flamethrower|p1a: Sunflora\n|-supereffective|p1a: Sunflora\n|-damage|p1a: Sunflora|35/312\n|move|p1a: Sunflora|Earth Power|p2a: Volcanion\n|-supereffective|p2a: Volcanion\n|-damage|p2a: Volcanion|0 fnt\n|faint|p2a: Volcanion\n|-damage|p1a: Sunflora|4/312|[from] item: Life Orb\n|\n|upkeep\n|\n|t:|1732983497\n|switch|p2a: Inteleon|Inteleon, L81, M|246/246\n|turn|12\n|\n|t:|1732983508\n|move|p2a: Inteleon|U-turn|p1a: Sunflora\n|-supereffective|p1a: Sunflora\n|-damage|p1a: Sunflora|0 fnt\n|faint|p1a: Sunflora\n|\n|t:|1732983510\n|switch|p2a: Forretress|Forretress, L84, F|101/263|[from] U-turn\n|\n|-heal|p2a: Forretress|117/263|[from] item: Leftovers\n|upkeep\n|\n|t:|1732983518\n|switch|p1a: Sandslash|Sandslash, L88, M|275/275\n|-damage|p1a: Sandslash|258/275|[from] Stealth Rock\n|turn|13\n|\n|t:|1732983524\n|switch|p2a: Hoopa|Hoopa, L85|275/275\n|move|p1a: Sandslash|Rapid Spin|p2a: Hoopa\n|-immune|p2a: Hoopa\n|\n|-heal|p1a: Sandslash|275/275|[from] item: Leftovers\n|upkeep\n|turn|14\n|\n|t:|1732983541\n|move|p2a: Hoopa|Shadow Ball|p1a: Sandslash\n|-damage|p1a: Sandslash|55/275\n|-damage|p2a: Hoopa|248/275|[from] item: Life Orb\n|move|p1a: Sandslash|Earthquake|p2a: Hoopa\n|-damage|p2a: Hoopa|98/275\n|\n|-heal|p1a: Sandslash|72/275|[from] item: Leftovers\n|upkeep\n|turn|15\n|\n|t:|1732983550\n|move|p2a: Hoopa|Shadow Ball|p1a: Sandslash\n|-damage|p1a: Sandslash|0 fnt\n|faint|p1a: Sandslash\n|-damage|p2a: Hoopa|71/275|[from] item: Life Orb\n|\n|upkeep\n|\n|t:|1732983554\n|switch|p1a: Mabosstiff|Mabosstiff, L86, M|278/278\n|-damage|p1a: Mabosstiff|244/278|[from] Stealth Rock\n|turn|16\n|\n|t:|1732983561\n|move|p1a: Mabosstiff|Play Rough|p2a: Hoopa\n|-damage|p2a: Hoopa|0 fnt\n|faint|p2a: Hoopa\n|\n|upkeep\n|\n|t:|1732983568\n|switch|p2a: Forretress|Forretress, L84, F|117/263\n|turn|17\n|\n|t:|1732983575\n|switch|p1a: Tyranitar|Tyranitar, L79, M|288/288\n|-damage|p1a: Tyranitar|252/288|[from] Stealth Rock\n|-weather|Sandstorm|[from] ability: Sand Stream|[of] p1a: Tyranitar\n|move|p2a: Forretress|Body Press|p1a: Tyranitar\n|-supereffective|p1a: Tyranitar\n|-damage|p1a: Tyranitar|0 fnt\n|faint|p1a: Tyranitar\n|\n|-weather|Sandstorm|[upkeep]\n|-heal|p2a: Forretress|133/263|[from] item: Leftovers\n|upkeep\n|\n|t:|1732983582\n|switch|p1a: Mabosstiff|Mabosstiff, L86, M|244/278\n|-damage|p1a: Mabosstiff|210/278|[from] Stealth Rock\n|turn|18\n|\n|t:|1732983586\n|move|p1a: Mabosstiff|Wild Charge|p2a: Forretress\n|-damage|p2a: Forretress|45/263\n|-damage|p1a: Mabosstiff|188/278|[from] Recoil\n|move|p2a: Forretress|Body Press|p1a: Mabosstiff\n|-supereffective|p1a: Mabosstiff\n|-damage|p1a: Mabosstiff|36/278\n|\n|-weather|Sandstorm|[upkeep]\n|-damage|p1a: Mabosstiff|19/278|[from] Sandstorm\n|-heal|p2a: Forretress|61/263|[from] item: Leftovers\n|upkeep\n|turn|19\n|-message|Ezecrack0205 forfeited.\n|\n|win|ElatedElectrode\n|raw|Ezecrack0205's rating: 1536 &rarr; <strong>1516</strong><br />(-20 for losing)\n|raw|ElatedElectrode's rating: 1530 &rarr; <strong>1550</strong><br />(+20 for winning)\n|l|\u2606Ezecrack0205\n|player|p1|\n", "inputlog": ">version b107d77f5c90bd6555267ae244a6264823309ead\n>start {\"formatid\":\"gen9randombattle\",\"seed\":[16343,29330,63026,23274],\"rated\":\"Rated battle\"}\n>player p1 {\"name\":\"Ezecrack0205\",\"avatar\":\"169\",\"rating\":1536,\"seed\":[49897,48124,50040,37259]}\n>player p2 {\"name\":\"ElatedElectrode\",\"avatar\":\"266\",\"rating\":1530,\"seed\":[13094,59839,65009,45649]}\n>p1 move earthpower\n>p2 move stealthrock\n>p1 move earthpower\n>p2 switch 4\n>p1 switch 6\n>p2 move thunderwave\n>p1 move wavecrash\n>p2 move bugbuzz\n>p1 move rest\n>p2 move roost\n>p1 move wavecrash\n>p2 move bugbuzz\n>p1 move curse\n>p2 move bugbuzz\n>p1 switch 3\n>p1 move airslash\n>p2 move thunderwave\n>p2 switch 6\n>p1 move toxic\n>p2 move flamethrower\n>p1 move spikes\n>p2 move flamethrower\n>p1 switch 6\n>p1 move earthpower\n>p2 move flamethrower\n>p2 switch 2\n>p1 move weatherball\n>p2 move uturn\n>p2 switch 4\n>p1 switch 4\n>p1 move rapidspin\n>p2 switch 5\n>p1 move earthquake\n>p2 move shadowball\n>p1 move earthquake\n>p2 move shadowball\n>p1 switch 5\n>p1 move playrough\n>p2 move focusblast\n>p2 switch 5\n>p1 switch 2\n>p2 move bodypress\n>p1 switch 2\n>p1 move wildcharge\n>p2 move bodypress\n>forcelose p1", "uploadtime": 1732983599, "views": 3, "formatid": "gen9randombattle", "rating": 1516, "private": 0, "password": null}