{"id": "gen9randombattle-2254175250", "format": "[Gen 9] Random Battle", "players": ["fasdjkdas", "Likayegames"], "log": "|j|\u2606fasdjkdas\n|j|\u2606Likayegames\n|t:|1733000535\n|gametype|singles\n|player|p1|fasdjkdas|1|1081\n|player|p2|Likayegames|policeman|1067\n|teamsize|p1|6\n|teamsize|p2|6\n|gen|9\n|tier|[Gen 9] Random Battle\n|rated|\n|rule|Species Clause: Limit one of each Pok\u00e9mon\n|rule|HP Percentage Mod: HP is shown in percentages\n|rule|Sleep Clause Mod: Limit one foe put to sleep\n|rule|Illusion Level Mod: Illusion disguises the Pok\u00e9mon's true level\n|\n|t:|1733000535\n|start\n|switch|p1a: Minior|Minior-Violet, L79|224/224\n|switch|p2a: Arceus|Arceus-Water, L71|288/288\n|-formechange|p1a: Minior|Minior-Meteor||[from] ability: Shields Down\n|turn|1\n|inactive|Battle timer is ON: inactive players will automatically lose when time's up. (requested by Likayegames)\n|\n|t:|1733000549\n|switch|p1a: Galvantula|Galvantula, L82, F|249/249\n|move|p2a: Arceus|Ice Beam|p1a: Galvantula\n|-damage|p1a: Galvantula|173/249\n|\n|upkeep\n|turn|2\n|\n|t:|1733000562\n|switch|p2a: Gogoat|Gogoat, L88, F|360/360\n|move|p1a: Galvantula|Sticky Web|p2a: Gogoat\n|-sidestart|p2: Likayegames|move: Sticky Web\n|\n|upkeep\n|turn|3\n|\n|t:|1733000576\n|-terastallize|p2a: Gogoat|Ground\n|move|p1a: Galvantula|Bug Buzz|p2a: Gogoat\n|-damage|p2a: Gogoat|260/360\n|move|p2a: Gogoat|Bulk Up|p2a: Gogoat\n|-boost|p2a: Gogoat|atk|1\n|-boost|p2a: Gogoat|def|1\n|\n|-heal|p2a: Gogoat|282/360|[from] item: Leftovers\n|upkeep\n|turn|4\n|\n|t:|1733000594\n|move|p1a: Galvantula|Bug Buzz|p2a: Gogoat\n|-damage|p2a: Gogoat|183/360\n|-unboost|p2a: Gogoat|spd|1\n|move|p2a: Gogoat|Bulk Up|p2a: Gogoat\n|-boost|p2a: Gogoat|atk|1\n|-boost|p2a: Gogoat|def|1\n|\n|-heal|p2a: Gogoat|205/360|[from] item: Leftovers\n|upkeep\n|turn|5\n|\n|t:|1733000604\n|move|p1a: Galvantula|Bug Buzz|p2a: Gogoat\n|-damage|p2a: Gogoat|61/360\n|move|p2a: Gogoat|Milk Drink|p2a: Gogoat\n|-heal|p2a: Gogoat|241/360\n|\n|-heal|p2a: Gogoat|263/360|[from] item: Leftovers\n|upkeep\n|turn|6\n|\n|t:|1733000610\n|move|p1a: Galvantula|Bug Buzz|p2a: Gogoat\n|-damage|p2a: Gogoat|118/360\n|move|p2a: Gogoat|Milk Drink|p2a: Gogoat\n|-heal|p2a: Gogoat|298/360\n|\n|-heal|p2a: Gogoat|320/360|[from] item: Leftovers\n|upkeep\n|turn|7\n|\n|t:|1733000617\n|move|p1a: Galvantula|Bug Buzz|p2a: Gogoat\n|-crit|p2a: Gogoat\n|-damage|p2a: Gogoat|127/360\n|move|p2a: Gogoat|Earthquake|p1a: Galvantula\n|-damage|p1a: Galvantula|0 fnt\n|faint|p1a: Galvantula\n|\n|-heal|p2a: Gogoat|149/360|[from] item: Leftovers\n|upkeep\n|\n|t:|1733000643\n|switch|p1a: Scyther|Scyther, L82, M|249/249\n|turn|8\n|\n|t:|1733000659\n|move|p1a: Scyther|Dual Wingbeat|p2a: Gogoat\n|-damage|p2a: Gogoat|109/360\n|-damage|p2a: Gogoat|67/360\n|-hitcount|p2a: Gogoat|2\n|move|p2a: Gogoat|Horn Leech|p1a: Scyther\n|-resisted|p1a: Scyther\n|-damage|p1a: Scyther|197/249\n|-heal|p2a: Gogoat|93/360|[from] drain|[of] p1a: Scyther\n|\n|-heal|p2a: Gogoat|115/360|[from] item: Leftovers\n|upkeep\n|turn|9\n|\n|t:|1733000669\n|move|p1a: Scyther|Dual Wingbeat|p2a: Gogoat\n|-damage|p2a: Gogoat|72/360\n|-damage|p2a: Gogoat|33/360\n|-hitcount|p2a: Gogoat|2\n|move|p2a: Gogoat|Horn Leech|p1a: Scyther\n|-resisted|p1a: Scyther\n|-damage|p1a: Scyther|147/249\n|-heal|p2a: Gogoat|58/360|[from] drain|[of] p1a: Scyther\n|\n|-heal|p2a: Gogoat|80/360|[from] item: Leftovers\n|upkeep\n|turn|10\n|\n|t:|1733000679\n|move|p1a: Scyther|Dual Wingbeat|p2a: Gogoat\n|-damage|p2a: Gogoat|38/360\n|-damage|p2a: Gogoat|0 fnt\n|faint|p2a: Gogoat\n|-hitcount|p2: Gogoat|2\n|\n|upkeep\n|\n|t:|1733000698\n|switch|p2a: Jolteon|Jolteon, L84, F|246/246\n|-activate|p2a: Jolteon|move: Sticky Web\n|-unboost|p2a: Jolteon|spe|1\n|turn|11\n|\n|t:|1733000705\n|move|p1a: Scyther|U-turn|p2a: Jolteon\n|-damage|p2a: Jolteon|143/246\n|\n|t:|1733000709\n|switch|p1a: Hitmontop|Hitmontop, L88, M|231/231|[from] U-turn\n|move|p2a: Jolteon|Alluring Voice|p1a: Hitmontop\n|-supereffective|p1a: Hitmontop\n|-damage|p1a: Hitmontop|93/231\n|\n|-heal|p1a: Hitmontop|107/231|[from] item: Leftovers\n|upkeep\n|turn|12\n|\n|t:|1733000716\n|move|p2a: Jolteon|Alluring Voice|p1a: Hitmontop\n|-supereffective|p1a: Hitmontop\n|-damage|p1a: Hitmontop|0 fnt\n|faint|p1a: Hitmontop\n|\n|upkeep\n|\n|t:|1733000722\n|switch|p1a: Diancie|Diancie, L82|216/216\n|turn|13\n|\n|t:|1733000729\n|switch|p2a: Perrserker|Perrserker, L89, M|269/269\n|-activate|p2a: Perrserker|move: Sticky Web\n|-unboost|p2a: Perrserker|spe|1\n|move|p1a: Diancie|Diamond Storm|p2a: Perrserker\n|-resisted|p2a: Perrserker\n|-damage|p2a: Perrserker|222/269\n|-boost|p1a: Diancie|def|2\n|\n|upkeep\n|turn|14\n|\n|t:|1733000742\n|switch|p1a: Slowbro|Slowbro, L85, M|300/300\n|move|p2a: Perrserker|Iron Head|p1a: Slowbro\n|-resisted|p1a: Slowbro\n|-damage|p1a: Slowbro|216/300\n|\n|-heal|p1a: Slowbro|234/300|[from] item: Leftovers\n|upkeep\n|turn|15\n|\n|t:|1733000752\n|move|p1a: Slowbro|Scald|p2a: Perrserker\n|-damage|p2a: Perrserker|117/269\n|move|p2a: Perrserker|Iron Head|p1a: Slowbro\n|-resisted|p1a: Slowbro\n|-damage|p1a: Slowbro|155/300\n|\n|-heal|p1a: Slowbro|173/300|[from] item: Leftovers\n|upkeep\n|turn|16\n|\n|t:|1733000759\n|move|p1a: Slowbro|Scald|p2a: Perrserker\n|-damage|p2a: Perrserker|3/269\n|move|p2a: Perrserker|Iron Head|p1a: Slowbro\n|-resisted|p1a: Slowbro\n|-damage|p1a: Slowbro|87/300\n|\n|-heal|p1a: Slowbro|105/300|[from] item: Leftovers\n|upkeep\n|turn|17\n|\n|t:|1733000767\n|move|p1a: Slowbro|Slack Off|p1a: Slowbro\n|-heal|p1a: Slowbro|255/300\n|move|p2a: Perrserker|Iron Head|p1a: Slowbro\n|-resisted|p1a: Slowbro\n|-damage|p1a: Slowbro|166/300\n|\n|-heal|p1a: Slowbro|184/300|[from] item: Leftovers\n|upkeep\n|turn|18\n|\n|t:|1733000774\n|move|p1a: Slowbro|Scald|p2a: Perrserker\n|-damage|p2a: Perrserker|0 fnt\n|faint|p2a: Perrserker\n|\n|-heal|p1a: Slowbro|202/300|[from] item: Leftovers\n|upkeep\n|\n|t:|1733000782\n|switch|p2a: Meowscarada|Meowscarada, L78, M|247/247\n|turn|19\n|\n|t:|1733000790\n|-terastallize|p1a: Slowbro|Fighting\n|move|p2a: Meowscarada|Toxic Spikes|p1a: Slowbro\n|-start|p2a: Meowscarada|typechange|Poison|[from] ability: Protean\n|-sidestart|p1: fasdjkdas|move: Toxic Spikes\n|move|p1a: Slowbro|Body Press|p2a: Meowscarada\n|-resisted|p2a: Meowscarada\n|-damage|p2a: Meowscarada|190/247\n|\n|-heal|p1a: Slowbro|220/300|[from] item: Leftovers\n|upkeep\n|turn|20\n|\n|t:|1733000803\n|move|p2a: Meowscarada|Toxic Spikes|p1a: Slowbro\n|-sidestart|p1: fasdjkdas|move: Toxic Spikes\n|move|p1a: Slowbro|Iron Defense|p1a: Slowbro\n|-boost|p1a: Slowbro|def|2\n|\n|-heal|p1a: Slowbro|238/300|[from] item: Leftovers\n|upkeep\n|turn|21\n|\n|t:|1733000812\n|move|p2a: Meowscarada|Flower Trick|p1a: Slowbro\n|-crit|p1a: Slowbro\n|-damage|p1a: Slowbro|174/300\n|move|p1a: Slowbro|Body Press|p2a: Meowscarada\n|-resisted|p2a: Meowscarada\n|-damage|p2a: Meowscarada|68/247\n|\n|-heal|p1a: Slowbro|192/300|[from] item: Leftovers\n|upkeep\n|turn|22\n|\n|t:|1733000823\n|move|p2a: Meowscarada|Knock Off|p1a: Slowbro\n|-resisted|p1a: Slowbro\n|-damage|p1a: Slowbro|177/300\n|-enditem|p1a: Slowbro|Leftovers|[from] move: Knock Off|[of] p2a: Meowscarada\n|move|p1a: Slowbro|Slack Off|p1a: Slowbro\n|-heal|p1a: Slowbro|300/300\n|\n|upkeep\n|turn|23\n|\n|t:|1733000833\n|switch|p2a: Jolteon|Jolteon, L84, F|143/246\n|-activate|p2a: Jolteon|move: Sticky Web\n|-unboost|p2a: Jolteon|spe|1\n|move|p1a: Slowbro|Body Press|p2a: Jolteon\n|-damage|p2a: Jolteon|0 fnt\n|faint|p2a: Jolteon\n|\n|upkeep\n|\n|t:|1733000847\n|switch|p2a: Talonflame|Talonflame, L84, M|268/268\n|turn|24\n|\n|t:|1733000854\n|move|p2a: Talonflame|Brave Bird|p1a: Slowbro\n|-supereffective|p1a: Slowbro\n|-damage|p1a: Slowbro|204/300\n|-damage|p2a: Talonflame|236/268|[from] Recoil\n|move|p1a: Slowbro|Iron Defense|p1a: Slowbro\n|-boost|p1a: Slowbro|def|2\n|\n|upkeep\n|turn|25\n|inactive|Likayegames has 120 seconds left.\n|inactive|Likayegames has 90 seconds left.\n|inactive|Likayegames has 60 seconds left.\n|inactive|Likayegames has 30 seconds left.\n|inactive|Likayegames has 20 seconds left.\n|inactive|Likayegames has 15 seconds left.\n|inactive|Likayegames has 10 seconds left.\n|inactive|Likayegames has 5 seconds left.\n|-message|Likayegames lost due to inactivity.\n|\n|win|fasdjkdas\n|raw|fasdjkdas's rating: 1081 &rarr; <strong>1108</strong><br />(+27 for winning)\n|raw|Likayegames's rating: 1067 &rarr; <strong>1048</strong><br />(-19 for losing)\n|l|\u2606Likayegames\n|player|p2|\n", "inputlog": ">version b107d77f5c90bd6555267ae244a6264823309ead\n>start {\"formatid\":\"gen9randombattle\",\"seed\":[4269,7393,4187,54685],\"rated\":\"Rated battle\"}\n>player p1 {\"name\":\"fasdjkdas\",\"avatar\":\"1\",\"rating\":1081,\"seed\":[33138,51353,57401,18014]}\n>player p2 {\"name\":\"Likayegames\",\"avatar\":\"policeman\",\"rating\":1067,\"seed\":[58122,340,25808,34845]}\n>p1 switch 2\n>p2 move icebeam\n>p1 move stickyweb\n>p2 switch 2\n>p1 move bugbuzz\n>p2 move bulkup terastallize\n>p1 move bugbuzz\n>p2 move bulkup\n>p1 move bugbuzz\n>p2 move milkdrink\n>p1 move bugbuzz\n>p2 move milkdrink\n>p1 move bugbuzz\n>p2 move earthquake\n>p1 switch 3\n>p1 move dualwingbeat\n>p2 move hornleech\n>p1 move dualwingbeat\n>p2 move hornleech\n>p1 move dualwingbeat\n>p2 move hornleech\n>p2 switch 3\n>p1 move uturn\n>p2 move alluringvoice\n>p1 switch 4\n>p1 move closecombat\n>p2 move alluringvoice\n>p1 switch 5\n>p1 move diamondstorm\n>p2 switch 5\n>p1 switch 6\n>p2 move ironhead\n>p1 move scald\n>p2 move ironhead\n>p1 move scald\n>p2 move ironhead\n>p1 move slackoff\n>p2 move ironhead\n>p1 move scald\n>p2 move ironhead\n>p2 switch 6\n>p1 move bodypress terastallize\n>p2 move toxicspikes\n>p1 move irondefense\n>p2 move toxicspikes\n>p1 move bodypress\n>p2 move flowertrick\n>p1 move slackoff\n>p2 move knockoff\n>p1 move bodypress\n>p2 switch 5\n>p2 switch 4\n>p1 move irondefense\n>p2 move bravebird\n>forcelose p2", "uploadtime": 1733001051, "views": 1, "formatid": "gen9randombattle", "rating": 1048, "private": 0, "password": null}