{"id": "gen9randombattle-2254132616", "format": "[Gen 9] Random Battle", "players": ["Sibam14", "Muk Muk Goodra"], "log": "|j|\u2606Sibam14\n|j|\u2606Muk Muk Goodra\n|t:|1732995219\n|gametype|singles\n|player|p1|Sibam14|alder|1827\n|player|p2|Muk Muk Goodra|2|1872\n|teamsize|p1|6\n|teamsize|p2|6\n|gen|9\n|tier|[Gen 9] Random Battle\n|rated|\n|rule|Species Clause: Limit one of each Pok\u00e9mon\n|rule|HP Percentage Mod: HP is shown in percentages\n|rule|Sleep Clause Mod: Limit one foe put to sleep\n|rule|Illusion Level Mod: Illusion disguises the Pok\u00e9mon's true level\n|\n|t:|1732995219\n|start\n|switch|p1a: Manaphy|Manaphy, L78|284/284\n|switch|p2a: Regidrago|Regidrago, L77|435/435\n|turn|1\n|inactive|Battle timer is ON: inactive players will automatically lose when time's up. (requested by Muk Muk Goodra)\n|\n|t:|1732995234\n|switch|p2a: Empoleon|Empoleon, L84, F|278/278\n|move|p1a: Manaphy|Tail Glow|p1a: Manaphy\n|-boost|p1a: Manaphy|spa|3\n|\n|upkeep\n|turn|2\n|\n|t:|1732995242\n|move|p1a: Manaphy|Energy Ball|p2a: Empoleon\n|-damage|p2a: Empoleon|153/278\n|move|p2a: Empoleon|Knock Off|p1a: Manaphy\n|-damage|p1a: Manaphy|220/284\n|-enditem|p1a: Manaphy|Leftovers|[from] move: Knock Off|[of] p2a: Empoleon\n|\n|-heal|p2a: Empoleon|170/278|[from] item: Leftovers\n|upkeep\n|turn|3\n|\n|t:|1732995254\n|move|p1a: Manaphy|Energy Ball|p2a: Empoleon\n|-damage|p2a: Empoleon|41/278\n|move|p2a: Empoleon|Surf|p1a: Manaphy\n|-resisted|p1a: Manaphy\n|-damage|p1a: Manaphy|166/284\n|\n|-heal|p2a: Empoleon|58/278|[from] item: Leftovers\n|upkeep\n|turn|4\n|\n|t:|1732995263\n|move|p1a: Manaphy|Energy Ball|p2a: Empoleon\n|-damage|p2a: Empoleon|0 fnt\n|faint|p2a: Empoleon\n|\n|upkeep\n|inactive|Muk Muk Goodra has 120 seconds left.\n|\n|t:|1732995295\n|switch|p2a: Regidrago|Regidrago, L77|435/435\n|turn|5\n|\n|t:|1732995304\n|-terastallize|p2a: Regidrago|Steel\n|move|p1a: Manaphy|Ice Beam|p2a: Regidrago\n|-resisted|p2a: Regidrago\n|-damage|p2a: Regidrago|312/435\n|move|p2a: Regidrago|Dragon Dance|p2a: Regidrago\n|-boost|p2a: Regidrago|atk|1\n|-boost|p2a: Regidrago|spe|1\n|\n|upkeep\n|turn|6\n|\n|t:|1732995314\n|move|p2a: Regidrago|Dragon Claw|p1a: Manaphy\n|-crit|p1a: Manaphy\n|-damage|p1a: Manaphy|0 fnt\n|faint|p1a: Manaphy\n|-damage|p2a: Regidrago|269/435|[from] item: Life Orb\n|\n|upkeep\n|\n|t:|1732995325\n|switch|p1a: Ampharos|Ampharos, L88, F|302/302\n|turn|7\n|\n|t:|1732995351\n|move|p2a: Regidrago|Earthquake|p1a: Ampharos\n|-supereffective|p1a: Ampharos\n|-damage|p1a: Ampharos|89/302\n|-damage|p2a: Regidrago|226/435|[from] item: Life Orb\n|move|p1a: Ampharos|Volt Switch|p2a: Regidrago\n|-damage|p2a: Regidrago|3/435\n|\n|t:|1732995362\n|switch|p1a: Zangoose|Zangoose, L85, M|263/263|[from] Volt Switch\n|\n|-status|p1a: Zangoose|tox|[from] item: Toxic Orb\n|upkeep\n|turn|8\n|\n|t:|1732995371\n|move|p1a: Zangoose|Quick Attack|p2a: Regidrago\n|-resisted|p2a: Regidrago\n|-damage|p2a: Regidrago|0 fnt\n|faint|p2a: Regidrago\n|\n|-damage|p1a: Zangoose|247/263 tox|[from] psn\n|upkeep\n|\n|t:|1732995375\n|switch|p2a: Overqwil|Overqwil, L82, F|274/274\n|-ability|p2a: Overqwil|Intimidate|boost\n|-unboost|p1a: Zangoose|atk|1\n|turn|9\n|\n|t:|1732995397\n|switch|p1a: Glalie|Glalie, L96, M|309/309\n|move|p2a: Overqwil|Gunk Shot|p1a: Glalie\n|-crit|p1a: Glalie\n|-damage|p1a: Glalie|50/309\n|-status|p1a: Glalie|psn\n|-damage|p2a: Overqwil|247/274|[from] item: Life Orb\n|\n|-damage|p1a: Glalie|12/309 psn|[from] psn\n|upkeep\n|turn|10\n|inactive|Sibam14 has 120 seconds left.\n|\n|t:|1732995419\n|move|p1a: Glalie|Spikes|p2a: Overqwil\n|-sidestart|p2: Muk Muk Goodra|Spikes\n|move|p2a: Overqwil|Liquidation|p1a: Glalie\n|-damage|p1a: Glalie|0 fnt\n|faint|p1a: Glalie\n|-damage|p2a: Overqwil|220/274|[from] item: Life Orb\n|\n|upkeep\n|inactive|Sibam14 has 120 seconds left.\n|\n|t:|1732995428\n|switch|p1a: Zangoose|Zangoose, L85, M|247/263 tox\n|turn|11\n|inactive|Sibam14 has 120 seconds left.\n|\n|t:|1732995450\n|-terastallize|p1a: Zangoose|Normal\n|move|p1a: Zangoose|Facade|p2a: Overqwil\n|-damage|p2a: Overqwil|0 fnt\n|faint|p2a: Overqwil\n|\n|-damage|p1a: Zangoose|231/263 tox|[from] psn\n|upkeep\n|\n|t:|1732995455\n|switch|p2a: Scyther|Scyther, L82, F|249/249\n|turn|12\n|\n|t:|1732995468\n|switch|p1a: Vileplume|Vileplume, L86, F|269/269\n|move|p2a: Scyther|Close Combat|p1a: Vileplume\n|-resisted|p1a: Vileplume\n|-damage|p1a: Vileplume|224/269\n|-unboost|p2a: Scyther|def|1\n|-unboost|p2a: Scyther|spd|1\n|-status|p2a: Scyther|psn|[from] ability: Effect Spore|[of] p1a: Vileplume\n|\n|-heal|p1a: Vileplume|240/269|[from] item: Leftovers\n|-damage|p2a: Scyther|218/249 psn|[from] psn\n|upkeep\n|turn|13\n|inactive|Sibam14 has 120 seconds left.\n|\n|t:|1732995486\n|move|p2a: Scyther|Dual Wingbeat|p1a: Vileplume\n|-supereffective|p1a: Vileplume\n|-damage|p1a: Vileplume|94/269\n|-supereffective|p1a: Vileplume\n|-damage|p1a: Vileplume|0 fnt\n|faint|p1a: Vileplume\n|-hitcount|p1: Vileplume|2\n|\n|-damage|p2a: Scyther|187/249 psn|[from] psn\n|upkeep\n|inactive|Sibam14 has 120 seconds left.\n|\n|t:|1732995501\n|switch|p1a: Flareon|Flareon, L90, F|263/263\n|turn|14\n|inactive|Sibam14 has 120 seconds left.\n|\n|t:|1732995512\n|switch|p2a: Eternatus|Eternatus, L69|308/308\n|-damage|p2a: Eternatus|270/308|[from] Spikes\n|-ability|p2a: Eternatus|Pressure\n|move|p1a: Flareon|Flare Blitz|p2a: Eternatus\n|-resisted|p2a: Eternatus\n|-damage|p2a: Eternatus|158/308\n|-damage|p1a: Flareon|226/263|[from] Recoil\n|\n|-status|p1a: Flareon|tox|[from] item: Toxic Orb\n|upkeep\n|turn|15\n|inactive|Sibam14 has 120 seconds left.\n|\n|t:|1732995530\n|move|p2a: Eternatus|Meteor Beam||[still]\n|-prepare|p2a: Eternatus|Meteor Beam\n|-boost|p2a: Eternatus|spa|1\n|-enditem|p2a: Eternatus|Power Herb\n|-anim|p2a: Eternatus|Meteor Beam|p1a: Flareon\n|-supereffective|p1a: Flareon\n|-damage|p1a: Flareon|32/263 tox\n|move|p1a: Flareon|Facade|p2a: Eternatus\n|-damage|p2a: Eternatus|0 fnt\n|faint|p2a: Eternatus\n|\n|-damage|p1a: Flareon|16/263 tox|[from] psn\n|upkeep\n|\n|t:|1732995542\n|switch|p2a: Spectrier|Spectrier, L75|274/274\n|-damage|p2a: Spectrier|240/274|[from] Spikes\n|turn|16\n|inactive|Sibam14 has 120 seconds left.\n|\n|t:|1732995553\n|move|p2a: Spectrier|Draining Kiss|p1a: Flareon\n|-resisted|p1a: Flareon\n|-damage|p1a: Flareon|0 fnt\n|-heal|p2a: Spectrier|252/274|[from] drain|[of] p1a: Flareon\n|faint|p1a: Flareon\n|-ability|p2a: Spectrier|Grim Neigh|boost\n|-boost|p2a: Spectrier|spa|1\n|\n|-heal|p2a: Spectrier|269/274|[from] item: Leftovers\n|upkeep\n|\n|t:|1732995567\n|switch|p1a: Zangoose|Zangoose, L85, M, tera:Normal|231/263 tox\n|turn|17\n|\n|t:|1732995575\n|move|p2a: Spectrier|Draining Kiss|p1a: Zangoose\n|-damage|p1a: Zangoose|151/263 tox\n|-heal|p2a: Spectrier|274/274|[from] drain|[of] p1a: Zangoose\n|move|p1a: Zangoose|Knock Off|p2a: Spectrier\n|-supereffective|p2a: Spectrier\n|-damage|p2a: Spectrier|0 fnt\n|-enditem|p2a: Spectrier|Leftovers|[from] move: Knock Off|[of] p1a: Zangoose\n|faint|p2a: Spectrier\n|\n|-damage|p1a: Zangoose|135/263 tox|[from] psn\n|upkeep\n|\n|t:|1732995582\n|switch|p2a: Scyther|Scyther, L82, F|187/249 psn\n|turn|18\n|\n|t:|1732995590\n|switch|p1a: Ampharos|Ampharos, L88, F|89/302\n|move|p2a: Scyther|Dual Wingbeat|p1a: Ampharos\n|-resisted|p1a: Ampharos\n|-damage|p1a: Ampharos|56/302\n|-resisted|p1a: Ampharos\n|-damage|p1a: Ampharos|20/302\n|-hitcount|p1a: Ampharos|2\n|\n|-damage|p2a: Scyther|156/249 psn|[from] psn\n|upkeep\n|turn|19\n|\n|t:|1732995602\n|move|p2a: Scyther|U-turn|p1a: Ampharos\n|-damage|p1a: Ampharos|0 fnt\n|faint|p1a: Ampharos\n|\n|-damage|p2a: Scyther|125/249 psn|[from] psn\n|upkeep\n|\n|t:|1732995613\n|switch|p1a: Zangoose|Zangoose, L85, M, tera:Normal|135/263 tox\n|turn|20\n|\n|t:|1732995619\n|move|p1a: Zangoose|Quick Attack|p2a: Scyther\n|-damage|p2a: Scyther|17/249 psn\n|move|p2a: Scyther|Close Combat|p1a: Zangoose\n|-supereffective|p1a: Zangoose\n|-damage|p1a: Zangoose|0 fnt\n|-unboost|p2a: Scyther|def|1\n|-unboost|p2a: Scyther|spd|1\n|faint|p1a: Zangoose\n|\n|win|Muk Muk Goodra\n|raw|Sibam14's rating: 1827 &rarr; <strong>1810</strong><br />(-17 for losing)\n|raw|Muk Muk Goodra's rating: 1872 &rarr; <strong>1889</strong><br />(+17 for winning)\n", "inputlog": ">version b107d77f5c90bd6555267ae244a6264823309ead\n>start {\"formatid\":\"gen9randombattle\",\"seed\":[35109,60383,47975,60246],\"rated\":\"Rated battle\"}\n>player p1 {\"name\":\"Sibam14\",\"avatar\":\"alder\",\"rating\":1827,\"seed\":[12928,17293,59221,63696]}\n>player p2 {\"name\":\"Muk Muk Goodra\",\"avatar\":\"2\",\"rating\":1872,\"seed\":[54632,49267,31769,52356]}\n>p1 move tailglow\n>p2 switch 4\n>p1 move energyball\n>p2 move knockoff\n>p1 move energyball\n>p2 move surf\n>p1 move energyball\n>p2 move surf\n>p2 switch 4\n>p1 move icebeam\n>p2 move dragondance terastallize\n>p1 move surf\n>p2 move dragonclaw\n>p1 switch 2\n>p1 move voltswitch\n>p2 move earthquake\n>p1 switch 6\n>p1 move quickattack\n>p2 move dragonclaw\n>p2 switch 5\n>p1 switch 5\n>p2 move gunkshot\n>p1 move spikes\n>p2 move liquidation\n>p1 switch 5\n>p1 move facade terastallize\n>p2 move gunkshot\n>p2 switch 2\n>p1 switch 4\n>p2 move closecombat\n>p1 move sludgebomb\n>p2 move dualwingbeat\n>p1 switch 3\n>p1 move flareblitz\n>p2 switch 3\n>p1 move facade\n>p2 move meteorbeam\n>p2 switch 6\n>p1 move flareblitz\n>p2 move drainingkiss\n>p1 switch 4\n>p1 move knockoff\n>p2 move drainingkiss\n>p2 switch 3\n>p1 switch 6\n>p2 move dualwingbeat\n>p1 move voltswitch\n>p2 move uturn\n>p1 switch 6\n>p1 move quickattack\n>p2 move closecombat", "uploadtime": 1732995628, "views": 2, "formatid": "gen9randombattle", "rating": 1810, "private": 0, "password": null}