{"id": "gen9randombattle-2253838216", "format": "[Gen 9] Random Battle", "players": ["sfhdxf", "dgrwhgtjfrgtjt"], "log": "|j|\u2606sfhdxf\n|j|\u2606dgrwhgtjfrgtjt\n|t:|1732946375\n|gametype|singles\n|player|p1|sfhdxf|dawn|1073\n|player|p2|dgrwhgtjfrgtjt|169|1000\n|teamsize|p1|6\n|teamsize|p2|6\n|gen|9\n|tier|[Gen 9] Random Battle\n|rated|\n|rule|Species Clause: Limit one of each Pok\u00e9mon\n|rule|HP Percentage Mod: HP is shown in percentages\n|rule|Sleep Clause Mod: Limit one foe put to sleep\n|rule|Illusion Level Mod: Illusion disguises the Pok\u00e9mon's true level\n|\n|t:|1732946375\n|start\n|switch|p1a: Registeel|Registeel, L81|262/262\n|switch|p2a: Primarina|Primarina, L83, F|268/268\n|turn|1\n|\n|t:|1732946391\n|move|p2a: Primarina|Draining Kiss|p1a: Registeel\n|-resisted|p1a: Registeel\n|-damage|p1a: Registeel|238/262\n|move|p1a: Registeel|Stealth Rock|p2a: Primarina\n|-sidestart|p2: dgrwhgtjfrgtjt|move: Stealth Rock\n|\n|-heal|p1a: Registeel|254/262|[from] item: Leftovers\n|upkeep\n|turn|2\n|\n|t:|1732946401\n|move|p2a: Primarina|Psychic|p1a: Registeel\n|-resisted|p1a: Registeel\n|-damage|p1a: Registeel|226/262\n|move|p1a: Registeel|Thunder Wave|p2a: Primarina\n|-status|p2a: Primarina|par\n|\n|-heal|p1a: Registeel|242/262|[from] item: Leftovers\n|upkeep\n|turn|3\n|\n|t:|1732946410\n|move|p1a: Registeel|Iron Head|p2a: Primarina\n|-crit|p2a: Primarina\n|-damage|p2a: Primarina|147/268 par\n|cant|p2a: Primarina|flinch\n|\n|-heal|p1a: Registeel|258/262|[from] item: Leftovers\n|-heal|p2a: Primarina|163/268 par|[from] item: Leftovers\n|upkeep\n|turn|4\n|\n|t:|1732946421\n|-terastallize|p2a: Primarina|Steel\n|move|p1a: Registeel|Iron Head|p2a: Primarina\n|-resisted|p2a: Primarina\n|-damage|p2a: Primarina|126/268 par\n|cant|p2a: Primarina|par\n|\n|-heal|p1a: Registeel|262/262|[from] item: Leftovers\n|-heal|p2a: Primarina|142/268 par|[from] item: Leftovers\n|upkeep\n|turn|5\n|\n|t:|1732946432\n|switch|p2a: Zebstrika|Zebstrika, L87, F|272/272\n|-damage|p2a: Zebstrika|238/272|[from] Stealth Rock\n|move|p1a: Registeel|Body Press|p2a: Zebstrika\n|-damage|p2a: Zebstrika|146/272\n|\n|upkeep\n|turn|6\n|\n|t:|1732946449\n|switch|p1a: Farigiraf|Farigiraf, L91, M|366/366\n|move|p2a: Zebstrika|High Horsepower|p1a: Farigiraf\n|-damage|p1a: Farigiraf|257/366\n|-damage|p2a: Zebstrika|119/272|[from] item: Life Orb\n|\n|-heal|p1a: Farigiraf|279/366|[from] item: Leftovers\n|upkeep\n|turn|7\n|\n|t:|1732946469\n|move|p2a: Zebstrika|Volt Switch|p1a: Farigiraf\n|-damage|p1a: Farigiraf|185/366\n|-damage|p2a: Zebstrika|92/272|[from] item: Life Orb\n|inactive|Battle timer is ON: inactive players will automatically lose when time's up. (requested by dgrwhgtjfrgtjt)\n|\n|t:|1732946488\n|switch|p2a: Necrozma|Necrozma-Dawn-Wings, L76|272/272|[from] Volt Switch\n|-damage|p2a: Necrozma|238/272|[from] Stealth Rock\n|move|p1a: Farigiraf|Wish|p1a: Farigiraf\n|\n|-heal|p1a: Farigiraf|207/366|[from] item: Leftovers\n|upkeep\n|turn|8\n|\n|t:|1732946498\n|move|p1a: Farigiraf|Future Sight|p2a: Necrozma\n|-start|p1a: Farigiraf|move: Future Sight\n|move|p2a: Necrozma|Dragon Dance|p2a: Necrozma\n|-boost|p2a: Necrozma|atk|1\n|-boost|p2a: Necrozma|spe|1\n|\n|-heal|p1a: Farigiraf|366/366|[from] move: Wish|[wisher] Farigiraf\n|upkeep\n|turn|9\n|\n|t:|1732946519\n|switch|p1a: Bellibolt|Bellibolt, L84, M|320/320\n|move|p2a: Necrozma|Brick Break|p1a: Bellibolt\n|-damage|p1a: Bellibolt|233/320\n|-start|p1a: Bellibolt|Charge|Brick Break|[from] ability: Electromorphosis\n|-damage|p2a: Necrozma|211/272|[from] item: Life Orb\n|\n|-heal|p1a: Bellibolt|253/320|[from] item: Leftovers\n|upkeep\n|turn|10\n|inactive|sfhdxf has 120 seconds left.\n|inactive|dgrwhgtjfrgtjt has 120 seconds left.\n|inactive|dgrwhgtjfrgtjt has 90 seconds left.\n|inactive|dgrwhgtjfrgtjt has 60 seconds left.\n|inactive|dgrwhgtjfrgtjt has 30 seconds left.\n|-message|sfhdxf forfeited.\n|\n|win|dgrwhgtjfrgtjt\n|inactive|dgrwhgtjfrgtjt has 30 seconds left this turn.\n|raw|sfhdxf's rating: 1073 &rarr; <strong>1048</strong><br />(-25 for losing)\n|raw|dgrwhgtjfrgtjt's rating: 1000 &rarr; <strong>1048</strong><br />(+48 for winning)\n|l|\u2606sfhdxf\n|player|p1|\n|j|\u2606sfhdxf\n|player|p1|sfhdxf|dawn|\n|l|\u2606sfhdxf\n|player|p1|\n", "inputlog": ">version b107d77f5c90bd6555267ae244a6264823309ead\n>start {\"formatid\":\"gen9randombattle\",\"seed\":[57711,14226,6012,64322],\"rated\":\"Rated battle\"}\n>player p1 {\"name\":\"sfhdxf\",\"avatar\":\"dawn\",\"rating\":1073,\"seed\":[6194,62810,5405,9450]}\n>player p2 {\"name\":\"dgrwhgtjfrgtjt\",\"avatar\":\"169\",\"rating\":1000,\"seed\":[15500,60258,8595,42174]}\n>p1 move stealthrock\n>p2 move drainingkiss\n>p1 move thunderwave\n>p2 move psychic\n>p1 move ironhead\n>p2 move calmmind\n>p1 move ironhead\n>p2 move drainingkiss terastallize\n>p1 move bodypress\n>p2 switch 3\n>p1 switch 2\n>p2 move highhorsepower\n>p1 move wish\n>p2 move voltswitch\n>p2 switch 4\n>p1 move futuresight\n>p2 move dragondance\n>p1 switch 5\n>p2 move brickbreak\n>forcelose p1", "uploadtime": 1732947303, "views": 1, "formatid": "gen9randombattle", "rating": 1048, "private": 0, "password": null}