{"id": "gen9randombattle-2253840425", "format": "[Gen 9] Random Battle", "players": ["vitality420", "cbeezzy"], "log": "|j|\u203dvitality420\n|j|\u2606cbeezzy\n|t:|1732946780\n|gametype|singles\n|player|p1|vitality420|266|1291\n|player|p2|cbeezzy|2|1283\n|teamsize|p1|6\n|teamsize|p2|6\n|gen|9\n|tier|[Gen 9] Random Battle\n|rated|\n|rule|Species Clause: Limit one of each Pok\u00e9mon\n|rule|HP Percentage Mod: HP is shown in percentages\n|rule|Sleep Clause Mod: Limit one foe put to sleep\n|rule|Illusion Level Mod: Illusion disguises the Pok\u00e9mon's true level\n|\n|t:|1732946780\n|start\n|switch|p1a: Corviknight|Corviknight, L80, M|288/288\n|switch|p2a: Raikou|Raikou, L81|278/278\n|-ability|p2a: Raikou|Pressure\n|turn|1\n|inactive|Battle timer is ON: inactive players will automatically lose when time's up. (requested by vitality420)\n|\n|t:|1732946809\n|move|p2a: Raikou|Thunderbolt|p1a: Corviknight\n|-supereffective|p1a: Corviknight\n|-damage|p1a: Corviknight|54/288\n|move|p1a: Corviknight|Body Press|p2a: Raikou\n|-damage|p2a: Raikou|211/278\n|\n|-heal|p2a: Raikou|228/278|[from] item: Leftovers\n|-heal|p1a: Corviknight|72/288|[from] item: Leftovers\n|upkeep\n|turn|2\n|\n|t:|1732946821\n|move|p2a: Raikou|Thunderbolt|p1a: Corviknight\n|-supereffective|p1a: Corviknight\n|-damage|p1a: Corviknight|0 fnt\n|faint|p1a: Corviknight\n|\n|-heal|p2a: Raikou|245/278|[from] item: Leftovers\n|upkeep\n|\n|t:|1732946830\n|switch|p1a: Klefki|Klefki, L84, F|233/233\n|turn|3\n|c|\u2606cbeezzy|Ur moms a hoe\n|\n|t:|1732946848\n|move|p1a: Klefki|Spikes|p2a: Raikou\n|-sidestart|p2: cbeezzy|Spikes\n|move|p2a: Raikou|Calm Mind|p2a: Raikou\n|-boost|p2a: Raikou|spa|1\n|-boost|p2a: Raikou|spd|1\n|\n|-heal|p2a: Raikou|262/278|[from] item: Leftovers\n|upkeep\n|turn|4\n|\n|t:|1732946858\n|switch|p1a: Qwilfish|Qwilfish, L86, F|252/252\n|-ability|p1a: Qwilfish|Intimidate|boost\n|-unboost|p2a: Raikou|atk|1\n|move|p2a: Raikou|Calm Mind|p2a: Raikou\n|-boost|p2a: Raikou|spa|1\n|-boost|p2a: Raikou|spd|1\n|\n|-heal|p2a: Raikou|278/278|[from] item: Leftovers\n|upkeep\n|turn|5\n|\n|t:|1732946869\n|-terastallize|p1a: Qwilfish|Grass\n|move|p2a: Raikou|Thunderbolt|p1a: Qwilfish\n|-resisted|p1a: Qwilfish\n|-damage|p1a: Qwilfish|116/252\n|-status|p1a: Qwilfish|par\n|move|p1a: Qwilfish|Toxic|p2a: Raikou\n|-status|p2a: Raikou|tox\n|\n|-damage|p2a: Raikou|261/278 tox|[from] psn\n|upkeep\n|turn|6\n|\n|t:|1732946884\n|move|p2a: Raikou|Thunderbolt|p1a: Qwilfish\n|-resisted|p1a: Qwilfish\n|-damage|p1a: Qwilfish|0 fnt\n|faint|p1a: Qwilfish\n|\n|-heal|p2a: Raikou|278/278 tox|[from] item: Leftovers\n|-damage|p2a: Raikou|244/278 tox|[from] psn\n|upkeep\n|\n|t:|1732946894\n|switch|p1a: Klefki|Klefki, L84, F|233/233\n|turn|7\n|\n|t:|1732946905\n|move|p1a: Klefki|Thunder Wave||[still]\n|-fail|p1a: Klefki\n|move|p2a: Raikou|Thunderbolt|p1a: Klefki\n|-damage|p1a: Klefki|26/233\n|\n|-heal|p2a: Raikou|261/278 tox|[from] item: Leftovers\n|-heal|p1a: Klefki|40/233|[from] item: Leftovers\n|-damage|p2a: Raikou|210/278 tox|[from] psn\n|upkeep\n|turn|8\n|c|\u2606cbeezzy|Noob\n|\n|t:|1732946918\n|move|p1a: Klefki|Spikes|p2a: Raikou\n|-sidestart|p2: cbeezzy|Spikes\n|move|p2a: Raikou|Thunderbolt|p1a: Klefki\n|-damage|p1a: Klefki|0 fnt\n|faint|p1a: Klefki\n|\n|-heal|p2a: Raikou|227/278 tox|[from] item: Leftovers\n|-damage|p2a: Raikou|159/278 tox|[from] psn\n|upkeep\n|\n|t:|1732946926\n|switch|p1a: Falinks|Falinks, L84|246/246\n|turn|9\n|\n|t:|1732946937\n|move|p2a: Raikou|Thunderbolt|p1a: Falinks\n|-damage|p1a: Falinks|0 fnt\n|faint|p1a: Falinks\n|\n|-heal|p2a: Raikou|176/278 tox|[from] item: Leftovers\n|-damage|p2a: Raikou|91/278 tox|[from] psn\n|upkeep\n|-message|vitality420 forfeited.\n|\n|win|cbeezzy\n", "inputlog": ">version b107d77f5c90bd6555267ae244a6264823309ead\n>start {\"formatid\":\"gen9randombattle\",\"seed\":[44310,8739,60675,44433],\"rated\":\"Rated battle\"}\n>player p1 {\"name\":\"vitality420\",\"avatar\":\"266\",\"rating\":1291,\"seed\":[19419,14849,27317,30962]}\n>player p2 {\"name\":\"cbeezzy\",\"avatar\":\"2\",\"rating\":1283,\"seed\":[63906,29900,4379,19417]}\n>p1 move bodypress\n>p2 move thunderbolt\n>p1 move roost\n>p2 move thunderbolt\n>p1 switch 4\n>chat \u2606cbeezzy|Ur moms a hoe\n>p1 move spikes\n>p2 move calmmind\n>p1 switch 3\n>p2 move calmmind\n>p1 move toxic terastallize\n>p2 move thunderbolt\n>p1 move painsplit\n>p2 move thunderbolt\n>p1 switch 3\n>p1 move thunderwave\n>p2 move thunderbolt\n>chat \u2606cbeezzy|Noob\n>p1 move spikes\n>p2 move thunderbolt\n>p1 switch 6\n>p1 move noretreat\n>p2 move thunderbolt\n>forcelose p1", "uploadtime": 1732946832, "views": 1, "formatid": "gen9randombattle", "rating": null, "private": 0, "password": null}