{"id": "gen9randombattle-2254103316", "format": "[Gen 9] Random Battle", "players": ["xander073", "Nuzleafwarrior7778"], "log": "|j|\u2606xander073\n|j|\u2606Nuzleafwarrior7778\n|t:|1732991645\n|gametype|singles\n|player|p1|xander073|gladion-stance|\n|player|p2|Nuzleafwarrior7778|chili|\n|teamsize|p1|6\n|teamsize|p2|6\n|gen|9\n|tier|[Gen 9] Random Battle\n|rule|Species Clause: Limit one of each Pok\u00e9mon\n|rule|HP Percentage Mod: HP is shown in percentages\n|rule|Sleep Clause Mod: Limit one foe put to sleep\n|rule|Illusion Level Mod: Illusion disguises the Pok\u00e9mon's true level\n|rule|Scalemons Mod: Every Pokemon's stats, barring HP, are scaled to come as close to a BST of 600 as possible\n|\n|t:|1732991645\n|start\n|switch|p1a: Lapras|Lapras, L87, M|367/367\n|switch|p2a: Ambipom|Ambipom, L84, M|263/263\n|turn|1\n|c|\u2606Nuzleafwarrior7778|gl\n|c|\u2606xander073|glhf\n|j| Green Croagunk\n|c| Green Croagunk|Hup Xander\n|\n|t:|1732991688\n|move|p2a: Ambipom|Double-Edge|p1a: Lapras\n|-damage|p1a: Lapras|135/367\n|-damage|p2a: Ambipom|186/263|[from] Recoil\n|move|p1a: Lapras|Hydro Pump|p2a: Ambipom\n|-damage|p2a: Ambipom|0 fnt\n|faint|p2a: Ambipom\n|\n|upkeep\n|\n|t:|1732991705\n|switch|p2a: Raging Bolt|Raging Bolt, L78|323/323\n|turn|2\n|\n|t:|1732991715\n|switch|p1a: Smeargle|Smeargle, L95, M|258/258\n|move|p2a: Raging Bolt|Thunderclap||[still]\n|-fail|p2a: Raging Bolt\n|\n|upkeep\n|turn|3\n|\n|t:|1732991724\n|move|p1a: Smeargle|Spore|p2a: Raging Bolt\n|-status|p2a: Raging Bolt|slp|[from] move: Spore\n|cant|p2a: Raging Bolt|slp\n|\n|upkeep\n|turn|4\n|\n|t:|1732991731\n|-end|p2a: Raging Bolt|Protosynthesis|[silent]\n|switch|p2a: Glimmora|Glimmora, L75, M|248/248\n|move|p1a: Smeargle|Sticky Web|p2a: Glimmora\n|-sidestart|p2: Nuzleafwarrior7778|move: Sticky Web\n|\n|upkeep\n|turn|5\n|\n|t:|1732991745\n|move|p1a: Smeargle|Ceaseless Edge|p2a: Glimmora\n|-crit|p2a: Glimmora\n|-damage|p2a: Glimmora|194/248\n|-activate|p2a: Glimmora|ability: Toxic Debris\n|-sidestart|p1: xander073|move: Toxic Spikes\n|-sidestart|p2: Nuzleafwarrior7778|Spikes\n|move|p2a: Glimmora|Mortal Spin|p1a: Smeargle\n|-damage|p1a: Smeargle|240/258\n|-status|p1a: Smeargle|psn\n|-sideend|p2: Nuzleafwarrior7778|Spikes|[from] move: Mortal Spin|[of] p2a: Glimmora\n|-sideend|p2: Nuzleafwarrior7778|Sticky Web|[from] move: Mortal Spin|[of] p2a: Glimmora\n|\n|-damage|p1a: Smeargle|208/258 psn|[from] psn\n|upkeep\n|turn|6\n|\n|t:|1732991751\n|move|p1a: Smeargle|Sticky Web|p2a: Glimmora\n|-sidestart|p2: Nuzleafwarrior7778|move: Sticky Web\n|move|p2a: Glimmora|Spikes|p1a: Smeargle\n|-sidestart|p1: xander073|Spikes\n|\n|-damage|p1a: Smeargle|176/258 psn|[from] psn\n|upkeep\n|turn|7\n|\n|t:|1732991757\n|switch|p1a: Seviper|Seviper, L93, M|287/287\n|-sideend|p1: xander073|move: Toxic Spikes|[of] p1a: Seviper\n|-damage|p1a: Seviper|252/287|[from] Spikes\n|move|p2a: Glimmora|Mortal Spin|p1a: Seviper\n|-resisted|p1a: Seviper\n|-damage|p1a: Seviper|243/287\n|-sideend|p2: Nuzleafwarrior7778|Sticky Web|[from] move: Mortal Spin|[of] p2a: Glimmora\n|\n|-heal|p1a: Seviper|260/287|[from] item: Leftovers\n|upkeep\n|turn|8\n|\n|t:|1732991767\n|switch|p2a: Hydreigon|Hydreigon, L79, M|275/275\n|move|p1a: Seviper|Earthquake|p2a: Hydreigon\n|-immune|p2a: Hydreigon|[from] ability: Levitate\n|\n|-heal|p1a: Seviper|277/287|[from] item: Leftovers\n|upkeep\n|turn|9\n|\n|t:|1732991778\n|move|p1a: Seviper|Swords Dance|p1a: Seviper\n|-boost|p1a: Seviper|atk|2\n|move|p2a: Hydreigon|Draco Meteor|p1a: Seviper|[miss]\n|-miss|p2a: Hydreigon|p1a: Seviper\n|\n|-heal|p1a: Seviper|287/287|[from] item: Leftovers\n|upkeep\n|turn|10\n|\n|t:|1732991783\n|move|p1a: Seviper|Gunk Shot|p2a: Hydreigon\n|-damage|p2a: Hydreigon|0 fnt\n|faint|p2a: Hydreigon\n|\n|upkeep\n|\n|t:|1732991792\n|switch|p2a: Glimmora|Glimmora, L75, M|194/248\n|turn|11\n|\n|t:|1732991795\n|-terastallize|p2a: Glimmora|Ground\n|move|p1a: Seviper|Earthquake|p2a: Glimmora\n|-damage|p2a: Glimmora|0 fnt\n|-activate|p2a: Glimmora|ability: Toxic Debris\n|-sidestart|p1: xander073|move: Toxic Spikes\n|faint|p2a: Glimmora\n|\n|upkeep\n|\n|t:|1732991799\n|switch|p2a: Electivire|Electivire, L84, M|263/263\n|turn|12\n|c| Green Croagunk|bruh zelfs scaled heeft Smeargle shit stats\n|c|\u2606Nuzleafwarrior7778|hier heb ik niks tegen\n|\n|t:|1732991806\n|-terastallize|p1a: Seviper|Ground\n|move|p2a: Electivire|Earthquake|p1a: Seviper\n|-damage|p1a: Seviper|173/287\n|-damage|p2a: Electivire|237/263|[from] item: Life Orb\n|move|p1a: Seviper|Earthquake|p2a: Electivire\n|-supereffective|p2a: Electivire\n|-damage|p2a: Electivire|0 fnt\n|faint|p2a: Electivire\n|\n|-heal|p1a: Seviper|190/287|[from] item: Leftovers\n|upkeep\n|\n|t:|1732991808\n|switch|p2a: Porygon2|Porygon2, L82|274/274\n|-ability|p2a: Porygon2|Download|boost\n|-boost|p2a: Porygon2|spa|1\n|turn|13\n|\n|t:|1732991816\n|move|p1a: Seviper|Gunk Shot|p2a: Porygon2\n|-damage|p2a: Porygon2|52/274\n|move|p2a: Porygon2|Ice Beam|p1a: Seviper\n|-supereffective|p1a: Seviper\n|-damage|p1a: Seviper|0 fnt\n|faint|p1a: Seviper\n|\n|upkeep\n|\n|t:|1732991825\n|switch|p1a: Ceruledge|Ceruledge, L78, F|245/245\n|turn|14\n|\n|t:|1732991828\n|move|p1a: Ceruledge|Bitter Blade|p2a: Porygon2\n|-damage|p2a: Porygon2|0 fnt\n|faint|p2a: Porygon2\n|\n|upkeep\n|\n|t:|1732991829\n|switch|p2a: Raging Bolt|Raging Bolt, L78|323/323 slp\n|turn|15\n|\n|t:|1732991832\n|move|p1a: Ceruledge|Poltergeist|p2a: Raging Bolt\n|-activate|p2a: Raging Bolt|move: Poltergeist|Assault Vest\n|-damage|p2a: Raging Bolt|175/323 slp\n|cant|p2a: Raging Bolt|slp\n|\n|upkeep\n|turn|16\n|\n|t:|1732991836\n|move|p1a: Ceruledge|Poltergeist|p2a: Raging Bolt\n|-activate|p2a: Raging Bolt|move: Poltergeist|Assault Vest\n|-damage|p2a: Raging Bolt|31/323 slp\n|cant|p2a: Raging Bolt|slp\n|\n|upkeep\n|turn|17\n|\n|t:|1732991838\n|-curestatus|p2a: Raging Bolt|slp|[msg]\n|move|p2a: Raging Bolt|Thunderclap|p1a: Ceruledge\n|-damage|p1a: Ceruledge|175/245\n|move|p1a: Ceruledge|Bitter Blade|p2a: Raging Bolt\n|-resisted|p2a: Raging Bolt\n|-damage|p2a: Raging Bolt|0 fnt\n|-heal|p1a: Ceruledge|191/245|[from] drain|[of] p2a: Raging Bolt\n|faint|p2a: Raging Bolt\n|-end|p2a: Raging Bolt|Protosynthesis|[silent]\n|\n|win|xander073\n|c|\u2606Nuzleafwarrior7778|gg\n|c|\u2606xander073|gg\n|c|\u2606xander073|bo3 toch?\n|c|\u2606Nuzleafwarrior7778|yep\n|j| Frank1997\n|l| Frank1997\n", "inputlog": ">version b107d77f5c90bd6555267ae244a6264823309ead\n>start {\"formatid\":\"gen9randombattle@@@scalemons mod\",\"seed\":[34130,38037,56736,15396]}\n>player p1 {\"name\":\"xander073\",\"avatar\":\"gladion-stance\",\"rating\":0,\"seed\":[5625,57673,11737,13664]}\n>player p2 {\"name\":\"Nuzleafwarrior7778\",\"avatar\":\"chili\",\"rating\":0,\"seed\":[44781,34919,58223,40931]}\n>chat \u2606Nuzleafwarrior7778|gl\n>chat \u2606xander073|glhf\n>chat  Green Croagunk|Hup Xander\n>p1 move hydropump\n>p2 move doubleedge\n>p2 switch 4\n>p1 switch 3\n>p2 move thunderclap\n>p1 move spore\n>p2 move voltswitch\n>p1 move stickyweb\n>p2 switch 2\n>p1 move ceaselessedge\n>p2 move mortalspin\n>p1 move stickyweb\n>p2 move spikes\n>p1 switch 4\n>p2 move mortalspin\n>p1 move earthquake\n>p2 switch 3\n>p1 move swordsdance\n>p2 move dracometeor\n>p1 move gunkshot\n>p2 move dracometeor\n>p2 switch 3\n>p1 move earthquake\n>p2 move earthpower terastallize\n>p2 switch 6\n>chat  Green Croagunk|bruh zelfs scaled heeft Smeargle shit stats\n>chat \u2606Nuzleafwarrior7778|hier heb ik niks tegen\n>p1 move earthquake terastallize\n>p2 move earthquake\n>p2 switch 5\n>p1 move gunkshot\n>p2 move icebeam\n>p1 switch 6\n>p1 move bitterblade\n>p2 move recover\n>p2 switch 2\n>p1 move poltergeist\n>p2 move thunderbolt\n>p1 move poltergeist\n>p2 move thunderbolt\n>p1 move bitterblade\n>p2 move thunderclap", "uploadtime": 1732992411, "views": 2, "formatid": "gen9randombattle", "rating": null, "private": 0, "password": null}