{"id": "gen9randombattle-2254082878", "format": "[Gen 9] Random Battle", "players": ["locha", "kalm_live"], "log": "|j|\u2606locha\n|j|\u2606kalm_live\n|t:|1732989128\n|gametype|singles\n|player|p1|locha|169|1501\n|player|p2|kalm_live|ethan-masters|1515\n|teamsize|p1|6\n|teamsize|p2|6\n|gen|9\n|tier|[Gen 9] Random Battle\n|rated|\n|rule|Species Clause: Limit one of each Pok\u00e9mon\n|rule|HP Percentage Mod: HP is shown in percentages\n|rule|Sleep Clause Mod: Limit one foe put to sleep\n|rule|Illusion Level Mod: Illusion disguises the Pok\u00e9mon's true level\n|\n|t:|1732989128\n|start\n|switch|p1a: Glalie|Glalie, L96, M|309/309\n|switch|p2a: Roaring Moon|Roaring Moon, L72|270/270\n|turn|1\n|inactive|Battle timer is ON: inactive players will automatically lose when time's up. (requested by locha)\n|\n|t:|1732989140\n|move|p2a: Roaring Moon|Knock Off|p1a: Glalie\n|-damage|p1a: Glalie|207/309\n|-enditem|p1a: Glalie|Heavy-Duty Boots|[from] move: Knock Off|[of] p2a: Roaring Moon\n|move|p1a: Glalie|Freeze-Dry|p2a: Roaring Moon\n|-supereffective|p2a: Roaring Moon\n|-crit|p2a: Roaring Moon\n|-damage|p2a: Roaring Moon|0 fnt\n|faint|p2a: Roaring Moon\n|-end|p2a: Roaring Moon|Protosynthesis|[silent]\n|\n|upkeep\n|\n|t:|1732989153\n|switch|p2a: Necrozma|Necrozma, L80|286/286\n|turn|2\n|\n|t:|1732989162\n|move|p1a: Glalie|Freeze-Dry|p2a: Necrozma\n|-damage|p2a: Necrozma|202/286\n|move|p2a: Necrozma|Calm Mind|p2a: Necrozma\n|-boost|p2a: Necrozma|spa|1\n|-boost|p2a: Necrozma|spd|1\n|\n|-heal|p2a: Necrozma|219/286|[from] item: Leftovers\n|upkeep\n|turn|3\n|\n|t:|1732989171\n|move|p1a: Glalie|Earthquake|p2a: Necrozma\n|-damage|p2a: Necrozma|150/286\n|move|p2a: Necrozma|Calm Mind|p2a: Necrozma\n|-boost|p2a: Necrozma|spa|1\n|-boost|p2a: Necrozma|spd|1\n|\n|-heal|p2a: Necrozma|167/286|[from] item: Leftovers\n|upkeep\n|turn|4\n|\n|t:|1732989176\n|move|p1a: Glalie|Disable|p2a: Necrozma\n|-start|p2a: Necrozma|Disable|Calm Mind\n|move|p2a: Necrozma|Moonlight|p2a: Necrozma\n|-heal|p2a: Necrozma|286/286\n|\n|upkeep\n|turn|5\n|\n|t:|1732989192\n|move|p1a: Glalie|Freeze-Dry|p2a: Necrozma\n|-damage|p2a: Necrozma|240/286\n|move|p2a: Necrozma|Photon Geyser|p1a: Glalie\n|-damage|p1a: Glalie|0 fnt\n|faint|p1a: Glalie\n|\n|-heal|p2a: Necrozma|257/286|[from] item: Leftovers\n|upkeep\n|\n|t:|1732989211\n|switch|p1a: Passimian|Passimian, L83, F|302/302\n|turn|6\n|\n|t:|1732989225\n|-terastallize|p2a: Necrozma|Fairy\n|move|p1a: Passimian|Knock Off|p2a: Necrozma\n|-resisted|p2a: Necrozma\n|-damage|p2a: Necrozma|217/286\n|-enditem|p2a: Necrozma|Leftovers|[from] move: Knock Off|[of] p1a: Passimian\n|move|p2a: Necrozma|Photon Geyser|p1a: Passimian\n|-supereffective|p1a: Passimian\n|-damage|p1a: Passimian|0 fnt\n|faint|p1a: Passimian\n|\n|upkeep\n|\n|t:|1732989230\n|switch|p1a: Revavroom|Revavroom, L79, F|256/256\n|turn|7\n|\n|t:|1732989246\n|switch|p2a: Arceus|Arceus-Ghost, L69|280/280\n|move|p1a: Revavroom|Iron Head|p2a: Arceus\n|-damage|p2a: Arceus|173/280\n|-damage|p1a: Revavroom|231/256|[from] item: Life Orb\n|\n|upkeep\n|turn|8\n|\n|t:|1732989248\n|move|p2a: Arceus|Will-O-Wisp|p1a: Revavroom\n|-status|p1a: Revavroom|brn\n|move|p1a: Revavroom|Shift Gear|p1a: Revavroom\n|-boost|p1a: Revavroom|spe|2\n|-boost|p1a: Revavroom|atk|1\n|\n|-damage|p1a: Revavroom|215/256 brn|[from] brn\n|upkeep\n|turn|9\n|\n|t:|1732989254\n|move|p1a: Revavroom|Iron Head|p2a: Arceus\n|-damage|p2a: Arceus|86/280\n|-damage|p1a: Revavroom|190/256 brn|[from] item: Life Orb\n|move|p2a: Arceus|Recover|p2a: Arceus\n|-heal|p2a: Arceus|226/280\n|\n|-damage|p1a: Revavroom|174/256 brn|[from] brn\n|upkeep\n|turn|10\n|\n|t:|1732989256\n|move|p1a: Revavroom|Iron Head|p2a: Arceus\n|-damage|p2a: Arceus|144/280\n|-damage|p1a: Revavroom|149/256 brn|[from] item: Life Orb\n|move|p2a: Arceus|Judgment|p1a: Revavroom\n|-damage|p1a: Revavroom|17/256 brn\n|\n|-damage|p1a: Revavroom|1/256 brn|[from] brn\n|upkeep\n|turn|11\n|\n|t:|1732989271\n|switch|p1a: Raging Bolt|Raging Bolt, L78|323/323\n|move|p2a: Arceus|Recover|p2a: Arceus\n|-heal|p2a: Arceus|280/280\n|\n|upkeep\n|turn|12\n|\n|t:|1732989293\n|switch|p2a: Comfey|Comfey, L85, F|225/225\n|move|p1a: Raging Bolt|Thunderbolt|p2a: Comfey\n|-damage|p2a: Comfey|138/225\n|\n|-heal|p2a: Comfey|152/225|[from] item: Leftovers\n|upkeep\n|turn|13\n|\n|t:|1732989309\n|-end|p1a: Raging Bolt|Protosynthesis|[silent]\n|switch|p1a: Dedenne|Dedenne, L88, M|261/261\n|move|p2a: Comfey|Calm Mind|p2a: Comfey\n|-boost|p2a: Comfey|spa|1\n|-boost|p2a: Comfey|spd|1\n|\n|-heal|p2a: Comfey|166/225|[from] item: Leftovers\n|upkeep\n|turn|14\n|\n|t:|1732989316\n|move|p2a: Comfey|Draining Kiss|p1a: Dedenne\n|-damage|p1a: Dedenne|168/261\n|-heal|p2a: Comfey|225/225|[from] drain|[of] p1a: Dedenne\n|move|p1a: Dedenne|Nuzzle|p2a: Comfey\n|-damage|p2a: Comfey|207/225\n|-status|p2a: Comfey|par\n|\n|-heal|p2a: Comfey|221/225 par|[from] item: Leftovers\n|upkeep\n|turn|15\n|\n|t:|1732989322\n|move|p1a: Dedenne|Super Fang|p2a: Comfey\n|-damage|p2a: Comfey|111/225 par\n|move|p2a: Comfey|Calm Mind|p2a: Comfey\n|-boost|p2a: Comfey|spa|1\n|-boost|p2a: Comfey|spd|1\n|\n|-heal|p2a: Comfey|125/225 par|[from] item: Leftovers\n|upkeep\n|turn|16\n|\n|t:|1732989330\n|switch|p1a: Staraptor|Staraptor, L79, M|263/263\n|move|p2a: Comfey|Draining Kiss|p1a: Staraptor\n|-damage|p1a: Staraptor|116/263\n|-heal|p2a: Comfey|225/225 par|[from] drain|[of] p1a: Staraptor\n|\n|upkeep\n|turn|17\n|\n|t:|1732989350\n|move|p2a: Comfey|Draining Kiss|p1a: Staraptor\n|-damage|p1a: Staraptor|0 fnt\n|faint|p1a: Staraptor\n|\n|upkeep\n|\n|t:|1732989352\n|switch|p1a: Revavroom|Revavroom, L79, F|1/256 brn\n|turn|18\n|\n|t:|1732989370\n|move|p2a: Comfey|Draining Kiss|p1a: Revavroom\n|-resisted|p1a: Revavroom\n|-damage|p1a: Revavroom|0 fnt\n|faint|p1a: Revavroom\n|\n|upkeep\n|c|\u2606locha|mata44345t33 aweona00 inv33cil y la conch33tumar33 te33 odio2939\n|n|\u203dlocha|locha\n|c|~|/log locha was locked from talking by Artemis. (\u2606locha: mata44345t33 aweona00 inv33cil y la conch33tumar33 te33 odio2939)\n|c|~|/raw <small>This action was done automatically. Want to learn more about the AI? <a href=\"https://www.smogon.com/forums/threads/3570628/#post-9056769\">Visit the information thread</a>.</small>\n|c|\u2606kalm_live|JAJAJAJAJAJJA\n|-message|locha forfeited.\n|\n|win|kalm_live\n", "inputlog": ">version b107d77f5c90bd6555267ae244a6264823309ead\n>start {\"formatid\":\"gen9randombattle\",\"seed\":[40164,18067,24121,43057],\"rated\":\"Rated battle\"}\n>player p1 {\"name\":\"locha\",\"avatar\":\"169\",\"rating\":1501,\"seed\":[46466,27893,11276,30846]}\n>player p2 {\"name\":\"kalm_live\",\"avatar\":\"ethan-masters\",\"rating\":1515,\"seed\":[2498,53632,5353,1285]}\n>p1 move freezedry\n>p2 move knockoff\n>p2 switch 6\n>p1 move freezedry\n>p2 move calmmind\n>p1 move earthquake\n>p2 move calmmind\n>p1 move disable\n>p2 move moonlight\n>p1 move freezedry\n>p2 move photongeyser\n>p1 switch 2\n>p1 move knockoff\n>p2 move photongeyser terastallize\n>p1 switch 3\n>p1 move ironhead\n>p2 switch 3\n>p1 move shiftgear\n>p2 move willowisp\n>p1 move ironhead\n>p2 move recover\n>p1 move ironhead\n>p2 move judgment\n>p1 switch 4\n>p2 move recover\n>p1 move thunderbolt\n>p2 switch 5\n>p1 switch 5\n>p2 move calmmind\n>p1 move nuzzle\n>p2 move drainingkiss\n>p1 move superfang\n>p2 move calmmind\n>p1 switch 6\n>p2 move drainingkiss\n>p1 move bravebird\n>p2 move drainingkiss\n>p1 switch 4\n>p1 move ironhead\n>p2 move drainingkiss\n>chat \u2606locha|mata44345t33 aweona00 inv33cil y la conch33tumar33 te33 odio2939\n>chat \u2606kalm_live|JAJAJAJAJAJJA\n>forcelose p1", "uploadtime": 1732989378, "views": 1, "formatid": "gen9randombattle", "rating": null, "private": 0, "password": null}