{"id": "gen9randombattle-2254059606", "format": "[Gen 9] Random Battle", "players": ["ignacio1111", "Paysa&LoloStan"], "log": "|j|\u2606ignacio1111\n|j|\u2606Paysa&LoloStan\n|t:|1732986175\n|gametype|singles\n|player|p1|ignacio1111|wattson|1472\n|player|p2|Paysa&LoloStan|lucas|1438\n|teamsize|p1|6\n|teamsize|p2|6\n|gen|9\n|tier|[Gen 9] Random Battle\n|rated|\n|rule|Species Clause: Limit one of each Pok\u00e9mon\n|rule|HP Percentage Mod: HP is shown in percentages\n|rule|Sleep Clause Mod: Limit one foe put to sleep\n|rule|Illusion Level Mod: Illusion disguises the Pok\u00e9mon's true level\n|\n|t:|1732986175\n|start\n|switch|p1a: Hitmonchan|Hitmonchan, L87, M|229/229\n|switch|p2a: Porygon-Z|Porygon-Z, L83|277/277\n|turn|1\n|\n|t:|1732986184\n|switch|p2a: Iron Valiant|Iron Valiant, L78|244/244\n|move|p1a: Hitmonchan|Rapid Spin|p2a: Iron Valiant\n|-damage|p2a: Iron Valiant|202/244\n|-boost|p1a: Hitmonchan|spe|1\n|\n|upkeep\n|turn|2\n|\n|t:|1732986196\n|switch|p1a: Eelektross|Eelektross, L87, M|290/290\n|move|p2a: Iron Valiant|Swords Dance|p2a: Iron Valiant\n|-boost|p2a: Iron Valiant|atk|2\n|\n|upkeep\n|turn|3\n|\n|t:|1732986203\n|move|p2a: Iron Valiant|Spirit Break|p1a: Eelektross\n|-damage|p1a: Eelektross|56/290\n|-unboost|p1a: Eelektross|spa|1\n|-damage|p2a: Iron Valiant|178/244|[from] item: Life Orb\n|move|p1a: Eelektross|Discharge|p2a: Iron Valiant\n|-damage|p2a: Iron Valiant|93/244\n|-status|p2a: Iron Valiant|par\n|\n|upkeep\n|turn|4\n|n|!Paysa&LoloStan|paysalolostan\n|\n|t:|1732986233\n|move|p1a: Eelektross|Discharge|p2a: Iron Valiant\n|-damage|p2a: Iron Valiant|0 fnt\n|faint|p2a: Iron Valiant\n|-end|p2a: Iron Valiant|Quark Drive|[silent]\n|\n|upkeep\n|\n|t:|1732986235\n|switch|p2a: Porygon-Z|Porygon-Z, L83|277/277\n|turn|5\n|\n|t:|1732986238\n|move|p2a: Porygon-Z|Tri Attack|p1a: Eelektross\n|-damage|p1a: Eelektross|0 fnt\n|faint|p1a: Eelektross\n|\n|upkeep\n|\n|t:|1732986241\n|switch|p1a: Hitmonchan|Hitmonchan, L87, M|229/229\n|turn|6\n|\n|t:|1732986248\n|switch|p2a: Glimmora|Glimmora, L75, M|248/248\n|-item|p2a: Glimmora|Air Balloon\n|move|p1a: Hitmonchan|Rapid Spin|p2a: Glimmora\n|-resisted|p2a: Glimmora\n|-damage|p2a: Glimmora|224/248\n|-boost|p1a: Hitmonchan|spe|1\n|-activate|p2a: Glimmora|ability: Toxic Debris\n|-sidestart|p1: ignacio1111|move: Toxic Spikes\n|-enditem|p2a: Glimmora|Air Balloon\n|-sideend|p1: ignacio1111|Toxic Spikes|[from] move: Rapid Spin|[of] p1a: Hitmonchan\n|\n|upkeep\n|turn|7\n|\n|t:|1732986292\n|move|p1a: Hitmonchan|Bulk Up|p1a: Hitmonchan\n|-boost|p1a: Hitmonchan|atk|1\n|-boost|p1a: Hitmonchan|def|1\n|move|p2a: Glimmora|Sludge Wave|p1a: Hitmonchan\n|-damage|p1a: Hitmonchan|142/229\n|\n|-heal|p1a: Hitmonchan|156/229|[from] item: Leftovers\n|upkeep\n|turn|8\n|\n|t:|1732986298\n|move|p1a: Hitmonchan|Bulk Up|p1a: Hitmonchan\n|-boost|p1a: Hitmonchan|atk|1\n|-boost|p1a: Hitmonchan|def|1\n|move|p2a: Glimmora|Sludge Wave|p1a: Hitmonchan\n|-damage|p1a: Hitmonchan|72/229\n|\n|-heal|p1a: Hitmonchan|86/229|[from] item: Leftovers\n|upkeep\n|turn|9\n|\n|t:|1732986300\n|move|p1a: Hitmonchan|Drain Punch|p2a: Glimmora\n|-damage|p2a: Glimmora|0 fnt\n|-heal|p1a: Hitmonchan|198/229|[from] drain|[of] p2a: Glimmora\n|-activate|p2a: Glimmora|ability: Toxic Debris\n|-sidestart|p1: ignacio1111|move: Toxic Spikes\n|faint|p2a: Glimmora\n|\n|-heal|p1a: Hitmonchan|212/229|[from] item: Leftovers\n|upkeep\n|\n|t:|1732986310\n|switch|p2a: Porygon-Z|Porygon-Z, L83|277/277\n|turn|10\n|\n|t:|1732986317\n|-terastallize|p2a: Porygon-Z|Ghost\n|move|p2a: Porygon-Z|Shadow Ball|p1a: Hitmonchan\n|-damage|p1a: Hitmonchan|102/229\n|move|p1a: Hitmonchan|Drain Punch|p2a: Porygon-Z\n|-immune|p2a: Porygon-Z\n|\n|-heal|p1a: Hitmonchan|116/229|[from] item: Leftovers\n|upkeep\n|turn|11\n|\n|t:|1732986322\n|move|p2a: Porygon-Z|Shadow Ball|p1a: Hitmonchan\n|-damage|p1a: Hitmonchan|0 fnt\n|faint|p1a: Hitmonchan\n|\n|upkeep\n|\n|t:|1732986328\n|switch|p1a: Girafarig|Girafarig, L89, M|269/269\n|-status|p1a: Girafarig|psn\n|turn|12\n|\n|t:|1732986335\n|switch|p2a: Chandelure|Chandelure, L83, M|235/235\n|move|p1a: Girafarig|Nasty Plot|p1a: Girafarig\n|-boost|p1a: Girafarig|spa|2\n|\n|-damage|p1a: Girafarig|236/269 psn|[from] psn\n|upkeep\n|turn|13\n|\n|t:|1732986342\n|move|p2a: Chandelure|Fire Blast|p1a: Girafarig\n|-damage|p1a: Girafarig|116/269 psn\n|move|p1a: Girafarig|Shadow Ball|p2a: Chandelure\n|-supereffective|p2a: Chandelure\n|-damage|p2a: Chandelure|0 fnt\n|faint|p2a: Chandelure\n|\n|-damage|p1a: Girafarig|83/269 psn|[from] psn\n|upkeep\n|\n|t:|1732986347\n|switch|p2a: Porygon-Z|Porygon-Z, L83, tera:Ghost|277/277\n|turn|14\n|\n|t:|1732986351\n|move|p2a: Porygon-Z|Tri Attack|p1a: Girafarig\n|-damage|p1a: Girafarig|0 fnt\n|faint|p1a: Girafarig\n|\n|upkeep\n|\n|t:|1732986357\n|switch|p1a: Armarouge|Armarouge, L80, F|267/267\n|-status|p1a: Armarouge|psn\n|turn|15\n|\n|t:|1732986361\n|move|p2a: Porygon-Z|Tri Attack|p1a: Armarouge\n|-damage|p1a: Armarouge|144/267 psn\n|move|p1a: Armarouge|Armor Cannon|p2a: Porygon-Z\n|-damage|p2a: Porygon-Z|15/277\n|-unboost|p1a: Armarouge|def|1\n|-unboost|p1a: Armarouge|spd|1\n|\n|-damage|p1a: Armarouge|111/267 psn|[from] psn\n|upkeep\n|turn|16\n|\n|t:|1732986366\n|move|p2a: Porygon-Z|Tri Attack|p1a: Armarouge\n|-damage|p1a: Armarouge|0 fnt\n|faint|p1a: Armarouge\n|\n|upkeep\n|\n|t:|1732986370\n|switch|p1a: Ho-Oh|Ho-Oh, L71|268/268\n|turn|17\n|\n|t:|1732986374\n|switch|p2a: Ribombee|Ribombee, L82, F|233/233\n|move|p1a: Ho-Oh|Brave Bird|p2a: Ribombee\n|-supereffective|p2a: Ribombee\n|-damage|p2a: Ribombee|0 fnt\n|faint|p2a: Ribombee\n|-damage|p1a: Ho-Oh|191/268|[from] Recoil\n|\n|upkeep\n|\n|t:|1732986376\n|switch|p2a: Porygon-Z|Porygon-Z, L83, tera:Ghost|15/277\n|turn|18\n|\n|t:|1732986379\n|move|p2a: Porygon-Z|Thunderbolt|p1a: Ho-Oh\n|-supereffective|p1a: Ho-Oh\n|-damage|p1a: Ho-Oh|69/268\n|move|p1a: Ho-Oh|Brave Bird|p2a: Porygon-Z\n|-damage|p2a: Porygon-Z|0 fnt\n|faint|p2a: Porygon-Z\n|-damage|p1a: Ho-Oh|64/268|[from] Recoil\n|\n|upkeep\n|\n|t:|1732986383\n|switch|p2a: Gallade|Gallade, L81, M|243/243\n|turn|19\n|j| hammy358\n|\n|t:|1732986387\n|switch|p1a: Mienshao|Mienshao, L83, F|243/243\n|-status|p1a: Mienshao|psn\n|move|p2a: Gallade|Psycho Cut|p1a: Mienshao\n|-supereffective|p1a: Mienshao\n|-damage|p1a: Mienshao|0 fnt\n|faint|p1a: Mienshao\n|-damage|p2a: Gallade|219/243|[from] item: Life Orb\n|\n|upkeep\n|\n|t:|1732986389\n|switch|p1a: Ho-Oh|Ho-Oh, L71|153/268\n|turn|20\n|\n|t:|1732986392\n|move|p2a: Gallade|Psycho Cut|p1a: Ho-Oh\n|-damage|p1a: Ho-Oh|0 fnt\n|faint|p1a: Ho-Oh\n|-damage|p2a: Gallade|195/243|[from] item: Life Orb\n|\n|win|Paysa&LoloStan\n", "inputlog": ">version b107d77f5c90bd6555267ae244a6264823309ead\n>start {\"formatid\":\"gen9randombattle\",\"seed\":[52990,44069,49262,61087],\"rated\":\"Rated battle\"}\n>player p1 {\"name\":\"ignacio1111\",\"avatar\":\"wattson\",\"rating\":1472,\"seed\":[41890,10248,16667,39770]}\n>player p2 {\"name\":\"Paysa&LoloStan\",\"avatar\":\"lucas\",\"rating\":1438,\"seed\":[14842,62060,54895,273]}\n>p1 move rapidspin\n>p2 switch 4\n>p1 switch 4\n>p2 move swordsdance\n>p1 move discharge\n>p2 move spiritbreak\n>chat \u2606Paysa&LoloStan|Fuck you too I guess showdown\n>p1 move discharge\n>p2 move spiritbreak\n>p2 switch 4\n>p1 move closecombat\n>p2 move triattack\n>p1 switch 4\n>p1 move rapidspin\n>p2 switch 6\n>p1 move bulkup\n>p2 move sludgewave\n>p1 move bulkup\n>p2 move sludgewave\n>p1 move drainpunch\n>p2 move sludgewave\n>p2 switch 6\n>p1 move drainpunch\n>p2 move shadowball terastallize\n>p1 move knockoff\n>p2 move shadowball\n>p1 switch 3\n>p1 move nastyplot\n>p2 switch 5\n>p1 move shadowball\n>p2 move fireblast\n>p2 switch 5\n>p1 move shadowball\n>p2 move triattack\n>p1 switch 2\n>p1 move armorcannon\n>p2 move triattack\n>p1 move armorcannon\n>p2 move triattack\n>p1 switch 5\n>p1 move bravebird\n>p2 switch 2\n>p2 switch 2\n>p1 move bravebird\n>p2 move thunderbolt\n>p2 switch 3\n>p1 switch 6\n>p2 move psychocut\n>p1 switch 6\n>p1 move bravebird\n>p2 move psychocut", "uploadtime": 1732986215, "views": 1, "formatid": "gen9randombattle", "rating": null, "private": 0, "password": null}