{"id": "gen9randombattle-2253995704", "format": "[Gen 9] Random Battle", "players": ["bi hunk", "zwy4"], "log": "|j|\u2606bi hunk\n|j|\u2606zwy4\n|t:|1732977446\n|gametype|singles\n|player|p1|bi hunk|milo|1693\n|player|p2|zwy4|265|1700\n|teamsize|p1|6\n|teamsize|p2|6\n|gen|9\n|tier|[Gen 9] Random Battle\n|rated|\n|rule|Species Clause: Limit one of each Pok\u00e9mon\n|rule|HP Percentage Mod: HP is shown in percentages\n|rule|Sleep Clause Mod: Limit one foe put to sleep\n|rule|Illusion Level Mod: Illusion disguises the Pok\u00e9mon's true level\n|\n|t:|1732977446\n|start\n|switch|p1a: Noivern|Noivern, L82, F|274/274\n|switch|p2a: Iron Crown|Iron Crown, L79|272/272\n|turn|1\n|inactive|Battle timer is ON: inactive players will automatically lose when time's up. (requested by bi hunk)\n|\n|t:|1732977467\n|-end|p2a: Iron Crown|Quark Drive|[silent]\n|switch|p2a: Regigigas|Regigigas, L84|322/322\n|-start|p2a: Regigigas|ability: Slow Start\n|move|p1a: Noivern|Flamethrower|p2a: Regigigas\n|-damage|p2a: Regigigas|245/322\n|-status|p2a: Regigigas|brn\n|\n|-heal|p2a: Regigigas|265/322 brn|[from] item: Leftovers\n|-damage|p2a: Regigigas|245/322 brn|[from] brn\n|upkeep\n|turn|2\n|\n|t:|1732977483\n|switch|p1a: Hitmontop|Hitmontop, L88, M|231/231\n|move|p2a: Regigigas|Knock Off|p1a: Hitmontop\n|-resisted|p1a: Hitmontop\n|-damage|p1a: Hitmontop|219/231\n|-enditem|p1a: Hitmontop|Leftovers|[from] move: Knock Off|[of] p2a: Regigigas\n|\n|-heal|p2a: Regigigas|265/322 brn|[from] item: Leftovers\n|-damage|p2a: Regigigas|245/322 brn|[from] brn\n|upkeep\n|turn|3\n|\n|t:|1732977490\n|move|p1a: Hitmontop|Close Combat|p2a: Regigigas\n|-supereffective|p2a: Regigigas\n|-damage|p2a: Regigigas|21/322 brn\n|-unboost|p1a: Hitmontop|def|1\n|-unboost|p1a: Hitmontop|spd|1\n|move|p2a: Regigigas|Body Slam|p1a: Hitmontop\n|-damage|p1a: Hitmontop|171/231\n|\n|-heal|p2a: Regigigas|41/322 brn|[from] item: Leftovers\n|-damage|p2a: Regigigas|21/322 brn|[from] brn\n|upkeep\n|turn|4\n|\n|t:|1732977504\n|move|p1a: Hitmontop|Rapid Spin|p2a: Regigigas\n|-damage|p2a: Regigigas|0 fnt\n|-boost|p1a: Hitmontop|spe|1\n|faint|p2a: Regigigas\n|-end|p2a: Regigigas|Slow Start|[silent]\n|\n|upkeep\n|\n|t:|1732977523\n|switch|p2a: Bronzong|Bronzong, L88|261/261\n|turn|5\n|\n|t:|1732977532\n|move|p1a: Hitmontop|Close Combat|p2a: Bronzong\n|-damage|p2a: Bronzong|146/261\n|-unboost|p1a: Hitmontop|def|1\n|-unboost|p1a: Hitmontop|spd|1\n|move|p2a: Bronzong|Psychic Noise|p1a: Hitmontop\n|-supereffective|p1a: Hitmontop\n|-damage|p1a: Hitmontop|0 fnt\n|faint|p1a: Hitmontop\n|\n|upkeep\n|\n|t:|1732977536\n|switch|p1a: Noivern|Noivern, L82, F|274/274\n|turn|6\n|\n|t:|1732977545\n|move|p1a: Noivern|Flamethrower|p2a: Bronzong\n|-supereffective|p2a: Bronzong\n|-damage|p2a: Bronzong|6/261\n|move|p2a: Bronzong|Psychic Noise|p1a: Noivern\n|-damage|p1a: Noivern|193/274\n|-start|p1a: Noivern|move: Heal Block\n|\n|upkeep\n|turn|7\n|\n|t:|1732977549\n|move|p1a: Noivern|Flamethrower|p2a: Bronzong\n|-supereffective|p2a: Bronzong\n|-damage|p2a: Bronzong|0 fnt\n|faint|p2a: Bronzong\n|\n|-end|p1a: Noivern|move: Heal Block\n|upkeep\n|\n|t:|1732977553\n|switch|p2a: Kleavor|Kleavor, L78, M|237/237\n|turn|8\n|\n|t:|1732977563\n|switch|p1a: Dondozo|Dondozo, L78, M|362/362\n|move|p2a: Kleavor|Stone Axe|p1a: Dondozo\n|-damage|p1a: Dondozo|215/362\n|-sidestart|p1: bi hunk|move: Stealth Rock\n|\n|-heal|p1a: Dondozo|237/362|[from] item: Leftovers\n|upkeep\n|turn|9\n|\n|t:|1732977579\n|switch|p2a: Leavanny|Leavanny, L86, M|269/269\n|move|p1a: Dondozo|Wave Crash|p2a: Leavanny\n|-resisted|p2a: Leavanny\n|-damage|p2a: Leavanny|209/269\n|-damage|p1a: Dondozo|217/362|[from] Recoil\n|\n|-heal|p1a: Dondozo|239/362|[from] item: Leftovers\n|upkeep\n|turn|10\n|\n|t:|1732977596\n|switch|p1a: Tauros|Tauros-Paldea-Combat, L82, M|257/257\n|-damage|p1a: Tauros|241/257|[from] Stealth Rock\n|-ability|p1a: Tauros|Intimidate|boost\n|-unboost|p2a: Leavanny|atk|1\n|move|p2a: Leavanny|Knock Off|p1a: Tauros\n|-resisted|p1a: Tauros\n|-crit|p1a: Tauros\n|-damage|p1a: Tauros|187/257\n|-enditem|p1a: Tauros|Choice Band|[from] move: Knock Off|[of] p2a: Leavanny\n|\n|upkeep\n|turn|11\n|inactive|zwy4 has 120 seconds left.\n|\n|t:|1732977621\n|move|p1a: Tauros|Stone Edge|p2a: Leavanny|[miss]\n|-miss|p1a: Tauros|p2a: Leavanny\n|move|p2a: Leavanny|Sticky Web|p1a: Tauros\n|-sidestart|p1: bi hunk|move: Sticky Web\n|\n|upkeep\n|turn|12\n|inactive|zwy4 has 120 seconds left.\n|\n|t:|1732977642\n|move|p1a: Tauros|Stone Edge|p2a: Leavanny\n|-supereffective|p2a: Leavanny\n|-damage|p2a: Leavanny|45/269\n|move|p2a: Leavanny|Leaf Blade|p1a: Tauros\n|-damage|p1a: Tauros|127/257\n|\n|upkeep\n|turn|13\n|\n|t:|1732977658\n|move|p1a: Tauros|Iron Head|p2a: Leavanny\n|-damage|p2a: Leavanny|0 fnt\n|faint|p2a: Leavanny\n|\n|upkeep\n|\n|t:|1732977670\n|switch|p2a: Iron Crown|Iron Crown, L79|272/272\n|turn|14\n|\n|t:|1732977674\n|move|p1a: Tauros|Earthquake|p2a: Iron Crown\n|-supereffective|p2a: Iron Crown\n|-damage|p2a: Iron Crown|130/272\n|move|p2a: Iron Crown|Psyshock|p1a: Tauros\n|-supereffective|p1a: Tauros\n|-damage|p1a: Tauros|0 fnt\n|faint|p1a: Tauros\n|\n|-heal|p2a: Iron Crown|147/272|[from] item: Leftovers\n|upkeep\n|\n|t:|1732977684\n|switch|p1a: Basculegion|Basculegion, L81, M|327/327\n|-damage|p1a: Basculegion|287/327|[from] Stealth Rock\n|-activate|p1a: Basculegion|move: Sticky Web\n|-unboost|p1a: Basculegion|spe|1\n|turn|15\n|inactive|zwy4 has 120 seconds left.\n|\n|t:|1732977706\n|move|p2a: Iron Crown|Psyshock|p1a: Basculegion\n|-damage|p1a: Basculegion|163/327\n|move|p1a: Basculegion|Shadow Ball|p2a: Iron Crown\n|-supereffective|p2a: Iron Crown\n|-damage|p2a: Iron Crown|0 fnt\n|faint|p2a: Iron Crown\n|-end|p2a: Iron Crown|Quark Drive|[silent]\n|\n|upkeep\n|\n|t:|1732977722\n|switch|p2a: Morpeko|Morpeko, L88, M|245/245\n|turn|16\n|\n|t:|1732977734\n|move|p1a: Basculegion|Aqua Jet|p2a: Morpeko\n|-damage|p2a: Morpeko|169/245\n|move|p2a: Morpeko|Aura Wheel|p1a: Basculegion\n|-supereffective|p1a: Basculegion\n|-damage|p1a: Basculegion|0 fnt\n|-boost|p2a: Morpeko|spe|1\n|faint|p1a: Basculegion\n|\n|-formechange|p2a: Morpeko|Morpeko-Hangry||[from] ability: Hunger Switch\n|upkeep\n|\n|t:|1732977736\n|switch|p1a: Dondozo|Dondozo, L78, M|239/362\n|-damage|p1a: Dondozo|194/362|[from] Stealth Rock\n|-activate|p1a: Dondozo|move: Sticky Web\n|-unboost|p1a: Dondozo|spe|1\n|turn|17\n|inactive|zwy4 has 90 seconds left.\n|\n|t:|1732977768\n|-terastallize|p1a: Dondozo|Fairy\n|move|p2a: Morpeko|Aura Wheel|p1a: Dondozo\n|-resisted|p1a: Dondozo\n|-damage|p1a: Dondozo|141/362\n|-boost|p2a: Morpeko|spe|1\n|move|p1a: Dondozo|Curse|p1a: Dondozo\n|-unboost|p1a: Dondozo|spe|1\n|-boost|p1a: Dondozo|atk|1\n|-boost|p1a: Dondozo|def|1\n|\n|-heal|p1a: Dondozo|163/362|[from] item: Leftovers\n|-formechange|p2a: Morpeko|Morpeko||[from] ability: Hunger Switch\n|upkeep\n|turn|18\n|inactive|zwy4 has 90 seconds left.\n|\n|t:|1732977791\n|move|p2a: Morpeko|Aura Wheel|p1a: Dondozo\n|-damage|p1a: Dondozo|87/362\n|-boost|p2a: Morpeko|spe|1\n|move|p1a: Dondozo|Rest|p1a: Dondozo\n|-status|p1a: Dondozo|slp|[from] move: Rest\n|-heal|p1a: Dondozo|362/362 slp|[silent]\n|\n|-formechange|p2a: Morpeko|Morpeko-Hangry||[from] ability: Hunger Switch\n|upkeep\n|turn|19\n|\n|t:|1732977798\n|move|p2a: Morpeko|Parting Shot|p1a: Dondozo\n|-unboost|p1a: Dondozo|atk|1\n|-unboost|p1a: Dondozo|spa|1\n|\n|t:|1732977801\n|switch|p2a: Kleavor|Kleavor, L78, M|237/237|[from] Parting Shot\n|cant|p1a: Dondozo|slp\n|move|p1a: Dondozo|Sleep Talk|p1a: Dondozo\n|move|p1a: Dondozo|Curse|p1a: Dondozo|[from]move: Sleep Talk\n|-unboost|p1a: Dondozo|spe|1\n|-boost|p1a: Dondozo|atk|1\n|-boost|p1a: Dondozo|def|1\n|\n|upkeep\n|turn|20\n|-message|zwy4 forfeited.\n|\n|win|bi hunk\n|raw|bi hunk's rating: 1693 &rarr; <strong>1713</strong><br />(+20 for winning)\n|raw|zwy4's rating: 1700 &rarr; <strong>1680</strong><br />(-20 for losing)\n|l|\u2606zwy4\n|player|p2|\n|l|\u2606bi hunk\n|player|p1|\n|j|\u2606bi hunk\n|player|p1|bi hunk|milo|\n", "inputlog": ">version b107d77f5c90bd6555267ae244a6264823309ead\n>start {\"formatid\":\"gen9randombattle\",\"seed\":[34264,57278,20567,28990],\"rated\":\"Rated battle\"}\n>player p1 {\"name\":\"bi hunk\",\"avatar\":\"milo\",\"rating\":1693,\"seed\":[787,56886,22554,47477]}\n>player p2 {\"name\":\"zwy4\",\"avatar\":\"265\",\"rating\":1700,\"seed\":[20677,46841,28374,39466]}\n>p1 move flamethrower\n>p2 switch 5\n>p1 switch 2\n>p2 move knockoff\n>p1 move closecombat\n>p2 move bodyslam\n>p1 move rapidspin\n>p2 move bodyslam\n>p2 switch 2\n>p1 move closecombat\n>p2 move psychicnoise\n>p1 switch 2\n>p1 move flamethrower\n>p2 move psychicnoise\n>p1 move flamethrower\n>p2 move rest\n>p2 switch 6\n>p1 switch 6\n>p2 move stoneaxe\n>p1 move wavecrash\n>p2 switch 4\n>p1 switch 5\n>p2 move knockoff\n>p1 move stoneedge\n>p2 move stickyweb\n>p1 move stoneedge\n>p2 move leafblade\n>p1 move ironhead\n>p2 move lunge\n>p2 switch 5\n>p1 move earthquake\n>p2 move psyshock\n>p1 switch 4\n>p1 move shadowball\n>p2 move psyshock\n>p2 switch 3\n>p1 move aquajet\n>p2 move aurawheel\n>p1 switch 5\n>p1 move curse terastallize\n>p2 move aurawheel\n>p1 move rest\n>p2 move aurawheel\n>p1 move sleeptalk\n>p2 move partingshot\n>p2 switch 4\n>forcelose p2", "uploadtime": 1732977811, "views": 1, "formatid": "gen9randombattle", "rating": 1680, "private": 0, "password": null}