{"id": "gen9randombattle-2254099562", "format": "[Gen 9] Random Battle", "players": ["FakeCultist", "Elreydepokemon"], "log": "|j|\u2606FakeCultist\n|j|\u2606Elreydepokemon\n|t:|1732991203\n|gametype|singles\n|player|p1|FakeCultist|giovanni|1165\n|player|p2|Elreydepokemon|265|1134\n|teamsize|p1|6\n|teamsize|p2|6\n|gen|9\n|tier|[Gen 9] Random Battle\n|rated|\n|rule|Species Clause: Limit one of each Pok\u00e9mon\n|rule|HP Percentage Mod: HP is shown in percentages\n|rule|Sleep Clause Mod: Limit one foe put to sleep\n|rule|Illusion Level Mod: Illusion disguises the Pok\u00e9mon's true level\n|\n|t:|1732991203\n|start\n|switch|p1a: Delphox|Delphox, L84, F|263/263\n|switch|p2a: Tauros|Tauros-Paldea-Blaze, L81, M|252/252\n|turn|1\n|\n|t:|1732991230\n|switch|p2a: Carbink|Carbink, L90|236/236\n|move|p1a: Delphox|Psyshock|p2a: Carbink\n|-damage|p2a: Carbink|176/236\n|\n|-heal|p2a: Carbink|190/236|[from] item: Leftovers\n|upkeep\n|turn|2\n|\n|t:|1732991250\n|switch|p1a: Suicune|Suicune, L82|298/298\n|-ability|p1a: Suicune|Pressure\n|move|p2a: Carbink|Iron Defense|p2a: Carbink\n|-boost|p2a: Carbink|def|2\n|\n|-heal|p2a: Carbink|204/236|[from] item: Leftovers\n|upkeep\n|turn|3\n|\n|t:|1732991271\n|move|p1a: Suicune|Calm Mind|p1a: Suicune\n|-boost|p1a: Suicune|spa|1\n|-boost|p1a: Suicune|spd|1\n|move|p2a: Carbink|Rock Polish|p2a: Carbink\n|-boost|p2a: Carbink|spe|2\n|\n|-heal|p2a: Carbink|218/236|[from] item: Leftovers\n|upkeep\n|turn|4\n|\n|t:|1732991282\n|move|p2a: Carbink|Body Press|p1a: Suicune\n|-damage|p1a: Suicune|147/298\n|move|p1a: Suicune|Calm Mind|p1a: Suicune\n|-boost|p1a: Suicune|spa|1\n|-boost|p1a: Suicune|spd|1\n|\n|-heal|p2a: Carbink|232/236|[from] item: Leftovers\n|-heal|p1a: Suicune|165/298|[from] item: Leftovers\n|upkeep\n|turn|5\n|\n|t:|1732991297\n|-terastallize|p2a: Carbink|Fighting\n|move|p1a: Suicune|Protect|p1a: Suicune\n|-singleturn|p1a: Suicune|Protect\n|move|p2a: Carbink|Body Press|p1a: Suicune\n|-activate|p1a: Suicune|move: Protect\n|\n|-heal|p2a: Carbink|236/236|[from] item: Leftovers\n|-heal|p1a: Suicune|183/298|[from] item: Leftovers\n|upkeep\n|turn|6\n|\n|t:|1732991311\n|move|p2a: Carbink|Body Press|p1a: Suicune\n|-damage|p1a: Suicune|0 fnt\n|faint|p1a: Suicune\n|\n|upkeep\n|\n|t:|1732991322\n|switch|p1a: Oranguru|Oranguru, L92, M|315/315\n|turn|7\n|\n|t:|1732991330\n|move|p2a: Carbink|Body Press|p1a: Oranguru\n|-damage|p1a: Oranguru|65/315\n|move|p1a: Oranguru|Psyshock|p2a: Carbink\n|-supereffective|p2a: Carbink\n|-damage|p2a: Carbink|176/236\n|\n|-heal|p2a: Carbink|190/236|[from] item: Leftovers\n|-heal|p1a: Oranguru|84/315|[from] item: Leftovers\n|upkeep\n|turn|8\n|\n|t:|1732991343\n|move|p2a: Carbink|Iron Defense|p2a: Carbink\n|-boost|p2a: Carbink|def|2\n|move|p1a: Oranguru|Psyshock|p2a: Carbink\n|-supereffective|p2a: Carbink\n|-damage|p2a: Carbink|148/236\n|\n|-heal|p2a: Carbink|162/236|[from] item: Leftovers\n|-heal|p1a: Oranguru|103/315|[from] item: Leftovers\n|upkeep\n|turn|9\n|\n|t:|1732991354\n|move|p2a: Carbink|Body Press|p1a: Oranguru\n|-damage|p1a: Oranguru|0 fnt\n|faint|p1a: Oranguru\n|\n|-heal|p2a: Carbink|176/236|[from] item: Leftovers\n|upkeep\n|\n|t:|1732991362\n|switch|p1a: Eternatus|Eternatus, L69|308/308\n|-ability|p1a: Eternatus|Pressure\n|turn|10\n|\n|t:|1732991378\n|move|p2a: Carbink|Body Press|p1a: Eternatus\n|-resisted|p1a: Eternatus\n|-damage|p1a: Eternatus|82/308\n|move|p1a: Eternatus|Sludge Bomb|p2a: Carbink\n|-damage|p2a: Carbink|124/236\n|\n|-heal|p2a: Carbink|138/236|[from] item: Leftovers\n|upkeep\n|turn|11\n|\n|t:|1732991387\n|move|p2a: Carbink|Body Press|p1a: Eternatus\n|-resisted|p1a: Eternatus\n|-damage|p1a: Eternatus|0 fnt\n|faint|p1a: Eternatus\n|\n|-heal|p2a: Carbink|152/236|[from] item: Leftovers\n|upkeep\n|\n|t:|1732991390\n|switch|p1a: Baxcalibur|Baxcalibur, L75, F|295/295\n|turn|12\n|\n|t:|1732991404\n|-terastallize|p1a: Baxcalibur|Ground\n|move|p2a: Carbink|Body Press|p1a: Baxcalibur\n|-damage|p1a: Baxcalibur|0 fnt\n|faint|p1a: Baxcalibur\n|\n|-heal|p2a: Carbink|166/236|[from] item: Leftovers\n|upkeep\n|\n|t:|1732991406\n|switch|p1a: Leavanny|Leavanny, L86, F|269/269\n|turn|13\n|l|\u2606Elreydepokemon\n|player|p2|\n|j|\u2606Elreydepokemon\n|player|p2|Elreydepokemon|265|\n|\n|t:|1732991446\n|move|p2a: Carbink|Body Press|p1a: Leavanny\n|-resisted|p1a: Leavanny\n|-damage|p1a: Leavanny|41/269\n|move|p1a: Leavanny|Knock Off|p2a: Carbink\n|-resisted|p2a: Carbink\n|-damage|p2a: Carbink|159/236\n|-enditem|p2a: Carbink|Leftovers|[from] move: Knock Off|[of] p1a: Leavanny\n|\n|upkeep\n|turn|14\n|\n|t:|1732991454\n|move|p2a: Carbink|Body Press|p1a: Leavanny\n|-resisted|p1a: Leavanny\n|-damage|p1a: Leavanny|0 fnt\n|faint|p1a: Leavanny\n|\n|upkeep\n|\n|t:|1732991457\n|switch|p1a: Delphox|Delphox, L84, F|263/263\n|turn|15\n|c|\u2606Elreydepokemon|Gg\n|\n|t:|1732991464\n|move|p2a: Carbink|Body Press|p1a: Delphox\n|-resisted|p1a: Delphox\n|-damage|p1a: Delphox|32/263\n|move|p1a: Delphox|Psyshock|p2a: Carbink\n|-supereffective|p2a: Carbink\n|-damage|p2a: Carbink|117/236\n|\n|upkeep\n|turn|16\n|c|\u2606FakeCultist|gg lol\n|c|\u2606FakeCultist|i got sweeped like crazy\n|\n|t:|1732991474\n|move|p2a: Carbink|Moonblast|p1a: Delphox\n|-resisted|p1a: Delphox\n|-damage|p1a: Delphox|2/263\n|-unboost|p1a: Delphox|spa|1\n|move|p1a: Delphox|Psyshock|p2a: Carbink\n|-supereffective|p2a: Carbink\n|-damage|p2a: Carbink|87/236\n|\n|upkeep\n|turn|17\n|\n|t:|1732991482\n|move|p2a: Carbink|Moonblast|p1a: Delphox\n|-resisted|p1a: Delphox\n|-damage|p1a: Delphox|0 fnt\n|faint|p1a: Delphox\n|\n|win|Elreydepokemon\n|raw|FakeCultist's rating: 1165 &rarr; <strong>1138</strong><br />(-27 for losing)\n|raw|Elreydepokemon's rating: 1134 &rarr; <strong>1161</strong><br />(+27 for winning)\n", "inputlog": ">version b107d77f5c90bd6555267ae244a6264823309ead\n>start {\"formatid\":\"gen9randombattle\",\"seed\":[15939,26742,61780,35519],\"rated\":\"Rated battle\"}\n>player p1 {\"name\":\"FakeCultist\",\"avatar\":\"giovanni\",\"rating\":1165,\"seed\":[44951,20815,58343,49927]}\n>player p2 {\"name\":\"Elreydepokemon\",\"avatar\":\"265\",\"rating\":1134,\"seed\":[36982,33696,8526,49466]}\n>p1 move psyshock\n>p2 switch 4\n>p1 switch 6\n>p2 move irondefense\n>p1 move calmmind\n>p2 move rockpolish\n>p1 move calmmind\n>p2 move bodypress\n>p1 move protect\n>p2 move bodypress terastallize\n>p1 move scald\n>p2 move bodypress\n>p1 switch 4\n>p1 move psyshock\n>p2 move bodypress\n>p1 move psyshock\n>p2 move irondefense\n>p1 move psyshock\n>p2 move bodypress\n>p1 switch 5\n>p1 move sludgebomb\n>p2 move bodypress\n>p1 move sludgebomb\n>p2 move bodypress\n>p1 switch 3\n>p1 move earthquake terastallize\n>p2 move bodypress\n>p1 switch 2\n>p1 move knockoff\n>p2 move bodypress\n>p1 move lunge\n>p2 move bodypress\n>p1 switch 6\n>chat \u2606Elreydepokemon|Gg\n>p1 move psyshock\n>p2 move bodypress\n>chat \u2606FakeCultist|gg lol\n>chat \u2606FakeCultist|i got sweeped like crazy\n>p1 move psyshock\n>p2 move moonblast\n>p1 move psyshock\n>p2 move moonblast", "uploadtime": 1732991493, "views": 3, "formatid": "gen9randombattle", "rating": 1138, "private": 0, "password": null}