{"id": "gen9randombattle-2254150620", "format": "[Gen 9] Random Battle", "players": ["rad_zeeee", "King Bananana"], "log": "|j|\u2606rad_zeeee\n|j|\u2606King Bananana\n|t:|1732997444\n|gametype|singles\n|player|p1|rad_zeeee|veteran|1497\n|player|p2|King Bananana|pokemaniac|1508\n|teamsize|p1|6\n|teamsize|p2|6\n|gen|9\n|tier|[Gen 9] Random Battle\n|rated|\n|rule|Species Clause: Limit one of each Pok\u00e9mon\n|rule|HP Percentage Mod: HP is shown in percentages\n|rule|Sleep Clause Mod: Limit one foe put to sleep\n|rule|Illusion Level Mod: Illusion disguises the Pok\u00e9mon's true level\n|\n|t:|1732997444\n|start\n|switch|p1a: Floatzel|Floatzel, L85, M|283/283\n|switch|p2a: Rabsca|Rabsca, L91, M|284/284\n|turn|1\n|inactive|Battle timer is ON: inactive players will automatically lose when time's up. (requested by King Bananana)\n|\n|t:|1732997456\n|switch|p2a: Eelektross|Eelektross, L87, F|290/290\n|move|p1a: Floatzel|Bulk Up|p1a: Floatzel\n|-boost|p1a: Floatzel|atk|1\n|-boost|p1a: Floatzel|def|1\n|\n|upkeep\n|turn|2\n|\n|t:|1732997468\n|move|p1a: Floatzel|Bulk Up|p1a: Floatzel\n|-boost|p1a: Floatzel|atk|1\n|-boost|p1a: Floatzel|def|1\n|move|p2a: Eelektross|Discharge|p1a: Floatzel\n|-supereffective|p1a: Floatzel\n|-damage|p1a: Floatzel|17/283\n|\n|-heal|p1a: Floatzel|34/283|[from] item: Leftovers\n|upkeep\n|turn|3\n|\n|t:|1732997477\n|move|p1a: Floatzel|Wave Crash|p2a: Eelektross\n|-damage|p2a: Eelektross|0 fnt\n|faint|p2a: Eelektross\n|-damage|p1a: Floatzel|0 fnt|[from] Recoil\n|faint|p1a: Floatzel\n|\n|upkeep\n|\n|t:|1732997491\n|switch|p1a: Scrafty|Scrafty, L84, F|246/246\n|switch|p2a: Araquanid|Araquanid, L82, F|246/246\n|-ability|p1a: Scrafty|Intimidate|boost\n|-unboost|p2a: Araquanid|atk|1\n|turn|4\n|inactive|rad_zeeee has 120 seconds left.\n|\n|t:|1732997524\n|move|p1a: Scrafty|Dragon Dance|p1a: Scrafty\n|-boost|p1a: Scrafty|atk|1\n|-boost|p1a: Scrafty|spe|1\n|move|p2a: Araquanid|Sticky Web|p1a: Scrafty\n|-sidestart|p1: rad_zeeee|move: Sticky Web\n|\n|upkeep\n|turn|5\n|\n|t:|1732997528\n|move|p1a: Scrafty|Dragon Dance|p1a: Scrafty\n|-boost|p1a: Scrafty|atk|1\n|-boost|p1a: Scrafty|spe|1\n|move|p2a: Araquanid|Leech Life|p1a: Scrafty\n|-damage|p1a: Scrafty|210/246\n|\n|upkeep\n|turn|6\n|\n|t:|1732997532\n|move|p1a: Scrafty|Dragon Dance|p1a: Scrafty\n|-boost|p1a: Scrafty|atk|1\n|-boost|p1a: Scrafty|spe|1\n|move|p2a: Araquanid|Hydro Pump|p1a: Scrafty|[miss]\n|-miss|p2a: Araquanid|p1a: Scrafty\n|\n|upkeep\n|turn|7\n|\n|t:|1732997538\n|-terastallize|p1a: Scrafty|Poison\n|move|p1a: Scrafty|Poison Jab|p2a: Araquanid\n|-damage|p2a: Araquanid|0 fnt\n|faint|p2a: Araquanid\n|-damage|p1a: Scrafty|186/246|[from] item: Life Orb\n|\n|upkeep\n|\n|t:|1732997551\n|switch|p2a: Rabsca|Rabsca, L91, M|284/284\n|turn|8\n|inactive|King Bananana has 120 seconds left.\n|\n|t:|1732997582\n|-terastallize|p2a: Rabsca|Steel\n|move|p1a: Scrafty|Knock Off|p2a: Rabsca\n|-damage|p2a: Rabsca|0 fnt\n|-enditem|p2a: Rabsca|Heavy-Duty Boots|[from] move: Knock Off|[of] p1a: Scrafty\n|faint|p2a: Rabsca\n|-damage|p1a: Scrafty|162/246|[from] item: Life Orb\n|\n|upkeep\n|inactive|King Bananana has 120 seconds left.\n|\n|t:|1732997590\n|switch|p2a: Rhyperior|Rhyperior, L82, F|323/323\n|turn|9\n|\n|t:|1732997596\n|move|p1a: Scrafty|Knock Off|p2a: Rhyperior\n|-damage|p2a: Rhyperior|88/323\n|-enditem|p2a: Rhyperior|Assault Vest|[from] move: Knock Off|[of] p1a: Scrafty\n|-damage|p1a: Scrafty|138/246|[from] item: Life Orb\n|move|p2a: Rhyperior|Earthquake|p1a: Scrafty\n|-supereffective|p1a: Scrafty\n|-damage|p1a: Scrafty|0 fnt\n|faint|p1a: Scrafty\n|\n|upkeep\n|\n|t:|1732997608\n|switch|p1a: Iron Hands|Iron Hands, L79|373/373\n|-activate|p1a: Iron Hands|move: Sticky Web\n|-unboost|p1a: Iron Hands|spe|1\n|turn|10\n|\n|t:|1732997617\n|move|p2a: Rhyperior|Earthquake|p1a: Iron Hands\n|-supereffective|p1a: Iron Hands\n|-damage|p1a: Iron Hands|127/373\n|move|p1a: Iron Hands|Ice Punch|p2a: Rhyperior\n|-supereffective|p2a: Rhyperior\n|-damage|p2a: Rhyperior|19/323\n|\n|upkeep\n|turn|11\n|\n|t:|1732997622\n|move|p2a: Rhyperior|Earthquake|p1a: Iron Hands\n|-supereffective|p1a: Iron Hands\n|-damage|p1a: Iron Hands|0 fnt\n|faint|p1a: Iron Hands\n|-end|p1a: Iron Hands|Quark Drive|[silent]\n|\n|upkeep\n|\n|t:|1732997629\n|switch|p1a: Pyroar|Pyroar, L88, F|295/295\n|-ability|p1a: Pyroar|Unnerve\n|turn|12\n|\n|t:|1732997641\n|move|p1a: Pyroar|Dark Pulse|p2a: Rhyperior\n|-damage|p2a: Rhyperior|0 fnt\n|faint|p2a: Rhyperior\n|\n|upkeep\n|\n|t:|1732997650\n|switch|p2a: Regigigas|Regigigas, L84|322/322\n|-start|p2a: Regigigas|ability: Slow Start\n|turn|13\n|\n|t:|1732997658\n|move|p1a: Pyroar|Work Up|p1a: Pyroar\n|-boost|p1a: Pyroar|atk|1\n|-boost|p1a: Pyroar|spa|1\n|move|p2a: Regigigas|Body Slam|p1a: Pyroar\n|-damage|p1a: Pyroar|217/295\n|\n|upkeep\n|turn|14\n|\n|t:|1732997665\n|move|p1a: Pyroar|Fire Blast|p2a: Regigigas|[miss]\n|-miss|p1a: Pyroar|p2a: Regigigas\n|move|p2a: Regigigas|Substitute|p2a: Regigigas\n|-start|p2a: Regigigas|Substitute\n|-damage|p2a: Regigigas|242/322\n|\n|-heal|p2a: Regigigas|262/322|[from] item: Leftovers\n|upkeep\n|turn|15\n|\n|t:|1732997668\n|move|p1a: Pyroar|Fire Blast|p2a: Regigigas\n|-end|p2a: Regigigas|Substitute\n|move|p2a: Regigigas|Body Slam|p1a: Pyroar\n|-damage|p1a: Pyroar|147/295\n|-status|p1a: Pyroar|par\n|\n|-heal|p2a: Regigigas|282/322|[from] item: Leftovers\n|upkeep\n|turn|16\n|\n|t:|1732997689\n|move|p2a: Regigigas|Protect|p2a: Regigigas\n|-singleturn|p2a: Regigigas|Protect\n|cant|p1a: Pyroar|par\n|\n|-heal|p2a: Regigigas|302/322|[from] item: Leftovers\n|upkeep\n|turn|17\n|\n|t:|1732997697\n|cant|p1a: Pyroar|par\n|move|p2a: Regigigas|Body Slam|p1a: Pyroar\n|-damage|p1a: Pyroar|77/295 par\n|\n|-heal|p2a: Regigigas|322/322|[from] item: Leftovers\n|-end|p2a: Regigigas|Slow Start\n|upkeep\n|turn|18\n|\n|t:|1732997700\n|move|p2a: Regigigas|Body Slam|p1a: Pyroar\n|-damage|p1a: Pyroar|0 fnt\n|faint|p1a: Pyroar\n|\n|upkeep\n|\n|t:|1732997704\n|switch|p1a: Brambleghast|Brambleghast, L88, F|240/240\n|-activate|p1a: Brambleghast|move: Sticky Web\n|-unboost|p1a: Brambleghast|spe|1\n|turn|19\n|\n|t:|1732997707\n|move|p2a: Regigigas|Knock Off|p1a: Brambleghast\n|-supereffective|p1a: Brambleghast\n|-damage|p1a: Brambleghast|24/240\n|-enditem|p1a: Brambleghast|Leftovers|[from] move: Knock Off|[of] p2a: Regigigas\n|move|p1a: Brambleghast|Strength Sap|p2a: Regigigas\n|-unboost|p2a: Regigigas|atk|1\n|-heal|p1a: Brambleghast|240/240\n|\n|upkeep\n|turn|20\n|\n|t:|1732997716\n|move|p2a: Regigigas|Knock Off|p1a: Brambleghast\n|-supereffective|p1a: Brambleghast\n|-damage|p1a: Brambleghast|134/240\n|move|p1a: Brambleghast|Strength Sap|p2a: Regigigas\n|-unboost|p2a: Regigigas|atk|1\n|-heal|p1a: Brambleghast|240/240\n|\n|upkeep\n|turn|21\n|\n|t:|1732997722\n|-end|p2a: Regigigas|Slow Start|[silent]\n|switch|p2a: Wo-Chien|Wo-Chien, L83|277/277\n|-ability|p2a: Wo-Chien|Tablets of Ruin\n|move|p1a: Brambleghast|Power Whip|p2a: Wo-Chien\n|-resisted|p2a: Wo-Chien\n|-damage|p2a: Wo-Chien|223/277\n|\n|-heal|p2a: Wo-Chien|240/277|[from] item: Leftovers\n|upkeep\n|turn|22\n|\n|t:|1732997732\n|switch|p1a: Muk|Muk-Alola, L82, F|306/306\n|-activate|p1a: Muk|move: Sticky Web\n|-unboost|p1a: Muk|spe|1\n|move|p2a: Wo-Chien|Knock Off|p1a: Muk\n|-resisted|p1a: Muk\n|-damage|p1a: Muk|253/306\n|-enditem|p1a: Muk|Assault Vest|[from] move: Knock Off|[of] p2a: Wo-Chien\n|\n|-heal|p2a: Wo-Chien|257/277|[from] item: Leftovers\n|upkeep\n|turn|23\n|\n|t:|1732997741\n|move|p2a: Wo-Chien|Leech Seed|p1a: Muk\n|-start|p1a: Muk|move: Leech Seed\n|move|p1a: Muk|Knock Off|p2a: Wo-Chien\n|-resisted|p2a: Wo-Chien\n|-damage|p2a: Wo-Chien|220/277\n|-status|p2a: Wo-Chien|psn|[from] ability: Poison Touch|[of] p1a: Muk\n|-enditem|p2a: Wo-Chien|Leftovers|[from] move: Knock Off|[of] p1a: Muk\n|\n|-damage|p1a: Muk|215/306|[from] Leech Seed|[of] p2a: Wo-Chien\n|-heal|p2a: Wo-Chien|258/277 psn|[silent]\n|-damage|p2a: Wo-Chien|224/277 psn|[from] psn\n|upkeep\n|turn|24\n|\n|t:|1732997749\n|switch|p1a: Brambleghast|Brambleghast, L88, F|240/240\n|-activate|p1a: Brambleghast|move: Sticky Web\n|-unboost|p1a: Brambleghast|spe|1\n|move|p2a: Wo-Chien|Ruination|p1a: Brambleghast\n|-damage|p1a: Brambleghast|120/240\n|\n|-damage|p2a: Wo-Chien|190/277 psn|[from] psn\n|upkeep\n|turn|25\n|\n|t:|1732997758\n|switch|p1a: Muk|Muk-Alola, L82, F|215/306\n|-activate|p1a: Muk|move: Sticky Web\n|-unboost|p1a: Muk|spe|1\n|move|p2a: Wo-Chien|Knock Off|p1a: Muk\n|-resisted|p1a: Muk\n|-damage|p1a: Muk|180/306\n|\n|-damage|p2a: Wo-Chien|156/277 psn|[from] psn\n|upkeep\n|turn|26\n|\n|t:|1732997774\n|move|p2a: Wo-Chien|Knock Off|p1a: Muk\n|-resisted|p1a: Muk\n|-crit|p1a: Muk\n|-damage|p1a: Muk|130/306\n|move|p1a: Muk|Gunk Shot|p2a: Wo-Chien\n|-supereffective|p2a: Wo-Chien\n|-damage|p2a: Wo-Chien|0 fnt\n|faint|p2a: Wo-Chien\n|\n|upkeep\n|\n|t:|1732997781\n|switch|p2a: Regigigas|Regigigas, L84|322/322\n|-start|p2a: Regigigas|ability: Slow Start\n|turn|27\n|\n|t:|1732997786\n|move|p2a: Regigigas|Protect|p2a: Regigigas\n|-singleturn|p2a: Regigigas|Protect\n|move|p1a: Muk|Knock Off|p2a: Regigigas\n|-activate|p2a: Regigigas|move: Protect\n|\n|upkeep\n|turn|28\n|\n|t:|1732997789\n|move|p2a: Regigigas|Body Slam|p1a: Muk\n|-damage|p1a: Muk|57/306\n|-status|p1a: Muk|par\n|cant|p1a: Muk|par\n|\n|upkeep\n|turn|29\n|n|!rad_zeeee|radzeeee\n|\n|t:|1732997800\n|move|p2a: Regigigas|Body Slam|p1a: Muk\n|-damage|p1a: Muk|0 fnt\n|faint|p1a: Muk\n|\n|upkeep\n|\n|t:|1732997804\n|switch|p1a: Brambleghast|Brambleghast, L88, F|120/240\n|-activate|p1a: Brambleghast|move: Sticky Web\n|-unboost|p1a: Brambleghast|spe|1\n|turn|30\n|\n|t:|1732997808\n|move|p2a: Regigigas|Protect|p2a: Regigigas\n|-singleturn|p2a: Regigigas|Protect\n|move|p1a: Brambleghast|Strength Sap|p2a: Regigigas\n|-activate|p2a: Regigigas|move: Protect\n|\n|upkeep\n|turn|31\n|\n|t:|1732997814\n|move|p2a: Regigigas|Protect|p2a: Regigigas\n|-singleturn|p2a: Regigigas|Protect\n|move|p1a: Brambleghast|Strength Sap|p2a: Regigigas\n|-activate|p2a: Regigigas|move: Protect\n|\n|-end|p2a: Regigigas|Slow Start\n|upkeep\n|turn|32\n|\n|t:|1732997817\n|move|p2a: Regigigas|Knock Off|p1a: Brambleghast\n|-supereffective|p1a: Brambleghast\n|-damage|p1a: Brambleghast|0 fnt\n|faint|p1a: Brambleghast\n|\n|win|King Bananana\n", "inputlog": ">version b107d77f5c90bd6555267ae244a6264823309ead\n>start {\"formatid\":\"gen9randombattle\",\"seed\":[17010,33513,4468,35968],\"rated\":\"Rated battle\"}\n>player p1 {\"name\":\"rad_zeeee\",\"avatar\":\"veteran\",\"rating\":1497,\"seed\":[18995,40642,38338,36326]}\n>player p2 {\"name\":\"King Bananana\",\"avatar\":\"pokemaniac\",\"rating\":1508,\"seed\":[25243,46538,45193,49968]}\n>p1 move bulkup\n>p2 switch 4\n>p1 move bulkup\n>p2 move discharge\n>p1 move wavecrash\n>p2 move discharge\n>p1 switch 3\n>p2 switch 5\n>p1 move dragondance\n>p2 move stickyweb\n>p1 move dragondance\n>p2 move leechlife\n>p1 move dragondance\n>p2 move hydropump\n>p1 move poisonjab terastallize\n>p2 move hydropump\n>p2 switch 4\n>p1 move knockoff\n>p2 move psychic terastallize\n>p2 switch 2\n>p1 move knockoff\n>p2 move earthquake\n>p1 switch 2\n>p1 move icepunch\n>p2 move earthquake\n>p1 move icepunch\n>p2 move earthquake\n>p1 switch 4\n>p1 move darkpulse\n>p2 move earthquake\n>p2 switch 3\n>p1 move workup\n>p2 move bodyslam\n>p1 move fireblast\n>p2 move substitute\n>p1 move fireblast\n>p2 move bodyslam\n>p1 move fireblast\n>p2 move protect\n>p1 move fireblast\n>p2 move bodyslam\n>p1 move fireblast\n>p2 move bodyslam\n>p1 switch 5\n>p1 move strengthsap\n>p2 move knockoff\n>p1 move strengthsap\n>p2 move knockoff\n>p1 move powerwhip\n>p2 switch 6\n>p1 switch 6\n>p2 move knockoff\n>p1 move knockoff\n>p2 move leechseed\n>p1 switch 6\n>p2 move ruination\n>p1 switch 6\n>p2 move knockoff\n>p1 move gunkshot\n>p2 move knockoff\n>p2 switch 6\n>p1 move knockoff\n>p2 move protect\n>p1 move knockoff\n>p2 move bodyslam\n>chat \u2606rad_zeeee|YOU FUCKING CUNT\n>p1 move knockoff\n>p2 move bodyslam\n>p1 switch 6\n>p1 move strengthsap\n>p2 move protect\n>p1 move strengthsap\n>p2 move protect\n>p1 move strengthsap\n>p2 move knockoff", "uploadtime": 1732997798, "views": 1, "formatid": "gen9randombattle", "rating": null, "private": 0, "password": null}