{"id": "gen9randombattle-2253889259", "format": "[Gen 9] Random Battle", "players": ["HARLY25", "Rohan98"], "log": "|j|\u2606HARLY25\n|j|\u2606Rohan98\n|t:|1732957141\n|gametype|singles\n|player|p1|HARLY25|cynthia-gen4|1525\n|player|p2|Rohan98|102|1562\n|teamsize|p1|6\n|teamsize|p2|6\n|gen|9\n|tier|[Gen 9] Random Battle\n|rated|\n|rule|Species Clause: Limit one of each Pok\u00e9mon\n|rule|HP Percentage Mod: HP is shown in percentages\n|rule|Sleep Clause Mod: Limit one foe put to sleep\n|rule|Illusion Level Mod: Illusion disguises the Pok\u00e9mon's true level\n|\n|t:|1732957141\n|start\n|switch|p1a: Morpeko|Morpeko, L88, F|245/245\n|switch|p2a: Oricorio|Oricorio, L84, F|263/263\n|turn|1\n|inactive|Battle timer is ON: inactive players will automatically lose when time's up. (requested by HARLY25)\n|\n|t:|1732957153\n|switch|p2a: Donphan|Donphan, L84, F|288/288\n|move|p1a: Morpeko|Parting Shot|p2a: Donphan\n|-unboost|p2a: Donphan|atk|1\n|-unboost|p2a: Donphan|spa|1\n|\n|t:|1732957162\n|switch|p1a: Oranguru|Oranguru, L92, F|315/315|[from] Parting Shot\n|\n|upkeep\n|turn|2\n|\n|t:|1732957184\n|move|p1a: Oranguru|Nasty Plot|p1a: Oranguru\n|-boost|p1a: Oranguru|spa|2\n|move|p2a: Donphan|Knock Off|p1a: Oranguru\n|-supereffective|p1a: Oranguru\n|-damage|p1a: Oranguru|215/315\n|-enditem|p1a: Oranguru|Leftovers|[from] move: Knock Off|[of] p2a: Donphan\n|\n|upkeep\n|turn|3\n|\n|t:|1732957192\n|switch|p2a: Gardevoir|Gardevoir, L83, M|249/249\n|-ability|p2a: Gardevoir|Inner Focus|[from] ability: Trace|[of] p1a: Oranguru\n|move|p1a: Oranguru|Psyshock|p2a: Gardevoir\n|-resisted|p2a: Gardevoir\n|-damage|p2a: Gardevoir|121/249\n|\n|upkeep\n|turn|4\n|\n|t:|1732957202\n|move|p2a: Gardevoir|Mystical Fire|p1a: Oranguru\n|-damage|p1a: Oranguru|163/315\n|-unboost|p1a: Oranguru|spa|1\n|move|p1a: Oranguru|Psyshock|p2a: Gardevoir\n|-resisted|p2a: Gardevoir\n|-crit|p2a: Gardevoir\n|-damage|p2a: Gardevoir|0 fnt\n|faint|p2a: Gardevoir\n|\n|upkeep\n|\n|t:|1732957216\n|switch|p2a: Donphan|Donphan, L84, F|288/288\n|turn|5\n|\n|t:|1732957220\n|move|p1a: Oranguru|Nasty Plot|p1a: Oranguru\n|-boost|p1a: Oranguru|spa|2\n|move|p2a: Donphan|Earthquake|p1a: Oranguru\n|-damage|p1a: Oranguru|45/315\n|\n|upkeep\n|turn|6\n|\n|t:|1732957226\n|move|p1a: Oranguru|Psyshock|p2a: Donphan\n|-crit|p2a: Donphan\n|-damage|p2a: Donphan|33/288\n|move|p2a: Donphan|Earthquake|p1a: Oranguru\n|-damage|p1a: Oranguru|0 fnt\n|faint|p1a: Oranguru\n|\n|upkeep\n|\n|t:|1732957236\n|switch|p1a: Morpeko|Morpeko, L88, F|245/245\n|turn|7\n|\n|t:|1732957241\n|move|p1a: Morpeko|Protect|p1a: Morpeko\n|-singleturn|p1a: Morpeko|Protect\n|move|p2a: Donphan|Ice Spinner|p1a: Morpeko\n|-activate|p1a: Morpeko|move: Protect\n|\n|-formechange|p1a: Morpeko|Morpeko-Hangry||[from] ability: Hunger Switch\n|upkeep\n|turn|8\n|\n|t:|1732957247\n|move|p1a: Morpeko|Aura Wheel|p2a: Donphan\n|-damage|p2a: Donphan|0 fnt\n|-boost|p1a: Morpeko|spe|1\n|faint|p2a: Donphan\n|\n|-formechange|p1a: Morpeko|Morpeko||[from] ability: Hunger Switch\n|upkeep\n|\n|t:|1732957252\n|switch|p2a: Ribombee|Ribombee, L82, M|233/233\n|turn|9\n|\n|t:|1732957269\n|move|p1a: Morpeko|Parting Shot|p2a: Ribombee\n|-unboost|p2a: Ribombee|atk|1\n|-unboost|p2a: Ribombee|spa|1\n|\n|t:|1732957273\n|switch|p1a: Vileplume|Vileplume, L86, M|269/269|[from] Parting Shot\n|move|p2a: Ribombee|Quiver Dance|p2a: Ribombee\n|-boost|p2a: Ribombee|spa|1\n|-boost|p2a: Ribombee|spd|1\n|-boost|p2a: Ribombee|spe|1\n|\n|upkeep\n|turn|10\n|\n|t:|1732957283\n|move|p2a: Ribombee|Bug Buzz|p1a: Vileplume\n|-damage|p1a: Vileplume|176/269\n|move|p1a: Vileplume|Sleep Powder|p2a: Ribombee|[miss]\n|-miss|p1a: Vileplume|p2a: Ribombee\n|\n|-heal|p1a: Vileplume|192/269|[from] item: Leftovers\n|upkeep\n|turn|11\n|\n|t:|1732957289\n|move|p2a: Ribombee|Bug Buzz|p1a: Vileplume\n|-crit|p1a: Vileplume\n|-damage|p1a: Vileplume|54/269\n|move|p1a: Vileplume|Sleep Powder|p2a: Ribombee\n|-status|p2a: Ribombee|slp|[from] move: Sleep Powder\n|\n|-heal|p1a: Vileplume|70/269|[from] item: Leftovers\n|upkeep\n|turn|12\n|\n|t:|1732957304\n|switch|p2a: Oricorio|Oricorio, L84, F|263/263\n|move|p1a: Vileplume|Strength Sap|p2a: Oricorio\n|-unboost|p2a: Oricorio|atk|1\n|-heal|p1a: Vileplume|192/269\n|\n|-heal|p1a: Vileplume|208/269|[from] item: Leftovers\n|upkeep\n|turn|13\n|\n|t:|1732957309\n|switch|p1a: Stonjourner|Stonjourner, L91, F|330/330\n|move|p2a: Oricorio|Quiver Dance|p2a: Oricorio\n|-boost|p2a: Oricorio|spa|1\n|-boost|p2a: Oricorio|spd|1\n|-boost|p2a: Oricorio|spe|1\n|\n|upkeep\n|turn|14\n|\n|t:|1732957318\n|switch|p2a: Feraligatr|Feraligatr, L79, M|264/264\n|move|p1a: Stonjourner|Stone Edge|p2a: Feraligatr\n|-crit|p2a: Feraligatr\n|-damage|p2a: Feraligatr|0 fnt\n|faint|p2a: Feraligatr\n|-damage|p1a: Stonjourner|297/330|[from] item: Life Orb\n|\n|upkeep\n|\n|t:|1732957329\n|switch|p2a: Oricorio|Oricorio, L84, F|263/263\n|turn|15\n|inactive|HARLY25 has 120 seconds left.\n|\n|t:|1732957362\n|switch|p2a: Ribombee|Ribombee, L82, M|233/233 slp\n|move|p1a: Stonjourner|Stone Edge|p2a: Ribombee\n|-supereffective|p2a: Ribombee\n|-damage|p2a: Ribombee|0 fnt\n|faint|p2a: Ribombee\n|-damage|p1a: Stonjourner|264/330|[from] item: Life Orb\n|\n|upkeep\n|\n|t:|1732957368\n|switch|p2a: Armarouge|Armarouge, L80, F|267/267\n|turn|16\n|\n|t:|1732957375\n|-terastallize|p2a: Armarouge|Grass\n|move|p1a: Stonjourner|Earthquake|p2a: Armarouge\n|-resisted|p2a: Armarouge\n|-damage|p2a: Armarouge|203/267\n|-ability|p2a: Armarouge|Weak Armor|boost\n|-unboost|p2a: Armarouge|def|1\n|-boost|p2a: Armarouge|spe|2\n|-damage|p1a: Stonjourner|231/330|[from] item: Life Orb\n|move|p2a: Armarouge|Energy Ball|p1a: Stonjourner\n|-supereffective|p1a: Stonjourner\n|-damage|p1a: Stonjourner|0 fnt\n|faint|p1a: Stonjourner\n|\n|upkeep\n|\n|t:|1732957380\n|switch|p1a: Morpeko|Morpeko, L88, F|245/245\n|turn|17\n|\n|t:|1732957392\n|move|p1a: Morpeko|Protect|p1a: Morpeko\n|-singleturn|p1a: Morpeko|Protect\n|move|p2a: Armarouge|Energy Ball|p1a: Morpeko\n|-activate|p1a: Morpeko|move: Protect\n|\n|-formechange|p1a: Morpeko|Morpeko-Hangry||[from] ability: Hunger Switch\n|upkeep\n|turn|18\n|inactive|HARLY25 has 120 seconds left.\n|\n|t:|1732957425\n|move|p2a: Armarouge|Meteor Beam||[still]\n|-prepare|p2a: Armarouge|Meteor Beam\n|-boost|p2a: Armarouge|spa|1\n|-enditem|p2a: Armarouge|Power Herb\n|-anim|p2a: Armarouge|Meteor Beam|p1a: Morpeko\n|-damage|p1a: Morpeko|65/245\n|move|p1a: Morpeko|Aura Wheel|p2a: Armarouge\n|-damage|p2a: Armarouge|31/267\n|-boost|p1a: Morpeko|spe|1\n|-ability|p2a: Armarouge|Weak Armor|boost\n|-unboost|p2a: Armarouge|def|1\n|-boost|p2a: Armarouge|spe|2\n|\n|-formechange|p1a: Morpeko|Morpeko||[from] ability: Hunger Switch\n|upkeep\n|turn|19\n|\n|t:|1732957434\n|move|p2a: Armarouge|Energy Ball|p1a: Morpeko\n|-damage|p1a: Morpeko|0 fnt\n|faint|p1a: Morpeko\n|\n|upkeep\n|inactive|HARLY25 has 120 seconds left.\n|\n|t:|1732957472\n|switch|p1a: Tornadus|Tornadus, L82, M|264/264\n|turn|20\n|\n|t:|1732957498\n|move|p2a: Armarouge|Psyshock|p1a: Tornadus\n|-damage|p1a: Tornadus|95/264\n|move|p1a: Tornadus|Heat Wave|p2a: Armarouge\n|-supereffective|p2a: Armarouge\n|-damage|p2a: Armarouge|0 fnt\n|faint|p2a: Armarouge\n|\n|upkeep\n|\n|t:|1732957501\n|switch|p2a: Oricorio|Oricorio, L84, F|263/263\n|turn|21\n|inactive|HARLY25 has 120 seconds left.\n|c|\u2606Rohan98|Play bro\n|inactive|HARLY25 has 90 seconds left.\n|\n|t:|1732957544\n|move|p1a: Tornadus|Bleakwind Storm|p2a: Oricorio\n|-damage|p2a: Oricorio|127/263\n|-unboost|p2a: Oricorio|spe|1\n|move|p2a: Oricorio|Quiver Dance|p2a: Oricorio\n|-boost|p2a: Oricorio|spa|1\n|-boost|p2a: Oricorio|spd|1\n|-boost|p2a: Oricorio|spe|1\n|\n|upkeep\n|turn|22\n|\n|t:|1732957552\n|move|p1a: Tornadus|Bleakwind Storm|p2a: Oricorio\n|-damage|p2a: Oricorio|34/263\n|move|p2a: Oricorio|Roost|p2a: Oricorio\n|-heal|p2a: Oricorio|166/263\n|-singleturn|p2a: Oricorio|move: Roost\n|\n|upkeep\n|turn|23\n|inactive|HARLY25 has 90 seconds left.\n|\n|t:|1732957579\n|move|p1a: Tornadus|Bleakwind Storm|p2a: Oricorio|[miss]\n|-miss|p1a: Tornadus|p2a: Oricorio\n|move|p2a: Oricorio|Roost|p2a: Oricorio\n|-heal|p2a: Oricorio|263/263\n|-singleturn|p2a: Oricorio|move: Roost\n|\n|upkeep\n|turn|24\n|\n|t:|1732957583\n|move|p1a: Tornadus|Bleakwind Storm|p2a: Oricorio\n|-damage|p2a: Oricorio|170/263\n|move|p2a: Oricorio|Revelation Dance|p1a: Tornadus\n|-damage|p1a: Tornadus|0 fnt\n|faint|p1a: Tornadus\n|\n|upkeep\n|\n|t:|1732957585\n|switch|p1a: Venomoth|Venomoth, L84, F|255/255\n|turn|25\n|\n|t:|1732957590\n|-terastallize|p1a: Venomoth|Steel\n|move|p2a: Oricorio|Revelation Dance|p1a: Venomoth\n|-supereffective|p1a: Venomoth\n|-damage|p1a: Venomoth|0 fnt\n|faint|p1a: Venomoth\n|\n|upkeep\n|inactive|HARLY25 has 90 seconds left.\n|inactive|HARLY25 has 60 seconds left.\n|c|\u2606Rohan98|Cyla\n|c|\u2606Rohan98|Blyat\n|c|\u2606Rohan98|Idi nahui\n|inactive|HARLY25 has 30 seconds left.\n|inactive|HARLY25 has 20 seconds left.\n|inactive|HARLY25 has 15 seconds left.\n|c|\u2606Rohan98|Fucking moron\n|inactive|HARLY25 has 10 seconds left.\n|n|!Rohan98|rohan98\n|inactive|HARLY25 has 5 seconds left.\n|-message|HARLY25 lost due to inactivity.\n|\n|win|Rohan98\n", "inputlog": ">version b107d77f5c90bd6555267ae244a6264823309ead\n>start {\"formatid\":\"gen9randombattle\",\"seed\":[46956,26767,28171,48544],\"rated\":\"Rated battle\"}\n>player p1 {\"name\":\"HARLY25\",\"avatar\":\"cynthia-gen4\",\"rating\":1525,\"seed\":[18028,19703,15165,43256]}\n>player p2 {\"name\":\"Rohan98\",\"avatar\":\"102\",\"rating\":1562,\"seed\":[52149,9643,44989,52553]}\n>p1 move partingshot\n>p2 switch 3\n>p1 switch 2\n>p1 move nastyplot\n>p2 move knockoff\n>p1 move psyshock\n>p2 switch 2\n>p1 move psyshock\n>p2 move mysticalfire\n>p2 switch 2\n>p1 move nastyplot\n>p2 move earthquake\n>p1 move psyshock\n>p2 move earthquake\n>p1 switch 2\n>p1 move protect\n>p2 move icespinner\n>p1 move aurawheel\n>p2 move icespinner\n>p2 switch 5\n>p1 move partingshot\n>p2 move quiverdance\n>p1 switch 3\n>p1 move sleeppowder\n>p2 move bugbuzz\n>p1 move sleeppowder\n>p2 move bugbuzz\n>p1 move strengthsap\n>p2 switch 3\n>p1 switch 5\n>p2 move quiverdance\n>p1 move stoneedge\n>p2 switch 6\n>p2 switch 6\n>p1 move stoneedge\n>p2 switch 3\n>p2 switch 4\n>p1 move earthquake\n>p2 move energyball terastallize\n>p1 switch 3\n>p1 move protect\n>p2 move energyball\n>p1 move aurawheel\n>p2 move meteorbeam\n>p1 move aurawheel\n>p2 move energyball\n>p1 switch 6\n>p1 move heatwave\n>p2 move psyshock\n>p2 switch 3\n>chat \u2606Rohan98|Play bro\n>p1 move bleakwindstorm\n>p2 move quiverdance\n>p1 move bleakwindstorm\n>p2 move roost\n>p1 move bleakwindstorm\n>p2 move roost\n>p1 move bleakwindstorm\n>p2 move revelationdance\n>p1 switch 4\n>p1 move sleeppowder terastallize\n>p2 move revelationdance\n>chat \u2606Rohan98|Cyla\n>chat \u2606Rohan98|Blyat\n>chat \u2606Rohan98|Idi nahui \n>chat \u2606Rohan98|Fucking moron\n>chat \u2606Rohan98|Pussy\n>forcelose p1", "uploadtime": 1732957685, "views": 2, "formatid": "gen9randombattle", "rating": null, "private": 0, "password": null}