{"id": "gen9randombattle-2254150933", "format": "[Gen 9] Random Battle", "players": ["Melobankz2", "MookBlastEm"], "log": "|j|\u2606Melobankz2\n|j|\u2606MookBlastEm\n|t:|1732997485\n|gametype|singles\n|player|p1|Melobankz2|265|\n|player|p2|MookBlastEm|170|\n|teamsize|p1|6\n|teamsize|p2|6\n|gen|9\n|tier|[Gen 9] Random Battle\n|rule|Species Clause: Limit one of each Pok\u00e9mon\n|rule|HP Percentage Mod: HP is shown in percentages\n|rule|Sleep Clause Mod: Limit one foe put to sleep\n|rule|Illusion Level Mod: Illusion disguises the Pok\u00e9mon's true level\n|\n|t:|1732997485\n|start\n|switch|p1a: Piloswine|Piloswine, L85, M|309/309\n|switch|p2a: Seviper|Seviper, L93, F|287/287\n|turn|1\n|l|\u2606Melobankz2\n|player|p1|\n|\n|t:|1732997735\n|move|p2a: Seviper|Giga Drain|p1a: Piloswine\n|-supereffective|p1a: Piloswine\n|-damage|p1a: Piloswine|197/309\n|move|p1a: Piloswine|Stealth Rock|p2a: Seviper\n|-sidestart|p2: MookBlastEm|move: Stealth Rock\n|\n|upkeep\n|turn|2\n|j|\u2606Melobankz2\n|player|p1|Melobankz2|265|\n|\n|t:|1732997749\n|move|p2a: Seviper|Giga Drain|p1a: Piloswine\n|-supereffective|p1a: Piloswine\n|-damage|p1a: Piloswine|79/309\n|move|p1a: Piloswine|Earthquake|p2a: Seviper\n|-supereffective|p2a: Seviper\n|-damage|p2a: Seviper|27/287\n|\n|upkeep\n|turn|3\n|\n|t:|1732997761\n|switch|p1a: Trevenant|Trevenant, L88, M|293/293\n|move|p2a: Seviper|Giga Drain|p1a: Trevenant\n|-resisted|p1a: Trevenant\n|-damage|p1a: Trevenant|261/293\n|-heal|p2a: Seviper|43/287|[from] drain|[of] p1a: Trevenant\n|\n|upkeep\n|turn|4\n|\n|t:|1732997771\n|switch|p2a: Landorus|Landorus-Therian, L76, M|260/260\n|-damage|p2a: Landorus|228/260|[from] Stealth Rock\n|-ability|p2a: Landorus|Intimidate|boost\n|-unboost|p1a: Trevenant|atk|1\n|move|p1a: Trevenant|Will-O-Wisp|p2a: Landorus\n|-status|p2a: Landorus|brn\n|\n|-heal|p2a: Landorus|244/260 brn|[from] item: Leftovers\n|-damage|p2a: Landorus|228/260 brn|[from] brn\n|upkeep\n|turn|5\n|\n|t:|1732997785\n|switch|p1a: Piloswine|Piloswine, L85, M|79/309\n|move|p2a: Landorus|Earthquake|p1a: Piloswine\n|-damage|p1a: Piloswine|37/309\n|\n|-heal|p2a: Landorus|244/260 brn|[from] item: Leftovers\n|-damage|p2a: Landorus|228/260 brn|[from] brn\n|upkeep\n|turn|6\n|\n|t:|1732997830\n|move|p2a: Landorus|Stealth Rock|p1a: Piloswine\n|-sidestart|p1: Melobankz2|move: Stealth Rock\n|move|p1a: Piloswine|Icicle Crash|p2a: Landorus\n|-supereffective|p2a: Landorus\n|-damage|p2a: Landorus|0 fnt\n|faint|p2a: Landorus\n|\n|upkeep\n|\n|t:|1732997834\n|switch|p2a: Regidrago|Regidrago, L77|435/435\n|-damage|p2a: Regidrago|381/435|[from] Stealth Rock\n|turn|7\n|\n|t:|1732997843\n|move|p2a: Regidrago|Outrage|p1a: Piloswine\n|-damage|p1a: Piloswine|0 fnt\n|faint|p1a: Piloswine\n|\n|upkeep\n|\n|t:|1732997848\n|switch|p1a: Hatterene|Hatterene, L85, F|236/236\n|-damage|p1a: Hatterene|207/236|[from] Stealth Rock\n|turn|8\n|\n|t:|1732997856\n|move|p2a: Regidrago|Outrage|p1a: Hatterene|[from]lockedmove\n|-immune|p1a: Hatterene\n|move|p1a: Hatterene|Nuzzle|p2a: Regidrago\n|-resisted|p2a: Regidrago\n|-damage|p2a: Regidrago|371/435\n|-status|p2a: Regidrago|par\n|\n|upkeep\n|turn|9\n|\n|t:|1732997866\n|switch|p2a: Honchkrow|Honchkrow, L86, F|312/312\n|move|p1a: Hatterene|Draining Kiss|p2a: Honchkrow\n|-supereffective|p2a: Honchkrow\n|-damage|p2a: Honchkrow|124/312\n|-heal|p1a: Hatterene|236/236|[from] drain|[of] p2a: Honchkrow\n|\n|upkeep\n|turn|10\n|\n|t:|1732997878\n|switch|p2a: Luxray|Luxray, L88, F|284/284\n|-damage|p2a: Luxray|249/284|[from] Stealth Rock\n|-ability|p2a: Luxray|Intimidate|boost\n|-unboost|p1a: Hatterene|atk|1\n|move|p1a: Hatterene|Nuzzle|p2a: Luxray\n|-resisted|p2a: Luxray\n|-damage|p2a: Luxray|244/284\n|\n|upkeep\n|turn|11\n|\n|t:|1732997895\n|move|p2a: Luxray|Wild Charge|p1a: Hatterene\n|-damage|p1a: Hatterene|119/236\n|-damage|p2a: Luxray|215/284|[from] Recoil\n|move|p1a: Hatterene|Draining Kiss|p2a: Luxray\n|-damage|p2a: Luxray|166/284\n|-heal|p1a: Hatterene|156/236|[from] drain|[of] p2a: Luxray\n|\n|upkeep\n|turn|12\n|\n|t:|1732997908\n|move|p2a: Luxray|Wild Charge|p1a: Hatterene\n|-damage|p1a: Hatterene|41/236\n|-damage|p2a: Luxray|137/284|[from] Recoil\n|move|p1a: Hatterene|Draining Kiss|p2a: Luxray\n|-damage|p2a: Luxray|86/284\n|-heal|p1a: Hatterene|79/236|[from] drain|[of] p2a: Luxray\n|\n|upkeep\n|turn|13\n|\n|t:|1732997918\n|switch|p1a: Trevenant|Trevenant, L88, M|261/293\n|-damage|p1a: Trevenant|225/293|[from] Stealth Rock\n|move|p2a: Luxray|Play Rough|p1a: Trevenant\n|-damage|p1a: Trevenant|143/293\n|-unboost|p1a: Trevenant|atk|1\n|\n|upkeep\n|turn|14\n|\n|t:|1732997931\n|-terastallize|p2a: Luxray|Electric\n|move|p2a: Luxray|Volt Switch|p1a: Trevenant\n|-resisted|p1a: Trevenant\n|-damage|p1a: Trevenant|92/293\n|\n|t:|1732997936\n|switch|p2a: Regidrago|Regidrago, L77|371/435 par|[from] Volt Switch\n|-damage|p2a: Regidrago|317/435 par|[from] Stealth Rock\n|move|p1a: Trevenant|Will-O-Wisp||[still]\n|-fail|p1a: Trevenant\n|\n|upkeep\n|turn|15\n|\n|t:|1732997945\n|switch|p1a: Hatterene|Hatterene, L85, F|79/236\n|-damage|p1a: Hatterene|50/236|[from] Stealth Rock\n|cant|p2a: Regidrago|par\n|\n|upkeep\n|turn|16\n|\n|t:|1732997952\n|move|p2a: Regidrago|Dragon Energy|p1a: Hatterene\n|-immune|p1a: Hatterene\n|move|p1a: Hatterene|Draining Kiss|p2a: Regidrago\n|-supereffective|p2a: Regidrago\n|-damage|p2a: Regidrago|75/435 par\n|-heal|p1a: Hatterene|232/236|[from] drain|[of] p2a: Regidrago\n|\n|upkeep\n|turn|17\n|\n|t:|1732997964\n|switch|p2a: Orthworm|Orthworm, L88, M|266/266\n|-damage|p2a: Orthworm|250/266|[from] Stealth Rock\n|move|p1a: Hatterene|Draining Kiss|p2a: Orthworm\n|-resisted|p2a: Orthworm\n|-damage|p2a: Orthworm|200/266\n|-heal|p1a: Hatterene|236/236|[from] drain|[of] p2a: Orthworm\n|\n|-heal|p2a: Orthworm|216/266|[from] item: Leftovers\n|upkeep\n|turn|18\n|\n|t:|1732997968\n|move|p2a: Orthworm|Heavy Slam|p1a: Hatterene\n|-supereffective|p1a: Hatterene\n|-damage|p1a: Hatterene|0 fnt\n|faint|p1a: Hatterene\n|\n|-heal|p2a: Orthworm|232/266|[from] item: Leftovers\n|upkeep\n|\n|t:|1732997981\n|switch|p1a: Morpeko|Morpeko, L88, F|245/245\n|turn|19\n|\n|t:|1732997999\n|move|p1a: Morpeko|Parting Shot|p2a: Orthworm\n|-unboost|p2a: Orthworm|atk|1\n|-unboost|p2a: Orthworm|spa|1\n|\n|t:|1732998002\n|switch|p1a: Cyclizar|Cyclizar, L83, F|252/252|[from] Parting Shot\n|move|p2a: Orthworm|Spikes|p1a: Cyclizar\n|-sidestart|p1: Melobankz2|Spikes\n|\n|-heal|p2a: Orthworm|248/266|[from] item: Leftovers\n|upkeep\n|turn|20\n|\n|t:|1732998009\n|move|p1a: Cyclizar|Shed Tail|p1a: Cyclizar\n|-start|p1a: Cyclizar|Substitute|[from] move: Shed Tail\n|-damage|p1a: Cyclizar|126/252\n|\n|t:|1732998017\n|switch|p1a: Trevenant|Trevenant, L88, M|92/293|[from] Shed Tail\n|-damage|p1a: Trevenant|56/293|[from] Stealth Rock\n|-damage|p1a: Trevenant|20/293|[from] Spikes\n|move|p2a: Orthworm|Body Press|p1a: Trevenant\n|-immune|p1a: Trevenant\n|\n|-heal|p2a: Orthworm|264/266|[from] item: Leftovers\n|upkeep\n|turn|21\n|\n|t:|1732998117\n|move|p2a: Orthworm|Spikes|p1a: Trevenant\n|-sidestart|p1: Melobankz2|Spikes\n|move|p1a: Trevenant|Drain Punch|p2a: Orthworm\n|-supereffective|p2a: Orthworm\n|-damage|p2a: Orthworm|150/266\n|-heal|p1a: Trevenant|77/293|[from] drain|[of] p2a: Orthworm\n|-damage|p1a: Trevenant|48/293|[from] item: Life Orb\n|\n|-heal|p2a: Orthworm|166/266|[from] item: Leftovers\n|upkeep\n|turn|22\n|l|\u2606MookBlastEm\n|player|p2|\n|l|\u2606Melobankz2\n|player|p1|\n|j|\u2606Melobankz2\n|player|p1|Melobankz2|265|\n|l|\u2606Melobankz2\n|player|p1|\n|j|\u2606MookBlastEm\n|player|p2|MookBlastEm|170|\n|\n|t:|1732998214\n|move|p2a: Orthworm|Body Press|p1a: Trevenant\n|-immune|p1a: Trevenant\n|move|p1a: Trevenant|Drain Punch|p2a: Orthworm\n|-supereffective|p2a: Orthworm\n|-damage|p2a: Orthworm|62/266\n|-heal|p1a: Trevenant|100/293|[from] drain|[of] p2a: Orthworm\n|-damage|p1a: Trevenant|71/293|[from] item: Life Orb\n|\n|-heal|p2a: Orthworm|78/266|[from] item: Leftovers\n|upkeep\n|turn|23\n|j|\u2606Melobankz2\n|player|p1|Melobankz2|265|\n|\n|t:|1732998253\n|move|p2a: Orthworm|Spikes|p1a: Trevenant\n|-sidestart|p1: Melobankz2|Spikes\n|move|p1a: Trevenant|Drain Punch|p2a: Orthworm\n|-supereffective|p2a: Orthworm\n|-damage|p2a: Orthworm|0 fnt\n|-heal|p1a: Trevenant|110/293|[from] drain|[of] p2a: Orthworm\n|faint|p2a: Orthworm\n|-damage|p1a: Trevenant|81/293|[from] item: Life Orb\n|\n|upkeep\n|\n|t:|1732998259\n|switch|p2a: Regidrago|Regidrago, L77|75/435 par\n|-damage|p2a: Regidrago|21/435 par|[from] Stealth Rock\n|turn|24\n|\n|t:|1732998275\n|move|p1a: Trevenant|Drain Punch|p2a: Regidrago\n|-damage|p2a: Regidrago|0 fnt\n|-heal|p1a: Trevenant|92/293|[from] drain|[of] p2a: Regidrago\n|faint|p2a: Regidrago\n|-damage|p1a: Trevenant|63/293|[from] item: Life Orb\n|\n|upkeep\n|\n|t:|1732998308\n|switch|p2a: Honchkrow|Honchkrow, L86, F|124/312\n|turn|25\n|\n|t:|1732998317\n|move|p2a: Honchkrow|Brave Bird|p1a: Trevenant\n|-supereffective|p1a: Trevenant\n|-end|p1a: Trevenant|Substitute\n|-damage|p2a: Honchkrow|103/312|[from] Recoil|[of] p1a: Trevenant\n|move|p1a: Trevenant|Will-O-Wisp|p2a: Honchkrow\n|-status|p2a: Honchkrow|brn\n|\n|-damage|p2a: Honchkrow|84/312 brn|[from] brn\n|upkeep\n|turn|26\n|l|\u2606MookBlastEm\n|player|p2|\n|j|\u2606MookBlastEm\n|player|p2|MookBlastEm|170|\n|\n|t:|1732998369\n|move|p2a: Honchkrow|Brave Bird|p1a: Trevenant\n|-supereffective|p1a: Trevenant\n|-damage|p1a: Trevenant|0 fnt\n|faint|p1a: Trevenant\n|-ability|p2a: Honchkrow|Moxie|boost\n|-boost|p2a: Honchkrow|atk|1\n|-damage|p2a: Honchkrow|63/312 brn|[from] Recoil\n|\n|-damage|p2a: Honchkrow|44/312 brn|[from] brn\n|upkeep\n|\n|t:|1732998375\n|switch|p1a: Cyclizar|Cyclizar, L83, F|210/252\n|turn|27\n|\n|t:|1732998383\n|move|p1a: Cyclizar|Shed Tail|p1a: Cyclizar\n|-start|p1a: Cyclizar|Substitute|[from] move: Shed Tail\n|-damage|p1a: Cyclizar|84/252\n|\n|t:|1732998389\n|switch|p1a: Morpeko|Morpeko, L88, F|245/245|[from] Shed Tail\n|move|p2a: Honchkrow|Brave Bird|p1a: Morpeko\n|-resisted|p1a: Morpeko\n|-end|p1a: Morpeko|Substitute\n|-damage|p2a: Honchkrow|23/312 brn|[from] Recoil|[of] p1a: Morpeko\n|\n|-damage|p2a: Honchkrow|4/312 brn|[from] brn\n|-formechange|p1a: Morpeko|Morpeko-Hangry||[from] ability: Hunger Switch\n|upkeep\n|turn|28\n|\n|t:|1732998408\n|move|p2a: Honchkrow|Sucker Punch|p1a: Morpeko\n|-resisted|p1a: Morpeko\n|-damage|p1a: Morpeko|199/245\n|move|p1a: Morpeko|Aura Wheel|p2a: Honchkrow\n|-resisted|p2a: Honchkrow\n|-damage|p2a: Honchkrow|0 fnt\n|-boost|p1a: Morpeko|spe|1\n|faint|p2a: Honchkrow\n|\n|-formechange|p1a: Morpeko|Morpeko||[from] ability: Hunger Switch\n|upkeep\n|\n|t:|1732998415\n|switch|p2a: Seviper|Seviper, L93, F|43/287\n|-damage|p2a: Seviper|8/287|[from] Stealth Rock\n|turn|29\n|\n|t:|1732998429\n|move|p1a: Morpeko|Aura Wheel|p2a: Seviper\n|-damage|p2a: Seviper|0 fnt\n|-boost|p1a: Morpeko|spe|1\n|faint|p2a: Seviper\n|\n|-formechange|p1a: Morpeko|Morpeko-Hangry||[from] ability: Hunger Switch\n|upkeep\n|\n|t:|1732998437\n|switch|p2a: Luxray|Luxray, L88, F, tera:Electric|86/284\n|-damage|p2a: Luxray|51/284|[from] Stealth Rock\n|-ability|p2a: Luxray|Intimidate|boost\n|-unboost|p1a: Morpeko|atk|1\n|turn|30\n|\n|t:|1732998444\n|move|p1a: Morpeko|Aura Wheel|p2a: Luxray\n|-damage|p2a: Luxray|0 fnt\n|-boost|p1a: Morpeko|spe|1\n|faint|p2a: Luxray\n|\n|win|Melobankz2\n", "inputlog": ">version b107d77f5c90bd6555267ae244a6264823309ead\n>start {\"formatid\":\"gen9randombattle\",\"seed\":[22842,18426,8140,41041]}\n>player p1 {\"name\":\"Melobankz2\",\"avatar\":\"265\",\"rating\":0,\"seed\":[23431,31592,53044,62013]}\n>player p2 {\"name\":\"MookBlastEm\",\"avatar\":\"170\",\"rating\":0,\"seed\":[45528,54769,14849,36754]}\n>p1 move stealthrock\n>p2 move gigadrain\n>p1 move earthquake\n>p2 move gigadrain\n>p1 switch 4\n>p2 move gigadrain\n>p1 move willowisp\n>p2 switch 2\n>p1 switch 4\n>p2 move earthquake\n>p1 move iciclecrash\n>p2 move stealthrock\n>p2 switch 3\n>p1 move iciclecrash\n>p2 move outrage\n>p1 switch 6\n>p1 move nuzzle\n>p2 move outrage\n>p1 move drainingkiss\n>p2 switch 5\n>p1 move nuzzle\n>p2 switch 4\n>p1 move drainingkiss\n>p2 move wildcharge\n>p1 move drainingkiss\n>p2 move wildcharge\n>p1 switch 4\n>p2 move playrough\n>p1 move willowisp\n>p2 move voltswitch terastallize\n>p2 switch 5\n>p1 switch 4\n>p2 move dracometeor\n>p1 move drainingkiss\n>p2 move dragonenergy\n>p1 move drainingkiss\n>p2 switch 6\n>p1 move nuzzle\n>p2 move heavyslam\n>p1 switch 2\n>p1 move partingshot\n>p2 move spikes\n>p1 switch 3\n>p1 move shedtail\n>p2 move bodypress\n>p1 switch 4\n>p1 move drainpunch\n>p2 move spikes\n>p1 move drainpunch\n>p2 move bodypress\n>p1 move drainpunch\n>p2 move spikes\n>p2 switch 6\n>p1 move drainpunch\n>p2 move dragonenergy\n>p2 switch 4\n>p1 move willowisp\n>p2 move bravebird\n>p1 move drainpunch\n>p2 move bravebird\n>p1 switch 4\n>p1 move shedtail\n>p2 move bravebird\n>p1 switch 3\n>p1 move aurawheel\n>p2 move suckerpunch\n>p2 switch 2\n>p1 move aurawheel\n>p2 move gigadrain\n>p2 switch 5\n>p1 move aurawheel\n>p2 move playrough", "uploadtime": 1732998450, "views": 1, "formatid": "gen9randombattle", "rating": null, "private": 0, "password": null}