{"id": "gen9randombattle-2253816850", "format": "[Gen 9] Random Battle", "players": ["walnutshell", "Chainzaw"], "log": "|j|\u2606walnutshell\n|j|\u2606Chainzaw\n|t:|1732942787\n|gametype|singles\n|player|p1|walnutshell|hiker-gen4|1489\n|player|p2|Chainzaw|lucas-gen4pt|1483\n|teamsize|p1|6\n|teamsize|p2|6\n|gen|9\n|tier|[Gen 9] Random Battle\n|rated|\n|rule|Species Clause: Limit one of each Pok\u00e9mon\n|rule|HP Percentage Mod: HP is shown in percentages\n|rule|Sleep Clause Mod: Limit one foe put to sleep\n|rule|Illusion Level Mod: Illusion disguises the Pok\u00e9mon's true level\n|\n|t:|1732942787\n|start\n|switch|p1a: Uxie|Uxie, L83|260/260\n|switch|p2a: Kommo-o|Kommo-o, L78, F|245/245\n|turn|1\n|inactive|Battle timer is ON: inactive players will automatically lose when time's up. (requested by Chainzaw)\n|\n|t:|1732942828\n|switch|p2a: Ursaring|Ursaring, L84, M|288/288\n|move|p1a: Uxie|Yawn|p2a: Ursaring\n|-start|p2a: Ursaring|move: Yawn|[of] p1a: Uxie\n|\n|-status|p2a: Ursaring|tox|[from] item: Toxic Orb\n|upkeep\n|turn|2\n|\n|t:|1732942837\n|move|p2a: Ursaring|Throat Chop|p1a: Uxie\n|-supereffective|p1a: Uxie\n|-damage|p1a: Uxie|152/260\n|-start|p1a: Uxie|Throat Chop|[silent]\n|move|p1a: Uxie|U-turn|p2a: Ursaring\n|-damage|p2a: Ursaring|242/288 tox\n|\n|t:|1732942855\n|switch|p1a: Lokix|Lokix, L82, F|251/251|[from] U-turn\n|\n|-damage|p2a: Ursaring|224/288 tox|[from] psn\n|-end|p2a: Ursaring|move: Yawn|[silent]\n|upkeep\n|turn|3\n|\n|t:|1732942873\n|move|p1a: Lokix|First Impression|p2a: Ursaring\n|-damage|p2a: Ursaring|89/288 tox\n|move|p2a: Ursaring|Facade|p1a: Lokix\n|-damage|p1a: Lokix|58/251\n|\n|-damage|p2a: Ursaring|53/288 tox|[from] psn\n|upkeep\n|turn|4\n|inactive|walnutshell has 120 seconds left.\n|\n|t:|1732942916\n|move|p2a: Ursaring|Facade|p1a: Lokix\n|-damage|p1a: Lokix|0 fnt\n|faint|p1a: Lokix\n|\n|-damage|p2a: Ursaring|0 fnt|[from] psn\n|faint|p2a: Ursaring\n|upkeep\n|inactive|Chainzaw has 120 seconds left.\n|\n|t:|1732942941\n|switch|p1a: Uxie|Uxie, L83|152/260\n|switch|p2a: Kommo-o|Kommo-o, L78, F|245/245\n|turn|5\n|inactive|Chainzaw has 120 seconds left.\n|inactive|walnutshell has 120 seconds left.\n|inactive|Chainzaw has 90 seconds left.\n|\n|t:|1732942989\n|switch|p2a: Torkoal|Torkoal, L88, F|266/266\n|-weather|SunnyDay|[from] ability: Drought|[of] p2a: Torkoal\n|move|p1a: Uxie|Yawn|p2a: Torkoal\n|-start|p2a: Torkoal|move: Yawn|[of] p1a: Uxie\n|\n|-weather|SunnyDay|[upkeep]\n|-heal|p1a: Uxie|168/260|[from] item: Leftovers\n|upkeep\n|turn|6\n|inactive|walnutshell has 120 seconds left.\n|inactive|Chainzaw has 60 seconds left.\n|\n|t:|1732943020\n|switch|p2a: Tauros|Tauros-Paldea-Combat, L82, M|257/257\n|-ability|p2a: Tauros|Intimidate|boost\n|-unboost|p1a: Uxie|atk|1\n|move|p1a: Uxie|U-turn|p2a: Tauros\n|-resisted|p2a: Tauros\n|-damage|p2a: Tauros|245/257\n|inactive|walnutshell has 120 seconds left.\n|\n|t:|1732943047\n|switch|p1a: Bellibolt|Bellibolt, L84, M|320/320|[from] U-turn\n|\n|-weather|SunnyDay|[upkeep]\n|upkeep\n|turn|7\n|\n|t:|1732943054\n|move|p2a: Tauros|Earthquake|p1a: Bellibolt\n|-supereffective|p1a: Bellibolt\n|-damage|p1a: Bellibolt|141/320\n|-start|p1a: Bellibolt|Charge|Earthquake|[from] ability: Electromorphosis\n|-damage|p2a: Tauros|220/257|[from] item: Life Orb\n|move|p1a: Bellibolt|Toxic|p2a: Tauros\n|-status|p2a: Tauros|tox\n|\n|-weather|SunnyDay|[upkeep]\n|-heal|p1a: Bellibolt|161/320|[from] item: Leftovers\n|-damage|p2a: Tauros|204/257 tox|[from] psn\n|upkeep\n|turn|8\n|\n|t:|1732943065\n|switch|p1a: Uxie|Uxie, L83|168/260\n|move|p2a: Tauros|Earthquake|p1a: Uxie\n|-immune|p1a: Uxie|[from] ability: Levitate\n|\n|-weather|SunnyDay|[upkeep]\n|-heal|p1a: Uxie|184/260|[from] item: Leftovers\n|-damage|p2a: Tauros|172/257 tox|[from] psn\n|upkeep\n|turn|9\n|\n|t:|1732943075\n|switch|p1a: Bellibolt|Bellibolt, L84, M|161/320\n|move|p2a: Tauros|Iron Head|p1a: Bellibolt\n|-resisted|p1a: Bellibolt\n|-damage|p1a: Bellibolt|121/320\n|-start|p1a: Bellibolt|Charge|Iron Head|[from] ability: Electromorphosis\n|-damage|p2a: Tauros|147/257 tox|[from] item: Life Orb\n|\n|-weather|none\n|-heal|p1a: Bellibolt|141/320|[from] item: Leftovers\n|-damage|p2a: Tauros|99/257 tox|[from] psn\n|upkeep\n|turn|10\n|inactive|walnutshell has 120 seconds left.\n|\n|t:|1732943094\n|-terastallize|p1a: Bellibolt|Water\n|move|p2a: Tauros|Earthquake|p1a: Bellibolt\n|-damage|p1a: Bellibolt|46/320\n|-start|p1a: Bellibolt|Charge|Earthquake|[from] ability: Electromorphosis\n|-damage|p2a: Tauros|74/257 tox|[from] item: Life Orb\n|move|p1a: Bellibolt|Slack Off|p1a: Bellibolt\n|-heal|p1a: Bellibolt|206/320\n|\n|-heal|p1a: Bellibolt|226/320|[from] item: Leftovers\n|-damage|p2a: Tauros|10/257 tox|[from] psn\n|upkeep\n|turn|11\n|inactive|walnutshell has 120 seconds left.\n|\n|t:|1732943107\n|move|p2a: Tauros|Close Combat|p1a: Bellibolt\n|-damage|p1a: Bellibolt|65/320\n|-unboost|p2a: Tauros|def|1\n|-unboost|p2a: Tauros|spd|1\n|-start|p1a: Bellibolt|Charge|Close Combat|[from] ability: Electromorphosis\n|-damage|p2a: Tauros|0 fnt|[from] item: Life Orb\n|faint|p2a: Tauros\n|move|p1a: Bellibolt|Slack Off|p1a: Bellibolt\n|-heal|p1a: Bellibolt|225/320\n|\n|-heal|p1a: Bellibolt|245/320|[from] item: Leftovers\n|upkeep\n|\n|t:|1732943118\n|switch|p2a: Rotom|Rotom-Mow, L86|226/226\n|turn|12\n|\n|t:|1732943133\n|switch|p1a: Cacturne|Cacturne, L92, F|278/278\n|move|p2a: Rotom|Leaf Storm|p1a: Cacturne\n|-resisted|p1a: Cacturne\n|-damage|p1a: Cacturne|165/278\n|-unboost|p2a: Rotom|spa|2\n|-damage|p2a: Rotom|204/226|[from] item: Life Orb\n|\n|upkeep\n|turn|13\n|inactive|walnutshell has 120 seconds left.\n|\n|t:|1732943167\n|move|p2a: Rotom|Will-O-Wisp|p1a: Cacturne\n|-status|p1a: Cacturne|brn\n|move|p1a: Cacturne|Knock Off|p2a: Rotom\n|-damage|p2a: Rotom|133/226\n|-enditem|p2a: Rotom|Life Orb|[from] move: Knock Off|[of] p1a: Cacturne\n|-damage|p1a: Cacturne|138/278 brn|[from] item: Life Orb\n|\n|-damage|p1a: Cacturne|121/278 brn|[from] brn\n|upkeep\n|turn|14\n|\n|t:|1732943187\n|switch|p2a: Torkoal|Torkoal, L88, F|266/266\n|-weather|SunnyDay|[from] ability: Drought|[of] p2a: Torkoal\n|move|p1a: Cacturne|Knock Off|p2a: Torkoal\n|-damage|p2a: Torkoal|208/266\n|-enditem|p2a: Torkoal|Heavy-Duty Boots|[from] move: Knock Off|[of] p1a: Cacturne\n|-damage|p1a: Cacturne|94/278 brn|[from] item: Life Orb\n|\n|-weather|SunnyDay|[upkeep]\n|-damage|p1a: Cacturne|77/278 brn|[from] brn\n|upkeep\n|turn|15\n|inactive|walnutshell has 120 seconds left.\n|\n|t:|1732943203\n|move|p1a: Cacturne|Knock Off|p2a: Torkoal\n|-damage|p2a: Torkoal|165/266\n|-damage|p1a: Cacturne|50/278 brn|[from] item: Life Orb\n|move|p2a: Torkoal|Rapid Spin|p1a: Cacturne\n|-damage|p1a: Cacturne|4/278 brn\n|-boost|p2a: Torkoal|spe|1\n|\n|-weather|SunnyDay|[upkeep]\n|-damage|p1a: Cacturne|0 fnt|[from] brn\n|faint|p1a: Cacturne\n|upkeep\n|\n|t:|1732943215\n|switch|p1a: Uxie|Uxie, L83|184/260\n|turn|16\n|\n|t:|1732943221\n|move|p1a: Uxie|Yawn|p2a: Torkoal\n|-start|p2a: Torkoal|move: Yawn|[of] p1a: Uxie\n|move|p2a: Torkoal|Lava Plume|p1a: Uxie\n|-damage|p1a: Uxie|94/260\n|-status|p1a: Uxie|brn\n|\n|-weather|SunnyDay|[upkeep]\n|-heal|p1a: Uxie|110/260 brn|[from] item: Leftovers\n|-damage|p1a: Uxie|94/260 brn|[from] brn\n|upkeep\n|turn|17\n|inactive|walnutshell has 120 seconds left.\n|\n|t:|1732943237\n|move|p1a: Uxie|U-turn|p2a: Torkoal\n|-resisted|p2a: Torkoal\n|-damage|p2a: Torkoal|159/266\n|\n|t:|1732943258\n|switch|p1a: Arcanine|Arcanine-Hisui, L81, F|287/287|[from] U-turn\n|move|p2a: Torkoal|Solar Beam||[still]\n|-prepare|p2a: Torkoal|Solar Beam\n|-anim|p2a: Torkoal|Solar Beam|p1a: Arcanine\n|-damage|p1a: Arcanine|199/287\n|\n|-weather|SunnyDay|[upkeep]\n|-end|p2a: Torkoal|move: Yawn|[silent]\n|-status|p2a: Torkoal|slp\n|upkeep\n|turn|18\n|\n|t:|1732943270\n|move|p1a: Arcanine|Head Smash|p2a: Torkoal\n|-supereffective|p2a: Torkoal\n|-damage|p2a: Torkoal|0 fnt\n|faint|p2a: Torkoal\n|\n|-weather|none\n|upkeep\n|\n|t:|1732943279\n|switch|p2a: Gastrodon|Gastrodon-East, L86, M|331/331\n|turn|19\n|\n|t:|1732943300\n|switch|p1a: Bellibolt|Bellibolt, L84, M, tera:Water|245/320\n|move|p2a: Gastrodon|Earthquake|p1a: Bellibolt\n|-damage|p1a: Bellibolt|152/320\n|-start|p1a: Bellibolt|Charge|Earthquake|[from] ability: Electromorphosis\n|\n|-heal|p1a: Bellibolt|172/320|[from] item: Leftovers\n|upkeep\n|turn|20\n|\n|t:|1732943310\n|move|p1a: Bellibolt|Toxic|p2a: Gastrodon\n|-status|p2a: Gastrodon|tox\n|move|p2a: Gastrodon|Sludge Bomb|p1a: Bellibolt\n|-damage|p1a: Bellibolt|102/320\n|-status|p1a: Bellibolt|psn\n|-start|p1a: Bellibolt|Charge|Sludge Bomb|[from] ability: Electromorphosis\n|\n|-heal|p1a: Bellibolt|122/320 psn|[from] item: Leftovers\n|-damage|p1a: Bellibolt|82/320 psn|[from] psn\n|-damage|p2a: Gastrodon|311/331 tox|[from] psn\n|upkeep\n|turn|21\n|\n|t:|1732943335\n|move|p1a: Bellibolt|Slack Off|p1a: Bellibolt\n|-heal|p1a: Bellibolt|242/320 psn\n|move|p2a: Gastrodon|Sludge Bomb|p1a: Bellibolt\n|-damage|p1a: Bellibolt|179/320 psn\n|-start|p1a: Bellibolt|Charge|Sludge Bomb|[from] ability: Electromorphosis\n|\n|-heal|p1a: Bellibolt|199/320 psn|[from] item: Leftovers\n|-heal|p2a: Gastrodon|331/331 tox|[from] item: Leftovers\n|-damage|p1a: Bellibolt|159/320 psn|[from] psn\n|-damage|p2a: Gastrodon|291/331 tox|[from] psn\n|upkeep\n|turn|22\n|\n|t:|1732943346\n|move|p1a: Bellibolt|Slack Off|p1a: Bellibolt\n|-heal|p1a: Bellibolt|319/320 psn\n|move|p2a: Gastrodon|Stealth Rock|p1a: Bellibolt\n|-sidestart|p1: walnutshell|move: Stealth Rock\n|\n|-heal|p1a: Bellibolt|320/320 psn|[from] item: Leftovers\n|-heal|p2a: Gastrodon|311/331 tox|[from] item: Leftovers\n|-damage|p1a: Bellibolt|280/320 psn|[from] psn\n|-damage|p2a: Gastrodon|251/331 tox|[from] psn\n|upkeep\n|turn|23\n|\n|t:|1732943363\n|switch|p2a: Rotom|Rotom-Mow, L86|133/226\n|move|p1a: Bellibolt|Slack Off|p1a: Bellibolt\n|-heal|p1a: Bellibolt|320/320 psn\n|\n|-damage|p1a: Bellibolt|280/320 psn|[from] psn\n|upkeep\n|turn|24\n|\n|t:|1732943381\n|move|p2a: Rotom|Leaf Storm|p1a: Bellibolt\n|-supereffective|p1a: Bellibolt\n|-damage|p1a: Bellibolt|0 fnt\n|-unboost|p2a: Rotom|spa|2\n|faint|p1a: Bellibolt\n|\n|upkeep\n|\n|t:|1732943390\n|switch|p1a: Uxie|Uxie, L83|94/260 brn\n|-damage|p1a: Uxie|62/260 brn|[from] Stealth Rock\n|turn|25\n|\n|t:|1732943397\n|move|p1a: Uxie|U-turn|p2a: Rotom\n|-supereffective|p2a: Rotom\n|-damage|p2a: Rotom|101/226\n|\n|t:|1732943400\n|switch|p1a: Arcanine|Arcanine-Hisui, L81, F|199/287|[from] U-turn\n|-damage|p1a: Arcanine|128/287|[from] Stealth Rock\n|move|p2a: Rotom|Thunderbolt|p1a: Arcanine\n|-crit|p1a: Arcanine\n|-damage|p1a: Arcanine|0 fnt\n|faint|p1a: Arcanine\n|\n|upkeep\n|inactive|walnutshell has 90 seconds left.\n|\n|t:|1732943420\n|switch|p1a: Hitmonlee|Hitmonlee, L85, M|223/223\n|-damage|p1a: Hitmonlee|210/223|[from] Stealth Rock\n|turn|26\n|inactive|Chainzaw has 90 seconds left.\n|\n|t:|1732943432\n|move|p1a: Hitmonlee|Mach Punch|p2a: Rotom\n|-damage|p2a: Rotom|35/226\n|move|p2a: Rotom|Will-O-Wisp|p1a: Hitmonlee\n|-status|p1a: Hitmonlee|brn\n|\n|-damage|p1a: Hitmonlee|197/223 brn|[from] brn\n|upkeep\n|turn|27\n|\n|t:|1732943442\n|switch|p2a: Gastrodon|Gastrodon-East, L86, M|251/331 tox\n|move|p1a: Hitmonlee|Mach Punch|p2a: Gastrodon\n|-damage|p2a: Gastrodon|203/331 tox\n|\n|-heal|p2a: Gastrodon|223/331 tox|[from] item: Leftovers\n|-damage|p2a: Gastrodon|203/331 tox|[from] psn\n|-damage|p1a: Hitmonlee|184/223 brn|[from] brn\n|upkeep\n|turn|28\n|\n|t:|1732943454\n|switch|p1a: Uxie|Uxie, L83|62/260 brn\n|-damage|p1a: Uxie|30/260 brn|[from] Stealth Rock\n|move|p2a: Gastrodon|Earthquake|p1a: Uxie\n|-immune|p1a: Uxie|[from] ability: Levitate\n|\n|-heal|p1a: Uxie|46/260 brn|[from] item: Leftovers\n|-heal|p2a: Gastrodon|223/331 tox|[from] item: Leftovers\n|-damage|p2a: Gastrodon|183/331 tox|[from] psn\n|-damage|p1a: Uxie|30/260 brn|[from] brn\n|upkeep\n|turn|29\n|inactive|walnutshell has 120 seconds left.\n|\n|t:|1732943471\n|move|p1a: Uxie|Psychic Noise|p2a: Gastrodon\n|-damage|p2a: Gastrodon|113/331 tox\n|-start|p2a: Gastrodon|move: Heal Block\n|move|p2a: Gastrodon|Sludge Bomb|p1a: Uxie\n|-damage|p1a: Uxie|0 fnt\n|faint|p1a: Uxie\n|\n|-damage|p2a: Gastrodon|53/331 tox|[from] psn\n|upkeep\n|\n|t:|1732943477\n|switch|p1a: Hitmonlee|Hitmonlee, L85, M|184/223 brn\n|-damage|p1a: Hitmonlee|171/223 brn|[from] Stealth Rock\n|turn|30\n|\n|t:|1732943485\n|move|p1a: Hitmonlee|High Jump Kick|p2a: Gastrodon|[miss]\n|-miss|p1a: Hitmonlee|p2a: Gastrodon\n|-damage|p1a: Hitmonlee|60/223 brn|[from] highjumpkick\n|move|p2a: Gastrodon|Earthquake|p1a: Hitmonlee\n|-crit|p1a: Hitmonlee\n|-damage|p1a: Hitmonlee|0 fnt\n|faint|p1a: Hitmonlee\n|\n|win|Chainzaw\n|raw|walnutshell's rating: 1487 &rarr; <strong>1467</strong><br />(-20 for losing)\n|raw|Chainzaw's rating: 1483 &rarr; <strong>1503</strong><br />(+20 for winning)\n", "inputlog": ">version b107d77f5c90bd6555267ae244a6264823309ead\n>start {\"formatid\":\"gen9randombattle\",\"seed\":[56770,19652,6517,35687],\"rated\":\"Rated battle\"}\n>player p1 {\"name\":\"walnutshell\",\"avatar\":\"hiker-gen4\",\"rating\":1489,\"seed\":[21878,2631,13548,32877]}\n>player p2 {\"name\":\"Chainzaw\",\"avatar\":\"lucas-gen4pt\",\"rating\":1483,\"seed\":[55653,33549,57482,33750]}\n>p1 move yawn\n>p2 switch 5\n>p1 move uturn\n>p2 move throatchop\n>p1 switch 2\n>p1 move firstimpression\n>p2 move facade\n>p1 move knockoff\n>p2 move facade\n>p1 switch 2\n>p2 switch 5\n>p1 move yawn\n>p2 switch 3\n>p1 move uturn\n>p2 switch 2\n>p1 switch 5\n>p1 move toxic\n>p2 move earthquake\n>p1 switch 5\n>p2 move earthquake\n>p1 switch 5\n>p2 move ironhead\n>p1 move slackoff terastallize\n>p2 move earthquake\n>p1 move slackoff\n>p2 move closecombat\n>p2 switch 6\n>p1 switch 3\n>p2 move leafstorm\n>p1 move knockoff\n>p2 move willowisp\n>p1 move knockoff\n>p2 switch 2\n>p1 move knockoff\n>p2 move rapidspin\n>p1 switch 5\n>p1 move yawn\n>p2 move lavaplume\n>p1 move uturn\n>p2 move solarbeam\n>p1 switch 6\n>p1 move headsmash\n>p2 move earthquake\n>p2 switch 4\n>p1 switch 3\n>p2 move earthquake\n>p1 move toxic\n>p2 move sludgebomb\n>p1 move slackoff\n>p2 move sludgebomb\n>p1 move slackoff\n>p2 move stealthrock\n>p1 move slackoff\n>p2 switch 2\n>p1 move toxic\n>p2 move leafstorm\n>p1 switch 6\n>p1 move uturn\n>p2 move thunderbolt\n>p1 switch 3\n>p1 switch 4\n>p1 move machpunch\n>p2 move willowisp\n>p1 move machpunch\n>p2 switch 2\n>p1 switch 3\n>p2 move earthquake\n>p1 move psychicnoise\n>p2 move sludgebomb\n>p1 switch 3\n>p1 move highjumpkick\n>p2 move earthquake", "uploadtime": 1732943494, "views": 22, "formatid": "gen9randombattle", "rating": 1467, "private": 0, "password": null}