{"id": "gen9randombattle-2254105506", "format": "[Gen 9] Random Battle", "players": ["Fraxineus", "ryevalanche23"], "log": "|j|\u2606Fraxineus\n|j|\u2606ryevalanche23\n|t:|1732991908\n|gametype|singles\n|player|p1|Fraxineus|265|1248\n|player|p2|ryevalanche23|1|1291\n|teamsize|p1|6\n|teamsize|p2|6\n|gen|9\n|tier|[Gen 9] Random Battle\n|rated|\n|rule|Species Clause: Limit one of each Pok\u00e9mon\n|rule|HP Percentage Mod: HP is shown in percentages\n|rule|Sleep Clause Mod: Limit one foe put to sleep\n|rule|Illusion Level Mod: Illusion disguises the Pok\u00e9mon's true level\n|\n|t:|1732991908\n|start\n|switch|p1a: Volcarona|Volcarona, L77, F|257/257\n|switch|p2a: Magearna|Magearna, L77|250/250\n|turn|1\n|inactive|Battle timer is ON: inactive players will automatically lose when time's up. (requested by Fraxineus)\n|inactive|ryevalanche23 has 120 seconds left.\n|inactive|ryevalanche23 has 90 seconds left.\n|\n|t:|1732991980\n|switch|p2a: Iron Valiant|Iron Valiant, L78|244/244\n|move|p1a: Volcarona|Quiver Dance|p1a: Volcarona\n|-boost|p1a: Volcarona|spa|1\n|-boost|p1a: Volcarona|spd|1\n|-boost|p1a: Volcarona|spe|1\n|\n|upkeep\n|turn|2\n|\n|t:|1732991996\n|move|p1a: Volcarona|Fiery Dance|p2a: Iron Valiant\n|-damage|p2a: Iron Valiant|55/244\n|move|p2a: Iron Valiant|Encore|p1a: Volcarona\n|-start|p1a: Volcarona|Encore\n|\n|upkeep\n|turn|3\n|\n|t:|1732992015\n|-end|p2a: Iron Valiant|Quark Drive|[silent]\n|switch|p2a: Infernape|Infernape, L82, M|259/259\n|move|p1a: Volcarona|Fiery Dance|p2a: Infernape\n|-resisted|p2a: Infernape\n|-damage|p2a: Infernape|183/259\n|-boost|p1a: Volcarona|spa|1\n|\n|upkeep\n|turn|4\n|\n|t:|1732992024\n|move|p2a: Infernape|Close Combat|p1a: Volcarona\n|-resisted|p1a: Volcarona\n|-damage|p1a: Volcarona|171/257\n|-unboost|p2a: Infernape|def|1\n|-unboost|p2a: Infernape|spd|1\n|move|p1a: Volcarona|Fiery Dance|p2a: Infernape\n|-resisted|p2a: Infernape\n|-damage|p2a: Infernape|32/259\n|\n|upkeep\n|turn|5\n|inactive|ryevalanche23 has 120 seconds left.\n|\n|t:|1732992057\n|move|p2a: Infernape|Close Combat|p1a: Volcarona\n|-resisted|p1a: Volcarona\n|-damage|p1a: Volcarona|91/257\n|-unboost|p2a: Infernape|def|1\n|-unboost|p2a: Infernape|spd|1\n|move|p1a: Volcarona|Fiery Dance|p2a: Infernape\n|-resisted|p2a: Infernape\n|-crit|p2a: Infernape\n|-damage|p2a: Infernape|0 fnt\n|faint|p2a: Infernape\n|\n|-end|p1a: Volcarona|Encore\n|upkeep\n|inactive|ryevalanche23 has 120 seconds left.\n|inactive|ryevalanche23 has 90 seconds left.\n|\n|t:|1732992097\n|switch|p2a: Rillaboom|Rillaboom, L79, M|288/288\n|-fieldstart|move: Grassy Terrain|[from] ability: Grassy Surge|[of] p2a: Rillaboom\n|turn|6\n|inactive|ryevalanche23 has 90 seconds left.\n|\n|t:|1732992111\n|move|p2a: Rillaboom|Grassy Glide|p1a: Volcarona\n|-resisted|p1a: Volcarona\n|-damage|p1a: Volcarona|56/257\n|-damage|p2a: Rillaboom|260/288|[from] item: Life Orb\n|move|p1a: Volcarona|Fiery Dance|p2a: Rillaboom\n|-supereffective|p2a: Rillaboom\n|-damage|p2a: Rillaboom|0 fnt\n|faint|p2a: Rillaboom\n|\n|-heal|p1a: Volcarona|72/257|[from] Grassy Terrain\n|upkeep\n|inactive|ryevalanche23 has 90 seconds left.\n|\n|t:|1732992118\n|switch|p2a: Deoxys|Deoxys, L74|196/196\n|-ability|p2a: Deoxys|Pressure\n|turn|7\n|\n|t:|1732992122\n|move|p1a: Volcarona|Bug Buzz|p2a: Deoxys\n|-supereffective|p2a: Deoxys\n|-damage|p2a: Deoxys|0 fnt\n|faint|p2a: Deoxys\n|\n|-heal|p1a: Volcarona|88/257|[from] Grassy Terrain\n|upkeep\n|\n|t:|1732992135\n|switch|p2a: Iron Valiant|Iron Valiant, L78|55/244\n|turn|8\n|\n|t:|1732992141\n|move|p1a: Volcarona|Fiery Dance|p2a: Iron Valiant\n|-damage|p2a: Iron Valiant|0 fnt\n|faint|p2a: Iron Valiant\n|-end|p2a: Iron Valiant|Quark Drive|[silent]\n|\n|-heal|p1a: Volcarona|104/257|[from] Grassy Terrain\n|upkeep\n|\n|t:|1732992150\n|switch|p2a: Magearna|Magearna, L77|250/250\n|turn|9\n|\n|t:|1732992167\n|-terastallize|p2a: Magearna|Water\n|move|p1a: Volcarona|Fiery Dance|p2a: Magearna\n|-resisted|p2a: Magearna\n|-damage|p2a: Magearna|169/250\n|-boost|p1a: Volcarona|spa|1\n|move|p2a: Magearna|Calm Mind|p2a: Magearna\n|-boost|p2a: Magearna|spa|1\n|-boost|p2a: Magearna|spd|1\n|\n|-heal|p1a: Volcarona|120/257|[from] Grassy Terrain\n|-heal|p2a: Magearna|184/250|[from] Grassy Terrain\n|-heal|p2a: Magearna|199/250|[from] item: Leftovers\n|upkeep\n|turn|10\n|\n|t:|1732992178\n|move|p1a: Volcarona|Morning Sun|p1a: Volcarona\n|-heal|p1a: Volcarona|248/257\n|move|p2a: Magearna|Calm Mind|p2a: Magearna\n|-boost|p2a: Magearna|spa|1\n|-boost|p2a: Magearna|spd|1\n|\n|-heal|p1a: Volcarona|257/257|[from] Grassy Terrain\n|-heal|p2a: Magearna|214/250|[from] Grassy Terrain\n|-heal|p2a: Magearna|229/250|[from] item: Leftovers\n|-fieldend|move: Grassy Terrain\n|upkeep\n|turn|11\n|inactive|ryevalanche23 has 90 seconds left.\n|\n|t:|1732992215\n|move|p1a: Volcarona|Quiver Dance|p1a: Volcarona\n|-boost|p1a: Volcarona|spa|1\n|-boost|p1a: Volcarona|spd|1\n|-boost|p1a: Volcarona|spe|1\n|move|p2a: Magearna|Shift Gear|p2a: Magearna\n|-boost|p2a: Magearna|spe|2\n|-boost|p2a: Magearna|atk|1\n|\n|-heal|p2a: Magearna|244/250|[from] item: Leftovers\n|upkeep\n|turn|12\n|inactive|Fraxineus has 120 seconds left.\n|\n|t:|1732992245\n|move|p1a: Volcarona|Bug Buzz|p2a: Magearna\n|-damage|p2a: Magearna|97/250\n|move|p2a: Magearna|Calm Mind|p2a: Magearna\n|-boost|p2a: Magearna|spa|1\n|-boost|p2a: Magearna|spd|1\n|\n|-heal|p2a: Magearna|112/250|[from] item: Leftovers\n|upkeep\n|turn|13\n|\n|t:|1732992266\n|move|p1a: Volcarona|Bug Buzz|p2a: Magearna\n|-damage|p2a: Magearna|4/250\n|move|p2a: Magearna|Fleur Cannon|p1a: Volcarona|[miss]\n|-miss|p2a: Magearna|p1a: Volcarona\n|\n|-heal|p2a: Magearna|19/250|[from] item: Leftovers\n|upkeep\n|turn|14\n|\n|t:|1732992272\n|move|p1a: Volcarona|Bug Buzz|p2a: Magearna\n|-damage|p2a: Magearna|0 fnt\n|faint|p2a: Magearna\n|\n|upkeep\n|\n|t:|1732992275\n|switch|p2a: Thundurus|Thundurus, L80, M|258/258\n|turn|15\n|c|\u2606Fraxineus|lol\n|inactive|ryevalanche23 has 60 seconds left.\n|\n|t:|1732992305\n|move|p1a: Volcarona|Fiery Dance|p2a: Thundurus\n|-damage|p2a: Thundurus|0 fnt\n|-boost|p1a: Volcarona|spa|1\n|faint|p2a: Thundurus\n|\n|win|Fraxineus\n|raw|Fraxineus's rating: 1248 &rarr; <strong>1276</strong><br />(+28 for winning)\n|raw|ryevalanche23's rating: 1291 &rarr; <strong>1263</strong><br />(-28 for losing)\n", "inputlog": ">version b107d77f5c90bd6555267ae244a6264823309ead\n>start {\"formatid\":\"gen9randombattle\",\"seed\":[16993,17510,21371,43150],\"rated\":\"Rated battle\"}\n>player p1 {\"name\":\"Fraxineus\",\"avatar\":\"265\",\"rating\":1248,\"seed\":[7154,2201,5836,32099]}\n>player p2 {\"name\":\"ryevalanche23\",\"avatar\":\"1\",\"rating\":1291,\"seed\":[13421,32755,60025,46148]}\n>p1 move quiverdance\n>p2 switch 2\n>p1 move fierydance\n>p2 move encore\n>p1 move fierydance\n>p2 switch 5\n>p1 move fierydance\n>p2 move closecombat\n>p1 move fierydance\n>p2 move closecombat\n>p2 switch 4\n>p1 move fierydance\n>p2 move grassyglide\n>p2 switch 3\n>p1 move bugbuzz\n>p2 move knockoff\n>p2 switch 5\n>p1 move fierydance\n>p2 move knockoff\n>p2 switch 2\n>p1 move fierydance\n>p2 move calmmind terastallize\n>p1 move morningsun\n>p2 move calmmind\n>p1 move quiverdance\n>p2 move shiftgear\n>p1 move bugbuzz\n>p2 move calmmind\n>p1 move bugbuzz\n>p2 move fleurcannon\n>p1 move bugbuzz\n>p2 move fleurcannon\n>p2 switch 6\n>chat \u2606Fraxineus|lol\n>p1 move fierydance\n>p2 move thunderbolt", "uploadtime": 1732992308, "views": 1, "formatid": "gen9randombattle", "rating": 1263, "private": 0, "password": null}