{"id": "gen9randombattle-2254073532", "format": "[Gen 9] Random Battle", "players": ["myriadrivers", "Magikarpitalism"], "log": "|j|\u2606myriadrivers\n|j|\u2606Magikarpitalism\n|t:|1732987951\n|gametype|singles\n|player|p1|myriadrivers|miku-fire|1955\n|player|p2|Magikarpitalism|adaman|2038\n|teamsize|p1|6\n|teamsize|p2|6\n|gen|9\n|tier|[Gen 9] Random Battle\n|rated|\n|rule|Species Clause: Limit one of each Pok\u00e9mon\n|rule|HP Percentage Mod: HP is shown in percentages\n|rule|Sleep Clause Mod: Limit one foe put to sleep\n|rule|Illusion Level Mod: Illusion disguises the Pok\u00e9mon's true level\n|\n|t:|1732987951\n|start\n|switch|p1a: Farigiraf|Farigiraf, L91, F|366/366\n|switch|p2a: Smeargle|Smeargle, L95, M|258/258\n|turn|1\n|\n|t:|1732987967\n|switch|p2a: Grimmsnarl|Grimmsnarl, L83, M|293/293\n|move|p1a: Farigiraf|Body Slam|p2a: Grimmsnarl\n|-damage|p2a: Grimmsnarl|173/293\n|-status|p2a: Grimmsnarl|par\n|\n|upkeep\n|turn|2\n|\n|t:|1732987976\n|move|p2a: Grimmsnarl|Thunder Wave|p1a: Farigiraf\n|-status|p1a: Farigiraf|par\n|cant|p1a: Farigiraf|par\n|\n|upkeep\n|turn|3\n|\n|t:|1732987982\n|move|p1a: Farigiraf|Body Slam|p2a: Grimmsnarl\n|-damage|p2a: Grimmsnarl|50/293 par\n|move|p2a: Grimmsnarl|Spirit Break|p1a: Farigiraf\n|-damage|p1a: Farigiraf|258/366 par\n|-unboost|p1a: Farigiraf|spa|1\n|\n|-heal|p1a: Farigiraf|280/366 par|[from] item: Leftovers\n|upkeep\n|turn|4\n|\n|t:|1732987990\n|move|p2a: Grimmsnarl|Reflect|p2a: Grimmsnarl\n|-sidestart|p2: Magikarpitalism|Reflect\n|move|p1a: Farigiraf|Body Slam|p2a: Grimmsnarl\n|-damage|p2a: Grimmsnarl|0 fnt\n|faint|p2a: Grimmsnarl\n|\n|-heal|p1a: Farigiraf|302/366 par|[from] item: Leftovers\n|upkeep\n|\n|t:|1732987993\n|switch|p2a: Thundurus|Thundurus-Therian, L80, M|258/258\n|turn|5\n|\n|t:|1732988004\n|move|p1a: Farigiraf|Protect|p1a: Farigiraf\n|-singleturn|p1a: Farigiraf|Protect\n|move|p2a: Thundurus|Nasty Plot|p2a: Thundurus\n|-boost|p2a: Thundurus|spa|2\n|\n|-heal|p1a: Farigiraf|324/366 par|[from] item: Leftovers\n|upkeep\n|turn|6\n|\n|t:|1732988018\n|switch|p1a: Minun|Minun, L95, F|268/268\n|move|p2a: Thundurus|Thunderbolt|p1a: Minun\n|-immune|p1a: Minun|[from] ability: Volt Absorb\n|\n|upkeep\n|turn|7\n|\n|t:|1732988029\n|move|p1a: Minun|Encore|p2a: Thundurus\n|-start|p2a: Thundurus|Encore\n|move|p2a: Thundurus|Thunderbolt|p1a: Minun\n|-immune|p1a: Minun|[from] ability: Volt Absorb\n|\n|upkeep\n|turn|8\n|\n|t:|1732988036\n|switch|p2a: Arceus|Arceus-Electric, L70|284/284\n|move|p1a: Minun|Nasty Plot|p1a: Minun\n|-boost|p1a: Minun|spa|2\n|\n|upkeep\n|turn|9\n|\n|t:|1732988044\n|move|p1a: Minun|Alluring Voice|p2a: Arceus\n|-damage|p2a: Arceus|125/284\n|-damage|p1a: Minun|242/268|[from] item: Life Orb\n|move|p2a: Arceus|Ice Beam|p1a: Minun\n|-damage|p1a: Minun|188/268\n|\n|upkeep\n|turn|10\n|\n|t:|1732988052\n|move|p1a: Minun|Alluring Voice|p2a: Arceus\n|-damage|p2a: Arceus|0 fnt\n|faint|p2a: Arceus\n|-damage|p1a: Minun|162/268|[from] item: Life Orb\n|\n|upkeep\n|\n|t:|1732988053\n|switch|p2a: Meowscarada|Meowscarada, L78, F|247/247\n|turn|11\n|\n|t:|1732988081\n|switch|p1a: Cobalion|Cobalion, L80|277/277\n|move|p2a: Meowscarada|Knock Off|p1a: Cobalion\n|-start|p2a: Meowscarada|typechange|Dark|[from] ability: Protean\n|-resisted|p1a: Cobalion\n|-damage|p1a: Cobalion|223/277\n|-ability|p1a: Cobalion|Justified|boost\n|-boost|p1a: Cobalion|atk|1\n|-enditem|p1a: Cobalion|Leftovers|[from] move: Knock Off|[of] p2a: Meowscarada\n|\n|-sideend|p2: Magikarpitalism|Reflect\n|upkeep\n|turn|12\n|\n|t:|1732988099\n|switch|p2a: Thundurus|Thundurus-Therian, L80, M|258/258\n|move|p1a: Cobalion|Calm Mind|p1a: Cobalion\n|-boost|p1a: Cobalion|spa|1\n|-boost|p1a: Cobalion|spd|1\n|\n|upkeep\n|turn|13\n|\n|t:|1732988120\n|switch|p1a: Golurk|Golurk, L87|297/297\n|move|p2a: Thundurus|Nasty Plot|p2a: Thundurus\n|-boost|p2a: Thundurus|spa|2\n|\n|upkeep\n|turn|14\n|\n|t:|1732988135\n|switch|p1a: Farigiraf|Farigiraf, L91, F|324/366 par\n|-terastallize|p2a: Thundurus|Flying\n|move|p2a: Thundurus|Tera Blast|p1a: Farigiraf|[anim] Tera Blast Flying\n|-damage|p1a: Farigiraf|2/366 par\n|\n|-heal|p1a: Farigiraf|24/366 par|[from] item: Leftovers\n|upkeep\n|turn|15\n|\n|t:|1732988149\n|move|p2a: Thundurus|Tera Blast|p1a: Farigiraf|[anim] Tera Blast Flying\n|-damage|p1a: Farigiraf|0 fnt\n|faint|p1a: Farigiraf\n|\n|upkeep\n|\n|t:|1732988163\n|switch|p1a: Eelektross|Eelektross, L87, F|290/290\n|turn|16\n|\n|t:|1732988169\n|move|p2a: Thundurus|Focus Blast|p1a: Eelektross\n|-damage|p1a: Eelektross|75/290\n|move|p1a: Eelektross|Supercell Slam|p2a: Thundurus\n|-immune|p2a: Thundurus|[from] ability: Volt Absorb\n|-damage|p1a: Eelektross|0 fnt|[from] supercellslam\n|faint|p1a: Eelektross\n|\n|upkeep\n|\n|t:|1732988187\n|switch|p1a: Minun|Minun, L95, F|162/268\n|turn|17\n|inactive|Battle timer is ON: inactive players will automatically lose when time's up. (requested by myriadrivers)\n|\n|t:|1732988217\n|move|p1a: Minun|Encore|p2a: Thundurus\n|-start|p2a: Thundurus|Encore\n|move|p2a: Thundurus|Focus Blast|p1a: Minun\n|-damage|p1a: Minun|0 fnt\n|faint|p1a: Minun\n|\n|upkeep\n|\n|t:|1732988223\n|switch|p1a: Golurk|Golurk, L87|297/297\n|turn|18\n|\n|t:|1732988231\n|switch|p2a: Rabsca|Rabsca, L91, F|284/284\n|move|p1a: Golurk|Dynamic Punch|p2a: Rabsca\n|-resisted|p2a: Rabsca\n|-crit|p2a: Rabsca\n|-damage|p2a: Rabsca|233/284\n|-start|p2a: Rabsca|confusion\n|\n|upkeep\n|turn|19\n|\n|t:|1732988245\n|switch|p1a: Cobalion|Cobalion, L80|223/277\n|-activate|p2a: Rabsca|confusion\n|-damage|p2a: Rabsca|219/284|[from] confusion\n|\n|upkeep\n|turn|20\n|\n|t:|1732988253\n|move|p1a: Cobalion|Calm Mind|p1a: Cobalion\n|-boost|p1a: Cobalion|spa|1\n|-boost|p1a: Cobalion|spd|1\n|-end|p2a: Rabsca|confusion\n|move|p2a: Rabsca|Psychic|p1a: Cobalion\n|-damage|p1a: Cobalion|115/277\n|\n|upkeep\n|turn|21\n|\n|t:|1732988262\n|move|p1a: Cobalion|Flash Cannon|p2a: Rabsca\n|-damage|p2a: Rabsca|122/284\n|move|p2a: Rabsca|Psychic|p1a: Cobalion\n|-damage|p1a: Cobalion|12/277\n|\n|upkeep\n|turn|22\n|\n|t:|1732988273\n|move|p1a: Cobalion|Flash Cannon|p2a: Rabsca\n|-damage|p2a: Rabsca|34/284\n|move|p2a: Rabsca|Revival Blessing|p2a: Rabsca\n|\n|t:|1732988275\n|-heal|p2: Arceus|142/284|[from] move: Revival Blessing\n|\n|upkeep\n|turn|23\n|\n|t:|1732988281\n|move|p1a: Cobalion|Flash Cannon|p2a: Rabsca\n|-damage|p2a: Rabsca|0 fnt\n|faint|p2a: Rabsca\n|\n|upkeep\n|\n|t:|1732988283\n|switch|p2a: Thundurus|Thundurus-Therian, L80, M, tera:Flying|258/258\n|turn|24\n|\n|t:|1732988290\n|move|p1a: Cobalion|Flash Cannon|p2a: Thundurus\n|-damage|p2a: Thundurus|138/258\n|move|p2a: Thundurus|Tera Blast|p1a: Cobalion|[anim] Tera Blast Flying\n|-damage|p1a: Cobalion|0 fnt\n|faint|p1a: Cobalion\n|\n|upkeep\n|\n|t:|1732988302\n|switch|p1a: Golurk|Golurk, L87|297/297\n|turn|25\n|\n|t:|1732988309\n|move|p2a: Thundurus|Tera Blast|p1a: Golurk|[anim] Tera Blast Flying\n|-damage|p1a: Golurk|153/297\n|move|p1a: Golurk|Poltergeist|p2a: Thundurus\n|-activate|p2a: Thundurus|move: Poltergeist|Heavy-Duty Boots\n|-damage|p2a: Thundurus|0 fnt\n|faint|p2a: Thundurus\n|\n|upkeep\n|\n|t:|1732988310\n|switch|p2a: Meowscarada|Meowscarada, L78, F|247/247\n|turn|26\n|\n|t:|1732988318\n|switch|p1a: Toucannon|Toucannon, L88, M|284/284\n|move|p2a: Meowscarada|Knock Off|p1a: Toucannon\n|-start|p2a: Meowscarada|typechange|Dark|[from] ability: Protean\n|-damage|p1a: Toucannon|124/284\n|-enditem|p1a: Toucannon|Heavy-Duty Boots|[from] move: Knock Off|[of] p2a: Meowscarada\n|\n|upkeep\n|turn|27\n|\n|t:|1732988327\n|-singleturn|p1a: Toucannon|move: Beak Blast\n|move|p2a: Meowscarada|Knock Off|p1a: Toucannon\n|-damage|p1a: Toucannon|16/284\n|-status|p2a: Meowscarada|brn\n|move|p1a: Toucannon|Beak Blast|p2a: Meowscarada\n|-damage|p2a: Meowscarada|61/247 brn\n|\n|-damage|p2a: Meowscarada|46/247 brn|[from] brn\n|upkeep\n|turn|28\n|\n|t:|1732988348\n|move|p2a: Meowscarada|Knock Off|p1a: Toucannon\n|-damage|p1a: Toucannon|0 fnt\n|faint|p1a: Toucannon\n|\n|-damage|p2a: Meowscarada|31/247 brn|[from] brn\n|upkeep\n|\n|t:|1732988353\n|switch|p1a: Golurk|Golurk, L87|153/297\n|turn|29\n|\n|t:|1732988364\n|-terastallize|p1a: Golurk|Ground\n|move|p2a: Meowscarada|Knock Off|p1a: Golurk\n|-damage|p1a: Golurk|78/297\n|-enditem|p1a: Golurk|Choice Band|[from] move: Knock Off|[of] p2a: Meowscarada\n|move|p1a: Golurk|Dynamic Punch|p2a: Meowscarada\n|-supereffective|p2a: Meowscarada\n|-damage|p2a: Meowscarada|0 fnt\n|faint|p2a: Meowscarada\n|\n|upkeep\n|\n|t:|1732988378\n|switch|p2a: Smeargle|Smeargle, L95, M|258/258\n|turn|30\n|\n|t:|1732988384\n|move|p2a: Smeargle|Population Bomb|p1a: Golurk\n|-damage|p1a: Golurk|60/297\n|-damage|p1a: Golurk|41/297\n|-damage|p1a: Golurk|25/297\n|-damage|p1a: Golurk|7/297\n|-damage|p1a: Golurk|0 fnt\n|faint|p1a: Golurk\n|-hitcount|p1: Golurk|5\n|\n|win|Magikarpitalism\n|raw|myriadrivers's rating: 1955 &rarr; <strong>1940</strong><br />(-15 for losing)\n|raw|Magikarpitalism's rating: 2038 &rarr; <strong>2053</strong><br />(+15 for winning)\n|l|\u2606myriadrivers\n|player|p1|\n", "inputlog": ">version b107d77f5c90bd6555267ae244a6264823309ead\n>start {\"formatid\":\"gen9randombattle\",\"seed\":[54961,16127,13029,62587],\"rated\":\"Rated battle\"}\n>player p1 {\"name\":\"myriadrivers\",\"avatar\":\"miku-fire\",\"rating\":1955,\"seed\":[40539,22499,45521,16957]}\n>player p2 {\"name\":\"Magikarpitalism\",\"avatar\":\"adaman\",\"rating\":2038,\"seed\":[57363,5199,12827,3838]}\n>p1 move bodyslam\n>p2 switch 6\n>p1 move bodyslam\n>p2 move thunderwave\n>p1 move bodyslam\n>p2 move spiritbreak\n>p1 move bodyslam\n>p2 move reflect\n>p2 switch 3\n>p1 move protect\n>p2 move nastyplot\n>p1 switch 2\n>p2 move thunderbolt\n>p1 move encore\n>p2 move focusblast\n>p1 move nastyplot\n>p2 switch 5\n>p1 move alluringvoice\n>p2 move icebeam\n>p1 move alluringvoice\n>p2 move icebeam\n>p2 switch 4\n>p1 switch 4\n>p2 move knockoff\n>p1 move calmmind\n>p2 switch 5\n>p1 switch 3\n>p2 move nastyplot\n>p1 switch 2\n>p2 move terablast terastallize\n>p1 move bodyslam\n>p2 move terablast\n>p1 switch 5\n>p1 move supercellslam\n>p2 move focusblast\n>p1 switch 4\n>p1 move encore\n>p2 move terablast\n>p1 switch 2\n>p1 move dynamicpunch\n>p2 switch 2\n>p1 switch 3\n>p2 move revivalblessing\n>p1 move calmmind\n>p2 move psychic\n>p1 move flashcannon\n>p2 move psychic\n>p1 move flashcannon\n>p2 move revivalblessing\n>p2 switch 4\n>p1 move flashcannon\n>p2 move psychic\n>p2 switch 2\n>p1 move flashcannon\n>p2 move terablast\n>p1 switch 3\n>p1 move poltergeist\n>p2 move terablast\n>p2 switch 5\n>p1 switch 6\n>p2 move knockoff\n>p1 move beakblast\n>p2 move knockoff\n>p1 move roost\n>p2 move knockoff\n>p1 switch 6\n>p1 move dynamicpunch terastallize\n>p2 move knockoff\n>p2 switch 6\n>p1 move dynamicpunch\n>p2 move populationbomb", "uploadtime": 1732988390, "views": 1, "formatid": "gen9randombattle", "rating": 1940, "private": 0, "password": null}