{"id": "gen9randombattle-2254108341", "format": "[Gen 9] Random Battle", "players": ["lunfas", "lathizim"], "log": "|j|\u2606lunfas\n|j|\u2606lathizim\n|t:|1732992247\n|gametype|singles\n|player|p1|lunfas|101|\n|player|p2|lathizim|169|\n|teamsize|p1|6\n|teamsize|p2|6\n|gen|9\n|tier|[Gen 9] Random Battle\n|rule|Species Clause: Limit one of each Pok\u00e9mon\n|rule|HP Percentage Mod: HP is shown in percentages\n|rule|Sleep Clause Mod: Limit one foe put to sleep\n|rule|Illusion Level Mod: Illusion disguises the Pok\u00e9mon's true level\n|\n|t:|1732992247\n|start\n|switch|p1a: Weezing|Weezing, L88, M|258/258\n|switch|p2a: Forretress|Forretress, L84, M|263/263\n|turn|1\n|\n|t:|1732992279\n|switch|p1a: Dodrio|Dodrio, L86, M|243/243\n|move|p2a: Forretress|Toxic Spikes|p1a: Dodrio\n|-sidestart|p1: lunfas|move: Toxic Spikes\n|\n|upkeep\n|turn|2\n|\n|t:|1732992288\n|move|p1a: Dodrio|Brave Bird|p2a: Forretress\n|-damage|p2a: Forretress|161/263\n|-damage|p1a: Dodrio|209/243|[from] Recoil\n|move|p2a: Forretress|Volt Switch|p1a: Dodrio\n|-supereffective|p1a: Dodrio\n|-damage|p1a: Dodrio|109/243\n|\n|t:|1732992309\n|switch|p2a: Persian|Persian, L92, M|269/269|[from] Volt Switch\n|\n|upkeep\n|turn|3\n|\n|t:|1732992323\n|switch|p1a: Mamoswine|Mamoswine, L81, M|311/311\n|-status|p1a: Mamoswine|psn\n|move|p2a: Persian|U-turn|p1a: Mamoswine\n|-damage|p1a: Mamoswine|257/311 psn\n|\n|t:|1732992338\n|switch|p2a: Forretress|Forretress, L84, M|161/263|[from] U-turn\n|\n|-heal|p2a: Forretress|177/263|[from] item: Leftovers\n|-damage|p1a: Mamoswine|219/311 psn|[from] psn\n|upkeep\n|turn|4\n|\n|t:|1732992351\n|move|p1a: Mamoswine|Earthquake|p2a: Forretress\n|-damage|p2a: Forretress|44/263\n|move|p2a: Forretress|Rapid Spin|p1a: Mamoswine\n|-damage|p1a: Mamoswine|181/311 psn\n|-boost|p2a: Forretress|spe|1\n|\n|-heal|p2a: Forretress|60/263|[from] item: Leftovers\n|-damage|p1a: Mamoswine|143/311 psn|[from] psn\n|upkeep\n|turn|5\n|\n|t:|1732992363\n|move|p1a: Mamoswine|Earthquake|p2a: Forretress\n|-damage|p2a: Forretress|0 fnt\n|faint|p2a: Forretress\n|\n|-damage|p1a: Mamoswine|105/311 psn|[from] psn\n|upkeep\n|\n|t:|1732992370\n|switch|p2a: Annihilape|Annihilape, L76, M|292/292\n|turn|6\n|\n|t:|1732992392\n|switch|p1a: Lunala|Lunala, L70|308/308\n|-status|p1a: Lunala|psn\n|move|p2a: Annihilape|Drain Punch|p1a: Lunala\n|-immune|p1a: Lunala\n|\n|-damage|p1a: Lunala|270/308 psn|[from] psn\n|upkeep\n|turn|7\n|\n|t:|1732992406\n|-terastallize|p2a: Annihilape|Water\n|move|p2a: Annihilape|Rage Fist|p1a: Lunala\n|-supereffective|p1a: Lunala\n|-damage|p1a: Lunala|14/308 psn\n|move|p1a: Lunala|Moongeist Beam|p2a: Annihilape\n|-damage|p2a: Annihilape|186/292\n|\n|-heal|p1a: Lunala|33/308 psn|[from] item: Leftovers\n|-damage|p1a: Lunala|0 fnt|[from] psn\n|faint|p1a: Lunala\n|upkeep\n|\n|t:|1732992418\n|switch|p1a: Groudon|Groudon, L72|263/263\n|-status|p1a: Groudon|psn\n|-weather|SunnyDay|[from] ability: Drought|[of] p1a: Groudon\n|turn|8\n|\n|t:|1732992428\n|move|p2a: Annihilape|Drain Punch|p1a: Groudon\n|-damage|p1a: Groudon|205/263 psn\n|-heal|p2a: Annihilape|215/292|[from] drain|[of] p1a: Groudon\n|move|p1a: Groudon|Heat Crash|p2a: Annihilape\n|-resisted|p2a: Annihilape\n|-damage|p2a: Annihilape|137/292\n|\n|-weather|SunnyDay|[upkeep]\n|-heal|p1a: Groudon|221/263 psn|[from] item: Leftovers\n|-damage|p1a: Groudon|189/263 psn|[from] psn\n|upkeep\n|turn|9\n|\n|t:|1732992447\n|move|p2a: Annihilape|Drain Punch|p1a: Groudon\n|-damage|p1a: Groudon|122/263 psn\n|-heal|p2a: Annihilape|171/292|[from] drain|[of] p1a: Groudon\n|move|p1a: Groudon|Precipice Blades|p2a: Annihilape\n|-damage|p2a: Annihilape|21/292\n|\n|-weather|SunnyDay|[upkeep]\n|-heal|p1a: Groudon|138/263 psn|[from] item: Leftovers\n|-damage|p1a: Groudon|106/263 psn|[from] psn\n|upkeep\n|turn|10\n|\n|t:|1732992460\n|move|p2a: Annihilape|Rest|p2a: Annihilape\n|-status|p2a: Annihilape|slp|[from] move: Rest\n|-heal|p2a: Annihilape|292/292 slp|[silent]\n|-enditem|p2a: Annihilape|Chesto Berry|[eat]\n|-curestatus|p2a: Annihilape|slp|[msg]\n|move|p1a: Groudon|Precipice Blades|p2a: Annihilape\n|-damage|p2a: Annihilape|123/292\n|\n|-weather|SunnyDay|[upkeep]\n|-heal|p1a: Groudon|122/263 psn|[from] item: Leftovers\n|-damage|p1a: Groudon|90/263 psn|[from] psn\n|upkeep\n|turn|11\n|\n|t:|1732992475\n|move|p2a: Annihilape|Rage Fist|p1a: Groudon\n|-damage|p1a: Groudon|0 fnt\n|faint|p1a: Groudon\n|\n|-weather|SunnyDay|[upkeep]\n|upkeep\n|\n|t:|1732992489\n|switch|p1a: Weezing|Weezing, L88, M|258/258\n|turn|12\n|\n|t:|1732992494\n|move|p2a: Annihilape|Rest|p2a: Annihilape\n|-status|p2a: Annihilape|slp|[from] move: Rest\n|-heal|p2a: Annihilape|292/292 slp|[silent]\n|move|p1a: Weezing|Fire Blast|p2a: Annihilape\n|-resisted|p2a: Annihilape\n|-damage|p2a: Annihilape|224/292 slp\n|\n|-weather|none\n|upkeep\n|turn|13\n|\n|t:|1732992507\n|switch|p2a: Persian|Persian, L92, M|269/269\n|move|p1a: Weezing|Toxic Spikes|p2a: Persian\n|-sidestart|p2: lathizim|move: Toxic Spikes\n|\n|upkeep\n|turn|14\n|\n|t:|1732992517\n|move|p2a: Persian|Double-Edge|p1a: Weezing\n|-damage|p1a: Weezing|152/258\n|-damage|p2a: Persian|234/269|[from] Recoil\n|move|p1a: Weezing|Gunk Shot|p2a: Persian\n|-damage|p2a: Persian|71/269\n|-status|p2a: Persian|psn\n|\n|-heal|p1a: Weezing|168/258|[from] item: Leftovers\n|-damage|p2a: Persian|38/269 psn|[from] psn\n|upkeep\n|turn|15\n|\n|t:|1732992536\n|move|p2a: Persian|U-turn|p1a: Weezing\n|-resisted|p1a: Weezing\n|-damage|p1a: Weezing|150/258\n|\n|t:|1732992542\n|switch|p2a: Excadrill|Excadrill, L80, M|307/307|[from] U-turn\n|-ability|p2a: Excadrill|Mold Breaker\n|move|p1a: Weezing|Fire Blast|p2a: Excadrill\n|-supereffective|p2a: Excadrill\n|-damage|p2a: Excadrill|97/307\n|-status|p2a: Excadrill|brn\n|\n|-heal|p2a: Excadrill|116/307 brn|[from] item: Leftovers\n|-heal|p1a: Weezing|166/258|[from] item: Leftovers\n|-damage|p2a: Excadrill|97/307 brn|[from] brn\n|upkeep\n|turn|16\n|\n|t:|1732992558\n|move|p2a: Excadrill|Swords Dance|p2a: Excadrill\n|-boost|p2a: Excadrill|atk|2\n|move|p1a: Weezing|Fire Blast|p2a: Excadrill\n|-supereffective|p2a: Excadrill\n|-damage|p2a: Excadrill|0 fnt\n|faint|p2a: Excadrill\n|\n|-heal|p1a: Weezing|182/258|[from] item: Leftovers\n|upkeep\n|\n|t:|1732992569\n|switch|p2a: Gallade|Gallade, L81, M|243/243\n|-status|p2a: Gallade|psn\n|turn|17\n|\n|t:|1732992582\n|move|p2a: Gallade|Psycho Cut|p1a: Weezing\n|-supereffective|p1a: Weezing\n|-damage|p1a: Weezing|0 fnt\n|faint|p1a: Weezing\n|-damage|p2a: Gallade|219/243 psn|[from] item: Life Orb\n|\n|-damage|p2a: Gallade|189/243 psn|[from] psn\n|upkeep\n|\n|t:|1732992590\n|switch|p1a: Cramorant|Cramorant, L86, M|261/261\n|turn|18\n|\n|t:|1732992602\n|move|p1a: Cramorant|Brave Bird|p2a: Gallade\n|-supereffective|p2a: Gallade\n|-damage|p2a: Gallade|0 fnt\n|faint|p2a: Gallade\n|-damage|p1a: Cramorant|199/261|[from] Recoil\n|\n|upkeep\n|\n|t:|1732992610\n|switch|p2a: Lapras|Lapras, L87, F|368/368\n|turn|19\n|\n|t:|1732992616\n|move|p1a: Cramorant|Brave Bird|p2a: Lapras\n|-damage|p2a: Lapras|248/368\n|-damage|p1a: Cramorant|159/261|[from] Recoil\n|move|p2a: Lapras|Freeze-Dry|p1a: Cramorant\n|-supereffective|p1a: Cramorant\n|-damage|p1a: Cramorant|0 fnt\n|faint|p1a: Cramorant\n|\n|upkeep\n|\n|t:|1732992625\n|switch|p1a: Dodrio|Dodrio, L86, M|109/243\n|turn|20\n|\n|t:|1732992633\n|move|p1a: Dodrio|Double-Edge|p2a: Lapras\n|-damage|p2a: Lapras|86/368\n|-damage|p1a: Dodrio|56/243|[from] Recoil\n|move|p2a: Lapras|Freeze-Dry|p1a: Dodrio\n|-supereffective|p1a: Dodrio\n|-damage|p1a: Dodrio|0 fnt\n|faint|p1a: Dodrio\n|\n|upkeep\n|\n|t:|1732992642\n|switch|p1a: Mamoswine|Mamoswine, L81, M|105/311 psn\n|turn|21\n|\n|t:|1732992648\n|move|p1a: Mamoswine|Icicle Crash|p2a: Lapras\n|-resisted|p2a: Lapras\n|-damage|p2a: Lapras|47/368\n|cant|p2a: Lapras|flinch\n|\n|-damage|p1a: Mamoswine|67/311 psn|[from] psn\n|upkeep\n|turn|22\n|\n|t:|1732992658\n|switch|p2a: Annihilape|Annihilape, L76, M, tera:Water|224/292 slp\n|move|p1a: Mamoswine|Icicle Crash|p2a: Annihilape\n|-resisted|p2a: Annihilape\n|-damage|p2a: Annihilape|122/292 slp\n|\n|-damage|p1a: Mamoswine|29/311 psn|[from] psn\n|upkeep\n|turn|23\n|\n|t:|1732992667\n|cant|p2a: Annihilape|slp\n|move|p1a: Mamoswine|Icicle Crash|p2a: Annihilape\n|-resisted|p2a: Annihilape\n|-damage|p2a: Annihilape|25/292 slp\n|\n|-damage|p1a: Mamoswine|0 fnt|[from] psn\n|faint|p1a: Mamoswine\n|\n|win|lathizim\n|upkeep\n", "inputlog": ">version b107d77f5c90bd6555267ae244a6264823309ead\n>start {\"formatid\":\"gen9randombattle\",\"seed\":[28383,15549,19579,57119]}\n>player p1 {\"name\":\"lunfas\",\"avatar\":\"101\",\"rating\":0,\"seed\":[15210,33833,54443,61942]}\n>player p2 {\"name\":\"lathizim\",\"avatar\":\"169\",\"rating\":0,\"seed\":[4735,11758,14568,54725]}\n>p1 switch 2\n>p2 move toxicspikes\n>p1 move bravebird\n>p2 move voltswitch\n>p2 switch 5\n>p1 switch 4\n>p2 move uturn\n>p2 switch 5\n>p1 move earthquake\n>p2 move rapidspin\n>p1 move earthquake\n>p2 move ironhead\n>p2 switch 6\n>p1 switch 6\n>p2 move drainpunch\n>p1 move moongeistbeam\n>p2 move ragefist terastallize\n>p1 switch 5\n>p1 move heatcrash\n>p2 move drainpunch\n>p1 move precipiceblades\n>p2 move drainpunch\n>p1 move precipiceblades\n>p2 move rest\n>p1 move precipiceblades\n>p2 move ragefist\n>p1 switch 2\n>p1 move fireblast\n>p2 move rest\n>p1 move toxicspikes\n>p2 switch 5\n>p1 move gunkshot\n>p2 move doubleedge\n>p1 move fireblast\n>p2 move uturn\n>p2 switch 4\n>p1 move fireblast\n>p2 move swordsdance\n>p2 switch 2\n>p1 move gunkshot\n>p2 move psychocut\n>p1 switch 3\n>p1 move bravebird\n>p2 move leafblade\n>p2 switch 3\n>p1 move bravebird\n>p2 move freezedry\n>p1 switch 4\n>p1 move doubleedge\n>p2 move freezedry\n>p1 switch 6\n>p1 move iciclecrash\n>p2 move rest\n>p1 move iciclecrash\n>p2 switch 5\n>p1 move iciclecrash\n>p2 move drainpunch", "uploadtime": 1732992676, "views": 2, "formatid": "gen9randombattle", "rating": null, "private": 0, "password": null}