{"id": "gen9randombattle-2254183053", "format": "[Gen 9] Random Battle", "players": ["Bonnn", "dapookiebear"], "log": "|j|\u2606Bonnn\n|j|\u2606dapookiebear\n|t:|1733001513\n|gametype|singles\n|player|p1|Bonnn|1|\n|player|p2|dapookiebear|170|\n|teamsize|p1|6\n|teamsize|p2|6\n|gen|9\n|tier|[Gen 9] Random Battle\n|rule|Species Clause: Limit one of each Pok\u00e9mon\n|rule|HP Percentage Mod: HP is shown in percentages\n|rule|Sleep Clause Mod: Limit one foe put to sleep\n|rule|Illusion Level Mod: Illusion disguises the Pok\u00e9mon's true level\n|\n|t:|1733001513\n|start\n|switch|p1a: Appletun|Appletun, L92, M|352/352\n|switch|p2a: Articuno|Articuno, L86|295/295\n|-ability|p2a: Articuno|Pressure\n|turn|1\n|inactive|Battle timer is ON: inactive players will automatically lose when time's up. (requested by Bonnn)\n|\n|t:|1733001542\n|switch|p1a: Seviper|Seviper, L93, F|287/287\n|move|p2a: Articuno|Freeze-Dry|p1a: Seviper\n|-damage|p1a: Seviper|202/287\n|\n|-heal|p1a: Seviper|219/287|[from] item: Leftovers\n|upkeep\n|turn|2\n|\n|t:|1733001553\n|move|p2a: Articuno|Brave Bird|p1a: Seviper\n|-damage|p1a: Seviper|87/287\n|-damage|p2a: Articuno|251/295|[from] Recoil\n|move|p1a: Seviper|Swords Dance|p1a: Seviper\n|-boost|p1a: Seviper|atk|2\n|\n|-heal|p1a: Seviper|104/287|[from] item: Leftovers\n|upkeep\n|turn|3\n|\n|t:|1733001563\n|move|p2a: Articuno|Brave Bird|p1a: Seviper\n|-damage|p1a: Seviper|0 fnt\n|faint|p1a: Seviper\n|-damage|p2a: Articuno|217/295|[from] Recoil\n|\n|upkeep\n|inactive|Bonnn has 270 seconds left.\n|\n|t:|1733001591\n|switch|p1a: Mew|Mew, L82|298/298\n|turn|4\n|\n|t:|1733001607\n|move|p1a: Mew|Swords Dance|p1a: Mew\n|-boost|p1a: Mew|atk|2\n|move|p2a: Articuno|Freeze-Dry|p1a: Mew\n|-damage|p1a: Mew|232/298\n|\n|upkeep\n|turn|5\n|\n|t:|1733001618\n|move|p1a: Mew|Psychic Fangs|p2a: Articuno\n|-damage|p2a: Articuno|0 fnt\n|faint|p2a: Articuno\n|-damage|p1a: Mew|203/298|[from] item: Life Orb\n|\n|upkeep\n|\n|t:|1733001625\n|switch|p2a: Gouging Fire|Gouging Fire, L74|277/277\n|turn|6\n|inactive|dapookiebear has 270 seconds left.\n|\n|t:|1733001663\n|move|p1a: Mew|Psychic Fangs|p2a: Gouging Fire\n|-damage|p2a: Gouging Fire|70/277\n|-damage|p1a: Mew|174/298|[from] item: Life Orb\n|move|p2a: Gouging Fire|Heat Crash|p1a: Mew\n|-damage|p1a: Mew|66/298\n|\n|upkeep\n|turn|7\n|inactive|dapookiebear has 240 seconds left.\n|\n|t:|1733001711\n|move|p1a: Mew|Psychic Fangs|p2a: Gouging Fire\n|-damage|p2a: Gouging Fire|0 fnt\n|faint|p2a: Gouging Fire\n|-end|p2a: Gouging Fire|Protosynthesis|[silent]\n|-damage|p1a: Mew|37/298|[from] item: Life Orb\n|\n|upkeep\n|\n|t:|1733001718\n|switch|p2a: Keldeo|Keldeo-Resolute, L79|273/273\n|turn|8\n|\n|t:|1733001728\n|move|p2a: Keldeo|Secret Sword|p1a: Mew\n|-resisted|p1a: Mew\n|-damage|p1a: Mew|0 fnt\n|faint|p1a: Mew\n|\n|upkeep\n|\n|t:|1733001744\n|switch|p1a: Appletun|Appletun, L92, M|352/352\n|turn|9\n|\n|t:|1733001754\n|move|p2a: Keldeo|Substitute|p2a: Keldeo\n|-start|p2a: Keldeo|Substitute\n|-damage|p2a: Keldeo|205/273\n|move|p1a: Appletun|Leech Seed||[still]\n|-fail|p1a: Appletun\n|\n|-heal|p2a: Keldeo|222/273|[from] item: Leftovers\n|upkeep\n|turn|10\n|\n|t:|1733001764\n|move|p2a: Keldeo|Calm Mind|p2a: Keldeo\n|-boost|p2a: Keldeo|spa|1\n|-boost|p2a: Keldeo|spd|1\n|move|p1a: Appletun|Apple Acid|p2a: Keldeo\n|-supereffective|p2a: Keldeo\n|-end|p2a: Keldeo|Substitute\n|\n|-heal|p2a: Keldeo|239/273|[from] item: Leftovers\n|upkeep\n|turn|11\n|inactive|dapookiebear has 240 seconds left.\n|\n|t:|1733001783\n|move|p2a: Keldeo|Secret Sword|p1a: Appletun\n|-damage|p1a: Appletun|199/352\n|move|p1a: Appletun|Apple Acid|p2a: Keldeo\n|-supereffective|p2a: Keldeo\n|-damage|p2a: Keldeo|105/273\n|-unboost|p2a: Keldeo|spd|1\n|\n|-heal|p2a: Keldeo|122/273|[from] item: Leftovers\n|-heal|p1a: Appletun|221/352|[from] item: Leftovers\n|upkeep\n|turn|12\n|\n|t:|1733001795\n|move|p2a: Keldeo|Secret Sword|p1a: Appletun\n|-damage|p1a: Appletun|68/352\n|move|p1a: Appletun|Apple Acid|p2a: Keldeo\n|-supereffective|p2a: Keldeo\n|-damage|p2a: Keldeo|0 fnt\n|faint|p2a: Keldeo\n|\n|-heal|p1a: Appletun|90/352|[from] item: Leftovers\n|upkeep\n|\n|t:|1733001811\n|switch|p2a: Houndoom|Houndoom, L87, F|272/272\n|turn|13\n|\n|t:|1733001818\n|switch|p1a: Empoleon|Empoleon, L84, F|278/278\n|move|p2a: Houndoom|Fire Blast|p1a: Empoleon\n|-damage|p1a: Empoleon|163/278\n|\n|-heal|p1a: Empoleon|180/278|[from] item: Leftovers\n|upkeep\n|turn|14\n|\n|t:|1733001830\n|-terastallize|p2a: Houndoom|Dark\n|move|p2a: Houndoom|Nasty Plot|p2a: Houndoom\n|-boost|p2a: Houndoom|spa|2\n|move|p1a: Empoleon|Surf|p2a: Houndoom\n|-damage|p2a: Houndoom|170/272\n|\n|-heal|p1a: Empoleon|197/278|[from] item: Leftovers\n|upkeep\n|turn|15\n|\n|t:|1733001846\n|move|p2a: Houndoom|Fire Blast|p1a: Empoleon\n|-damage|p1a: Empoleon|0 fnt\n|faint|p1a: Empoleon\n|\n|upkeep\n|\n|t:|1733001857\n|switch|p1a: Mesprit|Mesprit, L85|275/275\n|turn|16\n|\n|t:|1733001868\n|move|p2a: Houndoom|Nasty Plot|p2a: Houndoom\n|-boost|p2a: Houndoom|spa|2\n|move|p1a: Mesprit|Knock Off|p2a: Houndoom\n|-resisted|p2a: Houndoom\n|-damage|p2a: Houndoom|120/272\n|-enditem|p2a: Houndoom|Heavy-Duty Boots|[from] move: Knock Off|[of] p1a: Mesprit\n|\n|upkeep\n|turn|17\n|\n|t:|1733001891\n|switch|p1a: Amoonguss|Amoonguss, L82, M|321/321\n|move|p2a: Houndoom|Fire Blast|p1a: Amoonguss\n|-supereffective|p1a: Amoonguss\n|-damage|p1a: Amoonguss|0 fnt\n|faint|p1a: Amoonguss\n|\n|upkeep\n|\n|t:|1733001899\n|switch|p1a: Appletun|Appletun, L92, M|90/352\n|turn|18\n|\n|t:|1733001903\n|move|p2a: Houndoom|Sucker Punch||[still]\n|-fail|p2a: Houndoom\n|move|p1a: Appletun|Leech Seed|p2a: Houndoom\n|-start|p2a: Houndoom|move: Leech Seed\n|\n|-heal|p1a: Appletun|112/352|[from] item: Leftovers\n|-damage|p2a: Houndoom|86/272|[from] Leech Seed|[of] p1a: Appletun\n|-heal|p1a: Appletun|146/352|[silent]\n|upkeep\n|turn|19\n|inactive|dapookiebear has 240 seconds left.\n|\n|t:|1733001912\n|move|p2a: Houndoom|Fire Blast|p1a: Appletun\n|-damage|p1a: Appletun|0 fnt\n|faint|p1a: Appletun\n|\n|upkeep\n|\n|t:|1733001918\n|switch|p1a: Mesprit|Mesprit, L85|275/275\n|turn|20\n|\n|t:|1733001925\n|move|p2a: Houndoom|Fire Blast|p1a: Mesprit\n|-damage|p1a: Mesprit|0 fnt\n|faint|p1a: Mesprit\n|\n|win|dapookiebear\n|l|\u2606Bonnn\n|player|p1|\n", "inputlog": ">version b107d77f5c90bd6555267ae244a6264823309ead\n>start {\"formatid\":\"gen9randombattle\",\"seed\":[23127,64003,60233,64127]}\n>player p1 {\"name\":\"Bonnn\",\"avatar\":\"1\",\"rating\":0,\"seed\":[49382,52979,34180,29943]}\n>player p2 {\"name\":\"dapookiebear\",\"avatar\":\"170\",\"rating\":0,\"seed\":[33643,36778,29179,59127]}\n>p1 switch 4\n>p2 move freezedry\n>p1 move swordsdance\n>p2 move bravebird\n>p1 move gunkshot\n>p2 move bravebird\n>p1 switch 2\n>p1 move swordsdance\n>p2 move freezedry\n>p1 move psychicfangs\n>p2 move bravebird\n>p2 switch 4\n>p1 move psychicfangs\n>p2 move heatcrash\n>p1 move psychicfangs\n>p2 move outrage\n>p2 switch 5\n>p1 move psychicfangs\n>p2 move secretsword\n>p1 switch 4\n>p1 move leechseed\n>p2 move substitute\n>p1 move appleacid\n>p2 move calmmind\n>p1 move appleacid\n>p2 move secretsword\n>p1 move appleacid\n>p2 move secretsword\n>p2 switch 2\n>p1 switch 5\n>p2 move fireblast\n>p1 move surf\n>p2 move nastyplot terastallize\n>p1 move flipturn\n>p2 move fireblast\n>p1 switch 6\n>p1 move knockoff\n>p2 move nastyplot\n>p1 switch 3\n>p2 move fireblast\n>p1 switch 5\n>p1 move leechseed\n>p2 move suckerpunch\n>p1 move recover\n>p2 move fireblast\n>p1 switch 3\n>p1 move encore\n>p2 move fireblast", "uploadtime": 1733001934, "views": 1, "formatid": "gen9randombattle", "rating": null, "private": 0, "password": null}