{"id": "gen9randombattle-2254091825", "format": "[Gen 9] Random Battle", "players": ["milochimilo", "sflightt"], "log": "|j|\u2606milochimilo\n|j|\u2606sflightt\n|t:|1732990242\n|gametype|singles\n|player|p1|milochimilo|clown|1265\n|player|p2|sflightt|dawn|1244\n|teamsize|p1|6\n|teamsize|p2|6\n|gen|9\n|tier|[Gen 9] Random Battle\n|rated|\n|rule|Species Clause: Limit one of each Pok\u00e9mon\n|rule|HP Percentage Mod: HP is shown in percentages\n|rule|Sleep Clause Mod: Limit one foe put to sleep\n|rule|Illusion Level Mod: Illusion disguises the Pok\u00e9mon's true level\n|\n|t:|1732990242\n|start\n|switch|p1a: Lucario|Lucario, L84, M|255/255\n|switch|p2a: Luxray|Luxray, L88, M|284/284\n|-ability|p2a: Luxray|Intimidate|boost\n|-fail|p1a: Lucario|unboost|Attack|[from] ability: Inner Focus|[of] p1a: Lucario\n|turn|1\n|inactive|Battle timer is ON: inactive players will automatically lose when time's up. (requested by milochimilo)\n|\n|t:|1732990258\n|move|p1a: Lucario|Nasty Plot|p1a: Lucario\n|-boost|p1a: Lucario|spa|2\n|move|p2a: Luxray|Volt Switch|p1a: Lucario\n|-damage|p1a: Lucario|153/255\n|\n|t:|1732990260\n|switch|p2a: Sableye|Sableye, L90, M|236/236|[from] Volt Switch\n|\n|upkeep\n|turn|2\n|\n|t:|1732990272\n|move|p2a: Sableye|Encore|p1a: Lucario\n|-start|p1a: Lucario|Encore\n|move|p1a: Lucario|Nasty Plot|p1a: Lucario\n|-boost|p1a: Lucario|spa|2\n|\n|upkeep\n|turn|3\n|\n|t:|1732990291\n|switch|p1a: Skarmory|Skarmory, L80, M|235/235\n|move|p2a: Sableye|Thunder Wave|p1a: Skarmory\n|-status|p1a: Skarmory|par\n|\n|upkeep\n|turn|4\n|inactive|milochimilo has 120 seconds left.\n|\n|t:|1732990326\n|move|p2a: Sableye|Knock Off|p1a: Skarmory\n|-damage|p1a: Skarmory|168/235 par\n|-enditem|p1a: Skarmory|Leftovers|[from] move: Knock Off|[of] p2a: Sableye\n|move|p1a: Skarmory|Brave Bird|p2a: Sableye\n|-damage|p2a: Sableye|131/236\n|-damage|p1a: Skarmory|133/235 par|[from] Recoil\n|\n|-heal|p2a: Sableye|145/236|[from] item: Leftovers\n|upkeep\n|turn|5\n|inactive|milochimilo has 120 seconds left.\n|\n|t:|1732990357\n|switch|p2a: Luxray|Luxray, L88, M|284/284\n|-ability|p2a: Luxray|Intimidate|boost\n|-unboost|p1a: Skarmory|atk|1\n|switch|p1a: Iron Moth|Iron Moth, L78|253/253\n|\n|upkeep\n|turn|6\n|inactive|sflightt has 120 seconds left.\n|\n|t:|1732990374\n|move|p1a: Iron Moth|Morning Sun|p1a: Iron Moth\n|-fail|p1a: Iron Moth|heal\n|move|p2a: Luxray|Volt Switch|p1a: Iron Moth\n|-damage|p1a: Iron Moth|174/253\n|inactive|sflightt has 120 seconds left.\n|\n|t:|1732990383\n|switch|p2a: Sableye|Sableye, L90, M|145/236|[from] Volt Switch\n|\n|-heal|p2a: Sableye|159/236|[from] item: Leftovers\n|upkeep\n|turn|7\n|\n|t:|1732990396\n|move|p2a: Sableye|Encore|p1a: Iron Moth\n|-start|p1a: Iron Moth|Encore\n|move|p1a: Iron Moth|Morning Sun|p1a: Iron Moth\n|-heal|p1a: Iron Moth|253/253\n|\n|-heal|p2a: Sableye|173/236|[from] item: Leftovers\n|upkeep\n|turn|8\n|\n|t:|1732990406\n|-end|p1a: Iron Moth|Quark Drive|[silent]\n|switch|p1a: Vileplume|Vileplume, L86, F|269/269\n|move|p2a: Sableye|Thunder Wave|p1a: Vileplume\n|-status|p1a: Vileplume|par\n|\n|-heal|p2a: Sableye|187/236|[from] item: Leftovers\n|upkeep\n|turn|9\n|\n|t:|1732990428\n|switch|p2a: Tentacruel|Tentacruel, L84, M|272/272\n|switch|p1a: Skarmory|Skarmory, L80, M|133/235 par\n|\n|upkeep\n|turn|10\n|inactive|sflightt has 120 seconds left.\n|\n|t:|1732990449\n|move|p2a: Tentacruel|Surf|p1a: Skarmory\n|-damage|p1a: Skarmory|36/235 par\n|move|p1a: Skarmory|Roost|p1a: Skarmory\n|-heal|p1a: Skarmory|154/235 par\n|-singleturn|p1a: Skarmory|move: Roost\n|\n|upkeep\n|turn|11\n|\n|t:|1732990456\n|move|p2a: Tentacruel|Surf|p1a: Skarmory\n|-damage|p1a: Skarmory|46/235 par\n|move|p1a: Skarmory|Roost|p1a: Skarmory\n|-heal|p1a: Skarmory|164/235 par\n|-singleturn|p1a: Skarmory|move: Roost\n|\n|upkeep\n|turn|12\n|\n|t:|1732990466\n|switch|p2a: Mismagius|Mismagius, L86, M|243/243\n|switch|p1a: Vileplume|Vileplume, L86, F|269/269 par\n|\n|upkeep\n|turn|13\n|\n|t:|1732990477\n|move|p2a: Mismagius|Substitute|p2a: Mismagius\n|-start|p2a: Mismagius|Substitute\n|-damage|p2a: Mismagius|183/243\n|move|p1a: Vileplume|Leech Seed||[still]\n|-fail|p1a: Vileplume\n|\n|-heal|p2a: Mismagius|198/243|[from] item: Leftovers\n|upkeep\n|turn|14\n|\n|t:|1732990497\n|switch|p1a: Iron Moth|Iron Moth, L78|219/219\n|move|p2a: Mismagius|Nasty Plot|p2a: Mismagius\n|-boost|p2a: Mismagius|spa|2\n|\n|-heal|p2a: Mismagius|213/243|[from] item: Leftovers\n|upkeep\n|turn|15\n|\n|t:|1732990521\n|move|p2a: Mismagius|Shadow Ball|p1a: Iron Moth\n|-immune|p1a: Iron Moth\n|move|p1a: Iron Moth|Bitter Malice|p2a: Mismagius\n|-supereffective|p2a: Mismagius\n|-end|p2a: Mismagius|Substitute\n|\n|-heal|p2a: Mismagius|228/243|[from] item: Leftovers\n|upkeep\n|turn|16\n|\n|t:|1732990535\n|-terastallize|p2a: Mismagius|Electric\n|move|p2a: Mismagius|Thunderbolt|p1a: Iron Moth\n|-damage|p1a: Iron Moth|0 fnt\n|replace|p1a: Zoroark|Zoroark-Hisui, L80, M\n|-end|p1a: Zoroark|Illusion\n|-hint|Illusion Level Mod is active, so this Pok\u00e9mon's true level was hidden.\n|faint|p1a: Zoroark\n|\n|-heal|p2a: Mismagius|243/243|[from] item: Leftovers\n|upkeep\n|inactive|milochimilo has 90 seconds left.\n|\n|t:|1732990557\n|switch|p1a: Iron Moth|Iron Moth, L78|253/253\n|turn|17\n|inactive|milochimilo has 90 seconds left.\n|\n|t:|1732990584\n|move|p2a: Mismagius|Shadow Ball|p1a: Iron Moth\n|-damage|p1a: Iron Moth|88/253\n|move|p1a: Iron Moth|Fire Blast|p2a: Mismagius\n|-damage|p2a: Mismagius|122/243\n|-status|p2a: Mismagius|brn\n|\n|-heal|p2a: Mismagius|137/243 brn|[from] item: Leftovers\n|-damage|p2a: Mismagius|122/243 brn|[from] brn\n|upkeep\n|turn|18\n|inactive|milochimilo has 60 seconds left.\n|\n|t:|1732990616\n|-end|p1a: Iron Moth|Quark Drive|[silent]\n|switch|p1a: Vileplume|Vileplume, L86, F|269/269 par\n|move|p2a: Mismagius|Thunderbolt|p1a: Vileplume\n|-resisted|p1a: Vileplume\n|-damage|p1a: Vileplume|171/269 par\n|\n|-heal|p2a: Mismagius|137/243 brn|[from] item: Leftovers\n|-heal|p1a: Vileplume|187/269 par|[from] item: Leftovers\n|-damage|p2a: Mismagius|122/243 brn|[from] brn\n|upkeep\n|turn|19\n|inactive|milochimilo has 60 seconds left.\n|\n|t:|1732990633\n|move|p2a: Mismagius|Substitute|p2a: Mismagius\n|-start|p2a: Mismagius|Substitute\n|-damage|p2a: Mismagius|62/243 brn\n|move|p1a: Vileplume|Giga Drain|p2a: Mismagius\n|-end|p2a: Mismagius|Substitute\n|-heal|p1a: Vileplume|217/269 par|[from] drain|[of] p2a: Mismagius\n|\n|-heal|p2a: Mismagius|77/243 brn|[from] item: Leftovers\n|-heal|p1a: Vileplume|233/269 par|[from] item: Leftovers\n|-damage|p2a: Mismagius|62/243 brn|[from] brn\n|upkeep\n|turn|20\n|\n|t:|1732990637\n|move|p2a: Mismagius|Shadow Ball|p1a: Vileplume\n|-damage|p1a: Vileplume|37/269 par\n|move|p1a: Vileplume|Giga Drain|p2a: Mismagius\n|-damage|p2a: Mismagius|0 fnt\n|-heal|p1a: Vileplume|68/269 par|[from] drain|[of] p2a: Mismagius\n|faint|p2a: Mismagius\n|\n|-heal|p1a: Vileplume|84/269 par|[from] item: Leftovers\n|upkeep\n|\n|t:|1732990651\n|switch|p2a: Chimecho|Chimecho, L94, F|293/293\n|turn|21\n|\n|t:|1732990663\n|move|p2a: Chimecho|Cosmic Power|p2a: Chimecho\n|-boost|p2a: Chimecho|def|1\n|-boost|p2a: Chimecho|spd|1\n|cant|p1a: Vileplume|par\n|\n|-heal|p1a: Vileplume|100/269 par|[from] item: Leftovers\n|upkeep\n|turn|22\n|\n|t:|1732990670\n|move|p2a: Chimecho|Cosmic Power|p2a: Chimecho\n|-boost|p2a: Chimecho|def|1\n|-boost|p2a: Chimecho|spd|1\n|move|p1a: Vileplume|Strength Sap|p2a: Chimecho\n|-unboost|p2a: Chimecho|atk|1\n|-heal|p1a: Vileplume|199/269 par\n|\n|-heal|p1a: Vileplume|215/269 par|[from] item: Leftovers\n|upkeep\n|turn|23\n|\n|t:|1732990678\n|move|p2a: Chimecho|Cosmic Power|p2a: Chimecho\n|-boost|p2a: Chimecho|def|1\n|-boost|p2a: Chimecho|spd|1\n|cant|p1a: Vileplume|par\n|\n|-heal|p1a: Vileplume|231/269 par|[from] item: Leftovers\n|upkeep\n|turn|24\n|\n|t:|1732990689\n|move|p2a: Chimecho|Stored Power|p1a: Vileplume\n|-supereffective|p1a: Vileplume\n|-damage|p1a: Vileplume|0 fnt\n|faint|p1a: Vileplume\n|\n|upkeep\n|\n|t:|1732990716\n|switch|p1a: Iron Moth|Iron Moth, L78|88/253\n|turn|25\n|\n|t:|1732990728\n|move|p1a: Iron Moth|Fire Blast|p2a: Chimecho|[miss]\n|-miss|p1a: Iron Moth|p2a: Chimecho\n|move|p2a: Chimecho|Stored Power|p1a: Iron Moth\n|-supereffective|p1a: Iron Moth\n|-damage|p1a: Iron Moth|0 fnt\n|faint|p1a: Iron Moth\n|-end|p1a: Iron Moth|Quark Drive|[silent]\n|\n|upkeep\n|\n|t:|1732990733\n|switch|p1a: Cloyster|Cloyster, L80, M|211/211\n|turn|26\n|\n|t:|1732990740\n|move|p2a: Chimecho|Cosmic Power|p2a: Chimecho\n|-boost|p2a: Chimecho|def|1\n|-boost|p2a: Chimecho|spd|1\n|move|p1a: Cloyster|Hydro Pump|p2a: Chimecho\n|-damage|p2a: Chimecho|262/293\n|\n|-heal|p2a: Chimecho|280/293|[from] item: Leftovers\n|upkeep\n|turn|27\n|\n|t:|1732990752\n|move|p2a: Chimecho|Cosmic Power|p2a: Chimecho\n|-boost|p2a: Chimecho|def|1\n|-boost|p2a: Chimecho|spd|1\n|move|p1a: Cloyster|Icicle Spear|p2a: Chimecho\n|-damage|p2a: Chimecho|273/293\n|-damage|p2a: Chimecho|266/293\n|-damage|p2a: Chimecho|259/293\n|-damage|p2a: Chimecho|252/293\n|-damage|p2a: Chimecho|245/293\n|-hitcount|p2a: Chimecho|5\n|\n|-heal|p2a: Chimecho|263/293|[from] item: Leftovers\n|upkeep\n|turn|28\n|\n|t:|1732990756\n|move|p2a: Chimecho|Cosmic Power|p2a: Chimecho\n|-boost|p2a: Chimecho|def|1\n|-boost|p2a: Chimecho|spd|1\n|move|p1a: Cloyster|Shell Smash|p1a: Cloyster\n|-unboost|p1a: Cloyster|def|1\n|-unboost|p1a: Cloyster|spd|1\n|-boost|p1a: Cloyster|atk|2\n|-boost|p1a: Cloyster|spa|2\n|-boost|p1a: Cloyster|spe|2\n|-enditem|p1a: Cloyster|White Herb\n|-clearnegativeboost|p1a: Cloyster|[silent]\n|\n|-heal|p2a: Chimecho|281/293|[from] item: Leftovers\n|upkeep\n|turn|29\n|inactive|milochimilo has 90 seconds left.\n|inactive|milochimilo has 60 seconds left.\n|\n|t:|1732990792\n|move|p1a: Cloyster|Icicle Spear|p2a: Chimecho\n|-damage|p2a: Chimecho|269/293\n|-damage|p2a: Chimecho|256/293\n|-damage|p2a: Chimecho|244/293\n|-damage|p2a: Chimecho|232/293\n|-damage|p2a: Chimecho|219/293\n|-hitcount|p2a: Chimecho|5\n|move|p2a: Chimecho|Stored Power|p1a: Cloyster\n|-damage|p1a: Cloyster|0 fnt\n|faint|p1a: Cloyster\n|\n|-heal|p2a: Chimecho|237/293|[from] item: Leftovers\n|upkeep\n|inactive|milochimilo has 60 seconds left.\n|\n|t:|1732990803\n|switch|p1a: Lucario|Lucario, L84, M|153/255\n|turn|30\n|inactive|milochimilo has 60 seconds left.\n|\n|t:|1732990814\n|move|p1a: Lucario|Flash Cannon|p2a: Chimecho\n|-damage|p2a: Chimecho|208/293\n|-damage|p1a: Lucario|128/255|[from] item: Life Orb\n|move|p2a: Chimecho|Recover|p2a: Chimecho\n|-heal|p2a: Chimecho|293/293\n|\n|upkeep\n|turn|31\n|inactive|milochimilo has 60 seconds left.\n|\n|t:|1732990826\n|move|p1a: Lucario|Nasty Plot|p1a: Lucario\n|-boost|p1a: Lucario|spa|2\n|move|p2a: Chimecho|Recover||[still]\n|-fail|p2a: Chimecho|heal\n|\n|upkeep\n|turn|32\n|inactive|milochimilo has 60 seconds left.\n|\n|t:|1732990836\n|move|p1a: Lucario|Nasty Plot|p1a: Lucario\n|-boost|p1a: Lucario|spa|2\n|move|p2a: Chimecho|Stored Power|p1a: Lucario\n|-damage|p1a: Lucario|0 fnt\n|faint|p1a: Lucario\n|\n|upkeep\n|\n|t:|1732990838\n|switch|p1a: Skarmory|Skarmory, L80, M|164/235 par\n|turn|33\n|\n|t:|1732990847\n|move|p2a: Chimecho|Dazzling Gleam|p1a: Skarmory\n|-resisted|p1a: Skarmory\n|-damage|p1a: Skarmory|125/235 par\n|move|p1a: Skarmory|Roost|p1a: Skarmory\n|-heal|p1a: Skarmory|235/235 par\n|-singleturn|p1a: Skarmory|move: Roost\n|\n|upkeep\n|turn|34\n|\n|t:|1732990856\n|move|p2a: Chimecho|Stored Power|p1a: Skarmory\n|-resisted|p1a: Skarmory\n|-damage|p1a: Skarmory|31/235 par\n|move|p1a: Skarmory|Brave Bird|p2a: Chimecho\n|-damage|p2a: Chimecho|268/293\n|-damage|p1a: Skarmory|23/235 par|[from] Recoil\n|\n|-heal|p2a: Chimecho|286/293|[from] item: Leftovers\n|upkeep\n|turn|35\n|\n|t:|1732990878\n|switch|p2a: Sudowoodo|Sudowoodo, L94, M|284/284\n|move|p1a: Skarmory|Brave Bird|p2a: Sudowoodo\n|-resisted|p2a: Sudowoodo\n|-damage|p2a: Sudowoodo|250/284\n|-damage|p1a: Skarmory|12/235 par|[from] Recoil\n|\n|upkeep\n|turn|36\n|inactive|milochimilo has 90 seconds left.\n|\n|t:|1732990891\n|-terastallize|p1a: Skarmory|Fighting\n|move|p2a: Sudowoodo|Sucker Punch|p1a: Skarmory\n|-resisted|p1a: Skarmory\n|-damage|p1a: Skarmory|0 fnt\n|faint|p1a: Skarmory\n|\n|win|sflightt\n|raw|milochimilo's rating: 1265 &rarr; <strong>1238</strong><br />(-27 for losing)\n|raw|sflightt's rating: 1244 &rarr; <strong>1271</strong><br />(+27 for winning)\n|l|\u2606milochimilo\n|player|p1|\n|c|\u2606sflightt|ggwp\n", "inputlog": ">version b107d77f5c90bd6555267ae244a6264823309ead\n>start {\"formatid\":\"gen9randombattle\",\"seed\":[11736,46542,6981,732],\"rated\":\"Rated battle\"}\n>player p1 {\"name\":\"milochimilo\",\"avatar\":\"clown\",\"rating\":1265,\"seed\":[63634,7090,24462,3666]}\n>player p2 {\"name\":\"sflightt\",\"avatar\":\"dawn\",\"rating\":1244,\"seed\":[44757,58924,52096,16005]}\n>p1 move nastyplot\n>p2 move voltswitch\n>p2 switch 6\n>p1 move flashcannon\n>p2 move encore\n>p1 switch 3\n>p2 move thunderwave\n>p1 move bravebird\n>p2 move knockoff\n>p1 switch 2\n>p2 switch 6\n>p1 move morningsun\n>p2 move voltswitch\n>p2 switch 6\n>p1 move sludgewave\n>p2 move encore\n>p1 switch 6\n>p2 move thunderwave\n>p1 switch 2\n>p2 switch 3\n>p1 move roost\n>p2 move surf\n>p1 move roost\n>p2 move surf\n>p1 switch 2\n>p2 switch 4\n>p1 move leechseed\n>p2 move substitute\n>p1 switch 5\n>p2 move nastyplot\n>p1 move bittermalice\n>p2 move shadowball\n>p1 move bittermalice\n>p2 move thunderbolt terastallize\n>p1 switch 6\n>p1 move fireblast\n>p2 move shadowball\n>p1 switch 5\n>p2 move thunderbolt\n>p1 move gigadrain\n>p2 move substitute\n>p1 move gigadrain\n>p2 move shadowball\n>p2 switch 5\n>p1 move strengthsap\n>p2 move cosmicpower\n>p1 move strengthsap\n>p2 move cosmicpower\n>p1 move leechseed\n>p2 move cosmicpower\n>p1 move leechseed\n>p2 move storedpower\n>p1 switch 5\n>p1 move fireblast\n>p2 move storedpower\n>p1 switch 4\n>p1 move hydropump\n>p2 move cosmicpower\n>p1 move iciclespear\n>p2 move cosmicpower\n>p1 move shellsmash\n>p2 move cosmicpower\n>p1 move iciclespear\n>p2 move storedpower\n>p1 switch 3\n>p1 move flashcannon\n>p2 move recover\n>p1 move nastyplot\n>p2 move recover\n>p1 move nastyplot\n>p2 move storedpower\n>p1 switch 2\n>p1 move roost\n>p2 move dazzlinggleam\n>p1 move bravebird\n>p2 move storedpower\n>p1 move bravebird\n>p2 switch 2\n>p1 move bodypress terastallize\n>p2 move suckerpunch", "uploadtime": 1732990902, "views": 2, "formatid": "gen9randombattle", "rating": 1238, "private": 0, "password": null}