{"id": "gen9randombattle-2254108094", "format": "[Gen 9] Random Battle", "players": ["gddrtgcffde", "where they go"], "log": "|j|\u2606gddrtgcffde\n|j|\u2606where they go\n|t:|1732992218\n|gametype|singles\n|player|p1|gddrtgcffde|266|1741\n|player|p2|where they go|unknown|1791\n|teamsize|p1|6\n|teamsize|p2|6\n|gen|9\n|tier|[Gen 9] Random Battle\n|rated|\n|rule|Species Clause: Limit one of each Pok\u00e9mon\n|rule|HP Percentage Mod: HP is shown in percentages\n|rule|Sleep Clause Mod: Limit one foe put to sleep\n|rule|Illusion Level Mod: Illusion disguises the Pok\u00e9mon's true level\n|\n|t:|1732992218\n|start\n|switch|p1a: Spiritomb|Spiritomb, L89, M|234/234\n|switch|p2a: Dudunsparce|Dudunsparce, L83, M|343/343\n|turn|1\n|\n|t:|1732992251\n|switch|p2a: Orthworm|Orthworm, L88, M|266/266\n|move|p1a: Spiritomb|Foul Play|p2a: Orthworm\n|-crit|p2a: Orthworm\n|-damage|p2a: Orthworm|163/266\n|\n|upkeep\n|turn|2\n|\n|t:|1732992276\n|switch|p1a: Kyogre|Kyogre, L71|259/259\n|-weather|RainDance|[from] ability: Drizzle|[of] p1a: Kyogre\n|move|p2a: Orthworm|Spikes|p1a: Kyogre\n|-sidestart|p1: gddrtgcffde|Spikes\n|\n|-weather|RainDance|[upkeep]\n|upkeep\n|turn|3\n|\n|t:|1732992287\n|switch|p2a: Regice|Regice, L88|284/284\n|move|p1a: Kyogre|Calm Mind|p1a: Kyogre\n|-boost|p1a: Kyogre|spa|1\n|-boost|p1a: Kyogre|spd|1\n|\n|-weather|RainDance|[upkeep]\n|upkeep\n|turn|4\n|\n|t:|1732992300\n|move|p1a: Kyogre|Origin Pulse|p2a: Regice\n|-damage|p2a: Regice|157/284\n|move|p2a: Regice|Thunder Wave|p1a: Kyogre\n|-status|p1a: Kyogre|par\n|\n|-weather|RainDance|[upkeep]\n|upkeep\n|turn|5\n|\n|t:|1732992315\n|switch|p2a: Electivire|Electivire, L84, F|263/263\n|move|p1a: Kyogre|Calm Mind|p1a: Kyogre\n|-boost|p1a: Kyogre|spa|1\n|-boost|p1a: Kyogre|spd|1\n|\n|-weather|RainDance|[upkeep]\n|upkeep\n|turn|6\n|\n|t:|1732992324\n|-terastallize|p1a: Kyogre|Electric\n|move|p2a: Electivire|Supercell Slam|p1a: Kyogre\n|-resisted|p1a: Kyogre\n|-crit|p1a: Kyogre\n|-damage|p1a: Kyogre|108/259 par\n|-damage|p2a: Electivire|237/263|[from] item: Life Orb\n|cant|p1a: Kyogre|par\n|\n|-weather|none\n|-heal|p1a: Kyogre|124/259 par|[from] item: Leftovers\n|upkeep\n|turn|7\n|\n|t:|1732992337\n|move|p2a: Electivire|Knock Off|p1a: Kyogre\n|-crit|p1a: Kyogre\n|-damage|p1a: Kyogre|0 fnt\n|-enditem|p1a: Kyogre|Leftovers|[from] move: Knock Off|[of] p2a: Electivire\n|faint|p1a: Kyogre\n|-damage|p2a: Electivire|211/263|[from] item: Life Orb\n|\n|upkeep\n|\n|t:|1732992354\n|switch|p1a: Furret|Furret, L94, F|312/312\n|-damage|p1a: Furret|273/312|[from] Spikes\n|-item|p2a: Electivire|Life Orb|[from] ability: Frisk|[of] p1a: Furret\n|turn|8\n|\n|t:|1732992360\n|switch|p2a: Orthworm|Orthworm, L88, M|163/266\n|move|p1a: Furret|U-turn|p2a: Orthworm\n|-resisted|p2a: Orthworm\n|-damage|p2a: Orthworm|137/266\n|\n|t:|1732992371\n|switch|p1a: Meloetta|Meloetta, L82|298/298|[from] U-turn\n|-damage|p1a: Meloetta|261/298|[from] Spikes\n|\n|upkeep\n|turn|9\n|\n|t:|1732992389\n|move|p1a: Meloetta|Relic Song|p2a: Orthworm\n|-resisted|p2a: Orthworm\n|-damage|p2a: Orthworm|49/266\n|-formechange|p1a: Meloetta|Meloetta-Pirouette|[msg]\n|-damage|p1a: Meloetta|232/298|[from] item: Life Orb\n|move|p2a: Orthworm|Spikes|p1a: Meloetta\n|-sidestart|p1: gddrtgcffde|Spikes\n|\n|upkeep\n|turn|10\n|\n|t:|1732992401\n|move|p1a: Meloetta|Knock Off|p2a: Orthworm\n|-damage|p2a: Orthworm|0 fnt\n|-enditem|p2a: Orthworm|Chesto Berry|[from] move: Knock Off|[of] p1a: Meloetta\n|faint|p2a: Orthworm\n|-damage|p1a: Meloetta|203/298|[from] item: Life Orb\n|\n|upkeep\n|\n|t:|1732992425\n|switch|p2a: Bombirdier|Bombirdier, L85, M|258/258\n|turn|11\n|\n|t:|1732992429\n|move|p1a: Meloetta|Triple Axel|p2a: Bombirdier\n|-supereffective|p2a: Bombirdier\n|-crit|p2a: Bombirdier\n|-damage|p2a: Bombirdier|183/258\n|-supereffective|p2a: Bombirdier\n|-damage|p2a: Bombirdier|100/258\n|-supereffective|p2a: Bombirdier\n|-damage|p2a: Bombirdier|0 fnt\n|faint|p2a: Bombirdier\n|-hitcount|p2: Bombirdier|3\n|-damage|p1a: Meloetta|174/298|[from] item: Life Orb\n|\n|upkeep\n|\n|t:|1732992441\n|switch|p2a: Dudunsparce|Dudunsparce, L83, M|343/343\n|turn|12\n|\n|t:|1732992450\n|-terastallize|p2a: Dudunsparce|Ground\n|move|p1a: Meloetta|Triple Axel|p2a: Dudunsparce\n|-supereffective|p2a: Dudunsparce\n|-damage|p2a: Dudunsparce|294/343\n|-supereffective|p2a: Dudunsparce\n|-damage|p2a: Dudunsparce|203/343\n|-hitcount|p2a: Dudunsparce|2\n|-damage|p1a: Meloetta|145/298|[from] item: Life Orb\n|move|p2a: Dudunsparce|Headbutt|p1a: Meloetta\n|-damage|p1a: Meloetta|70/298\n|\n|-heal|p2a: Dudunsparce|224/343|[from] item: Leftovers\n|upkeep\n|turn|13\n|\n|t:|1732992463\n|move|p1a: Meloetta|Triple Axel|p2a: Dudunsparce\n|-supereffective|p2a: Dudunsparce\n|-damage|p2a: Dudunsparce|177/343\n|-supereffective|p2a: Dudunsparce\n|-damage|p2a: Dudunsparce|86/343\n|-supereffective|p2a: Dudunsparce\n|-damage|p2a: Dudunsparce|0 fnt\n|faint|p2a: Dudunsparce\n|-hitcount|p2: Dudunsparce|3\n|-damage|p1a: Meloetta|41/298|[from] item: Life Orb\n|\n|upkeep\n|\n|t:|1732992466\n|switch|p2a: Regice|Regice, L88|157/284\n|turn|14\n|\n|t:|1732992475\n|move|p1a: Meloetta|Close Combat|p2a: Regice\n|-supereffective|p2a: Regice\n|-damage|p2a: Regice|0 fnt\n|-unboost|p1a: Meloetta|def|1\n|-unboost|p1a: Meloetta|spd|1\n|faint|p2a: Regice\n|-damage|p1a: Meloetta|12/298|[from] item: Life Orb\n|\n|upkeep\n|\n|t:|1732992477\n|switch|p2a: Electivire|Electivire, L84, F|211/263\n|turn|15\n|\n|t:|1732992487\n|move|p1a: Meloetta|Close Combat|p2a: Electivire\n|-damage|p2a: Electivire|0 fnt\n|-unboost|p1a: Meloetta|def|1\n|-unboost|p1a: Meloetta|spd|1\n|faint|p2a: Electivire\n|-damage|p1a: Meloetta|0 fnt|[from] item: Life Orb\n|faint|p1a: Meloetta\n|\n|upkeep\n|\n|t:|1732992499\n|switch|p2a: Frosmoth|Frosmoth, L82, M|249/249\n|switch|p1a: Furret|Furret, L94, F|273/312\n|-damage|p1a: Furret|221/312|[from] Spikes\n|-item|p2a: Frosmoth|Heavy-Duty Boots|[from] ability: Frisk|[of] p1a: Furret\n|turn|16\n|\n|t:|1732992506\n|move|p1a: Furret|Trick|p2a: Frosmoth\n|-activate|p1a: Furret|move: Trick|[of] p2a: Frosmoth\n|-item|p2a: Frosmoth|Choice Band|[from] move: Trick\n|-item|p1a: Furret|Heavy-Duty Boots|[from] move: Trick\n|move|p2a: Frosmoth|Quiver Dance|p2a: Frosmoth\n|-boost|p2a: Frosmoth|spa|1\n|-boost|p2a: Frosmoth|spd|1\n|-boost|p2a: Frosmoth|spe|1\n|\n|upkeep\n|turn|17\n|-message|where they go forfeited.\n|\n|win|gddrtgcffde\n|raw|gddrtgcffde's rating: 1741 &rarr; <strong>1764</strong><br />(+23 for winning)\n|raw|where they go's rating: 1791 &rarr; <strong>1768</strong><br />(-23 for losing)\n|l|\u2606where they go\n|player|p2|\n", "inputlog": ">version b107d77f5c90bd6555267ae244a6264823309ead\n>start {\"formatid\":\"gen9randombattle\",\"seed\":[9534,63730,61368,51055],\"rated\":\"Rated battle\"}\n>player p1 {\"name\":\"gddrtgcffde\",\"avatar\":\"266\",\"rating\":1741,\"seed\":[31285,51620,33674,15058]}\n>player p2 {\"name\":\"where they go\",\"avatar\":\"unknown\",\"rating\":1791,\"seed\":[43744,19247,11772,21097]}\n>p1 move foulplay\n>p2 switch 4\n>p1 switch 6\n>p2 move spikes\n>p1 move calmmind\n>p2 switch 3\n>p1 move originpulse\n>p2 move thunderwave\n>p1 move calmmind\n>p2 switch 2\n>p1 move originpulse terastallize\n>p2 move supercellslam\n>p1 move originpulse\n>p2 move knockoff\n>p1 switch 2\n>p1 move uturn\n>p2 switch 3\n>p1 switch 4\n>p1 move relicsong\n>p2 move spikes\n>p1 move knockoff\n>p2 move heavyslam\n>p2 switch 6\n>p1 move tripleaxel\n>p2 move bravebird\n>p2 switch 4\n>p1 move tripleaxel\n>p2 move headbutt terastallize\n>p1 move tripleaxel\n>p2 move headbutt\n>p2 switch 2\n>p1 move closecombat\n>p2 move icebeam\n>p2 switch 3\n>p1 move closecombat\n>p2 move knockoff\n>p1 switch 4\n>p2 switch 5\n>p1 move trick\n>p2 move quiverdance\n>forcelose p2", "uploadtime": 1732992520, "views": 35, "formatid": "gen9randombattle", "rating": 1764, "private": 0, "password": null}