{"id": "gen9randombattle-2254054846", "format": "[Gen 9] Random Battle", "players": ["freyaknightvgc", "Chains of Markov"], "log": "|j|\u2606freyaknightvgc\n|j|\u2606Chains of Markov\n|t:|1732985572\n|gametype|singles\n|player|p1|freyaknightvgc|grusha|\n|player|p2|Chains of Markov|#wcor2023benelux|\n|teamsize|p1|6\n|teamsize|p2|6\n|gen|9\n|tier|[Gen 9] Random Battle\n|rated|Tournament battle\n|rule|Species Clause: Limit one of each Pok\u00e9mon\n|rule|HP Percentage Mod: HP is shown in percentages\n|rule|Sleep Clause Mod: Limit one foe put to sleep\n|rule|Illusion Level Mod: Illusion disguises the Pok\u00e9mon's true level\n|\n|t:|1732985572\n|start\n|switch|p1a: Darkrai|Darkrai, L77|234/234\n|switch|p2a: Hypno|Hypno, L95, F|315/315\n|turn|1\n|inactive|Battle timer is ON: inactive players will automatically lose when time's up. (requested by Chains of Markov)\n|c|\u2606freyaknightvgc|hf\n|c|\u2606Chains of Markov|u2\n|\n|t:|1732985598\n|move|p1a: Darkrai|Dark Pulse|p2a: Hypno\n|-supereffective|p2a: Hypno\n|-damage|p2a: Hypno|149/315\n|-damage|p1a: Darkrai|211/234|[from] item: Life Orb\n|cant|p2a: Hypno|flinch\n|\n|-heal|p2a: Hypno|168/315|[from] item: Leftovers\n|upkeep\n|turn|2\n|\n|t:|1732985612\n|move|p1a: Darkrai|Dark Pulse|p2a: Hypno\n|-supereffective|p2a: Hypno\n|-damage|p2a: Hypno|9/315\n|-damage|p1a: Darkrai|188/234|[from] item: Life Orb\n|cant|p2a: Hypno|flinch\n|\n|-heal|p2a: Hypno|28/315|[from] item: Leftovers\n|upkeep\n|turn|3\n|c|\u2606Chains of Markov|hm\n|c|\u2606freyaknightvgc|mb\n|c|\u2606Chains of Markov|nw\n|\n|t:|1732985626\n|move|p1a: Darkrai|Dark Pulse|p2a: Hypno\n|-supereffective|p2a: Hypno\n|-damage|p2a: Hypno|0 fnt\n|faint|p2a: Hypno\n|-damage|p1a: Darkrai|165/234|[from] item: Life Orb\n|\n|upkeep\n|\n|t:|1732985646\n|switch|p2a: Tyranitar|Tyranitar, L79, F|288/288\n|-weather|Sandstorm|[from] ability: Sand Stream|[of] p2a: Tyranitar\n|turn|4\n|\n|t:|1732985664\n|switch|p1a: Vileplume|Vileplume, L86, M|269/269\n|move|p2a: Tyranitar|Stone Edge|p1a: Vileplume\n|-damage|p1a: Vileplume|140/269\n|\n|-weather|Sandstorm|[upkeep]\n|-damage|p1a: Vileplume|124/269|[from] Sandstorm\n|-heal|p1a: Vileplume|140/269|[from] item: Leftovers\n|upkeep\n|turn|5\n|\n|t:|1732985677\n|move|p2a: Tyranitar|Knock Off|p1a: Vileplume\n|-damage|p1a: Vileplume|31/269\n|-enditem|p1a: Vileplume|Leftovers|[from] move: Knock Off|[of] p2a: Tyranitar\n|move|p1a: Vileplume|Strength Sap|p2a: Tyranitar\n|-unboost|p2a: Tyranitar|atk|1\n|-heal|p1a: Vileplume|269/269\n|\n|-weather|Sandstorm|[upkeep]\n|-damage|p1a: Vileplume|253/269|[from] Sandstorm\n|upkeep\n|turn|6\n|\n|t:|1732985692\n|switch|p2a: Minior|Minior-Yellow, L79|224/224\n|-formechange|p2a: Minior|Minior-Meteor||[from] ability: Shields Down\n|move|p1a: Vileplume|Sludge Bomb|p2a: Minior\n|-resisted|p2a: Minior\n|-damage|p2a: Minior|191/224\n|\n|-weather|Sandstorm|[upkeep]\n|-damage|p1a: Vileplume|237/269|[from] Sandstorm\n|upkeep\n|turn|7\n|inactive|freyaknightvgc has 120 seconds left.\n|\n|t:|1732985718\n|switch|p1a: Whiscash|Whiscash, L88, M|337/337\n|move|p2a: Minior|Shell Smash|p2a: Minior\n|-unboost|p2a: Minior|def|1\n|-unboost|p2a: Minior|spd|1\n|-boost|p2a: Minior|atk|2\n|-boost|p2a: Minior|spa|2\n|-boost|p2a: Minior|spe|2\n|-enditem|p2a: Minior|White Herb\n|-clearnegativeboost|p2a: Minior|[silent]\n|\n|-weather|Sandstorm|[upkeep]\n|upkeep\n|turn|8\n|inactive|freyaknightvgc has 120 seconds left.\n|inactive|Chains of Markov has 120 seconds left.\n|\n|t:|1732985764\n|move|p2a: Minior|Acrobatics|p1a: Whiscash\n|-damage|p1a: Whiscash|169/337\n|move|p1a: Whiscash|Earthquake|p2a: Minior\n|-immune|p2a: Minior\n|\n|-weather|none\n|upkeep\n|turn|9\n|\n|t:|1732985782\n|-terastallize|p2a: Minior|Water\n|move|p2a: Minior|Shell Smash|p2a: Minior\n|-unboost|p2a: Minior|def|1\n|-unboost|p2a: Minior|spd|1\n|-boost|p2a: Minior|atk|2\n|-boost|p2a: Minior|spa|2\n|-boost|p2a: Minior|spe|2\n|move|p1a: Whiscash|Liquidation|p2a: Minior\n|-resisted|p2a: Minior\n|-crit|p2a: Minior\n|-damage|p2a: Minior|66/224\n|-damage|p1a: Whiscash|136/337|[from] item: Life Orb\n|\n|-formechange|p2a: Minior|Minior-Yellow||[from] ability: Shields Down\n|upkeep\n|turn|10\n|c|\u2606freyaknightvgc|amazing\n|\n|t:|1732985803\n|move|p2a: Minior|Acrobatics|p1a: Whiscash\n|-damage|p1a: Whiscash|0 fnt\n|faint|p1a: Whiscash\n|\n|upkeep\n|\n|t:|1732985810\n|switch|p1a: Rillaboom|Rillaboom, L79, M|288/288\n|-fieldstart|move: Grassy Terrain|[from] ability: Grassy Surge|[of] p1a: Rillaboom\n|turn|11\n|\n|t:|1732985818\n|switch|p2a: Masquerain|Masquerain, L87, F|264/264\n|-ability|p2a: Masquerain|Intimidate|boost\n|-unboost|p1a: Rillaboom|atk|1\n|move|p1a: Rillaboom|Grassy Glide|p2a: Masquerain\n|-resisted|p2a: Masquerain\n|-damage|p2a: Masquerain|237/264\n|\n|upkeep\n|turn|12\n|inactive|Chains of Markov has 120 seconds left.\n|\n|t:|1732985828\n|switch|p1a: Dunsparce|Dunsparce, L86, F|312/312\n|move|p2a: Masquerain|Sticky Web|p1a: Dunsparce\n|-sidestart|p1: freyaknightvgc|move: Sticky Web\n|\n|upkeep\n|turn|13\n|\n|t:|1732985836\n|move|p2a: Masquerain|Stun Spore|p1a: Dunsparce\n|-status|p1a: Dunsparce|par\n|move|p1a: Dunsparce|Body Slam|p2a: Masquerain\n|-damage|p2a: Masquerain|144/264\n|-status|p2a: Masquerain|par\n|\n|upkeep\n|turn|14\n|inactive|freyaknightvgc has 120 seconds left.\n|\n|t:|1732985843\n|move|p2a: Masquerain|Hurricane|p1a: Dunsparce|[miss]\n|-miss|p2a: Masquerain|p1a: Dunsparce\n|move|p1a: Dunsparce|Coil|p1a: Dunsparce\n|-boost|p1a: Dunsparce|atk|1\n|-boost|p1a: Dunsparce|def|1\n|-boost|p1a: Dunsparce|accuracy|1\n|\n|upkeep\n|turn|15\n|\n|t:|1732985845\n|move|p2a: Masquerain|Hurricane|p1a: Dunsparce|[miss]\n|-miss|p2a: Masquerain|p1a: Dunsparce\n|cant|p1a: Dunsparce|par\n|\n|-fieldend|move: Grassy Terrain\n|upkeep\n|turn|16\n|\n|t:|1732985849\n|move|p2a: Masquerain|Hurricane|p1a: Dunsparce|[miss]\n|-miss|p2a: Masquerain|p1a: Dunsparce\n|move|p1a: Dunsparce|Body Slam|p2a: Masquerain\n|-damage|p2a: Masquerain|15/264 par\n|\n|upkeep\n|turn|17\n|c|\u2606freyaknightvgc|oh god\n|\n|t:|1732985859\n|move|p2a: Masquerain|Hurricane|p1a: Dunsparce\n|-damage|p1a: Dunsparce|207/312 par\n|move|p1a: Dunsparce|Body Slam|p2a: Masquerain\n|-damage|p2a: Masquerain|0 fnt\n|faint|p2a: Masquerain\n|\n|upkeep\n|\n|t:|1732985866\n|switch|p2a: Arboliva|Arboliva, L91, F|288/288\n|turn|18\n|\n|t:|1732985887\n|move|p2a: Arboliva|Substitute|p2a: Arboliva\n|-start|p2a: Arboliva|Substitute\n|-damage|p2a: Arboliva|216/288\n|move|p1a: Dunsparce|Body Slam|p2a: Arboliva\n|-end|p2a: Arboliva|Substitute\n|\n|upkeep\n|turn|19\n|\n|t:|1732985898\n|move|p2a: Arboliva|Substitute|p2a: Arboliva\n|-start|p2a: Arboliva|Substitute\n|-damage|p2a: Arboliva|144/288\n|-enditem|p2a: Arboliva|Sitrus Berry|[eat]\n|-heal|p2a: Arboliva|216/288|[from] item: Sitrus Berry\n|cant|p1a: Dunsparce|par\n|\n|upkeep\n|turn|20\n|\n|t:|1732985909\n|move|p2a: Arboliva|Hyper Voice|p1a: Dunsparce\n|-damage|p1a: Dunsparce|104/312 par\n|move|p1a: Dunsparce|Body Slam|p2a: Arboliva\n|-end|p2a: Arboliva|Substitute\n|\n|-item|p2a: Arboliva|Sitrus Berry|[from] ability: Harvest\n|upkeep\n|turn|21\n|\n|t:|1732985915\n|move|p2a: Arboliva|Substitute|p2a: Arboliva\n|-start|p2a: Arboliva|Substitute\n|-damage|p2a: Arboliva|144/288\n|-enditem|p2a: Arboliva|Sitrus Berry|[eat]\n|-heal|p2a: Arboliva|216/288|[from] item: Sitrus Berry\n|cant|p1a: Dunsparce|par\n|\n|upkeep\n|turn|22\n|\n|t:|1732985921\n|move|p2a: Arboliva|Hyper Voice|p1a: Dunsparce\n|-damage|p1a: Dunsparce|0 fnt\n|faint|p1a: Dunsparce\n|\n|upkeep\n|\n|t:|1732985934\n|switch|p1a: Vileplume|Vileplume, L86, M|237/269\n|-activate|p1a: Vileplume|move: Sticky Web\n|-unboost|p1a: Vileplume|spe|1\n|turn|23\n|\n|t:|1732985938\n|move|p2a: Arboliva|Hyper Voice|p1a: Vileplume\n|-damage|p1a: Vileplume|111/269\n|move|p1a: Vileplume|Sludge Bomb|p2a: Arboliva\n|-supereffective|p2a: Arboliva\n|-end|p2a: Arboliva|Substitute\n|\n|-item|p2a: Arboliva|Sitrus Berry|[from] ability: Harvest\n|upkeep\n|turn|24\n|\n|t:|1732985962\n|move|p2a: Arboliva|Hyper Voice|p1a: Vileplume\n|-damage|p1a: Vileplume|0 fnt\n|faint|p1a: Vileplume\n|\n|upkeep\n|inactive|freyaknightvgc has 120 seconds left.\n|\n|t:|1732985978\n|switch|p1a: Okidogi|Okidogi, L77, M|262/262\n|-activate|p1a: Okidogi|move: Sticky Web\n|-unboost|p1a: Okidogi|spe|1\n|turn|25\n|inactive|freyaknightvgc has 120 seconds left.\n|\n|t:|1732986001\n|switch|p2a: Minior|Minior-Yellow, L79, tera:Water|66/224\n|move|p1a: Okidogi|Gunk Shot|p2a: Minior\n|-damage|p2a: Minior|0 fnt\n|faint|p2a: Minior\n|\n|upkeep\n|j|+Lrogue \u2740 \u30a8\u30eb\u30ed\u30fc\u30b0\n|\n|t:|1732986008\n|switch|p2a: Baxcalibur|Baxcalibur, L75, M|296/296\n|turn|26\n|inactive|freyaknightvgc has 120 seconds left.\n|\n|t:|1732986020\n|move|p2a: Baxcalibur|Dragon Dance|p2a: Baxcalibur\n|-boost|p2a: Baxcalibur|atk|1\n|-boost|p2a: Baxcalibur|spe|1\n|move|p1a: Okidogi|Drain Punch|p2a: Baxcalibur\n|-supereffective|p2a: Baxcalibur\n|-damage|p2a: Baxcalibur|132/296\n|\n|upkeep\n|turn|27\n|inactive|freyaknightvgc has 120 seconds left.\n|\n|t:|1732986041\n|move|p2a: Baxcalibur|Earthquake|p1a: Okidogi\n|-supereffective|p1a: Okidogi\n|-damage|p1a: Okidogi|46/262\n|move|p1a: Okidogi|Drain Punch|p2a: Baxcalibur\n|-supereffective|p2a: Baxcalibur\n|-damage|p2a: Baxcalibur|0 fnt\n|-heal|p1a: Okidogi|112/262|[from] drain|[of] p2a: Baxcalibur\n|faint|p2a: Baxcalibur\n|\n|upkeep\n|\n|t:|1732986049\n|switch|p2a: Tyranitar|Tyranitar, L79, F|288/288\n|-weather|Sandstorm|[from] ability: Sand Stream|[of] p2a: Tyranitar\n|turn|28\n|inactive|freyaknightvgc has 120 seconds left.\n|\n|t:|1732986066\n|switch|p1a: Rillaboom|Rillaboom, L79, M|288/288\n|-activate|p1a: Rillaboom|move: Sticky Web\n|-unboost|p1a: Rillaboom|spe|1\n|-fieldstart|move: Grassy Terrain|[from] ability: Grassy Surge|[of] p1a: Rillaboom\n|move|p2a: Tyranitar|Stone Edge|p1a: Rillaboom\n|-damage|p1a: Rillaboom|164/288\n|\n|-weather|Sandstorm|[upkeep]\n|-damage|p1a: Rillaboom|146/288|[from] Sandstorm\n|-heal|p1a: Rillaboom|164/288|[from] Grassy Terrain\n|upkeep\n|turn|29\n|inactive|freyaknightvgc has 120 seconds left.\n|inactive|Chains of Markov has 120 seconds left.\n|\n|t:|1732986093\n|move|p1a: Rillaboom|U-turn|p2a: Tyranitar\n|-supereffective|p2a: Tyranitar\n|-damage|p2a: Tyranitar|154/288\n|\n|t:|1732986097\n|switch|p1a: Darkrai|Darkrai, L77|165/234|[from] U-turn\n|-activate|p1a: Darkrai|move: Sticky Web\n|-unboost|p1a: Darkrai|spe|1\n|move|p2a: Tyranitar|Dragon Tail|p1a: Darkrai\n|-damage|p1a: Darkrai|116/234\n|drag|p1a: Okidogi|Okidogi, L77, M|112/262\n|-activate|p1a: Okidogi|move: Sticky Web\n|-unboost|p1a: Okidogi|spe|1\n|\n|-weather|Sandstorm|[upkeep]\n|-damage|p1a: Okidogi|96/262|[from] Sandstorm\n|-heal|p2a: Tyranitar|172/288|[from] Grassy Terrain\n|-heal|p1a: Okidogi|112/262|[from] Grassy Terrain\n|upkeep\n|turn|30\n|inactive|Chains of Markov has 120 seconds left.\n|\n|t:|1732986112\n|-terastallize|p1a: Okidogi|Dark\n|move|p2a: Tyranitar|Knock Off|p1a: Okidogi\n|-resisted|p1a: Okidogi\n|-damage|p1a: Okidogi|59/262\n|-enditem|p1a: Okidogi|Assault Vest|[from] move: Knock Off|[of] p2a: Tyranitar\n|move|p1a: Okidogi|Drain Punch|p2a: Tyranitar\n|-supereffective|p2a: Tyranitar\n|-damage|p2a: Tyranitar|0 fnt\n|-heal|p1a: Okidogi|145/262|[from] drain|[of] p2a: Tyranitar\n|faint|p2a: Tyranitar\n|\n|-weather|Sandstorm|[upkeep]\n|-damage|p1a: Okidogi|129/262|[from] Sandstorm\n|-heal|p1a: Okidogi|145/262|[from] Grassy Terrain\n|upkeep\n|\n|t:|1732986116\n|switch|p2a: Arboliva|Arboliva, L91, F|216/288\n|turn|31\n|l|+Lrogue \u2740 \u30a8\u30eb\u30ed\u30fc\u30b0\n|\n|t:|1732986128\n|move|p2a: Arboliva|Hyper Voice|p1a: Okidogi\n|-damage|p1a: Okidogi|4/262\n|move|p1a: Okidogi|Drain Punch|p2a: Arboliva\n|-supereffective|p2a: Arboliva\n|-damage|p2a: Arboliva|60/288\n|-heal|p1a: Okidogi|82/262|[from] drain|[of] p2a: Arboliva\n|-status|p2a: Arboliva|tox|[from] ability: Toxic Chain|[of] p1a: Okidogi\n|-enditem|p2a: Arboliva|Sitrus Berry|[eat]\n|-heal|p2a: Arboliva|132/288 tox|[from] item: Sitrus Berry\n|\n|-weather|Sandstorm|[upkeep]\n|-damage|p2a: Arboliva|114/288 tox|[from] Sandstorm\n|-damage|p1a: Okidogi|66/262|[from] Sandstorm\n|-heal|p2a: Arboliva|132/288 tox|[from] Grassy Terrain\n|-heal|p1a: Okidogi|82/262|[from] Grassy Terrain\n|-damage|p2a: Arboliva|114/288 tox|[from] psn\n|-item|p2a: Arboliva|Sitrus Berry|[from] ability: Harvest\n|upkeep\n|-enditem|p2a: Arboliva|Sitrus Berry|[eat]\n|-heal|p2a: Arboliva|186/288 tox|[from] item: Sitrus Berry\n|turn|32\n|c|\u2606Chains of Markov|f\n|c|\u2606Chains of Markov|gg\n|-message|Chains of Markov forfeited.\n|\n|win|freyaknightvgc\n|n|\u2606freyaknightvgc|freyaknightvgc\n|n|\u2606Chains of Markov|chainsofmarkov\n|c|\u2606freyaknightvgc|gg\n|c|\u2606freyaknightvgc|wp, i got lucky\n|l|\u2606Chains of Markov\n|player|p2|\n", "inputlog": ">version b107d77f5c90bd6555267ae244a6264823309ead\n>start {\"formatid\":\"gen9randombattle\",\"seed\":[63365,34611,46055,18328],\"rated\":\"Tournament battle\"}\n>player p1 {\"name\":\"freyaknightvgc\",\"avatar\":\"grusha\",\"rating\":0,\"seed\":[41259,12990,35903,49958]}\n>player p2 {\"name\":\"Chains of Markov\",\"avatar\":\"#wcor2023benelux\",\"rating\":0,\"seed\":[36623,32781,61537,26093]}\n>chat \u2606freyaknightvgc|hf\n>chat \u2606Chains of Markov|u2\n>p1 move darkpulse\n>p2 move thunderwave\n>p1 move darkpulse\n>p2 move thunderwave\n>chat \u2606Chains of Markov|hm\n>chat \u2606freyaknightvgc|mb\n>chat \u2606Chains of Markov|nw\n>p1 move darkpulse\n>p2 move thunderwave\n>p2 switch 4\n>p1 switch 2\n>p2 move stoneedge\n>p1 move strengthsap\n>p2 move knockoff\n>p1 move sludgebomb\n>p2 switch 3\n>p1 switch 6\n>p2 move shellsmash\n>p1 move earthquake\n>p2 move acrobatics\n>p1 move liquidation\n>p2 move shellsmash terastallize\n>chat \u2606freyaknightvgc|amazing\n>p1 move liquidation\n>p2 move acrobatics\n>p1 switch 4\n>p1 move grassyglide\n>p2 switch 5\n>p1 switch 5\n>p2 move stickyweb\n>p1 move bodyslam\n>p2 move stunspore\n>p1 move coil\n>p2 move hurricane\n>p1 move bodyslam\n>p2 move hurricane\n>p1 move bodyslam\n>p2 move hurricane\n>chat \u2606freyaknightvgc|oh god\n>p1 move bodyslam\n>p2 move hurricane\n>p2 switch 2\n>p1 move bodyslam\n>p2 move substitute\n>p1 move bodyslam\n>p2 move substitute\n>p1 move bodyslam\n>p2 move hypervoice\n>p1 move bodyslam\n>p2 move substitute\n>p1 move bodyslam\n>p2 move hypervoice\n>p1 switch 6\n>p1 move sludgebomb\n>p2 move hypervoice\n>p1 move sludgebomb\n>p2 move hypervoice\n>p1 switch 3\n>p1 move gunkshot\n>p2 switch 5\n>p2 switch 6\n>p1 move drainpunch\n>p2 move dragondance\n>p1 move drainpunch\n>p2 move earthquake\n>p2 switch 3\n>p1 switch 5\n>p2 move stoneedge\n>p1 move uturn\n>p2 move dragontail\n>p1 switch 2\n>p1 move drainpunch terastallize\n>p2 move knockoff\n>p2 switch 5\n>p1 move drainpunch\n>p2 move hypervoice\n>chat \u2606Chains of Markov|f\n>chat \u2606Chains of Markov|gg\n>forcelose p2", "uploadtime": 1732986162, "views": 2, "formatid": "gen9randombattle", "rating": null, "private": 0, "password": null}