{"id": "gen9randombattle-2254060984", "format": "[Gen 9] Random Battle", "players": ["betathunder", "CajunSpice38"], "log": "|j|\u2606betathunder\n|j|\u2606CajunSpice38\n|t:|1732986353\n|gametype|singles\n|player|p1|betathunder|#wcor2024usnortheast|\n|player|p2|CajunSpice38|pokefan-gen3|\n|teamsize|p1|6\n|teamsize|p2|6\n|gen|9\n|tier|[Gen 9] Random Battle\n|rated|Tournament battle\n|rule|Species Clause: Limit one of each Pok\u00e9mon\n|rule|HP Percentage Mod: HP is shown in percentages\n|rule|Sleep Clause Mod: Limit one foe put to sleep\n|rule|Illusion Level Mod: Illusion disguises the Pok\u00e9mon's true level\n|\n|t:|1732986353\n|start\n|switch|p1a: Mightyena|Mightyena, L95, F|287/287\n|switch|p2a: Weezing|Weezing, L88, F|258/258\n|-ability|p1a: Mightyena|Intimidate|boost\n|-unboost|p2a: Weezing|atk|1\n|turn|1\n|inactive|Battle timer is ON: inactive players will automatically lose when time's up. (requested by betathunder)\n|c|\u2606CajunSpice38|:OOO\n|c|\u2606CajunSpice38|MIGHTYYY\n|c|\u2606betathunder|gm\n|c|\u2606CajunSpice38|oh my goodness what is that avatar-\n|c|\u2606CajunSpice38|it's beautiful\n|inactive|CajunSpice38 has 120 seconds left.\n|\n|t:|1732986387\n|switch|p1a: Moltres|Moltres, L81|278/278\n|move|p2a: Weezing|Will-O-Wisp|p1a: Moltres\n|-immune|p1a: Moltres\n|\n|upkeep\n|turn|2\n|c|\u2606betathunder|wcor\n|\n|t:|1732986405\n|switch|p2a: Farigiraf|Farigiraf, L91, F|366/366\n|move|p1a: Moltres|Fire Blast|p2a: Farigiraf\n|-damage|p2a: Farigiraf|227/366\n|\n|-heal|p2a: Farigiraf|249/366|[from] item: Leftovers\n|upkeep\n|turn|3\n|\n|t:|1732986415\n|switch|p1a: Mightyena|Mightyena, L95, F|287/287\n|-ability|p1a: Mightyena|Intimidate|boost\n|-unboost|p2a: Farigiraf|atk|1\n|move|p2a: Farigiraf|Hyper Voice|p1a: Mightyena\n|-damage|p1a: Mightyena|188/287\n|\n|-heal|p2a: Farigiraf|271/366|[from] item: Leftovers\n|upkeep\n|turn|4\n|\n|t:|1732986418\n|move|p2a: Farigiraf|Protect|p2a: Farigiraf\n|-singleturn|p2a: Farigiraf|Protect\n|move|p1a: Mightyena|Throat Chop|p2a: Farigiraf\n|-activate|p2a: Farigiraf|move: Protect\n|\n|-heal|p2a: Farigiraf|293/366|[from] item: Leftovers\n|upkeep\n|turn|5\n|j| freyaknightvgc\n|\n|t:|1732986421\n|switch|p2a: Sudowoodo|Sudowoodo, L94, F|284/284\n|move|p1a: Mightyena|Throat Chop|p2a: Sudowoodo\n|-damage|p2a: Sudowoodo|211/284\n|-start|p2a: Sudowoodo|Throat Chop|[silent]\n|\n|-heal|p2a: Sudowoodo|228/284|[from] item: Leftovers\n|upkeep\n|turn|6\n|\n|t:|1732986426\n|switch|p1a: Clawitzer|Clawitzer, L87, F|265/265\n|move|p2a: Sudowoodo|Wood Hammer|p1a: Clawitzer\n|-supereffective|p1a: Clawitzer\n|-damage|p1a: Clawitzer|69/265\n|\n|-heal|p2a: Sudowoodo|245/284|[from] item: Leftovers\n|-end|p2a: Sudowoodo|Throat Chop|[silent]\n|upkeep\n|turn|7\n|inactive|CajunSpice38 has 120 seconds left.\n|\n|t:|1732986456\n|switch|p2a: Shaymin|Shaymin-Sky, L73|266/266\n|move|p1a: Clawitzer|Water Pulse|p2a: Shaymin\n|-resisted|p2a: Shaymin\n|-damage|p2a: Shaymin|184/266\n|-start|p2a: Shaymin|confusion\n|\n|upkeep\n|turn|8\n|\n|t:|1732986481\n|switch|p1a: Muk|Muk, L86, M|321/321\n|-activate|p2a: Shaymin|confusion\n|move|p2a: Shaymin|Air Slash|p1a: Muk\n|-damage|p1a: Muk|251/321\n|\n|upkeep\n|turn|9\n|inactive|CajunSpice38 has 120 seconds left.\n|\n|t:|1732986499\n|switch|p2a: Weezing|Weezing, L88, F|258/258\n|move|p1a: Muk|Knock Off|p2a: Weezing\n|-damage|p2a: Weezing|199/258\n|-enditem|p2a: Weezing|Leftovers|[from] move: Knock Off|[of] p1a: Muk\n|\n|upkeep\n|turn|10\n|j| TheHorrorHare\n|\n|t:|1732986521\n|switch|p1a: Moltres|Moltres, L81|278/278\n|move|p2a: Weezing|Will-O-Wisp|p1a: Moltres\n|-immune|p1a: Moltres\n|\n|upkeep\n|turn|11\n|\n|t:|1732986524\n|move|p1a: Moltres|Brave Bird|p2a: Weezing\n|-damage|p2a: Weezing|106/258\n|-damage|p1a: Moltres|247/278|[from] Recoil\n|move|p2a: Weezing|Pain Split|p1a: Moltres\n|-sethp|p1a: Moltres|176/278|[from] move: Pain Split|[silent]\n|-sethp|p2a: Weezing|176/258|[from] move: Pain Split\n|\n|upkeep\n|turn|12\n|\n|t:|1732986530\n|move|p1a: Moltres|Fire Blast|p2a: Weezing|[miss]\n|-miss|p1a: Moltres|p2a: Weezing\n|move|p2a: Weezing|Sludge Bomb|p1a: Moltres\n|-damage|p1a: Moltres|67/278\n|-status|p1a: Moltres|psn\n|\n|-damage|p1a: Moltres|33/278 psn|[from] psn\n|upkeep\n|turn|13\n|l| TheHorrorHare\n|\n|t:|1732986555\n|switch|p2a: Sudowoodo|Sudowoodo, L94, F|245/284\n|move|p1a: Moltres|Fire Blast|p2a: Sudowoodo|[miss]\n|-miss|p1a: Moltres|p2a: Sudowoodo\n|\n|-heal|p2a: Sudowoodo|262/284|[from] item: Leftovers\n|-damage|p1a: Moltres|0 fnt|[from] psn\n|faint|p1a: Moltres\n|upkeep\n|\n|t:|1732986562\n|switch|p1a: Clawitzer|Clawitzer, L87, F|69/265\n|turn|14\n|\n|t:|1732986567\n|switch|p2a: Farigiraf|Farigiraf, L91, F|293/366\n|move|p1a: Clawitzer|Aura Sphere|p2a: Farigiraf\n|-damage|p2a: Farigiraf|177/366\n|\n|-heal|p2a: Farigiraf|199/366|[from] item: Leftovers\n|upkeep\n|turn|15\n|\n|t:|1732986570\n|move|p2a: Farigiraf|Hyper Voice|p1a: Clawitzer\n|-damage|p1a: Clawitzer|0 fnt\n|faint|p1a: Clawitzer\n|\n|-heal|p2a: Farigiraf|221/366|[from] item: Leftovers\n|upkeep\n|\n|t:|1732986573\n|switch|p1a: Mightyena|Mightyena, L95, F|188/287\n|-ability|p1a: Mightyena|Intimidate|boost\n|-unboost|p2a: Farigiraf|atk|1\n|turn|16\n|\n|t:|1732986577\n|move|p2a: Farigiraf|Protect|p2a: Farigiraf\n|-singleturn|p2a: Farigiraf|Protect\n|move|p1a: Mightyena|Super Fang|p2a: Farigiraf\n|-activate|p2a: Farigiraf|move: Protect\n|\n|-heal|p2a: Farigiraf|243/366|[from] item: Leftovers\n|upkeep\n|turn|17\n|\n|t:|1732986579\n|switch|p2a: Iron Thorns|Iron Thorns, L83|302/302\n|-item|p2a: Iron Thorns|Air Balloon\n|move|p1a: Mightyena|Throat Chop|p2a: Iron Thorns\n|-damage|p2a: Iron Thorns|218/302\n|-start|p2a: Iron Thorns|Throat Chop|[silent]\n|-enditem|p2a: Iron Thorns|Air Balloon\n|\n|upkeep\n|turn|18\n|\n|t:|1732986588\n|move|p1a: Mightyena|Super Fang|p2a: Iron Thorns\n|-damage|p2a: Iron Thorns|109/302\n|move|p2a: Iron Thorns|Stone Edge|p1a: Mightyena\n|-damage|p1a: Mightyena|52/287\n|\n|-end|p2a: Iron Thorns|Throat Chop|[silent]\n|upkeep\n|turn|19\n|\n|t:|1732986594\n|move|p1a: Mightyena|Throat Chop|p2a: Iron Thorns\n|-damage|p2a: Iron Thorns|19/302\n|-start|p2a: Iron Thorns|Throat Chop|[silent]\n|move|p2a: Iron Thorns|Wild Charge|p1a: Mightyena\n|-damage|p1a: Mightyena|0 fnt\n|faint|p1a: Mightyena\n|-damage|p2a: Iron Thorns|6/302|[from] Recoil\n|\n|upkeep\n|\n|t:|1732986597\n|switch|p1a: Furret|Furret, L94, M|312/312\n|turn|20\n|\n|t:|1732986600\n|move|p1a: Furret|U-turn|p2a: Iron Thorns\n|-damage|p2a: Iron Thorns|0 fnt\n|faint|p2a: Iron Thorns\n|-end|p2a: Iron Thorns|Quark Drive|[silent]\n|\n|t:|1732986605\n|switch|p1a: Mienshao|Mienshao, L83, F|243/243|[from] U-turn\n|\n|upkeep\n|\n|t:|1732986612\n|switch|p2a: Shaymin|Shaymin-Sky, L73|184/266\n|turn|21\n|\n|t:|1732986617\n|switch|p2a: Weezing|Weezing, L88, F|176/258\n|switch|p1a: Muk|Muk, L86, M|251/321\n|\n|upkeep\n|turn|22\n|\n|t:|1732986621\n|switch|p1a: Furret|Furret, L94, M|312/312\n|move|p2a: Weezing|Will-O-Wisp|p1a: Furret\n|-status|p1a: Furret|brn\n|\n|-damage|p1a: Furret|293/312 brn|[from] brn\n|upkeep\n|turn|23\n|\n|t:|1732986633\n|switch|p2a: Greedent|Greedent, L86, M|347/347\n|move|p1a: Furret|Trick|p2a: Greedent\n|-activate|p1a: Furret|move: Trick|[of] p2a: Greedent\n|-item|p2a: Greedent|Choice Band|[from] move: Trick\n|-item|p1a: Furret|Sitrus Berry|[from] move: Trick\n|\n|-damage|p1a: Furret|274/312 brn|[from] brn\n|upkeep\n|turn|24\n|\n|t:|1732986639\n|move|p1a: Furret|Knock Off|p2a: Greedent\n|-damage|p2a: Greedent|315/347\n|-enditem|p2a: Greedent|Choice Band|[from] move: Knock Off|[of] p1a: Furret\n|move|p2a: Greedent|Double-Edge|p1a: Furret\n|-damage|p1a: Furret|133/312 brn\n|-enditem|p1a: Furret|Sitrus Berry|[eat]\n|-heal|p1a: Furret|211/312 brn|[from] item: Sitrus Berry\n|-damage|p2a: Greedent|268/347|[from] Recoil\n|\n|-damage|p1a: Furret|192/312 brn|[from] brn\n|upkeep\n|turn|25\n|\n|t:|1732986646\n|move|p1a: Furret|U-turn|p2a: Greedent\n|-damage|p2a: Greedent|243/347\n|\n|t:|1732986647\n|switch|p1a: Mienshao|Mienshao, L83, F|243/243|[from] U-turn\n|move|p2a: Greedent|Swords Dance|p2a: Greedent\n|-boost|p2a: Greedent|atk|2\n|\n|upkeep\n|turn|26\n|\n|t:|1732986659\n|switch|p1a: Furret|Furret, L94, M|192/312 brn\n|-terastallize|p2a: Greedent|Ground\n|move|p2a: Greedent|Earthquake|p1a: Furret\n|-damage|p1a: Furret|0 fnt\n|faint|p1a: Furret\n|\n|upkeep\n|\n|t:|1732986664\n|switch|p1a: Mienshao|Mienshao, L83, F|243/243\n|turn|27\n|\n|t:|1732986668\n|move|p1a: Mienshao|High Jump Kick|p2a: Greedent\n|-damage|p2a: Greedent|0 fnt\n|faint|p2a: Greedent\n|\n|upkeep\n|\n|t:|1732986671\n|switch|p2a: Weezing|Weezing, L88, F|176/258\n|turn|28\n|\n|t:|1732986674\n|-terastallize|p1a: Mienshao|Fighting\n|move|p1a: Mienshao|High Jump Kick|p2a: Weezing\n|-resisted|p2a: Weezing\n|-damage|p2a: Weezing|40/258\n|move|p2a: Weezing|Will-O-Wisp|p1a: Mienshao\n|-status|p1a: Mienshao|brn\n|\n|-damage|p1a: Mienshao|228/243 brn|[from] brn\n|upkeep\n|turn|29\n|\n|t:|1732986680\n|move|p1a: Mienshao|High Jump Kick|p2a: Weezing\n|-resisted|p2a: Weezing\n|-damage|p2a: Weezing|0 fnt\n|faint|p2a: Weezing\n|\n|-damage|p1a: Mienshao|213/243 brn|[from] brn\n|upkeep\n|\n|t:|1732986682\n|switch|p2a: Shaymin|Shaymin-Sky, L73|184/266\n|turn|30\n|\n|t:|1732986687\n|switch|p1a: Muk|Muk, L86, M|251/321\n|move|p2a: Shaymin|Air Slash|p1a: Muk\n|-damage|p1a: Muk|190/321\n|\n|upkeep\n|turn|31\n|\n|t:|1732986689\n|switch|p1a: Mienshao|Mienshao, L83, F, tera:Fighting|213/243 brn\n|move|p2a: Shaymin|Air Slash|p1a: Mienshao\n|-supereffective|p1a: Mienshao\n|-damage|p1a: Mienshao|0 fnt\n|faint|p1a: Mienshao\n|\n|upkeep\n|\n|t:|1732986691\n|switch|p1a: Muk|Muk, L86, M|190/321\n|turn|32\n|\n|t:|1732986693\n|move|p2a: Shaymin|Air Slash|p1a: Muk\n|-damage|p1a: Muk|120/321\n|cant|p1a: Muk|flinch\n|\n|upkeep\n|turn|33\n|\n|t:|1732986695\n|move|p2a: Shaymin|Air Slash|p1a: Muk\n|-damage|p1a: Muk|51/321\n|cant|p1a: Muk|flinch\n|\n|upkeep\n|turn|34\n|\n|t:|1732986697\n|move|p2a: Shaymin|Air Slash|p1a: Muk\n|-damage|p1a: Muk|0 fnt\n|faint|p1a: Muk\n|\n|win|CajunSpice38\n|n|\u2606betathunder|betathunder\n|n|\u2606CajunSpice38|cajunspice38\n|n| freyaknightvgc|freyaknightvgc\n|c|\u2606betathunder|gg\n|c|\u2606CajunSpice38|gg\n|l|\u2606betathunder\n|player|p1|\n", "inputlog": ">version b107d77f5c90bd6555267ae244a6264823309ead\n>start {\"formatid\":\"gen9randombattle\",\"seed\":[1066,38649,11445,55832],\"rated\":\"Tournament battle\"}\n>player p1 {\"name\":\"betathunder\",\"avatar\":\"#wcor2024usnortheast\",\"rating\":0,\"seed\":[13028,13734,6310,21162]}\n>player p2 {\"name\":\"CajunSpice38\",\"avatar\":\"pokefan-gen3\",\"rating\":0,\"seed\":[60034,18343,29572,56898]}\n>chat \u2606CajunSpice38|:OOO\n>chat \u2606CajunSpice38|MIGHTYYY\n>chat \u2606betathunder|gm\n>chat \u2606CajunSpice38|oh my goodness what is that avatar-\n>chat \u2606CajunSpice38|it's beautiful\n>p1 switch 5\n>p2 move willowisp\n>chat \u2606betathunder|wcor\n>p1 move fireblast\n>p2 switch 4\n>p1 switch 5\n>p2 move hypervoice\n>p1 move throatchop\n>p2 move protect\n>p1 move throatchop\n>p2 switch 3\n>p1 switch 3\n>p2 move woodhammer\n>p1 move waterpulse\n>p2 switch 5\n>p1 switch 4\n>p2 move airslash\n>p1 move knockoff\n>p2 switch 4\n>p1 switch 5\n>p2 move willowisp\n>p1 move bravebird\n>p2 move painsplit\n>p1 move fireblast\n>p2 move sludgebomb\n>p1 move fireblast\n>p2 switch 5\n>p1 switch 4\n>p1 move aurasphere\n>p2 switch 3\n>p1 move uturn\n>p2 move hypervoice\n>p1 switch 3\n>p1 move superfang\n>p2 move protect\n>p1 move throatchop\n>p2 switch 2\n>p1 move superfang\n>p2 move stoneedge\n>p1 move throatchop\n>p2 move wildcharge\n>p1 switch 6\n>p1 move uturn\n>p2 move stoneedge\n>p1 switch 2\n>p2 switch 4\n>p1 switch 5\n>p2 switch 5\n>p1 switch 2\n>p2 move willowisp\n>p1 move trick\n>p2 switch 6\n>p1 move knockoff\n>p2 move doubleedge\n>p1 move uturn\n>p2 move swordsdance\n>p1 switch 5\n>p1 switch 5\n>p2 move earthquake terastallize\n>p1 switch 5\n>p1 move highjumpkick\n>p2 move earthquake\n>p2 switch 6\n>p1 move highjumpkick terastallize\n>p2 move willowisp\n>p1 move highjumpkick\n>p2 move painsplit\n>p2 switch 5\n>p1 switch 2\n>p2 move airslash\n>p1 switch 2\n>p2 move airslash\n>p1 switch 2\n>p1 move poisonjab\n>p2 move airslash\n>p1 move poisonjab\n>p2 move airslash\n>p1 move poisonjab\n>p2 move airslash", "uploadtime": 1732986702, "views": 2, "formatid": "gen9randombattle", "rating": null, "private": 0, "password": null}