{"id": "gen9randombattle-2253958798", "format": "[Gen 9] Random Battle", "players": ["Geezpleez1", "Raj25"], "log": "|j|\u2606Geezpleez1\n|j|\u2606Raj25\n|t:|1732971481\n|gametype|singles\n|player|p1|Geezpleez1|265|1164\n|player|p2|Raj25|steven|1153\n|teamsize|p1|6\n|teamsize|p2|6\n|gen|9\n|tier|[Gen 9] Random Battle\n|rated|\n|rule|Species Clause: Limit one of each Pok\u00e9mon\n|rule|HP Percentage Mod: HP is shown in percentages\n|rule|Sleep Clause Mod: Limit one foe put to sleep\n|rule|Illusion Level Mod: Illusion disguises the Pok\u00e9mon's true level\n|\n|t:|1732971481\n|start\n|switch|p1a: Gyarados|Gyarados, L79, F|280/280\n|switch|p2a: Zangoose|Zangoose, L85, M|263/263\n|-ability|p1a: Gyarados|Intimidate|boost\n|-unboost|p2a: Zangoose|atk|1\n|turn|1\n|inactive|Battle timer is ON: inactive players will automatically lose when time's up. (requested by Geezpleez1)\n|\n|t:|1732971496\n|move|p2a: Zangoose|Quick Attack|p1a: Gyarados\n|-damage|p1a: Gyarados|243/280\n|move|p1a: Gyarados|Dragon Dance|p1a: Gyarados\n|-boost|p1a: Gyarados|atk|1\n|-boost|p1a: Gyarados|spe|1\n|\n|-status|p2a: Zangoose|tox|[from] item: Toxic Orb\n|upkeep\n|turn|2\n|\n|t:|1732971519\n|move|p1a: Gyarados|Waterfall|p2a: Zangoose\n|-damage|p2a: Zangoose|79/263 tox\n|move|p2a: Zangoose|Facade|p1a: Gyarados\n|-damage|p1a: Gyarados|41/280\n|\n|-damage|p2a: Zangoose|63/263 tox|[from] psn\n|upkeep\n|turn|3\n|\n|t:|1732971538\n|-terastallize|p2a: Zangoose|Normal\n|move|p2a: Zangoose|Quick Attack|p1a: Gyarados\n|-damage|p1a: Gyarados|0 fnt\n|faint|p1a: Gyarados\n|\n|-damage|p2a: Zangoose|31/263 tox|[from] psn\n|upkeep\n|\n|t:|1732971550\n|switch|p1a: Klawf|Klawf, L90, F|272/272\n|turn|4\n|\n|t:|1732971562\n|move|p2a: Zangoose|Close Combat|p1a: Klawf\n|-supereffective|p1a: Klawf\n|-damage|p1a: Klawf|110/272\n|-unboost|p2a: Zangoose|def|1\n|-unboost|p2a: Zangoose|spd|1\n|move|p1a: Klawf|Stealth Rock|p2a: Zangoose\n|-sidestart|p2: Raj25|move: Stealth Rock\n|\n|-damage|p2a: Zangoose|0 fnt|[from] psn\n|faint|p2a: Zangoose\n|upkeep\n|inactive|Raj25 has 120 seconds left.\n|\n|t:|1732971586\n|switch|p2a: Chesnaught|Chesnaught, L84, F|285/285\n|-damage|p2a: Chesnaught|268/285|[from] Stealth Rock\n|turn|5\n|inactive|Raj25 has 120 seconds left.\n|\n|t:|1732971601\n|move|p1a: Klawf|Knock Off|p2a: Chesnaught\n|-resisted|p2a: Chesnaught\n|-damage|p2a: Chesnaught|226/285\n|-damage|p1a: Klawf|65/272|[from] item: Rocky Helmet|[of] p2a: Chesnaught\n|-enditem|p2a: Chesnaught|Rocky Helmet|[from] move: Knock Off|[of] p1a: Klawf\n|-damage|p1a: Klawf|38/272|[from] item: Life Orb\n|move|p2a: Chesnaught|Body Press|p1a: Klawf\n|-supereffective|p1a: Klawf\n|-damage|p1a: Klawf|0 fnt\n|faint|p1a: Klawf\n|\n|upkeep\n|\n|t:|1732971615\n|switch|p1a: Munkidori|Munkidori, L79, M|269/269\n|turn|6\n|inactive|Raj25 has 120 seconds left.\n|\n|t:|1732971641\n|switch|p2a: Chien-Pao|Chien-Pao, L72|234/234\n|-damage|p2a: Chien-Pao|176/234|[from] Stealth Rock\n|-ability|p2a: Chien-Pao|Sword of Ruin\n|move|p1a: Munkidori|U-turn|p2a: Chien-Pao\n|-supereffective|p2a: Chien-Pao\n|-crit|p2a: Chien-Pao\n|-damage|p2a: Chien-Pao|34/234\n|-status|p2a: Chien-Pao|tox|[from] ability: Toxic Chain|[of] p1a: Munkidori\n|\n|t:|1732971653\n|switch|p1a: Abomasnow|Abomasnow, L85, F|291/291|[from] U-turn\n|-weather|Snow|[from] ability: Snow Warning|[of] p1a: Abomasnow\n|\n|-weather|Snow|[upkeep]\n|-damage|p2a: Chien-Pao|20/234 tox|[from] psn\n|upkeep\n|turn|7\n|inactive|Raj25 has 120 seconds left.\n|\n|t:|1732971664\n|move|p2a: Chien-Pao|Sacred Sword|p1a: Abomasnow\n|-supereffective|p1a: Abomasnow\n|-damage|p1a: Abomasnow|131/291\n|move|p1a: Abomasnow|Aurora Veil|p1a: Abomasnow\n|-sidestart|p1: Geezpleez1|move: Aurora Veil\n|\n|-weather|Snow|[upkeep]\n|-damage|p2a: Chien-Pao|0 fnt|[from] psn\n|faint|p2a: Chien-Pao\n|upkeep\n|inactive|Raj25 has 90 seconds left.\n|\n|t:|1732971711\n|switch|p2a: Volcarona|Volcarona, L77, F|257/257\n|turn|8\n|\n|t:|1732971730\n|switch|p1a: Toucannon|Toucannon, L88, M|284/284\n|move|p2a: Volcarona|Quiver Dance|p2a: Volcarona\n|-boost|p2a: Volcarona|spa|1\n|-boost|p2a: Volcarona|spd|1\n|-boost|p2a: Volcarona|spe|1\n|\n|-weather|Snow|[upkeep]\n|upkeep\n|turn|9\n|\n|t:|1732971752\n|-singleturn|p1a: Toucannon|move: Beak Blast\n|move|p2a: Volcarona|Fire Blast|p1a: Toucannon\n|-crit|p1a: Toucannon\n|-damage|p1a: Toucannon|0 fnt\n|faint|p1a: Toucannon\n|\n|-weather|Snow|[upkeep]\n|upkeep\n|inactive|Geezpleez1 has 120 seconds left.\n|\n|t:|1732971786\n|switch|p1a: Abomasnow|Abomasnow, L85, F|131/291\n|turn|10\n|\n|t:|1732971798\n|-terastallize|p1a: Abomasnow|Water\n|move|p2a: Volcarona|Fire Blast|p1a: Abomasnow\n|-resisted|p1a: Abomasnow\n|-damage|p1a: Abomasnow|84/291\n|-status|p1a: Abomasnow|brn\n|move|p1a: Abomasnow|Earthquake|p2a: Volcarona\n|-damage|p2a: Volcarona|213/257\n|\n|-weather|none\n|-damage|p1a: Abomasnow|66/291 brn|[from] brn\n|upkeep\n|turn|11\n|inactive|Geezpleez1 has 120 seconds left.\n|c|\u2606Geezpleez1|Suck a dick my good friend\n|c|\u2606Geezpleez1|may rng be in your favor in the future\n|inactive|Geezpleez1 has 90 seconds left.\n|-message|Geezpleez1 forfeited.\n|\n|win|Raj25\n", "inputlog": ">version b107d77f5c90bd6555267ae244a6264823309ead\n>start {\"formatid\":\"gen9randombattle\",\"seed\":[57602,48395,1922,3763],\"rated\":\"Rated battle\"}\n>player p1 {\"name\":\"Geezpleez1\",\"avatar\":\"265\",\"rating\":1164,\"seed\":[40336,4111,45844,24016]}\n>player p2 {\"name\":\"Raj25\",\"avatar\":\"steven\",\"rating\":1153,\"seed\":[43963,34632,55367,11647]}\n>p1 move dragondance\n>p2 move quickattack\n>p1 move waterfall\n>p2 move facade\n>p1 move waterfall\n>p2 move quickattack terastallize\n>p1 switch 2\n>p1 move stealthrock\n>p2 move closecombat\n>p2 switch 2\n>p1 move knockoff\n>p2 move bodypress\n>p1 switch 3\n>p1 move uturn\n>p2 switch 4\n>p1 switch 6\n>p1 move auroraveil\n>p2 move sacredsword\n>p2 switch 3\n>p1 switch 5\n>p2 move quiverdance\n>p1 move beakblast\n>p2 move fireblast\n>p1 switch 5\n>p1 move earthquake terastallize\n>p2 move fireblast\n>chat \u2606Geezpleez1|Suck a dick my good friend\n>chat \u2606Geezpleez1| may rng be in your favor in the future\n>forcelose p1", "uploadtime": 1732971822, "views": 9, "formatid": "gen9randombattle", "rating": null, "private": 0, "password": null}