{"id": "gen9randombattle-2254115744", "format": "[Gen 9] Random Battle", "players": ["Edward003", "Oopeli"], "log": "|j|\u2606Edward003\n|j|\u2606Oopeli\n|t:|1732993126\n|gametype|singles\n|player|p1|Edward003|pokemonbreeder-gen4|1665\n|player|p2|Oopeli|drayden|1717\n|teamsize|p1|6\n|teamsize|p2|6\n|gen|9\n|tier|[Gen 9] Random Battle\n|rated|\n|rule|Species Clause: Limit one of each Pok\u00e9mon\n|rule|HP Percentage Mod: HP is shown in percentages\n|rule|Sleep Clause Mod: Limit one foe put to sleep\n|rule|Illusion Level Mod: Illusion disguises the Pok\u00e9mon's true level\n|\n|t:|1732993126\n|start\n|switch|p1a: Ditto|Ditto, L87|225/225\n|switch|p2a: Enamorus|Enamorus-Therian, L83, F|259/259\n|-transform|p1a: Ditto|p2a: Enamorus|[from] ability: Imposter\n|turn|1\n|inactive|Battle timer is ON: inactive players will automatically lose when time's up. (requested by Oopeli)\n|\n|t:|1732993148\n|switch|p1a: Piloswine|Piloswine, L85, M|309/309\n|move|p2a: Enamorus|Moonblast|p1a: Piloswine\n|-damage|p1a: Piloswine|186/309\n|\n|upkeep\n|turn|2\n|\n|t:|1732993164\n|switch|p2a: Keldeo|Keldeo-Resolute, L79|273/273\n|move|p1a: Piloswine|Stealth Rock|p2a: Keldeo\n|-sidestart|p2: Oopeli|move: Stealth Rock\n|\n|upkeep\n|turn|3\n|\n|t:|1732993170\n|switch|p1a: Floatzel|Floatzel, L85, M|283/283\n|move|p2a: Keldeo|Substitute|p2a: Keldeo\n|-start|p2a: Keldeo|Substitute\n|-damage|p2a: Keldeo|205/273\n|\n|-heal|p2a: Keldeo|222/273|[from] item: Leftovers\n|upkeep\n|turn|4\n|\n|t:|1732993200\n|move|p1a: Floatzel|Wave Crash|p2a: Keldeo\n|-resisted|p2a: Keldeo\n|-end|p2a: Keldeo|Substitute\n|-damage|p1a: Floatzel|261/283|[from] Recoil|[of] p2a: Keldeo\n|move|p2a: Keldeo|Secret Sword|p1a: Floatzel\n|-damage|p1a: Floatzel|126/283\n|\n|-heal|p1a: Floatzel|143/283|[from] item: Leftovers\n|-heal|p2a: Keldeo|239/273|[from] item: Leftovers\n|upkeep\n|turn|5\n|\n|t:|1732993208\n|move|p1a: Floatzel|Bulk Up|p1a: Floatzel\n|-boost|p1a: Floatzel|atk|1\n|-boost|p1a: Floatzel|def|1\n|move|p2a: Keldeo|Secret Sword|p1a: Floatzel\n|-damage|p1a: Floatzel|56/283\n|\n|-heal|p1a: Floatzel|73/283|[from] item: Leftovers\n|-heal|p2a: Keldeo|256/273|[from] item: Leftovers\n|upkeep\n|turn|6\n|\n|t:|1732993212\n|move|p1a: Floatzel|Wave Crash|p2a: Keldeo\n|-resisted|p2a: Keldeo\n|-crit|p2a: Keldeo\n|-damage|p2a: Keldeo|93/273\n|-damage|p1a: Floatzel|19/283|[from] Recoil\n|move|p2a: Keldeo|Secret Sword|p1a: Floatzel\n|-damage|p1a: Floatzel|0 fnt\n|faint|p1a: Floatzel\n|\n|-heal|p2a: Keldeo|110/273|[from] item: Leftovers\n|upkeep\n|\n|t:|1732993219\n|switch|p1a: Barraskewda|Barraskewda, L81, M|231/231\n|turn|7\n|inactive|Oopeli has 120 seconds left.\n|\n|t:|1732993253\n|move|p1a: Barraskewda|Close Combat|p2a: Keldeo\n|-damage|p2a: Keldeo|0 fnt\n|-unboost|p1a: Barraskewda|def|1\n|-unboost|p1a: Barraskewda|spd|1\n|faint|p2a: Keldeo\n|\n|upkeep\n|inactive|Oopeli has 120 seconds left.\n|\n|t:|1732993265\n|switch|p2a: Venomoth|Venomoth, L84, F|255/255\n|turn|8\n|\n|t:|1732993271\n|switch|p1a: Piloswine|Piloswine, L85, M|186/309\n|move|p2a: Venomoth|Quiver Dance|p2a: Venomoth\n|-boost|p2a: Venomoth|spa|1\n|-boost|p2a: Venomoth|spd|1\n|-boost|p2a: Venomoth|spe|1\n|\n|upkeep\n|turn|9\n|\n|t:|1732993275\n|move|p2a: Venomoth|Sleep Powder|p1a: Piloswine\n|-status|p1a: Piloswine|slp|[from] move: Sleep Powder\n|cant|p1a: Piloswine|slp\n|\n|upkeep\n|turn|10\n|\n|t:|1732993281\n|switch|p1a: Shiftry|Shiftry, L89, M|305/305\n|move|p2a: Venomoth|Quiver Dance|p2a: Venomoth\n|-boost|p2a: Venomoth|spa|1\n|-boost|p2a: Venomoth|spd|1\n|-boost|p2a: Venomoth|spe|1\n|\n|upkeep\n|turn|11\n|\n|t:|1732993285\n|move|p1a: Shiftry|Sucker Punch|p2a: Venomoth\n|-damage|p2a: Venomoth|111/255\n|-damage|p1a: Shiftry|275/305|[from] item: Life Orb\n|move|p2a: Venomoth|Bug Buzz|p1a: Shiftry\n|-supereffective|p1a: Shiftry\n|-crit|p1a: Shiftry\n|-damage|p1a: Shiftry|0 fnt\n|faint|p1a: Shiftry\n|\n|upkeep\n|\n|t:|1732993288\n|switch|p1a: Ditto|Ditto, L87|225/225\n|-transform|p1a: Ditto|p2a: Venomoth|[from] ability: Imposter\n|turn|12\n|\n|t:|1732993303\n|switch|p2a: Iron Crown|Iron Crown, L79|272/272\n|-damage|p2a: Iron Crown|255/272|[from] Stealth Rock\n|move|p1a: Ditto|Bug Buzz|p2a: Iron Crown\n|-damage|p2a: Iron Crown|99/272\n|\n|-heal|p2a: Iron Crown|116/272|[from] item: Leftovers\n|upkeep\n|turn|13\n|\n|t:|1732993309\n|-end|p2a: Iron Crown|Quark Drive|[silent]\n|switch|p2a: Enamorus|Enamorus-Therian, L83, F|259/259\n|-damage|p2a: Enamorus|195/259|[from] Stealth Rock\n|move|p1a: Ditto|Bug Buzz|p2a: Enamorus\n|-resisted|p2a: Enamorus\n|-damage|p2a: Enamorus|139/259\n|\n|upkeep\n|turn|14\n|\n|t:|1732993316\n|switch|p1a: Barraskewda|Barraskewda, L81, M|231/231\n|move|p2a: Enamorus|Mystical Fire|p1a: Barraskewda\n|-resisted|p1a: Barraskewda\n|-damage|p1a: Barraskewda|182/231\n|-unboost|p1a: Barraskewda|spa|1\n|\n|upkeep\n|turn|15\n|\n|t:|1732993321\n|switch|p2a: Gogoat|Gogoat, L88, F|360/360\n|-damage|p2a: Gogoat|315/360|[from] Stealth Rock\n|move|p1a: Barraskewda|Waterfall|p2a: Gogoat\n|-resisted|p2a: Gogoat\n|-damage|p2a: Gogoat|222/360\n|\n|-heal|p2a: Gogoat|244/360|[from] item: Leftovers\n|upkeep\n|turn|16\n|\n|t:|1732993329\n|switch|p1a: Zacian|Zacian, L69|241/241\n|-ability|p1a: Zacian|Intrepid Sword|boost\n|-boost|p1a: Zacian|atk|1\n|move|p2a: Gogoat|Bulk Up|p2a: Gogoat\n|-boost|p2a: Gogoat|atk|1\n|-boost|p2a: Gogoat|def|1\n|\n|-heal|p2a: Gogoat|266/360|[from] item: Leftovers\n|upkeep\n|turn|17\n|\n|t:|1732993333\n|move|p1a: Zacian|Swords Dance|p1a: Zacian\n|-boost|p1a: Zacian|atk|2\n|move|p2a: Gogoat|Earthquake|p1a: Zacian\n|-damage|p1a: Zacian|117/241\n|\n|-heal|p2a: Gogoat|288/360|[from] item: Leftovers\n|upkeep\n|turn|18\n|\n|t:|1732993341\n|-terastallize|p1a: Zacian|Fighting\n|move|p1a: Zacian|Close Combat|p2a: Gogoat\n|-damage|p2a: Gogoat|11/360\n|-unboost|p1a: Zacian|def|1\n|-unboost|p1a: Zacian|spd|1\n|-damage|p1a: Zacian|93/241|[from] item: Life Orb\n|move|p2a: Gogoat|Horn Leech|p1a: Zacian\n|-damage|p1a: Zacian|0 fnt\n|-heal|p2a: Gogoat|58/360|[from] drain|[of] p1a: Zacian\n|faint|p1a: Zacian\n|\n|-heal|p2a: Gogoat|80/360|[from] item: Leftovers\n|upkeep\n|\n|t:|1732993343\n|switch|p1a: Barraskewda|Barraskewda, L81, M|182/231\n|turn|19\n|\n|t:|1732993362\n|move|p1a: Barraskewda|Close Combat|p2a: Gogoat\n|-damage|p2a: Gogoat|0 fnt\n|-unboost|p1a: Barraskewda|def|1\n|-unboost|p1a: Barraskewda|spd|1\n|faint|p2a: Gogoat\n|\n|upkeep\n|\n|t:|1732993369\n|switch|p2a: Venomoth|Venomoth, L84, F|111/255\n|turn|20\n|\n|t:|1732993380\n|switch|p1a: Piloswine|Piloswine, L85, M|186/309 slp\n|move|p2a: Venomoth|Sleep Powder|p1a: Piloswine|[miss]\n|-miss|p2a: Venomoth|p1a: Piloswine\n|\n|upkeep\n|turn|21\n|\n|t:|1732993388\n|switch|p2a: Komala|Komala, L89, M|260/260\n|-damage|p2a: Komala|228/260|[from] Stealth Rock\n|-ability|p2a: Komala|Comatose\n|cant|p1a: Piloswine|slp\n|\n|upkeep\n|turn|22\n|\n|t:|1732993401\n|move|p2a: Komala|Knock Off|p1a: Piloswine\n|-damage|p1a: Piloswine|124/309 slp\n|-enditem|p1a: Piloswine|Eviolite|[from] move: Knock Off|[of] p2a: Komala\n|-curestatus|p1a: Piloswine|slp|[msg]\n|move|p1a: Piloswine|Earthquake|p2a: Komala\n|-damage|p2a: Komala|96/260\n|\n|upkeep\n|turn|23\n|\n|t:|1732993409\n|switch|p2a: Enamorus|Enamorus-Therian, L83, F|139/259\n|-damage|p2a: Enamorus|75/259|[from] Stealth Rock\n|move|p1a: Piloswine|Icicle Crash|p2a: Enamorus\n|-supereffective|p2a: Enamorus\n|-damage|p2a: Enamorus|0 fnt\n|faint|p2a: Enamorus\n|\n|upkeep\n|\n|t:|1732993414\n|switch|p2a: Iron Crown|Iron Crown, L79|116/272\n|-damage|p2a: Iron Crown|99/272|[from] Stealth Rock\n|turn|24\n|inactive|Edward003 has 120 seconds left.\n|inactive|Edward003 has 90 seconds left.\n|\n|t:|1732993484\n|move|p2a: Iron Crown|Focus Blast|p1a: Piloswine|[miss]\n|-miss|p2a: Iron Crown|p1a: Piloswine\n|move|p1a: Piloswine|Earthquake|p2a: Iron Crown\n|-supereffective|p2a: Iron Crown\n|-damage|p2a: Iron Crown|0 fnt\n|faint|p2a: Iron Crown\n|-end|p2a: Iron Crown|Quark Drive|[silent]\n|\n|upkeep\n|\n|t:|1732993498\n|switch|p2a: Komala|Komala, L89, M|96/260\n|-damage|p2a: Komala|64/260|[from] Stealth Rock\n|-ability|p2a: Komala|Comatose\n|turn|25\n|inactive|Edward003 has 90 seconds left.\n|inactive|Edward003 has 60 seconds left.\n|inactive|Edward003 has 30 seconds left.\n|inactive|Edward003 has 20 seconds left.\n|inactive|Edward003 has 15 seconds left.\n|inactive|Edward003 has 10 seconds left.\n|inactive|Edward003 has 5 seconds left.\n|-message|Edward003 lost due to inactivity.\n|\n|win|Oopeli\n|raw|Edward003's rating: 1665 &rarr; <strong>1648</strong><br />(-17 for losing)\n|raw|Oopeli's rating: 1717 &rarr; <strong>1734</strong><br />(+17 for winning)\n|l|\u2606Oopeli\n|player|p2|\n", "inputlog": ">version b107d77f5c90bd6555267ae244a6264823309ead\n>start {\"formatid\":\"gen9randombattle\",\"seed\":[19844,27318,54145,4318],\"rated\":\"Rated battle\"}\n>player p1 {\"name\":\"Edward003\",\"avatar\":\"pokemonbreeder-gen4\",\"rating\":1665,\"seed\":[42180,7376,49974,51119]}\n>player p2 {\"name\":\"Oopeli\",\"avatar\":\"drayden\",\"rating\":1717,\"seed\":[37687,20893,8273,1297]}\n>p1 switch 6\n>p2 move moonblast\n>p1 move stealthrock\n>p2 switch 3\n>p1 switch 3\n>p2 move substitute\n>p1 move wavecrash\n>p2 move secretsword\n>p1 move bulkup\n>p2 move secretsword\n>p1 move wavecrash\n>p2 move secretsword\n>p1 switch 2\n>p1 move closecombat\n>p2 move secretsword\n>p2 switch 2\n>p1 switch 3\n>p2 move quiverdance\n>p1 move roar\n>p2 move sleeppowder\n>p1 switch 4\n>p2 move quiverdance\n>p1 move suckerpunch\n>p2 move bugbuzz\n>p1 switch 6\n>p1 move bugbuzz\n>p2 switch 6\n>p1 move bugbuzz\n>p2 switch 3\n>p1 switch 3\n>p2 move mysticalfire\n>p1 move waterfall\n>p2 switch 4\n>p1 switch 5\n>p2 move bulkup\n>p1 move swordsdance\n>p2 move earthquake\n>p1 move closecombat terastallize\n>p2 move hornleech\n>p1 switch 5\n>p1 move closecombat\n>p2 move milkdrink\n>p2 switch 6\n>p1 switch 4\n>p2 move sleeppowder\n>p1 move earthquake\n>p2 switch 5\n>p1 move earthquake\n>p2 move knockoff\n>p1 move iciclecrash\n>p2 switch 4\n>p2 switch 3\n>p1 move earthquake\n>p2 move focusblast\n>p2 switch 4\n>forcelose p1", "uploadtime": 1732994263, "views": 1, "formatid": "gen9randombattle", "rating": 1648, "private": 0, "password": null}