{"id": "gen9randombattle-2253829690", "format": "[Gen 9] Random Battle", "players": ["Guest 8596355", "Iththhvrb"], "log": "|j|\u203dGuest 8596355\n|j|\u2606Iththhvrb\n|t:|1732944892\n|gametype|singles\n|player|p1|Guest 8596355|1|1076\n|player|p2|Iththhvrb|265|1079\n|teamsize|p1|6\n|teamsize|p2|6\n|gen|9\n|tier|[Gen 9] Random Battle\n|rated|\n|rule|Species Clause: Limit one of each Pok\u00e9mon\n|rule|HP Percentage Mod: HP is shown in percentages\n|rule|Sleep Clause Mod: Limit one foe put to sleep\n|rule|Illusion Level Mod: Illusion disguises the Pok\u00e9mon's true level\n|\n|t:|1732944892\n|start\n|switch|p1a: Kleavor|Kleavor, L78, F|237/237\n|switch|p2a: Politoed|Politoed, L88, M|302/302\n|-weather|RainDance|[from] ability: Drizzle|[of] p2a: Politoed\n|turn|1\n|\n|t:|1732944898\n|switch|p1a: Sunflora|Sunflora, M|312/312\n|move|p2a: Politoed|Hydro Pump|p1a: Sunflora\n|-resisted|p1a: Sunflora\n|-damage|p1a: Sunflora|233/312\n|\n|-weather|RainDance|[upkeep]\n|upkeep\n|turn|2\n|inactive|Battle timer is ON: inactive players will automatically lose when time's up. (requested by Guest 8596355)\n|\n|t:|1732944911\n|move|p2a: Politoed|Ice Beam|p1a: Sunflora\n|-supereffective|p1a: Sunflora\n|-damage|p1a: Sunflora|115/312\n|move|p1a: Sunflora|Sunny Day|p1a: Sunflora\n|-weather|SunnyDay\n|\n|-weather|SunnyDay|[upkeep]\n|upkeep\n|turn|3\n|\n|t:|1732944934\n|switch|p2a: Pachirisu|Pachirisu, L96, F|271/271\n|move|p1a: Sunflora|Solar Beam||[still]\n|-prepare|p1a: Sunflora|Solar Beam\n|-anim|p1a: Sunflora|Solar Beam|p2a: Pachirisu\n|-damage|p2a: Pachirisu|122/271\n|-damage|p1a: Sunflora|84/312|[from] item: Life Orb\n|\n|-weather|SunnyDay|[upkeep]\n|upkeep\n|turn|4\n|\n|t:|1732944947\n|move|p2a: Pachirisu|U-turn|p1a: Sunflora\n|-supereffective|p1a: Sunflora\n|-damage|p1a: Sunflora|0 fnt\n|faint|p1a: Sunflora\n|\n|t:|1732944950\n|switch|p2a: Politoed|Politoed, L88, M|302/302|[from] U-turn\n|-weather|RainDance|[from] ability: Drizzle|[of] p2a: Politoed\n|\n|-weather|RainDance|[upkeep]\n|upkeep\n|\n|t:|1732944957\n|switch|p1a: Vikavolt|Vikavolt, L83, M|263/263\n|turn|5\n|\n|t:|1732944967\n|move|p2a: Politoed|Hydro Pump|p1a: Vikavolt\n|-damage|p1a: Vikavolt|64/263\n|move|p1a: Vikavolt|Sticky Web|p2a: Politoed\n|-sidestart|p2: Iththhvrb|move: Sticky Web\n|\n|-weather|RainDance|[upkeep]\n|upkeep\n|turn|6\n|\n|t:|1732944993\n|move|p2a: Politoed|Ice Beam|p1a: Vikavolt\n|-damage|p1a: Vikavolt|0 fnt\n|faint|p1a: Vikavolt\n|\n|-weather|RainDance|[upkeep]\n|upkeep\n|\n|t:|1732944996\n|switch|p1a: Minun|Minun, L95, F|268/268\n|turn|7\n|\n|t:|1732945000\n|move|p1a: Minun|Thunderbolt|p2a: Politoed\n|-supereffective|p2a: Politoed\n|-damage|p2a: Politoed|76/302\n|-damage|p1a: Minun|242/268|[from] item: Life Orb\n|move|p2a: Politoed|Hydro Pump|p1a: Minun\n|-damage|p1a: Minun|64/268\n|\n|-weather|RainDance|[upkeep]\n|-heal|p2a: Politoed|94/302|[from] item: Leftovers\n|upkeep\n|turn|8\n|\n|t:|1732945006\n|move|p1a: Minun|Thunderbolt|p2a: Politoed\n|-supereffective|p2a: Politoed\n|-damage|p2a: Politoed|0 fnt\n|faint|p2a: Politoed\n|-damage|p1a: Minun|38/268|[from] item: Life Orb\n|\n|-weather|none\n|upkeep\n|\n|t:|1732945014\n|switch|p2a: Pachirisu|Pachirisu, L96, F|122/271\n|-activate|p2a: Pachirisu|move: Sticky Web\n|-unboost|p2a: Pachirisu|spe|1\n|turn|9\n|\n|t:|1732945033\n|switch|p1a: Kleavor|Kleavor, L78, F|237/237\n|move|p2a: Pachirisu|U-turn|p1a: Kleavor\n|-damage|p1a: Kleavor|200/237\n|\n|t:|1732945044\n|switch|p2a: Jirachi|Jirachi, L80|291/291|[from] U-turn\n|-activate|p2a: Jirachi|move: Sticky Web\n|-unboost|p2a: Jirachi|spe|1\n|\n|upkeep\n|turn|10\n|\n|t:|1732945051\n|move|p1a: Kleavor|Stone Axe|p2a: Jirachi\n|-resisted|p2a: Jirachi\n|-damage|p2a: Jirachi|239/291\n|-sidestart|p2: Iththhvrb|move: Stealth Rock\n|move|p2a: Jirachi|Iron Head|p1a: Kleavor\n|-supereffective|p1a: Kleavor\n|-damage|p1a: Kleavor|42/237\n|\n|-heal|p2a: Jirachi|257/291|[from] item: Leftovers\n|upkeep\n|turn|11\n|\n|t:|1732945060\n|move|p1a: Kleavor|Close Combat|p2a: Jirachi\n|-damage|p2a: Jirachi|171/291\n|-unboost|p1a: Kleavor|def|1\n|-unboost|p1a: Kleavor|spd|1\n|move|p2a: Jirachi|Body Slam|p1a: Kleavor\n|-resisted|p1a: Kleavor\n|-damage|p1a: Kleavor|0 fnt\n|faint|p1a: Kleavor\n|\n|-heal|p2a: Jirachi|189/291|[from] item: Leftovers\n|upkeep\n|\n|t:|1732945073\n|switch|p1a: Okidogi|Okidogi, L77, M|262/262\n|turn|12\n|\n|t:|1732945076\n|-terastallize|p1a: Okidogi|Dark\n|move|p1a: Okidogi|Bulk Up|p1a: Okidogi\n|-boost|p1a: Okidogi|atk|1\n|-boost|p1a: Okidogi|def|1\n|move|p2a: Jirachi|Body Slam|p1a: Okidogi\n|-damage|p1a: Okidogi|231/262\n|-status|p1a: Okidogi|par\n|\n|-heal|p2a: Jirachi|207/291|[from] item: Leftovers\n|-heal|p1a: Okidogi|247/262 par|[from] item: Leftovers\n|upkeep\n|turn|13\n|\n|t:|1732945081\n|switch|p2a: Pachirisu|Pachirisu, L96, F|122/271\n|-activate|p2a: Pachirisu|move: Sticky Web\n|-unboost|p2a: Pachirisu|spe|1\n|-damage|p2a: Pachirisu|89/271|[from] Stealth Rock\n|move|p1a: Okidogi|Knock Off|p2a: Pachirisu\n|-damage|p2a: Pachirisu|0 fnt\n|-enditem|p2a: Pachirisu|Assault Vest|[from] move: Knock Off|[of] p1a: Okidogi\n|faint|p2a: Pachirisu\n|\n|-heal|p1a: Okidogi|262/262 par|[from] item: Leftovers\n|upkeep\n|\n|t:|1732945092\n|switch|p2a: Golurk|Golurk, L87|297/297\n|-activate|p2a: Golurk|move: Sticky Web\n|-unboost|p2a: Golurk|spe|1\n|-damage|p2a: Golurk|279/297|[from] Stealth Rock\n|turn|14\n|\n|t:|1732945106\n|move|p2a: Golurk|Dynamic Punch|p1a: Okidogi\n|-supereffective|p1a: Okidogi\n|-damage|p1a: Okidogi|110/262 par\n|-start|p1a: Okidogi|confusion\n|-activate|p1a: Okidogi|confusion\n|move|p1a: Okidogi|Knock Off|p2a: Golurk\n|-supereffective|p2a: Golurk\n|-damage|p2a: Golurk|0 fnt\n|-enditem|p2a: Golurk|Choice Band|[from] move: Knock Off|[of] p1a: Okidogi\n|faint|p2a: Golurk\n|\n|-heal|p1a: Okidogi|126/262 par|[from] item: Leftovers\n|upkeep\n|\n|t:|1732945115\n|switch|p2a: Pawmot|Pawmot, L80, F|243/243\n|-activate|p2a: Pawmot|move: Sticky Web\n|-unboost|p2a: Pawmot|spe|1\n|-damage|p2a: Pawmot|228/243|[from] Stealth Rock\n|turn|15\n|\n|t:|1732945124\n|move|p2a: Pawmot|Close Combat|p1a: Okidogi\n|-supereffective|p1a: Okidogi\n|-damage|p1a: Okidogi|0 fnt\n|-unboost|p2a: Pawmot|def|1\n|-unboost|p2a: Pawmot|spd|1\n|faint|p1a: Okidogi\n|-damage|p2a: Pawmot|204/243|[from] item: Life Orb\n|\n|upkeep\n|\n|t:|1732945129\n|switch|p1a: Minun|Minun, L95, F|38/268\n|turn|16\n|\n|t:|1732945134\n|switch|p2a: Jirachi|Jirachi, L80|207/291\n|-activate|p2a: Jirachi|move: Sticky Web\n|-unboost|p2a: Jirachi|spe|1\n|-damage|p2a: Jirachi|189/291|[from] Stealth Rock\n|move|p1a: Minun|Thunderbolt|p2a: Jirachi\n|-damage|p2a: Jirachi|72/291\n|-damage|p1a: Minun|12/268|[from] item: Life Orb\n|\n|-heal|p2a: Jirachi|90/291|[from] item: Leftovers\n|upkeep\n|turn|17\n|\n|t:|1732945157\n|move|p1a: Minun|Thunderbolt|p2a: Jirachi\n|-damage|p2a: Jirachi|0 fnt\n|faint|p2a: Jirachi\n|-damage|p1a: Minun|0 fnt|[from] item: Life Orb\n|faint|p1a: Minun\n|\n|upkeep\n|\n|t:|1732945161\n|switch|p1a: Munkidori|Munkidori, L79, M|269/269\n|switch|p2a: Veluza|Veluza, L85, M|292/292\n|-activate|p2a: Veluza|move: Sticky Web\n|-unboost|p2a: Veluza|spe|1\n|-damage|p2a: Veluza|256/292|[from] Stealth Rock\n|turn|18\n|\n|t:|1732945170\n|-terastallize|p2a: Veluza|Dark\n|move|p1a: Munkidori|Fake Out|p2a: Veluza\n|-damage|p2a: Veluza|230/292\n|cant|p2a: Veluza|flinch\n|\n|upkeep\n|turn|19\n|\n|t:|1732945176\n|move|p1a: Munkidori|U-turn|p2a: Veluza\n|-supereffective|p2a: Veluza\n|-damage|p2a: Veluza|142/292\n|-enditem|p2a: Veluza|Sitrus Berry|[eat]\n|-heal|p2a: Veluza|215/292|[from] item: Sitrus Berry\n|move|p2a: Veluza|Night Slash|p1a: Munkidori\n|-supereffective|p1a: Munkidori\n|-damage|p1a: Munkidori|0 fnt\n|faint|p1a: Munkidori\n|\n|win|Iththhvrb\n|raw|Guest 8596355's rating: 1076 &rarr; <strong>1055</strong><br />(-21 for losing)\n|raw|Iththhvrb's rating: 1079 &rarr; <strong>1107</strong><br />(+28 for winning)\n|l|\u203dGuest 8596355\n|player|p1|\n", "inputlog": ">version b107d77f5c90bd6555267ae244a6264823309ead\n>start {\"formatid\":\"gen9randombattle\",\"seed\":[22743,27371,23582,11446],\"rated\":\"Rated battle\"}\n>player p1 {\"name\":\"Guest 8596355\",\"avatar\":\"1\",\"rating\":1076,\"seed\":[30256,60395,31605,18336]}\n>player p2 {\"name\":\"Iththhvrb\",\"avatar\":\"265\",\"rating\":1079,\"seed\":[45376,12592,41776,24050]}\n>p1 switch 3\n>p2 move hydropump\n>p1 move sunnyday\n>p2 move icebeam\n>p1 move solarbeam\n>p2 switch 5\n>p1 move earthpower\n>p2 move uturn\n>p2 switch 5\n>p1 switch 2\n>p1 move stickyweb\n>p2 move hydropump\n>p1 move discharge\n>p2 move icebeam\n>p1 switch 5\n>p1 move thunderbolt\n>p2 move hydropump\n>p1 move thunderbolt\n>p2 move icebeam\n>p2 switch 5\n>p1 switch 3\n>p2 move uturn\n>p2 switch 2\n>p1 move stoneaxe\n>p2 move ironhead\n>p1 move closecombat\n>p2 move bodyslam\n>p1 switch 4\n>p1 move bulkup terastallize\n>p2 move bodyslam\n>p1 move knockoff\n>p2 switch 2\n>p2 switch 6\n>p1 move knockoff\n>p2 move dynamicpunch\n>p2 switch 4\n>p1 move drainpunch\n>p2 move closecombat\n>p1 switch 3\n>p1 move thunderbolt\n>p2 switch 2\n>p1 move thunderbolt\n>p2 move wish\n>p1 switch 6\n>p2 switch 3\n>p1 move fakeout\n>p2 move nightslash terastallize\n>p1 move uturn\n>p2 move nightslash", "uploadtime": 1732945180, "views": 1, "formatid": "gen9randombattle", "rating": 1055, "private": 0, "password": null}