{"id": "gen9randombattle-2253982497", "format": "[Gen 9] Random Battle", "players": ["Ehnarchy", "ananananji"], "log": "|j|\u2606Ehnarchy\n|j|\u2606ananananji\n|t:|1732975427\n|gametype|singles\n|player|p1|Ehnarchy|guitarist|2146\n|player|p2|ananananji|102|2192\n|teamsize|p1|6\n|teamsize|p2|6\n|gen|9\n|tier|[Gen 9] Random Battle\n|rated|\n|rule|Species Clause: Limit one of each Pok\u00e9mon\n|rule|HP Percentage Mod: HP is shown in percentages\n|rule|Sleep Clause Mod: Limit one foe put to sleep\n|rule|Illusion Level Mod: Illusion disguises the Pok\u00e9mon's true level\n|\n|t:|1732975427\n|start\n|switch|p1a: Rampardos|Rampardos, L90, F|321/321\n|switch|p2a: Klawf|Klawf, L90, F|272/272\n|turn|1\n|inactive|Battle timer is ON: inactive players will automatically lose when time's up. (requested by ananananji)\n|\n|t:|1732975438\n|move|p1a: Rampardos|Head Smash|p2a: Klawf\n|-damage|p2a: Klawf|47/272\n|-damage|p1a: Rampardos|208/321|[from] Recoil\n|-ability|p2a: Klawf|Anger Shell|boost\n|-boost|p2a: Klawf|atk|1\n|-boost|p2a: Klawf|spa|1\n|-boost|p2a: Klawf|spe|1\n|-unboost|p2a: Klawf|def|1\n|-unboost|p2a: Klawf|spd|1\n|move|p2a: Klawf|Swords Dance|p2a: Klawf\n|-boost|p2a: Klawf|atk|2\n|\n|upkeep\n|turn|2\n|\n|t:|1732975445\n|move|p2a: Klawf|High Horsepower|p1a: Rampardos\n|-supereffective|p1a: Rampardos\n|-damage|p1a: Rampardos|0 fnt\n|faint|p1a: Rampardos\n|\n|upkeep\n|\n|t:|1732975453\n|switch|p1a: Girafarig|Girafarig, L89, F|269/269\n|turn|3\n|\n|t:|1732975458\n|move|p2a: Klawf|Stone Edge|p1a: Girafarig|[miss]\n|-miss|p2a: Klawf|p1a: Girafarig\n|move|p1a: Girafarig|Hyper Voice|p2a: Klawf\n|-resisted|p2a: Klawf\n|-damage|p2a: Klawf|0 fnt\n|faint|p2a: Klawf\n|\n|upkeep\n|\n|t:|1732975463\n|switch|p2a: Goodra|Goodra, L85, F|292/292\n|turn|4\n|\n|t:|1732975468\n|move|p1a: Girafarig|Nasty Plot|p1a: Girafarig\n|-boost|p1a: Girafarig|spa|2\n|move|p2a: Goodra|Knock Off|p1a: Girafarig\n|-supereffective|p1a: Girafarig\n|-damage|p1a: Girafarig|143/269\n|-enditem|p1a: Girafarig|Eviolite|[from] move: Knock Off|[of] p2a: Goodra\n|\n|upkeep\n|turn|5\n|\n|t:|1732975484\n|move|p1a: Girafarig|Psyshock|p2a: Goodra\n|-damage|p2a: Goodra|67/292\n|move|p2a: Goodra|Knock Off|p1a: Girafarig\n|-supereffective|p1a: Girafarig\n|-damage|p1a: Girafarig|33/269\n|\n|upkeep\n|turn|6\n|\n|t:|1732975490\n|move|p1a: Girafarig|Hyper Voice|p2a: Goodra\n|-damage|p2a: Goodra|0 fnt\n|faint|p2a: Goodra\n|\n|upkeep\n|\n|t:|1732975498\n|switch|p2a: Ludicolo|Ludicolo, L90, M|290/290\n|turn|7\n|\n|t:|1732975502\n|move|p1a: Girafarig|Hyper Voice|p2a: Ludicolo\n|-damage|p2a: Ludicolo|121/290\n|move|p2a: Ludicolo|Rain Dance|p2a: Ludicolo\n|-weather|RainDance\n|\n|-weather|RainDance|[upkeep]\n|upkeep\n|turn|8\n|\n|t:|1732975506\n|switch|p1a: Regice|Regice, L88|284/284\n|move|p2a: Ludicolo|Ice Beam|p1a: Regice\n|-resisted|p1a: Regice\n|-damage|p1a: Regice|262/284\n|-damage|p2a: Ludicolo|92/290|[from] item: Life Orb\n|\n|-weather|RainDance|[upkeep]\n|upkeep\n|turn|9\n|\n|t:|1732975511\n|move|p2a: Ludicolo|Hydro Pump|p1a: Regice\n|-damage|p1a: Regice|149/284\n|-damage|p2a: Ludicolo|63/290|[from] item: Life Orb\n|move|p1a: Regice|Ice Beam|p2a: Ludicolo\n|-damage|p2a: Ludicolo|0 fnt\n|faint|p2a: Ludicolo\n|\n|-weather|RainDance|[upkeep]\n|upkeep\n|\n|t:|1732975516\n|switch|p2a: Ariados|Ariados, L95, F|287/287\n|turn|10\n|\n|t:|1732975521\n|switch|p1a: Girafarig|Girafarig, L89, F|33/269\n|move|p2a: Ariados|Sticky Web|p1a: Girafarig\n|-sidestart|p1: Ehnarchy|move: Sticky Web\n|\n|-weather|RainDance|[upkeep]\n|upkeep\n|turn|11\n|\n|t:|1732975525\n|move|p1a: Girafarig|Psyshock|p2a: Ariados\n|-supereffective|p2a: Ariados\n|-damage|p2a: Ariados|111/287\n|move|p2a: Ariados|Knock Off|p1a: Girafarig\n|-supereffective|p1a: Girafarig\n|-crit|p1a: Girafarig\n|-damage|p1a: Girafarig|0 fnt\n|faint|p1a: Girafarig\n|\n|-weather|none\n|upkeep\n|\n|t:|1732975535\n|switch|p1a: Regice|Regice, L88|149/284\n|turn|12\n|\n|t:|1732975542\n|move|p1a: Regice|Ice Beam|p2a: Ariados\n|-crit|p2a: Ariados\n|-damage|p2a: Ariados|0 fnt\n|faint|p2a: Ariados\n|\n|upkeep\n|\n|t:|1732975544\n|switch|p2a: Minior|Minior-Violet, L79|224/224\n|-formechange|p2a: Minior|Minior-Meteor||[from] ability: Shields Down\n|turn|13\n|\n|t:|1732975548\n|move|p2a: Minior|Shell Smash|p2a: Minior\n|-unboost|p2a: Minior|def|1\n|-unboost|p2a: Minior|spd|1\n|-boost|p2a: Minior|atk|2\n|-boost|p2a: Minior|spa|2\n|-boost|p2a: Minior|spe|2\n|-enditem|p2a: Minior|White Herb\n|-clearnegativeboost|p2a: Minior|[silent]\n|move|p1a: Regice|Ice Beam|p2a: Minior\n|-supereffective|p2a: Minior\n|-damage|p2a: Minior|18/224\n|\n|-formechange|p2a: Minior|Minior-Violet||[from] ability: Shields Down\n|upkeep\n|turn|14\n|\n|t:|1732975561\n|move|p2a: Minior|Power Gem|p1a: Regice\n|-supereffective|p1a: Regice\n|-damage|p1a: Regice|11/284\n|move|p1a: Regice|Thunderbolt|p2a: Minior\n|-supereffective|p2a: Minior\n|-damage|p2a: Minior|0 fnt\n|faint|p2a: Minior\n|\n|upkeep\n|\n|t:|1732975564\n|switch|p2a: Eiscue|Eiscue, L88, M|272/272\n|turn|15\n|\n|t:|1732975568\n|move|p2a: Eiscue|Ice Spinner|p1a: Regice\n|-resisted|p1a: Regice\n|-damage|p1a: Regice|0 fnt\n|faint|p1a: Regice\n|\n|upkeep\n|\n|t:|1732975575\n|switch|p1a: Pachirisu|Pachirisu, L96, F|271/271\n|-activate|p1a: Pachirisu|move: Sticky Web\n|-unboost|p1a: Pachirisu|spe|1\n|turn|16\n|\n|t:|1732975581\n|move|p1a: Pachirisu|Nuzzle|p2a: Eiscue\n|-activate|p2a: Eiscue|ability: Ice Face\n|-damage|p2a: Eiscue|272/272\n|-status|p2a: Eiscue|par\n|detailschange|p2a: Eiscue|Eiscue-Noice, L88, M\n|move|p2a: Eiscue|Belly Drum|p2a: Eiscue\n|-damage|p2a: Eiscue|136/272 par\n|-setboost|p2a: Eiscue|atk|6|[from] move: Belly Drum\n|\n|upkeep\n|turn|17\n|\n|t:|1732975589\n|move|p1a: Pachirisu|Thunderbolt|p2a: Eiscue\n|-damage|p2a: Eiscue|28/272 par\n|-enditem|p2a: Eiscue|Salac Berry|[eat]\n|-boost|p2a: Eiscue|spe|1|[from] item: Salac Berry\n|move|p2a: Eiscue|Ice Spinner|p1a: Pachirisu\n|-damage|p1a: Pachirisu|0 fnt\n|faint|p1a: Pachirisu\n|\n|upkeep\n|\n|t:|1732975593\n|switch|p1a: Mienshao|Mienshao, L83, F|243/243\n|-activate|p1a: Mienshao|move: Sticky Web\n|-unboost|p1a: Mienshao|spe|1\n|turn|18\n|\n|t:|1732975596\n|move|p2a: Eiscue|Ice Spinner|p1a: Mienshao\n|-damage|p1a: Mienshao|0 fnt\n|faint|p1a: Mienshao\n|\n|upkeep\n|\n|t:|1732975598\n|switch|p1a: Electivire|Electivire, L84, F|263/263\n|-activate|p1a: Electivire|move: Sticky Web\n|-unboost|p1a: Electivire|spe|1\n|turn|19\n|\n|t:|1732975600\n|cant|p2a: Eiscue|par\n|move|p1a: Electivire|Earthquake|p2a: Eiscue\n|-damage|p2a: Eiscue|0 fnt\n|faint|p2a: Eiscue\n|-damage|p1a: Electivire|237/263|[from] item: Life Orb\n|\n|win|Ehnarchy\n|raw|Ehnarchy's rating: 2146 &rarr; <strong>2169</strong><br />(+23 for winning)\n|raw|ananananji's rating: 2192 &rarr; <strong>2169</strong><br />(-23 for losing)\n", "inputlog": ">version b107d77f5c90bd6555267ae244a6264823309ead\n>start {\"formatid\":\"gen9randombattle\",\"seed\":[18208,45820,47909,59531],\"rated\":\"Rated battle\"}\n>player p1 {\"name\":\"Ehnarchy\",\"avatar\":\"guitarist\",\"rating\":2146,\"seed\":[850,35272,15135,56567]}\n>player p2 {\"name\":\"ananananji\",\"avatar\":\"102\",\"rating\":2192,\"seed\":[27990,20260,32819,50791]}\n>p1 move headsmash\n>p2 move swordsdance\n>p1 move headsmash\n>p2 move highhorsepower\n>p1 switch 5\n>p1 move hypervoice\n>p2 move stoneedge\n>p2 switch 2\n>p1 move nastyplot\n>p2 move knockoff\n>p1 move psyshock\n>p2 move knockoff\n>p1 move hypervoice\n>p2 move dracometeor\n>p2 switch 6\n>p1 move hypervoice\n>p2 move raindance\n>p1 switch 3\n>p2 move icebeam\n>p1 move icebeam\n>p2 move hydropump\n>p2 switch 5\n>p1 switch 3\n>p2 move stickyweb\n>p1 move psyshock\n>p2 move knockoff\n>p1 switch 3\n>p1 move icebeam\n>p2 move poisonjab\n>p2 switch 4\n>p1 move icebeam\n>p2 move shellsmash\n>p1 move thunderbolt\n>p2 move powergem\n>p2 switch 3\n>p1 move thunderwave\n>p2 move icespinner\n>p1 switch 4\n>p1 move nuzzle\n>p2 move bellydrum\n>p1 move thunderbolt\n>p2 move icespinner\n>p1 switch 2\n>p1 move knockoff\n>p2 move icespinner\n>p1 switch 6\n>p1 move earthquake\n>p2 move icespinner", "uploadtime": 1732975602, "views": 1, "formatid": "gen9randombattle", "rating": 2169, "private": 0, "password": null}