{"id": "gen9randombattle-2254112178", "format": "[Gen 9] Random Battle", "players": ["rainhy", "drunk landowner"], "log": "|j|\u2606rainhy\n|j|\u2606drunk landowner\n|t:|1732992702\n|gametype|singles\n|player|p1|rainhy|lady|2156\n|player|p2|drunk landowner|scientist-gen1|2263\n|teamsize|p1|6\n|teamsize|p2|6\n|gen|9\n|tier|[Gen 9] Random Battle\n|rated|\n|rule|Species Clause: Limit one of each Pok\u00e9mon\n|rule|HP Percentage Mod: HP is shown in percentages\n|rule|Sleep Clause Mod: Limit one foe put to sleep\n|rule|Illusion Level Mod: Illusion disguises the Pok\u00e9mon's true level\n|\n|t:|1732992702\n|start\n|switch|p1a: Bastiodon|Bastiodon, L89, M|252/252\n|switch|p2a: Golem|Golem, L87, F|281/281\n|turn|1\n|inactive|Battle timer is ON: inactive players will automatically lose when time's up. (requested by rainhy)\n|\n|t:|1732992722\n|switch|p1a: Whimsicott|Whimsicott, L85, M|241/241\n|move|p2a: Golem|Stealth Rock|p1a: Whimsicott\n|-sidestart|p1: rainhy|move: Stealth Rock\n|\n|upkeep\n|turn|2\n|\n|t:|1732992740\n|switch|p2a: Bronzong|Bronzong, L88|261/261\n|move|p1a: Whimsicott|Substitute|p1a: Whimsicott\n|-start|p1a: Whimsicott|Substitute\n|-damage|p1a: Whimsicott|181/241\n|\n|-heal|p1a: Whimsicott|196/241|[from] item: Leftovers\n|upkeep\n|turn|3\n|\n|t:|1732992749\n|move|p1a: Whimsicott|Leech Seed|p2a: Bronzong\n|-start|p2a: Bronzong|move: Leech Seed\n|move|p2a: Bronzong|Iron Head|p1a: Whimsicott\n|-supereffective|p1a: Whimsicott\n|-end|p1a: Whimsicott|Substitute\n|\n|-heal|p1a: Whimsicott|211/241|[from] item: Leftovers\n|-damage|p2a: Bronzong|229/261|[from] Leech Seed|[of] p1a: Whimsicott\n|-heal|p1a: Whimsicott|241/241|[silent]\n|upkeep\n|turn|4\n|\n|t:|1732992770\n|move|p1a: Whimsicott|Substitute|p1a: Whimsicott\n|-start|p1a: Whimsicott|Substitute\n|-damage|p1a: Whimsicott|181/241\n|move|p2a: Bronzong|Iron Head|p1a: Whimsicott\n|-supereffective|p1a: Whimsicott\n|-end|p1a: Whimsicott|Substitute\n|\n|-heal|p1a: Whimsicott|196/241|[from] item: Leftovers\n|-heal|p2a: Bronzong|245/261|[from] item: Leftovers\n|-damage|p2a: Bronzong|213/261|[from] Leech Seed|[of] p1a: Whimsicott\n|-heal|p1a: Whimsicott|228/241|[silent]\n|upkeep\n|turn|5\n|\n|t:|1732992777\n|move|p1a: Whimsicott|Substitute|p1a: Whimsicott\n|-start|p1a: Whimsicott|Substitute\n|-damage|p1a: Whimsicott|168/241\n|move|p2a: Bronzong|Iron Head|p1a: Whimsicott\n|-supereffective|p1a: Whimsicott\n|-end|p1a: Whimsicott|Substitute\n|\n|-heal|p1a: Whimsicott|183/241|[from] item: Leftovers\n|-heal|p2a: Bronzong|229/261|[from] item: Leftovers\n|-damage|p2a: Bronzong|197/261|[from] Leech Seed|[of] p1a: Whimsicott\n|-heal|p1a: Whimsicott|215/241|[silent]\n|upkeep\n|turn|6\n|\n|t:|1732992780\n|switch|p2a: Rabsca|Rabsca, L91, F|284/284\n|move|p1a: Whimsicott|Substitute|p1a: Whimsicott\n|-start|p1a: Whimsicott|Substitute\n|-damage|p1a: Whimsicott|155/241\n|\n|-heal|p1a: Whimsicott|170/241|[from] item: Leftovers\n|upkeep\n|turn|7\n|\n|t:|1732992791\n|move|p1a: Whimsicott|Leech Seed|p2a: Rabsca|[miss]\n|-miss|p1a: Whimsicott|p2a: Rabsca\n|move|p2a: Rabsca|Bug Buzz|p1a: Whimsicott\n|-damage|p1a: Whimsicott|25/241\n|-unboost|p1a: Whimsicott|spd|1\n|\n|-heal|p1a: Whimsicott|40/241|[from] item: Leftovers\n|upkeep\n|turn|8\n|\n|t:|1732992798\n|move|p1a: Whimsicott|Moonblast|p2a: Rabsca\n|-damage|p2a: Rabsca|212/284\n|move|p2a: Rabsca|Earth Power|p1a: Whimsicott\n|-resisted|p1a: Whimsicott\n|-crit|p1a: Whimsicott\n|-end|p1a: Whimsicott|Substitute\n|\n|-heal|p1a: Whimsicott|55/241|[from] item: Leftovers\n|upkeep\n|turn|9\n|\n|t:|1732992804\n|move|p1a: Whimsicott|Encore|p2a: Rabsca\n|-start|p2a: Rabsca|Encore\n|move|p2a: Rabsca|Earth Power|p1a: Whimsicott\n|-resisted|p1a: Whimsicott\n|-damage|p1a: Whimsicott|0 fnt\n|faint|p1a: Whimsicott\n|\n|upkeep\n|\n|t:|1732992810\n|switch|p1a: Scrafty|Scrafty, L84, M|246/246\n|-damage|p1a: Scrafty|231/246|[from] Stealth Rock\n|-ability|p1a: Scrafty|Intimidate|boost\n|-unboost|p2a: Rabsca|atk|1\n|turn|10\n|\n|t:|1732992821\n|switch|p2a: Golem|Golem, L87, F|281/281\n|move|p1a: Scrafty|Dragon Dance|p1a: Scrafty\n|-boost|p1a: Scrafty|atk|1\n|-boost|p1a: Scrafty|spe|1\n|\n|upkeep\n|turn|11\n|\n|t:|1732992832\n|move|p1a: Scrafty|Knock Off|p2a: Golem\n|-damage|p2a: Golem|139/281\n|-enditem|p2a: Golem|Custap Berry|[from] move: Knock Off|[of] p1a: Scrafty\n|-damage|p1a: Scrafty|207/246|[from] item: Life Orb\n|move|p2a: Golem|Explosion|p1a: Scrafty\n|-damage|p1a: Scrafty|36/246\n|faint|p2a: Golem\n|\n|upkeep\n|\n|t:|1732992850\n|switch|p2a: Dragapult|Dragapult, L77, M|262/262\n|turn|12\n|\n|t:|1732992858\n|move|p2a: Dragapult|U-turn|p1a: Scrafty\n|-damage|p1a: Scrafty|0 fnt\n|faint|p1a: Scrafty\n|\n|t:|1732992863\n|switch|p2a: Rabsca|Rabsca, L91, F|212/284|[from] U-turn\n|\n|upkeep\n|\n|t:|1732992868\n|switch|p1a: Scovillain|Scovillain, L91, F|266/266\n|turn|13\n|\n|t:|1732992884\n|switch|p2a: Dragapult|Dragapult, L77, M|262/262\n|move|p1a: Scovillain|Sunny Day|p1a: Scovillain\n|-weather|SunnyDay\n|\n|-weather|SunnyDay|[upkeep]\n|upkeep\n|turn|14\n|\n|t:|1732992892\n|move|p1a: Scovillain|Fire Blast|p2a: Dragapult\n|-resisted|p2a: Dragapult\n|-damage|p2a: Dragapult|136/262\n|move|p2a: Dragapult|Dragon Darts|p1a: Scovillain\n|-damage|p1a: Scovillain|208/266\n|-anim|p2a: Dragapult|Dragon Darts|p1a: Scovillain\n|-damage|p1a: Scovillain|147/266\n|\n|-weather|SunnyDay|[upkeep]\n|upkeep\n|turn|15\n|\n|t:|1732992920\n|-terastallize|p1a: Scovillain|Fire\n|move|p1a: Scovillain|Fire Blast|p2a: Dragapult\n|-resisted|p2a: Dragapult\n|-damage|p2a: Dragapult|0 fnt\n|faint|p2a: Dragapult\n|\n|-weather|SunnyDay|[upkeep]\n|upkeep\n|inactive|drunk landowner has 120 seconds left.\n|inactive|drunk landowner has 90 seconds left.\n|inactive|drunk landowner has 60 seconds left.\n|inactive|drunk landowner has 30 seconds left.\n|\n|t:|1732993026\n|switch|p2a: Bronzong|Bronzong, L88|197/261\n|turn|16\n|\n|t:|1732993034\n|-terastallize|p2a: Bronzong|Water\n|move|p1a: Scovillain|Fire Blast|p2a: Bronzong\n|-resisted|p2a: Bronzong\n|-damage|p2a: Bronzong|87/261\n|move|p2a: Bronzong|Hypnosis|p1a: Scovillain|[miss]\n|-miss|p2a: Bronzong|p1a: Scovillain\n|\n|-weather|SunnyDay|[upkeep]\n|-heal|p2a: Bronzong|103/261|[from] item: Leftovers\n|upkeep\n|turn|17\n|c|\u2606drunk landowner|this game sucks\n|\n|t:|1732993046\n|move|p1a: Scovillain|Energy Ball|p2a: Bronzong\n|-supereffective|p2a: Bronzong\n|-damage|p2a: Bronzong|0 fnt\n|faint|p2a: Bronzong\n|\n|-weather|none\n|upkeep\n|\n|t:|1732993049\n|switch|p2a: Cyclizar|Cyclizar, L83, F|252/252\n|turn|18\n|\n|t:|1732993066\n|switch|p1a: Bastiodon|Bastiodon, L89, M|252/252\n|-damage|p1a: Bastiodon|237/252|[from] Stealth Rock\n|move|p2a: Cyclizar|Shed Tail|p2a: Cyclizar\n|-start|p2a: Cyclizar|Substitute|[from] move: Shed Tail\n|-damage|p2a: Cyclizar|126/252\n|\n|t:|1732993074\n|switch|p2a: Gyarados|Gyarados, L79, F|280/280|[from] Shed Tail\n|\n|upkeep\n|turn|19\n|\n|t:|1732993088\n|move|p2a: Gyarados|Earthquake|p1a: Bastiodon\n|-supereffective|p1a: Bastiodon\n|-damage|p1a: Bastiodon|77/252\n|move|p1a: Bastiodon|Foul Play|p2a: Gyarados\n|-end|p2a: Gyarados|Substitute\n|\n|upkeep\n|turn|20\n|\n|t:|1732993097\n|move|p2a: Gyarados|Dragon Dance|p2a: Gyarados\n|-boost|p2a: Gyarados|atk|1\n|-boost|p2a: Gyarados|spe|1\n|move|p1a: Bastiodon|Foul Play|p2a: Gyarados\n|-damage|p2a: Gyarados|135/280\n|\n|upkeep\n|turn|21\n|inactive|drunk landowner has 60 seconds left.\n|\n|t:|1732993103\n|move|p2a: Gyarados|Waterfall|p1a: Bastiodon\n|-supereffective|p1a: Bastiodon\n|-damage|p1a: Bastiodon|0 fnt\n|faint|p1a: Bastiodon\n|-ability|p2a: Gyarados|Moxie|boost\n|-boost|p2a: Gyarados|atk|1\n|\n|upkeep\n|\n|t:|1732993108\n|switch|p1a: Iron Bundle|Iron Bundle, L77|213/213\n|-damage|p1a: Iron Bundle|160/213|[from] Stealth Rock\n|turn|22\n|\n|t:|1732993122\n|move|p2a: Gyarados|Waterfall|p1a: Iron Bundle\n|-resisted|p1a: Iron Bundle\n|-damage|p1a: Iron Bundle|82/213\n|move|p1a: Iron Bundle|Freeze-Dry|p2a: Gyarados\n|-supereffective|p2a: Gyarados\n|-damage|p2a: Gyarados|0 fnt\n|faint|p2a: Gyarados\n|\n|-heal|p1a: Iron Bundle|95/213|[from] item: Leftovers\n|upkeep\n|\n|t:|1732993125\n|switch|p2a: Rabsca|Rabsca, L91, F|212/284\n|turn|23\n|\n|t:|1732993133\n|-end|p1a: Iron Bundle|Quark Drive|[silent]\n|switch|p1a: Scovillain|Scovillain, L91, F, tera:Fire|147/266\n|move|p2a: Rabsca|Revival Blessing|p2a: Rabsca\n|\n|t:|1732993138\n|-heal|p2: Gyarados|140/280|[from] move: Revival Blessing\n|\n|upkeep\n|turn|24\n|inactive|drunk landowner has 90 seconds left.\n|\n|t:|1732993155\n|move|p1a: Scovillain|Fire Blast|p2a: Rabsca\n|-supereffective|p2a: Rabsca\n|-damage|p2a: Rabsca|0 fnt\n|faint|p2a: Rabsca\n|\n|upkeep\n|\n|t:|1732993167\n|switch|p2a: Gyarados|Gyarados, L79, F|140/280\n|turn|25\n|\n|t:|1732993171\n|move|p1a: Scovillain|Sunny Day|p1a: Scovillain\n|-weather|SunnyDay\n|move|p2a: Gyarados|Dragon Dance|p2a: Gyarados\n|-boost|p2a: Gyarados|atk|1\n|-boost|p2a: Gyarados|spe|1\n|\n|-weather|SunnyDay|[upkeep]\n|upkeep\n|turn|26\n|inactive|drunk landowner has 90 seconds left.\n|\n|t:|1732993178\n|move|p1a: Scovillain|Fire Blast|p2a: Gyarados\n|-resisted|p2a: Gyarados\n|-damage|p2a: Gyarados|5/280\n|move|p2a: Gyarados|Earthquake|p1a: Scovillain\n|-supereffective|p1a: Scovillain\n|-damage|p1a: Scovillain|0 fnt\n|faint|p1a: Scovillain\n|-ability|p2a: Gyarados|Moxie|boost\n|-boost|p2a: Gyarados|atk|1\n|\n|-weather|SunnyDay|[upkeep]\n|upkeep\n|\n|t:|1732993182\n|switch|p1a: Walking Wake|Walking Wake, L79|286/286\n|-damage|p1a: Walking Wake|251/286|[from] Stealth Rock\n|-activate|p1a: Walking Wake|ability: Protosynthesis\n|-start|p1a: Walking Wake|protosynthesisspa\n|turn|27\n|\n|t:|1732993196\n|move|p2a: Gyarados|Earthquake|p1a: Walking Wake\n|-damage|p1a: Walking Wake|103/286\n|move|p1a: Walking Wake|Flip Turn|p2a: Gyarados\n|-resisted|p2a: Gyarados\n|-damage|p2a: Gyarados|0 fnt\n|faint|p2a: Gyarados\n|\n|t:|1732993199\n|-end|p1a: Walking Wake|Protosynthesis|[silent]\n|switch|p1a: Iron Bundle|Iron Bundle, L77|95/213|[from] Flip Turn\n|-damage|p1a: Iron Bundle|42/213|[from] Stealth Rock\n|\n|-weather|SunnyDay|[upkeep]\n|-heal|p1a: Iron Bundle|55/213|[from] item: Leftovers\n|upkeep\n|\n|t:|1732993205\n|switch|p2a: Cyclizar|Cyclizar, L83, F|210/252\n|turn|28\n|\n|t:|1732993210\n|move|p1a: Iron Bundle|Substitute|p1a: Iron Bundle\n|-start|p1a: Iron Bundle|Substitute\n|-damage|p1a: Iron Bundle|2/213\n|move|p2a: Cyclizar|Knock Off|p1a: Iron Bundle\n|-end|p1a: Iron Bundle|Substitute\n|\n|-weather|SunnyDay|[upkeep]\n|-heal|p1a: Iron Bundle|15/213|[from] item: Leftovers\n|upkeep\n|turn|29\n|\n|t:|1732993222\n|move|p1a: Iron Bundle|Ice Beam|p2a: Cyclizar\n|-supereffective|p2a: Cyclizar\n|-damage|p2a: Cyclizar|0 fnt\n|faint|p2a: Cyclizar\n|\n|win|rainhy\n|raw|rainhy's rating: 2156 &rarr; <strong>2182</strong><br />(+26 for winning)\n|raw|drunk landowner's rating: 2263 &rarr; <strong>2237</strong><br />(-26 for losing)\n|l|\u2606rainhy\n|player|p1|\n|c|\u2606drunk landowner|gg\n|c|\u2606drunk landowner|!showteam\n|c| drunk landowner|/raw <div class=\"infobox\"><details><summary>View team</summary>Golem @ Custap Berry  <br />Ability: Sturdy  <br />Level: 87  <br />Tera Type: Grass  <br />EVs: 85 HP &#x2f; 85 Atk &#x2f; 85 Def &#x2f; 85 SpA &#x2f; 85 SpD &#x2f; 85 Spe  <br />- Explosion  <br />- Stealth Rock  <br />- Stone Edge  <br />- Earthquake  <br /><br />Bronzong @ Leftovers  <br />Ability: Levitate  <br />Level: 88  <br />Tera Type: Water  <br />EVs: 85 HP &#x2f; 85 Atk &#x2f; 85 Def &#x2f; 85 SpA &#x2f; 85 SpD &#x2f; 85 Spe  <br />- Iron Head  <br />- Earthquake  <br />- Hypnosis  <br />- Psychic  <br /><br />Dragapult @ Heavy-Duty Boots  <br />Ability: Infiltrator  <br />Level: 77  <br />Tera Type: Fairy  <br />EVs: 85 HP &#x2f; 85 Atk &#x2f; 85 Def &#x2f; 85 SpA &#x2f; 85 SpD &#x2f; 85 Spe  <br />- Dragon Darts  <br />- Hex  <br />- Will-O-Wisp  <br />- U-turn  <br /><br />Cyclizar @ Heavy-Duty Boots  <br />Ability: Regenerator  <br />Level: 83  <br />Tera Type: Steel  <br />EVs: 85 HP &#x2f; 85 Atk &#x2f; 85 Def &#x2f; 85 SpA &#x2f; 85 SpD &#x2f; 85 Spe  <br />- Shed Tail  <br />- Draco Meteor  <br />- Rapid Spin  <br />- Knock Off  <br /><br />Gyarados @ Heavy-Duty Boots  <br />Ability: Moxie  <br />Level: 79  <br />Tera Type: Flying  <br />EVs: 85 HP &#x2f; 85 Atk &#x2f; 85 Def &#x2f; 85 SpA &#x2f; 85 SpD &#x2f; 85 Spe  <br />- Earthquake  <br />- Waterfall  <br />- Tera Blast  <br />- Dragon Dance  <br /><br />Rabsca @ Heavy-Duty Boots  <br />Ability: Synchronize  <br />Level: 91  <br />Tera Type: Steel  <br />EVs: 85 HP &#x2f; 85 Def &#x2f; 85 SpA &#x2f; 85 SpD &#x2f; 85 Spe  <br />IVs: 0 Atk  <br />- Bug Buzz  <br />- Revival Blessing  <br />- Psychic  <br />- Earth Power  <br /><br /></details></div>\n", "inputlog": ">version b107d77f5c90bd6555267ae244a6264823309ead\n>start {\"formatid\":\"gen9randombattle\",\"seed\":[12184,2424,1261,44748],\"rated\":\"Rated battle\"}\n>player p1 {\"name\":\"rainhy\",\"avatar\":\"lady\",\"rating\":2156,\"seed\":[21600,36510,53912,13387]}\n>player p2 {\"name\":\"drunk landowner\",\"avatar\":\"scientist-gen1\",\"rating\":2263,\"seed\":[2125,25858,5700,13218]}\n>p1 switch 6\n>p2 move stealthrock\n>p1 move substitute\n>p2 switch 2\n>p1 move leechseed\n>p2 move ironhead\n>p1 move substitute\n>p2 move ironhead\n>p1 move substitute\n>p2 move ironhead\n>p1 move substitute\n>p2 switch 6\n>p1 move leechseed\n>p2 move bugbuzz\n>p1 move moonblast\n>p2 move earthpower\n>p1 move encore\n>p2 move bugbuzz\n>p1 switch 2\n>p1 move dragondance\n>p2 switch 2\n>p1 move knockoff\n>p2 move explosion\n>p2 switch 3\n>p1 move knockoff\n>p2 move uturn\n>p2 switch 2\n>p1 switch 3\n>p1 move sunnyday\n>p2 switch 2\n>p1 move fireblast\n>p2 move dragondarts\n>p1 move fireblast terastallize\n>p2 move dragondarts\n>p2 switch 6\n>p1 move fireblast\n>p2 move hypnosis terastallize\n>chat \u2606drunk landowner|this game sucks\n>p1 move energyball\n>p2 move earthquake\n>p2 switch 4\n>p1 switch 6\n>p2 move shedtail\n>p2 switch 5\n>p1 move foulplay\n>p2 move earthquake\n>p1 move foulplay\n>p2 move dragondance\n>p1 move foulplay\n>p2 move waterfall\n>p1 switch 4\n>p1 move freezedry\n>p2 move waterfall\n>p2 switch 2\n>p1 switch 6\n>p2 move revivalblessing\n>p2 switch 2\n>p1 move fireblast\n>p2 move psychic\n>p2 switch 2\n>p1 move sunnyday\n>p2 move dragondance\n>p1 move fireblast\n>p2 move earthquake\n>p1 switch 5\n>p1 move flipturn\n>p2 move earthquake\n>p1 switch 6\n>p2 switch 5\n>p1 move substitute\n>p2 move knockoff\n>p1 move icebeam\n>p2 move rapidspin", "uploadtime": 1732993309, "views": 1, "formatid": "gen9randombattle", "rating": 2182, "private": 0, "password": null}