{"id": "gen9randombattle-2253842250", "format": "[Gen 9] Random Battle", "players": ["BigBossJnack", "CaterpieisOP"], "log": "|j|\u2606BigBossJnack\n|j|\u2606CaterpieisOP\n|t:|1732947126\n|gametype|singles\n|player|p1|BigBossJnack|2|1989\n|player|p2|CaterpieisOP|emmet|1971\n|teamsize|p1|6\n|teamsize|p2|6\n|gen|9\n|tier|[Gen 9] Random Battle\n|rated|\n|rule|Species Clause: Limit one of each Pok\u00e9mon\n|rule|HP Percentage Mod: HP is shown in percentages\n|rule|Sleep Clause Mod: Limit one foe put to sleep\n|rule|Illusion Level Mod: Illusion disguises the Pok\u00e9mon's true level\n|\n|t:|1732947126\n|start\n|switch|p1a: Terapagos|Terapagos, L76, M|262/262\n|switch|p2a: Gurdurr|Gurdurr, L85, M|283/283\n|-activate|p1a: Terapagos|ability: Tera Shift\n|detailschange|p1a: Terapagos|Terapagos-Terastal, L76, M\n|-heal|p1a: Terapagos|269/269|[silent]\n|turn|1\n|inactive|Battle timer is ON: inactive players will automatically lose when time's up. (requested by CaterpieisOP)\n|\n|t:|1732947137\n|switch|p1a: Fezandipiti|Fezandipiti, L82, M|278/278\n|move|p2a: Gurdurr|Knock Off|p1a: Fezandipiti\n|-resisted|p1a: Fezandipiti\n|-damage|p1a: Fezandipiti|234/278\n|-enditem|p1a: Fezandipiti|Leftovers|[from] move: Knock Off|[of] p2a: Gurdurr\n|\n|upkeep\n|turn|2\n|\n|t:|1732947146\n|switch|p2a: Bronzong|Bronzong, L88|261/261\n|move|p1a: Fezandipiti|U-turn|p2a: Bronzong\n|-damage|p2a: Bronzong|224/261\n|\n|t:|1732947149\n|switch|p1a: Golurk|Golurk, L87|297/297|[from] U-turn\n|\n|-heal|p2a: Bronzong|240/261|[from] item: Leftovers\n|upkeep\n|turn|3\n|\n|t:|1732947158\n|switch|p2a: Arceus|Arceus, L68|276/276\n|move|p1a: Golurk|Poltergeist|p2a: Arceus\n|-immune|p2a: Arceus\n|\n|upkeep\n|turn|4\n|\n|t:|1732947171\n|switch|p2a: Volbeat|Volbeat, L90, M|263/263\n|switch|p1a: Conkeldurr|Conkeldurr, L80, F|299/299\n|\n|-status|p1a: Conkeldurr|brn|[from] item: Flame Orb\n|upkeep\n|turn|5\n|\n|t:|1732947176\n|move|p2a: Volbeat|Lunge|p1a: Conkeldurr\n|-resisted|p1a: Conkeldurr\n|-damage|p1a: Conkeldurr|260/299 brn\n|-unboost|p1a: Conkeldurr|atk|1\n|move|p1a: Conkeldurr|Facade|p2a: Volbeat\n|-damage|p2a: Volbeat|126/263\n|\n|-damage|p1a: Conkeldurr|242/299 brn|[from] brn\n|upkeep\n|turn|6\n|\n|t:|1732947183\n|switch|p1a: Palossand|Palossand, L89, M|296/296\n|move|p2a: Volbeat|Roost|p2a: Volbeat\n|-heal|p2a: Volbeat|258/263\n|-singleturn|p2a: Volbeat|move: Roost\n|\n|upkeep\n|turn|7\n|\n|t:|1732947192\n|switch|p2a: Gurdurr|Gurdurr, L85, M|283/283\n|move|p1a: Palossand|Shadow Ball|p2a: Gurdurr\n|-damage|p2a: Gurdurr|195/283\n|\n|upkeep\n|turn|8\n|\n|t:|1732947197\n|switch|p1a: Fezandipiti|Fezandipiti, L82, M|234/278\n|move|p2a: Gurdurr|Bulk Up|p2a: Gurdurr\n|-boost|p2a: Gurdurr|atk|1\n|-boost|p2a: Gurdurr|def|1\n|\n|upkeep\n|turn|9\n|\n|t:|1732947202\n|switch|p2a: Bronzong|Bronzong, L88|240/261\n|move|p1a: Fezandipiti|Play Rough|p2a: Bronzong|[miss]\n|-miss|p1a: Fezandipiti|p2a: Bronzong\n|\n|-heal|p2a: Bronzong|256/261|[from] item: Leftovers\n|upkeep\n|turn|10\n|\n|t:|1732947207\n|move|p1a: Fezandipiti|U-turn|p2a: Bronzong\n|-damage|p2a: Bronzong|218/261\n|\n|t:|1732947210\n|switch|p1a: Golurk|Golurk, L87|297/297|[from] U-turn\n|move|p2a: Bronzong|Psychic Noise|p1a: Golurk\n|-damage|p1a: Golurk|212/297\n|-start|p1a: Golurk|move: Heal Block\n|\n|-heal|p2a: Bronzong|234/261|[from] item: Leftovers\n|upkeep\n|turn|11\n|\n|t:|1732947222\n|switch|p2a: Volbeat|Volbeat, L90, M|258/263\n|move|p1a: Golurk|Poltergeist|p2a: Volbeat\n|-activate|p2a: Volbeat|move: Poltergeist|Heavy-Duty Boots\n|-damage|p2a: Volbeat|8/263\n|\n|-end|p1a: Golurk|move: Heal Block\n|upkeep\n|turn|12\n|\n|t:|1732947231\n|switch|p2a: Arceus|Arceus, L68|276/276\n|switch|p1a: Conkeldurr|Conkeldurr, L80, F|242/299 brn\n|\n|-damage|p1a: Conkeldurr|224/299 brn|[from] brn\n|upkeep\n|turn|13\n|\n|t:|1732947240\n|switch|p2a: Gurdurr|Gurdurr, L85, M|195/283\n|move|p1a: Conkeldurr|Close Combat|p2a: Gurdurr\n|-damage|p2a: Gurdurr|32/283\n|-unboost|p1a: Conkeldurr|def|1\n|-unboost|p1a: Conkeldurr|spd|1\n|\n|-damage|p1a: Conkeldurr|206/299 brn|[from] brn\n|upkeep\n|turn|14\n|\n|t:|1732947246\n|move|p1a: Conkeldurr|Mach Punch|p2a: Gurdurr\n|-damage|p2a: Gurdurr|0 fnt\n|faint|p2a: Gurdurr\n|\n|-damage|p1a: Conkeldurr|188/299 brn|[from] brn\n|upkeep\n|\n|t:|1732947249\n|switch|p2a: Volbeat|Volbeat, L90, M|8/263\n|turn|15\n|\n|t:|1732947257\n|move|p2a: Volbeat|Lunge|p1a: Conkeldurr\n|-resisted|p1a: Conkeldurr\n|-damage|p1a: Conkeldurr|126/299 brn\n|-unboost|p1a: Conkeldurr|atk|1\n|move|p1a: Conkeldurr|Facade|p2a: Volbeat\n|-damage|p2a: Volbeat|0 fnt\n|faint|p2a: Volbeat\n|\n|-damage|p1a: Conkeldurr|108/299 brn|[from] brn\n|upkeep\n|\n|t:|1732947269\n|switch|p2a: Emboar|Emboar, L84, M|322/322\n|turn|16\n|\n|t:|1732947276\n|switch|p1a: Palossand|Palossand, L89, M|296/296\n|move|p2a: Emboar|Flare Blitz|p1a: Palossand\n|-damage|p1a: Palossand|148/296\n|-damage|p2a: Emboar|273/322|[from] Recoil\n|\n|-heal|p1a: Palossand|166/296|[from] item: Leftovers\n|upkeep\n|turn|17\n|\n|t:|1732947285\n|-terastallize|p2a: Emboar|Fire\n|move|p2a: Emboar|Flare Blitz|p1a: Palossand\n|-damage|p1a: Palossand|0 fnt\n|faint|p1a: Palossand\n|-damage|p2a: Emboar|218/322|[from] Recoil\n|\n|upkeep\n|\n|t:|1732947288\n|switch|p1a: Walking Wake|Walking Wake, L79|286/286\n|turn|18\n|\n|t:|1732947294\n|switch|p2a: Bronzong|Bronzong, L88|234/261\n|move|p1a: Walking Wake|Flip Turn|p2a: Bronzong\n|-damage|p2a: Bronzong|195/261\n|\n|t:|1732947297\n|-end|p1a: Walking Wake|Protosynthesis|[silent]\n|switch|p1a: Golurk|Golurk, L87|212/297|[from] Flip Turn\n|\n|-heal|p2a: Bronzong|211/261|[from] item: Leftovers\n|upkeep\n|turn|19\n|\n|t:|1732947305\n|switch|p2a: Arceus|Arceus, L68|276/276\n|move|p1a: Golurk|Dynamic Punch|p2a: Arceus\n|-supereffective|p2a: Arceus\n|-damage|p2a: Arceus|22/276\n|-start|p2a: Arceus|confusion\n|\n|upkeep\n|turn|20\n|\n|t:|1732947311\n|-activate|p2a: Arceus|confusion\n|-damage|p2a: Arceus|0 fnt|[from] confusion\n|faint|p2a: Arceus\n|move|p1a: Golurk|Dynamic Punch|p2: Arceus|[notarget]\n|-fail|p1a: Golurk\n|\n|upkeep\n|\n|t:|1732947317\n|switch|p2a: Emboar|Emboar, L84, M, tera:Fire|218/322\n|turn|21\n|\n|t:|1732947321\n|move|p2a: Emboar|Flare Blitz|p1a: Golurk\n|-damage|p1a: Golurk|0 fnt\n|faint|p1a: Golurk\n|-damage|p2a: Emboar|148/322|[from] Recoil\n|\n|upkeep\n|\n|t:|1732947324\n|switch|p1a: Walking Wake|Walking Wake, L79|286/286\n|turn|22\n|\n|t:|1732947329\n|switch|p2a: Bronzong|Bronzong, L88|211/261\n|move|p1a: Walking Wake|Hydro Pump|p2a: Bronzong\n|-damage|p2a: Bronzong|57/261\n|\n|-heal|p2a: Bronzong|73/261|[from] item: Leftovers\n|upkeep\n|turn|23\n|\n|t:|1732947334\n|move|p1a: Walking Wake|Hydro Pump|p2a: Bronzong\n|-damage|p2a: Bronzong|0 fnt\n|faint|p2a: Bronzong\n|\n|upkeep\n|\n|t:|1732947340\n|switch|p2a: Emboar|Emboar, L84, M, tera:Fire|148/322\n|turn|24\n|\n|t:|1732947343\n|move|p2a: Emboar|Close Combat|p1a: Walking Wake\n|-damage|p1a: Walking Wake|141/286\n|-unboost|p2a: Emboar|def|1\n|-unboost|p2a: Emboar|spd|1\n|move|p1a: Walking Wake|Hydro Pump|p2a: Emboar|[miss]\n|-miss|p1a: Walking Wake|p2a: Emboar\n|\n|upkeep\n|turn|25\n|\n|t:|1732947348\n|-end|p1a: Walking Wake|Protosynthesis|[silent]\n|switch|p1a: Fezandipiti|Fezandipiti, L82, M|234/278\n|move|p2a: Emboar|Close Combat|p1a: Fezandipiti\n|-resisted|p1a: Fezandipiti\n|-damage|p1a: Fezandipiti|194/278\n|-unboost|p2a: Emboar|def|1\n|-unboost|p2a: Emboar|spd|1\n|\n|upkeep\n|turn|26\n|\n|t:|1732947351\n|move|p2a: Emboar|Close Combat|p1a: Fezandipiti\n|-resisted|p1a: Fezandipiti\n|-crit|p1a: Fezandipiti\n|-damage|p1a: Fezandipiti|132/278\n|-unboost|p2a: Emboar|def|1\n|-unboost|p2a: Emboar|spd|1\n|move|p1a: Fezandipiti|Gunk Shot|p2a: Emboar\n|-damage|p2a: Emboar|0 fnt\n|faint|p2a: Emboar\n|\n|upkeep\n|\n|t:|1732947354\n|switch|p2a: Flygon|Flygon, L82, F|265/265\n|turn|27\n|\n|t:|1732947358\n|move|p2a: Flygon|Dragon Dance|p2a: Flygon\n|-boost|p2a: Flygon|atk|1\n|-boost|p2a: Flygon|spe|1\n|move|p1a: Fezandipiti|Play Rough|p2a: Flygon\n|-supereffective|p2a: Flygon\n|-damage|p2a: Flygon|65/265\n|\n|upkeep\n|turn|28\n|\n|t:|1732947372\n|move|p2a: Flygon|Earthquake|p1a: Fezandipiti\n|-supereffective|p1a: Fezandipiti\n|-damage|p1a: Fezandipiti|0 fnt\n|faint|p1a: Fezandipiti\n|\n|upkeep\n|\n|t:|1732947375\n|switch|p1a: Terapagos|Terapagos-Terastal, L76, M|269/269\n|turn|29\n|\n|t:|1732947391\n|move|p2a: Flygon|Earthquake|p1a: Terapagos\n|-activate|p1a: Terapagos|ability: Tera Shell\n|-resisted|p1a: Terapagos\n|-damage|p1a: Terapagos|194/269\n|move|p1a: Terapagos|Tera Starstorm|p2a: Flygon\n|-damage|p2a: Flygon|0 fnt\n|faint|p2a: Flygon\n|\n|win|BigBossJnack\n|raw|BigBossJnack's rating: 1989 &rarr; <strong>2008</strong><br />(+19 for winning)\n|raw|CaterpieisOP's rating: 1971 &rarr; <strong>1952</strong><br />(-19 for losing)\n|l|\u2606CaterpieisOP\n|player|p2|\n", "inputlog": ">version b107d77f5c90bd6555267ae244a6264823309ead\n>start {\"formatid\":\"gen9randombattle\",\"seed\":[27826,13066,20925,5919],\"rated\":\"Rated battle\"}\n>player p1 {\"name\":\"BigBossJnack\",\"avatar\":\"2\",\"rating\":1989,\"seed\":[55795,10983,44958,21873]}\n>player p2 {\"name\":\"CaterpieisOP\",\"avatar\":\"emmet\",\"rating\":1971,\"seed\":[24869,58740,37577,47888]}\n>p1 switch 3\n>p2 move knockoff\n>p1 move uturn\n>p2 switch 3\n>p1 switch 4\n>p1 move poltergeist\n>p2 switch 6\n>p1 switch 5\n>p2 switch 5\n>p1 move facade\n>p2 move lunge\n>p1 switch 2\n>p2 move roost\n>p1 move shadowball\n>p2 switch 3\n>p1 switch 4\n>p2 move bulkup\n>p1 move playrough\n>p2 switch 6\n>p1 move uturn\n>p2 move psychicnoise\n>p1 switch 5\n>p1 move poltergeist\n>p2 switch 3\n>p1 switch 2\n>p2 switch 5\n>p1 move closecombat\n>p2 switch 6\n>p1 move machpunch\n>p2 move machpunch\n>p2 switch 5\n>p1 move facade\n>p2 move lunge\n>p2 switch 2\n>p1 switch 4\n>p2 move flareblitz\n>p1 move earthpower\n>p2 move flareblitz terastallize\n>p1 switch 6\n>p1 move flipturn\n>p2 switch 3\n>p1 switch 2\n>p1 move dynamicpunch\n>p2 switch 6\n>p1 move dynamicpunch\n>p2 move recover\n>p2 switch 3\n>p1 move dynamicpunch\n>p2 move flareblitz\n>p1 switch 2\n>p1 move hydropump\n>p2 switch 6\n>p1 move hydropump\n>p2 move psychicnoise\n>p2 switch 6\n>p1 move hydropump\n>p2 move closecombat\n>p1 switch 5\n>p2 move closecombat\n>p1 move gunkshot\n>p2 move closecombat\n>p2 switch 4\n>p1 move playrough\n>p2 move dragondance\n>p1 move playrough\n>p2 move earthquake\n>p1 switch 3\n>p1 move terastarstorm\n>p2 move earthquake", "uploadtime": 1732947395, "views": 1, "formatid": "gen9randombattle", "rating": 1952, "private": 0, "password": null}