{"id": "gen9randombattle-2254124145", "format": "[Gen 9] Random Battle", "players": ["ANIME123456789", "lucktest18"], "log": "|j|\u2606ANIME123456789\n|j|\u2606lucktest18\n|t:|1732994174\n|gametype|singles\n|player|p1|ANIME123456789|1|1555\n|player|p2|lucktest18|cynthia-gen4|1564\n|teamsize|p1|6\n|teamsize|p2|6\n|gen|9\n|tier|[Gen 9] Random Battle\n|rated|\n|rule|Species Clause: Limit one of each Pok\u00e9mon\n|rule|HP Percentage Mod: HP is shown in percentages\n|rule|Sleep Clause Mod: Limit one foe put to sleep\n|rule|Illusion Level Mod: Illusion disguises the Pok\u00e9mon's true level\n|\n|t:|1732994174\n|start\n|switch|p1a: Revavroom|Revavroom, L79, F|256/256\n|switch|p2a: Chandelure|Chandelure, L83, M|235/235\n|turn|1\n|inactive|Battle timer is ON: inactive players will automatically lose when time's up. (requested by ANIME123456789)\n|inactive|lucktest18 also wants the timer to be on.\n|\n|t:|1732994188\n|switch|p1a: Swalot|Swalot, L90, F|326/326\n|move|p2a: Chandelure|Fire Blast|p1a: Swalot\n|-damage|p1a: Swalot|176/326\n|-status|p1a: Swalot|brn\n|\n|-heal|p1a: Swalot|196/326 brn|[from] item: Leftovers\n|-damage|p1a: Swalot|176/326 brn|[from] brn\n|upkeep\n|turn|2\n|\n|t:|1732994197\n|move|p2a: Chandelure|Substitute|p2a: Chandelure\n|-start|p2a: Chandelure|Substitute\n|-damage|p2a: Chandelure|177/235\n|move|p1a: Swalot|Knock Off|p2a: Chandelure\n|-supereffective|p2a: Chandelure\n|-end|p2a: Chandelure|Substitute\n|\n|-heal|p2a: Chandelure|191/235|[from] item: Leftovers\n|-heal|p1a: Swalot|196/326 brn|[from] item: Leftovers\n|-damage|p1a: Swalot|176/326 brn|[from] brn\n|upkeep\n|turn|3\n|inactive|lucktest18 has 120 seconds left.\n|\n|t:|1732994239\n|move|p2a: Chandelure|Fire Blast|p1a: Swalot\n|-damage|p1a: Swalot|31/326 brn\n|move|p1a: Swalot|Knock Off|p2a: Chandelure\n|-supereffective|p2a: Chandelure\n|-damage|p2a: Chandelure|131/235\n|-enditem|p2a: Chandelure|Leftovers|[from] move: Knock Off|[of] p1a: Swalot\n|\n|-heal|p1a: Swalot|51/326 brn|[from] item: Leftovers\n|-damage|p1a: Swalot|31/326 brn|[from] brn\n|upkeep\n|turn|4\n|\n|t:|1732994248\n|move|p2a: Chandelure|Shadow Ball|p1a: Swalot\n|-damage|p1a: Swalot|0 fnt\n|faint|p1a: Swalot\n|\n|upkeep\n|\n|t:|1732994255\n|switch|p1a: Mabosstiff|Mabosstiff, L86, M|278/278\n|turn|5\n|inactive|lucktest18 has 120 seconds left.\n|\n|t:|1732994267\n|switch|p2a: Comfey|Comfey, L85, F|225/225\n|move|p1a: Mabosstiff|Crunch|p2a: Comfey\n|-resisted|p2a: Comfey\n|-damage|p2a: Comfey|117/225\n|\n|-heal|p2a: Comfey|131/225|[from] item: Leftovers\n|upkeep\n|turn|6\n|inactive|lucktest18 has 120 seconds left.\n|\n|t:|1732994285\n|switch|p1a: Revavroom|Revavroom, L79, F|256/256\n|move|p2a: Comfey|Calm Mind|p2a: Comfey\n|-boost|p2a: Comfey|spa|1\n|-boost|p2a: Comfey|spd|1\n|\n|-heal|p2a: Comfey|145/225|[from] item: Leftovers\n|upkeep\n|turn|7\n|inactive|lucktest18 has 120 seconds left.\n|\n|t:|1732994297\n|-terastallize|p2a: Comfey|Steel\n|move|p2a: Comfey|Calm Mind|p2a: Comfey\n|-boost|p2a: Comfey|spa|1\n|-boost|p2a: Comfey|spd|1\n|move|p1a: Revavroom|Iron Head|p2a: Comfey\n|-resisted|p2a: Comfey\n|-damage|p2a: Comfey|90/225\n|-damage|p1a: Revavroom|231/256|[from] item: Life Orb\n|\n|-heal|p2a: Comfey|104/225|[from] item: Leftovers\n|upkeep\n|turn|8\n|inactive|lucktest18 has 120 seconds left.\n|\n|t:|1732994304\n|move|p2a: Comfey|Stored Power|p1a: Revavroom\n|-damage|p1a: Revavroom|60/256\n|move|p1a: Revavroom|High Horsepower|p2a: Comfey\n|-supereffective|p2a: Comfey\n|-damage|p2a: Comfey|0 fnt\n|faint|p2a: Comfey\n|-damage|p1a: Revavroom|35/256|[from] item: Life Orb\n|\n|upkeep\n|inactive|lucktest18 has 120 seconds left.\n|\n|t:|1732994322\n|switch|p2a: Grafaiai|Grafaiai, L86, M|249/249\n|turn|9\n|\n|t:|1732994326\n|move|p2a: Grafaiai|Knock Off|p1a: Revavroom\n|-crit|p1a: Revavroom\n|-damage|p1a: Revavroom|0 fnt\n|-enditem|p1a: Revavroom|Life Orb|[from] move: Knock Off|[of] p2a: Grafaiai\n|faint|p1a: Revavroom\n|\n|upkeep\n|\n|t:|1732994329\n|switch|p1a: Landorus|Landorus, L75, M|257/257\n|turn|10\n|\n|t:|1732994334\n|move|p2a: Grafaiai|U-turn|p1a: Landorus\n|-resisted|p1a: Landorus\n|-crit|p1a: Landorus\n|-damage|p1a: Landorus|218/257\n|\n|t:|1732994336\n|switch|p2a: Tropius|Tropius, L91, M|328/328|[from] U-turn\n|move|p1a: Landorus|Earth Power|p2a: Tropius\n|-immune|p2a: Tropius\n|\n|upkeep\n|turn|11\n|\n|t:|1732994342\n|move|p1a: Landorus|Sludge Wave|p2a: Tropius\n|-supereffective|p2a: Tropius\n|-damage|p2a: Tropius|128/328\n|-enditem|p2a: Tropius|Sitrus Berry|[eat]\n|-heal|p2a: Tropius|210/328|[from] item: Sitrus Berry\n|move|p2a: Tropius|Dragon Dance|p2a: Tropius\n|-boost|p2a: Tropius|atk|1\n|-boost|p2a: Tropius|spe|1\n|\n|upkeep\n|turn|12\n|\n|t:|1732994352\n|move|p2a: Tropius|Leaf Blade|p1a: Landorus\n|-damage|p1a: Landorus|82/257\n|move|p1a: Landorus|Sludge Wave|p2a: Tropius\n|-supereffective|p2a: Tropius\n|-damage|p2a: Tropius|20/328\n|\n|-item|p2a: Tropius|Sitrus Berry|[from] ability: Harvest\n|upkeep\n|-enditem|p2a: Tropius|Sitrus Berry|[eat]\n|-heal|p2a: Tropius|102/328|[from] item: Sitrus Berry\n|turn|13\n|\n|t:|1732994362\n|move|p2a: Tropius|Leaf Blade|p1a: Landorus\n|-damage|p1a: Landorus|0 fnt\n|faint|p1a: Landorus\n|\n|-item|p2a: Tropius|Sitrus Berry|[from] ability: Harvest\n|upkeep\n|-enditem|p2a: Tropius|Sitrus Berry|[eat]\n|-heal|p2a: Tropius|184/328|[from] item: Sitrus Berry\n|\n|t:|1732994366\n|switch|p1a: Mabosstiff|Mabosstiff, L86, M|278/278\n|turn|14\n|\n|t:|1732994377\n|-terastallize|p1a: Mabosstiff|Dark\n|move|p1a: Mabosstiff|Crunch|p2a: Tropius\n|-damage|p2a: Tropius|46/328\n|move|p2a: Tropius|Leaf Blade|p1a: Mabosstiff\n|-crit|p1a: Mabosstiff\n|-damage|p1a: Mabosstiff|101/278\n|\n|upkeep\n|turn|15\n|\n|t:|1732994399\n|move|p1a: Mabosstiff|Crunch|p2a: Tropius\n|-damage|p2a: Tropius|0 fnt\n|faint|p2a: Tropius\n|\n|upkeep\n|\n|t:|1732994406\n|switch|p2a: Grafaiai|Grafaiai, L86, M|249/249\n|turn|16\n|\n|t:|1732994412\n|move|p1a: Mabosstiff|Crunch|p2a: Grafaiai\n|-damage|p2a: Grafaiai|75/249\n|move|p2a: Grafaiai|U-turn|p1a: Mabosstiff\n|-supereffective|p1a: Mabosstiff\n|-damage|p1a: Mabosstiff|3/278\n|\n|t:|1732994421\n|switch|p2a: Camerupt|Camerupt, L91, M|275/275|[from] U-turn\n|\n|upkeep\n|turn|17\n|\n|t:|1732994429\n|switch|p1a: Ursaluna|Ursaluna, L79, M|335/335\n|move|p2a: Camerupt|Stealth Rock|p1a: Ursaluna\n|-sidestart|p1: ANIME123456789|move: Stealth Rock\n|\n|-status|p1a: Ursaluna|brn|[from] item: Flame Orb\n|upkeep\n|turn|18\n|\n|t:|1732994437\n|move|p1a: Ursaluna|Trailblaze|p2a: Camerupt\n|-damage|p2a: Camerupt|201/275\n|-boost|p1a: Ursaluna|spe|1\n|move|p2a: Camerupt|Overheat|p1a: Ursaluna\n|-damage|p1a: Ursaluna|157/335 brn\n|-unboost|p2a: Camerupt|spa|2\n|\n|-heal|p2a: Camerupt|218/275|[from] item: Leftovers\n|-damage|p1a: Ursaluna|137/335 brn|[from] brn\n|upkeep\n|turn|19\n|\n|t:|1732994448\n|move|p1a: Ursaluna|Headlong Rush|p2a: Camerupt\n|-supereffective|p2a: Camerupt\n|-damage|p2a: Camerupt|0 fnt\n|-unboost|p1a: Ursaluna|def|1\n|-unboost|p1a: Ursaluna|spd|1\n|faint|p2a: Camerupt\n|\n|-damage|p1a: Ursaluna|117/335 brn|[from] brn\n|upkeep\n|\n|t:|1732994469\n|switch|p2a: Grafaiai|Grafaiai, L86, M|75/249\n|turn|20\n|\n|t:|1732994476\n|move|p2a: Grafaiai|Knock Off|p1a: Ursaluna\n|-damage|p1a: Ursaluna|13/335 brn\n|-enditem|p1a: Ursaluna|Flame Orb|[from] move: Knock Off|[of] p2a: Grafaiai\n|move|p1a: Ursaluna|Facade|p2a: Grafaiai\n|-damage|p2a: Grafaiai|0 fnt\n|faint|p2a: Grafaiai\n|\n|-damage|p1a: Ursaluna|0 fnt|[from] brn\n|faint|p1a: Ursaluna\n|upkeep\n|\n|t:|1732994488\n|switch|p2a: Chandelure|Chandelure, L83, M|131/235\n|switch|p1a: Jirachi|Jirachi, L80|291/291\n|-damage|p1a: Jirachi|273/291|[from] Stealth Rock\n|turn|21\n|\n|t:|1732994499\n|move|p1a: Jirachi|U-turn|p2a: Chandelure\n|-resisted|p2a: Chandelure\n|-damage|p2a: Chandelure|120/235\n|\n|t:|1732994502\n|switch|p1a: Mabosstiff|Mabosstiff, L86, M, tera:Dark|3/278|[from] U-turn\n|-damage|p1a: Mabosstiff|0 fnt|[from] Stealth Rock\n|faint|p1a: Mabosstiff\n|move|p2a: Chandelure|Shadow Ball|p1: Mabosstiff|[notarget]\n|-fail|p2a: Chandelure\n|\n|upkeep\n|\n|t:|1732994503\n|switch|p1a: Jirachi|Jirachi, L80|273/291\n|-damage|p1a: Jirachi|255/291|[from] Stealth Rock\n|turn|22\n|\n|t:|1732994508\n|move|p1a: Jirachi|Iron Head|p2a: Chandelure\n|-resisted|p2a: Chandelure\n|-damage|p2a: Chandelure|83/235\n|cant|p2a: Chandelure|flinch\n|\n|-heal|p1a: Jirachi|273/291|[from] item: Leftovers\n|upkeep\n|turn|23\n|\n|t:|1732994513\n|move|p1a: Jirachi|Iron Head|p2a: Chandelure\n|-resisted|p2a: Chandelure\n|-damage|p2a: Chandelure|45/235\n|move|p2a: Chandelure|Shadow Ball|p1a: Jirachi\n|-supereffective|p1a: Jirachi\n|-damage|p1a: Jirachi|45/291\n|\n|-heal|p1a: Jirachi|63/291|[from] item: Leftovers\n|upkeep\n|turn|24\n|\n|t:|1732994520\n|move|p1a: Jirachi|Iron Head|p2a: Chandelure\n|-resisted|p2a: Chandelure\n|-damage|p2a: Chandelure|2/235\n|move|p2a: Chandelure|Shadow Ball|p1a: Jirachi\n|-supereffective|p1a: Jirachi\n|-damage|p1a: Jirachi|0 fnt\n|faint|p1a: Jirachi\n|\n|win|lucktest18\n|raw|ANIME123456789's rating: 1555 &rarr; <strong>1536</strong><br />(-19 for losing)\n|raw|lucktest18's rating: 1564 &rarr; <strong>1583</strong><br />(+19 for winning)\n|l|\u2606ANIME123456789\n|player|p1|\n", "inputlog": ">version b107d77f5c90bd6555267ae244a6264823309ead\n>start {\"formatid\":\"gen9randombattle\",\"seed\":[18005,10744,26383,32311],\"rated\":\"Rated battle\"}\n>player p1 {\"name\":\"ANIME123456789\",\"avatar\":\"1\",\"rating\":1555,\"seed\":[63031,27180,64164,48902]}\n>player p2 {\"name\":\"lucktest18\",\"avatar\":\"cynthia-gen4\",\"rating\":1564,\"seed\":[30411,1125,49552,65485]}\n>p1 switch 3\n>p2 move fireblast\n>p1 move knockoff\n>p2 move substitute\n>p1 move knockoff\n>p2 move fireblast\n>p1 move knockoff\n>p2 move shadowball\n>p1 switch 6\n>p1 move crunch\n>p2 switch 4\n>p1 switch 3\n>p2 move calmmind\n>p1 move ironhead\n>p2 move calmmind terastallize\n>p1 move highhorsepower\n>p2 move storedpower\n>p2 switch 3\n>p1 move highhorsepower\n>p2 move knockoff\n>p1 switch 5\n>p1 move earthpower\n>p2 move uturn\n>p2 switch 5\n>p1 move sludgewave\n>p2 move dragondance\n>p1 move sludgewave\n>p2 move leafblade\n>p1 move sludgewave\n>p2 move leafblade\n>p1 switch 3\n>p1 move crunch terastallize\n>p2 move leafblade\n>p1 move crunch\n>p2 move leafblade\n>p2 switch 5\n>p1 move crunch\n>p2 move uturn\n>p2 switch 2\n>p1 switch 4\n>p2 move stealthrock\n>p1 move trailblaze\n>p2 move overheat\n>p1 move headlongrush\n>p2 move earthquake\n>p2 switch 2\n>p1 move facade\n>p2 move knockoff\n>p1 switch 2\n>p2 switch 4\n>p1 move uturn\n>p2 move shadowball\n>p1 switch 4\n>p1 switch 4\n>p1 move ironhead\n>p2 move shadowball\n>p1 move ironhead\n>p2 move shadowball\n>p1 move ironhead\n>p2 move shadowball", "uploadtime": 1732994524, "views": 2, "formatid": "gen9randombattle", "rating": 1536, "private": 0, "password": null}