{"id": "gen9randombattle-2253980702", "format": "[Gen 9] Random Battle", "players": ["Wolffadas", "Bisibsuvscz"], "log": "|j|\u2606Wolffadas\n|j|\u2606Bisibsuvscz\n|t:|1732975136\n|gametype|singles\n|player|p1|Wolffadas|102|1000\n|player|p2|Bisibsuvscz|lance|1045\n|teamsize|p1|6\n|teamsize|p2|6\n|gen|9\n|tier|[Gen 9] Random Battle\n|rated|\n|rule|Species Clause: Limit one of each Pok\u00e9mon\n|rule|HP Percentage Mod: HP is shown in percentages\n|rule|Sleep Clause Mod: Limit one foe put to sleep\n|rule|Illusion Level Mod: Illusion disguises the Pok\u00e9mon's true level\n|\n|t:|1732975136\n|start\n|switch|p1a: Conkeldurr|Conkeldurr, L80, F|299/299\n|switch|p2a: Rampardos|Rampardos, L90, F|321/321\n|turn|1\n|\n|t:|1732975149\n|move|p1a: Conkeldurr|Mach Punch|p2a: Rampardos\n|-supereffective|p2a: Rampardos\n|-damage|p2a: Rampardos|187/321\n|move|p2a: Rampardos|Zen Headbutt|p1a: Conkeldurr|[miss]\n|-miss|p2a: Rampardos|p1a: Conkeldurr\n|\n|-status|p1a: Conkeldurr|brn|[from] item: Flame Orb\n|upkeep\n|turn|2\n|inactive|Battle timer is ON: inactive players will automatically lose when time's up. (requested by Wolffadas)\n|\n|t:|1732975169\n|move|p1a: Conkeldurr|Mach Punch|p2a: Rampardos\n|-supereffective|p2a: Rampardos\n|-damage|p2a: Rampardos|0 fnt\n|faint|p2a: Rampardos\n|\n|-damage|p1a: Conkeldurr|281/299 brn|[from] brn\n|upkeep\n|\n|t:|1732975182\n|switch|p2a: Swampert|Swampert, L83, M|302/302\n|turn|3\n|\n|t:|1732975192\n|move|p2a: Swampert|Earthquake|p1a: Conkeldurr\n|-damage|p1a: Conkeldurr|173/299 brn\n|move|p1a: Conkeldurr|Facade|p2a: Swampert\n|-damage|p2a: Swampert|123/302\n|\n|-heal|p2a: Swampert|141/302|[from] item: Leftovers\n|-damage|p1a: Conkeldurr|155/299 brn|[from] brn\n|upkeep\n|turn|4\n|\n|t:|1732975209\n|move|p2a: Swampert|Stealth Rock|p1a: Conkeldurr\n|-sidestart|p1: Wolffadas|move: Stealth Rock\n|move|p1a: Conkeldurr|Facade|p2a: Swampert\n|-damage|p2a: Swampert|0 fnt\n|faint|p2a: Swampert\n|\n|-damage|p1a: Conkeldurr|137/299 brn|[from] brn\n|upkeep\n|\n|t:|1732975222\n|switch|p2a: Plusle|Plusle, L95, M|268/268\n|turn|5\n|\n|t:|1732975238\n|move|p2a: Plusle|Alluring Voice|p1a: Conkeldurr\n|-supereffective|p1a: Conkeldurr\n|-damage|p1a: Conkeldurr|0 fnt\n|faint|p1a: Conkeldurr\n|-damage|p2a: Plusle|242/268|[from] item: Life Orb\n|\n|upkeep\n|\n|t:|1732975243\n|switch|p1a: Golurk|Golurk, L87|297/297\n|-damage|p1a: Golurk|279/297|[from] Stealth Rock\n|turn|6\n|\n|t:|1732975251\n|move|p2a: Plusle|Grass Knot|p1a: Golurk\n|-supereffective|p1a: Golurk\n|-damage|p1a: Golurk|0 fnt\n|faint|p1a: Golurk\n|-damage|p2a: Plusle|216/268|[from] item: Life Orb\n|\n|upkeep\n|\n|t:|1732975255\n|switch|p1a: Appletun|Appletun, L92, M|352/352\n|-damage|p1a: Appletun|308/352|[from] Stealth Rock\n|turn|7\n|\n|t:|1732975265\n|move|p2a: Plusle|Nasty Plot|p2a: Plusle\n|-boost|p2a: Plusle|spa|2\n|move|p1a: Appletun|Apple Acid|p2a: Plusle\n|-damage|p2a: Plusle|117/268\n|-unboost|p2a: Plusle|spd|1\n|\n|-heal|p1a: Appletun|330/352|[from] item: Leftovers\n|upkeep\n|turn|8\n|\n|t:|1732975275\n|move|p2a: Plusle|Alluring Voice|p1a: Appletun\n|-supereffective|p1a: Appletun\n|-damage|p1a: Appletun|10/352\n|-damage|p2a: Plusle|91/268|[from] item: Life Orb\n|move|p1a: Appletun|Apple Acid|p2a: Plusle\n|-damage|p2a: Plusle|0 fnt\n|faint|p2a: Plusle\n|\n|-heal|p1a: Appletun|32/352|[from] item: Leftovers\n|upkeep\n|\n|t:|1732975281\n|switch|p2a: Hawlucha|Hawlucha, L80, F|256/256\n|turn|9\n|\n|t:|1732975287\n|move|p2a: Hawlucha|Swords Dance|p2a: Hawlucha\n|-boost|p2a: Hawlucha|atk|2\n|move|p1a: Appletun|Draco Meteor|p2a: Hawlucha\n|-damage|p2a: Hawlucha|24/256\n|-unboost|p1a: Appletun|spa|2\n|\n|-heal|p1a: Appletun|54/352|[from] item: Leftovers\n|upkeep\n|turn|10\n|\n|t:|1732975293\n|move|p2a: Hawlucha|Close Combat|p1a: Appletun\n|-damage|p1a: Appletun|0 fnt\n|-unboost|p2a: Hawlucha|def|1\n|-unboost|p2a: Hawlucha|spd|1\n|-enditem|p2a: Hawlucha|White Herb\n|-clearnegativeboost|p2a: Hawlucha|[silent]\n|faint|p1a: Appletun\n|\n|upkeep\n|\n|t:|1732975297\n|switch|p1a: Scream Tail|Scream Tail, L84|330/330\n|-damage|p1a: Scream Tail|289/330|[from] Stealth Rock\n|turn|11\n|\n|t:|1732975308\n|move|p2a: Hawlucha|Acrobatics|p1a: Scream Tail\n|-damage|p1a: Scream Tail|112/330\n|move|p1a: Scream Tail|Dazzling Gleam|p2a: Hawlucha\n|-supereffective|p2a: Hawlucha\n|-damage|p2a: Hawlucha|0 fnt\n|faint|p2a: Hawlucha\n|\n|-heal|p1a: Scream Tail|132/330|[from] item: Leftovers\n|upkeep\n|\n|t:|1732975310\n|switch|p2a: Suicune|Suicune, L82|298/298\n|-ability|p2a: Suicune|Pressure\n|turn|12\n|\n|t:|1732975318\n|-terastallize|p2a: Suicune|Steel\n|move|p1a: Scream Tail|Protect|p1a: Scream Tail\n|-singleturn|p1a: Scream Tail|Protect\n|move|p2a: Suicune|Substitute|p2a: Suicune\n|-start|p2a: Suicune|Substitute\n|-damage|p2a: Suicune|224/298\n|\n|-heal|p1a: Scream Tail|152/330|[from] item: Leftovers\n|-heal|p2a: Suicune|242/298|[from] item: Leftovers\n|upkeep\n|turn|13\n|\n|t:|1732975326\n|move|p1a: Scream Tail|Thunder Wave||[still]\n|-fail|p1a: Scream Tail\n|move|p2a: Suicune|Calm Mind|p2a: Suicune\n|-boost|p2a: Suicune|spa|1\n|-boost|p2a: Suicune|spd|1\n|\n|-heal|p1a: Scream Tail|172/330|[from] item: Leftovers\n|-heal|p2a: Suicune|260/298|[from] item: Leftovers\n|upkeep\n|turn|14\n|\n|t:|1732975331\n|move|p1a: Scream Tail|Thunder Wave||[still]\n|-fail|p1a: Scream Tail\n|move|p2a: Suicune|Calm Mind|p2a: Suicune\n|-boost|p2a: Suicune|spa|1\n|-boost|p2a: Suicune|spd|1\n|\n|-heal|p1a: Scream Tail|192/330|[from] item: Leftovers\n|-heal|p2a: Suicune|278/298|[from] item: Leftovers\n|upkeep\n|turn|15\n|\n|t:|1732975337\n|move|p1a: Scream Tail|Dazzling Gleam|p2a: Suicune\n|-resisted|p2a: Suicune\n|-activate|p2a: Suicune|move: Substitute|[damage]\n|move|p2a: Suicune|Scald|p1a: Scream Tail\n|-damage|p1a: Scream Tail|60/330\n|-status|p1a: Scream Tail|brn\n|\n|-heal|p1a: Scream Tail|80/330 brn|[from] item: Leftovers\n|-heal|p2a: Suicune|296/298|[from] item: Leftovers\n|-damage|p1a: Scream Tail|60/330 brn|[from] brn\n|upkeep\n|turn|16\n|\n|t:|1732975358\n|move|p1a: Scream Tail|Wish|p1a: Scream Tail\n|move|p2a: Suicune|Calm Mind|p2a: Suicune\n|-boost|p2a: Suicune|spa|1\n|-boost|p2a: Suicune|spd|1\n|\n|-heal|p1a: Scream Tail|80/330 brn|[from] item: Leftovers\n|-heal|p2a: Suicune|298/298|[from] item: Leftovers\n|-damage|p1a: Scream Tail|60/330 brn|[from] brn\n|upkeep\n|turn|17\n|\n|t:|1732975364\n|-end|p1a: Scream Tail|Protosynthesis|[silent]\n|switch|p1a: Dondozo|Dondozo, L78, F|362/362\n|-damage|p1a: Dondozo|317/362|[from] Stealth Rock\n|move|p2a: Suicune|Calm Mind|p2a: Suicune\n|-boost|p2a: Suicune|spa|1\n|-boost|p2a: Suicune|spd|1\n|\n|-heal|p1a: Dondozo|362/362|[from] move: Wish|[wisher] Scream Tail\n|upkeep\n|turn|18\n|\n|t:|1732975373\n|move|p2a: Suicune|Scald|p1a: Dondozo\n|-resisted|p1a: Dondozo\n|-damage|p1a: Dondozo|311/362\n|move|p1a: Dondozo|Curse|p1a: Dondozo\n|-unboost|p1a: Dondozo|spe|1\n|-boost|p1a: Dondozo|atk|1\n|-boost|p1a: Dondozo|def|1\n|\n|-heal|p1a: Dondozo|333/362|[from] item: Leftovers\n|upkeep\n|turn|19\n|\n|t:|1732975386\n|switch|p2a: Pachirisu|Pachirisu, L96, F|271/271\n|move|p1a: Dondozo|Wave Crash|p2a: Pachirisu\n|-crit|p2a: Pachirisu\n|-damage|p2a: Pachirisu|1/271\n|-damage|p1a: Dondozo|244/362|[from] Recoil\n|\n|-heal|p1a: Dondozo|266/362|[from] item: Leftovers\n|upkeep\n|turn|20\n|\n|t:|1732975398\n|switch|p1a: Scream Tail|Scream Tail, L84|60/330 brn\n|-damage|p1a: Scream Tail|19/330 brn|[from] Stealth Rock\n|move|p2a: Pachirisu|Thunderbolt|p1a: Scream Tail\n|-damage|p1a: Scream Tail|0 fnt\n|faint|p1a: Scream Tail\n|-end|p1a: Scream Tail|Protosynthesis|[silent]\n|\n|upkeep\n|\n|t:|1732975403\n|switch|p1a: Darkrai|Darkrai, L77|234/234\n|-damage|p1a: Darkrai|205/234|[from] Stealth Rock\n|turn|21\n|\n|t:|1732975415\n|move|p2a: Pachirisu|Nuzzle|p1a: Darkrai\n|-damage|p1a: Darkrai|186/234\n|-status|p1a: Darkrai|par\n|move|p1a: Darkrai|Dark Pulse|p2a: Pachirisu\n|-damage|p2a: Pachirisu|0 fnt\n|faint|p2a: Pachirisu\n|-damage|p1a: Darkrai|163/234 par|[from] item: Life Orb\n|\n|upkeep\n|\n|t:|1732975422\n|switch|p2a: Suicune|Suicune, L82, tera:Steel|298/298\n|-ability|p2a: Suicune|Pressure\n|turn|22\n|\n|t:|1732975426\n|move|p2a: Suicune|Substitute|p2a: Suicune\n|-start|p2a: Suicune|Substitute\n|-damage|p2a: Suicune|224/298\n|cant|p1a: Darkrai|par\n|\n|-heal|p2a: Suicune|242/298|[from] item: Leftovers\n|upkeep\n|turn|23\n|\n|t:|1732975432\n|move|p2a: Suicune|Calm Mind|p2a: Suicune\n|-boost|p2a: Suicune|spa|1\n|-boost|p2a: Suicune|spd|1\n|move|p1a: Darkrai|Dark Pulse|p2a: Suicune\n|-activate|p2a: Suicune|move: Substitute|[damage]\n|-damage|p1a: Darkrai|140/234 par|[from] item: Life Orb\n|\n|-heal|p2a: Suicune|260/298|[from] item: Leftovers\n|upkeep\n|turn|24\n|\n|t:|1732975444\n|move|p2a: Suicune|Calm Mind|p2a: Suicune\n|-boost|p2a: Suicune|spa|1\n|-boost|p2a: Suicune|spd|1\n|move|p1a: Darkrai|Dark Pulse|p2a: Suicune\n|-end|p2a: Suicune|Substitute\n|-damage|p1a: Darkrai|117/234 par|[from] item: Life Orb\n|\n|-heal|p2a: Suicune|278/298|[from] item: Leftovers\n|upkeep\n|turn|25\n|\n|t:|1732975457\n|move|p2a: Suicune|Protect|p2a: Suicune\n|-singleturn|p2a: Suicune|Protect\n|move|p1a: Darkrai|Dark Pulse|p2a: Suicune\n|-activate|p2a: Suicune|move: Protect\n|\n|-heal|p2a: Suicune|296/298|[from] item: Leftovers\n|upkeep\n|turn|26\n|\n|t:|1732975460\n|move|p2a: Suicune|Substitute|p2a: Suicune\n|-start|p2a: Suicune|Substitute\n|-damage|p2a: Suicune|222/298\n|move|p1a: Darkrai|Hypnosis|p2a: Suicune|[miss]\n|-miss|p1a: Darkrai|p2a: Suicune\n|\n|-heal|p2a: Suicune|240/298|[from] item: Leftovers\n|upkeep\n|turn|27\n|\n|t:|1732975465\n|move|p2a: Suicune|Scald|p1a: Darkrai\n|-damage|p1a: Darkrai|0 fnt\n|faint|p1a: Darkrai\n|\n|-heal|p2a: Suicune|258/298|[from] item: Leftovers\n|upkeep\n|\n|t:|1732975472\n|switch|p1a: Dondozo|Dondozo, L78, F|266/362\n|-damage|p1a: Dondozo|221/362|[from] Stealth Rock\n|turn|28\n|\n|t:|1732975477\n|move|p2a: Suicune|Scald|p1a: Dondozo\n|-resisted|p1a: Dondozo\n|-damage|p1a: Dondozo|167/362\n|move|p1a: Dondozo|Wave Crash|p2a: Suicune\n|-end|p2a: Suicune|Substitute\n|-damage|p1a: Dondozo|143/362|[from] Recoil|[of] p2a: Suicune\n|\n|-heal|p2a: Suicune|276/298|[from] item: Leftovers\n|-heal|p1a: Dondozo|165/362|[from] item: Leftovers\n|upkeep\n|turn|29\n|\n|t:|1732975485\n|move|p2a: Suicune|Substitute|p2a: Suicune\n|-start|p2a: Suicune|Substitute\n|-damage|p2a: Suicune|202/298\n|move|p1a: Dondozo|Wave Crash|p2a: Suicune\n|-end|p2a: Suicune|Substitute\n|-damage|p1a: Dondozo|141/362|[from] Recoil|[of] p2a: Suicune\n|\n|-heal|p2a: Suicune|220/298|[from] item: Leftovers\n|-heal|p1a: Dondozo|163/362|[from] item: Leftovers\n|upkeep\n|turn|30\n|\n|t:|1732975491\n|move|p2a: Suicune|Protect|p2a: Suicune\n|-singleturn|p2a: Suicune|Protect\n|move|p1a: Dondozo|Wave Crash|p2a: Suicune\n|-activate|p2a: Suicune|move: Protect\n|\n|-heal|p2a: Suicune|238/298|[from] item: Leftovers\n|-heal|p1a: Dondozo|185/362|[from] item: Leftovers\n|upkeep\n|turn|31\n|\n|t:|1732975498\n|move|p2a: Suicune|Substitute|p2a: Suicune\n|-start|p2a: Suicune|Substitute\n|-damage|p2a: Suicune|164/298\n|move|p1a: Dondozo|Wave Crash|p2a: Suicune\n|-end|p2a: Suicune|Substitute\n|-damage|p1a: Dondozo|161/362|[from] Recoil|[of] p2a: Suicune\n|\n|-heal|p2a: Suicune|182/298|[from] item: Leftovers\n|-heal|p1a: Dondozo|183/362|[from] item: Leftovers\n|upkeep\n|turn|32\n|\n|t:|1732975504\n|move|p2a: Suicune|Protect|p2a: Suicune\n|-singleturn|p2a: Suicune|Protect\n|move|p1a: Dondozo|Wave Crash|p2a: Suicune\n|-activate|p2a: Suicune|move: Protect\n|\n|-heal|p2a: Suicune|200/298|[from] item: Leftovers\n|-heal|p1a: Dondozo|205/362|[from] item: Leftovers\n|upkeep\n|turn|33\n|\n|t:|1732975509\n|move|p2a: Suicune|Substitute|p2a: Suicune\n|-start|p2a: Suicune|Substitute\n|-damage|p2a: Suicune|126/298\n|move|p1a: Dondozo|Wave Crash|p2a: Suicune\n|-end|p2a: Suicune|Substitute\n|-damage|p1a: Dondozo|181/362|[from] Recoil|[of] p2a: Suicune\n|\n|-heal|p2a: Suicune|144/298|[from] item: Leftovers\n|-heal|p1a: Dondozo|203/362|[from] item: Leftovers\n|upkeep\n|turn|34\n|\n|t:|1732975516\n|move|p2a: Suicune|Protect|p2a: Suicune\n|-singleturn|p2a: Suicune|Protect\n|move|p1a: Dondozo|Wave Crash|p2a: Suicune\n|-activate|p2a: Suicune|move: Protect\n|\n|-heal|p2a: Suicune|162/298|[from] item: Leftovers\n|-heal|p1a: Dondozo|225/362|[from] item: Leftovers\n|upkeep\n|turn|35\n|\n|t:|1732975522\n|move|p2a: Suicune|Substitute|p2a: Suicune\n|-start|p2a: Suicune|Substitute\n|-damage|p2a: Suicune|88/298\n|move|p1a: Dondozo|Wave Crash|p2a: Suicune\n|-end|p2a: Suicune|Substitute\n|-damage|p1a: Dondozo|201/362|[from] Recoil|[of] p2a: Suicune\n|\n|-heal|p2a: Suicune|106/298|[from] item: Leftovers\n|-heal|p1a: Dondozo|223/362|[from] item: Leftovers\n|upkeep\n|turn|36\n|\n|t:|1732975541\n|move|p2a: Suicune|Scald|p1a: Dondozo\n|-resisted|p1a: Dondozo\n|-crit|p1a: Dondozo\n|-damage|p1a: Dondozo|151/362\n|move|p1a: Dondozo|Rest|p1a: Dondozo\n|-status|p1a: Dondozo|slp|[from] move: Rest\n|-heal|p1a: Dondozo|362/362 slp|[silent]\n|\n|-heal|p2a: Suicune|124/298|[from] item: Leftovers\n|upkeep\n|turn|37\n|\n|t:|1732975550\n|move|p2a: Suicune|Calm Mind|p2a: Suicune\n|-boost|p2a: Suicune|spa|1\n|-boost|p2a: Suicune|spd|1\n|cant|p1a: Dondozo|slp\n|move|p1a: Dondozo|Sleep Talk|p1a: Dondozo\n|move|p1a: Dondozo|Curse|p1a: Dondozo|[from]move: Sleep Talk\n|-unboost|p1a: Dondozo|spe|1\n|-boost|p1a: Dondozo|atk|1\n|-boost|p1a: Dondozo|def|1\n|\n|-heal|p2a: Suicune|142/298|[from] item: Leftovers\n|upkeep\n|turn|38\n|\n|t:|1732975556\n|move|p2a: Suicune|Calm Mind|p2a: Suicune\n|-boost|p2a: Suicune|spa|1\n|-boost|p2a: Suicune|spd|1\n|cant|p1a: Dondozo|slp\n|move|p1a: Dondozo|Sleep Talk|p1a: Dondozo\n|move|p1a: Dondozo|Curse|p1a: Dondozo|[from]move: Sleep Talk\n|-unboost|p1a: Dondozo|spe|1\n|-boost|p1a: Dondozo|atk|1\n|-boost|p1a: Dondozo|def|1\n|\n|-heal|p2a: Suicune|160/298|[from] item: Leftovers\n|upkeep\n|turn|39\n|\n|t:|1732975563\n|move|p2a: Suicune|Calm Mind|p2a: Suicune\n|-boost|p2a: Suicune|spa|1\n|-boost|p2a: Suicune|spd|1\n|-curestatus|p1a: Dondozo|slp|[msg]\n|move|p1a: Dondozo|Sleep Talk||[still]\n|-fail|p1a: Dondozo\n|\n|-heal|p2a: Suicune|178/298|[from] item: Leftovers\n|upkeep\n|turn|40\n|\n|t:|1732975572\n|move|p2a: Suicune|Scald|p1a: Dondozo\n|-resisted|p1a: Dondozo\n|-damage|p1a: Dondozo|314/362\n|move|p1a: Dondozo|Curse|p1a: Dondozo\n|-unboost|p1a: Dondozo|spe|1\n|-boost|p1a: Dondozo|atk|1\n|-boost|p1a: Dondozo|def|1\n|\n|-heal|p2a: Suicune|196/298|[from] item: Leftovers\n|-heal|p1a: Dondozo|336/362|[from] item: Leftovers\n|upkeep\n|turn|41\n|\n|t:|1732975582\n|move|p2a: Suicune|Substitute|p2a: Suicune\n|-start|p2a: Suicune|Substitute\n|-damage|p2a: Suicune|122/298\n|move|p1a: Dondozo|Curse|p1a: Dondozo\n|-unboost|p1a: Dondozo|spe|1\n|-boost|p1a: Dondozo|atk|1\n|-boost|p1a: Dondozo|def|1\n|\n|-heal|p2a: Suicune|140/298|[from] item: Leftovers\n|-heal|p1a: Dondozo|358/362|[from] item: Leftovers\n|upkeep\n|turn|42\n|\n|t:|1732975588\n|move|p2a: Suicune|Substitute|p2a: Suicune\n|-fail|p2a: Suicune|move: Substitute\n|move|p1a: Dondozo|Curse|p1a: Dondozo\n|-unboost|p1a: Dondozo|spe|1\n|-boost|p1a: Dondozo|atk|1\n|-boost|p1a: Dondozo|def|1\n|\n|-heal|p2a: Suicune|158/298|[from] item: Leftovers\n|-heal|p1a: Dondozo|362/362|[from] item: Leftovers\n|upkeep\n|turn|43\n|\n|t:|1732975608\n|move|p2a: Suicune|Substitute|p2a: Suicune\n|-fail|p2a: Suicune|move: Substitute\n|move|p1a: Dondozo|Curse|p1a: Dondozo\n|-unboost|p1a: Dondozo|spe|1\n|-boost|p1a: Dondozo|atk|1\n|-boost|p1a: Dondozo|def|1\n|\n|-heal|p2a: Suicune|176/298|[from] item: Leftovers\n|upkeep\n|turn|44\n|\n|t:|1732975619\n|move|p2a: Suicune|Scald|p1a: Dondozo\n|-resisted|p1a: Dondozo\n|-damage|p1a: Dondozo|310/362\n|move|p1a: Dondozo|Curse|p1a: Dondozo\n|\n|-heal|p2a: Suicune|194/298|[from] item: Leftovers\n|-heal|p1a: Dondozo|332/362|[from] item: Leftovers\n|upkeep\n|turn|45\n|\n|t:|1732975626\n|move|p2a: Suicune|Substitute|p2a: Suicune\n|-fail|p2a: Suicune|move: Substitute\n|move|p1a: Dondozo|Curse|p1a: Dondozo\n|\n|-heal|p2a: Suicune|212/298|[from] item: Leftovers\n|-heal|p1a: Dondozo|354/362|[from] item: Leftovers\n|upkeep\n|turn|46\n|\n|t:|1732975649\n|move|p2a: Suicune|Substitute|p2a: Suicune\n|-fail|p2a: Suicune|move: Substitute\n|move|p1a: Dondozo|Curse|p1a: Dondozo\n|\n|-heal|p2a: Suicune|230/298|[from] item: Leftovers\n|-heal|p1a: Dondozo|362/362|[from] item: Leftovers\n|upkeep\n|turn|47\n|\n|t:|1732975658\n|move|p2a: Suicune|Substitute|p2a: Suicune\n|-fail|p2a: Suicune|move: Substitute\n|move|p1a: Dondozo|Curse|p1a: Dondozo\n|\n|-heal|p2a: Suicune|248/298|[from] item: Leftovers\n|upkeep\n|turn|48\n|\n|t:|1732975664\n|move|p2a: Suicune|Substitute|p2a: Suicune\n|-fail|p2a: Suicune|move: Substitute\n|move|p1a: Dondozo|Curse|p1a: Dondozo\n|\n|-heal|p2a: Suicune|266/298|[from] item: Leftovers\n|upkeep\n|turn|49\n|\n|t:|1732975671\n|move|p2a: Suicune|Substitute|p2a: Suicune\n|-fail|p2a: Suicune|move: Substitute\n|move|p1a: Dondozo|Curse|p1a: Dondozo\n|\n|-heal|p2a: Suicune|284/298|[from] item: Leftovers\n|upkeep\n|turn|50\n|\n|t:|1732975678\n|move|p2a: Suicune|Substitute|p2a: Suicune\n|-fail|p2a: Suicune|move: Substitute\n|move|p1a: Dondozo|Curse|p1a: Dondozo\n|\n|-heal|p2a: Suicune|298/298|[from] item: Leftovers\n|upkeep\n|turn|51\n|\n|t:|1732975684\n|move|p2a: Suicune|Calm Mind|p2a: Suicune\n|-boost|p2a: Suicune|spa|1\n|-boost|p2a: Suicune|spd|1\n|move|p1a: Dondozo|Curse|p1a: Dondozo\n|\n|upkeep\n|turn|52\n|\n|t:|1732975689\n|move|p2a: Suicune|Calm Mind|p2a: Suicune\n|-boost|p2a: Suicune|spa|0\n|-boost|p2a: Suicune|spd|0\n|move|p1a: Dondozo|Curse|p1a: Dondozo\n|\n|upkeep\n|turn|53\n|\n|t:|1732975697\n|move|p2a: Suicune|Calm Mind|p2a: Suicune\n|-boost|p2a: Suicune|spa|0\n|-boost|p2a: Suicune|spd|0\n|move|p1a: Dondozo|Curse|p1a: Dondozo\n|\n|upkeep\n|turn|54\n|\n|t:|1732975702\n|move|p2a: Suicune|Calm Mind|p2a: Suicune\n|-boost|p2a: Suicune|spa|0\n|-boost|p2a: Suicune|spd|0\n|move|p1a: Dondozo|Curse|p1a: Dondozo\n|\n|upkeep\n|turn|55\n|\n|t:|1732975713\n|move|p2a: Suicune|Calm Mind|p2a: Suicune\n|-boost|p2a: Suicune|spa|0\n|-boost|p2a: Suicune|spd|0\n|move|p1a: Dondozo|Sleep Talk||[still]\n|-fail|p1a: Dondozo\n|\n|upkeep\n|turn|56\n|\n|t:|1732975716\n|move|p2a: Suicune|Calm Mind|p2a: Suicune\n|-boost|p2a: Suicune|spa|0\n|-boost|p2a: Suicune|spd|0\n|move|p1a: Dondozo|Sleep Talk||[still]\n|-fail|p1a: Dondozo\n|\n|upkeep\n|turn|57\n|\n|t:|1732975721\n|move|p2a: Suicune|Calm Mind|p2a: Suicune\n|-boost|p2a: Suicune|spa|0\n|-boost|p2a: Suicune|spd|0\n|move|p1a: Dondozo|Sleep Talk||[still]\n|-fail|p1a: Dondozo\n|\n|upkeep\n|turn|58\n|\n|t:|1732975727\n|move|p2a: Suicune|Calm Mind|p2a: Suicune\n|-boost|p2a: Suicune|spa|0\n|-boost|p2a: Suicune|spd|0\n|move|p1a: Dondozo|Sleep Talk||[still]\n|-fail|p1a: Dondozo\n|\n|upkeep\n|turn|59\n|\n|t:|1732975730\n|move|p2a: Suicune|Calm Mind|p2a: Suicune\n|-boost|p2a: Suicune|spa|0\n|-boost|p2a: Suicune|spd|0\n|move|p1a: Dondozo|Sleep Talk||[still]\n|-fail|p1a: Dondozo\n|\n|upkeep\n|turn|60\n|\n|t:|1732975734\n|move|p2a: Suicune|Calm Mind|p2a: Suicune\n|-boost|p2a: Suicune|spa|0\n|-boost|p2a: Suicune|spd|0\n|move|p1a: Dondozo|Sleep Talk||[still]\n|-fail|p1a: Dondozo\n|\n|upkeep\n|turn|61\n|\n|t:|1732975735\n|move|p2a: Suicune|Calm Mind|p2a: Suicune\n|-boost|p2a: Suicune|spa|0\n|-boost|p2a: Suicune|spd|0\n|move|p1a: Dondozo|Sleep Talk||[still]\n|-fail|p1a: Dondozo\n|\n|upkeep\n|turn|62\n|\n|t:|1732975737\n|move|p2a: Suicune|Calm Mind|p2a: Suicune\n|-boost|p2a: Suicune|spa|0\n|-boost|p2a: Suicune|spd|0\n|move|p1a: Dondozo|Sleep Talk||[still]\n|-fail|p1a: Dondozo\n|\n|upkeep\n|turn|63\n|\n|t:|1732975740\n|move|p2a: Suicune|Calm Mind|p2a: Suicune\n|-boost|p2a: Suicune|spa|0\n|-boost|p2a: Suicune|spd|0\n|move|p1a: Dondozo|Sleep Talk||[still]\n|-fail|p1a: Dondozo\n|\n|upkeep\n|turn|64\n|\n|t:|1732975742\n|move|p2a: Suicune|Calm Mind|p2a: Suicune\n|-boost|p2a: Suicune|spa|0\n|-boost|p2a: Suicune|spd|0\n|move|p1a: Dondozo|Sleep Talk||[still]\n|-fail|p1a: Dondozo\n|\n|upkeep\n|turn|65\n|\n|t:|1732975745\n|move|p2a: Suicune|Calm Mind|p2a: Suicune\n|-boost|p2a: Suicune|spa|0\n|-boost|p2a: Suicune|spd|0\n|move|p1a: Dondozo|Sleep Talk||[still]\n|-fail|p1a: Dondozo\n|\n|upkeep\n|turn|66\n|\n|t:|1732975747\n|move|p2a: Suicune|Calm Mind|p2a: Suicune\n|-boost|p2a: Suicune|spa|0\n|-boost|p2a: Suicune|spd|0\n|move|p1a: Dondozo|Sleep Talk||[still]\n|-fail|p1a: Dondozo\n|\n|upkeep\n|turn|67\n|\n|t:|1732975749\n|move|p2a: Suicune|Calm Mind|p2a: Suicune\n|-boost|p2a: Suicune|spa|0\n|-boost|p2a: Suicune|spd|0\n|move|p1a: Dondozo|Sleep Talk||[still]\n|-fail|p1a: Dondozo\n|\n|upkeep\n|turn|68\n|\n|t:|1732975751\n|move|p2a: Suicune|Calm Mind|p2a: Suicune\n|-boost|p2a: Suicune|spa|0\n|-boost|p2a: Suicune|spd|0\n|move|p1a: Dondozo|Rest|p1a: Dondozo\n|-fail|p1a: Dondozo|heal\n|\n|upkeep\n|turn|69\n|\n|t:|1732975755\n|move|p2a: Suicune|Calm Mind|p2a: Suicune\n|-boost|p2a: Suicune|spa|0\n|-boost|p2a: Suicune|spd|0\n|move|p1a: Dondozo|Rest|p1a: Dondozo\n|-fail|p1a: Dondozo|heal\n|\n|upkeep\n|turn|70\n|\n|t:|1732975757\n|move|p2a: Suicune|Calm Mind|p2a: Suicune\n|-boost|p2a: Suicune|spa|0\n|-boost|p2a: Suicune|spd|0\n|move|p1a: Dondozo|Rest|p1a: Dondozo\n|-fail|p1a: Dondozo|heal\n|\n|upkeep\n|turn|71\n|\n|t:|1732975759\n|move|p2a: Suicune|Calm Mind|p2a: Suicune\n|-boost|p2a: Suicune|spa|0\n|-boost|p2a: Suicune|spd|0\n|move|p1a: Dondozo|Rest|p1a: Dondozo\n|-fail|p1a: Dondozo|heal\n|\n|upkeep\n|turn|72\n|\n|t:|1732975761\n|move|p2a: Suicune|Calm Mind|p2a: Suicune\n|-boost|p2a: Suicune|spa|0\n|-boost|p2a: Suicune|spd|0\n|move|p1a: Dondozo|Rest|p1a: Dondozo\n|-fail|p1a: Dondozo|heal\n|\n|upkeep\n|turn|73\n|\n|t:|1732975763\n|move|p2a: Suicune|Calm Mind|p2a: Suicune\n|-boost|p2a: Suicune|spa|0\n|-boost|p2a: Suicune|spd|0\n|move|p1a: Dondozo|Rest|p1a: Dondozo\n|-fail|p1a: Dondozo|heal\n|\n|upkeep\n|turn|74\n|\n|t:|1732975766\n|move|p2a: Suicune|Protect|p2a: Suicune\n|-singleturn|p2a: Suicune|Protect\n|move|p1a: Dondozo|Rest|p1a: Dondozo\n|-fail|p1a: Dondozo|heal\n|\n|upkeep\n|turn|75\n|\n|t:|1732975773\n|move|p2a: Suicune|Scald|p1a: Dondozo\n|-resisted|p1a: Dondozo\n|-damage|p1a: Dondozo|315/362\n|-activate|p1a: Dondozo|move: Struggle\n|move|p1a: Dondozo|Struggle|p2a: Suicune\n|-end|p2a: Suicune|Substitute\n|-damage|p1a: Dondozo|224/362|[from] recoil\n|\n|-heal|p1a: Dondozo|246/362|[from] item: Leftovers\n|upkeep\n|turn|76\n|\n|t:|1732975781\n|move|p2a: Suicune|Protect|p2a: Suicune\n|-singleturn|p2a: Suicune|Protect\n|-activate|p1a: Dondozo|move: Struggle\n|move|p1a: Dondozo|Struggle|p2a: Suicune\n|-activate|p2a: Suicune|move: Protect\n|\n|-heal|p1a: Dondozo|268/362|[from] item: Leftovers\n|upkeep\n|turn|77\n|\n|t:|1732975784\n|move|p2a: Suicune|Scald|p1a: Dondozo\n|-resisted|p1a: Dondozo\n|-damage|p1a: Dondozo|220/362\n|-activate|p1a: Dondozo|move: Struggle\n|move|p1a: Dondozo|Struggle|p2a: Suicune\n|-crit|p2a: Suicune\n|-damage|p2a: Suicune|141/298\n|-damage|p1a: Dondozo|129/362|[from] recoil\n|\n|-heal|p2a: Suicune|159/298|[from] item: Leftovers\n|-heal|p1a: Dondozo|151/362|[from] item: Leftovers\n|upkeep\n|turn|78\n|\n|t:|1732975792\n|move|p2a: Suicune|Protect|p2a: Suicune\n|-singleturn|p2a: Suicune|Protect\n|-activate|p1a: Dondozo|move: Struggle\n|move|p1a: Dondozo|Struggle|p2a: Suicune\n|-activate|p2a: Suicune|move: Protect\n|\n|-heal|p2a: Suicune|177/298|[from] item: Leftovers\n|-heal|p1a: Dondozo|173/362|[from] item: Leftovers\n|upkeep\n|turn|79\n|\n|t:|1732975797\n|move|p2a: Suicune|Scald|p1a: Dondozo\n|-resisted|p1a: Dondozo\n|-damage|p1a: Dondozo|123/362\n|-activate|p1a: Dondozo|move: Struggle\n|move|p1a: Dondozo|Struggle|p2a: Suicune\n|-damage|p2a: Suicune|71/298\n|-damage|p1a: Dondozo|32/362|[from] recoil\n|\n|-heal|p2a: Suicune|89/298|[from] item: Leftovers\n|-heal|p1a: Dondozo|54/362|[from] item: Leftovers\n|upkeep\n|turn|80\n|\n|t:|1732975813\n|move|p2a: Suicune|Protect|p2a: Suicune\n|-singleturn|p2a: Suicune|Protect\n|-activate|p1a: Dondozo|move: Struggle\n|move|p1a: Dondozo|Struggle|p2a: Suicune\n|-activate|p2a: Suicune|move: Protect\n|\n|-heal|p2a: Suicune|107/298|[from] item: Leftovers\n|-heal|p1a: Dondozo|76/362|[from] item: Leftovers\n|upkeep\n|turn|81\n|\n|t:|1732975817\n|move|p2a: Suicune|Scald|p1a: Dondozo\n|-resisted|p1a: Dondozo\n|-damage|p1a: Dondozo|28/362\n|-activate|p1a: Dondozo|move: Struggle\n|move|p1a: Dondozo|Struggle|p2a: Suicune\n|-damage|p2a: Suicune|5/298\n|-damage|p1a: Dondozo|0 fnt|[from] recoil\n|faint|p1a: Dondozo\n|\n|win|Bisibsuvscz\n|raw|Wolffadas's rating: 1000 &rarr; <strong>1000</strong><br />(+0 for losing)\n|raw|Bisibsuvscz's rating: 1079 &rarr; <strong>1101</strong><br />(+22 for winning)\n|l|\u2606Wolffadas\n|player|p1|\n", "inputlog": ">version b107d77f5c90bd6555267ae244a6264823309ead\n>start {\"formatid\":\"gen9randombattle\",\"seed\":[39732,38462,32718,47172],\"rated\":\"Rated battle\"}\n>player p1 {\"name\":\"Wolffadas\",\"avatar\":\"102\",\"rating\":1000,\"seed\":[48839,59162,10626,29279]}\n>player p2 {\"name\":\"Bisibsuvscz\",\"avatar\":\"lance\",\"rating\":1045,\"seed\":[38589,1986,3080,47870]}\n>p1 move machpunch\n>p2 move zenheadbutt\n>p1 move machpunch\n>p2 move zenheadbutt\n>p2 switch 6\n>p1 move facade\n>p2 move earthquake\n>p1 move facade\n>p2 move stealthrock\n>p2 switch 3\n>p1 move facade\n>p2 move alluringvoice\n>p1 switch 3\n>p1 move stealthrock\n>p2 move grassknot\n>p1 switch 5\n>p1 move appleacid\n>p2 move nastyplot\n>p1 move appleacid\n>p2 move alluringvoice\n>p2 switch 2\n>p1 move dracometeor\n>p2 move swordsdance\n>p1 move leechseed\n>p2 move closecombat\n>p1 switch 2\n>p1 move dazzlinggleam\n>p2 move acrobatics\n>p2 switch 5\n>p1 move protect\n>p2 move substitute terastallize\n>p1 move thunderwave\n>p2 move calmmind\n>p1 move thunderwave\n>p2 move calmmind\n>p1 move dazzlinggleam\n>p2 move scald\n>p1 move wish\n>p2 move calmmind\n>p1 switch 4\n>p2 move calmmind\n>p1 move curse\n>p2 move scald\n>p1 move wavecrash\n>p2 switch 4\n>p1 switch 4\n>p2 move thunderbolt\n>p1 switch 6\n>p1 move darkpulse\n>p2 move nuzzle\n>p2 switch 4\n>p1 move hypnosis\n>p2 move substitute\n>p1 move darkpulse\n>p2 move calmmind\n>p1 move darkpulse\n>p2 move calmmind\n>p1 move darkpulse\n>p2 move protect\n>p1 move hypnosis\n>p2 move substitute\n>p1 move darkpulse\n>p2 move scald\n>p1 switch 4\n>p1 move wavecrash\n>p2 move scald\n>p1 move wavecrash\n>p2 move substitute\n>p1 move wavecrash\n>p2 move protect\n>p1 move wavecrash\n>p2 move substitute\n>p1 move wavecrash\n>p2 move protect\n>p1 move wavecrash\n>p2 move substitute\n>p1 move wavecrash\n>p2 move protect\n>p1 move wavecrash\n>p2 move substitute\n>p1 move rest\n>p2 move scald\n>p1 move sleeptalk\n>p2 move calmmind\n>p1 move sleeptalk\n>p2 move calmmind\n>p1 move sleeptalk\n>p2 move calmmind\n>p1 move curse\n>p2 move scald\n>p1 move curse\n>p2 move substitute\n>p1 move curse\n>p2 move substitute\n>p1 move curse\n>p2 move substitute\n>p1 move curse\n>p2 move scald\n>p1 move curse\n>p2 move substitute\n>p1 move curse\n>p2 move substitute\n>p1 move curse\n>p2 move substitute\n>p1 move curse\n>p2 move substitute\n>p1 move curse\n>p2 move substitute\n>p1 move curse\n>p2 move substitute\n>p1 move curse\n>p2 move calmmind\n>p1 move curse\n>p2 move calmmind\n>p1 move curse\n>p2 move calmmind\n>p1 move curse\n>p2 move calmmind\n>p1 move sleeptalk\n>p2 move calmmind\n>p1 move sleeptalk\n>p2 move calmmind\n>p1 move sleeptalk\n>p2 move calmmind\n>p1 move sleeptalk\n>p2 move calmmind\n>p1 move sleeptalk\n>p2 move calmmind\n>p1 move sleeptalk\n>p2 move calmmind\n>p1 move sleeptalk\n>p2 move calmmind\n>p1 move sleeptalk\n>p2 move calmmind\n>p1 move sleeptalk\n>p2 move calmmind\n>p1 move sleeptalk\n>p2 move calmmind\n>p1 move sleeptalk\n>p2 move calmmind\n>p1 move sleeptalk\n>p2 move calmmind\n>p1 move sleeptalk\n>p2 move calmmind\n>p1 move rest\n>p2 move calmmind\n>p1 move rest\n>p2 move calmmind\n>p1 move rest\n>p2 move calmmind\n>p1 move rest\n>p2 move calmmind\n>p1 move rest\n>p2 move calmmind\n>p1 move rest\n>p2 move calmmind\n>p1 move rest\n>p2 move protect\n>p1 move struggle\n>p2 move scald\n>p1 move struggle\n>p2 move protect\n>p1 move struggle\n>p2 move scald\n>p1 move struggle\n>p2 move protect\n>p1 move struggle\n>p2 move scald\n>p1 move struggle\n>p2 move protect\n>p1 move struggle\n>p2 move scald", "uploadtime": 1732975835, "views": 1, "formatid": "gen9randombattle", "rating": 1000, "private": 0, "password": null}