{"id": "gen9randombattle-2253812300", "format": "[Gen 9] Random Battle", "players": ["FR33CC", "Phungnomotive113"], "log": "|j|\u2606FR33CC\n|j|\u2606Phungnomotive113\n|t:|1732942059\n|gametype|singles\n|player|p1|FR33CC|marlon|1166\n|player|p2|Phungnomotive113|170|1126\n|teamsize|p1|6\n|teamsize|p2|6\n|gen|9\n|tier|[Gen 9] Random Battle\n|rated|\n|rule|Species Clause: Limit one of each Pok\u00e9mon\n|rule|HP Percentage Mod: HP is shown in percentages\n|rule|Sleep Clause Mod: Limit one foe put to sleep\n|rule|Illusion Level Mod: Illusion disguises the Pok\u00e9mon's true level\n|\n|t:|1732942059\n|start\n|switch|p1a: Victreebel|Victreebel, L90, F|290/290\n|switch|p2a: Iron Crown|Iron Crown, L79|272/272\n|turn|1\n|inactive|Battle timer is ON: inactive players will automatically lose when time's up. (requested by FR33CC)\n|\n|t:|1732942087\n|switch|p1a: Espathra|Espathra, L80, F|283/283\n|move|p2a: Iron Crown|Calm Mind|p2a: Iron Crown\n|-boost|p2a: Iron Crown|spa|1\n|-boost|p2a: Iron Crown|spd|1\n|\n|upkeep\n|turn|2\n|\n|t:|1732942097\n|move|p1a: Espathra|Calm Mind|p1a: Espathra\n|-boost|p1a: Espathra|spa|1\n|-boost|p1a: Espathra|spd|1\n|move|p2a: Iron Crown|Tachyon Cutter|p1a: Espathra\n|-damage|p1a: Espathra|207/283\n|-damage|p1a: Espathra|131/283\n|-hitcount|p1a: Espathra|2\n|\n|-heal|p1a: Espathra|148/283|[from] item: Leftovers\n|-ability|p1a: Espathra|Speed Boost|boost\n|-boost|p1a: Espathra|spe|1\n|upkeep\n|turn|3\n|\n|t:|1732942116\n|-end|p2a: Iron Crown|Quark Drive|[silent]\n|switch|p2a: Whimsicott|Whimsicott, L85, F|241/241\n|move|p1a: Espathra|Dazzling Gleam|p2a: Whimsicott\n|-damage|p2a: Whimsicott|158/241\n|\n|-heal|p1a: Espathra|165/283|[from] item: Leftovers\n|-ability|p1a: Espathra|Speed Boost|boost\n|-boost|p1a: Espathra|spe|1\n|upkeep\n|turn|4\n|\n|t:|1732942124\n|move|p2a: Whimsicott|Stun Spore|p1a: Espathra\n|-status|p1a: Espathra|par\n|move|p1a: Espathra|Calm Mind|p1a: Espathra\n|-boost|p1a: Espathra|spa|1\n|-boost|p1a: Espathra|spd|1\n|\n|-heal|p1a: Espathra|182/283 par|[from] item: Leftovers\n|-ability|p1a: Espathra|Speed Boost|boost\n|-boost|p1a: Espathra|spe|1\n|upkeep\n|turn|5\n|\n|t:|1732942134\n|move|p1a: Espathra|Roost|p1a: Espathra\n|-heal|p1a: Espathra|283/283 par\n|-singleturn|p1a: Espathra|move: Roost\n|move|p2a: Whimsicott|Giga Drain|p1a: Espathra\n|-damage|p1a: Espathra|232/283 par\n|-heal|p2a: Whimsicott|184/241|[from] drain|[of] p1a: Espathra\n|\n|-heal|p1a: Espathra|249/283 par|[from] item: Leftovers\n|-ability|p1a: Espathra|Speed Boost|boost\n|-boost|p1a: Espathra|spe|1\n|upkeep\n|turn|6\n|\n|t:|1732942139\n|cant|p1a: Espathra|par\n|move|p2a: Whimsicott|Giga Drain|p1a: Espathra\n|-damage|p1a: Espathra|198/283 par\n|-heal|p2a: Whimsicott|210/241|[from] drain|[of] p1a: Espathra\n|\n|-heal|p1a: Espathra|215/283 par|[from] item: Leftovers\n|-ability|p1a: Espathra|Speed Boost|boost\n|-boost|p1a: Espathra|spe|1\n|upkeep\n|turn|7\n|\n|t:|1732942149\n|move|p1a: Espathra|Calm Mind|p1a: Espathra\n|-boost|p1a: Espathra|spa|1\n|-boost|p1a: Espathra|spd|1\n|move|p2a: Whimsicott|Moonblast|p1a: Espathra\n|-damage|p1a: Espathra|167/283 par\n|\n|-heal|p1a: Espathra|184/283 par|[from] item: Leftovers\n|-ability|p1a: Espathra|Speed Boost|boost\n|-boost|p1a: Espathra|spe|1\n|upkeep\n|turn|8\n|\n|t:|1732942159\n|switch|p2a: Blastoise|Blastoise, L80, F|258/258\n|move|p1a: Espathra|Calm Mind|p1a: Espathra\n|-boost|p1a: Espathra|spa|1\n|-boost|p1a: Espathra|spd|1\n|\n|-heal|p1a: Espathra|201/283 par|[from] item: Leftovers\n|upkeep\n|turn|9\n|\n|t:|1732942170\n|-terastallize|p2a: Blastoise|Steel\n|cant|p1a: Espathra|par\n|move|p2a: Blastoise|Shell Smash|p2a: Blastoise\n|-unboost|p2a: Blastoise|def|1\n|-unboost|p2a: Blastoise|spd|1\n|-boost|p2a: Blastoise|atk|2\n|-boost|p2a: Blastoise|spa|2\n|-boost|p2a: Blastoise|spe|2\n|-enditem|p2a: Blastoise|White Herb\n|-clearnegativeboost|p2a: Blastoise|[silent]\n|\n|-heal|p1a: Espathra|218/283 par|[from] item: Leftovers\n|upkeep\n|turn|10\n|\n|t:|1732942175\n|cant|p1a: Espathra|par\n|move|p2a: Blastoise|Earthquake|p1a: Espathra\n|-damage|p1a: Espathra|56/283 par\n|\n|-heal|p1a: Espathra|73/283 par|[from] item: Leftovers\n|upkeep\n|turn|11\n|\n|t:|1732942180\n|move|p1a: Espathra|Stored Power|p2a: Blastoise\n|-resisted|p2a: Blastoise\n|-damage|p2a: Blastoise|0 fnt\n|faint|p2a: Blastoise\n|\n|-heal|p1a: Espathra|90/283 par|[from] item: Leftovers\n|upkeep\n|\n|t:|1732942198\n|switch|p2a: Slowking|Slowking, L88, F|310/310\n|turn|12\n|\n|t:|1732942206\n|move|p1a: Espathra|Roost|p1a: Espathra\n|-heal|p1a: Espathra|232/283 par\n|-singleturn|p1a: Espathra|move: Roost\n|move|p2a: Slowking|Future Sight|p1a: Espathra\n|-start|p2a: Slowking|move: Future Sight\n|\n|-heal|p1a: Espathra|249/283 par|[from] item: Leftovers\n|upkeep\n|turn|13\n|\n|t:|1732942218\n|move|p1a: Espathra|Calm Mind|p1a: Espathra\n|-boost|p1a: Espathra|spa|1\n|-boost|p1a: Espathra|spd|1\n|move|p2a: Slowking|Scald|p1a: Espathra\n|-damage|p1a: Espathra|213/283 par\n|\n|-heal|p1a: Espathra|230/283 par|[from] item: Leftovers\n|upkeep\n|turn|14\n|-message|Phungnomotive113 forfeited.\n|\n|win|FR33CC\n|raw|FR33CC's rating: 1166 &rarr; <strong>1188</strong><br />(+22 for winning)\n|raw|Phungnomotive113's rating: 1126 &rarr; <strong>1104</strong><br />(-22 for losing)\n|l|\u2606Phungnomotive113\n|player|p2|\n", "inputlog": ">version b107d77f5c90bd6555267ae244a6264823309ead\n>start {\"formatid\":\"gen9randombattle\",\"seed\":[50858,49028,62397,9612],\"rated\":\"Rated battle\"}\n>player p1 {\"name\":\"FR33CC\",\"avatar\":\"marlon\",\"rating\":1166,\"seed\":[9310,5247,65244,21512]}\n>player p2 {\"name\":\"Phungnomotive113\",\"avatar\":\"170\",\"rating\":1126,\"seed\":[65487,17069,38727,16771]}\n>p1 switch 3\n>p2 move calmmind\n>p1 move calmmind\n>p2 move tachyoncutter\n>p1 move dazzlinggleam\n>p2 switch 5\n>p1 move calmmind\n>p2 move stunspore\n>p1 move roost\n>p2 move gigadrain\n>p1 move calmmind\n>p2 move gigadrain\n>p1 move calmmind\n>p2 move moonblast\n>p1 move calmmind\n>p2 switch 6\n>p1 move storedpower\n>p2 move shellsmash terastallize\n>p1 move storedpower\n>p2 move earthquake\n>p1 move storedpower\n>p2 move earthquake\n>p2 switch 4\n>p1 move roost\n>p2 move futuresight\n>p1 move calmmind\n>p2 move scald\n>forcelose p2", "uploadtime": 1732942234, "views": 19, "formatid": "gen9randombattle", "rating": 1104, "private": 0, "password": null}