{"id": "gen9randombattle-2254021766", "format": "[Gen 9] Random Battle", "players": ["duckwor7th", "43V3R_Gr33n"], "log": "|j|\u2606duckwor7th\n|j|\u260643V3R_Gr33n\n|t:|1732981155\n|gametype|singles\n|player|p1|duckwor7th|2|1222\n|player|p2|43V3R_Gr33n|grimsley|1227\n|teamsize|p1|6\n|teamsize|p2|6\n|gen|9\n|tier|[Gen 9] Random Battle\n|rated|\n|rule|Species Clause: Limit one of each Pok\u00e9mon\n|rule|HP Percentage Mod: HP is shown in percentages\n|rule|Sleep Clause Mod: Limit one foe put to sleep\n|rule|Illusion Level Mod: Illusion disguises the Pok\u00e9mon's true level\n|\n|t:|1732981155\n|start\n|switch|p1a: Weezing|Weezing-Galar, L86, M|252/252\n|switch|p2a: Darkrai|Darkrai, L77|234/234\n|turn|1\n|\n|t:|1732981171\n|switch|p2a: Glimmora|Glimmora, L75, M|248/248\n|-item|p2a: Glimmora|Air Balloon\n|move|p1a: Weezing|Strange Steam|p2a: Glimmora\n|-resisted|p2a: Glimmora\n|-damage|p2a: Glimmora|195/248\n|-enditem|p2a: Glimmora|Air Balloon\n|\n|upkeep\n|turn|2\n|\n|t:|1732981188\n|switch|p1a: Jirachi|Jirachi, L80|291/291\n|move|p2a: Glimmora|Stealth Rock|p1a: Jirachi\n|-sidestart|p1: duckwor7th|move: Stealth Rock\n|\n|upkeep\n|turn|3\n|\n|t:|1732981206\n|-terastallize|p2a: Glimmora|Ground\n|move|p1a: Jirachi|Iron Head|p2a: Glimmora\n|-damage|p2a: Glimmora|111/248\n|-activate|p2a: Glimmora|ability: Toxic Debris\n|-sidestart|p1: duckwor7th|move: Toxic Spikes\n|cant|p2a: Glimmora|flinch\n|\n|upkeep\n|turn|4\n|\n|t:|1732981227\n|switch|p1a: Rayquaza|Rayquaza, L72|270/270\n|-damage|p1a: Rayquaza|203/270|[from] Stealth Rock\n|-ability|p1a: Rayquaza|Air Lock\n|move|p2a: Glimmora|Earth Power|p1a: Rayquaza\n|-immune|p1a: Rayquaza\n|\n|upkeep\n|turn|5\n|\n|t:|1732981254\n|move|p1a: Rayquaza|Dragon Ascent|p2a: Glimmora\n|-damage|p2a: Glimmora|0 fnt\n|-unboost|p1a: Rayquaza|def|1\n|-unboost|p1a: Rayquaza|spd|1\n|-activate|p2a: Glimmora|ability: Toxic Debris\n|-sidestart|p1: duckwor7th|move: Toxic Spikes\n|faint|p2a: Glimmora\n|\n|upkeep\n|inactive|Battle timer is ON: inactive players will automatically lose when time's up. (requested by duckwor7th)\n|\n|t:|1732981309\n|switch|p2a: Girafarig|Girafarig, L89, M|269/269\n|turn|6\n|\n|t:|1732981323\n|-terastallize|p1a: Rayquaza|Normal\n|move|p2a: Girafarig|Nasty Plot|p2a: Girafarig\n|-boost|p2a: Girafarig|spa|2\n|move|p1a: Rayquaza|Dragon Ascent|p2a: Girafarig\n|-damage|p2a: Girafarig|122/269\n|-unboost|p1a: Rayquaza|def|1\n|-unboost|p1a: Rayquaza|spd|1\n|\n|upkeep\n|turn|7\n|\n|t:|1732981337\n|switch|p1a: Blissey|Blissey, L84, F|566/566\n|-damage|p1a: Blissey|496/566|[from] Stealth Rock\n|-status|p1a: Blissey|tox\n|move|p2a: Girafarig|Thunderbolt|p1a: Blissey\n|-damage|p1a: Blissey|406/566 tox\n|\n|-heal|p1a: Blissey|441/566 tox|[from] item: Leftovers\n|-damage|p1a: Blissey|406/566 tox|[from] psn\n|upkeep\n|turn|8\n|\n|t:|1732981358\n|move|p2a: Girafarig|Psyshock|p1a: Blissey\n|-damage|p1a: Blissey|0 fnt\n|faint|p1a: Blissey\n|\n|upkeep\n|\n|t:|1732981364\n|switch|p1a: Jirachi|Jirachi, L80|291/291\n|-damage|p1a: Jirachi|273/291|[from] Stealth Rock\n|turn|9\n|\n|t:|1732981377\n|move|p1a: Jirachi|Body Slam|p2a: Girafarig\n|-damage|p2a: Girafarig|80/269\n|-status|p2a: Girafarig|par\n|move|p2a: Girafarig|Thunderbolt|p1a: Jirachi\n|-damage|p1a: Jirachi|142/291\n|\n|-heal|p1a: Jirachi|160/291|[from] item: Leftovers\n|upkeep\n|turn|10\n|\n|t:|1732981387\n|move|p1a: Jirachi|Wish|p1a: Jirachi\n|move|p2a: Girafarig|Thunderbolt|p1a: Jirachi\n|-damage|p1a: Jirachi|35/291\n|\n|-heal|p1a: Jirachi|53/291|[from] item: Leftovers\n|upkeep\n|turn|11\n|\n|t:|1732981397\n|move|p1a: Jirachi|Iron Head|p2a: Girafarig\n|-damage|p2a: Girafarig|11/269 par\n|cant|p2a: Girafarig|flinch\n|\n|-heal|p1a: Jirachi|198/291|[from] move: Wish|[wisher] Jirachi\n|-heal|p1a: Jirachi|216/291|[from] item: Leftovers\n|upkeep\n|turn|12\n|\n|t:|1732981405\n|move|p1a: Jirachi|Wish|p1a: Jirachi\n|move|p2a: Girafarig|Psyshock|p1a: Jirachi\n|-resisted|p1a: Jirachi\n|-damage|p1a: Jirachi|177/291\n|\n|-heal|p1a: Jirachi|195/291|[from] item: Leftovers\n|upkeep\n|turn|13\n|\n|t:|1732981413\n|move|p1a: Jirachi|Body Slam|p2a: Girafarig\n|-damage|p2a: Girafarig|0 fnt\n|faint|p2a: Girafarig\n|\n|-heal|p1a: Jirachi|291/291|[from] move: Wish|[wisher] Jirachi\n|upkeep\n|\n|t:|1732981421\n|switch|p2a: Darkrai|Darkrai, L77|234/234\n|turn|14\n|\n|t:|1732981434\n|switch|p1a: Rayquaza|Rayquaza, L72, tera:Normal|203/270\n|-damage|p1a: Rayquaza|170/270|[from] Stealth Rock\n|-status|p1a: Rayquaza|tox\n|-ability|p1a: Rayquaza|Air Lock\n|move|p2a: Darkrai|Nasty Plot|p2a: Darkrai\n|-boost|p2a: Darkrai|spa|2\n|\n|-damage|p1a: Rayquaza|154/270 tox|[from] psn\n|upkeep\n|turn|15\n|\n|t:|1732981455\n|move|p2a: Darkrai|Dark Pulse|p1a: Rayquaza\n|-damage|p1a: Rayquaza|0 fnt\n|faint|p1a: Rayquaza\n|-damage|p2a: Darkrai|211/234|[from] item: Life Orb\n|\n|upkeep\n|\n|t:|1732981469\n|switch|p1a: Weezing|Weezing-Galar, L86, M|252/252\n|-damage|p1a: Weezing|221/252|[from] Stealth Rock\n|turn|16\n|\n|t:|1732981487\n|move|p2a: Darkrai|Sludge Bomb|p1a: Weezing\n|-damage|p1a: Weezing|14/252\n|-damage|p2a: Darkrai|188/234|[from] item: Life Orb\n|move|p1a: Weezing|Strange Steam|p2a: Darkrai\n|-supereffective|p2a: Darkrai\n|-crit|p2a: Darkrai\n|-damage|p2a: Darkrai|0 fnt\n|faint|p2a: Darkrai\n|\n|-heal|p1a: Weezing|29/252|[from] item: Leftovers\n|upkeep\n|\n|t:|1732981501\n|switch|p2a: Araquanid|Araquanid, L82, M|246/246\n|turn|17\n|\n|t:|1732981510\n|move|p1a: Weezing|Gunk Shot|p2a: Araquanid|[miss]\n|-miss|p1a: Weezing|p2a: Araquanid\n|move|p2a: Araquanid|Sticky Web|p1a: Weezing\n|-sidestart|p1: duckwor7th|move: Sticky Web\n|\n|-heal|p1a: Weezing|44/252|[from] item: Leftovers\n|upkeep\n|turn|18\n|\n|t:|1732981517\n|move|p1a: Weezing|Gunk Shot|p2a: Araquanid|[miss]\n|-miss|p1a: Weezing|p2a: Araquanid\n|move|p2a: Araquanid|Liquidation|p1a: Weezing\n|-crit|p1a: Weezing\n|-damage|p1a: Weezing|0 fnt\n|faint|p1a: Weezing\n|\n|upkeep\n|\n|t:|1732981525\n|switch|p1a: Jirachi|Jirachi, L80|291/291\n|-damage|p1a: Jirachi|273/291|[from] Stealth Rock\n|-activate|p1a: Jirachi|move: Sticky Web\n|-unboost|p1a: Jirachi|spe|1\n|turn|19\n|\n|t:|1732981543\n|move|p1a: Jirachi|Body Slam|p2a: Araquanid\n|-damage|p2a: Araquanid|193/246\n|-status|p2a: Araquanid|par\n|move|p2a: Araquanid|Leech Life|p1a: Jirachi\n|-damage|p1a: Jirachi|213/291\n|-heal|p2a: Araquanid|223/246 par|[from] drain|[of] p1a: Jirachi\n|\n|-heal|p1a: Jirachi|231/291|[from] item: Leftovers\n|upkeep\n|turn|20\n|\n|t:|1732981556\n|move|p1a: Jirachi|Wish|p1a: Jirachi\n|cant|p2a: Araquanid|par\n|\n|-heal|p1a: Jirachi|249/291|[from] item: Leftovers\n|upkeep\n|turn|21\n|\n|t:|1732981563\n|move|p1a: Jirachi|Iron Head|p2a: Araquanid\n|-resisted|p2a: Araquanid\n|-damage|p2a: Araquanid|186/246 par\n|move|p2a: Araquanid|Leech Life|p1a: Jirachi\n|-damage|p1a: Jirachi|185/291\n|-heal|p2a: Araquanid|218/246 par|[from] drain|[of] p1a: Jirachi\n|\n|-heal|p1a: Jirachi|291/291|[from] move: Wish|[wisher] Jirachi\n|upkeep\n|turn|22\n|\n|t:|1732981573\n|move|p1a: Jirachi|Body Slam|p2a: Araquanid\n|-damage|p2a: Araquanid|160/246 par\n|move|p2a: Araquanid|Leech Life|p1a: Jirachi\n|-damage|p1a: Jirachi|230/291\n|-heal|p2a: Araquanid|191/246 par|[from] drain|[of] p1a: Jirachi\n|\n|-heal|p1a: Jirachi|248/291|[from] item: Leftovers\n|upkeep\n|turn|23\n|\n|t:|1732981582\n|move|p1a: Jirachi|Body Slam|p2a: Araquanid\n|-damage|p2a: Araquanid|136/246 par\n|move|p2a: Araquanid|Leech Life|p1a: Jirachi\n|-damage|p1a: Jirachi|185/291\n|-heal|p2a: Araquanid|168/246 par|[from] drain|[of] p1a: Jirachi\n|\n|-heal|p1a: Jirachi|203/291|[from] item: Leftovers\n|upkeep\n|turn|24\n|\n|t:|1732981593\n|move|p1a: Jirachi|Wish|p1a: Jirachi\n|cant|p2a: Araquanid|par\n|\n|-heal|p1a: Jirachi|221/291|[from] item: Leftovers\n|upkeep\n|turn|25\n|\n|t:|1732981600\n|move|p1a: Jirachi|Protect|p1a: Jirachi\n|-singleturn|p1a: Jirachi|Protect\n|move|p2a: Araquanid|Leech Life|p1a: Jirachi\n|-activate|p1a: Jirachi|move: Protect\n|\n|-heal|p1a: Jirachi|291/291|[from] move: Wish|[wisher] Jirachi\n|upkeep\n|turn|26\n|\n|t:|1732981618\n|switch|p1a: Swanna|Swanna, L88, F|275/275\n|cant|p2a: Araquanid|par\n|\n|upkeep\n|turn|27\n|\n|t:|1732981625\n|move|p1a: Swanna|Brave Bird|p2a: Araquanid\n|-supereffective|p2a: Araquanid\n|-damage|p2a: Araquanid|0 fnt\n|faint|p2a: Araquanid\n|-damage|p1a: Swanna|220/275|[from] Recoil\n|\n|upkeep\n|\n|t:|1732981630\n|switch|p2a: Zekrom|Zekrom, L71|259/259\n|-ability|p2a: Zekrom|Teravolt\n|turn|28\n|inactive|duckwor7th has 120 seconds left.\n|\n|t:|1732981671\n|switch|p1a: Exeggutor|Exeggutor, L89, F|312/312\n|-damage|p1a: Exeggutor|273/312|[from] Stealth Rock\n|-status|p1a: Exeggutor|tox\n|-activate|p1a: Exeggutor|move: Sticky Web\n|-unboost|p1a: Exeggutor|spe|1\n|move|p2a: Zekrom|Dragon Dance|p2a: Zekrom\n|-boost|p2a: Zekrom|atk|1\n|-boost|p2a: Zekrom|spe|1\n|\n|-damage|p1a: Exeggutor|254/312 tox|[from] psn\n|upkeep\n|turn|29\n|\n|t:|1732981691\n|move|p2a: Zekrom|Substitute|p2a: Zekrom\n|-start|p2a: Zekrom|Substitute\n|-damage|p2a: Zekrom|195/259\n|move|p1a: Exeggutor|Leech Seed||[still]\n|-fail|p1a: Exeggutor\n|\n|-heal|p2a: Zekrom|211/259|[from] item: Leftovers\n|-damage|p1a: Exeggutor|216/312 tox|[from] psn\n|upkeep\n|turn|30\n|\n|t:|1732981700\n|move|p2a: Zekrom|Dragon Dance|p2a: Zekrom\n|-boost|p2a: Zekrom|atk|1\n|-boost|p2a: Zekrom|spe|1\n|move|p1a: Exeggutor|Psychic Noise|p2a: Zekrom\n|-damage|p2a: Zekrom|103/259\n|-start|p2a: Zekrom|move: Heal Block\n|\n|-damage|p1a: Exeggutor|159/312 tox|[from] psn\n|upkeep\n|turn|31\n|\n|t:|1732981711\n|move|p2a: Zekrom|Bolt Strike|p1a: Exeggutor\n|-resisted|p1a: Exeggutor\n|-damage|p1a: Exeggutor|23/312 tox\n|-enditem|p1a: Exeggutor|Sitrus Berry|[eat]\n|-heal|p1a: Exeggutor|101/312 tox|[from] item: Sitrus Berry\n|move|p1a: Exeggutor|Psychic Noise|p2a: Zekrom\n|-damage|p2a: Zekrom|0 fnt\n|faint|p2a: Zekrom\n|\n|-damage|p1a: Exeggutor|25/312 tox|[from] psn\n|-item|p1a: Exeggutor|Sitrus Berry|[from] ability: Harvest\n|upkeep\n|-enditem|p1a: Exeggutor|Sitrus Berry|[eat]\n|-heal|p1a: Exeggutor|103/312 tox|[from] item: Sitrus Berry\n|\n|t:|1732981729\n|switch|p2a: Raging Bolt|Raging Bolt, L78|323/323\n|turn|32\n|inactive|duckwor7th has 120 seconds left.\n|inactive|43V3R_Gr33n has 120 seconds left.\n|\n|t:|1732981755\n|switch|p1a: Jirachi|Jirachi, L80|291/291\n|-damage|p1a: Jirachi|273/291|[from] Stealth Rock\n|-activate|p1a: Jirachi|move: Sticky Web\n|-unboost|p1a: Jirachi|spe|1\n|move|p2a: Raging Bolt|Thunderbolt|p1a: Jirachi\n|-damage|p1a: Jirachi|165/291\n|\n|-heal|p1a: Jirachi|183/291|[from] item: Leftovers\n|upkeep\n|turn|33\n|inactive|43V3R_Gr33n has 120 seconds left.\n|inactive|duckwor7th has 120 seconds left.\n|\n|t:|1732981773\n|move|p2a: Raging Bolt|Thunderbolt|p1a: Jirachi\n|-damage|p1a: Jirachi|77/291\n|move|p1a: Jirachi|Body Slam|p2a: Raging Bolt\n|-crit|p2a: Raging Bolt\n|-damage|p2a: Raging Bolt|236/323\n|\n|-heal|p1a: Jirachi|95/291|[from] item: Leftovers\n|upkeep\n|turn|34\n|inactive|duckwor7th has 120 seconds left.\n|\n|t:|1732981789\n|move|p1a: Jirachi|Protect|p1a: Jirachi\n|-singleturn|p1a: Jirachi|Protect\n|move|p2a: Raging Bolt|Thunderbolt|p1a: Jirachi\n|-activate|p1a: Jirachi|move: Protect\n|\n|-heal|p1a: Jirachi|113/291|[from] item: Leftovers\n|upkeep\n|turn|35\n|inactive|43V3R_Gr33n has 120 seconds left.\n|\n|t:|1732981796\n|move|p1a: Jirachi|Protect||[still]\n|-fail|p1a: Jirachi\n|move|p2a: Raging Bolt|Thunderbolt|p1a: Jirachi\n|-damage|p1a: Jirachi|8/291\n|\n|-heal|p1a: Jirachi|26/291|[from] item: Leftovers\n|upkeep\n|turn|36\n|inactive|duckwor7th has 120 seconds left.\n|\n|t:|1732981804\n|move|p2a: Raging Bolt|Thunderclap|p1a: Jirachi\n|-damage|p1a: Jirachi|0 fnt\n|faint|p1a: Jirachi\n|\n|upkeep\n|inactive|duckwor7th has 120 seconds left.\n|\n|t:|1732981809\n|switch|p1a: Swanna|Swanna, L88, F|220/275\n|turn|37\n|inactive|duckwor7th has 120 seconds left.\n|\n|t:|1732981840\n|move|p2a: Raging Bolt|Thunderclap|p1a: Swanna\n|-supereffective|p1a: Swanna\n|-damage|p1a: Swanna|0 fnt\n|faint|p1a: Swanna\n|\n|upkeep\n|\n|t:|1732981844\n|switch|p1a: Exeggutor|Exeggutor, L89, F|103/312 tox\n|-damage|p1a: Exeggutor|64/312 tox|[from] Stealth Rock\n|-activate|p1a: Exeggutor|move: Sticky Web\n|-unboost|p1a: Exeggutor|spe|1\n|turn|38\n|\n|t:|1732981854\n|move|p2a: Raging Bolt|Draco Meteor|p1a: Exeggutor\n|-damage|p1a: Exeggutor|0 fnt\n|-unboost|p2a: Raging Bolt|spa|2\n|faint|p1a: Exeggutor\n|\n|win|43V3R_Gr33n\n|raw|duckwor7th's rating: 1203 &rarr; <strong>1180</strong><br />(-23 for losing)\n|raw|43V3R_Gr33n's rating: 1227 &rarr; <strong>1250</strong><br />(+23 for winning)\n|l|\u2606duckwor7th\n|player|p1|\n", "inputlog": ">version b107d77f5c90bd6555267ae244a6264823309ead\n>start {\"formatid\":\"gen9randombattle\",\"seed\":[28077,43309,4306,54314],\"rated\":\"Rated battle\"}\n>player p1 {\"name\":\"duckwor7th\",\"avatar\":\"2\",\"rating\":1222,\"seed\":[9793,14692,12754,9030]}\n>player p2 {\"name\":\"43V3R_Gr33n\",\"avatar\":\"grimsley\",\"rating\":1227,\"seed\":[52057,53064,48916,24774]}\n>p1 move strangesteam\n>p2 switch 3\n>p1 switch 6\n>p2 move stealthrock\n>p1 move ironhead\n>p2 move earthpower terastallize\n>p1 switch 4\n>p2 move earthpower\n>p1 move dragonascent\n>p2 move powergem\n>p2 switch 2\n>p1 move dragonascent terastallize\n>p2 move nastyplot\n>p1 switch 5\n>p2 move thunderbolt\n>p1 move seismictoss\n>p2 move psyshock\n>p1 switch 4\n>p1 move bodyslam\n>p2 move thunderbolt\n>p1 move wish\n>p2 move thunderbolt\n>p1 move ironhead\n>p2 move thunderbolt\n>p1 move wish\n>p2 move psyshock\n>p1 move bodyslam\n>p2 move thunderbolt\n>p2 switch 3\n>p1 switch 5\n>p2 move nastyplot\n>p1 move dragonascent\n>p2 move darkpulse\n>p1 switch 6\n>p1 move strangesteam\n>p2 move sludgebomb\n>p2 switch 5\n>p1 move gunkshot\n>p2 move stickyweb\n>p1 move gunkshot\n>p2 move liquidation\n>p1 switch 5\n>p1 move bodyslam\n>p2 move leechlife\n>p1 move wish\n>p2 move leechlife\n>p1 move ironhead\n>p2 move leechlife\n>p1 move bodyslam\n>p2 move leechlife\n>p1 move bodyslam\n>p2 move leechlife\n>p1 move wish\n>p2 move leechlife\n>p1 move protect\n>p2 move leechlife\n>p1 switch 2\n>p2 move leechlife\n>p1 move bravebird\n>p2 move hydropump\n>p2 switch 6\n>p1 switch 3\n>p2 move dragondance\n>p1 move leechseed\n>p2 move substitute\n>p1 move psychicnoise\n>p2 move dragondance\n>p1 move psychicnoise\n>p2 move boltstrike\n>p2 switch 4\n>p1 switch 2\n>p2 move thunderbolt\n>p1 move bodyslam\n>p2 move thunderbolt\n>p1 move protect\n>p2 move thunderbolt\n>p1 move protect\n>p2 move thunderbolt\n>p1 move bodyslam\n>p2 move thunderclap\n>p1 switch 3\n>p1 move knockoff\n>p2 move thunderclap\n>p1 switch 2\n>p1 move leechseed\n>p2 move dracometeor", "uploadtime": 1732981865, "views": 3, "formatid": "gen9randombattle", "rating": 1180, "private": 0, "password": null}