{"id": "gen9randombattle-2253906720", "format": "[Gen 9] Random Battle", "players": ["loislianosv2", "Hgfffxvv"], "log": "|j|\u2606loislianosv2\n|j|\u2606Hgfffxvv\n|t:|1732961031\n|gametype|singles\n|player|p1|loislianosv2|red|1059\n|player|p2|Hgfffxvv|101|1046\n|teamsize|p1|6\n|teamsize|p2|6\n|gen|9\n|tier|[Gen 9] Random Battle\n|rated|\n|rule|Species Clause: Limit one of each Pok\u00e9mon\n|rule|HP Percentage Mod: HP is shown in percentages\n|rule|Sleep Clause Mod: Limit one foe put to sleep\n|rule|Illusion Level Mod: Illusion disguises the Pok\u00e9mon's true level\n|\n|t:|1732961031\n|start\n|switch|p1a: Gholdengo|Gholdengo, L77|261/261\n|switch|p2a: Mabosstiff|Mabosstiff, L86, M|278/278\n|turn|1\n|inactive|Battle timer is ON: inactive players will automatically lose when time's up. (requested by loislianosv2)\n|\n|t:|1732961059\n|switch|p1a: Iron Boulder|Iron Boulder, L77|265/265\n|-enditem|p1a: Iron Boulder|Booster Energy\n|-activate|p1a: Iron Boulder|ability: Quark Drive|[fromitem]\n|-start|p1a: Iron Boulder|quarkdrivespe\n|move|p2a: Mabosstiff|Crunch|p1a: Iron Boulder\n|-supereffective|p1a: Iron Boulder\n|-damage|p1a: Iron Boulder|0 fnt\n|faint|p1a: Iron Boulder\n|-end|p1a: Iron Boulder|Quark Drive|[silent]\n|\n|upkeep\n|\n|t:|1732961067\n|switch|p1a: Hoopa|Hoopa-Unbound, L80|259/259\n|turn|2\n|\n|t:|1732961073\n|move|p2a: Mabosstiff|Crunch|p1a: Hoopa\n|-crit|p1a: Hoopa\n|-damage|p1a: Hoopa|0 fnt\n|faint|p1a: Hoopa\n|\n|upkeep\n|c|\u2606loislianosv2|F\u03c5ck you\n|\n|t:|1732961099\n|switch|p1a: Clefable|Clefable, L83, M|293/293\n|turn|3\n|\n|t:|1732961107\n|switch|p2a: Iron Crown|Iron Crown, L79|272/272\n|move|p1a: Clefable|Moonblast|p2a: Iron Crown\n|-resisted|p2a: Iron Crown\n|-damage|p2a: Iron Crown|214/272\n|\n|-heal|p2a: Iron Crown|231/272|[from] item: Leftovers\n|upkeep\n|turn|4\n|\n|t:|1732961122\n|move|p2a: Iron Crown|Calm Mind|p2a: Iron Crown\n|-boost|p2a: Iron Crown|spa|1\n|-boost|p2a: Iron Crown|spd|1\n|move|p1a: Clefable|Fire Blast|p2a: Iron Crown\n|-supereffective|p2a: Iron Crown\n|-crit|p2a: Iron Crown\n|-damage|p2a: Iron Crown|0 fnt\n|faint|p2a: Iron Crown\n|-end|p2a: Iron Crown|Quark Drive|[silent]\n|\n|upkeep\n|\n|t:|1732961142\n|switch|p2a: Qwilfish|Qwilfish, L86, M|252/252\n|-ability|p2a: Qwilfish|Intimidate|boost\n|-unboost|p1a: Clefable|atk|1\n|turn|5\n|\n|t:|1732961151\n|switch|p1a: Gholdengo|Gholdengo, L77|261/261\n|move|p2a: Qwilfish|Gunk Shot|p1a: Gholdengo\n|-immune|p1a: Gholdengo\n|\n|upkeep\n|turn|6\n|\n|t:|1732961175\n|move|p2a: Qwilfish|Taunt|p1a: Gholdengo\n|-immune|p1a: Gholdengo|[from] ability: Good as Gold\n|move|p1a: Gholdengo|Nasty Plot|p1a: Gholdengo\n|-boost|p1a: Gholdengo|spa|2\n|\n|upkeep\n|turn|7\n|\n|t:|1732961186\n|move|p2a: Qwilfish|Destiny Bond|p2a: Qwilfish\n|-singlemove|p2a: Qwilfish|Destiny Bond\n|move|p1a: Gholdengo|Nasty Plot|p1a: Gholdengo\n|-boost|p1a: Gholdengo|spa|2\n|\n|upkeep\n|turn|8\n|\n|t:|1732961192\n|move|p2a: Qwilfish|Waterfall|p1a: Gholdengo\n|-damage|p1a: Gholdengo|170/261\n|move|p1a: Gholdengo|Nasty Plot|p1a: Gholdengo\n|-boost|p1a: Gholdengo|spa|2\n|\n|-heal|p1a: Gholdengo|186/261|[from] item: Leftovers\n|upkeep\n|turn|9\n|\n|t:|1732961197\n|move|p2a: Qwilfish|Destiny Bond|p2a: Qwilfish\n|-singlemove|p2a: Qwilfish|Destiny Bond\n|move|p1a: Gholdengo|Shadow Ball|p2a: Qwilfish\n|-damage|p2a: Qwilfish|0 fnt\n|faint|p2a: Qwilfish\n|-activate|p2a: Qwilfish|move: Destiny Bond\n|faint|p1a: Gholdengo\n|\n|upkeep\n|\n|t:|1732961208\n|switch|p2a: Misdreavus|Misdreavus, L90, M|254/254\n|switch|p1a: Clefable|Clefable, L83, M|293/293\n|turn|10\n|\n|t:|1732961221\n|move|p2a: Misdreavus|Shadow Ball|p1a: Clefable\n|-damage|p1a: Clefable|200/293\n|move|p1a: Clefable|Calm Mind|p1a: Clefable\n|-boost|p1a: Clefable|spa|1\n|-boost|p1a: Clefable|spd|1\n|\n|upkeep\n|turn|11\n|\n|t:|1732961227\n|move|p2a: Misdreavus|Shadow Ball|p1a: Clefable\n|-damage|p1a: Clefable|137/293\n|move|p1a: Clefable|Calm Mind|p1a: Clefable\n|-boost|p1a: Clefable|spa|1\n|-boost|p1a: Clefable|spd|1\n|\n|upkeep\n|turn|12\n|-message|Hgfffxvv forfeited.\n|\n|win|loislianosv2\n", "inputlog": ">version b107d77f5c90bd6555267ae244a6264823309ead\n>start {\"formatid\":\"gen9randombattle\",\"seed\":[10917,54511,62149,1349],\"rated\":\"Rated battle\"}\n>player p1 {\"name\":\"loislianosv2\",\"avatar\":\"red\",\"rating\":1059,\"seed\":[35241,64656,12443,60349]}\n>player p2 {\"name\":\"Hgfffxvv\",\"avatar\":\"101\",\"rating\":1046,\"seed\":[21837,41665,25756,50759]}\n>p1 switch 4\n>p2 move crunch\n>p1 switch 5\n>p1 move focusblast\n>p2 move crunch\n>chat \u2606loislianosv2|F\u03c5ck you\n>p1 switch 6\n>p1 move moonblast\n>p2 switch 2\n>p1 move fireblast\n>p2 move calmmind\n>p2 switch 4\n>p1 switch 4\n>p2 move gunkshot\n>p1 move nastyplot\n>p2 move taunt\n>p1 move nastyplot\n>p2 move destinybond\n>p1 move nastyplot\n>p2 move waterfall\n>p1 move shadowball\n>p2 move destinybond\n>p1 switch 4\n>p2 switch 5\n>p1 move calmmind\n>p2 move shadowball\n>p1 move calmmind\n>p2 move shadowball\n>forcelose p2", "uploadtime": 1732961096, "views": 1, "formatid": "gen9randombattle", "rating": null, "private": 0, "password": null}