{"id": "gen9randombattle-2253933578", "format": "[Gen 9] Random Battle", "players": ["amirulamani", "pankap12"], "log": "|j|\u2606amirulamani\n|j|\u2606pankap12\n|t:|1732966774\n|gametype|singles\n|player|p1|amirulamani|proton|1290\n|player|p2|pankap12|1|1248\n|teamsize|p1|6\n|teamsize|p2|6\n|gen|9\n|tier|[Gen 9] Random Battle\n|rated|\n|rule|Species Clause: Limit one of each Pok\u00e9mon\n|rule|HP Percentage Mod: HP is shown in percentages\n|rule|Sleep Clause Mod: Limit one foe put to sleep\n|rule|Illusion Level Mod: Illusion disguises the Pok\u00e9mon's true level\n|\n|t:|1732966774\n|start\n|switch|p1a: Gogoat|Gogoat, L88, M|360/360\n|switch|p2a: Bombirdier|Bombirdier, L85, F|258/258\n|turn|1\n|inactive|Battle timer is ON: inactive players will automatically lose when time's up. (requested by amirulamani)\n|\n|t:|1732966799\n|switch|p1a: Camerupt|Camerupt, L91, M|275/275\n|move|p2a: Bombirdier|Brave Bird|p1a: Camerupt\n|-damage|p1a: Camerupt|113/275\n|-damage|p2a: Bombirdier|205/258|[from] Recoil\n|\n|-heal|p1a: Camerupt|130/275|[from] item: Leftovers\n|upkeep\n|turn|2\n|\n|t:|1732966812\n|move|p2a: Bombirdier|Brave Bird|p1a: Camerupt\n|-damage|p1a: Camerupt|0 fnt\n|faint|p1a: Camerupt\n|-damage|p2a: Bombirdier|162/258|[from] Recoil\n|\n|upkeep\n|\n|t:|1732966835\n|switch|p1a: Zebstrika|Zebstrika, L87, M|272/272\n|turn|3\n|\n|t:|1732966842\n|move|p1a: Zebstrika|Volt Switch|p2a: Bombirdier\n|-supereffective|p2a: Bombirdier\n|-damage|p2a: Bombirdier|0 fnt\n|faint|p2a: Bombirdier\n|-damage|p1a: Zebstrika|245/272|[from] item: Life Orb\n|\n|t:|1732966849\n|switch|p1a: Gogoat|Gogoat, L88, M|360/360|[from] Volt Switch\n|\n|upkeep\n|\n|t:|1732966859\n|switch|p2a: Glastrier|Glastrier, L86|311/311\n|turn|4\n|\n|t:|1732966866\n|switch|p1a: Scrafty|Scrafty, L84, M|246/246\n|move|p2a: Glastrier|Icicle Crash|p1a: Scrafty\n|-damage|p1a: Scrafty|81/246\n|\n|-heal|p1a: Scrafty|96/246|[from] item: Leftovers\n|upkeep\n|turn|5\n|\n|t:|1732966876\n|switch|p2a: Granbull|Granbull, L88, M|302/302\n|-ability|p2a: Granbull|Intimidate|boost\n|-unboost|p1a: Scrafty|atk|1\n|move|p1a: Scrafty|Drain Punch|p2a: Granbull\n|-resisted|p2a: Granbull\n|-damage|p2a: Granbull|276/302\n|-heal|p1a: Scrafty|109/246|[from] drain|[of] p2a: Granbull\n|\n|-heal|p1a: Scrafty|124/246|[from] item: Leftovers\n|-heal|p2a: Granbull|294/302|[from] item: Leftovers\n|upkeep\n|turn|6\n|\n|t:|1732966888\n|switch|p1a: Gogoat|Gogoat, L88, M|360/360\n|move|p2a: Granbull|Play Rough|p1a: Gogoat\n|-damage|p1a: Gogoat|206/360\n|\n|-heal|p1a: Gogoat|228/360|[from] item: Leftovers\n|-heal|p2a: Granbull|302/302|[from] item: Leftovers\n|upkeep\n|turn|7\n|\n|t:|1732966899\n|move|p1a: Gogoat|Horn Leech|p2a: Granbull\n|-damage|p2a: Granbull|208/302\n|-heal|p1a: Gogoat|275/360|[from] drain|[of] p2a: Granbull\n|move|p2a: Granbull|Thunder Wave|p1a: Gogoat\n|-status|p1a: Gogoat|par\n|\n|-heal|p2a: Granbull|226/302|[from] item: Leftovers\n|-heal|p1a: Gogoat|297/360 par|[from] item: Leftovers\n|upkeep\n|turn|8\n|\n|t:|1732966910\n|move|p2a: Granbull|Earthquake|p1a: Gogoat\n|-resisted|p1a: Gogoat\n|-damage|p1a: Gogoat|238/360 par\n|move|p1a: Gogoat|Bulk Up|p1a: Gogoat\n|-boost|p1a: Gogoat|atk|1\n|-boost|p1a: Gogoat|def|1\n|\n|-heal|p2a: Granbull|244/302|[from] item: Leftovers\n|-heal|p1a: Gogoat|260/360 par|[from] item: Leftovers\n|upkeep\n|turn|9\n|\n|t:|1732966918\n|move|p2a: Granbull|Encore|p1a: Gogoat\n|-start|p1a: Gogoat|Encore\n|move|p1a: Gogoat|Bulk Up|p1a: Gogoat\n|-boost|p1a: Gogoat|atk|1\n|-boost|p1a: Gogoat|def|1\n|\n|-heal|p2a: Granbull|262/302|[from] item: Leftovers\n|-heal|p1a: Gogoat|282/360 par|[from] item: Leftovers\n|upkeep\n|turn|10\n|\n|t:|1732966929\n|switch|p2a: Tentacruel|Tentacruel, L84, M|272/272\n|switch|p1a: Dialga|Dialga-Origin, L73|266/266\n|-ability|p1a: Dialga|Pressure\n|\n|upkeep\n|turn|11\n|\n|t:|1732966940\n|switch|p1a: Gogoat|Gogoat, L88, M|282/360 par\n|move|p2a: Tentacruel|Surf|p1a: Gogoat\n|-resisted|p1a: Gogoat\n|-damage|p1a: Gogoat|239/360 par\n|\n|-heal|p1a: Gogoat|261/360 par|[from] item: Leftovers\n|upkeep\n|turn|12\n|\n|t:|1732966947\n|move|p2a: Tentacruel|Sludge Bomb|p1a: Gogoat\n|-supereffective|p1a: Gogoat\n|-damage|p1a: Gogoat|81/360 par\n|move|p1a: Gogoat|Earthquake|p2a: Tentacruel\n|-supereffective|p2a: Tentacruel\n|-damage|p2a: Tentacruel|80/272\n|\n|-heal|p2a: Tentacruel|97/272|[from] item: Leftovers\n|-heal|p1a: Gogoat|103/360 par|[from] item: Leftovers\n|upkeep\n|turn|13\n|\n|t:|1732966977\n|move|p2a: Tentacruel|Sludge Bomb|p1a: Gogoat\n|-supereffective|p1a: Gogoat\n|-damage|p1a: Gogoat|0 fnt\n|faint|p1a: Gogoat\n|\n|-heal|p2a: Tentacruel|114/272|[from] item: Leftovers\n|upkeep\n|\n|t:|1732966981\n|switch|p1a: Zebstrika|Zebstrika, L87, M|245/272\n|turn|14\n|\n|t:|1732966987\n|move|p1a: Zebstrika|Volt Switch|p2a: Tentacruel\n|-supereffective|p2a: Tentacruel\n|-damage|p2a: Tentacruel|0 fnt\n|faint|p2a: Tentacruel\n|-damage|p1a: Zebstrika|218/272|[from] item: Life Orb\n|\n|t:|1732966994\n|switch|p1a: Dialga|Dialga-Origin, L73|266/266|[from] Volt Switch\n|-ability|p1a: Dialga|Pressure\n|\n|upkeep\n|\n|t:|1732967006\n|switch|p2a: Copperajah|Copperajah, L86, F|350/350\n|turn|15\n|inactive|amirulamani has 120 seconds left.\n|\n|t:|1732967056\n|switch|p1a: Scrafty|Scrafty, L84, M|124/246\n|move|p2a: Copperajah|Earthquake|p1a: Scrafty\n|-damage|p1a: Scrafty|19/246\n|\n|-heal|p1a: Scrafty|34/246|[from] item: Leftovers\n|upkeep\n|turn|16\n|\n|t:|1732967064\n|move|p1a: Scrafty|Drain Punch|p2a: Copperajah\n|-supereffective|p2a: Copperajah\n|-damage|p2a: Copperajah|176/350\n|-heal|p1a: Scrafty|121/246|[from] drain|[of] p2a: Copperajah\n|move|p2a: Copperajah|Earthquake|p1a: Scrafty\n|-damage|p1a: Scrafty|15/246\n|\n|-heal|p1a: Scrafty|30/246|[from] item: Leftovers\n|upkeep\n|turn|17\n|inactive|amirulamani has 120 seconds left.\n|\n|t:|1732967073\n|switch|p2a: Tinkaton|Tinkaton, L82, F|274/274\n|-ability|p2a: Tinkaton|Mold Breaker\n|move|p1a: Scrafty|Drain Punch|p2a: Tinkaton\n|-damage|p2a: Tinkaton|183/274\n|-heal|p1a: Scrafty|76/246|[from] drain|[of] p2a: Tinkaton\n|\n|-heal|p1a: Scrafty|91/246|[from] item: Leftovers\n|upkeep\n|turn|18\n|\n|t:|1732967084\n|move|p2a: Tinkaton|Play Rough|p1a: Scrafty\n|-supereffective|p1a: Scrafty\n|-damage|p1a: Scrafty|0 fnt\n|faint|p1a: Scrafty\n|-damage|p2a: Tinkaton|156/274|[from] item: Life Orb\n|\n|upkeep\n|\n|t:|1732967092\n|switch|p1a: Zebstrika|Zebstrika, L87, M|218/272\n|turn|19\n|\n|t:|1732967097\n|move|p1a: Zebstrika|Overheat|p2a: Tinkaton\n|-supereffective|p2a: Tinkaton\n|-damage|p2a: Tinkaton|0 fnt\n|-unboost|p1a: Zebstrika|spa|2\n|faint|p2a: Tinkaton\n|-damage|p1a: Zebstrika|191/272|[from] item: Life Orb\n|\n|upkeep\n|\n|t:|1732967106\n|switch|p2a: Granbull|Granbull, L88, M|262/302\n|-ability|p2a: Granbull|Intimidate|boost\n|-unboost|p1a: Zebstrika|atk|1\n|turn|20\n|\n|t:|1732967112\n|move|p1a: Zebstrika|Volt Switch|p2a: Granbull\n|-damage|p2a: Granbull|210/302\n|-damage|p1a: Zebstrika|164/272|[from] item: Life Orb\n|\n|t:|1732967120\n|switch|p1a: Dialga|Dialga-Origin, L73|266/266|[from] Volt Switch\n|-ability|p1a: Dialga|Pressure\n|move|p2a: Granbull|Earthquake|p1a: Dialga\n|-supereffective|p1a: Dialga\n|-damage|p1a: Dialga|96/266\n|\n|-heal|p2a: Granbull|228/302|[from] item: Leftovers\n|upkeep\n|turn|21\n|\n|t:|1732967130\n|move|p1a: Dialga|Heavy Slam|p2a: Granbull\n|-supereffective|p2a: Granbull\n|-damage|p2a: Granbull|0 fnt\n|faint|p2a: Granbull\n|\n|upkeep\n|\n|t:|1732967135\n|switch|p2a: Copperajah|Copperajah, L86, F|176/350\n|turn|22\n|\n|t:|1732967138\n|move|p1a: Dialga|Fire Blast|p2a: Copperajah\n|-supereffective|p2a: Copperajah\n|-damage|p2a: Copperajah|0 fnt\n|faint|p2a: Copperajah\n|\n|upkeep\n|\n|t:|1732967142\n|switch|p2a: Glastrier|Glastrier, L86|311/311\n|turn|23\n|\n|t:|1732967154\n|move|p1a: Dialga|Fire Blast|p2a: Glastrier\n|-supereffective|p2a: Glastrier\n|-damage|p2a: Glastrier|167/311\n|move|p2a: Glastrier|High Horsepower|p1a: Dialga\n|-supereffective|p1a: Dialga\n|-damage|p1a: Dialga|0 fnt\n|faint|p1a: Dialga\n|-ability|p2a: Glastrier|Chilling Neigh|boost\n|-boost|p2a: Glastrier|atk|1\n|\n|upkeep\n|\n|t:|1732967158\n|switch|p1a: Zebstrika|Zebstrika, L87, M|164/272\n|turn|24\n|\n|t:|1732967165\n|move|p1a: Zebstrika|Overheat|p2a: Glastrier\n|-supereffective|p2a: Glastrier\n|-damage|p2a: Glastrier|0 fnt\n|-unboost|p1a: Zebstrika|spa|2\n|faint|p2a: Glastrier\n|-damage|p1a: Zebstrika|137/272|[from] item: Life Orb\n|\n|win|amirulamani\n|raw|amirulamani's rating: 1290 &rarr; <strong>1312</strong><br />(+22 for winning)\n|raw|pankap12's rating: 1248 &rarr; <strong>1226</strong><br />(-22 for losing)\n|l|\u2606pankap12\n|player|p2|\n", "inputlog": ">version b107d77f5c90bd6555267ae244a6264823309ead\n>start {\"formatid\":\"gen9randombattle\",\"seed\":[31202,49515,1048,38638],\"rated\":\"Rated battle\"}\n>player p1 {\"name\":\"amirulamani\",\"avatar\":\"proton\",\"rating\":1290,\"seed\":[2059,50933,49129,2011]}\n>player p2 {\"name\":\"pankap12\",\"avatar\":\"1\",\"rating\":1248,\"seed\":[25779,50808,34557,3535]}\n>p1 switch 5\n>p2 move bravebird\n>p1 move willowisp\n>p2 move bravebird\n>p1 switch 6\n>p1 move voltswitch\n>p2 move roost\n>p1 switch 5\n>p2 switch 3\n>p1 switch 4\n>p2 move iciclecrash\n>p1 move drainpunch\n>p2 switch 2\n>p1 switch 4\n>p2 move playrough\n>p1 move hornleech\n>p2 move thunderwave\n>p1 move bulkup\n>p2 move earthquake\n>p1 move earthquake\n>p2 move encore\n>p1 switch 2\n>p2 switch 6\n>p1 switch 2\n>p2 move surf\n>p1 move earthquake\n>p2 move sludgebomb\n>p1 move earthquake\n>p2 move sludgebomb\n>p1 switch 5\n>p1 move voltswitch\n>p2 move toxicspikes\n>p1 switch 2\n>p2 switch 5\n>p1 switch 4\n>p2 move earthquake\n>p1 move drainpunch\n>p2 move earthquake\n>p1 move drainpunch\n>p2 switch 4\n>p1 move rest\n>p2 move playrough\n>p1 switch 2\n>p1 move overheat\n>p2 move gigatonhammer\n>p2 switch 6\n>p1 move voltswitch\n>p2 move earthquake\n>p1 switch 4\n>p1 move heavyslam\n>p2 move earthquake\n>p2 switch 4\n>p1 move fireblast\n>p2 move earthquake\n>p2 switch 2\n>p1 move fireblast\n>p2 move highhorsepower\n>p1 switch 4\n>p1 move overheat\n>p2 move highhorsepower", "uploadtime": 1732967178, "views": 1, "formatid": "gen9randombattle", "rating": 1226, "private": 0, "password": null}