{"id": "gen9randombattle-2253849928", "format": "[Gen 9] Random Battle", "players": ["coqsoqer", "iabusepiplup"], "log": "|j|\u2606coqsoqer\n|j|\u2606iabusepiplup\n|t:|1732948625\n|gametype|singles\n|player|p1|coqsoqer|pokemonranger-gen4|\n|player|p2|iabusepiplup|dawn-gen4pt|\n|teamsize|p1|6\n|teamsize|p2|6\n|gen|9\n|tier|[Gen 9] Random Battle\n|rule|Species Clause: Limit one of each Pok\u00e9mon\n|rule|HP Percentage Mod: HP is shown in percentages\n|rule|Sleep Clause Mod: Limit one foe put to sleep\n|rule|Illusion Level Mod: Illusion disguises the Pok\u00e9mon's true level\n|\n|t:|1732948625\n|start\n|switch|p1a: Giratina|Giratina-Origin, L72|335/335\n|switch|p2a: Feraligatr|Feraligatr, L79, M|264/264\n|turn|1\n|j| Hammondhammonding\n|\n|t:|1732948670\n|move|p1a: Giratina|Draco Meteor|p2a: Feraligatr\n|-damage|p2a: Feraligatr|111/264\n|-unboost|p1a: Giratina|spa|2\n|move|p2a: Feraligatr|Dragon Dance|p2a: Feraligatr\n|-boost|p2a: Feraligatr|atk|1\n|-boost|p2a: Feraligatr|spe|1\n|\n|upkeep\n|turn|2\n|\n|t:|1732948681\n|move|p2a: Feraligatr|Crunch|p1a: Giratina\n|-supereffective|p1a: Giratina\n|-damage|p1a: Giratina|70/335\n|move|p1a: Giratina|Draco Meteor|p2a: Feraligatr\n|-damage|p2a: Feraligatr|29/264\n|-unboost|p1a: Giratina|spa|2\n|\n|upkeep\n|turn|3\n|\n|t:|1732948693\n|move|p1a: Giratina|Shadow Sneak|p2a: Feraligatr\n|-damage|p2a: Feraligatr|0 fnt\n|faint|p2a: Feraligatr\n|\n|upkeep\n|\n|t:|1732948711\n|switch|p2a: Bombirdier|Bombirdier, L85, F|258/258\n|turn|4\n|\n|t:|1732948726\n|move|p2a: Bombirdier|Knock Off|p1a: Giratina\n|-supereffective|p1a: Giratina\n|-damage|p1a: Giratina|0 fnt\n|faint|p1a: Giratina\n|\n|upkeep\n|\n|t:|1732948737\n|switch|p1a: Gardevoir|Gardevoir, L83, F|249/249\n|-ability|p1a: Gardevoir|Big Pecks|[from] ability: Trace|[of] p2a: Bombirdier\n|turn|5\n|\n|t:|1732948775\n|switch|p2a: Qwilfish|Qwilfish, L86, F|252/252\n|-ability|p2a: Qwilfish|Intimidate|boost\n|-unboost|p1a: Gardevoir|atk|1\n|move|p1a: Gardevoir|Moonblast|p2a: Qwilfish\n|-resisted|p2a: Qwilfish\n|-damage|p2a: Qwilfish|166/252\n|\n|upkeep\n|turn|6\n|\n|t:|1732948793\n|switch|p1a: Orthworm|Orthworm, L88, F|266/266\n|move|p2a: Qwilfish|Gunk Shot|p1a: Orthworm\n|-immune|p1a: Orthworm\n|\n|upkeep\n|turn|7\n|\n|t:|1732948822\n|switch|p2a: Hariyama|Hariyama, L87, M|392/392\n|move|p1a: Orthworm|Heavy Slam|p2a: Hariyama\n|-damage|p2a: Hariyama|335/392\n|\n|-status|p2a: Hariyama|brn|[from] item: Flame Orb\n|upkeep\n|turn|8\n|\n|t:|1732948865\n|switch|p1a: Gothitelle|Gothitelle, L90, M|272/272\n|move|p2a: Hariyama|Headlong Rush|p1a: Gothitelle\n|-damage|p1a: Gothitelle|130/272\n|-unboost|p2a: Hariyama|def|1\n|-unboost|p2a: Hariyama|spd|1\n|\n|-heal|p1a: Gothitelle|147/272|[from] item: Leftovers\n|-damage|p2a: Hariyama|311/392 brn|[from] brn\n|upkeep\n|turn|9\n|\n|t:|1732948891\n|-terastallize|p2a: Hariyama|Normal\n|move|p1a: Gothitelle|Thunderbolt|p2a: Hariyama\n|-damage|p2a: Hariyama|173/392 brn\n|move|p2a: Hariyama|Knock Off|p1a: Gothitelle\n|-supereffective|p1a: Gothitelle\n|-damage|p1a: Gothitelle|0 fnt\n|-enditem|p1a: Gothitelle|Leftovers|[from] move: Knock Off|[of] p2a: Hariyama\n|faint|p1a: Gothitelle\n|\n|-damage|p2a: Hariyama|149/392 brn|[from] brn\n|upkeep\n|\n|t:|1732948903\n|switch|p1a: Orthworm|Orthworm, L88, F|266/266\n|turn|10\n|\n|t:|1732948912\n|move|p1a: Orthworm|Body Press|p2a: Hariyama\n|-supereffective|p2a: Hariyama\n|-damage|p2a: Hariyama|0 fnt\n|faint|p2a: Hariyama\n|\n|upkeep\n|\n|t:|1732948920\n|switch|p2a: Noivern|Noivern, L82, M|274/274\n|turn|11\n|\n|t:|1732948961\n|move|p2a: Noivern|Flamethrower|p1a: Orthworm\n|-supereffective|p1a: Orthworm\n|-damage|p1a: Orthworm|32/266\n|move|p1a: Orthworm|Shed Tail|p1a: Orthworm\n|-fail|p1a: Orthworm|move: Shed Tail|[weak]\n|\n|upkeep\n|turn|12\n|\n|t:|1732948971\n|move|p2a: Noivern|Flamethrower|p1a: Orthworm\n|-supereffective|p1a: Orthworm\n|-damage|p1a: Orthworm|0 fnt\n|faint|p1a: Orthworm\n|\n|upkeep\n|\n|t:|1732948977\n|switch|p1a: Gardevoir|Gardevoir, L83, F|249/249\n|-ability|p1a: Gardevoir|Infiltrator|[from] ability: Trace|[of] p2a: Noivern\n|turn|13\n|\n|t:|1732948995\n|move|p1a: Gardevoir|Psychic|p2a: Noivern\n|-damage|p2a: Noivern|145/274\n|move|p2a: Noivern|Flamethrower|p1a: Gardevoir\n|-damage|p1a: Gardevoir|170/249\n|\n|upkeep\n|turn|14\n|\n|t:|1732949018\n|switch|p1a: Dondozo|Dondozo, L78, F|362/362\n|switch|p2a: Bombirdier|Bombirdier, L85, F|258/258\n|\n|upkeep\n|turn|15\n|\n|t:|1732949056\n|move|p2a: Bombirdier|Brave Bird|p1a: Dondozo\n|-damage|p1a: Dondozo|241/362\n|-damage|p2a: Bombirdier|218/258|[from] Recoil\n|move|p1a: Dondozo|Wave Crash|p2a: Bombirdier\n|-damage|p2a: Bombirdier|94/258\n|-damage|p1a: Dondozo|200/362|[from] Recoil\n|\n|-heal|p1a: Dondozo|222/362|[from] item: Leftovers\n|upkeep\n|turn|16\n|\n|t:|1732949066\n|move|p2a: Bombirdier|Roost|p2a: Bombirdier\n|-heal|p2a: Bombirdier|223/258\n|-singleturn|p2a: Bombirdier|move: Roost\n|move|p1a: Dondozo|Wave Crash|p2a: Bombirdier\n|-damage|p2a: Bombirdier|114/258\n|-damage|p1a: Dondozo|186/362|[from] Recoil\n|\n|-heal|p1a: Dondozo|208/362|[from] item: Leftovers\n|upkeep\n|turn|17\n|\n|t:|1732949075\n|move|p2a: Bombirdier|Roost|p2a: Bombirdier\n|-heal|p2a: Bombirdier|243/258\n|-singleturn|p2a: Bombirdier|move: Roost\n|move|p1a: Dondozo|Rest|p1a: Dondozo\n|-status|p1a: Dondozo|slp|[from] move: Rest\n|-heal|p1a: Dondozo|362/362 slp|[silent]\n|\n|upkeep\n|turn|18\n|\n|t:|1732949101\n|move|p2a: Bombirdier|Brave Bird|p1a: Dondozo\n|-damage|p1a: Dondozo|232/362 slp\n|-damage|p2a: Bombirdier|200/258|[from] Recoil\n|cant|p1a: Dondozo|slp\n|\n|-heal|p1a: Dondozo|254/362 slp|[from] item: Leftovers\n|upkeep\n|turn|19\n|\n|t:|1732949113\n|move|p2a: Bombirdier|Knock Off|p1a: Dondozo\n|-damage|p1a: Dondozo|154/362 slp\n|-enditem|p1a: Dondozo|Leftovers|[from] move: Knock Off|[of] p2a: Bombirdier\n|cant|p1a: Dondozo|slp\n|\n|upkeep\n|turn|20\n|\n|t:|1732949119\n|move|p2a: Bombirdier|Brave Bird|p1a: Dondozo\n|-damage|p1a: Dondozo|27/362 slp\n|-damage|p2a: Bombirdier|158/258|[from] Recoil\n|-curestatus|p1a: Dondozo|slp|[msg]\n|move|p1a: Dondozo|Curse|p1a: Dondozo\n|-unboost|p1a: Dondozo|spe|1\n|-boost|p1a: Dondozo|atk|1\n|-boost|p1a: Dondozo|def|1\n|\n|upkeep\n|turn|21\n|\n|t:|1732949130\n|move|p2a: Bombirdier|Sucker Punch|p1a: Dondozo\n|-damage|p1a: Dondozo|0 fnt\n|faint|p1a: Dondozo\n|\n|upkeep\n|\n|t:|1732949140\n|switch|p1a: Gardevoir|Gardevoir, L83, F|170/249\n|-ability|p1a: Gardevoir|Big Pecks|[from] ability: Trace|[of] p2a: Bombirdier\n|turn|22\n|\n|t:|1732949158\n|move|p1a: Gardevoir|Moonblast|p2a: Bombirdier\n|-supereffective|p2a: Bombirdier\n|-crit|p2a: Bombirdier\n|-damage|p2a: Bombirdier|0 fnt\n|faint|p2a: Bombirdier\n|\n|upkeep\n|\n|t:|1732949174\n|switch|p2a: Qwilfish|Qwilfish, L86, F|166/252\n|-ability|p2a: Qwilfish|Intimidate|boost\n|-unboost|p1a: Gardevoir|atk|1\n|turn|23\n|\n|t:|1732949186\n|switch|p1a: Tentacruel|Tentacruel, L84, M|272/272\n|move|p2a: Qwilfish|Toxic|p1a: Tentacruel\n|-immune|p1a: Tentacruel\n|\n|upkeep\n|turn|24\n|\n|t:|1732949220\n|move|p1a: Tentacruel|Surf|p2a: Qwilfish\n|-resisted|p2a: Qwilfish\n|-crit|p2a: Qwilfish\n|-damage|p2a: Qwilfish|88/252\n|move|p2a: Qwilfish|Pain Split|p1a: Tentacruel\n|-sethp|p1a: Tentacruel|180/272|[from] move: Pain Split|[silent]\n|-sethp|p2a: Qwilfish|180/252|[from] move: Pain Split\n|\n|-heal|p1a: Tentacruel|197/272|[from] item: Leftovers\n|upkeep\n|turn|25\n|\n|t:|1732949247\n|move|p1a: Tentacruel|Surf|p2a: Qwilfish\n|-resisted|p2a: Qwilfish\n|-damage|p2a: Qwilfish|126/252\n|move|p2a: Qwilfish|Flip Turn|p1a: Tentacruel\n|-resisted|p1a: Tentacruel\n|-damage|p1a: Tentacruel|158/272\n|\n|t:|1732949255\n|switch|p2a: Espathra|Espathra, L80, F|283/283|[from] Flip Turn\n|\n|-heal|p1a: Tentacruel|175/272|[from] item: Leftovers\n|upkeep\n|turn|26\n|inactive|Battle timer is ON: inactive players will automatically lose when time's up. (requested by iabusepiplup)\n|\n|t:|1732949307\n|move|p1a: Tentacruel|Toxic|p2a: Espathra\n|-status|p2a: Espathra|tox\n|move|p2a: Espathra|Calm Mind|p2a: Espathra\n|-boost|p2a: Espathra|spa|1\n|-boost|p2a: Espathra|spd|1\n|\n|-heal|p1a: Tentacruel|192/272|[from] item: Leftovers\n|-damage|p2a: Espathra|266/283 tox|[from] psn\n|-ability|p2a: Espathra|Speed Boost|boost\n|-boost|p2a: Espathra|spe|1\n|upkeep\n|turn|27\n|\n|t:|1732949321\n|move|p2a: Espathra|Calm Mind|p2a: Espathra\n|-boost|p2a: Espathra|spa|1\n|-boost|p2a: Espathra|spd|1\n|move|p1a: Tentacruel|Surf|p2a: Espathra\n|-damage|p2a: Espathra|212/283 tox\n|\n|-heal|p2a: Espathra|229/283 tox|[from] item: Leftovers\n|-heal|p1a: Tentacruel|209/272|[from] item: Leftovers\n|-damage|p2a: Espathra|195/283 tox|[from] psn\n|-ability|p2a: Espathra|Speed Boost|boost\n|-boost|p2a: Espathra|spe|1\n|upkeep\n|turn|28\n|\n|t:|1732949335\n|move|p2a: Espathra|Calm Mind|p2a: Espathra\n|-boost|p2a: Espathra|spa|1\n|-boost|p2a: Espathra|spd|1\n|move|p1a: Tentacruel|Surf|p2a: Espathra\n|-damage|p2a: Espathra|152/283 tox\n|\n|-heal|p2a: Espathra|169/283 tox|[from] item: Leftovers\n|-heal|p1a: Tentacruel|226/272|[from] item: Leftovers\n|-damage|p2a: Espathra|118/283 tox|[from] psn\n|-ability|p2a: Espathra|Speed Boost|boost\n|-boost|p2a: Espathra|spe|1\n|upkeep\n|turn|29\n|\n|t:|1732949345\n|move|p2a: Espathra|Stored Power|p1a: Tentacruel\n|-supereffective|p1a: Tentacruel\n|-damage|p1a: Tentacruel|0 fnt\n|faint|p1a: Tentacruel\n|\n|-heal|p2a: Espathra|135/283 tox|[from] item: Leftovers\n|-damage|p2a: Espathra|67/283 tox|[from] psn\n|-ability|p2a: Espathra|Speed Boost|boost\n|-boost|p2a: Espathra|spe|1\n|upkeep\n|\n|t:|1732949353\n|switch|p1a: Gardevoir|Gardevoir, L83, F|170/249\n|-ability|p1a: Gardevoir|Speed Boost|[from] ability: Trace|[of] p2a: Espathra\n|turn|30\n|inactive|coqsoqer has 270 seconds left.\n|\n|t:|1732949404\n|move|p2a: Espathra|Stored Power|p1a: Gardevoir\n|-resisted|p1a: Gardevoir\n|-damage|p1a: Gardevoir|0 fnt\n|faint|p1a: Gardevoir\n|\n|win|iabusepiplup\n|c|\u2606iabusepiplup|ez\n|l|\u2606coqsoqer\n|player|p1|\n|c|\u2606iabusepiplup|trash\n|l|\u2606iabusepiplup\n|player|p2|\n|j|\u2606iabusepiplup\n|player|p2|iabusepiplup|dawn-gen4pt|\n", "inputlog": ">version b107d77f5c90bd6555267ae244a6264823309ead\n>start {\"formatid\":\"gen9randombattle\",\"seed\":[13003,35240,22509,27835]}\n>player p1 {\"name\":\"coqsoqer\",\"avatar\":\"pokemonranger-gen4\",\"rating\":0,\"seed\":[65320,56272,55196,53153]}\n>player p2 {\"name\":\"iabusepiplup\",\"avatar\":\"dawn-gen4pt\",\"rating\":0,\"seed\":[27467,59818,65109,53793]}\n>p1 move dracometeor\n>p2 move dragondance\n>p1 move dracometeor\n>p2 move crunch\n>p1 move shadowsneak\n>p2 move icepunch\n>p2 switch 5\n>p1 move willowisp\n>p2 move knockoff\n>p1 switch 2\n>p1 move moonblast\n>p2 switch 4\n>p1 switch 6\n>p2 move gunkshot\n>p1 move heavyslam\n>p2 switch 3\n>p1 switch 4\n>p2 move headlongrush\n>p1 move thunderbolt\n>p2 move knockoff terastallize\n>p1 switch 4\n>p1 move bodypress\n>p2 move headlongrush\n>p2 switch 2\n>p1 move shedtail\n>p2 move flamethrower\n>p1 move rest\n>p2 move flamethrower\n>p1 switch 6\n>p1 move psychic\n>p2 move flamethrower\n>p1 switch 5\n>p2 switch 4\n>p1 move wavecrash\n>p2 move bravebird\n>p1 move wavecrash\n>p2 move roost\n>p1 move rest\n>p2 move roost\n>p1 move curse\n>p2 move bravebird\n>p1 move curse\n>p2 move knockoff\n>p1 move curse\n>p2 move bravebird\n>p1 move wavecrash\n>p2 move suckerpunch\n>p1 switch 5\n>p1 move moonblast\n>p2 move roost\n>p2 switch 3\n>p1 switch 3\n>p2 move toxic\n>p1 move surf\n>p2 move painsplit\n>p1 move surf\n>p2 move flipturn\n>p2 switch 6\n>p1 move toxic\n>p2 move calmmind\n>p1 move surf\n>p2 move calmmind\n>p1 move surf\n>p2 move calmmind\n>p1 move surf\n>p2 move storedpower\n>p1 switch 3\n>p1 move moonblast\n>p2 move storedpower", "uploadtime": 1732949414, "views": 3, "formatid": "gen9randombattle", "rating": null, "private": 0, "password": null}