{"id": "gen9randombattle-2254141268", "format": "[Gen 9] Random Battle", "players": ["hugaario", "cacahue"], "log": "|j|\u2606hugaario\n|j|\u2606cacahue\n|t:|1732996284\n|gametype|singles\n|player|p1|hugaario|barry|2066\n|player|p2|cacahue|169|2206\n|teamsize|p1|6\n|teamsize|p2|6\n|gen|9\n|tier|[Gen 9] Random Battle\n|rated|\n|rule|Species Clause: Limit one of each Pok\u00e9mon\n|rule|HP Percentage Mod: HP is shown in percentages\n|rule|Sleep Clause Mod: Limit one foe put to sleep\n|rule|Illusion Level Mod: Illusion disguises the Pok\u00e9mon's true level\n|\n|t:|1732996284\n|start\n|switch|p1a: Magmortar|Magmortar, L88, M|275/275\n|switch|p2a: Flareon|Flareon, L90, F|263/263\n|turn|1\n|inactive|Battle timer is ON: inactive players will automatically lose when time's up. (requested by hugaario)\n|\n|t:|1732996299\n|switch|p2a: Floatzel|Floatzel, L85, F|283/283\n|move|p1a: Magmortar|Earthquake|p2a: Floatzel\n|-damage|p2a: Floatzel|183/283\n|\n|-heal|p2a: Floatzel|200/283|[from] item: Leftovers\n|upkeep\n|turn|2\n|\n|t:|1732996305\n|switch|p1a: Lumineon|Lumineon, L93, M|279/279\n|move|p2a: Floatzel|Bulk Up|p2a: Floatzel\n|-boost|p2a: Floatzel|atk|1\n|-boost|p2a: Floatzel|def|1\n|\n|-heal|p2a: Floatzel|217/283|[from] item: Leftovers\n|upkeep\n|turn|3\n|\n|t:|1732996309\n|move|p2a: Floatzel|Crunch|p1a: Lumineon\n|-damage|p1a: Lumineon|180/279\n|move|p1a: Lumineon|Encore|p2a: Floatzel\n|-start|p2a: Floatzel|Encore\n|\n|-heal|p2a: Floatzel|234/283|[from] item: Leftovers\n|upkeep\n|turn|4\n|\n|t:|1732996325\n|switch|p1a: Miraidon|Miraidon, L65|238/238\n|-fieldstart|move: Electric Terrain|[from] ability: Hadron Engine|[of] p1a: Miraidon\n|move|p2a: Floatzel|Crunch|p1a: Miraidon\n|-damage|p1a: Miraidon|126/238\n|-unboost|p1a: Miraidon|def|1\n|\n|-heal|p2a: Floatzel|251/283|[from] item: Leftovers\n|-heal|p1a: Miraidon|140/238|[from] item: Leftovers\n|upkeep\n|turn|5\n|\n|t:|1732996331\n|move|p2a: Floatzel|Crunch|p1a: Miraidon\n|-crit|p1a: Miraidon\n|-damage|p1a: Miraidon|0 fnt\n|faint|p1a: Miraidon\n|\n|-heal|p2a: Floatzel|268/283|[from] item: Leftovers\n|upkeep\n|\n|t:|1732996335\n|switch|p1a: Magmortar|Magmortar, L88, M|275/275\n|turn|6\n|\n|t:|1732996337\n|move|p2a: Floatzel|Crunch|p1a: Magmortar\n|-damage|p1a: Magmortar|174/275\n|move|p1a: Magmortar|Thunderbolt|p2a: Floatzel\n|-supereffective|p2a: Floatzel\n|-damage|p2a: Floatzel|0 fnt\n|faint|p2a: Floatzel\n|\n|upkeep\n|\n|t:|1732996347\n|switch|p2a: Dudunsparce|Dudunsparce, L83, F|343/343\n|turn|7\n|\n|t:|1732996349\n|move|p1a: Magmortar|Focus Blast|p2a: Dudunsparce|[miss]\n|-miss|p1a: Magmortar|p2a: Dudunsparce\n|move|p2a: Dudunsparce|Glare|p1a: Magmortar\n|-status|p1a: Magmortar|par\n|\n|upkeep\n|turn|8\n|\n|t:|1732996352\n|move|p2a: Dudunsparce|Earthquake|p1a: Magmortar\n|-supereffective|p1a: Magmortar\n|-damage|p1a: Magmortar|0 fnt\n|faint|p1a: Magmortar\n|\n|-fieldend|move: Electric Terrain\n|upkeep\n|\n|t:|1732996354\n|switch|p1a: Medicham|Medicham, L86, F|243/243\n|turn|9\n|\n|t:|1732996358\n|-terastallize|p2a: Dudunsparce|Ghost\n|move|p1a: Medicham|Close Combat|p2a: Dudunsparce\n|-immune|p2a: Dudunsparce\n|move|p2a: Dudunsparce|Glare|p1a: Medicham\n|-status|p1a: Medicham|par\n|\n|upkeep\n|turn|10\n|\n|t:|1732996365\n|switch|p1a: Girafarig|Girafarig, L89, M|269/269\n|move|p2a: Dudunsparce|Glare|p1a: Girafarig\n|-status|p1a: Girafarig|par\n|\n|upkeep\n|turn|11\n|\n|t:|1732996369\n|move|p2a: Dudunsparce|Headbutt|p1a: Girafarig\n|-damage|p1a: Girafarig|209/269 par\n|cant|p1a: Girafarig|flinch\n|\n|upkeep\n|turn|12\n|\n|t:|1732996371\n|move|p2a: Dudunsparce|Headbutt|p1a: Girafarig\n|-crit|p1a: Girafarig\n|-damage|p1a: Girafarig|122/269 par\n|cant|p1a: Girafarig|flinch\n|\n|upkeep\n|turn|13\n|\n|t:|1732996373\n|move|p2a: Dudunsparce|Headbutt|p1a: Girafarig\n|-damage|p1a: Girafarig|62/269 par\n|move|p1a: Girafarig|Shadow Ball|p2a: Dudunsparce\n|-supereffective|p2a: Dudunsparce\n|-damage|p2a: Dudunsparce|213/343\n|\n|-heal|p2a: Dudunsparce|234/343|[from] item: Leftovers\n|upkeep\n|turn|14\n|\n|t:|1732996375\n|move|p2a: Dudunsparce|Roost|p2a: Dudunsparce\n|-heal|p2a: Dudunsparce|343/343\n|move|p1a: Girafarig|Shadow Ball|p2a: Dudunsparce\n|-supereffective|p2a: Dudunsparce\n|-damage|p2a: Dudunsparce|219/343\n|-unboost|p2a: Dudunsparce|spd|1\n|\n|-heal|p2a: Dudunsparce|240/343|[from] item: Leftovers\n|upkeep\n|turn|15\n|\n|t:|1732996377\n|move|p2a: Dudunsparce|Headbutt|p1a: Girafarig\n|-damage|p1a: Girafarig|7/269 par\n|move|p1a: Girafarig|Shadow Ball|p2a: Dudunsparce\n|-supereffective|p2a: Dudunsparce\n|-damage|p2a: Dudunsparce|32/343\n|\n|-heal|p2a: Dudunsparce|53/343|[from] item: Leftovers\n|upkeep\n|turn|16\n|\n|t:|1732996379\n|move|p2a: Dudunsparce|Headbutt|p1a: Girafarig\n|-damage|p1a: Girafarig|0 fnt\n|faint|p1a: Girafarig\n|\n|-heal|p2a: Dudunsparce|74/343|[from] item: Leftovers\n|upkeep\n|\n|t:|1732996392\n|switch|p1a: Tauros|Tauros, L82, M|257/257\n|turn|17\n|\n|t:|1732996399\n|switch|p2a: Latias|Latias, L79, F|256/256\n|move|p1a: Tauros|Throat Chop|p2a: Latias\n|-supereffective|p2a: Latias\n|-damage|p2a: Latias|69/256\n|\n|upkeep\n|turn|18\n|\n|t:|1732996403\n|move|p1a: Tauros|Throat Chop|p2a: Latias\n|-supereffective|p2a: Latias\n|-damage|p2a: Latias|0 fnt\n|faint|p2a: Latias\n|\n|upkeep\n|\n|t:|1732996407\n|switch|p2a: Flareon|Flareon, L90, F|263/263\n|turn|19\n|\n|t:|1732996416\n|move|p1a: Tauros|Body Slam|p2a: Flareon\n|-damage|p2a: Flareon|86/263\n|move|p2a: Flareon|Will-O-Wisp|p1a: Tauros\n|-status|p1a: Tauros|brn\n|\n|-damage|p1a: Tauros|241/257 brn|[from] brn\n|-status|p2a: Flareon|tox|[from] item: Toxic Orb\n|upkeep\n|turn|20\n|\n|t:|1732996423\n|switch|p2a: Slowking|Slowking, L88, M|310/310\n|move|p1a: Tauros|Earthquake|p2a: Slowking\n|-damage|p2a: Slowking|268/310\n|-damage|p1a: Tauros|216/257 brn|[from] item: Life Orb\n|\n|-damage|p1a: Tauros|200/257 brn|[from] brn\n|upkeep\n|turn|21\n|\n|t:|1732996425\n|move|p1a: Tauros|Throat Chop|p2a: Slowking\n|-supereffective|p2a: Slowking\n|-damage|p2a: Slowking|165/310\n|move|p2a: Slowking|Scald|p1a: Tauros\n|-damage|p1a: Tauros|89/257 brn\n|\n|-damage|p1a: Tauros|73/257 brn|[from] brn\n|upkeep\n|turn|22\n|\n|t:|1732996428\n|move|p1a: Tauros|Throat Chop|p2a: Slowking\n|-supereffective|p2a: Slowking\n|-damage|p2a: Slowking|75/310\n|move|p2a: Slowking|Slack Off|p2a: Slowking\n|-heal|p2a: Slowking|230/310\n|\n|-damage|p1a: Tauros|57/257 brn|[from] brn\n|upkeep\n|turn|23\n|\n|t:|1732996430\n|move|p1a: Tauros|Throat Chop|p2a: Slowking\n|-supereffective|p2a: Slowking\n|-damage|p2a: Slowking|142/310\n|move|p2a: Slowking|Slack Off|p2a: Slowking\n|-heal|p2a: Slowking|297/310\n|\n|-damage|p1a: Tauros|41/257 brn|[from] brn\n|upkeep\n|turn|24\n|\n|t:|1732996434\n|move|p1a: Tauros|Throat Chop|p2a: Slowking\n|-supereffective|p2a: Slowking\n|-damage|p2a: Slowking|198/310\n|move|p2a: Slowking|Chilly Reception|p2a: Slowking\n|-weather|Snow\n|n|!hugaario|hugaario\n|\n|t:|1732996437\n|switch|p2a: Dudunsparce|Dudunsparce, L83, F, tera:Ghost|74/343|[from] Chilly Reception\n|\n|-weather|Snow|[upkeep]\n|-heal|p2a: Dudunsparce|95/343|[from] item: Leftovers\n|-damage|p1a: Tauros|25/257 brn|[from] brn\n|upkeep\n|turn|25\n|\n|t:|1732996441\n|switch|p2a: Slowking|Slowking, L88, M|301/310\n|move|p1a: Tauros|Throat Chop|p2a: Slowking\n|-supereffective|p2a: Slowking\n|-damage|p2a: Slowking|213/310\n|\n|-weather|Snow|[upkeep]\n|-damage|p1a: Tauros|9/257 brn|[from] brn\n|upkeep\n|turn|26\n|\n|t:|1732996443\n|move|p1a: Tauros|Throat Chop|p2a: Slowking\n|-supereffective|p2a: Slowking\n|-crit|p2a: Slowking\n|-damage|p2a: Slowking|80/310\n|move|p2a: Slowking|Slack Off|p2a: Slowking\n|-heal|p2a: Slowking|235/310\n|\n|-weather|Snow|[upkeep]\n|-damage|p1a: Tauros|0 fnt|[from] brn\n|faint|p1a: Tauros\n|upkeep\n|\n|t:|1732996448\n|switch|p1a: Medicham|Medicham, L86, F|243/243 par\n|turn|27\n|\n|t:|1732996453\n|switch|p2a: Probopass|Probopass, L92, M|260/260\n|move|p1a: Medicham|Close Combat|p2a: Probopass\n|-supereffective|p2a: Probopass\n|-damage|p2a: Probopass|0 fnt\n|-unboost|p1a: Medicham|def|1\n|-unboost|p1a: Medicham|spd|1\n|faint|p2a: Probopass\n|\n|-weather|Snow|[upkeep]\n|upkeep\n|\n|t:|1732996455\n|switch|p2a: Dudunsparce|Dudunsparce, L83, F, tera:Ghost|95/343\n|turn|28\n|\n|t:|1732996457\n|switch|p1a: Lumineon|Lumineon, L93, M|180/279\n|move|p2a: Dudunsparce|Roost|p2a: Dudunsparce\n|-heal|p2a: Dudunsparce|267/343\n|\n|-weather|none\n|-heal|p2a: Dudunsparce|288/343|[from] item: Leftovers\n|upkeep\n|turn|29\n|\n|t:|1732996459\n|switch|p2a: Slowking|Slowking, L88, M|310/310\n|-terastallize|p1a: Lumineon|Fairy\n|move|p1a: Lumineon|Alluring Voice|p2a: Slowking\n|-damage|p2a: Slowking|223/310\n|-damage|p1a: Lumineon|153/279|[from] item: Life Orb\n|\n|upkeep\n|turn|30\n|\n|t:|1732996468\n|move|p1a: Lumineon|Hydro Pump|p2a: Slowking\n|-resisted|p2a: Slowking\n|-damage|p2a: Slowking|168/310\n|-damage|p1a: Lumineon|126/279|[from] item: Life Orb\n|move|p2a: Slowking|Scald|p1a: Lumineon\n|-ability|p1a: Lumineon|Storm Drain|boost\n|-boost|p1a: Lumineon|spa|1\n|\n|upkeep\n|turn|31\n|\n|t:|1732996471\n|move|p1a: Lumineon|Alluring Voice|p2a: Slowking\n|-damage|p2a: Slowking|30/310\n|-damage|p1a: Lumineon|99/279|[from] item: Life Orb\n|move|p2a: Slowking|Psychic Noise|p1a: Lumineon\n|-damage|p1a: Lumineon|17/279\n|-start|p1a: Lumineon|move: Heal Block\n|\n|upkeep\n|turn|32\n|\n|t:|1732996475\n|move|p1a: Lumineon|Alluring Voice|p2a: Slowking\n|-damage|p2a: Slowking|0 fnt\n|faint|p2a: Slowking\n|-damage|p1a: Lumineon|0 fnt|[from] item: Life Orb\n|faint|p1a: Lumineon\n|\n|upkeep\n|\n|t:|1732996477\n|switch|p1a: Medicham|Medicham, L86, F|243/243 par\n|switch|p2a: Flareon|Flareon, L90, F|86/263 tox\n|turn|33\n|\n|t:|1732996481\n|move|p2a: Flareon|Flare Blitz|p1a: Medicham\n|-damage|p1a: Medicham|0 fnt\n|faint|p1a: Medicham\n|-damage|p2a: Flareon|6/263 tox|[from] Recoil\n|\n|win|cacahue\n", "inputlog": ">version b107d77f5c90bd6555267ae244a6264823309ead\n>start {\"formatid\":\"gen9randombattle\",\"seed\":[6126,37650,47360,59856],\"rated\":\"Rated battle\"}\n>player p1 {\"name\":\"hugaario\",\"avatar\":\"barry\",\"rating\":2066,\"seed\":[6722,22163,29169,26469]}\n>player p2 {\"name\":\"cacahue\",\"avatar\":\"169\",\"rating\":2206,\"seed\":[31575,50889,24184,44923]}\n>p1 move earthquake\n>p2 switch 4\n>p1 switch 3\n>p2 move bulkup\n>p1 move encore\n>p2 move crunch\n>p1 switch 4\n>p2 move crunch\n>p1 move electrodrift\n>p2 move crunch\n>p1 switch 3\n>p1 move thunderbolt\n>p2 move crunch\n>p2 switch 3\n>p1 move focusblast\n>p2 move glare\n>p1 move focusblast\n>p2 move earthquake\n>p1 switch 5\n>p1 move closecombat\n>p2 move glare terastallize\n>p1 switch 2\n>p2 move glare\n>p1 move nastyplot\n>p2 move headbutt\n>p1 move shadowball\n>p2 move headbutt\n>p1 move shadowball\n>p2 move headbutt\n>p1 move shadowball\n>p2 move roost\n>p1 move shadowball\n>p2 move headbutt\n>p1 move shadowball\n>p2 move headbutt\n>p1 switch 6\n>p1 move throatchop\n>p2 switch 6\n>p1 move throatchop\n>p2 move dracometeor\n>p2 switch 4\n>p1 move bodyslam\n>p2 move willowisp\n>p1 move earthquake\n>p2 switch 2\n>p1 move throatchop\n>p2 move scald\n>p1 move throatchop\n>p2 move slackoff\n>p1 move throatchop\n>p2 move slackoff\n>p1 move throatchop\n>p2 move chillyreception\n>chat \u2606hugaario|pussy\n>p2 switch 6\n>p1 move throatchop\n>p2 switch 6\n>p1 move throatchop\n>p2 move slackoff\n>p1 switch 2\n>p1 move closecombat\n>p2 switch 5\n>p2 switch 6\n>p1 switch 4\n>p2 move roost\n>p1 move alluringvoice terastallize\n>p2 switch 5\n>p1 move hydropump\n>p2 move scald\n>p1 move alluringvoice\n>p2 move psychicnoise\n>p1 move alluringvoice\n>p2 move psychicnoise\n>p1 switch 4\n>p2 switch 2\n>p1 move zenheadbutt\n>p2 move flareblitz", "uploadtime": 1732996437, "views": 1, "formatid": "gen9randombattle", "rating": null, "private": 0, "password": null}