{"id": "gen9randombattle-2253980485", "format": "[Gen 9] Random Battle", "players": ["stitchdotexe", "12hns3"], "log": "|j|\u2606stitchdotexe\n|j|\u260612hns3\n|t:|1732975097\n|gametype|singles\n|player|p1|stitchdotexe|101|1161\n|player|p2|12hns3|ghetsis|1155\n|teamsize|p1|6\n|teamsize|p2|6\n|gen|9\n|tier|[Gen 9] Random Battle\n|rated|\n|rule|Species Clause: Limit one of each Pok\u00e9mon\n|rule|HP Percentage Mod: HP is shown in percentages\n|rule|Sleep Clause Mod: Limit one foe put to sleep\n|rule|Illusion Level Mod: Illusion disguises the Pok\u00e9mon's true level\n|\n|t:|1732975097\n|start\n|switch|p1a: Umbreon|Umbreon, L84, F|297/297\n|switch|p2a: Chien-Pao|Chien-Pao, L72|234/234\n|-ability|p2a: Chien-Pao|Sword of Ruin\n|turn|1\n|\n|t:|1732975120\n|move|p2a: Chien-Pao|Sacred Sword|p1a: Umbreon\n|-supereffective|p1a: Umbreon\n|-damage|p1a: Umbreon|161/297\n|move|p1a: Umbreon|Wish|p1a: Umbreon\n|\n|-heal|p1a: Umbreon|179/297|[from] item: Leftovers\n|upkeep\n|turn|2\n|\n|t:|1732975127\n|move|p2a: Chien-Pao|Swords Dance|p2a: Chien-Pao\n|-boost|p2a: Chien-Pao|atk|2\n|move|p1a: Umbreon|Toxic|p2a: Chien-Pao|[miss]\n|-miss|p1a: Umbreon|p2a: Chien-Pao\n|\n|-heal|p1a: Umbreon|297/297|[from] move: Wish|[wisher] Umbreon\n|upkeep\n|turn|3\n|\n|t:|1732975136\n|switch|p1a: Spidops|Spidops, L96, F|271/271\n|move|p2a: Chien-Pao|Sacred Sword|p1a: Spidops\n|-resisted|p1a: Spidops\n|-damage|p1a: Spidops|204/271\n|\n|upkeep\n|turn|4\n|inactive|Battle timer is ON: inactive players will automatically lose when time's up. (requested by stitchdotexe)\n|\n|t:|1732975148\n|move|p2a: Chien-Pao|Throat Chop|p1a: Spidops\n|-damage|p1a: Spidops|42/271\n|-start|p1a: Spidops|Throat Chop|[silent]\n|move|p1a: Spidops|Sticky Web|p2a: Chien-Pao\n|-sidestart|p2: 12hns3|move: Sticky Web\n|\n|upkeep\n|turn|5\n|\n|t:|1732975176\n|switch|p1a: Palafin|Palafin, L77, M|281/281\n|move|p2a: Chien-Pao|Sacred Sword|p1a: Palafin\n|-damage|p1a: Palafin|88/281\n|\n|-heal|p1a: Palafin|105/281|[from] item: Leftovers\n|upkeep\n|turn|6\n|\n|t:|1732975184\n|move|p2a: Chien-Pao|Sacred Sword|p1a: Palafin\n|-damage|p1a: Palafin|0 fnt\n|faint|p1a: Palafin\n|\n|upkeep\n|\n|t:|1732975189\n|switch|p1a: Spidops|Spidops, L96, F|42/271\n|turn|7\n|\n|t:|1732975191\n|move|p2a: Chien-Pao|Swords Dance|p2a: Chien-Pao\n|-boost|p2a: Chien-Pao|atk|2\n|move|p1a: Spidops|Toxic Spikes|p2a: Chien-Pao\n|-sidestart|p2: 12hns3|move: Toxic Spikes\n|\n|upkeep\n|turn|8\n|\n|t:|1732975196\n|move|p2a: Chien-Pao|Sacred Sword|p1a: Spidops\n|-resisted|p1a: Spidops\n|-damage|p1a: Spidops|0 fnt\n|faint|p1a: Spidops\n|\n|upkeep\n|\n|t:|1732975206\n|switch|p1a: Rampardos|Rampardos, L90, M|321/321\n|turn|9\n|\n|t:|1732975218\n|move|p2a: Chien-Pao|Sacred Sword|p1a: Rampardos\n|-supereffective|p1a: Rampardos\n|-damage|p1a: Rampardos|0 fnt\n|faint|p1a: Rampardos\n|\n|upkeep\n|\n|t:|1732975221\n|switch|p1a: Wo-Chien|Wo-Chien, L83|277/277\n|-ability|p1a: Wo-Chien|Tablets of Ruin\n|turn|10\n|\n|t:|1732975226\n|move|p2a: Chien-Pao|Sacred Sword|p1a: Wo-Chien\n|-supereffective|p1a: Wo-Chien\n|-damage|p1a: Wo-Chien|0 fnt\n|faint|p1a: Wo-Chien\n|\n|upkeep\n|\n|t:|1732975229\n|switch|p1a: Hydrapple|Hydrapple, L83, F|312/312\n|turn|11\n|\n|t:|1732975234\n|move|p2a: Chien-Pao|Icicle Crash|p1a: Hydrapple\n|-supereffective|p1a: Hydrapple\n|-damage|p1a: Hydrapple|0 fnt\n|faint|p1a: Hydrapple\n|\n|upkeep\n|\n|t:|1732975237\n|switch|p1a: Umbreon|Umbreon, L84, F|297/297\n|turn|12\n|\n|t:|1732975239\n|move|p2a: Chien-Pao|Sacred Sword|p1a: Umbreon\n|-supereffective|p1a: Umbreon\n|-damage|p1a: Umbreon|0 fnt\n|faint|p1a: Umbreon\n|\n|win|12hns3\n|raw|stitchdotexe's rating: 1161 &rarr; <strong>1136</strong><br />(-25 for losing)\n|raw|12hns3's rating: 1155 &rarr; <strong>1180</strong><br />(+25 for winning)\n|l|\u2606stitchdotexe\n|player|p1|\n|c|\u260612hns3|wow\n", "inputlog": ">version b107d77f5c90bd6555267ae244a6264823309ead\n>start {\"formatid\":\"gen9randombattle\",\"seed\":[16927,12025,27169,42275],\"rated\":\"Rated battle\"}\n>player p1 {\"name\":\"stitchdotexe\",\"avatar\":\"101\",\"rating\":1161,\"seed\":[35699,51074,52206,47513]}\n>player p2 {\"name\":\"12hns3\",\"avatar\":\"ghetsis\",\"rating\":1155,\"seed\":[41678,52886,50886,62650]}\n>p1 move wish\n>p2 move sacredsword\n>p1 move toxic\n>p2 move swordsdance\n>p1 switch 4\n>p2 move sacredsword\n>p1 move stickyweb\n>p2 move throatchop\n>p1 switch 2\n>p2 move sacredsword\n>p1 move drainpunch\n>p2 move sacredsword\n>p1 switch 2\n>p1 move toxicspikes\n>p2 move swordsdance\n>p1 move knockoff\n>p2 move sacredsword\n>p1 switch 3\n>p1 move firepunch\n>p2 move sacredsword\n>p1 switch 6\n>p1 move ruination\n>p2 move sacredsword\n>p1 switch 5\n>p1 move earthpower\n>p2 move iciclecrash\n>p1 switch 4\n>p1 move foulplay\n>p2 move sacredsword", "uploadtime": 1732975254, "views": 1, "formatid": "gen9randombattle", "rating": 1136, "private": 0, "password": null}