{"id": "gen9randombattle-2253934719", "format": "[Gen 9] Random Battle", "players": ["HonkeyCOMP", "ikwilkaas12346"], "log": "|j|\u2606HonkeyCOMP\n|j|\u2606ikwilkaas12346\n|t:|1732966992\n|gametype|singles\n|player|p1|HonkeyCOMP|clay|1450\n|player|p2|ikwilkaas12346|hiker-gen4|1434\n|teamsize|p1|6\n|teamsize|p2|6\n|gen|9\n|tier|[Gen 9] Random Battle\n|rated|\n|rule|Species Clause: Limit one of each Pok\u00e9mon\n|rule|HP Percentage Mod: HP is shown in percentages\n|rule|Sleep Clause Mod: Limit one foe put to sleep\n|rule|Illusion Level Mod: Illusion disguises the Pok\u00e9mon's true level\n|\n|t:|1732966992\n|start\n|switch|p1a: Squawkabilly|Squawkabilly, L85, F|278/278\n|switch|p2a: Lucario|Lucario, L84, M|255/255\n|turn|1\n|inactive|Battle timer is ON: inactive players will automatically lose when time's up. (requested by HonkeyCOMP)\n|inactive|ikwilkaas12346 has 120 seconds left.\n|\n|t:|1732967045\n|-terastallize|p2a: Lucario|Normal\n|move|p2a: Lucario|Extreme Speed|p1a: Squawkabilly\n|-damage|p1a: Squawkabilly|97/278\n|-damage|p2a: Lucario|230/255|[from] item: Life Orb\n|move|p1a: Squawkabilly|Brave Bird|p2a: Lucario\n|-damage|p2a: Lucario|74/255\n|-damage|p1a: Squawkabilly|46/278|[from] Recoil\n|\n|-status|p1a: Squawkabilly|brn|[from] item: Flame Orb\n|upkeep\n|turn|2\n|\n|t:|1732967057\n|move|p2a: Lucario|Extreme Speed|p1a: Squawkabilly\n|-damage|p1a: Squawkabilly|0 fnt\n|faint|p1a: Squawkabilly\n|-damage|p2a: Lucario|49/255|[from] item: Life Orb\n|\n|upkeep\n|\n|t:|1732967064\n|switch|p1a: Dugtrio|Dugtrio-Alola, L84, M|196/196\n|turn|3\n|inactive|ikwilkaas12346 has 120 seconds left.\n|\n|t:|1732967101\n|move|p2a: Lucario|Extreme Speed|p1a: Dugtrio\n|-resisted|p1a: Dugtrio\n|-damage|p1a: Dugtrio|122/196\n|-ability|p1a: Dugtrio|Tangling Hair\n|-unboost|p2a: Lucario|spe|1\n|-damage|p2a: Lucario|24/255|[from] item: Life Orb\n|move|p1a: Dugtrio|Earthquake|p2a: Lucario\n|-damage|p2a: Lucario|0 fnt\n|faint|p2a: Lucario\n|-damage|p1a: Dugtrio|103/196|[from] item: Life Orb\n|\n|upkeep\n|\n|t:|1732967114\n|switch|p2a: Glastrier|Glastrier, L86|311/311\n|turn|4\n|\n|t:|1732967126\n|move|p1a: Dugtrio|Iron Head|p2a: Glastrier\n|-supereffective|p2a: Glastrier\n|-damage|p2a: Glastrier|147/311\n|-damage|p1a: Dugtrio|84/196|[from] item: Life Orb\n|cant|p2a: Glastrier|flinch\n|\n|upkeep\n|turn|5\n|inactive|ikwilkaas12346 has 120 seconds left.\n|inactive|ikwilkaas12346 has 90 seconds left.\n|\n|t:|1732967163\n|move|p1a: Dugtrio|Iron Head|p2a: Glastrier\n|-supereffective|p2a: Glastrier\n|-damage|p2a: Glastrier|0 fnt\n|faint|p2a: Glastrier\n|-damage|p1a: Dugtrio|65/196|[from] item: Life Orb\n|\n|upkeep\n|inactive|ikwilkaas12346 has 90 seconds left.\n|\n|t:|1732967171\n|switch|p2a: Gardevoir|Gardevoir, L83, M|249/249\n|-ability|p2a: Gardevoir|Tangling Hair|[from] ability: Trace|[of] p1a: Dugtrio\n|turn|6\n|\n|t:|1732967176\n|move|p2a: Gardevoir|Moonblast|p1a: Dugtrio\n|-resisted|p1a: Dugtrio\n|-damage|p1a: Dugtrio|0 fnt\n|faint|p1a: Dugtrio\n|\n|upkeep\n|\n|t:|1732967185\n|switch|p1a: Lucario|Lucario, L84, M|255/255\n|turn|7\n|\n|t:|1732967191\n|move|p2a: Gardevoir|Moonblast|p1a: Lucario\n|-damage|p1a: Lucario|117/255\n|move|p1a: Lucario|Flash Cannon|p2a: Gardevoir\n|-supereffective|p2a: Gardevoir\n|-damage|p2a: Gardevoir|51/249\n|-damage|p1a: Lucario|92/255|[from] item: Life Orb\n|\n|upkeep\n|turn|8\n|\n|t:|1732967203\n|move|p1a: Lucario|Vacuum Wave|p2a: Gardevoir\n|-resisted|p2a: Gardevoir\n|-damage|p2a: Gardevoir|38/249\n|-damage|p1a: Lucario|67/255|[from] item: Life Orb\n|move|p2a: Gardevoir|Moonblast|p1a: Lucario\n|-damage|p1a: Lucario|0 fnt\n|faint|p1a: Lucario\n|\n|upkeep\n|\n|t:|1732967219\n|switch|p1a: Floatzel|Floatzel, L85, M|283/283\n|turn|9\n|inactive|ikwilkaas12346 has 120 seconds left.\n|\n|t:|1732967239\n|move|p2a: Gardevoir|Moonblast|p1a: Floatzel\n|-crit|p1a: Floatzel\n|-damage|p1a: Floatzel|36/283\n|-unboost|p1a: Floatzel|spa|1\n|move|p1a: Floatzel|Crunch|p2a: Gardevoir\n|-damage|p2a: Gardevoir|0 fnt\n|-ability|p2a: Gardevoir|Tangling Hair\n|-unboost|p1a: Floatzel|spe|1\n|faint|p2a: Gardevoir\n|\n|-heal|p1a: Floatzel|53/283|[from] item: Leftovers\n|upkeep\n|inactive|ikwilkaas12346 has 120 seconds left.\n|\n|t:|1732967244\n|switch|p2a: Tentacruel|Tentacruel, L84, M|272/272\n|turn|10\n|\n|t:|1732967253\n|move|p2a: Tentacruel|Rapid Spin|p1a: Floatzel\n|-damage|p1a: Floatzel|11/283\n|-boost|p2a: Tentacruel|spe|1\n|move|p1a: Floatzel|Crunch|p2a: Tentacruel\n|-damage|p2a: Tentacruel|190/272\n|-unboost|p2a: Tentacruel|def|1\n|\n|-heal|p1a: Floatzel|28/283|[from] item: Leftovers\n|upkeep\n|turn|11\n|\n|t:|1732967262\n|move|p2a: Tentacruel|Rapid Spin|p1a: Floatzel\n|-damage|p1a: Floatzel|0 fnt\n|-boost|p2a: Tentacruel|spe|1\n|faint|p1a: Floatzel\n|\n|upkeep\n|\n|t:|1732967268\n|switch|p1a: Gouging Fire|Gouging Fire, L74|277/277\n|turn|12\n|\n|t:|1732967276\n|move|p2a: Tentacruel|Sludge Bomb|p1a: Gouging Fire\n|-damage|p1a: Gouging Fire|189/277\n|-status|p1a: Gouging Fire|psn\n|move|p1a: Gouging Fire|Earthquake|p2a: Tentacruel\n|-supereffective|p2a: Tentacruel\n|-damage|p2a: Tentacruel|0 fnt\n|faint|p2a: Tentacruel\n|\n|-damage|p1a: Gouging Fire|155/277 psn|[from] psn\n|upkeep\n|\n|t:|1732967285\n|switch|p2a: Gothitelle|Gothitelle, L90, F|272/272\n|turn|13\n|\n|t:|1732967291\n|move|p2a: Gothitelle|Trick|p1a: Gouging Fire\n|-activate|p2a: Gothitelle|move: Trick|[of] p1a: Gouging Fire\n|-item|p1a: Gouging Fire|Choice Scarf|[from] move: Trick\n|-item|p2a: Gothitelle|Heavy-Duty Boots|[from] move: Trick\n|move|p1a: Gouging Fire|Outrage|p2a: Gothitelle\n|-damage|p2a: Gothitelle|166/272\n|\n|-damage|p1a: Gouging Fire|121/277 psn|[from] psn\n|upkeep\n|turn|14\n|\n|t:|1732967299\n|move|p1a: Gouging Fire|Outrage|p2a: Gothitelle|[from]lockedmove\n|-damage|p2a: Gothitelle|67/272\n|-start|p1a: Gouging Fire|confusion|[fatigue]\n|move|p2a: Gothitelle|Psychic|p1a: Gouging Fire\n|-damage|p1a: Gouging Fire|9/277 psn\n|\n|-damage|p1a: Gouging Fire|0 fnt|[from] psn\n|faint|p1a: Gouging Fire\n|-end|p1a: Gouging Fire|Protosynthesis|[silent]\n|upkeep\n|\n|t:|1732967309\n|switch|p1a: Hitmonlee|Hitmonlee, L85, M|223/223\n|turn|15\n|\n|t:|1732967315\n|move|p1a: Hitmonlee|High Jump Kick|p2a: Gothitelle\n|-resisted|p2a: Gothitelle\n|-damage|p2a: Gothitelle|0 fnt\n|faint|p2a: Gothitelle\n|\n|upkeep\n|\n|t:|1732967318\n|switch|p2a: Glimmora|Glimmora, L75, M|248/248\n|turn|16\n|\n|t:|1732967322\n|move|p1a: Hitmonlee|High Jump Kick|p2a: Glimmora\n|-damage|p2a: Glimmora|0 fnt\n|-activate|p2a: Glimmora|ability: Toxic Debris\n|-sidestart|p1: HonkeyCOMP|move: Toxic Spikes\n|faint|p2a: Glimmora\n|\n|win|HonkeyCOMP\n|raw|HonkeyCOMP's rating: 1450 &rarr; <strong>1469</strong><br />(+19 for winning)\n|raw|ikwilkaas12346's rating: 1434 &rarr; <strong>1415</strong><br />(-19 for losing)\n|l|\u2606ikwilkaas12346\n|player|p2|\n", "inputlog": ">version b107d77f5c90bd6555267ae244a6264823309ead\n>start {\"formatid\":\"gen9randombattle\",\"seed\":[9156,58725,47796,9370],\"rated\":\"Rated battle\"}\n>player p1 {\"name\":\"HonkeyCOMP\",\"avatar\":\"clay\",\"rating\":1450,\"seed\":[64780,10622,17245,33182]}\n>player p2 {\"name\":\"ikwilkaas12346\",\"avatar\":\"hiker-gen4\",\"rating\":1434,\"seed\":[380,5095,59789,3480]}\n>p1 move bravebird\n>p2 move extremespeed terastallize\n>p1 move quickattack\n>p2 move extremespeed\n>p1 switch 5\n>p1 move earthquake\n>p2 move extremespeed\n>p2 switch 3\n>p1 move ironhead\n>p2 move iciclecrash\n>p1 move ironhead\n>p2 move iciclecrash\n>p2 switch 6\n>p1 move ironhead\n>p2 move moonblast\n>p1 switch 3\n>p1 move flashcannon\n>p2 move moonblast\n>p1 move vacuumwave\n>p2 move moonblast\n>p1 switch 2\n>p1 move crunch\n>p2 move moonblast\n>p2 switch 4\n>p1 move crunch\n>p2 move rapidspin\n>p1 move crunch\n>p2 move rapidspin\n>p1 switch 4\n>p1 move earthquake\n>p2 move sludgebomb\n>p2 switch 2\n>p1 move outrage\n>p2 move trick\n>p1 move outrage\n>p2 move psychic\n>p1 switch 6\n>p1 move highjumpkick\n>p2 move psychic\n>p2 switch 5\n>p1 move highjumpkick\n>p2 move sludgewave", "uploadtime": 1732967329, "views": 1, "formatid": "gen9randombattle", "rating": 1415, "private": 0, "password": null}