{"id": "gen9randombattle-2253993298", "format": "[Gen 9] Random Battle", "players": ["gimgie", "Not gimgie"], "log": "|j|\u2606gimgie\n|j|\u2606Not gimgie\n|t:|1732977085\n|gametype|singles\n|player|p1|gimgie|265|\n|player|p2|Not gimgie|delinquent|\n|teamsize|p1|6\n|teamsize|p2|6\n|gen|9\n|tier|[Gen 9] Random Battle\n|rule|Species Clause: Limit one of each Pok\u00e9mon\n|rule|HP Percentage Mod: HP is shown in percentages\n|rule|Sleep Clause Mod: Limit one foe put to sleep\n|rule|Illusion Level Mod: Illusion disguises the Pok\u00e9mon's true level\n|\n|t:|1732977085\n|start\n|switch|p1a: Skuntank|Skuntank, L84, M|310/310\n|switch|p2a: Whiscash|Whiscash, L88, F|337/337\n|turn|1\n|\n|t:|1732977092\n|move|p1a: Skuntank|Knock Off|p2a: Whiscash\n|-damage|p2a: Whiscash|237/337\n|-enditem|p2a: Whiscash|Leftovers|[from] move: Knock Off|[of] p1a: Skuntank\n|move|p2a: Whiscash|Stealth Rock|p1a: Skuntank\n|-sidestart|p1: gimgie|move: Stealth Rock\n|\n|upkeep\n|turn|2\n|\n|t:|1732977098\n|move|p1a: Skuntank|Gunk Shot|p2a: Whiscash\n|-resisted|p2a: Whiscash\n|-damage|p2a: Whiscash|174/337\n|-status|p2a: Whiscash|psn\n|move|p2a: Whiscash|Earthquake|p1a: Skuntank\n|-supereffective|p1a: Skuntank\n|-damage|p1a: Skuntank|76/310\n|\n|-damage|p2a: Whiscash|132/337 psn|[from] psn\n|upkeep\n|turn|3\n|\n|t:|1732977103\n|move|p1a: Skuntank|Sucker Punch||[still]\n|-fail|p1a: Skuntank\n|move|p2a: Whiscash|Spikes|p1a: Skuntank\n|-sidestart|p1: gimgie|Spikes\n|\n|-damage|p2a: Whiscash|90/337 psn|[from] psn\n|upkeep\n|turn|4\n|\n|t:|1732977108\n|move|p1a: Skuntank|Knock Off|p2a: Whiscash\n|-damage|p2a: Whiscash|20/337 psn\n|move|p2a: Whiscash|Spikes|p1a: Skuntank\n|-sidestart|p1: gimgie|Spikes\n|\n|-damage|p2a: Whiscash|0 fnt|[from] psn\n|faint|p2a: Whiscash\n|upkeep\n|\n|t:|1732977118\n|switch|p2a: Flygon|Flygon, L82, F|265/265\n|turn|5\n|c|\u2606gimgie|nasty obstacles\n|\n|t:|1732977132\n|move|p2a: Flygon|Earthquake|p1a: Skuntank\n|-supereffective|p1a: Skuntank\n|-damage|p1a: Skuntank|0 fnt\n|faint|p1a: Skuntank\n|\n|upkeep\n|c|\u2606Not gimgie|hazardous\n|\n|t:|1732977144\n|switch|p1a: Pelipper|Pelipper, L86, M|243/243\n|-damage|p1a: Pelipper|183/243|[from] Stealth Rock\n|-weather|RainDance|[from] ability: Drizzle|[of] p1a: Pelipper\n|turn|6\n|\n|t:|1732977149\n|switch|p2a: Manaphy|Manaphy, L78|284/284\n|move|p1a: Pelipper|Weather Ball|p2a: Manaphy\n|-resisted|p2a: Manaphy\n|-damage|p2a: Manaphy|167/284\n|\n|-weather|RainDance|[upkeep]\n|-heal|p2a: Manaphy|184/284|[from] item: Leftovers\n|upkeep\n|turn|7\n|\n|t:|1732977155\n|move|p2a: Manaphy|Tail Glow|p2a: Manaphy\n|-boost|p2a: Manaphy|spa|3\n|move|p1a: Pelipper|Weather Ball|p2a: Manaphy\n|-resisted|p2a: Manaphy\n|-damage|p2a: Manaphy|62/284\n|\n|-weather|RainDance|[upkeep]\n|-heal|p2a: Manaphy|79/284|[from] item: Leftovers\n|upkeep\n|turn|8\n|\n|t:|1732977164\n|move|p2a: Manaphy|Surf|p1a: Pelipper\n|-resisted|p1a: Pelipper\n|-damage|p1a: Pelipper|0 fnt\n|faint|p1a: Pelipper\n|\n|-weather|RainDance|[upkeep]\n|-heal|p2a: Manaphy|96/284|[from] item: Leftovers\n|upkeep\n|c|\u2606gimgie|wh\n|\n|t:|1732977183\n|switch|p1a: Falinks|Falinks, L84|246/246\n|-damage|p1a: Falinks|231/246|[from] Stealth Rock\n|-damage|p1a: Falinks|190/246|[from] Spikes\n|turn|9\n|\n|t:|1732977190\n|-terastallize|p1a: Falinks|Steel\n|move|p2a: Manaphy|Surf|p1a: Falinks\n|-damage|p1a: Falinks|0 fnt\n|faint|p1a: Falinks\n|\n|-weather|RainDance|[upkeep]\n|-heal|p2a: Manaphy|113/284|[from] item: Leftovers\n|upkeep\n|c|\u2606Not gimgie|it was bad for her\n|c|\u2606gimgie|a\n|c|\u2606gimgie|xizzob\n|\n|t:|1732977200\n|switch|p1a: Mightyena|Mightyena, L95, M|287/287\n|-damage|p1a: Mightyena|252/287|[from] Stealth Rock\n|-damage|p1a: Mightyena|205/287|[from] Spikes\n|-ability|p1a: Mightyena|Intimidate|boost\n|-unboost|p2a: Manaphy|atk|1\n|turn|10\n|\n|t:|1732977205\n|move|p1a: Mightyena|Sucker Punch|p2a: Manaphy\n|-damage|p2a: Manaphy|23/284\n|move|p2a: Manaphy|Surf|p1a: Mightyena\n|-damage|p1a: Mightyena|0 fnt\n|faint|p1a: Mightyena\n|\n|-weather|none\n|-heal|p2a: Manaphy|40/284|[from] item: Leftovers\n|upkeep\n|\n|t:|1732977209\n|switch|p1a: Hippowdon|Hippowdon, L82, F|311/311\n|-damage|p1a: Hippowdon|292/311|[from] Stealth Rock\n|-damage|p1a: Hippowdon|241/311|[from] Spikes\n|-weather|Sandstorm|[from] ability: Sand Stream|[of] p1a: Hippowdon\n|turn|11\n|\n|t:|1732977213\n|move|p2a: Manaphy|Surf|p1a: Hippowdon\n|-supereffective|p1a: Hippowdon\n|-crit|p1a: Hippowdon\n|-damage|p1a: Hippowdon|0 fnt\n|faint|p1a: Hippowdon\n|\n|-weather|Sandstorm|[upkeep]\n|-damage|p2a: Manaphy|23/284|[from] Sandstorm\n|-heal|p2a: Manaphy|40/284|[from] item: Leftovers\n|upkeep\n|\n|t:|1732977215\n|switch|p1a: Gliscor|Gliscor, L76, M|239/239\n|-damage|p1a: Gliscor|210/239|[from] Stealth Rock\n|turn|12\n|\n|t:|1732977219\n|move|p1a: Gliscor|Protect|p1a: Gliscor\n|-singleturn|p1a: Gliscor|Protect\n|move|p2a: Manaphy|Ice Beam|p1a: Gliscor\n|-activate|p1a: Gliscor|move: Protect\n|\n|-weather|Sandstorm|[upkeep]\n|-damage|p2a: Manaphy|23/284|[from] Sandstorm\n|-heal|p2a: Manaphy|40/284|[from] item: Leftovers\n|-status|p1a: Gliscor|tox|[from] item: Toxic Orb\n|upkeep\n|turn|13\n|c|\u2606gimgie|plsss\n|c|\u2606gimgie|x bi\u017ca\n|\n|t:|1732977227\n|move|p2a: Manaphy|Ice Beam|p1a: Gliscor\n|-supereffective|p1a: Gliscor\n|-damage|p1a: Gliscor|0 fnt\n|faint|p1a: Gliscor\n|\n|win|Not gimgie\n|c|\u2606Not gimgie|love manapahy\n|c|\u2606Not gimgie|gg\n|c|\u2606gimgie|wtf was rhat\n", "inputlog": ">version b107d77f5c90bd6555267ae244a6264823309ead\n>start {\"formatid\":\"gen9randombattle\",\"seed\":[1139,19007,8779,48075]}\n>player p1 {\"name\":\"gimgie\",\"avatar\":\"265\",\"rating\":0,\"seed\":[53851,18548,34429,7636]}\n>player p2 {\"name\":\"Not gimgie\",\"avatar\":\"delinquent\",\"rating\":0,\"seed\":[13143,61823,48697,16364]}\n>p1 move knockoff\n>p2 move stealthrock\n>p1 move gunkshot\n>p2 move earthquake\n>p1 move suckerpunch\n>p2 move spikes\n>p1 move knockoff\n>p2 move spikes\n>p2 switch 2\n>chat \u2606gimgie|nasty obstacles\n>p1 move knockoff\n>p2 move earthquake\n>chat \u2606Not gimgie|hazardous \n>p1 switch 5\n>p1 move weatherball\n>p2 switch 3\n>p1 move weatherball\n>p2 move tailglow\n>p1 move weatherball\n>p2 move surf\n>chat \u2606gimgie|wh\n>p1 switch 2\n>p1 move knockoff terastallize\n>p2 move surf\n>chat \u2606Not gimgie|it was bad for her\n>chat \u2606gimgie|a\n>chat \u2606gimgie|xizzob\n>p1 switch 6\n>p1 move suckerpunch\n>p2 move surf\n>p1 switch 3\n>p1 move earthquake\n>p2 move surf\n>p1 switch 4\n>p1 move protect\n>p2 move icebeam\n>chat \u2606gimgie|plsss\n>chat \u2606gimgie|x bi\u017ca\n>p1 move earthquake\n>p2 move icebeam", "uploadtime": 1732977234, "views": 1, "formatid": "gen9randombattle", "rating": null, "private": 0, "password": null}