{"id": "gen9randombattle-2253833780", "format": "[Gen 9] Random Battle", "players": ["amirulamani", "Crickoso"], "log": "|j|\u2606amirulamani\n|j|\u2606Crickoso\n|t:|1732945577\n|gametype|singles\n|player|p1|amirulamani|proton|1306\n|player|p2|Crickoso|265|1349\n|teamsize|p1|6\n|teamsize|p2|6\n|gen|9\n|tier|[Gen 9] Random Battle\n|rated|\n|rule|Species Clause: Limit one of each Pok\u00e9mon\n|rule|HP Percentage Mod: HP is shown in percentages\n|rule|Sleep Clause Mod: Limit one foe put to sleep\n|rule|Illusion Level Mod: Illusion disguises the Pok\u00e9mon's true level\n|\n|t:|1732945577\n|start\n|switch|p1a: Galvantula|Galvantula, L82, M|249/249\n|switch|p2a: Quagsire|Quagsire, L84, M|297/297\n|turn|1\n|inactive|Battle timer is ON: inactive players will automatically lose when time's up. (requested by amirulamani)\n|\n|t:|1732945586\n|move|p1a: Galvantula|Sticky Web|p2a: Quagsire\n|-sidestart|p2: Crickoso|move: Sticky Web\n|move|p2a: Quagsire|Spikes|p1a: Galvantula\n|-sidestart|p1: amirulamani|Spikes\n|\n|upkeep\n|turn|2\n|\n|t:|1732945588\n|move|p1a: Galvantula|Giga Drain|p2a: Quagsire\n|-supereffective|p2a: Quagsire\n|-damage|p2a: Quagsire|41/297\n|move|p2a: Quagsire|Spikes|p1a: Galvantula\n|-sidestart|p1: amirulamani|Spikes\n|\n|-heal|p2a: Quagsire|59/297|[from] item: Leftovers\n|upkeep\n|turn|3\n|\n|t:|1732945599\n|switch|p2a: Vespiquen|Vespiquen, L98, F|296/296\n|-ability|p2a: Vespiquen|Pressure\n|move|p1a: Galvantula|Giga Drain|p2a: Vespiquen\n|-resisted|p2a: Vespiquen\n|-crit|p2a: Vespiquen\n|-damage|p2a: Vespiquen|281/296\n|\n|upkeep\n|turn|4\n|\n|t:|1732945607\n|move|p1a: Galvantula|Thunder|p2a: Vespiquen\n|-supereffective|p2a: Vespiquen\n|-damage|p2a: Vespiquen|107/296\n|move|p2a: Vespiquen|Air Slash|p1a: Galvantula\n|-damage|p1a: Galvantula|119/249\n|\n|upkeep\n|turn|5\n|\n|t:|1732945616\n|move|p1a: Galvantula|Thunder|p2a: Vespiquen|[miss]\n|-miss|p1a: Galvantula|p2a: Vespiquen\n|move|p2a: Vespiquen|Spikes|p1a: Galvantula\n|-sidestart|p1: amirulamani|Spikes\n|\n|upkeep\n|turn|6\n|\n|t:|1732945625\n|move|p1a: Galvantula|Thunder|p2a: Vespiquen\n|-supereffective|p2a: Vespiquen\n|-damage|p2a: Vespiquen|0 fnt\n|faint|p2a: Vespiquen\n|\n|upkeep\n|\n|t:|1732945634\n|switch|p2a: Weezing|Weezing, L88, M|258/258\n|turn|7\n|\n|t:|1732945641\n|move|p1a: Galvantula|Bug Buzz|p2a: Weezing\n|-resisted|p2a: Weezing\n|-damage|p2a: Weezing|207/258\n|move|p2a: Weezing|Fire Blast|p1a: Galvantula\n|-supereffective|p1a: Galvantula\n|-damage|p1a: Galvantula|0 fnt\n|faint|p1a: Galvantula\n|\n|-heal|p2a: Weezing|223/258|[from] item: Leftovers\n|upkeep\n|\n|t:|1732945648\n|switch|p1a: Hatterene|Hatterene, L85, F|236/236\n|-damage|p1a: Hatterene|177/236|[from] Spikes\n|turn|8\n|\n|t:|1732945655\n|move|p2a: Weezing|Sludge Bomb|p1a: Hatterene\n|-supereffective|p1a: Hatterene\n|-damage|p1a: Hatterene|67/236\n|-status|p1a: Hatterene|psn\n|move|p1a: Hatterene|Psychic Noise|p2a: Weezing\n|-supereffective|p2a: Weezing\n|-damage|p2a: Weezing|0 fnt\n|faint|p2a: Weezing\n|\n|-damage|p1a: Hatterene|38/236 psn|[from] psn\n|upkeep\n|\n|t:|1732945662\n|switch|p2a: Quagsire|Quagsire, L84, M|59/297\n|-activate|p2a: Quagsire|move: Sticky Web\n|-unboost|p2a: Quagsire|spe|1\n|turn|9\n|\n|t:|1732945688\n|move|p1a: Hatterene|Psychic Noise|p2a: Quagsire\n|-damage|p2a: Quagsire|0 fnt\n|faint|p2a: Quagsire\n|\n|-damage|p1a: Hatterene|9/236 psn|[from] psn\n|upkeep\n|\n|t:|1732945695\n|switch|p2a: Pikachu|Pikachu, L93, F|216/216\n|-activate|p2a: Pikachu|move: Sticky Web\n|-unboost|p2a: Pikachu|spe|1\n|turn|10\n|inactive|amirulamani has 120 seconds left.\n|\n|t:|1732945716\n|move|p2a: Pikachu|Fake Out|p1a: Hatterene\n|-damage|p1a: Hatterene|0 fnt\n|faint|p1a: Hatterene\n|\n|upkeep\n|\n|t:|1732945719\n|switch|p1a: Flygon|Flygon, L82, F|265/265\n|turn|11\n|\n|t:|1732945727\n|switch|p2a: Brambleghast|Brambleghast, L88, F|240/240\n|move|p1a: Flygon|Earthquake|p2a: Brambleghast\n|-resisted|p2a: Brambleghast\n|-damage|p2a: Brambleghast|186/240\n|\n|upkeep\n|turn|12\n|\n|t:|1732945739\n|move|p1a: Flygon|Dragon Dance|p1a: Flygon\n|-boost|p1a: Flygon|atk|1\n|-boost|p1a: Flygon|spe|1\n|move|p2a: Brambleghast|Rapid Spin|p1a: Flygon\n|-damage|p1a: Flygon|217/265\n|-boost|p2a: Brambleghast|spe|1\n|-sideend|p2: Crickoso|Sticky Web|[from] move: Rapid Spin|[of] p2a: Brambleghast\n|\n|upkeep\n|turn|13\n|\n|t:|1732945745\n|move|p1a: Flygon|Outrage|p2a: Brambleghast\n|-damage|p2a: Brambleghast|0 fnt\n|faint|p2a: Brambleghast\n|\n|upkeep\n|\n|t:|1732945749\n|switch|p2a: Pikachu|Pikachu, L93, F|216/216\n|turn|14\n|\n|t:|1732945753\n|move|p2a: Pikachu|Fake Out|p1a: Flygon\n|-damage|p1a: Flygon|170/265\n|cant|p1a: Flygon|flinch\n|\n|-start|p1a: Flygon|confusion|[fatigue]\n|upkeep\n|-enditem|p1a: Flygon|Lum Berry|[eat]\n|-end|p1a: Flygon|confusion\n|turn|15\n|\n|t:|1732945756\n|move|p1a: Flygon|Earthquake|p2a: Pikachu\n|-supereffective|p2a: Pikachu\n|-damage|p2a: Pikachu|0 fnt\n|faint|p2a: Pikachu\n|\n|upkeep\n|\n|t:|1732945759\n|switch|p2a: Zangoose|Zangoose, L85, F|263/263\n|turn|16\n|\n|t:|1732945765\n|move|p1a: Flygon|Outrage|p2a: Zangoose\n|-damage|p2a: Zangoose|5/263\n|move|p2a: Zangoose|Facade|p1a: Flygon\n|-damage|p1a: Flygon|73/265\n|\n|-status|p2a: Zangoose|tox|[from] item: Toxic Orb\n|upkeep\n|turn|17\n|\n|t:|1732945769\n|move|p1a: Flygon|Outrage|p2a: Zangoose|[from]lockedmove\n|-damage|p2a: Zangoose|0 fnt\n|faint|p2a: Zangoose\n|\n|win|amirulamani\n|raw|amirulamani's rating: 1306 &rarr; <strong>1328</strong><br />(+22 for winning)\n|raw|Crickoso's rating: 1349 &rarr; <strong>1327</strong><br />(-22 for losing)\n|l|\u2606Crickoso\n|player|p2|\n", "inputlog": ">version b107d77f5c90bd6555267ae244a6264823309ead\n>start {\"formatid\":\"gen9randombattle\",\"seed\":[64873,5501,14535,60094],\"rated\":\"Rated battle\"}\n>player p1 {\"name\":\"amirulamani\",\"avatar\":\"proton\",\"rating\":1306,\"seed\":[27003,31187,5224,35959]}\n>player p2 {\"name\":\"Crickoso\",\"avatar\":\"265\",\"rating\":1349,\"seed\":[13032,43272,14441,46264]}\n>p1 move stickyweb\n>p2 move spikes\n>p1 move gigadrain\n>p2 move spikes\n>p1 move gigadrain\n>p2 switch 6\n>p1 move thunder\n>p2 move airslash\n>p1 move thunder\n>p2 move spikes\n>p1 move thunder\n>p2 move roost\n>p2 switch 3\n>p1 move bugbuzz\n>p2 move fireblast\n>p1 switch 2\n>p1 move psychicnoise\n>p2 move sludgebomb\n>p2 switch 6\n>p1 move psychicnoise\n>p2 move recover\n>p2 switch 4\n>p1 move psychicnoise\n>p2 move fakeout\n>p1 switch 3\n>p1 move earthquake\n>p2 switch 2\n>p1 move dragondance\n>p2 move rapidspin\n>p1 move outrage\n>p2 move strengthsap\n>p2 switch 2\n>p1 move outrage\n>p2 move fakeout\n>p1 move earthquake\n>p2 move surf\n>p2 switch 5\n>p1 move outrage\n>p2 move facade\n>p1 move outrage\n>p2 move facade", "uploadtime": 1732945779, "views": 1, "formatid": "gen9randombattle", "rating": 1327, "private": 0, "password": null}