{"id": "gen9randombattle-2254038541", "format": "[Gen 9] Random Battle", "players": ["wigglewiggleton", "ryko14466"], "log": "|j|\u2606wigglewiggleton\n|j|\u2606ryko14466\n|t:|1732983455\n|gametype|singles\n|player|p1|wigglewiggleton|crasherwake|1251\n|player|p2|ryko14466|265|1241\n|teamsize|p1|6\n|teamsize|p2|6\n|gen|9\n|tier|[Gen 9] Random Battle\n|rated|\n|rule|Species Clause: Limit one of each Pok\u00e9mon\n|rule|HP Percentage Mod: HP is shown in percentages\n|rule|Sleep Clause Mod: Limit one foe put to sleep\n|rule|Illusion Level Mod: Illusion disguises the Pok\u00e9mon's true level\n|\n|t:|1732983455\n|start\n|switch|p1a: Ursaluna|Ursaluna-Bloodmoon, L79, M|308/308\n|switch|p2a: Bruxish|Bruxish, L85, F|254/254\n|turn|1\n|inactive|Battle timer is ON: inactive players will automatically lose when time's up. (requested by ryko14466)\n|\n|t:|1732983476\n|move|p2a: Bruxish|Wave Crash|p1a: Ursaluna\n|-supereffective|p1a: Ursaluna\n|-damage|p1a: Ursaluna|68/308\n|-damage|p2a: Bruxish|175/254|[from] Recoil\n|move|p1a: Ursaluna|Blood Moon|p2a: Bruxish\n|-damage|p2a: Bruxish|0 fnt\n|faint|p2a: Bruxish\n|\n|-heal|p1a: Ursaluna|87/308|[from] item: Leftovers\n|upkeep\n|\n|t:|1732983492\n|switch|p2a: Arbok|Arbok, L87, M|246/246\n|-ability|p2a: Arbok|Intimidate|boost\n|-unboost|p1a: Ursaluna|atk|1\n|turn|2\n|\n|t:|1732983500\n|move|p2a: Arbok|Knock Off|p1a: Ursaluna\n|-damage|p1a: Ursaluna|13/308\n|-enditem|p1a: Ursaluna|Leftovers|[from] move: Knock Off|[of] p2a: Arbok\n|-damage|p2a: Arbok|222/246|[from] item: Life Orb\n|move|p1a: Ursaluna|Moonlight|p1a: Ursaluna\n|-heal|p1a: Ursaluna|167/308\n|\n|upkeep\n|turn|3\n|c|\u2606ryko14466|your grandma sucks black dicks in a parking lot\n|n|\u203dryko14466|ryko14466\n|c|~|/log ryko14466 was locked from talking by Artemis. (\u2606ryko14466: your grandma sucks black dicks in a parking lot)\n|c|~|/raw <small>This action was done automatically. Want to learn more about the AI? <a href=\"https://www.smogon.com/forums/threads/3570628/#post-9056769\">Visit the information thread</a>.</small>\n|inactive|ryko14466 has 120 seconds left.\n|\n|t:|1732983542\n|switch|p2a: Hydreigon|Hydreigon, L79, M|275/275\n|move|p1a: Ursaluna|Moonlight|p1a: Ursaluna\n|-heal|p1a: Ursaluna|308/308\n|\n|upkeep\n|turn|4\n|\n|t:|1732983551\n|move|p2a: Hydreigon|U-turn|p1a: Ursaluna\n|-damage|p1a: Ursaluna|266/308\n|\n|t:|1732983555\n|switch|p2a: Vaporeon|Vaporeon, L86, M|364/364|[from] U-turn\n|move|p1a: Ursaluna|Blood Moon|p2a: Vaporeon\n|-damage|p2a: Vaporeon|210/364\n|\n|-heal|p2a: Vaporeon|232/364|[from] item: Leftovers\n|upkeep\n|turn|5\n|\n|t:|1732983566\n|move|p2a: Vaporeon|Wish|p2a: Vaporeon\n|move|p1a: Ursaluna|Calm Mind|p1a: Ursaluna\n|-boost|p1a: Ursaluna|spa|1\n|-boost|p1a: Ursaluna|spd|1\n|\n|-heal|p2a: Vaporeon|254/364|[from] item: Leftovers\n|upkeep\n|turn|6\n|\n|t:|1732983575\n|move|p2a: Vaporeon|Scald|p1a: Ursaluna\n|-supereffective|p1a: Ursaluna\n|-damage|p1a: Ursaluna|108/308\n|-status|p1a: Ursaluna|brn\n|move|p1a: Ursaluna|Calm Mind|p1a: Ursaluna\n|-boost|p1a: Ursaluna|spa|1\n|-boost|p1a: Ursaluna|spd|1\n|\n|-heal|p2a: Vaporeon|364/364|[from] move: Wish|[wisher] Vaporeon\n|-damage|p1a: Ursaluna|89/308 brn|[from] brn\n|upkeep\n|turn|7\n|\n|t:|1732983588\n|move|p2a: Vaporeon|Scald|p1a: Ursaluna\n|-supereffective|p1a: Ursaluna\n|-damage|p1a: Ursaluna|0 fnt\n|faint|p1a: Ursaluna\n|\n|upkeep\n|\n|t:|1732983601\n|switch|p1a: Squawkabilly|Squawkabilly-White, L89, F|291/291\n|turn|8\n|\n|t:|1732983611\n|move|p1a: Squawkabilly|Brave Bird|p2a: Vaporeon\n|-damage|p2a: Vaporeon|106/364\n|-damage|p1a: Squawkabilly|206/291|[from] Recoil\n|move|p2a: Vaporeon|Ice Beam|p1a: Squawkabilly\n|-supereffective|p1a: Squawkabilly\n|-damage|p1a: Squawkabilly|20/291\n|\n|-heal|p2a: Vaporeon|128/364|[from] item: Leftovers\n|upkeep\n|turn|9\n|\n|t:|1732983621\n|move|p1a: Squawkabilly|Brave Bird|p2a: Vaporeon\n|-damage|p2a: Vaporeon|0 fnt\n|faint|p2a: Vaporeon\n|-damage|p1a: Squawkabilly|0 fnt|[from] Recoil\n|faint|p1a: Squawkabilly\n|\n|upkeep\n|\n|t:|1732983630\n|switch|p1a: Orthworm|Orthworm, L88, F|266/266\n|switch|p2a: Arbok|Arbok, L87, M|222/246\n|-ability|p2a: Arbok|Intimidate|boost\n|-unboost|p1a: Orthworm|atk|1\n|turn|10\n|\n|t:|1732983641\n|move|p2a: Arbok|Knock Off|p1a: Orthworm\n|-damage|p1a: Orthworm|202/266\n|-enditem|p1a: Orthworm|Chesto Berry|[from] move: Knock Off|[of] p2a: Arbok\n|-damage|p2a: Arbok|198/246|[from] item: Life Orb\n|move|p1a: Orthworm|Stealth Rock|p2a: Arbok\n|-sidestart|p2: ryko14466|move: Stealth Rock\n|\n|upkeep\n|turn|11\n|\n|t:|1732983650\n|move|p2a: Arbok|Toxic Spikes|p1a: Orthworm\n|-sidestart|p1: wigglewiggleton|move: Toxic Spikes\n|move|p1a: Orthworm|Heavy Slam|p2a: Arbok\n|-damage|p2a: Arbok|117/246\n|\n|upkeep\n|turn|12\n|\n|t:|1732983657\n|move|p2a: Arbok|Toxic Spikes|p1a: Orthworm\n|-sidestart|p1: wigglewiggleton|move: Toxic Spikes\n|move|p1a: Orthworm|Heavy Slam|p2a: Arbok\n|-damage|p2a: Arbok|36/246\n|\n|upkeep\n|turn|13\n|\n|t:|1732983666\n|move|p2a: Arbok|Knock Off|p1a: Orthworm\n|-damage|p1a: Orthworm|159/266\n|-damage|p2a: Arbok|12/246|[from] item: Life Orb\n|move|p1a: Orthworm|Heavy Slam|p2a: Arbok\n|-damage|p2a: Arbok|0 fnt\n|faint|p2a: Arbok\n|\n|upkeep\n|\n|t:|1732983676\n|switch|p2a: Hydreigon|Hydreigon, L79, M|275/275\n|-damage|p2a: Hydreigon|241/275|[from] Stealth Rock\n|turn|14\n|\n|t:|1732983688\n|move|p2a: Hydreigon|Dark Pulse|p1a: Orthworm\n|-damage|p1a: Orthworm|0 fnt\n|faint|p1a: Orthworm\n|\n|upkeep\n|inactive|wigglewiggleton has 120 seconds left.\n|\n|t:|1732983713\n|switch|p1a: Pikachu|Pikachu, L93, M|216/216\n|-status|p1a: Pikachu|tox\n|turn|15\n|inactive|wigglewiggleton has 120 seconds left.\n|\n|t:|1732983725\n|move|p1a: Pikachu|Fake Out|p2a: Hydreigon\n|-crit|p2a: Hydreigon\n|-damage|p2a: Hydreigon|169/275\n|cant|p2a: Hydreigon|flinch\n|\n|-damage|p1a: Pikachu|203/216 tox|[from] psn\n|upkeep\n|turn|16\n|inactive|wigglewiggleton has 120 seconds left.\n|\n|t:|1732983738\n|move|p1a: Pikachu|Play Rough|p2a: Hydreigon\n|-supereffective|p2a: Hydreigon\n|-damage|p2a: Hydreigon|0 fnt\n|faint|p2a: Hydreigon\n|\n|-damage|p1a: Pikachu|177/216 tox|[from] psn\n|upkeep\n|\n|t:|1732983744\n|switch|p2a: Bellibolt|Bellibolt, L84, M|320/320\n|-damage|p2a: Bellibolt|280/320|[from] Stealth Rock\n|turn|17\n|\n|t:|1732983754\n|move|p1a: Pikachu|Play Rough|p2a: Bellibolt\n|-damage|p2a: Bellibolt|176/320\n|-start|p2a: Bellibolt|Charge|Play Rough|[from] ability: Electromorphosis\n|move|p2a: Bellibolt|Muddy Water|p1a: Pikachu\n|-damage|p1a: Pikachu|80/216 tox\n|-unboost|p1a: Pikachu|accuracy|1\n|\n|-heal|p2a: Bellibolt|196/320|[from] item: Leftovers\n|-damage|p1a: Pikachu|41/216 tox|[from] psn\n|upkeep\n|turn|18\n|\n|t:|1732983767\n|move|p1a: Pikachu|Play Rough|p2a: Bellibolt|[miss]\n|-miss|p1a: Pikachu|p2a: Bellibolt\n|move|p2a: Bellibolt|Slack Off|p2a: Bellibolt\n|-heal|p2a: Bellibolt|320/320\n|\n|-damage|p1a: Pikachu|0 fnt|[from] psn\n|faint|p1a: Pikachu\n|upkeep\n|inactive|wigglewiggleton has 120 seconds left.\n|\n|t:|1732983784\n|switch|p1a: Meowstic|Meowstic-F, L89, F|277/277\n|-status|p1a: Meowstic|tox\n|turn|19\n|\n|t:|1732983793\n|move|p1a: Meowstic|Nasty Plot|p1a: Meowstic\n|-boost|p1a: Meowstic|spa|2\n|move|p2a: Bellibolt|Thunderbolt|p1a: Meowstic\n|-damage|p1a: Meowstic|93/277 tox\n|-end|p2a: Bellibolt|Charge|[silent]\n|\n|-damage|p1a: Meowstic|76/277 tox|[from] psn\n|upkeep\n|turn|20\n|\n|t:|1732983807\n|move|p1a: Meowstic|Psyshock|p2a: Bellibolt\n|-damage|p2a: Bellibolt|121/320\n|-start|p2a: Bellibolt|Charge|Psyshock|[from] ability: Electromorphosis\n|-damage|p1a: Meowstic|49/277 tox|[from] item: Life Orb\n|move|p2a: Bellibolt|Thunderbolt|p1a: Meowstic\n|-damage|p1a: Meowstic|0 fnt\n|faint|p1a: Meowstic\n|-end|p2a: Bellibolt|Charge|[silent]\n|\n|-heal|p2a: Bellibolt|141/320|[from] item: Leftovers\n|upkeep\n|inactive|wigglewiggleton has 120 seconds left.\n|\n|t:|1732983819\n|switch|p1a: Chesnaught|Chesnaught, L84, M|285/285\n|-status|p1a: Chesnaught|tox\n|turn|21\n|\n|t:|1732983825\n|move|p1a: Chesnaught|Trailblaze|p2a: Bellibolt\n|-damage|p2a: Bellibolt|80/320\n|-boost|p1a: Chesnaught|spe|1\n|-start|p2a: Bellibolt|Charge|Trailblaze|[from] ability: Electromorphosis\n|move|p2a: Bellibolt|Slack Off|p2a: Bellibolt\n|-heal|p2a: Bellibolt|240/320\n|\n|-heal|p2a: Bellibolt|260/320|[from] item: Leftovers\n|-damage|p1a: Chesnaught|268/285 tox|[from] psn\n|upkeep\n|turn|22\n|\n|t:|1732983839\n|move|p1a: Chesnaught|Iron Defense|p1a: Chesnaught\n|-boost|p1a: Chesnaught|def|2\n|move|p2a: Bellibolt|Muddy Water|p1a: Chesnaught|[miss]\n|-miss|p2a: Bellibolt|p1a: Chesnaught\n|\n|-heal|p1a: Chesnaught|285/285 tox|[from] item: Leftovers\n|-heal|p2a: Bellibolt|280/320|[from] item: Leftovers\n|-damage|p1a: Chesnaught|251/285 tox|[from] psn\n|upkeep\n|turn|23\n|\n|t:|1732983853\n|move|p1a: Chesnaught|Iron Defense|p1a: Chesnaught\n|-boost|p1a: Chesnaught|def|2\n|move|p2a: Bellibolt|Muddy Water|p1a: Chesnaught\n|-resisted|p1a: Chesnaught\n|-damage|p1a: Chesnaught|215/285 tox\n|\n|-heal|p1a: Chesnaught|232/285 tox|[from] item: Leftovers\n|-heal|p2a: Bellibolt|300/320|[from] item: Leftovers\n|-damage|p1a: Chesnaught|181/285 tox|[from] psn\n|upkeep\n|turn|24\n|\n|t:|1732983865\n|move|p1a: Chesnaught|Trailblaze|p2a: Bellibolt\n|-damage|p2a: Bellibolt|242/320\n|-boost|p1a: Chesnaught|spe|1\n|-start|p2a: Bellibolt|Charge|Trailblaze|[from] ability: Electromorphosis\n|move|p2a: Bellibolt|Slack Off|p2a: Bellibolt\n|-heal|p2a: Bellibolt|320/320\n|\n|-heal|p1a: Chesnaught|198/285 tox|[from] item: Leftovers\n|-damage|p1a: Chesnaught|130/285 tox|[from] psn\n|upkeep\n|turn|25\n|\n|t:|1732983879\n|move|p1a: Chesnaught|Body Press|p2a: Bellibolt\n|-damage|p2a: Bellibolt|49/320\n|-start|p2a: Bellibolt|Charge|Body Press|[from] ability: Electromorphosis\n|move|p2a: Bellibolt|Slack Off|p2a: Bellibolt\n|-heal|p2a: Bellibolt|209/320\n|\n|-heal|p1a: Chesnaught|147/285 tox|[from] item: Leftovers\n|-heal|p2a: Bellibolt|229/320|[from] item: Leftovers\n|-damage|p1a: Chesnaught|62/285 tox|[from] psn\n|upkeep\n|turn|26\n|\n|t:|1732983892\n|switch|p2a: Galvantula|Galvantula, L82, F|249/249\n|move|p1a: Chesnaught|Synthesis|p1a: Chesnaught\n|-heal|p1a: Chesnaught|204/285 tox\n|\n|-heal|p1a: Chesnaught|221/285 tox|[from] item: Leftovers\n|-damage|p1a: Chesnaught|119/285 tox|[from] psn\n|upkeep\n|turn|27\n|\n|t:|1732983906\n|move|p1a: Chesnaught|Body Press|p2a: Galvantula\n|-resisted|p2a: Galvantula\n|-damage|p2a: Galvantula|48/249\n|move|p2a: Galvantula|Bug Buzz|p1a: Chesnaught\n|-damage|p1a: Chesnaught|13/285 tox\n|\n|-heal|p1a: Chesnaught|30/285 tox|[from] item: Leftovers\n|-damage|p1a: Chesnaught|0 fnt|[from] psn\n|faint|p1a: Chesnaught\n|\n|win|ryko14466\n|upkeep\n", "inputlog": ">version b107d77f5c90bd6555267ae244a6264823309ead\n>start {\"formatid\":\"gen9randombattle\",\"seed\":[32384,40155,45936,3233],\"rated\":\"Rated battle\"}\n>player p1 {\"name\":\"wigglewiggleton\",\"avatar\":\"crasherwake\",\"rating\":1251,\"seed\":[38473,63559,15509,930]}\n>player p2 {\"name\":\"ryko14466\",\"avatar\":\"265\",\"rating\":1241,\"seed\":[20206,40241,52833,12897]}\n>p1 move bloodmoon\n>p2 move wavecrash\n>p2 switch 3\n>p1 move moonlight\n>p2 move knockoff\n>chat \u2606ryko14466|your grandma sucks black dicks in a parking lot\n>p1 move moonlight\n>p2 switch 2\n>p1 move bloodmoon\n>p2 move uturn\n>p2 switch 6\n>p1 move calmmind\n>p2 move wish\n>p1 move calmmind\n>p2 move scald\n>p1 move moonlight\n>p2 move scald\n>p1 switch 6\n>p1 move bravebird\n>p2 move icebeam\n>p1 move bravebird\n>p2 move wish\n>p1 switch 5\n>p2 switch 2\n>p1 move stealthrock\n>p2 move knockoff\n>p1 move heavyslam\n>p2 move toxicspikes\n>p1 move heavyslam\n>p2 move toxicspikes\n>p1 move heavyslam\n>p2 move knockoff\n>p2 switch 6\n>p1 move bodypress\n>p2 move darkpulse\n>p1 switch 2\n>p1 move fakeout\n>p2 move darkpulse\n>p1 move playrough\n>p2 move darkpulse\n>p2 switch 4\n>p1 move playrough\n>p2 move muddywater\n>p1 move playrough\n>p2 move slackoff\n>p1 switch 3\n>p1 move nastyplot\n>p2 move thunderbolt\n>p1 move psyshock\n>p2 move thunderbolt\n>p1 switch 4\n>p1 move trailblaze\n>p2 move slackoff\n>p1 move irondefense\n>p2 move muddywater\n>p1 move irondefense\n>p2 move muddywater\n>p1 move trailblaze\n>p2 move slackoff\n>p1 move bodypress\n>p2 move slackoff\n>p1 move synthesis\n>p2 switch 5\n>p1 move bodypress\n>p2 move bugbuzz", "uploadtime": 1732983523, "views": 2, "formatid": "gen9randombattle", "rating": null, "private": 0, "password": null}