{"id": "gen9randombattle-2254107732", "format": "[Gen 9] Random Battle", "players": ["xander073", "Nuzleafwarrior7778"], "log": "|j|\u2606xander073\n|j|\u2606Nuzleafwarrior7778\n|t:|1732992176\n|gametype|singles\n|player|p1|xander073|gladion-stance|\n|player|p2|Nuzleafwarrior7778|chili|\n|teamsize|p1|6\n|teamsize|p2|6\n|gen|9\n|tier|[Gen 9] Random Battle\n|rule|Species Clause: Limit one of each Pok\u00e9mon\n|rule|HP Percentage Mod: HP is shown in percentages\n|rule|Sleep Clause Mod: Limit one foe put to sleep\n|rule|Illusion Level Mod: Illusion disguises the Pok\u00e9mon's true level\n|rule|Scalemons Mod: Every Pokemon's stats, barring HP, are scaled to come as close to a BST of 600 as possible\n|\n|t:|1732992176\n|start\n|switch|p1a: Meowstic|Meowstic-F, L89, F|277/277\n|switch|p2a: Skuntank|Skuntank, L84, F|310/310\n|turn|1\n|c|\u2606Nuzleafwarrior7778|gl\n|j| Green Croagunk\n|c| Green Croagunk|ok hup Xander\n|j| Frank1997\n|c| Green Croagunk|de derde ronde is van jou\n|\n|t:|1732992204\n|switch|p1a: Tauros|Tauros-Paldea-Combat, L82, M|257/257\n|-ability|p1a: Tauros|Intimidate|boost\n|-unboost|p2a: Skuntank|atk|1\n|move|p2a: Skuntank|Knock Off|p1a: Tauros\n|-resisted|p1a: Tauros\n|-damage|p1a: Tauros|218/257\n|-enditem|p1a: Tauros|Life Orb|[from] move: Knock Off|[of] p2a: Skuntank\n|-damage|p2a: Skuntank|279/310|[from] item: Life Orb\n|\n|upkeep\n|turn|2\n|j| Gangster Samurott\n|\n|t:|1732992218\n|switch|p2a: Comfey|Comfey, L85, F|225/225\n|move|p1a: Tauros|Earthquake|p2a: Comfey\n|-damage|p2a: Comfey|150/225\n|\n|-heal|p2a: Comfey|164/225|[from] item: Leftovers\n|upkeep\n|turn|3\n|c| Gangster Samurott|we gaan voor die wo chien comeback\n|\n|t:|1732992223\n|switch|p1a: Clodsire|Clodsire, L81, M|343/343\n|move|p2a: Comfey|Draining Kiss|p1a: Clodsire\n|-resisted|p1a: Clodsire\n|-damage|p1a: Clodsire|324/343\n|-heal|p2a: Comfey|178/225|[from] drain|[of] p1a: Clodsire\n|\n|-heal|p2a: Comfey|192/225|[from] item: Leftovers\n|-heal|p1a: Clodsire|343/343|[from] item: Leftovers\n|upkeep\n|turn|4\n|\n|t:|1732992234\n|switch|p2a: Feraligatr|Feraligatr, L79, F|264/264\n|move|p1a: Clodsire|Poison Jab|p2a: Feraligatr\n|-damage|p2a: Feraligatr|180/264\n|-status|p2a: Feraligatr|psn\n|\n|-damage|p2a: Feraligatr|147/264 psn|[from] psn\n|upkeep\n|turn|5\n|\n|t:|1732992241\n|switch|p1a: Mightyena|Mightyena, L95, M|287/287\n|-ability|p1a: Mightyena|Intimidate|boost\n|-unboost|p2a: Feraligatr|atk|1\n|move|p2a: Feraligatr|Liquidation|p1a: Mightyena\n|-damage|p1a: Mightyena|205/287\n|\n|-damage|p2a: Feraligatr|114/264 psn|[from] psn\n|upkeep\n|turn|6\n|\n|t:|1732992249\n|switch|p2a: Skuntank|Skuntank, L84, F|279/310\n|move|p1a: Mightyena|Poison Fang|p2a: Skuntank\n|-resisted|p2a: Skuntank\n|-damage|p2a: Skuntank|236/310\n|\n|upkeep\n|turn|7\n|c| Green Croagunk|Dit wordt de meest glorieuze comeback in de geschiedenis van Nederlands room team toernooien\n|\n|t:|1732992256\n|switch|p1a: Clodsire|Clodsire, L81, M|343/343\n|move|p2a: Skuntank|Gunk Shot|p1a: Clodsire\n|-resisted|p1a: Clodsire\n|-damage|p1a: Clodsire|298/343\n|-damage|p2a: Skuntank|205/310|[from] item: Life Orb\n|\n|-heal|p1a: Clodsire|319/343|[from] item: Leftovers\n|upkeep\n|turn|8\n|c| Frank1997|Hup Nuz dan\n|\n|t:|1732992270\n|move|p2a: Skuntank|Knock Off|p1a: Clodsire\n|-crit|p1a: Clodsire\n|-damage|p1a: Clodsire|99/343\n|-enditem|p1a: Clodsire|Leftovers|[from] move: Knock Off|[of] p2a: Skuntank\n|-damage|p2a: Skuntank|174/310|[from] item: Life Orb\n|move|p1a: Clodsire|Earthquake|p2a: Skuntank\n|-supereffective|p2a: Skuntank\n|-damage|p2a: Skuntank|0 fnt\n|faint|p2a: Skuntank\n|\n|upkeep\n|\n|t:|1732992274\n|switch|p2a: Feraligatr|Feraligatr, L79, F|114/264 psn\n|turn|9\n|c|\u2606xander073|ouch\n|\n|t:|1732992282\n|move|p2a: Feraligatr|Ice Punch|p1a: Clodsire\n|-supereffective|p1a: Clodsire\n|-damage|p1a: Clodsire|0 fnt\n|faint|p1a: Clodsire\n|\n|-damage|p2a: Feraligatr|81/264 psn|[from] psn\n|upkeep\n|\n|t:|1732992285\n|switch|p1a: Mightyena|Mightyena, L95, M|205/287\n|-ability|p1a: Mightyena|Intimidate|boost\n|-unboost|p2a: Feraligatr|atk|1\n|turn|10\n|\n|t:|1732992296\n|switch|p2a: Fezandipiti|Fezandipiti, L82, M|278/278\n|move|p1a: Mightyena|Poison Fang|p2a: Fezandipiti\n|-damage|p2a: Fezandipiti|194/278\n|\n|-heal|p2a: Fezandipiti|211/278|[from] item: Leftovers\n|upkeep\n|turn|11\n|l| Frank1997\n|\n|t:|1732992310\n|switch|p1a: Meowstic|Meowstic-F, L89, F|277/277\n|move|p2a: Fezandipiti|Swords Dance|p2a: Fezandipiti\n|-boost|p2a: Fezandipiti|atk|2\n|\n|-heal|p2a: Fezandipiti|228/278|[from] item: Leftovers\n|upkeep\n|turn|12\n|\n|t:|1732992314\n|move|p1a: Meowstic|Psyshock|p2a: Fezandipiti\n|-supereffective|p2a: Fezandipiti\n|-damage|p2a: Fezandipiti|0 fnt\n|faint|p2a: Fezandipiti\n|-damage|p1a: Meowstic|250/277|[from] item: Life Orb\n|\n|upkeep\n|\n|t:|1732992318\n|switch|p2a: Comfey|Comfey, L85, F|192/225\n|turn|13\n|\n|t:|1732992326\n|move|p1a: Meowstic|Nasty Plot|p1a: Meowstic\n|-boost|p1a: Meowstic|spa|2\n|move|p2a: Comfey|Calm Mind|p2a: Comfey\n|-boost|p2a: Comfey|spa|1\n|-boost|p2a: Comfey|spd|1\n|\n|-heal|p2a: Comfey|206/225|[from] item: Leftovers\n|upkeep\n|turn|14\n|\n|t:|1732992329\n|move|p2a: Comfey|Draining Kiss|p1a: Meowstic\n|-damage|p1a: Meowstic|183/277\n|-heal|p2a: Comfey|225/225|[from] drain|[of] p1a: Meowstic\n|move|p1a: Meowstic|Psyshock|p2a: Comfey\n|-damage|p2a: Comfey|1/225\n|-damage|p1a: Meowstic|156/277|[from] item: Life Orb\n|\n|-heal|p2a: Comfey|15/225|[from] item: Leftovers\n|upkeep\n|turn|15\n|\n|t:|1732992340\n|move|p2a: Comfey|Draining Kiss|p1a: Meowstic\n|-damage|p1a: Meowstic|80/277\n|-heal|p2a: Comfey|72/225|[from] drain|[of] p1a: Meowstic\n|move|p1a: Meowstic|Psyshock|p2a: Comfey\n|-damage|p2a: Comfey|0 fnt\n|faint|p2a: Comfey\n|-damage|p1a: Meowstic|53/277|[from] item: Life Orb\n|\n|upkeep\n|\n|t:|1732992350\n|switch|p2a: Poliwrath|Poliwrath, L88, M|302/302\n|turn|16\n|\n|t:|1732992355\n|-terastallize|p2a: Poliwrath|Dark\n|move|p1a: Meowstic|Thunderbolt|p2a: Poliwrath\n|-damage|p2a: Poliwrath|192/302\n|-damage|p1a: Meowstic|26/277|[from] item: Life Orb\n|move|p2a: Poliwrath|Liquidation|p1a: Meowstic\n|-damage|p1a: Meowstic|0 fnt\n|faint|p1a: Meowstic\n|\n|upkeep\n|c| Green Croagunk|Frog city Bouncer\n|\n|t:|1732992362\n|switch|p1a: Tauros|Tauros-Paldea-Combat, L82, M|218/257\n|-ability|p1a: Tauros|Intimidate|boost\n|-unboost|p2a: Poliwrath|atk|1\n|turn|17\n|\n|t:|1732992365\n|move|p1a: Tauros|Close Combat|p2a: Poliwrath\n|-supereffective|p2a: Poliwrath\n|-damage|p2a: Poliwrath|0 fnt\n|-unboost|p1a: Tauros|def|1\n|-unboost|p1a: Tauros|spd|1\n|faint|p2a: Poliwrath\n|\n|upkeep\n|\n|t:|1732992367\n|switch|p2a: Pincurchin|Pincurchin, M|258/258\n|-fieldstart|move: Electric Terrain|[from] ability: Electric Surge|[of] p2a: Pincurchin\n|turn|18\n|\n|t:|1732992370\n|switch|p1a: Bellibolt|Bellibolt, L84, F|320/320\n|move|p2a: Pincurchin|Curse|p2a: Pincurchin\n|-unboost|p2a: Pincurchin|spe|1\n|-boost|p2a: Pincurchin|atk|1\n|-boost|p2a: Pincurchin|def|1\n|\n|upkeep\n|turn|19\n|\n|t:|1732992377\n|move|p1a: Bellibolt|Toxic|p2a: Pincurchin|[miss]\n|-miss|p1a: Bellibolt|p2a: Pincurchin\n|move|p2a: Pincurchin|Zing Zap|p1a: Bellibolt\n|-resisted|p1a: Bellibolt\n|-damage|p1a: Bellibolt|180/320\n|-start|p1a: Bellibolt|Charge|Zing Zap|[from] ability: Electromorphosis\n|\n|-heal|p1a: Bellibolt|200/320|[from] item: Leftovers\n|upkeep\n|turn|20\n|\n|t:|1732992386\n|move|p1a: Bellibolt|Toxic|p2a: Pincurchin\n|-status|p2a: Pincurchin|tox\n|move|p2a: Pincurchin|Zing Zap|p1a: Bellibolt\n|-resisted|p1a: Bellibolt\n|-damage|p1a: Bellibolt|68/320\n|-start|p1a: Bellibolt|Charge|Zing Zap|[from] ability: Electromorphosis\n|\n|-heal|p1a: Bellibolt|88/320|[from] item: Leftovers\n|-damage|p2a: Pincurchin|242/258 tox|[from] psn\n|upkeep\n|turn|21\n|\n|t:|1732992391\n|move|p1a: Bellibolt|Slack Off|p1a: Bellibolt\n|-heal|p1a: Bellibolt|248/320\n|move|p2a: Pincurchin|Zing Zap|p1a: Bellibolt\n|-resisted|p1a: Bellibolt\n|-damage|p1a: Bellibolt|124/320\n|-start|p1a: Bellibolt|Charge|Zing Zap|[from] ability: Electromorphosis\n|\n|-heal|p1a: Bellibolt|144/320|[from] item: Leftovers\n|-heal|p2a: Pincurchin|258/258 tox|[from] item: Leftovers\n|-damage|p2a: Pincurchin|226/258 tox|[from] psn\n|upkeep\n|turn|22\n|c|\u2606Nuzleafwarrior7778|gg\n|\n|t:|1732992395\n|move|p1a: Bellibolt|Slack Off|p1a: Bellibolt\n|-heal|p1a: Bellibolt|304/320\n|move|p2a: Pincurchin|Curse|p2a: Pincurchin\n|-unboost|p2a: Pincurchin|spe|1\n|-boost|p2a: Pincurchin|atk|1\n|-boost|p2a: Pincurchin|def|1\n|\n|-heal|p1a: Bellibolt|320/320|[from] item: Leftovers\n|-heal|p2a: Pincurchin|242/258 tox|[from] item: Leftovers\n|-damage|p2a: Pincurchin|194/258 tox|[from] psn\n|-fieldend|move: Electric Terrain\n|upkeep\n|turn|23\n|\n|t:|1732992397\n|move|p1a: Bellibolt|Thunderbolt|p2a: Pincurchin\n|-resisted|p2a: Pincurchin\n|-damage|p2a: Pincurchin|110/258 tox\n|-end|p1a: Bellibolt|Charge|[silent]\n|move|p2a: Pincurchin|Zing Zap|p1a: Bellibolt\n|-resisted|p1a: Bellibolt\n|-damage|p1a: Bellibolt|185/320\n|-start|p1a: Bellibolt|Charge|Zing Zap|[from] ability: Electromorphosis\n|\n|-heal|p1a: Bellibolt|205/320|[from] item: Leftovers\n|-heal|p2a: Pincurchin|126/258 tox|[from] item: Leftovers\n|-damage|p2a: Pincurchin|62/258 tox|[from] psn\n|upkeep\n|turn|24\n|\n|t:|1732992399\n|move|p1a: Bellibolt|Thunderbolt|p2a: Pincurchin\n|-resisted|p2a: Pincurchin\n|-damage|p2a: Pincurchin|0 fnt\n|faint|p2a: Pincurchin\n|-end|p1a: Bellibolt|Charge|[silent]\n|\n|-heal|p1a: Bellibolt|225/320|[from] item: Leftovers\n|upkeep\n|\n|t:|1732992401\n|switch|p2a: Feraligatr|Feraligatr, L79, F|81/264 psn\n|turn|25\n|\n|t:|1732992403\n|-terastallize|p1a: Bellibolt|Water\n|move|p2a: Feraligatr|Liquidation|p1a: Bellibolt\n|-resisted|p1a: Bellibolt\n|-damage|p1a: Bellibolt|154/320\n|-start|p1a: Bellibolt|Charge|Liquidation|[from] ability: Electromorphosis\n|move|p1a: Bellibolt|Thunderbolt|p2a: Feraligatr\n|-supereffective|p2a: Feraligatr\n|-damage|p2a: Feraligatr|0 fnt\n|faint|p2a: Feraligatr\n|-end|p1a: Bellibolt|Charge|[silent]\n|\n|win|xander073\n|c|\u2606xander073|ggs\n", "inputlog": ">version b107d77f5c90bd6555267ae244a6264823309ead\n>start {\"formatid\":\"gen9randombattle@@@scalemons mod\",\"seed\":[5750,62164,21957,51821]}\n>player p1 {\"name\":\"xander073\",\"avatar\":\"gladion-stance\",\"rating\":0,\"seed\":[43294,63562,37796,35952]}\n>player p2 {\"name\":\"Nuzleafwarrior7778\",\"avatar\":\"chili\",\"rating\":0,\"seed\":[59561,34425,58158,11410]}\n>chat \u2606Nuzleafwarrior7778|gl\n>chat  Green Croagunk|ok hup Xander\n>chat  Green Croagunk|de derde ronde is van jou\n>p1 switch 3\n>p2 move knockoff\n>p1 move earthquake\n>p2 switch 6\n>chat  Gangster Samurott|we gaan voor die wo chien comeback\n>p1 switch 5\n>p2 move drainingkiss\n>p1 move poisonjab\n>p2 switch 3\n>p1 switch 2\n>p2 move liquidation\n>p1 move poisonfang\n>p2 switch 6\n>chat  Green Croagunk|Dit wordt de meest glorieuze comeback in de geschiedenis van Nederlands room team toernooien\n>p1 switch 2\n>p2 move gunkshot\n>chat  Frank1997|Hup Nuz dan\n>p1 move earthquake\n>p2 move knockoff\n>p2 switch 6\n>chat \u2606xander073|ouch\n>p1 move earthquake\n>p2 move icepunch\n>p1 switch 2\n>p1 move poisonfang\n>p2 switch 4\n>p1 switch 3\n>p2 move swordsdance\n>p1 move psyshock\n>p2 move gunkshot\n>p2 switch 3\n>p1 move nastyplot\n>p2 move calmmind\n>p1 move psyshock\n>p2 move drainingkiss\n>p1 move psyshock\n>p2 move drainingkiss\n>p2 switch 2\n>p1 move thunderbolt\n>p2 move liquidation terastallize\n>chat  Green Croagunk|Frog city Bouncer\n>p1 switch 5\n>p1 move closecombat\n>p2 move circlethrow\n>p2 switch 5\n>p1 switch 6\n>p2 move curse\n>p1 move toxic\n>p2 move zingzap\n>p1 move toxic\n>p2 move zingzap\n>p1 move slackoff\n>p2 move zingzap\n>chat \u2606Nuzleafwarrior7778|gg\n>p1 move slackoff\n>p2 move curse\n>p1 move thunderbolt\n>p2 move zingzap\n>p1 move thunderbolt\n>p2 move zingzap\n>p2 switch 4\n>p1 move thunderbolt terastallize\n>p2 move liquidation", "uploadtime": 1732992427, "views": 8, "formatid": "gen9randombattle", "rating": null, "private": 0, "password": null}