{"id": "gen9randombattle-2254027517", "format": "[Gen 9] Random Battle", "players": ["kaioamado", "guzma8900"], "log": "|j|\u2606kaioamado\n|j|\u2606guzma8900\n|t:|1732981950\n|gametype|singles\n|player|p1|kaioamado|2|\n|player|p2|guzma8900|1|\n|teamsize|p1|6\n|teamsize|p2|6\n|gen|9\n|tier|[Gen 9] Random Battle\n|rule|Species Clause: Limit one of each Pok\u00e9mon\n|rule|HP Percentage Mod: HP is shown in percentages\n|rule|Sleep Clause Mod: Limit one foe put to sleep\n|rule|Illusion Level Mod: Illusion disguises the Pok\u00e9mon's true level\n|\n|t:|1732981950\n|start\n|switch|p1a: Keldeo|Keldeo-Resolute, L79|273/273\n|switch|p2a: Heracross|Heracross, L80, M|259/259\n|turn|1\n|\n|t:|1732981961\n|move|p2a: Heracross|Earthquake|p1a: Keldeo\n|-damage|p1a: Keldeo|192/273\n|move|p1a: Keldeo|Calm Mind|p1a: Keldeo\n|-boost|p1a: Keldeo|spa|1\n|-boost|p1a: Keldeo|spd|1\n|\n|upkeep\n|turn|2\n|\n|t:|1732981981\n|move|p2a: Heracross|Earthquake|p1a: Keldeo\n|-damage|p1a: Keldeo|108/273\n|move|p1a: Keldeo|Calm Mind|p1a: Keldeo\n|-boost|p1a: Keldeo|spa|1\n|-boost|p1a: Keldeo|spd|1\n|\n|upkeep\n|turn|3\n|\n|t:|1732981989\n|move|p2a: Heracross|Earthquake|p1a: Keldeo\n|-damage|p1a: Keldeo|29/273\n|move|p1a: Keldeo|Secret Sword|p2a: Heracross\n|-resisted|p2a: Heracross\n|-damage|p2a: Heracross|110/259\n|-damage|p1a: Keldeo|2/273|[from] item: Life Orb\n|\n|upkeep\n|turn|4\n|\n|t:|1732981998\n|switch|p1a: Oinkologne|Oinkologne, L92, M|352/352\n|move|p2a: Heracross|Earthquake|p1a: Oinkologne\n|-crit|p1a: Oinkologne\n|-damage|p1a: Oinkologne|235/352\n|\n|-heal|p1a: Oinkologne|257/352|[from] item: Leftovers\n|upkeep\n|turn|5\n|\n|t:|1732982010\n|switch|p2a: Dragapult|Dragapult, L77, F|262/262\n|move|p1a: Oinkologne|High Horsepower|p2a: Dragapult\n|-damage|p2a: Dragapult|165/262\n|\n|-heal|p1a: Oinkologne|279/352|[from] item: Leftovers\n|upkeep\n|turn|6\n|\n|t:|1732982026\n|switch|p2a: Volcanion|Volcanion, L79|255/255\n|move|p1a: Oinkologne|High Horsepower|p2a: Volcanion\n|-supereffective|p2a: Volcanion\n|-damage|p2a: Volcanion|129/255\n|\n|-heal|p1a: Oinkologne|301/352|[from] item: Leftovers\n|upkeep\n|turn|7\n|\n|t:|1732982042\n|move|p1a: Oinkologne|High Horsepower|p2a: Volcanion\n|-supereffective|p2a: Volcanion\n|-damage|p2a: Volcanion|3/255\n|move|p2a: Volcanion|Earth Power|p1a: Oinkologne\n|-damage|p1a: Oinkologne|193/352\n|-unboost|p1a: Oinkologne|spd|1\n|\n|-heal|p1a: Oinkologne|215/352|[from] item: Leftovers\n|upkeep\n|turn|8\n|\n|t:|1732982054\n|move|p1a: Oinkologne|High Horsepower|p2a: Volcanion|[miss]\n|-miss|p1a: Oinkologne|p2a: Volcanion\n|move|p2a: Volcanion|Earth Power|p1a: Oinkologne\n|-damage|p1a: Oinkologne|46/352\n|\n|-heal|p1a: Oinkologne|68/352|[from] item: Leftovers\n|upkeep\n|turn|9\n|\n|t:|1732982063\n|move|p1a: Oinkologne|High Horsepower|p2a: Volcanion\n|-supereffective|p2a: Volcanion\n|-damage|p2a: Volcanion|0 fnt\n|faint|p2a: Volcanion\n|\n|-heal|p1a: Oinkologne|90/352|[from] item: Leftovers\n|upkeep\n|\n|t:|1732982072\n|switch|p2a: Heracross|Heracross, L80, M|110/259\n|turn|10\n|\n|t:|1732982081\n|move|p2a: Heracross|Close Combat|p1a: Oinkologne\n|-supereffective|p1a: Oinkologne\n|-damage|p1a: Oinkologne|0 fnt\n|-unboost|p2a: Heracross|def|1\n|-unboost|p2a: Heracross|spd|1\n|faint|p1a: Oinkologne\n|-ability|p2a: Heracross|Moxie|boost\n|-boost|p2a: Heracross|atk|1\n|\n|upkeep\n|\n|t:|1732982093\n|switch|p1a: Golurk|Golurk, L87|297/297\n|turn|11\n|\n|t:|1732982100\n|move|p2a: Heracross|Close Combat|p1a: Golurk\n|-immune|p1a: Golurk\n|move|p1a: Golurk|Earthquake|p2a: Heracross\n|-resisted|p2a: Heracross\n|-damage|p2a: Heracross|0 fnt\n|faint|p2a: Heracross\n|-damage|p1a: Golurk|268/297|[from] item: Life Orb\n|\n|upkeep\n|\n|t:|1732982120\n|switch|p2a: Vivillon|Vivillon-Tundra, L84, M|272/272\n|turn|12\n|\n|t:|1732982128\n|move|p2a: Vivillon|Sleep Powder|p1a: Golurk\n|-status|p1a: Golurk|slp|[from] move: Sleep Powder\n|cant|p1a: Golurk|slp\n|\n|upkeep\n|turn|13\n|\n|t:|1732982138\n|move|p2a: Vivillon|Hurricane|p1a: Golurk\n|-damage|p1a: Golurk|151/297 slp\n|cant|p1a: Golurk|slp\n|\n|upkeep\n|turn|14\n|\n|t:|1732982145\n|move|p2a: Vivillon|Hurricane|p1a: Golurk\n|-damage|p1a: Golurk|39/297 slp\n|-curestatus|p1a: Golurk|slp|[msg]\n|move|p1a: Golurk|Stealth Rock|p2a: Vivillon\n|-sidestart|p2: guzma8900|move: Stealth Rock\n|\n|upkeep\n|turn|15\n|\n|t:|1732982155\n|move|p2a: Vivillon|Hurricane|p1a: Golurk\n|-damage|p1a: Golurk|0 fnt\n|faint|p1a: Golurk\n|\n|upkeep\n|\n|t:|1732982165\n|switch|p1a: Keldeo|Keldeo-Resolute, L79|2/273\n|turn|16\n|\n|t:|1732982170\n|move|p1a: Keldeo|Vacuum Wave|p2a: Vivillon\n|-resisted|p2a: Vivillon\n|-damage|p2a: Vivillon|249/272\n|-damage|p1a: Keldeo|0 fnt|[from] item: Life Orb\n|faint|p1a: Keldeo\n|move|p2a: Vivillon|Hurricane|p1: Keldeo|[notarget]\n|-fail|p2a: Vivillon\n|\n|upkeep\n|\n|t:|1732982174\n|switch|p1a: Toedscruel|Toedscruel, L87, M|281/281\n|turn|17\n|\n|t:|1732982183\n|move|p1a: Toedscruel|Earth Power|p2a: Vivillon\n|-immune|p2a: Vivillon\n|move|p2a: Vivillon|Hurricane|p1a: Toedscruel\n|-supereffective|p1a: Toedscruel\n|-damage|p1a: Toedscruel|119/281\n|\n|-heal|p1a: Toedscruel|136/281|[from] item: Leftovers\n|upkeep\n|turn|18\n|\n|t:|1732982198\n|switch|p1a: Lucario|Lucario, L84, M|255/255\n|move|p2a: Vivillon|Sleep Powder|p1a: Lucario\n|-status|p1a: Lucario|slp|[from] move: Sleep Powder\n|\n|upkeep\n|turn|19\n|\n|t:|1732982207\n|cant|p1a: Lucario|slp\n|move|p2a: Vivillon|Hurricane|p1a: Lucario\n|-damage|p1a: Lucario|122/255 slp\n|\n|upkeep\n|turn|20\n|\n|t:|1732982215\n|switch|p1a: Spectrier|Spectrier, L75, shiny|274/274\n|move|p2a: Vivillon|Hurricane|p1a: Spectrier\n|-damage|p1a: Spectrier|145/274\n|\n|upkeep\n|turn|21\n|\n|t:|1732982224\n|move|p1a: Spectrier|Shadow Ball|p2a: Vivillon\n|-damage|p2a: Vivillon|49/272\n|-damage|p1a: Spectrier|118/274|[from] item: Life Orb\n|move|p2a: Vivillon|Sleep Powder|p1a: Spectrier\n|-message|Sleep Clause Mod activated.\n|-hint|Sleep Clause Mod prevents players from putting more than one of their opponent's Pok\u00e9mon to sleep at a time\n|\n|upkeep\n|turn|22\n|\n|t:|1732982233\n|move|p1a: Spectrier|Shadow Ball|p2a: Vivillon\n|-damage|p2a: Vivillon|0 fnt\n|faint|p2a: Vivillon\n|-ability|p1a: Spectrier|Grim Neigh|boost\n|-boost|p1a: Spectrier|spa|1\n|-damage|p1a: Spectrier|91/274|[from] item: Life Orb\n|\n|upkeep\n|\n|t:|1732982244\n|switch|p2a: Overqwil|Overqwil, L82, M|274/274\n|-damage|p2a: Overqwil|240/274|[from] Stealth Rock\n|-ability|p2a: Overqwil|Intimidate|boost\n|-unboost|p1a: Spectrier|atk|1\n|turn|23\n|\n|t:|1732982252\n|move|p1a: Spectrier|Shadow Ball|p2a: Overqwil\n|-resisted|p2a: Overqwil\n|-damage|p2a: Overqwil|128/274\n|-unboost|p2a: Overqwil|spd|1\n|-damage|p1a: Spectrier|64/274|[from] item: Life Orb\n|move|p2a: Overqwil|Gunk Shot|p1a: Spectrier\n|-resisted|p1a: Spectrier\n|-damage|p1a: Spectrier|0 fnt\n|faint|p1a: Spectrier\n|\n|upkeep\n|\n|t:|1732982256\n|switch|p1a: Toedscruel|Toedscruel, L87, M|136/281\n|turn|24\n|\n|t:|1732982269\n|move|p1a: Toedscruel|Earth Power|p2a: Overqwil\n|-supereffective|p2a: Overqwil\n|-damage|p2a: Overqwil|0 fnt\n|faint|p2a: Overqwil\n|\n|-heal|p1a: Toedscruel|153/281|[from] item: Leftovers\n|upkeep\n|\n|t:|1732982281\n|switch|p2a: Typhlosion|Typhlosion-Hisui, L83, F|257/257\n|-damage|p2a: Typhlosion|193/257|[from] Stealth Rock\n|turn|25\n|\n|t:|1732982289\n|move|p1a: Toedscruel|Earth Power|p2a: Typhlosion\n|-supereffective|p2a: Typhlosion\n|-damage|p2a: Typhlosion|1/257\n|-unboost|p2a: Typhlosion|spd|1\n|move|p2a: Typhlosion|Fire Blast|p1a: Toedscruel\n|-supereffective|p1a: Toedscruel\n|-damage|p1a: Toedscruel|0 fnt\n|faint|p1a: Toedscruel\n|\n|upkeep\n|\n|t:|1732982293\n|switch|p1a: Lucario|Lucario, L84, M|122/255 slp\n|turn|26\n|\n|t:|1732982302\n|move|p2a: Typhlosion|Fire Blast|p1a: Lucario\n|-supereffective|p1a: Lucario\n|-damage|p1a: Lucario|0 fnt\n|faint|p1a: Lucario\n|\n|win|guzma8900\n", "inputlog": ">version b107d77f5c90bd6555267ae244a6264823309ead\n>start {\"formatid\":\"gen9randombattle\",\"seed\":[57286,32987,48986,8850]}\n>player p1 {\"name\":\"kaioamado\",\"avatar\":\"2\",\"rating\":0,\"seed\":[17888,5204,17036,61369]}\n>player p2 {\"name\":\"guzma8900\",\"avatar\":\"1\",\"rating\":0,\"seed\":[27360,8619,25666,20157]}\n>p1 move calmmind\n>p2 move earthquake\n>p1 move calmmind\n>p2 move earthquake\n>p1 move secretsword\n>p2 move earthquake\n>p1 switch 2\n>p2 move earthquake\n>p1 move highhorsepower\n>p2 switch 6\n>p1 move highhorsepower\n>p2 switch 4\n>p1 move highhorsepower\n>p2 move earthpower\n>p1 move highhorsepower\n>p2 move earthpower\n>p1 move highhorsepower\n>p2 move earthpower\n>p2 switch 6\n>p1 move highhorsepower\n>p2 move closecombat\n>p1 switch 4\n>p1 move earthquake\n>p2 move closecombat\n>p2 switch 3\n>p1 move dynamicpunch\n>p2 move sleeppowder\n>p1 move stealthrock\n>p2 move hurricane\n>p1 move stealthrock\n>p2 move hurricane\n>p1 move stealthrock\n>p2 move hurricane\n>p1 switch 2\n>p1 move vacuumwave\n>p2 move hurricane\n>p1 switch 5\n>p1 move earthpower\n>p2 move hurricane\n>p1 switch 3\n>p2 move sleeppowder\n>p1 move meteormash\n>p2 move hurricane\n>p1 switch 6\n>p2 move hurricane\n>p1 move shadowball\n>p2 move sleeppowder\n>p1 move shadowball\n>p2 move hurricane\n>p2 switch 2\n>p1 move shadowball\n>p2 move gunkshot\n>p1 switch 3\n>p1 move earthpower\n>p2 move gunkshot\n>p2 switch 5\n>p1 move earthpower\n>p2 move fireblast\n>p1 switch 6\n>p1 move closecombat\n>p2 move fireblast", "uploadtime": 1732982309, "views": 2, "formatid": "gen9randombattle", "rating": null, "private": 0, "password": null}