{"id": "gen9randombattle-2253995991", "format": "[Gen 9] Random Battle", "players": ["krabsolfurretisme", "luizhsouza3"], "log": "|j|\u2606krabsolfurretisme\n|j|\u2606luizhsouza3\n|t:|1732977492\n|gametype|singles\n|player|p1|krabsolfurretisme|gentleman|1446\n|player|p2|luizhsouza3|striker|1470\n|teamsize|p1|6\n|teamsize|p2|6\n|gen|9\n|tier|[Gen 9] Random Battle\n|rated|\n|rule|Species Clause: Limit one of each Pok\u00e9mon\n|rule|HP Percentage Mod: HP is shown in percentages\n|rule|Sleep Clause Mod: Limit one foe put to sleep\n|rule|Illusion Level Mod: Illusion disguises the Pok\u00e9mon's true level\n|\n|t:|1732977492\n|start\n|switch|p1a: Metagross|Metagross, L79|256/256\n|switch|p2a: Houndstone|Houndstone, L86, M|264/264\n|turn|1\n|inactive|Battle timer is ON: inactive players will automatically lose when time's up. (requested by krabsolfurretisme)\n|inactive|luizhsouza3 also wants the timer to be on.\n|\n|t:|1732977503\n|switch|p1a: Blissey|Blissey, L84, F|566/566\n|move|p2a: Houndstone|Poltergeist|p1a: Blissey\n|-immune|p1a: Blissey\n|\n|upkeep\n|turn|2\n|\n|t:|1732977511\n|move|p2a: Houndstone|Body Press|p1a: Blissey\n|-supereffective|p1a: Blissey\n|-damage|p1a: Blissey|220/566\n|move|p1a: Blissey|Thunder Wave|p2a: Houndstone\n|-status|p2a: Houndstone|par\n|\n|-heal|p1a: Blissey|255/566|[from] item: Leftovers\n|upkeep\n|turn|3\n|\n|t:|1732977534\n|switch|p1a: Metagross|Metagross, L79|256/256\n|move|p2a: Houndstone|Body Press|p1a: Metagross\n|-damage|p1a: Metagross|211/256\n|\n|upkeep\n|turn|4\n|\n|t:|1732977545\n|move|p1a: Metagross|Heavy Slam|p2a: Houndstone\n|-crit|p2a: Houndstone\n|-damage|p2a: Houndstone|113/264 par\n|move|p2a: Houndstone|Poltergeist|p1a: Metagross|[miss]\n|-miss|p2a: Houndstone|p1a: Metagross\n|\n|-heal|p2a: Houndstone|129/264 par|[from] item: Leftovers\n|upkeep\n|turn|5\n|\n|t:|1732977554\n|move|p1a: Metagross|Heavy Slam|p2a: Houndstone\n|-damage|p2a: Houndstone|33/264 par\n|move|p2a: Houndstone|Rest|p2a: Houndstone\n|-status|p2a: Houndstone|slp|[from] move: Rest\n|-heal|p2a: Houndstone|264/264 slp|[silent]\n|\n|upkeep\n|turn|6\n|\n|t:|1732977562\n|switch|p1a: Ambipom|Ambipom, L84, M|263/263\n|cant|p2a: Houndstone|slp\n|move|p2a: Houndstone|Sleep Talk|p2a: Houndstone\n|move|p2a: Houndstone|Poltergeist|p1a: Ambipom|[from]move: Sleep Talk\n|-immune|p1a: Ambipom\n|\n|upkeep\n|turn|7\n|\n|t:|1732977574\n|switch|p2a: Leavanny|Leavanny, L86, F|269/269\n|move|p1a: Ambipom|Knock Off|p2a: Leavanny\n|-damage|p2a: Leavanny|154/269\n|-enditem|p2a: Leavanny|Heavy-Duty Boots|[from] move: Knock Off|[of] p1a: Ambipom\n|\n|upkeep\n|turn|8\n|\n|t:|1732977594\n|switch|p1a: Metagross|Metagross, L79|211/256\n|move|p2a: Leavanny|Sticky Web|p1a: Metagross\n|-sidestart|p1: krabsolfurretisme|move: Sticky Web\n|\n|upkeep\n|turn|9\n|\n|t:|1732977605\n|switch|p1a: Ambipom|Ambipom, L84, M|263/263\n|-activate|p1a: Ambipom|move: Sticky Web\n|-unboost|p1a: Ambipom|spe|1\n|move|p2a: Leavanny|Knock Off|p1a: Ambipom\n|-crit|p1a: Ambipom\n|-damage|p1a: Ambipom|134/263\n|-enditem|p1a: Ambipom|Choice Band|[from] move: Knock Off|[of] p2a: Leavanny\n|\n|upkeep\n|turn|10\n|\n|t:|1732977619\n|move|p2a: Leavanny|Lunge|p1a: Ambipom\n|-damage|p1a: Ambipom|17/263\n|-unboost|p1a: Ambipom|atk|1\n|move|p1a: Ambipom|Triple Axel|p2a: Leavanny\n|-supereffective|p2a: Leavanny\n|-damage|p2a: Leavanny|122/269\n|-supereffective|p2a: Leavanny\n|-damage|p2a: Leavanny|66/269\n|-supereffective|p2a: Leavanny\n|-damage|p2a: Leavanny|0 fnt\n|faint|p2a: Leavanny\n|-hitcount|p2: Leavanny|3\n|\n|upkeep\n|\n|t:|1732977631\n|switch|p2a: Iron Boulder|Iron Boulder, L77|265/265\n|turn|11\n|\n|t:|1732977638\n|move|p2a: Iron Boulder|Swords Dance|p2a: Iron Boulder\n|-boost|p2a: Iron Boulder|atk|2\n|move|p1a: Ambipom|Knock Off|p2a: Iron Boulder\n|-supereffective|p2a: Iron Boulder\n|-damage|p2a: Iron Boulder|163/265\n|-enditem|p2a: Iron Boulder|Life Orb|[from] move: Knock Off|[of] p1a: Ambipom\n|\n|upkeep\n|turn|12\n|\n|t:|1732977644\n|move|p2a: Iron Boulder|Mighty Cleave|p1a: Ambipom\n|-damage|p1a: Ambipom|0 fnt\n|faint|p1a: Ambipom\n|\n|upkeep\n|\n|t:|1732977649\n|switch|p1a: Metagross|Metagross, L79|211/256\n|-activate|p1a: Metagross|move: Sticky Web\n|-fail|p1a: Metagross|unboost|[from] ability: Clear Body|[of] p1a: Metagross\n|turn|13\n|\n|t:|1732977654\n|move|p2a: Iron Boulder|Close Combat|p1a: Metagross\n|-damage|p1a: Metagross|85/256\n|-unboost|p2a: Iron Boulder|def|1\n|-unboost|p2a: Iron Boulder|spd|1\n|move|p1a: Metagross|Heavy Slam|p2a: Iron Boulder\n|-supereffective|p2a: Iron Boulder\n|-damage|p2a: Iron Boulder|0 fnt\n|faint|p2a: Iron Boulder\n|-end|p2a: Iron Boulder|Quark Drive|[silent]\n|\n|upkeep\n|\n|t:|1732977661\n|switch|p2a: Gumshoos|Gumshoos, L95, F|321/321\n|turn|14\n|\n|t:|1732977666\n|move|p1a: Metagross|Heavy Slam|p2a: Gumshoos\n|-damage|p2a: Gumshoos|74/321\n|move|p2a: Gumshoos|Knock Off|p1a: Metagross\n|-supereffective|p1a: Metagross\n|-damage|p1a: Metagross|0 fnt\n|-enditem|p1a: Metagross|Choice Band|[from] move: Knock Off|[of] p2a: Gumshoos\n|faint|p1a: Metagross\n|\n|upkeep\n|\n|t:|1732977670\n|switch|p1a: Blissey|Blissey, L84, F|255/566\n|-activate|p1a: Blissey|move: Sticky Web\n|-unboost|p1a: Blissey|spe|1\n|turn|15\n|\n|t:|1732977677\n|move|p2a: Gumshoos|Knock Off|p1a: Blissey\n|-damage|p1a: Blissey|0 fnt\n|-enditem|p1a: Blissey|Leftovers|[from] move: Knock Off|[of] p2a: Gumshoos\n|faint|p1a: Blissey\n|\n|upkeep\n|\n|t:|1732977685\n|switch|p1a: Leafeon|Leafeon, L88, M|258/258\n|-activate|p1a: Leafeon|move: Sticky Web\n|-unboost|p1a: Leafeon|spe|1\n|turn|16\n|\n|t:|1732977692\n|move|p1a: Leafeon|Double-Edge|p2a: Gumshoos\n|-damage|p2a: Gumshoos|0 fnt\n|faint|p2a: Gumshoos\n|-damage|p1a: Leafeon|234/258|[from] Recoil\n|-damage|p1a: Leafeon|209/258|[from] item: Life Orb\n|\n|upkeep\n|\n|t:|1732977697\n|switch|p2a: Noctowl|Noctowl, L95, M|344/344\n|turn|17\n|\n|t:|1732977707\n|-terastallize|p1a: Leafeon|Dark\n|move|p2a: Noctowl|Hurricane|p1a: Leafeon\n|-damage|p1a: Leafeon|59/258\n|move|p1a: Leafeon|Knock Off|p2a: Noctowl\n|-damage|p2a: Noctowl|136/344\n|-enditem|p2a: Noctowl|Heavy-Duty Boots|[from] move: Knock Off|[of] p1a: Leafeon\n|-damage|p1a: Leafeon|34/258|[from] item: Life Orb\n|\n|upkeep\n|turn|18\n|\n|t:|1732977715\n|move|p2a: Noctowl|Hyper Voice|p1a: Leafeon\n|-damage|p1a: Leafeon|0 fnt\n|faint|p1a: Leafeon\n|\n|upkeep\n|\n|t:|1732977720\n|switch|p1a: Minior|Minior-Blue, L79|224/224\n|-formechange|p1a: Minior|Minior-Meteor||[from] ability: Shields Down\n|turn|19\n|\n|t:|1732977726\n|move|p2a: Noctowl|Hurricane|p1a: Minior\n|-resisted|p1a: Minior\n|-damage|p1a: Minior|82/224\n|-start|p1a: Minior|confusion\n|-activate|p1a: Minior|confusion\n|-damage|p1a: Minior|65/224|[from] confusion\n|\n|-formechange|p1a: Minior|Minior-Blue||[from] ability: Shields Down\n|upkeep\n|turn|20\n|\n|t:|1732977740\n|-activate|p1a: Minior|confusion\n|-damage|p1a: Minior|27/224|[from] confusion\n|move|p2a: Noctowl|Hurricane|p1a: Minior\n|-resisted|p1a: Minior\n|-damage|p1a: Minior|0 fnt\n|faint|p1a: Minior\n|\n|upkeep\n|\n|t:|1732977741\n|switch|p1a: Solgaleo|Solgaleo, L74|325/325\n|-activate|p1a: Solgaleo|move: Sticky Web\n|-fail|p1a: Solgaleo|unboost|[from] ability: Full Metal Body|[of] p1a: Solgaleo\n|turn|21\n|c|\u2606krabsolfurretisme|fuck\n|\n|t:|1732977751\n|move|p1a: Solgaleo|Sunsteel Strike|p2a: Noctowl\n|-damage|p2a: Noctowl|0 fnt\n|faint|p2a: Noctowl\n|\n|upkeep\n|\n|t:|1732977754\n|switch|p2a: Slowbro|Slowbro, L85, F|300/300\n|turn|22\n|\n|t:|1732977759\n|move|p1a: Solgaleo|Knock Off|p2a: Slowbro\n|-supereffective|p2a: Slowbro\n|-damage|p2a: Slowbro|192/300\n|-enditem|p2a: Slowbro|Assault Vest|[from] move: Knock Off|[of] p1a: Solgaleo\n|move|p2a: Slowbro|Scald|p1a: Solgaleo\n|-damage|p1a: Solgaleo|217/325\n|-status|p1a: Solgaleo|brn\n|\n|-damage|p1a: Solgaleo|197/325 brn|[from] brn\n|upkeep\n|turn|23\n|\n|t:|1732977764\n|move|p1a: Solgaleo|Sunsteel Strike|p2a: Slowbro\n|-resisted|p2a: Slowbro\n|-damage|p2a: Slowbro|169/300\n|move|p2a: Slowbro|Scald|p1a: Solgaleo\n|-damage|p1a: Solgaleo|88/325 brn\n|\n|-damage|p1a: Solgaleo|68/325 brn|[from] brn\n|upkeep\n|turn|24\n|\n|t:|1732977767\n|move|p1a: Solgaleo|Knock Off|p2a: Slowbro\n|-supereffective|p2a: Slowbro\n|-damage|p2a: Slowbro|131/300\n|move|p2a: Slowbro|Scald|p1a: Solgaleo\n|-damage|p1a: Solgaleo|0 fnt\n|faint|p1a: Solgaleo\n|\n|win|luizhsouza3\n|raw|krabsolfurretisme's rating: 1446 &rarr; <strong>1427</strong><br />(-19 for losing)\n|raw|luizhsouza3's rating: 1470 &rarr; <strong>1489</strong><br />(+19 for winning)\n|l|\u2606luizhsouza3\n|player|p2|\n|c|\u2606krabsolfurretisme|gg\n", "inputlog": ">version b107d77f5c90bd6555267ae244a6264823309ead\n>start {\"formatid\":\"gen9randombattle\",\"seed\":[60000,56237,36906,43916],\"rated\":\"Rated battle\"}\n>player p1 {\"name\":\"krabsolfurretisme\",\"avatar\":\"gentleman\",\"rating\":1446,\"seed\":[8341,55545,57344,4730]}\n>player p2 {\"name\":\"luizhsouza3\",\"avatar\":\"striker\",\"rating\":1470,\"seed\":[50300,43372,43158,53627]}\n>p1 switch 6\n>p2 move poltergeist\n>p1 move thunderwave\n>p2 move bodypress\n>p1 switch 6\n>p2 move bodypress\n>p1 move heavyslam\n>p2 move poltergeist\n>p1 move heavyslam\n>p2 move rest\n>p1 switch 5\n>p2 move sleeptalk\n>p1 move knockoff\n>p2 switch 4\n>p1 switch 5\n>p2 move stickyweb\n>p1 switch 5\n>p2 move knockoff\n>p1 move tripleaxel\n>p2 move lunge\n>p2 switch 5\n>p1 move knockoff\n>p2 move swordsdance\n>p1 move uturn\n>p2 move mightycleave\n>p1 switch 5\n>p1 move heavyslam\n>p2 move closecombat\n>p2 switch 3\n>p1 move heavyslam\n>p2 move knockoff\n>p1 switch 6\n>p1 move seismictoss\n>p2 move knockoff\n>p1 switch 4\n>p1 move doubleedge\n>p2 move knockoff\n>p2 switch 2\n>p1 move knockoff terastallize\n>p2 move hurricane\n>p1 move doubleedge\n>p2 move hypervoice\n>p1 switch 3\n>p1 move shellsmash\n>p2 move hurricane\n>p1 move shellsmash\n>p2 move hurricane\n>p1 switch 2\n>chat \u2606krabsolfurretisme|fuck\n>p1 move sunsteelstrike\n>p2 move hurricane\n>p2 switch 6\n>p1 move knockoff\n>p2 move scald\n>p1 move sunsteelstrike\n>p2 move scald\n>p1 move knockoff\n>p2 move scald", "uploadtime": 1732977779, "views": 1, "formatid": "gen9randombattle", "rating": 1427, "private": 0, "password": null}