{"id": "gen9randombattle-2253917422", "format": "[Gen 9] Random Battle", "players": ["Amenokami", "lucskilzzz2"], "log": "|j|\u2606Amenokami\n|j|\u2606lucskilzzz2\n|t:|1732963378\n|gametype|singles\n|player|p1|Amenokami|janine|1458\n|player|p2|lucskilzzz2|170|1462\n|teamsize|p1|6\n|teamsize|p2|6\n|gen|9\n|tier|[Gen 9] Random Battle\n|rated|\n|rule|Species Clause: Limit one of each Pok\u00e9mon\n|rule|HP Percentage Mod: HP is shown in percentages\n|rule|Sleep Clause Mod: Limit one foe put to sleep\n|rule|Illusion Level Mod: Illusion disguises the Pok\u00e9mon's true level\n|\n|t:|1732963378\n|start\n|switch|p1a: Staraptor|Staraptor, L79, F|263/263\n|switch|p2a: Ogerpon|Ogerpon-Cornerstone, L76, F|247/247\n|turn|1\n|\n|t:|1732963387\n|move|p1a: Staraptor|U-turn|p2a: Ogerpon\n|-supereffective|p2a: Ogerpon\n|-damage|p2a: Ogerpon|131/247\n|\n|t:|1732963399\n|switch|p1a: Archaludon|Archaludon, L78, M|268/268|[from] U-turn\n|move|p2a: Ogerpon|Ivy Cudgel|p1a: Archaludon|[anim] Ivy Cudgel Rock\n|-resisted|p1a: Archaludon\n|-crit|p1a: Archaludon\n|-damage|p1a: Archaludon|189/268\n|-ability|p1a: Archaludon|Stamina|boost\n|-boost|p1a: Archaludon|def|1\n|\n|-heal|p1a: Archaludon|205/268|[from] item: Leftovers\n|upkeep\n|turn|2\n|\n|t:|1732963420\n|switch|p2a: Magmortar|Magmortar, L88, F|275/275\n|move|p1a: Archaludon|Stealth Rock|p2a: Magmortar\n|-sidestart|p2: lucskilzzz2|move: Stealth Rock\n|\n|-heal|p1a: Archaludon|221/268|[from] item: Leftovers\n|upkeep\n|turn|3\n|\n|t:|1732963435\n|switch|p1a: Golduck|Golduck, L90, M|290/290\n|-ability|p1a: Golduck|Cloud Nine\n|move|p2a: Magmortar|Focus Blast|p1a: Golduck|[miss]\n|-miss|p2a: Magmortar|p1a: Golduck\n|\n|upkeep\n|turn|4\n|\n|t:|1732963444\n|switch|p2a: Sceptile|Sceptile, L87, M|264/264\n|-damage|p2a: Sceptile|231/264|[from] Stealth Rock\n|move|p1a: Golduck|Flip Turn|p2a: Sceptile\n|-resisted|p2a: Sceptile\n|-damage|p2a: Sceptile|194/264\n|\n|t:|1732963455\n|switch|p1a: Staraptor|Staraptor, L79, F|263/263|[from] Flip Turn\n|\n|upkeep\n|turn|5\n|\n|t:|1732963472\n|switch|p2a: Minun|Minun, L95, F|268/268\n|-damage|p2a: Minun|235/268|[from] Stealth Rock\n|move|p1a: Staraptor|Brave Bird|p2a: Minun\n|-resisted|p2a: Minun\n|-damage|p2a: Minun|130/268\n|-damage|p1a: Staraptor|228/263|[from] Recoil\n|\n|upkeep\n|turn|6\n|\n|t:|1732963482\n|switch|p1a: Porygon-Z|Porygon-Z, L83|277/277\n|-ability|p1a: Porygon-Z|Download|boost\n|-boost|p1a: Porygon-Z|atk|1\n|move|p2a: Minun|Thunderbolt|p1a: Porygon-Z\n|-damage|p1a: Porygon-Z|131/277\n|-damage|p2a: Minun|104/268|[from] item: Life Orb\n|\n|upkeep\n|turn|7\n|\n|t:|1732963488\n|move|p1a: Porygon-Z|Tri Attack|p2a: Minun\n|-damage|p2a: Minun|1/268\n|move|p2a: Minun|Thunderbolt|p1a: Porygon-Z\n|-damage|p1a: Porygon-Z|0 fnt\n|faint|p1a: Porygon-Z\n|-damage|p2a: Minun|0 fnt|[from] item: Life Orb\n|faint|p2a: Minun\n|\n|upkeep\n|\n|t:|1732963498\n|switch|p2a: Lokix|Lokix, L82, F|251/251\n|switch|p1a: Staraptor|Staraptor, L79, F|228/263\n|-damage|p2a: Lokix|189/251|[from] Stealth Rock\n|turn|8\n|\n|t:|1732963506\n|switch|p2a: Ogerpon|Ogerpon-Cornerstone, L76, F|131/247\n|-damage|p2a: Ogerpon|101/247|[from] Stealth Rock\n|move|p1a: Staraptor|Brave Bird|p2a: Ogerpon\n|-damage|p2a: Ogerpon|0 fnt\n|faint|p2a: Ogerpon\n|-damage|p1a: Staraptor|195/263|[from] Recoil\n|\n|upkeep\n|\n|t:|1732963511\n|switch|p2a: Magmortar|Magmortar, L88, F|275/275\n|-damage|p2a: Magmortar|207/275|[from] Stealth Rock\n|turn|9\n|\n|t:|1732963515\n|switch|p1a: Golduck|Golduck, L90, M|290/290\n|-ability|p1a: Golduck|Cloud Nine\n|move|p2a: Magmortar|Thunderbolt|p1a: Golduck\n|-supereffective|p1a: Golduck\n|-damage|p1a: Golduck|44/290\n|\n|upkeep\n|turn|10\n|\n|t:|1732963520\n|switch|p2a: Lokix|Lokix, L82, F|189/251\n|-damage|p2a: Lokix|127/251|[from] Stealth Rock\n|move|p1a: Golduck|Hydro Pump|p2a: Lokix\n|-damage|p2a: Lokix|0 fnt\n|faint|p2a: Lokix\n|\n|upkeep\n|\n|t:|1732963522\n|switch|p2a: Sceptile|Sceptile, L87, M|194/264\n|-damage|p2a: Sceptile|161/264|[from] Stealth Rock\n|turn|11\n|\n|t:|1732963526\n|move|p2a: Sceptile|Rock Slide|p1a: Golduck\n|-damage|p1a: Golduck|0 fnt\n|faint|p1a: Golduck\n|-damage|p2a: Sceptile|135/264|[from] item: Life Orb\n|\n|upkeep\n|\n|t:|1732963529\n|switch|p1a: Staraptor|Staraptor, L79, F|195/263\n|turn|12\n|\n|t:|1732963532\n|move|p1a: Staraptor|Brave Bird|p2a: Sceptile\n|-supereffective|p2a: Sceptile\n|-damage|p2a: Sceptile|0 fnt\n|faint|p2a: Sceptile\n|-damage|p1a: Staraptor|150/263|[from] Recoil\n|\n|upkeep\n|\n|t:|1732963535\n|switch|p2a: Magmortar|Magmortar, L88, F|207/275\n|-damage|p2a: Magmortar|139/275|[from] Stealth Rock\n|turn|13\n|\n|t:|1732963537\n|move|p1a: Staraptor|Brave Bird|p2a: Magmortar\n|-damage|p2a: Magmortar|0 fnt\n|faint|p2a: Magmortar\n|-damage|p1a: Staraptor|104/263|[from] Recoil\n|\n|upkeep\n|-message|lucskilzzz2 forfeited.\n|\n|win|Amenokami\n|raw|Amenokami's rating: 1458 &rarr; <strong>1478</strong><br />(+20 for winning)\n|raw|lucskilzzz2's rating: 1462 &rarr; <strong>1442</strong><br />(-20 for losing)\n|l|\u2606lucskilzzz2\n|player|p2|\n", "inputlog": ">version b107d77f5c90bd6555267ae244a6264823309ead\n>start {\"formatid\":\"gen9randombattle\",\"seed\":[35577,27418,22822,3677],\"rated\":\"Rated battle\"}\n>player p1 {\"name\":\"Amenokami\",\"avatar\":\"janine\",\"rating\":1458,\"seed\":[25518,9317,62895,44904]}\n>player p2 {\"name\":\"lucskilzzz2\",\"avatar\":\"170\",\"rating\":1462,\"seed\":[20855,48624,24580,16435]}\n>p1 move uturn\n>p2 move ivycudgel\n>p1 switch 6\n>p1 move stealthrock\n>p2 switch 2\n>p1 switch 4\n>p2 move focusblast\n>p1 move flipturn\n>p2 switch 6\n>p1 switch 6\n>p1 move bravebird\n>p2 switch 5\n>p1 switch 2\n>p2 move thunderbolt\n>p1 move triattack\n>p2 move thunderbolt\n>p1 switch 2\n>p2 switch 4\n>p1 move bravebird\n>p2 switch 2\n>p2 switch 6\n>p1 switch 6\n>p2 move thunderbolt\n>p1 move hydropump\n>p2 switch 2\n>p2 switch 5\n>p1 move hydropump\n>p2 move rockslide\n>p1 switch 6\n>p1 move bravebird\n>p2 move rockslide\n>p2 switch 2\n>p1 move bravebird\n>p2 move focusblast\n>forcelose p2", "uploadtime": 1732963543, "views": 2, "formatid": "gen9randombattle", "rating": 1442, "private": 0, "password": null}