{"id": "gen9randombattle-2254037462", "format": "[Gen 9] Random Battle", "players": ["abcxxx", "Acaldher"], "log": "|j|\u2606abcxxx\n|j|\u2606Acaldher\n|t:|1732983309\n|gametype|singles\n|player|p1|abcxxx|1|1522\n|player|p2|Acaldher|marshal|1516\n|teamsize|p1|6\n|teamsize|p2|6\n|gen|9\n|tier|[Gen 9] Random Battle\n|rated|\n|rule|Species Clause: Limit one of each Pok\u00e9mon\n|rule|HP Percentage Mod: HP is shown in percentages\n|rule|Sleep Clause Mod: Limit one foe put to sleep\n|rule|Illusion Level Mod: Illusion disguises the Pok\u00e9mon's true level\n|\n|t:|1732983309\n|start\n|switch|p1a: Ting-Lu|Ting-Lu, L78|370/370\n|switch|p2a: Gurdurr|Gurdurr, L85, F|283/283\n|-ability|p1a: Ting-Lu|Vessel of Ruin\n|turn|1\n|inactive|Battle timer is ON: inactive players will automatically lose when time's up. (requested by abcxxx)\n|\n|t:|1732983327\n|switch|p1a: Camerupt|Camerupt, L91, M|275/275\n|move|p2a: Gurdurr|Knock Off|p1a: Camerupt\n|-damage|p1a: Camerupt|186/275\n|-enditem|p1a: Camerupt|Leftovers|[from] move: Knock Off|[of] p2a: Gurdurr\n|\n|upkeep\n|turn|2\n|\n|t:|1732983333\n|move|p1a: Camerupt|Earthquake|p2a: Gurdurr\n|-damage|p2a: Gurdurr|189/283\n|move|p2a: Gurdurr|Bulk Up|p2a: Gurdurr\n|-boost|p2a: Gurdurr|atk|1\n|-boost|p2a: Gurdurr|def|1\n|\n|upkeep\n|turn|3\n|\n|t:|1732983338\n|move|p1a: Camerupt|Overheat|p2a: Gurdurr\n|-damage|p2a: Gurdurr|27/283\n|-unboost|p1a: Camerupt|spa|2\n|move|p2a: Gurdurr|Drain Punch|p1a: Camerupt\n|-damage|p1a: Camerupt|53/275\n|-heal|p2a: Gurdurr|94/283|[from] drain|[of] p1a: Camerupt\n|\n|upkeep\n|turn|4\n|\n|t:|1732983344\n|move|p2a: Gurdurr|Mach Punch|p1a: Camerupt\n|-damage|p1a: Camerupt|0 fnt\n|faint|p1a: Camerupt\n|\n|upkeep\n|\n|t:|1732983350\n|switch|p1a: Oricorio|Oricorio-Sensu, L85, F|266/266\n|turn|5\n|\n|t:|1732983358\n|switch|p2a: Porygon2|Porygon2, L82|274/274\n|-ability|p2a: Porygon2|Download|boost\n|-boost|p2a: Porygon2|spa|1\n|move|p1a: Oricorio|Hurricane|p2a: Porygon2\n|-damage|p2a: Porygon2|199/274\n|\n|upkeep\n|turn|6\n|\n|t:|1732983370\n|switch|p1a: Ting-Lu|Ting-Lu, L78|370/370\n|-ability|p1a: Ting-Lu|Vessel of Ruin\n|move|p2a: Porygon2|Ice Beam|p1a: Ting-Lu\n|-supereffective|p1a: Ting-Lu\n|-damage|p1a: Ting-Lu|218/370\n|\n|-heal|p1a: Ting-Lu|241/370|[from] item: Leftovers\n|upkeep\n|turn|7\n|\n|t:|1732983378\n|switch|p1a: Dunsparce|Dunsparce, L86, M|312/312\n|move|p2a: Porygon2|Ice Beam|p1a: Dunsparce\n|-damage|p1a: Dunsparce|239/312\n|\n|upkeep\n|turn|8\n|\n|t:|1732983382\n|move|p2a: Porygon2|Tri Attack|p1a: Dunsparce\n|-damage|p1a: Dunsparce|140/312\n|move|p1a: Dunsparce|Body Slam|p2a: Porygon2\n|-damage|p2a: Porygon2|151/274\n|-status|p2a: Porygon2|par\n|\n|upkeep\n|turn|9\n|\n|t:|1732983387\n|move|p1a: Dunsparce|Roost|p1a: Dunsparce\n|-heal|p1a: Dunsparce|296/312\n|-singleturn|p1a: Dunsparce|move: Roost\n|move|p2a: Porygon2|Tri Attack|p1a: Dunsparce\n|-damage|p1a: Dunsparce|193/312\n|\n|upkeep\n|turn|10\n|\n|t:|1732983390\n|move|p1a: Dunsparce|Coil|p1a: Dunsparce\n|-boost|p1a: Dunsparce|atk|1\n|-boost|p1a: Dunsparce|def|1\n|-boost|p1a: Dunsparce|accuracy|1\n|move|p2a: Porygon2|Tri Attack|p1a: Dunsparce\n|-damage|p1a: Dunsparce|88/312\n|\n|upkeep\n|turn|11\n|\n|t:|1732983393\n|move|p1a: Dunsparce|Roost|p1a: Dunsparce\n|-heal|p1a: Dunsparce|244/312\n|-singleturn|p1a: Dunsparce|move: Roost\n|move|p2a: Porygon2|Tri Attack|p1a: Dunsparce\n|-damage|p1a: Dunsparce|147/312\n|-status|p1a: Dunsparce|brn\n|\n|-damage|p1a: Dunsparce|128/312 brn|[from] brn\n|upkeep\n|turn|12\n|\n|t:|1732983397\n|move|p1a: Dunsparce|Roost|p1a: Dunsparce\n|-heal|p1a: Dunsparce|284/312 brn\n|-singleturn|p1a: Dunsparce|move: Roost\n|move|p2a: Porygon2|Recover|p2a: Porygon2\n|-heal|p2a: Porygon2|274/274 par\n|\n|-damage|p1a: Dunsparce|265/312 brn|[from] brn\n|upkeep\n|turn|13\n|\n|t:|1732983401\n|move|p1a: Dunsparce|Coil|p1a: Dunsparce\n|-boost|p1a: Dunsparce|atk|1\n|-boost|p1a: Dunsparce|def|1\n|-boost|p1a: Dunsparce|accuracy|1\n|move|p2a: Porygon2|Tri Attack|p1a: Dunsparce\n|-damage|p1a: Dunsparce|169/312 brn\n|\n|-damage|p1a: Dunsparce|150/312 brn|[from] brn\n|upkeep\n|turn|14\n|\n|t:|1732983405\n|move|p1a: Dunsparce|Coil|p1a: Dunsparce\n|-boost|p1a: Dunsparce|atk|1\n|-boost|p1a: Dunsparce|def|1\n|-boost|p1a: Dunsparce|accuracy|1\n|move|p2a: Porygon2|Tri Attack|p1a: Dunsparce\n|-damage|p1a: Dunsparce|48/312 brn\n|\n|-damage|p1a: Dunsparce|29/312 brn|[from] brn\n|upkeep\n|turn|15\n|\n|t:|1732983408\n|move|p1a: Dunsparce|Roost|p1a: Dunsparce\n|-heal|p1a: Dunsparce|185/312 brn\n|-singleturn|p1a: Dunsparce|move: Roost\n|move|p2a: Porygon2|Tri Attack|p1a: Dunsparce\n|-damage|p1a: Dunsparce|76/312 brn\n|\n|-damage|p1a: Dunsparce|57/312 brn|[from] brn\n|upkeep\n|turn|16\n|\n|t:|1732983414\n|move|p1a: Dunsparce|Roost|p1a: Dunsparce\n|-heal|p1a: Dunsparce|213/312 brn\n|-singleturn|p1a: Dunsparce|move: Roost\n|move|p2a: Porygon2|Tri Attack|p1a: Dunsparce\n|-damage|p1a: Dunsparce|105/312 brn\n|\n|-damage|p1a: Dunsparce|86/312 brn|[from] brn\n|upkeep\n|turn|17\n|\n|t:|1732983418\n|move|p1a: Dunsparce|Roost|p1a: Dunsparce\n|-heal|p1a: Dunsparce|242/312 brn\n|-singleturn|p1a: Dunsparce|move: Roost\n|move|p2a: Porygon2|Discharge|p1a: Dunsparce\n|-damage|p1a: Dunsparce|167/312 brn\n|\n|-damage|p1a: Dunsparce|148/312 brn|[from] brn\n|upkeep\n|turn|18\n|\n|t:|1732983421\n|move|p1a: Dunsparce|Coil|p1a: Dunsparce\n|-boost|p1a: Dunsparce|atk|1\n|-boost|p1a: Dunsparce|def|1\n|-boost|p1a: Dunsparce|accuracy|1\n|move|p2a: Porygon2|Discharge|p1a: Dunsparce\n|-damage|p1a: Dunsparce|82/312 brn\n|\n|-damage|p1a: Dunsparce|63/312 brn|[from] brn\n|upkeep\n|turn|19\n|\n|t:|1732983424\n|move|p1a: Dunsparce|Roost|p1a: Dunsparce\n|-heal|p1a: Dunsparce|219/312 brn\n|-singleturn|p1a: Dunsparce|move: Roost\n|move|p2a: Porygon2|Discharge|p1a: Dunsparce\n|-damage|p1a: Dunsparce|152/312 brn\n|\n|-damage|p1a: Dunsparce|133/312 brn|[from] brn\n|upkeep\n|turn|20\n|\n|t:|1732983429\n|move|p1a: Dunsparce|Roost|p1a: Dunsparce\n|-heal|p1a: Dunsparce|289/312 brn\n|-singleturn|p1a: Dunsparce|move: Roost\n|move|p2a: Porygon2|Discharge|p1a: Dunsparce\n|-damage|p1a: Dunsparce|213/312 brn\n|\n|-damage|p1a: Dunsparce|194/312 brn|[from] brn\n|upkeep\n|turn|21\n|\n|t:|1732983432\n|move|p1a: Dunsparce|Body Slam|p2a: Porygon2\n|-damage|p2a: Porygon2|200/274 par\n|move|p2a: Porygon2|Discharge|p1a: Dunsparce\n|-damage|p1a: Dunsparce|126/312 brn\n|\n|-damage|p1a: Dunsparce|107/312 brn|[from] brn\n|upkeep\n|turn|22\n|\n|t:|1732983435\n|move|p1a: Dunsparce|Body Slam|p2a: Porygon2\n|-damage|p2a: Porygon2|131/274 par\n|move|p2a: Porygon2|Discharge|p1a: Dunsparce\n|-damage|p1a: Dunsparce|35/312 brn\n|\n|-damage|p1a: Dunsparce|16/312 brn|[from] brn\n|upkeep\n|turn|23\n|\n|t:|1732983439\n|move|p1a: Dunsparce|Body Slam|p2a: Porygon2\n|-damage|p2a: Porygon2|53/274 par\n|move|p2a: Porygon2|Recover|p2a: Porygon2\n|-heal|p2a: Porygon2|190/274 par\n|\n|-damage|p1a: Dunsparce|0 fnt|[from] brn\n|faint|p1a: Dunsparce\n|upkeep\n|c|\u2606abcxxx|no  plz\uff1f\n|\n|t:|1732983458\n|switch|p1a: Kommo-o|Kommo-o, L78, F|245/245\n|turn|24\n|\n|t:|1732983462\n|move|p1a: Kommo-o|Swords Dance|p1a: Kommo-o\n|-boost|p1a: Kommo-o|atk|2\n|cant|p2a: Porygon2|par\n|\n|upkeep\n|turn|25\n|c|\u2606Acaldher|what's plz?\n|\n|t:|1732983473\n|move|p1a: Kommo-o|Scale Shot|p2a: Porygon2\n|-damage|p2a: Porygon2|156/274 par\n|-damage|p2a: Porygon2|122/274 par\n|-damage|p2a: Porygon2|86/274 par\n|-damage|p2a: Porygon2|53/274 par\n|-hitcount|p2a: Porygon2|4\n|-unboost|p1a: Kommo-o|def|1\n|-boost|p1a: Kommo-o|spe|1\n|move|p2a: Porygon2|Ice Beam|p1a: Kommo-o\n|-supereffective|p1a: Kommo-o\n|-damage|p1a: Kommo-o|73/245\n|\n|upkeep\n|turn|26\n|\n|t:|1732983481\n|move|p1a: Kommo-o|Scale Shot|p2a: Porygon2\n|-damage|p2a: Porygon2|16/274 par\n|-damage|p2a: Porygon2|0 fnt\n|faint|p2a: Porygon2\n|-hitcount|p2: Porygon2|2\n|-unboost|p1a: Kommo-o|def|1\n|-boost|p1a: Kommo-o|spe|1\n|\n|upkeep\n|\n|t:|1732983485\n|switch|p2a: Gurdurr|Gurdurr, L85, F|94/283\n|turn|27\n|\n|t:|1732983490\n|switch|p1a: Oricorio|Oricorio-Sensu, L85, F|266/266\n|move|p2a: Gurdurr|Mach Punch|p1a: Oricorio\n|-immune|p1a: Oricorio\n|\n|upkeep\n|turn|28\n|\n|t:|1732983496\n|switch|p2a: Overqwil|Overqwil, L82, F|274/274\n|-ability|p2a: Overqwil|Intimidate|boost\n|-unboost|p1a: Oricorio|atk|1\n|move|p1a: Oricorio|Hurricane|p2a: Overqwil\n|-damage|p2a: Overqwil|132/274\n|\n|upkeep\n|turn|29\n|\n|t:|1732983501\n|switch|p1a: Ting-Lu|Ting-Lu, L78|241/370\n|-ability|p1a: Ting-Lu|Vessel of Ruin\n|move|p2a: Overqwil|Crunch|p1a: Ting-Lu\n|-resisted|p1a: Ting-Lu\n|-damage|p1a: Ting-Lu|196/370\n|-damage|p2a: Overqwil|105/274|[from] item: Life Orb\n|\n|-heal|p1a: Ting-Lu|219/370|[from] item: Leftovers\n|upkeep\n|turn|30\n|\n|t:|1732983504\n|move|p2a: Overqwil|Liquidation|p1a: Ting-Lu\n|-supereffective|p1a: Ting-Lu\n|-damage|p1a: Ting-Lu|81/370\n|-damage|p2a: Overqwil|78/274|[from] item: Life Orb\n|move|p1a: Ting-Lu|Stealth Rock|p2a: Overqwil\n|-sidestart|p2: Acaldher|move: Stealth Rock\n|\n|-heal|p1a: Ting-Lu|104/370|[from] item: Leftovers\n|upkeep\n|turn|31\n|\n|t:|1732983513\n|move|p2a: Overqwil|Liquidation|p1a: Ting-Lu\n|-supereffective|p1a: Ting-Lu\n|-damage|p1a: Ting-Lu|0 fnt\n|faint|p1a: Ting-Lu\n|-damage|p2a: Overqwil|51/274|[from] item: Life Orb\n|\n|upkeep\n|\n|t:|1732983520\n|switch|p1a: Oricorio|Oricorio-Sensu, L85, F|266/266\n|turn|32\n|\n|t:|1732983523\n|move|p1a: Oricorio|Hurricane|p2a: Overqwil\n|-damage|p2a: Overqwil|0 fnt\n|faint|p2a: Overqwil\n|\n|upkeep\n|\n|t:|1732983526\n|switch|p2a: Regice|Regice, L88|284/284\n|turn|33\n|\n|t:|1732983531\n|switch|p1a: Kommo-o|Kommo-o, L78, F|73/245\n|move|p2a: Regice|Ice Beam|p1a: Kommo-o\n|-supereffective|p1a: Kommo-o\n|-damage|p1a: Kommo-o|0 fnt\n|faint|p1a: Kommo-o\n|\n|upkeep\n|\n|t:|1732983534\n|switch|p1a: Oricorio|Oricorio-Sensu, L85, F|266/266\n|turn|34\n|\n|t:|1732983536\n|-terastallize|p1a: Oricorio|Fighting\n|move|p1a: Oricorio|Quiver Dance|p1a: Oricorio\n|-boost|p1a: Oricorio|spa|1\n|-boost|p1a: Oricorio|spd|1\n|-boost|p1a: Oricorio|spe|1\n|move|p2a: Regice|Ice Beam|p1a: Oricorio\n|-damage|p1a: Oricorio|176/266\n|\n|upkeep\n|turn|35\n|\n|t:|1732983544\n|-terastallize|p2a: Regice|Electric\n|move|p1a: Oricorio|Quiver Dance|p1a: Oricorio\n|-boost|p1a: Oricorio|spa|1\n|-boost|p1a: Oricorio|spd|1\n|-boost|p1a: Oricorio|spe|1\n|move|p2a: Regice|Thunderbolt|p1a: Oricorio\n|-damage|p1a: Oricorio|113/266\n|\n|upkeep\n|turn|36\n|\n|t:|1732983548\n|move|p1a: Oricorio|Roost|p1a: Oricorio\n|-heal|p1a: Oricorio|246/266\n|move|p2a: Regice|Thunderbolt|p1a: Oricorio\n|-damage|p1a: Oricorio|188/266\n|\n|upkeep\n|turn|37\n|\n|t:|1732983551\n|move|p1a: Oricorio|Quiver Dance|p1a: Oricorio\n|-boost|p1a: Oricorio|spa|1\n|-boost|p1a: Oricorio|spd|1\n|-boost|p1a: Oricorio|spe|1\n|move|p2a: Regice|Thunderbolt|p1a: Oricorio\n|-damage|p1a: Oricorio|137/266\n|\n|upkeep\n|turn|38\n|\n|t:|1732983554\n|move|p1a: Oricorio|Roost|p1a: Oricorio\n|-heal|p1a: Oricorio|266/266\n|move|p2a: Regice|Thunderbolt|p1a: Oricorio\n|-damage|p1a: Oricorio|220/266\n|\n|upkeep\n|turn|39\n|\n|t:|1732983557\n|move|p1a: Oricorio|Quiver Dance|p1a: Oricorio\n|-boost|p1a: Oricorio|spa|1\n|-boost|p1a: Oricorio|spd|1\n|-boost|p1a: Oricorio|spe|1\n|move|p2a: Regice|Thunderbolt|p1a: Oricorio\n|-damage|p1a: Oricorio|178/266\n|\n|upkeep\n|turn|40\n|\n|t:|1732983559\n|move|p1a: Oricorio|Quiver Dance|p1a: Oricorio\n|-boost|p1a: Oricorio|spa|1\n|-boost|p1a: Oricorio|spd|1\n|-boost|p1a: Oricorio|spe|1\n|move|p2a: Regice|Thunderbolt|p1a: Oricorio\n|-damage|p1a: Oricorio|141/266\n|\n|upkeep\n|turn|41\n|\n|t:|1732983561\n|move|p1a: Oricorio|Quiver Dance|p1a: Oricorio\n|-boost|p1a: Oricorio|spa|1\n|-boost|p1a: Oricorio|spd|1\n|-boost|p1a: Oricorio|spe|1\n|move|p2a: Regice|Thunderbolt|p1a: Oricorio\n|-damage|p1a: Oricorio|105/266\n|\n|upkeep\n|turn|42\n|\n|t:|1732983564\n|move|p1a: Oricorio|Roost|p1a: Oricorio\n|-heal|p1a: Oricorio|238/266\n|move|p2a: Regice|Thunderbolt|p1a: Oricorio\n|-damage|p1a: Oricorio|205/266\n|\n|upkeep\n|turn|43\n|\n|t:|1732983566\n|move|p1a: Oricorio|Revelation Dance|p2a: Regice\n|-damage|p2a: Regice|106/284\n|move|p2a: Regice|Thunderbolt|p1a: Oricorio\n|-damage|p1a: Oricorio|169/266\n|-status|p1a: Oricorio|par\n|\n|upkeep\n|turn|44\n|\n|t:|1732983571\n|move|p1a: Oricorio|Revelation Dance|p2a: Regice\n|-damage|p2a: Regice|0 fnt\n|faint|p2a: Regice\n|\n|upkeep\n|\n|t:|1732983579\n|switch|p2a: Decidueye|Decidueye, L88, M|281/281\n|turn|45\n|\n|t:|1732983583\n|move|p1a: Oricorio|Hurricane|p2a: Decidueye\n|-supereffective|p2a: Decidueye\n|-damage|p2a: Decidueye|0 fnt\n|faint|p2a: Decidueye\n|\n|upkeep\n|\n|t:|1732983586\n|switch|p2a: Victreebel|Victreebel, L90, F|290/290\n|-damage|p2a: Victreebel|254/290|[from] Stealth Rock\n|turn|46\n|\n|t:|1732983589\n|cant|p1a: Oricorio|par\n|move|p2a: Victreebel|Power Whip|p1a: Oricorio\n|-damage|p1a: Oricorio|0 fnt\n|faint|p1a: Oricorio\n|-damage|p2a: Victreebel|225/290|[from] item: Life Orb\n|\n|upkeep\n|\n|t:|1732983591\n|switch|p1a: Cinccino|Cinccino, L83, F|260/260\n|turn|47\n|\n|t:|1732983596\n|move|p2a: Victreebel|Sucker Punch|p1a: Cinccino\n|-damage|p1a: Cinccino|156/260\n|-damage|p2a: Victreebel|196/290|[from] item: Life Orb\n|move|p1a: Cinccino|Triple Axel|p2a: Victreebel\n|-supereffective|p2a: Victreebel\n|-damage|p2a: Victreebel|150/290\n|-supereffective|p2a: Victreebel\n|-damage|p2a: Victreebel|58/290\n|-supereffective|p2a: Victreebel\n|-crit|p2a: Victreebel\n|-damage|p2a: Victreebel|0 fnt\n|faint|p2a: Victreebel\n|-hitcount|p2: Victreebel|3\n|\n|upkeep\n|\n|t:|1732983601\n|switch|p2a: Gurdurr|Gurdurr, L85, F|94/283\n|-damage|p2a: Gurdurr|77/283|[from] Stealth Rock\n|turn|48\n|\n|t:|1732983607\n|move|p2a: Gurdurr|Mach Punch|p1a: Cinccino\n|-supereffective|p1a: Cinccino\n|-damage|p1a: Cinccino|30/260\n|move|p1a: Cinccino|Tail Slap|p2a: Gurdurr\n|-damage|p2a: Gurdurr|49/283\n|-damage|p2a: Gurdurr|22/283\n|-damage|p2a: Gurdurr|0 fnt\n|faint|p2a: Gurdurr\n|-hitcount|p2: Gurdurr|3\n|\n|win|abcxxx\n|raw|abcxxx's rating: 1522 &rarr; <strong>1542</strong><br />(+20 for winning)\n|raw|Acaldher's rating: 1516 &rarr; <strong>1496</strong><br />(-20 for losing)\n|c|\u2606Acaldher|gg\n|l|\u2606Acaldher\n|player|p2|\n", "inputlog": ">version b107d77f5c90bd6555267ae244a6264823309ead\n>start {\"formatid\":\"gen9randombattle\",\"seed\":[245,20861,1920,12266],\"rated\":\"Rated battle\"}\n>player p1 {\"name\":\"abcxxx\",\"avatar\":\"1\",\"rating\":1522,\"seed\":[60058,51305,52299,23343]}\n>player p2 {\"name\":\"Acaldher\",\"avatar\":\"marshal\",\"rating\":1516,\"seed\":[26575,64408,51505,40657]}\n>p1 switch 5\n>p2 move knockoff\n>p1 move earthquake\n>p2 move bulkup\n>p1 move overheat\n>p2 move drainpunch\n>p1 move earthquake\n>p2 move machpunch\n>p1 switch 3\n>p1 move hurricane\n>p2 switch 3\n>p1 switch 5\n>p2 move icebeam\n>p1 switch 4\n>p2 move icebeam\n>p1 move bodyslam\n>p2 move triattack\n>p1 move roost\n>p2 move triattack\n>p1 move coil\n>p2 move triattack\n>p1 move roost\n>p2 move triattack\n>p1 move roost\n>p2 move recover\n>p1 move coil\n>p2 move triattack\n>p1 move coil\n>p2 move triattack\n>p1 move roost\n>p2 move triattack\n>p1 move roost\n>p2 move triattack\n>p1 move roost\n>p2 move discharge\n>p1 move coil\n>p2 move discharge\n>p1 move roost\n>p2 move discharge\n>p1 move roost\n>p2 move discharge\n>p1 move bodyslam\n>p2 move discharge\n>p1 move bodyslam\n>p2 move discharge\n>p1 move bodyslam\n>p2 move recover\n>chat \u2606abcxxx|no  plz\uff1f\n>p1 switch 6\n>p1 move swordsdance\n>p2 move icebeam\n>chat \u2606Acaldher|what's plz?\n>p1 move scaleshot\n>p2 move icebeam\n>p1 move scaleshot\n>p2 move recover\n>p2 switch 3\n>p1 switch 5\n>p2 move machpunch\n>p1 move hurricane\n>p2 switch 2\n>p1 switch 4\n>p2 move crunch\n>p1 move stealthrock\n>p2 move liquidation\n>p1 move earthquake\n>p2 move liquidation\n>p1 switch 4\n>p1 move hurricane\n>p2 move crunch\n>p2 switch 6\n>p1 switch 5\n>p2 move icebeam\n>p1 switch 5\n>p1 move quiverdance terastallize\n>p2 move icebeam\n>p1 move quiverdance\n>p2 move thunderbolt terastallize\n>p1 move roost\n>p2 move thunderbolt\n>p1 move quiverdance\n>p2 move thunderbolt\n>p1 move roost\n>p2 move thunderbolt\n>p1 move quiverdance\n>p2 move thunderbolt\n>p1 move quiverdance\n>p2 move thunderbolt\n>p1 move quiverdance\n>p2 move thunderbolt\n>p1 move roost\n>p2 move thunderbolt\n>p1 move revelationdance\n>p2 move thunderbolt\n>p1 move revelationdance\n>p2 move thunderbolt\n>p2 switch 5\n>p1 move hurricane\n>p2 move spiritshackle\n>p2 switch 4\n>p1 move hurricane\n>p2 move powerwhip\n>p1 switch 2\n>p1 move tripleaxel\n>p2 move suckerpunch\n>p2 switch 2\n>p1 move tailslap\n>p2 move machpunch", "uploadtime": 1732983619, "views": 2, "formatid": "gen9randombattle", "rating": 1496, "private": 0, "password": null}