{"id": "gen9randombattle-2254105249", "format": "[Gen 9] Random Battle", "players": ["xander073", "Nuzleafwarrior7778"], "log": "|j|\u2606xander073\n|j|\u2606Nuzleafwarrior7778\n|t:|1732991879\n|gametype|singles\n|player|p1|xander073|gladion-stance|\n|player|p2|Nuzleafwarrior7778|chili|\n|teamsize|p1|6\n|teamsize|p2|6\n|gen|9\n|tier|[Gen 9] Random Battle\n|rule|Species Clause: Limit one of each Pok\u00e9mon\n|rule|HP Percentage Mod: HP is shown in percentages\n|rule|Sleep Clause Mod: Limit one foe put to sleep\n|rule|Illusion Level Mod: Illusion disguises the Pok\u00e9mon's true level\n|rule|Scalemons Mod: Every Pokemon's stats, barring HP, are scaled to come as close to a BST of 600 as possible\n|\n|t:|1732991879\n|start\n|switch|p1a: Porygon-Z|Porygon-Z, L83|277/277\n|switch|p2a: Swampert|Swampert, L83, F|302/302\n|-ability|p1a: Porygon-Z|Download|boost\n|-boost|p1a: Porygon-Z|spa|1\n|turn|1\n|c|\u2606xander073|glhf!\n|c|\u2606Nuzleafwarrior7778|gl\n|j| Green Croagunk\n|\n|t:|1732991903\n|switch|p1a: Espeon|Espeon, L84, F|246/246\n|switch|p2a: Flutter Mane|Flutter Mane, L74|203/203\n|\n|upkeep\n|turn|2\n|c| Green Croagunk|ok nog zo'n match Xander en dan zitten we goed\n|c| Green Croagunk|pak hem\n|\n|t:|1732991924\n|switch|p1a: Tauros|Tauros, L82, M|257/257\n|move|p2a: Flutter Mane|Moonblast|p1a: Tauros\n|-damage|p1a: Tauros|97/257\n|\n|upkeep\n|turn|3\n|\n|t:|1732991936\n|-end|p2a: Flutter Mane|Protosynthesis|[silent]\n|switch|p2a: Swampert|Swampert, L83, F|302/302\n|move|p1a: Tauros|Zen Headbutt|p2a: Swampert\n|-damage|p2a: Swampert|194/302\n|\n|-heal|p2a: Swampert|212/302|[from] item: Leftovers\n|upkeep\n|turn|4\n|\n|t:|1732991940\n|move|p1a: Tauros|Body Slam|p2a: Swampert\n|-damage|p2a: Swampert|56/302\n|move|p2a: Swampert|Flip Turn|p1a: Tauros\n|-damage|p1a: Tauros|0 fnt\n|faint|p1a: Tauros\n|\n|t:|1732991946\n|switch|p2a: Persian|Persian, L92, F|269/269|[from] Flip Turn\n|\n|upkeep\n|\n|t:|1732991949\n|switch|p1a: Mudsdale|Mudsdale, L84, F|305/305\n|turn|5\n|\n|t:|1732991969\n|switch|p2a: Lilligant|Lilligant-Hisui, L79, F|240/240\n|move|p1a: Mudsdale|Earthquake|p2a: Lilligant\n|-resisted|p2a: Lilligant\n|-damage|p2a: Lilligant|156/240\n|\n|upkeep\n|turn|6\n|j| Gangster Samurott\n|\n|t:|1732992000\n|-terastallize|p1a: Mudsdale|Fighting\n|move|p2a: Lilligant|Victory Dance|p2a: Lilligant\n|-boost|p2a: Lilligant|atk|1\n|-boost|p2a: Lilligant|def|1\n|-boost|p2a: Lilligant|spe|1\n|move|p1a: Mudsdale|Body Press|p2a: Lilligant\n|-damage|p2a: Lilligant|89/240\n|\n|upkeep\n|turn|7\n|\n|t:|1732992006\n|move|p2a: Lilligant|Sleep Powder|p1a: Mudsdale\n|-status|p1a: Mudsdale|slp|[from] move: Sleep Powder\n|cant|p1a: Mudsdale|slp\n|\n|upkeep\n|turn|8\n|\n|t:|1732992010\n|move|p2a: Lilligant|Victory Dance|p2a: Lilligant\n|-boost|p2a: Lilligant|atk|1\n|-boost|p2a: Lilligant|def|1\n|-boost|p2a: Lilligant|spe|1\n|cant|p1a: Mudsdale|slp\n|\n|upkeep\n|turn|9\n|\n|t:|1732992012\n|move|p2a: Lilligant|Victory Dance|p2a: Lilligant\n|-boost|p2a: Lilligant|atk|1\n|-boost|p2a: Lilligant|def|1\n|-boost|p2a: Lilligant|spe|1\n|-curestatus|p1a: Mudsdale|slp|[msg]\n|move|p1a: Mudsdale|Body Press|p2a: Lilligant\n|-damage|p2a: Lilligant|46/240\n|\n|upkeep\n|turn|10\n|\n|t:|1732992016\n|move|p2a: Lilligant|Close Combat|p1a: Mudsdale|[miss]\n|-miss|p2a: Lilligant|p1a: Mudsdale\n|move|p1a: Mudsdale|Body Press|p2a: Lilligant\n|-damage|p2a: Lilligant|1/240\n|\n|upkeep\n|turn|11\n|\n|t:|1732992026\n|move|p2a: Lilligant|Close Combat|p1a: Mudsdale\n|-damage|p1a: Mudsdale|0 fnt\n|-unboost|p2a: Lilligant|def|1\n|-unboost|p2a: Lilligant|spd|1\n|faint|p1a: Mudsdale\n|-damage|p2a: Lilligant|0 fnt|[from] item: Life Orb\n|faint|p2a: Lilligant\n|\n|upkeep\n|c|\u2606Nuzleafwarrior7778|het zit niet mee\n|\n|t:|1732992034\n|switch|p2a: Persian|Persian, L92, F|269/269\n|switch|p1a: Floatzel|Floatzel, L85, F|283/283\n|turn|12\n|c| Green Croagunk|rip Juan\n|\n|t:|1732992038\n|switch|p1a: Spectrier|Spectrier, L75|274/274\n|move|p2a: Persian|Fake Out|p1a: Spectrier\n|-immune|p1a: Spectrier\n|\n|upkeep\n|turn|13\n|c|\u2606xander073|nog een juan\n|c| Green Croagunk|Juan of the Dead\n|\n|t:|1732992059\n|move|p2a: Persian|Knock Off|p1a: Spectrier\n|-supereffective|p1a: Spectrier\n|-crit|p1a: Spectrier\n|-damage|p1a: Spectrier|0 fnt\n|-enditem|p1a: Spectrier|Leftovers|[from] move: Knock Off|[of] p2a: Persian\n|faint|p1a: Spectrier\n|\n|upkeep\n|c|\u2606xander073|oeps\n|\n|t:|1732992066\n|switch|p1a: Porygon-Z|Porygon-Z, L83|277/277\n|-ability|p1a: Porygon-Z|Download|boost\n|-boost|p1a: Porygon-Z|atk|1\n|turn|14\n|c| Green Croagunk|rip Juan of the Dead\n|\n|t:|1732992078\n|move|p2a: Persian|U-turn|p1a: Porygon-Z\n|-damage|p1a: Porygon-Z|211/277\n|c| Green Croagunk|niet vergeten dat het scalemons is he\n|\n|t:|1732992082\n|switch|p2a: Swampert|Swampert, L83, F|56/302|[from] U-turn\n|move|p1a: Porygon-Z|Tri Attack|p2a: Swampert\n|-damage|p2a: Swampert|0 fnt\n|faint|p2a: Swampert\n|-damage|p1a: Porygon-Z|184/277|[from] item: Life Orb\n|\n|upkeep\n|\n|t:|1732992085\n|switch|p2a: Persian|Persian, L92, F|269/269\n|turn|15\n|\n|t:|1732992098\n|-terastallize|p2a: Persian|Normal\n|move|p2a: Persian|Fake Out|p1a: Porygon-Z\n|-damage|p1a: Porygon-Z|54/277\n|cant|p1a: Porygon-Z|flinch\n|\n|upkeep\n|turn|16\n|c| Green Croagunk|ik denk niet dat de speed die aangegeven staat daarvoor is aangepast\n|c| Green Croagunk|maar scaled persian is moker snel\n|\n|t:|1732992108\n|move|p2a: Persian|Double-Edge|p1a: Porygon-Z\n|-damage|p1a: Porygon-Z|0 fnt\n|faint|p1a: Porygon-Z\n|-damage|p2a: Persian|251/269|[from] Recoil\n|\n|upkeep\n|c|\u2606xander073|staat aangegeven\n|\n|t:|1732992116\n|switch|p1a: Floatzel|Floatzel, L85, F|283/283\n|turn|17\n|\n|t:|1732992124\n|move|p2a: Persian|U-turn|p1a: Floatzel\n|-damage|p1a: Floatzel|216/283\n|\n|t:|1732992128\n|switch|p2a: Armarouge|Armarouge, L80, M|267/267|[from] U-turn\n|move|p1a: Floatzel|Wave Crash|p2a: Armarouge\n|-supereffective|p2a: Armarouge\n|-damage|p2a: Armarouge|7/267\n|-ability|p2a: Armarouge|Weak Armor|boost\n|-unboost|p2a: Armarouge|def|1\n|-boost|p2a: Armarouge|spe|2\n|-damage|p1a: Floatzel|130/283|[from] Recoil\n|\n|-heal|p1a: Floatzel|147/283|[from] item: Leftovers\n|upkeep\n|turn|18\n|\n|t:|1732992136\n|move|p2a: Armarouge|Meteor Beam||[still]\n|-prepare|p2a: Armarouge|Meteor Beam\n|-boost|p2a: Armarouge|spa|1\n|-enditem|p2a: Armarouge|Power Herb\n|-anim|p2a: Armarouge|Meteor Beam|p1a: Floatzel\n|-damage|p1a: Floatzel|0 fnt\n|faint|p1a: Floatzel\n|\n|upkeep\n|c|\u2606xander073|gg\n|\n|t:|1732992140\n|switch|p1a: Espeon|Espeon, L84, F|246/246\n|turn|19\n|\n|t:|1732992145\n|move|p2a: Armarouge|Armor Cannon|p1a: Espeon\n|-damage|p1a: Espeon|27/246\n|-unboost|p2a: Armarouge|def|1\n|-unboost|p2a: Armarouge|spd|1\n|move|p1a: Espeon|Psyshock|p2a: Armarouge\n|-resisted|p2a: Armarouge\n|-damage|p2a: Armarouge|0 fnt\n|faint|p2a: Armarouge\n|-damage|p1a: Espeon|3/246|[from] item: Life Orb\n|\n|upkeep\n|c|\u2606Nuzleafwarrior7778|gg\n|\n|t:|1732992149\n|switch|p2a: Persian|Persian, L92, F, tera:Normal|251/269\n|turn|20\n|\n|t:|1732992151\n|move|p2a: Persian|Fake Out|p1a: Espeon\n|-damage|p1a: Espeon|0 fnt\n|faint|p1a: Espeon\n|\n|win|Nuzleafwarrior7778\n|c| Gangster Samurott|wie had g1?\n|c|\u2606Nuzleafwarrior7778|xander\n|j| Frank1997\n|l| Frank1997\n", "inputlog": ">version b107d77f5c90bd6555267ae244a6264823309ead\n>start {\"formatid\":\"gen9randombattle@@@scalemons mod\",\"seed\":[39055,43719,58275,39309]}\n>player p1 {\"name\":\"xander073\",\"avatar\":\"gladion-stance\",\"rating\":0,\"seed\":[20827,9953,38402,17278]}\n>player p2 {\"name\":\"Nuzleafwarrior7778\",\"avatar\":\"chili\",\"rating\":0,\"seed\":[24851,8739,8472,42746]}\n>chat \u2606xander073|glhf!\n>chat \u2606Nuzleafwarrior7778|gl\n>p1 switch 5\n>p2 switch 3\n>chat  Green Croagunk|ok nog zo'n match Xander en dan zitten we goed\n>chat  Green Croagunk|pak hem\n>p1 switch 3\n>p2 move moonblast\n>p1 move zenheadbutt\n>p2 switch 3\n>p1 move bodyslam\n>p2 move flipturn\n>p2 switch 6\n>p1 switch 4\n>p1 move earthquake\n>p2 switch 2\n>p1 move bodypress terastallize\n>p2 move victorydance\n>p1 move bodypress\n>p2 move sleeppowder\n>p1 move bodypress\n>p2 move victorydance\n>p1 move bodypress\n>p2 move victorydance\n>p1 move bodypress\n>p2 move closecombat\n>p1 move bodypress\n>p2 move closecombat\n>chat \u2606Nuzleafwarrior7778|het zit niet mee\n>p1 switch 2\n>p2 switch 2\n>chat  Green Croagunk|rip Juan\n>p1 switch 6\n>p2 move fakeout\n>chat \u2606xander073|nog een juan\n>chat  Green Croagunk|Juan of the Dead\n>p1 move substitute\n>p2 move knockoff\n>chat \u2606xander073|oeps\n>p1 switch 5\n>chat  Green Croagunk|rip Juan of the Dead\n>p1 move triattack\n>p2 move uturn\n>chat  Green Croagunk|niet vergeten dat het scalemons is he\n>p2 switch 6\n>p2 switch 6\n>p1 move triattack\n>p2 move fakeout terastallize\n>chat  Green Croagunk|ik denk niet dat de speed die aangegeven staat daarvoor is aangepast\n>chat  Green Croagunk|maar scaled persian is moker snel\n>p1 move triattack\n>p2 move doubleedge\n>chat \u2606xander073|staat aangegeven\n>p1 switch 6\n>p1 move wavecrash\n>p2 move uturn\n>p2 switch 5\n>p1 move wavecrash\n>p2 move meteorbeam\n>chat \u2606xander073|gg\n>p1 switch 3\n>p1 move psyshock\n>p2 move armorcannon\n>chat \u2606Nuzleafwarrior7778|gg\n>p2 switch 5\n>p1 move psyshock\n>p2 move fakeout", "uploadtime": 1732992420, "views": 3, "formatid": "gen9randombattle", "rating": null, "private": 0, "password": null}