{"id": "gen9randombattle-2253839131", "format": "[Gen 9] Random Battle", "players": ["Cryushu123", "cactusxjack"], "log": "|j|\u2606Cryushu123\n|j|\u2606cactusxjack\n|t:|1732946545\n|gametype|singles\n|player|p1|Cryushu123|266|1337\n|player|p2|cactusxjack|102|1348\n|teamsize|p1|6\n|teamsize|p2|6\n|gen|9\n|tier|[Gen 9] Random Battle\n|rated|\n|rule|Species Clause: Limit one of each Pok\u00e9mon\n|rule|HP Percentage Mod: HP is shown in percentages\n|rule|Sleep Clause Mod: Limit one foe put to sleep\n|rule|Illusion Level Mod: Illusion disguises the Pok\u00e9mon's true level\n|\n|t:|1732946545\n|start\n|switch|p1a: Mabosstiff|Mabosstiff, L86, F|278/278\n|switch|p2a: Virizion|Virizion, L82|283/283\n|turn|1\n|\n|t:|1732946555\n|-terastallize|p1a: Mabosstiff|Fairy\n|move|p1a: Mabosstiff|Play Rough|p2a: Virizion|[miss]\n|-miss|p1a: Mabosstiff|p2a: Virizion\n|move|p2a: Virizion|Swords Dance|p2a: Virizion\n|-boost|p2a: Virizion|atk|2\n|\n|upkeep\n|turn|2\n|\n|t:|1732946562\n|-terastallize|p2a: Virizion|Rock\n|move|p1a: Mabosstiff|Play Rough|p2a: Virizion\n|-damage|p2a: Virizion|142/283\n|move|p2a: Virizion|Stone Edge|p1a: Mabosstiff\n|-damage|p1a: Mabosstiff|25/278\n|-damage|p2a: Virizion|114/283|[from] item: Life Orb\n|\n|upkeep\n|turn|3\n|\n|t:|1732946578\n|switch|p2a: Coalossal|Coalossal, L89, M|341/341\n|move|p1a: Mabosstiff|Play Rough|p2a: Coalossal\n|-resisted|p2a: Coalossal\n|-damage|p2a: Coalossal|246/341\n|\n|upkeep\n|turn|4\n|\n|t:|1732946590\n|switch|p1a: Great Tusk|Great Tusk, L77|304/304\n|move|p2a: Coalossal|Spikes|p1a: Great Tusk\n|-sidestart|p1: Cryushu123|Spikes\n|\n|upkeep\n|turn|5\n|\n|t:|1732946603\n|move|p1a: Great Tusk|Rapid Spin|p2a: Coalossal\n|-resisted|p2a: Coalossal\n|-damage|p2a: Coalossal|233/341\n|-boost|p1a: Great Tusk|spe|1\n|-status|p1a: Great Tusk|brn|[from] ability: Flame Body|[of] p2a: Coalossal\n|-sideend|p1: Cryushu123|Spikes|[from] move: Rapid Spin|[of] p1a: Great Tusk\n|move|p2a: Coalossal|Spikes|p1a: Great Tusk\n|-sidestart|p1: Cryushu123|Spikes\n|\n|-damage|p1a: Great Tusk|285/304 brn|[from] brn\n|upkeep\n|turn|6\n|\n|t:|1732946632\n|switch|p2a: Kilowattrel|Kilowattrel, L83, M|252/252\n|move|p1a: Great Tusk|Headlong Rush|p2a: Kilowattrel\n|-immune|p2a: Kilowattrel\n|\n|-damage|p1a: Great Tusk|266/304 brn|[from] brn\n|upkeep\n|turn|7\n|inactive|Battle timer is ON: inactive players will automatically lose when time's up. (requested by cactusxjack)\n|\n|t:|1732946657\n|-end|p1a: Great Tusk|Protosynthesis|[silent]\n|switch|p1a: Sylveon|Sylveon, L85, F|300/300\n|-damage|p1a: Sylveon|263/300|[from] Spikes\n|move|p2a: Kilowattrel|Hurricane|p1a: Sylveon\n|-damage|p1a: Sylveon|179/300\n|\n|-heal|p1a: Sylveon|197/300|[from] item: Leftovers\n|upkeep\n|turn|8\n|inactive|cactusxjack has 120 seconds left.\n|inactive|cactusxjack has 90 seconds left.\n|\n|t:|1732946724\n|move|p2a: Kilowattrel|Thunder Wave|p1a: Sylveon\n|-status|p1a: Sylveon|par\n|move|p1a: Sylveon|Calm Mind|p1a: Sylveon\n|-boost|p1a: Sylveon|spa|1\n|-boost|p1a: Sylveon|spd|1\n|\n|-heal|p1a: Sylveon|215/300 par|[from] item: Leftovers\n|upkeep\n|turn|9\n|inactive|cactusxjack has 90 seconds left.\n|\n|t:|1732946749\n|move|p2a: Kilowattrel|U-turn|p1a: Sylveon\n|-resisted|p1a: Sylveon\n|-damage|p1a: Sylveon|192/300 par\n|inactive|cactusxjack has 90 seconds left.\n|\n|t:|1732946783\n|switch|p2a: Ariados|Ariados, L95, M|287/287|[from] U-turn\n|move|p1a: Sylveon|Hyper Voice|p2a: Ariados\n|-resisted|p2a: Ariados\n|-damage|p2a: Ariados|191/287\n|\n|-heal|p1a: Sylveon|210/300 par|[from] item: Leftovers\n|upkeep\n|turn|10\n|inactive|cactusxjack has 60 seconds left.\n|\n|t:|1732946800\n|switch|p1a: Seviper|Seviper, L93, M|287/287\n|-damage|p1a: Seviper|252/287|[from] Spikes\n|move|p2a: Ariados|Sticky Web|p1a: Seviper\n|-sidestart|p1: Cryushu123|move: Sticky Web\n|\n|-heal|p1a: Seviper|269/287|[from] item: Leftovers\n|upkeep\n|turn|11\n|inactive|cactusxjack has 60 seconds left.\n|\n|t:|1732946811\n|switch|p2a: Coalossal|Coalossal, L89, M|233/341\n|move|p1a: Seviper|Swords Dance|p1a: Seviper\n|-boost|p1a: Seviper|atk|2\n|\n|-heal|p1a: Seviper|286/287|[from] item: Leftovers\n|upkeep\n|turn|12\n|\n|t:|1732946820\n|move|p1a: Seviper|Earthquake|p2a: Coalossal\n|-supereffective|p2a: Coalossal\n|-damage|p2a: Coalossal|0 fnt\n|faint|p2a: Coalossal\n|\n|-heal|p1a: Seviper|287/287|[from] item: Leftovers\n|upkeep\n|\n|t:|1732946829\n|switch|p2a: Falinks|Falinks, L84|246/246\n|turn|13\n|\n|t:|1732946834\n|move|p1a: Seviper|Trailblaze|p2a: Falinks\n|-crit|p2a: Falinks\n|-damage|p2a: Falinks|125/246\n|-boost|p1a: Seviper|spe|1\n|move|p2a: Falinks|No Retreat|p2a: Falinks\n|-boost|p2a: Falinks|atk|1\n|-boost|p2a: Falinks|def|1\n|-boost|p2a: Falinks|spa|1\n|-boost|p2a: Falinks|spd|1\n|-boost|p2a: Falinks|spe|1\n|-start|p2a: Falinks|move: No Retreat\n|\n|upkeep\n|turn|14\n|\n|t:|1732946846\n|move|p2a: Falinks|Knock Off|p1a: Seviper\n|-damage|p1a: Seviper|132/287\n|-enditem|p1a: Seviper|Leftovers|[from] move: Knock Off|[of] p2a: Falinks\n|-damage|p2a: Falinks|101/246|[from] item: Life Orb\n|move|p1a: Seviper|Gunk Shot|p2a: Falinks\n|-damage|p2a: Falinks|0 fnt\n|faint|p2a: Falinks\n|\n|upkeep\n|inactive|cactusxjack has 60 seconds left.\n|\n|t:|1732946867\n|switch|p2a: Kilowattrel|Kilowattrel, L83, M|252/252\n|turn|15\n|\n|t:|1732946871\n|move|p1a: Seviper|Gunk Shot|p2a: Kilowattrel\n|-damage|p2a: Kilowattrel|0 fnt\n|faint|p2a: Kilowattrel\n|\n|upkeep\n|\n|t:|1732946879\n|switch|p2a: Virizion|Virizion, L82, tera:Rock|114/283\n|turn|16\n|\n|t:|1732946881\n|move|p1a: Seviper|Earthquake|p2a: Virizion\n|-supereffective|p2a: Virizion\n|-damage|p2a: Virizion|0 fnt\n|faint|p2a: Virizion\n|\n|upkeep\n|\n|t:|1732946898\n|switch|p2a: Comfey|Comfey, L85, M|225/225\n|turn|17\n|-message|cactusxjack forfeited.\n|\n|win|Cryushu123\n|raw|Cryushu123's rating: 1337 &rarr; <strong>1358</strong><br />(+21 for winning)\n|raw|cactusxjack's rating: 1348 &rarr; <strong>1327</strong><br />(-21 for losing)\n|l|\u2606cactusxjack\n|player|p2|\n", "inputlog": ">version b107d77f5c90bd6555267ae244a6264823309ead\n>start {\"formatid\":\"gen9randombattle\",\"seed\":[36011,64128,63651,7642],\"rated\":\"Rated battle\"}\n>player p1 {\"name\":\"Cryushu123\",\"avatar\":\"266\",\"rating\":1337,\"seed\":[30962,47800,11370,12522]}\n>player p2 {\"name\":\"cactusxjack\",\"avatar\":\"102\",\"rating\":1348,\"seed\":[10358,17968,57537,35223]}\n>p1 move playrough terastallize\n>p2 move swordsdance\n>p1 move playrough\n>p2 move stoneedge terastallize\n>p1 move playrough\n>p2 switch 5\n>p1 switch 5\n>p2 move spikes\n>p1 move rapidspin\n>p2 move spikes\n>p1 move headlongrush\n>p2 switch 3\n>p1 switch 6\n>p2 move hurricane\n>p1 move calmmind\n>p2 move thunderwave\n>p1 move hypervoice\n>p2 move uturn\n>p2 switch 6\n>p1 switch 3\n>p2 move stickyweb\n>p1 move swordsdance\n>p2 switch 3\n>p1 move earthquake\n>p2 move spikes\n>p2 switch 4\n>p1 move trailblaze\n>p2 move noretreat\n>p1 move gunkshot\n>p2 move knockoff\n>p2 switch 6\n>p1 move gunkshot\n>p2 move thunderwave\n>p2 switch 5\n>p1 move earthquake\n>p2 move stoneedge\n>p2 switch 2\n>forcelose p2", "uploadtime": 1732946904, "views": 14, "formatid": "gen9randombattle", "rating": 1327, "private": 0, "password": null}