{"id": "gen9randombattle-2253996164", "format": "[Gen 9] Random Battle", "players": ["Micciu", "paysa"], "log": "|badge|p2|silver|gen9randombattle|30-3\n|uhtml|medal-msg|<div class=\"broadcast-blue\">Curious what those medals under the avatar are? PS now has Ladder Seasons! For more information, check out the <a href=\"https://www.smogon.com/forums/threads/3740067/\">thread on Smogon.</a></div>\n|j|\u2606Micciu\n|j|\u2606paysa\n|t:|1732977517\n|gametype|singles\n|player|p1|Micciu|#pmpliidachsbuns|2267\n|player|p2|paysa|101|2440\n|teamsize|p1|6\n|teamsize|p2|6\n|gen|9\n|tier|[Gen 9] Random Battle\n|rated|\n|rule|Species Clause: Limit one of each Pok\u00e9mon\n|rule|HP Percentage Mod: HP is shown in percentages\n|rule|Sleep Clause Mod: Limit one foe put to sleep\n|rule|Illusion Level Mod: Illusion disguises the Pok\u00e9mon's true level\n|\n|t:|1732977517\n|start\n|switch|p1a: Keldeo|Keldeo-Resolute, L79|273/273\n|switch|p2a: Brambleghast|Brambleghast, L88, F|240/240\n|turn|1\n|inactive|Battle timer is ON: inactive players will automatically lose when time's up. (requested by paysa)\n|\n|t:|1732977531\n|switch|p1a: Wo-Chien|Wo-Chien, L83|277/277\n|-ability|p1a: Wo-Chien|Tablets of Ruin\n|move|p2a: Brambleghast|Power Whip|p1a: Wo-Chien\n|-resisted|p1a: Wo-Chien\n|-crit|p1a: Wo-Chien\n|-damage|p1a: Wo-Chien|199/277\n|\n|-heal|p1a: Wo-Chien|216/277|[from] item: Leftovers\n|upkeep\n|turn|2\n|\n|t:|1732977546\n|switch|p2a: Incineroar|Incineroar, L82, M|290/290\n|-ability|p2a: Incineroar|Intimidate|boost\n|-unboost|p1a: Wo-Chien|atk|1\n|move|p1a: Wo-Chien|Knock Off|p2a: Incineroar\n|-resisted|p2a: Incineroar\n|-damage|p2a: Incineroar|260/290\n|-enditem|p2a: Incineroar|Heavy-Duty Boots|[from] move: Knock Off|[of] p1a: Wo-Chien\n|\n|-heal|p1a: Wo-Chien|233/277|[from] item: Leftovers\n|upkeep\n|turn|3\n|\n|t:|1732977552\n|move|p1a: Wo-Chien|Protect|p1a: Wo-Chien\n|-singleturn|p1a: Wo-Chien|Protect\n|move|p2a: Incineroar|Knock Off|p1a: Wo-Chien\n|-activate|p1a: Wo-Chien|move: Protect\n|\n|-heal|p1a: Wo-Chien|250/277|[from] item: Leftovers\n|upkeep\n|turn|4\n|\n|t:|1732977558\n|switch|p1a: Umbreon|Umbreon, L84, M|297/297\n|move|p2a: Incineroar|Knock Off|p1a: Umbreon\n|-resisted|p1a: Umbreon\n|-damage|p1a: Umbreon|248/297\n|-enditem|p1a: Umbreon|Leftovers|[from] move: Knock Off|[of] p2a: Incineroar\n|\n|upkeep\n|turn|5\n|\n|t:|1732977563\n|switch|p2a: Conkeldurr|Conkeldurr, L80, M|299/299\n|move|p1a: Umbreon|Toxic|p2a: Conkeldurr\n|-status|p2a: Conkeldurr|tox\n|\n|-damage|p2a: Conkeldurr|281/299 tox|[from] psn\n|upkeep\n|turn|6\n|\n|t:|1732977569\n|move|p1a: Umbreon|Protect|p1a: Umbreon\n|-singleturn|p1a: Umbreon|Protect\n|move|p2a: Conkeldurr|Close Combat|p1a: Umbreon\n|-activate|p1a: Umbreon|move: Protect\n|\n|-damage|p2a: Conkeldurr|245/299 tox|[from] psn\n|upkeep\n|turn|7\n|\n|t:|1732977580\n|switch|p1a: Kilowattrel|Kilowattrel, L83, M|252/252\n|move|p2a: Conkeldurr|Close Combat|p1a: Kilowattrel\n|-resisted|p1a: Kilowattrel\n|-damage|p1a: Kilowattrel|102/252\n|-unboost|p2a: Conkeldurr|def|1\n|-unboost|p2a: Conkeldurr|spd|1\n|\n|-damage|p2a: Conkeldurr|191/299 tox|[from] psn\n|upkeep\n|turn|8\n|\n|t:|1732977587\n|switch|p2a: Brambleghast|Brambleghast, L88, F|240/240\n|move|p1a: Kilowattrel|U-turn|p2a: Brambleghast\n|-damage|p2a: Brambleghast|196/240\n|\n|t:|1732977590\n|switch|p1a: Wo-Chien|Wo-Chien, L83|250/277|[from] U-turn\n|-ability|p1a: Wo-Chien|Tablets of Ruin\n|\n|-heal|p1a: Wo-Chien|267/277|[from] item: Leftovers\n|upkeep\n|turn|9\n|\n|t:|1732977596\n|switch|p2a: Incineroar|Incineroar, L82, M|260/290\n|-ability|p2a: Incineroar|Intimidate|boost\n|-unboost|p1a: Wo-Chien|atk|1\n|move|p1a: Wo-Chien|Leech Seed|p2a: Incineroar|[miss]\n|-miss|p1a: Wo-Chien|p2a: Incineroar\n|\n|-heal|p1a: Wo-Chien|277/277|[from] item: Leftovers\n|upkeep\n|turn|10\n|\n|t:|1732977604\n|switch|p1a: Umbreon|Umbreon, L84, M|248/297\n|move|p2a: Incineroar|Swords Dance|p2a: Incineroar\n|-boost|p2a: Incineroar|atk|2\n|\n|upkeep\n|turn|11\n|\n|t:|1732977611\n|move|p1a: Umbreon|Toxic|p2a: Incineroar\n|-status|p2a: Incineroar|tox\n|move|p2a: Incineroar|Flare Blitz|p1a: Umbreon\n|-damage|p1a: Umbreon|37/297\n|-damage|p2a: Incineroar|190/290 tox|[from] Recoil\n|\n|-damage|p2a: Incineroar|172/290 tox|[from] psn\n|upkeep\n|turn|12\n|\n|t:|1732977617\n|move|p1a: Umbreon|Protect|p1a: Umbreon\n|-singleturn|p1a: Umbreon|Protect\n|move|p2a: Incineroar|Flare Blitz|p1a: Umbreon\n|-activate|p1a: Umbreon|move: Protect\n|\n|-damage|p2a: Incineroar|136/290 tox|[from] psn\n|upkeep\n|turn|13\n|\n|t:|1732977621\n|move|p1a: Umbreon|Foul Play|p2a: Incineroar\n|-resisted|p2a: Incineroar\n|-damage|p2a: Incineroar|30/290 tox\n|move|p2a: Incineroar|Knock Off|p1a: Umbreon\n|-resisted|p1a: Umbreon\n|-damage|p1a: Umbreon|0 fnt\n|faint|p1a: Umbreon\n|\n|-damage|p2a: Incineroar|0 fnt|[from] psn\n|faint|p2a: Incineroar\n|upkeep\n|\n|t:|1732977630\n|switch|p1a: Kilowattrel|Kilowattrel, L83, M|102/252\n|switch|p2a: Cetitan|Cetitan, L82, F|412/412\n|turn|14\n|\n|t:|1732977639\n|move|p2a: Cetitan|Ice Shard|p1a: Kilowattrel\n|-supereffective|p1a: Kilowattrel\n|-damage|p1a: Kilowattrel|0 fnt\n|faint|p1a: Kilowattrel\n|\n|upkeep\n|\n|t:|1732977645\n|switch|p1a: Keldeo|Keldeo-Resolute, L79|273/273\n|turn|15\n|\n|t:|1732977660\n|switch|p2a: Conkeldurr|Conkeldurr, L80, M|191/299 tox\n|move|p1a: Keldeo|Hydro Pump|p2a: Conkeldurr\n|-damage|p2a: Conkeldurr|14/299 tox\n|\n|-damage|p2a: Conkeldurr|0 fnt|[from] psn\n|faint|p2a: Conkeldurr\n|upkeep\n|\n|t:|1732977677\n|switch|p2a: Lilligant|Lilligant, L86, F|261/261\n|turn|16\n|\n|t:|1732977698\n|switch|p1a: Salazzle|Salazzle, L83, F|249/249\n|move|p2a: Lilligant|Quiver Dance|p2a: Lilligant\n|-boost|p2a: Lilligant|spa|1\n|-boost|p2a: Lilligant|spd|1\n|-boost|p2a: Lilligant|spe|1\n|\n|upkeep\n|turn|17\n|\n|t:|1732977712\n|move|p2a: Lilligant|Sleep Powder|p1a: Salazzle\n|-status|p1a: Salazzle|slp|[from] move: Sleep Powder\n|cant|p1a: Salazzle|slp\n|\n|upkeep\n|turn|18\n|inactive|paysa has 120 seconds left.\n|\n|t:|1732977749\n|move|p2a: Lilligant|Petal Dance|p1a: Salazzle\n|-resisted|p1a: Salazzle\n|-damage|p1a: Salazzle|159/249 slp\n|-damage|p2a: Lilligant|235/261|[from] item: Life Orb\n|cant|p1a: Salazzle|slp\n|\n|-heal|p1a: Salazzle|174/249 slp|[from] item: Leftovers\n|upkeep\n|turn|19\n|\n|t:|1732977754\n|move|p2a: Lilligant|Petal Dance|p1a: Salazzle|[from]lockedmove\n|-resisted|p1a: Salazzle\n|-damage|p1a: Salazzle|84/249 slp\n|-damage|p2a: Lilligant|209/261|[from] item: Life Orb\n|-curestatus|p1a: Salazzle|slp|[msg]\n|move|p1a: Salazzle|Toxic|p2a: Lilligant\n|-status|p2a: Lilligant|tox\n|\n|-heal|p1a: Salazzle|99/249|[from] item: Leftovers\n|-damage|p2a: Lilligant|193/261 tox|[from] psn\n|upkeep\n|turn|20\n|\n|t:|1732977760\n|move|p1a: Salazzle|Protect|p1a: Salazzle\n|-singleturn|p1a: Salazzle|Protect\n|move|p2a: Lilligant|Quiver Dance|p2a: Lilligant\n|-boost|p2a: Lilligant|spa|1\n|-boost|p2a: Lilligant|spd|1\n|-boost|p2a: Lilligant|spe|1\n|\n|-heal|p1a: Salazzle|114/249|[from] item: Leftovers\n|-damage|p2a: Lilligant|161/261 tox|[from] psn\n|upkeep\n|turn|21\n|\n|t:|1732977771\n|move|p2a: Lilligant|Petal Dance|p1a: Salazzle\n|-resisted|p1a: Salazzle\n|-damage|p1a: Salazzle|0 fnt\n|faint|p1a: Salazzle\n|-damage|p2a: Lilligant|135/261 tox|[from] item: Life Orb\n|\n|-damage|p2a: Lilligant|87/261 tox|[from] psn\n|upkeep\n|\n|t:|1732977775\n|switch|p1a: Abomasnow|Abomasnow, L85, M|291/291\n|-weather|Snow|[from] ability: Snow Warning|[of] p1a: Abomasnow\n|turn|22\n|\n|t:|1732977780\n|move|p1a: Abomasnow|Ice Shard|p2a: Lilligant\n|-supereffective|p2a: Lilligant\n|-damage|p2a: Lilligant|0 fnt\n|faint|p2a: Lilligant\n|\n|-weather|Snow|[upkeep]\n|upkeep\n|inactive|paysa has 120 seconds left.\n|\n|t:|1732977827\n|switch|p2a: Cetitan|Cetitan, L82, F|412/412\n|turn|23\n|\n|t:|1732977832\n|move|p2a: Cetitan|Belly Drum|p2a: Cetitan\n|-damage|p2a: Cetitan|206/412\n|-setboost|p2a: Cetitan|atk|6|[from] move: Belly Drum\n|-enditem|p2a: Cetitan|Sitrus Berry|[eat]\n|-heal|p2a: Cetitan|309/412|[from] item: Sitrus Berry\n|move|p1a: Abomasnow|Aurora Veil|p1a: Abomasnow\n|-sidestart|p1: Micciu|move: Aurora Veil\n|\n|-weather|Snow|[upkeep]\n|upkeep\n|turn|24\n|inactive|paysa has 120 seconds left.\n|\n|t:|1732977844\n|switch|p1a: Keldeo|Keldeo-Resolute, L79|273/273\n|move|p2a: Cetitan|Earthquake|p1a: Keldeo\n|-damage|p1a: Keldeo|113/273\n|\n|-weather|Snow|[upkeep]\n|-heal|p1a: Keldeo|130/273|[from] item: Leftovers\n|upkeep\n|turn|25\n|inactive|paysa has 120 seconds left.\n|\n|t:|1732977854\n|move|p1a: Keldeo|Secret Sword|p2a: Cetitan\n|-supereffective|p2a: Cetitan\n|-damage|p2a: Cetitan|145/412\n|move|p2a: Cetitan|Earthquake|p1a: Keldeo\n|-damage|p1a: Keldeo|0 fnt\n|faint|p1a: Keldeo\n|\n|-weather|Snow|[upkeep]\n|upkeep\n|j| K.O.bold256\n|l| K.O.bold256\n|\n|t:|1732977869\n|switch|p1a: Wo-Chien|Wo-Chien, L83|277/277\n|-ability|p1a: Wo-Chien|Tablets of Ruin\n|turn|26\n|\n|t:|1732977874\n|-terastallize|p1a: Wo-Chien|Poison\n|move|p2a: Cetitan|Earthquake|p1a: Wo-Chien\n|-supereffective|p1a: Wo-Chien\n|-damage|p1a: Wo-Chien|70/277\n|move|p1a: Wo-Chien|Leech Seed|p2a: Cetitan\n|-start|p2a: Cetitan|move: Leech Seed\n|\n|-weather|none\n|-heal|p1a: Wo-Chien|87/277|[from] item: Leftovers\n|-damage|p2a: Cetitan|94/412|[from] Leech Seed|[of] p1a: Wo-Chien\n|-heal|p1a: Wo-Chien|138/277|[silent]\n|upkeep\n|turn|27\n|\n|t:|1732977881\n|move|p1a: Wo-Chien|Protect|p1a: Wo-Chien\n|-singleturn|p1a: Wo-Chien|Protect\n|move|p2a: Cetitan|Ice Spinner|p1a: Wo-Chien\n|-activate|p1a: Wo-Chien|move: Protect\n|\n|-heal|p1a: Wo-Chien|155/277|[from] item: Leftovers\n|-damage|p2a: Cetitan|43/412|[from] Leech Seed|[of] p1a: Wo-Chien\n|-heal|p1a: Wo-Chien|206/277|[silent]\n|upkeep\n|turn|28\n|\n|t:|1732977889\n|switch|p1a: Abomasnow|Abomasnow, L85, M|291/291\n|-weather|Snow|[from] ability: Snow Warning|[of] p1a: Abomasnow\n|move|p2a: Cetitan|Earthquake|p1a: Abomasnow\n|-resisted|p1a: Abomasnow\n|-damage|p1a: Abomasnow|233/291\n|\n|-weather|Snow|[upkeep]\n|-damage|p2a: Cetitan|0 fnt|[from] Leech Seed|[of] p1a: Abomasnow\n|-heal|p1a: Abomasnow|276/291|[silent]\n|faint|p2a: Cetitan\n|upkeep\n|\n|t:|1732977894\n|switch|p2a: Brambleghast|Brambleghast, L88, F|196/240\n|turn|29\n|\n|t:|1732977901\n|move|p2a: Brambleghast|Strength Sap|p1a: Abomasnow\n|-unboost|p1a: Abomasnow|atk|1\n|-heal|p2a: Brambleghast|240/240\n|move|p1a: Abomasnow|Blizzard|p2a: Brambleghast\n|-ability|p2a: Brambleghast|Wind Rider|boost\n|-boost|p2a: Brambleghast|atk|1\n|\n|-weather|Snow|[upkeep]\n|upkeep\n|turn|30\n|\n|t:|1732977910\n|switch|p2a: Indeedee|Indeedee, L84, M|238/238\n|-fieldstart|move: Psychic Terrain|[from] ability: Psychic Surge|[of] p2a: Indeedee\n|move|p1a: Abomasnow|Ice Shard|p2a: Indeedee\n|-activate|p2a: Indeedee|move: Psychic Terrain\n|\n|-weather|Snow|[upkeep]\n|-sideend|p1: Micciu|move: Aurora Veil\n|upkeep\n|turn|31\n|\n|t:|1732977914\n|-terastallize|p2a: Indeedee|Psychic\n|move|p2a: Indeedee|Expanding Force|p1a: Abomasnow\n|-damage|p1a: Abomasnow|0 fnt\n|faint|p1a: Abomasnow\n|-damage|p2a: Indeedee|215/238|[from] item: Life Orb\n|\n|-weather|Snow|[upkeep]\n|upkeep\n|\n|t:|1732977917\n|switch|p1a: Wo-Chien|Wo-Chien, L83, tera:Poison|206/277\n|-ability|p1a: Wo-Chien|Tablets of Ruin\n|turn|32\n|\n|t:|1732977919\n|move|p1a: Wo-Chien|Protect|p1a: Wo-Chien\n|-singleturn|p1a: Wo-Chien|Protect\n|move|p2a: Indeedee|Expanding Force|p1a: Wo-Chien\n|-activate|p1a: Wo-Chien|move: Protect\n|\n|-weather|none\n|-heal|p1a: Wo-Chien|223/277|[from] item: Leftovers\n|upkeep\n|turn|33\n|\n|t:|1732977921\n|move|p2a: Indeedee|Expanding Force|p1a: Wo-Chien\n|-supereffective|p1a: Wo-Chien\n|-damage|p1a: Wo-Chien|0 fnt\n|faint|p1a: Wo-Chien\n|-damage|p2a: Indeedee|192/238|[from] item: Life Orb\n|\n|win|paysa\n|raw|Micciu's rating: 2267 &rarr; <strong>2256</strong><br />(-11 for losing)\n|raw|paysa's rating: 2440 &rarr; <strong>2451</strong><br />(+11 for winning)\n", "inputlog": ">version b107d77f5c90bd6555267ae244a6264823309ead\n>start {\"formatid\":\"gen9randombattle\",\"seed\":[12217,40548,53314,30107],\"rated\":\"Rated battle\"}\n>player p1 {\"name\":\"Micciu\",\"avatar\":\"#pmpliidachsbuns\",\"rating\":2267,\"seed\":[46535,54608,49627,41077]}\n>player p2 {\"name\":\"paysa\",\"avatar\":\"101\",\"rating\":2440,\"seed\":[30258,53950,16634,1642]}\n>p1 switch 3\n>p2 move powerwhip\n>p1 move knockoff\n>p2 switch 3\n>p1 move protect\n>p2 move knockoff\n>p1 switch 2\n>p2 move knockoff\n>p1 move toxic\n>p2 switch 2\n>p1 move protect\n>p2 move closecombat\n>p1 switch 6\n>p2 move closecombat\n>p1 move uturn\n>p2 switch 3\n>p1 switch 2\n>p1 move leechseed\n>p2 switch 2\n>p1 switch 6\n>p2 move swordsdance\n>p1 move toxic\n>p2 move flareblitz\n>p1 move protect\n>p2 move flareblitz\n>p1 move foulplay\n>p2 move knockoff\n>p1 switch 2\n>p2 switch 6\n>p1 move uturn\n>p2 move iceshard\n>p1 switch 3\n>p1 move hydropump\n>p2 switch 3\n>p2 switch 4\n>p1 switch 5\n>p2 move quiverdance\n>p1 move toxic\n>p2 move sleeppowder\n>p1 move toxic\n>p2 move petaldance\n>p1 move toxic\n>p2 move petaldance\n>p1 move protect\n>p2 move quiverdance\n>p1 move flamethrower\n>p2 move petaldance\n>p1 switch 4\n>p1 move iceshard\n>p2 move petaldance\n>p2 switch 3\n>p1 move auroraveil\n>p2 move bellydrum\n>p1 switch 5\n>p2 move earthquake\n>p1 move secretsword\n>p2 move earthquake\n>p1 switch 6\n>p1 move leechseed terastallize\n>p2 move earthquake\n>p1 move protect\n>p2 move icespinner\n>p1 switch 5\n>p2 move earthquake\n>p2 switch 2\n>p1 move blizzard\n>p2 move strengthsap\n>p1 move iceshard\n>p2 switch 5\n>p1 move auroraveil\n>p2 move expandingforce terastallize\n>p1 switch 5\n>p1 move protect\n>p2 move expandingforce\n>p1 move knockoff\n>p2 move expandingforce", "uploadtime": 1732977922, "views": 7, "formatid": "gen9randombattle", "rating": 2256, "private": 0, "password": null}