{"id": "gen9randombattle-2254155667", "format": "[Gen 9] Random Battle", "players": ["RC100385", "Bomber7655"], "log": "|j|\u2606RC100385\n|j|\u2606Bomber7655\n|t:|1732998087\n|gametype|singles\n|player|p1|RC100385|266|\n|player|p2|Bomber7655|2|\n|teamsize|p1|6\n|teamsize|p2|6\n|gen|9\n|tier|[Gen 9] Random Battle\n|rule|Species Clause: Limit one of each Pok\u00e9mon\n|rule|HP Percentage Mod: HP is shown in percentages\n|rule|Sleep Clause Mod: Limit one foe put to sleep\n|rule|Illusion Level Mod: Illusion disguises the Pok\u00e9mon's true level\n|\n|t:|1732998087\n|start\n|switch|p1a: Regice|Regice, L88|284/284\n|switch|p2a: Regice|Regice, L88|284/284\n|turn|1\n|\n|t:|1732998135\n|move|p2a: Regice|Thunder Wave|p1a: Regice\n|-status|p1a: Regice|par\n|move|p1a: Regice|Thunder Wave|p2a: Regice\n|-status|p2a: Regice|par\n|\n|upkeep\n|turn|2\n|\n|t:|1732998142\n|move|p1a: Regice|Body Press|p2a: Regice\n|-supereffective|p2a: Regice\n|-damage|p2a: Regice|166/284 par\n|move|p2a: Regice|Body Press|p1a: Regice\n|-supereffective|p1a: Regice\n|-damage|p1a: Regice|172/284 par\n|\n|upkeep\n|turn|3\n|\n|t:|1732998150\n|cant|p2a: Regice|par\n|move|p1a: Regice|Body Press|p2a: Regice\n|-supereffective|p2a: Regice\n|-damage|p2a: Regice|52/284 par\n|\n|upkeep\n|turn|4\n|\n|t:|1732998155\n|move|p2a: Regice|Body Press|p1a: Regice\n|-supereffective|p1a: Regice\n|-damage|p1a: Regice|54/284 par\n|move|p1a: Regice|Body Press|p2a: Regice\n|-supereffective|p2a: Regice\n|-damage|p2a: Regice|0 fnt\n|faint|p2a: Regice\n|\n|upkeep\n|\n|t:|1732998255\n|switch|p2a: Fezandipiti|Fezandipiti, L82, M|278/278\n|turn|5\n|\n|t:|1732998262\n|move|p2a: Fezandipiti|Heat Wave|p1a: Regice\n|-supereffective|p1a: Regice\n|-damage|p1a: Regice|2/284 par\n|cant|p1a: Regice|par\n|\n|upkeep\n|turn|6\n|\n|t:|1732998274\n|move|p2a: Fezandipiti|Heat Wave|p1a: Regice|[miss]\n|-miss|p2a: Fezandipiti|p1a: Regice\n|move|p1a: Regice|Thunder Wave|p2a: Fezandipiti\n|-status|p2a: Fezandipiti|par\n|\n|upkeep\n|turn|7\n|\n|t:|1732998281\n|move|p2a: Fezandipiti|Heat Wave|p1a: Regice\n|-supereffective|p1a: Regice\n|-damage|p1a: Regice|0 fnt\n|faint|p1a: Regice\n|\n|upkeep\n|\n|t:|1732998287\n|switch|p1a: Minior|Minior-Blue, L79|224/224\n|-formechange|p1a: Minior|Minior-Meteor||[from] ability: Shields Down\n|turn|8\n|\n|t:|1732998305\n|move|p1a: Minior|Shell Smash|p1a: Minior\n|-unboost|p1a: Minior|def|1\n|-unboost|p1a: Minior|spd|1\n|-boost|p1a: Minior|atk|2\n|-boost|p1a: Minior|spa|2\n|-boost|p1a: Minior|spe|2\n|-enditem|p1a: Minior|White Herb\n|-clearnegativeboost|p1a: Minior|[silent]\n|cant|p2a: Fezandipiti|par\n|\n|upkeep\n|turn|9\n|\n|t:|1732998322\n|-terastallize|p1a: Minior|Water\n|move|p1a: Minior|Shell Smash|p1a: Minior\n|-unboost|p1a: Minior|def|1\n|-unboost|p1a: Minior|spd|1\n|-boost|p1a: Minior|atk|2\n|-boost|p1a: Minior|spa|2\n|-boost|p1a: Minior|spe|2\n|move|p2a: Fezandipiti|Gunk Shot|p1a: Minior\n|-damage|p1a: Minior|52/224\n|\n|-formechange|p1a: Minior|Minior-Blue||[from] ability: Shields Down\n|upkeep\n|turn|10\n|\n|t:|1732998337\n|move|p1a: Minior|Earthquake|p2a: Fezandipiti\n|-supereffective|p2a: Fezandipiti\n|-damage|p2a: Fezandipiti|0 fnt\n|faint|p2a: Fezandipiti\n|\n|upkeep\n|\n|t:|1732998342\n|switch|p2a: Braviary|Braviary, L85, M|309/309\n|turn|11\n|\n|t:|1732998350\n|move|p1a: Minior|Power Gem|p2a: Braviary\n|-supereffective|p2a: Braviary\n|-damage|p2a: Braviary|0 fnt\n|faint|p2a: Braviary\n|\n|upkeep\n|\n|t:|1732998353\n|switch|p2a: Porygon2|Porygon2, L82|274/274\n|-ability|p2a: Porygon2|Download|boost\n|-boost|p2a: Porygon2|spa|1\n|turn|12\n|\n|t:|1732998358\n|move|p1a: Minior|Acrobatics|p2a: Porygon2\n|-damage|p2a: Porygon2|64/274\n|move|p2a: Porygon2|Tera Blast|p1a: Minior\n|-damage|p1a: Minior|0 fnt\n|faint|p1a: Minior\n|\n|upkeep\n|\n|t:|1732998364\n|switch|p1a: Rillaboom|Rillaboom, L79, F|288/288\n|-fieldstart|move: Grassy Terrain|[from] ability: Grassy Surge|[of] p1a: Rillaboom\n|turn|13\n|\n|t:|1732998372\n|move|p1a: Rillaboom|Grassy Glide|p2a: Porygon2\n|-damage|p2a: Porygon2|0 fnt\n|faint|p2a: Porygon2\n|\n|upkeep\n|\n|t:|1732998378\n|switch|p2a: Magearna|Magearna, L77|250/250\n|turn|14\n|\n|t:|1732998384\n|switch|p1a: Duraludon|Duraludon, L82, F|249/249\n|move|p2a: Magearna|Calm Mind|p2a: Magearna\n|-boost|p2a: Magearna|spa|1\n|-boost|p2a: Magearna|spd|1\n|\n|upkeep\n|turn|15\n|\n|t:|1732998397\n|move|p1a: Duraludon|Body Press|p2a: Magearna\n|-damage|p2a: Magearna|199/250\n|move|p2a: Magearna|Fleur Cannon|p1a: Duraludon\n|-damage|p1a: Duraludon|9/249\n|-unboost|p2a: Magearna|spa|2\n|\n|-heal|p1a: Duraludon|24/249|[from] Grassy Terrain\n|-heal|p2a: Magearna|214/250|[from] Grassy Terrain\n|-heal|p2a: Magearna|229/250|[from] item: Leftovers\n|upkeep\n|turn|16\n|\n|t:|1732998431\n|move|p1a: Duraludon|Body Press|p2a: Magearna\n|-damage|p2a: Magearna|172/250\n|move|p2a: Magearna|Flash Cannon|p1a: Duraludon\n|-resisted|p1a: Duraludon\n|-damage|p1a: Duraludon|0 fnt\n|faint|p1a: Duraludon\n|-ability|p2a: Magearna|Soul-Heart|boost\n|-boost|p2a: Magearna|spa|1\n|\n|-heal|p2a: Magearna|187/250|[from] Grassy Terrain\n|-heal|p2a: Magearna|202/250|[from] item: Leftovers\n|upkeep\n|\n|t:|1732998439\n|switch|p1a: Moltres|Moltres-Galar, L79|271/271\n|turn|17\n|\n|t:|1732998447\n|move|p1a: Moltres|Agility|p1a: Moltres\n|-boost|p1a: Moltres|spe|2\n|move|p2a: Magearna|Calm Mind|p2a: Magearna\n|-boost|p2a: Magearna|spa|1\n|-boost|p2a: Magearna|spd|1\n|\n|-heal|p2a: Magearna|217/250|[from] Grassy Terrain\n|-heal|p2a: Magearna|232/250|[from] item: Leftovers\n|-fieldend|move: Grassy Terrain\n|upkeep\n|turn|18\n|\n|t:|1732998458\n|move|p1a: Moltres|Nasty Plot|p1a: Moltres\n|-boost|p1a: Moltres|spa|2\n|move|p2a: Magearna|Fleur Cannon|p1a: Moltres\n|-supereffective|p1a: Moltres\n|-damage|p1a: Moltres|0 fnt\n|-unboost|p2a: Magearna|spa|2\n|faint|p1a: Moltres\n|-ability|p2a: Magearna|Soul-Heart|boost\n|-boost|p2a: Magearna|spa|1\n|\n|-heal|p2a: Magearna|247/250|[from] item: Leftovers\n|upkeep\n|\n|t:|1732998466\n|switch|p1a: Muk|Muk, L86, F|321/321\n|turn|19\n|\n|t:|1732998481\n|move|p2a: Magearna|Calm Mind|p2a: Magearna\n|-boost|p2a: Magearna|spa|1\n|-boost|p2a: Magearna|spd|1\n|move|p1a: Muk|Ice Punch|p2a: Magearna\n|-resisted|p2a: Magearna\n|-damage|p2a: Magearna|222/250\n|\n|-heal|p2a: Magearna|237/250|[from] item: Leftovers\n|upkeep\n|turn|20\n|\n|t:|1732998488\n|move|p2a: Magearna|Calm Mind|p2a: Magearna\n|-boost|p2a: Magearna|spa|1\n|-boost|p2a: Magearna|spd|1\n|move|p1a: Muk|Ice Punch|p2a: Magearna\n|-resisted|p2a: Magearna\n|-damage|p2a: Magearna|213/250\n|-status|p2a: Magearna|frz\n|\n|-heal|p2a: Magearna|228/250 frz|[from] item: Leftovers\n|upkeep\n|turn|21\n|\n|t:|1732998494\n|-curestatus|p2a: Magearna|frz|[msg]\n|move|p2a: Magearna|Calm Mind|p2a: Magearna\n|-boost|p2a: Magearna|spa|1\n|-boost|p2a: Magearna|spd|1\n|move|p1a: Muk|Knock Off|p2a: Magearna\n|-resisted|p2a: Magearna\n|-damage|p2a: Magearna|191/250\n|-enditem|p2a: Magearna|Leftovers|[from] move: Knock Off|[of] p1a: Muk\n|\n|upkeep\n|turn|22\n|\n|t:|1732998502\n|move|p2a: Magearna|Flash Cannon|p1a: Muk\n|-damage|p1a: Muk|191/321\n|-unboost|p1a: Muk|spd|1\n|move|p1a: Muk|Ice Punch|p2a: Magearna\n|-resisted|p2a: Magearna\n|-damage|p2a: Magearna|164/250\n|\n|upkeep\n|turn|23\n|\n|t:|1732998509\n|move|p2a: Magearna|Shift Gear|p2a: Magearna\n|-boost|p2a: Magearna|spe|2\n|-boost|p2a: Magearna|atk|1\n|move|p1a: Muk|Ice Punch|p2a: Magearna\n|-resisted|p2a: Magearna\n|-damage|p2a: Magearna|140/250\n|\n|upkeep\n|turn|24\n|\n|t:|1732998520\n|move|p2a: Magearna|Flash Cannon|p1a: Muk\n|-damage|p1a: Muk|0 fnt\n|faint|p1a: Muk\n|-ability|p2a: Magearna|Soul-Heart|boost\n|-boost|p2a: Magearna|spa|1\n|\n|upkeep\n|\n|t:|1732998523\n|switch|p1a: Rillaboom|Rillaboom, L79, F|288/288\n|-fieldstart|move: Grassy Terrain|[from] ability: Grassy Surge|[of] p1a: Rillaboom\n|turn|25\n|\n|t:|1732998531\n|move|p1a: Rillaboom|Grassy Glide|p2a: Magearna\n|-resisted|p2a: Magearna\n|-damage|p2a: Magearna|85/250\n|move|p2a: Magearna|Fleur Cannon|p1a: Rillaboom\n|-damage|p1a: Rillaboom|0 fnt\n|-unboost|p2a: Magearna|spa|2\n|faint|p1a: Rillaboom\n|\n|win|Bomber7655\n|l|\u2606RC100385\n|player|p1|\n", "inputlog": ">version b107d77f5c90bd6555267ae244a6264823309ead\n>start {\"formatid\":\"gen9randombattle\",\"seed\":[10332,44550,54952,6801]}\n>player p1 {\"name\":\"RC100385\",\"avatar\":\"266\",\"rating\":0,\"seed\":[43807,57857,25481,13812]}\n>player p2 {\"name\":\"Bomber7655\",\"avatar\":\"2\",\"rating\":0,\"seed\":[15198,12806,7717,48022]}\n>p1 move thunderwave\n>p2 move thunderwave\n>p1 move bodypress\n>p2 move bodypress\n>p1 move bodypress\n>p2 move bodypress\n>p1 move bodypress\n>p2 move bodypress\n>p2 switch 4\n>p1 move thunderwave\n>p2 move heatwave\n>p1 move thunderwave\n>p2 move heatwave\n>p1 move bodypress\n>p2 move heatwave\n>p1 switch 5\n>p1 move shellsmash\n>p2 move gunkshot\n>p1 move shellsmash terastallize\n>p2 move gunkshot\n>p1 move earthquake\n>p2 move playrough\n>p2 switch 5\n>p1 move powergem\n>p2 move bravebird\n>p2 switch 2\n>p1 move acrobatics\n>p2 move terablast\n>p1 switch 2\n>p1 move grassyglide\n>p2 move thunderwave\n>p2 switch 6\n>p1 switch 4\n>p2 move calmmind\n>p1 move bodypress\n>p2 move fleurcannon\n>p1 move bodypress\n>p2 move flashcannon\n>p1 switch 6\n>p1 move agility\n>p2 move calmmind\n>p1 move nastyplot\n>p2 move fleurcannon\n>p1 switch 3\n>p1 move icepunch\n>p2 move calmmind\n>p1 move icepunch\n>p2 move calmmind\n>p1 move knockoff\n>p2 move calmmind\n>p1 move icepunch\n>p2 move flashcannon\n>p1 move icepunch\n>p2 move shiftgear\n>p1 move icepunch\n>p2 move flashcannon\n>p1 switch 4\n>p1 move grassyglide\n>p2 move fleurcannon", "uploadtime": 1732998546, "views": 1, "formatid": "gen9randombattle", "rating": null, "private": 0, "password": null}