{"id": "gen9randombattle-2253795255", "format": "[Gen 9] Random Battle", "players": ["Zeniztsu", "natsuki aoya"], "log": "|j|\u2606Zeniztsu\n|j|\u2606natsuki aoya\n|t:|1732939421\n|gametype|singles\n|player|p1|Zeniztsu|shadowtriad|1569\n|player|p2|natsuki aoya|erika|1514\n|teamsize|p1|6\n|teamsize|p2|6\n|gen|9\n|tier|[Gen 9] Random Battle\n|rated|\n|rule|Species Clause: Limit one of each Pok\u00e9mon\n|rule|HP Percentage Mod: HP is shown in percentages\n|rule|Sleep Clause Mod: Limit one foe put to sleep\n|rule|Illusion Level Mod: Illusion disguises the Pok\u00e9mon's true level\n|\n|t:|1732939421\n|start\n|switch|p1a: Mienshao|Mienshao, L83, M|244/244\n|switch|p2a: Spectrier|Spectrier, L75|274/274\n|turn|1\n|inactive|Battle timer is ON: inactive players will automatically lose when time's up. (requested by Zeniztsu)\n|inactive|natsuki aoya has 120 seconds left.\n|\n|t:|1732939480\n|switch|p2a: Dewgong|Dewgong, L94, F|322/322\n|move|p1a: Mienshao|Knock Off|p2a: Dewgong\n|-damage|p2a: Dewgong|217/322\n|-enditem|p2a: Dewgong|Heavy-Duty Boots|[from] move: Knock Off|[of] p1a: Mienshao\n|-damage|p1a: Mienshao|220/244|[from] item: Life Orb\n|\n|upkeep\n|turn|2\n|\n|t:|1732939494\n|switch|p1a: Skarmory|Skarmory, L80, M|235/235\n|move|p2a: Dewgong|Flip Turn|p1a: Skarmory\n|-damage|p1a: Skarmory|193/235\n|-damage|p2a: Dewgong|164/322|[from] item: Rocky Helmet|[of] p1a: Skarmory\n|\n|t:|1732939507\n|switch|p2a: Spectrier|Spectrier, L75|274/274|[from] Flip Turn\n|\n|upkeep\n|turn|3\n|\n|t:|1732939513\n|move|p2a: Spectrier|Will-O-Wisp|p1a: Skarmory\n|-status|p1a: Skarmory|brn\n|move|p1a: Skarmory|Whirlwind|p2a: Spectrier\n|drag|p2a: Piloswine|Piloswine, L85, F|309/309\n|\n|-damage|p1a: Skarmory|179/235 brn|[from] brn\n|upkeep\n|turn|4\n|\n|t:|1732939523\n|move|p1a: Skarmory|Spikes|p2a: Piloswine\n|-sidestart|p2: natsuki aoya|Spikes\n|move|p2a: Piloswine|Stealth Rock|p1a: Skarmory\n|-sidestart|p1: Zeniztsu|move: Stealth Rock\n|\n|-damage|p1a: Skarmory|165/235 brn|[from] brn\n|upkeep\n|turn|5\n|\n|t:|1732939540\n|move|p1a: Skarmory|Spikes|p2a: Piloswine\n|-sidestart|p2: natsuki aoya|Spikes\n|move|p2a: Piloswine|Icicle Crash|p1a: Skarmory\n|-damage|p1a: Skarmory|101/235 brn\n|\n|-damage|p1a: Skarmory|87/235 brn|[from] brn\n|upkeep\n|turn|6\n|\n|t:|1732939553\n|switch|p2a: Hitmontop|Hitmontop, L88, M|231/231\n|-damage|p2a: Hitmontop|193/231|[from] Spikes\n|-ability|p2a: Hitmontop|Intimidate|boost\n|-unboost|p1a: Skarmory|atk|1\n|move|p1a: Skarmory|Roost|p1a: Skarmory\n|-heal|p1a: Skarmory|205/235 brn\n|-singleturn|p1a: Skarmory|move: Roost\n|\n|-damage|p1a: Skarmory|191/235 brn|[from] brn\n|upkeep\n|turn|7\n|\n|t:|1732939578\n|move|p2a: Hitmontop|Rapid Spin|p1a: Skarmory\n|-resisted|p1a: Skarmory\n|-damage|p1a: Skarmory|178/235 brn\n|-boost|p2a: Hitmontop|spe|1\n|-damage|p2a: Hitmontop|155/231|[from] item: Rocky Helmet|[of] p1a: Skarmory\n|-sideend|p2: natsuki aoya|Spikes|[from] move: Rapid Spin|[of] p2a: Hitmontop\n|move|p1a: Skarmory|Whirlwind|p2a: Hitmontop\n|drag|p2a: Piloswine|Piloswine, L85, F|309/309\n|\n|-damage|p1a: Skarmory|164/235 brn|[from] brn\n|upkeep\n|turn|8\n|\n|t:|1732939592\n|move|p1a: Skarmory|Brave Bird|p2a: Piloswine\n|-damage|p2a: Piloswine|284/309\n|-damage|p1a: Skarmory|156/235 brn|[from] Recoil\n|move|p2a: Piloswine|Icicle Crash|p1a: Skarmory\n|-damage|p1a: Skarmory|89/235 brn\n|\n|-damage|p1a: Skarmory|75/235 brn|[from] brn\n|upkeep\n|turn|9\n|\n|t:|1732939612\n|move|p1a: Skarmory|Roost|p1a: Skarmory\n|-heal|p1a: Skarmory|193/235 brn\n|-singleturn|p1a: Skarmory|move: Roost\n|move|p2a: Piloswine|Icicle Crash|p1a: Skarmory\n|-resisted|p1a: Skarmory\n|-crit|p1a: Skarmory\n|-damage|p1a: Skarmory|138/235 brn\n|\n|-damage|p1a: Skarmory|124/235 brn|[from] brn\n|upkeep\n|turn|10\n|\n|t:|1732939625\n|switch|p1a: Mienshao|Mienshao, L83, M|244/244\n|-damage|p1a: Mienshao|229/244|[from] Stealth Rock\n|move|p2a: Piloswine|Earthquake|p1a: Mienshao\n|-damage|p1a: Mienshao|79/244\n|\n|upkeep\n|turn|11\n|\n|t:|1732939638\n|move|p1a: Mienshao|Knock Off|p2a: Piloswine\n|-damage|p2a: Piloswine|213/309\n|-enditem|p2a: Piloswine|Eviolite|[from] move: Knock Off|[of] p1a: Mienshao\n|-damage|p1a: Mienshao|55/244|[from] item: Life Orb\n|move|p2a: Piloswine|Earthquake|p1a: Mienshao\n|-damage|p1a: Mienshao|0 fnt\n|faint|p1a: Mienshao\n|\n|upkeep\n|inactive|Zeniztsu has 120 seconds left.\n|\n|t:|1732939659\n|switch|p1a: Camerupt|Camerupt, L91, M|275/275\n|-damage|p1a: Camerupt|241/275|[from] Stealth Rock\n|turn|12\n|\n|t:|1732939672\n|-terastallize|p1a: Camerupt|Water\n|move|p2a: Piloswine|Earthquake|p1a: Camerupt\n|-damage|p1a: Camerupt|124/275\n|move|p1a: Camerupt|Will-O-Wisp|p2a: Piloswine\n|-status|p2a: Piloswine|brn\n|\n|-heal|p1a: Camerupt|141/275|[from] item: Leftovers\n|-damage|p2a: Piloswine|194/309 brn|[from] brn\n|upkeep\n|turn|13\n|inactive|natsuki aoya has 120 seconds left.\n|\n|t:|1732939719\n|move|p2a: Piloswine|Icicle Crash|p1a: Camerupt|[miss]\n|-miss|p2a: Piloswine|p1a: Camerupt\n|move|p1a: Camerupt|Stealth Rock|p2a: Piloswine\n|-sidestart|p2: natsuki aoya|move: Stealth Rock\n|\n|-heal|p1a: Camerupt|158/275|[from] item: Leftovers\n|-damage|p2a: Piloswine|175/309 brn|[from] brn\n|upkeep\n|turn|14\n|inactive|natsuki aoya has 120 seconds left.\n|\n|t:|1732939730\n|move|p2a: Piloswine|Earthquake|p1a: Camerupt\n|-damage|p1a: Camerupt|97/275\n|move|p1a: Camerupt|Earthquake|p2a: Piloswine\n|-damage|p2a: Piloswine|40/309 brn\n|\n|-heal|p1a: Camerupt|114/275|[from] item: Leftovers\n|-damage|p2a: Piloswine|21/309 brn|[from] brn\n|upkeep\n|turn|15\n|\n|t:|1732939742\n|switch|p1a: Skarmory|Skarmory, L80, M|124/235 brn\n|-damage|p1a: Skarmory|95/235 brn|[from] Stealth Rock\n|move|p2a: Piloswine|Earthquake|p1a: Skarmory\n|-immune|p1a: Skarmory\n|\n|-damage|p1a: Skarmory|81/235 brn|[from] brn\n|-damage|p2a: Piloswine|2/309 brn|[from] brn\n|upkeep\n|turn|16\n|\n|t:|1732939752\n|move|p1a: Skarmory|Roost|p1a: Skarmory\n|-heal|p1a: Skarmory|199/235 brn\n|-singleturn|p1a: Skarmory|move: Roost\n|move|p2a: Piloswine|Icicle Crash|p1a: Skarmory\n|-resisted|p1a: Skarmory\n|-damage|p1a: Skarmory|182/235 brn\n|\n|-damage|p1a: Skarmory|168/235 brn|[from] brn\n|-damage|p2a: Piloswine|0 fnt|[from] brn\n|faint|p2a: Piloswine\n|upkeep\n|inactive|natsuki aoya has 120 seconds left.\n|\n|t:|1732939784\n|switch|p2a: Dewgong|Dewgong, L94, F|164/322\n|-damage|p2a: Dewgong|84/322|[from] Stealth Rock\n|turn|17\n|\n|t:|1732939795\n|move|p2a: Dewgong|Hydro Pump|p1a: Skarmory\n|-damage|p1a: Skarmory|38/235 brn\n|move|p1a: Skarmory|Spikes|p2a: Dewgong\n|-sidestart|p2: natsuki aoya|Spikes\n|\n|-damage|p1a: Skarmory|24/235 brn|[from] brn\n|upkeep\n|turn|18\n|\n|t:|1732939803\n|move|p2a: Dewgong|Ice Beam|p1a: Skarmory\n|-damage|p1a: Skarmory|0 fnt\n|faint|p1a: Skarmory\n|\n|upkeep\n|inactive|Zeniztsu has 90 seconds left.\n|\n|t:|1732939829\n|switch|p1a: Poliwrath|Poliwrath, L88, F|302/302\n|-damage|p1a: Poliwrath|284/302|[from] Stealth Rock\n|turn|19\n|inactive|natsuki aoya has 120 seconds left.\n|\n|t:|1732939848\n|move|p2a: Dewgong|Hydro Pump|p1a: Poliwrath\n|-heal|p1a: Poliwrath|302/302|[from] ability: Water Absorb|[of] p2a: Dewgong\n|move|p1a: Poliwrath|Bulk Up|p1a: Poliwrath\n|-boost|p1a: Poliwrath|atk|1\n|-boost|p1a: Poliwrath|def|1\n|\n|upkeep\n|turn|20\n|inactive|natsuki aoya has 120 seconds left.\n|\n|t:|1732939857\n|move|p2a: Dewgong|Encore|p1a: Poliwrath\n|-start|p1a: Poliwrath|Encore\n|move|p1a: Poliwrath|Bulk Up|p1a: Poliwrath\n|-boost|p1a: Poliwrath|atk|1\n|-boost|p1a: Poliwrath|def|1\n|\n|upkeep\n|turn|21\n|\n|t:|1732939866\n|switch|p2a: Hitmontop|Hitmontop, L88, M|155/231\n|-damage|p2a: Hitmontop|141/231|[from] Stealth Rock\n|-damage|p2a: Hitmontop|113/231|[from] Spikes\n|-ability|p2a: Hitmontop|Intimidate|boost\n|-unboost|p1a: Poliwrath|atk|1\n|move|p1a: Poliwrath|Bulk Up|p1a: Poliwrath\n|-boost|p1a: Poliwrath|atk|1\n|-boost|p1a: Poliwrath|def|1\n|\n|upkeep\n|turn|22\n|\n|t:|1732939878\n|move|p1a: Poliwrath|Bulk Up|p1a: Poliwrath\n|-boost|p1a: Poliwrath|atk|1\n|-boost|p1a: Poliwrath|def|1\n|move|p2a: Hitmontop|Rapid Spin|p1a: Poliwrath\n|-damage|p1a: Poliwrath|289/302\n|-boost|p2a: Hitmontop|spe|1\n|-sideend|p2: natsuki aoya|Spikes|[from] move: Rapid Spin|[of] p2a: Hitmontop\n|-sideend|p2: natsuki aoya|Stealth Rock|[from] move: Rapid Spin|[of] p2a: Hitmontop\n|\n|-heal|p1a: Poliwrath|302/302|[from] item: Leftovers\n|-end|p1a: Poliwrath|Encore\n|upkeep\n|turn|23\n|\n|t:|1732939903\n|move|p2a: Hitmontop|Close Combat|p1a: Poliwrath\n|-damage|p1a: Poliwrath|262/302\n|-unboost|p2a: Hitmontop|def|1\n|-unboost|p2a: Hitmontop|spd|1\n|move|p1a: Poliwrath|Liquidation|p2a: Hitmontop\n|-crit|p2a: Hitmontop\n|-damage|p2a: Hitmontop|0 fnt\n|faint|p2a: Hitmontop\n|\n|-heal|p1a: Poliwrath|280/302|[from] item: Leftovers\n|upkeep\n|inactive|natsuki aoya has 120 seconds left.\n|\n|t:|1732939919\n|switch|p2a: Tropius|Tropius, L91, F|328/328\n|turn|24\n|inactive|natsuki aoya has 120 seconds left.\n|\n|t:|1732939926\n|move|p1a: Poliwrath|Knock Off|p2a: Tropius\n|-damage|p2a: Tropius|143/328\n|-enditem|p2a: Tropius|Sitrus Berry|[from] move: Knock Off|[of] p1a: Poliwrath\n|move|p2a: Tropius|Leech Seed|p1a: Poliwrath\n|-start|p1a: Poliwrath|move: Leech Seed\n|\n|-heal|p1a: Poliwrath|298/302|[from] item: Leftovers\n|-damage|p1a: Poliwrath|261/302|[from] Leech Seed|[of] p2a: Tropius\n|-heal|p2a: Tropius|180/328|[silent]\n|upkeep\n|turn|25\n|inactive|natsuki aoya has 120 seconds left.\n|\n|t:|1732939944\n|move|p2a: Tropius|Protect|p2a: Tropius\n|-singleturn|p2a: Tropius|Protect\n|move|p1a: Poliwrath|Liquidation|p2a: Tropius\n|-activate|p2a: Tropius|move: Protect\n|\n|-heal|p1a: Poliwrath|279/302|[from] item: Leftovers\n|-damage|p1a: Poliwrath|242/302|[from] Leech Seed|[of] p2a: Tropius\n|-heal|p2a: Tropius|217/328|[silent]\n|upkeep\n|turn|26\n|\n|t:|1732939953\n|move|p1a: Poliwrath|Liquidation|p2a: Tropius\n|-resisted|p2a: Tropius\n|-damage|p2a: Tropius|106/328\n|move|p2a: Tropius|Air Slash|p1a: Poliwrath\n|-supereffective|p1a: Poliwrath\n|-damage|p1a: Poliwrath|92/302\n|\n|-heal|p1a: Poliwrath|110/302|[from] item: Leftovers\n|-damage|p1a: Poliwrath|73/302|[from] Leech Seed|[of] p2a: Tropius\n|-heal|p2a: Tropius|143/328|[silent]\n|upkeep\n|turn|27\n|\n|t:|1732939968\n|switch|p1a: Sceptile|Sceptile, L87, F|264/264\n|-damage|p1a: Sceptile|231/264|[from] Stealth Rock\n|move|p2a: Tropius|Protect||[still]\n|-fail|p2a: Tropius\n|\n|upkeep\n|turn|28\n|\n|t:|1732939975\n|move|p1a: Sceptile|Rock Slide|p2a: Tropius\n|-supereffective|p2a: Tropius\n|-damage|p2a: Tropius|26/328\n|-damage|p1a: Sceptile|205/264|[from] item: Life Orb\n|move|p2a: Tropius|Air Slash|p1a: Sceptile\n|-supereffective|p1a: Sceptile\n|-damage|p1a: Sceptile|61/264\n|\n|upkeep\n|turn|29\n|inactive|Zeniztsu has 120 seconds left.\n|\n|t:|1732939984\n|move|p1a: Sceptile|Rock Slide|p2a: Tropius\n|-supereffective|p2a: Tropius\n|-damage|p2a: Tropius|0 fnt\n|faint|p2a: Tropius\n|-damage|p1a: Sceptile|35/264|[from] item: Life Orb\n|\n|upkeep\n|inactive|natsuki aoya has 120 seconds left.\n|\n|t:|1732940021\n|switch|p2a: Spectrier|Spectrier, L75|274/274\n|turn|30\n|\n|t:|1732940028\n|move|p1a: Sceptile|Leaf Storm|p2a: Spectrier\n|-damage|p2a: Spectrier|0 fnt\n|-unboost|p1a: Sceptile|spa|2\n|faint|p2a: Spectrier\n|-damage|p1a: Sceptile|9/264|[from] item: Life Orb\n|\n|upkeep\n|\n|t:|1732940037\n|switch|p2a: Ursaring|Ursaring, L84, F|288/288\n|turn|31\n|\n|t:|1732940041\n|move|p1a: Sceptile|Focus Blast|p2a: Ursaring\n|-supereffective|p2a: Ursaring\n|-damage|p2a: Ursaring|158/288\n|-damage|p1a: Sceptile|0 fnt|[from] item: Life Orb\n|faint|p1a: Sceptile\n|move|p2a: Ursaring|Swords Dance|p2a: Ursaring\n|-boost|p2a: Ursaring|atk|2\n|\n|-status|p2a: Ursaring|tox|[from] item: Toxic Orb\n|upkeep\n|\n|t:|1732940055\n|switch|p1a: Poliwrath|Poliwrath, L88, F|73/302\n|-damage|p1a: Poliwrath|55/302|[from] Stealth Rock\n|turn|32\n|\n|t:|1732940060\n|-terastallize|p2a: Ursaring|Normal\n|move|p2a: Ursaring|Facade|p1a: Poliwrath\n|-damage|p1a: Poliwrath|0 fnt\n|faint|p1a: Poliwrath\n|\n|-damage|p2a: Ursaring|140/288 tox|[from] psn\n|upkeep\n|\n|t:|1732940069\n|switch|p1a: Gothitelle|Gothitelle, L90, M|272/272\n|-damage|p1a: Gothitelle|238/272|[from] Stealth Rock\n|turn|33\n|\n|t:|1732940076\n|move|p2a: Ursaring|Facade|p1a: Gothitelle\n|-damage|p1a: Gothitelle|0 fnt\n|faint|p1a: Gothitelle\n|\n|-damage|p2a: Ursaring|104/288 tox|[from] psn\n|upkeep\n|-message|Zeniztsu forfeited.\n|\n|win|natsuki aoya\n|raw|Zeniztsu's rating: 1569 &rarr; <strong>1546</strong><br />(-23 for losing)\n|raw|natsuki aoya's rating: 1514 &rarr; <strong>1537</strong><br />(+23 for winning)\n|l|\u2606Zeniztsu\n|player|p1|\n", "inputlog": ">version b107d77f5c90bd6555267ae244a6264823309ead\n>start {\"formatid\":\"gen9randombattle\",\"seed\":[41784,56280,38398,15415],\"rated\":\"Rated battle\"}\n>player p1 {\"name\":\"Zeniztsu\",\"avatar\":\"shadowtriad\",\"rating\":1569,\"seed\":[24091,44198,33326,21721]}\n>player p2 {\"name\":\"natsuki aoya\",\"avatar\":\"erika\",\"rating\":1514,\"seed\":[53575,32584,46163,63644]}\n>p1 move knockoff\n>p2 switch 3\n>p1 switch 5\n>p2 move flipturn\n>p2 switch 3\n>p1 move whirlwind\n>p2 move willowisp\n>p1 move spikes\n>p2 move stealthrock\n>p1 move spikes\n>p2 move iciclecrash\n>p1 move roost\n>p2 switch 5\n>p1 move whirlwind\n>p2 move rapidspin\n>p1 move bravebird\n>p2 move iciclecrash\n>p1 move roost\n>p2 move iciclecrash\n>p1 switch 5\n>p2 move earthquake\n>p1 move knockoff\n>p2 move earthquake\n>p1 switch 4\n>p1 move willowisp terastallize\n>p2 move earthquake\n>p1 move stealthrock\n>p2 move iciclecrash\n>p1 move earthquake\n>p2 move earthquake\n>p1 switch 5\n>p2 move earthquake\n>p1 move roost\n>p2 move iciclecrash\n>p2 switch 3\n>p1 move spikes\n>p2 move hydropump\n>p1 move spikes\n>p2 move icebeam\n>p1 switch 2\n>p1 move bulkup\n>p2 move hydropump\n>p1 move bulkup\n>p2 move encore\n>p1 move bulkup\n>p2 switch 5\n>p1 move bulkup\n>p2 move rapidspin\n>p1 move liquidation\n>p2 move closecombat\n>p2 switch 2\n>p1 move knockoff\n>p2 move leechseed\n>p1 move liquidation\n>p2 move protect\n>p1 move liquidation\n>p2 move airslash\n>p1 switch 6\n>p2 move protect\n>p1 move rockslide\n>p2 move airslash\n>p1 move rockslide\n>p2 move airslash\n>p2 switch 4\n>p1 move leafstorm\n>p2 move willowisp\n>p2 switch 6\n>p1 move focusblast\n>p2 move swordsdance\n>p1 switch 6\n>p1 move drainpunch\n>p2 move facade terastallize\n>p1 switch 3\n>p1 move psychicnoise\n>p2 move facade\n>forcelose p1", "uploadtime": 1732940083, "views": 18, "formatid": "gen9randombattle", "rating": 1537, "private": 0, "password": null}