{"id": "gen9randombattle-2253885256", "format": "[Gen 9] Random Battle", "players": ["FraserBlueGaming", "YourTeamTrashAsYou"], "log": "|j|\u203dFraserBlueGaming\n|j|\u2606YourTeamTrashAsYou\n|t:|1732956226\n|gametype|singles\n|player|p1|FraserBlueGaming|roxie|1501\n|player|p2|YourTeamTrashAsYou|ninjaboy|1547\n|teamsize|p1|6\n|teamsize|p2|6\n|gen|9\n|tier|[Gen 9] Random Battle\n|rated|\n|rule|Species Clause: Limit one of each Pok\u00e9mon\n|rule|HP Percentage Mod: HP is shown in percentages\n|rule|Sleep Clause Mod: Limit one foe put to sleep\n|rule|Illusion Level Mod: Illusion disguises the Pok\u00e9mon's true level\n|\n|t:|1732956226\n|start\n|switch|p1a: Dragapult|Dragapult, L77, M|262/262\n|switch|p2a: Drifblim|Drifblim, L86, M|396/396\n|turn|1\n|inactive|Battle timer is ON: inactive players will automatically lose when time's up. (requested by FraserBlueGaming)\n|\n|t:|1732956235\n|switch|p2a: Chi-Yu|Chi-Yu, L77|211/211\n|-ability|p2a: Chi-Yu|Beads of Ruin\n|move|p1a: Dragapult|Will-O-Wisp|p2a: Chi-Yu\n|-immune|p2a: Chi-Yu\n|\n|upkeep\n|turn|2\n|\n|t:|1732956241\n|move|p1a: Dragapult|U-turn|p2a: Chi-Yu\n|-damage|p2a: Chi-Yu|154/211\n|\n|t:|1732956252\n|switch|p1a: Zapdos|Zapdos-Galar, L77|265/265|[from] U-turn\n|move|p2a: Chi-Yu|Fire Blast|p1a: Zapdos\n|-damage|p1a: Zapdos|87/265\n|\n|upkeep\n|turn|3\n|\n|t:|1732956262\n|switch|p2a: Drifblim|Drifblim, L86, M|396/396\n|move|p1a: Zapdos|Close Combat|p2a: Drifblim\n|-immune|p2a: Drifblim\n|\n|upkeep\n|turn|4\n|\n|t:|1732956269\n|move|p1a: Zapdos|Knock Off|p2a: Drifblim\n|-supereffective|p2a: Drifblim\n|-damage|p2a: Drifblim|133/396\n|-enditem|p2a: Drifblim|Sitrus Berry|[from] move: Knock Off|[of] p1a: Zapdos\n|-damage|p1a: Zapdos|61/265|[from] item: Life Orb\n|move|p2a: Drifblim|Shadow Ball|p1a: Zapdos\n|-damage|p1a: Zapdos|0 fnt\n|faint|p1a: Zapdos\n|\n|upkeep\n|\n|t:|1732956280\n|switch|p1a: Glaceon|Glaceon, L94, F|275/275\n|turn|5\n|\n|t:|1732956307\n|switch|p2a: Regirock|Regirock, L83|268/268\n|move|p1a: Glaceon|Mud Shot|p2a: Regirock\n|-supereffective|p2a: Regirock\n|-damage|p2a: Regirock|164/268\n|\n|-heal|p2a: Regirock|180/268|[from] item: Leftovers\n|upkeep\n|turn|6\n|\n|t:|1732956329\n|move|p1a: Glaceon|Mud Shot|p2a: Regirock\n|-supereffective|p2a: Regirock\n|-damage|p2a: Regirock|74/268\n|move|p2a: Regirock|Thunder Wave|p1a: Glaceon\n|-status|p1a: Glaceon|par\n|\n|-heal|p2a: Regirock|90/268|[from] item: Leftovers\n|upkeep\n|turn|7\n|\n|t:|1732956338\n|move|p2a: Regirock|Stone Edge|p1a: Glaceon\n|-supereffective|p1a: Glaceon\n|-damage|p1a: Glaceon|125/275 par\n|cant|p1a: Glaceon|par\n|\n|-heal|p2a: Regirock|106/268|[from] item: Leftovers\n|upkeep\n|turn|8\n|\n|t:|1732956344\n|move|p2a: Regirock|Stone Edge|p1a: Glaceon\n|-supereffective|p1a: Glaceon\n|-damage|p1a: Glaceon|0 fnt\n|faint|p1a: Glaceon\n|\n|-heal|p2a: Regirock|122/268|[from] item: Leftovers\n|upkeep\n|\n|t:|1732956355\n|switch|p1a: Zacian|Zacian, L69|241/241\n|-ability|p1a: Zacian|Intrepid Sword|boost\n|-boost|p1a: Zacian|atk|1\n|turn|9\n|\n|t:|1732956374\n|-terastallize|p2a: Regirock|Fighting\n|move|p1a: Zacian|Close Combat|p2a: Regirock\n|-damage|p2a: Regirock|53/268\n|-unboost|p1a: Zacian|def|1\n|-unboost|p1a: Zacian|spd|1\n|-damage|p1a: Zacian|217/241|[from] item: Life Orb\n|move|p2a: Regirock|Thunder Wave|p1a: Zacian|[miss]\n|-miss|p2a: Regirock|p1a: Zacian\n|\n|-heal|p2a: Regirock|69/268|[from] item: Leftovers\n|upkeep\n|turn|10\n|c|\u2606YourTeamTrashAsYou|bruh\n|inactive|FraserBlueGaming has 120 seconds left.\n|\n|t:|1732956414\n|switch|p2a: Drifblim|Drifblim, L86, M|133/396\n|move|p1a: Zacian|Play Rough|p2a: Drifblim\n|-damage|p2a: Drifblim|0 fnt\n|faint|p2a: Drifblim\n|-damage|p1a: Zacian|193/241|[from] item: Life Orb\n|\n|upkeep\n|\n|t:|1732956418\n|switch|p2a: Flutter Mane|Flutter Mane, L74|203/203\n|turn|11\n|inactive|FraserBlueGaming has 120 seconds left.\n|\n|t:|1732956434\n|switch|p1a: Dragapult|Dragapult, L77, M|262/262\n|move|p2a: Flutter Mane|Moonblast|p1a: Dragapult\n|-supereffective|p1a: Dragapult\n|-damage|p1a: Dragapult|0 fnt\n|faint|p1a: Dragapult\n|-damage|p2a: Flutter Mane|183/203|[from] item: Life Orb\n|\n|upkeep\n|inactive|FraserBlueGaming has 120 seconds left.\n|\n|t:|1732956460\n|switch|p1a: Zacian|Zacian, L69|193/241\n|turn|12\n|\n|t:|1732956482\n|-end|p2a: Flutter Mane|Protosynthesis|[silent]\n|switch|p2a: Regirock|Regirock, L83, tera:Fighting|69/268\n|move|p1a: Zacian|Play Rough|p2a: Regirock\n|-supereffective|p2a: Regirock\n|-damage|p2a: Regirock|0 fnt\n|faint|p2a: Regirock\n|-damage|p1a: Zacian|169/241|[from] item: Life Orb\n|\n|upkeep\n|\n|t:|1732956484\n|switch|p2a: Tsareena|Tsareena, L87, F|267/267\n|turn|13\n|inactive|FraserBlueGaming has 120 seconds left.\n|\n|t:|1732956511\n|move|p1a: Zacian|Swords Dance|p1a: Zacian\n|-boost|p1a: Zacian|atk|2\n|move|p2a: Tsareena|Knock Off|p1a: Zacian\n|-resisted|p1a: Zacian\n|-damage|p1a: Zacian|118/241\n|-enditem|p1a: Zacian|Life Orb|[from] move: Knock Off|[of] p2a: Tsareena\n|-damage|p2a: Tsareena|241/267|[from] item: Life Orb\n|\n|upkeep\n|turn|14\n|\n|t:|1732956529\n|move|p1a: Zacian|Play Rough|p2a: Tsareena\n|-damage|p2a: Tsareena|100/267\n|move|p2a: Tsareena|Power Whip|p1a: Zacian\n|-damage|p1a: Zacian|0 fnt\n|faint|p1a: Zacian\n|-damage|p2a: Tsareena|74/267|[from] item: Life Orb\n|\n|upkeep\n|inactive|FraserBlueGaming has 90 seconds left.\n|\n|t:|1732956571\n|switch|p1a: Ceruledge|Ceruledge, L78, M|245/245\n|turn|15\n|\n|t:|1732956580\n|move|p1a: Ceruledge|Bitter Blade|p2a: Tsareena\n|-supereffective|p2a: Tsareena\n|-damage|p2a: Tsareena|0 fnt\n|faint|p2a: Tsareena\n|\n|upkeep\n|\n|t:|1732956591\n|switch|p2a: Chi-Yu|Chi-Yu, L77|154/211\n|-ability|p2a: Chi-Yu|Beads of Ruin\n|turn|16\n|inactive|FraserBlueGaming has 90 seconds left.\n|\n|t:|1732956608\n|move|p2a: Chi-Yu|Will-O-Wisp|p1a: Ceruledge\n|-immune|p1a: Ceruledge\n|move|p1a: Ceruledge|Poltergeist|p2a: Chi-Yu\n|-activate|p2a: Chi-Yu|move: Poltergeist|Heavy-Duty Boots\n|-resisted|p2a: Chi-Yu\n|-damage|p2a: Chi-Yu|82/211\n|\n|upkeep\n|turn|17\n|\n|t:|1732956620\n|move|p2a: Chi-Yu|Dark Pulse|p1a: Ceruledge\n|-supereffective|p1a: Ceruledge\n|-damage|p1a: Ceruledge|0 fnt\n|faint|p1a: Ceruledge\n|\n|upkeep\n|\n|t:|1732956623\n|switch|p1a: Iron Boulder|Iron Boulder, L77|265/265\n|turn|18\n|\n|t:|1732956640\n|move|p1a: Iron Boulder|Mighty Cleave|p2a: Chi-Yu\n|-supereffective|p2a: Chi-Yu\n|-damage|p2a: Chi-Yu|0 fnt\n|faint|p2a: Chi-Yu\n|-damage|p1a: Iron Boulder|239/265|[from] item: Life Orb\n|\n|upkeep\n|\n|t:|1732956646\n|switch|p2a: Zekrom|Zekrom, L71|259/259\n|-ability|p2a: Zekrom|Teravolt\n|turn|19\n|\n|t:|1732956649\n|move|p1a: Iron Boulder|Swords Dance|p1a: Iron Boulder\n|-boost|p1a: Iron Boulder|atk|2\n|move|p2a: Zekrom|Dragon Dance|p2a: Zekrom\n|-boost|p2a: Zekrom|atk|1\n|-boost|p2a: Zekrom|spe|1\n|\n|upkeep\n|turn|20\n|\n|t:|1732956655\n|move|p2a: Zekrom|Outrage|p1a: Iron Boulder\n|-damage|p1a: Iron Boulder|20/265\n|move|p1a: Iron Boulder|Mighty Cleave|p2a: Zekrom\n|-damage|p2a: Zekrom|29/259\n|-damage|p1a: Iron Boulder|0 fnt|[from] item: Life Orb\n|faint|p1a: Iron Boulder\n|-end|p1a: Iron Boulder|Quark Drive|[silent]\n|\n|win|YourTeamTrashAsYou\n|raw|FraserBlueGaming's rating: 1501 &rarr; <strong>1484</strong><br />(-17 for losing)\n|raw|YourTeamTrashAsYou's rating: 1547 &rarr; <strong>1564</strong><br />(+17 for winning)\n|l|\u203dFraserBlueGaming\n|player|p1|\n", "inputlog": ">version b107d77f5c90bd6555267ae244a6264823309ead\n>start {\"formatid\":\"gen9randombattle\",\"seed\":[37144,33174,48951,25218],\"rated\":\"Rated battle\"}\n>player p1 {\"name\":\"FraserBlueGaming\",\"avatar\":\"roxie\",\"rating\":1501,\"seed\":[13413,27052,43071,62797]}\n>player p2 {\"name\":\"YourTeamTrashAsYou\",\"avatar\":\"ninjaboy\",\"rating\":1547,\"seed\":[33186,36510,23122,27647]}\n>p1 move willowisp\n>p2 switch 4\n>p1 move uturn\n>p2 move fireblast\n>p1 switch 3\n>p1 move closecombat\n>p2 switch 4\n>p1 move knockoff\n>p2 move shadowball\n>p1 switch 2\n>p1 move mudshot\n>p2 switch 3\n>p1 move mudshot\n>p2 move thunderwave\n>p1 move mudshot\n>p2 move stoneedge\n>p1 move wish\n>p2 move stoneedge\n>p1 switch 5\n>p1 move closecombat\n>p2 move thunderwave terastallize\n>chat \u2606YourTeamTrashAsYou|bruh\n>p1 move playrough\n>p2 switch 3\n>p2 switch 6\n>p1 switch 3\n>p2 move moonblast\n>p1 switch 3\n>p1 move playrough\n>p2 switch 3\n>p2 switch 5\n>p1 move swordsdance\n>p2 move knockoff\n>p1 move playrough\n>p2 move powerwhip\n>p1 switch 6\n>p1 move bitterblade\n>p2 move powerwhip\n>p2 switch 4\n>p1 move poltergeist\n>p2 move willowisp\n>p1 move poltergeist\n>p2 move darkpulse\n>p1 switch 4\n>p1 move mightycleave\n>p2 move willowisp\n>p2 switch 2\n>p1 move swordsdance\n>p2 move dragondance\n>p1 move mightycleave\n>p2 move outrage", "uploadtime": 1732956668, "views": 15, "formatid": "gen9randombattle", "rating": 1484, "private": 0, "password": null}