{"id": "gen9randombattle-2253916954", "format": "[Gen 9] Random Battle", "players": ["ballzak35", "alessaro"], "log": "|j|\u2606ballzak35\n|j|\u2606alessaro\n|t:|1732963276\n|gametype|singles\n|player|p1|ballzak35|zinnia|1239\n|player|p2|alessaro|cynthia|1219\n|teamsize|p1|6\n|teamsize|p2|6\n|gen|9\n|tier|[Gen 9] Random Battle\n|rated|\n|rule|Species Clause: Limit one of each Pok\u00e9mon\n|rule|HP Percentage Mod: HP is shown in percentages\n|rule|Sleep Clause Mod: Limit one foe put to sleep\n|rule|Illusion Level Mod: Illusion disguises the Pok\u00e9mon's true level\n|\n|t:|1732963276\n|start\n|switch|p1a: Galvantula|Galvantula, L82, F|249/249\n|switch|p2a: Mesprit|Mesprit, L85|275/275\n|turn|1\n|inactive|Battle timer is ON: inactive players will automatically lose when time's up. (requested by alessaro)\n|\n|t:|1732963302\n|switch|p2a: Heatran|Heatran, L79, F|273/273\n|-item|p2a: Heatran|Air Balloon\n|move|p1a: Galvantula|Sticky Web|p2a: Heatran\n|-sidestart|p2: alessaro|move: Sticky Web\n|\n|upkeep\n|turn|2\n|\n|t:|1732963316\n|switch|p1a: Feraligatr|Feraligatr, L79, F|264/264\n|move|p2a: Heatran|Lava Plume|p1a: Feraligatr\n|-resisted|p1a: Feraligatr\n|-damage|p1a: Feraligatr|212/264\n|-status|p1a: Feraligatr|brn\n|\n|-damage|p1a: Feraligatr|196/264 brn|[from] brn\n|upkeep\n|turn|3\n|c|\u2606ballzak35|the burn sucks\n|\n|t:|1732963329\n|switch|p2a: Ampharos|Ampharos, L88, F|302/302\n|-activate|p2a: Ampharos|move: Sticky Web\n|-unboost|p2a: Ampharos|spe|1\n|move|p1a: Feraligatr|Liquidation|p2a: Ampharos\n|-damage|p2a: Ampharos|229/302\n|\n|-damage|p1a: Feraligatr|180/264 brn|[from] brn\n|upkeep\n|turn|4\n|c|\u2606ballzak35|lmao\n|\n|t:|1732963347\n|switch|p1a: Groudon|Groudon, L72|263/263\n|-weather|SunnyDay|[from] ability: Drought|[of] p1a: Groudon\n|move|p2a: Ampharos|Volt Switch|p1a: Groudon\n|-immune|p1a: Groudon\n|\n|-weather|SunnyDay|[upkeep]\n|upkeep\n|turn|5\n|\n|t:|1732963361\n|switch|p2a: Politoed|Politoed, L88, M|302/302\n|-activate|p2a: Politoed|move: Sticky Web\n|-unboost|p2a: Politoed|spe|1\n|-weather|RainDance|[from] ability: Drizzle|[of] p2a: Politoed\n|move|p1a: Groudon|Heat Crash|p2a: Politoed\n|-resisted|p2a: Politoed\n|-damage|p2a: Politoed|277/302\n|\n|-weather|RainDance|[upkeep]\n|upkeep\n|turn|6\n|\n|t:|1732963383\n|switch|p1a: Feraligatr|Feraligatr, L79, F|180/264 brn\n|move|p2a: Politoed|Hydro Pump|p1a: Feraligatr\n|-resisted|p1a: Feraligatr\n|-damage|p1a: Feraligatr|83/264 brn\n|\n|-weather|RainDance|[upkeep]\n|-damage|p1a: Feraligatr|67/264 brn|[from] brn\n|upkeep\n|turn|7\n|\n|t:|1732963396\n|move|p1a: Feraligatr|Trailblaze|p2a: Politoed\n|-supereffective|p2a: Politoed\n|-damage|p2a: Politoed|221/302\n|move|p2a: Politoed|Hydro Pump|p1a: Feraligatr\n|-resisted|p1a: Feraligatr\n|-damage|p1a: Feraligatr|0 fnt\n|faint|p1a: Feraligatr\n|\n|-weather|RainDance|[upkeep]\n|upkeep\n|\n|t:|1732963404\n|switch|p1a: Galvantula|Galvantula, L82, F|249/249\n|turn|8\n|\n|t:|1732963417\n|switch|p2a: Heatran|Heatran, L79, F|273/273\n|-item|p2a: Heatran|Air Balloon\n|move|p1a: Galvantula|Thunder|p2a: Heatran\n|-damage|p2a: Heatran|165/273\n|-status|p2a: Heatran|par\n|-enditem|p2a: Heatran|Air Balloon\n|\n|-weather|RainDance|[upkeep]\n|upkeep\n|turn|9\n|\n|t:|1732963440\n|switch|p1a: Abomasnow|Abomasnow, L85, M|291/291\n|-weather|Snow|[from] ability: Snow Warning|[of] p1a: Abomasnow\n|cant|p2a: Heatran|par\n|\n|-weather|Snow|[upkeep]\n|upkeep\n|turn|10\n|\n|t:|1732963451\n|move|p1a: Abomasnow|Aurora Veil|p1a: Abomasnow\n|-sidestart|p1: ballzak35|move: Aurora Veil\n|cant|p2a: Heatran|par\n|\n|-weather|Snow|[upkeep]\n|upkeep\n|turn|11\n|\n|t:|1732963458\n|switch|p1a: Oinkologne|Oinkologne-F, L92, F|361/361\n|move|p2a: Heatran|Lava Plume|p1a: Oinkologne\n|-damage|p1a: Oinkologne|341/361\n|-status|p1a: Oinkologne|brn\n|\n|-weather|Snow|[upkeep]\n|-heal|p1a: Oinkologne|361/361 brn|[from] item: Leftovers\n|-damage|p1a: Oinkologne|339/361 brn|[from] brn\n|upkeep\n|turn|12\n|\n|t:|1732963470\n|switch|p2a: Chesnaught|Chesnaught, L84, M|285/285\n|-activate|p2a: Chesnaught|move: Sticky Web\n|-unboost|p2a: Chesnaught|spe|1\n|move|p1a: Oinkologne|Curse|p1a: Oinkologne\n|-unboost|p1a: Oinkologne|spe|1\n|-boost|p1a: Oinkologne|atk|1\n|-boost|p1a: Oinkologne|def|1\n|\n|-weather|Snow|[upkeep]\n|-heal|p1a: Oinkologne|361/361 brn|[from] item: Leftovers\n|-damage|p1a: Oinkologne|339/361 brn|[from] brn\n|upkeep\n|turn|13\n|\n|t:|1732963483\n|move|p1a: Oinkologne|Curse|p1a: Oinkologne\n|-unboost|p1a: Oinkologne|spe|1\n|-boost|p1a: Oinkologne|atk|1\n|-boost|p1a: Oinkologne|def|1\n|move|p2a: Chesnaught|Body Press|p1a: Oinkologne\n|-supereffective|p1a: Oinkologne\n|-damage|p1a: Oinkologne|287/361 brn\n|\n|-weather|none\n|-heal|p1a: Oinkologne|309/361 brn|[from] item: Leftovers\n|-damage|p1a: Oinkologne|287/361 brn|[from] brn\n|upkeep\n|turn|14\n|\n|t:|1732963498\n|move|p2a: Chesnaught|Body Press|p1a: Oinkologne\n|-supereffective|p1a: Oinkologne\n|-damage|p1a: Oinkologne|230/361 brn\n|move|p1a: Oinkologne|Double-Edge|p2a: Chesnaught\n|-damage|p2a: Chesnaught|169/285\n|-damage|p1a: Oinkologne|170/361 brn|[from] item: Rocky Helmet|[of] p2a: Chesnaught\n|-damage|p1a: Oinkologne|132/361 brn|[from] Recoil\n|\n|-heal|p1a: Oinkologne|154/361 brn|[from] item: Leftovers\n|-damage|p1a: Oinkologne|132/361 brn|[from] brn\n|upkeep\n|turn|15\n|\n|t:|1732963509\n|move|p2a: Chesnaught|Body Press|p1a: Oinkologne\n|-supereffective|p1a: Oinkologne\n|-damage|p1a: Oinkologne|74/361 brn\n|move|p1a: Oinkologne|Double-Edge|p2a: Chesnaught\n|-damage|p2a: Chesnaught|67/285\n|-damage|p1a: Oinkologne|14/361 brn|[from] item: Rocky Helmet|[of] p2a: Chesnaught\n|-damage|p1a: Oinkologne|0 fnt|[from] Recoil\n|faint|p1a: Oinkologne\n|\n|upkeep\n|\n|t:|1732963520\n|switch|p1a: Abomasnow|Abomasnow, L85, M|291/291\n|-weather|Snow|[from] ability: Snow Warning|[of] p1a: Abomasnow\n|turn|16\n|\n|t:|1732963528\n|switch|p2a: Heatran|Heatran, L79, F|165/273 par\n|-activate|p2a: Heatran|move: Sticky Web\n|-unboost|p2a: Heatran|spe|1\n|move|p1a: Abomasnow|Ice Shard|p2a: Heatran\n|-resisted|p2a: Heatran\n|-damage|p2a: Heatran|156/273 par\n|\n|-weather|Snow|[upkeep]\n|upkeep\n|turn|17\n|\n|t:|1732963543\n|switch|p1a: Staraptor|Staraptor, L79, M|263/263\n|move|p2a: Heatran|Lava Plume|p1a: Staraptor\n|-damage|p1a: Staraptor|194/263\n|\n|-weather|Snow|[upkeep]\n|-sideend|p1: ballzak35|move: Aurora Veil\n|upkeep\n|turn|18\n|\n|t:|1732963554\n|switch|p2a: Ampharos|Ampharos, L88, F|229/302\n|-activate|p2a: Ampharos|move: Sticky Web\n|-unboost|p2a: Ampharos|spe|1\n|move|p1a: Staraptor|Close Combat|p2a: Ampharos\n|-damage|p2a: Ampharos|93/302\n|-unboost|p1a: Staraptor|def|1\n|-unboost|p1a: Staraptor|spd|1\n|\n|-weather|Snow|[upkeep]\n|upkeep\n|turn|19\n|c|\u2606ballzak35|no burn :D\n|\n|t:|1732963566\n|move|p1a: Staraptor|Close Combat|p2a: Ampharos\n|-damage|p2a: Ampharos|0 fnt\n|-unboost|p1a: Staraptor|def|1\n|-unboost|p1a: Staraptor|spd|1\n|faint|p2a: Ampharos\n|\n|-weather|Snow|[upkeep]\n|upkeep\n|\n|t:|1732963578\n|switch|p2a: Mesprit|Mesprit, L85|275/275\n|turn|20\n|\n|t:|1732963584\n|switch|p1a: Galvantula|Galvantula, L82, F|249/249\n|move|p2a: Mesprit|Thunderbolt|p1a: Galvantula\n|-resisted|p1a: Galvantula\n|-damage|p1a: Galvantula|185/249\n|-damage|p2a: Mesprit|248/275|[from] item: Life Orb\n|\n|-weather|none\n|upkeep\n|turn|21\n|\n|t:|1732963596\n|switch|p2a: Heatran|Heatran, L79, F|156/273 par\n|-activate|p2a: Heatran|move: Sticky Web\n|-unboost|p2a: Heatran|spe|1\n|move|p1a: Galvantula|Thunder|p2a: Heatran\n|-damage|p2a: Heatran|57/273 par\n|\n|upkeep\n|turn|22\n|\n|t:|1732963608\n|move|p1a: Galvantula|Thunder|p2a: Heatran\n|-damage|p2a: Heatran|0 fnt\n|faint|p2a: Heatran\n|\n|upkeep\n|\n|t:|1732963612\n|switch|p2a: Komala|Komala, L89, M|260/260\n|-activate|p2a: Komala|move: Sticky Web\n|-unboost|p2a: Komala|spe|1\n|-ability|p2a: Komala|Comatose\n|turn|23\n|\n|t:|1732963625\n|switch|p1a: Staraptor|Staraptor, L79, M|194/263\n|move|p2a: Komala|Earthquake|p1a: Staraptor\n|-immune|p1a: Staraptor\n|\n|upkeep\n|turn|24\n|\n|t:|1732963637\n|move|p1a: Staraptor|Brave Bird|p2a: Komala\n|-damage|p2a: Komala|0 fnt\n|faint|p2a: Komala\n|-damage|p1a: Staraptor|108/263|[from] Recoil\n|\n|upkeep\n|\n|t:|1732963643\n|switch|p2a: Politoed|Politoed, L88, M|221/302\n|-activate|p2a: Politoed|move: Sticky Web\n|-unboost|p2a: Politoed|spe|1\n|-weather|RainDance|[from] ability: Drizzle|[of] p2a: Politoed\n|turn|25\n|\n|t:|1732963655\n|move|p1a: Staraptor|Brave Bird|p2a: Politoed\n|-damage|p2a: Politoed|0 fnt\n|faint|p2a: Politoed\n|-damage|p1a: Staraptor|35/263|[from] Recoil\n|\n|-weather|RainDance|[upkeep]\n|upkeep\n|\n|t:|1732963662\n|switch|p2a: Mesprit|Mesprit, L85|248/275\n|turn|26\n|\n|t:|1732963666\n|move|p1a: Staraptor|Brave Bird|p2a: Mesprit\n|-damage|p2a: Mesprit|29/275\n|-damage|p1a: Staraptor|0 fnt|[from] Recoil\n|faint|p1a: Staraptor\n|move|p2a: Mesprit|Ice Beam|p1: Staraptor|[notarget]\n|-fail|p2a: Mesprit\n|\n|-weather|RainDance|[upkeep]\n|upkeep\n|\n|t:|1732963674\n|switch|p1a: Abomasnow|Abomasnow, L85, M|291/291\n|-weather|Snow|[from] ability: Snow Warning|[of] p1a: Abomasnow\n|turn|27\n|\n|t:|1732963681\n|move|p1a: Abomasnow|Ice Shard|p2a: Mesprit\n|-damage|p2a: Mesprit|0 fnt\n|faint|p2a: Mesprit\n|\n|-weather|Snow|[upkeep]\n|upkeep\n|\n|t:|1732963683\n|switch|p2a: Chesnaught|Chesnaught, L84, M|67/285\n|-activate|p2a: Chesnaught|move: Sticky Web\n|-unboost|p2a: Chesnaught|spe|1\n|turn|28\n|\n|t:|1732963689\n|-terastallize|p2a: Chesnaught|Steel\n|move|p1a: Abomasnow|Ice Shard|p2a: Chesnaught\n|-resisted|p2a: Chesnaught\n|-damage|p2a: Chesnaught|51/285\n|move|p2a: Chesnaught|Synthesis|p2a: Chesnaught\n|-heal|p2a: Chesnaught|122/285\n|\n|-weather|Snow|[upkeep]\n|upkeep\n|turn|29\n|\n|t:|1732963698\n|move|p1a: Abomasnow|Aurora Veil|p1a: Abomasnow\n|-sidestart|p1: ballzak35|move: Aurora Veil\n|move|p2a: Chesnaught|Synthesis|p2a: Chesnaught\n|-heal|p2a: Chesnaught|193/285\n|\n|-weather|Snow|[upkeep]\n|upkeep\n|turn|30\n|\n|t:|1732963705\n|switch|p1a: Groudon|Groudon, L72|263/263\n|-weather|SunnyDay|[from] ability: Drought|[of] p1a: Groudon\n|move|p2a: Chesnaught|Body Press|p1a: Groudon\n|-damage|p1a: Groudon|224/263\n|\n|-weather|SunnyDay|[upkeep]\n|-heal|p1a: Groudon|240/263|[from] item: Leftovers\n|upkeep\n|turn|31\n|\n|t:|1732963715\n|-terastallize|p1a: Groudon|Fire\n|move|p1a: Groudon|Heat Crash|p2a: Chesnaught\n|-supereffective|p2a: Chesnaught\n|-damage|p2a: Chesnaught|0 fnt\n|-damage|p1a: Groudon|197/263|[from] item: Rocky Helmet|[of] p2a: Chesnaught\n|faint|p2a: Chesnaught\n|\n|win|ballzak35\n|raw|ballzak35's rating: 1239 &rarr; <strong>1263</strong><br />(+24 for winning)\n|raw|alessaro's rating: 1219 &rarr; <strong>1195</strong><br />(-24 for losing)\n|l|\u2606alessaro\n|player|p2|\n", "inputlog": ">version b107d77f5c90bd6555267ae244a6264823309ead\n>start {\"formatid\":\"gen9randombattle\",\"seed\":[4542,29214,32650,14345],\"rated\":\"Rated battle\"}\n>player p1 {\"name\":\"ballzak35\",\"avatar\":\"zinnia\",\"rating\":1239,\"seed\":[30871,60114,38876,29740]}\n>player p2 {\"name\":\"alessaro\",\"avatar\":\"cynthia\",\"rating\":1219,\"seed\":[30681,17756,57181,62322]}\n>p1 move stickyweb\n>p2 switch 2\n>p1 switch 3\n>p2 move lavaplume\n>chat \u2606ballzak35|the burn sucks\n>p1 move liquidation\n>p2 switch 6\n>chat \u2606ballzak35|lmao\n>p1 switch 2\n>p2 move voltswitch\n>p1 move heatcrash\n>p2 switch 3\n>p1 switch 2\n>p2 move hydropump\n>p1 move trailblaze\n>p2 move hydropump\n>p1 switch 3\n>p1 move thunder\n>p2 switch 6\n>p1 switch 6\n>p2 move lavaplume\n>p1 move auroraveil\n>p2 move lavaplume\n>p1 switch 4\n>p2 move lavaplume\n>p1 move curse\n>p2 switch 4\n>p1 move curse\n>p2 move bodypress\n>p1 move doubleedge\n>p2 move bodypress\n>p1 move doubleedge\n>p2 move bodypress\n>p1 switch 4\n>p1 move iceshard\n>p2 switch 4\n>p1 switch 5\n>p2 move lavaplume\n>p1 move closecombat\n>p2 switch 3\n>chat \u2606ballzak35|no burn :D\n>p1 move closecombat\n>p2 move thunderbolt\n>p2 switch 2\n>p1 switch 6\n>p2 move thunderbolt\n>p1 move thunder\n>p2 switch 3\n>p1 move thunder\n>p2 move lavaplume\n>p2 switch 5\n>p1 switch 6\n>p2 move earthquake\n>p1 move bravebird\n>p2 move rapidspin\n>p2 switch 6\n>p1 move bravebird\n>p2 move icebeam\n>p2 switch 3\n>p1 move bravebird\n>p2 move icebeam\n>p1 switch 5\n>p1 move iceshard\n>p2 move psychic\n>p2 switch 4\n>p1 move iceshard\n>p2 move synthesis terastallize\n>p1 move auroraveil\n>p2 move synthesis\n>p1 switch 2\n>p2 move bodypress\n>p1 move heatcrash terastallize\n>p2 move woodhammer", "uploadtime": 1732963723, "views": 1, "formatid": "gen9randombattle", "rating": 1195, "private": 0, "password": null}