{"id": "gen9randombattle-2254167722", "format": "[Gen 9] Random Battle", "players": ["ZzerohxX", "taiyougetsu"], "log": "|j|\u203dZzerohxX\n|j|\u2606taiyougetsu\n|t:|1732999598\n|gametype|singles\n|player|p1|ZzerohxX|265|1375\n|player|p2|taiyougetsu|hilbert|1394\n|teamsize|p1|6\n|teamsize|p2|6\n|gen|9\n|tier|[Gen 9] Random Battle\n|rated|\n|rule|Species Clause: Limit one of each Pok\u00e9mon\n|rule|HP Percentage Mod: HP is shown in percentages\n|rule|Sleep Clause Mod: Limit one foe put to sleep\n|rule|Illusion Level Mod: Illusion disguises the Pok\u00e9mon's true level\n|\n|t:|1732999598\n|start\n|switch|p1a: Drednaw|Drednaw, L81, M|278/278\n|switch|p2a: Vileplume|Vileplume, L86, F|269/269\n|turn|1\n|\n|t:|1732999625\n|switch|p1a: Toxicroak|Toxicroak, L84, M|277/277\n|move|p2a: Vileplume|Strength Sap|p1a: Toxicroak\n|-unboost|p1a: Toxicroak|atk|1\n|\n|upkeep\n|turn|2\n|inactive|Battle timer is ON: inactive players will automatically lose when time's up. (requested by ZzerohxX)\n|inactive|taiyougetsu has 120 seconds left.\n|inactive|taiyougetsu has 90 seconds left.\n|\n|t:|1732999707\n|switch|p2a: Hippowdon|Hippowdon, L82, F|311/311\n|-weather|Sandstorm|[from] ability: Sand Stream|[of] p2a: Hippowdon\n|move|p1a: Toxicroak|Swords Dance|p1a: Toxicroak\n|-boost|p1a: Toxicroak|atk|2\n|\n|-weather|Sandstorm|[upkeep]\n|-damage|p1a: Toxicroak|260/277|[from] Sandstorm\n|upkeep\n|turn|3\n|\n|t:|1732999734\n|switch|p1a: Palossand|Palossand, L89, F|296/296\n|move|p2a: Hippowdon|Earthquake|p1a: Palossand\n|-damage|p1a: Palossand|202/296\n|\n|-weather|Sandstorm|[upkeep]\n|-heal|p1a: Palossand|220/296|[from] item: Leftovers\n|upkeep\n|turn|4\n|inactive|ZzerohxX has 120 seconds left.\n|\n|t:|1732999759\n|switch|p2a: Quagsire|Quagsire, L84, M|297/297\n|move|p1a: Palossand|Stealth Rock|p2a: Quagsire\n|-sidestart|p2: taiyougetsu|move: Stealth Rock\n|\n|-weather|Sandstorm|[upkeep]\n|-heal|p1a: Palossand|238/296|[from] item: Leftovers\n|upkeep\n|turn|5\n|\n|t:|1732999771\n|switch|p1a: Glalie|Glalie, L96, F|309/309\n|move|p2a: Quagsire|Toxic|p1a: Glalie\n|-status|p1a: Glalie|tox\n|\n|-weather|Sandstorm|[upkeep]\n|-damage|p1a: Glalie|290/309 tox|[from] Sandstorm\n|-damage|p1a: Glalie|271/309 tox|[from] psn\n|upkeep\n|turn|6\n|\n|t:|1732999783\n|move|p1a: Glalie|Spikes|p2a: Quagsire\n|-sidestart|p2: taiyougetsu|Spikes\n|move|p2a: Quagsire|Earthquake|p1a: Glalie\n|-damage|p1a: Glalie|180/309 tox\n|\n|-weather|none\n|-damage|p1a: Glalie|142/309 tox|[from] psn\n|upkeep\n|turn|7\n|\n|t:|1732999798\n|switch|p2a: Magearna|Magearna, L77|250/250\n|-damage|p2a: Magearna|235/250|[from] Stealth Rock\n|-damage|p2a: Magearna|204/250|[from] Spikes\n|move|p1a: Glalie|Freeze-Dry|p2a: Magearna\n|-resisted|p2a: Magearna\n|-damage|p2a: Magearna|167/250\n|\n|-heal|p2a: Magearna|182/250|[from] item: Leftovers\n|-damage|p1a: Glalie|85/309 tox|[from] psn\n|upkeep\n|turn|8\n|\n|t:|1732999809\n|move|p1a: Glalie|Earthquake|p2a: Magearna\n|-supereffective|p2a: Magearna\n|-damage|p2a: Magearna|36/250\n|move|p2a: Magearna|Flash Cannon|p1a: Glalie\n|-supereffective|p1a: Glalie\n|-damage|p1a: Glalie|0 fnt\n|faint|p1a: Glalie\n|-ability|p2a: Magearna|Soul-Heart|boost\n|-boost|p2a: Magearna|spa|1\n|\n|-heal|p2a: Magearna|51/250|[from] item: Leftovers\n|upkeep\n|\n|t:|1732999825\n|switch|p1a: Barraskewda|Barraskewda, L81, F|231/231\n|turn|9\n|\n|t:|1732999829\n|move|p1a: Barraskewda|Waterfall|p2a: Magearna\n|-damage|p2a: Magearna|0 fnt\n|faint|p2a: Magearna\n|\n|upkeep\n|\n|t:|1732999834\n|switch|p2a: Vileplume|Vileplume, L86, F|269/269\n|-damage|p2a: Vileplume|236/269|[from] Stealth Rock\n|-damage|p2a: Vileplume|203/269|[from] Spikes\n|turn|10\n|\n|t:|1732999840\n|switch|p1a: Toxicroak|Toxicroak, L84, M|260/277\n|move|p2a: Vileplume|Giga Drain|p1a: Toxicroak\n|-resisted|p1a: Toxicroak\n|-damage|p1a: Toxicroak|200/277\n|-heal|p2a: Vileplume|233/269|[from] drain|[of] p1a: Toxicroak\n|\n|-heal|p2a: Vileplume|249/269|[from] item: Leftovers\n|upkeep\n|turn|11\n|\n|t:|1732999844\n|switch|p2a: Quagsire|Quagsire, L84, M|297/297\n|-damage|p2a: Quagsire|279/297|[from] Stealth Rock\n|-damage|p2a: Quagsire|242/297|[from] Spikes\n|move|p1a: Toxicroak|Swords Dance|p1a: Toxicroak\n|-boost|p1a: Toxicroak|atk|2\n|\n|-heal|p2a: Quagsire|260/297|[from] item: Leftovers\n|upkeep\n|turn|12\n|\n|t:|1732999857\n|switch|p1a: Palossand|Palossand, L89, F|238/296\n|move|p2a: Quagsire|Earthquake|p1a: Palossand\n|-damage|p1a: Palossand|157/296\n|\n|-heal|p1a: Palossand|175/296|[from] item: Leftovers\n|-heal|p2a: Quagsire|278/297|[from] item: Leftovers\n|upkeep\n|turn|13\n|\n|t:|1732999868\n|move|p1a: Palossand|Shadow Ball|p2a: Quagsire\n|-damage|p2a: Quagsire|160/297\n|move|p2a: Quagsire|Ice Beam|p1a: Palossand\n|-supereffective|p1a: Palossand\n|-damage|p1a: Palossand|83/296\n|\n|-heal|p1a: Palossand|101/296|[from] item: Leftovers\n|-heal|p2a: Quagsire|178/297|[from] item: Leftovers\n|upkeep\n|turn|14\n|\n|t:|1732999875\n|move|p1a: Palossand|Shore Up|p1a: Palossand\n|-heal|p1a: Palossand|249/296\n|move|p2a: Quagsire|Toxic|p1a: Palossand\n|-status|p1a: Palossand|tox\n|\n|-heal|p1a: Palossand|267/296 tox|[from] item: Leftovers\n|-heal|p2a: Quagsire|196/297|[from] item: Leftovers\n|-damage|p1a: Palossand|249/296 tox|[from] psn\n|upkeep\n|turn|15\n|\n|t:|1732999888\n|switch|p1a: Cyclizar|Cyclizar, L83, F|252/252\n|move|p2a: Quagsire|Recover|p2a: Quagsire\n|-heal|p2a: Quagsire|297/297\n|\n|upkeep\n|turn|16\n|\n|t:|1732999895\n|move|p1a: Cyclizar|Shed Tail|p1a: Cyclizar\n|-start|p1a: Cyclizar|Substitute|[from] move: Shed Tail\n|-damage|p1a: Cyclizar|126/252\n|\n|t:|1732999898\n|switch|p1a: Barraskewda|Barraskewda, L81, F|231/231|[from] Shed Tail\n|move|p2a: Quagsire|Ice Beam|p1a: Barraskewda\n|-resisted|p1a: Barraskewda\n|-activate|p1a: Barraskewda|move: Substitute|[damage]\n|\n|upkeep\n|turn|17\n|\n|t:|1732999903\n|move|p1a: Barraskewda|Waterfall|p2a: Quagsire\n|-damage|p2a: Quagsire|147/297\n|move|p2a: Quagsire|Earthquake|p1a: Barraskewda\n|-end|p1a: Barraskewda|Substitute\n|\n|-heal|p2a: Quagsire|165/297|[from] item: Leftovers\n|upkeep\n|turn|18\n|\n|t:|1732999908\n|move|p1a: Barraskewda|Waterfall|p2a: Quagsire\n|-damage|p2a: Quagsire|12/297\n|move|p2a: Quagsire|Recover|p2a: Quagsire\n|-heal|p2a: Quagsire|161/297\n|\n|-heal|p2a: Quagsire|179/297|[from] item: Leftovers\n|upkeep\n|turn|19\n|\n|t:|1732999913\n|move|p1a: Barraskewda|Waterfall|p2a: Quagsire\n|-damage|p2a: Quagsire|34/297\n|move|p2a: Quagsire|Toxic|p1a: Barraskewda\n|-status|p1a: Barraskewda|tox\n|\n|-heal|p2a: Quagsire|52/297|[from] item: Leftovers\n|-damage|p1a: Barraskewda|217/231 tox|[from] psn\n|upkeep\n|turn|20\n|\n|t:|1732999921\n|switch|p2a: Toxicroak|Toxicroak, L84, M|277/277\n|-damage|p2a: Toxicroak|260/277|[from] Stealth Rock\n|-damage|p2a: Toxicroak|226/277|[from] Spikes\n|move|p1a: Barraskewda|Waterfall|p2a: Toxicroak\n|-heal|p2a: Toxicroak|277/277|[from] ability: Dry Skin|[of] p1a: Barraskewda\n|\n|-damage|p1a: Barraskewda|189/231 tox|[from] psn\n|upkeep\n|turn|21\n|\n|t:|1732999926\n|switch|p1a: Palossand|Palossand, L89, F|249/296 tox\n|move|p2a: Toxicroak|Knock Off|p1a: Palossand\n|-supereffective|p1a: Palossand\n|-damage|p1a: Palossand|59/296 tox\n|-enditem|p1a: Palossand|Leftovers|[from] move: Knock Off|[of] p2a: Toxicroak\n|\n|-damage|p1a: Palossand|41/296 tox|[from] psn\n|upkeep\n|turn|22\n|\n|t:|1732999929\n|move|p2a: Toxicroak|Knock Off|p1a: Palossand\n|-supereffective|p1a: Palossand\n|-damage|p1a: Palossand|0 fnt\n|faint|p1a: Palossand\n|\n|upkeep\n|\n|t:|1732999939\n|switch|p1a: Barraskewda|Barraskewda, L81, F|189/231 tox\n|turn|23\n|\n|t:|1732999947\n|switch|p1a: Cyclizar|Cyclizar, L83, F|210/252\n|switch|p2a: Hippowdon|Hippowdon, L82, F|311/311\n|-damage|p2a: Hippowdon|292/311|[from] Stealth Rock\n|-damage|p2a: Hippowdon|254/311|[from] Spikes\n|-weather|Sandstorm|[from] ability: Sand Stream|[of] p2a: Hippowdon\n|\n|-weather|Sandstorm|[upkeep]\n|-damage|p1a: Cyclizar|195/252|[from] Sandstorm\n|-heal|p2a: Hippowdon|273/311|[from] item: Leftovers\n|upkeep\n|turn|24\n|\n|t:|1732999959\n|move|p1a: Cyclizar|Draco Meteor|p2a: Hippowdon\n|-damage|p2a: Hippowdon|125/311\n|-unboost|p1a: Cyclizar|spa|2\n|move|p2a: Hippowdon|Earthquake|p1a: Cyclizar\n|-damage|p1a: Cyclizar|53/252\n|\n|-weather|Sandstorm|[upkeep]\n|-damage|p1a: Cyclizar|38/252|[from] Sandstorm\n|-heal|p2a: Hippowdon|144/311|[from] item: Leftovers\n|upkeep\n|turn|25\n|\n|t:|1732999967\n|switch|p1a: Toxicroak|Toxicroak, L84, M|200/277\n|move|p2a: Hippowdon|Slack Off|p2a: Hippowdon\n|-heal|p2a: Hippowdon|300/311\n|\n|-weather|Sandstorm|[upkeep]\n|-damage|p1a: Toxicroak|183/277|[from] Sandstorm\n|-heal|p2a: Hippowdon|311/311|[from] item: Leftovers\n|upkeep\n|turn|26\n|\n|t:|1732999972\n|-terastallize|p1a: Toxicroak|Ground\n|move|p1a: Toxicroak|Swords Dance|p1a: Toxicroak\n|-boost|p1a: Toxicroak|atk|2\n|move|p2a: Hippowdon|Earthquake|p1a: Toxicroak\n|-damage|p1a: Toxicroak|48/277\n|\n|-weather|Sandstorm|[upkeep]\n|upkeep\n|turn|27\n|\n|t:|1732999978\n|move|p1a: Toxicroak|Close Combat|p2a: Hippowdon\n|-damage|p2a: Hippowdon|48/311\n|-unboost|p1a: Toxicroak|def|1\n|-unboost|p1a: Toxicroak|spd|1\n|-damage|p1a: Toxicroak|21/277|[from] item: Life Orb\n|move|p2a: Hippowdon|Earthquake|p1a: Toxicroak\n|-damage|p1a: Toxicroak|0 fnt\n|faint|p1a: Toxicroak\n|\n|-weather|none\n|-heal|p2a: Hippowdon|67/311|[from] item: Leftovers\n|upkeep\n|\n|t:|1732999982\n|switch|p1a: Barraskewda|Barraskewda, L81, F|189/231 tox\n|turn|28\n|\n|t:|1732999989\n|switch|p2a: Vileplume|Vileplume, L86, F|249/269\n|-damage|p2a: Vileplume|216/269|[from] Stealth Rock\n|-damage|p2a: Vileplume|183/269|[from] Spikes\n|move|p1a: Barraskewda|Psychic Fangs|p2a: Vileplume\n|-supereffective|p2a: Vileplume\n|-damage|p2a: Vileplume|0 fnt\n|faint|p2a: Vileplume\n|\n|-damage|p1a: Barraskewda|175/231 tox|[from] psn\n|upkeep\n|\n|t:|1732999994\n|switch|p2a: Quagsire|Quagsire, L84, M|52/297\n|-damage|p2a: Quagsire|34/297|[from] Stealth Rock\n|-damage|p2a: Quagsire|0 fnt|[from] Spikes\n|faint|p2a: Quagsire\n|\n|t:|1732999995\n|switch|p2a: Hippowdon|Hippowdon, L82, F|67/311\n|-damage|p2a: Hippowdon|48/311|[from] Stealth Rock\n|-damage|p2a: Hippowdon|10/311|[from] Spikes\n|-weather|Sandstorm|[from] ability: Sand Stream|[of] p2a: Hippowdon\n|turn|29\n|\n|t:|1733000003\n|move|p1a: Barraskewda|Psychic Fangs|p2a: Hippowdon\n|-damage|p2a: Hippowdon|0 fnt\n|faint|p2a: Hippowdon\n|\n|-weather|Sandstorm|[upkeep]\n|-damage|p1a: Barraskewda|161/231 tox|[from] Sandstorm\n|-damage|p1a: Barraskewda|133/231 tox|[from] psn\n|upkeep\n|\n|t:|1733000009\n|switch|p2a: Toxicroak|Toxicroak, L84, M|277/277\n|-damage|p2a: Toxicroak|260/277|[from] Stealth Rock\n|-damage|p2a: Toxicroak|226/277|[from] Spikes\n|turn|30\n|\n|t:|1733000020\n|switch|p1a: Cyclizar|Cyclizar, L83, F|122/252\n|-terastallize|p2a: Toxicroak|Dark\n|move|p2a: Toxicroak|Knock Off|p1a: Cyclizar\n|-damage|p1a: Cyclizar|0 fnt\n|-enditem|p1a: Cyclizar|Heavy-Duty Boots|[from] move: Knock Off|[of] p2a: Toxicroak\n|faint|p1a: Cyclizar\n|\n|-weather|Sandstorm|[upkeep]\n|-damage|p2a: Toxicroak|209/277|[from] Sandstorm\n|upkeep\n|\n|t:|1733000027\n|switch|p1a: Barraskewda|Barraskewda, L81, F|133/231 tox\n|turn|31\n|\n|t:|1733000031\n|switch|p2a: Urshifu|Urshifu-Rapid-Strike, L75, F|274/274\n|-damage|p2a: Urshifu|257/274|[from] Stealth Rock\n|-damage|p2a: Urshifu|223/274|[from] Spikes\n|move|p1a: Barraskewda|Close Combat|p2a: Urshifu\n|-damage|p2a: Urshifu|70/274\n|-unboost|p1a: Barraskewda|def|1\n|-unboost|p1a: Barraskewda|spd|1\n|\n|-weather|Sandstorm|[upkeep]\n|-damage|p1a: Barraskewda|119/231 tox|[from] Sandstorm\n|-damage|p2a: Urshifu|53/274|[from] Sandstorm\n|-damage|p1a: Barraskewda|105/231 tox|[from] psn\n|upkeep\n|turn|32\n|\n|t:|1733000039\n|move|p1a: Barraskewda|Close Combat|p2a: Urshifu\n|-damage|p2a: Urshifu|0 fnt\n|-unboost|p1a: Barraskewda|def|1\n|-unboost|p1a: Barraskewda|spd|1\n|faint|p2a: Urshifu\n|\n|-weather|Sandstorm|[upkeep]\n|-damage|p1a: Barraskewda|91/231 tox|[from] Sandstorm\n|-damage|p1a: Barraskewda|63/231 tox|[from] psn\n|upkeep\n|\n|t:|1733000041\n|switch|p2a: Toxicroak|Toxicroak, L84, M, tera:Dark|209/277\n|-damage|p2a: Toxicroak|175/277|[from] Stealth Rock\n|-damage|p2a: Toxicroak|141/277|[from] Spikes\n|turn|33\n|\n|t:|1733000045\n|move|p2a: Toxicroak|Sucker Punch|p1a: Barraskewda\n|-damage|p1a: Barraskewda|0 fnt\n|faint|p1a: Barraskewda\n|\n|-weather|none\n|upkeep\n|\n|t:|1733000047\n|switch|p1a: Drednaw|Drednaw, L81, M|278/278\n|turn|34\n|\n|t:|1733000052\n|move|p2a: Toxicroak|Sucker Punch|p1a: Drednaw\n|-damage|p1a: Drednaw|151/278\n|move|p1a: Drednaw|Stone Edge|p2a: Toxicroak\n|-damage|p2a: Toxicroak|12/277\n|\n|upkeep\n|turn|35\n|\n|t:|1733000055\n|move|p2a: Toxicroak|Sucker Punch|p1a: Drednaw\n|-damage|p1a: Drednaw|39/278\n|move|p1a: Drednaw|Crunch|p2a: Toxicroak\n|-resisted|p2a: Toxicroak\n|-damage|p2a: Toxicroak|0 fnt\n|faint|p2a: Toxicroak\n|\n|win|ZzerohxX\n|raw|ZzerohxX's rating: 1375 &rarr; <strong>1396</strong><br />(+21 for winning)\n|raw|taiyougetsu's rating: 1394 &rarr; <strong>1373</strong><br />(-21 for losing)\n|c|\u2606taiyougetsu|gg\n", "inputlog": ">version b107d77f5c90bd6555267ae244a6264823309ead\n>start {\"formatid\":\"gen9randombattle\",\"seed\":[26238,5804,64973,55676],\"rated\":\"Rated battle\"}\n>player p1 {\"name\":\"ZzerohxX\",\"avatar\":\"265\",\"rating\":1375,\"seed\":[33264,36243,22634,24877]}\n>player p2 {\"name\":\"taiyougetsu\",\"avatar\":\"hilbert\",\"rating\":1394,\"seed\":[46519,62743,56664,60963]}\n>p1 switch 3\n>p2 move strengthsap\n>p1 move swordsdance\n>p2 switch 6\n>p1 switch 6\n>p2 move earthquake\n>p1 move stealthrock\n>p2 switch 4\n>p1 switch 4\n>p2 move toxic\n>p1 move spikes\n>p2 move earthquake\n>p1 move freezedry\n>p2 switch 5\n>p1 move earthquake\n>p2 move flashcannon\n>p1 switch 2\n>p1 move waterfall\n>p2 move fleurcannon\n>p2 switch 6\n>p1 switch 6\n>p2 move gigadrain\n>p1 move swordsdance\n>p2 switch 5\n>p1 switch 4\n>p2 move earthquake\n>p1 move shadowball\n>p2 move icebeam\n>p1 move shoreup\n>p2 move toxic\n>p1 switch 5\n>p2 move recover\n>p1 move shedtail\n>p2 move icebeam\n>p1 switch 6\n>p1 move waterfall\n>p2 move earthquake\n>p1 move waterfall\n>p2 move recover\n>p1 move waterfall\n>p2 move toxic\n>p1 move waterfall\n>p2 switch 2\n>p1 switch 5\n>p2 move knockoff\n>p1 move earthpower\n>p2 move knockoff\n>p1 switch 5\n>p1 switch 6\n>p2 switch 4\n>p1 move dracometeor\n>p2 move earthquake\n>p1 switch 4\n>p2 move slackoff\n>p1 move swordsdance terastallize\n>p2 move earthquake\n>p1 move closecombat\n>p2 move earthquake\n>p1 switch 6\n>p1 move psychicfangs\n>p2 switch 5\n>p2 switch 2\n>p2 switch 5\n>p1 move psychicfangs\n>p2 move slackoff\n>p2 switch 4\n>p1 switch 4\n>p2 move knockoff terastallize\n>p1 switch 4\n>p1 move closecombat\n>p2 switch 3\n>p1 move closecombat\n>p2 move closecombat\n>p2 switch 3\n>p1 move closecombat\n>p2 move suckerpunch\n>p1 switch 3\n>p1 move stoneedge\n>p2 move suckerpunch\n>p1 move crunch\n>p2 move suckerpunch", "uploadtime": 1733000062, "views": 1, "formatid": "gen9randombattle", "rating": 1373, "private": 0, "password": null}