{"id": "gen9randombattle-2253829055", "format": "[Gen 9] Random Battle", "players": ["cheese xuebao", "Wuloo"], "log": "|j|\u2606cheese xuebao\n|j|\u2606Wuloo\n|t:|1732944785\n|gametype|singles\n|player|p1|cheese xuebao|miku-ground|\n|player|p2|Wuloo|collector|\n|teamsize|p1|6\n|teamsize|p2|6\n|gen|9\n|tier|[Gen 9] Random Battle\n|rule|Species Clause: Limit one of each Pok\u00e9mon\n|rule|HP Percentage Mod: HP is shown in percentages\n|rule|Sleep Clause Mod: Limit one foe put to sleep\n|rule|Illusion Level Mod: Illusion disguises the Pok\u00e9mon's true level\n|\n|t:|1732944785\n|start\n|switch|p1a: Espathra|Espathra, L80, F|283/283\n|switch|p2a: Latias|Latias, L79, F|256/256\n|turn|1\n|\n|t:|1732944809\n|switch|p2a: Muk|Muk-Alola, L82, F|306/306\n|switch|p1a: Lokix|Lokix, L82, M|251/251\n|\n|upkeep\n|turn|2\n|\n|t:|1732944836\n|switch|p2a: Tauros|Tauros-Paldea-Combat, L82, M|257/257\n|-ability|p2a: Tauros|Intimidate|boost\n|-unboost|p1a: Lokix|atk|1\n|move|p1a: Lokix|First Impression|p2a: Tauros\n|-resisted|p2a: Tauros\n|-damage|p2a: Tauros|191/257\n|\n|upkeep\n|turn|3\n|\n|t:|1732944848\n|switch|p1a: Milotic|Milotic, L83, F|293/293\n|move|p2a: Tauros|Close Combat|p1a: Milotic\n|-damage|p1a: Milotic|120/293\n|-unboost|p2a: Tauros|def|1\n|-unboost|p2a: Tauros|spd|1\n|-damage|p2a: Tauros|166/257|[from] item: Life Orb\n|\n|-heal|p1a: Milotic|138/293|[from] item: Leftovers\n|upkeep\n|turn|4\n|\n|t:|1732944865\n|move|p2a: Tauros|Throat Chop|p1a: Milotic\n|-damage|p1a: Milotic|48/293\n|-start|p1a: Milotic|Throat Chop|[silent]\n|-damage|p2a: Tauros|141/257|[from] item: Life Orb\n|move|p1a: Milotic|Scald|p2a: Tauros\n|-damage|p2a: Tauros|0 fnt\n|faint|p2a: Tauros\n|\n|-heal|p1a: Milotic|66/293|[from] item: Leftovers\n|upkeep\n|\n|t:|1732944870\n|switch|p2a: Ampharos|Ampharos, L88, M|302/302\n|turn|5\n|c|\u2606cheese xuebao|\u4e3a\u4ec0\u4e48\u4e0d\u7ee7\u7eed\u8fd1\u8eab\u6218\u5462\uff1f\n|\n|t:|1732944880\n|switch|p1a: Komala|Komala, L89, M|260/260\n|-ability|p1a: Komala|Comatose\n|-terastallize|p2a: Ampharos|Electric\n|move|p2a: Ampharos|Thunderbolt|p1a: Komala\n|-damage|p1a: Komala|143/260\n|-damage|p2a: Ampharos|272/302|[from] item: Life Orb\n|\n|upkeep\n|turn|6\n|\n|t:|1732944892\n|move|p1a: Komala|Earthquake|p2a: Ampharos\n|-supereffective|p2a: Ampharos\n|-damage|p2a: Ampharos|98/302\n|move|p2a: Ampharos|Dazzling Gleam|p1a: Komala\n|-damage|p1a: Komala|86/260\n|-damage|p2a: Ampharos|68/302|[from] item: Life Orb\n|\n|upkeep\n|turn|7\n|\n|t:|1732944897\n|move|p1a: Komala|Earthquake|p2a: Ampharos\n|-supereffective|p2a: Ampharos\n|-damage|p2a: Ampharos|0 fnt\n|faint|p2a: Ampharos\n|\n|upkeep\n|c|\u2606Wuloo|\u54c7\u5076\n|\n|t:|1732944910\n|switch|p2a: Muk|Muk-Alola, L82, F|306/306\n|turn|8\n|\n|t:|1732944918\n|move|p1a: Komala|Earthquake|p2a: Muk\n|-supereffective|p2a: Muk\n|-damage|p2a: Muk|90/306\n|move|p2a: Muk|Knock Off|p1a: Komala\n|-damage|p1a: Komala|0 fnt\n|-enditem|p1a: Komala|Assault Vest|[from] move: Knock Off|[of] p2a: Muk\n|faint|p1a: Komala\n|\n|upkeep\n|\n|t:|1732944927\n|switch|p1a: Cinccino|Cinccino, L83, M|260/260\n|turn|9\n|\n|t:|1732944939\n|move|p1a: Cinccino|Tail Slap|p2a: Muk|[miss]\n|-miss|p1a: Cinccino|p2a: Muk\n|move|p2a: Muk|Poison Jab|p1a: Cinccino\n|-damage|p1a: Cinccino|137/260\n|-status|p1a: Cinccino|psn\n|\n|-damage|p1a: Cinccino|105/260 psn|[from] psn\n|upkeep\n|turn|10\n|c|\u2606cheese xuebao|\uff1f\n|\n|t:|1732944945\n|move|p1a: Cinccino|Tail Slap|p2a: Muk\n|-damage|p2a: Muk|44/306\n|-damage|p2a: Muk|0 fnt\n|faint|p2a: Muk\n|-hitcount|p2: Muk|2\n|\n|-damage|p1a: Cinccino|73/260 psn|[from] psn\n|upkeep\n|\n|t:|1732944952\n|switch|p2a: Munkidori|Munkidori, L79, M|269/269\n|turn|11\n|\n|t:|1732944961\n|move|p1a: Cinccino|Tail Slap|p2a: Munkidori\n|-damage|p2a: Munkidori|214/269\n|-damage|p2a: Munkidori|163/269\n|-crit|p2a: Munkidori\n|-damage|p2a: Munkidori|93/269\n|-damage|p2a: Munkidori|41/269\n|-damage|p2a: Munkidori|0 fnt\n|faint|p2a: Munkidori\n|-hitcount|p2: Munkidori|5\n|\n|-damage|p1a: Cinccino|41/260 psn|[from] psn\n|upkeep\n|c|\u2606Wuloo|\uff1f\u8fd9\u662f\u6253\u4e86\u591a\u5c11\u4e0b\n|\n|t:|1732944982\n|switch|p2a: Dewgong|Dewgong, L94, M|322/322\n|turn|12\n|c|\u2606cheese xuebao|\u4e94\n|\n|t:|1732944994\n|-terastallize|p1a: Cinccino|Grass\n|move|p1a: Cinccino|Bullet Seed|p2a: Dewgong\n|-supereffective|p2a: Dewgong\n|-crit|p2a: Dewgong\n|-damage|p2a: Dewgong|206/322\n|-supereffective|p2a: Dewgong\n|-damage|p2a: Dewgong|134/322\n|-supereffective|p2a: Dewgong\n|-damage|p2a: Dewgong|60/322\n|-supereffective|p2a: Dewgong\n|-damage|p2a: Dewgong|0 fnt\n|faint|p2a: Dewgong\n|-hitcount|p2: Dewgong|4\n|\n|-damage|p1a: Cinccino|9/260 psn|[from] psn\n|upkeep\n|c|\u2606Wuloo|\uff1f\u8fd9\u4ec0\u4e48\u51b2\u950b\u67aa\n|\n|t:|1732945018\n|switch|p2a: Latias|Latias, L79, F|256/256\n|turn|13\n|\n|t:|1732945026\n|move|p1a: Cinccino|Triple Axel|p2a: Latias\n|-supereffective|p2a: Latias\n|-damage|p2a: Latias|210/256\n|-supereffective|p2a: Latias\n|-damage|p2a: Latias|122/256\n|-supereffective|p2a: Latias\n|-damage|p2a: Latias|0 fnt\n|faint|p2a: Latias\n|-hitcount|p2: Latias|3\n|\n|win|cheese xuebao\n|c|\u2606Wuloo|\uff1f\n|c|\u2606Wuloo|\uff1f\uff1f\uff1f\n|c|\u2606cheese xuebao|\u79bb\u8c31\n|l|\u2606cheese xuebao\n|player|p1|\n|c|\u2606Wuloo|\u8fd9\u7279\u4e48\u8d85\u7ea7\u8001\u9f20\n", "inputlog": ">version b107d77f5c90bd6555267ae244a6264823309ead\n>start {\"formatid\":\"gen9randombattle\",\"seed\":[25789,27834,12026,20810]}\n>player p1 {\"name\":\"cheese xuebao\",\"avatar\":\"miku-ground\",\"rating\":0,\"seed\":[39669,15765,60190,13157]}\n>player p2 {\"name\":\"Wuloo\",\"avatar\":\"collector\",\"rating\":0,\"seed\":[5381,39677,31314,13274]}\n>p1 switch 4\n>p2 switch 6\n>p1 move firstimpression\n>p2 switch 5\n>p1 switch 5\n>p2 move closecombat\n>p1 move scald\n>p2 move throatchop\n>p2 switch 3\n>chat \u2606cheese xuebao|\u4e3a\u4ec0\u4e48\u4e0d\u7ee7\u7eed\u8fd1\u8eab\u6218\u5462\uff1f\n>p1 switch 3\n>p2 move thunderbolt terastallize\n>p1 move earthquake\n>p2 move dazzlinggleam\n>p1 move earthquake\n>p2 move thunderbolt\n>chat \u2606Wuloo|\u54c7\u5076\n>p2 switch 5\n>p1 move earthquake\n>p2 move knockoff\n>p1 switch 2\n>p1 move tailslap\n>p2 move poisonjab\n>chat \u2606cheese xuebao|\uff1f\n>p1 move tailslap\n>p2 move poisonjab\n>p2 switch 4\n>p1 move tailslap\n>p2 move sludgewave\n>chat \u2606Wuloo|\uff1f\u8fd9\u662f\u6253\u4e86\u591a\u5c11\u4e0b\n>p2 switch 2\n>chat \u2606cheese xuebao|\u4e94\n>p1 move bulletseed terastallize\n>p2 move icebeam\n>chat \u2606Wuloo|\uff1f\u8fd9\u4ec0\u4e48\u51b2\u950b\u67aa\n>p2 switch 6\n>p1 move tripleaxel\n>p2 move calmmind", "uploadtime": 1732945052, "views": 1, "formatid": "gen9randombattle", "rating": null, "private": 0, "password": null}