{"id": "gen9randombattle-2254100276", "format": "[Gen 9] Random Battle", "players": ["idfkwtp", "Ninja2k3"], "log": "|j|\u2606idfkwtp\n|j|\u2606Ninja2k3\n|t:|1732991283\n|gametype|singles\n|player|p1|idfkwtp|102|1558\n|player|p2|Ninja2k3|red|1604\n|teamsize|p1|6\n|teamsize|p2|6\n|gen|9\n|tier|[Gen 9] Random Battle\n|rated|\n|rule|Species Clause: Limit one of each Pok\u00e9mon\n|rule|HP Percentage Mod: HP is shown in percentages\n|rule|Sleep Clause Mod: Limit one foe put to sleep\n|rule|Illusion Level Mod: Illusion disguises the Pok\u00e9mon's true level\n|\n|t:|1732991283\n|start\n|switch|p1a: Houndoom|Houndoom, L87, F|272/272\n|switch|p2a: Minior|Minior-Orange, L79|224/224\n|-formechange|p2a: Minior|Minior-Meteor||[from] ability: Shields Down\n|turn|1\n|inactive|Battle timer is ON: inactive players will automatically lose when time's up. (requested by Ninja2k3)\n|\n|t:|1732991305\n|switch|p1a: Gastrodon|Gastrodon-East, L86, F|331/331\n|move|p2a: Minior|Shell Smash|p2a: Minior\n|-unboost|p2a: Minior|def|1\n|-unboost|p2a: Minior|spd|1\n|-boost|p2a: Minior|atk|2\n|-boost|p2a: Minior|spa|2\n|-boost|p2a: Minior|spe|2\n|-enditem|p2a: Minior|White Herb\n|-clearnegativeboost|p2a: Minior|[silent]\n|\n|upkeep\n|turn|2\n|\n|t:|1732991315\n|move|p2a: Minior|Acrobatics|p1a: Gastrodon\n|-damage|p1a: Gastrodon|171/331\n|move|p1a: Gastrodon|Surf|p2a: Minior\n|-supereffective|p2a: Minior\n|-damage|p2a: Minior|36/224\n|\n|-heal|p1a: Gastrodon|191/331|[from] item: Leftovers\n|-formechange|p2a: Minior|Minior-Orange||[from] ability: Shields Down\n|upkeep\n|turn|3\n|\n|t:|1732991330\n|move|p2a: Minior|Acrobatics|p1a: Gastrodon\n|-damage|p1a: Gastrodon|0 fnt\n|faint|p1a: Gastrodon\n|\n|upkeep\n|\n|t:|1732991348\n|switch|p1a: Grimmsnarl|Grimmsnarl, L83, M|293/293\n|turn|4\n|\n|t:|1732991356\n|move|p1a: Grimmsnarl|Sucker Punch|p2a: Minior\n|-damage|p2a: Minior|0 fnt\n|faint|p2a: Minior\n|\n|upkeep\n|\n|t:|1732991379\n|switch|p2a: Scovillain|Scovillain, L91, M|266/266\n|turn|5\n|\n|t:|1732991389\n|move|p1a: Grimmsnarl|Thunder Wave|p2a: Scovillain\n|-status|p2a: Scovillain|par\n|cant|p2a: Scovillain|par\n|\n|upkeep\n|turn|6\n|\n|t:|1732991403\n|move|p1a: Grimmsnarl|Parting Shot|p2a: Scovillain\n|-unboost|p2a: Scovillain|atk|1\n|-unboost|p2a: Scovillain|spa|1\n|\n|t:|1732991408\n|switch|p1a: Appletun|Appletun, L92, F|352/352|[from] Parting Shot\n|move|p2a: Scovillain|Substitute|p2a: Scovillain\n|-start|p2a: Scovillain|Substitute\n|-damage|p2a: Scovillain|200/266 par\n|\n|-heal|p2a: Scovillain|216/266 par|[from] item: Leftovers\n|upkeep\n|turn|7\n|\n|t:|1732991416\n|move|p1a: Appletun|Dragon Pulse|p2a: Scovillain\n|-end|p2a: Scovillain|Substitute\n|move|p2a: Scovillain|Flamethrower|p1a: Appletun\n|-damage|p1a: Appletun|312/352\n|\n|-heal|p1a: Appletun|334/352|[from] item: Leftovers\n|-heal|p2a: Scovillain|232/266 par|[from] item: Leftovers\n|upkeep\n|turn|8\n|\n|t:|1732991429\n|switch|p2a: Indeedee|Indeedee-F, L90, F|272/272\n|-fieldstart|move: Psychic Terrain|[from] ability: Psychic Surge|[of] p2a: Indeedee\n|move|p1a: Appletun|Dragon Pulse|p2a: Indeedee\n|-damage|p2a: Indeedee|190/272\n|\n|-heal|p1a: Appletun|352/352|[from] item: Leftovers\n|upkeep\n|turn|9\n|\n|t:|1732991459\n|-terastallize|p1a: Appletun|Steel\n|move|p2a: Indeedee|Dazzling Gleam|p1a: Appletun\n|-resisted|p1a: Appletun\n|-damage|p1a: Appletun|319/352\n|move|p1a: Appletun|Leech Seed|p2a: Indeedee\n|-start|p2a: Indeedee|move: Leech Seed\n|\n|-heal|p1a: Appletun|341/352|[from] item: Leftovers\n|-damage|p2a: Indeedee|156/272|[from] Leech Seed|[of] p1a: Appletun\n|-heal|p1a: Appletun|352/352|[silent]\n|upkeep\n|turn|10\n|\n|t:|1732991474\n|switch|p2a: Scovillain|Scovillain, L91, M|232/266 par\n|move|p1a: Appletun|Apple Acid|p2a: Scovillain\n|-resisted|p2a: Scovillain\n|-damage|p2a: Scovillain|201/266 par\n|-unboost|p2a: Scovillain|spd|1\n|\n|-heal|p2a: Scovillain|217/266 par|[from] item: Leftovers\n|upkeep\n|turn|11\n|\n|t:|1732991497\n|move|p1a: Appletun|Dragon Pulse|p2a: Scovillain\n|-damage|p2a: Scovillain|13/266 par\n|move|p2a: Scovillain|Substitute|p2a: Scovillain\n|-fail|p2a: Scovillain|move: Substitute|[weak]\n|\n|-heal|p2a: Scovillain|29/266 par|[from] item: Leftovers\n|upkeep\n|turn|12\n|\n|t:|1732991506\n|move|p1a: Appletun|Dragon Pulse|p2a: Scovillain\n|-damage|p2a: Scovillain|0 fnt\n|faint|p2a: Scovillain\n|\n|-fieldend|move: Psychic Terrain\n|upkeep\n|\n|t:|1732991528\n|switch|p2a: Munkidori|Munkidori, L79, M|269/269\n|turn|13\n|\n|t:|1732991535\n|move|p2a: Munkidori|Focus Blast|p1a: Appletun\n|-supereffective|p1a: Appletun\n|-damage|p1a: Appletun|94/352\n|move|p1a: Appletun|Leech Seed|p2a: Munkidori\n|-start|p2a: Munkidori|move: Leech Seed\n|\n|-heal|p1a: Appletun|116/352|[from] item: Leftovers\n|-damage|p2a: Munkidori|236/269|[from] Leech Seed|[of] p1a: Appletun\n|-heal|p1a: Appletun|149/352|[silent]\n|upkeep\n|turn|14\n|\n|t:|1732991547\n|switch|p1a: Yanmega|Yanmega, L82, M|275/275\n|move|p2a: Munkidori|Focus Blast|p1a: Yanmega\n|-resisted|p1a: Yanmega\n|-damage|p1a: Yanmega|227/275\n|-status|p1a: Yanmega|tox|[from] ability: Toxic Chain|[of] p2a: Munkidori\n|\n|-damage|p2a: Munkidori|203/269|[from] Leech Seed|[of] p1a: Yanmega\n|-heal|p1a: Yanmega|260/275 tox|[silent]\n|-damage|p1a: Yanmega|243/275 tox|[from] psn\n|upkeep\n|turn|15\n|\n|t:|1732991566\n|switch|p2a: Lanturn|Lanturn, L89, F|367/367\n|move|p1a: Yanmega|Air Slash|p2a: Lanturn\n|-resisted|p2a: Lanturn\n|-damage|p2a: Lanturn|321/367\n|\n|-heal|p2a: Lanturn|343/367|[from] item: Leftovers\n|-damage|p1a: Yanmega|209/275 tox|[from] psn\n|-ability|p1a: Yanmega|Speed Boost|boost\n|-boost|p1a: Yanmega|spe|1\n|upkeep\n|turn|16\n|\n|t:|1732991587\n|move|p1a: Yanmega|Bug Buzz|p2a: Lanturn\n|-damage|p2a: Lanturn|232/367\n|move|p2a: Lanturn|Thunderbolt|p1a: Yanmega\n|-supereffective|p1a: Yanmega\n|-damage|p1a: Yanmega|0 fnt\n|faint|p1a: Yanmega\n|\n|-heal|p2a: Lanturn|254/367|[from] item: Leftovers\n|upkeep\n|inactive|idfkwtp has 120 seconds left.\n|\n|t:|1732991599\n|switch|p1a: Appletun|Appletun, L92, F, tera:Steel|149/352\n|turn|17\n|\n|t:|1732991609\n|switch|p2a: Munkidori|Munkidori, L79, M|203/269\n|move|p1a: Appletun|Recover|p1a: Appletun\n|-heal|p1a: Appletun|325/352\n|\n|-heal|p1a: Appletun|347/352|[from] item: Leftovers\n|upkeep\n|turn|18\n|\n|t:|1732991626\n|move|p2a: Munkidori|Focus Blast|p1a: Appletun|[miss]\n|-miss|p2a: Munkidori|p1a: Appletun\n|move|p1a: Appletun|Dragon Pulse|p2a: Munkidori\n|-damage|p2a: Munkidori|83/269\n|\n|-heal|p1a: Appletun|352/352|[from] item: Leftovers\n|upkeep\n|turn|19\n|\n|t:|1732991645\n|switch|p2a: Indeedee|Indeedee-F, L90, F|156/272\n|-fieldstart|move: Psychic Terrain|[from] ability: Psychic Surge|[of] p2a: Indeedee\n|move|p1a: Appletun|Dragon Pulse|p2a: Indeedee\n|-damage|p2a: Indeedee|65/272\n|\n|upkeep\n|turn|20\n|\n|t:|1732991657\n|move|p2a: Indeedee|Healing Wish|p2a: Indeedee\n|faint|p2a: Indeedee\n|move|p1a: Appletun|Dragon Pulse|p2: Indeedee|[notarget]\n|-fail|p1a: Appletun\n|\n|upkeep\n|\n|t:|1732991666\n|switch|p2a: Munkidori|Munkidori, L79, M|83/269\n|-heal|p2a: Munkidori|269/269|[from] move: Healing Wish\n|turn|21\n|\n|t:|1732991675\n|-terastallize|p2a: Munkidori|Fighting\n|move|p2a: Munkidori|Focus Blast|p1a: Appletun\n|-supereffective|p1a: Appletun\n|-damage|p1a: Appletun|0 fnt\n|faint|p1a: Appletun\n|\n|upkeep\n|\n|t:|1732991689\n|switch|p1a: Grimmsnarl|Grimmsnarl, L83, M|293/293\n|turn|22\n|\n|t:|1732991694\n|switch|p2a: Lanturn|Lanturn, L89, F|254/367\n|move|p1a: Grimmsnarl|Thunder Wave|p2a: Lanturn\n|-activate|p2a: Lanturn|move: Psychic Terrain\n|\n|-heal|p2a: Lanturn|276/367|[from] item: Leftovers\n|upkeep\n|turn|23\n|\n|t:|1732991705\n|move|p2a: Lanturn|Thunder Wave|p1a: Grimmsnarl\n|-status|p1a: Grimmsnarl|par\n|move|p1a: Grimmsnarl|Spirit Break|p2a: Lanturn\n|-damage|p2a: Lanturn|167/367\n|-unboost|p2a: Lanturn|spa|1\n|\n|-heal|p2a: Lanturn|189/367|[from] item: Leftovers\n|-fieldend|move: Psychic Terrain\n|upkeep\n|turn|24\n|\n|t:|1732991722\n|switch|p2a: Munkidori|Munkidori, L79, M, tera:Fighting|269/269\n|move|p1a: Grimmsnarl|Spirit Break|p2a: Munkidori\n|-supereffective|p2a: Munkidori\n|-damage|p2a: Munkidori|39/269\n|-unboost|p2a: Munkidori|spa|1\n|\n|upkeep\n|turn|25\n|\n|t:|1732991734\n|move|p1a: Grimmsnarl|Thunder Wave|p2a: Munkidori\n|-status|p2a: Munkidori|par\n|move|p2a: Munkidori|Sludge Wave|p1a: Grimmsnarl\n|-supereffective|p1a: Grimmsnarl\n|-damage|p1a: Grimmsnarl|57/293 par\n|\n|-heal|p1a: Grimmsnarl|75/293 par|[from] item: Leftovers\n|upkeep\n|turn|26\n|\n|t:|1732991743\n|move|p1a: Grimmsnarl|Sucker Punch|p2a: Munkidori\n|-resisted|p2a: Munkidori\n|-crit|p2a: Munkidori\n|-damage|p2a: Munkidori|0 fnt\n|faint|p2a: Munkidori\n|\n|-heal|p1a: Grimmsnarl|93/293 par|[from] item: Leftovers\n|upkeep\n|\n|t:|1732991750\n|switch|p2a: Lanturn|Lanturn, L89, F|189/367\n|turn|27\n|\n|t:|1732991757\n|move|p1a: Grimmsnarl|Parting Shot|p2a: Lanturn\n|-unboost|p2a: Lanturn|atk|1\n|-unboost|p2a: Lanturn|spa|1\n|\n|t:|1732991762\n|switch|p1a: Houndoom|Houndoom, L87, F|272/272|[from] Parting Shot\n|move|p2a: Lanturn|Thunderbolt|p1a: Houndoom\n|-damage|p1a: Houndoom|211/272\n|\n|-heal|p2a: Lanturn|211/367|[from] item: Leftovers\n|upkeep\n|turn|28\n|\n|t:|1732991772\n|move|p1a: Houndoom|Nasty Plot|p1a: Houndoom\n|-boost|p1a: Houndoom|spa|2\n|move|p2a: Lanturn|Thunder Wave|p1a: Houndoom\n|-status|p1a: Houndoom|par\n|\n|-heal|p2a: Lanturn|233/367|[from] item: Leftovers\n|upkeep\n|turn|29\n|\n|t:|1732991782\n|move|p2a: Lanturn|Scald|p1a: Houndoom\n|-supereffective|p1a: Houndoom\n|-damage|p1a: Houndoom|97/272 par\n|move|p1a: Houndoom|Dark Pulse|p2a: Lanturn\n|-damage|p2a: Lanturn|37/367\n|\n|-heal|p2a: Lanturn|59/367|[from] item: Leftovers\n|upkeep\n|turn|30\n|\n|t:|1732991792\n|move|p2a: Lanturn|Scald|p1a: Houndoom\n|-supereffective|p1a: Houndoom\n|-damage|p1a: Houndoom|0 fnt\n|faint|p1a: Houndoom\n|\n|-heal|p2a: Lanturn|81/367|[from] item: Leftovers\n|upkeep\n|\n|t:|1732991809\n|switch|p1a: Grimmsnarl|Grimmsnarl, L83, M|93/293 par\n|turn|31\n|\n|t:|1732991816\n|switch|p2a: Bombirdier|Bombirdier, L85, F|258/258\n|move|p1a: Grimmsnarl|Spirit Break|p2a: Bombirdier\n|-supereffective|p2a: Bombirdier\n|-damage|p2a: Bombirdier|78/258\n|-unboost|p2a: Bombirdier|spa|1\n|\n|-heal|p1a: Grimmsnarl|111/293 par|[from] item: Leftovers\n|upkeep\n|turn|32\n|\n|t:|1732991835\n|cant|p1a: Grimmsnarl|par\n|move|p2a: Bombirdier|Brave Bird|p1a: Grimmsnarl\n|-damage|p1a: Grimmsnarl|0 fnt\n|faint|p1a: Grimmsnarl\n|-damage|p2a: Bombirdier|41/258|[from] Recoil\n|\n|upkeep\n|\n|t:|1732991840\n|switch|p1a: Vaporeon|Vaporeon, L86, M|364/364\n|turn|33\n|\n|t:|1732991846\n|move|p2a: Bombirdier|Brave Bird|p1a: Vaporeon\n|-damage|p1a: Vaporeon|85/364\n|-damage|p2a: Bombirdier|0 fnt|[from] Recoil\n|faint|p2a: Bombirdier\n|move|p1a: Vaporeon|Scald|p2: Bombirdier|[notarget]\n|-fail|p1a: Vaporeon\n|\n|-heal|p1a: Vaporeon|107/364|[from] item: Leftovers\n|upkeep\n|\n|t:|1732991853\n|switch|p2a: Lanturn|Lanturn, L89, F|81/367\n|turn|34\n|\n|t:|1732991859\n|move|p2a: Lanturn|Thunderbolt|p1a: Vaporeon\n|-supereffective|p1a: Vaporeon\n|-damage|p1a: Vaporeon|0 fnt\n|faint|p1a: Vaporeon\n|\n|win|Ninja2k3\n|raw|idfkwtp's rating: 1558 &rarr; <strong>1541</strong><br />(-17 for losing)\n|raw|Ninja2k3's rating: 1604 &rarr; <strong>1621</strong><br />(+17 for winning)\n|l|\u2606idfkwtp\n|player|p1|\n", "inputlog": ">version b107d77f5c90bd6555267ae244a6264823309ead\n>start {\"formatid\":\"gen9randombattle\",\"seed\":[3598,49837,47227,17166],\"rated\":\"Rated battle\"}\n>player p1 {\"name\":\"idfkwtp\",\"avatar\":\"102\",\"rating\":1558,\"seed\":[14986,50802,56409,26249]}\n>player p2 {\"name\":\"Ninja2k3\",\"avatar\":\"red\",\"rating\":1604,\"seed\":[18317,14758,22051,10924]}\n>p1 switch 5\n>p2 move shellsmash\n>p1 move surf\n>p2 move acrobatics\n>p1 move surf\n>p2 move acrobatics\n>p1 switch 2\n>p1 move suckerpunch\n>p2 move acrobatics\n>p2 switch 6\n>p1 move thunderwave\n>p2 move substitute\n>p1 move partingshot\n>p2 move substitute\n>p1 switch 4\n>p1 move dragonpulse\n>p2 move flamethrower\n>p1 move dragonpulse\n>p2 switch 3\n>p1 move leechseed terastallize\n>p2 move dazzlinggleam\n>p1 move appleacid\n>p2 switch 3\n>p1 move dragonpulse\n>p2 move substitute\n>p1 move dragonpulse\n>p2 move flamethrower\n>p2 switch 4\n>p1 move leechseed\n>p2 move focusblast\n>p1 switch 6\n>p2 move focusblast\n>p1 move airslash\n>p2 switch 5\n>p1 move bugbuzz\n>p2 move thunderbolt\n>p1 switch 6\n>p1 move recover\n>p2 switch 5\n>p1 move dragonpulse\n>p2 move focusblast\n>p1 move dragonpulse\n>p2 switch 3\n>p1 move dragonpulse\n>p2 move healingwish\n>p2 switch 3\n>p1 move appleacid\n>p2 move focusblast terastallize\n>p1 switch 4\n>p1 move thunderwave\n>p2 switch 5\n>p1 move spiritbreak\n>p2 move thunderwave\n>p1 move spiritbreak\n>p2 switch 5\n>p1 move thunderwave\n>p2 move sludgewave\n>p1 move suckerpunch\n>p2 move sludgewave\n>p2 switch 5\n>p1 move partingshot\n>p2 move thunderbolt\n>p1 switch 5\n>p1 move nastyplot\n>p2 move thunderwave\n>p1 move darkpulse\n>p2 move scald\n>p1 move darkpulse\n>p2 move scald\n>p1 switch 5\n>p1 move spiritbreak\n>p2 switch 2\n>p1 move suckerpunch\n>p2 move bravebird\n>p1 switch 3\n>p1 move scald\n>p2 move bravebird\n>p2 switch 2\n>p1 move wish\n>p2 move thunderbolt", "uploadtime": 1732991887, "views": 1, "formatid": "gen9randombattle", "rating": 1541, "private": 0, "password": null}