{"id": "gen9randombattle-2254157325", "format": "[Gen 9] Random Battle", "players": ["Soul Gem", "Nortea"], "log": "|j|\u2606Soul Gem\n|j|\u2606Nortea\n|t:|1732998301\n|gametype|singles\n|player|p1|Soul Gem|misty|2022\n|player|p2|Nortea|n|2060\n|teamsize|p1|6\n|teamsize|p2|6\n|gen|9\n|tier|[Gen 9] Random Battle\n|rated|\n|rule|Species Clause: Limit one of each Pok\u00e9mon\n|rule|HP Percentage Mod: HP is shown in percentages\n|rule|Sleep Clause Mod: Limit one foe put to sleep\n|rule|Illusion Level Mod: Illusion disguises the Pok\u00e9mon's true level\n|\n|t:|1732998301\n|start\n|switch|p1a: Salamence|Salamence, L77, F|273/273\n|switch|p2a: Ariados|Ariados, L95, F|287/287\n|turn|1\n|\n|t:|1732998326\n|switch|p2a: Coalossal|Coalossal, L89, M|341/341\n|move|p1a: Salamence|Dragon Dance|p1a: Salamence\n|-boost|p1a: Salamence|atk|1\n|-boost|p1a: Salamence|spe|1\n|\n|upkeep\n|turn|2\n|\n|t:|1732998335\n|move|p1a: Salamence|Earthquake|p2a: Coalossal\n|-supereffective|p2a: Coalossal\n|-damage|p2a: Coalossal|0 fnt\n|faint|p2a: Coalossal\n|-ability|p1a: Salamence|Moxie|boost\n|-boost|p1a: Salamence|atk|1\n|\n|upkeep\n|\n|t:|1732998338\n|switch|p2a: Landorus|Landorus, L75, M|257/257\n|turn|3\n|\n|t:|1732998348\n|move|p1a: Salamence|Dual Wingbeat|p2a: Landorus\n|-damage|p2a: Landorus|158/257\n|-damage|p2a: Landorus|52/257\n|-hitcount|p2a: Landorus|2\n|move|p2a: Landorus|Sludge Wave|p1a: Salamence\n|-damage|p1a: Salamence|155/273\n|\n|upkeep\n|turn|4\n|\n|t:|1732998354\n|move|p1a: Salamence|Dual Wingbeat|p2a: Landorus\n|-damage|p2a: Landorus|0 fnt\n|faint|p2a: Landorus\n|-ability|p1a: Salamence|Moxie|boost\n|-boost|p1a: Salamence|atk|1\n|-hitcount|p2: Landorus|1\n|\n|upkeep\n|\n|t:|1732998360\n|switch|p2a: Armarouge|Armarouge, L80, M|267/267\n|turn|5\n|\n|t:|1732998364\n|-terastallize|p2a: Armarouge|Grass\n|move|p1a: Salamence|Outrage|p2a: Armarouge\n|-damage|p2a: Armarouge|0 fnt\n|faint|p2a: Armarouge\n|-ability|p1a: Salamence|Moxie|boost\n|-boost|p1a: Salamence|atk|1\n|\n|upkeep\n|\n|t:|1732998369\n|switch|p2a: Alcremie|Alcremie, L90, F|263/263\n|turn|6\n|\n|t:|1732998373\n|move|p1a: Salamence|Outrage|p2a: Alcremie|[from]lockedmove\n|-immune|p2a: Alcremie\n|move|p2a: Alcremie|Alluring Voice|p1a: Salamence\n|-supereffective|p1a: Salamence\n|-damage|p1a: Salamence|0 fnt\n|faint|p1a: Salamence\n|\n|upkeep\n|\n|t:|1732998377\n|switch|p1a: Slaking|Slaking, L84, F|389/389\n|turn|7\n|\n|t:|1732998380\n|switch|p2a: Ariados|Ariados, L95, F|287/287\n|move|p1a: Slaking|Double-Edge|p2a: Ariados\n|-damage|p2a: Ariados|104/287\n|-damage|p1a: Slaking|329/389|[from] Recoil\n|\n|upkeep\n|turn|8\n|\n|t:|1732998387\n|switch|p1a: Inteleon|Inteleon, L81, F|246/246\n|move|p2a: Ariados|Sticky Web|p1a: Inteleon\n|-sidestart|p1: Soul Gem|move: Sticky Web\n|\n|upkeep\n|turn|9\n|\n|t:|1732998393\n|move|p1a: Inteleon|Hydro Pump|p2a: Ariados|[miss]\n|-miss|p1a: Inteleon|p2a: Ariados\n|move|p2a: Ariados|Megahorn|p1a: Inteleon\n|-damage|p1a: Inteleon|59/246\n|\n|upkeep\n|turn|10\n|\n|t:|1732998397\n|move|p1a: Inteleon|Hydro Pump|p2a: Ariados\n|-damage|p2a: Ariados|0 fnt\n|faint|p2a: Ariados\n|\n|upkeep\n|\n|t:|1732998405\n|switch|p2a: Alcremie|Alcremie, L90, F|263/263\n|turn|11\n|\n|t:|1732998408\n|move|p1a: Inteleon|Hydro Pump|p2a: Alcremie|[miss]\n|-miss|p1a: Inteleon|p2a: Alcremie\n|move|p2a: Alcremie|Alluring Voice|p1a: Inteleon\n|-crit|p1a: Inteleon\n|-damage|p1a: Inteleon|0 fnt\n|faint|p1a: Inteleon\n|\n|upkeep\n|\n|t:|1732998410\n|switch|p1a: Slaking|Slaking, L84, F|329/389\n|-activate|p1a: Slaking|move: Sticky Web\n|-unboost|p1a: Slaking|spe|1\n|turn|12\n|\n|t:|1732998414\n|move|p1a: Slaking|Double-Edge|p2a: Alcremie\n|-damage|p2a: Alcremie|53/263\n|-damage|p1a: Slaking|260/389|[from] Recoil\n|move|p2a: Alcremie|Alluring Voice|p1a: Slaking\n|-damage|p1a: Slaking|130/389\n|\n|-heal|p2a: Alcremie|69/263|[from] item: Leftovers\n|upkeep\n|turn|13\n|\n|t:|1732998429\n|switch|p1a: Misdreavus|Misdreavus, L90, M|254/254\n|move|p2a: Alcremie|Recover|p2a: Alcremie\n|-heal|p2a: Alcremie|201/263\n|\n|-heal|p2a: Alcremie|217/263|[from] item: Leftovers\n|upkeep\n|turn|14\n|\n|t:|1732998437\n|move|p1a: Misdreavus|Calm Mind|p1a: Misdreavus\n|-boost|p1a: Misdreavus|spa|1\n|-boost|p1a: Misdreavus|spd|1\n|move|p2a: Alcremie|Calm Mind|p2a: Alcremie\n|-boost|p2a: Alcremie|spa|1\n|-boost|p2a: Alcremie|spd|1\n|\n|-heal|p2a: Alcremie|233/263|[from] item: Leftovers\n|upkeep\n|turn|15\n|\n|t:|1732998439\n|move|p1a: Misdreavus|Calm Mind|p1a: Misdreavus\n|-boost|p1a: Misdreavus|spa|1\n|-boost|p1a: Misdreavus|spd|1\n|move|p2a: Alcremie|Alluring Voice|p1a: Misdreavus\n|-damage|p1a: Misdreavus|205/254\n|-start|p1a: Misdreavus|confusion\n|\n|-heal|p2a: Alcremie|249/263|[from] item: Leftovers\n|upkeep\n|turn|16\n|\n|t:|1732998441\n|-activate|p1a: Misdreavus|confusion\n|-damage|p1a: Misdreavus|185/254|[from] confusion\n|move|p2a: Alcremie|Calm Mind|p2a: Alcremie\n|-boost|p2a: Alcremie|spa|1\n|-boost|p2a: Alcremie|spd|1\n|\n|-heal|p2a: Alcremie|263/263|[from] item: Leftovers\n|upkeep\n|turn|17\n|\n|t:|1732998444\n|-activate|p1a: Misdreavus|confusion\n|-damage|p1a: Misdreavus|164/254|[from] confusion\n|move|p2a: Alcremie|Calm Mind|p2a: Alcremie\n|-boost|p2a: Alcremie|spa|1\n|-boost|p2a: Alcremie|spd|1\n|\n|upkeep\n|turn|18\n|\n|t:|1732998446\n|-activate|p1a: Misdreavus|confusion\n|move|p1a: Misdreavus|Calm Mind|p1a: Misdreavus\n|-boost|p1a: Misdreavus|spa|1\n|-boost|p1a: Misdreavus|spd|1\n|move|p2a: Alcremie|Calm Mind|p2a: Alcremie\n|-boost|p2a: Alcremie|spa|1\n|-boost|p2a: Alcremie|spd|1\n|\n|upkeep\n|turn|19\n|\n|t:|1732998450\n|-end|p1a: Misdreavus|confusion\n|move|p1a: Misdreavus|Shadow Ball|p2a: Alcremie\n|-damage|p2a: Alcremie|209/263\n|move|p2a: Alcremie|Calm Mind|p2a: Alcremie\n|-boost|p2a: Alcremie|spa|1\n|-boost|p2a: Alcremie|spd|1\n|\n|-heal|p2a: Alcremie|225/263|[from] item: Leftovers\n|upkeep\n|turn|20\n|\n|t:|1732998455\n|move|p1a: Misdreavus|Shadow Ball|p2a: Alcremie\n|-damage|p2a: Alcremie|180/263\n|-unboost|p2a: Alcremie|spd|1\n|move|p2a: Alcremie|Calm Mind|p2a: Alcremie\n|-boost|p2a: Alcremie|spa|1\n|-boost|p2a: Alcremie|spd|1\n|\n|-heal|p2a: Alcremie|196/263|[from] item: Leftovers\n|upkeep\n|turn|21\n|\n|t:|1732998458\n|move|p1a: Misdreavus|Shadow Ball|p2a: Alcremie\n|-damage|p2a: Alcremie|148/263\n|move|p2a: Alcremie|Alluring Voice|p1a: Misdreavus\n|-damage|p1a: Misdreavus|62/254\n|\n|-heal|p2a: Alcremie|164/263|[from] item: Leftovers\n|upkeep\n|turn|22\n|\n|t:|1732998464\n|move|p1a: Misdreavus|Draining Kiss|p2a: Alcremie\n|-damage|p2a: Alcremie|143/263\n|-heal|p1a: Misdreavus|78/254|[from] drain|[of] p2a: Alcremie\n|move|p2a: Alcremie|Recover|p2a: Alcremie\n|-heal|p2a: Alcremie|263/263\n|\n|upkeep\n|turn|23\n|\n|t:|1732998467\n|move|p1a: Misdreavus|Draining Kiss|p2a: Alcremie\n|-damage|p2a: Alcremie|243/263\n|-heal|p1a: Misdreavus|93/254|[from] drain|[of] p2a: Alcremie\n|move|p2a: Alcremie|Alluring Voice|p1a: Misdreavus\n|-damage|p1a: Misdreavus|0 fnt\n|faint|p1a: Misdreavus\n|\n|-heal|p2a: Alcremie|259/263|[from] item: Leftovers\n|upkeep\n|\n|t:|1732998470\n|switch|p1a: Slaking|Slaking, L84, F|130/389\n|-activate|p1a: Slaking|move: Sticky Web\n|-unboost|p1a: Slaking|spe|1\n|turn|24\n|\n|t:|1732998475\n|move|p1a: Slaking|Giga Impact|p2a: Alcremie\n|-damage|p2a: Alcremie|0 fnt\n|-mustrecharge|p1a: Slaking\n|faint|p2a: Alcremie\n|\n|upkeep\n|\n|t:|1732998477\n|switch|p2a: Meowscarada|Meowscarada, L78, M|247/247\n|turn|25\n|\n|t:|1732998482\n|move|p2a: Meowscarada|Flower Trick|p1a: Slaking\n|-start|p2a: Meowscarada|typechange|Grass|[from] ability: Protean\n|-crit|p1a: Slaking\n|-damage|p1a: Slaking|0 fnt\n|faint|p1a: Slaking\n|\n|upkeep\n|\n|t:|1732998492\n|switch|p1a: Alomomola|Alomomola, L87, F|429/429\n|-activate|p1a: Alomomola|move: Sticky Web\n|-unboost|p1a: Alomomola|spe|1\n|turn|26\n|\n|t:|1732998499\n|-terastallize|p1a: Alomomola|Steel\n|move|p2a: Meowscarada|Flower Trick|p1a: Alomomola\n|-resisted|p1a: Alomomola\n|-crit|p1a: Alomomola\n|-damage|p1a: Alomomola|348/429\n|move|p1a: Alomomola|Scald|p2a: Meowscarada\n|-resisted|p2a: Meowscarada\n|-crit|p2a: Meowscarada\n|-damage|p2a: Meowscarada|199/247\n|-status|p2a: Meowscarada|brn\n|\n|-heal|p1a: Alomomola|374/429|[from] item: Leftovers\n|-damage|p2a: Meowscarada|184/247 brn|[from] brn\n|upkeep\n|turn|27\n|-message|Nortea forfeited.\n|\n|win|Soul Gem\n|raw|Soul Gem's rating: 2022 &rarr; <strong>2044</strong><br />(+22 for winning)\n|raw|Nortea's rating: 2060 &rarr; <strong>2038</strong><br />(-22 for losing)\n|l|\u2606Nortea\n|player|p2|\n", "inputlog": ">version b107d77f5c90bd6555267ae244a6264823309ead\n>start {\"formatid\":\"gen9randombattle\",\"seed\":[30274,35187,56781,30282],\"rated\":\"Rated battle\"}\n>player p1 {\"name\":\"Soul Gem\",\"avatar\":\"misty\",\"rating\":2022,\"seed\":[30169,62042,62014,27640]}\n>player p2 {\"name\":\"Nortea\",\"avatar\":\"n\",\"rating\":2060,\"seed\":[19481,19345,48906,45632]}\n>p1 move dragondance\n>p2 switch 2\n>p1 move earthquake\n>p2 move stoneedge\n>p2 switch 5\n>p1 move dualwingbeat\n>p2 move sludgewave\n>p1 move dualwingbeat\n>p2 move sludgewave\n>p2 switch 4\n>p1 move outrage\n>p2 move psyshock terastallize\n>p2 switch 6\n>p1 move outrage\n>p2 move alluringvoice\n>p1 switch 2\n>p1 move doubleedge\n>p2 switch 2\n>p1 switch 5\n>p2 move stickyweb\n>p1 move hydropump\n>p2 move megahorn\n>p1 move hydropump\n>p2 move poisonjab\n>p2 switch 2\n>p1 move hydropump\n>p2 move alluringvoice\n>p1 switch 5\n>p1 move doubleedge\n>p2 move alluringvoice\n>p1 switch 6\n>p2 move recover\n>p1 move calmmind\n>p2 move calmmind\n>p1 move calmmind\n>p2 move alluringvoice\n>p1 move calmmind\n>p2 move calmmind\n>p1 move calmmind\n>p2 move calmmind\n>p1 move calmmind\n>p2 move calmmind\n>p1 move shadowball\n>p2 move calmmind\n>p1 move shadowball\n>p2 move calmmind\n>p1 move shadowball\n>p2 move alluringvoice\n>p1 move drainingkiss\n>p2 move recover\n>p1 move drainingkiss\n>p2 move alluringvoice\n>p1 switch 6\n>p1 move gigaimpact\n>p2 move alluringvoice\n>p2 switch 3\n>p1 move recharge\n>p2 move flowertrick\n>p1 switch 3\n>p1 move scald terastallize\n>p2 move flowertrick\n>forcelose p2", "uploadtime": 1732998512, "views": 1, "formatid": "gen9randombattle", "rating": 2038, "private": 0, "password": null}