{"id": "gen9randombattle-2253818710", "format": "[Gen 9] Random Battle", "players": ["ThiccBoi", "AmalgamFS"], "log": "|j|\u2606ThiccBoi\n|j|\u2606AmalgamFS\n|t:|1732943078\n|gametype|singles\n|player|p1|ThiccBoi|blue|1176\n|player|p2|AmalgamFS|steven|1124\n|teamsize|p1|6\n|teamsize|p2|6\n|gen|9\n|tier|[Gen 9] Random Battle\n|rated|\n|rule|Species Clause: Limit one of each Pok\u00e9mon\n|rule|HP Percentage Mod: HP is shown in percentages\n|rule|Sleep Clause Mod: Limit one foe put to sleep\n|rule|Illusion Level Mod: Illusion disguises the Pok\u00e9mon's true level\n|\n|t:|1732943078\n|start\n|switch|p1a: Feraligatr|Feraligatr, L79, M|264/264\n|switch|p2a: Spidops|Spidops, L96, M|271/271\n|turn|1\n|\n|t:|1732943114\n|switch|p1a: Charizard|Charizard, L85, M|271/271\n|move|p2a: Spidops|Sticky Web|p1a: Charizard\n|-sidestart|p1: ThiccBoi|move: Sticky Web\n|\n|upkeep\n|turn|2\n|\n|t:|1732943133\n|switch|p2a: Kingdra|Kingdra, L84, F|263/263\n|move|p1a: Charizard|Flamethrower|p2a: Kingdra\n|-resisted|p2a: Kingdra\n|-damage|p2a: Kingdra|238/263\n|\n|upkeep\n|turn|3\n|\n|t:|1732943144\n|switch|p1a: Feraligatr|Feraligatr, L79, M|264/264\n|-activate|p1a: Feraligatr|move: Sticky Web\n|-unboost|p1a: Feraligatr|spe|1\n|move|p2a: Kingdra|Rain Dance|p2a: Kingdra\n|-weather|RainDance\n|\n|-weather|RainDance|[upkeep]\n|upkeep\n|turn|4\n|\n|t:|1732943156\n|move|p2a: Kingdra|Hurricane|p1a: Feraligatr\n|-damage|p1a: Feraligatr|155/264\n|-start|p1a: Feraligatr|confusion\n|-damage|p2a: Kingdra|212/263|[from] item: Life Orb\n|-activate|p1a: Feraligatr|confusion\n|move|p1a: Feraligatr|Dragon Dance|p1a: Feraligatr\n|-boost|p1a: Feraligatr|atk|1\n|-boost|p1a: Feraligatr|spe|1\n|\n|-weather|RainDance|[upkeep]\n|upkeep\n|turn|5\n|\n|t:|1732943171\n|move|p2a: Kingdra|Draco Meteor|p1a: Feraligatr\n|-damage|p1a: Feraligatr|0 fnt\n|-unboost|p2a: Kingdra|spa|2\n|faint|p1a: Feraligatr\n|-damage|p2a: Kingdra|186/263|[from] item: Life Orb\n|\n|-weather|RainDance|[upkeep]\n|upkeep\n|\n|t:|1732943184\n|switch|p1a: Milotic|Milotic, L83, M|293/293\n|-activate|p1a: Milotic|move: Sticky Web\n|-unboost|p1a: Milotic|spe|1\n|-ability|p1a: Milotic|Competitive|boost\n|-boost|p1a: Milotic|spa|2\n|turn|6\n|\n|t:|1732943222\n|switch|p2a: Ludicolo|Ludicolo, L90, F|290/290\n|move|p1a: Milotic|Ice Beam|p2a: Ludicolo\n|-damage|p2a: Ludicolo|183/290\n|\n|-weather|RainDance|[upkeep]\n|upkeep\n|turn|7\n|\n|t:|1732943230\n|move|p2a: Ludicolo|Giga Drain|p1a: Milotic\n|-supereffective|p1a: Milotic\n|-damage|p1a: Milotic|134/293\n|-heal|p2a: Ludicolo|263/290|[from] drain|[of] p1a: Milotic\n|-damage|p2a: Ludicolo|234/290|[from] item: Life Orb\n|move|p1a: Milotic|Ice Beam|p2a: Ludicolo\n|-damage|p2a: Ludicolo|132/290\n|\n|-weather|none\n|-heal|p1a: Milotic|152/293|[from] item: Leftovers\n|upkeep\n|turn|8\n|\n|t:|1732943248\n|switch|p1a: Vileplume|Vileplume, L86, M|269/269\n|-activate|p1a: Vileplume|move: Sticky Web\n|-unboost|p1a: Vileplume|spe|1\n|move|p2a: Ludicolo|Giga Drain|p1a: Vileplume\n|-resisted|p1a: Vileplume\n|-damage|p1a: Vileplume|242/269\n|-heal|p2a: Ludicolo|146/290|[from] drain|[of] p1a: Vileplume\n|-damage|p2a: Ludicolo|117/290|[from] item: Life Orb\n|\n|-heal|p1a: Vileplume|258/269|[from] item: Leftovers\n|upkeep\n|turn|9\n|\n|t:|1732943264\n|switch|p2a: Skuntank|Skuntank, L84, M|310/310\n|move|p1a: Vileplume|Sludge Bomb|p2a: Skuntank\n|-resisted|p2a: Skuntank\n|-damage|p2a: Skuntank|260/310\n|\n|-heal|p1a: Vileplume|269/269|[from] item: Leftovers\n|upkeep\n|turn|10\n|\n|t:|1732943279\n|move|p2a: Skuntank|Fire Blast|p1a: Vileplume\n|-supereffective|p1a: Vileplume\n|-damage|p1a: Vileplume|147/269\n|move|p1a: Vileplume|Sleep Powder|p2a: Skuntank\n|-status|p2a: Skuntank|slp|[from] move: Sleep Powder\n|\n|-heal|p1a: Vileplume|163/269|[from] item: Leftovers\n|upkeep\n|turn|11\n|\n|t:|1732943293\n|cant|p2a: Skuntank|slp\n|move|p1a: Vileplume|Strength Sap|p2a: Skuntank\n|-unboost|p2a: Skuntank|atk|1\n|-heal|p1a: Vileplume|269/269\n|\n|upkeep\n|turn|12\n|\n|t:|1732943305\n|switch|p1a: Charizard|Charizard, L85, M|271/271\n|cant|p2a: Skuntank|slp\n|\n|upkeep\n|turn|13\n|\n|t:|1732943313\n|switch|p2a: Kingdra|Kingdra, L84, F|186/263\n|move|p1a: Charizard|Focus Blast|p2a: Kingdra|[miss]\n|-miss|p1a: Charizard|p2a: Kingdra\n|\n|upkeep\n|turn|14\n|\n|t:|1732943323\n|switch|p1a: Milotic|Milotic, L83, M|152/293\n|-activate|p1a: Milotic|move: Sticky Web\n|-unboost|p1a: Milotic|spe|1\n|-ability|p1a: Milotic|Competitive|boost\n|-boost|p1a: Milotic|spa|2\n|move|p2a: Kingdra|Rain Dance|p2a: Kingdra\n|-weather|RainDance\n|\n|-weather|RainDance|[upkeep]\n|-heal|p1a: Milotic|170/293|[from] item: Leftovers\n|upkeep\n|turn|15\n|\n|t:|1732943335\n|move|p2a: Kingdra|Draco Meteor|p1a: Milotic\n|-damage|p1a: Milotic|34/293\n|-unboost|p2a: Kingdra|spa|2\n|-damage|p2a: Kingdra|160/263|[from] item: Life Orb\n|move|p1a: Milotic|Recover|p1a: Milotic\n|-heal|p1a: Milotic|181/293\n|\n|-weather|RainDance|[upkeep]\n|-heal|p1a: Milotic|199/293|[from] item: Leftovers\n|upkeep\n|turn|16\n|\n|t:|1732943346\n|move|p2a: Kingdra|Hurricane|p1a: Milotic\n|-damage|p1a: Milotic|159/293\n|-damage|p2a: Kingdra|134/263|[from] item: Life Orb\n|move|p1a: Milotic|Ice Beam|p2a: Kingdra\n|-damage|p2a: Kingdra|9/263\n|\n|-weather|RainDance|[upkeep]\n|-heal|p1a: Milotic|177/293|[from] item: Leftovers\n|upkeep\n|turn|17\n|\n|t:|1732943357\n|move|p2a: Kingdra|Hurricane|p1a: Milotic\n|-damage|p1a: Milotic|141/293\n|-damage|p2a: Kingdra|0 fnt|[from] item: Life Orb\n|faint|p2a: Kingdra\n|move|p1a: Milotic|Recover|p1a: Milotic\n|-heal|p1a: Milotic|288/293\n|\n|-weather|RainDance|[upkeep]\n|-heal|p1a: Milotic|293/293|[from] item: Leftovers\n|upkeep\n|\n|t:|1732943367\n|switch|p2a: Ludicolo|Ludicolo, L90, F|117/290\n|turn|18\n|\n|t:|1732943374\n|move|p2a: Ludicolo|Giga Drain|p1a: Milotic\n|-supereffective|p1a: Milotic\n|-damage|p1a: Milotic|134/293\n|-heal|p2a: Ludicolo|197/290|[from] drain|[of] p1a: Milotic\n|-damage|p2a: Ludicolo|168/290|[from] item: Life Orb\n|move|p1a: Milotic|Ice Beam|p2a: Ludicolo\n|-damage|p2a: Ludicolo|68/290\n|\n|-weather|none\n|-heal|p1a: Milotic|152/293|[from] item: Leftovers\n|upkeep\n|turn|19\n|\n|t:|1732943387\n|switch|p1a: Vileplume|Vileplume, L86, M|269/269\n|-activate|p1a: Vileplume|move: Sticky Web\n|-unboost|p1a: Vileplume|spe|1\n|move|p2a: Ludicolo|Giga Drain|p1a: Vileplume\n|-resisted|p1a: Vileplume\n|-damage|p1a: Vileplume|243/269\n|-heal|p2a: Ludicolo|81/290|[from] drain|[of] p1a: Vileplume\n|-damage|p2a: Ludicolo|52/290|[from] item: Life Orb\n|\n|-heal|p1a: Vileplume|259/269|[from] item: Leftovers\n|upkeep\n|turn|20\n|\n|t:|1732943400\n|switch|p2a: Skuntank|Skuntank, L84, M|260/310 slp\n|move|p1a: Vileplume|Sludge Bomb|p2a: Skuntank\n|-resisted|p2a: Skuntank\n|-damage|p2a: Skuntank|208/310 slp\n|\n|-heal|p1a: Vileplume|269/269|[from] item: Leftovers\n|upkeep\n|turn|21\n|\n|t:|1732943411\n|switch|p1a: Charizard|Charizard, L85, M|271/271\n|-curestatus|p2a: Skuntank|slp|[msg]\n|move|p2a: Skuntank|Fire Blast|p1a: Charizard\n|-resisted|p1a: Charizard\n|-damage|p1a: Charizard|240/271\n|\n|upkeep\n|turn|22\n|\n|t:|1732943439\n|move|p1a: Charizard|Hurricane|p2a: Skuntank|[miss]\n|-miss|p1a: Charizard|p2a: Skuntank\n|move|p2a: Skuntank|Knock Off|p1a: Charizard\n|-damage|p1a: Charizard|128/271\n|-enditem|p1a: Charizard|Heavy-Duty Boots|[from] move: Knock Off|[of] p2a: Skuntank\n|\n|upkeep\n|turn|23\n|\n|t:|1732943446\n|move|p2a: Skuntank|Sucker Punch|p1a: Charizard\n|-damage|p1a: Charizard|43/271\n|move|p1a: Charizard|Hurricane|p2a: Skuntank|[miss]\n|-miss|p1a: Charizard|p2a: Skuntank\n|\n|upkeep\n|turn|24\n|\n|t:|1732943455\n|move|p2a: Skuntank|Sucker Punch||[still]\n|-fail|p2a: Skuntank\n|move|p1a: Charizard|Will-O-Wisp|p2a: Skuntank\n|-status|p2a: Skuntank|brn\n|\n|-damage|p2a: Skuntank|189/310 brn|[from] brn\n|upkeep\n|turn|25\n|\n|t:|1732943467\n|switch|p1a: Cinderace|Cinderace, L77, F|249/249\n|-activate|p1a: Cinderace|move: Sticky Web\n|-unboost|p1a: Cinderace|spe|1\n|move|p2a: Skuntank|Knock Off|p1a: Cinderace\n|-damage|p1a: Cinderace|186/249\n|-enditem|p1a: Cinderace|Choice Band|[from] move: Knock Off|[of] p2a: Skuntank\n|\n|-damage|p2a: Skuntank|170/310 brn|[from] brn\n|upkeep\n|turn|26\n|\n|t:|1732943481\n|move|p2a: Skuntank|Gunk Shot|p1a: Cinderace\n|-damage|p1a: Cinderace|106/249\n|move|p1a: Cinderace|High Jump Kick|p2a: Skuntank\n|-start|p1a: Cinderace|typechange|Fighting|[from] ability: Libero\n|-damage|p2a: Skuntank|4/310 brn\n|\n|-damage|p2a: Skuntank|0 fnt|[from] brn\n|faint|p2a: Skuntank\n|upkeep\n|\n|t:|1732943496\n|switch|p2a: Oricorio|Oricorio-Sensu, L85, M|266/266\n|turn|27\n|\n|t:|1732943507\n|switch|p1a: Hydreigon|Hydreigon, L79, F|275/275\n|move|p2a: Oricorio|Hurricane|p1a: Hydreigon|[miss]\n|-miss|p2a: Oricorio|p1a: Hydreigon\n|\n|upkeep\n|turn|28\n|\n|t:|1732943514\n|switch|p2a: Spidops|Spidops, L96, M|271/271\n|move|p1a: Hydreigon|Nasty Plot|p1a: Hydreigon\n|-boost|p1a: Hydreigon|spa|2\n|\n|upkeep\n|turn|29\n|\n|t:|1732943523\n|move|p1a: Hydreigon|Fire Blast|p2a: Spidops|[miss]\n|-miss|p1a: Hydreigon|p2a: Spidops\n|move|p2a: Spidops|U-turn|p1a: Hydreigon\n|-supereffective|p1a: Hydreigon\n|-damage|p1a: Hydreigon|93/275\n|\n|t:|1732943535\n|switch|p2a: Oricorio|Oricorio-Sensu, L85, M|266/266|[from] U-turn\n|\n|upkeep\n|turn|30\n|\n|t:|1732943545\n|move|p2a: Oricorio|Hurricane|p1a: Hydreigon\n|-damage|p1a: Hydreigon|0 fnt\n|faint|p1a: Hydreigon\n|\n|upkeep\n|\n|t:|1732943551\n|switch|p1a: Cinderace|Cinderace, L77, F|106/249\n|-activate|p1a: Cinderace|move: Sticky Web\n|-unboost|p1a: Cinderace|spe|1\n|turn|31\n|\n|t:|1732943562\n|move|p2a: Oricorio|Revelation Dance|p1a: Cinderace\n|-damage|p1a: Cinderace|0 fnt\n|faint|p1a: Cinderace\n|\n|upkeep\n|\n|t:|1732943569\n|switch|p1a: Charizard|Charizard, L85, M|43/271\n|turn|32\n|\n|t:|1732943574\n|move|p1a: Charizard|Flamethrower|p2a: Oricorio\n|-damage|p2a: Oricorio|71/266\n|-status|p2a: Oricorio|brn\n|move|p2a: Oricorio|Revelation Dance|p1a: Charizard\n|-damage|p1a: Charizard|0 fnt\n|faint|p1a: Charizard\n|\n|-damage|p2a: Oricorio|55/266 brn|[from] brn\n|upkeep\n|\n|t:|1732943587\n|switch|p1a: Milotic|Milotic, L83, M|152/293\n|-activate|p1a: Milotic|move: Sticky Web\n|-unboost|p1a: Milotic|spe|1\n|-ability|p1a: Milotic|Competitive|boost\n|-boost|p1a: Milotic|spa|2\n|turn|33\n|\n|t:|1732943599\n|move|p2a: Oricorio|Revelation Dance|p1a: Milotic\n|-damage|p1a: Milotic|71/293\n|move|p1a: Milotic|Ice Beam|p2a: Oricorio\n|-supereffective|p2a: Oricorio\n|-damage|p2a: Oricorio|0 fnt\n|faint|p2a: Oricorio\n|\n|-heal|p1a: Milotic|89/293|[from] item: Leftovers\n|upkeep\n|\n|t:|1732943611\n|switch|p2a: Medicham|Medicham, L86, M|243/243\n|turn|34\n|\n|t:|1732943617\n|move|p2a: Medicham|Zen Headbutt|p1a: Milotic\n|-damage|p1a: Milotic|0 fnt\n|faint|p1a: Milotic\n|\n|upkeep\n|\n|t:|1732943621\n|switch|p1a: Vileplume|Vileplume, L86, M|269/269\n|-activate|p1a: Vileplume|move: Sticky Web\n|-unboost|p1a: Vileplume|spe|1\n|turn|35\n|\n|t:|1732943630\n|move|p2a: Medicham|Zen Headbutt|p1a: Vileplume\n|-supereffective|p1a: Vileplume\n|-damage|p1a: Vileplume|0 fnt\n|-status|p2a: Medicham|par|[from] ability: Effect Spore|[of] p1a: Vileplume\n|faint|p1a: Vileplume\n|\n|win|AmalgamFS\n|raw|ThiccBoi's rating: 1176 &rarr; <strong>1147</strong><br />(-29 for losing)\n|raw|AmalgamFS's rating: 1124 &rarr; <strong>1153</strong><br />(+29 for winning)\n|l|\u2606ThiccBoi\n|player|p1|\n", "inputlog": ">version b107d77f5c90bd6555267ae244a6264823309ead\n>start {\"formatid\":\"gen9randombattle\",\"seed\":[45748,6710,13608,21021],\"rated\":\"Rated battle\"}\n>player p1 {\"name\":\"ThiccBoi\",\"avatar\":\"blue\",\"rating\":1176,\"seed\":[15020,8853,57188,42514]}\n>player p2 {\"name\":\"AmalgamFS\",\"avatar\":\"steven\",\"rating\":1124,\"seed\":[61489,7532,29005,28147]}\n>p1 switch 3\n>p2 move stickyweb\n>p1 move flamethrower\n>p2 switch 4\n>p1 switch 3\n>p2 move raindance\n>p1 move dragondance\n>p2 move hurricane\n>p1 move trailblaze\n>p2 move dracometeor\n>p1 switch 4\n>p1 move icebeam\n>p2 switch 5\n>p1 move icebeam\n>p2 move gigadrain\n>p1 switch 5\n>p2 move gigadrain\n>p1 move sludgebomb\n>p2 switch 2\n>p1 move sleeppowder\n>p2 move fireblast\n>p1 move strengthsap\n>p2 move fireblast\n>p1 switch 3\n>p2 move fireblast\n>p1 move focusblast\n>p2 switch 5\n>p1 switch 5\n>p2 move raindance\n>p1 move recover\n>p2 move dracometeor\n>p1 move icebeam\n>p2 move hurricane\n>p1 move recover\n>p2 move hurricane\n>p2 switch 2\n>p1 move icebeam\n>p2 move gigadrain\n>p1 switch 3\n>p2 move gigadrain\n>p1 move sludgebomb\n>p2 switch 5\n>p1 switch 5\n>p2 move fireblast\n>p1 move hurricane\n>p2 move knockoff\n>p1 move hurricane\n>p2 move suckerpunch\n>p1 move willowisp\n>p2 move suckerpunch\n>p1 switch 6\n>p2 move knockoff\n>p1 move highjumpkick\n>p2 move gunkshot\n>p2 switch 3\n>p1 switch 2\n>p2 move hurricane\n>p1 move nastyplot\n>p2 switch 4\n>p1 move fireblast\n>p2 move uturn\n>p2 switch 4\n>p1 move darkpulse\n>p2 move hurricane\n>p1 switch 2\n>p1 move pyroball\n>p2 move revelationdance\n>p1 switch 6\n>p1 move flamethrower\n>p2 move revelationdance\n>p1 switch 3\n>p1 move icebeam\n>p2 move revelationdance\n>p2 switch 6\n>p1 move recover\n>p2 move zenheadbutt\n>p1 switch 5\n>p1 move sleeppowder\n>p2 move zenheadbutt", "uploadtime": 1732943636, "views": 1, "formatid": "gen9randombattle", "rating": 1147, "private": 0, "password": null}