{"id": "gen9randombattle-2254122975", "format": "[Gen 9] Random Battle", "players": ["ftuuua", "KingPanloco\u2655"], "log": "|j|\u2606ftuuua\n|j|\u2606KingPanloco\u2655\n|t:|1732994032\n|gametype|singles\n|player|p1|ftuuua|1|1708\n|player|p2|KingPanloco\u2655|marnie-masters3|1741\n|teamsize|p1|6\n|teamsize|p2|6\n|gen|9\n|tier|[Gen 9] Random Battle\n|rated|\n|rule|Species Clause: Limit one of each Pok\u00e9mon\n|rule|HP Percentage Mod: HP is shown in percentages\n|rule|Sleep Clause Mod: Limit one foe put to sleep\n|rule|Illusion Level Mod: Illusion disguises the Pok\u00e9mon's true level\n|\n|t:|1732994032\n|start\n|switch|p1a: Sinistcha|Sinistcha-Masterpiece, L83|254/254\n|switch|p2a: Walking Wake|Walking Wake, L79|286/286\n|turn|1\n|\n|t:|1732994051\n|move|p2a: Walking Wake|Sunny Day|p2a: Walking Wake\n|-weather|SunnyDay\n|-activate|p2a: Walking Wake|ability: Protosynthesis\n|-start|p2a: Walking Wake|protosynthesisspa\n|move|p1a: Sinistcha|Calm Mind|p1a: Sinistcha\n|-boost|p1a: Sinistcha|spa|1\n|-boost|p1a: Sinistcha|spd|1\n|\n|-weather|SunnyDay|[upkeep]\n|upkeep\n|turn|2\n|\n|t:|1732994089\n|move|p2a: Walking Wake|Draco Meteor|p1a: Sinistcha\n|-damage|p1a: Sinistcha|71/254\n|-unboost|p2a: Walking Wake|spa|2\n|-damage|p2a: Walking Wake|258/286|[from] item: Life Orb\n|move|p1a: Sinistcha|Strength Sap|p2a: Walking Wake\n|-unboost|p2a: Walking Wake|atk|1\n|-heal|p1a: Sinistcha|207/254\n|\n|-weather|SunnyDay|[upkeep]\n|-heal|p1a: Sinistcha|222/254|[from] item: Leftovers\n|upkeep\n|turn|3\n|\n|t:|1732994112\n|move|p2a: Walking Wake|Flamethrower|p1a: Sinistcha\n|-supereffective|p1a: Sinistcha\n|-damage|p1a: Sinistcha|152/254\n|-damage|p2a: Walking Wake|230/286|[from] item: Life Orb\n|move|p1a: Sinistcha|Matcha Gotcha|p2a: Walking Wake\n|-damage|p2a: Walking Wake|59/286\n|-heal|p1a: Sinistcha|238/254|[from] drain|[of] p2a: Walking Wake\n|-status|p2a: Walking Wake|brn\n|\n|-weather|SunnyDay|[upkeep]\n|-heal|p1a: Sinistcha|253/254|[from] item: Leftovers\n|-damage|p2a: Walking Wake|42/286 brn|[from] brn\n|upkeep\n|turn|4\n|\n|t:|1732994128\n|move|p2a: Walking Wake|Flamethrower|p1a: Sinistcha\n|-supereffective|p1a: Sinistcha\n|-damage|p1a: Sinistcha|191/254\n|-damage|p2a: Walking Wake|14/286 brn|[from] item: Life Orb\n|move|p1a: Sinistcha|Calm Mind|p1a: Sinistcha\n|-boost|p1a: Sinistcha|spa|1\n|-boost|p1a: Sinistcha|spd|1\n|\n|-weather|SunnyDay|[upkeep]\n|-heal|p1a: Sinistcha|206/254|[from] item: Leftovers\n|-damage|p2a: Walking Wake|0 fnt|[from] brn\n|faint|p2a: Walking Wake\n|-end|p2a: Walking Wake|Protosynthesis|[silent]\n|upkeep\n|\n|t:|1732994140\n|switch|p2a: Volbeat|Volbeat, L90, M|263/263\n|turn|5\n|\n|t:|1732994146\n|move|p2a: Volbeat|Encore|p1a: Sinistcha\n|-start|p1a: Sinistcha|Encore\n|move|p1a: Sinistcha|Calm Mind|p1a: Sinistcha\n|-boost|p1a: Sinistcha|spa|1\n|-boost|p1a: Sinistcha|spd|1\n|\n|-weather|none\n|-heal|p1a: Sinistcha|221/254|[from] item: Leftovers\n|upkeep\n|turn|6\n|\n|t:|1732994158\n|switch|p1a: Froslass|Froslass, L87, F|263/263\n|move|p2a: Volbeat|Thunder Wave|p1a: Froslass\n|-status|p1a: Froslass|par\n|\n|upkeep\n|turn|7\n|\n|t:|1732994168\n|move|p2a: Volbeat|U-turn|p1a: Froslass\n|-resisted|p1a: Froslass\n|-damage|p1a: Froslass|224/263 par\n|-start|p2a: Volbeat|Disable|U-turn|[from] ability: Cursed Body|[of] p1a: Froslass\n|\n|t:|1732994177\n|switch|p2a: Weezing|Weezing-Galar, L86, M|252/252|[from] U-turn\n|cant|p1a: Froslass|par\n|\n|upkeep\n|turn|8\n|\n|t:|1732994198\n|move|p2a: Weezing|Fire Blast|p1a: Froslass\n|-supereffective|p1a: Froslass\n|-damage|p1a: Froslass|46/263 par\n|move|p1a: Froslass|Poltergeist|p2a: Weezing\n|-activate|p2a: Weezing|move: Poltergeist|Leftovers\n|-damage|p2a: Weezing|165/252\n|\n|-heal|p2a: Weezing|180/252|[from] item: Leftovers\n|upkeep\n|turn|9\n|\n|t:|1732994211\n|move|p2a: Weezing|Strange Steam|p1a: Froslass\n|-crit|p1a: Froslass\n|-damage|p1a: Froslass|0 fnt\n|faint|p1a: Froslass\n|\n|-heal|p2a: Weezing|195/252|[from] item: Leftovers\n|upkeep\n|\n|t:|1732994218\n|switch|p1a: Latios|Latios, L78, M|253/253\n|turn|10\n|\n|t:|1732994239\n|switch|p2a: Volbeat|Volbeat, L90, M|263/263\n|move|p1a: Latios|Luster Purge|p2a: Volbeat\n|-damage|p2a: Volbeat|125/263\n|-unboost|p2a: Volbeat|spd|1\n|\n|upkeep\n|turn|11\n|\n|t:|1732994254\n|move|p2a: Volbeat|Thunder Wave|p1a: Latios\n|-status|p1a: Latios|par\n|move|p1a: Latios|Luster Purge|p2a: Volbeat\n|-damage|p2a: Volbeat|0 fnt\n|faint|p2a: Volbeat\n|\n|upkeep\n|\n|t:|1732994269\n|switch|p2a: Alcremie|Alcremie-Mint-Cream, L90, F|263/263\n|turn|12\n|\n|t:|1732994294\n|switch|p1a: Ogerpon|Ogerpon-Wellspring, L76, F|247/247\n|move|p2a: Alcremie|Calm Mind|p2a: Alcremie\n|-boost|p2a: Alcremie|spa|1\n|-boost|p2a: Alcremie|spd|1\n|\n|upkeep\n|turn|13\n|\n|t:|1732994310\n|-terastallize|p1a: Ogerpon|Water\n|detailschange|p1a: Ogerpon|Ogerpon-Wellspring-Tera, L76, F, tera:Water\n|-ability|p1a: Ogerpon|Embody Aspect (Wellspring)|boost\n|-boost|p1a: Ogerpon|spd|1\n|move|p1a: Ogerpon|Ivy Cudgel|p2a: Alcremie|[anim] Ivy Cudgel Water\n|-crit|p2a: Alcremie\n|-damage|p2a: Alcremie|19/263\n|move|p2a: Alcremie|Alluring Voice|p1a: Ogerpon\n|-damage|p1a: Ogerpon|132/247\n|-start|p1a: Ogerpon|confusion\n|\n|-heal|p2a: Alcremie|35/263|[from] item: Leftovers\n|upkeep\n|turn|14\n|\n|t:|1732994326\n|switch|p2a: Weezing|Weezing-Galar, L86, M|195/252\n|-activate|p1a: Ogerpon|confusion\n|move|p1a: Ogerpon|Ivy Cudgel|p2a: Weezing|[anim] Ivy Cudgel Water\n|-damage|p2a: Weezing|71/252\n|\n|-heal|p2a: Weezing|86/252|[from] item: Leftovers\n|upkeep\n|turn|15\n|\n|t:|1732994337\n|-activate|p1a: Ogerpon|confusion\n|move|p1a: Ogerpon|Ivy Cudgel|p2a: Weezing|[anim] Ivy Cudgel Water\n|-damage|p2a: Weezing|0 fnt\n|faint|p2a: Weezing\n|\n|upkeep\n|\n|t:|1732994347\n|switch|p2a: Venomoth|Venomoth, L84, F|255/255\n|turn|16\n|\n|t:|1732994356\n|-end|p1a: Ogerpon|confusion\n|move|p1a: Ogerpon|Ivy Cudgel|p2a: Venomoth|[anim] Ivy Cudgel Water\n|-damage|p2a: Venomoth|45/255\n|move|p2a: Venomoth|Quiver Dance|p2a: Venomoth\n|-boost|p2a: Venomoth|spa|1\n|-boost|p2a: Venomoth|spd|1\n|-boost|p2a: Venomoth|spe|1\n|\n|upkeep\n|turn|17\n|\n|t:|1732994364\n|move|p2a: Venomoth|Sleep Powder|p1a: Ogerpon\n|-status|p1a: Ogerpon|slp|[from] move: Sleep Powder\n|cant|p1a: Ogerpon|slp\n|\n|upkeep\n|turn|18\n|\n|t:|1732994385\n|move|p2a: Venomoth|Bug Buzz|p1a: Ogerpon\n|-damage|p1a: Ogerpon|39/247 slp\n|cant|p1a: Ogerpon|slp\n|\n|upkeep\n|turn|19\n|\n|t:|1732994390\n|move|p2a: Venomoth|Bug Buzz|p1a: Ogerpon\n|-damage|p1a: Ogerpon|0 fnt\n|faint|p1a: Ogerpon\n|\n|upkeep\n|\n|t:|1732994406\n|switch|p1a: Sinistcha|Sinistcha-Masterpiece, L83|221/254\n|turn|20\n|\n|t:|1732994414\n|move|p2a: Venomoth|Bug Buzz|p1a: Sinistcha\n|-damage|p1a: Sinistcha|85/254\n|move|p1a: Sinistcha|Shadow Ball|p2a: Venomoth\n|-damage|p2a: Venomoth|0 fnt\n|faint|p2a: Venomoth\n|\n|-heal|p1a: Sinistcha|100/254|[from] item: Leftovers\n|upkeep\n|\n|t:|1732994453\n|switch|p2a: Armarouge|Armarouge, L80, M|267/267\n|turn|21\n|\n|t:|1732994472\n|switch|p1a: Bastiodon|Bastiodon, L89, F|252/252\n|move|p2a: Armarouge|Armor Cannon|p1a: Bastiodon\n|-damage|p1a: Bastiodon|107/252\n|-unboost|p2a: Armarouge|def|1\n|-unboost|p2a: Armarouge|spd|1\n|\n|upkeep\n|turn|22\n|\n|t:|1732994480\n|move|p2a: Armarouge|Armor Cannon|p1a: Bastiodon\n|-damage|p1a: Bastiodon|0 fnt\n|-unboost|p2a: Armarouge|def|1\n|-unboost|p2a: Armarouge|spd|1\n|faint|p1a: Bastiodon\n|\n|upkeep\n|\n|t:|1732994483\n|switch|p1a: Latios|Latios, L78, M|253/253 par\n|turn|23\n|\n|t:|1732994513\n|move|p2a: Armarouge|Armor Cannon|p1a: Latios\n|-resisted|p1a: Latios\n|-damage|p1a: Latios|156/253 par\n|-unboost|p2a: Armarouge|def|1\n|-unboost|p2a: Armarouge|spd|1\n|cant|p1a: Latios|par\n|\n|upkeep\n|turn|24\n|\n|t:|1732994520\n|move|p2a: Armarouge|Armor Cannon|p1a: Latios\n|-resisted|p1a: Latios\n|-damage|p1a: Latios|51/253 par\n|-unboost|p2a: Armarouge|def|1\n|-unboost|p2a: Armarouge|spd|1\n|move|p1a: Latios|Draco Meteor|p2a: Armarouge\n|-damage|p2a: Armarouge|0 fnt\n|-unboost|p1a: Latios|spa|2\n|faint|p2a: Armarouge\n|\n|upkeep\n|\n|t:|1732994527\n|switch|p2a: Alcremie|Alcremie-Mint-Cream, L90, F|35/263\n|turn|25\n|\n|t:|1732994541\n|move|p2a: Alcremie|Recover|p2a: Alcremie\n|-heal|p2a: Alcremie|167/263\n|cant|p1a: Latios|par\n|\n|-heal|p2a: Alcremie|183/263|[from] item: Leftovers\n|upkeep\n|turn|26\n|\n|t:|1732994570\n|switch|p1a: Sinistcha|Sinistcha-Masterpiece, L83|100/254\n|move|p2a: Alcremie|Calm Mind|p2a: Alcremie\n|-boost|p2a: Alcremie|spa|1\n|-boost|p2a: Alcremie|spd|1\n|\n|-heal|p2a: Alcremie|199/263|[from] item: Leftovers\n|-heal|p1a: Sinistcha|115/254|[from] item: Leftovers\n|upkeep\n|turn|27\n|\n|t:|1732994585\n|move|p2a: Alcremie|Alluring Voice|p1a: Sinistcha\n|-damage|p1a: Sinistcha|0 fnt\n|faint|p1a: Sinistcha\n|\n|-heal|p2a: Alcremie|215/263|[from] item: Leftovers\n|upkeep\n|\n|t:|1732994592\n|switch|p1a: Salamence|Salamence, L77, F|273/273\n|-ability|p1a: Salamence|Intimidate|boost\n|-unboost|p2a: Alcremie|atk|1\n|turn|28\n|\n|t:|1732994618\n|move|p1a: Salamence|Dual Wingbeat|p2a: Alcremie\n|-damage|p2a: Alcremie|164/263\n|-damage|p2a: Alcremie|115/263\n|-hitcount|p2a: Alcremie|2\n|move|p2a: Alcremie|Alluring Voice|p1a: Salamence\n|-supereffective|p1a: Salamence\n|-damage|p1a: Salamence|0 fnt\n|faint|p1a: Salamence\n|\n|-heal|p2a: Alcremie|131/263|[from] item: Leftovers\n|upkeep\n|\n|t:|1732994623\n|switch|p1a: Latios|Latios, L78, M|51/253 par\n|turn|29\n|-message|ftuuua forfeited.\n|\n|win|KingPanloco\u2655\n|raw|ftuuua's rating: 1708 &rarr; <strong>1690</strong><br />(-18 for losing)\n|raw|KingPanloco\u2655's rating: 1741 &rarr; <strong>1759</strong><br />(+18 for winning)\n|l|\u2606ftuuua\n|player|p1|\n", "inputlog": ">version b107d77f5c90bd6555267ae244a6264823309ead\n>start {\"formatid\":\"gen9randombattle\",\"seed\":[62329,55102,24095,15888],\"rated\":\"Rated battle\"}\n>player p1 {\"name\":\"ftuuua\",\"avatar\":\"1\",\"rating\":1708,\"seed\":[29764,61759,57144,2387]}\n>player p2 {\"name\":\"KingPanloco\u2655\",\"avatar\":\"marnie-masters3\",\"rating\":1741,\"seed\":[18911,15381,39721,34944]}\n>p1 move calmmind\n>p2 move sunnyday\n>p1 move strengthsap\n>p2 move dracometeor\n>p1 move matchagotcha\n>p2 move flamethrower\n>p1 move calmmind\n>p2 move flamethrower\n>p2 switch 6\n>p1 move shadowball\n>p2 move encore\n>p1 switch 6\n>p2 move thunderwave\n>p1 move poltergeist\n>p2 move uturn\n>p2 switch 4\n>p1 move poltergeist\n>p2 move fireblast\n>p1 move poltergeist\n>p2 move strangesteam\n>p1 switch 5\n>p1 move lusterpurge\n>p2 switch 4\n>p1 move lusterpurge\n>p2 move thunderwave\n>p2 switch 2\n>p1 switch 4\n>p2 move calmmind\n>p1 move ivycudgel terastallize\n>p2 move alluringvoice\n>p1 move ivycudgel\n>p2 switch 4\n>p1 move ivycudgel\n>p2 move gunkshot\n>p2 switch 5\n>p1 move ivycudgel\n>p2 move quiverdance\n>p1 move ivycudgel\n>p2 move sleeppowder\n>p1 move ivycudgel\n>p2 move bugbuzz\n>p1 move ivycudgel\n>p2 move bugbuzz\n>p1 switch 6\n>p1 move shadowball\n>p2 move bugbuzz\n>p2 switch 3\n>p1 switch 3\n>p2 move armorcannon\n>p1 move foulplay\n>p2 move armorcannon\n>p1 switch 4\n>p1 move dracometeor\n>p2 move armorcannon\n>p1 move dracometeor\n>p2 move armorcannon\n>p2 switch 4\n>p1 move lusterpurge\n>p2 move recover\n>p1 switch 3\n>p2 move calmmind\n>p1 move strengthsap\n>p2 move alluringvoice\n>p1 switch 2\n>p1 move dualwingbeat\n>p2 move alluringvoice\n>p1 switch 3\n>forcelose p1", "uploadtime": 1732994640, "views": 2, "formatid": "gen9randombattle", "rating": 1690, "private": 0, "password": null}