{"id": "gen9randombattle-2253838112", "format": "[Gen 9] Random Battle", "players": ["cremijeur", "preshness"], "log": "|j|\u2606cremijeur\n|j|\u2606preshness\n|t:|1732946355\n|gametype|singles\n|player|p1|cremijeur|miku-psychic|1510\n|player|p2|preshness|1|1562\n|teamsize|p1|6\n|teamsize|p2|6\n|gen|9\n|tier|[Gen 9] Random Battle\n|rated|\n|rule|Species Clause: Limit one of each Pok\u00e9mon\n|rule|HP Percentage Mod: HP is shown in percentages\n|rule|Sleep Clause Mod: Limit one foe put to sleep\n|rule|Illusion Level Mod: Illusion disguises the Pok\u00e9mon's true level\n|\n|t:|1732946355\n|start\n|switch|p1a: Hatterene|Hatterene, L85, F|236/236\n|switch|p2a: Sudowoodo|Sudowoodo, L94, M|284/284\n|turn|1\n|\n|t:|1732946364\n|move|p2a: Sudowoodo|Head Smash|p1a: Hatterene\n|-damage|p1a: Hatterene|43/236\n|move|p1a: Hatterene|Nuzzle|p2a: Sudowoodo\n|-damage|p2a: Sudowoodo|273/284\n|-status|p2a: Sudowoodo|par\n|\n|-heal|p2a: Sudowoodo|284/284 par|[from] item: Leftovers\n|upkeep\n|turn|2\n|inactive|Battle timer is ON: inactive players will automatically lose when time's up. (requested by cremijeur)\n|\n|t:|1732946371\n|switch|p1a: Poliwrath|Poliwrath, L88, F|302/302\n|move|p2a: Sudowoodo|Sucker Punch||[still]\n|-fail|p2a: Sudowoodo\n|\n|upkeep\n|turn|3\n|\n|t:|1732946376\n|move|p1a: Poliwrath|Knock Off|p2a: Sudowoodo\n|-damage|p2a: Sudowoodo|214/284 par\n|-enditem|p2a: Sudowoodo|Leftovers|[from] move: Knock Off|[of] p1a: Poliwrath\n|-damage|p1a: Poliwrath|272/302|[from] item: Life Orb\n|move|p2a: Sudowoodo|Wood Hammer|p1a: Poliwrath\n|-supereffective|p1a: Poliwrath\n|-damage|p1a: Poliwrath|82/302\n|\n|upkeep\n|turn|4\n|\n|t:|1732946385\n|move|p1a: Poliwrath|Liquidation|p2a: Sudowoodo\n|-supereffective|p2a: Sudowoodo\n|-damage|p2a: Sudowoodo|35/284 par\n|-unboost|p2a: Sudowoodo|def|1\n|-damage|p1a: Poliwrath|52/302|[from] item: Life Orb\n|cant|p2a: Sudowoodo|par\n|\n|upkeep\n|turn|5\n|\n|t:|1732946392\n|move|p1a: Poliwrath|Liquidation|p2a: Sudowoodo\n|-supereffective|p2a: Sudowoodo\n|-damage|p2a: Sudowoodo|0 fnt\n|faint|p2a: Sudowoodo\n|-damage|p1a: Poliwrath|22/302|[from] item: Life Orb\n|\n|upkeep\n|\n|t:|1732946405\n|switch|p2a: Tauros|Tauros-Paldea-Combat, L82, M|257/257\n|-ability|p2a: Tauros|Intimidate|boost\n|-unboost|p1a: Poliwrath|atk|1\n|turn|6\n|\n|t:|1732946420\n|move|p2a: Tauros|Bulk Up|p2a: Tauros\n|-boost|p2a: Tauros|atk|1\n|-boost|p2a: Tauros|def|1\n|move|p1a: Poliwrath|Knock Off|p2a: Tauros\n|-resisted|p2a: Tauros\n|-damage|p2a: Tauros|238/257\n|-enditem|p2a: Tauros|Life Orb|[from] move: Knock Off|[of] p1a: Poliwrath\n|-damage|p1a: Poliwrath|0 fnt|[from] item: Life Orb\n|faint|p1a: Poliwrath\n|\n|upkeep\n|\n|t:|1732946423\n|switch|p1a: Volbeat|Volbeat, L90, M|263/263\n|turn|7\n|\n|t:|1732946426\n|move|p1a: Volbeat|Encore|p2a: Tauros\n|-start|p2a: Tauros|Encore\n|move|p2a: Tauros|Bulk Up|p2a: Tauros\n|-boost|p2a: Tauros|atk|1\n|-boost|p2a: Tauros|def|1\n|\n|upkeep\n|turn|8\n|\n|t:|1732946430\n|move|p1a: Volbeat|Thunder Wave|p2a: Tauros|[miss]\n|-miss|p1a: Volbeat|p2a: Tauros\n|move|p2a: Tauros|Bulk Up|p2a: Tauros\n|-boost|p2a: Tauros|atk|1\n|-boost|p2a: Tauros|def|1\n|\n|upkeep\n|turn|9\n|\n|t:|1732946433\n|switch|p2a: Malamar|Malamar, L82, F|275/275\n|move|p1a: Volbeat|Thunder Wave|p2a: Malamar\n|-hint|Since gen 7, Dark is immune to Prankster moves.\n|-immune|p2a: Malamar\n|\n|upkeep\n|turn|10\n|\n|t:|1732946439\n|switch|p2a: Glimmora|Glimmora, L75, M|248/248\n|-item|p2a: Glimmora|Air Balloon\n|move|p1a: Volbeat|Lunge|p2a: Glimmora\n|-resisted|p2a: Glimmora\n|-damage|p2a: Glimmora|206/248\n|-unboost|p2a: Glimmora|atk|1\n|-activate|p2a: Glimmora|ability: Toxic Debris\n|-sidestart|p1: cremijeur|move: Toxic Spikes\n|-enditem|p2a: Glimmora|Air Balloon\n|\n|upkeep\n|turn|11\n|\n|t:|1732946443\n|switch|p2a: Malamar|Malamar, L82, F|275/275\n|move|p1a: Volbeat|Thunder Wave|p2a: Malamar\n|-hint|Since gen 7, Dark is immune to Prankster moves.\n|-immune|p2a: Malamar\n|\n|upkeep\n|turn|12\n|c|\u2606cremijeur|this game is so fucking stupid my god\n|\n|t:|1732946452\n|move|p1a: Volbeat|Lunge|p2a: Malamar\n|-supereffective|p2a: Malamar\n|-damage|p2a: Malamar|0 fnt\n|faint|p2a: Malamar\n|\n|upkeep\n|\n|t:|1732946457\n|switch|p2a: Glimmora|Glimmora, L75, M|206/248\n|turn|13\n|\n|t:|1732946472\n|move|p1a: Volbeat|Thunder Wave|p2a: Glimmora\n|-status|p2a: Glimmora|par\n|move|p2a: Glimmora|Power Gem|p1a: Volbeat\n|-supereffective|p1a: Volbeat\n|-damage|p1a: Volbeat|87/263\n|\n|upkeep\n|turn|14\n|\n|t:|1732946498\n|move|p1a: Volbeat|Lunge|p2a: Glimmora\n|-resisted|p2a: Glimmora\n|-damage|p2a: Glimmora|162/248 par\n|-unboost|p2a: Glimmora|atk|1\n|-activate|p2a: Glimmora|ability: Toxic Debris\n|-sidestart|p1: cremijeur|move: Toxic Spikes\n|move|p2a: Glimmora|Power Gem|p1a: Volbeat\n|-supereffective|p1a: Volbeat\n|-damage|p1a: Volbeat|0 fnt\n|faint|p1a: Volbeat\n|\n|upkeep\n|\n|t:|1732946500\n|switch|p1a: Tentacruel|Tentacruel, L84, M|272/272\n|-sideend|p1: cremijeur|move: Toxic Spikes|[of] p1a: Tentacruel\n|turn|15\n|\n|t:|1732946510\n|move|p1a: Tentacruel|Surf|p2a: Glimmora\n|-supereffective|p2a: Glimmora\n|-crit|p2a: Glimmora\n|-damage|p2a: Glimmora|0 fnt\n|faint|p2a: Glimmora\n|\n|upkeep\n|\n|t:|1732946517\n|switch|p2a: Tauros|Tauros-Paldea-Combat, L82, M|238/257\n|-ability|p2a: Tauros|Intimidate|boost\n|-unboost|p1a: Tentacruel|atk|1\n|turn|16\n|\n|t:|1732946528\n|move|p1a: Tentacruel|Toxic|p2a: Tauros\n|-status|p2a: Tauros|tox\n|move|p2a: Tauros|Earthquake|p1a: Tentacruel\n|-supereffective|p1a: Tentacruel\n|-damage|p1a: Tentacruel|96/272\n|\n|-heal|p1a: Tentacruel|113/272|[from] item: Leftovers\n|-damage|p2a: Tauros|222/257 tox|[from] psn\n|upkeep\n|turn|17\n|\n|t:|1732946540\n|switch|p1a: Flapple|Flapple, L88, M|266/266\n|move|p2a: Tauros|Stone Edge|p1a: Flapple\n|-damage|p1a: Flapple|183/266\n|\n|-damage|p2a: Tauros|190/257 tox|[from] psn\n|upkeep\n|turn|18\n|\n|t:|1732946547\n|move|p2a: Tauros|Close Combat|p1a: Flapple\n|-damage|p1a: Flapple|53/266\n|-unboost|p2a: Tauros|def|1\n|-unboost|p2a: Tauros|spd|1\n|move|p1a: Flapple|Dragon Dance|p1a: Flapple\n|-boost|p1a: Flapple|atk|1\n|-boost|p1a: Flapple|spe|1\n|\n|-damage|p2a: Tauros|142/257 tox|[from] psn\n|upkeep\n|turn|19\n|\n|t:|1732946553\n|move|p1a: Flapple|Grav Apple|p2a: Tauros\n|-damage|p2a: Tauros|0 fnt\n|faint|p2a: Tauros\n|\n|upkeep\n|\n|t:|1732946557\n|switch|p2a: Weavile|Weavile, L79, M|240/240\n|turn|20\n|\n|t:|1732946565\n|move|p1a: Flapple|Grav Apple|p2a: Weavile|[miss]\n|-miss|p1a: Flapple|p2a: Weavile\n|move|p2a: Weavile|Triple Axel|p1a: Flapple\n|-supereffective|p1a: Flapple\n|-damage|p1a: Flapple|0 fnt\n|faint|p1a: Flapple\n|-hitcount|p1: Flapple|1\n|\n|upkeep\n|\n|t:|1732946568\n|switch|p1a: Zacian|Zacian-Crowned, L64|225/225\n|-ability|p1a: Zacian|Intrepid Sword|boost\n|-boost|p1a: Zacian|atk|1\n|turn|21\n|inactive|cremijeur has 120 seconds left.\n|\n|t:|1732946599\n|move|p2a: Weavile|Low Kick|p1a: Zacian\n|-crit|p1a: Zacian\n|-damage|p1a: Zacian|88/225\n|move|p1a: Zacian|Play Rough|p2a: Weavile\n|-supereffective|p2a: Weavile\n|-damage|p2a: Weavile|0 fnt\n|faint|p2a: Weavile\n|\n|upkeep\n|\n|t:|1732946604\n|switch|p2a: Toucannon|Toucannon, L88, M|284/284\n|turn|22\n|inactive|cremijeur has 120 seconds left.\n|\n|t:|1732946627\n|-singleturn|p2a: Toucannon|move: Beak Blast\n|move|p1a: Zacian|Behemoth Blade|p2a: Toucannon\n|-damage|p2a: Toucannon|142/284\n|-status|p1a: Zacian|brn\n|move|p2a: Toucannon|Beak Blast|p1a: Zacian\n|-resisted|p1a: Zacian\n|-damage|p1a: Zacian|18/225 brn\n|\n|-damage|p1a: Zacian|4/225 brn|[from] brn\n|upkeep\n|turn|23\n|\n|t:|1732946633\n|move|p1a: Zacian|Behemoth Blade|p2a: Toucannon\n|-damage|p2a: Toucannon|67/284\n|move|p2a: Toucannon|Roost|p2a: Toucannon\n|-heal|p2a: Toucannon|209/284\n|-singleturn|p2a: Toucannon|move: Roost\n|\n|-damage|p1a: Zacian|0 fnt|[from] brn\n|faint|p1a: Zacian\n|upkeep\n|\n|t:|1732946636\n|switch|p1a: Tentacruel|Tentacruel, L84, M|113/272\n|turn|24\n|\n|t:|1732946644\n|-singleturn|p2a: Toucannon|move: Beak Blast\n|move|p1a: Tentacruel|Sludge Bomb|p2a: Toucannon\n|-damage|p2a: Toucannon|118/284\n|-status|p2a: Toucannon|psn\n|move|p2a: Toucannon|Beak Blast|p1a: Tentacruel\n|-damage|p1a: Tentacruel|0 fnt\n|faint|p1a: Tentacruel\n|\n|-damage|p2a: Toucannon|83/284 psn|[from] psn\n|upkeep\n|\n|t:|1732946658\n|switch|p1a: Hatterene|Hatterene, L85, F|43/236\n|turn|25\n|inactive|cremijeur has 120 seconds left.\n|\n|t:|1732946693\n|-terastallize|p2a: Toucannon|Steel\n|-terastallize|p1a: Hatterene|Fairy\n|move|p2a: Toucannon|Boomburst|p1a: Hatterene\n|-damage|p1a: Hatterene|0 fnt\n|faint|p1a: Hatterene\n|\n|win|preshness\n", "inputlog": ">version b107d77f5c90bd6555267ae244a6264823309ead\n>start {\"formatid\":\"gen9randombattle\",\"seed\":[60208,16432,4490,63229],\"rated\":\"Rated battle\"}\n>player p1 {\"name\":\"cremijeur\",\"avatar\":\"miku-psychic\",\"rating\":1510,\"seed\":[36513,35620,31298,46280]}\n>player p2 {\"name\":\"preshness\",\"avatar\":\"1\",\"rating\":1562,\"seed\":[4563,11704,35101,36944]}\n>p1 move nuzzle\n>p2 move headsmash\n>p1 switch 2\n>p2 move suckerpunch\n>p1 move knockoff\n>p2 move woodhammer\n>p1 move liquidation\n>p2 move woodhammer\n>p1 move liquidation\n>p2 move stealthrock\n>p2 switch 2\n>p1 move knockoff\n>p2 move bulkup\n>p1 switch 6\n>p1 move encore\n>p2 move stoneedge\n>p1 move thunderwave\n>p2 move bulkup\n>p1 move thunderwave\n>p2 switch 3\n>p1 move lunge\n>p2 switch 4\n>p1 move thunderwave\n>p2 switch 4\n>chat \u2606cremijeur|this game is so fucking stupid my god\n>p1 move lunge\n>p2 move knockoff\n>p2 switch 4\n>p1 move thunderwave\n>p2 move powergem\n>p1 move lunge\n>p2 move powergem\n>p1 switch 3\n>p1 move surf\n>p2 move earthpower\n>p2 switch 3\n>p1 move toxic\n>p2 move earthquake\n>p1 switch 4\n>p2 move stoneedge\n>p1 move dragondance\n>p2 move closecombat\n>p1 move gravapple\n>p2 move closecombat\n>p2 switch 6\n>p1 move gravapple\n>p2 move tripleaxel\n>p1 switch 5\n>p1 move playrough\n>p2 move lowkick\n>p2 switch 5\n>p1 move behemothblade\n>p2 move beakblast\n>p1 move behemothblade\n>p2 move roost\n>p1 switch 4\n>p1 move sludgebomb\n>p2 move beakblast\n>p1 switch 2\n>p1 move drainingkiss terastallize\n>p2 move boomburst terastallize", "uploadtime": 1732946449, "views": 1, "formatid": "gen9randombattle", "rating": null, "private": 0, "password": null}