{"id": "gen9randombattle-2254000966", "format": "[Gen 9] Random Battle", "players": ["KaiG075", "Saaskin"], "log": "|j|\u2606KaiG075\n|j|\u2606Saaskin\n|t:|1732978219\n|gametype|singles\n|player|p1|KaiG075|1|1825\n|player|p2|Saaskin|101|1880\n|teamsize|p1|6\n|teamsize|p2|6\n|gen|9\n|tier|[Gen 9] Random Battle\n|rated|\n|rule|Species Clause: Limit one of each Pok\u00e9mon\n|rule|HP Percentage Mod: HP is shown in percentages\n|rule|Sleep Clause Mod: Limit one foe put to sleep\n|rule|Illusion Level Mod: Illusion disguises the Pok\u00e9mon's true level\n|\n|t:|1732978219\n|start\n|switch|p1a: Exeggutor|Exeggutor-Alola, L89, M|314/314\n|switch|p2a: Minun|Minun, L95, M|268/268\n|-item|p2a: Minun|Life Orb|[from] ability: Frisk|[of] p1a: Exeggutor\n|turn|1\n|inactive|Battle timer is ON: inactive players will automatically lose when time's up. (requested by Saaskin)\n|\n|t:|1732978245\n|switch|p2a: Wo-Chien|Wo-Chien, L83|277/277\n|-ability|p2a: Wo-Chien|Tablets of Ruin\n|move|p1a: Exeggutor|Draco Meteor|p2a: Wo-Chien\n|-damage|p2a: Wo-Chien|66/277\n|-unboost|p1a: Exeggutor|spa|2\n|\n|-heal|p2a: Wo-Chien|83/277|[from] item: Leftovers\n|upkeep\n|turn|2\n|\n|t:|1732978264\n|move|p2a: Wo-Chien|Knock Off|p1a: Exeggutor\n|-damage|p1a: Exeggutor|229/314\n|-enditem|p1a: Exeggutor|Choice Specs|[from] move: Knock Off|[of] p2a: Wo-Chien\n|move|p1a: Exeggutor|Draco Meteor|p2a: Wo-Chien\n|-damage|p2a: Wo-Chien|17/277\n|-unboost|p1a: Exeggutor|spa|2\n|\n|-heal|p2a: Wo-Chien|34/277|[from] item: Leftovers\n|upkeep\n|turn|3\n|\n|t:|1732978272\n|switch|p2a: Dragalge|Dragalge, L88, F|258/258\n|move|p1a: Exeggutor|Flamethrower|p2a: Dragalge\n|-resisted|p2a: Dragalge\n|-damage|p2a: Dragalge|247/258\n|\n|upkeep\n|turn|4\n|\n|t:|1732978284\n|switch|p1a: Lugia|Lugia, L72|272/272\n|move|p2a: Dragalge|Draco Meteor|p1a: Lugia\n|-crit|p1a: Lugia\n|-damage|p1a: Lugia|89/272\n|-unboost|p2a: Dragalge|spa|2\n|\n|upkeep\n|turn|5\n|\n|t:|1732978289\n|switch|p2a: Illumise|Illumise, L91, F|266/266\n|move|p1a: Lugia|Recover|p1a: Lugia\n|-heal|p1a: Lugia|225/272\n|\n|upkeep\n|turn|6\n|\n|t:|1732978297\n|switch|p1a: Thundurus|Thundurus, L80, M|258/258\n|move|p2a: Illumise|Thunder Wave|p1a: Thundurus\n|-immune|p1a: Thundurus\n|\n|upkeep\n|turn|7\n|\n|t:|1732978308\n|switch|p2a: Dragalge|Dragalge, L88, F|247/258\n|move|p1a: Thundurus|Focus Blast|p2a: Dragalge\n|-resisted|p2a: Dragalge\n|-damage|p2a: Dragalge|215/258\n|\n|upkeep\n|turn|8\n|\n|t:|1732978313\n|move|p1a: Thundurus|Thunder Wave|p2a: Dragalge\n|-status|p2a: Dragalge|par\n|move|p2a: Dragalge|Sludge Wave|p1a: Thundurus\n|-damage|p1a: Thundurus|30/258\n|\n|upkeep\n|turn|9\n|\n|t:|1732978323\n|switch|p1a: Lugia|Lugia, L72|225/272\n|move|p2a: Dragalge|Sludge Wave|p1a: Lugia\n|-damage|p1a: Lugia|51/272\n|\n|upkeep\n|turn|10\n|\n|t:|1732978330\n|move|p1a: Lugia|Earth Power|p2a: Dragalge\n|-supereffective|p2a: Dragalge\n|-damage|p2a: Dragalge|151/258 par\n|cant|p2a: Dragalge|par\n|\n|upkeep\n|turn|11\n|\n|t:|1732978337\n|move|p1a: Lugia|Recover|p1a: Lugia\n|-heal|p1a: Lugia|187/272\n|move|p2a: Dragalge|Sludge Wave|p1a: Lugia\n|-damage|p1a: Lugia|25/272\n|\n|upkeep\n|turn|12\n|\n|t:|1732978341\n|move|p1a: Lugia|Recover|p1a: Lugia\n|-heal|p1a: Lugia|161/272\n|move|p2a: Dragalge|Sludge Wave|p1a: Lugia\n|-damage|p1a: Lugia|0 fnt\n|faint|p1a: Lugia\n|\n|upkeep\n|\n|t:|1732978345\n|switch|p1a: Arceus|Arceus-Rock, L74|300/300\n|turn|13\n|\n|t:|1732978360\n|switch|p2a: Wo-Chien|Wo-Chien, L83|34/277\n|-ability|p2a: Wo-Chien|Tablets of Ruin\n|move|p1a: Arceus|Stone Edge|p2a: Wo-Chien\n|-damage|p2a: Wo-Chien|0 fnt\n|faint|p2a: Wo-Chien\n|\n|upkeep\n|\n|t:|1732978370\n|switch|p2a: Clawitzer|Clawitzer, L87, F|265/265\n|turn|14\n|\n|t:|1732978383\n|switch|p1a: Comfey|Comfey, L85, F|225/225\n|move|p2a: Clawitzer|Dragon Pulse|p1a: Comfey\n|-immune|p1a: Comfey\n|\n|upkeep\n|turn|15\n|\n|t:|1732978396\n|switch|p2a: Dragalge|Dragalge, L88, F|151/258 par\n|move|p1a: Comfey|Draining Kiss|p2a: Dragalge\n|-damage|p2a: Dragalge|115/258 par\n|\n|upkeep\n|turn|16\n|\n|t:|1732978407\n|-terastallize|p1a: Comfey|Steel\n|move|p1a: Comfey|Calm Mind|p1a: Comfey\n|-boost|p1a: Comfey|spa|1\n|-boost|p1a: Comfey|spd|1\n|move|p2a: Dragalge|Sludge Wave|p1a: Comfey\n|-immune|p1a: Comfey\n|\n|upkeep\n|turn|17\n|\n|t:|1732978415\n|switch|p2a: Illumise|Illumise, L91, F|266/266\n|move|p1a: Comfey|Stored Power|p2a: Illumise\n|-damage|p2a: Illumise|214/266\n|\n|upkeep\n|turn|18\n|\n|t:|1732978420\n|switch|p1a: Thundurus|Thundurus, L80, M|30/258\n|move|p2a: Illumise|Encore||[still]\n|-fail|p2a: Illumise\n|\n|upkeep\n|turn|19\n|\n|t:|1732978427\n|switch|p2a: Dragalge|Dragalge, L88, F|115/258 par\n|move|p1a: Thundurus|Acrobatics|p2a: Dragalge\n|-damage|p2a: Dragalge|0 fnt\n|faint|p2a: Dragalge\n|\n|upkeep\n|l|\u2606KaiG075\n|inactive|KaiG075 disconnected and has a minute to reconnect!\n|player|p1|\n|\n|t:|1732978437\n|switch|p2a: Minun|Minun, L95, M|268/268\n|turn|20\n|j|\u2606KaiG075\n|inactive|KaiG075 reconnected and has 140 seconds left.\n|player|p1|KaiG075|1|\n|inactive|KaiG075 has 120 seconds left.\n|\n|t:|1732978471\n|switch|p1a: Exeggutor|Exeggutor-Alola, L89, M|229/314\n|-item|p2a: Minun|Life Orb|[from] ability: Frisk|[of] p1a: Exeggutor\n|move|p2a: Minun|Thunderbolt|p1a: Exeggutor\n|-resisted|p1a: Exeggutor\n|-damage|p1a: Exeggutor|195/314\n|-damage|p2a: Minun|242/268|[from] item: Life Orb\n|\n|upkeep\n|turn|21\n|\n|t:|1732978480\n|switch|p2a: Galvantula|Galvantula, L82, F|249/249\n|move|p1a: Exeggutor|Flamethrower|p2a: Galvantula\n|-supereffective|p2a: Galvantula\n|-damage|p2a: Galvantula|29/249\n|\n|upkeep\n|turn|22\n|\n|t:|1732978489\n|switch|p1a: Arceus|Arceus-Rock, L74|300/300\n|move|p2a: Galvantula|Bug Buzz|p1a: Arceus\n|-damage|p1a: Arceus|225/300\n|\n|upkeep\n|turn|23\n|\n|t:|1732978496\n|move|p2a: Galvantula|Giga Drain|p1a: Arceus\n|-supereffective|p1a: Arceus\n|-damage|p1a: Arceus|129/300\n|-heal|p2a: Galvantula|77/249|[from] drain|[of] p1a: Arceus\n|move|p1a: Arceus|Earthquake|p2a: Galvantula\n|-damage|p2a: Galvantula|0 fnt\n|faint|p2a: Galvantula\n|\n|upkeep\n|\n|t:|1732978504\n|switch|p2a: Minun|Minun, L95, M|242/268\n|turn|24\n|\n|t:|1732978516\n|move|p2a: Minun|Nasty Plot|p2a: Minun\n|-boost|p2a: Minun|spa|2\n|move|p1a: Arceus|Stone Edge|p2a: Minun\n|-damage|p2a: Minun|98/268\n|\n|upkeep\n|turn|25\n|\n|t:|1732978519\n|move|p2a: Minun|Grass Knot|p1a: Arceus\n|-supereffective|p1a: Arceus\n|-damage|p1a: Arceus|0 fnt\n|faint|p1a: Arceus\n|-damage|p2a: Minun|72/268|[from] item: Life Orb\n|\n|upkeep\n|\n|t:|1732978530\n|switch|p1a: Exeggutor|Exeggutor-Alola, L89, M|195/314\n|-item|p2a: Minun|Life Orb|[from] ability: Frisk|[of] p1a: Exeggutor\n|turn|26\n|\n|t:|1732978532\n|move|p2a: Minun|Alluring Voice|p1a: Exeggutor\n|-supereffective|p1a: Exeggutor\n|-damage|p1a: Exeggutor|0 fnt\n|faint|p1a: Exeggutor\n|-damage|p2a: Minun|46/268|[from] item: Life Orb\n|\n|upkeep\n|\n|t:|1732978538\n|switch|p1a: Comfey|Comfey, L85, F, tera:Steel|225/225\n|turn|27\n|\n|t:|1732978545\n|switch|p2a: Illumise|Illumise, L91, F|214/266\n|move|p1a: Comfey|Draining Kiss|p2a: Illumise\n|-damage|p2a: Illumise|171/266\n|\n|upkeep\n|turn|28\n|\n|t:|1732978556\n|switch|p1a: Thundurus|Thundurus, L80, M|30/258\n|move|p2a: Illumise|Encore||[still]\n|-fail|p2a: Illumise\n|\n|upkeep\n|turn|29\n|\n|t:|1732978561\n|move|p1a: Thundurus|Acrobatics|p2a: Illumise\n|-supereffective|p2a: Illumise\n|-damage|p2a: Illumise|0 fnt\n|faint|p2a: Illumise\n|\n|upkeep\n|\n|t:|1732978564\n|switch|p2a: Clawitzer|Clawitzer, L87, F|265/265\n|turn|30\n|\n|t:|1732978569\n|move|p1a: Thundurus|Thunder Wave|p2a: Clawitzer\n|-status|p2a: Clawitzer|par\n|move|p2a: Clawitzer|Aura Sphere|p1a: Thundurus\n|-resisted|p1a: Thundurus\n|-crit|p1a: Thundurus\n|-damage|p1a: Thundurus|0 fnt\n|faint|p1a: Thundurus\n|\n|upkeep\n|\n|t:|1732978572\n|switch|p1a: Comfey|Comfey, L85, F, tera:Steel|225/225\n|turn|31\n|\n|t:|1732978579\n|-terastallize|p2a: Clawitzer|Fighting\n|move|p1a: Comfey|Giga Drain|p2a: Clawitzer\n|-damage|p2a: Clawitzer|220/265 par\n|move|p2a: Clawitzer|Aura Sphere|p1a: Comfey\n|-supereffective|p1a: Comfey\n|-damage|p1a: Comfey|0 fnt\n|faint|p1a: Comfey\n|\n|upkeep\n|\n|t:|1732978581\n|switch|p1a: Garganacl|Garganacl, L80, F|291/291\n|turn|32\n|\n|t:|1732978586\n|move|p1a: Garganacl|Salt Cure|p2a: Clawitzer\n|-resisted|p2a: Clawitzer\n|-damage|p2a: Clawitzer|200/265 par\n|-start|p2a: Clawitzer|Salt Cure\n|move|p2a: Clawitzer|Aura Sphere|p1a: Garganacl\n|-supereffective|p1a: Garganacl\n|-damage|p1a: Garganacl|0 fnt\n|faint|p1a: Garganacl\n|\n|win|Saaskin\n|raw|KaiG075's rating: 1825 &rarr; <strong>1808</strong><br />(-17 for losing)\n|raw|Saaskin's rating: 1880 &rarr; <strong>1897</strong><br />(+17 for winning)\n|l|\u2606KaiG075\n|player|p1|\n", "inputlog": ">version b107d77f5c90bd6555267ae244a6264823309ead\n>start {\"formatid\":\"gen9randombattle\",\"seed\":[25170,23049,24172,21032],\"rated\":\"Rated battle\"}\n>player p1 {\"name\":\"KaiG075\",\"avatar\":\"1\",\"rating\":1825,\"seed\":[57220,15425,43319,28846]}\n>player p2 {\"name\":\"Saaskin\",\"avatar\":\"101\",\"rating\":1880,\"seed\":[13407,24757,20742,19093]}\n>p1 move dracometeor\n>p2 switch 3\n>p1 move dracometeor\n>p2 move knockoff\n>p1 move flamethrower\n>p2 switch 4\n>p1 switch 6\n>p2 move dracometeor\n>p1 move recover\n>p2 switch 5\n>p1 switch 3\n>p2 move thunderwave\n>p1 move focusblast\n>p2 switch 5\n>p1 move thunderwave\n>p2 move sludgewave\n>p1 switch 3\n>p2 move sludgewave\n>p1 move earthpower\n>p2 move sludgewave\n>p1 move recover\n>p2 move sludgewave\n>p1 move recover\n>p2 move sludgewave\n>p1 switch 2\n>p1 move stoneedge\n>p2 switch 4\n>p2 switch 2\n>p1 switch 4\n>p2 move dragonpulse\n>p1 move drainingkiss\n>p2 switch 4\n>p1 move calmmind terastallize\n>p2 move sludgewave\n>p1 move storedpower\n>p2 switch 5\n>p1 switch 3\n>p2 move encore\n>p1 move acrobatics\n>p2 switch 5\n>p2 switch 3\n>p1 switch 6\n>p2 move thunderbolt\n>p1 move flamethrower\n>p2 switch 6\n>p1 switch 4\n>p2 move bugbuzz\n>p1 move earthquake\n>p2 move gigadrain\n>p2 switch 6\n>p1 move stoneedge\n>p2 move nastyplot\n>p1 move earthquake\n>p2 move grassknot\n>p1 switch 4\n>p1 move flamethrower\n>p2 move alluringvoice\n>p1 switch 3\n>p1 move drainingkiss\n>p2 switch 5\n>p1 switch 6\n>p2 move encore\n>p1 move acrobatics\n>p2 move bugbuzz\n>p2 switch 4\n>p1 move thunderwave\n>p2 move aurasphere\n>p1 switch 6\n>p1 move gigadrain\n>p2 move aurasphere terastallize\n>p1 switch 5\n>p1 move saltcure\n>p2 move aurasphere", "uploadtime": 1732978595, "views": 2, "formatid": "gen9randombattle", "rating": 1808, "private": 0, "password": null}