{"id": "gen9randombattle-2253807901", "format": "[Gen 9] Random Battle", "players": ["userXMAN_0", "brooklynisforlgbtq"], "log": "|j|\u2606userXMAN_0\n|j|\u2606brooklynisforlgbtq\n|t:|1732941371\n|gametype|singles\n|player|p1|userXMAN_0|silver|\n|player|p2|brooklynisforlgbtq|169|\n|teamsize|p1|6\n|teamsize|p2|6\n|gen|9\n|tier|[Gen 9] Random Battle\n|rule|Species Clause: Limit one of each Pok\u00e9mon\n|rule|HP Percentage Mod: HP is shown in percentages\n|rule|Sleep Clause Mod: Limit one foe put to sleep\n|rule|Illusion Level Mod: Illusion disguises the Pok\u00e9mon's true level\n|\n|t:|1732941371\n|start\n|switch|p1a: Malamar|Malamar, L82, M|275/275\n|switch|p2a: Dipplin|Dipplin, L88, M|284/284\n|turn|1\n|\n|t:|1732941392\n|move|p1a: Malamar|Superpower|p2a: Dipplin\n|-damage|p2a: Dipplin|240/284\n|-boost|p1a: Malamar|atk|1\n|-boost|p1a: Malamar|def|1\n|move|p2a: Dipplin|Dragon Pulse|p1a: Malamar\n|-damage|p1a: Malamar|160/275\n|\n|-heal|p1a: Malamar|177/275|[from] item: Leftovers\n|upkeep\n|turn|2\n|\n|t:|1732941407\n|move|p1a: Malamar|Superpower|p2a: Dipplin\n|-damage|p2a: Dipplin|183/284\n|-boost|p1a: Malamar|atk|1\n|-boost|p1a: Malamar|def|1\n|move|p2a: Dipplin|Dragon Tail|p1a: Malamar|[miss]\n|-miss|p2a: Dipplin|p1a: Malamar\n|\n|-heal|p1a: Malamar|194/275|[from] item: Leftovers\n|upkeep\n|turn|3\n|\n|t:|1732941418\n|-terastallize|p2a: Dipplin|Steel\n|move|p1a: Malamar|Knock Off|p2a: Dipplin\n|-damage|p2a: Dipplin|74/284\n|-activate|p2a: Dipplin|ability: Sticky Hold\n|move|p2a: Dipplin|Dragon Tail|p1a: Malamar\n|-damage|p1a: Malamar|161/275\n|drag|p1a: Glastrier|Glastrier, L86|312/312\n|\n|upkeep\n|turn|4\n|\n|t:|1732941431\n|move|p2a: Dipplin|Dragon Pulse|p1a: Glastrier\n|-damage|p1a: Glastrier|236/312\n|move|p1a: Glastrier|Swords Dance|p1a: Glastrier\n|-boost|p1a: Glastrier|atk|2\n|\n|upkeep\n|turn|5\n|\n|t:|1732941437\n|move|p2a: Dipplin|Giga Drain|p1a: Glastrier\n|-damage|p1a: Glastrier|164/312\n|-heal|p2a: Dipplin|110/284|[from] drain|[of] p1a: Glastrier\n|move|p1a: Glastrier|Heavy Slam|p2a: Dipplin\n|-resisted|p2a: Dipplin\n|-damage|p2a: Dipplin|50/284\n|\n|upkeep\n|turn|6\n|\n|t:|1732941449\n|move|p2a: Dipplin|Recover|p2a: Dipplin\n|-heal|p2a: Dipplin|192/284\n|move|p1a: Glastrier|High Horsepower|p2a: Dipplin\n|-supereffective|p2a: Dipplin\n|-damage|p2a: Dipplin|0 fnt\n|faint|p2a: Dipplin\n|-ability|p1a: Glastrier|Chilling Neigh|boost\n|-boost|p1a: Glastrier|atk|1\n|\n|upkeep\n|\n|t:|1732941460\n|switch|p2a: Glastrier|Glastrier, L86|312/312\n|turn|7\n|\n|t:|1732941466\n|move|p2a: Glastrier|High Horsepower|p1a: Glastrier\n|-damage|p1a: Glastrier|92/312\n|move|p1a: Glastrier|Heavy Slam|p2a: Glastrier\n|-supereffective|p2a: Glastrier\n|-damage|p2a: Glastrier|176/312\n|\n|upkeep\n|turn|8\n|\n|t:|1732941477\n|move|p2a: Glastrier|Close Combat|p1a: Glastrier\n|-supereffective|p1a: Glastrier\n|-damage|p1a: Glastrier|0 fnt\n|-unboost|p2a: Glastrier|def|1\n|-unboost|p2a: Glastrier|spd|1\n|faint|p1a: Glastrier\n|-ability|p2a: Glastrier|Chilling Neigh|boost\n|-boost|p2a: Glastrier|atk|1\n|\n|upkeep\n|\n|t:|1732941487\n|switch|p1a: Entei|Entei, L78|307/307\n|turn|9\n|\n|t:|1732941500\n|switch|p2a: Masquerain|Masquerain, L87, F|264/264\n|-ability|p2a: Masquerain|Intimidate|boost\n|-fail|p1a: Entei|unboost|Attack|[from] ability: Inner Focus|[of] p1a: Entei\n|move|p1a: Entei|Sacred Fire|p2a: Masquerain|[miss]\n|-miss|p1a: Entei|p2a: Masquerain\n|\n|upkeep\n|turn|10\n|\n|t:|1732941518\n|move|p1a: Entei|Sacred Fire|p2a: Masquerain|[miss]\n|-miss|p1a: Entei|p2a: Masquerain\n|move|p2a: Masquerain|Hydro Pump|p1a: Entei|[miss]\n|-miss|p2a: Masquerain|p1a: Entei\n|\n|upkeep\n|turn|11\n|\n|t:|1732941524\n|move|p1a: Entei|Sacred Fire|p2a: Masquerain\n|-supereffective|p2a: Masquerain\n|-damage|p2a: Masquerain|0 fnt\n|faint|p2a: Masquerain\n|\n|upkeep\n|\n|t:|1732941533\n|switch|p2a: Slaking|Slaking, L84, M|389/389\n|turn|12\n|\n|t:|1732941540\n|move|p2a: Slaking|Earthquake|p1a: Entei\n|-supereffective|p1a: Entei\n|-damage|p1a: Entei|0 fnt\n|faint|p1a: Entei\n|\n|upkeep\n|\n|t:|1732941545\n|switch|p1a: Malamar|Malamar, L82, M|161/275\n|turn|13\n|\n|t:|1732941549\n|cant|p2a: Slaking|ability: Truant\n|move|p1a: Malamar|Superpower|p2a: Slaking\n|-supereffective|p2a: Slaking\n|-damage|p2a: Slaking|237/389\n|-boost|p1a: Malamar|atk|1\n|-boost|p1a: Malamar|def|1\n|\n|-heal|p1a: Malamar|178/275|[from] item: Leftovers\n|upkeep\n|turn|14\n|\n|t:|1732941559\n|-terastallize|p1a: Malamar|Fighting\n|move|p2a: Slaking|Earthquake|p1a: Malamar\n|-damage|p1a: Malamar|64/275\n|move|p1a: Malamar|Superpower|p2a: Slaking\n|-supereffective|p2a: Slaking\n|-damage|p2a: Slaking|0 fnt\n|-boost|p1a: Malamar|atk|1\n|-boost|p1a: Malamar|def|1\n|faint|p2a: Slaking\n|\n|-heal|p1a: Malamar|81/275|[from] item: Leftovers\n|upkeep\n|\n|t:|1732941570\n|switch|p2a: Espeon|Espeon, L84, M|246/246\n|turn|15\n|\n|t:|1732941574\n|move|p2a: Espeon|Shadow Ball|p1a: Malamar\n|-damage|p1a: Malamar|0 fnt\n|faint|p1a: Malamar\n|\n|upkeep\n|\n|t:|1732941585\n|switch|p1a: Palafin|Palafin, L77, F|281/281\n|turn|16\n|\n|t:|1732941593\n|switch|p2a: Glastrier|Glastrier, L86|176/312\n|move|p1a: Palafin|Flip Turn|p2a: Glastrier\n|-damage|p2a: Glastrier|128/312\n|\n|t:|1732941600\n|detailschange|p1a: Palafin|Palafin-Hero, L77, F\n|switch|p1a: Reshiram|Reshiram, L76|277/277|[from] Flip Turn\n|-ability|p1a: Reshiram|Turboblaze\n|\n|upkeep\n|turn|17\n|\n|t:|1732941608\n|move|p1a: Reshiram|Blue Flare|p2a: Glastrier\n|-supereffective|p2a: Glastrier\n|-damage|p2a: Glastrier|0 fnt\n|faint|p2a: Glastrier\n|\n|upkeep\n|\n|t:|1732941614\n|switch|p2a: Ting-Lu|Ting-Lu, L78|370/370\n|-ability|p2a: Ting-Lu|Vessel of Ruin\n|turn|18\n|\n|t:|1732941623\n|move|p1a: Reshiram|Will-O-Wisp|p2a: Ting-Lu\n|-status|p2a: Ting-Lu|brn\n|move|p2a: Ting-Lu|Throat Chop|p1a: Reshiram\n|-damage|p1a: Reshiram|235/277\n|-start|p1a: Reshiram|Throat Chop|[silent]\n|\n|-damage|p2a: Ting-Lu|347/370 brn|[from] brn\n|upkeep\n|turn|19\n|\n|t:|1732941636\n|move|p1a: Reshiram|Draco Meteor|p2a: Ting-Lu\n|-damage|p2a: Ting-Lu|206/370 brn\n|-unboost|p1a: Reshiram|spa|2\n|move|p2a: Ting-Lu|Earthquake|p1a: Reshiram\n|-supereffective|p1a: Reshiram\n|-damage|p1a: Reshiram|136/277\n|\n|-heal|p2a: Ting-Lu|229/370 brn|[from] item: Leftovers\n|-damage|p2a: Ting-Lu|206/370 brn|[from] brn\n|-end|p1a: Reshiram|Throat Chop|[silent]\n|upkeep\n|turn|20\n|\n|t:|1732941645\n|switch|p1a: Palafin|Palafin-Hero, L77, F|281/281\n|-activate|p1a: Palafin|ability: Zero to Hero\n|move|p2a: Ting-Lu|Earthquake|p1a: Palafin\n|-damage|p1a: Palafin|232/281\n|\n|-heal|p2a: Ting-Lu|229/370 brn|[from] item: Leftovers\n|-damage|p2a: Ting-Lu|206/370 brn|[from] brn\n|upkeep\n|turn|21\n|\n|t:|1732941661\n|move|p1a: Palafin|Jet Punch|p2a: Ting-Lu\n|-supereffective|p2a: Ting-Lu\n|-damage|p2a: Ting-Lu|0 fnt\n|faint|p2a: Ting-Lu\n|\n|upkeep\n|\n|t:|1732941665\n|switch|p2a: Espeon|Espeon, L84, M|246/246\n|turn|22\n|\n|t:|1732941674\n|move|p1a: Palafin|Jet Punch|p2a: Espeon\n|-damage|p2a: Espeon|81/246\n|move|p2a: Espeon|Alluring Voice|p1a: Palafin\n|-damage|p1a: Palafin|117/281\n|\n|upkeep\n|turn|23\n|\n|t:|1732941679\n|move|p1a: Palafin|Jet Punch|p2a: Espeon\n|-damage|p2a: Espeon|0 fnt\n|faint|p2a: Espeon\n|\n|win|userXMAN_0\n", "inputlog": ">version b107d77f5c90bd6555267ae244a6264823309ead\n>start {\"formatid\":\"gen9randombattle\",\"seed\":[2872,4100,46729,50169]}\n>player p1 {\"name\":\"userXMAN_0\",\"avatar\":\"silver\",\"rating\":0,\"seed\":[52941,43761,8821,13876]}\n>player p2 {\"name\":\"brooklynisforlgbtq\",\"avatar\":\"169\",\"rating\":0,\"seed\":[52488,27233,32230,1485]}\n>p1 move superpower\n>p2 move dragonpulse\n>p1 move superpower\n>p2 move dragontail\n>p1 move knockoff\n>p2 move dragontail terastallize\n>p1 move swordsdance\n>p2 move dragonpulse\n>p1 move heavyslam\n>p2 move gigadrain\n>p1 move highhorsepower\n>p2 move recover\n>p2 switch 5\n>p1 move heavyslam\n>p2 move highhorsepower\n>p1 move heavyslam\n>p2 move closecombat\n>p1 switch 4\n>p1 move sacredfire\n>p2 switch 4\n>p1 move sacredfire\n>p2 move hydropump\n>p1 move sacredfire\n>p2 move hydropump\n>p2 switch 2\n>p1 move sacredfire\n>p2 move earthquake\n>p1 switch 5\n>p1 move superpower\n>p2 move earthquake\n>p1 move superpower terastallize\n>p2 move earthquake\n>p2 switch 6\n>p1 move knockoff\n>p2 move shadowball\n>p1 switch 6\n>p1 move flipturn\n>p2 switch 4\n>p1 switch 2\n>p1 move blueflare\n>p2 move highhorsepower\n>p2 switch 3\n>p1 move willowisp\n>p2 move throatchop\n>p1 move dracometeor\n>p2 move earthquake\n>p1 switch 2\n>p2 move earthquake\n>p1 move jetpunch\n>p2 move throatchop\n>p2 switch 4\n>p1 move jetpunch\n>p2 move alluringvoice\n>p1 move jetpunch\n>p2 move alluringvoice", "uploadtime": 1732941682, "views": 18, "formatid": "gen9randombattle", "rating": null, "private": 0, "password": null}