{"id": "gen9randombattle-2254057979", "format": "[Gen 9] Random Battle", "players": ["rideq", "SoSROc"], "log": "|j|\u2606rideq\n|j|\u2606SoSROc\n|t:|1732985970\n|gametype|singles\n|player|p1|rideq|silver|\n|player|p2|SoSROc|erika-gen2|\n|teamsize|p1|6\n|teamsize|p2|6\n|gen|9\n|tier|[Gen 9] Random Battle\n|rule|Species Clause: Limit one of each Pok\u00e9mon\n|rule|HP Percentage Mod: HP is shown in percentages\n|rule|Sleep Clause Mod: Limit one foe put to sleep\n|rule|Illusion Level Mod: Illusion disguises the Pok\u00e9mon's true level\n|\n|t:|1732985970\n|start\n|switch|p1a: Calyrex|Calyrex, L93|337/337\n|switch|p2a: Kingdra|Kingdra, L84, M|263/263\n|-ability|p1a: Calyrex|Unnerve\n|turn|1\n|\n|t:|1732985998\n|switch|p2a: Porygon2|Porygon2, L82|274/274\n|-ability|p2a: Porygon2|Download|boost\n|-boost|p2a: Porygon2|spa|1\n|move|p1a: Calyrex|Leech Seed|p2a: Porygon2\n|-start|p2a: Porygon2|move: Leech Seed\n|\n|-damage|p2a: Porygon2|240/274|[from] Leech Seed|[of] p1a: Calyrex\n|upkeep\n|turn|2\n|\n|t:|1732986024\n|move|p1a: Calyrex|Calm Mind|p1a: Calyrex\n|-boost|p1a: Calyrex|spa|1\n|-boost|p1a: Calyrex|spd|1\n|move|p2a: Porygon2|Thunder Wave|p1a: Calyrex|[miss]\n|-miss|p2a: Porygon2|p1a: Calyrex\n|\n|-damage|p2a: Porygon2|206/274|[from] Leech Seed|[of] p1a: Calyrex\n|upkeep\n|turn|3\n|\n|t:|1732986048\n|move|p1a: Calyrex|Psyshock|p2a: Porygon2\n|-damage|p2a: Porygon2|110/274\n|move|p2a: Porygon2|Shadow Ball|p1a: Calyrex\n|-supereffective|p1a: Calyrex\n|-damage|p1a: Calyrex|221/337\n|\n|-heal|p1a: Calyrex|242/337|[from] item: Leftovers\n|-damage|p2a: Porygon2|76/274|[from] Leech Seed|[of] p1a: Calyrex\n|-heal|p1a: Calyrex|276/337|[silent]\n|upkeep\n|turn|4\n|\n|t:|1732986074\n|switch|p2a: Ogerpon|Ogerpon-Cornerstone, L76, F|247/247\n|move|p1a: Calyrex|Giga Drain|p2a: Ogerpon\n|-damage|p2a: Ogerpon|112/247\n|-heal|p1a: Calyrex|337/337|[from] drain|[of] p2a: Ogerpon\n|\n|upkeep\n|turn|5\n|\n|t:|1732986089\n|-terastallize|p2a: Ogerpon|Rock\n|detailschange|p2a: Ogerpon|Ogerpon-Cornerstone-Tera, L76, F, tera:Rock\n|-ability|p2a: Ogerpon|Embody Aspect (Cornerstone)|boost\n|-boost|p2a: Ogerpon|def|1\n|move|p2a: Ogerpon|Ivy Cudgel|p1a: Calyrex|[anim] Ivy Cudgel Rock\n|-damage|p1a: Calyrex|163/337\n|move|p1a: Calyrex|Calm Mind|p1a: Calyrex\n|-boost|p1a: Calyrex|spa|1\n|-boost|p1a: Calyrex|spd|1\n|\n|-heal|p1a: Calyrex|184/337|[from] item: Leftovers\n|upkeep\n|turn|6\n|\n|t:|1732986101\n|move|p2a: Ogerpon|Ivy Cudgel|p1a: Calyrex|[anim] Ivy Cudgel Rock\n|-crit|p1a: Calyrex\n|-damage|p1a: Calyrex|0 fnt\n|faint|p1a: Calyrex\n|\n|upkeep\n|\n|t:|1732986152\n|switch|p1a: Palossand|Palossand, L89, M|296/296\n|turn|7\n|\n|t:|1732986191\n|-terastallize|p1a: Palossand|Poison\n|move|p2a: Ogerpon|Synthesis|p2a: Ogerpon\n|-heal|p2a: Ogerpon|235/247\n|move|p1a: Palossand|Earth Power|p2a: Ogerpon\n|-supereffective|p2a: Ogerpon\n|-damage|p2a: Ogerpon|0 fnt\n|faint|p2a: Ogerpon\n|\n|upkeep\n|\n|t:|1732986208\n|switch|p2a: Kingdra|Kingdra, L84, M|263/263\n|turn|8\n|\n|t:|1732986218\n|move|p2a: Kingdra|Dragon Dance|p2a: Kingdra\n|-boost|p2a: Kingdra|atk|1\n|-boost|p2a: Kingdra|spe|1\n|move|p1a: Palossand|Sludge Bomb|p2a: Kingdra\n|-damage|p2a: Kingdra|155/263\n|\n|upkeep\n|turn|9\n|\n|t:|1732986225\n|move|p2a: Kingdra|Iron Head|p1a: Palossand\n|-damage|p1a: Palossand|225/296\n|cant|p1a: Palossand|flinch\n|\n|-heal|p1a: Palossand|243/296|[from] item: Leftovers\n|upkeep\n|turn|10\n|\n|t:|1732986236\n|move|p2a: Kingdra|Outrage|p1a: Palossand\n|-damage|p1a: Palossand|99/296\n|move|p1a: Palossand|Shadow Ball|p2a: Kingdra\n|-damage|p2a: Kingdra|62/263\n|\n|-heal|p1a: Palossand|117/296|[from] item: Leftovers\n|upkeep\n|turn|11\n|\n|t:|1732986245\n|move|p2a: Kingdra|Outrage|p1a: Palossand|[from]lockedmove\n|-damage|p1a: Palossand|0 fnt\n|faint|p1a: Palossand\n|-start|p2a: Kingdra|confusion|[fatigue]\n|-enditem|p2a: Kingdra|Lum Berry|[eat]\n|-end|p2a: Kingdra|confusion\n|\n|upkeep\n|\n|t:|1732986268\n|switch|p1a: Wyrdeer|Wyrdeer, L87, F|321/321\n|-ability|p1a: Wyrdeer|Intimidate|boost\n|-unboost|p2a: Kingdra|atk|1\n|turn|12\n|\n|t:|1732986314\n|move|p2a: Kingdra|Outrage|p1a: Wyrdeer\n|-damage|p1a: Wyrdeer|170/321\n|move|p1a: Wyrdeer|Thunder Wave|p2a: Kingdra\n|-status|p2a: Kingdra|par\n|\n|-heal|p1a: Wyrdeer|190/321|[from] item: Leftovers\n|upkeep\n|turn|13\n|\n|t:|1732986325\n|move|p1a: Wyrdeer|Megahorn|p2a: Kingdra\n|-damage|p2a: Kingdra|0 fnt\n|faint|p2a: Kingdra\n|\n|-heal|p1a: Wyrdeer|210/321|[from] item: Leftovers\n|upkeep\n|\n|t:|1732986334\n|switch|p2a: Dipplin|Dipplin, L88, F|284/284\n|turn|14\n|\n|t:|1732986352\n|move|p1a: Wyrdeer|Megahorn|p2a: Dipplin\n|-supereffective|p2a: Dipplin\n|-damage|p2a: Dipplin|172/284\n|move|p2a: Dipplin|Dragon Tail|p1a: Wyrdeer\n|-damage|p1a: Wyrdeer|140/321\n|drag|p1a: Perrserker|Perrserker, L89, F|269/269\n|\n|upkeep\n|turn|15\n|\n|t:|1732986364\n|move|p1a: Perrserker|Stealth Rock|p2a: Dipplin\n|-sidestart|p2: SoSROc|move: Stealth Rock\n|move|p2a: Dipplin|Dragon Pulse|p1a: Perrserker\n|-resisted|p1a: Perrserker\n|-damage|p1a: Perrserker|203/269\n|\n|upkeep\n|turn|16\n|\n|t:|1732986375\n|move|p1a: Perrserker|Knock Off|p2a: Dipplin\n|-damage|p2a: Dipplin|93/284\n|-activate|p2a: Dipplin|ability: Sticky Hold\n|-damage|p1a: Perrserker|177/269|[from] item: Life Orb\n|move|p2a: Dipplin|Dragon Pulse|p1a: Perrserker\n|-resisted|p1a: Perrserker\n|-damage|p1a: Perrserker|111/269\n|\n|upkeep\n|turn|17\n|\n|t:|1732986383\n|move|p1a: Perrserker|Close Combat|p2a: Dipplin\n|-crit|p2a: Dipplin\n|-damage|p2a: Dipplin|0 fnt\n|-unboost|p1a: Perrserker|def|1\n|-unboost|p1a: Perrserker|spd|1\n|faint|p2a: Dipplin\n|-damage|p1a: Perrserker|85/269|[from] item: Life Orb\n|\n|upkeep\n|\n|t:|1732986403\n|switch|p2a: Mewtwo|Mewtwo, L72|272/272\n|-ability|p2a: Mewtwo|Unnerve\n|-damage|p2a: Mewtwo|238/272|[from] Stealth Rock\n|turn|18\n|\n|t:|1732986413\n|move|p2a: Mewtwo|Aura Sphere|p1a: Perrserker\n|-supereffective|p1a: Perrserker\n|-damage|p1a: Perrserker|0 fnt\n|faint|p1a: Perrserker\n|-damage|p2a: Mewtwo|211/272|[from] item: Life Orb\n|\n|upkeep\n|\n|t:|1732986434\n|switch|p1a: Wyrdeer|Wyrdeer, L87, F|140/321\n|-ability|p1a: Wyrdeer|Intimidate|boost\n|-unboost|p2a: Mewtwo|atk|1\n|turn|19\n|\n|t:|1732986453\n|move|p2a: Mewtwo|Aura Sphere|p1a: Wyrdeer\n|-damage|p1a: Wyrdeer|50/321\n|-damage|p2a: Mewtwo|184/272|[from] item: Life Orb\n|move|p1a: Wyrdeer|Megahorn|p2a: Mewtwo|[miss]\n|-miss|p1a: Wyrdeer|p2a: Mewtwo\n|\n|-heal|p1a: Wyrdeer|70/321|[from] item: Leftovers\n|upkeep\n|turn|20\n|\n|t:|1732986461\n|move|p2a: Mewtwo|Aura Sphere|p1a: Wyrdeer\n|-damage|p1a: Wyrdeer|0 fnt\n|faint|p1a: Wyrdeer\n|-damage|p2a: Mewtwo|157/272|[from] item: Life Orb\n|\n|upkeep\n|\n|t:|1732986470\n|switch|p1a: Scizor|Scizor, L79, F|240/240\n|turn|21\n|\n|t:|1732986483\n|move|p2a: Mewtwo|Fire Blast|p1a: Scizor|[miss]\n|-miss|p2a: Mewtwo|p1a: Scizor\n|move|p1a: Scizor|Knock Off|p2a: Mewtwo\n|-supereffective|p2a: Mewtwo\n|-damage|p2a: Mewtwo|0 fnt\n|-enditem|p2a: Mewtwo|Life Orb|[from] move: Knock Off|[of] p1a: Scizor\n|faint|p2a: Mewtwo\n|-damage|p1a: Scizor|216/240|[from] item: Life Orb\n|\n|upkeep\n|\n|t:|1732986503\n|switch|p2a: Porygon2|Porygon2, L82|76/274\n|-damage|p2a: Porygon2|42/274|[from] Stealth Rock\n|-ability|p2a: Porygon2|Download|boost\n|-boost|p2a: Porygon2|spa|1\n|turn|22\n|\n|t:|1732986510\n|move|p1a: Scizor|Bullet Punch|p2a: Porygon2\n|-damage|p2a: Porygon2|0 fnt\n|faint|p2a: Porygon2\n|-damage|p1a: Scizor|192/240|[from] item: Life Orb\n|\n|upkeep\n|\n|t:|1732986517\n|switch|p2a: Arceus|Arceus-Flying, L69|279/279\n|-damage|p2a: Arceus|210/279|[from] Stealth Rock\n|turn|23\n|\n|t:|1732986523\n|move|p2a: Arceus|Calm Mind|p2a: Arceus\n|-boost|p2a: Arceus|spa|1\n|-boost|p2a: Arceus|spd|1\n|move|p1a: Scizor|Swords Dance|p1a: Scizor\n|-boost|p1a: Scizor|atk|2\n|\n|upkeep\n|turn|24\n|\n|t:|1732986537\n|move|p2a: Arceus|Judgment|p1a: Scizor\n|-damage|p1a: Scizor|8/240\n|move|p1a: Scizor|Knock Off|p2a: Arceus\n|-crit|p2a: Arceus\n|-damage|p2a: Arceus|35/279\n|-damage|p1a: Scizor|0 fnt|[from] item: Life Orb\n|faint|p1a: Scizor\n|\n|upkeep\n|\n|t:|1732986540\n|switch|p1a: Rhydon|Rhydon, L85, M|317/317\n|turn|25\n|\n|t:|1732986548\n|move|p2a: Arceus|Earth Power|p1a: Rhydon\n|-supereffective|p1a: Rhydon\n|-damage|p1a: Rhydon|159/317\n|move|p1a: Rhydon|Stone Edge|p2a: Arceus\n|-supereffective|p2a: Arceus\n|-damage|p2a: Arceus|0 fnt\n|faint|p2a: Arceus\n|\n|win|rideq\n", "inputlog": ">version b107d77f5c90bd6555267ae244a6264823309ead\n>start {\"formatid\":\"gen9randombattle\",\"seed\":[27516,57287,37808,63735]}\n>player p1 {\"name\":\"rideq\",\"avatar\":\"silver\",\"rating\":0,\"seed\":[41769,64084,46162,54190]}\n>player p2 {\"name\":\"SoSROc\",\"avatar\":\"erika-gen2\",\"rating\":0,\"seed\":[6832,26709,62217,36952]}\n>p1 move leechseed\n>p2 switch 4\n>p1 move calmmind\n>p2 move thunderwave\n>p1 move psyshock\n>p2 move shadowball\n>p1 move gigadrain\n>p2 switch 3\n>p1 move calmmind\n>p2 move ivycudgel terastallize\n>p1 move gigadrain\n>p2 move ivycudgel\n>p1 switch 2\n>p1 move earthpower terastallize\n>p2 move synthesis\n>p2 switch 4\n>p1 move sludgebomb\n>p2 move dragondance\n>p1 move shadowball\n>p2 move ironhead\n>p1 move shadowball\n>p2 move outrage\n>p1 move shoreup\n>p2 move outrage\n>p1 switch 6\n>p1 move thunderwave\n>p2 move outrage\n>p1 move megahorn\n>p2 move outrage\n>p2 switch 5\n>p1 move megahorn\n>p2 move dragontail\n>p1 move stealthrock\n>p2 move dragonpulse\n>p1 move knockoff\n>p2 move dragonpulse\n>p1 move closecombat\n>p2 move recover\n>p2 switch 6\n>p1 move knockoff\n>p2 move aurasphere\n>p1 switch 3\n>p1 move megahorn\n>p2 move aurasphere\n>p1 move megahorn\n>p2 move aurasphere\n>p1 switch 5\n>p1 move knockoff\n>p2 move fireblast\n>p2 switch 3\n>p1 move bulletpunch\n>p2 move thunderwave\n>p2 switch 2\n>p1 move swordsdance\n>p2 move calmmind\n>p1 move knockoff\n>p2 move judgment\n>p1 switch 4\n>p1 move stoneedge\n>p2 move earthpower", "uploadtime": 1732986578, "views": 1, "formatid": "gen9randombattle", "rating": null, "private": 0, "password": null}