{"id": "gen9randombattle-2254057081", "format": "[Gen 9] Random Battle", "players": ["myriadrivers", "Woopes"], "log": "|j|\u2606myriadrivers\n|j|\u2606Woopes\n|t:|1732985856\n|gametype|singles\n|player|p1|myriadrivers|miku-fire|1913\n|player|p2|Woopes|fantina|1889\n|teamsize|p1|6\n|teamsize|p2|6\n|gen|9\n|tier|[Gen 9] Random Battle\n|rated|\n|rule|Species Clause: Limit one of each Pok\u00e9mon\n|rule|HP Percentage Mod: HP is shown in percentages\n|rule|Sleep Clause Mod: Limit one foe put to sleep\n|rule|Illusion Level Mod: Illusion disguises the Pok\u00e9mon's true level\n|\n|t:|1732985856\n|start\n|switch|p1a: Cinderace|Cinderace, L77, M|249/249\n|switch|p2a: Golduck|Golduck, L90, F|290/290\n|-ability|p2a: Golduck|Cloud Nine\n|turn|1\n|inactive|Battle timer is ON: inactive players will automatically lose when time's up. (requested by Woopes)\n|\n|t:|1732985870\n|move|p1a: Cinderace|High Jump Kick|p2a: Golduck\n|-start|p1a: Cinderace|typechange|Fighting|[from] ability: Libero\n|-damage|p2a: Golduck|152/290\n|move|p2a: Golduck|Ice Beam|p1a: Cinderace\n|-damage|p1a: Cinderace|124/249\n|-damage|p2a: Golduck|123/290|[from] item: Life Orb\n|\n|upkeep\n|turn|2\n|\n|t:|1732985887\n|switch|p2a: Vespiquen|Vespiquen, L98, F|296/296\n|-ability|p2a: Vespiquen|Pressure\n|move|p1a: Cinderace|U-turn|p2a: Vespiquen\n|-resisted|p2a: Vespiquen\n|-damage|p2a: Vespiquen|277/296\n|\n|t:|1732985902\n|switch|p1a: Cobalion|Cobalion, L80|277/277|[from] U-turn\n|\n|upkeep\n|turn|3\n|\n|t:|1732985920\n|move|p1a: Cobalion|Calm Mind|p1a: Cobalion\n|-boost|p1a: Cobalion|spa|1\n|-boost|p1a: Cobalion|spd|1\n|move|p2a: Vespiquen|Spikes|p1a: Cobalion\n|-sidestart|p1: myriadrivers|Spikes\n|\n|upkeep\n|turn|4\n|\n|t:|1732985926\n|switch|p2a: Pincurchin|Pincurchin, F|258/258\n|-fieldstart|move: Electric Terrain|[from] ability: Electric Surge|[of] p2a: Pincurchin\n|move|p1a: Cobalion|Calm Mind|p1a: Cobalion\n|-boost|p1a: Cobalion|spa|1\n|-boost|p1a: Cobalion|spd|1\n|\n|upkeep\n|turn|5\n|\n|t:|1732985936\n|move|p1a: Cobalion|Aura Sphere|p2a: Pincurchin\n|-damage|p2a: Pincurchin|138/258\n|move|p2a: Pincurchin|Discharge|p1a: Cobalion\n|-damage|p1a: Cobalion|186/277\n|\n|-heal|p1a: Cobalion|203/277|[from] item: Leftovers\n|-heal|p2a: Pincurchin|154/258|[from] item: Leftovers\n|upkeep\n|turn|6\n|\n|t:|1732985946\n|move|p1a: Cobalion|Calm Mind|p1a: Cobalion\n|-boost|p1a: Cobalion|spa|1\n|-boost|p1a: Cobalion|spd|1\n|move|p2a: Pincurchin|Discharge|p1a: Cobalion\n|-damage|p1a: Cobalion|136/277\n|\n|-heal|p1a: Cobalion|153/277|[from] item: Leftovers\n|-heal|p2a: Pincurchin|170/258|[from] item: Leftovers\n|upkeep\n|turn|7\n|\n|t:|1732985961\n|move|p1a: Cobalion|Aura Sphere|p2a: Pincurchin\n|-damage|p2a: Pincurchin|19/258\n|move|p2a: Pincurchin|Discharge|p1a: Cobalion\n|-damage|p1a: Cobalion|84/277\n|\n|-heal|p1a: Cobalion|101/277|[from] item: Leftovers\n|-heal|p2a: Pincurchin|35/258|[from] item: Leftovers\n|upkeep\n|turn|8\n|\n|t:|1732985972\n|move|p1a: Cobalion|Aura Sphere|p2a: Pincurchin\n|-damage|p2a: Pincurchin|0 fnt\n|faint|p2a: Pincurchin\n|\n|-heal|p1a: Cobalion|118/277|[from] item: Leftovers\n|-fieldend|move: Electric Terrain\n|upkeep\n|\n|t:|1732985980\n|switch|p2a: Squawkabilly|Squawkabilly-Blue, L85, M|278/278\n|turn|9\n|\n|t:|1732985989\n|move|p2a: Squawkabilly|Protect|p2a: Squawkabilly\n|-singleturn|p2a: Squawkabilly|Protect\n|move|p1a: Cobalion|Aura Sphere|p2a: Squawkabilly\n|-activate|p2a: Squawkabilly|move: Protect\n|\n|-heal|p1a: Cobalion|135/277|[from] item: Leftovers\n|-status|p2a: Squawkabilly|brn|[from] item: Flame Orb\n|upkeep\n|turn|10\n|\n|t:|1732986000\n|move|p1a: Cobalion|Aura Sphere|p2a: Squawkabilly\n|-damage|p2a: Squawkabilly|0 fnt\n|faint|p2a: Squawkabilly\n|\n|-heal|p1a: Cobalion|152/277|[from] item: Leftovers\n|upkeep\n|-message|Woopes forfeited.\n|\n|win|myriadrivers\n|raw|myriadrivers's rating: 1913 &rarr; <strong>1932</strong><br />(+19 for winning)\n|raw|Woopes's rating: 1889 &rarr; <strong>1870</strong><br />(-19 for losing)\n|l|\u2606Woopes\n|player|p2|\n", "inputlog": ">version b107d77f5c90bd6555267ae244a6264823309ead\n>start {\"formatid\":\"gen9randombattle\",\"seed\":[7624,36584,45699,54895],\"rated\":\"Rated battle\"}\n>player p1 {\"name\":\"myriadrivers\",\"avatar\":\"miku-fire\",\"rating\":1913,\"seed\":[15011,36926,2337,56258]}\n>player p2 {\"name\":\"Woopes\",\"avatar\":\"fantina\",\"rating\":1889,\"seed\":[12053,11263,27228,7874]}\n>p1 move highjumpkick\n>p2 move icebeam\n>p1 move uturn\n>p2 switch 3\n>p1 switch 6\n>p1 move calmmind\n>p2 move spikes\n>p1 move calmmind\n>p2 switch 5\n>p1 move aurasphere\n>p2 move discharge\n>p1 move calmmind\n>p2 move discharge\n>p1 move aurasphere\n>p2 move discharge\n>p1 move aurasphere\n>p2 move discharge\n>p2 switch 4\n>p1 move aurasphere\n>p2 move protect\n>p1 move aurasphere\n>p2 move facade\n>forcelose p2", "uploadtime": 1732986013, "views": 18, "formatid": "gen9randombattle", "rating": 1870, "private": 0, "password": null}