{"id": "gen9randombattle-2253947777", "format": "[Gen 9] Random Battle", "players": ["lenss", "test x343"], "log": "|j|\u2606lenss\n|j|\u2606test x343\n|t:|1732969509\n|gametype|singles\n|player|p1|lenss|265|1835\n|player|p2|test x343|102|1830\n|teamsize|p1|6\n|teamsize|p2|6\n|gen|9\n|tier|[Gen 9] Random Battle\n|rated|\n|rule|Species Clause: Limit one of each Pok\u00e9mon\n|rule|HP Percentage Mod: HP is shown in percentages\n|rule|Sleep Clause Mod: Limit one foe put to sleep\n|rule|Illusion Level Mod: Illusion disguises the Pok\u00e9mon's true level\n|\n|t:|1732969509\n|start\n|switch|p1a: Farigiraf|Farigiraf, L91, F|366/366\n|switch|p2a: Chi-Yu|Chi-Yu, L77|211/211\n|-ability|p2a: Chi-Yu|Beads of Ruin\n|turn|1\n|inactive|Battle timer is ON: inactive players will automatically lose when time's up. (requested by lenss)\n|\n|t:|1732969517\n|move|p1a: Farigiraf|Protect|p1a: Farigiraf\n|-singleturn|p1a: Farigiraf|Protect\n|move|p2a: Chi-Yu|Dark Pulse|p1a: Farigiraf\n|-activate|p1a: Farigiraf|move: Protect\n|\n|upkeep\n|turn|2\n|\n|t:|1732969546\n|switch|p1a: Zarude|Zarude, L78|292/292\n|move|p2a: Chi-Yu|Dark Pulse|p1a: Zarude\n|-resisted|p1a: Zarude\n|-damage|p1a: Zarude|231/292\n|\n|upkeep\n|turn|3\n|\n|t:|1732969554\n|switch|p2a: Hatterene|Hatterene, L85, F|236/236\n|move|p1a: Zarude|Close Combat|p2a: Hatterene\n|-resisted|p2a: Hatterene\n|-damage|p2a: Hatterene|217/236\n|-unboost|p1a: Zarude|def|1\n|-unboost|p1a: Zarude|spd|1\n|\n|upkeep\n|turn|4\n|inactive|test x343 has 120 seconds left.\n|\n|t:|1732969575\n|switch|p1a: Samurott|Samurott, L88, F|310/310\n|move|p2a: Hatterene|Nuzzle|p1a: Samurott\n|-supereffective|p1a: Samurott\n|-damage|p1a: Samurott|282/310\n|-status|p1a: Samurott|par\n|\n|upkeep\n|turn|5\n|\n|t:|1732969588\n|move|p2a: Hatterene|Psychic|p1a: Samurott\n|-damage|p1a: Samurott|179/310 par\n|move|p1a: Samurott|Knock Off|p2a: Hatterene\n|-damage|p2a: Hatterene|142/236\n|-enditem|p2a: Hatterene|Assault Vest|[from] move: Knock Off|[of] p1a: Samurott\n|\n|upkeep\n|turn|6\n|\n|t:|1732969601\n|move|p2a: Hatterene|Draining Kiss|p1a: Samurott\n|-damage|p1a: Samurott|125/310 par\n|-heal|p2a: Hatterene|183/236|[from] drain|[of] p1a: Samurott\n|move|p1a: Samurott|Hydro Pump|p2a: Hatterene|[miss]\n|-miss|p1a: Samurott|p2a: Hatterene\n|\n|upkeep\n|turn|7\n|\n|t:|1732969606\n|move|p2a: Hatterene|Draining Kiss|p1a: Samurott\n|-damage|p1a: Samurott|74/310 par\n|-heal|p2a: Hatterene|221/236|[from] drain|[of] p1a: Samurott\n|move|p1a: Samurott|Hydro Pump|p2a: Hatterene\n|-damage|p2a: Hatterene|35/236\n|\n|upkeep\n|turn|8\n|\n|t:|1732969621\n|move|p2a: Hatterene|Psychic|p1a: Samurott\n|-damage|p1a: Samurott|0 fnt\n|faint|p1a: Samurott\n|\n|upkeep\n|\n|t:|1732969645\n|switch|p1a: Zarude|Zarude, L78|231/292\n|turn|9\n|inactive|test x343 has 120 seconds left.\n|\n|t:|1732969676\n|move|p1a: Zarude|U-turn|p2a: Hatterene\n|-damage|p2a: Hatterene|0 fnt\n|faint|p2a: Hatterene\n|\n|t:|1732969694\n|switch|p1a: Farigiraf|Farigiraf, L91, F|366/366|[from] U-turn\n|\n|upkeep\n|\n|t:|1732969699\n|switch|p2a: Chi-Yu|Chi-Yu, L77|211/211\n|-ability|p2a: Chi-Yu|Beads of Ruin\n|turn|10\n|\n|t:|1732969703\n|move|p1a: Farigiraf|Protect|p1a: Farigiraf\n|-singleturn|p1a: Farigiraf|Protect\n|move|p2a: Chi-Yu|Flamethrower|p1a: Farigiraf\n|-activate|p1a: Farigiraf|move: Protect\n|\n|upkeep\n|turn|11\n|\n|t:|1732969716\n|move|p2a: Chi-Yu|Flamethrower|p1a: Farigiraf\n|-damage|p1a: Farigiraf|225/366\n|move|p1a: Farigiraf|Body Slam|p2a: Chi-Yu\n|-damage|p2a: Chi-Yu|102/211\n|-status|p2a: Chi-Yu|par\n|\n|-heal|p1a: Farigiraf|247/366|[from] item: Leftovers\n|upkeep\n|turn|12\n|\n|t:|1732969723\n|switch|p2a: Gholdengo|Gholdengo, L77|261/261\n|move|p1a: Farigiraf|Body Slam|p2a: Gholdengo\n|-immune|p2a: Gholdengo\n|\n|-heal|p1a: Farigiraf|269/366|[from] item: Leftovers\n|upkeep\n|turn|13\n|\n|t:|1732969731\n|move|p2a: Gholdengo|Thunder Wave|p1a: Farigiraf\n|-status|p1a: Farigiraf|par\n|move|p1a: Farigiraf|Wish|p1a: Farigiraf\n|\n|-heal|p1a: Farigiraf|291/366 par|[from] item: Leftovers\n|upkeep\n|turn|14\n|\n|t:|1732969736\n|switch|p2a: Chi-Yu|Chi-Yu, L77|102/211 par\n|-ability|p2a: Chi-Yu|Beads of Ruin\n|switch|p1a: Zarude|Zarude, L78|231/292\n|\n|-heal|p1a: Zarude|292/292|[from] move: Wish|[wisher] Farigiraf\n|upkeep\n|turn|15\n|\n|t:|1732969743\n|move|p1a: Zarude|U-turn|p2a: Chi-Yu\n|-damage|p2a: Chi-Yu|43/211 par\n|\n|t:|1732969751\n|switch|p1a: Farigiraf|Farigiraf, L91, F|291/366 par|[from] U-turn\n|cant|p2a: Chi-Yu|par\n|\n|-heal|p1a: Farigiraf|313/366 par|[from] item: Leftovers\n|upkeep\n|turn|16\n|\n|t:|1732969758\n|move|p2a: Chi-Yu|Dark Pulse|p1a: Farigiraf\n|-supereffective|p1a: Farigiraf\n|-damage|p1a: Farigiraf|55/366 par\n|move|p1a: Farigiraf|Body Slam|p2a: Chi-Yu\n|-damage|p2a: Chi-Yu|0 fnt\n|faint|p2a: Chi-Yu\n|\n|-heal|p1a: Farigiraf|77/366 par|[from] item: Leftovers\n|upkeep\n|\n|t:|1732969770\n|switch|p2a: Raging Bolt|Raging Bolt, L78|323/323\n|turn|17\n|\n|t:|1732969775\n|move|p2a: Raging Bolt|Calm Mind|p2a: Raging Bolt\n|-boost|p2a: Raging Bolt|spa|1\n|-boost|p2a: Raging Bolt|spd|1\n|move|p1a: Farigiraf|Wish|p1a: Farigiraf\n|\n|-heal|p1a: Farigiraf|99/366 par|[from] item: Leftovers\n|upkeep\n|turn|18\n|\n|t:|1732969793\n|move|p1a: Farigiraf|Protect|p1a: Farigiraf\n|-singleturn|p1a: Farigiraf|Protect\n|move|p2a: Raging Bolt|Thunderbolt|p1a: Farigiraf\n|-activate|p1a: Farigiraf|move: Protect\n|\n|-heal|p1a: Farigiraf|282/366 par|[from] move: Wish|[wisher] Farigiraf\n|-heal|p1a: Farigiraf|304/366 par|[from] item: Leftovers\n|upkeep\n|turn|19\n|\n|t:|1732969802\n|move|p2a: Raging Bolt|Thunderclap|p1a: Farigiraf\n|-damage|p1a: Farigiraf|165/366 par\n|move|p1a: Farigiraf|Psychic Noise|p2a: Raging Bolt\n|-damage|p2a: Raging Bolt|247/323\n|-start|p2a: Raging Bolt|move: Heal Block\n|\n|-heal|p1a: Farigiraf|187/366 par|[from] item: Leftovers\n|upkeep\n|turn|20\n|\n|t:|1732969810\n|switch|p1a: Zarude|Zarude, L78|292/292\n|move|p2a: Raging Bolt|Calm Mind|p2a: Raging Bolt\n|-boost|p2a: Raging Bolt|spa|1\n|-boost|p2a: Raging Bolt|spd|1\n|\n|-end|p2a: Raging Bolt|move: Heal Block\n|upkeep\n|turn|21\n|\n|t:|1732969820\n|move|p1a: Zarude|U-turn|p2a: Raging Bolt\n|-damage|p2a: Raging Bolt|197/323\n|\n|t:|1732969824\n|switch|p1a: Farigiraf|Farigiraf, L91, F|187/366 par|[from] U-turn\n|move|p2a: Raging Bolt|Dragon Pulse|p1a: Farigiraf\n|-damage|p1a: Farigiraf|0 fnt\n|faint|p1a: Farigiraf\n|\n|-heal|p2a: Raging Bolt|217/323|[from] item: Leftovers\n|upkeep\n|\n|t:|1732969837\n|switch|p1a: Zarude|Zarude, L78|292/292\n|turn|22\n|\n|t:|1732969841\n|move|p1a: Zarude|Knock Off|p2a: Raging Bolt\n|-damage|p2a: Raging Bolt|114/323\n|-enditem|p2a: Raging Bolt|Leftovers|[from] move: Knock Off|[of] p1a: Zarude\n|move|p2a: Raging Bolt|Dragon Pulse|p1a: Zarude\n|-damage|p1a: Zarude|81/292\n|\n|upkeep\n|turn|23\n|\n|t:|1732969862\n|switch|p1a: Heracross|Heracross, L80, M|259/259\n|-terastallize|p2a: Raging Bolt|Electric\n|move|p2a: Raging Bolt|Thunderclap||[still]\n|-fail|p2a: Raging Bolt\n|\n|-status|p1a: Heracross|brn|[from] item: Flame Orb\n|upkeep\n|turn|24\n|\n|t:|1732969872\n|move|p2a: Raging Bolt|Thunderclap|p1a: Heracross\n|-damage|p1a: Heracross|29/259 brn\n|move|p1a: Heracross|Facade|p2a: Raging Bolt\n|-damage|p2a: Raging Bolt|0 fnt\n|faint|p2a: Raging Bolt\n|-end|p2a: Raging Bolt|Protosynthesis|[silent]\n|\n|-damage|p1a: Heracross|13/259 brn|[from] brn\n|upkeep\n|\n|t:|1732969883\n|switch|p2a: Gholdengo|Gholdengo, L77|261/261\n|turn|25\n|\n|t:|1732969893\n|switch|p2a: Florges|Florges, L85, F|271/271\n|move|p1a: Heracross|Knock Off|p2a: Florges\n|-resisted|p2a: Florges\n|-damage|p2a: Florges|198/271\n|-enditem|p2a: Florges|Leftovers|[from] move: Knock Off|[of] p1a: Heracross\n|\n|-damage|p1a: Heracross|0 fnt|[from] brn\n|faint|p1a: Heracross\n|upkeep\n|\n|t:|1732969912\n|switch|p1a: Tropius|Tropius, L91, F|328/328\n|turn|26\n|inactive|test x343 has 120 seconds left.\n|\n|t:|1732969961\n|switch|p2a: Maushold|Maushold-Four, L76|238/238\n|move|p1a: Tropius|Substitute|p1a: Tropius\n|-start|p1a: Tropius|Substitute\n|-damage|p1a: Tropius|246/328\n|\n|upkeep\n|turn|27\n|\n|t:|1732969974\n|-terastallize|p1a: Tropius|Steel\n|move|p2a: Maushold|Tidy Up|p2a: Maushold\n|-end|p1a: Tropius|Substitute\n|-activate|p2a: Maushold|move: Tidy Up\n|-boost|p2a: Maushold|atk|1\n|-boost|p2a: Maushold|spe|1\n|move|p1a: Tropius|Leech Seed|p2a: Maushold\n|-start|p2a: Maushold|move: Leech Seed\n|\n|-damage|p2a: Maushold|209/238|[from] Leech Seed|[of] p1a: Tropius\n|-heal|p1a: Tropius|275/328|[silent]\n|upkeep\n|turn|28\n|\n|t:|1732969981\n|move|p2a: Maushold|Encore|p1a: Tropius\n|-start|p1a: Tropius|Encore\n|move|p1a: Tropius|Leech Seed|p2a: Maushold|[miss]\n|-miss|p1a: Tropius|p2a: Maushold\n|\n|-damage|p2a: Maushold|180/238|[from] Leech Seed|[of] p1a: Tropius\n|-heal|p1a: Tropius|304/328|[silent]\n|upkeep\n|turn|29\n|\n|t:|1732969988\n|switch|p1a: Moltres|Moltres-Galar, L79|271/271\n|move|p2a: Maushold|Tidy Up|p2a: Maushold\n|-boost|p2a: Maushold|atk|1\n|-boost|p2a: Maushold|spe|1\n|\n|-damage|p2a: Maushold|151/238|[from] Leech Seed|[of] p1a: Moltres\n|upkeep\n|turn|30\n|\n|t:|1732969993\n|move|p2a: Maushold|Population Bomb|p1a: Moltres\n|-damage|p1a: Moltres|220/271\n|-damage|p1a: Moltres|174/271\n|-damage|p1a: Moltres|126/271\n|-damage|p1a: Moltres|81/271\n|-damage|p1a: Moltres|33/271\n|-damage|p1a: Moltres|0 fnt\n|faint|p1a: Moltres\n|-hitcount|p1: Moltres|6\n|\n|upkeep\n|\n|t:|1732969996\n|switch|p1a: Tropius|Tropius, L91, F, tera:Steel|304/328\n|turn|31\n|\n|t:|1732970010\n|move|p2a: Maushold|Population Bomb|p1a: Tropius\n|-resisted|p1a: Tropius\n|-damage|p1a: Tropius|283/328\n|-resisted|p1a: Tropius\n|-damage|p1a: Tropius|263/328\n|-resisted|p1a: Tropius\n|-damage|p1a: Tropius|244/328\n|-resisted|p1a: Tropius\n|-damage|p1a: Tropius|223/328\n|-resisted|p1a: Tropius\n|-damage|p1a: Tropius|201/328\n|-resisted|p1a: Tropius\n|-damage|p1a: Tropius|182/328\n|-resisted|p1a: Tropius\n|-damage|p1a: Tropius|160/328\n|-enditem|p1a: Tropius|Sitrus Berry|[eat]\n|-heal|p1a: Tropius|242/328|[from] item: Sitrus Berry\n|-resisted|p1a: Tropius\n|-damage|p1a: Tropius|221/328\n|-resisted|p1a: Tropius\n|-damage|p1a: Tropius|200/328\n|-resisted|p1a: Tropius\n|-damage|p1a: Tropius|179/328\n|-hitcount|p1a: Tropius|10\n|move|p1a: Tropius|Substitute|p1a: Tropius\n|-start|p1a: Tropius|Substitute\n|-damage|p1a: Tropius|97/328\n|\n|-damage|p2a: Maushold|122/238|[from] Leech Seed|[of] p1a: Tropius\n|-heal|p1a: Tropius|126/328|[silent]\n|upkeep\n|turn|32\n|\n|t:|1732970015\n|move|p1a: Tropius|Protect|p1a: Tropius\n|-singleturn|p1a: Tropius|Protect\n|move|p2a: Maushold|Encore|p1a: Tropius\n|-activate|p1a: Tropius|move: Protect\n|\n|-damage|p2a: Maushold|93/238|[from] Leech Seed|[of] p1a: Tropius\n|-heal|p1a: Tropius|155/328|[silent]\n|-item|p1a: Tropius|Sitrus Berry|[from] ability: Harvest\n|upkeep\n|-enditem|p1a: Tropius|Sitrus Berry|[eat]\n|-heal|p1a: Tropius|237/328|[from] item: Sitrus Berry\n|turn|33\n|\n|t:|1732970043\n|move|p2a: Maushold|Encore|p1a: Tropius\n|-start|p1a: Tropius|Encore\n|move|p1a: Tropius|Protect||[still]\n|-fail|p1a: Tropius\n|\n|-damage|p2a: Maushold|64/238|[from] Leech Seed|[of] p1a: Tropius\n|-heal|p1a: Tropius|266/328|[silent]\n|-item|p1a: Tropius|Sitrus Berry|[from] ability: Harvest\n|upkeep\n|turn|34\n|inactive|test x343 has 120 seconds left.\n|\n|t:|1732970078\n|move|p1a: Tropius|Protect|p1a: Tropius\n|-singleturn|p1a: Tropius|Protect\n|move|p2a: Maushold|Tidy Up|p2a: Maushold\n|-end|p1a: Tropius|Substitute\n|-activate|p2a: Maushold|move: Tidy Up\n|-boost|p2a: Maushold|atk|1\n|-boost|p2a: Maushold|spe|1\n|\n|-damage|p2a: Maushold|35/238|[from] Leech Seed|[of] p1a: Tropius\n|-heal|p1a: Tropius|295/328|[silent]\n|upkeep\n|turn|35\n|inactive|test x343 has 120 seconds left.\n|\n|t:|1732970100\n|move|p1a: Tropius|Protect||[still]\n|-fail|p1a: Tropius\n|move|p2a: Maushold|Bite|p1a: Tropius\n|-damage|p1a: Tropius|199/328\n|\n|-damage|p2a: Maushold|6/238|[from] Leech Seed|[of] p1a: Tropius\n|-heal|p1a: Tropius|228/328|[silent]\n|-end|p1a: Tropius|Encore\n|upkeep\n|turn|36\n|\n|t:|1732970120\n|move|p1a: Tropius|Protect|p1a: Tropius\n|-singleturn|p1a: Tropius|Protect\n|move|p2a: Maushold|Population Bomb|p1a: Tropius\n|-activate|p1a: Tropius|move: Protect\n|\n|-damage|p2a: Maushold|0 fnt|[from] Leech Seed|[of] p1a: Tropius\n|-heal|p1a: Tropius|234/328|[silent]\n|faint|p2a: Maushold\n|upkeep\n|\n|t:|1732970129\n|switch|p2a: Gholdengo|Gholdengo, L77|261/261\n|turn|37\n|\n|t:|1732970133\n|switch|p1a: Zarude|Zarude, L78|81/292\n|move|p2a: Gholdengo|Thunder Wave|p1a: Zarude\n|-status|p1a: Zarude|par\n|\n|upkeep\n|turn|38\n|\n|t:|1732970137\n|move|p2a: Gholdengo|Make It Rain|p1a: Zarude\n|-damage|p1a: Zarude|0 fnt\n|-unboost|p2a: Gholdengo|spa|1\n|faint|p1a: Zarude\n|\n|upkeep\n|\n|t:|1732970139\n|switch|p1a: Tropius|Tropius, L91, F, tera:Steel|234/328\n|turn|39\n|\n|t:|1732970145\n|move|p2a: Gholdengo|Thunder Wave|p1a: Tropius\n|-status|p1a: Tropius|par\n|cant|p1a: Tropius|par\n|\n|upkeep\n|turn|40\n|\n|t:|1732970151\n|move|p2a: Gholdengo|Shadow Ball|p1a: Tropius\n|-damage|p1a: Tropius|182/328 par\n|cant|p1a: Tropius|par\n|\n|upkeep\n|turn|41\n|\n|t:|1732970155\n|move|p2a: Gholdengo|Shadow Ball|p1a: Tropius\n|-damage|p1a: Tropius|122/328 par\n|-enditem|p1a: Tropius|Sitrus Berry|[eat]\n|-heal|p1a: Tropius|204/328 par|[from] item: Sitrus Berry\n|move|p1a: Tropius|Substitute|p1a: Tropius\n|-start|p1a: Tropius|Substitute\n|-damage|p1a: Tropius|122/328 par\n|\n|upkeep\n|turn|42\n|\n|t:|1732970159\n|move|p1a: Tropius|Protect|p1a: Tropius\n|-singleturn|p1a: Tropius|Protect\n|move|p2a: Gholdengo|Shadow Ball|p1a: Tropius\n|-activate|p1a: Tropius|move: Protect\n|\n|upkeep\n|turn|43\n|\n|t:|1732970162\n|move|p2a: Gholdengo|Shadow Ball|p1a: Tropius\n|-activate|p1a: Tropius|move: Substitute|[damage]\n|cant|p1a: Tropius|par\n|\n|-item|p1a: Tropius|Sitrus Berry|[from] ability: Harvest\n|upkeep\n|-enditem|p1a: Tropius|Sitrus Berry|[eat]\n|-heal|p1a: Tropius|204/328 par|[from] item: Sitrus Berry\n|turn|44\n|\n|t:|1732970167\n|move|p2a: Gholdengo|Shadow Ball|p1a: Tropius\n|-end|p1a: Tropius|Substitute\n|move|p1a: Tropius|Air Slash|p2a: Gholdengo\n|-resisted|p2a: Gholdengo\n|-damage|p2a: Gholdengo|223/261\n|\n|-heal|p2a: Gholdengo|239/261|[from] item: Leftovers\n|upkeep\n|turn|45\n|\n|t:|1732970171\n|move|p2a: Gholdengo|Shadow Ball|p1a: Tropius\n|-damage|p1a: Tropius|150/328 par\n|move|p1a: Tropius|Substitute|p1a: Tropius\n|-start|p1a: Tropius|Substitute\n|-damage|p1a: Tropius|68/328 par\n|\n|-heal|p2a: Gholdengo|255/261|[from] item: Leftovers\n|-item|p1a: Tropius|Sitrus Berry|[from] ability: Harvest\n|upkeep\n|-enditem|p1a: Tropius|Sitrus Berry|[eat]\n|-heal|p1a: Tropius|150/328 par|[from] item: Sitrus Berry\n|turn|46\n|\n|t:|1732970174\n|switch|p2a: Florges|Florges, L85, F|198/271\n|move|p1a: Tropius|Protect||[still]\n|-fail|p1a: Tropius\n|\n|upkeep\n|turn|47\n|\n|t:|1732970179\n|switch|p2a: Gholdengo|Gholdengo, L77|255/261\n|move|p1a: Tropius|Leech Seed|p2a: Gholdengo\n|-immune|p2a: Gholdengo|[from] ability: Good as Gold\n|\n|-heal|p2a: Gholdengo|261/261|[from] item: Leftovers\n|upkeep\n|turn|48\n|\n|t:|1732970182\n|switch|p2a: Florges|Florges, L85, F|198/271\n|move|p1a: Tropius|Air Slash|p2a: Florges\n|-damage|p2a: Florges|147/271\n|\n|-item|p1a: Tropius|Sitrus Berry|[from] ability: Harvest\n|upkeep\n|-enditem|p1a: Tropius|Sitrus Berry|[eat]\n|-heal|p1a: Tropius|232/328 par|[from] item: Sitrus Berry\n|turn|49\n|\n|t:|1732970184\n|switch|p2a: Gholdengo|Gholdengo, L77|261/261\n|move|p1a: Tropius|Leech Seed|p2a: Gholdengo\n|-immune|p2a: Gholdengo|[from] ability: Good as Gold\n|\n|upkeep\n|turn|50\n|\n|t:|1732970189\n|move|p2a: Gholdengo|Shadow Ball|p1a: Tropius\n|-activate|p1a: Tropius|move: Substitute|[damage]\n|move|p1a: Tropius|Air Slash|p2a: Gholdengo\n|-resisted|p2a: Gholdengo\n|-damage|p2a: Gholdengo|220/261\n|\n|-heal|p2a: Gholdengo|236/261|[from] item: Leftovers\n|upkeep\n|turn|51\n|\n|t:|1732970194\n|move|p2a: Gholdengo|Shadow Ball|p1a: Tropius\n|-end|p1a: Tropius|Substitute\n|move|p1a: Tropius|Air Slash|p2a: Gholdengo\n|-resisted|p2a: Gholdengo\n|-damage|p2a: Gholdengo|197/261\n|\n|-heal|p2a: Gholdengo|213/261|[from] item: Leftovers\n|-item|p1a: Tropius|Sitrus Berry|[from] ability: Harvest\n|upkeep\n|turn|52\n|\n|t:|1732970202\n|move|p1a: Tropius|Protect|p1a: Tropius\n|-singleturn|p1a: Tropius|Protect\n|move|p2a: Gholdengo|Shadow Ball|p1a: Tropius\n|-activate|p1a: Tropius|move: Protect\n|\n|-heal|p2a: Gholdengo|229/261|[from] item: Leftovers\n|upkeep\n|turn|53\n|\n|t:|1732970205\n|move|p2a: Gholdengo|Shadow Ball|p1a: Tropius\n|-damage|p1a: Tropius|139/328 par\n|-enditem|p1a: Tropius|Sitrus Berry|[eat]\n|-heal|p1a: Tropius|221/328 par|[from] item: Sitrus Berry\n|move|p1a: Tropius|Substitute|p1a: Tropius\n|-start|p1a: Tropius|Substitute\n|-damage|p1a: Tropius|139/328 par\n|\n|-heal|p2a: Gholdengo|245/261|[from] item: Leftovers\n|upkeep\n|turn|54\n|\n|t:|1732970211\n|switch|p2a: Florges|Florges, L85, F|147/271\n|move|p1a: Tropius|Protect||[still]\n|-fail|p1a: Tropius\n|\n|upkeep\n|turn|55\n|\n|t:|1732970215\n|move|p2a: Florges|Calm Mind|p2a: Florges\n|-boost|p2a: Florges|spa|1\n|-boost|p2a: Florges|spd|1\n|move|p1a: Tropius|Air Slash|p2a: Florges\n|-damage|p2a: Florges|114/271\n|\n|-item|p1a: Tropius|Sitrus Berry|[from] ability: Harvest\n|upkeep\n|-enditem|p1a: Tropius|Sitrus Berry|[eat]\n|-heal|p1a: Tropius|221/328 par|[from] item: Sitrus Berry\n|turn|56\n|\n|t:|1732970219\n|move|p2a: Florges|Synthesis|p2a: Florges\n|-heal|p2a: Florges|249/271\n|move|p1a: Tropius|Leech Seed|p2a: Florges\n|-start|p2a: Florges|move: Leech Seed\n|\n|-damage|p2a: Florges|216/271|[from] Leech Seed|[of] p1a: Tropius\n|-heal|p1a: Tropius|254/328 par|[silent]\n|upkeep\n|turn|57\n|\n|t:|1732970222\n|switch|p2a: Gholdengo|Gholdengo, L77|245/261\n|cant|p1a: Tropius|par\n|\n|-heal|p2a: Gholdengo|261/261|[from] item: Leftovers\n|-item|p1a: Tropius|Sitrus Berry|[from] ability: Harvest\n|upkeep\n|turn|58\n|\n|t:|1732970226\n|switch|p2a: Florges|Florges, L85, F|216/271\n|move|p1a: Tropius|Air Slash|p2a: Florges\n|-damage|p2a: Florges|165/271\n|\n|upkeep\n|turn|59\n|\n|t:|1732970232\n|switch|p2a: Gholdengo|Gholdengo, L77|261/261\n|move|p1a: Tropius|Air Slash|p2a: Gholdengo|[miss]\n|-miss|p1a: Tropius|p2a: Gholdengo\n|\n|upkeep\n|turn|60\n|\n|t:|1732970237\n|move|p2a: Gholdengo|Shadow Ball|p1a: Tropius\n|-activate|p1a: Tropius|move: Substitute|[damage]\n|move|p1a: Tropius|Air Slash|p2a: Gholdengo\n|-resisted|p2a: Gholdengo\n|-damage|p2a: Gholdengo|225/261\n|\n|-heal|p2a: Gholdengo|241/261|[from] item: Leftovers\n|upkeep\n|turn|61\n|\n|t:|1732970245\n|switch|p2a: Florges|Florges, L85, F|165/271\n|move|p1a: Tropius|Air Slash|p2a: Florges\n|-damage|p2a: Florges|122/271\n|\n|upkeep\n|turn|62\n|\n|t:|1732970250\n|move|p2a: Florges|Synthesis|p2a: Florges\n|-heal|p2a: Florges|257/271\n|cant|p1a: Tropius|par\n|\n|upkeep\n|turn|63\n|\n|t:|1732970253\n|switch|p2a: Gholdengo|Gholdengo, L77|241/261\n|cant|p1a: Tropius|par\n|\n|-heal|p2a: Gholdengo|257/261|[from] item: Leftovers\n|upkeep\n|turn|64\n|\n|t:|1732970259\n|move|p2a: Gholdengo|Shadow Ball|p1a: Tropius\n|-end|p1a: Tropius|Substitute\n|move|p1a: Tropius|Air Slash|p2a: Gholdengo\n|-resisted|p2a: Gholdengo\n|-damage|p2a: Gholdengo|218/261\n|\n|-heal|p2a: Gholdengo|234/261|[from] item: Leftovers\n|upkeep\n|turn|65\n|\n|t:|1732970264\n|move|p2a: Gholdengo|Shadow Ball|p1a: Tropius\n|-crit|p1a: Tropius\n|-damage|p1a: Tropius|121/328 par\n|-unboost|p1a: Tropius|spd|1\n|-enditem|p1a: Tropius|Sitrus Berry|[eat]\n|-heal|p1a: Tropius|203/328 par|[from] item: Sitrus Berry\n|move|p1a: Tropius|Substitute|p1a: Tropius\n|-start|p1a: Tropius|Substitute\n|-damage|p1a: Tropius|121/328 par\n|\n|-heal|p2a: Gholdengo|250/261|[from] item: Leftovers\n|upkeep\n|turn|66\n|\n|t:|1732970269\n|move|p1a: Tropius|Protect|p1a: Tropius\n|-singleturn|p1a: Tropius|Protect\n|move|p2a: Gholdengo|Shadow Ball|p1a: Tropius\n|-activate|p1a: Tropius|move: Protect\n|\n|-heal|p2a: Gholdengo|261/261|[from] item: Leftovers\n|-item|p1a: Tropius|Sitrus Berry|[from] ability: Harvest\n|upkeep\n|-enditem|p1a: Tropius|Sitrus Berry|[eat]\n|-heal|p1a: Tropius|203/328 par|[from] item: Sitrus Berry\n|turn|67\n|\n|t:|1732970277\n|switch|p2a: Florges|Florges, L85, F|257/271\n|move|p1a: Tropius|Substitute|p1a: Tropius\n|-fail|p1a: Tropius|move: Substitute\n|\n|upkeep\n|turn|68\n|\n|t:|1732970282\n|switch|p2a: Gholdengo|Gholdengo, L77|261/261\n|move|p1a: Tropius|Leech Seed|p2a: Gholdengo\n|-immune|p2a: Gholdengo|[from] ability: Good as Gold\n|\n|-item|p1a: Tropius|Sitrus Berry|[from] ability: Harvest\n|upkeep\n|turn|69\n|\n|t:|1732970287\n|move|p2a: Gholdengo|Shadow Ball|p1a: Tropius\n|-end|p1a: Tropius|Substitute\n|cant|p1a: Tropius|par\n|\n|upkeep\n|turn|70\n|\n|t:|1732970291\n|move|p1a: Tropius|Protect|p1a: Tropius\n|-singleturn|p1a: Tropius|Protect\n|move|p2a: Gholdengo|Shadow Ball|p1a: Tropius\n|-activate|p1a: Tropius|move: Protect\n|\n|upkeep\n|turn|71\n|\n|t:|1732970292\n|move|p2a: Gholdengo|Shadow Ball|p1a: Tropius\n|-damage|p1a: Tropius|80/328 par\n|-enditem|p1a: Tropius|Sitrus Berry|[eat]\n|-heal|p1a: Tropius|162/328 par|[from] item: Sitrus Berry\n|move|p1a: Tropius|Substitute|p1a: Tropius\n|-start|p1a: Tropius|Substitute\n|-damage|p1a: Tropius|80/328 par\n|\n|-item|p1a: Tropius|Sitrus Berry|[from] ability: Harvest\n|upkeep\n|-enditem|p1a: Tropius|Sitrus Berry|[eat]\n|-heal|p1a: Tropius|162/328 par|[from] item: Sitrus Berry\n|turn|72\n|\n|t:|1732970297\n|switch|p2a: Florges|Florges, L85, F|257/271\n|move|p1a: Tropius|Protect||[still]\n|-fail|p1a: Tropius\n|\n|upkeep\n|turn|73\n|\n|t:|1732970302\n|move|p2a: Florges|Tera Blast|p1a: Tropius\n|-resisted|p1a: Tropius\n|-activate|p1a: Tropius|move: Substitute|[damage]\n|cant|p1a: Tropius|par\n|\n|upkeep\n|turn|74\n|\n|t:|1732970307\n|switch|p2a: Gholdengo|Gholdengo, L77|261/261\n|cant|p1a: Tropius|par\n|\n|-item|p1a: Tropius|Sitrus Berry|[from] ability: Harvest\n|upkeep\n|-enditem|p1a: Tropius|Sitrus Berry|[eat]\n|-heal|p1a: Tropius|244/328 par|[from] item: Sitrus Berry\n|turn|75\n|\n|t:|1732970316\n|switch|p2a: Florges|Florges, L85, F|257/271\n|cant|p1a: Tropius|par\n|\n|upkeep\n|turn|76\n|\n|t:|1732970320\n|switch|p2a: Gholdengo|Gholdengo, L77|261/261\n|move|p1a: Tropius|Leech Seed|p2a: Gholdengo\n|-immune|p2a: Gholdengo|[from] ability: Good as Gold\n|\n|upkeep\n|turn|77\n|\n|t:|1732970322\n|switch|p2a: Florges|Florges, L85, F|257/271\n|move|p1a: Tropius|Air Slash|p2a: Florges\n|-damage|p2a: Florges|208/271\n|\n|-item|p1a: Tropius|Sitrus Berry|[from] ability: Harvest\n|upkeep\n|turn|78\n|\n|t:|1732970325\n|switch|p2a: Gholdengo|Gholdengo, L77|261/261\n|move|p1a: Tropius|Leech Seed|p2a: Gholdengo\n|-immune|p2a: Gholdengo|[from] ability: Good as Gold\n|\n|upkeep\n|turn|79\n|\n|t:|1732970330\n|move|p2a: Gholdengo|Shadow Ball|p1a: Tropius\n|-end|p1a: Tropius|Substitute\n|move|p1a: Tropius|Air Slash|p2a: Gholdengo\n|-resisted|p2a: Gholdengo\n|-damage|p2a: Gholdengo|224/261\n|\n|-heal|p2a: Gholdengo|240/261|[from] item: Leftovers\n|upkeep\n|turn|80\n|\n|t:|1732970333\n|move|p2a: Gholdengo|Shadow Ball|p1a: Tropius\n|-damage|p1a: Tropius|114/328 par\n|-unboost|p1a: Tropius|spd|1\n|-enditem|p1a: Tropius|Sitrus Berry|[eat]\n|-heal|p1a: Tropius|196/328 par|[from] item: Sitrus Berry\n|move|p1a: Tropius|Substitute|p1a: Tropius\n|-start|p1a: Tropius|Substitute\n|-damage|p1a: Tropius|114/328 par\n|\n|-heal|p2a: Gholdengo|256/261|[from] item: Leftovers\n|upkeep\n|turn|81\n|\n|t:|1732970338\n|cant|p1a: Tropius|par\n|move|p2a: Gholdengo|Shadow Ball|p1a: Tropius\n|-end|p1a: Tropius|Substitute\n|\n|-heal|p2a: Gholdengo|261/261|[from] item: Leftovers\n|upkeep\n|turn|82\n|\n|t:|1732970343\n|cant|p1a: Tropius|par\n|move|p2a: Gholdengo|Shadow Ball|p1a: Tropius\n|-damage|p1a: Tropius|0 fnt\n|faint|p1a: Tropius\n|\n|win|test x343\n|raw|lenss's rating: 1835 &rarr; <strong>1814</strong><br />(-21 for losing)\n|raw|test x343's rating: 1811 &rarr; <strong>1832</strong><br />(+21 for winning)\n|l|\u2606lenss\n|player|p1|\n|c|\u2606test x343|Waited too long for the inevitable\n", "inputlog": ">version b107d77f5c90bd6555267ae244a6264823309ead\n>start {\"formatid\":\"gen9randombattle\",\"seed\":[65012,12896,13146,35270],\"rated\":\"Rated battle\"}\n>player p1 {\"name\":\"lenss\",\"avatar\":\"265\",\"rating\":1835,\"seed\":[7239,33757,22552,36894]}\n>player p2 {\"name\":\"test x343\",\"avatar\":\"102\",\"rating\":1830,\"seed\":[36193,46777,43379,11354]}\n>p1 move protect\n>p2 move darkpulse\n>p1 switch 6\n>p2 move darkpulse\n>p1 move closecombat\n>p2 switch 6\n>p1 switch 2\n>p2 move nuzzle\n>p1 move knockoff\n>p2 move psychic\n>p1 move hydropump\n>p2 move drainingkiss\n>p1 move hydropump\n>p2 move drainingkiss\n>p1 move hydropump\n>p2 move psychic\n>p1 switch 2\n>p1 move uturn\n>p2 move drainingkiss\n>p1 switch 6\n>p2 switch 6\n>p1 move protect\n>p2 move flamethrower\n>p1 move bodyslam\n>p2 move flamethrower\n>p1 move bodyslam\n>p2 switch 4\n>p1 move wish\n>p2 move thunderwave\n>p1 switch 6\n>p2 switch 4\n>p1 move uturn\n>p2 move flamethrower\n>p1 switch 6\n>p1 move bodyslam\n>p2 move darkpulse\n>p2 switch 5\n>p1 move wish\n>p2 move calmmind\n>p1 move protect\n>p2 move thunderbolt\n>p1 move psychicnoise\n>p2 move thunderclap\n>p1 switch 6\n>p2 move calmmind\n>p1 move uturn\n>p2 move dragonpulse\n>p1 switch 6\n>p1 switch 6\n>p1 move knockoff\n>p2 move dragonpulse\n>p1 switch 5\n>p2 move thunderclap terastallize\n>p1 move facade\n>p2 move thunderclap\n>p2 switch 4\n>p1 move knockoff\n>p2 switch 3\n>p1 switch 4\n>p1 move substitute\n>p2 switch 2\n>p1 move leechseed terastallize\n>p2 move tidyup\n>p1 move airslash\n>p2 move encore\n>p1 switch 3\n>p2 move tidyup\n>p1 move fierywrath\n>p2 move populationbomb\n>p1 switch 3\n>p1 move substitute\n>p2 move populationbomb\n>p1 move protect\n>p2 move encore\n>p1 move airslash\n>p2 move encore\n>p1 move protect\n>p2 move tidyup\n>p1 move protect\n>p2 move bite\n>p1 move protect\n>p2 move populationbomb\n>p2 switch 3\n>p1 switch 5\n>p2 move thunderwave\n>p1 move knockoff\n>p2 move makeitrain\n>p1 switch 5\n>p1 move substitute\n>p2 move thunderwave\n>p1 move substitute\n>p2 move shadowball\n>p1 move substitute\n>p2 move shadowball\n>p1 move protect\n>p2 move shadowball\n>p1 move airslash\n>p2 move shadowball\n>p1 move airslash\n>p2 move shadowball\n>p1 move substitute\n>p2 move shadowball\n>p1 move protect\n>p2 switch 2\n>p1 move leechseed\n>p2 switch 2\n>p1 move airslash\n>p2 switch 2\n>p1 move leechseed\n>p2 switch 2\n>p1 move airslash\n>p2 move shadowball\n>p1 move airslash\n>p2 move shadowball\n>p1 move protect\n>p2 move shadowball\n>p1 move substitute\n>p2 move shadowball\n>p1 move protect\n>p2 switch 2\n>p1 move airslash\n>p2 move calmmind\n>p1 move leechseed\n>p2 move synthesis\n>p1 move airslash\n>p2 switch 2\n>p1 move airslash\n>p2 switch 2\n>p1 move airslash\n>p2 switch 2\n>p1 move airslash\n>p2 move shadowball\n>p1 move airslash\n>p2 switch 2\n>p1 move leechseed\n>p2 move synthesis\n>p1 move airslash\n>p2 switch 2\n>p1 move airslash\n>p2 move shadowball\n>p1 move substitute\n>p2 move shadowball\n>p1 move protect\n>p2 move shadowball\n>p1 move substitute\n>p2 switch 2\n>p1 move leechseed\n>p2 switch 2\n>p1 move substitute\n>p2 move shadowball\n>p1 move protect\n>p2 move shadowball\n>p1 move substitute\n>p2 move shadowball\n>p1 move protect\n>p2 switch 2\n>p1 move leechseed\n>p2 move terablast\n>p1 move leechseed\n>p2 switch 2\n>p1 move airslash\n>p2 switch 2\n>p1 move leechseed\n>p2 switch 2\n>p1 move airslash\n>p2 switch 2\n>p1 move leechseed\n>p2 switch 2\n>p1 move airslash\n>p2 move shadowball\n>p1 move substitute\n>p2 move shadowball\n>p1 move protect\n>p2 move shadowball\n>p1 move protect\n>p2 move shadowball", "uploadtime": 1732970346, "views": 3, "formatid": "gen9randombattle", "rating": 1814, "private": 0, "password": null}