{"id": "gen9randombattle-2254179694", "format": "[Gen 9] Random Battle", "players": ["cats_on_fire_real", "Imbad29"], "log": "|j|\u2606cats_on_fire_real\n|j|\u2606Imbad29\n|t:|1733001093\n|gametype|singles\n|player|p1|cats_on_fire_real|101|1118\n|player|p2|Imbad29|266|1153\n|teamsize|p1|6\n|teamsize|p2|6\n|gen|9\n|tier|[Gen 9] Random Battle\n|rated|\n|rule|Species Clause: Limit one of each Pok\u00e9mon\n|rule|HP Percentage Mod: HP is shown in percentages\n|rule|Sleep Clause Mod: Limit one foe put to sleep\n|rule|Illusion Level Mod: Illusion disguises the Pok\u00e9mon's true level\n|\n|t:|1733001093\n|start\n|switch|p1a: Ariados|Ariados, L95, M|287/287\n|switch|p2a: Eelektross|Eelektross, L87, M|290/290\n|turn|1\n|inactive|Battle timer is ON: inactive players will automatically lose when time's up. (requested by Imbad29)\n|\n|t:|1733001102\n|move|p2a: Eelektross|Coil|p2a: Eelektross\n|-boost|p2a: Eelektross|atk|1\n|-boost|p2a: Eelektross|def|1\n|-boost|p2a: Eelektross|accuracy|1\n|move|p1a: Ariados|Sticky Web|p2a: Eelektross\n|-sidestart|p2: Imbad29|move: Sticky Web\n|\n|upkeep\n|turn|2\n|\n|t:|1733001118\n|move|p2a: Eelektross|Knock Off|p1a: Ariados\n|-damage|p1a: Ariados|148/287\n|-enditem|p1a: Ariados|Focus Sash|[from] move: Knock Off|[of] p2a: Eelektross\n|move|p1a: Ariados|Poison Jab|p2a: Eelektross\n|-damage|p2a: Eelektross|221/290\n|\n|-heal|p2a: Eelektross|239/290|[from] item: Leftovers\n|upkeep\n|turn|3\n|\n|t:|1733001131\n|move|p2a: Eelektross|Supercell Slam|p1a: Ariados\n|-damage|p1a: Ariados|0 fnt\n|faint|p1a: Ariados\n|\n|-heal|p2a: Eelektross|257/290|[from] item: Leftovers\n|upkeep\n|\n|t:|1733001145\n|switch|p1a: Wigglytuff|Wigglytuff, L96, F|424/424\n|turn|4\n|\n|t:|1733001149\n|move|p1a: Wigglytuff|Thunder Wave|p2a: Eelektross\n|-immune|p2a: Eelektross\n|move|p2a: Eelektross|Coil|p2a: Eelektross\n|-boost|p2a: Eelektross|atk|1\n|-boost|p2a: Eelektross|def|1\n|-boost|p2a: Eelektross|accuracy|1\n|\n|-heal|p2a: Eelektross|275/290|[from] item: Leftovers\n|upkeep\n|turn|5\n|\n|t:|1733001160\n|move|p1a: Wigglytuff|Knock Off|p2a: Eelektross\n|-damage|p2a: Eelektross|236/290\n|-enditem|p2a: Eelektross|Leftovers|[from] move: Knock Off|[of] p1a: Wigglytuff\n|move|p2a: Eelektross|Coil|p2a: Eelektross\n|-boost|p2a: Eelektross|atk|1\n|-boost|p2a: Eelektross|def|1\n|-boost|p2a: Eelektross|accuracy|1\n|\n|upkeep\n|turn|6\n|\n|t:|1733001170\n|move|p1a: Wigglytuff|Dazzling Gleam|p2a: Eelektross\n|-damage|p2a: Eelektross|136/290\n|move|p2a: Eelektross|Coil|p2a: Eelektross\n|-boost|p2a: Eelektross|atk|1\n|-boost|p2a: Eelektross|def|1\n|-boost|p2a: Eelektross|accuracy|1\n|\n|upkeep\n|turn|7\n|\n|t:|1733001179\n|move|p1a: Wigglytuff|Dazzling Gleam|p2a: Eelektross\n|-damage|p2a: Eelektross|39/290\n|move|p2a: Eelektross|Supercell Slam|p1a: Wigglytuff\n|-damage|p1a: Wigglytuff|0 fnt\n|faint|p1a: Wigglytuff\n|\n|upkeep\n|\n|t:|1733001191\n|switch|p1a: Greedent|Greedent, L86, M|347/347\n|turn|8\n|\n|t:|1733001197\n|move|p2a: Eelektross|Drain Punch|p1a: Greedent\n|-supereffective|p1a: Greedent\n|-damage|p1a: Greedent|13/347\n|-heal|p2a: Eelektross|206/290|[from] drain|[of] p1a: Greedent\n|-enditem|p1a: Greedent|Sitrus Berry|[eat]\n|-heal|p1a: Greedent|99/347|[from] item: Sitrus Berry\n|-heal|p1a: Greedent|214/347|[from] ability: Cheek Pouch\n|move|p1a: Greedent|Swords Dance|p1a: Greedent\n|-boost|p1a: Greedent|atk|2\n|\n|upkeep\n|turn|9\n|\n|t:|1733001211\n|move|p2a: Eelektross|Drain Punch|p1a: Greedent\n|-supereffective|p1a: Greedent\n|-damage|p1a: Greedent|0 fnt\n|-heal|p2a: Eelektross|290/290|[from] drain|[of] p1a: Greedent\n|faint|p1a: Greedent\n|\n|upkeep\n|\n|t:|1733001223\n|switch|p1a: Chandelure|Chandelure, L83, F|235/235\n|turn|10\n|\n|t:|1733001235\n|move|p1a: Chandelure|Fire Blast|p2a: Eelektross\n|-damage|p2a: Eelektross|130/290\n|move|p2a: Eelektross|Knock Off|p1a: Chandelure\n|-supereffective|p1a: Chandelure\n|-damage|p1a: Chandelure|0 fnt\n|-enditem|p1a: Chandelure|Choice Scarf|[from] move: Knock Off|[of] p2a: Eelektross\n|faint|p1a: Chandelure\n|\n|upkeep\n|\n|t:|1733001245\n|switch|p1a: Metagross|Metagross, L79|256/256\n|turn|11\n|\n|t:|1733001251\n|move|p1a: Metagross|Heavy Slam|p2a: Eelektross\n|-resisted|p2a: Eelektross\n|-damage|p2a: Eelektross|88/290\n|move|p2a: Eelektross|Knock Off|p1a: Metagross\n|-supereffective|p1a: Metagross\n|-damage|p1a: Metagross|0 fnt\n|-enditem|p1a: Metagross|Choice Band|[from] move: Knock Off|[of] p2a: Eelektross\n|faint|p1a: Metagross\n|\n|upkeep\n|\n|t:|1733001260\n|switch|p1a: Scrafty|Scrafty, L84, M|246/246\n|turn|12\n|\n|t:|1733001268\n|move|p1a: Scrafty|Drain Punch|p2a: Eelektross\n|-damage|p2a: Eelektross|60/290\n|move|p2a: Eelektross|Drain Punch|p1a: Scrafty\n|-supereffective|p1a: Scrafty\n|-crit|p1a: Scrafty\n|-damage|p1a: Scrafty|0 fnt\n|-heal|p2a: Eelektross|183/290|[from] drain|[of] p1a: Scrafty\n|faint|p1a: Scrafty\n|\n|win|Imbad29\n|raw|cats_on_fire_real's rating: 1118 &rarr; <strong>1096</strong><br />(-22 for losing)\n|raw|Imbad29's rating: 1153 &rarr; <strong>1175</strong><br />(+22 for winning)\n", "inputlog": ">version b107d77f5c90bd6555267ae244a6264823309ead\n>start {\"formatid\":\"gen9randombattle\",\"seed\":[31205,53774,1150,3604],\"rated\":\"Rated battle\"}\n>player p1 {\"name\":\"cats_on_fire_real\",\"avatar\":\"101\",\"rating\":1118,\"seed\":[12569,4598,35069,21812]}\n>player p2 {\"name\":\"Imbad29\",\"avatar\":\"266\",\"rating\":1153,\"seed\":[15220,22812,27940,34429]}\n>p1 move stickyweb\n>p2 move coil\n>p1 move poisonjab\n>p2 move knockoff\n>p1 move poisonjab\n>p2 move supercellslam\n>p1 switch 5\n>p1 move thunderwave\n>p2 move coil\n>p1 move knockoff\n>p2 move coil\n>p1 move dazzlinggleam\n>p2 move coil\n>p1 move dazzlinggleam\n>p2 move supercellslam\n>p1 switch 3\n>p1 move swordsdance\n>p2 move drainpunch\n>p1 move doubleedge\n>p2 move drainpunch\n>p1 switch 4\n>p1 move fireblast\n>p2 move knockoff\n>p1 switch 6\n>p1 move heavyslam\n>p2 move knockoff\n>p1 switch 2\n>p1 move drainpunch\n>p2 move drainpunch", "uploadtime": 1733001276, "views": 12, "formatid": "gen9randombattle", "rating": 1096, "private": 0, "password": null}