{"id": "gen9randombattle-2253947034", "format": "[Gen 9] Random Battle", "players": ["EL NEGRO 0SCUR0", "Donald Gump"], "log": "|j|\u2606EL NEGRO 0SCUR0\n|j|\u2606Donald Gump\n|t:|1732969369\n|gametype|singles\n|player|p1|EL NEGRO 0SCUR0|hoopster|1741\n|player|p2|Donald Gump|266|1820\n|teamsize|p1|6\n|teamsize|p2|6\n|gen|9\n|tier|[Gen 9] Random Battle\n|rated|\n|rule|Species Clause: Limit one of each Pok\u00e9mon\n|rule|HP Percentage Mod: HP is shown in percentages\n|rule|Sleep Clause Mod: Limit one foe put to sleep\n|rule|Illusion Level Mod: Illusion disguises the Pok\u00e9mon's true level\n|\n|t:|1732969369\n|start\n|switch|p1a: Lucario|Lucario, L84, F|255/255\n|switch|p2a: Arcanine|Arcanine-Hisui, L81, M|287/287\n|turn|1\n|inactive|Battle timer is ON: inactive players will automatically lose when time's up. (requested by EL NEGRO 0SCUR0)\n|\n|t:|1732969399\n|switch|p2a: Ampharos|Ampharos, L88, F|302/302\n|move|p1a: Lucario|Focus Blast|p2a: Ampharos\n|-damage|p2a: Ampharos|188/302\n|-damage|p1a: Lucario|230/255|[from] item: Life Orb\n|\n|upkeep\n|turn|2\n|\n|t:|1732969409\n|switch|p1a: Kricketune|Kricketune, L99, F|312/312\n|move|p2a: Ampharos|Thunderbolt|p1a: Kricketune\n|-damage|p1a: Kricketune|158/312\n|\n|upkeep\n|turn|3\n|inactive|Donald Gump has 120 seconds left.\n|\n|t:|1732969442\n|switch|p2a: Arcanine|Arcanine-Hisui, L81, M|287/287\n|move|p1a: Kricketune|Sticky Web|p2a: Arcanine\n|-sidestart|p2: Donald Gump|move: Sticky Web\n|\n|upkeep\n|turn|4\n|\n|t:|1732969462\n|move|p2a: Arcanine|Flare Blitz|p1a: Kricketune\n|-supereffective|p1a: Kricketune\n|-damage|p1a: Kricketune|0 fnt\n|faint|p1a: Kricketune\n|\n|upkeep\n|\n|t:|1732969465\n|switch|p1a: Mismagius|Mismagius, L86, F|243/243\n|turn|5\n|\n|t:|1732969472\n|move|p1a: Mismagius|Shadow Ball|p2a: Arcanine\n|-damage|p2a: Arcanine|139/287\n|move|p2a: Arcanine|Flare Blitz|p1a: Mismagius\n|-damage|p1a: Mismagius|0 fnt\n|faint|p1a: Mismagius\n|\n|upkeep\n|\n|t:|1732969500\n|switch|p1a: Spectrier|Spectrier, L75|274/274\n|turn|6\n|\n|t:|1732969512\n|switch|p2a: Dunsparce|Dunsparce, L86, F|312/312\n|-activate|p2a: Dunsparce|move: Sticky Web\n|-unboost|p2a: Dunsparce|spe|1\n|move|p1a: Spectrier|Shadow Ball|p2a: Dunsparce\n|-immune|p2a: Dunsparce\n|\n|upkeep\n|turn|7\n|\n|t:|1732969517\n|move|p1a: Spectrier|Substitute|p1a: Spectrier\n|-start|p1a: Spectrier|Substitute\n|-damage|p1a: Spectrier|206/274\n|move|p2a: Dunsparce|Coil|p2a: Dunsparce\n|-boost|p2a: Dunsparce|atk|1\n|-boost|p2a: Dunsparce|def|1\n|-boost|p2a: Dunsparce|accuracy|1\n|\n|-heal|p1a: Spectrier|223/274|[from] item: Leftovers\n|upkeep\n|turn|8\n|\n|t:|1732969521\n|move|p1a: Spectrier|Nasty Plot|p1a: Spectrier\n|-boost|p1a: Spectrier|spa|2\n|move|p2a: Dunsparce|Earthquake|p1a: Spectrier\n|-end|p1a: Spectrier|Substitute\n|\n|-heal|p1a: Spectrier|240/274|[from] item: Leftovers\n|upkeep\n|turn|9\n|\n|t:|1732969526\n|move|p1a: Spectrier|Nasty Plot|p1a: Spectrier\n|-boost|p1a: Spectrier|spa|2\n|move|p2a: Dunsparce|Earthquake|p1a: Spectrier\n|-damage|p1a: Spectrier|101/274\n|\n|-heal|p1a: Spectrier|118/274|[from] item: Leftovers\n|upkeep\n|turn|10\n|\n|t:|1732969531\n|move|p1a: Spectrier|Draining Kiss|p2a: Dunsparce\n|-crit|p2a: Dunsparce\n|-damage|p2a: Dunsparce|168/312\n|-heal|p1a: Spectrier|226/274|[from] drain|[of] p2a: Dunsparce\n|move|p2a: Dunsparce|Earthquake|p1a: Spectrier\n|-damage|p1a: Spectrier|99/274\n|\n|-heal|p1a: Spectrier|116/274|[from] item: Leftovers\n|upkeep\n|turn|11\n|\n|t:|1732969537\n|move|p1a: Spectrier|Draining Kiss|p2a: Dunsparce\n|-damage|p2a: Dunsparce|68/312\n|-heal|p1a: Spectrier|191/274|[from] drain|[of] p2a: Dunsparce\n|move|p2a: Dunsparce|Roost|p2a: Dunsparce\n|-heal|p2a: Dunsparce|224/312\n|-singleturn|p2a: Dunsparce|move: Roost\n|\n|-heal|p1a: Spectrier|208/274|[from] item: Leftovers\n|upkeep\n|turn|12\n|\n|t:|1732969542\n|move|p1a: Spectrier|Nasty Plot|p1a: Spectrier\n|-boost|p1a: Spectrier|spa|2\n|move|p2a: Dunsparce|Coil|p2a: Dunsparce\n|-boost|p2a: Dunsparce|atk|1\n|-boost|p2a: Dunsparce|def|1\n|-boost|p2a: Dunsparce|accuracy|1\n|\n|-heal|p1a: Spectrier|225/274|[from] item: Leftovers\n|upkeep\n|turn|13\n|\n|t:|1732969546\n|move|p1a: Spectrier|Draining Kiss|p2a: Dunsparce\n|-damage|p2a: Dunsparce|94/312\n|-heal|p1a: Spectrier|274/274|[from] drain|[of] p2a: Dunsparce\n|move|p2a: Dunsparce|Earthquake|p1a: Spectrier\n|-damage|p1a: Spectrier|92/274\n|\n|-heal|p1a: Spectrier|109/274|[from] item: Leftovers\n|upkeep\n|turn|14\n|\n|t:|1732969561\n|move|p1a: Spectrier|Draining Kiss|p2a: Dunsparce\n|-damage|p2a: Dunsparce|0 fnt\n|-heal|p1a: Spectrier|180/274|[from] drain|[of] p2a: Dunsparce\n|faint|p2a: Dunsparce\n|\n|-heal|p1a: Spectrier|197/274|[from] item: Leftovers\n|upkeep\n|\n|t:|1732969563\n|switch|p2a: Hydreigon|Hydreigon, L79, M|275/275\n|turn|15\n|\n|t:|1732969574\n|-terastallize|p1a: Spectrier|Fairy\n|-terastallize|p2a: Hydreigon|Steel\n|move|p1a: Spectrier|Substitute|p1a: Spectrier\n|-start|p1a: Spectrier|Substitute\n|-damage|p1a: Spectrier|129/274\n|move|p2a: Hydreigon|Draco Meteor|p1a: Spectrier\n|-immune|p1a: Spectrier\n|\n|-heal|p1a: Spectrier|146/274|[from] item: Leftovers\n|upkeep\n|turn|16\n|\n|t:|1732969582\n|move|p1a: Spectrier|Shadow Ball|p2a: Hydreigon\n|-damage|p2a: Hydreigon|0 fnt\n|faint|p2a: Hydreigon\n|\n|-heal|p1a: Spectrier|163/274|[from] item: Leftovers\n|upkeep\n|\n|t:|1732969593\n|switch|p2a: Oranguru|Oranguru, L92, F|315/315\n|-activate|p2a: Oranguru|move: Sticky Web\n|-unboost|p2a: Oranguru|spe|1\n|turn|17\n|\n|t:|1732969596\n|move|p1a: Spectrier|Draining Kiss|p2a: Oranguru\n|-damage|p2a: Oranguru|108/315\n|-heal|p1a: Spectrier|274/274|[from] drain|[of] p2a: Oranguru\n|move|p2a: Oranguru|Psyshock|p1a: Spectrier\n|-end|p1a: Spectrier|Substitute\n|\n|-heal|p2a: Oranguru|127/315|[from] item: Leftovers\n|upkeep\n|turn|18\n|-message|Donald Gump forfeited.\n|\n|win|EL NEGRO 0SCUR0\n|raw|EL NEGRO 0SCUR0's rating: 1763 &rarr; <strong>1786</strong><br />(+23 for winning)\n|raw|Donald Gump's rating: 1820 &rarr; <strong>1797</strong><br />(-23 for losing)\n|l|\u2606Donald Gump\n|player|p2|\n", "inputlog": ">version b107d77f5c90bd6555267ae244a6264823309ead\n>start {\"formatid\":\"gen9randombattle\",\"seed\":[51606,27049,38082,16318],\"rated\":\"Rated battle\"}\n>player p1 {\"name\":\"EL NEGRO 0SCUR0\",\"avatar\":\"hoopster\",\"rating\":1741,\"seed\":[37753,35900,27748,17056]}\n>player p2 {\"name\":\"Donald Gump\",\"avatar\":\"266\",\"rating\":1820,\"seed\":[21833,12260,6321,54715]}\n>p1 move focusblast\n>p2 switch 4\n>p1 switch 2\n>p2 move thunderbolt\n>p1 move stickyweb\n>p2 switch 4\n>p1 move knockoff\n>p2 move flareblitz\n>p1 switch 5\n>p1 move shadowball\n>p2 move flareblitz\n>p1 switch 4\n>p1 move shadowball\n>p2 switch 6\n>p1 move substitute\n>p2 move coil\n>p1 move nastyplot\n>p2 move earthquake\n>p1 move nastyplot\n>p2 move earthquake\n>p1 move drainingkiss\n>p2 move earthquake\n>p1 move drainingkiss\n>p2 move roost\n>p1 move nastyplot\n>p2 move coil\n>p1 move drainingkiss\n>p2 move earthquake\n>p1 move drainingkiss\n>p2 move earthquake\n>p2 switch 5\n>p1 move substitute terastallize\n>p2 move dracometeor terastallize\n>p1 move shadowball\n>p2 move flashcannon\n>p2 switch 3\n>p1 move drainingkiss\n>p2 move psyshock\n>forcelose p2", "uploadtime": 1732969604, "views": 1, "formatid": "gen9randombattle", "rating": 1786, "private": 0, "password": null}