{"id": "gen9randombattle-2253856516", "format": "[Gen 9] Random Battle", "players": ["Destro04", "Reptilor05"], "log": "|j|\u2606Destro04\n|j|\u2606Reptilor05\n|t:|1732949953\n|gametype|singles\n|player|p1|Destro04|bellelba|\n|player|p2|Reptilor05|266|\n|teamsize|p1|6\n|teamsize|p2|6\n|gen|9\n|tier|[Gen 9] Random Battle\n|rule|Species Clause: Limit one of each Pok\u00e9mon\n|rule|HP Percentage Mod: HP is shown in percentages\n|rule|Sleep Clause Mod: Limit one foe put to sleep\n|rule|Illusion Level Mod: Illusion disguises the Pok\u00e9mon's true level\n|\n|t:|1732949953\n|start\n|switch|p1a: Copperajah|Copperajah, L86, F|350/350\n|switch|p2a: Piloswine|Piloswine, L85, F|309/309\n|turn|1\n|\n|t:|1732949966\n|move|p2a: Piloswine|Stealth Rock|p1a: Copperajah\n|-sidestart|p1: Destro04|move: Stealth Rock\n|move|p1a: Copperajah|Heat Crash|p2a: Piloswine\n|-supereffective|p2a: Piloswine\n|-damage|p2a: Piloswine|187/309\n|\n|upkeep\n|turn|2\n|\n|t:|1732949990\n|move|p1a: Copperajah|Heat Crash|p2a: Piloswine\n|-supereffective|p2a: Piloswine\n|-damage|p2a: Piloswine|71/309\n|move|p2a: Piloswine|Roar|p1a: Copperajah\n|drag|p1a: Azelf|Azelf, L82|257/257\n|-damage|p1a: Azelf|225/257|[from] Stealth Rock\n|\n|upkeep\n|turn|3\n|\n|t:|1732949999\n|move|p1a: Azelf|Nasty Plot|p1a: Azelf\n|-boost|p1a: Azelf|spa|2\n|move|p2a: Piloswine|Icicle Crash|p1a: Azelf\n|-damage|p1a: Azelf|117/257\n|\n|upkeep\n|turn|4\n|\n|t:|1732950006\n|move|p1a: Azelf|Psyshock|p2a: Piloswine\n|-damage|p2a: Piloswine|0 fnt\n|faint|p2a: Piloswine\n|-damage|p1a: Azelf|92/257|[from] item: Life Orb\n|\n|upkeep\n|\n|t:|1732950011\n|switch|p2a: Hydreigon|Hydreigon, L79, F|275/275\n|turn|5\n|\n|t:|1732950014\n|move|p1a: Azelf|Dazzling Gleam|p2a: Hydreigon\n|-supereffective|p2a: Hydreigon\n|-damage|p2a: Hydreigon|0 fnt\n|faint|p2a: Hydreigon\n|-damage|p1a: Azelf|67/257|[from] item: Life Orb\n|\n|upkeep\n|\n|t:|1732950032\n|switch|p2a: Corviknight|Corviknight, L80, F|288/288\n|-ability|p2a: Corviknight|Pressure\n|turn|6\n|\n|t:|1732950045\n|move|p1a: Azelf|Psyshock|p2a: Corviknight\n|-resisted|p2a: Corviknight\n|-damage|p2a: Corviknight|179/288\n|-damage|p1a: Azelf|42/257|[from] item: Life Orb\n|move|p2a: Corviknight|U-turn|p1a: Azelf\n|-supereffective|p1a: Azelf\n|-damage|p1a: Azelf|0 fnt\n|faint|p1a: Azelf\n|\n|t:|1732950073\n|switch|p2a: Pyroar|Pyroar, L88, F|295/295|[from] U-turn\n|-ability|p2a: Pyroar|Unnerve\n|\n|upkeep\n|\n|t:|1732950089\n|switch|p1a: Copperajah|Copperajah, L86, F|350/350\n|-damage|p1a: Copperajah|329/350|[from] Stealth Rock\n|turn|7\n|\n|t:|1732950097\n|move|p2a: Pyroar|Fire Blast|p1a: Copperajah\n|-supereffective|p1a: Copperajah\n|-damage|p1a: Copperajah|27/350\n|move|p1a: Copperajah|Earthquake|p2a: Pyroar\n|-supereffective|p2a: Pyroar\n|-damage|p2a: Pyroar|0 fnt\n|faint|p2a: Pyroar\n|\n|upkeep\n|\n|t:|1732950114\n|switch|p2a: Lugia|Lugia, L72|272/272\n|turn|8\n|\n|t:|1732950121\n|move|p2a: Lugia|Earth Power|p1a: Copperajah\n|-supereffective|p1a: Copperajah\n|-damage|p1a: Copperajah|0 fnt\n|faint|p1a: Copperajah\n|\n|upkeep\n|\n|t:|1732950123\n|switch|p1a: Cacturne|Cacturne, L92, F|278/278\n|-damage|p1a: Cacturne|244/278|[from] Stealth Rock\n|turn|9\n|\n|t:|1732950132\n|move|p2a: Lugia|Aeroblast|p1a: Cacturne\n|-supereffective|p1a: Cacturne\n|-damage|p1a: Cacturne|74/278\n|move|p1a: Cacturne|Swords Dance|p1a: Cacturne\n|-boost|p1a: Cacturne|atk|2\n|\n|upkeep\n|turn|10\n|\n|t:|1732950138\n|move|p1a: Cacturne|Sucker Punch|p2a: Lugia\n|-supereffective|p2a: Lugia\n|-damage|p2a: Lugia|65/272\n|-damage|p1a: Cacturne|47/278|[from] item: Life Orb\n|move|p2a: Lugia|Aeroblast|p1a: Cacturne\n|-supereffective|p1a: Cacturne\n|-damage|p1a: Cacturne|0 fnt\n|faint|p1a: Cacturne\n|\n|upkeep\n|\n|t:|1732950156\n|switch|p1a: Pyroar|Pyroar, L88, F|295/295\n|-ability|p1a: Pyroar|Unnerve\n|turn|11\n|\n|t:|1732950161\n|move|p1a: Pyroar|Dark Pulse|p2a: Lugia\n|-supereffective|p2a: Lugia\n|-damage|p2a: Lugia|0 fnt\n|faint|p2a: Lugia\n|\n|upkeep\n|\n|t:|1732950170\n|switch|p2a: Corviknight|Corviknight, L80, F|179/288\n|-ability|p2a: Corviknight|Pressure\n|turn|12\n|\n|t:|1732950174\n|move|p1a: Pyroar|Fire Blast|p2a: Corviknight\n|-supereffective|p2a: Corviknight\n|-damage|p2a: Corviknight|0 fnt\n|faint|p2a: Corviknight\n|\n|upkeep\n|\n|t:|1732950176\n|switch|p2a: Serperior|Serperior, L79, F|248/248\n|turn|13\n|\n|t:|1732950179\n|move|p1a: Pyroar|Will-O-Wisp|p2a: Serperior\n|-status|p2a: Serperior|brn\n|move|p2a: Serperior|Glare|p1a: Pyroar\n|-status|p1a: Pyroar|par\n|\n|-damage|p2a: Serperior|233/248 brn|[from] brn\n|upkeep\n|turn|14\n|\n|t:|1732950185\n|switch|p1a: Houndstone|Houndstone, L86, F|264/264\n|-damage|p1a: Houndstone|231/264|[from] Stealth Rock\n|move|p2a: Serperior|Leaf Storm|p1a: Houndstone\n|-damage|p1a: Houndstone|153/264\n|-boost|p2a: Serperior|spa|2\n|-damage|p2a: Serperior|209/248 brn|[from] item: Life Orb\n|\n|-damage|p2a: Serperior|194/248 brn|[from] brn\n|upkeep\n|turn|15\n|\n|t:|1732950189\n|switch|p1a: Koraidon|Koraidon, L64|235/235\n|-damage|p1a: Koraidon|221/235|[from] Stealth Rock\n|-weather|SunnyDay|[from] ability: Orichalcum Pulse|[of] p1a: Koraidon\n|-activate|p1a: Koraidon|Orichalcum Pulse|[source]\n|move|p2a: Serperior|Glare|p1a: Koraidon\n|-status|p1a: Koraidon|par\n|\n|-weather|SunnyDay|[upkeep]\n|-damage|p2a: Serperior|179/248 brn|[from] brn\n|upkeep\n|turn|16\n|\n|t:|1732950198\n|-terastallize|p2a: Serperior|Rock\n|-terastallize|p1a: Koraidon|Fire\n|move|p2a: Serperior|Tera Blast|p1a: Koraidon|[anim] Tera Blast Rock\n|-supereffective|p1a: Koraidon\n|-damage|p1a: Koraidon|0 fnt\n|faint|p1a: Koraidon\n|-damage|p2a: Serperior|155/248 brn|[from] item: Life Orb\n|\n|-weather|SunnyDay|[upkeep]\n|-damage|p2a: Serperior|140/248 brn|[from] brn\n|upkeep\n|\n|t:|1732950217\n|switch|p1a: Pyroar|Pyroar, L88, F|295/295 par\n|-ability|p1a: Pyroar|Unnerve\n|turn|17\n|\n|t:|1732950222\n|move|p2a: Serperior|Tera Blast|p1a: Pyroar|[anim] Tera Blast Rock\n|-supereffective|p1a: Pyroar\n|-damage|p1a: Pyroar|0 fnt\n|faint|p1a: Pyroar\n|-damage|p2a: Serperior|116/248 brn|[from] item: Life Orb\n|\n|-weather|SunnyDay|[upkeep]\n|-damage|p2a: Serperior|101/248 brn|[from] brn\n|upkeep\n|\n|t:|1732950229\n|switch|p1a: Houndstone|Houndstone, L86, F|153/264\n|-damage|p1a: Houndstone|120/264|[from] Stealth Rock\n|turn|18\n|\n|t:|1732950273\n|move|p1a: Houndstone|Shadow Sneak|p2a: Serperior\n|-damage|p2a: Serperior|58/248 brn\n|move|p2a: Serperior|Leaf Storm|p1a: Houndstone\n|-damage|p1a: Houndstone|0 fnt\n|-boost|p2a: Serperior|spa|2\n|faint|p1a: Houndstone\n|-damage|p2a: Serperior|34/248 brn|[from] item: Life Orb\n|\n|win|Reptilor05\n", "inputlog": ">version b107d77f5c90bd6555267ae244a6264823309ead\n>start {\"formatid\":\"gen9randombattle\",\"seed\":[13690,22270,64909,21182]}\n>player p1 {\"name\":\"Destro04\",\"avatar\":\"bellelba\",\"rating\":0,\"seed\":[56371,45779,63591,19955]}\n>player p2 {\"name\":\"Reptilor05\",\"avatar\":\"266\",\"rating\":0,\"seed\":[14114,20467,44963,51432]}\n>p1 move heatcrash\n>p2 move stealthrock\n>p1 move heatcrash\n>p2 move roar\n>p1 move nastyplot\n>p2 move iciclecrash\n>p1 move psyshock\n>p2 move iciclecrash\n>p2 switch 3\n>p1 move dazzlinggleam\n>p2 move darkpulse\n>p2 switch 2\n>p1 move psyshock\n>p2 move uturn\n>p2 switch 5\n>p1 switch 5\n>p1 move earthquake\n>p2 move fireblast\n>p2 switch 6\n>p1 move earthquake\n>p2 move earthpower\n>p1 switch 6\n>p1 move swordsdance\n>p2 move aeroblast\n>p1 move suckerpunch\n>p2 move aeroblast\n>p1 switch 2\n>p1 move darkpulse\n>p2 move earthpower\n>p2 switch 5\n>p1 move fireblast\n>p2 move bravebird\n>p2 switch 4\n>p1 move willowisp\n>p2 move glare\n>p1 switch 4\n>p2 move leafstorm\n>p1 switch 3\n>p2 move glare\n>p1 move flareblitz terastallize\n>p2 move terablast terastallize\n>p1 switch 4\n>p1 move willowisp\n>p2 move terablast\n>p1 switch 3\n>p1 move shadowsneak\n>p2 move leafstorm", "uploadtime": 1732950278, "views": 2, "formatid": "gen9randombattle", "rating": null, "private": 0, "password": null}