{"id": "gen9randombattle-2254127565", "format": "[Gen 9] Random Battle", "players": ["CDGRIND", "Muk Muk Goodra"], "log": "|j|\u2606CDGRIND\n|j|\u2606Muk Muk Goodra\n|t:|1732994599\n|gametype|singles\n|player|p1|CDGRIND|roxie|1854\n|player|p2|Muk Muk Goodra|2|1894\n|teamsize|p1|6\n|teamsize|p2|6\n|gen|9\n|tier|[Gen 9] Random Battle\n|rated|\n|rule|Species Clause: Limit one of each Pok\u00e9mon\n|rule|HP Percentage Mod: HP is shown in percentages\n|rule|Sleep Clause Mod: Limit one foe put to sleep\n|rule|Illusion Level Mod: Illusion disguises the Pok\u00e9mon's true level\n|\n|t:|1732994599\n|start\n|switch|p1a: Moltres|Moltres, L81|278/278\n|switch|p2a: Swalot|Swalot, L90, F|326/326\n|turn|1\n|inactive|Battle timer is ON: inactive players will automatically lose when time's up. (requested by Muk Muk Goodra)\n|\n|t:|1732994615\n|switch|p2a: Regice|Regice, L88|284/284\n|move|p1a: Moltres|Fire Blast|p2a: Regice\n|-supereffective|p2a: Regice\n|-damage|p2a: Regice|144/284\n|\n|upkeep\n|turn|2\n|\n|t:|1732994628\n|move|p1a: Moltres|Fire Blast|p2a: Regice\n|-supereffective|p2a: Regice\n|-damage|p2a: Regice|22/284\n|-status|p2a: Regice|brn\n|move|p2a: Regice|Thunder Wave|p1a: Moltres\n|-status|p1a: Moltres|par\n|\n|-damage|p2a: Regice|5/284 brn|[from] brn\n|upkeep\n|turn|3\n|\n|t:|1732994645\n|switch|p1a: Mesprit|Mesprit, L85|275/275\n|move|p2a: Regice|Thunderbolt|p1a: Mesprit\n|-damage|p1a: Mesprit|234/275\n|\n|-damage|p2a: Regice|0 fnt|[from] brn\n|faint|p2a: Regice\n|upkeep\n|\n|t:|1732994663\n|switch|p2a: Palafin|Palafin, L77, F|281/281\n|turn|4\n|\n|t:|1732994679\n|switch|p1a: Moltres|Moltres, L81|278/278 par\n|move|p2a: Palafin|Flip Turn|p1a: Moltres\n|-supereffective|p1a: Moltres\n|-damage|p1a: Moltres|152/278 par\n|\n|t:|1732994689\n|detailschange|p2a: Palafin|Palafin-Hero, L77, F\n|switch|p2a: Flutter Mane|Flutter Mane, L74|203/203|[from] Flip Turn\n|\n|upkeep\n|turn|5\n|\n|t:|1732994695\n|move|p2a: Flutter Mane|Thunderbolt|p1a: Moltres\n|-supereffective|p1a: Moltres\n|-damage|p1a: Moltres|0 fnt\n|faint|p1a: Moltres\n|-damage|p2a: Flutter Mane|183/203|[from] item: Life Orb\n|\n|upkeep\n|c|\u2606Muk Muk Goodra|counterintuitive call but so worth maybe burning palafin\n|inactive|CDGRIND has 120 seconds left.\n|c|\u2606Muk Muk Goodra|i like it\n|c|\u2606CDGRIND|you got it\n|c|\u2606Muk Muk Goodra|in my head I was like \"no way they do that, right\"\n|c|\u2606Muk Muk Goodra|honestly wish you were rewarded for it\n|c|\u2606CDGRIND|figured a parad moltres would maybe bite me\n|inactive|CDGRIND has 90 seconds left.\n|c|\u2606Muk Muk Goodra|great call, props\n|inactive|CDGRIND has 60 seconds left.\n|\n|t:|1732994795\n|switch|p1a: Rhyperior|Rhyperior, L82, F|323/323\n|turn|6\n|inactive|CDGRIND has 60 seconds left.\n|inactive|Muk Muk Goodra has 120 seconds left.\n|\n|t:|1732994830\n|-end|p2a: Flutter Mane|Protosynthesis|[silent]\n|switch|p2a: Braviary|Braviary, L85, M|309/309\n|move|p1a: Rhyperior|Earthquake|p2a: Braviary\n|-immune|p2a: Braviary\n|\n|upkeep\n|turn|7\n|inactive|Muk Muk Goodra has 120 seconds left.\n|inactive|CDGRIND has 60 seconds left.\n|\n|t:|1732994840\n|move|p2a: Braviary|Bulk Up|p2a: Braviary\n|-boost|p2a: Braviary|atk|1\n|-boost|p2a: Braviary|def|1\n|move|p1a: Rhyperior|Stone Edge|p2a: Braviary\n|-supereffective|p2a: Braviary\n|-damage|p2a: Braviary|97/309\n|\n|upkeep\n|turn|8\n|inactive|CDGRIND has 60 seconds left.\n|inactive|Muk Muk Goodra has 120 seconds left.\n|\n|t:|1732994856\n|move|p2a: Braviary|Close Combat|p1a: Rhyperior\n|-supereffective|p1a: Rhyperior\n|-damage|p1a: Rhyperior|140/323\n|-unboost|p2a: Braviary|def|1\n|-unboost|p2a: Braviary|spd|1\n|move|p1a: Rhyperior|Stone Edge|p2a: Braviary\n|-supereffective|p2a: Braviary\n|-damage|p2a: Braviary|0 fnt\n|faint|p2a: Braviary\n|\n|upkeep\n|inactive|Muk Muk Goodra has 120 seconds left.\n|\n|t:|1732994864\n|switch|p2a: Palafin|Palafin-Hero, L77, F|281/281\n|-activate|p2a: Palafin|ability: Zero to Hero\n|turn|9\n|inactive|CDGRIND has 60 seconds left.\n|\n|t:|1732994888\n|switch|p1a: Azumarill|Azumarill, L82, F|298/298\n|move|p2a: Palafin|Flip Turn|p1a: Azumarill\n|-resisted|p1a: Azumarill\n|-damage|p1a: Azumarill|229/298\n|\n|t:|1732994895\n|switch|p2a: Swalot|Swalot, L90, F|326/326|[from] Flip Turn\n|\n|upkeep\n|turn|10\n|inactive|CDGRIND has 60 seconds left.\n|\n|t:|1732994915\n|switch|p1a: Rhyperior|Rhyperior, L82, F|140/323\n|move|p2a: Swalot|Gunk Shot|p1a: Rhyperior\n|-resisted|p1a: Rhyperior\n|-damage|p1a: Rhyperior|119/323\n|-status|p1a: Rhyperior|psn\n|\n|-damage|p1a: Rhyperior|79/323 psn|[from] psn\n|upkeep\n|turn|11\n|\n|t:|1732994930\n|move|p2a: Swalot|Swords Dance|p2a: Swalot\n|-boost|p2a: Swalot|atk|2\n|move|p1a: Rhyperior|Earthquake|p2a: Swalot\n|-supereffective|p2a: Swalot\n|-crit|p2a: Swalot\n|-damage|p2a: Swalot|0 fnt\n|faint|p2a: Swalot\n|\n|-damage|p1a: Rhyperior|39/323 psn|[from] psn\n|upkeep\n|c|\u2606Muk Muk Goodra|ooooo big crit there\n|\n|t:|1732994940\n|switch|p2a: Palafin|Palafin-Hero, L77, F|281/281\n|turn|12\n|c|\u2606CDGRIND|massive\n|inactive|CDGRIND has 60 seconds left.\n|\n|t:|1732994951\n|switch|p1a: Azumarill|Azumarill, L82, F|229/298\n|move|p2a: Palafin|Flip Turn|p1a: Azumarill\n|-resisted|p1a: Azumarill\n|-damage|p1a: Azumarill|159/298\n|\n|t:|1732994958\n|switch|p2a: Flutter Mane|Flutter Mane, L74|183/203|[from] Flip Turn\n|\n|upkeep\n|turn|13\n|\n|t:|1732994968\n|switch|p1a: Rhyperior|Rhyperior, L82, F|39/323 psn\n|move|p2a: Flutter Mane|Thunderbolt|p1a: Rhyperior\n|-immune|p1a: Rhyperior\n|\n|-damage|p1a: Rhyperior|0 fnt|[from] psn\n|faint|p1a: Rhyperior\n|upkeep\n|\n|t:|1732994972\n|switch|p1a: Mesprit|Mesprit, L85|234/275\n|turn|14\n|\n|t:|1732994977\n|-end|p2a: Flutter Mane|Protosynthesis|[silent]\n|switch|p2a: Iron Hands|Iron Hands, L79|373/373\n|move|p1a: Mesprit|Knock Off|p2a: Iron Hands\n|-resisted|p2a: Iron Hands\n|-damage|p2a: Iron Hands|339/373\n|-enditem|p2a: Iron Hands|Assault Vest|[from] move: Knock Off|[of] p1a: Mesprit\n|\n|upkeep\n|turn|15\n|inactive|CDGRIND has 60 seconds left.\n|\n|t:|1732995013\n|move|p2a: Iron Hands|Fake Out|p1a: Mesprit\n|-damage|p1a: Mesprit|205/275\n|cant|p1a: Mesprit|flinch\n|\n|upkeep\n|turn|16\n|inactive|CDGRIND has 60 seconds left.\n|inactive|Muk Muk Goodra has 120 seconds left.\n|\n|t:|1732995047\n|-end|p2a: Iron Hands|Quark Drive|[silent]\n|switch|p2a: Flutter Mane|Flutter Mane, L74|183/203\n|move|p1a: Mesprit|Psychic Noise|p2a: Flutter Mane\n|-damage|p2a: Flutter Mane|113/203\n|-start|p2a: Flutter Mane|move: Heal Block\n|\n|upkeep\n|turn|17\n|inactive|CDGRIND has 60 seconds left.\n|inactive|Muk Muk Goodra has 120 seconds left.\n|\n|t:|1732995058\n|move|p2a: Flutter Mane|Shadow Ball|p1a: Mesprit\n|-supereffective|p1a: Mesprit\n|-damage|p1a: Mesprit|72/275\n|-damage|p2a: Flutter Mane|93/203|[from] item: Life Orb\n|move|p1a: Mesprit|Knock Off|p2a: Flutter Mane\n|-damage|p2a: Flutter Mane|0 fnt\n|-enditem|p2a: Flutter Mane|Life Orb|[from] move: Knock Off|[of] p1a: Mesprit\n|faint|p2a: Flutter Mane\n|-end|p2a: Flutter Mane|Protosynthesis|[silent]\n|\n|upkeep\n|inactive|Muk Muk Goodra has 120 seconds left.\n|\n|t:|1732995065\n|switch|p2a: Palafin|Palafin-Hero, L77, F|281/281\n|turn|18\n|\n|t:|1732995071\n|switch|p1a: Azumarill|Azumarill, L82, F|159/298\n|move|p2a: Palafin|Flip Turn|p1a: Azumarill\n|-resisted|p1a: Azumarill\n|-damage|p1a: Azumarill|98/298\n|-enditem|p1a: Azumarill|Sitrus Berry|[eat]\n|-heal|p1a: Azumarill|172/298|[from] item: Sitrus Berry\n|\n|t:|1732995077\n|switch|p2a: Iron Hands|Iron Hands, L79|339/373|[from] Flip Turn\n|\n|upkeep\n|turn|19\n|\n|t:|1732995088\n|move|p2a: Iron Hands|Fake Out|p1a: Azumarill\n|-damage|p1a: Azumarill|135/298\n|cant|p1a: Azumarill|flinch\n|\n|upkeep\n|turn|20\n|\n|t:|1732995108\n|move|p1a: Azumarill|Play Rough|p2a: Iron Hands\n|-supereffective|p2a: Iron Hands\n|-damage|p2a: Iron Hands|147/373\n|move|p2a: Iron Hands|Thunder Punch|p1a: Azumarill\n|-supereffective|p1a: Azumarill\n|-damage|p1a: Azumarill|0 fnt\n|faint|p1a: Azumarill\n|\n|upkeep\n|\n|t:|1732995117\n|switch|p1a: Mesprit|Mesprit, L85|72/275\n|turn|21\n|\n|t:|1732995128\n|move|p1a: Mesprit|Psychic Noise|p2a: Iron Hands\n|-supereffective|p2a: Iron Hands\n|-damage|p2a: Iron Hands|0 fnt\n|faint|p2a: Iron Hands\n|-end|p2a: Iron Hands|Quark Drive|[silent]\n|\n|upkeep\n|\n|t:|1732995131\n|switch|p2a: Palafin|Palafin-Hero, L77, F|281/281\n|turn|22\n|\n|t:|1732995135\n|move|p2a: Palafin|Wave Crash|p1a: Mesprit\n|-damage|p1a: Mesprit|0 fnt\n|faint|p1a: Mesprit\n|-damage|p2a: Palafin|257/281|[from] Recoil\n|\n|upkeep\n|inactive|CDGRIND has 90 seconds left.\n|\n|t:|1732995149\n|switch|p1a: Lunala|Lunala, L70|308/308\n|turn|23\n|\n|t:|1732995160\n|move|p2a: Palafin|Wave Crash|p1a: Lunala\n|-damage|p1a: Lunala|176/308\n|-damage|p2a: Palafin|213/281|[from] Recoil\n|move|p1a: Lunala|Moongeist Beam|p2a: Palafin\n|-damage|p2a: Palafin|99/281\n|\n|-heal|p1a: Lunala|195/308|[from] item: Leftovers\n|upkeep\n|turn|24\n|\n|t:|1732995170\n|move|p2a: Palafin|Wave Crash|p1a: Lunala\n|-damage|p1a: Lunala|0 fnt\n|faint|p1a: Lunala\n|-damage|p2a: Palafin|35/281|[from] Recoil\n|\n|upkeep\n|\n|t:|1732995174\n|switch|p1a: Zacian|Zacian-Crowned, L64|225/225\n|-ability|p1a: Zacian|Intrepid Sword|boost\n|-boost|p1a: Zacian|atk|1\n|turn|25\n|\n|t:|1732995179\n|-terastallize|p2a: Palafin|Water\n|move|p1a: Zacian|Behemoth Blade|p2a: Palafin\n|-resisted|p2a: Palafin\n|-damage|p2a: Palafin|0 fnt\n|faint|p2a: Palafin\n|\n|win|CDGRIND\n|raw|CDGRIND's rating: 1854 &rarr; <strong>1876</strong><br />(+22 for winning)\n|raw|Muk Muk Goodra's rating: 1894 &rarr; <strong>1872</strong><br />(-22 for losing)\n|c|\u2606Muk Muk Goodra|gg\n", "inputlog": ">version b107d77f5c90bd6555267ae244a6264823309ead\n>start {\"formatid\":\"gen9randombattle\",\"seed\":[56986,33891,13050,43246],\"rated\":\"Rated battle\"}\n>player p1 {\"name\":\"CDGRIND\",\"avatar\":\"roxie\",\"rating\":1854,\"seed\":[41821,38440,4067,7092]}\n>player p2 {\"name\":\"Muk Muk Goodra\",\"avatar\":\"2\",\"rating\":1894,\"seed\":[54843,20843,22199,50123]}\n>p1 move fireblast\n>p2 switch 5\n>p1 move fireblast\n>p2 move thunderwave\n>p1 switch 6\n>p2 move thunderbolt\n>p2 switch 3\n>p1 switch 6\n>p2 move flipturn\n>p2 switch 6\n>p1 move bravebird\n>p2 move thunderbolt\n>chat \u2606Muk Muk Goodra|counterintuitive call but so worth maybe burning palafin\n>chat \u2606Muk Muk Goodra|i like it\n>chat \u2606CDGRIND|you got it \n>chat \u2606Muk Muk Goodra|in my head I was like \"no way they do that, right\"\n>chat \u2606Muk Muk Goodra|honestly wish you were rewarded for it\n>chat \u2606CDGRIND|figured a parad moltres would maybe bite me\n>chat \u2606Muk Muk Goodra|great call, props\n>p1 switch 2\n>p1 move earthquake\n>p2 switch 2\n>p1 move stoneedge\n>p2 move bulkup\n>p1 move stoneedge\n>p2 move closecombat\n>p2 switch 6\n>p1 switch 3\n>p2 move flipturn\n>p2 switch 5\n>p1 switch 3\n>p2 move gunkshot\n>p1 move earthquake\n>p2 move swordsdance\n>chat \u2606Muk Muk Goodra|ooooo big crit there\n>p2 switch 5\n>chat \u2606CDGRIND|massive\n>p1 switch 3\n>p2 move flipturn\n>p2 switch 2\n>p1 switch 3\n>p2 move thunderbolt\n>p1 switch 6\n>p1 move knockoff\n>p2 switch 4\n>p1 move psychicnoise\n>p2 move fakeout\n>p1 move psychicnoise\n>p2 switch 4\n>p1 move knockoff\n>p2 move shadowball\n>p2 switch 2\n>p1 switch 3\n>p2 move flipturn\n>p2 switch 4\n>p1 move playrough\n>p2 move fakeout\n>p1 move playrough\n>p2 move thunderpunch\n>p1 switch 3\n>p1 move psychicnoise\n>p2 move thunderpunch\n>p2 switch 4\n>p1 move psychicnoise\n>p2 move wavecrash\n>p1 switch 5\n>p1 move moongeistbeam\n>p2 move wavecrash\n>p1 move moongeistbeam\n>p2 move wavecrash\n>p1 switch 4\n>p1 move behemothblade\n>p2 move wavecrash terastallize", "uploadtime": 1732995185, "views": 1, "formatid": "gen9randombattle", "rating": 1872, "private": 0, "password": null}