{"id": "gen9randombattle-2253941362", "format": "[Gen 9] Random Battle", "players": ["Sceptile360Viewer", "gsvw"], "log": "|j|\u2606Sceptile360Viewer\n|j|\u2606gsvw\n|t:|1732968310\n|gametype|singles\n|player|p1|Sceptile360Viewer|265|1171\n|player|p2|gsvw|1|1168\n|teamsize|p1|6\n|teamsize|p2|6\n|gen|9\n|tier|[Gen 9] Random Battle\n|rated|\n|rule|Species Clause: Limit one of each Pok\u00e9mon\n|rule|HP Percentage Mod: HP is shown in percentages\n|rule|Sleep Clause Mod: Limit one foe put to sleep\n|rule|Illusion Level Mod: Illusion disguises the Pok\u00e9mon's true level\n|\n|t:|1732968310\n|start\n|switch|p1a: Gengar|Gengar, L81, F|230/230\n|switch|p2a: Venusaur|Venusaur, L84, F|272/272\n|turn|1\n|inactive|Battle timer is ON: inactive players will automatically lose when time's up. (requested by gsvw)\n|\n|t:|1732968342\n|move|p1a: Gengar|Shadow Ball|p2a: Venusaur\n|-damage|p2a: Venusaur|159/272\n|-unboost|p2a: Venusaur|spd|1\n|-damage|p1a: Gengar|207/230|[from] item: Life Orb\n|move|p2a: Venusaur|Knock Off|p1a: Gengar\n|-supereffective|p1a: Gengar\n|-damage|p1a: Gengar|35/230\n|-enditem|p1a: Gengar|Life Orb|[from] move: Knock Off|[of] p2a: Venusaur\n|\n|-heal|p2a: Venusaur|176/272|[from] item: Leftovers\n|upkeep\n|turn|2\n|\n|t:|1732968363\n|move|p1a: Gengar|Shadow Ball|p2a: Venusaur\n|-crit|p2a: Venusaur\n|-damage|p2a: Venusaur|0 fnt\n|faint|p2a: Venusaur\n|\n|upkeep\n|inactive|gsvw has 120 seconds left.\n|\n|t:|1732968387\n|switch|p2a: Meowstic|Meowstic, L89, M|277/277\n|turn|3\n|\n|t:|1732968394\n|move|p2a: Meowstic|Psychic Noise|p1a: Gengar\n|-supereffective|p1a: Gengar\n|-damage|p1a: Gengar|0 fnt\n|-start|p2a: Meowstic|Disable|Psychic Noise|[from] ability: Cursed Body|[of] p1a: Gengar\n|faint|p1a: Gengar\n|\n|upkeep\n|\n|t:|1732968404\n|switch|p1a: Vikavolt|Vikavolt, L83, F|263/263\n|turn|4\n|inactive|gsvw has 120 seconds left.\n|\n|t:|1732968435\n|move|p2a: Meowstic|Yawn|p1a: Vikavolt\n|-start|p1a: Vikavolt|move: Yawn|[of] p2a: Meowstic\n|move|p1a: Vikavolt|Sticky Web|p2a: Meowstic\n|-sidestart|p2: gsvw|move: Sticky Web\n|\n|upkeep\n|turn|5\n|\n|t:|1732968446\n|switch|p1a: Granbull|Granbull, L88, M|302/302\n|-ability|p1a: Granbull|Intimidate|boost\n|-unboost|p2a: Meowstic|atk|1\n|move|p2a: Meowstic|Alluring Voice|p1a: Granbull\n|-damage|p1a: Granbull|237/302\n|\n|-heal|p1a: Granbull|255/302|[from] item: Leftovers\n|upkeep\n|turn|6\n|inactive|gsvw has 120 seconds left.\n|\n|t:|1732968466\n|move|p2a: Meowstic|Yawn|p1a: Granbull\n|-start|p1a: Granbull|move: Yawn|[of] p2a: Meowstic\n|move|p1a: Granbull|Thunder Wave|p2a: Meowstic\n|-status|p2a: Meowstic|par\n|\n|-heal|p1a: Granbull|273/302|[from] item: Leftovers\n|-end|p2a: Meowstic|Disable\n|upkeep\n|turn|7\n|\n|t:|1732968475\n|move|p2a: Meowstic|Thunder Wave|p1a: Granbull\n|-status|p1a: Granbull|par\n|cant|p1a: Granbull|par\n|\n|-heal|p1a: Granbull|291/302 par|[from] item: Leftovers\n|-end|p1a: Granbull|move: Yawn|[silent]\n|upkeep\n|turn|8\n|\n|t:|1732968480\n|move|p2a: Meowstic|Psychic Noise|p1a: Granbull\n|-damage|p1a: Granbull|188/302 par\n|-start|p1a: Granbull|move: Heal Block\n|move|p1a: Granbull|Roar|p2a: Meowstic\n|drag|p2a: Maushold|Maushold, L76|238/238\n|-activate|p2a: Maushold|move: Sticky Web\n|-unboost|p2a: Maushold|spe|1\n|\n|upkeep\n|turn|9\n|c|\u2606Sceptile360Viewer|Why would u twave when u yawned me a turn ago?\n|\n|t:|1732968507\n|switch|p2a: Meowstic|Meowstic, L89, M|277/277 par\n|-activate|p2a: Meowstic|move: Sticky Web\n|-unboost|p2a: Meowstic|spe|1\n|cant|p1a: Granbull|par\n|\n|-end|p1a: Granbull|move: Heal Block\n|upkeep\n|turn|10\n|\n|t:|1732968514\n|move|p2a: Meowstic|Psychic Noise|p1a: Granbull\n|-damage|p1a: Granbull|82/302 par\n|-start|p1a: Granbull|move: Heal Block\n|cant|p1a: Granbull|par\n|\n|upkeep\n|turn|11\n|\n|t:|1732968529\n|cant|p2a: Meowstic|par\n|move|p1a: Granbull|Earthquake|p2a: Meowstic\n|-damage|p2a: Meowstic|177/277 par\n|\n|-heal|p2a: Meowstic|194/277 par|[from] item: Leftovers\n|-end|p1a: Granbull|move: Heal Block\n|upkeep\n|turn|12\n|\n|t:|1732968535\n|move|p2a: Meowstic|Psychic Noise|p1a: Granbull\n|-damage|p1a: Granbull|0 fnt\n|faint|p1a: Granbull\n|\n|-heal|p2a: Meowstic|211/277 par|[from] item: Leftovers\n|upkeep\n|\n|t:|1732968540\n|switch|p1a: Vikavolt|Vikavolt, L83, F|263/263\n|turn|13\n|\n|t:|1732968543\n|cant|p2a: Meowstic|par\n|move|p1a: Vikavolt|Bug Buzz|p2a: Meowstic\n|-supereffective|p2a: Meowstic\n|-damage|p2a: Meowstic|0 fnt\n|faint|p2a: Meowstic\n|\n|upkeep\n|\n|t:|1732968550\n|switch|p2a: Avalugg|Avalugg-Hisui, L90, F|317/317\n|turn|14\n|\n|t:|1732968556\n|move|p2a: Avalugg|Stone Edge|p1a: Vikavolt\n|-supereffective|p1a: Vikavolt\n|-damage|p1a: Vikavolt|0 fnt\n|faint|p1a: Vikavolt\n|\n|upkeep\n|\n|t:|1732968574\n|switch|p1a: Scream Tail|Scream Tail, L84|330/330\n|turn|15\n|\n|t:|1732968579\n|move|p1a: Scream Tail|Dazzling Gleam|p2a: Avalugg\n|-damage|p2a: Avalugg|218/317\n|move|p2a: Avalugg|Stone Edge|p1a: Scream Tail|[miss]\n|-miss|p2a: Avalugg|p1a: Scream Tail\n|\n|upkeep\n|turn|16\n|\n|t:|1732968591\n|move|p1a: Scream Tail|Dazzling Gleam|p2a: Avalugg\n|-damage|p2a: Avalugg|118/317\n|move|p2a: Avalugg|Stone Edge|p1a: Scream Tail\n|-damage|p1a: Scream Tail|192/330\n|\n|-heal|p1a: Scream Tail|212/330|[from] item: Leftovers\n|upkeep\n|turn|17\n|\n|t:|1732968602\n|move|p1a: Scream Tail|Dazzling Gleam|p2a: Avalugg\n|-damage|p2a: Avalugg|10/317\n|move|p2a: Avalugg|Avalanche|p1a: Scream Tail\n|-damage|p1a: Scream Tail|40/330\n|\n|-heal|p1a: Scream Tail|60/330|[from] item: Leftovers\n|upkeep\n|turn|18\n|\n|t:|1732968612\n|move|p1a: Scream Tail|Dazzling Gleam|p2a: Avalugg\n|-damage|p2a: Avalugg|0 fnt\n|faint|p2a: Avalugg\n|\n|-heal|p1a: Scream Tail|80/330|[from] item: Leftovers\n|upkeep\n|\n|t:|1732968628\n|switch|p2a: Delibird|Delibird, F|252/252\n|turn|19\n|\n|t:|1732968637\n|move|p1a: Scream Tail|Protect|p1a: Scream Tail\n|-singleturn|p1a: Scream Tail|Protect\n|move|p2a: Delibird|Ice Spinner|p1a: Scream Tail\n|-activate|p1a: Scream Tail|move: Protect\n|\n|-heal|p1a: Scream Tail|100/330|[from] item: Leftovers\n|upkeep\n|turn|20\n|\n|t:|1732968645\n|move|p1a: Scream Tail|Thunder Wave|p2a: Delibird\n|-status|p2a: Delibird|par\n|move|p2a: Delibird|Brave Bird|p1a: Scream Tail\n|-damage|p1a: Scream Tail|0 fnt\n|faint|p1a: Scream Tail\n|-end|p1a: Scream Tail|Protosynthesis|[silent]\n|-damage|p2a: Delibird|219/252 par|[from] Recoil\n|\n|upkeep\n|\n|t:|1732968652\n|switch|p1a: Dialga|Dialga-Origin, L73|266/266\n|-ability|p1a: Dialga|Pressure\n|turn|21\n|\n|t:|1732968663\n|move|p1a: Dialga|Heavy Slam|p2a: Delibird\n|-supereffective|p2a: Delibird\n|-crit|p2a: Delibird\n|-damage|p2a: Delibird|0 fnt\n|faint|p2a: Delibird\n|\n|upkeep\n|\n|t:|1732968666\n|switch|p2a: Cresselia|Cresselia, L80, F|323/323\n|turn|22\n|\n|t:|1732968673\n|move|p2a: Cresselia|Calm Mind|p2a: Cresselia\n|-boost|p2a: Cresselia|spa|1\n|-boost|p2a: Cresselia|spd|1\n|move|p1a: Dialga|Stealth Rock|p2a: Cresselia\n|-sidestart|p2: gsvw|move: Stealth Rock\n|\n|upkeep\n|turn|23\n|\n|t:|1732968678\n|move|p2a: Cresselia|Moonblast|p1a: Dialga\n|-damage|p1a: Dialga|197/266\n|move|p1a: Dialga|Dragon Tail|p2a: Cresselia\n|-crit|p2a: Cresselia\n|-damage|p2a: Cresselia|247/323\n|drag|p2a: Maushold|Maushold, L76|238/238\n|-activate|p2a: Maushold|move: Sticky Web\n|-unboost|p2a: Maushold|spe|1\n|-damage|p2a: Maushold|209/238|[from] Stealth Rock\n|\n|upkeep\n|turn|24\n|\n|t:|1732968683\n|move|p1a: Dialga|Heavy Slam|p2a: Maushold\n|-damage|p2a: Maushold|61/238\n|move|p2a: Maushold|Tidy Up|p2a: Maushold\n|-sideend|p2: gsvw|Stealth Rock\n|-sideend|p2: gsvw|Sticky Web\n|-activate|p2a: Maushold|move: Tidy Up\n|-boost|p2a: Maushold|atk|1\n|-boost|p2a: Maushold|spe|1\n|\n|upkeep\n|turn|25\n|\n|t:|1732968693\n|move|p2a: Maushold|Bite|p1a: Dialga\n|-damage|p1a: Dialga|142/266\n|move|p1a: Dialga|Heavy Slam|p2a: Maushold\n|-damage|p2a: Maushold|0 fnt\n|faint|p2a: Maushold\n|\n|upkeep\n|\n|t:|1732968697\n|switch|p2a: Cresselia|Cresselia, L80, F|247/323\n|turn|26\n|\n|t:|1732968702\n|move|p2a: Cresselia|Calm Mind|p2a: Cresselia\n|-boost|p2a: Cresselia|spa|1\n|-boost|p2a: Cresselia|spd|1\n|move|p1a: Dialga|Heavy Slam|p2a: Cresselia\n|-damage|p2a: Cresselia|138/323\n|\n|-heal|p2a: Cresselia|158/323|[from] item: Leftovers\n|upkeep\n|turn|27\n|\n|t:|1732968705\n|move|p2a: Cresselia|Moonlight|p2a: Cresselia\n|-heal|p2a: Cresselia|319/323\n|move|p1a: Dialga|Heavy Slam|p2a: Cresselia\n|-damage|p2a: Cresselia|210/323\n|\n|-heal|p2a: Cresselia|230/323|[from] item: Leftovers\n|upkeep\n|turn|28\n|\n|t:|1732968717\n|move|p2a: Cresselia|Moonblast|p1a: Dialga\n|-damage|p1a: Dialga|71/266\n|move|p1a: Dialga|Heavy Slam|p2a: Cresselia\n|-damage|p2a: Cresselia|118/323\n|\n|-heal|p2a: Cresselia|138/323|[from] item: Leftovers\n|upkeep\n|turn|29\n|\n|t:|1732968723\n|move|p2a: Cresselia|Calm Mind|p2a: Cresselia\n|-boost|p2a: Cresselia|spa|1\n|-boost|p2a: Cresselia|spd|1\n|move|p1a: Dialga|Heavy Slam|p2a: Cresselia\n|-damage|p2a: Cresselia|29/323\n|\n|-heal|p2a: Cresselia|49/323|[from] item: Leftovers\n|upkeep\n|turn|30\n|\n|t:|1732968726\n|-terastallize|p1a: Dialga|Dragon\n|move|p2a: Cresselia|Moonlight|p2a: Cresselia\n|-heal|p2a: Cresselia|210/323\n|move|p1a: Dialga|Dragon Tail|p2a: Cresselia\n|-damage|p2a: Cresselia|136/323\n|\n|-heal|p2a: Cresselia|156/323|[from] item: Leftovers\n|upkeep\n|turn|31\n|\n|t:|1732968731\n|move|p2a: Cresselia|Moonlight|p2a: Cresselia\n|-heal|p2a: Cresselia|317/323\n|move|p1a: Dialga|Heavy Slam|p2a: Cresselia\n|-damage|p2a: Cresselia|215/323\n|\n|-heal|p2a: Cresselia|235/323|[from] item: Leftovers\n|upkeep\n|turn|32\n|\n|t:|1732968736\n|move|p2a: Cresselia|Moonblast|p1a: Dialga\n|-supereffective|p1a: Dialga\n|-damage|p1a: Dialga|0 fnt\n|faint|p1a: Dialga\n|\n|-heal|p2a: Cresselia|255/323|[from] item: Leftovers\n|upkeep\n|\n|t:|1732968739\n|switch|p1a: Wyrdeer|Wyrdeer, L87, M|321/321\n|-ability|p1a: Wyrdeer|Intimidate|boost\n|-unboost|p2a: Cresselia|atk|1\n|turn|33\n|\n|t:|1732968748\n|move|p2a: Cresselia|Moonblast|p1a: Wyrdeer\n|-damage|p1a: Wyrdeer|208/321\n|move|p1a: Wyrdeer|Thunder Wave|p2a: Cresselia\n|-status|p2a: Cresselia|par\n|\n|-heal|p1a: Wyrdeer|228/321|[from] item: Leftovers\n|-heal|p2a: Cresselia|275/323 par|[from] item: Leftovers\n|upkeep\n|turn|34\n|\n|t:|1732968752\n|move|p1a: Wyrdeer|Psychic Noise|p2a: Cresselia\n|-resisted|p2a: Cresselia\n|-damage|p2a: Cresselia|257/323 par\n|-start|p2a: Cresselia|move: Heal Block\n|move|p2a: Cresselia|Moonblast|p1a: Wyrdeer\n|-damage|p1a: Wyrdeer|117/321\n|\n|-heal|p1a: Wyrdeer|137/321|[from] item: Leftovers\n|upkeep\n|turn|35\n|\n|t:|1732968757\n|move|p1a: Wyrdeer|Megahorn|p2a: Cresselia|[miss]\n|-miss|p1a: Wyrdeer|p2a: Cresselia\n|move|p2a: Cresselia|Moonblast|p1a: Wyrdeer\n|-damage|p1a: Wyrdeer|23/321\n|\n|-heal|p1a: Wyrdeer|43/321|[from] item: Leftovers\n|-end|p2a: Cresselia|move: Heal Block\n|upkeep\n|turn|36\n|\n|t:|1732968760\n|-terastallize|p2a: Cresselia|Poison\n|move|p1a: Wyrdeer|Megahorn|p2a: Cresselia\n|-resisted|p2a: Cresselia\n|-damage|p2a: Cresselia|213/323 par\n|cant|p2a: Cresselia|par\n|\n|-heal|p1a: Wyrdeer|63/321|[from] item: Leftovers\n|-heal|p2a: Cresselia|233/323 par|[from] item: Leftovers\n|upkeep\n|turn|37\n|\n|t:|1732968765\n|move|p1a: Wyrdeer|Psychic Noise|p2a: Cresselia\n|-supereffective|p2a: Cresselia\n|-damage|p2a: Cresselia|165/323 par\n|-start|p2a: Cresselia|move: Heal Block\n|cant|p2a: Cresselia|par\n|\n|-heal|p1a: Wyrdeer|83/321|[from] item: Leftovers\n|upkeep\n|turn|38\n|\n|t:|1732968770\n|move|p1a: Wyrdeer|Psychic Noise|p2a: Cresselia\n|-supereffective|p2a: Cresselia\n|-damage|p2a: Cresselia|85/323 par\n|move|p2a: Cresselia|Moonblast|p1a: Wyrdeer\n|-damage|p1a: Wyrdeer|0 fnt\n|faint|p1a: Wyrdeer\n|\n|win|gsvw\n|raw|Sceptile360Viewer's rating: 1171 &rarr; <strong>1146</strong><br />(-25 for losing)\n|raw|gsvw's rating: 1168 &rarr; <strong>1193</strong><br />(+25 for winning)\n", "inputlog": ">version b107d77f5c90bd6555267ae244a6264823309ead\n>start {\"formatid\":\"gen9randombattle\",\"seed\":[32749,18752,62031,62617],\"rated\":\"Rated battle\"}\n>player p1 {\"name\":\"Sceptile360Viewer\",\"avatar\":\"265\",\"rating\":1171,\"seed\":[15914,3563,62048,64834]}\n>player p2 {\"name\":\"gsvw\",\"avatar\":\"1\",\"rating\":1168,\"seed\":[23755,65488,54170,9640]}\n>p1 move shadowball\n>p2 move knockoff\n>p1 move shadowball\n>p2 move knockoff\n>p2 switch 4\n>p1 move toxicspikes\n>p2 move psychicnoise\n>p1 switch 6\n>p1 move stickyweb\n>p2 move yawn\n>p1 switch 3\n>p2 move alluringvoice\n>p1 move thunderwave\n>p2 move yawn\n>p1 move roar\n>p2 move thunderwave\n>p1 move roar\n>p2 move psychicnoise\n>chat \u2606Sceptile360Viewer|Why would u twave when u yawned me a turn ago?\n>p1 move playrough\n>p2 switch 6\n>p1 move roar\n>p2 move psychicnoise\n>p1 move earthquake\n>p2 move psychicnoise\n>p1 move earthquake\n>p2 move psychicnoise\n>p1 switch 3\n>p1 move bugbuzz\n>p2 move yawn\n>p2 switch 3\n>p1 move energyball\n>p2 move stoneedge\n>p1 switch 4\n>p1 move dazzlinggleam\n>p2 move stoneedge\n>p1 move dazzlinggleam\n>p2 move stoneedge\n>p1 move dazzlinggleam\n>p2 move avalanche\n>p1 move dazzlinggleam\n>p2 move stoneedge\n>p2 switch 2\n>p1 move protect\n>p2 move icespinner\n>p1 move thunderwave\n>p2 move bravebird\n>p1 switch 2\n>p1 move heavyslam\n>p2 move drillrun\n>p2 switch 5\n>p1 move stealthrock\n>p2 move calmmind\n>p1 move dragontail\n>p2 move moonblast\n>p1 move heavyslam\n>p2 move tidyup\n>p1 move heavyslam\n>p2 move bite\n>p2 switch 6\n>p1 move heavyslam\n>p2 move calmmind\n>p1 move heavyslam\n>p2 move moonlight\n>p1 move heavyslam\n>p2 move moonblast\n>p1 move heavyslam\n>p2 move calmmind\n>p1 move dragontail terastallize\n>p2 move moonlight\n>p1 move heavyslam\n>p2 move moonlight\n>p1 move heavyslam\n>p2 move moonblast\n>p1 switch 5\n>p1 move thunderwave\n>p2 move moonblast\n>p1 move psychicnoise\n>p2 move moonblast\n>p1 move megahorn\n>p2 move moonblast\n>p1 move megahorn\n>p2 move moonblast terastallize\n>p1 move psychicnoise\n>p2 move moonblast\n>p1 move psychicnoise\n>p2 move moonblast", "uploadtime": 1732968772, "views": 1, "formatid": "gen9randombattle", "rating": 1146, "private": 0, "password": null}