{"id": "gen9randombattle-2253994088", "format": "[Gen 9] Random Battle", "players": ["Pneop", "dfghjkloa'"], "log": "|j|\u203dPneop\n|j|\u2606dfghjkloa'\n|t:|1732977202\n|gametype|singles\n|player|p1|Pneop|dawn-gen4pt|1074\n|player|p2|dfghjkloa'|1|1041\n|teamsize|p1|6\n|teamsize|p2|6\n|gen|9\n|tier|[Gen 9] Random Battle\n|rated|\n|rule|Species Clause: Limit one of each Pok\u00e9mon\n|rule|HP Percentage Mod: HP is shown in percentages\n|rule|Sleep Clause Mod: Limit one foe put to sleep\n|rule|Illusion Level Mod: Illusion disguises the Pok\u00e9mon's true level\n|\n|t:|1732977202\n|start\n|switch|p1a: Volcanion|Volcanion, L79|256/256\n|switch|p2a: Rillaboom|Rillaboom, L79, F|288/288\n|-fieldstart|move: Grassy Terrain|[from] ability: Grassy Surge|[of] p2a: Rillaboom\n|turn|1\n|inactive|Battle timer is ON: inactive players will automatically lose when time's up. (requested by dfghjkloa')\n|inactive|Pneop also wants the timer to be on.\n|\n|t:|1732977233\n|move|p2a: Rillaboom|Wood Hammer|p1a: Volcanion\n|-damage|p1a: Volcanion|60/256\n|-damage|p2a: Rillaboom|223/288|[from] Recoil\n|-damage|p2a: Rillaboom|195/288|[from] item: Life Orb\n|move|p1a: Volcanion|Flamethrower|p2a: Rillaboom\n|-supereffective|p2a: Rillaboom\n|-damage|p2a: Rillaboom|0 fnt\n|faint|p2a: Rillaboom\n|\n|-heal|p1a: Volcanion|76/256|[from] Grassy Terrain\n|upkeep\n|\n|t:|1732977241\n|switch|p2a: Sandaconda|Sandaconda, L84, M|258/258\n|turn|2\n|\n|t:|1732977260\n|switch|p1a: Shaymin|Shaymin-Sky, L73|266/266\n|move|p2a: Sandaconda|Scale Shot|p1a: Shaymin\n|-damage|p1a: Shaymin|242/266\n|-damage|p1a: Shaymin|219/266\n|-damage|p1a: Shaymin|194/266\n|-damage|p1a: Shaymin|168/266\n|-damage|p1a: Shaymin|140/266\n|-hitcount|p1a: Shaymin|5\n|-unboost|p2a: Sandaconda|def|1\n|-boost|p2a: Sandaconda|spe|1\n|\n|-heal|p1a: Shaymin|156/266|[from] item: Leftovers\n|upkeep\n|turn|3\n|\n|t:|1732977276\n|move|p2a: Sandaconda|Coil|p2a: Sandaconda\n|-boost|p2a: Sandaconda|atk|1\n|-boost|p2a: Sandaconda|def|1\n|-boost|p2a: Sandaconda|accuracy|1\n|move|p1a: Shaymin|Seed Flare|p2a: Sandaconda\n|-supereffective|p2a: Sandaconda\n|-damage|p2a: Sandaconda|0 fnt\n|faint|p2a: Sandaconda\n|\n|-heal|p1a: Shaymin|172/266|[from] item: Leftovers\n|upkeep\n|\n|t:|1732977283\n|switch|p2a: Forretress|Forretress, L84, M|263/263\n|turn|4\n|inactive|Pneop has 120 seconds left.\n|\n|t:|1732977310\n|move|p1a: Shaymin|Substitute|p1a: Shaymin\n|-start|p1a: Shaymin|Substitute\n|-damage|p1a: Shaymin|106/266\n|move|p2a: Forretress|Toxic Spikes|p1a: Shaymin\n|-sidestart|p1: Pneop|move: Toxic Spikes\n|\n|-heal|p1a: Shaymin|122/266|[from] item: Leftovers\n|upkeep\n|turn|5\n|inactive|Pneop has 120 seconds left.\n|\n|t:|1732977331\n|move|p1a: Shaymin|Leech Seed|p2a: Forretress\n|-start|p2a: Forretress|move: Leech Seed\n|move|p2a: Forretress|Toxic Spikes|p1a: Shaymin\n|-sidestart|p1: Pneop|move: Toxic Spikes\n|\n|-heal|p1a: Shaymin|138/266|[from] item: Leftovers\n|-damage|p2a: Forretress|231/263|[from] Leech Seed|[of] p1a: Shaymin\n|-heal|p1a: Shaymin|170/266|[silent]\n|-fieldend|move: Grassy Terrain\n|upkeep\n|turn|6\n|inactive|Pneop has 120 seconds left.\n|\n|t:|1732977337\n|move|p1a: Shaymin|Seed Flare|p2a: Forretress\n|-resisted|p2a: Forretress\n|-crit|p2a: Forretress\n|-damage|p2a: Forretress|173/263\n|move|p2a: Forretress|Volt Switch|p1a: Shaymin\n|-activate|p1a: Shaymin|move: Substitute|[damage]\n|\n|t:|1732977350\n|switch|p2a: Gothitelle|Gothitelle, L90, F|272/272|[from] Volt Switch\n|\n|-heal|p1a: Shaymin|186/266|[from] item: Leftovers\n|upkeep\n|turn|7\n|inactive|Pneop has 120 seconds left.\n|\n|t:|1732977366\n|move|p1a: Shaymin|Leech Seed|p2a: Gothitelle\n|-start|p2a: Gothitelle|move: Leech Seed\n|move|p2a: Gothitelle|Thunderbolt|p1a: Shaymin\n|-end|p1a: Shaymin|Substitute\n|\n|-heal|p1a: Shaymin|202/266|[from] item: Leftovers\n|-damage|p2a: Gothitelle|238/272|[from] Leech Seed|[of] p1a: Shaymin\n|-heal|p1a: Shaymin|236/266|[silent]\n|upkeep\n|turn|8\n|\n|t:|1732977373\n|move|p1a: Shaymin|Seed Flare|p2a: Gothitelle\n|-damage|p2a: Gothitelle|145/272\n|-unboost|p2a: Gothitelle|spd|2\n|move|p2a: Gothitelle|Thunderbolt|p1a: Shaymin\n|-damage|p1a: Shaymin|137/266\n|\n|-heal|p1a: Shaymin|153/266|[from] item: Leftovers\n|-heal|p2a: Gothitelle|162/272|[from] item: Leftovers\n|-damage|p2a: Gothitelle|128/272|[from] Leech Seed|[of] p1a: Shaymin\n|-heal|p1a: Shaymin|187/266|[silent]\n|upkeep\n|turn|9\n|\n|t:|1732977383\n|move|p1a: Shaymin|Seed Flare|p2a: Gothitelle\n|-damage|p2a: Gothitelle|0 fnt\n|faint|p2a: Gothitelle\n|\n|-heal|p1a: Shaymin|203/266|[from] item: Leftovers\n|upkeep\n|\n|t:|1732977396\n|switch|p2a: Zacian|Zacian, L69|241/241\n|-ability|p2a: Zacian|Intrepid Sword|boost\n|-boost|p2a: Zacian|atk|1\n|turn|10\n|\n|t:|1732977417\n|move|p2a: Zacian|Swords Dance|p2a: Zacian\n|-boost|p2a: Zacian|atk|2\n|move|p1a: Shaymin|Leech Seed|p2a: Zacian\n|-start|p2a: Zacian|move: Leech Seed\n|\n|-heal|p1a: Shaymin|219/266|[from] item: Leftovers\n|-damage|p2a: Zacian|211/241|[from] Leech Seed|[of] p1a: Shaymin\n|-heal|p1a: Shaymin|249/266|[silent]\n|upkeep\n|turn|11\n|\n|t:|1732977426\n|move|p2a: Zacian|Close Combat|p1a: Shaymin\n|-resisted|p1a: Shaymin\n|-damage|p1a: Shaymin|119/266\n|-unboost|p2a: Zacian|def|1\n|-unboost|p2a: Zacian|spd|1\n|-damage|p2a: Zacian|187/241|[from] item: Life Orb\n|move|p1a: Shaymin|Seed Flare|p2a: Zacian\n|-damage|p2a: Zacian|28/241\n|-unboost|p2a: Zacian|spd|2\n|\n|-heal|p1a: Shaymin|135/266|[from] item: Leftovers\n|-damage|p2a: Zacian|0 fnt|[from] Leech Seed|[of] p1a: Shaymin\n|-heal|p1a: Shaymin|163/266|[silent]\n|faint|p2a: Zacian\n|upkeep\n|\n|t:|1732977435\n|switch|p2a: Ursaluna|Ursaluna, L79, M|335/335\n|turn|12\n|\n|t:|1732977441\n|move|p1a: Shaymin|Seed Flare|p2a: Ursaluna\n|-supereffective|p2a: Ursaluna\n|-damage|p2a: Ursaluna|69/335\n|-unboost|p2a: Ursaluna|spd|2\n|move|p2a: Ursaluna|Headlong Rush|p1a: Shaymin\n|-immune|p1a: Shaymin\n|\n|-heal|p1a: Shaymin|179/266|[from] item: Leftovers\n|-status|p2a: Ursaluna|brn|[from] item: Flame Orb\n|upkeep\n|turn|13\n|\n|t:|1732977465\n|move|p1a: Shaymin|Seed Flare|p2a: Ursaluna\n|-supereffective|p2a: Ursaluna\n|-damage|p2a: Ursaluna|0 fnt\n|faint|p2a: Ursaluna\n|\n|-heal|p1a: Shaymin|195/266|[from] item: Leftovers\n|upkeep\n|\n|t:|1732977467\n|switch|p2a: Forretress|Forretress, L84, M|173/263\n|turn|14\n|\n|t:|1732977471\n|move|p1a: Shaymin|Leech Seed|p2a: Forretress\n|-start|p2a: Forretress|move: Leech Seed\n|move|p2a: Forretress|Iron Head|p1a: Shaymin\n|-damage|p1a: Shaymin|84/266\n|\n|-heal|p1a: Shaymin|100/266|[from] item: Leftovers\n|-heal|p2a: Forretress|189/263|[from] item: Leftovers\n|-damage|p2a: Forretress|157/263|[from] Leech Seed|[of] p1a: Shaymin\n|-heal|p1a: Shaymin|132/266|[silent]\n|upkeep\n|turn|15\n|\n|t:|1732977476\n|move|p1a: Shaymin|Seed Flare|p2a: Forretress\n|-resisted|p2a: Forretress\n|-damage|p2a: Forretress|119/263\n|-unboost|p2a: Forretress|spd|2\n|move|p2a: Forretress|Iron Head|p1a: Shaymin\n|-damage|p1a: Shaymin|21/266\n|\n|-heal|p1a: Shaymin|37/266|[from] item: Leftovers\n|-heal|p2a: Forretress|135/263|[from] item: Leftovers\n|-damage|p2a: Forretress|103/263|[from] Leech Seed|[of] p1a: Shaymin\n|-heal|p1a: Shaymin|69/266|[silent]\n|upkeep\n|turn|16\n|\n|t:|1732977495\n|switch|p1a: Urshifu|Urshifu-Rapid-Strike, L75, M|274/274\n|-status|p1a: Urshifu|tox\n|move|p2a: Forretress|Iron Head|p1a: Urshifu\n|-resisted|p1a: Urshifu\n|-damage|p1a: Urshifu|231/274 tox\n|\n|-heal|p2a: Forretress|119/263|[from] item: Leftovers\n|-damage|p2a: Forretress|87/263|[from] Leech Seed|[of] p1a: Urshifu\n|-heal|p1a: Urshifu|263/274 tox|[silent]\n|-damage|p1a: Urshifu|246/274 tox|[from] psn\n|upkeep\n|turn|17\n|\n|t:|1732977523\n|move|p1a: Urshifu|Close Combat|p2a: Forretress\n|-damage|p2a: Forretress|0 fnt\n|-unboost|p1a: Urshifu|def|1\n|-unboost|p1a: Urshifu|spd|1\n|faint|p2a: Forretress\n|\n|win|Pneop\n|raw|Pneop's rating: 1074 &rarr; <strong>1100</strong><br />(+26 for winning)\n|raw|dfghjkloa&apos;'s rating: 1041 &rarr; <strong>1026</strong><br />(-15 for losing)\n|l|\u2606dfghjkloa'\n|player|p2|\n", "inputlog": ">version b107d77f5c90bd6555267ae244a6264823309ead\n>start {\"formatid\":\"gen9randombattle\",\"seed\":[19165,26433,23945,23162],\"rated\":\"Rated battle\"}\n>player p1 {\"name\":\"Pneop\",\"avatar\":\"dawn-gen4pt\",\"rating\":1074,\"seed\":[58869,48811,15544,62059]}\n>player p2 {\"name\":\"dfghjkloa'\",\"avatar\":\"1\",\"rating\":1041,\"seed\":[2340,29506,2003,43244]}\n>p1 move flamethrower\n>p2 move woodhammer\n>p2 switch 2\n>p1 switch 4\n>p2 move scaleshot\n>p1 move seedflare\n>p2 move coil\n>p2 switch 6\n>p1 move substitute\n>p2 move toxicspikes\n>p1 move leechseed\n>p2 move toxicspikes\n>p1 move seedflare\n>p2 move voltswitch\n>p2 switch 5\n>p1 move leechseed\n>p2 move thunderbolt\n>p1 move seedflare\n>p2 move thunderbolt\n>p1 move seedflare\n>p2 move psychicnoise\n>p2 switch 4\n>p1 move leechseed\n>p2 move swordsdance\n>p1 move seedflare\n>p2 move closecombat\n>p2 switch 3\n>p1 move seedflare\n>p2 move headlongrush\n>p1 move seedflare\n>p2 move throatchop\n>p2 switch 5\n>p1 move leechseed\n>p2 move ironhead\n>p1 move seedflare\n>p2 move ironhead\n>p1 switch 2\n>p2 move ironhead\n>p1 move closecombat\n>p2 move ironhead", "uploadtime": 1732977526, "views": 1, "formatid": "gen9randombattle", "rating": 1026, "private": 0, "password": null}