{"id": "gen9randombattle-2254086944", "format": "[Gen 9] Random Battle", "players": ["RoyalSketchbook", "Mit1914"], "log": "|j|\u2606RoyalSketchbook\n|j|\u2606Mit1914\n|t:|1732989641\n|gametype|singles\n|player|p1|RoyalSketchbook|burgh|1468\n|player|p2|Mit1914|hugh|1480\n|teamsize|p1|6\n|teamsize|p2|6\n|gen|9\n|tier|[Gen 9] Random Battle\n|rated|\n|rule|Species Clause: Limit one of each Pok\u00e9mon\n|rule|HP Percentage Mod: HP is shown in percentages\n|rule|Sleep Clause Mod: Limit one foe put to sleep\n|rule|Illusion Level Mod: Illusion disguises the Pok\u00e9mon's true level\n|\n|t:|1732989641\n|start\n|switch|p1a: Flutter Mane|Flutter Mane, L74|203/203\n|switch|p2a: Jumpluff|Jumpluff, L87, M|271/271\n|turn|1\n|inactive|Battle timer is ON: inactive players will automatically lose when time's up. (requested by Mit1914)\n|inactive|Mit1914 has 120 seconds left.\n|\n|t:|1732989680\n|move|p1a: Flutter Mane|Thunderbolt|p2a: Jumpluff\n|-damage|p2a: Jumpluff|194/271\n|-damage|p1a: Flutter Mane|183/203|[from] item: Life Orb\n|move|p2a: Jumpluff|Substitute|p2a: Jumpluff\n|-start|p2a: Jumpluff|Substitute\n|-damage|p2a: Jumpluff|127/271\n|\n|upkeep\n|turn|2\n|\n|t:|1732989692\n|move|p1a: Flutter Mane|Moonblast|p2a: Jumpluff\n|-end|p2a: Jumpluff|Substitute\n|-damage|p1a: Flutter Mane|163/203|[from] item: Life Orb\n|move|p2a: Jumpluff|Leech Seed|p1a: Flutter Mane\n|-start|p1a: Flutter Mane|move: Leech Seed\n|\n|-damage|p1a: Flutter Mane|138/203|[from] Leech Seed|[of] p2a: Jumpluff\n|-heal|p2a: Jumpluff|152/271|[silent]\n|upkeep\n|turn|3\n|\n|t:|1732989703\n|move|p1a: Flutter Mane|Moonblast|p2a: Jumpluff\n|-damage|p2a: Jumpluff|30/271\n|-damage|p1a: Flutter Mane|118/203|[from] item: Life Orb\n|move|p2a: Jumpluff|Acrobatics|p1a: Flutter Mane\n|-damage|p1a: Flutter Mane|0 fnt\n|faint|p1a: Flutter Mane\n|-end|p1a: Flutter Mane|Protosynthesis|[silent]\n|\n|upkeep\n|\n|t:|1732989715\n|switch|p1a: Medicham|Medicham, L86, M|243/243\n|turn|4\n|\n|t:|1732989725\n|move|p1a: Medicham|Bullet Punch|p2a: Jumpluff\n|-damage|p2a: Jumpluff|0 fnt\n|faint|p2a: Jumpluff\n|\n|upkeep\n|\n|t:|1732989739\n|switch|p2a: Luxray|Luxray, L88, M|284/284\n|-ability|p2a: Luxray|Intimidate|boost\n|-unboost|p1a: Medicham|atk|1\n|turn|5\n|\n|t:|1732989765\n|switch|p1a: Hariyama|Hariyama, L87, M|392/392\n|move|p2a: Luxray|Play Rough|p1a: Hariyama\n|-supereffective|p1a: Hariyama\n|-damage|p1a: Hariyama|170/392\n|-unboost|p1a: Hariyama|atk|1\n|\n|upkeep\n|turn|6\n|inactive|Mit1914 has 120 seconds left.\n|\n|t:|1732989809\n|move|p1a: Hariyama|Bullet Punch|p2a: Luxray\n|-resisted|p2a: Luxray\n|-damage|p2a: Luxray|271/284\n|move|p2a: Luxray|Play Rough|p1a: Hariyama\n|-supereffective|p1a: Hariyama\n|-damage|p1a: Hariyama|0 fnt\n|faint|p1a: Hariyama\n|\n|upkeep\n|inactive|RoyalSketchbook has 120 seconds left.\n|\n|t:|1732989828\n|switch|p1a: Bellossom|Bellossom, L84, F|263/263\n|turn|7\n|inactive|Mit1914 has 120 seconds left.\n|\n|t:|1732989858\n|move|p2a: Luxray|Ice Fang|p1a: Bellossom\n|-supereffective|p1a: Bellossom\n|-damage|p1a: Bellossom|159/263\n|cant|p1a: Bellossom|flinch\n|\n|-heal|p1a: Bellossom|175/263|[from] item: Leftovers\n|upkeep\n|turn|8\n|inactive|RoyalSketchbook has 120 seconds left.\n|\n|t:|1732989875\n|move|p2a: Luxray|Ice Fang|p1a: Bellossom\n|-supereffective|p1a: Bellossom\n|-damage|p1a: Bellossom|69/263\n|move|p1a: Bellossom|Strength Sap|p2a: Luxray\n|-unboost|p2a: Luxray|atk|1\n|-heal|p1a: Bellossom|263/263\n|\n|upkeep\n|turn|9\n|\n|t:|1732989884\n|switch|p2a: Victreebel|Victreebel, L90, F|290/290\n|move|p1a: Bellossom|Quiver Dance|p1a: Bellossom\n|-boost|p1a: Bellossom|spa|1\n|-boost|p1a: Bellossom|spd|1\n|-boost|p1a: Bellossom|spe|1\n|\n|upkeep\n|turn|10\n|\n|t:|1732989899\n|switch|p1a: Medicham|Medicham, L86, M|243/243\n|move|p2a: Victreebel|Sludge Wave|p1a: Medicham\n|-damage|p1a: Medicham|79/243\n|-damage|p2a: Victreebel|261/290|[from] item: Life Orb\n|\n|upkeep\n|turn|11\n|inactive|Mit1914 has 120 seconds left.\n|\n|t:|1732989929\n|move|p2a: Victreebel|Sucker Punch|p1a: Medicham\n|-damage|p1a: Medicham|0 fnt\n|faint|p1a: Medicham\n|-damage|p2a: Victreebel|232/290|[from] item: Life Orb\n|\n|upkeep\n|\n|t:|1732989941\n|switch|p1a: Dewgong|Dewgong, L94, F|322/322\n|turn|12\n|\n|t:|1732989946\n|move|p1a: Dewgong|Triple Axel|p2a: Victreebel\n|-supereffective|p2a: Victreebel\n|-damage|p2a: Victreebel|178/290\n|-hitcount|p2a: Victreebel|1\n|move|p2a: Victreebel|Power Whip|p1a: Dewgong\n|-supereffective|p1a: Dewgong\n|-damage|p1a: Dewgong|0 fnt\n|faint|p1a: Dewgong\n|-damage|p2a: Victreebel|149/290|[from] item: Life Orb\n|\n|upkeep\n|c|\u2606Mit1914|damn\n|\n|t:|1732989962\n|switch|p1a: Basculin|Basculin, L86, M|261/261\n|turn|13\n|inactive|Mit1914 has 120 seconds left.\n|\n|t:|1732989981\n|move|p1a: Basculin|Double-Edge|p2a: Victreebel\n|-damage|p2a: Victreebel|8/290\n|-damage|p1a: Basculin|214/261|[from] Recoil\n|move|p2a: Victreebel|Power Whip|p1a: Basculin\n|-supereffective|p1a: Basculin\n|-crit|p1a: Basculin\n|-damage|p1a: Basculin|0 fnt\n|faint|p1a: Basculin\n|-damage|p2a: Victreebel|0 fnt|[from] item: Life Orb\n|faint|p2a: Victreebel\n|\n|upkeep\n|c|\u2606Mit1914|crazy\n|\n|t:|1732989994\n|switch|p1a: Bellossom|Bellossom, L84, F|263/263\n|switch|p2a: Luxray|Luxray, L88, M|271/284\n|-ability|p2a: Luxray|Intimidate|boost\n|-unboost|p1a: Bellossom|atk|1\n|turn|14\n|\n|t:|1732990001\n|move|p2a: Luxray|Ice Fang|p1a: Bellossom\n|-supereffective|p1a: Bellossom\n|-damage|p1a: Bellossom|159/263\n|move|p1a: Bellossom|Sleep Powder|p2a: Luxray\n|-status|p2a: Luxray|slp|[from] move: Sleep Powder\n|\n|-heal|p1a: Bellossom|175/263|[from] item: Leftovers\n|upkeep\n|turn|15\n|inactive|Mit1914 has 120 seconds left.\n|\n|t:|1732990009\n|switch|p2a: Pyroar|Pyroar, L88, F|295/295\n|-ability|p2a: Pyroar|Unnerve\n|move|p1a: Bellossom|Quiver Dance|p1a: Bellossom\n|-boost|p1a: Bellossom|spa|1\n|-boost|p1a: Bellossom|spd|1\n|-boost|p1a: Bellossom|spe|1\n|\n|-heal|p1a: Bellossom|191/263|[from] item: Leftovers\n|upkeep\n|turn|16\n|\n|t:|1732990025\n|-terastallize|p1a: Bellossom|Water\n|move|p2a: Pyroar|Fire Blast|p1a: Bellossom\n|-resisted|p1a: Bellossom\n|-damage|p1a: Bellossom|150/263\n|move|p1a: Bellossom|Quiver Dance|p1a: Bellossom\n|-boost|p1a: Bellossom|spa|1\n|-boost|p1a: Bellossom|spd|1\n|-boost|p1a: Bellossom|spe|1\n|\n|-heal|p1a: Bellossom|166/263|[from] item: Leftovers\n|upkeep\n|turn|17\n|\n|t:|1732990040\n|switch|p2a: Luxray|Luxray, L88, M|271/284 slp\n|-ability|p2a: Luxray|Intimidate|boost\n|-unboost|p1a: Bellossom|atk|1\n|move|p1a: Bellossom|Quiver Dance|p1a: Bellossom\n|-boost|p1a: Bellossom|spa|1\n|-boost|p1a: Bellossom|spd|1\n|-boost|p1a: Bellossom|spe|1\n|\n|-heal|p1a: Bellossom|182/263|[from] item: Leftovers\n|upkeep\n|turn|18\n|\n|t:|1732990049\n|move|p1a: Bellossom|Giga Drain|p2a: Luxray\n|-damage|p2a: Luxray|147/284 slp\n|-heal|p1a: Bellossom|244/263|[from] drain|[of] p2a: Luxray\n|cant|p2a: Luxray|slp\n|\n|-heal|p1a: Bellossom|260/263|[from] item: Leftovers\n|upkeep\n|turn|19\n|\n|t:|1732990056\n|move|p1a: Bellossom|Giga Drain|p2a: Luxray\n|-damage|p2a: Luxray|14/284 slp\n|-heal|p1a: Bellossom|263/263|[from] drain|[of] p2a: Luxray\n|-curestatus|p2a: Luxray|slp|[msg]\n|move|p2a: Luxray|Wild Charge|p1a: Bellossom\n|-supereffective|p1a: Bellossom\n|-damage|p1a: Bellossom|35/263\n|-damage|p2a: Luxray|0 fnt|[from] Recoil\n|faint|p2a: Luxray\n|\n|-heal|p1a: Bellossom|51/263|[from] item: Leftovers\n|upkeep\n|inactive|Mit1914 has 120 seconds left.\n|\n|t:|1732990114\n|switch|p2a: Wyrdeer|Wyrdeer, L87, F|321/321\n|-ability|p2a: Wyrdeer|Intimidate|boost\n|-unboost|p1a: Bellossom|atk|1\n|turn|20\n|\n|t:|1732990130\n|move|p1a: Bellossom|Strength Sap|p2a: Wyrdeer\n|-unboost|p2a: Wyrdeer|atk|1\n|-heal|p1a: Bellossom|263/263\n|move|p2a: Wyrdeer|Body Slam|p1a: Bellossom\n|-damage|p1a: Bellossom|199/263\n|\n|-heal|p1a: Bellossom|215/263|[from] item: Leftovers\n|upkeep\n|turn|21\n|c|\u2606Mit1914|if I lose to bellossom I swear lmao\n|\n|t:|1732990143\n|move|p1a: Bellossom|Giga Drain|p2a: Wyrdeer\n|-crit|p2a: Wyrdeer\n|-damage|p2a: Wyrdeer|119/321\n|-heal|p1a: Bellossom|263/263|[from] drain|[of] p2a: Wyrdeer\n|move|p2a: Wyrdeer|Body Slam|p1a: Bellossom\n|-damage|p1a: Bellossom|193/263\n|-status|p1a: Bellossom|par\n|\n|-heal|p1a: Bellossom|209/263 par|[from] item: Leftovers\n|upkeep\n|turn|22\n|\n|t:|1732990161\n|move|p1a: Bellossom|Quiver Dance|p1a: Bellossom\n|-boost|p1a: Bellossom|spa|1\n|-boost|p1a: Bellossom|spd|1\n|-boost|p1a: Bellossom|spe|1\n|move|p2a: Wyrdeer|Psychic Noise|p1a: Bellossom\n|-damage|p1a: Bellossom|181/263 par\n|-start|p1a: Bellossom|move: Heal Block\n|\n|upkeep\n|turn|23\n|inactive|RoyalSketchbook has 120 seconds left.\n|\n|t:|1732990197\n|move|p1a: Bellossom|Sleep Powder|p2a: Wyrdeer|[miss]\n|-miss|p1a: Bellossom|p2a: Wyrdeer\n|move|p2a: Wyrdeer|Body Slam|p1a: Bellossom\n|-damage|p1a: Bellossom|112/263 par\n|\n|-end|p1a: Bellossom|move: Heal Block\n|upkeep\n|turn|24\n|inactive|Mit1914 has 90 seconds left.\n|inactive|Mit1914 has 60 seconds left.\n|\n|t:|1732990266\n|move|p1a: Bellossom|Giga Drain|p2a: Wyrdeer\n|-damage|p2a: Wyrdeer|0 fnt\n|-heal|p1a: Bellossom|172/263 par|[from] drain|[of] p2a: Wyrdeer\n|faint|p2a: Wyrdeer\n|\n|-heal|p1a: Bellossom|188/263 par|[from] item: Leftovers\n|upkeep\n|\n|t:|1732990271\n|switch|p2a: Pyroar|Pyroar, L88, F|295/295\n|-ability|p2a: Pyroar|Unnerve\n|turn|25\n|\n|t:|1732990276\n|move|p2a: Pyroar|Work Up|p2a: Pyroar\n|-boost|p2a: Pyroar|atk|1\n|-boost|p2a: Pyroar|spa|1\n|move|p1a: Bellossom|Giga Drain|p2a: Pyroar\n|-resisted|p2a: Pyroar\n|-damage|p2a: Pyroar|153/295\n|-heal|p1a: Bellossom|259/263 par|[from] drain|[of] p2a: Pyroar\n|\n|-heal|p1a: Bellossom|263/263 par|[from] item: Leftovers\n|upkeep\n|turn|26\n|\n|t:|1732990288\n|move|p2a: Pyroar|Work Up|p2a: Pyroar\n|-boost|p2a: Pyroar|atk|1\n|-boost|p2a: Pyroar|spa|1\n|move|p1a: Bellossom|Sleep Powder|p2a: Pyroar\n|-status|p2a: Pyroar|slp|[from] move: Sleep Powder\n|\n|upkeep\n|turn|27\n|\n|t:|1732990299\n|cant|p2a: Pyroar|slp\n|move|p1a: Bellossom|Giga Drain|p2a: Pyroar\n|-resisted|p2a: Pyroar\n|-damage|p2a: Pyroar|24/295 slp\n|\n|upkeep\n|turn|28\n|\n|t:|1732990306\n|cant|p2a: Pyroar|slp\n|move|p1a: Bellossom|Giga Drain|p2a: Pyroar\n|-resisted|p2a: Pyroar\n|-damage|p2a: Pyroar|0 fnt\n|faint|p2a: Pyroar\n|\n|upkeep\n|\n|t:|1732990311\n|switch|p2a: Tornadus|Tornadus-Therian, L79, M|254/254\n|turn|29\n|\n|t:|1732990319\n|move|p2a: Tornadus|Nasty Plot|p2a: Tornadus\n|-boost|p2a: Tornadus|spa|2\n|move|p1a: Bellossom|Giga Drain|p2a: Tornadus\n|-resisted|p2a: Tornadus\n|-damage|p2a: Tornadus|128/254\n|\n|upkeep\n|turn|30\n|c|\u2606Mit1914|ggs bro\n|\n|t:|1732990325\n|move|p2a: Tornadus|Nasty Plot|p2a: Tornadus\n|-boost|p2a: Tornadus|spa|2\n|move|p1a: Bellossom|Sleep Powder|p2a: Tornadus\n|-status|p2a: Tornadus|slp|[from] move: Sleep Powder\n|\n|upkeep\n|turn|31\n|c|\u2606Mit1914|bowing down to the plant\n|c|\u2606RoyalSketchbook|this is diabolical gg\n|\n|t:|1732990337\n|cant|p2a: Tornadus|slp\n|cant|p1a: Bellossom|par\n|\n|upkeep\n|turn|32\n|\n|t:|1732990347\n|-curestatus|p2a: Tornadus|slp|[msg]\n|move|p2a: Tornadus|Focus Blast|p1a: Bellossom\n|-damage|p1a: Bellossom|183/263 par\n|move|p1a: Bellossom|Giga Drain|p2a: Tornadus\n|-resisted|p2a: Tornadus\n|-damage|p2a: Tornadus|5/254\n|-heal|p1a: Bellossom|245/263 par|[from] drain|[of] p2a: Tornadus\n|\n|-heal|p1a: Bellossom|261/263 par|[from] item: Leftovers\n|upkeep\n|turn|33\n|\n|t:|1732990357\n|move|p2a: Tornadus|Bleakwind Storm|p1a: Bellossom\n|-damage|p1a: Bellossom|173/263 par\n|-unboost|p1a: Bellossom|spe|1\n|move|p1a: Bellossom|Giga Drain|p2a: Tornadus\n|-resisted|p2a: Tornadus\n|-damage|p2a: Tornadus|0 fnt\n|-heal|p1a: Bellossom|176/263 par|[from] drain|[of] p2a: Tornadus\n|faint|p2a: Tornadus\n|\n|win|RoyalSketchbook\n|raw|RoyalSketchbook's rating: 1468 &rarr; <strong>1489</strong><br />(+21 for winning)\n|raw|Mit1914's rating: 1480 &rarr; <strong>1459</strong><br />(-21 for losing)\n|l|\u2606Mit1914\n|player|p2|\n", "inputlog": ">version b107d77f5c90bd6555267ae244a6264823309ead\n>start {\"formatid\":\"gen9randombattle\",\"seed\":[8679,15948,3776,22893],\"rated\":\"Rated battle\"}\n>player p1 {\"name\":\"RoyalSketchbook\",\"avatar\":\"burgh\",\"rating\":1468,\"seed\":[32453,15518,60659,63371]}\n>player p2 {\"name\":\"Mit1914\",\"avatar\":\"hugh\",\"rating\":1480,\"seed\":[41167,1133,31263,63599]}\n>p1 move thunderbolt\n>p2 move substitute\n>p1 move moonblast\n>p2 move leechseed\n>p1 move moonblast\n>p2 move acrobatics\n>p1 switch 4\n>p1 move bulletpunch\n>p2 move acrobatics\n>p2 switch 3\n>p1 switch 3\n>p2 move playrough\n>p1 move bulletpunch\n>p2 move playrough\n>p1 switch 2\n>p1 move quiverdance\n>p2 move icefang\n>p1 move strengthsap\n>p2 move icefang\n>p1 move quiverdance\n>p2 switch 4\n>p1 switch 3\n>p2 move sludgewave\n>p1 move zenheadbutt\n>p2 move suckerpunch\n>p1 switch 5\n>p1 move tripleaxel\n>p2 move powerwhip\n>chat \u2606Mit1914|damn\n>p1 switch 6\n>p1 move doubleedge\n>p2 move powerwhip\n>chat \u2606Mit1914|crazy\n>p1 switch 3\n>p2 switch 4\n>p1 move sleeppowder\n>p2 move icefang\n>p1 move quiverdance\n>p2 switch 2\n>p1 move quiverdance terastallize\n>p2 move fireblast\n>p1 move quiverdance\n>p2 switch 2\n>p1 move gigadrain\n>p2 move wildcharge\n>p1 move gigadrain\n>p2 move wildcharge\n>p2 switch 6\n>p1 move strengthsap\n>p2 move bodyslam\n>chat \u2606Mit1914|if I lose to bellossom I swear lmao\n>p1 move gigadrain\n>p2 move bodyslam\n>p1 move quiverdance\n>p2 move psychicnoise\n>p1 move sleeppowder\n>p2 move bodyslam\n>p1 move gigadrain\n>p2 move bodyslam\n>p2 switch 2\n>p1 move gigadrain\n>p2 move workup\n>p1 move sleeppowder\n>p2 move workup\n>p1 move gigadrain\n>p2 move hypervoice\n>p1 move gigadrain\n>p2 move darkpulse\n>p2 switch 5\n>p1 move gigadrain\n>p2 move nastyplot\n>chat \u2606Mit1914|ggs bro\n>p1 move sleeppowder\n>p2 move nastyplot\n>chat \u2606Mit1914|bowing down to the plant\n>chat \u2606RoyalSketchbook|this is diabolical gg\n>p1 move gigadrain\n>p2 move bleakwindstorm\n>p1 move gigadrain\n>p2 move focusblast\n>p1 move gigadrain\n>p2 move bleakwindstorm", "uploadtime": 1732990370, "views": 17, "formatid": "gen9randombattle", "rating": 1459, "private": 0, "password": null}