{"id": "gen9randombattle-2253952937", "format": "[Gen 9] Random Battle", "players": ["ANUbis4898", "EL NEGRO 0SCUR0"], "log": "|j|\u2606ANUbis4898\n|j|\u2606EL NEGRO 0SCUR0\n|t:|1732970435\n|gametype|singles\n|player|p1|ANUbis4898|266|1736\n|player|p2|EL NEGRO 0SCUR0|hoopster|1725\n|teamsize|p1|6\n|teamsize|p2|6\n|gen|9\n|tier|[Gen 9] Random Battle\n|rated|\n|rule|Species Clause: Limit one of each Pok\u00e9mon\n|rule|HP Percentage Mod: HP is shown in percentages\n|rule|Sleep Clause Mod: Limit one foe put to sleep\n|rule|Illusion Level Mod: Illusion disguises the Pok\u00e9mon's true level\n|\n|t:|1732970435\n|start\n|switch|p1a: Masquerain|Masquerain, L87, M|264/264\n|switch|p2a: Enamorus|Enamorus, L79, F|247/247\n|-ability|p1a: Masquerain|Intimidate|boost\n|-unboost|p2a: Enamorus|atk|1\n|turn|1\n|\n|t:|1732970444\n|move|p2a: Enamorus|Substitute|p2a: Enamorus\n|-start|p2a: Enamorus|Substitute\n|-damage|p2a: Enamorus|186/247\n|move|p1a: Masquerain|Sticky Web|p2a: Enamorus\n|-sidestart|p2: EL NEGRO 0SCUR0|move: Sticky Web\n|\n|-heal|p2a: Enamorus|201/247|[from] item: Leftovers\n|upkeep\n|turn|2\n|inactive|Battle timer is ON: inactive players will automatically lose when time's up. (requested by EL NEGRO 0SCUR0)\n|inactive|ANUbis4898 has 120 seconds left.\n|\n|t:|1732970475\n|move|p2a: Enamorus|Calm Mind|p2a: Enamorus\n|-boost|p2a: Enamorus|spa|1\n|-boost|p2a: Enamorus|spd|1\n|move|p1a: Masquerain|Hydro Pump|p2a: Enamorus|[miss]\n|-miss|p1a: Masquerain|p2a: Enamorus\n|\n|-heal|p2a: Enamorus|216/247|[from] item: Leftovers\n|upkeep\n|turn|3\n|\n|t:|1732970483\n|move|p2a: Enamorus|Calm Mind|p2a: Enamorus\n|-boost|p2a: Enamorus|spa|1\n|-boost|p2a: Enamorus|spd|1\n|move|p1a: Masquerain|Hydro Pump|p2a: Enamorus\n|-activate|p2a: Enamorus|move: Substitute|[damage]\n|\n|-heal|p2a: Enamorus|231/247|[from] item: Leftovers\n|upkeep\n|turn|4\n|\n|t:|1732970493\n|move|p2a: Enamorus|Calm Mind|p2a: Enamorus\n|-boost|p2a: Enamorus|spa|1\n|-boost|p2a: Enamorus|spd|1\n|move|p1a: Masquerain|Hydro Pump|p2a: Enamorus\n|-end|p2a: Enamorus|Substitute\n|\n|-heal|p2a: Enamorus|246/247|[from] item: Leftovers\n|upkeep\n|turn|5\n|\n|t:|1732970503\n|switch|p1a: Arbok|Arbok, L87, F|246/246\n|-ability|p1a: Arbok|Intimidate|boost\n|-unboost|p2a: Enamorus|atk|1\n|move|p2a: Enamorus|Substitute|p2a: Enamorus\n|-start|p2a: Enamorus|Substitute\n|-damage|p2a: Enamorus|185/247\n|\n|-heal|p2a: Enamorus|200/247|[from] item: Leftovers\n|upkeep\n|turn|6\n|\n|t:|1732970516\n|switch|p1a: Masquerain|Masquerain, L87, M|264/264\n|-ability|p1a: Masquerain|Intimidate|boost\n|-immune|p2a: Enamorus\n|move|p2a: Enamorus|Earth Power|p1a: Masquerain\n|-immune|p1a: Masquerain\n|\n|-heal|p2a: Enamorus|215/247|[from] item: Leftovers\n|upkeep\n|turn|7\n|\n|t:|1732970520\n|move|p2a: Enamorus|Calm Mind|p2a: Enamorus\n|-boost|p2a: Enamorus|spa|1\n|-boost|p2a: Enamorus|spd|1\n|move|p1a: Masquerain|Bug Buzz|p2a: Enamorus\n|-resisted|p2a: Enamorus\n|-damage|p2a: Enamorus|205/247\n|-unboost|p2a: Enamorus|spd|1\n|\n|-heal|p2a: Enamorus|220/247|[from] item: Leftovers\n|upkeep\n|turn|8\n|\n|t:|1732970525\n|move|p2a: Enamorus|Calm Mind|p2a: Enamorus\n|-boost|p2a: Enamorus|spa|1\n|-boost|p2a: Enamorus|spd|1\n|move|p1a: Masquerain|Bug Buzz|p2a: Enamorus\n|-resisted|p2a: Enamorus\n|-damage|p2a: Enamorus|210/247\n|\n|-heal|p2a: Enamorus|225/247|[from] item: Leftovers\n|upkeep\n|turn|9\n|\n|t:|1732970528\n|move|p2a: Enamorus|Calm Mind|p2a: Enamorus\n|-boost|p2a: Enamorus|spa|1\n|-boost|p2a: Enamorus|spd|1\n|move|p1a: Masquerain|Bug Buzz|p2a: Enamorus\n|-resisted|p2a: Enamorus\n|-crit|p2a: Enamorus\n|-damage|p2a: Enamorus|182/247\n|\n|-heal|p2a: Enamorus|197/247|[from] item: Leftovers\n|upkeep\n|turn|10\n|\n|t:|1732970531\n|move|p2a: Enamorus|Calm Mind|p2a: Enamorus\n|-boost|p2a: Enamorus|spa|0\n|-boost|p2a: Enamorus|spd|1\n|move|p1a: Masquerain|Bug Buzz|p2a: Enamorus\n|-resisted|p2a: Enamorus\n|-damage|p2a: Enamorus|190/247\n|\n|-heal|p2a: Enamorus|205/247|[from] item: Leftovers\n|upkeep\n|turn|11\n|\n|t:|1732970558\n|move|p2a: Enamorus|Moonblast|p1a: Masquerain\n|-damage|p1a: Masquerain|0 fnt\n|faint|p1a: Masquerain\n|\n|-heal|p2a: Enamorus|220/247|[from] item: Leftovers\n|upkeep\n|inactive|ANUbis4898 has 120 seconds left.\n|\n|t:|1732970577\n|switch|p1a: Galvantula|Galvantula, L82, M|249/249\n|turn|12\n|\n|t:|1732970580\n|move|p1a: Galvantula|Thunder|p2a: Enamorus\n|-supereffective|p2a: Enamorus\n|-end|p2a: Enamorus|Substitute\n|move|p2a: Enamorus|Moonblast|p1a: Galvantula\n|-damage|p1a: Galvantula|0 fnt\n|faint|p1a: Galvantula\n|\n|-heal|p2a: Enamorus|235/247|[from] item: Leftovers\n|upkeep\n|inactive|ANUbis4898 has 120 seconds left.\n|\n|t:|1732970594\n|switch|p1a: Flygon|Flygon, L82, F|265/265\n|turn|13\n|\n|t:|1732970596\n|move|p1a: Flygon|Stone Edge|p2a: Enamorus\n|-supereffective|p2a: Enamorus\n|-damage|p2a: Enamorus|77/247\n|move|p2a: Enamorus|Moonblast|p1a: Flygon\n|-supereffective|p1a: Flygon\n|-damage|p1a: Flygon|0 fnt\n|faint|p1a: Flygon\n|\n|-heal|p2a: Enamorus|92/247|[from] item: Leftovers\n|upkeep\n|inactive|ANUbis4898 has 120 seconds left.\n|\n|t:|1732970613\n|switch|p1a: Arbok|Arbok, L87, F|246/246\n|-ability|p1a: Arbok|Intimidate|boost\n|-unboost|p2a: Enamorus|atk|1\n|turn|14\n|\n|t:|1732970618\n|-terastallize|p1a: Arbok|Grass\n|move|p2a: Enamorus|Earth Power|p1a: Arbok\n|-resisted|p1a: Arbok\n|-damage|p1a: Arbok|84/246\n|move|p1a: Arbok|Trailblaze|p2a: Enamorus\n|-resisted|p2a: Enamorus\n|-damage|p2a: Enamorus|50/247\n|-boost|p1a: Arbok|spe|1\n|\n|-heal|p1a: Arbok|99/246|[from] item: Leftovers\n|-heal|p2a: Enamorus|65/247|[from] item: Leftovers\n|upkeep\n|turn|15\n|\n|t:|1732970628\n|move|p1a: Arbok|Gunk Shot|p2a: Enamorus\n|-supereffective|p2a: Enamorus\n|-damage|p2a: Enamorus|0 fnt\n|faint|p2a: Enamorus\n|\n|-heal|p1a: Arbok|114/246|[from] item: Leftovers\n|upkeep\n|\n|t:|1732970634\n|switch|p2a: Infernape|Infernape, L82, F|259/259\n|-activate|p2a: Infernape|move: Sticky Web\n|-unboost|p2a: Infernape|spe|1\n|turn|16\n|inactive|ANUbis4898 has 120 seconds left.\n|\n|t:|1732970667\n|move|p1a: Arbok|Earthquake|p2a: Infernape\n|-supereffective|p2a: Infernape\n|-crit|p2a: Infernape\n|-damage|p2a: Infernape|0 fnt\n|faint|p2a: Infernape\n|\n|-heal|p1a: Arbok|129/246|[from] item: Leftovers\n|upkeep\n|\n|t:|1732970677\n|switch|p2a: Clefable|Clefable, L83, F|293/293\n|-activate|p2a: Clefable|move: Sticky Web\n|-unboost|p2a: Clefable|spe|1\n|turn|17\n|inactive|ANUbis4898 has 120 seconds left.\n|\n|t:|1732970696\n|-terastallize|p2a: Clefable|Fire\n|move|p1a: Arbok|Gunk Shot|p2a: Clefable|[miss]\n|-miss|p1a: Arbok|p2a: Clefable\n|move|p2a: Clefable|Fire Blast|p1a: Arbok\n|-supereffective|p1a: Arbok\n|-damage|p1a: Arbok|0 fnt\n|faint|p1a: Arbok\n|\n|upkeep\n|inactive|ANUbis4898 has 120 seconds left.\n|\n|t:|1732970707\n|switch|p1a: Lanturn|Lanturn, L89, F|367/367\n|turn|18\n|\n|t:|1732970712\n|switch|p2a: Bellibolt|Bellibolt, L84, F|320/320\n|-activate|p2a: Bellibolt|move: Sticky Web\n|-unboost|p2a: Bellibolt|spe|1\n|move|p1a: Lanturn|Thunder Wave|p2a: Bellibolt\n|-immune|p2a: Bellibolt\n|\n|upkeep\n|turn|19\n|\n|t:|1732970718\n|move|p1a: Lanturn|Ice Beam|p2a: Bellibolt\n|-damage|p2a: Bellibolt|258/320\n|-start|p2a: Bellibolt|Charge|Ice Beam|[from] ability: Electromorphosis\n|move|p2a: Bellibolt|Toxic|p1a: Lanturn\n|-status|p1a: Lanturn|tox\n|\n|-heal|p2a: Bellibolt|278/320|[from] item: Leftovers\n|-damage|p1a: Lanturn|345/367 tox|[from] psn\n|upkeep\n|turn|20\n|\n|t:|1732970726\n|move|p1a: Lanturn|Scald|p2a: Bellibolt\n|-damage|p2a: Bellibolt|197/320\n|-start|p2a: Bellibolt|Charge|Scald|[from] ability: Electromorphosis\n|move|p2a: Bellibolt|Muddy Water|p1a: Lanturn\n|-resisted|p1a: Lanturn\n|-damage|p1a: Lanturn|313/367 tox\n|-unboost|p1a: Lanturn|accuracy|1\n|\n|-heal|p1a: Lanturn|335/367 tox|[from] item: Leftovers\n|-heal|p2a: Bellibolt|217/320|[from] item: Leftovers\n|-damage|p1a: Lanturn|291/367 tox|[from] psn\n|upkeep\n|turn|21\n|\n|t:|1732970729\n|move|p1a: Lanturn|Scald|p2a: Bellibolt\n|-damage|p2a: Bellibolt|129/320\n|-start|p2a: Bellibolt|Charge|Scald|[from] ability: Electromorphosis\n|move|p2a: Bellibolt|Slack Off|p2a: Bellibolt\n|-heal|p2a: Bellibolt|289/320\n|\n|-heal|p1a: Lanturn|313/367 tox|[from] item: Leftovers\n|-heal|p2a: Bellibolt|309/320|[from] item: Leftovers\n|-damage|p1a: Lanturn|247/367 tox|[from] psn\n|upkeep\n|turn|22\n|\n|t:|1732970732\n|move|p1a: Lanturn|Ice Beam|p2a: Bellibolt|[miss]\n|-miss|p1a: Lanturn|p2a: Bellibolt\n|move|p2a: Bellibolt|Muddy Water|p1a: Lanturn\n|-resisted|p1a: Lanturn\n|-damage|p1a: Lanturn|213/367 tox\n|-unboost|p1a: Lanturn|accuracy|1\n|\n|-heal|p1a: Lanturn|235/367 tox|[from] item: Leftovers\n|-heal|p2a: Bellibolt|320/320|[from] item: Leftovers\n|-damage|p1a: Lanturn|147/367 tox|[from] psn\n|upkeep\n|turn|23\n|\n|t:|1732970735\n|move|p1a: Lanturn|Ice Beam|p2a: Bellibolt\n|-damage|p2a: Bellibolt|260/320\n|-start|p2a: Bellibolt|Charge|Ice Beam|[from] ability: Electromorphosis\n|move|p2a: Bellibolt|Muddy Water|p1a: Lanturn\n|-resisted|p1a: Lanturn\n|-damage|p1a: Lanturn|114/367 tox\n|-unboost|p1a: Lanturn|accuracy|1\n|\n|-heal|p1a: Lanturn|136/367 tox|[from] item: Leftovers\n|-heal|p2a: Bellibolt|280/320|[from] item: Leftovers\n|-damage|p1a: Lanturn|26/367 tox|[from] psn\n|upkeep\n|turn|24\n|\n|t:|1732970757\n|move|p1a: Lanturn|Ice Beam|p2a: Bellibolt\n|-damage|p2a: Bellibolt|215/320\n|-start|p2a: Bellibolt|Charge|Ice Beam|[from] ability: Electromorphosis\n|move|p2a: Bellibolt|Slack Off|p2a: Bellibolt\n|-heal|p2a: Bellibolt|320/320\n|\n|-heal|p1a: Lanturn|48/367 tox|[from] item: Leftovers\n|-damage|p1a: Lanturn|0 fnt|[from] psn\n|faint|p1a: Lanturn\n|upkeep\n|\n|t:|1732970758\n|switch|p1a: Slowbro|Slowbro, L85, F|300/300\n|turn|25\n|\n|t:|1732970768\n|move|p1a: Slowbro|Calm Mind|p1a: Slowbro\n|-boost|p1a: Slowbro|spa|1\n|-boost|p1a: Slowbro|spd|1\n|move|p2a: Bellibolt|Toxic|p1a: Slowbro\n|-status|p1a: Slowbro|tox\n|\n|-damage|p1a: Slowbro|282/300 tox|[from] psn\n|upkeep\n|turn|26\n|inactive|ANUbis4898 has 120 seconds left.\n|\n|t:|1732970804\n|move|p1a: Slowbro|Scald|p2a: Bellibolt\n|-damage|p2a: Bellibolt|175/320\n|-start|p2a: Bellibolt|Charge|Scald|[from] ability: Electromorphosis\n|move|p2a: Bellibolt|Thunderbolt|p1a: Slowbro\n|-supereffective|p1a: Slowbro\n|-damage|p1a: Slowbro|24/300 tox\n|-end|p2a: Bellibolt|Charge|[silent]\n|\n|-heal|p1a: Slowbro|42/300 tox|[from] item: Leftovers\n|-heal|p2a: Bellibolt|195/320|[from] item: Leftovers\n|-damage|p1a: Slowbro|6/300 tox|[from] psn\n|upkeep\n|turn|27\n|inactive|ANUbis4898 has 120 seconds left.\n|\n|t:|1732970812\n|move|p1a: Slowbro|Psychic Noise|p2a: Bellibolt\n|-damage|p2a: Bellibolt|60/320\n|-start|p2a: Bellibolt|move: Heal Block\n|-start|p2a: Bellibolt|Charge|Psychic Noise|[from] ability: Electromorphosis\n|cant|p2a: Bellibolt|move: Heal Block|Slack Off\n|\n|-heal|p1a: Slowbro|24/300 tox|[from] item: Leftovers\n|-damage|p1a: Slowbro|0 fnt|[from] psn\n|faint|p1a: Slowbro\n|\n|win|EL NEGRO 0SCUR0\n|upkeep\n|raw|ANUbis4898's rating: 1736 &rarr; <strong>1715</strong><br />(-21 for losing)\n|raw|EL NEGRO 0SCUR0's rating: 1725 &rarr; <strong>1746</strong><br />(+21 for winning)\n|l|\u2606ANUbis4898\n|player|p1|\n", "inputlog": ">version b107d77f5c90bd6555267ae244a6264823309ead\n>start {\"formatid\":\"gen9randombattle\",\"seed\":[36703,32347,14629,37213],\"rated\":\"Rated battle\"}\n>player p1 {\"name\":\"ANUbis4898\",\"avatar\":\"266\",\"rating\":1736,\"seed\":[10286,50798,8388,1998]}\n>player p2 {\"name\":\"EL NEGRO 0SCUR0\",\"avatar\":\"hoopster\",\"rating\":1725,\"seed\":[22739,46559,63343,13679]}\n>p1 move stickyweb\n>p2 move substitute\n>p1 move hydropump\n>p2 move calmmind\n>p1 move hydropump\n>p2 move calmmind\n>p1 move hydropump\n>p2 move calmmind\n>p1 switch 3\n>p2 move substitute\n>p1 switch 3\n>p2 move earthpower\n>p1 move bugbuzz\n>p2 move calmmind\n>p1 move bugbuzz\n>p2 move calmmind\n>p1 move bugbuzz\n>p2 move calmmind\n>p1 move bugbuzz\n>p2 move calmmind\n>p1 move bugbuzz\n>p2 move moonblast\n>p1 switch 5\n>p1 move thunder\n>p2 move moonblast\n>p1 switch 6\n>p1 move stoneedge\n>p2 move moonblast\n>p1 switch 3\n>p1 move trailblaze terastallize\n>p2 move earthpower\n>p1 move gunkshot\n>p2 move earthpower\n>p2 switch 4\n>p1 move earthquake\n>p2 move uturn\n>p2 switch 6\n>p1 move gunkshot\n>p2 move fireblast terastallize\n>p1 switch 4\n>p1 move thunderwave\n>p2 switch 3\n>p1 move icebeam\n>p2 move toxic\n>p1 move scald\n>p2 move muddywater\n>p1 move scald\n>p2 move slackoff\n>p1 move icebeam\n>p2 move muddywater\n>p1 move icebeam\n>p2 move muddywater\n>p1 move icebeam\n>p2 move slackoff\n>p1 switch 2\n>p1 move calmmind\n>p2 move toxic\n>p1 move scald\n>p2 move thunderbolt\n>p1 move psychicnoise\n>p2 move slackoff", "uploadtime": 1732970825, "views": 2, "formatid": "gen9randombattle", "rating": 1715, "private": 0, "password": null}