{"id": "gen9randombattle-2253827628", "format": "[Gen 9] Random Battle", "players": ["cheese xuebao", "Wuloo"], "log": "|j|\u2606cheese xuebao\n|j|\u2606Wuloo\n|t:|1732944546\n|gametype|singles\n|player|p1|cheese xuebao|miku-ground|\n|player|p2|Wuloo|collector|\n|teamsize|p1|6\n|teamsize|p2|6\n|gen|9\n|tier|[Gen 9] Random Battle\n|rule|Species Clause: Limit one of each Pok\u00e9mon\n|rule|HP Percentage Mod: HP is shown in percentages\n|rule|Sleep Clause Mod: Limit one foe put to sleep\n|rule|Illusion Level Mod: Illusion disguises the Pok\u00e9mon's true level\n|\n|t:|1732944546\n|start\n|switch|p1a: Crawdaunt|Crawdaunt, L84, M|243/243\n|switch|p2a: Basculin|Basculin, L86, F|261/261\n|turn|1\n|\n|t:|1732944576\n|switch|p2a: Sawsbuck|Sawsbuck-Winter, L88, F|284/284\n|switch|p1a: Sunflora|Sunflora, F|312/312\n|\n|upkeep\n|turn|2\n|\n|t:|1732944594\n|move|p2a: Sawsbuck|Horn Leech|p1a: Sunflora\n|-resisted|p1a: Sunflora\n|-damage|p1a: Sunflora|248/312\n|-damage|p2a: Sawsbuck|256/284|[from] item: Life Orb\n|move|p1a: Sunflora|Sunny Day|p1a: Sunflora\n|-weather|SunnyDay\n|\n|-weather|SunnyDay|[upkeep]\n|upkeep\n|turn|3\n|\n|t:|1732944602\n|move|p1a: Sunflora|Weather Ball|p2a: Sawsbuck\n|-supereffective|p2a: Sawsbuck\n|-damage|p2a: Sawsbuck|0 fnt\n|faint|p2a: Sawsbuck\n|-damage|p1a: Sunflora|217/312|[from] item: Life Orb\n|\n|-weather|SunnyDay|[upkeep]\n|upkeep\n|\n|t:|1732944614\n|switch|p2a: Glimmora|Glimmora, L75, F|248/248\n|turn|4\n|\n|t:|1732944618\n|move|p1a: Sunflora|Earth Power|p2a: Glimmora\n|-supereffective|p2a: Glimmora\n|-damage|p2a: Glimmora|0 fnt\n|faint|p2a: Glimmora\n|-damage|p1a: Sunflora|186/312|[from] item: Life Orb\n|\n|-weather|SunnyDay|[upkeep]\n|upkeep\n|\n|t:|1732944626\n|switch|p2a: Weavile|Weavile, L79, M|239/239\n|turn|5\n|\n|t:|1732944632\n|-terastallize|p2a: Weavile|Ice\n|-terastallize|p1a: Sunflora|Fire\n|move|p2a: Weavile|Ice Shard|p1a: Sunflora\n|-resisted|p1a: Sunflora\n|-damage|p1a: Sunflora|133/312\n|move|p1a: Sunflora|Weather Ball|p2a: Weavile\n|-supereffective|p2a: Weavile\n|-damage|p2a: Weavile|0 fnt\n|faint|p2a: Weavile\n|-damage|p1a: Sunflora|102/312|[from] item: Life Orb\n|\n|-weather|SunnyDay|[upkeep]\n|upkeep\n|c|\u2606Wuloo|\uff1f\n|\n|t:|1732944643\n|switch|p2a: Golduck|Golduck, L90, M|290/290\n|-ability|p2a: Golduck|Cloud Nine\n|turn|6\n|\n|t:|1732944660\n|switch|p1a: Ariados|Ariados, L95, F|287/287\n|move|p2a: Golduck|Hydro Pump|p1a: Ariados\n|-damage|p1a: Ariados|118/287\n|-damage|p2a: Golduck|261/290|[from] item: Life Orb\n|\n|-weather|none\n|upkeep\n|turn|7\n|\n|t:|1732944681\n|move|p1a: Ariados|Sucker Punch|p2a: Golduck\n|-damage|p2a: Golduck|202/290\n|move|p2a: Golduck|Hydro Pump|p1a: Ariados\n|-damage|p1a: Ariados|0 fnt\n|faint|p1a: Ariados\n|-damage|p2a: Golduck|173/290|[from] item: Life Orb\n|\n|upkeep\n|c|\u2606cheese xuebao|\u65e9\u4e0a\u54e5\u8fbe\u9e2d\u5440\n|\n|t:|1732944695\n|switch|p1a: Hitmontop|Hitmontop, L88, M|231/231\n|turn|8\n|\n|t:|1732944711\n|switch|p2a: Great Tusk|Great Tusk, L77|304/304\n|move|p1a: Hitmontop|Bulk Up|p1a: Hitmontop\n|-boost|p1a: Hitmontop|atk|1\n|-boost|p1a: Hitmontop|def|1\n|\n|upkeep\n|turn|9\n|\n|t:|1732944728\n|move|p2a: Great Tusk|Earthquake|p1a: Hitmontop\n|-damage|p1a: Hitmontop|168/231\n|move|p1a: Hitmontop|Bulk Up|p1a: Hitmontop\n|-boost|p1a: Hitmontop|atk|1\n|-boost|p1a: Hitmontop|def|1\n|\n|-heal|p1a: Hitmontop|182/231|[from] item: Leftovers\n|upkeep\n|turn|10\n|\n|t:|1732944732\n|move|p2a: Great Tusk|Stone Edge|p1a: Hitmontop\n|-resisted|p1a: Hitmontop\n|-damage|p1a: Hitmontop|165/231\n|move|p1a: Hitmontop|Bulk Up|p1a: Hitmontop\n|-boost|p1a: Hitmontop|atk|1\n|-boost|p1a: Hitmontop|def|1\n|\n|-heal|p1a: Hitmontop|179/231|[from] item: Leftovers\n|upkeep\n|turn|11\n|\n|t:|1732944735\n|move|p2a: Great Tusk|Close Combat|p1a: Hitmontop\n|-damage|p1a: Hitmontop|134/231\n|-unboost|p2a: Great Tusk|def|1\n|-unboost|p2a: Great Tusk|spd|1\n|move|p1a: Hitmontop|Rapid Spin|p2a: Great Tusk\n|-damage|p2a: Great Tusk|127/304\n|-boost|p1a: Hitmontop|spe|1\n|\n|-heal|p1a: Hitmontop|148/231|[from] item: Leftovers\n|-heal|p2a: Great Tusk|146/304|[from] item: Leftovers\n|upkeep\n|turn|12\n|\n|t:|1732944740\n|move|p1a: Hitmontop|Triple Axel|p2a: Great Tusk\n|-supereffective|p2a: Great Tusk\n|-damage|p2a: Great Tusk|2/304\n|-supereffective|p2a: Great Tusk\n|-damage|p2a: Great Tusk|0 fnt\n|faint|p2a: Great Tusk\n|-end|p2a: Great Tusk|Protosynthesis|[silent]\n|-hitcount|p2: Great Tusk|2\n|\n|-heal|p1a: Hitmontop|162/231|[from] item: Leftovers\n|upkeep\n|\n|t:|1732944744\n|switch|p2a: Basculin|Basculin, L86, F|261/261\n|turn|13\n|\n|t:|1732944755\n|move|p1a: Hitmontop|Close Combat|p2a: Basculin\n|-damage|p2a: Basculin|0 fnt\n|-unboost|p1a: Hitmontop|def|1\n|-unboost|p1a: Hitmontop|spd|1\n|faint|p2a: Basculin\n|\n|-heal|p1a: Hitmontop|176/231|[from] item: Leftovers\n|upkeep\n|\n|t:|1732944758\n|switch|p2a: Golduck|Golduck, L90, M|173/290\n|-ability|p2a: Golduck|Cloud Nine\n|turn|14\n|\n|t:|1732944766\n|move|p1a: Hitmontop|Close Combat|p2a: Golduck\n|-damage|p2a: Golduck|0 fnt\n|-unboost|p1a: Hitmontop|def|1\n|-unboost|p1a: Hitmontop|spd|1\n|faint|p2a: Golduck\n|\n|win|cheese xuebao\n|l|\u2606cheese xuebao\n|player|p1|\n|c|\u2606Wuloo|\u8fd9\u4e48\u5f3a\u5316\n", "inputlog": ">version b107d77f5c90bd6555267ae244a6264823309ead\n>start {\"formatid\":\"gen9randombattle\",\"seed\":[40144,21407,44883,54230]}\n>player p1 {\"name\":\"cheese xuebao\",\"avatar\":\"miku-ground\",\"rating\":0,\"seed\":[30075,5584,14066,18577]}\n>player p2 {\"name\":\"Wuloo\",\"avatar\":\"collector\",\"rating\":0,\"seed\":[23766,45941,64692,13618]}\n>p1 switch 2\n>p2 switch 3\n>p1 move sunnyday\n>p2 move hornleech\n>p1 move weatherball\n>p2 move doubleedge\n>p2 switch 5\n>p1 move earthpower\n>p2 move sludgewave\n>p2 switch 4\n>p1 move weatherball terastallize\n>p2 move iceshard terastallize\n>chat \u2606Wuloo|\uff1f\n>p2 switch 2\n>p1 switch 4\n>p2 move hydropump\n>p1 move suckerpunch\n>p2 move hydropump\n>chat \u2606cheese xuebao|\u65e9\u4e0a\u54e5\u8fbe\u9e2d\u5440\n>p1 switch 5\n>p1 move bulkup\n>p2 switch 6\n>p1 move bulkup\n>p2 move earthquake\n>p1 move bulkup\n>p2 move stoneedge\n>p1 move rapidspin\n>p2 move closecombat\n>p1 move tripleaxel\n>p2 move bulkup\n>p2 switch 3\n>p1 move closecombat\n>p2 move wavecrash\n>p2 switch 6\n>p1 move closecombat\n>p2 move grassknot", "uploadtime": 1732944777, "views": 1, "formatid": "gen9randombattle", "rating": null, "private": 0, "password": null}