{"id": "gen9randombattle-2254027646", "format": "[Gen 9] Random Battle", "players": ["WSDEWQAEW", "chose this"], "log": "|j|\u2606WSDEWQAEW\n|j|\u2606chose this\n|t:|1732981966\n|gametype|singles\n|player|p1|WSDEWQAEW|265|1000\n|player|p2|chose this|170|1000\n|teamsize|p1|6\n|teamsize|p2|6\n|gen|9\n|tier|[Gen 9] Random Battle\n|rated|\n|rule|Species Clause: Limit one of each Pok\u00e9mon\n|rule|HP Percentage Mod: HP is shown in percentages\n|rule|Sleep Clause Mod: Limit one foe put to sleep\n|rule|Illusion Level Mod: Illusion disguises the Pok\u00e9mon's true level\n|\n|t:|1732981966\n|start\n|switch|p1a: Noivern|Noivern, L82, F|274/274\n|switch|p2a: Muk|Muk-Alola, L82, F|306/306\n|turn|1\n|inactive|Battle timer is ON: inactive players will automatically lose when time's up. (requested by WSDEWQAEW)\n|\n|t:|1732981996\n|switch|p1a: Quagsire|Quagsire, L84, M|297/297\n|move|p2a: Muk|Ice Punch|p1a: Quagsire\n|-damage|p1a: Quagsire|242/297\n|\n|-heal|p1a: Quagsire|260/297|[from] item: Leftovers\n|upkeep\n|turn|2\n|\n|t:|1732982010\n|move|p2a: Muk|Knock Off|p1a: Quagsire\n|-damage|p1a: Quagsire|145/297\n|-enditem|p1a: Quagsire|Leftovers|[from] move: Knock Off|[of] p2a: Muk\n|move|p1a: Quagsire|Earthquake|p2a: Muk\n|-supereffective|p2a: Muk\n|-damage|p2a: Muk|82/306\n|\n|upkeep\n|turn|3\n|\n|t:|1732982021\n|move|p2a: Muk|Shadow Sneak|p1a: Quagsire\n|-damage|p1a: Quagsire|115/297\n|move|p1a: Quagsire|Recover|p1a: Quagsire\n|-heal|p1a: Quagsire|264/297\n|\n|upkeep\n|turn|4\n|\n|t:|1732982031\n|switch|p2a: Vivillon|Vivillon-Archipelago, L84, F|272/272\n|move|p1a: Quagsire|Spikes|p2a: Vivillon\n|-sidestart|p2: chose this|Spikes\n|\n|upkeep\n|turn|5\n|\n|t:|1732982044\n|switch|p1a: Regice|Regice, L88|284/284\n|move|p2a: Vivillon|Bug Buzz|p1a: Regice\n|-damage|p1a: Regice|241/284\n|\n|upkeep\n|turn|6\n|\n|t:|1732982055\n|move|p2a: Vivillon|Sleep Powder|p1a: Regice\n|-status|p1a: Regice|slp|[from] move: Sleep Powder\n|cant|p1a: Regice|slp\n|\n|upkeep\n|turn|7\n|\n|t:|1732982068\n|switch|p1a: Noivern|Noivern, L82, F|274/274\n|move|p2a: Vivillon|Quiver Dance|p2a: Vivillon\n|-boost|p2a: Vivillon|spa|1\n|-boost|p2a: Vivillon|spd|1\n|-boost|p2a: Vivillon|spe|1\n|\n|upkeep\n|turn|8\n|\n|t:|1732982078\n|-terastallize|p1a: Noivern|Fire\n|move|p2a: Vivillon|Sleep Powder|p1a: Noivern\n|-message|Sleep Clause Mod activated.\n|-hint|Sleep Clause Mod prevents players from putting more than one of their opponent's Pok\u00e9mon to sleep at a time\n|move|p1a: Noivern|Flamethrower|p2a: Vivillon\n|-supereffective|p2a: Vivillon\n|-damage|p2a: Vivillon|90/272\n|\n|upkeep\n|turn|9\n|\n|t:|1732982091\n|move|p2a: Vivillon|Hurricane|p1a: Noivern\n|-damage|p1a: Noivern|108/274\n|move|p1a: Noivern|Flamethrower|p2a: Vivillon\n|-supereffective|p2a: Vivillon\n|-damage|p2a: Vivillon|0 fnt\n|faint|p2a: Vivillon\n|\n|upkeep\n|\n|t:|1732982102\n|switch|p2a: Bastiodon|Bastiodon, L89, M|252/252\n|-damage|p2a: Bastiodon|221/252|[from] Spikes\n|turn|10\n|\n|t:|1732982116\n|switch|p1a: Quagsire|Quagsire, L84, M|264/297\n|move|p2a: Bastiodon|Rest|p2a: Bastiodon\n|-status|p2a: Bastiodon|slp|[from] move: Rest\n|-heal|p2a: Bastiodon|252/252 slp|[silent]\n|-enditem|p2a: Bastiodon|Chesto Berry|[eat]\n|-curestatus|p2a: Bastiodon|slp|[msg]\n|\n|upkeep\n|turn|11\n|inactive|WSDEWQAEW has 120 seconds left.\n|\n|t:|1732982167\n|move|p1a: Quagsire|Earthquake|p2a: Bastiodon\n|-supereffective|p2a: Bastiodon\n|-damage|p2a: Bastiodon|48/252\n|move|p2a: Bastiodon|Iron Defense|p2a: Bastiodon\n|-boost|p2a: Bastiodon|def|2\n|\n|upkeep\n|turn|12\n|\n|t:|1732982185\n|move|p1a: Quagsire|Earthquake|p2a: Bastiodon\n|-supereffective|p2a: Bastiodon\n|-damage|p2a: Bastiodon|0 fnt\n|faint|p2a: Bastiodon\n|\n|upkeep\n|\n|t:|1732982192\n|switch|p2a: Misdreavus|Misdreavus, L90, F|254/254\n|turn|13\n|\n|t:|1732982214\n|-terastallize|p2a: Misdreavus|Fairy\n|move|p2a: Misdreavus|Draining Kiss|p1a: Quagsire\n|-damage|p1a: Quagsire|179/297\n|move|p1a: Quagsire|Spikes|p2a: Misdreavus\n|-sidestart|p2: chose this|Spikes\n|\n|upkeep\n|turn|14\n|\n|t:|1732982226\n|switch|p1a: Regice|Regice, L88|241/284 slp\n|move|p2a: Misdreavus|Will-O-Wisp||[still]\n|-fail|p2a: Misdreavus\n|\n|upkeep\n|turn|15\n|\n|t:|1732982246\n|move|p2a: Misdreavus|Shadow Ball|p1a: Regice\n|-damage|p1a: Regice|199/284 slp\n|-curestatus|p1a: Regice|slp|[msg]\n|move|p1a: Regice|Thunder Wave|p2a: Misdreavus\n|-status|p2a: Misdreavus|par\n|\n|upkeep\n|turn|16\n|inactive|WSDEWQAEW has 90 seconds left.\n|\n|t:|1732982275\n|switch|p2a: Muk|Muk-Alola, L82, F|82/306\n|-damage|p2a: Muk|31/306|[from] Spikes\n|move|p1a: Regice|Ice Beam|p2a: Muk\n|-damage|p2a: Muk|0 fnt\n|faint|p2a: Muk\n|\n|upkeep\n|\n|t:|1732982284\n|switch|p2a: Torkoal|Torkoal, L88, F|266/266\n|-weather|SunnyDay|[from] ability: Drought|[of] p2a: Torkoal\n|turn|17\n|inactive|WSDEWQAEW has 90 seconds left.\n|\n|t:|1732982302\n|move|p1a: Regice|Thunder Wave|p2a: Torkoal\n|-status|p2a: Torkoal|par\n|move|p2a: Torkoal|Lava Plume|p1a: Regice\n|-supereffective|p1a: Regice\n|-crit|p1a: Regice\n|-damage|p1a: Regice|23/284\n|\n|-weather|SunnyDay|[upkeep]\n|upkeep\n|turn|18\n|\n|t:|1732982327\n|switch|p1a: Quagsire|Quagsire, L84, M|179/297\n|move|p2a: Torkoal|Solar Beam||[still]\n|-prepare|p2a: Torkoal|Solar Beam\n|-anim|p2a: Torkoal|Solar Beam|p1a: Quagsire\n|-supereffective|p1a: Quagsire\n|-damage|p1a: Quagsire|0 fnt\n|faint|p1a: Quagsire\n|\n|-weather|SunnyDay|[upkeep]\n|upkeep\n|\n|t:|1732982339\n|switch|p1a: Calyrex|Calyrex, L93|337/337\n|-ability|p1a: Calyrex|Unnerve\n|turn|19\n|\n|t:|1732982346\n|move|p1a: Calyrex|Encore|p2a: Torkoal\n|-start|p2a: Torkoal|Encore\n|move|p2a: Torkoal|Solar Beam||[still]\n|-prepare|p2a: Torkoal|Solar Beam\n|-anim|p2a: Torkoal|Solar Beam|p1a: Calyrex\n|-resisted|p1a: Calyrex\n|-damage|p1a: Calyrex|295/337\n|\n|-weather|SunnyDay|[upkeep]\n|-heal|p1a: Calyrex|316/337|[from] item: Leftovers\n|upkeep\n|turn|20\n|\n|t:|1732982359\n|switch|p1a: Jirachi|Jirachi, L80|291/291\n|switch|p2a: Glastrier|Glastrier, L86|312/312\n|\n|-weather|SunnyDay|[upkeep]\n|upkeep\n|turn|21\n|\n|t:|1732982377\n|move|p1a: Jirachi|Iron Head|p2a: Glastrier\n|-supereffective|p2a: Glastrier\n|-damage|p2a: Glastrier|198/312\n|move|p2a: Glastrier|Close Combat|p1a: Jirachi\n|-damage|p1a: Jirachi|181/291\n|-unboost|p2a: Glastrier|def|1\n|-unboost|p2a: Glastrier|spd|1\n|\n|-weather|none\n|-heal|p1a: Jirachi|199/291|[from] item: Leftovers\n|upkeep\n|turn|22\n|\n|t:|1732982393\n|switch|p2a: Torkoal|Torkoal, L88, F|266/266 par\n|-weather|SunnyDay|[from] ability: Drought|[of] p2a: Torkoal\n|move|p1a: Jirachi|Drain Punch|p2a: Torkoal\n|-damage|p2a: Torkoal|235/266 par\n|-heal|p1a: Jirachi|215/291|[from] drain|[of] p2a: Torkoal\n|\n|-weather|SunnyDay|[upkeep]\n|-heal|p1a: Jirachi|233/291|[from] item: Leftovers\n|upkeep\n|turn|23\n|\n|t:|1732982406\n|switch|p1a: Regice|Regice, L88|23/284\n|move|p2a: Torkoal|Lava Plume|p1a: Regice\n|-supereffective|p1a: Regice\n|-damage|p1a: Regice|0 fnt\n|faint|p1a: Regice\n|\n|-weather|SunnyDay|[upkeep]\n|upkeep\n|\n|t:|1732982416\n|switch|p1a: Noivern|Noivern, L82, F, tera:Fire|108/274\n|turn|24\n|\n|t:|1732982429\n|switch|p2a: Glastrier|Glastrier, L86|198/312\n|move|p1a: Noivern|Draco Meteor|p2a: Glastrier\n|-damage|p2a: Glastrier|98/312\n|-unboost|p1a: Noivern|spa|2\n|\n|-weather|SunnyDay|[upkeep]\n|upkeep\n|turn|25\n|inactive|WSDEWQAEW has 90 seconds left.\n|\n|t:|1732982442\n|switch|p1a: Jirachi|Jirachi, L80|233/291\n|move|p2a: Glastrier|Icicle Crash|p1a: Jirachi\n|-resisted|p1a: Jirachi\n|-damage|p1a: Jirachi|169/291\n|\n|-weather|SunnyDay|[upkeep]\n|-heal|p1a: Jirachi|187/291|[from] item: Leftovers\n|upkeep\n|turn|26\n|\n|t:|1732982458\n|move|p1a: Jirachi|Drain Punch|p2a: Glastrier\n|-supereffective|p2a: Glastrier\n|-damage|p2a: Glastrier|30/312\n|-heal|p1a: Jirachi|221/291|[from] drain|[of] p2a: Glastrier\n|move|p2a: Glastrier|Swords Dance|p2a: Glastrier\n|-boost|p2a: Glastrier|atk|2\n|\n|-weather|none\n|-heal|p1a: Jirachi|239/291|[from] item: Leftovers\n|upkeep\n|turn|27\n|\n|t:|1732982470\n|move|p1a: Jirachi|Drain Punch|p2a: Glastrier\n|-supereffective|p2a: Glastrier\n|-damage|p2a: Glastrier|0 fnt\n|-heal|p1a: Jirachi|254/291|[from] drain|[of] p2a: Glastrier\n|faint|p2a: Glastrier\n|\n|-heal|p1a: Jirachi|272/291|[from] item: Leftovers\n|upkeep\n|\n|t:|1732982480\n|switch|p2a: Torkoal|Torkoal, L88, F|235/266 par\n|-weather|SunnyDay|[from] ability: Drought|[of] p2a: Torkoal\n|turn|28\n|\n|t:|1732982485\n|switch|p1a: Noivern|Noivern, L82, F, tera:Fire|108/274\n|move|p2a: Torkoal|Lava Plume|p1a: Noivern\n|-resisted|p1a: Noivern\n|-damage|p1a: Noivern|44/274\n|\n|-weather|SunnyDay|[upkeep]\n|upkeep\n|turn|29\n|\n|t:|1732982499\n|switch|p1a: Jirachi|Jirachi, L80|272/291\n|switch|p2a: Misdreavus|Misdreavus, L90, F, tera:Fairy|254/254 par\n|\n|-weather|SunnyDay|[upkeep]\n|-heal|p1a: Jirachi|290/291|[from] item: Leftovers\n|upkeep\n|turn|30\n|\n|t:|1732982512\n|move|p1a: Jirachi|Iron Head|p2a: Misdreavus\n|-supereffective|p2a: Misdreavus\n|-damage|p2a: Misdreavus|114/254 par\n|move|p2a: Misdreavus|Shadow Ball|p1a: Jirachi\n|-supereffective|p1a: Jirachi\n|-damage|p1a: Jirachi|120/291\n|\n|-weather|SunnyDay|[upkeep]\n|-heal|p1a: Jirachi|138/291|[from] item: Leftovers\n|upkeep\n|turn|31\n|\n|t:|1732982524\n|move|p1a: Jirachi|Iron Head|p2a: Misdreavus\n|-supereffective|p2a: Misdreavus\n|-damage|p2a: Misdreavus|0 fnt\n|faint|p2a: Misdreavus\n|\n|-weather|SunnyDay|[upkeep]\n|-heal|p1a: Jirachi|156/291|[from] item: Leftovers\n|upkeep\n|\n|t:|1732982531\n|switch|p2a: Torkoal|Torkoal, L88, F|235/266 par\n|turn|32\n|\n|t:|1732982535\n|move|p1a: Jirachi|Iron Head|p2a: Torkoal\n|-resisted|p2a: Torkoal\n|-damage|p2a: Torkoal|208/266 par\n|cant|p2a: Torkoal|flinch\n|\n|-weather|none\n|-heal|p1a: Jirachi|174/291|[from] item: Leftovers\n|upkeep\n|turn|33\n|\n|t:|1732982545\n|move|p1a: Jirachi|Iron Head|p2a: Torkoal\n|-resisted|p2a: Torkoal\n|-damage|p2a: Torkoal|183/266 par\n|move|p2a: Torkoal|Lava Plume|p1a: Jirachi\n|-supereffective|p1a: Jirachi\n|-crit|p1a: Jirachi\n|-damage|p1a: Jirachi|0 fnt\n|faint|p1a: Jirachi\n|\n|upkeep\n|\n|t:|1732982550\n|switch|p1a: Noivern|Noivern, L82, F, tera:Fire|44/274\n|turn|34\n|\n|t:|1732982560\n|move|p1a: Noivern|Draco Meteor|p2a: Torkoal\n|-damage|p2a: Torkoal|33/266 par\n|-unboost|p1a: Noivern|spa|2\n|move|p2a: Torkoal|Lava Plume|p1a: Noivern\n|-resisted|p1a: Noivern\n|-damage|p1a: Noivern|0 fnt\n|faint|p1a: Noivern\n|\n|upkeep\n|\n|t:|1732982563\n|switch|p1a: Miraidon|Miraidon, L65|238/238\n|-fieldstart|move: Electric Terrain|[from] ability: Hadron Engine|[of] p1a: Miraidon\n|turn|35\n|\n|t:|1732982574\n|move|p1a: Miraidon|Electro Drift|p2a: Torkoal\n|-damage|p2a: Torkoal|0 fnt\n|faint|p2a: Torkoal\n|\n|win|WSDEWQAEW\n|raw|WSDEWQAEW's rating: 1045 &rarr; <strong>1074</strong><br />(+29 for winning)\n|raw|chose this's rating: 1000 &rarr; <strong>1000</strong><br />(+0 for losing)\n", "inputlog": ">version b107d77f5c90bd6555267ae244a6264823309ead\n>start {\"formatid\":\"gen9randombattle\",\"seed\":[51483,37284,28355,8224],\"rated\":\"Rated battle\"}\n>player p1 {\"name\":\"WSDEWQAEW\",\"avatar\":\"265\",\"rating\":1000,\"seed\":[39622,470,23997,41714]}\n>player p2 {\"name\":\"chose this\",\"avatar\":\"170\",\"rating\":1000,\"seed\":[27412,6259,56692,65107]}\n>p1 switch 4\n>p2 move icepunch\n>p1 move earthquake\n>p2 move knockoff\n>p1 move recover\n>p2 move shadowsneak\n>p1 move spikes\n>p2 switch 2\n>p1 switch 3\n>p2 move bugbuzz\n>p1 move thunderwave\n>p2 move sleeppowder\n>p1 switch 4\n>p2 move quiverdance\n>p1 move flamethrower terastallize\n>p2 move sleeppowder\n>p1 move flamethrower\n>p2 move hurricane\n>p2 switch 5\n>p1 switch 3\n>p2 move rest\n>p1 move earthquake\n>p2 move irondefense\n>p1 move earthquake\n>p2 move bodypress\n>p2 switch 6\n>p1 move spikes\n>p2 move drainingkiss terastallize\n>p1 switch 4\n>p2 move willowisp\n>p1 move thunderwave\n>p2 move shadowball\n>p1 move icebeam\n>p2 switch 2\n>p2 switch 4\n>p1 move thunderwave\n>p2 move lavaplume\n>p1 switch 4\n>p2 move solarbeam\n>p1 switch 5\n>p1 move encore\n>p2 move lavaplume\n>p1 switch 6\n>p2 switch 3\n>p1 move ironhead\n>p2 move closecombat\n>p1 move drainpunch\n>p2 switch 3\n>p1 switch 4\n>p2 move lavaplume\n>p1 switch 3\n>p1 move dracometeor\n>p2 switch 3\n>p1 switch 4\n>p2 move iciclecrash\n>p1 move drainpunch\n>p2 move swordsdance\n>p1 move drainpunch\n>p2 move heavyslam\n>p2 switch 3\n>p1 switch 4\n>p2 move lavaplume\n>p1 switch 4\n>p2 switch 2\n>p1 move ironhead\n>p2 move shadowball\n>p1 move ironhead\n>p2 move shadowball\n>p2 switch 2\n>p1 move ironhead\n>p2 move lavaplume\n>p1 move ironhead\n>p2 move lavaplume\n>p1 switch 4\n>p1 move dracometeor\n>p2 move lavaplume\n>p1 switch 2\n>p1 move electrodrift\n>p2 move stealthrock", "uploadtime": 1732982582, "views": 2, "formatid": "gen9randombattle", "rating": 1000, "private": 0, "password": null}