{"id": "gen9randombattle-2254079205", "format": "[Gen 9] Random Battle", "players": ["BisexualFemboy", "potaloups"], "log": "|j|\u2606BisexualFemboy\n|j|\u2606potaloups\n|t:|1732988668\n|gametype|singles\n|player|p1|BisexualFemboy|iono|1533\n|player|p2|potaloups|crasherwake|1594\n|teamsize|p1|6\n|teamsize|p2|6\n|gen|9\n|tier|[Gen 9] Random Battle\n|rated|\n|rule|Species Clause: Limit one of each Pok\u00e9mon\n|rule|HP Percentage Mod: HP is shown in percentages\n|rule|Sleep Clause Mod: Limit one foe put to sleep\n|rule|Illusion Level Mod: Illusion disguises the Pok\u00e9mon's true level\n|\n|t:|1732988668\n|start\n|switch|p1a: Terapagos|Terapagos, L76, F|262/262\n|switch|p2a: Hariyama|Hariyama, L87, F|392/392\n|-activate|p1a: Terapagos|ability: Tera Shift\n|detailschange|p1a: Terapagos|Terapagos-Terastal, L76, F\n|-heal|p1a: Terapagos|269/269|[silent]\n|turn|1\n|inactive|Battle timer is ON: inactive players will automatically lose when time's up. (requested by BisexualFemboy)\n|\n|t:|1732988693\n|switch|p1a: Swalot|Swalot, L90, M|326/326\n|move|p2a: Hariyama|Knock Off|p1a: Swalot\n|-damage|p1a: Swalot|236/326\n|-enditem|p1a: Swalot|Leftovers|[from] move: Knock Off|[of] p2a: Hariyama\n|\n|-status|p2a: Hariyama|brn|[from] item: Flame Orb\n|upkeep\n|turn|2\n|\n|t:|1732988705\n|move|p1a: Swalot|Knock Off|p2a: Hariyama\n|-resisted|p2a: Hariyama\n|-damage|p2a: Hariyama|350/392 brn\n|-enditem|p2a: Hariyama|Flame Orb|[from] move: Knock Off|[of] p1a: Swalot\n|move|p2a: Hariyama|Headlong Rush|p1a: Swalot\n|-supereffective|p1a: Swalot\n|-damage|p1a: Swalot|0 fnt\n|-unboost|p2a: Hariyama|def|1\n|-unboost|p2a: Hariyama|spd|1\n|faint|p1a: Swalot\n|\n|-damage|p2a: Hariyama|326/392 brn|[from] brn\n|upkeep\n|\n|t:|1732988723\n|switch|p1a: Deoxys|Deoxys-Attack, L72|191/191\n|-ability|p1a: Deoxys|Pressure\n|turn|3\n|\n|t:|1732988745\n|switch|p2a: Dusknoir|Dusknoir, L89, F|225/225\n|-item|p1a: Deoxys|Life Orb|[from] ability: Frisk|[of] p2a: Dusknoir\n|move|p1a: Deoxys|Psycho Boost|p2a: Dusknoir\n|-damage|p2a: Dusknoir|72/225\n|-unboost|p1a: Deoxys|spa|2\n|-damage|p1a: Deoxys|172/191|[from] item: Life Orb\n|\n|-heal|p2a: Dusknoir|86/225|[from] item: Leftovers\n|upkeep\n|turn|4\n|\n|t:|1732988767\n|move|p1a: Deoxys|Knock Off|p2a: Dusknoir\n|-supereffective|p2a: Dusknoir\n|-damage|p2a: Dusknoir|0 fnt\n|-enditem|p2a: Dusknoir|Leftovers|[from] move: Knock Off|[of] p1a: Deoxys\n|faint|p2a: Dusknoir\n|-damage|p1a: Deoxys|153/191|[from] item: Life Orb\n|\n|upkeep\n|inactive|potaloups has 120 seconds left.\n|\n|t:|1732988788\n|switch|p2a: Swampert|Swampert, L83, M|302/302\n|turn|5\n|\n|t:|1732988792\n|switch|p1a: Swampert|Swampert, L83, F|302/302\n|move|p2a: Swampert|Knock Off|p1a: Swampert\n|-crit|p1a: Swampert\n|-damage|p1a: Swampert|196/302\n|-enditem|p1a: Swampert|Leftovers|[from] move: Knock Off|[of] p2a: Swampert\n|\n|upkeep\n|turn|6\n|\n|t:|1732988801\n|move|p1a: Swampert|Stealth Rock|p2a: Swampert\n|-sidestart|p2: potaloups|move: Stealth Rock\n|move|p2a: Swampert|Yawn|p1a: Swampert\n|-start|p1a: Swampert|move: Yawn|[of] p2a: Swampert\n|\n|upkeep\n|turn|7\n|\n|t:|1732988806\n|move|p2a: Swampert|Stealth Rock|p1a: Swampert\n|-sidestart|p1: BisexualFemboy|move: Stealth Rock\n|move|p1a: Swampert|Flip Turn|p2a: Swampert\n|-damage|p2a: Swampert|238/302\n|\n|t:|1732988824\n|switch|p1a: Furret|Furret, L94, F|312/312|[from] Flip Turn\n|-damage|p1a: Furret|273/312|[from] Stealth Rock\n|-item|p2a: Swampert|Leftovers|[from] ability: Frisk|[of] p1a: Furret\n|\n|-heal|p2a: Swampert|256/302|[from] item: Leftovers\n|upkeep\n|turn|8\n|\n|t:|1732988833\n|move|p1a: Furret|Double-Edge|p2a: Swampert\n|-damage|p2a: Swampert|60/302\n|-damage|p1a: Furret|208/312|[from] Recoil\n|move|p2a: Swampert|Knock Off|p1a: Furret\n|-damage|p1a: Furret|124/312\n|-enditem|p1a: Furret|Choice Band|[from] move: Knock Off|[of] p2a: Swampert\n|\n|-heal|p2a: Swampert|78/302|[from] item: Leftovers\n|upkeep\n|turn|9\n|\n|t:|1732988845\n|move|p1a: Furret|Double-Edge|p2a: Swampert\n|-damage|p2a: Swampert|0 fnt\n|faint|p2a: Swampert\n|-damage|p1a: Furret|98/312|[from] Recoil\n|\n|upkeep\n|\n|t:|1732988859\n|switch|p2a: Granbull|Granbull, L88, M|302/302\n|-damage|p2a: Granbull|265/302|[from] Stealth Rock\n|-ability|p2a: Granbull|Intimidate|boost\n|-unboost|p1a: Furret|atk|1\n|turn|10\n|\n|t:|1732988873\n|move|p1a: Furret|U-turn|p2a: Granbull\n|-resisted|p2a: Granbull\n|-damage|p2a: Granbull|247/302\n|\n|t:|1732988876\n|switch|p1a: Swampert|Swampert, L83, F|196/302|[from] U-turn\n|-damage|p1a: Swampert|178/302|[from] Stealth Rock\n|move|p2a: Granbull|Play Rough|p1a: Swampert\n|-damage|p1a: Swampert|58/302\n|\n|-heal|p2a: Granbull|265/302|[from] item: Leftovers\n|upkeep\n|turn|11\n|\n|t:|1732988887\n|move|p1a: Swampert|Flip Turn|p2a: Granbull\n|-damage|p2a: Granbull|153/302\n|\n|t:|1732988891\n|switch|p1a: Furret|Furret, L94, F|98/312|[from] Flip Turn\n|-damage|p1a: Furret|59/312|[from] Stealth Rock\n|-item|p2a: Granbull|Leftovers|[from] ability: Frisk|[of] p1a: Furret\n|move|p2a: Granbull|Earthquake|p1a: Furret\n|-damage|p1a: Furret|0 fnt\n|faint|p1a: Furret\n|\n|-heal|p2a: Granbull|171/302|[from] item: Leftovers\n|upkeep\n|\n|t:|1732988895\n|switch|p1a: Deoxys|Deoxys-Attack, L72|153/191\n|-damage|p1a: Deoxys|130/191|[from] Stealth Rock\n|-ability|p1a: Deoxys|Pressure\n|turn|12\n|\n|t:|1732988910\n|move|p1a: Deoxys|Psycho Boost|p2a: Granbull\n|-damage|p2a: Granbull|0 fnt\n|-unboost|p1a: Deoxys|spa|2\n|faint|p2a: Granbull\n|-damage|p1a: Deoxys|111/191|[from] item: Life Orb\n|\n|upkeep\n|\n|t:|1732988921\n|switch|p2a: Ampharos|Ampharos, L88, F|302/302\n|-damage|p2a: Ampharos|265/302|[from] Stealth Rock\n|turn|13\n|\n|t:|1732988939\n|switch|p1a: Swampert|Swampert, L83, F|58/302\n|-damage|p1a: Swampert|40/302|[from] Stealth Rock\n|move|p2a: Ampharos|Agility|p2a: Ampharos\n|-boost|p2a: Ampharos|spe|2\n|\n|upkeep\n|turn|14\n|\n|t:|1732988949\n|move|p2a: Ampharos|Dazzling Gleam|p1a: Swampert\n|-damage|p1a: Swampert|0 fnt\n|faint|p1a: Swampert\n|-damage|p2a: Ampharos|235/302|[from] item: Life Orb\n|\n|upkeep\n|\n|t:|1732988952\n|switch|p1a: Terapagos|Terapagos-Terastal, L76, F|269/269\n|-damage|p1a: Terapagos|236/269|[from] Stealth Rock\n|turn|15\n|\n|t:|1732988962\n|move|p2a: Ampharos|Focus Blast|p1a: Terapagos\n|-supereffective|p1a: Terapagos\n|-damage|p1a: Terapagos|0 fnt\n|faint|p1a: Terapagos\n|-damage|p2a: Ampharos|205/302|[from] item: Life Orb\n|\n|upkeep\n|\n|t:|1732988968\n|switch|p1a: Miraidon|Miraidon, L65|238/238\n|-damage|p1a: Miraidon|209/238|[from] Stealth Rock\n|-fieldstart|move: Electric Terrain|[from] ability: Hadron Engine|[of] p1a: Miraidon\n|turn|16\n|\n|t:|1732988977\n|-terastallize|p2a: Ampharos|Fairy\n|-terastallize|p1a: Miraidon|Electric\n|move|p2a: Ampharos|Dazzling Gleam|p1a: Miraidon\n|-damage|p1a: Miraidon|61/238\n|-damage|p2a: Ampharos|175/302|[from] item: Life Orb\n|move|p1a: Miraidon|Substitute|p1a: Miraidon\n|-start|p1a: Miraidon|Substitute\n|-damage|p1a: Miraidon|2/238\n|\n|-heal|p1a: Miraidon|16/238|[from] item: Leftovers\n|upkeep\n|turn|17\n|\n|t:|1732988988\n|move|p2a: Ampharos|Dazzling Gleam|p1a: Miraidon\n|-end|p1a: Miraidon|Substitute\n|-damage|p2a: Ampharos|145/302|[from] item: Life Orb\n|move|p1a: Miraidon|Electro Drift|p2a: Ampharos\n|-damage|p2a: Ampharos|0 fnt\n|faint|p2a: Ampharos\n|\n|-heal|p1a: Miraidon|30/238|[from] item: Leftovers\n|upkeep\n|\n|t:|1732988999\n|switch|p2a: Pawmot|Pawmot, L80, F|243/243\n|-damage|p2a: Pawmot|228/243|[from] Stealth Rock\n|turn|18\n|\n|t:|1732989006\n|move|p1a: Miraidon|Draco Meteor|p2a: Pawmot\n|-damage|p2a: Pawmot|15/243\n|-unboost|p1a: Miraidon|spa|2\n|move|p2a: Pawmot|Ice Punch|p1a: Miraidon\n|-damage|p1a: Miraidon|0 fnt\n|faint|p1a: Miraidon\n|-damage|p2a: Pawmot|0 fnt|[from] item: Life Orb\n|faint|p2a: Pawmot\n|\n|upkeep\n|\n|t:|1732989014\n|switch|p2a: Hariyama|Hariyama, L87, F|326/392 brn\n|switch|p1a: Deoxys|Deoxys-Attack, L72|111/191\n|-damage|p1a: Deoxys|88/191|[from] Stealth Rock\n|-ability|p1a: Deoxys|Pressure\n|-damage|p2a: Hariyama|302/392 brn|[from] Stealth Rock\n|turn|19\n|\n|t:|1732989021\n|move|p1a: Deoxys|Psycho Boost|p2a: Hariyama\n|-supereffective|p2a: Hariyama\n|-damage|p2a: Hariyama|0 fnt\n|-unboost|p1a: Deoxys|spa|2\n|faint|p2a: Hariyama\n|-damage|p1a: Deoxys|69/191|[from] item: Life Orb\n|\n|win|BisexualFemboy\n|raw|BisexualFemboy's rating: 1533 &rarr; <strong>1556</strong><br />(+23 for winning)\n|raw|potaloups's rating: 1594 &rarr; <strong>1571</strong><br />(-23 for losing)\n|l|\u2606BisexualFemboy\n|player|p1|\n", "inputlog": ">version b107d77f5c90bd6555267ae244a6264823309ead\n>start {\"formatid\":\"gen9randombattle\",\"seed\":[9348,49805,14454,34948],\"rated\":\"Rated battle\"}\n>player p1 {\"name\":\"BisexualFemboy\",\"avatar\":\"iono\",\"rating\":1533,\"seed\":[5442,62898,22223,30939]}\n>player p2 {\"name\":\"potaloups\",\"avatar\":\"crasherwake\",\"rating\":1594,\"seed\":[57080,40245,21146,49480]}\n>p1 switch 6\n>p2 move knockoff\n>p1 move knockoff\n>p2 move headlongrush\n>p1 switch 4\n>p1 move psychoboost\n>p2 switch 2\n>p1 move knockoff\n>p2 move painsplit\n>p2 switch 4\n>p1 switch 5\n>p2 move knockoff\n>p1 move stealthrock\n>p2 move yawn\n>p1 move flipturn\n>p2 move stealthrock\n>p1 switch 3\n>p1 move doubleedge\n>p2 move knockoff\n>p1 move doubleedge\n>p2 move earthquake\n>p2 switch 5\n>p1 move uturn\n>p2 move playrough\n>p1 switch 3\n>p1 move flipturn\n>p2 move earthquake\n>p1 switch 3\n>p1 switch 5\n>p1 move psychoboost\n>p2 move thunderwave\n>p2 switch 6\n>p1 switch 3\n>p2 move agility\n>p1 move roar\n>p2 move dazzlinggleam\n>p1 switch 6\n>p1 move calmmind\n>p2 move focusblast\n>p1 switch 2\n>p1 move substitute terastallize\n>p2 move dazzlinggleam terastallize\n>p1 move electrodrift\n>p2 move dazzlinggleam\n>p2 switch 3\n>p1 move dracometeor\n>p2 move icepunch\n>p1 switch 3\n>p2 switch 2\n>p1 move psychoboost\n>p2 move knockoff", "uploadtime": 1732989204, "views": 3, "formatid": "gen9randombattle", "rating": 1556, "private": 0, "password": null}