{"id": "gen9randombattle-2254069735", "format": "[Gen 9] Random Battle", "players": ["123456789ok", "ReduxJaeger"], "log": "|j|\u2606123456789ok\n|j|\u2606ReduxJaeger\n|t:|1732987458\n|gametype|singles\n|player|p1|123456789ok|169|1453\n|player|p2|ReduxJaeger|265|1412\n|teamsize|p1|6\n|teamsize|p2|6\n|gen|9\n|tier|[Gen 9] Random Battle\n|rated|\n|rule|Species Clause: Limit one of each Pok\u00e9mon\n|rule|HP Percentage Mod: HP is shown in percentages\n|rule|Sleep Clause Mod: Limit one foe put to sleep\n|rule|Illusion Level Mod: Illusion disguises the Pok\u00e9mon's true level\n|\n|t:|1732987458\n|start\n|switch|p1a: Skuntank|Skuntank, L84, F|310/310\n|switch|p2a: Umbreon|Umbreon, L84, F|297/297\n|turn|1\n|inactive|Battle timer is ON: inactive players will automatically lose when time's up. (requested by 123456789ok)\n|\n|t:|1732987487\n|move|p1a: Skuntank|Knock Off|p2a: Umbreon\n|-resisted|p2a: Umbreon\n|-damage|p2a: Umbreon|258/297\n|-enditem|p2a: Umbreon|Leftovers|[from] move: Knock Off|[of] p1a: Skuntank\n|move|p2a: Umbreon|Wish|p2a: Umbreon\n|\n|upkeep\n|turn|2\n|\n|t:|1732987494\n|switch|p2a: Hawlucha|Hawlucha, L80, M|256/256\n|move|p1a: Skuntank|Toxic Spikes|p2a: Hawlucha\n|-sidestart|p2: ReduxJaeger|move: Toxic Spikes\n|\n|upkeep\n|turn|3\n|\n|t:|1732987505\n|move|p2a: Hawlucha|Close Combat|p1a: Skuntank\n|-damage|p1a: Skuntank|162/310\n|-unboost|p2a: Hawlucha|def|1\n|-unboost|p2a: Hawlucha|spd|1\n|-enditem|p2a: Hawlucha|White Herb\n|-clearnegativeboost|p2a: Hawlucha|[silent]\n|move|p1a: Skuntank|Gunk Shot|p2a: Hawlucha\n|-damage|p2a: Hawlucha|123/256\n|\n|upkeep\n|turn|4\n|\n|t:|1732987517\n|move|p2a: Hawlucha|Acrobatics|p1a: Skuntank\n|-damage|p1a: Skuntank|27/310\n|move|p1a: Skuntank|Gunk Shot|p2a: Hawlucha\n|-damage|p2a: Hawlucha|0 fnt\n|faint|p2a: Hawlucha\n|\n|upkeep\n|\n|t:|1732987523\n|switch|p2a: Grafaiai|Grafaiai, L86, F|249/249\n|-sideend|p2: ReduxJaeger|move: Toxic Spikes|[of] p2a: Grafaiai\n|turn|5\n|\n|t:|1732987530\n|move|p1a: Skuntank|Sucker Punch|p2a: Grafaiai\n|-damage|p2a: Grafaiai|156/249\n|move|p2a: Grafaiai|Knock Off|p1a: Skuntank\n|-resisted|p1a: Skuntank\n|-damage|p1a: Skuntank|0 fnt\n|-damage|p2a: Grafaiai|94/249|[from] ability: Aftermath|[of] p1a: Skuntank\n|-enditem|p1a: Skuntank|Focus Sash|[from] move: Knock Off|[of] p2a: Grafaiai\n|faint|p1a: Skuntank\n|\n|upkeep\n|\n|t:|1732987547\n|switch|p1a: Excadrill|Excadrill, L80, F|307/307\n|-ability|p1a: Excadrill|Mold Breaker\n|turn|6\n|\n|t:|1732987556\n|move|p2a: Grafaiai|Parting Shot|p1a: Excadrill\n|-unboost|p1a: Excadrill|atk|1\n|-unboost|p1a: Excadrill|spa|1\n|\n|t:|1732987559\n|switch|p2a: Umbreon|Umbreon, L84, F|258/297|[from] Parting Shot\n|move|p1a: Excadrill|Rapid Spin|p2a: Umbreon\n|-damage|p2a: Umbreon|235/297\n|-boost|p1a: Excadrill|spe|1\n|\n|upkeep\n|turn|7\n|inactive|123456789ok has 120 seconds left.\n|\n|t:|1732987601\n|switch|p1a: Tsareena|Tsareena, L87, F|267/267\n|move|p2a: Umbreon|Foul Play|p1a: Tsareena\n|-damage|p1a: Tsareena|165/267\n|\n|upkeep\n|turn|8\n|\n|t:|1732987610\n|move|p2a: Umbreon|Protect|p2a: Umbreon\n|-singleturn|p2a: Umbreon|Protect\n|move|p1a: Tsareena|Rapid Spin|p2a: Umbreon\n|-activate|p2a: Umbreon|move: Protect\n|\n|upkeep\n|turn|9\n|inactive|123456789ok has 120 seconds left.\n|\n|t:|1732987615\n|move|p1a: Tsareena|Rapid Spin|p2a: Umbreon\n|-damage|p2a: Umbreon|197/297\n|-boost|p1a: Tsareena|spe|1\n|move|p2a: Umbreon|Foul Play|p1a: Tsareena\n|-damage|p1a: Tsareena|57/267\n|\n|upkeep\n|turn|10\n|\n|t:|1732987622\n|move|p1a: Tsareena|High Jump Kick|p2a: Umbreon\n|-supereffective|p2a: Umbreon\n|-damage|p2a: Umbreon|1/297\n|move|p2a: Umbreon|Foul Play|p1a: Tsareena\n|-damage|p1a: Tsareena|0 fnt\n|faint|p1a: Tsareena\n|\n|upkeep\n|\n|t:|1732987631\n|switch|p1a: Excadrill|Excadrill, L80, F|307/307\n|-ability|p1a: Excadrill|Mold Breaker\n|turn|11\n|\n|t:|1732987641\n|move|p1a: Excadrill|Rapid Spin|p2a: Umbreon\n|-damage|p2a: Umbreon|0 fnt\n|-boost|p1a: Excadrill|spe|1\n|faint|p2a: Umbreon\n|\n|upkeep\n|\n|t:|1732987651\n|switch|p2a: Grafaiai|Grafaiai, L86, F|94/249\n|turn|12\n|\n|t:|1732987656\n|move|p2a: Grafaiai|Encore|p1a: Excadrill\n|-start|p1a: Excadrill|Encore\n|move|p1a: Excadrill|Rapid Spin|p2a: Grafaiai\n|-damage|p2a: Grafaiai|43/249\n|-boost|p1a: Excadrill|spe|1\n|\n|upkeep\n|turn|13\n|\n|t:|1732987661\n|move|p2a: Grafaiai|Parting Shot|p1a: Excadrill\n|-unboost|p1a: Excadrill|atk|1\n|-unboost|p1a: Excadrill|spa|1\n|\n|t:|1732987665\n|switch|p2a: Girafarig|Girafarig, L89, M|269/269|[from] Parting Shot\n|move|p1a: Excadrill|Rapid Spin|p2a: Girafarig\n|-damage|p2a: Girafarig|245/269\n|-boost|p1a: Excadrill|spe|1\n|\n|upkeep\n|turn|14\n|\n|t:|1732987673\n|switch|p1a: Hydreigon|Hydreigon, L79, M|275/275\n|move|p2a: Girafarig|Nasty Plot|p2a: Girafarig\n|-boost|p2a: Girafarig|spa|2\n|\n|upkeep\n|turn|15\n|\n|t:|1732987683\n|-terastallize|p2a: Girafarig|Normal\n|-terastallize|p1a: Hydreigon|Dark\n|move|p2a: Girafarig|Hyper Voice|p1a: Hydreigon\n|-damage|p1a: Hydreigon|0 fnt\n|faint|p1a: Hydreigon\n|\n|upkeep\n|\n|t:|1732987703\n|switch|p1a: Espeon|Espeon, L84, F|246/246\n|turn|16\n|\n|t:|1732987711\n|move|p1a: Espeon|Alluring Voice|p2a: Girafarig\n|-damage|p2a: Girafarig|177/269\n|-damage|p1a: Espeon|222/246|[from] item: Life Orb\n|move|p2a: Girafarig|Hyper Voice|p1a: Espeon\n|-damage|p1a: Espeon|0 fnt\n|faint|p1a: Espeon\n|\n|upkeep\n|\n|t:|1732987716\n|switch|p1a: Excadrill|Excadrill, L80, F|307/307\n|-ability|p1a: Excadrill|Mold Breaker\n|turn|17\n|\n|t:|1732987723\n|move|p2a: Girafarig|Hyper Voice|p1a: Excadrill\n|-resisted|p1a: Excadrill\n|-crit|p1a: Excadrill\n|-damage|p1a: Excadrill|132/307\n|move|p1a: Excadrill|Rapid Spin|p2a: Girafarig\n|-damage|p2a: Girafarig|145/269\n|-boost|p1a: Excadrill|spe|1\n|\n|upkeep\n|turn|18\n|\n|t:|1732987727\n|move|p1a: Excadrill|Iron Head|p2a: Girafarig\n|-damage|p2a: Girafarig|67/269\n|cant|p2a: Girafarig|flinch\n|\n|upkeep\n|turn|19\n|\n|t:|1732987734\n|move|p1a: Excadrill|Iron Head|p2a: Girafarig\n|-damage|p2a: Girafarig|0 fnt\n|faint|p2a: Girafarig\n|\n|upkeep\n|\n|t:|1732987737\n|switch|p2a: Grafaiai|Grafaiai, L86, F|43/249\n|turn|20\n|\n|t:|1732987743\n|move|p2a: Grafaiai|Encore|p1a: Excadrill\n|-start|p1a: Excadrill|Encore\n|move|p1a: Excadrill|Iron Head|p2a: Grafaiai\n|-damage|p2a: Grafaiai|0 fnt\n|faint|p2a: Grafaiai\n|\n|upkeep\n|\n|t:|1732987751\n|switch|p2a: Jolteon|Jolteon, L84, M|246/246\n|turn|21\n|\n|t:|1732987758\n|move|p1a: Excadrill|Iron Head|p2a: Jolteon\n|-resisted|p2a: Jolteon\n|-damage|p2a: Jolteon|179/246\n|move|p2a: Jolteon|Substitute|p2a: Jolteon\n|-start|p2a: Jolteon|Substitute\n|-damage|p2a: Jolteon|118/246\n|\n|-heal|p2a: Jolteon|133/246|[from] item: Leftovers\n|upkeep\n|turn|22\n|\n|t:|1732987764\n|move|p1a: Excadrill|Iron Head|p2a: Jolteon\n|-resisted|p2a: Jolteon\n|-end|p2a: Jolteon|Substitute\n|move|p2a: Jolteon|Calm Mind|p2a: Jolteon\n|-boost|p2a: Jolteon|spa|1\n|-boost|p2a: Jolteon|spd|1\n|\n|-heal|p2a: Jolteon|148/246|[from] item: Leftovers\n|-end|p1a: Excadrill|Encore\n|upkeep\n|turn|23\n|\n|t:|1732987768\n|move|p1a: Excadrill|Earthquake|p2a: Jolteon\n|-supereffective|p2a: Jolteon\n|-damage|p2a: Jolteon|0 fnt\n|faint|p2a: Jolteon\n|\n|upkeep\n|\n|t:|1732987771\n|switch|p2a: Espathra|Espathra, L80, F|283/283\n|turn|24\n|\n|t:|1732987782\n|move|p1a: Excadrill|Iron Head|p2a: Espathra\n|-damage|p2a: Espathra|130/283\n|move|p2a: Espathra|Calm Mind|p2a: Espathra\n|-boost|p2a: Espathra|spa|1\n|-boost|p2a: Espathra|spd|1\n|\n|-heal|p2a: Espathra|147/283|[from] item: Leftovers\n|-ability|p2a: Espathra|Speed Boost|boost\n|-boost|p2a: Espathra|spe|1\n|upkeep\n|turn|25\n|\n|t:|1732987792\n|move|p2a: Espathra|Roost|p2a: Espathra\n|-heal|p2a: Espathra|283/283\n|-singleturn|p2a: Espathra|move: Roost\n|move|p1a: Excadrill|Iron Head|p2a: Espathra\n|-damage|p2a: Espathra|144/283\n|\n|-heal|p2a: Espathra|161/283|[from] item: Leftovers\n|-ability|p2a: Espathra|Speed Boost|boost\n|-boost|p2a: Espathra|spe|1\n|upkeep\n|turn|26\n|\n|t:|1732987799\n|move|p2a: Espathra|Roost|p2a: Espathra\n|-heal|p2a: Espathra|283/283\n|-singleturn|p2a: Espathra|move: Roost\n|move|p1a: Excadrill|Iron Head|p2a: Espathra\n|-damage|p2a: Espathra|139/283\n|\n|-heal|p2a: Espathra|156/283|[from] item: Leftovers\n|-ability|p2a: Espathra|Speed Boost|boost\n|-boost|p2a: Espathra|spe|1\n|upkeep\n|turn|27\n|\n|t:|1732987803\n|move|p2a: Espathra|Stored Power|p1a: Excadrill\n|-resisted|p1a: Excadrill\n|-damage|p1a: Excadrill|54/307\n|move|p1a: Excadrill|Iron Head|p2a: Espathra\n|-damage|p2a: Espathra|11/283\n|\n|-heal|p2a: Espathra|28/283|[from] item: Leftovers\n|-ability|p2a: Espathra|Speed Boost|boost\n|-boost|p2a: Espathra|spe|1\n|upkeep\n|turn|28\n|\n|t:|1732987810\n|move|p2a: Espathra|Stored Power|p1a: Excadrill\n|-resisted|p1a: Excadrill\n|-damage|p1a: Excadrill|0 fnt\n|faint|p1a: Excadrill\n|\n|-heal|p2a: Espathra|45/283|[from] item: Leftovers\n|-ability|p2a: Espathra|Speed Boost|boost\n|-boost|p2a: Espathra|spe|1\n|upkeep\n|\n|t:|1732987812\n|switch|p1a: Alcremie|Alcremie-Ruby-Cream, L90, F|263/263\n|turn|29\n|\n|t:|1732987823\n|move|p2a: Espathra|Roost|p2a: Espathra\n|-heal|p2a: Espathra|187/283\n|-singleturn|p2a: Espathra|move: Roost\n|move|p1a: Alcremie|Alluring Voice|p2a: Espathra\n|-damage|p2a: Espathra|88/283\n|\n|-heal|p2a: Espathra|105/283|[from] item: Leftovers\n|-ability|p2a: Espathra|Speed Boost|boost\n|-boost|p2a: Espathra|spe|1\n|upkeep\n|turn|30\n|\n|t:|1732987831\n|move|p2a: Espathra|Calm Mind|p2a: Espathra\n|-boost|p2a: Espathra|spa|1\n|-boost|p2a: Espathra|spd|1\n|move|p1a: Alcremie|Alluring Voice|p2a: Espathra\n|-damage|p2a: Espathra|27/283\n|-start|p2a: Espathra|confusion\n|\n|-heal|p2a: Espathra|44/283|[from] item: Leftovers\n|upkeep\n|turn|31\n|\n|t:|1732987839\n|-activate|p2a: Espathra|confusion\n|-damage|p2a: Espathra|26/283|[from] confusion\n|move|p1a: Alcremie|Alluring Voice|p2a: Espathra\n|-damage|p2a: Espathra|0 fnt\n|faint|p2a: Espathra\n|\n|win|123456789ok\n|raw|123456789ok's rating: 1453 &rarr; <strong>1471</strong><br />(+18 for winning)\n|raw|ReduxJaeger's rating: 1412 &rarr; <strong>1394</strong><br />(-18 for losing)\n|l|\u2606ReduxJaeger\n|player|p2|\n", "inputlog": ">version b107d77f5c90bd6555267ae244a6264823309ead\n>start {\"formatid\":\"gen9randombattle\",\"seed\":[38167,47535,38091,37164],\"rated\":\"Rated battle\"}\n>player p1 {\"name\":\"123456789ok\",\"avatar\":\"169\",\"rating\":1453,\"seed\":[31177,18527,15938,28567]}\n>player p2 {\"name\":\"ReduxJaeger\",\"avatar\":\"265\",\"rating\":1412,\"seed\":[34993,56195,31412,36609]}\n>p1 move knockoff\n>p2 move wish\n>p1 move toxicspikes\n>p2 switch 5\n>p1 move gunkshot\n>p2 move closecombat\n>p1 move gunkshot\n>p2 move acrobatics\n>p2 switch 3\n>p1 move suckerpunch\n>p2 move knockoff\n>p1 switch 6\n>p1 move rapidspin\n>p2 move partingshot\n>p2 switch 5\n>p1 switch 2\n>p2 move foulplay\n>p1 move rapidspin\n>p2 move protect\n>p1 move rapidspin\n>p2 move foulplay\n>p1 move highjumpkick\n>p2 move foulplay\n>p1 switch 2\n>p1 move rapidspin\n>p2 move wish\n>p2 switch 5\n>p1 move earthquake\n>p2 move encore\n>p1 move rapidspin\n>p2 move partingshot\n>p2 switch 2\n>p1 switch 3\n>p2 move nastyplot\n>p1 move darkpulse terastallize\n>p2 move hypervoice terastallize\n>p1 switch 4\n>p1 move alluringvoice\n>p2 move hypervoice\n>p1 switch 3\n>p1 move rapidspin\n>p2 move hypervoice\n>p1 move ironhead\n>p2 move hypervoice\n>p1 move ironhead\n>p2 move hypervoice\n>p2 switch 2\n>p1 move earthquake\n>p2 move encore\n>p2 switch 6\n>p1 move ironhead\n>p2 move substitute\n>p1 move ironhead\n>p2 move calmmind\n>p1 move earthquake\n>p2 move terablast\n>p2 switch 4\n>p1 move ironhead\n>p2 move calmmind\n>p1 move ironhead\n>p2 move roost\n>p1 move ironhead\n>p2 move roost\n>p1 move ironhead\n>p2 move storedpower\n>p1 move ironhead\n>p2 move storedpower\n>p1 switch 5\n>p1 move alluringvoice\n>p2 move roost\n>p1 move alluringvoice\n>p2 move calmmind\n>p1 move alluringvoice\n>p2 move roost", "uploadtime": 1732987858, "views": 3, "formatid": "gen9randombattle", "rating": 1394, "private": 0, "password": null}