{"id": "gen9randombattle-2253821608", "format": "[Gen 9] Random Battle", "players": ["Falchion776", "MidnightMadman"], "log": "|j|\u2606Falchion776\n|j|\u2606MidnightMadman\n|t:|1732943543\n|gametype|singles\n|player|p1|Falchion776|lance|1386\n|player|p2|MidnightMadman|170|1392\n|teamsize|p1|6\n|teamsize|p2|6\n|gen|9\n|tier|[Gen 9] Random Battle\n|rated|\n|rule|Species Clause: Limit one of each Pok\u00e9mon\n|rule|HP Percentage Mod: HP is shown in percentages\n|rule|Sleep Clause Mod: Limit one foe put to sleep\n|rule|Illusion Level Mod: Illusion disguises the Pok\u00e9mon's true level\n|\n|t:|1732943543\n|start\n|switch|p1a: Kingambit|Kingambit, L74, M|270/270\n|switch|p2a: Flamigo|Flamigo, L82, F|269/269\n|turn|1\n|inactive|Battle timer is ON: inactive players will automatically lose when time's up. (requested by MidnightMadman)\n|\n|t:|1732943552\n|-end|p1a: Kingambit|fallenundefined|[silent]\n|switch|p1a: Vileplume|Vileplume, L86, M|269/269\n|move|p2a: Flamigo|Swords Dance|p2a: Flamigo\n|-boost|p2a: Flamigo|atk|2\n|\n|upkeep\n|turn|2\n|\n|t:|1732943569\n|-terastallize|p1a: Vileplume|Water\n|move|p2a: Flamigo|Brave Bird|p1a: Vileplume\n|-damage|p1a: Vileplume|0 fnt\n|faint|p1a: Vileplume\n|-damage|p2a: Flamigo|180/269|[from] Recoil\n|-damage|p2a: Flamigo|154/269|[from] item: Life Orb\n|\n|upkeep\n|\n|t:|1732943581\n|switch|p1a: Mew|Mew, L82|298/298\n|turn|3\n|\n|t:|1732943598\n|move|p1a: Mew|Psyshock|p2a: Flamigo\n|-supereffective|p2a: Flamigo\n|-damage|p2a: Flamigo|0 fnt\n|faint|p2a: Flamigo\n|-damage|p1a: Mew|269/298|[from] item: Life Orb\n|\n|upkeep\n|\n|t:|1732943600\n|switch|p2a: Morpeko|Morpeko, L88, M|245/245\n|turn|4\n|\n|t:|1732943608\n|move|p2a: Morpeko|Aura Wheel|p1a: Mew\n|-damage|p1a: Mew|151/298\n|-boost|p2a: Morpeko|spe|1\n|move|p1a: Mew|Earth Power|p2a: Morpeko\n|-supereffective|p2a: Morpeko\n|-damage|p2a: Morpeko|21/245\n|-damage|p1a: Mew|122/298|[from] item: Life Orb\n|\n|-formechange|p2a: Morpeko|Morpeko-Hangry||[from] ability: Hunger Switch\n|upkeep\n|turn|5\n|\n|t:|1732943632\n|switch|p1a: Greedent|Greedent, L86, F|347/347\n|move|p2a: Morpeko|Aura Wheel|p1a: Greedent\n|-damage|p1a: Greedent|235/347\n|-boost|p2a: Morpeko|spe|1\n|\n|-formechange|p2a: Morpeko|Morpeko||[from] ability: Hunger Switch\n|upkeep\n|turn|6\n|\n|t:|1732943641\n|move|p2a: Morpeko|Parting Shot|p1a: Greedent\n|-unboost|p1a: Greedent|atk|1\n|-unboost|p1a: Greedent|spa|1\n|\n|t:|1732943643\n|switch|p2a: Mismagius|Mismagius, L86, F|243/243|[from] Parting Shot\n|move|p1a: Greedent|Knock Off|p2a: Mismagius\n|-supereffective|p2a: Mismagius\n|-damage|p2a: Mismagius|113/243\n|-enditem|p2a: Mismagius|Choice Specs|[from] move: Knock Off|[of] p1a: Greedent\n|\n|upkeep\n|turn|7\n|\n|t:|1732943653\n|move|p2a: Mismagius|Trick|p1a: Greedent\n|-activate|p2a: Mismagius|move: Trick|[of] p1a: Greedent\n|-enditem|p1a: Greedent|Sitrus Berry|[silent]|[from] move: Trick\n|-item|p2a: Mismagius|Sitrus Berry|[from] move: Trick\n|-enditem|p2a: Mismagius|Sitrus Berry|[eat]\n|-heal|p2a: Mismagius|173/243|[from] item: Sitrus Berry\n|move|p1a: Greedent|Swords Dance|p1a: Greedent\n|-boost|p1a: Greedent|atk|2\n|\n|upkeep\n|turn|8\n|\n|t:|1732943661\n|move|p2a: Mismagius|Dazzling Gleam|p1a: Greedent\n|-damage|p1a: Greedent|167/347\n|move|p1a: Greedent|Knock Off|p2a: Mismagius\n|-supereffective|p2a: Mismagius\n|-damage|p2a: Mismagius|0 fnt\n|faint|p2a: Mismagius\n|\n|upkeep\n|\n|t:|1732943666\n|switch|p2a: Vigoroth|Vigoroth, L85, F|275/275\n|turn|9\n|\n|t:|1732943676\n|move|p2a: Vigoroth|Bulk Up|p2a: Vigoroth\n|-boost|p2a: Vigoroth|atk|1\n|-boost|p2a: Vigoroth|def|1\n|move|p1a: Greedent|Knock Off|p2a: Vigoroth\n|-damage|p2a: Vigoroth|226/275\n|-enditem|p2a: Vigoroth|Eviolite|[from] move: Knock Off|[of] p1a: Greedent\n|\n|upkeep\n|turn|10\n|\n|t:|1732943687\n|move|p2a: Vigoroth|Body Slam|p1a: Greedent\n|-damage|p1a: Greedent|59/347\n|move|p1a: Greedent|Swords Dance|p1a: Greedent\n|-boost|p1a: Greedent|atk|2\n|\n|upkeep\n|turn|11\n|\n|t:|1732943693\n|move|p2a: Vigoroth|Body Slam|p1a: Greedent\n|-damage|p1a: Greedent|0 fnt\n|faint|p1a: Greedent\n|\n|upkeep\n|\n|t:|1732943700\n|switch|p1a: Magmortar|Magmortar, L88, F|275/275\n|turn|12\n|\n|t:|1732943703\n|move|p2a: Vigoroth|Knock Off|p1a: Magmortar\n|-crit|p1a: Magmortar\n|-damage|p1a: Magmortar|102/275\n|-status|p2a: Vigoroth|brn|[from] ability: Flame Body|[of] p1a: Magmortar\n|-enditem|p1a: Magmortar|Heavy-Duty Boots|[from] move: Knock Off|[of] p2a: Vigoroth\n|move|p1a: Magmortar|Fire Blast|p2a: Vigoroth|[miss]\n|-miss|p1a: Magmortar|p2a: Vigoroth\n|\n|-damage|p2a: Vigoroth|209/275 brn|[from] brn\n|upkeep\n|turn|13\n|\n|t:|1732943715\n|switch|p1a: Poliwrath|Poliwrath, L88, M|302/302\n|move|p2a: Vigoroth|Bulk Up|p2a: Vigoroth\n|-boost|p2a: Vigoroth|atk|1\n|-boost|p2a: Vigoroth|def|1\n|\n|-damage|p2a: Vigoroth|192/275 brn|[from] brn\n|upkeep\n|turn|14\n|\n|t:|1732943726\n|move|p2a: Vigoroth|Bulk Up|p2a: Vigoroth\n|-boost|p2a: Vigoroth|atk|1\n|-boost|p2a: Vigoroth|def|1\n|move|p1a: Poliwrath|Liquidation|p2a: Vigoroth\n|-damage|p2a: Vigoroth|149/275 brn\n|-unboost|p2a: Vigoroth|def|1\n|\n|-damage|p2a: Vigoroth|132/275 brn|[from] brn\n|upkeep\n|turn|15\n|\n|t:|1732943735\n|move|p2a: Vigoroth|Body Slam|p1a: Poliwrath\n|-damage|p1a: Poliwrath|214/302\n|move|p1a: Poliwrath|Liquidation|p2a: Vigoroth\n|-damage|p2a: Vigoroth|84/275 brn\n|-unboost|p2a: Vigoroth|def|1\n|\n|-damage|p2a: Vigoroth|67/275 brn|[from] brn\n|upkeep\n|turn|16\n|\n|t:|1732943743\n|move|p2a: Vigoroth|Knock Off|p1a: Poliwrath\n|-resisted|p1a: Poliwrath\n|-damage|p1a: Poliwrath|177/302\n|-enditem|p1a: Poliwrath|Assault Vest|[from] move: Knock Off|[of] p2a: Vigoroth\n|move|p1a: Poliwrath|Liquidation|p2a: Vigoroth\n|-damage|p2a: Vigoroth|0 fnt\n|faint|p2a: Vigoroth\n|\n|upkeep\n|\n|t:|1732943754\n|switch|p2a: Ogerpon|Ogerpon-Hearthflame, L74, F|239/239\n|-ability|p2a: Ogerpon|Mold Breaker\n|turn|17\n|\n|t:|1732943760\n|move|p2a: Ogerpon|Power Whip|p1a: Poliwrath\n|-supereffective|p1a: Poliwrath\n|-damage|p1a: Poliwrath|0 fnt\n|faint|p1a: Poliwrath\n|\n|upkeep\n|\n|t:|1732943788\n|switch|p1a: Mew|Mew, L82|122/298\n|turn|18\n|\n|t:|1732943794\n|-terastallize|p2a: Ogerpon|Fire\n|detailschange|p2a: Ogerpon|Ogerpon-Hearthflame-Tera, L74, F, tera:Fire\n|-ability|p2a: Ogerpon|Embody Aspect (Hearthflame)|boost\n|-boost|p2a: Ogerpon|atk|1\n|move|p1a: Mew|Psyshock|p2a: Ogerpon\n|-damage|p2a: Ogerpon|113/239\n|-damage|p1a: Mew|93/298|[from] item: Life Orb\n|move|p2a: Ogerpon|Ivy Cudgel|p1a: Mew|[anim] Ivy Cudgel Fire\n|-damage|p1a: Mew|0 fnt\n|faint|p1a: Mew\n|\n|upkeep\n|\n|t:|1732943808\n|switch|p1a: Kingambit|Kingambit, L74, M|270/270\n|-activate|p1a: Kingambit|ability: Supreme Overlord\n|-start|p1a: Kingambit|fallen4|[silent]\n|turn|19\n|\n|t:|1732943812\n|move|p1a: Kingambit|Sucker Punch|p2a: Ogerpon\n|-damage|p2a: Ogerpon|0 fnt\n|faint|p2a: Ogerpon\n|\n|upkeep\n|\n|t:|1732943815\n|switch|p2a: Morpeko|Morpeko, L88, M|21/245\n|turn|20\n|\n|t:|1732943818\n|move|p1a: Kingambit|Sucker Punch||[still]\n|-fail|p1a: Kingambit\n|move|p2a: Morpeko|Parting Shot|p1a: Kingambit\n|-unboost|p1a: Kingambit|atk|1\n|-unboost|p1a: Kingambit|spa|1\n|\n|t:|1732943820\n|switch|p2a: Necrozma|Necrozma, L80|286/286|[from] Parting Shot\n|\n|upkeep\n|turn|21\n|\n|t:|1732943826\n|move|p2a: Necrozma|Earth Power|p1a: Kingambit\n|-supereffective|p1a: Kingambit\n|-crit|p1a: Kingambit\n|-damage|p1a: Kingambit|34/270\n|move|p1a: Kingambit|Swords Dance|p1a: Kingambit\n|-boost|p1a: Kingambit|atk|2\n|\n|-heal|p1a: Kingambit|50/270|[from] item: Leftovers\n|upkeep\n|turn|22\n|\n|t:|1732943833\n|move|p1a: Kingambit|Sucker Punch||[still]\n|-fail|p1a: Kingambit\n|move|p2a: Necrozma|Calm Mind|p2a: Necrozma\n|-boost|p2a: Necrozma|spa|1\n|-boost|p2a: Necrozma|spd|1\n|\n|-heal|p1a: Kingambit|66/270|[from] item: Leftovers\n|upkeep\n|turn|23\n|\n|t:|1732943840\n|move|p1a: Kingambit|Sucker Punch|p2a: Necrozma\n|-supereffective|p2a: Necrozma\n|-damage|p2a: Necrozma|64/286\n|move|p2a: Necrozma|Earth Power|p1a: Kingambit\n|-supereffective|p1a: Kingambit\n|-damage|p1a: Kingambit|0 fnt\n|faint|p1a: Kingambit\n|-end|p1a: Kingambit|fallen4|[silent]\n|\n|-heal|p2a: Necrozma|81/286|[from] item: Leftovers\n|upkeep\n|\n|t:|1732943848\n|switch|p1a: Magmortar|Magmortar, L88, F|102/275\n|turn|24\n|\n|t:|1732943853\n|move|p1a: Magmortar|Fire Blast|p2a: Necrozma|[miss]\n|-miss|p1a: Magmortar|p2a: Necrozma\n|move|p2a: Necrozma|Moonlight|p2a: Necrozma\n|-heal|p2a: Necrozma|224/286\n|\n|-heal|p2a: Necrozma|241/286|[from] item: Leftovers\n|upkeep\n|turn|25\n|\n|t:|1732943861\n|move|p1a: Magmortar|Fire Blast|p2a: Necrozma\n|-damage|p2a: Necrozma|141/286\n|move|p2a: Necrozma|Earth Power|p1a: Magmortar\n|-supereffective|p1a: Magmortar\n|-damage|p1a: Magmortar|0 fnt\n|faint|p1a: Magmortar\n|\n|win|MidnightMadman\n|raw|Falchion776's rating: 1386 &rarr; <strong>1366</strong><br />(-20 for losing)\n|raw|MidnightMadman's rating: 1392 &rarr; <strong>1412</strong><br />(+20 for winning)\n|c|\u2606MidnightMadman|gg wp\n|c|\u2606Falchion776|gg\n|l|\u2606MidnightMadman\n|player|p2|\n|j|\u2606MidnightMadman\n|player|p2|MidnightMadman|170|\n", "inputlog": ">version b107d77f5c90bd6555267ae244a6264823309ead\n>start {\"formatid\":\"gen9randombattle\",\"seed\":[40096,6884,506,29974],\"rated\":\"Rated battle\"}\n>player p1 {\"name\":\"Falchion776\",\"avatar\":\"lance\",\"rating\":1386,\"seed\":[26782,56345,15246,8465]}\n>player p2 {\"name\":\"MidnightMadman\",\"avatar\":\"170\",\"rating\":1392,\"seed\":[62197,8828,14001,23882]}\n>p1 switch 3\n>p2 move swordsdance\n>p1 move leechseed terastallize\n>p2 move bravebird\n>p1 switch 2\n>p1 move psyshock\n>p2 move throatchop\n>p2 switch 6\n>p1 move earthpower\n>p2 move aurawheel\n>p1 switch 5\n>p2 move aurawheel\n>p1 move knockoff\n>p2 move partingshot\n>p2 switch 4\n>p1 move swordsdance\n>p2 move trick\n>p1 move knockoff\n>p2 move dazzlinggleam\n>p2 switch 2\n>p1 move knockoff\n>p2 move bulkup\n>p1 move swordsdance\n>p2 move bodyslam\n>p1 move doubleedge\n>p2 move bodyslam\n>p1 switch 4\n>p1 move fireblast\n>p2 move knockoff\n>p1 switch 6\n>p2 move bulkup\n>p1 move liquidation\n>p2 move bulkup\n>p1 move liquidation\n>p2 move bodyslam\n>p1 move liquidation\n>p2 move knockoff\n>p2 switch 5\n>p1 move liquidation\n>p2 move powerwhip\n>p1 switch 5\n>p1 move psyshock\n>p2 move ivycudgel terastallize\n>p1 switch 3\n>p1 move suckerpunch\n>p2 move ivycudgel\n>p2 switch 4\n>p1 move suckerpunch\n>p2 move partingshot\n>p2 switch 3\n>p1 move swordsdance\n>p2 move earthpower\n>p1 move suckerpunch\n>p2 move calmmind\n>p1 move suckerpunch\n>p2 move earthpower\n>p1 switch 6\n>p1 move fireblast\n>p2 move moonlight\n>p1 move fireblast\n>p2 move earthpower", "uploadtime": 1732943875, "views": 1, "formatid": "gen9randombattle", "rating": 1366, "private": 0, "password": null}