{"id": "gen9randombattle-2253880910", "format": "[Gen 9] Random Battle", "players": ["Pinx2", "kapiru"], "log": "|j|\u2606Pinx2\n|j|\u2606kapiru\n|t:|1732955235\n|gametype|singles\n|player|p1|Pinx2|2|1069\n|player|p2|kapiru|266|1069\n|teamsize|p1|6\n|teamsize|p2|6\n|gen|9\n|tier|[Gen 9] Random Battle\n|rated|\n|rule|Species Clause: Limit one of each Pok\u00e9mon\n|rule|HP Percentage Mod: HP is shown in percentages\n|rule|Sleep Clause Mod: Limit one foe put to sleep\n|rule|Illusion Level Mod: Illusion disguises the Pok\u00e9mon's true level\n|\n|t:|1732955235\n|start\n|switch|p1a: Kyurem|Kyurem, L77|319/319\n|switch|p2a: Duraludon|Duraludon, L82, F|249/249\n|-ability|p1a: Kyurem|Pressure\n|turn|1\n|inactive|Battle timer is ON: inactive players will automatically lose when time's up. (requested by Pinx2)\n|\n|t:|1732955250\n|switch|p1a: Cloyster|Cloyster, L80, F|211/211\n|move|p2a: Duraludon|Draco Meteor|p1a: Cloyster|[miss]\n|-miss|p2a: Duraludon|p1a: Cloyster\n|\n|upkeep\n|turn|2\n|\n|t:|1732955262\n|move|p2a: Duraludon|Body Press|p1a: Cloyster\n|-supereffective|p1a: Cloyster\n|-damage|p1a: Cloyster|135/211\n|move|p1a: Cloyster|Shell Smash|p1a: Cloyster\n|-unboost|p1a: Cloyster|def|1\n|-unboost|p1a: Cloyster|spd|1\n|-boost|p1a: Cloyster|atk|2\n|-boost|p1a: Cloyster|spa|2\n|-boost|p1a: Cloyster|spe|2\n|-enditem|p1a: Cloyster|White Herb\n|-clearnegativeboost|p1a: Cloyster|[silent]\n|\n|upkeep\n|turn|3\n|\n|t:|1732955274\n|move|p1a: Cloyster|Icicle Spear|p2a: Duraludon\n|-damage|p2a: Duraludon|221/249\n|-damage|p2a: Duraludon|194/249\n|-damage|p2a: Duraludon|167/249\n|-damage|p2a: Duraludon|139/249\n|-damage|p2a: Duraludon|109/249\n|-hitcount|p2a: Duraludon|5\n|move|p2a: Duraludon|Iron Defense|p2a: Duraludon\n|-boost|p2a: Duraludon|def|2\n|\n|upkeep\n|turn|4\n|\n|t:|1732955285\n|move|p1a: Cloyster|Icicle Spear|p2a: Duraludon\n|-damage|p2a: Duraludon|94/249\n|-damage|p2a: Duraludon|79/249\n|-damage|p2a: Duraludon|66/249\n|-damage|p2a: Duraludon|51/249\n|-damage|p2a: Duraludon|38/249\n|-hitcount|p2a: Duraludon|5\n|move|p2a: Duraludon|Body Press|p1a: Cloyster\n|-supereffective|p1a: Cloyster\n|-damage|p1a: Cloyster|0 fnt\n|faint|p1a: Cloyster\n|\n|upkeep\n|\n|t:|1732955301\n|switch|p1a: Kyurem|Kyurem, L77|319/319\n|-ability|p1a: Kyurem|Pressure\n|turn|5\n|\n|t:|1732955306\n|move|p1a: Kyurem|Scale Shot|p2a: Duraludon\n|-damage|p2a: Duraludon|29/249\n|-damage|p2a: Duraludon|20/249\n|-damage|p2a: Duraludon|11/249\n|-damage|p2a: Duraludon|2/249\n|-hitcount|p2a: Duraludon|4\n|-unboost|p1a: Kyurem|def|1\n|-boost|p1a: Kyurem|spe|1\n|move|p2a: Duraludon|Draco Meteor|p1a: Kyurem\n|-supereffective|p1a: Kyurem\n|-damage|p1a: Kyurem|13/319\n|-unboost|p2a: Duraludon|spa|2\n|\n|upkeep\n|turn|6\n|\n|t:|1732955322\n|move|p1a: Kyurem|Icicle Spear|p2a: Duraludon\n|-damage|p2a: Duraludon|0 fnt\n|faint|p2a: Duraludon\n|-hitcount|p2: Duraludon|1\n|\n|upkeep\n|\n|t:|1732955342\n|switch|p2a: Fezandipiti|Fezandipiti, L82, M|278/278\n|turn|7\n|-message|Pinx2 forfeited.\n|\n|win|kapiru\n|raw|Pinx2's rating: 1069 &rarr; <strong>1049</strong><br />(-20 for losing)\n|raw|kapiru's rating: 1069 &rarr; <strong>1099</strong><br />(+30 for winning)\n|l|\u2606Pinx2\n|player|p1|\n", "inputlog": ">version b107d77f5c90bd6555267ae244a6264823309ead\n>start {\"formatid\":\"gen9randombattle\",\"seed\":[35790,315,17891,10131],\"rated\":\"Rated battle\"}\n>player p1 {\"name\":\"Pinx2\",\"avatar\":\"2\",\"rating\":1069,\"seed\":[56113,52194,50727,47044]}\n>player p2 {\"name\":\"kapiru\",\"avatar\":\"266\",\"rating\":1069,\"seed\":[45658,22701,53160,31857]}\n>p1 switch 4\n>p2 move dracometeor\n>p1 move shellsmash\n>p2 move bodypress\n>p1 move iciclespear\n>p2 move irondefense\n>p1 move iciclespear\n>p2 move bodypress\n>p1 switch 4\n>p1 move scaleshot\n>p2 move dracometeor\n>p1 move iciclespear\n>p2 move irondefense\n>p2 switch 3\n>forcelose p1", "uploadtime": 1732955354, "views": 2, "formatid": "gen9randombattle", "rating": 1049, "private": 0, "password": null}