{"id": "gen9randombattle-2253818390", "format": "[Gen 9] Random Battle", "players": ["sverreglitch", "darkbro20003"], "log": "|j|\u2606sverreglitch\n|j|\u2606darkbro20003\n|t:|1732943027\n|gametype|singles\n|player|p1|sverreglitch|266|1110\n|player|p2|darkbro20003|iris-gen5bw2|1094\n|teamsize|p1|6\n|teamsize|p2|6\n|gen|9\n|tier|[Gen 9] Random Battle\n|rated|\n|rule|Species Clause: Limit one of each Pok\u00e9mon\n|rule|HP Percentage Mod: HP is shown in percentages\n|rule|Sleep Clause Mod: Limit one foe put to sleep\n|rule|Illusion Level Mod: Illusion disguises the Pok\u00e9mon's true level\n|\n|t:|1732943027\n|start\n|switch|p1a: Crabominable|Crabominable, L90, F|321/321\n|switch|p2a: Swampert|Swampert, L83, M|302/302\n|turn|1\n|\n|t:|1732943046\n|move|p2a: Swampert|Earthquake|p1a: Crabominable\n|-damage|p1a: Crabominable|195/321\n|move|p1a: Crabominable|Gunk Shot|p2a: Swampert|[miss]\n|-miss|p1a: Crabominable|p2a: Swampert\n|\n|upkeep\n|turn|2\n|\n|t:|1732943057\n|switch|p1a: Oricorio|Oricorio, L84, F|263/263\n|-terastallize|p2a: Swampert|Steel\n|move|p2a: Swampert|Earthquake|p1a: Oricorio\n|-immune|p1a: Oricorio\n|\n|upkeep\n|turn|3\n|\n|t:|1732943068\n|move|p1a: Oricorio|Quiver Dance|p1a: Oricorio\n|-boost|p1a: Oricorio|spa|1\n|-boost|p1a: Oricorio|spd|1\n|-boost|p1a: Oricorio|spe|1\n|move|p2a: Swampert|Knock Off|p1a: Oricorio\n|-damage|p1a: Oricorio|181/263\n|-enditem|p1a: Oricorio|Heavy-Duty Boots|[from] move: Knock Off|[of] p2a: Swampert\n|\n|upkeep\n|turn|4\n|\n|t:|1732943075\n|move|p1a: Oricorio|Quiver Dance|p1a: Oricorio\n|-boost|p1a: Oricorio|spa|1\n|-boost|p1a: Oricorio|spd|1\n|-boost|p1a: Oricorio|spe|1\n|move|p2a: Swampert|Ice Beam|p1a: Oricorio\n|-crit|p1a: Oricorio\n|-damage|p1a: Oricorio|81/263\n|\n|upkeep\n|turn|5\n|\n|t:|1732943084\n|move|p1a: Oricorio|Revelation Dance|p2a: Swampert\n|-supereffective|p2a: Swampert\n|-damage|p2a: Swampert|0 fnt\n|faint|p2a: Swampert\n|\n|upkeep\n|\n|t:|1732943095\n|switch|p2a: Flutter Mane|Flutter Mane, L74|203/203\n|turn|6\n|\n|t:|1732943101\n|move|p1a: Oricorio|Roost|p1a: Oricorio\n|-heal|p1a: Oricorio|213/263\n|-singleturn|p1a: Oricorio|move: Roost\n|move|p2a: Flutter Mane|Thunderbolt|p1a: Oricorio\n|-crit|p1a: Oricorio\n|-damage|p1a: Oricorio|52/263\n|-damage|p2a: Flutter Mane|183/203|[from] item: Life Orb\n|\n|upkeep\n|turn|7\n|\n|t:|1732943112\n|move|p1a: Oricorio|Revelation Dance|p2a: Flutter Mane\n|-damage|p2a: Flutter Mane|36/203\n|move|p2a: Flutter Mane|Thunderbolt|p1a: Oricorio\n|-supereffective|p1a: Oricorio\n|-damage|p1a: Oricorio|0 fnt\n|faint|p1a: Oricorio\n|-damage|p2a: Flutter Mane|16/203|[from] item: Life Orb\n|\n|upkeep\n|\n|t:|1732943127\n|switch|p1a: Falinks|Falinks, L84|246/246\n|turn|8\n|\n|t:|1732943141\n|move|p2a: Flutter Mane|Moonblast|p1a: Falinks\n|-supereffective|p1a: Falinks\n|-damage|p1a: Falinks|0 fnt\n|faint|p1a: Falinks\n|-damage|p2a: Flutter Mane|0 fnt|[from] item: Life Orb\n|faint|p2a: Flutter Mane\n|-end|p2a: Flutter Mane|Protosynthesis|[silent]\n|\n|upkeep\n|\n|t:|1732943151\n|switch|p2a: Toxtricity|Toxtricity, L82, M|257/257\n|switch|p1a: Duraludon|Duraludon, L82, F|249/249\n|turn|9\n|\n|t:|1732943171\n|switch|p2a: Bombirdier|Bombirdier, L85, M|258/258\n|move|p1a: Duraludon|Stealth Rock|p2a: Bombirdier\n|-sidestart|p2: darkbro20003|move: Stealth Rock\n|\n|upkeep\n|turn|10\n|\n|t:|1732943192\n|move|p2a: Bombirdier|Knock Off|p1a: Duraludon\n|-damage|p1a: Duraludon|147/249\n|-enditem|p1a: Duraludon|Eviolite|[from] move: Knock Off|[of] p2a: Bombirdier\n|move|p1a: Duraludon|Flash Cannon|p2a: Bombirdier\n|-damage|p2a: Bombirdier|164/258\n|\n|upkeep\n|turn|11\n|\n|t:|1732943200\n|move|p2a: Bombirdier|Knock Off|p1a: Duraludon\n|-damage|p1a: Duraludon|54/249\n|move|p1a: Duraludon|Flash Cannon|p2a: Bombirdier\n|-damage|p2a: Bombirdier|74/258\n|\n|upkeep\n|turn|12\n|\n|t:|1732943205\n|move|p2a: Bombirdier|Knock Off|p1a: Duraludon\n|-damage|p1a: Duraludon|0 fnt\n|faint|p1a: Duraludon\n|\n|upkeep\n|\n|t:|1732943214\n|switch|p1a: Thundurus|Thundurus-Therian, L80, M|258/258\n|turn|13\n|\n|t:|1732943221\n|move|p1a: Thundurus|Sludge Wave|p2a: Bombirdier\n|-damage|p2a: Bombirdier|0 fnt\n|faint|p2a: Bombirdier\n|\n|upkeep\n|\n|t:|1732943229\n|switch|p2a: Toxtricity|Toxtricity, L82, M|257/257\n|-damage|p2a: Toxtricity|225/257|[from] Stealth Rock\n|turn|14\n|\n|t:|1732943240\n|switch|p1a: Crabominable|Crabominable, L90, F|195/321\n|move|p2a: Toxtricity|Shift Gear|p2a: Toxtricity\n|-boost|p2a: Toxtricity|spe|2\n|-boost|p2a: Toxtricity|atk|1\n|\n|upkeep\n|turn|15\n|\n|t:|1732943257\n|move|p2a: Toxtricity|Boomburst|p1a: Crabominable\n|-damage|p1a: Crabominable|31/321\n|-enditem|p2a: Toxtricity|Throat Spray\n|-boost|p2a: Toxtricity|spa|1|[from] item: Throat Spray\n|move|p1a: Crabominable|Earthquake|p2a: Toxtricity\n|-supereffective|p2a: Toxtricity\n|-damage|p2a: Toxtricity|0 fnt\n|faint|p2a: Toxtricity\n|\n|upkeep\n|\n|t:|1732943270\n|switch|p2a: Iron Hands|Iron Hands, L79|373/373\n|-damage|p2a: Iron Hands|350/373|[from] Stealth Rock\n|turn|16\n|\n|t:|1732943279\n|move|p2a: Iron Hands|Fake Out|p1a: Crabominable\n|-damage|p1a: Crabominable|0 fnt\n|faint|p1a: Crabominable\n|\n|upkeep\n|\n|t:|1732943283\n|switch|p1a: Trevenant|Trevenant, L88, M|293/293\n|turn|17\n|\n|t:|1732943296\n|move|p1a: Trevenant|Drain Punch|p2a: Iron Hands\n|-damage|p2a: Iron Hands|269/373\n|-damage|p1a: Trevenant|264/293|[from] item: Life Orb\n|move|p2a: Iron Hands|Ice Punch|p1a: Trevenant\n|-supereffective|p1a: Trevenant\n|-damage|p1a: Trevenant|124/293\n|\n|upkeep\n|turn|18\n|\n|t:|1732943307\n|move|p1a: Trevenant|Wood Hammer|p2a: Iron Hands\n|-damage|p2a: Iron Hands|74/373\n|-damage|p1a: Trevenant|60/293|[from] Recoil\n|-damage|p1a: Trevenant|31/293|[from] item: Life Orb\n|move|p2a: Iron Hands|Ice Punch|p1a: Trevenant\n|-supereffective|p1a: Trevenant\n|-damage|p1a: Trevenant|0 fnt\n|faint|p1a: Trevenant\n|\n|upkeep\n|\n|t:|1732943317\n|switch|p1a: Thundurus|Thundurus-Therian, L80, M|258/258\n|turn|19\n|\n|t:|1732943327\n|move|p1a: Thundurus|Sludge Wave|p2a: Iron Hands\n|-damage|p2a: Iron Hands|0 fnt\n|faint|p2a: Iron Hands\n|-end|p2a: Iron Hands|Quark Drive|[silent]\n|\n|upkeep\n|\n|t:|1732943332\n|switch|p2a: Fezandipiti|Fezandipiti, L82, M|278/278\n|-damage|p2a: Fezandipiti|244/278|[from] Stealth Rock\n|turn|20\n|\n|t:|1732943350\n|-terastallize|p1a: Thundurus|Poison\n|move|p1a: Thundurus|Sludge Wave|p2a: Fezandipiti\n|-damage|p2a: Fezandipiti|180/278\n|move|p2a: Fezandipiti|Beat Up|p1a: Thundurus\n|-damage|p1a: Thundurus|246/258\n|-hitcount|p1a: Thundurus|1\n|\n|upkeep\n|turn|21\n|\n|t:|1732943363\n|move|p1a: Thundurus|Sludge Wave|p2a: Fezandipiti\n|-damage|p2a: Fezandipiti|108/278\n|move|p2a: Fezandipiti|Gunk Shot|p1a: Thundurus\n|-resisted|p1a: Thundurus\n|-crit|p1a: Thundurus\n|-damage|p1a: Thundurus|131/258\n|\n|upkeep\n|turn|22\n|\n|t:|1732943371\n|move|p1a: Thundurus|Sludge Wave|p2a: Fezandipiti\n|-damage|p2a: Fezandipiti|36/278\n|move|p2a: Fezandipiti|Gunk Shot|p1a: Thundurus\n|-resisted|p1a: Thundurus\n|-damage|p1a: Thundurus|62/258\n|\n|upkeep\n|turn|23\n|\n|t:|1732943385\n|move|p1a: Thundurus|Sludge Wave|p2a: Fezandipiti\n|-damage|p2a: Fezandipiti|0 fnt\n|faint|p2a: Fezandipiti\n|\n|win|sverreglitch\n|raw|sverreglitch's rating: 1110 &rarr; <strong>1134</strong><br />(+24 for winning)\n|raw|darkbro20003's rating: 1094 &rarr; <strong>1071</strong><br />(-23 for losing)\n", "inputlog": ">version b107d77f5c90bd6555267ae244a6264823309ead\n>start {\"formatid\":\"gen9randombattle\",\"seed\":[57754,21036,58118,64898],\"rated\":\"Rated battle\"}\n>player p1 {\"name\":\"sverreglitch\",\"avatar\":\"266\",\"rating\":1110,\"seed\":[45996,7839,54769,13918]}\n>player p2 {\"name\":\"darkbro20003\",\"avatar\":\"iris-gen5bw2\",\"rating\":1094,\"seed\":[62337,12253,19422,12785]}\n>p1 move gunkshot\n>p2 move earthquake\n>p1 switch 5\n>p2 move earthquake terastallize\n>p1 move quiverdance\n>p2 move knockoff\n>p1 move quiverdance\n>p2 move icebeam\n>p1 move revelationdance\n>p2 move icebeam\n>p2 switch 6\n>p1 move roost\n>p2 move thunderbolt\n>p1 move revelationdance\n>p2 move thunderbolt\n>p1 switch 6\n>p1 move noretreat\n>p2 move moonblast\n>p1 switch 4\n>p2 switch 5\n>p1 move stealthrock\n>p2 switch 4\n>p1 move flashcannon\n>p2 move knockoff\n>p1 move flashcannon\n>p2 move knockoff\n>p1 move flashcannon\n>p2 move knockoff\n>p1 switch 2\n>p1 move sludgewave\n>p2 move knockoff\n>p2 switch 4\n>p1 switch 5\n>p2 move shiftgear\n>p1 move earthquake\n>p2 move boomburst\n>p2 switch 2\n>p1 move earthquake\n>p2 move fakeout\n>p1 switch 3\n>p1 move drainpunch\n>p2 move icepunch\n>p1 move woodhammer\n>p2 move icepunch\n>p1 switch 5\n>p1 move sludgewave\n>p2 move icepunch\n>p2 switch 3\n>p1 move sludgewave terastallize\n>p2 move beatup\n>p1 move sludgewave\n>p2 move gunkshot\n>p1 move sludgewave\n>p2 move gunkshot\n>p1 move sludgewave\n>p2 move gunkshot", "uploadtime": 1732943393, "views": 2, "formatid": "gen9randombattle", "rating": 1071, "private": 0, "password": null}