{"id": "gen9randombattle-2253973264", "format": "[Gen 9] Random Battle", "players": ["Tkpt251", "ananananji"], "log": "|j|\u2606Tkpt251\n|j|\u2606ananananji\n|t:|1732973935\n|gametype|singles\n|player|p1|Tkpt251|birdkeeper-gen6|2219\n|player|p2|ananananji|102|2162\n|teamsize|p1|6\n|teamsize|p2|6\n|gen|9\n|tier|[Gen 9] Random Battle\n|rated|\n|rule|Species Clause: Limit one of each Pok\u00e9mon\n|rule|HP Percentage Mod: HP is shown in percentages\n|rule|Sleep Clause Mod: Limit one foe put to sleep\n|rule|Illusion Level Mod: Illusion disguises the Pok\u00e9mon's true level\n|\n|t:|1732973935\n|start\n|switch|p1a: Banette|Banette, L93, M|270/270\n|switch|p2a: Dragapult|Dragapult, L77, M|262/262\n|-item|p2a: Dragapult|Life Orb|[from] ability: Frisk|[of] p1a: Banette\n|turn|1\n|\n|t:|1732973944\n|switch|p2a: Zangoose|Zangoose, L85, M|263/263\n|move|p1a: Banette|Shadow Sneak|p2a: Zangoose\n|-immune|p2a: Zangoose\n|\n|-status|p2a: Zangoose|tox|[from] item: Toxic Orb\n|upkeep\n|turn|2\n|\n|t:|1732973953\n|move|p2a: Zangoose|Knock Off|p1a: Banette\n|-supereffective|p1a: Banette\n|-damage|p1a: Banette|14/270\n|-enditem|p1a: Banette|Life Orb|[from] move: Knock Off|[of] p2a: Zangoose\n|move|p1a: Banette|Gunk Shot|p2a: Zangoose\n|-damage|p2a: Zangoose|117/263 tox\n|\n|-damage|p2a: Zangoose|101/263 tox|[from] psn\n|upkeep\n|turn|3\n|inactive|Battle timer is ON: inactive players will automatically lose when time's up. (requested by ananananji)\n|\n|t:|1732973967\n|switch|p1a: Inteleon|Inteleon, L81, M|246/246\n|move|p2a: Zangoose|Knock Off|p1a: Inteleon\n|-damage|p1a: Inteleon|90/246\n|-enditem|p1a: Inteleon|Choice Specs|[from] move: Knock Off|[of] p2a: Zangoose\n|\n|-damage|p2a: Zangoose|69/263 tox|[from] psn\n|upkeep\n|turn|4\n|\n|t:|1732973980\n|move|p2a: Zangoose|Quick Attack|p1a: Inteleon\n|-damage|p1a: Inteleon|0 fnt\n|faint|p1a: Inteleon\n|\n|-damage|p2a: Zangoose|21/263 tox|[from] psn\n|upkeep\n|\n|t:|1732973987\n|switch|p1a: Banette|Banette, L93, M|14/270\n|-item|p2a: Zangoose|Toxic Orb|[from] ability: Frisk|[of] p1a: Banette\n|turn|5\n|\n|t:|1732973996\n|switch|p2a: Dondozo|Dondozo, L78, F|362/362\n|move|p1a: Banette|Thunder Wave|p2a: Dondozo\n|-status|p2a: Dondozo|par\n|\n|upkeep\n|turn|6\n|\n|t:|1732974000\n|move|p1a: Banette|Poltergeist|p2a: Dondozo\n|-activate|p2a: Dondozo|move: Poltergeist|Leftovers\n|-damage|p2a: Dondozo|229/362 par\n|move|p2a: Dondozo|Wave Crash|p1a: Banette\n|-damage|p1a: Banette|0 fnt\n|faint|p1a: Banette\n|-damage|p2a: Dondozo|224/362 par|[from] Recoil\n|\n|-heal|p2a: Dondozo|246/362 par|[from] item: Leftovers\n|upkeep\n|\n|t:|1732974015\n|switch|p1a: Volcarona|Volcarona, L77, M|257/257\n|turn|7\n|\n|t:|1732974022\n|switch|p2a: Electrode|Electrode-Hisui, L87|246/246\n|-terastallize|p1a: Volcarona|Grass\n|move|p1a: Volcarona|Quiver Dance|p1a: Volcarona\n|-boost|p1a: Volcarona|spa|1\n|-boost|p1a: Volcarona|spd|1\n|-boost|p1a: Volcarona|spe|1\n|\n|upkeep\n|turn|8\n|\n|t:|1732974028\n|move|p2a: Electrode|Thunder Wave|p1a: Volcarona\n|-status|p1a: Volcarona|par\n|move|p1a: Volcarona|Quiver Dance|p1a: Volcarona\n|-boost|p1a: Volcarona|spa|1\n|-boost|p1a: Volcarona|spd|1\n|-boost|p1a: Volcarona|spe|1\n|\n|upkeep\n|turn|9\n|\n|t:|1732974033\n|move|p2a: Electrode|Volt Switch|p1a: Volcarona\n|-resisted|p1a: Volcarona\n|-damage|p1a: Volcarona|234/257 par\n|-damage|p2a: Electrode|222/246|[from] item: Life Orb\n|\n|t:|1732974035\n|switch|p2a: Zangoose|Zangoose, L85, M|21/263 tox|[from] Volt Switch\n|move|p1a: Volcarona|Quiver Dance|p1a: Volcarona\n|-boost|p1a: Volcarona|spa|1\n|-boost|p1a: Volcarona|spd|1\n|-boost|p1a: Volcarona|spe|1\n|\n|-damage|p2a: Zangoose|5/263 tox|[from] psn\n|upkeep\n|turn|10\n|\n|t:|1732974043\n|move|p1a: Volcarona|Giga Drain|p2a: Zangoose\n|-damage|p2a: Zangoose|0 fnt\n|-heal|p1a: Volcarona|237/257 par|[from] drain|[of] p2a: Zangoose\n|faint|p2a: Zangoose\n|\n|upkeep\n|\n|t:|1732974050\n|switch|p2a: Dragapult|Dragapult, L77, M|262/262\n|turn|11\n|\n|t:|1732974057\n|move|p2a: Dragapult|Dragon Darts|p1a: Volcarona\n|-damage|p1a: Volcarona|138/257 par\n|-anim|p2a: Dragapult|Dragon Darts|p1a: Volcarona\n|-damage|p1a: Volcarona|51/257 par\n|-damage|p2a: Dragapult|236/262|[from] item: Life Orb\n|cant|p1a: Volcarona|par\n|\n|upkeep\n|turn|12\n|\n|t:|1732974063\n|move|p2a: Dragapult|Dragon Darts|p1a: Volcarona\n|-damage|p1a: Volcarona|0 fnt\n|faint|p1a: Volcarona\n|-damage|p2a: Dragapult|210/262|[from] item: Life Orb\n|\n|upkeep\n|-message|Tkpt251 forfeited.\n|\n|win|ananananji\n|raw|Tkpt251's rating: 2219 &rarr; <strong>2196</strong><br />(-23 for losing)\n|raw|ananananji's rating: 2162 &rarr; <strong>2185</strong><br />(+23 for winning)\n|l|\u2606Tkpt251\n|player|p1|\n", "inputlog": ">version b107d77f5c90bd6555267ae244a6264823309ead\n>start {\"formatid\":\"gen9randombattle\",\"seed\":[22342,30418,11567,39488],\"rated\":\"Rated battle\"}\n>player p1 {\"name\":\"Tkpt251\",\"avatar\":\"birdkeeper-gen6\",\"rating\":2219,\"seed\":[54301,3878,22533,24580]}\n>player p2 {\"name\":\"ananananji\",\"avatar\":\"102\",\"rating\":2162,\"seed\":[17528,54312,8279,9731]}\n>p1 move shadowsneak\n>p2 switch 4\n>p1 move gunkshot\n>p2 move knockoff\n>p1 switch 3\n>p2 move knockoff\n>p1 move scald\n>p2 move quickattack\n>p1 switch 3\n>p1 move thunderwave\n>p2 switch 3\n>p1 move poltergeist\n>p2 move wavecrash\n>p1 switch 6\n>p1 move quiverdance terastallize\n>p2 switch 6\n>p1 move quiverdance\n>p2 move thunderwave\n>p1 move quiverdance\n>p2 move voltswitch\n>p2 switch 3\n>p1 move gigadrain\n>p2 move facade\n>p2 switch 4\n>p1 move bugbuzz\n>p2 move dragondarts\n>p1 move bugbuzz\n>p2 move dragondarts\n>forcelose p1", "uploadtime": 1732974067, "views": 1, "formatid": "gen9randombattle", "rating": 2185, "private": 0, "password": null}