{"id": "gen9randombattle-2254174968", "format": "[Gen 9] Random Battle", "players": ["6tdcd56567d6'", "AminitraboTTT"], "log": "|j|\u26066tdcd56567d6'\n|j|\u2606AminitraboTTT\n|t:|1733000499\n|gametype|singles\n|player|p1|6tdcd56567d6'|1|\n|player|p2|AminitraboTTT|supernerd|\n|teamsize|p1|6\n|teamsize|p2|6\n|gen|9\n|tier|[Gen 9] Random Battle\n|rule|Species Clause: Limit one of each Pok\u00e9mon\n|rule|HP Percentage Mod: HP is shown in percentages\n|rule|Sleep Clause Mod: Limit one foe put to sleep\n|rule|Illusion Level Mod: Illusion disguises the Pok\u00e9mon's true level\n|\n|t:|1733000499\n|start\n|switch|p1a: Regieleki|Regieleki, L79|256/256\n|switch|p2a: Tropius|Tropius, L91, M|328/328\n|turn|1\n|c|\u2606AminitraboTTT|Hola, soy AminitraboTTT, el bot de la sala Espa\u00f1ol. gl hf\n|inactive|Battle timer is ON: inactive players will automatically lose when time's up. (requested by AminitraboTTT)\n|inactive|6tdcd56567d6' also wants the timer to be on.\n|\n|t:|1733000501\n|move|p1a: Regieleki|Volt Switch|p2a: Tropius\n|-damage|p2a: Tropius|225/328\n|\n|t:|1733000504\n|switch|p1a: Cramorant|Cramorant, L86, F|261/261|[from] Volt Switch\n|move|p2a: Tropius|Dragon Dance|p2a: Tropius\n|-boost|p2a: Tropius|atk|1\n|-boost|p2a: Tropius|spe|1\n|\n|upkeep\n|turn|2\n|\n|t:|1733000505\n|switch|p2a: Duraludon|Duraludon, L82, F|249/249\n|move|p1a: Cramorant|Brave Bird|p2a: Duraludon\n|-resisted|p2a: Duraludon\n|-damage|p2a: Duraludon|215/249\n|-damage|p1a: Cramorant|250/261|[from] Recoil\n|\n|upkeep\n|turn|3\n|\n|t:|1733000508\n|switch|p1a: Hippowdon|Hippowdon, L82, M|311/311\n|-weather|Sandstorm|[from] ability: Sand Stream|[of] p1a: Hippowdon\n|move|p2a: Duraludon|Draco Meteor|p1a: Hippowdon\n|-damage|p1a: Hippowdon|137/311\n|-unboost|p2a: Duraludon|spa|2\n|\n|-weather|Sandstorm|[upkeep]\n|-heal|p1a: Hippowdon|156/311|[from] item: Leftovers\n|upkeep\n|turn|4\n|\n|t:|1733000509\n|-terastallize|p2a: Duraludon|Fighting\n|move|p2a: Duraludon|Draco Meteor|p1a: Hippowdon\n|-damage|p1a: Hippowdon|65/311\n|-unboost|p2a: Duraludon|spa|2\n|move|p1a: Hippowdon|Slack Off|p1a: Hippowdon\n|-heal|p1a: Hippowdon|221/311\n|\n|-weather|Sandstorm|[upkeep]\n|-damage|p2a: Duraludon|200/249|[from] Sandstorm\n|-heal|p1a: Hippowdon|240/311|[from] item: Leftovers\n|upkeep\n|turn|5\n|\n|t:|1733000510\n|switch|p2a: Pelipper|Pelipper, L86, F|243/243\n|-weather|RainDance|[from] ability: Drizzle|[of] p2a: Pelipper\n|move|p1a: Hippowdon|Stealth Rock|p2a: Pelipper\n|-sidestart|p2: AminitraboTTT|move: Stealth Rock\n|\n|-weather|RainDance|[upkeep]\n|-heal|p1a: Hippowdon|259/311|[from] item: Leftovers\n|upkeep\n|turn|6\n|\n|t:|1733000514\n|switch|p1a: Cramorant|Cramorant, L86, F|250/261\n|move|p2a: Pelipper|Hydro Pump|p1a: Cramorant\n|-resisted|p1a: Cramorant\n|-damage|p1a: Cramorant|133/261\n|\n|-weather|RainDance|[upkeep]\n|upkeep\n|turn|7\n|\n|t:|1733000516\n|move|p1a: Cramorant|Roost|p1a: Cramorant\n|-heal|p1a: Cramorant|261/261\n|-singleturn|p1a: Cramorant|move: Roost\n|move|p2a: Pelipper|Hydro Pump|p1a: Cramorant\n|-resisted|p1a: Cramorant\n|-damage|p1a: Cramorant|147/261\n|\n|-weather|RainDance|[upkeep]\n|upkeep\n|turn|8\n|\n|t:|1733000517\n|move|p1a: Cramorant|Surf|p2a: Pelipper\n|-formechange|p1a: Cramorant|Cramorant-Gulping|\n|-resisted|p2a: Pelipper\n|-damage|p2a: Pelipper|160/243\n|move|p2a: Pelipper|Hydro Pump|p1a: Cramorant\n|-resisted|p1a: Cramorant\n|-damage|p1a: Cramorant|22/261\n|-damage|p2a: Pelipper|100/243|[from] ability: Gulp Missile|[of] p1a: Cramorant\n|-unboost|p2a: Pelipper|def|1\n|-formechange|p1a: Cramorant|Cramorant|\n|\n|-weather|RainDance|[upkeep]\n|upkeep\n|turn|9\n|\n|t:|1733000521\n|move|p1a: Cramorant|Brave Bird|p2a: Pelipper\n|-damage|p2a: Pelipper|0 fnt\n|faint|p2a: Pelipper\n|-damage|p1a: Cramorant|0 fnt|[from] Recoil\n|faint|p1a: Cramorant\n|\n|-weather|none\n|upkeep\n|\n|t:|1733000522\n|switch|p1a: Regieleki|Regieleki, L79|256/256\n|switch|p2a: Duraludon|Duraludon, L82, F, tera:Fighting|200/249\n|-damage|p2a: Duraludon|185/249|[from] Stealth Rock\n|turn|10\n|\n|t:|1733000525\n|-terastallize|p1a: Regieleki|Electric\n|move|p1a: Regieleki|Volt Switch|p2a: Duraludon\n|-damage|p2a: Duraludon|53/249\n|\n|t:|1733000529\n|switch|p1a: Leavanny|Leavanny, L86, F|269/269|[from] Volt Switch\n|move|p2a: Duraludon|Draco Meteor|p1a: Leavanny\n|-damage|p1a: Leavanny|113/269\n|-unboost|p2a: Duraludon|spa|2\n|\n|upkeep\n|turn|11\n|\n|t:|1733000530\n|move|p1a: Leavanny|Sticky Web|p2a: Duraludon\n|-sidestart|p2: AminitraboTTT|move: Sticky Web\n|move|p2a: Duraludon|Draco Meteor|p1a: Leavanny\n|-damage|p1a: Leavanny|38/269\n|-unboost|p2a: Duraludon|spa|2\n|\n|upkeep\n|turn|12\n|\n|t:|1733000531\n|move|p1a: Leavanny|Leaf Blade|p2a: Duraludon\n|-damage|p2a: Duraludon|0 fnt\n|faint|p2a: Duraludon\n|\n|upkeep\n|\n|t:|1733000531\n|switch|p2a: Scizor|Scizor, L79, F|240/240\n|-damage|p2a: Scizor|210/240|[from] Stealth Rock\n|-activate|p2a: Scizor|move: Sticky Web\n|-unboost|p2a: Scizor|spe|1\n|turn|13\n|\n|t:|1733000533\n|move|p1a: Leavanny|Knock Off|p2a: Scizor\n|-damage|p2a: Scizor|143/240\n|-enditem|p2a: Scizor|Life Orb|[from] move: Knock Off|[of] p1a: Leavanny\n|move|p2a: Scizor|Close Combat|p1a: Leavanny\n|-resisted|p1a: Leavanny\n|-damage|p1a: Leavanny|0 fnt\n|-unboost|p2a: Scizor|def|1\n|-unboost|p2a: Scizor|spd|1\n|faint|p1a: Leavanny\n|\n|upkeep\n|\n|t:|1733000535\n|switch|p1a: Regieleki|Regieleki, L79, tera:Electric|256/256\n|turn|14\n|\n|t:|1733000536\n|switch|p2a: Vileplume|Vileplume, L86, M|269/269\n|-damage|p2a: Vileplume|236/269|[from] Stealth Rock\n|-activate|p2a: Vileplume|move: Sticky Web\n|-unboost|p2a: Vileplume|spe|1\n|move|p1a: Regieleki|Thunderbolt|p2a: Vileplume\n|-resisted|p2a: Vileplume\n|-damage|p2a: Vileplume|151/269\n|\n|-heal|p2a: Vileplume|167/269|[from] item: Leftovers\n|upkeep\n|turn|15\n|\n|t:|1733000538\n|move|p1a: Regieleki|Volt Switch|p2a: Vileplume\n|-resisted|p2a: Vileplume\n|-damage|p2a: Vileplume|99/269\n|\n|t:|1733000539\n|switch|p1a: Houndstone|Houndstone, L86, F|264/264|[from] Volt Switch\n|move|p2a: Vileplume|Sleep Powder|p1a: Houndstone|[miss]\n|-miss|p2a: Vileplume|p1a: Houndstone\n|\n|-heal|p2a: Vileplume|115/269|[from] item: Leftovers\n|upkeep\n|turn|16\n|\n|t:|1733000540\n|move|p1a: Houndstone|Poltergeist|p2a: Vileplume|[miss]\n|-miss|p1a: Houndstone|p2a: Vileplume\n|move|p2a: Vileplume|Sleep Powder|p1a: Houndstone\n|-status|p1a: Houndstone|slp|[from] move: Sleep Powder\n|\n|-heal|p2a: Vileplume|131/269|[from] item: Leftovers\n|upkeep\n|turn|17\n|\n|t:|1733000542\n|cant|p1a: Houndstone|slp\n|move|p2a: Vileplume|Giga Drain|p1a: Houndstone\n|-crit|p1a: Houndstone\n|-damage|p1a: Houndstone|129/264 slp\n|-heal|p2a: Vileplume|199/269|[from] drain|[of] p1a: Houndstone\n|\n|-heal|p2a: Vileplume|215/269|[from] item: Leftovers\n|upkeep\n|turn|18\n|\n|t:|1733000542\n|cant|p1a: Houndstone|slp\n|move|p2a: Vileplume|Giga Drain|p1a: Houndstone\n|-damage|p1a: Houndstone|50/264 slp\n|-heal|p2a: Vileplume|255/269|[from] drain|[of] p1a: Houndstone\n|\n|-heal|p2a: Vileplume|269/269|[from] item: Leftovers\n|upkeep\n|turn|19\n|\n|t:|1733000543\n|-curestatus|p1a: Houndstone|slp|[msg]\n|move|p1a: Houndstone|Poltergeist|p2a: Vileplume\n|-activate|p2a: Vileplume|move: Poltergeist|Leftovers\n|-damage|p2a: Vileplume|77/269\n|move|p2a: Vileplume|Giga Drain|p1a: Houndstone\n|-damage|p1a: Houndstone|0 fnt\n|-heal|p2a: Vileplume|102/269|[from] drain|[of] p1a: Houndstone\n|faint|p1a: Houndstone\n|\n|-heal|p2a: Vileplume|118/269|[from] item: Leftovers\n|upkeep\n|\n|t:|1733000545\n|switch|p1a: Regieleki|Regieleki, L79, tera:Electric|256/256\n|turn|20\n|\n|t:|1733000546\n|move|p1a: Regieleki|Thunderbolt|p2a: Vileplume\n|-resisted|p2a: Vileplume\n|-damage|p2a: Vileplume|27/269\n|move|p2a: Vileplume|Sludge Bomb|p1a: Regieleki\n|-damage|p1a: Regieleki|90/256\n|\n|-heal|p2a: Vileplume|43/269|[from] item: Leftovers\n|upkeep\n|turn|21\n|\n|t:|1733000547\n|move|p1a: Regieleki|Thunderbolt|p2a: Vileplume\n|-resisted|p2a: Vileplume\n|-damage|p2a: Vileplume|0 fnt\n|faint|p2a: Vileplume\n|\n|upkeep\n|\n|t:|1733000547\n|switch|p2a: Latias|Latias, L79, F|256/256\n|-damage|p2a: Latias|224/256|[from] Stealth Rock\n|turn|22\n|\n|t:|1733000549\n|move|p1a: Regieleki|Volt Switch|p2a: Latias\n|-resisted|p2a: Latias\n|-damage|p2a: Latias|169/256\n|\n|t:|1733000550\n|switch|p1a: Hippowdon|Hippowdon, L82, M|259/311|[from] Volt Switch\n|-weather|Sandstorm|[from] ability: Sand Stream|[of] p1a: Hippowdon\n|move|p2a: Latias|Draco Meteor|p1a: Hippowdon\n|-damage|p1a: Hippowdon|66/311\n|-unboost|p2a: Latias|spa|2\n|\n|-weather|Sandstorm|[upkeep]\n|-damage|p2a: Latias|153/256|[from] Sandstorm\n|-heal|p1a: Hippowdon|85/311|[from] item: Leftovers\n|upkeep\n|turn|23\n|\n|t:|1733000551\n|switch|p2a: Tropius|Tropius, L91, M|225/328\n|-damage|p2a: Tropius|143/328|[from] Stealth Rock\n|-enditem|p2a: Tropius|Sitrus Berry|[eat]\n|-heal|p2a: Tropius|225/328|[from] item: Sitrus Berry\n|move|p1a: Hippowdon|Slack Off|p1a: Hippowdon\n|-heal|p1a: Hippowdon|241/311\n|\n|-weather|Sandstorm|[upkeep]\n|-damage|p2a: Tropius|205/328|[from] Sandstorm\n|-heal|p1a: Hippowdon|260/311|[from] item: Leftovers\n|-item|p2a: Tropius|Sitrus Berry|[from] ability: Harvest\n|upkeep\n|turn|24\n|\n|t:|1733000553\n|move|p2a: Tropius|Earthquake|p1a: Hippowdon\n|-damage|p1a: Hippowdon|211/311\n|move|p1a: Hippowdon|Stone Edge|p2a: Tropius\n|-supereffective|p2a: Tropius\n|-damage|p2a: Tropius|49/328\n|-enditem|p2a: Tropius|Sitrus Berry|[eat]\n|-heal|p2a: Tropius|131/328|[from] item: Sitrus Berry\n|\n|-weather|Sandstorm|[upkeep]\n|-damage|p2a: Tropius|111/328|[from] Sandstorm\n|-heal|p1a: Hippowdon|230/311|[from] item: Leftovers\n|-item|p2a: Tropius|Sitrus Berry|[from] ability: Harvest\n|upkeep\n|-enditem|p2a: Tropius|Sitrus Berry|[eat]\n|-heal|p2a: Tropius|193/328|[from] item: Sitrus Berry\n|turn|25\n|\n|t:|1733000554\n|move|p2a: Tropius|Earthquake|p1a: Hippowdon\n|-damage|p1a: Hippowdon|182/311\n|move|p1a: Hippowdon|Stone Edge|p2a: Tropius|[miss]\n|-miss|p1a: Hippowdon|p2a: Tropius\n|\n|-weather|Sandstorm|[upkeep]\n|-damage|p2a: Tropius|173/328|[from] Sandstorm\n|-heal|p1a: Hippowdon|201/311|[from] item: Leftovers\n|upkeep\n|turn|26\n|\n|t:|1733000556\n|move|p2a: Tropius|Synthesis|p2a: Tropius\n|-heal|p2a: Tropius|255/328\n|move|p1a: Hippowdon|Stone Edge|p2a: Tropius\n|-supereffective|p2a: Tropius\n|-damage|p2a: Tropius|113/328\n|\n|-weather|none\n|-heal|p1a: Hippowdon|220/311|[from] item: Leftovers\n|-item|p2a: Tropius|Sitrus Berry|[from] ability: Harvest\n|upkeep\n|-enditem|p2a: Tropius|Sitrus Berry|[eat]\n|-heal|p2a: Tropius|195/328|[from] item: Sitrus Berry\n|turn|27\n|\n|t:|1733000557\n|move|p2a: Tropius|Synthesis|p2a: Tropius\n|-heal|p2a: Tropius|328/328\n|move|p1a: Hippowdon|Stone Edge|p2a: Tropius\n|-supereffective|p2a: Tropius\n|-damage|p2a: Tropius|182/328\n|\n|-heal|p1a: Hippowdon|239/311|[from] item: Leftovers\n|-item|p2a: Tropius|Sitrus Berry|[from] ability: Harvest\n|upkeep\n|turn|28\n|\n|t:|1733000559\n|move|p2a: Tropius|Dual Wingbeat|p1a: Hippowdon\n|-damage|p1a: Hippowdon|208/311\n|-damage|p1a: Hippowdon|174/311\n|-hitcount|p1a: Hippowdon|2\n|move|p1a: Hippowdon|Stone Edge|p2a: Tropius\n|-supereffective|p2a: Tropius\n|-damage|p2a: Tropius|28/328\n|-enditem|p2a: Tropius|Sitrus Berry|[eat]\n|-heal|p2a: Tropius|110/328|[from] item: Sitrus Berry\n|\n|-heal|p1a: Hippowdon|193/311|[from] item: Leftovers\n|upkeep\n|turn|29\n|\n|t:|1733000559\n|move|p2a: Tropius|Dual Wingbeat|p1a: Hippowdon\n|-damage|p1a: Hippowdon|162/311\n|-damage|p1a: Hippowdon|128/311\n|-hitcount|p1a: Hippowdon|2\n|move|p1a: Hippowdon|Stone Edge|p2a: Tropius\n|-supereffective|p2a: Tropius\n|-damage|p2a: Tropius|0 fnt\n|faint|p2a: Tropius\n|\n|-heal|p1a: Hippowdon|147/311|[from] item: Leftovers\n|upkeep\n|\n|t:|1733000559\n|switch|p2a: Latias|Latias, L79, F|153/256\n|-damage|p2a: Latias|121/256|[from] Stealth Rock\n|turn|30\n|\n|t:|1733000561\n|move|p2a: Latias|Psyshock|p1a: Hippowdon\n|-damage|p1a: Hippowdon|62/311\n|move|p1a: Hippowdon|Slack Off|p1a: Hippowdon\n|-heal|p1a: Hippowdon|218/311\n|\n|-heal|p1a: Hippowdon|237/311|[from] item: Leftovers\n|upkeep\n|turn|31\n|\n|t:|1733000562\n|move|p2a: Latias|Recover|p2a: Latias\n|-heal|p2a: Latias|249/256\n|move|p1a: Hippowdon|Stone Edge|p2a: Latias\n|-crit|p2a: Latias\n|-damage|p2a: Latias|130/256\n|\n|-heal|p1a: Hippowdon|256/311|[from] item: Leftovers\n|upkeep\n|turn|32\n|\n|t:|1733000564\n|move|p2a: Latias|Recover|p2a: Latias\n|-heal|p2a: Latias|256/256\n|move|p1a: Hippowdon|Stone Edge|p2a: Latias\n|-damage|p2a: Latias|177/256\n|\n|-heal|p1a: Hippowdon|275/311|[from] item: Leftovers\n|upkeep\n|turn|33\n|\n|t:|1733000566\n|switch|p1a: Phione|Phione, L91|293/293\n|move|p2a: Latias|Psyshock|p1a: Phione\n|-damage|p1a: Phione|202/293\n|\n|-heal|p1a: Phione|220/293|[from] item: Leftovers\n|upkeep\n|turn|34\n|\n|t:|1733000567\n|move|p2a: Latias|Draco Meteor|p1a: Phione\n|-damage|p1a: Phione|46/293\n|-unboost|p2a: Latias|spa|2\n|move|p1a: Phione|Take Heart|p1a: Phione\n|-boost|p1a: Phione|spa|1\n|-boost|p1a: Phione|spd|1\n|\n|-heal|p1a: Phione|64/293|[from] item: Leftovers\n|upkeep\n|turn|35\n|\n|t:|1733000568\n|move|p2a: Latias|Draco Meteor|p1a: Phione\n|-damage|p1a: Phione|7/293\n|-unboost|p2a: Latias|spa|2\n|move|p1a: Phione|Rest|p1a: Phione\n|-status|p1a: Phione|slp|[from] move: Rest\n|-heal|p1a: Phione|293/293 slp|[silent]\n|\n|upkeep\n|turn|36\n|\n|t:|1733000569\n|switch|p2a: Scizor|Scizor, L79, F|143/240\n|-damage|p2a: Scizor|113/240|[from] Stealth Rock\n|-activate|p2a: Scizor|move: Sticky Web\n|-unboost|p2a: Scizor|spe|1\n|cant|p1a: Phione|slp\n|move|p1a: Phione|Sleep Talk|p1a: Phione\n|move|p1a: Phione|Rest||[from]move: Sleep Talk|[still]\n|-fail|p1a: Phione\n|\n|upkeep\n|turn|37\n|\n|t:|1733000570\n|switch|p2a: Latias|Latias, L79, F|177/256\n|-damage|p2a: Latias|145/256|[from] Stealth Rock\n|cant|p1a: Phione|slp\n|move|p1a: Phione|Sleep Talk|p1a: Phione\n|move|p1a: Phione|Rest||[from]move: Sleep Talk|[still]\n|-fail|p1a: Phione\n|\n|upkeep\n|turn|38\n|\n|t:|1733000572\n|move|p2a: Latias|Psyshock|p1a: Phione\n|-damage|p1a: Phione|185/293 slp\n|-curestatus|p1a: Phione|slp|[msg]\n|move|p1a: Phione|Take Heart|p1a: Phione\n|-boost|p1a: Phione|spa|1\n|-boost|p1a: Phione|spd|1\n|\n|-heal|p1a: Phione|203/293|[from] item: Leftovers\n|upkeep\n|turn|39\n|\n|t:|1733000573\n|move|p2a: Latias|Recover|p2a: Latias\n|-heal|p2a: Latias|256/256\n|move|p1a: Phione|Scald|p2a: Latias\n|-resisted|p2a: Latias\n|-damage|p2a: Latias|184/256\n|\n|-heal|p1a: Phione|221/293|[from] item: Leftovers\n|upkeep\n|turn|40\n|\n|t:|1733000574\n|move|p2a: Latias|Draco Meteor|p1a: Phione\n|-damage|p1a: Phione|136/293\n|-unboost|p2a: Latias|spa|2\n|move|p1a: Phione|Scald|p2a: Latias\n|-resisted|p2a: Latias\n|-damage|p2a: Latias|116/256\n|\n|-heal|p1a: Phione|154/293|[from] item: Leftovers\n|upkeep\n|turn|41\n|\n|t:|1733000575\n|switch|p2a: Scizor|Scizor, L79, F|113/240\n|-damage|p2a: Scizor|83/240|[from] Stealth Rock\n|-activate|p2a: Scizor|move: Sticky Web\n|-unboost|p2a: Scizor|spe|1\n|move|p1a: Phione|Scald|p2a: Scizor\n|-damage|p2a: Scizor|0 fnt\n|faint|p2a: Scizor\n|\n|-heal|p1a: Phione|172/293|[from] item: Leftovers\n|upkeep\n|\n|t:|1733000575\n|switch|p2a: Latias|Latias, L79, F|116/256\n|-damage|p2a: Latias|84/256|[from] Stealth Rock\n|turn|42\n|\n|t:|1733000575\n|move|p2a: Latias|Recover|p2a: Latias\n|-heal|p2a: Latias|212/256\n|move|p1a: Phione|Scald|p2a: Latias\n|-resisted|p2a: Latias\n|-damage|p2a: Latias|150/256\n|\n|-heal|p1a: Phione|190/293|[from] item: Leftovers\n|upkeep\n|turn|43\n|\n|t:|1733000576\n|move|p2a: Latias|Draco Meteor|p1a: Phione\n|-damage|p1a: Phione|105/293\n|-unboost|p2a: Latias|spa|2\n|move|p1a: Phione|Scald|p2a: Latias\n|-resisted|p2a: Latias\n|-damage|p2a: Latias|81/256\n|\n|-heal|p1a: Phione|123/293|[from] item: Leftovers\n|upkeep\n|turn|44\n|\n|t:|1733000577\n|move|p2a: Latias|Draco Meteor|p1a: Phione|[miss]\n|-miss|p2a: Latias|p1a: Phione\n|move|p1a: Phione|Rest|p1a: Phione\n|-status|p1a: Phione|slp|[from] move: Rest\n|-heal|p1a: Phione|293/293 slp|[silent]\n|\n|upkeep\n|turn|45\n|\n|t:|1733000578\n|move|p2a: Latias|Draco Meteor|p1a: Phione\n|-damage|p1a: Phione|256/293 slp\n|-unboost|p2a: Latias|spa|2\n|cant|p1a: Phione|slp\n|move|p1a: Phione|Sleep Talk|p1a: Phione\n|move|p1a: Phione|Take Heart|p1a: Phione|[from]move: Sleep Talk\n|-boost|p1a: Phione|spa|1\n|-boost|p1a: Phione|spd|1\n|-curestatus|p1a: Phione|slp|[msg]\n|\n|-heal|p1a: Phione|274/293|[from] item: Leftovers\n|upkeep\n|turn|46\n|\n|t:|1733000578\n|move|p2a: Latias|Recover|p2a: Latias\n|-heal|p2a: Latias|209/256\n|move|p1a: Phione|Sleep Talk||[still]\n|-fail|p1a: Phione\n|\n|-heal|p1a: Phione|292/293|[from] item: Leftovers\n|upkeep\n|turn|47\n|\n|t:|1733000579\n|move|p2a: Latias|Recover|p2a: Latias\n|-heal|p2a: Latias|256/256\n|move|p1a: Phione|Sleep Talk||[still]\n|-fail|p1a: Phione\n|\n|-heal|p1a: Phione|293/293|[from] item: Leftovers\n|upkeep\n|turn|48\n|\n|t:|1733000580\n|move|p2a: Latias|Draco Meteor|p1a: Phione\n|-damage|p1a: Phione|272/293\n|-unboost|p2a: Latias|spa|2\n|move|p1a: Phione|Take Heart|p1a: Phione\n|-boost|p1a: Phione|spa|1\n|-boost|p1a: Phione|spd|1\n|\n|-heal|p1a: Phione|290/293|[from] item: Leftovers\n|upkeep\n|turn|49\n|\n|t:|1733000581\n|move|p2a: Latias|Psyshock|p1a: Phione\n|-damage|p1a: Phione|266/293\n|move|p1a: Phione|Scald|p2a: Latias\n|-resisted|p2a: Latias\n|-damage|p2a: Latias|149/256\n|\n|-heal|p1a: Phione|284/293|[from] item: Leftovers\n|upkeep\n|turn|50\n|\n|t:|1733000581\n|move|p2a: Latias|Recover|p2a: Latias\n|-heal|p2a: Latias|256/256\n|move|p1a: Phione|Scald|p2a: Latias\n|-resisted|p2a: Latias\n|-damage|p2a: Latias|152/256\n|\n|-heal|p1a: Phione|293/293|[from] item: Leftovers\n|upkeep\n|turn|51\n|\n|t:|1733000582\n|move|p2a: Latias|Recover|p2a: Latias\n|-heal|p2a: Latias|256/256\n|move|p1a: Phione|Scald|p2a: Latias\n|-resisted|p2a: Latias\n|-damage|p2a: Latias|156/256\n|\n|upkeep\n|turn|52\n|\n|t:|1733000583\n|move|p2a: Latias|Psyshock|p1a: Phione\n|-damage|p1a: Phione|268/293\n|move|p1a: Phione|Scald|p2a: Latias\n|-resisted|p2a: Latias\n|-damage|p2a: Latias|52/256\n|\n|-heal|p1a: Phione|286/293|[from] item: Leftovers\n|upkeep\n|turn|53\n|\n|t:|1733000583\n|move|p2a: Latias|Psyshock|p1a: Phione\n|-damage|p1a: Phione|261/293\n|move|p1a: Phione|Scald|p2a: Latias\n|-resisted|p2a: Latias\n|-damage|p2a: Latias|0 fnt\n|faint|p2a: Latias\n|\n|win|6tdcd56567d6'\n|c|\u2606AminitraboTTT|oof :(\n|l|\u2606AminitraboTTT\n|player|p2|\n|c|\u26066tdcd56567d6'|/log 6tdcd56567d6' made this room public.\n", "inputlog": ">version b107d77f5c90bd6555267ae244a6264823309ead\n>start {\"formatid\":\"gen9randombattle\",\"seed\":[39543,39424,55280,63117]}\n>player p1 {\"name\":\"6tdcd56567d6'\",\"avatar\":\"1\",\"rating\":0,\"seed\":[14845,50830,54692,44019]}\n>player p2 {\"name\":\"AminitraboTTT\",\"avatar\":\"supernerd\",\"rating\":0,\"seed\":[26743,56751,57215,7410]}\n>chat \u2606AminitraboTTT|Hola, soy AminitraboTTT, el bot de la sala Espa\u00f1ol. gl hf\n>p1 move voltswitch\n>p2 move dragondance\n>p1 switch 3\n>p1 move bravebird\n>p2 switch 4\n>p1 switch 6\n>p2 move dracometeor\n>p1 move slackoff\n>p2 move dracometeor terastallize\n>p1 move stealthrock\n>p2 switch 2\n>p1 switch 6\n>p2 move hydropump\n>p1 move roost\n>p2 move hydropump\n>p1 move surf\n>p2 move hydropump\n>p1 move bravebird\n>p2 move hydropump\n>p1 switch 3\n>p2 switch 2\n>p1 move voltswitch terastallize\n>p2 move dracometeor\n>p1 switch 5\n>p1 move stickyweb\n>p2 move dracometeor\n>p1 move leafblade\n>p2 move dragontail\n>p2 switch 5\n>p1 move knockoff\n>p2 move closecombat\n>p1 switch 5\n>p1 move thunderbolt\n>p2 switch 6\n>p1 move voltswitch\n>p2 move sleeppowder\n>p1 switch 2\n>p1 move poltergeist\n>p2 move sleeppowder\n>p1 move poltergeist\n>p2 move gigadrain\n>p1 move poltergeist\n>p2 move gigadrain\n>p1 move poltergeist\n>p2 move gigadrain\n>p1 switch 2\n>p1 move thunderbolt\n>p2 move sludgebomb\n>p1 move thunderbolt\n>p2 move sludgebomb\n>p2 switch 3\n>p1 move voltswitch\n>p2 move dracometeor\n>p1 switch 6\n>p1 move slackoff\n>p2 switch 4\n>p1 move stoneedge\n>p2 move earthquake\n>p1 move stoneedge\n>p2 move earthquake\n>p1 move stoneedge\n>p2 move synthesis\n>p1 move stoneedge\n>p2 move synthesis\n>p1 move stoneedge\n>p2 move dualwingbeat\n>p1 move stoneedge\n>p2 move dualwingbeat\n>p2 switch 4\n>p1 move slackoff\n>p2 move psyshock\n>p1 move stoneedge\n>p2 move recover\n>p1 move stoneedge\n>p2 move recover\n>p1 switch 4\n>p2 move psyshock\n>p1 move takeheart\n>p2 move dracometeor\n>p1 move rest\n>p2 move dracometeor\n>p1 move sleeptalk\n>p2 switch 6\n>p1 move sleeptalk\n>p2 switch 6\n>p1 move takeheart\n>p2 move psyshock\n>p1 move scald\n>p2 move recover\n>p1 move scald\n>p2 move dracometeor\n>p1 move scald\n>p2 switch 6\n>p2 switch 6\n>p1 move scald\n>p2 move recover\n>p1 move scald\n>p2 move dracometeor\n>p1 move rest\n>p2 move dracometeor\n>p1 move sleeptalk\n>p2 move dracometeor\n>p1 move sleeptalk\n>p2 move recover\n>p1 move sleeptalk\n>p2 move recover\n>p1 move takeheart\n>p2 move dracometeor\n>p1 move scald\n>p2 move psyshock\n>p1 move scald\n>p2 move recover\n>p1 move scald\n>p2 move recover\n>p1 move scald\n>p2 move psyshock\n>p1 move scald\n>p2 move psyshock", "uploadtime": 1733000595, "views": 2, "formatid": "gen9randombattle", "rating": null, "private": 0, "password": null}