{"id": "gen9randombattle-2254057783", "format": "[Gen 9] Random Battle", "players": ["piropox", "pangolins123"], "log": "|j|\u2606piropox\n|j|\u2606pangolins123\n|t:|1732985945\n|gametype|singles\n|player|p1|piropox|clown|1116\n|player|p2|pangolins123|1|1118\n|teamsize|p1|6\n|teamsize|p2|6\n|gen|9\n|tier|[Gen 9] Random Battle\n|rated|\n|rule|Species Clause: Limit one of each Pok\u00e9mon\n|rule|HP Percentage Mod: HP is shown in percentages\n|rule|Sleep Clause Mod: Limit one foe put to sleep\n|rule|Illusion Level Mod: Illusion disguises the Pok\u00e9mon's true level\n|\n|t:|1732985945\n|start\n|switch|p1a: Shiftry|Shiftry, L89, M|305/305\n|switch|p2a: Jumpluff|Jumpluff, L87, F|271/271\n|turn|1\n|\n|t:|1732985960\n|-terastallize|p1a: Shiftry|Dark\n|move|p2a: Jumpluff|Substitute|p2a: Jumpluff\n|-start|p2a: Jumpluff|Substitute\n|-damage|p2a: Jumpluff|204/271\n|move|p1a: Shiftry|Knock Off|p2a: Jumpluff\n|-end|p2a: Jumpluff|Substitute\n|-damage|p1a: Shiftry|275/305|[from] item: Life Orb\n|\n|upkeep\n|turn|2\n|\n|t:|1732985970\n|move|p2a: Jumpluff|Leech Seed|p1a: Shiftry|[miss]\n|-miss|p2a: Jumpluff|p1a: Shiftry\n|move|p1a: Shiftry|Knock Off|p2a: Jumpluff\n|-damage|p2a: Jumpluff|40/271\n|-damage|p1a: Shiftry|245/305|[from] item: Life Orb\n|\n|upkeep\n|turn|3\n|\n|t:|1732985979\n|move|p2a: Jumpluff|Strength Sap|p1a: Shiftry\n|-unboost|p1a: Shiftry|atk|1\n|-heal|p2a: Jumpluff|269/271\n|move|p1a: Shiftry|Knock Off|p2a: Jumpluff\n|-damage|p2a: Jumpluff|165/271\n|-damage|p1a: Shiftry|215/305|[from] item: Life Orb\n|\n|upkeep\n|turn|4\n|\n|t:|1732985990\n|move|p1a: Shiftry|Sucker Punch||[still]\n|-fail|p1a: Shiftry\n|move|p2a: Jumpluff|Leech Seed|p1a: Shiftry\n|-start|p1a: Shiftry|move: Leech Seed\n|\n|-damage|p1a: Shiftry|177/305|[from] Leech Seed|[of] p2a: Jumpluff\n|-heal|p2a: Jumpluff|203/271|[silent]\n|upkeep\n|turn|5\n|\n|t:|1732985999\n|switch|p1a: Tornadus|Tornadus-Therian, L79, M|254/254\n|move|p2a: Jumpluff|Substitute|p2a: Jumpluff\n|-start|p2a: Jumpluff|Substitute\n|-damage|p2a: Jumpluff|136/271\n|\n|upkeep\n|turn|6\n|\n|t:|1732986008\n|-terastallize|p2a: Jumpluff|Steel\n|move|p2a: Jumpluff|Leech Seed|p1a: Tornadus\n|-start|p1a: Tornadus|move: Leech Seed\n|move|p1a: Tornadus|Bleakwind Storm|p2a: Jumpluff\n|-resisted|p2a: Jumpluff\n|-activate|p2a: Jumpluff|move: Substitute|[damage]\n|\n|-damage|p1a: Tornadus|223/254|[from] Leech Seed|[of] p2a: Jumpluff\n|-heal|p2a: Jumpluff|167/271|[silent]\n|upkeep\n|turn|7\n|-message|piropox forfeited.\n|\n|win|pangolins123\n|raw|piropox's rating: 1116 &rarr; <strong>1091</strong><br />(-25 for losing)\n|raw|pangolins123's rating: 1118 &rarr; <strong>1143</strong><br />(+25 for winning)\n|l|\u2606piropox\n|player|p1|\n", "inputlog": ">version b107d77f5c90bd6555267ae244a6264823309ead\n>start {\"formatid\":\"gen9randombattle\",\"seed\":[16447,37571,9306,9320],\"rated\":\"Rated battle\"}\n>player p1 {\"name\":\"piropox\",\"avatar\":\"clown\",\"rating\":1116,\"seed\":[30759,44658,12588,4569]}\n>player p2 {\"name\":\"pangolins123\",\"avatar\":\"1\",\"rating\":1118,\"seed\":[25310,50533,14070,2466]}\n>p1 move knockoff terastallize\n>p2 move substitute\n>p1 move knockoff\n>p2 move leechseed\n>p1 move knockoff\n>p2 move strengthsap\n>p1 move suckerpunch\n>p2 move leechseed\n>p1 switch 5\n>p2 move substitute\n>p1 move bleakwindstorm\n>p2 move leechseed terastallize\n>forcelose p1", "uploadtime": 1732986019, "views": 1, "formatid": "gen9randombattle", "rating": 1091, "private": 0, "password": null}