{"id": "gen9randombattle-2254090769", "format": "[Gen 9] Random Battle", "players": ["Drop a nickname", "cute anon"], "log": "|j|\u2606Drop a nickname\n|j|\u2606cute anon\n|t:|1732990109\n|gametype|singles\n|player|p1|Drop a nickname|2|2246\n|player|p2|cute anon|pokemonbreederf-gen4|2260\n|teamsize|p1|6\n|teamsize|p2|6\n|gen|9\n|tier|[Gen 9] Random Battle\n|rated|\n|rule|Species Clause: Limit one of each Pok\u00e9mon\n|rule|HP Percentage Mod: HP is shown in percentages\n|rule|Sleep Clause Mod: Limit one foe put to sleep\n|rule|Illusion Level Mod: Illusion disguises the Pok\u00e9mon's true level\n|\n|t:|1732990109\n|start\n|switch|p1a: Salamence|Salamence, L77, F|273/273\n|switch|p2a: Lycanroc|Lycanroc-Dusk, L80, M|251/251\n|-ability|p1a: Salamence|Intimidate|boost\n|-unboost|p2a: Lycanroc|atk|1\n|turn|1\n|inactive|Battle timer is ON: inactive players will automatically lose when time's up. (requested by cute anon)\n|\n|t:|1732990116\n|-terastallize|p1a: Salamence|Ground\n|move|p2a: Lycanroc|Stone Edge|p1a: Salamence\n|-resisted|p1a: Salamence\n|-damage|p1a: Salamence|221/273\n|-damage|p2a: Lycanroc|226/251|[from] item: Life Orb\n|move|p1a: Salamence|Dragon Dance|p1a: Salamence\n|-boost|p1a: Salamence|atk|1\n|-boost|p1a: Salamence|spe|1\n|\n|upkeep\n|turn|2\n|\n|t:|1732990125\n|switch|p2a: Delibird|Delibird, M|252/252\n|move|p1a: Salamence|Dragon Dance|p1a: Salamence\n|-boost|p1a: Salamence|atk|1\n|-boost|p1a: Salamence|spe|1\n|\n|upkeep\n|turn|3\n|\n|t:|1732990131\n|move|p1a: Salamence|Dual Wingbeat|p2a: Delibird\n|-damage|p2a: Delibird|138/252\n|-damage|p2a: Delibird|18/252\n|-hitcount|p2a: Delibird|2\n|move|p2a: Delibird|Ice Spinner|p1a: Salamence\n|-supereffective|p1a: Salamence\n|-damage|p1a: Salamence|0 fnt\n|faint|p1a: Salamence\n|\n|upkeep\n|c|\u2606cute anon|...\n|c|\u2606Drop a nickname|Salamence you fucking suck\n|\n|t:|1732990153\n|switch|p1a: Suicune|Suicune, L82|298/298\n|-ability|p1a: Suicune|Pressure\n|turn|4\n|\n|t:|1732990157\n|move|p2a: Delibird|Spikes|p1a: Suicune\n|-sidestart|p1: Drop a nickname|Spikes\n|move|p1a: Suicune|Calm Mind|p1a: Suicune\n|-boost|p1a: Suicune|spa|1\n|-boost|p1a: Suicune|spd|1\n|\n|upkeep\n|turn|5\n|\n|t:|1732990164\n|switch|p2a: Oranguru|Oranguru, L92, F|315/315\n|move|p1a: Suicune|Substitute|p1a: Suicune\n|-start|p1a: Suicune|Substitute\n|-damage|p1a: Suicune|224/298\n|\n|-heal|p1a: Suicune|242/298|[from] item: Leftovers\n|upkeep\n|turn|6\n|\n|t:|1732990168\n|move|p1a: Suicune|Calm Mind|p1a: Suicune\n|-boost|p1a: Suicune|spa|1\n|-boost|p1a: Suicune|spd|1\n|move|p2a: Oranguru|Nasty Plot|p2a: Oranguru\n|-boost|p2a: Oranguru|spa|2\n|\n|-heal|p1a: Suicune|260/298|[from] item: Leftovers\n|upkeep\n|turn|7\n|\n|t:|1732990170\n|move|p1a: Suicune|Scald|p2a: Oranguru\n|-damage|p2a: Oranguru|207/315\n|move|p2a: Oranguru|Thunderbolt|p1a: Suicune\n|-supereffective|p1a: Suicune\n|-end|p1a: Suicune|Substitute\n|\n|-heal|p1a: Suicune|278/298|[from] item: Leftovers\n|-heal|p2a: Oranguru|226/315|[from] item: Leftovers\n|upkeep\n|turn|8\n|\n|t:|1732990178\n|move|p1a: Suicune|Scald|p2a: Oranguru\n|-damage|p2a: Oranguru|117/315\n|move|p2a: Oranguru|Nasty Plot|p2a: Oranguru\n|-boost|p2a: Oranguru|spa|2\n|\n|-heal|p1a: Suicune|296/298|[from] item: Leftovers\n|-heal|p2a: Oranguru|136/315|[from] item: Leftovers\n|upkeep\n|turn|9\n|\n|t:|1732990181\n|move|p1a: Suicune|Scald|p2a: Oranguru\n|-damage|p2a: Oranguru|24/315\n|move|p2a: Oranguru|Thunderbolt|p1a: Suicune\n|-supereffective|p1a: Suicune\n|-crit|p1a: Suicune\n|-damage|p1a: Suicune|0 fnt\n|faint|p1a: Suicune\n|\n|-heal|p2a: Oranguru|43/315|[from] item: Leftovers\n|upkeep\n|\n|t:|1732990186\n|switch|p1a: Florges|Florges-Yellow, L85, F|271/271\n|-damage|p1a: Florges|238/271|[from] Spikes\n|turn|10\n|\n|t:|1732990189\n|move|p1a: Florges|Moonblast|p2a: Oranguru\n|-damage|p2a: Oranguru|0 fnt\n|faint|p2a: Oranguru\n|\n|-heal|p1a: Florges|254/271|[from] item: Leftovers\n|upkeep\n|\n|t:|1732990192\n|switch|p2a: Sneasler|Sneasler, L74, F|240/240\n|turn|11\n|\n|t:|1732990195\n|move|p2a: Sneasler|Gunk Shot|p1a: Florges\n|-supereffective|p1a: Florges\n|-damage|p1a: Florges|0 fnt\n|faint|p1a: Florges\n|\n|upkeep\n|\n|t:|1732990196\n|switch|p1a: Rabsca|Rabsca, L91, M|284/284\n|turn|12\n|\n|t:|1732990202\n|switch|p2a: Delibird|Delibird, M|18/252\n|move|p1a: Rabsca|Psychic|p2a: Delibird\n|-damage|p2a: Delibird|0 fnt\n|faint|p2a: Delibird\n|\n|upkeep\n|\n|t:|1732990206\n|switch|p2a: Lycanroc|Lycanroc-Dusk, L80, M|226/251\n|turn|13\n|\n|t:|1732990209\n|switch|p1a: Brute Bonnet|Brute Bonnet, L81|312/312\n|-damage|p1a: Brute Bonnet|273/312|[from] Spikes\n|move|p2a: Lycanroc|Stone Edge|p1a: Brute Bonnet\n|-damage|p1a: Brute Bonnet|135/312\n|-damage|p2a: Lycanroc|201/251|[from] item: Life Orb\n|\n|-heal|p1a: Brute Bonnet|154/312|[from] item: Leftovers\n|upkeep\n|turn|14\n|\n|t:|1732990214\n|move|p1a: Brute Bonnet|Sucker Punch|p2a: Lycanroc\n|-damage|p2a: Lycanroc|99/251\n|move|p2a: Lycanroc|Close Combat|p1a: Brute Bonnet\n|-supereffective|p1a: Brute Bonnet\n|-damage|p1a: Brute Bonnet|0 fnt\n|-unboost|p2a: Lycanroc|def|1\n|-unboost|p2a: Lycanroc|spd|1\n|faint|p1a: Brute Bonnet\n|-end|p1a: Brute Bonnet|Protosynthesis|[silent]\n|-damage|p2a: Lycanroc|74/251|[from] item: Life Orb\n|\n|upkeep\n|\n|t:|1732990219\n|switch|p1a: Vivillon|Vivillon-Icy Snow, L84, M|272/272\n|turn|15\n|\n|t:|1732990221\n|move|p2a: Lycanroc|Stone Edge|p1a: Vivillon|[miss]\n|-miss|p2a: Lycanroc|p1a: Vivillon\n|move|p1a: Vivillon|Sleep Powder|p2a: Lycanroc\n|-status|p2a: Lycanroc|slp|[from] move: Sleep Powder\n|\n|upkeep\n|turn|16\n|\n|t:|1732990228\n|switch|p2a: Sneasler|Sneasler, L74, F|240/240\n|move|p1a: Vivillon|Quiver Dance|p1a: Vivillon\n|-boost|p1a: Vivillon|spa|1\n|-boost|p1a: Vivillon|spd|1\n|-boost|p1a: Vivillon|spe|1\n|\n|upkeep\n|turn|17\n|\n|t:|1732990234\n|-terastallize|p2a: Sneasler|Flying\n|move|p1a: Vivillon|Hurricane|p2a: Sneasler\n|-damage|p2a: Sneasler|44/240\n|move|p2a: Sneasler|Close Combat|p1a: Vivillon\n|-resisted|p1a: Vivillon\n|-damage|p1a: Vivillon|230/272\n|-unboost|p2a: Sneasler|def|1\n|-unboost|p2a: Sneasler|spd|1\n|-enditem|p2a: Sneasler|White Herb\n|-clearnegativeboost|p2a: Sneasler|[silent]\n|\n|upkeep\n|turn|18\n|\n|t:|1732990240\n|move|p2a: Sneasler|Acrobatics|p1a: Vivillon\n|-supereffective|p1a: Vivillon\n|-damage|p1a: Vivillon|0 fnt\n|faint|p1a: Vivillon\n|\n|upkeep\n|-message|Drop a nickname forfeited.\n|\n|win|cute anon\n", "inputlog": ">version b107d77f5c90bd6555267ae244a6264823309ead\n>start {\"formatid\":\"gen9randombattle\",\"seed\":[60612,50364,37728,44666],\"rated\":\"Rated battle\"}\n>player p1 {\"name\":\"Drop a nickname\",\"avatar\":\"2\",\"rating\":2246,\"seed\":[32882,34218,5212,46268]}\n>player p2 {\"name\":\"cute anon\",\"avatar\":\"pokemonbreederf-gen4\",\"rating\":2260,\"seed\":[956,1842,35877,43343]}\n>p1 move dragondance terastallize\n>p2 move stoneedge\n>p1 move dragondance\n>p2 switch 5\n>p1 move dualwingbeat\n>p2 move icespinner\n>chat \u2606cute anon|...\n>chat \u2606Drop a nickname|Salamence you fucking suck\n>p1 switch 4\n>p1 move calmmind\n>p2 move spikes\n>p1 move substitute\n>p2 switch 3\n>p1 move calmmind\n>p2 move nastyplot\n>p1 move scald\n>p2 move thunderbolt\n>p1 move scald\n>p2 move nastyplot\n>p1 move scald\n>p2 move thunderbolt\n>p1 switch 6\n>p1 move moonblast\n>p2 move psychic\n>p2 switch 4\n>p1 move moonblast\n>p2 move gunkshot\n>p1 switch 5\n>p1 move psychic\n>p2 switch 3\n>p2 switch 5\n>p1 switch 2\n>p2 move stoneedge\n>p1 move suckerpunch\n>p2 move closecombat\n>p1 switch 3\n>p1 move sleeppowder\n>p2 move stoneedge\n>p1 move quiverdance\n>p2 switch 3\n>p1 move hurricane\n>p2 move closecombat terastallize\n>p1 move bugbuzz\n>p2 move acrobatics\n>forcelose p1", "uploadtime": 1732990148, "views": 1, "formatid": "gen9randombattle", "rating": null, "private": 0, "password": null}