{"id": "gen9randombattle-2254111609", "format": "[Gen 9] Random Battle", "players": ["woz864200", "q6v"], "log": "|j|\u2606woz864200\n|j|\u2606q6v\n|t:|1732992636\n|gametype|singles\n|player|p1|woz864200|169|1785\n|player|p2|q6v|caitlin|1817\n|teamsize|p1|6\n|teamsize|p2|6\n|gen|9\n|tier|[Gen 9] Random Battle\n|rated|\n|rule|Species Clause: Limit one of each Pok\u00e9mon\n|rule|HP Percentage Mod: HP is shown in percentages\n|rule|Sleep Clause Mod: Limit one foe put to sleep\n|rule|Illusion Level Mod: Illusion disguises the Pok\u00e9mon's true level\n|\n|t:|1732992636\n|start\n|switch|p1a: Chesnaught|Chesnaught, L84, F|285/285\n|switch|p2a: Gardevoir|Gardevoir, L83, M|249/249\n|-ability|p2a: Gardevoir|Bulletproof|[from] ability: Trace|[of] p1a: Chesnaught\n|turn|1\n|inactive|Battle timer is ON: inactive players will automatically lose when time's up. (requested by q6v)\n|inactive|woz864200 also wants the timer to be on.\n|\n|t:|1732992645\n|switch|p1a: Skeledirge|Skeledirge, L79, M|294/294\n|move|p2a: Gardevoir|Calm Mind|p2a: Gardevoir\n|-boost|p2a: Gardevoir|spa|1\n|-boost|p2a: Gardevoir|spd|1\n|\n|upkeep\n|turn|2\n|\n|t:|1732992654\n|move|p2a: Gardevoir|Psychic|p1a: Skeledirge\n|-damage|p1a: Skeledirge|129/294\n|-damage|p2a: Gardevoir|225/249|[from] item: Life Orb\n|move|p1a: Skeledirge|Will-O-Wisp|p2a: Gardevoir\n|-status|p2a: Gardevoir|brn\n|\n|-damage|p2a: Gardevoir|210/249 brn|[from] brn\n|upkeep\n|turn|3\n|\n|t:|1732992662\n|switch|p1a: Reuniclus|Reuniclus, L88, F|337/337\n|move|p2a: Gardevoir|Psychic|p1a: Reuniclus\n|-resisted|p1a: Reuniclus\n|-damage|p1a: Reuniclus|221/337\n|-damage|p2a: Gardevoir|186/249 brn|[from] item: Life Orb\n|\n|-damage|p2a: Gardevoir|171/249 brn|[from] brn\n|upkeep\n|turn|4\n|\n|t:|1732992672\n|move|p2a: Gardevoir|Moonblast|p1a: Reuniclus\n|-damage|p1a: Reuniclus|0 fnt\n|faint|p1a: Reuniclus\n|-damage|p2a: Gardevoir|147/249 brn|[from] item: Life Orb\n|\n|-damage|p2a: Gardevoir|132/249 brn|[from] brn\n|upkeep\n|\n|t:|1732992676\n|switch|p1a: Deoxys|Deoxys-Speed, L82|216/216\n|-ability|p1a: Deoxys|Pressure\n|turn|5\n|\n|t:|1732992684\n|switch|p1a: Chesnaught|Chesnaught, L84, F|285/285\n|move|p2a: Gardevoir|Moonblast|p1a: Chesnaught\n|-supereffective|p1a: Chesnaught\n|-damage|p1a: Chesnaught|0 fnt\n|faint|p1a: Chesnaught\n|-damage|p2a: Gardevoir|108/249 brn|[from] item: Life Orb\n|\n|-damage|p2a: Gardevoir|93/249 brn|[from] brn\n|upkeep\n|\n|t:|1732992689\n|switch|p1a: Deoxys|Deoxys-Speed, L82|216/216\n|-ability|p1a: Deoxys|Pressure\n|turn|6\n|\n|t:|1732992692\n|move|p1a: Deoxys|Knock Off|p2a: Gardevoir\n|-crit|p2a: Gardevoir\n|-damage|p2a: Gardevoir|0 fnt\n|-enditem|p2a: Gardevoir|Life Orb|[from] move: Knock Off|[of] p1a: Deoxys\n|faint|p2a: Gardevoir\n|-damage|p1a: Deoxys|195/216|[from] item: Life Orb\n|\n|upkeep\n|\n|t:|1732992697\n|switch|p2a: Yanmega|Yanmega, L82, F|275/275\n|turn|7\n|\n|t:|1732992701\n|move|p1a: Deoxys|Psycho Boost|p2a: Yanmega|[miss]\n|-miss|p1a: Deoxys|p2a: Yanmega\n|move|p2a: Yanmega|Bug Buzz|p1a: Deoxys\n|-supereffective|p1a: Deoxys\n|-damage|p1a: Deoxys|0 fnt\n|faint|p1a: Deoxys\n|\n|upkeep\n|\n|t:|1732992703\n|switch|p1a: Skeledirge|Skeledirge, L79, M|129/294\n|turn|8\n|\n|t:|1732992714\n|move|p2a: Yanmega|Bug Buzz|p1a: Skeledirge\n|-resisted|p1a: Skeledirge\n|-damage|p1a: Skeledirge|39/294\n|move|p1a: Skeledirge|Slack Off|p1a: Skeledirge\n|-heal|p1a: Skeledirge|186/294\n|\n|upkeep\n|turn|9\n|\n|t:|1732992719\n|switch|p2a: Glalie|Glalie, L96, M|309/309\n|move|p1a: Skeledirge|Torch Song|p2a: Glalie\n|-supereffective|p2a: Glalie\n|-damage|p2a: Glalie|163/309\n|-boost|p1a: Skeledirge|spa|1\n|\n|upkeep\n|turn|10\n|\n|t:|1732992727\n|move|p2a: Glalie|Disable|p1a: Skeledirge\n|-start|p1a: Skeledirge|Disable|Torch Song\n|move|p1a: Skeledirge|Will-O-Wisp|p2a: Glalie\n|-status|p2a: Glalie|brn\n|\n|-damage|p2a: Glalie|144/309 brn|[from] brn\n|upkeep\n|turn|11\n|\n|t:|1732992734\n|switch|p2a: Yanmega|Yanmega, L82, F|275/275\n|move|p1a: Skeledirge|Slack Off|p1a: Skeledirge\n|-heal|p1a: Skeledirge|294/294\n|\n|upkeep\n|turn|12\n|\n|t:|1732992737\n|move|p2a: Yanmega|Air Slash|p1a: Skeledirge\n|-damage|p1a: Skeledirge|152/294\n|move|p1a: Skeledirge|Will-O-Wisp|p2a: Yanmega\n|-status|p2a: Yanmega|brn\n|\n|-damage|p2a: Yanmega|258/275 brn|[from] brn\n|upkeep\n|turn|13\n|\n|t:|1732992745\n|move|p2a: Yanmega|Air Slash|p1a: Skeledirge\n|-damage|p1a: Skeledirge|8/294\n|cant|p1a: Skeledirge|flinch\n|\n|-damage|p2a: Yanmega|241/275 brn|[from] brn\n|-end|p1a: Skeledirge|Disable\n|upkeep\n|turn|14\n|\n|t:|1732992752\n|move|p2a: Yanmega|Air Slash|p1a: Skeledirge\n|-damage|p1a: Skeledirge|0 fnt\n|faint|p1a: Skeledirge\n|\n|-damage|p2a: Yanmega|224/275 brn|[from] brn\n|upkeep\n|\n|t:|1732992754\n|switch|p1a: Arceus|Arceus-Ice, L72|291/291\n|turn|15\n|\n|t:|1732992761\n|switch|p2a: Glalie|Glalie, L96, M|144/309 brn\n|move|p1a: Arceus|Calm Mind|p1a: Arceus\n|-boost|p1a: Arceus|spa|1\n|-boost|p1a: Arceus|spd|1\n|\n|-damage|p2a: Glalie|125/309 brn|[from] brn\n|upkeep\n|turn|16\n|\n|t:|1732992768\n|move|p1a: Arceus|Calm Mind|p1a: Arceus\n|-boost|p1a: Arceus|spa|1\n|-boost|p1a: Arceus|spd|1\n|move|p2a: Glalie|Disable|p1a: Arceus\n|-start|p1a: Arceus|Disable|Calm Mind\n|\n|-damage|p2a: Glalie|106/309 brn|[from] brn\n|upkeep\n|turn|17\n|\n|t:|1732992772\n|move|p1a: Arceus|Earth Power|p2a: Glalie\n|-damage|p2a: Glalie|0 fnt\n|faint|p2a: Glalie\n|\n|upkeep\n|\n|t:|1732992784\n|switch|p2a: Gallade|Gallade, L81, M|243/243\n|turn|18\n|\n|t:|1732992792\n|-terastallize|p1a: Arceus|Ground\n|move|p1a: Arceus|Earth Power|p2a: Gallade\n|-damage|p2a: Gallade|116/243\n|move|p2a: Gallade|Agility|p2a: Gallade\n|-boost|p2a: Gallade|spe|2\n|\n|upkeep\n|turn|19\n|\n|t:|1732992799\n|move|p2a: Gallade|Sacred Sword|p1a: Arceus\n|-damage|p1a: Arceus|103/291\n|-damage|p2a: Gallade|92/243|[from] item: Life Orb\n|move|p1a: Arceus|Earth Power|p2a: Gallade\n|-damage|p2a: Gallade|0 fnt\n|faint|p2a: Gallade\n|\n|upkeep\n|\n|t:|1732992803\n|switch|p2a: Vigoroth|Vigoroth, L85, F|275/275\n|turn|20\n|\n|t:|1732992807\n|move|p1a: Arceus|Recover|p1a: Arceus\n|-heal|p1a: Arceus|249/291\n|move|p2a: Vigoroth|Body Slam|p1a: Arceus\n|-damage|p1a: Arceus|173/291\n|\n|-end|p1a: Arceus|Disable\n|upkeep\n|turn|21\n|\n|t:|1732992810\n|move|p1a: Arceus|Judgment|p2a: Vigoroth\n|-damage|p2a: Vigoroth|82/275\n|move|p2a: Vigoroth|Body Slam|p1a: Arceus\n|-damage|p1a: Arceus|101/291\n|-status|p1a: Arceus|par\n|\n|upkeep\n|turn|22\n|\n|t:|1732992814\n|move|p2a: Vigoroth|Slack Off|p2a: Vigoroth\n|-heal|p2a: Vigoroth|220/275\n|move|p1a: Arceus|Judgment|p2a: Vigoroth\n|-damage|p2a: Vigoroth|3/275\n|\n|upkeep\n|turn|23\n|\n|t:|1732992816\n|move|p2a: Vigoroth|Body Slam|p1a: Arceus\n|-damage|p1a: Arceus|26/291 par\n|move|p1a: Arceus|Judgment|p2a: Vigoroth\n|-damage|p2a: Vigoroth|0 fnt\n|faint|p2a: Vigoroth\n|\n|upkeep\n|\n|t:|1732992826\n|switch|p2a: Yanmega|Yanmega, L82, F|224/275 brn\n|turn|24\n|\n|t:|1732992829\n|move|p2a: Yanmega|U-turn|p1a: Arceus\n|-damage|p1a: Arceus|0 fnt\n|faint|p1a: Arceus\n|\n|t:|1732992831\n|switch|p2a: Regice|Regice, L88|284/284|[from] U-turn\n|\n|upkeep\n|\n|t:|1732992834\n|switch|p1a: Koraidon|Koraidon, L64|235/235\n|-weather|SunnyDay|[from] ability: Orichalcum Pulse|[of] p1a: Koraidon\n|-activate|p1a: Koraidon|Orichalcum Pulse|[source]\n|turn|25\n|\n|t:|1732992845\n|-terastallize|p2a: Regice|Electric\n|move|p1a: Koraidon|Flare Blitz|p2a: Regice\n|-damage|p2a: Regice|116/284\n|-damage|p1a: Koraidon|180/235|[from] Recoil\n|move|p2a: Regice|Ice Beam|p1a: Koraidon\n|-supereffective|p1a: Koraidon\n|-damage|p1a: Koraidon|0 fnt\n|faint|p1a: Koraidon\n|\n|win|q6v\n|raw|woz864200's rating: 1785 &rarr; <strong>1767</strong><br />(-18 for losing)\n|raw|q6v's rating: 1817 &rarr; <strong>1835</strong><br />(+18 for winning)\n", "inputlog": ">version b107d77f5c90bd6555267ae244a6264823309ead\n>start {\"formatid\":\"gen9randombattle\",\"seed\":[30550,3139,55767,43715],\"rated\":\"Rated battle\"}\n>player p1 {\"name\":\"woz864200\",\"avatar\":\"169\",\"rating\":1785,\"seed\":[40732,53595,41928,50013]}\n>player p2 {\"name\":\"q6v\",\"avatar\":\"caitlin\",\"rating\":1817,\"seed\":[1561,1837,40390,62870]}\n>p1 switch 5\n>p2 move calmmind\n>p1 move willowisp\n>p2 move psychic\n>p1 switch 2\n>p2 move psychic\n>p1 move recover\n>p2 move moonblast\n>p1 switch 4\n>p1 switch 5\n>p2 move moonblast\n>p1 switch 5\n>p1 move knockoff\n>p2 move psychic\n>p2 switch 6\n>p1 move psychoboost\n>p2 move bugbuzz\n>p1 switch 2\n>p1 move slackoff\n>p2 move bugbuzz\n>p1 move torchsong\n>p2 switch 3\n>p1 move willowisp\n>p2 move disable\n>p1 move slackoff\n>p2 switch 3\n>p1 move willowisp\n>p2 move airslash\n>p1 move hex\n>p2 move airslash\n>p1 move slackoff\n>p2 move airslash\n>p1 switch 3\n>p1 move calmmind\n>p2 switch 3\n>p1 move calmmind\n>p2 move disable\n>p1 move earthpower\n>p2 move earthquake\n>p2 switch 4\n>p1 move earthpower terastallize\n>p2 move agility\n>p1 move earthpower\n>p2 move sacredsword\n>p2 switch 2\n>p1 move recover\n>p2 move bodyslam\n>p1 move judgment\n>p2 move bodyslam\n>p1 move judgment\n>p2 move slackoff\n>p1 move judgment\n>p2 move bodyslam\n>p2 switch 3\n>p1 move judgment\n>p2 move uturn\n>p2 switch 5\n>p1 switch 6\n>p1 move flareblitz\n>p2 move icebeam terastallize", "uploadtime": 1732992848, "views": 1, "formatid": "gen9randombattle", "rating": 1767, "private": 0, "password": null}