{"id": "gen9randombattle-2254103065", "format": "[Gen 9] Random Battle", "players": ["Ben the Android", "3jazz"], "log": "|j|\u2606Ben the Android\n|j|\u26063jazz\n|t:|1732991616\n|gametype|singles\n|player|p1|Ben the Android|colress|1511\n|player|p2|3jazz|ghetsis-gen5bw|1457\n|teamsize|p1|6\n|teamsize|p2|6\n|gen|9\n|tier|[Gen 9] Random Battle\n|rated|\n|rule|Species Clause: Limit one of each Pok\u00e9mon\n|rule|HP Percentage Mod: HP is shown in percentages\n|rule|Sleep Clause Mod: Limit one foe put to sleep\n|rule|Illusion Level Mod: Illusion disguises the Pok\u00e9mon's true level\n|\n|t:|1732991616\n|start\n|switch|p1a: Archaludon|Archaludon, L78, F|268/268\n|switch|p2a: Noivern|Noivern, L82, M|274/274\n|turn|1\n|inactive|Battle timer is ON: inactive players will automatically lose when time's up. (requested by 3jazz)\n|inactive|Ben the Android also wants the timer to be on.\n|inactive|3jazz has 120 seconds left.\n|\n|t:|1732991667\n|switch|p2a: Dudunsparce|Dudunsparce, L83, F|343/343\n|move|p1a: Archaludon|Outrage|p2a: Dudunsparce\n|-damage|p2a: Dudunsparce|207/343\n|\n|-heal|p2a: Dudunsparce|228/343|[from] item: Leftovers\n|upkeep\n|turn|2\n|\n|t:|1732991673\n|move|p1a: Archaludon|Outrage|p2a: Dudunsparce|[from]lockedmove\n|-damage|p2a: Dudunsparce|104/343\n|move|p2a: Dudunsparce|Glare|p1a: Archaludon\n|-status|p1a: Archaludon|par\n|-enditem|p1a: Archaludon|Lum Berry|[eat]\n|-curestatus|p1a: Archaludon|par|[msg]\n|\n|-heal|p2a: Dudunsparce|125/343|[from] item: Leftovers\n|upkeep\n|turn|3\n|\n|t:|1732991679\n|move|p1a: Archaludon|Outrage|p2a: Dudunsparce|[from]lockedmove\n|-damage|p2a: Dudunsparce|5/343\n|-start|p1a: Archaludon|confusion|[fatigue]\n|move|p2a: Dudunsparce|Roost|p2a: Dudunsparce\n|-heal|p2a: Dudunsparce|177/343\n|-singleturn|p2a: Dudunsparce|move: Roost\n|\n|-heal|p2a: Dudunsparce|198/343|[from] item: Leftovers\n|upkeep\n|turn|4\n|\n|t:|1732991695\n|-activate|p1a: Archaludon|confusion\n|-damage|p1a: Archaludon|245/268|[from] confusion\n|move|p2a: Dudunsparce|Glare|p1a: Archaludon\n|-status|p1a: Archaludon|par\n|\n|-heal|p2a: Dudunsparce|219/343|[from] item: Leftovers\n|upkeep\n|turn|5\n|\n|t:|1732991703\n|move|p2a: Dudunsparce|Roost|p2a: Dudunsparce\n|-heal|p2a: Dudunsparce|343/343\n|-singleturn|p2a: Dudunsparce|move: Roost\n|-activate|p1a: Archaludon|confusion\n|move|p1a: Archaludon|Swords Dance|p1a: Archaludon\n|-boost|p1a: Archaludon|atk|2\n|\n|upkeep\n|turn|6\n|\n|t:|1732991714\n|move|p2a: Dudunsparce|Earthquake|p1a: Archaludon\n|-supereffective|p1a: Archaludon\n|-damage|p1a: Archaludon|137/268 par\n|-ability|p1a: Archaludon|Stamina|boost\n|-boost|p1a: Archaludon|def|1\n|-end|p1a: Archaludon|confusion\n|move|p1a: Archaludon|Iron Head|p2a: Dudunsparce\n|-damage|p2a: Dudunsparce|177/343\n|\n|-heal|p2a: Dudunsparce|198/343|[from] item: Leftovers\n|upkeep\n|turn|7\n|\n|t:|1732991723\n|move|p2a: Dudunsparce|Earthquake|p1a: Archaludon\n|-supereffective|p1a: Archaludon\n|-damage|p1a: Archaludon|59/268 par\n|-ability|p1a: Archaludon|Stamina|boost\n|-boost|p1a: Archaludon|def|1\n|move|p1a: Archaludon|Outrage|p2a: Dudunsparce\n|-damage|p2a: Dudunsparce|0 fnt\n|faint|p2a: Dudunsparce\n|\n|upkeep\n|inactive|3jazz has 120 seconds left.\n|\n|t:|1732991757\n|switch|p2a: Plusle|Plusle, L95, M|268/268\n|turn|8\n|\n|t:|1732991761\n|move|p2a: Plusle|Alluring Voice|p1a: Archaludon\n|-damage|p1a: Archaludon|0 fnt\n|faint|p1a: Archaludon\n|-damage|p2a: Plusle|242/268|[from] item: Life Orb\n|\n|upkeep\n|\n|t:|1732991772\n|switch|p1a: Muk|Muk, L86, M|321/321\n|turn|9\n|inactive|3jazz has 120 seconds left.\n|\n|t:|1732991802\n|switch|p2a: Torkoal|Torkoal, L88, M|266/266\n|-weather|SunnyDay|[from] ability: Drought|[of] p2a: Torkoal\n|move|p1a: Muk|Gunk Shot|p2a: Torkoal|[miss]\n|-miss|p1a: Muk|p2a: Torkoal\n|\n|-weather|SunnyDay|[upkeep]\n|upkeep\n|turn|10\n|\n|t:|1732991811\n|move|p1a: Muk|Knock Off|p2a: Torkoal\n|-damage|p2a: Torkoal|212/266\n|-enditem|p2a: Torkoal|Heavy-Duty Boots|[from] move: Knock Off|[of] p1a: Muk\n|move|p2a: Torkoal|Yawn|p1a: Muk\n|-start|p1a: Muk|move: Yawn|[of] p2a: Torkoal\n|\n|-weather|SunnyDay|[upkeep]\n|upkeep\n|turn|11\n|\n|t:|1732991821\n|switch|p1a: Gyarados|Gyarados, L79, F|280/280\n|-ability|p1a: Gyarados|Intimidate|boost\n|-unboost|p2a: Torkoal|atk|1\n|move|p2a: Torkoal|Rapid Spin|p1a: Gyarados\n|-damage|p1a: Gyarados|254/280\n|-boost|p2a: Torkoal|spe|1\n|\n|-weather|SunnyDay|[upkeep]\n|upkeep\n|turn|12\n|\n|t:|1732991835\n|move|p1a: Gyarados|Dragon Dance|p1a: Gyarados\n|-boost|p1a: Gyarados|atk|1\n|-boost|p1a: Gyarados|spe|1\n|move|p2a: Torkoal|Solar Beam||[still]\n|-prepare|p2a: Torkoal|Solar Beam\n|-anim|p2a: Torkoal|Solar Beam|p1a: Gyarados\n|-damage|p1a: Gyarados|171/280\n|\n|-weather|SunnyDay|[upkeep]\n|upkeep\n|turn|13\n|\n|t:|1732991845\n|-terastallize|p1a: Gyarados|Flying\n|move|p1a: Gyarados|Dragon Dance|p1a: Gyarados\n|-boost|p1a: Gyarados|atk|1\n|-boost|p1a: Gyarados|spe|1\n|move|p2a: Torkoal|Yawn|p1a: Gyarados\n|-start|p1a: Gyarados|move: Yawn|[of] p2a: Torkoal\n|\n|-weather|none\n|upkeep\n|turn|14\n|\n|t:|1732991856\n|switch|p2a: Kleavor|Kleavor, L78, F|237/237\n|move|p1a: Gyarados|Earthquake|p2a: Kleavor\n|-damage|p2a: Kleavor|81/237\n|\n|-end|p1a: Gyarados|move: Yawn|[silent]\n|-status|p1a: Gyarados|slp\n|upkeep\n|turn|15\n|\n|t:|1732991865\n|switch|p1a: Muk|Muk, L86, M|321/321\n|move|p2a: Kleavor|Stone Axe|p1a: Muk\n|-damage|p1a: Muk|195/321\n|-sidestart|p1: Ben the Android|move: Stealth Rock\n|\n|upkeep\n|turn|16\n|\n|t:|1732991883\n|move|p2a: Kleavor|Stone Axe|p1a: Muk\n|-damage|p1a: Muk|65/321\n|move|p1a: Muk|Gunk Shot|p2a: Kleavor\n|-resisted|p2a: Kleavor\n|-damage|p2a: Kleavor|12/237\n|-status|p2a: Kleavor|psn\n|\n|-damage|p2a: Kleavor|0 fnt|[from] psn\n|faint|p2a: Kleavor\n|upkeep\n|\n|t:|1732991893\n|switch|p2a: Plusle|Plusle, L95, M|242/268\n|turn|17\n|\n|t:|1732991897\n|move|p1a: Muk|Shadow Sneak|p2a: Plusle\n|-damage|p2a: Plusle|190/268\n|move|p2a: Plusle|Thunderbolt|p1a: Muk\n|-damage|p1a: Muk|0 fnt\n|faint|p1a: Muk\n|-damage|p2a: Plusle|164/268|[from] item: Life Orb\n|\n|upkeep\n|\n|t:|1732991907\n|switch|p1a: Uxie|Uxie, L83|260/260\n|-damage|p1a: Uxie|228/260|[from] Stealth Rock\n|turn|18\n|\n|t:|1732991912\n|move|p2a: Plusle|Nasty Plot|p2a: Plusle\n|-boost|p2a: Plusle|spa|2\n|move|p1a: Uxie|Psychic Noise|p2a: Plusle\n|-damage|p2a: Plusle|97/268\n|-start|p2a: Plusle|move: Heal Block\n|\n|-heal|p1a: Uxie|244/260|[from] item: Leftovers\n|upkeep\n|turn|19\n|\n|t:|1732991920\n|move|p2a: Plusle|Thunderbolt|p1a: Uxie\n|-damage|p1a: Uxie|17/260\n|-damage|p2a: Plusle|71/268|[from] item: Life Orb\n|move|p1a: Uxie|Knock Off|p2a: Plusle\n|-crit|p2a: Plusle\n|-damage|p2a: Plusle|0 fnt\n|-enditem|p2a: Plusle|Life Orb|[from] move: Knock Off|[of] p1a: Uxie\n|faint|p2a: Plusle\n|\n|-heal|p1a: Uxie|33/260|[from] item: Leftovers\n|upkeep\n|\n|t:|1732991928\n|switch|p2a: Medicham|Medicham, L86, F|243/243\n|turn|20\n|\n|t:|1732991934\n|move|p2a: Medicham|Ice Punch|p1a: Uxie\n|-damage|p1a: Uxie|0 fnt\n|faint|p1a: Uxie\n|\n|upkeep\n|\n|t:|1732991942\n|switch|p1a: Mesprit|Mesprit, L85|275/275\n|-damage|p1a: Mesprit|241/275|[from] Stealth Rock\n|turn|21\n|\n|t:|1732991951\n|switch|p2a: Torkoal|Torkoal, L88, M|212/266\n|-weather|SunnyDay|[from] ability: Drought|[of] p2a: Torkoal\n|move|p1a: Mesprit|Knock Off|p2a: Torkoal\n|-damage|p2a: Torkoal|181/266\n|\n|-weather|SunnyDay|[upkeep]\n|upkeep\n|turn|22\n|\n|t:|1732991962\n|move|p1a: Mesprit|Psychic Noise|p2a: Torkoal\n|-crit|p2a: Torkoal\n|-damage|p2a: Torkoal|36/266\n|-start|p2a: Torkoal|move: Heal Block\n|move|p2a: Torkoal|Lava Plume|p1a: Mesprit\n|-damage|p1a: Mesprit|172/275\n|-status|p1a: Mesprit|brn\n|\n|-weather|SunnyDay|[upkeep]\n|-damage|p1a: Mesprit|155/275 brn|[from] brn\n|upkeep\n|turn|23\n|\n|t:|1732991974\n|move|p1a: Mesprit|Psychic Noise|p2a: Torkoal\n|-damage|p2a: Torkoal|0 fnt\n|faint|p2a: Torkoal\n|\n|-weather|SunnyDay|[upkeep]\n|-damage|p1a: Mesprit|138/275 brn|[from] brn\n|upkeep\n|\n|t:|1732991993\n|switch|p2a: Noivern|Noivern, L82, M|274/274\n|turn|24\n|\n|t:|1732992014\n|move|p2a: Noivern|Flamethrower|p1a: Mesprit\n|-damage|p1a: Mesprit|87/275 brn\n|move|p1a: Mesprit|Ice Beam|p2a: Noivern\n|-supereffective|p2a: Noivern\n|-damage|p2a: Noivern|0 fnt\n|faint|p2a: Noivern\n|\n|-weather|SunnyDay|[upkeep]\n|-damage|p1a: Mesprit|70/275 brn|[from] brn\n|upkeep\n|inactive|3jazz has 120 seconds left.\n|\n|t:|1732992026\n|switch|p2a: Medicham|Medicham, L86, F|243/243\n|turn|25\n|inactive|3jazz has 120 seconds left.\n|\n|t:|1732992048\n|move|p2a: Medicham|Ice Punch|p1a: Mesprit\n|-crit|p1a: Mesprit\n|-damage|p1a: Mesprit|0 fnt\n|faint|p1a: Mesprit\n|\n|-weather|none\n|upkeep\n|\n|t:|1732992053\n|switch|p1a: Gyarados|Gyarados, L79, F, tera:Flying|171/280 slp\n|-ability|p1a: Gyarados|Intimidate|boost\n|-unboost|p2a: Medicham|atk|1\n|turn|26\n|\n|t:|1732992059\n|move|p2a: Medicham|Ice Punch|p1a: Gyarados\n|-supereffective|p1a: Gyarados\n|-damage|p1a: Gyarados|51/280 slp\n|cant|p1a: Gyarados|slp\n|\n|upkeep\n|turn|27\n|\n|t:|1732992062\n|move|p2a: Medicham|Ice Punch|p1a: Gyarados\n|-supereffective|p1a: Gyarados\n|-damage|p1a: Gyarados|0 fnt\n|faint|p1a: Gyarados\n|\n|upkeep\n|\n|t:|1732992064\n|switch|p1a: Exeggutor|Exeggutor-Alola, L89, F|314/314\n|-damage|p1a: Exeggutor|275/314|[from] Stealth Rock\n|turn|28\n|\n|t:|1732992092\n|-terastallize|p2a: Medicham|Fighting\n|move|p2a: Medicham|Ice Punch|p1a: Exeggutor\n|-supereffective|p1a: Exeggutor\n|-damage|p1a: Exeggutor|51/314\n|-enditem|p1a: Exeggutor|Sitrus Berry|[eat]\n|-heal|p1a: Exeggutor|129/314|[from] item: Sitrus Berry\n|move|p1a: Exeggutor|Draco Meteor|p2a: Medicham\n|-damage|p2a: Medicham|54/243\n|-unboost|p1a: Exeggutor|spa|2\n|\n|-item|p1a: Exeggutor|Sitrus Berry|[from] ability: Harvest\n|upkeep\n|-enditem|p1a: Exeggutor|Sitrus Berry|[eat]\n|-heal|p1a: Exeggutor|207/314|[from] item: Sitrus Berry\n|turn|29\n|\n|t:|1732992117\n|move|p2a: Medicham|Ice Punch|p1a: Exeggutor\n|-supereffective|p1a: Exeggutor\n|-damage|p1a: Exeggutor|7/314\n|-status|p1a: Exeggutor|frz\n|-curestatus|p1a: Exeggutor|frz|[msg]\n|move|p1a: Exeggutor|Wood Hammer|p2a: Medicham\n|-damage|p2a: Medicham|0 fnt\n|faint|p2a: Medicham\n|-damage|p1a: Exeggutor|0 fnt|[from] Recoil\n|faint|p1a: Exeggutor\n|\n|win|Ben the Android\n|raw|Ben the Android's rating: 1511 &rarr; <strong>1528</strong><br />(+17 for winning)\n|raw|3jazz's rating: 1457 &rarr; <strong>1440</strong><br />(-17 for losing)\n|l|\u26063jazz\n|player|p2|\n", "inputlog": ">version b107d77f5c90bd6555267ae244a6264823309ead\n>start {\"formatid\":\"gen9randombattle\",\"seed\":[9583,15275,44356,42300],\"rated\":\"Rated battle\"}\n>player p1 {\"name\":\"Ben the Android\",\"avatar\":\"colress\",\"rating\":1511,\"seed\":[34275,38488,3294,6358]}\n>player p2 {\"name\":\"3jazz\",\"avatar\":\"ghetsis-gen5bw\",\"rating\":1457,\"seed\":[59346,62412,3263,32980]}\n>p1 move outrage\n>p2 switch 3\n>p1 move outrage\n>p2 move glare\n>p1 move outrage\n>p2 move roost\n>p1 move swordsdance\n>p2 move glare\n>p1 move swordsdance\n>p2 move roost\n>p1 move ironhead\n>p2 move earthquake\n>p1 move outrage\n>p2 move earthquake\n>p2 switch 6\n>p1 move outrage\n>p2 move alluringvoice\n>p1 switch 3\n>p1 move gunkshot\n>p2 switch 5\n>p1 move knockoff\n>p2 move yawn\n>p1 switch 4\n>p2 move rapidspin\n>p1 move dragondance\n>p2 move solarbeam\n>p1 move dragondance terastallize\n>p2 move yawn\n>p1 move earthquake\n>p2 switch 2\n>p1 switch 4\n>p2 move stoneaxe\n>p1 move gunkshot\n>p2 move stoneaxe\n>p2 switch 5\n>p1 move shadowsneak\n>p2 move thunderbolt\n>p1 switch 6\n>p1 move psychicnoise\n>p2 move nastyplot\n>p1 move knockoff\n>p2 move thunderbolt\n>p2 switch 4\n>p1 move thunderwave\n>p2 move icepunch\n>p1 switch 5\n>p1 move knockoff\n>p2 switch 2\n>p1 move psychicnoise\n>p2 move lavaplume\n>p1 move psychicnoise\n>p2 move lavaplume\n>p2 switch 3\n>p1 move icebeam\n>p2 move flamethrower\n>p2 switch 2\n>p1 move drainpunch\n>p2 move icepunch\n>p1 switch 4\n>p1 move dragondance\n>p2 move icepunch\n>p1 move dragondance\n>p2 move icepunch\n>p1 switch 2\n>p1 move dracometeor\n>p2 move icepunch terastallize\n>p1 move woodhammer\n>p2 move icepunch", "uploadtime": 1732992125, "views": 1, "formatid": "gen9randombattle", "rating": 1440, "private": 0, "password": null}