{"id": "gen9randombattle-2254089720", "format": "[Gen 9] Random Battle", "players": ["mtttp123", "iamnewbplzgoeasy"], "log": "|j|\u2606mtttp123\n|j|\u2606iamnewbplzgoeasy\n|t:|1732989983\n|gametype|singles\n|player|p1|mtttp123|170|1844\n|player|p2|iamnewbplzgoeasy|youngster-gen4dp|1832\n|teamsize|p1|6\n|teamsize|p2|6\n|gen|9\n|tier|[Gen 9] Random Battle\n|rated|\n|rule|Species Clause: Limit one of each Pok\u00e9mon\n|rule|HP Percentage Mod: HP is shown in percentages\n|rule|Sleep Clause Mod: Limit one foe put to sleep\n|rule|Illusion Level Mod: Illusion disguises the Pok\u00e9mon's true level\n|\n|t:|1732989983\n|start\n|switch|p1a: Alomomola|Alomomola, L87, F|429/429\n|switch|p2a: Ogerpon|Ogerpon, L80, F|259/259\n|turn|1\n|j| ErDibuPaky\n|c|\u2606mtttp123|hf\n|\n|t:|1732990009\n|switch|p1a: Glastrier|Glastrier, L86|311/311\n|move|p2a: Ogerpon|Spikes|p1a: Glastrier\n|-sidestart|p1: mtttp123|Spikes\n|\n|upkeep\n|turn|2\n|c|\u2606iamnewbplzgoeasy|u1\n|\n|t:|1732990017\n|switch|p2a: Scizor|Scizor, L79, M|240/240\n|move|p1a: Glastrier|Icicle Crash|p2a: Scizor|[miss]\n|-miss|p1a: Glastrier|p2a: Scizor\n|\n|upkeep\n|turn|3\n|\n|t:|1732990032\n|move|p2a: Scizor|Knock Off|p1a: Glastrier\n|-damage|p1a: Glastrier|240/311\n|-enditem|p1a: Glastrier|Choice Band|[from] move: Knock Off|[of] p2a: Scizor\n|-damage|p2a: Scizor|216/240|[from] item: Life Orb\n|move|p1a: Glastrier|Icicle Crash|p2a: Scizor|[miss]\n|-miss|p1a: Glastrier|p2a: Scizor\n|\n|upkeep\n|turn|4\n|\n|t:|1732990043\n|switch|p1a: Alomomola|Alomomola, L87, F|429/429\n|move|p2a: Scizor|Close Combat|p1a: Alomomola\n|-damage|p1a: Alomomola|300/429\n|-unboost|p2a: Scizor|def|1\n|-unboost|p2a: Scizor|spd|1\n|-damage|p2a: Scizor|192/240|[from] item: Life Orb\n|\n|upkeep\n|turn|5\n|\n|t:|1732990054\n|move|p1a: Alomomola|Flip Turn|p2a: Scizor\n|-damage|p2a: Scizor|116/240\n|\n|t:|1732990058\n|switch|p1a: Glastrier|Glastrier, L86|240/311|[from] Flip Turn\n|-damage|p1a: Glastrier|202/311|[from] Spikes\n|move|p2a: Scizor|Knock Off|p1a: Glastrier\n|-damage|p1a: Glastrier|157/311\n|-damage|p2a: Scizor|92/240|[from] item: Life Orb\n|\n|upkeep\n|turn|6\n|\n|t:|1732990066\n|move|p2a: Scizor|Close Combat|p1a: Glastrier\n|-supereffective|p1a: Glastrier\n|-damage|p1a: Glastrier|0 fnt\n|-unboost|p2a: Scizor|def|1\n|-unboost|p2a: Scizor|spd|1\n|faint|p1a: Glastrier\n|-damage|p2a: Scizor|68/240|[from] item: Life Orb\n|\n|upkeep\n|\n|t:|1732990068\n|switch|p1a: Alomomola|Alomomola, L87, F|429/429\n|turn|7\n|\n|t:|1732990072\n|switch|p2a: Ogerpon|Ogerpon, L80, F|259/259\n|move|p1a: Alomomola|Scald|p2a: Ogerpon\n|-resisted|p2a: Ogerpon\n|-damage|p2a: Ogerpon|237/259\n|\n|-heal|p2a: Ogerpon|253/259|[from] item: Leftovers\n|upkeep\n|turn|8\n|\n|t:|1732990093\n|move|p2a: Ogerpon|Spikes|p1a: Alomomola\n|-sidestart|p1: mtttp123|Spikes\n|move|p1a: Alomomola|Flip Turn|p2a: Ogerpon\n|-resisted|p2a: Ogerpon\n|-damage|p2a: Ogerpon|223/259\n|\n|t:|1732990095\n|switch|p1a: Articuno|Articuno, L86|295/295|[from] Flip Turn\n|-ability|p1a: Articuno|Pressure\n|\n|-heal|p2a: Ogerpon|239/259|[from] item: Leftovers\n|upkeep\n|turn|9\n|\n|t:|1732990103\n|switch|p2a: Scizor|Scizor, L79, M|68/240\n|move|p1a: Articuno|Freeze-Dry|p2a: Scizor\n|-resisted|p2a: Scizor\n|-damage|p2a: Scizor|22/240\n|\n|upkeep\n|turn|10\n|\n|t:|1732990114\n|switch|p1a: Alomomola|Alomomola, L87, F|429/429\n|move|p2a: Scizor|Knock Off|p1a: Alomomola\n|-damage|p1a: Alomomola|330/429\n|-enditem|p1a: Alomomola|Heavy-Duty Boots|[from] move: Knock Off|[of] p2a: Scizor\n|-damage|p2a: Scizor|0 fnt|[from] item: Life Orb\n|faint|p2a: Scizor\n|\n|upkeep\n|c|\u2606mtttp123|i think is gg already\n|\n|t:|1732990124\n|switch|p2a: Scovillain|Scovillain, L91, F|266/266\n|turn|11\n|c|\u2606iamnewbplzgoeasy|ripperino\n|\n|t:|1732990133\n|move|p1a: Alomomola|Protect|p1a: Alomomola\n|-singleturn|p1a: Alomomola|Protect\n|move|p2a: Scovillain|Substitute|p2a: Scovillain\n|-start|p2a: Scovillain|Substitute\n|-damage|p2a: Scovillain|200/266\n|\n|-heal|p2a: Scovillain|216/266|[from] item: Leftovers\n|upkeep\n|turn|12\n|\n|t:|1732990134\n|move|p2a: Scovillain|Leech Seed|p1a: Alomomola\n|-start|p1a: Alomomola|move: Leech Seed\n|move|p1a: Alomomola|Flip Turn|p2a: Scovillain\n|-activate|p2a: Scovillain|move: Substitute|[damage]\n|\n|t:|1732990143\n|switch|p1a: Pikachu|Pikachu-Partner, L93, M|216/216|[from] Flip Turn\n|-damage|p1a: Pikachu|180/216|[from] Spikes\n|\n|-heal|p2a: Scovillain|232/266|[from] item: Leftovers\n|upkeep\n|turn|13\n|\n|t:|1732990146\n|move|p1a: Pikachu|Volt Switch|p2a: Scovillain\n|-resisted|p2a: Scovillain\n|-end|p2a: Scovillain|Substitute\n|\n|t:|1732990149\n|switch|p1a: Scream Tail|Scream Tail, L84|330/330|[from] Volt Switch\n|-damage|p1a: Scream Tail|275/330|[from] Spikes\n|move|p2a: Scovillain|Flamethrower|p1a: Scream Tail\n|-damage|p1a: Scream Tail|175/330\n|\n|-heal|p1a: Scream Tail|195/330|[from] item: Leftovers\n|-heal|p2a: Scovillain|248/266|[from] item: Leftovers\n|upkeep\n|turn|14\n|\n|t:|1732990159\n|move|p1a: Scream Tail|Wish|p1a: Scream Tail\n|move|p2a: Scovillain|Flamethrower|p1a: Scream Tail\n|-damage|p1a: Scream Tail|98/330\n|\n|-heal|p1a: Scream Tail|118/330|[from] item: Leftovers\n|-heal|p2a: Scovillain|264/266|[from] item: Leftovers\n|upkeep\n|turn|15\n|\n|t:|1732990165\n|move|p1a: Scream Tail|Thunder Wave|p2a: Scovillain\n|-status|p2a: Scovillain|par\n|move|p2a: Scovillain|Substitute|p2a: Scovillain\n|-start|p2a: Scovillain|Substitute\n|-damage|p2a: Scovillain|198/266 par\n|\n|-heal|p1a: Scream Tail|283/330|[from] move: Wish|[wisher] Scream Tail\n|-heal|p1a: Scream Tail|303/330|[from] item: Leftovers\n|-heal|p2a: Scovillain|214/266 par|[from] item: Leftovers\n|upkeep\n|turn|16\n|\n|t:|1732990169\n|-end|p1a: Scream Tail|Protosynthesis|[silent]\n|switch|p1a: Alomomola|Alomomola, L87, F|429/429\n|-damage|p1a: Alomomola|358/429|[from] Spikes\n|move|p2a: Scovillain|Leech Seed|p1a: Alomomola\n|-start|p1a: Alomomola|move: Leech Seed\n|\n|-heal|p2a: Scovillain|230/266 par|[from] item: Leftovers\n|-damage|p1a: Alomomola|305/429|[from] Leech Seed|[of] p2a: Scovillain\n|-heal|p2a: Scovillain|266/266 par|[silent]\n|upkeep\n|turn|17\n|\n|t:|1732990177\n|move|p1a: Alomomola|Scald|p2a: Scovillain\n|-activate|p2a: Scovillain|move: Substitute|[damage]\n|move|p2a: Scovillain|Leech Seed||[still]\n|-fail|p2a: Scovillain\n|\n|-damage|p1a: Alomomola|252/429|[from] Leech Seed|[of] p2a: Scovillain\n|upkeep\n|turn|18\n|\n|t:|1732990181\n|move|p1a: Alomomola|Flip Turn|p2a: Scovillain\n|-end|p2a: Scovillain|Substitute\n|\n|t:|1732990186\n|switch|p1a: Scream Tail|Scream Tail, L84|303/330|[from] Flip Turn\n|-damage|p1a: Scream Tail|248/330|[from] Spikes\n|move|p2a: Scovillain|Substitute|p2a: Scovillain\n|-start|p2a: Scovillain|Substitute\n|-damage|p2a: Scovillain|200/266 par\n|\n|-heal|p1a: Scream Tail|268/330|[from] item: Leftovers\n|-heal|p2a: Scovillain|216/266 par|[from] item: Leftovers\n|upkeep\n|turn|19\n|\n|t:|1732990191\n|move|p1a: Scream Tail|Wish|p1a: Scream Tail\n|move|p2a: Scovillain|Flamethrower|p1a: Scream Tail\n|-damage|p1a: Scream Tail|177/330\n|\n|-heal|p1a: Scream Tail|197/330|[from] item: Leftovers\n|-heal|p2a: Scovillain|232/266 par|[from] item: Leftovers\n|upkeep\n|turn|20\n|\n|t:|1732990215\n|move|p1a: Scream Tail|Dazzling Gleam|p2a: Scovillain\n|-resisted|p2a: Scovillain\n|-activate|p2a: Scovillain|move: Substitute|[damage]\n|cant|p2a: Scovillain|par\n|\n|-heal|p1a: Scream Tail|330/330|[from] move: Wish|[wisher] Scream Tail\n|-heal|p2a: Scovillain|248/266 par|[from] item: Leftovers\n|upkeep\n|turn|21\n|\n|t:|1732990221\n|-end|p1a: Scream Tail|Protosynthesis|[silent]\n|switch|p1a: Alomomola|Alomomola, L87, F|395/429\n|-damage|p1a: Alomomola|324/429|[from] Spikes\n|move|p2a: Scovillain|Flamethrower|p1a: Alomomola\n|-resisted|p1a: Alomomola\n|-damage|p1a: Alomomola|231/429\n|\n|-heal|p2a: Scovillain|264/266 par|[from] item: Leftovers\n|upkeep\n|turn|22\n|\n|t:|1732990244\n|move|p1a: Alomomola|Scald|p2a: Scovillain\n|-end|p2a: Scovillain|Substitute\n|move|p2a: Scovillain|Substitute|p2a: Scovillain\n|-start|p2a: Scovillain|Substitute\n|-damage|p2a: Scovillain|198/266 par\n|\n|-heal|p2a: Scovillain|214/266 par|[from] item: Leftovers\n|upkeep\n|turn|23\n|\n|t:|1732990251\n|move|p1a: Alomomola|Scald|p2a: Scovillain\n|-activate|p2a: Scovillain|move: Substitute|[damage]\n|move|p2a: Scovillain|Leech Seed|p1a: Alomomola\n|-start|p1a: Alomomola|move: Leech Seed\n|\n|-heal|p2a: Scovillain|230/266 par|[from] item: Leftovers\n|-damage|p1a: Alomomola|178/429|[from] Leech Seed|[of] p2a: Scovillain\n|-heal|p2a: Scovillain|266/266 par|[silent]\n|upkeep\n|turn|24\n|\n|t:|1732990286\n|move|p1a: Alomomola|Flip Turn|p2a: Scovillain\n|-end|p2a: Scovillain|Substitute\n|\n|t:|1732990287\n|switch|p1a: Suicune|Suicune, L82|298/298|[from] Flip Turn\n|-damage|p1a: Suicune|249/298|[from] Spikes\n|-ability|p1a: Suicune|Pressure\n|move|p2a: Scovillain|Flamethrower|p1a: Suicune\n|-resisted|p1a: Suicune\n|-damage|p1a: Suicune|195/298\n|\n|-heal|p1a: Suicune|213/298|[from] item: Leftovers\n|upkeep\n|turn|25\n|\n|t:|1732990304\n|switch|p2a: Ogerpon|Ogerpon, L80, F|239/259\n|move|p1a: Suicune|Substitute|p1a: Suicune\n|-start|p1a: Suicune|Substitute\n|-damage|p1a: Suicune|139/298\n|\n|-heal|p2a: Ogerpon|255/259|[from] item: Leftovers\n|-heal|p1a: Suicune|157/298|[from] item: Leftovers\n|upkeep\n|turn|26\n|\n|t:|1732990312\n|move|p1a: Suicune|Protect|p1a: Suicune\n|-singleturn|p1a: Suicune|Protect\n|move|p2a: Ogerpon|Encore|p1a: Suicune\n|-activate|p1a: Suicune|move: Protect\n|\n|-heal|p2a: Ogerpon|259/259|[from] item: Leftovers\n|-heal|p1a: Suicune|175/298|[from] item: Leftovers\n|upkeep\n|turn|27\n|\n|t:|1732990317\n|move|p2a: Ogerpon|Spikes|p1a: Suicune\n|-sidestart|p1: mtttp123|Spikes\n|move|p1a: Suicune|Scald|p2a: Ogerpon\n|-resisted|p2a: Ogerpon\n|-damage|p2a: Ogerpon|220/259\n|\n|-heal|p2a: Ogerpon|236/259|[from] item: Leftovers\n|-heal|p1a: Suicune|193/298|[from] item: Leftovers\n|upkeep\n|turn|28\n|\n|t:|1732990320\n|move|p2a: Ogerpon|Ivy Cudgel|p1a: Suicune\n|-supereffective|p1a: Suicune\n|-end|p1a: Suicune|Substitute\n|move|p1a: Suicune|Scald|p2a: Ogerpon\n|-resisted|p2a: Ogerpon\n|-damage|p2a: Ogerpon|197/259\n|\n|-heal|p2a: Ogerpon|213/259|[from] item: Leftovers\n|-heal|p1a: Suicune|211/298|[from] item: Leftovers\n|upkeep\n|turn|29\n|\n|t:|1732990323\n|move|p1a: Suicune|Protect|p1a: Suicune\n|-singleturn|p1a: Suicune|Protect\n|move|p2a: Ogerpon|Ivy Cudgel|p1a: Suicune\n|-activate|p1a: Suicune|move: Protect\n|\n|-heal|p2a: Ogerpon|229/259|[from] item: Leftovers\n|-heal|p1a: Suicune|229/298|[from] item: Leftovers\n|upkeep\n|turn|30\n|\n|t:|1732990325\n|switch|p1a: Articuno|Articuno, L86|295/295\n|-ability|p1a: Articuno|Pressure\n|move|p2a: Ogerpon|Ivy Cudgel|p1a: Articuno\n|-resisted|p1a: Articuno\n|-damage|p1a: Articuno|248/295\n|\n|-heal|p2a: Ogerpon|245/259|[from] item: Leftovers\n|upkeep\n|turn|31\n|\n|t:|1732990338\n|switch|p2a: Solgaleo|Solgaleo, L74|325/325\n|move|p1a: Articuno|Freeze-Dry|p2a: Solgaleo\n|-resisted|p2a: Solgaleo\n|-damage|p2a: Solgaleo|283/325\n|\n|upkeep\n|turn|32\n|\n|t:|1732990348\n|switch|p1a: Alomomola|Alomomola, L87, F|321/429\n|-damage|p1a: Alomomola|214/429|[from] Spikes\n|move|p2a: Solgaleo|Flame Charge|p1a: Alomomola\n|-resisted|p1a: Alomomola\n|-damage|p1a: Alomomola|196/429\n|-boost|p2a: Solgaleo|spe|1\n|\n|upkeep\n|turn|33\n|\n|t:|1732990353\n|move|p2a: Solgaleo|Psychic|p1a: Alomomola\n|-damage|p1a: Alomomola|69/429\n|move|p1a: Alomomola|Wish|p1a: Alomomola\n|\n|upkeep\n|turn|34\n|\n|t:|1732990362\n|switch|p2a: Ogerpon|Ogerpon, L80, F|245/259\n|move|p1a: Alomomola|Protect||[still]\n|-fail|p1a: Alomomola\n|\n|-heal|p1a: Alomomola|283/429|[from] move: Wish|[wisher] Alomomola\n|-heal|p2a: Ogerpon|259/259|[from] item: Leftovers\n|upkeep\n|turn|35\n|\n|t:|1732990367\n|switch|p1a: Articuno|Articuno, L86|248/295\n|-ability|p1a: Articuno|Pressure\n|move|p2a: Ogerpon|Superpower|p1a: Articuno\n|-damage|p1a: Articuno|164/295\n|-unboost|p2a: Ogerpon|atk|1\n|-unboost|p2a: Ogerpon|def|1\n|\n|upkeep\n|turn|36\n|\n|t:|1732990386\n|switch|p2a: Solgaleo|Solgaleo, L74|283/325\n|move|p1a: Articuno|Roost|p1a: Articuno\n|-heal|p1a: Articuno|295/295\n|-singleturn|p1a: Articuno|move: Roost\n|\n|upkeep\n|turn|37\n|\n|t:|1732990396\n|switch|p1a: Alomomola|Alomomola, L87, F|426/429\n|-damage|p1a: Alomomola|319/429|[from] Spikes\n|switch|p2a: Ogerpon|Ogerpon, L80, F|259/259\n|\n|upkeep\n|turn|38\n|\n|t:|1732990400\n|switch|p1a: Articuno|Articuno, L86|295/295\n|-ability|p1a: Articuno|Pressure\n|move|p2a: Ogerpon|Ivy Cudgel|p1a: Articuno\n|-resisted|p1a: Articuno\n|-damage|p1a: Articuno|243/295\n|\n|upkeep\n|turn|39\n|\n|t:|1732990413\n|switch|p2a: Solgaleo|Solgaleo, L74|283/325\n|move|p1a: Articuno|Freeze-Dry|p2a: Solgaleo\n|-resisted|p2a: Solgaleo\n|-damage|p2a: Solgaleo|239/325\n|\n|upkeep\n|turn|40\n|c|\u2606mtttp123|that scizor knock was nutty\n|c|\u2606mtttp123|made this game so much harder\n|\n|t:|1732990427\n|switch|p1a: Alomomola|Alomomola, L87, F|429/429\n|-damage|p1a: Alomomola|322/429|[from] Spikes\n|switch|p2a: Azelf|Azelf, L82|257/257\n|\n|upkeep\n|turn|41\n|c|\u2606iamnewbplzgoeasy|yeah\n|\n|t:|1732990442\n|switch|p1a: Scream Tail|Scream Tail, L84|330/330\n|-damage|p1a: Scream Tail|248/330|[from] Spikes\n|move|p2a: Azelf|Psychic|p1a: Scream Tail\n|-resisted|p1a: Scream Tail\n|-damage|p1a: Scream Tail|177/330\n|\n|-heal|p1a: Scream Tail|197/330|[from] item: Leftovers\n|upkeep\n|turn|42\n|c|\u2606iamnewbplzgoeasy|Gotta risk it\n|\n|t:|1732990448\n|switch|p2a: Solgaleo|Solgaleo, L74|239/325\n|move|p1a: Scream Tail|Wish|p1a: Scream Tail\n|\n|-heal|p1a: Scream Tail|217/330|[from] item: Leftovers\n|upkeep\n|turn|43\n|c|\u2606iamnewbplzgoeasy|but idk why I have psychic on  solagleo\n|c|\u2606mtttp123|weakness policy\n|c|\u2606iamnewbplzgoeasy|that;s true\n|c|\u2606mtttp123|so you don't get slowed down by phys walls i guess\n|\n|t:|1732990489\n|move|p1a: Scream Tail|Protect|p1a: Scream Tail\n|-singleturn|p1a: Scream Tail|Protect\n|move|p2a: Solgaleo|Sunsteel Strike|p1a: Scream Tail\n|-activate|p1a: Scream Tail|move: Protect\n|\n|-heal|p1a: Scream Tail|330/330|[from] move: Wish|[wisher] Scream Tail\n|upkeep\n|turn|44\n|\n|t:|1732990501\n|-end|p1a: Scream Tail|Protosynthesis|[silent]\n|switch|p1a: Alomomola|Alomomola, L87, F|429/429\n|-damage|p1a: Alomomola|322/429|[from] Spikes\n|switch|p2a: Azelf|Azelf, L82|257/257\n|\n|upkeep\n|turn|45\n|\n|t:|1732990509\n|move|p1a: Alomomola|Protect|p1a: Alomomola\n|-singleturn|p1a: Alomomola|Protect\n|move|p2a: Azelf|U-turn|p1a: Alomomola\n|-activate|p1a: Alomomola|move: Protect\n|\n|upkeep\n|turn|46\n|\n|t:|1732990513\n|move|p2a: Azelf|U-turn|p1a: Alomomola\n|-damage|p1a: Alomomola|257/429\n|\n|t:|1732990517\n|switch|p2a: Scovillain|Scovillain, L91, F|266/266 par|[from] U-turn\n|move|p1a: Alomomola|Flip Turn|p2a: Scovillain\n|-damage|p2a: Scovillain|197/266 par\n|\n|t:|1732990523\n|switch|p1a: Suicune|Suicune, L82|229/298|[from] Flip Turn\n|-damage|p1a: Suicune|155/298|[from] Spikes\n|-ability|p1a: Suicune|Pressure\n|\n|-heal|p1a: Suicune|173/298|[from] item: Leftovers\n|-heal|p2a: Scovillain|213/266 par|[from] item: Leftovers\n|upkeep\n|turn|47\n|\n|t:|1732990531\n|switch|p2a: Ogerpon|Ogerpon, L80, F|259/259\n|move|p1a: Suicune|Scald|p2a: Ogerpon\n|-resisted|p2a: Ogerpon\n|-damage|p2a: Ogerpon|223/259\n|\n|-heal|p2a: Ogerpon|239/259|[from] item: Leftovers\n|-heal|p1a: Suicune|191/298|[from] item: Leftovers\n|upkeep\n|turn|48\n|\n|t:|1732990544\n|switch|p2a: Azelf|Azelf, L82|257/257\n|move|p1a: Suicune|Protect||[still]\n|-fail|p1a: Suicune\n|\n|-heal|p1a: Suicune|209/298|[from] item: Leftovers\n|upkeep\n|turn|49\n|\n|t:|1732990551\n|move|p1a: Suicune|Protect|p1a: Suicune\n|-singleturn|p1a: Suicune|Protect\n|move|p2a: Azelf|Thunderbolt|p1a: Suicune\n|-activate|p1a: Suicune|move: Protect\n|\n|-heal|p1a: Suicune|227/298|[from] item: Leftovers\n|upkeep\n|turn|50\n|\n|t:|1732990559\n|switch|p2a: Scovillain|Scovillain, L91, F|213/266 par\n|move|p1a: Suicune|Scald|p2a: Scovillain\n|-damage|p2a: Scovillain|120/266 par\n|\n|-heal|p1a: Suicune|245/298|[from] item: Leftovers\n|-heal|p2a: Scovillain|136/266 par|[from] item: Leftovers\n|upkeep\n|turn|51\n|\n|t:|1732990564\n|switch|p2a: Azelf|Azelf, L82|257/257\n|move|p1a: Suicune|Substitute|p1a: Suicune\n|-start|p1a: Suicune|Substitute\n|-damage|p1a: Suicune|171/298\n|\n|-heal|p1a: Suicune|189/298|[from] item: Leftovers\n|upkeep\n|turn|52\n|\n|t:|1732990570\n|move|p1a: Suicune|Protect|p1a: Suicune\n|-singleturn|p1a: Suicune|Protect\n|move|p2a: Azelf|Psychic|p1a: Suicune\n|-activate|p1a: Suicune|move: Protect\n|\n|-heal|p1a: Suicune|207/298|[from] item: Leftovers\n|upkeep\n|turn|53\n|\n|t:|1732990572\n|move|p2a: Azelf|Psychic|p1a: Suicune\n|-end|p1a: Suicune|Substitute\n|move|p1a: Suicune|Scald|p2a: Azelf\n|-damage|p2a: Azelf|164/257\n|\n|-heal|p1a: Suicune|225/298|[from] item: Leftovers\n|upkeep\n|turn|54\n|\n|t:|1732990577\n|switch|p1a: Scream Tail|Scream Tail, L84|330/330\n|-damage|p1a: Scream Tail|248/330|[from] Spikes\n|move|p2a: Azelf|Psychic|p1a: Scream Tail\n|-resisted|p1a: Scream Tail\n|-damage|p1a: Scream Tail|182/330\n|\n|-heal|p1a: Scream Tail|202/330|[from] item: Leftovers\n|upkeep\n|turn|55\n|\n|t:|1732990582\n|switch|p2a: Scovillain|Scovillain, L91, F|136/266 par\n|move|p1a: Scream Tail|Thunder Wave|p2a: Scovillain\n|-fail|p2a: Scovillain|par\n|\n|-heal|p1a: Scream Tail|222/330|[from] item: Leftovers\n|-heal|p2a: Scovillain|152/266 par|[from] item: Leftovers\n|upkeep\n|turn|56\n|\n|t:|1732990587\n|move|p1a: Scream Tail|Wish|p1a: Scream Tail\n|move|p2a: Scovillain|Leech Seed|p1a: Scream Tail\n|-start|p1a: Scream Tail|move: Leech Seed\n|\n|-heal|p1a: Scream Tail|242/330|[from] item: Leftovers\n|-heal|p2a: Scovillain|168/266 par|[from] item: Leftovers\n|-damage|p1a: Scream Tail|201/330|[from] Leech Seed|[of] p2a: Scovillain\n|-heal|p2a: Scovillain|209/266 par|[silent]\n|upkeep\n|turn|57\n|\n|t:|1732990600\n|move|p1a: Scream Tail|Dazzling Gleam|p2a: Scovillain\n|-resisted|p2a: Scovillain\n|-damage|p2a: Scovillain|173/266 par\n|move|p2a: Scovillain|Leech Seed||[still]\n|-fail|p2a: Scovillain\n|\n|-heal|p1a: Scream Tail|330/330|[from] move: Wish|[wisher] Scream Tail\n|-heal|p2a: Scovillain|189/266 par|[from] item: Leftovers\n|-damage|p1a: Scream Tail|289/330|[from] Leech Seed|[of] p2a: Scovillain\n|-heal|p2a: Scovillain|230/266 par|[silent]\n|upkeep\n|turn|58\n|\n|t:|1732990604\n|-end|p1a: Scream Tail|Protosynthesis|[silent]\n|switch|p1a: Alomomola|Alomomola, L87, F|400/429\n|-damage|p1a: Alomomola|293/429|[from] Spikes\n|move|p2a: Scovillain|Substitute|p2a: Scovillain\n|-start|p2a: Scovillain|Substitute\n|-damage|p2a: Scovillain|164/266 par\n|\n|-heal|p2a: Scovillain|180/266 par|[from] item: Leftovers\n|upkeep\n|turn|59\n|\n|t:|1732990607\n|move|p1a: Alomomola|Scald|p2a: Scovillain\n|-activate|p2a: Scovillain|move: Substitute|[damage]\n|move|p2a: Scovillain|Leech Seed|p1a: Alomomola\n|-start|p1a: Alomomola|move: Leech Seed\n|\n|-heal|p2a: Scovillain|196/266 par|[from] item: Leftovers\n|-damage|p1a: Alomomola|240/429|[from] Leech Seed|[of] p2a: Scovillain\n|-heal|p2a: Scovillain|249/266 par|[silent]\n|upkeep\n|turn|60\n|\n|t:|1732990612\n|move|p1a: Alomomola|Wish|p1a: Alomomola\n|cant|p2a: Scovillain|par\n|\n|-heal|p2a: Scovillain|265/266 par|[from] item: Leftovers\n|-damage|p1a: Alomomola|187/429|[from] Leech Seed|[of] p2a: Scovillain\n|-heal|p2a: Scovillain|266/266 par|[silent]\n|upkeep\n|turn|61\n|\n|t:|1732990624\n|move|p1a: Alomomola|Flip Turn|p2a: Scovillain\n|-end|p2a: Scovillain|Substitute\n|\n|t:|1732990625\n|switch|p1a: Suicune|Suicune, L82|225/298|[from] Flip Turn\n|-damage|p1a: Suicune|151/298|[from] Spikes\n|-ability|p1a: Suicune|Pressure\n|move|p2a: Scovillain|Flamethrower|p1a: Suicune\n|-resisted|p1a: Suicune\n|-damage|p1a: Suicune|104/298\n|\n|-heal|p1a: Suicune|298/298|[from] move: Wish|[wisher] Alomomola\n|upkeep\n|turn|62\n|\n|t:|1732990641\n|switch|p2a: Ogerpon|Ogerpon, L80, F|239/259\n|move|p1a: Suicune|Substitute|p1a: Suicune\n|-start|p1a: Suicune|Substitute\n|-damage|p1a: Suicune|224/298\n|\n|-heal|p2a: Ogerpon|255/259|[from] item: Leftovers\n|-heal|p1a: Suicune|242/298|[from] item: Leftovers\n|upkeep\n|turn|63\n|\n|t:|1732990650\n|move|p1a: Suicune|Protect|p1a: Suicune\n|-singleturn|p1a: Suicune|Protect\n|move|p2a: Ogerpon|Ivy Cudgel|p1a: Suicune\n|-activate|p1a: Suicune|move: Protect\n|\n|-heal|p2a: Ogerpon|259/259|[from] item: Leftovers\n|-heal|p1a: Suicune|260/298|[from] item: Leftovers\n|upkeep\n|turn|64\n|\n|t:|1732990654\n|move|p2a: Ogerpon|Encore|p1a: Suicune\n|-start|p1a: Suicune|Encore\n|move|p1a: Suicune|Protect||[still]\n|-fail|p1a: Suicune\n|\n|-heal|p1a: Suicune|278/298|[from] item: Leftovers\n|upkeep\n|turn|65\n|\n|t:|1732990662\n|switch|p2a: Flutter Mane|Flutter Mane, L74|203/203\n|move|p1a: Suicune|Protect||[still]\n|-fail|p1a: Suicune\n|\n|-heal|p1a: Suicune|296/298|[from] item: Leftovers\n|upkeep\n|turn|66\n|\n|t:|1732990668\n|move|p1a: Suicune|Protect|p1a: Suicune\n|-singleturn|p1a: Suicune|Protect\n|move|p2a: Flutter Mane|Moonblast|p1a: Suicune\n|-activate|p1a: Suicune|move: Protect\n|\n|-heal|p1a: Suicune|298/298|[from] item: Leftovers\n|-end|p1a: Suicune|Encore\n|upkeep\n|turn|67\n|\n|t:|1732990670\n|move|p2a: Flutter Mane|Moonblast|p1a: Suicune\n|-end|p1a: Suicune|Substitute\n|move|p1a: Suicune|Scald|p2a: Flutter Mane\n|-damage|p2a: Flutter Mane|146/203\n|\n|upkeep\n|turn|68\n|\n|t:|1732990680\n|switch|p1a: Articuno|Articuno, L86|243/295\n|-ability|p1a: Articuno|Pressure\n|move|p2a: Flutter Mane|Moonblast|p1a: Articuno\n|-damage|p1a: Articuno|128/295\n|\n|upkeep\n|turn|69\n|\n|t:|1732990687\n|-terastallize|p2a: Flutter Mane|Fairy\n|move|p2a: Flutter Mane|Moonblast|p1a: Articuno\n|-damage|p1a: Articuno|0 fnt\n|faint|p1a: Articuno\n|\n|upkeep\n|\n|t:|1732990710\n|switch|p1a: Scream Tail|Scream Tail, L84|289/330\n|-damage|p1a: Scream Tail|207/330|[from] Spikes\n|turn|70\n|\n|t:|1732990714\n|-end|p2a: Flutter Mane|Protosynthesis|[silent]\n|switch|p2a: Scovillain|Scovillain, L91, F|266/266 par\n|move|p1a: Scream Tail|Protect||[still]\n|-fail|p1a: Scream Tail\n|\n|-heal|p1a: Scream Tail|227/330|[from] item: Leftovers\n|upkeep\n|turn|71\n|\n|t:|1732990733\n|-end|p1a: Scream Tail|Protosynthesis|[silent]\n|switch|p1a: Suicune|Suicune, L82|298/298\n|-damage|p1a: Suicune|224/298|[from] Spikes\n|-ability|p1a: Suicune|Pressure\n|move|p2a: Scovillain|Leech Seed|p1a: Suicune\n|-start|p1a: Suicune|move: Leech Seed\n|\n|-heal|p1a: Suicune|242/298|[from] item: Leftovers\n|-damage|p1a: Suicune|205/298|[from] Leech Seed|[of] p2a: Scovillain\n|upkeep\n|turn|72\n|\n|t:|1732990744\n|switch|p1a: Alomomola|Alomomola, L87, F|330/429\n|-damage|p1a: Alomomola|223/429|[from] Spikes\n|switch|p2a: Ogerpon|Ogerpon, L80, F|259/259\n|\n|upkeep\n|turn|73\n|\n|t:|1732990749\n|switch|p1a: Scream Tail|Scream Tail, L84|227/330\n|-damage|p1a: Scream Tail|145/330|[from] Spikes\n|move|p2a: Ogerpon|Ivy Cudgel|p1a: Scream Tail\n|-damage|p1a: Scream Tail|45/330\n|\n|-heal|p1a: Scream Tail|65/330|[from] item: Leftovers\n|upkeep\n|turn|74\n|\n|t:|1732990756\n|move|p1a: Scream Tail|Thunder Wave|p2a: Ogerpon\n|-status|p2a: Ogerpon|par\n|cant|p2a: Ogerpon|par\n|\n|-heal|p1a: Scream Tail|85/330|[from] item: Leftovers\n|upkeep\n|turn|75\n|\n|t:|1732990767\n|move|p1a: Scream Tail|Protect|p1a: Scream Tail\n|-singleturn|p1a: Scream Tail|Protect\n|move|p2a: Ogerpon|Ivy Cudgel|p1a: Scream Tail\n|-activate|p1a: Scream Tail|move: Protect\n|\n|-heal|p1a: Scream Tail|105/330|[from] item: Leftovers\n|upkeep\n|turn|76\n|\n|t:|1732990769\n|move|p1a: Scream Tail|Dazzling Gleam|p2a: Ogerpon\n|-damage|p2a: Ogerpon|193/259 par\n|move|p2a: Ogerpon|Ivy Cudgel|p1a: Scream Tail\n|-damage|p1a: Scream Tail|0 fnt\n|faint|p1a: Scream Tail\n|-end|p1a: Scream Tail|Protosynthesis|[silent]\n|\n|-heal|p2a: Ogerpon|209/259 par|[from] item: Leftovers\n|upkeep\n|\n|t:|1732990773\n|switch|p1a: Suicune|Suicune, L82|205/298\n|-damage|p1a: Suicune|131/298|[from] Spikes\n|-ability|p1a: Suicune|Pressure\n|turn|77\n|\n|t:|1732990778\n|move|p1a: Suicune|Protect|p1a: Suicune\n|-singleturn|p1a: Suicune|Protect\n|move|p2a: Ogerpon|Ivy Cudgel|p1a: Suicune\n|-activate|p1a: Suicune|move: Protect\n|\n|-heal|p1a: Suicune|149/298|[from] item: Leftovers\n|-heal|p2a: Ogerpon|225/259 par|[from] item: Leftovers\n|upkeep\n|turn|78\n|\n|t:|1732990782\n|move|p1a: Suicune|Substitute|p1a: Suicune\n|-start|p1a: Suicune|Substitute\n|-damage|p1a: Suicune|75/298\n|move|p2a: Ogerpon|Ivy Cudgel|p1a: Suicune\n|-supereffective|p1a: Suicune\n|-crit|p1a: Suicune\n|-end|p1a: Suicune|Substitute\n|\n|-heal|p1a: Suicune|93/298|[from] item: Leftovers\n|-heal|p2a: Ogerpon|241/259 par|[from] item: Leftovers\n|upkeep\n|turn|79\n|\n|t:|1732990784\n|move|p1a: Suicune|Protect|p1a: Suicune\n|-singleturn|p1a: Suicune|Protect\n|move|p2a: Ogerpon|Encore|p1a: Suicune\n|-activate|p1a: Suicune|move: Protect\n|\n|-heal|p1a: Suicune|111/298|[from] item: Leftovers\n|-heal|p2a: Ogerpon|257/259 par|[from] item: Leftovers\n|upkeep\n|turn|80\n|\n|t:|1732990791\n|move|p1a: Suicune|Scald|p2a: Ogerpon\n|-resisted|p2a: Ogerpon\n|-damage|p2a: Ogerpon|218/259 par\n|move|p2a: Ogerpon|Encore|p1a: Suicune\n|-start|p1a: Suicune|Encore\n|\n|-heal|p1a: Suicune|129/298|[from] item: Leftovers\n|-heal|p2a: Ogerpon|234/259 par|[from] item: Leftovers\n|upkeep\n|turn|81\n|\n|t:|1732990795\n|switch|p2a: Scovillain|Scovillain, L91, F|266/266 par\n|move|p1a: Suicune|Scald|p2a: Scovillain\n|-damage|p2a: Scovillain|173/266 par\n|\n|-heal|p1a: Suicune|147/298|[from] item: Leftovers\n|-heal|p2a: Scovillain|189/266 par|[from] item: Leftovers\n|upkeep\n|turn|82\n|\n|t:|1732990802\n|move|p1a: Suicune|Scald|p2a: Scovillain\n|-damage|p2a: Scovillain|102/266 par\n|move|p2a: Scovillain|Leech Seed|p1a: Suicune|[miss]\n|-miss|p2a: Scovillain|p1a: Suicune\n|\n|-heal|p1a: Suicune|165/298|[from] item: Leftovers\n|-heal|p2a: Scovillain|118/266 par|[from] item: Leftovers\n|upkeep\n|turn|83\n|\n|t:|1732990807\n|move|p1a: Suicune|Scald|p2a: Scovillain\n|-damage|p2a: Scovillain|33/266 par\n|move|p2a: Scovillain|Leech Seed|p1a: Suicune\n|-start|p1a: Suicune|move: Leech Seed\n|\n|-heal|p1a: Suicune|183/298|[from] item: Leftovers\n|-heal|p2a: Scovillain|49/266 par|[from] item: Leftovers\n|-damage|p1a: Suicune|146/298|[from] Leech Seed|[of] p2a: Scovillain\n|-heal|p2a: Scovillain|86/266 par|[silent]\n|-end|p1a: Suicune|Encore\n|upkeep\n|turn|84\n|\n|t:|1732990812\n|switch|p1a: Alomomola|Alomomola, L87, F|366/429\n|-damage|p1a: Alomomola|259/429|[from] Spikes\n|move|p2a: Scovillain|Protect||[still]\n|-fail|p2a: Scovillain\n|\n|-heal|p2a: Scovillain|102/266 par|[from] item: Leftovers\n|upkeep\n|turn|85\n|\n|t:|1732990820\n|move|p1a: Alomomola|Wish|p1a: Alomomola\n|move|p2a: Scovillain|Leech Seed|p1a: Alomomola\n|-start|p1a: Alomomola|move: Leech Seed\n|\n|-heal|p2a: Scovillain|118/266 par|[from] item: Leftovers\n|-damage|p1a: Alomomola|206/429|[from] Leech Seed|[of] p2a: Scovillain\n|-heal|p2a: Scovillain|171/266 par|[silent]\n|upkeep\n|turn|86\n|\n|t:|1732990829\n|switch|p2a: Flutter Mane|Flutter Mane, L74, tera:Fairy|146/203\n|move|p1a: Alomomola|Flip Turn|p2a: Flutter Mane\n|-damage|p2a: Flutter Mane|56/203\n|\n|t:|1732990832\n|switch|p1a: Suicune|Suicune, L82|146/298|[from] Flip Turn\n|-damage|p1a: Suicune|72/298|[from] Spikes\n|-ability|p1a: Suicune|Pressure\n|\n|-heal|p1a: Suicune|286/298|[from] move: Wish|[wisher] Alomomola\n|-heal|p1a: Suicune|298/298|[from] item: Leftovers\n|upkeep\n|turn|87\n|\n|t:|1732990834\n|move|p2a: Flutter Mane|Moonblast|p1a: Suicune\n|-damage|p1a: Suicune|116/298\n|move|p1a: Suicune|Scald|p2a: Flutter Mane\n|-damage|p2a: Flutter Mane|0 fnt\n|faint|p2a: Flutter Mane\n|-end|p2a: Flutter Mane|Protosynthesis|[silent]\n|\n|-heal|p1a: Suicune|134/298|[from] item: Leftovers\n|upkeep\n|\n|t:|1732990848\n|switch|p2a: Azelf|Azelf, L82|164/257\n|turn|88\n|\n|t:|1732990850\n|move|p1a: Suicune|Protect|p1a: Suicune\n|-singleturn|p1a: Suicune|Protect\n|move|p2a: Azelf|Psychic|p1a: Suicune\n|-activate|p1a: Suicune|move: Protect\n|\n|-heal|p1a: Suicune|152/298|[from] item: Leftovers\n|upkeep\n|turn|89\n|\n|t:|1732990878\n|-terastallize|p1a: Suicune|Steel\n|move|p2a: Azelf|Psychic|p1a: Suicune\n|-resisted|p1a: Suicune\n|-damage|p1a: Suicune|78/298\n|move|p1a: Suicune|Substitute|p1a: Suicune\n|-start|p1a: Suicune|Substitute\n|-damage|p1a: Suicune|4/298\n|\n|-heal|p1a: Suicune|22/298|[from] item: Leftovers\n|upkeep\n|turn|90\n|\n|t:|1732990886\n|move|p1a: Suicune|Protect|p1a: Suicune\n|-singleturn|p1a: Suicune|Protect\n|move|p2a: Azelf|Psychic|p1a: Suicune\n|-activate|p1a: Suicune|move: Protect\n|\n|-heal|p1a: Suicune|40/298|[from] item: Leftovers\n|upkeep\n|turn|91\n|\n|t:|1732990889\n|move|p2a: Azelf|Psychic|p1a: Suicune\n|-resisted|p1a: Suicune\n|-activate|p1a: Suicune|move: Substitute|[damage]\n|move|p1a: Suicune|Calm Mind|p1a: Suicune\n|-boost|p1a: Suicune|spa|1\n|-boost|p1a: Suicune|spd|1\n|\n|-heal|p1a: Suicune|58/298|[from] item: Leftovers\n|upkeep\n|turn|92\n|\n|t:|1732990893\n|switch|p2a: Solgaleo|Solgaleo, L74|239/325\n|move|p1a: Suicune|Protect||[still]\n|-fail|p1a: Suicune\n|\n|-heal|p1a: Suicune|76/298|[from] item: Leftovers\n|upkeep\n|turn|93\n|\n|t:|1732990904\n|move|p1a: Suicune|Protect|p1a: Suicune\n|-singleturn|p1a: Suicune|Protect\n|move|p2a: Solgaleo|Flame Charge|p1a: Suicune\n|-activate|p1a: Suicune|move: Protect\n|\n|-heal|p1a: Suicune|94/298|[from] item: Leftovers\n|upkeep\n|turn|94\n|\n|t:|1732990907\n|move|p1a: Suicune|Scald|p2a: Solgaleo\n|-damage|p2a: Solgaleo|106/325\n|move|p2a: Solgaleo|Flame Charge|p1a: Suicune\n|-supereffective|p1a: Suicune\n|-end|p1a: Suicune|Substitute\n|-boost|p2a: Solgaleo|spe|1\n|\n|-heal|p1a: Suicune|112/298|[from] item: Leftovers\n|upkeep\n|turn|95\n|c|\u2606mtttp123|i couldn't get a single scald burn this game too\n|c|\u2606mtttp123|fawk\n|c|\u2606iamnewbplzgoeasy|yeah woulda have made your life a lot easier\n|c|\u2606iamnewbplzgoeasy|your pressure tactic is kinda fuckign me up tho\n|\n|t:|1732990958\n|switch|p1a: Alomomola|Alomomola, L87, F|349/429\n|-damage|p1a: Alomomola|242/429|[from] Spikes\n|move|p2a: Solgaleo|Knock Off|p1a: Alomomola\n|-damage|p1a: Alomomola|196/429\n|\n|upkeep\n|turn|96\n|\n|t:|1732990968\n|switch|p2a: Scovillain|Scovillain, L91, F|171/266 par\n|move|p1a: Alomomola|Wish|p1a: Alomomola\n|\n|-heal|p2a: Scovillain|187/266 par|[from] item: Leftovers\n|upkeep\n|turn|97\n|\n|t:|1732990978\n|move|p1a: Alomomola|Scald|p2a: Scovillain\n|-damage|p2a: Scovillain|126/266 par\n|move|p2a: Scovillain|Flamethrower|p1a: Alomomola\n|-resisted|p1a: Alomomola\n|-damage|p1a: Alomomola|96/429\n|\n|-heal|p1a: Alomomola|310/429|[from] move: Wish|[wisher] Alomomola\n|-heal|p2a: Scovillain|142/266 par|[from] item: Leftovers\n|upkeep\n|turn|98\n|\n|t:|1732990987\n|move|p1a: Alomomola|Scald|p2a: Scovillain\n|-damage|p2a: Scovillain|82/266 par\n|move|p2a: Scovillain|Leech Seed|p1a: Alomomola\n|-start|p1a: Alomomola|move: Leech Seed\n|\n|-heal|p2a: Scovillain|98/266 par|[from] item: Leftovers\n|-damage|p1a: Alomomola|257/429|[from] Leech Seed|[of] p2a: Scovillain\n|-heal|p2a: Scovillain|151/266 par|[silent]\n|upkeep\n|turn|99\n|\n|t:|1732990992\n|move|p1a: Alomomola|Scald|p2a: Scovillain\n|-damage|p2a: Scovillain|96/266 par\n|cant|p2a: Scovillain|par\n|\n|-heal|p2a: Scovillain|112/266 par|[from] item: Leftovers\n|-damage|p1a: Alomomola|204/429|[from] Leech Seed|[of] p2a: Scovillain\n|-heal|p2a: Scovillain|165/266 par|[silent]\n|upkeep\n|turn|100\n|\n|t:|1732990996\n|move|p1a: Alomomola|Wish|p1a: Alomomola\n|move|p2a: Scovillain|Flamethrower|p1a: Alomomola\n|-resisted|p1a: Alomomola\n|-damage|p1a: Alomomola|108/429\n|\n|-heal|p2a: Scovillain|181/266 par|[from] item: Leftovers\n|-damage|p1a: Alomomola|55/429|[from] Leech Seed|[of] p2a: Scovillain\n|-heal|p2a: Scovillain|234/266 par|[silent]\n|upkeep\n|turn|101\n|\n|t:|1732990999\n|move|p1a: Alomomola|Protect|p1a: Alomomola\n|-singleturn|p1a: Alomomola|Protect\n|move|p2a: Scovillain|Substitute|p2a: Scovillain\n|-start|p2a: Scovillain|Substitute\n|-damage|p2a: Scovillain|168/266 par\n|\n|-heal|p1a: Alomomola|269/429|[from] move: Wish|[wisher] Alomomola\n|-heal|p2a: Scovillain|184/266 par|[from] item: Leftovers\n|-damage|p1a: Alomomola|216/429|[from] Leech Seed|[of] p2a: Scovillain\n|-heal|p2a: Scovillain|237/266 par|[silent]\n|upkeep\n|turn|102\n|\n|t:|1732991002\n|move|p1a: Alomomola|Wish|p1a: Alomomola\n|move|p2a: Scovillain|Flamethrower|p1a: Alomomola\n|-resisted|p1a: Alomomola\n|-damage|p1a: Alomomola|120/429\n|\n|-heal|p2a: Scovillain|253/266 par|[from] item: Leftovers\n|-damage|p1a: Alomomola|67/429|[from] Leech Seed|[of] p2a: Scovillain\n|-heal|p2a: Scovillain|266/266 par|[silent]\n|upkeep\n|turn|103\n|\n|t:|1732991008\n|move|p1a: Alomomola|Protect|p1a: Alomomola\n|-singleturn|p1a: Alomomola|Protect\n|move|p2a: Scovillain|Flamethrower|p1a: Alomomola\n|-activate|p1a: Alomomola|move: Protect\n|\n|-heal|p1a: Alomomola|281/429|[from] move: Wish|[wisher] Alomomola\n|-damage|p1a: Alomomola|228/429|[from] Leech Seed|[of] p2a: Scovillain\n|upkeep\n|turn|104\n|\n|t:|1732991012\n|move|p1a: Alomomola|Flip Turn|p2a: Scovillain\n|-end|p2a: Scovillain|Substitute\n|\n|t:|1732991013\n|switch|p1a: Pikachu|Pikachu-Partner, L93, M|180/216|[from] Flip Turn\n|-damage|p1a: Pikachu|126/216|[from] Spikes\n|move|p2a: Scovillain|Flamethrower|p1a: Pikachu\n|-damage|p1a: Pikachu|0 fnt\n|faint|p1a: Pikachu\n|\n|upkeep\n|\n|t:|1732991016\n|switch|p1a: Alomomola|Alomomola, L87, F|371/429\n|-damage|p1a: Alomomola|264/429|[from] Spikes\n|turn|105\n|\n|t:|1732991023\n|move|p1a: Alomomola|Wish|p1a: Alomomola\n|move|p2a: Scovillain|Leech Seed|p1a: Alomomola\n|-start|p1a: Alomomola|move: Leech Seed\n|\n|-damage|p1a: Alomomola|211/429|[from] Leech Seed|[of] p2a: Scovillain\n|upkeep\n|turn|106\n|\n|t:|1732991027\n|switch|p2a: Azelf|Azelf, L82|164/257\n|move|p1a: Alomomola|Protect||[still]\n|-fail|p1a: Alomomola\n|\n|-heal|p1a: Alomomola|425/429|[from] move: Wish|[wisher] Alomomola\n|-damage|p1a: Alomomola|372/429|[from] Leech Seed|[of] p2a: Azelf\n|-heal|p2a: Azelf|217/257|[silent]\n|upkeep\n|turn|107\n|c|\u2606mtttp123|gg\n|\n|t:|1732991031\n|move|p2a: Azelf|Thunderbolt|p1a: Alomomola\n|-supereffective|p1a: Alomomola\n|-damage|p1a: Alomomola|16/429\n|move|p1a: Alomomola|Flip Turn|p2a: Azelf\n|-damage|p2a: Azelf|153/257\n|\n|t:|1732991033\n|switch|p1a: Suicune|Suicune, L82, tera:Steel|112/298|[from] Flip Turn\n|-damage|p1a: Suicune|38/298|[from] Spikes\n|-ability|p1a: Suicune|Pressure\n|\n|-heal|p1a: Suicune|56/298|[from] item: Leftovers\n|upkeep\n|turn|108\n|\n|t:|1732991035\n|move|p1a: Suicune|Protect|p1a: Suicune\n|-singleturn|p1a: Suicune|Protect\n|move|p2a: Azelf|Thunderbolt|p1a: Suicune\n|-activate|p1a: Suicune|move: Protect\n|\n|-heal|p1a: Suicune|74/298|[from] item: Leftovers\n|upkeep\n|turn|109\n|\n|t:|1732991041\n|move|p2a: Azelf|Thunderbolt|p1a: Suicune\n|-damage|p1a: Suicune|0 fnt\n|faint|p1a: Suicune\n|\n|upkeep\n|\n|t:|1732991042\n|switch|p1a: Alomomola|Alomomola, L87, F|159/429\n|-damage|p1a: Alomomola|52/429|[from] Spikes\n|turn|110\n|c|\u2606iamnewbplzgoeasy|gg\n|\n|t:|1732991045\n|move|p2a: Azelf|Thunderbolt|p1a: Alomomola\n|-supereffective|p1a: Alomomola\n|-damage|p1a: Alomomola|0 fnt\n|faint|p1a: Alomomola\n|\n|win|iamnewbplzgoeasy\n|raw|mtttp123's rating: 1903 &rarr; <strong>1879</strong><br />(-24 for losing)\n|raw|iamnewbplzgoeasy's rating: 1832 &rarr; <strong>1856</strong><br />(+24 for winning)\n|l|\u2606mtttp123\n|player|p1|\n|c|\u2606iamnewbplzgoeasy|Luck was on my side for that you\n", "inputlog": ">version b107d77f5c90bd6555267ae244a6264823309ead\n>start {\"formatid\":\"gen9randombattle\",\"seed\":[34316,27335,37320,23341],\"rated\":\"Rated battle\"}\n>player p1 {\"name\":\"mtttp123\",\"avatar\":\"170\",\"rating\":1844,\"seed\":[2341,34633,33270,49523]}\n>player p2 {\"name\":\"iamnewbplzgoeasy\",\"avatar\":\"youngster-gen4dp\",\"rating\":1832,\"seed\":[64242,28648,45782,38199]}\n>chat \u2606mtttp123|hf\n>p1 switch 5\n>p2 move spikes\n>chat \u2606iamnewbplzgoeasy|u1\n>p1 move iciclecrash\n>p2 switch 6\n>p1 move iciclecrash\n>p2 move knockoff\n>p1 switch 5\n>p2 move closecombat\n>p1 move flipturn\n>p2 move knockoff\n>p1 switch 5\n>p1 move closecombat\n>p2 move closecombat\n>p1 switch 5\n>p1 move scald\n>p2 switch 6\n>p1 move flipturn\n>p2 move spikes\n>p1 switch 3\n>p1 move freezedry\n>p2 switch 6\n>p1 switch 3\n>p2 move knockoff\n>chat \u2606mtttp123|i think is gg already\n>p2 switch 3\n>chat \u2606iamnewbplzgoeasy|ripperino\n>p1 move protect\n>p2 move substitute\n>p1 move flipturn\n>p2 move leechseed\n>p1 switch 6\n>p1 move voltswitch\n>p2 move flamethrower\n>p1 switch 4\n>p1 move wish\n>p2 move flamethrower\n>p1 move thunderwave\n>p2 move substitute\n>p1 switch 6\n>p2 move leechseed\n>p1 move scald\n>p2 move leechseed\n>p1 move flipturn\n>p2 move substitute\n>p1 switch 6\n>p1 move wish\n>p2 move flamethrower\n>p1 move dazzlinggleam\n>p2 move flamethrower\n>p1 switch 6\n>p2 move flamethrower\n>p1 move scald\n>p2 move substitute\n>p1 move scald\n>p2 move leechseed\n>p1 move flipturn\n>p2 move flamethrower\n>p1 switch 2\n>p1 move substitute\n>p2 switch 6\n>p1 move protect\n>p2 move encore\n>p1 move scald\n>p2 move spikes\n>p1 move scald\n>p2 move ivycudgel\n>p1 move protect\n>p2 move ivycudgel\n>p1 switch 3\n>p2 move ivycudgel\n>p1 move freezedry\n>p2 switch 2\n>p1 switch 2\n>p2 move flamecharge\n>p1 move wish\n>p2 move psychic\n>p1 move protect\n>p2 switch 2\n>p1 switch 2\n>p2 move superpower\n>p1 move roost\n>p2 switch 2\n>p1 switch 2\n>p2 switch 2\n>p1 switch 2\n>p2 move ivycudgel\n>p1 move freezedry\n>p2 switch 2\n>chat \u2606mtttp123|that scizor knock was nutty\n>chat \u2606mtttp123|made this game so much harder\n>p1 switch 2\n>p2 switch 4\n>chat \u2606iamnewbplzgoeasy|yeah\n>p1 switch 6\n>p2 move psychic\n>chat \u2606iamnewbplzgoeasy|Gotta risk it\n>p1 move wish\n>p2 switch 4\n>chat \u2606iamnewbplzgoeasy|but idk why I have psychic on  solagleo\n>chat \u2606mtttp123|weakness policy\n>chat \u2606iamnewbplzgoeasy|that;s true\n>chat \u2606mtttp123|so you don't get slowed down by phys walls i guess\n>p1 move protect\n>p2 move sunsteelstrike\n>p1 switch 6\n>p2 switch 4\n>p1 move protect\n>p2 move uturn\n>p1 move flipturn\n>p2 move uturn\n>p2 switch 6\n>p1 switch 3\n>p1 move scald\n>p2 switch 2\n>p1 move protect\n>p2 switch 6\n>p1 move protect\n>p2 move thunderbolt\n>p1 move scald\n>p2 switch 2\n>p1 move substitute\n>p2 switch 2\n>p1 move protect\n>p2 move psychic\n>p1 move scald\n>p2 move psychic\n>p1 switch 6\n>p2 move psychic\n>p1 move thunderwave\n>p2 switch 2\n>p1 move wish\n>p2 move leechseed\n>p1 move dazzlinggleam\n>p2 move leechseed\n>p1 switch 3\n>p2 move substitute\n>p1 move scald\n>p2 move leechseed\n>p1 move wish\n>p2 move flamethrower\n>p1 move flipturn\n>p2 move flamethrower\n>p1 switch 6\n>p1 move substitute\n>p2 switch 6\n>p1 move protect\n>p2 move ivycudgel\n>p1 move scald\n>p2 move encore\n>p1 move protect\n>p2 switch 5\n>p1 move protect\n>p2 move moonblast\n>p1 move scald\n>p2 move moonblast\n>p1 switch 2\n>p2 move moonblast\n>p1 move roost\n>p2 move moonblast terastallize\n>p1 switch 3\n>p1 move protect\n>p2 switch 6\n>p1 switch 2\n>p2 move leechseed\n>p1 switch 6\n>p2 switch 5\n>p1 switch 2\n>p2 move ivycudgel\n>p1 move thunderwave\n>p2 move ivycudgel\n>p1 move protect\n>p2 move ivycudgel\n>p1 move dazzlinggleam\n>p2 move ivycudgel\n>p1 switch 6\n>p1 move protect\n>p2 move ivycudgel\n>p1 move substitute\n>p2 move ivycudgel\n>p1 move protect\n>p2 move encore\n>p1 move scald\n>p2 move encore\n>p1 move scald\n>p2 switch 5\n>p1 move scald\n>p2 move leechseed\n>p1 move scald\n>p2 move leechseed\n>p1 switch 2\n>p2 move protect\n>p1 move wish\n>p2 move leechseed\n>p1 move flipturn\n>p2 switch 6\n>p1 switch 2\n>p1 move scald\n>p2 move moonblast\n>p2 switch 2\n>p1 move protect\n>p2 move psychic\n>p1 move substitute terastallize\n>p2 move psychic\n>p1 move protect\n>p2 move psychic\n>p1 move calmmind\n>p2 move psychic\n>p1 move protect\n>p2 switch 4\n>p1 move protect\n>p2 move flamecharge\n>p1 move scald\n>p2 move flamecharge\n>chat \u2606mtttp123|i couldn't get a single scald burn this game too\n>chat \u2606mtttp123|fawk\n>chat \u2606iamnewbplzgoeasy|yeah woulda have made your life a lot easier\n>chat \u2606iamnewbplzgoeasy|your pressure tactic is kinda fuckign me up tho\n>p1 switch 2\n>p2 move knockoff\n>p1 move wish\n>p2 switch 6\n>p1 move scald\n>p2 move flamethrower\n>p1 move scald\n>p2 move leechseed\n>p1 move scald\n>p2 move flamethrower\n>p1 move wish\n>p2 move flamethrower\n>p1 move protect\n>p2 move substitute\n>p1 move wish\n>p2 move flamethrower\n>p1 move protect\n>p2 move flamethrower\n>p1 move flipturn\n>p2 move flamethrower\n>p1 switch 4\n>p1 switch 4\n>p1 move wish\n>p2 move leechseed\n>p1 move protect\n>p2 switch 4\n>chat \u2606mtttp123|gg\n>p1 move flipturn\n>p2 move thunderbolt\n>p1 switch 2\n>p1 move protect\n>p2 move thunderbolt\n>p1 move scald\n>p2 move thunderbolt\n>p1 switch 2\n>chat \u2606iamnewbplzgoeasy|gg\n>p1 move scald\n>p2 move thunderbolt", "uploadtime": 1732991312, "views": 1, "formatid": "gen9randombattle", "rating": 1856, "private": 0, "password": null}