{"id": "gen9randombattle-2254163814", "format": "[Gen 9] Random Battle", "players": ["superst1nker", "gigaxhad"], "log": "|j|\u2606superst1nker\n|j|\u2606gigaxhad\n|t:|1732999111\n|gametype|singles\n|player|p1|superst1nker|clown|1070\n|player|p2|gigaxhad|265|1069\n|teamsize|p1|6\n|teamsize|p2|6\n|gen|9\n|tier|[Gen 9] Random Battle\n|rated|\n|rule|Species Clause: Limit one of each Pok\u00e9mon\n|rule|HP Percentage Mod: HP is shown in percentages\n|rule|Sleep Clause Mod: Limit one foe put to sleep\n|rule|Illusion Level Mod: Illusion disguises the Pok\u00e9mon's true level\n|\n|t:|1732999111\n|start\n|switch|p1a: Sawsbuck|Sawsbuck-Summer, L88, M|284/284\n|switch|p2a: Cresselia|Cresselia, L80, F|323/323\n|turn|1\n|\n|t:|1732999127\n|switch|p2a: Talonflame|Talonflame, L84, F|268/268\n|move|p1a: Sawsbuck|Swords Dance|p1a: Sawsbuck\n|-boost|p1a: Sawsbuck|atk|2\n|\n|upkeep\n|turn|2\n|\n|t:|1732999147\n|switch|p1a: Vaporeon|Vaporeon, L86, F|364/364\n|move|p2a: Talonflame|Flare Blitz|p1a: Vaporeon\n|-resisted|p1a: Vaporeon\n|-damage|p1a: Vaporeon|292/364\n|-damage|p2a: Talonflame|244/268|[from] Recoil\n|\n|-heal|p1a: Vaporeon|314/364|[from] item: Leftovers\n|upkeep\n|turn|3\n|\n|t:|1732999163\n|switch|p2a: Trevenant|Trevenant, L88, F|293/293\n|move|p1a: Vaporeon|Calm Mind|p1a: Vaporeon\n|-boost|p1a: Vaporeon|spa|1\n|-boost|p1a: Vaporeon|spd|1\n|\n|-heal|p1a: Vaporeon|336/364|[from] item: Leftovers\n|upkeep\n|turn|4\n|\n|t:|1732999176\n|switch|p1a: Sawsbuck|Sawsbuck-Summer, L88, M|284/284\n|move|p2a: Trevenant|Horn Leech|p1a: Sawsbuck\n|-resisted|p1a: Sawsbuck\n|-damage|p1a: Sawsbuck|210/284\n|-damage|p2a: Trevenant|264/293|[from] item: Life Orb\n|\n|upkeep\n|turn|5\n|\n|t:|1732999188\n|move|p1a: Sawsbuck|High Horsepower|p2a: Trevenant|[miss]\n|-miss|p1a: Sawsbuck|p2a: Trevenant\n|move|p2a: Trevenant|Will-O-Wisp|p1a: Sawsbuck\n|-status|p1a: Sawsbuck|brn\n|\n|-damage|p1a: Sawsbuck|193/284 brn|[from] brn\n|upkeep\n|turn|6\n|\n|t:|1732999202\n|move|p1a: Sawsbuck|High Horsepower|p2a: Trevenant|[miss]\n|-miss|p1a: Sawsbuck|p2a: Trevenant\n|move|p2a: Trevenant|Poltergeist|p1a: Sawsbuck\n|-immune|p1a: Sawsbuck\n|\n|-damage|p1a: Sawsbuck|176/284 brn|[from] brn\n|upkeep\n|turn|7\n|\n|t:|1732999228\n|move|p1a: Sawsbuck|Swords Dance|p1a: Sawsbuck\n|-boost|p1a: Sawsbuck|atk|2\n|move|p2a: Trevenant|Drain Punch|p1a: Sawsbuck\n|-supereffective|p1a: Sawsbuck\n|-damage|p1a: Sawsbuck|0 fnt\n|-heal|p2a: Trevenant|293/293|[from] drain|[of] p1a: Sawsbuck\n|faint|p1a: Sawsbuck\n|-damage|p2a: Trevenant|264/293|[from] item: Life Orb\n|\n|upkeep\n|\n|t:|1732999238\n|switch|p1a: Blaziken|Blaziken, L76, F|247/247\n|turn|8\n|\n|t:|1732999256\n|switch|p2a: Talonflame|Talonflame, L84, F|244/268\n|move|p1a: Blaziken|Knock Off|p2a: Talonflame\n|-damage|p2a: Talonflame|137/268\n|-enditem|p2a: Talonflame|Heavy-Duty Boots|[from] move: Knock Off|[of] p1a: Blaziken\n|-damage|p1a: Blaziken|223/247|[from] item: Life Orb\n|\n|-ability|p1a: Blaziken|Speed Boost|boost\n|-boost|p1a: Blaziken|spe|1\n|upkeep\n|turn|9\n|\n|t:|1732999275\n|switch|p1a: Vaporeon|Vaporeon, L86, F|336/364\n|-terastallize|p2a: Talonflame|Ground\n|move|p2a: Talonflame|Tera Blast|p1a: Vaporeon|[anim] Tera Blast Ground\n|-damage|p1a: Vaporeon|246/364\n|\n|-heal|p1a: Vaporeon|268/364|[from] item: Leftovers\n|upkeep\n|turn|10\n|\n|t:|1732999291\n|move|p2a: Talonflame|Brave Bird|p1a: Vaporeon\n|-damage|p1a: Vaporeon|117/364\n|-damage|p2a: Talonflame|87/268|[from] Recoil\n|move|p1a: Vaporeon|Scald|p2a: Talonflame\n|-supereffective|p2a: Talonflame\n|-damage|p2a: Talonflame|0 fnt\n|faint|p2a: Talonflame\n|\n|-heal|p1a: Vaporeon|139/364|[from] item: Leftovers\n|upkeep\n|\n|t:|1732999306\n|switch|p2a: Pachirisu|Pachirisu, L96, F|271/271\n|turn|11\n|\n|t:|1732999312\n|switch|p1a: Breloom|Breloom, L82, M|233/233\n|move|p2a: Pachirisu|Discharge|p1a: Breloom\n|-resisted|p1a: Breloom\n|-damage|p1a: Breloom|191/233\n|-status|p1a: Breloom|par\n|\n|upkeep\n|turn|12\n|\n|t:|1732999335\n|switch|p2a: Cresselia|Cresselia, L80, F|323/323\n|cant|p1a: Breloom|par\n|\n|upkeep\n|turn|13\n|\n|t:|1732999346\n|switch|p1a: Umbreon|Umbreon, L84, F|297/297\n|move|p2a: Cresselia|Moonlight|p2a: Cresselia\n|-fail|p2a: Cresselia|heal\n|\n|upkeep\n|turn|14\n|\n|t:|1732999370\n|switch|p2a: Alcremie|Alcremie-Salted-Cream, L90, F|263/263\n|move|p1a: Umbreon|Toxic|p2a: Alcremie\n|-status|p2a: Alcremie|tox\n|\n|-damage|p2a: Alcremie|247/263 tox|[from] psn\n|upkeep\n|turn|15\n|\n|t:|1732999381\n|move|p1a: Umbreon|Protect|p1a: Umbreon\n|-singleturn|p1a: Umbreon|Protect\n|move|p2a: Alcremie|Alluring Voice|p1a: Umbreon\n|-activate|p1a: Umbreon|move: Protect\n|\n|-heal|p2a: Alcremie|263/263 tox|[from] item: Leftovers\n|-damage|p2a: Alcremie|231/263 tox|[from] psn\n|upkeep\n|turn|16\n|\n|t:|1732999392\n|move|p2a: Alcremie|Calm Mind|p2a: Alcremie\n|-boost|p2a: Alcremie|spa|1\n|-boost|p2a: Alcremie|spd|1\n|move|p1a: Umbreon|Wish|p1a: Umbreon\n|\n|-heal|p2a: Alcremie|247/263 tox|[from] item: Leftovers\n|-damage|p2a: Alcremie|199/263 tox|[from] psn\n|upkeep\n|turn|17\n|\n|t:|1732999402\n|move|p2a: Alcremie|Calm Mind|p2a: Alcremie\n|-boost|p2a: Alcremie|spa|1\n|-boost|p2a: Alcremie|spd|1\n|move|p1a: Umbreon|Foul Play|p2a: Alcremie\n|-resisted|p2a: Alcremie\n|-damage|p2a: Alcremie|169/263 tox\n|\n|-heal|p2a: Alcremie|185/263 tox|[from] item: Leftovers\n|-damage|p2a: Alcremie|121/263 tox|[from] psn\n|upkeep\n|turn|18\n|\n|t:|1732999420\n|switch|p1a: Iron Crown|Iron Crown, L79|272/272\n|move|p2a: Alcremie|Recover|p2a: Alcremie\n|-heal|p2a: Alcremie|253/263 tox\n|\n|-heal|p2a: Alcremie|263/263 tox|[from] item: Leftovers\n|-damage|p2a: Alcremie|183/263 tox|[from] psn\n|upkeep\n|turn|19\n|\n|t:|1732999439\n|move|p1a: Iron Crown|Tachyon Cutter|p2a: Alcremie\n|-supereffective|p2a: Alcremie\n|-damage|p2a: Alcremie|127/263 tox\n|-supereffective|p2a: Alcremie\n|-damage|p2a: Alcremie|71/263 tox\n|-hitcount|p2a: Alcremie|2\n|move|p2a: Alcremie|Psychic|p1a: Iron Crown\n|-resisted|p1a: Iron Crown\n|-damage|p1a: Iron Crown|238/272\n|\n|-heal|p2a: Alcremie|87/263 tox|[from] item: Leftovers\n|-damage|p2a: Alcremie|0 fnt|[from] psn\n|faint|p2a: Alcremie\n|upkeep\n|\n|t:|1732999475\n|switch|p2a: Volbeat|Volbeat, L90, M|263/263\n|turn|20\n|\n|t:|1732999486\n|-end|p1a: Iron Crown|Quark Drive|[silent]\n|switch|p1a: Umbreon|Umbreon, L84, F|297/297\n|move|p2a: Volbeat|Lunge|p1a: Umbreon\n|-supereffective|p1a: Umbreon\n|-damage|p1a: Umbreon|171/297\n|-unboost|p1a: Umbreon|atk|1\n|\n|-heal|p1a: Umbreon|189/297|[from] item: Leftovers\n|upkeep\n|turn|21\n|\n|t:|1732999498\n|move|p2a: Volbeat|Lunge|p1a: Umbreon\n|-supereffective|p1a: Umbreon\n|-crit|p1a: Umbreon\n|-damage|p1a: Umbreon|0 fnt\n|faint|p1a: Umbreon\n|\n|upkeep\n|\n|t:|1732999509\n|switch|p1a: Blaziken|Blaziken, L76, F|223/247\n|turn|22\n|\n|t:|1732999524\n|switch|p2a: Cresselia|Cresselia, L80, F|323/323\n|-terastallize|p1a: Blaziken|Dark\n|move|p1a: Blaziken|Flare Blitz|p2a: Cresselia\n|-damage|p2a: Cresselia|175/323\n|-damage|p1a: Blaziken|174/247|[from] Recoil\n|-damage|p1a: Blaziken|150/247|[from] item: Life Orb\n|\n|-heal|p2a: Cresselia|195/323|[from] item: Leftovers\n|-ability|p1a: Blaziken|Speed Boost|boost\n|-boost|p1a: Blaziken|spe|1\n|upkeep\n|turn|23\n|\n|t:|1732999539\n|move|p1a: Blaziken|Knock Off|p2a: Cresselia\n|-supereffective|p2a: Cresselia\n|-damage|p2a: Cresselia|0 fnt\n|-enditem|p2a: Cresselia|Leftovers|[from] move: Knock Off|[of] p1a: Blaziken\n|faint|p2a: Cresselia\n|-damage|p1a: Blaziken|126/247|[from] item: Life Orb\n|\n|-ability|p1a: Blaziken|Speed Boost|boost\n|-boost|p1a: Blaziken|spe|1\n|upkeep\n|\n|t:|1732999554\n|switch|p2a: Pachirisu|Pachirisu, L96, F|271/271\n|turn|24\n|\n|t:|1732999567\n|move|p1a: Blaziken|Flare Blitz|p2a: Pachirisu\n|-damage|p2a: Pachirisu|118/271\n|-damage|p1a: Blaziken|76/247|[from] Recoil\n|-damage|p1a: Blaziken|52/247|[from] item: Life Orb\n|move|p2a: Pachirisu|U-turn|p1a: Blaziken\n|-supereffective|p1a: Blaziken\n|-damage|p1a: Blaziken|0 fnt\n|faint|p1a: Blaziken\n|\n|t:|1732999579\n|switch|p2a: Trevenant|Trevenant, L88, F|264/293|[from] U-turn\n|\n|upkeep\n|\n|t:|1732999583\n|switch|p1a: Breloom|Breloom, L82, M|191/233 par\n|turn|25\n|\n|t:|1732999591\n|move|p2a: Trevenant|Will-O-Wisp||[still]\n|-fail|p2a: Trevenant\n|move|p1a: Breloom|Rock Tomb|p2a: Trevenant\n|-damage|p2a: Trevenant|164/293\n|-unboost|p2a: Trevenant|spe|1\n|-damage|p1a: Breloom|168/233 par|[from] item: Life Orb\n|\n|upkeep\n|turn|26\n|\n|t:|1732999604\n|move|p2a: Trevenant|Poltergeist|p1a: Breloom\n|-activate|p1a: Breloom|move: Poltergeist|Life Orb\n|-damage|p1a: Breloom|0 fnt\n|faint|p1a: Breloom\n|-damage|p2a: Trevenant|135/293|[from] item: Life Orb\n|\n|upkeep\n|\n|t:|1732999613\n|switch|p1a: Iron Crown|Iron Crown, L79|238/272\n|turn|27\n|\n|t:|1732999628\n|move|p1a: Iron Crown|Psyshock|p2a: Trevenant\n|-damage|p2a: Trevenant|3/293\n|move|p2a: Trevenant|Poltergeist|p1a: Iron Crown\n|-activate|p1a: Iron Crown|move: Poltergeist|Choice Specs\n|-supereffective|p1a: Iron Crown\n|-damage|p1a: Iron Crown|0 fnt\n|faint|p1a: Iron Crown\n|-end|p1a: Iron Crown|Quark Drive|[silent]\n|-damage|p2a: Trevenant|0 fnt|[from] item: Life Orb\n|faint|p2a: Trevenant\n|\n|upkeep\n|\n|t:|1732999674\n|switch|p1a: Vaporeon|Vaporeon, L86, F|139/364\n|switch|p2a: Pachirisu|Pachirisu, L96, F|118/271\n|turn|28\n|\n|t:|1732999681\n|move|p1a: Vaporeon|Protect|p1a: Vaporeon\n|-singleturn|p1a: Vaporeon|Protect\n|move|p2a: Pachirisu|Discharge|p1a: Vaporeon\n|-activate|p1a: Vaporeon|move: Protect\n|\n|-heal|p1a: Vaporeon|161/364|[from] item: Leftovers\n|upkeep\n|turn|29\n|\n|t:|1732999705\n|move|p1a: Vaporeon|Protect||[still]\n|-fail|p1a: Vaporeon\n|move|p2a: Pachirisu|Encore|p1a: Vaporeon\n|-start|p1a: Vaporeon|Encore\n|\n|-heal|p1a: Vaporeon|183/364|[from] item: Leftovers\n|upkeep\n|turn|30\n|\n|t:|1732999713\n|move|p1a: Vaporeon|Protect|p1a: Vaporeon\n|-singleturn|p1a: Vaporeon|Protect\n|move|p2a: Pachirisu|U-turn|p1a: Vaporeon\n|-activate|p1a: Vaporeon|move: Protect\n|\n|-heal|p1a: Vaporeon|205/364|[from] item: Leftovers\n|upkeep\n|turn|31\n|\n|t:|1732999723\n|move|p1a: Vaporeon|Protect||[still]\n|-fail|p1a: Vaporeon\n|move|p2a: Pachirisu|U-turn|p1a: Vaporeon\n|-damage|p1a: Vaporeon|160/364\n|\n|t:|1732999728\n|switch|p2a: Volbeat|Volbeat, L90, M|263/263|[from] U-turn\n|\n|-heal|p1a: Vaporeon|182/364|[from] item: Leftovers\n|upkeep\n|turn|32\n|\n|t:|1732999738\n|move|p1a: Vaporeon|Protect|p1a: Vaporeon\n|-singleturn|p1a: Vaporeon|Protect\n|move|p2a: Volbeat|Thunder Wave|p1a: Vaporeon\n|-activate|p1a: Vaporeon|move: Protect\n|\n|-heal|p1a: Vaporeon|204/364|[from] item: Leftovers\n|-end|p1a: Vaporeon|Encore\n|upkeep\n|turn|33\n|\n|t:|1732999754\n|move|p2a: Volbeat|Encore|p1a: Vaporeon\n|-start|p1a: Vaporeon|Encore\n|move|p1a: Vaporeon|Protect||[still]\n|-fail|p1a: Vaporeon\n|\n|-heal|p1a: Vaporeon|226/364|[from] item: Leftovers\n|upkeep\n|turn|34\n|\n|t:|1732999762\n|switch|p2a: Pachirisu|Pachirisu, L96, F|118/271\n|move|p1a: Vaporeon|Protect||[still]\n|-fail|p1a: Vaporeon\n|\n|-heal|p1a: Vaporeon|248/364|[from] item: Leftovers\n|upkeep\n|turn|35\n|\n|t:|1732999770\n|move|p1a: Vaporeon|Protect|p1a: Vaporeon\n|-singleturn|p1a: Vaporeon|Protect\n|move|p2a: Pachirisu|Discharge|p1a: Vaporeon\n|-activate|p1a: Vaporeon|move: Protect\n|\n|-heal|p1a: Vaporeon|270/364|[from] item: Leftovers\n|-end|p1a: Vaporeon|Encore\n|upkeep\n|turn|36\n|\n|t:|1732999779\n|move|p2a: Pachirisu|Super Fang|p1a: Vaporeon\n|-damage|p1a: Vaporeon|135/364\n|move|p1a: Vaporeon|Calm Mind|p1a: Vaporeon\n|-boost|p1a: Vaporeon|spa|1\n|-boost|p1a: Vaporeon|spd|1\n|\n|-heal|p1a: Vaporeon|157/364|[from] item: Leftovers\n|upkeep\n|turn|37\n|\n|t:|1732999791\n|move|p2a: Pachirisu|Discharge|p1a: Vaporeon\n|-supereffective|p1a: Vaporeon\n|-damage|p1a: Vaporeon|73/364\n|move|p1a: Vaporeon|Wish|p1a: Vaporeon\n|\n|-heal|p1a: Vaporeon|95/364|[from] item: Leftovers\n|upkeep\n|turn|38\n|\n|t:|1732999799\n|move|p2a: Pachirisu|Discharge|p1a: Vaporeon\n|-supereffective|p1a: Vaporeon\n|-damage|p1a: Vaporeon|5/364\n|move|p1a: Vaporeon|Calm Mind|p1a: Vaporeon\n|-boost|p1a: Vaporeon|spa|1\n|-boost|p1a: Vaporeon|spd|1\n|\n|-heal|p1a: Vaporeon|187/364|[from] move: Wish|[wisher] Vaporeon\n|-heal|p1a: Vaporeon|209/364|[from] item: Leftovers\n|upkeep\n|turn|39\n|\n|t:|1732999809\n|move|p2a: Pachirisu|Discharge|p1a: Vaporeon\n|-supereffective|p1a: Vaporeon\n|-damage|p1a: Vaporeon|143/364\n|-status|p1a: Vaporeon|par\n|cant|p1a: Vaporeon|par\n|\n|-heal|p1a: Vaporeon|165/364 par|[from] item: Leftovers\n|upkeep\n|turn|40\n|\n|t:|1732999818\n|move|p2a: Pachirisu|Discharge|p1a: Vaporeon\n|-supereffective|p1a: Vaporeon\n|-damage|p1a: Vaporeon|105/364 par\n|move|p1a: Vaporeon|Wish|p1a: Vaporeon\n|\n|-heal|p1a: Vaporeon|127/364 par|[from] item: Leftovers\n|upkeep\n|turn|41\n|\n|t:|1732999826\n|move|p2a: Pachirisu|Discharge|p1a: Vaporeon\n|-supereffective|p1a: Vaporeon\n|-damage|p1a: Vaporeon|67/364 par\n|cant|p1a: Vaporeon|par\n|\n|-heal|p1a: Vaporeon|249/364 par|[from] move: Wish|[wisher] Vaporeon\n|-heal|p1a: Vaporeon|271/364 par|[from] item: Leftovers\n|upkeep\n|turn|42\n|\n|t:|1732999836\n|move|p2a: Pachirisu|Discharge|p1a: Vaporeon\n|-supereffective|p1a: Vaporeon\n|-damage|p1a: Vaporeon|209/364 par\n|move|p1a: Vaporeon|Calm Mind|p1a: Vaporeon\n|-boost|p1a: Vaporeon|spa|1\n|-boost|p1a: Vaporeon|spd|1\n|\n|-heal|p1a: Vaporeon|231/364 par|[from] item: Leftovers\n|upkeep\n|turn|43\n|\n|t:|1732999845\n|move|p2a: Pachirisu|Discharge|p1a: Vaporeon\n|-supereffective|p1a: Vaporeon\n|-damage|p1a: Vaporeon|181/364 par\n|move|p1a: Vaporeon|Wish|p1a: Vaporeon\n|\n|-heal|p1a: Vaporeon|203/364 par|[from] item: Leftovers\n|upkeep\n|turn|44\n|-message|gigaxhad forfeited.\n|\n|win|superst1nker\n|raw|superst1nker's rating: 1070 &rarr; <strong>1099</strong><br />(+29 for winning)\n|raw|gigaxhad's rating: 1069 &rarr; <strong>1049</strong><br />(-20 for losing)\n|l|\u2606gigaxhad\n|player|p2|\n", "inputlog": ">version b107d77f5c90bd6555267ae244a6264823309ead\n>start {\"formatid\":\"gen9randombattle\",\"seed\":[59127,3149,40326,63178],\"rated\":\"Rated battle\"}\n>player p1 {\"name\":\"superst1nker\",\"avatar\":\"clown\",\"rating\":1070,\"seed\":[62136,14842,52585,47788]}\n>player p2 {\"name\":\"gigaxhad\",\"avatar\":\"265\",\"rating\":1069,\"seed\":[2274,33512,24783,1046]}\n>p1 move swordsdance\n>p2 switch 2\n>p1 switch 6\n>p2 move flareblitz\n>p1 move calmmind\n>p2 switch 5\n>p1 switch 6\n>p2 move hornleech\n>p1 move highhorsepower\n>p2 move willowisp\n>p1 move highhorsepower\n>p2 move poltergeist\n>p1 move swordsdance\n>p2 move drainpunch\n>p1 switch 2\n>p1 move knockoff\n>p2 switch 5\n>p1 switch 6\n>p2 move terablast terastallize\n>p1 move scald\n>p2 move bravebird\n>p2 switch 6\n>p1 switch 3\n>p2 move discharge\n>p1 move rocktomb\n>p2 switch 2\n>p1 switch 5\n>p2 move moonlight\n>p1 move toxic\n>p2 switch 3\n>p1 move protect\n>p2 move alluringvoice\n>p1 move wish\n>p2 move calmmind\n>p1 move foulplay\n>p2 move calmmind\n>p1 switch 4\n>p2 move recover\n>p1 move tachyoncutter\n>p2 move psychic\n>p2 switch 4\n>p1 switch 4\n>p2 move lunge\n>p1 move wish\n>p2 move lunge\n>p1 switch 6\n>p1 move flareblitz terastallize\n>p2 switch 3\n>p1 move knockoff\n>p2 move moonlight\n>p2 switch 2\n>p1 move flareblitz\n>p2 move uturn\n>p2 switch 5\n>p1 switch 5\n>p1 move rocktomb\n>p2 move willowisp\n>p1 move rocktomb\n>p2 move poltergeist\n>p1 switch 4\n>p1 move psyshock\n>p2 move poltergeist\n>p1 switch 3\n>p2 switch 5\n>p1 move protect\n>p2 move discharge\n>p1 move protect\n>p2 move encore\n>p1 move protect\n>p2 move uturn\n>p1 move protect\n>p2 move uturn\n>p2 switch 3\n>p1 move protect\n>p2 move thunderwave\n>p1 move calmmind\n>p2 move encore\n>p1 move protect\n>p2 switch 3\n>p1 move protect\n>p2 move discharge\n>p1 move calmmind\n>p2 move superfang\n>p1 move wish\n>p2 move discharge\n>p1 move calmmind\n>p2 move discharge\n>p1 move wish\n>p2 move discharge\n>p1 move wish\n>p2 move discharge\n>p1 move calmmind\n>p2 move discharge\n>p1 move calmmind\n>p2 move discharge\n>p1 move wish\n>p2 move discharge\n>forcelose p2", "uploadtime": 1732999873, "views": 4, "formatid": "gen9randombattle", "rating": 1049, "private": 0, "password": null}