{"id": "gen9randombattle-2253969418", "format": "[Gen 9] Random Battle", "players": ["anywayhi", "AceYeti"], "log": "|j|\u2606anywayhi\n|j|\u2606AceYeti\n|t:|1732973318\n|gametype|singles\n|player|p1|anywayhi|riley|\n|player|p2|AceYeti|266|\n|teamsize|p1|6\n|teamsize|p2|6\n|gen|9\n|tier|[Gen 9] Random Battle\n|rule|Species Clause: Limit one of each Pok\u00e9mon\n|rule|HP Percentage Mod: HP is shown in percentages\n|rule|Sleep Clause Mod: Limit one foe put to sleep\n|rule|Illusion Level Mod: Illusion disguises the Pok\u00e9mon's true level\n|\n|t:|1732973318\n|start\n|switch|p1a: Wo-Chien|Wo-Chien, L83|277/277\n|switch|p2a: Donphan|Donphan, L84, M|288/288\n|-ability|p1a: Wo-Chien|Tablets of Ruin\n|turn|1\n|inactive|Battle timer is ON: inactive players will automatically lose when time's up. (requested by anywayhi)\n|\n|t:|1732973333\n|move|p1a: Wo-Chien|Giga Drain|p2a: Donphan\n|-supereffective|p2a: Donphan\n|-damage|p2a: Donphan|138/288\n|move|p2a: Donphan|Knock Off|p1a: Wo-Chien\n|-resisted|p1a: Wo-Chien\n|-damage|p1a: Wo-Chien|250/277\n|-enditem|p1a: Wo-Chien|Leftovers|[from] move: Knock Off|[of] p2a: Donphan\n|\n|upkeep\n|turn|2\n|c|\u2606AceYeti|r we fr chat\n|\n|t:|1732973343\n|move|p2a: Donphan|Ice Shard|p1a: Wo-Chien\n|-supereffective|p1a: Wo-Chien\n|-damage|p1a: Wo-Chien|206/277\n|move|p1a: Wo-Chien|Giga Drain|p2a: Donphan\n|-supereffective|p2a: Donphan\n|-damage|p2a: Donphan|0 fnt\n|-heal|p1a: Wo-Chien|275/277|[from] drain|[of] p2a: Donphan\n|faint|p2a: Donphan\n|\n|upkeep\n|c|\u2606anywayhi|nice\n|\n|t:|1732973368\n|switch|p2a: Ampharos|Ampharos, L88, F|302/302\n|turn|3\n|\n|t:|1732973380\n|move|p1a: Wo-Chien|Stun Spore|p2a: Ampharos\n|-immune|p2a: Ampharos\n|move|p2a: Ampharos|Dazzling Gleam|p1a: Wo-Chien\n|-supereffective|p1a: Wo-Chien\n|-damage|p1a: Wo-Chien|173/277\n|\n|upkeep\n|turn|4\n|c|\u2606anywayhi|ah\n|c|\u2606anywayhi|yesh\n|c|\u2606AceYeti|wow bro cooked\n|\n|t:|1732973393\n|switch|p1a: Uxie|Uxie, L83|260/260\n|move|p2a: Ampharos|Dazzling Gleam|p1a: Uxie\n|-damage|p1a: Uxie|207/260\n|\n|-heal|p1a: Uxie|223/260|[from] item: Leftovers\n|upkeep\n|turn|5\n|c|\u2606anywayhi|ty\n|\n|t:|1732973404\n|move|p1a: Uxie|Stealth Rock|p2a: Ampharos\n|-sidestart|p2: AceYeti|move: Stealth Rock\n|move|p2a: Ampharos|Discharge|p1a: Uxie\n|-crit|p1a: Uxie\n|-damage|p1a: Uxie|112/260\n|\n|-heal|p1a: Uxie|128/260|[from] item: Leftovers\n|upkeep\n|turn|6\n|\n|t:|1732973415\n|move|p1a: Uxie|U-turn|p2a: Ampharos\n|-damage|p2a: Ampharos|263/302\n|\n|t:|1732973421\n|switch|p1a: Wo-Chien|Wo-Chien, L83|173/277|[from] U-turn\n|-ability|p1a: Wo-Chien|Tablets of Ruin\n|move|p2a: Ampharos|Discharge|p1a: Wo-Chien\n|-resisted|p1a: Wo-Chien\n|-damage|p1a: Wo-Chien|135/277\n|\n|upkeep\n|turn|7\n|c|\u2606AceYeti|Bro rlly had to resend this mf\n|\n|t:|1732973437\n|-terastallize|p2a: Ampharos|Fairy\n|move|p1a: Wo-Chien|Giga Drain|p2a: Ampharos\n|-damage|p2a: Ampharos|212/302\n|-heal|p1a: Wo-Chien|161/277|[from] drain|[of] p2a: Ampharos\n|move|p2a: Ampharos|Dazzling Gleam|p1a: Wo-Chien\n|-supereffective|p1a: Wo-Chien\n|-damage|p1a: Wo-Chien|0 fnt\n|faint|p1a: Wo-Chien\n|\n|upkeep\n|\n|t:|1732973465\n|switch|p1a: Uxie|Uxie, L83|128/260\n|turn|8\n|\n|t:|1732973474\n|move|p1a: Uxie|Thunder Wave|p2a: Ampharos\n|-status|p2a: Ampharos|par\n|cant|p2a: Ampharos|par\n|\n|-heal|p1a: Uxie|144/260|[from] item: Leftovers\n|upkeep\n|turn|9\n|c|\u2606anywayhi|fr\n|c|\u2606anywayhi|cook\n|\n|t:|1732973485\n|move|p1a: Uxie|Psychic Noise|p2a: Ampharos\n|-damage|p2a: Ampharos|173/302 par\n|-start|p2a: Ampharos|move: Heal Block\n|move|p2a: Ampharos|Dazzling Gleam|p1a: Uxie\n|-damage|p1a: Uxie|59/260\n|\n|-heal|p1a: Uxie|75/260|[from] item: Leftovers\n|upkeep\n|turn|10\n|c|\u2606AceYeti|i mean I'm slower anyways\n|\n|t:|1732973502\n|move|p1a: Uxie|U-turn|p2a: Ampharos\n|-resisted|p2a: Ampharos\n|-damage|p2a: Ampharos|154/302 par\n|\n|t:|1732973505\n|switch|p1a: Toxapex|Toxapex, L82, M|216/216|[from] U-turn\n|move|p2a: Ampharos|Dazzling Gleam|p1a: Toxapex\n|-resisted|p1a: Toxapex\n|-damage|p1a: Toxapex|178/216\n|\n|-heal|p1a: Toxapex|191/216|[from] item: Leftovers\n|-end|p2a: Ampharos|move: Heal Block\n|upkeep\n|turn|11\n|\n|t:|1732973518\n|-terastallize|p1a: Toxapex|Fairy\n|move|p1a: Toxapex|Toxic Spikes|p2a: Ampharos\n|-sidestart|p2: AceYeti|move: Toxic Spikes\n|move|p2a: Ampharos|Discharge|p1a: Toxapex\n|-damage|p1a: Toxapex|116/216\n|-status|p1a: Toxapex|par\n|\n|-heal|p1a: Toxapex|129/216 par|[from] item: Leftovers\n|upkeep\n|turn|12\n|\n|t:|1732973528\n|move|p2a: Ampharos|Dazzling Gleam|p1a: Toxapex\n|-damage|p1a: Toxapex|51/216 par\n|move|p1a: Toxapex|Liquidation|p2a: Ampharos\n|-damage|p2a: Ampharos|87/302 par\n|\n|-heal|p1a: Toxapex|64/216 par|[from] item: Leftovers\n|upkeep\n|turn|13\n|\n|t:|1732973538\n|move|p2a: Ampharos|Dazzling Gleam|p1a: Toxapex\n|-crit|p1a: Toxapex\n|-damage|p1a: Toxapex|0 fnt\n|faint|p1a: Toxapex\n|\n|upkeep\n|c|\u2606AceYeti|we both para duo fr\n|c|\u2606anywayhi|fr\n|\n|t:|1732973554\n|switch|p1a: Ogerpon|Ogerpon-Hearthflame, L74, F|239/239\n|-ability|p1a: Ogerpon|Mold Breaker\n|turn|14\n|c|\u2606anywayhi|pon\n|c|\u2606AceYeti|Why this guy lol\n|\n|t:|1732973569\n|move|p1a: Ogerpon|Swords Dance|p1a: Ogerpon\n|-boost|p1a: Ogerpon|atk|2\n|move|p2a: Ampharos|Discharge|p1a: Ogerpon\n|-resisted|p1a: Ogerpon\n|-damage|p1a: Ogerpon|179/239\n|\n|upkeep\n|turn|15\n|c|\u2606AceYeti|so gg\n|c|\u2606anywayhi|real\n|\n|t:|1732973581\n|move|p1a: Ogerpon|Horn Leech|p2a: Ampharos\n|-damage|p2a: Ampharos|0 fnt\n|-heal|p1a: Ogerpon|223/239|[from] drain|[of] p2a: Ampharos\n|faint|p2a: Ampharos\n|\n|upkeep\n|\n|t:|1732973597\n|switch|p2a: Whimsicott|Whimsicott, L85, F|241/241\n|-damage|p2a: Whimsicott|211/241|[from] Stealth Rock\n|-status|p2a: Whimsicott|psn\n|turn|16\n|\n|t:|1732973606\n|move|p2a: Whimsicott|Hurricane|p1a: Ogerpon\n|-supereffective|p1a: Ogerpon\n|-damage|p1a: Ogerpon|81/239\n|move|p1a: Ogerpon|Ivy Cudgel|p2a: Whimsicott|[anim] Ivy Cudgel Fire\n|-supereffective|p2a: Whimsicott\n|-damage|p2a: Whimsicott|0 fnt\n|faint|p2a: Whimsicott\n|\n|upkeep\n|c|\u2606AceYeti|Wow didn't even kill\n|c|\u2606AceYeti|amazing mon fr\n|c|\u2606anywayhi|bro\n|\n|t:|1732973617\n|switch|p2a: Deoxys|Deoxys-Attack, L72|191/191\n|-damage|p2a: Deoxys|168/191|[from] Stealth Rock\n|-status|p2a: Deoxys|psn\n|-ability|p2a: Deoxys|Pressure\n|turn|17\n|c|\u2606anywayhi|i alr said\n|c|\u2606anywayhi|this mf\n|c|\u2606anywayhi|is\n|c|\u2606anywayhi|bro\n|c|\u2606AceYeti|ken\n|\n|t:|1732973637\n|switch|p1a: Uxie|Uxie, L83|75/260\n|move|p2a: Deoxys|Extreme Speed|p1a: Uxie\n|-damage|p1a: Uxie|10/260\n|-damage|p2a: Deoxys|149/191 psn|[from] item: Life Orb\n|\n|-heal|p1a: Uxie|26/260|[from] item: Leftovers\n|-damage|p2a: Deoxys|126/191 psn|[from] psn\n|upkeep\n|turn|18\n|\n|t:|1732973647\n|move|p2a: Deoxys|Extreme Speed|p1a: Uxie\n|-damage|p1a: Uxie|0 fnt\n|faint|p1a: Uxie\n|-damage|p2a: Deoxys|107/191 psn|[from] item: Life Orb\n|\n|-damage|p2a: Deoxys|84/191 psn|[from] psn\n|upkeep\n|c|\u2606AceYeti|Why does bro have to make this shit so complicated\n|c|\u2606anywayhi|?\n|c|\u2606anywayhi|what\n|c|\u2606AceYeti|Just kill me lol\n|\n|t:|1732973665\n|switch|p1a: Charizard|Charizard, L85, M|271/271\n|turn|19\n|c|\u2606anywayhi|how\n|c|\u2606AceYeti|It was 2x atk\n|c|\u2606AceYeti|Tf u mean how\n|c|\u2606AceYeti|Espeed does not ko lol\n|c|\u2606anywayhi|who knew\n|\n|t:|1732973689\n|move|p2a: Deoxys|Psycho Boost|p1a: Charizard|[miss]\n|-miss|p2a: Deoxys|p1a: Charizard\n|move|p1a: Charizard|Flamethrower|p2a: Deoxys\n|-damage|p2a: Deoxys|0 fnt\n|faint|p2a: Deoxys\n|\n|upkeep\n|c|\u2606anywayhi|u would\n|c|\u2606anywayhi|go\n|c|\u2606AceYeti|Ah yesh miss fr\n|c|\u2606anywayhi|espeed\n|inactive|AceYeti has 270 seconds left.\n|\n|t:|1732973704\n|switch|p2a: Mightyena|Mightyena, L95, F|287/287\n|-damage|p2a: Mightyena|252/287|[from] Stealth Rock\n|-status|p2a: Mightyena|psn\n|-ability|p2a: Mightyena|Intimidate|boost\n|-unboost|p1a: Charizard|atk|1\n|turn|20\n|c|\u2606anywayhi|u had a faster mon\n|c|\u2606anywayhi|idk\n|c|\u2606anywayhi|why u would\n|c|\u2606anywayhi|espeed\n|\n|t:|1732973716\n|move|p1a: Charizard|Focus Blast|p2a: Mightyena|[miss]\n|-miss|p1a: Charizard|p2a: Mightyena\n|move|p2a: Mightyena|Throat Chop|p1a: Charizard\n|-crit|p1a: Charizard\n|-damage|p1a: Charizard|109/271\n|-start|p1a: Charizard|Throat Chop|[silent]\n|\n|-heal|p2a: Mightyena|269/287 psn|[from] item: Leftovers\n|-damage|p2a: Mightyena|234/287 psn|[from] psn\n|upkeep\n|turn|21\n|c|\u2606AceYeti|Well gg\n|c|\u2606anywayhi|miss\n|c|\u2606anywayhi|fr\n|c|\u2606AceYeti|oh wow miss for miss\n|c|\u2606anywayhi|another\n|c|\u2606anywayhi|on e\n|\n|t:|1732973730\n|move|p2a: Mightyena|Sucker Punch|p1a: Charizard\n|-damage|p1a: Charizard|10/271\n|move|p1a: Charizard|Focus Blast|p2a: Mightyena\n|-supereffective|p2a: Mightyena\n|-damage|p2a: Mightyena|6/287 psn\n|-unboost|p2a: Mightyena|spd|1\n|\n|-heal|p2a: Mightyena|23/287 psn|[from] item: Leftovers\n|-damage|p2a: Mightyena|0 fnt|[from] psn\n|faint|p2a: Mightyena\n|-end|p1a: Charizard|Throat Chop|[silent]\n|upkeep\n|c|\u2606anywayhi|fr\n|c|\u2606anywayhi|nvm\n|c|\u2606AceYeti|Wow crazy\n|inactive|AceYeti has 270 seconds left.\n|\n|t:|1732973740\n|switch|p2a: Arboliva|Arboliva, L91, M|290/290\n|-damage|p2a: Arboliva|254/290|[from] Stealth Rock\n|-status|p2a: Arboliva|psn\n|turn|22\n|c|\u2606AceYeti|Well gg\n|\n|t:|1732973745\n|move|p1a: Charizard|Flamethrower|p2a: Arboliva\n|-supereffective|p2a: Arboliva\n|-damage|p2a: Arboliva|0 fnt\n|-fieldstart|move: Grassy Terrain|[from] ability: Seed Sower|[of] p2a: Arboliva\n|faint|p2a: Arboliva\n|\n|win|anywayhi\n|c|\u2606anywayhi|gg\n|l|\u2606AceYeti\n|player|p2|\n", "inputlog": ">version b107d77f5c90bd6555267ae244a6264823309ead\n>start {\"formatid\":\"gen9randombattle\",\"seed\":[53728,21958,52324,3182]}\n>player p1 {\"name\":\"anywayhi\",\"avatar\":\"riley\",\"rating\":0,\"seed\":[7477,58211,5306,34937]}\n>player p2 {\"name\":\"AceYeti\",\"avatar\":\"266\",\"rating\":0,\"seed\":[5855,1855,35174,63927]}\n>p1 move gigadrain\n>p2 move knockoff\n>chat \u2606AceYeti|r we fr chat\n>p1 move gigadrain\n>p2 move iceshard\n>chat \u2606anywayhi|nice\n>p2 switch 5\n>p1 move stunspore\n>p2 move dazzlinggleam\n>chat \u2606anywayhi|ah\n>chat \u2606anywayhi|yesh\n>chat \u2606AceYeti|wow bro cooked\n>p1 switch 4\n>p2 move dazzlinggleam\n>chat \u2606anywayhi|ty\n>p1 move stealthrock\n>p2 move discharge\n>p1 move uturn\n>p2 move discharge\n>p1 switch 4\n>chat \u2606AceYeti|Bro rlly had to resend this mf\n>p1 move gigadrain\n>p2 move dazzlinggleam terastallize\n>p1 switch 4\n>p1 move thunderwave\n>p2 move dazzlinggleam\n>chat \u2606anywayhi|fr\n>chat \u2606anywayhi|cook\n>p1 move psychicnoise\n>p2 move dazzlinggleam\n>chat \u2606AceYeti|i mean I'm slower anyways \n>p1 move uturn\n>p2 move dazzlinggleam\n>p1 switch 5\n>p1 move toxicspikes terastallize\n>p2 move discharge\n>p1 move liquidation\n>p2 move dazzlinggleam\n>p1 move recover\n>p2 move dazzlinggleam\n>chat \u2606AceYeti|we both para duo fr\n>chat \u2606anywayhi|fr\n>p1 switch 2\n>chat \u2606anywayhi|pon\n>chat \u2606AceYeti|Why this guy lol\n>p1 move swordsdance\n>p2 move discharge\n>chat \u2606AceYeti|so gg\n>chat \u2606anywayhi|real\n>p1 move hornleech\n>p2 move dazzlinggleam\n>p2 switch 3\n>p1 move ivycudgel\n>p2 move hurricane\n>chat \u2606AceYeti|Wow didn't even kill\n>chat \u2606AceYeti|amazing mon fr\n>chat \u2606anywayhi|bro\n>p2 switch 6\n>chat \u2606anywayhi|i alr said\n>chat \u2606anywayhi|this mf\n>chat \u2606anywayhi|is\n>chat \u2606anywayhi|bro\n>chat \u2606AceYeti|ken\n>p1 switch 5\n>p2 move extremespeed\n>p1 move thunderwave\n>p2 move extremespeed\n>chat \u2606AceYeti|Why does bro have to make this shit so complicated\n>chat \u2606anywayhi|?\n>chat \u2606anywayhi|what\n>chat \u2606AceYeti|Just kill me lol\n>p1 switch 6\n>chat \u2606anywayhi|how\n>chat \u2606AceYeti|It was 2x atk\n>chat \u2606AceYeti|Tf u mean how\n>chat \u2606AceYeti|Espeed does not ko lol\n>chat \u2606anywayhi|who knew\n>p1 move flamethrower\n>p2 move psychoboost\n>chat \u2606anywayhi|u would\n>chat \u2606anywayhi|go\n>chat \u2606AceYeti|Ah yesh miss fr\n>chat \u2606anywayhi|espeed\n>p2 switch 4\n>chat \u2606anywayhi|u had a faster mon\n>chat \u2606anywayhi|idk\n>chat \u2606anywayhi|why u would\n>chat \u2606anywayhi|espeed\n>p1 move focusblast\n>p2 move throatchop\n>chat \u2606AceYeti|Well gg\n>chat \u2606anywayhi|miss\n>chat \u2606anywayhi|fr\n>chat \u2606AceYeti|oh wow miss for miss\n>chat \u2606anywayhi|another\n>chat \u2606anywayhi|on e\n>p1 move focusblast\n>p2 move suckerpunch\n>chat \u2606anywayhi|fr\n>chat \u2606anywayhi|nvm\n>chat \u2606AceYeti|Wow crazy\n>p2 switch 2\n>chat \u2606AceYeti|Well gg\n>p1 move flamethrower\n>p2 move hypervoice", "uploadtime": 1732973754, "views": 2, "formatid": "gen9randombattle", "rating": null, "private": 0, "password": null}