{"id": "gen9randombattle-2254139409", "format": "[Gen 9] Random Battle", "players": ["trying_toget_tough", "Rhobar3"], "log": "|j|\u2606trying_toget_tough\n|j|\u2606Rhobar3\n|t:|1732996058\n|gametype|singles\n|player|p1|trying_toget_tough|266|1425\n|player|p2|Rhobar3|lucas-gen4pt|1449\n|teamsize|p1|6\n|teamsize|p2|6\n|gen|9\n|tier|[Gen 9] Random Battle\n|rated|\n|rule|Species Clause: Limit one of each Pok\u00e9mon\n|rule|HP Percentage Mod: HP is shown in percentages\n|rule|Sleep Clause Mod: Limit one foe put to sleep\n|rule|Illusion Level Mod: Illusion disguises the Pok\u00e9mon's true level\n|\n|t:|1732996058\n|start\n|switch|p1a: Amoonguss|Amoonguss, L82, F|321/321\n|switch|p2a: Miraidon|Miraidon, L65|238/238\n|-fieldstart|move: Electric Terrain|[from] ability: Hadron Engine|[of] p2a: Miraidon\n|turn|1\n|inactive|Battle timer is ON: inactive players will automatically lose when time's up. (requested by Rhobar3)\n|\n|t:|1732996068\n|switch|p2a: Farigiraf|Farigiraf, L91, M|366/366\n|move|p1a: Amoonguss|Spore|p2a: Farigiraf\n|-ability|p2a: Farigiraf|Sap Sipper|boost\n|-boost|p2a: Farigiraf|atk|1\n|\n|upkeep\n|turn|2\n|\n|t:|1732996080\n|switch|p1a: Rabsca|Rabsca, L91, M|284/284\n|move|p2a: Farigiraf|Psychic Noise|p1a: Rabsca\n|-resisted|p1a: Rabsca\n|-damage|p1a: Rabsca|239/284\n|-start|p1a: Rabsca|move: Heal Block\n|\n|upkeep\n|turn|3\n|\n|t:|1732996083\n|move|p2a: Farigiraf|Body Slam|p1a: Rabsca\n|-damage|p1a: Rabsca|98/284\n|-status|p1a: Rabsca|par\n|-activate|p1a: Rabsca|ability: Synchronize\n|-status|p2a: Farigiraf|par\n|cant|p1a: Rabsca|par\n|\n|-end|p1a: Rabsca|move: Heal Block\n|upkeep\n|turn|4\n|\n|t:|1732996098\n|move|p2a: Farigiraf|Body Slam|p1a: Rabsca\n|-damage|p1a: Rabsca|0 fnt\n|faint|p1a: Rabsca\n|\n|upkeep\n|\n|t:|1732996114\n|switch|p1a: Blastoise|Blastoise, L80, F|258/258\n|turn|5\n|\n|t:|1732996119\n|move|p1a: Blastoise|Shell Smash|p1a: Blastoise\n|-unboost|p1a: Blastoise|def|1\n|-unboost|p1a: Blastoise|spd|1\n|-boost|p1a: Blastoise|atk|2\n|-boost|p1a: Blastoise|spa|2\n|-boost|p1a: Blastoise|spe|2\n|-enditem|p1a: Blastoise|White Herb\n|-clearnegativeboost|p1a: Blastoise|[silent]\n|cant|p2a: Farigiraf|par\n|\n|-fieldend|move: Electric Terrain\n|upkeep\n|turn|6\n|\n|t:|1732996127\n|move|p1a: Blastoise|Hydro Pump|p2a: Farigiraf\n|-damage|p2a: Farigiraf|168/366 par\n|move|p2a: Farigiraf|Body Slam|p1a: Blastoise\n|-damage|p1a: Blastoise|104/258\n|\n|-heal|p2a: Farigiraf|190/366 par|[from] item: Leftovers\n|upkeep\n|turn|7\n|\n|t:|1732996134\n|move|p2a: Farigiraf|Protect|p2a: Farigiraf\n|-singleturn|p2a: Farigiraf|Protect\n|move|p1a: Blastoise|Hydro Pump|p2a: Farigiraf\n|-activate|p2a: Farigiraf|move: Protect\n|\n|-heal|p2a: Farigiraf|212/366 par|[from] item: Leftovers\n|upkeep\n|turn|8\n|\n|t:|1732996137\n|move|p1a: Blastoise|Hydro Pump|p2a: Farigiraf|[miss]\n|-miss|p1a: Blastoise|p2a: Farigiraf\n|move|p2a: Farigiraf|Body Slam|p1a: Blastoise\n|-damage|p1a: Blastoise|0 fnt\n|faint|p1a: Blastoise\n|\n|-heal|p2a: Farigiraf|234/366 par|[from] item: Leftovers\n|upkeep\n|\n|t:|1732996145\n|switch|p1a: Cinccino|Cinccino, L83, F|260/260\n|turn|9\n|\n|t:|1732996148\n|move|p1a: Cinccino|Tail Slap|p2a: Farigiraf\n|-damage|p2a: Farigiraf|189/366 par\n|-damage|p2a: Farigiraf|149/366 par\n|-damage|p2a: Farigiraf|107/366 par\n|-damage|p2a: Farigiraf|62/366 par\n|-damage|p2a: Farigiraf|19/366 par\n|-hitcount|p2a: Farigiraf|5\n|move|p2a: Farigiraf|Body Slam|p1a: Cinccino\n|-damage|p1a: Cinccino|53/260\n|-status|p1a: Cinccino|par\n|\n|-heal|p2a: Farigiraf|41/366 par|[from] item: Leftovers\n|upkeep\n|turn|10\n|\n|t:|1732996165\n|switch|p2a: Cobalion|Cobalion, L80|277/277\n|move|p1a: Cinccino|U-turn|p2a: Cobalion\n|-resisted|p2a: Cobalion\n|-damage|p2a: Cobalion|267/277\n|\n|t:|1732996173\n|switch|p1a: Amoonguss|Amoonguss, L82, F|321/321|[from] U-turn\n|\n|-heal|p2a: Cobalion|277/277|[from] item: Leftovers\n|upkeep\n|turn|11\n|\n|t:|1732996183\n|switch|p2a: Dragalge|Dragalge, L88, M|258/258\n|move|p1a: Amoonguss|Stomping Tantrum|p2a: Dragalge\n|-supereffective|p2a: Dragalge\n|-damage|p2a: Dragalge|164/258\n|\n|upkeep\n|turn|12\n|inactive|trying_toget_tough has 120 seconds left.\n|\n|t:|1732996243\n|move|p2a: Dragalge|Sludge Wave|p1a: Amoonguss\n|-damage|p1a: Amoonguss|167/321\n|move|p1a: Amoonguss|Spore|p2a: Dragalge\n|-status|p2a: Dragalge|slp|[from] move: Spore\n|\n|-heal|p1a: Amoonguss|187/321|[from] item: Leftovers\n|upkeep\n|turn|13\n|\n|t:|1732996261\n|switch|p2a: Oinkologne|Oinkologne, L92, M|352/352\n|move|p1a: Amoonguss|Stomping Tantrum|p2a: Oinkologne\n|-damage|p2a: Oinkologne|306/352\n|\n|-heal|p2a: Oinkologne|328/352|[from] item: Leftovers\n|-heal|p1a: Amoonguss|207/321|[from] item: Leftovers\n|upkeep\n|turn|14\n|inactive|trying_toget_tough has 90 seconds left.\n|\n|t:|1732996288\n|move|p2a: Oinkologne|Curse|p2a: Oinkologne\n|-unboost|p2a: Oinkologne|spe|1\n|-boost|p2a: Oinkologne|atk|1\n|-boost|p2a: Oinkologne|def|1\n|move|p1a: Amoonguss|Sludge Bomb|p2a: Oinkologne\n|-damage|p2a: Oinkologne|246/352\n|\n|-heal|p2a: Oinkologne|268/352|[from] item: Leftovers\n|-heal|p1a: Amoonguss|227/321|[from] item: Leftovers\n|upkeep\n|turn|15\n|inactive|trying_toget_tough has 90 seconds left.\n|\n|t:|1732996297\n|move|p2a: Oinkologne|Body Slam|p1a: Amoonguss\n|-crit|p1a: Amoonguss\n|-damage|p1a: Amoonguss|0 fnt\n|faint|p1a: Amoonguss\n|\n|-heal|p2a: Oinkologne|290/352|[from] item: Leftovers\n|upkeep\n|inactive|trying_toget_tough has 90 seconds left.\n|\n|t:|1732996305\n|switch|p1a: Arceus|Arceus-Ghost, L69|280/280\n|turn|16\n|\n|t:|1732996311\n|move|p1a: Arceus|Will-O-Wisp|p2a: Oinkologne\n|-status|p2a: Oinkologne|brn\n|move|p2a: Oinkologne|Lash Out|p1a: Arceus\n|-supereffective|p1a: Arceus\n|-damage|p1a: Arceus|196/280\n|\n|-heal|p2a: Oinkologne|312/352 brn|[from] item: Leftovers\n|-damage|p2a: Oinkologne|290/352 brn|[from] brn\n|upkeep\n|turn|17\n|\n|t:|1732996325\n|switch|p2a: Miraidon|Miraidon, L65|238/238\n|-fieldstart|move: Electric Terrain|[from] ability: Hadron Engine|[of] p2a: Miraidon\n|move|p1a: Arceus|Focus Blast|p2a: Miraidon|[miss]\n|-miss|p1a: Arceus|p2a: Miraidon\n|\n|upkeep\n|turn|18\n|\n|t:|1732996332\n|switch|p1a: Cinccino|Cinccino, L83, F|53/260 par\n|move|p2a: Miraidon|Calm Mind|p2a: Miraidon\n|-boost|p2a: Miraidon|spa|1\n|-boost|p2a: Miraidon|spd|1\n|\n|upkeep\n|turn|19\n|\n|t:|1732996353\n|move|p2a: Miraidon|Electro Drift|p1a: Cinccino\n|-damage|p1a: Cinccino|0 fnt\n|faint|p1a: Cinccino\n|\n|upkeep\n|\n|t:|1732996362\n|switch|p1a: Torterra|Torterra, L78, F|276/276\n|turn|20\n|\n|t:|1732996370\n|move|p2a: Miraidon|Draco Meteor|p1a: Torterra\n|-damage|p1a: Torterra|17/276\n|-unboost|p2a: Miraidon|spa|2\n|move|p1a: Torterra|Shell Smash|p1a: Torterra\n|-unboost|p1a: Torterra|def|1\n|-unboost|p1a: Torterra|spd|1\n|-boost|p1a: Torterra|atk|2\n|-boost|p1a: Torterra|spa|2\n|-boost|p1a: Torterra|spe|2\n|\n|upkeep\n|turn|21\n|inactive|trying_toget_tough has 120 seconds left.\n|\n|t:|1732996399\n|move|p1a: Torterra|Headlong Rush|p2a: Miraidon\n|-supereffective|p2a: Miraidon\n|-damage|p2a: Miraidon|0 fnt\n|-unboost|p1a: Torterra|def|1\n|-unboost|p1a: Torterra|spd|1\n|faint|p2a: Miraidon\n|\n|-fieldend|move: Electric Terrain\n|upkeep\n|\n|t:|1732996406\n|switch|p2a: Golduck|Golduck, L90, M|290/290\n|-ability|p2a: Golduck|Cloud Nine\n|turn|22\n|\n|t:|1732996411\n|-terastallize|p2a: Golduck|Grass\n|move|p1a: Torterra|Bullet Seed|p2a: Golduck\n|-resisted|p2a: Golduck\n|-damage|p2a: Golduck|253/290\n|-resisted|p2a: Golduck\n|-crit|p2a: Golduck\n|-damage|p2a: Golduck|193/290\n|-resisted|p2a: Golduck\n|-damage|p2a: Golduck|151/290\n|-resisted|p2a: Golduck\n|-damage|p2a: Golduck|112/290\n|-hitcount|p2a: Golduck|4\n|move|p2a: Golduck|Ice Beam|p1a: Torterra\n|-supereffective|p1a: Torterra\n|-damage|p1a: Torterra|0 fnt\n|faint|p1a: Torterra\n|-damage|p2a: Golduck|83/290|[from] item: Life Orb\n|\n|upkeep\n|inactive|trying_toget_tough has 120 seconds left.\n|\n|t:|1732996422\n|switch|p1a: Arceus|Arceus-Ghost, L69|196/280\n|turn|23\n|inactive|trying_toget_tough has 120 seconds left.\n|\n|t:|1732996427\n|move|p1a: Arceus|Judgment|p2a: Golduck\n|-damage|p2a: Golduck|0 fnt\n|faint|p2a: Golduck\n|\n|upkeep\n|\n|t:|1732996434\n|switch|p2a: Cobalion|Cobalion, L80|277/277\n|turn|24\n|\n|t:|1732996438\n|move|p2a: Cobalion|Thunder Wave|p1a: Arceus\n|-status|p1a: Arceus|par\n|move|p1a: Arceus|Will-O-Wisp|p2a: Cobalion\n|-status|p2a: Cobalion|brn\n|\n|-damage|p2a: Cobalion|260/277 brn|[from] brn\n|upkeep\n|turn|25\n|\n|t:|1732996446\n|move|p2a: Cobalion|Iron Head|p1a: Arceus\n|-damage|p1a: Arceus|160/280 par\n|cant|p1a: Arceus|flinch\n|\n|-heal|p2a: Cobalion|277/277 brn|[from] item: Leftovers\n|-damage|p2a: Cobalion|260/277 brn|[from] brn\n|upkeep\n|turn|26\n|\n|t:|1732996454\n|switch|p2a: Dragalge|Dragalge, L88, M|164/258 slp\n|move|p1a: Arceus|Recover|p1a: Arceus\n|-heal|p1a: Arceus|280/280 par\n|\n|upkeep\n|turn|27\n|\n|t:|1732996459\n|cant|p2a: Dragalge|slp\n|cant|p1a: Arceus|par\n|\n|upkeep\n|turn|28\n|c|\u2606trying_toget_tough|terrible rng for me whole, match\n|\n|t:|1732996473\n|cant|p2a: Dragalge|slp\n|move|p1a: Arceus|Judgment|p2a: Dragalge\n|-crit|p2a: Dragalge\n|-damage|p2a: Dragalge|91/258 slp\n|\n|upkeep\n|turn|29\n|\n|t:|1732996483\n|-curestatus|p2a: Dragalge|slp|[msg]\n|move|p2a: Dragalge|Sludge Wave|p1a: Arceus\n|-resisted|p1a: Arceus\n|-damage|p1a: Arceus|206/280 par\n|move|p1a: Arceus|Judgment|p2a: Dragalge\n|-damage|p2a: Dragalge|39/258\n|\n|upkeep\n|turn|30\n|\n|t:|1732996490\n|move|p2a: Dragalge|Draco Meteor|p1a: Arceus\n|-damage|p1a: Arceus|28/280 par\n|-unboost|p2a: Dragalge|spa|2\n|move|p1a: Arceus|Recover|p1a: Arceus\n|-heal|p1a: Arceus|168/280 par\n|\n|upkeep\n|turn|31\n|\n|t:|1732996498\n|move|p1a: Arceus|Recover|p1a: Arceus\n|-heal|p1a: Arceus|280/280 par\n|move|p2a: Dragalge|Dragon Tail|p1a: Arceus\n|-damage|p1a: Arceus|206/280 par\n|\n|upkeep\n|turn|32\n|\n|t:|1732996505\n|move|p1a: Arceus|Will-O-Wisp|p2a: Dragalge\n|-status|p2a: Dragalge|brn\n|move|p2a: Dragalge|Dragon Tail|p1a: Arceus\n|-crit|p1a: Arceus\n|-damage|p1a: Arceus|147/280 par\n|\n|-damage|p2a: Dragalge|23/258 brn|[from] brn\n|upkeep\n|turn|33\n|\n|t:|1732996513\n|move|p1a: Arceus|Recover|p1a: Arceus\n|-heal|p1a: Arceus|280/280 par\n|move|p2a: Dragalge|Dragon Tail|p1a: Arceus\n|-damage|p1a: Arceus|245/280 par\n|\n|-damage|p2a: Dragalge|7/258 brn|[from] brn\n|upkeep\n|turn|34\n|\n|t:|1732996521\n|move|p2a: Dragalge|Draco Meteor|p1a: Arceus\n|-damage|p1a: Arceus|147/280 par\n|-unboost|p2a: Dragalge|spa|2\n|cant|p1a: Arceus|par\n|\n|-damage|p2a: Dragalge|0 fnt|[from] brn\n|faint|p2a: Dragalge\n|upkeep\n|\n|t:|1732996531\n|switch|p2a: Oinkologne|Oinkologne, L92, M|290/352 brn\n|turn|35\n|\n|t:|1732996535\n|move|p2a: Oinkologne|Lash Out|p1a: Arceus\n|-supereffective|p1a: Arceus\n|-damage|p1a: Arceus|89/280 par\n|move|p1a: Arceus|Recover|p1a: Arceus\n|-heal|p1a: Arceus|229/280 par\n|\n|-heal|p2a: Oinkologne|312/352 brn|[from] item: Leftovers\n|-damage|p2a: Oinkologne|290/352 brn|[from] brn\n|upkeep\n|turn|36\n|\n|t:|1732996546\n|move|p2a: Oinkologne|Lash Out|p1a: Arceus\n|-supereffective|p1a: Arceus\n|-damage|p1a: Arceus|168/280 par\n|move|p1a: Arceus|Focus Blast|p2a: Oinkologne|[miss]\n|-miss|p1a: Arceus|p2a: Oinkologne\n|\n|-heal|p2a: Oinkologne|312/352 brn|[from] item: Leftovers\n|-damage|p2a: Oinkologne|290/352 brn|[from] brn\n|upkeep\n|turn|37\n|\n|t:|1732996555\n|move|p2a: Oinkologne|Lash Out|p1a: Arceus\n|-supereffective|p1a: Arceus\n|-damage|p1a: Arceus|110/280 par\n|move|p1a: Arceus|Focus Blast|p2a: Oinkologne\n|-supereffective|p2a: Oinkologne\n|-damage|p2a: Oinkologne|158/352 brn\n|\n|-heal|p2a: Oinkologne|180/352 brn|[from] item: Leftovers\n|-damage|p2a: Oinkologne|158/352 brn|[from] brn\n|upkeep\n|turn|38\n|\n|t:|1732996564\n|move|p2a: Oinkologne|Lash Out|p1a: Arceus\n|-supereffective|p1a: Arceus\n|-damage|p1a: Arceus|48/280 par\n|move|p1a: Arceus|Recover|p1a: Arceus\n|-heal|p1a: Arceus|188/280 par\n|\n|-heal|p2a: Oinkologne|180/352 brn|[from] item: Leftovers\n|-damage|p2a: Oinkologne|158/352 brn|[from] brn\n|upkeep\n|turn|39\n|\n|t:|1732996574\n|move|p2a: Oinkologne|Lash Out|p1a: Arceus\n|-supereffective|p1a: Arceus\n|-damage|p1a: Arceus|130/280 par\n|cant|p1a: Arceus|par\n|\n|-heal|p2a: Oinkologne|180/352 brn|[from] item: Leftovers\n|-damage|p2a: Oinkologne|158/352 brn|[from] brn\n|upkeep\n|turn|40\n|\n|t:|1732996583\n|move|p2a: Oinkologne|Lash Out|p1a: Arceus\n|-supereffective|p1a: Arceus\n|-damage|p1a: Arceus|72/280 par\n|move|p1a: Arceus|Focus Blast|p2a: Oinkologne\n|-supereffective|p2a: Oinkologne\n|-damage|p2a: Oinkologne|34/352 brn\n|-unboost|p2a: Oinkologne|spd|1\n|\n|-heal|p2a: Oinkologne|56/352 brn|[from] item: Leftovers\n|-damage|p2a: Oinkologne|34/352 brn|[from] brn\n|upkeep\n|turn|41\n|\n|t:|1732996596\n|move|p2a: Oinkologne|Lash Out|p1a: Arceus\n|-supereffective|p1a: Arceus\n|-damage|p1a: Arceus|12/280 par\n|move|p1a: Arceus|Recover|p1a: Arceus\n|-heal|p1a: Arceus|152/280 par\n|\n|-heal|p2a: Oinkologne|56/352 brn|[from] item: Leftovers\n|-damage|p2a: Oinkologne|34/352 brn|[from] brn\n|upkeep\n|turn|42\n|\n|t:|1732996605\n|move|p2a: Oinkologne|High Horsepower|p1a: Arceus\n|-damage|p1a: Arceus|113/280 par\n|move|p1a: Arceus|Recover|p1a: Arceus\n|-heal|p1a: Arceus|253/280 par\n|\n|-heal|p2a: Oinkologne|56/352 brn|[from] item: Leftovers\n|-damage|p2a: Oinkologne|34/352 brn|[from] brn\n|upkeep\n|turn|43\n|\n|t:|1732996615\n|move|p2a: Oinkologne|High Horsepower|p1a: Arceus\n|-damage|p1a: Arceus|214/280 par\n|move|p1a: Arceus|Judgment|p2a: Oinkologne\n|-immune|p2a: Oinkologne\n|\n|-heal|p2a: Oinkologne|56/352 brn|[from] item: Leftovers\n|-damage|p2a: Oinkologne|34/352 brn|[from] brn\n|upkeep\n|turn|44\n|\n|t:|1732996623\n|move|p2a: Oinkologne|High Horsepower|p1a: Arceus\n|-damage|p1a: Arceus|175/280 par\n|move|p1a: Arceus|Focus Blast|p2a: Oinkologne\n|-supereffective|p2a: Oinkologne\n|-damage|p2a: Oinkologne|0 fnt\n|faint|p2a: Oinkologne\n|\n|upkeep\n|\n|t:|1732996626\n|switch|p2a: Farigiraf|Farigiraf, L91, M|41/366 par\n|turn|45\n|\n|t:|1732996633\n|move|p1a: Arceus|Focus Blast|p2a: Farigiraf\n|-damage|p2a: Farigiraf|0 fnt\n|faint|p2a: Farigiraf\n|\n|upkeep\n|\n|t:|1732996636\n|switch|p2a: Cobalion|Cobalion, L80|260/277 brn\n|turn|46\n|\n|t:|1732996644\n|-terastallize|p1a: Arceus|Fighting\n|move|p2a: Cobalion|Iron Head|p1a: Arceus\n|-damage|p1a: Arceus|140/280 par\n|move|p1a: Arceus|Focus Blast|p2a: Cobalion\n|-supereffective|p2a: Cobalion\n|-damage|p2a: Cobalion|24/277 brn\n|\n|-heal|p2a: Cobalion|41/277 brn|[from] item: Leftovers\n|-damage|p2a: Cobalion|24/277 brn|[from] brn\n|upkeep\n|turn|47\n|\n|t:|1732996653\n|move|p2a: Cobalion|Iron Head|p1a: Arceus\n|-damage|p1a: Arceus|107/280 par\n|cant|p1a: Arceus|par\n|\n|-heal|p2a: Cobalion|41/277 brn|[from] item: Leftovers\n|-damage|p2a: Cobalion|24/277 brn|[from] brn\n|upkeep\n|turn|48\n|\n|t:|1732996661\n|move|p2a: Cobalion|Iron Head|p1a: Arceus\n|-damage|p1a: Arceus|71/280 par\n|move|p1a: Arceus|Judgment|p2a: Cobalion\n|-damage|p2a: Cobalion|0 fnt\n|faint|p2a: Cobalion\n|\n|win|trying_toget_tough\n|raw|trying_toget_tough's rating: 1425 &rarr; <strong>1447</strong><br />(+22 for winning)\n|raw|Rhobar3's rating: 1467 &rarr; <strong>1445</strong><br />(-22 for losing)\n|c|\u2606Rhobar3|Gg man\n|c|\u2606trying_toget_tough|gg\n", "inputlog": ">version b107d77f5c90bd6555267ae244a6264823309ead\n>start {\"formatid\":\"gen9randombattle\",\"seed\":[17362,50476,54806,60866],\"rated\":\"Rated battle\"}\n>player p1 {\"name\":\"trying_toget_tough\",\"avatar\":\"266\",\"rating\":1425,\"seed\":[47695,34901,2968,25726]}\n>player p2 {\"name\":\"Rhobar3\",\"avatar\":\"lucas-gen4pt\",\"rating\":1449,\"seed\":[65090,62861,31269,54504]}\n>p1 move spore\n>p2 switch 2\n>p1 switch 2\n>p2 move psychicnoise\n>p1 move bugbuzz\n>p2 move bodyslam\n>p1 move bugbuzz\n>p2 move bodyslam\n>p1 switch 3\n>p1 move shellsmash\n>p2 move bodyslam\n>p1 move hydropump\n>p2 move bodyslam\n>p1 move hydropump\n>p2 move protect\n>p1 move hydropump\n>p2 move bodyslam\n>p1 switch 4\n>p1 move tailslap\n>p2 move bodyslam\n>p1 move uturn\n>p2 switch 4\n>p1 switch 2\n>p1 move stompingtantrum\n>p2 switch 3\n>p1 move spore\n>p2 move sludgewave\n>p1 move stompingtantrum\n>p2 switch 5\n>p1 move sludgebomb\n>p2 move curse\n>p1 move sludgebomb\n>p2 move bodyslam\n>p1 switch 6\n>p1 move willowisp\n>p2 move lashout\n>p1 move focusblast\n>p2 switch 2\n>p1 switch 2\n>p2 move calmmind\n>p1 move tripleaxel\n>p2 move electrodrift\n>p1 switch 5\n>p1 move shellsmash\n>p2 move dracometeor\n>p1 move headlongrush\n>p2 move dracometeor\n>p2 switch 6\n>p1 move bulletseed\n>p2 move icebeam terastallize\n>p1 switch 2\n>p1 move judgment\n>p2 move hydropump\n>p2 switch 3\n>p1 move willowisp\n>p2 move thunderwave\n>p1 move focusblast\n>p2 move ironhead\n>p1 move recover\n>p2 switch 5\n>p1 move judgment\n>p2 move sludgewave\n>chat \u2606trying_toget_tough|terrible rng for me whole, match\n>p1 move judgment\n>p2 move sludgewave\n>p1 move judgment\n>p2 move sludgewave\n>p1 move recover\n>p2 move dracometeor\n>p1 move recover\n>p2 move dragontail\n>p1 move willowisp\n>p2 move dragontail\n>p1 move recover\n>p2 move dragontail\n>p1 move judgment\n>p2 move dracometeor\n>p2 switch 2\n>p1 move recover\n>p2 move lashout\n>p1 move focusblast\n>p2 move lashout\n>p1 move focusblast\n>p2 move lashout\n>p1 move recover\n>p2 move lashout\n>p1 move focusblast\n>p2 move lashout\n>p1 move focusblast\n>p2 move lashout\n>p1 move recover\n>p2 move lashout\n>p1 move recover\n>p2 move highhorsepower\n>p1 move judgment\n>p2 move highhorsepower\n>p1 move focusblast\n>p2 move highhorsepower\n>p2 switch 4\n>p1 move focusblast\n>p2 move psychicnoise\n>p2 switch 5\n>p1 move focusblast terastallize\n>p2 move ironhead\n>p1 move judgment\n>p2 move ironhead\n>p1 move judgment\n>p2 move ironhead", "uploadtime": 1732996672, "views": 1, "formatid": "gen9randombattle", "rating": 1445, "private": 0, "password": null}