{"id": "gen9randombattle-2253817404", "format": "[Gen 9] Random Battle", "players": ["Rydak7", "Wil05"], "log": "|j|\u2606Rydak7\n|j|\u2606Wil05\n|t:|1732942876\n|gametype|singles\n|player|p1|Rydak7|265|1062\n|player|p2|Wil05|cheren-gen5bw2|1101\n|teamsize|p1|6\n|teamsize|p2|6\n|gen|9\n|tier|[Gen 9] Random Battle\n|rated|\n|rule|Species Clause: Limit one of each Pok\u00e9mon\n|rule|HP Percentage Mod: HP is shown in percentages\n|rule|Sleep Clause Mod: Limit one foe put to sleep\n|rule|Illusion Level Mod: Illusion disguises the Pok\u00e9mon's true level\n|\n|t:|1732942876\n|start\n|switch|p1a: Hydrapple|Hydrapple, L83, F|312/312\n|switch|p2a: Amoonguss|Amoonguss, L82, M|321/321\n|turn|1\n|\n|t:|1732942903\n|move|p1a: Hydrapple|Nasty Plot|p1a: Hydrapple\n|-boost|p1a: Hydrapple|spa|2\n|move|p2a: Amoonguss|Sludge Bomb|p1a: Hydrapple\n|-supereffective|p1a: Hydrapple\n|-damage|p1a: Hydrapple|144/312\n|\n|-heal|p1a: Hydrapple|163/312|[from] item: Leftovers\n|upkeep\n|turn|2\n|\n|t:|1732942922\n|-terastallize|p1a: Hydrapple|Steel\n|move|p1a: Hydrapple|Nasty Plot|p1a: Hydrapple\n|-boost|p1a: Hydrapple|spa|2\n|move|p2a: Amoonguss|Sludge Bomb|p1a: Hydrapple\n|-immune|p1a: Hydrapple\n|\n|-heal|p1a: Hydrapple|182/312|[from] item: Leftovers\n|upkeep\n|turn|3\n|\n|t:|1732942935\n|move|p1a: Hydrapple|Fickle Beam|p2a: Amoonguss\n|-damage|p2a: Amoonguss|15/321\n|move|p2a: Amoonguss|Spore|p1a: Hydrapple\n|-status|p1a: Hydrapple|slp|[from] move: Spore\n|\n|-heal|p1a: Hydrapple|201/312 slp|[from] item: Leftovers\n|upkeep\n|turn|4\n|\n|t:|1732942946\n|cant|p1a: Hydrapple|slp\n|move|p2a: Amoonguss|Stomping Tantrum|p1a: Hydrapple\n|-supereffective|p1a: Hydrapple\n|-crit|p1a: Hydrapple\n|-damage|p1a: Hydrapple|85/312 slp\n|\n|-heal|p1a: Hydrapple|104/312 slp|[from] item: Leftovers\n|upkeep\n|turn|5\n|\n|t:|1732942955\n|-curestatus|p1a: Hydrapple|slp|[msg]\n|move|p1a: Hydrapple|Recover|p1a: Hydrapple\n|-heal|p1a: Hydrapple|260/312\n|move|p2a: Amoonguss|Stomping Tantrum|p1a: Hydrapple\n|-supereffective|p1a: Hydrapple\n|-damage|p1a: Hydrapple|188/312\n|\n|-heal|p1a: Hydrapple|207/312|[from] item: Leftovers\n|upkeep\n|turn|6\n|\n|t:|1732942966\n|move|p1a: Hydrapple|Earth Power|p2a: Amoonguss\n|-damage|p2a: Amoonguss|0 fnt\n|faint|p2a: Amoonguss\n|\n|-heal|p1a: Hydrapple|226/312|[from] item: Leftovers\n|upkeep\n|\n|t:|1732943000\n|switch|p2a: Wugtrio|Wugtrio, L91, M|212/212\n|turn|7\n|\n|t:|1732943011\n|move|p2a: Wugtrio|Stomping Tantrum|p1a: Hydrapple\n|-supereffective|p1a: Hydrapple\n|-damage|p1a: Hydrapple|72/312\n|move|p1a: Hydrapple|Fickle Beam|p2a: Wugtrio\n|-damage|p2a: Wugtrio|0 fnt\n|faint|p2a: Wugtrio\n|\n|-heal|p1a: Hydrapple|91/312|[from] item: Leftovers\n|upkeep\n|\n|t:|1732943020\n|switch|p2a: Exeggutor|Exeggutor, L89, F|312/312\n|turn|8\n|\n|t:|1732943025\n|move|p2a: Exeggutor|Leech Seed|p1a: Hydrapple|[miss]\n|-miss|p2a: Exeggutor|p1a: Hydrapple\n|move|p1a: Hydrapple|Recover|p1a: Hydrapple\n|-heal|p1a: Hydrapple|247/312\n|\n|-heal|p1a: Hydrapple|266/312|[from] item: Leftovers\n|upkeep\n|turn|9\n|\n|t:|1732943035\n|move|p2a: Exeggutor|Leech Seed|p1a: Hydrapple\n|-start|p1a: Hydrapple|move: Leech Seed\n|move|p1a: Hydrapple|Fickle Beam|p2a: Exeggutor|[anim] Fickle Beam All Out\n|-activate|p1a: Hydrapple|move: Fickle Beam\n|-damage|p2a: Exeggutor|0 fnt\n|faint|p2a: Exeggutor\n|\n|-heal|p1a: Hydrapple|285/312|[from] item: Leftovers\n|upkeep\n|\n|t:|1732943044\n|switch|p2a: Dragonite|Dragonite, L74, M|257/257\n|turn|10\n|\n|t:|1732943052\n|move|p2a: Dragonite|Dragon Dance|p2a: Dragonite\n|-boost|p2a: Dragonite|atk|1\n|-boost|p2a: Dragonite|spe|1\n|move|p1a: Hydrapple|Fickle Beam|p2a: Dragonite\n|-supereffective|p2a: Dragonite\n|-damage|p2a: Dragonite|0 fnt\n|faint|p2a: Dragonite\n|\n|-heal|p1a: Hydrapple|304/312|[from] item: Leftovers\n|upkeep\n|-message|Wil05 forfeited.\n|\n|win|Rydak7\n|raw|Rydak7's rating: 1062 &rarr; <strong>1096</strong><br />(+34 for winning)\n|raw|Wil05's rating: 1101 &rarr; <strong>1073</strong><br />(-28 for losing)\n|l|\u2606Wil05\n|player|p2|\n", "inputlog": ">version b107d77f5c90bd6555267ae244a6264823309ead\n>start {\"formatid\":\"gen9randombattle\",\"seed\":[23710,10187,42947,47809],\"rated\":\"Rated battle\"}\n>player p1 {\"name\":\"Rydak7\",\"avatar\":\"265\",\"rating\":1062,\"seed\":[64161,15540,26971,35476]}\n>player p2 {\"name\":\"Wil05\",\"avatar\":\"cheren-gen5bw2\",\"rating\":1101,\"seed\":[60494,27042,1229,42772]}\n>p1 move nastyplot\n>p2 move sludgebomb\n>p1 move nastyplot terastallize\n>p2 move sludgebomb\n>p1 move ficklebeam\n>p2 move spore\n>p1 move recover\n>p2 move stompingtantrum\n>p1 move recover\n>p2 move stompingtantrum\n>p1 move earthpower\n>p2 move spore\n>p2 switch 4\n>p1 move ficklebeam\n>p2 move stompingtantrum\n>p2 switch 3\n>p1 move recover\n>p2 move leechseed\n>p1 move ficklebeam\n>p2 move leechseed\n>p2 switch 5\n>p1 move ficklebeam\n>p2 move dragondance\n>forcelose p2", "uploadtime": 1732943065, "views": 1, "formatid": "gen9randombattle", "rating": 1073, "private": 0, "password": null}