{"id": "gen9randombattle-2254173797", "format": "[Gen 9] Random Battle", "players": ["iamnoxi", "duskIIdawn"], "log": "|j|\u2606iamnoxi\n|j|\u2606duskIIdawn\n|t:|1733000351\n|gametype|singles\n|player|p1|iamnoxi|266|1167\n|player|p2|duskIIdawn|gambler|1124\n|teamsize|p1|6\n|teamsize|p2|6\n|gen|9\n|tier|[Gen 9] Random Battle\n|rated|\n|rule|Species Clause: Limit one of each Pok\u00e9mon\n|rule|HP Percentage Mod: HP is shown in percentages\n|rule|Sleep Clause Mod: Limit one foe put to sleep\n|rule|Illusion Level Mod: Illusion disguises the Pok\u00e9mon's true level\n|\n|t:|1733000351\n|start\n|switch|p1a: Noctowl|Noctowl, L95, M|344/344\n|switch|p2a: Enamorus|Enamorus, L79, F|247/247\n|turn|1\n|\n|t:|1733000375\n|move|p2a: Enamorus|Substitute|p2a: Enamorus\n|-start|p2a: Enamorus|Substitute\n|-damage|p2a: Enamorus|186/247\n|move|p1a: Noctowl|Hyper Voice|p2a: Enamorus\n|-damage|p2a: Enamorus|48/247\n|\n|-heal|p2a: Enamorus|63/247|[from] item: Leftovers\n|upkeep\n|turn|2\n|inactive|Battle timer is ON: inactive players will automatically lose when time's up. (requested by iamnoxi)\n|\n|t:|1733000386\n|move|p2a: Enamorus|Moonblast|p1a: Noctowl\n|-damage|p1a: Noctowl|250/344\n|move|p1a: Noctowl|Hyper Voice|p2a: Enamorus\n|-damage|p2a: Enamorus|0 fnt\n|faint|p2a: Enamorus\n|\n|upkeep\n|\n|t:|1733000397\n|switch|p2a: Gengar|Gengar, L81, M|230/230\n|turn|3\n|\n|t:|1733000424\n|-terastallize|p1a: Noctowl|Steel\n|move|p2a: Gengar|Trick|p1a: Noctowl\n|-activate|p2a: Gengar|move: Trick|[of] p1a: Noctowl\n|-item|p1a: Noctowl|Choice Specs|[from] move: Trick\n|-item|p2a: Gengar|Heavy-Duty Boots|[from] move: Trick\n|move|p1a: Noctowl|Hurricane|p2a: Gengar\n|-damage|p2a: Gengar|11/230\n|-start|p1a: Noctowl|Disable|Hurricane|[from] ability: Cursed Body|[of] p2a: Gengar\n|\n|upkeep\n|turn|4\n|\n|t:|1733000437\n|move|p2a: Gengar|Focus Blast|p1a: Noctowl\n|-supereffective|p1a: Noctowl\n|-damage|p1a: Noctowl|96/344\n|-activate|p1a: Noctowl|move: Struggle\n|move|p1a: Noctowl|Struggle|p2a: Gengar\n|-damage|p2a: Gengar|0 fnt\n|faint|p2a: Gengar\n|-damage|p1a: Noctowl|10/344|[from] recoil\n|\n|upkeep\n|inactive|duskIIdawn has 120 seconds left.\n|\n|t:|1733000457\n|switch|p2a: Archaludon|Archaludon, L78, F|268/268\n|turn|5\n|\n|t:|1733000471\n|-activate|p1a: Noctowl|move: Struggle\n|move|p1a: Noctowl|Struggle|p2a: Archaludon\n|-damage|p2a: Archaludon|251/268\n|-ability|p2a: Archaludon|Stamina|boost\n|-boost|p2a: Archaludon|def|1\n|-damage|p1a: Noctowl|0 fnt|[from] recoil\n|faint|p1a: Noctowl\n|move|p2a: Archaludon|Stealth Rock|p1: Noctowl\n|-sidestart|p1: iamnoxi|move: Stealth Rock\n|\n|-heal|p2a: Archaludon|267/268|[from] item: Leftovers\n|upkeep\n|inactive|iamnoxi has 120 seconds left.\n|\n|t:|1733000513\n|switch|p1a: Latias|Latias, L79, F|256/256\n|-damage|p1a: Latias|224/256|[from] Stealth Rock\n|turn|6\n|inactive|iamnoxi has 90 seconds left.\n|\n|t:|1733000544\n|-terastallize|p2a: Archaludon|Fighting\n|move|p1a: Latias|Draco Meteor|p2a: Archaludon\n|-damage|p2a: Archaludon|33/268\n|-unboost|p1a: Latias|spa|2\n|-ability|p2a: Archaludon|Stamina|boost\n|-boost|p2a: Archaludon|def|1\n|move|p2a: Archaludon|Draco Meteor|p1a: Latias\n|-supereffective|p1a: Latias\n|-damage|p1a: Latias|0 fnt\n|-unboost|p2a: Archaludon|spa|2\n|faint|p1a: Latias\n|\n|-heal|p2a: Archaludon|49/268|[from] item: Leftovers\n|upkeep\n|inactive|iamnoxi has 60 seconds left.\n|\n|t:|1733000580\n|switch|p1a: Stonjourner|Stonjourner, L91, M|330/330\n|-damage|p1a: Stonjourner|289/330|[from] Stealth Rock\n|turn|7\n|inactive|iamnoxi has 60 seconds left.\n|\n|t:|1733000591\n|move|p1a: Stonjourner|Earthquake|p2a: Archaludon\n|-damage|p2a: Archaludon|0 fnt\n|faint|p2a: Archaludon\n|-damage|p1a: Stonjourner|256/330|[from] item: Life Orb\n|\n|upkeep\n|\n|t:|1733000598\n|switch|p2a: Braviary|Braviary-Hisui, L85, M|326/326\n|turn|8\n|\n|t:|1733000612\n|move|p1a: Stonjourner|Stone Edge|p2a: Braviary|[miss]\n|-miss|p1a: Stonjourner|p2a: Braviary\n|move|p2a: Braviary|Agility|p2a: Braviary\n|-boost|p2a: Braviary|spe|2\n|\n|upkeep\n|turn|9\n|\n|t:|1733000624\n|move|p2a: Braviary|Psychic|p1a: Stonjourner\n|-damage|p1a: Stonjourner|0 fnt\n|faint|p1a: Stonjourner\n|\n|upkeep\n|\n|t:|1733000630\n|switch|p1a: Delphox|Delphox, L84, F|263/263\n|-damage|p1a: Delphox|198/263|[from] Stealth Rock\n|turn|10\n|\n|t:|1733000640\n|move|p2a: Braviary|Hurricane|p1a: Delphox\n|-damage|p1a: Delphox|0 fnt\n|faint|p1a: Delphox\n|\n|upkeep\n|\n|t:|1733000646\n|switch|p1a: Iron Bundle|Iron Bundle, L77|213/213\n|-damage|p1a: Iron Bundle|160/213|[from] Stealth Rock\n|turn|11\n|\n|t:|1733000652\n|move|p2a: Braviary|Heat Wave|p1a: Iron Bundle\n|-damage|p1a: Iron Bundle|0 fnt\n|faint|p1a: Iron Bundle\n|-end|p1a: Iron Bundle|Quark Drive|[silent]\n|\n|upkeep\n|\n|t:|1733000657\n|switch|p1a: Dragalge|Dragalge, L88, M|258/258\n|-damage|p1a: Dragalge|226/258|[from] Stealth Rock\n|turn|12\n|\n|t:|1733000675\n|move|p2a: Braviary|Psychic|p1a: Dragalge\n|-supereffective|p1a: Dragalge\n|-damage|p1a: Dragalge|31/258\n|move|p1a: Dragalge|Dragon Tail|p2a: Braviary|[miss]\n|-miss|p1a: Dragalge|p2a: Braviary\n|\n|upkeep\n|turn|13\n|inactive|iamnoxi has 90 seconds left.\n|\n|t:|1733000681\n|move|p2a: Braviary|Psychic|p1a: Dragalge\n|-supereffective|p1a: Dragalge\n|-damage|p1a: Dragalge|0 fnt\n|faint|p1a: Dragalge\n|\n|win|duskIIdawn\n|raw|iamnoxi's rating: 1167 &rarr; <strong>1139</strong><br />(-28 for losing)\n|raw|duskIIdawn's rating: 1124 &rarr; <strong>1152</strong><br />(+28 for winning)\n|c|\u2606duskIIdawn|gg\n|l|\u2606iamnoxi\n|player|p1|\n", "inputlog": ">version b107d77f5c90bd6555267ae244a6264823309ead\n>start {\"formatid\":\"gen9randombattle\",\"seed\":[50571,31609,28570,20285],\"rated\":\"Rated battle\"}\n>player p1 {\"name\":\"iamnoxi\",\"avatar\":\"266\",\"rating\":1167,\"seed\":[35256,51239,28067,39037]}\n>player p2 {\"name\":\"duskIIdawn\",\"avatar\":\"gambler\",\"rating\":1124,\"seed\":[23266,56522,35755,5095]}\n>p1 move hypervoice\n>p2 move substitute\n>p1 move hypervoice\n>p2 move moonblast\n>p2 switch 3\n>p1 move hurricane terastallize\n>p2 move trick\n>p1 move struggle\n>p2 move focusblast\n>p2 switch 6\n>p1 move struggle\n>p2 move stealthrock\n>p1 switch 4\n>p1 move dracometeor\n>p2 move dracometeor terastallize\n>p1 switch 6\n>p1 move earthquake\n>p2 move bodypress\n>p2 switch 2\n>p1 move stoneedge\n>p2 move agility\n>p1 move stoneedge\n>p2 move psychic\n>p1 switch 3\n>p1 move fireblast\n>p2 move hurricane\n>p1 switch 5\n>p1 move freezedry\n>p2 move heatwave\n>p1 switch 2\n>p1 move dragontail\n>p2 move psychic\n>p1 move dragontail\n>p2 move psychic", "uploadtime": 1733000705, "views": 2, "formatid": "gen9randombattle", "rating": 1139, "private": 0, "password": null}