{"id": "gen9randombattle-2254168941", "format": "[Gen 9] Random Battle", "players": ["A Man of Love", "Pf987"], "log": "|j|\u2606A Man of Love\n|j|\u2606Pf987\n|t:|1732999751\n|gametype|singles\n|player|p1|A Man of Love|265|1574\n|player|p2|Pf987|dragontamer|1553\n|teamsize|p1|6\n|teamsize|p2|6\n|gen|9\n|tier|[Gen 9] Random Battle\n|rated|\n|rule|Species Clause: Limit one of each Pok\u00e9mon\n|rule|HP Percentage Mod: HP is shown in percentages\n|rule|Sleep Clause Mod: Limit one foe put to sleep\n|rule|Illusion Level Mod: Illusion disguises the Pok\u00e9mon's true level\n|\n|t:|1732999751\n|start\n|switch|p1a: Emboar|Emboar, L84, M|322/322\n|switch|p2a: Yanmega|Yanmega, L82, M|275/275\n|turn|1\n|inactive|Battle timer is ON: inactive players will automatically lose when time's up. (requested by Pf987)\n|\n|t:|1732999769\n|move|p2a: Yanmega|Air Slash|p1a: Emboar\n|-supereffective|p1a: Emboar\n|-damage|p1a: Emboar|0 fnt\n|faint|p1a: Emboar\n|\n|upkeep\n|\n|t:|1732999776\n|switch|p1a: Mismagius|Mismagius, L86, F|243/243\n|turn|2\n|\n|t:|1732999782\n|switch|p2a: Bombirdier|Bombirdier, L85, M|258/258\n|move|p1a: Mismagius|Substitute|p1a: Mismagius\n|-start|p1a: Mismagius|Substitute\n|-damage|p1a: Mismagius|183/243\n|\n|-heal|p1a: Mismagius|198/243|[from] item: Leftovers\n|upkeep\n|turn|3\n|\n|t:|1732999790\n|move|p1a: Mismagius|Thunderbolt|p2a: Bombirdier\n|-supereffective|p2a: Bombirdier\n|-damage|p2a: Bombirdier|116/258\n|move|p2a: Bombirdier|Knock Off|p1a: Mismagius\n|-supereffective|p1a: Mismagius\n|-end|p1a: Mismagius|Substitute\n|\n|-heal|p1a: Mismagius|213/243|[from] item: Leftovers\n|upkeep\n|turn|4\n|\n|t:|1732999798\n|switch|p1a: Arbok|Arbok, L87, M|246/246\n|-ability|p1a: Arbok|Intimidate|boost\n|-unboost|p2a: Bombirdier|atk|1\n|move|p2a: Bombirdier|Knock Off|p1a: Arbok\n|-damage|p1a: Arbok|119/246\n|-enditem|p1a: Arbok|Life Orb|[from] move: Knock Off|[of] p2a: Bombirdier\n|\n|upkeep\n|turn|5\n|\n|t:|1732999810\n|switch|p2a: Iron Hands|Iron Hands, L79|373/373\n|move|p1a: Arbok|Gunk Shot|p2a: Iron Hands\n|-damage|p2a: Iron Hands|241/373\n|\n|-heal|p2a: Iron Hands|264/373|[from] item: Leftovers\n|upkeep\n|turn|6\n|\n|t:|1732999824\n|move|p1a: Arbok|Earthquake|p2a: Iron Hands\n|-supereffective|p2a: Iron Hands\n|-damage|p2a: Iron Hands|140/373\n|move|p2a: Iron Hands|Wild Charge|p1a: Arbok\n|-damage|p1a: Arbok|0 fnt\n|faint|p1a: Arbok\n|-damage|p2a: Iron Hands|110/373|[from] Recoil\n|\n|-heal|p2a: Iron Hands|133/373|[from] item: Leftovers\n|upkeep\n|inactive|A Man of Love has 120 seconds left.\n|\n|t:|1732999852\n|switch|p1a: Mismagius|Mismagius, L86, F|213/243\n|turn|7\n|\n|t:|1732999863\n|move|p1a: Mismagius|Shadow Ball|p2a: Iron Hands\n|-damage|p2a: Iron Hands|13/373\n|move|p2a: Iron Hands|Wild Charge|p1a: Mismagius\n|-damage|p1a: Mismagius|74/243\n|-damage|p2a: Iron Hands|0 fnt|[from] Recoil\n|faint|p2a: Iron Hands\n|-end|p2a: Iron Hands|Quark Drive|[silent]\n|\n|-heal|p1a: Mismagius|89/243|[from] item: Leftovers\n|upkeep\n|c|\u2606Pf987|ate\n|\n|t:|1732999869\n|switch|p2a: Raichu|Raichu-Alola, L87, M|246/246\n|turn|8\n|c|\u2606A Man of Love|assult vest?\n|c|\u2606Pf987|nope\n|c|\u2606Pf987|hes just fat as fuck\n|c|\u2606A Man of Love|lol\n|c|\u2606A Man of Love|you are not wrong\n|inactive|A Man of Love has 120 seconds left.\n|\n|t:|1732999904\n|-terastallize|p1a: Mismagius|Electric\n|move|p2a: Raichu|Psyshock|p1a: Mismagius\n|-damage|p1a: Mismagius|0 fnt\n|faint|p1a: Mismagius\n|-damage|p2a: Raichu|222/246|[from] item: Life Orb\n|\n|upkeep\n|c|\u2606Pf987|lol\n|c|\u2606Pf987|i went psy on the ground switchin predict\n|c|\u2606A Man of Love|i was desperate\n|inactive|A Man of Love has 90 seconds left.\n|c|\u2606A Man of Love|raichu wrecks my team\n|\n|t:|1732999941\n|switch|p1a: Tropius|Tropius, L91, F|328/328\n|turn|9\n|\n|t:|1732999962\n|switch|p2a: Yanmega|Yanmega, L82, M|275/275\n|move|p1a: Tropius|Leech Seed|p2a: Yanmega\n|-start|p2a: Yanmega|move: Leech Seed\n|\n|-damage|p2a: Yanmega|241/275|[from] Leech Seed|[of] p1a: Tropius\n|upkeep\n|turn|10\n|inactive|A Man of Love has 90 seconds left.\n|\n|t:|1732999972\n|switch|p1a: Basculegion|Basculegion-F, L83, F|335/335\n|move|p2a: Yanmega|Air Slash|p1a: Basculegion\n|-damage|p1a: Basculegion|184/335\n|\n|-damage|p2a: Yanmega|207/275|[from] Leech Seed|[of] p1a: Basculegion\n|-heal|p1a: Basculegion|218/335|[silent]\n|upkeep\n|turn|11\n|\n|t:|1732999981\n|switch|p2a: Bombirdier|Bombirdier, L85, M|116/258\n|move|p1a: Basculegion|Flip Turn|p2a: Bombirdier\n|-damage|p2a: Bombirdier|40/258\n|\n|t:|1732999986\n|switch|p1a: Flamigo|Flamigo, L82, F|269/269|[from] Flip Turn\n|\n|upkeep\n|turn|12\n|\n|t:|1732999993\n|move|p1a: Flamigo|U-turn|p2a: Bombirdier\n|-damage|p2a: Bombirdier|0 fnt\n|faint|p2a: Bombirdier\n|\n|t:|1732999999\n|switch|p1a: Basculegion|Basculegion-F, L83, F|218/335|[from] U-turn\n|\n|upkeep\n|\n|t:|1733000014\n|switch|p2a: Raichu|Raichu-Alola, L87, M|222/246\n|turn|13\n|\n|t:|1733000018\n|switch|p1a: Tropius|Tropius, L91, F|328/328\n|move|p2a: Raichu|Thunderbolt|p1a: Tropius\n|-damage|p1a: Tropius|206/328\n|-damage|p2a: Raichu|198/246|[from] item: Life Orb\n|\n|upkeep\n|turn|14\n|inactive|A Man of Love has 120 seconds left.\n|\n|t:|1733000031\n|move|p2a: Raichu|Thunderbolt|p1a: Tropius\n|-damage|p1a: Tropius|93/328\n|-enditem|p1a: Tropius|Sitrus Berry|[eat]\n|-heal|p1a: Tropius|175/328|[from] item: Sitrus Berry\n|-damage|p2a: Raichu|174/246|[from] item: Life Orb\n|move|p1a: Tropius|Leech Seed|p2a: Raichu\n|-start|p2a: Raichu|move: Leech Seed\n|\n|-damage|p2a: Raichu|144/246|[from] Leech Seed|[of] p1a: Tropius\n|-heal|p1a: Tropius|205/328|[silent]\n|-item|p1a: Tropius|Sitrus Berry|[from] ability: Harvest\n|upkeep\n|turn|15\n|inactive|A Man of Love has 120 seconds left.\n|\n|t:|1733000052\n|switch|p2a: Comfey|Comfey, L85, F|225/225\n|move|p1a: Tropius|Air Slash|p2a: Comfey\n|-damage|p2a: Comfey|159/225\n|\n|-heal|p2a: Comfey|173/225|[from] item: Leftovers\n|upkeep\n|turn|16\n|inactive|A Man of Love has 120 seconds left.\n|\n|t:|1733000059\n|move|p2a: Comfey|Calm Mind|p2a: Comfey\n|-boost|p2a: Comfey|spa|1\n|-boost|p2a: Comfey|spd|1\n|move|p1a: Tropius|Leech Seed|p2a: Comfey\n|-start|p2a: Comfey|move: Leech Seed\n|\n|-heal|p2a: Comfey|187/225|[from] item: Leftovers\n|-damage|p2a: Comfey|159/225|[from] Leech Seed|[of] p1a: Tropius\n|-heal|p1a: Tropius|233/328|[silent]\n|upkeep\n|turn|17\n|inactive|A Man of Love has 120 seconds left.\n|\n|t:|1733000081\n|move|p2a: Comfey|Calm Mind|p2a: Comfey\n|-boost|p2a: Comfey|spa|1\n|-boost|p2a: Comfey|spd|1\n|move|p1a: Tropius|Substitute|p1a: Tropius\n|-start|p1a: Tropius|Substitute\n|-damage|p1a: Tropius|151/328\n|-enditem|p1a: Tropius|Sitrus Berry|[eat]\n|-heal|p1a: Tropius|233/328|[from] item: Sitrus Berry\n|\n|-heal|p2a: Comfey|173/225|[from] item: Leftovers\n|-damage|p2a: Comfey|145/225|[from] Leech Seed|[of] p1a: Tropius\n|-heal|p1a: Tropius|261/328|[silent]\n|-item|p1a: Tropius|Sitrus Berry|[from] ability: Harvest\n|upkeep\n|turn|18\n|inactive|A Man of Love has 120 seconds left.\n|inactive|Pf987 has 120 seconds left.\n|\n|t:|1733000108\n|move|p2a: Comfey|Calm Mind|p2a: Comfey\n|-boost|p2a: Comfey|spa|1\n|-boost|p2a: Comfey|spd|1\n|move|p1a: Tropius|Air Slash|p2a: Comfey\n|-damage|p2a: Comfey|118/225\n|\n|-heal|p2a: Comfey|132/225|[from] item: Leftovers\n|-damage|p2a: Comfey|104/225|[from] Leech Seed|[of] p1a: Tropius\n|-heal|p1a: Tropius|289/328|[silent]\n|upkeep\n|turn|19\n|inactive|Pf987 has 120 seconds left.\n|c|\u2606A Man of Love|comfey wrecks my team even more\n|inactive|A Man of Love has 120 seconds left.\n|c|\u2606Pf987|lmzo\n|\n|t:|1733000127\n|move|p2a: Comfey|Draining Kiss|p1a: Tropius\n|-end|p1a: Tropius|Substitute\n|-heal|p2a: Comfey|166/225|[from] drain|[of] p1a: Tropius\n|move|p1a: Tropius|Air Slash|p2a: Comfey\n|-damage|p2a: Comfey|141/225\n|\n|-heal|p2a: Comfey|155/225|[from] item: Leftovers\n|-damage|p2a: Comfey|127/225|[from] Leech Seed|[of] p1a: Tropius\n|-heal|p1a: Tropius|317/328|[silent]\n|upkeep\n|turn|20\n|inactive|A Man of Love has 120 seconds left.\n|\n|t:|1733000139\n|move|p1a: Tropius|Protect|p1a: Tropius\n|-singleturn|p1a: Tropius|Protect\n|move|p2a: Comfey|Calm Mind|p2a: Comfey\n|-boost|p2a: Comfey|spa|1\n|-boost|p2a: Comfey|spd|1\n|\n|-heal|p2a: Comfey|141/225|[from] item: Leftovers\n|-damage|p2a: Comfey|113/225|[from] Leech Seed|[of] p1a: Tropius\n|-heal|p1a: Tropius|328/328|[silent]\n|upkeep\n|turn|21\n|inactive|A Man of Love has 120 seconds left.\n|inactive|Pf987 has 120 seconds left.\n|\n|t:|1733000149\n|move|p2a: Comfey|Draining Kiss|p1a: Tropius\n|-damage|p1a: Tropius|189/328\n|-heal|p2a: Comfey|217/225|[from] drain|[of] p1a: Tropius\n|move|p1a: Tropius|Air Slash|p2a: Comfey\n|-damage|p2a: Comfey|193/225\n|\n|-heal|p2a: Comfey|207/225|[from] item: Leftovers\n|-damage|p2a: Comfey|179/225|[from] Leech Seed|[of] p1a: Tropius\n|-heal|p1a: Tropius|217/328|[silent]\n|upkeep\n|turn|22\n|inactive|A Man of Love has 120 seconds left.\n|c|\u2606A Man of Love|just suck the life out of the rest of my team\n|\n|t:|1733000166\n|move|p2a: Comfey|Stored Power|p1a: Tropius\n|-damage|p1a: Tropius|0 fnt\n|faint|p1a: Tropius\n|\n|-heal|p2a: Comfey|193/225|[from] item: Leftovers\n|upkeep\n|c|\u2606Pf987|need\n|\n|t:|1733000172\n|switch|p1a: Basculegion|Basculegion-F, L83, F|218/335\n|turn|23\n|inactive|A Man of Love has 120 seconds left.\n|\n|t:|1733000186\n|move|p2a: Comfey|Stored Power|p1a: Basculegion\n|-damage|p1a: Basculegion|0 fnt\n|faint|p1a: Basculegion\n|\n|-heal|p2a: Comfey|207/225|[from] item: Leftovers\n|upkeep\n|inactive|A Man of Love has 120 seconds left.\n|\n|t:|1733000192\n|switch|p1a: Flamigo|Flamigo, L82, F|269/269\n|turn|24\n|c|\u2606A Man of Love|gg\n|c|\u2606A Man of Love|well played\n|inactive|A Man of Love has 120 seconds left.\n|\n|t:|1733000208\n|move|p2a: Comfey|Draining Kiss|p1a: Flamigo\n|-supereffective|p1a: Flamigo\n|-damage|p1a: Flamigo|0 fnt\n|-heal|p2a: Comfey|225/225|[from] drain|[of] p1a: Flamigo\n|faint|p1a: Flamigo\n|\n|win|Pf987\n", "inputlog": ">version b107d77f5c90bd6555267ae244a6264823309ead\n>start {\"formatid\":\"gen9randombattle\",\"seed\":[23944,19942,3423,10820],\"rated\":\"Rated battle\"}\n>player p1 {\"name\":\"A Man of Love\",\"avatar\":\"265\",\"rating\":1574,\"seed\":[48724,33424,11628,48271]}\n>player p2 {\"name\":\"Pf987\",\"avatar\":\"dragontamer\",\"rating\":1553,\"seed\":[34919,6945,51435,17667]}\n>p1 move flareblitz\n>p2 move airslash\n>p1 switch 2\n>p1 move substitute\n>p2 switch 3\n>p1 move thunderbolt\n>p2 move knockoff\n>p1 switch 5\n>p2 move knockoff\n>p1 move gunkshot\n>p2 switch 5\n>p1 move earthquake\n>p2 move wildcharge\n>p1 switch 5\n>p1 move shadowball\n>p2 move wildcharge\n>chat \u2606Pf987|ate\n>p2 switch 6\n>chat \u2606A Man of Love|assult vest?\n>chat \u2606Pf987|nope\n>chat \u2606Pf987|hes just fat as fuck\n>chat \u2606A Man of Love|lol\n>chat \u2606A Man of Love|you are not wrong\n>p1 move shadowball terastallize\n>p2 move psyshock\n>chat \u2606Pf987|lol\n>chat \u2606Pf987|i went psy on the ground switchin predict\n>chat \u2606A Man of Love|i was desperate\n>chat \u2606A Man of Love|raichu wrecks my team\n>p1 switch 3\n>p1 move leechseed\n>p2 switch 3\n>p1 switch 6\n>p2 move airslash\n>p1 move flipturn\n>p2 switch 5\n>p1 switch 4\n>p1 move uturn\n>p2 move bravebird\n>p1 switch 4\n>p2 switch 3\n>p1 switch 6\n>p2 move thunderbolt\n>p1 move leechseed\n>p2 move thunderbolt\n>p1 move airslash\n>p2 switch 2\n>p1 move leechseed\n>p2 move calmmind\n>p1 move substitute\n>p2 move calmmind\n>p1 move airslash\n>p2 move calmmind\n>chat \u2606A Man of Love|comfey wrecks my team even more\n>chat \u2606Pf987|lmzo\n>p1 move airslash\n>p2 move drainingkiss\n>p1 move protect\n>p2 move calmmind\n>p1 move airslash\n>p2 move drainingkiss\n>chat \u2606A Man of Love|just suck the life out of the rest of my team\n>p1 move airslash\n>p2 move storedpower\n>chat \u2606Pf987|need\n>p1 switch 6\n>p1 move shadowball\n>p2 move storedpower\n>p1 switch 4\n>chat \u2606A Man of Love|gg\n>chat \u2606A Man of Love|well played\n>p1 move bravebird\n>p2 move drainingkiss", "uploadtime": 1732999880, "views": 1, "formatid": "gen9randombattle", "rating": null, "private": 0, "password": null}