{"id": "gen9randombattle-2254149263", "format": "[Gen 9] Random Battle", "players": ["ThePika1300", "Oh No! Charizard"], "log": "|badge|p2|bronze|gen9randombattle|100-3\n|uhtml|medal-msg|<div class=\"broadcast-blue\">Curious what those medals under the avatar are? PS now has Ladder Seasons! For more information, check out the <a href=\"https://www.smogon.com/forums/threads/3740067/\">thread on Smogon.</a></div>\n|j|\u2606ThePika1300\n|j|\u2606Oh No! Charizard\n|t:|1732997273\n|gametype|singles\n|player|p1|ThePika1300|caitlin|2237\n|player|p2|Oh No! Charizard|klara|2289\n|teamsize|p1|6\n|teamsize|p2|6\n|gen|9\n|tier|[Gen 9] Random Battle\n|rated|\n|rule|Species Clause: Limit one of each Pok\u00e9mon\n|rule|HP Percentage Mod: HP is shown in percentages\n|rule|Sleep Clause Mod: Limit one foe put to sleep\n|rule|Illusion Level Mod: Illusion disguises the Pok\u00e9mon's true level\n|\n|t:|1732997273\n|start\n|switch|p1a: Koraidon|Koraidon, L64|235/235\n|switch|p2a: Delphox|Delphox, L84, F|263/263\n|-weather|SunnyDay|[from] ability: Orichalcum Pulse|[of] p1a: Koraidon\n|-activate|p1a: Koraidon|Orichalcum Pulse|[source]\n|turn|1\n|inactive|Battle timer is ON: inactive players will automatically lose when time's up. (requested by Oh No! Charizard)\n|\n|t:|1732997285\n|switch|p1a: Krookodile|Krookodile, L80, M|283/283\n|-ability|p1a: Krookodile|Intimidate|boost\n|-unboost|p2a: Delphox|atk|1\n|move|p2a: Delphox|Nasty Plot|p2a: Delphox\n|-boost|p2a: Delphox|spa|2\n|\n|-weather|SunnyDay|[upkeep]\n|upkeep\n|turn|2\n|\n|t:|1732997293\n|move|p2a: Delphox|Grass Knot|p1a: Krookodile\n|-supereffective|p1a: Krookodile\n|-damage|p1a: Krookodile|0 fnt\n|faint|p1a: Krookodile\n|\n|-weather|SunnyDay|[upkeep]\n|upkeep\n|\n|t:|1732997303\n|switch|p1a: Luvdisc|Luvdisc, M|247/247\n|turn|3\n|j| frag121\n|\n|t:|1732997319\n|switch|p2a: Tropius|Tropius, L91, F|328/328\n|move|p1a: Luvdisc|Substitute|p1a: Luvdisc\n|-start|p1a: Luvdisc|Substitute\n|-damage|p1a: Luvdisc|186/247\n|\n|-weather|SunnyDay|[upkeep]\n|upkeep\n|turn|4\n|\n|t:|1732997323\n|switch|p1a: Delphox|Delphox, L84, F|263/263\n|move|p2a: Tropius|Substitute|p2a: Tropius\n|-start|p2a: Tropius|Substitute\n|-damage|p2a: Tropius|246/328\n|\n|-weather|SunnyDay|[upkeep]\n|upkeep\n|turn|5\n|\n|t:|1732997328\n|move|p1a: Delphox|Fire Blast|p2a: Tropius\n|-supereffective|p2a: Tropius\n|-end|p2a: Tropius|Substitute\n|move|p2a: Tropius|Leech Seed|p1a: Delphox\n|-start|p1a: Delphox|move: Leech Seed\n|\n|-weather|none\n|-damage|p1a: Delphox|231/263|[from] Leech Seed|[of] p2a: Tropius\n|-heal|p2a: Tropius|278/328|[silent]\n|upkeep\n|turn|6\n|\n|t:|1732997337\n|move|p1a: Delphox|Fire Blast|p2a: Tropius|[miss]\n|-miss|p1a: Delphox|p2a: Tropius\n|move|p2a: Tropius|Substitute|p2a: Tropius\n|-start|p2a: Tropius|Substitute\n|-damage|p2a: Tropius|196/328\n|\n|-damage|p1a: Delphox|199/263|[from] Leech Seed|[of] p2a: Tropius\n|-heal|p2a: Tropius|228/328|[silent]\n|upkeep\n|turn|7\n|\n|t:|1732997344\n|switch|p1a: Koraidon|Koraidon, L64|235/235\n|-weather|SunnyDay|[from] ability: Orichalcum Pulse|[of] p1a: Koraidon\n|-activate|p1a: Koraidon|Orichalcum Pulse|[source]\n|move|p2a: Tropius|Protect||[still]\n|-fail|p2a: Tropius\n|\n|-weather|SunnyDay|[upkeep]\n|upkeep\n|turn|8\n|\n|t:|1732997348\n|-terastallize|p1a: Koraidon|Fire\n|move|p1a: Koraidon|Swords Dance|p1a: Koraidon\n|-boost|p1a: Koraidon|atk|2\n|move|p2a: Tropius|Leech Seed|p1a: Koraidon\n|-start|p1a: Koraidon|move: Leech Seed\n|\n|-weather|SunnyDay|[upkeep]\n|-damage|p1a: Koraidon|206/235|[from] Leech Seed|[of] p2a: Tropius\n|-heal|p2a: Tropius|257/328|[silent]\n|upkeep\n|turn|9\n|\n|t:|1732997358\n|move|p2a: Tropius|Protect|p2a: Tropius\n|-singleturn|p2a: Tropius|Protect\n|move|p1a: Koraidon|Swords Dance|p1a: Koraidon\n|-boost|p1a: Koraidon|atk|2\n|\n|-weather|SunnyDay|[upkeep]\n|-damage|p1a: Koraidon|177/235|[from] Leech Seed|[of] p2a: Tropius\n|-heal|p2a: Tropius|286/328|[silent]\n|upkeep\n|turn|10\n|\n|t:|1732997361\n|move|p1a: Koraidon|Scale Shot|p2a: Tropius\n|-activate|p2a: Tropius|move: Substitute|[damage]\n|-end|p2a: Tropius|Substitute\n|-damage|p2a: Tropius|208/328\n|-damage|p2a: Tropius|126/328\n|-enditem|p2a: Tropius|Sitrus Berry|[eat]\n|-heal|p2a: Tropius|208/328|[from] item: Sitrus Berry\n|-hitcount|p2a: Tropius|4\n|-unboost|p1a: Koraidon|def|1\n|-boost|p1a: Koraidon|spe|1\n|move|p2a: Tropius|Substitute|p2a: Tropius\n|-start|p2a: Tropius|Substitute\n|-damage|p2a: Tropius|126/328\n|\n|-weather|SunnyDay|[upkeep]\n|-damage|p1a: Koraidon|148/235|[from] Leech Seed|[of] p2a: Tropius\n|-heal|p2a: Tropius|155/328|[silent]\n|-item|p2a: Tropius|Sitrus Berry|[from] ability: Harvest\n|upkeep\n|-enditem|p2a: Tropius|Sitrus Berry|[eat]\n|-heal|p2a: Tropius|237/328|[from] item: Sitrus Berry\n|turn|11\n|\n|t:|1732997369\n|move|p1a: Koraidon|Scale Shot|p2a: Tropius\n|-activate|p2a: Tropius|move: Substitute|[damage]\n|-end|p2a: Tropius|Substitute\n|-damage|p2a: Tropius|156/328\n|-damage|p2a: Tropius|83/328\n|-damage|p2a: Tropius|10/328\n|-hitcount|p2a: Tropius|5\n|-unboost|p1a: Koraidon|def|1\n|-boost|p1a: Koraidon|spe|1\n|move|p2a: Tropius|Air Slash|p1a: Koraidon\n|-damage|p1a: Koraidon|61/235\n|\n|-weather|none\n|-damage|p1a: Koraidon|32/235|[from] Leech Seed|[of] p2a: Tropius\n|-heal|p2a: Tropius|39/328|[silent]\n|upkeep\n|turn|12\n|\n|t:|1732997374\n|move|p2a: Tropius|Protect|p2a: Tropius\n|-singleturn|p2a: Tropius|Protect\n|move|p1a: Koraidon|Scale Shot|p2a: Tropius\n|-activate|p2a: Tropius|move: Protect\n|\n|-damage|p1a: Koraidon|3/235|[from] Leech Seed|[of] p2a: Tropius\n|-heal|p2a: Tropius|68/328|[silent]\n|-item|p2a: Tropius|Sitrus Berry|[from] ability: Harvest\n|upkeep\n|-enditem|p2a: Tropius|Sitrus Berry|[eat]\n|-heal|p2a: Tropius|150/328|[from] item: Sitrus Berry\n|turn|13\n|\n|t:|1732997382\n|switch|p2a: Delphox|Delphox, L84, F|263/263\n|move|p1a: Koraidon|Scale Shot|p2a: Delphox\n|-damage|p2a: Delphox|197/263\n|-damage|p2a: Delphox|122/263\n|-damage|p2a: Delphox|49/263\n|-damage|p2a: Delphox|0 fnt\n|faint|p2a: Delphox\n|-hitcount|p2: Delphox|4\n|-unboost|p1a: Koraidon|def|1\n|-boost|p1a: Koraidon|spe|1\n|\n|upkeep\n|\n|t:|1732997386\n|switch|p2a: Tropius|Tropius, L91, F|150/328\n|turn|14\n|\n|t:|1732997395\n|switch|p1a: Delphox|Delphox, L84, F|199/263\n|move|p2a: Tropius|Protect||[still]\n|-fail|p2a: Tropius\n|\n|upkeep\n|turn|15\n|\n|t:|1732997400\n|move|p2a: Tropius|Protect|p2a: Tropius\n|-singleturn|p2a: Tropius|Protect\n|move|p1a: Delphox|Fire Blast|p2a: Tropius\n|-activate|p2a: Tropius|move: Protect\n|\n|upkeep\n|turn|16\n|\n|t:|1732997405\n|switch|p2a: Toxapex|Toxapex, L82, F|216/216\n|move|p1a: Delphox|Fire Blast|p2a: Toxapex\n|-resisted|p2a: Toxapex\n|-damage|p2a: Toxapex|168/216\n|-status|p2a: Toxapex|brn\n|\n|-damage|p2a: Toxapex|155/216 brn|[from] brn\n|upkeep\n|turn|17\n|\n|t:|1732997411\n|switch|p1a: Espeon|Espeon, L84, F|246/246\n|move|p2a: Toxapex|Toxic Spikes|p1a: Espeon\n|move|p1a: Espeon|Toxic Spikes|p2a: Toxapex|[from]ability: Magic Bounce\n|-sidestart|p2: Oh No! Charizard|move: Toxic Spikes\n|\n|-damage|p2a: Toxapex|142/216 brn|[from] brn\n|upkeep\n|turn|18\n|\n|t:|1732997419\n|switch|p2a: Tropius|Tropius, L91, F|150/328\n|move|p1a: Espeon|Psyshock|p2a: Tropius\n|-damage|p2a: Tropius|16/328\n|-damage|p1a: Espeon|222/246|[from] item: Life Orb\n|\n|-item|p2a: Tropius|Sitrus Berry|[from] ability: Harvest\n|upkeep\n|-enditem|p2a: Tropius|Sitrus Berry|[eat]\n|-heal|p2a: Tropius|98/328|[from] item: Sitrus Berry\n|turn|19\n|\n|t:|1732997429\n|move|p1a: Espeon|Psyshock|p2a: Tropius\n|-damage|p2a: Tropius|0 fnt\n|faint|p2a: Tropius\n|-damage|p1a: Espeon|198/246|[from] item: Life Orb\n|\n|upkeep\n|\n|t:|1732997431\n|switch|p2a: Toxapex|Toxapex, L82, F|214/216 brn\n|-sideend|p2: Oh No! Charizard|move: Toxic Spikes|[of] p2a: Toxapex\n|turn|20\n|\n|t:|1732997441\n|move|p1a: Espeon|Psyshock|p2a: Toxapex\n|-supereffective|p2a: Toxapex\n|-damage|p2a: Toxapex|24/216 brn\n|-damage|p1a: Espeon|174/246|[from] item: Life Orb\n|move|p2a: Toxapex|Liquidation|p1a: Espeon\n|-damage|p1a: Espeon|134/246\n|\n|-damage|p2a: Toxapex|11/216 brn|[from] brn\n|upkeep\n|turn|21\n|\n|t:|1732997444\n|move|p1a: Espeon|Morning Sun|p1a: Espeon\n|-heal|p1a: Espeon|246/246\n|move|p2a: Toxapex|Liquidation|p1a: Espeon\n|-damage|p1a: Espeon|202/246\n|\n|-damage|p2a: Toxapex|0 fnt|[from] brn\n|faint|p2a: Toxapex\n|upkeep\n|\n|t:|1732997447\n|switch|p2a: Bellossom|Bellossom, L84, F|263/263\n|turn|22\n|\n|t:|1732997459\n|move|p1a: Espeon|Psyshock|p2a: Bellossom\n|-damage|p2a: Bellossom|129/263\n|-damage|p1a: Espeon|178/246|[from] item: Life Orb\n|move|p2a: Bellossom|Quiver Dance|p2a: Bellossom\n|-boost|p2a: Bellossom|spa|1\n|-boost|p2a: Bellossom|spd|1\n|-boost|p2a: Bellossom|spe|1\n|\n|-heal|p2a: Bellossom|145/263|[from] item: Leftovers\n|upkeep\n|turn|23\n|\n|t:|1732997463\n|move|p1a: Espeon|Psyshock|p2a: Bellossom\n|-damage|p2a: Bellossom|7/263\n|-damage|p1a: Espeon|154/246|[from] item: Life Orb\n|move|p2a: Bellossom|Giga Drain|p1a: Espeon\n|-damage|p1a: Espeon|54/246\n|-heal|p2a: Bellossom|57/263|[from] drain|[of] p1a: Espeon\n|\n|-heal|p2a: Bellossom|73/263|[from] item: Leftovers\n|upkeep\n|turn|24\n|\n|t:|1732997467\n|move|p1a: Espeon|Psyshock|p2a: Bellossom\n|-damage|p2a: Bellossom|0 fnt\n|faint|p2a: Bellossom\n|-damage|p1a: Espeon|30/246|[from] item: Life Orb\n|\n|upkeep\n|\n|t:|1732997472\n|switch|p2a: Koraidon|Koraidon, L64|235/235\n|-weather|SunnyDay|[from] ability: Orichalcum Pulse|[of] p2a: Koraidon\n|-activate|p2a: Koraidon|Orichalcum Pulse|[source]\n|turn|25\n|\n|t:|1732997488\n|-terastallize|p2a: Koraidon|Fire\n|move|p1a: Espeon|Psyshock|p2a: Koraidon\n|-damage|p2a: Koraidon|89/235\n|-damage|p1a: Espeon|6/246|[from] item: Life Orb\n|move|p2a: Koraidon|Scale Shot|p1a: Espeon\n|-damage|p1a: Espeon|0 fnt\n|faint|p1a: Espeon\n|-hitcount|p1: Espeon|1\n|-unboost|p2a: Koraidon|def|1\n|-boost|p2a: Koraidon|spe|1\n|\n|-weather|SunnyDay|[upkeep]\n|upkeep\n|\n|t:|1732997492\n|switch|p1a: Delphox|Delphox, L84, F|199/263\n|turn|26\n|\n|t:|1732997497\n|move|p1a: Delphox|Psyshock|p2a: Koraidon\n|-damage|p2a: Koraidon|0 fnt\n|faint|p2a: Koraidon\n|\n|-weather|SunnyDay|[upkeep]\n|upkeep\n|\n|t:|1732997500\n|switch|p2a: Rotom|Rotom-Frost, L87|229/229\n|turn|27\n|\n|t:|1732997504\n|move|p1a: Delphox|Psyshock|p2a: Rotom\n|-damage|p2a: Rotom|147/229\n|move|p2a: Rotom|Thunderbolt|p1a: Delphox\n|-damage|p1a: Delphox|100/263\n|\n|-weather|SunnyDay|[upkeep]\n|upkeep\n|turn|28\n|\n|t:|1732997509\n|move|p1a: Delphox|Psyshock|p2a: Rotom\n|-damage|p2a: Rotom|63/229\n|move|p2a: Rotom|Thunderbolt|p1a: Delphox\n|-damage|p1a: Delphox|0 fnt\n|faint|p1a: Delphox\n|\n|-weather|SunnyDay|[upkeep]\n|upkeep\n|j| Wolfey888\n|\n|t:|1732997512\n|switch|p1a: Koraidon|Koraidon, L64, tera:Fire|3/235\n|-activate|p1a: Koraidon|ability: Orichalcum Pulse\n|turn|29\n|\n|t:|1732997515\n|move|p1a: Koraidon|Flare Blitz|p2a: Rotom\n|-supereffective|p2a: Rotom\n|-crit|p2a: Rotom\n|-damage|p2a: Rotom|0 fnt\n|faint|p2a: Rotom\n|-damage|p1a: Koraidon|0 fnt|[from] Recoil\n|faint|p1a: Koraidon\n|\n|win|ThePika1300\n|raw|ThePika1300's rating: 2237 &rarr; <strong>2260</strong><br />(+23 for winning)\n|raw|Oh No! Charizard's rating: 2289 &rarr; <strong>2266</strong><br />(-23 for losing)\n|l|\u2606Oh No! Charizard\n|player|p2|\n", "inputlog": ">version b107d77f5c90bd6555267ae244a6264823309ead\n>start {\"formatid\":\"gen9randombattle\",\"seed\":[62902,39166,25349,53789],\"rated\":\"Rated battle\"}\n>player p1 {\"name\":\"ThePika1300\",\"avatar\":\"caitlin\",\"rating\":2237,\"seed\":[8246,27503,15024,49991]}\n>player p2 {\"name\":\"Oh No! Charizard\",\"avatar\":\"klara\",\"rating\":2289,\"seed\":[62279,8819,56517,14973]}\n>p1 switch 3\n>p2 move nastyplot\n>p1 move knockoff\n>p2 move grassknot\n>p1 switch 2\n>p1 move substitute\n>p2 switch 3\n>p1 switch 5\n>p2 move substitute\n>p1 move fireblast\n>p2 move leechseed\n>p1 move fireblast\n>p2 move substitute\n>p1 switch 3\n>p2 move protect\n>p1 move swordsdance terastallize\n>p2 move leechseed\n>p1 move swordsdance\n>p2 move protect\n>p1 move scaleshot\n>p2 move substitute\n>p1 move scaleshot\n>p2 move airslash\n>p1 move scaleshot\n>p2 move protect\n>p1 move scaleshot\n>p2 switch 3\n>p2 switch 3\n>p1 switch 3\n>p2 move protect\n>p1 move fireblast\n>p2 move protect\n>p1 move fireblast\n>p2 switch 6\n>p1 switch 6\n>p2 move toxicspikes\n>p1 move psyshock\n>p2 switch 6\n>p1 move psyshock\n>p2 move airslash\n>p2 switch 6\n>p1 move psyshock\n>p2 move liquidation\n>p1 move morningsun\n>p2 move liquidation\n>p2 switch 2\n>p1 move psyshock\n>p2 move quiverdance\n>p1 move psyshock\n>p2 move gigadrain\n>p1 move psyshock\n>p2 move gigadrain\n>p2 switch 4\n>p1 move psyshock\n>p2 move scaleshot terastallize\n>p1 switch 6\n>p1 move psyshock\n>p2 move scaleshot\n>p2 switch 5\n>p1 move psyshock\n>p2 move thunderbolt\n>p1 move psyshock\n>p2 move thunderbolt\n>p1 switch 3\n>p1 move flareblitz\n>p2 move thunderbolt", "uploadtime": 1732997520, "views": 5, "formatid": "gen9randombattle", "rating": 2260, "private": 0, "password": null}