{"id": "gen9randombattle-2253849767", "format": "[Gen 9] Random Battle", "players": ["Woodchucknorris24", "htheletter"], "log": "|j|\u2606Woodchucknorris24\n|j|\u2606htheletter\n|t:|1732948590\n|gametype|singles\n|player|p1|Woodchucknorris24|clown|\n|player|p2|htheletter|cynthia-gen4|\n|teamsize|p1|6\n|teamsize|p2|6\n|gen|9\n|tier|[Gen 9] Random Battle\n|rule|Species Clause: Limit one of each Pok\u00e9mon\n|rule|HP Percentage Mod: HP is shown in percentages\n|rule|Sleep Clause Mod: Limit one foe put to sleep\n|rule|Illusion Level Mod: Illusion disguises the Pok\u00e9mon's true level\n|\n|t:|1732948590\n|start\n|switch|p1a: Whimsicott|Whimsicott, L85, M|241/241\n|switch|p2a: Blastoise|Blastoise, L80, F|258/258\n|turn|1\n|inactive|Battle timer is ON: inactive players will automatically lose when time's up. (requested by Woodchucknorris24)\n|\n|t:|1732948604\n|switch|p2a: Muk|Muk, L86, F|321/321\n|move|p1a: Whimsicott|Leech Seed|p2a: Muk\n|-start|p2a: Muk|move: Leech Seed\n|\n|-damage|p2a: Muk|281/321|[from] Leech Seed|[of] p1a: Whimsicott\n|upkeep\n|turn|2\n|\n|t:|1732948618\n|move|p1a: Whimsicott|Substitute|p1a: Whimsicott\n|-start|p1a: Whimsicott|Substitute\n|-damage|p1a: Whimsicott|181/241\n|move|p2a: Muk|Poison Jab|p1a: Whimsicott\n|-supereffective|p1a: Whimsicott\n|-crit|p1a: Whimsicott\n|-end|p1a: Whimsicott|Substitute\n|\n|-heal|p1a: Whimsicott|196/241|[from] item: Leftovers\n|-damage|p2a: Muk|241/321|[from] Leech Seed|[of] p1a: Whimsicott\n|-heal|p1a: Whimsicott|236/241|[silent]\n|upkeep\n|turn|3\n|\n|t:|1732948645\n|switch|p2a: Hatterene|Hatterene, L85, F|236/236\n|move|p1a: Whimsicott|Substitute|p1a: Whimsicott\n|-start|p1a: Whimsicott|Substitute\n|-damage|p1a: Whimsicott|176/241\n|\n|-heal|p1a: Whimsicott|191/241|[from] item: Leftovers\n|upkeep\n|turn|4\n|\n|t:|1732948656\n|move|p1a: Whimsicott|Moonblast|p2a: Hatterene\n|-damage|p2a: Hatterene|179/236\n|move|p2a: Hatterene|Psychic|p1a: Whimsicott\n|-end|p1a: Whimsicott|Substitute\n|\n|-heal|p1a: Whimsicott|206/241|[from] item: Leftovers\n|upkeep\n|turn|5\n|\n|t:|1732948675\n|switch|p1a: Iron Crown|Iron Crown, L79|272/272\n|move|p2a: Hatterene|Mystical Fire|p1a: Iron Crown\n|-supereffective|p1a: Iron Crown\n|-damage|p1a: Iron Crown|140/272\n|-unboost|p1a: Iron Crown|spa|1\n|\n|-heal|p1a: Iron Crown|157/272|[from] item: Leftovers\n|upkeep\n|turn|6\n|\n|t:|1732948690\n|move|p1a: Iron Crown|Tachyon Cutter|p2a: Hatterene\n|-supereffective|p2a: Hatterene\n|-damage|p2a: Hatterene|131/236\n|-supereffective|p2a: Hatterene\n|-damage|p2a: Hatterene|87/236\n|-hitcount|p2a: Hatterene|2\n|move|p2a: Hatterene|Nuzzle|p1a: Iron Crown\n|-damage|p1a: Iron Crown|144/272\n|-status|p1a: Iron Crown|par\n|\n|-heal|p1a: Iron Crown|161/272 par|[from] item: Leftovers\n|upkeep\n|turn|7\n|\n|t:|1732948701\n|-end|p1a: Iron Crown|Quark Drive|[silent]\n|switch|p1a: Roaring Moon|Roaring Moon, L72|270/270\n|move|p2a: Hatterene|Mystical Fire|p1a: Roaring Moon\n|-resisted|p1a: Roaring Moon\n|-damage|p1a: Roaring Moon|234/270\n|-unboost|p1a: Roaring Moon|spa|1\n|\n|upkeep\n|turn|8\n|\n|t:|1732948715\n|move|p1a: Roaring Moon|Knock Off|p2a: Hatterene\n|-damage|p2a: Hatterene|0 fnt\n|-enditem|p2a: Hatterene|Assault Vest|[from] move: Knock Off|[of] p1a: Roaring Moon\n|faint|p2a: Hatterene\n|\n|upkeep\n|inactive|htheletter has 270 seconds left.\n|\n|t:|1732948745\n|switch|p2a: Milotic|Milotic, L83, F|293/293\n|turn|9\n|\n|t:|1732948751\n|move|p1a: Roaring Moon|Knock Off|p2a: Milotic\n|-damage|p2a: Milotic|125/293\n|-enditem|p2a: Milotic|Leftovers|[from] move: Knock Off|[of] p1a: Roaring Moon\n|move|p2a: Milotic|Ice Beam|p1a: Roaring Moon\n|-supereffective|p1a: Roaring Moon\n|-crit|p1a: Roaring Moon\n|-damage|p1a: Roaring Moon|22/270\n|\n|upkeep\n|turn|10\n|inactive|Woodchucknorris24 has 270 seconds left.\n|\n|t:|1732948795\n|-end|p1a: Roaring Moon|Protosynthesis|[silent]\n|switch|p1a: Iron Crown|Iron Crown, L79|161/272 par\n|move|p2a: Milotic|Ice Beam|p1a: Iron Crown\n|-resisted|p1a: Iron Crown\n|-damage|p1a: Iron Crown|130/272 par\n|\n|-heal|p1a: Iron Crown|147/272 par|[from] item: Leftovers\n|upkeep\n|turn|11\n|inactive|htheletter has 270 seconds left.\n|\n|t:|1732948830\n|move|p2a: Milotic|Recover|p2a: Milotic\n|-heal|p2a: Milotic|272/293\n|move|p1a: Iron Crown|Calm Mind|p1a: Iron Crown\n|-boost|p1a: Iron Crown|spa|1\n|-boost|p1a: Iron Crown|spd|1\n|\n|-heal|p1a: Iron Crown|164/272 par|[from] item: Leftovers\n|upkeep\n|turn|12\n|\n|t:|1732948846\n|switch|p2a: Blastoise|Blastoise, L80, F|258/258\n|cant|p1a: Iron Crown|par\n|\n|-heal|p1a: Iron Crown|181/272 par|[from] item: Leftovers\n|upkeep\n|turn|13\n|\n|t:|1732948858\n|move|p2a: Blastoise|Hydro Pump|p1a: Iron Crown\n|-damage|p1a: Iron Crown|117/272 par\n|move|p1a: Iron Crown|Psyshock|p2a: Blastoise\n|-damage|p2a: Blastoise|131/258\n|\n|-heal|p1a: Iron Crown|134/272 par|[from] item: Leftovers\n|upkeep\n|turn|14\n|\n|t:|1732948865\n|move|p2a: Blastoise|Hydro Pump|p1a: Iron Crown\n|-damage|p1a: Iron Crown|70/272 par\n|move|p1a: Iron Crown|Calm Mind|p1a: Iron Crown\n|-boost|p1a: Iron Crown|spa|1\n|-boost|p1a: Iron Crown|spd|1\n|\n|-heal|p1a: Iron Crown|87/272 par|[from] item: Leftovers\n|upkeep\n|turn|15\n|\n|t:|1732948872\n|move|p2a: Blastoise|Hydro Pump|p1a: Iron Crown\n|-damage|p1a: Iron Crown|44/272 par\n|move|p1a: Iron Crown|Psyshock|p2a: Blastoise\n|-damage|p2a: Blastoise|0 fnt\n|faint|p2a: Blastoise\n|\n|-heal|p1a: Iron Crown|61/272 par|[from] item: Leftovers\n|upkeep\n|\n|t:|1732948883\n|switch|p2a: Milotic|Milotic, L83, F|272/293\n|turn|16\n|\n|t:|1732948888\n|move|p2a: Milotic|Scald|p1a: Iron Crown\n|-damage|p1a: Iron Crown|21/272 par\n|move|p1a: Iron Crown|Psyshock|p2a: Milotic\n|-damage|p2a: Milotic|83/293\n|\n|-heal|p1a: Iron Crown|38/272 par|[from] item: Leftovers\n|upkeep\n|turn|17\n|\n|t:|1732948895\n|move|p2a: Milotic|Scald|p1a: Iron Crown\n|-damage|p1a: Iron Crown|1/272 par\n|move|p1a: Iron Crown|Psyshock|p2a: Milotic\n|-damage|p2a: Milotic|0 fnt\n|faint|p2a: Milotic\n|\n|-heal|p1a: Iron Crown|18/272 par|[from] item: Leftovers\n|upkeep\n|inactive|htheletter has 240 seconds left.\n|\n|t:|1732948931\n|switch|p2a: Muk|Muk, L86, F|241/321\n|turn|18\n|\n|t:|1732948934\n|move|p2a: Muk|Knock Off|p1a: Iron Crown\n|-supereffective|p1a: Iron Crown\n|-damage|p1a: Iron Crown|0 fnt\n|-enditem|p1a: Iron Crown|Leftovers|[from] move: Knock Off|[of] p2a: Muk\n|faint|p1a: Iron Crown\n|-end|p1a: Iron Crown|Quark Drive|[silent]\n|\n|upkeep\n|inactive|Woodchucknorris24 has 270 seconds left.\n|\n|t:|1732948970\n|switch|p1a: Great Tusk|Great Tusk, L77|304/304\n|turn|19\n|\n|t:|1732948976\n|move|p1a: Great Tusk|Stealth Rock|p2a: Muk\n|-sidestart|p2: htheletter|move: Stealth Rock\n|move|p2a: Muk|Ice Punch|p1a: Great Tusk\n|-supereffective|p1a: Great Tusk\n|-damage|p1a: Great Tusk|216/304\n|\n|-heal|p1a: Great Tusk|235/304|[from] item: Leftovers\n|upkeep\n|turn|20\n|\n|t:|1732948997\n|switch|p2a: Brambleghast|Brambleghast, L88, F|240/240\n|move|p1a: Great Tusk|Headlong Rush|p2a: Brambleghast\n|-resisted|p2a: Brambleghast\n|-damage|p2a: Brambleghast|159/240\n|-unboost|p1a: Great Tusk|def|1\n|-unboost|p1a: Great Tusk|spd|1\n|\n|-heal|p1a: Great Tusk|254/304|[from] item: Leftovers\n|upkeep\n|turn|21\n|\n|t:|1732949014\n|-end|p1a: Great Tusk|Protosynthesis|[silent]\n|switch|p1a: Fezandipiti|Fezandipiti, L82, M|278/278\n|move|p2a: Brambleghast|Power Whip|p1a: Fezandipiti\n|-resisted|p1a: Fezandipiti\n|-damage|p1a: Fezandipiti|191/278\n|\n|-heal|p1a: Fezandipiti|208/278|[from] item: Leftovers\n|upkeep\n|turn|22\n|inactive|htheletter has 240 seconds left.\n|\n|t:|1732949057\n|switch|p2a: Muk|Muk, L86, F|241/321\n|-damage|p2a: Muk|201/321|[from] Stealth Rock\n|move|p1a: Fezandipiti|Gunk Shot|p2a: Muk\n|-resisted|p2a: Muk\n|-damage|p2a: Muk|134/321\n|\n|-heal|p1a: Fezandipiti|225/278|[from] item: Leftovers\n|upkeep\n|turn|23\n|inactive|htheletter has 210 seconds left.\n|\n|t:|1732949073\n|move|p1a: Fezandipiti|Swords Dance|p1a: Fezandipiti\n|-boost|p1a: Fezandipiti|atk|2\n|move|p2a: Muk|Poison Jab|p1a: Fezandipiti\n|-damage|p1a: Fezandipiti|125/278\n|\n|-heal|p1a: Fezandipiti|142/278|[from] item: Leftovers\n|upkeep\n|turn|24\n|inactive|htheletter has 210 seconds left.\n|\n|t:|1732949087\n|-terastallize|p1a: Fezandipiti|Ground\n|move|p1a: Fezandipiti|Tera Blast|p2a: Muk|[anim] Tera Blast Ground\n|-supereffective|p2a: Muk\n|-damage|p2a: Muk|0 fnt\n|faint|p2a: Muk\n|\n|-heal|p1a: Fezandipiti|159/278|[from] item: Leftovers\n|upkeep\n|inactive|htheletter has 210 seconds left.\n|\n|t:|1732949100\n|switch|p2a: Brambleghast|Brambleghast, L88, F|159/240\n|turn|25\n|inactive|htheletter has 210 seconds left.\n|\n|t:|1732949113\n|move|p1a: Fezandipiti|Gunk Shot|p2a: Brambleghast\n|-damage|p2a: Brambleghast|0 fnt\n|faint|p2a: Brambleghast\n|\n|-heal|p1a: Fezandipiti|176/278|[from] item: Leftovers\n|upkeep\n|\n|t:|1732949122\n|switch|p2a: Kingambit|Kingambit, L74, F|270/270\n|-damage|p2a: Kingambit|254/270|[from] Stealth Rock\n|-activate|p2a: Kingambit|ability: Supreme Overlord\n|-start|p2a: Kingambit|fallen5|[silent]\n|turn|26\n|inactive|htheletter has 210 seconds left.\n|\n|t:|1732949138\n|move|p1a: Fezandipiti|Tera Blast|p2a: Kingambit|[anim] Tera Blast Ground\n|-supereffective|p2a: Kingambit\n|-damage|p2a: Kingambit|0 fnt\n|faint|p2a: Kingambit\n|-end|p2a: Kingambit|fallen5|[silent]\n|\n|win|Woodchucknorris24\n|l|\u2606Woodchucknorris24\n|player|p1|\n", "inputlog": ">version b107d77f5c90bd6555267ae244a6264823309ead\n>start {\"formatid\":\"gen9randombattle\",\"seed\":[14662,23283,55250,53411]}\n>player p1 {\"name\":\"Woodchucknorris24\",\"avatar\":\"clown\",\"rating\":0,\"seed\":[20321,58261,20251,55906]}\n>player p2 {\"name\":\"htheletter\",\"avatar\":\"cynthia-gen4\",\"rating\":0,\"seed\":[53592,26109,19028,24013]}\n>p1 move leechseed\n>p2 switch 3\n>p1 move substitute\n>p2 move poisonjab\n>p1 move substitute\n>p2 switch 6\n>p1 move moonblast\n>p2 move psychic\n>p1 switch 4\n>p2 move mysticalfire\n>p1 move tachyoncutter\n>p2 move nuzzle\n>p1 switch 6\n>p2 move mysticalfire\n>p1 move knockoff\n>p2 move drainingkiss\n>p2 switch 2\n>p1 move knockoff\n>p2 move icebeam\n>p1 switch 6\n>p2 move icebeam\n>p1 move calmmind\n>p2 move recover\n>p1 move psyshock\n>p2 switch 3\n>p1 move psyshock\n>p2 move hydropump\n>p1 move calmmind\n>p2 move hydropump\n>p1 move psyshock\n>p2 move hydropump\n>p2 switch 3\n>p1 move psyshock\n>p2 move scald\n>p1 move psyshock\n>p2 move scald\n>p2 switch 6\n>p1 move psyshock\n>p2 move knockoff\n>p1 switch 5\n>p1 move stealthrock\n>p2 move icepunch\n>p1 move headlongrush\n>p2 switch 5\n>p1 switch 3\n>p2 move powerwhip\n>p1 move gunkshot\n>p2 switch 5\n>p1 move swordsdance\n>p2 move poisonjab\n>p1 move terablast terastallize\n>p2 move poisonjab\n>p2 switch 5\n>p1 move gunkshot\n>p2 move poltergeist\n>p2 switch 4\n>p1 move terablast\n>p2 move kowtowcleave", "uploadtime": 1732949171, "views": 2, "formatid": "gen9randombattle", "rating": null, "private": 0, "password": null}