{"id": "gen9randombattle-2254110594", "format": "[Gen 9] Random Battle", "players": ["epsilon101", "mehdiburger123"], "log": "|j|\u2606epsilon101\n|j|\u2606mehdiburger123\n|t:|1732992514\n|gametype|singles\n|player|p1|epsilon101|psychic|1533\n|player|p2|mehdiburger123|2|1492\n|teamsize|p1|6\n|teamsize|p2|6\n|gen|9\n|tier|[Gen 9] Random Battle\n|rated|\n|rule|Species Clause: Limit one of each Pok\u00e9mon\n|rule|HP Percentage Mod: HP is shown in percentages\n|rule|Sleep Clause Mod: Limit one foe put to sleep\n|rule|Illusion Level Mod: Illusion disguises the Pok\u00e9mon's true level\n|\n|t:|1732992514\n|start\n|switch|p1a: Ting-Lu|Ting-Lu, L78|370/370\n|switch|p2a: Blaziken|Blaziken, L76, F|247/247\n|-ability|p1a: Ting-Lu|Vessel of Ruin\n|turn|1\n|c|\u2606epsilon101|gl hf friend\n|inactive|Battle timer is ON: inactive players will automatically lose when time's up. (requested by epsilon101)\n|inactive|epsilon101 has 120 seconds left.\n|inactive|mehdiburger123 has 120 seconds left.\n|c|\u2606mehdiburger123|ur a king\n|\n|t:|1732992566\n|switch|p1a: Gardevoir|Gardevoir, L83, M|249/249\n|-ability|p1a: Gardevoir|Speed Boost|[from] ability: Trace|[of] p2a: Blaziken\n|move|p2a: Blaziken|Swords Dance|p2a: Blaziken\n|-boost|p2a: Blaziken|atk|2\n|\n|-ability|p2a: Blaziken|Speed Boost|boost\n|-boost|p2a: Blaziken|spe|1\n|upkeep\n|turn|2\n|c|\u2606epsilon101|no u\n|\n|t:|1732992576\n|move|p1a: Gardevoir|Psychic|p2a: Blaziken\n|-supereffective|p2a: Blaziken\n|-damage|p2a: Blaziken|0 fnt\n|faint|p2a: Blaziken\n|\n|-ability|p1a: Gardevoir|Speed Boost|boost\n|-boost|p1a: Gardevoir|spe|1\n|upkeep\n|c|\u2606mehdiburger123|WHAGT\n|c|\u2606mehdiburger123|scarf fr\n|c|\u2606epsilon101|yeaaaaaa u like that\n|c|\u2606mehdiburger123|oh i love it\n|c|\u2606epsilon101|lil nice mind games goin on\n|c|\u2606epsilon101|yea shes scarfed\n|c|\u2606epsilon101|took the speed boost and now we ride\n|\n|t:|1732992604\n|switch|p2a: Furret|Furret, L94, F|312/312\n|-item|p1a: Gardevoir|Choice Scarf|[from] ability: Frisk|[of] p2a: Furret\n|turn|3\n|c|\u2606mehdiburger123|oh god\n|\n|t:|1732992614\n|move|p1a: Gardevoir|Psychic|p2a: Furret\n|-damage|p2a: Furret|173/312\n|move|p2a: Furret|Double-Edge|p1a: Gardevoir\n|-damage|p1a: Gardevoir|45/249\n|-damage|p2a: Furret|106/312|[from] Recoil\n|-damage|p2a: Furret|75/312|[from] item: Life Orb\n|\n|-ability|p1a: Gardevoir|Speed Boost|boost\n|-boost|p1a: Gardevoir|spe|1\n|upkeep\n|turn|4\n|c|\u2606mehdiburger123|actually foul\n|\n|t:|1732992628\n|switch|p1a: Diancie|Diancie, L82|216/216\n|move|p2a: Furret|Knock Off|p1a: Diancie\n|-resisted|p1a: Diancie\n|-damage|p1a: Diancie|185/216\n|-enditem|p1a: Diancie|Assault Vest|[from] move: Knock Off|[of] p2a: Furret\n|-damage|p2a: Furret|44/312|[from] item: Life Orb\n|\n|upkeep\n|turn|5\n|c|\u2606epsilon101|lemme guess\n|c|\u2606epsilon101|quick attack?\n|c|\u2606epsilon101|oh shit no\n|\n|t:|1732992640\n|move|p2a: Furret|Knock Off|p1a: Diancie\n|-resisted|p1a: Diancie\n|-crit|p1a: Diancie\n|-damage|p1a: Diancie|154/216\n|-damage|p2a: Furret|13/312|[from] item: Life Orb\n|move|p1a: Diancie|Diamond Storm|p2a: Furret\n|-damage|p2a: Furret|0 fnt\n|faint|p2a: Furret\n|\n|upkeep\n|\n|t:|1732992655\n|switch|p2a: Spectrier|Spectrier, L75|274/274\n|turn|6\n|\n|t:|1732992668\n|-terastallize|p2a: Spectrier|Fighting\n|move|p2a: Spectrier|Nasty Plot|p2a: Spectrier\n|-boost|p2a: Spectrier|spa|2\n|move|p1a: Diancie|Diamond Storm|p2a: Spectrier\n|-resisted|p2a: Spectrier\n|-damage|p2a: Spectrier|202/274\n|\n|upkeep\n|turn|7\n|\n|t:|1732992673\n|move|p2a: Spectrier|Shadow Ball|p1a: Diancie\n|-damage|p1a: Diancie|1/216\n|-damage|p2a: Spectrier|175/274|[from] item: Life Orb\n|move|p1a: Diancie|Moonblast|p2a: Spectrier\n|-supereffective|p2a: Spectrier\n|-damage|p2a: Spectrier|0 fnt\n|faint|p2a: Spectrier\n|\n|upkeep\n|c|\u2606mehdiburger123|BRUH\n|c|\u2606epsilon101|1HP HERO\n|c|\u2606epsilon101|OH MY HOF\n|\n|t:|1732992680\n|switch|p2a: Delibird|Delibird, F|252/252\n|turn|8\n|c|\u2606epsilon101|OH MY GOOOOOOOOOD\n|c|\u2606epsilon101|I should sack her\n|n|!mehdiburger123|mehdiburger123\n|c|\u2606epsilon101|she deserves life\n|\n|t:|1732992698\n|switch|p1a: Toxtricity|Toxtricity, L82, F|257/257\n|move|p2a: Delibird|Ice Shard|p1a: Toxtricity|[miss]\n|-miss|p2a: Delibird|p1a: Toxtricity\n|\n|upkeep\n|turn|9\n|\n|t:|1732992718\n|move|p2a: Delibird|Drill Run|p1a: Toxtricity\n|-supereffective|p1a: Toxtricity\n|-damage|p1a: Toxtricity|0 fnt\n|faint|p1a: Toxtricity\n|\n|upkeep\n|c|\u2606epsilon101|owie\n|\n|t:|1732992725\n|switch|p1a: Scovillain|Scovillain, L91, F|266/266\n|turn|10\n|\n|t:|1732992742\n|move|p1a: Scovillain|Protect|p1a: Scovillain\n|-singleturn|p1a: Scovillain|Protect\n|move|p2a: Delibird|Brave Bird|p1a: Scovillain\n|-activate|p1a: Scovillain|move: Protect\n|\n|upkeep\n|turn|11\n|\n|t:|1732992759\n|-terastallize|p1a: Scovillain|Steel\n|move|p2a: Delibird|Brave Bird|p1a: Scovillain\n|-resisted|p1a: Scovillain\n|-damage|p1a: Scovillain|171/266\n|-damage|p2a: Delibird|221/252|[from] Recoil\n|move|p1a: Scovillain|Substitute|p1a: Scovillain\n|-start|p1a: Scovillain|Substitute\n|-damage|p1a: Scovillain|105/266\n|\n|-heal|p1a: Scovillain|121/266|[from] item: Leftovers\n|upkeep\n|turn|12\n|\n|t:|1732992767\n|move|p1a: Scovillain|Protect|p1a: Scovillain\n|-singleturn|p1a: Scovillain|Protect\n|move|p2a: Delibird|Drill Run|p1a: Scovillain\n|-activate|p1a: Scovillain|move: Protect\n|\n|-heal|p1a: Scovillain|137/266|[from] item: Leftovers\n|upkeep\n|turn|13\n|\n|t:|1732992775\n|move|p2a: Delibird|Drill Run|p1a: Scovillain\n|-supereffective|p1a: Scovillain\n|-end|p1a: Scovillain|Substitute\n|move|p1a: Scovillain|Leech Seed|p2a: Delibird\n|-start|p2a: Delibird|move: Leech Seed\n|\n|-heal|p1a: Scovillain|153/266|[from] item: Leftovers\n|-damage|p2a: Delibird|190/252|[from] Leech Seed|[of] p1a: Scovillain\n|-heal|p1a: Scovillain|184/266|[silent]\n|upkeep\n|turn|14\n|\n|t:|1732992780\n|move|p1a: Scovillain|Protect|p1a: Scovillain\n|-singleturn|p1a: Scovillain|Protect\n|move|p2a: Delibird|Drill Run|p1a: Scovillain\n|-activate|p1a: Scovillain|move: Protect\n|\n|-heal|p1a: Scovillain|200/266|[from] item: Leftovers\n|-damage|p2a: Delibird|159/252|[from] Leech Seed|[of] p1a: Scovillain\n|-heal|p1a: Scovillain|231/266|[silent]\n|upkeep\n|turn|15\n|\n|t:|1732992795\n|move|p2a: Delibird|Drill Run|p1a: Scovillain\n|-supereffective|p1a: Scovillain\n|-damage|p1a: Scovillain|37/266\n|move|p1a: Scovillain|Flamethrower|p2a: Delibird\n|-supereffective|p2a: Delibird\n|-damage|p2a: Delibird|0 fnt\n|faint|p2a: Delibird\n|\n|-heal|p1a: Scovillain|53/266|[from] item: Leftovers\n|upkeep\n|\n|t:|1732992803\n|switch|p2a: Arcanine|Arcanine-Hisui, L81, F|287/287\n|turn|16\n|\n|t:|1732992807\n|move|p1a: Scovillain|Protect|p1a: Scovillain\n|-singleturn|p1a: Scovillain|Protect\n|move|p2a: Arcanine|Flare Blitz|p1a: Scovillain\n|-activate|p1a: Scovillain|move: Protect\n|\n|-heal|p1a: Scovillain|69/266|[from] item: Leftovers\n|upkeep\n|turn|17\n|\n|t:|1732992817\n|switch|p1a: Wugtrio|Wugtrio, L91, F|212/212\n|move|p2a: Arcanine|Flare Blitz|p1a: Wugtrio\n|-resisted|p1a: Wugtrio\n|-damage|p1a: Wugtrio|119/212\n|-ability|p1a: Wugtrio|Gooey\n|-unboost|p2a: Arcanine|spe|1\n|\n|upkeep\n|turn|18\n|\n|t:|1732992825\n|move|p2a: Arcanine|Extreme Speed|p1a: Wugtrio\n|-damage|p1a: Wugtrio|41/212\n|-ability|p1a: Wugtrio|Gooey\n|-unboost|p2a: Arcanine|spe|1\n|move|p1a: Wugtrio|Liquidation|p2a: Arcanine\n|-supereffective|p2a: Arcanine\n|-damage|p2a: Arcanine|0 fnt\n|faint|p2a: Arcanine\n|\n|upkeep\n|-message|mehdiburger123 forfeited.\n|\n|win|epsilon101\n", "inputlog": ">version b107d77f5c90bd6555267ae244a6264823309ead\n>start {\"formatid\":\"gen9randombattle\",\"seed\":[5534,16835,9406,47924],\"rated\":\"Rated battle\"}\n>player p1 {\"name\":\"epsilon101\",\"avatar\":\"psychic\",\"rating\":1533,\"seed\":[59804,38556,17714,19739]}\n>player p2 {\"name\":\"mehdiburger123\",\"avatar\":\"2\",\"rating\":1492,\"seed\":[4710,50955,14925,17460]}\n>chat \u2606epsilon101|gl hf friend\n>chat \u2606mehdiburger123|ur a king \n>p1 switch 5\n>p2 move swordsdance\n>chat \u2606epsilon101|no u\n>p1 move psychic\n>p2 move flareblitz\n>chat \u2606mehdiburger123|WHAGT\n>chat \u2606mehdiburger123|scarf fr\n>chat \u2606epsilon101|yeaaaaaa u like that\n>chat \u2606mehdiburger123|oh i love it \n>chat \u2606epsilon101|lil nice mind games goin on\n>chat \u2606epsilon101|yea shes scarfed\n>chat \u2606epsilon101|took the speed boost and now we ride\n>p2 switch 6\n>chat \u2606mehdiburger123|oh god\n>p1 move psychic\n>p2 move doubleedge\n>chat \u2606mehdiburger123|actually foul\n>p1 switch 3\n>p2 move knockoff\n>chat \u2606epsilon101|lemme guess\n>chat \u2606epsilon101|quick attack?\n>chat \u2606epsilon101|oh shit no\n>p1 move diamondstorm\n>p2 move knockoff\n>p2 switch 2\n>p1 move diamondstorm\n>p2 move nastyplot terastallize\n>p1 move moonblast\n>p2 move shadowball\n>chat \u2606mehdiburger123|BRUH\n>chat \u2606epsilon101|1HP HERO\n>chat \u2606epsilon101|OH MY HOF\n>p2 switch 3\n>chat \u2606epsilon101|OH MY GOOOOOOOOOD\n>chat \u2606epsilon101|I should sack her\n>chat \u2606mehdiburger123|fuck u and ur rock\n>chat \u2606epsilon101|she deserves life\n>p1 switch 4\n>p2 move iceshard\n>p1 move shiftgear\n>p2 move drillrun\n>chat \u2606epsilon101|owie\n>p1 switch 2\n>p1 move protect\n>p2 move bravebird\n>p1 move substitute terastallize\n>p2 move bravebird\n>p1 move protect\n>p2 move drillrun\n>p1 move leechseed\n>p2 move drillrun\n>p1 move protect\n>p2 move drillrun\n>p1 move flamethrower\n>p2 move drillrun\n>p2 switch 5\n>p1 move protect\n>p2 move flareblitz\n>p1 switch 6\n>p2 move flareblitz\n>p1 move liquidation\n>p2 move extremespeed\n>forcelose p2", "uploadtime": 1732992687, "views": 1, "formatid": "gen9randombattle", "rating": null, "private": 0, "password": null}