{"id": "gen9randombattle-2254064503", "format": "[Gen 9] Random Battle", "players": ["Sealed Book", "SuperEnzinho"], "log": "|j|\u2606Sealed Book\n|j|\u2606SuperEnzinho\n|t:|1732986793\n|gametype|singles\n|player|p1|Sealed Book|lisia|1336\n|player|p2|SuperEnzinho|hilda-wonderlauncher|1300\n|teamsize|p1|6\n|teamsize|p2|6\n|gen|9\n|tier|[Gen 9] Random Battle\n|rated|\n|rule|Species Clause: Limit one of each Pok\u00e9mon\n|rule|HP Percentage Mod: HP is shown in percentages\n|rule|Sleep Clause Mod: Limit one foe put to sleep\n|rule|Illusion Level Mod: Illusion disguises the Pok\u00e9mon's true level\n|\n|t:|1732986793\n|start\n|switch|p1a: Cinderace|Cinderace, L77, M|249/249\n|switch|p2a: Conkeldurr|Conkeldurr, L80, M|299/299\n|turn|1\n|\n|t:|1732986810\n|switch|p2a: Walking Wake|Walking Wake, L79|286/286\n|move|p1a: Cinderace|Pyro Ball|p2a: Walking Wake\n|-resisted|p2a: Walking Wake\n|-damage|p2a: Walking Wake|254/286\n|-status|p2a: Walking Wake|brn\n|\n|-damage|p2a: Walking Wake|237/286 brn|[from] brn\n|upkeep\n|turn|2\n|inactive|Battle timer is ON: inactive players will automatically lose when time's up. (requested by Sealed Book)\n|\n|t:|1732986828\n|move|p1a: Cinderace|U-turn|p2a: Walking Wake\n|-start|p1a: Cinderace|typechange|Bug|[from] ability: Libero\n|-damage|p2a: Walking Wake|168/286 brn\n|\n|t:|1732986833\n|switch|p1a: Cryogonal|Cryogonal, L89|287/287|[from] U-turn\n|move|p2a: Walking Wake|Hydro Steam|p1a: Cryogonal\n|-damage|p1a: Cryogonal|208/287\n|-damage|p2a: Walking Wake|140/286 brn|[from] item: Life Orb\n|\n|-damage|p2a: Walking Wake|123/286 brn|[from] brn\n|upkeep\n|turn|3\n|\n|t:|1732986840\n|move|p1a: Cryogonal|Freeze-Dry|p2a: Walking Wake\n|-supereffective|p2a: Walking Wake\n|-damage|p2a: Walking Wake|0 fnt\n|faint|p2a: Walking Wake\n|-end|p2a: Walking Wake|Protosynthesis|[silent]\n|\n|upkeep\n|\n|t:|1732986843\n|switch|p2a: Conkeldurr|Conkeldurr, L80, M|299/299\n|turn|4\n|inactive|Sealed Book has 120 seconds left.\n|\n|t:|1732986891\n|move|p1a: Cryogonal|Freeze-Dry|p2a: Conkeldurr\n|-damage|p2a: Conkeldurr|194/299\n|move|p2a: Conkeldurr|Knock Off|p1a: Cryogonal\n|-damage|p1a: Cryogonal|98/287\n|-enditem|p1a: Cryogonal|Heavy-Duty Boots|[from] move: Knock Off|[of] p2a: Conkeldurr\n|\n|-status|p2a: Conkeldurr|brn|[from] item: Flame Orb\n|upkeep\n|turn|5\n|\n|t:|1732986897\n|move|p2a: Conkeldurr|Mach Punch|p1a: Cryogonal\n|-supereffective|p1a: Cryogonal\n|-damage|p1a: Cryogonal|0 fnt\n|faint|p1a: Cryogonal\n|\n|-damage|p2a: Conkeldurr|176/299 brn|[from] brn\n|upkeep\n|\n|t:|1732986926\n|switch|p1a: Deoxys|Deoxys, L74|196/196\n|-ability|p1a: Deoxys|Pressure\n|turn|6\n|\n|t:|1732986933\n|-terastallize|p2a: Conkeldurr|Normal\n|move|p1a: Deoxys|Psycho Boost|p2a: Conkeldurr\n|-damage|p2a: Conkeldurr|0 fnt\n|-unboost|p1a: Deoxys|spa|2\n|faint|p2a: Conkeldurr\n|-damage|p1a: Deoxys|177/196|[from] item: Life Orb\n|\n|upkeep\n|\n|t:|1732986938\n|switch|p2a: Misdreavus|Misdreavus, L90, M|254/254\n|turn|7\n|\n|t:|1732986955\n|move|p1a: Deoxys|Knock Off|p2a: Misdreavus\n|-supereffective|p2a: Misdreavus\n|-damage|p2a: Misdreavus|77/254\n|-enditem|p2a: Misdreavus|Eviolite|[from] move: Knock Off|[of] p1a: Deoxys\n|-damage|p1a: Deoxys|158/196|[from] item: Life Orb\n|move|p2a: Misdreavus|Calm Mind|p2a: Misdreavus\n|-boost|p2a: Misdreavus|spa|1\n|-boost|p2a: Misdreavus|spd|1\n|\n|upkeep\n|turn|8\n|\n|t:|1732986962\n|move|p1a: Deoxys|Knock Off|p2a: Misdreavus\n|-supereffective|p2a: Misdreavus\n|-damage|p2a: Misdreavus|0 fnt\n|faint|p2a: Misdreavus\n|-damage|p1a: Deoxys|139/196|[from] item: Life Orb\n|\n|upkeep\n|\n|t:|1732986965\n|switch|p2a: Gengar|Gengar, L81, F|230/230\n|turn|9\n|\n|t:|1732986970\n|move|p1a: Deoxys|Knock Off|p2a: Gengar\n|-supereffective|p2a: Gengar\n|-damage|p2a: Gengar|0 fnt\n|-start|p1a: Deoxys|Disable|Knock Off|[from] ability: Cursed Body|[of] p2a: Gengar\n|-enditem|p2a: Gengar|Life Orb|[from] move: Knock Off|[of] p1a: Deoxys\n|faint|p2a: Gengar\n|-damage|p1a: Deoxys|120/196|[from] item: Life Orb\n|\n|upkeep\n|\n|t:|1732986977\n|switch|p2a: Ariados|Ariados, L95, M|287/287\n|turn|10\n|\n|t:|1732986983\n|move|p1a: Deoxys|Psycho Boost|p2a: Ariados\n|-supereffective|p2a: Ariados\n|-damage|p2a: Ariados|74/287\n|-unboost|p1a: Deoxys|spa|2\n|-damage|p1a: Deoxys|101/196|[from] item: Life Orb\n|move|p2a: Ariados|Megahorn|p1a: Deoxys\n|-supereffective|p1a: Deoxys\n|-damage|p1a: Deoxys|0 fnt\n|faint|p1a: Deoxys\n|\n|upkeep\n|\n|t:|1732986988\n|switch|p1a: Cinderace|Cinderace, L77, M|249/249\n|turn|11\n|\n|t:|1732986991\n|move|p1a: Cinderace|Pyro Ball|p2a: Ariados\n|-supereffective|p2a: Ariados\n|-damage|p2a: Ariados|0 fnt\n|faint|p2a: Ariados\n|\n|upkeep\n|\n|t:|1732986994\n|switch|p2a: Ogerpon|Ogerpon-Cornerstone, L76, F|247/247\n|turn|12\n|\n|t:|1732987001\n|move|p1a: Cinderace|U-turn|p2a: Ogerpon\n|-start|p1a: Cinderace|typechange|Bug|[from] ability: Libero\n|-supereffective|p2a: Ogerpon\n|-damage|p2a: Ogerpon|73/247\n|\n|t:|1732987004\n|switch|p1a: Copperajah|Copperajah, L86, F|350/350|[from] U-turn\n|move|p2a: Ogerpon|Swords Dance|p2a: Ogerpon\n|-boost|p2a: Ogerpon|atk|2\n|\n|upkeep\n|turn|13\n|\n|t:|1732987011\n|move|p2a: Ogerpon|Horn Leech|p1a: Copperajah\n|-resisted|p1a: Copperajah\n|-damage|p1a: Copperajah|237/350\n|-heal|p2a: Ogerpon|130/247|[from] drain|[of] p1a: Copperajah\n|move|p1a: Copperajah|Iron Head|p2a: Ogerpon\n|-supereffective|p2a: Ogerpon\n|-damage|p2a: Ogerpon|0 fnt\n|faint|p2a: Ogerpon\n|\n|win|Sealed Book\n|raw|Sealed Book's rating: 1336 &rarr; <strong>1354</strong><br />(+18 for winning)\n|raw|SuperEnzinho's rating: 1300 &rarr; <strong>1278</strong><br />(-22 for losing)\n|l|\u2606SuperEnzinho\n|player|p2|\n|c|\u2606Sealed Book|17 wins - 3 loses\n", "inputlog": ">version b107d77f5c90bd6555267ae244a6264823309ead\n>start {\"formatid\":\"gen9randombattle\",\"seed\":[5000,57367,46821,47406],\"rated\":\"Rated battle\"}\n>player p1 {\"name\":\"Sealed Book\",\"avatar\":\"lisia\",\"rating\":1336,\"seed\":[906,28174,28784,34756]}\n>player p2 {\"name\":\"SuperEnzinho\",\"avatar\":\"hilda-wonderlauncher\",\"rating\":1300,\"seed\":[57108,20060,6020,59224]}\n>p1 move pyroball\n>p2 switch 3\n>p1 move uturn\n>p2 move hydrosteam\n>p1 switch 5\n>p1 move freezedry\n>p2 move flamethrower\n>p2 switch 3\n>p1 move freezedry\n>p2 move knockoff\n>p1 move freezedry\n>p2 move machpunch\n>p1 switch 2\n>p1 move psychoboost\n>p2 move facade terastallize\n>p2 switch 2\n>p1 move knockoff\n>p2 move calmmind\n>p1 move knockoff\n>p2 move shadowball\n>p2 switch 5\n>p1 move knockoff\n>p2 move shadowball\n>p2 switch 4\n>p1 move psychoboost\n>p2 move megahorn\n>p1 switch 5\n>p1 move pyroball\n>p2 move toxicspikes\n>p2 switch 6\n>p1 move uturn\n>p2 move swordsdance\n>p1 switch 3\n>p1 move ironhead\n>p2 move hornleech", "uploadtime": 1732987023, "views": 1, "formatid": "gen9randombattle", "rating": 1278, "private": 0, "password": null}