{"id": "gen9randombattle-2254159951", "format": "[Gen 9] Random Battle", "players": ["IsaacsaysHuzzah", "Cosmo765"], "log": "|j|\u2606IsaacsaysHuzzah\n|j|\u2606Cosmo765\n|t:|1732998628\n|gametype|singles\n|player|p1|IsaacsaysHuzzah|unknown|\n|player|p2|Cosmo765|cilan|\n|teamsize|p1|6\n|teamsize|p2|6\n|gen|9\n|tier|[Gen 9] Random Battle\n|rule|Species Clause: Limit one of each Pok\u00e9mon\n|rule|HP Percentage Mod: HP is shown in percentages\n|rule|Sleep Clause Mod: Limit one foe put to sleep\n|rule|Illusion Level Mod: Illusion disguises the Pok\u00e9mon's true level\n|\n|t:|1732998628\n|start\n|switch|p1a: Bellossom|Bellossom, L84, F|263/263\n|switch|p2a: Piloswine|Piloswine, L85, F|309/309\n|turn|1\n|\n|t:|1732998648\n|move|p2a: Piloswine|Stealth Rock|p1a: Bellossom\n|-sidestart|p1: IsaacsaysHuzzah|move: Stealth Rock\n|move|p1a: Bellossom|Sleep Powder|p2a: Piloswine\n|-status|p2a: Piloswine|slp|[from] move: Sleep Powder\n|\n|upkeep\n|turn|2\n|\n|t:|1732998655\n|cant|p2a: Piloswine|slp\n|move|p1a: Bellossom|Quiver Dance|p1a: Bellossom\n|-boost|p1a: Bellossom|spa|1\n|-boost|p1a: Bellossom|spd|1\n|-boost|p1a: Bellossom|spe|1\n|\n|upkeep\n|turn|3\n|\n|t:|1732998661\n|move|p1a: Bellossom|Quiver Dance|p1a: Bellossom\n|-boost|p1a: Bellossom|spa|1\n|-boost|p1a: Bellossom|spd|1\n|-boost|p1a: Bellossom|spe|1\n|-curestatus|p2a: Piloswine|slp|[msg]\n|move|p2a: Piloswine|Icicle Crash|p1a: Bellossom\n|-supereffective|p1a: Bellossom\n|-damage|p1a: Bellossom|83/263\n|\n|-heal|p1a: Bellossom|99/263|[from] item: Leftovers\n|upkeep\n|turn|4\n|\n|t:|1732998674\n|switch|p2a: Noivern|Noivern, L82, M|274/274\n|move|p1a: Bellossom|Giga Drain|p2a: Noivern\n|-resisted|p2a: Noivern\n|-damage|p2a: Noivern|231/274\n|-heal|p1a: Bellossom|121/263|[from] drain|[of] p2a: Noivern\n|\n|-heal|p1a: Bellossom|137/263|[from] item: Leftovers\n|upkeep\n|turn|5\n|\n|t:|1732998685\n|move|p1a: Bellossom|Sleep Powder|p2a: Noivern\n|-status|p2a: Noivern|slp|[from] move: Sleep Powder\n|cant|p2a: Noivern|slp\n|\n|-heal|p1a: Bellossom|153/263|[from] item: Leftovers\n|upkeep\n|turn|6\n|\n|t:|1732998699\n|move|p1a: Bellossom|Quiver Dance|p1a: Bellossom\n|-boost|p1a: Bellossom|spa|1\n|-boost|p1a: Bellossom|spd|1\n|-boost|p1a: Bellossom|spe|1\n|-curestatus|p2a: Noivern|slp|[msg]\n|move|p2a: Noivern|Roost|p2a: Noivern\n|-heal|p2a: Noivern|274/274\n|-singleturn|p2a: Noivern|move: Roost\n|\n|-heal|p1a: Bellossom|169/263|[from] item: Leftovers\n|upkeep\n|turn|7\n|\n|t:|1732998709\n|move|p1a: Bellossom|Sleep Powder|p2a: Noivern\n|-status|p2a: Noivern|slp|[from] move: Sleep Powder\n|cant|p2a: Noivern|slp\n|\n|-heal|p1a: Bellossom|185/263|[from] item: Leftovers\n|upkeep\n|turn|8\n|\n|t:|1732998717\n|move|p1a: Bellossom|Quiver Dance|p1a: Bellossom\n|-boost|p1a: Bellossom|spa|1\n|-boost|p1a: Bellossom|spd|1\n|-boost|p1a: Bellossom|spe|1\n|-curestatus|p2a: Noivern|slp|[msg]\n|move|p2a: Noivern|Flamethrower|p1a: Bellossom\n|-supereffective|p1a: Bellossom\n|-damage|p1a: Bellossom|149/263\n|\n|-heal|p1a: Bellossom|165/263|[from] item: Leftovers\n|upkeep\n|turn|9\n|\n|t:|1732998729\n|-terastallize|p2a: Noivern|Fire\n|move|p1a: Bellossom|Giga Drain|p2a: Noivern\n|-resisted|p2a: Noivern\n|-damage|p2a: Noivern|160/274\n|-heal|p1a: Bellossom|222/263|[from] drain|[of] p2a: Noivern\n|move|p2a: Noivern|Flamethrower|p1a: Bellossom\n|-supereffective|p1a: Bellossom\n|-damage|p1a: Bellossom|168/263\n|\n|-heal|p1a: Bellossom|184/263|[from] item: Leftovers\n|upkeep\n|turn|10\n|\n|t:|1732998746\n|move|p1a: Bellossom|Giga Drain|p2a: Noivern\n|-resisted|p2a: Noivern\n|-damage|p2a: Noivern|37/274\n|-heal|p1a: Bellossom|246/263|[from] drain|[of] p2a: Noivern\n|move|p2a: Noivern|Hurricane|p1a: Bellossom\n|-supereffective|p1a: Bellossom\n|-damage|p1a: Bellossom|174/263\n|\n|-heal|p1a: Bellossom|190/263|[from] item: Leftovers\n|upkeep\n|turn|11\n|\n|t:|1732998757\n|move|p1a: Bellossom|Giga Drain|p2a: Noivern\n|-resisted|p2a: Noivern\n|-damage|p2a: Noivern|0 fnt\n|-heal|p1a: Bellossom|209/263|[from] drain|[of] p2a: Noivern\n|faint|p2a: Noivern\n|\n|-heal|p1a: Bellossom|225/263|[from] item: Leftovers\n|upkeep\n|\n|t:|1732998765\n|switch|p2a: Piloswine|Piloswine, L85, F|309/309\n|turn|12\n|\n|t:|1732998771\n|move|p1a: Bellossom|Giga Drain|p2a: Piloswine\n|-supereffective|p2a: Piloswine\n|-damage|p2a: Piloswine|0 fnt\n|-heal|p1a: Bellossom|263/263|[from] drain|[of] p2a: Piloswine\n|faint|p2a: Piloswine\n|\n|upkeep\n|\n|t:|1732998792\n|switch|p2a: Charizard|Charizard, L85, F|271/271\n|turn|13\n|\n|t:|1732998800\n|move|p1a: Bellossom|Sleep Powder|p2a: Charizard\n|-status|p2a: Charizard|slp|[from] move: Sleep Powder\n|cant|p2a: Charizard|slp\n|\n|upkeep\n|turn|14\n|\n|t:|1732998817\n|move|p1a: Bellossom|Quiver Dance|p1a: Bellossom\n|-boost|p1a: Bellossom|spa|1\n|-boost|p1a: Bellossom|spd|1\n|-boost|p1a: Bellossom|spe|1\n|-curestatus|p2a: Charizard|slp|[msg]\n|move|p2a: Charizard|Hurricane|p1a: Bellossom|[miss]\n|-miss|p2a: Charizard|p1a: Bellossom\n|\n|upkeep\n|turn|15\n|\n|t:|1732998828\n|switch|p2a: Virizion|Virizion, L82|283/283\n|move|p1a: Bellossom|Giga Drain|p2a: Virizion\n|-resisted|p2a: Virizion\n|-damage|p2a: Virizion|190/283\n|\n|upkeep\n|turn|16\n|\n|t:|1732998837\n|move|p1a: Bellossom|Strength Sap|p2a: Virizion\n|-unboost|p2a: Virizion|atk|1\n|move|p2a: Virizion|Close Combat|p1a: Bellossom\n|-damage|p1a: Bellossom|176/263\n|-unboost|p2a: Virizion|def|1\n|-unboost|p2a: Virizion|spd|1\n|-damage|p2a: Virizion|162/283|[from] item: Life Orb\n|\n|-heal|p1a: Bellossom|192/263|[from] item: Leftovers\n|upkeep\n|turn|17\n|\n|t:|1732998848\n|move|p1a: Bellossom|Strength Sap|p2a: Virizion\n|-unboost|p2a: Virizion|atk|1\n|-heal|p1a: Bellossom|263/263\n|move|p2a: Virizion|Close Combat|p1a: Bellossom\n|-damage|p1a: Bellossom|192/263\n|-unboost|p2a: Virizion|def|1\n|-unboost|p2a: Virizion|spd|1\n|-damage|p2a: Virizion|134/283|[from] item: Life Orb\n|\n|-heal|p1a: Bellossom|208/263|[from] item: Leftovers\n|upkeep\n|turn|18\n|\n|t:|1732998863\n|move|p1a: Bellossom|Giga Drain|p2a: Virizion\n|-resisted|p2a: Virizion\n|-damage|p2a: Virizion|0 fnt\n|-heal|p1a: Bellossom|263/263|[from] drain|[of] p2a: Virizion\n|faint|p2a: Virizion\n|\n|upkeep\n|\n|t:|1732998869\n|switch|p2a: Charizard|Charizard, L85, F|271/271\n|turn|19\n|\n|t:|1732998877\n|move|p1a: Bellossom|Sleep Powder|p2a: Charizard\n|-status|p2a: Charizard|slp|[from] move: Sleep Powder\n|cant|p2a: Charizard|slp\n|\n|upkeep\n|turn|20\n|\n|t:|1732998884\n|move|p1a: Bellossom|Giga Drain|p2a: Charizard\n|-resisted|p2a: Charizard\n|-damage|p2a: Charizard|206/271 slp\n|cant|p2a: Charizard|slp\n|\n|upkeep\n|turn|21\n|\n|t:|1732998889\n|move|p1a: Bellossom|Giga Drain|p2a: Charizard\n|-resisted|p2a: Charizard\n|-crit|p2a: Charizard\n|-damage|p2a: Charizard|113/271 slp\n|cant|p2a: Charizard|slp\n|\n|upkeep\n|turn|22\n|inactive|Battle timer is ON: inactive players will automatically lose when time's up. (requested by Cosmo765)\n|\n|t:|1732998895\n|move|p1a: Bellossom|Giga Drain|p2a: Charizard\n|-resisted|p2a: Charizard\n|-damage|p2a: Charizard|51/271 slp\n|-curestatus|p2a: Charizard|slp|[msg]\n|move|p2a: Charizard|Hurricane|p1a: Bellossom\n|-supereffective|p1a: Bellossom\n|-damage|p1a: Bellossom|195/263\n|\n|-heal|p1a: Bellossom|211/263|[from] item: Leftovers\n|upkeep\n|turn|23\n|\n|t:|1732998903\n|move|p1a: Bellossom|Giga Drain|p2a: Charizard\n|-resisted|p2a: Charizard\n|-damage|p2a: Charizard|0 fnt\n|-heal|p1a: Bellossom|237/263|[from] drain|[of] p2a: Charizard\n|faint|p2a: Charizard\n|\n|-heal|p1a: Bellossom|253/263|[from] item: Leftovers\n|upkeep\n|\n|t:|1732998919\n|switch|p2a: Scream Tail|Scream Tail, L84|330/330\n|turn|24\n|\n|t:|1732998926\n|move|p2a: Scream Tail|Protect|p2a: Scream Tail\n|-singleturn|p2a: Scream Tail|Protect\n|move|p1a: Bellossom|Sleep Powder|p2a: Scream Tail\n|-activate|p2a: Scream Tail|move: Protect\n|\n|-heal|p1a: Bellossom|263/263|[from] item: Leftovers\n|upkeep\n|turn|25\n|\n|t:|1732998937\n|move|p1a: Bellossom|Sleep Powder|p2a: Scream Tail\n|-status|p2a: Scream Tail|slp|[from] move: Sleep Powder\n|cant|p2a: Scream Tail|slp\n|\n|upkeep\n|turn|26\n|\n|t:|1732998961\n|move|p1a: Bellossom|Giga Drain|p2a: Scream Tail\n|-damage|p2a: Scream Tail|126/330 slp\n|cant|p2a: Scream Tail|slp\n|\n|-heal|p2a: Scream Tail|146/330 slp|[from] item: Leftovers\n|upkeep\n|turn|27\n|\n|t:|1732998979\n|cant|p2a: Scream Tail|slp\n|move|p1a: Bellossom|Giga Drain|p2a: Scream Tail\n|-damage|p2a: Scream Tail|0 fnt\n|faint|p2a: Scream Tail\n|-end|p2a: Scream Tail|Protosynthesis|[silent]\n|\n|upkeep\n|\n|t:|1732998984\n|switch|p2a: Gallade|Gallade, L81, M|243/243\n|turn|28\n|\n|t:|1732998992\n|move|p1a: Bellossom|Strength Sap|p2a: Gallade\n|-unboost|p2a: Gallade|atk|1\n|move|p2a: Gallade|Sacred Sword|p1a: Bellossom\n|-damage|p1a: Bellossom|122/263\n|\n|-heal|p1a: Bellossom|138/263|[from] item: Leftovers\n|upkeep\n|turn|29\n|\n|t:|1732999000\n|move|p1a: Bellossom|Giga Drain|p2a: Gallade\n|-damage|p2a: Gallade|24/243\n|-heal|p1a: Bellossom|248/263|[from] drain|[of] p2a: Gallade\n|move|p2a: Gallade|Sacred Sword|p1a: Bellossom\n|-damage|p1a: Bellossom|103/263\n|\n|-heal|p1a: Bellossom|119/263|[from] item: Leftovers\n|upkeep\n|turn|30\n|\n|t:|1732999009\n|move|p1a: Bellossom|Giga Drain|p2a: Gallade\n|-crit|p2a: Gallade\n|-damage|p2a: Gallade|0 fnt\n|-heal|p1a: Bellossom|131/263|[from] drain|[of] p2a: Gallade\n|faint|p2a: Gallade\n|\n|win|IsaacsaysHuzzah\n|l|\u2606Cosmo765\n|player|p2|\n", "inputlog": ">version b107d77f5c90bd6555267ae244a6264823309ead\n>start {\"formatid\":\"gen9randombattle\",\"seed\":[32254,27868,50074,50147]}\n>player p1 {\"name\":\"IsaacsaysHuzzah\",\"avatar\":\"unknown\",\"rating\":0,\"seed\":[26381,38604,17812,52394]}\n>player p2 {\"name\":\"Cosmo765\",\"avatar\":\"cilan\",\"rating\":0,\"seed\":[38819,30068,54229,56865]}\n>p1 move sleeppowder\n>p2 move stealthrock\n>p1 move quiverdance\n>p2 move earthquake\n>p1 move quiverdance\n>p2 move iciclecrash\n>p1 move gigadrain\n>p2 switch 4\n>p1 move sleeppowder\n>p2 move flamethrower\n>p1 move quiverdance\n>p2 move roost\n>p1 move sleeppowder\n>p2 move flamethrower\n>p1 move quiverdance\n>p2 move flamethrower\n>p1 move gigadrain\n>p2 move flamethrower terastallize\n>p1 move gigadrain\n>p2 move hurricane\n>p1 move gigadrain\n>p2 move flamethrower\n>p2 switch 4\n>p1 move gigadrain\n>p2 move roar\n>p2 switch 3\n>p1 move sleeppowder\n>p2 move willowisp\n>p1 move quiverdance\n>p2 move hurricane\n>p1 move gigadrain\n>p2 switch 2\n>p1 move strengthsap\n>p2 move closecombat\n>p1 move strengthsap\n>p2 move closecombat\n>p1 move gigadrain\n>p2 move leafblade\n>p2 switch 2\n>p1 move sleeppowder\n>p2 move hurricane\n>p1 move gigadrain\n>p2 move hurricane\n>p1 move gigadrain\n>p2 move hurricane\n>p1 move gigadrain\n>p2 move hurricane\n>p1 move gigadrain\n>p2 move hurricane\n>p2 switch 6\n>p1 move sleeppowder\n>p2 move protect\n>p1 move sleeppowder\n>p2 move dazzlinggleam\n>p1 move gigadrain\n>p2 move wish\n>p1 move gigadrain\n>p2 move protect\n>p2 switch 5\n>p1 move strengthsap\n>p2 move sacredsword\n>p1 move gigadrain\n>p2 move sacredsword\n>p1 move gigadrain\n>p2 move sacredsword", "uploadtime": 1732999026, "views": 11, "formatid": "gen9randombattle", "rating": null, "private": 0, "password": null}