{"id": "gen9randombattle-2253912659", "format": "[Gen 9] Random Battle", "players": ["MDAKY", "USAtheSonOfISRAEL"], "log": "|j|\u2606MDAKY\n|j|\u2606USAtheSonOfISRAEL\n|t:|1732962347\n|gametype|singles\n|player|p1|MDAKY|101|1321\n|player|p2|USAtheSonOfISRAEL|dawn|1367\n|teamsize|p1|6\n|teamsize|p2|6\n|gen|9\n|tier|[Gen 9] Random Battle\n|rated|\n|rule|Species Clause: Limit one of each Pok\u00e9mon\n|rule|HP Percentage Mod: HP is shown in percentages\n|rule|Sleep Clause Mod: Limit one foe put to sleep\n|rule|Illusion Level Mod: Illusion disguises the Pok\u00e9mon's true level\n|\n|t:|1732962347\n|start\n|switch|p1a: Rayquaza|Rayquaza, L72|270/270\n|switch|p2a: Calyrex|Calyrex-Ice, L72|263/263\n|-ability|p2a: Calyrex|As One\n|-ability|p2a: Calyrex|Unnerve\n|-ability|p1a: Rayquaza|Air Lock\n|turn|1\n|\n|t:|1732962367\n|switch|p1a: Basculegion|Basculegion, L81, M|327/327\n|move|p2a: Calyrex|Agility|p2a: Calyrex\n|-boost|p2a: Calyrex|spe|2\n|\n|upkeep\n|turn|2\n|\n|t:|1732962391\n|move|p2a: Calyrex|High Horsepower|p1a: Basculegion\n|-damage|p1a: Basculegion|222/327\n|move|p1a: Basculegion|Shadow Ball|p2a: Calyrex\n|-supereffective|p2a: Calyrex\n|-damage|p2a: Calyrex|91/263\n|-enditem|p2a: Calyrex|Weakness Policy\n|-boost|p2a: Calyrex|atk|2|[from] item: Weakness Policy\n|-boost|p2a: Calyrex|spa|2|[from] item: Weakness Policy\n|\n|upkeep\n|turn|3\n|\n|t:|1732962401\n|-terastallize|p2a: Calyrex|Ground\n|move|p2a: Calyrex|High Horsepower|p1a: Basculegion\n|-damage|p1a: Basculegion|0 fnt\n|faint|p1a: Basculegion\n|-ability|p2a: Calyrex|Chilling Neigh|boost\n|-boost|p2a: Calyrex|atk|1\n|\n|upkeep\n|\n|t:|1732962419\n|switch|p1a: Dachsbun|Dachsbun, L92, M|254/254\n|turn|4\n|\n|t:|1732962426\n|move|p2a: Calyrex|Glacial Lance|p1a: Dachsbun\n|-damage|p1a: Dachsbun|0 fnt\n|faint|p1a: Dachsbun\n|-ability|p2a: Calyrex|Chilling Neigh|boost\n|-boost|p2a: Calyrex|atk|1\n|\n|upkeep\n|\n|t:|1732962436\n|switch|p1a: Roaring Moon|Roaring Moon, L72|270/270\n|turn|5\n|\n|t:|1732962444\n|move|p2a: Calyrex|Glacial Lance|p1a: Roaring Moon\n|-supereffective|p1a: Roaring Moon\n|-crit|p1a: Roaring Moon\n|-damage|p1a: Roaring Moon|0 fnt\n|faint|p1a: Roaring Moon\n|-end|p1a: Roaring Moon|Protosynthesis|[silent]\n|-ability|p2a: Calyrex|Chilling Neigh|boost\n|-boost|p2a: Calyrex|atk|1\n|\n|upkeep\n|\n|t:|1732962453\n|switch|p1a: Rayquaza|Rayquaza, L72|270/270\n|-ability|p1a: Rayquaza|Air Lock\n|turn|6\n|\n|t:|1732962460\n|move|p2a: Calyrex|Glacial Lance|p1a: Rayquaza\n|-supereffective|p1a: Rayquaza\n|-damage|p1a: Rayquaza|0 fnt\n|faint|p1a: Rayquaza\n|-ability|p2a: Calyrex|Chilling Neigh|boost\n|-boost|p2a: Calyrex|atk|1\n|\n|upkeep\n|-message|MDAKY forfeited.\n|\n|win|USAtheSonOfISRAEL\n|raw|MDAKY's rating: 1321 &rarr; <strong>1304</strong><br />(-17 for losing)\n|raw|USAtheSonOfISRAEL's rating: 1367 &rarr; <strong>1384</strong><br />(+17 for winning)\n|l|\u2606MDAKY\n|player|p1|\n", "inputlog": ">version b107d77f5c90bd6555267ae244a6264823309ead\n>start {\"formatid\":\"gen9randombattle\",\"seed\":[3292,55146,27987,43167],\"rated\":\"Rated battle\"}\n>player p1 {\"name\":\"MDAKY\",\"avatar\":\"101\",\"rating\":1321,\"seed\":[33791,40324,48898,27806]}\n>player p2 {\"name\":\"USAtheSonOfISRAEL\",\"avatar\":\"dawn\",\"rating\":1367,\"seed\":[55254,13561,51453,22153]}\n>p1 switch 5\n>p2 move agility\n>p1 move shadowball\n>p2 move highhorsepower\n>p1 move shadowball\n>p2 move highhorsepower terastallize\n>p1 switch 4\n>p1 move playrough\n>p2 move glaciallance\n>p1 switch 6\n>p1 move knockoff\n>p2 move glaciallance\n>p1 switch 5\n>p1 move outrage\n>p2 move glaciallance\n>forcelose p1", "uploadtime": 1732962480, "views": 15, "formatid": "gen9randombattle", "rating": 1304, "private": 0, "password": null}