{"id": "gen9randombattle-2253961877", "format": "[Gen 9] Random Battle", "players": ["JeanMerguz", "paysa"], "log": "|badge|p2|silver|gen9randombattle|30-3\n|uhtml|medal-msg|<div class=\"broadcast-blue\">Curious what those medals under the avatar are? PS now has Ladder Seasons! For more information, check out the <a href=\"https://www.smogon.com/forums/threads/3740067/\">thread on Smogon.</a></div>\n|j|\u2606JeanMerguz\n|j|\u2606paysa\n|t:|1732972030\n|gametype|singles\n|player|p1|JeanMerguz|irida|2274\n|player|p2|paysa|101|2380\n|teamsize|p1|6\n|teamsize|p2|6\n|gen|9\n|tier|[Gen 9] Random Battle\n|rated|\n|rule|Species Clause: Limit one of each Pok\u00e9mon\n|rule|HP Percentage Mod: HP is shown in percentages\n|rule|Sleep Clause Mod: Limit one foe put to sleep\n|rule|Illusion Level Mod: Illusion disguises the Pok\u00e9mon's true level\n|\n|t:|1732972030\n|start\n|switch|p1a: Chien-Pao|Chien-Pao, L72|234/234\n|switch|p2a: Gardevoir|Gardevoir, L83, M|249/249\n|-ability|p2a: Gardevoir|Sword of Ruin\n|-ability|p2a: Gardevoir|Sword of Ruin|[from] ability: Trace|[of] p1a: Chien-Pao\n|-ability|p1a: Chien-Pao|Sword of Ruin\n|turn|1\n|inactive|Battle timer is ON: inactive players will automatically lose when time's up. (requested by paysa)\n|inactive|JeanMerguz also wants the timer to be on.\n|inactive|paysa has 120 seconds left.\n|\n|t:|1732972083\n|switch|p1a: Illumise|Illumise, L91, F|266/266\n|move|p2a: Gardevoir|Moonblast|p1a: Illumise\n|-damage|p1a: Illumise|142/266\n|\n|upkeep\n|turn|2\n|\n|t:|1732972097\n|switch|p2a: Gastrodon|Gastrodon, L86, M|331/331\n|move|p1a: Illumise|Roost|p1a: Illumise\n|-heal|p1a: Illumise|266/266\n|-singleturn|p1a: Illumise|move: Roost\n|\n|upkeep\n|turn|3\n|\n|t:|1732972107\n|switch|p1a: Whimsicott|Whimsicott, L85, F|241/241\n|move|p2a: Gastrodon|Sludge Bomb|p1a: Whimsicott\n|-supereffective|p1a: Whimsicott\n|-damage|p1a: Whimsicott|0 fnt\n|faint|p1a: Whimsicott\n|\n|upkeep\n|\n|t:|1732972114\n|switch|p1a: Spiritomb|Spiritomb, L89, M|234/234\n|turn|4\n|\n|t:|1732972132\n|switch|p2a: Mabosstiff|Mabosstiff, L86, M|278/278\n|move|p1a: Spiritomb|Poltergeist|p2a: Mabosstiff|[miss]\n|-miss|p1a: Spiritomb|p2a: Mabosstiff\n|\n|upkeep\n|turn|5\n|\n|t:|1732972144\n|move|p2a: Mabosstiff|Crunch|p1a: Spiritomb\n|-damage|p1a: Spiritomb|141/234\n|move|p1a: Spiritomb|Will-O-Wisp|p2a: Mabosstiff\n|-status|p2a: Mabosstiff|brn\n|\n|-heal|p1a: Spiritomb|155/234|[from] item: Leftovers\n|-damage|p2a: Mabosstiff|261/278 brn|[from] brn\n|upkeep\n|turn|6\n|\n|t:|1732972157\n|switch|p1a: Chien-Pao|Chien-Pao, L72|234/234\n|-ability|p1a: Chien-Pao|Sword of Ruin\n|move|p2a: Mabosstiff|Crunch|p1a: Chien-Pao\n|-resisted|p1a: Chien-Pao\n|-damage|p1a: Chien-Pao|171/234\n|-unboost|p1a: Chien-Pao|def|1\n|\n|-damage|p2a: Mabosstiff|244/278 brn|[from] brn\n|upkeep\n|turn|7\n|\n|t:|1732972176\n|move|p2a: Mabosstiff|Crunch|p1a: Chien-Pao\n|-resisted|p1a: Chien-Pao\n|-damage|p1a: Chien-Pao|119/234\n|-unboost|p1a: Chien-Pao|def|1\n|move|p1a: Chien-Pao|Icicle Crash|p2a: Mabosstiff\n|-damage|p2a: Mabosstiff|145/278 brn\n|\n|-damage|p2a: Mabosstiff|128/278 brn|[from] brn\n|upkeep\n|turn|8\n|\n|t:|1732972198\n|move|p2a: Mabosstiff|Crunch|p1a: Chien-Pao\n|-resisted|p1a: Chien-Pao\n|-damage|p1a: Chien-Pao|50/234\n|move|p1a: Chien-Pao|Sacred Sword|p2a: Mabosstiff\n|-supereffective|p2a: Mabosstiff\n|-damage|p2a: Mabosstiff|0 fnt\n|faint|p2a: Mabosstiff\n|\n|upkeep\n|inactive|paysa has 120 seconds left.\n|\n|t:|1732972225\n|switch|p2a: Gardevoir|Gardevoir, L83, M|249/249\n|-ability|p2a: Gardevoir|Sword of Ruin\n|-ability|p2a: Gardevoir|Sword of Ruin|[from] ability: Trace|[of] p1a: Chien-Pao\n|turn|9\n|inactive|paysa has 120 seconds left.\n|\n|t:|1732972235\n|switch|p1a: Illumise|Illumise, L91, F|266/266\n|move|p2a: Gardevoir|Mystical Fire|p1a: Illumise\n|-supereffective|p1a: Illumise\n|-damage|p1a: Illumise|136/266\n|-unboost|p1a: Illumise|spa|1\n|\n|upkeep\n|turn|10\n|\n|t:|1732972245\n|switch|p2a: Gastrodon|Gastrodon, L86, M|331/331\n|move|p1a: Illumise|Roost|p1a: Illumise\n|-heal|p1a: Illumise|266/266\n|-singleturn|p1a: Illumise|move: Roost\n|\n|upkeep\n|turn|11\n|\n|t:|1732972255\n|switch|p1a: Spiritomb|Spiritomb, L89, M|155/234\n|move|p2a: Gastrodon|Surf|p1a: Spiritomb\n|-crit|p1a: Spiritomb\n|-damage|p1a: Spiritomb|44/234\n|\n|-heal|p1a: Spiritomb|58/234|[from] item: Leftovers\n|upkeep\n|turn|12\n|j| PKV Pokevin\n|\n|t:|1732972266\n|switch|p1a: Giratina|Giratina, L75|349/349\n|-ability|p1a: Giratina|Pressure\n|move|p2a: Gastrodon|Surf|p1a: Giratina\n|-resisted|p1a: Giratina\n|-damage|p1a: Giratina|305/349\n|\n|-heal|p1a: Giratina|326/349|[from] item: Leftovers\n|upkeep\n|turn|13\n|\n|t:|1732972281\n|move|p1a: Giratina|Calm Mind|p1a: Giratina\n|-boost|p1a: Giratina|spa|1\n|-boost|p1a: Giratina|spd|1\n|move|p2a: Gastrodon|Earthquake|p1a: Giratina\n|-crit|p1a: Giratina\n|-damage|p1a: Giratina|197/349\n|\n|-heal|p1a: Giratina|218/349|[from] item: Leftovers\n|upkeep\n|turn|14\n|\n|t:|1732972288\n|switch|p2a: Gardevoir|Gardevoir, L83, M|249/249\n|-ability|p2a: Gardevoir|Pressure\n|-ability|p2a: Gardevoir|Pressure|[from] ability: Trace|[of] p1a: Giratina\n|move|p1a: Giratina|Dragon Pulse|p2a: Gardevoir\n|-immune|p2a: Gardevoir\n|\n|-heal|p1a: Giratina|239/349|[from] item: Leftovers\n|upkeep\n|turn|15\n|\n|t:|1732972293\n|switch|p1a: Illumise|Illumise, L91, F|266/266\n|move|p2a: Gardevoir|Trick|p1a: Illumise\n|-activate|p2a: Gardevoir|move: Trick|[of] p1a: Illumise\n|-item|p1a: Illumise|Choice Scarf|[from] move: Trick\n|-item|p2a: Gardevoir|Heavy-Duty Boots|[from] move: Trick\n|\n|upkeep\n|turn|16\n|\n|t:|1732972302\n|switch|p2a: Gastrodon|Gastrodon, L86, M|331/331\n|move|p1a: Illumise|Bug Buzz|p2a: Gastrodon\n|-damage|p2a: Gastrodon|244/331\n|\n|-heal|p2a: Gastrodon|264/331|[from] item: Leftovers\n|upkeep\n|turn|17\n|\n|t:|1732972306\n|switch|p1a: Giratina|Giratina, L75|239/349\n|-ability|p1a: Giratina|Pressure\n|switch|p2a: Gardevoir|Gardevoir, L83, M|249/249\n|-ability|p2a: Gardevoir|Pressure\n|-ability|p2a: Gardevoir|Pressure|[from] ability: Trace|[of] p1a: Giratina\n|\n|-heal|p1a: Giratina|260/349|[from] item: Leftovers\n|upkeep\n|turn|18\n|l| PKV Pokevin\n|\n|t:|1732972313\n|switch|p1a: Illumise|Illumise, L91, F|266/266\n|move|p2a: Gardevoir|Moonblast|p1a: Illumise\n|-damage|p1a: Illumise|151/266\n|-unboost|p1a: Illumise|spa|1\n|\n|upkeep\n|turn|19\n|\n|t:|1732972327\n|move|p1a: Illumise|Thunder Wave|p2a: Gardevoir\n|-status|p2a: Gardevoir|par\n|move|p2a: Gardevoir|Moonblast|p1a: Illumise\n|-damage|p1a: Illumise|31/266\n|\n|upkeep\n|turn|20\n|\n|t:|1732972338\n|move|p1a: Illumise|Thunder Wave|p2a: Gardevoir|[miss]\n|-miss|p1a: Illumise|p2a: Gardevoir\n|move|p2a: Gardevoir|Moonblast|p1a: Illumise\n|-damage|p1a: Illumise|0 fnt\n|faint|p1a: Illumise\n|\n|upkeep\n|\n|t:|1732972343\n|switch|p1a: Spiritomb|Spiritomb, L89, M|58/234\n|turn|21\n|\n|t:|1732972354\n|switch|p2a: Gastrodon|Gastrodon, L86, M|264/331\n|move|p1a: Spiritomb|Poltergeist|p2a: Gastrodon|[miss]\n|-miss|p1a: Spiritomb|p2a: Gastrodon\n|\n|-heal|p2a: Gastrodon|284/331|[from] item: Leftovers\n|-heal|p1a: Spiritomb|72/234|[from] item: Leftovers\n|upkeep\n|turn|22\n|c|\u2606JeanMerguz|We kinda live in a society don't we\n|c|\u2606paysa|an ass one for sure\n|inactive|JeanMerguz has 120 seconds left.\n|c|\u2606JeanMerguz|I was told i would get girls if I got top 100 can you ff\n|c|\u2606paysa|poltergeist up there with frauds like draco\n|c|\u2606paysa|whoever told you that lied bro\n|inactive|JeanMerguz has 90 seconds left.\n|c|\u2606JeanMerguz|It's 100% real girls love people who are good at Pok\u00e9mon\n|\n|t:|1732972420\n|move|p2a: Gastrodon|Earthquake|p1a: Spiritomb\n|-damage|p1a: Spiritomb|0 fnt\n|faint|p1a: Spiritomb\n|\n|-heal|p2a: Gastrodon|304/331|[from] item: Leftovers\n|upkeep\n|c|\u2606paysa|i was #1 and i got 0 play\n|c|\u2606JeanMerguz|Goddamn\n|c|\u2606JeanMerguz|We were taken for absolute fools\n|c|\u2606paysa|i think its inversely correlated\n|c|\u2606paysa|ong bro\n|inactive|JeanMerguz has 60 seconds left.\n|\n|t:|1732972453\n|switch|p1a: Floatzel|Floatzel, L85, M|283/283\n|turn|23\n|\n|t:|1732972461\n|switch|p2a: Kingdra|Kingdra, L84, M|263/263\n|move|p1a: Floatzel|Bulk Up|p1a: Floatzel\n|-boost|p1a: Floatzel|atk|1\n|-boost|p1a: Floatzel|def|1\n|\n|upkeep\n|turn|24\n|inactive|JeanMerguz has 60 seconds left.\n|\n|t:|1732972483\n|move|p1a: Floatzel|Crunch|p2a: Kingdra\n|-damage|p2a: Kingdra|181/263\n|move|p2a: Kingdra|Dragon Dance|p2a: Kingdra\n|-boost|p2a: Kingdra|atk|1\n|-boost|p2a: Kingdra|spe|1\n|\n|upkeep\n|turn|25\n|\n|t:|1732972493\n|move|p2a: Kingdra|Outrage|p1a: Floatzel\n|-damage|p1a: Floatzel|114/283\n|move|p1a: Floatzel|Crunch|p2a: Kingdra\n|-damage|p2a: Kingdra|98/263\n|\n|-heal|p1a: Floatzel|131/283|[from] item: Leftovers\n|upkeep\n|turn|26\n|\n|t:|1732972507\n|move|p2a: Kingdra|Outrage|p1a: Floatzel|[from]lockedmove\n|-damage|p1a: Floatzel|0 fnt\n|faint|p1a: Floatzel\n|\n|upkeep\n|c|\u2606JeanMerguz|GG\n|inactive|JeanMerguz has 60 seconds left.\n|c|\u2606JeanMerguz|Good luck with your game bro\n|\n|t:|1732972526\n|switch|p1a: Chien-Pao|Chien-Pao, L72|50/234\n|-ability|p1a: Chien-Pao|Sword of Ruin\n|turn|27\n|inactive|JeanMerguz has 60 seconds left.\n|-message|JeanMerguz forfeited.\n|\n|win|paysa\n|raw|JeanMerguz's rating: 2274 &rarr; <strong>2260</strong><br />(-14 for losing)\n|raw|paysa's rating: 2380 &rarr; <strong>2394</strong><br />(+14 for winning)\n|l|\u2606JeanMerguz\n|player|p1|\n|c|\u2606paysa|ggs\n", "inputlog": ">version b107d77f5c90bd6555267ae244a6264823309ead\n>start {\"formatid\":\"gen9randombattle\",\"seed\":[49544,17334,49997,2667],\"rated\":\"Rated battle\"}\n>player p1 {\"name\":\"JeanMerguz\",\"avatar\":\"irida\",\"rating\":2274,\"seed\":[62592,39039,20182,46778]}\n>player p2 {\"name\":\"paysa\",\"avatar\":\"101\",\"rating\":2380,\"seed\":[13861,59572,59913,10992]}\n>p1 switch 3\n>p2 move moonblast\n>p1 move roost\n>p2 switch 5\n>p1 switch 2\n>p2 move sludgebomb\n>p1 switch 6\n>p1 move poltergeist\n>p2 switch 2\n>p1 move willowisp\n>p2 move crunch\n>p1 switch 3\n>p2 move crunch\n>p1 move iciclecrash\n>p2 move crunch\n>p1 move sacredsword\n>p2 move crunch\n>p2 switch 5\n>p1 switch 2\n>p2 move mysticalfire\n>p1 move roost\n>p2 switch 2\n>p1 switch 3\n>p2 move surf\n>p1 switch 5\n>p2 move surf\n>p1 move calmmind\n>p2 move earthquake\n>p1 move dragonpulse\n>p2 switch 2\n>p1 switch 3\n>p2 move trick\n>p1 move bugbuzz\n>p2 switch 2\n>p1 switch 3\n>p2 switch 2\n>p1 switch 3\n>p2 move moonblast\n>p1 move thunderwave\n>p2 move moonblast\n>p1 move thunderwave\n>p2 move moonblast\n>p1 switch 5\n>p1 move poltergeist\n>p2 switch 2\n>chat \u2606JeanMerguz|We kinda live in a society don't we\n>chat \u2606paysa|an ass one for sure\n>chat \u2606JeanMerguz|I was told i would get girls if I got top 100 can you ff\n>chat \u2606paysa|poltergeist up there with frauds like draco\n>chat \u2606paysa|whoever told you that lied bro\n>chat \u2606JeanMerguz|It's 100% real girls love people who are good at Pok\u00e9mon\n>p1 move willowisp\n>p2 move earthquake\n>chat \u2606paysa|i was #1 and i got 0 play\n>chat \u2606JeanMerguz|Goddamn\n>chat \u2606JeanMerguz|We were taken for absolute fools\n>chat \u2606paysa|i think its inversely correlated\n>chat \u2606paysa|ong bro\n>p1 switch 4\n>p1 move bulkup\n>p2 switch 6\n>p1 move crunch\n>p2 move dragondance\n>p1 move crunch\n>p2 move outrage\n>p1 move crunch\n>p2 move outrage\n>chat \u2606JeanMerguz|GG\n>chat \u2606JeanMerguz|Good luck with your game bro\n>p1 switch 2\n>forcelose p1", "uploadtime": 1732972540, "views": 8, "formatid": "gen9randombattle", "rating": 2260, "private": 0, "password": null}