{"id": "gen9randombattle-2253908709", "format": "[Gen 9] Random Battle", "players": ["quisait", "zantaRay"], "log": "|j|\u2606quisait\n|j|\u2606zantaRay\n|t:|1732961473\n|gametype|singles\n|player|p1|quisait|266|2048\n|player|p2|zantaRay|101|2015\n|teamsize|p1|6\n|teamsize|p2|6\n|gen|9\n|tier|[Gen 9] Random Battle\n|rated|\n|rule|Species Clause: Limit one of each Pok\u00e9mon\n|rule|HP Percentage Mod: HP is shown in percentages\n|rule|Sleep Clause Mod: Limit one foe put to sleep\n|rule|Illusion Level Mod: Illusion disguises the Pok\u00e9mon's true level\n|\n|t:|1732961473\n|start\n|switch|p1a: Gastrodon|Gastrodon-East, L86, M|331/331\n|switch|p2a: Charizard|Charizard, L85, F|271/271\n|turn|1\n|inactive|Battle timer is ON: inactive players will automatically lose when time's up. (requested by quisait)\n|\n|t:|1732961491\n|switch|p2a: Gogoat|Gogoat, L88, F|360/360\n|move|p1a: Gastrodon|Stealth Rock|p2a: Gogoat\n|-sidestart|p2: zantaRay|move: Stealth Rock\n|\n|upkeep\n|turn|2\n|\n|t:|1732961506\n|switch|p1a: Skarmory|Skarmory, L80, M|235/235\n|move|p2a: Gogoat|Earthquake|p1a: Skarmory\n|-immune|p1a: Skarmory\n|\n|upkeep\n|turn|3\n|\n|t:|1732961511\n|switch|p2a: Hippowdon|Hippowdon, L82, F|311/311\n|-damage|p2a: Hippowdon|292/311|[from] Stealth Rock\n|-weather|Sandstorm|[from] ability: Sand Stream|[of] p2a: Hippowdon\n|move|p1a: Skarmory|Spikes|p2a: Hippowdon\n|-sidestart|p2: zantaRay|Spikes\n|\n|-weather|Sandstorm|[upkeep]\n|-heal|p2a: Hippowdon|311/311|[from] item: Leftovers\n|upkeep\n|turn|4\n|\n|t:|1732961524\n|move|p1a: Skarmory|Spikes|p2a: Hippowdon\n|-sidestart|p2: zantaRay|Spikes\n|move|p2a: Hippowdon|Stealth Rock|p1a: Skarmory\n|-sidestart|p1: quisait|move: Stealth Rock\n|\n|-weather|Sandstorm|[upkeep]\n|upkeep\n|turn|5\n|\n|t:|1732961537\n|switch|p2a: Charizard|Charizard, L85, F|271/271\n|move|p1a: Skarmory|Spikes|p2a: Charizard\n|-sidestart|p2: zantaRay|Spikes\n|\n|-weather|Sandstorm|[upkeep]\n|-damage|p2a: Charizard|255/271|[from] Sandstorm\n|upkeep\n|turn|6\n|\n|t:|1732961554\n|switch|p1a: Chi-Yu|Chi-Yu, L77|211/211\n|-damage|p1a: Chi-Yu|159/211|[from] Stealth Rock\n|-ability|p1a: Chi-Yu|Beads of Ruin\n|move|p2a: Charizard|Hurricane|p1a: Chi-Yu\n|-damage|p1a: Chi-Yu|47/211\n|-start|p1a: Chi-Yu|confusion\n|\n|-weather|Sandstorm|[upkeep]\n|-damage|p1a: Chi-Yu|34/211|[from] Sandstorm\n|-damage|p2a: Charizard|239/271|[from] Sandstorm\n|upkeep\n|turn|7\n|\n|t:|1732961575\n|-activate|p1a: Chi-Yu|confusion\n|move|p1a: Chi-Yu|Dark Pulse|p2a: Charizard\n|-damage|p2a: Charizard|118/271\n|move|p2a: Charizard|Earthquake|p1a: Chi-Yu\n|-supereffective|p1a: Chi-Yu\n|-damage|p1a: Chi-Yu|0 fnt\n|faint|p1a: Chi-Yu\n|\n|-weather|none\n|upkeep\n|\n|t:|1732961595\n|switch|p1a: Gastrodon|Gastrodon-East, L86, M|331/331\n|-damage|p1a: Gastrodon|311/331|[from] Stealth Rock\n|turn|8\n|\n|t:|1732961612\n|switch|p2a: Terapagos|Terapagos, L76, M|262/262\n|-activate|p2a: Terapagos|ability: Tera Shift\n|detailschange|p2a: Terapagos|Terapagos-Terastal, L76, M\n|-heal|p2a: Terapagos|269/269|[silent]\n|move|p1a: Gastrodon|Sludge Bomb|p2a: Terapagos\n|-activate|p2a: Terapagos|ability: Tera Shell\n|-resisted|p2a: Terapagos\n|-damage|p2a: Terapagos|238/269\n|\n|-heal|p1a: Gastrodon|331/331|[from] item: Leftovers\n|upkeep\n|turn|9\n|\n|t:|1732961623\n|move|p2a: Terapagos|Rapid Spin|p1a: Gastrodon\n|-damage|p1a: Gastrodon|282/331\n|-boost|p2a: Terapagos|spe|1\n|-sideend|p2: zantaRay|Spikes|[from] move: Rapid Spin|[of] p2a: Terapagos\n|-sideend|p2: zantaRay|Stealth Rock|[from] move: Rapid Spin|[of] p2a: Terapagos\n|move|p1a: Gastrodon|Sludge Bomb|p2a: Terapagos\n|-damage|p2a: Terapagos|182/269\n|\n|-heal|p1a: Gastrodon|302/331|[from] item: Leftovers\n|upkeep\n|turn|10\n|inactive|zantaRay has 120 seconds left.\n|\n|t:|1732961662\n|move|p2a: Terapagos|Tera Starstorm|p1a: Gastrodon\n|-damage|p1a: Gastrodon|191/331\n|move|p1a: Gastrodon|Stealth Rock|p2a: Terapagos\n|-sidestart|p2: zantaRay|move: Stealth Rock\n|\n|-heal|p1a: Gastrodon|211/331|[from] item: Leftovers\n|upkeep\n|turn|11\n|inactive|zantaRay has 120 seconds left.\n|\n|t:|1732961673\n|move|p2a: Terapagos|Rapid Spin|p1a: Gastrodon\n|-crit|p1a: Gastrodon\n|-damage|p1a: Gastrodon|139/331\n|-boost|p2a: Terapagos|spe|1\n|-sideend|p2: zantaRay|Stealth Rock|[from] move: Rapid Spin|[of] p2a: Terapagos\n|move|p1a: Gastrodon|Sludge Bomb|p2a: Terapagos\n|-damage|p2a: Terapagos|121/269\n|\n|-heal|p1a: Gastrodon|159/331|[from] item: Leftovers\n|upkeep\n|turn|12\n|inactive|zantaRay has 120 seconds left.\n|\n|t:|1732961683\n|move|p2a: Terapagos|Tera Starstorm|p1a: Gastrodon\n|-damage|p1a: Gastrodon|50/331\n|move|p1a: Gastrodon|Recover|p1a: Gastrodon\n|-heal|p1a: Gastrodon|216/331\n|\n|-heal|p1a: Gastrodon|236/331|[from] item: Leftovers\n|upkeep\n|turn|13\n|j| dfghguioipot\n|\n|t:|1732961690\n|switch|p2a: Gogoat|Gogoat, L88, F|360/360\n|move|p1a: Gastrodon|Stealth Rock|p2a: Gogoat\n|-sidestart|p2: zantaRay|move: Stealth Rock\n|\n|-heal|p1a: Gastrodon|256/331|[from] item: Leftovers\n|upkeep\n|turn|14\n|\n|t:|1732961697\n|switch|p2a: Charizard|Charizard, L85, F|118/271\n|move|p1a: Gastrodon|Sludge Bomb|p2a: Charizard\n|-damage|p2a: Charizard|55/271\n|\n|-heal|p1a: Gastrodon|276/331|[from] item: Leftovers\n|upkeep\n|turn|15\n|l| dfghguioipot\n|\n|t:|1732961705\n|move|p2a: Charizard|Hurricane|p1a: Gastrodon|[miss]\n|-miss|p2a: Charizard|p1a: Gastrodon\n|move|p1a: Gastrodon|Recover|p1a: Gastrodon\n|-heal|p1a: Gastrodon|331/331\n|\n|upkeep\n|turn|16\n|\n|t:|1732961708\n|move|p2a: Charizard|Hurricane|p1a: Gastrodon\n|-damage|p1a: Gastrodon|183/331\n|-start|p1a: Gastrodon|confusion\n|-activate|p1a: Gastrodon|confusion\n|move|p1a: Gastrodon|Sludge Bomb|p2a: Charizard\n|-damage|p2a: Charizard|0 fnt\n|faint|p2a: Charizard\n|\n|-heal|p1a: Gastrodon|203/331|[from] item: Leftovers\n|upkeep\n|\n|t:|1732961730\n|switch|p2a: Mismagius|Mismagius, L86, F|243/243\n|-damage|p2a: Mismagius|213/243|[from] Stealth Rock\n|turn|17\n|\n|t:|1732961751\n|switch|p1a: Smeargle|Smeargle, L95, M|258/258\n|-damage|p1a: Smeargle|226/258|[from] Stealth Rock\n|move|p2a: Mismagius|Shadow Ball|p1a: Smeargle\n|-immune|p1a: Smeargle\n|\n|upkeep\n|turn|18\n|\n|t:|1732961765\n|switch|p2a: Terapagos|Terapagos-Terastal, L76, M|121/269\n|move|p1a: Smeargle|Shell Smash|p1a: Smeargle\n|-unboost|p1a: Smeargle|def|1\n|-unboost|p1a: Smeargle|spd|1\n|-boost|p1a: Smeargle|atk|2\n|-boost|p1a: Smeargle|spa|2\n|-boost|p1a: Smeargle|spe|2\n|\n|upkeep\n|turn|19\n|\n|t:|1732961779\n|move|p1a: Smeargle|Population Bomb|p2a: Terapagos\n|-damage|p2a: Terapagos|91/269\n|-damage|p2a: Terapagos|63/269\n|-damage|p2a: Terapagos|33/269\n|-damage|p2a: Terapagos|5/269\n|-damage|p2a: Terapagos|0 fnt\n|faint|p2a: Terapagos\n|-hitcount|p2: Terapagos|5\n|\n|upkeep\n|\n|t:|1732961782\n|switch|p2a: Hippowdon|Hippowdon, L82, F|311/311\n|-damage|p2a: Hippowdon|292/311|[from] Stealth Rock\n|-weather|Sandstorm|[from] ability: Sand Stream|[of] p2a: Hippowdon\n|turn|20\n|\n|t:|1732961786\n|move|p1a: Smeargle|Spore|p2a: Hippowdon\n|-status|p2a: Hippowdon|slp|[from] move: Spore\n|cant|p2a: Hippowdon|slp\n|\n|-weather|Sandstorm|[upkeep]\n|-damage|p1a: Smeargle|210/258|[from] Sandstorm\n|-heal|p2a: Hippowdon|311/311 slp|[from] item: Leftovers\n|upkeep\n|turn|21\n|\n|t:|1732961800\n|-terastallize|p2a: Hippowdon|Steel\n|move|p1a: Smeargle|Population Bomb|p2a: Hippowdon\n|-resisted|p2a: Hippowdon\n|-damage|p2a: Hippowdon|299/311 slp\n|-resisted|p2a: Hippowdon\n|-damage|p2a: Hippowdon|287/311 slp\n|-resisted|p2a: Hippowdon\n|-damage|p2a: Hippowdon|274/311 slp\n|-resisted|p2a: Hippowdon\n|-crit|p2a: Hippowdon\n|-damage|p2a: Hippowdon|254/311 slp\n|-resisted|p2a: Hippowdon\n|-damage|p2a: Hippowdon|240/311 slp\n|-resisted|p2a: Hippowdon\n|-damage|p2a: Hippowdon|227/311 slp\n|-resisted|p2a: Hippowdon\n|-damage|p2a: Hippowdon|213/311 slp\n|-resisted|p2a: Hippowdon\n|-crit|p2a: Hippowdon\n|-damage|p2a: Hippowdon|192/311 slp\n|-resisted|p2a: Hippowdon\n|-damage|p2a: Hippowdon|177/311 slp\n|-resisted|p2a: Hippowdon\n|-damage|p2a: Hippowdon|164/311 slp\n|-hitcount|p2a: Hippowdon|10\n|-curestatus|p2a: Hippowdon|slp|[msg]\n|move|p2a: Hippowdon|Earthquake|p1a: Smeargle\n|-damage|p1a: Smeargle|0 fnt\n|faint|p1a: Smeargle\n|\n|-weather|Sandstorm|[upkeep]\n|-heal|p2a: Hippowdon|183/311|[from] item: Leftovers\n|upkeep\n|inactive|quisait has 120 seconds left.\n|\n|t:|1732961847\n|switch|p1a: Skarmory|Skarmory, L80, M|235/235\n|-damage|p1a: Skarmory|206/235|[from] Stealth Rock\n|turn|22\n|\n|t:|1732961858\n|switch|p2a: Flutter Mane|Flutter Mane, L74|203/203\n|-damage|p2a: Flutter Mane|178/203|[from] Stealth Rock\n|move|p1a: Skarmory|Spikes|p2a: Flutter Mane\n|-sidestart|p2: zantaRay|Spikes\n|\n|-weather|Sandstorm|[upkeep]\n|-damage|p2a: Flutter Mane|166/203|[from] Sandstorm\n|-heal|p1a: Skarmory|220/235|[from] item: Leftovers\n|upkeep\n|turn|23\n|\n|t:|1732961868\n|move|p2a: Flutter Mane|Calm Mind|p2a: Flutter Mane\n|-boost|p2a: Flutter Mane|spa|1\n|-boost|p2a: Flutter Mane|spd|1\n|move|p1a: Skarmory|Brave Bird|p2a: Flutter Mane\n|-damage|p2a: Flutter Mane|16/203\n|-damage|p1a: Skarmory|170/235|[from] Recoil\n|\n|-weather|Sandstorm|[upkeep]\n|-damage|p2a: Flutter Mane|4/203|[from] Sandstorm\n|-heal|p1a: Skarmory|184/235|[from] item: Leftovers\n|upkeep\n|turn|24\n|\n|t:|1732961874\n|switch|p1a: Gastrodon|Gastrodon-East, L86, M|203/331\n|-damage|p1a: Gastrodon|183/331|[from] Stealth Rock\n|move|p2a: Flutter Mane|Shadow Ball|p1a: Gastrodon\n|-damage|p1a: Gastrodon|6/331\n|-damage|p2a: Flutter Mane|0 fnt|[from] item: Life Orb\n|faint|p2a: Flutter Mane\n|-end|p2a: Flutter Mane|Protosynthesis|[silent]\n|\n|-weather|none\n|-heal|p1a: Gastrodon|26/331|[from] item: Leftovers\n|upkeep\n|\n|t:|1732961878\n|switch|p2a: Mismagius|Mismagius, L86, F|213/243\n|-damage|p2a: Mismagius|183/243|[from] Stealth Rock\n|turn|25\n|\n|t:|1732961887\n|switch|p1a: Sandslash|Sandslash-Alola, L88, M|275/275\n|-damage|p1a: Sandslash|241/275|[from] Stealth Rock\n|move|p2a: Mismagius|Shadow Ball|p1a: Sandslash\n|-damage|p1a: Sandslash|66/275\n|\n|upkeep\n|turn|26\n|inactive|quisait has 120 seconds left.\n|\n|t:|1732961893\n|move|p2a: Mismagius|Shadow Ball|p1a: Sandslash\n|-damage|p1a: Sandslash|0 fnt\n|faint|p1a: Sandslash\n|\n|upkeep\n|inactive|quisait has 120 seconds left.\n|\n|t:|1732961901\n|switch|p1a: Blastoise|Blastoise, L80, F|258/258\n|-damage|p1a: Blastoise|226/258|[from] Stealth Rock\n|turn|27\n|\n|t:|1732961908\n|move|p2a: Mismagius|Shadow Ball|p1a: Blastoise\n|-damage|p1a: Blastoise|102/258\n|-unboost|p1a: Blastoise|spd|1\n|-enditem|p1a: Blastoise|White Herb\n|-clearnegativeboost|p1a: Blastoise|[silent]\n|move|p1a: Blastoise|Shell Smash|p1a: Blastoise\n|-unboost|p1a: Blastoise|def|1\n|-unboost|p1a: Blastoise|spd|1\n|-boost|p1a: Blastoise|atk|2\n|-boost|p1a: Blastoise|spa|2\n|-boost|p1a: Blastoise|spe|2\n|\n|upkeep\n|turn|28\n|\n|t:|1732961920\n|switch|p2a: Hippowdon|Hippowdon, L82, F, tera:Steel|183/311\n|-damage|p2a: Hippowdon|164/311|[from] Stealth Rock\n|-damage|p2a: Hippowdon|126/311|[from] Spikes\n|-weather|Sandstorm|[from] ability: Sand Stream|[of] p2a: Hippowdon\n|-terastallize|p1a: Blastoise|Water\n|move|p1a: Blastoise|Hydro Pump|p2a: Hippowdon\n|-damage|p2a: Hippowdon|0 fnt\n|faint|p2a: Hippowdon\n|\n|-weather|Sandstorm|[upkeep]\n|-damage|p1a: Blastoise|86/258|[from] Sandstorm\n|upkeep\n|\n|t:|1732961922\n|switch|p2a: Gogoat|Gogoat, L88, F|360/360\n|-damage|p2a: Gogoat|315/360|[from] Stealth Rock\n|-damage|p2a: Gogoat|270/360|[from] Spikes\n|turn|29\n|\n|t:|1732961929\n|move|p1a: Blastoise|Ice Beam|p2a: Gogoat\n|-supereffective|p2a: Gogoat\n|-damage|p2a: Gogoat|48/360\n|move|p2a: Gogoat|Horn Leech|p1a: Blastoise\n|-supereffective|p1a: Blastoise\n|-damage|p1a: Blastoise|0 fnt\n|-heal|p2a: Gogoat|91/360|[from] drain|[of] p1a: Blastoise\n|faint|p1a: Blastoise\n|\n|-weather|Sandstorm|[upkeep]\n|-damage|p2a: Gogoat|69/360|[from] Sandstorm\n|-heal|p2a: Gogoat|91/360|[from] item: Leftovers\n|upkeep\n|\n|t:|1732961931\n|switch|p1a: Skarmory|Skarmory, L80, M|184/235\n|-damage|p1a: Skarmory|155/235|[from] Stealth Rock\n|turn|30\n|\n|t:|1732961948\n|move|p2a: Gogoat|Milk Drink|p2a: Gogoat\n|-heal|p2a: Gogoat|271/360\n|move|p1a: Skarmory|Roost|p1a: Skarmory\n|-heal|p1a: Skarmory|235/235\n|-singleturn|p1a: Skarmory|move: Roost\n|\n|-weather|Sandstorm|[upkeep]\n|-damage|p2a: Gogoat|249/360|[from] Sandstorm\n|-heal|p2a: Gogoat|271/360|[from] item: Leftovers\n|upkeep\n|turn|31\n|\n|t:|1732961956\n|move|p2a: Gogoat|Bulk Up|p2a: Gogoat\n|-boost|p2a: Gogoat|atk|1\n|-boost|p2a: Gogoat|def|1\n|move|p1a: Skarmory|Brave Bird|p2a: Gogoat\n|-supereffective|p2a: Gogoat\n|-damage|p2a: Gogoat|103/360\n|-damage|p1a: Skarmory|180/235|[from] Recoil\n|\n|-weather|Sandstorm|[upkeep]\n|-damage|p2a: Gogoat|81/360|[from] Sandstorm\n|-heal|p2a: Gogoat|103/360|[from] item: Leftovers\n|-heal|p1a: Skarmory|194/235|[from] item: Leftovers\n|upkeep\n|turn|32\n|\n|t:|1732961964\n|move|p2a: Gogoat|Milk Drink|p2a: Gogoat\n|-heal|p2a: Gogoat|283/360\n|move|p1a: Skarmory|Brave Bird|p2a: Gogoat\n|-supereffective|p2a: Gogoat\n|-damage|p2a: Gogoat|127/360\n|-damage|p1a: Skarmory|143/235|[from] Recoil\n|\n|-weather|none\n|-heal|p2a: Gogoat|149/360|[from] item: Leftovers\n|-heal|p1a: Skarmory|157/235|[from] item: Leftovers\n|upkeep\n|turn|33\n|\n|t:|1732961971\n|move|p2a: Gogoat|Bulk Up|p2a: Gogoat\n|-boost|p2a: Gogoat|atk|1\n|-boost|p2a: Gogoat|def|1\n|move|p1a: Skarmory|Brave Bird|p2a: Gogoat\n|-supereffective|p2a: Gogoat\n|-damage|p2a: Gogoat|15/360\n|-damage|p1a: Skarmory|113/235|[from] Recoil\n|\n|-heal|p2a: Gogoat|37/360|[from] item: Leftovers\n|-heal|p1a: Skarmory|127/235|[from] item: Leftovers\n|upkeep\n|turn|34\n|\n|t:|1732961978\n|move|p2a: Gogoat|Milk Drink|p2a: Gogoat\n|-heal|p2a: Gogoat|217/360\n|move|p1a: Skarmory|Brave Bird|p2a: Gogoat\n|-supereffective|p2a: Gogoat\n|-damage|p2a: Gogoat|97/360\n|-damage|p1a: Skarmory|87/235|[from] Recoil\n|\n|-heal|p2a: Gogoat|119/360|[from] item: Leftovers\n|-heal|p1a: Skarmory|101/235|[from] item: Leftovers\n|upkeep\n|turn|35\n|\n|t:|1732961984\n|move|p2a: Gogoat|Horn Leech|p1a: Skarmory\n|-resisted|p1a: Skarmory\n|-damage|p1a: Skarmory|71/235\n|-heal|p2a: Gogoat|134/360|[from] drain|[of] p1a: Skarmory\n|move|p1a: Skarmory|Brave Bird|p2a: Gogoat\n|-supereffective|p2a: Gogoat\n|-damage|p2a: Gogoat|18/360\n|-damage|p1a: Skarmory|33/235|[from] Recoil\n|\n|-heal|p2a: Gogoat|40/360|[from] item: Leftovers\n|-heal|p1a: Skarmory|47/235|[from] item: Leftovers\n|upkeep\n|turn|36\n|\n|t:|1732961995\n|move|p2a: Gogoat|Milk Drink|p2a: Gogoat\n|-heal|p2a: Gogoat|220/360\n|move|p1a: Skarmory|Roost|p1a: Skarmory\n|-heal|p1a: Skarmory|165/235\n|-singleturn|p1a: Skarmory|move: Roost\n|\n|-heal|p2a: Gogoat|242/360|[from] item: Leftovers\n|-heal|p1a: Skarmory|179/235|[from] item: Leftovers\n|upkeep\n|turn|37\n|\n|t:|1732961999\n|move|p2a: Gogoat|Bulk Up|p2a: Gogoat\n|-boost|p2a: Gogoat|atk|1\n|-boost|p2a: Gogoat|def|1\n|move|p1a: Skarmory|Brave Bird|p2a: Gogoat\n|-supereffective|p2a: Gogoat\n|-damage|p2a: Gogoat|134/360\n|-damage|p1a: Skarmory|143/235|[from] Recoil\n|\n|-heal|p2a: Gogoat|156/360|[from] item: Leftovers\n|-heal|p1a: Skarmory|157/235|[from] item: Leftovers\n|upkeep\n|turn|38\n|\n|t:|1732962012\n|move|p2a: Gogoat|Bulk Up|p2a: Gogoat\n|-boost|p2a: Gogoat|atk|1\n|-boost|p2a: Gogoat|def|1\n|move|p1a: Skarmory|Brave Bird|p2a: Gogoat\n|-supereffective|p2a: Gogoat\n|-damage|p2a: Gogoat|66/360\n|-damage|p1a: Skarmory|127/235|[from] Recoil\n|\n|-heal|p2a: Gogoat|88/360|[from] item: Leftovers\n|-heal|p1a: Skarmory|141/235|[from] item: Leftovers\n|upkeep\n|turn|39\n|\n|t:|1732962025\n|move|p2a: Gogoat|Milk Drink|p2a: Gogoat\n|-heal|p2a: Gogoat|268/360\n|move|p1a: Skarmory|Brave Bird|p2a: Gogoat\n|-supereffective|p2a: Gogoat\n|-damage|p2a: Gogoat|188/360\n|-damage|p1a: Skarmory|115/235|[from] Recoil\n|\n|-heal|p2a: Gogoat|210/360|[from] item: Leftovers\n|-heal|p1a: Skarmory|129/235|[from] item: Leftovers\n|upkeep\n|turn|40\n|\n|t:|1732962030\n|move|p2a: Gogoat|Bulk Up|p2a: Gogoat\n|-boost|p2a: Gogoat|atk|1\n|-boost|p2a: Gogoat|def|1\n|move|p1a: Skarmory|Roost|p1a: Skarmory\n|-heal|p1a: Skarmory|235/235\n|-singleturn|p1a: Skarmory|move: Roost\n|\n|-heal|p2a: Gogoat|232/360|[from] item: Leftovers\n|upkeep\n|turn|41\n|\n|t:|1732962034\n|move|p2a: Gogoat|Bulk Up|p2a: Gogoat\n|-boost|p2a: Gogoat|atk|1\n|-boost|p2a: Gogoat|def|1\n|move|p1a: Skarmory|Brave Bird|p2a: Gogoat\n|-supereffective|p2a: Gogoat\n|-damage|p2a: Gogoat|170/360\n|-damage|p1a: Skarmory|215/235|[from] Recoil\n|\n|-heal|p2a: Gogoat|192/360|[from] item: Leftovers\n|-heal|p1a: Skarmory|229/235|[from] item: Leftovers\n|upkeep\n|turn|42\n|\n|t:|1732962038\n|move|p2a: Gogoat|Horn Leech|p1a: Skarmory\n|-resisted|p1a: Skarmory\n|-damage|p1a: Skarmory|165/235\n|-heal|p2a: Gogoat|224/360|[from] drain|[of] p1a: Skarmory\n|move|p1a: Skarmory|Brave Bird|p2a: Gogoat\n|-supereffective|p2a: Gogoat\n|-damage|p2a: Gogoat|162/360\n|-damage|p1a: Skarmory|145/235|[from] Recoil\n|\n|-heal|p2a: Gogoat|184/360|[from] item: Leftovers\n|-heal|p1a: Skarmory|159/235|[from] item: Leftovers\n|upkeep\n|turn|43\n|\n|t:|1732962043\n|move|p2a: Gogoat|Horn Leech|p1a: Skarmory\n|-resisted|p1a: Skarmory\n|-damage|p1a: Skarmory|89/235\n|-heal|p2a: Gogoat|219/360|[from] drain|[of] p1a: Skarmory\n|move|p1a: Skarmory|Brave Bird|p2a: Gogoat\n|-supereffective|p2a: Gogoat\n|-damage|p2a: Gogoat|157/360\n|-damage|p1a: Skarmory|69/235|[from] Recoil\n|\n|-heal|p2a: Gogoat|179/360|[from] item: Leftovers\n|-heal|p1a: Skarmory|83/235|[from] item: Leftovers\n|upkeep\n|turn|44\n|\n|t:|1732962049\n|move|p2a: Gogoat|Horn Leech|p1a: Skarmory\n|-resisted|p1a: Skarmory\n|-damage|p1a: Skarmory|15/235\n|-heal|p2a: Gogoat|213/360|[from] drain|[of] p1a: Skarmory\n|move|p1a: Skarmory|Roost|p1a: Skarmory\n|-heal|p1a: Skarmory|133/235\n|-singleturn|p1a: Skarmory|move: Roost\n|\n|-heal|p2a: Gogoat|235/360|[from] item: Leftovers\n|-heal|p1a: Skarmory|147/235|[from] item: Leftovers\n|upkeep\n|turn|45\n|\n|t:|1732962054\n|move|p2a: Gogoat|Horn Leech|p1a: Skarmory\n|-resisted|p1a: Skarmory\n|-damage|p1a: Skarmory|84/235\n|-heal|p2a: Gogoat|267/360|[from] drain|[of] p1a: Skarmory\n|move|p1a: Skarmory|Roost|p1a: Skarmory\n|-heal|p1a: Skarmory|202/235\n|-singleturn|p1a: Skarmory|move: Roost\n|\n|-heal|p2a: Gogoat|289/360|[from] item: Leftovers\n|-heal|p1a: Skarmory|216/235|[from] item: Leftovers\n|upkeep\n|turn|46\n|\n|t:|1732962058\n|move|p2a: Gogoat|Horn Leech|p1a: Skarmory\n|-resisted|p1a: Skarmory\n|-damage|p1a: Skarmory|152/235\n|-heal|p2a: Gogoat|321/360|[from] drain|[of] p1a: Skarmory\n|move|p1a: Skarmory|Brave Bird|p2a: Gogoat\n|-supereffective|p2a: Gogoat\n|-damage|p2a: Gogoat|259/360\n|-damage|p1a: Skarmory|132/235|[from] Recoil\n|\n|-heal|p2a: Gogoat|281/360|[from] item: Leftovers\n|-heal|p1a: Skarmory|146/235|[from] item: Leftovers\n|upkeep\n|turn|47\n|\n|t:|1732962066\n|move|p2a: Gogoat|Horn Leech|p1a: Skarmory\n|-resisted|p1a: Skarmory\n|-damage|p1a: Skarmory|82/235\n|-heal|p2a: Gogoat|313/360|[from] drain|[of] p1a: Skarmory\n|move|p1a: Skarmory|Roost|p1a: Skarmory\n|-heal|p1a: Skarmory|200/235\n|-singleturn|p1a: Skarmory|move: Roost\n|\n|-heal|p2a: Gogoat|335/360|[from] item: Leftovers\n|-heal|p1a: Skarmory|214/235|[from] item: Leftovers\n|upkeep\n|turn|48\n|\n|t:|1732962076\n|move|p2a: Gogoat|Horn Leech|p1a: Skarmory\n|-resisted|p1a: Skarmory\n|-damage|p1a: Skarmory|150/235\n|-heal|p2a: Gogoat|360/360|[from] drain|[of] p1a: Skarmory\n|move|p1a: Skarmory|Brave Bird|p2a: Gogoat\n|-supereffective|p2a: Gogoat\n|-damage|p2a: Gogoat|292/360\n|-damage|p1a: Skarmory|128/235|[from] Recoil\n|\n|-heal|p2a: Gogoat|314/360|[from] item: Leftovers\n|-heal|p1a: Skarmory|142/235|[from] item: Leftovers\n|upkeep\n|turn|49\n|\n|t:|1732962083\n|move|p2a: Gogoat|Horn Leech|p1a: Skarmory\n|-resisted|p1a: Skarmory\n|-damage|p1a: Skarmory|78/235\n|-heal|p2a: Gogoat|346/360|[from] drain|[of] p1a: Skarmory\n|move|p1a: Skarmory|Roost|p1a: Skarmory\n|-heal|p1a: Skarmory|196/235\n|-singleturn|p1a: Skarmory|move: Roost\n|\n|-heal|p2a: Gogoat|360/360|[from] item: Leftovers\n|-heal|p1a: Skarmory|210/235|[from] item: Leftovers\n|upkeep\n|turn|50\n|\n|t:|1732962087\n|move|p2a: Gogoat|Horn Leech|p1a: Skarmory\n|-resisted|p1a: Skarmory\n|-damage|p1a: Skarmory|150/235\n|move|p1a: Skarmory|Brave Bird|p2a: Gogoat\n|-supereffective|p2a: Gogoat\n|-damage|p2a: Gogoat|294/360\n|-damage|p1a: Skarmory|128/235|[from] Recoil\n|\n|-heal|p2a: Gogoat|316/360|[from] item: Leftovers\n|-heal|p1a: Skarmory|142/235|[from] item: Leftovers\n|upkeep\n|turn|51\n|\n|t:|1732962090\n|move|p2a: Gogoat|Earthquake|p1a: Skarmory\n|-immune|p1a: Skarmory\n|move|p1a: Skarmory|Roost|p1a: Skarmory\n|-heal|p1a: Skarmory|235/235\n|-singleturn|p1a: Skarmory|move: Roost\n|\n|-heal|p2a: Gogoat|338/360|[from] item: Leftovers\n|upkeep\n|turn|52\n|\n|t:|1732962093\n|move|p2a: Gogoat|Horn Leech|p1a: Skarmory\n|-resisted|p1a: Skarmory\n|-damage|p1a: Skarmory|176/235\n|-heal|p2a: Gogoat|360/360|[from] drain|[of] p1a: Skarmory\n|move|p1a: Skarmory|Brave Bird|p2a: Gogoat\n|-supereffective|p2a: Gogoat\n|-damage|p2a: Gogoat|300/360\n|-damage|p1a: Skarmory|156/235|[from] Recoil\n|\n|-heal|p2a: Gogoat|322/360|[from] item: Leftovers\n|-heal|p1a: Skarmory|170/235|[from] item: Leftovers\n|upkeep\n|turn|53\n|-message|quisait forfeited.\n|\n|win|zantaRay\n|raw|quisait's rating: 2048 &rarr; <strong>2026</strong><br />(-22 for losing)\n|raw|zantaRay's rating: 2015 &rarr; <strong>2037</strong><br />(+22 for winning)\n|l|\u2606quisait\n|player|p1|\n", "inputlog": ">version b107d77f5c90bd6555267ae244a6264823309ead\n>start {\"formatid\":\"gen9randombattle\",\"seed\":[1093,18997,48898,1860],\"rated\":\"Rated battle\"}\n>player p1 {\"name\":\"quisait\",\"avatar\":\"266\",\"rating\":2048,\"seed\":[229,59117,55345,50338]}\n>player p2 {\"name\":\"zantaRay\",\"avatar\":\"101\",\"rating\":2015,\"seed\":[49731,64860,33865,785]}\n>p1 move stealthrock\n>p2 switch 6\n>p1 switch 3\n>p2 move earthquake\n>p1 move spikes\n>p2 switch 3\n>p1 move spikes\n>p2 move stealthrock\n>p1 move spikes\n>p2 switch 6\n>p1 switch 5\n>p2 move hurricane\n>p1 move darkpulse\n>p2 move earthquake\n>p1 switch 3\n>p1 move sludgebomb\n>p2 switch 5\n>p1 move sludgebomb\n>p2 move rapidspin\n>p1 move stealthrock\n>p2 move terastarstorm\n>p1 move sludgebomb\n>p2 move rapidspin\n>p1 move recover\n>p2 move terastarstorm\n>p1 move stealthrock\n>p2 switch 3\n>p1 move sludgebomb\n>p2 switch 5\n>p1 move recover\n>p2 move hurricane\n>p1 move sludgebomb\n>p2 move hurricane\n>p2 switch 2\n>p1 switch 6\n>p2 move shadowball\n>p1 move shellsmash\n>p2 switch 3\n>p1 move populationbomb\n>p2 move terastarstorm\n>p2 switch 6\n>p1 move spore\n>p2 move earthquake\n>p1 move populationbomb\n>p2 move earthquake terastallize\n>p1 switch 5\n>p1 move spikes\n>p2 switch 4\n>p1 move bravebird\n>p2 move calmmind\n>p1 switch 6\n>p2 move shadowball\n>p2 switch 3\n>p1 switch 4\n>p2 move shadowball\n>p1 move knockoff\n>p2 move shadowball\n>p1 switch 2\n>p1 move shellsmash\n>p2 move shadowball\n>p1 move hydropump terastallize\n>p2 switch 4\n>p2 switch 5\n>p1 move icebeam\n>p2 move hornleech\n>p1 switch 6\n>p1 move roost\n>p2 move milkdrink\n>p1 move bravebird\n>p2 move bulkup\n>p1 move bravebird\n>p2 move milkdrink\n>p1 move bravebird\n>p2 move bulkup\n>p1 move bravebird\n>p2 move milkdrink\n>p1 move bravebird\n>p2 move hornleech\n>p1 move roost\n>p2 move milkdrink\n>p1 move bravebird\n>p2 move bulkup\n>p1 move bravebird\n>p2 move bulkup\n>p1 move bravebird\n>p2 move milkdrink\n>p1 move roost\n>p2 move bulkup\n>p1 move bravebird\n>p2 move bulkup\n>p1 move bravebird\n>p2 move hornleech\n>p1 move bravebird\n>p2 move hornleech\n>p1 move roost\n>p2 move hornleech\n>p1 move roost\n>p2 move hornleech\n>p1 move bravebird\n>p2 move hornleech\n>p1 move roost\n>p2 move hornleech\n>p1 move bravebird\n>p2 move hornleech\n>p1 move roost\n>p2 move hornleech\n>p1 move bravebird\n>p2 move hornleech\n>p1 move roost\n>p2 move earthquake\n>p1 move bravebird\n>p2 move hornleech\n>forcelose p1", "uploadtime": 1732962106, "views": 9, "formatid": "gen9randombattle", "rating": 2026, "private": 0, "password": null}