{"id": "gen9randombattle-2254030865", "format": "[Gen 9] Random Battle", "players": ["ishebfkdudg", "Markgandon220"], "log": "|j|\u2606ishebfkdudg\n|j|\u2606Markgandon220\n|t:|1732982404\n|gametype|singles\n|player|p1|ishebfkdudg|101|1000\n|player|p2|Markgandon220|ghetsis|1000\n|teamsize|p1|6\n|teamsize|p2|6\n|gen|9\n|tier|[Gen 9] Random Battle\n|rated|\n|rule|Species Clause: Limit one of each Pok\u00e9mon\n|rule|HP Percentage Mod: HP is shown in percentages\n|rule|Sleep Clause Mod: Limit one foe put to sleep\n|rule|Illusion Level Mod: Illusion disguises the Pok\u00e9mon's true level\n|\n|t:|1732982404\n|start\n|switch|p1a: Sceptile|Sceptile, L87, F|264/264\n|switch|p2a: Dragalge|Dragalge, L88, F|258/258\n|turn|1\n|\n|t:|1732982418\n|move|p1a: Sceptile|Substitute|p1a: Sceptile\n|-start|p1a: Sceptile|Substitute\n|-damage|p1a: Sceptile|198/264\n|move|p2a: Dragalge|Sludge Wave|p1a: Sceptile\n|-supereffective|p1a: Sceptile\n|-end|p1a: Sceptile|Substitute\n|\n|-heal|p1a: Sceptile|214/264|[from] item: Leftovers\n|upkeep\n|turn|2\n|\n|t:|1732982445\n|-terastallize|p1a: Sceptile|Steel\n|move|p1a: Sceptile|Focus Blast|p2a: Dragalge\n|-resisted|p2a: Dragalge\n|-crit|p2a: Dragalge\n|-damage|p2a: Dragalge|219/258\n|move|p2a: Dragalge|Sludge Wave|p1a: Sceptile\n|-immune|p1a: Sceptile\n|\n|-heal|p1a: Sceptile|230/264|[from] item: Leftovers\n|upkeep\n|turn|3\n|\n|t:|1732982458\n|move|p1a: Sceptile|Giga Drain|p2a: Dragalge\n|-resisted|p2a: Dragalge\n|-damage|p2a: Dragalge|208/258\n|-heal|p1a: Sceptile|236/264|[from] drain|[of] p2a: Dragalge\n|move|p2a: Dragalge|Focus Blast|p1a: Sceptile|[miss]\n|-miss|p2a: Dragalge|p1a: Sceptile\n|\n|-heal|p1a: Sceptile|252/264|[from] item: Leftovers\n|upkeep\n|turn|4\n|\n|t:|1732982473\n|move|p1a: Sceptile|Leech Seed|p2a: Dragalge\n|-start|p2a: Dragalge|move: Leech Seed\n|move|p2a: Dragalge|Focus Blast|p1a: Sceptile|[miss]\n|-miss|p2a: Dragalge|p1a: Sceptile\n|\n|-heal|p1a: Sceptile|264/264|[from] item: Leftovers\n|-damage|p2a: Dragalge|176/258|[from] Leech Seed|[of] p1a: Sceptile\n|upkeep\n|turn|5\n|\n|t:|1732982483\n|switch|p1a: Palafin|Palafin, L77, M|281/281\n|move|p2a: Dragalge|Focus Blast|p1a: Palafin\n|-damage|p1a: Palafin|139/281\n|\n|-heal|p1a: Palafin|156/281|[from] item: Leftovers\n|-damage|p2a: Dragalge|144/258|[from] Leech Seed|[of] p1a: Palafin\n|-heal|p1a: Palafin|188/281|[silent]\n|upkeep\n|turn|6\n|\n|t:|1732982501\n|move|p1a: Palafin|Jet Punch|p2a: Dragalge\n|-resisted|p2a: Dragalge\n|-damage|p2a: Dragalge|123/258\n|move|p2a: Dragalge|Sludge Wave|p1a: Palafin\n|-damage|p1a: Palafin|0 fnt\n|faint|p1a: Palafin\n|\n|upkeep\n|\n|t:|1732982512\n|switch|p1a: Ninetales|Ninetales, L85, M|263/263\n|-weather|SunnyDay|[from] ability: Drought|[of] p1a: Ninetales\n|turn|7\n|\n|t:|1732982524\n|move|p1a: Ninetales|Scorching Sands|p2a: Dragalge\n|-supereffective|p2a: Dragalge\n|-damage|p2a: Dragalge|77/258\n|move|p2a: Dragalge|Focus Blast|p1a: Ninetales\n|-damage|p1a: Ninetales|172/263\n|\n|-weather|SunnyDay|[upkeep]\n|-damage|p2a: Dragalge|45/258|[from] Leech Seed|[of] p1a: Ninetales\n|-heal|p1a: Ninetales|204/263|[silent]\n|upkeep\n|turn|8\n|\n|t:|1732982539\n|move|p1a: Ninetales|Solar Beam||[still]\n|-prepare|p1a: Ninetales|Solar Beam\n|-anim|p1a: Ninetales|Solar Beam|p2a: Dragalge\n|-resisted|p2a: Dragalge\n|-damage|p2a: Dragalge|36/258\n|move|p2a: Dragalge|Draco Meteor|p1a: Ninetales\n|-damage|p1a: Ninetales|12/263\n|-unboost|p2a: Dragalge|spa|2\n|\n|-weather|SunnyDay|[upkeep]\n|-damage|p2a: Dragalge|4/258|[from] Leech Seed|[of] p1a: Ninetales\n|-heal|p1a: Ninetales|44/263|[silent]\n|upkeep\n|turn|9\n|\n|t:|1732982554\n|move|p1a: Ninetales|Scorching Sands|p2a: Dragalge\n|-supereffective|p2a: Dragalge\n|-damage|p2a: Dragalge|0 fnt\n|faint|p2a: Dragalge\n|\n|-weather|SunnyDay|[upkeep]\n|upkeep\n|\n|t:|1732982566\n|switch|p2a: Wyrdeer|Wyrdeer, L87, F|321/321\n|-ability|p2a: Wyrdeer|Intimidate|boost\n|-unboost|p1a: Ninetales|atk|1\n|turn|10\n|inactive|Battle timer is ON: inactive players will automatically lose when time's up. (requested by ishebfkdudg)\n|\n|t:|1732982577\n|move|p1a: Ninetales|Solar Beam||[still]\n|-prepare|p1a: Ninetales|Solar Beam\n|-anim|p1a: Ninetales|Solar Beam|p2a: Wyrdeer\n|-damage|p2a: Wyrdeer|270/321\n|move|p2a: Wyrdeer|Megahorn|p1a: Ninetales\n|-resisted|p1a: Ninetales\n|-damage|p1a: Ninetales|0 fnt\n|faint|p1a: Ninetales\n|\n|-weather|SunnyDay|[upkeep]\n|upkeep\n|\n|t:|1732982588\n|switch|p1a: Sceptile|Sceptile, L87, F, tera:Steel|264/264\n|turn|11\n|\n|t:|1732982604\n|move|p1a: Sceptile|Focus Blast|p2a: Wyrdeer\n|-damage|p2a: Wyrdeer|201/321\n|move|p2a: Wyrdeer|Psychic Noise|p1a: Sceptile\n|-resisted|p1a: Sceptile\n|-damage|p1a: Sceptile|216/264\n|-start|p1a: Sceptile|move: Heal Block\n|\n|-weather|none\n|upkeep\n|turn|12\n|\n|t:|1732982614\n|move|p1a: Sceptile|Leech Seed|p2a: Wyrdeer\n|-start|p2a: Wyrdeer|move: Leech Seed\n|move|p2a: Wyrdeer|Earthquake|p1a: Sceptile\n|-supereffective|p1a: Sceptile\n|-damage|p1a: Sceptile|18/264\n|\n|-damage|p2a: Wyrdeer|161/321|[from] Leech Seed|[of] p1a: Sceptile\n|-end|p1a: Sceptile|move: Heal Block\n|upkeep\n|turn|13\n|\n|t:|1732982628\n|switch|p1a: Thundurus|Thundurus-Therian, L80, M|258/258\n|move|p2a: Wyrdeer|Earthquake|p1a: Thundurus\n|-immune|p1a: Thundurus\n|\n|-damage|p2a: Wyrdeer|121/321|[from] Leech Seed|[of] p1a: Thundurus\n|upkeep\n|turn|14\n|\n|t:|1732982640\n|move|p1a: Thundurus|Psychic|p2a: Wyrdeer\n|-resisted|p2a: Wyrdeer\n|-damage|p2a: Wyrdeer|93/321\n|move|p2a: Wyrdeer|Megahorn|p1a: Thundurus\n|-resisted|p1a: Thundurus\n|-damage|p1a: Thundurus|203/258\n|\n|-damage|p2a: Wyrdeer|53/321|[from] Leech Seed|[of] p1a: Thundurus\n|-heal|p1a: Thundurus|243/258|[silent]\n|upkeep\n|turn|15\n|\n|t:|1732982653\n|move|p1a: Thundurus|Psychic|p2a: Wyrdeer\n|-resisted|p2a: Wyrdeer\n|-damage|p2a: Wyrdeer|25/321\n|-unboost|p2a: Wyrdeer|spd|1\n|move|p2a: Wyrdeer|Megahorn|p1a: Thundurus\n|-resisted|p1a: Thundurus\n|-damage|p1a: Thundurus|182/258\n|\n|-damage|p2a: Wyrdeer|0 fnt|[from] Leech Seed|[of] p1a: Thundurus\n|-heal|p1a: Thundurus|207/258|[silent]\n|faint|p2a: Wyrdeer\n|upkeep\n|\n|t:|1732982666\n|switch|p2a: Okidogi|Okidogi, L77, M|262/262\n|turn|16\n|\n|t:|1732982671\n|move|p1a: Thundurus|Psychic|p2a: Okidogi\n|-supereffective|p2a: Okidogi\n|-damage|p2a: Okidogi|22/262\n|move|p2a: Okidogi|Knock Off|p1a: Thundurus\n|-damage|p1a: Thundurus|119/258\n|-enditem|p1a: Thundurus|Choice Scarf|[from] move: Knock Off|[of] p2a: Okidogi\n|\n|upkeep\n|turn|17\n|\n|t:|1732982681\n|move|p1a: Thundurus|Psychic|p2a: Okidogi\n|-supereffective|p2a: Okidogi\n|-damage|p2a: Okidogi|0 fnt\n|faint|p2a: Okidogi\n|\n|upkeep\n|\n|t:|1732982684\n|switch|p2a: Bellibolt|Bellibolt, L84, M|320/320\n|turn|18\n|\n|t:|1732982702\n|move|p1a: Thundurus|Volt Switch|p2a: Bellibolt\n|-resisted|p2a: Bellibolt\n|-damage|p2a: Bellibolt|272/320\n|-start|p2a: Bellibolt|Charge|Volt Switch|[from] ability: Electromorphosis\n|\n|t:|1732982708\n|switch|p1a: Roaring Moon|Roaring Moon, L72|270/270|[from] Volt Switch\n|move|p2a: Bellibolt|Muddy Water|p1a: Roaring Moon|[miss]\n|-miss|p2a: Bellibolt|p1a: Roaring Moon\n|\n|-heal|p2a: Bellibolt|292/320|[from] item: Leftovers\n|upkeep\n|turn|19\n|\n|t:|1732982719\n|move|p1a: Roaring Moon|Dragon Dance|p1a: Roaring Moon\n|-boost|p1a: Roaring Moon|atk|1\n|-boost|p1a: Roaring Moon|spe|1\n|move|p2a: Bellibolt|Thunderbolt|p1a: Roaring Moon\n|-resisted|p1a: Roaring Moon\n|-damage|p1a: Roaring Moon|160/270\n|-end|p2a: Bellibolt|Charge|[silent]\n|\n|-heal|p2a: Bellibolt|312/320|[from] item: Leftovers\n|upkeep\n|turn|20\n|\n|t:|1732982731\n|move|p1a: Roaring Moon|Dragon Dance|p1a: Roaring Moon\n|-boost|p1a: Roaring Moon|atk|1\n|-boost|p1a: Roaring Moon|spe|1\n|move|p2a: Bellibolt|Volt Switch|p1a: Roaring Moon\n|-resisted|p1a: Roaring Moon\n|-damage|p1a: Roaring Moon|116/270\n|\n|t:|1732982733\n|switch|p2a: Palossand|Palossand, L89, M|296/296|[from] Volt Switch\n|\n|upkeep\n|turn|21\n|\n|t:|1732982743\n|move|p1a: Roaring Moon|Outrage|p2a: Palossand\n|-damage|p2a: Palossand|91/296\n|move|p2a: Palossand|Earth Power|p1a: Roaring Moon\n|-damage|p1a: Roaring Moon|0 fnt\n|faint|p1a: Roaring Moon\n|-end|p1a: Roaring Moon|Protosynthesis|[silent]\n|\n|-heal|p2a: Palossand|109/296|[from] item: Leftovers\n|upkeep\n|\n|t:|1732982757\n|switch|p1a: Sceptile|Sceptile, L87, F, tera:Steel|18/264\n|turn|22\n|\n|t:|1732982762\n|move|p1a: Sceptile|Giga Drain|p2a: Palossand\n|-supereffective|p2a: Palossand\n|-damage|p2a: Palossand|0 fnt\n|-heal|p1a: Sceptile|73/264|[from] drain|[of] p2a: Palossand\n|faint|p2a: Palossand\n|\n|-heal|p1a: Sceptile|89/264|[from] item: Leftovers\n|upkeep\n|\n|t:|1732982770\n|switch|p2a: Bellibolt|Bellibolt, L84, M|312/320\n|turn|23\n|\n|t:|1732982780\n|move|p1a: Sceptile|Substitute|p1a: Sceptile\n|-start|p1a: Sceptile|Substitute\n|-damage|p1a: Sceptile|23/264\n|move|p2a: Bellibolt|Muddy Water|p1a: Sceptile\n|-activate|p1a: Sceptile|move: Substitute|[damage]\n|\n|-heal|p1a: Sceptile|39/264|[from] item: Leftovers\n|-heal|p2a: Bellibolt|320/320|[from] item: Leftovers\n|upkeep\n|turn|24\n|\n|t:|1732982790\n|move|p1a: Sceptile|Leech Seed|p2a: Bellibolt|[miss]\n|-miss|p1a: Sceptile|p2a: Bellibolt\n|move|p2a: Bellibolt|Muddy Water|p1a: Sceptile\n|-end|p1a: Sceptile|Substitute\n|\n|-heal|p1a: Sceptile|55/264|[from] item: Leftovers\n|upkeep\n|turn|25\n|\n|t:|1732982798\n|move|p1a: Sceptile|Leech Seed|p2a: Bellibolt\n|-start|p2a: Bellibolt|move: Leech Seed\n|move|p2a: Bellibolt|Muddy Water|p1a: Sceptile\n|-damage|p1a: Sceptile|0 fnt\n|faint|p1a: Sceptile\n|\n|upkeep\n|\n|t:|1732982807\n|switch|p1a: Glastrier|Glastrier, L86|312/312\n|turn|26\n|\n|t:|1732982813\n|move|p2a: Bellibolt|Thunderbolt|p1a: Glastrier\n|-damage|p1a: Glastrier|231/312\n|move|p1a: Glastrier|Swords Dance|p1a: Glastrier\n|-boost|p1a: Glastrier|atk|2\n|\n|-damage|p2a: Bellibolt|280/320|[from] Leech Seed|[of] p1a: Glastrier\n|-heal|p1a: Glastrier|271/312|[silent]\n|upkeep\n|turn|27\n|\n|t:|1732982826\n|switch|p2a: Oinkologne|Oinkologne-F, L92, F|361/361\n|move|p1a: Glastrier|Close Combat|p2a: Oinkologne\n|-supereffective|p2a: Oinkologne\n|-damage|p2a: Oinkologne|0 fnt\n|-unboost|p1a: Glastrier|def|1\n|-unboost|p1a: Glastrier|spd|1\n|faint|p2a: Oinkologne\n|-ability|p1a: Glastrier|Chilling Neigh|boost\n|-boost|p1a: Glastrier|atk|1\n|\n|upkeep\n|\n|t:|1732982829\n|switch|p2a: Bellibolt|Bellibolt, L84, M|280/320\n|turn|28\n|\n|t:|1732982844\n|move|p2a: Bellibolt|Thunderbolt|p1a: Glastrier\n|-damage|p1a: Glastrier|151/312\n|move|p1a: Glastrier|Icicle Crash|p2a: Bellibolt\n|-damage|p2a: Bellibolt|0 fnt\n|faint|p2a: Bellibolt\n|\n|win|ishebfkdudg\n|raw|ishebfkdudg's rating: 1000 &rarr; <strong>1040</strong><br />(+40 for winning)\n|raw|Markgandon220's rating: 1000 &rarr; <strong>1000</strong><br />(+0 for losing)\n|l|\u2606Markgandon220\n|player|p2|\n", "inputlog": ">version b107d77f5c90bd6555267ae244a6264823309ead\n>start {\"formatid\":\"gen9randombattle\",\"seed\":[37455,39820,11158,33536],\"rated\":\"Rated battle\"}\n>player p1 {\"name\":\"ishebfkdudg\",\"avatar\":\"101\",\"rating\":1000,\"seed\":[20573,30020,42177,14207]}\n>player p2 {\"name\":\"Markgandon220\",\"avatar\":\"ghetsis\",\"rating\":1000,\"seed\":[57010,51678,31902,40906]}\n>p1 move substitute\n>p2 move sludgewave\n>p1 move focusblast terastallize\n>p2 move sludgewave\n>p1 move gigadrain\n>p2 move focusblast\n>p1 move leechseed\n>p2 move focusblast\n>p1 switch 5\n>p2 move focusblast\n>p1 move jetpunch\n>p2 move sludgewave\n>p1 switch 3\n>p1 move scorchingsands\n>p2 move focusblast\n>p1 move solarbeam\n>p2 move dracometeor\n>p1 move scorchingsands\n>p2 move dracometeor\n>p2 switch 2\n>p1 move solarbeam\n>p2 move megahorn\n>p1 switch 5\n>p1 move focusblast\n>p2 move psychicnoise\n>p1 move leechseed\n>p2 move earthquake\n>p1 switch 6\n>p2 move earthquake\n>p1 move psychic\n>p2 move megahorn\n>p1 move psychic\n>p2 move megahorn\n>p2 switch 3\n>p1 move psychic\n>p2 move knockoff\n>p1 move psychic\n>p2 move drainpunch\n>p2 switch 5\n>p1 move voltswitch\n>p2 move muddywater\n>p1 switch 2\n>p1 move dragondance\n>p2 move thunderbolt\n>p1 move dragondance\n>p2 move voltswitch\n>p2 switch 6\n>p1 move outrage\n>p2 move earthpower\n>p1 switch 6\n>p1 move gigadrain\n>p2 move shoreup\n>p2 switch 6\n>p1 move substitute\n>p2 move muddywater\n>p1 move leechseed\n>p2 move muddywater\n>p1 move leechseed\n>p2 move muddywater\n>p1 switch 4\n>p1 move swordsdance\n>p2 move thunderbolt\n>p1 move closecombat\n>p2 switch 4\n>p2 switch 4\n>p1 move iciclecrash\n>p2 move thunderbolt", "uploadtime": 1732982854, "views": 2, "formatid": "gen9randombattle", "rating": 1000, "private": 0, "password": null}