{"id": "gen9randombattle-2253892710", "format": "[Gen 9] Random Battle", "players": ["FlinchMaker", "88jyy"], "log": "|j|\u2606FlinchMaker\n|j|\u260688jyy\n|t:|1732957905\n|gametype|singles\n|player|p1|FlinchMaker|102|1189\n|player|p2|88jyy|2|1202\n|teamsize|p1|6\n|teamsize|p2|6\n|gen|9\n|tier|[Gen 9] Random Battle\n|rated|\n|rule|Species Clause: Limit one of each Pok\u00e9mon\n|rule|HP Percentage Mod: HP is shown in percentages\n|rule|Sleep Clause Mod: Limit one foe put to sleep\n|rule|Illusion Level Mod: Illusion disguises the Pok\u00e9mon's true level\n|\n|t:|1732957906\n|start\n|switch|p1a: Flygon|Flygon, L82, F|265/265\n|switch|p2a: Tornadus|Tornadus-Therian, L79, M|254/254\n|turn|1\n|\n|t:|1732957926\n|move|p2a: Tornadus|Grass Knot|p1a: Flygon\n|-crit|p1a: Flygon\n|-damage|p1a: Flygon|125/265\n|move|p1a: Flygon|Stone Edge|p2a: Tornadus\n|-supereffective|p2a: Tornadus\n|-damage|p2a: Tornadus|8/254\n|\n|upkeep\n|turn|2\n|\n|t:|1732957960\n|switch|p2a: Scream Tail|Scream Tail, L84|330/330\n|move|p1a: Flygon|Stone Edge|p2a: Scream Tail\n|-damage|p2a: Scream Tail|235/330\n|\n|-heal|p2a: Scream Tail|255/330|[from] item: Leftovers\n|upkeep\n|turn|3\n|\n|t:|1732957971\n|move|p2a: Scream Tail|Play Rough|p1a: Flygon\n|-supereffective|p1a: Flygon\n|-damage|p1a: Flygon|0 fnt\n|faint|p1a: Flygon\n|\n|-heal|p2a: Scream Tail|275/330|[from] item: Leftovers\n|upkeep\n|\n|t:|1732957978\n|switch|p1a: Lokix|Lokix, L82, F|251/251\n|turn|4\n|\n|t:|1732957989\n|move|p1a: Lokix|First Impression|p2a: Scream Tail\n|-damage|p2a: Scream Tail|172/330\n|-damage|p1a: Lokix|226/251|[from] item: Life Orb\n|move|p2a: Scream Tail|Play Rough|p1a: Lokix\n|-supereffective|p1a: Lokix\n|-damage|p1a: Lokix|58/251\n|\n|-heal|p2a: Scream Tail|192/330|[from] item: Leftovers\n|upkeep\n|turn|5\n|\n|t:|1732958000\n|move|p1a: Lokix|Sucker Punch|p2a: Scream Tail\n|-damage|p2a: Scream Tail|102/330\n|-damage|p1a: Lokix|33/251|[from] item: Life Orb\n|move|p2a: Scream Tail|Play Rough|p1a: Lokix\n|-supereffective|p1a: Lokix\n|-damage|p1a: Lokix|0 fnt\n|faint|p1a: Lokix\n|\n|-heal|p2a: Scream Tail|122/330|[from] item: Leftovers\n|upkeep\n|\n|t:|1732958014\n|switch|p1a: Palafin|Palafin, L77, F|281/281\n|turn|6\n|\n|t:|1732958021\n|move|p2a: Scream Tail|Encore||[still]\n|-fail|p2a: Scream Tail\n|move|p1a: Palafin|Flip Turn|p2a: Scream Tail\n|-damage|p2a: Scream Tail|68/330\n|\n|t:|1732958032\n|detailschange|p1a: Palafin|Palafin-Hero, L77, F\n|switch|p1a: Pyroar|Pyroar, L88, F|295/295|[from] Flip Turn\n|-ability|p1a: Pyroar|Unnerve\n|\n|-heal|p2a: Scream Tail|88/330|[from] item: Leftovers\n|upkeep\n|turn|7\n|\n|t:|1732958045\n|-end|p2a: Scream Tail|Protosynthesis|[silent]\n|switch|p2a: Slowbro|Slowbro, L85, F|300/300\n|move|p1a: Pyroar|Hyper Voice|p2a: Slowbro\n|-damage|p2a: Slowbro|168/300\n|\n|-heal|p2a: Slowbro|186/300|[from] item: Leftovers\n|upkeep\n|turn|8\n|\n|t:|1732958062\n|switch|p1a: Palafin|Palafin-Hero, L77, F|281/281\n|-activate|p1a: Palafin|ability: Zero to Hero\n|move|p2a: Slowbro|Scald|p1a: Palafin\n|-resisted|p1a: Palafin\n|-damage|p1a: Palafin|228/281\n|\n|-heal|p2a: Slowbro|204/300|[from] item: Leftovers\n|upkeep\n|turn|9\n|\n|t:|1732958084\n|move|p1a: Palafin|Jet Punch|p2a: Slowbro\n|-resisted|p2a: Slowbro\n|-damage|p2a: Slowbro|156/300\n|move|p2a: Slowbro|Body Press|p1a: Palafin\n|-damage|p1a: Palafin|165/281\n|\n|-heal|p2a: Slowbro|174/300|[from] item: Leftovers\n|upkeep\n|turn|10\n|\n|t:|1732958093\n|move|p1a: Palafin|Jet Punch|p2a: Slowbro\n|-resisted|p2a: Slowbro\n|-damage|p2a: Slowbro|126/300\n|move|p2a: Slowbro|Iron Defense|p2a: Slowbro\n|-boost|p2a: Slowbro|def|2\n|\n|-heal|p2a: Slowbro|144/300|[from] item: Leftovers\n|upkeep\n|turn|11\n|\n|t:|1732958101\n|switch|p1a: Kommo-o|Kommo-o, L78, F|245/245\n|move|p2a: Slowbro|Iron Defense|p2a: Slowbro\n|-boost|p2a: Slowbro|def|2\n|\n|-heal|p2a: Slowbro|162/300|[from] item: Leftovers\n|upkeep\n|turn|12\n|\n|t:|1732958118\n|move|p1a: Kommo-o|Clangorous Soul|p1a: Kommo-o\n|-boost|p1a: Kommo-o|atk|1\n|-boost|p1a: Kommo-o|def|1\n|-boost|p1a: Kommo-o|spa|1\n|-boost|p1a: Kommo-o|spd|1\n|-boost|p1a: Kommo-o|spe|1\n|-damage|p1a: Kommo-o|165/245\n|-enditem|p1a: Kommo-o|Throat Spray\n|-boost|p1a: Kommo-o|spa|1|[from] item: Throat Spray\n|move|p2a: Slowbro|Slack Off|p2a: Slowbro\n|-heal|p2a: Slowbro|300/300\n|\n|upkeep\n|turn|13\n|\n|t:|1732958130\n|move|p1a: Kommo-o|Clanging Scales|p2a: Slowbro\n|-damage|p2a: Slowbro|74/300\n|-unboost|p1a: Kommo-o|def|1\n|move|p2a: Slowbro|Body Press|p1a: Kommo-o\n|-damage|p1a: Kommo-o|6/245\n|\n|-heal|p2a: Slowbro|92/300|[from] item: Leftovers\n|upkeep\n|turn|14\n|\n|t:|1732958141\n|move|p1a: Kommo-o|Clanging Scales|p2a: Slowbro\n|-damage|p2a: Slowbro|0 fnt\n|faint|p2a: Slowbro\n|-unboost|p1a: Kommo-o|def|1\n|\n|upkeep\n|\n|t:|1732958153\n|switch|p2a: Kilowattrel|Kilowattrel, L83, M|252/252\n|turn|15\n|\n|t:|1732958177\n|move|p1a: Kommo-o|Iron Head|p2a: Kilowattrel\n|-resisted|p2a: Kilowattrel\n|-damage|p2a: Kilowattrel|194/252\n|cant|p2a: Kilowattrel|flinch\n|\n|upkeep\n|turn|16\n|\n|t:|1732958193\n|move|p1a: Kommo-o|Clanging Scales|p2a: Kilowattrel\n|-damage|p2a: Kilowattrel|0 fnt\n|faint|p2a: Kilowattrel\n|-unboost|p1a: Kommo-o|def|1\n|\n|upkeep\n|\n|t:|1732958206\n|switch|p2a: Florges|Florges-Blue, L85, F|271/271\n|turn|17\n|\n|t:|1732958224\n|move|p1a: Kommo-o|Iron Head|p2a: Florges\n|-supereffective|p2a: Florges\n|-damage|p2a: Florges|83/271\n|cant|p2a: Florges|flinch\n|\n|-heal|p2a: Florges|99/271|[from] item: Leftovers\n|upkeep\n|turn|18\n|\n|t:|1732958233\n|move|p1a: Kommo-o|Iron Head|p2a: Florges\n|-supereffective|p2a: Florges\n|-damage|p2a: Florges|0 fnt\n|faint|p2a: Florges\n|\n|upkeep\n|-message|88jyy forfeited.\n|\n|win|FlinchMaker\n|raw|FlinchMaker's rating: 1189 &rarr; <strong>1215</strong><br />(+26 for winning)\n|raw|88jyy's rating: 1202 &rarr; <strong>1176</strong><br />(-26 for losing)\n|l|\u260688jyy\n|player|p2|\n|c|\u2606FlinchMaker|No way.\n", "inputlog": ">version b107d77f5c90bd6555267ae244a6264823309ead\n>start {\"formatid\":\"gen9randombattle\",\"seed\":[40885,4087,11226,3632],\"rated\":\"Rated battle\"}\n>player p1 {\"name\":\"FlinchMaker\",\"avatar\":\"102\",\"rating\":1189,\"seed\":[45260,47405,29750,46560]}\n>player p2 {\"name\":\"88jyy\",\"avatar\":\"2\",\"rating\":1202,\"seed\":[2471,43364,36882,12277]}\n>p1 move stoneedge\n>p2 move grassknot\n>p1 move stoneedge\n>p2 switch 5\n>p1 move stoneedge\n>p2 move playrough\n>p1 switch 4\n>p1 move firstimpression\n>p2 move playrough\n>p1 move suckerpunch\n>p2 move playrough\n>p1 switch 2\n>p1 move flipturn\n>p2 move encore\n>p1 switch 6\n>p1 move hypervoice\n>p2 switch 2\n>p1 switch 6\n>p2 move scald\n>p1 move jetpunch\n>p2 move bodypress\n>p1 move jetpunch\n>p2 move irondefense\n>p1 switch 5\n>p2 move irondefense\n>p1 move clangoroussoul\n>p2 move slackoff\n>p1 move clangingscales\n>p2 move bodypress\n>p1 move clangingscales\n>p2 move bodypress\n>p2 switch 4\n>p1 move ironhead\n>p2 move uturn\n>p1 move clangingscales\n>p2 move uturn\n>p2 switch 6\n>p1 move ironhead\n>p2 move terablast\n>p1 move ironhead\n>p2 move terablast\n>forcelose p2", "uploadtime": 1732958287, "views": 2, "formatid": "gen9randombattle", "rating": 1176, "private": 0, "password": null}