{"id": "gen9randombattle-2253964746", "format": "[Gen 9] Random Battle", "players": ["Yusei1789", "Gloriousplays"], "log": "|j|\u2606Yusei1789\n|j|\u203dGloriousplays\n|t:|1732972538\n|gametype|singles\n|player|p1|Yusei1789|170|2255\n|player|p2|Gloriousplays|ash|2290\n|teamsize|p1|6\n|teamsize|p2|6\n|gen|9\n|tier|[Gen 9] Random Battle\n|rated|\n|rule|Species Clause: Limit one of each Pok\u00e9mon\n|rule|HP Percentage Mod: HP is shown in percentages\n|rule|Sleep Clause Mod: Limit one foe put to sleep\n|rule|Illusion Level Mod: Illusion disguises the Pok\u00e9mon's true level\n|\n|t:|1732972538\n|start\n|switch|p1a: Delibird|Delibird, M|252/252\n|switch|p2a: Houndoom|Houndoom, L87, M|272/272\n|turn|1\n|inactive|Battle timer is ON: inactive players will automatically lose when time's up. (requested by Yusei1789)\n|\n|t:|1732972555\n|switch|p2a: Rhyperior|Rhyperior, L82, M|323/323\n|switch|p1a: Dragalge|Dragalge, L88, F|258/258\n|\n|upkeep\n|turn|2\n|\n|t:|1732972567\n|move|p1a: Dragalge|Toxic|p2a: Rhyperior\n|-status|p2a: Rhyperior|tox\n|move|p2a: Rhyperior|Ice Punch|p1a: Dragalge\n|-supereffective|p1a: Dragalge\n|-damage|p1a: Dragalge|134/258\n|\n|-heal|p1a: Dragalge|150/258|[from] item: Leftovers\n|-damage|p2a: Rhyperior|303/323 tox|[from] psn\n|upkeep\n|turn|3\n|\n|t:|1732972580\n|switch|p1a: Illumise|Illumise, L91, F|266/266\n|move|p2a: Rhyperior|Stone Edge|p1a: Illumise\n|-supereffective|p1a: Illumise\n|-damage|p1a: Illumise|0 fnt\n|faint|p1a: Illumise\n|\n|-damage|p2a: Rhyperior|263/323 tox|[from] psn\n|upkeep\n|\n|t:|1732972592\n|switch|p1a: Iron Bundle|Iron Bundle, L77|213/213\n|turn|4\n|\n|t:|1732972599\n|switch|p2a: Delibird|Delibird, F|252/252\n|move|p1a: Iron Bundle|Hydro Pump|p2a: Delibird\n|-damage|p2a: Delibird|101/252\n|\n|upkeep\n|turn|5\n|inactive|Gloriousplays has 120 seconds left.\n|\n|t:|1732972634\n|move|p1a: Iron Bundle|Ice Beam|p2a: Delibird\n|-damage|p2a: Delibird|0 fnt\n|faint|p2a: Delibird\n|\n|upkeep\n|\n|t:|1732972638\n|switch|p2a: Flutter Mane|Flutter Mane, L74|203/203\n|turn|6\n|\n|t:|1732972649\n|-end|p1a: Iron Bundle|Quark Drive|[silent]\n|switch|p1a: Pachirisu|Pachirisu, L96, F|271/271\n|move|p2a: Flutter Mane|Moonblast|p1a: Pachirisu\n|-damage|p1a: Pachirisu|135/271\n|\n|upkeep\n|turn|7\n|\n|t:|1732972670\n|-end|p2a: Flutter Mane|Protosynthesis|[silent]\n|switch|p2a: Rhyperior|Rhyperior, L82, M|263/323 tox\n|move|p1a: Pachirisu|U-turn|p2a: Rhyperior\n|-damage|p2a: Rhyperior|234/323 tox\n|\n|t:|1732972680\n|switch|p1a: Iron Bundle|Iron Bundle, L77|213/213|[from] U-turn\n|\n|-damage|p2a: Rhyperior|214/323 tox|[from] psn\n|upkeep\n|turn|8\n|\n|t:|1732972687\n|-terastallize|p2a: Rhyperior|Grass\n|move|p1a: Iron Bundle|Ice Beam|p2a: Rhyperior\n|-supereffective|p2a: Rhyperior\n|-damage|p2a: Rhyperior|82/323 tox\n|move|p2a: Rhyperior|Stone Edge|p1a: Iron Bundle\n|-supereffective|p1a: Iron Bundle\n|-damage|p1a: Iron Bundle|0 fnt\n|faint|p1a: Iron Bundle\n|-end|p1a: Iron Bundle|Quark Drive|[silent]\n|\n|-damage|p2a: Rhyperior|42/323 tox|[from] psn\n|upkeep\n|inactive|Yusei1789 has 120 seconds left.\n|\n|t:|1732972704\n|switch|p1a: Dragalge|Dragalge, L88, F|150/258\n|turn|9\n|\n|t:|1732972714\n|switch|p2a: Honchkrow|Honchkrow, L86, F|312/312\n|move|p1a: Dragalge|Sludge Wave|p2a: Honchkrow\n|-damage|p2a: Honchkrow|114/312\n|\n|-heal|p1a: Dragalge|166/258|[from] item: Leftovers\n|upkeep\n|turn|10\n|\n|t:|1732972732\n|move|p2a: Honchkrow|Brave Bird|p1a: Dragalge\n|-crit|p1a: Dragalge\n|-damage|p1a: Dragalge|0 fnt\n|faint|p1a: Dragalge\n|-ability|p2a: Honchkrow|Moxie|boost\n|-boost|p2a: Honchkrow|atk|1\n|-damage|p2a: Honchkrow|59/312|[from] Recoil\n|\n|upkeep\n|inactive|Yusei1789 has 120 seconds left.\n|\n|t:|1732972743\n|switch|p1a: Delibird|Delibird, M|252/252\n|turn|11\n|\n|t:|1732972766\n|move|p2a: Honchkrow|Sucker Punch||[still]\n|-fail|p2a: Honchkrow\n|move|p1a: Delibird|Spikes|p2a: Honchkrow\n|-sidestart|p2: Gloriousplays|Spikes\n|\n|upkeep\n|turn|12\n|\n|t:|1732972781\n|move|p2a: Honchkrow|Sucker Punch||[still]\n|-fail|p2a: Honchkrow\n|move|p1a: Delibird|Spikes|p2a: Honchkrow\n|-sidestart|p2: Gloriousplays|Spikes\n|\n|upkeep\n|turn|13\n|\n|t:|1732972788\n|move|p2a: Honchkrow|Sucker Punch||[still]\n|-fail|p2a: Honchkrow\n|move|p1a: Delibird|Spikes|p2a: Honchkrow\n|-sidestart|p2: Gloriousplays|Spikes\n|\n|upkeep\n|turn|14\n|\n|t:|1732972801\n|move|p2a: Honchkrow|Sucker Punch||[still]\n|-fail|p2a: Honchkrow\n|move|p1a: Delibird|Spikes||[still]\n|-fail|p1a: Delibird\n|\n|upkeep\n|turn|15\n|\n|t:|1732972810\n|move|p2a: Honchkrow|Sucker Punch||[still]\n|-fail|p2a: Honchkrow\n|move|p1a: Delibird|Spikes||[still]\n|-fail|p1a: Delibird\n|\n|upkeep\n|turn|16\n|\n|t:|1732972817\n|switch|p1a: Pachirisu|Pachirisu, L96, F|135/271\n|move|p2a: Honchkrow|Brave Bird|p1a: Pachirisu\n|-resisted|p1a: Pachirisu\n|-damage|p1a: Pachirisu|9/271\n|-damage|p2a: Honchkrow|17/312|[from] Recoil\n|\n|upkeep\n|turn|17\n|\n|t:|1732972822\n|move|p2a: Honchkrow|Sucker Punch||[still]\n|-fail|p2a: Honchkrow\n|move|p1a: Pachirisu|Encore|p2a: Honchkrow\n|-start|p2a: Honchkrow|Encore\n|\n|upkeep\n|turn|18\n|\n|t:|1732972833\n|switch|p2a: Cyclizar|Cyclizar, L83, M|252/252\n|move|p1a: Pachirisu|Encore||[still]\n|-fail|p1a: Pachirisu\n|\n|upkeep\n|turn|19\n|\n|t:|1732972840\n|move|p2a: Cyclizar|Rapid Spin|p1a: Pachirisu\n|-damage|p1a: Pachirisu|0 fnt\n|-boost|p2a: Cyclizar|spe|1\n|-sideend|p2: Gloriousplays|Spikes|[from] move: Rapid Spin|[of] p2a: Cyclizar\n|faint|p1a: Pachirisu\n|\n|upkeep\n|\n|t:|1732972844\n|switch|p1a: Delibird|Delibird, M|252/252\n|turn|20\n|\n|t:|1732972850\n|move|p2a: Cyclizar|Shed Tail|p2a: Cyclizar\n|-start|p2a: Cyclizar|Substitute|[from] move: Shed Tail\n|-damage|p2a: Cyclizar|126/252\n|\n|t:|1732972852\n|switch|p2a: Houndoom|Houndoom, L87, M|272/272|[from] Shed Tail\n|move|p1a: Delibird|Freeze-Dry|p2a: Houndoom\n|-resisted|p2a: Houndoom\n|-activate|p2a: Houndoom|move: Substitute|[damage]\n|\n|upkeep\n|turn|21\n|inactive|Gloriousplays has 120 seconds left.\n|\n|t:|1732972912\n|move|p2a: Houndoom|Fire Blast|p1a: Delibird\n|-supereffective|p1a: Delibird\n|-damage|p1a: Delibird|0 fnt\n|faint|p1a: Delibird\n|\n|upkeep\n|\n|t:|1732972918\n|switch|p1a: Excadrill|Excadrill, L80, M|307/307\n|-ability|p1a: Excadrill|Mold Breaker\n|turn|22\n|inactive|Gloriousplays has 90 seconds left.\n|\n|t:|1732972950\n|-terastallize|p1a: Excadrill|Water\n|move|p2a: Houndoom|Fire Blast|p1a: Excadrill\n|-resisted|p1a: Excadrill\n|-damage|p1a: Excadrill|215/307\n|move|p1a: Excadrill|Rapid Spin|p2a: Houndoom\n|-end|p2a: Houndoom|Substitute\n|-boost|p1a: Excadrill|spe|1\n|\n|-heal|p1a: Excadrill|234/307|[from] item: Leftovers\n|upkeep\n|turn|23\n|\n|t:|1732972961\n|move|p1a: Excadrill|Earthquake|p2a: Houndoom\n|-supereffective|p2a: Houndoom\n|-damage|p2a: Houndoom|0 fnt\n|faint|p2a: Houndoom\n|\n|-heal|p1a: Excadrill|253/307|[from] item: Leftovers\n|upkeep\n|\n|t:|1732972965\n|switch|p2a: Cyclizar|Cyclizar, L83, M|210/252\n|turn|24\n|\n|t:|1732972984\n|move|p1a: Excadrill|Iron Head|p2a: Cyclizar\n|-damage|p2a: Cyclizar|92/252\n|cant|p2a: Cyclizar|flinch\n|\n|-heal|p1a: Excadrill|272/307|[from] item: Leftovers\n|upkeep\n|turn|25\n|\n|t:|1732972997\n|move|p1a: Excadrill|Iron Head|p2a: Cyclizar\n|-damage|p2a: Cyclizar|0 fnt\n|faint|p2a: Cyclizar\n|\n|-heal|p1a: Excadrill|291/307|[from] item: Leftovers\n|upkeep\n|\n|t:|1732973004\n|switch|p2a: Flutter Mane|Flutter Mane, L74|203/203\n|turn|26\n|\n|t:|1732973008\n|move|p1a: Excadrill|Iron Head|p2a: Flutter Mane\n|-supereffective|p2a: Flutter Mane\n|-damage|p2a: Flutter Mane|0 fnt\n|faint|p2a: Flutter Mane\n|-end|p2a: Flutter Mane|Protosynthesis|[silent]\n|\n|-heal|p1a: Excadrill|307/307|[from] item: Leftovers\n|upkeep\n|\n|t:|1732973013\n|switch|p2a: Honchkrow|Honchkrow, L86, F|17/312\n|turn|27\n|\n|t:|1732973017\n|move|p2a: Honchkrow|Sucker Punch|p1a: Excadrill\n|-damage|p1a: Excadrill|184/307\n|move|p1a: Excadrill|Iron Head|p2a: Honchkrow\n|-damage|p2a: Honchkrow|0 fnt\n|faint|p2a: Honchkrow\n|\n|-heal|p1a: Excadrill|203/307|[from] item: Leftovers\n|upkeep\n|-message|Gloriousplays forfeited.\n|\n|win|Yusei1789\n|raw|Yusei1789's rating: 2255 &rarr; <strong>2276</strong><br />(+21 for winning)\n|raw|Gloriousplays's rating: 2276 &rarr; <strong>2255</strong><br />(-21 for losing)\n|l|\u203dGloriousplays\n|player|p2|\n", "inputlog": ">version b107d77f5c90bd6555267ae244a6264823309ead\n>start {\"formatid\":\"gen9randombattle\",\"seed\":[59429,4562,48563,16665],\"rated\":\"Rated battle\"}\n>player p1 {\"name\":\"Yusei1789\",\"avatar\":\"170\",\"rating\":2255,\"seed\":[19882,51165,43269,41927]}\n>player p2 {\"name\":\"Gloriousplays\",\"avatar\":\"ash\",\"rating\":2290,\"seed\":[2114,12946,60308,37168]}\n>p1 switch 5\n>p2 switch 4\n>p1 move toxic\n>p2 move icepunch\n>p1 switch 4\n>p2 move stoneedge\n>p1 switch 3\n>p1 move hydropump\n>p2 switch 6\n>p1 move icebeam\n>p2 move freezedry\n>p2 switch 2\n>p1 switch 6\n>p2 move moonblast\n>p1 move uturn\n>p2 switch 6\n>p1 switch 6\n>p1 move icebeam\n>p2 move stoneedge terastallize\n>p1 switch 4\n>p1 move sludgewave\n>p2 switch 3\n>p1 move sludgewave\n>p2 move bravebird\n>p1 switch 5\n>p1 move spikes\n>p2 move suckerpunch\n>p1 move spikes\n>p2 move suckerpunch\n>p1 move spikes\n>p2 move suckerpunch\n>p1 move spikes\n>p2 move suckerpunch\n>p1 move spikes\n>p2 move suckerpunch\n>p1 switch 6\n>p2 move bravebird\n>p1 move encore\n>p2 move suckerpunch\n>p1 move encore\n>p2 switch 5\n>p1 move superfang\n>p2 move rapidspin\n>p1 switch 6\n>p1 move freezedry\n>p2 move shedtail\n>p2 switch 4\n>p1 move rapidspin\n>p2 move fireblast\n>p1 switch 2\n>p1 move rapidspin terastallize\n>p2 move fireblast\n>p1 move earthquake\n>p2 move darkpulse\n>p2 switch 4\n>p1 move ironhead\n>p2 move dracometeor\n>p1 move ironhead\n>p2 move dracometeor\n>p2 switch 6\n>p1 move ironhead\n>p2 move thunderbolt\n>p2 switch 5\n>p1 move ironhead\n>p2 move suckerpunch\n>forcelose p2", "uploadtime": 1732973027, "views": 6, "formatid": "gen9randombattle", "rating": 2255, "private": 0, "password": null}