{"id": "gen9randombattle-2254117877", "format": "[Gen 9] Random Battle", "players": ["b0cajhorseman", "Tekashi419"], "log": "|j|\u2606b0cajhorseman\n|j|\u2606Tekashi419\n|t:|1732993394\n|gametype|singles\n|player|p1|b0cajhorseman|clown|1509\n|player|p2|Tekashi419|marshal|1561\n|teamsize|p1|6\n|teamsize|p2|6\n|gen|9\n|tier|[Gen 9] Random Battle\n|rated|\n|rule|Species Clause: Limit one of each Pok\u00e9mon\n|rule|HP Percentage Mod: HP is shown in percentages\n|rule|Sleep Clause Mod: Limit one foe put to sleep\n|rule|Illusion Level Mod: Illusion disguises the Pok\u00e9mon's true level\n|\n|t:|1732993394\n|start\n|switch|p1a: Kleavor|Kleavor, L78, F|237/237\n|switch|p2a: Eelektross|Eelektross, L87, F|290/290\n|turn|1\n|inactive|Battle timer is ON: inactive players will automatically lose when time's up. (requested by Tekashi419)\n|\n|t:|1732993413\n|move|p1a: Kleavor|Stone Axe|p2a: Eelektross\n|-damage|p2a: Eelektross|170/290\n|-sidestart|p2: Tekashi419|move: Stealth Rock\n|move|p2a: Eelektross|Discharge|p1a: Kleavor\n|-damage|p1a: Kleavor|111/237\n|\n|upkeep\n|turn|2\n|\n|t:|1732993440\n|switch|p1a: Swampert|Swampert, L83, M|302/302\n|move|p2a: Eelektross|Knock Off|p1a: Swampert\n|-damage|p1a: Swampert|219/302\n|-enditem|p1a: Swampert|Leftovers|[from] move: Knock Off|[of] p2a: Eelektross\n|\n|upkeep\n|turn|3\n|\n|t:|1732993451\n|move|p1a: Swampert|Knock Off|p2a: Eelektross\n|-damage|p2a: Eelektross|90/290\n|-enditem|p2a: Eelektross|Assault Vest|[from] move: Knock Off|[of] p1a: Swampert\n|move|p2a: Eelektross|Giga Drain|p1a: Swampert\n|-supereffective|p1a: Swampert\n|-damage|p1a: Swampert|0 fnt\n|-heal|p2a: Eelektross|200/290|[from] drain|[of] p1a: Swampert\n|faint|p1a: Swampert\n|\n|upkeep\n|inactive|b0cajhorseman has 120 seconds left.\n|\n|t:|1732993463\n|switch|p1a: Arboliva|Arboliva, L91, M|288/288\n|turn|4\n|inactive|b0cajhorseman has 120 seconds left.\n|\n|t:|1732993474\n|move|p2a: Eelektross|Knock Off|p1a: Arboliva\n|-damage|p1a: Arboliva|219/288\n|-enditem|p1a: Arboliva|Sitrus Berry|[from] move: Knock Off|[of] p2a: Eelektross\n|move|p1a: Arboliva|Leech Seed|p2a: Eelektross\n|-start|p2a: Eelektross|move: Leech Seed\n|\n|-damage|p2a: Eelektross|164/290|[from] Leech Seed|[of] p1a: Arboliva\n|-heal|p1a: Arboliva|255/288|[silent]\n|upkeep\n|turn|5\n|\n|t:|1732993483\n|move|p2a: Eelektross|U-turn|p1a: Arboliva\n|-supereffective|p1a: Arboliva\n|-damage|p1a: Arboliva|151/288\n|\n|t:|1732993490\n|switch|p2a: Dialga|Dialga-Origin, L73|266/266|[from] U-turn\n|-damage|p2a: Dialga|250/266|[from] Stealth Rock\n|-ability|p2a: Dialga|Pressure\n|move|p1a: Arboliva|Substitute|p1a: Arboliva\n|-start|p1a: Arboliva|Substitute\n|-damage|p1a: Arboliva|79/288\n|\n|upkeep\n|turn|6\n|\n|t:|1732993508\n|move|p2a: Dialga|Heavy Slam|p1a: Arboliva\n|-end|p1a: Arboliva|Substitute\n|move|p1a: Arboliva|Leech Seed|p2a: Dialga\n|-start|p2a: Dialga|move: Leech Seed\n|\n|-damage|p2a: Dialga|217/266|[from] Leech Seed|[of] p1a: Arboliva\n|-heal|p1a: Arboliva|112/288|[silent]\n|upkeep\n|turn|7\n|\n|t:|1732993517\n|move|p1a: Arboliva|Protect|p1a: Arboliva\n|-singleturn|p1a: Arboliva|Protect\n|move|p2a: Dialga|Stealth Rock|p1a: Arboliva\n|-sidestart|p1: b0cajhorseman|move: Stealth Rock\n|\n|-damage|p2a: Dialga|184/266|[from] Leech Seed|[of] p1a: Arboliva\n|-heal|p1a: Arboliva|145/288|[silent]\n|upkeep\n|turn|8\n|inactive|b0cajhorseman has 120 seconds left.\n|\n|t:|1732993542\n|switch|p1a: Weezing|Weezing, L88, M|258/258\n|-damage|p1a: Weezing|226/258|[from] Stealth Rock\n|move|p2a: Dialga|Draco Meteor|p1a: Weezing\n|-damage|p1a: Weezing|18/258\n|-unboost|p2a: Dialga|spa|2\n|\n|-heal|p1a: Weezing|34/258|[from] item: Leftovers\n|-damage|p2a: Dialga|151/266|[from] Leech Seed|[of] p1a: Weezing\n|-heal|p1a: Weezing|67/258|[silent]\n|upkeep\n|turn|9\n|inactive|b0cajhorseman has 120 seconds left.\n|\n|t:|1732993555\n|move|p2a: Dialga|Heavy Slam|p1a: Weezing\n|-damage|p1a: Weezing|0 fnt\n|faint|p1a: Weezing\n|\n|upkeep\n|\n|t:|1732993570\n|switch|p1a: Kleavor|Kleavor, L78, F|111/237\n|turn|10\n|\n|t:|1732993585\n|switch|p2a: Eelektross|Eelektross, L87, F|164/290\n|-damage|p2a: Eelektross|128/290|[from] Stealth Rock\n|move|p1a: Kleavor|Close Combat|p2a: Eelektross\n|-damage|p2a: Eelektross|23/290\n|-unboost|p1a: Kleavor|def|1\n|-unboost|p1a: Kleavor|spd|1\n|\n|upkeep\n|turn|11\n|inactive|b0cajhorseman has 120 seconds left.\n|\n|t:|1732993598\n|move|p1a: Kleavor|X-Scissor|p2a: Eelektross\n|-damage|p2a: Eelektross|0 fnt\n|faint|p2a: Eelektross\n|\n|upkeep\n|\n|t:|1732993607\n|switch|p2a: Electrode|Electrode, L92|260/260\n|-damage|p2a: Electrode|228/260|[from] Stealth Rock\n|turn|12\n|\n|t:|1732993616\n|move|p2a: Electrode|Thunderbolt|p1a: Kleavor\n|-damage|p1a: Kleavor|0 fnt\n|faint|p1a: Kleavor\n|\n|-heal|p2a: Electrode|244/260|[from] item: Leftovers\n|upkeep\n|\n|t:|1732993631\n|switch|p1a: Arboliva|Arboliva, L91, M|145/288\n|-damage|p1a: Arboliva|109/288|[from] Stealth Rock\n|turn|13\n|\n|t:|1732993638\n|move|p2a: Electrode|Thunder Wave|p1a: Arboliva\n|-status|p1a: Arboliva|par\n|move|p1a: Arboliva|Leech Seed|p2a: Electrode\n|-start|p2a: Electrode|move: Leech Seed\n|\n|-heal|p2a: Electrode|260/260|[from] item: Leftovers\n|-damage|p2a: Electrode|228/260|[from] Leech Seed|[of] p1a: Arboliva\n|-heal|p1a: Arboliva|141/288 par|[silent]\n|upkeep\n|turn|14\n|\n|t:|1732993648\n|switch|p2a: Dialga|Dialga-Origin, L73|151/266\n|-damage|p2a: Dialga|135/266|[from] Stealth Rock\n|-ability|p2a: Dialga|Pressure\n|move|p1a: Arboliva|Hyper Voice|p2a: Dialga\n|-resisted|p2a: Dialga\n|-damage|p2a: Dialga|75/266\n|\n|upkeep\n|turn|15\n|\n|t:|1732993666\n|move|p2a: Dialga|Draco Meteor|p1a: Arboliva\n|-damage|p1a: Arboliva|9/288 par\n|-unboost|p2a: Dialga|spa|2\n|move|p1a: Arboliva|Leech Seed|p2a: Dialga\n|-start|p2a: Dialga|move: Leech Seed\n|\n|-damage|p2a: Dialga|42/266|[from] Leech Seed|[of] p1a: Arboliva\n|-heal|p1a: Arboliva|42/288 par|[silent]\n|upkeep\n|turn|16\n|\n|t:|1732993678\n|move|p2a: Dialga|Heavy Slam|p1a: Arboliva\n|-damage|p1a: Arboliva|0 fnt\n|faint|p1a: Arboliva\n|\n|upkeep\n|inactive|b0cajhorseman has 120 seconds left.\n|\n|t:|1732993690\n|switch|p1a: Cinderace|Cinderace, L77, F|249/249\n|turn|17\n|inactive|b0cajhorseman has 120 seconds left.\n|\n|t:|1732993700\n|move|p1a: Cinderace|Pyro Ball|p2a: Dialga\n|-damage|p2a: Dialga|0 fnt\n|faint|p2a: Dialga\n|\n|upkeep\n|\n|t:|1732993711\n|switch|p2a: Electrode|Electrode, L92|228/260\n|-damage|p2a: Electrode|196/260|[from] Stealth Rock\n|turn|18\n|\n|t:|1732993720\n|move|p2a: Electrode|Thunder Wave|p1a: Cinderace\n|-status|p1a: Cinderace|par\n|move|p1a: Cinderace|Pyro Ball|p2a: Electrode\n|-damage|p2a: Electrode|69/260\n|\n|-heal|p2a: Electrode|85/260|[from] item: Leftovers\n|upkeep\n|turn|19\n|\n|t:|1732993727\n|move|p1a: Cinderace|Sucker Punch|p2a: Electrode\n|-start|p1a: Cinderace|typechange|Dark|[from] ability: Libero\n|-damage|p2a: Electrode|1/260\n|move|p2a: Electrode|Thunderbolt|p1a: Cinderace\n|-damage|p1a: Cinderace|125/249 par\n|\n|-heal|p2a: Electrode|17/260|[from] item: Leftovers\n|upkeep\n|turn|20\n|\n|t:|1732993737\n|move|p2a: Electrode|Thunderbolt|p1a: Cinderace\n|-damage|p1a: Cinderace|1/249 par\n|move|p1a: Cinderace|Pyro Ball|p2a: Electrode\n|-damage|p2a: Electrode|0 fnt\n|faint|p2a: Electrode\n|\n|upkeep\n|\n|t:|1732993750\n|switch|p2a: Falinks|Falinks, L84|246/246\n|-damage|p2a: Falinks|231/246|[from] Stealth Rock\n|turn|21\n|\n|t:|1732993764\n|move|p2a: Falinks|No Retreat|p2a: Falinks\n|-boost|p2a: Falinks|atk|1\n|-boost|p2a: Falinks|def|1\n|-boost|p2a: Falinks|spa|1\n|-boost|p2a: Falinks|spd|1\n|-boost|p2a: Falinks|spe|1\n|-start|p2a: Falinks|move: No Retreat\n|move|p1a: Cinderace|Pyro Ball|p2a: Falinks|[miss]\n|-miss|p1a: Cinderace|p2a: Falinks\n|\n|upkeep\n|turn|22\n|\n|t:|1732993774\n|move|p1a: Cinderace|Sucker Punch|p2a: Falinks\n|-resisted|p2a: Falinks\n|-damage|p2a: Falinks|209/246\n|move|p2a: Falinks|Iron Head|p1a: Cinderace\n|-damage|p1a: Cinderace|0 fnt\n|faint|p1a: Cinderace\n|-damage|p2a: Falinks|185/246|[from] item: Life Orb\n|\n|upkeep\n|\n|t:|1732993781\n|switch|p1a: Heatran|Heatran, L79, F|273/273\n|-damage|p1a: Heatran|239/273|[from] Stealth Rock\n|turn|23\n|\n|t:|1732993809\n|move|p2a: Falinks|Close Combat|p1a: Heatran\n|-supereffective|p1a: Heatran\n|-damage|p1a: Heatran|0 fnt\n|-unboost|p2a: Falinks|def|1\n|-unboost|p2a: Falinks|spd|1\n|faint|p1a: Heatran\n|-damage|p2a: Falinks|161/246|[from] item: Life Orb\n|\n|win|Tekashi419\n|raw|b0cajhorseman's rating: 1509 &rarr; <strong>1492</strong><br />(-17 for losing)\n|raw|Tekashi419's rating: 1561 &rarr; <strong>1578</strong><br />(+17 for winning)\n|c|\u2606Tekashi419|gg\n|c|\u2606b0cajhorseman|gg\n", "inputlog": ">version b107d77f5c90bd6555267ae244a6264823309ead\n>start {\"formatid\":\"gen9randombattle\",\"seed\":[10839,37158,516,51811],\"rated\":\"Rated battle\"}\n>player p1 {\"name\":\"b0cajhorseman\",\"avatar\":\"clown\",\"rating\":1509,\"seed\":[604,43531,5191,49721]}\n>player p2 {\"name\":\"Tekashi419\",\"avatar\":\"marshal\",\"rating\":1561,\"seed\":[64684,65160,10188,38401]}\n>p1 move stoneaxe\n>p2 move discharge\n>p1 switch 2\n>p2 move knockoff\n>p1 move knockoff\n>p2 move gigadrain\n>p1 switch 4\n>p1 move leechseed\n>p2 move knockoff\n>p1 move substitute\n>p2 move uturn\n>p2 switch 4\n>p1 move leechseed\n>p2 move heavyslam\n>p1 move protect\n>p2 move stealthrock\n>p1 switch 6\n>p2 move dracometeor\n>p1 move painsplit\n>p2 move heavyslam\n>p1 switch 2\n>p1 move closecombat\n>p2 switch 4\n>p1 move xscissor\n>p2 move discharge\n>p2 switch 5\n>p1 move xscissor\n>p2 move thunderbolt\n>p1 switch 6\n>p1 move leechseed\n>p2 move thunderwave\n>p1 move hypervoice\n>p2 switch 4\n>p1 move leechseed\n>p2 move dracometeor\n>p1 move hypervoice\n>p2 move heavyslam\n>p1 switch 3\n>p1 move pyroball\n>p2 move thunderwave\n>p2 switch 4\n>p1 move pyroball\n>p2 move thunderwave\n>p1 move suckerpunch\n>p2 move thunderbolt\n>p1 move pyroball\n>p2 move thunderbolt\n>p2 switch 6\n>p1 move pyroball\n>p2 move noretreat\n>p1 move suckerpunch\n>p2 move ironhead\n>p1 switch 5\n>p1 move earthpower\n>p2 move closecombat", "uploadtime": 1732993819, "views": 1, "formatid": "gen9randombattle", "rating": 1492, "private": 0, "password": null}