{"id": "gen9randombattle-2253992191", "format": "[Gen 9] Random Battle", "players": ["Guaparron", "test x343"], "log": "|j|\u2606Guaparron\n|j|\u2606test x343\n|t:|1732976917\n|gametype|singles\n|player|p1|Guaparron|266|1753\n|player|p2|test x343|102|1825\n|teamsize|p1|6\n|teamsize|p2|6\n|gen|9\n|tier|[Gen 9] Random Battle\n|rated|\n|rule|Species Clause: Limit one of each Pok\u00e9mon\n|rule|HP Percentage Mod: HP is shown in percentages\n|rule|Sleep Clause Mod: Limit one foe put to sleep\n|rule|Illusion Level Mod: Illusion disguises the Pok\u00e9mon's true level\n|\n|t:|1732976917\n|start\n|switch|p1a: Kingambit|Kingambit, L74, F|270/270\n|switch|p2a: Iron Valiant|Iron Valiant, L78|244/244\n|turn|1\n|inactive|Battle timer is ON: inactive players will automatically lose when time's up. (requested by test x343)\n|\n|t:|1732976934\n|-end|p1a: Kingambit|fallenundefined|[silent]\n|switch|p1a: Ho-Oh|Ho-Oh, L71|268/268\n|move|p2a: Iron Valiant|Close Combat|p1a: Ho-Oh\n|-resisted|p1a: Ho-Oh\n|-damage|p1a: Ho-Oh|163/268\n|-unboost|p2a: Iron Valiant|def|1\n|-unboost|p2a: Iron Valiant|spd|1\n|-damage|p2a: Iron Valiant|220/244|[from] item: Life Orb\n|\n|upkeep\n|turn|2\n|\n|t:|1732976941\n|-end|p2a: Iron Valiant|Quark Drive|[silent]\n|switch|p2a: Mudsdale|Mudsdale, L84, M|305/305\n|move|p1a: Ho-Oh|Sacred Fire|p2a: Mudsdale\n|-damage|p2a: Mudsdale|215/305\n|-status|p2a: Mudsdale|brn\n|-ability|p2a: Mudsdale|Stamina|boost\n|-boost|p2a: Mudsdale|def|1\n|\n|-heal|p2a: Mudsdale|234/305 brn|[from] item: Leftovers\n|-damage|p2a: Mudsdale|215/305 brn|[from] brn\n|upkeep\n|turn|3\n|\n|t:|1732976959\n|switch|p1a: Tsareena|Tsareena, L87, F|267/267\n|move|p2a: Mudsdale|Stealth Rock|p1a: Tsareena\n|-sidestart|p1: Guaparron|move: Stealth Rock\n|\n|-heal|p2a: Mudsdale|234/305 brn|[from] item: Leftovers\n|-damage|p2a: Mudsdale|215/305 brn|[from] brn\n|upkeep\n|turn|4\n|inactive|test x343 has 120 seconds left.\n|inactive|test x343 has 90 seconds left.\n|\n|t:|1732977022\n|-terastallize|p2a: Mudsdale|Fighting\n|move|p1a: Tsareena|Power Whip|p2a: Mudsdale\n|-damage|p2a: Mudsdale|121/305 brn\n|-ability|p2a: Mudsdale|Stamina|boost\n|-boost|p2a: Mudsdale|def|1\n|move|p2a: Mudsdale|Body Press|p1a: Tsareena\n|-damage|p1a: Tsareena|195/267\n|\n|-heal|p2a: Mudsdale|140/305 brn|[from] item: Leftovers\n|-damage|p2a: Mudsdale|121/305 brn|[from] brn\n|upkeep\n|turn|5\n|\n|t:|1732977037\n|switch|p2a: Iron Valiant|Iron Valiant, L78|220/244\n|move|p1a: Tsareena|High Jump Kick|p2a: Iron Valiant\n|-resisted|p2a: Iron Valiant\n|-damage|p2a: Iron Valiant|163/244\n|\n|upkeep\n|turn|6\n|\n|t:|1732977045\n|move|p2a: Iron Valiant|Moonblast|p1a: Tsareena\n|-damage|p1a: Tsareena|77/267\n|-damage|p2a: Iron Valiant|139/244|[from] item: Life Orb\n|move|p1a: Tsareena|Power Whip|p2a: Iron Valiant|[miss]\n|-miss|p1a: Tsareena|p2a: Iron Valiant\n|\n|upkeep\n|turn|7\n|\n|t:|1732977053\n|switch|p1a: Ho-Oh|Ho-Oh, L71|252/268\n|move|p2a: Iron Valiant|Moonblast|p1a: Ho-Oh\n|-resisted|p1a: Ho-Oh\n|-damage|p1a: Ho-Oh|205/268\n|-damage|p2a: Iron Valiant|115/244|[from] item: Life Orb\n|\n|upkeep\n|turn|8\n|inactive|test x343 has 90 seconds left.\n|\n|t:|1732977088\n|-end|p2a: Iron Valiant|Quark Drive|[silent]\n|switch|p2a: Mudsdale|Mudsdale, L84, M, tera:Fighting|121/305 brn\n|move|p1a: Ho-Oh|Brave Bird|p2a: Mudsdale\n|-supereffective|p2a: Mudsdale\n|-damage|p2a: Mudsdale|0 fnt\n|faint|p2a: Mudsdale\n|-damage|p1a: Ho-Oh|165/268|[from] Recoil\n|\n|upkeep\n|inactive|test x343 has 90 seconds left.\n|\n|t:|1732977093\n|switch|p2a: Iron Boulder|Iron Boulder, L77|265/265\n|turn|9\n|\n|t:|1732977102\n|switch|p1a: Tsareena|Tsareena, L87, F|77/267\n|move|p2a: Iron Boulder|Swords Dance|p2a: Iron Boulder\n|-boost|p2a: Iron Boulder|atk|2\n|\n|upkeep\n|turn|10\n|\n|t:|1732977116\n|move|p2a: Iron Boulder|Mighty Cleave|p1a: Tsareena\n|-damage|p1a: Tsareena|0 fnt\n|faint|p1a: Tsareena\n|-damage|p2a: Iron Boulder|239/265|[from] item: Life Orb\n|\n|upkeep\n|\n|t:|1732977123\n|switch|p1a: Kingdra|Kingdra, L84, M|263/263\n|-damage|p1a: Kingdra|231/263|[from] Stealth Rock\n|turn|11\n|\n|t:|1732977141\n|move|p2a: Iron Boulder|Mighty Cleave|p1a: Kingdra\n|-damage|p1a: Kingdra|0 fnt\n|faint|p1a: Kingdra\n|-damage|p2a: Iron Boulder|213/265|[from] item: Life Orb\n|\n|upkeep\n|\n|t:|1732977157\n|switch|p1a: Kingambit|Kingambit, L74, F|270/270\n|-damage|p1a: Kingambit|254/270|[from] Stealth Rock\n|-activate|p1a: Kingambit|ability: Supreme Overlord\n|-start|p1a: Kingambit|fallen2|[silent]\n|turn|12\n|\n|t:|1732977170\n|-end|p2a: Iron Boulder|Quark Drive|[silent]\n|switch|p2a: Ursaring|Ursaring, L84, M|288/288\n|-terastallize|p1a: Kingambit|Flying\n|move|p1a: Kingambit|Kowtow Cleave|p2a: Ursaring\n|-damage|p2a: Ursaring|158/288\n|\n|-heal|p1a: Kingambit|270/270|[from] item: Leftovers\n|-status|p2a: Ursaring|tox|[from] item: Toxic Orb\n|upkeep\n|turn|13\n|\n|t:|1732977182\n|move|p2a: Ursaring|Facade|p1a: Kingambit\n|-damage|p1a: Kingambit|105/270\n|move|p1a: Kingambit|Swords Dance|p1a: Kingambit\n|-boost|p1a: Kingambit|atk|2\n|\n|-heal|p1a: Kingambit|121/270|[from] item: Leftovers\n|-damage|p2a: Ursaring|140/288 tox|[from] psn\n|upkeep\n|turn|14\n|inactive|test x343 has 120 seconds left.\n|inactive|test x343 has 90 seconds left.\n|\n|t:|1732977220\n|move|p1a: Kingambit|Sucker Punch|p2a: Ursaring\n|-damage|p2a: Ursaring|0 fnt\n|faint|p2a: Ursaring\n|\n|-heal|p1a: Kingambit|137/270|[from] item: Leftovers\n|upkeep\n|inactive|test x343 has 90 seconds left.\n|\n|t:|1732977227\n|switch|p2a: Darkrai|Darkrai, L77|234/234\n|turn|15\n|\n|t:|1732977233\n|-end|p1a: Kingambit|fallen2|[silent]\n|switch|p1a: Muk|Muk-Alola, L82, F|306/306\n|-damage|p1a: Muk|268/306|[from] Stealth Rock\n|move|p2a: Darkrai|Dark Pulse|p1a: Muk\n|-resisted|p1a: Muk\n|-damage|p1a: Muk|241/306\n|\n|upkeep\n|turn|16\n|\n|t:|1732977243\n|switch|p2a: Iron Boulder|Iron Boulder, L77|213/265\n|move|p1a: Muk|Knock Off|p2a: Iron Boulder\n|-supereffective|p2a: Iron Boulder\n|-damage|p2a: Iron Boulder|0 fnt\n|-enditem|p2a: Iron Boulder|Life Orb|[from] move: Knock Off|[of] p1a: Muk\n|faint|p2a: Iron Boulder\n|-end|p2a: Iron Boulder|Quark Drive|[silent]\n|\n|upkeep\n|inactive|test x343 has 90 seconds left.\n|\n|t:|1732977282\n|switch|p2a: Darkrai|Darkrai, L77|234/234\n|turn|17\n|\n|t:|1732977299\n|move|p2a: Darkrai|Nasty Plot|p2a: Darkrai\n|-boost|p2a: Darkrai|spa|2\n|move|p1a: Muk|Drain Punch|p2a: Darkrai\n|-supereffective|p2a: Darkrai\n|-damage|p2a: Darkrai|108/234\n|-heal|p1a: Muk|304/306|[from] drain|[of] p2a: Darkrai\n|\n|-heal|p2a: Darkrai|122/234|[from] item: Leftovers\n|upkeep\n|turn|18\n|\n|t:|1732977308\n|move|p2a: Darkrai|Dark Pulse|p1a: Muk\n|-resisted|p1a: Muk\n|-damage|p1a: Muk|243/306\n|move|p1a: Muk|Drain Punch|p2a: Darkrai\n|-supereffective|p2a: Darkrai\n|-damage|p2a: Darkrai|4/234\n|-heal|p1a: Muk|302/306|[from] drain|[of] p2a: Darkrai\n|-status|p2a: Darkrai|psn|[from] ability: Poison Touch|[of] p1a: Muk\n|\n|-heal|p2a: Darkrai|18/234 psn|[from] item: Leftovers\n|-damage|p2a: Darkrai|0 fnt|[from] psn\n|faint|p2a: Darkrai\n|upkeep\n|\n|t:|1732977311\n|switch|p2a: Inteleon|Inteleon, L81, F|246/246\n|turn|19\n|\n|t:|1732977322\n|move|p2a: Inteleon|Hydro Pump|p1a: Muk\n|-damage|p1a: Muk|188/306\n|move|p1a: Muk|Drain Punch|p2a: Inteleon\n|-damage|p2a: Inteleon|177/246\n|-heal|p1a: Muk|223/306|[from] drain|[of] p2a: Inteleon\n|\n|upkeep\n|turn|20\n|\n|t:|1732977333\n|move|p2a: Inteleon|Hydro Pump|p1a: Muk\n|-crit|p1a: Muk\n|-damage|p1a: Muk|30/306\n|move|p1a: Muk|Gunk Shot|p2a: Inteleon|[miss]\n|-miss|p1a: Muk|p2a: Inteleon\n|\n|upkeep\n|turn|21\n|inactive|test x343 has 120 seconds left.\n|\n|t:|1732977341\n|move|p2a: Inteleon|Hydro Pump|p1a: Muk\n|-damage|p1a: Muk|0 fnt\n|faint|p1a: Muk\n|\n|upkeep\n|\n|t:|1732977344\n|switch|p1a: Kingambit|Kingambit, L74, F, tera:Flying|137/270\n|-damage|p1a: Kingambit|70/270|[from] Stealth Rock\n|-activate|p1a: Kingambit|ability: Supreme Overlord\n|-start|p1a: Kingambit|fallen3|[silent]\n|turn|22\n|\n|t:|1732977351\n|move|p2a: Inteleon|Hydro Pump|p1a: Kingambit\n|-damage|p1a: Kingambit|0 fnt\n|faint|p1a: Kingambit\n|-end|p1a: Kingambit|fallen3|[silent]\n|\n|upkeep\n|\n|t:|1732977354\n|switch|p1a: Cetitan|Cetitan, L82, M|413/413\n|-damage|p1a: Cetitan|310/413|[from] Stealth Rock\n|turn|23\n|\n|t:|1732977360\n|move|p2a: Inteleon|Hydro Pump|p1a: Cetitan\n|-damage|p1a: Cetitan|16/413\n|move|p1a: Cetitan|Earthquake|p2a: Inteleon\n|-damage|p2a: Inteleon|46/246\n|-damage|p1a: Cetitan|0 fnt|[from] item: Life Orb\n|faint|p1a: Cetitan\n|\n|upkeep\n|\n|t:|1732977367\n|switch|p1a: Ho-Oh|Ho-Oh, L71|254/268\n|turn|24\n|\n|t:|1732977376\n|move|p2a: Inteleon|Hydro Pump|p1a: Ho-Oh\n|-supereffective|p1a: Ho-Oh\n|-damage|p1a: Ho-Oh|0 fnt\n|faint|p1a: Ho-Oh\n|\n|win|test x343\n|raw|Guaparron's rating: 1753 &rarr; <strong>1736</strong><br />(-17 for losing)\n|raw|test x343's rating: 1803 &rarr; <strong>1820</strong><br />(+17 for winning)\n|l|\u2606Guaparron\n|player|p1|\n", "inputlog": ">version b107d77f5c90bd6555267ae244a6264823309ead\n>start {\"formatid\":\"gen9randombattle\",\"seed\":[41316,37834,2276,59815],\"rated\":\"Rated battle\"}\n>player p1 {\"name\":\"Guaparron\",\"avatar\":\"266\",\"rating\":1753,\"seed\":[49421,12136,4488,3330]}\n>player p2 {\"name\":\"test x343\",\"avatar\":\"102\",\"rating\":1825,\"seed\":[28515,62702,11183,31921]}\n>p1 switch 5\n>p2 move closecombat\n>p1 move sacredfire\n>p2 switch 5\n>p1 switch 4\n>p2 move stealthrock\n>p1 move powerwhip\n>p2 move bodypress terastallize\n>p1 move highjumpkick\n>p2 switch 5\n>p1 move powerwhip\n>p2 move moonblast\n>p1 switch 4\n>p2 move moonblast\n>p1 move bravebird\n>p2 switch 5\n>p2 switch 2\n>p1 switch 4\n>p2 move swordsdance\n>p1 move powerwhip\n>p2 move mightycleave\n>p1 switch 6\n>p1 move dragondance\n>p2 move mightycleave\n>p1 switch 5\n>p1 move kowtowcleave terastallize\n>p2 switch 3\n>p1 move swordsdance\n>p2 move facade\n>p1 move suckerpunch\n>p2 move facade\n>p2 switch 6\n>p1 switch 3\n>p2 move darkpulse\n>p1 move knockoff\n>p2 switch 3\n>p2 switch 3\n>p1 move drainpunch\n>p2 move nastyplot\n>p1 move drainpunch\n>p2 move darkpulse\n>p2 switch 4\n>p1 move drainpunch\n>p2 move hydropump\n>p1 move gunkshot\n>p2 move hydropump\n>p1 move gunkshot\n>p2 move hydropump\n>p1 switch 3\n>p1 move ironhead\n>p2 move hydropump\n>p1 switch 2\n>p1 move earthquake\n>p2 move hydropump\n>p1 switch 4\n>p1 move earthquake\n>p2 move hydropump", "uploadtime": 1732977381, "views": 1, "formatid": "gen9randombattle", "rating": 1736, "private": 0, "password": null}