{"id": "gen9randombattle-2254100654", "format": "[Gen 9] Random Battle", "players": ["Ukios'sOtherDeity", "Fold4"], "log": "|j|\u2606Ukios'sOtherDeity\n|j|\u2606Fold4\n|t:|1732991326\n|gametype|singles\n|player|p1|Ukios'sOtherDeity|170|\n|player|p2|Fold4|unknown|\n|teamsize|p1|6\n|teamsize|p2|6\n|gen|9\n|tier|[Gen 9] Random Battle\n|rule|Species Clause: Limit one of each Pok\u00e9mon\n|rule|HP Percentage Mod: HP is shown in percentages\n|rule|Sleep Clause Mod: Limit one foe put to sleep\n|rule|Illusion Level Mod: Illusion disguises the Pok\u00e9mon's true level\n|\n|t:|1732991326\n|start\n|switch|p1a: Hoopa|Hoopa-Unbound, L80|259/259\n|switch|p2a: Feraligatr|Feraligatr, L79, F|264/264\n|turn|1\n|inactive|Battle timer is ON: inactive players will automatically lose when time's up. (requested by Fold4)\n|\n|t:|1732991345\n|move|p1a: Hoopa|Gunk Shot|p2a: Feraligatr\n|-damage|p2a: Feraligatr|160/264\n|-status|p2a: Feraligatr|psn\n|move|p2a: Feraligatr|Dragon Dance|p2a: Feraligatr\n|-boost|p2a: Feraligatr|atk|1\n|-boost|p2a: Feraligatr|spe|1\n|\n|-damage|p2a: Feraligatr|127/264 psn|[from] psn\n|upkeep\n|turn|2\n|j| dt674846\n|\n|t:|1732991356\n|move|p2a: Feraligatr|Liquidation|p1a: Hoopa\n|-damage|p1a: Hoopa|0 fnt\n|faint|p1a: Hoopa\n|\n|-damage|p2a: Feraligatr|94/264 psn|[from] psn\n|upkeep\n|\n|t:|1732991366\n|switch|p1a: Glaceon|Glaceon, L94, M|275/275\n|turn|3\n|\n|t:|1732991374\n|move|p2a: Feraligatr|Liquidation|p1a: Glaceon\n|-damage|p1a: Glaceon|103/275\n|move|p1a: Glaceon|Freeze-Dry|p2a: Feraligatr\n|-supereffective|p2a: Feraligatr\n|-crit|p2a: Feraligatr\n|-damage|p2a: Feraligatr|0 fnt\n|faint|p2a: Feraligatr\n|\n|upkeep\n|\n|t:|1732991379\n|switch|p2a: Minun|Minun, L95, M|268/268\n|turn|4\n|\n|t:|1732991391\n|move|p2a: Minun|Nasty Plot|p2a: Minun\n|-boost|p2a: Minun|spa|2\n|move|p1a: Glaceon|Wish|p1a: Glaceon\n|\n|upkeep\n|turn|5\n|\n|t:|1732991404\n|move|p2a: Minun|Nasty Plot|p2a: Minun\n|-boost|p2a: Minun|spa|2\n|move|p1a: Glaceon|Calm Mind|p1a: Glaceon\n|-boost|p1a: Glaceon|spa|1\n|-boost|p1a: Glaceon|spd|1\n|\n|-heal|p1a: Glaceon|240/275|[from] move: Wish|[wisher] Glaceon\n|upkeep\n|turn|6\n|\n|t:|1732991413\n|move|p2a: Minun|Thunderbolt|p1a: Glaceon\n|-damage|p1a: Glaceon|10/275\n|-damage|p2a: Minun|242/268|[from] item: Life Orb\n|move|p1a: Glaceon|Freeze-Dry|p2a: Minun\n|-damage|p2a: Minun|95/268\n|\n|upkeep\n|turn|7\n|\n|t:|1732991421\n|move|p1a: Glaceon|Protect|p1a: Glaceon\n|-singleturn|p1a: Glaceon|Protect\n|move|p2a: Minun|Thunderbolt|p1a: Glaceon\n|-activate|p1a: Glaceon|move: Protect\n|\n|upkeep\n|turn|8\n|\n|t:|1732991429\n|move|p2a: Minun|Thunderbolt|p1a: Glaceon\n|-damage|p1a: Glaceon|0 fnt\n|faint|p1a: Glaceon\n|-damage|p2a: Minun|69/268|[from] item: Life Orb\n|\n|upkeep\n|\n|t:|1732991436\n|switch|p1a: Gastrodon|Gastrodon, L86, M|331/331\n|turn|9\n|\n|t:|1732991452\n|move|p2a: Minun|Grass Knot|p1a: Gastrodon\n|-supereffective|p1a: Gastrodon\n|-damage|p1a: Gastrodon|0 fnt\n|faint|p1a: Gastrodon\n|-damage|p2a: Minun|43/268|[from] item: Life Orb\n|\n|upkeep\n|\n|t:|1732991460\n|switch|p1a: Magcargo|Magcargo, L95, M|268/268\n|turn|10\n|\n|t:|1732991472\n|move|p2a: Minun|Thunderbolt|p1a: Magcargo\n|-damage|p1a: Magcargo|0 fnt\n|faint|p1a: Magcargo\n|-damage|p2a: Minun|17/268|[from] item: Life Orb\n|\n|upkeep\n|-message|Ukios'sOtherDeity forfeited.\n|\n|win|Fold4\n|l|\u2606Ukios'sOtherDeity\n|player|p1|\n", "inputlog": ">version b107d77f5c90bd6555267ae244a6264823309ead\n>start {\"formatid\":\"gen9randombattle\",\"seed\":[33740,53628,16756,6723]}\n>player p1 {\"name\":\"Ukios'sOtherDeity\",\"avatar\":\"170\",\"rating\":0,\"seed\":[29481,38480,4363,59290]}\n>player p2 {\"name\":\"Fold4\",\"avatar\":\"unknown\",\"rating\":0,\"seed\":[51313,43721,45898,30740]}\n>p1 move gunkshot\n>p2 move dragondance\n>p1 move gunkshot\n>p2 move liquidation\n>p1 switch 4\n>p1 move freezedry\n>p2 move liquidation\n>p2 switch 5\n>p1 move wish\n>p2 move nastyplot\n>p1 move calmmind\n>p2 move nastyplot\n>p1 move freezedry\n>p2 move thunderbolt\n>p1 move protect\n>p2 move thunderbolt\n>p1 move freezedry\n>p2 move thunderbolt\n>p1 switch 3\n>p1 move spikes\n>p2 move grassknot\n>p1 switch 6\n>p1 move earthpower\n>p2 move thunderbolt\n>forcelose p1", "uploadtime": 1732991494, "views": 2, "formatid": "gen9randombattle", "rating": null, "private": 0, "password": null}