{"id": "gen9randombattle-2253999741", "format": "[Gen 9] Random Battle", "players": ["blaze2001", "bonnie0089"], "log": "|j|\u2606blaze2001\n|j|\u2606bonnie0089\n|t:|1732978046\n|gametype|singles\n|player|p1|blaze2001|169|1571\n|player|p2|bonnie0089|169|1600\n|teamsize|p1|6\n|teamsize|p2|6\n|gen|9\n|tier|[Gen 9] Random Battle\n|rated|\n|rule|Species Clause: Limit one of each Pok\u00e9mon\n|rule|HP Percentage Mod: HP is shown in percentages\n|rule|Sleep Clause Mod: Limit one foe put to sleep\n|rule|Illusion Level Mod: Illusion disguises the Pok\u00e9mon's true level\n|\n|t:|1732978046\n|start\n|switch|p1a: Indeedee|Indeedee-F, L90, F|272/272\n|switch|p2a: Hippowdon|Hippowdon, L82, F|311/311\n|-fieldstart|move: Psychic Terrain|[from] ability: Psychic Surge|[of] p1a: Indeedee\n|-weather|Sandstorm|[from] ability: Sand Stream|[of] p2a: Hippowdon\n|turn|1\n|inactive|Battle timer is ON: inactive players will automatically lose when time's up. (requested by bonnie0089)\n|inactive|blaze2001 has 120 seconds left.\n|\n|t:|1732978097\n|move|p1a: Indeedee|Calm Mind|p1a: Indeedee\n|-boost|p1a: Indeedee|spa|1\n|-boost|p1a: Indeedee|spd|1\n|move|p2a: Hippowdon|Earthquake|p1a: Indeedee\n|-damage|p1a: Indeedee|145/272\n|\n|-weather|Sandstorm|[upkeep]\n|-damage|p1a: Indeedee|128/272|[from] Sandstorm\n|upkeep\n|turn|2\n|\n|t:|1732978106\n|move|p1a: Indeedee|Hyper Voice|p2a: Hippowdon\n|-damage|p2a: Hippowdon|76/311\n|-damage|p1a: Indeedee|101/272|[from] item: Life Orb\n|move|p2a: Hippowdon|Earthquake|p1a: Indeedee\n|-crit|p1a: Indeedee\n|-damage|p1a: Indeedee|0 fnt\n|faint|p1a: Indeedee\n|\n|-weather|Sandstorm|[upkeep]\n|-heal|p2a: Hippowdon|95/311|[from] item: Leftovers\n|upkeep\n|\n|t:|1732978117\n|switch|p1a: Leavanny|Leavanny, L86, F|269/269\n|turn|3\n|\n|t:|1732978137\n|switch|p2a: Cinccino|Cinccino, L83, M|260/260\n|move|p1a: Leavanny|Sticky Web|p2a: Cinccino\n|-sidestart|p2: bonnie0089|move: Sticky Web\n|\n|-weather|Sandstorm|[upkeep]\n|-damage|p2a: Cinccino|244/260|[from] Sandstorm\n|-damage|p1a: Leavanny|253/269|[from] Sandstorm\n|upkeep\n|turn|4\n|\n|t:|1732978165\n|move|p2a: Cinccino|Triple Axel|p1a: Leavanny\n|-supereffective|p1a: Leavanny\n|-damage|p1a: Leavanny|207/269\n|-supereffective|p1a: Leavanny\n|-damage|p1a: Leavanny|119/269\n|-supereffective|p1a: Leavanny\n|-damage|p1a: Leavanny|0 fnt\n|faint|p1a: Leavanny\n|-hitcount|p1: Leavanny|3\n|\n|-weather|Sandstorm|[upkeep]\n|-damage|p2a: Cinccino|228/260|[from] Sandstorm\n|upkeep\n|\n|t:|1732978175\n|switch|p1a: Rillaboom|Rillaboom, L79, M|288/288\n|-fieldstart|move: Grassy Terrain|[from] ability: Grassy Surge|[of] p1a: Rillaboom\n|turn|5\n|\n|t:|1732978204\n|-terastallize|p2a: Cinccino|Ice\n|move|p2a: Cinccino|Triple Axel|p1a: Rillaboom\n|-supereffective|p1a: Rillaboom\n|-damage|p1a: Rillaboom|220/288\n|-supereffective|p1a: Rillaboom\n|-damage|p1a: Rillaboom|98/288\n|-supereffective|p1a: Rillaboom\n|-damage|p1a: Rillaboom|0 fnt\n|faint|p1a: Rillaboom\n|-hitcount|p1: Rillaboom|3\n|\n|-weather|none\n|-heal|p2a: Cinccino|244/260|[from] Grassy Terrain\n|upkeep\n|inactive|blaze2001 has 120 seconds left.\n|\n|t:|1732978221\n|switch|p1a: Qwilfish|Qwilfish-Hisui, L83, M|244/244\n|-ability|p1a: Qwilfish|Intimidate|boost\n|-unboost|p2a: Cinccino|atk|1\n|turn|6\n|inactive|bonnie0089 has 120 seconds left.\n|\n|t:|1732978247\n|move|p2a: Cinccino|U-turn|p1a: Qwilfish\n|-damage|p1a: Qwilfish|221/244\n|\n|t:|1732978250\n|switch|p2a: Poliwrath|Poliwrath, L88, F|302/302|[from] U-turn\n|-activate|p2a: Poliwrath|move: Sticky Web\n|-unboost|p2a: Poliwrath|spe|1\n|move|p1a: Qwilfish|Crunch|p2a: Poliwrath\n|-resisted|p2a: Poliwrath\n|-damage|p2a: Poliwrath|262/302\n|\n|-heal|p1a: Qwilfish|236/244|[from] Grassy Terrain\n|-heal|p2a: Poliwrath|280/302|[from] Grassy Terrain\n|upkeep\n|turn|7\n|\n|t:|1732978261\n|move|p1a: Qwilfish|Gunk Shot|p2a: Poliwrath\n|-damage|p2a: Poliwrath|174/302\n|-status|p2a: Poliwrath|psn\n|move|p2a: Poliwrath|Rain Dance|p2a: Poliwrath\n|-weather|RainDance\n|\n|-weather|RainDance|[upkeep]\n|-heal|p2a: Poliwrath|192/302 psn|[from] Grassy Terrain\n|-heal|p1a: Qwilfish|244/244|[from] Grassy Terrain\n|-damage|p2a: Poliwrath|155/302 psn|[from] psn\n|upkeep\n|turn|8\n|\n|t:|1732978271\n|move|p2a: Poliwrath|Knock Off|p1a: Qwilfish\n|-resisted|p1a: Qwilfish\n|-damage|p1a: Qwilfish|208/244\n|-enditem|p1a: Qwilfish|Eviolite|[from] move: Knock Off|[of] p2a: Poliwrath\n|-damage|p2a: Poliwrath|125/302 psn|[from] item: Life Orb\n|move|p1a: Qwilfish|Toxic Spikes|p2a: Poliwrath\n|-sidestart|p2: bonnie0089|move: Toxic Spikes\n|\n|-weather|RainDance|[upkeep]\n|-heal|p2a: Poliwrath|143/302 psn|[from] Grassy Terrain\n|-heal|p1a: Qwilfish|223/244|[from] Grassy Terrain\n|-damage|p2a: Poliwrath|106/302 psn|[from] psn\n|upkeep\n|turn|9\n|\n|t:|1732978283\n|move|p2a: Poliwrath|Liquidation|p1a: Qwilfish\n|-damage|p1a: Qwilfish|19/244\n|-unboost|p1a: Qwilfish|def|1\n|-damage|p2a: Poliwrath|76/302 psn|[from] item: Life Orb\n|move|p1a: Qwilfish|Gunk Shot|p2a: Poliwrath\n|-damage|p2a: Poliwrath|0 fnt\n|faint|p2a: Poliwrath\n|\n|-weather|RainDance|[upkeep]\n|-heal|p1a: Qwilfish|34/244|[from] Grassy Terrain\n|-fieldend|move: Grassy Terrain\n|upkeep\n|\n|t:|1732978292\n|switch|p2a: Dragalge|Dragalge, L88, M|258/258\n|-activate|p2a: Dragalge|move: Sticky Web\n|-unboost|p2a: Dragalge|spe|1\n|-sideend|p2: bonnie0089|move: Toxic Spikes|[of] p2a: Dragalge\n|turn|10\n|\n|t:|1732978297\n|move|p1a: Qwilfish|Crunch|p2a: Dragalge\n|-damage|p2a: Dragalge|180/258\n|move|p2a: Dragalge|Flip Turn|p1a: Qwilfish\n|-damage|p1a: Qwilfish|0 fnt\n|faint|p1a: Qwilfish\n|\n|t:|1732978315\n|switch|p2a: Cinccino|Cinccino, L83, M, tera:Ice|244/260|[from] Flip Turn\n|-activate|p2a: Cinccino|move: Sticky Web\n|-unboost|p2a: Cinccino|spe|1\n|\n|-weather|RainDance|[upkeep]\n|upkeep\n|\n|t:|1732978334\n|switch|p1a: Iron Bundle|Iron Bundle, L77|213/213\n|turn|11\n|\n|t:|1732978351\n|switch|p2a: Hippowdon|Hippowdon, L82, F|95/311\n|-activate|p2a: Hippowdon|move: Sticky Web\n|-unboost|p2a: Hippowdon|spe|1\n|-weather|Sandstorm|[from] ability: Sand Stream|[of] p2a: Hippowdon\n|move|p1a: Iron Bundle|Hydro Pump|p2a: Hippowdon\n|-supereffective|p2a: Hippowdon\n|-damage|p2a: Hippowdon|0 fnt\n|faint|p2a: Hippowdon\n|\n|-weather|Sandstorm|[upkeep]\n|-damage|p1a: Iron Bundle|200/213|[from] Sandstorm\n|upkeep\n|\n|t:|1732978357\n|switch|p2a: Cinccino|Cinccino, L83, M, tera:Ice|244/260\n|-activate|p2a: Cinccino|move: Sticky Web\n|-unboost|p2a: Cinccino|spe|1\n|turn|12\n|\n|t:|1732978367\n|move|p1a: Iron Bundle|Hydro Pump|p2a: Cinccino|[miss]\n|-miss|p1a: Iron Bundle|p2a: Cinccino\n|move|p2a: Cinccino|Bullet Seed|p1a: Iron Bundle\n|-supereffective|p1a: Iron Bundle\n|-damage|p1a: Iron Bundle|154/213\n|-supereffective|p1a: Iron Bundle\n|-damage|p1a: Iron Bundle|106/213\n|-supereffective|p1a: Iron Bundle\n|-damage|p1a: Iron Bundle|58/213\n|-supereffective|p1a: Iron Bundle\n|-damage|p1a: Iron Bundle|14/213\n|-supereffective|p1a: Iron Bundle\n|-damage|p1a: Iron Bundle|0 fnt\n|faint|p1a: Iron Bundle\n|-end|p1a: Iron Bundle|Quark Drive|[silent]\n|-hitcount|p1: Iron Bundle|5\n|\n|-weather|Sandstorm|[upkeep]\n|-damage|p2a: Cinccino|228/260|[from] Sandstorm\n|upkeep\n|\n|t:|1732978381\n|switch|p1a: Bombirdier|Bombirdier, L85, F|258/258\n|turn|13\n|\n|t:|1732978385\n|-terastallize|p1a: Bombirdier|Steel\n|move|p1a: Bombirdier|Knock Off|p2a: Cinccino\n|-damage|p2a: Cinccino|66/260\n|-enditem|p2a: Cinccino|Loaded Dice|[from] move: Knock Off|[of] p1a: Bombirdier\n|move|p2a: Cinccino|Triple Axel|p1a: Bombirdier\n|-resisted|p1a: Bombirdier\n|-damage|p1a: Bombirdier|243/258\n|-resisted|p1a: Bombirdier\n|-damage|p1a: Bombirdier|210/258\n|-resisted|p1a: Bombirdier\n|-damage|p1a: Bombirdier|159/258\n|-hitcount|p1a: Bombirdier|3\n|\n|-weather|Sandstorm|[upkeep]\n|-damage|p2a: Cinccino|50/260|[from] Sandstorm\n|upkeep\n|turn|14\n|\n|t:|1732978399\n|move|p1a: Bombirdier|Knock Off|p2a: Cinccino\n|-damage|p2a: Cinccino|0 fnt\n|faint|p2a: Cinccino\n|\n|-weather|Sandstorm|[upkeep]\n|upkeep\n|\n|t:|1732978402\n|switch|p2a: Mamoswine|Mamoswine, L81, M|311/311\n|-activate|p2a: Mamoswine|move: Sticky Web\n|-unboost|p2a: Mamoswine|spe|1\n|turn|15\n|\n|t:|1732978429\n|move|p1a: Bombirdier|Knock Off|p2a: Mamoswine\n|-damage|p2a: Mamoswine|178/311\n|-enditem|p2a: Mamoswine|Choice Band|[from] move: Knock Off|[of] p1a: Bombirdier\n|move|p2a: Mamoswine|Earthquake|p1a: Bombirdier\n|-supereffective|p1a: Bombirdier\n|-damage|p1a: Bombirdier|0 fnt\n|faint|p1a: Bombirdier\n|\n|win|bonnie0089\n|raw|blaze2001's rating: 1571 &rarr; <strong>1553</strong><br />(-18 for losing)\n|raw|bonnie0089's rating: 1600 &rarr; <strong>1618</strong><br />(+18 for winning)\n|l|\u2606blaze2001\n|player|p1|\n", "inputlog": ">version b107d77f5c90bd6555267ae244a6264823309ead\n>start {\"formatid\":\"gen9randombattle\",\"seed\":[12333,29372,5618,22697],\"rated\":\"Rated battle\"}\n>player p1 {\"name\":\"blaze2001\",\"avatar\":\"169\",\"rating\":1571,\"seed\":[49548,36121,50227,2746]}\n>player p2 {\"name\":\"bonnie0089\",\"avatar\":\"169\",\"rating\":1600,\"seed\":[34879,1174,62631,20175]}\n>p1 move calmmind\n>p2 move earthquake\n>p1 move hypervoice\n>p2 move earthquake\n>p1 switch 2\n>p1 move stickyweb\n>p2 switch 4\n>p1 move lunge\n>p2 move tripleaxel\n>p1 switch 6\n>p1 move swordsdance\n>p2 move tripleaxel terastallize\n>p1 switch 4\n>p1 move crunch\n>p2 move uturn\n>p2 switch 5\n>p1 move gunkshot\n>p2 move raindance\n>p1 move toxicspikes\n>p2 move knockoff\n>p1 move gunkshot\n>p2 move liquidation\n>p2 switch 6\n>p1 move crunch\n>p2 move flipturn\n>p2 switch 5\n>p1 switch 3\n>p1 move hydropump\n>p2 switch 4\n>p2 switch 4\n>p1 move hydropump\n>p2 move bulletseed\n>p1 switch 5\n>p1 move knockoff terastallize\n>p2 move tripleaxel\n>p1 move knockoff\n>p2 move tailslap\n>p2 switch 3\n>p1 move knockoff\n>p2 move earthquake", "uploadtime": 1732978433, "views": 2, "formatid": "gen9randombattle", "rating": 1553, "private": 0, "password": null}