{"id": "gen9randombattle-2254181289", "format": "[Gen 9] Random Battle", "players": ["kupchun", "Yumiko miyashiro"], "log": "|j|\u2606kupchun\n|j|\u2606Yumiko miyashiro\n|t:|1733001293\n|gametype|singles\n|player|p1|kupchun|266|1931\n|player|p2|Yumiko miyashiro|169|1932\n|teamsize|p1|6\n|teamsize|p2|6\n|gen|9\n|tier|[Gen 9] Random Battle\n|rated|\n|rule|Species Clause: Limit one of each Pok\u00e9mon\n|rule|HP Percentage Mod: HP is shown in percentages\n|rule|Sleep Clause Mod: Limit one foe put to sleep\n|rule|Illusion Level Mod: Illusion disguises the Pok\u00e9mon's true level\n|\n|t:|1733001293\n|start\n|switch|p1a: Golduck|Golduck, L90, M|290/290\n|switch|p2a: Carbink|Carbink, L90|236/236\n|-ability|p1a: Golduck|Cloud Nine\n|turn|1\n|inactive|Battle timer is ON: inactive players will automatically lose when time's up. (requested by Yumiko miyashiro)\n|inactive|kupchun has 120 seconds left.\n|\n|t:|1733001357\n|switch|p2a: Iron Leaves|Iron Leaves, L80|275/275\n|move|p1a: Golduck|Nasty Plot|p1a: Golduck\n|-boost|p1a: Golduck|spa|2\n|\n|upkeep\n|turn|2\n|\n|t:|1733001375\n|move|p2a: Iron Leaves|Leaf Blade|p1a: Golduck\n|-supereffective|p1a: Golduck\n|-damage|p1a: Golduck|0 fnt\n|faint|p1a: Golduck\n|-damage|p2a: Iron Leaves|248/275|[from] item: Life Orb\n|\n|upkeep\n|\n|t:|1733001380\n|switch|p1a: Lokix|Lokix, L82, F|251/251\n|turn|3\n|\n|t:|1733001386\n|-end|p2a: Iron Leaves|Quark Drive|[silent]\n|switch|p2a: Carbink|Carbink, L90|236/236\n|move|p1a: Lokix|Knock Off|p2a: Carbink\n|-resisted|p2a: Carbink\n|-damage|p2a: Carbink|158/236\n|-enditem|p2a: Carbink|Chesto Berry|[from] move: Knock Off|[of] p1a: Lokix\n|-damage|p1a: Lokix|226/251|[from] item: Life Orb\n|\n|upkeep\n|turn|4\n|\n|t:|1733001392\n|switch|p1a: Oranguru|Oranguru, L92, M|315/315\n|move|p2a: Carbink|Moonblast|p1a: Oranguru\n|-damage|p1a: Oranguru|258/315\n|\n|-heal|p1a: Oranguru|277/315|[from] item: Leftovers\n|upkeep\n|turn|5\n|\n|t:|1733001395\n|switch|p2a: Scyther|Scyther, L82, F|249/249\n|move|p1a: Oranguru|Nasty Plot|p1a: Oranguru\n|-boost|p1a: Oranguru|spa|2\n|\n|-heal|p1a: Oranguru|296/315|[from] item: Leftovers\n|upkeep\n|turn|6\n|\n|t:|1733001399\n|move|p2a: Scyther|U-turn|p1a: Oranguru\n|-supereffective|p1a: Oranguru\n|-damage|p1a: Oranguru|140/315\n|\n|t:|1733001405\n|switch|p2a: Gholdengo|Gholdengo, L77|261/261|[from] U-turn\n|move|p1a: Oranguru|Thunderbolt|p2a: Gholdengo\n|-damage|p2a: Gholdengo|120/261\n|\n|-heal|p2a: Gholdengo|136/261|[from] item: Leftovers\n|-heal|p1a: Oranguru|159/315|[from] item: Leftovers\n|upkeep\n|turn|7\n|\n|t:|1733001412\n|move|p2a: Gholdengo|Nasty Plot|p2a: Gholdengo\n|-boost|p2a: Gholdengo|spa|2\n|move|p1a: Oranguru|Thunderbolt|p2a: Gholdengo\n|-damage|p2a: Gholdengo|0 fnt\n|faint|p2a: Gholdengo\n|\n|-heal|p1a: Oranguru|178/315|[from] item: Leftovers\n|upkeep\n|\n|t:|1733001416\n|switch|p2a: Scyther|Scyther, L82, F|249/249\n|turn|8\n|\n|t:|1733001427\n|switch|p1a: Weezing|Weezing, L88, M|258/258\n|move|p2a: Scyther|U-turn|p1a: Weezing\n|-resisted|p1a: Weezing\n|-damage|p1a: Weezing|231/258\n|\n|t:|1733001431\n|switch|p2a: Hippowdon|Hippowdon, L82, M|311/311|[from] U-turn\n|-weather|Sandstorm|[from] ability: Sand Stream|[of] p2a: Hippowdon\n|\n|-weather|Sandstorm|[upkeep]\n|-damage|p1a: Weezing|215/258|[from] Sandstorm\n|-heal|p1a: Weezing|231/258|[from] item: Leftovers\n|upkeep\n|turn|9\n|\n|t:|1733001438\n|move|p1a: Weezing|Will-O-Wisp|p2a: Hippowdon|[miss]\n|-miss|p1a: Weezing|p2a: Hippowdon\n|move|p2a: Hippowdon|Stealth Rock|p1a: Weezing\n|-sidestart|p1: kupchun|move: Stealth Rock\n|\n|-weather|Sandstorm|[upkeep]\n|-damage|p1a: Weezing|215/258|[from] Sandstorm\n|-heal|p1a: Weezing|231/258|[from] item: Leftovers\n|upkeep\n|turn|10\n|\n|t:|1733001442\n|switch|p2a: Grumpig|Grumpig, L92, F|297/297\n|move|p1a: Weezing|Will-O-Wisp|p2a: Grumpig\n|-status|p2a: Grumpig|brn\n|\n|-weather|Sandstorm|[upkeep]\n|-damage|p2a: Grumpig|279/297 brn|[from] Sandstorm\n|-damage|p1a: Weezing|215/258|[from] Sandstorm\n|-heal|p2a: Grumpig|297/297 brn|[from] item: Leftovers\n|-heal|p1a: Weezing|231/258|[from] item: Leftovers\n|-damage|p2a: Grumpig|279/297 brn|[from] brn\n|upkeep\n|turn|11\n|\n|t:|1733001448\n|switch|p1a: Oranguru|Oranguru, L92, M|178/315\n|-damage|p1a: Oranguru|139/315|[from] Stealth Rock\n|move|p2a: Grumpig|Dazzling Gleam|p1a: Oranguru\n|-crit|p1a: Oranguru\n|-damage|p1a: Oranguru|60/315\n|\n|-weather|Sandstorm|[upkeep]\n|-damage|p2a: Grumpig|261/297 brn|[from] Sandstorm\n|-damage|p1a: Oranguru|41/315|[from] Sandstorm\n|-heal|p2a: Grumpig|279/297 brn|[from] item: Leftovers\n|-heal|p1a: Oranguru|60/315|[from] item: Leftovers\n|-damage|p2a: Grumpig|261/297 brn|[from] brn\n|upkeep\n|turn|12\n|\n|t:|1733001454\n|move|p2a: Grumpig|Nasty Plot|p2a: Grumpig\n|-boost|p2a: Grumpig|spa|2\n|move|p1a: Oranguru|Thunderbolt|p2a: Grumpig\n|-damage|p2a: Grumpig|208/297 brn\n|\n|-weather|none\n|-heal|p2a: Grumpig|226/297 brn|[from] item: Leftovers\n|-heal|p1a: Oranguru|79/315|[from] item: Leftovers\n|-damage|p2a: Grumpig|208/297 brn|[from] brn\n|upkeep\n|turn|13\n|\n|t:|1733001457\n|move|p2a: Grumpig|Dazzling Gleam|p1a: Oranguru\n|-damage|p1a: Oranguru|0 fnt\n|faint|p1a: Oranguru\n|\n|-heal|p2a: Grumpig|226/297 brn|[from] item: Leftovers\n|-damage|p2a: Grumpig|208/297 brn|[from] brn\n|upkeep\n|\n|t:|1733001460\n|switch|p1a: Lokix|Lokix, L82, F|226/251\n|-damage|p1a: Lokix|164/251|[from] Stealth Rock\n|turn|14\n|\n|t:|1733001465\n|switch|p2a: Hippowdon|Hippowdon, L82, M|311/311\n|-weather|Sandstorm|[from] ability: Sand Stream|[of] p2a: Hippowdon\n|move|p1a: Lokix|First Impression|p2a: Hippowdon\n|-damage|p2a: Hippowdon|212/311\n|-damage|p1a: Lokix|139/251|[from] item: Life Orb\n|\n|-weather|Sandstorm|[upkeep]\n|-damage|p1a: Lokix|124/251|[from] Sandstorm\n|-heal|p2a: Hippowdon|231/311|[from] item: Leftovers\n|upkeep\n|turn|15\n|\n|t:|1733001470\n|move|p1a: Lokix|Leech Life|p2a: Hippowdon\n|-damage|p2a: Hippowdon|140/311\n|-heal|p1a: Lokix|170/251|[from] drain|[of] p2a: Hippowdon\n|-damage|p1a: Lokix|145/251|[from] item: Life Orb\n|move|p2a: Hippowdon|Whirlwind|p1a: Lokix\n|drag|p1a: Zacian|Zacian, L69|241/241\n|-damage|p1a: Zacian|211/241|[from] Stealth Rock\n|-ability|p1a: Zacian|Intrepid Sword|boost\n|-boost|p1a: Zacian|atk|1\n|\n|-weather|Sandstorm|[upkeep]\n|-damage|p1a: Zacian|196/241|[from] Sandstorm\n|-heal|p2a: Hippowdon|159/311|[from] item: Leftovers\n|upkeep\n|turn|16\n|\n|t:|1733001476\n|move|p1a: Zacian|Play Rough|p2a: Hippowdon\n|-damage|p2a: Hippowdon|27/311\n|move|p2a: Hippowdon|Whirlwind|p1a: Zacian\n|drag|p1a: Lokix|Lokix, L82, F|145/251\n|-damage|p1a: Lokix|83/251|[from] Stealth Rock\n|\n|-weather|Sandstorm|[upkeep]\n|-damage|p1a: Lokix|68/251|[from] Sandstorm\n|-heal|p2a: Hippowdon|46/311|[from] item: Leftovers\n|upkeep\n|turn|17\n|\n|t:|1733001480\n|move|p1a: Lokix|Leech Life|p2a: Hippowdon\n|-damage|p2a: Hippowdon|0 fnt\n|-heal|p1a: Lokix|91/251|[from] drain|[of] p2a: Hippowdon\n|faint|p2a: Hippowdon\n|-damage|p1a: Lokix|66/251|[from] item: Life Orb\n|\n|-weather|Sandstorm|[upkeep]\n|-damage|p1a: Lokix|51/251|[from] Sandstorm\n|upkeep\n|\n|t:|1733001484\n|switch|p2a: Scyther|Scyther, L82, F|249/249\n|turn|18\n|\n|t:|1733001486\n|move|p1a: Lokix|Sucker Punch|p2a: Scyther\n|-damage|p2a: Scyther|140/249\n|-damage|p1a: Lokix|26/251|[from] item: Life Orb\n|move|p2a: Scyther|U-turn|p1a: Lokix\n|-supereffective|p1a: Lokix\n|-damage|p1a: Lokix|0 fnt\n|faint|p1a: Lokix\n|\n|t:|1733001490\n|switch|p2a: Iron Leaves|Iron Leaves, L80|248/275|[from] U-turn\n|\n|-weather|none\n|upkeep\n|\n|t:|1733001495\n|switch|p1a: Weezing|Weezing, L88, M|231/258\n|-damage|p1a: Weezing|199/258|[from] Stealth Rock\n|turn|19\n|\n|t:|1733001504\n|-end|p2a: Iron Leaves|Quark Drive|[silent]\n|switch|p2a: Grumpig|Grumpig, L92, F|208/297 brn\n|-terastallize|p1a: Weezing|Steel\n|move|p1a: Weezing|Will-O-Wisp|p2a: Grumpig\n|-fail|p2a: Grumpig|brn\n|\n|-heal|p2a: Grumpig|226/297 brn|[from] item: Leftovers\n|-heal|p1a: Weezing|215/258|[from] item: Leftovers\n|-damage|p2a: Grumpig|208/297 brn|[from] brn\n|upkeep\n|turn|20\n|\n|t:|1733001520\n|move|p2a: Grumpig|Nasty Plot|p2a: Grumpig\n|-boost|p2a: Grumpig|spa|2\n|move|p1a: Weezing|Gunk Shot|p2a: Grumpig\n|-damage|p2a: Grumpig|60/297 brn\n|\n|-heal|p2a: Grumpig|78/297 brn|[from] item: Leftovers\n|-heal|p1a: Weezing|231/258|[from] item: Leftovers\n|-damage|p2a: Grumpig|60/297 brn|[from] brn\n|upkeep\n|turn|21\n|\n|t:|1733001528\n|move|p2a: Grumpig|Shadow Ball|p1a: Weezing\n|-damage|p1a: Weezing|80/258\n|move|p1a: Weezing|Gunk Shot|p2a: Grumpig\n|-damage|p2a: Grumpig|0 fnt\n|faint|p2a: Grumpig\n|\n|-heal|p1a: Weezing|96/258|[from] item: Leftovers\n|upkeep\n|\n|t:|1733001534\n|switch|p2a: Scyther|Scyther, L82, F|140/249\n|turn|22\n|\n|t:|1733001539\n|switch|p1a: Zacian|Zacian, L69|196/241\n|-damage|p1a: Zacian|166/241|[from] Stealth Rock\n|move|p2a: Scyther|Close Combat|p1a: Zacian\n|-resisted|p1a: Zacian\n|-damage|p1a: Zacian|123/241\n|-unboost|p2a: Scyther|def|1\n|-unboost|p2a: Scyther|spd|1\n|\n|upkeep\n|turn|23\n|\n|t:|1733001548\n|move|p1a: Zacian|Play Rough|p2a: Scyther\n|-damage|p2a: Scyther|0 fnt\n|faint|p2a: Scyther\n|\n|upkeep\n|\n|t:|1733001555\n|switch|p2a: Carbink|Carbink, L90|158/236\n|turn|24\n|\n|t:|1733001559\n|switch|p1a: Weezing|Weezing, L88, M, tera:Steel|96/258\n|-damage|p1a: Weezing|80/258|[from] Stealth Rock\n|move|p2a: Carbink|Iron Defense|p2a: Carbink\n|-boost|p2a: Carbink|def|2\n|\n|-heal|p1a: Weezing|96/258|[from] item: Leftovers\n|upkeep\n|turn|25\n|\n|t:|1733001562\n|move|p1a: Weezing|Will-O-Wisp|p2a: Carbink|[miss]\n|-miss|p1a: Weezing|p2a: Carbink\n|move|p2a: Carbink|Rest|p2a: Carbink\n|-status|p2a: Carbink|slp|[from] move: Rest\n|-heal|p2a: Carbink|236/236 slp|[silent]\n|\n|-heal|p1a: Weezing|112/258|[from] item: Leftovers\n|upkeep\n|turn|26\n|\n|t:|1733001566\n|move|p1a: Weezing|Pain Split|p2a: Carbink\n|-sethp|p2a: Carbink|174/236 slp|[from] move: Pain Split|[silent]\n|-sethp|p1a: Weezing|174/258|[from] move: Pain Split\n|cant|p2a: Carbink|slp\n|\n|-heal|p1a: Weezing|190/258|[from] item: Leftovers\n|upkeep\n|turn|27\n|\n|t:|1733001569\n|move|p1a: Weezing|Gunk Shot|p2a: Carbink|[miss]\n|-miss|p1a: Weezing|p2a: Carbink\n|cant|p2a: Carbink|slp\n|\n|-heal|p1a: Weezing|206/258|[from] item: Leftovers\n|upkeep\n|turn|28\n|\n|t:|1733001571\n|move|p1a: Weezing|Gunk Shot|p2a: Carbink\n|-damage|p2a: Carbink|135/236 slp\n|-curestatus|p2a: Carbink|slp|[msg]\n|move|p2a: Carbink|Body Press|p1a: Weezing\n|-supereffective|p1a: Weezing\n|-damage|p1a: Weezing|0 fnt\n|faint|p1a: Weezing\n|\n|upkeep\n|\n|t:|1733001578\n|switch|p1a: Raging Bolt|Raging Bolt, L78|323/323\n|-damage|p1a: Raging Bolt|283/323|[from] Stealth Rock\n|turn|29\n|\n|t:|1733001582\n|move|p1a: Raging Bolt|Calm Mind|p1a: Raging Bolt\n|-boost|p1a: Raging Bolt|spa|1\n|-boost|p1a: Raging Bolt|spd|1\n|move|p2a: Carbink|Moonblast|p1a: Raging Bolt\n|-supereffective|p1a: Raging Bolt\n|-damage|p1a: Raging Bolt|179/323\n|\n|-heal|p1a: Raging Bolt|199/323|[from] item: Leftovers\n|upkeep\n|turn|30\n|\n|t:|1733001584\n|move|p1a: Raging Bolt|Thunderbolt|p2a: Carbink\n|-damage|p2a: Carbink|30/236\n|-status|p2a: Carbink|par\n|move|p2a: Carbink|Body Press|p1a: Raging Bolt\n|-damage|p1a: Raging Bolt|0 fnt\n|faint|p1a: Raging Bolt\n|-end|p1a: Raging Bolt|Protosynthesis|[silent]\n|\n|upkeep\n|\n|t:|1733001587\n|switch|p1a: Zacian|Zacian, L69|123/241\n|-damage|p1a: Zacian|93/241|[from] Stealth Rock\n|turn|31\n|\n|t:|1733001591\n|move|p1a: Zacian|Play Rough|p2a: Carbink\n|-damage|p2a: Carbink|0 fnt\n|faint|p2a: Carbink\n|\n|upkeep\n|\n|t:|1733001594\n|switch|p2a: Iron Leaves|Iron Leaves, L80|248/275\n|turn|32\n|\n|t:|1733001596\n|move|p1a: Zacian|Play Rough|p2a: Iron Leaves\n|-damage|p2a: Iron Leaves|116/275\n|-unboost|p2a: Iron Leaves|atk|1\n|move|p2a: Iron Leaves|Leaf Blade|p1a: Zacian\n|-damage|p1a: Zacian|6/241\n|-damage|p2a: Iron Leaves|89/275|[from] item: Life Orb\n|\n|upkeep\n|turn|33\n|\n|t:|1733001600\n|move|p1a: Zacian|Play Rough|p2a: Iron Leaves\n|-damage|p2a: Iron Leaves|0 fnt\n|faint|p2a: Iron Leaves\n|-end|p2a: Iron Leaves|Quark Drive|[silent]\n|\n|win|kupchun\n|raw|kupchun's rating: 1931 &rarr; <strong>1951</strong><br />(+20 for winning)\n|raw|Yumiko miyashiro's rating: 1932 &rarr; <strong>1912</strong><br />(-20 for losing)\n|c|\u2606kupchun|gg\n|l|\u2606Yumiko miyashiro\n|player|p2|\n", "inputlog": ">version b107d77f5c90bd6555267ae244a6264823309ead\n>start {\"formatid\":\"gen9randombattle\",\"seed\":[47133,58290,17049,38485],\"rated\":\"Rated battle\"}\n>player p1 {\"name\":\"kupchun\",\"avatar\":\"266\",\"rating\":1931,\"seed\":[53523,57616,29181,40192]}\n>player p2 {\"name\":\"Yumiko miyashiro\",\"avatar\":\"169\",\"rating\":1932,\"seed\":[46664,5987,12877,27194]}\n>p1 move nastyplot\n>p2 switch 4\n>p1 move icebeam\n>p2 move leafblade\n>p1 switch 6\n>p1 move knockoff\n>p2 switch 4\n>p1 switch 5\n>p2 move moonblast\n>p1 move nastyplot\n>p2 switch 2\n>p1 move thunderbolt\n>p2 move uturn\n>p2 switch 5\n>p1 move thunderbolt\n>p2 move nastyplot\n>p2 switch 5\n>p1 switch 4\n>p2 move uturn\n>p2 switch 3\n>p1 move willowisp\n>p2 move stealthrock\n>p1 move willowisp\n>p2 switch 6\n>p1 switch 4\n>p2 move dazzlinggleam\n>p1 move thunderbolt\n>p2 move nastyplot\n>p1 move thunderbolt\n>p2 move dazzlinggleam\n>p1 switch 5\n>p1 move firstimpression\n>p2 switch 6\n>p1 move leechlife\n>p2 move whirlwind\n>p1 move playrough\n>p2 move whirlwind\n>p1 move leechlife\n>p2 move slackoff\n>p2 switch 3\n>p1 move suckerpunch\n>p2 move uturn\n>p2 switch 4\n>p1 switch 4\n>p1 move willowisp terastallize\n>p2 switch 6\n>p1 move gunkshot\n>p2 move nastyplot\n>p1 move gunkshot\n>p2 move shadowball\n>p2 switch 4\n>p1 switch 2\n>p2 move closecombat\n>p1 move playrough\n>p2 move dualwingbeat\n>p2 switch 2\n>p1 switch 2\n>p2 move irondefense\n>p1 move willowisp\n>p2 move rest\n>p1 move painsplit\n>p2 move bodypress\n>p1 move gunkshot\n>p2 move bodypress\n>p1 move gunkshot\n>p2 move bodypress\n>p1 switch 3\n>p1 move calmmind\n>p2 move moonblast\n>p1 move thunderbolt\n>p2 move bodypress\n>p1 switch 2\n>p1 move playrough\n>p2 move rest\n>p2 switch 6\n>p1 move playrough\n>p2 move leafblade\n>p1 move playrough\n>p2 move leafblade", "uploadtime": 1733001772, "views": 2, "formatid": "gen9randombattle", "rating": 1912, "private": 0, "password": null}