{"id": "gen9randombattle-2254154021", "format": "[Gen 9] Random Battle", "players": ["Oh No! Charizard", "HeartofElixir"], "log": "|badge|p1|bronze|gen9randombattle|100-3\n|uhtml|medal-msg|<div class=\"broadcast-blue\">Curious what those medals under the avatar are? PS now has Ladder Seasons! For more information, check out the <a href=\"https://www.smogon.com/forums/threads/3740067/\">thread on Smogon.</a></div>\n|badge|p2|bronze|gen9randombattle|100-3\n|uhtml|medal-msg|<div class=\"broadcast-blue\">Curious what those medals under the avatar are? PS now has Ladder Seasons! For more information, check out the <a href=\"https://www.smogon.com/forums/threads/3740067/\">thread on Smogon.</a></div>\n|j|\u2606Oh No! Charizard\n|j|\u2606HeartofElixir\n|t:|1732997882\n|gametype|singles\n|player|p1|Oh No! Charizard|klara|2244\n|player|p2|HeartofElixir|steven|2405\n|teamsize|p1|6\n|teamsize|p2|6\n|gen|9\n|tier|[Gen 9] Random Battle\n|rated|\n|rule|Species Clause: Limit one of each Pok\u00e9mon\n|rule|HP Percentage Mod: HP is shown in percentages\n|rule|Sleep Clause Mod: Limit one foe put to sleep\n|rule|Illusion Level Mod: Illusion disguises the Pok\u00e9mon's true level\n|\n|t:|1732997882\n|start\n|switch|p1a: Sandslash|Sandslash, L88, F|275/275\n|switch|p2a: Komala|Komala, L89, M|260/260\n|-ability|p2a: Komala|Comatose\n|turn|1\n|inactive|Battle timer is ON: inactive players will automatically lose when time's up. (requested by Oh No! Charizard)\n|\n|t:|1732997887\n|move|p2a: Komala|Wood Hammer|p1a: Sandslash\n|-supereffective|p1a: Sandslash\n|-damage|p1a: Sandslash|107/275\n|-damage|p2a: Komala|205/260|[from] Recoil\n|move|p1a: Sandslash|Knock Off|p2a: Komala\n|-damage|p2a: Komala|116/260\n|-enditem|p2a: Komala|Choice Scarf|[from] move: Knock Off|[of] p1a: Sandslash\n|\n|-heal|p1a: Sandslash|124/275|[from] item: Leftovers\n|upkeep\n|turn|2\n|j| zedd767\n|\n|t:|1732997898\n|switch|p1a: Pyroar|Pyroar, L88, F|295/295\n|-ability|p1a: Pyroar|Unnerve\n|move|p2a: Komala|Wood Hammer|p1a: Pyroar\n|-resisted|p1a: Pyroar\n|-damage|p1a: Pyroar|231/295\n|-damage|p2a: Komala|95/260|[from] Recoil\n|\n|upkeep\n|turn|3\n|j| Wolfey888\n|\n|t:|1732997907\n|switch|p2a: Lycanroc|Lycanroc, L86, M|269/269\n|move|p1a: Pyroar|Fire Blast|p2a: Lycanroc|[miss]\n|-miss|p1a: Pyroar|p2a: Lycanroc\n|\n|upkeep\n|turn|4\n|\n|t:|1732997920\n|switch|p1a: Sandslash|Sandslash, L88, F|124/275\n|move|p2a: Lycanroc|Close Combat|p1a: Sandslash\n|-crit|p1a: Sandslash\n|-damage|p1a: Sandslash|0 fnt\n|-unboost|p2a: Lycanroc|def|1\n|-unboost|p2a: Lycanroc|spd|1\n|faint|p1a: Sandslash\n|-damage|p2a: Lycanroc|243/269|[from] item: Life Orb\n|\n|upkeep\n|\n|t:|1732997930\n|switch|p1a: Amoonguss|Amoonguss, L82, M|321/321\n|turn|5\n|\n|t:|1732997938\n|switch|p2a: Komala|Komala, L89, M|95/260\n|-ability|p2a: Komala|Comatose\n|move|p1a: Amoonguss|Sludge Bomb|p2a: Komala\n|-damage|p2a: Komala|19/260\n|\n|upkeep\n|turn|6\n|\n|t:|1732997942\n|move|p2a: Komala|Double-Edge|p1a: Amoonguss\n|-damage|p1a: Amoonguss|138/321\n|-damage|p2a: Komala|0 fnt|[from] Recoil\n|faint|p2a: Komala\n|move|p1a: Amoonguss|Giga Drain|p2: Komala|[notarget]\n|-fail|p1a: Amoonguss\n|\n|-heal|p1a: Amoonguss|158/321|[from] item: Leftovers\n|upkeep\n|\n|t:|1732997955\n|switch|p2a: Staraptor|Staraptor, L79, M|263/263\n|turn|7\n|\n|t:|1732997961\n|move|p2a: Staraptor|Brave Bird|p1a: Amoonguss\n|-supereffective|p1a: Amoonguss\n|-damage|p1a: Amoonguss|0 fnt\n|faint|p1a: Amoonguss\n|-damage|p2a: Staraptor|211/263|[from] Recoil\n|\n|upkeep\n|\n|t:|1732997964\n|switch|p1a: Pyroar|Pyroar, L88, F|231/295\n|-ability|p1a: Pyroar|Unnerve\n|turn|8\n|\n|t:|1732997973\n|move|p1a: Pyroar|Will-O-Wisp|p2a: Staraptor\n|-status|p2a: Staraptor|brn\n|move|p2a: Staraptor|Brave Bird|p1a: Pyroar\n|-damage|p1a: Pyroar|107/295\n|-damage|p2a: Staraptor|170/263 brn|[from] Recoil\n|\n|-damage|p2a: Staraptor|154/263 brn|[from] brn\n|upkeep\n|turn|9\n|\n|t:|1732997983\n|move|p1a: Pyroar|Hyper Voice|p2a: Staraptor\n|-damage|p2a: Staraptor|3/263 brn\n|move|p2a: Staraptor|Brave Bird|p1a: Pyroar\n|-damage|p1a: Pyroar|0 fnt\n|faint|p1a: Pyroar\n|-damage|p2a: Staraptor|0 fnt|[from] Recoil\n|faint|p2a: Staraptor\n|\n|upkeep\n|\n|t:|1732997990\n|switch|p1a: Glastrier|Glastrier, L86|311/311\n|switch|p2a: Jirachi|Jirachi, L80|291/291\n|turn|10\n|\n|t:|1732997994\n|switch|p1a: Moltres|Moltres, L81|278/278\n|move|p2a: Jirachi|Body Slam|p1a: Moltres\n|-damage|p1a: Moltres|220/278\n|-status|p1a: Moltres|par\n|\n|upkeep\n|turn|11\n|\n|t:|1732998002\n|switch|p2a: Lugia|Lugia, L72|272/272\n|move|p1a: Moltres|Will-O-Wisp|p2a: Lugia\n|-status|p2a: Lugia|brn\n|\n|-damage|p2a: Lugia|255/272 brn|[from] brn\n|upkeep\n|turn|12\n|\n|t:|1732998009\n|switch|p1a: Glastrier|Glastrier, L86|311/311\n|move|p2a: Lugia|Calm Mind|p2a: Lugia\n|-boost|p2a: Lugia|spa|1\n|-boost|p2a: Lugia|spd|1\n|\n|-damage|p2a: Lugia|238/272 brn|[from] brn\n|upkeep\n|turn|13\n|\n|t:|1732998019\n|-terastallize|p2a: Lugia|Steel\n|move|p2a: Lugia|Calm Mind|p2a: Lugia\n|-boost|p2a: Lugia|spa|1\n|-boost|p2a: Lugia|spd|1\n|move|p1a: Glastrier|Icicle Crash|p2a: Lugia\n|-resisted|p2a: Lugia\n|-damage|p2a: Lugia|157/272 brn\n|\n|-damage|p2a: Lugia|140/272 brn|[from] brn\n|upkeep\n|turn|14\n|\n|t:|1732998025\n|move|p2a: Lugia|Recover|p2a: Lugia\n|-heal|p2a: Lugia|272/272 brn\n|move|p1a: Glastrier|Icicle Crash|p2a: Lugia\n|-resisted|p2a: Lugia\n|-damage|p2a: Lugia|233/272 brn\n|\n|-damage|p2a: Lugia|216/272 brn|[from] brn\n|upkeep\n|turn|15\n|\n|t:|1732998031\n|switch|p1a: Espeon|Espeon, L84, F|246/246\n|move|p2a: Lugia|Aeroblast|p1a: Espeon|[miss]\n|-miss|p2a: Lugia|p1a: Espeon\n|\n|-damage|p2a: Lugia|199/272 brn|[from] brn\n|upkeep\n|turn|16\n|\n|t:|1732998035\n|move|p1a: Espeon|Trick|p2a: Lugia\n|-activate|p1a: Espeon|move: Trick|[of] p2a: Lugia\n|-item|p2a: Lugia|Choice Specs|[from] move: Trick\n|-item|p1a: Espeon|Heavy-Duty Boots|[from] move: Trick\n|move|p2a: Lugia|Aeroblast|p1a: Espeon\n|-crit|p1a: Espeon\n|-damage|p1a: Espeon|0 fnt\n|faint|p1a: Espeon\n|\n|-damage|p2a: Lugia|182/272 brn|[from] brn\n|upkeep\n|\n|t:|1732998042\n|switch|p1a: Glastrier|Glastrier, L86|311/311\n|turn|17\n|\n|t:|1732998047\n|move|p2a: Lugia|Aeroblast|p1a: Glastrier\n|-crit|p1a: Glastrier\n|-damage|p1a: Glastrier|17/311\n|move|p1a: Glastrier|High Horsepower|p2a: Lugia|[miss]\n|-miss|p1a: Glastrier|p2a: Lugia\n|\n|-damage|p2a: Lugia|165/272 brn|[from] brn\n|upkeep\n|turn|18\n|-message|Oh No! Charizard forfeited.\n|\n|win|HeartofElixir\n|raw|Oh No! Charizard's rating: 2244 &rarr; <strong>2233</strong><br />(-11 for losing)\n|raw|HeartofElixir's rating: 2405 &rarr; <strong>2416</strong><br />(+11 for winning)\n|l|\u2606Oh No! Charizard\n|player|p1|\n", "inputlog": ">version b107d77f5c90bd6555267ae244a6264823309ead\n>start {\"formatid\":\"gen9randombattle\",\"seed\":[56872,18360,20983,51156],\"rated\":\"Rated battle\"}\n>player p1 {\"name\":\"Oh No! Charizard\",\"avatar\":\"klara\",\"rating\":2244,\"seed\":[35218,4703,35648,38124]}\n>player p2 {\"name\":\"HeartofElixir\",\"avatar\":\"steven\",\"rating\":2405,\"seed\":[53389,9939,55124,48447]}\n>p1 move knockoff\n>p2 move woodhammer\n>p1 switch 2\n>p2 move woodhammer\n>p1 move fireblast\n>p2 switch 6\n>p1 switch 2\n>p2 move closecombat\n>p1 switch 5\n>p1 move sludgebomb\n>p2 switch 6\n>p1 move gigadrain\n>p2 move doubleedge\n>p2 switch 4\n>p1 move spore\n>p2 move bravebird\n>p1 switch 2\n>p1 move willowisp\n>p2 move bravebird\n>p1 move hypervoice\n>p2 move bravebird\n>p1 switch 4\n>p2 switch 3\n>p1 switch 6\n>p2 move bodyslam\n>p1 move willowisp\n>p2 switch 2\n>p1 switch 6\n>p2 move calmmind\n>p1 move iciclecrash\n>p2 move calmmind terastallize\n>p1 move iciclecrash\n>p2 move recover\n>p1 switch 3\n>p2 move aeroblast\n>p1 move trick\n>p2 move aeroblast\n>p1 switch 3\n>p1 move highhorsepower\n>p2 move aeroblast\n>forcelose p1", "uploadtime": 1732998067, "views": 5, "formatid": "gen9randombattle", "rating": 2233, "private": 0, "password": null}