{"id": "gen9randombattle-2254155122", "format": "[Gen 9] Random Battle", "players": ["Muk Muk Goodra", "LiggyLiggy"], "log": "|j|\u2606Muk Muk Goodra\n|j|\u203dLiggyLiggy\n|t:|1732998021\n|gametype|singles\n|player|p1|Muk Muk Goodra|2|1889\n|player|p2|LiggyLiggy|170|1951\n|teamsize|p1|6\n|teamsize|p2|6\n|gen|9\n|tier|[Gen 9] Random Battle\n|rated|\n|rule|Species Clause: Limit one of each Pok\u00e9mon\n|rule|HP Percentage Mod: HP is shown in percentages\n|rule|Sleep Clause Mod: Limit one foe put to sleep\n|rule|Illusion Level Mod: Illusion disguises the Pok\u00e9mon's true level\n|\n|t:|1732998021\n|start\n|switch|p1a: Palkia|Palkia-Origin, L72|249/249\n|switch|p2a: Dachsbun|Dachsbun, L92, M|254/254\n|-ability|p1a: Palkia|Pressure\n|turn|1\n|inactive|Battle timer is ON: inactive players will automatically lose when time's up. (requested by Muk Muk Goodra)\n|\n|t:|1732998029\n|move|p2a: Dachsbun|Play Rough|p1a: Palkia\n|-supereffective|p1a: Palkia\n|-damage|p1a: Palkia|27/249\n|move|p1a: Palkia|Thunder Wave|p2a: Dachsbun\n|-status|p2a: Dachsbun|par\n|\n|upkeep\n|turn|2\n|\n|t:|1732998039\n|switch|p1a: Klefki|Klefki, L84, F|233/233\n|move|p2a: Dachsbun|Play Rough|p1a: Klefki\n|-resisted|p1a: Klefki\n|-damage|p1a: Klefki|182/233\n|\n|-heal|p1a: Klefki|196/233|[from] item: Leftovers\n|upkeep\n|turn|3\n|\n|t:|1732998042\n|move|p1a: Klefki|Spikes|p2a: Dachsbun\n|-sidestart|p2: LiggyLiggy|Spikes\n|cant|p2a: Dachsbun|par\n|\n|-heal|p1a: Klefki|210/233|[from] item: Leftovers\n|upkeep\n|turn|4\n|\n|t:|1732998047\n|move|p1a: Klefki|Spikes|p2a: Dachsbun\n|-sidestart|p2: LiggyLiggy|Spikes\n|move|p2a: Dachsbun|Stomping Tantrum|p1a: Klefki\n|-supereffective|p1a: Klefki\n|-damage|p1a: Klefki|6/233\n|\n|-heal|p1a: Klefki|20/233|[from] item: Leftovers\n|upkeep\n|turn|5\n|\n|t:|1732998052\n|move|p1a: Klefki|Spikes|p2a: Dachsbun\n|-sidestart|p2: LiggyLiggy|Spikes\n|move|p2a: Dachsbun|Stomping Tantrum|p1a: Klefki\n|-supereffective|p1a: Klefki\n|-damage|p1a: Klefki|0 fnt\n|faint|p1a: Klefki\n|\n|upkeep\n|\n|t:|1732998060\n|switch|p1a: Clefable|Clefable, L83, M|293/293\n|turn|6\n|\n|t:|1732998066\n|move|p1a: Clefable|Stealth Rock|p2a: Dachsbun\n|-sidestart|p2: LiggyLiggy|move: Stealth Rock\n|move|p2a: Dachsbun|Play Rough|p1a: Clefable\n|-damage|p1a: Clefable|190/293\n|\n|-heal|p1a: Clefable|208/293|[from] item: Leftovers\n|upkeep\n|turn|7\n|\n|t:|1732998072\n|move|p1a: Clefable|Knock Off|p2a: Dachsbun\n|-resisted|p2a: Dachsbun\n|-damage|p2a: Dachsbun|232/254 par\n|-enditem|p2a: Dachsbun|Leftovers|[from] move: Knock Off|[of] p1a: Clefable\n|move|p2a: Dachsbun|Play Rough|p1a: Clefable\n|-damage|p1a: Clefable|90/293\n|-unboost|p1a: Clefable|atk|1\n|\n|-heal|p1a: Clefable|108/293|[from] item: Leftovers\n|upkeep\n|turn|8\n|\n|t:|1732998077\n|move|p1a: Clefable|Moonlight|p1a: Clefable\n|-heal|p1a: Clefable|254/293\n|move|p2a: Dachsbun|Play Rough|p1a: Clefable\n|-damage|p1a: Clefable|142/293\n|\n|-heal|p1a: Clefable|160/293|[from] item: Leftovers\n|upkeep\n|turn|9\n|\n|t:|1732998085\n|move|p1a: Clefable|Moonblast|p2a: Dachsbun\n|-damage|p2a: Dachsbun|129/254 par\n|move|p2a: Dachsbun|Play Rough|p1a: Clefable\n|-damage|p1a: Clefable|40/293\n|-unboost|p1a: Clefable|atk|1\n|\n|-heal|p1a: Clefable|58/293|[from] item: Leftovers\n|upkeep\n|turn|10\n|\n|t:|1732998090\n|move|p1a: Clefable|Moonlight|p1a: Clefable\n|-heal|p1a: Clefable|204/293\n|move|p2a: Dachsbun|Play Rough|p1a: Clefable\n|-damage|p1a: Clefable|96/293\n|\n|-heal|p1a: Clefable|114/293|[from] item: Leftovers\n|upkeep\n|turn|11\n|\n|t:|1732998094\n|move|p1a: Clefable|Moonlight|p1a: Clefable\n|-heal|p1a: Clefable|260/293\n|cant|p2a: Dachsbun|par\n|\n|-heal|p1a: Clefable|278/293|[from] item: Leftovers\n|upkeep\n|turn|12\n|\n|t:|1732998098\n|move|p1a: Clefable|Moonblast|p2a: Dachsbun\n|-damage|p2a: Dachsbun|27/254 par\n|move|p2a: Dachsbun|Play Rough|p1a: Clefable|[miss]\n|-miss|p2a: Dachsbun|p1a: Clefable\n|\n|-heal|p1a: Clefable|293/293|[from] item: Leftovers\n|upkeep\n|turn|13\n|\n|t:|1732998103\n|move|p1a: Clefable|Moonblast|p2a: Dachsbun\n|-damage|p2a: Dachsbun|0 fnt\n|faint|p2a: Dachsbun\n|\n|upkeep\n|\n|t:|1732998110\n|switch|p2a: Sandaconda|Sandaconda, L84, M|258/258\n|-damage|p2a: Sandaconda|194/258|[from] Spikes\n|-damage|p2a: Sandaconda|178/258|[from] Stealth Rock\n|turn|14\n|\n|t:|1732998116\n|move|p2a: Sandaconda|Glare|p1a: Clefable\n|-status|p1a: Clefable|par\n|cant|p1a: Clefable|par\n|\n|-heal|p2a: Sandaconda|194/258|[from] item: Leftovers\n|upkeep\n|turn|15\n|\n|t:|1732998119\n|move|p2a: Sandaconda|Coil|p2a: Sandaconda\n|-boost|p2a: Sandaconda|atk|1\n|-boost|p2a: Sandaconda|def|1\n|-boost|p2a: Sandaconda|accuracy|1\n|move|p1a: Clefable|Moonblast|p2a: Sandaconda\n|-damage|p2a: Sandaconda|85/258\n|\n|-heal|p2a: Sandaconda|101/258|[from] item: Leftovers\n|upkeep\n|turn|16\n|\n|t:|1732998125\n|move|p2a: Sandaconda|Earthquake|p1a: Clefable\n|-damage|p1a: Clefable|172/293 par\n|cant|p1a: Clefable|par\n|\n|-heal|p2a: Sandaconda|117/258|[from] item: Leftovers\n|-heal|p1a: Clefable|190/293 par|[from] item: Leftovers\n|upkeep\n|turn|17\n|\n|t:|1732998129\n|move|p2a: Sandaconda|Earthquake|p1a: Clefable\n|-damage|p1a: Clefable|48/293 par\n|move|p1a: Clefable|Moonblast|p2a: Sandaconda\n|-damage|p2a: Sandaconda|8/258\n|\n|-heal|p2a: Sandaconda|24/258|[from] item: Leftovers\n|-heal|p1a: Clefable|66/293 par|[from] item: Leftovers\n|upkeep\n|turn|18\n|\n|t:|1732998133\n|switch|p1a: Oricorio|Oricorio-Pa'u, L87, M|272/272\n|move|p2a: Sandaconda|Earthquake|p1a: Oricorio\n|-immune|p1a: Oricorio\n|\n|-heal|p2a: Sandaconda|40/258|[from] item: Leftovers\n|upkeep\n|turn|19\n|\n|t:|1732998137\n|move|p1a: Oricorio|Revelation Dance|p2a: Sandaconda\n|-damage|p2a: Sandaconda|0 fnt\n|faint|p2a: Sandaconda\n|\n|upkeep\n|\n|t:|1732998143\n|switch|p2a: Flutter Mane|Flutter Mane, L74|203/203\n|-damage|p2a: Flutter Mane|153/203|[from] Spikes\n|-damage|p2a: Flutter Mane|128/203|[from] Stealth Rock\n|turn|20\n|\n|t:|1732998149\n|switch|p1a: Snorlax|Snorlax, L82, M|397/397\n|move|p2a: Flutter Mane|Shadow Ball|p1a: Snorlax\n|-immune|p1a: Snorlax\n|\n|upkeep\n|turn|21\n|\n|t:|1732998154\n|-end|p2a: Flutter Mane|Protosynthesis|[silent]\n|switch|p2a: Snorlax|Snorlax, L82, M|397/397\n|-damage|p2a: Snorlax|298/397|[from] Spikes\n|-damage|p2a: Snorlax|249/397|[from] Stealth Rock\n|move|p1a: Snorlax|Body Slam|p2a: Snorlax\n|-damage|p2a: Snorlax|138/397\n|\n|upkeep\n|turn|22\n|\n|t:|1732998162\n|move|p1a: Snorlax|Body Slam|p2a: Snorlax\n|-damage|p2a: Snorlax|11/397\n|-status|p2a: Snorlax|par\n|move|p2a: Snorlax|Rest|p2a: Snorlax\n|-status|p2a: Snorlax|slp|[from] move: Rest\n|-heal|p2a: Snorlax|397/397 slp|[silent]\n|-enditem|p2a: Snorlax|Chesto Berry|[eat]\n|-curestatus|p2a: Snorlax|slp|[msg]\n|\n|upkeep\n|turn|23\n|inactive|LiggyLiggy has 120 seconds left.\n|\n|t:|1732998219\n|switch|p1a: Archaludon|Archaludon, L78, M|268/268\n|move|p2a: Snorlax|Curse|p2a: Snorlax\n|-unboost|p2a: Snorlax|spe|1\n|-boost|p2a: Snorlax|atk|1\n|-boost|p2a: Snorlax|def|1\n|\n|upkeep\n|turn|24\n|\n|t:|1732998226\n|switch|p1a: Clefable|Clefable, L83, M|66/293 par\n|move|p2a: Snorlax|Curse|p2a: Snorlax\n|-unboost|p2a: Snorlax|spe|1\n|-boost|p2a: Snorlax|atk|1\n|-boost|p2a: Snorlax|def|1\n|\n|-heal|p1a: Clefable|84/293 par|[from] item: Leftovers\n|upkeep\n|turn|25\n|\n|t:|1732998234\n|cant|p1a: Clefable|par\n|move|p2a: Snorlax|Body Slam|p1a: Clefable\n|-damage|p1a: Clefable|0 fnt\n|faint|p1a: Clefable\n|\n|upkeep\n|\n|t:|1732998238\n|switch|p1a: Palkia|Palkia-Origin, L72|27/249\n|-ability|p1a: Palkia|Pressure\n|turn|26\n|\n|t:|1732998243\n|move|p1a: Palkia|Hydro Pump|p2a: Snorlax\n|-damage|p2a: Snorlax|279/397\n|move|p2a: Snorlax|Body Slam|p1a: Palkia\n|-damage|p1a: Palkia|0 fnt\n|faint|p1a: Palkia\n|\n|upkeep\n|\n|t:|1732998254\n|switch|p1a: Oricorio|Oricorio-Pa'u, L87, M|272/272\n|turn|27\n|\n|t:|1732998272\n|move|p1a: Oricorio|Revelation Dance|p2a: Snorlax\n|-damage|p2a: Snorlax|186/397\n|move|p2a: Snorlax|Body Slam|p1a: Oricorio\n|-damage|p1a: Oricorio|59/272\n|\n|upkeep\n|turn|28\n|\n|t:|1732998279\n|-terastallize|p1a: Oricorio|Fighting\n|move|p1a: Oricorio|Revelation Dance|p2a: Snorlax\n|-supereffective|p2a: Snorlax\n|-damage|p2a: Snorlax|6/397\n|move|p2a: Snorlax|Rest|p2a: Snorlax\n|-status|p2a: Snorlax|slp|[from] move: Rest\n|-heal|p2a: Snorlax|397/397 slp|[silent]\n|\n|upkeep\n|turn|29\n|c|\u2606Muk Muk Goodra|straight up\n|c|\u2606Muk Muk Goodra|missed the tera button on the first one\n|\n|t:|1732998291\n|-terastallize|p2a: Snorlax|Ground\n|move|p1a: Oricorio|Revelation Dance|p2a: Snorlax\n|-damage|p2a: Snorlax|310/397 slp\n|cant|p2a: Snorlax|slp\n|\n|upkeep\n|turn|30\n|\n|t:|1732998304\n|move|p1a: Oricorio|Revelation Dance|p2a: Snorlax\n|-damage|p2a: Snorlax|228/397 slp\n|cant|p2a: Snorlax|slp\n|\n|upkeep\n|turn|31\n|\n|t:|1732998311\n|move|p1a: Oricorio|Hurricane|p2a: Snorlax\n|-damage|p2a: Snorlax|116/397 slp\n|-start|p2a: Snorlax|confusion\n|-curestatus|p2a: Snorlax|slp|[msg]\n|-activate|p2a: Snorlax|confusion\n|move|p2a: Snorlax|Body Slam|p1a: Oricorio\n|-damage|p1a: Oricorio|0 fnt\n|faint|p1a: Oricorio\n|\n|upkeep\n|\n|t:|1732998321\n|switch|p1a: Archaludon|Archaludon, L78, M|268/268\n|turn|32\n|\n|t:|1732998324\n|move|p1a: Archaludon|Draco Meteor|p2a: Snorlax\n|-damage|p2a: Snorlax|0 fnt\n|-unboost|p1a: Archaludon|spa|2\n|faint|p2a: Snorlax\n|\n|upkeep\n|\n|t:|1732998329\n|switch|p2a: Poliwrath|Poliwrath, L88, F|302/302\n|-damage|p2a: Poliwrath|227/302|[from] Spikes\n|-damage|p2a: Poliwrath|209/302|[from] Stealth Rock\n|turn|33\n|\n|t:|1732998335\n|switch|p1a: Snorlax|Snorlax, L82, M|397/397\n|move|p2a: Poliwrath|Bulk Up|p2a: Poliwrath\n|-boost|p2a: Poliwrath|atk|1\n|-boost|p2a: Poliwrath|def|1\n|\n|-heal|p2a: Poliwrath|227/302|[from] item: Leftovers\n|upkeep\n|turn|34\n|\n|t:|1732998341\n|move|p2a: Poliwrath|Drain Punch|p1a: Snorlax\n|-supereffective|p1a: Snorlax\n|-damage|p1a: Snorlax|65/397\n|-heal|p2a: Poliwrath|302/302|[from] drain|[of] p1a: Snorlax\n|move|p1a: Snorlax|Body Slam|p2a: Poliwrath\n|-damage|p2a: Poliwrath|244/302\n|-status|p2a: Poliwrath|par\n|\n|-heal|p1a: Snorlax|89/397|[from] item: Leftovers\n|-heal|p2a: Poliwrath|262/302 par|[from] item: Leftovers\n|upkeep\n|turn|35\n|\n|t:|1732998351\n|move|p1a: Snorlax|Body Slam|p2a: Poliwrath\n|-damage|p2a: Poliwrath|204/302 par\n|move|p2a: Poliwrath|Drain Punch|p1a: Snorlax\n|-supereffective|p1a: Snorlax\n|-damage|p1a: Snorlax|0 fnt\n|-heal|p2a: Poliwrath|249/302 par|[from] drain|[of] p1a: Snorlax\n|faint|p1a: Snorlax\n|\n|-heal|p2a: Poliwrath|267/302 par|[from] item: Leftovers\n|upkeep\n|\n|t:|1732998359\n|switch|p1a: Archaludon|Archaludon, L78, M|268/268\n|turn|36\n|\n|t:|1732998362\n|move|p1a: Archaludon|Thunderbolt|p2a: Poliwrath\n|-supereffective|p2a: Poliwrath\n|-damage|p2a: Poliwrath|141/302 par\n|cant|p2a: Poliwrath|par\n|\n|-heal|p2a: Poliwrath|159/302 par|[from] item: Leftovers\n|upkeep\n|turn|37\n|\n|t:|1732998368\n|move|p1a: Archaludon|Thunderbolt|p2a: Poliwrath\n|-supereffective|p2a: Poliwrath\n|-damage|p2a: Poliwrath|41/302 par\n|move|p2a: Poliwrath|Drain Punch|p1a: Archaludon\n|-supereffective|p1a: Archaludon\n|-damage|p1a: Archaludon|46/268\n|-heal|p2a: Poliwrath|152/302 par|[from] drain|[of] p1a: Archaludon\n|-ability|p1a: Archaludon|Stamina|boost\n|-boost|p1a: Archaludon|def|1\n|\n|-heal|p2a: Poliwrath|170/302 par|[from] item: Leftovers\n|upkeep\n|turn|38\n|\n|t:|1732998374\n|move|p1a: Archaludon|Thunderbolt|p2a: Poliwrath\n|-supereffective|p2a: Poliwrath\n|-damage|p2a: Poliwrath|52/302 par\n|move|p2a: Poliwrath|Drain Punch|p1a: Archaludon\n|-supereffective|p1a: Archaludon\n|-damage|p1a: Archaludon|0 fnt\n|-heal|p2a: Poliwrath|75/302 par|[from] drain|[of] p1a: Archaludon\n|faint|p1a: Archaludon\n|\n|win|LiggyLiggy\n|raw|Muk Muk Goodra's rating: 1889 &rarr; <strong>1872</strong><br />(-17 for losing)\n|raw|LiggyLiggy's rating: 1933 &rarr; <strong>1950</strong><br />(+17 for winning)\n|l|\u203dLiggyLiggy\n|player|p2|\n", "inputlog": ">version b107d77f5c90bd6555267ae244a6264823309ead\n>start {\"formatid\":\"gen9randombattle\",\"seed\":[2736,10679,43545,27358],\"rated\":\"Rated battle\"}\n>player p1 {\"name\":\"Muk Muk Goodra\",\"avatar\":\"2\",\"rating\":1889,\"seed\":[58099,43645,56450,16391]}\n>player p2 {\"name\":\"LiggyLiggy\",\"avatar\":\"170\",\"rating\":1951,\"seed\":[47937,24034,41684,53316]}\n>p1 move thunderwave\n>p2 move playrough\n>p1 switch 3\n>p2 move playrough\n>p1 move spikes\n>p2 move stompingtantrum\n>p1 move spikes\n>p2 move stompingtantrum\n>p1 move spikes\n>p2 move stompingtantrum\n>p1 switch 2\n>p1 move stealthrock\n>p2 move playrough\n>p1 move knockoff\n>p2 move playrough\n>p1 move moonlight\n>p2 move playrough\n>p1 move moonblast\n>p2 move playrough\n>p1 move moonlight\n>p2 move playrough\n>p1 move moonlight\n>p2 move playrough\n>p1 move moonblast\n>p2 move playrough\n>p1 move moonblast\n>p2 move playrough\n>p2 switch 6\n>p1 move moonblast\n>p2 move glare\n>p1 move moonblast\n>p2 move coil\n>p1 move moonblast\n>p2 move earthquake\n>p1 move moonblast\n>p2 move earthquake\n>p1 switch 5\n>p2 move earthquake\n>p1 move revelationdance\n>p2 move stoneedge\n>p2 switch 5\n>p1 switch 4\n>p2 move shadowball\n>p1 move bodyslam\n>p2 switch 2\n>p1 move bodyslam\n>p2 move rest\n>p1 switch 6\n>p2 move curse\n>p1 switch 5\n>p2 move curse\n>p1 move moonlight\n>p2 move bodyslam\n>p1 switch 3\n>p1 move hydropump\n>p2 move bodyslam\n>p1 switch 4\n>p1 move revelationdance\n>p2 move bodyslam\n>p1 move revelationdance terastallize\n>p2 move rest\n>chat \u2606Muk Muk Goodra|straight up\n>chat \u2606Muk Muk Goodra|missed the tera button on the first one\n>p1 move revelationdance\n>p2 move bodyslam terastallize\n>p1 move revelationdance\n>p2 move bodyslam\n>p1 move hurricane\n>p2 move bodyslam\n>p1 switch 5\n>p1 move dracometeor\n>p2 move rest\n>p2 switch 3\n>p1 switch 6\n>p2 move bulkup\n>p1 move bodyslam\n>p2 move drainpunch\n>p1 move bodyslam\n>p2 move drainpunch\n>p1 switch 6\n>p1 move thunderbolt\n>p2 move drainpunch\n>p1 move thunderbolt\n>p2 move drainpunch\n>p1 move thunderbolt\n>p2 move drainpunch", "uploadtime": 1732998378, "views": 1, "formatid": "gen9randombattle", "rating": 1872, "private": 0, "password": null}