{"id": "gen9randombattle-2253852996", "format": "[Gen 9] Random Battle", "players": ["JaxAG", "uhjok"], "log": "|j|\u2606JaxAG\n|j|\u2606uhjok\n|t:|1732949235\n|gametype|singles\n|player|p1|JaxAG|2|1831\n|player|p2|uhjok|170|1833\n|teamsize|p1|6\n|teamsize|p2|6\n|gen|9\n|tier|[Gen 9] Random Battle\n|rated|\n|rule|Species Clause: Limit one of each Pok\u00e9mon\n|rule|HP Percentage Mod: HP is shown in percentages\n|rule|Sleep Clause Mod: Limit one foe put to sleep\n|rule|Illusion Level Mod: Illusion disguises the Pok\u00e9mon's true level\n|\n|t:|1732949235\n|start\n|switch|p1a: Drifblim|Drifblim, L86, F|398/398\n|switch|p2a: Bellossom|Bellossom, L84, F|263/263\n|turn|1\n|j| CocoCrispie\n|\n|t:|1732949255\n|switch|p1a: Tropius|Tropius, L91, M|328/328\n|move|p2a: Bellossom|Quiver Dance|p2a: Bellossom\n|-boost|p2a: Bellossom|spa|1\n|-boost|p2a: Bellossom|spd|1\n|-boost|p2a: Bellossom|spe|1\n|\n|upkeep\n|turn|2\n|\n|t:|1732949262\n|move|p2a: Bellossom|Sludge Bomb|p1a: Tropius\n|-supereffective|p1a: Tropius\n|-damage|p1a: Tropius|148/328\n|-enditem|p1a: Tropius|Sitrus Berry|[eat]\n|-heal|p1a: Tropius|230/328|[from] item: Sitrus Berry\n|move|p1a: Tropius|Dragon Dance|p1a: Tropius\n|-boost|p1a: Tropius|atk|1\n|-boost|p1a: Tropius|spe|1\n|\n|-item|p1a: Tropius|Sitrus Berry|[from] ability: Harvest\n|upkeep\n|turn|3\n|\n|t:|1732949272\n|move|p1a: Tropius|Dragon Dance|p1a: Tropius\n|-boost|p1a: Tropius|atk|1\n|-boost|p1a: Tropius|spe|1\n|move|p2a: Bellossom|Quiver Dance|p2a: Bellossom\n|-boost|p2a: Bellossom|spa|1\n|-boost|p2a: Bellossom|spd|1\n|-boost|p2a: Bellossom|spe|1\n|\n|upkeep\n|turn|4\n|\n|t:|1732949280\n|-terastallize|p2a: Bellossom|Poison\n|move|p1a: Tropius|Dual Wingbeat|p2a: Bellossom\n|-damage|p2a: Bellossom|194/263\n|-damage|p2a: Bellossom|125/263\n|-hitcount|p2a: Bellossom|2\n|move|p2a: Bellossom|Sludge Bomb|p1a: Tropius\n|-supereffective|p1a: Tropius\n|-damage|p1a: Tropius|0 fnt\n|faint|p1a: Tropius\n|\n|-heal|p2a: Bellossom|141/263|[from] item: Leftovers\n|upkeep\n|\n|t:|1732949309\n|switch|p1a: Delphox|Delphox, L84, F|263/263\n|turn|5\n|\n|t:|1732949317\n|move|p1a: Delphox|Psyshock|p2a: Bellossom\n|-supereffective|p2a: Bellossom\n|-damage|p2a: Bellossom|0 fnt\n|faint|p2a: Bellossom\n|\n|upkeep\n|\n|t:|1732949328\n|switch|p2a: Coalossal|Coalossal, L89, F|341/341\n|turn|6\n|inactive|Battle timer is ON: inactive players will automatically lose when time's up. (requested by JaxAG)\n|\n|t:|1732949337\n|switch|p1a: Stonjourner|Stonjourner, L91, F|330/330\n|move|p2a: Coalossal|Stealth Rock|p1a: Stonjourner\n|-sidestart|p1: JaxAG|move: Stealth Rock\n|\n|upkeep\n|turn|7\n|\n|t:|1732949348\n|switch|p2a: Ogerpon|Ogerpon-Wellspring, L76, F|247/247\n|move|p1a: Stonjourner|Earthquake|p2a: Ogerpon\n|-resisted|p2a: Ogerpon\n|-damage|p2a: Ogerpon|178/247\n|-damage|p1a: Stonjourner|297/330|[from] item: Life Orb\n|\n|upkeep\n|turn|8\n|inactive|JaxAG has 120 seconds left.\n|\n|t:|1732949387\n|move|p2a: Ogerpon|Ivy Cudgel|p1a: Stonjourner|[anim] Ivy Cudgel Water\n|-supereffective|p1a: Stonjourner\n|-damage|p1a: Stonjourner|141/330\n|move|p1a: Stonjourner|Stone Edge|p2a: Ogerpon\n|-damage|p2a: Ogerpon|0 fnt\n|faint|p2a: Ogerpon\n|-damage|p1a: Stonjourner|108/330|[from] item: Life Orb\n|\n|upkeep\n|\n|t:|1732949392\n|switch|p2a: Porygon-Z|Porygon-Z, L83|277/277\n|turn|9\n|\n|t:|1732949399\n|move|p2a: Porygon-Z|Nasty Plot|p2a: Porygon-Z\n|-boost|p2a: Porygon-Z|spa|2\n|move|p1a: Stonjourner|Stone Edge|p2a: Porygon-Z\n|-damage|p2a: Porygon-Z|51/277\n|-damage|p1a: Stonjourner|75/330|[from] item: Life Orb\n|\n|upkeep\n|turn|10\n|\n|t:|1732949406\n|move|p2a: Porygon-Z|Shadow Ball|p1a: Stonjourner\n|-crit|p1a: Stonjourner\n|-damage|p1a: Stonjourner|0 fnt\n|faint|p1a: Stonjourner\n|-damage|p2a: Porygon-Z|24/277|[from] item: Life Orb\n|\n|upkeep\n|\n|t:|1732949417\n|switch|p1a: Fezandipiti|Fezandipiti, L82, M|278/278\n|-damage|p1a: Fezandipiti|244/278|[from] Stealth Rock\n|turn|11\n|\n|t:|1732949430\n|move|p1a: Fezandipiti|Beat Up|p2a: Porygon-Z\n|-damage|p2a: Porygon-Z|13/277\n|-damage|p2a: Porygon-Z|1/277\n|-damage|p2a: Porygon-Z|0 fnt\n|faint|p2a: Porygon-Z\n|-hitcount|p2: Porygon-Z|3\n|\n|-heal|p1a: Fezandipiti|261/278|[from] item: Leftovers\n|upkeep\n|\n|t:|1732949444\n|switch|p2a: Espathra|Espathra, L80, F|283/283\n|turn|12\n|\n|t:|1732949459\n|-terastallize|p1a: Fezandipiti|Steel\n|move|p2a: Espathra|Lumina Crash|p1a: Fezandipiti\n|-resisted|p1a: Fezandipiti\n|-damage|p1a: Fezandipiti|215/278\n|-unboost|p1a: Fezandipiti|spd|2\n|move|p1a: Fezandipiti|Play Rough|p2a: Espathra\n|-damage|p2a: Espathra|162/283\n|\n|-heal|p1a: Fezandipiti|232/278|[from] item: Leftovers\n|-ability|p2a: Espathra|Speed Boost|boost\n|-boost|p2a: Espathra|spe|1\n|upkeep\n|turn|13\n|\n|t:|1732949472\n|switch|p2a: Coalossal|Coalossal, L89, F|341/341\n|move|p1a: Fezandipiti|Beat Up|p2a: Coalossal\n|-damage|p2a: Coalossal|334/341\n|-status|p2a: Coalossal|tox|[from] ability: Toxic Chain|[of] p1a: Fezandipiti\n|-damage|p2a: Coalossal|327/341 tox\n|-damage|p2a: Coalossal|321/341 tox\n|-damage|p2a: Coalossal|315/341 tox\n|-hitcount|p2a: Coalossal|4\n|\n|-heal|p1a: Fezandipiti|249/278|[from] item: Leftovers\n|-damage|p2a: Coalossal|294/341 tox|[from] psn\n|upkeep\n|turn|14\n|\n|t:|1732949484\n|switch|p1a: Drifblim|Drifblim, L86, F|398/398\n|move|p2a: Coalossal|Rapid Spin|p1a: Drifblim\n|-immune|p1a: Drifblim\n|\n|-damage|p2a: Coalossal|252/341 tox|[from] psn\n|upkeep\n|turn|15\n|\n|t:|1732949493\n|move|p1a: Drifblim|Defog|p2a: Coalossal\n|-unboost|p2a: Coalossal|evasion|1\n|-sideend|p1: JaxAG|Stealth Rock|[from] move: Defog|[of] p1a: Drifblim\n|move|p2a: Coalossal|Stone Edge|p1a: Drifblim\n|-supereffective|p1a: Drifblim\n|-damage|p1a: Drifblim|86/398\n|\n|-damage|p2a: Coalossal|189/341 tox|[from] psn\n|upkeep\n|turn|16\n|\n|t:|1732949501\n|move|p1a: Drifblim|Strength Sap|p2a: Coalossal\n|-unboost|p2a: Coalossal|atk|1\n|-heal|p1a: Drifblim|279/398\n|move|p2a: Coalossal|Stone Edge|p1a: Drifblim|[miss]\n|-miss|p2a: Coalossal|p1a: Drifblim\n|\n|-damage|p2a: Coalossal|105/341 tox|[from] psn\n|upkeep\n|turn|17\n|\n|t:|1732949510\n|move|p1a: Drifblim|Strength Sap|p2a: Coalossal\n|-unboost|p2a: Coalossal|atk|1\n|-heal|p1a: Drifblim|398/398\n|move|p2a: Coalossal|Stealth Rock|p1a: Drifblim\n|-sidestart|p1: JaxAG|move: Stealth Rock\n|\n|-damage|p2a: Coalossal|0 fnt|[from] psn\n|faint|p2a: Coalossal\n|upkeep\n|\n|t:|1732949519\n|switch|p2a: Volcanion|Volcanion, L79|255/255\n|turn|18\n|\n|t:|1732949523\n|move|p1a: Drifblim|Defog|p2a: Volcanion\n|-unboost|p2a: Volcanion|evasion|1\n|-sideend|p1: JaxAG|Stealth Rock|[from] move: Defog|[of] p1a: Drifblim\n|move|p2a: Volcanion|Flame Charge|p1a: Drifblim\n|-damage|p1a: Drifblim|319/398\n|-boost|p2a: Volcanion|spe|1\n|\n|upkeep\n|turn|19\n|\n|t:|1732949534\n|move|p2a: Volcanion|Flame Charge|p1a: Drifblim\n|-damage|p1a: Drifblim|238/398\n|-boost|p2a: Volcanion|spe|1\n|move|p1a: Drifblim|Shadow Ball|p2a: Volcanion\n|-damage|p2a: Volcanion|201/255\n|\n|upkeep\n|turn|20\n|\n|t:|1732949545\n|move|p2a: Volcanion|Steam Eruption|p1a: Drifblim\n|-damage|p1a: Drifblim|72/398\n|move|p1a: Drifblim|Shadow Ball|p2a: Volcanion\n|-damage|p2a: Volcanion|141/255\n|\n|upkeep\n|turn|21\n|\n|t:|1732949552\n|move|p2a: Volcanion|Flame Charge|p1a: Drifblim\n|-damage|p1a: Drifblim|0 fnt\n|-boost|p2a: Volcanion|spe|1\n|-damage|p2a: Volcanion|78/255|[from] ability: Aftermath|[of] p1a: Drifblim\n|faint|p1a: Drifblim\n|\n|upkeep\n|\n|t:|1732949560\n|switch|p1a: Kyogre|Kyogre, L71|259/259\n|-weather|RainDance|[from] ability: Drizzle|[of] p1a: Kyogre\n|turn|22\n|\n|t:|1732949569\n|move|p2a: Volcanion|Earth Power|p1a: Kyogre\n|-damage|p1a: Kyogre|204/259\n|move|p1a: Kyogre|Thunder|p2a: Volcanion\n|-supereffective|p2a: Volcanion\n|-damage|p2a: Volcanion|0 fnt\n|faint|p2a: Volcanion\n|\n|-weather|RainDance|[upkeep]\n|upkeep\n|\n|t:|1732949573\n|switch|p2a: Espathra|Espathra, L80, F|162/283\n|turn|23\n|\n|t:|1732949579\n|move|p1a: Kyogre|Thunder|p2a: Espathra\n|-damage|p2a: Espathra|45/283\n|move|p2a: Espathra|Shadow Ball|p1a: Kyogre\n|-damage|p1a: Kyogre|132/259\n|\n|-weather|RainDance|[upkeep]\n|-ability|p2a: Espathra|Speed Boost|boost\n|-boost|p2a: Espathra|spe|1\n|upkeep\n|turn|24\n|\n|t:|1732949587\n|move|p2a: Espathra|Shadow Ball|p1a: Kyogre\n|-damage|p1a: Kyogre|60/259\n|move|p1a: Kyogre|Thunder|p2a: Espathra\n|-damage|p2a: Espathra|0 fnt\n|faint|p2a: Espathra\n|\n|win|JaxAG\n|raw|JaxAG's rating: 1831 &rarr; <strong>1851</strong><br />(+20 for winning)\n|raw|uhjok's rating: 1833 &rarr; <strong>1813</strong><br />(-20 for losing)\n|l|\u2606uhjok\n|player|p2|\n|l| CocoCrispie\n", "inputlog": ">version b107d77f5c90bd6555267ae244a6264823309ead\n>start {\"formatid\":\"gen9randombattle\",\"seed\":[9177,51486,17738,55155],\"rated\":\"Rated battle\"}\n>player p1 {\"name\":\"JaxAG\",\"avatar\":\"2\",\"rating\":1831,\"seed\":[48015,12974,57561,19141]}\n>player p2 {\"name\":\"uhjok\",\"avatar\":\"170\",\"rating\":1833,\"seed\":[6818,47357,10015,61619]}\n>p1 switch 4\n>p2 move quiverdance\n>p1 move dragondance\n>p2 move sludgebomb\n>p1 move dragondance\n>p2 move quiverdance\n>p1 move dualwingbeat\n>p2 move sludgebomb terastallize\n>p1 switch 2\n>p1 move psyshock\n>p2 move sludgebomb\n>p2 switch 4\n>p1 switch 5\n>p2 move stealthrock\n>p1 move earthquake\n>p2 switch 2\n>p1 move stoneedge\n>p2 move ivycudgel\n>p2 switch 3\n>p1 move stoneedge\n>p2 move nastyplot\n>p1 move heatcrash\n>p2 move shadowball\n>p1 switch 6\n>p1 move beatup\n>p2 move triattack\n>p2 switch 6\n>p1 move playrough terastallize\n>p2 move luminacrash\n>p1 move beatup\n>p2 switch 2\n>p1 switch 4\n>p2 move rapidspin\n>p1 move defog\n>p2 move stoneedge\n>p1 move strengthsap\n>p2 move stoneedge\n>p1 move strengthsap\n>p2 move stealthrock\n>p2 switch 5\n>p1 move defog\n>p2 move flamecharge\n>p1 move shadowball\n>p2 move flamecharge\n>p1 move shadowball\n>p2 move steameruption\n>p1 move shadowball\n>p2 move flamecharge\n>p1 switch 3\n>p1 move thunder\n>p2 move earthpower\n>p2 switch 2\n>p1 move thunder\n>p2 move shadowball\n>p1 move thunder\n>p2 move shadowball", "uploadtime": 1732949651, "views": 4, "formatid": "gen9randombattle", "rating": 1813, "private": 0, "password": null}