{"id": "gen9randombattle-2254073790", "format": "[Gen 9] Random Battle", "players": ["Gabriel0979", "chupa emgole"], "log": "|j|\u2606Gabriel0979\n|j|\u2606chupa emgole\n|t:|1732987984\n|gametype|singles\n|player|p1|Gabriel0979|blue|\n|player|p2|chupa emgole|266|\n|teamsize|p1|6\n|teamsize|p2|6\n|gen|9\n|tier|[Gen 9] Random Battle\n|rule|Species Clause: Limit one of each Pok\u00e9mon\n|rule|HP Percentage Mod: HP is shown in percentages\n|rule|Sleep Clause Mod: Limit one foe put to sleep\n|rule|Illusion Level Mod: Illusion disguises the Pok\u00e9mon's true level\n|\n|t:|1732987984\n|start\n|switch|p1a: Phione|Phione, L91|293/293\n|switch|p2a: Rhyperior|Rhyperior, L82, F|323/323\n|turn|1\n|\n|t:|1732987997\n|move|p1a: Phione|Scald|p2a: Rhyperior\n|-supereffective|p2a: Rhyperior\n|-damage|p2a: Rhyperior|0 fnt\n|faint|p2a: Rhyperior\n|\n|upkeep\n|\n|t:|1732988009\n|switch|p2a: Glaceon|Glaceon, L94, M|275/275\n|turn|2\n|\n|t:|1732988021\n|move|p1a: Phione|Take Heart|p1a: Phione\n|-boost|p1a: Phione|spa|1\n|-boost|p1a: Phione|spd|1\n|move|p2a: Glaceon|Calm Mind|p2a: Glaceon\n|-boost|p2a: Glaceon|spa|1\n|-boost|p2a: Glaceon|spd|1\n|\n|upkeep\n|turn|3\n|\n|t:|1732988030\n|move|p2a: Glaceon|Protect|p2a: Glaceon\n|-singleturn|p2a: Glaceon|Protect\n|move|p1a: Phione|Scald|p2a: Glaceon\n|-activate|p2a: Glaceon|move: Protect\n|\n|upkeep\n|turn|4\n|\n|t:|1732988055\n|move|p1a: Phione|Scald|p2a: Glaceon\n|-damage|p2a: Glaceon|199/275\n|move|p2a: Glaceon|Freeze-Dry|p1a: Phione\n|-supereffective|p1a: Phione\n|-damage|p1a: Phione|45/293\n|\n|-heal|p1a: Phione|63/293|[from] item: Leftovers\n|upkeep\n|turn|5\n|\n|t:|1732988065\n|move|p1a: Phione|Scald|p2a: Glaceon\n|-damage|p2a: Glaceon|121/275\n|move|p2a: Glaceon|Freeze-Dry|p1a: Phione\n|-supereffective|p1a: Phione\n|-damage|p1a: Phione|0 fnt\n|faint|p1a: Phione\n|\n|upkeep\n|\n|t:|1732988073\n|switch|p1a: Gurdurr|Gurdurr, L85, M|283/283\n|turn|6\n|\n|t:|1732988087\n|move|p1a: Gurdurr|Mach Punch|p2a: Glaceon\n|-supereffective|p2a: Glaceon\n|-damage|p2a: Glaceon|43/275\n|move|p2a: Glaceon|Freeze-Dry|p1a: Gurdurr\n|-damage|p1a: Gurdurr|109/283\n|\n|upkeep\n|turn|7\n|\n|t:|1732988101\n|-terastallize|p2a: Glaceon|Water\n|move|p1a: Gurdurr|Mach Punch|p2a: Glaceon\n|-damage|p2a: Glaceon|4/275\n|move|p2a: Glaceon|Freeze-Dry|p1a: Gurdurr\n|-damage|p1a: Gurdurr|0 fnt\n|faint|p1a: Gurdurr\n|\n|upkeep\n|\n|t:|1732988111\n|switch|p1a: Mamoswine|Mamoswine, L81, M|311/311\n|turn|8\n|\n|t:|1732988116\n|move|p1a: Mamoswine|Ice Shard|p2a: Glaceon\n|-resisted|p2a: Glaceon\n|-damage|p2a: Glaceon|0 fnt\n|faint|p2a: Glaceon\n|\n|upkeep\n|\n|t:|1732988130\n|switch|p2a: Cobalion|Cobalion, L80|277/277\n|turn|9\n|\n|t:|1732988160\n|move|p1a: Mamoswine|Ice Shard|p2a: Cobalion\n|-resisted|p2a: Cobalion\n|-damage|p2a: Cobalion|248/277\n|move|p2a: Cobalion|Swords Dance|p2a: Cobalion\n|-boost|p2a: Cobalion|atk|2\n|\n|-heal|p2a: Cobalion|265/277|[from] item: Leftovers\n|upkeep\n|turn|10\n|\n|t:|1732988176\n|switch|p1a: Garchomp|Garchomp, L74, M|282/282\n|move|p2a: Cobalion|Iron Head|p1a: Garchomp\n|-damage|p1a: Garchomp|138/282\n|-damage|p2a: Cobalion|231/277|[from] ability: Rough Skin|[of] p1a: Garchomp\n|\n|-heal|p2a: Cobalion|248/277|[from] item: Leftovers\n|upkeep\n|turn|11\n|\n|t:|1732988187\n|move|p2a: Cobalion|Iron Head|p1a: Garchomp\n|-damage|p1a: Garchomp|0 fnt\n|-damage|p2a: Cobalion|214/277|[from] ability: Rough Skin|[of] p1a: Garchomp\n|faint|p1a: Garchomp\n|\n|-heal|p2a: Cobalion|231/277|[from] item: Leftovers\n|upkeep\n|\n|t:|1732988197\n|switch|p1a: Mamoswine|Mamoswine, L81, M|311/311\n|turn|12\n|\n|t:|1732988216\n|move|p2a: Cobalion|Swords Dance|p2a: Cobalion\n|-boost|p2a: Cobalion|atk|2\n|move|p1a: Mamoswine|Earthquake|p2a: Cobalion\n|-supereffective|p2a: Cobalion\n|-damage|p2a: Cobalion|0 fnt\n|faint|p2a: Cobalion\n|\n|upkeep\n|\n|t:|1732988226\n|switch|p2a: Honchkrow|Honchkrow, L86, F|312/312\n|turn|13\n|\n|t:|1732988238\n|switch|p1a: Toxtricity|Toxtricity, L82, F|257/257\n|move|p2a: Honchkrow|Brave Bird|p1a: Toxtricity\n|-resisted|p1a: Toxtricity\n|-damage|p1a: Toxtricity|158/257\n|-damage|p2a: Honchkrow|279/312|[from] Recoil\n|\n|upkeep\n|turn|14\n|\n|t:|1732988256\n|move|p1a: Toxtricity|Overdrive|p2a: Honchkrow\n|-supereffective|p2a: Honchkrow\n|-damage|p2a: Honchkrow|0 fnt\n|faint|p2a: Honchkrow\n|\n|upkeep\n|\n|t:|1732988262\n|switch|p2a: Espeon|Espeon, L84, M|246/246\n|turn|15\n|\n|t:|1732988272\n|move|p1a: Toxtricity|Overdrive|p2a: Espeon\n|-damage|p2a: Espeon|138/246\n|move|p2a: Espeon|Alluring Voice|p1a: Toxtricity\n|-resisted|p1a: Toxtricity\n|-damage|p1a: Toxtricity|125/257\n|\n|upkeep\n|turn|16\n|\n|t:|1732988280\n|move|p1a: Toxtricity|Overdrive|p2a: Espeon\n|-damage|p2a: Espeon|30/246\n|move|p2a: Espeon|Alluring Voice|p1a: Toxtricity\n|-resisted|p1a: Toxtricity\n|-damage|p1a: Toxtricity|92/257\n|\n|upkeep\n|turn|17\n|\n|t:|1732988289\n|move|p1a: Toxtricity|Overdrive|p2a: Espeon\n|-damage|p2a: Espeon|0 fnt\n|faint|p2a: Espeon\n|\n|upkeep\n|\n|t:|1732988295\n|switch|p2a: Mewtwo|Mewtwo, L72|272/272\n|-ability|p2a: Mewtwo|Unnerve\n|turn|18\n|\n|t:|1732988320\n|move|p1a: Toxtricity|Overdrive|p2a: Mewtwo\n|-damage|p2a: Mewtwo|139/272\n|move|p2a: Mewtwo|Fire Blast|p1a: Toxtricity|[miss]\n|-miss|p2a: Mewtwo|p1a: Toxtricity\n|\n|upkeep\n|turn|19\n|\n|t:|1732988328\n|move|p1a: Toxtricity|Overdrive|p2a: Mewtwo\n|-damage|p2a: Mewtwo|0 fnt\n|faint|p2a: Mewtwo\n|\n|win|Gabriel0979\n", "inputlog": ">version b107d77f5c90bd6555267ae244a6264823309ead\n>start {\"formatid\":\"gen9randombattle\",\"seed\":[59468,11559,33064,24561]}\n>player p1 {\"name\":\"Gabriel0979\",\"avatar\":\"blue\",\"rating\":0,\"seed\":[30881,45026,54862,11176]}\n>player p2 {\"name\":\"chupa emgole\",\"avatar\":\"266\",\"rating\":0,\"seed\":[1706,9712,25726,21763]}\n>p1 move scald\n>p2 move rockpolish\n>p2 switch 6\n>p1 move takeheart\n>p2 move calmmind\n>p1 move scald\n>p2 move protect\n>p1 move scald\n>p2 move freezedry\n>p1 move scald\n>p2 move freezedry\n>p1 switch 3\n>p1 move machpunch\n>p2 move freezedry\n>p1 move machpunch\n>p2 move freezedry terastallize\n>p1 switch 6\n>p1 move iceshard\n>p2 move wish\n>p2 switch 2\n>p1 move iceshard\n>p2 move swordsdance\n>p1 switch 4\n>p2 move ironhead\n>p1 move earthquake\n>p2 move ironhead\n>p1 switch 4\n>p1 move earthquake\n>p2 move swordsdance\n>p2 switch 5\n>p1 switch 5\n>p2 move bravebird\n>p1 move overdrive\n>p2 move heatwave\n>p2 switch 3\n>p1 move overdrive\n>p2 move alluringvoice\n>p1 move overdrive\n>p2 move alluringvoice\n>p1 move overdrive\n>p2 move alluringvoice\n>p2 switch 4\n>p1 move overdrive\n>p2 move fireblast\n>p1 move overdrive\n>p2 move fireblast", "uploadtime": 1732988333, "views": 1, "formatid": "gen9randombattle", "rating": null, "private": 0, "password": null}