{"id": "gen9randombattle-2253798662", "format": "[Gen 9] Random Battle", "players": ["bluebabybeluga", "BEPISENDING"], "log": "|j|\u2606bluebabybeluga\n|j|\u2606BEPISENDING\n|t:|1732939934\n|gametype|singles\n|player|p1|bluebabybeluga|102|1459\n|player|p2|BEPISENDING|nate|1412\n|teamsize|p1|6\n|teamsize|p2|6\n|gen|9\n|tier|[Gen 9] Random Battle\n|rated|\n|rule|Species Clause: Limit one of each Pok\u00e9mon\n|rule|HP Percentage Mod: HP is shown in percentages\n|rule|Sleep Clause Mod: Limit one foe put to sleep\n|rule|Illusion Level Mod: Illusion disguises the Pok\u00e9mon's true level\n|\n|t:|1732939934\n|start\n|switch|p1a: Tyranitar|Tyranitar, L79, F|288/288\n|switch|p2a: Basculegion|Basculegion-F, L83, F|335/335\n|-weather|Sandstorm|[from] ability: Sand Stream|[of] p1a: Tyranitar\n|turn|1\n|inactive|Battle timer is ON: inactive players will automatically lose when time's up. (requested by BEPISENDING)\n|\n|t:|1732939953\n|move|p2a: Basculegion|Flip Turn|p1a: Tyranitar\n|-supereffective|p1a: Tyranitar\n|-damage|p1a: Tyranitar|152/288\n|\n|t:|1732939959\n|switch|p2a: Zarude|Zarude-Dada, L78|292/292|[from] Flip Turn\n|move|p1a: Tyranitar|Knock Off|p2a: Zarude\n|-resisted|p2a: Zarude\n|-damage|p2a: Zarude|235/292\n|-enditem|p2a: Zarude|Life Orb|[from] move: Knock Off|[of] p1a: Tyranitar\n|\n|-weather|Sandstorm|[upkeep]\n|-damage|p2a: Zarude|217/292|[from] Sandstorm\n|-heal|p1a: Tyranitar|170/288|[from] item: Leftovers\n|upkeep\n|turn|2\n|\n|t:|1732939970\n|switch|p1a: Tauros|Tauros-Paldea-Blaze, L81, M|252/252\n|move|p2a: Zarude|Close Combat|p1a: Tauros\n|-damage|p1a: Tauros|167/252\n|-unboost|p2a: Zarude|def|1\n|-unboost|p2a: Zarude|spd|1\n|\n|-weather|Sandstorm|[upkeep]\n|-damage|p2a: Zarude|199/292|[from] Sandstorm\n|-damage|p1a: Tauros|152/252|[from] Sandstorm\n|upkeep\n|turn|3\n|\n|t:|1732939979\n|switch|p2a: Gastrodon|Gastrodon, L86, M|331/331\n|move|p1a: Tauros|Substitute|p1a: Tauros\n|-start|p1a: Tauros|Substitute\n|-damage|p1a: Tauros|89/252\n|-enditem|p1a: Tauros|Sitrus Berry|[eat]\n|-heal|p1a: Tauros|152/252|[from] item: Sitrus Berry\n|\n|-weather|Sandstorm|[upkeep]\n|-damage|p1a: Tauros|137/252|[from] Sandstorm\n|upkeep\n|turn|4\n|\n|t:|1732939983\n|move|p1a: Tauros|Close Combat|p2a: Gastrodon\n|-damage|p2a: Gastrodon|180/331\n|-unboost|p1a: Tauros|def|1\n|-unboost|p1a: Tauros|spd|1\n|move|p2a: Gastrodon|Surf|p1a: Tauros\n|-supereffective|p1a: Tauros\n|-end|p1a: Tauros|Substitute\n|\n|-weather|Sandstorm|[upkeep]\n|-damage|p1a: Tauros|122/252|[from] Sandstorm\n|-heal|p2a: Gastrodon|200/331|[from] item: Leftovers\n|-activate|p1a: Tauros|ability: Cud Chew\n|-enditem|p1a: Tauros|Sitrus Berry|[eat]\n|-heal|p1a: Tauros|185/252|[from] item: Sitrus Berry\n|upkeep\n|turn|5\n|\n|t:|1732940003\n|switch|p1a: Leavanny|Leavanny, L86, F|269/269\n|move|p2a: Gastrodon|Surf|p1a: Leavanny\n|-resisted|p1a: Leavanny\n|-damage|p1a: Leavanny|218/269\n|\n|-weather|none\n|-heal|p2a: Gastrodon|220/331|[from] item: Leftovers\n|upkeep\n|turn|6\n|\n|t:|1732940013\n|switch|p2a: Dragonite|Dragonite, L74, M|257/257\n|move|p1a: Leavanny|Sticky Web|p2a: Dragonite\n|-sidestart|p2: BEPISENDING|move: Sticky Web\n|\n|upkeep\n|turn|7\n|\n|t:|1732940017\n|move|p1a: Leavanny|Knock Off|p2a: Dragonite\n|-damage|p2a: Dragonite|217/257\n|-enditem|p2a: Dragonite|Heavy-Duty Boots|[from] move: Knock Off|[of] p1a: Leavanny\n|move|p2a: Dragonite|Dragon Dance|p2a: Dragonite\n|-boost|p2a: Dragonite|atk|1\n|-boost|p2a: Dragonite|spe|1\n|\n|upkeep\n|turn|8\n|\n|t:|1732940036\n|move|p2a: Dragonite|Dragon Dance|p2a: Dragonite\n|-boost|p2a: Dragonite|atk|1\n|-boost|p2a: Dragonite|spe|1\n|move|p1a: Leavanny|Lunge|p2a: Dragonite\n|-resisted|p2a: Dragonite\n|-damage|p2a: Dragonite|172/257\n|-unboost|p2a: Dragonite|atk|1\n|\n|upkeep\n|turn|9\n|\n|t:|1732940046\n|move|p2a: Dragonite|Dragon Dance|p2a: Dragonite\n|-boost|p2a: Dragonite|atk|1\n|-boost|p2a: Dragonite|spe|1\n|move|p1a: Leavanny|Lunge|p2a: Dragonite\n|-resisted|p2a: Dragonite\n|-damage|p2a: Dragonite|122/257\n|-unboost|p2a: Dragonite|atk|1\n|\n|upkeep\n|turn|10\n|\n|t:|1732940049\n|move|p2a: Dragonite|Iron Head|p1a: Leavanny\n|-damage|p1a: Leavanny|127/269\n|move|p1a: Leavanny|Lunge|p2a: Dragonite\n|-resisted|p2a: Dragonite\n|-damage|p2a: Dragonite|76/257\n|-unboost|p2a: Dragonite|atk|1\n|\n|upkeep\n|turn|11\n|\n|t:|1732940054\n|move|p2a: Dragonite|Outrage|p1a: Leavanny\n|-damage|p1a: Leavanny|0 fnt\n|faint|p1a: Leavanny\n|\n|upkeep\n|\n|t:|1732940056\n|switch|p1a: Hatterene|Hatterene, L85, F|236/236\n|turn|12\n|\n|t:|1732940059\n|move|p2a: Dragonite|Outrage|p1a: Hatterene|[from]lockedmove\n|-immune|p1a: Hatterene\n|-start|p2a: Dragonite|confusion|[fatigue]\n|move|p1a: Hatterene|Draining Kiss|p2a: Dragonite\n|-supereffective|p2a: Dragonite\n|-damage|p2a: Dragonite|0 fnt\n|faint|p2a: Dragonite\n|\n|upkeep\n|\n|t:|1732940063\n|switch|p2a: Uxie|Uxie, L83|260/260\n|turn|13\n|\n|t:|1732940071\n|move|p2a: Uxie|Stealth Rock|p1a: Hatterene\n|move|p1a: Hatterene|Stealth Rock|p2a: Uxie|[from]ability: Magic Bounce\n|-sidestart|p2: BEPISENDING|move: Stealth Rock\n|move|p1a: Hatterene|Mystical Fire|p2a: Uxie\n|-damage|p2a: Uxie|210/260\n|-unboost|p2a: Uxie|spa|1\n|\n|-heal|p2a: Uxie|226/260|[from] item: Leftovers\n|upkeep\n|turn|14\n|\n|t:|1732940078\n|move|p2a: Uxie|Knock Off|p1a: Hatterene\n|-damage|p1a: Hatterene|186/236\n|-enditem|p1a: Hatterene|Leftovers|[from] move: Knock Off|[of] p2a: Uxie\n|move|p1a: Hatterene|Calm Mind|p1a: Hatterene\n|-boost|p1a: Hatterene|spa|1\n|-boost|p1a: Hatterene|spd|1\n|\n|-heal|p2a: Uxie|242/260|[from] item: Leftovers\n|upkeep\n|turn|15\n|\n|t:|1732940090\n|switch|p2a: Gastrodon|Gastrodon, L86, M|220/331\n|-activate|p2a: Gastrodon|move: Sticky Web\n|-unboost|p2a: Gastrodon|spe|1\n|-damage|p2a: Gastrodon|200/331|[from] Stealth Rock\n|move|p1a: Hatterene|Draining Kiss|p2a: Gastrodon\n|-damage|p2a: Gastrodon|97/331\n|-heal|p1a: Hatterene|236/236|[from] drain|[of] p2a: Gastrodon\n|\n|-heal|p2a: Gastrodon|117/331|[from] item: Leftovers\n|upkeep\n|turn|16\n|\n|t:|1732940100\n|move|p1a: Hatterene|Draining Kiss|p2a: Gastrodon\n|-damage|p2a: Gastrodon|9/331\n|move|p2a: Gastrodon|Recover|p2a: Gastrodon\n|-heal|p2a: Gastrodon|175/331\n|\n|-heal|p2a: Gastrodon|195/331|[from] item: Leftovers\n|upkeep\n|turn|17\n|\n|t:|1732940103\n|move|p1a: Hatterene|Calm Mind|p1a: Hatterene\n|-boost|p1a: Hatterene|spa|1\n|-boost|p1a: Hatterene|spd|1\n|move|p2a: Gastrodon|Recover|p2a: Gastrodon\n|-heal|p2a: Gastrodon|331/331\n|\n|upkeep\n|turn|18\n|\n|t:|1732940105\n|move|p1a: Hatterene|Calm Mind|p1a: Hatterene\n|-boost|p1a: Hatterene|spa|1\n|-boost|p1a: Hatterene|spd|1\n|move|p2a: Gastrodon|Earthquake|p1a: Hatterene\n|-damage|p1a: Hatterene|149/236\n|\n|upkeep\n|turn|19\n|\n|t:|1732940108\n|move|p1a: Hatterene|Draining Kiss|p2a: Gastrodon\n|-damage|p2a: Gastrodon|133/331\n|-heal|p1a: Hatterene|236/236|[from] drain|[of] p2a: Gastrodon\n|move|p2a: Gastrodon|Earthquake|p1a: Hatterene\n|-damage|p1a: Hatterene|152/236\n|\n|-heal|p2a: Gastrodon|153/331|[from] item: Leftovers\n|upkeep\n|turn|20\n|\n|t:|1732940114\n|-terastallize|p2a: Gastrodon|Steel\n|move|p1a: Hatterene|Calm Mind|p1a: Hatterene\n|-boost|p1a: Hatterene|spa|1\n|-boost|p1a: Hatterene|spd|1\n|move|p2a: Gastrodon|Earthquake|p1a: Hatterene\n|-damage|p1a: Hatterene|59/236\n|\n|-heal|p2a: Gastrodon|173/331|[from] item: Leftovers\n|upkeep\n|turn|21\n|\n|t:|1732940117\n|move|p1a: Hatterene|Mystical Fire|p2a: Gastrodon\n|-supereffective|p2a: Gastrodon\n|-damage|p2a: Gastrodon|0 fnt\n|faint|p2a: Gastrodon\n|\n|upkeep\n|\n|t:|1732940125\n|switch|p2a: Basculegion|Basculegion-F, L83, F|335/335\n|-activate|p2a: Basculegion|move: Sticky Web\n|-unboost|p2a: Basculegion|spe|1\n|-damage|p2a: Basculegion|294/335|[from] Stealth Rock\n|turn|22\n|\n|t:|1732940132\n|move|p2a: Basculegion|Flip Turn|p1a: Hatterene\n|-damage|p1a: Hatterene|0 fnt\n|faint|p1a: Hatterene\n|\n|t:|1732940137\n|switch|p2a: Uxie|Uxie, L83|242/260|[from] Flip Turn\n|-damage|p2a: Uxie|210/260|[from] Stealth Rock\n|\n|-heal|p2a: Uxie|226/260|[from] item: Leftovers\n|upkeep\n|\n|t:|1732940143\n|switch|p1a: Tyranitar|Tyranitar, L79, F|170/288\n|-weather|Sandstorm|[from] ability: Sand Stream|[of] p1a: Tyranitar\n|turn|23\n|\n|t:|1732940148\n|move|p2a: Uxie|Thunder Wave|p1a: Tyranitar\n|-status|p1a: Tyranitar|par\n|move|p1a: Tyranitar|Knock Off|p2a: Uxie\n|-supereffective|p2a: Uxie\n|-damage|p2a: Uxie|56/260\n|-enditem|p2a: Uxie|Leftovers|[from] move: Knock Off|[of] p1a: Tyranitar\n|\n|-weather|Sandstorm|[upkeep]\n|-damage|p2a: Uxie|40/260|[from] Sandstorm\n|-heal|p1a: Tyranitar|188/288 par|[from] item: Leftovers\n|upkeep\n|turn|24\n|\n|t:|1732940153\n|move|p2a: Uxie|Stealth Rock|p1a: Tyranitar\n|-sidestart|p1: bluebabybeluga|move: Stealth Rock\n|move|p1a: Tyranitar|Knock Off|p2a: Uxie\n|-supereffective|p2a: Uxie\n|-damage|p2a: Uxie|0 fnt\n|faint|p2a: Uxie\n|\n|-weather|Sandstorm|[upkeep]\n|-heal|p1a: Tyranitar|206/288 par|[from] item: Leftovers\n|upkeep\n|\n|t:|1732940158\n|switch|p2a: Basculegion|Basculegion-F, L83, F|294/335\n|-activate|p2a: Basculegion|move: Sticky Web\n|-unboost|p2a: Basculegion|spe|1\n|-damage|p2a: Basculegion|253/335|[from] Stealth Rock\n|turn|25\n|\n|t:|1732940162\n|move|p2a: Basculegion|Hydro Pump|p1a: Tyranitar\n|-supereffective|p1a: Tyranitar\n|-damage|p1a: Tyranitar|0 fnt\n|faint|p1a: Tyranitar\n|\n|-weather|Sandstorm|[upkeep]\n|-damage|p2a: Basculegion|233/335|[from] Sandstorm\n|upkeep\n|\n|t:|1732940165\n|switch|p1a: Victreebel|Victreebel, L90, F|290/290\n|-damage|p1a: Victreebel|254/290|[from] Stealth Rock\n|turn|26\n|\n|t:|1732940170\n|switch|p2a: Chimecho|Chimecho, L94, F|293/293\n|-damage|p2a: Chimecho|257/293|[from] Stealth Rock\n|move|p1a: Victreebel|Power Whip|p2a: Chimecho\n|-damage|p2a: Chimecho|61/293\n|-damage|p1a: Victreebel|225/290|[from] item: Life Orb\n|\n|-weather|Sandstorm|[upkeep]\n|-damage|p1a: Victreebel|207/290|[from] Sandstorm\n|-damage|p2a: Chimecho|43/293|[from] Sandstorm\n|-heal|p2a: Chimecho|61/293|[from] item: Leftovers\n|upkeep\n|turn|27\n|\n|t:|1732940177\n|move|p1a: Victreebel|Sludge Wave|p2a: Chimecho\n|-crit|p2a: Chimecho\n|-damage|p2a: Chimecho|0 fnt\n|faint|p2a: Chimecho\n|-damage|p1a: Victreebel|178/290|[from] item: Life Orb\n|\n|-weather|none\n|upkeep\n|\n|t:|1732940181\n|switch|p2a: Zarude|Zarude-Dada, L78|199/292\n|-activate|p2a: Zarude|move: Sticky Web\n|-unboost|p2a: Zarude|spe|1\n|-damage|p2a: Zarude|163/292|[from] Stealth Rock\n|turn|28\n|\n|t:|1732940185\n|move|p1a: Victreebel|Sludge Wave|p2a: Zarude\n|-supereffective|p2a: Zarude\n|-damage|p2a: Zarude|0 fnt\n|faint|p2a: Zarude\n|-damage|p1a: Victreebel|149/290|[from] item: Life Orb\n|\n|upkeep\n|\n|t:|1732940188\n|switch|p2a: Basculegion|Basculegion-F, L83, F|233/335\n|-activate|p2a: Basculegion|move: Sticky Web\n|-unboost|p2a: Basculegion|spe|1\n|-damage|p2a: Basculegion|192/335|[from] Stealth Rock\n|turn|29\n|\n|t:|1732940190\n|move|p1a: Victreebel|Power Whip|p2a: Basculegion|[miss]\n|-miss|p1a: Victreebel|p2a: Basculegion\n|move|p2a: Basculegion|Shadow Ball|p1a: Victreebel\n|-damage|p1a: Victreebel|0 fnt\n|faint|p1a: Victreebel\n|\n|upkeep\n|\n|t:|1732940199\n|switch|p1a: Skeledirge|Skeledirge, L79, F|294/294\n|turn|30\n|\n|t:|1732940203\n|-terastallize|p1a: Skeledirge|Fairy\n|move|p1a: Skeledirge|Shadow Ball|p2a: Basculegion\n|-supereffective|p2a: Basculegion\n|-damage|p2a: Basculegion|0 fnt\n|faint|p2a: Basculegion\n|\n|win|bluebabybeluga\n|raw|bluebabybeluga's rating: 1459 &rarr; <strong>1476</strong><br />(+17 for winning)\n|raw|BEPISENDING's rating: 1412 &rarr; <strong>1395</strong><br />(-17 for losing)\n|l|\u2606BEPISENDING\n|player|p2|\n", "inputlog": ">version b107d77f5c90bd6555267ae244a6264823309ead\n>start {\"formatid\":\"gen9randombattle\",\"seed\":[14847,25102,29417,11193],\"rated\":\"Rated battle\"}\n>player p1 {\"name\":\"bluebabybeluga\",\"avatar\":\"102\",\"rating\":1459,\"seed\":[20687,51142,39303,18364]}\n>player p2 {\"name\":\"BEPISENDING\",\"avatar\":\"nate\",\"rating\":1412,\"seed\":[39585,37764,58074,39004]}\n>p1 move knockoff\n>p2 move flipturn\n>p2 switch 5\n>p1 switch 3\n>p2 move closecombat\n>p1 move substitute\n>p2 switch 2\n>p1 move closecombat\n>p2 move surf\n>p1 switch 6\n>p2 move surf\n>p1 move stickyweb\n>p2 switch 6\n>p1 move knockoff\n>p2 move dragondance\n>p1 move lunge\n>p2 move dragondance\n>p1 move lunge\n>p2 move dragondance\n>p1 move lunge\n>p2 move ironhead\n>p1 move lunge\n>p2 move outrage\n>p1 switch 5\n>p1 move drainingkiss\n>p2 move outrage\n>p2 switch 3\n>p1 move mysticalfire\n>p2 move stealthrock\n>p1 move calmmind\n>p2 move knockoff\n>p1 move drainingkiss\n>p2 switch 6\n>p1 move drainingkiss\n>p2 move recover\n>p1 move calmmind\n>p2 move recover\n>p1 move calmmind\n>p2 move earthquake\n>p1 move drainingkiss\n>p2 move earthquake\n>p1 move calmmind\n>p2 move earthquake terastallize\n>p1 move mysticalfire\n>p2 move earthquake\n>p2 switch 5\n>p1 move drainingkiss\n>p2 move flipturn\n>p2 switch 6\n>p1 switch 3\n>p1 move knockoff\n>p2 move thunderwave\n>p1 move knockoff\n>p2 move stealthrock\n>p2 switch 6\n>p1 move icebeam\n>p2 move hydropump\n>p1 switch 4\n>p1 move powerwhip\n>p2 switch 4\n>p1 move sludgewave\n>p2 move recover\n>p2 switch 2\n>p1 move sludgewave\n>p2 move knockoff\n>p2 switch 4\n>p1 move powerwhip\n>p2 move shadowball\n>p1 switch 2\n>p1 move shadowball terastallize\n>p2 move shadowball", "uploadtime": 1732940211, "views": 18, "formatid": "gen9randombattle", "rating": 1395, "private": 0, "password": null}