{"id": "gen9randombattle-2253932106", "format": "[Gen 9] Random Battle", "players": ["Mr greeann", "Deathler"], "log": "|j|\u2606Mr greeann\n|j|\u2606Deathler\n|inactive|Battle timer is ON: inactive players will automatically lose when time's up.\n|t:|1732966491\n|gametype|singles\n|player|p1|Mr greeann|wally|\n|player|p2|Deathler|cyrus|\n|teamsize|p1|6\n|teamsize|p2|6\n|gen|9\n|tier|[Gen 9] Random Battle\n|rated|Tournament battle\n|rule|Species Clause: Limit one of each Pok\u00e9mon\n|rule|HP Percentage Mod: HP is shown in percentages\n|rule|Sleep Clause Mod: Limit one foe put to sleep\n|rule|Illusion Level Mod: Illusion disguises the Pok\u00e9mon's true level\n|\n|t:|1732966491\n|start\n|switch|p1a: Regieleki|Regieleki, L79|256/256\n|switch|p2a: Brambleghast|Brambleghast, L88, F|240/240\n|turn|1\n|j|*Lady Monita \u2600\n|j| BB-8-NU\n|inactive|Mr greeann also wants the timer to be on.\n|c|\u2606Mr greeann|glhf\n|j| Batneen\n|\n|t:|1732966499\n|move|p1a: Regieleki|Volt Switch|p2a: Brambleghast\n|-resisted|p2a: Brambleghast\n|-damage|p2a: Brambleghast|181/240\n|c| Batneen|LET'S GO\n|\n|t:|1732966508\n|switch|p1a: Toucannon|Toucannon, L88, F|284/284|[from] Volt Switch\n|move|p2a: Brambleghast|Substitute|p2a: Brambleghast\n|-start|p2a: Brambleghast|Substitute\n|-damage|p2a: Brambleghast|121/240\n|\n|-heal|p2a: Brambleghast|136/240|[from] item: Leftovers\n|upkeep\n|turn|2\n|c| Batneen|LET'S GET IT\n|c| Batneen|I'M GONNA BELIEVE\n|c| Batneen|YOU'RE GONNA DO IT\n|\n|t:|1732966517\n|-singleturn|p1a: Toucannon|move: Beak Blast\n|move|p2a: Brambleghast|Leech Seed|p1a: Toucannon\n|-start|p1a: Toucannon|move: Leech Seed\n|move|p1a: Toucannon|Beak Blast|p2a: Brambleghast\n|-supereffective|p2a: Brambleghast\n|-end|p2a: Brambleghast|Substitute\n|\n|-heal|p2a: Brambleghast|151/240|[from] item: Leftovers\n|-damage|p1a: Toucannon|249/284|[from] Leech Seed|[of] p2a: Brambleghast\n|-heal|p2a: Brambleghast|186/240|[silent]\n|upkeep\n|turn|3\n|c| Batneen|BECAUSE YOU'RE THE NUMVER ONE\n|c| Batneen|MOHAMMED ALI !\n|c| Batneen|MICHAEL JACKSON\n|c| Batneen|TEDDY RINNER\n|\n|t:|1732966540\n|switch|p2a: Orthworm|Orthworm, L88, F|266/266\n|switch|p1a: Hydreigon|Hydreigon, L79, F|275/275\n|\n|upkeep\n|turn|4\n|c| Batneen|LEBRON JAMES\n|\n|t:|1732966550\n|switch|p2a: Camerupt|Camerupt, L91, M|275/275\n|move|p1a: Hydreigon|Fire Blast|p2a: Camerupt\n|-resisted|p2a: Camerupt\n|-damage|p2a: Camerupt|214/275\n|\n|-heal|p2a: Camerupt|231/275|[from] item: Leftovers\n|upkeep\n|turn|5\n|j| GreninjaYDavid45\n|c| Batneen|P\u00c9L\u00c9\n|c| Batneen|yes !\n|c| Batneen|come on\n|j| Djuncan\n|c| Batneen|use your spells\n|c| Batneen|when there is a weak pokemon, use it\n|inactive|Mr greeann has 120 seconds left.\n|j| ScottOBrian\n|\n|t:|1732966586\n|move|p1a: Hydreigon|Fire Blast|p2a: Camerupt|[miss]\n|-miss|p1a: Hydreigon|p2a: Camerupt\n|move|p2a: Camerupt|Will-O-Wisp|p1a: Hydreigon\n|-status|p1a: Hydreigon|brn\n|\n|-heal|p2a: Camerupt|248/275|[from] item: Leftovers\n|-damage|p1a: Hydreigon|258/275 brn|[from] brn\n|upkeep\n|turn|6\n|inactive|Mr greeann has 120 seconds left.\n|\n|t:|1732966592\n|move|p1a: Hydreigon|Fire Blast|p2a: Camerupt\n|-resisted|p2a: Camerupt\n|-damage|p2a: Camerupt|187/275\n|move|p2a: Camerupt|Roar|p1a: Hydreigon\n|drag|p1a: Regieleki|Regieleki, L79|256/256\n|\n|-heal|p2a: Camerupt|204/275|[from] item: Leftovers\n|upkeep\n|turn|7\n|c| Batneen|if there is rayquaza, kill it\n|inactive|Mr greeann has 120 seconds left.\n|\n|t:|1732966611\n|switch|p1a: Hydreigon|Hydreigon, L79, F|258/275 brn\n|move|p2a: Camerupt|Overheat|p1a: Hydreigon\n|-resisted|p1a: Hydreigon\n|-damage|p1a: Hydreigon|174/275 brn\n|-unboost|p2a: Camerupt|spa|2\n|\n|-heal|p2a: Camerupt|221/275|[from] item: Leftovers\n|-damage|p1a: Hydreigon|157/275 brn|[from] brn\n|upkeep\n|turn|8\n|c| Batneen|yes that's it\n|c| Batneen|that's what i'm talking about\n|inactive|Mr greeann has 120 seconds left.\n|c| Batneen|use roar\n|\n|t:|1732966625\n|switch|p2a: Ursaring|Ursaring, L84, F|288/288\n|move|p1a: Hydreigon|Dark Pulse|p2a: Ursaring\n|-damage|p2a: Ursaring|189/288\n|\n|-damage|p1a: Hydreigon|140/275 brn|[from] brn\n|upkeep\n|turn|9\n|c| Batneen|THAAT'S WHAT I'M TALKING ABOUT\n|inactive|Mr greeann has 120 seconds left.\n|\n|t:|1732966636\n|switch|p1a: Mew|Mew, L82|298/298\n|move|p2a: Ursaring|Body Slam|p1a: Mew\n|-damage|p1a: Mew|198/298\n|\n|upkeep\n|turn|10\n|c| Batneen|THAT'S WHY HE'S THE MVP\n|c| Batneen|THAT'S WHY HE'S THE GOAT\n|c| Batneen|THE GOOOOAAAAAAT\n|c|\u2606Mr greeann|brother stop\n|l|\u2606Deathler\n|inactive|Deathler disconnected and has a minute to reconnect!\n|player|p2|\n|c| Djuncan|Batneen just stay quiet :/\n|c| Batneen|oh no he disconnected because of me\n|inactive|Deathler has 30 seconds to reconnect!\n|inactive|Deathler has 20 seconds to reconnect!\n|j|\u2606Deathler\n|inactive|Deathler reconnected and has 90 seconds left.\n|player|p2|Deathler|cyrus|\n|c| Batneen|YES !\n|c|\u2606Mr greeann|wb\n|\n|t:|1732966709\n|move|p1a: Mew|Close Combat|p2a: Ursaring\n|-supereffective|p2a: Ursaring\n|-damage|p2a: Ursaring|38/288\n|-unboost|p1a: Mew|def|1\n|-unboost|p1a: Mew|spd|1\n|-damage|p1a: Mew|169/298|[from] item: Life Orb\n|move|p2a: Ursaring|Body Slam|p1a: Mew\n|-damage|p1a: Mew|15/298\n|\n|upkeep\n|turn|11\n|\n|t:|1732966715\n|switch|p2a: Brambleghast|Brambleghast, L88, F|186/240\n|move|p1a: Mew|Close Combat|p2a: Brambleghast\n|-immune|p2a: Brambleghast\n|\n|-heal|p2a: Brambleghast|201/240|[from] item: Leftovers\n|upkeep\n|turn|12\n|inactive|Deathler has 90 seconds left.\n|\n|t:|1732966720\n|move|p1a: Mew|Knock Off|p2a: Brambleghast\n|-supereffective|p2a: Brambleghast\n|-damage|p2a: Brambleghast|1/240\n|-enditem|p2a: Brambleghast|Leftovers|[from] move: Knock Off|[of] p1a: Mew\n|-damage|p1a: Mew|0 fnt|[from] item: Life Orb\n|faint|p1a: Mew\n|move|p2a: Brambleghast|Power Whip|p1: Mew|[notarget]\n|-fail|p2a: Brambleghast\n|\n|upkeep\n|\n|t:|1732966725\n|switch|p1a: Regieleki|Regieleki, L79|256/256\n|turn|13\n|\n|t:|1732966729\n|switch|p2a: Camerupt|Camerupt, L91, M|221/275\n|move|p1a: Regieleki|Volt Switch|p2a: Camerupt\n|-immune|p2a: Camerupt\n|\n|-heal|p2a: Camerupt|238/275|[from] item: Leftovers\n|upkeep\n|turn|14\n|\n|t:|1732966736\n|switch|p1a: Hydreigon|Hydreigon, L79, F|140/275 brn\n|move|p2a: Camerupt|Roar|p1a: Hydreigon\n|drag|p1a: Regieleki|Regieleki, L79|256/256\n|\n|-heal|p2a: Camerupt|255/275|[from] item: Leftovers\n|upkeep\n|turn|15\n|inactive|Deathler has 120 seconds left.\n|\n|t:|1732966748\n|switch|p1a: Hydreigon|Hydreigon, L79, F|140/275 brn\n|move|p2a: Camerupt|Overheat|p1a: Hydreigon\n|-resisted|p1a: Hydreigon\n|-damage|p1a: Hydreigon|56/275 brn\n|-unboost|p2a: Camerupt|spa|2\n|\n|-heal|p2a: Camerupt|272/275|[from] item: Leftovers\n|-damage|p1a: Hydreigon|39/275 brn|[from] brn\n|upkeep\n|turn|16\n|inactive|Deathler has 120 seconds left.\n|\n|t:|1732966754\n|switch|p2a: Brambleghast|Brambleghast, L88, F|1/240\n|move|p1a: Hydreigon|Draco Meteor|p2a: Brambleghast\n|-damage|p2a: Brambleghast|0 fnt\n|-unboost|p1a: Hydreigon|spa|2\n|faint|p2a: Brambleghast\n|\n|-damage|p1a: Hydreigon|22/275 brn|[from] brn\n|upkeep\n|inactive|Deathler has 120 seconds left.\n|\n|t:|1732966772\n|switch|p2a: Orthworm|Orthworm, L88, F|266/266\n|turn|17\n|\n|t:|1732966786\n|switch|p1a: Garganacl|Garganacl, L80, M|291/291\n|move|p2a: Orthworm|Spikes|p1a: Garganacl\n|-sidestart|p1: Mr greeann|Spikes\n|\n|upkeep\n|turn|18\n|\n|t:|1732966792\n|move|p2a: Orthworm|Shed Tail|p2a: Orthworm\n|-start|p2a: Orthworm|Substitute|[from] move: Shed Tail\n|-damage|p2a: Orthworm|133/266\n|l|\u2606Deathler\n|inactive|Deathler disconnected and has a minute to reconnect!\n|player|p2|\n|j|\u2606Deathler\n|inactive|Deathler reconnected and has 125 seconds left.\n|player|p2|Deathler|cyrus|\n|inactive|Deathler has 120 seconds left.\n|\n|t:|1732966806\n|switch|p2a: Tsareena|Tsareena, L87, F|267/267|[from] Shed Tail\n|move|p1a: Garganacl|Salt Cure|p2a: Tsareena\n|-activate|p2a: Tsareena|move: Substitute|[damage]\n|\n|upkeep\n|turn|19\n|\n|t:|1732966814\n|-terastallize|p1a: Garganacl|Dragon\n|move|p2a: Tsareena|Power Whip|p1a: Garganacl\n|-resisted|p1a: Garganacl\n|-damage|p1a: Garganacl|231/291\n|move|p1a: Garganacl|Iron Defense|p1a: Garganacl\n|-boost|p1a: Garganacl|def|2\n|\n|-heal|p1a: Garganacl|249/291|[from] item: Leftovers\n|upkeep\n|turn|20\n|\n|t:|1732966824\n|move|p2a: Tsareena|Triple Axel|p1a: Garganacl\n|-supereffective|p1a: Garganacl\n|-damage|p1a: Garganacl|233/291\n|-supereffective|p1a: Garganacl\n|-damage|p1a: Garganacl|203/291\n|-hitcount|p1a: Garganacl|2\n|move|p1a: Garganacl|Iron Defense|p1a: Garganacl\n|-boost|p1a: Garganacl|def|2\n|\n|-heal|p1a: Garganacl|221/291|[from] item: Leftovers\n|upkeep\n|turn|21\n|\n|t:|1732966836\n|move|p2a: Tsareena|Triple Axel|p1a: Garganacl\n|-supereffective|p1a: Garganacl\n|-damage|p1a: Garganacl|211/291\n|-supereffective|p1a: Garganacl\n|-damage|p1a: Garganacl|191/291\n|-supereffective|p1a: Garganacl\n|-damage|p1a: Garganacl|161/291\n|-hitcount|p1a: Garganacl|3\n|move|p1a: Garganacl|Body Press|p2a: Tsareena\n|-end|p2a: Tsareena|Substitute\n|\n|-heal|p1a: Garganacl|179/291|[from] item: Leftovers\n|upkeep\n|turn|22\n|\n|t:|1732966852\n|move|p2a: Tsareena|U-turn|p1a: Garganacl\n|-damage|p1a: Garganacl|161/291\n|\n|t:|1732966854\n|switch|p2a: Camerupt|Camerupt, L91, M|272/275|[from] U-turn\n|move|p1a: Garganacl|Body Press|p2a: Camerupt\n|-damage|p2a: Camerupt|44/275\n|\n|-heal|p2a: Camerupt|61/275|[from] item: Leftovers\n|-heal|p1a: Garganacl|179/291|[from] item: Leftovers\n|upkeep\n|turn|23\n|\n|t:|1732966860\n|move|p2a: Camerupt|Will-O-Wisp|p1a: Garganacl|[miss]\n|-miss|p2a: Camerupt|p1a: Garganacl\n|move|p1a: Garganacl|Recover|p1a: Garganacl\n|-heal|p1a: Garganacl|291/291\n|\n|-heal|p2a: Camerupt|78/275|[from] item: Leftovers\n|upkeep\n|turn|24\n|\n|t:|1732966869\n|move|p2a: Camerupt|Overheat|p1a: Garganacl\n|-resisted|p1a: Garganacl\n|-damage|p1a: Garganacl|201/291\n|-unboost|p2a: Camerupt|spa|2\n|move|p1a: Garganacl|Body Press|p2a: Camerupt\n|-damage|p2a: Camerupt|0 fnt\n|faint|p2a: Camerupt\n|\n|-heal|p1a: Garganacl|219/291|[from] item: Leftovers\n|upkeep\n|\n|t:|1732966877\n|switch|p2a: Tsareena|Tsareena, L87, F|267/267\n|turn|25\n|\n|t:|1732966884\n|move|p2a: Tsareena|Triple Axel|p1a: Garganacl\n|-supereffective|p1a: Garganacl\n|-damage|p1a: Garganacl|209/291\n|-supereffective|p1a: Garganacl\n|-damage|p1a: Garganacl|191/291\n|-supereffective|p1a: Garganacl\n|-damage|p1a: Garganacl|163/291\n|-hitcount|p1a: Garganacl|3\n|move|p1a: Garganacl|Body Press|p2a: Tsareena\n|-damage|p2a: Tsareena|87/267\n|\n|-heal|p1a: Garganacl|181/291|[from] item: Leftovers\n|upkeep\n|turn|26\n|j| slash.skip\n|\n|t:|1732966891\n|move|p2a: Tsareena|Triple Axel|p1a: Garganacl\n|-supereffective|p1a: Garganacl\n|-damage|p1a: Garganacl|171/291\n|-supereffective|p1a: Garganacl\n|-damage|p1a: Garganacl|151/291\n|-supereffective|p1a: Garganacl\n|-damage|p1a: Garganacl|123/291\n|-hitcount|p1a: Garganacl|3\n|move|p1a: Garganacl|Body Press|p2a: Tsareena\n|-damage|p2a: Tsareena|0 fnt\n|faint|p2a: Tsareena\n|\n|-heal|p1a: Garganacl|141/291|[from] item: Leftovers\n|upkeep\n|c| Batneen|mr greeann just won\n|c| Batneen|it's over ladies and gentlemen\n|\n|t:|1732966906\n|switch|p2a: Ursaring|Ursaring, L84, F|38/288\n|turn|27\n|c| Batneen|deathler you need the haxx\n|\n|t:|1732966910\n|move|p2a: Ursaring|Body Slam|p1a: Garganacl\n|-damage|p1a: Garganacl|110/291\n|move|p1a: Garganacl|Recover|p1a: Garganacl\n|-heal|p1a: Garganacl|256/291\n|\n|-heal|p1a: Garganacl|274/291|[from] item: Leftovers\n|upkeep\n|turn|28\n|c| Batneen|you need paralysis\n|\n|t:|1732966914\n|move|p2a: Ursaring|Body Slam|p1a: Garganacl\n|-damage|p1a: Garganacl|244/291\n|move|p1a: Garganacl|Body Press|p2a: Ursaring\n|-supereffective|p2a: Ursaring\n|-damage|p2a: Ursaring|0 fnt\n|faint|p2a: Ursaring\n|\n|-heal|p1a: Garganacl|262/291|[from] item: Leftovers\n|upkeep\n|l| ScottOBrian\n|c| Batneen|otherwise you lose\n|\n|t:|1732966924\n|switch|p2a: Kleavor|Kleavor, L78, M|237/237\n|turn|29\n|\n|t:|1732966930\n|move|p2a: Kleavor|Stone Axe|p1a: Garganacl\n|-damage|p1a: Garganacl|228/291\n|-sidestart|p1: Mr greeann|move: Stealth Rock\n|move|p1a: Garganacl|Body Press|p2a: Kleavor\n|-damage|p2a: Kleavor|21/237\n|\n|-heal|p1a: Garganacl|246/291|[from] item: Leftovers\n|upkeep\n|turn|30\n|\n|t:|1732966934\n|move|p2a: Kleavor|X-Scissor|p1a: Garganacl\n|-damage|p1a: Garganacl|212/291\n|move|p1a: Garganacl|Body Press|p2a: Kleavor\n|-damage|p2a: Kleavor|0 fnt\n|faint|p2a: Kleavor\n|\n|-heal|p1a: Garganacl|230/291|[from] item: Leftovers\n|upkeep\n|c|\u2606Mr greeann|gg\n|\n|t:|1732966936\n|switch|p2a: Orthworm|Orthworm, L88, F|133/266\n|turn|31\n|\n|t:|1732966941\n|-terastallize|p2a: Orthworm|Poison\n|move|p2a: Orthworm|Body Press|p1a: Garganacl\n|-damage|p1a: Garganacl|209/291\n|move|p1a: Garganacl|Body Press|p2a: Orthworm\n|-resisted|p2a: Orthworm\n|-damage|p2a: Orthworm|65/266\n|\n|-heal|p2a: Orthworm|81/266|[from] item: Leftovers\n|-heal|p1a: Garganacl|227/291|[from] item: Leftovers\n|upkeep\n|turn|32\n|c| Batneen|that's not fair he din't have a team that was able to beat you\n|c| Batneen|gg to both\n|j| NoodlesofNoodles\n|c| Batneen|gg mr greeann\n|l| NoodlesofNoodles\n|c| Batneen|sometimes luck counts in random battles\n|c|\u2606Mr greeann|bro\n|c|\u2606Mr greeann|could u respectfully just shut up\n|\n|t:|1732966970\n|move|p2a: Orthworm|Body Press|p1a: Garganacl\n|-damage|p1a: Garganacl|205/291\n|move|p1a: Garganacl|Body Press|p2a: Orthworm\n|-resisted|p2a: Orthworm\n|-damage|p2a: Orthworm|15/266\n|\n|-heal|p2a: Orthworm|31/266|[from] item: Leftovers\n|-heal|p1a: Garganacl|223/291|[from] item: Leftovers\n|upkeep\n|turn|33\n|\n|t:|1732966974\n|move|p2a: Orthworm|Body Press|p1a: Garganacl\n|-damage|p1a: Garganacl|200/291\n|move|p1a: Garganacl|Body Press|p2a: Orthworm\n|-resisted|p2a: Orthworm\n|-damage|p2a: Orthworm|0 fnt\n|faint|p2a: Orthworm\n|\n|win|Mr greeann\n|n|\u2606Mr greeann|mrgreeann\n|n|*Lady Monita \u2600|ladymonita\n|n| BB-8-NU|bb8nu\n|n| Batneen|batneen\n|n| GreninjaYDavid45|greninjaydavid45\n|n| Djuncan|djuncan\n|n|\u2606Deathler|deathler\n|n| slash.skip|slashskip\n|l|*Lady Monita \u2600\n", "inputlog": ">version b107d77f5c90bd6555267ae244a6264823309ead\n>start {\"formatid\":\"gen9randombattle\",\"seed\":[28712,42826,63783,47754],\"rated\":\"Tournament battle\"}\n>player p1 {\"name\":\"Mr greeann\",\"avatar\":\"wally\",\"rating\":0,\"seed\":[63831,26081,27429,45081]}\n>player p2 {\"name\":\"Deathler\",\"avatar\":\"cyrus\",\"rating\":0,\"seed\":[14293,20325,23626,56943]}\n>chat \u2606Mr greeann|glhf\n>p1 move voltswitch\n>p2 move substitute\n>chat  Batneen|LET'S GO\n>p1 switch 4\n>chat  Batneen|LET'S GET IT\n>chat  Batneen|I'M GONNA BELIEVE\n>chat  Batneen|YOU'RE GONNA DO IT\n>p1 move beakblast\n>p2 move leechseed\n>chat  Batneen|BECAUSE YOU'RE THE NUMVER ONE\n>chat  Batneen|MOHAMMED ALI !\n>chat  Batneen|MICHAEL JACKSON\n>chat  Batneen|TEDDY RINNER \n>p1 switch 6\n>p2 switch 6\n>chat  Batneen|LEBRON JAMES\n>p1 move fireblast\n>p2 switch 5\n>chat  Batneen|P\u00c9L\u00c9\n>chat  Batneen|yes !\n>chat  Batneen|come on\n>chat  Batneen|use your spells\n>chat  Batneen|when there is a weak pokemon, use it\n>p1 move fireblast\n>p2 move willowisp\n>p1 move fireblast\n>p2 move roar\n>chat  Batneen|if there is rayquaza, kill it\n>p1 switch 4\n>p2 move overheat\n>chat  Batneen|yes that's it\n>chat  Batneen|that's what i'm talking about\n>chat  Batneen|use roar\n>p1 move darkpulse\n>p2 switch 3\n>chat  Batneen|THAAT'S WHAT I'M TALKING ABOUT\n>p1 switch 3\n>p2 move bodyslam\n>chat  Batneen|THAT'S WHY HE'S THE MVP\n>chat  Batneen|THAT'S WHY HE'S THE GOAT\n>chat  Batneen|THE GOOOOAAAAAAT\n>chat \u2606Mr greeann|brother stop\n>chat  Djuncan|Batneen just stay quiet :/\n>chat  Batneen|oh no he disconnected because of me\n>chat  Batneen|YES !\n>chat \u2606Mr greeann|wb\n>p1 move closecombat\n>p2 move bodyslam\n>p1 move closecombat\n>p2 switch 6\n>p1 move knockoff\n>p2 move powerwhip\n>p1 switch 4\n>p1 move voltswitch\n>p2 switch 3\n>p1 switch 3\n>p2 move roar\n>p1 switch 3\n>p2 move overheat\n>p1 move dracometeor\n>p2 switch 3\n>p2 switch 5\n>p1 switch 2\n>p2 move spikes\n>p1 move saltcure\n>p2 move shedtail\n>p2 switch 4\n>p1 move irondefense terastallize\n>p2 move powerwhip\n>p1 move irondefense\n>p2 move tripleaxel\n>p1 move bodypress\n>p2 move tripleaxel\n>p1 move bodypress\n>p2 move uturn\n>p2 switch 3\n>p1 move recover\n>p2 move willowisp\n>p1 move bodypress\n>p2 move overheat\n>p2 switch 3\n>p1 move bodypress\n>p2 move tripleaxel\n>p1 move bodypress\n>p2 move tripleaxel\n>chat  Batneen|mr greeann just won\n>chat  Batneen|it's over ladies and gentlemen\n>p2 switch 6\n>chat  Batneen|deathler you need the haxx\n>p1 move recover\n>p2 move bodyslam\n>chat  Batneen|you need paralysis\n>p1 move bodypress\n>p2 move bodyslam\n>chat  Batneen|otherwise you lose\n>p2 switch 2\n>p1 move bodypress\n>p2 move stoneaxe\n>p1 move bodypress\n>p2 move xscissor\n>chat \u2606Mr greeann|gg\n>p2 switch 4\n>p1 move bodypress\n>p2 move bodypress terastallize\n>chat  Batneen|that's not fair he din't have a team that was able to beat you \n>chat  Batneen|gg to both\n>chat  Batneen|gg mr greeann\n>chat  Batneen|sometimes luck counts in random battles\n>chat \u2606Mr greeann|bro\n>chat \u2606Mr greeann|could u respectfully just shut up\n>p1 move bodypress\n>p2 move bodypress\n>p1 move bodypress\n>p2 move bodypress", "uploadtime": 1732966974, "views": 1, "formatid": "gen9randombattle", "rating": null, "private": 0, "password": null}