{"id": "gen9randombattle-2254118868", "format": "[Gen 9] Random Battle", "players": ["Pokeboobowl", "bugigo"], "log": "|j|\u2606Pokeboobowl\n|j|\u2606bugigo\n|t:|1732993518\n|gametype|singles\n|player|p1|Pokeboobowl|battlegirl-gen4|1421\n|player|p2|bugigo|silver|1380\n|teamsize|p1|6\n|teamsize|p2|6\n|gen|9\n|tier|[Gen 9] Random Battle\n|rated|\n|rule|Species Clause: Limit one of each Pok\u00e9mon\n|rule|HP Percentage Mod: HP is shown in percentages\n|rule|Sleep Clause Mod: Limit one foe put to sleep\n|rule|Illusion Level Mod: Illusion disguises the Pok\u00e9mon's true level\n|\n|t:|1732993518\n|start\n|switch|p1a: Granbull|Granbull, L88, M|302/302\n|switch|p2a: Vespiquen|Vespiquen, L98, F|296/296\n|-ability|p2a: Vespiquen|Pressure\n|-ability|p1a: Granbull|Intimidate|boost\n|-unboost|p2a: Vespiquen|atk|1\n|turn|1\n|inactive|Battle timer is ON: inactive players will automatically lose when time's up. (requested by Pokeboobowl)\n|\n|t:|1732993534\n|move|p2a: Vespiquen|Toxic|p1a: Granbull\n|-status|p1a: Granbull|tox\n|move|p1a: Granbull|Thunder Wave|p2a: Vespiquen\n|-status|p2a: Vespiquen|par\n|\n|-damage|p1a: Granbull|284/302 tox|[from] psn\n|upkeep\n|turn|2\n|\n|t:|1732993548\n|move|p1a: Granbull|Play Rough|p2a: Vespiquen|[miss]\n|-miss|p1a: Granbull|p2a: Vespiquen\n|move|p2a: Vespiquen|Air Slash|p1a: Granbull\n|-damage|p1a: Granbull|161/302 tox\n|\n|-heal|p1a: Granbull|179/302 tox|[from] item: Leftovers\n|-damage|p1a: Granbull|143/302 tox|[from] psn\n|upkeep\n|turn|3\n|\n|t:|1732993566\n|move|p1a: Granbull|Encore|p2a: Vespiquen\n|-start|p2a: Vespiquen|Encore\n|move|p2a: Vespiquen|Air Slash|p1a: Granbull\n|-damage|p1a: Granbull|28/302 tox\n|\n|-heal|p1a: Granbull|46/302 tox|[from] item: Leftovers\n|-damage|p1a: Granbull|0 fnt|[from] psn\n|faint|p1a: Granbull\n|upkeep\n|\n|t:|1732993578\n|switch|p1a: Exeggutor|Exeggutor, L89, F|312/312\n|turn|4\n|\n|t:|1732993589\n|move|p1a: Exeggutor|Calm Mind|p1a: Exeggutor\n|-boost|p1a: Exeggutor|spa|1\n|-boost|p1a: Exeggutor|spd|1\n|move|p2a: Vespiquen|Air Slash|p1a: Exeggutor\n|-supereffective|p1a: Exeggutor\n|-damage|p1a: Exeggutor|172/312\n|\n|upkeep\n|turn|5\n|\n|t:|1732993601\n|move|p1a: Exeggutor|Substitute|p1a: Exeggutor\n|-start|p1a: Exeggutor|Substitute\n|-damage|p1a: Exeggutor|94/312\n|-enditem|p1a: Exeggutor|Sitrus Berry|[eat]\n|-heal|p1a: Exeggutor|172/312|[from] item: Sitrus Berry\n|move|p2a: Vespiquen|Air Slash|p1a: Exeggutor\n|-supereffective|p1a: Exeggutor\n|-end|p1a: Exeggutor|Substitute\n|\n|-end|p2a: Vespiquen|Encore\n|upkeep\n|turn|6\n|\n|t:|1732993617\n|-terastallize|p1a: Exeggutor|Steel\n|move|p1a: Exeggutor|Calm Mind|p1a: Exeggutor\n|-boost|p1a: Exeggutor|spa|1\n|-boost|p1a: Exeggutor|spd|1\n|cant|p2a: Vespiquen|par\n|\n|upkeep\n|turn|7\n|\n|t:|1732993626\n|move|p1a: Exeggutor|Substitute|p1a: Exeggutor\n|-start|p1a: Exeggutor|Substitute\n|-damage|p1a: Exeggutor|94/312\n|cant|p2a: Vespiquen|par\n|\n|-item|p1a: Exeggutor|Sitrus Berry|[from] ability: Harvest\n|upkeep\n|-enditem|p1a: Exeggutor|Sitrus Berry|[eat]\n|-heal|p1a: Exeggutor|172/312|[from] item: Sitrus Berry\n|turn|8\n|\n|t:|1732993631\n|move|p1a: Exeggutor|Calm Mind|p1a: Exeggutor\n|-boost|p1a: Exeggutor|spa|1\n|-boost|p1a: Exeggutor|spd|1\n|move|p2a: Vespiquen|U-turn|p1a: Exeggutor\n|-resisted|p1a: Exeggutor\n|-activate|p1a: Exeggutor|move: Substitute|[damage]\n|inactive|bugigo has 120 seconds left.\n|inactive|bugigo has 90 seconds left.\n|inactive|bugigo has 60 seconds left.\n|\n|t:|1732993727\n|switch|p2a: Scream Tail|Scream Tail, L84|330/330|[from] U-turn\n|\n|upkeep\n|turn|9\n|\n|t:|1732993751\n|-terastallize|p2a: Scream Tail|Steel\n|move|p2a: Scream Tail|Play Rough|p1a: Exeggutor\n|-resisted|p1a: Exeggutor\n|-activate|p1a: Exeggutor|move: Substitute|[damage]\n|move|p1a: Exeggutor|Giga Drain|p2a: Scream Tail\n|-resisted|p2a: Scream Tail\n|-damage|p2a: Scream Tail|219/330\n|-heal|p1a: Exeggutor|228/312|[from] drain|[of] p2a: Scream Tail\n|\n|-heal|p2a: Scream Tail|239/330|[from] item: Leftovers\n|upkeep\n|turn|10\n|\n|t:|1732993761\n|move|p2a: Scream Tail|Play Rough|p1a: Exeggutor\n|-resisted|p1a: Exeggutor\n|-end|p1a: Exeggutor|Substitute\n|move|p1a: Exeggutor|Substitute|p1a: Exeggutor\n|-start|p1a: Exeggutor|Substitute\n|-damage|p1a: Exeggutor|150/312\n|\n|-heal|p2a: Scream Tail|259/330|[from] item: Leftovers\n|upkeep\n|turn|11\n|\n|t:|1732993772\n|move|p2a: Scream Tail|Play Rough|p1a: Exeggutor|[miss]\n|-miss|p2a: Scream Tail|p1a: Exeggutor\n|move|p1a: Exeggutor|Giga Drain|p2a: Scream Tail\n|-resisted|p2a: Scream Tail\n|-damage|p2a: Scream Tail|156/330\n|-heal|p1a: Exeggutor|202/312|[from] drain|[of] p2a: Scream Tail\n|\n|-heal|p2a: Scream Tail|176/330|[from] item: Leftovers\n|upkeep\n|turn|12\n|\n|t:|1732993782\n|move|p2a: Scream Tail|Wish|p2a: Scream Tail\n|move|p1a: Exeggutor|Calm Mind|p1a: Exeggutor\n|-boost|p1a: Exeggutor|spa|1\n|-boost|p1a: Exeggutor|spd|1\n|\n|-heal|p2a: Scream Tail|196/330|[from] item: Leftovers\n|-item|p1a: Exeggutor|Sitrus Berry|[from] ability: Harvest\n|upkeep\n|turn|13\n|\n|t:|1732993795\n|move|p2a: Scream Tail|Play Rough|p1a: Exeggutor\n|-resisted|p1a: Exeggutor\n|-activate|p1a: Exeggutor|move: Substitute|[damage]\n|move|p1a: Exeggutor|Substitute|p1a: Exeggutor\n|-fail|p1a: Exeggutor|move: Substitute\n|\n|-heal|p2a: Scream Tail|330/330|[from] move: Wish|[wisher] Scream Tail\n|upkeep\n|turn|14\n|\n|t:|1732993803\n|move|p2a: Scream Tail|Play Rough|p1a: Exeggutor\n|-resisted|p1a: Exeggutor\n|-activate|p1a: Exeggutor|move: Substitute|[damage]\n|move|p1a: Exeggutor|Substitute|p1a: Exeggutor\n|-fail|p1a: Exeggutor|move: Substitute\n|\n|upkeep\n|turn|15\n|\n|t:|1732993812\n|move|p2a: Scream Tail|Play Rough|p1a: Exeggutor\n|-resisted|p1a: Exeggutor\n|-end|p1a: Exeggutor|Substitute\n|move|p1a: Exeggutor|Substitute|p1a: Exeggutor\n|-start|p1a: Exeggutor|Substitute\n|-damage|p1a: Exeggutor|124/312\n|-enditem|p1a: Exeggutor|Sitrus Berry|[eat]\n|-heal|p1a: Exeggutor|202/312|[from] item: Sitrus Berry\n|\n|-item|p1a: Exeggutor|Sitrus Berry|[from] ability: Harvest\n|upkeep\n|turn|16\n|\n|t:|1732993818\n|move|p2a: Scream Tail|Play Rough|p1a: Exeggutor\n|-resisted|p1a: Exeggutor\n|-activate|p1a: Exeggutor|move: Substitute|[damage]\n|move|p1a: Exeggutor|Giga Drain|p2a: Scream Tail\n|-resisted|p2a: Scream Tail\n|-damage|p2a: Scream Tail|207/330\n|-heal|p1a: Exeggutor|264/312|[from] drain|[of] p2a: Scream Tail\n|\n|-heal|p2a: Scream Tail|227/330|[from] item: Leftovers\n|upkeep\n|turn|17\n|\n|t:|1732993821\n|move|p2a: Scream Tail|Play Rough|p1a: Exeggutor\n|-resisted|p1a: Exeggutor\n|-activate|p1a: Exeggutor|move: Substitute|[damage]\n|move|p1a: Exeggutor|Calm Mind|p1a: Exeggutor\n|-boost|p1a: Exeggutor|spa|1\n|-boost|p1a: Exeggutor|spd|1\n|\n|-heal|p2a: Scream Tail|247/330|[from] item: Leftovers\n|upkeep\n|turn|18\n|inactive|bugigo has 120 seconds left.\n|\n|t:|1732993827\n|move|p2a: Scream Tail|Play Rough|p1a: Exeggutor\n|-resisted|p1a: Exeggutor\n|-end|p1a: Exeggutor|Substitute\n|move|p1a: Exeggutor|Giga Drain|p2a: Scream Tail\n|-resisted|p2a: Scream Tail\n|-damage|p2a: Scream Tail|95/330\n|-heal|p1a: Exeggutor|312/312|[from] drain|[of] p2a: Scream Tail\n|\n|-heal|p2a: Scream Tail|115/330|[from] item: Leftovers\n|upkeep\n|turn|19\n|\n|t:|1732993834\n|move|p2a: Scream Tail|Thunder Wave|p1a: Exeggutor|[miss]\n|-miss|p2a: Scream Tail|p1a: Exeggutor\n|move|p1a: Exeggutor|Substitute|p1a: Exeggutor\n|-start|p1a: Exeggutor|Substitute\n|-damage|p1a: Exeggutor|234/312\n|\n|-heal|p2a: Scream Tail|135/330|[from] item: Leftovers\n|upkeep\n|turn|20\n|-message|bugigo forfeited.\n|\n|win|Pokeboobowl\n|raw|Pokeboobowl's rating: 1421 &rarr; <strong>1439</strong><br />(+18 for winning)\n|raw|bugigo's rating: 1380 &rarr; <strong>1362</strong><br />(-18 for losing)\n|l|\u2606bugigo\n|player|p2|\n", "inputlog": ">version b107d77f5c90bd6555267ae244a6264823309ead\n>start {\"formatid\":\"gen9randombattle\",\"seed\":[62052,33371,34237,48729],\"rated\":\"Rated battle\"}\n>player p1 {\"name\":\"Pokeboobowl\",\"avatar\":\"battlegirl-gen4\",\"rating\":1421,\"seed\":[37818,29164,55293,25184]}\n>player p2 {\"name\":\"bugigo\",\"avatar\":\"silver\",\"rating\":1380,\"seed\":[60751,27825,19910,64098]}\n>p1 move thunderwave\n>p2 move toxic\n>p1 move playrough\n>p2 move airslash\n>p1 move encore\n>p2 move airslash\n>p1 switch 6\n>p1 move calmmind\n>p2 move airslash\n>p1 move substitute\n>p2 move airslash\n>p1 move calmmind terastallize\n>p2 move uturn\n>p1 move substitute\n>p2 move uturn\n>p1 move calmmind\n>p2 move uturn\n>p2 switch 5\n>p1 move gigadrain\n>p2 move playrough terastallize\n>p1 move substitute\n>p2 move playrough\n>p1 move gigadrain\n>p2 move playrough\n>p1 move calmmind\n>p2 move wish\n>p1 move substitute\n>p2 move playrough\n>p1 move substitute\n>p2 move playrough\n>p1 move substitute\n>p2 move playrough\n>p1 move gigadrain\n>p2 move playrough\n>p1 move calmmind\n>p2 move playrough\n>p1 move gigadrain\n>p2 move playrough\n>p1 move substitute\n>p2 move thunderwave\n>forcelose p2", "uploadtime": 1732993841, "views": 1, "formatid": "gen9randombattle", "rating": 1362, "private": 0, "password": null}