{"id": "gen9randombattle-2253897019", "format": "[Gen 9] Random Battle", "players": ["r2d2d2r2", "Rowlet Ranger"], "log": "|j|\u2606r2d2d2r2\n|j|\u2606Rowlet Ranger\n|t:|1732958876\n|gametype|singles\n|player|p1|r2d2d2r2|265|1376\n|player|p2|Rowlet Ranger|zinnia|1316\n|teamsize|p1|6\n|teamsize|p2|6\n|gen|9\n|tier|[Gen 9] Random Battle\n|rated|\n|rule|Species Clause: Limit one of each Pok\u00e9mon\n|rule|HP Percentage Mod: HP is shown in percentages\n|rule|Sleep Clause Mod: Limit one foe put to sleep\n|rule|Illusion Level Mod: Illusion disguises the Pok\u00e9mon's true level\n|\n|t:|1732958876\n|start\n|switch|p1a: Deoxys|Deoxys, L74|196/196\n|switch|p2a: Solgaleo|Solgaleo, L74|325/325\n|-ability|p1a: Deoxys|Pressure\n|turn|1\n|\n|t:|1732958884\n|move|p1a: Deoxys|Knock Off|p2a: Solgaleo\n|-supereffective|p2a: Solgaleo\n|-damage|p2a: Solgaleo|125/325\n|-enditem|p2a: Solgaleo|Weakness Policy\n|-boost|p2a: Solgaleo|atk|2|[from] item: Weakness Policy\n|-boost|p2a: Solgaleo|spa|2|[from] item: Weakness Policy\n|-damage|p1a: Deoxys|177/196|[from] item: Life Orb\n|move|p2a: Solgaleo|Flame Charge|p1a: Deoxys\n|-damage|p1a: Deoxys|65/196\n|-boost|p2a: Solgaleo|spe|1\n|\n|upkeep\n|turn|2\n|inactive|Battle timer is ON: inactive players will automatically lose when time's up. (requested by r2d2d2r2)\n|\n|t:|1732958902\n|move|p2a: Solgaleo|Flame Charge|p1a: Deoxys\n|-damage|p1a: Deoxys|0 fnt\n|-boost|p2a: Solgaleo|spe|1\n|faint|p1a: Deoxys\n|\n|upkeep\n|\n|t:|1732958921\n|switch|p1a: Basculegion|Basculegion, L81, M|327/327\n|turn|3\n|\n|t:|1732958938\n|move|p2a: Solgaleo|Sunsteel Strike|p1a: Basculegion\n|-resisted|p1a: Basculegion\n|-damage|p1a: Basculegion|186/327\n|move|p1a: Basculegion|Shadow Ball|p2a: Solgaleo\n|-supereffective|p2a: Solgaleo\n|-damage|p2a: Solgaleo|0 fnt\n|faint|p2a: Solgaleo\n|\n|upkeep\n|inactive|Rowlet Ranger has 120 seconds left.\n|\n|t:|1732958969\n|switch|p2a: Dusknoir|Dusknoir, L89, F|225/225\n|-item|p1a: Basculegion|Assault Vest|[from] ability: Frisk|[of] p2a: Dusknoir\n|turn|4\n|\n|t:|1732958990\n|switch|p1a: Wigglytuff|Wigglytuff, L96, F|424/424\n|move|p2a: Dusknoir|Shadow Sneak|p1a: Wigglytuff\n|-immune|p1a: Wigglytuff\n|\n|upkeep\n|turn|5\n|inactive|Rowlet Ranger has 90 seconds left.\n|\n|t:|1732959030\n|switch|p2a: Gastrodon|Gastrodon-East, L86, F|331/331\n|move|p1a: Wigglytuff|Knock Off|p2a: Gastrodon\n|-damage|p2a: Gastrodon|248/331\n|-enditem|p2a: Gastrodon|Leftovers|[from] move: Knock Off|[of] p1a: Wigglytuff\n|\n|upkeep\n|turn|6\n|\n|t:|1732959041\n|move|p1a: Wigglytuff|Wish|p1a: Wigglytuff\n|move|p2a: Gastrodon|Clear Smog|p1a: Wigglytuff\n|-supereffective|p1a: Wigglytuff\n|-damage|p1a: Wigglytuff|330/424\n|-clearboost|p1a: Wigglytuff\n|\n|-heal|p1a: Wigglytuff|356/424|[from] item: Leftovers\n|upkeep\n|turn|7\n|inactive|Rowlet Ranger has 90 seconds left.\n|inactive|r2d2d2r2 has 120 seconds left.\n|\n|t:|1732959073\n|switch|p1a: Crabominable|Crabominable, L90, F|321/321\n|move|p2a: Gastrodon|Recover|p2a: Gastrodon\n|-heal|p2a: Gastrodon|331/331\n|\n|upkeep\n|turn|8\n|inactive|r2d2d2r2 has 120 seconds left.\n|inactive|Rowlet Ranger has 60 seconds left.\n|\n|t:|1732959122\n|move|p1a: Crabominable|Ice Hammer|p2a: Gastrodon\n|-damage|p2a: Gastrodon|103/331\n|-unboost|p1a: Crabominable|spe|1\n|move|p2a: Gastrodon|Earthquake|p1a: Crabominable\n|-damage|p1a: Crabominable|213/321\n|\n|upkeep\n|turn|9\n|inactive|r2d2d2r2 has 120 seconds left.\n|\n|t:|1732959141\n|move|p2a: Gastrodon|Recover|p2a: Gastrodon\n|-heal|p2a: Gastrodon|269/331\n|move|p1a: Crabominable|Earthquake|p2a: Gastrodon\n|-damage|p2a: Gastrodon|142/331\n|\n|upkeep\n|turn|10\n|\n|t:|1732959156\n|move|p2a: Gastrodon|Recover|p2a: Gastrodon\n|-heal|p2a: Gastrodon|308/331\n|move|p1a: Crabominable|Ice Hammer|p2a: Gastrodon\n|-damage|p2a: Gastrodon|98/331\n|-unboost|p1a: Crabominable|spe|1\n|\n|upkeep\n|turn|11\n|\n|t:|1732959171\n|move|p2a: Gastrodon|Earthquake|p1a: Crabominable\n|-damage|p1a: Crabominable|107/321\n|move|p1a: Crabominable|Ice Hammer|p2a: Gastrodon\n|-damage|p2a: Gastrodon|0 fnt\n|-unboost|p1a: Crabominable|spe|1\n|faint|p2a: Gastrodon\n|\n|upkeep\n|\n|t:|1732959180\n|switch|p2a: Articuno|Articuno-Galar, L84|288/288\n|turn|12\n|inactive|r2d2d2r2 has 120 seconds left.\n|\n|t:|1732959198\n|switch|p1a: Scream Tail|Scream Tail, L84|330/330\n|move|p2a: Articuno|Freezing Glare|p1a: Scream Tail\n|-resisted|p1a: Scream Tail\n|-damage|p1a: Scream Tail|285/330\n|\n|-heal|p1a: Scream Tail|305/330|[from] item: Leftovers\n|upkeep\n|turn|13\n|inactive|r2d2d2r2 has 120 seconds left.\n|\n|t:|1732959213\n|move|p1a: Scream Tail|Thunder Wave|p2a: Articuno\n|-status|p2a: Articuno|par\n|move|p2a: Articuno|Calm Mind|p2a: Articuno\n|-boost|p2a: Articuno|spa|1\n|-boost|p2a: Articuno|spd|1\n|\n|-heal|p1a: Scream Tail|325/330|[from] item: Leftovers\n|upkeep\n|turn|14\n|inactive|r2d2d2r2 has 120 seconds left.\n|\n|t:|1732959223\n|move|p1a: Scream Tail|Wish|p1a: Scream Tail\n|move|p2a: Articuno|Calm Mind|p2a: Articuno\n|-boost|p2a: Articuno|spa|1\n|-boost|p2a: Articuno|spd|1\n|\n|-heal|p1a: Scream Tail|330/330|[from] item: Leftovers\n|upkeep\n|turn|15\n|inactive|r2d2d2r2 has 120 seconds left.\n|\n|t:|1732959238\n|-end|p1a: Scream Tail|Protosynthesis|[silent]\n|switch|p1a: Crabominable|Crabominable, L90, F|107/321\n|cant|p2a: Articuno|par\n|\n|-heal|p1a: Crabominable|272/321|[from] move: Wish|[wisher] Scream Tail\n|upkeep\n|turn|16\n|inactive|Rowlet Ranger has 60 seconds left.\n|inactive|r2d2d2r2 has 120 seconds left.\n|\n|t:|1732959254\n|-terastallize|p2a: Articuno|Steel\n|move|p1a: Crabominable|Ice Hammer|p2a: Articuno\n|-resisted|p2a: Articuno\n|-damage|p2a: Articuno|186/288 par\n|-unboost|p1a: Crabominable|spe|1\n|move|p2a: Articuno|Freezing Glare|p1a: Crabominable\n|-supereffective|p1a: Crabominable\n|-damage|p1a: Crabominable|0 fnt\n|faint|p1a: Crabominable\n|\n|upkeep\n|inactive|r2d2d2r2 has 120 seconds left.\n|\n|t:|1732959274\n|switch|p1a: Jolteon|Jolteon, L84, F|246/246\n|turn|17\n|inactive|Rowlet Ranger has 60 seconds left.\n|\n|t:|1732959279\n|move|p1a: Jolteon|Substitute|p1a: Jolteon\n|-start|p1a: Jolteon|Substitute\n|-damage|p1a: Jolteon|185/246\n|cant|p2a: Articuno|par\n|\n|-heal|p1a: Jolteon|200/246|[from] item: Leftovers\n|upkeep\n|turn|18\n|\n|t:|1732959286\n|move|p1a: Jolteon|Calm Mind|p1a: Jolteon\n|-boost|p1a: Jolteon|spa|1\n|-boost|p1a: Jolteon|spd|1\n|move|p2a: Articuno|Freezing Glare|p1a: Jolteon\n|-end|p1a: Jolteon|Substitute\n|\n|-heal|p1a: Jolteon|215/246|[from] item: Leftovers\n|upkeep\n|turn|19\n|inactive|Rowlet Ranger has 60 seconds left.\n|\n|t:|1732959307\n|move|p1a: Jolteon|Substitute|p1a: Jolteon\n|-start|p1a: Jolteon|Substitute\n|-damage|p1a: Jolteon|154/246\n|move|p2a: Articuno|Freezing Glare|p1a: Jolteon\n|-end|p1a: Jolteon|Substitute\n|\n|-heal|p1a: Jolteon|169/246|[from] item: Leftovers\n|upkeep\n|turn|20\n|inactive|Rowlet Ranger has 60 seconds left.\n|\n|t:|1732959314\n|move|p1a: Jolteon|Substitute|p1a: Jolteon\n|-start|p1a: Jolteon|Substitute\n|-damage|p1a: Jolteon|108/246\n|move|p2a: Articuno|Freezing Glare|p1a: Jolteon\n|-end|p1a: Jolteon|Substitute\n|\n|-heal|p1a: Jolteon|123/246|[from] item: Leftovers\n|upkeep\n|turn|21\n|\n|t:|1732959321\n|move|p1a: Jolteon|Substitute|p1a: Jolteon\n|-start|p1a: Jolteon|Substitute\n|-damage|p1a: Jolteon|62/246\n|move|p2a: Articuno|Freezing Glare|p1a: Jolteon\n|-end|p1a: Jolteon|Substitute\n|\n|-heal|p1a: Jolteon|77/246|[from] item: Leftovers\n|upkeep\n|turn|22\n|\n|t:|1732959328\n|move|p1a: Jolteon|Substitute|p1a: Jolteon\n|-start|p1a: Jolteon|Substitute\n|-damage|p1a: Jolteon|16/246\n|cant|p2a: Articuno|par\n|\n|-heal|p1a: Jolteon|31/246|[from] item: Leftovers\n|upkeep\n|turn|23\n|\n|t:|1732959334\n|move|p1a: Jolteon|Thunderbolt|p2a: Articuno\n|-damage|p2a: Articuno|114/288 par\n|move|p2a: Articuno|Freezing Glare|p1a: Jolteon\n|-end|p1a: Jolteon|Substitute\n|\n|-heal|p1a: Jolteon|46/246|[from] item: Leftovers\n|upkeep\n|turn|24\n|\n|t:|1732959341\n|move|p1a: Jolteon|Thunderbolt|p2a: Articuno\n|-damage|p2a: Articuno|44/288 par\n|cant|p2a: Articuno|par\n|\n|-heal|p1a: Jolteon|61/246|[from] item: Leftovers\n|upkeep\n|turn|25\n|\n|t:|1732959349\n|move|p1a: Jolteon|Thunderbolt|p2a: Articuno\n|-damage|p2a: Articuno|0 fnt\n|faint|p2a: Articuno\n|\n|-heal|p1a: Jolteon|76/246|[from] item: Leftovers\n|upkeep\n|\n|t:|1732959356\n|switch|p2a: Dusknoir|Dusknoir, L89, F|225/225\n|-item|p1a: Jolteon|Leftovers|[from] ability: Frisk|[of] p2a: Dusknoir\n|turn|26\n|inactive|Rowlet Ranger has 90 seconds left.\n|\n|t:|1732959362\n|move|p2a: Dusknoir|Shadow Sneak|p1a: Jolteon\n|-damage|p1a: Jolteon|10/246\n|move|p1a: Jolteon|Substitute|p1a: Jolteon\n|-fail|p1a: Jolteon|move: Substitute|[weak]\n|\n|-heal|p1a: Jolteon|25/246|[from] item: Leftovers\n|upkeep\n|turn|27\n|\n|t:|1732959369\n|switch|p1a: Wigglytuff|Wigglytuff, L96, F|356/424\n|move|p2a: Dusknoir|Shadow Sneak|p1a: Wigglytuff\n|-immune|p1a: Wigglytuff\n|\n|-heal|p1a: Wigglytuff|382/424|[from] item: Leftovers\n|upkeep\n|turn|28\n|\n|t:|1732959377\n|move|p1a: Wigglytuff|Knock Off|p2a: Dusknoir\n|-supereffective|p2a: Dusknoir\n|-damage|p2a: Dusknoir|129/225\n|-enditem|p2a: Dusknoir|Leftovers|[from] move: Knock Off|[of] p1a: Wigglytuff\n|move|p2a: Dusknoir|Pain Split|p1a: Wigglytuff\n|-sethp|p1a: Wigglytuff|255/424|[from] move: Pain Split|[silent]\n|-sethp|p2a: Dusknoir|225/225|[from] move: Pain Split\n|\n|-heal|p1a: Wigglytuff|281/424|[from] item: Leftovers\n|upkeep\n|turn|29\n|\n|t:|1732959389\n|move|p1a: Wigglytuff|Wish|p1a: Wigglytuff\n|move|p2a: Dusknoir|Will-O-Wisp|p1a: Wigglytuff|[miss]\n|-miss|p2a: Dusknoir|p1a: Wigglytuff\n|\n|-heal|p1a: Wigglytuff|307/424|[from] item: Leftovers\n|upkeep\n|turn|30\n|\n|t:|1732959399\n|switch|p1a: Scream Tail|Scream Tail, L84|330/330\n|move|p2a: Dusknoir|Will-O-Wisp|p1a: Scream Tail\n|-status|p1a: Scream Tail|brn\n|\n|-damage|p1a: Scream Tail|310/330 brn|[from] brn\n|upkeep\n|turn|31\n|\n|t:|1732959409\n|move|p1a: Scream Tail|Thunder Wave|p2a: Dusknoir\n|-status|p2a: Dusknoir|par\n|move|p2a: Dusknoir|Poltergeist|p1a: Scream Tail|[miss]\n|-miss|p2a: Dusknoir|p1a: Scream Tail\n|\n|-heal|p1a: Scream Tail|330/330 brn|[from] item: Leftovers\n|-damage|p1a: Scream Tail|310/330 brn|[from] brn\n|upkeep\n|turn|32\n|\n|t:|1732959418\n|-end|p1a: Scream Tail|Protosynthesis|[silent]\n|switch|p1a: Wigglytuff|Wigglytuff, L96, F|307/424\n|move|p2a: Dusknoir|Poltergeist|p1a: Wigglytuff\n|-immune|p1a: Wigglytuff\n|\n|-heal|p1a: Wigglytuff|333/424|[from] item: Leftovers\n|upkeep\n|turn|33\n|inactive|Rowlet Ranger has 120 seconds left.\n|\n|t:|1732959426\n|move|p1a: Wigglytuff|Protect|p1a: Wigglytuff\n|-singleturn|p1a: Wigglytuff|Protect\n|cant|p2a: Dusknoir|par\n|\n|-heal|p1a: Wigglytuff|359/424|[from] item: Leftovers\n|upkeep\n|turn|34\n|\n|t:|1732959432\n|move|p1a: Wigglytuff|Wish|p1a: Wigglytuff\n|move|p2a: Dusknoir|Pain Split|p1a: Wigglytuff\n|-sethp|p1a: Wigglytuff|292/424|[from] move: Pain Split|[silent]\n|-sethp|p2a: Dusknoir|225/225 par|[from] move: Pain Split\n|\n|-heal|p1a: Wigglytuff|318/424|[from] item: Leftovers\n|upkeep\n|turn|35\n|\n|t:|1732959443\n|move|p1a: Wigglytuff|Protect|p1a: Wigglytuff\n|-singleturn|p1a: Wigglytuff|Protect\n|cant|p2a: Dusknoir|par\n|\n|-heal|p1a: Wigglytuff|424/424|[from] move: Wish|[wisher] Wigglytuff\n|upkeep\n|turn|36\n|\n|t:|1732959451\n|move|p1a: Wigglytuff|Wish|p1a: Wigglytuff\n|move|p2a: Dusknoir|Will-O-Wisp|p1a: Wigglytuff\n|-status|p1a: Wigglytuff|brn\n|\n|-damage|p1a: Wigglytuff|398/424 brn|[from] brn\n|upkeep\n|turn|37\n|\n|t:|1732959462\n|switch|p1a: Jolteon|Jolteon, L84, F|25/246\n|cant|p2a: Dusknoir|par\n|\n|-heal|p1a: Jolteon|237/246|[from] move: Wish|[wisher] Wigglytuff\n|-heal|p1a: Jolteon|246/246|[from] item: Leftovers\n|upkeep\n|turn|38\n|\n|t:|1732959469\n|move|p1a: Jolteon|Substitute|p1a: Jolteon\n|-start|p1a: Jolteon|Substitute\n|-damage|p1a: Jolteon|185/246\n|move|p2a: Dusknoir|Poltergeist|p1a: Jolteon\n|-activate|p1a: Jolteon|move: Poltergeist|Leftovers\n|-end|p1a: Jolteon|Substitute\n|\n|-heal|p1a: Jolteon|200/246|[from] item: Leftovers\n|upkeep\n|turn|39\n|\n|t:|1732959478\n|move|p1a: Jolteon|Substitute|p1a: Jolteon\n|-start|p1a: Jolteon|Substitute\n|-damage|p1a: Jolteon|139/246\n|move|p2a: Dusknoir|Will-O-Wisp||[still]\n|-fail|p2a: Dusknoir\n|\n|-heal|p1a: Jolteon|154/246|[from] item: Leftovers\n|upkeep\n|turn|40\n|\n|t:|1732959484\n|move|p2a: Dusknoir|Shadow Sneak|p1a: Jolteon\n|-end|p1a: Jolteon|Substitute\n|move|p1a: Jolteon|Calm Mind|p1a: Jolteon\n|-boost|p1a: Jolteon|spa|1\n|-boost|p1a: Jolteon|spd|1\n|\n|-heal|p1a: Jolteon|169/246|[from] item: Leftovers\n|upkeep\n|turn|41\n|\n|t:|1732959492\n|move|p2a: Dusknoir|Shadow Sneak|p1a: Jolteon\n|-damage|p1a: Jolteon|103/246\n|move|p1a: Jolteon|Substitute|p1a: Jolteon\n|-start|p1a: Jolteon|Substitute\n|-damage|p1a: Jolteon|42/246\n|\n|-heal|p1a: Jolteon|57/246|[from] item: Leftovers\n|upkeep\n|turn|42\n|\n|t:|1732959505\n|move|p2a: Dusknoir|Shadow Sneak|p1a: Jolteon\n|-end|p1a: Jolteon|Substitute\n|move|p1a: Jolteon|Thunderbolt|p2a: Dusknoir\n|-damage|p2a: Dusknoir|119/225 par\n|\n|-heal|p1a: Jolteon|72/246|[from] item: Leftovers\n|upkeep\n|turn|43\n|\n|t:|1732959520\n|move|p2a: Dusknoir|Shadow Sneak|p1a: Jolteon\n|-damage|p1a: Jolteon|2/246\n|move|p1a: Jolteon|Thunderbolt|p2a: Dusknoir\n|-damage|p2a: Dusknoir|14/225 par\n|\n|-heal|p1a: Jolteon|17/246|[from] item: Leftovers\n|upkeep\n|turn|44\n|\n|t:|1732959526\n|switch|p1a: Wigglytuff|Wigglytuff, L96, F|398/424 brn\n|move|p2a: Dusknoir|Shadow Sneak|p1a: Wigglytuff\n|-immune|p1a: Wigglytuff\n|\n|-heal|p1a: Wigglytuff|424/424 brn|[from] item: Leftovers\n|-damage|p1a: Wigglytuff|398/424 brn|[from] brn\n|upkeep\n|turn|45\n|\n|t:|1732959539\n|move|p1a: Wigglytuff|Knock Off|p2a: Dusknoir\n|-supereffective|p2a: Dusknoir\n|-damage|p2a: Dusknoir|0 fnt\n|faint|p2a: Dusknoir\n|\n|-heal|p1a: Wigglytuff|424/424 brn|[from] item: Leftovers\n|-damage|p1a: Wigglytuff|398/424 brn|[from] brn\n|upkeep\n|\n|t:|1732959554\n|switch|p2a: Beartic|Beartic, L91, F|321/321\n|turn|46\n|\n|t:|1732959566\n|move|p2a: Beartic|Snowscape|p2a: Beartic\n|-weather|Snow\n|move|p1a: Wigglytuff|Knock Off|p2a: Beartic\n|-damage|p2a: Beartic|298/321\n|-enditem|p2a: Beartic|Heavy-Duty Boots|[from] move: Knock Off|[of] p1a: Wigglytuff\n|\n|-weather|Snow|[upkeep]\n|-heal|p1a: Wigglytuff|424/424 brn|[from] item: Leftovers\n|-damage|p1a: Wigglytuff|398/424 brn|[from] brn\n|upkeep\n|turn|47\n|\n|t:|1732959579\n|move|p1a: Wigglytuff|Protect|p1a: Wigglytuff\n|-singleturn|p1a: Wigglytuff|Protect\n|move|p2a: Beartic|Swords Dance|p2a: Beartic\n|-boost|p2a: Beartic|atk|2\n|\n|-weather|Snow|[upkeep]\n|-heal|p1a: Wigglytuff|424/424 brn|[from] item: Leftovers\n|-damage|p1a: Wigglytuff|398/424 brn|[from] brn\n|upkeep\n|turn|48\n|\n|t:|1732959591\n|move|p2a: Beartic|Swords Dance|p2a: Beartic\n|-boost|p2a: Beartic|atk|2\n|move|p1a: Wigglytuff|Wish|p1a: Wigglytuff\n|\n|-weather|Snow|[upkeep]\n|-heal|p1a: Wigglytuff|424/424 brn|[from] item: Leftovers\n|-damage|p1a: Wigglytuff|398/424 brn|[from] brn\n|upkeep\n|turn|49\n|\n|t:|1732959598\n|switch|p1a: Scream Tail|Scream Tail, L84|310/330 brn\n|move|p2a: Beartic|Icicle Crash|p1a: Scream Tail|[miss]\n|-miss|p2a: Beartic|p1a: Scream Tail\n|\n|-weather|Snow|[upkeep]\n|-heal|p1a: Scream Tail|330/330 brn|[from] move: Wish|[wisher] Wigglytuff\n|-damage|p1a: Scream Tail|310/330 brn|[from] brn\n|upkeep\n|turn|50\n|\n|t:|1732959608\n|move|p2a: Beartic|Icicle Crash|p1a: Scream Tail\n|-crit|p1a: Scream Tail\n|-damage|p1a: Scream Tail|0 fnt\n|faint|p1a: Scream Tail\n|-end|p1a: Scream Tail|Protosynthesis|[silent]\n|\n|-weather|none\n|upkeep\n|\n|t:|1732959614\n|switch|p1a: Wigglytuff|Wigglytuff, L96, F|398/424 brn\n|turn|51\n|\n|t:|1732959619\n|move|p2a: Beartic|Snowscape|p2a: Beartic\n|-weather|Snow\n|move|p1a: Wigglytuff|Wish|p1a: Wigglytuff\n|\n|-weather|Snow|[upkeep]\n|-heal|p1a: Wigglytuff|424/424 brn|[from] item: Leftovers\n|-damage|p1a: Wigglytuff|398/424 brn|[from] brn\n|upkeep\n|turn|52\n|\n|t:|1732959642\n|-terastallize|p1a: Wigglytuff|Steel\n|move|p2a: Beartic|Icicle Crash|p1a: Wigglytuff\n|-resisted|p1a: Wigglytuff\n|-damage|p1a: Wigglytuff|110/424 brn\n|move|p1a: Wigglytuff|Dazzling Gleam|p2a: Beartic\n|-damage|p2a: Beartic|202/321\n|\n|-weather|Snow|[upkeep]\n|-heal|p1a: Wigglytuff|322/424 brn|[from] move: Wish|[wisher] Wigglytuff\n|-heal|p1a: Wigglytuff|348/424 brn|[from] item: Leftovers\n|-damage|p1a: Wigglytuff|322/424 brn|[from] brn\n|upkeep\n|turn|53\n|\n|t:|1732959662\n|move|p2a: Beartic|Close Combat|p1a: Wigglytuff\n|-supereffective|p1a: Wigglytuff\n|-damage|p1a: Wigglytuff|0 fnt\n|-unboost|p2a: Beartic|def|1\n|-unboost|p2a: Beartic|spd|1\n|faint|p1a: Wigglytuff\n|\n|-weather|Snow|[upkeep]\n|upkeep\n|\n|t:|1732959668\n|switch|p1a: Jolteon|Jolteon, L84, F|17/246\n|turn|54\n|\n|t:|1732959684\n|move|p2a: Beartic|Close Combat|p1a: Jolteon\n|-damage|p1a: Jolteon|0 fnt\n|-unboost|p2a: Beartic|def|1\n|-unboost|p2a: Beartic|spd|1\n|faint|p1a: Jolteon\n|\n|-weather|Snow|[upkeep]\n|upkeep\n|\n|t:|1732959687\n|switch|p1a: Basculegion|Basculegion, L81, M|186/327\n|turn|55\n|\n|t:|1732959694\n|move|p1a: Basculegion|Aqua Jet|p2a: Beartic\n|-damage|p2a: Beartic|120/321\n|move|p2a: Beartic|Icicle Crash|p1a: Basculegion\n|-resisted|p1a: Basculegion\n|-damage|p1a: Basculegion|0 fnt\n|faint|p1a: Basculegion\n|\n|win|Rowlet Ranger\n|raw|r2d2d2r2's rating: 1376 &rarr; <strong>1353</strong><br />(-23 for losing)\n|raw|Rowlet Ranger's rating: 1316 &rarr; <strong>1339</strong><br />(+23 for winning)\n|l|\u2606r2d2d2r2\n|player|p1|\n", "inputlog": ">version b107d77f5c90bd6555267ae244a6264823309ead\n>start {\"formatid\":\"gen9randombattle\",\"seed\":[53677,36725,8098,3871],\"rated\":\"Rated battle\"}\n>player p1 {\"name\":\"r2d2d2r2\",\"avatar\":\"265\",\"rating\":1376,\"seed\":[52000,49052,5248,36190]}\n>player p2 {\"name\":\"Rowlet Ranger\",\"avatar\":\"zinnia\",\"rating\":1316,\"seed\":[51098,1442,39673,47803]}\n>p1 move knockoff\n>p2 move flamecharge\n>p1 move superpower\n>p2 move flamecharge\n>p1 switch 3\n>p1 move shadowball\n>p2 move sunsteelstrike\n>p2 switch 2\n>p1 switch 6\n>p2 move shadowsneak\n>p1 move knockoff\n>p2 switch 6\n>p1 move wish\n>p2 move clearsmog\n>p1 switch 5\n>p2 move recover\n>p1 move icehammer\n>p2 move earthquake\n>p1 move earthquake\n>p2 move recover\n>p1 move icehammer\n>p2 move recover\n>p1 move icehammer\n>p2 move earthquake\n>p2 switch 5\n>p1 switch 2\n>p2 move freezingglare\n>p1 move thunderwave\n>p2 move calmmind\n>p1 move wish\n>p2 move calmmind\n>p1 switch 2\n>p2 move calmmind\n>p1 move icehammer\n>p2 move freezingglare terastallize\n>p1 switch 4\n>p1 move substitute\n>p2 move recover\n>p1 move calmmind\n>p2 move freezingglare\n>p1 move substitute\n>p2 move freezingglare\n>p1 move substitute\n>p2 move freezingglare\n>p1 move substitute\n>p2 move freezingglare\n>p1 move substitute\n>p2 move freezingglare\n>p1 move thunderbolt\n>p2 move freezingglare\n>p1 move thunderbolt\n>p2 move freezingglare\n>p1 move thunderbolt\n>p2 move recover\n>p2 switch 6\n>p1 move substitute\n>p2 move shadowsneak\n>p1 switch 5\n>p2 move shadowsneak\n>p1 move knockoff\n>p2 move painsplit\n>p1 move wish\n>p2 move willowisp\n>p1 switch 2\n>p2 move willowisp\n>p1 move thunderwave\n>p2 move poltergeist\n>p1 switch 2\n>p2 move poltergeist\n>p1 move protect\n>p2 move painsplit\n>p1 move wish\n>p2 move painsplit\n>p1 move protect\n>p2 move poltergeist\n>p1 move wish\n>p2 move willowisp\n>p1 switch 5\n>p2 move poltergeist\n>p1 move substitute\n>p2 move poltergeist\n>p1 move substitute\n>p2 move willowisp\n>p1 move calmmind\n>p2 move shadowsneak\n>p1 move substitute\n>p2 move shadowsneak\n>p1 move thunderbolt\n>p2 move shadowsneak\n>p1 move thunderbolt\n>p2 move shadowsneak\n>p1 switch 5\n>p2 move shadowsneak\n>p1 move knockoff\n>p2 move painsplit\n>p2 switch 4\n>p1 move knockoff\n>p2 move snowscape\n>p1 move protect\n>p2 move swordsdance\n>p1 move wish\n>p2 move swordsdance\n>p1 switch 2\n>p2 move iciclecrash\n>p1 move thunderwave\n>p2 move iciclecrash\n>p1 switch 2\n>p1 move wish\n>p2 move snowscape\n>p1 move dazzlinggleam terastallize\n>p2 move iciclecrash\n>p1 move wish\n>p2 move closecombat\n>p1 switch 5\n>p1 move thunderbolt\n>p2 move closecombat\n>p1 switch 6\n>p1 move aquajet\n>p2 move iciclecrash", "uploadtime": 1732961297, "views": 1, "formatid": "gen9randombattle", "rating": 1339, "private": 0, "password": null}