{"id": "gen9randombattle-2253829465", "format": "[Gen 9] Random Battle", "players": ["123456789ok", "chaosseed1"], "log": "|j|\u2606123456789ok\n|j|\u2606chaosseed1\n|t:|1732944854\n|gametype|singles\n|player|p1|123456789ok|101|1354\n|player|p2|chaosseed1|169|1362\n|teamsize|p1|6\n|teamsize|p2|6\n|gen|9\n|tier|[Gen 9] Random Battle\n|rated|\n|rule|Species Clause: Limit one of each Pok\u00e9mon\n|rule|HP Percentage Mod: HP is shown in percentages\n|rule|Sleep Clause Mod: Limit one foe put to sleep\n|rule|Illusion Level Mod: Illusion disguises the Pok\u00e9mon's true level\n|\n|t:|1732944854\n|start\n|switch|p1a: Noctowl|Noctowl, L95, F|344/344\n|switch|p2a: Oranguru|Oranguru, L92, M|315/315\n|turn|1\n|inactive|Battle timer is ON: inactive players will automatically lose when time's up. (requested by 123456789ok)\n|\n|t:|1732944871\n|move|p1a: Noctowl|Hyper Voice|p2a: Oranguru\n|-damage|p2a: Oranguru|227/315\n|move|p2a: Oranguru|Nasty Plot|p2a: Oranguru\n|-boost|p2a: Oranguru|spa|2\n|\n|-heal|p2a: Oranguru|246/315|[from] item: Leftovers\n|upkeep\n|turn|2\n|\n|t:|1732944878\n|move|p1a: Noctowl|Hurricane|p2a: Oranguru\n|-damage|p2a: Oranguru|140/315\n|-start|p2a: Oranguru|confusion\n|-activate|p2a: Oranguru|confusion\n|move|p2a: Oranguru|Thunderbolt|p1a: Noctowl\n|-supereffective|p1a: Noctowl\n|-damage|p1a: Noctowl|106/344\n|\n|-heal|p2a: Oranguru|159/315|[from] item: Leftovers\n|upkeep\n|turn|3\n|\n|t:|1732944889\n|move|p1a: Noctowl|Roost|p1a: Noctowl\n|-heal|p1a: Noctowl|278/344\n|-singleturn|p1a: Noctowl|move: Roost\n|-activate|p2a: Oranguru|confusion\n|-damage|p2a: Oranguru|142/315|[from] confusion\n|\n|-heal|p2a: Oranguru|161/315|[from] item: Leftovers\n|upkeep\n|turn|4\n|\n|t:|1732944898\n|move|p1a: Noctowl|Hurricane|p2a: Oranguru\n|-damage|p2a: Oranguru|53/315\n|-activate|p2a: Oranguru|confusion\n|-damage|p2a: Oranguru|37/315|[from] confusion\n|\n|-heal|p2a: Oranguru|56/315|[from] item: Leftovers\n|upkeep\n|turn|5\n|\n|t:|1732944908\n|move|p1a: Noctowl|Hyper Voice|p2a: Oranguru\n|-damage|p2a: Oranguru|0 fnt\n|faint|p2a: Oranguru\n|\n|upkeep\n|\n|t:|1732944914\n|switch|p2a: Electivire|Electivire, L84, M|263/263\n|turn|6\n|\n|t:|1732944930\n|switch|p1a: Rhydon|Rhydon, L85, M|317/317\n|move|p2a: Electivire|Bulk Up|p2a: Electivire\n|-boost|p2a: Electivire|atk|1\n|-boost|p2a: Electivire|def|1\n|\n|upkeep\n|turn|7\n|\n|t:|1732944938\n|move|p2a: Electivire|Earthquake|p1a: Rhydon\n|-supereffective|p1a: Rhydon\n|-damage|p1a: Rhydon|153/317\n|-damage|p2a: Electivire|237/263|[from] item: Life Orb\n|move|p1a: Rhydon|Earthquake|p2a: Electivire\n|-supereffective|p2a: Electivire\n|-damage|p2a: Electivire|15/263\n|\n|upkeep\n|turn|8\n|\n|t:|1732944951\n|move|p2a: Electivire|Earthquake|p1a: Rhydon\n|-supereffective|p1a: Rhydon\n|-damage|p1a: Rhydon|0 fnt\n|faint|p1a: Rhydon\n|-damage|p2a: Electivire|0 fnt|[from] item: Life Orb\n|faint|p2a: Electivire\n|\n|upkeep\n|\n|t:|1732944958\n|switch|p2a: Eiscue|Eiscue, L88, M|274/274\n|switch|p1a: Noctowl|Noctowl, L95, F|278/344\n|turn|9\n|\n|t:|1732944967\n|move|p1a: Noctowl|Hyper Voice|p2a: Eiscue\n|-damage|p2a: Eiscue|171/274\n|move|p2a: Eiscue|Belly Drum|p2a: Eiscue\n|-damage|p2a: Eiscue|34/274\n|-setboost|p2a: Eiscue|atk|6|[from] move: Belly Drum\n|-enditem|p2a: Eiscue|Sitrus Berry|[eat]\n|-heal|p2a: Eiscue|102/274|[from] item: Sitrus Berry\n|\n|upkeep\n|turn|10\n|\n|t:|1732944977\n|-terastallize|p1a: Noctowl|Normal\n|move|p1a: Noctowl|Hyper Voice|p2a: Eiscue\n|-damage|p2a: Eiscue|0 fnt\n|faint|p2a: Eiscue\n|\n|upkeep\n|\n|t:|1732944984\n|switch|p2a: Golurk|Golurk, L87|297/297\n|turn|11\n|\n|t:|1732945009\n|move|p1a: Noctowl|Hurricane|p2a: Golurk\n|-crit|p2a: Golurk\n|-damage|p2a: Golurk|81/297\n|move|p2a: Golurk|Dynamic Punch|p1a: Noctowl\n|-supereffective|p1a: Noctowl\n|-damage|p1a: Noctowl|0 fnt\n|faint|p1a: Noctowl\n|\n|upkeep\n|\n|t:|1732945025\n|switch|p1a: Bombirdier|Bombirdier, L85, F|258/258\n|turn|12\n|\n|t:|1732945031\n|move|p1a: Bombirdier|Knock Off|p2a: Golurk\n|-supereffective|p2a: Golurk\n|-damage|p2a: Golurk|0 fnt\n|-enditem|p2a: Golurk|Choice Band|[from] move: Knock Off|[of] p1a: Bombirdier\n|faint|p2a: Golurk\n|\n|upkeep\n|\n|t:|1732945046\n|switch|p2a: Gouging Fire|Gouging Fire, L74|277/277\n|turn|13\n|\n|t:|1732945060\n|move|p1a: Bombirdier|Knock Off|p2a: Gouging Fire\n|-damage|p2a: Gouging Fire|181/277\n|-enditem|p2a: Gouging Fire|Heavy-Duty Boots|[from] move: Knock Off|[of] p1a: Bombirdier\n|move|p2a: Gouging Fire|Dragon Dance|p2a: Gouging Fire\n|-boost|p2a: Gouging Fire|atk|1\n|-boost|p2a: Gouging Fire|spe|1\n|\n|upkeep\n|turn|14\n|\n|t:|1732945075\n|move|p2a: Gouging Fire|Heat Crash|p1a: Bombirdier\n|-damage|p1a: Bombirdier|99/258\n|move|p1a: Bombirdier|Brave Bird|p2a: Gouging Fire\n|-damage|p2a: Gouging Fire|64/277\n|-damage|p1a: Bombirdier|60/258|[from] Recoil\n|\n|upkeep\n|turn|15\n|\n|t:|1732945083\n|move|p1a: Bombirdier|Sucker Punch|p2a: Gouging Fire\n|-damage|p2a: Gouging Fire|0 fnt\n|faint|p2a: Gouging Fire\n|-end|p2a: Gouging Fire|Protosynthesis|[silent]\n|\n|upkeep\n|\n|t:|1732945087\n|switch|p2a: Roaring Moon|Roaring Moon, L72|270/270\n|turn|16\n|\n|t:|1732945094\n|move|p2a: Roaring Moon|Dragon Dance|p2a: Roaring Moon\n|-boost|p2a: Roaring Moon|atk|1\n|-boost|p2a: Roaring Moon|spe|1\n|move|p1a: Bombirdier|Brave Bird|p2a: Roaring Moon\n|-damage|p2a: Roaring Moon|89/270\n|-damage|p1a: Bombirdier|0 fnt|[from] Recoil\n|faint|p1a: Bombirdier\n|\n|upkeep\n|\n|t:|1732945110\n|switch|p1a: Morpeko|Morpeko, L88, F|245/245\n|turn|17\n|\n|t:|1732945121\n|move|p2a: Roaring Moon|Outrage|p1a: Morpeko\n|-damage|p1a: Morpeko|16/245\n|move|p1a: Morpeko|Rapid Spin|p2a: Roaring Moon\n|-damage|p2a: Roaring Moon|33/270\n|-boost|p1a: Morpeko|spe|1\n|\n|-heal|p1a: Morpeko|31/245|[from] item: Leftovers\n|-formechange|p1a: Morpeko|Morpeko-Hangry||[from] ability: Hunger Switch\n|upkeep\n|turn|18\n|\n|t:|1732945133\n|move|p1a: Morpeko|Aura Wheel|p2a: Roaring Moon\n|-resisted|p2a: Roaring Moon\n|-damage|p2a: Roaring Moon|0 fnt\n|-boost|p1a: Morpeko|spe|1\n|faint|p2a: Roaring Moon\n|-end|p2a: Roaring Moon|Protosynthesis|[silent]\n|\n|win|123456789ok\n|raw|123456789ok's rating: 1354 &rarr; <strong>1374</strong><br />(+20 for winning)\n|raw|chaosseed1's rating: 1362 &rarr; <strong>1342</strong><br />(-20 for losing)\n|l|\u2606chaosseed1\n|player|p2|\n", "inputlog": ">version b107d77f5c90bd6555267ae244a6264823309ead\n>start {\"formatid\":\"gen9randombattle\",\"seed\":[23002,63235,1474,15955],\"rated\":\"Rated battle\"}\n>player p1 {\"name\":\"123456789ok\",\"avatar\":\"101\",\"rating\":1354,\"seed\":[54937,33088,52556,50883]}\n>player p2 {\"name\":\"chaosseed1\",\"avatar\":\"169\",\"rating\":1362,\"seed\":[53937,34482,31545,30777]}\n>p1 move hypervoice\n>p2 move nastyplot\n>p1 move hurricane\n>p2 move thunderbolt\n>p1 move roost\n>p2 move thunderbolt\n>p1 move hurricane\n>p2 move thunderbolt\n>p1 move hypervoice\n>p2 move thunderbolt\n>p2 switch 4\n>p1 switch 5\n>p2 move bulkup\n>p1 move earthquake\n>p2 move earthquake\n>p1 move earthquake\n>p2 move earthquake\n>p1 switch 5\n>p2 switch 6\n>p1 move hypervoice\n>p2 move bellydrum\n>p1 move hypervoice terastallize\n>p2 move bellydrum\n>p2 switch 5\n>p1 move hurricane\n>p2 move dynamicpunch\n>p1 switch 3\n>p1 move knockoff\n>p2 move dynamicpunch\n>p2 switch 2\n>p1 move knockoff\n>p2 move dragondance\n>p1 move bravebird\n>p2 move heatcrash\n>p1 move suckerpunch\n>p2 move heatcrash\n>p2 switch 3\n>p1 move bravebird\n>p2 move dragondance\n>p1 switch 2\n>p1 move rapidspin\n>p2 move outrage\n>p1 move aurawheel\n>p2 move outrage", "uploadtime": 1732945142, "views": 2, "formatid": "gen9randombattle", "rating": 1342, "private": 0, "password": null}