{"id": "gen9randombattle-2253958660", "format": "[Gen 9] Random Battle", "players": ["Ehnarchy", "MunchyAxolotls"], "log": "|j|\u2606Ehnarchy\n|j|\u2606MunchyAxolotls\n|t:|1732971456\n|gametype|singles\n|player|p1|Ehnarchy|guitarist|2094\n|player|p2|MunchyAxolotls|lillie-masters2|2147\n|teamsize|p1|6\n|teamsize|p2|6\n|gen|9\n|tier|[Gen 9] Random Battle\n|rated|\n|rule|Species Clause: Limit one of each Pok\u00e9mon\n|rule|HP Percentage Mod: HP is shown in percentages\n|rule|Sleep Clause Mod: Limit one foe put to sleep\n|rule|Illusion Level Mod: Illusion disguises the Pok\u00e9mon's true level\n|\n|t:|1732971456\n|start\n|switch|p1a: Azelf|Azelf, L82|257/257\n|switch|p2a: Arboliva|Arboliva, L91, F|290/290\n|turn|1\n|inactive|Battle timer is ON: inactive players will automatically lose when time's up. (requested by MunchyAxolotls)\n|\n|t:|1732971466\n|move|p1a: Azelf|Fire Blast|p2a: Arboliva|[miss]\n|-miss|p1a: Azelf|p2a: Arboliva\n|move|p2a: Arboliva|Energy Ball|p1a: Azelf\n|-damage|p1a: Azelf|97/257\n|\n|upkeep\n|turn|2\n|\n|t:|1732971473\n|switch|p1a: Noivern|Noivern, L82, F|274/274\n|move|p2a: Arboliva|Energy Ball|p1a: Noivern\n|-resisted|p1a: Noivern\n|-damage|p1a: Noivern|237/274\n|\n|upkeep\n|turn|3\n|\n|t:|1732971482\n|switch|p1a: Azelf|Azelf, L82|97/257\n|switch|p2a: Gothitelle|Gothitelle, L90, M|272/272\n|\n|upkeep\n|turn|4\n|\n|t:|1732971490\n|move|p2a: Gothitelle|Dark Pulse|p1a: Azelf\n|-supereffective|p1a: Azelf\n|-damage|p1a: Azelf|0 fnt\n|faint|p1a: Azelf\n|\n|upkeep\n|\n|t:|1732971493\n|switch|p1a: Cobalion|Cobalion, L80|277/277\n|turn|5\n|\n|t:|1732971498\n|switch|p2a: Salazzle|Salazzle, L83, F|249/249\n|move|p1a: Cobalion|Swords Dance|p1a: Cobalion\n|-boost|p1a: Cobalion|atk|2\n|\n|upkeep\n|turn|6\n|\n|t:|1732971504\n|switch|p1a: Noivern|Noivern, L82, F|237/274\n|move|p2a: Salazzle|Fire Blast|p1a: Noivern\n|-resisted|p1a: Noivern\n|-damage|p1a: Noivern|171/274\n|\n|upkeep\n|turn|7\n|\n|t:|1732971510\n|switch|p2a: Gothitelle|Gothitelle, L90, M|272/272\n|move|p1a: Noivern|Hurricane|p2a: Gothitelle|[miss]\n|-miss|p1a: Noivern|p2a: Gothitelle\n|\n|upkeep\n|turn|8\n|\n|t:|1732971514\n|move|p2a: Gothitelle|Psychic|p1a: Noivern\n|-damage|p1a: Noivern|41/274\n|move|p1a: Noivern|Roost|p1a: Noivern\n|-heal|p1a: Noivern|178/274\n|-singleturn|p1a: Noivern|move: Roost\n|\n|upkeep\n|turn|9\n|\n|t:|1732971522\n|move|p2a: Gothitelle|Psychic|p1a: Noivern\n|-damage|p1a: Noivern|54/274\n|move|p1a: Noivern|Hurricane|p2a: Gothitelle|[miss]\n|-miss|p1a: Noivern|p2a: Gothitelle\n|\n|upkeep\n|turn|10\n|\n|t:|1732971528\n|move|p2a: Gothitelle|Psychic|p1a: Noivern\n|-damage|p1a: Noivern|0 fnt\n|faint|p1a: Noivern\n|\n|upkeep\n|\n|t:|1732971533\n|switch|p1a: Empoleon|Empoleon, L84, F|278/278\n|turn|11\n|\n|t:|1732971539\n|switch|p2a: Torkoal|Torkoal, L88, F|266/266\n|-weather|SunnyDay|[from] ability: Drought|[of] p2a: Torkoal\n|move|p1a: Empoleon|Knock Off|p2a: Torkoal\n|-damage|p2a: Torkoal|223/266\n|-enditem|p2a: Torkoal|Heavy-Duty Boots|[from] move: Knock Off|[of] p1a: Empoleon\n|\n|-weather|SunnyDay|[upkeep]\n|upkeep\n|turn|12\n|\n|t:|1732971552\n|move|p1a: Empoleon|Surf|p2a: Torkoal\n|-supereffective|p2a: Torkoal\n|-damage|p2a: Torkoal|103/266\n|move|p2a: Torkoal|Lava Plume|p1a: Empoleon\n|-damage|p1a: Empoleon|164/278\n|\n|-weather|SunnyDay|[upkeep]\n|-heal|p1a: Empoleon|181/278|[from] item: Leftovers\n|upkeep\n|turn|13\n|\n|t:|1732971561\n|move|p1a: Empoleon|Surf|p2a: Torkoal\n|-supereffective|p2a: Torkoal\n|-damage|p2a: Torkoal|0 fnt\n|faint|p2a: Torkoal\n|\n|-weather|SunnyDay|[upkeep]\n|-heal|p1a: Empoleon|198/278|[from] item: Leftovers\n|upkeep\n|\n|t:|1732971564\n|switch|p2a: Gothitelle|Gothitelle, L90, M|272/272\n|turn|14\n|\n|t:|1732971572\n|move|p2a: Gothitelle|Focus Blast|p1a: Empoleon\n|-supereffective|p1a: Empoleon\n|-damage|p1a: Empoleon|28/278\n|move|p1a: Empoleon|Surf|p2a: Gothitelle\n|-damage|p2a: Gothitelle|229/272\n|\n|-weather|SunnyDay|[upkeep]\n|-heal|p1a: Empoleon|45/278|[from] item: Leftovers\n|upkeep\n|turn|15\n|\n|t:|1732971576\n|move|p2a: Gothitelle|Focus Blast|p1a: Empoleon|[miss]\n|-miss|p2a: Gothitelle|p1a: Empoleon\n|move|p1a: Empoleon|Roost|p1a: Empoleon\n|-heal|p1a: Empoleon|184/278\n|-singleturn|p1a: Empoleon|move: Roost\n|\n|-weather|none\n|-heal|p1a: Empoleon|201/278|[from] item: Leftovers\n|upkeep\n|turn|16\n|\n|t:|1732971578\n|move|p2a: Gothitelle|Focus Blast|p1a: Empoleon\n|-supereffective|p1a: Empoleon\n|-damage|p1a: Empoleon|17/278\n|move|p1a: Empoleon|Roost|p1a: Empoleon\n|-heal|p1a: Empoleon|156/278\n|-singleturn|p1a: Empoleon|move: Roost\n|\n|-heal|p1a: Empoleon|173/278|[from] item: Leftovers\n|upkeep\n|turn|17\n|\n|t:|1732971581\n|move|p2a: Gothitelle|Focus Blast|p1a: Empoleon\n|-supereffective|p1a: Empoleon\n|-damage|p1a: Empoleon|0 fnt\n|faint|p1a: Empoleon\n|\n|upkeep\n|\n|t:|1732971583\n|switch|p1a: Enamorus|Enamorus-Therian, L83, F|259/259\n|turn|18\n|\n|t:|1732971594\n|switch|p2a: Arboliva|Arboliva, L91, F|290/290\n|move|p1a: Enamorus|Agility|p1a: Enamorus\n|-boost|p1a: Enamorus|spe|2\n|\n|upkeep\n|turn|19\n|\n|t:|1732971601\n|move|p1a: Enamorus|Moonblast|p2a: Arboliva\n|-damage|p2a: Arboliva|194/290\n|-fieldstart|move: Grassy Terrain|[from] ability: Seed Sower|[of] p2a: Arboliva\n|move|p2a: Arboliva|Hyper Voice|p1a: Enamorus\n|-damage|p1a: Enamorus|142/259\n|\n|-heal|p2a: Arboliva|212/290|[from] Grassy Terrain\n|-heal|p2a: Arboliva|230/290|[from] item: Leftovers\n|upkeep\n|turn|20\n|\n|t:|1732971609\n|move|p1a: Enamorus|Moonblast|p2a: Arboliva\n|-damage|p2a: Arboliva|136/290\n|move|p2a: Arboliva|Hyper Voice|p1a: Enamorus\n|-damage|p1a: Enamorus|22/259\n|\n|-heal|p2a: Arboliva|154/290|[from] Grassy Terrain\n|-heal|p2a: Arboliva|172/290|[from] item: Leftovers\n|upkeep\n|turn|21\n|\n|t:|1732971614\n|move|p1a: Enamorus|Superpower|p2a: Arboliva\n|-supereffective|p2a: Arboliva\n|-damage|p2a: Arboliva|0 fnt\n|-unboost|p1a: Enamorus|atk|1\n|-unboost|p1a: Enamorus|def|1\n|faint|p2a: Arboliva\n|\n|upkeep\n|\n|t:|1732971621\n|switch|p2a: Gothitelle|Gothitelle, L90, M|229/272\n|turn|22\n|\n|t:|1732971626\n|move|p2a: Gothitelle|Psychic|p1a: Enamorus\n|-damage|p1a: Enamorus|0 fnt\n|faint|p1a: Enamorus\n|\n|-heal|p2a: Gothitelle|246/272|[from] Grassy Terrain\n|upkeep\n|\n|t:|1732971628\n|switch|p1a: Cobalion|Cobalion, L80|277/277\n|turn|23\n|\n|t:|1732971635\n|switch|p2a: Salazzle|Salazzle, L83, F|249/249\n|move|p1a: Cobalion|Iron Head|p2a: Salazzle\n|-resisted|p2a: Salazzle\n|-damage|p2a: Salazzle|201/249\n|\n|-heal|p2a: Salazzle|216/249|[from] Grassy Terrain\n|-fieldend|move: Grassy Terrain\n|upkeep\n|turn|24\n|\n|t:|1732971638\n|switch|p1a: Stonjourner|Stonjourner, L91, F|330/330\n|move|p2a: Salazzle|Fire Blast|p1a: Stonjourner\n|-resisted|p1a: Stonjourner\n|-damage|p1a: Stonjourner|180/330\n|\n|upkeep\n|turn|25\n|\n|t:|1732971650\n|-terastallize|p2a: Salazzle|Grass\n|move|p2a: Salazzle|Tera Blast|p1a: Stonjourner|[anim] Tera Blast Grass\n|-supereffective|p1a: Stonjourner\n|-crit|p1a: Stonjourner\n|-damage|p1a: Stonjourner|0 fnt\n|faint|p1a: Stonjourner\n|\n|upkeep\n|\n|t:|1732971654\n|switch|p1a: Cobalion|Cobalion, L80|277/277\n|turn|26\n|\n|t:|1732971661\n|move|p2a: Salazzle|Fire Blast|p1a: Cobalion\n|-supereffective|p1a: Cobalion\n|-damage|p1a: Cobalion|0 fnt\n|faint|p1a: Cobalion\n|\n|win|MunchyAxolotls\n|raw|Ehnarchy's rating: 2094 &rarr; <strong>2077</strong><br />(-17 for losing)\n|raw|MunchyAxolotls's rating: 2147 &rarr; <strong>2164</strong><br />(+17 for winning)\n|c|\u2606Ehnarchy|wp\n", "inputlog": ">version b107d77f5c90bd6555267ae244a6264823309ead\n>start {\"formatid\":\"gen9randombattle\",\"seed\":[64169,31810,37421,5124],\"rated\":\"Rated battle\"}\n>player p1 {\"name\":\"Ehnarchy\",\"avatar\":\"guitarist\",\"rating\":2094,\"seed\":[21449,37534,59159,7767]}\n>player p2 {\"name\":\"MunchyAxolotls\",\"avatar\":\"lillie-masters2\",\"rating\":2147,\"seed\":[38657,27503,9560,39758]}\n>p1 move fireblast\n>p2 move energyball\n>p1 switch 6\n>p2 move energyball\n>p1 switch 6\n>p2 switch 2\n>p1 move uturn\n>p2 move darkpulse\n>p1 switch 5\n>p1 move swordsdance\n>p2 switch 5\n>p1 switch 6\n>p2 move fireblast\n>p1 move hurricane\n>p2 switch 5\n>p1 move roost\n>p2 move psychic\n>p1 move hurricane\n>p2 move psychic\n>p1 move roost\n>p2 move psychic\n>p1 switch 4\n>p1 move knockoff\n>p2 switch 6\n>p1 move surf\n>p2 move lavaplume\n>p1 move surf\n>p2 move lavaplume\n>p2 switch 6\n>p1 move surf\n>p2 move focusblast\n>p1 move roost\n>p2 move focusblast\n>p1 move roost\n>p2 move focusblast\n>p1 move roost\n>p2 move focusblast\n>p1 switch 2\n>p1 move agility\n>p2 switch 2\n>p1 move moonblast\n>p2 move hypervoice\n>p1 move moonblast\n>p2 move hypervoice\n>p1 move superpower\n>p2 move hypervoice\n>p2 switch 2\n>p1 move moonblast\n>p2 move psychic\n>p1 switch 6\n>p1 move ironhead\n>p2 switch 5\n>p1 switch 3\n>p2 move fireblast\n>p1 move stoneedge\n>p2 move terablast terastallize\n>p1 switch 3\n>p1 move ironhead\n>p2 move fireblast", "uploadtime": 1732971664, "views": 1, "formatid": "gen9randombattle", "rating": 2077, "private": 0, "password": null}