{"id": "gen9randombattle-2254068349", "format": "[Gen 9] Random Battle", "players": ["Dextromorphintime", "chinese powerpoint"], "log": "|j|\u2606Dextromorphintime\n|j|\u2606chinese powerpoint\n|t:|1732987280\n|gametype|singles\n|player|p1|Dextromorphintime|2|1419\n|player|p2|chinese powerpoint|leaguestafff|1449\n|teamsize|p1|6\n|teamsize|p2|6\n|gen|9\n|tier|[Gen 9] Random Battle\n|rated|\n|rule|Species Clause: Limit one of each Pok\u00e9mon\n|rule|HP Percentage Mod: HP is shown in percentages\n|rule|Sleep Clause Mod: Limit one foe put to sleep\n|rule|Illusion Level Mod: Illusion disguises the Pok\u00e9mon's true level\n|\n|t:|1732987280\n|start\n|switch|p1a: Regidrago|Regidrago, L77|435/435\n|switch|p2a: Muk|Muk-Alola, L82, M|306/306\n|turn|1\n|inactive|Battle timer is ON: inactive players will automatically lose when time's up. (requested by chinese powerpoint)\n|\n|t:|1732987305\n|switch|p2a: Primarina|Primarina, L83, F|268/268\n|move|p1a: Regidrago|Dragon Dance|p1a: Regidrago\n|-boost|p1a: Regidrago|atk|1\n|-boost|p1a: Regidrago|spe|1\n|\n|upkeep\n|turn|2\n|\n|t:|1732987321\n|-terastallize|p1a: Regidrago|Steel\n|move|p1a: Regidrago|Tera Blast|p2a: Primarina|[anim] Tera Blast Steel\n|-damage|p2a: Primarina|91/268\n|-damage|p1a: Regidrago|392/435|[from] item: Life Orb\n|move|p2a: Primarina|Moonblast|p1a: Regidrago\n|-resisted|p1a: Regidrago\n|-damage|p1a: Regidrago|302/435\n|\n|-heal|p2a: Primarina|107/268|[from] item: Leftovers\n|upkeep\n|turn|3\n|\n|t:|1732987332\n|move|p1a: Regidrago|Tera Blast|p2a: Primarina|[anim] Tera Blast Steel\n|-damage|p2a: Primarina|0 fnt\n|faint|p2a: Primarina\n|-damage|p1a: Regidrago|259/435|[from] item: Life Orb\n|\n|upkeep\n|\n|t:|1732987348\n|switch|p2a: Volbeat|Volbeat, L90, M|263/263\n|turn|4\n|\n|t:|1732987357\n|move|p2a: Volbeat|Thunder Wave|p1a: Regidrago\n|-status|p1a: Regidrago|par\n|move|p1a: Regidrago|Tera Blast|p2a: Volbeat|[anim] Tera Blast Steel\n|-crit|p2a: Volbeat\n|-damage|p2a: Volbeat|49/263\n|-damage|p1a: Regidrago|216/435 par|[from] item: Life Orb\n|\n|upkeep\n|turn|5\n|\n|t:|1732987367\n|move|p2a: Volbeat|Roost|p2a: Volbeat\n|-heal|p2a: Volbeat|181/263\n|-singleturn|p2a: Volbeat|move: Roost\n|move|p1a: Regidrago|Dragon Dance|p1a: Regidrago\n|-boost|p1a: Regidrago|atk|1\n|-boost|p1a: Regidrago|spe|1\n|\n|upkeep\n|turn|6\n|\n|t:|1732987373\n|move|p2a: Volbeat|Encore|p1a: Regidrago\n|-start|p1a: Regidrago|Encore\n|cant|p1a: Regidrago|par\n|\n|upkeep\n|turn|7\n|\n|t:|1732987387\n|move|p2a: Volbeat|U-turn|p1a: Regidrago\n|-resisted|p1a: Regidrago\n|-damage|p1a: Regidrago|159/435 par\n|\n|t:|1732987390\n|switch|p2a: Flutter Mane|Flutter Mane, L74|203/203|[from] U-turn\n|cant|p1a: Regidrago|par\n|\n|upkeep\n|turn|8\n|\n|t:|1732987400\n|move|p2a: Flutter Mane|Mystical Fire|p1a: Regidrago\n|-supereffective|p1a: Regidrago\n|-damage|p1a: Regidrago|0 fnt\n|faint|p1a: Regidrago\n|\n|upkeep\n|\n|t:|1732987415\n|switch|p1a: Grimmsnarl|Grimmsnarl, L83, M|293/293\n|turn|9\n|\n|t:|1732987437\n|-end|p2a: Flutter Mane|Protosynthesis|[silent]\n|switch|p2a: Muk|Muk-Alola, L82, M|306/306\n|move|p1a: Grimmsnarl|Light Screen|p1a: Grimmsnarl\n|-sidestart|p1: Dextromorphintime|move: Light Screen\n|\n|upkeep\n|turn|10\n|\n|t:|1732987446\n|move|p1a: Grimmsnarl|Reflect|p1a: Grimmsnarl\n|-sidestart|p1: Dextromorphintime|Reflect\n|move|p2a: Muk|Knock Off|p1a: Grimmsnarl\n|-resisted|p1a: Grimmsnarl\n|-damage|p1a: Grimmsnarl|278/293\n|-enditem|p1a: Grimmsnarl|Light Clay|[from] move: Knock Off|[of] p2a: Muk\n|\n|upkeep\n|turn|11\n|\n|t:|1732987451\n|move|p1a: Grimmsnarl|Thunder Wave|p2a: Muk\n|-hint|Since gen 7, Dark is immune to Prankster moves.\n|-immune|p2a: Muk\n|move|p2a: Muk|Poison Jab|p1a: Grimmsnarl\n|-supereffective|p1a: Grimmsnarl\n|-crit|p1a: Grimmsnarl\n|-damage|p1a: Grimmsnarl|0 fnt\n|faint|p1a: Grimmsnarl\n|\n|upkeep\n|\n|t:|1732987463\n|switch|p1a: Cobalion|Cobalion, L80|277/277\n|turn|12\n|\n|t:|1732987485\n|move|p1a: Cobalion|Swords Dance|p1a: Cobalion\n|-boost|p1a: Cobalion|atk|2\n|move|p2a: Muk|Knock Off|p1a: Cobalion\n|-resisted|p1a: Cobalion\n|-damage|p1a: Cobalion|255/277\n|-ability|p1a: Cobalion|Justified|boost\n|-boost|p1a: Cobalion|atk|1\n|-enditem|p1a: Cobalion|Life Orb|[from] move: Knock Off|[of] p2a: Muk\n|\n|upkeep\n|turn|13\n|inactive|chinese powerpoint has 120 seconds left.\n|\n|t:|1732987516\n|switch|p2a: Volbeat|Volbeat, L90, M|181/263\n|move|p1a: Cobalion|Iron Head|p2a: Volbeat\n|-damage|p2a: Volbeat|3/263\n|\n|upkeep\n|turn|14\n|\n|t:|1732987524\n|move|p2a: Volbeat|Thunder Wave|p1a: Cobalion\n|-status|p1a: Cobalion|par\n|move|p1a: Cobalion|Iron Head|p2a: Volbeat\n|-damage|p2a: Volbeat|0 fnt\n|faint|p2a: Volbeat\n|\n|upkeep\n|c|\u2606chinese powerpoint|!dt justified\n|raw|<ul class=\"utilichart\"><li class=\"result\"><span class=\"col namecol\"><a href=\"https://dex.pokemonshowdown.com/abilities/justified\">Justified</a></span> <span class=\"col abilitydesccol\">This Pokemon's Attack is raised by 1 stage after it is damaged by a Dark-type move.</span> </li><li style=\"clear:both\"></li></ul>\n|raw|<font size=\"1\"><font color=\"#686868\">Gen:</font> 5</font>\n\n|\n|t:|1732987554\n|switch|p2a: Morpeko|Morpeko, L88, F|245/245\n|turn|15\n|\n|t:|1732987563\n|move|p2a: Morpeko|Protect|p2a: Morpeko\n|-singleturn|p2a: Morpeko|Protect\n|move|p1a: Cobalion|Close Combat|p2a: Morpeko\n|-activate|p2a: Morpeko|move: Protect\n|\n|-formechange|p2a: Morpeko|Morpeko-Hangry||[from] ability: Hunger Switch\n|upkeep\n|turn|16\n|\n|t:|1732987570\n|move|p2a: Morpeko|Protect|p2a: Morpeko\n|-singleturn|p2a: Morpeko|Protect\n|move|p1a: Cobalion|Close Combat|p2a: Morpeko\n|-activate|p2a: Morpeko|move: Protect\n|\n|-sideend|p1: Dextromorphintime|move: Light Screen\n|-formechange|p2a: Morpeko|Morpeko||[from] ability: Hunger Switch\n|upkeep\n|turn|17\n|inactive|chinese powerpoint has 120 seconds left.\n|\n|t:|1732987577\n|move|p2a: Morpeko|Parting Shot|p1a: Cobalion\n|-unboost|p1a: Cobalion|atk|1\n|-unboost|p1a: Cobalion|spa|1\n|inactive|chinese powerpoint has 120 seconds left.\n|\n|t:|1732987585\n|switch|p2a: Flutter Mane|Flutter Mane, L74|203/203|[from] Parting Shot\n|move|p1a: Cobalion|Close Combat|p2a: Flutter Mane\n|-immune|p2a: Flutter Mane\n|\n|-sideend|p1: Dextromorphintime|Reflect\n|upkeep\n|turn|18\n|inactive|chinese powerpoint has 120 seconds left.\n|\n|t:|1732987598\n|-terastallize|p2a: Flutter Mane|Fire\n|move|p2a: Flutter Mane|Mystical Fire|p1a: Cobalion\n|-supereffective|p1a: Cobalion\n|-damage|p1a: Cobalion|0 fnt\n|faint|p1a: Cobalion\n|\n|upkeep\n|\n|t:|1732987608\n|switch|p1a: Ting-Lu|Ting-Lu, L78|370/370\n|-ability|p1a: Ting-Lu|Vessel of Ruin\n|turn|19\n|inactive|chinese powerpoint has 120 seconds left.\n|\n|t:|1732987633\n|-end|p2a: Flutter Mane|Protosynthesis|[silent]\n|switch|p2a: Iron Treads|Iron Treads, L77|265/265\n|move|p1a: Ting-Lu|Earthquake|p2a: Iron Treads\n|-supereffective|p2a: Iron Treads\n|-damage|p2a: Iron Treads|101/265\n|\n|-heal|p2a: Iron Treads|117/265|[from] item: Leftovers\n|upkeep\n|turn|20\n|\n|t:|1732987646\n|switch|p1a: Vileplume|Vileplume, L86, M|269/269\n|move|p2a: Iron Treads|Knock Off|p1a: Vileplume\n|-damage|p1a: Vileplume|208/269\n|-enditem|p1a: Vileplume|Leftovers|[from] move: Knock Off|[of] p2a: Iron Treads\n|\n|-heal|p2a: Iron Treads|133/265|[from] item: Leftovers\n|upkeep\n|turn|21\n|inactive|chinese powerpoint has 120 seconds left.\n|\n|t:|1732987668\n|-end|p2a: Iron Treads|Quark Drive|[silent]\n|switch|p2a: Morpeko|Morpeko, L88, F|245/245\n|move|p1a: Vileplume|Leech Seed|p2a: Morpeko\n|-start|p2a: Morpeko|move: Leech Seed\n|\n|-damage|p2a: Morpeko|215/245|[from] Leech Seed|[of] p1a: Vileplume\n|-heal|p1a: Vileplume|238/269|[silent]\n|-formechange|p2a: Morpeko|Morpeko-Hangry||[from] ability: Hunger Switch\n|upkeep\n|turn|22\n|\n|t:|1732987679\n|move|p2a: Morpeko|Parting Shot|p1a: Vileplume\n|-unboost|p1a: Vileplume|atk|1\n|-unboost|p1a: Vileplume|spa|1\n|\n|t:|1732987684\n|switch|p2a: Iron Treads|Iron Treads, L77|133/265|[from] Parting Shot\n|move|p1a: Vileplume|Strength Sap|p2a: Iron Treads\n|-unboost|p2a: Iron Treads|atk|1\n|-heal|p1a: Vileplume|269/269\n|\n|-heal|p2a: Iron Treads|149/265|[from] item: Leftovers\n|upkeep\n|turn|23\n|inactive|chinese powerpoint has 120 seconds left.\n|\n|t:|1732987695\n|move|p2a: Iron Treads|Stealth Rock|p1a: Vileplume\n|-sidestart|p1: Dextromorphintime|move: Stealth Rock\n|move|p1a: Vileplume|Leech Seed|p2a: Iron Treads|[miss]\n|-miss|p1a: Vileplume|p2a: Iron Treads\n|\n|-heal|p2a: Iron Treads|165/265|[from] item: Leftovers\n|upkeep\n|turn|24\n|inactive|chinese powerpoint has 120 seconds left.\n|\n|t:|1732987727\n|-end|p2a: Iron Treads|Quark Drive|[silent]\n|switch|p2a: Morpeko|Morpeko, L88, F|215/245\n|move|p1a: Vileplume|Leech Seed|p2a: Morpeko\n|-start|p2a: Morpeko|move: Leech Seed\n|\n|-damage|p2a: Morpeko|185/245|[from] Leech Seed|[of] p1a: Vileplume\n|-formechange|p2a: Morpeko|Morpeko-Hangry||[from] ability: Hunger Switch\n|upkeep\n|turn|25\n|\n|t:|1732987736\n|move|p2a: Morpeko|Parting Shot|p1a: Vileplume\n|-unboost|p1a: Vileplume|atk|1\n|-unboost|p1a: Vileplume|spa|1\n|\n|t:|1732987740\n|switch|p2a: Flutter Mane|Flutter Mane, L74, tera:Fire|203/203|[from] Parting Shot\n|move|p1a: Vileplume|Giga Drain|p2a: Flutter Mane\n|-resisted|p2a: Flutter Mane\n|-damage|p2a: Flutter Mane|185/203\n|\n|upkeep\n|turn|26\n|inactive|chinese powerpoint has 120 seconds left.\n|\n|t:|1732987750\n|move|p2a: Flutter Mane|Moonblast|p1a: Vileplume\n|-resisted|p1a: Vileplume\n|-damage|p1a: Vileplume|200/269\n|move|p1a: Vileplume|Leech Seed|p2a: Flutter Mane\n|-start|p2a: Flutter Mane|move: Leech Seed\n|\n|-damage|p2a: Flutter Mane|160/203|[from] Leech Seed|[of] p1a: Vileplume\n|-heal|p1a: Vileplume|225/269|[silent]\n|upkeep\n|turn|27\n|inactive|chinese powerpoint has 120 seconds left.\n|\n|t:|1732987758\n|-end|p2a: Flutter Mane|Protosynthesis|[silent]\n|switch|p2a: Morpeko|Morpeko, L88, F|185/245\n|move|p1a: Vileplume|Sludge Bomb|p2a: Morpeko\n|-damage|p2a: Morpeko|116/245\n|\n|-formechange|p2a: Morpeko|Morpeko-Hangry||[from] ability: Hunger Switch\n|upkeep\n|turn|28\n|inactive|chinese powerpoint has 120 seconds left.\n|\n|t:|1732987772\n|move|p2a: Morpeko|Aura Wheel|p1a: Vileplume\n|-damage|p1a: Vileplume|105/269\n|-boost|p2a: Morpeko|spe|1\n|move|p1a: Vileplume|Sludge Bomb|p2a: Morpeko\n|-damage|p2a: Morpeko|49/245\n|\n|-formechange|p2a: Morpeko|Morpeko||[from] ability: Hunger Switch\n|upkeep\n|turn|29\n|inactive|chinese powerpoint has 120 seconds left.\n|\n|t:|1732987788\n|move|p2a: Morpeko|Protect|p2a: Morpeko\n|-singleturn|p2a: Morpeko|Protect\n|move|p1a: Vileplume|Sludge Bomb|p2a: Morpeko\n|-activate|p2a: Morpeko|move: Protect\n|\n|-formechange|p2a: Morpeko|Morpeko-Hangry||[from] ability: Hunger Switch\n|upkeep\n|turn|30\n|inactive|chinese powerpoint has 120 seconds left.\n|\n|t:|1732987798\n|move|p2a: Morpeko|Aura Wheel|p1a: Vileplume\n|-crit|p1a: Vileplume\n|-damage|p1a: Vileplume|0 fnt\n|-boost|p2a: Morpeko|spe|1\n|faint|p1a: Vileplume\n|\n|-formechange|p2a: Morpeko|Morpeko||[from] ability: Hunger Switch\n|upkeep\n|\n|t:|1732987805\n|switch|p1a: Ting-Lu|Ting-Lu, L78|370/370\n|-damage|p1a: Ting-Lu|347/370|[from] Stealth Rock\n|-ability|p1a: Ting-Lu|Vessel of Ruin\n|turn|31\n|\n|t:|1732987820\n|move|p2a: Morpeko|Protect|p2a: Morpeko\n|-singleturn|p2a: Morpeko|Protect\n|move|p1a: Ting-Lu|Stealth Rock|p2a: Morpeko\n|-sidestart|p2: chinese powerpoint|move: Stealth Rock\n|\n|-heal|p1a: Ting-Lu|370/370|[from] item: Leftovers\n|-formechange|p2a: Morpeko|Morpeko-Hangry||[from] ability: Hunger Switch\n|upkeep\n|turn|32\n|inactive|chinese powerpoint has 120 seconds left.\n|\n|t:|1732987842\n|move|p2a: Morpeko|Parting Shot|p1a: Ting-Lu\n|-unboost|p1a: Ting-Lu|atk|1\n|-unboost|p1a: Ting-Lu|spa|1\n|\n|t:|1732987846\n|switch|p2a: Muk|Muk-Alola, L82, M|306/306|[from] Parting Shot\n|-damage|p2a: Muk|268/306|[from] Stealth Rock\n|move|p1a: Ting-Lu|Earthquake|p2a: Muk\n|-supereffective|p2a: Muk\n|-damage|p2a: Muk|122/306\n|\n|upkeep\n|turn|33\n|inactive|chinese powerpoint has 120 seconds left.\n|\n|t:|1732987869\n|move|p2a: Muk|Drain Punch|p1a: Ting-Lu\n|-supereffective|p1a: Ting-Lu\n|-damage|p1a: Ting-Lu|284/370\n|-heal|p2a: Muk|165/306|[from] drain|[of] p1a: Ting-Lu\n|move|p1a: Ting-Lu|Earthquake|p2a: Muk\n|-supereffective|p2a: Muk\n|-damage|p2a: Muk|19/306\n|\n|-heal|p1a: Ting-Lu|307/370|[from] item: Leftovers\n|upkeep\n|turn|34\n|\n|t:|1732987878\n|move|p2a: Muk|Knock Off|p1a: Ting-Lu\n|-resisted|p1a: Ting-Lu\n|-damage|p1a: Ting-Lu|261/370\n|-status|p1a: Ting-Lu|psn|[from] ability: Poison Touch|[of] p2a: Muk\n|-enditem|p1a: Ting-Lu|Leftovers|[from] move: Knock Off|[of] p2a: Muk\n|move|p1a: Ting-Lu|Earthquake|p2a: Muk\n|-supereffective|p2a: Muk\n|-damage|p2a: Muk|0 fnt\n|faint|p2a: Muk\n|\n|-damage|p1a: Ting-Lu|215/370 psn|[from] psn\n|upkeep\n|\n|t:|1732987889\n|switch|p2a: Flutter Mane|Flutter Mane, L74, tera:Fire|160/203\n|-damage|p2a: Flutter Mane|110/203|[from] Stealth Rock\n|turn|35\n|\n|t:|1732987893\n|move|p2a: Flutter Mane|Moonblast|p1a: Ting-Lu\n|-supereffective|p1a: Ting-Lu\n|-damage|p1a: Ting-Lu|0 fnt\n|faint|p1a: Ting-Lu\n|\n|upkeep\n|\n|t:|1732987897\n|switch|p1a: Cresselia|Cresselia, L80, F|323/323\n|-damage|p1a: Cresselia|283/323|[from] Stealth Rock\n|turn|36\n|\n|t:|1732987907\n|-end|p2a: Flutter Mane|Protosynthesis|[silent]\n|switch|p2a: Iron Treads|Iron Treads, L77|165/265\n|-damage|p2a: Iron Treads|157/265|[from] Stealth Rock\n|move|p1a: Cresselia|Calm Mind|p1a: Cresselia\n|-boost|p1a: Cresselia|spa|1\n|-boost|p1a: Cresselia|spd|1\n|\n|-heal|p2a: Iron Treads|173/265|[from] item: Leftovers\n|-heal|p1a: Cresselia|303/323|[from] item: Leftovers\n|upkeep\n|turn|37\n|\n|t:|1732987918\n|move|p2a: Iron Treads|Iron Head|p1a: Cresselia\n|-damage|p1a: Cresselia|233/323\n|move|p1a: Cresselia|Calm Mind|p1a: Cresselia\n|-boost|p1a: Cresselia|spa|1\n|-boost|p1a: Cresselia|spd|1\n|\n|-heal|p2a: Iron Treads|189/265|[from] item: Leftovers\n|-heal|p1a: Cresselia|253/323|[from] item: Leftovers\n|upkeep\n|turn|38\n|\n|t:|1732987927\n|move|p2a: Iron Treads|Knock Off|p1a: Cresselia\n|-supereffective|p1a: Cresselia\n|-damage|p1a: Cresselia|149/323\n|-enditem|p1a: Cresselia|Leftovers|[from] move: Knock Off|[of] p2a: Iron Treads\n|move|p1a: Cresselia|Psyshock|p2a: Iron Treads\n|-resisted|p2a: Iron Treads\n|-damage|p2a: Iron Treads|134/265\n|\n|-heal|p2a: Iron Treads|150/265|[from] item: Leftovers\n|upkeep\n|turn|39\n|-message|Dextromorphintime forfeited.\n|\n|win|chinese powerpoint\n|raw|Dextromorphintime's rating: 1419 &rarr; <strong>1401</strong><br />(-18 for losing)\n|raw|chinese powerpoint's rating: 1449 &rarr; <strong>1467</strong><br />(+18 for winning)\n|l|\u2606Dextromorphintime\n|player|p1|\n", "inputlog": ">version b107d77f5c90bd6555267ae244a6264823309ead\n>start {\"formatid\":\"gen9randombattle\",\"seed\":[4552,531,13154,55350],\"rated\":\"Rated battle\"}\n>player p1 {\"name\":\"Dextromorphintime\",\"avatar\":\"2\",\"rating\":1419,\"seed\":[41557,49075,28605,794]}\n>player p2 {\"name\":\"chinese powerpoint\",\"avatar\":\"leaguestafff\",\"rating\":1449,\"seed\":[49078,31307,19486,24457]}\n>p1 move dragondance\n>p2 switch 6\n>p1 move terablast terastallize\n>p2 move moonblast\n>p1 move terablast\n>p2 move psychicnoise\n>p2 switch 5\n>p1 move terablast\n>p2 move thunderwave\n>p1 move dragondance\n>p2 move roost\n>p1 move dragondance\n>p2 move encore\n>p1 move dragondance\n>p2 move uturn\n>p2 switch 2\n>p1 move dragondance\n>p2 move mysticalfire\n>p1 switch 2\n>p1 move lightscreen\n>p2 switch 6\n>p1 move reflect\n>p2 move knockoff\n>p1 move thunderwave\n>p2 move poisonjab\n>p1 switch 5\n>p1 move swordsdance\n>p2 move knockoff\n>p1 move ironhead\n>p2 switch 2\n>p1 move ironhead\n>p2 move thunderwave\n>chat \u2606chinese powerpoint|!dt justified\n>p2 switch 3\n>p1 move closecombat\n>p2 move protect\n>p1 move closecombat\n>p2 move protect\n>p1 move closecombat\n>p2 move partingshot\n>p2 switch 6\n>p1 move ironhead\n>p2 move mysticalfire terastallize\n>p1 switch 3\n>p1 move earthquake\n>p2 switch 4\n>p1 switch 4\n>p2 move knockoff\n>p1 move leechseed\n>p2 switch 6\n>p1 move strengthsap\n>p2 move partingshot\n>p2 switch 6\n>p1 move leechseed\n>p2 move stealthrock\n>p1 move leechseed\n>p2 switch 6\n>p1 move gigadrain\n>p2 move partingshot\n>p2 switch 4\n>p1 move leechseed\n>p2 move moonblast\n>p1 move sludgebomb\n>p2 switch 4\n>p1 move sludgebomb\n>p2 move aurawheel\n>p1 move sludgebomb\n>p2 move protect\n>p1 move sludgebomb\n>p2 move aurawheel\n>p1 switch 4\n>p1 move stealthrock\n>p2 move protect\n>p1 move earthquake\n>p2 move partingshot\n>p2 switch 2\n>p1 move earthquake\n>p2 move drainpunch\n>p1 move earthquake\n>p2 move knockoff\n>p2 switch 4\n>p1 move earthquake\n>p2 move moonblast\n>p1 switch 6\n>p1 move calmmind\n>p2 switch 6\n>p1 move calmmind\n>p2 move ironhead\n>p1 move psyshock\n>p2 move knockoff\n>forcelose p1", "uploadtime": 1732987939, "views": 2, "formatid": "gen9randombattle", "rating": 1401, "private": 0, "password": null}