{"id": "gen9randombattle-2254101829", "format": "[Gen 9] Random Battle", "players": ["WDinATX", "create tyrant"], "log": "|j|\u2606WDinATX\n|j|\u2606create tyrant\n|t:|1732991468\n|gametype|singles\n|player|p1|WDinATX|2|1240\n|player|p2|create tyrant|psychicf-gen4|1216\n|teamsize|p1|6\n|teamsize|p2|6\n|gen|9\n|tier|[Gen 9] Random Battle\n|rated|\n|rule|Species Clause: Limit one of each Pok\u00e9mon\n|rule|HP Percentage Mod: HP is shown in percentages\n|rule|Sleep Clause Mod: Limit one foe put to sleep\n|rule|Illusion Level Mod: Illusion disguises the Pok\u00e9mon's true level\n|\n|t:|1732991468\n|start\n|switch|p1a: Whimsicott|Whimsicott, L85, F|241/241\n|switch|p2a: Noivern|Noivern, L82, F|274/274\n|turn|1\n|inactive|Battle timer is ON: inactive players will automatically lose when time's up. (requested by WDinATX)\n|\n|t:|1732991479\n|move|p1a: Whimsicott|Substitute|p1a: Whimsicott\n|-start|p1a: Whimsicott|Substitute\n|-damage|p1a: Whimsicott|181/241\n|move|p2a: Noivern|U-turn|p1a: Whimsicott\n|-damage|p1a: Whimsicott|145/241\n|\n|t:|1732991500\n|switch|p2a: Reuniclus|Reuniclus, L88, M|337/337|[from] U-turn\n|\n|-heal|p1a: Whimsicott|160/241|[from] item: Leftovers\n|upkeep\n|turn|2\n|\n|t:|1732991505\n|move|p1a: Whimsicott|Leech Seed|p2a: Reuniclus\n|-start|p2a: Reuniclus|move: Leech Seed\n|move|p2a: Reuniclus|Calm Mind|p2a: Reuniclus\n|-boost|p2a: Reuniclus|spa|1\n|-boost|p2a: Reuniclus|spd|1\n|\n|-heal|p1a: Whimsicott|175/241|[from] item: Leftovers\n|upkeep\n|turn|3\n|\n|t:|1732991515\n|move|p1a: Whimsicott|Moonblast|p2a: Reuniclus\n|-damage|p2a: Reuniclus|282/337\n|move|p2a: Reuniclus|Calm Mind|p2a: Reuniclus\n|-boost|p2a: Reuniclus|spa|1\n|-boost|p2a: Reuniclus|spd|1\n|\n|-heal|p1a: Whimsicott|190/241|[from] item: Leftovers\n|upkeep\n|turn|4\n|\n|t:|1732991530\n|move|p1a: Whimsicott|Moonblast|p2a: Reuniclus\n|-damage|p2a: Reuniclus|239/337\n|-unboost|p2a: Reuniclus|spa|1\n|move|p2a: Reuniclus|Psyshock|p1a: Whimsicott\n|-end|p1a: Whimsicott|Substitute\n|\n|-heal|p1a: Whimsicott|205/241|[from] item: Leftovers\n|upkeep\n|turn|5\n|\n|t:|1732991540\n|move|p1a: Whimsicott|Substitute|p1a: Whimsicott\n|-start|p1a: Whimsicott|Substitute\n|-damage|p1a: Whimsicott|145/241\n|move|p2a: Reuniclus|Psyshock|p1a: Whimsicott\n|-end|p1a: Whimsicott|Substitute\n|\n|-heal|p1a: Whimsicott|160/241|[from] item: Leftovers\n|upkeep\n|turn|6\n|\n|t:|1732991559\n|switch|p1a: Zangoose|Zangoose, L85, M|263/263\n|move|p2a: Reuniclus|Calm Mind|p2a: Reuniclus\n|-boost|p2a: Reuniclus|spa|1\n|-boost|p2a: Reuniclus|spd|1\n|\n|-status|p1a: Zangoose|tox|[from] item: Toxic Orb\n|upkeep\n|turn|7\n|\n|t:|1732991573\n|move|p1a: Zangoose|Knock Off|p2a: Reuniclus\n|-supereffective|p2a: Reuniclus\n|-damage|p2a: Reuniclus|0 fnt\n|-enditem|p2a: Reuniclus|Life Orb|[from] move: Knock Off|[of] p1a: Zangoose\n|faint|p2a: Reuniclus\n|\n|-damage|p1a: Zangoose|247/263 tox|[from] psn\n|upkeep\n|\n|t:|1732991585\n|switch|p2a: Noivern|Noivern, L82, F|274/274\n|turn|8\n|\n|t:|1732991594\n|move|p1a: Zangoose|Quick Attack|p2a: Noivern\n|-damage|p2a: Noivern|195/274\n|move|p2a: Noivern|Draco Meteor|p1a: Zangoose|[miss]\n|-miss|p2a: Noivern|p1a: Zangoose\n|\n|-damage|p1a: Zangoose|215/263 tox|[from] psn\n|upkeep\n|turn|9\n|\n|t:|1732991603\n|switch|p1a: Whimsicott|Whimsicott, L85, F|160/241\n|move|p2a: Noivern|Draco Meteor|p1a: Whimsicott\n|-immune|p1a: Whimsicott\n|\n|-heal|p1a: Whimsicott|175/241|[from] item: Leftovers\n|upkeep\n|turn|10\n|\n|t:|1732991625\n|switch|p2a: Armarouge|Armarouge, L80, M|267/267\n|move|p1a: Whimsicott|Substitute|p1a: Whimsicott\n|-start|p1a: Whimsicott|Substitute\n|-damage|p1a: Whimsicott|115/241\n|\n|-heal|p1a: Whimsicott|130/241|[from] item: Leftovers\n|upkeep\n|turn|11\n|\n|t:|1732991631\n|move|p1a: Whimsicott|Leech Seed|p2a: Armarouge\n|-start|p2a: Armarouge|move: Leech Seed\n|move|p2a: Armarouge|Psyshock|p1a: Whimsicott\n|-end|p1a: Whimsicott|Substitute\n|\n|-heal|p1a: Whimsicott|145/241|[from] item: Leftovers\n|-damage|p2a: Armarouge|234/267|[from] Leech Seed|[of] p1a: Whimsicott\n|-heal|p1a: Whimsicott|178/241|[silent]\n|upkeep\n|turn|12\n|\n|t:|1732991645\n|move|p1a: Whimsicott|Substitute|p1a: Whimsicott\n|-start|p1a: Whimsicott|Substitute\n|-damage|p1a: Whimsicott|118/241\n|move|p2a: Armarouge|Armor Cannon|p1a: Whimsicott\n|-supereffective|p1a: Whimsicott\n|-end|p1a: Whimsicott|Substitute\n|-unboost|p2a: Armarouge|def|1\n|-unboost|p2a: Armarouge|spd|1\n|\n|-heal|p1a: Whimsicott|133/241|[from] item: Leftovers\n|-damage|p2a: Armarouge|201/267|[from] Leech Seed|[of] p1a: Whimsicott\n|-heal|p1a: Whimsicott|166/241|[silent]\n|upkeep\n|turn|13\n|\n|t:|1732991657\n|switch|p1a: Azumarill|Azumarill, L82, F|298/298\n|move|p2a: Armarouge|Armor Cannon|p1a: Azumarill\n|-resisted|p1a: Azumarill\n|-damage|p1a: Azumarill|224/298\n|-unboost|p2a: Armarouge|def|1\n|-unboost|p2a: Armarouge|spd|1\n|\n|-damage|p2a: Armarouge|168/267|[from] Leech Seed|[of] p1a: Azumarill\n|-heal|p1a: Azumarill|257/298|[silent]\n|upkeep\n|turn|14\n|\n|t:|1732991670\n|switch|p2a: Tauros|Tauros-Paldea-Aqua, L81, M|252/252\n|move|p1a: Azumarill|Aqua Jet|p2a: Tauros\n|-resisted|p2a: Tauros\n|-damage|p2a: Tauros|219/252\n|\n|upkeep\n|turn|15\n|\n|t:|1732991680\n|switch|p1a: Salamence|Salamence, L77, F|273/273\n|-ability|p1a: Salamence|Intimidate|boost\n|-unboost|p2a: Tauros|atk|1\n|move|p2a: Tauros|Bulk Up|p2a: Tauros\n|-boost|p2a: Tauros|atk|1\n|-boost|p2a: Tauros|def|1\n|\n|upkeep\n|turn|16\n|\n|t:|1732991693\n|move|p2a: Tauros|Close Combat|p1a: Salamence\n|-resisted|p1a: Salamence\n|-damage|p1a: Salamence|194/273\n|-unboost|p2a: Tauros|def|1\n|-unboost|p2a: Tauros|spd|1\n|move|p1a: Salamence|Dragon Dance|p1a: Salamence\n|-boost|p1a: Salamence|atk|1\n|-boost|p1a: Salamence|spe|1\n|\n|upkeep\n|turn|17\n|\n|t:|1732991704\n|move|p1a: Salamence|Dual Wingbeat|p2a: Tauros\n|-supereffective|p2a: Tauros\n|-damage|p2a: Tauros|103/252\n|-enditem|p2a: Tauros|Sitrus Berry|[eat]\n|-heal|p2a: Tauros|166/252|[from] item: Sitrus Berry\n|-supereffective|p2a: Tauros\n|-damage|p2a: Tauros|46/252\n|-hitcount|p2a: Tauros|2\n|move|p2a: Tauros|Close Combat|p1a: Salamence\n|-resisted|p1a: Salamence\n|-damage|p1a: Salamence|116/273\n|-unboost|p2a: Tauros|def|1\n|-unboost|p2a: Tauros|spd|1\n|\n|upkeep\n|turn|18\n|\n|t:|1732991723\n|move|p1a: Salamence|Dual Wingbeat|p2a: Tauros\n|-supereffective|p2a: Tauros\n|-damage|p2a: Tauros|0 fnt\n|faint|p2a: Tauros\n|-hitcount|p2: Tauros|1\n|\n|upkeep\n|\n|t:|1732991735\n|switch|p2a: Roaring Moon|Roaring Moon, L72|270/270\n|-enditem|p2a: Roaring Moon|Booster Energy\n|-activate|p2a: Roaring Moon|ability: Protosynthesis|[fromitem]\n|-start|p2a: Roaring Moon|protosynthesisatk\n|turn|19\n|inactive|create tyrant has 120 seconds left.\n|\n|t:|1732991756\n|-terastallize|p2a: Roaring Moon|Flying\n|move|p1a: Salamence|Outrage|p2a: Roaring Moon\n|-damage|p2a: Roaring Moon|0 fnt\n|faint|p2a: Roaring Moon\n|-end|p2a: Roaring Moon|Protosynthesis|[silent]\n|\n|upkeep\n|inactive|create tyrant has 120 seconds left.\n|\n|t:|1732991764\n|switch|p2a: Kyogre|Kyogre, L71|259/259\n|-weather|RainDance|[from] ability: Drizzle|[of] p2a: Kyogre\n|turn|20\n|\n|t:|1732991771\n|move|p1a: Salamence|Outrage|p2a: Kyogre|[from]lockedmove\n|-damage|p2a: Kyogre|27/259\n|move|p2a: Kyogre|Water Spout|p1a: Salamence\n|-resisted|p1a: Salamence\n|-damage|p1a: Salamence|102/273\n|\n|-weather|RainDance|[upkeep]\n|upkeep\n|turn|21\n|\n|t:|1732991776\n|switch|p2a: Noivern|Noivern, L82, F|195/274\n|move|p1a: Salamence|Outrage|p2a: Noivern|[from]lockedmove\n|-supereffective|p2a: Noivern\n|-damage|p2a: Noivern|0 fnt\n|faint|p2a: Noivern\n|-start|p1a: Salamence|confusion|[fatigue]\n|\n|-weather|RainDance|[upkeep]\n|upkeep\n|\n|t:|1732991782\n|switch|p2a: Kyogre|Kyogre, L71|27/259\n|turn|22\n|\n|t:|1732991790\n|switch|p1a: Azumarill|Azumarill, L82, F|257/298\n|move|p2a: Kyogre|Origin Pulse|p1a: Azumarill\n|-resisted|p1a: Azumarill\n|-damage|p1a: Azumarill|159/298\n|\n|-weather|RainDance|[upkeep]\n|upkeep\n|turn|23\n|-message|create tyrant forfeited.\n|\n|win|WDinATX\n|raw|WDinATX's rating: 1240 &rarr; <strong>1263</strong><br />(+23 for winning)\n|raw|create tyrant's rating: 1216 &rarr; <strong>1193</strong><br />(-23 for losing)\n|l|\u2606create tyrant\n|player|p2|\n", "inputlog": ">version b107d77f5c90bd6555267ae244a6264823309ead\n>start {\"formatid\":\"gen9randombattle\",\"seed\":[20604,59041,15522,15124],\"rated\":\"Rated battle\"}\n>player p1 {\"name\":\"WDinATX\",\"avatar\":\"2\",\"rating\":1240,\"seed\":[47293,41142,28766,63366]}\n>player p2 {\"name\":\"create tyrant\",\"avatar\":\"psychicf-gen4\",\"rating\":1216,\"seed\":[21,345,57886,23766]}\n>p1 move substitute\n>p2 move uturn\n>p2 switch 6\n>p1 move leechseed\n>p2 move calmmind\n>p1 move moonblast\n>p2 move calmmind\n>p1 move moonblast\n>p2 move psyshock\n>p1 move substitute\n>p2 move psyshock\n>p1 switch 4\n>p2 move calmmind\n>p1 move knockoff\n>p2 move psyshock\n>p2 switch 6\n>p1 move quickattack\n>p2 move dracometeor\n>p1 switch 4\n>p2 move dracometeor\n>p1 move substitute\n>p2 switch 5\n>p1 move leechseed\n>p2 move psyshock\n>p1 move substitute\n>p2 move armorcannon\n>p1 switch 2\n>p2 move armorcannon\n>p1 move aquajet\n>p2 switch 4\n>p1 switch 6\n>p2 move bulkup\n>p1 move dragondance\n>p2 move closecombat\n>p1 move dualwingbeat\n>p2 move closecombat\n>p1 move dualwingbeat\n>p2 move closecombat\n>p2 switch 3\n>p1 move outrage\n>p2 move acrobatics terastallize\n>p2 switch 2\n>p1 move outrage\n>p2 move waterspout\n>p1 move outrage\n>p2 switch 5\n>p2 switch 5\n>p1 switch 6\n>p2 move originpulse\n>forcelose p2", "uploadtime": 1732991810, "views": 9, "formatid": "gen9randombattle", "rating": 1193, "private": 0, "password": null}