{"id": "gen9randombattle-2254065084", "format": "[Gen 9] Random Battle", "players": ["BigRasping", "BZJ HCX"], "log": "|j|\u2606BigRasping\n|j|\u2606BZJ HCX\n|t:|1732986869\n|gametype|singles\n|player|p1|BigRasping|169|1088\n|player|p2|BZJ HCX|101|1113\n|teamsize|p1|6\n|teamsize|p2|6\n|gen|9\n|tier|[Gen 9] Random Battle\n|rated|\n|rule|Species Clause: Limit one of each Pok\u00e9mon\n|rule|HP Percentage Mod: HP is shown in percentages\n|rule|Sleep Clause Mod: Limit one foe put to sleep\n|rule|Illusion Level Mod: Illusion disguises the Pok\u00e9mon's true level\n|\n|t:|1732986869\n|start\n|switch|p1a: Noctowl|Noctowl, L95, M|344/344\n|switch|p2a: Frosmoth|Frosmoth, L82, M|249/249\n|turn|1\n|\n|t:|1732986890\n|move|p1a: Noctowl|Hurricane|p2a: Frosmoth|[miss]\n|-miss|p1a: Noctowl|p2a: Frosmoth\n|move|p2a: Frosmoth|Quiver Dance|p2a: Frosmoth\n|-boost|p2a: Frosmoth|spa|1\n|-boost|p2a: Frosmoth|spd|1\n|-boost|p2a: Frosmoth|spe|1\n|\n|upkeep\n|turn|2\n|\n|t:|1732986902\n|-terastallize|p2a: Frosmoth|Water\n|move|p2a: Frosmoth|Quiver Dance|p2a: Frosmoth\n|-boost|p2a: Frosmoth|spa|1\n|-boost|p2a: Frosmoth|spd|1\n|-boost|p2a: Frosmoth|spe|1\n|move|p1a: Noctowl|Hyper Voice|p2a: Frosmoth\n|-damage|p2a: Frosmoth|220/249\n|\n|upkeep\n|turn|3\n|\n|t:|1732986912\n|move|p2a: Frosmoth|Quiver Dance|p2a: Frosmoth\n|-boost|p2a: Frosmoth|spa|1\n|-boost|p2a: Frosmoth|spd|1\n|-boost|p2a: Frosmoth|spe|1\n|move|p1a: Noctowl|Hurricane|p2a: Frosmoth\n|-damage|p2a: Frosmoth|190/249\n|-start|p2a: Frosmoth|confusion\n|\n|upkeep\n|turn|4\n|\n|t:|1732986924\n|-activate|p2a: Frosmoth|confusion\n|move|p2a: Frosmoth|Quiver Dance|p2a: Frosmoth\n|-boost|p2a: Frosmoth|spa|1\n|-boost|p2a: Frosmoth|spd|1\n|-boost|p2a: Frosmoth|spe|1\n|move|p1a: Noctowl|Hyper Voice|p2a: Frosmoth\n|-damage|p2a: Frosmoth|172/249\n|\n|upkeep\n|turn|5\n|\n|t:|1732986945\n|-end|p2a: Frosmoth|confusion\n|move|p2a: Frosmoth|Giga Drain|p1a: Noctowl\n|-resisted|p1a: Noctowl\n|-damage|p1a: Noctowl|263/344\n|-heal|p2a: Frosmoth|213/249|[from] drain|[of] p1a: Noctowl\n|move|p1a: Noctowl|Hyper Voice|p2a: Frosmoth\n|-damage|p2a: Frosmoth|195/249\n|\n|upkeep\n|turn|6\n|\n|t:|1732986958\n|switch|p1a: Granbull|Granbull, L88, M|302/302\n|-ability|p1a: Granbull|Intimidate|boost\n|-unboost|p2a: Frosmoth|atk|1\n|move|p2a: Frosmoth|Quiver Dance|p2a: Frosmoth\n|-boost|p2a: Frosmoth|spa|1\n|-boost|p2a: Frosmoth|spd|1\n|-boost|p2a: Frosmoth|spe|1\n|\n|upkeep\n|turn|7\n|\n|t:|1732986974\n|move|p2a: Frosmoth|Ice Beam|p1a: Granbull\n|-damage|p1a: Granbull|0 fnt\n|faint|p1a: Granbull\n|\n|upkeep\n|\n|t:|1732986985\n|switch|p1a: Umbreon|Umbreon, L84, M|297/297\n|turn|8\n|\n|t:|1732986994\n|move|p2a: Frosmoth|Ice Beam|p1a: Umbreon\n|-damage|p1a: Umbreon|5/297\n|move|p1a: Umbreon|Toxic|p2a: Frosmoth\n|-status|p2a: Frosmoth|tox\n|\n|-heal|p1a: Umbreon|23/297|[from] item: Leftovers\n|-damage|p2a: Frosmoth|180/249 tox|[from] psn\n|upkeep\n|turn|9\n|\n|t:|1732987006\n|move|p1a: Umbreon|Protect|p1a: Umbreon\n|-singleturn|p1a: Umbreon|Protect\n|move|p2a: Frosmoth|Quiver Dance|p2a: Frosmoth\n|-boost|p2a: Frosmoth|spa|1\n|-boost|p2a: Frosmoth|spd|1\n|-boost|p2a: Frosmoth|spe|1\n|\n|-heal|p1a: Umbreon|41/297|[from] item: Leftovers\n|-damage|p2a: Frosmoth|150/249 tox|[from] psn\n|upkeep\n|turn|10\n|\n|t:|1732987016\n|move|p2a: Frosmoth|Ice Beam|p1a: Umbreon\n|-damage|p1a: Umbreon|0 fnt\n|faint|p1a: Umbreon\n|\n|-damage|p2a: Frosmoth|105/249 tox|[from] psn\n|upkeep\n|\n|t:|1732987027\n|switch|p1a: Gliscor|Gliscor, L76, F|239/239\n|turn|11\n|\n|t:|1732987047\n|switch|p2a: Magearna|Magearna, L77|250/250\n|move|p1a: Gliscor|Protect||[still]\n|-fail|p1a: Gliscor\n|\n|-status|p1a: Gliscor|tox|[from] item: Toxic Orb\n|upkeep\n|turn|12\n|\n|t:|1732987083\n|move|p1a: Gliscor|Earthquake|p2a: Magearna\n|-supereffective|p2a: Magearna\n|-damage|p2a: Magearna|88/250\n|-enditem|p2a: Magearna|Weakness Policy\n|-boost|p2a: Magearna|atk|2|[from] item: Weakness Policy\n|-boost|p2a: Magearna|spa|2|[from] item: Weakness Policy\n|move|p2a: Magearna|Shift Gear|p2a: Magearna\n|-boost|p2a: Magearna|spe|2\n|-boost|p2a: Magearna|atk|1\n|\n|upkeep\n|turn|13\n|\n|t:|1732987091\n|move|p2a: Magearna|Fleur Cannon|p1a: Gliscor\n|-damage|p1a: Gliscor|0 fnt\n|-unboost|p2a: Magearna|spa|2\n|faint|p1a: Gliscor\n|-ability|p2a: Magearna|Soul-Heart|boost\n|-boost|p2a: Magearna|spa|1\n|\n|upkeep\n|\n|t:|1732987102\n|switch|p1a: Porygon-Z|Porygon-Z, L83|277/277\n|turn|14\n|\n|t:|1732987114\n|-terastallize|p1a: Porygon-Z|Fighting\n|move|p2a: Magearna|Iron Head|p1a: Porygon-Z\n|-damage|p1a: Porygon-Z|60/277\n|cant|p1a: Porygon-Z|flinch\n|\n|upkeep\n|turn|15\n|\n|t:|1732987120\n|move|p2a: Magearna|Iron Head|p1a: Porygon-Z\n|-damage|p1a: Porygon-Z|0 fnt\n|faint|p1a: Porygon-Z\n|-ability|p2a: Magearna|Soul-Heart|boost\n|-boost|p2a: Magearna|spa|1\n|\n|upkeep\n|\n|t:|1732987133\n|switch|p1a: Reuniclus|Reuniclus, L88, M|337/337\n|turn|16\n|\n|t:|1732987143\n|move|p2a: Magearna|Iron Head|p1a: Reuniclus\n|-damage|p1a: Reuniclus|159/337\n|move|p1a: Reuniclus|Psychic|p2a: Magearna\n|-resisted|p2a: Magearna\n|-damage|p2a: Magearna|19/250\n|\n|upkeep\n|turn|17\n|\n|t:|1732987157\n|move|p2a: Magearna|Iron Head|p1a: Reuniclus\n|-damage|p1a: Reuniclus|0 fnt\n|faint|p1a: Reuniclus\n|-ability|p2a: Magearna|Soul-Heart|boost\n|-boost|p2a: Magearna|spa|1\n|\n|upkeep\n|\n|t:|1732987166\n|switch|p1a: Noctowl|Noctowl, L95, M|263/344\n|turn|18\n|\n|t:|1732987175\n|move|p2a: Magearna|Iron Head|p1a: Noctowl\n|-damage|p1a: Noctowl|46/344\n|move|p1a: Noctowl|Hyper Voice|p2a: Magearna\n|-resisted|p2a: Magearna\n|-damage|p2a: Magearna|0 fnt\n|faint|p2a: Magearna\n|\n|upkeep\n|\n|t:|1732987193\n|switch|p2a: Tentacruel|Tentacruel, L84, F|272/272\n|turn|19\n|\n|t:|1732987203\n|move|p2a: Tentacruel|Surf|p1a: Noctowl\n|-damage|p1a: Noctowl|0 fnt\n|faint|p1a: Noctowl\n|\n|win|BZJ HCX\n|raw|BigRasping's rating: 1088 &rarr; <strong>1066</strong><br />(-22 for losing)\n|raw|BZJ HCX's rating: 1113 &rarr; <strong>1136</strong><br />(+23 for winning)\n", "inputlog": ">version b107d77f5c90bd6555267ae244a6264823309ead\n>start {\"formatid\":\"gen9randombattle\",\"seed\":[8390,33126,16068,39271],\"rated\":\"Rated battle\"}\n>player p1 {\"name\":\"BigRasping\",\"avatar\":\"169\",\"rating\":1088,\"seed\":[12709,49388,1728,48733]}\n>player p2 {\"name\":\"BZJ HCX\",\"avatar\":\"101\",\"rating\":1113,\"seed\":[55769,16066,54213,8321]}\n>p1 move hurricane\n>p2 move quiverdance\n>p1 move hypervoice\n>p2 move quiverdance terastallize\n>p1 move hurricane\n>p2 move quiverdance\n>p1 move hypervoice\n>p2 move quiverdance\n>p1 move hypervoice\n>p2 move gigadrain\n>p1 switch 6\n>p2 move quiverdance\n>p1 move thunderwave\n>p2 move icebeam\n>p1 switch 5\n>p1 move toxic\n>p2 move icebeam\n>p1 move protect\n>p2 move quiverdance\n>p1 move foulplay\n>p2 move icebeam\n>p1 switch 4\n>p1 move protect\n>p2 switch 2\n>p1 move earthquake\n>p2 move shiftgear\n>p1 move earthquake\n>p2 move fleurcannon\n>p1 switch 2\n>p1 move terablast terastallize\n>p2 move ironhead\n>p1 move terablast\n>p2 move ironhead\n>p1 switch 3\n>p1 move psychic\n>p2 move ironhead\n>p1 move psychic\n>p2 move ironhead\n>p1 switch 6\n>p1 move hypervoice\n>p2 move ironhead\n>p2 switch 3\n>p1 move hypervoice\n>p2 move surf", "uploadtime": 1732987209, "views": 5, "formatid": "gen9randombattle", "rating": 1066, "private": 0, "password": null}