{"id": "gen9randombattle-2253913413", "format": "[Gen 9] Random Battle", "players": ["Inazuma-Fulgur", "Nico_Campo"], "log": "|j|\u2606Inazuma-Fulgur\n|j|\u2606Nico_Campo\n|t:|1732962505\n|gametype|singles\n|player|p1|Inazuma-Fulgur|marley|2080\n|player|p2|Nico_Campo|volo|1960\n|teamsize|p1|6\n|teamsize|p2|6\n|gen|9\n|tier|[Gen 9] Random Battle\n|rated|\n|rule|Species Clause: Limit one of each Pok\u00e9mon\n|rule|HP Percentage Mod: HP is shown in percentages\n|rule|Sleep Clause Mod: Limit one foe put to sleep\n|rule|Illusion Level Mod: Illusion disguises the Pok\u00e9mon's true level\n|\n|t:|1732962505\n|start\n|switch|p1a: Gengar|Gengar, L81, F|230/230\n|switch|p2a: Slowking|Slowking-Galar, L85, M|300/300\n|turn|1\n|inactive|Battle timer is ON: inactive players will automatically lose when time's up. (requested by Inazuma-Fulgur)\n|inactive|Inazuma-Fulgur has 120 seconds left.\n|\n|t:|1732962548\n|switch|p1a: Ho-Oh|Ho-Oh, L71|268/268\n|move|p2a: Slowking|Psyshock|p1a: Ho-Oh\n|-damage|p1a: Ho-Oh|153/268\n|\n|upkeep\n|turn|2\n|\n|t:|1732962554\n|move|p1a: Ho-Oh|Sacred Fire|p2a: Slowking\n|-damage|p2a: Slowking|192/300\n|-status|p2a: Slowking|brn\n|move|p2a: Slowking|Chilly Reception|p2a: Slowking\n|-weather|Snow\n|\n|t:|1732962558\n|switch|p2a: Gliscor|Gliscor, L76, F|239/239|[from] Chilly Reception\n|\n|-weather|Snow|[upkeep]\n|-status|p2a: Gliscor|tox|[from] item: Toxic Orb\n|upkeep\n|turn|3\n|inactive|Inazuma-Fulgur has 120 seconds left.\n|\n|t:|1732962601\n|switch|p1a: Basculegion|Basculegion, L81, M|327/327\n|move|p2a: Gliscor|Knock Off|p1a: Basculegion\n|-supereffective|p1a: Basculegion\n|-damage|p1a: Basculegion|195/327\n|-enditem|p1a: Basculegion|Assault Vest|[from] move: Knock Off|[of] p2a: Gliscor\n|\n|-weather|Snow|[upkeep]\n|upkeep\n|turn|4\n|\n|t:|1732962608\n|switch|p2a: Vespiquen|Vespiquen, L98, F|296/296\n|-ability|p2a: Vespiquen|Pressure\n|move|p1a: Basculegion|Wave Crash|p2a: Vespiquen\n|-damage|p2a: Vespiquen|172/296\n|-damage|p1a: Basculegion|154/327|[from] Recoil\n|\n|-weather|Snow|[upkeep]\n|upkeep\n|turn|5\n|inactive|Inazuma-Fulgur has 120 seconds left.\n|\n|t:|1732962615\n|move|p1a: Basculegion|Flip Turn|p2a: Vespiquen\n|-damage|p2a: Vespiquen|104/296\n|inactive|Inazuma-Fulgur has 120 seconds left.\n|\n|t:|1732962636\n|switch|p1a: Glaceon|Glaceon, L94, M|275/275|[from] Flip Turn\n|move|p2a: Vespiquen|U-turn|p1a: Glaceon\n|-damage|p1a: Glaceon|230/275\n|\n|t:|1732962640\n|switch|p2a: Diancie|Diancie, L82|216/216|[from] U-turn\n|\n|-weather|Snow|[upkeep]\n|-heal|p1a: Glaceon|247/275|[from] ability: Ice Body\n|upkeep\n|turn|6\n|\n|t:|1732962651\n|switch|p1a: Milotic|Milotic, L83, F|293/293\n|move|p2a: Diancie|Diamond Storm|p1a: Milotic\n|-damage|p1a: Milotic|178/293\n|\n|-weather|none\n|-heal|p1a: Milotic|196/293|[from] item: Leftovers\n|upkeep\n|turn|7\n|\n|t:|1732962656\n|switch|p2a: Slowking|Slowking-Galar, L85, M|292/300 brn\n|move|p1a: Milotic|Scald|p2a: Slowking\n|-damage|p2a: Slowking|219/300 brn\n|\n|-heal|p1a: Milotic|214/293|[from] item: Leftovers\n|-damage|p2a: Slowking|201/300 brn|[from] brn\n|upkeep\n|turn|8\n|\n|t:|1732962662\n|move|p2a: Slowking|Psyshock|p1a: Milotic\n|-damage|p1a: Milotic|112/293\n|move|p1a: Milotic|Dragon Tail|p2a: Slowking\n|-damage|p2a: Slowking|168/300 brn\n|drag|p2a: Rhyperior|Rhyperior, L82, M|323/323\n|\n|-heal|p1a: Milotic|130/293|[from] item: Leftovers\n|upkeep\n|turn|9\n|\n|t:|1732962667\n|switch|p2a: Slowking|Slowking-Galar, L85, M|268/300 brn\n|move|p1a: Milotic|Recover|p1a: Milotic\n|-heal|p1a: Milotic|277/293\n|\n|-heal|p1a: Milotic|293/293|[from] item: Leftovers\n|-damage|p2a: Slowking|250/300 brn|[from] brn\n|upkeep\n|turn|10\n|\n|t:|1732962674\n|switch|p1a: Ho-Oh|Ho-Oh, L71|242/268\n|move|p2a: Slowking|Sludge Bomb|p1a: Ho-Oh\n|-damage|p1a: Ho-Oh|160/268\n|\n|-damage|p2a: Slowking|232/300 brn|[from] brn\n|upkeep\n|turn|11\n|\n|t:|1732962680\n|switch|p2a: Gliscor|Gliscor, L76, F|239/239 tox\n|move|p1a: Ho-Oh|Earthquake|p2a: Gliscor\n|-immune|p2a: Gliscor\n|\n|upkeep\n|turn|12\n|\n|t:|1732962685\n|switch|p1a: Basculegion|Basculegion, L81, M|154/327\n|move|p2a: Gliscor|Knock Off|p1a: Basculegion\n|-supereffective|p1a: Basculegion\n|-damage|p1a: Basculegion|64/327\n|\n|upkeep\n|turn|13\n|\n|t:|1732962691\n|move|p1a: Basculegion|Aqua Jet|p2a: Gliscor\n|-supereffective|p2a: Gliscor\n|-damage|p2a: Gliscor|127/239 tox\n|move|p2a: Gliscor|Knock Off|p1a: Basculegion\n|-supereffective|p1a: Basculegion\n|-damage|p1a: Basculegion|0 fnt\n|faint|p1a: Basculegion\n|\n|-heal|p2a: Gliscor|156/239 tox|[from] ability: Poison Heal\n|upkeep\n|\n|t:|1732962704\n|switch|p1a: Glaceon|Glaceon, L94, M|247/275\n|turn|14\n|\n|t:|1732962709\n|switch|p2a: Diancie|Diancie, L82|216/216\n|move|p1a: Glaceon|Freeze-Dry|p2a: Diancie\n|-damage|p2a: Diancie|143/216\n|\n|-heal|p2a: Diancie|156/216|[from] item: Leftovers\n|upkeep\n|turn|15\n|\n|t:|1732962713\n|switch|p1a: Milotic|Milotic, L83, F|293/293\n|move|p2a: Diancie|Diamond Storm|p1a: Milotic\n|-damage|p1a: Milotic|181/293\n|\n|-heal|p1a: Milotic|199/293|[from] item: Leftovers\n|-heal|p2a: Diancie|169/216|[from] item: Leftovers\n|upkeep\n|turn|16\n|\n|t:|1732962719\n|switch|p1a: Gengar|Gengar, L81, F|230/230\n|switch|p2a: Slowking|Slowking-Galar, L85, M|300/300 brn\n|\n|-damage|p2a: Slowking|282/300 brn|[from] brn\n|upkeep\n|turn|17\n|\n|t:|1732962721\n|-terastallize|p1a: Gengar|Dark\n|move|p1a: Gengar|Shadow Ball|p2a: Slowking\n|-supereffective|p2a: Slowking\n|-damage|p2a: Slowking|71/300 brn\n|-damage|p1a: Gengar|207/230|[from] item: Life Orb\n|move|p2a: Slowking|Psyshock|p1a: Gengar\n|-immune|p1a: Gengar\n|\n|-damage|p2a: Slowking|53/300 brn|[from] brn\n|upkeep\n|turn|18\n|\n|t:|1732962729\n|switch|p2a: Vespiquen|Vespiquen, L98, F|104/296\n|-ability|p2a: Vespiquen|Pressure\n|move|p1a: Gengar|Shadow Ball|p2a: Vespiquen\n|-damage|p2a: Vespiquen|0 fnt\n|faint|p2a: Vespiquen\n|-damage|p1a: Gengar|184/230|[from] item: Life Orb\n|\n|upkeep\n|\n|t:|1732962733\n|switch|p2a: Espathra|Espathra, L80, F|283/283\n|turn|19\n|\n|t:|1732962757\n|switch|p1a: Milotic|Milotic, L83, F|199/293\n|switch|p2a: Diancie|Diancie, L82|169/216\n|\n|-heal|p1a: Milotic|217/293|[from] item: Leftovers\n|-heal|p2a: Diancie|182/216|[from] item: Leftovers\n|upkeep\n|turn|20\n|\n|t:|1732962760\n|switch|p2a: Slowking|Slowking-Galar, L85, M|153/300 brn\n|move|p1a: Milotic|Scald|p2a: Slowking\n|-damage|p2a: Slowking|86/300 brn\n|\n|-heal|p1a: Milotic|235/293|[from] item: Leftovers\n|-damage|p2a: Slowking|68/300 brn|[from] brn\n|upkeep\n|turn|21\n|\n|t:|1732962765\n|switch|p2a: Diancie|Diancie, L82|182/216\n|move|p1a: Milotic|Scald|p2a: Diancie\n|-supereffective|p2a: Diancie\n|-damage|p2a: Diancie|68/216\n|-status|p2a: Diancie|brn\n|\n|-heal|p1a: Milotic|253/293|[from] item: Leftovers\n|-heal|p2a: Diancie|81/216 brn|[from] item: Leftovers\n|-damage|p2a: Diancie|68/216 brn|[from] brn\n|upkeep\n|turn|22\n|\n|t:|1732962769\n|switch|p1a: Gengar|Gengar, L81, F, tera:Dark|184/230\n|move|p2a: Diancie|Draining Kiss|p1a: Gengar\n|-supereffective|p1a: Gengar\n|-damage|p1a: Gengar|56/230\n|-heal|p2a: Diancie|164/216 brn|[from] drain|[of] p1a: Gengar\n|\n|-heal|p2a: Diancie|177/216 brn|[from] item: Leftovers\n|-damage|p2a: Diancie|164/216 brn|[from] brn\n|upkeep\n|turn|23\n|\n|t:|1732962775\n|move|p1a: Gengar|Shadow Ball|p2a: Diancie\n|-damage|p2a: Diancie|82/216 brn\n|-damage|p1a: Gengar|33/230|[from] item: Life Orb\n|move|p2a: Diancie|Diamond Storm|p1a: Gengar\n|-damage|p1a: Gengar|0 fnt\n|faint|p1a: Gengar\n|\n|-heal|p2a: Diancie|95/216 brn|[from] item: Leftovers\n|-damage|p2a: Diancie|82/216 brn|[from] brn\n|upkeep\n|\n|t:|1732962778\n|switch|p1a: Milotic|Milotic, L83, F|253/293\n|turn|24\n|\n|t:|1732962783\n|move|p1a: Milotic|Scald|p2a: Diancie\n|-supereffective|p2a: Diancie\n|-damage|p2a: Diancie|0 fnt\n|faint|p2a: Diancie\n|\n|-heal|p1a: Milotic|271/293|[from] item: Leftovers\n|upkeep\n|\n|t:|1732962791\n|switch|p2a: Rhyperior|Rhyperior, L82, M|323/323\n|turn|25\n|\n|t:|1732962806\n|-terastallize|p2a: Rhyperior|Bug\n|move|p1a: Milotic|Scald|p2a: Rhyperior\n|-damage|p2a: Rhyperior|205/323\n|move|p2a: Rhyperior|Megahorn|p1a: Milotic\n|-damage|p1a: Milotic|19/293\n|\n|-heal|p1a: Milotic|37/293|[from] item: Leftovers\n|upkeep\n|turn|26\n|\n|t:|1732962818\n|move|p1a: Milotic|Scald|p2a: Rhyperior\n|-damage|p2a: Rhyperior|78/323\n|move|p2a: Rhyperior|Megahorn|p1a: Milotic\n|-damage|p1a: Milotic|0 fnt\n|faint|p1a: Milotic\n|\n|upkeep\n|\n|t:|1732962831\n|switch|p1a: Glaceon|Glaceon, L94, M|247/275\n|turn|27\n|\n|t:|1732962833\n|move|p1a: Glaceon|Wish|p1a: Glaceon\n|move|p2a: Rhyperior|Megahorn|p1a: Glaceon\n|-damage|p1a: Glaceon|61/275\n|\n|upkeep\n|turn|28\n|\n|t:|1732962841\n|switch|p2a: Slowking|Slowking-Galar, L85, M|168/300 brn\n|move|p1a: Glaceon|Protect||[still]\n|-fail|p1a: Glaceon\n|\n|-heal|p1a: Glaceon|198/275|[from] move: Wish|[wisher] Glaceon\n|-damage|p2a: Slowking|150/300 brn|[from] brn\n|upkeep\n|turn|29\n|\n|t:|1732962848\n|move|p1a: Glaceon|Mud Shot|p2a: Slowking\n|-supereffective|p2a: Slowking\n|-damage|p2a: Slowking|42/300 brn\n|-unboost|p2a: Slowking|spe|1\n|move|p2a: Slowking|Psyshock|p1a: Glaceon\n|-damage|p1a: Glaceon|122/275\n|\n|-damage|p2a: Slowking|24/300 brn|[from] brn\n|upkeep\n|turn|30\n|\n|t:|1732962855\n|move|p1a: Glaceon|Wish|p1a: Glaceon\n|move|p2a: Slowking|Psyshock|p1a: Glaceon\n|-damage|p1a: Glaceon|49/275\n|\n|-damage|p2a: Slowking|6/300 brn|[from] brn\n|upkeep\n|turn|31\n|\n|t:|1732962862\n|move|p1a: Glaceon|Freeze-Dry|p2a: Slowking\n|-damage|p2a: Slowking|0 fnt\n|faint|p2a: Slowking\n|\n|-heal|p1a: Glaceon|186/275|[from] move: Wish|[wisher] Glaceon\n|upkeep\n|\n|t:|1732962863\n|switch|p2a: Espathra|Espathra, L80, F|283/283\n|turn|32\n|\n|t:|1732962867\n|move|p2a: Espathra|Calm Mind|p2a: Espathra\n|-boost|p2a: Espathra|spa|1\n|-boost|p2a: Espathra|spd|1\n|move|p1a: Glaceon|Mud Shot|p2a: Espathra\n|-damage|p2a: Espathra|228/283\n|-unboost|p2a: Espathra|spe|1\n|\n|-heal|p2a: Espathra|245/283|[from] item: Leftovers\n|-ability|p2a: Espathra|Speed Boost|boost\n|-boost|p2a: Espathra|spe|1\n|upkeep\n|turn|33\n|\n|t:|1732962873\n|move|p2a: Espathra|Calm Mind|p2a: Espathra\n|-boost|p2a: Espathra|spa|1\n|-boost|p2a: Espathra|spd|1\n|move|p1a: Glaceon|Wish|p1a: Glaceon\n|\n|-heal|p2a: Espathra|262/283|[from] item: Leftovers\n|-ability|p2a: Espathra|Speed Boost|boost\n|-boost|p2a: Espathra|spe|1\n|upkeep\n|turn|34\n|\n|t:|1732962878\n|move|p2a: Espathra|Calm Mind|p2a: Espathra\n|-boost|p2a: Espathra|spa|1\n|-boost|p2a: Espathra|spd|1\n|move|p1a: Glaceon|Mud Shot|p2a: Espathra|[miss]\n|-miss|p1a: Glaceon|p2a: Espathra\n|\n|-heal|p1a: Glaceon|275/275|[from] move: Wish|[wisher] Glaceon\n|-heal|p2a: Espathra|279/283|[from] item: Leftovers\n|-ability|p2a: Espathra|Speed Boost|boost\n|-boost|p2a: Espathra|spe|1\n|upkeep\n|turn|35\n|\n|t:|1732962881\n|move|p2a: Espathra|Calm Mind|p2a: Espathra\n|-boost|p2a: Espathra|spa|1\n|-boost|p2a: Espathra|spd|1\n|move|p1a: Glaceon|Mud Shot|p2a: Espathra\n|-damage|p2a: Espathra|249/283\n|-unboost|p2a: Espathra|spe|1\n|\n|-heal|p2a: Espathra|266/283|[from] item: Leftovers\n|-ability|p2a: Espathra|Speed Boost|boost\n|-boost|p2a: Espathra|spe|1\n|upkeep\n|turn|36\n|\n|t:|1732962887\n|move|p2a: Espathra|Calm Mind|p2a: Espathra\n|-boost|p2a: Espathra|spa|1\n|-boost|p2a: Espathra|spd|1\n|move|p1a: Glaceon|Freeze-Dry|p2a: Espathra\n|-damage|p2a: Espathra|221/283\n|-status|p2a: Espathra|frz\n|\n|-heal|p2a: Espathra|238/283 frz|[from] item: Leftovers\n|-ability|p2a: Espathra|Speed Boost|boost\n|-boost|p2a: Espathra|spe|1\n|upkeep\n|turn|37\n|\n|t:|1732962893\n|switch|p1a: Ho-Oh|Ho-Oh, L71|249/268\n|cant|p2a: Espathra|frz\n|\n|-heal|p2a: Espathra|255/283 frz|[from] item: Leftovers\n|-ability|p2a: Espathra|Speed Boost|boost\n|-boost|p2a: Espathra|spe|1\n|upkeep\n|turn|38\n|\n|t:|1732962897\n|cant|p2a: Espathra|frz\n|move|p1a: Ho-Oh|Brave Bird|p2a: Espathra\n|-damage|p2a: Espathra|105/283 frz\n|-damage|p1a: Ho-Oh|199/268|[from] Recoil\n|\n|-heal|p2a: Espathra|122/283 frz|[from] item: Leftovers\n|-ability|p2a: Espathra|Speed Boost|boost\n|-boost|p2a: Espathra|spe|1\n|upkeep\n|turn|39\n|\n|t:|1732962900\n|cant|p2a: Espathra|frz\n|move|p1a: Ho-Oh|Brave Bird|p2a: Espathra\n|-damage|p2a: Espathra|0 fnt\n|faint|p2a: Espathra\n|-damage|p1a: Ho-Oh|159/268|[from] Recoil\n|\n|upkeep\n|-message|Nico_Campo forfeited.\n|\n|win|Inazuma-Fulgur\n|raw|Inazuma-Fulgur's rating: 2080 &rarr; <strong>2093</strong><br />(+13 for winning)\n|raw|Nico_Campo's rating: 1960 &rarr; <strong>1947</strong><br />(-13 for losing)\n|l|\u2606Nico_Campo\n|player|p2|\n|c|\u2606Inazuma-Fulgur|i thought i was throwing\n|c|\u2606Inazuma-Fulgur|!showteam\n|c| Inazuma-Fulgur|/raw <div class=\"infobox\"><details><summary>View team</summary>Gengar @ Life Orb  <br />Ability: Cursed Body  <br />Level: 81  <br />Tera Type: Dark  <br />EVs: 85 HP &#x2f; 85 Def &#x2f; 85 SpA &#x2f; 85 SpD &#x2f; 85 Spe  <br />IVs: 0 Atk  <br />- Sludge Wave  <br />- Toxic Spikes  <br />- Shadow Ball  <br />- Focus Blast  <br /><br />Gallade (M) @ Life Orb  <br />Ability: Sharpness  <br />Level: 81  <br />Tera Type: Grass  <br />EVs: 85 HP &#x2f; 85 Atk &#x2f; 85 Def &#x2f; 85 SpA &#x2f; 85 SpD &#x2f; 85 Spe  <br />- Swords Dance  <br />- Sacred Sword  <br />- Leaf Blade  <br />- Psycho Cut  <br /><br />Basculegion (M) @ Assault Vest  <br />Ability: Adaptability  <br />Level: 81  <br />Tera Type: Water  <br />EVs: 85 HP &#x2f; 85 Atk &#x2f; 85 Def &#x2f; 85 SpA &#x2f; 85 SpD &#x2f; 85 Spe  <br />- Wave Crash  <br />- Aqua Jet  <br />- Flip Turn  <br />- Shadow Ball  <br /><br />Ho-Oh @ Heavy-Duty Boots  <br />Ability: Regenerator  <br />Level: 71  <br />Tera Type: Steel  <br />EVs: 85 HP &#x2f; 85 Atk &#x2f; 85 Def &#x2f; 85 SpA &#x2f; 85 SpD &#x2f; 85 Spe  <br />- Sacred Fire  <br />- Recover  <br />- Earthquake  <br />- Brave Bird  <br /><br />Glaceon @ Heavy-Duty Boots  <br />Ability: Ice Body  <br />Level: 94  <br />Tera Type: Ground  <br />EVs: 85 HP &#x2f; 85 Def &#x2f; 85 SpA &#x2f; 85 SpD &#x2f; 85 Spe  <br />IVs: 0 Atk  <br />- Freeze-Dry  <br />- Mud Shot  <br />- Protect  <br />- Wish  <br /><br />Milotic @ Leftovers  <br />Ability: Competitive  <br />Level: 83  <br />Tera Type: Steel  <br />EVs: 85 HP &#x2f; 85 Atk &#x2f; 85 Def &#x2f; 85 SpA &#x2f; 85 SpD &#x2f; 85 Spe  <br />- Scald  <br />- Dragon Tail  <br />- Ice Beam  <br />- Recover  <br /><br /></details></div>\n|c|\u2606Inazuma-Fulgur|i was throwing\n|c|\u2606Inazuma-Fulgur|no tect on espathra though\n|c|\u2606Inazuma-Fulgur|bad gengar double by me and it rightfully failed\n", "inputlog": ">version b107d77f5c90bd6555267ae244a6264823309ead\n>start {\"formatid\":\"gen9randombattle\",\"seed\":[51082,45835,41219,36389],\"rated\":\"Rated battle\"}\n>player p1 {\"name\":\"Inazuma-Fulgur\",\"avatar\":\"marley\",\"rating\":2080,\"seed\":[15169,22356,34049,63274]}\n>player p2 {\"name\":\"Nico_Campo\",\"avatar\":\"volo\",\"rating\":1960,\"seed\":[17263,54755,26061,46043]}\n>p1 switch 4\n>p2 move psyshock\n>p1 move sacredfire\n>p2 move chillyreception\n>p2 switch 6\n>p1 switch 3\n>p2 move knockoff\n>p1 move wavecrash\n>p2 switch 4\n>p1 move flipturn\n>p2 move uturn\n>p1 switch 5\n>p2 switch 3\n>p1 switch 6\n>p2 move diamondstorm\n>p1 move scald\n>p2 switch 6\n>p1 move dragontail\n>p2 move psyshock\n>p1 move recover\n>p2 switch 5\n>p1 switch 3\n>p2 move sludgebomb\n>p1 move earthquake\n>p2 switch 4\n>p1 switch 5\n>p2 move knockoff\n>p1 move aquajet\n>p2 move knockoff\n>p1 switch 6\n>p1 move freezedry\n>p2 switch 6\n>p1 switch 3\n>p2 move diamondstorm\n>p1 switch 4\n>p2 switch 4\n>p1 move shadowball terastallize\n>p2 move psyshock\n>p1 move shadowball\n>p2 switch 3\n>p2 switch 2\n>p1 switch 4\n>p2 switch 4\n>p1 move scald\n>p2 switch 3\n>p1 move scald\n>p2 switch 3\n>p1 switch 4\n>p2 move drainingkiss\n>p1 move shadowball\n>p2 move diamondstorm\n>p1 switch 4\n>p1 move scald\n>p2 move drainingkiss\n>p2 switch 5\n>p1 move scald\n>p2 move megahorn terastallize\n>p1 move scald\n>p2 move megahorn\n>p1 switch 3\n>p1 move wish\n>p2 move megahorn\n>p1 move protect\n>p2 switch 3\n>p1 move mudshot\n>p2 move psyshock\n>p1 move wish\n>p2 move psyshock\n>p1 move freezedry\n>p2 move chillyreception\n>p2 switch 4\n>p1 move mudshot\n>p2 move calmmind\n>p1 move wish\n>p2 move calmmind\n>p1 move mudshot\n>p2 move calmmind\n>p1 move mudshot\n>p2 move calmmind\n>p1 move freezedry\n>p2 move calmmind\n>p1 switch 5\n>p2 move calmmind\n>p1 move bravebird\n>p2 move storedpower\n>p1 move bravebird\n>p2 move storedpower\n>forcelose p2", "uploadtime": 1732962905, "views": 1, "formatid": "gen9randombattle", "rating": 1947, "private": 0, "password": null}