{"id": "gen9randombattle-2253835906", "format": "[Gen 9] Random Battle", "players": ["ruoxi269", "fiydo_23"], "log": "|j|\u2606ruoxi269\n|j|\u2606fiydo_23\n|t:|1732945961\n|gametype|singles\n|player|p1|ruoxi269|dawn-masters3|1375\n|player|p2|fiydo_23|gambler|1413\n|teamsize|p1|6\n|teamsize|p2|6\n|gen|9\n|tier|[Gen 9] Random Battle\n|rated|\n|rule|Species Clause: Limit one of each Pok\u00e9mon\n|rule|HP Percentage Mod: HP is shown in percentages\n|rule|Sleep Clause Mod: Limit one foe put to sleep\n|rule|Illusion Level Mod: Illusion disguises the Pok\u00e9mon's true level\n|\n|t:|1732945961\n|start\n|switch|p1a: Miraidon|Miraidon, L65|238/238\n|switch|p2a: Salazzle|Salazzle, L83, F|249/249\n|-fieldstart|move: Electric Terrain|[from] ability: Hadron Engine|[of] p1a: Miraidon\n|turn|1\n|inactive|Battle timer is ON: inactive players will automatically lose when time's up. (requested by fiydo_23)\n|\n|t:|1732945974\n|switch|p2a: Granbull|Granbull, L88, F|302/302\n|-ability|p2a: Granbull|Intimidate|boost\n|-unboost|p1a: Miraidon|atk|1\n|move|p1a: Miraidon|Volt Switch|p2a: Granbull\n|-damage|p2a: Granbull|116/302\n|c|\u2606fiydo_23|owie\n|\n|t:|1732945989\n|switch|p1a: Cloyster|Cloyster, L80, F|211/211|[from] Volt Switch\n|\n|-heal|p2a: Granbull|134/302|[from] item: Leftovers\n|upkeep\n|turn|2\n|\n|t:|1732945993\n|move|p1a: Cloyster|Shell Smash|p1a: Cloyster\n|-unboost|p1a: Cloyster|def|1\n|-unboost|p1a: Cloyster|spd|1\n|-boost|p1a: Cloyster|atk|2\n|-boost|p1a: Cloyster|spa|2\n|-boost|p1a: Cloyster|spe|2\n|-enditem|p1a: Cloyster|White Herb\n|-clearnegativeboost|p1a: Cloyster|[silent]\n|move|p2a: Granbull|Thunder Wave|p1a: Cloyster|[miss]\n|-miss|p2a: Granbull|p1a: Cloyster\n|\n|-heal|p2a: Granbull|152/302|[from] item: Leftovers\n|upkeep\n|turn|3\n|c|\u2606fiydo_23|nooooo\n|c|\u2606fiydo_23|thunderwave shouldnt miss on electric terrain fr\n|\n|t:|1732946017\n|move|p1a: Cloyster|Icicle Spear|p2a: Granbull\n|-damage|p2a: Granbull|95/302\n|-damage|p2a: Granbull|41/302\n|-damage|p2a: Granbull|0 fnt\n|faint|p2a: Granbull\n|-hitcount|p2: Granbull|3\n|\n|upkeep\n|\n|t:|1732946027\n|switch|p2a: Swampert|Swampert, L83, M|302/302\n|turn|4\n|\n|t:|1732946045\n|move|p1a: Cloyster|Icicle Spear|p2a: Swampert\n|-damage|p2a: Swampert|251/302\n|-damage|p2a: Swampert|206/302\n|-damage|p2a: Swampert|154/302\n|-damage|p2a: Swampert|103/302\n|-damage|p2a: Swampert|57/302\n|-hitcount|p2a: Swampert|5\n|move|p2a: Swampert|Roar|p1a: Cloyster\n|drag|p1a: Miraidon|Miraidon, L65|238/238\n|-activate|p1a: Miraidon|ability: Hadron Engine\n|\n|-heal|p2a: Swampert|75/302|[from] item: Leftovers\n|upkeep\n|turn|5\n|\n|t:|1732946052\n|move|p1a: Miraidon|Overheat|p2a: Swampert\n|-resisted|p2a: Swampert\n|-damage|p2a: Swampert|0 fnt\n|-unboost|p1a: Miraidon|spa|2\n|faint|p2a: Swampert\n|\n|-fieldend|move: Electric Terrain\n|upkeep\n|\n|t:|1732946070\n|switch|p2a: Ambipom|Ambipom, L84, F|263/263\n|turn|6\n|\n|t:|1732946076\n|switch|p1a: Dudunsparce|Dudunsparce, L83, M|343/343\n|move|p2a: Ambipom|Double-Edge|p1a: Dudunsparce\n|-damage|p1a: Dudunsparce|120/343\n|-damage|p2a: Ambipom|189/263|[from] Recoil\n|\n|-heal|p1a: Dudunsparce|141/343|[from] item: Leftovers\n|upkeep\n|turn|7\n|\n|t:|1732946080\n|move|p2a: Ambipom|Double-Edge|p1a: Dudunsparce\n|-damage|p1a: Dudunsparce|0 fnt\n|faint|p1a: Dudunsparce\n|-damage|p2a: Ambipom|142/263|[from] Recoil\n|\n|upkeep\n|\n|t:|1732946083\n|switch|p1a: Oranguru|Oranguru, L92, F|315/315\n|turn|8\n|\n|t:|1732946094\n|switch|p2a: Mew|Mew, L82|298/298\n|move|p1a: Oranguru|Focus Blast|p2a: Mew\n|-resisted|p2a: Mew\n|-damage|p2a: Mew|253/298\n|\n|-heal|p2a: Mew|271/298|[from] item: Leftovers\n|upkeep\n|turn|9\n|\n|t:|1732946104\n|move|p2a: Mew|U-turn|p1a: Oranguru\n|-supereffective|p1a: Oranguru\n|-damage|p1a: Oranguru|219/315\n|\n|t:|1732946106\n|switch|p2a: Lokix|Lokix, L82, M|251/251|[from] U-turn\n|move|p1a: Oranguru|Nasty Plot|p1a: Oranguru\n|-boost|p1a: Oranguru|spa|2\n|\n|-heal|p1a: Oranguru|238/315|[from] item: Leftovers\n|upkeep\n|turn|10\n|\n|t:|1732946117\n|-terastallize|p1a: Oranguru|Fighting\n|move|p2a: Lokix|First Impression|p1a: Oranguru\n|-resisted|p1a: Oranguru\n|-damage|p1a: Oranguru|124/315\n|move|p1a: Oranguru|Focus Blast|p2a: Lokix\n|-damage|p2a: Lokix|0 fnt\n|faint|p2a: Lokix\n|\n|-heal|p1a: Oranguru|143/315|[from] item: Leftovers\n|upkeep\n|\n|t:|1732946130\n|switch|p2a: Mew|Mew, L82|271/298\n|turn|11\n|\n|t:|1732946139\n|move|p2a: Mew|Psychic|p1a: Oranguru\n|-supereffective|p1a: Oranguru\n|-damage|p1a: Oranguru|0 fnt\n|faint|p1a: Oranguru\n|\n|-heal|p2a: Mew|289/298|[from] item: Leftovers\n|upkeep\n|\n|t:|1732946142\n|switch|p1a: Greninja|Greninja, L80, M|246/246\n|turn|12\n|\n|t:|1732946162\n|-terastallize|p2a: Mew|Steel\n|move|p1a: Greninja|Dark Pulse|p2a: Mew\n|-start|p1a: Greninja|typechange|Dark|[from] ability: Protean\n|-damage|p2a: Mew|192/298\n|-damage|p1a: Greninja|222/246|[from] item: Life Orb\n|cant|p2a: Mew|flinch\n|\n|-heal|p2a: Mew|210/298|[from] item: Leftovers\n|upkeep\n|turn|13\n|\n|t:|1732946170\n|move|p1a: Greninja|Hydro Pump|p2a: Mew\n|-damage|p2a: Mew|113/298\n|-damage|p1a: Greninja|198/246|[from] item: Life Orb\n|move|p2a: Mew|U-turn|p1a: Greninja\n|-supereffective|p1a: Greninja\n|-damage|p1a: Greninja|78/246\n|\n|t:|1732946178\n|switch|p2a: Ambipom|Ambipom, L84, F|142/263|[from] U-turn\n|\n|upkeep\n|turn|14\n|\n|t:|1732946183\n|move|p1a: Greninja|Hydro Pump|p2a: Ambipom\n|-damage|p2a: Ambipom|20/263\n|-damage|p1a: Greninja|54/246|[from] item: Life Orb\n|move|p2a: Ambipom|Double-Edge|p1a: Greninja\n|-damage|p1a: Greninja|0 fnt\n|faint|p1a: Greninja\n|-damage|p2a: Ambipom|2/263|[from] Recoil\n|\n|upkeep\n|\n|t:|1732946193\n|switch|p1a: Cloyster|Cloyster, L80, F|211/211\n|turn|15\n|c|\u2606fiydo_23|I lost the roll but I won the war\n|\n|t:|1732946201\n|move|p2a: Ambipom|Double-Edge|p1a: Cloyster\n|-damage|p1a: Cloyster|94/211\n|-damage|p2a: Ambipom|0 fnt|[from] Recoil\n|faint|p2a: Ambipom\n|move|p1a: Cloyster|Drill Run|p2: Ambipom|[notarget]\n|-fail|p1a: Cloyster\n|\n|upkeep\n|c|\u2606fiydo_23|not shell smash?\n|\n|t:|1732946216\n|switch|p2a: Salazzle|Salazzle, L83, F|249/249\n|turn|16\n|\n|t:|1732946223\n|move|p2a: Salazzle|Flamethrower|p1a: Cloyster\n|-damage|p1a: Cloyster|0 fnt\n|faint|p1a: Cloyster\n|\n|upkeep\n|\n|t:|1732946227\n|switch|p1a: Reshiram|Reshiram, L76|277/277\n|-ability|p1a: Reshiram|Turboblaze\n|turn|17\n|\n|t:|1732946232\n|move|p2a: Salazzle|Toxic|p1a: Reshiram\n|-status|p1a: Reshiram|tox\n|move|p1a: Reshiram|Dragon Dance|p1a: Reshiram\n|-boost|p1a: Reshiram|atk|1\n|-boost|p1a: Reshiram|spe|1\n|\n|-damage|p1a: Reshiram|260/277 tox|[from] psn\n|upkeep\n|turn|18\n|\n|t:|1732946237\n|move|p1a: Reshiram|Stone Edge|p2a: Salazzle|[miss]\n|-miss|p1a: Reshiram|p2a: Salazzle\n|move|p2a: Salazzle|Substitute|p2a: Salazzle\n|-start|p2a: Salazzle|Substitute\n|-damage|p2a: Salazzle|187/249\n|\n|-heal|p2a: Salazzle|202/249|[from] item: Leftovers\n|-damage|p1a: Reshiram|226/277 tox|[from] psn\n|upkeep\n|turn|19\n|\n|t:|1732946241\n|move|p2a: Salazzle|Protect|p2a: Salazzle\n|-singleturn|p2a: Salazzle|Protect\n|move|p1a: Reshiram|Outrage|p2a: Salazzle\n|-activate|p2a: Salazzle|move: Protect\n|\n|-heal|p2a: Salazzle|217/249|[from] item: Leftovers\n|-damage|p1a: Reshiram|175/277 tox|[from] psn\n|upkeep\n|turn|20\n|\n|t:|1732946248\n|move|p1a: Reshiram|Outrage|p2a: Salazzle\n|-end|p2a: Salazzle|Substitute\n|move|p2a: Salazzle|Substitute|p2a: Salazzle\n|-start|p2a: Salazzle|Substitute\n|-damage|p2a: Salazzle|155/249\n|\n|-heal|p2a: Salazzle|170/249|[from] item: Leftovers\n|-damage|p1a: Reshiram|107/277 tox|[from] psn\n|upkeep\n|turn|21\n|\n|t:|1732946252\n|move|p2a: Salazzle|Protect|p2a: Salazzle\n|-singleturn|p2a: Salazzle|Protect\n|move|p1a: Reshiram|Outrage|p2a: Salazzle|[from]lockedmove\n|-activate|p2a: Salazzle|move: Protect\n|-start|p1a: Reshiram|confusion|[fatigue]\n|\n|-heal|p2a: Salazzle|185/249|[from] item: Leftovers\n|-damage|p1a: Reshiram|22/277 tox|[from] psn\n|upkeep\n|turn|22\n|\n|t:|1732946256\n|-activate|p1a: Reshiram|confusion\n|move|p1a: Reshiram|Stone Edge|p2a: Salazzle|[miss]\n|-miss|p1a: Reshiram|p2a: Salazzle\n|move|p2a: Salazzle|Toxic|p1a: Reshiram\n|-fail|p1a: Reshiram|tox\n|\n|-heal|p2a: Salazzle|200/249|[from] item: Leftovers\n|-damage|p1a: Reshiram|0 fnt|[from] psn\n|faint|p1a: Reshiram\n|upkeep\n|\n|t:|1732946259\n|switch|p1a: Miraidon|Miraidon, L65|238/238\n|-fieldstart|move: Electric Terrain|[from] ability: Hadron Engine|[of] p1a: Miraidon\n|turn|23\n|\n|t:|1732946262\n|move|p2a: Salazzle|Toxic|p1a: Miraidon\n|-status|p1a: Miraidon|tox\n|move|p1a: Miraidon|Electro Drift|p2a: Salazzle\n|-end|p2a: Salazzle|Substitute\n|\n|-heal|p2a: Salazzle|215/249|[from] item: Leftovers\n|-damage|p1a: Miraidon|224/238 tox|[from] psn\n|upkeep\n|turn|24\n|\n|t:|1732946266\n|move|p2a: Salazzle|Substitute|p2a: Salazzle\n|-start|p2a: Salazzle|Substitute\n|-damage|p2a: Salazzle|153/249\n|move|p1a: Miraidon|Electro Drift|p2a: Salazzle\n|-end|p2a: Salazzle|Substitute\n|\n|-heal|p2a: Salazzle|168/249|[from] item: Leftovers\n|-damage|p1a: Miraidon|196/238 tox|[from] psn\n|upkeep\n|turn|25\n|\n|t:|1732946269\n|move|p2a: Salazzle|Protect|p2a: Salazzle\n|-singleturn|p2a: Salazzle|Protect\n|move|p1a: Miraidon|Electro Drift|p2a: Salazzle\n|-activate|p2a: Salazzle|move: Protect\n|\n|-heal|p2a: Salazzle|183/249|[from] item: Leftovers\n|-damage|p1a: Miraidon|154/238 tox|[from] psn\n|upkeep\n|turn|26\n|\n|t:|1732946272\n|move|p2a: Salazzle|Substitute|p2a: Salazzle\n|-start|p2a: Salazzle|Substitute\n|-damage|p2a: Salazzle|121/249\n|move|p1a: Miraidon|Electro Drift|p2a: Salazzle\n|-end|p2a: Salazzle|Substitute\n|\n|-heal|p2a: Salazzle|136/249|[from] item: Leftovers\n|-damage|p1a: Miraidon|98/238 tox|[from] psn\n|upkeep\n|turn|27\n|\n|t:|1732946274\n|move|p2a: Salazzle|Protect|p2a: Salazzle\n|-singleturn|p2a: Salazzle|Protect\n|move|p1a: Miraidon|Electro Drift|p2a: Salazzle\n|-activate|p2a: Salazzle|move: Protect\n|\n|-heal|p2a: Salazzle|151/249|[from] item: Leftovers\n|-damage|p1a: Miraidon|28/238 tox|[from] psn\n|-fieldend|move: Electric Terrain\n|upkeep\n|turn|28\n|\n|t:|1732946276\n|move|p2a: Salazzle|Substitute|p2a: Salazzle\n|-start|p2a: Salazzle|Substitute\n|-damage|p2a: Salazzle|89/249\n|move|p1a: Miraidon|Electro Drift|p2a: Salazzle\n|-end|p2a: Salazzle|Substitute\n|\n|-heal|p2a: Salazzle|104/249|[from] item: Leftovers\n|-damage|p1a: Miraidon|0 fnt|[from] psn\n|faint|p1a: Miraidon\n|\n|win|fiydo_23\n|upkeep\n|raw|ruoxi269's rating: 1375 &rarr; <strong>1357</strong><br />(-18 for losing)\n|raw|fiydo_23's rating: 1413 &rarr; <strong>1431</strong><br />(+18 for winning)\n|l|\u2606ruoxi269\n|player|p1|\n", "inputlog": ">version b107d77f5c90bd6555267ae244a6264823309ead\n>start {\"formatid\":\"gen9randombattle\",\"seed\":[21306,6163,10141,29605],\"rated\":\"Rated battle\"}\n>player p1 {\"name\":\"ruoxi269\",\"avatar\":\"dawn-masters3\",\"rating\":1375,\"seed\":[8335,56040,26134,26291]}\n>player p2 {\"name\":\"fiydo_23\",\"avatar\":\"gambler\",\"rating\":1413,\"seed\":[20209,43093,6076,45043]}\n>p1 move voltswitch\n>p2 switch 5\n>chat \u2606fiydo_23|owie\n>p1 switch 6\n>p1 move shellsmash\n>p2 move thunderwave\n>chat \u2606fiydo_23|nooooo\n>chat \u2606fiydo_23|thunderwave shouldnt miss on electric terrain fr\n>p1 move iciclespear\n>p2 move thunderwave\n>p2 switch 4\n>p1 move iciclespear\n>p2 move roar\n>p1 move overheat\n>p2 move earthquake\n>p2 switch 2\n>p1 switch 2\n>p2 move doubleedge\n>p1 move glare\n>p2 move doubleedge\n>p1 switch 4\n>p1 move focusblast\n>p2 switch 6\n>p1 move nastyplot\n>p2 move uturn\n>p2 switch 3\n>p1 move focusblast terastallize\n>p2 move firstimpression\n>p2 switch 3\n>p1 move thunderbolt\n>p2 move psychic\n>p1 switch 5\n>p1 move darkpulse\n>p2 move uturn terastallize\n>p1 move hydropump\n>p2 move uturn\n>p2 switch 6\n>p1 move hydropump\n>p2 move doubleedge\n>p1 switch 6\n>chat \u2606fiydo_23|I lost the roll but I won the war\n>p1 move drillrun\n>p2 move doubleedge\n>chat \u2606fiydo_23|not shell smash?\n>p2 switch 5\n>p1 move drillrun\n>p2 move flamethrower\n>p1 switch 3\n>p1 move dragondance\n>p2 move toxic\n>p1 move stoneedge\n>p2 move substitute\n>p1 move outrage\n>p2 move protect\n>p1 move outrage\n>p2 move substitute\n>p1 move outrage\n>p2 move protect\n>p1 move stoneedge\n>p2 move toxic\n>p1 switch 2\n>p1 move electrodrift\n>p2 move toxic\n>p1 move electrodrift\n>p2 move substitute\n>p1 move electrodrift\n>p2 move protect\n>p1 move electrodrift\n>p2 move substitute\n>p1 move electrodrift\n>p2 move protect\n>p1 move electrodrift\n>p2 move substitute", "uploadtime": 1732946281, "views": 10, "formatid": "gen9randombattle", "rating": 1357, "private": 0, "password": null}