{"id": "gen9randombattle-2253979816", "format": "[Gen 9] Random Battle", "players": ["hignog", "ananananji"], "log": "|j|\u2606hignog\n|j|\u2606ananananji\n|t:|1732974988\n|gametype|singles\n|player|p1|hignog|n|2075\n|player|p2|ananananji|102|2193\n|teamsize|p1|6\n|teamsize|p2|6\n|gen|9\n|tier|[Gen 9] Random Battle\n|rated|\n|rule|Species Clause: Limit one of each Pok\u00e9mon\n|rule|HP Percentage Mod: HP is shown in percentages\n|rule|Sleep Clause Mod: Limit one foe put to sleep\n|rule|Illusion Level Mod: Illusion disguises the Pok\u00e9mon's true level\n|\n|t:|1732974988\n|start\n|switch|p1a: Skuntank|Skuntank, L84, F|310/310\n|switch|p2a: Bruxish|Bruxish, L85, M|254/254\n|turn|1\n|inactive|Battle timer is ON: inactive players will automatically lose when time's up. (requested by ananananji)\n|\n|t:|1732975000\n|switch|p2a: Spiritomb|Spiritomb, L89, M|234/234\n|move|p1a: Skuntank|Knock Off|p2a: Spiritomb\n|-damage|p2a: Spiritomb|127/234\n|-enditem|p2a: Spiritomb|Leftovers|[from] move: Knock Off|[of] p1a: Skuntank\n|-damage|p1a: Skuntank|279/310|[from] item: Life Orb\n|\n|upkeep\n|turn|2\n|\n|t:|1732975006\n|move|p1a: Skuntank|Taunt|p2a: Spiritomb\n|-start|p2a: Spiritomb|move: Taunt\n|cant|p2a: Spiritomb|move: Taunt|Will-O-Wisp\n|\n|upkeep\n|turn|3\n|\n|t:|1732975011\n|move|p1a: Skuntank|Gunk Shot|p2a: Spiritomb\n|-resisted|p2a: Spiritomb\n|-damage|p2a: Spiritomb|69/234\n|-damage|p1a: Skuntank|248/310|[from] item: Life Orb\n|move|p2a: Spiritomb|Poltergeist|p1a: Skuntank\n|-activate|p1a: Skuntank|move: Poltergeist|Life Orb\n|-resisted|p1a: Skuntank\n|-damage|p1a: Skuntank|179/310\n|\n|upkeep\n|turn|4\n|\n|t:|1732975014\n|move|p1a: Skuntank|Knock Off|p2a: Spiritomb\n|-damage|p2a: Spiritomb|0 fnt\n|faint|p2a: Spiritomb\n|-damage|p1a: Skuntank|148/310|[from] item: Life Orb\n|\n|upkeep\n|\n|t:|1732975025\n|switch|p2a: Terrakion|Terrakion, L79|273/273\n|turn|5\n|\n|t:|1732975031\n|move|p2a: Terrakion|Earthquake|p1a: Skuntank\n|-supereffective|p1a: Skuntank\n|-damage|p1a: Skuntank|0 fnt\n|faint|p1a: Skuntank\n|-damage|p2a: Terrakion|246/273|[from] item: Life Orb\n|\n|upkeep\n|\n|t:|1732975038\n|switch|p1a: Jumpluff|Jumpluff, L87, F|271/271\n|turn|6\n|\n|t:|1732975041\n|move|p1a: Jumpluff|Encore|p2a: Terrakion\n|-start|p2a: Terrakion|Encore\n|move|p2a: Terrakion|Earthquake|p1a: Jumpluff\n|-immune|p1a: Jumpluff\n|\n|upkeep\n|turn|7\n|\n|t:|1732975045\n|switch|p2a: Dodrio|Dodrio, L86, F|243/243\n|move|p1a: Jumpluff|Acrobatics|p2a: Dodrio\n|-damage|p2a: Dodrio|149/243\n|\n|upkeep\n|turn|8\n|\n|t:|1732975052\n|move|p1a: Jumpluff|U-turn|p2a: Dodrio\n|-resisted|p2a: Dodrio\n|-damage|p2a: Dodrio|130/243\n|\n|t:|1732975054\n|switch|p1a: Iron Thorns|Iron Thorns, L83|302/302|[from] U-turn\n|-enditem|p1a: Iron Thorns|Booster Energy\n|-activate|p1a: Iron Thorns|ability: Quark Drive|[fromitem]\n|-start|p1a: Iron Thorns|quarkdriveatk\n|move|p2a: Dodrio|Knock Off|p1a: Iron Thorns\n|-damage|p1a: Iron Thorns|252/302\n|\n|upkeep\n|turn|9\n|\n|t:|1732975058\n|move|p2a: Dodrio|Drill Run|p1a: Iron Thorns\n|-supereffective|p1a: Iron Thorns\n|-crit|p1a: Iron Thorns\n|-damage|p1a: Iron Thorns|0 fnt\n|faint|p1a: Iron Thorns\n|-end|p1a: Iron Thorns|Quark Drive|[silent]\n|\n|upkeep\n|\n|t:|1732975062\n|switch|p1a: Jumpluff|Jumpluff, L87, F|271/271\n|turn|10\n|\n|t:|1732975065\n|switch|p2a: Terrakion|Terrakion, L79|246/273\n|move|p1a: Jumpluff|Acrobatics|p2a: Terrakion\n|-damage|p2a: Terrakion|161/273\n|\n|upkeep\n|turn|11\n|\n|t:|1732975069\n|move|p1a: Jumpluff|Sleep Powder|p2a: Terrakion\n|-status|p2a: Terrakion|slp|[from] move: Sleep Powder\n|cant|p2a: Terrakion|slp\n|\n|upkeep\n|turn|12\n|\n|t:|1732975072\n|switch|p2a: Pincurchin|Pincurchin, M|258/258\n|-fieldstart|move: Electric Terrain|[from] ability: Electric Surge|[of] p2a: Pincurchin\n|move|p1a: Jumpluff|Acrobatics|p2a: Pincurchin\n|-resisted|p2a: Pincurchin\n|-damage|p2a: Pincurchin|226/258\n|\n|-heal|p2a: Pincurchin|242/258|[from] item: Leftovers\n|upkeep\n|turn|13\n|\n|t:|1732975075\n|move|p1a: Jumpluff|U-turn|p2a: Pincurchin\n|-damage|p2a: Pincurchin|214/258\n|\n|t:|1732975080\n|switch|p1a: Reuniclus|Reuniclus, L88, M|337/337|[from] U-turn\n|move|p2a: Pincurchin|Zing Zap|p1a: Reuniclus\n|-crit|p1a: Reuniclus\n|-damage|p1a: Reuniclus|66/337\n|\n|-heal|p2a: Pincurchin|230/258|[from] item: Leftovers\n|upkeep\n|turn|14\n|\n|t:|1732975084\n|switch|p2a: Dodrio|Dodrio, L86, F|130/243\n|move|p1a: Reuniclus|Psychic|p2a: Dodrio\n|-damage|p2a: Dodrio|0 fnt\n|faint|p2a: Dodrio\n|\n|upkeep\n|\n|t:|1732975090\n|switch|p2a: Bruxish|Bruxish, L85, M|254/254\n|turn|15\n|\n|t:|1732975094\n|move|p2a: Bruxish|Psychic Fangs|p1a: Reuniclus\n|-resisted|p1a: Reuniclus\n|-damage|p1a: Reuniclus|0 fnt\n|faint|p1a: Reuniclus\n|\n|upkeep\n|\n|t:|1732975097\n|switch|p1a: Jumpluff|Jumpluff, L87, F|271/271\n|turn|16\n|\n|t:|1732975099\n|move|p1a: Jumpluff|Acrobatics|p2a: Bruxish\n|-damage|p2a: Bruxish|161/254\n|move|p2a: Bruxish|Psychic Fangs|p1a: Jumpluff\n|-damage|p1a: Jumpluff|30/271\n|\n|-fieldend|move: Electric Terrain\n|upkeep\n|turn|17\n|\n|t:|1732975112\n|switch|p2a: Pincurchin|Pincurchin, M|230/258\n|-fieldstart|move: Electric Terrain|[from] ability: Electric Surge|[of] p2a: Pincurchin\n|move|p1a: Jumpluff|Acrobatics|p2a: Pincurchin\n|-resisted|p2a: Pincurchin\n|-damage|p2a: Pincurchin|195/258\n|\n|-heal|p2a: Pincurchin|211/258|[from] item: Leftovers\n|upkeep\n|turn|18\n|\n|t:|1732975118\n|move|p1a: Jumpluff|Acrobatics|p2a: Pincurchin\n|-resisted|p2a: Pincurchin\n|-damage|p2a: Pincurchin|177/258\n|move|p2a: Pincurchin|Zing Zap|p1a: Jumpluff\n|-damage|p1a: Jumpluff|0 fnt\n|faint|p1a: Jumpluff\n|\n|-heal|p2a: Pincurchin|193/258|[from] item: Leftovers\n|upkeep\n|\n|t:|1732975122\n|switch|p1a: Gouging Fire|Gouging Fire, L74|277/277\n|turn|19\n|\n|t:|1732975126\n|-terastallize|p1a: Gouging Fire|Ground\n|move|p1a: Gouging Fire|Dragon Dance|p1a: Gouging Fire\n|-boost|p1a: Gouging Fire|atk|1\n|-boost|p1a: Gouging Fire|spe|1\n|move|p2a: Pincurchin|Curse|p2a: Pincurchin\n|-unboost|p2a: Pincurchin|spe|1\n|-boost|p2a: Pincurchin|atk|1\n|-boost|p2a: Pincurchin|def|1\n|\n|-heal|p2a: Pincurchin|209/258|[from] item: Leftovers\n|upkeep\n|turn|20\n|\n|t:|1732975137\n|-terastallize|p2a: Pincurchin|Grass\n|move|p1a: Gouging Fire|Earthquake|p2a: Pincurchin\n|-resisted|p2a: Pincurchin\n|-damage|p2a: Pincurchin|170/258\n|move|p2a: Pincurchin|Liquidation|p1a: Gouging Fire\n|-supereffective|p1a: Gouging Fire\n|-crit|p1a: Gouging Fire\n|-damage|p1a: Gouging Fire|0 fnt\n|faint|p1a: Gouging Fire\n|-end|p1a: Gouging Fire|Protosynthesis|[silent]\n|\n|-heal|p2a: Pincurchin|186/258|[from] item: Leftovers\n|upkeep\n|\n|t:|1732975140\n|switch|p1a: Blastoise|Blastoise, L80, F|258/258\n|turn|21\n|\n|t:|1732975145\n|move|p1a: Blastoise|Shell Smash|p1a: Blastoise\n|-unboost|p1a: Blastoise|def|1\n|-unboost|p1a: Blastoise|spd|1\n|-boost|p1a: Blastoise|atk|2\n|-boost|p1a: Blastoise|spa|2\n|-boost|p1a: Blastoise|spe|2\n|-enditem|p1a: Blastoise|White Herb\n|-clearnegativeboost|p1a: Blastoise|[silent]\n|move|p2a: Pincurchin|Zing Zap|p1a: Blastoise\n|-supereffective|p1a: Blastoise\n|-damage|p1a: Blastoise|0 fnt\n|faint|p1a: Blastoise\n|\n|win|ananananji\n|raw|hignog's rating: 2075 &rarr; <strong>2062</strong><br />(-13 for losing)\n|raw|ananananji's rating: 2193 &rarr; <strong>2206</strong><br />(+13 for winning)\n", "inputlog": ">version b107d77f5c90bd6555267ae244a6264823309ead\n>start {\"formatid\":\"gen9randombattle\",\"seed\":[33957,16477,23860,13789],\"rated\":\"Rated battle\"}\n>player p1 {\"name\":\"hignog\",\"avatar\":\"n\",\"rating\":2075,\"seed\":[44236,534,18888,4405]}\n>player p2 {\"name\":\"ananananji\",\"avatar\":\"102\",\"rating\":2193,\"seed\":[17305,57816,33921,15677]}\n>p1 move knockoff\n>p2 switch 2\n>p1 move taunt\n>p2 move willowisp\n>p1 move gunkshot\n>p2 move poltergeist\n>p1 move knockoff\n>p2 move poltergeist\n>p2 switch 6\n>p1 move gunkshot\n>p2 move earthquake\n>p1 switch 6\n>p1 move encore\n>p2 move stoneedge\n>p1 move acrobatics\n>p2 switch 5\n>p1 move uturn\n>p2 move knockoff\n>p1 switch 5\n>p1 move dragondance\n>p2 move drillrun\n>p1 switch 5\n>p1 move acrobatics\n>p2 switch 5\n>p1 move sleeppowder\n>p2 move stoneedge\n>p1 move acrobatics\n>p2 switch 4\n>p1 move uturn\n>p2 move zingzap\n>p1 switch 2\n>p1 move psychic\n>p2 switch 5\n>p2 switch 2\n>p1 move psychic\n>p2 move psychicfangs\n>p1 switch 2\n>p1 move acrobatics\n>p2 move psychicfangs\n>p1 move acrobatics\n>p2 switch 5\n>p1 move acrobatics\n>p2 move zingzap\n>p1 switch 4\n>p1 move dragondance terastallize\n>p2 move curse\n>p1 move earthquake\n>p2 move liquidation terastallize\n>p1 switch 3\n>p1 move shellsmash\n>p2 move zingzap", "uploadtime": 1732975147, "views": 1, "formatid": "gen9randombattle", "rating": 2062, "private": 0, "password": null}