{"id": "gen9randombattle-2253923533", "format": "[Gen 9] Random Battle", "players": ["BANANAPGM", "evolvingace21"], "log": "|j|\u2606BANANAPGM\n|j|\u2606evolvingace21\n|t:|1732964695\n|gametype|singles\n|player|p1|BANANAPGM|nurse|1303\n|player|p2|evolvingace21|grimsley|1262\n|teamsize|p1|6\n|teamsize|p2|6\n|gen|9\n|tier|[Gen 9] Random Battle\n|rated|\n|rule|Species Clause: Limit one of each Pok\u00e9mon\n|rule|HP Percentage Mod: HP is shown in percentages\n|rule|Sleep Clause Mod: Limit one foe put to sleep\n|rule|Illusion Level Mod: Illusion disguises the Pok\u00e9mon's true level\n|\n|t:|1732964695\n|start\n|switch|p1a: Milotic|Milotic, L83, M|293/293\n|switch|p2a: Hitmontop|Hitmontop, L88, M|231/231\n|-ability|p2a: Hitmontop|Intimidate|boost\n|-unboost|p1a: Milotic|atk|1\n|-ability|p1a: Milotic|Competitive|boost\n|-boost|p1a: Milotic|spa|2\n|turn|1\n|inactive|Battle timer is ON: inactive players will automatically lose when time's up. (requested by evolvingace21)\n|\n|t:|1732964725\n|switch|p2a: Oranguru|Oranguru, L92, M|315/315\n|move|p1a: Milotic|Dragon Tail|p2a: Oranguru\n|-damage|p2a: Oranguru|293/315\n|drag|p2a: Klawf|Klawf, L90, F|272/272\n|\n|upkeep\n|turn|2\n|\n|t:|1732964742\n|move|p2a: Klawf|Knock Off|p1a: Milotic\n|-damage|p1a: Milotic|204/293\n|-enditem|p1a: Milotic|Leftovers|[from] move: Knock Off|[of] p2a: Klawf\n|move|p1a: Milotic|Scald|p2a: Klawf\n|-supereffective|p2a: Klawf\n|-damage|p2a: Klawf|0 fnt\n|faint|p2a: Klawf\n|\n|upkeep\n|inactive|evolvingace21 has 120 seconds left.\n|\n|t:|1732964766\n|switch|p2a: Calyrex|Calyrex-Ice, L72|263/263\n|-ability|p2a: Calyrex|As One\n|-ability|p2a: Calyrex|Unnerve\n|turn|3\n|inactive|evolvingace21 has 120 seconds left.\n|\n|t:|1732964778\n|move|p2a: Calyrex|Agility|p2a: Calyrex\n|-boost|p2a: Calyrex|spe|2\n|move|p1a: Milotic|Dragon Tail|p2a: Calyrex\n|-damage|p2a: Calyrex|247/263\n|drag|p2a: Swalot|Swalot, L90, F|326/326\n|\n|upkeep\n|turn|4\n|\n|t:|1732964787\n|move|p1a: Milotic|Scald|p2a: Swalot\n|-damage|p2a: Swalot|169/326\n|move|p2a: Swalot|Toxic Spikes|p1a: Milotic\n|-sidestart|p1: BANANAPGM|move: Toxic Spikes\n|\n|-heal|p2a: Swalot|189/326|[from] item: Leftovers\n|upkeep\n|turn|5\n|\n|t:|1732964798\n|move|p1a: Milotic|Scald|p2a: Swalot\n|-damage|p2a: Swalot|20/326\n|move|p2a: Swalot|Encore|p1a: Milotic\n|-start|p1a: Milotic|Encore\n|\n|-heal|p2a: Swalot|40/326|[from] item: Leftovers\n|upkeep\n|turn|6\n|\n|t:|1732964807\n|switch|p2a: Calyrex|Calyrex-Ice, L72|247/263\n|-ability|p2a: Calyrex|As One\n|-ability|p2a: Calyrex|Unnerve\n|move|p1a: Milotic|Scald|p2a: Calyrex\n|-damage|p2a: Calyrex|105/263\n|\n|upkeep\n|turn|7\n|\n|t:|1732964821\n|switch|p2a: Oranguru|Oranguru, L92, M|293/315\n|move|p1a: Milotic|Scald|p2a: Oranguru\n|-damage|p2a: Oranguru|152/315\n|\n|-heal|p2a: Oranguru|171/315|[from] item: Leftovers\n|upkeep\n|turn|8\n|\n|t:|1732964829\n|move|p1a: Milotic|Scald|p2a: Oranguru\n|-damage|p2a: Oranguru|36/315\n|move|p2a: Oranguru|Thunderbolt|p1a: Milotic\n|-supereffective|p1a: Milotic\n|-damage|p1a: Milotic|100/293\n|\n|-heal|p2a: Oranguru|55/315|[from] item: Leftovers\n|-end|p1a: Milotic|Encore\n|upkeep\n|turn|9\n|\n|t:|1732964847\n|move|p1a: Milotic|Scald|p2a: Oranguru\n|-damage|p2a: Oranguru|0 fnt\n|faint|p2a: Oranguru\n|\n|upkeep\n|\n|t:|1732964858\n|switch|p2a: Hitmontop|Hitmontop, L88, M|231/231\n|-ability|p2a: Hitmontop|Intimidate|boost\n|-unboost|p1a: Milotic|atk|1\n|-ability|p1a: Milotic|Competitive|boost\n|-boost|p1a: Milotic|spa|2\n|turn|10\n|\n|t:|1732964872\n|move|p2a: Hitmontop|Sucker Punch|p1a: Milotic\n|-damage|p1a: Milotic|36/293\n|move|p1a: Milotic|Scald|p2a: Hitmontop\n|-damage|p2a: Hitmontop|83/231\n|\n|upkeep\n|turn|11\n|\n|t:|1732964885\n|move|p2a: Hitmontop|Sucker Punch||[still]\n|-fail|p2a: Hitmontop\n|move|p1a: Milotic|Recover|p1a: Milotic\n|-heal|p1a: Milotic|183/293\n|\n|upkeep\n|turn|12\n|\n|t:|1732964891\n|move|p1a: Milotic|Recover|p1a: Milotic\n|-heal|p1a: Milotic|293/293\n|move|p2a: Hitmontop|Close Combat|p1a: Milotic\n|-damage|p1a: Milotic|137/293\n|-unboost|p2a: Hitmontop|def|1\n|-unboost|p2a: Hitmontop|spd|1\n|\n|upkeep\n|turn|13\n|\n|t:|1732964900\n|move|p1a: Milotic|Recover|p1a: Milotic\n|-heal|p1a: Milotic|284/293\n|move|p2a: Hitmontop|Close Combat|p1a: Milotic\n|-damage|p1a: Milotic|124/293\n|-unboost|p2a: Hitmontop|def|1\n|-unboost|p2a: Hitmontop|spd|1\n|\n|upkeep\n|turn|14\n|\n|t:|1732964908\n|move|p2a: Hitmontop|Sucker Punch|p1a: Milotic\n|-damage|p1a: Milotic|69/293\n|move|p1a: Milotic|Scald|p2a: Hitmontop\n|-damage|p2a: Hitmontop|0 fnt\n|faint|p2a: Hitmontop\n|\n|upkeep\n|\n|t:|1732964926\n|switch|p2a: Rhyperior|Rhyperior, L82, M|323/323\n|turn|15\n|\n|t:|1732964934\n|-terastallize|p2a: Rhyperior|Bug\n|move|p1a: Milotic|Scald|p2a: Rhyperior\n|-damage|p2a: Rhyperior|0 fnt\n|faint|p2a: Rhyperior\n|\n|upkeep\n|\n|t:|1732964941\n|switch|p2a: Calyrex|Calyrex-Ice, L72|105/263\n|-ability|p2a: Calyrex|As One\n|-ability|p2a: Calyrex|Unnerve\n|turn|16\n|\n|t:|1732964948\n|move|p1a: Milotic|Scald|p2a: Calyrex\n|-damage|p2a: Calyrex|0 fnt\n|faint|p2a: Calyrex\n|\n|upkeep\n|\n|t:|1732964953\n|switch|p2a: Swalot|Swalot, L90, F|40/326\n|turn|17\n|\n|t:|1732964956\n|move|p1a: Milotic|Scald|p2a: Swalot\n|-damage|p2a: Swalot|0 fnt\n|faint|p2a: Swalot\n|\n|win|BANANAPGM\n|raw|BANANAPGM's rating: 1303 &rarr; <strong>1321</strong><br />(+18 for winning)\n|raw|evolvingace21's rating: 1262 &rarr; <strong>1240</strong><br />(-22 for losing)\n", "inputlog": ">version b107d77f5c90bd6555267ae244a6264823309ead\n>start {\"formatid\":\"gen9randombattle\",\"seed\":[58580,14542,24555,1825],\"rated\":\"Rated battle\"}\n>player p1 {\"name\":\"BANANAPGM\",\"avatar\":\"nurse\",\"rating\":1303,\"seed\":[48659,8307,45916,26672]}\n>player p2 {\"name\":\"evolvingace21\",\"avatar\":\"grimsley\",\"rating\":1262,\"seed\":[30295,4152,5026,43832]}\n>p1 move dragontail\n>p2 switch 6\n>p1 move scald\n>p2 move knockoff\n>p2 switch 4\n>p1 move dragontail\n>p2 move agility\n>p1 move scald\n>p2 move toxicspikes\n>p1 move scald\n>p2 move encore\n>p1 move scald\n>p2 switch 5\n>p1 move scald\n>p2 switch 2\n>p1 move scald\n>p2 move thunderbolt\n>p1 move scald\n>p2 move thunderbolt\n>p2 switch 6\n>p1 move scald\n>p2 move suckerpunch\n>p1 move recover\n>p2 move suckerpunch\n>p1 move recover\n>p2 move closecombat\n>p1 move recover\n>p2 move closecombat\n>p1 move scald\n>p2 move suckerpunch\n>p2 switch 3\n>p1 move scald\n>p2 move rockpolish terastallize\n>p2 switch 2\n>p1 move scald\n>p2 move agility\n>p2 switch 5\n>p1 move scald\n>p2 move knockoff", "uploadtime": 1732964960, "views": 11, "formatid": "gen9randombattle", "rating": 1240, "private": 0, "password": null}