{"id": "gen9randombattle-2254003133", "format": "[Gen 9] Random Battle", "players": ["Gaben333", "praise57"], "log": "|j|\u2606Gaben333\n|j|\u2606praise57\n|t:|1732978544\n|gametype|singles\n|player|p1|Gaben333|riley|1427\n|player|p2|praise57|n|1375\n|teamsize|p1|6\n|teamsize|p2|6\n|gen|9\n|tier|[Gen 9] Random Battle\n|rated|\n|rule|Species Clause: Limit one of each Pok\u00e9mon\n|rule|HP Percentage Mod: HP is shown in percentages\n|rule|Sleep Clause Mod: Limit one foe put to sleep\n|rule|Illusion Level Mod: Illusion disguises the Pok\u00e9mon's true level\n|\n|t:|1732978544\n|start\n|switch|p1a: Sylveon|Sylveon, L85, F|300/300\n|switch|p2a: Cinccino|Cinccino, L83, M|260/260\n|turn|1\n|\n|t:|1732978578\n|move|p2a: Cinccino|Tidy Up|p2a: Cinccino\n|-boost|p2a: Cinccino|atk|1\n|-boost|p2a: Cinccino|spe|1\n|move|p1a: Sylveon|Hyper Voice|p2a: Cinccino\n|-damage|p2a: Cinccino|89/260\n|\n|upkeep\n|turn|2\n|inactive|Battle timer is ON: inactive players will automatically lose when time's up. (requested by praise57)\n|\n|t:|1732978627\n|move|p2a: Cinccino|Tail Slap|p1a: Sylveon\n|-damage|p1a: Sylveon|230/300\n|-damage|p1a: Sylveon|163/300\n|-damage|p1a: Sylveon|88/300\n|-damage|p1a: Sylveon|10/300\n|-damage|p1a: Sylveon|0 fnt\n|faint|p1a: Sylveon\n|-hitcount|p1: Sylveon|5\n|\n|upkeep\n|\n|t:|1732978650\n|switch|p1a: Zarude|Zarude, L78|292/292\n|turn|3\n|\n|t:|1732978664\n|move|p2a: Cinccino|Triple Axel|p1a: Zarude\n|-supereffective|p1a: Zarude\n|-damage|p1a: Zarude|230/292\n|-supereffective|p1a: Zarude\n|-damage|p1a: Zarude|124/292\n|-supereffective|p1a: Zarude\n|-damage|p1a: Zarude|0 fnt\n|faint|p1a: Zarude\n|-hitcount|p1: Zarude|3\n|\n|upkeep\n|inactive|Gaben333 has 120 seconds left.\n|\n|t:|1732978701\n|switch|p1a: Raichu|Raichu, L88, M|249/249\n|turn|4\n|\n|t:|1732978731\n|move|p2a: Cinccino|Bullet Seed|p1a: Raichu\n|-damage|p1a: Raichu|194/249\n|-damage|p1a: Raichu|143/249\n|-damage|p1a: Raichu|89/249\n|-damage|p1a: Raichu|37/249\n|-damage|p1a: Raichu|0 fnt\n|faint|p1a: Raichu\n|-hitcount|p1: Raichu|5\n|\n|upkeep\n|\n|t:|1732978757\n|switch|p1a: Flamigo|Flamigo, L82, M|269/269\n|turn|5\n|\n|t:|1732978762\n|move|p2a: Cinccino|Triple Axel|p1a: Flamigo\n|-supereffective|p1a: Flamigo\n|-damage|p1a: Flamigo|199/269\n|-supereffective|p1a: Flamigo\n|-damage|p1a: Flamigo|51/269\n|-supereffective|p1a: Flamigo\n|-damage|p1a: Flamigo|0 fnt\n|faint|p1a: Flamigo\n|-hitcount|p1: Flamigo|3\n|\n|upkeep\n|\n|t:|1732978773\n|switch|p1a: Hitmonlee|Hitmonlee, L85, M|224/224\n|turn|6\n|\n|t:|1732978778\n|move|p2a: Cinccino|Tail Slap|p1a: Hitmonlee\n|-damage|p1a: Hitmonlee|148/224\n|-damage|p1a: Hitmonlee|69/224\n|-damage|p1a: Hitmonlee|0 fnt\n|faint|p1a: Hitmonlee\n|-hitcount|p1: Hitmonlee|3\n|\n|upkeep\n|\n|t:|1732978780\n|switch|p1a: Electivire|Electivire, L84, M|263/263\n|turn|7\n|\n|t:|1732978785\n|move|p2a: Cinccino|Tail Slap|p1a: Electivire\n|-crit|p1a: Electivire\n|-damage|p1a: Electivire|161/263\n|-damage|p1a: Electivire|88/263\n|-damage|p1a: Electivire|19/263\n|-damage|p1a: Electivire|0 fnt\n|faint|p1a: Electivire\n|-hitcount|p1: Electivire|4\n|\n|win|praise57\n|raw|Gaben333's rating: 1427 &rarr; <strong>1404</strong><br />(-23 for losing)\n|raw|praise57's rating: 1375 &rarr; <strong>1398</strong><br />(+23 for winning)\n|l|\u2606Gaben333\n|player|p1|\n", "inputlog": ">version b107d77f5c90bd6555267ae244a6264823309ead\n>start {\"formatid\":\"gen9randombattle\",\"seed\":[26117,38252,20620,10740],\"rated\":\"Rated battle\"}\n>player p1 {\"name\":\"Gaben333\",\"avatar\":\"riley\",\"rating\":1427,\"seed\":[32978,18755,44240,38913]}\n>player p2 {\"name\":\"praise57\",\"avatar\":\"n\",\"rating\":1375,\"seed\":[38228,44116,7404,8298]}\n>p1 move hypervoice\n>p2 move tidyup\n>p1 move hypervoice\n>p2 move tailslap\n>p1 switch 5\n>p1 move knockoff\n>p2 move tripleaxel\n>p1 switch 6\n>p1 move nuzzle\n>p2 move bulletseed\n>p1 switch 2\n>p1 move closecombat\n>p2 move tripleaxel\n>p1 switch 3\n>p1 move closecombat\n>p2 move tailslap\n>p1 switch 4\n>p1 move supercellslam\n>p2 move tailslap", "uploadtime": 1732978795, "views": 1, "formatid": "gen9randombattle", "rating": 1398, "private": 0, "password": null}