{"id": "gen9randombattle-2254023823", "format": "[Gen 9] Random Battle", "players": ["vegemite360", "SadPotat0"], "log": "|j|\u2606vegemite360\n|j|\u2606SadPotat0\n|t:|1732981442\n|gametype|singles\n|player|p1|vegemite360|lance|2258\n|player|p2|SadPotat0|101|2173\n|teamsize|p1|6\n|teamsize|p2|6\n|gen|9\n|tier|[Gen 9] Random Battle\n|rated|\n|rule|Species Clause: Limit one of each Pok\u00e9mon\n|rule|HP Percentage Mod: HP is shown in percentages\n|rule|Sleep Clause Mod: Limit one foe put to sleep\n|rule|Illusion Level Mod: Illusion disguises the Pok\u00e9mon's true level\n|\n|t:|1732981442\n|start\n|switch|p1a: Klefki|Klefki, L84, F|233/233\n|switch|p2a: Jumpluff|Jumpluff, L87, F|271/271\n|turn|1\n|inactive|Battle timer is ON: inactive players will automatically lose when time's up. (requested by vegemite360)\n|\n|t:|1732981454\n|switch|p2a: Iron Treads|Iron Treads, L77|265/265\n|move|p1a: Klefki|Spikes|p2a: Iron Treads\n|-sidestart|p2: SadPotat0|Spikes\n|\n|upkeep\n|turn|2\n|\n|t:|1732981464\n|switch|p1a: Moltres|Moltres, L81|278/278\n|move|p2a: Iron Treads|Knock Off|p1a: Moltres\n|-damage|p1a: Moltres|209/278\n|-status|p2a: Iron Treads|brn|[from] ability: Flame Body|[of] p1a: Moltres\n|-enditem|p1a: Moltres|Heavy-Duty Boots|[from] move: Knock Off|[of] p2a: Iron Treads\n|\n|-damage|p2a: Iron Treads|249/265 brn|[from] brn\n|upkeep\n|turn|3\n|\n|t:|1732981477\n|-end|p2a: Iron Treads|Quark Drive|[silent]\n|switch|p2a: Qwilfish|Qwilfish, L86, M|252/252\n|-damage|p2a: Qwilfish|221/252|[from] Spikes\n|-ability|p2a: Qwilfish|Intimidate|boost\n|-unboost|p1a: Moltres|atk|1\n|move|p1a: Moltres|Fire Blast|p2a: Qwilfish\n|-resisted|p2a: Qwilfish\n|-damage|p2a: Qwilfish|123/252\n|\n|-heal|p2a: Qwilfish|138/252|[from] item: Leftovers\n|upkeep\n|turn|4\n|\n|t:|1732981487\n|move|p2a: Qwilfish|Toxic Spikes|p1a: Moltres\n|-sidestart|p1: vegemite360|move: Toxic Spikes\n|move|p1a: Moltres|Scorching Sands|p2a: Qwilfish\n|-supereffective|p2a: Qwilfish\n|-damage|p2a: Qwilfish|0 fnt\n|faint|p2a: Qwilfish\n|\n|upkeep\n|\n|t:|1732981502\n|switch|p2a: Milotic|Milotic, L83, F|293/293\n|-damage|p2a: Milotic|257/293|[from] Spikes\n|turn|5\n|\n|t:|1732981508\n|switch|p1a: Overqwil|Overqwil, L82, F|274/274\n|-sideend|p1: vegemite360|move: Toxic Spikes|[of] p1a: Overqwil\n|-ability|p1a: Overqwil|Intimidate|boost\n|-unboost|p2a: Milotic|atk|1\n|-ability|p2a: Milotic|Competitive|boost\n|-boost|p2a: Milotic|spa|2\n|move|p2a: Milotic|Scald|p1a: Overqwil\n|-damage|p1a: Overqwil|66/274\n|\n|-heal|p2a: Milotic|275/293|[from] item: Leftovers\n|upkeep\n|turn|6\n|\n|t:|1732981515\n|move|p1a: Overqwil|Gunk Shot|p2a: Milotic\n|-damage|p2a: Milotic|125/293\n|move|p2a: Milotic|Scald|p1a: Overqwil\n|-damage|p1a: Overqwil|0 fnt\n|faint|p1a: Overqwil\n|\n|-heal|p2a: Milotic|143/293|[from] item: Leftovers\n|upkeep\n|\n|t:|1732981535\n|switch|p1a: Hitmonlee|Hitmonlee, L85, M|223/223\n|turn|7\n|\n|t:|1732981541\n|switch|p2a: Flutter Mane|Flutter Mane, L74|203/203\n|-damage|p2a: Flutter Mane|178/203|[from] Spikes\n|move|p1a: Hitmonlee|High Jump Kick|p2a: Flutter Mane\n|-immune|p2a: Flutter Mane\n|-damage|p1a: Hitmonlee|112/223|[from] highjumpkick\n|\n|upkeep\n|turn|8\n|inactive|vegemite360 has 120 seconds left.\n|\n|t:|1732981576\n|switch|p1a: Klefki|Klefki, L84, F|233/233\n|move|p2a: Flutter Mane|Shadow Ball|p1a: Klefki\n|-damage|p1a: Klefki|91/233\n|\n|-heal|p1a: Klefki|105/233|[from] item: Leftovers\n|upkeep\n|turn|9\n|inactive|vegemite360 has 120 seconds left.\n|\n|t:|1732981581\n|-end|p2a: Flutter Mane|Protosynthesis|[silent]\n|switch|p2a: Iron Treads|Iron Treads, L77|249/265 brn\n|-damage|p2a: Iron Treads|216/265 brn|[from] Spikes\n|switch|p1a: Porygon-Z|Porygon-Z, L83|277/277\n|\n|-damage|p2a: Iron Treads|200/265 brn|[from] brn\n|upkeep\n|turn|10\n|\n|t:|1732981589\n|move|p2a: Iron Treads|Rapid Spin|p1a: Porygon-Z\n|-damage|p1a: Porygon-Z|259/277\n|-boost|p2a: Iron Treads|spe|1\n|-sideend|p2: SadPotat0|Spikes|[from] move: Rapid Spin|[of] p2a: Iron Treads\n|move|p1a: Porygon-Z|Agility|p1a: Porygon-Z\n|-boost|p1a: Porygon-Z|spe|2\n|\n|-damage|p2a: Iron Treads|184/265 brn|[from] brn\n|upkeep\n|turn|11\n|\n|t:|1732981595\n|move|p1a: Porygon-Z|Nasty Plot|p1a: Porygon-Z\n|-boost|p1a: Porygon-Z|spa|2\n|move|p2a: Iron Treads|Knock Off|p1a: Porygon-Z\n|-damage|p1a: Porygon-Z|223/277\n|-enditem|p1a: Porygon-Z|Life Orb|[from] move: Knock Off|[of] p2a: Iron Treads\n|\n|-damage|p2a: Iron Treads|168/265 brn|[from] brn\n|upkeep\n|turn|12\n|\n|t:|1732981602\n|move|p1a: Porygon-Z|Nasty Plot|p1a: Porygon-Z\n|-boost|p1a: Porygon-Z|spa|2\n|move|p2a: Iron Treads|Earthquake|p1a: Porygon-Z\n|-damage|p1a: Porygon-Z|169/277\n|\n|-damage|p2a: Iron Treads|152/265 brn|[from] brn\n|upkeep\n|turn|13\n|\n|t:|1732981609\n|move|p1a: Porygon-Z|Shadow Ball|p2a: Iron Treads\n|-damage|p2a: Iron Treads|0 fnt\n|faint|p2a: Iron Treads\n|-end|p2a: Iron Treads|Quark Drive|[silent]\n|\n|upkeep\n|\n|t:|1732981611\n|switch|p2a: Cryogonal|Cryogonal, L89|287/287\n|turn|14\n|\n|t:|1732981615\n|-terastallize|p1a: Porygon-Z|Fighting\n|move|p1a: Porygon-Z|Tera Blast|p2a: Cryogonal|[anim] Tera Blast Fighting\n|-supereffective|p2a: Cryogonal\n|-damage|p2a: Cryogonal|0 fnt\n|faint|p2a: Cryogonal\n|\n|upkeep\n|-message|SadPotat0 forfeited.\n|\n|win|vegemite360\n|raw|vegemite360's rating: 2258 &rarr; <strong>2273</strong><br />(+15 for winning)\n|raw|SadPotat0's rating: 2173 &rarr; <strong>2158</strong><br />(-15 for losing)\n|l|\u2606SadPotat0\n|player|p2|\n", "inputlog": ">version b107d77f5c90bd6555267ae244a6264823309ead\n>start {\"formatid\":\"gen9randombattle\",\"seed\":[59354,59622,58015,7390],\"rated\":\"Rated battle\"}\n>player p1 {\"name\":\"vegemite360\",\"avatar\":\"lance\",\"rating\":2258,\"seed\":[56551,6797,24401,5865]}\n>player p2 {\"name\":\"SadPotat0\",\"avatar\":\"101\",\"rating\":2173,\"seed\":[36565,28244,47306,54986]}\n>p1 move spikes\n>p2 switch 5\n>p1 switch 3\n>p2 move knockoff\n>p1 move fireblast\n>p2 switch 3\n>p1 move scorchingsands\n>p2 move toxicspikes\n>p2 switch 4\n>p1 switch 4\n>p2 move scald\n>p1 move gunkshot\n>p2 move scald\n>p1 switch 6\n>p1 move highjumpkick\n>p2 switch 2\n>p1 switch 3\n>p2 move shadowball\n>p1 switch 2\n>p2 switch 3\n>p1 move agility\n>p2 move rapidspin\n>p1 move nastyplot\n>p2 move knockoff\n>p1 move nastyplot\n>p2 move earthquake\n>p1 move shadowball\n>p2 move earthquake\n>p2 switch 6\n>p1 move terablast terastallize\n>p2 move icebeam\n>forcelose p2", "uploadtime": 1732981624, "views": 3, "formatid": "gen9randombattle", "rating": 2158, "private": 0, "password": null}