{"id": "gen9randombattle-2254123778", "format": "[Gen 9] Random Battle", "players": ["elexevity", "skepticalerror"], "log": "|j|\u2606elexevity\n|j|\u2606skepticalerror\n|t:|1732994132\n|gametype|singles\n|player|p1|elexevity|cynthia|1172\n|player|p2|skepticalerror|swimmer|1210\n|teamsize|p1|6\n|teamsize|p2|6\n|gen|9\n|tier|[Gen 9] Random Battle\n|rated|\n|rule|Species Clause: Limit one of each Pok\u00e9mon\n|rule|HP Percentage Mod: HP is shown in percentages\n|rule|Sleep Clause Mod: Limit one foe put to sleep\n|rule|Illusion Level Mod: Illusion disguises the Pok\u00e9mon's true level\n|\n|t:|1732994132\n|start\n|switch|p1a: Araquanid|Araquanid, L82, M|246/246\n|switch|p2a: Mimikyu|Mimikyu, L79, M|238/238\n|turn|1\n|inactive|Battle timer is ON: inactive players will automatically lose when time's up. (requested by elexevity)\n|\n|t:|1732994159\n|switch|p2a: Mimikyu|Mimikyu, L79, M|216/216\n|move|p1a: Araquanid|Sticky Web|p2a: Mimikyu\n|-sidestart|p2: skepticalerror|move: Sticky Web\n|\n|upkeep\n|turn|2\n|c|\u2606elexevity|the fuck\n|\n|t:|1732994168\n|move|p2a: Mimikyu|Swords Dance|p2a: Mimikyu\n|-boost|p2a: Mimikyu|atk|2\n|move|p1a: Araquanid|Hydro Pump|p2a: Mimikyu|[miss]\n|-miss|p1a: Araquanid|p2a: Mimikyu\n|\n|upkeep\n|turn|3\n|\n|t:|1732994175\n|move|p2a: Mimikyu|Swords Dance|p2a: Mimikyu\n|-boost|p2a: Mimikyu|atk|2\n|move|p1a: Araquanid|Liquidation|p2a: Mimikyu\n|-activate|p2a: Mimikyu|ability: Disguise\n|-damage|p2a: Mimikyu|216/216\n|detailschange|p2a: Mimikyu|Mimikyu-Busted, L79, M\n|-damage|p2a: Mimikyu|189/216|[from] pokemon: Mimikyu-Busted\n|\n|upkeep\n|turn|4\n|\n|t:|1732994186\n|move|p2a: Mimikyu|Play Rough|p1a: Araquanid\n|-damage|p1a: Araquanid|0 fnt\n|faint|p1a: Araquanid\n|-damage|p2a: Mimikyu|168/216|[from] item: Life Orb\n|\n|upkeep\n|\n|t:|1732994210\n|switch|p1a: Heatran|Heatran, L79, M|273/273\n|-item|p1a: Heatran|Air Balloon\n|turn|5\n|\n|t:|1732994219\n|move|p2a: Mimikyu|Shadow Claw|p1a: Heatran\n|-damage|p1a: Heatran|51/273\n|-enditem|p1a: Heatran|Air Balloon\n|-damage|p2a: Mimikyu|147/216|[from] item: Life Orb\n|move|p1a: Heatran|Earth Power|p2a: Mimikyu\n|-damage|p2a: Mimikyu|86/216\n|-unboost|p2a: Mimikyu|spd|1\n|\n|upkeep\n|turn|6\n|\n|t:|1732994240\n|move|p2a: Mimikyu|Shadow Sneak|p1a: Heatran\n|-damage|p1a: Heatran|0 fnt\n|faint|p1a: Heatran\n|-damage|p2a: Mimikyu|65/216|[from] item: Life Orb\n|\n|upkeep\n|\n|t:|1732994246\n|switch|p1a: Pachirisu|Pachirisu, L96, M|271/271\n|turn|7\n|\n|t:|1732994254\n|move|p1a: Pachirisu|Discharge|p2a: Mimikyu\n|-damage|p2a: Mimikyu|0 fnt\n|faint|p2a: Mimikyu\n|\n|upkeep\n|\n|t:|1732994262\n|switch|p2a: Reuniclus|Reuniclus, L88, F|337/337\n|-activate|p2a: Reuniclus|move: Sticky Web\n|-unboost|p2a: Reuniclus|spe|1\n|turn|8\n|\n|t:|1732994269\n|move|p1a: Pachirisu|U-turn|p2a: Reuniclus\n|-supereffective|p2a: Reuniclus\n|-damage|p2a: Reuniclus|255/337\n|\n|t:|1732994278\n|switch|p1a: Grimmsnarl|Grimmsnarl, L83, M|293/293|[from] U-turn\n|move|p2a: Reuniclus|Calm Mind|p2a: Reuniclus\n|-boost|p2a: Reuniclus|spa|1\n|-boost|p2a: Reuniclus|spd|1\n|\n|upkeep\n|turn|9\n|\n|t:|1732994294\n|switch|p2a: Reuniclus|Reuniclus, L88, F|238/238\n|-activate|p2a: Reuniclus|move: Sticky Web\n|-unboost|p2a: Reuniclus|spe|1\n|move|p1a: Grimmsnarl|Parting Shot|p2a: Reuniclus\n|-hint|Since gen 7, Dark is immune to Prankster moves.\n|-immune|p2a: Reuniclus\n|\n|upkeep\n|turn|10\n|\n|t:|1732994310\n|move|p1a: Grimmsnarl|Thunder Wave|p2a: Reuniclus\n|-hint|Since gen 7, Dark is immune to Prankster moves.\n|-immune|p2a: Reuniclus\n|move|p2a: Reuniclus|Sludge Bomb|p1a: Grimmsnarl\n|-supereffective|p1a: Grimmsnarl\n|-damage|p1a: Grimmsnarl|19/293\n|-status|p1a: Grimmsnarl|psn\n|\n|-heal|p1a: Grimmsnarl|37/293 psn|[from] item: Leftovers\n|-damage|p1a: Grimmsnarl|1/293 psn|[from] psn\n|upkeep\n|turn|11\n|\n|t:|1732994322\n|move|p2a: Reuniclus|Sludge Bomb|p1a: Grimmsnarl\n|-supereffective|p1a: Grimmsnarl\n|-damage|p1a: Grimmsnarl|0 fnt\n|faint|p1a: Grimmsnarl\n|\n|upkeep\n|\n|t:|1732994326\n|switch|p1a: Cinccino|Cinccino, L83, F|260/260\n|turn|12\n|\n|t:|1732994337\n|switch|p2a: Rampardos|Rampardos, L90, M|321/321\n|-activate|p2a: Rampardos|move: Sticky Web\n|-unboost|p2a: Rampardos|spe|1\n|move|p1a: Cinccino|Triple Axel|p2a: Rampardos\n|-damage|p2a: Rampardos|293/321\n|-damage|p2a: Rampardos|238/321\n|-damage|p2a: Rampardos|163/321\n|-hitcount|p2a: Rampardos|3\n|\n|upkeep\n|turn|13\n|\n|t:|1732994349\n|move|p1a: Cinccino|Bullet Seed|p2a: Rampardos\n|-supereffective|p2a: Rampardos\n|-damage|p2a: Rampardos|97/321\n|-supereffective|p2a: Rampardos\n|-damage|p2a: Rampardos|35/321\n|-supereffective|p2a: Rampardos\n|-damage|p2a: Rampardos|0 fnt\n|faint|p2a: Rampardos\n|-hitcount|p2: Rampardos|3\n|\n|upkeep\n|\n|t:|1732994354\n|switch|p2a: Goodra|Goodra, L85, F|292/292\n|-activate|p2a: Goodra|move: Sticky Web\n|-unboost|p2a: Goodra|spe|1\n|turn|14\n|\n|t:|1732994370\n|move|p1a: Cinccino|Triple Axel|p2a: Goodra\n|-supereffective|p2a: Goodra\n|-damage|p2a: Goodra|244/292\n|-supereffective|p2a: Goodra\n|-damage|p2a: Goodra|138/292\n|-supereffective|p2a: Goodra\n|-damage|p2a: Goodra|0 fnt\n|faint|p2a: Goodra\n|-hitcount|p2: Goodra|3\n|\n|upkeep\n|\n|t:|1732994377\n|switch|p2a: Reuniclus|Reuniclus, L88, F|238/238\n|-activate|p2a: Reuniclus|move: Sticky Web\n|-unboost|p2a: Reuniclus|spe|1\n|turn|15\n|\n|t:|1732994390\n|move|p1a: Cinccino|U-turn|p2a: Reuniclus\n|-supereffective|p2a: Reuniclus\n|-damage|p2a: Reuniclus|122/238\n|replace|p2a: Zoroark|Zoroark, L84, F\n|-end|p2a: Zoroark|Illusion\n|-hint|Illusion Level Mod is active, so this Pok\u00e9mon's true level was hidden.\n|\n|t:|1732994396\n|switch|p1a: Pachirisu|Pachirisu, L96, M|271/271|[from] U-turn\n|move|p2a: Zoroark|Dark Pulse|p1a: Pachirisu\n|-damage|p1a: Pachirisu|141/271\n|\n|upkeep\n|turn|16\n|\n|t:|1732994403\n|move|p1a: Pachirisu|U-turn|p2a: Zoroark\n|-supereffective|p2a: Zoroark\n|-crit|p2a: Zoroark\n|-damage|p2a: Zoroark|0 fnt\n|faint|p2a: Zoroark\n|\n|t:|1732994408\n|switch|p1a: Scovillain|Scovillain, L91, F|266/266|[from] U-turn\n|\n|upkeep\n|\n|t:|1732994420\n|switch|p2a: Grumpig|Grumpig, L92, M|297/297\n|-activate|p2a: Grumpig|move: Sticky Web\n|-unboost|p2a: Grumpig|spe|1\n|turn|17\n|\n|t:|1732994434\n|move|p2a: Grumpig|Psychic|p1a: Scovillain\n|-damage|p1a: Scovillain|140/266\n|move|p1a: Scovillain|Fire Blast|p2a: Grumpig\n|-damage|p2a: Grumpig|242/297\n|\n|upkeep\n|turn|18\n|\n|t:|1732994448\n|move|p2a: Grumpig|Psychic|p1a: Scovillain\n|-damage|p1a: Scovillain|20/266\n|move|p1a: Scovillain|Energy Ball|p2a: Grumpig\n|-damage|p2a: Grumpig|142/297\n|\n|upkeep\n|turn|19\n|\n|t:|1732994454\n|move|p2a: Grumpig|Psychic|p1a: Scovillain\n|-damage|p1a: Scovillain|0 fnt\n|faint|p1a: Scovillain\n|\n|upkeep\n|\n|t:|1732994460\n|switch|p1a: Cinccino|Cinccino, L83, F|260/260\n|turn|20\n|\n|t:|1732994474\n|move|p1a: Cinccino|Bullet Seed|p2a: Grumpig\n|-damage|p2a: Grumpig|112/297\n|-damage|p2a: Grumpig|85/297\n|-damage|p2a: Grumpig|54/297\n|-damage|p2a: Grumpig|26/297\n|-hitcount|p2a: Grumpig|4\n|move|p2a: Grumpig|Psychic|p1a: Cinccino\n|-damage|p1a: Cinccino|110/260\n|\n|upkeep\n|turn|21\n|\n|t:|1732994479\n|move|p1a: Cinccino|Bullet Seed|p2a: Grumpig\n|-damage|p2a: Grumpig|0 fnt\n|faint|p2a: Grumpig\n|-hitcount|p2: Grumpig|1\n|\n|upkeep\n|\n|t:|1732994501\n|switch|p2a: Reuniclus|Reuniclus, L88, F|255/337\n|-activate|p2a: Reuniclus|move: Sticky Web\n|-unboost|p2a: Reuniclus|spe|1\n|turn|22\n|\n|t:|1732994506\n|move|p1a: Cinccino|U-turn|p2a: Reuniclus\n|-supereffective|p2a: Reuniclus\n|-damage|p2a: Reuniclus|153/337\n|\n|t:|1732994508\n|switch|p1a: Pachirisu|Pachirisu, L96, M|141/271|[from] U-turn\n|move|p2a: Reuniclus|Focus Blast|p1a: Pachirisu\n|-damage|p1a: Pachirisu|5/271\n|\n|upkeep\n|turn|23\n|\n|t:|1732994518\n|move|p1a: Pachirisu|U-turn|p2a: Reuniclus\n|-supereffective|p2a: Reuniclus\n|-damage|p2a: Reuniclus|65/337\n|\n|t:|1732994520\n|switch|p1a: Cinccino|Cinccino, L83, F|110/260|[from] U-turn\n|move|p2a: Reuniclus|Psyshock|p1a: Cinccino\n|-damage|p1a: Cinccino|0 fnt\n|faint|p1a: Cinccino\n|\n|upkeep\n|\n|t:|1732994522\n|switch|p1a: Pachirisu|Pachirisu, L96, M|5/271\n|turn|24\n|\n|t:|1732994528\n|-terastallize|p2a: Reuniclus|Fighting\n|move|p1a: Pachirisu|U-turn|p2a: Reuniclus\n|-resisted|p2a: Reuniclus\n|-damage|p2a: Reuniclus|43/337\n|move|p2a: Reuniclus|Psyshock|p1a: Pachirisu\n|-damage|p1a: Pachirisu|0 fnt\n|faint|p1a: Pachirisu\n|\n|win|skepticalerror\n|raw|elexevity's rating: 1172 &rarr; <strong>1150</strong><br />(-22 for losing)\n|raw|skepticalerror's rating: 1210 &rarr; <strong>1232</strong><br />(+22 for winning)\n|l|\u2606elexevity\n|player|p1|\n|c|\u2606skepticalerror|gg\n", "inputlog": ">version b107d77f5c90bd6555267ae244a6264823309ead\n>start {\"formatid\":\"gen9randombattle\",\"seed\":[20389,43666,40000,46957],\"rated\":\"Rated battle\"}\n>player p1 {\"name\":\"elexevity\",\"avatar\":\"cynthia\",\"rating\":1172,\"seed\":[49745,26659,16350,28138]}\n>player p2 {\"name\":\"skepticalerror\",\"avatar\":\"swimmer\",\"rating\":1210,\"seed\":[49273,14203,51896,14266]}\n>p1 move stickyweb\n>p2 switch 6\n>chat \u2606elexevity|the fuck\n>p1 move hydropump\n>p2 move swordsdance\n>p1 move liquidation\n>p2 move swordsdance\n>p1 move liquidation\n>p2 move playrough\n>p1 switch 6\n>p1 move earthpower\n>p2 move shadowclaw\n>p1 move earthpower\n>p2 move shadowsneak\n>p1 switch 3\n>p1 move discharge\n>p2 move playrough\n>p2 switch 4\n>p1 move uturn\n>p2 move calmmind\n>p1 switch 4\n>p1 move partingshot\n>p2 switch 6\n>p1 move thunderwave\n>p2 move sludgebomb\n>p1 move spiritbreak\n>p2 move sludgebomb\n>p1 switch 5\n>p1 move tripleaxel\n>p2 switch 2\n>p1 move bulletseed\n>p2 move headsmash\n>p2 switch 3\n>p1 move tripleaxel\n>p2 move dracometeor\n>p2 switch 2\n>p1 move uturn\n>p2 move darkpulse\n>p1 switch 4\n>p1 move uturn\n>p2 move darkpulse\n>p1 switch 2\n>p2 switch 5\n>p1 move fireblast\n>p2 move psychic\n>p1 move energyball\n>p2 move psychic\n>p1 move energyball\n>p2 move psychic\n>p1 switch 4\n>p1 move bulletseed\n>p2 move psychic\n>p1 move bulletseed\n>p2 move psychic\n>p2 switch 6\n>p1 move uturn\n>p2 move focusblast\n>p1 switch 2\n>p1 move uturn\n>p2 move psyshock\n>p1 switch 2\n>p1 switch 2\n>p1 move uturn\n>p2 move psyshock terastallize", "uploadtime": 1732994541, "views": 19, "formatid": "gen9randombattle", "rating": 1150, "private": 0, "password": null}