{"id": "gen9randombattle-2254090430", "format": "[Gen 9] Random Battle", "players": ["PentaV", "BigBossJnack"], "log": "|j|\u2606PentaV\n|j|\u2606BigBossJnack\n|t:|1732990068\n|gametype|singles\n|player|p1|PentaV|265|2042\n|player|p2|BigBossJnack|2|2091\n|teamsize|p1|6\n|teamsize|p2|6\n|gen|9\n|tier|[Gen 9] Random Battle\n|rated|\n|rule|Species Clause: Limit one of each Pok\u00e9mon\n|rule|HP Percentage Mod: HP is shown in percentages\n|rule|Sleep Clause Mod: Limit one foe put to sleep\n|rule|Illusion Level Mod: Illusion disguises the Pok\u00e9mon's true level\n|\n|t:|1732990068\n|start\n|switch|p1a: Perrserker|Perrserker, L89, M|269/269\n|switch|p2a: Scyther|Scyther, L82, F|249/249\n|turn|1\n|\n|t:|1732990075\n|move|p2a: Scyther|U-turn|p1a: Perrserker\n|-resisted|p1a: Perrserker\n|-damage|p1a: Perrserker|236/269\n|\n|t:|1732990080\n|switch|p2a: Pelipper|Pelipper, L86, M|243/243|[from] U-turn\n|-weather|RainDance|[from] ability: Drizzle|[of] p2a: Pelipper\n|move|p1a: Perrserker|Stealth Rock|p2a: Pelipper\n|-sidestart|p2: BigBossJnack|move: Stealth Rock\n|\n|-weather|RainDance|[upkeep]\n|upkeep\n|turn|2\n|\n|t:|1732990093\n|switch|p1a: Gothitelle|Gothitelle, L90, F|272/272\n|move|p2a: Pelipper|Weather Ball|p1a: Gothitelle\n|-damage|p1a: Gothitelle|79/272\n|\n|-weather|RainDance|[upkeep]\n|upkeep\n|turn|3\n|\n|t:|1732990100\n|move|p1a: Gothitelle|Psychic|p2a: Pelipper\n|-damage|p2a: Pelipper|111/243\n|move|p2a: Pelipper|Weather Ball|p1a: Gothitelle\n|-damage|p1a: Gothitelle|0 fnt\n|faint|p1a: Gothitelle\n|\n|-weather|RainDance|[upkeep]\n|upkeep\n|\n|t:|1732990111\n|switch|p1a: Gengar|Gengar, L81, F|230/230\n|turn|4\n|inactive|Battle timer is ON: inactive players will automatically lose when time's up. (requested by PentaV)\n|\n|t:|1732990133\n|switch|p2a: Pachirisu|Pachirisu, L96, M|271/271\n|move|p1a: Gengar|Sludge Wave|p2a: Pachirisu\n|-damage|p2a: Pachirisu|130/271\n|\n|-weather|RainDance|[upkeep]\n|upkeep\n|turn|5\n|\n|t:|1732990141\n|switch|p1a: Spidops|Spidops, L96, M|271/271\n|move|p2a: Pachirisu|Discharge|p1a: Spidops\n|-damage|p1a: Spidops|214/271\n|\n|-weather|none\n|upkeep\n|turn|6\n|\n|t:|1732990147\n|move|p2a: Pachirisu|Super Fang|p1a: Spidops\n|-damage|p1a: Spidops|107/271\n|move|p1a: Spidops|Sticky Web|p2a: Pachirisu\n|-sidestart|p2: BigBossJnack|move: Sticky Web\n|\n|upkeep\n|turn|7\n|\n|t:|1732990163\n|switch|p1a: Chesnaught|Chesnaught, L84, M|285/285\n|move|p2a: Pachirisu|Discharge|p1a: Chesnaught\n|-resisted|p1a: Chesnaught\n|-damage|p1a: Chesnaught|251/285\n|\n|-heal|p1a: Chesnaught|268/285|[from] item: Leftovers\n|upkeep\n|turn|8\n|\n|t:|1732990170\n|switch|p2a: Bellossom|Bellossom, L84, F|263/263\n|-damage|p2a: Bellossom|231/263|[from] Stealth Rock\n|-activate|p2a: Bellossom|move: Sticky Web\n|-unboost|p2a: Bellossom|spe|1\n|move|p1a: Chesnaught|Spikes|p2a: Bellossom\n|-sidestart|p2: BigBossJnack|Spikes\n|\n|-heal|p1a: Chesnaught|285/285|[from] item: Leftovers\n|-heal|p2a: Bellossom|247/263|[from] item: Leftovers\n|upkeep\n|turn|9\n|\n|t:|1732990175\n|switch|p1a: Perrserker|Perrserker, L89, M|236/269\n|move|p2a: Bellossom|Quiver Dance|p2a: Bellossom\n|-boost|p2a: Bellossom|spa|1\n|-boost|p2a: Bellossom|spd|1\n|-boost|p2a: Bellossom|spe|1\n|\n|-heal|p2a: Bellossom|263/263|[from] item: Leftovers\n|upkeep\n|turn|10\n|\n|t:|1732990182\n|move|p1a: Perrserker|Iron Head|p2a: Bellossom\n|-damage|p2a: Bellossom|86/263\n|-damage|p1a: Perrserker|210/269|[from] item: Life Orb\n|move|p2a: Bellossom|Strength Sap|p1a: Perrserker\n|-unboost|p1a: Perrserker|atk|1\n|-heal|p2a: Bellossom|263/263\n|\n|upkeep\n|turn|11\n|\n|t:|1732990193\n|switch|p1a: Gengar|Gengar, L81, F|230/230\n|move|p2a: Bellossom|Quiver Dance|p2a: Bellossom\n|-boost|p2a: Bellossom|spa|1\n|-boost|p2a: Bellossom|spd|1\n|-boost|p2a: Bellossom|spe|1\n|\n|upkeep\n|turn|12\n|\n|t:|1732990203\n|-terastallize|p2a: Bellossom|Poison\n|move|p1a: Gengar|Trick|p2a: Bellossom\n|-activate|p1a: Gengar|move: Trick|[of] p2a: Bellossom\n|-item|p2a: Bellossom|Choice Specs|[from] move: Trick\n|-item|p1a: Gengar|Leftovers|[from] move: Trick\n|move|p2a: Bellossom|Quiver Dance|p2a: Bellossom\n|-boost|p2a: Bellossom|spa|1\n|-boost|p2a: Bellossom|spd|1\n|-boost|p2a: Bellossom|spe|1\n|\n|upkeep\n|turn|13\n|\n|t:|1732990212\n|switch|p2a: Scyther|Scyther, L82, F|249/249\n|switch|p1a: Spidops|Spidops, L96, M|107/271\n|\n|upkeep\n|turn|14\n|\n|t:|1732990218\n|switch|p1a: Perrserker|Perrserker, L89, M|210/269\n|move|p2a: Scyther|Defog|p1a: Perrserker\n|-unboost|p1a: Perrserker|evasion|1\n|-sideend|p2: BigBossJnack|Spikes|[from] move: Defog|[of] p2a: Scyther\n|-sideend|p2: BigBossJnack|Stealth Rock|[from] move: Defog|[of] p2a: Scyther\n|-sideend|p2: BigBossJnack|Sticky Web|[from] move: Defog|[of] p2a: Scyther\n|\n|upkeep\n|turn|15\n|\n|t:|1732990224\n|move|p2a: Scyther|U-turn|p1a: Perrserker\n|-resisted|p1a: Perrserker\n|-damage|p1a: Perrserker|178/269\n|\n|t:|1732990231\n|switch|p2a: Pachirisu|Pachirisu, L96, M|130/271|[from] U-turn\n|move|p1a: Perrserker|Iron Head|p2a: Pachirisu\n|-resisted|p2a: Pachirisu\n|-damage|p2a: Pachirisu|31/271\n|-damage|p1a: Perrserker|152/269|[from] item: Life Orb\n|\n|upkeep\n|turn|16\n|inactive|PentaV has 120 seconds left.\n|\n|t:|1732990267\n|switch|p1a: Chesnaught|Chesnaught, L84, M|285/285\n|move|p2a: Pachirisu|Discharge|p1a: Chesnaught\n|-resisted|p1a: Chesnaught\n|-damage|p1a: Chesnaught|252/285\n|\n|-heal|p1a: Chesnaught|269/285|[from] item: Leftovers\n|upkeep\n|turn|17\n|inactive|PentaV has 120 seconds left.\n|\n|t:|1732990273\n|move|p2a: Pachirisu|U-turn|p1a: Chesnaught\n|-damage|p1a: Chesnaught|237/285\n|\n|t:|1732990282\n|switch|p2a: Pelipper|Pelipper, L86, M|111/243|[from] U-turn\n|-weather|RainDance|[from] ability: Drizzle|[of] p2a: Pelipper\n|move|p1a: Chesnaught|Wood Hammer|p2a: Pelipper\n|-damage|p2a: Pelipper|0 fnt\n|faint|p2a: Pelipper\n|-damage|p1a: Chesnaught|200/285|[from] Recoil\n|\n|-weather|RainDance|[upkeep]\n|-heal|p1a: Chesnaught|217/285|[from] item: Leftovers\n|upkeep\n|\n|t:|1732990287\n|switch|p2a: Scyther|Scyther, L82, F|249/249\n|turn|18\n|\n|t:|1732990298\n|switch|p1a: Perrserker|Perrserker, L89, M|152/269\n|move|p2a: Scyther|Dual Wingbeat|p1a: Perrserker\n|-resisted|p1a: Perrserker\n|-damage|p1a: Perrserker|123/269\n|-resisted|p1a: Perrserker\n|-damage|p1a: Perrserker|93/269\n|-hitcount|p1a: Perrserker|2\n|\n|-weather|RainDance|[upkeep]\n|upkeep\n|turn|19\n|\n|t:|1732990305\n|move|p2a: Scyther|Dual Wingbeat|p1a: Perrserker\n|-resisted|p1a: Perrserker\n|-damage|p1a: Perrserker|63/269\n|-resisted|p1a: Perrserker\n|-damage|p1a: Perrserker|33/269\n|-hitcount|p1a: Perrserker|2\n|move|p1a: Perrserker|Stealth Rock|p2a: Scyther\n|-sidestart|p2: BigBossJnack|move: Stealth Rock\n|\n|-weather|RainDance|[upkeep]\n|upkeep\n|turn|20\n|\n|t:|1732990319\n|move|p2a: Scyther|Dual Wingbeat|p1a: Perrserker\n|-resisted|p1a: Perrserker\n|-damage|p1a: Perrserker|6/269\n|-resisted|p1a: Perrserker\n|-damage|p1a: Perrserker|0 fnt\n|faint|p1a: Perrserker\n|-hitcount|p1: Perrserker|2\n|\n|-weather|RainDance|[upkeep]\n|upkeep\n|\n|t:|1732990328\n|switch|p1a: Gengar|Gengar, L81, F|230/230\n|turn|21\n|\n|t:|1732990340\n|switch|p2a: Bellossom|Bellossom, L84, F, tera:Poison|263/263\n|-damage|p2a: Bellossom|231/263|[from] Stealth Rock\n|move|p1a: Gengar|Sludge Wave|p2a: Bellossom\n|-resisted|p2a: Bellossom\n|-damage|p2a: Bellossom|180/263\n|\n|-weather|none\n|upkeep\n|turn|22\n|\n|t:|1732990355\n|move|p1a: Gengar|Shadow Ball|p2a: Bellossom\n|-damage|p2a: Bellossom|84/263\n|move|p2a: Bellossom|Giga Drain|p1a: Gengar\n|-resisted|p1a: Gengar\n|-damage|p1a: Gengar|164/230\n|-heal|p2a: Bellossom|117/263|[from] drain|[of] p1a: Gengar\n|-start|p2a: Bellossom|Disable|Giga Drain|[from] ability: Cursed Body|[of] p1a: Gengar\n|\n|-heal|p1a: Gengar|178/230|[from] item: Leftovers\n|upkeep\n|turn|23\n|\n|t:|1732990362\n|switch|p1a: Spidops|Spidops, L96, M|107/271\n|-activate|p2a: Bellossom|move: Struggle\n|move|p2a: Bellossom|Struggle|p1a: Spidops\n|-damage|p1a: Spidops|85/271\n|-damage|p2a: Bellossom|51/263|[from] recoil\n|\n|upkeep\n|turn|24\n|\n|t:|1732990367\n|switch|p2a: Scyther|Scyther, L82, F|249/249\n|move|p1a: Spidops|Knock Off|p2a: Scyther\n|-damage|p2a: Scyther|85/249\n|-enditem|p2a: Scyther|Heavy-Duty Boots|[from] move: Knock Off|[of] p1a: Spidops\n|\n|upkeep\n|turn|25\n|\n|t:|1732990379\n|switch|p1a: Gengar|Gengar, L81, F|178/230\n|move|p2a: Scyther|Dual Wingbeat|p1a: Gengar\n|-damage|p1a: Gengar|88/230\n|-start|p2a: Scyther|Disable|Dual Wingbeat|[from] ability: Cursed Body|[of] p1a: Gengar\n|-damage|p1a: Gengar|0 fnt\n|faint|p1a: Gengar\n|-hitcount|p1: Gengar|2\n|\n|upkeep\n|\n|t:|1732990395\n|switch|p1a: Thundurus|Thundurus-Therian, L80, M|258/258\n|turn|26\n|\n|t:|1732990402\n|move|p2a: Scyther|Defog|p1a: Thundurus\n|-unboost|p1a: Thundurus|evasion|1\n|-sideend|p2: BigBossJnack|Stealth Rock|[from] move: Defog|[of] p2a: Scyther\n|move|p1a: Thundurus|Tera Blast|p2a: Scyther\n|-damage|p2a: Scyther|2/249\n|\n|upkeep\n|turn|27\n|\n|t:|1732990417\n|move|p2a: Scyther|U-turn|p1a: Thundurus\n|-resisted|p1a: Thundurus\n|-damage|p1a: Thundurus|211/258\n|\n|t:|1732990424\n|switch|p2a: Coalossal|Coalossal, L89, M|341/341|[from] U-turn\n|move|p1a: Thundurus|Tera Blast|p2a: Coalossal\n|-resisted|p2a: Coalossal\n|-damage|p2a: Coalossal|310/341\n|\n|upkeep\n|turn|28\n|\n|t:|1732990445\n|switch|p1a: Spidops|Spidops, L96, M|85/271\n|move|p2a: Coalossal|Flamethrower|p1a: Spidops\n|-supereffective|p1a: Spidops\n|-damage|p1a: Spidops|0 fnt\n|faint|p1a: Spidops\n|\n|upkeep\n|\n|t:|1732990447\n|switch|p1a: Chesnaught|Chesnaught, L84, M|217/285\n|turn|29\n|\n|t:|1732990452\n|move|p1a: Chesnaught|Body Press|p2a: Coalossal\n|-supereffective|p2a: Coalossal\n|-damage|p2a: Coalossal|160/341\n|move|p2a: Coalossal|Flamethrower|p1a: Chesnaught\n|-supereffective|p1a: Chesnaught\n|-damage|p1a: Chesnaught|29/285\n|\n|-heal|p1a: Chesnaught|46/285|[from] item: Leftovers\n|upkeep\n|turn|30\n|\n|t:|1732990457\n|move|p1a: Chesnaught|Body Press|p2a: Coalossal\n|-supereffective|p2a: Coalossal\n|-crit|p2a: Coalossal\n|-damage|p2a: Coalossal|0 fnt\n|faint|p2a: Coalossal\n|\n|-heal|p1a: Chesnaught|63/285|[from] item: Leftovers\n|upkeep\n|\n|t:|1732990462\n|switch|p2a: Scyther|Scyther, L82, F|2/249\n|turn|31\n|\n|t:|1732990465\n|switch|p1a: Thundurus|Thundurus-Therian, L80, M|211/258\n|move|p2a: Scyther|Dual Wingbeat|p1a: Thundurus\n|-resisted|p1a: Thundurus\n|-crit|p1a: Thundurus\n|-damage|p1a: Thundurus|149/258\n|-resisted|p1a: Thundurus\n|-damage|p1a: Thundurus|107/258\n|-hitcount|p1a: Thundurus|2\n|\n|upkeep\n|turn|32\n|\n|t:|1732990472\n|switch|p2a: Pachirisu|Pachirisu, L96, M|31/271\n|move|p1a: Thundurus|Tera Blast|p2a: Pachirisu\n|-damage|p2a: Pachirisu|0 fnt\n|faint|p2a: Pachirisu\n|\n|upkeep\n|\n|t:|1732990474\n|switch|p2a: Regidrago|Regidrago, L77|435/435\n|turn|33\n|\n|t:|1732990496\n|-terastallize|p1a: Thundurus|Flying\n|move|p1a: Thundurus|Tera Blast|p2a: Regidrago|[anim] Tera Blast Flying\n|-damage|p2a: Regidrago|211/435\n|move|p2a: Regidrago|Dragon Dance|p2a: Regidrago\n|-boost|p2a: Regidrago|atk|1\n|-boost|p2a: Regidrago|spe|1\n|\n|upkeep\n|turn|34\n|c|\u2606PentaV|gg\n|\n|t:|1732990501\n|move|p2a: Regidrago|Dragon Claw|p1a: Thundurus\n|-damage|p1a: Thundurus|0 fnt\n|faint|p1a: Thundurus\n|-damage|p2a: Regidrago|168/435|[from] item: Life Orb\n|\n|upkeep\n|\n|t:|1732990503\n|switch|p1a: Chesnaught|Chesnaught, L84, M|63/285\n|turn|35\n|c|\u2606BigBossJnack|gg\n|\n|t:|1732990507\n|move|p2a: Regidrago|Dragon Claw|p1a: Chesnaught\n|-damage|p1a: Chesnaught|0 fnt\n|faint|p1a: Chesnaught\n|-damage|p2a: Regidrago|125/435|[from] item: Life Orb\n|\n|win|BigBossJnack\n|raw|PentaV's rating: 2042 &rarr; <strong>2025</strong><br />(-17 for losing)\n|raw|BigBossJnack's rating: 2091 &rarr; <strong>2108</strong><br />(+17 for winning)\n|l|\u2606PentaV\n|player|p1|\n", "inputlog": ">version b107d77f5c90bd6555267ae244a6264823309ead\n>start {\"formatid\":\"gen9randombattle\",\"seed\":[29091,59324,65288,60953],\"rated\":\"Rated battle\"}\n>player p1 {\"name\":\"PentaV\",\"avatar\":\"265\",\"rating\":2042,\"seed\":[22835,36049,40129,50821]}\n>player p2 {\"name\":\"BigBossJnack\",\"avatar\":\"2\",\"rating\":2091,\"seed\":[57385,26745,13396,56092]}\n>p1 move stealthrock\n>p2 move uturn\n>p2 switch 4\n>p1 switch 2\n>p2 move weatherball\n>p1 move psychic\n>p2 move weatherball\n>p1 switch 4\n>p1 move sludgewave\n>p2 switch 6\n>p1 switch 6\n>p2 move discharge\n>p1 move stickyweb\n>p2 move superfang\n>p1 switch 5\n>p2 move discharge\n>p1 move spikes\n>p2 switch 3\n>p1 switch 2\n>p2 move quiverdance\n>p1 move ironhead\n>p2 move strengthsap\n>p1 switch 6\n>p2 move quiverdance\n>p1 move trick\n>p2 move quiverdance terastallize\n>p1 switch 5\n>p2 switch 4\n>p1 switch 6\n>p2 move defog\n>p1 move ironhead\n>p2 move uturn\n>p2 switch 3\n>p1 switch 2\n>p2 move discharge\n>p1 move woodhammer\n>p2 move uturn\n>p2 switch 6\n>p2 switch 3\n>p1 switch 2\n>p2 move dualwingbeat\n>p1 move stealthrock\n>p2 move dualwingbeat\n>p1 move ironhead\n>p2 move dualwingbeat\n>p1 switch 5\n>p1 move sludgewave\n>p2 switch 4\n>p1 move shadowball\n>p2 move gigadrain\n>p1 switch 6\n>p2 move struggle\n>p1 move knockoff\n>p2 switch 4\n>p1 switch 6\n>p2 move dualwingbeat\n>p1 switch 3\n>p1 move terablast\n>p2 move defog\n>p1 move terablast\n>p2 move uturn\n>p2 switch 5\n>p1 switch 6\n>p2 move flamethrower\n>p1 switch 2\n>p1 move bodypress\n>p2 move flamethrower\n>p1 move bodypress\n>p2 move flamethrower\n>p2 switch 5\n>p1 switch 6\n>p2 move dualwingbeat\n>p1 move terablast\n>p2 switch 6\n>p2 switch 2\n>p1 move terablast terastallize\n>p2 move dragondance\n>chat \u2606PentaV|gg\n>p1 move terablast\n>p2 move dragonclaw\n>p1 switch 6\n>chat \u2606BigBossJnack|gg\n>p1 move synthesis\n>p2 move dragonclaw", "uploadtime": 1732990511, "views": 1, "formatid": "gen9randombattle", "rating": 2025, "private": 0, "password": null}