{"id": "gen9randombattle-2254176109", "format": "[Gen 9] Random Battle", "players": ["Ewrz", "zaread"], "log": "|j|\u2606Ewrz\n|j|\u2606zaread\n|t:|1733000644\n|gametype|singles\n|player|p1|Ewrz|ingo|1325\n|player|p2|zaread|hiker-gen4|1374\n|teamsize|p1|6\n|teamsize|p2|6\n|gen|9\n|tier|[Gen 9] Random Battle\n|rated|\n|rule|Species Clause: Limit one of each Pok\u00e9mon\n|rule|HP Percentage Mod: HP is shown in percentages\n|rule|Sleep Clause Mod: Limit one foe put to sleep\n|rule|Illusion Level Mod: Illusion disguises the Pok\u00e9mon's true level\n|\n|t:|1733000644\n|start\n|switch|p1a: Oricorio|Oricorio, L84, M|263/263\n|switch|p2a: Brute Bonnet|Brute Bonnet, L81|312/312\n|turn|1\n|\n|t:|1733000651\n|-end|p2a: Brute Bonnet|Protosynthesis|[silent]\n|switch|p2a: Coalossal|Coalossal, L89, M|341/341\n|move|p1a: Oricorio|Hurricane|p2a: Coalossal|[miss]\n|-miss|p1a: Oricorio|p2a: Coalossal\n|\n|upkeep\n|turn|2\n|\n|t:|1733000659\n|switch|p1a: Blastoise|Blastoise, L80, F|258/258\n|move|p2a: Coalossal|Stone Edge|p1a: Blastoise\n|-damage|p1a: Blastoise|162/258\n|\n|upkeep\n|turn|3\n|\n|t:|1733000668\n|move|p1a: Blastoise|Shell Smash|p1a: Blastoise\n|-unboost|p1a: Blastoise|def|1\n|-unboost|p1a: Blastoise|spd|1\n|-boost|p1a: Blastoise|atk|2\n|-boost|p1a: Blastoise|spa|2\n|-boost|p1a: Blastoise|spe|2\n|-enditem|p1a: Blastoise|White Herb\n|-clearnegativeboost|p1a: Blastoise|[silent]\n|move|p2a: Coalossal|Stone Edge|p1a: Blastoise\n|-damage|p1a: Blastoise|57/258\n|\n|upkeep\n|turn|4\n|\n|t:|1733000680\n|move|p1a: Blastoise|Earthquake|p2a: Coalossal\n|-supereffective|p2a: Coalossal\n|-damage|p2a: Coalossal|17/341\n|move|p2a: Coalossal|Stone Edge|p1a: Blastoise|[miss]\n|-miss|p2a: Coalossal|p1a: Blastoise\n|\n|upkeep\n|turn|5\n|\n|t:|1733000684\n|move|p1a: Blastoise|Earthquake|p2a: Coalossal\n|-supereffective|p2a: Coalossal\n|-damage|p2a: Coalossal|0 fnt\n|faint|p2a: Coalossal\n|\n|upkeep\n|\n|t:|1733000690\n|switch|p2a: Brute Bonnet|Brute Bonnet, L81|312/312\n|turn|6\n|\n|t:|1733000695\n|move|p2a: Brute Bonnet|Sucker Punch|p1a: Blastoise\n|-damage|p1a: Blastoise|0 fnt\n|faint|p1a: Blastoise\n|\n|upkeep\n|\n|t:|1733000706\n|switch|p1a: Skarmory|Skarmory, L80, M|235/235\n|turn|7\n|\n|t:|1733000728\n|-end|p2a: Brute Bonnet|Protosynthesis|[silent]\n|switch|p2a: Typhlosion|Typhlosion-Hisui, L83, M|257/257\n|move|p1a: Skarmory|Spikes|p2a: Typhlosion\n|-sidestart|p2: zaread|Spikes\n|\n|upkeep\n|turn|8\n|\n|t:|1733000741\n|switch|p1a: Armarouge|Armarouge, L80, M|267/267\n|move|p2a: Typhlosion|Eruption|p1a: Armarouge\n|-resisted|p1a: Armarouge\n|-damage|p1a: Armarouge|109/267\n|\n|upkeep\n|turn|9\n|\n|t:|1733000750\n|move|p2a: Typhlosion|Eruption|p1a: Armarouge\n|-resisted|p1a: Armarouge\n|-crit|p1a: Armarouge\n|-damage|p1a: Armarouge|0 fnt\n|faint|p1a: Armarouge\n|\n|upkeep\n|\n|t:|1733000762\n|switch|p1a: Victreebel|Victreebel, L90, M|290/290\n|turn|10\n|\n|t:|1733000768\n|move|p1a: Victreebel|Sucker Punch|p2a: Typhlosion\n|-supereffective|p2a: Typhlosion\n|-crit|p2a: Typhlosion\n|-damage|p2a: Typhlosion|0 fnt\n|faint|p2a: Typhlosion\n|-damage|p1a: Victreebel|261/290|[from] item: Life Orb\n|\n|upkeep\n|\n|t:|1733000774\n|switch|p2a: Rayquaza|Rayquaza, L72|270/270\n|-ability|p2a: Rayquaza|Air Lock\n|turn|11\n|\n|t:|1733000782\n|move|p2a: Rayquaza|Dragon Dance|p2a: Rayquaza\n|-boost|p2a: Rayquaza|atk|1\n|-boost|p2a: Rayquaza|spe|1\n|move|p1a: Victreebel|Poison Jab|p2a: Rayquaza\n|-damage|p2a: Rayquaza|122/270\n|-status|p2a: Rayquaza|psn\n|-damage|p1a: Victreebel|232/290|[from] item: Life Orb\n|\n|-damage|p2a: Rayquaza|89/270 psn|[from] psn\n|upkeep\n|turn|12\n|\n|t:|1733000788\n|move|p1a: Victreebel|Sucker Punch|p2a: Rayquaza\n|-damage|p2a: Rayquaza|0 fnt\n|faint|p2a: Rayquaza\n|-damage|p1a: Victreebel|203/290|[from] item: Life Orb\n|\n|upkeep\n|\n|t:|1733000791\n|switch|p2a: Dugtrio|Dugtrio-Alola, L84, F|196/196\n|-damage|p2a: Dugtrio|172/196|[from] Spikes\n|turn|13\n|\n|t:|1733000802\n|switch|p1a: Skarmory|Skarmory, L80, M|235/235\n|move|p2a: Dugtrio|Iron Head|p1a: Skarmory\n|-resisted|p1a: Skarmory\n|-damage|p1a: Skarmory|192/235\n|-damage|p2a: Dugtrio|140/196|[from] item: Rocky Helmet|[of] p1a: Skarmory\n|-damage|p2a: Dugtrio|121/196|[from] item: Life Orb\n|\n|upkeep\n|turn|14\n|\n|t:|1733000808\n|move|p2a: Dugtrio|Swords Dance|p2a: Dugtrio\n|-boost|p2a: Dugtrio|atk|2\n|move|p1a: Skarmory|Body Press|p2a: Dugtrio\n|-supereffective|p2a: Dugtrio\n|-damage|p2a: Dugtrio|0 fnt\n|-ability|p2a: Dugtrio|Tangling Hair\n|-unboost|p1a: Skarmory|spe|1\n|faint|p2a: Dugtrio\n|\n|upkeep\n|\n|t:|1733000811\n|switch|p2a: Decidueye|Decidueye-Hisui, L87, F|295/295\n|-damage|p2a: Decidueye|259/295|[from] Spikes\n|turn|15\n|\n|t:|1733000814\n|move|p2a: Decidueye|Triple Arrows|p1a: Skarmory\n|-damage|p1a: Skarmory|107/235\n|-unboost|p1a: Skarmory|def|1\n|move|p1a: Skarmory|Brave Bird|p2a: Decidueye\n|-supereffective|p2a: Decidueye\n|-damage|p2a: Decidueye|0 fnt\n|faint|p2a: Decidueye\n|-damage|p1a: Skarmory|22/235|[from] Recoil\n|\n|upkeep\n|\n|t:|1733000818\n|switch|p2a: Brute Bonnet|Brute Bonnet, L81|312/312\n|-damage|p2a: Brute Bonnet|273/312|[from] Spikes\n|turn|16\n|\n|t:|1733000826\n|move|p2a: Brute Bonnet|Crunch|p1a: Skarmory\n|-damage|p1a: Skarmory|0 fnt\n|-damage|p2a: Brute Bonnet|221/312|[from] item: Rocky Helmet|[of] p1a: Skarmory\n|faint|p1a: Skarmory\n|\n|upkeep\n|\n|t:|1733000832\n|switch|p1a: Victreebel|Victreebel, L90, M|203/290\n|turn|17\n|\n|t:|1733000850\n|-terastallize|p2a: Brute Bonnet|Fighting\n|move|p1a: Victreebel|Poison Jab|p2a: Brute Bonnet\n|-damage|p2a: Brute Bonnet|99/312\n|-damage|p1a: Victreebel|174/290|[from] item: Life Orb\n|move|p2a: Brute Bonnet|Crunch|p1a: Victreebel\n|-damage|p1a: Victreebel|14/290\n|\n|upkeep\n|turn|18\n|\n|t:|1733000861\n|move|p1a: Victreebel|Poison Jab|p2a: Brute Bonnet\n|-damage|p2a: Brute Bonnet|0 fnt\n|faint|p2a: Brute Bonnet\n|-end|p2a: Brute Bonnet|Protosynthesis|[silent]\n|-damage|p1a: Victreebel|0 fnt|[from] item: Life Orb\n|faint|p1a: Victreebel\n|\n|win|Ewrz\n|raw|Ewrz's rating: 1325 &rarr; <strong>1348</strong><br />(+23 for winning)\n|raw|zaread's rating: 1374 &rarr; <strong>1351</strong><br />(-23 for losing)\n|l|\u2606zaread\n|player|p2|\n", "inputlog": ">version b107d77f5c90bd6555267ae244a6264823309ead\n>start {\"formatid\":\"gen9randombattle\",\"seed\":[7403,48635,50226,15352],\"rated\":\"Rated battle\"}\n>player p1 {\"name\":\"Ewrz\",\"avatar\":\"ingo\",\"rating\":1325,\"seed\":[1346,29242,45382,44940]}\n>player p2 {\"name\":\"zaread\",\"avatar\":\"hiker-gen4\",\"rating\":1374,\"seed\":[39100,54880,47399,55531]}\n>p1 move hurricane\n>p2 switch 5\n>p1 switch 6\n>p2 move stoneedge\n>p1 move shellsmash\n>p2 move stoneedge\n>p1 move earthquake\n>p2 move stoneedge\n>p1 move earthquake\n>p2 move stoneedge\n>p2 switch 5\n>p1 move icebeam\n>p2 move suckerpunch\n>p1 switch 3\n>p1 move spikes\n>p2 switch 3\n>p1 switch 2\n>p2 move eruption\n>p1 move psyshock\n>p2 move eruption\n>p1 switch 4\n>p1 move suckerpunch\n>p2 move eruption\n>p2 switch 2\n>p1 move poisonjab\n>p2 move dragondance\n>p1 move suckerpunch\n>p2 move dragonascent\n>p2 switch 6\n>p1 switch 2\n>p2 move ironhead\n>p1 move bodypress\n>p2 move swordsdance\n>p2 switch 4\n>p1 move bravebird\n>p2 move triplearrows\n>p2 switch 3\n>p1 move bravebird\n>p2 move crunch\n>p1 switch 2\n>p1 move poisonjab\n>p2 move crunch terastallize\n>p1 move poisonjab\n>p2 move crunch", "uploadtime": 1733000866, "views": 17, "formatid": "gen9randombattle", "rating": 1348, "private": 0, "password": null}