{"id": "gen9randombattle-2254053721", "format": "[Gen 9] Random Battle", "players": ["Ryugaoff", "popplio70"], "log": "|j|\u2606Ryugaoff\n|j|\u2606popplio70\n|t:|1732985430\n|gametype|singles\n|player|p1|Ryugaoff|101|1495\n|player|p2|popplio70|riley|1448\n|teamsize|p1|6\n|teamsize|p2|6\n|gen|9\n|tier|[Gen 9] Random Battle\n|rated|\n|rule|Species Clause: Limit one of each Pok\u00e9mon\n|rule|HP Percentage Mod: HP is shown in percentages\n|rule|Sleep Clause Mod: Limit one foe put to sleep\n|rule|Illusion Level Mod: Illusion disguises the Pok\u00e9mon's true level\n|\n|t:|1732985430\n|start\n|switch|p1a: Glalie|Glalie, L96, M|309/309\n|switch|p2a: Ceruledge|Ceruledge, L78, F|245/245\n|turn|1\n|inactive|Battle timer is ON: inactive players will automatically lose when time's up. (requested by popplio70)\n|\n|t:|1732985458\n|switch|p1a: Scrafty|Scrafty, L84, M|246/246\n|move|p2a: Ceruledge|Swords Dance|p2a: Ceruledge\n|-boost|p2a: Ceruledge|atk|2\n|\n|upkeep\n|turn|2\n|\n|t:|1732985467\n|move|p2a: Ceruledge|Bitter Blade|p1a: Scrafty\n|-damage|p1a: Scrafty|93/246\n|move|p1a: Scrafty|Knock Off|p2a: Ceruledge\n|-supereffective|p2a: Ceruledge\n|-damage|p2a: Ceruledge|41/245\n|-ability|p2a: Ceruledge|Weak Armor|boost\n|-unboost|p2a: Ceruledge|def|1\n|-boost|p2a: Ceruledge|spe|2\n|-enditem|p2a: Ceruledge|Heavy-Duty Boots|[from] move: Knock Off|[of] p1a: Scrafty\n|\n|-heal|p1a: Scrafty|108/246|[from] item: Leftovers\n|upkeep\n|turn|3\n|\n|t:|1732985482\n|move|p2a: Ceruledge|Bitter Blade|p1a: Scrafty\n|-damage|p1a: Scrafty|0 fnt\n|-heal|p2a: Ceruledge|95/245|[from] drain|[of] p1a: Scrafty\n|faint|p1a: Scrafty\n|\n|upkeep\n|\n|t:|1732985491\n|switch|p1a: Talonflame|Talonflame, L84, M|268/268\n|turn|4\n|\n|t:|1732985500\n|move|p2a: Ceruledge|Poltergeist|p1a: Talonflame\n|-activate|p1a: Talonflame|move: Poltergeist|Heavy-Duty Boots\n|-damage|p1a: Talonflame|0 fnt\n|faint|p1a: Talonflame\n|\n|upkeep\n|\n|t:|1732985504\n|switch|p1a: Meowstic|Meowstic, L89, M|277/277\n|turn|5\n|\n|t:|1732985508\n|move|p1a: Meowstic|Thunder Wave|p2a: Ceruledge\n|-status|p2a: Ceruledge|par\n|move|p2a: Ceruledge|Bitter Blade|p1a: Meowstic\n|-damage|p1a: Meowstic|60/277\n|-heal|p2a: Ceruledge|204/245 par|[from] drain|[of] p1a: Meowstic\n|\n|-heal|p1a: Meowstic|77/277|[from] item: Leftovers\n|upkeep\n|turn|6\n|\n|t:|1732985514\n|move|p1a: Meowstic|Psychic Noise|p2a: Ceruledge\n|-damage|p2a: Ceruledge|132/245 par\n|-start|p2a: Ceruledge|move: Heal Block\n|cant|p2a: Ceruledge|move: Heal Block|Bitter Blade\n|\n|-heal|p1a: Meowstic|94/277|[from] item: Leftovers\n|upkeep\n|turn|7\n|\n|t:|1732985522\n|move|p1a: Meowstic|Psychic Noise|p2a: Ceruledge\n|-damage|p2a: Ceruledge|60/245 par\n|move|p2a: Ceruledge|Poltergeist|p1a: Meowstic\n|-activate|p1a: Meowstic|move: Poltergeist|Leftovers\n|-supereffective|p1a: Meowstic\n|-damage|p1a: Meowstic|0 fnt\n|faint|p1a: Meowstic\n|\n|-end|p2a: Ceruledge|move: Heal Block\n|upkeep\n|\n|t:|1732985526\n|switch|p1a: Infernape|Infernape, L82, F|259/259\n|turn|8\n|\n|t:|1732985530\n|move|p1a: Infernape|Stone Edge|p2a: Ceruledge\n|-supereffective|p2a: Ceruledge\n|-damage|p2a: Ceruledge|0 fnt\n|faint|p2a: Ceruledge\n|\n|upkeep\n|\n|t:|1732985533\n|switch|p2a: Wugtrio|Wugtrio, L91, F|212/212\n|turn|9\n|\n|t:|1732985538\n|switch|p1a: Glalie|Glalie, L96, M|309/309\n|move|p2a: Wugtrio|Liquidation|p1a: Glalie\n|-damage|p1a: Glalie|143/309\n|\n|upkeep\n|turn|10\n|\n|t:|1732985544\n|move|p2a: Wugtrio|Liquidation|p1a: Glalie\n|-damage|p1a: Glalie|0 fnt\n|faint|p1a: Glalie\n|\n|upkeep\n|\n|t:|1732985549\n|switch|p1a: Zangoose|Zangoose, L85, F|263/263\n|turn|11\n|\n|t:|1732985552\n|move|p2a: Wugtrio|Liquidation|p1a: Zangoose\n|-damage|p1a: Zangoose|38/263\n|-unboost|p1a: Zangoose|def|1\n|move|p1a: Zangoose|Swords Dance|p1a: Zangoose\n|-boost|p1a: Zangoose|atk|2\n|\n|-status|p1a: Zangoose|tox|[from] item: Toxic Orb\n|upkeep\n|turn|12\n|\n|t:|1732985566\n|move|p1a: Zangoose|Quick Attack|p2a: Wugtrio\n|-damage|p2a: Wugtrio|2/212\n|-ability|p2a: Wugtrio|Gooey\n|-unboost|p1a: Zangoose|spe|1\n|move|p2a: Wugtrio|Liquidation|p1a: Zangoose\n|-damage|p1a: Zangoose|0 fnt\n|faint|p1a: Zangoose\n|\n|upkeep\n|\n|t:|1732985569\n|switch|p1a: Infernape|Infernape, L82, F|259/259\n|turn|13\n|\n|t:|1732985573\n|move|p2a: Wugtrio|Liquidation|p1a: Infernape\n|-supereffective|p1a: Infernape\n|-damage|p1a: Infernape|0 fnt\n|faint|p1a: Infernape\n|\n|win|popplio70\n|raw|Ryugaoff's rating: 1495 &rarr; <strong>1472</strong><br />(-23 for losing)\n|raw|popplio70's rating: 1448 &rarr; <strong>1471</strong><br />(+23 for winning)\n", "inputlog": ">version b107d77f5c90bd6555267ae244a6264823309ead\n>start {\"formatid\":\"gen9randombattle\",\"seed\":[26468,59935,47750,59063],\"rated\":\"Rated battle\"}\n>player p1 {\"name\":\"Ryugaoff\",\"avatar\":\"101\",\"rating\":1495,\"seed\":[8903,1878,52694,23414]}\n>player p2 {\"name\":\"popplio70\",\"avatar\":\"riley\",\"rating\":1448,\"seed\":[13163,23065,22468,9732]}\n>p1 switch 6\n>p2 move swordsdance\n>p1 move knockoff\n>p2 move bitterblade\n>p1 move knockoff\n>p2 move bitterblade\n>p1 switch 5\n>p1 move bravebird\n>p2 move poltergeist\n>p1 switch 2\n>p1 move thunderwave\n>p2 move bitterblade\n>p1 move psychicnoise\n>p2 move bitterblade\n>p1 move psychicnoise\n>p2 move poltergeist\n>p1 switch 4\n>p1 move stoneedge\n>p2 move poltergeist\n>p2 switch 6\n>p1 switch 6\n>p2 move liquidation\n>p1 move freezedry\n>p2 move liquidation\n>p1 switch 3\n>p1 move swordsdance\n>p2 move liquidation\n>p1 move quickattack\n>p2 move liquidation\n>p1 switch 6\n>p1 move flareblitz\n>p2 move liquidation", "uploadtime": 1732985576, "views": 11, "formatid": "gen9randombattle", "rating": 1471, "private": 0, "password": null}