{"id": "gen9randombattle-2253835997", "format": "[Gen 9] Random Battle", "players": ["DiamondTheUnlucky", "BigBossJnack"], "log": "|j|\u2606DiamondTheUnlucky\n|j|\u2606BigBossJnack\n|t:|1732945976\n|gametype|singles\n|player|p1|DiamondTheUnlucky|bugcatcher-gen4dp|1960\n|player|p2|BigBossJnack|2|1969\n|teamsize|p1|6\n|teamsize|p2|6\n|gen|9\n|tier|[Gen 9] Random Battle\n|rated|\n|rule|Species Clause: Limit one of each Pok\u00e9mon\n|rule|HP Percentage Mod: HP is shown in percentages\n|rule|Sleep Clause Mod: Limit one foe put to sleep\n|rule|Illusion Level Mod: Illusion disguises the Pok\u00e9mon's true level\n|\n|t:|1732945976\n|start\n|switch|p1a: Reuniclus|Reuniclus, L88, F|337/337\n|switch|p2a: Hitmontop|Hitmontop, L88, M|231/231\n|-ability|p2a: Hitmontop|Intimidate|boost\n|-unboost|p1a: Reuniclus|atk|1\n|turn|1\n|inactive|Battle timer is ON: inactive players will automatically lose when time's up. (requested by DiamondTheUnlucky)\n|\n|t:|1732945993\n|switch|p2a: Scizor|Scizor, L79, F|240/240\n|move|p1a: Reuniclus|Calm Mind|p1a: Reuniclus\n|-boost|p1a: Reuniclus|spa|1\n|-boost|p1a: Reuniclus|spd|1\n|\n|upkeep\n|turn|2\n|\n|t:|1732946000\n|move|p2a: Scizor|Knock Off|p1a: Reuniclus\n|-supereffective|p1a: Reuniclus\n|-damage|p1a: Reuniclus|124/337\n|-enditem|p1a: Reuniclus|Life Orb|[from] move: Knock Off|[of] p2a: Scizor\n|-damage|p2a: Scizor|216/240|[from] item: Life Orb\n|move|p1a: Reuniclus|Focus Blast|p2a: Scizor\n|-damage|p2a: Scizor|29/240\n|\n|upkeep\n|turn|3\n|\n|t:|1732946009\n|switch|p1a: Honchkrow|Honchkrow, L86, F|312/312\n|move|p2a: Scizor|Knock Off|p1a: Honchkrow\n|-resisted|p1a: Honchkrow\n|-damage|p1a: Honchkrow|238/312\n|-enditem|p1a: Honchkrow|Heavy-Duty Boots|[from] move: Knock Off|[of] p2a: Scizor\n|-damage|p2a: Scizor|5/240|[from] item: Life Orb\n|\n|upkeep\n|turn|4\n|\n|t:|1732946014\n|switch|p2a: Pincurchin|Pincurchin, F|258/258\n|-fieldstart|move: Electric Terrain|[from] ability: Electric Surge|[of] p2a: Pincurchin\n|move|p1a: Honchkrow|Thunder Wave|p2a: Pincurchin\n|-immune|p2a: Pincurchin\n|\n|upkeep\n|turn|5\n|\n|t:|1732946019\n|switch|p1a: Pachirisu|Pachirisu, L96, F|271/271\n|move|p2a: Pincurchin|Discharge|p1a: Pachirisu\n|-immune|p1a: Pachirisu|[from] ability: Volt Absorb\n|\n|upkeep\n|turn|6\n|\n|t:|1732946026\n|switch|p2a: Dugtrio|Dugtrio-Alola, L84, M|196/196\n|move|p1a: Pachirisu|Super Fang|p2a: Dugtrio\n|-damage|p2a: Dugtrio|98/196\n|-ability|p2a: Dugtrio|Tangling Hair\n|-unboost|p1a: Pachirisu|spe|1\n|\n|upkeep\n|turn|7\n|\n|t:|1732946035\n|switch|p1a: Honchkrow|Honchkrow, L86, F|238/312\n|move|p2a: Dugtrio|Swords Dance|p2a: Dugtrio\n|-boost|p2a: Dugtrio|atk|2\n|\n|upkeep\n|turn|8\n|\n|t:|1732946041\n|switch|p2a: Araquanid|Araquanid, L82, M|246/246\n|move|p1a: Honchkrow|Sucker Punch||[still]\n|-fail|p1a: Honchkrow\n|\n|-fieldend|move: Electric Terrain\n|upkeep\n|turn|9\n|\n|t:|1732946045\n|switch|p2a: Pincurchin|Pincurchin, F|258/258\n|-fieldstart|move: Electric Terrain|[from] ability: Electric Surge|[of] p2a: Pincurchin\n|move|p1a: Honchkrow|Brave Bird|p2a: Pincurchin\n|-resisted|p2a: Pincurchin\n|-damage|p2a: Pincurchin|192/258\n|-damage|p1a: Honchkrow|216/312|[from] Recoil\n|\n|-heal|p2a: Pincurchin|208/258|[from] item: Leftovers\n|upkeep\n|turn|10\n|\n|t:|1732946051\n|switch|p1a: Reuniclus|Reuniclus, L88, F|124/337\n|move|p2a: Pincurchin|Toxic Spikes|p1a: Reuniclus\n|-sidestart|p1: DiamondTheUnlucky|move: Toxic Spikes\n|\n|-heal|p2a: Pincurchin|224/258|[from] item: Leftovers\n|upkeep\n|turn|11\n|\n|t:|1732946054\n|move|p1a: Reuniclus|Recover|p1a: Reuniclus\n|-heal|p1a: Reuniclus|293/337\n|move|p2a: Pincurchin|Discharge|p1a: Reuniclus\n|-damage|p1a: Reuniclus|154/337\n|\n|-heal|p2a: Pincurchin|240/258|[from] item: Leftovers\n|upkeep\n|turn|12\n|\n|t:|1732946060\n|switch|p1a: Pachirisu|Pachirisu, L96, F|271/271\n|-status|p1a: Pachirisu|psn\n|move|p2a: Pincurchin|Discharge|p1a: Pachirisu\n|-immune|p1a: Pachirisu|[from] ability: Volt Absorb\n|\n|-heal|p2a: Pincurchin|256/258|[from] item: Leftovers\n|-damage|p1a: Pachirisu|238/271 psn|[from] psn\n|upkeep\n|turn|13\n|\n|t:|1732946067\n|move|p1a: Pachirisu|Super Fang|p2a: Pincurchin\n|-damage|p2a: Pincurchin|128/258\n|move|p2a: Pincurchin|Toxic Spikes|p1a: Pachirisu\n|-sidestart|p1: DiamondTheUnlucky|move: Toxic Spikes\n|\n|-heal|p2a: Pincurchin|144/258|[from] item: Leftovers\n|-damage|p1a: Pachirisu|205/271 psn|[from] psn\n|-fieldend|move: Electric Terrain\n|upkeep\n|turn|14\n|\n|t:|1732946074\n|switch|p2a: Dugtrio|Dugtrio-Alola, L84, M|98/196\n|move|p1a: Pachirisu|Super Fang|p2a: Dugtrio\n|-damage|p2a: Dugtrio|49/196\n|-ability|p2a: Dugtrio|Tangling Hair\n|-unboost|p1a: Pachirisu|spe|1\n|\n|-damage|p1a: Pachirisu|172/271 psn|[from] psn\n|upkeep\n|turn|15\n|\n|t:|1732946082\n|move|p2a: Dugtrio|Swords Dance|p2a: Dugtrio\n|-boost|p2a: Dugtrio|atk|2\n|move|p1a: Pachirisu|U-turn|p2a: Dugtrio\n|-resisted|p2a: Dugtrio\n|-damage|p2a: Dugtrio|24/196\n|-ability|p2a: Dugtrio|Tangling Hair\n|-unboost|p1a: Pachirisu|spe|1\n|\n|t:|1732946085\n|switch|p1a: Honchkrow|Honchkrow, L86, F|216/312|[from] U-turn\n|\n|upkeep\n|turn|16\n|\n|t:|1732946092\n|switch|p2a: Pincurchin|Pincurchin, F|144/258\n|-fieldstart|move: Electric Terrain|[from] ability: Electric Surge|[of] p2a: Pincurchin\n|move|p1a: Honchkrow|Sucker Punch||[still]\n|-fail|p1a: Honchkrow\n|\n|-heal|p2a: Pincurchin|160/258|[from] item: Leftovers\n|upkeep\n|turn|17\n|\n|t:|1732946095\n|switch|p1a: Reuniclus|Reuniclus, L88, F|154/337\n|-status|p1a: Reuniclus|tox\n|move|p2a: Pincurchin|Recover|p2a: Pincurchin\n|-heal|p2a: Pincurchin|258/258\n|\n|upkeep\n|turn|18\n|\n|t:|1732946099\n|move|p1a: Reuniclus|Recover|p1a: Reuniclus\n|-heal|p1a: Reuniclus|323/337 tox\n|move|p2a: Pincurchin|Discharge|p1a: Reuniclus\n|-damage|p1a: Reuniclus|176/337 tox\n|\n|upkeep\n|turn|19\n|\n|t:|1732946106\n|move|p1a: Reuniclus|Calm Mind|p1a: Reuniclus\n|-boost|p1a: Reuniclus|spa|1\n|-boost|p1a: Reuniclus|spd|1\n|move|p2a: Pincurchin|Discharge|p1a: Reuniclus\n|-damage|p1a: Reuniclus|74/337 tox\n|\n|upkeep\n|turn|20\n|\n|t:|1732946111\n|switch|p2a: Araquanid|Araquanid, L82, M|246/246\n|move|p1a: Reuniclus|Recover|p1a: Reuniclus\n|-heal|p1a: Reuniclus|243/337 tox\n|\n|-fieldend|move: Electric Terrain\n|upkeep\n|turn|21\n|\n|t:|1732946119\n|move|p2a: Araquanid|Liquidation|p1a: Reuniclus\n|-damage|p1a: Reuniclus|98/337 tox\n|move|p1a: Reuniclus|Psychic|p2a: Araquanid\n|-damage|p2a: Araquanid|98/246\n|\n|upkeep\n|turn|22\n|\n|t:|1732946126\n|switch|p1a: Pachirisu|Pachirisu, L96, F|172/271 psn\n|move|p2a: Araquanid|Leech Life|p1a: Pachirisu\n|-damage|p1a: Pachirisu|111/271 psn\n|-heal|p2a: Araquanid|129/246|[from] drain|[of] p1a: Pachirisu\n|\n|-damage|p1a: Pachirisu|78/271 psn|[from] psn\n|upkeep\n|turn|23\n|\n|t:|1732946132\n|move|p1a: Pachirisu|Nuzzle|p2a: Araquanid\n|-supereffective|p2a: Araquanid\n|-damage|p2a: Araquanid|93/246\n|-status|p2a: Araquanid|par\n|move|p2a: Araquanid|Sticky Web|p1a: Pachirisu\n|-sidestart|p1: DiamondTheUnlucky|move: Sticky Web\n|\n|-damage|p1a: Pachirisu|45/271 psn|[from] psn\n|upkeep\n|turn|24\n|\n|t:|1732946137\n|switch|p2a: Pincurchin|Pincurchin, F|258/258\n|-fieldstart|move: Electric Terrain|[from] ability: Electric Surge|[of] p2a: Pincurchin\n|move|p1a: Pachirisu|Thunderbolt|p2a: Pincurchin\n|-resisted|p2a: Pincurchin\n|-damage|p2a: Pincurchin|215/258\n|\n|-heal|p2a: Pincurchin|231/258|[from] item: Leftovers\n|-damage|p1a: Pachirisu|12/271 psn|[from] psn\n|upkeep\n|turn|25\n|\n|t:|1732946140\n|move|p1a: Pachirisu|U-turn|p2a: Pincurchin\n|-damage|p2a: Pincurchin|198/258\n|\n|t:|1732946144\n|switch|p1a: Reuniclus|Reuniclus, L88, F|98/337 tox|[from] U-turn\n|-activate|p1a: Reuniclus|move: Sticky Web\n|-unboost|p1a: Reuniclus|spe|1\n|move|p2a: Pincurchin|Discharge|p1a: Reuniclus\n|-damage|p1a: Reuniclus|0 fnt\n|faint|p1a: Reuniclus\n|\n|-heal|p2a: Pincurchin|214/258|[from] item: Leftovers\n|upkeep\n|\n|t:|1732946157\n|switch|p1a: Pachirisu|Pachirisu, L96, F|12/271 psn\n|-activate|p1a: Pachirisu|move: Sticky Web\n|-unboost|p1a: Pachirisu|spe|1\n|turn|26\n|\n|t:|1732946165\n|switch|p2a: Hitmontop|Hitmontop, L88, M|231/231\n|-ability|p2a: Hitmontop|Intimidate|boost\n|-unboost|p1a: Pachirisu|atk|1\n|move|p1a: Pachirisu|Super Fang|p2a: Hitmontop\n|-damage|p2a: Hitmontop|116/231\n|\n|-damage|p1a: Pachirisu|0 fnt|[from] psn\n|faint|p1a: Pachirisu\n|upkeep\n|\n|t:|1732946169\n|switch|p1a: Honchkrow|Honchkrow, L86, F|216/312\n|turn|27\n|\n|t:|1732946176\n|switch|p2a: Pincurchin|Pincurchin, F|214/258\n|move|p1a: Honchkrow|Lash Out|p2a: Pincurchin\n|-damage|p2a: Pincurchin|133/258\n|\n|-heal|p2a: Pincurchin|149/258|[from] item: Leftovers\n|upkeep\n|turn|28\n|\n|t:|1732946179\n|move|p1a: Honchkrow|Lash Out|p2a: Pincurchin\n|-damage|p2a: Pincurchin|65/258\n|move|p2a: Pincurchin|Recover|p2a: Pincurchin\n|-heal|p2a: Pincurchin|194/258\n|\n|-heal|p2a: Pincurchin|210/258|[from] item: Leftovers\n|-fieldend|move: Electric Terrain\n|upkeep\n|turn|29\n|\n|t:|1732946183\n|move|p1a: Honchkrow|Lash Out|p2a: Pincurchin\n|-damage|p2a: Pincurchin|129/258\n|move|p2a: Pincurchin|Discharge|p1a: Honchkrow\n|-supereffective|p1a: Honchkrow\n|-damage|p1a: Honchkrow|0 fnt\n|faint|p1a: Honchkrow\n|\n|-heal|p2a: Pincurchin|145/258|[from] item: Leftovers\n|upkeep\n|\n|t:|1732946186\n|switch|p1a: Vivillon|Vivillon, L84, F|272/272\n|turn|30\n|\n|t:|1732946198\n|switch|p2a: Dugtrio|Dugtrio-Alola, L84, M|24/196\n|move|p1a: Vivillon|Sleep Powder|p2a: Dugtrio\n|-status|p2a: Dugtrio|slp|[from] move: Sleep Powder\n|\n|upkeep\n|turn|31\n|\n|t:|1732946202\n|switch|p2a: Pincurchin|Pincurchin, F|145/258\n|-fieldstart|move: Electric Terrain|[from] ability: Electric Surge|[of] p2a: Pincurchin\n|move|p1a: Vivillon|Quiver Dance|p1a: Vivillon\n|-boost|p1a: Vivillon|spa|1\n|-boost|p1a: Vivillon|spd|1\n|-boost|p1a: Vivillon|spe|1\n|\n|-heal|p2a: Pincurchin|161/258|[from] item: Leftovers\n|upkeep\n|turn|32\n|\n|t:|1732946207\n|-terastallize|p1a: Vivillon|Ground\n|move|p1a: Vivillon|Tera Blast|p2a: Pincurchin|[anim] Tera Blast Ground\n|-supereffective|p2a: Pincurchin\n|-damage|p2a: Pincurchin|0 fnt\n|faint|p2a: Pincurchin\n|\n|upkeep\n|\n|t:|1732946225\n|switch|p2a: Chimecho|Chimecho, L94, M|293/293\n|turn|33\n|\n|t:|1732946231\n|move|p1a: Vivillon|Hurricane|p2a: Chimecho\n|-damage|p2a: Chimecho|157/293\n|move|p2a: Chimecho|Calm Mind|p2a: Chimecho\n|-boost|p2a: Chimecho|spa|1\n|-boost|p2a: Chimecho|spd|1\n|\n|-heal|p2a: Chimecho|175/293|[from] item: Leftovers\n|upkeep\n|turn|34\n|\n|t:|1732946235\n|move|p1a: Vivillon|Quiver Dance|p1a: Vivillon\n|-boost|p1a: Vivillon|spa|1\n|-boost|p1a: Vivillon|spd|1\n|-boost|p1a: Vivillon|spe|1\n|move|p2a: Chimecho|Calm Mind|p2a: Chimecho\n|-boost|p2a: Chimecho|spa|1\n|-boost|p2a: Chimecho|spd|1\n|\n|-heal|p2a: Chimecho|193/293|[from] item: Leftovers\n|upkeep\n|turn|35\n|\n|t:|1732946237\n|move|p1a: Vivillon|Quiver Dance|p1a: Vivillon\n|-boost|p1a: Vivillon|spa|1\n|-boost|p1a: Vivillon|spd|1\n|-boost|p1a: Vivillon|spe|1\n|move|p2a: Chimecho|Calm Mind|p2a: Chimecho\n|-boost|p2a: Chimecho|spa|1\n|-boost|p2a: Chimecho|spd|1\n|\n|-heal|p2a: Chimecho|211/293|[from] item: Leftovers\n|-fieldend|move: Electric Terrain\n|upkeep\n|turn|36\n|\n|t:|1732946241\n|move|p1a: Vivillon|Hurricane|p2a: Chimecho\n|-damage|p2a: Chimecho|118/293\n|move|p2a: Chimecho|Calm Mind|p2a: Chimecho\n|-boost|p2a: Chimecho|spa|1\n|-boost|p2a: Chimecho|spd|1\n|\n|-heal|p2a: Chimecho|136/293|[from] item: Leftovers\n|upkeep\n|turn|37\n|\n|t:|1732946245\n|move|p1a: Vivillon|Hurricane|p2a: Chimecho\n|-damage|p2a: Chimecho|57/293\n|move|p2a: Chimecho|Recover|p2a: Chimecho\n|-heal|p2a: Chimecho|204/293\n|\n|-heal|p2a: Chimecho|222/293|[from] item: Leftovers\n|upkeep\n|turn|38\n|\n|t:|1732946254\n|move|p1a: Vivillon|Hurricane|p2a: Chimecho|[miss]\n|-miss|p1a: Vivillon|p2a: Chimecho\n|move|p2a: Chimecho|Psyshock|p1a: Vivillon\n|-crit|p1a: Vivillon\n|-damage|p1a: Vivillon|0 fnt\n|faint|p1a: Vivillon\n|\n|-heal|p2a: Chimecho|240/293|[from] item: Leftovers\n|upkeep\n|-message|DiamondTheUnlucky forfeited.\n|\n|win|BigBossJnack\n|raw|DiamondTheUnlucky's rating: 1960 &rarr; <strong>1941</strong><br />(-19 for losing)\n|raw|BigBossJnack's rating: 1969 &rarr; <strong>1988</strong><br />(+19 for winning)\n|l|\u2606DiamondTheUnlucky\n|player|p1|\n", "inputlog": ">version b107d77f5c90bd6555267ae244a6264823309ead\n>start {\"formatid\":\"gen9randombattle\",\"seed\":[4208,11614,60313,46128],\"rated\":\"Rated battle\"}\n>player p1 {\"name\":\"DiamondTheUnlucky\",\"avatar\":\"bugcatcher-gen4dp\",\"rating\":1960,\"seed\":[46848,43088,1405,8445]}\n>player p2 {\"name\":\"BigBossJnack\",\"avatar\":\"2\",\"rating\":1969,\"seed\":[23286,47307,4644,49497]}\n>p1 move calmmind\n>p2 switch 6\n>p1 move focusblast\n>p2 move knockoff\n>p1 switch 2\n>p2 move knockoff\n>p1 move thunderwave\n>p2 switch 5\n>p1 switch 3\n>p2 move discharge\n>p1 move superfang\n>p2 switch 4\n>p1 switch 3\n>p2 move swordsdance\n>p1 move suckerpunch\n>p2 switch 2\n>p1 move bravebird\n>p2 switch 4\n>p1 switch 2\n>p2 move toxicspikes\n>p1 move recover\n>p2 move discharge\n>p1 switch 3\n>p2 move discharge\n>p1 move superfang\n>p2 move toxicspikes\n>p1 move superfang\n>p2 switch 2\n>p1 move uturn\n>p2 move swordsdance\n>p1 switch 2\n>p1 move suckerpunch\n>p2 switch 2\n>p1 switch 3\n>p2 move recover\n>p1 move recover\n>p2 move discharge\n>p1 move calmmind\n>p2 move discharge\n>p1 move recover\n>p2 switch 4\n>p1 move psychic\n>p2 move liquidation\n>p1 switch 2\n>p2 move leechlife\n>p1 move nuzzle\n>p2 move stickyweb\n>p1 move thunderbolt\n>p2 switch 4\n>p1 move uturn\n>p2 move discharge\n>p1 switch 2\n>p1 switch 2\n>p1 move superfang\n>p2 switch 6\n>p1 switch 3\n>p1 move lashout\n>p2 switch 6\n>p1 move lashout\n>p2 move recover\n>p1 move lashout\n>p2 move discharge\n>p1 switch 6\n>p1 move sleeppowder\n>p2 switch 2\n>p1 move quiverdance\n>p2 switch 2\n>p1 move terablast terastallize\n>p2 move discharge\n>p2 switch 3\n>p1 move hurricane\n>p2 move calmmind\n>p1 move quiverdance\n>p2 move calmmind\n>p1 move quiverdance\n>p2 move calmmind\n>p1 move hurricane\n>p2 move calmmind\n>p1 move hurricane\n>p2 move recover\n>p1 move hurricane\n>p2 move psyshock\n>forcelose p1", "uploadtime": 1732946260, "views": 1, "formatid": "gen9randombattle", "rating": 1941, "private": 0, "password": null}