{"id": "gen9randombattle-2253847612", "format": "[Gen 9] Random Battle", "players": ["MoWabibaw101", "12hns3"], "log": "|j|\u2606MoWabibaw101\n|j|\u260612hns3\n|t:|1732948153\n|gametype|singles\n|player|p1|MoWabibaw101|2|1221\n|player|p2|12hns3|ghetsis|1212\n|teamsize|p1|6\n|teamsize|p2|6\n|gen|9\n|tier|[Gen 9] Random Battle\n|rated|\n|rule|Species Clause: Limit one of each Pok\u00e9mon\n|rule|HP Percentage Mod: HP is shown in percentages\n|rule|Sleep Clause Mod: Limit one foe put to sleep\n|rule|Illusion Level Mod: Illusion disguises the Pok\u00e9mon's true level\n|\n|t:|1732948153\n|start\n|switch|p1a: Tropius|Tropius, L91, M|328/328\n|switch|p2a: Eelektross|Eelektross, L87, M|290/290\n|turn|1\n|inactive|Battle timer is ON: inactive players will automatically lose when time's up. (requested by 12hns3)\n|\n|t:|1732948174\n|move|p1a: Tropius|Leaf Blade|p2a: Eelektross\n|-damage|p2a: Eelektross|206/290\n|move|p2a: Eelektross|Flamethrower|p1a: Tropius\n|-supereffective|p1a: Tropius\n|-damage|p1a: Tropius|200/328\n|\n|upkeep\n|turn|2\n|inactive|12hns3 has 120 seconds left.\n|\n|t:|1732948212\n|move|p1a: Tropius|Dragon Dance|p1a: Tropius\n|-boost|p1a: Tropius|atk|1\n|-boost|p1a: Tropius|spe|1\n|move|p2a: Eelektross|U-turn|p1a: Tropius\n|-damage|p1a: Tropius|140/328\n|-enditem|p1a: Tropius|Sitrus Berry|[eat]\n|-heal|p1a: Tropius|222/328|[from] item: Sitrus Berry\n|\n|t:|1732948237\n|switch|p2a: Froslass|Froslass, L87, F|263/263|[from] U-turn\n|\n|upkeep\n|turn|3\n|\n|t:|1732948252\n|switch|p1a: Cobalion|Cobalion, L80|277/277\n|move|p2a: Froslass|Triple Axel|p1a: Cobalion\n|-resisted|p1a: Cobalion\n|-damage|p1a: Cobalion|268/277\n|-hitcount|p1a: Cobalion|1\n|\n|upkeep\n|turn|4\n|\n|t:|1732948263\n|move|p2a: Froslass|Poltergeist|p1a: Cobalion\n|-activate|p1a: Cobalion|move: Poltergeist|Life Orb\n|-damage|p1a: Cobalion|180/277\n|move|p1a: Cobalion|Swords Dance|p1a: Cobalion\n|-boost|p1a: Cobalion|atk|2\n|\n|upkeep\n|turn|5\n|\n|t:|1732948283\n|switch|p2a: Exeggutor|Exeggutor-Alola, L89, M|314/314\n|move|p1a: Cobalion|Iron Head|p2a: Exeggutor\n|-damage|p2a: Exeggutor|123/314\n|-enditem|p2a: Exeggutor|Sitrus Berry|[eat]\n|-heal|p2a: Exeggutor|201/314|[from] item: Sitrus Berry\n|-damage|p1a: Cobalion|153/277|[from] item: Life Orb\n|\n|-item|p2a: Exeggutor|Sitrus Berry|[from] ability: Harvest\n|upkeep\n|turn|6\n|\n|t:|1732948294\n|move|p1a: Cobalion|Iron Head|p2a: Exeggutor\n|-damage|p2a: Exeggutor|26/314\n|-enditem|p2a: Exeggutor|Sitrus Berry|[eat]\n|-heal|p2a: Exeggutor|104/314|[from] item: Sitrus Berry\n|-damage|p1a: Cobalion|126/277|[from] item: Life Orb\n|move|p2a: Exeggutor|Flamethrower|p1a: Cobalion\n|-supereffective|p1a: Cobalion\n|-damage|p1a: Cobalion|0 fnt\n|faint|p1a: Cobalion\n|\n|-item|p2a: Exeggutor|Sitrus Berry|[from] ability: Harvest\n|upkeep\n|-enditem|p2a: Exeggutor|Sitrus Berry|[eat]\n|-heal|p2a: Exeggutor|182/314|[from] item: Sitrus Berry\n|\n|t:|1732948308\n|switch|p1a: Tropius|Tropius, L91, M|222/328\n|turn|7\n|inactive|12hns3 has 120 seconds left.\n|\n|t:|1732948314\n|move|p1a: Tropius|Dual Wingbeat|p2a: Exeggutor|[miss]\n|-miss|p1a: Tropius|p2a: Exeggutor\n|move|p2a: Exeggutor|Flamethrower|p1a: Tropius\n|-supereffective|p1a: Tropius\n|-damage|p1a: Tropius|72/328\n|\n|-item|p2a: Exeggutor|Sitrus Berry|[from] ability: Harvest\n|upkeep\n|turn|8\n|inactive|12hns3 has 120 seconds left.\n|\n|t:|1732948329\n|switch|p2a: Froslass|Froslass, L87, F|263/263\n|move|p1a: Tropius|Dual Wingbeat|p2a: Froslass\n|-damage|p2a: Froslass|220/263\n|-crit|p2a: Froslass\n|-damage|p2a: Froslass|150/263\n|-hitcount|p2a: Froslass|2\n|\n|-item|p1a: Tropius|Sitrus Berry|[from] ability: Harvest\n|upkeep\n|-enditem|p1a: Tropius|Sitrus Berry|[eat]\n|-heal|p1a: Tropius|154/328|[from] item: Sitrus Berry\n|turn|9\n|-message|MoWabibaw101 forfeited.\n|\n|win|12hns3\n|raw|MoWabibaw101's rating: 1221 &rarr; <strong>1195</strong><br />(-26 for losing)\n|raw|12hns3's rating: 1212 &rarr; <strong>1238</strong><br />(+26 for winning)\n|l|\u2606MoWabibaw101\n|player|p1|\n", "inputlog": ">version b107d77f5c90bd6555267ae244a6264823309ead\n>start {\"formatid\":\"gen9randombattle\",\"seed\":[38295,57336,58689,59816],\"rated\":\"Rated battle\"}\n>player p1 {\"name\":\"MoWabibaw101\",\"avatar\":\"2\",\"rating\":1221,\"seed\":[47572,64531,18988,17968]}\n>player p2 {\"name\":\"12hns3\",\"avatar\":\"ghetsis\",\"rating\":1212,\"seed\":[44531,50096,15619,33295]}\n>p1 move leafblade\n>p2 move flamethrower\n>p1 move dragondance\n>p2 move uturn\n>p2 switch 5\n>p1 switch 3\n>p2 move tripleaxel\n>p1 move swordsdance\n>p2 move poltergeist\n>p1 move ironhead\n>p2 switch 2\n>p1 move ironhead\n>p2 move flamethrower\n>p1 switch 3\n>p1 move dualwingbeat\n>p2 move flamethrower\n>p1 move dualwingbeat\n>p2 switch 2\n>forcelose p1", "uploadtime": 1732948340, "views": 1, "formatid": "gen9randombattle", "rating": 1195, "private": 0, "password": null}