{"id": "gen9randombattle-2253987753", "format": "[Gen 9] Random Battle", "players": ["Inazuma-Fulgur", "Merry24"], "log": "|j|\u2606Inazuma-Fulgur\n|j|\u2606Merry24\n|t:|1732976234\n|gametype|singles\n|player|p1|Inazuma-Fulgur|marley|2093\n|player|p2|Merry24|clerkf|2306\n|teamsize|p1|6\n|teamsize|p2|6\n|gen|9\n|tier|[Gen 9] Random Battle\n|rated|\n|rule|Species Clause: Limit one of each Pok\u00e9mon\n|rule|HP Percentage Mod: HP is shown in percentages\n|rule|Sleep Clause Mod: Limit one foe put to sleep\n|rule|Illusion Level Mod: Illusion disguises the Pok\u00e9mon's true level\n|\n|t:|1732976234\n|start\n|switch|p1a: Exeggutor|Exeggutor, L89, F|312/312\n|switch|p2a: Scrafty|Scrafty, L84, M|246/246\n|turn|1\n|inactive|Battle timer is ON: inactive players will automatically lose when time's up. (requested by Inazuma-Fulgur)\n|\n|t:|1732976252\n|move|p1a: Exeggutor|Sleep Powder|p2a: Scrafty\n|-status|p2a: Scrafty|slp|[from] move: Sleep Powder\n|cant|p2a: Scrafty|slp\n|\n|-activate|p2a: Scrafty|ability: Shed Skin\n|-curestatus|p2a: Scrafty|slp|[msg]\n|upkeep\n|turn|2\n|\n|t:|1732976257\n|move|p1a: Exeggutor|Sleep Powder|p2a: Scrafty\n|-status|p2a: Scrafty|slp|[from] move: Sleep Powder\n|cant|p2a: Scrafty|slp\n|\n|upkeep\n|turn|3\n|\n|t:|1732976261\n|switch|p1a: Kricketune|Kricketune, L99, M|312/312\n|cant|p2a: Scrafty|slp\n|\n|upkeep\n|turn|4\n|\n|t:|1732976265\n|move|p1a: Kricketune|Sticky Web|p2a: Scrafty\n|-sidestart|p2: Merry24|move: Sticky Web\n|cant|p2a: Scrafty|slp\n|\n|upkeep\n|turn|5\n|\n|t:|1732976276\n|move|p1a: Kricketune|Knock Off|p2a: Scrafty\n|-resisted|p2a: Scrafty\n|-damage|p2a: Scrafty|230/246 slp\n|-enditem|p2a: Scrafty|Leftovers|[from] move: Knock Off|[of] p1a: Kricketune\n|-curestatus|p2a: Scrafty|slp|[msg]\n|move|p2a: Scrafty|Bulk Up|p2a: Scrafty\n|-boost|p2a: Scrafty|atk|1\n|-boost|p2a: Scrafty|def|1\n|\n|upkeep\n|turn|6\n|\n|t:|1732976279\n|move|p1a: Kricketune|Taunt|p2a: Scrafty\n|-start|p2a: Scrafty|move: Taunt\n|move|p2a: Scrafty|Knock Off|p1a: Kricketune\n|-damage|p1a: Kricketune|129/312\n|-enditem|p1a: Kricketune|Heavy-Duty Boots|[from] move: Knock Off|[of] p2a: Scrafty\n|\n|upkeep\n|turn|7\n|\n|t:|1732976286\n|move|p1a: Kricketune|Pounce|p2a: Scrafty\n|-damage|p2a: Scrafty|175/246\n|-unboost|p2a: Scrafty|spe|1\n|move|p2a: Scrafty|Drain Punch|p1a: Kricketune\n|-resisted|p1a: Kricketune\n|-damage|p1a: Kricketune|61/312\n|-heal|p2a: Scrafty|209/246|[from] drain|[of] p1a: Kricketune\n|\n|upkeep\n|turn|8\n|\n|t:|1732976294\n|move|p1a: Kricketune|Pounce|p2a: Scrafty\n|-damage|p2a: Scrafty|155/246\n|-unboost|p2a: Scrafty|spe|1\n|move|p2a: Scrafty|Drain Punch|p1a: Kricketune\n|-resisted|p1a: Kricketune\n|-crit|p1a: Kricketune\n|-damage|p1a: Kricketune|0 fnt\n|-heal|p2a: Scrafty|186/246|[from] drain|[of] p1a: Kricketune\n|faint|p1a: Kricketune\n|\n|-end|p2a: Scrafty|move: Taunt\n|upkeep\n|\n|t:|1732976312\n|switch|p1a: Zamazenta|Zamazenta, L71|248/248\n|-ability|p1a: Zamazenta|Dauntless Shield|boost\n|-boost|p1a: Zamazenta|def|1\n|turn|9\n|\n|t:|1732976316\n|move|p1a: Zamazenta|Iron Defense|p1a: Zamazenta\n|-boost|p1a: Zamazenta|def|2\n|move|p2a: Scrafty|Drain Punch|p1a: Zamazenta\n|-damage|p1a: Zamazenta|206/248\n|-heal|p2a: Scrafty|207/246|[from] drain|[of] p1a: Zamazenta\n|\n|-heal|p1a: Zamazenta|221/248|[from] item: Leftovers\n|upkeep\n|turn|10\n|\n|t:|1732976321\n|move|p1a: Zamazenta|Body Press|p2a: Scrafty\n|-supereffective|p2a: Scrafty\n|-damage|p2a: Scrafty|9/246\n|move|p2a: Scrafty|Knock Off|p1a: Zamazenta\n|-resisted|p1a: Zamazenta\n|-damage|p1a: Zamazenta|193/248\n|-enditem|p1a: Zamazenta|Leftovers|[from] move: Knock Off|[of] p2a: Scrafty\n|\n|upkeep\n|turn|11\n|\n|t:|1732976328\n|move|p1a: Zamazenta|Iron Defense|p1a: Zamazenta\n|-boost|p1a: Zamazenta|def|2\n|move|p2a: Scrafty|Drain Punch|p1a: Zamazenta\n|-damage|p1a: Zamazenta|163/248\n|-heal|p2a: Scrafty|24/246|[from] drain|[of] p1a: Zamazenta\n|\n|upkeep\n|turn|12\n|\n|t:|1732976332\n|move|p1a: Zamazenta|Body Press|p2a: Scrafty\n|-supereffective|p2a: Scrafty\n|-damage|p2a: Scrafty|0 fnt\n|faint|p2a: Scrafty\n|\n|upkeep\n|\n|t:|1732976339\n|switch|p2a: Oricorio|Oricorio-Pom-Pom, L82, F|257/257\n|turn|13\n|inactive|Inazuma-Fulgur has 120 seconds left.\n|\n|t:|1732976376\n|move|p1a: Zamazenta|Body Press|p2a: Oricorio\n|-resisted|p2a: Oricorio\n|-damage|p2a: Oricorio|112/257\n|move|p2a: Oricorio|Quiver Dance|p2a: Oricorio\n|-boost|p2a: Oricorio|spa|1\n|-boost|p2a: Oricorio|spd|1\n|-boost|p2a: Oricorio|spe|1\n|\n|upkeep\n|turn|14\n|inactive|Inazuma-Fulgur has 120 seconds left.\n|\n|t:|1732976388\n|move|p2a: Oricorio|Hurricane|p1a: Zamazenta\n|-supereffective|p1a: Zamazenta\n|-damage|p1a: Zamazenta|0 fnt\n|faint|p1a: Zamazenta\n|\n|upkeep\n|\n|t:|1732976399\n|switch|p1a: Kyurem|Kyurem, L77|319/319\n|-ability|p1a: Kyurem|Pressure\n|turn|15\n|\n|t:|1732976403\n|move|p2a: Oricorio|Hurricane|p1a: Kyurem|[miss]\n|-miss|p2a: Oricorio|p1a: Kyurem\n|move|p1a: Kyurem|Icicle Spear|p2a: Oricorio\n|-supereffective|p2a: Oricorio\n|-damage|p2a: Oricorio|38/257\n|-supereffective|p2a: Oricorio\n|-damage|p2a: Oricorio|0 fnt\n|faint|p2a: Oricorio\n|-hitcount|p2: Oricorio|2\n|\n|upkeep\n|\n|t:|1732976406\n|switch|p2a: Sudowoodo|Sudowoodo, L94, M|284/284\n|-activate|p2a: Sudowoodo|move: Sticky Web\n|-unboost|p2a: Sudowoodo|spe|1\n|turn|16\n|\n|t:|1732976411\n|switch|p1a: Exeggutor|Exeggutor, L89, F|312/312\n|move|p2a: Sudowoodo|Head Smash|p1a: Exeggutor\n|-crit|p1a: Exeggutor\n|-damage|p1a: Exeggutor|18/312\n|-enditem|p1a: Exeggutor|Sitrus Berry|[eat]\n|-heal|p1a: Exeggutor|96/312|[from] item: Sitrus Berry\n|\n|upkeep\n|turn|17\n|\n|t:|1732976421\n|switch|p2a: Grafaiai|Grafaiai, L86, M|249/249\n|-activate|p2a: Grafaiai|move: Sticky Web\n|-unboost|p2a: Grafaiai|spe|1\n|move|p1a: Exeggutor|Sleep Powder|p2a: Grafaiai\n|-status|p2a: Grafaiai|slp|[from] move: Sleep Powder\n|\n|-item|p1a: Exeggutor|Sitrus Berry|[from] ability: Harvest\n|upkeep\n|-enditem|p1a: Exeggutor|Sitrus Berry|[eat]\n|-heal|p1a: Exeggutor|174/312|[from] item: Sitrus Berry\n|turn|18\n|\n|t:|1732976426\n|switch|p2a: Sudowoodo|Sudowoodo, L94, M|238/238\n|-activate|p2a: Sudowoodo|move: Sticky Web\n|-unboost|p2a: Sudowoodo|spe|1\n|move|p1a: Exeggutor|Leech Seed|p2a: Sudowoodo\n|-start|p2a: Sudowoodo|move: Leech Seed\n|\n|-damage|p2a: Sudowoodo|209/238|[from] Leech Seed|[of] p1a: Exeggutor\n|-heal|p1a: Exeggutor|203/312|[silent]\n|upkeep\n|turn|19\n|\n|t:|1732976434\n|move|p2a: Sudowoodo|Dark Pulse|p1a: Exeggutor\n|-supereffective|p1a: Exeggutor\n|-damage|p1a: Exeggutor|0 fnt\n|faint|p1a: Exeggutor\n|\n|upkeep\n|\n|t:|1732976440\n|switch|p1a: Kyurem|Kyurem, L77|319/319\n|-ability|p1a: Kyurem|Pressure\n|turn|20\n|\n|t:|1732976441\n|move|p1a: Kyurem|Dragon Dance|p1a: Kyurem\n|-boost|p1a: Kyurem|atk|1\n|-boost|p1a: Kyurem|spe|1\n|move|p2a: Sudowoodo|Dark Pulse|p1a: Kyurem\n|-damage|p1a: Kyurem|162/319\n|\n|-damage|p2a: Sudowoodo|180/238|[from] Leech Seed|[of] p1a: Kyurem\n|-heal|p1a: Kyurem|191/319|[silent]\n|upkeep\n|turn|21\n|\n|t:|1732976447\n|move|p1a: Kyurem|Icicle Spear|p2a: Sudowoodo\n|-damage|p2a: Sudowoodo|123/238\n|replace|p2a: Zoroark|Zoroark, L84, F\n|-end|p2a: Zoroark|Illusion\n|-hint|Illusion Level Mod is active, so this Pok\u00e9mon's true level was hidden.\n|-damage|p2a: Zoroark|66/238\n|-crit|p2a: Zoroark\n|-damage|p2a: Zoroark|0 fnt\n|faint|p2a: Zoroark\n|-hitcount|p2: Zoroark|3\n|\n|upkeep\n|\n|t:|1732976453\n|switch|p2a: Sudowoodo|Sudowoodo, L94, M|284/284\n|-activate|p2a: Sudowoodo|move: Sticky Web\n|-unboost|p2a: Sudowoodo|spe|1\n|turn|22\n|inactive|Inazuma-Fulgur has 120 seconds left.\n|\n|t:|1732976498\n|-terastallize|p1a: Kyurem|Ground\n|move|p1a: Kyurem|Tera Blast|p2a: Sudowoodo|[anim] Tera Blast Ground\n|-supereffective|p2a: Sudowoodo\n|-damage|p2a: Sudowoodo|90/284\n|move|p2a: Sudowoodo|Head Smash|p1a: Kyurem\n|-resisted|p1a: Kyurem\n|-damage|p1a: Kyurem|92/319\n|\n|-heal|p2a: Sudowoodo|107/284|[from] item: Leftovers\n|upkeep\n|turn|23\n|\n|t:|1732976506\n|move|p1a: Kyurem|Tera Blast|p2a: Sudowoodo|[anim] Tera Blast Ground\n|-supereffective|p2a: Sudowoodo\n|-damage|p2a: Sudowoodo|0 fnt\n|faint|p2a: Sudowoodo\n|\n|upkeep\n|\n|t:|1732976508\n|switch|p2a: Azumarill|Azumarill, L82, F|298/298\n|-activate|p2a: Azumarill|move: Sticky Web\n|-unboost|p2a: Azumarill|spe|1\n|turn|24\n|inactive|Inazuma-Fulgur has 120 seconds left.\n|\n|t:|1732976514\n|move|p2a: Azumarill|Aqua Jet|p1a: Kyurem\n|-supereffective|p1a: Kyurem\n|-damage|p1a: Kyurem|0 fnt\n|faint|p1a: Kyurem\n|\n|upkeep\n|inactive|Inazuma-Fulgur has 120 seconds left.\n|\n|t:|1732976525\n|switch|p1a: Garganacl|Garganacl, L80, F|291/291\n|turn|25\n|inactive|Inazuma-Fulgur has 120 seconds left.\n|\n|t:|1732976533\n|move|p1a: Garganacl|Iron Defense|p1a: Garganacl\n|-boost|p1a: Garganacl|def|2\n|move|p2a: Azumarill|Belly Drum|p2a: Azumarill\n|-damage|p2a: Azumarill|149/298\n|-setboost|p2a: Azumarill|atk|6|[from] move: Belly Drum\n|-enditem|p2a: Azumarill|Sitrus Berry|[eat]\n|-heal|p2a: Azumarill|223/298|[from] item: Sitrus Berry\n|\n|upkeep\n|turn|26\n|\n|t:|1732976539\n|-terastallize|p2a: Azumarill|Water\n|move|p1a: Garganacl|Salt Cure|p2a: Azumarill\n|-damage|p2a: Azumarill|175/298\n|-start|p2a: Azumarill|Salt Cure\n|move|p2a: Azumarill|Liquidation|p1a: Garganacl\n|-supereffective|p1a: Garganacl\n|-damage|p1a: Garganacl|0 fnt\n|faint|p1a: Garganacl\n|\n|-damage|p2a: Azumarill|101/298|[from] Salt Cure\n|upkeep\n|\n|t:|1732976546\n|switch|p1a: Iron Jugulis|Iron Jugulis, L78|275/275\n|turn|27\n|\n|t:|1732976550\n|move|p2a: Azumarill|Aqua Jet|p1a: Iron Jugulis\n|-damage|p1a: Iron Jugulis|0 fnt\n|faint|p1a: Iron Jugulis\n|-end|p1a: Iron Jugulis|Quark Drive|[silent]\n|\n|win|Merry24\n|raw|Inazuma-Fulgur's rating: 2093 &rarr; <strong>2084</strong><br />(-9 for losing)\n|raw|Merry24's rating: 2306 &rarr; <strong>2315</strong><br />(+9 for winning)\n", "inputlog": ">version b107d77f5c90bd6555267ae244a6264823309ead\n>start {\"formatid\":\"gen9randombattle\",\"seed\":[65401,44817,30120,18333],\"rated\":\"Rated battle\"}\n>player p1 {\"name\":\"Inazuma-Fulgur\",\"avatar\":\"marley\",\"rating\":2093,\"seed\":[63278,9206,18407,33092]}\n>player p2 {\"name\":\"Merry24\",\"avatar\":\"clerkf\",\"rating\":2306,\"seed\":[17056,26520,41293,63932]}\n>p1 move sleeppowder\n>p2 move knockoff\n>p1 move sleeppowder\n>p2 move knockoff\n>p1 switch 2\n>p2 move knockoff\n>p1 move stickyweb\n>p2 move bulkup\n>p1 move knockoff\n>p2 move bulkup\n>p1 move taunt\n>p2 move knockoff\n>p1 move pounce\n>p2 move drainpunch\n>p1 move pounce\n>p2 move drainpunch\n>p1 switch 6\n>p1 move irondefense\n>p2 move drainpunch\n>p1 move bodypress\n>p2 move knockoff\n>p1 move irondefense\n>p2 move drainpunch\n>p1 move bodypress\n>p2 move drainpunch\n>p2 switch 2\n>p1 move bodypress\n>p2 move quiverdance\n>p1 move bodypress\n>p2 move hurricane\n>p1 switch 5\n>p1 move iciclespear\n>p2 move hurricane\n>p2 switch 6\n>p1 switch 2\n>p2 move headsmash\n>p1 move sleeppowder\n>p2 switch 5\n>p1 move leechseed\n>p2 switch 3\n>p1 move psychicnoise\n>p2 move darkpulse\n>p1 switch 2\n>p1 move dragondance\n>p2 move darkpulse\n>p1 move iciclespear\n>p2 move darkpulse\n>p2 switch 5\n>p1 move terablast terastallize\n>p2 move headsmash\n>p1 move terablast\n>p2 move woodhammer\n>p2 switch 4\n>p1 move terablast\n>p2 move aquajet\n>p1 switch 3\n>p1 move irondefense\n>p2 move bellydrum\n>p1 move saltcure\n>p2 move liquidation terastallize\n>p1 switch 4\n>p1 move earthpower\n>p2 move aquajet", "uploadtime": 1732976553, "views": 11, "formatid": "gen9randombattle", "rating": 2084, "private": 0, "password": null}