{"id": "gen9randombattle-2253820067", "format": "[Gen 9] Random Battle", "players": ["aergaerfterf", "prob just hungry"], "log": "|j|\u2606aergaerfterf\n|j|\u2606prob just hungry\n|t:|1732943291\n|gametype|singles\n|player|p1|aergaerfterf|170|1000\n|player|p2|prob just hungry|cynthia|1052\n|teamsize|p1|6\n|teamsize|p2|6\n|gen|9\n|tier|[Gen 9] Random Battle\n|rated|\n|rule|Species Clause: Limit one of each Pok\u00e9mon\n|rule|HP Percentage Mod: HP is shown in percentages\n|rule|Sleep Clause Mod: Limit one foe put to sleep\n|rule|Illusion Level Mod: Illusion disguises the Pok\u00e9mon's true level\n|\n|t:|1732943291\n|start\n|switch|p1a: Tyranitar|Tyranitar, L79, M|288/288\n|switch|p2a: Zangoose|Zangoose, L85, F|263/263\n|-weather|Sandstorm|[from] ability: Sand Stream|[of] p1a: Tyranitar\n|turn|1\n|inactive|Battle timer is ON: inactive players will automatically lose when time's up. (requested by aergaerfterf)\n|\n|t:|1732943316\n|switch|p1a: Hoopa|Hoopa, L85|275/275\n|move|p2a: Zangoose|Knock Off|p1a: Hoopa\n|-supereffective|p1a: Hoopa\n|-damage|p1a: Hoopa|0 fnt\n|-enditem|p1a: Hoopa|Choice Scarf|[from] move: Knock Off|[of] p2a: Zangoose\n|faint|p1a: Hoopa\n|\n|-weather|Sandstorm|[upkeep]\n|-damage|p2a: Zangoose|247/263|[from] Sandstorm\n|-status|p2a: Zangoose|tox|[from] item: Toxic Orb\n|upkeep\n|\n|t:|1732943331\n|switch|p1a: Eiscue|Eiscue, L88, F|272/272\n|turn|2\n|\n|t:|1732943336\n|move|p2a: Zangoose|Knock Off|p1a: Eiscue\n|-activate|p1a: Eiscue|ability: Ice Face\n|-damage|p1a: Eiscue|272/272\n|-enditem|p1a: Eiscue|Salac Berry|[from] move: Knock Off|[of] p2a: Zangoose\n|detailschange|p1a: Eiscue|Eiscue-Noice, L88, F\n|move|p1a: Eiscue|Substitute|p1a: Eiscue\n|-start|p1a: Eiscue|Substitute\n|-damage|p1a: Eiscue|204/272\n|\n|-weather|Sandstorm|[upkeep]\n|-damage|p1a: Eiscue|187/272|[from] Sandstorm\n|-damage|p2a: Zangoose|231/263 tox|[from] Sandstorm\n|-damage|p2a: Zangoose|215/263 tox|[from] psn\n|upkeep\n|turn|3\n|\n|t:|1732943353\n|move|p1a: Eiscue|Belly Drum|p1a: Eiscue\n|-damage|p1a: Eiscue|51/272\n|-setboost|p1a: Eiscue|atk|6|[from] move: Belly Drum\n|move|p2a: Zangoose|Facade|p1a: Eiscue\n|-end|p1a: Eiscue|Substitute\n|\n|-weather|Sandstorm|[upkeep]\n|-damage|p1a: Eiscue|34/272|[from] Sandstorm\n|-damage|p2a: Zangoose|199/263 tox|[from] Sandstorm\n|-damage|p2a: Zangoose|167/263 tox|[from] psn\n|upkeep\n|turn|4\n|inactive|aergaerfterf has 120 seconds left.\n|\n|t:|1732943386\n|move|p1a: Eiscue|Ice Spinner|p2a: Zangoose\n|-damage|p2a: Zangoose|0 fnt\n|faint|p2a: Zangoose\n|\n|-weather|Sandstorm|[upkeep]\n|-damage|p1a: Eiscue|17/272|[from] Sandstorm\n|upkeep\n|\n|t:|1732943396\n|switch|p2a: Blastoise|Blastoise, L80, M|258/258\n|turn|5\n|\n|t:|1732943409\n|-terastallize|p1a: Eiscue|Ground\n|move|p1a: Eiscue|Tera Blast|p2a: Blastoise|[anim] Tera Blast Ground\n|-damage|p2a: Blastoise|0 fnt\n|faint|p2a: Blastoise\n|\n|-weather|none\n|upkeep\n|\n|t:|1732943419\n|switch|p2a: Bellossom|Bellossom, L84, F|263/263\n|turn|6\n|\n|t:|1732943431\n|move|p1a: Eiscue|Ice Spinner|p2a: Bellossom\n|-supereffective|p2a: Bellossom\n|-damage|p2a: Bellossom|0 fnt\n|faint|p2a: Bellossom\n|\n|upkeep\n|\n|t:|1732943436\n|switch|p2a: Tentacruel|Tentacruel, L84, M|272/272\n|turn|7\n|inactive|aergaerfterf has 120 seconds left.\n|\n|t:|1732943491\n|move|p1a: Eiscue|Tera Blast|p2a: Tentacruel|[anim] Tera Blast Ground\n|-supereffective|p2a: Tentacruel\n|-damage|p2a: Tentacruel|0 fnt\n|faint|p2a: Tentacruel\n|\n|upkeep\n|inactive|prob just hungry has 120 seconds left.\n|\n|t:|1732943522\n|switch|p2a: Falinks|Falinks, L84|246/246\n|turn|8\n|inactive|aergaerfterf has 90 seconds left.\n|inactive|aergaerfterf has 60 seconds left.\n|\n|t:|1732943576\n|move|p1a: Eiscue|Ice Spinner|p2a: Falinks\n|-damage|p2a: Falinks|0 fnt\n|faint|p2a: Falinks\n|\n|upkeep\n|inactive|prob just hungry has 120 seconds left.\n|\n|t:|1732943595\n|switch|p2a: Pecharunt|Pecharunt, L77|262/262\n|turn|9\n|inactive|aergaerfterf has 60 seconds left.\n|\n|t:|1732943614\n|move|p1a: Eiscue|Tera Blast|p2a: Pecharunt|[anim] Tera Blast Ground\n|-supereffective|p2a: Pecharunt\n|-damage|p2a: Pecharunt|0 fnt\n|faint|p2a: Pecharunt\n|\n|win|aergaerfterf\n|raw|aergaerfterf's rating: 1000 &rarr; <strong>1046</strong><br />(+46 for winning)\n|raw|prob just hungry's rating: 1052 &rarr; <strong>1032</strong><br />(-20 for losing)\n|l|\u2606prob just hungry\n|player|p2|\n", "inputlog": ">version b107d77f5c90bd6555267ae244a6264823309ead\n>start {\"formatid\":\"gen9randombattle\",\"seed\":[751,56770,35565,18496],\"rated\":\"Rated battle\"}\n>player p1 {\"name\":\"aergaerfterf\",\"avatar\":\"170\",\"rating\":1000,\"seed\":[51173,39023,1162,43212]}\n>player p2 {\"name\":\"prob just hungry\",\"avatar\":\"cynthia\",\"rating\":1052,\"seed\":[13749,17406,6717,7184]}\n>p1 switch 4\n>p2 move knockoff\n>p1 switch 6\n>p1 move substitute\n>p2 move knockoff\n>p1 move bellydrum\n>p2 move facade\n>p1 move icespinner\n>p2 move facade\n>p2 switch 3\n>p1 move terablast terastallize\n>p2 move shellsmash\n>p2 switch 5\n>p1 move icespinner\n>p2 move sleeppowder\n>p2 switch 4\n>p1 move terablast\n>p2 move surf\n>p2 switch 6\n>p1 move icespinner\n>p2 move noretreat\n>p2 switch 2\n>p1 move terablast\n>p2 move shadowball", "uploadtime": 1732943616, "views": 1, "formatid": "gen9randombattle", "rating": 1032, "private": 0, "password": null}