{"id": "gen9randombattle-2253851654", "format": "[Gen 9] Random Battle", "players": ["CertifiedRowletFan", "jjaimxx"], "log": "|j|\u2606CertifiedRowletFan\n|j|\u2606jjaimxx\n|t:|1732948968\n|gametype|singles\n|player|p1|CertifiedRowletFan|camper|1099\n|player|p2|jjaimxx|101|1112\n|teamsize|p1|6\n|teamsize|p2|6\n|gen|9\n|tier|[Gen 9] Random Battle\n|rated|\n|rule|Species Clause: Limit one of each Pok\u00e9mon\n|rule|HP Percentage Mod: HP is shown in percentages\n|rule|Sleep Clause Mod: Limit one foe put to sleep\n|rule|Illusion Level Mod: Illusion disguises the Pok\u00e9mon's true level\n|\n|t:|1732948968\n|start\n|switch|p1a: Delibird|Delibird, M|252/252\n|switch|p2a: Piloswine|Piloswine, L85, F|309/309\n|turn|1\n|c|\u2606CertifiedRowletFan|Since when was piloswine in randbats?\n|c|\u2606jjaimxx|idk this is the first time i seen it\n|\n|t:|1732949004\n|move|p1a: Delibird|Spikes|p2a: Piloswine\n|-sidestart|p2: jjaimxx|Spikes\n|move|p2a: Piloswine|Roar|p1a: Delibird\n|drag|p1a: Arceus|Arceus-Fighting, L70|284/284\n|\n|upkeep\n|turn|2\n|c|\u2606CertifiedRowletFan|Same\n|\n|t:|1732949017\n|move|p1a: Arceus|Body Press|p2a: Piloswine\n|-supereffective|p2a: Piloswine\n|-damage|p2a: Piloswine|189/309\n|move|p2a: Piloswine|Roar|p1a: Arceus\n|drag|p1a: Granbull|Granbull, L88, F|302/302\n|-ability|p1a: Granbull|Intimidate|boost\n|-unboost|p2a: Piloswine|atk|1\n|\n|upkeep\n|turn|3\n|\n|t:|1732949029\n|move|p1a: Granbull|Play Rough|p2a: Piloswine\n|-damage|p2a: Piloswine|96/309\n|move|p2a: Piloswine|Roar|p1a: Granbull\n|drag|p1a: Kingambit|Kingambit, L74, M|270/270\n|\n|upkeep\n|turn|4\n|\n|t:|1732949035\n|-end|p1a: Kingambit|fallenundefined|[silent]\n|switch|p1a: Granbull|Granbull, L88, F|302/302\n|-ability|p1a: Granbull|Intimidate|boost\n|-unboost|p2a: Piloswine|atk|1\n|move|p2a: Piloswine|Earthquake|p1a: Granbull\n|-damage|p1a: Granbull|239/302\n|\n|-heal|p1a: Granbull|257/302|[from] item: Leftovers\n|upkeep\n|turn|5\n|c|\u2606CertifiedRowletFan|Uh\n|\n|t:|1732949045\n|switch|p2a: Scream Tail|Scream Tail, L84|330/330\n|-damage|p2a: Scream Tail|289/330|[from] Spikes\n|move|p1a: Granbull|Play Rough|p2a: Scream Tail|[miss]\n|-miss|p1a: Granbull|p2a: Scream Tail\n|\n|-heal|p2a: Scream Tail|309/330|[from] item: Leftovers\n|-heal|p1a: Granbull|275/302|[from] item: Leftovers\n|upkeep\n|turn|6\n|c|\u2606CertifiedRowletFan|U weremt supposed to see that guy\n|c|\u2606CertifiedRowletFan|Forget he ever existed\n|\n|t:|1732949055\n|move|p2a: Scream Tail|Wish|p2a: Scream Tail\n|move|p1a: Granbull|Thunder Wave|p2a: Scream Tail\n|-status|p2a: Scream Tail|par\n|\n|-heal|p1a: Granbull|293/302|[from] item: Leftovers\n|-heal|p2a: Scream Tail|329/330 par|[from] item: Leftovers\n|upkeep\n|turn|7\n|c|\u2606jjaimxx|interesting\n|\n|t:|1732949067\n|switch|p1a: Delibird|Delibird, M|252/252\n|move|p2a: Scream Tail|Wish||[still]\n|-fail|p2a: Scream Tail\n|\n|-heal|p2a: Scream Tail|330/330 par|[from] move: Wish|[wisher] Scream Tail\n|upkeep\n|turn|8\n|\n|t:|1732949080\n|move|p1a: Delibird|Spikes|p2a: Scream Tail\n|-sidestart|p2: jjaimxx|Spikes\n|move|p2a: Scream Tail|Play Rough|p1a: Delibird\n|-damage|p1a: Delibird|165/252\n|-unboost|p1a: Delibird|atk|1\n|\n|upkeep\n|turn|9\n|\n|t:|1732949086\n|move|p1a: Delibird|Spikes|p2a: Scream Tail\n|-sidestart|p2: jjaimxx|Spikes\n|move|p2a: Scream Tail|Encore|p1a: Delibird\n|-start|p1a: Delibird|Encore\n|\n|upkeep\n|turn|10\n|\n|t:|1732949092\n|switch|p1a: Granbull|Granbull, L88, F|293/302\n|-ability|p1a: Granbull|Intimidate|boost\n|-unboost|p2a: Scream Tail|atk|1\n|cant|p2a: Scream Tail|par\n|\n|-heal|p1a: Granbull|302/302|[from] item: Leftovers\n|upkeep\n|turn|11\n|\n|t:|1732949099\n|move|p2a: Scream Tail|Wish|p2a: Scream Tail\n|move|p1a: Granbull|Roar|p2a: Scream Tail\n|-end|p2a: Scream Tail|Protosynthesis|[silent]\n|drag|p2a: Cloyster|Cloyster, L80, M|211/211\n|-damage|p2a: Cloyster|159/211|[from] Spikes\n|\n|upkeep\n|turn|12\n|c|\u2606CertifiedRowletFan|Ooh\n|\n|t:|1732949115\n|-terastallize|p2a: Cloyster|Ground\n|move|p2a: Cloyster|Shell Smash|p2a: Cloyster\n|-unboost|p2a: Cloyster|def|1\n|-unboost|p2a: Cloyster|spd|1\n|-boost|p2a: Cloyster|atk|2\n|-boost|p2a: Cloyster|spa|2\n|-boost|p2a: Cloyster|spe|2\n|-enditem|p2a: Cloyster|White Herb\n|-clearnegativeboost|p2a: Cloyster|[silent]\n|move|p1a: Granbull|Thunder Wave|p2a: Cloyster\n|-immune|p2a: Cloyster\n|\n|-heal|p2a: Cloyster|211/211|[from] move: Wish|[wisher] Scream Tail\n|upkeep\n|turn|13\n|c|\u2606CertifiedRowletFan|O dam\n|c|\u2606jjaimxx|skibidi\n|c|\u2606CertifiedRowletFan|I forgor\n|c|\u2606CertifiedRowletFan|I had roar\n|\n|t:|1732949132\n|move|p2a: Cloyster|Drill Run|p1a: Granbull\n|-damage|p1a: Granbull|149/302\n|move|p1a: Granbull|Roar|p2a: Cloyster\n|drag|p2a: Jirachi|Jirachi, L80|291/291\n|-damage|p2a: Jirachi|219/291|[from] Spikes\n|\n|-heal|p2a: Jirachi|237/291|[from] item: Leftovers\n|-heal|p1a: Granbull|167/302|[from] item: Leftovers\n|upkeep\n|turn|14\n|c|\u2606CertifiedRowletFan|Ye like that\n|c|\u2606CertifiedRowletFan|O jirachi\n|\n|t:|1732949147\n|switch|p1a: Arceus|Arceus-Fighting, L70|284/284\n|move|p2a: Jirachi|Iron Head|p1a: Arceus\n|-damage|p1a: Arceus|208/284\n|\n|-heal|p2a: Jirachi|255/291|[from] item: Leftovers\n|upkeep\n|turn|15\n|\n|t:|1732949153\n|move|p1a: Arceus|Iron Defense|p1a: Arceus\n|-boost|p1a: Arceus|def|2\n|move|p2a: Jirachi|Wish|p2a: Jirachi\n|\n|-heal|p2a: Jirachi|273/291|[from] item: Leftovers\n|upkeep\n|turn|16\n|c|\u2606CertifiedRowletFan|Pretty cool team\n|\n|t:|1732949160\n|switch|p2a: Piloswine|Piloswine, L85, F|96/309\n|-damage|p2a: Piloswine|19/309|[from] Spikes\n|move|p1a: Arceus|Body Press|p2a: Piloswine\n|-supereffective|p2a: Piloswine\n|-damage|p2a: Piloswine|0 fnt\n|faint|p2a: Piloswine\n|\n|upkeep\n|\n|t:|1732949170\n|switch|p2a: Scream Tail|Scream Tail, L84|330/330 par\n|-damage|p2a: Scream Tail|248/330 par|[from] Spikes\n|turn|17\n|\n|t:|1732949183\n|-end|p2a: Scream Tail|Protosynthesis|[silent]\n|switch|p2a: Jirachi|Jirachi, L80|273/291\n|-damage|p2a: Jirachi|201/291|[from] Spikes\n|move|p1a: Arceus|Iron Defense|p1a: Arceus\n|-boost|p1a: Arceus|def|2\n|\n|-heal|p2a: Jirachi|219/291|[from] item: Leftovers\n|upkeep\n|turn|18\n|\n|t:|1732949195\n|move|p1a: Arceus|Body Press|p2a: Jirachi\n|-damage|p2a: Jirachi|0 fnt\n|faint|p2a: Jirachi\n|\n|upkeep\n|\n|t:|1732949198\n|switch|p2a: Vileplume|Vileplume, L86, F|269/269\n|-damage|p2a: Vileplume|202/269|[from] Spikes\n|turn|19\n|\n|t:|1732949205\n|move|p1a: Arceus|Body Press|p2a: Vileplume\n|-resisted|p2a: Vileplume\n|-damage|p2a: Vileplume|79/269\n|-status|p1a: Arceus|psn|[from] ability: Effect Spore|[of] p2a: Vileplume\n|move|p2a: Vileplume|Sleep Powder||[still]\n|-fail|p2a: Vileplume\n|\n|-heal|p2a: Vileplume|95/269|[from] item: Leftovers\n|-damage|p1a: Arceus|173/284 psn|[from] psn\n|upkeep\n|turn|20\n|c|\u2606CertifiedRowletFan|YOOOOOOO\n|c|\u2606jjaimxx|wow\n|c|\u2606CertifiedRowletFan|EFFECT SPORE W\n|c|\u2606jjaimxx|thanks vileplom\n|\n|t:|1732949223\n|move|p1a: Arceus|Body Press|p2a: Vileplume\n|-resisted|p2a: Vileplume\n|-damage|p2a: Vileplume|0 fnt\n|faint|p2a: Vileplume\n|\n|-damage|p1a: Arceus|138/284 psn|[from] psn\n|upkeep\n|\n|t:|1732949226\n|switch|p2a: Scream Tail|Scream Tail, L84|248/330 par\n|-damage|p2a: Scream Tail|166/330 par|[from] Spikes\n|turn|21\n|\n|t:|1732949230\n|move|p2a: Scream Tail|Protect|p2a: Scream Tail\n|-singleturn|p2a: Scream Tail|Protect\n|move|p1a: Arceus|Recover|p1a: Arceus\n|-heal|p1a: Arceus|280/284 psn\n|\n|-heal|p2a: Scream Tail|186/330 par|[from] item: Leftovers\n|-damage|p1a: Arceus|245/284 psn|[from] psn\n|upkeep\n|turn|22\n|c|\u2606jjaimxx|gg\n|\n|t:|1732949238\n|move|p1a: Arceus|Shadow Ball|p2a: Scream Tail\n|-supereffective|p2a: Scream Tail\n|-damage|p2a: Scream Tail|112/330 par\n|move|p2a: Scream Tail|Wish|p2a: Scream Tail\n|\n|-heal|p2a: Scream Tail|132/330 par|[from] item: Leftovers\n|-damage|p1a: Arceus|210/284 psn|[from] psn\n|upkeep\n|turn|23\n|c|\u2606CertifiedRowletFan|Effect spore goated real\n|c|\u2606CertifiedRowletFan|Gg\n|\n|t:|1732949248\n|switch|p1a: Granbull|Granbull, L88, F|167/302\n|-ability|p1a: Granbull|Intimidate|boost\n|-unboost|p2a: Scream Tail|atk|1\n|move|p2a: Scream Tail|Protect||[still]\n|-fail|p2a: Scream Tail\n|\n|-heal|p2a: Scream Tail|297/330 par|[from] move: Wish|[wisher] Scream Tail\n|-heal|p1a: Granbull|185/302|[from] item: Leftovers\n|-heal|p2a: Scream Tail|317/330 par|[from] item: Leftovers\n|upkeep\n|turn|24\n|\n|t:|1732949262\n|move|p2a: Scream Tail|Play Rough|p1a: Granbull\n|-damage|p1a: Granbull|137/302\n|-unboost|p1a: Granbull|atk|1\n|move|p1a: Granbull|Roar|p2a: Scream Tail\n|-end|p2a: Scream Tail|Protosynthesis|[silent]\n|drag|p2a: Cloyster|Cloyster, L80, M, tera:Ground|211/211\n|-damage|p2a: Cloyster|159/211|[from] Spikes\n|\n|-heal|p1a: Granbull|155/302|[from] item: Leftovers\n|upkeep\n|turn|25\n|\n|t:|1732949280\n|move|p2a: Cloyster|Drill Run|p1a: Granbull\n|-damage|p1a: Granbull|73/302\n|move|p1a: Granbull|Roar|p2a: Cloyster\n|drag|p2a: Tyranitar|Tyranitar, L79, M|288/288\n|-damage|p2a: Tyranitar|216/288|[from] Spikes\n|-weather|Sandstorm|[from] ability: Sand Stream|[of] p2a: Tyranitar\n|\n|-weather|Sandstorm|[upkeep]\n|-damage|p1a: Granbull|55/302|[from] Sandstorm\n|-heal|p1a: Granbull|73/302|[from] item: Leftovers\n|upkeep\n|turn|26\n|c|\u2606CertifiedRowletFan|Ooh\n|\n|t:|1732949290\n|move|p1a: Granbull|Thunder Wave|p2a: Tyranitar\n|-status|p2a: Tyranitar|par\n|move|p2a: Tyranitar|Dragon Tail|p1a: Granbull\n|-immune|p1a: Granbull\n|\n|-weather|Sandstorm|[upkeep]\n|-damage|p1a: Granbull|55/302|[from] Sandstorm\n|-heal|p1a: Granbull|73/302|[from] item: Leftovers\n|upkeep\n|turn|27\n|c|\u2606CertifiedRowletFan|Ttar\n|\n|t:|1732949299\n|move|p2a: Tyranitar|Knock Off|p1a: Granbull\n|-resisted|p1a: Granbull\n|-damage|p1a: Granbull|5/302\n|-enditem|p1a: Granbull|Leftovers|[from] move: Knock Off|[of] p2a: Tyranitar\n|move|p1a: Granbull|Roar|p2a: Tyranitar\n|drag|p2a: Cloyster|Cloyster, L80, M, tera:Ground|159/211\n|-damage|p2a: Cloyster|107/211|[from] Spikes\n|\n|-weather|Sandstorm|[upkeep]\n|-damage|p1a: Granbull|0 fnt|[from] Sandstorm\n|faint|p1a: Granbull\n|upkeep\n|\n|t:|1732949306\n|switch|p1a: Delibird|Delibird, M|165/252\n|turn|28\n|\n|t:|1732949310\n|move|p1a: Delibird|Freeze-Dry|p2a: Cloyster\n|-supereffective|p2a: Cloyster\n|-damage|p2a: Cloyster|0 fnt\n|faint|p2a: Cloyster\n|\n|-weather|Sandstorm|[upkeep]\n|-damage|p1a: Delibird|150/252|[from] Sandstorm\n|upkeep\n|\n|t:|1732949316\n|switch|p2a: Tyranitar|Tyranitar, L79, M|216/288 par\n|-damage|p2a: Tyranitar|144/288 par|[from] Spikes\n|turn|29\n|\n|t:|1732949323\n|move|p1a: Delibird|Freeze-Dry|p2a: Tyranitar\n|-damage|p2a: Tyranitar|107/288 par\n|move|p2a: Tyranitar|Stone Edge|p1a: Delibird\n|-supereffective|p1a: Delibird\n|-crit|p1a: Delibird\n|-damage|p1a: Delibird|0 fnt\n|faint|p1a: Delibird\n|\n|-weather|none\n|upkeep\n|c|\u2606CertifiedRowletFan|Granbull honestly did work\n|\n|t:|1732949335\n|switch|p1a: Arceus|Arceus-Fighting, L70|210/284 psn\n|turn|30\n|inactive|Battle timer is ON: inactive players will automatically lose when time's up. (requested by CertifiedRowletFan)\n|c|\u2606CertifiedRowletFan|U there?\n|\n|t:|1732949394\n|move|p1a: Arceus|Body Press|p2a: Tyranitar\n|-supereffective|p2a: Tyranitar\n|-damage|p2a: Tyranitar|0 fnt\n|faint|p2a: Tyranitar\n|\n|-damage|p1a: Arceus|175/284 psn|[from] psn\n|upkeep\n|\n|t:|1732949396\n|switch|p2a: Scream Tail|Scream Tail, L84|317/330 par\n|-damage|p2a: Scream Tail|235/330 par|[from] Spikes\n|turn|31\n|inactiveoff|Battle timer is now OFF.\n|\n|t:|1732949401\n|move|p1a: Arceus|Shadow Ball|p2a: Scream Tail\n|-supereffective|p2a: Scream Tail\n|-damage|p2a: Scream Tail|157/330 par\n|cant|p2a: Scream Tail|par\n|\n|-heal|p2a: Scream Tail|177/330 par|[from] item: Leftovers\n|-damage|p1a: Arceus|140/284 psn|[from] psn\n|upkeep\n|turn|32\n|\n|t:|1732949404\n|move|p1a: Arceus|Shadow Ball|p2a: Scream Tail\n|-supereffective|p2a: Scream Tail\n|-damage|p2a: Scream Tail|97/330 par\n|move|p2a: Scream Tail|Wish|p2a: Scream Tail\n|\n|-heal|p2a: Scream Tail|117/330 par|[from] item: Leftovers\n|-damage|p1a: Arceus|105/284 psn|[from] psn\n|upkeep\n|turn|33\n|\n|t:|1732949409\n|move|p1a: Arceus|Recover|p1a: Arceus\n|-heal|p1a: Arceus|247/284 psn\n|move|p2a: Scream Tail|Play Rough|p1a: Arceus\n|-supereffective|p1a: Arceus\n|-damage|p1a: Arceus|121/284 psn\n|\n|-heal|p2a: Scream Tail|282/330 par|[from] move: Wish|[wisher] Scream Tail\n|-heal|p2a: Scream Tail|302/330 par|[from] item: Leftovers\n|-damage|p1a: Arceus|86/284 psn|[from] psn\n|upkeep\n|turn|34\n|\n|t:|1732949414\n|move|p1a: Arceus|Recover|p1a: Arceus\n|-heal|p1a: Arceus|228/284 psn\n|move|p2a: Scream Tail|Play Rough|p1a: Arceus\n|-supereffective|p1a: Arceus\n|-damage|p1a: Arceus|96/284 psn\n|\n|-heal|p2a: Scream Tail|322/330 par|[from] item: Leftovers\n|-damage|p1a: Arceus|61/284 psn|[from] psn\n|upkeep\n|turn|35\n|\n|t:|1732949417\n|move|p1a: Arceus|Recover|p1a: Arceus\n|-heal|p1a: Arceus|203/284 psn\n|cant|p2a: Scream Tail|par\n|\n|-heal|p2a: Scream Tail|330/330 par|[from] item: Leftovers\n|-damage|p1a: Arceus|168/284 psn|[from] psn\n|upkeep\n|turn|36\n|\n|t:|1732949421\n|move|p1a: Arceus|Shadow Ball|p2a: Scream Tail\n|-supereffective|p2a: Scream Tail\n|-damage|p2a: Scream Tail|250/330 par\n|-unboost|p2a: Scream Tail|spd|1\n|move|p2a: Scream Tail|Play Rough|p1a: Arceus\n|-supereffective|p1a: Arceus\n|-damage|p1a: Arceus|24/284 psn\n|\n|-heal|p2a: Scream Tail|270/330 par|[from] item: Leftovers\n|-damage|p1a: Arceus|0 fnt|[from] psn\n|faint|p1a: Arceus\n|upkeep\n|\n|t:|1732949425\n|switch|p1a: Dragonite|Dragonite, L74, F|257/257\n|turn|37\n|\n|t:|1732949429\n|move|p1a: Dragonite|Dragon Dance|p1a: Dragonite\n|-boost|p1a: Dragonite|atk|1\n|-boost|p1a: Dragonite|spe|1\n|cant|p2a: Scream Tail|par\n|\n|-heal|p2a: Scream Tail|290/330 par|[from] item: Leftovers\n|upkeep\n|turn|38\n|\n|t:|1732949434\n|move|p1a: Dragonite|Dragon Dance|p1a: Dragonite\n|-boost|p1a: Dragonite|atk|1\n|-boost|p1a: Dragonite|spe|1\n|move|p2a: Scream Tail|Play Rough|p1a: Dragonite\n|-supereffective|p1a: Dragonite\n|-damage|p1a: Dragonite|179/257\n|\n|-heal|p2a: Scream Tail|310/330 par|[from] item: Leftovers\n|upkeep\n|turn|39\n|\n|t:|1732949442\n|move|p1a: Dragonite|Dragon Dance|p1a: Dragonite\n|-boost|p1a: Dragonite|atk|1\n|-boost|p1a: Dragonite|spe|1\n|move|p2a: Scream Tail|Play Rough|p1a: Dragonite\n|-supereffective|p1a: Dragonite\n|-damage|p1a: Dragonite|35/257\n|\n|-heal|p2a: Scream Tail|330/330 par|[from] item: Leftovers\n|upkeep\n|turn|40\n|\n|t:|1732949461\n|move|p1a: Dragonite|Tera Blast|p2a: Scream Tail\n|-damage|p2a: Scream Tail|279/330 par\n|cant|p2a: Scream Tail|par\n|\n|-heal|p2a: Scream Tail|299/330 par|[from] item: Leftovers\n|upkeep\n|turn|41\n|\n|t:|1732949465\n|move|p1a: Dragonite|Tera Blast|p2a: Scream Tail\n|-damage|p2a: Scream Tail|245/330 par\n|move|p2a: Scream Tail|Play Rough|p1a: Dragonite\n|-supereffective|p1a: Dragonite\n|-damage|p1a: Dragonite|0 fnt\n|faint|p1a: Dragonite\n|\n|-heal|p2a: Scream Tail|265/330 par|[from] item: Leftovers\n|upkeep\n|\n|t:|1732949468\n|switch|p1a: Dudunsparce|Dudunsparce, L83, M|343/343\n|turn|42\n|c|\u2606jjaimxx|nerf scream tail\n|c|\u2606CertifiedRowletFan|I agree\n|\n|t:|1732949477\n|move|p1a: Dudunsparce|Calm Mind|p1a: Dudunsparce\n|-boost|p1a: Dudunsparce|spa|1\n|-boost|p1a: Dudunsparce|spd|1\n|cant|p2a: Scream Tail|par\n|\n|-heal|p2a: Scream Tail|285/330 par|[from] item: Leftovers\n|upkeep\n|turn|43\n|c|\u2606CertifiedRowletFan|Bro has taken out so much of my team\n|\n|t:|1732949485\n|move|p1a: Dudunsparce|Calm Mind|p1a: Dudunsparce\n|-boost|p1a: Dudunsparce|spa|1\n|-boost|p1a: Dudunsparce|spd|1\n|move|p2a: Scream Tail|Play Rough|p1a: Dudunsparce\n|-damage|p1a: Dudunsparce|271/343\n|\n|-heal|p1a: Dudunsparce|292/343|[from] item: Leftovers\n|-heal|p2a: Scream Tail|305/330 par|[from] item: Leftovers\n|upkeep\n|turn|44\n|\n|t:|1732949491\n|move|p1a: Dudunsparce|Calm Mind|p1a: Dudunsparce\n|-boost|p1a: Dudunsparce|spa|1\n|-boost|p1a: Dudunsparce|spd|1\n|cant|p2a: Scream Tail|par\n|\n|-heal|p1a: Dudunsparce|313/343|[from] item: Leftovers\n|-heal|p2a: Scream Tail|325/330 par|[from] item: Leftovers\n|upkeep\n|turn|45\n|c|\u2606CertifiedRowletFan|Dundunsparce time?\n|\n|t:|1732949498\n|move|p1a: Dudunsparce|Calm Mind|p1a: Dudunsparce\n|-boost|p1a: Dudunsparce|spa|1\n|-boost|p1a: Dudunsparce|spd|1\n|cant|p2a: Scream Tail|par\n|\n|-heal|p1a: Dudunsparce|334/343|[from] item: Leftovers\n|-heal|p2a: Scream Tail|330/330 par|[from] item: Leftovers\n|upkeep\n|turn|46\n|\n|t:|1732949505\n|move|p1a: Dudunsparce|Calm Mind|p1a: Dudunsparce\n|-boost|p1a: Dudunsparce|spa|1\n|-boost|p1a: Dudunsparce|spd|1\n|move|p2a: Scream Tail|Play Rough|p1a: Dudunsparce\n|-damage|p1a: Dudunsparce|252/343\n|\n|-heal|p1a: Dudunsparce|273/343|[from] item: Leftovers\n|upkeep\n|turn|47\n|\n|t:|1732949512\n|move|p1a: Dudunsparce|Calm Mind|p1a: Dudunsparce\n|-boost|p1a: Dudunsparce|spa|1\n|-boost|p1a: Dudunsparce|spd|1\n|cant|p2a: Scream Tail|par\n|\n|-heal|p1a: Dudunsparce|294/343|[from] item: Leftovers\n|upkeep\n|turn|48\n|\n|t:|1732949518\n|move|p1a: Dudunsparce|Roost|p1a: Dudunsparce\n|-heal|p1a: Dudunsparce|343/343\n|-singleturn|p1a: Dudunsparce|move: Roost\n|move|p2a: Scream Tail|Play Rough|p1a: Dudunsparce\n|-damage|p1a: Dudunsparce|268/343\n|\n|-heal|p1a: Dudunsparce|289/343|[from] item: Leftovers\n|upkeep\n|turn|49\n|\n|t:|1732949523\n|move|p1a: Dudunsparce|Roost|p1a: Dudunsparce\n|-heal|p1a: Dudunsparce|343/343\n|-singleturn|p1a: Dudunsparce|move: Roost\n|move|p2a: Scream Tail|Play Rough|p1a: Dudunsparce\n|-damage|p1a: Dudunsparce|270/343\n|\n|-heal|p1a: Dudunsparce|291/343|[from] item: Leftovers\n|upkeep\n|turn|50\n|\n|t:|1732949535\n|move|p1a: Dudunsparce|Roost|p1a: Dudunsparce\n|-heal|p1a: Dudunsparce|343/343\n|-singleturn|p1a: Dudunsparce|move: Roost\n|move|p2a: Scream Tail|Play Rough|p1a: Dudunsparce\n|-damage|p1a: Dudunsparce|264/343\n|\n|-heal|p1a: Dudunsparce|285/343|[from] item: Leftovers\n|upkeep\n|turn|51\n|\n|t:|1732949539\n|move|p1a: Dudunsparce|Roost|p1a: Dudunsparce\n|-heal|p1a: Dudunsparce|343/343\n|-singleturn|p1a: Dudunsparce|move: Roost\n|cant|p2a: Scream Tail|par\n|\n|upkeep\n|turn|52\n|\n|t:|1732949544\n|move|p1a: Dudunsparce|Boomburst|p2a: Scream Tail\n|-damage|p2a: Scream Tail|0 fnt\n|faint|p2a: Scream Tail\n|-end|p2a: Scream Tail|Protosynthesis|[silent]\n|\n|win|CertifiedRowletFan\n|raw|CertifiedRowletFan's rating: 1099 &rarr; <strong>1125</strong><br />(+26 for winning)\n|raw|jjaimxx's rating: 1112 &rarr; <strong>1086</strong><br />(-26 for losing)\n|c|\u2606CertifiedRowletFan|Gg\n|l|\u2606jjaimxx\n|player|p2|\n|c|\u2606CertifiedRowletFan|Dundunsparce\n", "inputlog": ">version b107d77f5c90bd6555267ae244a6264823309ead\n>start {\"formatid\":\"gen9randombattle\",\"seed\":[30138,16388,12922,56793],\"rated\":\"Rated battle\"}\n>player p1 {\"name\":\"CertifiedRowletFan\",\"avatar\":\"camper\",\"rating\":1099,\"seed\":[61263,24377,2924,45195]}\n>player p2 {\"name\":\"jjaimxx\",\"avatar\":\"101\",\"rating\":1112,\"seed\":[38350,56464,61459,25022]}\n>chat \u2606CertifiedRowletFan|Since when was piloswine in randbats?\n>chat \u2606jjaimxx|idk this is the first time i seen it\n>p1 move spikes\n>p2 move roar\n>chat \u2606CertifiedRowletFan|Same\n>p1 move bodypress\n>p2 move roar\n>p1 move playrough\n>p2 move roar\n>p1 switch 6\n>p2 move earthquake\n>chat \u2606CertifiedRowletFan|Uh\n>p1 move playrough\n>p2 switch 6\n>chat \u2606CertifiedRowletFan|U weremt supposed to see that guy\n>chat \u2606CertifiedRowletFan|Forget he ever existed\n>p1 move thunderwave\n>p2 move wish\n>chat \u2606jjaimxx|interesting\n>p1 switch 2\n>p2 move wish\n>p1 move spikes\n>p2 move playrough\n>p1 move spikes\n>p2 move encore\n>p1 switch 2\n>p2 move playrough\n>p1 move roar\n>p2 move wish\n>chat \u2606CertifiedRowletFan|Ooh\n>p1 move thunderwave\n>p2 move shellsmash terastallize\n>chat \u2606CertifiedRowletFan|O dam\n>chat \u2606jjaimxx|skibidi\n>chat \u2606CertifiedRowletFan|I forgor\n>chat \u2606CertifiedRowletFan|I had roar\n>p1 move roar\n>p2 move drillrun\n>chat \u2606CertifiedRowletFan|Ye like that\n>chat \u2606CertifiedRowletFan|O jirachi\n>p1 switch 4\n>p2 move ironhead\n>p1 move irondefense\n>p2 move wish\n>chat \u2606CertifiedRowletFan|Pretty cool team\n>p1 move bodypress\n>p2 switch 6\n>p2 switch 3\n>p1 move irondefense\n>p2 switch 6\n>p1 move bodypress\n>p2 move bodyslam\n>p2 switch 2\n>p1 move bodypress\n>p2 move sleeppowder\n>chat \u2606CertifiedRowletFan|YOOOOOOO\n>chat \u2606jjaimxx|wow\n>chat \u2606CertifiedRowletFan|EFFECT SPORE W\n>chat \u2606jjaimxx|thanks vileplom\n>p1 move bodypress\n>p2 move gigadrain\n>p2 switch 6\n>p1 move recover\n>p2 move protect\n>chat \u2606jjaimxx|gg\n>p1 move shadowball\n>p2 move wish\n>chat \u2606CertifiedRowletFan|Effect spore goated real\n>chat \u2606CertifiedRowletFan|Gg\n>p1 switch 4\n>p2 move protect\n>p1 move roar\n>p2 move playrough\n>p1 move roar\n>p2 move drillrun\n>chat \u2606CertifiedRowletFan|Ooh\n>p1 move thunderwave\n>p2 move dragontail\n>chat \u2606CertifiedRowletFan|Ttar\n>p1 move roar\n>p2 move knockoff\n>p1 switch 2\n>p1 move freezedry\n>p2 move rockblast\n>p2 switch 4\n>p1 move freezedry\n>p2 move stoneedge\n>chat \u2606CertifiedRowletFan|Granbull honestly did work\n>p1 switch 4\n>chat \u2606CertifiedRowletFan|U there?\n>p1 move bodypress\n>p2 move icebeam\n>p2 switch 5\n>p1 move shadowball\n>p2 move playrough\n>p1 move shadowball\n>p2 move wish\n>p1 move recover\n>p2 move playrough\n>p1 move recover\n>p2 move playrough\n>p1 move recover\n>p2 move playrough\n>p1 move shadowball\n>p2 move playrough\n>p1 switch 3\n>p1 move dragondance\n>p2 move playrough\n>p1 move dragondance\n>p2 move playrough\n>p1 move dragondance\n>p2 move playrough\n>p1 move terablast\n>p2 move playrough\n>p1 move terablast\n>p2 move playrough\n>p1 switch 5\n>chat \u2606jjaimxx|nerf scream tail\n>chat \u2606CertifiedRowletFan|I agree\n>p1 move calmmind\n>p2 move playrough\n>chat \u2606CertifiedRowletFan|Bro has taken out so much of my team\n>p1 move calmmind\n>p2 move playrough\n>p1 move calmmind\n>p2 move playrough\n>chat \u2606CertifiedRowletFan|Dundunsparce time?\n>p1 move calmmind\n>p2 move playrough\n>p1 move calmmind\n>p2 move playrough\n>p1 move calmmind\n>p2 move playrough\n>p1 move roost\n>p2 move playrough\n>p1 move roost\n>p2 move playrough\n>p1 move roost\n>p2 move playrough\n>p1 move roost\n>p2 move playrough\n>p1 move boomburst\n>p2 move playrough", "uploadtime": 1732949555, "views": 2, "formatid": "gen9randombattle", "rating": 1086, "private": 0, "password": null}