{"id": "gen9randombattle-2253882571", "format": "[Gen 9] Random Battle", "players": ["Lunix_The_Cat", "Chill Fisherman"], "log": "|j|\u2606Lunix_The_Cat\n|j|\u2606Chill Fisherman\n|t:|1732955608\n|gametype|singles\n|player|p1|Lunix_The_Cat|102|1244\n|player|p2|Chill Fisherman|fisherman-gen4|1203\n|teamsize|p1|6\n|teamsize|p2|6\n|gen|9\n|tier|[Gen 9] Random Battle\n|rated|\n|rule|Species Clause: Limit one of each Pok\u00e9mon\n|rule|HP Percentage Mod: HP is shown in percentages\n|rule|Sleep Clause Mod: Limit one foe put to sleep\n|rule|Illusion Level Mod: Illusion disguises the Pok\u00e9mon's true level\n|\n|t:|1732955608\n|start\n|switch|p1a: Leafeon|Leafeon, L88, F|258/258\n|switch|p2a: Dachsbun|Dachsbun, L92, F|254/254\n|turn|1\n|inactive|Battle timer is ON: inactive players will automatically lose when time's up. (requested by Chill Fisherman)\n|\n|t:|1732955628\n|move|p2a: Dachsbun|Play Rough|p1a: Leafeon\n|-damage|p1a: Leafeon|183/258\n|move|p1a: Leafeon|Substitute|p1a: Leafeon\n|-start|p1a: Leafeon|Substitute\n|-damage|p1a: Leafeon|119/258\n|\n|-heal|p1a: Leafeon|135/258|[from] item: Leftovers\n|upkeep\n|turn|2\n|\n|t:|1732955636\n|move|p2a: Dachsbun|Play Rough|p1a: Leafeon\n|-end|p1a: Leafeon|Substitute\n|move|p1a: Leafeon|Swords Dance|p1a: Leafeon\n|-boost|p1a: Leafeon|atk|2\n|\n|-heal|p1a: Leafeon|151/258|[from] item: Leftovers\n|upkeep\n|turn|3\n|\n|t:|1732955646\n|move|p2a: Dachsbun|Play Rough|p1a: Leafeon\n|-damage|p1a: Leafeon|85/258\n|move|p1a: Leafeon|Leaf Blade|p2a: Dachsbun\n|-damage|p2a: Dachsbun|86/254\n|\n|-heal|p2a: Dachsbun|101/254|[from] item: Leftovers\n|-heal|p1a: Leafeon|101/258|[from] item: Leftovers\n|upkeep\n|turn|4\n|\n|t:|1732955657\n|switch|p1a: Overqwil|Overqwil, L82, F|274/274\n|-ability|p1a: Overqwil|Intimidate|boost\n|-unboost|p2a: Dachsbun|atk|1\n|move|p2a: Dachsbun|Play Rough|p1a: Overqwil\n|-damage|p1a: Overqwil|214/274\n|\n|-heal|p2a: Dachsbun|116/254|[from] item: Leftovers\n|upkeep\n|turn|5\n|\n|t:|1732955665\n|-terastallize|p2a: Dachsbun|Steel\n|move|p2a: Dachsbun|Wish|p2a: Dachsbun\n|move|p1a: Overqwil|Swords Dance|p1a: Overqwil\n|-boost|p1a: Overqwil|atk|2\n|\n|-heal|p2a: Dachsbun|131/254|[from] item: Leftovers\n|upkeep\n|turn|6\n|\n|t:|1732955675\n|move|p2a: Dachsbun|Stomping Tantrum|p1a: Overqwil\n|-supereffective|p1a: Overqwil\n|-damage|p1a: Overqwil|138/274\n|move|p1a: Overqwil|Crunch|p2a: Dachsbun\n|-damage|p2a: Dachsbun|5/254\n|\n|-heal|p2a: Dachsbun|132/254|[from] move: Wish|[wisher] Dachsbun\n|-heal|p2a: Dachsbun|147/254|[from] item: Leftovers\n|upkeep\n|turn|7\n|\n|t:|1732955689\n|move|p2a: Dachsbun|Wish|p2a: Dachsbun\n|move|p1a: Overqwil|Scale Shot|p2a: Dachsbun\n|-resisted|p2a: Dachsbun\n|-damage|p2a: Dachsbun|132/254\n|-resisted|p2a: Dachsbun\n|-damage|p2a: Dachsbun|119/254\n|-resisted|p2a: Dachsbun\n|-damage|p2a: Dachsbun|104/254\n|-resisted|p2a: Dachsbun\n|-damage|p2a: Dachsbun|89/254\n|-hitcount|p2a: Dachsbun|4\n|-unboost|p1a: Overqwil|def|1\n|-boost|p1a: Overqwil|spe|1\n|\n|-heal|p2a: Dachsbun|104/254|[from] item: Leftovers\n|upkeep\n|turn|8\n|\n|t:|1732955703\n|move|p2a: Dachsbun|Protect|p2a: Dachsbun\n|-singleturn|p2a: Dachsbun|Protect\n|move|p1a: Overqwil|Crunch|p2a: Dachsbun\n|-activate|p2a: Dachsbun|move: Protect\n|\n|-heal|p2a: Dachsbun|231/254|[from] move: Wish|[wisher] Dachsbun\n|-heal|p2a: Dachsbun|246/254|[from] item: Leftovers\n|upkeep\n|turn|9\n|\n|t:|1732955707\n|move|p1a: Overqwil|Crunch|p2a: Dachsbun\n|-damage|p2a: Dachsbun|105/254\n|move|p2a: Dachsbun|Stomping Tantrum|p1a: Overqwil\n|-supereffective|p1a: Overqwil\n|-damage|p1a: Overqwil|32/274\n|\n|-heal|p2a: Dachsbun|120/254|[from] item: Leftovers\n|upkeep\n|turn|10\n|\n|t:|1732955725\n|switch|p2a: Entei|Entei, L78|307/307\n|move|p1a: Overqwil|Crunch|p2a: Entei\n|-damage|p2a: Entei|91/307\n|\n|upkeep\n|turn|11\n|\n|t:|1732955733\n|move|p2a: Entei|Extreme Speed|p1a: Overqwil\n|-damage|p1a: Overqwil|0 fnt\n|faint|p1a: Overqwil\n|\n|upkeep\n|\n|t:|1732955746\n|switch|p1a: Glastrier|Glastrier, L86|311/311\n|turn|12\n|\n|t:|1732955752\n|move|p2a: Entei|Extreme Speed|p1a: Glastrier\n|-damage|p1a: Glastrier|251/311\n|move|p1a: Glastrier|High Horsepower|p2a: Entei\n|-supereffective|p2a: Entei\n|-damage|p2a: Entei|0 fnt\n|faint|p2a: Entei\n|-ability|p1a: Glastrier|Chilling Neigh|boost\n|-boost|p1a: Glastrier|atk|1\n|\n|upkeep\n|\n|t:|1732955763\n|switch|p2a: Tauros|Tauros, L82, M|257/257\n|turn|13\n|\n|t:|1732955768\n|switch|p1a: Florges|Florges, L85, F|271/271\n|move|p2a: Tauros|Close Combat|p1a: Florges\n|-resisted|p1a: Florges\n|-damage|p1a: Florges|206/271\n|-unboost|p2a: Tauros|def|1\n|-unboost|p2a: Tauros|spd|1\n|-damage|p2a: Tauros|232/257|[from] item: Life Orb\n|\n|-heal|p1a: Florges|222/271|[from] item: Leftovers\n|upkeep\n|turn|14\n|\n|t:|1732955775\n|move|p2a: Tauros|Throat Chop|p1a: Florges\n|-resisted|p1a: Florges\n|-damage|p1a: Florges|171/271\n|move|p1a: Florges|Calm Mind|p1a: Florges\n|-boost|p1a: Florges|spa|1\n|-boost|p1a: Florges|spd|1\n|\n|-heal|p1a: Florges|187/271|[from] item: Leftovers\n|upkeep\n|turn|15\n|\n|t:|1732955785\n|move|p2a: Tauros|Body Slam|p1a: Florges\n|-damage|p1a: Florges|12/271\n|move|p1a: Florges|Wish|p1a: Florges\n|\n|-heal|p1a: Florges|28/271|[from] item: Leftovers\n|upkeep\n|turn|16\n|\n|t:|1732955791\n|move|p1a: Florges|Protect|p1a: Florges\n|-singleturn|p1a: Florges|Protect\n|move|p2a: Tauros|Body Slam|p1a: Florges\n|-activate|p1a: Florges|move: Protect\n|\n|-heal|p1a: Florges|163/271|[from] move: Wish|[wisher] Florges\n|-heal|p1a: Florges|179/271|[from] item: Leftovers\n|upkeep\n|turn|17\n|\n|t:|1732955804\n|switch|p2a: Archaludon|Archaludon, L78, F|268/268\n|move|p1a: Florges|Moonblast|p2a: Archaludon\n|-damage|p2a: Archaludon|105/268\n|-ability|p2a: Archaludon|Stamina|boost\n|-boost|p2a: Archaludon|def|1\n|\n|-heal|p1a: Florges|195/271|[from] item: Leftovers\n|upkeep\n|turn|18\n|\n|t:|1732955812\n|move|p1a: Florges|Protect|p1a: Florges\n|-singleturn|p1a: Florges|Protect\n|move|p2a: Archaludon|Flash Cannon|p1a: Florges\n|-activate|p1a: Florges|move: Protect\n|\n|-heal|p1a: Florges|211/271|[from] item: Leftovers\n|upkeep\n|turn|19\n|\n|t:|1732955831\n|move|p2a: Archaludon|Flash Cannon|p1a: Florges\n|-supereffective|p1a: Florges\n|-damage|p1a: Florges|139/271\n|move|p1a: Florges|Calm Mind|p1a: Florges\n|-boost|p1a: Florges|spa|1\n|-boost|p1a: Florges|spd|1\n|\n|-heal|p1a: Florges|155/271|[from] item: Leftovers\n|upkeep\n|turn|20\n|\n|t:|1732955837\n|move|p1a: Florges|Wish|p1a: Florges\n|move|p2a: Archaludon|Dragon Tail|p1a: Florges\n|-immune|p1a: Florges\n|\n|-heal|p1a: Florges|171/271|[from] item: Leftovers\n|upkeep\n|turn|21\n|\n|t:|1732955845\n|switch|p2a: Dachsbun|Dachsbun, L92, F, tera:Steel|120/254\n|move|p1a: Florges|Calm Mind|p1a: Florges\n|-boost|p1a: Florges|spa|1\n|-boost|p1a: Florges|spd|1\n|\n|-heal|p1a: Florges|271/271|[from] move: Wish|[wisher] Florges\n|-heal|p2a: Dachsbun|135/254|[from] item: Leftovers\n|upkeep\n|turn|22\n|\n|t:|1732955856\n|move|p2a: Dachsbun|Stomping Tantrum|p1a: Florges\n|-damage|p1a: Florges|203/271\n|move|p1a: Florges|Moonblast|p2a: Dachsbun\n|-resisted|p2a: Dachsbun\n|-damage|p2a: Dachsbun|3/254\n|-unboost|p2a: Dachsbun|spa|1\n|\n|-heal|p2a: Dachsbun|18/254|[from] item: Leftovers\n|-heal|p1a: Florges|219/271|[from] item: Leftovers\n|upkeep\n|turn|23\n|\n|t:|1732955864\n|move|p2a: Dachsbun|Wish|p2a: Dachsbun\n|move|p1a: Florges|Calm Mind|p1a: Florges\n|-boost|p1a: Florges|spa|1\n|-boost|p1a: Florges|spd|1\n|\n|-heal|p2a: Dachsbun|33/254|[from] item: Leftovers\n|-heal|p1a: Florges|235/271|[from] item: Leftovers\n|upkeep\n|turn|24\n|\n|t:|1732955869\n|move|p2a: Dachsbun|Protect|p2a: Dachsbun\n|-singleturn|p2a: Dachsbun|Protect\n|move|p1a: Florges|Calm Mind|p1a: Florges\n|-boost|p1a: Florges|spa|1\n|-boost|p1a: Florges|spd|1\n|\n|-heal|p2a: Dachsbun|160/254|[from] move: Wish|[wisher] Dachsbun\n|-heal|p2a: Dachsbun|175/254|[from] item: Leftovers\n|-heal|p1a: Florges|251/271|[from] item: Leftovers\n|upkeep\n|turn|25\n|\n|t:|1732955881\n|switch|p2a: Empoleon|Empoleon, L84, F|278/278\n|move|p1a: Florges|Moonblast|p2a: Empoleon\n|-resisted|p2a: Empoleon\n|-damage|p2a: Empoleon|83/278\n|\n|-heal|p1a: Florges|267/271|[from] item: Leftovers\n|-heal|p2a: Empoleon|100/278|[from] item: Leftovers\n|upkeep\n|turn|26\n|\n|t:|1732955892\n|move|p1a: Florges|Moonblast|p2a: Empoleon\n|-resisted|p2a: Empoleon\n|-damage|p2a: Empoleon|0 fnt\n|faint|p2a: Empoleon\n|\n|-heal|p1a: Florges|271/271|[from] item: Leftovers\n|upkeep\n|\n|t:|1732955898\n|switch|p2a: Basculin|Basculin-Blue-Striped, L86, M|261/261\n|turn|27\n|\n|t:|1732955901\n|move|p1a: Florges|Protect|p1a: Florges\n|-singleturn|p1a: Florges|Protect\n|move|p2a: Basculin|Wave Crash|p1a: Florges\n|-activate|p1a: Florges|move: Protect\n|\n|upkeep\n|turn|28\n|\n|t:|1732955910\n|move|p2a: Basculin|Wave Crash|p1a: Florges\n|-damage|p1a: Florges|0 fnt\n|faint|p1a: Florges\n|-damage|p2a: Basculin|172/261|[from] Recoil\n|\n|upkeep\n|\n|t:|1732955920\n|switch|p1a: Eternatus|Eternatus, L69|308/308\n|-ability|p1a: Eternatus|Pressure\n|turn|29\n|\n|t:|1732955929\n|move|p1a: Eternatus|Sludge Bomb|p2a: Basculin\n|-damage|p2a: Basculin|60/261\n|move|p2a: Basculin|Wave Crash|p1a: Eternatus\n|-resisted|p1a: Eternatus\n|-damage|p1a: Eternatus|165/308\n|-damage|p2a: Basculin|17/261|[from] item: Rocky Helmet|[of] p1a: Eternatus\n|-damage|p2a: Basculin|0 fnt|[from] Recoil\n|faint|p2a: Basculin\n|\n|upkeep\n|\n|t:|1732955938\n|switch|p2a: Dachsbun|Dachsbun, L92, F, tera:Steel|175/254\n|turn|30\n|\n|t:|1732955949\n|move|p2a: Dachsbun|Play Rough|p1a: Eternatus\n|-damage|p1a: Eternatus|54/308\n|-damage|p2a: Dachsbun|133/254|[from] item: Rocky Helmet|[of] p1a: Eternatus\n|move|p1a: Eternatus|Fire Blast|p2a: Dachsbun\n|-ability|p2a: Dachsbun|Well-Baked Body|boost\n|-boost|p2a: Dachsbun|def|2\n|\n|-heal|p2a: Dachsbun|148/254|[from] item: Leftovers\n|upkeep\n|turn|31\n|\n|t:|1732955960\n|switch|p1a: Wigglytuff|Wigglytuff, L96, M|424/424\n|move|p2a: Dachsbun|Play Rough|p1a: Wigglytuff\n|-damage|p1a: Wigglytuff|291/424\n|\n|-heal|p2a: Dachsbun|163/254|[from] item: Leftovers\n|-heal|p1a: Wigglytuff|317/424|[from] item: Leftovers\n|upkeep\n|turn|32\n|\n|t:|1732955969\n|move|p2a: Dachsbun|Wish|p2a: Dachsbun\n|move|p1a: Wigglytuff|Wish|p1a: Wigglytuff\n|\n|-heal|p2a: Dachsbun|178/254|[from] item: Leftovers\n|-heal|p1a: Wigglytuff|343/424|[from] item: Leftovers\n|upkeep\n|turn|33\n|\n|t:|1732955979\n|switch|p1a: Glastrier|Glastrier, L86|251/311\n|move|p2a: Dachsbun|Play Rough|p1a: Glastrier\n|-damage|p1a: Glastrier|181/311\n|\n|-heal|p2a: Dachsbun|254/254|[from] move: Wish|[wisher] Dachsbun\n|-heal|p1a: Glastrier|311/311|[from] move: Wish|[wisher] Wigglytuff\n|upkeep\n|turn|34\n|\n|t:|1732955989\n|move|p2a: Dachsbun|Play Rough|p1a: Glastrier\n|-damage|p1a: Glastrier|238/311\n|move|p1a: Glastrier|High Horsepower|p2a: Dachsbun\n|-supereffective|p2a: Dachsbun\n|-damage|p2a: Dachsbun|152/254\n|\n|-heal|p2a: Dachsbun|167/254|[from] item: Leftovers\n|upkeep\n|turn|35\n|\n|t:|1732956001\n|move|p2a: Dachsbun|Wish|p2a: Dachsbun\n|move|p1a: Glastrier|High Horsepower|p2a: Dachsbun\n|-supereffective|p2a: Dachsbun\n|-damage|p2a: Dachsbun|51/254\n|\n|-heal|p2a: Dachsbun|66/254|[from] item: Leftovers\n|upkeep\n|turn|36\n|\n|t:|1732956012\n|move|p2a: Dachsbun|Protect|p2a: Dachsbun\n|-singleturn|p2a: Dachsbun|Protect\n|move|p1a: Glastrier|High Horsepower|p2a: Dachsbun\n|-activate|p2a: Dachsbun|move: Protect\n|\n|-heal|p2a: Dachsbun|193/254|[from] move: Wish|[wisher] Dachsbun\n|-heal|p2a: Dachsbun|208/254|[from] item: Leftovers\n|upkeep\n|turn|37\n|\n|t:|1732956016\n|switch|p2a: Tauros|Tauros, L82, M|232/257\n|move|p1a: Glastrier|High Horsepower|p2a: Tauros\n|-damage|p2a: Tauros|97/257\n|\n|upkeep\n|turn|38\n|\n|t:|1732956025\n|switch|p1a: Leafeon|Leafeon, L88, F|101/258\n|move|p2a: Tauros|Close Combat|p1a: Leafeon\n|-damage|p1a: Leafeon|27/258\n|-unboost|p2a: Tauros|def|1\n|-unboost|p2a: Tauros|spd|1\n|-damage|p2a: Tauros|72/257|[from] item: Life Orb\n|\n|-heal|p1a: Leafeon|43/258|[from] item: Leftovers\n|upkeep\n|turn|39\n|\n|t:|1732956036\n|move|p2a: Tauros|Close Combat|p1a: Leafeon\n|-damage|p1a: Leafeon|0 fnt\n|-unboost|p2a: Tauros|def|1\n|-unboost|p2a: Tauros|spd|1\n|faint|p1a: Leafeon\n|-damage|p2a: Tauros|47/257|[from] item: Life Orb\n|\n|upkeep\n|\n|t:|1732956048\n|switch|p1a: Wigglytuff|Wigglytuff, L96, M|343/424\n|turn|40\n|\n|t:|1732956054\n|switch|p2a: Archaludon|Archaludon, L78, F|105/268\n|move|p1a: Wigglytuff|Alluring Voice|p2a: Archaludon\n|-damage|p2a: Archaludon|21/268\n|-ability|p2a: Archaludon|Stamina|boost\n|-boost|p2a: Archaludon|def|1\n|\n|-heal|p1a: Wigglytuff|369/424|[from] item: Leftovers\n|upkeep\n|turn|41\n|\n|t:|1732956063\n|-terastallize|p1a: Wigglytuff|Steel\n|move|p2a: Archaludon|Flash Cannon|p1a: Wigglytuff\n|-resisted|p1a: Wigglytuff\n|-damage|p1a: Wigglytuff|310/424\n|-unboost|p1a: Wigglytuff|spd|1\n|-ability|p1a: Wigglytuff|Competitive|boost\n|-boost|p1a: Wigglytuff|spa|2\n|move|p1a: Wigglytuff|Alluring Voice|p2a: Archaludon\n|-damage|p2a: Archaludon|0 fnt\n|faint|p2a: Archaludon\n|\n|-heal|p1a: Wigglytuff|336/424|[from] item: Leftovers\n|upkeep\n|\n|t:|1732956069\n|switch|p2a: Dachsbun|Dachsbun, L92, F, tera:Steel|208/254\n|turn|42\n|\n|t:|1732956083\n|move|p1a: Wigglytuff|Protect|p1a: Wigglytuff\n|-singleturn|p1a: Wigglytuff|Protect\n|move|p2a: Dachsbun|Play Rough|p1a: Wigglytuff\n|-activate|p1a: Wigglytuff|move: Protect\n|\n|-heal|p2a: Dachsbun|223/254|[from] item: Leftovers\n|-heal|p1a: Wigglytuff|362/424|[from] item: Leftovers\n|upkeep\n|turn|43\n|\n|t:|1732956089\n|move|p2a: Dachsbun|Play Rough|p1a: Wigglytuff\n|-resisted|p1a: Wigglytuff\n|-damage|p1a: Wigglytuff|293/424\n|move|p1a: Wigglytuff|Alluring Voice|p2a: Dachsbun\n|-resisted|p2a: Dachsbun\n|-damage|p2a: Dachsbun|129/254\n|\n|-heal|p2a: Dachsbun|144/254|[from] item: Leftovers\n|-heal|p1a: Wigglytuff|319/424|[from] item: Leftovers\n|upkeep\n|turn|44\n|\n|t:|1732956103\n|move|p2a: Dachsbun|Stomping Tantrum|p1a: Wigglytuff\n|-supereffective|p1a: Wigglytuff\n|-damage|p1a: Wigglytuff|173/424\n|move|p1a: Wigglytuff|Alluring Voice|p2a: Dachsbun\n|-resisted|p2a: Dachsbun\n|-damage|p2a: Dachsbun|48/254\n|\n|-heal|p2a: Dachsbun|63/254|[from] item: Leftovers\n|-heal|p1a: Wigglytuff|199/424|[from] item: Leftovers\n|upkeep\n|turn|45\n|\n|t:|1732956117\n|move|p2a: Dachsbun|Protect|p2a: Dachsbun\n|-singleturn|p2a: Dachsbun|Protect\n|move|p1a: Wigglytuff|Alluring Voice|p2a: Dachsbun\n|-activate|p2a: Dachsbun|move: Protect\n|\n|-heal|p2a: Dachsbun|78/254|[from] item: Leftovers\n|-heal|p1a: Wigglytuff|225/424|[from] item: Leftovers\n|upkeep\n|turn|46\n|\n|t:|1732956122\n|move|p2a: Dachsbun|Wish|p2a: Dachsbun\n|move|p1a: Wigglytuff|Alluring Voice|p2a: Dachsbun\n|-resisted|p2a: Dachsbun\n|-damage|p2a: Dachsbun|0 fnt\n|faint|p2a: Dachsbun\n|\n|-heal|p1a: Wigglytuff|251/424|[from] item: Leftovers\n|upkeep\n|\n|t:|1732956125\n|switch|p2a: Tauros|Tauros, L82, M|47/257\n|turn|47\n|\n|t:|1732956132\n|move|p2a: Tauros|Close Combat|p1a: Wigglytuff\n|-supereffective|p1a: Wigglytuff\n|-damage|p1a: Wigglytuff|0 fnt\n|-unboost|p2a: Tauros|def|1\n|-unboost|p2a: Tauros|spd|1\n|faint|p1a: Wigglytuff\n|-damage|p2a: Tauros|22/257|[from] item: Life Orb\n|\n|-heal|p2a: Tauros|149/257|[from] move: Wish|[wisher] Dachsbun\n|upkeep\n|\n|t:|1732956141\n|switch|p1a: Eternatus|Eternatus, L69|54/308\n|-ability|p1a: Eternatus|Pressure\n|turn|48\n|\n|t:|1732956148\n|move|p2a: Tauros|Zen Headbutt|p1a: Eternatus\n|-supereffective|p1a: Eternatus\n|-damage|p1a: Eternatus|0 fnt\n|-damage|p2a: Tauros|107/257|[from] item: Rocky Helmet|[of] p1a: Eternatus\n|faint|p1a: Eternatus\n|\n|upkeep\n|\n|t:|1732956162\n|switch|p1a: Glastrier|Glastrier, L86|238/311\n|turn|49\n|\n|t:|1732956166\n|move|p2a: Tauros|Close Combat|p1a: Glastrier\n|-supereffective|p1a: Glastrier\n|-damage|p1a: Glastrier|95/311\n|-unboost|p2a: Tauros|def|1\n|-unboost|p2a: Tauros|spd|1\n|-damage|p2a: Tauros|82/257|[from] item: Life Orb\n|move|p1a: Glastrier|Close Combat|p2a: Tauros\n|-supereffective|p2a: Tauros\n|-damage|p2a: Tauros|0 fnt\n|-unboost|p1a: Glastrier|def|1\n|-unboost|p1a: Glastrier|spd|1\n|faint|p2a: Tauros\n|\n|win|Lunix_The_Cat\n|raw|Lunix_The_Cat's rating: 1244 &rarr; <strong>1266</strong><br />(+22 for winning)\n|raw|Chill Fisherman's rating: 1203 &rarr; <strong>1181</strong><br />(-22 for losing)\n|l|\u2606Chill Fisherman\n|player|p2|\n|c|\u2606Lunix_The_Cat|Gg\n", "inputlog": ">version b107d77f5c90bd6555267ae244a6264823309ead\n>start {\"formatid\":\"gen9randombattle\",\"seed\":[58706,15087,47487,62499],\"rated\":\"Rated battle\"}\n>player p1 {\"name\":\"Lunix_The_Cat\",\"avatar\":\"102\",\"rating\":1244,\"seed\":[28009,27239,37894,59499]}\n>player p2 {\"name\":\"Chill Fisherman\",\"avatar\":\"fisherman-gen4\",\"rating\":1203,\"seed\":[29431,35910,12411,25980]}\n>p1 move substitute\n>p2 move playrough\n>p1 move swordsdance\n>p2 move playrough\n>p1 move leafblade\n>p2 move playrough\n>p1 switch 6\n>p2 move playrough\n>p1 move swordsdance\n>p2 move wish terastallize\n>p1 move crunch\n>p2 move stompingtantrum\n>p1 move scaleshot\n>p2 move wish\n>p1 move crunch\n>p2 move protect\n>p1 move crunch\n>p2 move stompingtantrum\n>p1 move crunch\n>p2 switch 3\n>p1 move crunch\n>p2 move extremespeed\n>p1 switch 2\n>p1 move highhorsepower\n>p2 move extremespeed\n>p2 switch 6\n>p1 switch 3\n>p2 move closecombat\n>p1 move calmmind\n>p2 move throatchop\n>p1 move wish\n>p2 move bodyslam\n>p1 move protect\n>p2 move bodyslam\n>p1 move moonblast\n>p2 switch 5\n>p1 move protect\n>p2 move flashcannon\n>p1 move calmmind\n>p2 move flashcannon\n>p1 move wish\n>p2 move dragontail\n>p1 move calmmind\n>p2 switch 3\n>p1 move moonblast\n>p2 move stompingtantrum\n>p1 move calmmind\n>p2 move wish\n>p1 move calmmind\n>p2 move protect\n>p1 move moonblast\n>p2 switch 2\n>p1 move moonblast\n>p2 move knockoff\n>p2 switch 4\n>p1 move protect\n>p2 move wavecrash\n>p1 move moonblast\n>p2 move wavecrash\n>p1 switch 5\n>p1 move sludgebomb\n>p2 move wavecrash\n>p2 switch 2\n>p1 move fireblast\n>p2 move playrough\n>p1 switch 4\n>p2 move playrough\n>p1 move wish\n>p2 move wish\n>p1 switch 3\n>p2 move playrough\n>p1 move highhorsepower\n>p2 move playrough\n>p1 move highhorsepower\n>p2 move wish\n>p1 move highhorsepower\n>p2 move protect\n>p1 move highhorsepower\n>p2 switch 5\n>p1 switch 6\n>p2 move closecombat\n>p1 move leafblade\n>p2 move closecombat\n>p1 switch 3\n>p1 move alluringvoice\n>p2 switch 3\n>p1 move alluringvoice terastallize\n>p2 move flashcannon\n>p2 switch 5\n>p1 move protect\n>p2 move playrough\n>p1 move alluringvoice\n>p2 move playrough\n>p1 move alluringvoice\n>p2 move stompingtantrum\n>p1 move alluringvoice\n>p2 move protect\n>p1 move alluringvoice\n>p2 move wish\n>p2 switch 3\n>p1 move wish\n>p2 move closecombat\n>p1 switch 4\n>p1 move recover\n>p2 move zenheadbutt\n>p1 switch 6\n>p1 move closecombat\n>p2 move closecombat", "uploadtime": 1732956242, "views": 12, "formatid": "gen9randombattle", "rating": 1181, "private": 0, "password": null}