{"id": "gen9randombattle-2253910161", "format": "[Gen 9] Random Battle", "players": ["antonio__vc", "SuperCyberNova"], "log": "|j|\u2606antonio__vc\n|j|\u2606SuperCyberNova\n|t:|1732961796\n|gametype|singles\n|player|p1|antonio__vc|2|1443\n|player|p2|SuperCyberNova|265|1452\n|teamsize|p1|6\n|teamsize|p2|6\n|gen|9\n|tier|[Gen 9] Random Battle\n|rated|\n|rule|Species Clause: Limit one of each Pok\u00e9mon\n|rule|HP Percentage Mod: HP is shown in percentages\n|rule|Sleep Clause Mod: Limit one foe put to sleep\n|rule|Illusion Level Mod: Illusion disguises the Pok\u00e9mon's true level\n|\n|t:|1732961796\n|start\n|switch|p1a: Grafaiai|Grafaiai, L86, F|249/249\n|switch|p2a: Sinistcha|Sinistcha-Masterpiece, L83|254/254\n|turn|1\n|\n|t:|1732961808\n|switch|p2a: Swalot|Swalot, L90, F|326/326\n|move|p1a: Grafaiai|Knock Off|p2a: Swalot\n|-damage|p2a: Swalot|252/326\n|-enditem|p2a: Swalot|Leftovers|[from] move: Knock Off|[of] p1a: Grafaiai\n|\n|upkeep\n|turn|2\n|\n|t:|1732961816\n|move|p1a: Grafaiai|U-turn|p2a: Swalot\n|-resisted|p2a: Swalot\n|-damage|p2a: Swalot|226/326\n|\n|t:|1732961820\n|switch|p1a: Muk|Muk, L86, F|321/321|[from] U-turn\n|move|p2a: Swalot|Earthquake|p1a: Muk\n|-supereffective|p1a: Muk\n|-damage|p1a: Muk|179/321\n|\n|-heal|p1a: Muk|199/321|[from] item: Leftovers\n|upkeep\n|turn|3\n|\n|t:|1732961831\n|switch|p1a: Braviary|Braviary, L85, M|309/309\n|move|p2a: Swalot|Protect||[still]\n|-fail|p2a: Swalot\n|\n|upkeep\n|turn|4\n|\n|t:|1732961848\n|move|p1a: Braviary|Brave Bird|p2a: Swalot\n|-damage|p2a: Swalot|72/326\n|-damage|p1a: Braviary|258/309|[from] Recoil\n|move|p2a: Swalot|Toxic|p1a: Braviary\n|-status|p1a: Braviary|tox\n|\n|-damage|p1a: Braviary|239/309 tox|[from] psn\n|upkeep\n|turn|5\n|\n|t:|1732961855\n|move|p2a: Swalot|Protect|p2a: Swalot\n|-singleturn|p2a: Swalot|Protect\n|move|p1a: Braviary|Bulk Up|p1a: Braviary\n|-boost|p1a: Braviary|atk|1\n|-boost|p1a: Braviary|def|1\n|\n|-damage|p1a: Braviary|201/309 tox|[from] psn\n|upkeep\n|turn|6\n|\n|t:|1732961859\n|move|p1a: Braviary|Brave Bird|p2a: Swalot\n|-damage|p2a: Swalot|0 fnt\n|faint|p2a: Swalot\n|-damage|p1a: Braviary|177/309 tox|[from] Recoil\n|\n|-damage|p1a: Braviary|120/309 tox|[from] psn\n|upkeep\n|\n|t:|1732961865\n|switch|p2a: Glalie|Glalie, L96, M|309/309\n|turn|7\n|\n|t:|1732961870\n|move|p2a: Glalie|Freeze-Dry|p1a: Braviary\n|-supereffective|p1a: Braviary\n|-damage|p1a: Braviary|0 fnt\n|faint|p1a: Braviary\n|\n|upkeep\n|\n|t:|1732961887\n|switch|p1a: Iron Hands|Iron Hands, L79|373/373\n|turn|8\n|inactive|Battle timer is ON: inactive players will automatically lose when time's up. (requested by SuperCyberNova)\n|\n|t:|1732961895\n|move|p2a: Glalie|Spikes|p1a: Iron Hands\n|-sidestart|p1: antonio__vc|Spikes\n|move|p1a: Iron Hands|Drain Punch|p2a: Glalie\n|-supereffective|p2a: Glalie\n|-crit|p2a: Glalie\n|-damage|p2a: Glalie|25/309\n|\n|upkeep\n|turn|9\n|\n|t:|1732961900\n|move|p2a: Glalie|Disable|p1a: Iron Hands\n|-start|p1a: Iron Hands|Disable|Drain Punch\n|cant|p1a: Iron Hands|Disable|Drain Punch\n|\n|upkeep\n|turn|10\n|\n|t:|1732961907\n|move|p2a: Glalie|Spikes|p1a: Iron Hands\n|-sidestart|p1: antonio__vc|Spikes\n|move|p1a: Iron Hands|Volt Switch|p2a: Glalie\n|-damage|p2a: Glalie|0 fnt\n|faint|p2a: Glalie\n|\n|t:|1732961915\n|-end|p1a: Iron Hands|Quark Drive|[silent]\n|switch|p1a: Muk|Muk, L86, F|199/321|[from] Volt Switch\n|-damage|p1a: Muk|146/321|[from] Spikes\n|\n|-heal|p1a: Muk|166/321|[from] item: Leftovers\n|upkeep\n|\n|t:|1732961919\n|switch|p2a: Mesprit|Mesprit, L85|275/275\n|turn|11\n|\n|t:|1732961925\n|-terastallize|p1a: Muk|Dark\n|move|p2a: Mesprit|Psychic Noise|p1a: Muk\n|-immune|p1a: Muk\n|move|p1a: Muk|Toxic Spikes|p2a: Mesprit\n|-sidestart|p2: SuperCyberNova|move: Toxic Spikes\n|\n|-heal|p1a: Muk|186/321|[from] item: Leftovers\n|upkeep\n|turn|12\n|\n|t:|1732961933\n|move|p2a: Mesprit|Drain Punch|p1a: Muk\n|-supereffective|p1a: Muk\n|-damage|p1a: Muk|62/321\n|move|p1a: Muk|Toxic Spikes|p2a: Mesprit\n|-sidestart|p2: SuperCyberNova|move: Toxic Spikes\n|\n|-heal|p1a: Muk|82/321|[from] item: Leftovers\n|upkeep\n|turn|13\n|\n|t:|1732961940\n|move|p1a: Muk|Shadow Sneak|p2a: Mesprit\n|-supereffective|p2a: Mesprit\n|-damage|p2a: Mesprit|215/275\n|move|p2a: Mesprit|Drain Punch|p1a: Muk\n|-supereffective|p1a: Muk\n|-damage|p1a: Muk|0 fnt\n|-heal|p2a: Mesprit|256/275|[from] drain|[of] p1a: Muk\n|faint|p1a: Muk\n|\n|upkeep\n|\n|t:|1732961954\n|switch|p1a: Suicune|Suicune, L82|298/298\n|-damage|p1a: Suicune|249/298|[from] Spikes\n|-ability|p1a: Suicune|Pressure\n|turn|14\n|\n|t:|1732961962\n|move|p1a: Suicune|Substitute|p1a: Suicune\n|-start|p1a: Suicune|Substitute\n|-damage|p1a: Suicune|175/298\n|move|p2a: Mesprit|Thunderbolt|p1a: Suicune\n|-supereffective|p1a: Suicune\n|-end|p1a: Suicune|Substitute\n|\n|-heal|p1a: Suicune|193/298|[from] item: Leftovers\n|upkeep\n|turn|15\n|\n|t:|1732961979\n|move|p1a: Suicune|Protect|p1a: Suicune\n|-singleturn|p1a: Suicune|Protect\n|move|p2a: Mesprit|Psychic Noise|p1a: Suicune\n|-activate|p1a: Suicune|move: Protect\n|\n|-heal|p1a: Suicune|211/298|[from] item: Leftovers\n|upkeep\n|turn|16\n|\n|t:|1732961992\n|switch|p1a: Necrozma|Necrozma, L80|286/286\n|-damage|p1a: Necrozma|239/286|[from] Spikes\n|move|p2a: Mesprit|Knock Off|p1a: Necrozma\n|-supereffective|p1a: Necrozma\n|-damage|p1a: Necrozma|130/286\n|-enditem|p1a: Necrozma|Leftovers|[from] move: Knock Off|[of] p2a: Mesprit\n|\n|upkeep\n|turn|17\n|\n|t:|1732962009\n|move|p2a: Mesprit|Knock Off|p1a: Necrozma\n|-supereffective|p1a: Necrozma\n|-damage|p1a: Necrozma|55/286\n|move|p1a: Necrozma|Heat Wave|p2a: Mesprit\n|-damage|p2a: Mesprit|208/275\n|\n|upkeep\n|turn|18\n|\n|t:|1732962016\n|move|p2a: Mesprit|Knock Off|p1a: Necrozma\n|-supereffective|p1a: Necrozma\n|-damage|p1a: Necrozma|0 fnt\n|faint|p1a: Necrozma\n|\n|upkeep\n|\n|t:|1732962018\n|switch|p1a: Grafaiai|Grafaiai, L86, F|249/249\n|-damage|p1a: Grafaiai|208/249|[from] Spikes\n|turn|19\n|\n|t:|1732962021\n|move|p1a: Grafaiai|Knock Off|p2a: Mesprit\n|-supereffective|p2a: Mesprit\n|-damage|p2a: Mesprit|92/275\n|-enditem|p2a: Mesprit|Assault Vest|[from] move: Knock Off|[of] p1a: Grafaiai\n|move|p2a: Mesprit|Psychic Noise|p1a: Grafaiai\n|-supereffective|p1a: Grafaiai\n|-damage|p1a: Grafaiai|64/249\n|-start|p1a: Grafaiai|move: Heal Block\n|\n|upkeep\n|turn|20\n|\n|t:|1732962034\n|switch|p2a: Hitmontop|Hitmontop, L88, M|231/231\n|-status|p2a: Hitmontop|tox\n|-ability|p2a: Hitmontop|Intimidate|boost\n|-unboost|p1a: Grafaiai|atk|1\n|move|p1a: Grafaiai|Gunk Shot|p2a: Hitmontop\n|-damage|p2a: Hitmontop|152/231 tox\n|\n|-damage|p2a: Hitmontop|138/231 tox|[from] psn\n|-end|p1a: Grafaiai|move: Heal Block\n|upkeep\n|turn|21\n|\n|t:|1732962047\n|move|p1a: Grafaiai|U-turn|p2a: Hitmontop\n|-resisted|p2a: Hitmontop\n|-damage|p2a: Hitmontop|124/231 tox\n|\n|t:|1732962050\n|switch|p1a: Iron Hands|Iron Hands, L79|373/373|[from] U-turn\n|-damage|p1a: Iron Hands|311/373|[from] Spikes\n|move|p2a: Hitmontop|Rapid Spin|p1a: Iron Hands\n|-damage|p1a: Iron Hands|277/373\n|-boost|p2a: Hitmontop|spe|1\n|-sideend|p2: SuperCyberNova|Toxic Spikes|[from] move: Rapid Spin|[of] p2a: Hitmontop\n|\n|-damage|p2a: Hitmontop|96/231 tox|[from] psn\n|upkeep\n|turn|22\n|\n|t:|1732962059\n|move|p2a: Hitmontop|Close Combat|p1a: Iron Hands\n|-damage|p1a: Iron Hands|162/373\n|-unboost|p2a: Hitmontop|def|1\n|-unboost|p2a: Hitmontop|spd|1\n|move|p1a: Iron Hands|Wild Charge|p2a: Hitmontop\n|-damage|p2a: Hitmontop|0 fnt\n|faint|p2a: Hitmontop\n|-damage|p1a: Iron Hands|138/373|[from] Recoil\n|\n|upkeep\n|\n|t:|1732962065\n|switch|p2a: Sinistcha|Sinistcha-Masterpiece, L83|254/254\n|turn|23\n|\n|t:|1732962077\n|move|p2a: Sinistcha|Calm Mind|p2a: Sinistcha\n|-boost|p2a: Sinistcha|spa|1\n|-boost|p2a: Sinistcha|spd|1\n|move|p1a: Iron Hands|Ice Punch|p2a: Sinistcha\n|-supereffective|p2a: Sinistcha\n|-damage|p2a: Sinistcha|146/254\n|-status|p2a: Sinistcha|frz\n|\n|-heal|p2a: Sinistcha|161/254 frz|[from] item: Leftovers\n|upkeep\n|turn|24\n|\n|t:|1732962085\n|cant|p2a: Sinistcha|frz\n|move|p1a: Iron Hands|Ice Punch|p2a: Sinistcha\n|-supereffective|p2a: Sinistcha\n|-damage|p2a: Sinistcha|39/254 frz\n|\n|-heal|p2a: Sinistcha|54/254 frz|[from] item: Leftovers\n|upkeep\n|turn|25\n|\n|t:|1732962091\n|cant|p2a: Sinistcha|frz\n|move|p1a: Iron Hands|Ice Punch|p2a: Sinistcha\n|-supereffective|p2a: Sinistcha\n|-damage|p2a: Sinistcha|0 fnt\n|faint|p2a: Sinistcha\n|\n|upkeep\n|\n|t:|1732962092\n|switch|p2a: Hydreigon|Hydreigon, L79, F|275/275\n|turn|26\n|\n|t:|1732962100\n|move|p2a: Hydreigon|Draco Meteor|p1a: Iron Hands\n|-damage|p1a: Iron Hands|0 fnt\n|-unboost|p2a: Hydreigon|spa|2\n|faint|p1a: Iron Hands\n|-end|p1a: Iron Hands|Quark Drive|[silent]\n|\n|upkeep\n|\n|t:|1732962111\n|switch|p1a: Suicune|Suicune, L82|211/298\n|-damage|p1a: Suicune|162/298|[from] Spikes\n|-ability|p1a: Suicune|Pressure\n|turn|27\n|\n|t:|1732962128\n|switch|p2a: Mesprit|Mesprit, L85|92/275\n|move|p1a: Suicune|Substitute|p1a: Suicune\n|-start|p1a: Suicune|Substitute\n|-damage|p1a: Suicune|88/298\n|\n|-heal|p1a: Suicune|106/298|[from] item: Leftovers\n|upkeep\n|turn|28\n|\n|t:|1732962140\n|move|p1a: Suicune|Calm Mind|p1a: Suicune\n|-boost|p1a: Suicune|spa|1\n|-boost|p1a: Suicune|spd|1\n|move|p2a: Mesprit|Thunderbolt|p1a: Suicune\n|-supereffective|p1a: Suicune\n|-end|p1a: Suicune|Substitute\n|\n|-heal|p1a: Suicune|124/298|[from] item: Leftovers\n|upkeep\n|turn|29\n|\n|t:|1732962147\n|move|p1a: Suicune|Scald|p2a: Mesprit\n|-damage|p2a: Mesprit|0 fnt\n|faint|p2a: Mesprit\n|\n|-heal|p1a: Suicune|142/298|[from] item: Leftovers\n|upkeep\n|\n|t:|1732962166\n|switch|p2a: Hydreigon|Hydreigon, L79, F|275/275\n|turn|30\n|\n|t:|1732962180\n|move|p1a: Suicune|Protect|p1a: Suicune\n|-singleturn|p1a: Suicune|Protect\n|move|p2a: Hydreigon|Dark Pulse|p1a: Suicune\n|-activate|p1a: Suicune|move: Protect\n|\n|-heal|p1a: Suicune|160/298|[from] item: Leftovers\n|upkeep\n|turn|31\n|\n|t:|1732962195\n|move|p2a: Hydreigon|Dark Pulse|p1a: Suicune\n|-damage|p1a: Suicune|81/298\n|cant|p1a: Suicune|flinch\n|\n|-heal|p1a: Suicune|99/298|[from] item: Leftovers\n|upkeep\n|turn|32\n|\n|t:|1732962202\n|move|p1a: Suicune|Protect|p1a: Suicune\n|-singleturn|p1a: Suicune|Protect\n|move|p2a: Hydreigon|Dark Pulse|p1a: Suicune\n|-activate|p1a: Suicune|move: Protect\n|\n|-heal|p1a: Suicune|117/298|[from] item: Leftovers\n|upkeep\n|turn|33\n|\n|t:|1732962215\n|move|p2a: Hydreigon|Dark Pulse|p1a: Suicune\n|-damage|p1a: Suicune|41/298\n|move|p1a: Suicune|Calm Mind|p1a: Suicune\n|-boost|p1a: Suicune|spa|1\n|-boost|p1a: Suicune|spd|1\n|\n|-heal|p1a: Suicune|59/298|[from] item: Leftovers\n|upkeep\n|turn|34\n|\n|t:|1732962225\n|move|p1a: Suicune|Protect|p1a: Suicune\n|-singleturn|p1a: Suicune|Protect\n|move|p2a: Hydreigon|Dark Pulse|p1a: Suicune\n|-activate|p1a: Suicune|move: Protect\n|\n|-heal|p1a: Suicune|77/298|[from] item: Leftovers\n|upkeep\n|turn|35\n|\n|t:|1732962238\n|move|p2a: Hydreigon|Dark Pulse|p1a: Suicune\n|-damage|p1a: Suicune|25/298\n|move|p1a: Suicune|Scald|p2a: Hydreigon\n|-resisted|p2a: Hydreigon\n|-damage|p2a: Hydreigon|200/275\n|-status|p2a: Hydreigon|brn\n|\n|-heal|p1a: Suicune|43/298|[from] item: Leftovers\n|-damage|p2a: Hydreigon|183/275 brn|[from] brn\n|upkeep\n|turn|36\n|\n|t:|1732962248\n|move|p1a: Suicune|Protect|p1a: Suicune\n|-singleturn|p1a: Suicune|Protect\n|move|p2a: Hydreigon|Dark Pulse|p1a: Suicune\n|-activate|p1a: Suicune|move: Protect\n|\n|-heal|p1a: Suicune|61/298|[from] item: Leftovers\n|-damage|p2a: Hydreigon|166/275 brn|[from] brn\n|upkeep\n|turn|37\n|\n|t:|1732962264\n|move|p2a: Hydreigon|Dark Pulse|p1a: Suicune\n|-damage|p1a: Suicune|7/298\n|move|p1a: Suicune|Scald|p2a: Hydreigon\n|-resisted|p2a: Hydreigon\n|-damage|p2a: Hydreigon|84/275 brn\n|\n|-heal|p1a: Suicune|25/298|[from] item: Leftovers\n|-damage|p2a: Hydreigon|67/275 brn|[from] brn\n|upkeep\n|turn|38\n|\n|t:|1732962272\n|move|p1a: Suicune|Protect|p1a: Suicune\n|-singleturn|p1a: Suicune|Protect\n|move|p2a: Hydreigon|Dark Pulse|p1a: Suicune\n|-activate|p1a: Suicune|move: Protect\n|\n|-heal|p1a: Suicune|43/298|[from] item: Leftovers\n|-damage|p2a: Hydreigon|50/275 brn|[from] brn\n|upkeep\n|turn|39\n|\n|t:|1732962280\n|move|p1a: Suicune|Protect||[still]\n|-fail|p1a: Suicune\n|move|p2a: Hydreigon|Dark Pulse|p1a: Suicune\n|-damage|p1a: Suicune|0 fnt\n|faint|p1a: Suicune\n|\n|-damage|p2a: Hydreigon|33/275 brn|[from] brn\n|upkeep\n|\n|t:|1732962287\n|switch|p1a: Grafaiai|Grafaiai, L86, F|64/249\n|-damage|p1a: Grafaiai|23/249|[from] Spikes\n|turn|40\n|\n|t:|1732962292\n|-terastallize|p2a: Hydreigon|Steel\n|move|p1a: Grafaiai|U-turn|p2a: Hydreigon\n|-resisted|p2a: Hydreigon\n|-damage|p2a: Hydreigon|7/275 brn\n|move|p2a: Hydreigon|Dark Pulse|p1a: Grafaiai\n|-damage|p1a: Grafaiai|0 fnt\n|faint|p1a: Grafaiai\n|\n|win|SuperCyberNova\n|raw|antonio__vc's rating: 1443 &rarr; <strong>1424</strong><br />(-19 for losing)\n|raw|SuperCyberNova's rating: 1452 &rarr; <strong>1471</strong><br />(+19 for winning)\n|c|\u2606SuperCyberNova|why no knock off kekw\n", "inputlog": ">version b107d77f5c90bd6555267ae244a6264823309ead\n>start {\"formatid\":\"gen9randombattle\",\"seed\":[46735,58548,24356,2485],\"rated\":\"Rated battle\"}\n>player p1 {\"name\":\"antonio__vc\",\"avatar\":\"2\",\"rating\":1443,\"seed\":[22726,43748,33052,50880]}\n>player p2 {\"name\":\"SuperCyberNova\",\"avatar\":\"265\",\"rating\":1452,\"seed\":[9812,49575,48135,10623]}\n>p1 move knockoff\n>p2 switch 4\n>p1 move uturn\n>p2 move earthquake\n>p1 switch 3\n>p1 switch 2\n>p2 move protect\n>p1 move bravebird\n>p2 move toxic\n>p1 move bulkup\n>p2 move protect\n>p1 move bravebird\n>p2 move sludgebomb\n>p2 switch 6\n>p1 move closecombat\n>p2 move freezedry\n>p1 switch 6\n>p1 move drainpunch\n>p2 move spikes\n>p1 move drainpunch\n>p2 move disable\n>p1 move voltswitch\n>p2 move spikes\n>p1 switch 2\n>p2 switch 2\n>p1 move toxicspikes terastallize\n>p2 move psychicnoise\n>p1 move toxicspikes\n>p2 move drainpunch\n>p1 move shadowsneak\n>p2 move drainpunch\n>p1 switch 4\n>p1 move substitute\n>p2 move thunderbolt\n>p1 move protect\n>p2 move psychicnoise\n>p1 switch 5\n>p2 move knockoff\n>p1 move heatwave\n>p2 move knockoff\n>p1 move photongeyser\n>p2 move knockoff\n>p1 switch 3\n>p1 move knockoff\n>p2 move psychicnoise\n>p1 move gunkshot\n>p2 switch 5\n>p1 move uturn\n>p2 move rapidspin\n>p1 switch 2\n>p1 move wildcharge\n>p2 move closecombat\n>p2 switch 4\n>p1 move icepunch\n>p2 move calmmind\n>p1 move icepunch\n>p2 move strengthsap\n>p1 move icepunch\n>p2 move strengthsap\n>p2 switch 3\n>p1 move drainpunch\n>p2 move dracometeor\n>p1 switch 5\n>p1 move substitute\n>p2 switch 5\n>p1 move calmmind\n>p2 move thunderbolt\n>p1 move scald\n>p2 move psychicnoise\n>p2 switch 5\n>p1 move protect\n>p2 move darkpulse\n>p1 move substitute\n>p2 move darkpulse\n>p1 move protect\n>p2 move darkpulse\n>p1 move calmmind\n>p2 move darkpulse\n>p1 move protect\n>p2 move darkpulse\n>p1 move scald\n>p2 move darkpulse\n>p1 move protect\n>p2 move darkpulse\n>p1 move scald\n>p2 move darkpulse\n>p1 move protect\n>p2 move darkpulse\n>p1 move protect\n>p2 move darkpulse\n>p1 switch 2\n>p1 move uturn\n>p2 move darkpulse terastallize", "uploadtime": 1732962313, "views": 2, "formatid": "gen9randombattle", "rating": 1424, "private": 0, "password": null}