{"id": "gen9randombattle-2254095518", "format": "[Gen 9] Random Battle", "players": ["Olindo&Rosa", "Ben the Android"], "log": "|j|\u2606Olindo&Rosa\n|j|\u2606Ben the Android\n|t:|1732990700\n|gametype|singles\n|player|p1|Olindo&Rosa|lusamine-nihilego|1470\n|player|p2|Ben the Android|colress|1498\n|teamsize|p1|6\n|teamsize|p2|6\n|gen|9\n|tier|[Gen 9] Random Battle\n|rated|\n|rule|Species Clause: Limit one of each Pok\u00e9mon\n|rule|HP Percentage Mod: HP is shown in percentages\n|rule|Sleep Clause Mod: Limit one foe put to sleep\n|rule|Illusion Level Mod: Illusion disguises the Pok\u00e9mon's true level\n|\n|t:|1732990700\n|start\n|switch|p1a: Venusaur|Venusaur, L84, M|272/272\n|switch|p2a: Tornadus|Tornadus, L82, M|263/263\n|turn|1\n|inactive|Battle timer is ON: inactive players will automatically lose when time's up. (requested by Ben the Android)\n|\n|t:|1732990710\n|move|p2a: Tornadus|Bleakwind Storm|p1a: Venusaur\n|-supereffective|p1a: Venusaur\n|-damage|p1a: Venusaur|0 fnt\n|faint|p1a: Venusaur\n|\n|upkeep\n|\n|t:|1732990737\n|switch|p1a: Espeon|Espeon, L84, F|246/246\n|turn|2\n|\n|t:|1732990746\n|switch|p2a: Muk|Muk-Alola, L82, M|306/306\n|move|p1a: Espeon|Calm Mind|p1a: Espeon\n|-boost|p1a: Espeon|spa|1\n|-boost|p1a: Espeon|spd|1\n|\n|upkeep\n|turn|3\n|\n|t:|1732990768\n|switch|p1a: Houndoom|Houndoom, L87, F|272/272\n|move|p2a: Muk|Knock Off|p1a: Houndoom\n|-resisted|p1a: Houndoom\n|-damage|p1a: Houndoom|202/272\n|-enditem|p1a: Houndoom|Heavy-Duty Boots|[from] move: Knock Off|[of] p2a: Muk\n|\n|upkeep\n|turn|4\n|\n|t:|1732990788\n|move|p1a: Houndoom|Nasty Plot|p1a: Houndoom\n|-boost|p1a: Houndoom|spa|2\n|move|p2a: Muk|Drain Punch|p1a: Houndoom\n|-supereffective|p1a: Houndoom\n|-damage|p1a: Houndoom|46/272\n|\n|upkeep\n|turn|5\n|\n|t:|1732990816\n|move|p1a: Houndoom|Fire Blast|p2a: Muk\n|-crit|p2a: Muk\n|-damage|p2a: Muk|48/306\n|move|p2a: Muk|Drain Punch|p1a: Houndoom\n|-supereffective|p1a: Houndoom\n|-damage|p1a: Houndoom|0 fnt\n|-heal|p2a: Muk|71/306|[from] drain|[of] p1a: Houndoom\n|faint|p1a: Houndoom\n|\n|upkeep\n|\n|t:|1732990840\n|switch|p1a: Espeon|Espeon, L84, F|246/246\n|turn|6\n|\n|t:|1732990847\n|move|p1a: Espeon|Alluring Voice|p2a: Muk\n|-damage|p2a: Muk|13/306\n|-damage|p1a: Espeon|222/246|[from] item: Life Orb\n|move|p2a: Muk|Knock Off|p1a: Espeon\n|-supereffective|p1a: Espeon\n|-damage|p1a: Espeon|0 fnt\n|-enditem|p1a: Espeon|Life Orb|[from] move: Knock Off|[of] p2a: Muk\n|faint|p1a: Espeon\n|\n|upkeep\n|\n|t:|1732990861\n|switch|p1a: Vivillon|Vivillon-Icy Snow, L84, M|272/272\n|turn|7\n|\n|t:|1732990866\n|move|p1a: Vivillon|Sleep Powder|p2a: Muk\n|-status|p2a: Muk|slp|[from] move: Sleep Powder\n|cant|p2a: Muk|slp\n|\n|upkeep\n|turn|8\n|\n|t:|1732990872\n|switch|p2a: Tornadus|Tornadus, L82, M|263/263\n|move|p1a: Vivillon|Quiver Dance|p1a: Vivillon\n|-boost|p1a: Vivillon|spa|1\n|-boost|p1a: Vivillon|spd|1\n|-boost|p1a: Vivillon|spe|1\n|\n|upkeep\n|turn|9\n|\n|t:|1732990883\n|move|p1a: Vivillon|Quiver Dance|p1a: Vivillon\n|-boost|p1a: Vivillon|spa|1\n|-boost|p1a: Vivillon|spd|1\n|-boost|p1a: Vivillon|spe|1\n|move|p2a: Tornadus|Bleakwind Storm|p1a: Vivillon|[miss]\n|-miss|p2a: Tornadus|p1a: Vivillon\n|\n|upkeep\n|turn|10\n|-message|Olindo&Rosa forfeited.\n|\n|win|Ben the Android\n|raw|Olindo&amp;Rosa's rating: 1450 &rarr; <strong>1433</strong><br />(-17 for losing)\n|raw|Ben the Android's rating: 1498 &rarr; <strong>1515</strong><br />(+17 for winning)\n|l|\u2606Olindo&Rosa\n|player|p1|\n", "inputlog": ">version b107d77f5c90bd6555267ae244a6264823309ead\n>start {\"formatid\":\"gen9randombattle\",\"seed\":[46628,31580,57651,44389],\"rated\":\"Rated battle\"}\n>player p1 {\"name\":\"Olindo&Rosa\",\"avatar\":\"lusamine-nihilego\",\"rating\":1470,\"seed\":[19562,42674,6719,386]}\n>player p2 {\"name\":\"Ben the Android\",\"avatar\":\"colress\",\"rating\":1498,\"seed\":[39107,45461,63866,26741]}\n>p1 move sleeppowder\n>p2 move bleakwindstorm\n>p1 switch 6\n>p1 move calmmind\n>p2 switch 5\n>p1 switch 5\n>p2 move knockoff\n>p1 move nastyplot\n>p2 move drainpunch\n>p1 move fireblast\n>p2 move drainpunch\n>p1 switch 5\n>p1 move alluringvoice\n>p2 move knockoff\n>p1 switch 4\n>p1 move sleeppowder\n>p2 move icepunch\n>p1 move quiverdance\n>p2 switch 5\n>p1 move quiverdance\n>p2 move bleakwindstorm\n>forcelose p1", "uploadtime": 1732990900, "views": 1, "formatid": "gen9randombattle", "rating": 1433, "private": 0, "password": null}