{"id": "gen9randombattle-2253851572", "format": "[Gen 9] Random Battle", "players": ["Destro04", "Reptilor05"], "log": "|j|\u2606Destro04\n|j|\u2606Reptilor05\n|t:|1732948953\n|gametype|singles\n|player|p1|Destro04|bellelba|\n|player|p2|Reptilor05|266|\n|teamsize|p1|6\n|teamsize|p2|6\n|gen|9\n|tier|[Gen 9] Random Battle\n|rule|Species Clause: Limit one of each Pok\u00e9mon\n|rule|HP Percentage Mod: HP is shown in percentages\n|rule|Sleep Clause Mod: Limit one foe put to sleep\n|rule|Illusion Level Mod: Illusion disguises the Pok\u00e9mon's true level\n|\n|t:|1732948953\n|start\n|switch|p1a: Orthworm|Orthworm, L88, F|266/266\n|switch|p2a: Kyogre|Kyogre, L71|259/259\n|-weather|RainDance|[from] ability: Drizzle|[of] p2a: Kyogre\n|turn|1\n|\n|t:|1732948978\n|move|p2a: Kyogre|Thunder|p1a: Orthworm\n|-damage|p1a: Orthworm|162/266\n|move|p1a: Orthworm|Coil|p1a: Orthworm\n|-boost|p1a: Orthworm|atk|1\n|-boost|p1a: Orthworm|def|1\n|-boost|p1a: Orthworm|accuracy|1\n|\n|-weather|RainDance|[upkeep]\n|upkeep\n|turn|2\n|\n|t:|1732948983\n|move|p2a: Kyogre|Thunder|p1a: Orthworm\n|-damage|p1a: Orthworm|59/266\n|move|p1a: Orthworm|Coil|p1a: Orthworm\n|-boost|p1a: Orthworm|atk|1\n|-boost|p1a: Orthworm|def|1\n|-boost|p1a: Orthworm|accuracy|1\n|\n|-weather|RainDance|[upkeep]\n|upkeep\n|turn|3\n|\n|t:|1732948987\n|move|p2a: Kyogre|Thunder|p1a: Orthworm\n|-damage|p1a: Orthworm|0 fnt\n|faint|p1a: Orthworm\n|\n|-weather|RainDance|[upkeep]\n|upkeep\n|\n|t:|1732948994\n|switch|p1a: Breloom|Breloom, L82, F|233/233\n|turn|4\n|\n|t:|1732949006\n|switch|p2a: Spidops|Spidops, L96, F|271/271\n|move|p1a: Breloom|Bullet Seed|p2a: Spidops\n|-resisted|p2a: Spidops\n|-damage|p2a: Spidops|244/271\n|-resisted|p2a: Spidops\n|-damage|p2a: Spidops|218/271\n|-hitcount|p2a: Spidops|2\n|-damage|p1a: Breloom|210/233|[from] item: Life Orb\n|\n|-weather|RainDance|[upkeep]\n|upkeep\n|turn|5\n|\n|t:|1732949016\n|switch|p1a: Ambipom|Ambipom, L84, F|263/263\n|move|p2a: Spidops|Sticky Web|p1a: Ambipom\n|-sidestart|p1: Destro04|move: Sticky Web\n|\n|-weather|none\n|upkeep\n|turn|6\n|\n|t:|1732949028\n|-terastallize|p2a: Spidops|Ghost\n|move|p1a: Ambipom|Fake Out|p2a: Spidops\n|-immune|p2a: Spidops\n|move|p2a: Spidops|Circle Throw|p1a: Ambipom\n|-supereffective|p1a: Ambipom\n|-damage|p1a: Ambipom|151/263\n|drag|p1a: Gouging Fire|Gouging Fire, L74|277/277\n|\n|upkeep\n|turn|7\n|\n|t:|1732949039\n|move|p1a: Gouging Fire|Dragon Dance|p1a: Gouging Fire\n|-boost|p1a: Gouging Fire|atk|1\n|-boost|p1a: Gouging Fire|spe|1\n|move|p2a: Spidops|Knock Off|p1a: Gouging Fire\n|-damage|p1a: Gouging Fire|207/277\n|-enditem|p1a: Gouging Fire|Heavy-Duty Boots|[from] move: Knock Off|[of] p2a: Spidops\n|\n|upkeep\n|turn|8\n|\n|t:|1732949042\n|move|p1a: Gouging Fire|Dragon Dance|p1a: Gouging Fire\n|-boost|p1a: Gouging Fire|atk|1\n|-boost|p1a: Gouging Fire|spe|1\n|move|p2a: Spidops|Circle Throw|p1a: Gouging Fire\n|-damage|p1a: Gouging Fire|164/277\n|-end|p1a: Gouging Fire|Protosynthesis|[silent]\n|drag|p1a: Breloom|Breloom, L82, F|210/233\n|-activate|p1a: Breloom|move: Sticky Web\n|-unboost|p1a: Breloom|spe|1\n|\n|upkeep\n|turn|9\n|\n|t:|1732949046\n|move|p2a: Spidops|Knock Off|p1a: Breloom\n|-resisted|p1a: Breloom\n|-damage|p1a: Breloom|167/233\n|-enditem|p1a: Breloom|Life Orb|[from] move: Knock Off|[of] p2a: Spidops\n|move|p1a: Breloom|Spore|p2a: Spidops\n|-status|p2a: Spidops|slp|[from] move: Spore\n|\n|upkeep\n|turn|10\n|\n|t:|1732949056\n|switch|p2a: Blaziken|Blaziken, L76, F|247/247\n|move|p1a: Breloom|Rock Tomb|p2a: Blaziken|[miss]\n|-miss|p1a: Breloom|p2a: Blaziken\n|\n|upkeep\n|turn|11\n|\n|t:|1732949061\n|move|p2a: Blaziken|Flare Blitz|p1a: Breloom\n|-supereffective|p1a: Breloom\n|-damage|p1a: Breloom|0 fnt\n|faint|p1a: Breloom\n|-damage|p2a: Blaziken|192/247|[from] Recoil\n|-damage|p2a: Blaziken|168/247|[from] item: Life Orb\n|\n|-ability|p2a: Blaziken|Speed Boost|boost\n|-boost|p2a: Blaziken|spe|1\n|upkeep\n|\n|t:|1732949074\n|switch|p1a: Gouging Fire|Gouging Fire, L74|164/277\n|-activate|p1a: Gouging Fire|move: Sticky Web\n|-unboost|p1a: Gouging Fire|spe|1\n|turn|12\n|\n|t:|1732949077\n|move|p2a: Blaziken|Close Combat|p1a: Gouging Fire\n|-damage|p1a: Gouging Fire|22/277\n|-unboost|p2a: Blaziken|def|1\n|-unboost|p2a: Blaziken|spd|1\n|-damage|p2a: Blaziken|144/247|[from] item: Life Orb\n|move|p1a: Gouging Fire|Earthquake|p2a: Blaziken\n|-supereffective|p2a: Blaziken\n|-damage|p2a: Blaziken|0 fnt\n|faint|p2a: Blaziken\n|\n|upkeep\n|\n|t:|1732949086\n|switch|p2a: Spidops|Spidops, L96, F, tera:Ghost|218/271 slp\n|turn|13\n|\n|t:|1732949093\n|switch|p2a: Kyogre|Kyogre, L71|259/259\n|-weather|RainDance|[from] ability: Drizzle|[of] p2a: Kyogre\n|move|p1a: Gouging Fire|Heat Crash|p2a: Kyogre\n|-resisted|p2a: Kyogre\n|-damage|p2a: Kyogre|249/259\n|\n|-weather|RainDance|[upkeep]\n|-heal|p2a: Kyogre|259/259|[from] item: Leftovers\n|upkeep\n|turn|14\n|\n|t:|1732949105\n|switch|p2a: Spidops|Spidops, L96, F, tera:Ghost|218/271 slp\n|move|p1a: Gouging Fire|Outrage|p2a: Spidops\n|-damage|p2a: Spidops|115/271 slp\n|\n|-weather|RainDance|[upkeep]\n|upkeep\n|turn|15\n|\n|t:|1732949114\n|cant|p2a: Spidops|slp\n|move|p1a: Gouging Fire|Outrage|p2a: Spidops|[from]lockedmove\n|-damage|p2a: Spidops|22/271 slp\n|-start|p1a: Gouging Fire|confusion|[fatigue]\n|\n|-weather|RainDance|[upkeep]\n|upkeep\n|turn|16\n|\n|t:|1732949122\n|cant|p2a: Spidops|slp\n|-activate|p1a: Gouging Fire|confusion\n|move|p1a: Gouging Fire|Outrage|p2a: Spidops\n|-damage|p2a: Spidops|0 fnt\n|faint|p2a: Spidops\n|\n|-weather|RainDance|[upkeep]\n|upkeep\n|\n|t:|1732949130\n|switch|p2a: Cramorant|Cramorant, L86, F|261/261\n|turn|17\n|\n|t:|1732949133\n|move|p2a: Cramorant|Surf|p1a: Gouging Fire\n|-formechange|p2a: Cramorant|Cramorant-Gulping|\n|-damage|p1a: Gouging Fire|0 fnt\n|faint|p1a: Gouging Fire\n|-end|p1a: Gouging Fire|Protosynthesis|[silent]\n|\n|-weather|none\n|upkeep\n|\n|t:|1732949136\n|switch|p1a: Ambipom|Ambipom, L84, F|151/263\n|-activate|p1a: Ambipom|move: Sticky Web\n|-unboost|p1a: Ambipom|spe|1\n|turn|18\n|\n|t:|1732949139\n|move|p2a: Cramorant|Brave Bird|p1a: Ambipom\n|-damage|p1a: Ambipom|3/263\n|-damage|p2a: Cramorant|212/261|[from] Recoil\n|move|p1a: Ambipom|Double-Edge|p2a: Cramorant\n|-damage|p2a: Cramorant|8/261\n|-damage|p1a: Ambipom|0 fnt|[from] ability: Gulp Missile|[of] p2a: Cramorant\n|-formechange|p2a: Cramorant|Cramorant|\n|faint|p1a: Ambipom\n|\n|upkeep\n|\n|t:|1732949150\n|switch|p1a: Gothitelle|Gothitelle, L90, F|272/272\n|-activate|p1a: Gothitelle|move: Sticky Web\n|-unboost|p1a: Gothitelle|spe|1\n|turn|19\n|\n|t:|1732949155\n|move|p2a: Cramorant|Roost|p2a: Cramorant\n|-heal|p2a: Cramorant|139/261\n|-singleturn|p2a: Cramorant|move: Roost\n|move|p1a: Gothitelle|Trick|p2a: Cramorant\n|-activate|p1a: Gothitelle|move: Trick|[of] p2a: Cramorant\n|-item|p2a: Cramorant|Choice Scarf|[from] move: Trick\n|-item|p1a: Gothitelle|Heavy-Duty Boots|[from] move: Trick\n|\n|upkeep\n|turn|20\n|\n|t:|1732949164\n|move|p2a: Cramorant|Surf|p1a: Gothitelle\n|-formechange|p2a: Cramorant|Cramorant-Gulping|\n|-damage|p1a: Gothitelle|202/272\n|move|p1a: Gothitelle|Psychic|p2a: Cramorant\n|-damage|p2a: Cramorant|33/261\n|-damage|p1a: Gothitelle|134/272|[from] ability: Gulp Missile|[of] p2a: Cramorant\n|-unboost|p1a: Gothitelle|def|1\n|-formechange|p2a: Cramorant|Cramorant|\n|\n|upkeep\n|turn|21\n|\n|t:|1732949175\n|move|p2a: Cramorant|Surf|p1a: Gothitelle\n|-formechange|p2a: Cramorant|Cramorant-Gorging|\n|-damage|p1a: Gothitelle|61/272\n|move|p1a: Gothitelle|Dark Pulse|p2a: Cramorant\n|-damage|p2a: Cramorant|0 fnt\n|-damage|p1a: Gothitelle|0 fnt|[from] ability: Gulp Missile|[of] p2a: Cramorant\n|-formechange|p2a: Cramorant|Cramorant|\n|faint|p2a: Cramorant\n|faint|p1a: Gothitelle\n|\n|upkeep\n|\n|t:|1732949191\n|switch|p2a: Weezing|Weezing, L88, F|258/258\n|switch|p1a: Lunala|Lunala, L70|308/308\n|-activate|p1a: Lunala|move: Sticky Web\n|-unboost|p1a: Lunala|spe|1\n|turn|22\n|\n|t:|1732949198\n|move|p2a: Weezing|Pain Split|p1a: Lunala\n|-sethp|p1a: Lunala|283/308|[from] move: Pain Split|[silent]\n|-sethp|p2a: Weezing|258/258|[from] move: Pain Split\n|move|p1a: Lunala|Psyshock|p2a: Weezing\n|-supereffective|p2a: Weezing\n|-damage|p2a: Weezing|130/258\n|\n|-heal|p2a: Weezing|146/258|[from] item: Leftovers\n|-heal|p1a: Lunala|302/308|[from] item: Leftovers\n|upkeep\n|turn|23\n|\n|t:|1732949211\n|move|p2a: Weezing|Toxic Spikes|p1a: Lunala\n|-sidestart|p1: Destro04|move: Toxic Spikes\n|move|p1a: Lunala|Calm Mind|p1a: Lunala\n|-boost|p1a: Lunala|spa|1\n|-boost|p1a: Lunala|spd|1\n|\n|-heal|p2a: Weezing|162/258|[from] item: Leftovers\n|-heal|p1a: Lunala|308/308|[from] item: Leftovers\n|upkeep\n|turn|24\n|\n|t:|1732949216\n|move|p2a: Weezing|Toxic Spikes|p1a: Lunala\n|-sidestart|p1: Destro04|move: Toxic Spikes\n|move|p1a: Lunala|Calm Mind|p1a: Lunala\n|-boost|p1a: Lunala|spa|1\n|-boost|p1a: Lunala|spd|1\n|\n|-heal|p2a: Weezing|178/258|[from] item: Leftovers\n|upkeep\n|turn|25\n|\n|t:|1732949219\n|move|p2a: Weezing|Pain Split|p1a: Lunala\n|-sethp|p1a: Lunala|243/308|[from] move: Pain Split|[silent]\n|-sethp|p2a: Weezing|243/258|[from] move: Pain Split\n|move|p1a: Lunala|Psyshock|p2a: Weezing\n|-supereffective|p2a: Weezing\n|-damage|p2a: Weezing|0 fnt\n|faint|p2a: Weezing\n|\n|-heal|p1a: Lunala|262/308|[from] item: Leftovers\n|upkeep\n|\n|t:|1732949225\n|switch|p2a: Skarmory|Skarmory, L80, F|235/235\n|turn|26\n|\n|t:|1732949233\n|move|p2a: Skarmory|Spikes|p1a: Lunala\n|-sidestart|p1: Destro04|Spikes\n|move|p1a: Lunala|Moongeist Beam|p2a: Skarmory\n|-damage|p2a: Skarmory|0 fnt\n|faint|p2a: Skarmory\n|\n|-heal|p1a: Lunala|281/308|[from] item: Leftovers\n|upkeep\n|\n|t:|1732949235\n|switch|p2a: Kyogre|Kyogre, L71|259/259\n|-weather|RainDance|[from] ability: Drizzle|[of] p2a: Kyogre\n|turn|27\n|\n|t:|1732949246\n|move|p2a: Kyogre|Origin Pulse|p1a: Lunala\n|-damage|p1a: Lunala|181/308\n|move|p1a: Lunala|Moongeist Beam|p2a: Kyogre\n|-damage|p2a: Kyogre|91/259\n|\n|-weather|RainDance|[upkeep]\n|-heal|p2a: Kyogre|107/259|[from] item: Leftovers\n|-heal|p1a: Lunala|200/308|[from] item: Leftovers\n|upkeep\n|turn|28\n|\n|t:|1732949255\n|-terastallize|p1a: Lunala|Fairy\n|move|p2a: Kyogre|Origin Pulse|p1a: Lunala\n|-damage|p1a: Lunala|107/308\n|move|p1a: Lunala|Moongeist Beam|p2a: Kyogre\n|-damage|p2a: Kyogre|0 fnt\n|faint|p2a: Kyogre\n|\n|win|Destro04\n", "inputlog": ">version b107d77f5c90bd6555267ae244a6264823309ead\n>start {\"formatid\":\"gen9randombattle\",\"seed\":[41605,16421,36030,28851]}\n>player p1 {\"name\":\"Destro04\",\"avatar\":\"bellelba\",\"rating\":0,\"seed\":[11197,32208,47779,48065]}\n>player p2 {\"name\":\"Reptilor05\",\"avatar\":\"266\",\"rating\":0,\"seed\":[44399,36657,5284,8711]}\n>p1 move coil\n>p2 move thunder\n>p1 move coil\n>p2 move thunder\n>p1 move rest\n>p2 move thunder\n>p1 switch 2\n>p1 move bulletseed\n>p2 switch 4\n>p1 switch 5\n>p2 move stickyweb\n>p1 move fakeout\n>p2 move circlethrow terastallize\n>p1 move dragondance\n>p2 move knockoff\n>p1 move dragondance\n>p2 move circlethrow\n>p1 move spore\n>p2 move knockoff\n>p1 move rocktomb\n>p2 switch 3\n>p1 move rocktomb\n>p2 move flareblitz\n>p1 switch 5\n>p1 move earthquake\n>p2 move closecombat\n>p2 switch 3\n>p1 move heatcrash\n>p2 switch 4\n>p1 move outrage\n>p2 switch 4\n>p1 move outrage\n>p2 move knockoff\n>p1 move outrage\n>p2 move knockoff\n>p2 switch 2\n>p1 move outrage\n>p2 move surf\n>p1 switch 3\n>p1 move doubleedge\n>p2 move bravebird\n>p1 switch 6\n>p1 move trick\n>p2 move roost\n>p1 move psychic\n>p2 move surf\n>p1 move darkpulse\n>p2 move surf\n>p1 switch 4\n>p2 switch 5\n>p1 move psyshock\n>p2 move painsplit\n>p1 move calmmind\n>p2 move toxicspikes\n>p1 move calmmind\n>p2 move toxicspikes\n>p1 move psyshock\n>p2 move painsplit\n>p2 switch 6\n>p1 move moongeistbeam\n>p2 move spikes\n>p2 switch 4\n>p1 move moongeistbeam\n>p2 move originpulse\n>p1 move moongeistbeam terastallize\n>p2 move originpulse", "uploadtime": 1732949259, "views": 2, "formatid": "gen9randombattle", "rating": null, "private": 0, "password": null}