{"id": "gen9randombattle-2254178626", "format": "[Gen 9] Random Battle", "players": ["hollowpine", "cheesy balls6969"], "log": "|j|\u2606hollowpine\n|j|\u2606cheesy balls6969\n|t:|1733000959\n|gametype|singles\n|player|p1|hollowpine|plasmagrunt|\n|player|p2|cheesy balls6969|pokefan-gen4|\n|teamsize|p1|6\n|teamsize|p2|6\n|gen|9\n|tier|[Gen 9] Random Battle\n|rule|Species Clause: Limit one of each Pok\u00e9mon\n|rule|HP Percentage Mod: HP is shown in percentages\n|rule|Sleep Clause Mod: Limit one foe put to sleep\n|rule|Illusion Level Mod: Illusion disguises the Pok\u00e9mon's true level\n|\n|t:|1733000959\n|start\n|switch|p1a: Yanmega|Yanmega, L82, M|275/275\n|switch|p2a: Medicham|Medicham, L86, M|243/243\n|turn|1\n|\n|t:|1733000970\n|move|p2a: Medicham|Ice Punch|p1a: Yanmega\n|-supereffective|p1a: Yanmega\n|-damage|p1a: Yanmega|117/275\n|move|p1a: Yanmega|U-turn|p2a: Medicham\n|-damage|p2a: Medicham|173/243\n|\n|t:|1733000972\n|switch|p1a: Snorlax|Snorlax, L82, M|397/397|[from] U-turn\n|\n|upkeep\n|turn|2\n|\n|t:|1733000978\n|switch|p2a: Copperajah|Copperajah, L86, F|350/350\n|move|p1a: Snorlax|Curse|p1a: Snorlax\n|-unboost|p1a: Snorlax|spe|1\n|-boost|p1a: Snorlax|atk|1\n|-boost|p1a: Snorlax|def|1\n|\n|upkeep\n|turn|3\n|\n|t:|1733000987\n|-terastallize|p1a: Snorlax|Poison\n|move|p2a: Copperajah|Heavy Slam|p1a: Snorlax\n|-damage|p1a: Snorlax|286/397\n|move|p1a: Snorlax|Curse|p1a: Snorlax\n|-unboost|p1a: Snorlax|spe|1\n|-boost|p1a: Snorlax|atk|1\n|-boost|p1a: Snorlax|def|1\n|\n|upkeep\n|turn|4\n|\n|t:|1733000994\n|move|p2a: Copperajah|Heavy Slam|p1a: Snorlax\n|-damage|p1a: Snorlax|210/397\n|move|p1a: Snorlax|Body Slam|p2a: Copperajah\n|-resisted|p2a: Copperajah\n|-damage|p2a: Copperajah|250/350\n|\n|upkeep\n|turn|5\n|\n|t:|1733000998\n|move|p2a: Copperajah|Heavy Slam|p1a: Snorlax\n|-damage|p1a: Snorlax|125/397\n|move|p1a: Snorlax|Crunch|p2a: Copperajah\n|-damage|p2a: Copperajah|116/350\n|-unboost|p2a: Copperajah|def|1\n|\n|upkeep\n|turn|6\n|\n|t:|1733001000\n|move|p2a: Copperajah|Heavy Slam|p1a: Snorlax\n|-damage|p1a: Snorlax|43/397\n|move|p1a: Snorlax|Rest|p1a: Snorlax\n|-status|p1a: Snorlax|slp|[from] move: Rest\n|-heal|p1a: Snorlax|397/397 slp|[silent]\n|-enditem|p1a: Snorlax|Chesto Berry|[eat]\n|-curestatus|p1a: Snorlax|slp|[msg]\n|\n|upkeep\n|turn|7\n|\n|t:|1733001003\n|move|p2a: Copperajah|Heavy Slam|p1a: Snorlax\n|-damage|p1a: Snorlax|318/397\n|move|p1a: Snorlax|Crunch|p2a: Copperajah\n|-damage|p2a: Copperajah|0 fnt\n|faint|p2a: Copperajah\n|\n|upkeep\n|\n|t:|1733001007\n|switch|p2a: Garganacl|Garganacl, L80, F|291/291\n|turn|8\n|\n|t:|1733001014\n|move|p2a: Garganacl|Salt Cure|p1a: Snorlax\n|-damage|p1a: Snorlax|288/397\n|-start|p1a: Snorlax|Salt Cure\n|move|p1a: Snorlax|Body Slam|p2a: Garganacl\n|-resisted|p2a: Garganacl\n|-damage|p2a: Garganacl|222/291\n|\n|-heal|p2a: Garganacl|240/291|[from] item: Leftovers\n|-damage|p1a: Snorlax|239/397|[from] Salt Cure\n|upkeep\n|turn|9\n|\n|t:|1733001018\n|move|p2a: Garganacl|Iron Defense|p2a: Garganacl\n|-boost|p2a: Garganacl|def|2\n|move|p1a: Snorlax|Crunch|p2a: Garganacl\n|-damage|p2a: Garganacl|194/291\n|-unboost|p2a: Garganacl|def|1\n|\n|-heal|p2a: Garganacl|212/291|[from] item: Leftovers\n|-damage|p1a: Snorlax|190/397|[from] Salt Cure\n|upkeep\n|turn|10\n|\n|t:|1733001020\n|move|p2a: Garganacl|Iron Defense|p2a: Garganacl\n|-boost|p2a: Garganacl|def|2\n|move|p1a: Snorlax|Rest|p1a: Snorlax\n|-status|p1a: Snorlax|slp|[from] move: Rest\n|-heal|p1a: Snorlax|397/397 slp|[silent]\n|\n|-heal|p2a: Garganacl|230/291|[from] item: Leftovers\n|-damage|p1a: Snorlax|348/397 slp|[from] Salt Cure\n|upkeep\n|turn|11\n|\n|t:|1733001024\n|switch|p1a: Yanmega|Yanmega, L82, M|117/275\n|move|p2a: Garganacl|Iron Defense|p2a: Garganacl\n|-boost|p2a: Garganacl|def|2\n|\n|-heal|p2a: Garganacl|248/291|[from] item: Leftovers\n|upkeep\n|turn|12\n|\n|t:|1733001028\n|move|p1a: Yanmega|Giga Drain|p2a: Garganacl\n|-supereffective|p2a: Garganacl\n|-damage|p2a: Garganacl|76/291\n|-heal|p1a: Yanmega|203/275|[from] drain|[of] p2a: Garganacl\n|move|p2a: Garganacl|Body Press|p1a: Yanmega\n|-resisted|p1a: Yanmega\n|-damage|p1a: Yanmega|142/275\n|\n|-heal|p2a: Garganacl|94/291|[from] item: Leftovers\n|upkeep\n|turn|13\n|\n|t:|1733001031\n|-terastallize|p2a: Garganacl|Ghost\n|move|p1a: Yanmega|Giga Drain|p2a: Garganacl\n|-damage|p2a: Garganacl|10/291\n|-heal|p1a: Yanmega|184/275|[from] drain|[of] p2a: Garganacl\n|move|p2a: Garganacl|Body Press|p1a: Yanmega\n|-resisted|p1a: Yanmega\n|-damage|p1a: Yanmega|127/275\n|\n|-heal|p2a: Garganacl|28/291|[from] item: Leftovers\n|upkeep\n|turn|14\n|\n|t:|1733001034\n|move|p1a: Yanmega|Giga Drain|p2a: Garganacl\n|-damage|p2a: Garganacl|0 fnt\n|-heal|p1a: Yanmega|141/275|[from] drain|[of] p2a: Garganacl\n|faint|p2a: Garganacl\n|\n|upkeep\n|\n|t:|1733001038\n|switch|p2a: Ceruledge|Ceruledge, L78, M|245/245\n|turn|15\n|\n|t:|1733001043\n|switch|p1a: Lumineon|Lumineon, L93, F|279/279\n|move|p2a: Ceruledge|Swords Dance|p2a: Ceruledge\n|-boost|p2a: Ceruledge|atk|2\n|\n|upkeep\n|turn|16\n|\n|t:|1733001049\n|move|p1a: Lumineon|Hydro Pump|p2a: Ceruledge\n|-supereffective|p2a: Ceruledge\n|-damage|p2a: Ceruledge|0 fnt\n|faint|p2a: Ceruledge\n|-damage|p1a: Lumineon|252/279|[from] item: Life Orb\n|\n|upkeep\n|\n|t:|1733001053\n|switch|p2a: Scrafty|Scrafty, L84, M|246/246\n|-ability|p2a: Scrafty|Intimidate|boost\n|-unboost|p1a: Lumineon|atk|1\n|turn|17\n|\n|t:|1733001058\n|move|p1a: Lumineon|Alluring Voice|p2a: Scrafty\n|-supereffective|p2a: Scrafty\n|-damage|p2a: Scrafty|12/246\n|-damage|p1a: Lumineon|225/279|[from] item: Life Orb\n|move|p2a: Scrafty|Dragon Dance|p2a: Scrafty\n|-boost|p2a: Scrafty|atk|1\n|-boost|p2a: Scrafty|spe|1\n|\n|upkeep\n|turn|18\n|\n|t:|1733001065\n|move|p1a: Lumineon|Alluring Voice|p2a: Scrafty\n|-supereffective|p2a: Scrafty\n|-damage|p2a: Scrafty|0 fnt\n|faint|p2a: Scrafty\n|-damage|p1a: Lumineon|198/279|[from] item: Life Orb\n|\n|upkeep\n|\n|t:|1733001067\n|switch|p2a: Suicune|Suicune, L82|298/298\n|-ability|p2a: Suicune|Pressure\n|turn|19\n|\n|t:|1733001071\n|move|p1a: Lumineon|Ice Beam|p2a: Suicune\n|-resisted|p2a: Suicune\n|-damage|p2a: Suicune|267/298\n|-damage|p1a: Lumineon|171/279|[from] item: Life Orb\n|move|p2a: Suicune|Calm Mind|p2a: Suicune\n|-boost|p2a: Suicune|spa|1\n|-boost|p2a: Suicune|spd|1\n|\n|-heal|p2a: Suicune|285/298|[from] item: Leftovers\n|upkeep\n|turn|20\n|\n|t:|1733001077\n|switch|p1a: Dragalge|Dragalge, L88, M|258/258\n|move|p2a: Suicune|Calm Mind|p2a: Suicune\n|-boost|p2a: Suicune|spa|1\n|-boost|p2a: Suicune|spd|1\n|\n|-heal|p2a: Suicune|298/298|[from] item: Leftovers\n|upkeep\n|turn|21\n|\n|t:|1733001081\n|move|p2a: Suicune|Substitute|p2a: Suicune\n|-start|p2a: Suicune|Substitute\n|-damage|p2a: Suicune|224/298\n|move|p1a: Dragalge|Toxic||[still]\n|-fail|p1a: Dragalge\n|\n|-heal|p2a: Suicune|242/298|[from] item: Leftovers\n|upkeep\n|turn|22\n|\n|t:|1733001088\n|switch|p1a: Yanmega|Yanmega, L82, M|141/275\n|move|p2a: Suicune|Calm Mind|p2a: Suicune\n|-boost|p2a: Suicune|spa|1\n|-boost|p2a: Suicune|spd|1\n|\n|-heal|p2a: Suicune|260/298|[from] item: Leftovers\n|upkeep\n|turn|23\n|\n|t:|1733001096\n|move|p1a: Yanmega|U-turn|p2a: Suicune\n|-activate|p2a: Suicune|move: Substitute|[damage]\n|\n|t:|1733001099\n|switch|p1a: Snorlax|Snorlax, L82, M, tera:Poison|348/397 slp|[from] U-turn\n|move|p2a: Suicune|Ice Beam|p1a: Snorlax\n|-damage|p1a: Snorlax|292/397 slp\n|\n|-heal|p2a: Suicune|278/298|[from] item: Leftovers\n|upkeep\n|turn|24\n|\n|t:|1733001108\n|move|p2a: Suicune|Calm Mind|p2a: Suicune\n|-boost|p2a: Suicune|spa|1\n|-boost|p2a: Suicune|spd|1\n|cant|p1a: Snorlax|slp\n|\n|-heal|p2a: Suicune|296/298|[from] item: Leftovers\n|upkeep\n|turn|25\n|\n|t:|1733001113\n|switch|p1a: Lumineon|Lumineon, L93, F|171/279\n|move|p2a: Suicune|Scald|p1a: Lumineon\n|-ability|p1a: Lumineon|Storm Drain|boost\n|-boost|p1a: Lumineon|spa|1\n|\n|-heal|p2a: Suicune|298/298|[from] item: Leftovers\n|upkeep\n|turn|26\n|\n|t:|1733001119\n|move|p1a: Lumineon|Encore|p2a: Suicune\n|-start|p2a: Suicune|Encore\n|move|p2a: Suicune|Scald|p1a: Lumineon\n|-ability|p1a: Lumineon|Storm Drain|boost\n|-boost|p1a: Lumineon|spa|1\n|\n|upkeep\n|turn|27\n|\n|t:|1733001126\n|move|p1a: Lumineon|Ice Beam|p2a: Suicune\n|-resisted|p2a: Suicune\n|-activate|p2a: Suicune|move: Substitute|[damage]\n|-damage|p1a: Lumineon|144/279|[from] item: Life Orb\n|move|p2a: Suicune|Scald|p1a: Lumineon\n|-ability|p1a: Lumineon|Storm Drain|boost\n|-boost|p1a: Lumineon|spa|1\n|\n|upkeep\n|turn|28\n|\n|t:|1733001136\n|move|p1a: Lumineon|Alluring Voice|p2a: Suicune\n|-damage|p2a: Suicune|250/298\n|-damage|p1a: Lumineon|117/279|[from] item: Life Orb\n|move|p2a: Suicune|Scald|p1a: Lumineon\n|-ability|p1a: Lumineon|Storm Drain|boost\n|-boost|p1a: Lumineon|spa|1\n|\n|-heal|p2a: Suicune|268/298|[from] item: Leftovers\n|-end|p2a: Suicune|Encore\n|upkeep\n|turn|29\n|\n|t:|1733001141\n|move|p1a: Lumineon|Hydro Pump|p2a: Suicune\n|-resisted|p2a: Suicune\n|-end|p2a: Suicune|Substitute\n|-damage|p1a: Lumineon|90/279|[from] item: Life Orb\n|move|p2a: Suicune|Ice Beam|p1a: Lumineon\n|-resisted|p1a: Lumineon\n|-damage|p1a: Lumineon|12/279\n|\n|-heal|p2a: Suicune|286/298|[from] item: Leftovers\n|upkeep\n|turn|30\n|\n|t:|1733001145\n|move|p1a: Lumineon|Encore|p2a: Suicune\n|-start|p2a: Suicune|Encore\n|move|p2a: Suicune|Ice Beam|p1a: Lumineon\n|-resisted|p1a: Lumineon\n|-damage|p1a: Lumineon|0 fnt\n|faint|p1a: Lumineon\n|\n|-heal|p2a: Suicune|298/298|[from] item: Leftovers\n|upkeep\n|\n|t:|1733001150\n|switch|p1a: Dragalge|Dragalge, L88, M|258/258\n|turn|31\n|\n|t:|1733001154\n|move|p2a: Suicune|Ice Beam|p1a: Dragalge\n|-supereffective|p1a: Dragalge\n|-damage|p1a: Dragalge|0 fnt\n|faint|p1a: Dragalge\n|\n|upkeep\n|\n|t:|1733001158\n|switch|p1a: Yanmega|Yanmega, L82, M|141/275\n|turn|32\n|\n|t:|1733001168\n|move|p1a: Yanmega|Giga Drain|p2a: Suicune\n|-supereffective|p2a: Suicune\n|-damage|p2a: Suicune|248/298\n|-heal|p1a: Yanmega|166/275|[from] drain|[of] p2a: Suicune\n|move|p2a: Suicune|Ice Beam|p1a: Yanmega\n|-supereffective|p1a: Yanmega\n|-damage|p1a: Yanmega|0 fnt\n|faint|p1a: Yanmega\n|\n|-heal|p2a: Suicune|266/298|[from] item: Leftovers\n|-end|p2a: Suicune|Encore\n|upkeep\n|\n|t:|1733001173\n|switch|p1a: Snorlax|Snorlax, L82, M, tera:Poison|292/397 slp\n|turn|33\n|\n|t:|1733001181\n|move|p2a: Suicune|Ice Beam|p1a: Snorlax\n|-damage|p1a: Snorlax|215/397 slp\n|cant|p1a: Snorlax|slp\n|\n|-heal|p2a: Suicune|284/298|[from] item: Leftovers\n|upkeep\n|turn|34\n|\n|t:|1733001185\n|move|p2a: Suicune|Ice Beam|p1a: Snorlax\n|-damage|p1a: Snorlax|135/397 slp\n|-curestatus|p1a: Snorlax|slp|[msg]\n|move|p1a: Snorlax|Curse|p1a: Snorlax\n|-unboost|p1a: Snorlax|spe|1\n|-boost|p1a: Snorlax|atk|1\n|-boost|p1a: Snorlax|def|1\n|\n|-heal|p2a: Suicune|298/298|[from] item: Leftovers\n|upkeep\n|turn|35\n|\n|t:|1733001188\n|move|p2a: Suicune|Ice Beam|p1a: Snorlax\n|-damage|p1a: Snorlax|56/397\n|move|p1a: Snorlax|Curse|p1a: Snorlax\n|-unboost|p1a: Snorlax|spe|1\n|-boost|p1a: Snorlax|atk|1\n|-boost|p1a: Snorlax|def|1\n|\n|upkeep\n|turn|36\n|\n|t:|1733001190\n|move|p2a: Suicune|Ice Beam|p1a: Snorlax\n|-damage|p1a: Snorlax|0 fnt\n|faint|p1a: Snorlax\n|\n|upkeep\n|\n|t:|1733001193\n|switch|p1a: Malamar|Malamar, L82, F|275/275\n|turn|37\n|\n|t:|1733001197\n|move|p2a: Suicune|Ice Beam|p1a: Malamar\n|-damage|p1a: Malamar|74/275\n|move|p1a: Malamar|Knock Off|p2a: Suicune\n|-damage|p2a: Suicune|217/298\n|-enditem|p2a: Suicune|Leftovers|[from] move: Knock Off|[of] p1a: Malamar\n|\n|upkeep\n|turn|38\n|\n|t:|1733001204\n|move|p2a: Suicune|Ice Beam|p1a: Malamar\n|-damage|p1a: Malamar|0 fnt\n|faint|p1a: Malamar\n|\n|upkeep\n|\n|t:|1733001205\n|switch|p1a: Reuniclus|Reuniclus, L88, M|337/337\n|turn|39\n|\n|t:|1733001209\n|move|p2a: Suicune|Ice Beam|p1a: Reuniclus\n|-damage|p1a: Reuniclus|156/337\n|move|p1a: Reuniclus|Calm Mind|p1a: Reuniclus\n|-boost|p1a: Reuniclus|spa|1\n|-boost|p1a: Reuniclus|spd|1\n|\n|upkeep\n|turn|40\n|\n|t:|1733001211\n|move|p2a: Suicune|Ice Beam|p1a: Reuniclus\n|-damage|p1a: Reuniclus|46/337\n|move|p1a: Reuniclus|Recover|p1a: Reuniclus\n|-heal|p1a: Reuniclus|215/337\n|\n|upkeep\n|turn|41\n|\n|t:|1733001213\n|move|p2a: Suicune|Ice Beam|p1a: Reuniclus\n|-damage|p1a: Reuniclus|99/337\n|move|p1a: Reuniclus|Recover|p1a: Reuniclus\n|-heal|p1a: Reuniclus|268/337\n|\n|upkeep\n|turn|42\n|\n|t:|1733001216\n|move|p2a: Suicune|Ice Beam|p1a: Reuniclus\n|-crit|p1a: Reuniclus\n|-damage|p1a: Reuniclus|6/337\n|move|p1a: Reuniclus|Calm Mind|p1a: Reuniclus\n|-boost|p1a: Reuniclus|spa|1\n|-boost|p1a: Reuniclus|spd|1\n|\n|upkeep\n|turn|43\n|\n|t:|1733001218\n|move|p2a: Suicune|Ice Beam|p1a: Reuniclus\n|-crit|p1a: Reuniclus\n|-damage|p1a: Reuniclus|0 fnt\n|faint|p1a: Reuniclus\n|\n|win|cheesy balls6969\n|l|\u2606hollowpine\n|player|p1|\n", "inputlog": ">version b107d77f5c90bd6555267ae244a6264823309ead\n>start {\"formatid\":\"gen9randombattle\",\"seed\":[6691,21640,13425,32261]}\n>player p1 {\"name\":\"hollowpine\",\"avatar\":\"plasmagrunt\",\"rating\":0,\"seed\":[29901,37499,38167,9917]}\n>player p2 {\"name\":\"cheesy balls6969\",\"avatar\":\"pokefan-gen4\",\"rating\":0,\"seed\":[8799,58985,6938,62287]}\n>p1 move uturn\n>p2 move icepunch\n>p1 switch 5\n>p1 move curse\n>p2 switch 5\n>p1 move curse terastallize\n>p2 move heavyslam\n>p1 move bodyslam\n>p2 move heavyslam\n>p1 move crunch\n>p2 move heavyslam\n>p1 move rest\n>p2 move heavyslam\n>p1 move crunch\n>p2 move heavyslam\n>p2 switch 2\n>p1 move bodyslam\n>p2 move saltcure\n>p1 move crunch\n>p2 move irondefense\n>p1 move rest\n>p2 move irondefense\n>p1 switch 5\n>p2 move irondefense\n>p1 move gigadrain\n>p2 move bodypress\n>p1 move gigadrain\n>p2 move bodypress terastallize\n>p1 move gigadrain\n>p2 move recover\n>p2 switch 4\n>p1 switch 3\n>p2 move swordsdance\n>p1 move hydropump\n>p2 move closecombat\n>p2 switch 6\n>p1 move alluringvoice\n>p2 move dragondance\n>p1 move alluringvoice\n>p2 move knockoff\n>p2 switch 3\n>p1 move icebeam\n>p2 move calmmind\n>p1 switch 6\n>p2 move calmmind\n>p1 move toxic\n>p2 move substitute\n>p1 switch 3\n>p2 move calmmind\n>p1 move uturn\n>p2 move icebeam\n>p1 switch 5\n>p1 move crunch\n>p2 move calmmind\n>p1 switch 6\n>p2 move scald\n>p1 move encore\n>p2 move icebeam\n>p1 move icebeam\n>p2 move scald\n>p1 move alluringvoice\n>p2 move scald\n>p1 move hydropump\n>p2 move icebeam\n>p1 move encore\n>p2 move icebeam\n>p1 switch 3\n>p1 move toxic\n>p2 move icebeam\n>p1 switch 5\n>p1 move gigadrain\n>p2 move icebeam\n>p1 switch 6\n>p1 move curse\n>p2 move icebeam\n>p1 move curse\n>p2 move icebeam\n>p1 move curse\n>p2 move icebeam\n>p1 move rest\n>p2 move icebeam\n>p1 switch 4\n>p1 move knockoff\n>p2 move icebeam\n>p1 move superpower\n>p2 move icebeam\n>p1 switch 2\n>p1 move calmmind\n>p2 move icebeam\n>p1 move recover\n>p2 move icebeam\n>p1 move recover\n>p2 move icebeam\n>p1 move calmmind\n>p2 move icebeam\n>p1 move recover\n>p2 move icebeam", "uploadtime": 1733001221, "views": 2, "formatid": "gen9randombattle", "rating": null, "private": 0, "password": null}