{"id": "gen9randombattle-2254165286", "format": "[Gen 9] Random Battle", "players": ["Celestial Saiyan", "TheKoopaKing"], "log": "|j|\u2606Celestial Saiyan\n|j|\u2606TheKoopaKing\n|t:|1732999295\n|gametype|singles\n|player|p1|Celestial Saiyan|iris-gen5bw2|1842\n|player|p2|TheKoopaKing|colress|1820\n|teamsize|p1|6\n|teamsize|p2|6\n|gen|9\n|tier|[Gen 9] Random Battle\n|rated|\n|rule|Species Clause: Limit one of each Pok\u00e9mon\n|rule|HP Percentage Mod: HP is shown in percentages\n|rule|Sleep Clause Mod: Limit one foe put to sleep\n|rule|Illusion Level Mod: Illusion disguises the Pok\u00e9mon's true level\n|\n|t:|1732999295\n|start\n|switch|p1a: Clefable|Clefable, L83, F|293/293\n|switch|p2a: Rabsca|Rabsca, L91, F|284/284\n|turn|1\n|c|\u2606Celestial Saiyan|Glhf\n|inactive|Battle timer is ON: inactive players will automatically lose when time's up. (requested by Celestial Saiyan)\n|inactive|TheKoopaKing has 120 seconds left.\n|\n|t:|1732999366\n|move|p1a: Clefable|Calm Mind|p1a: Clefable\n|-boost|p1a: Clefable|spa|1\n|-boost|p1a: Clefable|spd|1\n|move|p2a: Rabsca|Bug Buzz|p1a: Clefable\n|-resisted|p1a: Clefable\n|-damage|p1a: Clefable|248/293\n|\n|upkeep\n|turn|2\n|\n|t:|1732999390\n|switch|p2a: Basculin|Basculin, L86, F|261/261\n|move|p1a: Clefable|Moonblast|p2a: Basculin\n|-damage|p2a: Basculin|0 fnt\n|faint|p2a: Basculin\n|\n|upkeep\n|\n|t:|1732999403\n|switch|p2a: Feraligatr|Feraligatr, L79, M|264/264\n|turn|3\n|\n|t:|1732999411\n|move|p2a: Feraligatr|Liquidation|p1a: Clefable\n|-damage|p1a: Clefable|75/293\n|move|p1a: Clefable|Moonblast|p2a: Feraligatr\n|-damage|p2a: Feraligatr|61/264\n|\n|upkeep\n|turn|4\n|\n|t:|1732999421\n|move|p2a: Feraligatr|Liquidation|p1a: Clefable\n|-damage|p1a: Clefable|0 fnt\n|faint|p1a: Clefable\n|\n|upkeep\n|\n|t:|1732999434\n|switch|p1a: Roaring Moon|Roaring Moon, L72|270/270\n|turn|5\n|\n|t:|1732999439\n|move|p1a: Roaring Moon|Knock Off|p2a: Feraligatr\n|-damage|p2a: Feraligatr|0 fnt\n|-enditem|p2a: Feraligatr|Life Orb|[from] move: Knock Off|[of] p1a: Roaring Moon\n|faint|p2a: Feraligatr\n|\n|upkeep\n|\n|t:|1732999451\n|switch|p2a: Hydrapple|Hydrapple, L83, M|312/312\n|turn|6\n|\n|t:|1732999466\n|move|p1a: Roaring Moon|Knock Off|p2a: Hydrapple\n|-damage|p2a: Hydrapple|194/312\n|-enditem|p2a: Hydrapple|Leftovers|[from] move: Knock Off|[of] p1a: Roaring Moon\n|move|p2a: Hydrapple|Fickle Beam|p1a: Roaring Moon\n|-supereffective|p1a: Roaring Moon\n|-damage|p1a: Roaring Moon|64/270\n|\n|upkeep\n|turn|7\n|\n|t:|1732999474\n|-end|p1a: Roaring Moon|Protosynthesis|[silent]\n|switch|p1a: Azumarill|Azumarill, L82, M|298/298\n|move|p2a: Hydrapple|Nasty Plot|p2a: Hydrapple\n|-boost|p2a: Hydrapple|spa|2\n|\n|upkeep\n|turn|8\n|\n|t:|1732999501\n|switch|p2a: Rabsca|Rabsca, L91, F|284/284\n|move|p1a: Azumarill|Play Rough|p2a: Rabsca|[miss]\n|-miss|p1a: Azumarill|p2a: Rabsca\n|\n|upkeep\n|turn|9\n|\n|t:|1732999508\n|switch|p1a: Roaring Moon|Roaring Moon, L72|64/270\n|move|p2a: Rabsca|Revival Blessing|p2a: Rabsca\n|inactive|TheKoopaKing has 120 seconds left.\n|\n|t:|1732999525\n|-heal|p2: Basculin|130/261|[from] move: Revival Blessing\n|\n|upkeep\n|turn|10\n|inactive|TheKoopaKing has 120 seconds left.\n|\n|t:|1732999541\n|switch|p2a: Ursaluna|Ursaluna-Bloodmoon, L79, M|308/308\n|move|p1a: Roaring Moon|Knock Off|p2a: Ursaluna\n|-damage|p2a: Ursaluna|175/308\n|-enditem|p2a: Ursaluna|Leftovers|[from] move: Knock Off|[of] p1a: Roaring Moon\n|\n|upkeep\n|turn|11\n|inactive|TheKoopaKing has 120 seconds left.\n|\n|t:|1732999549\n|move|p1a: Roaring Moon|Knock Off|p2a: Ursaluna\n|-damage|p2a: Ursaluna|97/308\n|move|p2a: Ursaluna|Moonlight|p2a: Ursaluna\n|-heal|p2a: Ursaluna|251/308\n|\n|upkeep\n|turn|12\n|\n|t:|1732999558\n|move|p1a: Roaring Moon|Knock Off|p2a: Ursaluna\n|-damage|p2a: Ursaluna|170/308\n|move|p2a: Ursaluna|Earth Power|p1a: Roaring Moon\n|-damage|p1a: Roaring Moon|0 fnt\n|faint|p1a: Roaring Moon\n|-end|p1a: Roaring Moon|Protosynthesis|[silent]\n|\n|upkeep\n|\n|t:|1732999563\n|switch|p1a: Terapagos|Terapagos, L76, F|262/262\n|-activate|p1a: Terapagos|ability: Tera Shift\n|detailschange|p1a: Terapagos|Terapagos-Terastal, L76, F\n|-heal|p1a: Terapagos|269/269|[silent]\n|turn|13\n|\n|t:|1732999581\n|move|p1a: Terapagos|Calm Mind|p1a: Terapagos\n|-boost|p1a: Terapagos|spa|1\n|-boost|p1a: Terapagos|spd|1\n|move|p2a: Ursaluna|Calm Mind|p2a: Ursaluna\n|-boost|p2a: Ursaluna|spa|1\n|-boost|p2a: Ursaluna|spd|1\n|\n|upkeep\n|turn|14\n|\n|t:|1732999591\n|move|p1a: Terapagos|Rapid Spin|p2a: Ursaluna\n|-damage|p2a: Ursaluna|136/308\n|-boost|p1a: Terapagos|spe|1\n|move|p2a: Ursaluna|Calm Mind|p2a: Ursaluna\n|-boost|p2a: Ursaluna|spa|1\n|-boost|p2a: Ursaluna|spd|1\n|\n|upkeep\n|turn|15\n|\n|t:|1732999605\n|move|p1a: Terapagos|Tera Starstorm|p2a: Ursaluna\n|-damage|p2a: Ursaluna|19/308\n|move|p2a: Ursaluna|Moonlight|p2a: Ursaluna\n|-heal|p2a: Ursaluna|173/308\n|\n|upkeep\n|turn|16\n|\n|t:|1732999618\n|move|p1a: Terapagos|Calm Mind|p1a: Terapagos\n|-boost|p1a: Terapagos|spa|1\n|-boost|p1a: Terapagos|spd|1\n|move|p2a: Ursaluna|Moonlight|p2a: Ursaluna\n|-heal|p2a: Ursaluna|308/308\n|\n|upkeep\n|turn|17\n|\n|t:|1732999626\n|move|p1a: Terapagos|Calm Mind|p1a: Terapagos\n|-boost|p1a: Terapagos|spa|1\n|-boost|p1a: Terapagos|spd|1\n|move|p2a: Ursaluna|Blood Moon|p1a: Terapagos\n|-activate|p1a: Terapagos|ability: Tera Shell\n|-resisted|p1a: Terapagos\n|-damage|p1a: Terapagos|209/269\n|\n|upkeep\n|turn|18\n|\n|t:|1732999650\n|move|p1a: Terapagos|Calm Mind|p1a: Terapagos\n|-boost|p1a: Terapagos|spa|1\n|-boost|p1a: Terapagos|spd|1\n|move|p2a: Ursaluna|Calm Mind|p2a: Ursaluna\n|-boost|p2a: Ursaluna|spa|1\n|-boost|p2a: Ursaluna|spd|1\n|\n|upkeep\n|turn|19\n|\n|t:|1732999655\n|move|p1a: Terapagos|Calm Mind|p1a: Terapagos\n|-boost|p1a: Terapagos|spa|1\n|-boost|p1a: Terapagos|spd|1\n|move|p2a: Ursaluna|Calm Mind|p2a: Ursaluna\n|-boost|p2a: Ursaluna|spa|1\n|-boost|p2a: Ursaluna|spd|1\n|\n|upkeep\n|turn|20\n|\n|t:|1732999667\n|-terastallize|p1a: Terapagos|Stellar\n|detailschange|p1a: Terapagos|Terapagos-Stellar, L76, F, tera:Stellar\n|-heal|p1a: Terapagos|308/368|[silent]\n|move|p1a: Terapagos|Tera Starstorm|p2a: Ursaluna\n|-damage|p2a: Ursaluna|156/308\n|move|p2a: Ursaluna|Calm Mind|p2a: Ursaluna\n|-boost|p2a: Ursaluna|spa|1\n|-boost|p2a: Ursaluna|spd|1\n|\n|upkeep\n|turn|21\n|\n|t:|1732999682\n|move|p1a: Terapagos|Calm Mind|p1a: Terapagos\n|-boost|p1a: Terapagos|spa|1\n|-boost|p1a: Terapagos|spd|1\n|move|p2a: Ursaluna|Moonlight|p2a: Ursaluna\n|-heal|p2a: Ursaluna|308/308\n|\n|upkeep\n|turn|22\n|\n|t:|1732999686\n|move|p1a: Terapagos|Tera Starstorm|p2a: Ursaluna\n|-damage|p2a: Ursaluna|151/308\n|move|p2a: Ursaluna|Blood Moon|p1a: Terapagos\n|-damage|p1a: Terapagos|181/368\n|\n|upkeep\n|turn|23\n|\n|t:|1732999690\n|move|p1a: Terapagos|Tera Starstorm|p2a: Ursaluna\n|-damage|p2a: Ursaluna|0 fnt\n|faint|p2a: Ursaluna\n|\n|upkeep\n|\n|t:|1732999696\n|switch|p2a: Basculin|Basculin, L86, F|130/261\n|turn|24\n|\n|t:|1732999706\n|-terastallize|p2a: Basculin|Water\n|move|p2a: Basculin|Aqua Jet|p1a: Terapagos\n|-damage|p1a: Terapagos|93/368\n|move|p1a: Terapagos|Tera Starstorm|p2a: Basculin\n|-supereffective|p2a: Basculin\n|-damage|p2a: Basculin|0 fnt\n|faint|p2a: Basculin\n|\n|upkeep\n|inactive|TheKoopaKing has 120 seconds left.\n|\n|t:|1732999738\n|switch|p2a: Gallade|Gallade, L81, M|243/243\n|turn|25\n|inactive|TheKoopaKing has 120 seconds left.\n|\n|t:|1732999748\n|move|p1a: Terapagos|Tera Starstorm|p2a: Gallade\n|-damage|p2a: Gallade|0 fnt\n|faint|p2a: Gallade\n|\n|upkeep\n|\n|t:|1732999757\n|switch|p2a: Hydrapple|Hydrapple, L83, M|298/312\n|turn|26\n|inactive|TheKoopaKing has 120 seconds left.\n|\n|t:|1732999762\n|move|p1a: Terapagos|Tera Starstorm|p2a: Hydrapple\n|-damage|p2a: Hydrapple|0 fnt\n|faint|p2a: Hydrapple\n|\n|upkeep\n|\n|t:|1732999765\n|switch|p2a: Rabsca|Rabsca, L91, F|284/284\n|turn|27\n|\n|t:|1732999769\n|move|p1a: Terapagos|Tera Starstorm|p2a: Rabsca\n|-damage|p2a: Rabsca|0 fnt\n|faint|p2a: Rabsca\n|\n|win|Celestial Saiyan\n|raw|Celestial Saiyan's rating: 1842 &rarr; <strong>1861</strong><br />(+19 for winning)\n|raw|TheKoopaKing's rating: 1820 &rarr; <strong>1801</strong><br />(-19 for losing)\n|c|\u2606Celestial Saiyan|Ggwp\n|l|\u2606TheKoopaKing\n|player|p2|\n", "inputlog": ">version b107d77f5c90bd6555267ae244a6264823309ead\n>start {\"formatid\":\"gen9randombattle\",\"seed\":[44614,30516,22358,55548],\"rated\":\"Rated battle\"}\n>player p1 {\"name\":\"Celestial Saiyan\",\"avatar\":\"iris-gen5bw2\",\"rating\":1842,\"seed\":[41377,48805,1159,61380]}\n>player p2 {\"name\":\"TheKoopaKing\",\"avatar\":\"colress\",\"rating\":1820,\"seed\":[39364,58177,13805,12528]}\n>chat \u2606Celestial Saiyan|Glhf\n>p1 move calmmind\n>p2 move bugbuzz\n>p1 move moonblast\n>p2 switch 3\n>p2 switch 4\n>p1 move moonblast\n>p2 move liquidation\n>p1 move moonblast\n>p2 move liquidation\n>p1 switch 5\n>p1 move knockoff\n>p2 move icepunch\n>p2 switch 5\n>p1 move knockoff\n>p2 move ficklebeam\n>p1 switch 2\n>p2 move nastyplot\n>p1 move playrough\n>p2 switch 3\n>p1 switch 2\n>p2 move revivalblessing\n>p2 switch 4\n>p1 move knockoff\n>p2 switch 6\n>p1 move knockoff\n>p2 move moonlight\n>p1 move knockoff\n>p2 move earthpower\n>p1 switch 3\n>p1 move calmmind\n>p2 move calmmind\n>p1 move rapidspin\n>p2 move calmmind\n>p1 move terastarstorm\n>p2 move moonlight\n>p1 move calmmind\n>p2 move moonlight\n>p1 move calmmind\n>p2 move bloodmoon\n>p1 move calmmind\n>p2 move calmmind\n>p1 move calmmind\n>p2 move calmmind\n>p1 move terastarstorm terastallize\n>p2 move calmmind\n>p1 move calmmind\n>p2 move moonlight\n>p1 move terastarstorm\n>p2 move bloodmoon\n>p1 move terastarstorm\n>p2 move moonlight\n>p2 switch 4\n>p1 move terastarstorm\n>p2 move aquajet terastallize\n>p2 switch 2\n>p1 move terastarstorm\n>p2 move agility\n>p2 switch 3\n>p1 move terastarstorm\n>p2 move ficklebeam\n>p2 switch 6\n>p1 move terastarstorm\n>p2 move bugbuzz", "uploadtime": 1732999775, "views": 3, "formatid": "gen9randombattle", "rating": 1801, "private": 0, "password": null}