{"id": "gen9randombattle-2253958516", "format": "[Gen 9] Random Battle", "players": ["EveryMatchIsRigged", "Veronans"], "log": "|j|\u2606EveryMatchIsRigged\n|j|\u2606Veronans\n|t:|1732971431\n|gametype|singles\n|player|p1|EveryMatchIsRigged|acetrainerf|1199\n|player|p2|Veronans|misty|1162\n|teamsize|p1|6\n|teamsize|p2|6\n|gen|9\n|tier|[Gen 9] Random Battle\n|rated|\n|rule|Species Clause: Limit one of each Pok\u00e9mon\n|rule|HP Percentage Mod: HP is shown in percentages\n|rule|Sleep Clause Mod: Limit one foe put to sleep\n|rule|Illusion Level Mod: Illusion disguises the Pok\u00e9mon's true level\n|\n|t:|1732971431\n|start\n|switch|p1a: Cinderace|Cinderace, L77, F|249/249\n|switch|p2a: Glaceon|Glaceon, L94, M|275/275\n|turn|1\n|inactive|Battle timer is ON: inactive players will automatically lose when time's up. (requested by EveryMatchIsRigged)\n|\n|t:|1732971460\n|switch|p2a: Sudowoodo|Sudowoodo, L94, M|284/284\n|move|p1a: Cinderace|Pyro Ball|p2a: Sudowoodo\n|-resisted|p2a: Sudowoodo\n|-damage|p2a: Sudowoodo|215/284\n|\n|-heal|p2a: Sudowoodo|232/284|[from] item: Leftovers\n|upkeep\n|turn|2\n|inactive|EveryMatchIsRigged has 120 seconds left.\n|\n|t:|1732971495\n|switch|p1a: Chesnaught|Chesnaught, L84, M|285/285\n|move|p2a: Sudowoodo|Head Smash|p1a: Chesnaught\n|-resisted|p1a: Chesnaught\n|-damage|p1a: Chesnaught|203/285\n|\n|-heal|p1a: Chesnaught|220/285|[from] item: Leftovers\n|-heal|p2a: Sudowoodo|249/284|[from] item: Leftovers\n|upkeep\n|turn|3\n|inactive|EveryMatchIsRigged has 120 seconds left.\n|inactive|Veronans has 120 seconds left.\n|\n|t:|1732971535\n|switch|p2a: Vivillon|Vivillon-Icy Snow, L84, F|272/272\n|move|p1a: Chesnaught|Body Press|p2a: Vivillon\n|-resisted|p2a: Vivillon\n|-damage|p2a: Vivillon|234/272\n|\n|-heal|p1a: Chesnaught|237/285|[from] item: Leftovers\n|upkeep\n|turn|4\n|inactive|EveryMatchIsRigged has 120 seconds left.\n|\n|t:|1732971550\n|switch|p1a: Cinderace|Cinderace, L77, F|249/249\n|move|p2a: Vivillon|Quiver Dance|p2a: Vivillon\n|-boost|p2a: Vivillon|spa|1\n|-boost|p2a: Vivillon|spd|1\n|-boost|p2a: Vivillon|spe|1\n|\n|upkeep\n|turn|5\n|\n|t:|1732971562\n|move|p2a: Vivillon|Sleep Powder|p1a: Cinderace\n|-status|p1a: Cinderace|slp|[from] move: Sleep Powder\n|cant|p1a: Cinderace|slp\n|\n|upkeep\n|turn|6\n|\n|t:|1732971577\n|switch|p1a: Sableye|Sableye, L90, F|236/236\n|move|p2a: Vivillon|Hurricane|p1a: Sableye\n|-damage|p1a: Sableye|61/236\n|\n|-heal|p1a: Sableye|75/236|[from] item: Leftovers\n|upkeep\n|turn|7\n|\n|t:|1732971586\n|move|p1a: Sableye|Will-O-Wisp|p2a: Vivillon\n|-status|p2a: Vivillon|brn\n|move|p2a: Vivillon|Hurricane|p1a: Sableye|[miss]\n|-miss|p2a: Vivillon|p1a: Sableye\n|\n|-heal|p1a: Sableye|89/236|[from] item: Leftovers\n|-damage|p2a: Vivillon|217/272 brn|[from] brn\n|upkeep\n|turn|8\n|\n|t:|1732971599\n|-terastallize|p1a: Sableye|Steel\n|move|p1a: Sableye|Encore|p2a: Vivillon\n|-start|p2a: Vivillon|Encore\n|move|p2a: Vivillon|Hurricane|p1a: Sableye\n|-resisted|p1a: Sableye\n|-damage|p1a: Sableye|0 fnt\n|faint|p1a: Sableye\n|\n|-damage|p2a: Vivillon|200/272 brn|[from] brn\n|upkeep\n|\n|t:|1732971609\n|switch|p1a: Metagross|Metagross, L79|256/256\n|turn|9\n|\n|t:|1732971627\n|-terastallize|p2a: Vivillon|Flying\n|move|p2a: Vivillon|Hurricane|p1a: Metagross\n|-resisted|p1a: Metagross\n|-damage|p1a: Metagross|144/256\n|move|p1a: Metagross|Knock Off|p2a: Vivillon\n|-damage|p2a: Vivillon|90/272 brn\n|-enditem|p2a: Vivillon|Heavy-Duty Boots|[from] move: Knock Off|[of] p1a: Metagross\n|\n|-heal|p1a: Metagross|160/256|[from] item: Leftovers\n|-damage|p2a: Vivillon|73/272 brn|[from] brn\n|upkeep\n|turn|10\n|\n|t:|1732971640\n|move|p1a: Metagross|Bullet Punch|p2a: Vivillon\n|-damage|p2a: Vivillon|0 fnt\n|faint|p2a: Vivillon\n|\n|-heal|p1a: Metagross|176/256|[from] item: Leftovers\n|upkeep\n|inactive|Veronans has 90 seconds left.\n|\n|t:|1732971660\n|switch|p2a: Sudowoodo|Sudowoodo, L94, M|249/284\n|turn|11\n|\n|t:|1732971665\n|move|p1a: Metagross|Heavy Slam|p2a: Sudowoodo\n|-supereffective|p2a: Sudowoodo\n|-damage|p2a: Sudowoodo|39/284\n|move|p2a: Sudowoodo|Earthquake|p1a: Metagross\n|-supereffective|p1a: Metagross\n|-damage|p1a: Metagross|26/256\n|\n|-heal|p1a: Metagross|42/256|[from] item: Leftovers\n|-heal|p2a: Sudowoodo|56/284|[from] item: Leftovers\n|upkeep\n|turn|12\n|inactive|Veronans has 90 seconds left.\n|\n|t:|1732971687\n|move|p1a: Metagross|Bullet Punch|p2a: Sudowoodo\n|-supereffective|p2a: Sudowoodo\n|-damage|p2a: Sudowoodo|0 fnt\n|faint|p2a: Sudowoodo\n|\n|-heal|p1a: Metagross|58/256|[from] item: Leftovers\n|upkeep\n|\n|t:|1732971704\n|switch|p2a: Indeedee|Indeedee, L84, M|238/238\n|-fieldstart|move: Psychic Terrain|[from] ability: Psychic Surge|[of] p2a: Indeedee\n|turn|13\n|inactive|Veronans has 60 seconds left.\n|\n|t:|1732971733\n|switch|p1a: Meowscarada|Meowscarada, L78, F|247/247\n|move|p2a: Indeedee|Expanding Force|p1a: Meowscarada\n|-immune|p1a: Meowscarada\n|\n|upkeep\n|turn|14\n|inactive|Veronans has 60 seconds left.\n|inactive|EveryMatchIsRigged has 120 seconds left.\n|\n|t:|1732971769\n|switch|p2a: Weezing|Weezing-Galar, L86, M|252/252\n|move|p1a: Meowscarada|Knock Off|p2a: Weezing\n|-start|p1a: Meowscarada|typechange|Dark|[from] ability: Protean\n|-resisted|p2a: Weezing\n|-damage|p2a: Weezing|198/252\n|-enditem|p2a: Weezing|Leftovers|[from] move: Knock Off|[of] p1a: Meowscarada\n|\n|upkeep\n|turn|15\n|inactive|EveryMatchIsRigged has 120 seconds left.\n|inactive|Veronans has 60 seconds left.\n|\n|t:|1732971786\n|switch|p1a: Gliscor|Gliscor, L76, F|239/239\n|move|p2a: Weezing|Strange Steam|p1a: Gliscor\n|-damage|p1a: Gliscor|125/239\n|-start|p1a: Gliscor|confusion\n|\n|-status|p1a: Gliscor|tox|[from] item: Toxic Orb\n|upkeep\n|turn|16\n|inactive|EveryMatchIsRigged has 120 seconds left.\n|\n|t:|1732971801\n|-activate|p1a: Gliscor|confusion\n|move|p1a: Gliscor|Toxic Spikes|p2a: Weezing\n|-sidestart|p2: Veronans|move: Toxic Spikes\n|move|p2a: Weezing|Strange Steam|p1a: Gliscor\n|-damage|p1a: Gliscor|19/239 tox\n|\n|-heal|p1a: Gliscor|48/239 tox|[from] ability: Poison Heal\n|upkeep\n|turn|17\n|inactive|EveryMatchIsRigged has 120 seconds left.\n|\n|t:|1732971815\n|-activate|p1a: Gliscor|confusion\n|-damage|p1a: Gliscor|29/239 tox|[from] confusion\n|move|p2a: Weezing|Strange Steam|p1a: Gliscor\n|-damage|p1a: Gliscor|0 fnt\n|faint|p1a: Gliscor\n|\n|-fieldend|move: Psychic Terrain\n|upkeep\n|\n|t:|1732971831\n|switch|p1a: Metagross|Metagross, L79|58/256\n|turn|18\n|inactive|Veronans has 60 seconds left.\n|\n|t:|1732971837\n|move|p1a: Metagross|Heavy Slam|p2a: Weezing\n|-supereffective|p2a: Weezing\n|-damage|p2a: Weezing|0 fnt\n|faint|p2a: Weezing\n|\n|-heal|p1a: Metagross|74/256|[from] item: Leftovers\n|upkeep\n|inactive|Veronans has 60 seconds left.\n|\n|t:|1732971862\n|switch|p2a: Munkidori|Munkidori, L79, M|269/269\n|-sideend|p2: Veronans|move: Toxic Spikes|[of] p2a: Munkidori\n|turn|19\n|inactive|EveryMatchIsRigged has 120 seconds left.\n|\n|t:|1732971883\n|move|p1a: Metagross|Bullet Punch|p2a: Munkidori\n|-damage|p2a: Munkidori|203/269\n|move|p2a: Munkidori|Focus Blast|p1a: Metagross\n|-damage|p1a: Metagross|0 fnt\n|faint|p1a: Metagross\n|\n|upkeep\n|\n|t:|1732971895\n|switch|p1a: Meowscarada|Meowscarada, L78, F|247/247\n|turn|20\n|\n|t:|1732971902\n|move|p1a: Meowscarada|Knock Off|p2a: Munkidori\n|-start|p1a: Meowscarada|typechange|Dark|[from] ability: Protean\n|-supereffective|p2a: Munkidori\n|-damage|p2a: Munkidori|0 fnt\n|-enditem|p2a: Munkidori|Choice Specs|[from] move: Knock Off|[of] p1a: Meowscarada\n|faint|p2a: Munkidori\n|\n|upkeep\n|\n|t:|1732971916\n|switch|p2a: Indeedee|Indeedee, L84, M|238/238\n|-fieldstart|move: Psychic Terrain|[from] ability: Psychic Surge|[of] p2a: Indeedee\n|turn|21\n|\n|t:|1732971923\n|move|p2a: Indeedee|Dazzling Gleam|p1a: Meowscarada\n|-supereffective|p1a: Meowscarada\n|-damage|p1a: Meowscarada|83/247\n|move|p1a: Meowscarada|Knock Off|p2a: Indeedee\n|-supereffective|p2a: Indeedee\n|-damage|p2a: Indeedee|0 fnt\n|-enditem|p2a: Indeedee|Choice Scarf|[from] move: Knock Off|[of] p1a: Meowscarada\n|faint|p2a: Indeedee\n|\n|upkeep\n|-message|Veronans forfeited.\n|\n|win|EveryMatchIsRigged\n|raw|EveryMatchIsRigged's rating: 1199 &rarr; <strong>1221</strong><br />(+22 for winning)\n|raw|Veronans's rating: 1162 &rarr; <strong>1140</strong><br />(-22 for losing)\n|l|\u2606Veronans\n|player|p2|\n", "inputlog": ">version b107d77f5c90bd6555267ae244a6264823309ead\n>start {\"formatid\":\"gen9randombattle\",\"seed\":[38603,43067,53208,19360],\"rated\":\"Rated battle\"}\n>player p1 {\"name\":\"EveryMatchIsRigged\",\"avatar\":\"acetrainerf\",\"rating\":1199,\"seed\":[20745,34038,34410,49917]}\n>player p2 {\"name\":\"Veronans\",\"avatar\":\"misty\",\"rating\":1162,\"seed\":[34819,27923,33560,41493]}\n>p1 move pyroball\n>p2 switch 5\n>p1 switch 6\n>p2 move headsmash\n>p1 move bodypress\n>p2 switch 6\n>p1 switch 6\n>p2 move quiverdance\n>p1 move pyroball\n>p2 move sleeppowder\n>p1 switch 4\n>p2 move hurricane\n>p1 move willowisp\n>p2 move hurricane\n>p1 move encore terastallize\n>p2 move bugbuzz\n>p1 switch 5\n>p1 move knockoff\n>p2 move hurricane terastallize\n>p1 move bulletpunch\n>p2 move hurricane\n>p2 switch 6\n>p1 move heavyslam\n>p2 move earthquake\n>p1 move bulletpunch\n>p2 move earthquake\n>p2 switch 4\n>p1 switch 3\n>p2 move expandingforce\n>p1 move knockoff\n>p2 switch 3\n>p1 switch 2\n>p2 move strangesteam\n>p1 move toxicspikes\n>p2 move strangesteam\n>p1 move knockoff\n>p2 move strangesteam\n>p1 switch 3\n>p1 move heavyslam\n>p2 move fireblast\n>p2 switch 2\n>p1 move bulletpunch\n>p2 move focusblast\n>p1 switch 2\n>p1 move knockoff\n>p2 move focusblast\n>p2 switch 3\n>p1 move knockoff\n>p2 move dazzlinggleam\n>forcelose p2", "uploadtime": 1732971934, "views": 5, "formatid": "gen9randombattle", "rating": 1140, "private": 0, "password": null}