{"id": "gen9randombattle-2253942204", "format": "[Gen 9] Random Battle", "players": ["iceeexin", "Andras14"], "log": "|j|\u2606iceeexin\n|j|\u2606Andras14\n|t:|1732968474\n|gametype|singles\n|player|p1|iceeexin|170|1355\n|player|p2|Andras14|harlequin|1314\n|teamsize|p1|6\n|teamsize|p2|6\n|gen|9\n|tier|[Gen 9] Random Battle\n|rated|\n|rule|Species Clause: Limit one of each Pok\u00e9mon\n|rule|HP Percentage Mod: HP is shown in percentages\n|rule|Sleep Clause Mod: Limit one foe put to sleep\n|rule|Illusion Level Mod: Illusion disguises the Pok\u00e9mon's true level\n|\n|t:|1732968474\n|start\n|switch|p1a: Groudon|Groudon, L72|263/263\n|switch|p2a: Dunsparce|Dunsparce, L86, M|312/312\n|-weather|SunnyDay|[from] ability: Drought|[of] p1a: Groudon\n|turn|1\n|inactive|Battle timer is ON: inactive players will automatically lose when time's up. (requested by Andras14)\n|\n|t:|1732968486\n|switch|p2a: Hippowdon|Hippowdon, L82, M|311/311\n|-weather|Sandstorm|[from] ability: Sand Stream|[of] p2a: Hippowdon\n|move|p1a: Groudon|Spikes|p2a: Hippowdon\n|-sidestart|p2: Andras14|Spikes\n|\n|-weather|Sandstorm|[upkeep]\n|upkeep\n|turn|2\n|\n|t:|1732968498\n|move|p1a: Groudon|Spikes|p2a: Hippowdon\n|-sidestart|p2: Andras14|Spikes\n|move|p2a: Hippowdon|Stealth Rock|p1a: Groudon\n|-sidestart|p1: iceeexin|move: Stealth Rock\n|\n|-weather|Sandstorm|[upkeep]\n|upkeep\n|turn|3\n|\n|t:|1732968506\n|move|p1a: Groudon|Spikes|p2a: Hippowdon\n|-sidestart|p2: Andras14|Spikes\n|move|p2a: Hippowdon|Earthquake|p1a: Groudon\n|-damage|p1a: Groudon|166/263\n|\n|-weather|Sandstorm|[upkeep]\n|-heal|p1a: Groudon|182/263|[from] item: Leftovers\n|upkeep\n|turn|4\n|\n|t:|1732968514\n|move|p1a: Groudon|Precipice Blades|p2a: Hippowdon|[miss]\n|-miss|p1a: Groudon|p2a: Hippowdon\n|move|p2a: Hippowdon|Earthquake|p1a: Groudon\n|-damage|p1a: Groudon|85/263\n|\n|-weather|Sandstorm|[upkeep]\n|-heal|p1a: Groudon|101/263|[from] item: Leftovers\n|upkeep\n|turn|5\n|\n|t:|1732968528\n|move|p1a: Groudon|Precipice Blades|p2a: Hippowdon\n|-damage|p2a: Hippowdon|202/311\n|move|p2a: Hippowdon|Earthquake|p1a: Groudon\n|-damage|p1a: Groudon|2/263\n|\n|-weather|none\n|-heal|p1a: Groudon|18/263|[from] item: Leftovers\n|-heal|p2a: Hippowdon|221/311|[from] item: Leftovers\n|upkeep\n|turn|6\n|\n|t:|1732968538\n|move|p1a: Groudon|Heat Crash|p2a: Hippowdon\n|-damage|p2a: Hippowdon|170/311\n|move|p2a: Hippowdon|Slack Off|p2a: Hippowdon\n|-heal|p2a: Hippowdon|311/311\n|\n|-heal|p1a: Groudon|34/263|[from] item: Leftovers\n|upkeep\n|turn|7\n|\n|t:|1732968560\n|move|p1a: Groudon|Precipice Blades|p2a: Hippowdon\n|-damage|p2a: Hippowdon|211/311\n|move|p2a: Hippowdon|Earthquake|p1a: Groudon\n|-damage|p1a: Groudon|0 fnt\n|faint|p1a: Groudon\n|\n|-heal|p2a: Hippowdon|230/311|[from] item: Leftovers\n|upkeep\n|\n|t:|1732968565\n|switch|p1a: Serperior|Serperior, L79, F|248/248\n|-damage|p1a: Serperior|217/248|[from] Stealth Rock\n|turn|8\n|\n|t:|1732968579\n|switch|p2a: Dunsparce|Dunsparce, L86, M|312/312\n|-damage|p2a: Dunsparce|234/312|[from] Spikes\n|move|p1a: Serperior|Leaf Storm|p2a: Dunsparce\n|-damage|p2a: Dunsparce|129/312\n|-boost|p1a: Serperior|spa|2\n|-damage|p1a: Serperior|193/248|[from] item: Life Orb\n|\n|upkeep\n|turn|9\n|\n|t:|1732968589\n|move|p1a: Serperior|Dragon Pulse|p2a: Dunsparce\n|-damage|p2a: Dunsparce|38/312\n|-damage|p1a: Serperior|169/248|[from] item: Life Orb\n|move|p2a: Dunsparce|Body Slam|p1a: Serperior\n|-damage|p1a: Serperior|99/248\n|\n|upkeep\n|turn|10\n|\n|t:|1732968597\n|move|p1a: Serperior|Leaf Storm|p2a: Dunsparce\n|-damage|p2a: Dunsparce|0 fnt\n|-boost|p1a: Serperior|spa|2\n|faint|p2a: Dunsparce\n|-damage|p1a: Serperior|75/248|[from] item: Life Orb\n|\n|upkeep\n|\n|t:|1732968612\n|switch|p2a: Dedenne|Dedenne, L88, F|261/261\n|-damage|p2a: Dedenne|196/261|[from] Spikes\n|turn|11\n|\n|t:|1732968617\n|move|p2a: Dedenne|Dazzling Gleam|p1a: Serperior\n|-damage|p1a: Serperior|0 fnt\n|faint|p1a: Serperior\n|\n|upkeep\n|\n|t:|1732968620\n|switch|p1a: Vileplume|Vileplume, L86, F|269/269\n|-damage|p1a: Vileplume|236/269|[from] Stealth Rock\n|turn|12\n|\n|t:|1732968633\n|move|p2a: Dedenne|Nuzzle|p1a: Vileplume\n|-resisted|p1a: Vileplume\n|-damage|p1a: Vileplume|228/269\n|-status|p1a: Vileplume|par\n|move|p1a: Vileplume|Leech Seed|p2a: Dedenne\n|-start|p2a: Dedenne|move: Leech Seed\n|\n|-heal|p1a: Vileplume|244/269 par|[from] item: Leftovers\n|-damage|p2a: Dedenne|164/261|[from] Leech Seed|[of] p1a: Vileplume\n|-heal|p1a: Vileplume|269/269 par|[silent]\n|upkeep\n|turn|13\n|\n|t:|1732968649\n|switch|p2a: Arcanine|Arcanine-Hisui, L81, M|287/287\n|-damage|p2a: Arcanine|216/287|[from] Spikes\n|cant|p1a: Vileplume|par\n|\n|upkeep\n|turn|14\n|\n|t:|1732968658\n|move|p2a: Arcanine|Flare Blitz|p1a: Vileplume\n|-supereffective|p1a: Vileplume\n|-damage|p1a: Vileplume|0 fnt\n|-status|p2a: Arcanine|par|[from] ability: Effect Spore|[of] p1a: Vileplume\n|faint|p1a: Vileplume\n|\n|upkeep\n|\n|t:|1732968665\n|switch|p1a: Florges|Florges-White, L85, F|271/271\n|-damage|p1a: Florges|238/271|[from] Stealth Rock\n|turn|15\n|\n|t:|1732968669\n|-terastallize|p1a: Florges|Ground\n|move|p1a: Florges|Calm Mind|p1a: Florges\n|-boost|p1a: Florges|spa|1\n|-boost|p1a: Florges|spd|1\n|move|p2a: Arcanine|Flare Blitz|p1a: Florges\n|-damage|p1a: Florges|16/271\n|\n|-heal|p1a: Florges|32/271|[from] item: Leftovers\n|upkeep\n|turn|16\n|\n|t:|1732968679\n|move|p1a: Florges|Tera Blast|p2a: Arcanine|[anim] Tera Blast Ground\n|-supereffective|p2a: Arcanine\n|-damage|p2a: Arcanine|0 fnt\n|faint|p2a: Arcanine\n|\n|-heal|p1a: Florges|48/271|[from] item: Leftovers\n|upkeep\n|\n|t:|1732968687\n|switch|p2a: Suicune|Suicune, L82|298/298\n|-damage|p2a: Suicune|224/298|[from] Spikes\n|-ability|p2a: Suicune|Pressure\n|turn|17\n|\n|t:|1732968696\n|switch|p1a: Forretress|Forretress, L84, F|263/263\n|-damage|p1a: Forretress|231/263|[from] Stealth Rock\n|move|p2a: Suicune|Scald|p1a: Forretress\n|-damage|p1a: Forretress|123/263\n|-status|p1a: Forretress|brn\n|\n|-heal|p2a: Suicune|242/298|[from] item: Leftovers\n|-heal|p1a: Forretress|139/263 brn|[from] item: Leftovers\n|-damage|p1a: Forretress|123/263 brn|[from] brn\n|upkeep\n|turn|18\n|\n|t:|1732968709\n|move|p2a: Suicune|Calm Mind|p2a: Suicune\n|-boost|p2a: Suicune|spa|1\n|-boost|p2a: Suicune|spd|1\n|move|p1a: Forretress|Rapid Spin|p2a: Suicune\n|-damage|p2a: Suicune|228/298\n|-boost|p1a: Forretress|spe|1\n|-sideend|p1: iceeexin|Stealth Rock|[from] move: Rapid Spin|[of] p1a: Forretress\n|\n|-heal|p2a: Suicune|246/298|[from] item: Leftovers\n|-heal|p1a: Forretress|139/263 brn|[from] item: Leftovers\n|-damage|p1a: Forretress|123/263 brn|[from] brn\n|upkeep\n|turn|19\n|\n|t:|1732968721\n|move|p2a: Suicune|Calm Mind|p2a: Suicune\n|-boost|p2a: Suicune|spa|1\n|-boost|p2a: Suicune|spd|1\n|move|p1a: Forretress|Stealth Rock|p2a: Suicune\n|-sidestart|p2: Andras14|move: Stealth Rock\n|\n|-heal|p2a: Suicune|264/298|[from] item: Leftovers\n|-heal|p1a: Forretress|139/263 brn|[from] item: Leftovers\n|-damage|p1a: Forretress|123/263 brn|[from] brn\n|upkeep\n|turn|20\n|\n|t:|1732968731\n|move|p2a: Suicune|Scald|p1a: Forretress\n|-damage|p1a: Forretress|0 fnt\n|faint|p1a: Forretress\n|\n|-heal|p2a: Suicune|282/298|[from] item: Leftovers\n|upkeep\n|inactive|iceeexin has 120 seconds left.\n|\n|t:|1732968768\n|switch|p1a: Oinkologne|Oinkologne, L92, M|352/352\n|turn|21\n|inactive|iceeexin has 120 seconds left.\n|\n|t:|1732968776\n|move|p2a: Suicune|Scald|p1a: Oinkologne\n|-damage|p1a: Oinkologne|205/352\n|move|p1a: Oinkologne|Curse|p1a: Oinkologne\n|-unboost|p1a: Oinkologne|spe|1\n|-boost|p1a: Oinkologne|atk|1\n|-boost|p1a: Oinkologne|def|1\n|\n|-heal|p2a: Suicune|298/298|[from] item: Leftovers\n|-heal|p1a: Oinkologne|227/352|[from] item: Leftovers\n|upkeep\n|turn|22\n|inactive|iceeexin has 120 seconds left.\n|\n|t:|1732968789\n|move|p2a: Suicune|Scald|p1a: Oinkologne\n|-damage|p1a: Oinkologne|68/352\n|move|p1a: Oinkologne|Curse|p1a: Oinkologne\n|-unboost|p1a: Oinkologne|spe|1\n|-boost|p1a: Oinkologne|atk|1\n|-boost|p1a: Oinkologne|def|1\n|\n|-heal|p1a: Oinkologne|90/352|[from] item: Leftovers\n|upkeep\n|turn|23\n|\n|t:|1732968799\n|move|p2a: Suicune|Scald|p1a: Oinkologne\n|-damage|p1a: Oinkologne|0 fnt\n|faint|p1a: Oinkologne\n|\n|upkeep\n|inactive|iceeexin has 120 seconds left.\n|-message|iceeexin forfeited.\n|\n|win|Andras14\n|raw|iceeexin's rating: 1355 &rarr; <strong>1333</strong><br />(-22 for losing)\n|raw|Andras14's rating: 1314 &rarr; <strong>1336</strong><br />(+22 for winning)\n|l|\u2606iceeexin\n|player|p1|\n", "inputlog": ">version b107d77f5c90bd6555267ae244a6264823309ead\n>start {\"formatid\":\"gen9randombattle\",\"seed\":[11574,31178,4166,50382],\"rated\":\"Rated battle\"}\n>player p1 {\"name\":\"iceeexin\",\"avatar\":\"170\",\"rating\":1355,\"seed\":[61016,40481,52096,11635]}\n>player p2 {\"name\":\"Andras14\",\"avatar\":\"harlequin\",\"rating\":1314,\"seed\":[22069,9057,58207,37235]}\n>p1 move spikes\n>p2 switch 6\n>p1 move spikes\n>p2 move stealthrock\n>p1 move spikes\n>p2 move earthquake\n>p1 move precipiceblades\n>p2 move earthquake\n>p1 move precipiceblades\n>p2 move earthquake\n>p1 move heatcrash\n>p2 move slackoff\n>p1 move precipiceblades\n>p2 move earthquake\n>p1 switch 6\n>p1 move leafstorm\n>p2 switch 6\n>p1 move dragonpulse\n>p2 move bodyslam\n>p1 move leafstorm\n>p2 move bodyslam\n>p2 switch 3\n>p1 move synthesis\n>p2 move dazzlinggleam\n>p1 switch 3\n>p1 move leechseed\n>p2 move nuzzle\n>p1 move sludgebomb\n>p2 switch 4\n>p1 move strengthsap\n>p2 move flareblitz\n>p1 switch 5\n>p1 move calmmind terastallize\n>p2 move flareblitz\n>p1 move terablast\n>p2 move flareblitz\n>p2 switch 5\n>p1 switch 4\n>p2 move scald\n>p1 move rapidspin\n>p2 move calmmind\n>p1 move stealthrock\n>p2 move calmmind\n>p1 move ironhead\n>p2 move scald\n>p1 switch 2\n>p1 move curse\n>p2 move scald\n>p1 move curse\n>p2 move scald\n>p1 move doubleedge\n>p2 move scald\n>forcelose p1", "uploadtime": 1732968818, "views": 1, "formatid": "gen9randombattle", "rating": 1333, "private": 0, "password": null}