{"id": "gen9randombattle-2253978581", "format": "[Gen 9] Random Battle", "players": ["bobbio", "sk imran"], "log": "|j|\u2606bobbio\n|j|\u2606sk imran\n|t:|1732974789\n|gametype|singles\n|player|p1|bobbio|2|1059\n|player|p2|sk imran|2|1094\n|teamsize|p1|6\n|teamsize|p2|6\n|gen|9\n|tier|[Gen 9] Random Battle\n|rated|\n|rule|Species Clause: Limit one of each Pok\u00e9mon\n|rule|HP Percentage Mod: HP is shown in percentages\n|rule|Sleep Clause Mod: Limit one foe put to sleep\n|rule|Illusion Level Mod: Illusion disguises the Pok\u00e9mon's true level\n|\n|t:|1732974789\n|start\n|switch|p1a: Mamoswine|Mamoswine, L81, F|311/311\n|switch|p2a: Dialga|Dialga, L73|266/266\n|-ability|p2a: Dialga|Pressure\n|turn|1\n|\n|t:|1732974810\n|switch|p1a: Ditto|Ditto, L87|225/225\n|-transform|p1a: Ditto|p2a: Dialga|[from] ability: Imposter\n|-ability|p1a: Ditto|Pressure\n|move|p2a: Dialga|Draco Meteor|p1a: Ditto\n|-damage|p1a: Ditto|75/225\n|-unboost|p2a: Dialga|spa|2\n|\n|upkeep\n|turn|2\n|\n|t:|1732974828\n|move|p1a: Ditto|Draco Meteor|p2a: Dialga\n|-damage|p2a: Dialga|74/266\n|-unboost|p1a: Ditto|spa|2\n|move|p2a: Dialga|Thunder Wave|p1a: Ditto\n|-status|p1a: Ditto|par\n|\n|-heal|p2a: Dialga|90/266|[from] item: Leftovers\n|upkeep\n|turn|3\n|\n|t:|1732974839\n|move|p2a: Dialga|Draco Meteor|p1a: Ditto\n|-damage|p1a: Ditto|2/225 par\n|-unboost|p2a: Dialga|spa|2\n|move|p1a: Ditto|Draco Meteor|p2a: Dialga\n|-damage|p2a: Dialga|5/266\n|-unboost|p1a: Ditto|spa|2\n|\n|-heal|p2a: Dialga|21/266|[from] item: Leftovers\n|upkeep\n|turn|4\n|\n|t:|1732974850\n|move|p2a: Dialga|Draco Meteor|p1a: Ditto\n|-damage|p1a: Ditto|0 fnt\n|-unboost|p2a: Dialga|spa|2\n|faint|p1a: Ditto\n|\n|-heal|p2a: Dialga|37/266|[from] item: Leftovers\n|upkeep\n|\n|t:|1732974859\n|switch|p1a: Blaziken|Blaziken, L76, F|247/247\n|turn|5\n|\n|t:|1732974868\n|move|p2a: Dialga|Draco Meteor|p1a: Blaziken\n|-damage|p1a: Blaziken|199/247\n|move|p1a: Blaziken|Swords Dance|p1a: Blaziken\n|-boost|p1a: Blaziken|atk|2\n|\n|-heal|p2a: Dialga|53/266|[from] item: Leftovers\n|-ability|p1a: Blaziken|Speed Boost|boost\n|-boost|p1a: Blaziken|spe|1\n|upkeep\n|turn|6\n|\n|t:|1732974879\n|move|p1a: Blaziken|Knock Off|p2a: Dialga\n|-damage|p2a: Dialga|0 fnt\n|-enditem|p2a: Dialga|Leftovers|[from] move: Knock Off|[of] p1a: Blaziken\n|faint|p2a: Dialga\n|-damage|p1a: Blaziken|175/247|[from] item: Life Orb\n|\n|-ability|p1a: Blaziken|Speed Boost|boost\n|-boost|p1a: Blaziken|spe|1\n|upkeep\n|inactive|Battle timer is ON: inactive players will automatically lose when time's up. (requested by bobbio)\n|\n|t:|1732974891\n|switch|p2a: Infernape|Infernape, L82, M|259/259\n|turn|7\n|\n|t:|1732974896\n|-terastallize|p2a: Infernape|Fire\n|move|p1a: Blaziken|Close Combat|p2a: Infernape\n|-damage|p2a: Infernape|0 fnt\n|-unboost|p1a: Blaziken|def|1\n|-unboost|p1a: Blaziken|spd|1\n|faint|p2a: Infernape\n|-damage|p1a: Blaziken|151/247|[from] item: Life Orb\n|\n|-ability|p1a: Blaziken|Speed Boost|boost\n|-boost|p1a: Blaziken|spe|1\n|upkeep\n|\n|t:|1732974909\n|switch|p2a: Spectrier|Spectrier, L75|274/274\n|turn|8\n|\n|t:|1732974913\n|move|p1a: Blaziken|Knock Off|p2a: Spectrier\n|-supereffective|p2a: Spectrier\n|-damage|p2a: Spectrier|0 fnt\n|-enditem|p2a: Spectrier|Life Orb|[from] move: Knock Off|[of] p1a: Blaziken\n|faint|p2a: Spectrier\n|-damage|p1a: Blaziken|127/247|[from] item: Life Orb\n|\n|-ability|p1a: Blaziken|Speed Boost|boost\n|-boost|p1a: Blaziken|spe|1\n|upkeep\n|\n|t:|1732974922\n|switch|p2a: Iron Leaves|Iron Leaves, L80|275/275\n|turn|9\n|\n|t:|1732974930\n|move|p1a: Blaziken|Knock Off|p2a: Iron Leaves\n|-supereffective|p2a: Iron Leaves\n|-damage|p2a: Iron Leaves|0 fnt\n|-enditem|p2a: Iron Leaves|Life Orb|[from] move: Knock Off|[of] p1a: Blaziken\n|faint|p2a: Iron Leaves\n|-end|p2a: Iron Leaves|Quark Drive|[silent]\n|-damage|p1a: Blaziken|103/247|[from] item: Life Orb\n|\n|-ability|p1a: Blaziken|Speed Boost|boost\n|-boost|p1a: Blaziken|spe|1\n|upkeep\n|\n|t:|1732974940\n|switch|p2a: Volcarona|Volcarona, L77, F|257/257\n|turn|10\n|\n|t:|1732974946\n|move|p1a: Blaziken|Flare Blitz|p2a: Volcarona\n|-damage|p2a: Volcarona|0 fnt\n|faint|p2a: Volcarona\n|-damage|p1a: Blaziken|18/247|[from] Recoil\n|-damage|p1a: Blaziken|0 fnt|[from] item: Life Orb\n|faint|p1a: Blaziken\n|\n|upkeep\n|\n|t:|1732974961\n|switch|p2a: Tentacruel|Tentacruel, L84, M|272/272\n|switch|p1a: Dragapult|Dragapult, L77, M|262/262\n|turn|11\n|\n|t:|1732974969\n|move|p1a: Dragapult|Will-O-Wisp|p2a: Tentacruel\n|-status|p2a: Tentacruel|brn\n|move|p2a: Tentacruel|Sludge Bomb|p1a: Dragapult\n|-resisted|p1a: Dragapult\n|-damage|p1a: Dragapult|207/262\n|-status|p1a: Dragapult|psn\n|\n|-damage|p1a: Dragapult|175/262 psn|[from] psn\n|-damage|p2a: Tentacruel|255/272 brn|[from] brn\n|upkeep\n|turn|12\n|\n|t:|1732974981\n|move|p1a: Dragapult|Dragon Darts|p2a: Tentacruel\n|-damage|p2a: Tentacruel|186/272 brn\n|-anim|p1a: Dragapult|Dragon Darts|p2a: Tentacruel\n|-damage|p2a: Tentacruel|117/272 brn\n|move|p2a: Tentacruel|Surf|p1a: Dragapult\n|-resisted|p1a: Dragapult\n|-damage|p1a: Dragapult|127/262 psn\n|\n|-heal|p2a: Tentacruel|134/272 brn|[from] item: Leftovers\n|-damage|p1a: Dragapult|95/262 psn|[from] psn\n|-damage|p2a: Tentacruel|117/272 brn|[from] brn\n|upkeep\n|turn|13\n|\n|t:|1732974996\n|move|p1a: Dragapult|Hex|p2a: Tentacruel\n|-damage|p2a: Tentacruel|27/272 brn\n|move|p2a: Tentacruel|Haze|p2a: Tentacruel\n|-clearallboost\n|\n|-heal|p2a: Tentacruel|44/272 brn|[from] item: Leftovers\n|-damage|p1a: Dragapult|63/262 psn|[from] psn\n|-damage|p2a: Tentacruel|27/272 brn|[from] brn\n|upkeep\n|turn|14\n|\n|t:|1732975007\n|move|p1a: Dragapult|Dragon Darts|p2a: Tentacruel\n|-damage|p2a: Tentacruel|0 fnt\n|faint|p2a: Tentacruel\n|\n|win|bobbio\n|raw|bobbio's rating: 1059 &rarr; <strong>1088</strong><br />(+29 for winning)\n|raw|sk imran's rating: 1033 &rarr; <strong>1019</strong><br />(-14 for losing)\n|l|\u2606sk imran\n|player|p2|\n", "inputlog": ">version b107d77f5c90bd6555267ae244a6264823309ead\n>start {\"formatid\":\"gen9randombattle\",\"seed\":[8192,21057,12153,27082],\"rated\":\"Rated battle\"}\n>player p1 {\"name\":\"bobbio\",\"avatar\":\"2\",\"rating\":1059,\"seed\":[51710,9898,432,20676]}\n>player p2 {\"name\":\"sk imran\",\"avatar\":\"2\",\"rating\":1094,\"seed\":[62254,25550,1904,27970]}\n>p1 switch 4\n>p2 move dracometeor\n>p1 move dracometeor\n>p2 move thunderwave\n>p1 move dracometeor\n>p2 move dracometeor\n>p1 move dracometeor\n>p2 move dracometeor\n>p1 switch 3\n>p1 move swordsdance\n>p2 move dracometeor\n>p1 move knockoff\n>p2 move dracometeor\n>p2 switch 2\n>p1 move closecombat\n>p2 move overheat terastallize\n>p2 switch 3\n>p1 move knockoff\n>p2 move shadowball\n>p2 switch 4\n>p1 move knockoff\n>p2 move psyblade\n>p2 switch 5\n>p1 move flareblitz\n>p2 move fierydance\n>p1 switch 2\n>p2 switch 6\n>p1 move willowisp\n>p2 move sludgebomb\n>p1 move dragondarts\n>p2 move surf\n>p1 move hex\n>p2 move haze\n>p1 move dragondarts\n>p2 move sludgebomb", "uploadtime": 1732975017, "views": 1, "formatid": "gen9randombattle", "rating": 1019, "private": 0, "password": null}