{"id": "gen9randombattle-2254050596", "format": "[Gen 9] Random Battle", "players": ["chrisflash", "freyaknightvgc"], "log": "|j|\u2606chrisflash\n|j|\u2606freyaknightvgc\n|t:|1732985031\n|gametype|singles\n|player|p1|chrisflash|swimmer-gen4dp|\n|player|p2|freyaknightvgc|grusha|\n|teamsize|p1|6\n|teamsize|p2|6\n|gen|9\n|tier|[Gen 9] Random Battle\n|rated|Tournament battle\n|rule|Species Clause: Limit one of each Pok\u00e9mon\n|rule|HP Percentage Mod: HP is shown in percentages\n|rule|Sleep Clause Mod: Limit one foe put to sleep\n|rule|Illusion Level Mod: Illusion disguises the Pok\u00e9mon's true level\n|\n|t:|1732985031\n|start\n|switch|p1a: Shiftry|Shiftry, L89, M|305/305\n|switch|p2a: Coalossal|Coalossal, L89, M|341/341\n|turn|1\n|inactive|Battle timer is ON: inactive players will automatically lose when time's up. (requested by chrisflash)\n|c|\u2606freyaknightvgc|hf\n|c|\u2606chrisflash|u2\n|\n|t:|1732985049\n|switch|p1a: Clodsire|Clodsire, L81, M|343/343\n|move|p2a: Coalossal|Overheat|p1a: Clodsire\n|-damage|p1a: Clodsire|228/343\n|-unboost|p2a: Coalossal|spa|2\n|\n|-heal|p1a: Clodsire|249/343|[from] item: Leftovers\n|upkeep\n|turn|2\n|\n|t:|1732985061\n|move|p2a: Coalossal|Will-O-Wisp|p1a: Clodsire\n|-status|p1a: Clodsire|brn\n|move|p1a: Clodsire|Stealth Rock|p2a: Coalossal\n|-sidestart|p2: freyaknightvgc|move: Stealth Rock\n|\n|-heal|p1a: Clodsire|270/343 brn|[from] item: Leftovers\n|-damage|p1a: Clodsire|249/343 brn|[from] brn\n|upkeep\n|turn|3\n|\n|t:|1732985072\n|switch|p2a: Noivern|Noivern, L82, F|274/274\n|move|p1a: Clodsire|Earthquake|p2a: Noivern\n|-immune|p2a: Noivern\n|\n|-heal|p1a: Clodsire|270/343 brn|[from] item: Leftovers\n|-damage|p1a: Clodsire|249/343 brn|[from] brn\n|upkeep\n|turn|4\n|\n|t:|1732985078\n|move|p2a: Noivern|Boomburst|p1a: Clodsire\n|-damage|p1a: Clodsire|160/343 brn\n|move|p1a: Clodsire|Toxic Spikes|p2a: Noivern\n|-sidestart|p2: freyaknightvgc|move: Toxic Spikes\n|\n|-heal|p1a: Clodsire|181/343 brn|[from] item: Leftovers\n|-damage|p1a: Clodsire|160/343 brn|[from] brn\n|upkeep\n|turn|5\n|\n|t:|1732985083\n|move|p2a: Noivern|Hurricane|p1a: Clodsire\n|-damage|p1a: Clodsire|57/343 brn\n|move|p1a: Clodsire|Toxic Spikes|p2a: Noivern\n|-sidestart|p2: freyaknightvgc|move: Toxic Spikes\n|\n|-heal|p1a: Clodsire|78/343 brn|[from] item: Leftovers\n|-damage|p1a: Clodsire|57/343 brn|[from] brn\n|upkeep\n|turn|6\n|\n|t:|1732985096\n|switch|p1a: Mamoswine|Mamoswine, L81, F|311/311\n|move|p2a: Noivern|Boomburst|p1a: Mamoswine\n|-damage|p1a: Mamoswine|190/311\n|\n|upkeep\n|turn|7\n|\n|t:|1732985117\n|switch|p2a: Coalossal|Coalossal, L89, M|341/341\n|move|p1a: Mamoswine|Ice Shard|p2a: Coalossal\n|-resisted|p2a: Coalossal\n|-damage|p2a: Coalossal|314/341\n|\n|upkeep\n|turn|8\n|\n|t:|1732985127\n|switch|p1a: Clodsire|Clodsire, L81, M|57/343 brn\n|move|p2a: Coalossal|Rapid Spin|p1a: Clodsire\n|-damage|p1a: Clodsire|12/343 brn\n|-boost|p2a: Coalossal|spe|1\n|-sideend|p2: freyaknightvgc|Toxic Spikes|[from] move: Rapid Spin|[of] p2a: Coalossal\n|-sideend|p2: freyaknightvgc|Stealth Rock|[from] move: Rapid Spin|[of] p2a: Coalossal\n|\n|-heal|p1a: Clodsire|33/343 brn|[from] item: Leftovers\n|-damage|p1a: Clodsire|12/343 brn|[from] brn\n|upkeep\n|turn|9\n|\n|t:|1732985131\n|move|p2a: Coalossal|Rapid Spin|p1a: Clodsire\n|-damage|p1a: Clodsire|0 fnt\n|-boost|p2a: Coalossal|spe|1\n|faint|p1a: Clodsire\n|\n|upkeep\n|\n|t:|1732985135\n|switch|p1a: Heracross|Heracross, L80, M|259/259\n|turn|10\n|\n|t:|1732985138\n|move|p2a: Coalossal|Overheat|p1a: Heracross\n|-supereffective|p1a: Heracross\n|-damage|p1a: Heracross|1/259\n|-unboost|p2a: Coalossal|spa|2\n|move|p1a: Heracross|Earthquake|p2a: Coalossal\n|-supereffective|p2a: Coalossal\n|-damage|p2a: Coalossal|0 fnt\n|faint|p2a: Coalossal\n|-ability|p1a: Heracross|Moxie|boost\n|-boost|p1a: Heracross|atk|1\n|\n|upkeep\n|\n|t:|1732985147\n|switch|p2a: Noivern|Noivern, L82, F|274/274\n|turn|11\n|\n|t:|1732985160\n|switch|p1a: Mamoswine|Mamoswine, L81, F|190/311\n|move|p2a: Noivern|Boomburst|p1a: Mamoswine\n|-crit|p1a: Mamoswine\n|-damage|p1a: Mamoswine|4/311\n|\n|upkeep\n|turn|12\n|\n|t:|1732985163\n|switch|p2a: Lumineon|Lumineon, L93, M|279/279\n|move|p1a: Mamoswine|Knock Off|p2a: Lumineon\n|-damage|p2a: Lumineon|151/279\n|-enditem|p2a: Lumineon|Life Orb|[from] move: Knock Off|[of] p1a: Mamoswine\n|\n|upkeep\n|turn|13\n|\n|t:|1732985168\n|switch|p1a: Shiftry|Shiftry, L89, M|305/305\n|move|p2a: Lumineon|Alluring Voice|p1a: Shiftry\n|-supereffective|p1a: Shiftry\n|-damage|p1a: Shiftry|167/305\n|\n|upkeep\n|turn|14\n|\n|t:|1732985177\n|move|p2a: Lumineon|Alluring Voice|p1a: Shiftry\n|-supereffective|p1a: Shiftry\n|-damage|p1a: Shiftry|37/305\n|move|p1a: Shiftry|Will-O-Wisp|p2a: Lumineon\n|-status|p2a: Lumineon|brn\n|\n|-damage|p2a: Lumineon|134/279 brn|[from] brn\n|upkeep\n|turn|15\n|\n|t:|1732985192\n|move|p2a: Lumineon|Ice Beam|p1a: Shiftry\n|-supereffective|p1a: Shiftry\n|-damage|p1a: Shiftry|0 fnt\n|faint|p1a: Shiftry\n|\n|-damage|p2a: Lumineon|117/279 brn|[from] brn\n|upkeep\n|\n|t:|1732985196\n|switch|p1a: Baxcalibur|Baxcalibur, L75, F|296/296\n|turn|16\n|\n|t:|1732985199\n|move|p2a: Lumineon|Alluring Voice|p1a: Baxcalibur\n|-supereffective|p1a: Baxcalibur\n|-damage|p1a: Baxcalibur|180/296\n|move|p1a: Baxcalibur|Dragon Dance|p1a: Baxcalibur\n|-boost|p1a: Baxcalibur|atk|1\n|-boost|p1a: Baxcalibur|spe|1\n|\n|-damage|p2a: Lumineon|100/279 brn|[from] brn\n|upkeep\n|turn|17\n|\n|t:|1732985208\n|move|p1a: Baxcalibur|Earthquake|p2a: Lumineon\n|-damage|p2a: Lumineon|0 fnt\n|faint|p2a: Lumineon\n|\n|upkeep\n|\n|t:|1732985214\n|switch|p2a: Hariyama|Hariyama, L87, F|392/392\n|turn|18\n|\n|t:|1732985228\n|move|p1a: Baxcalibur|Glaive Rush|p2a: Hariyama\n|-damage|p2a: Hariyama|116/392\n|-singlemove|p1a: Baxcalibur|Glaive Rush|[silent]\n|move|p2a: Hariyama|Close Combat|p1a: Baxcalibur\n|-supereffective|p1a: Baxcalibur\n|-damage|p1a: Baxcalibur|0 fnt\n|-unboost|p2a: Hariyama|def|1\n|-unboost|p2a: Hariyama|spd|1\n|faint|p1a: Baxcalibur\n|\n|upkeep\n|\n|t:|1732985231\n|switch|p1a: Polteageist|Polteageist-Antique, L79|224/224\n|turn|19\n|\n|t:|1732985240\n|move|p1a: Polteageist|Shell Smash|p1a: Polteageist\n|-unboost|p1a: Polteageist|def|1\n|-unboost|p1a: Polteageist|spd|1\n|-boost|p1a: Polteageist|atk|2\n|-boost|p1a: Polteageist|spa|2\n|-boost|p1a: Polteageist|spe|2\n|-enditem|p1a: Polteageist|White Herb\n|-clearnegativeboost|p1a: Polteageist|[silent]\n|move|p2a: Hariyama|Knock Off|p1a: Polteageist\n|-supereffective|p1a: Polteageist\n|-damage|p1a: Polteageist|72/224\n|\n|upkeep\n|turn|20\n|\n|t:|1732985246\n|move|p1a: Polteageist|Giga Drain|p2a: Hariyama\n|-damage|p2a: Hariyama|0 fnt\n|-heal|p1a: Polteageist|130/224|[from] drain|[of] p2a: Hariyama\n|faint|p2a: Hariyama\n|\n|upkeep\n|\n|t:|1732985258\n|switch|p2a: Politoed|Politoed, L88, M|302/302\n|-weather|RainDance|[from] ability: Drizzle|[of] p2a: Politoed\n|turn|21\n|\n|t:|1732985262\n|-terastallize|p2a: Politoed|Steel\n|move|p1a: Polteageist|Stored Power|p2a: Politoed\n|-resisted|p2a: Politoed\n|-damage|p2a: Politoed|207/302\n|move|p2a: Politoed|Hydro Pump|p1a: Polteageist\n|-damage|p1a: Polteageist|0 fnt\n|faint|p1a: Polteageist\n|\n|-weather|RainDance|[upkeep]\n|upkeep\n|\n|t:|1732985266\n|switch|p1a: Heracross|Heracross, L80, M|1/259\n|turn|22\n|\n|t:|1732985276\n|switch|p2a: Arceus|Arceus-Flying, L69|279/279\n|move|p1a: Heracross|Stone Edge|p2a: Arceus\n|-supereffective|p2a: Arceus\n|-damage|p2a: Arceus|47/279\n|\n|-weather|RainDance|[upkeep]\n|upkeep\n|turn|23\n|\n|t:|1732985282\n|move|p2a: Arceus|Judgment|p1a: Heracross\n|-supereffective|p1a: Heracross\n|-damage|p1a: Heracross|0 fnt\n|faint|p1a: Heracross\n|\n|-weather|RainDance|[upkeep]\n|upkeep\n|\n|t:|1732985283\n|switch|p1a: Mamoswine|Mamoswine, L81, F|4/311\n|turn|24\n|\n|t:|1732985290\n|move|p1a: Mamoswine|Ice Shard|p2a: Arceus\n|-supereffective|p2a: Arceus\n|-damage|p2a: Arceus|0 fnt\n|faint|p2a: Arceus\n|\n|-weather|RainDance|[upkeep]\n|upkeep\n|\n|t:|1732985292\n|switch|p2a: Politoed|Politoed, L88, M, tera:Steel|207/302\n|turn|25\n|\n|t:|1732985294\n|move|p1a: Mamoswine|Ice Shard|p2a: Politoed\n|-resisted|p2a: Politoed\n|-crit|p2a: Politoed\n|-damage|p2a: Politoed|150/302\n|move|p2a: Politoed|Ice Beam|p1a: Mamoswine\n|-damage|p1a: Mamoswine|0 fnt\n|faint|p1a: Mamoswine\n|\n|win|freyaknightvgc\n|n|\u2606chrisflash|chrisflash\n|n|\u2606freyaknightvgc|freyaknightvgc\n|l|\u2606chrisflash\n|player|p1|\n|c|\u2606freyaknightvgc|gg\n", "inputlog": ">version b107d77f5c90bd6555267ae244a6264823309ead\n>start {\"formatid\":\"gen9randombattle\",\"seed\":[55093,23153,31092,51695],\"rated\":\"Tournament battle\"}\n>player p1 {\"name\":\"chrisflash\",\"avatar\":\"swimmer-gen4dp\",\"rating\":0,\"seed\":[13016,45667,62526,56905]}\n>player p2 {\"name\":\"freyaknightvgc\",\"avatar\":\"grusha\",\"rating\":0,\"seed\":[6065,41395,15635,50219]}\n>chat \u2606freyaknightvgc|hf\n>chat \u2606chrisflash|u2\n>p1 switch 5\n>p2 move overheat\n>p1 move stealthrock\n>p2 move willowisp\n>p1 move earthquake\n>p2 switch 4\n>p1 move toxicspikes\n>p2 move boomburst\n>p1 move toxicspikes\n>p2 move hurricane\n>p1 switch 3\n>p2 move boomburst\n>p1 move iceshard\n>p2 switch 4\n>p1 switch 3\n>p2 move rapidspin\n>p1 move earthquake\n>p2 move rapidspin\n>p1 switch 2\n>p1 move earthquake\n>p2 move overheat\n>p2 switch 4\n>p1 switch 3\n>p2 move boomburst\n>p1 move knockoff\n>p2 switch 3\n>p1 switch 5\n>p2 move alluringvoice\n>p1 move willowisp\n>p2 move alluringvoice\n>p1 move leafstorm\n>p2 move icebeam\n>p1 switch 4\n>p1 move dragondance\n>p2 move alluringvoice\n>p1 move earthquake\n>p2 move encore\n>p2 switch 6\n>p1 move glaiverush\n>p2 move closecombat\n>p1 switch 6\n>p1 move shellsmash\n>p2 move knockoff\n>p1 move gigadrain\n>p2 move knockoff\n>p2 switch 5\n>p1 move storedpower\n>p2 move hydropump terastallize\n>p1 switch 3\n>p1 move stoneedge\n>p2 switch 2\n>p1 move stoneedge\n>p2 move judgment\n>p1 switch 5\n>p1 move iceshard\n>p2 move judgment\n>p2 switch 2\n>p1 move iceshard\n>p2 move icebeam", "uploadtime": 1732985298, "views": 11, "formatid": "gen9randombattle", "rating": null, "private": 0, "password": null}