{"id": "gen9randombattle-2253988094", "format": "[Gen 9] Random Battle", "players": ["ghost god397582", "MRPENDEJ0"], "log": "|j|\u2606ghost god397582\n|j|\u2606MRPENDEJ0\n|t:|1732976286\n|gametype|singles\n|player|p1|ghost god397582|lucas|1017\n|player|p2|MRPENDEJ0|crasherwake|1059\n|teamsize|p1|6\n|teamsize|p2|6\n|gen|9\n|tier|[Gen 9] Random Battle\n|rated|\n|rule|Species Clause: Limit one of each Pok\u00e9mon\n|rule|HP Percentage Mod: HP is shown in percentages\n|rule|Sleep Clause Mod: Limit one foe put to sleep\n|rule|Illusion Level Mod: Illusion disguises the Pok\u00e9mon's true level\n|\n|t:|1732976286\n|start\n|switch|p1a: Koraidon|Koraidon, L64|235/235\n|switch|p2a: Houndstone|Houndstone, L86, M|264/264\n|-weather|SunnyDay|[from] ability: Orichalcum Pulse|[of] p1a: Koraidon\n|-activate|p1a: Koraidon|Orichalcum Pulse|[source]\n|turn|1\n|\n|t:|1732976317\n|switch|p1a: Sandslash|Sandslash, L88, F|275/275\n|move|p2a: Houndstone|Poltergeist|p1a: Sandslash\n|-activate|p1a: Sandslash|move: Poltergeist|Leftovers\n|-damage|p1a: Sandslash|173/275\n|\n|-weather|SunnyDay|[upkeep]\n|-heal|p1a: Sandslash|190/275|[from] item: Leftovers\n|upkeep\n|turn|2\n|\n|t:|1732976333\n|move|p2a: Houndstone|Body Press|p1a: Sandslash\n|-damage|p1a: Sandslash|145/275\n|move|p1a: Sandslash|Knock Off|p2a: Houndstone\n|-supereffective|p2a: Houndstone\n|-damage|p2a: Houndstone|194/264\n|-enditem|p2a: Houndstone|Leftovers|[from] move: Knock Off|[of] p1a: Sandslash\n|\n|-weather|SunnyDay|[upkeep]\n|-heal|p1a: Sandslash|162/275|[from] item: Leftovers\n|upkeep\n|turn|3\n|\n|t:|1732976344\n|move|p2a: Houndstone|Poltergeist|p1a: Sandslash|[miss]\n|-miss|p2a: Houndstone|p1a: Sandslash\n|move|p1a: Sandslash|Spikes|p2a: Houndstone\n|-sidestart|p2: MRPENDEJ0|Spikes\n|\n|-weather|SunnyDay|[upkeep]\n|-heal|p1a: Sandslash|179/275|[from] item: Leftovers\n|upkeep\n|turn|4\n|\n|t:|1732976355\n|move|p2a: Houndstone|Poltergeist|p1a: Sandslash\n|-activate|p1a: Sandslash|move: Poltergeist|Leftovers\n|-damage|p1a: Sandslash|86/275\n|move|p1a: Sandslash|Earthquake|p2a: Houndstone\n|-damage|p2a: Houndstone|83/264\n|\n|-weather|SunnyDay|[upkeep]\n|-heal|p1a: Sandslash|103/275|[from] item: Leftovers\n|upkeep\n|turn|5\n|\n|t:|1732976366\n|move|p2a: Houndstone|Rest|p2a: Houndstone\n|-status|p2a: Houndstone|slp|[from] move: Rest\n|-heal|p2a: Houndstone|264/264 slp|[silent]\n|move|p1a: Sandslash|Earthquake|p2a: Houndstone\n|-damage|p2a: Houndstone|159/264 slp\n|\n|-weather|none\n|-heal|p1a: Sandslash|120/275|[from] item: Leftovers\n|upkeep\n|turn|6\n|\n|t:|1732976375\n|cant|p2a: Houndstone|slp\n|move|p2a: Houndstone|Sleep Talk|p2a: Houndstone\n|move|p2a: Houndstone|Poltergeist|p1a: Sandslash|[from]move: Sleep Talk\n|-activate|p1a: Sandslash|move: Poltergeist|Leftovers\n|-damage|p1a: Sandslash|20/275\n|move|p1a: Sandslash|Earthquake|p2a: Houndstone\n|-damage|p2a: Houndstone|54/264 slp\n|\n|-heal|p1a: Sandslash|37/275|[from] item: Leftovers\n|upkeep\n|turn|7\n|\n|t:|1732976389\n|cant|p2a: Houndstone|slp\n|move|p2a: Houndstone|Sleep Talk|p2a: Houndstone\n|move|p2a: Houndstone|Rest||[from]move: Sleep Talk|[still]\n|-fail|p2a: Houndstone\n|move|p1a: Sandslash|Earthquake|p2a: Houndstone\n|-damage|p2a: Houndstone|0 fnt\n|faint|p2a: Houndstone\n|\n|-heal|p1a: Sandslash|54/275|[from] item: Leftovers\n|upkeep\n|\n|t:|1732976399\n|switch|p2a: Serperior|Serperior, L79, F|248/248\n|-damage|p2a: Serperior|217/248|[from] Spikes\n|turn|8\n|\n|t:|1732976410\n|switch|p1a: Cinccino|Cinccino, L83, M|260/260\n|move|p2a: Serperior|Leaf Storm|p1a: Cinccino\n|-damage|p1a: Cinccino|136/260\n|-boost|p2a: Serperior|spa|2\n|\n|-heal|p2a: Serperior|232/248|[from] item: Leftovers\n|upkeep\n|turn|9\n|\n|t:|1732976422\n|move|p1a: Cinccino|Triple Axel|p2a: Serperior\n|-supereffective|p2a: Serperior\n|-damage|p2a: Serperior|190/248\n|-supereffective|p2a: Serperior\n|-damage|p2a: Serperior|104/248\n|-supereffective|p2a: Serperior\n|-damage|p2a: Serperior|0 fnt\n|faint|p2a: Serperior\n|-hitcount|p2: Serperior|3\n|\n|upkeep\n|\n|t:|1732976429\n|switch|p2a: Perrserker|Perrserker, L89, M|269/269\n|-damage|p2a: Perrserker|236/269|[from] Spikes\n|turn|10\n|\n|t:|1732976444\n|move|p1a: Cinccino|U-turn|p2a: Perrserker\n|-resisted|p2a: Perrserker\n|-damage|p2a: Perrserker|217/269\n|\n|t:|1732976451\n|switch|p1a: Koraidon|Koraidon, L64|235/235|[from] U-turn\n|-weather|SunnyDay|[from] ability: Orichalcum Pulse|[of] p1a: Koraidon\n|-activate|p1a: Koraidon|Orichalcum Pulse|[source]\n|move|p2a: Perrserker|Stealth Rock|p1a: Koraidon\n|-sidestart|p1: ghost god397582|move: Stealth Rock\n|\n|-weather|SunnyDay|[upkeep]\n|upkeep\n|turn|11\n|\n|t:|1732976462\n|move|p1a: Koraidon|Collision Course|p2a: Perrserker\n|-supereffective|p2a: Perrserker\n|-damage|p2a: Perrserker|0 fnt\n|faint|p2a: Perrserker\n|\n|-weather|SunnyDay|[upkeep]\n|upkeep\n|\n|t:|1732976469\n|switch|p2a: Staraptor|Staraptor, L79, F|263/263\n|turn|12\n|\n|t:|1732976479\n|move|p1a: Koraidon|Swords Dance|p1a: Koraidon\n|-boost|p1a: Koraidon|atk|2\n|move|p2a: Staraptor|Brave Bird|p1a: Koraidon\n|-supereffective|p1a: Koraidon\n|-damage|p1a: Koraidon|0 fnt\n|faint|p1a: Koraidon\n|-damage|p2a: Staraptor|185/263|[from] Recoil\n|\n|-weather|SunnyDay|[upkeep]\n|upkeep\n|\n|t:|1732976501\n|switch|p1a: Cinccino|Cinccino, L83, M|136/260\n|-damage|p1a: Cinccino|104/260|[from] Stealth Rock\n|turn|13\n|\n|t:|1732976507\n|move|p1a: Cinccino|Triple Axel|p2a: Staraptor\n|-supereffective|p2a: Staraptor\n|-damage|p2a: Staraptor|133/263\n|-supereffective|p2a: Staraptor\n|-damage|p2a: Staraptor|31/263\n|-supereffective|p2a: Staraptor\n|-damage|p2a: Staraptor|0 fnt\n|faint|p2a: Staraptor\n|-hitcount|p2: Staraptor|3\n|\n|-weather|SunnyDay|[upkeep]\n|upkeep\n|\n|t:|1732976513\n|switch|p2a: Kilowattrel|Kilowattrel, L83, M|252/252\n|turn|14\n|\n|t:|1732976520\n|move|p2a: Kilowattrel|Thunderbolt|p1a: Cinccino\n|-damage|p1a: Cinccino|0 fnt\n|faint|p1a: Cinccino\n|\n|-weather|none\n|upkeep\n|\n|t:|1732976530\n|switch|p1a: Frosmoth|Frosmoth, L82, F|249/249\n|turn|15\n|\n|t:|1732976537\n|move|p2a: Kilowattrel|Hurricane|p1a: Frosmoth\n|-supereffective|p1a: Frosmoth\n|-damage|p1a: Frosmoth|134/249\n|move|p1a: Frosmoth|Quiver Dance|p1a: Frosmoth\n|-boost|p1a: Frosmoth|spa|1\n|-boost|p1a: Frosmoth|spd|1\n|-boost|p1a: Frosmoth|spe|1\n|\n|upkeep\n|turn|16\n|\n|t:|1732976547\n|move|p2a: Kilowattrel|Thunderbolt|p1a: Frosmoth\n|-damage|p1a: Frosmoth|103/249\n|move|p1a: Frosmoth|Ice Beam|p2a: Kilowattrel\n|-supereffective|p2a: Kilowattrel\n|-damage|p2a: Kilowattrel|0 fnt\n|faint|p2a: Kilowattrel\n|\n|upkeep\n|\n|t:|1732976553\n|switch|p2a: Torkoal|Torkoal, L88, M|266/266\n|-weather|SunnyDay|[from] ability: Drought|[of] p2a: Torkoal\n|turn|17\n|\n|t:|1732976568\n|-terastallize|p1a: Frosmoth|Water\n|move|p1a: Frosmoth|Ice Beam|p2a: Torkoal\n|-resisted|p2a: Torkoal\n|-damage|p2a: Torkoal|173/266\n|move|p2a: Torkoal|Lava Plume|p1a: Frosmoth\n|-resisted|p1a: Frosmoth\n|-damage|p1a: Frosmoth|80/249\n|\n|-weather|SunnyDay|[upkeep]\n|upkeep\n|turn|18\n|\n|t:|1732976581\n|move|p1a: Frosmoth|Bug Buzz|p2a: Torkoal\n|-resisted|p2a: Torkoal\n|-damage|p2a: Torkoal|74/266\n|-unboost|p2a: Torkoal|spd|1\n|move|p2a: Torkoal|Solar Beam||[still]\n|-prepare|p2a: Torkoal|Solar Beam\n|-anim|p2a: Torkoal|Solar Beam|p1a: Frosmoth\n|-supereffective|p1a: Frosmoth\n|-damage|p1a: Frosmoth|20/249\n|\n|-weather|SunnyDay|[upkeep]\n|upkeep\n|turn|19\n|\n|t:|1732976593\n|move|p1a: Frosmoth|Bug Buzz|p2a: Torkoal\n|-resisted|p2a: Torkoal\n|-damage|p2a: Torkoal|0 fnt\n|faint|p2a: Torkoal\n|\n|win|ghost god397582\n|raw|ghost god397582's rating: 1017 &rarr; <strong>1059</strong><br />(+42 for winning)\n|raw|MRPENDEJ0's rating: 1059 &rarr; <strong>1038</strong><br />(-21 for losing)\n", "inputlog": ">version b107d77f5c90bd6555267ae244a6264823309ead\n>start {\"formatid\":\"gen9randombattle\",\"seed\":[30156,46682,51352,25389],\"rated\":\"Rated battle\"}\n>player p1 {\"name\":\"ghost god397582\",\"avatar\":\"lucas\",\"rating\":1017,\"seed\":[60059,62841,30515,64851]}\n>player p2 {\"name\":\"MRPENDEJ0\",\"avatar\":\"crasherwake\",\"rating\":1059,\"seed\":[33667,58799,35759,39244]}\n>p1 switch 2\n>p2 move poltergeist\n>p1 move knockoff\n>p2 move bodypress\n>p1 move spikes\n>p2 move poltergeist\n>p1 move earthquake\n>p2 move poltergeist\n>p1 move earthquake\n>p2 move rest\n>p1 move earthquake\n>p2 move sleeptalk\n>p1 move earthquake\n>p2 move sleeptalk\n>p2 switch 5\n>p1 switch 5\n>p2 move leafstorm\n>p1 move tripleaxel\n>p2 move leafstorm\n>p2 switch 4\n>p1 move uturn\n>p2 move stealthrock\n>p1 switch 2\n>p1 move collisioncourse\n>p2 move closecombat\n>p2 switch 3\n>p1 move swordsdance\n>p2 move bravebird\n>p1 switch 2\n>p1 move tripleaxel\n>p2 move bravebird\n>p2 switch 2\n>p1 move tripleaxel\n>p2 move thunderbolt\n>p1 switch 4\n>p1 move quiverdance\n>p2 move hurricane\n>p1 move icebeam\n>p2 move thunderbolt\n>p2 switch 6\n>p1 move icebeam terastallize\n>p2 move lavaplume\n>p1 move bugbuzz\n>p2 move solarbeam\n>p1 move bugbuzz\n>p2 move solarbeam", "uploadtime": 1732976596, "views": 4, "formatid": "gen9randombattle", "rating": 1038, "private": 0, "password": null}