{"id": "gen9randombattle-2253853168", "format": "[Gen 9] Random Battle", "players": ["Destro04", "Reptilor05"], "log": "|j|\u2606Destro04\n|j|\u2606Reptilor05\n|t:|1732949270\n|gametype|singles\n|player|p1|Destro04|bellelba|\n|player|p2|Reptilor05|266|\n|teamsize|p1|6\n|teamsize|p2|6\n|gen|9\n|tier|[Gen 9] Random Battle\n|rule|Species Clause: Limit one of each Pok\u00e9mon\n|rule|HP Percentage Mod: HP is shown in percentages\n|rule|Sleep Clause Mod: Limit one foe put to sleep\n|rule|Illusion Level Mod: Illusion disguises the Pok\u00e9mon's true level\n|\n|t:|1732949270\n|start\n|switch|p1a: Garganacl|Garganacl, L80, M|291/291\n|switch|p2a: Tsareena|Tsareena, L87, F|267/267\n|turn|1\n|\n|t:|1732949279\n|move|p2a: Tsareena|Power Whip|p1a: Garganacl\n|-supereffective|p1a: Garganacl\n|-damage|p1a: Garganacl|0 fnt\n|faint|p1a: Garganacl\n|\n|upkeep\n|\n|t:|1732949286\n|switch|p1a: Gengar|Gengar, L81, M|230/230\n|turn|2\n|\n|t:|1732949292\n|switch|p2a: Illumise|Illumise, L91, F|266/266\n|move|p1a: Gengar|Trick|p2a: Illumise\n|-activate|p1a: Gengar|move: Trick|[of] p2a: Illumise\n|-item|p2a: Illumise|Choice Specs|[from] move: Trick\n|-item|p1a: Gengar|Heavy-Duty Boots|[from] move: Trick\n|\n|upkeep\n|turn|3\n|\n|t:|1732949310\n|move|p2a: Illumise|Thunder Wave|p1a: Gengar\n|-status|p1a: Gengar|par\n|move|p1a: Gengar|Sludge Wave|p2a: Illumise\n|-damage|p2a: Illumise|152/266\n|-status|p2a: Illumise|psn\n|\n|-damage|p2a: Illumise|119/266 psn|[from] psn\n|upkeep\n|turn|4\n|\n|t:|1732949328\n|switch|p2a: Charizard|Charizard, L85, F|271/271\n|move|p1a: Gengar|Sludge Wave|p2a: Charizard\n|-damage|p2a: Charizard|151/271\n|\n|upkeep\n|turn|5\n|\n|t:|1732949336\n|move|p2a: Charizard|Swords Dance|p2a: Charizard\n|-boost|p2a: Charizard|atk|2\n|cant|p1a: Gengar|par\n|\n|upkeep\n|turn|6\n|\n|t:|1732949357\n|move|p2a: Charizard|Earthquake|p1a: Gengar\n|-supereffective|p1a: Gengar\n|-damage|p1a: Gengar|0 fnt\n|faint|p1a: Gengar\n|\n|upkeep\n|\n|t:|1732949367\n|switch|p1a: Palafin|Palafin, L77, M|281/281\n|turn|7\n|\n|t:|1732949374\n|move|p1a: Palafin|Jet Punch|p2a: Charizard\n|-supereffective|p2a: Charizard\n|-damage|p2a: Charizard|7/271\n|move|p2a: Charizard|Outrage|p1a: Palafin\n|-damage|p1a: Palafin|98/281\n|\n|upkeep\n|turn|8\n|\n|t:|1732949380\n|move|p1a: Palafin|Jet Punch|p2a: Charizard\n|-supereffective|p2a: Charizard\n|-damage|p2a: Charizard|0 fnt\n|faint|p2a: Charizard\n|\n|upkeep\n|\n|t:|1732949390\n|switch|p2a: Azumarill|Azumarill, L82, F|298/298\n|turn|9\n|\n|t:|1732949393\n|detailschange|p1a: Palafin|Palafin-Hero, L77, M\n|switch|p1a: Meganium|Meganium, L90, F|290/290\n|move|p2a: Azumarill|Belly Drum|p2a: Azumarill\n|-damage|p2a: Azumarill|149/298\n|-setboost|p2a: Azumarill|atk|6|[from] move: Belly Drum\n|-enditem|p2a: Azumarill|Sitrus Berry|[eat]\n|-heal|p2a: Azumarill|223/298|[from] item: Sitrus Berry\n|\n|upkeep\n|turn|10\n|\n|t:|1732949404\n|move|p1a: Meganium|Encore|p2a: Azumarill\n|-start|p2a: Azumarill|Encore\n|move|p2a: Azumarill|Belly Drum||[still]\n|-fail|p2a: Azumarill\n|\n|upkeep\n|turn|11\n|\n|t:|1732949413\n|switch|p2a: Illumise|Illumise, L91, F|119/266 psn\n|move|p1a: Meganium|Energy Ball|p2a: Illumise\n|-resisted|p2a: Illumise\n|-damage|p2a: Illumise|72/266 psn\n|\n|-damage|p2a: Illumise|39/266 psn|[from] psn\n|upkeep\n|turn|12\n|\n|t:|1732949419\n|move|p2a: Illumise|Bug Buzz|p1a: Meganium\n|-supereffective|p1a: Meganium\n|-damage|p1a: Meganium|66/290\n|-unboost|p1a: Meganium|spd|1\n|move|p1a: Meganium|Knock Off|p2a: Illumise\n|-damage|p2a: Illumise|0 fnt\n|-enditem|p2a: Illumise|Choice Specs|[from] move: Knock Off|[of] p1a: Meganium\n|faint|p2a: Illumise\n|\n|-heal|p1a: Meganium|84/290|[from] item: Leftovers\n|upkeep\n|\n|t:|1732949433\n|switch|p2a: Hitmonlee|Hitmonlee, L85, M|223/223\n|turn|13\n|\n|t:|1732949439\n|move|p2a: Hitmonlee|Knock Off|p1a: Meganium\n|-damage|p1a: Meganium|0 fnt\n|-enditem|p1a: Meganium|Leftovers|[from] move: Knock Off|[of] p2a: Hitmonlee\n|faint|p1a: Meganium\n|\n|upkeep\n|\n|t:|1732949443\n|switch|p1a: Palafin|Palafin-Hero, L77, M|98/281\n|-activate|p1a: Palafin|ability: Zero to Hero\n|turn|14\n|\n|t:|1732949446\n|move|p1a: Palafin|Wave Crash|p2a: Hitmonlee\n|-crit|p2a: Hitmonlee\n|-damage|p2a: Hitmonlee|0 fnt\n|faint|p2a: Hitmonlee\n|-damage|p1a: Palafin|24/281|[from] Recoil\n|\n|upkeep\n|\n|t:|1732949450\n|switch|p2a: Tsareena|Tsareena, L87, F|267/267\n|turn|15\n|\n|t:|1732949454\n|move|p1a: Palafin|Wave Crash|p2a: Tsareena\n|-resisted|p2a: Tsareena\n|-damage|p2a: Tsareena|164/267\n|-damage|p1a: Palafin|0 fnt|[from] Recoil\n|faint|p1a: Palafin\n|move|p2a: Tsareena|Power Whip|p1: Palafin|[notarget]\n|-fail|p2a: Tsareena\n|\n|upkeep\n|\n|t:|1732949458\n|switch|p1a: Toedscruel|Toedscruel, L87, F|281/281\n|turn|16\n|\n|t:|1732949461\n|move|p2a: Tsareena|Power Whip|p1a: Toedscruel\n|-damage|p1a: Toedscruel|0 fnt\n|faint|p1a: Toedscruel\n|\n|upkeep\n|\n|t:|1732949466\n|switch|p1a: Regieleki|Regieleki, L79|256/256\n|turn|17\n|\n|t:|1732949475\n|switch|p2a: Azumarill|Azumarill, L82, F|223/298\n|move|p1a: Regieleki|Thunderbolt|p2a: Azumarill\n|-supereffective|p2a: Azumarill\n|-crit|p2a: Azumarill\n|-damage|p2a: Azumarill|0 fnt\n|faint|p2a: Azumarill\n|\n|upkeep\n|\n|t:|1732949478\n|switch|p2a: Dewgong|Dewgong, L94, M|322/322\n|turn|18\n|\n|t:|1732949484\n|switch|p2a: Tsareena|Tsareena, L87, F|164/267\n|-terastallize|p1a: Regieleki|Electric\n|move|p1a: Regieleki|Thunderbolt|p2a: Tsareena\n|-resisted|p2a: Tsareena\n|-damage|p2a: Tsareena|80/267\n|\n|upkeep\n|turn|19\n|\n|t:|1732949491\n|move|p1a: Regieleki|Thunderbolt|p2a: Tsareena\n|-resisted|p2a: Tsareena\n|-damage|p2a: Tsareena|0 fnt\n|faint|p2a: Tsareena\n|\n|upkeep\n|\n|t:|1732949493\n|switch|p2a: Dewgong|Dewgong, L94, M|322/322\n|turn|20\n|\n|t:|1732949499\n|-terastallize|p2a: Dewgong|Ground\n|move|p1a: Regieleki|Volt Switch|p2a: Dewgong\n|-immune|p2a: Dewgong\n|move|p2a: Dewgong|Encore|p1a: Regieleki\n|-start|p1a: Regieleki|Encore\n|\n|upkeep\n|turn|21\n|\n|t:|1732949509\n|move|p1a: Regieleki|Volt Switch|p2a: Dewgong\n|-immune|p2a: Dewgong\n|move|p2a: Dewgong|Knock Off|p1a: Regieleki\n|-damage|p1a: Regieleki|156/256\n|-enditem|p1a: Regieleki|Magnet|[from] move: Knock Off|[of] p2a: Dewgong\n|\n|upkeep\n|turn|22\n|\n|t:|1732949517\n|move|p1a: Regieleki|Volt Switch|p2a: Dewgong\n|-immune|p2a: Dewgong\n|move|p2a: Dewgong|Ice Beam|p1a: Regieleki\n|-damage|p1a: Regieleki|17/256\n|-status|p1a: Regieleki|frz\n|\n|upkeep\n|turn|23\n|\n|t:|1732949521\n|-curestatus|p1a: Regieleki|frz|[msg]\n|move|p1a: Regieleki|Volt Switch|p2a: Dewgong\n|-immune|p2a: Dewgong\n|move|p2a: Dewgong|Surf|p1a: Regieleki\n|-damage|p1a: Regieleki|0 fnt\n|faint|p1a: Regieleki\n|\n|win|Reptilor05\n", "inputlog": ">version b107d77f5c90bd6555267ae244a6264823309ead\n>start {\"formatid\":\"gen9randombattle\",\"seed\":[60516,15901,47876,62087]}\n>player p1 {\"name\":\"Destro04\",\"avatar\":\"bellelba\",\"rating\":0,\"seed\":[10551,46082,28341,42892]}\n>player p2 {\"name\":\"Reptilor05\",\"avatar\":\"266\",\"rating\":0,\"seed\":[23017,45361,50886,43767]}\n>p1 move irondefense\n>p2 move powerwhip\n>p1 switch 6\n>p1 move trick\n>p2 switch 2\n>p1 move sludgewave\n>p2 move thunderwave\n>p1 move sludgewave\n>p2 switch 4\n>p1 move shadowball\n>p2 move swordsdance\n>p1 move shadowball\n>p2 move earthquake\n>p1 switch 3\n>p1 move jetpunch\n>p2 move outrage\n>p1 move jetpunch\n>p2 move outrage\n>p2 switch 5\n>p1 switch 5\n>p2 move bellydrum\n>p1 move encore\n>p2 move playrough\n>p1 move energyball\n>p2 switch 4\n>p1 move knockoff\n>p2 move bugbuzz\n>p2 switch 6\n>p1 move synthesis\n>p2 move knockoff\n>p1 switch 5\n>p1 move wavecrash\n>p2 move knockoff\n>p2 switch 2\n>p1 move wavecrash\n>p2 move powerwhip\n>p1 switch 2\n>p1 move toxic\n>p2 move powerwhip\n>p1 switch 4\n>p1 move thunderbolt\n>p2 switch 4\n>p2 switch 3\n>p1 move thunderbolt terastallize\n>p2 switch 4\n>p1 move thunderbolt\n>p2 move knockoff\n>p2 switch 4\n>p1 move voltswitch\n>p2 move encore terastallize\n>p1 move voltswitch\n>p2 move knockoff\n>p1 move voltswitch\n>p2 move icebeam\n>p1 move voltswitch\n>p2 move surf", "uploadtime": 1732949525, "views": 2, "formatid": "gen9randombattle", "rating": null, "private": 0, "password": null}