{"id": "gen9randombattle-2254043817", "format": "[Gen 9] Random Battle", "players": ["PokemonRebornE19", "Tempokeep"], "log": "|j|\u2606PokemonRebornE19\n|j|\u2606Tempokeep\n|t:|1732984149\n|gametype|singles\n|player|p1|PokemonRebornE19|lucas|1175\n|player|p2|Tempokeep|acetrainer-gen4dp|1203\n|teamsize|p1|6\n|teamsize|p2|6\n|gen|9\n|tier|[Gen 9] Random Battle\n|rated|\n|rule|Species Clause: Limit one of each Pok\u00e9mon\n|rule|HP Percentage Mod: HP is shown in percentages\n|rule|Sleep Clause Mod: Limit one foe put to sleep\n|rule|Illusion Level Mod: Illusion disguises the Pok\u00e9mon's true level\n|\n|t:|1732984149\n|start\n|switch|p1a: Kyurem|Kyurem-White, L73|303/303\n|switch|p2a: Gyarados|Gyarados, L79, F|280/280\n|-ability|p1a: Kyurem|Turboblaze\n|-ability|p2a: Gyarados|Intimidate|boost\n|-unboost|p1a: Kyurem|atk|1\n|turn|1\n|inactive|Battle timer is ON: inactive players will automatically lose when time's up. (requested by PokemonRebornE19)\n|\n|t:|1732984177\n|move|p1a: Kyurem|Freeze-Dry|p2a: Gyarados\n|-supereffective|p2a: Gyarados\n|-crit|p2a: Gyarados\n|-damage|p2a: Gyarados|0 fnt\n|faint|p2a: Gyarados\n|\n|upkeep\n|\n|t:|1732984195\n|switch|p2a: Granbull|Granbull, L88, M|302/302\n|-ability|p2a: Granbull|Intimidate|boost\n|-unboost|p1a: Kyurem|atk|1\n|turn|2\n|\n|t:|1732984218\n|switch|p1a: Blissey|Blissey, L84, F|566/566\n|move|p2a: Granbull|Thunder Wave|p1a: Blissey\n|-status|p1a: Blissey|par\n|\n|upkeep\n|turn|3\n|\n|t:|1732984228\n|move|p2a: Granbull|Play Rough|p1a: Blissey\n|-damage|p1a: Blissey|215/566 par\n|move|p1a: Blissey|Stealth Rock|p2a: Granbull\n|-sidestart|p2: Tempokeep|move: Stealth Rock\n|\n|-heal|p1a: Blissey|250/566 par|[from] item: Leftovers\n|upkeep\n|turn|4\n|\n|t:|1732984246\n|-curestatus|p1a: Blissey|par|[from] ability: Natural Cure\n|switch|p1a: Chimecho|Chimecho, L94, F|293/293\n|move|p2a: Granbull|Earthquake|p1a: Chimecho\n|-immune|p1a: Chimecho|[from] ability: Levitate\n|\n|upkeep\n|turn|5\n|\n|t:|1732984263\n|move|p1a: Chimecho|Encore|p2a: Granbull\n|-start|p2a: Granbull|Encore\n|move|p2a: Granbull|Earthquake|p1a: Chimecho\n|-immune|p1a: Chimecho|[from] ability: Levitate\n|\n|upkeep\n|turn|6\n|\n|t:|1732984277\n|switch|p2a: Ambipom|Ambipom, L84, M|263/263\n|-damage|p2a: Ambipom|231/263|[from] Stealth Rock\n|move|p1a: Chimecho|Psychic Noise|p2a: Ambipom\n|-damage|p2a: Ambipom|111/263\n|-start|p2a: Ambipom|move: Heal Block\n|\n|upkeep\n|turn|7\n|inactive|PokemonRebornE19 has 120 seconds left.\n|\n|t:|1732984299\n|switch|p1a: Kyurem|Kyurem-White, L73|303/303\n|-ability|p1a: Kyurem|Turboblaze\n|move|p2a: Ambipom|Fake Out|p1a: Kyurem\n|-damage|p1a: Kyurem|221/303\n|\n|-end|p2a: Ambipom|move: Heal Block\n|upkeep\n|turn|8\n|inactive|PokemonRebornE19 has 120 seconds left.\n|\n|t:|1732984319\n|move|p1a: Kyurem|Fusion Flare|p2a: Ambipom\n|-damage|p2a: Ambipom|7/263\n|move|p2a: Ambipom|U-turn|p1a: Kyurem\n|-damage|p1a: Kyurem|162/303\n|\n|t:|1732984330\n|switch|p2a: Granbull|Granbull, L88, M|302/302|[from] U-turn\n|-damage|p2a: Granbull|265/302|[from] Stealth Rock\n|-ability|p2a: Granbull|Intimidate|boost\n|-unboost|p1a: Kyurem|atk|1\n|\n|-heal|p2a: Granbull|283/302|[from] item: Leftovers\n|upkeep\n|turn|9\n|inactive|PokemonRebornE19 has 120 seconds left.\n|\n|t:|1732984356\n|switch|p1a: Chimecho|Chimecho, L94, F|293/293\n|move|p2a: Granbull|Play Rough|p1a: Chimecho\n|-damage|p1a: Chimecho|166/293\n|-unboost|p1a: Chimecho|atk|1\n|\n|-heal|p1a: Chimecho|184/293|[from] item: Leftovers\n|-heal|p2a: Granbull|301/302|[from] item: Leftovers\n|upkeep\n|turn|10\n|inactive|PokemonRebornE19 has 90 seconds left.\n|\n|t:|1732984377\n|move|p1a: Chimecho|Psychic Noise|p2a: Granbull\n|-damage|p2a: Granbull|189/302\n|-start|p2a: Granbull|move: Heal Block\n|move|p2a: Granbull|Play Rough|p1a: Chimecho\n|-damage|p1a: Chimecho|60/293\n|-unboost|p1a: Chimecho|atk|1\n|\n|-heal|p1a: Chimecho|78/293|[from] item: Leftovers\n|upkeep\n|turn|11\n|inactive|PokemonRebornE19 has 90 seconds left.\n|\n|t:|1732984399\n|switch|p1a: Toucannon|Toucannon, L88, M|284/284\n|move|p2a: Granbull|Play Rough|p1a: Toucannon\n|-damage|p1a: Toucannon|161/284\n|\n|-end|p2a: Granbull|move: Heal Block\n|upkeep\n|turn|12\n|\n|t:|1732984421\n|move|p1a: Toucannon|Boomburst|p2a: Granbull\n|-damage|p2a: Granbull|12/302\n|move|p2a: Granbull|Thunder Wave|p1a: Toucannon\n|-status|p1a: Toucannon|par\n|\n|-heal|p2a: Granbull|30/302|[from] item: Leftovers\n|upkeep\n|turn|13\n|\n|t:|1732984438\n|move|p1a: Toucannon|Boomburst|p2a: Granbull\n|-damage|p2a: Granbull|0 fnt\n|faint|p2a: Granbull\n|\n|upkeep\n|\n|t:|1732984449\n|switch|p2a: Dusknoir|Dusknoir, L89, M|225/225\n|-damage|p2a: Dusknoir|197/225|[from] Stealth Rock\n|-item|p1a: Toucannon|Heavy-Duty Boots|[from] ability: Frisk|[of] p2a: Dusknoir\n|turn|14\n|\n|t:|1732984467\n|switch|p2a: Rayquaza|Rayquaza, L72|270/270\n|-damage|p2a: Rayquaza|203/270|[from] Stealth Rock\n|-ability|p2a: Rayquaza|Air Lock\n|cant|p1a: Toucannon|par\n|\n|upkeep\n|turn|15\n|inactive|PokemonRebornE19 has 60 seconds left.\n|\n|t:|1732984490\n|switch|p1a: Iron Bundle|Iron Bundle, L77|213/213\n|move|p2a: Rayquaza|Dragon Ascent|p1a: Iron Bundle\n|-damage|p1a: Iron Bundle|48/213\n|-unboost|p2a: Rayquaza|def|1\n|-unboost|p2a: Rayquaza|spd|1\n|\n|upkeep\n|turn|16\n|inactive|PokemonRebornE19 has 60 seconds left.\n|\n|t:|1732984505\n|switch|p2a: Iron Moth|Iron Moth, L78|253/253\n|move|p1a: Iron Bundle|Freeze-Dry|p2a: Iron Moth\n|-resisted|p2a: Iron Moth\n|-damage|p2a: Iron Moth|202/253\n|\n|upkeep\n|turn|17\n|inactive|PokemonRebornE19 has 60 seconds left.\n|\n|t:|1732984519\n|-end|p1a: Iron Bundle|Quark Drive|[silent]\n|switch|p1a: Phione|Phione, L91|293/293\n|move|p2a: Iron Moth|Fiery Dance|p1a: Phione\n|-resisted|p1a: Phione\n|-damage|p1a: Phione|242/293\n|-boost|p2a: Iron Moth|spa|1\n|\n|-heal|p1a: Phione|260/293|[from] item: Leftovers\n|upkeep\n|turn|18\n|inactive|PokemonRebornE19 has 60 seconds left.\n|\n|t:|1732984544\n|move|p2a: Iron Moth|Sludge Wave|p1a: Phione\n|-damage|p1a: Phione|89/293\n|move|p1a: Phione|Take Heart|p1a: Phione\n|-boost|p1a: Phione|spa|1\n|-boost|p1a: Phione|spd|1\n|\n|-heal|p1a: Phione|107/293|[from] item: Leftovers\n|upkeep\n|turn|19\n|\n|t:|1732984563\n|-terastallize|p1a: Phione|Steel\n|move|p2a: Iron Moth|Sludge Wave|p1a: Phione\n|-immune|p1a: Phione\n|move|p1a: Phione|Scald|p2a: Iron Moth\n|-supereffective|p2a: Iron Moth\n|-damage|p2a: Iron Moth|0 fnt\n|faint|p2a: Iron Moth\n|-end|p2a: Iron Moth|Quark Drive|[silent]\n|\n|-heal|p1a: Phione|125/293|[from] item: Leftovers\n|upkeep\n|\n|t:|1732984576\n|switch|p2a: Ambipom|Ambipom, L84, M|7/263\n|-damage|p2a: Ambipom|0 fnt|[from] Stealth Rock\n|faint|p2a: Ambipom\n|\n|t:|1732984582\n|switch|p2a: Rayquaza|Rayquaza, L72|203/270\n|-damage|p2a: Rayquaza|136/270|[from] Stealth Rock\n|-ability|p2a: Rayquaza|Air Lock\n|turn|20\n|\n|t:|1732984599\n|move|p2a: Rayquaza|Extreme Speed|p1a: Phione\n|-resisted|p1a: Phione\n|-damage|p1a: Phione|83/293\n|move|p1a: Phione|Ice Beam|p2a: Rayquaza\n|-supereffective|p2a: Rayquaza\n|-damage|p2a: Rayquaza|0 fnt\n|faint|p2a: Rayquaza\n|\n|-heal|p1a: Phione|101/293|[from] item: Leftovers\n|upkeep\n|-message|Tempokeep forfeited.\n|\n|win|PokemonRebornE19\n|raw|PokemonRebornE19's rating: 1175 &rarr; <strong>1202</strong><br />(+27 for winning)\n|raw|Tempokeep's rating: 1203 &rarr; <strong>1176</strong><br />(-27 for losing)\n|l|\u2606Tempokeep\n|player|p2|\n|c|\u2606PokemonRebornE19|Gg\n", "inputlog": ">version b107d77f5c90bd6555267ae244a6264823309ead\n>start {\"formatid\":\"gen9randombattle\",\"seed\":[3363,39245,64615,63474],\"rated\":\"Rated battle\"}\n>player p1 {\"name\":\"PokemonRebornE19\",\"avatar\":\"lucas\",\"rating\":1175,\"seed\":[59349,59833,61494,34067]}\n>player p2 {\"name\":\"Tempokeep\",\"avatar\":\"acetrainer-gen4dp\",\"rating\":1203,\"seed\":[40876,12740,39298,56485]}\n>p1 move freezedry\n>p2 move dragondance\n>p2 switch 4\n>p1 switch 6\n>p2 move thunderwave\n>p1 move stealthrock\n>p2 move playrough\n>p1 switch 3\n>p2 move earthquake\n>p1 move encore\n>p2 move playrough\n>p1 move psychicnoise\n>p2 switch 5\n>p1 switch 6\n>p2 move fakeout\n>p1 move fusionflare\n>p2 move uturn\n>p2 switch 5\n>p1 switch 6\n>p2 move playrough\n>p1 move psychicnoise\n>p2 move playrough\n>p1 switch 4\n>p2 move playrough\n>p1 move boomburst\n>p2 move thunderwave\n>p1 move boomburst\n>p2 move roar\n>p2 switch 2\n>p1 move roost\n>p2 switch 3\n>p1 switch 5\n>p2 move dragonascent\n>p1 move freezedry\n>p2 switch 6\n>p1 switch 2\n>p2 move fierydance\n>p1 move takeheart\n>p2 move sludgewave\n>p1 move scald terastallize\n>p2 move sludgewave\n>p2 switch 5\n>p2 switch 6\n>p1 move icebeam\n>p2 move extremespeed\n>forcelose p2", "uploadtime": 1732984619, "views": 3, "formatid": "gen9randombattle", "rating": 1176, "private": 0, "password": null}