{"id": "gen9randombattle-2254089330", "format": "[Gen 9] Random Battle", "players": ["SolaceSeven", "xidoefh"], "log": "|j|\u2606SolaceSeven\n|j|\u2606xidoefh\n|t:|1732989932\n|gametype|singles\n|player|p1|SolaceSeven|iris-gen5bw2|1178\n|player|p2|xidoefh|alder|1171\n|teamsize|p1|6\n|teamsize|p2|6\n|gen|9\n|tier|[Gen 9] Random Battle\n|rated|\n|rule|Species Clause: Limit one of each Pok\u00e9mon\n|rule|HP Percentage Mod: HP is shown in percentages\n|rule|Sleep Clause Mod: Limit one foe put to sleep\n|rule|Illusion Level Mod: Illusion disguises the Pok\u00e9mon's true level\n|\n|t:|1732989932\n|start\n|switch|p1a: Rhydon|Rhydon, L85, M|317/317\n|switch|p2a: Ampharos|Ampharos, L88, M|302/302\n|turn|1\n|\n|t:|1732989953\n|switch|p2a: Dondozo|Dondozo, L78, M|362/362\n|move|p1a: Rhydon|Stealth Rock|p2a: Dondozo\n|-sidestart|p2: xidoefh|move: Stealth Rock\n|\n|upkeep\n|turn|2\n|\n|t:|1732989963\n|switch|p1a: Sceptile|Sceptile, L87, F|264/264\n|switch|p2a: Ariados|Ariados, L95, F|287/287\n|\n|upkeep\n|turn|3\n|\n|t:|1732989975\n|switch|p1a: Rhydon|Rhydon, L85, M|317/317\n|move|p2a: Ariados|Sticky Web|p1a: Rhydon\n|-sidestart|p1: SolaceSeven|move: Sticky Web\n|\n|upkeep\n|turn|4\n|\n|t:|1732989988\n|move|p2a: Ariados|Toxic Spikes|p1a: Rhydon\n|-sidestart|p1: SolaceSeven|move: Toxic Spikes\n|move|p1a: Rhydon|Stone Edge|p2a: Ariados\n|-supereffective|p2a: Ariados\n|-damage|p2a: Ariados|0 fnt\n|faint|p2a: Ariados\n|\n|upkeep\n|inactive|Battle timer is ON: inactive players will automatically lose when time's up. (requested by SolaceSeven)\n|\n|t:|1732990008\n|switch|p2a: Palkia|Palkia, L75|259/259\n|-damage|p2a: Palkia|227/259|[from] Stealth Rock\n|-ability|p2a: Palkia|Pressure\n|turn|5\n|inactive|SolaceSeven has 120 seconds left.\n|\n|t:|1732990038\n|move|p2a: Palkia|Hydro Pump|p1a: Rhydon\n|-supereffective|p1a: Rhydon\n|-crit|p1a: Rhydon\n|-damage|p1a: Rhydon|0 fnt\n|faint|p1a: Rhydon\n|\n|upkeep\n|inactive|SolaceSeven has 120 seconds left.\n|\n|t:|1732990052\n|switch|p1a: Dragapult|Dragapult, L77, F|262/262\n|turn|6\n|inactive|SolaceSeven has 120 seconds left.\n|\n|t:|1732990065\n|switch|p2a: Dondozo|Dondozo, L78, M|362/362\n|-damage|p2a: Dondozo|317/362|[from] Stealth Rock\n|-terastallize|p1a: Dragapult|Dragon\n|move|p1a: Dragapult|Dragon Darts|p2a: Dondozo\n|-damage|p2a: Dondozo|255/362\n|-anim|p1a: Dragapult|Dragon Darts|p2a: Dondozo\n|-damage|p2a: Dondozo|189/362\n|\n|-heal|p2a: Dondozo|211/362|[from] item: Leftovers\n|upkeep\n|turn|7\n|inactive|SolaceSeven has 120 seconds left.\n|\n|t:|1732990080\n|move|p1a: Dragapult|U-turn|p2a: Dondozo\n|-damage|p2a: Dondozo|170/362\n|\n|t:|1732990085\n|switch|p1a: Sceptile|Sceptile, L87, F|264/264|[from] U-turn\n|-activate|p1a: Sceptile|move: Sticky Web\n|-unboost|p1a: Sceptile|spe|1\n|-status|p1a: Sceptile|psn\n|move|p2a: Dondozo|Curse|p2a: Dondozo\n|-unboost|p2a: Dondozo|spe|1\n|-boost|p2a: Dondozo|atk|1\n|-boost|p2a: Dondozo|def|1\n|\n|-heal|p2a: Dondozo|192/362|[from] item: Leftovers\n|-damage|p1a: Sceptile|231/264 psn|[from] psn\n|upkeep\n|turn|8\n|inactive|xidoefh has 120 seconds left.\n|\n|t:|1732990131\n|switch|p2a: Delphox|Delphox, L84, M|263/263\n|move|p1a: Sceptile|Giga Drain|p2a: Delphox\n|-resisted|p2a: Delphox\n|-damage|p2a: Delphox|223/263\n|-heal|p1a: Sceptile|251/264 psn|[from] drain|[of] p2a: Delphox\n|\n|-heal|p1a: Sceptile|264/264 psn|[from] item: Leftovers\n|-damage|p1a: Sceptile|231/264 psn|[from] psn\n|upkeep\n|turn|9\n|inactive|SolaceSeven has 120 seconds left.\n|\n|t:|1732990151\n|switch|p1a: Magmortar|Magmortar, L88, F|275/275\n|move|p2a: Delphox|Fire Blast|p1a: Magmortar\n|-resisted|p1a: Magmortar\n|-damage|p1a: Magmortar|214/275\n|\n|upkeep\n|turn|10\n|inactive|SolaceSeven has 120 seconds left.\n|inactive|xidoefh has 90 seconds left.\n|\n|t:|1732990188\n|move|p2a: Delphox|Nasty Plot|p2a: Delphox\n|-boost|p2a: Delphox|spa|2\n|move|p1a: Magmortar|Earthquake|p2a: Delphox\n|-supereffective|p2a: Delphox\n|-damage|p2a: Delphox|59/263\n|\n|upkeep\n|turn|11\n|\n|t:|1732990197\n|move|p2a: Delphox|Psyshock|p1a: Magmortar\n|-damage|p1a: Magmortar|0 fnt\n|faint|p1a: Magmortar\n|\n|upkeep\n|inactive|SolaceSeven has 120 seconds left.\n|\n|t:|1732990209\n|switch|p1a: Dragapult|Dragapult, L77, F, tera:Dragon|262/262\n|turn|12\n|inactive|SolaceSeven has 120 seconds left.\n|inactive|xidoefh has 90 seconds left.\n|\n|t:|1732990224\n|switch|p2a: Dondozo|Dondozo, L78, M|192/362\n|-damage|p2a: Dondozo|147/362|[from] Stealth Rock\n|move|p1a: Dragapult|Dragon Darts|p2a: Dondozo\n|-damage|p2a: Dondozo|89/362\n|-anim|p1a: Dragapult|Dragon Darts|p2a: Dondozo\n|-damage|p2a: Dondozo|25/362\n|\n|-heal|p2a: Dondozo|47/362|[from] item: Leftovers\n|upkeep\n|turn|13\n|inactive|xidoefh has 90 seconds left.\n|\n|t:|1732990234\n|-terastallize|p2a: Dondozo|Fairy\n|move|p1a: Dragapult|Dragon Darts|p2a: Dondozo\n|-immune|p2a: Dondozo\n|move|p2a: Dondozo|Rest|p2a: Dondozo\n|-status|p2a: Dondozo|slp|[from] move: Rest\n|-heal|p2a: Dondozo|362/362 slp|[silent]\n|\n|upkeep\n|turn|14\n|inactive|SolaceSeven has 120 seconds left.\n|inactive|xidoefh has 90 seconds left.\n|\n|t:|1732990259\n|move|p1a: Dragapult|Hex|p2a: Dondozo\n|-damage|p2a: Dondozo|215/362 slp\n|cant|p2a: Dondozo|slp\n|move|p2a: Dondozo|Sleep Talk|p2a: Dondozo\n|move|p2a: Dondozo|Wave Crash|p1a: Dragapult|[from]move: Sleep Talk\n|-resisted|p1a: Dragapult\n|-damage|p1a: Dragapult|193/262\n|-damage|p2a: Dondozo|192/362 slp|[from] Recoil\n|\n|-heal|p2a: Dondozo|214/362 slp|[from] item: Leftovers\n|upkeep\n|turn|15\n|inactive|SolaceSeven has 120 seconds left.\n|inactive|xidoefh has 90 seconds left.\n|\n|t:|1732990280\n|switch|p2a: Delphox|Delphox, L84, M|59/263\n|move|p1a: Dragapult|Hex|p2a: Delphox\n|-supereffective|p2a: Delphox\n|-damage|p2a: Delphox|0 fnt\n|faint|p2a: Delphox\n|\n|upkeep\n|\n|t:|1732990281\n|switch|p2a: Ampharos|Ampharos, L88, M|302/302\n|-damage|p2a: Ampharos|265/302|[from] Stealth Rock\n|turn|16\n|inactive|SolaceSeven has 120 seconds left.\n|\n|t:|1732990292\n|move|p1a: Dragapult|U-turn|p2a: Ampharos\n|-damage|p2a: Ampharos|219/302\n|\n|t:|1732990296\n|switch|p1a: Glalie|Glalie, L96, M|309/309|[from] U-turn\n|move|p2a: Ampharos|Dazzling Gleam|p1a: Glalie\n|-damage|p1a: Glalie|215/309\n|\n|upkeep\n|turn|17\n|\n|t:|1732990309\n|switch|p2a: Palkia|Palkia, L75|227/259\n|-damage|p2a: Palkia|195/259|[from] Stealth Rock\n|-ability|p2a: Palkia|Pressure\n|move|p1a: Glalie|Earthquake|p2a: Palkia\n|-damage|p2a: Palkia|117/259\n|\n|upkeep\n|turn|18\n|\n|t:|1732990318\n|move|p1a: Glalie|Freeze-Dry|p2a: Palkia\n|-supereffective|p2a: Palkia\n|-damage|p2a: Palkia|0 fnt\n|faint|p2a: Palkia\n|\n|upkeep\n|-message|xidoefh forfeited.\n|\n|win|SolaceSeven\n|raw|SolaceSeven's rating: 1178 &rarr; <strong>1201</strong><br />(+23 for winning)\n|raw|xidoefh's rating: 1148 &rarr; <strong>1125</strong><br />(-23 for losing)\n|l|\u2606xidoefh\n|player|p2|\n", "inputlog": ">version b107d77f5c90bd6555267ae244a6264823309ead\n>start {\"formatid\":\"gen9randombattle\",\"seed\":[55213,35960,43911,64409],\"rated\":\"Rated battle\"}\n>player p1 {\"name\":\"SolaceSeven\",\"avatar\":\"iris-gen5bw2\",\"rating\":1178,\"seed\":[44844,40794,26695,31199]}\n>player p2 {\"name\":\"xidoefh\",\"avatar\":\"alder\",\"rating\":1171,\"seed\":[5142,37442,36545,49497]}\n>p1 move stealthrock\n>p2 switch 2\n>p1 switch 2\n>p2 switch 4\n>p1 switch 2\n>p2 move stickyweb\n>p1 move stoneedge\n>p2 move toxicspikes\n>p2 switch 3\n>p1 move stoneedge\n>p2 move hydropump\n>p1 switch 4\n>p1 move dragondarts terastallize\n>p2 switch 4\n>p1 move uturn\n>p2 move curse\n>p1 switch 2\n>p1 move gigadrain\n>p2 switch 5\n>p1 switch 5\n>p2 move fireblast\n>p1 move earthquake\n>p2 move nastyplot\n>p1 move earthquake\n>p2 move psyshock\n>p1 switch 2\n>p1 move dragondarts\n>p2 switch 5\n>p1 move dragondarts\n>p2 move rest terastallize\n>p1 move hex\n>p2 move sleeptalk\n>p1 move hex\n>p2 switch 5\n>p2 switch 2\n>p1 move uturn\n>p2 move dazzlinggleam\n>p1 switch 6\n>p1 move earthquake\n>p2 switch 4\n>p1 move freezedry\n>p2 move dracometeor\n>forcelose p2", "uploadtime": 1732990439, "views": 1, "formatid": "gen9randombattle", "rating": 1125, "private": 0, "password": null}