{"id": "gen9randombattle-2253894587", "format": "[Gen 9] Random Battle", "players": ["jiknpk", "guuug"], "log": "|j|\u2606jiknpk\n|j|\u2606guuug\n|t:|1732958323\n|gametype|singles\n|player|p1|jiknpk|170|1000\n|player|p2|guuug|170|1000\n|teamsize|p1|6\n|teamsize|p2|6\n|gen|9\n|tier|[Gen 9] Random Battle\n|rated|\n|rule|Species Clause: Limit one of each Pok\u00e9mon\n|rule|HP Percentage Mod: HP is shown in percentages\n|rule|Sleep Clause Mod: Limit one foe put to sleep\n|rule|Illusion Level Mod: Illusion disguises the Pok\u00e9mon's true level\n|\n|t:|1732958323\n|start\n|switch|p1a: Muk|Muk, L86, F|321/321\n|switch|p2a: Regieleki|Regieleki, L79|256/256\n|turn|1\n|inactive|Battle timer is ON: inactive players will automatically lose when time's up. (requested by jiknpk)\n|\n|t:|1732958338\n|switch|p1a: Mudsdale|Mudsdale, L84, F|305/305\n|move|p2a: Regieleki|Thunderbolt|p1a: Mudsdale\n|-immune|p1a: Mudsdale\n|\n|upkeep\n|turn|2\n|\n|t:|1732958347\n|switch|p2a: Feraligatr|Feraligatr, L79, F|264/264\n|move|p1a: Mudsdale|Earthquake|p2a: Feraligatr\n|-damage|p2a: Feraligatr|63/264\n|\n|upkeep\n|turn|3\n|\n|t:|1732958358\n|switch|p1a: Kingdra|Kingdra, L84, M|263/263\n|move|p2a: Feraligatr|Liquidation|p1a: Kingdra\n|-resisted|p1a: Kingdra\n|-damage|p1a: Kingdra|231/263\n|\n|upkeep\n|turn|4\n|\n|t:|1732958369\n|move|p1a: Kingdra|Waterfall|p2a: Feraligatr\n|-resisted|p2a: Feraligatr\n|-damage|p2a: Feraligatr|22/264\n|move|p2a: Feraligatr|Trailblaze|p1a: Kingdra\n|-damage|p1a: Kingdra|178/263\n|\n|upkeep\n|turn|5\n|\n|t:|1732958378\n|move|p1a: Kingdra|Waterfall|p2a: Feraligatr\n|-resisted|p2a: Feraligatr\n|-crit|p2a: Feraligatr\n|-damage|p2a: Feraligatr|0 fnt\n|faint|p2a: Feraligatr\n|\n|upkeep\n|\n|t:|1732958388\n|switch|p2a: Grimmsnarl|Grimmsnarl, L83, M|293/293\n|turn|6\n|\n|t:|1732958395\n|switch|p1a: Camerupt|Camerupt, L91, F|275/275\n|move|p2a: Grimmsnarl|Spirit Break|p1a: Camerupt\n|-resisted|p1a: Camerupt\n|-damage|p1a: Camerupt|222/275\n|-unboost|p1a: Camerupt|spa|1\n|\n|-heal|p1a: Camerupt|239/275|[from] item: Leftovers\n|upkeep\n|turn|7\n|\n|t:|1732958407\n|move|p2a: Grimmsnarl|Thunder Wave|p1a: Camerupt\n|-immune|p1a: Camerupt\n|move|p1a: Camerupt|Stealth Rock|p2a: Grimmsnarl\n|-sidestart|p2: guuug|move: Stealth Rock\n|\n|-heal|p1a: Camerupt|256/275|[from] item: Leftovers\n|upkeep\n|turn|8\n|\n|t:|1732958417\n|move|p2a: Grimmsnarl|Spirit Break|p1a: Camerupt\n|-resisted|p1a: Camerupt\n|-damage|p1a: Camerupt|208/275\n|-unboost|p1a: Camerupt|spa|1\n|move|p1a: Camerupt|Will-O-Wisp|p2a: Grimmsnarl\n|-status|p2a: Grimmsnarl|brn\n|\n|-heal|p1a: Camerupt|225/275|[from] item: Leftovers\n|-damage|p2a: Grimmsnarl|275/293 brn|[from] brn\n|upkeep\n|turn|9\n|\n|t:|1732958434\n|switch|p2a: Pincurchin|Pincurchin, M|258/258\n|-damage|p2a: Pincurchin|226/258|[from] Stealth Rock\n|-fieldstart|move: Electric Terrain|[from] ability: Electric Surge|[of] p2a: Pincurchin\n|move|p1a: Camerupt|Earthquake|p2a: Pincurchin\n|-supereffective|p2a: Pincurchin\n|-damage|p2a: Pincurchin|10/258\n|\n|-heal|p1a: Camerupt|242/275|[from] item: Leftovers\n|-heal|p2a: Pincurchin|26/258|[from] item: Leftovers\n|upkeep\n|turn|10\n|\n|t:|1732958453\n|-terastallize|p2a: Pincurchin|Water\n|move|p1a: Camerupt|Earthquake|p2a: Pincurchin\n|-damage|p2a: Pincurchin|0 fnt\n|faint|p2a: Pincurchin\n|\n|-heal|p1a: Camerupt|259/275|[from] item: Leftovers\n|upkeep\n|-message|guuug forfeited.\n|\n|win|jiknpk\n|raw|jiknpk's rating: 1000 &rarr; <strong>1040</strong><br />(+40 for winning)\n|raw|guuug's rating: 1000 &rarr; <strong>1000</strong><br />(+0 for losing)\n|l|\u2606guuug\n|player|p2|\n", "inputlog": ">version b107d77f5c90bd6555267ae244a6264823309ead\n>start {\"formatid\":\"gen9randombattle\",\"seed\":[25641,2342,17678,11733],\"rated\":\"Rated battle\"}\n>player p1 {\"name\":\"jiknpk\",\"avatar\":\"170\",\"rating\":1000,\"seed\":[8739,54542,534,45994]}\n>player p2 {\"name\":\"guuug\",\"avatar\":\"170\",\"rating\":1000,\"seed\":[39714,3231,49098,46988]}\n>p1 switch 5\n>p2 move thunderbolt\n>p1 move earthquake\n>p2 switch 4\n>p1 switch 2\n>p2 move liquidation\n>p1 move waterfall\n>p2 move trailblaze\n>p1 move waterfall\n>p2 move icepunch\n>p2 switch 5\n>p1 switch 4\n>p2 move spiritbreak\n>p1 move stealthrock\n>p2 move thunderwave\n>p1 move willowisp\n>p2 move spiritbreak\n>p1 move earthquake\n>p2 switch 6\n>p1 move earthquake\n>p2 move liquidation terastallize\n>forcelose p2", "uploadtime": 1732958466, "views": 2, "formatid": "gen9randombattle", "rating": 1000, "private": 0, "password": null}