{"id": "gen9randombattle-2253926717", "format": "[Gen 9] Random Battle", "players": ["KingMarra27", "Yban-chang"], "log": "|j|\u2606KingMarra27\n|j|\u2606Yban-chang\n|t:|1732965383\n|gametype|singles\n|player|p1|KingMarra27|blackbelt|1408\n|player|p2|Yban-chang|101|1378\n|teamsize|p1|6\n|teamsize|p2|6\n|gen|9\n|tier|[Gen 9] Random Battle\n|rated|\n|rule|Species Clause: Limit one of each Pok\u00e9mon\n|rule|HP Percentage Mod: HP is shown in percentages\n|rule|Sleep Clause Mod: Limit one foe put to sleep\n|rule|Illusion Level Mod: Illusion disguises the Pok\u00e9mon's true level\n|\n|t:|1732965383\n|start\n|switch|p1a: Raging Bolt|Raging Bolt, L78|323/323\n|switch|p2a: Scream Tail|Scream Tail, L84|330/330\n|turn|1\n|inactive|Battle timer is ON: inactive players will automatically lose when time's up. (requested by KingMarra27)\n|\n|t:|1732965395\n|-end|p1a: Raging Bolt|Protosynthesis|[silent]\n|switch|p1a: Dugtrio|Dugtrio-Alola, L84, F|196/196\n|move|p2a: Scream Tail|Dazzling Gleam|p1a: Dugtrio\n|-resisted|p1a: Dugtrio\n|-crit|p1a: Dugtrio\n|-damage|p1a: Dugtrio|137/196\n|\n|upkeep\n|turn|2\n|\n|t:|1732965411\n|-end|p2a: Scream Tail|Protosynthesis|[silent]\n|switch|p2a: Whiscash|Whiscash, L88, M|337/337\n|move|p1a: Dugtrio|Iron Head|p2a: Whiscash\n|-resisted|p2a: Whiscash\n|-crit|p2a: Whiscash\n|-damage|p2a: Whiscash|247/337\n|-damage|p1a: Dugtrio|118/196|[from] item: Life Orb\n|\n|upkeep\n|turn|3\n|\n|t:|1732965431\n|switch|p1a: Venomoth|Venomoth, L84, F|255/255\n|move|p2a: Whiscash|Dragon Dance|p2a: Whiscash\n|-boost|p2a: Whiscash|atk|1\n|-boost|p2a: Whiscash|spe|1\n|\n|upkeep\n|turn|4\n|\n|t:|1732965439\n|move|p2a: Whiscash|Stone Edge|p1a: Venomoth\n|-supereffective|p1a: Venomoth\n|-damage|p1a: Venomoth|0 fnt\n|faint|p1a: Venomoth\n|-damage|p2a: Whiscash|214/337|[from] item: Life Orb\n|\n|upkeep\n|\n|t:|1732965449\n|switch|p1a: Manaphy|Manaphy, L78|284/284\n|turn|5\n|\n|t:|1732965459\n|move|p2a: Whiscash|Stone Edge|p1a: Manaphy\n|-damage|p1a: Manaphy|157/284\n|-damage|p2a: Whiscash|181/337|[from] item: Life Orb\n|move|p1a: Manaphy|Energy Ball|p2a: Whiscash\n|-supereffective|p2a: Whiscash\n|-damage|p2a: Whiscash|0 fnt\n|faint|p2a: Whiscash\n|\n|-heal|p1a: Manaphy|174/284|[from] item: Leftovers\n|upkeep\n|\n|t:|1732965476\n|switch|p2a: Exeggutor|Exeggutor, L89, M|312/312\n|turn|6\n|l|\u2606KingMarra27\n|inactive|KingMarra27 disconnected and has a minute to reconnect!\n|player|p1|\n|j|\u2606KingMarra27\n|inactive|KingMarra27 reconnected and has 125 seconds left.\n|player|p1|KingMarra27|blackbelt|\n|inactive|KingMarra27 has 120 seconds left.\n|\n|t:|1732965532\n|-terastallize|p1a: Manaphy|Grass\n|move|p1a: Manaphy|Tail Glow|p1a: Manaphy\n|-boost|p1a: Manaphy|spa|3\n|move|p2a: Exeggutor|Sleep Powder|p1a: Manaphy\n|-immune|p1a: Manaphy\n|\n|-heal|p1a: Manaphy|191/284|[from] item: Leftovers\n|upkeep\n|turn|7\n|inactive|Yban-chang has 120 seconds left.\n|\n|t:|1732965558\n|move|p1a: Manaphy|Ice Beam|p2a: Exeggutor\n|-supereffective|p2a: Exeggutor\n|-damage|p2a: Exeggutor|30/312\n|-enditem|p2a: Exeggutor|Sitrus Berry|[eat]\n|-heal|p2a: Exeggutor|108/312|[from] item: Sitrus Berry\n|move|p2a: Exeggutor|Psychic Noise|p1a: Manaphy\n|-damage|p1a: Manaphy|88/284\n|-start|p1a: Manaphy|move: Heal Block\n|\n|-item|p2a: Exeggutor|Sitrus Berry|[from] ability: Harvest\n|upkeep\n|-enditem|p2a: Exeggutor|Sitrus Berry|[eat]\n|-heal|p2a: Exeggutor|186/312|[from] item: Sitrus Berry\n|turn|8\n|inactive|Yban-chang has 120 seconds left.\n|\n|t:|1732965575\n|switch|p2a: Kleavor|Kleavor, L78, F|237/237\n|move|p1a: Manaphy|Ice Beam|p2a: Kleavor\n|-damage|p2a: Kleavor|64/237\n|\n|-end|p1a: Manaphy|move: Heal Block\n|upkeep\n|turn|9\n|\n|t:|1732965591\n|move|p1a: Manaphy|Surf|p2a: Kleavor\n|-supereffective|p2a: Kleavor\n|-damage|p2a: Kleavor|0 fnt\n|faint|p2a: Kleavor\n|\n|-heal|p1a: Manaphy|105/284|[from] item: Leftovers\n|upkeep\n|\n|t:|1732965599\n|switch|p2a: Scream Tail|Scream Tail, L84|330/330\n|turn|10\n|\n|t:|1732965610\n|move|p2a: Scream Tail|Thunder Wave|p1a: Manaphy\n|-status|p1a: Manaphy|par\n|move|p1a: Manaphy|Energy Ball|p2a: Scream Tail\n|-damage|p2a: Scream Tail|165/330\n|\n|-heal|p2a: Scream Tail|185/330|[from] item: Leftovers\n|-heal|p1a: Manaphy|122/284 par|[from] item: Leftovers\n|upkeep\n|turn|11\n|inactive|Yban-chang has 120 seconds left.\n|l|\u2606Yban-chang\n|inactive|Yban-chang disconnected and has a minute to reconnect!\n|player|p2|\n|j|\u2606Yban-chang\n|inactive|Yban-chang reconnected and has 95 seconds left.\n|player|p2|Yban-chang|101|\n|inactive|Yban-chang has 90 seconds left.\n|\n|t:|1732965651\n|switch|p1a: Dugtrio|Dugtrio-Alola, L84, F|118/196\n|move|p2a: Scream Tail|Wish|p2a: Scream Tail\n|\n|-heal|p2a: Scream Tail|205/330|[from] item: Leftovers\n|upkeep\n|turn|12\n|inactive|Yban-chang has 90 seconds left.\n|\n|t:|1732965661\n|-end|p2a: Scream Tail|Protosynthesis|[silent]\n|switch|p2a: Exeggutor|Exeggutor, L89, M|186/312\n|move|p1a: Dugtrio|Swords Dance|p1a: Dugtrio\n|-boost|p1a: Dugtrio|atk|2\n|\n|-heal|p2a: Exeggutor|312/312|[from] move: Wish|[wisher] Scream Tail\n|-item|p2a: Exeggutor|Sitrus Berry|[from] ability: Harvest\n|upkeep\n|turn|13\n|inactive|Yban-chang has 90 seconds left.\n|\n|t:|1732965675\n|move|p1a: Dugtrio|Iron Head|p2a: Exeggutor\n|-damage|p2a: Exeggutor|96/312\n|-enditem|p2a: Exeggutor|Sitrus Berry|[eat]\n|-heal|p2a: Exeggutor|174/312|[from] item: Sitrus Berry\n|-damage|p1a: Dugtrio|99/196|[from] item: Life Orb\n|move|p2a: Exeggutor|Sleep Powder|p1a: Dugtrio\n|-status|p1a: Dugtrio|slp|[from] move: Sleep Powder\n|\n|upkeep\n|turn|14\n|inactive|Yban-chang has 90 seconds left.\n|\n|t:|1732965688\n|cant|p1a: Dugtrio|slp\n|move|p2a: Exeggutor|Substitute|p2a: Exeggutor\n|-start|p2a: Exeggutor|Substitute\n|-damage|p2a: Exeggutor|96/312\n|\n|-item|p2a: Exeggutor|Sitrus Berry|[from] ability: Harvest\n|upkeep\n|-enditem|p2a: Exeggutor|Sitrus Berry|[eat]\n|-heal|p2a: Exeggutor|174/312|[from] item: Sitrus Berry\n|turn|15\n|\n|t:|1732965697\n|cant|p1a: Dugtrio|slp\n|move|p2a: Exeggutor|Leech Seed|p1a: Dugtrio\n|-start|p1a: Dugtrio|move: Leech Seed\n|\n|-damage|p1a: Dugtrio|75/196 slp|[from] Leech Seed|[of] p2a: Exeggutor\n|-heal|p2a: Exeggutor|198/312|[silent]\n|-item|p2a: Exeggutor|Sitrus Berry|[from] ability: Harvest\n|upkeep\n|turn|16\n|inactive|KingMarra27 has 120 seconds left.\n|\n|t:|1732965708\n|cant|p1a: Dugtrio|slp\n|move|p2a: Exeggutor|Psychic Noise|p1a: Dugtrio\n|-resisted|p1a: Dugtrio\n|-damage|p1a: Dugtrio|15/196 slp\n|-start|p1a: Dugtrio|move: Heal Block\n|\n|-damage|p1a: Dugtrio|0 fnt|[from] Leech Seed|[of] p2a: Exeggutor\n|-heal|p2a: Exeggutor|213/312|[silent]\n|faint|p1a: Dugtrio\n|upkeep\n|\n|t:|1732965727\n|switch|p1a: Dudunsparce|Dudunsparce-Three-Segment, L83, F|343/343\n|turn|17\n|\n|t:|1732965750\n|move|p2a: Exeggutor|Leech Seed|p1a: Dudunsparce\n|-start|p1a: Dudunsparce|move: Leech Seed\n|move|p1a: Dudunsparce|Calm Mind|p1a: Dudunsparce\n|-boost|p1a: Dudunsparce|spa|1\n|-boost|p1a: Dudunsparce|spd|1\n|\n|-damage|p1a: Dudunsparce|301/343|[from] Leech Seed|[of] p2a: Exeggutor\n|-heal|p2a: Exeggutor|255/312|[silent]\n|upkeep\n|turn|18\n|inactive|KingMarra27 has 120 seconds left.\n|\n|t:|1732965762\n|move|p2a: Exeggutor|Psychic Noise|p1a: Dudunsparce\n|-damage|p1a: Dudunsparce|213/343\n|-start|p1a: Dudunsparce|move: Heal Block\n|move|p1a: Dudunsparce|Boomburst|p2a: Exeggutor\n|-damage|p2a: Exeggutor|44/312\n|-enditem|p2a: Exeggutor|Sitrus Berry|[eat]\n|-heal|p2a: Exeggutor|122/312|[from] item: Sitrus Berry\n|\n|-damage|p1a: Dudunsparce|171/343|[from] Leech Seed|[of] p2a: Exeggutor\n|-heal|p2a: Exeggutor|164/312|[silent]\n|upkeep\n|turn|19\n|inactive|KingMarra27 has 120 seconds left.\n|\n|t:|1732965782\n|move|p2a: Exeggutor|Sleep Powder|p1a: Dudunsparce\n|-status|p1a: Dudunsparce|slp|[from] move: Sleep Powder\n|cant|p1a: Dudunsparce|slp\n|\n|-damage|p1a: Dudunsparce|129/343 slp|[from] Leech Seed|[of] p2a: Exeggutor\n|-heal|p2a: Exeggutor|206/312|[silent]\n|-end|p1a: Dudunsparce|move: Heal Block\n|upkeep\n|turn|20\n|inactive|KingMarra27 has 120 seconds left.\n|\n|t:|1732965795\n|switch|p1a: Raging Bolt|Raging Bolt, L78|323/323\n|move|p2a: Exeggutor|Psychic Noise|p1a: Raging Bolt\n|-damage|p1a: Raging Bolt|245/323\n|-start|p1a: Raging Bolt|move: Heal Block\n|\n|upkeep\n|turn|21\n|inactive|KingMarra27 has 120 seconds left.\n|\n|t:|1732965811\n|move|p1a: Raging Bolt|Discharge|p2a: Exeggutor\n|-resisted|p2a: Exeggutor\n|-activate|p2a: Exeggutor|move: Substitute|[damage]\n|move|p2a: Exeggutor|Leech Seed|p1a: Raging Bolt\n|-start|p1a: Raging Bolt|move: Leech Seed\n|\n|-damage|p1a: Raging Bolt|205/323|[from] Leech Seed|[of] p2a: Exeggutor\n|-heal|p2a: Exeggutor|246/312|[silent]\n|-end|p1a: Raging Bolt|move: Heal Block\n|upkeep\n|turn|22\n|\n|t:|1732965821\n|move|p1a: Raging Bolt|Discharge|p2a: Exeggutor\n|-resisted|p2a: Exeggutor\n|-end|p2a: Exeggutor|Substitute\n|move|p2a: Exeggutor|Substitute|p2a: Exeggutor\n|-start|p2a: Exeggutor|Substitute\n|-damage|p2a: Exeggutor|168/312\n|\n|-damage|p1a: Raging Bolt|165/323|[from] Leech Seed|[of] p2a: Exeggutor\n|-heal|p2a: Exeggutor|208/312|[silent]\n|-item|p2a: Exeggutor|Sitrus Berry|[from] ability: Harvest\n|upkeep\n|turn|23\n|inactive|KingMarra27 has 120 seconds left.\n|\n|t:|1732965831\n|move|p1a: Raging Bolt|Draco Meteor|p2a: Exeggutor\n|-end|p2a: Exeggutor|Substitute\n|-unboost|p1a: Raging Bolt|spa|2\n|move|p2a: Exeggutor|Sleep Powder|p1a: Raging Bolt\n|-message|Sleep Clause Mod activated.\n|-hint|Sleep Clause Mod prevents players from putting more than one of their opponent's Pok\u00e9mon to sleep at a time\n|\n|-damage|p1a: Raging Bolt|125/323|[from] Leech Seed|[of] p2a: Exeggutor\n|-heal|p2a: Exeggutor|248/312|[silent]\n|upkeep\n|turn|24\n|\n|t:|1732965847\n|-end|p1a: Raging Bolt|Protosynthesis|[silent]\n|switch|p1a: Dragalge|Dragalge, L88, M|258/258\n|move|p2a: Exeggutor|Substitute|p2a: Exeggutor\n|-start|p2a: Exeggutor|Substitute\n|-damage|p2a: Exeggutor|170/312\n|\n|upkeep\n|turn|25\n|\n|t:|1732965856\n|move|p2a: Exeggutor|Leech Seed|p1a: Dragalge\n|-start|p1a: Dragalge|move: Leech Seed\n|move|p1a: Dragalge|Sludge Wave|p2a: Exeggutor\n|-supereffective|p2a: Exeggutor\n|-end|p2a: Exeggutor|Substitute\n|\n|-damage|p1a: Dragalge|226/258|[from] Leech Seed|[of] p2a: Exeggutor\n|-heal|p2a: Exeggutor|202/312|[silent]\n|upkeep\n|turn|26\n|\n|t:|1732965865\n|move|p2a: Exeggutor|Substitute|p2a: Exeggutor\n|-start|p2a: Exeggutor|Substitute\n|-damage|p2a: Exeggutor|124/312\n|-enditem|p2a: Exeggutor|Sitrus Berry|[eat]\n|-heal|p2a: Exeggutor|202/312|[from] item: Sitrus Berry\n|move|p1a: Dragalge|Sludge Wave|p2a: Exeggutor\n|-supereffective|p2a: Exeggutor\n|-end|p2a: Exeggutor|Substitute\n|\n|-heal|p1a: Dragalge|242/258|[from] item: Leftovers\n|-damage|p1a: Dragalge|210/258|[from] Leech Seed|[of] p2a: Exeggutor\n|-heal|p2a: Exeggutor|234/312|[silent]\n|-item|p2a: Exeggutor|Sitrus Berry|[from] ability: Harvest\n|upkeep\n|turn|27\n|inactive|Yban-chang has 120 seconds left.\n|\n|t:|1732965885\n|-terastallize|p2a: Exeggutor|Steel\n|move|p2a: Exeggutor|Substitute|p2a: Exeggutor\n|-start|p2a: Exeggutor|Substitute\n|-damage|p2a: Exeggutor|156/312\n|-enditem|p2a: Exeggutor|Sitrus Berry|[eat]\n|-heal|p2a: Exeggutor|234/312|[from] item: Sitrus Berry\n|move|p1a: Dragalge|Sludge Wave|p2a: Exeggutor\n|-immune|p2a: Exeggutor\n|\n|-heal|p1a: Dragalge|226/258|[from] item: Leftovers\n|-damage|p1a: Dragalge|194/258|[from] Leech Seed|[of] p2a: Exeggutor\n|-heal|p2a: Exeggutor|266/312|[silent]\n|upkeep\n|turn|28\n|c|\u2606KingMarra27|How do I kill this mf -.-\n|\n|t:|1732965896\n|move|p2a: Exeggutor|Psychic Noise|p1a: Dragalge\n|-supereffective|p1a: Dragalge\n|-damage|p1a: Dragalge|32/258\n|-start|p1a: Dragalge|move: Heal Block\n|move|p1a: Dragalge|Focus Blast|p2a: Exeggutor\n|-supereffective|p2a: Exeggutor\n|-end|p2a: Exeggutor|Substitute\n|\n|-damage|p1a: Dragalge|0 fnt|[from] Leech Seed|[of] p2a: Exeggutor\n|-heal|p2a: Exeggutor|298/312|[silent]\n|faint|p1a: Dragalge\n|upkeep\n|\n|t:|1732965905\n|switch|p1a: Raging Bolt|Raging Bolt, L78|125/323\n|turn|29\n|\n|t:|1732965912\n|move|p1a: Raging Bolt|Discharge|p2a: Exeggutor\n|-damage|p2a: Exeggutor|193/312\n|-status|p2a: Exeggutor|par\n|move|p2a: Exeggutor|Leech Seed|p1a: Raging Bolt\n|-start|p1a: Raging Bolt|move: Leech Seed\n|\n|-damage|p1a: Raging Bolt|85/323|[from] Leech Seed|[of] p2a: Exeggutor\n|-heal|p2a: Exeggutor|233/312 par|[silent]\n|upkeep\n|turn|30\n|inactive|Yban-chang has 120 seconds left.\n|\n|t:|1732965921\n|move|p1a: Raging Bolt|Volt Switch|p2a: Exeggutor\n|-damage|p2a: Exeggutor|143/312 par\n|\n|t:|1732965924\n|-end|p1a: Raging Bolt|Protosynthesis|[silent]\n|switch|p1a: Manaphy|Manaphy, L78, tera:Grass|122/284 par|[from] Volt Switch\n|move|p2a: Exeggutor|Substitute|p2a: Exeggutor\n|-start|p2a: Exeggutor|Substitute\n|-damage|p2a: Exeggutor|65/312 par\n|\n|-heal|p1a: Manaphy|139/284 par|[from] item: Leftovers\n|upkeep\n|turn|31\n|\n|t:|1732965935\n|move|p1a: Manaphy|Surf|p2a: Exeggutor\n|-crit|p2a: Exeggutor\n|-end|p2a: Exeggutor|Substitute\n|move|p2a: Exeggutor|Psychic Noise|p1a: Manaphy\n|-damage|p1a: Manaphy|30/284 par\n|-start|p1a: Manaphy|move: Heal Block\n|\n|-item|p2a: Exeggutor|Sitrus Berry|[from] ability: Harvest\n|upkeep\n|-enditem|p2a: Exeggutor|Sitrus Berry|[eat]\n|-heal|p2a: Exeggutor|143/312 par|[from] item: Sitrus Berry\n|turn|32\n|\n|t:|1732965949\n|cant|p1a: Manaphy|par\n|cant|p2a: Exeggutor|par\n|\n|-end|p1a: Manaphy|move: Heal Block\n|upkeep\n|turn|33\n|\n|t:|1732965954\n|move|p1a: Manaphy|Surf|p2a: Exeggutor\n|-damage|p2a: Exeggutor|46/312 par\n|cant|p2a: Exeggutor|par\n|\n|-heal|p1a: Manaphy|47/284 par|[from] item: Leftovers\n|upkeep\n|turn|34\n|\n|t:|1732965960\n|move|p1a: Manaphy|Surf|p2a: Exeggutor\n|-damage|p2a: Exeggutor|0 fnt\n|faint|p2a: Exeggutor\n|\n|-heal|p1a: Manaphy|64/284 par|[from] item: Leftovers\n|upkeep\n|\n|t:|1732965976\n|switch|p2a: Altaria|Altaria, L88, M|275/275\n|turn|35\n|\n|t:|1732965980\n|move|p2a: Altaria|Brave Bird|p1a: Manaphy\n|-supereffective|p1a: Manaphy\n|-damage|p1a: Manaphy|0 fnt\n|faint|p1a: Manaphy\n|-damage|p2a: Altaria|254/275|[from] Recoil\n|\n|upkeep\n|\n|t:|1732965990\n|switch|p1a: Raging Bolt|Raging Bolt, L78|85/323\n|turn|36\n|\n|t:|1732966006\n|move|p1a: Raging Bolt|Thunderclap|p2a: Altaria\n|-damage|p2a: Altaria|182/275\n|move|p2a: Altaria|Earthquake|p1a: Raging Bolt\n|-supereffective|p1a: Raging Bolt\n|-damage|p1a: Raging Bolt|0 fnt\n|faint|p1a: Raging Bolt\n|-end|p1a: Raging Bolt|Protosynthesis|[silent]\n|\n|upkeep\n|\n|t:|1732966011\n|switch|p1a: Dudunsparce|Dudunsparce-Three-Segment, L83, F|129/343 slp\n|turn|37\n|\n|t:|1732966021\n|move|p2a: Altaria|Brave Bird|p1a: Dudunsparce\n|-damage|p1a: Dudunsparce|0 fnt\n|faint|p1a: Dudunsparce\n|-damage|p2a: Altaria|139/275|[from] Recoil\n|\n|win|Yban-chang\n|raw|KingMarra27's rating: 1408 &rarr; <strong>1386</strong><br />(-22 for losing)\n|raw|Yban-chang's rating: 1378 &rarr; <strong>1400</strong><br />(+22 for winning)\n", "inputlog": ">version b107d77f5c90bd6555267ae244a6264823309ead\n>start {\"formatid\":\"gen9randombattle\",\"seed\":[60546,60540,45878,14102],\"rated\":\"Rated battle\"}\n>player p1 {\"name\":\"KingMarra27\",\"avatar\":\"blackbelt\",\"rating\":1408,\"seed\":[59960,8636,4356,34483]}\n>player p2 {\"name\":\"Yban-chang\",\"avatar\":\"101\",\"rating\":1378,\"seed\":[1366,39808,16960,3877]}\n>p1 switch 5\n>p2 move dazzlinggleam\n>p1 move ironhead\n>p2 switch 2\n>p1 switch 4\n>p2 move dragondance\n>p1 move sleeppowder\n>p2 move stoneedge\n>p1 switch 6\n>p1 move energyball\n>p2 move stoneedge\n>p2 switch 3\n>p1 move tailglow terastallize\n>p2 move sleeppowder\n>p1 move icebeam\n>p2 move psychicnoise\n>p1 move icebeam\n>p2 switch 4\n>p1 move surf\n>p2 move xscissor\n>p2 switch 2\n>p1 move energyball\n>p2 move thunderwave\n>p1 switch 4\n>p2 move wish\n>p1 move swordsdance\n>p2 switch 4\n>p1 move ironhead\n>p2 move sleeppowder\n>p1 move ironhead\n>p2 move substitute\n>p1 move ironhead\n>p2 move leechseed\n>p1 move swordsdance\n>p2 move psychicnoise\n>p1 switch 2\n>p1 move calmmind\n>p2 move leechseed\n>p1 move boomburst\n>p2 move psychicnoise\n>p1 move boomburst\n>p2 move sleeppowder\n>p1 switch 5\n>p2 move psychicnoise\n>p1 move discharge\n>p2 move leechseed\n>p1 move discharge\n>p2 move substitute\n>p1 move dracometeor\n>p2 move sleeppowder\n>p1 switch 3\n>p2 move substitute\n>p1 move sludgewave\n>p2 move leechseed\n>p1 move sludgewave\n>p2 move substitute\n>p1 move sludgewave\n>p2 move substitute terastallize\n>chat \u2606KingMarra27|How do I kill this mf -.-\n>p1 move focusblast\n>p2 move psychicnoise\n>p1 switch 3\n>p1 move discharge\n>p2 move leechseed\n>p1 move voltswitch\n>p2 move substitute\n>p1 switch 4\n>p1 move surf\n>p2 move psychicnoise\n>p1 move surf\n>p2 move psychicnoise\n>p1 move surf\n>p2 move psychicnoise\n>p1 move surf\n>p2 move psychicnoise\n>p2 switch 6\n>p1 move icebeam\n>p2 move bravebird\n>p1 switch 4\n>p1 move thunderclap\n>p2 move earthquake\n>p1 switch 5\n>p1 move roost\n>p2 move bravebird", "uploadtime": 1732966027, "views": 8, "formatid": "gen9randombattle", "rating": 1386, "private": 0, "password": null}