{"id": "gen9randombattle-2253905701", "format": "[Gen 9] Random Battle", "players": ["Princess Clover", "cixyz"], "log": "|j|\u2606Princess Clover\n|j|\u2606cixyz\n|t:|1732960810\n|gametype|singles\n|player|p1|Princess Clover|sonia-masters|1057\n|player|p2|cixyz|169|1043\n|teamsize|p1|6\n|teamsize|p2|6\n|gen|9\n|tier|[Gen 9] Random Battle\n|rated|\n|rule|Species Clause: Limit one of each Pok\u00e9mon\n|rule|HP Percentage Mod: HP is shown in percentages\n|rule|Sleep Clause Mod: Limit one foe put to sleep\n|rule|Illusion Level Mod: Illusion disguises the Pok\u00e9mon's true level\n|\n|t:|1732960810\n|start\n|switch|p1a: Frosmoth|Frosmoth, L82, M|249/249\n|switch|p2a: Sudowoodo|Sudowoodo, L94, F|284/284\n|turn|1\n|\n|t:|1732960823\n|switch|p1a: Scrafty|Scrafty, L84, M|246/246\n|move|p2a: Sudowoodo|Sucker Punch||[still]\n|-fail|p2a: Sudowoodo\n|\n|upkeep\n|turn|2\n|\n|t:|1732960831\n|move|p1a: Scrafty|Bulk Up|p1a: Scrafty\n|-boost|p1a: Scrafty|atk|1\n|-boost|p1a: Scrafty|def|1\n|move|p2a: Sudowoodo|Head Smash|p1a: Scrafty\n|-resisted|p1a: Scrafty\n|-damage|p1a: Scrafty|192/246\n|\n|-heal|p1a: Scrafty|207/246|[from] item: Leftovers\n|upkeep\n|turn|3\n|\n|t:|1732960843\n|move|p2a: Sudowoodo|Sucker Punch|p1a: Scrafty\n|-resisted|p1a: Scrafty\n|-damage|p1a: Scrafty|198/246\n|move|p1a: Scrafty|Drain Punch|p2a: Sudowoodo\n|-supereffective|p2a: Sudowoodo\n|-damage|p2a: Sudowoodo|128/284\n|-heal|p1a: Scrafty|246/246|[from] drain|[of] p2a: Sudowoodo\n|\n|-heal|p2a: Sudowoodo|145/284|[from] item: Leftovers\n|upkeep\n|turn|4\n|\n|t:|1732960863\n|switch|p2a: Piloswine|Piloswine, L85, F|309/309\n|move|p1a: Scrafty|Drain Punch|p2a: Piloswine\n|-supereffective|p2a: Piloswine\n|-crit|p2a: Piloswine\n|-damage|p2a: Piloswine|85/309\n|\n|upkeep\n|turn|5\n|\n|t:|1732960873\n|move|p1a: Scrafty|Drain Punch|p2a: Piloswine\n|-supereffective|p2a: Piloswine\n|-damage|p2a: Piloswine|0 fnt\n|faint|p2a: Piloswine\n|\n|upkeep\n|\n|t:|1732960885\n|switch|p2a: Oranguru|Oranguru, L92, F|315/315\n|turn|6\n|\n|t:|1732960894\n|move|p2a: Oranguru|Psyshock|p1a: Scrafty\n|-immune|p1a: Scrafty\n|move|p1a: Scrafty|Knock Off|p2a: Oranguru\n|-supereffective|p2a: Oranguru\n|-damage|p2a: Oranguru|33/315\n|-enditem|p2a: Oranguru|Choice Specs|[from] move: Knock Off|[of] p1a: Scrafty\n|\n|upkeep\n|turn|7\n|\n|t:|1732960904\n|move|p2a: Oranguru|Thunderbolt|p1a: Scrafty\n|-damage|p1a: Scrafty|188/246\n|move|p1a: Scrafty|Knock Off|p2a: Oranguru\n|-supereffective|p2a: Oranguru\n|-damage|p2a: Oranguru|0 fnt\n|faint|p2a: Oranguru\n|\n|-heal|p1a: Scrafty|203/246|[from] item: Leftovers\n|upkeep\n|\n|t:|1732960916\n|switch|p2a: Cacturne|Cacturne, L92, M|278/278\n|turn|8\n|\n|t:|1732960920\n|move|p2a: Cacturne|Leaf Storm|p1a: Scrafty|[miss]\n|-miss|p2a: Cacturne|p1a: Scrafty\n|move|p1a: Scrafty|Drain Punch|p2a: Cacturne\n|-supereffective|p2a: Cacturne\n|-damage|p2a: Cacturne|24/278\n|-heal|p1a: Scrafty|246/246|[from] drain|[of] p2a: Cacturne\n|\n|upkeep\n|turn|9\n|\n|t:|1732960930\n|move|p2a: Cacturne|Sucker Punch|p1a: Scrafty\n|-resisted|p1a: Scrafty\n|-damage|p1a: Scrafty|230/246\n|-damage|p2a: Cacturne|0 fnt|[from] item: Life Orb\n|faint|p2a: Cacturne\n|move|p1a: Scrafty|Drain Punch|p2: Cacturne|[notarget]\n|-fail|p1a: Scrafty\n|\n|-heal|p1a: Scrafty|245/246|[from] item: Leftovers\n|upkeep\n|\n|t:|1732960941\n|switch|p2a: Phione|Phione, L91|293/293\n|turn|10\n|\n|t:|1732960949\n|move|p2a: Phione|Take Heart|p2a: Phione\n|-boost|p2a: Phione|spa|1\n|-boost|p2a: Phione|spd|1\n|move|p1a: Scrafty|Knock Off|p2a: Phione\n|-damage|p2a: Phione|145/293\n|-enditem|p2a: Phione|Leftovers|[from] move: Knock Off|[of] p1a: Scrafty\n|\n|-heal|p1a: Scrafty|246/246|[from] item: Leftovers\n|upkeep\n|turn|11\n|\n|t:|1732960959\n|move|p2a: Phione|Sleep Talk||[still]\n|-fail|p2a: Phione\n|move|p1a: Scrafty|Drain Punch|p2a: Phione\n|-damage|p2a: Phione|33/293\n|\n|upkeep\n|turn|12\n|\n|t:|1732960967\n|move|p2a: Phione|Scald|p1a: Scrafty\n|-damage|p1a: Scrafty|138/246\n|-status|p1a: Scrafty|brn\n|move|p1a: Scrafty|Drain Punch|p2a: Phione\n|-damage|p2a: Phione|0 fnt\n|-heal|p1a: Scrafty|155/246 brn|[from] drain|[of] p2a: Phione\n|faint|p2a: Phione\n|\n|-heal|p1a: Scrafty|170/246 brn|[from] item: Leftovers\n|-damage|p1a: Scrafty|155/246 brn|[from] brn\n|upkeep\n|\n|t:|1732960982\n|switch|p2a: Wigglytuff|Wigglytuff, L96, M|424/424\n|turn|13\n|\n|t:|1732960987\n|switch|p1a: Salazzle|Salazzle, L83, F|249/249\n|move|p2a: Wigglytuff|Dazzling Gleam|p1a: Salazzle\n|-resisted|p1a: Salazzle\n|-damage|p1a: Salazzle|216/249\n|\n|-heal|p1a: Salazzle|231/249|[from] item: Leftovers\n|upkeep\n|turn|14\n|\n|t:|1732961001\n|-terastallize|p2a: Wigglytuff|Steel\n|move|p1a: Salazzle|Toxic|p2a: Wigglytuff\n|-status|p2a: Wigglytuff|tox\n|move|p2a: Wigglytuff|Dazzling Gleam|p1a: Salazzle\n|-resisted|p1a: Salazzle\n|-damage|p1a: Salazzle|200/249\n|\n|-heal|p1a: Salazzle|215/249|[from] item: Leftovers\n|-damage|p2a: Wigglytuff|398/424 tox|[from] psn\n|upkeep\n|turn|15\n|\n|t:|1732961015\n|switch|p2a: Sudowoodo|Sudowoodo, L94, F|145/284\n|move|p1a: Salazzle|Flamethrower|p2a: Sudowoodo\n|-resisted|p2a: Sudowoodo\n|-damage|p2a: Sudowoodo|86/284\n|\n|-heal|p1a: Salazzle|230/249|[from] item: Leftovers\n|-heal|p2a: Sudowoodo|103/284|[from] item: Leftovers\n|upkeep\n|turn|16\n|\n|t:|1732961027\n|switch|p1a: Magearna|Magearna-Original, L77|250/250\n|move|p2a: Sudowoodo|Head Smash|p1a: Magearna\n|-resisted|p1a: Magearna\n|-damage|p1a: Magearna|157/250\n|\n|-heal|p1a: Magearna|172/250|[from] item: Leftovers\n|-heal|p2a: Sudowoodo|120/284|[from] item: Leftovers\n|upkeep\n|turn|17\n|\n|t:|1732961040\n|move|p2a: Sudowoodo|Sucker Punch|p1a: Magearna\n|-resisted|p1a: Magearna\n|-damage|p1a: Magearna|144/250\n|move|p1a: Magearna|Flash Cannon|p2a: Sudowoodo\n|-supereffective|p2a: Sudowoodo\n|-damage|p2a: Sudowoodo|0 fnt\n|faint|p2a: Sudowoodo\n|-ability|p1a: Magearna|Soul-Heart|boost\n|-boost|p1a: Magearna|spa|1\n|\n|-heal|p1a: Magearna|159/250|[from] item: Leftovers\n|upkeep\n|\n|t:|1732961059\n|switch|p2a: Wigglytuff|Wigglytuff, L96, M, tera:Steel|398/424 tox\n|turn|18\n|\n|t:|1732961076\n|switch|p1a: Chimecho|Chimecho, L94, M|293/293\n|move|p2a: Wigglytuff|Dazzling Gleam|p1a: Chimecho\n|-damage|p1a: Chimecho|211/293\n|\n|-heal|p1a: Chimecho|229/293|[from] item: Leftovers\n|-heal|p2a: Wigglytuff|424/424 tox|[from] item: Leftovers\n|-damage|p2a: Wigglytuff|398/424 tox|[from] psn\n|upkeep\n|turn|19\n|\n|t:|1732961103\n|move|p1a: Chimecho|Cosmic Power|p1a: Chimecho\n|-boost|p1a: Chimecho|def|1\n|-boost|p1a: Chimecho|spd|1\n|move|p2a: Wigglytuff|Knock Off|p1a: Chimecho\n|-supereffective|p1a: Chimecho\n|-damage|p1a: Chimecho|139/293\n|-enditem|p1a: Chimecho|Leftovers|[from] move: Knock Off|[of] p2a: Wigglytuff\n|\n|-heal|p2a: Wigglytuff|424/424 tox|[from] item: Leftovers\n|-damage|p2a: Wigglytuff|372/424 tox|[from] psn\n|upkeep\n|turn|20\n|\n|t:|1732961116\n|move|p1a: Chimecho|Cosmic Power|p1a: Chimecho\n|-boost|p1a: Chimecho|def|1\n|-boost|p1a: Chimecho|spd|1\n|move|p2a: Wigglytuff|Knock Off|p1a: Chimecho\n|-supereffective|p1a: Chimecho\n|-damage|p1a: Chimecho|91/293\n|\n|-heal|p2a: Wigglytuff|398/424 tox|[from] item: Leftovers\n|-damage|p2a: Wigglytuff|320/424 tox|[from] psn\n|upkeep\n|turn|21\n|\n|t:|1732961130\n|move|p1a: Chimecho|Recover|p1a: Chimecho\n|-heal|p1a: Chimecho|238/293\n|move|p2a: Wigglytuff|Knock Off|p1a: Chimecho\n|-supereffective|p1a: Chimecho\n|-damage|p1a: Chimecho|194/293\n|\n|-heal|p2a: Wigglytuff|346/424 tox|[from] item: Leftovers\n|-damage|p2a: Wigglytuff|242/424 tox|[from] psn\n|upkeep\n|turn|22\n|inactive|Battle timer is ON: inactive players will automatically lose when time's up. (requested by Princess Clover)\n|\n|t:|1732961169\n|move|p1a: Chimecho|Cosmic Power|p1a: Chimecho\n|-boost|p1a: Chimecho|def|1\n|-boost|p1a: Chimecho|spd|1\n|move|p2a: Wigglytuff|Knock Off|p1a: Chimecho\n|-supereffective|p1a: Chimecho\n|-damage|p1a: Chimecho|158/293\n|\n|-heal|p2a: Wigglytuff|268/424 tox|[from] item: Leftovers\n|-damage|p2a: Wigglytuff|138/424 tox|[from] psn\n|upkeep\n|turn|23\n|inactive|cixyz has 120 seconds left.\n|inactive|cixyz has 90 seconds left.\n|\n|t:|1732961230\n|move|p2a: Wigglytuff|Protect|p2a: Wigglytuff\n|-singleturn|p2a: Wigglytuff|Protect\n|move|p1a: Chimecho|Stored Power|p2a: Wigglytuff\n|-activate|p2a: Wigglytuff|move: Protect\n|\n|-heal|p2a: Wigglytuff|164/424 tox|[from] item: Leftovers\n|-damage|p2a: Wigglytuff|8/424 tox|[from] psn\n|upkeep\n|turn|24\n|inactive|cixyz has 90 seconds left.\n|\n|t:|1732961244\n|move|p2a: Wigglytuff|Protect||[still]\n|-fail|p2a: Wigglytuff\n|move|p1a: Chimecho|Stored Power|p2a: Wigglytuff\n|-resisted|p2a: Wigglytuff\n|-damage|p2a: Wigglytuff|0 fnt\n|faint|p2a: Wigglytuff\n|\n|win|Princess Clover\n|raw|Princess Clover's rating: 1057 &rarr; <strong>1087</strong><br />(+30 for winning)\n|raw|cixyz's rating: 1043 &rarr; <strong>1027</strong><br />(-16 for losing)\n", "inputlog": ">version b107d77f5c90bd6555267ae244a6264823309ead\n>start {\"formatid\":\"gen9randombattle\",\"seed\":[31198,27600,65448,23860],\"rated\":\"Rated battle\"}\n>player p1 {\"name\":\"Princess Clover\",\"avatar\":\"sonia-masters\",\"rating\":1057,\"seed\":[61545,37232,25254,54534]}\n>player p2 {\"name\":\"cixyz\",\"avatar\":\"169\",\"rating\":1043,\"seed\":[59760,17920,10199,55698]}\n>p1 switch 4\n>p2 move suckerpunch\n>p1 move bulkup\n>p2 move headsmash\n>p1 move drainpunch\n>p2 move suckerpunch\n>p1 move drainpunch\n>p2 switch 4\n>p1 move drainpunch\n>p2 move earthquake\n>p2 switch 6\n>p1 move knockoff\n>p2 move psyshock\n>p1 move knockoff\n>p2 move thunderbolt\n>p2 switch 3\n>p1 move drainpunch\n>p2 move leafstorm\n>p1 move drainpunch\n>p2 move suckerpunch\n>p2 switch 2\n>p1 move knockoff\n>p2 move takeheart\n>p1 move drainpunch\n>p2 move sleeptalk\n>p1 move drainpunch\n>p2 move scald\n>p2 switch 5\n>p1 switch 6\n>p2 move dazzlinggleam\n>p1 move toxic\n>p2 move dazzlinggleam terastallize\n>p1 move flamethrower\n>p2 switch 4\n>p1 switch 3\n>p2 move headsmash\n>p1 move flashcannon\n>p2 move suckerpunch\n>p2 switch 4\n>p1 switch 5\n>p2 move dazzlinggleam\n>p1 move cosmicpower\n>p2 move knockoff\n>p1 move cosmicpower\n>p2 move knockoff\n>p1 move recover\n>p2 move knockoff\n>p1 move cosmicpower\n>p2 move knockoff\n>p1 move storedpower\n>p2 move protect\n>p1 move storedpower\n>p2 move protect", "uploadtime": 1732961251, "views": 1, "formatid": "gen9randombattle", "rating": 1027, "private": 0, "password": null}