{"id": "gen9randombattle-2253826145", "format": "[Gen 9] Random Battle", "players": ["Allstar8743", "ilynohomo998"], "log": "|j|\u2606Allstar8743\n|j|\u2606ilynohomo998\n|t:|1732944294\n|gametype|singles\n|player|p1|Allstar8743|ninjaboy|1793\n|player|p2|ilynohomo998|miku-water|1838\n|teamsize|p1|6\n|teamsize|p2|6\n|gen|9\n|tier|[Gen 9] Random Battle\n|rated|\n|rule|Species Clause: Limit one of each Pok\u00e9mon\n|rule|HP Percentage Mod: HP is shown in percentages\n|rule|Sleep Clause Mod: Limit one foe put to sleep\n|rule|Illusion Level Mod: Illusion disguises the Pok\u00e9mon's true level\n|\n|t:|1732944294\n|start\n|switch|p1a: Tropius|Tropius, L91, M|328/328\n|switch|p2a: Rotom|Rotom-Wash, L82|216/216\n|turn|1\n|l|\u2606ilynohomo998\n|player|p2|\n|inactive|Battle timer is ON: inactive players will automatically lose when time's up. (requested by Allstar8743)\n|j|\u2606ilynohomo998\n|inactive|ilynohomo998 reconnected and has 150 seconds left.\n|player|p2|ilynohomo998|miku-water|\n|\n|t:|1732944311\n|move|p2a: Rotom|Will-O-Wisp|p1a: Tropius\n|-status|p1a: Tropius|brn\n|move|p1a: Tropius|Substitute|p1a: Tropius\n|-start|p1a: Tropius|Substitute\n|-damage|p1a: Tropius|246/328 brn\n|\n|-damage|p1a: Tropius|226/328 brn|[from] brn\n|upkeep\n|turn|2\n|\n|t:|1732944319\n|move|p2a: Rotom|Thunderbolt|p1a: Tropius\n|-end|p1a: Tropius|Substitute\n|move|p1a: Tropius|Leech Seed|p2a: Rotom\n|-start|p2a: Rotom|move: Leech Seed\n|\n|-damage|p2a: Rotom|189/216|[from] Leech Seed|[of] p1a: Tropius\n|-heal|p1a: Tropius|253/328 brn|[silent]\n|-damage|p1a: Tropius|233/328 brn|[from] brn\n|upkeep\n|turn|3\n|\n|t:|1732944324\n|move|p1a: Tropius|Protect|p1a: Tropius\n|-singleturn|p1a: Tropius|Protect\n|move|p2a: Rotom|Nasty Plot|p2a: Rotom\n|-boost|p2a: Rotom|spa|2\n|\n|-heal|p2a: Rotom|202/216|[from] item: Leftovers\n|-damage|p2a: Rotom|175/216|[from] Leech Seed|[of] p1a: Tropius\n|-heal|p1a: Tropius|260/328 brn|[silent]\n|-damage|p1a: Tropius|240/328 brn|[from] brn\n|upkeep\n|turn|4\n|\n|t:|1732944332\n|move|p2a: Rotom|Thunderbolt|p1a: Tropius\n|-damage|p1a: Tropius|57/328 brn\n|-enditem|p1a: Tropius|Sitrus Berry|[eat]\n|-heal|p1a: Tropius|139/328 brn|[from] item: Sitrus Berry\n|move|p1a: Tropius|Substitute|p1a: Tropius\n|-start|p1a: Tropius|Substitute\n|-damage|p1a: Tropius|57/328 brn\n|\n|-heal|p2a: Rotom|188/216|[from] item: Leftovers\n|-damage|p2a: Rotom|161/216|[from] Leech Seed|[of] p1a: Tropius\n|-heal|p1a: Tropius|84/328 brn|[silent]\n|-damage|p1a: Tropius|64/328 brn|[from] brn\n|-item|p1a: Tropius|Sitrus Berry|[from] ability: Harvest\n|upkeep\n|-enditem|p1a: Tropius|Sitrus Berry|[eat]\n|-heal|p1a: Tropius|146/328 brn|[from] item: Sitrus Berry\n|turn|5\n|\n|t:|1732944339\n|switch|p2a: Ribombee|Ribombee, L82, M|233/233\n|move|p1a: Tropius|Air Slash|p2a: Ribombee\n|-supereffective|p2a: Ribombee\n|-damage|p2a: Ribombee|65/233\n|\n|-damage|p1a: Tropius|126/328 brn|[from] brn\n|upkeep\n|turn|6\n|\n|t:|1732944346\n|move|p2a: Ribombee|Bug Buzz|p1a: Tropius\n|-damage|p1a: Tropius|41/328 brn\n|-unboost|p1a: Tropius|spd|1\n|move|p1a: Tropius|Air Slash|p2a: Ribombee\n|-supereffective|p2a: Ribombee\n|-damage|p2a: Ribombee|0 fnt\n|faint|p2a: Ribombee\n|\n|-damage|p1a: Tropius|21/328 brn|[from] brn\n|-item|p1a: Tropius|Sitrus Berry|[from] ability: Harvest\n|upkeep\n|-enditem|p1a: Tropius|Sitrus Berry|[eat]\n|-heal|p1a: Tropius|103/328 brn|[from] item: Sitrus Berry\n|\n|t:|1732944358\n|switch|p2a: Slowbro|Slowbro-Galar, L87, F|307/307\n|turn|7\n|\n|t:|1732944364\n|move|p1a: Tropius|Leech Seed|p2a: Slowbro\n|-start|p2a: Slowbro|move: Leech Seed\n|move|p2a: Slowbro|Shell Side Arm|p1a: Tropius|[anim] Shell Side Arm Special\n|-supereffective|p1a: Tropius\n|-crit|p1a: Tropius\n|-end|p1a: Tropius|Substitute\n|-hint|Special Shell Side Arm\n|\n|-damage|p2a: Slowbro|269/307|[from] Leech Seed|[of] p1a: Tropius\n|-heal|p1a: Tropius|141/328 brn|[silent]\n|-damage|p1a: Tropius|121/328 brn|[from] brn\n|-item|p1a: Tropius|Sitrus Berry|[from] ability: Harvest\n|upkeep\n|-enditem|p1a: Tropius|Sitrus Berry|[eat]\n|-heal|p1a: Tropius|203/328 brn|[from] item: Sitrus Berry\n|turn|8\n|\n|t:|1732944368\n|move|p1a: Tropius|Protect|p1a: Tropius\n|-singleturn|p1a: Tropius|Protect\n|move|p2a: Slowbro|Psychic|p1a: Tropius\n|-activate|p1a: Tropius|move: Protect\n|\n|-damage|p2a: Slowbro|231/307|[from] Leech Seed|[of] p1a: Tropius\n|-heal|p1a: Tropius|241/328 brn|[silent]\n|-damage|p1a: Tropius|221/328 brn|[from] brn\n|-item|p1a: Tropius|Sitrus Berry|[from] ability: Harvest\n|upkeep\n|turn|9\n|\n|t:|1732944371\n|move|p1a: Tropius|Substitute|p1a: Tropius\n|-start|p1a: Tropius|Substitute\n|-damage|p1a: Tropius|139/328 brn\n|-enditem|p1a: Tropius|Sitrus Berry|[eat]\n|-heal|p1a: Tropius|221/328 brn|[from] item: Sitrus Berry\n|move|p2a: Slowbro|Psychic|p1a: Tropius\n|-end|p1a: Tropius|Substitute\n|\n|-damage|p2a: Slowbro|193/307|[from] Leech Seed|[of] p1a: Tropius\n|-heal|p1a: Tropius|259/328 brn|[silent]\n|-damage|p1a: Tropius|239/328 brn|[from] brn\n|upkeep\n|turn|10\n|\n|t:|1732944373\n|move|p1a: Tropius|Protect|p1a: Tropius\n|-singleturn|p1a: Tropius|Protect\n|move|p2a: Slowbro|Psychic|p1a: Tropius\n|-activate|p1a: Tropius|move: Protect\n|\n|-damage|p2a: Slowbro|155/307|[from] Leech Seed|[of] p1a: Tropius\n|-heal|p1a: Tropius|277/328 brn|[silent]\n|-damage|p1a: Tropius|257/328 brn|[from] brn\n|-item|p1a: Tropius|Sitrus Berry|[from] ability: Harvest\n|upkeep\n|turn|11\n|\n|t:|1732944375\n|move|p1a: Tropius|Substitute|p1a: Tropius\n|-start|p1a: Tropius|Substitute\n|-damage|p1a: Tropius|175/328 brn\n|move|p2a: Slowbro|Psychic|p1a: Tropius\n|-end|p1a: Tropius|Substitute\n|\n|-damage|p2a: Slowbro|117/307|[from] Leech Seed|[of] p1a: Tropius\n|-heal|p1a: Tropius|213/328 brn|[silent]\n|-damage|p1a: Tropius|193/328 brn|[from] brn\n|upkeep\n|turn|12\n|\n|t:|1732944377\n|switch|p2a: Rotom|Rotom-Wash, L82|161/216\n|move|p1a: Tropius|Protect||[still]\n|-fail|p1a: Tropius\n|\n|-heal|p2a: Rotom|174/216|[from] item: Leftovers\n|-damage|p1a: Tropius|173/328 brn|[from] brn\n|upkeep\n|turn|13\n|\n|t:|1732944384\n|switch|p1a: Trevenant|Trevenant, L88, M|293/293\n|move|p2a: Rotom|Thunderbolt|p1a: Trevenant\n|-resisted|p1a: Trevenant\n|-crit|p1a: Trevenant\n|-damage|p1a: Trevenant|218/293\n|\n|-heal|p2a: Rotom|187/216|[from] item: Leftovers\n|upkeep\n|turn|14\n|\n|t:|1732944387\n|move|p2a: Rotom|Will-O-Wisp|p1a: Trevenant|[miss]\n|-miss|p2a: Rotom|p1a: Trevenant\n|move|p1a: Trevenant|Trick Room|p1a: Trevenant\n|-fieldstart|move: Trick Room|[of] p1a: Trevenant\n|\n|-heal|p2a: Rotom|200/216|[from] item: Leftovers\n|upkeep\n|turn|15\n|\n|t:|1732944394\n|switch|p2a: Smeargle|Smeargle, L95, F|258/258\n|move|p1a: Trevenant|Poltergeist|p2a: Smeargle\n|-immune|p2a: Smeargle\n|\n|upkeep\n|turn|16\n|\n|t:|1732944400\n|switch|p2a: Slowbro|Slowbro-Galar, L87, F|219/307\n|move|p1a: Trevenant|Drain Punch|p2a: Slowbro\n|-resisted|p2a: Slowbro\n|-damage|p2a: Slowbro|201/307\n|-heal|p1a: Trevenant|227/293|[from] drain|[of] p2a: Slowbro\n|-damage|p1a: Trevenant|179/293|[from] item: Rocky Helmet|[of] p2a: Slowbro\n|-damage|p1a: Trevenant|150/293|[from] item: Life Orb\n|\n|upkeep\n|turn|17\n|\n|t:|1732944410\n|switch|p2a: Rotom|Rotom-Wash, L82|200/216\n|switch|p1a: Bastiodon|Bastiodon, L89, F|252/252\n|\n|-heal|p2a: Rotom|213/216|[from] item: Leftovers\n|upkeep\n|turn|18\n|\n|t:|1732944418\n|move|p1a: Bastiodon|Body Press|p2a: Rotom\n|-damage|p2a: Rotom|128/216\n|move|p2a: Rotom|Nasty Plot|p2a: Rotom\n|-boost|p2a: Rotom|spa|2\n|\n|-heal|p2a: Rotom|141/216|[from] item: Leftovers\n|-fieldend|move: Trick Room\n|upkeep\n|turn|19\n|\n|t:|1732944422\n|move|p2a: Rotom|Hydro Pump|p1a: Bastiodon\n|-supereffective|p1a: Bastiodon\n|-damage|p1a: Bastiodon|0 fnt\n|faint|p1a: Bastiodon\n|\n|-heal|p2a: Rotom|154/216|[from] item: Leftovers\n|upkeep\n|\n|t:|1732944436\n|switch|p1a: Mienshao|Mienshao, L83, M|244/244\n|turn|20\n|\n|t:|1732944441\n|move|p1a: Mienshao|Fake Out|p2a: Rotom\n|-damage|p2a: Rotom|122/216\n|cant|p2a: Rotom|flinch\n|\n|-heal|p2a: Rotom|135/216|[from] item: Leftovers\n|upkeep\n|turn|21\n|\n|t:|1732944450\n|switch|p2a: Slowbro|Slowbro-Galar, L87, F|303/307\n|move|p1a: Mienshao|Close Combat|p2a: Slowbro\n|-resisted|p2a: Slowbro\n|-crit|p2a: Slowbro\n|-damage|p2a: Slowbro|248/307\n|-unboost|p1a: Mienshao|def|1\n|-unboost|p1a: Mienshao|spd|1\n|-damage|p1a: Mienshao|204/244|[from] item: Rocky Helmet|[of] p2a: Slowbro\n|\n|upkeep\n|turn|22\n|\n|t:|1732944453\n|move|p1a: Mienshao|Knock Off|p2a: Slowbro\n|-supereffective|p2a: Slowbro\n|-damage|p2a: Slowbro|98/307\n|-damage|p1a: Mienshao|164/244|[from] item: Rocky Helmet|[of] p2a: Slowbro\n|-enditem|p2a: Slowbro|Rocky Helmet|[from] move: Knock Off|[of] p1a: Mienshao\n|move|p2a: Slowbro|Psychic|p1a: Mienshao\n|-supereffective|p1a: Mienshao\n|-damage|p1a: Mienshao|0 fnt\n|faint|p1a: Mienshao\n|\n|upkeep\n|\n|t:|1732944466\n|switch|p1a: Eelektross|Eelektross, L87, M|290/290\n|turn|23\n|\n|t:|1732944469\n|move|p1a: Eelektross|Supercell Slam|p2a: Slowbro\n|-damage|p2a: Slowbro|0 fnt\n|faint|p2a: Slowbro\n|\n|upkeep\n|\n|t:|1732944473\n|switch|p2a: Smeargle|Smeargle, L95, F|258/258\n|turn|24\n|\n|t:|1732944493\n|switch|p1a: Tropius|Tropius, L91, M|173/328 brn\n|move|p2a: Smeargle|Ceaseless Edge|p1a: Tropius\n|-damage|p1a: Tropius|151/328 brn\n|-sidestart|p1: Allstar8743|Spikes\n|-enditem|p1a: Tropius|Sitrus Berry|[eat]\n|-heal|p1a: Tropius|233/328 brn|[from] item: Sitrus Berry\n|\n|-damage|p1a: Tropius|213/328 brn|[from] brn\n|-item|p1a: Tropius|Sitrus Berry|[from] ability: Harvest\n|upkeep\n|turn|25\n|\n|t:|1732944502\n|move|p1a: Tropius|Air Slash|p2a: Smeargle\n|-damage|p2a: Smeargle|143/258\n|cant|p2a: Smeargle|flinch\n|\n|-damage|p1a: Tropius|193/328 brn|[from] brn\n|upkeep\n|turn|26\n|\n|t:|1732944510\n|switch|p2a: Rotom|Rotom-Wash, L82|135/216\n|move|p1a: Tropius|Air Slash|p2a: Rotom\n|-resisted|p2a: Rotom\n|-damage|p2a: Rotom|100/216\n|\n|-heal|p2a: Rotom|113/216|[from] item: Leftovers\n|-damage|p1a: Tropius|173/328 brn|[from] brn\n|upkeep\n|turn|27\n|\n|t:|1732944518\n|move|p2a: Rotom|Nasty Plot|p2a: Rotom\n|-boost|p2a: Rotom|spa|2\n|move|p1a: Tropius|Leech Seed|p2a: Rotom\n|-start|p2a: Rotom|move: Leech Seed\n|\n|-heal|p2a: Rotom|126/216|[from] item: Leftovers\n|-damage|p2a: Rotom|99/216|[from] Leech Seed|[of] p1a: Tropius\n|-heal|p1a: Tropius|200/328 brn|[silent]\n|-damage|p1a: Tropius|180/328 brn|[from] brn\n|upkeep\n|turn|28\n|\n|t:|1732944522\n|move|p1a: Tropius|Protect|p1a: Tropius\n|-singleturn|p1a: Tropius|Protect\n|move|p2a: Rotom|Nasty Plot|p2a: Rotom\n|-boost|p2a: Rotom|spa|2\n|\n|-heal|p2a: Rotom|112/216|[from] item: Leftovers\n|-damage|p2a: Rotom|85/216|[from] Leech Seed|[of] p1a: Tropius\n|-heal|p1a: Tropius|207/328 brn|[silent]\n|-damage|p1a: Tropius|187/328 brn|[from] brn\n|upkeep\n|turn|29\n|\n|t:|1732944530\n|move|p2a: Rotom|Thunderbolt|p1a: Tropius\n|-damage|p1a: Tropius|0 fnt\n|faint|p1a: Tropius\n|\n|-heal|p2a: Rotom|98/216|[from] item: Leftovers\n|upkeep\n|\n|t:|1732944536\n|switch|p1a: Furret|Furret, L94, M|312/312\n|-damage|p1a: Furret|273/312|[from] Spikes\n|-item|p2a: Rotom|Leftovers|[from] ability: Frisk|[of] p1a: Furret\n|turn|30\n|\n|t:|1732944543\n|switch|p2a: Smeargle|Smeargle, L95, F|143/258\n|move|p1a: Furret|Knock Off|p2a: Smeargle\n|-damage|p2a: Smeargle|0 fnt\n|-enditem|p2a: Smeargle|Focus Sash|[from] move: Knock Off|[of] p1a: Furret\n|faint|p2a: Smeargle\n|\n|upkeep\n|\n|t:|1732944547\n|switch|p2a: Lycanroc|Lycanroc-Dusk, L80, F|251/251\n|turn|31\n|\n|t:|1732944552\n|switch|p1a: Eelektross|Eelektross, L87, M|290/290\n|move|p2a: Lycanroc|Stone Edge|p1a: Eelektross\n|-damage|p1a: Eelektross|100/290\n|\n|-heal|p1a: Eelektross|118/290|[from] item: Leftovers\n|upkeep\n|turn|32\n|\n|t:|1732944558\n|move|p2a: Lycanroc|Stone Edge|p1a: Eelektross\n|-damage|p1a: Eelektross|0 fnt\n|faint|p1a: Eelektross\n|\n|upkeep\n|\n|t:|1732944560\n|switch|p1a: Trevenant|Trevenant, L88, M|150/293\n|-damage|p1a: Trevenant|114/293|[from] Spikes\n|turn|33\n|\n|t:|1732944564\n|move|p2a: Lycanroc|Stone Edge|p1a: Trevenant|[miss]\n|-miss|p2a: Lycanroc|p1a: Trevenant\n|move|p1a: Trevenant|Trick Room|p1a: Trevenant\n|-fieldstart|move: Trick Room|[of] p1a: Trevenant\n|\n|upkeep\n|turn|34\n|\n|t:|1732944569\n|-terastallize|p2a: Lycanroc|Fighting\n|move|p1a: Trevenant|Wood Hammer|p2a: Lycanroc\n|-damage|p2a: Lycanroc|4/251\n|-damage|p1a: Trevenant|32/293|[from] Recoil\n|-damage|p1a: Trevenant|3/293|[from] item: Life Orb\n|move|p2a: Lycanroc|Stone Edge|p1a: Trevenant\n|-crit|p1a: Trevenant\n|-damage|p1a: Trevenant|0 fnt\n|faint|p1a: Trevenant\n|\n|upkeep\n|\n|t:|1732944575\n|switch|p1a: Furret|Furret, L94, M|273/312\n|-damage|p1a: Furret|234/312|[from] Spikes\n|-item|p2a: Lycanroc|Choice Band|[from] ability: Frisk|[of] p1a: Furret\n|turn|35\n|\n|t:|1732944580\n|switch|p2a: Rotom|Rotom-Wash, L82|98/216\n|-terastallize|p1a: Furret|Ghost\n|move|p1a: Furret|Double-Edge|p2a: Rotom\n|-damage|p2a: Rotom|0 fnt\n|faint|p2a: Rotom\n|-damage|p1a: Furret|202/312|[from] Recoil\n|\n|upkeep\n|\n|t:|1732944584\n|switch|p2a: Lycanroc|Lycanroc-Dusk, L80, F, tera:Fighting|4/251\n|turn|36\n|\n|t:|1732944587\n|move|p2a: Lycanroc|Throat Chop|p1a: Furret\n|-supereffective|p1a: Furret\n|-crit|p1a: Furret\n|-damage|p1a: Furret|0 fnt\n|faint|p1a: Furret\n|\n|win|ilynohomo998\n|raw|Allstar8743's rating: 1793 &rarr; <strong>1776</strong><br />(-17 for losing)\n|raw|ilynohomo998's rating: 1838 &rarr; <strong>1855</strong><br />(+17 for winning)\n|l|\u2606Allstar8743\n|player|p1|\n", "inputlog": ">version b107d77f5c90bd6555267ae244a6264823309ead\n>start {\"formatid\":\"gen9randombattle\",\"seed\":[52154,55030,49705,11091],\"rated\":\"Rated battle\"}\n>player p1 {\"name\":\"Allstar8743\",\"avatar\":\"ninjaboy\",\"rating\":1793,\"seed\":[55770,24217,52531,11962]}\n>player p2 {\"name\":\"ilynohomo998\",\"avatar\":\"miku-water\",\"rating\":1838,\"seed\":[21588,400,34578,40680]}\n>p1 move substitute\n>p2 move willowisp\n>p1 move leechseed\n>p2 move thunderbolt\n>p1 move protect\n>p2 move nastyplot\n>p1 move substitute\n>p2 move thunderbolt\n>p1 move airslash\n>p2 switch 2\n>p1 move airslash\n>p2 move bugbuzz\n>p2 switch 3\n>p1 move leechseed\n>p2 move shellsidearm\n>p1 move protect\n>p2 move psychic\n>p1 move substitute\n>p2 move psychic\n>p1 move protect\n>p2 move psychic\n>p1 move substitute\n>p2 move psychic\n>p1 move protect\n>p2 switch 2\n>p1 switch 4\n>p2 move thunderbolt\n>p1 move trickroom\n>p2 move willowisp\n>p1 move poltergeist\n>p2 switch 4\n>p1 move drainpunch\n>p2 switch 2\n>p1 switch 5\n>p2 switch 4\n>p1 move bodypress\n>p2 move nastyplot\n>p1 move bodypress\n>p2 move hydropump\n>p1 switch 2\n>p1 move fakeout\n>p2 move thunderbolt\n>p1 move closecombat\n>p2 switch 4\n>p1 move knockoff\n>p2 move psychic\n>p1 switch 6\n>p1 move supercellslam\n>p2 move slackoff\n>p2 switch 2\n>p1 switch 4\n>p2 move ceaselessedge\n>p1 move airslash\n>p2 move whirlwind\n>p1 move airslash\n>p2 switch 4\n>p1 move leechseed\n>p2 move nastyplot\n>p1 move protect\n>p2 move nastyplot\n>p1 move substitute\n>p2 move thunderbolt\n>p1 switch 3\n>p1 move knockoff\n>p2 switch 4\n>p2 switch 6\n>p1 switch 4\n>p2 move stoneedge\n>p1 move supercellslam\n>p2 move stoneedge\n>p1 switch 5\n>p1 move trickroom\n>p2 move stoneedge\n>p1 move woodhammer\n>p2 move stoneedge terastallize\n>p1 switch 4\n>p1 move doubleedge terastallize\n>p2 switch 4\n>p2 switch 4\n>p1 move doubleedge\n>p2 move throatchop", "uploadtime": 1732944591, "views": 16, "formatid": "gen9randombattle", "rating": 1776, "private": 0, "password": null}