{"id": "gen9randombattle-2253930745", "format": "[Gen 9] Random Battle", "players": ["coveycorner", "bi hunk"], "log": "|j|\u2606coveycorner\n|j|\u2606bi hunk\n|t:|1732966205\n|gametype|singles\n|player|p1|coveycorner|170|1598\n|player|p2|bi hunk|milo|1652\n|teamsize|p1|6\n|teamsize|p2|6\n|gen|9\n|tier|[Gen 9] Random Battle\n|rated|\n|rule|Species Clause: Limit one of each Pok\u00e9mon\n|rule|HP Percentage Mod: HP is shown in percentages\n|rule|Sleep Clause Mod: Limit one foe put to sleep\n|rule|Illusion Level Mod: Illusion disguises the Pok\u00e9mon's true level\n|\n|t:|1732966205\n|start\n|switch|p1a: Giratina|Giratina-Origin, L72|335/335\n|switch|p2a: Ampharos|Ampharos, L88, M|302/302\n|turn|1\n|inactive|Battle timer is ON: inactive players will automatically lose when time's up. (requested by bi hunk)\n|inactive|bi hunk has 120 seconds left.\n|\n|t:|1732966236\n|move|p1a: Giratina|Poltergeist|p2a: Ampharos|[miss]\n|-miss|p1a: Giratina|p2a: Ampharos\n|move|p2a: Ampharos|Dazzling Gleam|p1a: Giratina\n|-supereffective|p1a: Giratina\n|-damage|p1a: Giratina|191/335\n|\n|upkeep\n|turn|2\n|\n|t:|1732966245\n|move|p1a: Giratina|Poltergeist|p2a: Ampharos\n|-activate|p2a: Ampharos|move: Poltergeist|Assault Vest\n|-damage|p2a: Ampharos|176/302\n|move|p2a: Ampharos|Dazzling Gleam|p1a: Giratina\n|-supereffective|p1a: Giratina\n|-damage|p1a: Giratina|45/335\n|\n|upkeep\n|turn|3\n|\n|t:|1732966253\n|move|p1a: Giratina|Poltergeist|p2a: Ampharos\n|-activate|p2a: Ampharos|move: Poltergeist|Assault Vest\n|-damage|p2a: Ampharos|59/302\n|move|p2a: Ampharos|Volt Switch|p1a: Giratina\n|-resisted|p1a: Giratina\n|-damage|p1a: Giratina|0 fnt\n|faint|p1a: Giratina\n|\n|t:|1732966261\n|switch|p2a: Solgaleo|Solgaleo, L74|325/325|[from] Volt Switch\n|\n|upkeep\n|\n|t:|1732966272\n|switch|p1a: Misdreavus|Misdreavus, L90, M|254/254\n|turn|4\n|\n|t:|1732966281\n|switch|p2a: Spidops|Spidops, L96, M|271/271\n|move|p1a: Misdreavus|Will-O-Wisp|p2a: Spidops\n|-status|p2a: Spidops|brn\n|\n|-damage|p2a: Spidops|255/271 brn|[from] brn\n|upkeep\n|turn|5\n|\n|t:|1732966287\n|move|p1a: Misdreavus|Calm Mind|p1a: Misdreavus\n|-boost|p1a: Misdreavus|spa|1\n|-boost|p1a: Misdreavus|spd|1\n|move|p2a: Spidops|Knock Off|p1a: Misdreavus\n|-supereffective|p1a: Misdreavus\n|-damage|p1a: Misdreavus|188/254\n|-enditem|p1a: Misdreavus|Eviolite|[from] move: Knock Off|[of] p2a: Spidops\n|\n|-damage|p2a: Spidops|239/271 brn|[from] brn\n|upkeep\n|turn|6\n|\n|t:|1732966289\n|move|p1a: Misdreavus|Calm Mind|p1a: Misdreavus\n|-boost|p1a: Misdreavus|spa|1\n|-boost|p1a: Misdreavus|spd|1\n|move|p2a: Spidops|Sticky Web|p1a: Misdreavus\n|-sidestart|p1: coveycorner|move: Sticky Web\n|\n|-damage|p2a: Spidops|223/271 brn|[from] brn\n|upkeep\n|turn|7\n|\n|t:|1732966294\n|move|p1a: Misdreavus|Draining Kiss|p2a: Spidops\n|-damage|p2a: Spidops|153/271 brn\n|-heal|p1a: Misdreavus|241/254|[from] drain|[of] p2a: Spidops\n|move|p2a: Spidops|Toxic Spikes|p1a: Misdreavus\n|-sidestart|p1: coveycorner|move: Toxic Spikes\n|\n|-damage|p2a: Spidops|137/271 brn|[from] brn\n|upkeep\n|turn|8\n|\n|t:|1732966298\n|move|p1a: Misdreavus|Draining Kiss|p2a: Spidops\n|-damage|p2a: Spidops|68/271 brn\n|-heal|p1a: Misdreavus|254/254|[from] drain|[of] p2a: Spidops\n|move|p2a: Spidops|Toxic Spikes|p1a: Misdreavus\n|-sidestart|p1: coveycorner|move: Toxic Spikes\n|\n|-damage|p2a: Spidops|52/271 brn|[from] brn\n|upkeep\n|turn|9\n|\n|t:|1732966302\n|switch|p2a: Ampharos|Ampharos, L88, M|59/302\n|move|p1a: Misdreavus|Draining Kiss|p2a: Ampharos\n|-damage|p2a: Ampharos|8/302\n|\n|upkeep\n|turn|10\n|\n|t:|1732966317\n|move|p1a: Misdreavus|Shadow Ball|p2a: Ampharos\n|-damage|p2a: Ampharos|0 fnt\n|faint|p2a: Ampharos\n|\n|upkeep\n|\n|t:|1732966331\n|switch|p2a: Ditto|Ditto, L87|225/225\n|-transform|p2a: Ditto|p1a: Misdreavus|[from] ability: Imposter\n|turn|11\n|\n|t:|1732966342\n|-terastallize|p1a: Misdreavus|Fairy\n|move|p2a: Ditto|Shadow Ball|p1a: Misdreavus\n|-damage|p1a: Misdreavus|178/254\n|move|p1a: Misdreavus|Shadow Ball|p2a: Ditto\n|-supereffective|p2a: Ditto\n|-damage|p2a: Ditto|61/225\n|\n|upkeep\n|turn|12\n|\n|t:|1732966353\n|switch|p2a: Spidops|Spidops, L96, M|52/271 brn\n|move|p1a: Misdreavus|Shadow Ball|p2a: Spidops\n|-damage|p2a: Spidops|0 fnt\n|faint|p2a: Spidops\n|\n|upkeep\n|\n|t:|1732966357\n|switch|p2a: Piloswine|Piloswine, L85, F|309/309\n|turn|13\n|\n|t:|1732966362\n|move|p1a: Misdreavus|Will-O-Wisp|p2a: Piloswine\n|-status|p2a: Piloswine|brn\n|move|p2a: Piloswine|Roar|p1a: Misdreavus\n|drag|p1a: Raging Bolt|Raging Bolt, L78|323/323\n|-activate|p1a: Raging Bolt|move: Sticky Web\n|-unboost|p1a: Raging Bolt|spe|1\n|-status|p1a: Raging Bolt|tox\n|\n|-damage|p1a: Raging Bolt|303/323 tox|[from] psn\n|-damage|p2a: Piloswine|290/309 brn|[from] brn\n|upkeep\n|turn|14\n|\n|t:|1732966379\n|move|p2a: Piloswine|Icicle Crash|p1a: Raging Bolt|[miss]\n|-miss|p2a: Piloswine|p1a: Raging Bolt\n|move|p1a: Raging Bolt|Draco Meteor|p2a: Piloswine\n|-damage|p2a: Piloswine|146/309 brn\n|-unboost|p1a: Raging Bolt|spa|2\n|\n|-damage|p1a: Raging Bolt|263/323 tox|[from] psn\n|-damage|p2a: Piloswine|127/309 brn|[from] brn\n|upkeep\n|turn|15\n|\n|t:|1732966389\n|-end|p1a: Raging Bolt|Protosynthesis|[silent]\n|switch|p1a: Misdreavus|Misdreavus, L90, M, tera:Fairy|178/254\n|move|p2a: Piloswine|Icicle Crash|p1a: Misdreavus\n|-damage|p1a: Misdreavus|116/254\n|\n|-damage|p2a: Piloswine|108/309 brn|[from] brn\n|upkeep\n|turn|16\n|\n|t:|1732966396\n|move|p1a: Misdreavus|Draining Kiss|p2a: Piloswine\n|-damage|p2a: Piloswine|47/309 brn\n|-heal|p1a: Misdreavus|162/254|[from] drain|[of] p2a: Piloswine\n|move|p2a: Piloswine|Roar|p1a: Misdreavus\n|drag|p1a: Slither Wing|Slither Wing, L81|270/270\n|-activate|p1a: Slither Wing|move: Sticky Web\n|-unboost|p1a: Slither Wing|spe|1\n|-status|p1a: Slither Wing|tox\n|-enditem|p1a: Slither Wing|Booster Energy\n|-activate|p1a: Slither Wing|ability: Protosynthesis|[fromitem]\n|-start|p1a: Slither Wing|protosynthesisatk\n|\n|-damage|p1a: Slither Wing|254/270 tox|[from] psn\n|-damage|p2a: Piloswine|28/309 brn|[from] brn\n|upkeep\n|turn|17\n|\n|t:|1732966404\n|move|p2a: Piloswine|Icicle Crash|p1a: Slither Wing\n|-damage|p1a: Slither Wing|200/270 tox\n|cant|p1a: Slither Wing|flinch\n|\n|-damage|p1a: Slither Wing|168/270 tox|[from] psn\n|-damage|p2a: Piloswine|9/309 brn|[from] brn\n|upkeep\n|turn|18\n|\n|t:|1732966409\n|move|p2a: Piloswine|Icicle Crash|p1a: Slither Wing\n|-damage|p1a: Slither Wing|113/270 tox\n|cant|p1a: Slither Wing|flinch\n|\n|-damage|p1a: Slither Wing|65/270 tox|[from] psn\n|-damage|p2a: Piloswine|0 fnt|[from] brn\n|faint|p2a: Piloswine\n|upkeep\n|\n|t:|1732966419\n|switch|p2a: Solgaleo|Solgaleo, L74|325/325\n|turn|19\n|\n|t:|1732966427\n|move|p2a: Solgaleo|Flame Charge|p1a: Slither Wing\n|-supereffective|p1a: Slither Wing\n|-damage|p1a: Slither Wing|0 fnt\n|-boost|p2a: Solgaleo|spe|1\n|faint|p1a: Slither Wing\n|-end|p1a: Slither Wing|Protosynthesis|[silent]\n|\n|upkeep\n|\n|t:|1732966432\n|switch|p1a: Sandslash|Sandslash, L88, M|275/275\n|-activate|p1a: Sandslash|move: Sticky Web\n|-unboost|p1a: Sandslash|spe|1\n|-status|p1a: Sandslash|tox\n|turn|20\n|\n|t:|1732966438\n|move|p2a: Solgaleo|Psychic|p1a: Sandslash\n|-damage|p1a: Sandslash|158/275 tox\n|move|p1a: Sandslash|Knock Off|p2a: Solgaleo\n|-supereffective|p2a: Solgaleo\n|-damage|p2a: Solgaleo|181/325\n|-enditem|p2a: Solgaleo|Weakness Policy\n|-boost|p2a: Solgaleo|atk|2|[from] item: Weakness Policy\n|-boost|p2a: Solgaleo|spa|2|[from] item: Weakness Policy\n|\n|-heal|p1a: Sandslash|175/275 tox|[from] item: Leftovers\n|-damage|p1a: Sandslash|158/275 tox|[from] psn\n|upkeep\n|turn|21\n|\n|t:|1732966446\n|move|p2a: Solgaleo|Psychic|p1a: Sandslash\n|-damage|p1a: Sandslash|0 fnt\n|faint|p1a: Sandslash\n|\n|upkeep\n|l|\u2606coveycorner\n|inactive|coveycorner disconnected and has a minute to reconnect!\n|player|p1|\n|inactive|coveycorner has 30 seconds to reconnect!\n|inactive|coveycorner has 20 seconds to reconnect!\n|inactive|coveycorner has 15 seconds to reconnect!\n|inactive|coveycorner has 10 seconds to reconnect!\n|inactive|coveycorner has 5 seconds to reconnect!\n|-message|coveycorner lost due to inactivity.\n|\n|win|bi hunk\n|raw|coveycorner's rating: 1598 &rarr; <strong>1581</strong><br />(-17 for losing)\n|raw|bi hunk's rating: 1652 &rarr; <strong>1669</strong><br />(+17 for winning)\n", "inputlog": ">version b107d77f5c90bd6555267ae244a6264823309ead\n>start {\"formatid\":\"gen9randombattle\",\"seed\":[49463,62599,46052,8722],\"rated\":\"Rated battle\"}\n>player p1 {\"name\":\"coveycorner\",\"avatar\":\"170\",\"rating\":1598,\"seed\":[30372,24171,59659,53957]}\n>player p2 {\"name\":\"bi hunk\",\"avatar\":\"milo\",\"rating\":1652,\"seed\":[59513,30955,59929,10280]}\n>p1 move poltergeist\n>p2 move dazzlinggleam\n>p1 move poltergeist\n>p2 move dazzlinggleam\n>p1 move poltergeist\n>p2 move voltswitch\n>p2 switch 4\n>p1 switch 6\n>p1 move willowisp\n>p2 switch 6\n>p1 move calmmind\n>p2 move knockoff\n>p1 move calmmind\n>p2 move stickyweb\n>p1 move drainingkiss\n>p2 move toxicspikes\n>p1 move drainingkiss\n>p2 move toxicspikes\n>p1 move drainingkiss\n>p2 switch 4\n>p1 move shadowball\n>p2 move voltswitch\n>p2 switch 5\n>p1 move shadowball terastallize\n>p2 move shadowball\n>p1 move shadowball\n>p2 switch 4\n>p2 switch 3\n>p1 move willowisp\n>p2 move roar\n>p1 move dracometeor\n>p2 move iciclecrash\n>p1 switch 4\n>p2 move iciclecrash\n>p1 move drainingkiss\n>p2 move roar\n>p1 move flamecharge\n>p2 move iciclecrash\n>p1 move flamecharge\n>p2 move iciclecrash\n>p2 switch 6\n>p1 move closecombat\n>p2 move flamecharge\n>p1 switch 2\n>p1 move knockoff\n>p2 move psychic\n>p1 move earthquake\n>p2 move psychic\n>forcelose p1", "uploadtime": 1732966509, "views": 1, "formatid": "gen9randombattle", "rating": 1581, "private": 0, "password": null}