{"id": "gen9randombattle-2254043367", "format": "[Gen 9] Random Battle", "players": ["RyanJok", "Deyrlon"], "log": "|j|\u2606RyanJok\n|j|\u2606Deyrlon\n|t:|1732984088\n|gametype|singles\n|player|p1|RyanJok|169|1228\n|player|p2|Deyrlon|alder|1252\n|teamsize|p1|6\n|teamsize|p2|6\n|gen|9\n|tier|[Gen 9] Random Battle\n|rated|\n|rule|Species Clause: Limit one of each Pok\u00e9mon\n|rule|HP Percentage Mod: HP is shown in percentages\n|rule|Sleep Clause Mod: Limit one foe put to sleep\n|rule|Illusion Level Mod: Illusion disguises the Pok\u00e9mon's true level\n|\n|t:|1732984088\n|start\n|switch|p1a: Yanmega|Yanmega, L82, M|275/275\n|switch|p2a: Revavroom|Revavroom, L79, M|256/256\n|turn|1\n|inactive|Battle timer is ON: inactive players will automatically lose when time's up. (requested by Deyrlon)\n|\n|t:|1732984115\n|move|p1a: Yanmega|Tera Blast|p2a: Revavroom\n|-resisted|p2a: Revavroom\n|-damage|p2a: Revavroom|217/256\n|move|p2a: Revavroom|Shift Gear|p2a: Revavroom\n|-boost|p2a: Revavroom|spe|2\n|-boost|p2a: Revavroom|atk|1\n|\n|-ability|p1a: Yanmega|Speed Boost|boost\n|-boost|p1a: Yanmega|spe|1\n|upkeep\n|turn|2\n|\n|t:|1732984129\n|move|p2a: Revavroom|Shift Gear|p2a: Revavroom\n|-boost|p2a: Revavroom|spe|2\n|-boost|p2a: Revavroom|atk|1\n|move|p1a: Yanmega|Bug Buzz|p2a: Revavroom\n|-resisted|p2a: Revavroom\n|-damage|p2a: Revavroom|186/256\n|\n|-ability|p1a: Yanmega|Speed Boost|boost\n|-boost|p1a: Yanmega|spe|1\n|upkeep\n|turn|3\n|\n|t:|1732984142\n|move|p2a: Revavroom|Shift Gear|p2a: Revavroom\n|-boost|p2a: Revavroom|spe|2\n|-boost|p2a: Revavroom|atk|1\n|move|p1a: Yanmega|Air Slash|p2a: Revavroom\n|-resisted|p2a: Revavroom\n|-damage|p2a: Revavroom|133/256\n|\n|-ability|p1a: Yanmega|Speed Boost|boost\n|-boost|p1a: Yanmega|spe|1\n|upkeep\n|turn|4\n|\n|t:|1732984162\n|move|p2a: Revavroom|High Horsepower|p1a: Yanmega\n|-immune|p1a: Yanmega\n|move|p1a: Yanmega|Air Slash|p2a: Revavroom\n|-resisted|p2a: Revavroom\n|-damage|p2a: Revavroom|76/256\n|\n|-ability|p1a: Yanmega|Speed Boost|boost\n|-boost|p1a: Yanmega|spe|1\n|upkeep\n|turn|5\n|\n|t:|1732984174\n|move|p2a: Revavroom|Iron Head|p1a: Yanmega\n|-damage|p1a: Yanmega|0 fnt\n|faint|p1a: Yanmega\n|-damage|p2a: Revavroom|51/256|[from] item: Life Orb\n|\n|upkeep\n|\n|t:|1732984189\n|switch|p1a: Scrafty|Scrafty, L84, M|246/246\n|-ability|p1a: Scrafty|Intimidate|boost\n|-unboost|p2a: Revavroom|atk|1\n|turn|6\n|\n|t:|1732984203\n|move|p2a: Revavroom|Gunk Shot|p1a: Scrafty|[miss]\n|-miss|p2a: Revavroom|p1a: Scrafty\n|move|p1a: Scrafty|Close Combat|p2a: Revavroom\n|-damage|p2a: Revavroom|0 fnt\n|-unboost|p1a: Scrafty|def|1\n|-unboost|p1a: Scrafty|spd|1\n|faint|p2a: Revavroom\n|-damage|p1a: Scrafty|222/246|[from] item: Life Orb\n|\n|upkeep\n|inactive|Deyrlon has 120 seconds left.\n|\n|t:|1732984229\n|switch|p2a: Luvdisc|Luvdisc, M|247/247\n|turn|7\n|\n|t:|1732984237\n|move|p2a: Luvdisc|Surf|p1a: Scrafty\n|-damage|p1a: Scrafty|131/246\n|move|p1a: Scrafty|Dragon Dance|p1a: Scrafty\n|-boost|p1a: Scrafty|atk|1\n|-boost|p1a: Scrafty|spe|1\n|\n|upkeep\n|turn|8\n|\n|t:|1732984247\n|move|p2a: Luvdisc|Surf|p1a: Scrafty\n|-damage|p1a: Scrafty|44/246\n|move|p1a: Scrafty|Poison Jab|p2a: Luvdisc\n|-crit|p2a: Luvdisc\n|-damage|p2a: Luvdisc|72/247\n|-status|p2a: Luvdisc|psn\n|-damage|p1a: Scrafty|20/246|[from] item: Life Orb\n|\n|-damage|p2a: Luvdisc|42/247 psn|[from] psn\n|upkeep\n|turn|9\n|\n|t:|1732984263\n|move|p2a: Luvdisc|Surf|p1a: Scrafty\n|-damage|p1a: Scrafty|0 fnt\n|faint|p1a: Scrafty\n|\n|-damage|p2a: Luvdisc|12/247 psn|[from] psn\n|upkeep\n|\n|t:|1732984269\n|switch|p1a: Toxapex|Toxapex, L82, M|216/216\n|turn|10\n|\n|t:|1732984285\n|move|p2a: Luvdisc|Endeavor|p1a: Toxapex\n|-damage|p1a: Toxapex|12/216\n|move|p1a: Toxapex|Toxic Spikes|p2a: Luvdisc\n|-sidestart|p2: Deyrlon|move: Toxic Spikes\n|\n|-heal|p1a: Toxapex|25/216|[from] item: Leftovers\n|-damage|p2a: Luvdisc|0 fnt|[from] psn\n|faint|p2a: Luvdisc\n|upkeep\n|inactive|Deyrlon has 120 seconds left.\n|\n|t:|1732984306\n|switch|p2a: Appletun|Appletun, L92, M|352/352\n|-status|p2a: Appletun|psn\n|turn|11\n|\n|t:|1732984319\n|move|p2a: Appletun|Apple Acid|p1a: Toxapex\n|-damage|p1a: Toxapex|0 fnt\n|faint|p1a: Toxapex\n|\n|-damage|p2a: Appletun|308/352 psn|[from] psn\n|upkeep\n|\n|t:|1732984326\n|switch|p1a: Gumshoos|Gumshoos, L95, M|321/321\n|turn|12\n|inactive|Deyrlon has 120 seconds left.\n|\n|t:|1732984336\n|move|p1a: Gumshoos|Earthquake|p2a: Appletun\n|-resisted|p2a: Appletun\n|-damage|p2a: Appletun|240/352 psn\n|move|p2a: Appletun|Leech Seed|p1a: Gumshoos\n|-start|p1a: Gumshoos|move: Leech Seed\n|\n|-heal|p2a: Appletun|262/352 psn|[from] item: Leftovers\n|-damage|p1a: Gumshoos|281/321|[from] Leech Seed|[of] p2a: Appletun\n|-heal|p2a: Appletun|302/352 psn|[silent]\n|-damage|p2a: Appletun|258/352 psn|[from] psn\n|upkeep\n|turn|13\n|inactive|Deyrlon has 120 seconds left.\n|\n|t:|1732984353\n|switch|p1a: Kleavor|Kleavor, L78, F|237/237\n|move|p2a: Appletun|Dragon Pulse|p1a: Kleavor\n|-damage|p1a: Kleavor|102/237\n|\n|-heal|p2a: Appletun|280/352 psn|[from] item: Leftovers\n|-damage|p2a: Appletun|236/352 psn|[from] psn\n|upkeep\n|turn|14\n|inactive|Deyrlon has 120 seconds left.\n|\n|t:|1732984372\n|move|p1a: Kleavor|Close Combat|p2a: Appletun\n|-damage|p2a: Appletun|137/352 psn\n|-unboost|p1a: Kleavor|def|1\n|-unboost|p1a: Kleavor|spd|1\n|move|p2a: Appletun|Dragon Pulse|p1a: Kleavor\n|-damage|p1a: Kleavor|0 fnt\n|faint|p1a: Kleavor\n|\n|-heal|p2a: Appletun|159/352 psn|[from] item: Leftovers\n|-damage|p2a: Appletun|115/352 psn|[from] psn\n|upkeep\n|\n|t:|1732984381\n|switch|p1a: Gumshoos|Gumshoos, L95, M|281/321\n|turn|15\n|inactive|Deyrlon has 120 seconds left.\n|\n|t:|1732984392\n|move|p1a: Gumshoos|Double-Edge|p2a: Appletun\n|-damage|p2a: Appletun|0 fnt\n|faint|p2a: Appletun\n|-damage|p1a: Gumshoos|243/321|[from] Recoil\n|\n|upkeep\n|inactive|Deyrlon has 120 seconds left.\n|\n|t:|1732984405\n|switch|p2a: Incineroar|Incineroar, L82, M|290/290\n|-ability|p2a: Incineroar|Intimidate|boost\n|-unboost|p1a: Gumshoos|atk|1\n|turn|16\n|inactive|Deyrlon has 120 seconds left.\n|\n|t:|1732984423\n|switch|p1a: Darkrai|Darkrai, L77|234/234\n|move|p2a: Incineroar|Knock Off|p1a: Darkrai\n|-resisted|p1a: Darkrai\n|-damage|p1a: Darkrai|169/234\n|-enditem|p1a: Darkrai|Leftovers|[from] move: Knock Off|[of] p2a: Incineroar\n|\n|upkeep\n|turn|17\n|\n|t:|1732984435\n|move|p1a: Darkrai|Substitute|p1a: Darkrai\n|-start|p1a: Darkrai|Substitute\n|-damage|p1a: Darkrai|111/234\n|move|p2a: Incineroar|Swords Dance|p2a: Incineroar\n|-boost|p2a: Incineroar|atk|2\n|\n|upkeep\n|turn|18\n|\n|t:|1732984452\n|move|p1a: Darkrai|Nasty Plot|p1a: Darkrai\n|-boost|p1a: Darkrai|spa|2\n|move|p2a: Incineroar|Flare Blitz|p1a: Darkrai\n|-end|p1a: Darkrai|Substitute\n|-damage|p2a: Incineroar|271/290|[from] Recoil|[of] p1a: Darkrai\n|\n|upkeep\n|turn|19\n|\n|t:|1732984464\n|move|p1a: Darkrai|Sludge Bomb|p2a: Incineroar\n|-crit|p2a: Incineroar\n|-damage|p2a: Incineroar|58/290\n|move|p2a: Incineroar|Flare Blitz|p1a: Darkrai\n|-damage|p1a: Darkrai|0 fnt\n|faint|p1a: Darkrai\n|-damage|p2a: Incineroar|21/290|[from] Recoil\n|\n|upkeep\n|\n|t:|1732984469\n|switch|p1a: Gumshoos|Gumshoos, L95, M|243/321\n|turn|20\n|\n|t:|1732984479\n|move|p2a: Incineroar|Flare Blitz|p1a: Gumshoos\n|-damage|p1a: Gumshoos|0 fnt\n|faint|p1a: Gumshoos\n|-damage|p2a: Incineroar|0 fnt|[from] Recoil\n|faint|p2a: Incineroar\n|\n|win|Deyrlon\n|raw|RyanJok's rating: 1228 &rarr; <strong>1205</strong><br />(-23 for losing)\n|raw|Deyrlon's rating: 1252 &rarr; <strong>1275</strong><br />(+23 for winning)\n|l|\u2606RyanJok\n|player|p1|\n", "inputlog": ">version b107d77f5c90bd6555267ae244a6264823309ead\n>start {\"formatid\":\"gen9randombattle\",\"seed\":[4742,49830,82,57482],\"rated\":\"Rated battle\"}\n>player p1 {\"name\":\"RyanJok\",\"avatar\":\"169\",\"rating\":1228,\"seed\":[57546,27661,3988,33543]}\n>player p2 {\"name\":\"Deyrlon\",\"avatar\":\"alder\",\"rating\":1252,\"seed\":[36727,53989,25557,64113]}\n>p1 move terablast\n>p2 move shiftgear\n>p1 move bugbuzz\n>p2 move shiftgear\n>p1 move airslash\n>p2 move shiftgear\n>p1 move airslash\n>p2 move highhorsepower\n>p1 move airslash\n>p2 move ironhead\n>p1 switch 4\n>p1 move closecombat\n>p2 move gunkshot\n>p2 switch 6\n>p1 move dragondance\n>p2 move surf\n>p1 move poisonjab\n>p2 move surf\n>p1 move knockoff\n>p2 move surf\n>p1 switch 3\n>p1 move toxicspikes\n>p2 move endeavor\n>p2 switch 2\n>p1 move recover\n>p2 move appleacid\n>p1 switch 2\n>p1 move earthquake\n>p2 move leechseed\n>p1 switch 6\n>p2 move dragonpulse\n>p1 move closecombat\n>p2 move dragonpulse\n>p1 switch 6\n>p1 move doubleedge\n>p2 move leechseed\n>p2 switch 4\n>p1 switch 5\n>p2 move knockoff\n>p1 move substitute\n>p2 move swordsdance\n>p1 move nastyplot\n>p2 move flareblitz\n>p1 move sludgebomb\n>p2 move flareblitz\n>p1 switch 5\n>p1 move earthquake\n>p2 move flareblitz", "uploadtime": 1732984493, "views": 1, "formatid": "gen9randombattle", "rating": 1205, "private": 0, "password": null}