{"id": "gen9randombattle-2253997661", "format": "[Gen 9] Random Battle", "players": ["abelak450", "Oh didufgh"], "log": "|j|\u2606abelak450\n|j|\u2606Oh didufgh\n|t:|1732977739\n|gametype|singles\n|player|p1|abelak450|265|1139\n|player|p2|Oh didufgh|265|1201\n|teamsize|p1|6\n|teamsize|p2|6\n|gen|9\n|tier|[Gen 9] Random Battle\n|rated|\n|rule|Species Clause: Limit one of each Pok\u00e9mon\n|rule|HP Percentage Mod: HP is shown in percentages\n|rule|Sleep Clause Mod: Limit one foe put to sleep\n|rule|Illusion Level Mod: Illusion disguises the Pok\u00e9mon's true level\n|\n|t:|1732977739\n|start\n|switch|p1a: Clawitzer|Clawitzer, L87, F|265/265\n|switch|p2a: Slaking|Slaking, L84, M|389/389\n|turn|1\n|\n|t:|1732977746\n|move|p2a: Slaking|Double-Edge|p1a: Clawitzer\n|-damage|p1a: Clawitzer|69/265\n|-damage|p2a: Slaking|324/389|[from] Recoil\n|move|p1a: Clawitzer|Aura Sphere|p2a: Slaking\n|-supereffective|p2a: Slaking\n|-damage|p2a: Slaking|0 fnt\n|faint|p2a: Slaking\n|\n|upkeep\n|\n|t:|1732977760\n|switch|p2a: Glastrier|Glastrier, L86|311/311\n|turn|2\n|\n|t:|1732977767\n|move|p1a: Clawitzer|Aura Sphere|p2a: Glastrier\n|-supereffective|p2a: Glastrier\n|-damage|p2a: Glastrier|57/311\n|move|p2a: Glastrier|Heavy Slam|p1a: Clawitzer\n|-resisted|p1a: Clawitzer\n|-damage|p1a: Clawitzer|0 fnt\n|faint|p1a: Clawitzer\n|-ability|p2a: Glastrier|Chilling Neigh|boost\n|-boost|p2a: Glastrier|atk|1\n|\n|upkeep\n|\n|t:|1732977786\n|switch|p1a: Stonjourner|Stonjourner, L91, F|330/330\n|turn|3\n|\n|t:|1732977813\n|move|p1a: Stonjourner|Stone Edge|p2a: Glastrier\n|-supereffective|p2a: Glastrier\n|-damage|p2a: Glastrier|0 fnt\n|faint|p2a: Glastrier\n|-damage|p1a: Stonjourner|297/330|[from] item: Life Orb\n|\n|upkeep\n|\n|t:|1732977817\n|switch|p2a: Lurantis|Lurantis, L87, M|264/264\n|turn|4\n|\n|t:|1732977825\n|-terastallize|p1a: Stonjourner|Fire\n|move|p1a: Stonjourner|Rock Polish|p1a: Stonjourner\n|-boost|p1a: Stonjourner|spe|2\n|move|p2a: Lurantis|Leaf Storm|p1a: Stonjourner\n|-resisted|p1a: Stonjourner\n|-damage|p1a: Stonjourner|159/330\n|-boost|p2a: Lurantis|spa|2\n|\n|upkeep\n|turn|5\n|\n|t:|1732977832\n|move|p1a: Stonjourner|Heat Crash|p2a: Lurantis\n|-supereffective|p2a: Lurantis\n|-damage|p2a: Lurantis|0 fnt\n|faint|p2a: Lurantis\n|-damage|p1a: Stonjourner|126/330|[from] item: Life Orb\n|\n|upkeep\n|\n|t:|1732977842\n|switch|p2a: Regidrago|Regidrago, L77|435/435\n|turn|6\n|\n|t:|1732977854\n|move|p1a: Stonjourner|Earthquake|p2a: Regidrago\n|-damage|p2a: Regidrago|228/435\n|-damage|p1a: Stonjourner|93/330|[from] item: Life Orb\n|move|p2a: Regidrago|Earthquake|p1a: Stonjourner\n|-supereffective|p1a: Stonjourner\n|-damage|p1a: Stonjourner|17/330\n|\n|upkeep\n|turn|7\n|\n|t:|1732977863\n|move|p1a: Stonjourner|Earthquake|p2a: Regidrago\n|-damage|p2a: Regidrago|28/435\n|-damage|p1a: Stonjourner|0 fnt|[from] item: Life Orb\n|faint|p1a: Stonjourner\n|move|p2a: Regidrago|Earthquake|p1: Stonjourner|[notarget]\n|-fail|p2a: Regidrago\n|\n|upkeep\n|\n|t:|1732977869\n|switch|p1a: Yanmega|Yanmega, L82, F|275/275\n|turn|8\n|\n|t:|1732977875\n|switch|p2a: Gardevoir|Gardevoir, L83, F|249/249\n|-ability|p2a: Gardevoir|Tinted Lens|[from] ability: Trace|[of] p1a: Yanmega\n|move|p1a: Yanmega|Air Slash|p2a: Gardevoir\n|-damage|p2a: Gardevoir|140/249\n|\n|upkeep\n|turn|9\n|\n|t:|1732977883\n|move|p1a: Yanmega|Air Slash|p2a: Gardevoir\n|-damage|p2a: Gardevoir|31/249\n|move|p2a: Gardevoir|Mystical Fire|p1a: Yanmega\n|-supereffective|p1a: Yanmega\n|-damage|p1a: Yanmega|33/275\n|-unboost|p1a: Yanmega|spa|1\n|-damage|p2a: Gardevoir|7/249|[from] item: Life Orb\n|\n|upkeep\n|turn|10\n|\n|t:|1732977888\n|move|p1a: Yanmega|Air Slash|p2a: Gardevoir\n|-damage|p2a: Gardevoir|0 fnt\n|faint|p2a: Gardevoir\n|\n|upkeep\n|\n|t:|1732977898\n|switch|p2a: Regidrago|Regidrago, L77|28/435\n|turn|11\n|\n|t:|1732977903\n|move|p2a: Regidrago|Outrage|p1a: Yanmega\n|-damage|p1a: Yanmega|0 fnt\n|faint|p1a: Yanmega\n|\n|upkeep\n|\n|t:|1732977914\n|switch|p1a: Kyurem|Kyurem, L77|319/319\n|-ability|p1a: Kyurem|Pressure\n|turn|12\n|\n|t:|1732977920\n|move|p2a: Regidrago|Outrage|p1a: Kyurem|[from]lockedmove\n|-supereffective|p1a: Kyurem\n|-damage|p1a: Kyurem|0 fnt\n|faint|p1a: Kyurem\n|-start|p2a: Regidrago|confusion|[fatigue]\n|\n|upkeep\n|\n|t:|1732977926\n|switch|p1a: Skuntank|Skuntank, L84, M|310/310\n|turn|13\n|\n|t:|1732977930\n|move|p1a: Skuntank|Sucker Punch|p2a: Regidrago\n|-damage|p2a: Regidrago|0 fnt\n|faint|p2a: Regidrago\n|-damage|p1a: Skuntank|279/310|[from] item: Life Orb\n|\n|upkeep\n|\n|t:|1732977931\n|switch|p2a: Meloetta|Meloetta, L82|298/298\n|turn|14\n|\n|t:|1732977939\n|-terastallize|p2a: Meloetta|Fighting\n|move|p2a: Meloetta|Relic Song|p1a: Skuntank\n|-damage|p1a: Skuntank|111/310\n|-status|p1a: Skuntank|slp|[from] move: Relic Song\n|-formechange|p2a: Meloetta|Meloetta-Pirouette|[msg]\n|-damage|p2a: Meloetta|269/298|[from] item: Life Orb\n|cant|p1a: Skuntank|slp\n|\n|upkeep\n|turn|15\n|\n|t:|1732977949\n|cant|p1a: Skuntank|slp\n|move|p2a: Meloetta|Triple Axel|p1a: Skuntank\n|-damage|p1a: Skuntank|81/310 slp\n|-damage|p1a: Skuntank|24/310 slp\n|-crit|p1a: Skuntank\n|-damage|p1a: Skuntank|0 fnt\n|-damage|p2a: Meloetta|195/298|[from] ability: Aftermath|[of] p1a: Skuntank\n|faint|p1a: Skuntank\n|-hitcount|p1: Skuntank|3\n|-damage|p2a: Meloetta|166/298|[from] item: Life Orb\n|\n|upkeep\n|\n|t:|1732977955\n|switch|p1a: Ditto|Ditto, L87|225/225\n|-transform|p1a: Ditto|p2a: Meloetta|[from] ability: Imposter\n|-start|p1a: Ditto|typechange|Normal/Fighting|[silent]\n|turn|16\n|\n|t:|1732977973\n|move|p1a: Ditto|Close Combat|p2a: Meloetta\n|-damage|p2a: Meloetta|7/298\n|-unboost|p1a: Ditto|def|1\n|-unboost|p1a: Ditto|spd|1\n|move|p2a: Meloetta|Close Combat|p1a: Ditto\n|-supereffective|p1a: Ditto\n|-damage|p1a: Ditto|0 fnt\n|-unboost|p2a: Meloetta|def|1\n|-unboost|p2a: Meloetta|spd|1\n|faint|p1a: Ditto\n|-damage|p2a: Meloetta|0 fnt|[from] item: Life Orb\n|faint|p2a: Meloetta\n|\n|win|Oh didufgh\n|raw|abelak450's rating: 1139 &rarr; <strong>1118</strong><br />(-21 for losing)\n|raw|Oh didufgh's rating: 1201 &rarr; <strong>1222</strong><br />(+21 for winning)\n|c|\u2606abelak450|Q\n", "inputlog": ">version b107d77f5c90bd6555267ae244a6264823309ead\n>start {\"formatid\":\"gen9randombattle\",\"seed\":[15478,25042,15348,22170],\"rated\":\"Rated battle\"}\n>player p1 {\"name\":\"abelak450\",\"avatar\":\"265\",\"rating\":1139,\"seed\":[49031,10988,938,4440]}\n>player p2 {\"name\":\"Oh didufgh\",\"avatar\":\"265\",\"rating\":1201,\"seed\":[22457,65202,46899,8645]}\n>p1 move aurasphere\n>p2 move doubleedge\n>p2 switch 3\n>p1 move aurasphere\n>p2 move heavyslam\n>p1 switch 3\n>p1 move stoneedge\n>p2 move heavyslam\n>p2 switch 5\n>p1 move rockpolish terastallize\n>p2 move leafstorm\n>p1 move heatcrash\n>p2 move superpower\n>p2 switch 6\n>p1 move earthquake\n>p2 move earthquake\n>p1 move earthquake\n>p2 move earthquake\n>p1 switch 6\n>p1 move airslash\n>p2 switch 4\n>p1 move airslash\n>p2 move mysticalfire\n>p1 move airslash\n>p2 move mysticalfire\n>p2 switch 4\n>p1 move airslash\n>p2 move outrage\n>p1 switch 4\n>p1 move freezedry\n>p2 move outrage\n>p1 switch 2\n>p1 move suckerpunch\n>p2 move outrage\n>p2 switch 2\n>p1 move taunt\n>p2 move relicsong terastallize\n>p1 move suckerpunch\n>p2 move tripleaxel\n>p1 switch 5\n>p1 move closecombat\n>p2 move closecombat", "uploadtime": 1732978009, "views": 4, "formatid": "gen9randombattle", "rating": 1118, "private": 0, "password": null}