{"id": "gen9randombattle-2254001043", "format": "[Gen 9] Random Battle", "players": ["Lc777021", "DaOreoOfE"], "log": "|j|\u2606Lc777021\n|j|\u203dDaOreoOfE\n|t:|1732978234\n|gametype|singles\n|player|p1|Lc777021|169|1073\n|player|p2|DaOreoOfE|guitarist|1099\n|teamsize|p1|6\n|teamsize|p2|6\n|gen|9\n|tier|[Gen 9] Random Battle\n|rated|\n|rule|Species Clause: Limit one of each Pok\u00e9mon\n|rule|HP Percentage Mod: HP is shown in percentages\n|rule|Sleep Clause Mod: Limit one foe put to sleep\n|rule|Illusion Level Mod: Illusion disguises the Pok\u00e9mon's true level\n|\n|t:|1732978234\n|start\n|switch|p1a: Incineroar|Incineroar, L82, M|290/290\n|switch|p2a: Sinistcha|Sinistcha-Masterpiece, L83|254/254\n|-ability|p1a: Incineroar|Intimidate|boost\n|-unboost|p2a: Sinistcha|atk|1\n|turn|1\n|\n|t:|1732978249\n|switch|p2a: Chandelure|Chandelure, L83, M|235/235\n|move|p1a: Incineroar|Flare Blitz|p2a: Chandelure\n|-start|p2a: Chandelure|ability: Flash Fire\n|\n|upkeep\n|turn|2\n|\n|t:|1732978259\n|move|p2a: Chandelure|Calm Mind|p2a: Chandelure\n|-boost|p2a: Chandelure|spa|1\n|-boost|p2a: Chandelure|spd|1\n|move|p1a: Incineroar|Knock Off|p2a: Chandelure\n|-supereffective|p2a: Chandelure\n|-damage|p2a: Chandelure|29/235\n|-enditem|p2a: Chandelure|Heavy-Duty Boots|[from] move: Knock Off|[of] p1a: Incineroar\n|\n|upkeep\n|turn|3\n|inactive|Battle timer is ON: inactive players will automatically lose when time's up. (requested by Lc777021)\n|\n|t:|1732978269\n|move|p2a: Chandelure|Pain Split|p1a: Incineroar\n|-sethp|p1a: Incineroar|159/290|[from] move: Pain Split|[silent]\n|-sethp|p2a: Chandelure|159/235|[from] move: Pain Split\n|move|p1a: Incineroar|Knock Off|p2a: Chandelure\n|-supereffective|p2a: Chandelure\n|-damage|p2a: Chandelure|9/235\n|\n|upkeep\n|turn|4\n|\n|t:|1732978277\n|move|p2a: Chandelure|Pain Split|p1a: Incineroar\n|-sethp|p1a: Incineroar|84/290|[from] move: Pain Split|[silent]\n|-sethp|p2a: Chandelure|84/235|[from] move: Pain Split\n|move|p1a: Incineroar|Knock Off|p2a: Chandelure\n|-supereffective|p2a: Chandelure\n|-damage|p2a: Chandelure|0 fnt\n|faint|p2a: Chandelure\n|\n|upkeep\n|\n|t:|1732978286\n|switch|p2a: Forretress|Forretress, L84, M|263/263\n|turn|5\n|\n|t:|1732978291\n|move|p1a: Incineroar|Flare Blitz|p2a: Forretress\n|-supereffective|p2a: Forretress\n|-ability|p2a: Forretress|Sturdy\n|-damage|p2a: Forretress|1/263\n|-damage|p1a: Incineroar|0 fnt|[from] Recoil\n|faint|p1a: Incineroar\n|move|p2a: Forretress|Toxic Spikes|p1: Incineroar\n|-sidestart|p1: Lc777021|move: Toxic Spikes\n|\n|-heal|p2a: Forretress|17/263|[from] item: Leftovers\n|upkeep\n|\n|t:|1732978308\n|switch|p1a: Orthworm|Orthworm, L88, M|266/266\n|turn|6\n|\n|t:|1732978320\n|move|p1a: Orthworm|Stealth Rock|p2a: Forretress\n|-sidestart|p2: DaOreoOfE|move: Stealth Rock\n|move|p2a: Forretress|Volt Switch|p1a: Orthworm\n|-damage|p1a: Orthworm|223/266\n|\n|t:|1732978326\n|switch|p2a: Sinistcha|Sinistcha-Masterpiece, L83|254/254|[from] Volt Switch\n|-damage|p2a: Sinistcha|223/254|[from] Stealth Rock\n|\n|-heal|p1a: Orthworm|239/266|[from] item: Leftovers\n|-heal|p2a: Sinistcha|238/254|[from] item: Leftovers\n|upkeep\n|turn|7\n|\n|t:|1732978338\n|move|p1a: Orthworm|Heavy Slam|p2a: Sinistcha\n|-damage|p2a: Sinistcha|124/254\n|move|p2a: Sinistcha|Calm Mind|p2a: Sinistcha\n|-boost|p2a: Sinistcha|spa|1\n|-boost|p2a: Sinistcha|spd|1\n|\n|-heal|p1a: Orthworm|255/266|[from] item: Leftovers\n|-heal|p2a: Sinistcha|139/254|[from] item: Leftovers\n|upkeep\n|turn|8\n|\n|t:|1732978350\n|move|p1a: Orthworm|Heavy Slam|p2a: Sinistcha\n|-damage|p2a: Sinistcha|34/254\n|move|p2a: Sinistcha|Strength Sap|p1a: Orthworm\n|-unboost|p1a: Orthworm|atk|1\n|-heal|p2a: Sinistcha|234/254\n|\n|-heal|p1a: Orthworm|266/266|[from] item: Leftovers\n|-heal|p2a: Sinistcha|249/254|[from] item: Leftovers\n|upkeep\n|turn|9\n|\n|t:|1732978365\n|move|p1a: Orthworm|Heavy Slam|p2a: Sinistcha\n|-crit|p2a: Sinistcha\n|-damage|p2a: Sinistcha|92/254\n|move|p2a: Sinistcha|Matcha Gotcha|p1a: Orthworm\n|-resisted|p1a: Orthworm\n|-damage|p1a: Orthworm|167/266\n|-heal|p2a: Sinistcha|142/254|[from] drain|[of] p1a: Orthworm\n|-status|p1a: Orthworm|brn\n|\n|-heal|p1a: Orthworm|183/266 brn|[from] item: Leftovers\n|-heal|p2a: Sinistcha|157/254|[from] item: Leftovers\n|-damage|p1a: Orthworm|167/266 brn|[from] brn\n|upkeep\n|turn|10\n|\n|t:|1732978381\n|move|p1a: Orthworm|Heavy Slam|p2a: Sinistcha\n|-damage|p2a: Sinistcha|121/254\n|move|p2a: Sinistcha|Strength Sap|p1a: Orthworm\n|-unboost|p1a: Orthworm|atk|1\n|-heal|p2a: Sinistcha|254/254\n|\n|-heal|p1a: Orthworm|183/266 brn|[from] item: Leftovers\n|-damage|p1a: Orthworm|167/266 brn|[from] brn\n|upkeep\n|turn|11\n|\n|t:|1732978396\n|switch|p1a: Beartic|Beartic, L91, M|321/321\n|move|p2a: Sinistcha|Calm Mind|p2a: Sinistcha\n|-boost|p2a: Sinistcha|spa|1\n|-boost|p2a: Sinistcha|spd|1\n|\n|upkeep\n|turn|12\n|\n|t:|1732978410\n|-terastallize|p2a: Sinistcha|Steel\n|move|p2a: Sinistcha|Strength Sap|p1a: Beartic\n|-unboost|p1a: Beartic|atk|1\n|move|p1a: Beartic|Icicle Crash|p2a: Sinistcha\n|-resisted|p2a: Sinistcha\n|-damage|p2a: Sinistcha|215/254\n|\n|-heal|p2a: Sinistcha|230/254|[from] item: Leftovers\n|upkeep\n|turn|13\n|\n|t:|1732978421\n|move|p2a: Sinistcha|Matcha Gotcha|p1a: Beartic\n|-damage|p1a: Beartic|123/321\n|-heal|p2a: Sinistcha|254/254|[from] drain|[of] p1a: Beartic\n|move|p1a: Beartic|Close Combat|p2a: Sinistcha\n|-supereffective|p2a: Sinistcha\n|-damage|p2a: Sinistcha|98/254\n|-unboost|p1a: Beartic|def|1\n|-unboost|p1a: Beartic|spd|1\n|\n|-heal|p2a: Sinistcha|113/254|[from] item: Leftovers\n|upkeep\n|turn|14\n|\n|t:|1732978435\n|move|p2a: Sinistcha|Matcha Gotcha|p1a: Beartic\n|-damage|p1a: Beartic|0 fnt\n|-heal|p2a: Sinistcha|175/254|[from] drain|[of] p1a: Beartic\n|faint|p1a: Beartic\n|\n|-heal|p2a: Sinistcha|190/254|[from] item: Leftovers\n|upkeep\n|\n|t:|1732978446\n|switch|p1a: Scovillain|Scovillain, L91, F|266/266\n|turn|15\n|\n|t:|1732978458\n|move|p1a: Scovillain|Fire Blast|p2a: Sinistcha\n|-supereffective|p2a: Sinistcha\n|-damage|p2a: Sinistcha|106/254\n|move|p2a: Sinistcha|Shadow Ball|p1a: Scovillain\n|-damage|p1a: Scovillain|32/266\n|-unboost|p1a: Scovillain|spd|1\n|\n|-heal|p2a: Sinistcha|121/254|[from] item: Leftovers\n|upkeep\n|turn|16\n|inactive|Lc777021 has 120 seconds left.\n|\n|t:|1732978476\n|move|p1a: Scovillain|Fire Blast|p2a: Sinistcha\n|-supereffective|p2a: Sinistcha\n|-damage|p2a: Sinistcha|47/254\n|move|p2a: Sinistcha|Strength Sap|p1a: Scovillain\n|-unboost|p1a: Scovillain|atk|1\n|-heal|p2a: Sinistcha|254/254\n|\n|upkeep\n|turn|17\n|\n|t:|1732978486\n|move|p1a: Scovillain|Sunny Day|p1a: Scovillain\n|-weather|SunnyDay\n|move|p2a: Sinistcha|Shadow Ball|p1a: Scovillain\n|-damage|p1a: Scovillain|0 fnt\n|faint|p1a: Scovillain\n|\n|-weather|SunnyDay|[upkeep]\n|upkeep\n|\n|t:|1732978495\n|switch|p1a: Hitmontop|Hitmontop, L88, M|231/231\n|-status|p1a: Hitmontop|psn\n|turn|18\n|\n|t:|1732978505\n|move|p1a: Hitmontop|Rapid Spin|p2a: Sinistcha\n|-resisted|p2a: Sinistcha\n|-damage|p2a: Sinistcha|231/254\n|-boost|p1a: Hitmontop|spe|1\n|-sideend|p1: Lc777021|Toxic Spikes|[from] move: Rapid Spin|[of] p1a: Hitmontop\n|move|p2a: Sinistcha|Matcha Gotcha|p1a: Hitmontop|[miss]\n|-miss|p2a: Sinistcha|p1a: Hitmontop\n|\n|-weather|SunnyDay|[upkeep]\n|-heal|p2a: Sinistcha|246/254|[from] item: Leftovers\n|-damage|p1a: Hitmontop|203/231 psn|[from] psn\n|upkeep\n|turn|19\n|\n|t:|1732978518\n|move|p1a: Hitmontop|Close Combat|p2a: Sinistcha\n|-supereffective|p2a: Sinistcha\n|-damage|p2a: Sinistcha|18/254\n|-unboost|p1a: Hitmontop|def|1\n|-unboost|p1a: Hitmontop|spd|1\n|move|p2a: Sinistcha|Strength Sap|p1a: Hitmontop\n|-unboost|p1a: Hitmontop|atk|1\n|-heal|p2a: Sinistcha|235/254\n|\n|-weather|SunnyDay|[upkeep]\n|-heal|p1a: Hitmontop|217/231 psn|[from] item: Leftovers\n|-heal|p2a: Sinistcha|250/254|[from] item: Leftovers\n|-damage|p1a: Hitmontop|189/231 psn|[from] psn\n|upkeep\n|turn|20\n|\n|t:|1732978534\n|move|p1a: Hitmontop|Close Combat|p2a: Sinistcha\n|-supereffective|p2a: Sinistcha\n|-damage|p2a: Sinistcha|76/254\n|-unboost|p1a: Hitmontop|def|1\n|-unboost|p1a: Hitmontop|spd|1\n|move|p2a: Sinistcha|Matcha Gotcha|p1a: Hitmontop\n|-damage|p1a: Hitmontop|0 fnt\n|-heal|p2a: Sinistcha|171/254|[from] drain|[of] p1a: Hitmontop\n|faint|p1a: Hitmontop\n|\n|-weather|SunnyDay|[upkeep]\n|-heal|p2a: Sinistcha|186/254|[from] item: Leftovers\n|upkeep\n|\n|t:|1732978548\n|switch|p1a: Scizor|Scizor, L79, F|240/240\n|turn|21\n|\n|t:|1732978557\n|move|p2a: Sinistcha|Matcha Gotcha|p1a: Scizor\n|-resisted|p1a: Scizor\n|-damage|p1a: Scizor|183/240\n|-heal|p2a: Sinistcha|215/254|[from] drain|[of] p1a: Scizor\n|-status|p1a: Scizor|brn\n|move|p1a: Scizor|Swords Dance|p1a: Scizor\n|-boost|p1a: Scizor|atk|2\n|\n|-weather|none\n|-heal|p2a: Sinistcha|230/254|[from] item: Leftovers\n|-damage|p1a: Scizor|168/240 brn|[from] brn\n|upkeep\n|turn|22\n|\n|t:|1732978571\n|move|p2a: Sinistcha|Shadow Ball|p1a: Scizor\n|-damage|p1a: Scizor|0 fnt\n|faint|p1a: Scizor\n|\n|-heal|p2a: Sinistcha|245/254|[from] item: Leftovers\n|upkeep\n|\n|t:|1732978578\n|switch|p1a: Orthworm|Orthworm, L88, M|167/266 brn\n|turn|23\n|\n|t:|1732978582\n|move|p1a: Orthworm|Body Press|p2a: Sinistcha\n|-supereffective|p2a: Sinistcha\n|-damage|p2a: Sinistcha|168/254\n|move|p2a: Sinistcha|Shadow Ball|p1a: Orthworm\n|-damage|p1a: Orthworm|0 fnt\n|faint|p1a: Orthworm\n|\n|win|DaOreoOfE\n|raw|Lc777021's rating: 1073 &rarr; <strong>1054</strong><br />(-19 for losing)\n|raw|DaOreoOfE's rating: 1099 &rarr; <strong>1122</strong><br />(+23 for winning)\n|l|\u2606Lc777021\n|player|p1|\n", "inputlog": ">version b107d77f5c90bd6555267ae244a6264823309ead\n>start {\"formatid\":\"gen9randombattle\",\"seed\":[47040,20334,61420,14628],\"rated\":\"Rated battle\"}\n>player p1 {\"name\":\"Lc777021\",\"avatar\":\"169\",\"rating\":1073,\"seed\":[14002,39382,15215,9220]}\n>player p2 {\"name\":\"DaOreoOfE\",\"avatar\":\"guitarist\",\"rating\":1099,\"seed\":[12743,20893,65009,2856]}\n>p1 move flareblitz\n>p2 switch 5\n>p1 move knockoff\n>p2 move calmmind\n>p1 move knockoff\n>p2 move painsplit\n>p1 move knockoff\n>p2 move painsplit\n>p2 switch 6\n>p1 move flareblitz\n>p2 move toxicspikes\n>p1 switch 2\n>p1 move stealthrock\n>p2 move voltswitch\n>p2 switch 5\n>p1 move heavyslam\n>p2 move calmmind\n>p1 move heavyslam\n>p2 move strengthsap\n>p1 move heavyslam\n>p2 move matchagotcha\n>p1 move heavyslam\n>p2 move strengthsap\n>p1 switch 3\n>p2 move calmmind\n>p1 move iciclecrash\n>p2 move strengthsap terastallize\n>p1 move closecombat\n>p2 move matchagotcha\n>p1 move closecombat\n>p2 move matchagotcha\n>p1 switch 4\n>p1 move fireblast\n>p2 move shadowball\n>p1 move fireblast\n>p2 move strengthsap\n>p1 move sunnyday\n>p2 move shadowball\n>p1 switch 5\n>p1 move rapidspin\n>p2 move matchagotcha\n>p1 move closecombat\n>p2 move strengthsap\n>p1 move closecombat\n>p2 move matchagotcha\n>p1 switch 6\n>p1 move swordsdance\n>p2 move matchagotcha\n>p1 move closecombat\n>p2 move shadowball\n>p1 switch 3\n>p1 move bodypress\n>p2 move shadowball", "uploadtime": 1732978591, "views": 1, "formatid": "gen9randombattle", "rating": 1054, "private": 0, "password": null}