{"id": "gen9randombattle-2253962811", "format": "[Gen 9] Random Battle", "players": ["Pepitolopalote", "ideoidiom"], "log": "|j|\u2606Pepitolopalote\n|j|\u203dideoidiom\n|t:|1732972194\n|gametype|singles\n|player|p1|Pepitolopalote|hiker|1624\n|player|p2|ideoidiom|2|1576\n|teamsize|p1|6\n|teamsize|p2|6\n|gen|9\n|tier|[Gen 9] Random Battle\n|rated|\n|rule|Species Clause: Limit one of each Pok\u00e9mon\n|rule|HP Percentage Mod: HP is shown in percentages\n|rule|Sleep Clause Mod: Limit one foe put to sleep\n|rule|Illusion Level Mod: Illusion disguises the Pok\u00e9mon's true level\n|\n|t:|1732972194\n|start\n|switch|p1a: Sudowoodo|Sudowoodo, L94, M|284/284\n|switch|p2a: Terapagos|Terapagos, L76, M|262/262\n|-activate|p2a: Terapagos|ability: Tera Shift\n|detailschange|p2a: Terapagos|Terapagos-Terastal, L76, M\n|-heal|p2a: Terapagos|269/269|[silent]\n|turn|1\n|\n|t:|1732972204\n|move|p2a: Terapagos|Calm Mind|p2a: Terapagos\n|-boost|p2a: Terapagos|spa|1\n|-boost|p2a: Terapagos|spd|1\n|move|p1a: Sudowoodo|Wood Hammer|p2a: Terapagos\n|-activate|p2a: Terapagos|ability: Tera Shell\n|-resisted|p2a: Terapagos\n|-damage|p2a: Terapagos|197/269\n|\n|upkeep\n|turn|2\n|l|\u203dideoidiom\n|player|p2|\n|j|\u203dideoidiom\n|player|p2|ideoidiom|2|\n|n|\u203dideoidiom|ideoidiom\n|\n|t:|1732972224\n|switch|p1a: Staraptor|Staraptor, L79, M|263/263\n|move|p2a: Terapagos|Earth Power|p1a: Staraptor\n|-immune|p1a: Staraptor\n|\n|upkeep\n|turn|3\n|\n|t:|1732972231\n|move|p1a: Staraptor|Close Combat|p2a: Terapagos\n|-supereffective|p2a: Terapagos\n|-damage|p2a: Terapagos|0 fnt\n|-unboost|p1a: Staraptor|def|1\n|-unboost|p1a: Staraptor|spd|1\n|faint|p2a: Terapagos\n|\n|upkeep\n|\n|t:|1732972236\n|switch|p2a: Cresselia|Cresselia, L80, F|323/323\n|turn|4\n|\n|t:|1732972250\n|switch|p1a: Ambipom|Ambipom, L84, F|263/263\n|move|p2a: Cresselia|Calm Mind|p2a: Cresselia\n|-boost|p2a: Cresselia|spa|1\n|-boost|p2a: Cresselia|spd|1\n|\n|upkeep\n|turn|5\n|\n|t:|1732972258\n|move|p1a: Ambipom|Fake Out|p2a: Cresselia\n|-crit|p2a: Cresselia\n|-damage|p2a: Cresselia|214/323\n|cant|p2a: Cresselia|flinch\n|\n|-heal|p2a: Cresselia|234/323|[from] item: Leftovers\n|upkeep\n|turn|6\n|\n|t:|1732972263\n|move|p1a: Ambipom|Knock Off|p2a: Cresselia\n|-supereffective|p2a: Cresselia\n|-damage|p2a: Cresselia|116/323\n|-enditem|p2a: Cresselia|Leftovers|[from] move: Knock Off|[of] p1a: Ambipom\n|move|p2a: Cresselia|Psyshock|p1a: Ambipom\n|-damage|p1a: Ambipom|146/263\n|\n|upkeep\n|turn|7\n|\n|t:|1732972269\n|move|p1a: Ambipom|Double-Edge|p2a: Cresselia\n|-damage|p2a: Cresselia|0 fnt\n|faint|p2a: Cresselia\n|-damage|p1a: Ambipom|108/263|[from] Recoil\n|\n|upkeep\n|\n|t:|1732972274\n|switch|p2a: Hitmontop|Hitmontop, L88, M|231/231\n|turn|8\n|\n|t:|1732972284\n|move|p1a: Ambipom|Double-Edge|p2a: Hitmontop\n|-damage|p2a: Hitmontop|95/231\n|-damage|p1a: Ambipom|63/263|[from] Recoil\n|move|p2a: Hitmontop|Bulk Up|p2a: Hitmontop\n|-boost|p2a: Hitmontop|atk|1\n|-boost|p2a: Hitmontop|def|1\n|\n|-heal|p2a: Hitmontop|109/231|[from] item: Leftovers\n|upkeep\n|turn|9\n|\n|t:|1732972288\n|-terastallize|p1a: Ambipom|Normal\n|move|p1a: Ambipom|Double-Edge|p2a: Hitmontop\n|-damage|p2a: Hitmontop|0 fnt\n|faint|p2a: Hitmontop\n|-damage|p1a: Ambipom|27/263|[from] Recoil\n|\n|upkeep\n|\n|t:|1732972295\n|switch|p2a: Vigoroth|Vigoroth, L85, M|275/275\n|turn|10\n|\n|t:|1732972297\n|move|p1a: Ambipom|Double-Edge|p2a: Vigoroth\n|-damage|p2a: Vigoroth|123/275\n|-damage|p1a: Ambipom|0 fnt|[from] Recoil\n|faint|p1a: Ambipom\n|move|p2a: Vigoroth|Bulk Up|p2a: Vigoroth\n|-boost|p2a: Vigoroth|atk|1\n|-boost|p2a: Vigoroth|def|1\n|\n|upkeep\n|\n|t:|1732972303\n|switch|p1a: Staraptor|Staraptor, L79, M|263/263\n|turn|11\n|\n|t:|1732972306\n|move|p1a: Staraptor|Close Combat|p2a: Vigoroth\n|-supereffective|p2a: Vigoroth\n|-damage|p2a: Vigoroth|0 fnt\n|-unboost|p1a: Staraptor|def|1\n|-unboost|p1a: Staraptor|spd|1\n|faint|p2a: Vigoroth\n|\n|upkeep\n|\n|t:|1732972314\n|switch|p2a: Bellossom|Bellossom, L84, M|263/263\n|turn|12\n|\n|t:|1732972324\n|switch|p1a: Cobalion|Cobalion, L80|277/277\n|move|p2a: Bellossom|Quiver Dance|p2a: Bellossom\n|-boost|p2a: Bellossom|spa|1\n|-boost|p2a: Bellossom|spd|1\n|-boost|p2a: Bellossom|spe|1\n|\n|upkeep\n|turn|13\n|\n|t:|1732972330\n|move|p1a: Cobalion|Thunder Wave|p2a: Bellossom\n|-status|p2a: Bellossom|par\n|move|p2a: Bellossom|Quiver Dance|p2a: Bellossom\n|-boost|p2a: Bellossom|spa|1\n|-boost|p2a: Bellossom|spd|1\n|-boost|p2a: Bellossom|spe|1\n|\n|upkeep\n|turn|14\n|\n|t:|1732972334\n|move|p1a: Cobalion|Iron Head|p2a: Bellossom\n|-damage|p2a: Bellossom|197/263 par\n|cant|p2a: Bellossom|par\n|\n|-heal|p2a: Bellossom|213/263 par|[from] item: Leftovers\n|upkeep\n|turn|15\n|l|\u203dideoidiom\n|player|p2|\n|j|\u203dideoidiom\n|player|p2|ideoidiom|2|\n|n|\u203dideoidiom|ideoidiom\n|\n|t:|1732972345\n|move|p1a: Cobalion|Iron Head|p2a: Bellossom\n|-damage|p2a: Bellossom|140/263 par\n|move|p2a: Bellossom|Quiver Dance|p2a: Bellossom\n|-boost|p2a: Bellossom|spa|1\n|-boost|p2a: Bellossom|spd|1\n|-boost|p2a: Bellossom|spe|1\n|\n|-heal|p2a: Bellossom|156/263 par|[from] item: Leftovers\n|upkeep\n|turn|16\n|\n|t:|1732972351\n|move|p1a: Cobalion|Iron Head|p2a: Bellossom\n|-damage|p2a: Bellossom|89/263 par\n|move|p2a: Bellossom|Quiver Dance|p2a: Bellossom\n|-boost|p2a: Bellossom|spa|1\n|-boost|p2a: Bellossom|spd|1\n|-boost|p2a: Bellossom|spe|1\n|\n|-heal|p2a: Bellossom|105/263 par|[from] item: Leftovers\n|upkeep\n|turn|17\n|\n|t:|1732972355\n|move|p1a: Cobalion|Iron Head|p2a: Bellossom\n|-damage|p2a: Bellossom|35/263 par\n|move|p2a: Bellossom|Strength Sap|p1a: Cobalion\n|-unboost|p1a: Cobalion|atk|1\n|-heal|p2a: Bellossom|225/263 par\n|\n|-heal|p2a: Bellossom|241/263 par|[from] item: Leftovers\n|upkeep\n|turn|18\n|\n|t:|1732972360\n|move|p1a: Cobalion|Iron Head|p2a: Bellossom\n|-damage|p2a: Bellossom|192/263 par\n|move|p2a: Bellossom|Quiver Dance|p2a: Bellossom\n|-boost|p2a: Bellossom|spa|1\n|-boost|p2a: Bellossom|spd|1\n|-boost|p2a: Bellossom|spe|1\n|\n|-heal|p2a: Bellossom|208/263 par|[from] item: Leftovers\n|upkeep\n|turn|19\n|\n|t:|1732972366\n|move|p2a: Bellossom|Giga Drain|p1a: Cobalion\n|-resisted|p1a: Cobalion\n|-damage|p1a: Cobalion|114/277\n|-heal|p2a: Bellossom|263/263 par|[from] drain|[of] p1a: Cobalion\n|move|p1a: Cobalion|Iron Head|p2a: Bellossom\n|-crit|p2a: Bellossom\n|-damage|p2a: Bellossom|149/263 par\n|\n|-heal|p2a: Bellossom|165/263 par|[from] item: Leftovers\n|-heal|p1a: Cobalion|131/277|[from] item: Leftovers\n|upkeep\n|turn|20\n|\n|t:|1732972369\n|move|p2a: Bellossom|Giga Drain|p1a: Cobalion\n|-resisted|p1a: Cobalion\n|-damage|p1a: Cobalion|0 fnt\n|-heal|p2a: Bellossom|231/263 par|[from] drain|[of] p1a: Cobalion\n|faint|p1a: Cobalion\n|\n|-heal|p2a: Bellossom|247/263 par|[from] item: Leftovers\n|upkeep\n|\n|t:|1732972378\n|switch|p1a: Staraptor|Staraptor, L79, M|263/263\n|turn|21\n|inactive|Battle timer is ON: inactive players will automatically lose when time's up. (requested by Pepitolopalote)\n|\n|t:|1732972394\n|-terastallize|p2a: Bellossom|Poison\n|cant|p2a: Bellossom|par\n|move|p1a: Staraptor|Brave Bird|p2a: Bellossom\n|-damage|p2a: Bellossom|30/263 par\n|-damage|p1a: Staraptor|191/263|[from] Recoil\n|\n|-heal|p2a: Bellossom|46/263 par|[from] item: Leftovers\n|upkeep\n|turn|22\n|\n|t:|1732972410\n|move|p2a: Bellossom|Sleep Powder|p1a: Staraptor\n|-status|p1a: Staraptor|slp|[from] move: Sleep Powder\n|cant|p1a: Staraptor|slp\n|\n|-heal|p2a: Bellossom|62/263 par|[from] item: Leftovers\n|upkeep\n|turn|23\n|\n|t:|1732972415\n|switch|p1a: Sudowoodo|Sudowoodo, L94, M|284/284\n|move|p2a: Bellossom|Strength Sap|p1a: Sudowoodo\n|-unboost|p1a: Sudowoodo|atk|1\n|-heal|p2a: Bellossom|263/263 par\n|\n|upkeep\n|turn|24\n|\n|t:|1732972420\n|cant|p2a: Bellossom|par\n|move|p1a: Sudowoodo|Earthquake|p2a: Bellossom\n|-supereffective|p2a: Bellossom\n|-damage|p2a: Bellossom|91/263 par\n|\n|-heal|p2a: Bellossom|107/263 par|[from] item: Leftovers\n|upkeep\n|turn|25\n|\n|t:|1732972422\n|move|p2a: Bellossom|Giga Drain|p1a: Sudowoodo\n|-supereffective|p1a: Sudowoodo\n|-damage|p1a: Sudowoodo|0 fnt\n|-heal|p2a: Bellossom|249/263 par|[from] drain|[of] p1a: Sudowoodo\n|faint|p1a: Sudowoodo\n|\n|-heal|p2a: Bellossom|263/263 par|[from] item: Leftovers\n|upkeep\n|\n|t:|1732972426\n|switch|p1a: Gyarados|Gyarados, L79, F|280/280\n|-ability|p1a: Gyarados|Intimidate|boost\n|-unboost|p2a: Bellossom|atk|1\n|turn|26\n|\n|t:|1732972430\n|cant|p2a: Bellossom|par\n|move|p1a: Gyarados|Earthquake|p2a: Bellossom\n|-supereffective|p2a: Bellossom\n|-damage|p2a: Bellossom|121/263 par\n|\n|-heal|p2a: Bellossom|137/263 par|[from] item: Leftovers\n|upkeep\n|turn|27\n|\n|t:|1732972434\n|cant|p2a: Bellossom|par\n|move|p1a: Gyarados|Earthquake|p2a: Bellossom\n|-supereffective|p2a: Bellossom\n|-damage|p2a: Bellossom|0 fnt\n|faint|p2a: Bellossom\n|\n|upkeep\n|-message|ideoidiom forfeited.\n|\n|win|Pepitolopalote\n|raw|Pepitolopalote's rating: 1624 &rarr; <strong>1641</strong><br />(+17 for winning)\n|raw|ideoidiom's rating: 1576 &rarr; <strong>1559</strong><br />(-17 for losing)\n|l|\u203dideoidiom\n|player|p2|\n", "inputlog": ">version b107d77f5c90bd6555267ae244a6264823309ead\n>start {\"formatid\":\"gen9randombattle\",\"seed\":[37057,31702,7299,11150],\"rated\":\"Rated battle\"}\n>player p1 {\"name\":\"Pepitolopalote\",\"avatar\":\"hiker\",\"rating\":1624,\"seed\":[51229,34326,44789,1382]}\n>player p2 {\"name\":\"ideoidiom\",\"avatar\":\"2\",\"rating\":1576,\"seed\":[17338,39048,37248,53761]}\n>p1 move woodhammer\n>p2 move calmmind\n>p1 switch 5\n>p2 move earthpower\n>p1 move closecombat\n>p2 move terastarstorm\n>p2 switch 2\n>p1 switch 4\n>p2 move calmmind\n>p1 move fakeout\n>p2 move psyshock\n>p1 move knockoff\n>p2 move psyshock\n>p1 move doubleedge\n>p2 move moonlight\n>p2 switch 4\n>p1 move doubleedge\n>p2 move bulkup\n>p1 move doubleedge terastallize\n>p2 move rapidspin\n>p2 switch 3\n>p1 move doubleedge\n>p2 move bulkup\n>p1 switch 4\n>p1 move closecombat\n>p2 move slackoff\n>p2 switch 6\n>p1 switch 3\n>p2 move quiverdance\n>p1 move thunderwave\n>p2 move quiverdance\n>p1 move ironhead\n>p2 move quiverdance\n>p1 move ironhead\n>p2 move quiverdance\n>p1 move ironhead\n>p2 move quiverdance\n>p1 move ironhead\n>p2 move strengthsap\n>p1 move ironhead\n>p2 move quiverdance\n>p1 move ironhead\n>p2 move gigadrain\n>p1 move ironhead\n>p2 move gigadrain\n>p1 switch 3\n>p1 move bravebird\n>p2 move sleeppowder terastallize\n>p1 move bravebird\n>p2 move sleeppowder\n>p1 switch 5\n>p2 move strengthsap\n>p1 move earthquake\n>p2 move gigadrain\n>p1 move earthquake\n>p2 move gigadrain\n>p1 switch 2\n>p1 move earthquake\n>p2 move gigadrain\n>p1 move earthquake\n>p2 move gigadrain\n>forcelose p2", "uploadtime": 1732972447, "views": 1, "formatid": "gen9randombattle", "rating": 1559, "private": 0, "password": null}