{"id": "gen9randombattle-2254178407", "format": "[Gen 9] Random Battle", "players": ["bellenguer2", "Ejez"], "log": "|j|\u2606bellenguer2\n|j|\u2606Ejez\n|t:|1733000931\n|gametype|singles\n|player|p1|bellenguer2|dawn|1701\n|player|p2|Ejez|265|1667\n|teamsize|p1|6\n|teamsize|p2|6\n|gen|9\n|tier|[Gen 9] Random Battle\n|rated|\n|rule|Species Clause: Limit one of each Pok\u00e9mon\n|rule|HP Percentage Mod: HP is shown in percentages\n|rule|Sleep Clause Mod: Limit one foe put to sleep\n|rule|Illusion Level Mod: Illusion disguises the Pok\u00e9mon's true level\n|\n|t:|1733000931\n|start\n|switch|p1a: Rhyperior|Rhyperior, L82, M|323/323\n|switch|p2a: Qwilfish|Qwilfish, L86, M|252/252\n|-ability|p2a: Qwilfish|Intimidate|boost\n|-unboost|p1a: Rhyperior|atk|1\n|turn|1\n|\n|t:|1733000949\n|switch|p1a: Granbull|Granbull, L88, F|302/302\n|-ability|p1a: Granbull|Intimidate|boost\n|-unboost|p2a: Qwilfish|atk|1\n|move|p2a: Qwilfish|Waterfall|p1a: Granbull\n|-damage|p1a: Granbull|244/302\n|\n|-heal|p1a: Granbull|262/302|[from] item: Leftovers\n|upkeep\n|turn|2\n|\n|t:|1733000969\n|move|p2a: Qwilfish|Thunder Wave|p1a: Granbull\n|-status|p1a: Granbull|par\n|move|p1a: Granbull|Earthquake|p2a: Qwilfish\n|-supereffective|p2a: Qwilfish\n|-damage|p2a: Qwilfish|56/252\n|\n|-heal|p2a: Qwilfish|71/252|[from] item: Leftovers\n|-heal|p1a: Granbull|280/302 par|[from] item: Leftovers\n|upkeep\n|turn|3\n|\n|t:|1733000976\n|move|p2a: Qwilfish|Gunk Shot|p1a: Granbull\n|-supereffective|p1a: Granbull\n|-damage|p1a: Granbull|100/302 par\n|cant|p1a: Granbull|par\n|\n|-heal|p2a: Qwilfish|86/252|[from] item: Leftovers\n|-heal|p1a: Granbull|118/302 par|[from] item: Leftovers\n|upkeep\n|turn|4\n|\n|t:|1733000983\n|move|p2a: Qwilfish|Gunk Shot|p1a: Granbull\n|-supereffective|p1a: Granbull\n|-damage|p1a: Granbull|0 fnt\n|faint|p1a: Granbull\n|\n|-heal|p2a: Qwilfish|101/252|[from] item: Leftovers\n|upkeep\n|\n|t:|1733001001\n|switch|p1a: Rhyperior|Rhyperior, L82, M|323/323\n|turn|5\n|\n|t:|1733001009\n|switch|p2a: Appletun|Appletun, L92, M|352/352\n|move|p1a: Rhyperior|Rock Polish|p1a: Rhyperior\n|-boost|p1a: Rhyperior|spe|2\n|\n|upkeep\n|turn|6\n|\n|t:|1733001051\n|switch|p1a: Spidops|Spidops, L96, F|271/271\n|move|p2a: Appletun|Apple Acid|p1a: Spidops\n|-resisted|p1a: Spidops\n|-damage|p1a: Spidops|229/271\n|-unboost|p1a: Spidops|spd|1\n|\n|upkeep\n|turn|7\n|\n|t:|1733001062\n|move|p1a: Spidops|Sticky Web|p2a: Appletun\n|-sidestart|p2: Ejez|move: Sticky Web\n|move|p2a: Appletun|Draco Meteor|p1a: Spidops\n|-damage|p1a: Spidops|7/271\n|-unboost|p2a: Appletun|spa|2\n|\n|upkeep\n|turn|8\n|\n|t:|1733001075\n|move|p1a: Spidops|Knock Off|p2a: Appletun\n|-damage|p2a: Appletun|271/352\n|-enditem|p2a: Appletun|Leftovers|[from] move: Knock Off|[of] p1a: Spidops\n|move|p2a: Appletun|Apple Acid|p1a: Spidops\n|-resisted|p1a: Spidops\n|-damage|p1a: Spidops|0 fnt\n|faint|p1a: Spidops\n|\n|upkeep\n|\n|t:|1733001097\n|switch|p1a: Seviper|Seviper, L93, F|287/287\n|turn|9\n|\n|t:|1733001103\n|switch|p2a: Qwilfish|Qwilfish, L86, M|101/252\n|-activate|p2a: Qwilfish|move: Sticky Web\n|-unboost|p2a: Qwilfish|spe|1\n|-ability|p2a: Qwilfish|Intimidate|boost\n|-unboost|p1a: Seviper|atk|1\n|move|p1a: Seviper|Swords Dance|p1a: Seviper\n|-boost|p1a: Seviper|atk|2\n|\n|-heal|p2a: Qwilfish|116/252|[from] item: Leftovers\n|upkeep\n|turn|10\n|\n|t:|1733001110\n|move|p1a: Seviper|Earthquake|p2a: Qwilfish\n|-supereffective|p2a: Qwilfish\n|-damage|p2a: Qwilfish|0 fnt\n|faint|p2a: Qwilfish\n|\n|upkeep\n|\n|t:|1733001132\n|switch|p2a: Torkoal|Torkoal, L88, F|266/266\n|-weather|SunnyDay|[from] ability: Drought|[of] p2a: Torkoal\n|turn|11\n|\n|t:|1733001142\n|move|p1a: Seviper|Earthquake|p2a: Torkoal\n|-supereffective|p2a: Torkoal\n|-damage|p2a: Torkoal|100/266\n|move|p2a: Torkoal|Yawn|p1a: Seviper\n|-start|p1a: Seviper|move: Yawn|[of] p2a: Torkoal\n|\n|-weather|SunnyDay|[upkeep]\n|upkeep\n|turn|12\n|\n|t:|1733001152\n|move|p1a: Seviper|Earthquake|p2a: Torkoal\n|-supereffective|p2a: Torkoal\n|-damage|p2a: Torkoal|0 fnt\n|faint|p2a: Torkoal\n|\n|-weather|SunnyDay|[upkeep]\n|-end|p1a: Seviper|move: Yawn|[silent]\n|-status|p1a: Seviper|slp\n|upkeep\n|\n|t:|1733001157\n|switch|p2a: Arceus|Arceus-Psychic, L69|280/280\n|-activate|p2a: Arceus|move: Sticky Web\n|-unboost|p2a: Arceus|spe|1\n|turn|13\n|\n|t:|1733001201\n|switch|p1a: Scyther|Scyther, L82, M|249/249\n|move|p2a: Arceus|Cosmic Power|p2a: Arceus\n|-boost|p2a: Arceus|def|1\n|-boost|p2a: Arceus|spd|1\n|\n|-weather|SunnyDay|[upkeep]\n|upkeep\n|turn|14\n|\n|t:|1733001213\n|move|p1a: Scyther|Swords Dance|p1a: Scyther\n|-boost|p1a: Scyther|atk|2\n|move|p2a: Arceus|Cosmic Power|p2a: Arceus\n|-boost|p2a: Arceus|def|1\n|-boost|p2a: Arceus|spd|1\n|\n|-weather|SunnyDay|[upkeep]\n|upkeep\n|turn|15\n|\n|t:|1733001258\n|move|p1a: Scyther|Swords Dance|p1a: Scyther\n|-boost|p1a: Scyther|atk|2\n|move|p2a: Arceus|Cosmic Power|p2a: Arceus\n|-boost|p2a: Arceus|def|1\n|-boost|p2a: Arceus|spd|1\n|\n|-weather|none\n|upkeep\n|turn|16\n|\n|t:|1733001265\n|-terastallize|p2a: Arceus|Steel\n|move|p1a: Scyther|Bug Bite|p2a: Arceus\n|-resisted|p2a: Arceus\n|-damage|p2a: Arceus|222/280\n|move|p2a: Arceus|Cosmic Power|p2a: Arceus\n|-boost|p2a: Arceus|def|1\n|-boost|p2a: Arceus|spd|1\n|\n|upkeep\n|turn|17\n|\n|t:|1733001274\n|move|p1a: Scyther|Close Combat|p2a: Arceus\n|-supereffective|p2a: Arceus\n|-damage|p2a: Arceus|44/280\n|-unboost|p1a: Scyther|def|1\n|-unboost|p1a: Scyther|spd|1\n|move|p2a: Arceus|Stored Power|p1a: Scyther\n|-damage|p1a: Scyther|0 fnt\n|faint|p1a: Scyther\n|\n|upkeep\n|inactive|Battle timer is ON: inactive players will automatically lose when time's up. (requested by Ejez)\n|\n|t:|1733001339\n|switch|p1a: Seviper|Seviper, L93, F|287/287 slp\n|turn|18\n|\n|t:|1733001350\n|-terastallize|p1a: Seviper|Ground\n|cant|p1a: Seviper|slp\n|move|p2a: Arceus|Recover|p2a: Arceus\n|-heal|p2a: Arceus|184/280\n|\n|upkeep\n|turn|19\n|\n|t:|1733001361\n|cant|p1a: Seviper|slp\n|move|p2a: Arceus|Recover|p2a: Arceus\n|-heal|p2a: Arceus|280/280\n|\n|upkeep\n|turn|20\n|\n|t:|1733001370\n|-curestatus|p1a: Seviper|slp|[msg]\n|move|p1a: Seviper|Swords Dance|p1a: Seviper\n|-boost|p1a: Seviper|atk|2\n|move|p2a: Arceus|Cosmic Power|p2a: Arceus\n|-boost|p2a: Arceus|def|1\n|-boost|p2a: Arceus|spd|1\n|\n|upkeep\n|turn|21\n|\n|t:|1733001373\n|move|p1a: Seviper|Earthquake|p2a: Arceus\n|-supereffective|p2a: Arceus\n|-damage|p2a: Arceus|140/280\n|move|p2a: Arceus|Stored Power|p1a: Seviper\n|-damage|p1a: Seviper|8/287\n|\n|-heal|p1a: Seviper|25/287|[from] item: Leftovers\n|upkeep\n|turn|22\n|\n|t:|1733001377\n|move|p1a: Seviper|Earthquake|p2a: Arceus\n|-supereffective|p2a: Arceus\n|-damage|p2a: Arceus|6/280\n|move|p2a: Arceus|Stored Power|p1a: Seviper\n|-damage|p1a: Seviper|0 fnt\n|faint|p1a: Seviper\n|\n|upkeep\n|\n|t:|1733001381\n|switch|p1a: Gogoat|Gogoat, L88, M|360/360\n|turn|23\n|\n|t:|1733001393\n|move|p1a: Gogoat|Horn Leech|p2a: Arceus\n|-resisted|p2a: Arceus\n|-damage|p2a: Arceus|0 fnt\n|faint|p2a: Arceus\n|\n|upkeep\n|\n|t:|1733001408\n|switch|p2a: Raging Bolt|Raging Bolt, L78|323/323\n|-activate|p2a: Raging Bolt|move: Sticky Web\n|-unboost|p2a: Raging Bolt|spe|1\n|turn|24\n|\n|t:|1733001415\n|move|p1a: Gogoat|Bulk Up|p1a: Gogoat\n|-boost|p1a: Gogoat|atk|1\n|-boost|p1a: Gogoat|def|1\n|move|p2a: Raging Bolt|Dragon Pulse|p1a: Gogoat\n|-damage|p1a: Gogoat|255/360\n|\n|-heal|p1a: Gogoat|277/360|[from] item: Leftovers\n|upkeep\n|turn|25\n|\n|t:|1733001422\n|move|p1a: Gogoat|Bulk Up|p1a: Gogoat\n|-boost|p1a: Gogoat|atk|1\n|-boost|p1a: Gogoat|def|1\n|move|p2a: Raging Bolt|Thunderbolt|p1a: Gogoat\n|-resisted|p1a: Gogoat\n|-damage|p1a: Gogoat|223/360\n|\n|-heal|p1a: Gogoat|245/360|[from] item: Leftovers\n|upkeep\n|turn|26\n|\n|t:|1733001430\n|move|p1a: Gogoat|Rock Slide|p2a: Raging Bolt\n|-damage|p2a: Raging Bolt|192/323\n|move|p2a: Raging Bolt|Dragon Pulse|p1a: Gogoat\n|-damage|p1a: Gogoat|136/360\n|\n|-heal|p1a: Gogoat|158/360|[from] item: Leftovers\n|-heal|p2a: Raging Bolt|212/323|[from] item: Leftovers\n|upkeep\n|turn|27\n|\n|t:|1733001438\n|move|p1a: Gogoat|Milk Drink|p1a: Gogoat\n|-heal|p1a: Gogoat|338/360\n|move|p2a: Raging Bolt|Dragon Pulse|p1a: Gogoat\n|-damage|p1a: Gogoat|229/360\n|\n|-heal|p1a: Gogoat|251/360|[from] item: Leftovers\n|-heal|p2a: Raging Bolt|232/323|[from] item: Leftovers\n|upkeep\n|turn|28\n|\n|t:|1733001444\n|move|p1a: Gogoat|Rock Slide|p2a: Raging Bolt\n|-damage|p2a: Raging Bolt|107/323\n|move|p2a: Raging Bolt|Calm Mind|p2a: Raging Bolt\n|-boost|p2a: Raging Bolt|spa|1\n|-boost|p2a: Raging Bolt|spd|1\n|\n|-heal|p1a: Gogoat|273/360|[from] item: Leftovers\n|-heal|p2a: Raging Bolt|127/323|[from] item: Leftovers\n|upkeep\n|turn|29\n|\n|t:|1733001450\n|move|p1a: Gogoat|Rock Slide|p2a: Raging Bolt\n|-damage|p2a: Raging Bolt|0 fnt\n|faint|p2a: Raging Bolt\n|-end|p2a: Raging Bolt|Protosynthesis|[silent]\n|\n|-heal|p1a: Gogoat|295/360|[from] item: Leftovers\n|upkeep\n|\n|t:|1733001456\n|switch|p2a: Greninja|Greninja, L80, M|246/246\n|-activate|p2a: Greninja|move: Sticky Web\n|-unboost|p2a: Greninja|spe|1\n|turn|30\n|\n|t:|1733001460\n|move|p1a: Gogoat|Horn Leech|p2a: Greninja\n|-supereffective|p2a: Greninja\n|-damage|p2a: Greninja|0 fnt\n|-heal|p1a: Gogoat|360/360|[from] drain|[of] p2a: Greninja\n|faint|p2a: Greninja\n|\n|upkeep\n|\n|t:|1733001462\n|switch|p2a: Appletun|Appletun, L92, M|271/352\n|-activate|p2a: Appletun|move: Sticky Web\n|-unboost|p2a: Appletun|spe|1\n|turn|31\n|\n|t:|1733001467\n|move|p1a: Gogoat|Rock Slide|p2a: Appletun\n|-damage|p2a: Appletun|147/352\n|move|p2a: Appletun|Apple Acid|p1a: Gogoat\n|-ability|p1a: Gogoat|Sap Sipper|boost\n|-boost|p1a: Gogoat|atk|1\n|\n|upkeep\n|turn|32\n|\n|t:|1733001474\n|move|p1a: Gogoat|Rock Slide|p2a: Appletun\n|-damage|p2a: Appletun|0 fnt\n|faint|p2a: Appletun\n|\n|win|bellenguer2\n|raw|bellenguer2's rating: 1701 &rarr; <strong>1719</strong><br />(+18 for winning)\n|raw|Ejez's rating: 1667 &rarr; <strong>1649</strong><br />(-18 for losing)\n|c|\u2606Ejez|Gg wp\n|l|\u2606Ejez\n|player|p2|\n|c|\u2606bellenguer2|Gg\n", "inputlog": ">version b107d77f5c90bd6555267ae244a6264823309ead\n>start {\"formatid\":\"gen9randombattle\",\"seed\":[33647,16719,13886,52910],\"rated\":\"Rated battle\"}\n>player p1 {\"name\":\"bellenguer2\",\"avatar\":\"dawn\",\"rating\":1701,\"seed\":[19128,62535,42058,2102]}\n>player p2 {\"name\":\"Ejez\",\"avatar\":\"265\",\"rating\":1667,\"seed\":[42093,23619,34675,9310]}\n>p1 switch 4\n>p2 move waterfall\n>p1 move earthquake\n>p2 move thunderwave\n>p1 move earthquake\n>p2 move gunkshot\n>p1 move earthquake\n>p2 move gunkshot\n>p1 switch 4\n>p1 move rockpolish\n>p2 switch 2\n>p1 switch 2\n>p2 move appleacid\n>p1 move stickyweb\n>p2 move dracometeor\n>p1 move knockoff\n>p2 move appleacid\n>p1 switch 5\n>p1 move swordsdance\n>p2 switch 2\n>p1 move earthquake\n>p2 move thunderwave\n>p2 switch 4\n>p1 move earthquake\n>p2 move yawn\n>p1 move earthquake\n>p2 move solarbeam\n>p2 switch 6\n>p1 switch 6\n>p2 move cosmicpower\n>p1 move swordsdance\n>p2 move cosmicpower\n>p1 move swordsdance\n>p2 move cosmicpower\n>p1 move bugbite\n>p2 move cosmicpower terastallize\n>p1 move closecombat\n>p2 move storedpower\n>p1 switch 6\n>p1 move earthquake terastallize\n>p2 move recover\n>p1 move swordsdance\n>p2 move recover\n>p1 move swordsdance\n>p2 move cosmicpower\n>p1 move earthquake\n>p2 move storedpower\n>p1 move earthquake\n>p2 move storedpower\n>p1 switch 3\n>p1 move hornleech\n>p2 move recover\n>p2 switch 3\n>p1 move bulkup\n>p2 move dragonpulse\n>p1 move bulkup\n>p2 move thunderbolt\n>p1 move rockslide\n>p2 move dragonpulse\n>p1 move milkdrink\n>p2 move dragonpulse\n>p1 move rockslide\n>p2 move calmmind\n>p1 move rockslide\n>p2 move dragonpulse\n>p2 switch 5\n>p1 move hornleech\n>p2 move gunkshot\n>p2 switch 2\n>p1 move rockslide\n>p2 move appleacid\n>p1 move rockslide\n>p2 move recover", "uploadtime": 1733001479, "views": 1, "formatid": "gen9randombattle", "rating": 1649, "private": 0, "password": null}