{"id": "gen9randombattle-2253791917", "format": "[Gen 9] Random Battle", "players": ["waterrowing", "SimurghOfTheSea"], "log": "|j|\u2606waterrowing\n|j|\u2606SimurghOfTheSea\n|t:|1732938921\n|gametype|singles\n|player|p1|waterrowing|102|1715\n|player|p2|SimurghOfTheSea|170|1780\n|teamsize|p1|6\n|teamsize|p2|6\n|gen|9\n|tier|[Gen 9] Random Battle\n|rated|\n|rule|Species Clause: Limit one of each Pok\u00e9mon\n|rule|HP Percentage Mod: HP is shown in percentages\n|rule|Sleep Clause Mod: Limit one foe put to sleep\n|rule|Illusion Level Mod: Illusion disguises the Pok\u00e9mon's true level\n|\n|t:|1732938921\n|start\n|switch|p1a: Blaziken|Blaziken, L76, F|247/247\n|switch|p2a: Golduck|Golduck, L90, M|290/290\n|-ability|p2a: Golduck|Cloud Nine\n|turn|1\n|inactive|Battle timer is ON: inactive players will automatically lose when time's up. (requested by waterrowing)\n|\n|t:|1732938941\n|switch|p1a: Illumise|Illumise, L91, F|266/266\n|move|p2a: Golduck|Hydro Pump|p1a: Illumise|[miss]\n|-miss|p2a: Golduck|p1a: Illumise\n|\n|upkeep\n|turn|2\n|\n|t:|1732938954\n|switch|p2a: Illumise|Illumise, L91, F|266/266\n|move|p1a: Illumise|Thunder Wave|p2a: Illumise\n|-status|p2a: Illumise|par\n|\n|upkeep\n|turn|3\n|\n|t:|1732938978\n|move|p2a: Illumise|Thunder Wave|p1a: Illumise\n|-status|p1a: Illumise|par\n|move|p1a: Illumise|Bug Buzz|p2a: Illumise\n|-damage|p2a: Illumise|175/266 par\n|\n|upkeep\n|turn|4\n|\n|t:|1732938984\n|cant|p2a: Illumise|par\n|move|p1a: Illumise|Bug Buzz|p2a: Illumise\n|-damage|p2a: Illumise|85/266 par\n|-unboost|p2a: Illumise|spd|1\n|\n|upkeep\n|turn|5\n|\n|t:|1732938995\n|switch|p2a: Volcanion|Volcanion, L79|256/256\n|move|p1a: Illumise|Bug Buzz|p2a: Volcanion\n|-resisted|p2a: Volcanion\n|-damage|p2a: Volcanion|208/256\n|\n|upkeep\n|turn|6\n|inactive|waterrowing has 120 seconds left.\n|inactive|waterrowing has 90 seconds left.\n|\n|t:|1732939074\n|switch|p2a: Illumise|Illumise, L91, F|85/266 par\n|cant|p1a: Illumise|par\n|\n|upkeep\n|turn|7\n|\n|t:|1732939090\n|move|p2a: Illumise|Roost|p2a: Illumise\n|-heal|p2a: Illumise|218/266 par\n|-singleturn|p2a: Illumise|move: Roost\n|move|p1a: Illumise|Bug Buzz|p2a: Illumise\n|-damage|p2a: Illumise|137/266 par\n|-unboost|p2a: Illumise|spd|1\n|\n|upkeep\n|turn|8\n|inactive|waterrowing has 90 seconds left.\n|\n|t:|1732939109\n|move|p1a: Illumise|Bug Buzz|p2a: Illumise\n|-damage|p2a: Illumise|14/266 par\n|move|p2a: Illumise|Bug Buzz|p1a: Illumise\n|-damage|p1a: Illumise|173/266 par\n|-unboost|p1a: Illumise|spd|1\n|\n|upkeep\n|turn|9\n|inactive|waterrowing has 90 seconds left.\n|\n|t:|1732939131\n|move|p2a: Illumise|Bug Buzz|p1a: Illumise\n|-damage|p1a: Illumise|50/266 par\n|move|p1a: Illumise|Bug Buzz|p2a: Illumise\n|-damage|p2a: Illumise|0 fnt\n|faint|p2a: Illumise\n|\n|upkeep\n|\n|t:|1732939137\n|switch|p2a: Brute Bonnet|Brute Bonnet, L81|312/312\n|turn|10\n|inactive|waterrowing has 90 seconds left.\n|inactive|waterrowing has 60 seconds left.\n|\n|t:|1732939183\n|cant|p1a: Illumise|par\n|move|p2a: Brute Bonnet|Seed Bomb|p1a: Illumise\n|-resisted|p1a: Illumise\n|-damage|p1a: Illumise|2/266 par\n|\n|upkeep\n|turn|11\n|\n|t:|1732939187\n|move|p1a: Illumise|Thunder Wave|p2a: Brute Bonnet\n|-hint|Since gen 7, Dark is immune to Prankster moves.\n|-immune|p2a: Brute Bonnet\n|move|p2a: Brute Bonnet|Close Combat|p1a: Illumise\n|-resisted|p1a: Illumise\n|-damage|p1a: Illumise|0 fnt\n|-unboost|p2a: Brute Bonnet|def|1\n|-unboost|p2a: Brute Bonnet|spd|1\n|faint|p1a: Illumise\n|\n|upkeep\n|inactive|waterrowing has 60 seconds left.\n|\n|t:|1732939207\n|switch|p1a: Sylveon|Sylveon, L85, F|300/300\n|turn|12\n|\n|t:|1732939213\n|move|p1a: Sylveon|Hyper Voice|p2a: Brute Bonnet\n|-supereffective|p2a: Brute Bonnet\n|-damage|p2a: Brute Bonnet|0 fnt\n|faint|p2a: Brute Bonnet\n|-end|p2a: Brute Bonnet|Protosynthesis|[silent]\n|\n|upkeep\n|\n|t:|1732939225\n|switch|p2a: Greedent|Greedent, L86, M|347/347\n|turn|13\n|inactive|waterrowing has 60 seconds left.\n|\n|t:|1732939244\n|switch|p1a: Scrafty|Scrafty, L84, F|246/246\n|move|p2a: Greedent|Swords Dance|p2a: Greedent\n|-boost|p2a: Greedent|atk|2\n|\n|upkeep\n|turn|14\n|\n|t:|1732939252\n|move|p1a: Scrafty|Bulk Up|p1a: Scrafty\n|-boost|p1a: Scrafty|atk|1\n|-boost|p1a: Scrafty|def|1\n|move|p2a: Greedent|Body Slam|p1a: Scrafty\n|-damage|p1a: Scrafty|149/246\n|\n|-heal|p1a: Scrafty|164/246|[from] item: Leftovers\n|upkeep\n|turn|15\n|\n|t:|1732939265\n|switch|p2a: Golduck|Golduck, L90, M|290/290\n|-ability|p2a: Golduck|Cloud Nine\n|move|p1a: Scrafty|Knock Off|p2a: Golduck\n|-damage|p2a: Golduck|133/290\n|-enditem|p2a: Golduck|Life Orb|[from] move: Knock Off|[of] p1a: Scrafty\n|\n|-heal|p1a: Scrafty|179/246|[from] item: Leftovers\n|upkeep\n|turn|16\n|\n|t:|1732939273\n|move|p2a: Golduck|Hydro Pump|p1a: Scrafty\n|-damage|p1a: Scrafty|79/246\n|move|p1a: Scrafty|Drain Punch|p2a: Golduck\n|-damage|p2a: Golduck|28/290\n|-heal|p1a: Scrafty|132/246|[from] drain|[of] p2a: Golduck\n|\n|-heal|p1a: Scrafty|147/246|[from] item: Leftovers\n|upkeep\n|turn|17\n|\n|t:|1732939279\n|switch|p1a: Sylveon|Sylveon, L85, F|300/300\n|move|p2a: Golduck|Hydro Pump|p1a: Sylveon\n|-damage|p1a: Sylveon|210/300\n|\n|-heal|p1a: Sylveon|228/300|[from] item: Leftovers\n|upkeep\n|turn|18\n|\n|t:|1732939290\n|switch|p2a: Volcanion|Volcanion, L79|208/256\n|move|p1a: Sylveon|Wish|p1a: Sylveon\n|\n|-heal|p1a: Sylveon|246/300|[from] item: Leftovers\n|upkeep\n|turn|19\n|\n|t:|1732939296\n|switch|p1a: Scrafty|Scrafty, L84, F|147/246\n|move|p2a: Volcanion|Steam Eruption|p1a: Scrafty\n|-damage|p1a: Scrafty|32/246\n|\n|-heal|p1a: Scrafty|182/246|[from] move: Wish|[wisher] Sylveon\n|-heal|p1a: Scrafty|197/246|[from] item: Leftovers\n|upkeep\n|turn|20\n|\n|t:|1732939304\n|move|p2a: Volcanion|Steam Eruption|p1a: Scrafty\n|-damage|p1a: Scrafty|86/246\n|-status|p1a: Scrafty|brn\n|move|p1a: Scrafty|Knock Off|p2a: Volcanion\n|-damage|p2a: Volcanion|170/256\n|-enditem|p2a: Volcanion|Heavy-Duty Boots|[from] move: Knock Off|[of] p1a: Scrafty\n|\n|-heal|p1a: Scrafty|101/246 brn|[from] item: Leftovers\n|-damage|p1a: Scrafty|86/246 brn|[from] brn\n|upkeep\n|turn|21\n|\n|t:|1732939310\n|switch|p1a: Sylveon|Sylveon, L85, F|246/300\n|move|p2a: Volcanion|Steam Eruption|p1a: Sylveon\n|-damage|p1a: Sylveon|147/300\n|-status|p1a: Sylveon|brn\n|\n|-heal|p1a: Sylveon|165/300 brn|[from] item: Leftovers\n|-damage|p1a: Sylveon|147/300 brn|[from] brn\n|upkeep\n|turn|22\n|\n|t:|1732939317\n|move|p2a: Volcanion|Steam Eruption|p1a: Sylveon\n|-crit|p1a: Sylveon\n|-damage|p1a: Sylveon|5/300 brn\n|move|p1a: Sylveon|Wish|p1a: Sylveon\n|\n|-heal|p1a: Sylveon|23/300 brn|[from] item: Leftovers\n|-damage|p1a: Sylveon|5/300 brn|[from] brn\n|upkeep\n|turn|23\n|\n|t:|1732939325\n|move|p1a: Sylveon|Protect|p1a: Sylveon\n|-singleturn|p1a: Sylveon|Protect\n|move|p2a: Volcanion|Steam Eruption|p1a: Sylveon\n|-activate|p1a: Sylveon|move: Protect\n|\n|-heal|p1a: Sylveon|155/300 brn|[from] move: Wish|[wisher] Sylveon\n|-heal|p1a: Sylveon|173/300 brn|[from] item: Leftovers\n|-damage|p1a: Sylveon|155/300 brn|[from] brn\n|upkeep\n|turn|24\n|inactive|waterrowing has 120 seconds left.\n|\n|t:|1732939335\n|switch|p2a: Jumpluff|Jumpluff, L87, M|271/271\n|move|p1a: Sylveon|Wish|p1a: Sylveon\n|\n|-heal|p1a: Sylveon|173/300 brn|[from] item: Leftovers\n|-damage|p1a: Sylveon|155/300 brn|[from] brn\n|upkeep\n|turn|25\n|\n|t:|1732939341\n|move|p2a: Jumpluff|Substitute|p2a: Jumpluff\n|-start|p2a: Jumpluff|Substitute\n|-damage|p2a: Jumpluff|204/271\n|move|p1a: Sylveon|Hyper Voice|p2a: Jumpluff\n|-damage|p2a: Jumpluff|84/271\n|\n|-heal|p1a: Sylveon|300/300 brn|[from] move: Wish|[wisher] Sylveon\n|-damage|p1a: Sylveon|282/300 brn|[from] brn\n|upkeep\n|turn|26\n|\n|t:|1732939344\n|move|p2a: Jumpluff|Strength Sap|p1a: Sylveon\n|-unboost|p1a: Sylveon|atk|1\n|-heal|p2a: Jumpluff|199/271\n|move|p1a: Sylveon|Hyper Voice|p2a: Jumpluff\n|-damage|p2a: Jumpluff|85/271\n|\n|-heal|p1a: Sylveon|300/300 brn|[from] item: Leftovers\n|-damage|p1a: Sylveon|282/300 brn|[from] brn\n|upkeep\n|turn|27\n|\n|t:|1732939348\n|-terastallize|p2a: Jumpluff|Steel\n|move|p2a: Jumpluff|Leech Seed|p1a: Sylveon\n|-start|p1a: Sylveon|move: Leech Seed\n|move|p1a: Sylveon|Hyper Voice|p2a: Jumpluff\n|-resisted|p2a: Jumpluff\n|-damage|p2a: Jumpluff|24/271\n|\n|-heal|p1a: Sylveon|300/300 brn|[from] item: Leftovers\n|-damage|p1a: Sylveon|263/300 brn|[from] Leech Seed|[of] p2a: Jumpluff\n|-heal|p2a: Jumpluff|61/271|[silent]\n|-damage|p1a: Sylveon|245/300 brn|[from] brn\n|upkeep\n|turn|28\n|\n|t:|1732939356\n|move|p2a: Jumpluff|Acrobatics|p1a: Sylveon\n|-damage|p1a: Sylveon|142/300 brn\n|move|p1a: Sylveon|Hyper Voice|p2a: Jumpluff\n|-resisted|p2a: Jumpluff\n|-damage|p2a: Jumpluff|5/271\n|\n|-heal|p1a: Sylveon|160/300 brn|[from] item: Leftovers\n|-damage|p1a: Sylveon|123/300 brn|[from] Leech Seed|[of] p2a: Jumpluff\n|-heal|p2a: Jumpluff|42/271|[silent]\n|-damage|p1a: Sylveon|105/300 brn|[from] brn\n|upkeep\n|turn|29\n|\n|t:|1732939359\n|move|p2a: Jumpluff|Acrobatics|p1a: Sylveon\n|-crit|p1a: Sylveon\n|-damage|p1a: Sylveon|0 fnt\n|faint|p1a: Sylveon\n|\n|upkeep\n|\n|t:|1732939379\n|switch|p1a: Klawf|Klawf, L90, F|272/272\n|turn|30\n|\n|t:|1732939386\n|move|p2a: Jumpluff|Strength Sap|p1a: Klawf\n|-unboost|p1a: Klawf|atk|1\n|-heal|p2a: Jumpluff|271/271\n|move|p1a: Klawf|High Horsepower|p2a: Jumpluff\n|-supereffective|p2a: Jumpluff\n|-end|p2a: Jumpluff|Substitute\n|-damage|p1a: Klawf|245/272|[from] item: Life Orb\n|\n|upkeep\n|turn|31\n|\n|t:|1732939393\n|move|p2a: Jumpluff|Leech Seed|p1a: Klawf\n|-start|p1a: Klawf|move: Leech Seed\n|move|p1a: Klawf|Stealth Rock|p2a: Jumpluff\n|-sidestart|p2: SimurghOfTheSea|move: Stealth Rock\n|\n|-damage|p1a: Klawf|211/272|[from] Leech Seed|[of] p2a: Jumpluff\n|upkeep\n|turn|32\n|\n|t:|1732939401\n|switch|p1a: Scrafty|Scrafty, L84, F|86/246 brn\n|move|p2a: Jumpluff|Substitute|p2a: Jumpluff\n|-start|p2a: Jumpluff|Substitute\n|-damage|p2a: Jumpluff|204/271\n|\n|-activate|p1a: Scrafty|ability: Shed Skin\n|-curestatus|p1a: Scrafty|brn|[msg]\n|-heal|p1a: Scrafty|101/246|[from] item: Leftovers\n|upkeep\n|turn|33\n|\n|t:|1732939406\n|move|p2a: Jumpluff|Acrobatics|p1a: Scrafty\n|-supereffective|p1a: Scrafty\n|-damage|p1a: Scrafty|0 fnt\n|faint|p1a: Scrafty\n|\n|upkeep\n|\n|t:|1732939409\n|switch|p1a: Klawf|Klawf, L90, F|272/272\n|turn|34\n|\n|t:|1732939415\n|move|p2a: Jumpluff|Strength Sap|p1a: Klawf\n|-unboost|p1a: Klawf|atk|1\n|-heal|p2a: Jumpluff|271/271\n|move|p1a: Klawf|High Horsepower|p2a: Jumpluff\n|-supereffective|p2a: Jumpluff\n|-end|p2a: Jumpluff|Substitute\n|-damage|p1a: Klawf|245/272|[from] item: Life Orb\n|\n|upkeep\n|turn|35\n|\n|t:|1732939419\n|move|p2a: Jumpluff|Strength Sap|p1a: Klawf\n|-unboost|p1a: Klawf|atk|1\n|move|p1a: Klawf|High Horsepower|p2a: Jumpluff\n|-supereffective|p2a: Jumpluff\n|-damage|p2a: Jumpluff|154/271\n|-damage|p1a: Klawf|218/272|[from] item: Life Orb\n|\n|upkeep\n|turn|36\n|\n|t:|1732939421\n|move|p2a: Jumpluff|Strength Sap|p1a: Klawf\n|-unboost|p1a: Klawf|atk|1\n|-heal|p2a: Jumpluff|269/271\n|move|p1a: Klawf|High Horsepower|p2a: Jumpluff\n|-supereffective|p2a: Jumpluff\n|-damage|p2a: Jumpluff|181/271\n|-damage|p1a: Klawf|191/272|[from] item: Life Orb\n|\n|upkeep\n|turn|37\n|\n|t:|1732939425\n|move|p2a: Jumpluff|Substitute|p2a: Jumpluff\n|-start|p2a: Jumpluff|Substitute\n|-damage|p2a: Jumpluff|114/271\n|move|p1a: Klawf|High Horsepower|p2a: Jumpluff\n|-supereffective|p2a: Jumpluff\n|-end|p2a: Jumpluff|Substitute\n|-damage|p1a: Klawf|164/272|[from] item: Life Orb\n|\n|upkeep\n|turn|38\n|\n|t:|1732939433\n|move|p2a: Jumpluff|Strength Sap|p1a: Klawf\n|-unboost|p1a: Klawf|atk|1\n|-heal|p2a: Jumpluff|206/271\n|move|p1a: Klawf|High Horsepower|p2a: Jumpluff\n|-supereffective|p2a: Jumpluff\n|-damage|p2a: Jumpluff|131/271\n|-damage|p1a: Klawf|137/272|[from] item: Life Orb\n|\n|upkeep\n|turn|39\n|\n|t:|1732939438\n|move|p2a: Jumpluff|Substitute|p2a: Jumpluff\n|-start|p2a: Jumpluff|Substitute\n|-damage|p2a: Jumpluff|64/271\n|move|p1a: Klawf|High Horsepower|p2a: Jumpluff\n|-supereffective|p2a: Jumpluff\n|-end|p2a: Jumpluff|Substitute\n|-damage|p1a: Klawf|110/272|[from] item: Life Orb\n|\n|upkeep\n|turn|40\n|\n|t:|1732939450\n|switch|p2a: Golduck|Golduck, L90, M|28/290\n|-damage|p2a: Golduck|0 fnt|[from] Stealth Rock\n|faint|p2a: Golduck\n|move|p1a: Klawf|High Horsepower|p2: Golduck|[notarget]\n|-fail|p1a: Klawf\n|\n|upkeep\n|\n|t:|1732939452\n|switch|p2a: Greedent|Greedent, L86, M|347/347\n|-damage|p2a: Greedent|304/347|[from] Stealth Rock\n|turn|41\n|\n|t:|1732939455\n|move|p1a: Klawf|Knock Off|p2a: Greedent\n|-damage|p2a: Greedent|270/347\n|-enditem|p2a: Greedent|Sitrus Berry|[from] move: Knock Off|[of] p1a: Klawf\n|-damage|p1a: Klawf|83/272|[from] item: Life Orb\n|move|p2a: Greedent|Swords Dance|p2a: Greedent\n|-boost|p2a: Greedent|atk|2\n|\n|upkeep\n|turn|42\n|\n|t:|1732939470\n|move|p1a: Klawf|Stone Edge|p2a: Greedent|[miss]\n|-miss|p1a: Klawf|p2a: Greedent\n|move|p2a: Greedent|Earthquake|p1a: Klawf\n|-supereffective|p1a: Klawf\n|-damage|p1a: Klawf|0 fnt\n|faint|p1a: Klawf\n|\n|upkeep\n|\n|t:|1732939487\n|switch|p1a: Morpeko|Morpeko, L88, F|245/245\n|turn|43\n|\n|t:|1732939493\n|move|p1a: Morpeko|Aura Wheel|p2a: Greedent\n|-damage|p2a: Greedent|158/347\n|-boost|p1a: Morpeko|spe|1\n|move|p2a: Greedent|Body Slam|p1a: Morpeko\n|-damage|p1a: Morpeko|0 fnt\n|faint|p1a: Morpeko\n|\n|upkeep\n|\n|t:|1732939499\n|switch|p1a: Blaziken|Blaziken, L76, F|247/247\n|turn|44\n|l|\u2606SimurghOfTheSea\n|inactive|SimurghOfTheSea disconnected and has a minute to reconnect!\n|player|p2|\n|j|\u2606SimurghOfTheSea\n|inactive|SimurghOfTheSea reconnected and has 130 seconds left.\n|player|p2|SimurghOfTheSea|170|\n|\n|t:|1732939522\n|move|p1a: Blaziken|Close Combat|p2a: Greedent\n|-supereffective|p2a: Greedent\n|-damage|p2a: Greedent|0 fnt\n|-unboost|p1a: Blaziken|def|1\n|-unboost|p1a: Blaziken|spd|1\n|faint|p2a: Greedent\n|-damage|p1a: Blaziken|223/247|[from] item: Life Orb\n|\n|-ability|p1a: Blaziken|Speed Boost|boost\n|-boost|p1a: Blaziken|spe|1\n|upkeep\n|\n|t:|1732939533\n|switch|p2a: Jumpluff|Jumpluff, L87, M, tera:Steel|64/271\n|-damage|p2a: Jumpluff|48/271|[from] Stealth Rock\n|turn|45\n|\n|t:|1732939539\n|move|p1a: Blaziken|Flare Blitz|p2a: Jumpluff\n|-supereffective|p2a: Jumpluff\n|-damage|p2a: Jumpluff|0 fnt\n|faint|p2a: Jumpluff\n|-damage|p1a: Blaziken|207/247|[from] Recoil\n|-damage|p1a: Blaziken|183/247|[from] item: Life Orb\n|\n|-ability|p1a: Blaziken|Speed Boost|boost\n|-boost|p1a: Blaziken|spe|1\n|upkeep\n|\n|t:|1732939541\n|switch|p2a: Volcanion|Volcanion, L79|170/256\n|-damage|p2a: Volcanion|106/256|[from] Stealth Rock\n|turn|46\n|\n|t:|1732939544\n|-terastallize|p1a: Blaziken|Fighting\n|move|p1a: Blaziken|Close Combat|p2a: Volcanion\n|-damage|p2a: Volcanion|0 fnt\n|-unboost|p1a: Blaziken|def|1\n|-unboost|p1a: Blaziken|spd|1\n|faint|p2a: Volcanion\n|-damage|p1a: Blaziken|159/247|[from] item: Life Orb\n|\n|win|waterrowing\n|raw|waterrowing's rating: 1715 &rarr; <strong>1739</strong><br />(+24 for winning)\n|raw|SimurghOfTheSea's rating: 1780 &rarr; <strong>1756</strong><br />(-24 for losing)\n", "inputlog": ">version b107d77f5c90bd6555267ae244a6264823309ead\n>start {\"formatid\":\"gen9randombattle\",\"seed\":[40475,31258,35747,5130],\"rated\":\"Rated battle\"}\n>player p1 {\"name\":\"waterrowing\",\"avatar\":\"102\",\"rating\":1715,\"seed\":[29555,53006,38442,3972]}\n>player p2 {\"name\":\"SimurghOfTheSea\",\"avatar\":\"170\",\"rating\":1780,\"seed\":[2038,50861,5349,18519]}\n>p1 switch 5\n>p2 move hydropump\n>p1 move thunderwave\n>p2 switch 4\n>p1 move bugbuzz\n>p2 move thunderwave\n>p1 move bugbuzz\n>p2 move roost\n>p1 move bugbuzz\n>p2 switch 6\n>p1 move thunderwave\n>p2 switch 6\n>p1 move bugbuzz\n>p2 move roost\n>p1 move bugbuzz\n>p2 move bugbuzz\n>p1 move bugbuzz\n>p2 move bugbuzz\n>p2 switch 5\n>p1 move roost\n>p2 move seedbomb\n>p1 move thunderwave\n>p2 move closecombat\n>p1 switch 6\n>p1 move hypervoice\n>p2 move spore\n>p2 switch 2\n>p1 switch 4\n>p2 move swordsdance\n>p1 move bulkup\n>p2 move bodyslam\n>p1 move knockoff\n>p2 switch 4\n>p1 move drainpunch\n>p2 move hydropump\n>p1 switch 4\n>p2 move hydropump\n>p1 move wish\n>p2 switch 6\n>p1 switch 4\n>p2 move steameruption\n>p1 move knockoff\n>p2 move steameruption\n>p1 switch 4\n>p2 move steameruption\n>p1 move wish\n>p2 move steameruption\n>p1 move protect\n>p2 move steameruption\n>p1 move wish\n>p2 switch 3\n>p1 move hypervoice\n>p2 move substitute\n>p1 move hypervoice\n>p2 move strengthsap\n>p1 move hypervoice\n>p2 move leechseed terastallize\n>p1 move hypervoice\n>p2 move acrobatics\n>p1 move hypervoice\n>p2 move acrobatics\n>p1 switch 3\n>p1 move highhorsepower\n>p2 move strengthsap\n>p1 move stealthrock\n>p2 move leechseed\n>p1 switch 4\n>p2 move substitute\n>p1 move drainpunch\n>p2 move acrobatics\n>p1 switch 4\n>p1 move highhorsepower\n>p2 move strengthsap\n>p1 move highhorsepower\n>p2 move strengthsap\n>p1 move highhorsepower\n>p2 move strengthsap\n>p1 move highhorsepower\n>p2 move substitute\n>p1 move highhorsepower\n>p2 move strengthsap\n>p1 move highhorsepower\n>p2 move substitute\n>p1 move highhorsepower\n>p2 switch 6\n>p2 switch 4\n>p1 move knockoff\n>p2 move swordsdance\n>p1 move stoneedge\n>p2 move earthquake\n>p1 switch 2\n>p1 move aurawheel\n>p2 move bodyslam\n>p1 switch 5\n>p1 move closecombat\n>p2 move bodyslam\n>p2 switch 6\n>p1 move flareblitz\n>p2 move acrobatics\n>p2 switch 3\n>p1 move closecombat terastallize\n>p2 move steameruption", "uploadtime": 1732939548, "views": 16, "formatid": "gen9randombattle", "rating": 1739, "private": 0, "password": null}