{"id": "gen9randombattle-2254124339", "format": "[Gen 9] Random Battle", "players": ["Eliot7", "Fortheshuckles"], "log": "|j|\u2606Eliot7\n|j|\u2606Fortheshuckles\n|t:|1732994199\n|gametype|singles\n|player|p1|Eliot7|2|1311\n|player|p2|Fortheshuckles|266|1369\n|teamsize|p1|6\n|teamsize|p2|6\n|gen|9\n|tier|[Gen 9] Random Battle\n|rated|\n|rule|Species Clause: Limit one of each Pok\u00e9mon\n|rule|HP Percentage Mod: HP is shown in percentages\n|rule|Sleep Clause Mod: Limit one foe put to sleep\n|rule|Illusion Level Mod: Illusion disguises the Pok\u00e9mon's true level\n|\n|t:|1732994199\n|start\n|switch|p1a: Amoonguss|Amoonguss, L82, F|321/321\n|switch|p2a: Pyroar|Pyroar, L88, M|295/295\n|-ability|p2a: Pyroar|Unnerve\n|turn|1\n|\n|t:|1732994215\n|switch|p1a: Grumpig|Grumpig, L92, M|297/297\n|move|p2a: Pyroar|Fire Blast|p1a: Grumpig|[miss]\n|-miss|p2a: Pyroar|p1a: Grumpig\n|\n|upkeep\n|turn|2\n|\n|t:|1732994225\n|move|p2a: Pyroar|Dark Pulse|p1a: Grumpig\n|-supereffective|p1a: Grumpig\n|-damage|p1a: Grumpig|191/297\n|move|p1a: Grumpig|Nasty Plot|p1a: Grumpig\n|-boost|p1a: Grumpig|spa|2\n|\n|-heal|p1a: Grumpig|209/297|[from] item: Leftovers\n|upkeep\n|turn|3\n|\n|t:|1732994236\n|-terastallize|p2a: Pyroar|Fire\n|move|p2a: Pyroar|Fire Blast|p1a: Grumpig\n|-damage|p1a: Grumpig|131/297\n|move|p1a: Grumpig|Psyshock|p2a: Pyroar\n|-damage|p2a: Pyroar|90/295\n|\n|-heal|p1a: Grumpig|149/297|[from] item: Leftovers\n|upkeep\n|turn|4\n|\n|t:|1732994247\n|move|p2a: Pyroar|Dark Pulse|p1a: Grumpig\n|-supereffective|p1a: Grumpig\n|-damage|p1a: Grumpig|43/297\n|move|p1a: Grumpig|Psyshock|p2a: Pyroar\n|-damage|p2a: Pyroar|0 fnt\n|faint|p2a: Pyroar\n|\n|-heal|p1a: Grumpig|61/297|[from] item: Leftovers\n|upkeep\n|\n|t:|1732994274\n|switch|p2a: Zapdos|Zapdos, L78|268/268\n|turn|5\n|\n|t:|1732994343\n|switch|p1a: Kilowattrel|Kilowattrel, L83, F|252/252\n|move|p2a: Zapdos|Discharge|p1a: Kilowattrel\n|-immune|p1a: Kilowattrel|[from] ability: Volt Absorb\n|\n|upkeep\n|turn|6\n|\n|t:|1732994380\n|switch|p2a: Sandaconda|Sandaconda, L84, F|258/258\n|move|p1a: Kilowattrel|U-turn|p2a: Sandaconda\n|-damage|p2a: Sandaconda|230/258\n|\n|t:|1732994399\n|switch|p1a: Amoonguss|Amoonguss, L82, F|321/321|[from] U-turn\n|\n|-heal|p2a: Sandaconda|246/258|[from] item: Leftovers\n|upkeep\n|turn|7\n|\n|t:|1732994412\n|move|p2a: Sandaconda|Glare|p1a: Amoonguss\n|-status|p1a: Amoonguss|par\n|cant|p1a: Amoonguss|par\n|\n|-heal|p2a: Sandaconda|258/258|[from] item: Leftovers\n|upkeep\n|turn|8\n|\n|t:|1732994430\n|move|p2a: Sandaconda|Earthquake|p1a: Amoonguss\n|-damage|p1a: Amoonguss|191/321 par\n|move|p1a: Amoonguss|Spore|p2a: Sandaconda\n|-status|p2a: Sandaconda|slp|[from] move: Spore\n|\n|upkeep\n|turn|9\n|\n|t:|1732994469\n|cant|p2a: Sandaconda|slp\n|cant|p1a: Amoonguss|par\n|\n|-activate|p2a: Sandaconda|ability: Shed Skin\n|-curestatus|p2a: Sandaconda|slp|[msg]\n|upkeep\n|turn|10\n|\n|t:|1732994481\n|move|p2a: Sandaconda|Earthquake|p1a: Amoonguss\n|-damage|p1a: Amoonguss|61/321 par\n|move|p1a: Amoonguss|Giga Drain|p2a: Sandaconda\n|-supereffective|p2a: Sandaconda\n|-damage|p2a: Sandaconda|96/258\n|-heal|p1a: Amoonguss|142/321 par|[from] drain|[of] p2a: Sandaconda\n|\n|-heal|p2a: Sandaconda|112/258|[from] item: Leftovers\n|upkeep\n|turn|11\n|\n|t:|1732994491\n|move|p2a: Sandaconda|Earthquake|p1a: Amoonguss\n|-damage|p1a: Amoonguss|13/321 par\n|cant|p1a: Amoonguss|par\n|\n|-heal|p2a: Sandaconda|128/258|[from] item: Leftovers\n|upkeep\n|turn|12\n|\n|t:|1732994501\n|switch|p1a: Eelektross|Eelektross, L87, M|290/290\n|move|p2a: Sandaconda|Stone Edge|p1a: Eelektross\n|-damage|p1a: Eelektross|213/290\n|\n|-heal|p2a: Sandaconda|144/258|[from] item: Leftovers\n|-heal|p1a: Eelektross|231/290|[from] item: Leftovers\n|upkeep\n|turn|13\n|\n|t:|1732994527\n|switch|p2a: Mesprit|Mesprit, L85|275/275\n|move|p1a: Eelektross|Coil|p1a: Eelektross\n|-boost|p1a: Eelektross|atk|1\n|-boost|p1a: Eelektross|def|1\n|-boost|p1a: Eelektross|accuracy|1\n|\n|-heal|p1a: Eelektross|249/290|[from] item: Leftovers\n|upkeep\n|turn|14\n|\n|t:|1732994536\n|move|p2a: Mesprit|Psychic|p1a: Eelektross\n|-damage|p1a: Eelektross|131/290\n|move|p1a: Eelektross|Supercell Slam|p2a: Mesprit\n|-damage|p2a: Mesprit|100/275\n|\n|-heal|p1a: Eelektross|149/290|[from] item: Leftovers\n|upkeep\n|turn|15\n|\n|t:|1732994545\n|switch|p1a: Grumpig|Grumpig, L92, M|61/297\n|move|p2a: Mesprit|Psychic|p1a: Grumpig\n|-resisted|p1a: Grumpig\n|-damage|p1a: Grumpig|24/297\n|\n|-heal|p1a: Grumpig|42/297|[from] item: Leftovers\n|upkeep\n|turn|16\n|\n|t:|1732994557\n|switch|p2a: Zapdos|Zapdos, L78|268/268\n|move|p1a: Grumpig|Shadow Ball|p2a: Zapdos\n|-damage|p2a: Zapdos|206/268\n|\n|-heal|p1a: Grumpig|60/297|[from] item: Leftovers\n|upkeep\n|turn|17\n|\n|t:|1732994570\n|move|p2a: Zapdos|Hurricane|p1a: Grumpig\n|-damage|p1a: Grumpig|0 fnt\n|faint|p1a: Grumpig\n|\n|upkeep\n|\n|t:|1732994579\n|switch|p1a: Kilowattrel|Kilowattrel, L83, F|252/252\n|turn|18\n|\n|t:|1732994582\n|move|p1a: Kilowattrel|Hurricane|p2a: Zapdos\n|-resisted|p2a: Zapdos\n|-damage|p2a: Zapdos|140/268\n|move|p2a: Zapdos|Discharge|p1a: Kilowattrel\n|-immune|p1a: Kilowattrel|[from] ability: Volt Absorb\n|\n|upkeep\n|turn|19\n|\n|t:|1732994590\n|move|p1a: Kilowattrel|Hurricane|p2a: Zapdos\n|-resisted|p2a: Zapdos\n|-damage|p2a: Zapdos|73/268\n|move|p2a: Zapdos|Hurricane|p1a: Kilowattrel\n|-resisted|p1a: Kilowattrel\n|-damage|p1a: Kilowattrel|170/252\n|\n|upkeep\n|turn|20\n|\n|t:|1732994597\n|move|p1a: Kilowattrel|Hurricane|p2a: Zapdos|[miss]\n|-miss|p1a: Kilowattrel|p2a: Zapdos\n|move|p2a: Zapdos|Roost|p2a: Zapdos\n|-heal|p2a: Zapdos|207/268\n|-singleturn|p2a: Zapdos|move: Roost\n|\n|upkeep\n|turn|21\n|\n|t:|1732994607\n|move|p1a: Kilowattrel|Hurricane|p2a: Zapdos\n|-resisted|p2a: Zapdos\n|-damage|p2a: Zapdos|146/268\n|move|p2a: Zapdos|Hurricane|p1a: Kilowattrel\n|-resisted|p1a: Kilowattrel\n|-damage|p1a: Kilowattrel|83/252\n|\n|upkeep\n|turn|22\n|\n|t:|1732994622\n|move|p1a: Kilowattrel|U-turn|p2a: Zapdos\n|-resisted|p2a: Zapdos\n|-damage|p2a: Zapdos|124/268\n|\n|t:|1732994625\n|switch|p1a: Amoonguss|Amoonguss, L82, F|120/321 par|[from] U-turn\n|move|p2a: Zapdos|Hurricane|p1a: Amoonguss\n|-supereffective|p1a: Amoonguss\n|-damage|p1a: Amoonguss|0 fnt\n|faint|p1a: Amoonguss\n|\n|upkeep\n|\n|t:|1732994627\n|switch|p1a: Eelektross|Eelektross, L87, M|149/290\n|turn|23\n|\n|t:|1732994638\n|move|p2a: Zapdos|Roost|p2a: Zapdos\n|-heal|p2a: Zapdos|258/268\n|-singleturn|p2a: Zapdos|move: Roost\n|move|p1a: Eelektross|Fire Punch|p2a: Zapdos\n|-damage|p2a: Zapdos|183/268\n|\n|-heal|p1a: Eelektross|167/290|[from] item: Leftovers\n|upkeep\n|turn|24\n|\n|t:|1732994648\n|move|p2a: Zapdos|Heat Wave|p1a: Eelektross|[miss]\n|-miss|p2a: Zapdos|p1a: Eelektross\n|move|p1a: Eelektross|Supercell Slam|p2a: Zapdos\n|-damage|p2a: Zapdos|51/268\n|\n|-heal|p1a: Eelektross|185/290|[from] item: Leftovers\n|upkeep\n|turn|25\n|\n|t:|1732994657\n|move|p2a: Zapdos|Roost|p2a: Zapdos\n|-heal|p2a: Zapdos|185/268\n|-singleturn|p2a: Zapdos|move: Roost\n|move|p1a: Eelektross|Fire Punch|p2a: Zapdos\n|-damage|p2a: Zapdos|120/268\n|\n|-heal|p1a: Eelektross|203/290|[from] item: Leftovers\n|upkeep\n|turn|26\n|\n|t:|1732994666\n|move|p2a: Zapdos|Roost|p2a: Zapdos\n|-heal|p2a: Zapdos|254/268\n|-singleturn|p2a: Zapdos|move: Roost\n|move|p1a: Eelektross|Supercell Slam|p2a: Zapdos\n|-resisted|p2a: Zapdos\n|-damage|p2a: Zapdos|188/268\n|\n|-heal|p1a: Eelektross|221/290|[from] item: Leftovers\n|upkeep\n|turn|27\n|\n|t:|1732994676\n|move|p2a: Zapdos|Heat Wave|p1a: Eelektross\n|-damage|p1a: Eelektross|141/290\n|-status|p1a: Eelektross|brn\n|move|p1a: Eelektross|Coil|p1a: Eelektross\n|-boost|p1a: Eelektross|atk|1\n|-boost|p1a: Eelektross|def|1\n|-boost|p1a: Eelektross|accuracy|1\n|\n|-heal|p1a: Eelektross|159/290 brn|[from] item: Leftovers\n|-damage|p1a: Eelektross|141/290 brn|[from] brn\n|upkeep\n|turn|28\n|\n|t:|1732994689\n|move|p2a: Zapdos|Heat Wave|p1a: Eelektross\n|-damage|p1a: Eelektross|73/290 brn\n|move|p1a: Eelektross|Fire Punch|p2a: Zapdos\n|-damage|p2a: Zapdos|136/268\n|-status|p2a: Zapdos|brn\n|\n|-heal|p1a: Eelektross|91/290 brn|[from] item: Leftovers\n|-damage|p2a: Zapdos|120/268 brn|[from] brn\n|-damage|p1a: Eelektross|73/290 brn|[from] brn\n|upkeep\n|turn|29\n|\n|t:|1732994701\n|move|p2a: Zapdos|Hurricane|p1a: Eelektross\n|-resisted|p1a: Eelektross\n|-damage|p1a: Eelektross|3/290 brn\n|move|p1a: Eelektross|Supercell Slam|p2a: Zapdos\n|-damage|p2a: Zapdos|20/268 brn\n|\n|-heal|p1a: Eelektross|21/290 brn|[from] item: Leftovers\n|-damage|p2a: Zapdos|4/268 brn|[from] brn\n|-damage|p1a: Eelektross|3/290 brn|[from] brn\n|upkeep\n|turn|30\n|\n|t:|1732994712\n|move|p2a: Zapdos|Roost|p2a: Zapdos\n|-heal|p2a: Zapdos|138/268 brn\n|-singleturn|p2a: Zapdos|move: Roost\n|move|p1a: Eelektross|Fire Punch|p2a: Zapdos\n|-damage|p2a: Zapdos|87/268 brn\n|\n|-heal|p1a: Eelektross|21/290 brn|[from] item: Leftovers\n|-damage|p2a: Zapdos|71/268 brn|[from] brn\n|-damage|p1a: Eelektross|3/290 brn|[from] brn\n|upkeep\n|turn|31\n|\n|t:|1732994722\n|move|p2a: Zapdos|Roost|p2a: Zapdos\n|-heal|p2a: Zapdos|205/268 brn\n|-singleturn|p2a: Zapdos|move: Roost\n|move|p1a: Eelektross|Supercell Slam|p2a: Zapdos\n|-resisted|p2a: Zapdos\n|-damage|p2a: Zapdos|155/268 brn\n|\n|-heal|p1a: Eelektross|21/290 brn|[from] item: Leftovers\n|-damage|p2a: Zapdos|139/268 brn|[from] brn\n|-damage|p1a: Eelektross|3/290 brn|[from] brn\n|upkeep\n|turn|32\n|\n|t:|1732994735\n|move|p2a: Zapdos|Heat Wave|p1a: Eelektross\n|-damage|p1a: Eelektross|0 fnt\n|faint|p1a: Eelektross\n|\n|-damage|p2a: Zapdos|123/268 brn|[from] brn\n|upkeep\n|\n|t:|1732994750\n|switch|p1a: Kilowattrel|Kilowattrel, L83, F|83/252\n|turn|33\n|\n|t:|1732994760\n|move|p1a: Kilowattrel|Hurricane|p2a: Zapdos\n|-resisted|p2a: Zapdos\n|-damage|p2a: Zapdos|63/268 brn\n|move|p2a: Zapdos|Roost|p2a: Zapdos\n|-heal|p2a: Zapdos|197/268 brn\n|-singleturn|p2a: Zapdos|move: Roost\n|\n|-damage|p2a: Zapdos|181/268 brn|[from] brn\n|upkeep\n|turn|34\n|\n|t:|1732994769\n|move|p1a: Kilowattrel|Hurricane|p2a: Zapdos\n|-resisted|p2a: Zapdos\n|-damage|p2a: Zapdos|122/268 brn\n|move|p2a: Zapdos|Hurricane|p1a: Kilowattrel|[miss]\n|-miss|p2a: Zapdos|p1a: Kilowattrel\n|\n|-damage|p2a: Zapdos|106/268 brn|[from] brn\n|upkeep\n|turn|35\n|\n|t:|1732994780\n|move|p1a: Kilowattrel|Hurricane|p2a: Zapdos\n|-resisted|p2a: Zapdos\n|-damage|p2a: Zapdos|42/268 brn\n|move|p2a: Zapdos|Roost|p2a: Zapdos\n|-heal|p2a: Zapdos|176/268 brn\n|-singleturn|p2a: Zapdos|move: Roost\n|\n|-damage|p2a: Zapdos|160/268 brn|[from] brn\n|upkeep\n|turn|36\n|\n|t:|1732994789\n|move|p1a: Kilowattrel|Hurricane|p2a: Zapdos|[miss]\n|-miss|p1a: Kilowattrel|p2a: Zapdos\n|move|p2a: Zapdos|Hurricane|p1a: Kilowattrel\n|-resisted|p1a: Kilowattrel\n|-damage|p1a: Kilowattrel|0 fnt\n|faint|p1a: Kilowattrel\n|\n|-damage|p2a: Zapdos|144/268 brn|[from] brn\n|upkeep\n|\n|t:|1732994792\n|switch|p1a: Frosmoth|Frosmoth, L82, F|249/249\n|turn|37\n|\n|t:|1732994802\n|-terastallize|p1a: Frosmoth|Water\n|move|p2a: Zapdos|Heat Wave|p1a: Frosmoth\n|-resisted|p1a: Frosmoth\n|-damage|p1a: Frosmoth|231/249\n|move|p1a: Frosmoth|Quiver Dance|p1a: Frosmoth\n|-boost|p1a: Frosmoth|spa|1\n|-boost|p1a: Frosmoth|spd|1\n|-boost|p1a: Frosmoth|spe|1\n|\n|-damage|p2a: Zapdos|128/268 brn|[from] brn\n|upkeep\n|turn|38\n|\n|t:|1732994813\n|move|p1a: Frosmoth|Ice Beam|p2a: Zapdos\n|-supereffective|p2a: Zapdos\n|-damage|p2a: Zapdos|0 fnt\n|faint|p2a: Zapdos\n|\n|upkeep\n|\n|t:|1732994827\n|switch|p2a: Mesprit|Mesprit, L85|100/275\n|turn|39\n|\n|t:|1732994831\n|move|p2a: Mesprit|Thunderbolt|p1a: Frosmoth\n|-supereffective|p1a: Frosmoth\n|-damage|p1a: Frosmoth|182/249\n|move|p1a: Frosmoth|Bug Buzz|p2a: Mesprit\n|-supereffective|p2a: Mesprit\n|-damage|p2a: Mesprit|0 fnt\n|faint|p2a: Mesprit\n|\n|upkeep\n|\n|t:|1732994845\n|switch|p2a: Scream Tail|Scream Tail, L84|330/330\n|turn|40\n|\n|t:|1732994849\n|move|p2a: Scream Tail|Thunder Wave|p1a: Frosmoth\n|-status|p1a: Frosmoth|par\n|move|p1a: Frosmoth|Quiver Dance|p1a: Frosmoth\n|-boost|p1a: Frosmoth|spa|1\n|-boost|p1a: Frosmoth|spd|1\n|-boost|p1a: Frosmoth|spe|1\n|\n|upkeep\n|turn|41\n|\n|t:|1732994857\n|move|p2a: Scream Tail|Play Rough|p1a: Frosmoth\n|-damage|p1a: Frosmoth|83/249 par\n|move|p1a: Frosmoth|Quiver Dance|p1a: Frosmoth\n|-boost|p1a: Frosmoth|spa|1\n|-boost|p1a: Frosmoth|spd|1\n|-boost|p1a: Frosmoth|spe|1\n|\n|upkeep\n|turn|42\n|\n|t:|1732994865\n|move|p2a: Scream Tail|Play Rough|p1a: Frosmoth\n|-damage|p1a: Frosmoth|0 fnt\n|faint|p1a: Frosmoth\n|\n|upkeep\n|\n|t:|1732994869\n|switch|p1a: Primarina|Primarina, L83, M|268/268\n|turn|43\n|\n|t:|1732994873\n|move|p2a: Scream Tail|Thunder Wave|p1a: Primarina\n|-status|p1a: Primarina|par\n|cant|p1a: Primarina|par\n|\n|upkeep\n|turn|44\n|-message|Eliot7 forfeited.\n|\n|win|Fortheshuckles\n|raw|Eliot7's rating: 1311 &rarr; <strong>1294</strong><br />(-17 for losing)\n|raw|Fortheshuckles's rating: 1369 &rarr; <strong>1386</strong><br />(+17 for winning)\n|l|\u2606Eliot7\n|player|p1|\n", "inputlog": ">version b107d77f5c90bd6555267ae244a6264823309ead\n>start {\"formatid\":\"gen9randombattle\",\"seed\":[2460,37746,18045,25925],\"rated\":\"Rated battle\"}\n>player p1 {\"name\":\"Eliot7\",\"avatar\":\"2\",\"rating\":1311,\"seed\":[26833,59459,48021,54220]}\n>player p2 {\"name\":\"Fortheshuckles\",\"avatar\":\"266\",\"rating\":1369,\"seed\":[63247,36596,31471,45955]}\n>p1 switch 5\n>p2 move fireblast\n>p1 move nastyplot\n>p2 move darkpulse\n>p1 move psyshock\n>p2 move fireblast terastallize\n>p1 move psyshock\n>p2 move darkpulse\n>p2 switch 4\n>p1 switch 4\n>p2 move discharge\n>p1 move uturn\n>p2 switch 2\n>p1 switch 5\n>p1 move spore\n>p2 move glare\n>p1 move spore\n>p2 move earthquake\n>p1 move gigadrain\n>p2 move earthquake\n>p1 move gigadrain\n>p2 move earthquake\n>p1 move gigadrain\n>p2 move earthquake\n>p1 switch 3\n>p2 move stoneedge\n>p1 move coil\n>p2 switch 5\n>p1 move supercellslam\n>p2 move psychic\n>p1 switch 4\n>p2 move psychic\n>p1 move shadowball\n>p2 switch 2\n>p1 move psyshock\n>p2 move hurricane\n>p1 switch 5\n>p1 move hurricane\n>p2 move discharge\n>p1 move hurricane\n>p2 move hurricane\n>p1 move hurricane\n>p2 move roost\n>p1 move hurricane\n>p2 move hurricane\n>p1 move uturn\n>p2 move hurricane\n>p1 switch 3\n>p1 switch 4\n>p1 move firepunch\n>p2 move roost\n>p1 move supercellslam\n>p2 move heatwave\n>p1 move firepunch\n>p2 move roost\n>p1 move supercellslam\n>p2 move roost\n>p1 move coil\n>p2 move heatwave\n>p1 move firepunch\n>p2 move heatwave\n>p1 move supercellslam\n>p2 move hurricane\n>p1 move firepunch\n>p2 move roost\n>p1 move supercellslam\n>p2 move roost\n>p1 move supercellslam\n>p2 move heatwave\n>p1 switch 3\n>p1 move hurricane\n>p2 move roost\n>p1 move hurricane\n>p2 move hurricane\n>p1 move hurricane\n>p2 move roost\n>p1 move hurricane\n>p2 move hurricane\n>p1 switch 6\n>p1 move quiverdance terastallize\n>p2 move heatwave\n>p1 move icebeam\n>p2 move discharge\n>p2 switch 2\n>p1 move bugbuzz\n>p2 move thunderbolt\n>p2 switch 6\n>p1 move quiverdance\n>p2 move thunderwave\n>p1 move quiverdance\n>p2 move playrough\n>p1 move icebeam\n>p2 move playrough\n>p1 switch 2\n>p1 move hydropump\n>p2 move thunderwave\n>forcelose p1", "uploadtime": 1732994887, "views": 11, "formatid": "gen9randombattle", "rating": 1294, "private": 0, "password": null}