{"id": "gen9randombattle-2253982230", "format": "[Gen 9] Random Battle", "players": ["Bsns s db", "Emerald Faux"], "log": "|j|\u2606Bsns s db\n|j|\u2606Emerald Faux\n|t:|1732975383\n|gametype|singles\n|player|p1|Bsns s db|170|1000\n|player|p2|Emerald Faux|parasollady-gen4|1048\n|teamsize|p1|6\n|teamsize|p2|6\n|gen|9\n|tier|[Gen 9] Random Battle\n|rated|\n|rule|Species Clause: Limit one of each Pok\u00e9mon\n|rule|HP Percentage Mod: HP is shown in percentages\n|rule|Sleep Clause Mod: Limit one foe put to sleep\n|rule|Illusion Level Mod: Illusion disguises the Pok\u00e9mon's true level\n|\n|t:|1732975383\n|start\n|switch|p1a: Dragonite|Dragonite, L74, F|257/257\n|switch|p2a: Medicham|Medicham, L86, M|243/243\n|turn|1\n|\n|t:|1732975408\n|move|p2a: Medicham|Zen Headbutt|p1a: Dragonite\n|-damage|p1a: Dragonite|153/257\n|move|p1a: Dragonite|Dragon Dance|p1a: Dragonite\n|-boost|p1a: Dragonite|atk|1\n|-boost|p1a: Dragonite|spe|1\n|\n|upkeep\n|turn|2\n|\n|t:|1732975415\n|move|p1a: Dragonite|Roost|p1a: Dragonite\n|-heal|p1a: Dragonite|257/257\n|-singleturn|p1a: Dragonite|move: Roost\n|move|p2a: Medicham|Zen Headbutt|p1a: Dragonite\n|-damage|p1a: Dragonite|165/257\n|\n|upkeep\n|turn|3\n|\n|t:|1732975425\n|move|p1a: Dragonite|Dragon Dance|p1a: Dragonite\n|-boost|p1a: Dragonite|atk|1\n|-boost|p1a: Dragonite|spe|1\n|move|p2a: Medicham|Zen Headbutt|p1a: Dragonite\n|-damage|p1a: Dragonite|0 fnt\n|faint|p1a: Dragonite\n|\n|upkeep\n|inactive|Battle timer is ON: inactive players will automatically lose when time's up. (requested by Emerald Faux)\n|\n|t:|1732975471\n|switch|p1a: Venomoth|Venomoth, L84, M|255/255\n|turn|4\n|\n|t:|1732975475\n|move|p1a: Venomoth|Quiver Dance|p1a: Venomoth\n|-boost|p1a: Venomoth|spa|1\n|-boost|p1a: Venomoth|spd|1\n|-boost|p1a: Venomoth|spe|1\n|move|p2a: Medicham|Zen Headbutt|p1a: Venomoth|[miss]\n|-miss|p2a: Medicham|p1a: Venomoth\n|\n|upkeep\n|turn|5\n|\n|t:|1732975484\n|move|p1a: Venomoth|Sleep Powder|p2a: Medicham\n|-status|p2a: Medicham|slp|[from] move: Sleep Powder\n|cant|p2a: Medicham|slp\n|\n|upkeep\n|turn|6\n|\n|t:|1732975494\n|switch|p2a: Carbink|Carbink, L90|236/236\n|move|p1a: Venomoth|Quiver Dance|p1a: Venomoth\n|-boost|p1a: Venomoth|spa|1\n|-boost|p1a: Venomoth|spd|1\n|-boost|p1a: Venomoth|spe|1\n|\n|upkeep\n|turn|7\n|\n|t:|1732975504\n|move|p1a: Venomoth|Sludge Wave|p2a: Carbink\n|-damage|p2a: Carbink|127/236\n|-status|p2a: Carbink|psn\n|move|p2a: Carbink|Moonblast|p1a: Venomoth\n|-resisted|p1a: Venomoth\n|-damage|p1a: Venomoth|234/255\n|\n|-damage|p2a: Carbink|98/236 psn|[from] psn\n|upkeep\n|turn|8\n|\n|t:|1732975522\n|switch|p2a: Sneasler|Sneasler, L74, F|240/240\n|move|p1a: Venomoth|Bug Buzz|p2a: Sneasler\n|-resisted|p2a: Sneasler\n|-damage|p2a: Sneasler|130/240\n|\n|upkeep\n|turn|9\n|\n|t:|1732975535\n|-terastallize|p2a: Sneasler|Flying\n|move|p1a: Venomoth|Sleep Powder|p2a: Sneasler|[miss]\n|-miss|p1a: Venomoth|p2a: Sneasler\n|move|p2a: Sneasler|Acrobatics|p1a: Venomoth\n|-supereffective|p1a: Venomoth\n|-damage|p1a: Venomoth|66/255\n|\n|upkeep\n|turn|10\n|\n|t:|1732975548\n|-terastallize|p1a: Venomoth|Poison\n|move|p1a: Venomoth|Sleep Powder|p2a: Sneasler|[miss]\n|-miss|p1a: Venomoth|p2a: Sneasler\n|move|p2a: Sneasler|Close Combat|p1a: Venomoth\n|-resisted|p1a: Venomoth\n|-damage|p1a: Venomoth|0 fnt\n|-unboost|p2a: Sneasler|def|1\n|-unboost|p2a: Sneasler|spd|1\n|-enditem|p2a: Sneasler|White Herb\n|-clearnegativeboost|p2a: Sneasler|[silent]\n|faint|p1a: Venomoth\n|\n|upkeep\n|\n|t:|1732975568\n|switch|p1a: Great Tusk|Great Tusk, L77|304/304\n|-enditem|p1a: Great Tusk|Booster Energy\n|-activate|p1a: Great Tusk|ability: Protosynthesis|[fromitem]\n|-start|p1a: Great Tusk|protosynthesisatk\n|turn|11\n|c|\u2606Emerald Faux|you realize that even if sleep powder didn't miss, it wouldn't effect sneasler because of Sleep Clause, right?\n|\n|t:|1732975593\n|move|p2a: Sneasler|Acrobatics|p1a: Great Tusk\n|-supereffective|p1a: Great Tusk\n|-damage|p1a: Great Tusk|104/304\n|move|p1a: Great Tusk|Stone Edge|p2a: Sneasler\n|-supereffective|p2a: Sneasler\n|-crit|p2a: Sneasler\n|-damage|p2a: Sneasler|0 fnt\n|faint|p2a: Sneasler\n|\n|upkeep\n|\n|t:|1732975601\n|switch|p2a: Electrode|Electrode-Hisui, L87|246/246\n|turn|12\n|\n|t:|1732975608\n|move|p2a: Electrode|Giga Drain|p1a: Great Tusk\n|-supereffective|p1a: Great Tusk\n|-damage|p1a: Great Tusk|0 fnt\n|faint|p1a: Great Tusk\n|-end|p1a: Great Tusk|Protosynthesis|[silent]\n|\n|upkeep\n|\n|t:|1732975623\n|switch|p1a: Weezing|Weezing, L88, F|258/258\n|turn|13\n|\n|t:|1732975631\n|move|p2a: Electrode|Leech Seed|p1a: Weezing\n|-start|p1a: Weezing|move: Leech Seed\n|move|p1a: Weezing|Toxic Spikes|p2a: Electrode\n|-sidestart|p2: Emerald Faux|move: Toxic Spikes\n|\n|-damage|p1a: Weezing|226/258|[from] Leech Seed|[of] p2a: Electrode\n|upkeep\n|turn|14\n|\n|t:|1732975637\n|move|p2a: Electrode|Substitute|p2a: Electrode\n|-start|p2a: Electrode|Substitute\n|-damage|p2a: Electrode|185/246\n|move|p1a: Weezing|Toxic Spikes|p2a: Electrode\n|-sidestart|p2: Emerald Faux|move: Toxic Spikes\n|\n|-heal|p2a: Electrode|200/246|[from] item: Leftovers\n|-heal|p1a: Weezing|242/258|[from] item: Leftovers\n|-damage|p1a: Weezing|210/258|[from] Leech Seed|[of] p2a: Electrode\n|-heal|p2a: Electrode|232/246|[silent]\n|upkeep\n|turn|15\n|\n|t:|1732975653\n|move|p2a: Electrode|Thunderbolt|p1a: Weezing\n|-damage|p1a: Weezing|113/258\n|move|p1a: Weezing|Pain Split||[still]\n|-fail|p1a: Weezing\n|\n|-heal|p2a: Electrode|246/246|[from] item: Leftovers\n|-heal|p1a: Weezing|129/258|[from] item: Leftovers\n|-damage|p1a: Weezing|97/258|[from] Leech Seed|[of] p2a: Electrode\n|upkeep\n|turn|16\n|\n|t:|1732975663\n|move|p2a: Electrode|Thunderbolt|p1a: Weezing\n|-damage|p1a: Weezing|6/258\n|move|p1a: Weezing|Fire Blast|p2a: Electrode\n|-supereffective|p2a: Electrode\n|-end|p2a: Electrode|Substitute\n|\n|-heal|p1a: Weezing|22/258|[from] item: Leftovers\n|-damage|p1a: Weezing|0 fnt|[from] Leech Seed|[of] p2a: Electrode\n|faint|p1a: Weezing\n|upkeep\n|\n|t:|1732975675\n|switch|p1a: Scizor|Scizor, L79, F|240/240\n|turn|17\n|inactive|Bsns s db has 120 seconds left.\n|\n|t:|1732975697\n|move|p2a: Electrode|Thunderbolt|p1a: Scizor\n|-damage|p1a: Scizor|134/240\n|move|p1a: Scizor|Close Combat|p2a: Electrode\n|-damage|p2a: Electrode|139/246\n|-unboost|p1a: Scizor|def|1\n|-unboost|p1a: Scizor|spd|1\n|\n|-heal|p2a: Electrode|154/246|[from] item: Leftovers\n|-heal|p1a: Scizor|149/240|[from] item: Leftovers\n|upkeep\n|turn|18\n|inactive|Bsns s db has 120 seconds left.\n|\n|t:|1732975708\n|move|p1a: Scizor|Bullet Punch|p2a: Electrode\n|-resisted|p2a: Electrode\n|-damage|p2a: Electrode|117/246\n|move|p2a: Electrode|Thunderbolt|p1a: Scizor\n|-damage|p1a: Scizor|7/240\n|\n|-heal|p2a: Electrode|132/246|[from] item: Leftovers\n|-heal|p1a: Scizor|22/240|[from] item: Leftovers\n|upkeep\n|turn|19\n|\n|t:|1732975718\n|move|p1a: Scizor|Bullet Punch|p2a: Electrode\n|-resisted|p2a: Electrode\n|-damage|p2a: Electrode|90/246\n|move|p2a: Electrode|Giga Drain|p1a: Scizor\n|-resisted|p1a: Scizor\n|-damage|p1a: Scizor|0 fnt\n|-heal|p2a: Electrode|101/246|[from] drain|[of] p1a: Scizor\n|faint|p1a: Scizor\n|\n|-heal|p2a: Electrode|116/246|[from] item: Leftovers\n|upkeep\n|\n|t:|1732975721\n|switch|p1a: Gogoat|Gogoat, L88, M|360/360\n|turn|20\n|\n|t:|1732975736\n|switch|p2a: Carbink|Carbink, L90|98/236 psn\n|move|p1a: Gogoat|Earthquake|p2a: Carbink\n|-supereffective|p2a: Carbink\n|-crit|p2a: Carbink\n|-damage|p2a: Carbink|0 fnt\n|faint|p2a: Carbink\n|\n|upkeep\n|\n|t:|1732975743\n|switch|p2a: Medicham|Medicham, L86, M|243/243 slp\n|turn|21\n|\n|t:|1732975758\n|-curestatus|p2a: Medicham|slp|[msg]\n|move|p2a: Medicham|Poison Jab|p1a: Gogoat\n|-supereffective|p1a: Gogoat\n|-damage|p1a: Gogoat|48/360\n|move|p1a: Gogoat|Earthquake|p2a: Medicham\n|-damage|p2a: Medicham|157/243\n|\n|-heal|p1a: Gogoat|70/360|[from] item: Leftovers\n|upkeep\n|turn|22\n|\n|t:|1732975770\n|move|p2a: Medicham|Poison Jab|p1a: Gogoat\n|-supereffective|p1a: Gogoat\n|-damage|p1a: Gogoat|0 fnt\n|faint|p1a: Gogoat\n|\n|win|Emerald Faux\n|raw|Bsns s db's rating: 1000 &rarr; <strong>1000</strong><br />(+0 for losing)\n|raw|Emerald Faux's rating: 1048 &rarr; <strong>1076</strong><br />(+28 for winning)\n|l|\u2606Bsns s db\n|player|p1|\n|c|\u2606Emerald Faux|gg\n", "inputlog": ">version b107d77f5c90bd6555267ae244a6264823309ead\n>start {\"formatid\":\"gen9randombattle\",\"seed\":[60057,9503,46771,5039],\"rated\":\"Rated battle\"}\n>player p1 {\"name\":\"Bsns s db\",\"avatar\":\"170\",\"rating\":1000,\"seed\":[48057,921,10589,18007]}\n>player p2 {\"name\":\"Emerald Faux\",\"avatar\":\"parasollady-gen4\",\"rating\":1048,\"seed\":[32581,2756,53622,34133]}\n>p1 move dragondance\n>p2 move zenheadbutt\n>p1 move roost\n>p2 move zenheadbutt\n>p1 move dragondance\n>p2 move zenheadbutt\n>p1 switch 4\n>p1 move quiverdance\n>p2 move zenheadbutt\n>p1 move sleeppowder\n>p2 move zenheadbutt\n>p1 move quiverdance\n>p2 switch 5\n>p1 move sludgewave\n>p2 move moonblast\n>p1 move bugbuzz\n>p2 switch 6\n>p1 move sleeppowder\n>p2 move acrobatics terastallize\n>p1 move sleeppowder terastallize\n>p2 move closecombat\n>p1 switch 5\n>chat \u2606Emerald Faux|you realize that even if sleep powder didn't miss, it wouldn't effect sneasler because of Sleep Clause, right?\n>p1 move stoneedge\n>p2 move acrobatics\n>p2 switch 4\n>p1 move earthquake\n>p2 move gigadrain\n>p1 switch 6\n>p1 move toxicspikes\n>p2 move leechseed\n>p1 move toxicspikes\n>p2 move substitute\n>p1 move painsplit\n>p2 move thunderbolt\n>p1 move fireblast\n>p2 move thunderbolt\n>p1 switch 3\n>p1 move closecombat\n>p2 move thunderbolt\n>p1 move bulletpunch\n>p2 move thunderbolt\n>p1 move bulletpunch\n>p2 move gigadrain\n>p1 switch 2\n>p1 move earthquake\n>p2 switch 6\n>p2 switch 5\n>p1 move earthquake\n>p2 move poisonjab\n>p1 move milkdrink\n>p2 move poisonjab", "uploadtime": 1732975783, "views": 1, "formatid": "gen9randombattle", "rating": 1000, "private": 0, "password": null}