{"id": "gen9randombattle-2254019461", "format": "[Gen 9] Random Battle", "players": ["sfadesrfds", "T.rebirth"], "log": "|j|\u2606sfadesrfds\n|j|\u2606T.rebirth\n|t:|1732980847\n|gametype|singles\n|player|p1|sfadesrfds|265|1000\n|player|p2|T.rebirth|bertha|1016\n|teamsize|p1|6\n|teamsize|p2|6\n|gen|9\n|tier|[Gen 9] Random Battle\n|rated|\n|rule|Species Clause: Limit one of each Pok\u00e9mon\n|rule|HP Percentage Mod: HP is shown in percentages\n|rule|Sleep Clause Mod: Limit one foe put to sleep\n|rule|Illusion Level Mod: Illusion disguises the Pok\u00e9mon's true level\n|\n|t:|1732980847\n|start\n|switch|p1a: Snorlax|Snorlax, L82, M|397/397\n|switch|p2a: Raichu|Raichu-Alola, L87, M|246/246\n|turn|1\n|inactive|Battle timer is ON: inactive players will automatically lose when time's up. (requested by T.rebirth)\n|inactive|sfadesrfds also wants the timer to be on.\n|\n|t:|1732980858\n|move|p2a: Raichu|Nasty Plot|p2a: Raichu\n|-boost|p2a: Raichu|spa|2\n|move|p1a: Snorlax|Earthquake|p2a: Raichu\n|-supereffective|p2a: Raichu\n|-damage|p2a: Raichu|52/246\n|\n|upkeep\n|turn|2\n|\n|t:|1732980867\n|switch|p1a: Wo-Chien|Wo-Chien, L83|277/277\n|-ability|p1a: Wo-Chien|Tablets of Ruin\n|move|p2a: Raichu|Thunderbolt|p1a: Wo-Chien\n|-resisted|p1a: Wo-Chien\n|-damage|p1a: Wo-Chien|187/277\n|-damage|p2a: Raichu|28/246|[from] item: Life Orb\n|\n|-heal|p1a: Wo-Chien|204/277|[from] item: Leftovers\n|upkeep\n|turn|3\n|\n|t:|1732980875\n|move|p2a: Raichu|Alluring Voice|p1a: Wo-Chien\n|-supereffective|p1a: Wo-Chien\n|-damage|p1a: Wo-Chien|0 fnt\n|faint|p1a: Wo-Chien\n|-damage|p2a: Raichu|4/246|[from] item: Life Orb\n|\n|upkeep\n|\n|t:|1732980885\n|switch|p1a: Tyranitar|Tyranitar, L79, M|288/288\n|-weather|Sandstorm|[from] ability: Sand Stream|[of] p1a: Tyranitar\n|turn|4\n|\n|t:|1732980888\n|move|p2a: Raichu|Alluring Voice|p1a: Tyranitar\n|-supereffective|p1a: Tyranitar\n|-damage|p1a: Tyranitar|101/288\n|-damage|p2a: Raichu|0 fnt|[from] item: Life Orb\n|faint|p2a: Raichu\n|move|p1a: Tyranitar|Stealth Rock|p2: Raichu\n|-sidestart|p2: T.rebirth|move: Stealth Rock\n|\n|-weather|Sandstorm|[upkeep]\n|-heal|p1a: Tyranitar|119/288|[from] item: Leftovers\n|upkeep\n|\n|t:|1732980899\n|switch|p2a: Tauros|Tauros-Paldea-Combat, L82, M|257/257\n|-damage|p2a: Tauros|241/257|[from] Stealth Rock\n|-ability|p2a: Tauros|Intimidate|boost\n|-unboost|p1a: Tyranitar|atk|1\n|turn|5\n|\n|t:|1732980906\n|switch|p1a: Gallade|Gallade, L81, M|243/243\n|move|p2a: Tauros|Bulk Up|p2a: Tauros\n|-boost|p2a: Tauros|atk|1\n|-boost|p2a: Tauros|def|1\n|\n|-weather|Sandstorm|[upkeep]\n|-damage|p2a: Tauros|225/257|[from] Sandstorm\n|-damage|p1a: Gallade|228/243|[from] Sandstorm\n|upkeep\n|turn|6\n|\n|t:|1732980915\n|move|p2a: Tauros|Bulk Up|p2a: Tauros\n|-boost|p2a: Tauros|atk|1\n|-boost|p2a: Tauros|def|1\n|move|p1a: Gallade|Psycho Cut|p2a: Tauros\n|-supereffective|p2a: Tauros\n|-damage|p2a: Tauros|43/257\n|\n|-weather|Sandstorm|[upkeep]\n|-damage|p2a: Tauros|27/257|[from] Sandstorm\n|-damage|p1a: Gallade|213/243|[from] Sandstorm\n|upkeep\n|turn|7\n|\n|t:|1732980921\n|move|p2a: Tauros|Throat Chop|p1a: Gallade\n|-damage|p1a: Gallade|10/243\n|-start|p1a: Gallade|Throat Chop|[silent]\n|-damage|p2a: Tauros|2/257|[from] item: Life Orb\n|move|p1a: Gallade|Psycho Cut|p2a: Tauros\n|-supereffective|p2a: Tauros\n|-crit|p2a: Tauros\n|-damage|p2a: Tauros|0 fnt\n|faint|p2a: Tauros\n|\n|-weather|Sandstorm|[upkeep]\n|-damage|p1a: Gallade|0 fnt|[from] Sandstorm\n|faint|p1a: Gallade\n|upkeep\n|\n|t:|1732980943\n|switch|p2a: Enamorus|Enamorus, L79, F|247/247\n|switch|p1a: Tyranitar|Tyranitar, L79, M|119/288\n|-damage|p2a: Enamorus|186/247|[from] Stealth Rock\n|turn|8\n|\n|t:|1732980952\n|-terastallize|p2a: Enamorus|Fighting\n|move|p2a: Enamorus|Superpower|p1a: Tyranitar\n|-supereffective|p1a: Tyranitar\n|-damage|p1a: Tyranitar|0 fnt\n|-boost|p2a: Enamorus|atk|1\n|-boost|p2a: Enamorus|def|1\n|faint|p1a: Tyranitar\n|\n|-weather|none\n|-heal|p2a: Enamorus|201/247|[from] item: Leftovers\n|upkeep\n|\n|t:|1732980956\n|switch|p1a: Zacian|Zacian-Crowned, L64|225/225\n|-ability|p1a: Zacian|Intrepid Sword|boost\n|-boost|p1a: Zacian|atk|1\n|turn|9\n|\n|t:|1732980974\n|move|p1a: Zacian|Play Rough|p2a: Enamorus\n|-supereffective|p2a: Enamorus\n|-damage|p2a: Enamorus|0 fnt\n|faint|p2a: Enamorus\n|\n|upkeep\n|\n|t:|1732980977\n|switch|p2a: Salazzle|Salazzle, L83, F|249/249\n|-damage|p2a: Salazzle|187/249|[from] Stealth Rock\n|turn|10\n|\n|t:|1732980992\n|move|p2a: Salazzle|Toxic|p1a: Zacian\n|-status|p1a: Zacian|tox\n|move|p1a: Zacian|Behemoth Blade|p2a: Salazzle\n|-resisted|p2a: Salazzle\n|-damage|p2a: Salazzle|103/249\n|\n|-heal|p2a: Salazzle|118/249|[from] item: Leftovers\n|-damage|p1a: Zacian|211/225 tox|[from] psn\n|upkeep\n|turn|11\n|\n|t:|1732980999\n|move|p2a: Salazzle|Protect|p2a: Salazzle\n|-singleturn|p2a: Salazzle|Protect\n|move|p1a: Zacian|Swords Dance|p1a: Zacian\n|-boost|p1a: Zacian|atk|2\n|\n|-heal|p2a: Salazzle|133/249|[from] item: Leftovers\n|-damage|p1a: Zacian|183/225 tox|[from] psn\n|upkeep\n|turn|12\n|\n|t:|1732981006\n|move|p2a: Salazzle|Substitute|p2a: Salazzle\n|-start|p2a: Salazzle|Substitute\n|-damage|p2a: Salazzle|71/249\n|move|p1a: Zacian|Behemoth Blade|p2a: Salazzle\n|-resisted|p2a: Salazzle\n|-crit|p2a: Salazzle\n|-end|p2a: Salazzle|Substitute\n|\n|-heal|p2a: Salazzle|86/249|[from] item: Leftovers\n|-damage|p1a: Zacian|141/225 tox|[from] psn\n|upkeep\n|turn|13\n|\n|t:|1732981012\n|move|p2a: Salazzle|Protect|p2a: Salazzle\n|-singleturn|p2a: Salazzle|Protect\n|move|p1a: Zacian|Behemoth Blade|p2a: Salazzle\n|-activate|p2a: Salazzle|move: Protect\n|\n|-heal|p2a: Salazzle|101/249|[from] item: Leftovers\n|-damage|p1a: Zacian|85/225 tox|[from] psn\n|upkeep\n|turn|14\n|\n|t:|1732981017\n|move|p2a: Salazzle|Substitute|p2a: Salazzle\n|-start|p2a: Salazzle|Substitute\n|-damage|p2a: Salazzle|39/249\n|move|p1a: Zacian|Behemoth Blade|p2a: Salazzle\n|-resisted|p2a: Salazzle\n|-end|p2a: Salazzle|Substitute\n|\n|-heal|p2a: Salazzle|54/249|[from] item: Leftovers\n|-damage|p1a: Zacian|15/225 tox|[from] psn\n|upkeep\n|turn|15\n|\n|t:|1732981023\n|move|p2a: Salazzle|Protect|p2a: Salazzle\n|-singleturn|p2a: Salazzle|Protect\n|move|p1a: Zacian|Behemoth Blade|p2a: Salazzle\n|-activate|p2a: Salazzle|move: Protect\n|\n|-heal|p2a: Salazzle|69/249|[from] item: Leftovers\n|-damage|p1a: Zacian|0 fnt|[from] psn\n|faint|p1a: Zacian\n|upkeep\n|\n|t:|1732981025\n|switch|p1a: Snorlax|Snorlax, L82, M|397/397\n|turn|16\n|\n|t:|1732981028\n|move|p2a: Salazzle|Toxic|p1a: Snorlax\n|-status|p1a: Snorlax|tox\n|move|p1a: Snorlax|Earthquake|p2a: Salazzle\n|-supereffective|p2a: Salazzle\n|-damage|p2a: Salazzle|0 fnt\n|faint|p2a: Salazzle\n|\n|-damage|p1a: Snorlax|373/397 tox|[from] psn\n|upkeep\n|\n|t:|1732981035\n|switch|p2a: Skuntank|Skuntank, L84, M|310/310\n|-damage|p2a: Skuntank|272/310|[from] Stealth Rock\n|turn|17\n|\n|t:|1732981041\n|move|p2a: Skuntank|Knock Off|p1a: Snorlax\n|-damage|p1a: Snorlax|250/397 tox\n|-enditem|p1a: Snorlax|Leftovers|[from] move: Knock Off|[of] p2a: Skuntank\n|move|p1a: Snorlax|Earthquake|p2a: Skuntank\n|-supereffective|p2a: Skuntank\n|-crit|p2a: Skuntank\n|-damage|p2a: Skuntank|0 fnt\n|faint|p2a: Skuntank\n|\n|-damage|p1a: Snorlax|202/397 tox|[from] psn\n|upkeep\n|\n|t:|1732981047\n|switch|p2a: Inteleon|Inteleon, L81, M|246/246\n|-damage|p2a: Inteleon|216/246|[from] Stealth Rock\n|turn|18\n|\n|t:|1732981052\n|move|p2a: Inteleon|Hydro Pump|p1a: Snorlax|[miss]\n|-miss|p2a: Inteleon|p1a: Snorlax\n|move|p1a: Snorlax|Body Slam|p2a: Inteleon\n|-damage|p2a: Inteleon|95/246\n|-status|p2a: Inteleon|par\n|\n|-damage|p1a: Snorlax|130/397 tox|[from] psn\n|upkeep\n|turn|19\n|\n|t:|1732981057\n|move|p2a: Inteleon|Hydro Pump|p1a: Snorlax\n|-damage|p1a: Snorlax|0 fnt\n|faint|p1a: Snorlax\n|\n|upkeep\n|\n|t:|1732981060\n|switch|p1a: Manaphy|Manaphy, L78|284/284\n|turn|20\n|-message|T.rebirth forfeited.\n|\n|win|sfadesrfds\n|raw|sfadesrfds's rating: 1040 &rarr; <strong>1072</strong><br />(+32 for winning)\n|raw|T.rebirth's rating: 1016 &rarr; <strong>1004</strong><br />(-12 for losing)\n|l|\u2606T.rebirth\n|player|p2|\n", "inputlog": ">version b107d77f5c90bd6555267ae244a6264823309ead\n>start {\"formatid\":\"gen9randombattle\",\"seed\":[8118,28088,9732,38159],\"rated\":\"Rated battle\"}\n>player p1 {\"name\":\"sfadesrfds\",\"avatar\":\"265\",\"rating\":1000,\"seed\":[11581,9467,60137,54022]}\n>player p2 {\"name\":\"T.rebirth\",\"avatar\":\"bertha\",\"rating\":1016,\"seed\":[44976,36343,1717,46189]}\n>p1 move earthquake\n>p2 move nastyplot\n>p1 switch 5\n>p2 move thunderbolt\n>p1 move leechseed\n>p2 move alluringvoice\n>p1 switch 6\n>p1 move stealthrock\n>p2 move alluringvoice\n>p2 switch 2\n>p1 switch 3\n>p2 move bulkup\n>p1 move psychocut\n>p2 move bulkup\n>p1 move psychocut\n>p2 move throatchop\n>p1 switch 3\n>p2 switch 6\n>p1 move stoneedge\n>p2 move superpower terastallize\n>p1 switch 4\n>p1 move playrough\n>p2 move superpower\n>p2 switch 3\n>p1 move behemothblade\n>p2 move toxic\n>p1 move swordsdance\n>p2 move protect\n>p1 move behemothblade\n>p2 move substitute\n>p1 move behemothblade\n>p2 move protect\n>p1 move behemothblade\n>p2 move substitute\n>p1 move behemothblade\n>p2 move protect\n>p1 switch 5\n>p1 move earthquake\n>p2 move toxic\n>p2 switch 4\n>p1 move earthquake\n>p2 move knockoff\n>p2 switch 5\n>p1 move bodyslam\n>p2 move hydropump\n>p1 move bodyslam\n>p2 move hydropump\n>p1 switch 2\n>forcelose p2", "uploadtime": 1732981077, "views": 2, "formatid": "gen9randombattle", "rating": 1004, "private": 0, "password": null}