{"id": "gen9randombattle-2253910218", "format": "[Gen 9] Random Battle", "players": ["jormvng", "duskIIdawn"], "log": "|j|\u2606jormvng\n|j|\u2606duskIIdawn\n|t:|1732961806\n|gametype|singles\n|player|p1|jormvng|veteran|1072\n|player|p2|duskIIdawn|169|1102\n|teamsize|p1|6\n|teamsize|p2|6\n|gen|9\n|tier|[Gen 9] Random Battle\n|rated|\n|rule|Species Clause: Limit one of each Pok\u00e9mon\n|rule|HP Percentage Mod: HP is shown in percentages\n|rule|Sleep Clause Mod: Limit one foe put to sleep\n|rule|Illusion Level Mod: Illusion disguises the Pok\u00e9mon's true level\n|\n|t:|1732961806\n|start\n|switch|p1a: Klefki|Klefki, L84, F|233/233\n|switch|p2a: Darkrai|Darkrai, L77|234/234\n|turn|1\n|inactive|Battle timer is ON: inactive players will automatically lose when time's up. (requested by jormvng)\n|inactive|duskIIdawn has 120 seconds left.\n|\n|t:|1732961858\n|switch|p2a: Mudsdale|Mudsdale, L84, F|305/305\n|move|p1a: Klefki|Thunder Wave|p2a: Mudsdale\n|-immune|p2a: Mudsdale\n|\n|upkeep\n|turn|2\n|\n|t:|1732961880\n|switch|p1a: Palkia|Palkia-Origin, L72|249/249\n|-ability|p1a: Palkia|Pressure\n|move|p2a: Mudsdale|Stealth Rock|p1a: Palkia\n|-sidestart|p1: jormvng|move: Stealth Rock\n|\n|upkeep\n|turn|3\n|inactive|duskIIdawn has 120 seconds left.\n|\n|t:|1732961916\n|move|p1a: Palkia|Hydro Pump|p2a: Mudsdale\n|-supereffective|p2a: Mudsdale\n|-damage|p2a: Mudsdale|15/305\n|-ability|p2a: Mudsdale|Stamina|boost\n|-boost|p2a: Mudsdale|def|1\n|move|p2a: Mudsdale|Earthquake|p1a: Palkia\n|-damage|p1a: Palkia|108/249\n|\n|-heal|p2a: Mudsdale|34/305|[from] item: Leftovers\n|upkeep\n|turn|4\n|inactive|duskIIdawn has 120 seconds left.\n|inactive|jormvng has 120 seconds left.\n|inactive|jormvng has 90 seconds left.\n|\n|t:|1732961974\n|switch|p2a: Glalie|Glalie, L96, F|309/309\n|move|p1a: Palkia|Hydro Pump|p2a: Glalie\n|-damage|p2a: Glalie|182/309\n|\n|upkeep\n|turn|5\n|\n|t:|1732961985\n|move|p1a: Palkia|Fire Blast|p2a: Glalie\n|-supereffective|p2a: Glalie\n|-damage|p2a: Glalie|18/309\n|move|p2a: Glalie|Spikes|p1a: Palkia\n|-sidestart|p1: jormvng|Spikes\n|\n|upkeep\n|turn|6\n|inactive|duskIIdawn has 90 seconds left.\n|\n|t:|1732962011\n|switch|p2a: Lugia|Lugia, L72|272/272\n|move|p1a: Palkia|Fire Blast|p2a: Lugia\n|-crit|p2a: Lugia\n|-damage|p2a: Lugia|223/272\n|\n|upkeep\n|turn|7\n|inactive|duskIIdawn has 90 seconds left.\n|\n|t:|1732962023\n|move|p1a: Palkia|Thunder Wave|p2a: Lugia\n|-status|p2a: Lugia|par\n|move|p2a: Lugia|Calm Mind|p2a: Lugia\n|-boost|p2a: Lugia|spa|1\n|-boost|p2a: Lugia|spd|1\n|\n|upkeep\n|turn|8\n|inactive|duskIIdawn has 90 seconds left.\n|\n|t:|1732962034\n|move|p1a: Palkia|Spacial Rend|p2a: Lugia\n|-damage|p2a: Lugia|163/272 par\n|move|p2a: Lugia|Earth Power|p1a: Palkia\n|-damage|p1a: Palkia|49/249\n|\n|upkeep\n|turn|9\n|\n|t:|1732962040\n|move|p1a: Palkia|Spacial Rend|p2a: Lugia\n|-damage|p2a: Lugia|93/272 par\n|cant|p2a: Lugia|par\n|\n|upkeep\n|turn|10\n|\n|t:|1732962045\n|move|p1a: Palkia|Spacial Rend|p2a: Lugia\n|-damage|p2a: Lugia|30/272 par\n|cant|p2a: Lugia|par\n|\n|upkeep\n|turn|11\n|\n|t:|1732962049\n|move|p1a: Palkia|Spacial Rend|p2a: Lugia\n|-damage|p2a: Lugia|0 fnt\n|faint|p2a: Lugia\n|\n|upkeep\n|inactive|duskIIdawn has 90 seconds left.\n|\n|t:|1732962076\n|switch|p2a: Swalot|Swalot, L90, M|326/326\n|turn|12\n|\n|t:|1732962088\n|move|p1a: Palkia|Thunder Wave|p2a: Swalot|[miss]\n|-miss|p1a: Palkia|p2a: Swalot\n|move|p2a: Swalot|Toxic Spikes|p1a: Palkia\n|-sidestart|p1: jormvng|move: Toxic Spikes\n|\n|upkeep\n|turn|13\n|\n|t:|1732962096\n|move|p1a: Palkia|Thunder Wave|p2a: Swalot\n|-status|p2a: Swalot|par\n|move|p2a: Swalot|Toxic Spikes|p1a: Palkia\n|-sidestart|p1: jormvng|move: Toxic Spikes\n|\n|upkeep\n|turn|14\n|\n|t:|1732962102\n|move|p1a: Palkia|Spacial Rend|p2a: Swalot\n|-damage|p2a: Swalot|196/326 par\n|move|p2a: Swalot|Knock Off|p1a: Palkia\n|-damage|p1a: Palkia|5/249\n|\n|-heal|p2a: Swalot|216/326 par|[from] item: Leftovers\n|upkeep\n|turn|15\n|\n|t:|1732962111\n|move|p1a: Palkia|Spacial Rend|p2a: Swalot\n|-damage|p2a: Swalot|98/326 par\n|move|p2a: Swalot|Sludge Bomb|p1a: Palkia\n|-damage|p1a: Palkia|0 fnt\n|faint|p1a: Palkia\n|\n|-heal|p2a: Swalot|118/326 par|[from] item: Leftovers\n|upkeep\n|\n|t:|1732962123\n|switch|p1a: Corviknight|Corviknight, L80, F|288/288\n|-damage|p1a: Corviknight|252/288|[from] Stealth Rock\n|turn|16\n|inactive|duskIIdawn has 120 seconds left.\n|\n|t:|1732962129\n|move|p1a: Corviknight|Brave Bird|p2a: Swalot\n|-damage|p2a: Swalot|9/326 par\n|-damage|p1a: Corviknight|216/288|[from] Recoil\n|cant|p2a: Swalot|par\n|\n|-heal|p1a: Corviknight|234/288|[from] item: Leftovers\n|-heal|p2a: Swalot|29/326 par|[from] item: Leftovers\n|upkeep\n|turn|17\n|inactive|duskIIdawn has 120 seconds left.\n|\n|t:|1732962166\n|move|p1a: Corviknight|Brave Bird|p2a: Swalot\n|-damage|p2a: Swalot|0 fnt\n|faint|p2a: Swalot\n|-damage|p1a: Corviknight|224/288|[from] Recoil\n|\n|-heal|p1a: Corviknight|242/288|[from] item: Leftovers\n|upkeep\n|\n|t:|1732962173\n|switch|p2a: Glalie|Glalie, L96, F|18/309\n|turn|18\n|\n|t:|1732962194\n|move|p2a: Glalie|Freeze-Dry|p1a: Corviknight\n|-damage|p1a: Corviknight|155/288\n|move|p1a: Corviknight|U-turn|p2a: Glalie\n|-crit|p2a: Glalie\n|-damage|p2a: Glalie|0 fnt\n|faint|p2a: Glalie\n|\n|t:|1732962200\n|switch|p1a: Yanmega|Yanmega, L82, F|275/275|[from] U-turn\n|-damage|p1a: Yanmega|138/275|[from] Stealth Rock\n|\n|upkeep\n|\n|t:|1732962207\n|switch|p2a: Darkrai|Darkrai, L77|234/234\n|turn|19\n|\n|t:|1732962216\n|move|p2a: Darkrai|Hypnosis|p1a: Yanmega\n|-status|p1a: Yanmega|slp|[from] move: Hypnosis\n|cant|p1a: Yanmega|slp\n|\n|-damage|p1a: Yanmega|104/275 slp|[from] ability: Bad Dreams|[of] p2a: Darkrai\n|upkeep\n|turn|20\n|inactive|duskIIdawn has 120 seconds left.\n|\n|t:|1732962224\n|move|p2a: Darkrai|Nasty Plot|p2a: Darkrai\n|-boost|p2a: Darkrai|spa|2\n|cant|p1a: Yanmega|slp\n|\n|-damage|p1a: Yanmega|70/275 slp|[from] ability: Bad Dreams|[of] p2a: Darkrai\n|upkeep\n|turn|21\n|\n|t:|1732962232\n|move|p2a: Darkrai|Dark Pulse|p1a: Yanmega\n|-damage|p1a: Yanmega|0 fnt\n|faint|p1a: Yanmega\n|-damage|p2a: Darkrai|211/234|[from] item: Life Orb\n|\n|upkeep\n|\n|t:|1732962244\n|switch|p1a: Emboar|Emboar, L84, F|322/322\n|-damage|p1a: Emboar|282/322|[from] Stealth Rock\n|-damage|p1a: Emboar|242/322|[from] Spikes\n|-status|p1a: Emboar|tox\n|turn|22\n|\n|t:|1732962250\n|move|p2a: Darkrai|Hypnosis||[still]\n|-fail|p2a: Darkrai\n|move|p1a: Emboar|Knock Off|p2a: Darkrai\n|-resisted|p2a: Darkrai\n|-damage|p2a: Darkrai|171/234\n|-enditem|p2a: Darkrai|Life Orb|[from] move: Knock Off|[of] p1a: Emboar\n|\n|-damage|p1a: Emboar|222/322 tox|[from] psn\n|upkeep\n|turn|23\n|\n|t:|1732962273\n|switch|p1a: Klefki|Klefki, L84, F|233/233\n|-damage|p1a: Klefki|219/233|[from] Stealth Rock\n|-damage|p1a: Klefki|190/233|[from] Spikes\n|move|p2a: Darkrai|Dark Pulse|p1a: Klefki\n|-resisted|p1a: Klefki\n|-damage|p1a: Klefki|93/233\n|\n|-heal|p1a: Klefki|107/233|[from] item: Leftovers\n|upkeep\n|turn|24\n|\n|t:|1732962287\n|-terastallize|p2a: Darkrai|Poison\n|move|p1a: Klefki|Thunder Wave|p2a: Darkrai\n|-status|p2a: Darkrai|par\n|move|p2a: Darkrai|Dark Pulse|p1a: Klefki\n|-resisted|p1a: Klefki\n|-damage|p1a: Klefki|11/233\n|\n|-heal|p1a: Klefki|25/233|[from] item: Leftovers\n|upkeep\n|turn|25\n|\n|t:|1732962296\n|move|p1a: Klefki|Dazzling Gleam|p2a: Darkrai\n|-resisted|p2a: Darkrai\n|-damage|p2a: Darkrai|131/234 par\n|move|p2a: Darkrai|Dark Pulse|p1a: Klefki\n|-resisted|p1a: Klefki\n|-damage|p1a: Klefki|0 fnt\n|faint|p1a: Klefki\n|\n|upkeep\n|\n|t:|1732962310\n|switch|p1a: Hariyama|Hariyama, L87, M|392/392\n|-damage|p1a: Hariyama|368/392|[from] Stealth Rock\n|-damage|p1a: Hariyama|319/392|[from] Spikes\n|-status|p1a: Hariyama|tox\n|turn|26\n|\n|t:|1732962314\n|move|p1a: Hariyama|Fake Out|p2a: Darkrai\n|-damage|p2a: Darkrai|74/234 par\n|cant|p2a: Darkrai|flinch\n|\n|-damage|p1a: Hariyama|295/392 tox|[from] psn\n|upkeep\n|turn|27\n|\n|t:|1732962320\n|move|p1a: Hariyama|Facade|p2a: Darkrai\n|-damage|p2a: Darkrai|0 fnt\n|faint|p2a: Darkrai\n|\n|-damage|p1a: Hariyama|247/392 tox|[from] psn\n|upkeep\n|\n|t:|1732962331\n|switch|p2a: Mudsdale|Mudsdale, L84, F|34/305\n|turn|28\n|\n|t:|1732962335\n|move|p1a: Hariyama|Facade|p2a: Mudsdale\n|-damage|p2a: Mudsdale|0 fnt\n|faint|p2a: Mudsdale\n|\n|-damage|p1a: Hariyama|175/392 tox|[from] psn\n|upkeep\n|\n|t:|1732962338\n|switch|p2a: Falinks|Falinks, L84|246/246\n|turn|29\n|\n|t:|1732962357\n|move|p2a: Falinks|No Retreat|p2a: Falinks\n|-boost|p2a: Falinks|atk|1\n|-boost|p2a: Falinks|def|1\n|-boost|p2a: Falinks|spa|1\n|-boost|p2a: Falinks|spd|1\n|-boost|p2a: Falinks|spe|1\n|-start|p2a: Falinks|move: No Retreat\n|move|p1a: Hariyama|Close Combat|p2a: Falinks\n|-damage|p2a: Falinks|105/246\n|-unboost|p1a: Hariyama|def|1\n|-unboost|p1a: Hariyama|spd|1\n|\n|-damage|p1a: Hariyama|79/392 tox|[from] psn\n|upkeep\n|turn|30\n|\n|t:|1732962369\n|move|p2a: Falinks|Iron Head|p1a: Hariyama\n|-damage|p1a: Hariyama|0 fnt\n|faint|p1a: Hariyama\n|-damage|p2a: Falinks|81/246|[from] item: Life Orb\n|\n|upkeep\n|\n|t:|1732962377\n|switch|p1a: Emboar|Emboar, L84, F|222/322 tox\n|-damage|p1a: Emboar|182/322 tox|[from] Stealth Rock\n|-damage|p1a: Emboar|142/322 tox|[from] Spikes\n|turn|31\n|\n|t:|1732962390\n|move|p2a: Falinks|Iron Head|p1a: Emboar\n|-resisted|p1a: Emboar\n|-damage|p1a: Emboar|74/322 tox\n|-damage|p2a: Falinks|57/246|[from] item: Life Orb\n|cant|p1a: Emboar|flinch\n|\n|-damage|p1a: Emboar|54/322 tox|[from] psn\n|upkeep\n|turn|32\n|\n|t:|1732962396\n|move|p2a: Falinks|Iron Head|p1a: Emboar\n|-resisted|p1a: Emboar\n|-damage|p1a: Emboar|0 fnt\n|faint|p1a: Emboar\n|-damage|p2a: Falinks|33/246|[from] item: Life Orb\n|\n|upkeep\n|\n|t:|1732962398\n|switch|p1a: Corviknight|Corviknight, L80, F|155/288\n|-damage|p1a: Corviknight|119/288|[from] Stealth Rock\n|turn|33\n|\n|t:|1732962425\n|-terastallize|p1a: Corviknight|Dragon\n|move|p2a: Falinks|Knock Off|p1a: Corviknight\n|-damage|p1a: Corviknight|0 fnt\n|-enditem|p1a: Corviknight|Leftovers|[from] move: Knock Off|[of] p2a: Falinks\n|faint|p1a: Corviknight\n|-damage|p2a: Falinks|9/246|[from] item: Life Orb\n|\n|win|duskIIdawn\n|raw|jormvng's rating: 1072 &rarr; <strong>1053</strong><br />(-19 for losing)\n|raw|duskIIdawn's rating: 1102 &rarr; <strong>1125</strong><br />(+23 for winning)\n|l|\u2606jormvng\n|player|p1|\n|c|\u2606duskIIdawn|gg\n", "inputlog": ">version b107d77f5c90bd6555267ae244a6264823309ead\n>start {\"formatid\":\"gen9randombattle\",\"seed\":[12620,60055,21052,54553],\"rated\":\"Rated battle\"}\n>player p1 {\"name\":\"jormvng\",\"avatar\":\"veteran\",\"rating\":1072,\"seed\":[47032,13360,65040,10248]}\n>player p2 {\"name\":\"duskIIdawn\",\"avatar\":\"169\",\"rating\":1102,\"seed\":[53830,6582,38680,12490]}\n>p1 move thunderwave\n>p2 switch 4\n>p1 switch 3\n>p2 move stealthrock\n>p1 move hydropump\n>p2 move earthquake\n>p1 move hydropump\n>p2 switch 5\n>p1 move fireblast\n>p2 move spikes\n>p1 move fireblast\n>p2 switch 6\n>p1 move thunderwave\n>p2 move calmmind\n>p1 move spacialrend\n>p2 move earthpower\n>p1 move spacialrend\n>p2 move aeroblast\n>p1 move spacialrend\n>p2 move aeroblast\n>p1 move spacialrend\n>p2 move aeroblast\n>p2 switch 3\n>p1 move thunderwave\n>p2 move toxicspikes\n>p1 move thunderwave\n>p2 move toxicspikes\n>p1 move spacialrend\n>p2 move knockoff\n>p1 move spacialrend\n>p2 move sludgebomb\n>p1 switch 2\n>p1 move bravebird\n>p2 move painsplit\n>p1 move bravebird\n>p2 move painsplit\n>p2 switch 6\n>p1 move uturn\n>p2 move freezedry\n>p1 switch 5\n>p2 switch 4\n>p1 move bugbuzz\n>p2 move hypnosis\n>p1 move bugbuzz\n>p2 move nastyplot\n>p1 move bugbuzz\n>p2 move darkpulse\n>p1 switch 6\n>p1 move knockoff\n>p2 move hypnosis\n>p1 switch 3\n>p2 move darkpulse\n>p1 move thunderwave\n>p2 move darkpulse terastallize\n>p1 move dazzlinggleam\n>p2 move darkpulse\n>p1 switch 4\n>p1 move fakeout\n>p2 move sludgebomb\n>p1 move facade\n>p2 move sludgebomb\n>p2 switch 5\n>p1 move facade\n>p2 move bodypress\n>p2 switch 2\n>p1 move closecombat\n>p2 move noretreat\n>p1 move closecombat\n>p2 move ironhead\n>p1 switch 3\n>p1 move flareblitz\n>p2 move ironhead\n>p1 move flareblitz\n>p2 move ironhead\n>p1 switch 5\n>p1 move bravebird terastallize\n>p2 move knockoff", "uploadtime": 1732962449, "views": 17, "formatid": "gen9randombattle", "rating": 1053, "private": 0, "password": null}