{"id": "gen9randombattle-2253945509", "format": "[Gen 9] Random Battle", "players": ["paozedo", "qsuke"], "log": "|j|\u2606paozedo\n|j|\u203dqsuke\n|t:|1732969092\n|gametype|singles\n|player|p1|paozedo|102|1339\n|player|p2|qsuke|102|1304\n|teamsize|p1|6\n|teamsize|p2|6\n|gen|9\n|tier|[Gen 9] Random Battle\n|rated|\n|rule|Species Clause: Limit one of each Pok\u00e9mon\n|rule|HP Percentage Mod: HP is shown in percentages\n|rule|Sleep Clause Mod: Limit one foe put to sleep\n|rule|Illusion Level Mod: Illusion disguises the Pok\u00e9mon's true level\n|\n|t:|1732969092\n|start\n|switch|p1a: Dunsparce|Dunsparce, L86, F|312/312\n|switch|p2a: Mamoswine|Mamoswine, L81, F|311/311\n|turn|1\n|inactive|Battle timer is ON: inactive players will automatically lose when time's up. (requested by paozedo)\n|\n|t:|1732969120\n|move|p2a: Mamoswine|Earthquake|p1a: Dunsparce\n|-damage|p1a: Dunsparce|174/312\n|move|p1a: Dunsparce|Coil|p1a: Dunsparce\n|-boost|p1a: Dunsparce|atk|1\n|-boost|p1a: Dunsparce|def|1\n|-boost|p1a: Dunsparce|accuracy|1\n|\n|upkeep\n|turn|2\n|\n|t:|1732969127\n|move|p2a: Mamoswine|Earthquake|p1a: Dunsparce\n|-damage|p1a: Dunsparce|84/312\n|move|p1a: Dunsparce|Roost|p1a: Dunsparce\n|-heal|p1a: Dunsparce|240/312\n|-singleturn|p1a: Dunsparce|move: Roost\n|\n|upkeep\n|turn|3\n|\n|t:|1732969142\n|switch|p2a: Arceus|Arceus-Ghost, L69|280/280\n|move|p1a: Dunsparce|Coil|p1a: Dunsparce\n|-boost|p1a: Dunsparce|atk|1\n|-boost|p1a: Dunsparce|def|1\n|-boost|p1a: Dunsparce|accuracy|1\n|\n|upkeep\n|turn|4\n|\n|t:|1732969154\n|move|p2a: Arceus|Will-O-Wisp|p1a: Dunsparce\n|-status|p1a: Dunsparce|brn\n|move|p1a: Dunsparce|Earthquake|p2a: Arceus\n|-damage|p2a: Arceus|223/280\n|\n|-damage|p1a: Dunsparce|221/312 brn|[from] brn\n|upkeep\n|turn|5\n|\n|t:|1732969174\n|move|p2a: Arceus|Focus Blast|p1a: Dunsparce\n|-supereffective|p1a: Dunsparce\n|-damage|p1a: Dunsparce|117/312 brn\n|-unboost|p1a: Dunsparce|spd|1\n|move|p1a: Dunsparce|Earthquake|p2a: Arceus\n|-damage|p2a: Arceus|163/280\n|\n|-damage|p1a: Dunsparce|98/312 brn|[from] brn\n|upkeep\n|turn|6\n|\n|t:|1732969183\n|move|p2a: Arceus|Focus Blast|p1a: Dunsparce\n|-supereffective|p1a: Dunsparce\n|-damage|p1a: Dunsparce|0 fnt\n|faint|p1a: Dunsparce\n|\n|upkeep\n|\n|t:|1732969189\n|switch|p1a: Flareon|Flareon, L90, F|263/263\n|turn|7\n|\n|t:|1732969194\n|move|p2a: Arceus|Recover|p2a: Arceus\n|-heal|p2a: Arceus|280/280\n|move|p1a: Flareon|Trailblaze|p2a: Arceus\n|-damage|p2a: Arceus|231/280\n|-boost|p1a: Flareon|spe|1\n|\n|-status|p1a: Flareon|tox|[from] item: Toxic Orb\n|upkeep\n|turn|8\n|\n|t:|1732969211\n|move|p1a: Flareon|Flare Blitz|p2a: Arceus\n|-damage|p2a: Arceus|0 fnt\n|faint|p2a: Arceus\n|-damage|p1a: Flareon|187/263 tox|[from] Recoil\n|\n|-damage|p1a: Flareon|171/263 tox|[from] psn\n|upkeep\n|\n|t:|1732969225\n|switch|p2a: Basculin|Basculin-Blue-Striped, L86, F|261/261\n|turn|9\n|\n|t:|1732969234\n|move|p2a: Basculin|Aqua Jet|p1a: Flareon\n|-supereffective|p1a: Flareon\n|-damage|p1a: Flareon|0 fnt\n|faint|p1a: Flareon\n|\n|upkeep\n|\n|t:|1732969251\n|switch|p1a: Decidueye|Decidueye-Hisui, L87, F|295/295\n|turn|10\n|\n|t:|1732969270\n|switch|p2a: Revavroom|Revavroom, L79, F|256/256\n|move|p1a: Decidueye|Triple Arrows|p2a: Revavroom\n|-damage|p2a: Revavroom|145/256\n|-unboost|p2a: Revavroom|def|1\n|\n|upkeep\n|turn|11\n|\n|t:|1732969281\n|-terastallize|p1a: Decidueye|Steel\n|move|p2a: Revavroom|Shift Gear|p2a: Revavroom\n|-boost|p2a: Revavroom|spe|2\n|-boost|p2a: Revavroom|atk|1\n|move|p1a: Decidueye|Triple Arrows|p2a: Revavroom\n|-crit|p2a: Revavroom\n|-damage|p2a: Revavroom|0 fnt\n|faint|p2a: Revavroom\n|\n|upkeep\n|\n|t:|1732969294\n|switch|p2a: Mamoswine|Mamoswine, L81, F|311/311\n|turn|12\n|\n|t:|1732969301\n|switch|p1a: Cresselia|Cresselia, L80, F|323/323\n|move|p2a: Mamoswine|Earthquake|p1a: Cresselia\n|-immune|p1a: Cresselia|[from] ability: Levitate\n|\n|upkeep\n|turn|13\n|\n|t:|1732969311\n|switch|p2a: Klefki|Klefki, L84, F|233/233\n|move|p1a: Cresselia|Calm Mind|p1a: Cresselia\n|-boost|p1a: Cresselia|spa|1\n|-boost|p1a: Cresselia|spd|1\n|\n|upkeep\n|turn|14\n|\n|t:|1732969317\n|move|p2a: Klefki|Spikes|p1a: Cresselia\n|-sidestart|p1: paozedo|Spikes\n|move|p1a: Cresselia|Psyshock|p2a: Klefki\n|-resisted|p2a: Klefki\n|-damage|p2a: Klefki|190/233\n|\n|-heal|p2a: Klefki|204/233|[from] item: Leftovers\n|upkeep\n|turn|15\n|\n|t:|1732969325\n|move|p2a: Klefki|Spikes|p1a: Cresselia\n|-sidestart|p1: paozedo|Spikes\n|move|p1a: Cresselia|Thunderbolt|p2a: Klefki\n|-damage|p2a: Klefki|136/233\n|\n|-heal|p2a: Klefki|150/233|[from] item: Leftovers\n|upkeep\n|turn|16\n|\n|t:|1732969332\n|move|p2a: Klefki|Spikes|p1a: Cresselia\n|-sidestart|p1: paozedo|Spikes\n|move|p1a: Cresselia|Calm Mind|p1a: Cresselia\n|-boost|p1a: Cresselia|spa|1\n|-boost|p1a: Cresselia|spd|1\n|\n|-heal|p2a: Klefki|164/233|[from] item: Leftovers\n|upkeep\n|turn|17\n|\n|t:|1732969341\n|move|p2a: Klefki|Thunder Wave|p1a: Cresselia\n|-status|p1a: Cresselia|par\n|move|p1a: Cresselia|Calm Mind|p1a: Cresselia\n|-boost|p1a: Cresselia|spa|1\n|-boost|p1a: Cresselia|spd|1\n|\n|-heal|p2a: Klefki|178/233|[from] item: Leftovers\n|upkeep\n|turn|18\n|\n|t:|1732969349\n|move|p2a: Klefki|Foul Play|p1a: Cresselia\n|-supereffective|p1a: Cresselia\n|-damage|p1a: Cresselia|261/323 par\n|move|p1a: Cresselia|Thunderbolt|p2a: Klefki\n|-crit|p2a: Klefki\n|-damage|p2a: Klefki|4/233\n|\n|-heal|p2a: Klefki|18/233|[from] item: Leftovers\n|-heal|p1a: Cresselia|281/323 par|[from] item: Leftovers\n|upkeep\n|turn|19\n|\n|t:|1732969362\n|move|p2a: Klefki|Foul Play|p1a: Cresselia\n|-supereffective|p1a: Cresselia\n|-damage|p1a: Cresselia|217/323 par\n|move|p1a: Cresselia|Psyshock|p2a: Klefki\n|-resisted|p2a: Klefki\n|-damage|p2a: Klefki|0 fnt\n|faint|p2a: Klefki\n|\n|-heal|p1a: Cresselia|237/323 par|[from] item: Leftovers\n|upkeep\n|\n|t:|1732969372\n|switch|p2a: Mamoswine|Mamoswine, L81, F|311/311\n|turn|20\n|\n|t:|1732969375\n|move|p2a: Mamoswine|Knock Off|p1a: Cresselia\n|-supereffective|p1a: Cresselia\n|-damage|p1a: Cresselia|29/323 par\n|-enditem|p1a: Cresselia|Leftovers|[from] move: Knock Off|[of] p2a: Mamoswine\n|move|p1a: Cresselia|Psyshock|p2a: Mamoswine\n|-crit|p2a: Mamoswine\n|-damage|p2a: Mamoswine|28/311\n|\n|upkeep\n|turn|21\n|\n|t:|1732969388\n|move|p2a: Mamoswine|Knock Off|p1a: Cresselia\n|-supereffective|p1a: Cresselia\n|-damage|p1a: Cresselia|0 fnt\n|faint|p1a: Cresselia\n|\n|upkeep\n|\n|t:|1732969390\n|switch|p1a: Klawf|Klawf, L90, F|272/272\n|-damage|p1a: Klawf|204/272|[from] Spikes\n|turn|22\n|\n|t:|1732969396\n|move|p1a: Klawf|Knock Off|p2a: Mamoswine\n|-damage|p2a: Mamoswine|0 fnt\n|-enditem|p2a: Mamoswine|Choice Band|[from] move: Knock Off|[of] p1a: Klawf\n|faint|p2a: Mamoswine\n|-damage|p1a: Klawf|177/272|[from] item: Life Orb\n|\n|upkeep\n|\n|t:|1732969402\n|switch|p2a: Basculin|Basculin-Blue-Striped, L86, F|261/261\n|turn|23\n|\n|t:|1732969407\n|move|p2a: Basculin|Flip Turn|p1a: Klawf\n|-supereffective|p1a: Klawf\n|-damage|p1a: Klawf|0 fnt\n|faint|p1a: Klawf\n|\n|t:|1732969412\n|switch|p2a: Miraidon|Miraidon, L65|238/238|[from] Flip Turn\n|-fieldstart|move: Electric Terrain|[from] ability: Hadron Engine|[of] p2a: Miraidon\n|\n|upkeep\n|\n|t:|1732969416\n|switch|p1a: Dudunsparce|Dudunsparce-Three-Segment, L83, F|343/343\n|-damage|p1a: Dudunsparce|258/343|[from] Spikes\n|turn|24\n|\n|t:|1732969427\n|move|p2a: Miraidon|Calm Mind|p2a: Miraidon\n|-boost|p2a: Miraidon|spa|1\n|-boost|p2a: Miraidon|spd|1\n|move|p1a: Dudunsparce|Boomburst|p2a: Miraidon\n|-damage|p2a: Miraidon|145/238\n|\n|-heal|p2a: Miraidon|159/238|[from] item: Leftovers\n|-heal|p1a: Dudunsparce|279/343|[from] item: Leftovers\n|upkeep\n|turn|25\n|\n|t:|1732969436\n|move|p2a: Miraidon|Electro Drift|p1a: Dudunsparce\n|-damage|p1a: Dudunsparce|30/343\n|move|p1a: Dudunsparce|Calm Mind|p1a: Dudunsparce\n|-boost|p1a: Dudunsparce|spa|1\n|-boost|p1a: Dudunsparce|spd|1\n|\n|-heal|p2a: Miraidon|173/238|[from] item: Leftovers\n|-heal|p1a: Dudunsparce|51/343|[from] item: Leftovers\n|upkeep\n|turn|26\n|\n|t:|1732969448\n|move|p2a: Miraidon|Electro Drift|p1a: Dudunsparce\n|-damage|p1a: Dudunsparce|0 fnt\n|faint|p1a: Dudunsparce\n|\n|-heal|p2a: Miraidon|187/238|[from] item: Leftovers\n|upkeep\n|\n|t:|1732969451\n|switch|p1a: Decidueye|Decidueye-Hisui, L87, F, tera:Steel|295/295\n|-damage|p1a: Decidueye|222/295|[from] Spikes\n|turn|27\n|\n|t:|1732969469\n|move|p2a: Miraidon|Draco Meteor|p1a: Decidueye\n|-resisted|p1a: Decidueye\n|-damage|p1a: Decidueye|113/295\n|-unboost|p2a: Miraidon|spa|2\n|move|p1a: Decidueye|Triple Arrows|p2a: Miraidon\n|-damage|p2a: Miraidon|54/238\n|-unboost|p2a: Miraidon|def|1\n|\n|-heal|p2a: Miraidon|68/238|[from] item: Leftovers\n|-heal|p1a: Decidueye|131/295|[from] item: Leftovers\n|-fieldend|move: Electric Terrain\n|upkeep\n|turn|28\n|\n|t:|1732969484\n|-terastallize|p2a: Miraidon|Electric\n|move|p2a: Miraidon|Electro Drift|p1a: Decidueye\n|-damage|p1a: Decidueye|67/295\n|move|p1a: Decidueye|Roost|p1a: Decidueye\n|-heal|p1a: Decidueye|215/295\n|\n|-heal|p2a: Miraidon|82/238|[from] item: Leftovers\n|-heal|p1a: Decidueye|233/295|[from] item: Leftovers\n|upkeep\n|turn|29\n|\n|t:|1732969495\n|move|p2a: Miraidon|Electro Drift|p1a: Decidueye\n|-damage|p1a: Decidueye|167/295\n|move|p1a: Decidueye|Roost|p1a: Decidueye\n|-heal|p1a: Decidueye|295/295\n|\n|-heal|p2a: Miraidon|96/238|[from] item: Leftovers\n|upkeep\n|turn|30\n|\n|t:|1732969507\n|move|p2a: Miraidon|Substitute|p2a: Miraidon\n|-start|p2a: Miraidon|Substitute\n|-damage|p2a: Miraidon|37/238\n|move|p1a: Decidueye|Leaf Blade|p2a: Miraidon\n|-end|p2a: Miraidon|Substitute\n|\n|-heal|p2a: Miraidon|51/238|[from] item: Leftovers\n|upkeep\n|turn|31\n|\n|t:|1732969516\n|move|p2a: Miraidon|Electro Drift|p1a: Decidueye\n|-damage|p1a: Decidueye|229/295\n|move|p1a: Decidueye|Triple Arrows|p2a: Miraidon\n|-damage|p2a: Miraidon|0 fnt\n|faint|p2a: Miraidon\n|\n|-heal|p1a: Decidueye|247/295|[from] item: Leftovers\n|upkeep\n|\n|t:|1732969525\n|switch|p2a: Basculin|Basculin-Blue-Striped, L86, F|261/261\n|turn|32\n|\n|t:|1732969529\n|move|p2a: Basculin|Wave Crash|p1a: Decidueye\n|-damage|p1a: Decidueye|0 fnt\n|faint|p1a: Decidueye\n|-damage|p2a: Basculin|179/261|[from] Recoil\n|\n|win|qsuke\n|raw|paozedo's rating: 1339 &rarr; <strong>1317</strong><br />(-22 for losing)\n|raw|qsuke's rating: 1304 &rarr; <strong>1326</strong><br />(+22 for winning)\n", "inputlog": ">version b107d77f5c90bd6555267ae244a6264823309ead\n>start {\"formatid\":\"gen9randombattle\",\"seed\":[36525,25035,47430,16186],\"rated\":\"Rated battle\"}\n>player p1 {\"name\":\"paozedo\",\"avatar\":\"102\",\"rating\":1339,\"seed\":[39980,33660,24762,166]}\n>player p2 {\"name\":\"qsuke\",\"avatar\":\"102\",\"rating\":1304,\"seed\":[25452,39306,9849,9333]}\n>p1 move coil\n>p2 move earthquake\n>p1 move roost\n>p2 move earthquake\n>p1 move coil\n>p2 switch 5\n>p1 move earthquake\n>p2 move willowisp\n>p1 move earthquake\n>p2 move focusblast\n>p1 move roost\n>p2 move focusblast\n>p1 switch 3\n>p1 move trailblaze\n>p2 move recover\n>p1 move flareblitz\n>p2 move judgment\n>p2 switch 2\n>p1 move facade\n>p2 move aquajet\n>p1 switch 2\n>p1 move triplearrows\n>p2 switch 4\n>p1 move triplearrows terastallize\n>p2 move shiftgear\n>p2 switch 5\n>p1 switch 6\n>p2 move earthquake\n>p1 move calmmind\n>p2 switch 6\n>p1 move psyshock\n>p2 move spikes\n>p1 move thunderbolt\n>p2 move spikes\n>p1 move calmmind\n>p2 move spikes\n>p1 move calmmind\n>p2 move thunderwave\n>p1 move thunderbolt\n>p2 move foulplay\n>p1 move psyshock\n>p2 move foulplay\n>p2 switch 6\n>p1 move psyshock\n>p2 move knockoff\n>p1 move psyshock\n>p2 move knockoff\n>p1 switch 4\n>p1 move knockoff\n>p2 move knockoff\n>p2 switch 4\n>p1 move knockoff\n>p2 move flipturn\n>p2 switch 3\n>p1 switch 5\n>p1 move boomburst\n>p2 move calmmind\n>p1 move calmmind\n>p2 move electrodrift\n>p1 move boomburst\n>p2 move electrodrift\n>p1 switch 6\n>p1 move triplearrows\n>p2 move dracometeor\n>p1 move roost\n>p2 move electrodrift terastallize\n>p1 move roost\n>p2 move electrodrift\n>p1 move leafblade\n>p2 move substitute\n>p1 move triplearrows\n>p2 move electrodrift\n>p2 switch 3\n>p1 move leafblade\n>p2 move wavecrash", "uploadtime": 1732969536, "views": 2, "formatid": "gen9randombattle", "rating": 1317, "private": 0, "password": null}