{"id": "gen9randombattle-2254128186", "format": "[Gen 9] Random Battle", "players": ["ajaxson39", "w rfafas a fa f"], "log": "|j|\u2606ajaxson39\n|j|\u2606w rfafas a fa f\n|t:|1732994676\n|gametype|singles\n|player|p1|ajaxson39|misty|1082\n|player|p2|w rfafas a fa f|102|1040\n|teamsize|p1|6\n|teamsize|p2|6\n|gen|9\n|tier|[Gen 9] Random Battle\n|rated|\n|rule|Species Clause: Limit one of each Pok\u00e9mon\n|rule|HP Percentage Mod: HP is shown in percentages\n|rule|Sleep Clause Mod: Limit one foe put to sleep\n|rule|Illusion Level Mod: Illusion disguises the Pok\u00e9mon's true level\n|\n|t:|1732994676\n|start\n|switch|p1a: Dudunsparce|Dudunsparce, L83, F|343/343\n|switch|p2a: Sandslash|Sandslash-Alola, L88, M|275/275\n|turn|1\n|\n|t:|1732994697\n|move|p2a: Sandslash|Swords Dance|p2a: Sandslash\n|-boost|p2a: Sandslash|atk|2\n|move|p1a: Dudunsparce|Glare|p2a: Sandslash\n|-status|p2a: Sandslash|par\n|\n|upkeep\n|turn|2\n|\n|t:|1732994704\n|move|p1a: Dudunsparce|Earthquake|p2a: Sandslash\n|-supereffective|p2a: Sandslash\n|-damage|p2a: Sandslash|169/275 par\n|move|p2a: Sandslash|Swords Dance|p2a: Sandslash\n|-boost|p2a: Sandslash|atk|2\n|\n|-heal|p2a: Sandslash|186/275 par|[from] item: Leftovers\n|upkeep\n|turn|3\n|inactive|Battle timer is ON: inactive players will automatically lose when time's up. (requested by ajaxson39)\n|\n|t:|1732994723\n|move|p1a: Dudunsparce|Earthquake|p2a: Sandslash\n|-supereffective|p2a: Sandslash\n|-damage|p2a: Sandslash|82/275 par\n|cant|p2a: Sandslash|par\n|\n|-heal|p2a: Sandslash|99/275 par|[from] item: Leftovers\n|upkeep\n|turn|4\n|\n|t:|1732994731\n|move|p1a: Dudunsparce|Earthquake|p2a: Sandslash\n|-supereffective|p2a: Sandslash\n|-damage|p2a: Sandslash|0 fnt\n|faint|p2a: Sandslash\n|\n|upkeep\n|\n|t:|1732994739\n|switch|p2a: Palafin|Palafin, L77, M|281/281\n|turn|5\n|\n|t:|1732994743\n|move|p2a: Palafin|Close Combat|p1a: Dudunsparce\n|-supereffective|p1a: Dudunsparce\n|-damage|p1a: Dudunsparce|173/343\n|-unboost|p2a: Palafin|def|1\n|-unboost|p2a: Palafin|spd|1\n|move|p1a: Dudunsparce|Glare|p2a: Palafin\n|-status|p2a: Palafin|par\n|\n|-heal|p1a: Dudunsparce|194/343|[from] item: Leftovers\n|upkeep\n|turn|6\n|inactive|ajaxson39 has 120 seconds left.\n|\n|t:|1732994785\n|move|p1a: Dudunsparce|Headbutt|p2a: Palafin\n|-damage|p2a: Palafin|149/281 par\n|cant|p2a: Palafin|flinch\n|\n|-heal|p1a: Dudunsparce|215/343|[from] item: Leftovers\n|upkeep\n|turn|7\n|\n|t:|1732994797\n|move|p1a: Dudunsparce|Headbutt|p2a: Palafin\n|-damage|p2a: Palafin|10/281 par\n|move|p2a: Palafin|Close Combat|p1a: Dudunsparce\n|-supereffective|p1a: Dudunsparce\n|-damage|p1a: Dudunsparce|29/343\n|-unboost|p2a: Palafin|def|1\n|-unboost|p2a: Palafin|spd|1\n|\n|-heal|p1a: Dudunsparce|50/343|[from] item: Leftovers\n|upkeep\n|turn|8\n|inactive|ajaxson39 has 120 seconds left.\n|\n|t:|1732994807\n|move|p1a: Dudunsparce|Headbutt|p2a: Palafin\n|-damage|p2a: Palafin|0 fnt\n|faint|p2a: Palafin\n|\n|-heal|p1a: Dudunsparce|71/343|[from] item: Leftovers\n|upkeep\n|\n|t:|1732994832\n|switch|p2a: Gardevoir|Gardevoir, L83, F|249/249\n|-ability|p2a: Gardevoir|Serene Grace|[from] ability: Trace|[of] p1a: Dudunsparce\n|turn|9\n|\n|t:|1732994840\n|move|p2a: Gardevoir|Psychic|p1a: Dudunsparce\n|-damage|p1a: Dudunsparce|0 fnt\n|faint|p1a: Dudunsparce\n|\n|upkeep\n|\n|t:|1732994849\n|switch|p1a: Tinkaton|Tinkaton, L82, F|274/274\n|-ability|p1a: Tinkaton|Mold Breaker\n|turn|10\n|\n|t:|1732994855\n|move|p1a: Tinkaton|Swords Dance|p1a: Tinkaton\n|-boost|p1a: Tinkaton|atk|2\n|move|p2a: Gardevoir|Psychic|p1a: Tinkaton\n|-resisted|p1a: Tinkaton\n|-damage|p1a: Tinkaton|193/274\n|\n|upkeep\n|turn|11\n|\n|t:|1732994868\n|move|p1a: Tinkaton|Gigaton Hammer|p2a: Gardevoir\n|-supereffective|p2a: Gardevoir\n|-damage|p2a: Gardevoir|0 fnt\n|faint|p2a: Gardevoir\n|-damage|p1a: Tinkaton|166/274|[from] item: Life Orb\n|\n|upkeep\n|\n|t:|1732994880\n|switch|p2a: Bronzong|Bronzong, L88|261/261\n|turn|12\n|\n|t:|1732994887\n|move|p1a: Tinkaton|Knock Off|p2a: Bronzong\n|-supereffective|p2a: Bronzong\n|-damage|p2a: Bronzong|50/261\n|-enditem|p2a: Bronzong|Leftovers|[from] move: Knock Off|[of] p1a: Tinkaton\n|-damage|p1a: Tinkaton|139/274|[from] item: Life Orb\n|move|p2a: Bronzong|Iron Head|p1a: Tinkaton\n|-damage|p1a: Tinkaton|33/274\n|\n|upkeep\n|turn|13\n|\n|t:|1732994899\n|move|p1a: Tinkaton|Knock Off|p2a: Bronzong\n|-supereffective|p2a: Bronzong\n|-damage|p2a: Bronzong|0 fnt\n|faint|p2a: Bronzong\n|-damage|p1a: Tinkaton|6/274|[from] item: Life Orb\n|\n|upkeep\n|\n|t:|1732994905\n|switch|p2a: Golem|Golem, L87, F|281/281\n|turn|14\n|\n|t:|1732994911\n|move|p1a: Tinkaton|Gigaton Hammer|p2a: Golem\n|-supereffective|p2a: Golem\n|-damage|p2a: Golem|0 fnt\n|faint|p2a: Golem\n|-damage|p1a: Tinkaton|0 fnt|[from] item: Life Orb\n|faint|p1a: Tinkaton\n|\n|upkeep\n|\n|t:|1732994927\n|switch|p1a: Ludicolo|Ludicolo, L90, F|290/290\n|switch|p2a: Sawsbuck|Sawsbuck-Winter, L88, M|284/284\n|turn|15\n|\n|t:|1732994938\n|move|p2a: Sawsbuck|High Horsepower|p1a: Ludicolo\n|-resisted|p1a: Ludicolo\n|-damage|p1a: Ludicolo|238/290\n|-damage|p2a: Sawsbuck|256/284|[from] item: Life Orb\n|move|p1a: Ludicolo|Rain Dance|p1a: Ludicolo\n|-weather|RainDance\n|\n|-weather|RainDance|[upkeep]\n|upkeep\n|turn|16\n|\n|t:|1732994949\n|move|p1a: Ludicolo|Ice Beam|p2a: Sawsbuck\n|-supereffective|p2a: Sawsbuck\n|-damage|p2a: Sawsbuck|43/284\n|-damage|p1a: Ludicolo|209/290|[from] item: Life Orb\n|move|p2a: Sawsbuck|High Horsepower|p1a: Ludicolo\n|-resisted|p1a: Ludicolo\n|-damage|p1a: Ludicolo|151/290\n|-damage|p2a: Sawsbuck|15/284|[from] item: Life Orb\n|\n|-weather|RainDance|[upkeep]\n|upkeep\n|turn|17\n|\n|t:|1732994961\n|move|p1a: Ludicolo|Ice Beam|p2a: Sawsbuck\n|-supereffective|p2a: Sawsbuck\n|-damage|p2a: Sawsbuck|0 fnt\n|faint|p2a: Sawsbuck\n|-damage|p1a: Ludicolo|122/290|[from] item: Life Orb\n|\n|win|ajaxson39\n|raw|ajaxson39's rating: 1082 &rarr; <strong>1106</strong><br />(+24 for winning)\n|raw|w rfafas a fa f's rating: 1040 &rarr; <strong>1026</strong><br />(-14 for losing)\n", "inputlog": ">version b107d77f5c90bd6555267ae244a6264823309ead\n>start {\"formatid\":\"gen9randombattle\",\"seed\":[50636,54845,61728,56459],\"rated\":\"Rated battle\"}\n>player p1 {\"name\":\"ajaxson39\",\"avatar\":\"misty\",\"rating\":1082,\"seed\":[27844,56708,38310,7464]}\n>player p2 {\"name\":\"w rfafas a fa f\",\"avatar\":\"102\",\"rating\":1040,\"seed\":[59484,1826,63855,18203]}\n>p1 move glare\n>p2 move swordsdance\n>p1 move earthquake\n>p2 move swordsdance\n>p1 move earthquake\n>p2 move earthquake\n>p1 move earthquake\n>p2 move earthquake\n>p2 switch 5\n>p1 move glare\n>p2 move closecombat\n>p1 move headbutt\n>p2 move closecombat\n>p1 move headbutt\n>p2 move closecombat\n>p1 move headbutt\n>p2 move closecombat\n>p2 switch 4\n>p1 move glare\n>p2 move psychic\n>p1 switch 2\n>p1 move swordsdance\n>p2 move psychic\n>p1 move gigatonhammer\n>p2 move psychic\n>p2 switch 3\n>p1 move knockoff\n>p2 move ironhead\n>p1 move knockoff\n>p2 move earthquake\n>p2 switch 6\n>p1 move gigatonhammer\n>p2 move earthquake\n>p1 switch 5\n>p2 switch 2\n>p1 move raindance\n>p2 move highhorsepower\n>p1 move icebeam\n>p2 move highhorsepower\n>p1 move icebeam\n>p2 move highhorsepower", "uploadtime": 1732994966, "views": 1, "formatid": "gen9randombattle", "rating": 1026, "private": 0, "password": null}