{"id": "gen9randombattle-2254182284", "format": "[Gen 9] Random Battle", "players": ["Celestial Saiyan", "3Qz"], "log": "|j|\u2606Celestial Saiyan\n|j|\u26063Qz\n|t:|1733001416\n|gametype|singles\n|player|p1|Celestial Saiyan|iris-gen5bw2|1853\n|player|p2|3Qz|unknown|1824\n|teamsize|p1|6\n|teamsize|p2|6\n|gen|9\n|tier|[Gen 9] Random Battle\n|rated|\n|rule|Species Clause: Limit one of each Pok\u00e9mon\n|rule|HP Percentage Mod: HP is shown in percentages\n|rule|Sleep Clause Mod: Limit one foe put to sleep\n|rule|Illusion Level Mod: Illusion disguises the Pok\u00e9mon's true level\n|\n|t:|1733001416\n|start\n|switch|p1a: Giratina|Giratina, L75|349/349\n|switch|p2a: Hydrapple|Hydrapple, L83, M|312/312\n|-ability|p1a: Giratina|Pressure\n|turn|1\n|inactive|Battle timer is ON: inactive players will automatically lose when time's up. (requested by 3Qz)\n|\n|t:|1733001440\n|move|p1a: Giratina|Calm Mind|p1a: Giratina\n|-boost|p1a: Giratina|spa|1\n|-boost|p1a: Giratina|spd|1\n|move|p2a: Hydrapple|Draco Meteor|p1a: Giratina\n|-supereffective|p1a: Giratina\n|-damage|p1a: Giratina|55/349\n|-unboost|p2a: Hydrapple|spa|2\n|\n|-heal|p1a: Giratina|76/349|[from] item: Leftovers\n|upkeep\n|turn|2\n|\n|t:|1733001446\n|move|p1a: Giratina|Rest|p1a: Giratina\n|-status|p1a: Giratina|slp|[from] move: Rest\n|-heal|p1a: Giratina|349/349 slp|[silent]\n|move|p2a: Hydrapple|Draco Meteor|p1a: Giratina\n|-supereffective|p1a: Giratina\n|-damage|p1a: Giratina|217/349 slp\n|-unboost|p2a: Hydrapple|spa|2\n|\n|-heal|p1a: Giratina|238/349 slp|[from] item: Leftovers\n|upkeep\n|turn|3\n|c|\u2606Celestial Saiyan|Glhf\n|\n|t:|1733001463\n|switch|p2a: Froslass|Froslass, L87, F|263/263\n|cant|p1a: Giratina|slp\n|move|p1a: Giratina|Sleep Talk|p1a: Giratina\n|move|p1a: Giratina|Dragon Pulse|p2a: Froslass|[from]move: Sleep Talk\n|-damage|p2a: Froslass|139/263\n|\n|-heal|p1a: Giratina|259/349 slp|[from] item: Leftovers\n|upkeep\n|turn|4\n|\n|t:|1733001480\n|move|p2a: Froslass|Triple Axel|p1a: Giratina\n|-supereffective|p1a: Giratina\n|-damage|p1a: Giratina|217/349 slp\n|-supereffective|p1a: Giratina\n|-damage|p1a: Giratina|151/349 slp\n|-supereffective|p1a: Giratina\n|-damage|p1a: Giratina|53/349 slp\n|-hitcount|p1a: Giratina|3\n|cant|p1a: Giratina|slp\n|move|p1a: Giratina|Sleep Talk|p1a: Giratina\n|move|p1a: Giratina|Rest||[from]move: Sleep Talk|[still]\n|-fail|p1a: Giratina\n|\n|-heal|p1a: Giratina|74/349 slp|[from] item: Leftovers\n|upkeep\n|turn|5\n|\n|t:|1733001491\n|move|p2a: Froslass|Triple Axel|p1a: Giratina\n|-supereffective|p1a: Giratina\n|-damage|p1a: Giratina|38/349 slp\n|-supereffective|p1a: Giratina\n|-damage|p1a: Giratina|0 fnt\n|faint|p1a: Giratina\n|-hitcount|p1: Giratina|2\n|\n|upkeep\n|\n|t:|1733001500\n|switch|p1a: Gouging Fire|Gouging Fire, L74|277/277\n|turn|6\n|\n|t:|1733001517\n|move|p2a: Froslass|Taunt|p1a: Gouging Fire\n|-start|p1a: Gouging Fire|move: Taunt\n|cant|p1a: Gouging Fire|move: Taunt|Dragon Dance\n|\n|upkeep\n|turn|7\n|\n|t:|1733001525\n|-end|p1a: Gouging Fire|Protosynthesis|[silent]\n|switch|p1a: Dunsparce|Dunsparce, L86, M|312/312\n|move|p2a: Froslass|Destiny Bond|p2a: Froslass\n|-singlemove|p2a: Froslass|Destiny Bond\n|\n|upkeep\n|turn|8\n|\n|t:|1733001534\n|move|p2a: Froslass|Taunt|p1a: Dunsparce\n|-start|p1a: Dunsparce|move: Taunt\n|move|p1a: Dunsparce|Earthquake|p2a: Froslass\n|-damage|p2a: Froslass|67/263\n|\n|upkeep\n|turn|9\n|\n|t:|1733001561\n|switch|p2a: Bronzong|Bronzong, L88|261/261\n|move|p1a: Dunsparce|Earthquake|p2a: Bronzong\n|-immune|p2a: Bronzong|[from] ability: Levitate\n|\n|upkeep\n|turn|10\n|\n|t:|1733001569\n|move|p1a: Dunsparce|Body Slam|p2a: Bronzong\n|-resisted|p2a: Bronzong\n|-crit|p2a: Bronzong\n|-damage|p2a: Bronzong|222/261\n|-status|p2a: Bronzong|par\n|move|p2a: Bronzong|Hypnosis|p1a: Dunsparce|[miss]\n|-miss|p2a: Bronzong|p1a: Dunsparce\n|\n|-heal|p2a: Bronzong|238/261 par|[from] item: Leftovers\n|-end|p1a: Dunsparce|move: Taunt\n|upkeep\n|turn|11\n|\n|t:|1733001587\n|switch|p1a: Hoopa|Hoopa-Unbound, L80|259/259\n|move|p2a: Bronzong|Hypnosis|p1a: Hoopa\n|-status|p1a: Hoopa|slp|[from] move: Hypnosis\n|\n|-heal|p2a: Bronzong|254/261 par|[from] item: Leftovers\n|upkeep\n|turn|12\n|\n|t:|1733001597\n|switch|p1a: Gouging Fire|Gouging Fire, L74|277/277\n|switch|p2a: Sneasler|Sneasler, L74, F|240/240\n|\n|upkeep\n|turn|13\n|\n|t:|1733001611\n|-end|p1a: Gouging Fire|Protosynthesis|[silent]\n|switch|p1a: Lucario|Lucario, L84, F|255/255\n|move|p2a: Sneasler|Dire Claw|p1a: Lucario\n|-immune|p1a: Lucario\n|\n|upkeep\n|turn|14\n|\n|t:|1733001624\n|switch|p2a: Kilowattrel|Kilowattrel, L83, F|252/252\n|-terastallize|p1a: Lucario|Fighting\n|move|p1a: Lucario|Flash Cannon|p2a: Kilowattrel\n|-resisted|p2a: Kilowattrel\n|-damage|p2a: Kilowattrel|170/252\n|-damage|p1a: Lucario|230/255|[from] item: Life Orb\n|\n|upkeep\n|turn|15\n|\n|t:|1733001631\n|switch|p1a: Minun|Minun, L95, F|268/268\n|move|p2a: Kilowattrel|Hurricane|p1a: Minun\n|-resisted|p1a: Minun\n|-damage|p1a: Minun|211/268\n|-start|p1a: Minun|confusion\n|\n|upkeep\n|turn|16\n|\n|t:|1733001638\n|move|p2a: Kilowattrel|U-turn|p1a: Minun\n|-damage|p1a: Minun|163/268\n|\n|t:|1733001645\n|switch|p2a: Hydrapple|Hydrapple, L83, M|312/312|[from] U-turn\n|-activate|p1a: Minun|confusion\n|-damage|p1a: Minun|145/268|[from] confusion\n|\n|upkeep\n|turn|17\n|\n|t:|1733001651\n|-end|p1a: Minun|confusion\n|move|p1a: Minun|Alluring Voice|p2a: Hydrapple\n|-supereffective|p2a: Hydrapple\n|-damage|p2a: Hydrapple|138/312\n|-damage|p1a: Minun|119/268|[from] item: Life Orb\n|move|p2a: Hydrapple|Earth Power|p1a: Minun\n|-supereffective|p1a: Minun\n|-damage|p1a: Minun|0 fnt\n|faint|p1a: Minun\n|\n|upkeep\n|\n|t:|1733001658\n|switch|p1a: Lucario|Lucario, L84, F, tera:Fighting|230/255\n|turn|18\n|\n|t:|1733001671\n|switch|p2a: Kilowattrel|Kilowattrel, L83, F|170/252\n|move|p1a: Lucario|Flash Cannon|p2a: Kilowattrel\n|-resisted|p2a: Kilowattrel\n|-damage|p2a: Kilowattrel|87/252\n|-damage|p1a: Lucario|205/255|[from] item: Life Orb\n|\n|upkeep\n|turn|19\n|\n|t:|1733001698\n|move|p2a: Kilowattrel|Thunderbolt|p1a: Lucario\n|-damage|p1a: Lucario|96/255\n|move|p1a: Lucario|Aura Sphere|p2a: Kilowattrel\n|-resisted|p2a: Kilowattrel\n|-damage|p2a: Kilowattrel|0 fnt\n|faint|p2a: Kilowattrel\n|-damage|p1a: Lucario|71/255|[from] item: Life Orb\n|\n|upkeep\n|inactive|3Qz has 120 seconds left.\n|\n|t:|1733001744\n|switch|p2a: Sneasler|Sneasler, L74, F|240/240\n|turn|20\n|\n|t:|1733001749\n|move|p1a: Lucario|Vacuum Wave|p2a: Sneasler\n|-resisted|p2a: Sneasler\n|-damage|p2a: Sneasler|189/240\n|-damage|p1a: Lucario|46/255|[from] item: Life Orb\n|move|p2a: Sneasler|Dire Claw|p1a: Lucario\n|-damage|p1a: Lucario|0 fnt\n|faint|p1a: Lucario\n|\n|upkeep\n|\n|t:|1733001756\n|switch|p1a: Gouging Fire|Gouging Fire, L74|277/277\n|turn|21\n|inactive|3Qz has 120 seconds left.\n|\n|t:|1733001763\n|move|p2a: Sneasler|Dire Claw|p1a: Gouging Fire\n|-damage|p1a: Gouging Fire|166/277\n|-status|p1a: Gouging Fire|par\n|move|p1a: Gouging Fire|Dragon Dance|p1a: Gouging Fire\n|-boost|p1a: Gouging Fire|atk|1\n|-boost|p1a: Gouging Fire|spe|1\n|\n|upkeep\n|turn|22\n|inactive|3Qz has 120 seconds left.\n|\n|t:|1733001774\n|switch|p2a: Sceptile|Sceptile, L87, M|264/264\n|move|p1a: Gouging Fire|Heat Crash|p2a: Sceptile\n|-supereffective|p2a: Sceptile\n|-damage|p2a: Sceptile|0 fnt\n|faint|p2a: Sceptile\n|\n|upkeep\n|\n|t:|1733001776\n|switch|p2a: Sneasler|Sneasler, L74, F|189/240\n|turn|23\n|\n|t:|1733001788\n|-terastallize|p2a: Sneasler|Fighting\n|move|p2a: Sneasler|Close Combat|p1a: Gouging Fire\n|-damage|p1a: Gouging Fire|0 fnt\n|-unboost|p2a: Sneasler|def|1\n|-unboost|p2a: Sneasler|spd|1\n|faint|p1a: Gouging Fire\n|-end|p1a: Gouging Fire|Protosynthesis|[silent]\n|\n|upkeep\n|\n|t:|1733001794\n|switch|p1a: Hoopa|Hoopa-Unbound, L80|259/259 slp\n|turn|24\n|\n|t:|1733001802\n|move|p2a: Sneasler|Close Combat|p1a: Hoopa\n|-damage|p1a: Hoopa|0 fnt\n|-unboost|p2a: Sneasler|def|1\n|-unboost|p2a: Sneasler|spd|1\n|faint|p1a: Hoopa\n|\n|upkeep\n|\n|t:|1733001805\n|switch|p1a: Dunsparce|Dunsparce, L86, M|312/312\n|turn|25\n|\n|t:|1733001812\n|switch|p2a: Froslass|Froslass, L87, F|67/263\n|move|p1a: Dunsparce|Body Slam|p2a: Froslass\n|-immune|p2a: Froslass\n|\n|upkeep\n|turn|26\n|c|\u2606Celestial Saiyan|Gg\n|\n|t:|1733001815\n|move|p2a: Froslass|Taunt|p1a: Dunsparce\n|-start|p1a: Dunsparce|move: Taunt\n|move|p1a: Dunsparce|Earthquake|p2a: Froslass\n|-damage|p2a: Froslass|0 fnt\n|faint|p2a: Froslass\n|\n|upkeep\n|\n|t:|1733001821\n|switch|p2a: Sneasler|Sneasler, L74, F, tera:Fighting|189/240\n|turn|27\n|\n|t:|1733001826\n|move|p2a: Sneasler|U-turn|p1a: Dunsparce\n|-damage|p1a: Dunsparce|258/312\n|\n|t:|1733001832\n|switch|p2a: Bronzong|Bronzong, L88|254/261 par|[from] U-turn\n|move|p1a: Dunsparce|Body Slam|p2a: Bronzong\n|-resisted|p2a: Bronzong\n|-damage|p2a: Bronzong|224/261 par\n|\n|-heal|p2a: Bronzong|240/261 par|[from] item: Leftovers\n|upkeep\n|turn|28\n|\n|t:|1733001840\n|move|p1a: Dunsparce|Body Slam|p2a: Bronzong\n|-resisted|p2a: Bronzong\n|-damage|p2a: Bronzong|214/261 par\n|move|p2a: Bronzong|Hypnosis|p1a: Dunsparce|[miss]\n|-miss|p2a: Bronzong|p1a: Dunsparce\n|\n|-heal|p2a: Bronzong|230/261 par|[from] item: Leftovers\n|-end|p1a: Dunsparce|move: Taunt\n|upkeep\n|turn|29\n|\n|t:|1733001845\n|move|p1a: Dunsparce|Body Slam|p2a: Bronzong\n|-resisted|p2a: Bronzong\n|-damage|p2a: Bronzong|203/261 par\n|move|p2a: Bronzong|Hypnosis|p1a: Dunsparce\n|-status|p1a: Dunsparce|slp|[from] move: Hypnosis\n|\n|-heal|p2a: Bronzong|219/261 par|[from] item: Leftovers\n|upkeep\n|turn|30\n|\n|t:|1733001848\n|switch|p2a: Sneasler|Sneasler, L74, F, tera:Fighting|189/240\n|cant|p1a: Dunsparce|slp\n|\n|upkeep\n|turn|31\n|\n|t:|1733001851\n|move|p2a: Sneasler|Close Combat|p1a: Dunsparce\n|-supereffective|p1a: Dunsparce\n|-damage|p1a: Dunsparce|0 fnt\n|-unboost|p2a: Sneasler|def|1\n|-unboost|p2a: Sneasler|spd|1\n|faint|p1a: Dunsparce\n|\n|win|3Qz\n|raw|Celestial Saiyan's rating: 1853 &rarr; <strong>1831</strong><br />(-22 for losing)\n|raw|3Qz's rating: 1824 &rarr; <strong>1846</strong><br />(+22 for winning)\n|l|\u26063Qz\n|player|p2|\n", "inputlog": ">version b107d77f5c90bd6555267ae244a6264823309ead\n>start {\"formatid\":\"gen9randombattle\",\"seed\":[33865,57294,12495,505],\"rated\":\"Rated battle\"}\n>player p1 {\"name\":\"Celestial Saiyan\",\"avatar\":\"iris-gen5bw2\",\"rating\":1853,\"seed\":[47760,63979,7140,18106]}\n>player p2 {\"name\":\"3Qz\",\"avatar\":\"unknown\",\"rating\":1824,\"seed\":[38062,32181,17732,57985]}\n>p1 move calmmind\n>p2 move dracometeor\n>p1 move rest\n>p2 move dracometeor\n>chat \u2606Celestial Saiyan|Glhf\n>p1 move sleeptalk\n>p2 switch 4\n>p1 move sleeptalk\n>p2 move tripleaxel\n>p1 move sleeptalk\n>p2 move tripleaxel\n>p1 switch 2\n>p1 move dragondance\n>p2 move taunt\n>p1 switch 5\n>p2 move destinybond\n>p1 move earthquake\n>p2 move taunt\n>p1 move earthquake\n>p2 switch 2\n>p1 move bodyslam\n>p2 move hypnosis\n>p1 switch 3\n>p2 move hypnosis\n>p1 switch 5\n>p2 switch 6\n>p1 switch 6\n>p2 move direclaw\n>p1 move flashcannon terastallize\n>p2 switch 5\n>p1 switch 4\n>p2 move hurricane\n>p1 move nastyplot\n>p2 move uturn\n>p2 switch 4\n>p1 move alluringvoice\n>p2 move earthpower\n>p1 switch 4\n>p1 move flashcannon\n>p2 switch 4\n>p1 move aurasphere\n>p2 move thunderbolt\n>p2 switch 5\n>p1 move vacuumwave\n>p2 move direclaw\n>p1 switch 6\n>p1 move dragondance\n>p2 move direclaw\n>p1 move heatcrash\n>p2 switch 3\n>p2 switch 3\n>p1 move heatcrash\n>p2 move closecombat terastallize\n>p1 switch 5\n>p1 move hyperspacefury\n>p2 move closecombat\n>p1 switch 3\n>p1 move bodyslam\n>p2 switch 2\n>chat \u2606Celestial Saiyan|Gg\n>p1 move earthquake\n>p2 move taunt\n>p2 switch 2\n>p1 move bodyslam\n>p2 move uturn\n>p2 switch 6\n>p1 move bodyslam\n>p2 move hypnosis\n>p1 move bodyslam\n>p2 move hypnosis\n>p1 move bodyslam\n>p2 switch 6\n>p1 move bodyslam\n>p2 move closecombat", "uploadtime": 1733001855, "views": 2, "formatid": "gen9randombattle", "rating": 1831, "private": 0, "password": null}