{"id": "gen9randombattle-2253901686", "format": "[Gen 9] Random Battle", "players": ["Nepomu99", "Bentennyson_55"], "log": "|j|\u2606Nepomu99\n|j|\u2606Bentennyson_55\n|t:|1732959922\n|gametype|singles\n|player|p1|Nepomu99|hoopster|1267\n|player|p2|Bentennyson_55|red|1254\n|teamsize|p1|6\n|teamsize|p2|6\n|gen|9\n|tier|[Gen 9] Random Battle\n|rated|\n|rule|Species Clause: Limit one of each Pok\u00e9mon\n|rule|HP Percentage Mod: HP is shown in percentages\n|rule|Sleep Clause Mod: Limit one foe put to sleep\n|rule|Illusion Level Mod: Illusion disguises the Pok\u00e9mon's true level\n|\n|t:|1732959922\n|start\n|switch|p1a: Excadrill|Excadrill, L80, F|307/307\n|switch|p2a: Volcarona|Volcarona, L77, F|257/257\n|-ability|p1a: Excadrill|Mold Breaker\n|turn|1\n|\n|t:|1732959944\n|switch|p1a: Porygon2|Porygon2, L82|274/274\n|-ability|p1a: Porygon2|Download|boost\n|-boost|p1a: Porygon2|atk|1\n|move|p2a: Volcarona|Quiver Dance|p2a: Volcarona\n|-boost|p2a: Volcarona|spa|1\n|-boost|p2a: Volcarona|spd|1\n|-boost|p2a: Volcarona|spe|1\n|\n|upkeep\n|turn|2\n|\n|t:|1732959955\n|move|p2a: Volcarona|Bug Buzz|p1a: Porygon2\n|-damage|p1a: Porygon2|171/274\n|move|p1a: Porygon2|Shadow Ball|p2a: Volcarona\n|-damage|p2a: Volcarona|219/257\n|-unboost|p2a: Volcarona|spd|1\n|\n|upkeep\n|turn|3\n|inactive|Battle timer is ON: inactive players will automatically lose when time's up. (requested by Nepomu99)\n|\n|t:|1732959965\n|move|p2a: Volcarona|Bug Buzz|p1a: Porygon2\n|-damage|p1a: Porygon2|66/274\n|-unboost|p1a: Porygon2|spd|1\n|move|p1a: Porygon2|Thunder Wave|p2a: Volcarona\n|-status|p2a: Volcarona|par\n|\n|upkeep\n|turn|4\n|\n|t:|1732959974\n|cant|p2a: Volcarona|par\n|move|p1a: Porygon2|Tera Blast|p2a: Volcarona\n|-damage|p2a: Volcarona|135/257 par\n|\n|upkeep\n|turn|5\n|\n|t:|1732959983\n|move|p2a: Volcarona|Fiery Dance|p1a: Porygon2\n|-damage|p1a: Porygon2|0 fnt\n|faint|p1a: Porygon2\n|\n|upkeep\n|\n|t:|1732959987\n|switch|p1a: Zekrom|Zekrom, L71|259/259\n|-ability|p1a: Zekrom|Teravolt\n|turn|6\n|\n|t:|1732959999\n|move|p1a: Zekrom|Bolt Strike|p2a: Volcarona\n|-damage|p2a: Volcarona|0 fnt\n|faint|p2a: Volcarona\n|\n|upkeep\n|\n|t:|1732960008\n|switch|p2a: Dachsbun|Dachsbun, L92, F|254/254\n|turn|7\n|\n|t:|1732960028\n|switch|p1a: Excadrill|Excadrill, L80, F|307/307\n|-ability|p1a: Excadrill|Mold Breaker\n|move|p2a: Dachsbun|Wish|p2a: Dachsbun\n|\n|upkeep\n|turn|8\n|\n|t:|1732960035\n|move|p2a: Dachsbun|Body Press|p1a: Excadrill\n|-supereffective|p1a: Excadrill\n|-damage|p1a: Excadrill|101/307\n|move|p1a: Excadrill|Iron Head|p2a: Dachsbun\n|-supereffective|p2a: Dachsbun\n|-damage|p2a: Dachsbun|110/254\n|\n|-heal|p2a: Dachsbun|237/254|[from] move: Wish|[wisher] Dachsbun\n|-heal|p2a: Dachsbun|252/254|[from] item: Leftovers\n|upkeep\n|turn|9\n|\n|t:|1732960046\n|-terastallize|p1a: Excadrill|Grass\n|move|p2a: Dachsbun|Body Press|p1a: Excadrill\n|-damage|p1a: Excadrill|0 fnt\n|faint|p1a: Excadrill\n|\n|-heal|p2a: Dachsbun|254/254|[from] item: Leftovers\n|upkeep\n|\n|t:|1732960057\n|switch|p1a: Honchkrow|Honchkrow, L86, F|312/312\n|turn|10\n|\n|t:|1732960063\n|move|p2a: Dachsbun|Play Rough|p1a: Honchkrow\n|-supereffective|p1a: Honchkrow\n|-damage|p1a: Honchkrow|16/312\n|-unboost|p1a: Honchkrow|atk|1\n|move|p1a: Honchkrow|Brave Bird|p2a: Dachsbun\n|-damage|p2a: Dachsbun|173/254\n|-damage|p1a: Honchkrow|0 fnt|[from] Recoil\n|faint|p1a: Honchkrow\n|\n|-heal|p2a: Dachsbun|188/254|[from] item: Leftovers\n|upkeep\n|-message|Nepomu99 forfeited.\n|\n|win|Bentennyson_55\n|raw|Nepomu99's rating: 1267 &rarr; <strong>1241</strong><br />(-26 for losing)\n|raw|Bentennyson_55's rating: 1254 &rarr; <strong>1280</strong><br />(+26 for winning)\n|l|\u2606Nepomu99\n|player|p1|\n", "inputlog": ">version b107d77f5c90bd6555267ae244a6264823309ead\n>start {\"formatid\":\"gen9randombattle\",\"seed\":[49714,50356,7921,31979],\"rated\":\"Rated battle\"}\n>player p1 {\"name\":\"Nepomu99\",\"avatar\":\"hoopster\",\"rating\":1267,\"seed\":[31421,24996,19935,54430]}\n>player p2 {\"name\":\"Bentennyson_55\",\"avatar\":\"red\",\"rating\":1254,\"seed\":[12219,50404,31543,55892]}\n>p1 switch 5\n>p2 move quiverdance\n>p1 move shadowball\n>p2 move bugbuzz\n>p1 move thunderwave\n>p2 move bugbuzz\n>p1 move terablast\n>p2 move fierydance\n>p1 move terablast\n>p2 move fierydance\n>p1 switch 3\n>p1 move boltstrike\n>p2 move bugbuzz\n>p2 switch 2\n>p1 switch 5\n>p2 move wish\n>p1 move ironhead\n>p2 move bodypress\n>p1 move ironhead terastallize\n>p2 move bodypress\n>p1 switch 2\n>p1 move bravebird\n>p2 move playrough\n>forcelose p1", "uploadtime": 1732960077, "views": 3, "formatid": "gen9randombattle", "rating": 1241, "private": 0, "password": null}