{"id": "gen9randombattle-2253909604", "format": "[Gen 9] Random Battle", "players": ["Princess Clover", "kutyjthaerG"], "log": "|j|\u2606Princess Clover\n|j|\u2606kutyjthaerG\n|t:|1732961670\n|gametype|singles\n|player|p1|Princess Clover|sonia-masters|1067\n|player|p2|kutyjthaerG|102|1082\n|teamsize|p1|6\n|teamsize|p2|6\n|gen|9\n|tier|[Gen 9] Random Battle\n|rated|\n|rule|Species Clause: Limit one of each Pok\u00e9mon\n|rule|HP Percentage Mod: HP is shown in percentages\n|rule|Sleep Clause Mod: Limit one foe put to sleep\n|rule|Illusion Level Mod: Illusion disguises the Pok\u00e9mon's true level\n|\n|t:|1732961670\n|start\n|switch|p1a: Iron Hands|Iron Hands, L79|373/373\n|switch|p2a: Sceptile|Sceptile, L87, F|264/264\n|turn|1\n|inactive|Battle timer is ON: inactive players will automatically lose when time's up. (requested by kutyjthaerG)\n|\n|t:|1732961690\n|move|p1a: Iron Hands|Fake Out|p2a: Sceptile\n|-damage|p2a: Sceptile|222/264\n|cant|p2a: Sceptile|flinch\n|\n|upkeep\n|turn|2\n|\n|t:|1732961695\n|move|p2a: Sceptile|Shed Tail|p2a: Sceptile\n|-start|p2a: Sceptile|Substitute|[from] move: Shed Tail\n|-damage|p2a: Sceptile|90/264\n|\n|t:|1732961698\n|switch|p2a: Latios|Latios, L78, M|253/253|[from] Shed Tail\n|move|p1a: Iron Hands|Close Combat|p2a: Latios\n|-resisted|p2a: Latios\n|-end|p2a: Latios|Substitute\n|-unboost|p1a: Iron Hands|def|1\n|-unboost|p1a: Iron Hands|spd|1\n|\n|upkeep\n|turn|3\n|\n|t:|1732961707\n|-end|p1a: Iron Hands|Quark Drive|[silent]\n|switch|p1a: Shiftry|Shiftry, L89, M|305/305\n|move|p2a: Latios|Calm Mind|p2a: Latios\n|-boost|p2a: Latios|spa|1\n|-boost|p2a: Latios|spd|1\n|\n|upkeep\n|turn|4\n|\n|t:|1732961714\n|move|p1a: Shiftry|Sucker Punch|p2a: Latios\n|-supereffective|p2a: Latios\n|-damage|p2a: Latios|55/253\n|move|p2a: Latios|Aura Sphere|p1a: Shiftry\n|-supereffective|p1a: Shiftry\n|-damage|p1a: Shiftry|91/305\n|\n|upkeep\n|turn|5\n|\n|t:|1732961724\n|switch|p2a: Cinderace|Cinderace, L77, F|249/249\n|move|p1a: Shiftry|Sucker Punch||[still]\n|-fail|p1a: Shiftry\n|\n|upkeep\n|turn|6\n|\n|t:|1732961729\n|move|p1a: Shiftry|Sucker Punch|p2a: Cinderace\n|-damage|p2a: Cinderace|149/249\n|move|p2a: Cinderace|Pyro Ball|p1a: Shiftry\n|-supereffective|p1a: Shiftry\n|-damage|p1a: Shiftry|0 fnt\n|faint|p1a: Shiftry\n|\n|upkeep\n|\n|t:|1732961736\n|switch|p1a: Landorus|Landorus, L75, M|257/257\n|turn|7\n|\n|t:|1732961745\n|switch|p2a: Vaporeon|Vaporeon, L86, M|364/364\n|move|p1a: Landorus|Rock Slide|p2a: Vaporeon\n|-damage|p2a: Vaporeon|244/364\n|\n|-heal|p2a: Vaporeon|266/364|[from] item: Leftovers\n|upkeep\n|turn|8\n|\n|t:|1732961753\n|switch|p1a: Iron Hands|Iron Hands, L79|373/373\n|move|p2a: Vaporeon|Protect||[still]\n|-fail|p2a: Vaporeon\n|\n|-heal|p2a: Vaporeon|288/364|[from] item: Leftovers\n|upkeep\n|turn|9\n|\n|t:|1732961761\n|switch|p2a: Sceptile|Sceptile, L87, F|90/264\n|move|p1a: Iron Hands|Thunder Punch|p2a: Sceptile\n|-resisted|p2a: Sceptile\n|-damage|p2a: Sceptile|35/264\n|\n|upkeep\n|turn|10\n|\n|t:|1732961770\n|move|p2a: Sceptile|Earthquake|p1a: Iron Hands\n|-supereffective|p1a: Iron Hands\n|-damage|p1a: Iron Hands|207/373\n|-damage|p2a: Sceptile|9/264|[from] item: Life Orb\n|move|p1a: Iron Hands|Close Combat|p2a: Sceptile\n|-damage|p2a: Sceptile|0 fnt\n|-unboost|p1a: Iron Hands|def|1\n|-unboost|p1a: Iron Hands|spd|1\n|faint|p2a: Sceptile\n|\n|upkeep\n|\n|t:|1732961780\n|switch|p2a: Latios|Latios, L78, M|55/253\n|turn|11\n|\n|t:|1732961784\n|-end|p1a: Iron Hands|Quark Drive|[silent]\n|switch|p1a: Comfey|Comfey, L85, M|225/225\n|move|p2a: Latios|Luster Purge|p1a: Comfey\n|-damage|p1a: Comfey|108/225\n|\n|-heal|p1a: Comfey|122/225|[from] item: Leftovers\n|upkeep\n|turn|12\n|\n|t:|1732961792\n|switch|p2a: Vaporeon|Vaporeon, L86, M|288/364\n|move|p1a: Comfey|Draining Kiss|p2a: Vaporeon\n|-damage|p2a: Vaporeon|243/364\n|-heal|p1a: Comfey|156/225|[from] drain|[of] p2a: Vaporeon\n|\n|-heal|p1a: Comfey|170/225|[from] item: Leftovers\n|-heal|p2a: Vaporeon|265/364|[from] item: Leftovers\n|upkeep\n|turn|13\n|\n|t:|1732961801\n|move|p1a: Comfey|Calm Mind|p1a: Comfey\n|-boost|p1a: Comfey|spa|1\n|-boost|p1a: Comfey|spd|1\n|move|p2a: Vaporeon|Calm Mind|p2a: Vaporeon\n|-boost|p2a: Vaporeon|spa|1\n|-boost|p2a: Vaporeon|spd|1\n|\n|-heal|p1a: Comfey|184/225|[from] item: Leftovers\n|-heal|p2a: Vaporeon|287/364|[from] item: Leftovers\n|upkeep\n|turn|14\n|\n|t:|1732961809\n|move|p1a: Comfey|Calm Mind|p1a: Comfey\n|-boost|p1a: Comfey|spa|1\n|-boost|p1a: Comfey|spd|1\n|move|p2a: Vaporeon|Calm Mind|p2a: Vaporeon\n|-boost|p2a: Vaporeon|spa|1\n|-boost|p2a: Vaporeon|spd|1\n|\n|-heal|p1a: Comfey|198/225|[from] item: Leftovers\n|-heal|p2a: Vaporeon|309/364|[from] item: Leftovers\n|upkeep\n|turn|15\n|\n|t:|1732961817\n|move|p1a: Comfey|Calm Mind|p1a: Comfey\n|-boost|p1a: Comfey|spa|1\n|-boost|p1a: Comfey|spd|1\n|move|p2a: Vaporeon|Calm Mind|p2a: Vaporeon\n|-boost|p2a: Vaporeon|spa|1\n|-boost|p2a: Vaporeon|spd|1\n|\n|-heal|p1a: Comfey|212/225|[from] item: Leftovers\n|-heal|p2a: Vaporeon|331/364|[from] item: Leftovers\n|upkeep\n|turn|16\n|\n|t:|1732961825\n|move|p1a: Comfey|Calm Mind|p1a: Comfey\n|-boost|p1a: Comfey|spa|1\n|-boost|p1a: Comfey|spd|1\n|move|p2a: Vaporeon|Calm Mind|p2a: Vaporeon\n|-boost|p2a: Vaporeon|spa|1\n|-boost|p2a: Vaporeon|spd|1\n|\n|-heal|p1a: Comfey|225/225|[from] item: Leftovers\n|-heal|p2a: Vaporeon|353/364|[from] item: Leftovers\n|upkeep\n|turn|17\n|\n|t:|1732961834\n|move|p1a: Comfey|Calm Mind|p1a: Comfey\n|-boost|p1a: Comfey|spa|1\n|-boost|p1a: Comfey|spd|1\n|move|p2a: Vaporeon|Calm Mind|p2a: Vaporeon\n|-boost|p2a: Vaporeon|spa|1\n|-boost|p2a: Vaporeon|spd|1\n|\n|-heal|p2a: Vaporeon|364/364|[from] item: Leftovers\n|upkeep\n|turn|18\n|\n|t:|1732961841\n|move|p1a: Comfey|Calm Mind|p1a: Comfey\n|-boost|p1a: Comfey|spa|1\n|-boost|p1a: Comfey|spd|1\n|move|p2a: Vaporeon|Calm Mind|p2a: Vaporeon\n|-boost|p2a: Vaporeon|spa|1\n|-boost|p2a: Vaporeon|spd|1\n|\n|upkeep\n|turn|19\n|\n|t:|1732961847\n|move|p1a: Comfey|Giga Drain|p2a: Vaporeon\n|-supereffective|p2a: Vaporeon\n|-damage|p2a: Vaporeon|276/364\n|move|p2a: Vaporeon|Wish|p2a: Vaporeon\n|\n|-heal|p2a: Vaporeon|298/364|[from] item: Leftovers\n|upkeep\n|turn|20\n|\n|t:|1732961852\n|move|p1a: Comfey|Giga Drain|p2a: Vaporeon\n|-supereffective|p2a: Vaporeon\n|-damage|p2a: Vaporeon|206/364\n|move|p2a: Vaporeon|Scald|p1a: Comfey\n|-damage|p1a: Comfey|149/225\n|-status|p1a: Comfey|brn\n|\n|-heal|p2a: Vaporeon|364/364|[from] move: Wish|[wisher] Vaporeon\n|-heal|p1a: Comfey|163/225 brn|[from] item: Leftovers\n|-damage|p1a: Comfey|149/225 brn|[from] brn\n|upkeep\n|turn|21\n|\n|t:|1732961863\n|move|p1a: Comfey|Stored Power|p2a: Vaporeon\n|-damage|p2a: Vaporeon|201/364\n|move|p2a: Vaporeon|Scald|p1a: Comfey\n|-damage|p1a: Comfey|64/225 brn\n|\n|-heal|p1a: Comfey|78/225 brn|[from] item: Leftovers\n|-heal|p2a: Vaporeon|223/364|[from] item: Leftovers\n|-damage|p1a: Comfey|64/225 brn|[from] brn\n|upkeep\n|turn|22\n|\n|t:|1732961873\n|move|p1a: Comfey|Giga Drain|p2a: Vaporeon\n|-supereffective|p2a: Vaporeon\n|-damage|p2a: Vaporeon|131/364\n|-heal|p1a: Comfey|110/225 brn|[from] drain|[of] p2a: Vaporeon\n|move|p2a: Vaporeon|Wish|p2a: Vaporeon\n|\n|-heal|p1a: Comfey|124/225 brn|[from] item: Leftovers\n|-heal|p2a: Vaporeon|153/364|[from] item: Leftovers\n|-damage|p1a: Comfey|110/225 brn|[from] brn\n|upkeep\n|turn|23\n|\n|t:|1732961881\n|move|p2a: Vaporeon|Protect|p2a: Vaporeon\n|-singleturn|p2a: Vaporeon|Protect\n|move|p1a: Comfey|Stored Power|p2a: Vaporeon\n|-activate|p2a: Vaporeon|move: Protect\n|\n|-heal|p2a: Vaporeon|335/364|[from] move: Wish|[wisher] Vaporeon\n|-heal|p1a: Comfey|124/225 brn|[from] item: Leftovers\n|-heal|p2a: Vaporeon|357/364|[from] item: Leftovers\n|-damage|p1a: Comfey|110/225 brn|[from] brn\n|upkeep\n|turn|24\n|\n|t:|1732961891\n|move|p1a: Comfey|Giga Drain|p2a: Vaporeon\n|-supereffective|p2a: Vaporeon\n|-damage|p2a: Vaporeon|267/364\n|-heal|p1a: Comfey|155/225 brn|[from] drain|[of] p2a: Vaporeon\n|move|p2a: Vaporeon|Scald|p1a: Comfey\n|-damage|p1a: Comfey|73/225 brn\n|\n|-heal|p1a: Comfey|87/225 brn|[from] item: Leftovers\n|-heal|p2a: Vaporeon|289/364|[from] item: Leftovers\n|-damage|p1a: Comfey|73/225 brn|[from] brn\n|upkeep\n|turn|25\n|\n|t:|1732961902\n|move|p1a: Comfey|Giga Drain|p2a: Vaporeon\n|-supereffective|p2a: Vaporeon\n|-crit|p2a: Vaporeon\n|-damage|p2a: Vaporeon|0 fnt\n|-heal|p1a: Comfey|218/225 brn|[from] drain|[of] p2a: Vaporeon\n|faint|p2a: Vaporeon\n|\n|-heal|p1a: Comfey|225/225 brn|[from] item: Leftovers\n|-damage|p1a: Comfey|211/225 brn|[from] brn\n|upkeep\n|-message|kutyjthaerG forfeited.\n|\n|win|Princess Clover\n|raw|Princess Clover's rating: 1067 &rarr; <strong>1098</strong><br />(+31 for winning)\n|raw|kutyjthaerG's rating: 1082 &rarr; <strong>1059</strong><br />(-23 for losing)\n|l|\u2606kutyjthaerG\n|player|p2|\n", "inputlog": ">version b107d77f5c90bd6555267ae244a6264823309ead\n>start {\"formatid\":\"gen9randombattle\",\"seed\":[38986,57494,44460,33836],\"rated\":\"Rated battle\"}\n>player p1 {\"name\":\"Princess Clover\",\"avatar\":\"sonia-masters\",\"rating\":1067,\"seed\":[51158,10760,17881,46582]}\n>player p2 {\"name\":\"kutyjthaerG\",\"avatar\":\"102\",\"rating\":1082,\"seed\":[44125,64395,65083,18474]}\n>p1 move fakeout\n>p2 move shedtail\n>p1 move closecombat\n>p2 move shedtail\n>p2 switch 3\n>p1 switch 2\n>p2 move calmmind\n>p1 move suckerpunch\n>p2 move aurasphere\n>p1 move suckerpunch\n>p2 switch 6\n>p1 move suckerpunch\n>p2 move pyroball\n>p1 switch 6\n>p1 move rockslide\n>p2 switch 5\n>p1 switch 2\n>p2 move protect\n>p1 move thunderpunch\n>p2 switch 3\n>p1 move closecombat\n>p2 move earthquake\n>p2 switch 6\n>p1 switch 4\n>p2 move lusterpurge\n>p1 move drainingkiss\n>p2 switch 3\n>p1 move calmmind\n>p2 move calmmind\n>p1 move calmmind\n>p2 move calmmind\n>p1 move calmmind\n>p2 move calmmind\n>p1 move calmmind\n>p2 move calmmind\n>p1 move calmmind\n>p2 move calmmind\n>p1 move calmmind\n>p2 move calmmind\n>p1 move gigadrain\n>p2 move wish\n>p1 move gigadrain\n>p2 move scald\n>p1 move storedpower\n>p2 move scald\n>p1 move gigadrain\n>p2 move wish\n>p1 move storedpower\n>p2 move protect\n>p1 move gigadrain\n>p2 move scald\n>p1 move gigadrain\n>p2 move scald\n>forcelose p2", "uploadtime": 1732961956, "views": 1, "formatid": "gen9randombattle", "rating": 1059, "private": 0, "password": null}