{"id": "gen9randombattle-2254179589", "format": "[Gen 9] Random Battle", "players": ["UziBoii", "TossedOnYourNeck"], "log": "|j|\u2606UziBoii\n|j|\u2606TossedOnYourNeck\n|t:|1733001079\n|gametype|singles\n|player|p1|UziBoii|ethan|1618\n|player|p2|TossedOnYourNeck|2|1646\n|teamsize|p1|6\n|teamsize|p2|6\n|gen|9\n|tier|[Gen 9] Random Battle\n|rated|\n|rule|Species Clause: Limit one of each Pok\u00e9mon\n|rule|HP Percentage Mod: HP is shown in percentages\n|rule|Sleep Clause Mod: Limit one foe put to sleep\n|rule|Illusion Level Mod: Illusion disguises the Pok\u00e9mon's true level\n|\n|t:|1733001079\n|start\n|switch|p1a: Galvantula|Galvantula, L82, M|249/249\n|switch|p2a: Giratina|Giratina-Origin, L72|335/335\n|turn|1\n|inactive|Battle timer is ON: inactive players will automatically lose when time's up. (requested by UziBoii)\n|\n|t:|1733001092\n|move|p1a: Galvantula|Sticky Web|p2a: Giratina\n|-sidestart|p2: TossedOnYourNeck|move: Sticky Web\n|move|p2a: Giratina|Poltergeist|p1a: Galvantula\n|-activate|p1a: Galvantula|move: Poltergeist|Focus Sash\n|-damage|p1a: Galvantula|95/249\n|\n|upkeep\n|turn|2\n|\n|t:|1733001098\n|move|p1a: Galvantula|Volt Switch|p2a: Giratina\n|-resisted|p2a: Giratina\n|-damage|p2a: Giratina|298/335\n|\n|t:|1733001105\n|switch|p1a: Venusaur|Venusaur, L84, F|272/272|[from] Volt Switch\n|move|p2a: Giratina|Poltergeist|p1a: Venusaur\n|-activate|p1a: Venusaur|move: Poltergeist|Leftovers\n|-damage|p1a: Venusaur|134/272\n|\n|-heal|p1a: Venusaur|151/272|[from] item: Leftovers\n|upkeep\n|turn|3\n|\n|t:|1733001118\n|switch|p2a: Brambleghast|Brambleghast, L88, M|240/240\n|-activate|p2a: Brambleghast|move: Sticky Web\n|-unboost|p2a: Brambleghast|spe|1\n|move|p1a: Venusaur|Leech Seed|p2a: Brambleghast\n|-immune|p2a: Brambleghast\n|\n|-heal|p1a: Venusaur|168/272|[from] item: Leftovers\n|upkeep\n|turn|4\n|\n|t:|1733001125\n|move|p1a: Venusaur|Sludge Bomb|p2a: Brambleghast\n|-damage|p2a: Brambleghast|123/240\n|-status|p2a: Brambleghast|psn\n|move|p2a: Brambleghast|Poltergeist|p1a: Venusaur\n|-activate|p1a: Venusaur|move: Poltergeist|Leftovers\n|-damage|p1a: Venusaur|5/272\n|\n|-heal|p1a: Venusaur|22/272|[from] item: Leftovers\n|-heal|p2a: Brambleghast|138/240 psn|[from] item: Leftovers\n|-damage|p2a: Brambleghast|108/240 psn|[from] psn\n|upkeep\n|turn|5\n|\n|t:|1733001134\n|move|p1a: Venusaur|Sludge Bomb|p2a: Brambleghast\n|-damage|p2a: Brambleghast|6/240 psn\n|move|p2a: Brambleghast|Spikes|p1a: Venusaur\n|-sidestart|p1: UziBoii|Spikes\n|\n|-heal|p1a: Venusaur|39/272|[from] item: Leftovers\n|-heal|p2a: Brambleghast|21/240 psn|[from] item: Leftovers\n|-damage|p2a: Brambleghast|0 fnt|[from] psn\n|faint|p2a: Brambleghast\n|upkeep\n|\n|t:|1733001141\n|switch|p2a: Gliscor|Gliscor, L76, M|239/239\n|turn|6\n|\n|t:|1733001145\n|move|p2a: Gliscor|Earthquake|p1a: Venusaur\n|-damage|p1a: Venusaur|0 fnt\n|faint|p1a: Venusaur\n|\n|-status|p2a: Gliscor|tox|[from] item: Toxic Orb\n|upkeep\n|\n|t:|1733001149\n|switch|p1a: Scyther|Scyther, L82, M|249/249\n|turn|7\n|\n|t:|1733001153\n|move|p1a: Scyther|Defog|p2a: Gliscor\n|-unboost|p2a: Gliscor|evasion|1\n|-sideend|p2: TossedOnYourNeck|Sticky Web|[from] move: Defog|[of] p1a: Scyther\n|-sideend|p1: UziBoii|Spikes|[from] move: Defog|[of] p1a: Scyther\n|move|p2a: Gliscor|Toxic|p1a: Scyther\n|-status|p1a: Scyther|tox\n|\n|-damage|p1a: Scyther|234/249 tox|[from] psn\n|upkeep\n|turn|8\n|\n|t:|1733001160\n|switch|p1a: Raikou|Raikou, L81|278/278\n|-ability|p1a: Raikou|Pressure\n|move|p2a: Gliscor|Protect||[still]\n|-fail|p2a: Gliscor\n|\n|upkeep\n|turn|9\n|\n|t:|1733001165\n|switch|p2a: Giratina|Giratina-Origin, L72|298/335\n|move|p1a: Raikou|Scald|p2a: Giratina\n|-resisted|p2a: Giratina\n|-damage|p2a: Giratina|268/335\n|-status|p2a: Giratina|brn\n|\n|-damage|p2a: Giratina|248/335 brn|[from] brn\n|upkeep\n|turn|10\n|\n|t:|1733001169\n|move|p1a: Raikou|Substitute|p1a: Raikou\n|-start|p1a: Raikou|Substitute\n|-damage|p1a: Raikou|209/278\n|move|p2a: Giratina|Poltergeist|p1a: Raikou\n|-activate|p1a: Raikou|move: Poltergeist|Leftovers\n|-crit|p1a: Raikou\n|-end|p1a: Raikou|Substitute\n|\n|-heal|p1a: Raikou|226/278|[from] item: Leftovers\n|-damage|p2a: Giratina|228/335 brn|[from] brn\n|upkeep\n|turn|11\n|\n|t:|1733001180\n|move|p1a: Raikou|Calm Mind|p1a: Raikou\n|-boost|p1a: Raikou|spa|1\n|-boost|p1a: Raikou|spd|1\n|move|p2a: Giratina|Poltergeist|p1a: Raikou\n|-activate|p1a: Raikou|move: Poltergeist|Leftovers\n|-damage|p1a: Raikou|149/278\n|\n|-heal|p1a: Raikou|166/278|[from] item: Leftovers\n|-damage|p2a: Giratina|208/335 brn|[from] brn\n|upkeep\n|turn|12\n|\n|t:|1733001184\n|move|p1a: Raikou|Scald|p2a: Giratina\n|-resisted|p2a: Giratina\n|-damage|p2a: Giratina|161/335 brn\n|move|p2a: Giratina|Will-O-Wisp|p1a: Raikou\n|-status|p1a: Raikou|brn\n|\n|-heal|p1a: Raikou|183/278 brn|[from] item: Leftovers\n|-damage|p1a: Raikou|166/278 brn|[from] brn\n|-damage|p2a: Giratina|141/335 brn|[from] brn\n|upkeep\n|turn|13\n|\n|t:|1733001196\n|switch|p2a: Illumise|Illumise, L91, F|266/266\n|move|p1a: Raikou|Substitute|p1a: Raikou\n|-start|p1a: Raikou|Substitute\n|-damage|p1a: Raikou|97/278 brn\n|\n|-heal|p1a: Raikou|114/278 brn|[from] item: Leftovers\n|-damage|p1a: Raikou|97/278 brn|[from] brn\n|upkeep\n|turn|14\n|\n|t:|1733001201\n|switch|p1a: Scyther|Scyther, L82, M|234/249 tox\n|move|p2a: Illumise|Encore||[still]\n|-fail|p2a: Illumise\n|\n|-damage|p1a: Scyther|219/249 tox|[from] psn\n|upkeep\n|turn|15\n|\n|t:|1733001206\n|switch|p2a: Gliscor|Gliscor, L76, M|239/239 tox\n|move|p1a: Scyther|Dual Wingbeat|p2a: Gliscor\n|-damage|p2a: Gliscor|178/239 tox\n|-damage|p2a: Gliscor|120/239 tox\n|-hitcount|p2a: Gliscor|2\n|\n|-damage|p1a: Scyther|189/249 tox|[from] psn\n|-heal|p2a: Gliscor|149/239 tox|[from] ability: Poison Heal\n|upkeep\n|turn|16\n|\n|t:|1733001215\n|move|p2a: Gliscor|Protect|p2a: Gliscor\n|-singleturn|p2a: Gliscor|Protect\n|move|p1a: Scyther|Dual Wingbeat|p2a: Gliscor\n|-activate|p2a: Gliscor|move: Protect\n|\n|-damage|p1a: Scyther|144/249 tox|[from] psn\n|-heal|p2a: Gliscor|178/239 tox|[from] ability: Poison Heal\n|upkeep\n|turn|17\n|\n|t:|1733001217\n|move|p1a: Scyther|Dual Wingbeat|p2a: Gliscor\n|-damage|p2a: Gliscor|118/239 tox\n|-damage|p2a: Gliscor|58/239 tox\n|-hitcount|p2a: Gliscor|2\n|move|p2a: Gliscor|U-turn|p1a: Scyther\n|-resisted|p1a: Scyther\n|-damage|p1a: Scyther|123/249 tox\n|\n|t:|1733001222\n|switch|p2a: Diancie|Diancie, L82|216/216|[from] U-turn\n|\n|-damage|p1a: Scyther|63/249 tox|[from] psn\n|upkeep\n|turn|18\n|\n|t:|1733001232\n|move|p1a: Scyther|U-turn|p2a: Diancie\n|-resisted|p2a: Diancie\n|-damage|p2a: Diancie|192/216\n|\n|t:|1733001233\n|switch|p1a: Raikou|Raikou, L81|97/278 brn|[from] U-turn\n|-ability|p1a: Raikou|Pressure\n|move|p2a: Diancie|Calm Mind|p2a: Diancie\n|-boost|p2a: Diancie|spa|1\n|-boost|p2a: Diancie|spd|1\n|\n|-heal|p1a: Raikou|114/278 brn|[from] item: Leftovers\n|-heal|p2a: Diancie|205/216|[from] item: Leftovers\n|-damage|p1a: Raikou|97/278 brn|[from] brn\n|upkeep\n|turn|19\n|\n|t:|1733001237\n|move|p1a: Raikou|Scald|p2a: Diancie\n|-supereffective|p2a: Diancie\n|-damage|p2a: Diancie|145/216\n|-status|p2a: Diancie|brn\n|move|p2a: Diancie|Draining Kiss|p1a: Raikou\n|-damage|p1a: Raikou|21/278 brn\n|-heal|p2a: Diancie|202/216 brn|[from] drain|[of] p1a: Raikou\n|\n|-heal|p1a: Raikou|38/278 brn|[from] item: Leftovers\n|-heal|p2a: Diancie|215/216 brn|[from] item: Leftovers\n|-damage|p1a: Raikou|21/278 brn|[from] brn\n|-damage|p2a: Diancie|202/216 brn|[from] brn\n|upkeep\n|turn|20\n|\n|t:|1733001247\n|move|p1a: Raikou|Scald|p2a: Diancie\n|-supereffective|p2a: Diancie\n|-damage|p2a: Diancie|150/216 brn\n|move|p2a: Diancie|Diamond Storm|p1a: Raikou\n|-damage|p1a: Raikou|0 fnt\n|-boost|p2a: Diancie|def|2\n|faint|p1a: Raikou\n|\n|-heal|p2a: Diancie|163/216 brn|[from] item: Leftovers\n|-damage|p2a: Diancie|150/216 brn|[from] brn\n|upkeep\n|\n|t:|1733001253\n|switch|p1a: Galvantula|Galvantula, L82, M|95/249\n|turn|21\n|\n|t:|1733001257\n|move|p1a: Galvantula|Sticky Web|p2a: Diancie\n|-sidestart|p2: TossedOnYourNeck|move: Sticky Web\n|move|p2a: Diancie|Diamond Storm|p1a: Galvantula\n|-supereffective|p1a: Galvantula\n|-damage|p1a: Galvantula|0 fnt\n|faint|p1a: Galvantula\n|\n|-heal|p2a: Diancie|163/216 brn|[from] item: Leftovers\n|-damage|p2a: Diancie|150/216 brn|[from] brn\n|upkeep\n|\n|t:|1733001260\n|switch|p1a: Dondozo|Dondozo, L78, M|362/362\n|turn|22\n|\n|t:|1733001275\n|switch|p2a: Giratina|Giratina-Origin, L72|141/335 brn\n|move|p1a: Dondozo|Curse|p1a: Dondozo\n|-unboost|p1a: Dondozo|spe|1\n|-boost|p1a: Dondozo|atk|1\n|-boost|p1a: Dondozo|def|1\n|\n|-damage|p2a: Giratina|121/335 brn|[from] brn\n|upkeep\n|turn|23\n|\n|t:|1733001278\n|move|p2a: Giratina|Defog|p1a: Dondozo\n|-unboost|p1a: Dondozo|evasion|1\n|-sideend|p2: TossedOnYourNeck|Sticky Web|[from] move: Defog|[of] p2a: Giratina\n|move|p1a: Dondozo|Curse|p1a: Dondozo\n|-unboost|p1a: Dondozo|spe|1\n|-boost|p1a: Dondozo|atk|1\n|-boost|p1a: Dondozo|def|1\n|\n|-damage|p2a: Giratina|101/335 brn|[from] brn\n|upkeep\n|turn|24\n|\n|t:|1733001281\n|move|p2a: Giratina|Will-O-Wisp|p1a: Dondozo\n|-status|p1a: Dondozo|brn\n|move|p1a: Dondozo|Curse|p1a: Dondozo\n|-unboost|p1a: Dondozo|spe|1\n|-boost|p1a: Dondozo|atk|1\n|-boost|p1a: Dondozo|def|1\n|\n|-damage|p2a: Giratina|81/335 brn|[from] brn\n|-damage|p1a: Dondozo|340/362 brn|[from] brn\n|upkeep\n|turn|25\n|\n|t:|1733001284\n|move|p2a: Giratina|Draco Meteor|p1a: Dondozo\n|-damage|p1a: Dondozo|163/362 brn\n|-unboost|p2a: Giratina|spa|2\n|move|p1a: Dondozo|Rest|p1a: Dondozo\n|-status|p1a: Dondozo|slp|[from] move: Rest\n|-heal|p1a: Dondozo|362/362 slp|[silent]\n|\n|-damage|p2a: Giratina|61/335 brn|[from] brn\n|upkeep\n|turn|26\n|\n|t:|1733001286\n|move|p2a: Giratina|Draco Meteor|p1a: Dondozo\n|-damage|p1a: Dondozo|157/362 slp\n|-unboost|p2a: Giratina|spa|2\n|cant|p1a: Dondozo|slp\n|move|p1a: Dondozo|Sleep Talk|p1a: Dondozo\n|move|p1a: Dondozo|Wave Crash|p2a: Giratina|[from]move: Sleep Talk\n|-resisted|p2a: Giratina\n|-damage|p2a: Giratina|0 fnt\n|faint|p2a: Giratina\n|-damage|p1a: Dondozo|137/362 slp|[from] Recoil\n|\n|-heal|p1a: Dondozo|159/362 slp|[from] item: Leftovers\n|upkeep\n|\n|t:|1733001290\n|switch|p2a: Illumise|Illumise, L91, F|266/266\n|turn|27\n|\n|t:|1733001291\n|switch|p1a: Scyther|Scyther, L82, M|63/249 tox\n|move|p2a: Illumise|Bug Buzz|p1a: Scyther\n|-resisted|p1a: Scyther\n|-damage|p1a: Scyther|17/249 tox\n|\n|-damage|p1a: Scyther|2/249 tox|[from] psn\n|upkeep\n|turn|28\n|\n|t:|1733001298\n|switch|p2a: Diancie|Diancie, L82|150/216 brn\n|move|p1a: Scyther|Dual Wingbeat|p2a: Diancie\n|-resisted|p2a: Diancie\n|-crit|p2a: Diancie\n|-damage|p2a: Diancie|114/216 brn\n|-resisted|p2a: Diancie\n|-damage|p2a: Diancie|93/216 brn\n|-hitcount|p2a: Diancie|2\n|\n|-heal|p2a: Diancie|106/216 brn|[from] item: Leftovers\n|-damage|p1a: Scyther|0 fnt|[from] psn\n|faint|p1a: Scyther\n|-damage|p2a: Diancie|93/216 brn|[from] brn\n|upkeep\n|\n|t:|1733001301\n|switch|p1a: Dondozo|Dondozo, L78, M|159/362 slp\n|turn|29\n|\n|t:|1733001305\n|move|p2a: Diancie|Earth Power|p1a: Dondozo\n|-damage|p1a: Dondozo|73/362 slp\n|cant|p1a: Dondozo|slp\n|move|p1a: Dondozo|Sleep Talk|p1a: Dondozo\n|move|p1a: Dondozo|Wave Crash|p2a: Diancie|[from]move: Sleep Talk\n|-supereffective|p2a: Diancie\n|-damage|p2a: Diancie|0 fnt\n|faint|p2a: Diancie\n|-damage|p1a: Dondozo|42/362 slp|[from] Recoil\n|\n|-heal|p1a: Dondozo|64/362 slp|[from] item: Leftovers\n|upkeep\n|\n|t:|1733001309\n|switch|p2a: Illumise|Illumise, L91, F|266/266\n|turn|30\n|\n|t:|1733001316\n|-terastallize|p1a: Dondozo|Fairy\n|move|p2a: Illumise|Bug Buzz|p1a: Dondozo\n|-resisted|p1a: Dondozo\n|-damage|p1a: Dondozo|3/362 slp\n|-curestatus|p1a: Dondozo|slp|[msg]\n|move|p1a: Dondozo|Rest|p1a: Dondozo\n|-status|p1a: Dondozo|slp|[from] move: Rest\n|-heal|p1a: Dondozo|362/362 slp|[silent]\n|\n|upkeep\n|turn|31\n|\n|t:|1733001321\n|switch|p1a: Hawlucha|Hawlucha, L80, F|256/256\n|move|p2a: Illumise|Encore||[still]\n|-fail|p2a: Illumise\n|\n|upkeep\n|turn|32\n|\n|t:|1733001324\n|switch|p1a: Dondozo|Dondozo, L78, M, tera:Fairy|362/362 slp\n|move|p2a: Illumise|Thunder Wave||[still]\n|-fail|p2a: Illumise\n|\n|upkeep\n|turn|33\n|\n|t:|1733001326\n|move|p2a: Illumise|Bug Buzz|p1a: Dondozo\n|-resisted|p1a: Dondozo\n|-damage|p1a: Dondozo|304/362 slp\n|cant|p1a: Dondozo|slp\n|move|p1a: Dondozo|Sleep Talk|p1a: Dondozo\n|move|p1a: Dondozo|Curse|p1a: Dondozo|[from]move: Sleep Talk\n|-unboost|p1a: Dondozo|spe|1\n|-boost|p1a: Dondozo|atk|1\n|-boost|p1a: Dondozo|def|1\n|\n|-heal|p1a: Dondozo|326/362 slp|[from] item: Leftovers\n|upkeep\n|turn|34\n|\n|t:|1733001329\n|move|p2a: Illumise|Encore||[still]\n|-fail|p2a: Illumise\n|cant|p1a: Dondozo|slp\n|move|p1a: Dondozo|Sleep Talk|p1a: Dondozo\n|move|p1a: Dondozo|Curse|p1a: Dondozo|[from]move: Sleep Talk\n|-unboost|p1a: Dondozo|spe|1\n|-boost|p1a: Dondozo|atk|1\n|-boost|p1a: Dondozo|def|1\n|\n|-heal|p1a: Dondozo|348/362 slp|[from] item: Leftovers\n|upkeep\n|turn|35\n|\n|t:|1733001334\n|switch|p2a: Araquanid|Araquanid, L82, F|246/246\n|-curestatus|p1a: Dondozo|slp|[msg]\n|move|p1a: Dondozo|Wave Crash|p2a: Araquanid\n|-resisted|p2a: Araquanid\n|-damage|p2a: Araquanid|132/246\n|-damage|p1a: Dondozo|310/362|[from] Recoil\n|\n|-heal|p1a: Dondozo|332/362|[from] item: Leftovers\n|upkeep\n|turn|36\n|\n|t:|1733001337\n|move|p2a: Araquanid|Liquidation|p1a: Dondozo\n|-damage|p1a: Dondozo|278/362\n|move|p1a: Dondozo|Curse|p1a: Dondozo\n|-unboost|p1a: Dondozo|spe|1\n|-boost|p1a: Dondozo|atk|1\n|-boost|p1a: Dondozo|def|1\n|\n|-heal|p1a: Dondozo|300/362|[from] item: Leftovers\n|upkeep\n|turn|37\n|\n|t:|1733001340\n|move|p2a: Araquanid|Liquidation|p1a: Dondozo\n|-damage|p1a: Dondozo|254/362\n|move|p1a: Dondozo|Curse|p1a: Dondozo\n|-unboost|p1a: Dondozo|spe|1\n|-boost|p1a: Dondozo|atk|1\n|-boost|p1a: Dondozo|def|1\n|\n|-heal|p1a: Dondozo|276/362|[from] item: Leftovers\n|upkeep\n|turn|38\n|\n|t:|1733001344\n|move|p2a: Araquanid|Liquidation|p1a: Dondozo\n|-crit|p1a: Dondozo\n|-damage|p1a: Dondozo|102/362\n|move|p1a: Dondozo|Curse|p1a: Dondozo\n|-unboost|p1a: Dondozo|spe|1\n|-boost|p1a: Dondozo|atk|1\n|-boost|p1a: Dondozo|def|1\n|\n|-heal|p1a: Dondozo|124/362|[from] item: Leftovers\n|upkeep\n|turn|39\n|\n|t:|1733001346\n|move|p2a: Araquanid|Liquidation|p1a: Dondozo\n|-damage|p1a: Dondozo|90/362\n|-unboost|p1a: Dondozo|def|1\n|move|p1a: Dondozo|Rest|p1a: Dondozo\n|-status|p1a: Dondozo|slp|[from] move: Rest\n|-heal|p1a: Dondozo|362/362 slp|[silent]\n|\n|upkeep\n|turn|40\n|\n|t:|1733001348\n|move|p2a: Araquanid|Liquidation|p1a: Dondozo\n|-damage|p1a: Dondozo|323/362 slp\n|cant|p1a: Dondozo|slp\n|move|p1a: Dondozo|Sleep Talk|p1a: Dondozo\n|move|p1a: Dondozo|Rest||[from]move: Sleep Talk|[still]\n|-fail|p1a: Dondozo\n|\n|-heal|p1a: Dondozo|345/362 slp|[from] item: Leftovers\n|upkeep\n|turn|41\n|\n|t:|1733001350\n|move|p2a: Araquanid|Liquidation|p1a: Dondozo\n|-damage|p1a: Dondozo|309/362 slp\n|cant|p1a: Dondozo|slp\n|move|p1a: Dondozo|Sleep Talk|p1a: Dondozo\n|move|p1a: Dondozo|Rest||[from]move: Sleep Talk|[still]\n|-fail|p1a: Dondozo\n|\n|-heal|p1a: Dondozo|331/362 slp|[from] item: Leftovers\n|upkeep\n|turn|42\n|\n|t:|1733001352\n|move|p2a: Araquanid|Liquidation|p1a: Dondozo\n|-damage|p1a: Dondozo|291/362 slp\n|-curestatus|p1a: Dondozo|slp|[msg]\n|move|p1a: Dondozo|Curse|p1a: Dondozo\n|-unboost|p1a: Dondozo|spe|1\n|-boost|p1a: Dondozo|atk|1\n|-boost|p1a: Dondozo|def|1\n|\n|-heal|p1a: Dondozo|313/362|[from] item: Leftovers\n|upkeep\n|turn|43\n|\n|t:|1733001354\n|move|p2a: Araquanid|Liquidation|p1a: Dondozo\n|-damage|p1a: Dondozo|280/362\n|move|p1a: Dondozo|Wave Crash|p2a: Araquanid\n|-resisted|p2a: Araquanid\n|-damage|p2a: Araquanid|0 fnt\n|faint|p2a: Araquanid\n|-damage|p1a: Dondozo|236/362|[from] Recoil\n|\n|-heal|p1a: Dondozo|258/362|[from] item: Leftovers\n|upkeep\n|-message|TossedOnYourNeck forfeited.\n|\n|win|UziBoii\n|raw|UziBoii's rating: 1618 &rarr; <strong>1640</strong><br />(+22 for winning)\n|raw|TossedOnYourNeck's rating: 1646 &rarr; <strong>1624</strong><br />(-22 for losing)\n|l|\u2606TossedOnYourNeck\n|player|p2|\n", "inputlog": ">version b107d77f5c90bd6555267ae244a6264823309ead\n>start {\"formatid\":\"gen9randombattle\",\"seed\":[32323,47906,9114,9143],\"rated\":\"Rated battle\"}\n>player p1 {\"name\":\"UziBoii\",\"avatar\":\"ethan\",\"rating\":1618,\"seed\":[59403,64330,63182,6974]}\n>player p2 {\"name\":\"TossedOnYourNeck\",\"avatar\":\"2\",\"rating\":1646,\"seed\":[24514,47134,21949,22091]}\n>p1 move stickyweb\n>p2 move poltergeist\n>p1 move voltswitch\n>p2 move poltergeist\n>p1 switch 6\n>p1 move leechseed\n>p2 switch 3\n>p1 move sludgebomb\n>p2 move poltergeist\n>p1 move sludgebomb\n>p2 move spikes\n>p2 switch 4\n>p1 move leechseed\n>p2 move earthquake\n>p1 switch 2\n>p1 move defog\n>p2 move toxic\n>p1 switch 4\n>p2 move protect\n>p1 move scald\n>p2 switch 3\n>p1 move substitute\n>p2 move poltergeist\n>p1 move calmmind\n>p2 move poltergeist\n>p1 move scald\n>p2 move willowisp\n>p1 move substitute\n>p2 switch 2\n>p1 switch 4\n>p2 move encore\n>p1 move dualwingbeat\n>p2 switch 3\n>p1 move dualwingbeat\n>p2 move protect\n>p1 move dualwingbeat\n>p2 move uturn\n>p2 switch 5\n>p1 move uturn\n>p2 move calmmind\n>p1 switch 4\n>p1 move scald\n>p2 move drainingkiss\n>p1 move scald\n>p2 move diamondstorm\n>p1 switch 6\n>p1 move stickyweb\n>p2 move diamondstorm\n>p1 switch 5\n>p1 move curse\n>p2 switch 2\n>p1 move curse\n>p2 move defog\n>p1 move curse\n>p2 move willowisp\n>p1 move rest\n>p2 move dracometeor\n>p1 move sleeptalk\n>p2 move dracometeor\n>p2 switch 3\n>p1 switch 4\n>p2 move bugbuzz\n>p1 move dualwingbeat\n>p2 switch 2\n>p1 switch 4\n>p1 move sleeptalk\n>p2 move earthpower\n>p2 switch 2\n>p1 move rest terastallize\n>p2 move bugbuzz\n>p1 switch 3\n>p2 move encore\n>p1 switch 3\n>p2 move thunderwave\n>p1 move sleeptalk\n>p2 move bugbuzz\n>p1 move sleeptalk\n>p2 move encore\n>p1 move wavecrash\n>p2 switch 6\n>p1 move curse\n>p2 move liquidation\n>p1 move curse\n>p2 move liquidation\n>p1 move curse\n>p2 move liquidation\n>p1 move rest\n>p2 move liquidation\n>p1 move sleeptalk\n>p2 move liquidation\n>p1 move sleeptalk\n>p2 move liquidation\n>p1 move curse\n>p2 move liquidation\n>p1 move wavecrash\n>p2 move liquidation\n>forcelose p2", "uploadtime": 1733001362, "views": 1, "formatid": "gen9randombattle", "rating": 1624, "private": 0, "password": null}