{"id": "gen9randombattle-2253893957", "format": "[Gen 9] Random Battle", "players": ["Gonai158", "Rafael henrilly"], "log": "|j|\u2606Gonai158\n|j|\u2606Rafael henrilly\n|t:|1732958184\n|gametype|singles\n|player|p1|Gonai158|101|1203\n|player|p2|Rafael henrilly|gambler|1220\n|teamsize|p1|6\n|teamsize|p2|6\n|gen|9\n|tier|[Gen 9] Random Battle\n|rated|\n|rule|Species Clause: Limit one of each Pok\u00e9mon\n|rule|HP Percentage Mod: HP is shown in percentages\n|rule|Sleep Clause Mod: Limit one foe put to sleep\n|rule|Illusion Level Mod: Illusion disguises the Pok\u00e9mon's true level\n|\n|t:|1732958184\n|start\n|switch|p1a: Spectrier|Spectrier, L75|274/274\n|switch|p2a: Skuntank|Skuntank, L84, M|310/310\n|turn|1\n|\n|t:|1732958203\n|move|p1a: Spectrier|Will-O-Wisp|p2a: Skuntank\n|-status|p2a: Skuntank|brn\n|move|p2a: Skuntank|Knock Off|p1a: Spectrier\n|-supereffective|p1a: Spectrier\n|-damage|p1a: Spectrier|138/274\n|-enditem|p1a: Spectrier|Life Orb|[from] move: Knock Off|[of] p2a: Skuntank\n|\n|-damage|p2a: Skuntank|291/310 brn|[from] brn\n|upkeep\n|turn|2\n|\n|t:|1732958213\n|move|p1a: Spectrier|Dark Pulse|p2a: Skuntank\n|-resisted|p2a: Skuntank\n|-damage|p2a: Skuntank|263/310 brn\n|move|p2a: Skuntank|Knock Off|p1a: Spectrier\n|-supereffective|p1a: Spectrier\n|-damage|p1a: Spectrier|33/274\n|\n|-damage|p2a: Skuntank|244/310 brn|[from] brn\n|upkeep\n|turn|3\n|\n|t:|1732958224\n|switch|p1a: Enamorus|Enamorus-Therian, L83, F|259/259\n|move|p2a: Skuntank|Sucker Punch||[still]\n|-fail|p2a: Skuntank\n|\n|-damage|p2a: Skuntank|225/310 brn|[from] brn\n|upkeep\n|turn|4\n|inactive|Battle timer is ON: inactive players will automatically lose when time's up. (requested by Gonai158)\n|\n|t:|1732958243\n|-terastallize|p2a: Skuntank|Poison\n|move|p2a: Skuntank|Gunk Shot|p1a: Enamorus\n|-supereffective|p1a: Enamorus\n|-damage|p1a: Enamorus|129/259\n|-status|p1a: Enamorus|psn\n|-enditem|p1a: Enamorus|Weakness Policy\n|-boost|p1a: Enamorus|atk|2|[from] item: Weakness Policy\n|-boost|p1a: Enamorus|spa|2|[from] item: Weakness Policy\n|move|p1a: Enamorus|Earth Power|p2a: Skuntank\n|-supereffective|p2a: Skuntank\n|-damage|p2a: Skuntank|0 fnt\n|faint|p2a: Skuntank\n|\n|-damage|p1a: Enamorus|97/259 psn|[from] psn\n|upkeep\n|\n|t:|1732958259\n|switch|p2a: Sandy Shocks|Sandy Shocks, L80|267/267\n|turn|5\n|\n|t:|1732958276\n|move|p2a: Sandy Shocks|Thunderbolt|p1a: Enamorus\n|-supereffective|p1a: Enamorus\n|-damage|p1a: Enamorus|0 fnt\n|faint|p1a: Enamorus\n|\n|upkeep\n|\n|t:|1732958297\n|switch|p1a: Lilligant|Lilligant-Hisui, L79, F|240/240\n|turn|6\n|inactive|Gonai158 has 120 seconds left.\n|\n|t:|1732958319\n|move|p1a: Lilligant|Close Combat|p2a: Sandy Shocks|[miss]\n|-miss|p1a: Lilligant|p2a: Sandy Shocks\n|move|p2a: Sandy Shocks|Volt Switch|p1a: Lilligant\n|-resisted|p1a: Lilligant\n|-damage|p1a: Lilligant|190/240\n|\n|t:|1732958329\n|-end|p2a: Sandy Shocks|Protosynthesis|[silent]\n|switch|p2a: Kilowattrel|Kilowattrel, L83, M|252/252|[from] Volt Switch\n|\n|upkeep\n|turn|7\n|inactive|Gonai158 has 120 seconds left.\n|\n|t:|1732958348\n|switch|p1a: Spectrier|Spectrier, L75|33/274\n|move|p2a: Kilowattrel|Hurricane|p1a: Spectrier\n|-damage|p1a: Spectrier|0 fnt\n|faint|p1a: Spectrier\n|\n|upkeep\n|\n|t:|1732958360\n|switch|p1a: Iron Treads|Iron Treads, L77|265/265\n|turn|8\n|\n|t:|1732958371\n|move|p2a: Kilowattrel|U-turn|p1a: Iron Treads\n|-resisted|p1a: Iron Treads\n|-damage|p1a: Iron Treads|248/265\n|\n|t:|1732958383\n|switch|p2a: Floatzel|Floatzel, L85, F|283/283|[from] U-turn\n|move|p1a: Iron Treads|Knock Off|p2a: Floatzel\n|-damage|p2a: Floatzel|196/283\n|-enditem|p2a: Floatzel|Leftovers|[from] move: Knock Off|[of] p1a: Iron Treads\n|\n|upkeep\n|turn|9\n|inactive|Gonai158 has 120 seconds left.\n|\n|t:|1732958409\n|-end|p1a: Iron Treads|Quark Drive|[silent]\n|switch|p1a: Metagross|Metagross, L79|256/256\n|move|p2a: Floatzel|Bulk Up|p2a: Floatzel\n|-boost|p2a: Floatzel|atk|1\n|-boost|p2a: Floatzel|def|1\n|\n|upkeep\n|turn|10\n|\n|t:|1732958418\n|move|p2a: Floatzel|Crunch|p1a: Metagross\n|-supereffective|p1a: Metagross\n|-damage|p1a: Metagross|104/256\n|-enditem|p1a: Metagross|Weakness Policy\n|-boost|p1a: Metagross|atk|2|[from] item: Weakness Policy\n|-boost|p1a: Metagross|spa|2|[from] item: Weakness Policy\n|move|p1a: Metagross|Agility|p1a: Metagross\n|-boost|p1a: Metagross|spe|2\n|\n|upkeep\n|turn|11\n|inactive|Gonai158 has 120 seconds left.\n|\n|t:|1732958433\n|-terastallize|p1a: Metagross|Ground\n|move|p1a: Metagross|Earthquake|p2a: Floatzel\n|-damage|p2a: Floatzel|0 fnt\n|faint|p2a: Floatzel\n|\n|upkeep\n|\n|t:|1732958450\n|switch|p2a: Sandy Shocks|Sandy Shocks, L80|267/267\n|turn|12\n|\n|t:|1732958458\n|move|p1a: Metagross|Earthquake|p2a: Sandy Shocks\n|-supereffective|p2a: Sandy Shocks\n|-damage|p2a: Sandy Shocks|0 fnt\n|faint|p2a: Sandy Shocks\n|-end|p2a: Sandy Shocks|Protosynthesis|[silent]\n|\n|upkeep\n|\n|t:|1732958463\n|switch|p2a: Kilowattrel|Kilowattrel, L83, M|252/252\n|turn|13\n|\n|t:|1732958467\n|move|p1a: Metagross|Heavy Slam|p2a: Kilowattrel\n|-resisted|p2a: Kilowattrel\n|-damage|p2a: Kilowattrel|63/252\n|move|p2a: Kilowattrel|Hurricane|p1a: Metagross\n|-damage|p1a: Metagross|0 fnt\n|faint|p1a: Metagross\n|\n|upkeep\n|\n|t:|1732958477\n|switch|p1a: Iron Treads|Iron Treads, L77|248/265\n|turn|14\n|\n|t:|1732958485\n|move|p2a: Kilowattrel|Roost|p2a: Kilowattrel\n|-heal|p2a: Kilowattrel|189/252\n|-singleturn|p2a: Kilowattrel|move: Roost\n|move|p1a: Iron Treads|Iron Head|p2a: Kilowattrel\n|-resisted|p2a: Kilowattrel\n|-damage|p2a: Kilowattrel|133/252\n|\n|upkeep\n|turn|15\n|\n|t:|1732958494\n|move|p2a: Kilowattrel|U-turn|p1a: Iron Treads\n|-resisted|p1a: Iron Treads\n|-damage|p1a: Iron Treads|231/265\n|\n|t:|1732958500\n|switch|p2a: Komala|Komala, L89, F|260/260|[from] U-turn\n|-ability|p2a: Komala|Comatose\n|move|p1a: Iron Treads|Knock Off|p2a: Komala\n|-damage|p2a: Komala|179/260\n|-enditem|p2a: Komala|Choice Band|[from] move: Knock Off|[of] p1a: Iron Treads\n|\n|upkeep\n|turn|16\n|\n|t:|1732958515\n|move|p1a: Iron Treads|Earthquake|p2a: Komala\n|-damage|p2a: Komala|52/260\n|move|p2a: Komala|Wood Hammer|p1a: Iron Treads\n|-damage|p1a: Iron Treads|133/265\n|-damage|p2a: Komala|20/260|[from] Recoil\n|\n|upkeep\n|turn|17\n|\n|t:|1732958527\n|move|p1a: Iron Treads|Iron Head|p2a: Komala\n|-damage|p2a: Komala|0 fnt\n|faint|p2a: Komala\n|\n|upkeep\n|\n|t:|1732958533\n|switch|p2a: Mewtwo|Mewtwo, L72|272/272\n|-ability|p2a: Mewtwo|Unnerve\n|turn|18\n|\n|t:|1732958540\n|move|p2a: Mewtwo|Fire Blast|p1a: Iron Treads\n|-supereffective|p1a: Iron Treads\n|-damage|p1a: Iron Treads|0 fnt\n|faint|p1a: Iron Treads\n|-end|p1a: Iron Treads|Quark Drive|[silent]\n|-damage|p2a: Mewtwo|245/272|[from] item: Life Orb\n|\n|upkeep\n|\n|t:|1732958555\n|switch|p1a: Volcanion|Volcanion, L79|255/255\n|turn|19\n|\n|t:|1732958570\n|move|p2a: Mewtwo|Psystrike|p1a: Volcanion\n|-damage|p1a: Volcanion|138/255\n|-damage|p2a: Mewtwo|218/272|[from] item: Life Orb\n|move|p1a: Volcanion|Steam Eruption|p2a: Mewtwo\n|-damage|p2a: Mewtwo|65/272\n|\n|upkeep\n|turn|20\n|\n|t:|1732958582\n|move|p2a: Mewtwo|Recover|p2a: Mewtwo\n|-heal|p2a: Mewtwo|201/272\n|move|p1a: Volcanion|Flame Charge|p2a: Mewtwo\n|-damage|p2a: Mewtwo|141/272\n|-boost|p1a: Volcanion|spe|1\n|\n|upkeep\n|turn|21\n|\n|t:|1732958592\n|move|p1a: Volcanion|Steam Eruption|p2a: Mewtwo\n|-damage|p2a: Mewtwo|6/272\n|move|p2a: Mewtwo|Dark Pulse|p1a: Volcanion\n|-damage|p1a: Volcanion|86/255\n|-damage|p2a: Mewtwo|0 fnt|[from] item: Life Orb\n|faint|p2a: Mewtwo\n|\n|upkeep\n|\n|t:|1732958604\n|switch|p2a: Kilowattrel|Kilowattrel, L83, M|133/252\n|turn|22\n|\n|t:|1732958610\n|move|p2a: Kilowattrel|Thunderbolt|p1a: Volcanion\n|-supereffective|p1a: Volcanion\n|-damage|p1a: Volcanion|0 fnt\n|faint|p1a: Volcanion\n|\n|upkeep\n|\n|t:|1732958613\n|switch|p1a: Lilligant|Lilligant-Hisui, L79, F|190/240\n|turn|23\n|\n|t:|1732958626\n|move|p2a: Kilowattrel|Hurricane|p1a: Lilligant\n|-supereffective|p1a: Lilligant\n|-damage|p1a: Lilligant|0 fnt\n|faint|p1a: Lilligant\n|\n|win|Rafael henrilly\n|raw|Gonai158's rating: 1203 &rarr; <strong>1179</strong><br />(-24 for losing)\n|raw|Rafael henrilly's rating: 1220 &rarr; <strong>1244</strong><br />(+24 for winning)\n|l|\u2606Gonai158\n|player|p1|\n", "inputlog": ">version b107d77f5c90bd6555267ae244a6264823309ead\n>start {\"formatid\":\"gen9randombattle\",\"seed\":[42743,13355,14133,28036],\"rated\":\"Rated battle\"}\n>player p1 {\"name\":\"Gonai158\",\"avatar\":\"101\",\"rating\":1203,\"seed\":[62030,43406,56966,48994]}\n>player p2 {\"name\":\"Rafael henrilly\",\"avatar\":\"gambler\",\"rating\":1220,\"seed\":[47075,24502,20655,51037]}\n>p1 move willowisp\n>p2 move knockoff\n>p1 move darkpulse\n>p2 move knockoff\n>p1 switch 3\n>p2 move suckerpunch\n>p1 move earthpower\n>p2 move gunkshot terastallize\n>p2 switch 2\n>p1 move earthpower\n>p2 move thunderbolt\n>p1 switch 4\n>p1 move closecombat\n>p2 move voltswitch\n>p2 switch 3\n>p1 switch 3\n>p2 move hurricane\n>p1 switch 5\n>p1 move knockoff\n>p2 move uturn\n>p2 switch 6\n>p1 switch 2\n>p2 move bulkup\n>p1 move agility\n>p2 move crunch\n>p1 move earthquake terastallize\n>p2 move crunch\n>p2 switch 3\n>p1 move earthquake\n>p2 move earthpower\n>p2 switch 6\n>p1 move heavyslam\n>p2 move hurricane\n>p1 switch 2\n>p1 move ironhead\n>p2 move roost\n>p1 move knockoff\n>p2 move uturn\n>p2 switch 4\n>p1 move earthquake\n>p2 move woodhammer\n>p1 move ironhead\n>p2 move superpower\n>p2 switch 5\n>p1 move knockoff\n>p2 move fireblast\n>p1 switch 6\n>p1 move steameruption\n>p2 move psystrike\n>p1 move flamecharge\n>p2 move recover\n>p1 move steameruption\n>p2 move darkpulse\n>p2 switch 4\n>p1 move flamecharge\n>p2 move thunderbolt\n>p1 switch 3\n>p1 move icespinner\n>p2 move hurricane", "uploadtime": 1732958639, "views": 2, "formatid": "gen9randombattle", "rating": 1179, "private": 0, "password": null}