{"id": "gen9randombattle-2253905580", "format": "[Gen 9] Random Battle", "players": ["CertifiedRowletFan", "krit1"], "log": "|j|\u2606CertifiedRowletFan\n|j|\u2606krit1\n|t:|1732960780\n|gametype|singles\n|player|p1|CertifiedRowletFan|camper|1208\n|player|p2|krit1|2|1187\n|teamsize|p1|6\n|teamsize|p2|6\n|gen|9\n|tier|[Gen 9] Random Battle\n|rated|\n|rule|Species Clause: Limit one of each Pok\u00e9mon\n|rule|HP Percentage Mod: HP is shown in percentages\n|rule|Sleep Clause Mod: Limit one foe put to sleep\n|rule|Illusion Level Mod: Illusion disguises the Pok\u00e9mon's true level\n|\n|t:|1732960780\n|start\n|switch|p1a: Grafaiai|Grafaiai, L86, M|249/249\n|switch|p2a: Sandaconda|Sandaconda, L84, M|258/258\n|turn|1\n|inactive|Battle timer is ON: inactive players will automatically lose when time's up. (requested by krit1)\n|\n|t:|1732960786\n|move|p1a: Grafaiai|Knock Off|p2a: Sandaconda\n|-damage|p2a: Sandaconda|201/258\n|-enditem|p2a: Sandaconda|Leftovers|[from] move: Knock Off|[of] p1a: Grafaiai\n|move|p2a: Sandaconda|Earthquake|p1a: Grafaiai\n|-supereffective|p1a: Grafaiai\n|-damage|p1a: Grafaiai|0 fnt\n|faint|p1a: Grafaiai\n|\n|upkeep\n|\n|t:|1732960790\n|switch|p1a: Gyarados|Gyarados, L79, F|280/280\n|turn|2\n|\n|t:|1732960795\n|-terastallize|p2a: Sandaconda|Dragon\n|move|p1a: Gyarados|Dragon Dance|p1a: Gyarados\n|-boost|p1a: Gyarados|atk|1\n|-boost|p1a: Gyarados|spe|1\n|move|p2a: Sandaconda|Glare|p1a: Gyarados\n|-status|p1a: Gyarados|par\n|\n|upkeep\n|turn|3\n|\n|t:|1732960803\n|move|p2a: Sandaconda|Stone Edge|p1a: Gyarados\n|-supereffective|p1a: Gyarados\n|-damage|p1a: Gyarados|120/280 par\n|move|p1a: Gyarados|Dragon Dance|p1a: Gyarados\n|-boost|p1a: Gyarados|atk|1\n|-boost|p1a: Gyarados|spe|1\n|\n|upkeep\n|turn|4\n|\n|t:|1732960812\n|move|p1a: Gyarados|Earthquake|p2a: Sandaconda\n|-damage|p2a: Sandaconda|88/258\n|move|p2a: Sandaconda|Stone Edge|p1a: Gyarados\n|-supereffective|p1a: Gyarados\n|-damage|p1a: Gyarados|0 fnt\n|faint|p1a: Gyarados\n|\n|upkeep\n|\n|t:|1732960829\n|switch|p1a: Tauros|Tauros-Paldea-Combat, L82, M|257/257\n|-ability|p1a: Tauros|Intimidate|boost\n|-unboost|p2a: Sandaconda|atk|1\n|turn|5\n|\n|t:|1732960833\n|move|p1a: Tauros|Close Combat|p2a: Sandaconda\n|-damage|p2a: Sandaconda|0 fnt\n|-unboost|p1a: Tauros|def|1\n|-unboost|p1a: Tauros|spd|1\n|faint|p2a: Sandaconda\n|\n|upkeep\n|\n|t:|1732960847\n|switch|p2a: Quagsire|Quagsire, L84, F|297/297\n|turn|6\n|\n|t:|1732960852\n|switch|p1a: Jirachi|Jirachi, L80|291/291\n|move|p2a: Quagsire|Toxic|p1a: Jirachi\n|-immune|p1a: Jirachi\n|\n|upkeep\n|turn|7\n|\n|t:|1732960859\n|switch|p2a: Galvantula|Galvantula, L82, F|249/249\n|move|p1a: Jirachi|Wish|p1a: Jirachi\n|\n|upkeep\n|turn|8\n|\n|t:|1732960863\n|move|p2a: Galvantula|Sticky Web|p1a: Jirachi\n|-sidestart|p1: CertifiedRowletFan|move: Sticky Web\n|move|p1a: Jirachi|Iron Head|p2a: Galvantula\n|-resisted|p2a: Galvantula\n|-damage|p2a: Galvantula|197/249\n|\n|upkeep\n|turn|9\n|\n|t:|1732960869\n|move|p2a: Galvantula|Bug Buzz|p1a: Jirachi\n|-damage|p1a: Jirachi|198/291\n|move|p1a: Jirachi|Psychic|p2a: Galvantula\n|-damage|p2a: Galvantula|70/249\n|\n|-heal|p1a: Jirachi|216/291|[from] item: Leftovers\n|upkeep\n|turn|10\n|\n|t:|1732960876\n|move|p1a: Jirachi|Protect|p1a: Jirachi\n|-singleturn|p1a: Jirachi|Protect\n|move|p2a: Galvantula|Bug Buzz|p1a: Jirachi\n|-activate|p1a: Jirachi|move: Protect\n|\n|-heal|p1a: Jirachi|234/291|[from] item: Leftovers\n|upkeep\n|turn|11\n|\n|t:|1732960881\n|move|p2a: Galvantula|Bug Buzz|p1a: Jirachi\n|-damage|p1a: Jirachi|147/291\n|-unboost|p1a: Jirachi|spd|1\n|move|p1a: Jirachi|Psychic|p2a: Galvantula\n|-damage|p2a: Galvantula|0 fnt\n|faint|p2a: Galvantula\n|\n|-heal|p1a: Jirachi|165/291|[from] item: Leftovers\n|upkeep\n|c|\u2606CertifiedRowletFan|Spdef drop\n|c|\u2606CertifiedRowletFan|Dam\n|\n|t:|1732960898\n|switch|p2a: Rotom|Rotom-Fan, L86|226/226\n|turn|12\n|\n|t:|1732960907\n|move|p1a: Jirachi|Protect|p1a: Jirachi\n|-singleturn|p1a: Jirachi|Protect\n|move|p2a: Rotom|Thunderbolt|p1a: Jirachi\n|-activate|p1a: Jirachi|move: Protect\n|\n|-heal|p1a: Jirachi|183/291|[from] item: Leftovers\n|upkeep\n|turn|13\n|\n|t:|1732960915\n|move|p1a: Jirachi|Psychic|p2a: Rotom\n|-damage|p2a: Rotom|148/226\n|move|p2a: Rotom|Thunderbolt|p1a: Jirachi\n|-damage|p1a: Jirachi|23/291\n|\n|-heal|p1a: Jirachi|41/291|[from] item: Leftovers\n|upkeep\n|turn|14\n|\n|t:|1732960924\n|move|p1a: Jirachi|Iron Head|p2a: Rotom\n|-resisted|p2a: Rotom\n|-damage|p2a: Rotom|116/226\n|cant|p2a: Rotom|flinch\n|\n|-heal|p1a: Jirachi|59/291|[from] item: Leftovers\n|upkeep\n|turn|15\n|\n|t:|1732960928\n|move|p1a: Jirachi|Iron Head|p2a: Rotom\n|-resisted|p2a: Rotom\n|-damage|p2a: Rotom|80/226\n|cant|p2a: Rotom|flinch\n|\n|-heal|p1a: Jirachi|77/291|[from] item: Leftovers\n|upkeep\n|turn|16\n|\n|t:|1732960933\n|move|p1a: Jirachi|Iron Head|p2a: Rotom\n|-resisted|p2a: Rotom\n|-damage|p2a: Rotom|47/226\n|cant|p2a: Rotom|flinch\n|\n|-heal|p1a: Jirachi|95/291|[from] item: Leftovers\n|upkeep\n|turn|17\n|\n|t:|1732960940\n|move|p1a: Jirachi|Psychic|p2a: Rotom\n|-damage|p2a: Rotom|0 fnt\n|faint|p2a: Rotom\n|\n|-heal|p1a: Jirachi|113/291|[from] item: Leftovers\n|upkeep\n|\n|t:|1732960960\n|switch|p2a: Haxorus|Haxorus, L77, F|244/244\n|-ability|p2a: Haxorus|Mold Breaker\n|turn|18\n|\n|t:|1732960968\n|move|p1a: Jirachi|Iron Head|p2a: Haxorus\n|-damage|p2a: Haxorus|156/244\n|move|p2a: Haxorus|Scale Shot|p1a: Jirachi\n|-resisted|p1a: Jirachi\n|-damage|p1a: Jirachi|97/291\n|-resisted|p1a: Jirachi\n|-damage|p1a: Jirachi|83/291\n|-resisted|p1a: Jirachi\n|-damage|p1a: Jirachi|66/291\n|-resisted|p1a: Jirachi\n|-damage|p1a: Jirachi|51/291\n|-resisted|p1a: Jirachi\n|-damage|p1a: Jirachi|36/291\n|-hitcount|p1a: Jirachi|5\n|-unboost|p2a: Haxorus|def|1\n|-boost|p2a: Haxorus|spe|1\n|\n|-heal|p1a: Jirachi|54/291|[from] item: Leftovers\n|upkeep\n|turn|19\n|\n|t:|1732960980\n|move|p2a: Haxorus|Swords Dance|p2a: Haxorus\n|-boost|p2a: Haxorus|atk|2\n|move|p1a: Jirachi|Iron Head|p2a: Haxorus\n|-damage|p2a: Haxorus|38/244\n|\n|-heal|p1a: Jirachi|72/291|[from] item: Leftovers\n|upkeep\n|turn|20\n|\n|t:|1732960991\n|move|p2a: Haxorus|Scale Shot|p1a: Jirachi|[miss]\n|-miss|p2a: Haxorus|p1a: Jirachi\n|move|p1a: Jirachi|Iron Head|p2a: Haxorus\n|-damage|p2a: Haxorus|0 fnt\n|faint|p2a: Haxorus\n|\n|-heal|p1a: Jirachi|90/291|[from] item: Leftovers\n|upkeep\n|c|\u2606CertifiedRowletFan|Dang\n|\n|t:|1732961000\n|switch|p2a: Quagsire|Quagsire, L84, F|297/297\n|turn|21\n|\n|t:|1732961005\n|move|p1a: Jirachi|Iron Head|p2a: Quagsire\n|-resisted|p2a: Quagsire\n|-damage|p2a: Quagsire|253/297\n|cant|p2a: Quagsire|flinch\n|\n|-heal|p1a: Jirachi|108/291|[from] item: Leftovers\n|-heal|p2a: Quagsire|271/297|[from] item: Leftovers\n|upkeep\n|turn|22\n|\n|t:|1732961012\n|move|p1a: Jirachi|Iron Head|p2a: Quagsire\n|-resisted|p2a: Quagsire\n|-damage|p2a: Quagsire|230/297\n|move|p2a: Quagsire|Earthquake|p1a: Jirachi\n|-supereffective|p1a: Jirachi\n|-damage|p1a: Jirachi|0 fnt\n|faint|p1a: Jirachi\n|\n|-heal|p2a: Quagsire|248/297|[from] item: Leftovers\n|upkeep\n|\n|t:|1732961018\n|switch|p1a: Iron Bundle|Iron Bundle, L77|213/213\n|-activate|p1a: Iron Bundle|move: Sticky Web\n|-unboost|p1a: Iron Bundle|spe|1\n|turn|23\n|\n|t:|1732961027\n|switch|p2a: Hitmontop|Hitmontop, L88, M|231/231\n|move|p1a: Iron Bundle|Freeze-Dry|p2a: Hitmontop\n|-damage|p2a: Hitmontop|140/231\n|\n|-heal|p2a: Hitmontop|154/231|[from] item: Leftovers\n|upkeep\n|turn|24\n|\n|t:|1732961036\n|-end|p1a: Iron Bundle|Quark Drive|[silent]\n|switch|p1a: Tauros|Tauros-Paldea-Combat, L82, M|257/257\n|-activate|p1a: Tauros|move: Sticky Web\n|-unboost|p1a: Tauros|spe|1\n|-ability|p1a: Tauros|Intimidate|boost\n|-unboost|p2a: Hitmontop|atk|1\n|move|p2a: Hitmontop|Close Combat|p1a: Tauros\n|-damage|p1a: Tauros|181/257\n|-unboost|p2a: Hitmontop|def|1\n|-unboost|p2a: Hitmontop|spd|1\n|\n|-heal|p2a: Hitmontop|168/231|[from] item: Leftovers\n|upkeep\n|turn|25\n|\n|t:|1732961045\n|switch|p2a: Quagsire|Quagsire, L84, F|248/297\n|move|p1a: Tauros|Close Combat|p2a: Quagsire\n|-crit|p2a: Quagsire\n|-damage|p2a: Quagsire|0 fnt\n|-unboost|p1a: Tauros|def|1\n|-unboost|p1a: Tauros|spd|1\n|faint|p2a: Quagsire\n|\n|upkeep\n|c|\u2606CertifiedRowletFan|Dam\n|\n|t:|1732961053\n|switch|p2a: Hitmontop|Hitmontop, L88, M|168/231\n|turn|26\n|c|\u2606CertifiedRowletFan|Sad\n|\n|t:|1732961059\n|move|p2a: Hitmontop|Rapid Spin|p1a: Tauros\n|-damage|p1a: Tauros|108/257\n|-boost|p2a: Hitmontop|spe|1\n|move|p1a: Tauros|Close Combat|p2a: Hitmontop\n|-damage|p2a: Hitmontop|0 fnt\n|-unboost|p1a: Tauros|def|1\n|-unboost|p1a: Tauros|spd|1\n|faint|p2a: Hitmontop\n|\n|win|CertifiedRowletFan\n|raw|CertifiedRowletFan's rating: 1208 &rarr; <strong>1231</strong><br />(+23 for winning)\n|raw|krit1's rating: 1187 &rarr; <strong>1164</strong><br />(-23 for losing)\n|l|\u2606krit1\n|player|p2|\n", "inputlog": ">version b107d77f5c90bd6555267ae244a6264823309ead\n>start {\"formatid\":\"gen9randombattle\",\"seed\":[55275,44201,8648,15553],\"rated\":\"Rated battle\"}\n>player p1 {\"name\":\"CertifiedRowletFan\",\"avatar\":\"camper\",\"rating\":1208,\"seed\":[29023,17048,19978,44652]}\n>player p2 {\"name\":\"krit1\",\"avatar\":\"2\",\"rating\":1187,\"seed\":[35518,61568,33638,28781]}\n>p1 move knockoff\n>p2 move earthquake\n>p1 switch 5\n>p1 move dragondance\n>p2 move glare terastallize\n>p1 move dragondance\n>p2 move stoneedge\n>p1 move earthquake\n>p2 move stoneedge\n>p1 switch 3\n>p1 move closecombat\n>p2 move glare\n>p2 switch 3\n>p1 switch 2\n>p2 move toxic\n>p1 move wish\n>p2 switch 2\n>p1 move ironhead\n>p2 move stickyweb\n>p1 move psychic\n>p2 move bugbuzz\n>p1 move protect\n>p2 move bugbuzz\n>p1 move psychic\n>p2 move bugbuzz\n>chat \u2606CertifiedRowletFan|Spdef drop \n>chat \u2606CertifiedRowletFan|Dam\n>p2 switch 6\n>p1 move protect\n>p2 move thunderbolt\n>p1 move psychic\n>p2 move thunderbolt\n>p1 move ironhead\n>p2 move nastyplot\n>p1 move ironhead\n>p2 move nastyplot\n>p1 move ironhead\n>p2 move thunderbolt\n>p1 move psychic\n>p2 move thunderbolt\n>p2 switch 5\n>p1 move ironhead\n>p2 move scaleshot\n>p1 move ironhead\n>p2 move swordsdance\n>p1 move ironhead\n>p2 move scaleshot\n>chat \u2606CertifiedRowletFan|Dang\n>p2 switch 2\n>p1 move ironhead\n>p2 move earthquake\n>p1 move ironhead\n>p2 move earthquake\n>p1 switch 6\n>p1 move freezedry\n>p2 switch 4\n>p1 switch 2\n>p2 move closecombat\n>p1 move closecombat\n>p2 switch 4\n>chat \u2606CertifiedRowletFan|Dam\n>p2 switch 4\n>chat \u2606CertifiedRowletFan|Sad\n>p1 move closecombat\n>p2 move rapidspin", "uploadtime": 1732961063, "views": 2, "formatid": "gen9randombattle", "rating": 1164, "private": 0, "password": null}