{"id": "gen9randombattle-2254016753", "format": "[Gen 9] Random Battle", "players": ["XXxPnguinxX", "ikuika"], "log": "|j|\u2606XXxPnguinxX\n|j|\u2606ikuika\n|t:|1732980474\n|gametype|singles\n|player|p1|XXxPnguinxX|266|1039\n|player|p2|ikuika|1|1056\n|teamsize|p1|6\n|teamsize|p2|6\n|gen|9\n|tier|[Gen 9] Random Battle\n|rated|\n|rule|Species Clause: Limit one of each Pok\u00e9mon\n|rule|HP Percentage Mod: HP is shown in percentages\n|rule|Sleep Clause Mod: Limit one foe put to sleep\n|rule|Illusion Level Mod: Illusion disguises the Pok\u00e9mon's true level\n|\n|t:|1732980474\n|start\n|switch|p1a: Dodrio|Dodrio, L86, F|243/243\n|switch|p2a: Pincurchin|Pincurchin, F|258/258\n|-fieldstart|move: Electric Terrain|[from] ability: Electric Surge|[of] p2a: Pincurchin\n|turn|1\n|inactive|Battle timer is ON: inactive players will automatically lose when time's up. (requested by XXxPnguinxX)\n|\n|t:|1732980507\n|switch|p1a: Excadrill|Excadrill, L80, M|307/307\n|-ability|p1a: Excadrill|Mold Breaker\n|move|p2a: Pincurchin|Toxic Spikes|p1a: Excadrill\n|-sidestart|p1: XXxPnguinxX|move: Toxic Spikes\n|\n|upkeep\n|turn|2\n|\n|t:|1732980530\n|switch|p2a: Iron Jugulis|Iron Jugulis, L78|275/275\n|-activate|p2a: Iron Jugulis|ability: Quark Drive\n|-start|p2a: Iron Jugulis|quarkdrivespa\n|move|p1a: Excadrill|Rapid Spin|p2a: Iron Jugulis\n|-damage|p2a: Iron Jugulis|232/275\n|-boost|p1a: Excadrill|spe|1\n|-sideend|p1: XXxPnguinxX|Toxic Spikes|[from] move: Rapid Spin|[of] p1a: Excadrill\n|\n|upkeep\n|turn|3\n|inactive|ikuika has 120 seconds left.\n|inactive|XXxPnguinxX has 120 seconds left.\n|\n|t:|1732980572\n|move|p2a: Iron Jugulis|Hurricane|p1a: Excadrill\n|-resisted|p1a: Excadrill\n|-damage|p1a: Excadrill|199/307\n|move|p1a: Excadrill|Iron Head|p2a: Iron Jugulis\n|-crit|p2a: Iron Jugulis\n|-damage|p2a: Iron Jugulis|57/275\n|\n|-heal|p1a: Excadrill|218/307|[from] item: Leftovers\n|upkeep\n|turn|4\n|inactive|XXxPnguinxX has 120 seconds left.\n|inactive|ikuika has 90 seconds left.\n|\n|t:|1732980593\n|move|p2a: Iron Jugulis|Hurricane|p1a: Excadrill|[miss]\n|-miss|p2a: Iron Jugulis|p1a: Excadrill\n|move|p1a: Excadrill|Iron Head|p2a: Iron Jugulis\n|-crit|p2a: Iron Jugulis\n|-damage|p2a: Iron Jugulis|0 fnt\n|faint|p2a: Iron Jugulis\n|-end|p2a: Iron Jugulis|Quark Drive|[silent]\n|\n|-heal|p1a: Excadrill|237/307|[from] item: Leftovers\n|upkeep\n|inactive|ikuika has 90 seconds left.\n|\n|t:|1732980608\n|switch|p2a: Espathra|Espathra, L80, M|283/283\n|turn|5\n|\n|t:|1732980624\n|move|p1a: Excadrill|Earthquake|p2a: Espathra\n|-crit|p2a: Espathra\n|-damage|p2a: Espathra|27/283\n|move|p2a: Espathra|Dazzling Gleam|p1a: Excadrill\n|-resisted|p1a: Excadrill\n|-damage|p1a: Excadrill|201/307\n|\n|-heal|p1a: Excadrill|220/307|[from] item: Leftovers\n|-heal|p2a: Espathra|44/283|[from] item: Leftovers\n|-fieldend|move: Electric Terrain\n|-ability|p2a: Espathra|Speed Boost|boost\n|-boost|p2a: Espathra|spe|1\n|upkeep\n|turn|6\n|\n|t:|1732980644\n|switch|p2a: Haxorus|Haxorus, L77, M|244/244\n|-ability|p2a: Haxorus|Mold Breaker\n|move|p1a: Excadrill|Iron Head|p2a: Haxorus\n|-damage|p2a: Haxorus|144/244\n|\n|-heal|p1a: Excadrill|239/307|[from] item: Leftovers\n|upkeep\n|turn|7\n|inactive|ikuika has 60 seconds left.\n|\n|t:|1732980667\n|-terastallize|p1a: Excadrill|Water\n|move|p1a: Excadrill|Swords Dance|p1a: Excadrill\n|-boost|p1a: Excadrill|atk|2\n|move|p2a: Haxorus|Close Combat|p1a: Excadrill\n|-damage|p1a: Excadrill|108/307\n|-unboost|p2a: Haxorus|def|1\n|-unboost|p2a: Haxorus|spd|1\n|\n|-heal|p1a: Excadrill|127/307|[from] item: Leftovers\n|upkeep\n|turn|8\n|inactive|ikuika has 60 seconds left.\n|\n|t:|1732980693\n|move|p1a: Excadrill|Earthquake|p2a: Haxorus\n|-damage|p2a: Haxorus|0 fnt\n|faint|p2a: Haxorus\n|\n|-heal|p1a: Excadrill|146/307|[from] item: Leftovers\n|upkeep\n|-message|ikuika forfeited.\n|\n|win|XXxPnguinxX\n|raw|XXxPnguinxX's rating: 1039 &rarr; <strong>1075</strong><br />(+36 for winning)\n|raw|ikuika's rating: 1056 &rarr; <strong>1037</strong><br />(-19 for losing)\n", "inputlog": ">version b107d77f5c90bd6555267ae244a6264823309ead\n>start {\"formatid\":\"gen9randombattle\",\"seed\":[37349,15118,23583,817],\"rated\":\"Rated battle\"}\n>player p1 {\"name\":\"XXxPnguinxX\",\"avatar\":\"266\",\"rating\":1039,\"seed\":[56841,62996,23327,50607]}\n>player p2 {\"name\":\"ikuika\",\"avatar\":\"1\",\"rating\":1056,\"seed\":[783,14983,52521,60807]}\n>p1 switch 2\n>p2 move toxicspikes\n>p1 move rapidspin\n>p2 switch 6\n>p1 move ironhead\n>p2 move hurricane\n>p1 move ironhead\n>p2 move hurricane\n>p2 switch 4\n>p1 move earthquake\n>p2 move dazzlinggleam\n>p1 move ironhead\n>p2 switch 3\n>p1 move swordsdance terastallize\n>p2 move closecombat\n>p1 move earthquake\n>p2 move outrage\n>forcelose p2", "uploadtime": 1732980706, "views": 2, "formatid": "gen9randombattle", "rating": 1037, "private": 0, "password": null}