{"id": "gen9randombattle-2254083970", "format": "[Gen 9] Random Battle", "players": ["SoloPiselliGrossi", "GR4N71X"], "log": "|j|\u2606SoloPiselliGrossi\n|j|\u2606GR4N71X\n|t:|1732989269\n|gametype|singles\n|player|p1|SoloPiselliGrossi|acetrainerf|1118\n|player|p2|GR4N71X|waitress-gen4|1076\n|teamsize|p1|6\n|teamsize|p2|6\n|gen|9\n|tier|[Gen 9] Random Battle\n|rated|\n|rule|Species Clause: Limit one of each Pok\u00e9mon\n|rule|HP Percentage Mod: HP is shown in percentages\n|rule|Sleep Clause Mod: Limit one foe put to sleep\n|rule|Illusion Level Mod: Illusion disguises the Pok\u00e9mon's true level\n|\n|t:|1732989269\n|start\n|switch|p1a: Polteageist|Polteageist, L79|224/224\n|switch|p2a: Clawitzer|Clawitzer, L87, M|265/265\n|turn|1\n|\n|t:|1732989283\n|move|p1a: Polteageist|Shell Smash|p1a: Polteageist\n|-unboost|p1a: Polteageist|def|1\n|-unboost|p1a: Polteageist|spd|1\n|-boost|p1a: Polteageist|atk|2\n|-boost|p1a: Polteageist|spa|2\n|-boost|p1a: Polteageist|spe|2\n|-enditem|p1a: Polteageist|White Herb\n|-clearnegativeboost|p1a: Polteageist|[silent]\n|move|p2a: Clawitzer|Dark Pulse|p1a: Polteageist\n|-supereffective|p1a: Polteageist\n|-damage|p1a: Polteageist|46/224\n|\n|upkeep\n|turn|2\n|\n|t:|1732989321\n|move|p1a: Polteageist|Shadow Ball|p2a: Clawitzer\n|-damage|p2a: Clawitzer|139/265\n|-unboost|p2a: Clawitzer|spd|1\n|move|p2a: Clawitzer|Dark Pulse|p1a: Polteageist\n|-supereffective|p1a: Polteageist\n|-damage|p1a: Polteageist|0 fnt\n|faint|p1a: Polteageist\n|\n|upkeep\n|\n|t:|1732989336\n|switch|p1a: Klawf|Klawf, L90, F|272/272\n|turn|3\n|\n|t:|1732989356\n|move|p1a: Klawf|High Horsepower|p2a: Clawitzer\n|-damage|p2a: Clawitzer|58/265\n|move|p2a: Clawitzer|Water Pulse|p1a: Klawf\n|-supereffective|p1a: Klawf\n|-damage|p1a: Klawf|0 fnt\n|faint|p1a: Klawf\n|\n|upkeep\n|\n|t:|1732989372\n|switch|p1a: Malamar|Malamar, L82, F|275/275\n|turn|4\n|\n|t:|1732989381\n|move|p1a: Malamar|Knock Off|p2a: Clawitzer\n|-damage|p2a: Clawitzer|0 fnt\n|-enditem|p2a: Clawitzer|Assault Vest|[from] move: Knock Off|[of] p1a: Malamar\n|faint|p2a: Clawitzer\n|\n|upkeep\n|\n|t:|1732989397\n|switch|p2a: Spidops|Spidops, L96, F|271/271\n|turn|5\n|\n|t:|1732989409\n|move|p1a: Malamar|Superpower|p2a: Spidops\n|-resisted|p2a: Spidops\n|-damage|p2a: Spidops|236/271\n|-boost|p1a: Malamar|atk|1\n|-boost|p1a: Malamar|def|1\n|move|p2a: Spidops|Sticky Web|p1a: Malamar\n|-sidestart|p1: SoloPiselliGrossi|move: Sticky Web\n|\n|upkeep\n|turn|6\n|\n|t:|1732989419\n|move|p1a: Malamar|Superpower|p2a: Spidops\n|-resisted|p2a: Spidops\n|-damage|p2a: Spidops|189/271\n|-boost|p1a: Malamar|atk|1\n|-boost|p1a: Malamar|def|1\n|move|p2a: Spidops|Spikes|p1a: Malamar\n|-sidestart|p1: SoloPiselliGrossi|Spikes\n|\n|upkeep\n|turn|7\n|\n|t:|1732989430\n|move|p1a: Malamar|Superpower|p2a: Spidops\n|-resisted|p2a: Spidops\n|-damage|p2a: Spidops|120/271\n|-boost|p1a: Malamar|atk|1\n|-boost|p1a: Malamar|def|1\n|move|p2a: Spidops|Spikes|p1a: Malamar\n|-sidestart|p1: SoloPiselliGrossi|Spikes\n|\n|upkeep\n|turn|8\n|\n|t:|1732989440\n|move|p1a: Malamar|Superpower|p2a: Spidops\n|-resisted|p2a: Spidops\n|-damage|p2a: Spidops|32/271\n|-boost|p1a: Malamar|atk|1\n|-boost|p1a: Malamar|def|1\n|move|p2a: Spidops|Spikes|p1a: Malamar\n|-sidestart|p1: SoloPiselliGrossi|Spikes\n|\n|upkeep\n|turn|9\n|\n|t:|1732989452\n|move|p1a: Malamar|Superpower|p2a: Spidops\n|-resisted|p2a: Spidops\n|-damage|p2a: Spidops|0 fnt\n|-boost|p1a: Malamar|atk|1\n|-boost|p1a: Malamar|def|1\n|faint|p2a: Spidops\n|\n|upkeep\n|\n|t:|1732989464\n|switch|p2a: Yanmega|Yanmega, L82, F|275/275\n|turn|10\n|inactive|Battle timer is ON: inactive players will automatically lose when time's up. (requested by SoloPiselliGrossi)\n|\n|t:|1732989478\n|move|p2a: Yanmega|Bug Buzz|p1a: Malamar\n|-supereffective|p1a: Malamar\n|-damage|p1a: Malamar|0 fnt\n|faint|p1a: Malamar\n|\n|upkeep\n|\n|t:|1732989491\n|switch|p1a: Regice|Regice, L88|284/284\n|turn|11\n|\n|t:|1732989505\n|switch|p2a: Blissey|Blissey, L84, F|566/566\n|move|p1a: Regice|Ice Beam|p2a: Blissey\n|-damage|p2a: Blissey|487/566\n|\n|-heal|p2a: Blissey|522/566|[from] item: Leftovers\n|upkeep\n|turn|12\n|\n|t:|1732989537\n|switch|p1a: Incineroar|Incineroar, L82, F|290/290\n|-activate|p1a: Incineroar|move: Sticky Web\n|-unboost|p1a: Incineroar|spe|1\n|-damage|p1a: Incineroar|218/290|[from] Spikes\n|-ability|p1a: Incineroar|Intimidate|boost\n|-unboost|p2a: Blissey|atk|1\n|move|p2a: Blissey|Stealth Rock|p1a: Incineroar\n|-sidestart|p1: SoloPiselliGrossi|move: Stealth Rock\n|\n|-heal|p2a: Blissey|557/566|[from] item: Leftovers\n|upkeep\n|turn|13\n|inactive|GR4N71X has 120 seconds left.\n|\n|t:|1732989556\n|move|p2a: Blissey|Thunder Wave|p1a: Incineroar|[miss]\n|-miss|p2a: Blissey|p1a: Incineroar\n|move|p1a: Incineroar|Close Combat|p2a: Blissey\n|-supereffective|p2a: Blissey\n|-damage|p2a: Blissey|0 fnt\n|-unboost|p1a: Incineroar|def|1\n|-unboost|p1a: Incineroar|spd|1\n|faint|p2a: Blissey\n|\n|upkeep\n|inactive|GR4N71X has 120 seconds left.\n|\n|t:|1732989569\n|switch|p2a: Salamence|Salamence, L77, F|273/273\n|turn|14\n|inactive|GR4N71X has 120 seconds left.\n|\n|t:|1732989580\n|switch|p1a: Regice|Regice, L88|284/284\n|move|p2a: Salamence|Earthquake|p1a: Regice\n|-damage|p1a: Regice|217/284\n|\n|upkeep\n|turn|15\n|inactive|GR4N71X has 120 seconds left.\n|\n|t:|1732989595\n|-terastallize|p2a: Salamence|Ground\n|move|p2a: Salamence|Dragon Dance|p2a: Salamence\n|-boost|p2a: Salamence|atk|1\n|-boost|p2a: Salamence|spe|1\n|move|p1a: Regice|Ice Beam|p2a: Salamence\n|-supereffective|p2a: Salamence\n|-damage|p2a: Salamence|13/273\n|\n|upkeep\n|turn|16\n|inactive|GR4N71X has 120 seconds left.\n|\n|t:|1732989622\n|move|p2a: Salamence|Dual Wingbeat|p1a: Regice\n|-damage|p1a: Regice|160/284\n|-damage|p1a: Regice|102/284\n|-hitcount|p1a: Regice|2\n|move|p1a: Regice|Ice Beam|p2a: Salamence\n|-supereffective|p2a: Salamence\n|-damage|p2a: Salamence|0 fnt\n|faint|p2a: Salamence\n|\n|upkeep\n|\n|t:|1732989633\n|switch|p2a: Yanmega|Yanmega, L82, F|275/275\n|turn|17\n|\n|t:|1732989643\n|move|p2a: Yanmega|Air Slash|p1a: Regice\n|-damage|p1a: Regice|38/284\n|move|p1a: Regice|Ice Beam|p2a: Yanmega\n|-supereffective|p2a: Yanmega\n|-damage|p2a: Yanmega|0 fnt\n|faint|p2a: Yanmega\n|\n|upkeep\n|\n|t:|1732989652\n|switch|p2a: Kingambit|Kingambit, L74, M|270/270\n|-activate|p2a: Kingambit|ability: Supreme Overlord\n|-start|p2a: Kingambit|fallen5|[silent]\n|turn|18\n|\n|t:|1732989660\n|move|p1a: Regice|Rest|p1a: Regice\n|-status|p1a: Regice|slp|[from] move: Rest\n|-heal|p1a: Regice|284/284 slp|[silent]\n|move|p2a: Kingambit|Iron Head|p1a: Regice\n|-supereffective|p1a: Regice\n|-damage|p1a: Regice|68/284 slp\n|\n|upkeep\n|turn|19\n|\n|t:|1732989669\n|cant|p1a: Regice|slp\n|move|p1a: Regice|Sleep Talk|p1a: Regice\n|move|p1a: Regice|Rest||[from]move: Sleep Talk|[still]\n|-fail|p1a: Regice\n|move|p2a: Kingambit|Iron Head|p1a: Regice\n|-supereffective|p1a: Regice\n|-damage|p1a: Regice|0 fnt\n|faint|p1a: Regice\n|\n|upkeep\n|\n|t:|1732989681\n|switch|p1a: Incineroar|Incineroar, L82, F|218/290\n|-activate|p1a: Incineroar|move: Sticky Web\n|-unboost|p1a: Incineroar|spe|1\n|-damage|p1a: Incineroar|146/290|[from] Spikes\n|-damage|p1a: Incineroar|74/290|[from] Stealth Rock\n|-ability|p1a: Incineroar|Intimidate|boost\n|-unboost|p2a: Kingambit|atk|1\n|turn|20\n|inactive|GR4N71X has 120 seconds left.\n|\n|t:|1732989692\n|move|p2a: Kingambit|Sucker Punch|p1a: Incineroar\n|-resisted|p1a: Incineroar\n|-damage|p1a: Incineroar|34/290\n|move|p1a: Incineroar|U-turn|p2a: Kingambit\n|-damage|p2a: Kingambit|224/270\n|\n|t:|1732989698\n|switch|p1a: Cresselia|Cresselia, L80, F|323/323|[from] U-turn\n|-damage|p1a: Cresselia|283/323|[from] Stealth Rock\n|\n|-heal|p1a: Cresselia|303/323|[from] item: Leftovers\n|-heal|p2a: Kingambit|240/270|[from] item: Leftovers\n|upkeep\n|turn|21\n|inactive|GR4N71X has 120 seconds left.\n|\n|t:|1732989731\n|switch|p1a: Incineroar|Incineroar, L82, F|34/290\n|-activate|p1a: Incineroar|move: Sticky Web\n|-unboost|p1a: Incineroar|spe|1\n|-damage|p1a: Incineroar|0 fnt|[from] Spikes\n|faint|p1a: Incineroar\n|move|p2a: Kingambit|Kowtow Cleave|p1: Incineroar|[notarget]\n|-fail|p2a: Kingambit\n|\n|-heal|p2a: Kingambit|256/270|[from] item: Leftovers\n|upkeep\n|\n|t:|1732989742\n|switch|p1a: Cresselia|Cresselia, L80, F|303/323\n|-damage|p1a: Cresselia|263/323|[from] Stealth Rock\n|turn|22\n|\n|t:|1732989750\n|-terastallize|p1a: Cresselia|Poison\n|move|p1a: Cresselia|Calm Mind|p1a: Cresselia\n|-boost|p1a: Cresselia|spa|1\n|-boost|p1a: Cresselia|spd|1\n|move|p2a: Kingambit|Kowtow Cleave|p1a: Cresselia\n|-damage|p1a: Cresselia|179/323\n|\n|-heal|p1a: Cresselia|199/323|[from] item: Leftovers\n|-heal|p2a: Kingambit|270/270|[from] item: Leftovers\n|upkeep\n|turn|23\n|inactive|GR4N71X has 120 seconds left.\n|\n|t:|1732989768\n|move|p1a: Cresselia|Moonblast|p2a: Kingambit\n|-damage|p2a: Kingambit|185/270\n|move|p2a: Kingambit|Iron Head|p1a: Cresselia\n|-damage|p1a: Cresselia|124/323\n|\n|-heal|p1a: Cresselia|144/323|[from] item: Leftovers\n|-heal|p2a: Kingambit|201/270|[from] item: Leftovers\n|upkeep\n|turn|24\n|inactive|GR4N71X has 120 seconds left.\n|\n|t:|1732989780\n|move|p1a: Cresselia|Moonlight|p1a: Cresselia\n|-heal|p1a: Cresselia|305/323\n|move|p2a: Kingambit|Iron Head|p1a: Cresselia\n|-damage|p1a: Cresselia|232/323\n|\n|-heal|p1a: Cresselia|252/323|[from] item: Leftovers\n|-heal|p2a: Kingambit|217/270|[from] item: Leftovers\n|upkeep\n|turn|25\n|inactive|GR4N71X has 120 seconds left.\n|\n|t:|1732989803\n|move|p1a: Cresselia|Calm Mind|p1a: Cresselia\n|-boost|p1a: Cresselia|spa|1\n|-boost|p1a: Cresselia|spd|1\n|move|p2a: Kingambit|Swords Dance|p2a: Kingambit\n|-boost|p2a: Kingambit|atk|2\n|\n|-heal|p1a: Cresselia|272/323|[from] item: Leftovers\n|-heal|p2a: Kingambit|233/270|[from] item: Leftovers\n|upkeep\n|turn|26\n|\n|t:|1732989820\n|move|p1a: Cresselia|Moonblast|p2a: Kingambit\n|-damage|p2a: Kingambit|120/270\n|move|p2a: Kingambit|Swords Dance|p2a: Kingambit\n|-boost|p2a: Kingambit|atk|2\n|\n|-heal|p1a: Cresselia|292/323|[from] item: Leftovers\n|-heal|p2a: Kingambit|136/270|[from] item: Leftovers\n|upkeep\n|turn|27\n|inactive|GR4N71X has 120 seconds left.\n|\n|t:|1732989836\n|move|p1a: Cresselia|Moonblast|p2a: Kingambit\n|-damage|p2a: Kingambit|20/270\n|-unboost|p2a: Kingambit|spa|1\n|move|p2a: Kingambit|Iron Head|p1a: Cresselia\n|-damage|p1a: Cresselia|25/323\n|\n|-heal|p1a: Cresselia|45/323|[from] item: Leftovers\n|-heal|p2a: Kingambit|36/270|[from] item: Leftovers\n|upkeep\n|turn|28\n|\n|t:|1732989847\n|move|p2a: Kingambit|Sucker Punch|p1a: Cresselia\n|-damage|p1a: Cresselia|0 fnt\n|faint|p1a: Cresselia\n|\n|win|GR4N71X\n|raw|SoloPiselliGrossi's rating: 1118 &rarr; <strong>1090</strong><br />(-28 for losing)\n|raw|GR4N71X's rating: 1076 &rarr; <strong>1108</strong><br />(+32 for winning)\n|l|\u2606SoloPiselliGrossi\n|player|p1|\n", "inputlog": ">version b107d77f5c90bd6555267ae244a6264823309ead\n>start {\"formatid\":\"gen9randombattle\",\"seed\":[27240,62893,39246,37533],\"rated\":\"Rated battle\"}\n>player p1 {\"name\":\"SoloPiselliGrossi\",\"avatar\":\"acetrainerf\",\"rating\":1118,\"seed\":[5048,10924,45710,23249]}\n>player p2 {\"name\":\"GR4N71X\",\"avatar\":\"waitress-gen4\",\"rating\":1076,\"seed\":[23121,15353,49318,47542]}\n>p1 move shellsmash\n>p2 move darkpulse\n>p1 move shadowball\n>p2 move darkpulse\n>p1 switch 3\n>p1 move highhorsepower\n>p2 move waterpulse\n>p1 switch 2\n>p1 move knockoff\n>p2 move aurasphere\n>p2 switch 4\n>p1 move superpower\n>p2 move stickyweb\n>p1 move superpower\n>p2 move spikes\n>p1 move superpower\n>p2 move spikes\n>p1 move superpower\n>p2 move spikes\n>p1 move superpower\n>p2 move uturn\n>p2 switch 2\n>p1 move knockoff\n>p2 move bugbuzz\n>p1 switch 4\n>p1 move icebeam\n>p2 switch 6\n>p1 switch 5\n>p2 move stealthrock\n>p1 move closecombat\n>p2 move thunderwave\n>p2 switch 3\n>p1 switch 5\n>p2 move earthquake\n>p1 move icebeam\n>p2 move dragondance terastallize\n>p1 move icebeam\n>p2 move dualwingbeat\n>p2 switch 6\n>p1 move icebeam\n>p2 move airslash\n>p2 switch 5\n>p1 move rest\n>p2 move ironhead\n>p1 move sleeptalk\n>p2 move ironhead\n>p1 switch 5\n>p1 move uturn\n>p2 move suckerpunch\n>p1 switch 6\n>p1 switch 6\n>p2 move kowtowcleave\n>p1 switch 6\n>p1 move calmmind terastallize\n>p2 move kowtowcleave\n>p1 move moonblast\n>p2 move ironhead\n>p1 move moonlight\n>p2 move ironhead\n>p1 move calmmind\n>p2 move swordsdance\n>p1 move moonblast\n>p2 move swordsdance\n>p1 move moonblast\n>p2 move ironhead\n>p1 move moonblast\n>p2 move suckerpunch", "uploadtime": 1732989857, "views": 4, "formatid": "gen9randombattle", "rating": 1090, "private": 0, "password": null}