{"id": "gen9randombattle-2254154066", "format": "[Gen 9] Random Battle", "players": ["PPBOYLOL", "angry merchant"], "log": "|j|\u2606PPBOYLOL\n|j|\u2606angry merchant\n|t:|1732997888\n|gametype|singles\n|player|p1|PPBOYLOL|170|1832\n|player|p2|angry merchant|102|1851\n|teamsize|p1|6\n|teamsize|p2|6\n|gen|9\n|tier|[Gen 9] Random Battle\n|rated|\n|rule|Species Clause: Limit one of each Pok\u00e9mon\n|rule|HP Percentage Mod: HP is shown in percentages\n|rule|Sleep Clause Mod: Limit one foe put to sleep\n|rule|Illusion Level Mod: Illusion disguises the Pok\u00e9mon's true level\n|\n|t:|1732997888\n|start\n|switch|p1a: Oricorio|Oricorio-Pom-Pom, L82, M|257/257\n|switch|p2a: Brute Bonnet|Brute Bonnet, L81|312/312\n|turn|1\n|inactive|Battle timer is ON: inactive players will automatically lose when time's up. (requested by angry merchant)\n|\n|t:|1732997915\n|move|p1a: Oricorio|Hurricane|p2a: Brute Bonnet\n|-supereffective|p2a: Brute Bonnet\n|-damage|p2a: Brute Bonnet|90/312\n|-start|p2a: Brute Bonnet|confusion\n|-activate|p2a: Brute Bonnet|confusion\n|-damage|p2a: Brute Bonnet|56/312|[from] confusion\n|\n|upkeep\n|turn|2\n|\n|t:|1732997928\n|-end|p2a: Brute Bonnet|confusion\n|move|p2a: Brute Bonnet|Sucker Punch|p1a: Oricorio\n|-damage|p1a: Oricorio|92/257\n|move|p1a: Oricorio|Revelation Dance|p2a: Brute Bonnet\n|-resisted|p2a: Brute Bonnet\n|-damage|p2a: Brute Bonnet|15/312\n|\n|upkeep\n|turn|3\n|\n|t:|1732997950\n|-end|p2a: Brute Bonnet|Protosynthesis|[silent]\n|switch|p2a: Komala|Komala, L89, F|260/260\n|-ability|p2a: Komala|Comatose\n|move|p1a: Oricorio|Roost|p1a: Oricorio\n|-heal|p1a: Oricorio|221/257\n|-singleturn|p1a: Oricorio|move: Roost\n|\n|upkeep\n|turn|4\n|\n|t:|1732997969\n|switch|p1a: Polteageist|Polteageist-Antique, L79|224/224\n|move|p2a: Komala|Double-Edge|p1a: Polteageist\n|-immune|p1a: Polteageist\n|\n|upkeep\n|turn|5\n|\n|t:|1732997981\n|switch|p2a: Brute Bonnet|Brute Bonnet, L81|15/312\n|move|p1a: Polteageist|Shell Smash|p1a: Polteageist\n|-unboost|p1a: Polteageist|def|1\n|-unboost|p1a: Polteageist|spd|1\n|-boost|p1a: Polteageist|atk|2\n|-boost|p1a: Polteageist|spa|2\n|-boost|p1a: Polteageist|spe|2\n|-enditem|p1a: Polteageist|White Herb\n|-clearnegativeboost|p1a: Polteageist|[silent]\n|\n|upkeep\n|turn|6\n|\n|t:|1732997993\n|move|p1a: Polteageist|Strength Sap|p2a: Brute Bonnet\n|-unboost|p2a: Brute Bonnet|atk|1\n|move|p2a: Brute Bonnet|Crunch|p1a: Polteageist\n|-supereffective|p1a: Polteageist\n|-damage|p1a: Polteageist|0 fnt\n|faint|p1a: Polteageist\n|\n|upkeep\n|inactive|PPBOYLOL has 120 seconds left.\n|\n|t:|1732998013\n|switch|p1a: Emboar|Emboar, L84, F|322/322\n|turn|7\n|\n|t:|1732998032\n|-end|p2a: Brute Bonnet|Protosynthesis|[silent]\n|switch|p2a: Charizard|Charizard, L85, M|271/271\n|move|p1a: Emboar|Bulk Up|p1a: Emboar\n|-boost|p1a: Emboar|atk|1\n|-boost|p1a: Emboar|def|1\n|\n|upkeep\n|turn|8\n|\n|t:|1732998043\n|switch|p1a: Pelipper|Pelipper, L86, F|243/243\n|-weather|RainDance|[from] ability: Drizzle|[of] p1a: Pelipper\n|move|p2a: Charizard|Hurricane|p1a: Pelipper\n|-damage|p1a: Pelipper|84/243\n|\n|-weather|RainDance|[upkeep]\n|upkeep\n|turn|9\n|\n|t:|1732998053\n|move|p2a: Charizard|Hurricane|p1a: Pelipper\n|-damage|p1a: Pelipper|0 fnt\n|faint|p1a: Pelipper\n|\n|-weather|RainDance|[upkeep]\n|upkeep\n|\n|t:|1732998057\n|switch|p1a: Inteleon|Inteleon, L81, F|246/246\n|turn|10\n|\n|t:|1732998067\n|switch|p2a: Brute Bonnet|Brute Bonnet, L81|15/312\n|move|p1a: Inteleon|Hydro Pump|p2a: Brute Bonnet|[miss]\n|-miss|p1a: Inteleon|p2a: Brute Bonnet\n|\n|-weather|RainDance|[upkeep]\n|upkeep\n|turn|11\n|\n|t:|1732998074\n|move|p2a: Brute Bonnet|Sucker Punch|p1a: Inteleon\n|-damage|p1a: Inteleon|74/246\n|move|p1a: Inteleon|Hydro Pump|p2a: Brute Bonnet\n|-resisted|p2a: Brute Bonnet\n|-damage|p2a: Brute Bonnet|0 fnt\n|faint|p2a: Brute Bonnet\n|-end|p2a: Brute Bonnet|Protosynthesis|[silent]\n|\n|-weather|RainDance|[upkeep]\n|upkeep\n|\n|t:|1732998088\n|switch|p2a: Komala|Komala, L89, F|260/260\n|-ability|p2a: Komala|Comatose\n|turn|12\n|\n|t:|1732998094\n|move|p2a: Komala|Double-Edge|p1a: Inteleon\n|-damage|p1a: Inteleon|0 fnt\n|faint|p1a: Inteleon\n|-damage|p2a: Komala|236/260|[from] Recoil\n|\n|-weather|none\n|upkeep\n|-message|PPBOYLOL forfeited.\n|\n|win|angry merchant\n|raw|PPBOYLOL's rating: 1832 &rarr; <strong>1813</strong><br />(-19 for losing)\n|raw|angry merchant's rating: 1851 &rarr; <strong>1870</strong><br />(+19 for winning)\n|l|\u2606PPBOYLOL\n|player|p1|\n", "inputlog": ">version b107d77f5c90bd6555267ae244a6264823309ead\n>start {\"formatid\":\"gen9randombattle\",\"seed\":[40194,25892,11913,58465],\"rated\":\"Rated battle\"}\n>player p1 {\"name\":\"PPBOYLOL\",\"avatar\":\"170\",\"rating\":1832,\"seed\":[62558,3923,35625,33518]}\n>player p2 {\"name\":\"angry merchant\",\"avatar\":\"102\",\"rating\":1851,\"seed\":[14423,49380,10314,8642]}\n>p1 move hurricane\n>p2 move crunch\n>p1 move revelationdance\n>p2 move suckerpunch\n>p1 move roost\n>p2 switch 5\n>p1 switch 6\n>p2 move doubleedge\n>p1 move shellsmash\n>p2 switch 5\n>p1 move strengthsap\n>p2 move crunch\n>p1 switch 3\n>p1 move bulkup\n>p2 switch 2\n>p1 switch 4\n>p2 move hurricane\n>p1 move weatherball\n>p2 move hurricane\n>p1 switch 2\n>p1 move hydropump\n>p2 switch 2\n>p1 move hydropump\n>p2 move suckerpunch\n>p2 switch 5\n>p1 move hydropump\n>p2 move doubleedge\n>forcelose p1", "uploadtime": 1732998109, "views": 1, "formatid": "gen9randombattle", "rating": 1813, "private": 0, "password": null}