{"id": "gen9randombattle-2254037543", "format": "[Gen 9] Random Battle", "players": ["CrashJedi", "Obi-wannabe01"], "log": "|j|\u2606CrashJedi\n|j|\u2606Obi-wannabe01\n|t:|1732983320\n|gametype|singles\n|player|p1|CrashJedi|101|1474\n|player|p2|Obi-wannabe01|265|1484\n|teamsize|p1|6\n|teamsize|p2|6\n|gen|9\n|tier|[Gen 9] Random Battle\n|rated|\n|rule|Species Clause: Limit one of each Pok\u00e9mon\n|rule|HP Percentage Mod: HP is shown in percentages\n|rule|Sleep Clause Mod: Limit one foe put to sleep\n|rule|Illusion Level Mod: Illusion disguises the Pok\u00e9mon's true level\n|\n|t:|1732983320\n|start\n|switch|p1a: Spectrier|Spectrier, L75|274/274\n|switch|p2a: Flygon|Flygon, L82, F|265/265\n|turn|1\n|inactive|Battle timer is ON: inactive players will automatically lose when time's up. (requested by Obi-wannabe01)\n|\n|t:|1732983335\n|move|p1a: Spectrier|Will-O-Wisp|p2a: Flygon|[miss]\n|-miss|p1a: Spectrier|p2a: Flygon\n|move|p2a: Flygon|Dragon Dance|p2a: Flygon\n|-boost|p2a: Flygon|atk|1\n|-boost|p2a: Flygon|spe|1\n|\n|upkeep\n|turn|2\n|\n|t:|1732983344\n|-terastallize|p1a: Spectrier|Fairy\n|move|p2a: Flygon|Outrage|p1a: Spectrier\n|-immune|p1a: Spectrier\n|move|p1a: Spectrier|Draining Kiss|p2a: Flygon\n|-supereffective|p2a: Flygon\n|-damage|p2a: Flygon|44/265\n|-damage|p1a: Spectrier|247/274|[from] item: Life Orb\n|\n|upkeep\n|turn|3\n|\n|t:|1732983355\n|move|p2a: Flygon|Earthquake|p1a: Spectrier\n|-damage|p1a: Spectrier|10/274\n|move|p1a: Spectrier|Draining Kiss|p2a: Flygon\n|-supereffective|p2a: Flygon\n|-damage|p2a: Flygon|0 fnt\n|-heal|p1a: Spectrier|43/274|[from] drain|[of] p2a: Flygon\n|faint|p2a: Flygon\n|-ability|p1a: Spectrier|Grim Neigh|boost\n|-boost|p1a: Spectrier|spa|1\n|-damage|p1a: Spectrier|16/274|[from] item: Life Orb\n|\n|upkeep\n|\n|t:|1732983374\n|switch|p2a: Gurdurr|Gurdurr, L85, M|283/283\n|turn|4\n|\n|t:|1732983386\n|switch|p1a: Luxray|Luxray, L88, F|284/284\n|-ability|p1a: Luxray|Intimidate|boost\n|-unboost|p2a: Gurdurr|atk|1\n|move|p2a: Gurdurr|Mach Punch|p1a: Luxray\n|-damage|p1a: Luxray|248/284\n|\n|upkeep\n|turn|5\n|\n|t:|1732983397\n|move|p1a: Luxray|Play Rough|p2a: Gurdurr\n|-supereffective|p2a: Gurdurr\n|-damage|p2a: Gurdurr|163/283\n|move|p2a: Gurdurr|Knock Off|p1a: Luxray\n|-damage|p1a: Luxray|193/284\n|-enditem|p1a: Luxray|Assault Vest|[from] move: Knock Off|[of] p2a: Gurdurr\n|\n|upkeep\n|turn|6\n|\n|t:|1732983406\n|switch|p2a: Jirachi|Jirachi, L80|291/291\n|move|p1a: Luxray|Play Rough|p2a: Jirachi|[miss]\n|-miss|p1a: Luxray|p2a: Jirachi\n|\n|upkeep\n|turn|7\n|\n|t:|1732983416\n|move|p2a: Jirachi|Body Slam|p1a: Luxray\n|-damage|p1a: Luxray|137/284\n|move|p1a: Luxray|Volt Switch|p2a: Jirachi\n|-damage|p2a: Jirachi|212/291\n|\n|t:|1732983431\n|switch|p1a: Spectrier|Spectrier, L75, tera:Fairy|16/274|[from] Volt Switch\n|\n|-heal|p2a: Jirachi|230/291|[from] item: Leftovers\n|upkeep\n|turn|8\n|\n|t:|1732983447\n|move|p1a: Spectrier|Shadow Ball|p2a: Jirachi\n|-supereffective|p2a: Jirachi\n|-damage|p2a: Jirachi|0 fnt\n|faint|p2a: Jirachi\n|-ability|p1a: Spectrier|Grim Neigh|boost\n|-boost|p1a: Spectrier|spa|1\n|-damage|p1a: Spectrier|0 fnt|[from] item: Life Orb\n|faint|p1a: Spectrier\n|\n|upkeep\n|\n|t:|1732983466\n|switch|p1a: Weezing|Weezing-Galar, L86, F|252/252\n|switch|p2a: Terapagos|Terapagos, L76, F|262/262\n|-activate|p2a: Terapagos|ability: Tera Shift\n|detailschange|p2a: Terapagos|Terapagos-Terastal, L76, F\n|-heal|p2a: Terapagos|269/269|[silent]\n|turn|9\n|\n|t:|1732983477\n|move|p2a: Terapagos|Calm Mind|p2a: Terapagos\n|-boost|p2a: Terapagos|spa|1\n|-boost|p2a: Terapagos|spd|1\n|move|p1a: Weezing|Gunk Shot|p2a: Terapagos\n|-activate|p2a: Terapagos|ability: Tera Shell\n|-resisted|p2a: Terapagos\n|-damage|p2a: Terapagos|206/269\n|-status|p2a: Terapagos|psn\n|\n|-damage|p2a: Terapagos|173/269 psn|[from] psn\n|upkeep\n|turn|10\n|inactive|CrashJedi has 120 seconds left.\n|\n|t:|1732983494\n|switch|p1a: Luxray|Luxray, L88, F|137/284\n|-ability|p1a: Luxray|Intimidate|boost\n|-unboost|p2a: Terapagos|atk|1\n|move|p2a: Terapagos|Tera Starstorm|p1a: Luxray\n|-damage|p1a: Luxray|0 fnt\n|faint|p1a: Luxray\n|\n|-damage|p2a: Terapagos|140/269 psn|[from] psn\n|upkeep\n|inactive|CrashJedi has 120 seconds left.\n|\n|t:|1732983513\n|switch|p1a: Revavroom|Revavroom, L79, F|256/256\n|turn|11\n|\n|t:|1732983520\n|move|p1a: Revavroom|Iron Head|p2a: Terapagos\n|-damage|p2a: Terapagos|33/269 psn\n|-damage|p1a: Revavroom|231/256|[from] item: Life Orb\n|move|p2a: Terapagos|Dark Pulse|p1a: Revavroom\n|-damage|p1a: Revavroom|140/256\n|\n|-damage|p2a: Terapagos|0 fnt|[from] psn\n|faint|p2a: Terapagos\n|upkeep\n|\n|t:|1732983528\n|switch|p2a: Gurdurr|Gurdurr, L85, M|163/283\n|turn|12\n|\n|t:|1732983536\n|move|p1a: Revavroom|Gunk Shot|p2a: Gurdurr\n|-damage|p2a: Gurdurr|37/283\n|-damage|p1a: Revavroom|115/256|[from] item: Life Orb\n|move|p2a: Gurdurr|Drain Punch|p1a: Revavroom\n|-damage|p1a: Revavroom|24/256\n|-heal|p2a: Gurdurr|83/283|[from] drain|[of] p1a: Revavroom\n|\n|upkeep\n|turn|13\n|\n|t:|1732983548\n|move|p2a: Gurdurr|Mach Punch|p1a: Revavroom\n|-damage|p1a: Revavroom|0 fnt\n|faint|p1a: Revavroom\n|\n|upkeep\n|\n|t:|1732983551\n|switch|p1a: Quaquaval|Quaquaval, L79, F|264/264\n|turn|14\n|\n|t:|1732983560\n|switch|p2a: Tentacruel|Tentacruel, L84, F|272/272\n|move|p1a: Quaquaval|Aqua Step|p2a: Tentacruel\n|-resisted|p2a: Tentacruel\n|-damage|p2a: Tentacruel|194/272\n|-boost|p1a: Quaquaval|spe|1\n|-damage|p1a: Quaquaval|238/264|[from] item: Life Orb\n|\n|upkeep\n|turn|15\n|\n|t:|1732983571\n|switch|p1a: Weezing|Weezing-Galar, L86, F|252/252\n|move|p2a: Tentacruel|Sludge Bomb|p1a: Weezing\n|-damage|p1a: Weezing|152/252\n|\n|-heal|p1a: Weezing|167/252|[from] item: Leftovers\n|upkeep\n|turn|16\n|\n|t:|1732983585\n|move|p2a: Tentacruel|Sludge Bomb|p1a: Weezing\n|-damage|p1a: Weezing|77/252\n|move|p1a: Weezing|Gunk Shot|p2a: Tentacruel\n|-resisted|p2a: Tentacruel\n|-damage|p2a: Tentacruel|119/272\n|\n|-heal|p1a: Weezing|92/252|[from] item: Leftovers\n|upkeep\n|turn|17\n|\n|t:|1732983599\n|move|p2a: Tentacruel|Surf|p1a: Weezing\n|-damage|p1a: Weezing|0 fnt\n|faint|p1a: Weezing\n|\n|upkeep\n|\n|t:|1732983602\n|switch|p1a: Hydrapple|Hydrapple, L83, M|312/312\n|turn|18\n|\n|t:|1732983606\n|move|p2a: Tentacruel|Sludge Bomb|p1a: Hydrapple\n|-supereffective|p1a: Hydrapple\n|-damage|p1a: Hydrapple|126/312\n|move|p1a: Hydrapple|Fickle Beam|p2a: Tentacruel\n|-damage|p2a: Tentacruel|70/272\n|\n|-heal|p1a: Hydrapple|145/312|[from] item: Leftovers\n|upkeep\n|turn|19\n|\n|t:|1732983623\n|move|p2a: Tentacruel|Sludge Bomb|p1a: Hydrapple\n|-supereffective|p1a: Hydrapple\n|-damage|p1a: Hydrapple|0 fnt\n|faint|p1a: Hydrapple\n|\n|upkeep\n|\n|t:|1732983626\n|switch|p1a: Quaquaval|Quaquaval, L79, F|238/264\n|turn|20\n|\n|t:|1732983632\n|move|p2a: Tentacruel|Sludge Bomb|p1a: Quaquaval\n|-damage|p1a: Quaquaval|135/264\n|move|p1a: Quaquaval|Swords Dance|p1a: Quaquaval\n|-boost|p1a: Quaquaval|atk|2\n|\n|upkeep\n|turn|21\n|\n|t:|1732983641\n|move|p2a: Tentacruel|Sludge Bomb|p1a: Quaquaval\n|-damage|p1a: Quaquaval|27/264\n|-status|p1a: Quaquaval|psn\n|move|p1a: Quaquaval|Aqua Step|p2a: Tentacruel\n|-resisted|p2a: Tentacruel\n|-damage|p2a: Tentacruel|0 fnt\n|-boost|p1a: Quaquaval|spe|1\n|faint|p2a: Tentacruel\n|-ability|p1a: Quaquaval|Moxie|boost\n|-boost|p1a: Quaquaval|atk|1\n|-damage|p1a: Quaquaval|1/264 psn|[from] item: Life Orb\n|\n|-damage|p1a: Quaquaval|0 fnt|[from] psn\n|faint|p1a: Quaquaval\n|\n|win|Obi-wannabe01\n|upkeep\n|raw|CrashJedi's rating: 1474 &rarr; <strong>1455</strong><br />(-19 for losing)\n|raw|Obi-wannabe01's rating: 1484 &rarr; <strong>1503</strong><br />(+19 for winning)\n|l|\u2606CrashJedi\n|player|p1|\n", "inputlog": ">version b107d77f5c90bd6555267ae244a6264823309ead\n>start {\"formatid\":\"gen9randombattle\",\"seed\":[11207,30905,57799,33564],\"rated\":\"Rated battle\"}\n>player p1 {\"name\":\"CrashJedi\",\"avatar\":\"101\",\"rating\":1474,\"seed\":[49802,4313,12935,4111]}\n>player p2 {\"name\":\"Obi-wannabe01\",\"avatar\":\"265\",\"rating\":1484,\"seed\":[57850,44113,64212,14774]}\n>p1 move willowisp\n>p2 move dragondance\n>p1 move drainingkiss terastallize\n>p2 move outrage\n>p1 move drainingkiss\n>p2 move earthquake\n>p2 switch 5\n>p1 switch 4\n>p2 move machpunch\n>p1 move playrough\n>p2 move knockoff\n>p1 move playrough\n>p2 switch 6\n>p1 move voltswitch\n>p2 move bodyslam\n>p1 switch 4\n>p1 move shadowball\n>p2 move bodyslam\n>p1 switch 6\n>p2 switch 4\n>p1 move gunkshot\n>p2 move calmmind\n>p1 switch 4\n>p2 move terastarstorm\n>p1 switch 5\n>p1 move ironhead\n>p2 move darkpulse\n>p2 switch 6\n>p1 move gunkshot\n>p2 move drainpunch\n>p1 move gunkshot\n>p2 move machpunch\n>p1 switch 3\n>p1 move aquastep\n>p2 switch 3\n>p1 switch 4\n>p2 move sludgebomb\n>p1 move gunkshot\n>p2 move sludgebomb\n>p1 move strangesteam\n>p2 move surf\n>p1 switch 2\n>p1 move ficklebeam\n>p2 move sludgebomb\n>p1 move earthpower\n>p2 move sludgebomb\n>p1 switch 4\n>p1 move swordsdance\n>p2 move sludgebomb\n>p1 move aquastep\n>p2 move sludgebomb", "uploadtime": 1732983660, "views": 1, "formatid": "gen9randombattle", "rating": 1455, "private": 0, "password": null}