{"id": "gen9randombattle-2254175290", "format": "[Gen 9] Random Battle", "players": ["bellenguer2", "Badplayer27"], "log": "|j|\u2606bellenguer2\n|j|\u2606Badplayer27\n|t:|1733000540\n|gametype|singles\n|player|p1|bellenguer2|dawn|1720\n|player|p2|Badplayer27|workerice|1729\n|teamsize|p1|6\n|teamsize|p2|6\n|gen|9\n|tier|[Gen 9] Random Battle\n|rated|\n|rule|Species Clause: Limit one of each Pok\u00e9mon\n|rule|HP Percentage Mod: HP is shown in percentages\n|rule|Sleep Clause Mod: Limit one foe put to sleep\n|rule|Illusion Level Mod: Illusion disguises the Pok\u00e9mon's true level\n|\n|t:|1733000540\n|start\n|switch|p1a: Arcanine|Arcanine-Hisui, L81, F|287/287\n|switch|p2a: Altaria|Altaria, L88, F|275/275\n|turn|1\n|\n|t:|1733000553\n|switch|p2a: Archaludon|Archaludon, L78, F|268/268\n|move|p1a: Arcanine|Head Smash|p2a: Archaludon\n|-resisted|p2a: Archaludon\n|-damage|p2a: Archaludon|199/268\n|-ability|p2a: Archaludon|Stamina|boost\n|-boost|p2a: Archaludon|def|1\n|\n|-heal|p2a: Archaludon|215/268|[from] item: Leftovers\n|upkeep\n|turn|2\n|\n|t:|1733000565\n|switch|p1a: Gurdurr|Gurdurr, L85, F|283/283\n|move|p2a: Archaludon|Stealth Rock|p1a: Gurdurr\n|-sidestart|p1: bellenguer2|move: Stealth Rock\n|\n|-heal|p2a: Archaludon|231/268|[from] item: Leftovers\n|upkeep\n|turn|3\n|\n|t:|1733000574\n|move|p2a: Archaludon|Flash Cannon|p1a: Gurdurr\n|-damage|p1a: Gurdurr|195/283\n|move|p1a: Gurdurr|Bulk Up|p1a: Gurdurr\n|-boost|p1a: Gurdurr|atk|1\n|-boost|p1a: Gurdurr|def|1\n|\n|-heal|p2a: Archaludon|247/268|[from] item: Leftovers\n|upkeep\n|turn|4\n|\n|t:|1733000583\n|move|p2a: Archaludon|Flash Cannon|p1a: Gurdurr\n|-damage|p1a: Gurdurr|101/283\n|move|p1a: Gurdurr|Drain Punch|p2a: Archaludon\n|-supereffective|p2a: Archaludon\n|-damage|p2a: Archaludon|101/268\n|-heal|p1a: Gurdurr|174/283|[from] drain|[of] p2a: Archaludon\n|-ability|p2a: Archaludon|Stamina|boost\n|-boost|p2a: Archaludon|def|1\n|\n|-heal|p2a: Archaludon|117/268|[from] item: Leftovers\n|upkeep\n|turn|5\n|\n|t:|1733000595\n|move|p2a: Archaludon|Flash Cannon|p1a: Gurdurr\n|-damage|p1a: Gurdurr|77/283\n|move|p1a: Gurdurr|Drain Punch|p2a: Archaludon\n|-supereffective|p2a: Archaludon\n|-damage|p2a: Archaludon|13/268\n|-heal|p1a: Gurdurr|129/283|[from] drain|[of] p2a: Archaludon\n|-ability|p2a: Archaludon|Stamina|boost\n|-boost|p2a: Archaludon|def|1\n|\n|-heal|p2a: Archaludon|29/268|[from] item: Leftovers\n|upkeep\n|turn|6\n|\n|t:|1733000606\n|move|p1a: Gurdurr|Mach Punch|p2a: Archaludon\n|-supereffective|p2a: Archaludon\n|-damage|p2a: Archaludon|0 fnt\n|faint|p2a: Archaludon\n|\n|upkeep\n|\n|t:|1733000615\n|switch|p2a: Altaria|Altaria, L88, F|275/275\n|turn|7\n|\n|t:|1733000630\n|move|p2a: Altaria|Brave Bird|p1a: Gurdurr\n|-supereffective|p1a: Gurdurr\n|-damage|p1a: Gurdurr|21/283\n|-damage|p2a: Altaria|239/275|[from] Recoil\n|move|p1a: Gurdurr|Knock Off|p2a: Altaria\n|-damage|p2a: Altaria|127/275\n|-enditem|p2a: Altaria|Heavy-Duty Boots|[from] move: Knock Off|[of] p1a: Gurdurr\n|\n|upkeep\n|turn|8\n|\n|t:|1733000638\n|move|p2a: Altaria|Brave Bird|p1a: Gurdurr\n|-supereffective|p1a: Gurdurr\n|-damage|p1a: Gurdurr|0 fnt\n|faint|p1a: Gurdurr\n|-damage|p2a: Altaria|120/275|[from] Recoil\n|\n|upkeep\n|\n|t:|1733000670\n|switch|p1a: Arcanine|Arcanine-Hisui, L81, F|287/287\n|-damage|p1a: Arcanine|216/287|[from] Stealth Rock\n|turn|9\n|\n|t:|1733000731\n|move|p1a: Arcanine|Head Smash|p2a: Altaria\n|-supereffective|p2a: Altaria\n|-damage|p2a: Altaria|0 fnt\n|faint|p2a: Altaria\n|\n|upkeep\n|\n|t:|1733000737\n|switch|p2a: Zacian|Zacian-Crowned, L64|225/225\n|-ability|p2a: Zacian|Intrepid Sword|boost\n|-boost|p2a: Zacian|atk|1\n|turn|10\n|\n|t:|1733000770\n|switch|p1a: Sandslash|Sandslash-Alola, L88, M|275/275\n|-damage|p1a: Sandslash|241/275|[from] Stealth Rock\n|move|p2a: Zacian|Close Combat|p1a: Sandslash\n|-supereffective|p1a: Sandslash\n|-damage|p1a: Sandslash|0 fnt\n|-unboost|p2a: Zacian|def|1\n|-unboost|p2a: Zacian|spd|1\n|faint|p1a: Sandslash\n|\n|upkeep\n|\n|t:|1733000794\n|switch|p1a: Arcanine|Arcanine-Hisui, L81, F|216/287\n|-damage|p1a: Arcanine|145/287|[from] Stealth Rock\n|turn|11\n|\n|t:|1733000810\n|move|p1a: Arcanine|Flare Blitz|p2a: Zacian\n|-supereffective|p2a: Zacian\n|-damage|p2a: Zacian|0 fnt\n|faint|p2a: Zacian\n|\n|upkeep\n|\n|t:|1733000815\n|switch|p2a: Iron Boulder|Iron Boulder, L77|265/265\n|-enditem|p2a: Iron Boulder|Booster Energy\n|-activate|p2a: Iron Boulder|ability: Quark Drive|[fromitem]\n|-start|p2a: Iron Boulder|quarkdrivespe\n|turn|12\n|\n|t:|1733000821\n|move|p2a: Iron Boulder|Swords Dance|p2a: Iron Boulder\n|-boost|p2a: Iron Boulder|atk|2\n|move|p1a: Arcanine|Flare Blitz|p2a: Iron Boulder\n|-resisted|p2a: Iron Boulder\n|-damage|p2a: Iron Boulder|181/265\n|\n|upkeep\n|turn|13\n|\n|t:|1733000828\n|move|p2a: Iron Boulder|Mighty Cleave|p1a: Arcanine\n|-supereffective|p1a: Arcanine\n|-damage|p1a: Arcanine|0 fnt\n|faint|p1a: Arcanine\n|\n|upkeep\n|\n|t:|1733000841\n|switch|p1a: Suicune|Suicune, L82|298/298\n|-damage|p1a: Suicune|261/298|[from] Stealth Rock\n|-ability|p1a: Suicune|Pressure\n|turn|14\n|\n|t:|1733000853\n|-terastallize|p2a: Iron Boulder|Fighting\n|move|p2a: Iron Boulder|Mighty Cleave|p1a: Suicune\n|-damage|p1a: Suicune|107/298\n|move|p1a: Suicune|Scald|p2a: Iron Boulder\n|-damage|p2a: Iron Boulder|108/265\n|\n|-heal|p1a: Suicune|125/298|[from] item: Leftovers\n|upkeep\n|turn|15\n|\n|t:|1733000869\n|move|p2a: Iron Boulder|Mighty Cleave|p1a: Suicune\n|-damage|p1a: Suicune|0 fnt\n|faint|p1a: Suicune\n|\n|upkeep\n|\n|t:|1733000876\n|switch|p1a: Copperajah|Copperajah, L86, M|350/350\n|-damage|p1a: Copperajah|329/350|[from] Stealth Rock\n|turn|16\n|\n|t:|1733000886\n|-terastallize|p1a: Copperajah|Fairy\n|move|p2a: Iron Boulder|Close Combat|p1a: Copperajah\n|-resisted|p1a: Copperajah\n|-damage|p1a: Copperajah|178/350\n|-unboost|p2a: Iron Boulder|def|1\n|-unboost|p2a: Iron Boulder|spd|1\n|move|p1a: Copperajah|Play Rough|p2a: Iron Boulder|[miss]\n|-miss|p1a: Copperajah|p2a: Iron Boulder\n|\n|upkeep\n|turn|17\n|\n|t:|1733000896\n|move|p2a: Iron Boulder|Mighty Cleave|p1a: Copperajah\n|-damage|p1a: Copperajah|0 fnt\n|faint|p1a: Copperajah\n|\n|upkeep\n|\n|t:|1733000898\n|switch|p1a: Hitmonlee|Hitmonlee, L85, M|224/224\n|-damage|p1a: Hitmonlee|210/224|[from] Stealth Rock\n|turn|18\n|inactive|Battle timer is ON: inactive players will automatically lose when time's up. (requested by bellenguer2)\n|\n|t:|1733000913\n|move|p2a: Iron Boulder|Zen Headbutt|p1a: Hitmonlee\n|-supereffective|p1a: Hitmonlee\n|-damage|p1a: Hitmonlee|0 fnt\n|faint|p1a: Hitmonlee\n|\n|win|Badplayer27\n|raw|bellenguer2's rating: 1720 &rarr; <strong>1701</strong><br />(-19 for losing)\n|raw|Badplayer27's rating: 1729 &rarr; <strong>1748</strong><br />(+19 for winning)\n", "inputlog": ">version b107d77f5c90bd6555267ae244a6264823309ead\n>start {\"formatid\":\"gen9randombattle\",\"seed\":[22287,32077,63849,23214],\"rated\":\"Rated battle\"}\n>player p1 {\"name\":\"bellenguer2\",\"avatar\":\"dawn\",\"rating\":1720,\"seed\":[8033,3547,15491,52444]}\n>player p2 {\"name\":\"Badplayer27\",\"avatar\":\"workerice\",\"rating\":1729,\"seed\":[7232,2864,51307,15181]}\n>p1 move headsmash\n>p2 switch 2\n>p1 switch 5\n>p2 move stealthrock\n>p1 move bulkup\n>p2 move flashcannon\n>p1 move drainpunch\n>p2 move flashcannon\n>p1 move drainpunch\n>p2 move flashcannon\n>p1 move machpunch\n>p2 move bodypress\n>p2 switch 2\n>p1 move knockoff\n>p2 move bravebird\n>p1 move knockoff\n>p2 move bravebird\n>p1 switch 5\n>p1 move headsmash\n>p2 move roost\n>p2 switch 3\n>p1 switch 3\n>p2 move closecombat\n>p1 switch 3\n>p1 move flareblitz\n>p2 move closecombat\n>p2 switch 4\n>p1 move flareblitz\n>p2 move swordsdance\n>p1 move flareblitz\n>p2 move mightycleave\n>p1 switch 6\n>p1 move scald\n>p2 move mightycleave terastallize\n>p1 move scald\n>p2 move mightycleave\n>p1 switch 2\n>p1 move playrough terastallize\n>p2 move closecombat\n>p1 move playrough\n>p2 move mightycleave\n>p1 switch 4\n>p1 move closecombat\n>p2 move zenheadbutt", "uploadtime": 1733000920, "views": 1, "formatid": "gen9randombattle", "rating": 1701, "private": 0, "password": null}