{"id": "gen9randombattle-2254110444", "format": "[Gen 9] Random Battle", "players": ["YungMacho", "q6v"], "log": "|j|\u2606YungMacho\n|j|\u2606q6v\n|t:|1732992496\n|gametype|singles\n|player|p1|YungMacho|265|1775\n|player|p2|q6v|caitlin|1798\n|teamsize|p1|6\n|teamsize|p2|6\n|gen|9\n|tier|[Gen 9] Random Battle\n|rated|\n|rule|Species Clause: Limit one of each Pok\u00e9mon\n|rule|HP Percentage Mod: HP is shown in percentages\n|rule|Sleep Clause Mod: Limit one foe put to sleep\n|rule|Illusion Level Mod: Illusion disguises the Pok\u00e9mon's true level\n|\n|t:|1732992496\n|start\n|switch|p1a: Staraptor|Staraptor, L79, F|263/263\n|switch|p2a: Volcarona|Volcarona, L77, F|257/257\n|turn|1\n|inactive|Battle timer is ON: inactive players will automatically lose when time's up. (requested by q6v)\n|\n|t:|1732992505\n|switch|p2a: Chimecho|Chimecho, L94, F|293/293\n|move|p1a: Staraptor|Brave Bird|p2a: Chimecho\n|-damage|p2a: Chimecho|64/293\n|-damage|p1a: Staraptor|187/263|[from] Recoil\n|\n|-heal|p2a: Chimecho|82/293|[from] item: Leftovers\n|upkeep\n|turn|2\n|\n|t:|1732992508\n|move|p1a: Staraptor|Brave Bird|p2a: Chimecho\n|-damage|p2a: Chimecho|0 fnt\n|faint|p2a: Chimecho\n|-damage|p1a: Staraptor|160/263|[from] Recoil\n|\n|upkeep\n|\n|t:|1732992516\n|switch|p2a: Cinderace|Cinderace, L77, F|249/249\n|turn|3\n|\n|t:|1732992519\n|switch|p1a: Walking Wake|Walking Wake, L79|286/286\n|move|p2a: Cinderace|Pyro Ball|p1a: Walking Wake\n|-resisted|p1a: Walking Wake\n|-damage|p1a: Walking Wake|243/286\n|\n|upkeep\n|turn|4\n|\n|t:|1732992523\n|switch|p2a: Bellossom|Bellossom, L84, M|263/263\n|move|p1a: Walking Wake|Flip Turn|p2a: Bellossom\n|-resisted|p2a: Bellossom\n|-damage|p2a: Bellossom|241/263\n|\n|t:|1732992526\n|-end|p1a: Walking Wake|Protosynthesis|[silent]\n|switch|p1a: Staraptor|Staraptor, L79, F|160/263|[from] Flip Turn\n|\n|-heal|p2a: Bellossom|257/263|[from] item: Leftovers\n|upkeep\n|turn|5\n|\n|t:|1732992534\n|move|p1a: Staraptor|Brave Bird|p2a: Bellossom\n|-supereffective|p2a: Bellossom\n|-damage|p2a: Bellossom|0 fnt\n|faint|p2a: Bellossom\n|-damage|p1a: Staraptor|75/263|[from] Recoil\n|\n|upkeep\n|\n|t:|1732992535\n|switch|p2a: Cobalion|Cobalion, L80|277/277\n|turn|6\n|\n|t:|1732992540\n|switch|p1a: Virizion|Virizion, L82|283/283\n|move|p2a: Cobalion|Iron Head|p1a: Virizion\n|-damage|p1a: Virizion|165/283\n|-damage|p2a: Cobalion|250/277|[from] item: Life Orb\n|\n|upkeep\n|turn|7\n|\n|t:|1732992545\n|move|p1a: Virizion|Stone Edge|p2a: Cobalion\n|-resisted|p2a: Cobalion\n|-crit|p2a: Cobalion\n|-damage|p2a: Cobalion|225/277\n|-damage|p1a: Virizion|137/283|[from] item: Life Orb\n|move|p2a: Cobalion|Close Combat|p1a: Virizion\n|-damage|p1a: Virizion|0 fnt\n|-unboost|p2a: Cobalion|def|1\n|-unboost|p2a: Cobalion|spd|1\n|faint|p1a: Virizion\n|-damage|p2a: Cobalion|198/277|[from] item: Life Orb\n|\n|upkeep\n|\n|t:|1732992549\n|switch|p1a: Walking Wake|Walking Wake, L79|243/286\n|turn|8\n|\n|t:|1732992552\n|move|p2a: Cobalion|Close Combat|p1a: Walking Wake\n|-damage|p1a: Walking Wake|101/286\n|-unboost|p2a: Cobalion|def|1\n|-unboost|p2a: Cobalion|spd|1\n|-damage|p2a: Cobalion|171/277|[from] item: Life Orb\n|move|p1a: Walking Wake|Flamethrower|p2a: Cobalion\n|-supereffective|p2a: Cobalion\n|-damage|p2a: Cobalion|0 fnt\n|faint|p2a: Cobalion\n|\n|upkeep\n|\n|t:|1732992556\n|switch|p2a: Volcarona|Volcarona, L77, F|257/257\n|turn|9\n|\n|t:|1732992561\n|-end|p1a: Walking Wake|Protosynthesis|[silent]\n|switch|p1a: Staraptor|Staraptor, L79, F|75/263\n|move|p2a: Volcarona|Quiver Dance|p2a: Volcarona\n|-boost|p2a: Volcarona|spa|1\n|-boost|p2a: Volcarona|spd|1\n|-boost|p2a: Volcarona|spe|1\n|\n|upkeep\n|turn|10\n|\n|t:|1732992566\n|move|p1a: Staraptor|Quick Attack|p2a: Volcarona\n|-damage|p2a: Volcarona|173/257\n|move|p2a: Volcarona|Bug Buzz|p1a: Staraptor\n|-resisted|p1a: Staraptor\n|-damage|p1a: Staraptor|0 fnt\n|faint|p1a: Staraptor\n|\n|upkeep\n|\n|t:|1732992569\n|switch|p1a: Walking Wake|Walking Wake, L79|219/219\n|turn|11\n|\n|t:|1732992580\n|-terastallize|p2a: Volcarona|Water\n|move|p2a: Volcarona|Quiver Dance|p2a: Volcarona\n|-boost|p2a: Volcarona|spa|1\n|-boost|p2a: Volcarona|spd|1\n|-boost|p2a: Volcarona|spe|1\n|move|p1a: Walking Wake|Hyper Voice|p2a: Volcarona\n|-damage|p2a: Volcarona|97/257\n|\n|upkeep\n|turn|12\n|\n|t:|1732992589\n|move|p2a: Volcarona|Tera Blast|p1a: Walking Wake|[anim] Tera Blast Water\n|-damage|p1a: Walking Wake|0 fnt\n|replace|p1a: Zoroark|Zoroark-Hisui, L80, F\n|-end|p1a: Zoroark|Illusion\n|-hint|Illusion Level Mod is active, so this Pok\u00e9mon's true level was hidden.\n|faint|p1a: Zoroark\n|\n|upkeep\n|\n|t:|1732992594\n|switch|p1a: Glastrier|Glastrier, L86|312/312\n|turn|13\n|\n|t:|1732992596\n|-terastallize|p1a: Glastrier|Ground\n|move|p2a: Volcarona|Fire Blast|p1a: Glastrier\n|-damage|p1a: Glastrier|107/312\n|move|p1a: Glastrier|High Horsepower|p2a: Volcarona\n|-crit|p2a: Volcarona\n|-damage|p2a: Volcarona|0 fnt\n|faint|p2a: Volcarona\n|-ability|p1a: Glastrier|Chilling Neigh|boost\n|-boost|p1a: Glastrier|atk|1\n|\n|upkeep\n|\n|t:|1732992602\n|switch|p2a: Umbreon|Umbreon, L84, M|297/297\n|turn|14\n|\n|t:|1732992604\n|move|p2a: Umbreon|Foul Play|p1a: Glastrier\n|-damage|p1a: Glastrier|0 fnt\n|faint|p1a: Glastrier\n|\n|upkeep\n|\n|t:|1732992609\n|switch|p1a: Zapdos|Zapdos-Galar, L77|265/265\n|turn|15\n|\n|t:|1732992613\n|move|p2a: Umbreon|Protect|p2a: Umbreon\n|-singleturn|p2a: Umbreon|Protect\n|move|p1a: Zapdos|Close Combat|p2a: Umbreon\n|-activate|p2a: Umbreon|move: Protect\n|\n|upkeep\n|turn|16\n|\n|t:|1732992615\n|move|p1a: Zapdos|Close Combat|p2a: Umbreon\n|-supereffective|p2a: Umbreon\n|-damage|p2a: Umbreon|0 fnt\n|-unboost|p1a: Zapdos|def|1\n|-unboost|p1a: Zapdos|spd|1\n|faint|p2a: Umbreon\n|\n|upkeep\n|\n|t:|1732992618\n|switch|p2a: Cinderace|Cinderace, L77, F|249/249\n|turn|17\n|\n|t:|1732992621\n|move|p2a: Cinderace|Gunk Shot|p1a: Zapdos\n|-start|p2a: Cinderace|typechange|Poison|[from] ability: Libero\n|-damage|p1a: Zapdos|0 fnt\n|faint|p1a: Zapdos\n|\n|upkeep\n|\n|t:|1732992625\n|switch|p1a: Walking Wake|Walking Wake, L79|101/286\n|turn|18\n|\n|t:|1732992627\n|move|p2a: Cinderace|Gunk Shot|p1a: Walking Wake\n|-damage|p1a: Walking Wake|0 fnt\n|faint|p1a: Walking Wake\n|-end|p1a: Walking Wake|Protosynthesis|[silent]\n|\n|win|q6v\n|raw|YungMacho's rating: 1775 &rarr; <strong>1756</strong><br />(-19 for losing)\n|raw|q6v's rating: 1798 &rarr; <strong>1817</strong><br />(+19 for winning)\n|l|\u2606YungMacho\n|player|p1|\n", "inputlog": ">version b107d77f5c90bd6555267ae244a6264823309ead\n>start {\"formatid\":\"gen9randombattle\",\"seed\":[8622,56337,48576,58169],\"rated\":\"Rated battle\"}\n>player p1 {\"name\":\"YungMacho\",\"avatar\":\"265\",\"rating\":1775,\"seed\":[42712,6306,1828,54985]}\n>player p2 {\"name\":\"q6v\",\"avatar\":\"caitlin\",\"rating\":1798,\"seed\":[23200,7935,23033,16020]}\n>p1 move bravebird\n>p2 switch 3\n>p1 move bravebird\n>p2 move psychicnoise\n>p2 switch 6\n>p1 switch 6\n>p2 move pyroball\n>p1 move flipturn\n>p2 switch 5\n>p1 switch 6\n>p1 move bravebird\n>p2 move quiverdance\n>p2 switch 2\n>p1 switch 5\n>p2 move ironhead\n>p1 move stoneedge\n>p2 move closecombat\n>p1 switch 6\n>p1 move flamethrower\n>p2 move closecombat\n>p2 switch 3\n>p1 switch 5\n>p2 move quiverdance\n>p1 move quickattack\n>p2 move bugbuzz\n>p1 switch 3\n>p1 move hypervoice\n>p2 move quiverdance terastallize\n>p1 move hypervoice\n>p2 move terablast\n>p1 switch 4\n>p1 move highhorsepower terastallize\n>p2 move fireblast\n>p2 switch 4\n>p1 move closecombat\n>p2 move foulplay\n>p1 switch 2\n>p1 move closecombat\n>p2 move protect\n>p1 move closecombat\n>p2 move foulplay\n>p2 switch 5\n>p1 move closecombat\n>p2 move gunkshot\n>p1 switch 5\n>p1 move hydropump\n>p2 move gunkshot", "uploadtime": 1732992630, "views": 2, "formatid": "gen9randombattle", "rating": 1756, "private": 0, "password": null}