{"id": "gen9randombattle-2254062720", "format": "[Gen 9] Random Battle", "players": ["CapoDiUrano", "Sealed Book"], "log": "|j|\u2606CapoDiUrano\n|j|\u2606Sealed Book\n|t:|1732986569\n|gametype|singles\n|player|p1|CapoDiUrano|ingo|1320\n|player|p2|Sealed Book|lisia|1316\n|teamsize|p1|6\n|teamsize|p2|6\n|gen|9\n|tier|[Gen 9] Random Battle\n|rated|\n|rule|Species Clause: Limit one of each Pok\u00e9mon\n|rule|HP Percentage Mod: HP is shown in percentages\n|rule|Sleep Clause Mod: Limit one foe put to sleep\n|rule|Illusion Level Mod: Illusion disguises the Pok\u00e9mon's true level\n|\n|t:|1732986569\n|start\n|switch|p1a: Shaymin|Shaymin, L82|298/298\n|switch|p2a: Roaring Moon|Roaring Moon, L72|270/270\n|turn|1\n|\n|t:|1732986588\n|-end|p2a: Roaring Moon|Protosynthesis|[silent]\n|switch|p2a: Spidops|Spidops, L96, M|271/271\n|move|p1a: Shaymin|Leech Seed|p2a: Spidops\n|-start|p2a: Spidops|move: Leech Seed\n|\n|-damage|p2a: Spidops|238/271|[from] Leech Seed|[of] p1a: Shaymin\n|upkeep\n|turn|2\n|\n|t:|1732986597\n|move|p1a: Shaymin|Substitute|p1a: Shaymin\n|-start|p1a: Shaymin|Substitute\n|-damage|p1a: Shaymin|224/298\n|move|p2a: Spidops|Sticky Web|p1a: Shaymin\n|-sidestart|p1: CapoDiUrano|move: Sticky Web\n|\n|-heal|p1a: Shaymin|242/298|[from] item: Leftovers\n|-damage|p2a: Spidops|205/271|[from] Leech Seed|[of] p1a: Shaymin\n|-heal|p1a: Shaymin|275/298|[silent]\n|upkeep\n|turn|3\n|\n|t:|1732986613\n|move|p1a: Shaymin|Air Slash|p2a: Spidops\n|-supereffective|p2a: Spidops\n|-damage|p2a: Spidops|117/271\n|cant|p2a: Spidops|flinch\n|\n|-heal|p1a: Shaymin|293/298|[from] item: Leftovers\n|-damage|p2a: Spidops|84/271|[from] Leech Seed|[of] p1a: Shaymin\n|-heal|p1a: Shaymin|298/298|[silent]\n|upkeep\n|turn|4\n|\n|t:|1732986622\n|switch|p2a: Plusle|Plusle, L95, F|268/268\n|move|p1a: Shaymin|Air Slash|p2a: Plusle\n|-resisted|p2a: Plusle\n|-damage|p2a: Plusle|242/268\n|\n|upkeep\n|turn|5\n|\n|t:|1732986629\n|move|p2a: Plusle|Encore|p1a: Shaymin\n|-start|p1a: Shaymin|Encore\n|move|p1a: Shaymin|Air Slash|p2a: Plusle\n|-resisted|p2a: Plusle\n|-damage|p2a: Plusle|216/268\n|\n|upkeep\n|turn|6\n|\n|t:|1732986635\n|move|p2a: Plusle|Nasty Plot|p2a: Plusle\n|-boost|p2a: Plusle|spa|2\n|move|p1a: Shaymin|Air Slash|p2a: Plusle\n|-resisted|p2a: Plusle\n|-damage|p2a: Plusle|188/268\n|\n|upkeep\n|turn|7\n|\n|t:|1732986642\n|move|p2a: Plusle|Nasty Plot|p2a: Plusle\n|-boost|p2a: Plusle|spa|2\n|move|p1a: Shaymin|Air Slash|p2a: Plusle\n|-resisted|p2a: Plusle\n|-damage|p2a: Plusle|164/268\n|\n|-end|p1a: Shaymin|Encore\n|upkeep\n|turn|8\n|\n|t:|1732986650\n|move|p2a: Plusle|Encore|p1a: Shaymin\n|-start|p1a: Shaymin|Encore\n|move|p1a: Shaymin|Air Slash|p2a: Plusle\n|-resisted|p2a: Plusle\n|-damage|p2a: Plusle|137/268\n|\n|upkeep\n|turn|9\n|\n|t:|1732986657\n|move|p2a: Plusle|Thunderbolt|p1a: Shaymin\n|-resisted|p1a: Shaymin\n|-crit|p1a: Shaymin\n|-end|p1a: Shaymin|Substitute\n|-damage|p2a: Plusle|111/268|[from] item: Life Orb\n|move|p1a: Shaymin|Air Slash|p2a: Plusle\n|-resisted|p2a: Plusle\n|-damage|p2a: Plusle|87/268\n|\n|upkeep\n|turn|10\n|\n|t:|1732986680\n|switch|p1a: Swalot|Swalot, L90, F|326/326\n|-activate|p1a: Swalot|move: Sticky Web\n|-unboost|p1a: Swalot|spe|1\n|move|p2a: Plusle|Thunderbolt|p1a: Swalot\n|-damage|p1a: Swalot|0 fnt\n|faint|p1a: Swalot\n|-damage|p2a: Plusle|61/268|[from] item: Life Orb\n|\n|upkeep\n|\n|t:|1732986698\n|switch|p1a: Miraidon|Miraidon, L65|238/238\n|-activate|p1a: Miraidon|move: Sticky Web\n|-unboost|p1a: Miraidon|spe|1\n|-fieldstart|move: Electric Terrain|[from] ability: Hadron Engine|[of] p1a: Miraidon\n|turn|11\n|\n|t:|1732986709\n|-terastallize|p1a: Miraidon|Electric\n|move|p2a: Plusle|Thunderbolt|p1a: Miraidon\n|-resisted|p1a: Miraidon\n|-damage|p1a: Miraidon|0 fnt\n|faint|p1a: Miraidon\n|-damage|p2a: Plusle|35/268|[from] item: Life Orb\n|\n|upkeep\n|\n|t:|1732986720\n|switch|p1a: Shaymin|Shaymin, L82|298/298\n|-activate|p1a: Shaymin|move: Sticky Web\n|-unboost|p1a: Shaymin|spe|1\n|turn|12\n|\n|t:|1732986725\n|move|p2a: Plusle|Thunderbolt|p1a: Shaymin\n|-resisted|p1a: Shaymin\n|-damage|p1a: Shaymin|21/298\n|-damage|p2a: Plusle|9/268|[from] item: Life Orb\n|move|p1a: Shaymin|Leech Seed|p2a: Plusle\n|-start|p2a: Plusle|move: Leech Seed\n|\n|-heal|p1a: Shaymin|39/298|[from] item: Leftovers\n|-damage|p2a: Plusle|0 fnt|[from] Leech Seed|[of] p1a: Shaymin\n|-heal|p1a: Shaymin|48/298|[silent]\n|faint|p2a: Plusle\n|upkeep\n|\n|t:|1732986732\n|switch|p2a: Roaring Moon|Roaring Moon, L72|270/270\n|turn|13\n|\n|t:|1732986738\n|move|p2a: Roaring Moon|Knock Off|p1a: Shaymin\n|-damage|p1a: Shaymin|0 fnt\n|-enditem|p1a: Shaymin|Leftovers|[from] move: Knock Off|[of] p2a: Roaring Moon\n|faint|p1a: Shaymin\n|\n|upkeep\n|\n|t:|1732986746\n|switch|p1a: Cloyster|Cloyster, L80, F|211/211\n|-activate|p1a: Cloyster|move: Sticky Web\n|-unboost|p1a: Cloyster|spe|1\n|-enditem|p1a: Cloyster|White Herb\n|-clearnegativeboost|p1a: Cloyster|[silent]\n|turn|14\n|\n|t:|1732986756\n|-end|p2a: Roaring Moon|Protosynthesis|[silent]\n|switch|p2a: Tauros|Tauros-Paldea-Combat, L82, M|257/257\n|-ability|p2a: Tauros|Intimidate|boost\n|-unboost|p1a: Cloyster|atk|1\n|move|p1a: Cloyster|Shell Smash|p1a: Cloyster\n|-unboost|p1a: Cloyster|def|1\n|-unboost|p1a: Cloyster|spd|1\n|-boost|p1a: Cloyster|atk|2\n|-boost|p1a: Cloyster|spa|2\n|-boost|p1a: Cloyster|spe|2\n|\n|upkeep\n|turn|15\n|\n|t:|1732986770\n|move|p1a: Cloyster|Hydro Pump|p2a: Tauros\n|-damage|p2a: Tauros|11/257\n|move|p2a: Tauros|Close Combat|p1a: Cloyster\n|-supereffective|p1a: Cloyster\n|-damage|p1a: Cloyster|0 fnt\n|-unboost|p2a: Tauros|def|1\n|-unboost|p2a: Tauros|spd|1\n|faint|p1a: Cloyster\n|\n|-fieldend|move: Electric Terrain\n|upkeep\n|inactive|Battle timer is ON: inactive players will automatically lose when time's up. (requested by Sealed Book)\n|-message|CapoDiUrano forfeited.\n|\n|win|Sealed Book\n|raw|CapoDiUrano's rating: 1320 &rarr; <strong>1300</strong><br />(-20 for losing)\n|raw|Sealed Book's rating: 1316 &rarr; <strong>1336</strong><br />(+20 for winning)\n|l|\u2606CapoDiUrano\n|player|p1|\n|c|\u2606Sealed Book|16 wins - 3 loses\n", "inputlog": ">version b107d77f5c90bd6555267ae244a6264823309ead\n>start {\"formatid\":\"gen9randombattle\",\"seed\":[5832,42863,58403,49353],\"rated\":\"Rated battle\"}\n>player p1 {\"name\":\"CapoDiUrano\",\"avatar\":\"ingo\",\"rating\":1320,\"seed\":[37889,10905,42660,22610]}\n>player p2 {\"name\":\"Sealed Book\",\"avatar\":\"lisia\",\"rating\":1316,\"seed\":[12868,32468,3563,19796]}\n>p1 move leechseed\n>p2 switch 6\n>p1 move substitute\n>p2 move stickyweb\n>p1 move airslash\n>p2 move knockoff\n>p1 move airslash\n>p2 switch 3\n>p1 move seedflare\n>p2 move encore\n>p1 move airslash\n>p2 move nastyplot\n>p1 move airslash\n>p2 move nastyplot\n>p1 move airslash\n>p2 move encore\n>p1 move airslash\n>p2 move thunderbolt\n>p1 switch 2\n>p2 move thunderbolt\n>p1 switch 5\n>p1 move dracometeor terastallize\n>p2 move thunderbolt\n>p1 switch 2\n>p1 move leechseed\n>p2 move thunderbolt\n>p2 switch 6\n>p1 move leechseed\n>p2 move knockoff\n>p1 switch 3\n>p1 move shellsmash\n>p2 switch 4\n>p1 move hydropump\n>p2 move closecombat\n>forcelose p1", "uploadtime": 1732986793, "views": 1, "formatid": "gen9randombattle", "rating": 1300, "private": 0, "password": null}