{"id": "gen9randombattle-2254096991", "format": "[Gen 9] Random Battle", "players": ["Sealed Book", "Absiinte"], "log": "|j|\u2606Sealed Book\n|j|\u2606Absiinte\n|t:|1732990889\n|gametype|singles\n|player|p1|Sealed Book|lisia|1437\n|player|p2|Absiinte|265|1459\n|teamsize|p1|6\n|teamsize|p2|6\n|gen|9\n|tier|[Gen 9] Random Battle\n|rated|\n|rule|Species Clause: Limit one of each Pok\u00e9mon\n|rule|HP Percentage Mod: HP is shown in percentages\n|rule|Sleep Clause Mod: Limit one foe put to sleep\n|rule|Illusion Level Mod: Illusion disguises the Pok\u00e9mon's true level\n|\n|t:|1732990889\n|start\n|switch|p1a: Volcarona|Volcarona, L77, M|257/257\n|switch|p2a: Zangoose|Zangoose, L85, F|263/263\n|turn|1\n|\n|t:|1732990919\n|move|p2a: Zangoose|Swords Dance|p2a: Zangoose\n|-boost|p2a: Zangoose|atk|2\n|move|p1a: Volcarona|Quiver Dance|p1a: Volcarona\n|-boost|p1a: Volcarona|spa|1\n|-boost|p1a: Volcarona|spd|1\n|-boost|p1a: Volcarona|spe|1\n|\n|-status|p2a: Zangoose|tox|[from] item: Toxic Orb\n|upkeep\n|turn|2\n|inactive|Battle timer is ON: inactive players will automatically lose when time's up. (requested by Sealed Book)\n|\n|t:|1732990935\n|-terastallize|p2a: Zangoose|Normal\n|move|p2a: Zangoose|Quick Attack|p1a: Volcarona\n|-damage|p1a: Volcarona|0 fnt\n|faint|p1a: Volcarona\n|\n|-damage|p2a: Zangoose|247/263 tox|[from] psn\n|upkeep\n|\n|t:|1732990948\n|switch|p1a: Walking Wake|Walking Wake, L79|286/286\n|turn|3\n|\n|t:|1732990958\n|move|p2a: Zangoose|Quick Attack|p1a: Walking Wake\n|-damage|p1a: Walking Wake|72/286\n|move|p1a: Walking Wake|Draco Meteor|p2a: Zangoose\n|-damage|p2a: Zangoose|0 fnt\n|-unboost|p1a: Walking Wake|spa|2\n|faint|p2a: Zangoose\n|\n|upkeep\n|\n|t:|1732990962\n|switch|p2a: Ursaluna|Ursaluna, L79, M|335/335\n|turn|4\n|inactive|Sealed Book has 120 seconds left.\n|\n|t:|1732991005\n|-end|p1a: Walking Wake|Protosynthesis|[silent]\n|switch|p1a: Decidueye|Decidueye-Hisui, L87, M|295/295\n|move|p2a: Ursaluna|Trailblaze|p1a: Decidueye\n|-resisted|p1a: Decidueye\n|-damage|p1a: Decidueye|272/295\n|-boost|p2a: Ursaluna|spe|1\n|\n|-heal|p1a: Decidueye|290/295|[from] item: Leftovers\n|-status|p2a: Ursaluna|brn|[from] item: Flame Orb\n|upkeep\n|turn|5\n|\n|t:|1732991034\n|move|p2a: Ursaluna|Facade|p1a: Decidueye\n|-damage|p1a: Decidueye|10/295\n|move|p1a: Decidueye|Leaf Blade|p2a: Ursaluna\n|-supereffective|p2a: Ursaluna\n|-damage|p2a: Ursaluna|135/335 brn\n|\n|-heal|p1a: Decidueye|28/295|[from] item: Leftovers\n|-damage|p2a: Ursaluna|115/335 brn|[from] brn\n|upkeep\n|turn|6\n|inactive|Absiinte has 120 seconds left.\n|\n|t:|1732991061\n|move|p2a: Ursaluna|Trailblaze|p1a: Decidueye\n|-resisted|p1a: Decidueye\n|-damage|p1a: Decidueye|0 fnt\n|-boost|p2a: Ursaluna|spe|1\n|faint|p1a: Decidueye\n|\n|-damage|p2a: Ursaluna|95/335 brn|[from] brn\n|upkeep\n|\n|t:|1732991067\n|switch|p1a: Lunala|Lunala, L70|308/308\n|turn|7\n|\n|t:|1732991070\n|move|p2a: Ursaluna|Throat Chop|p1a: Lunala\n|-supereffective|p1a: Lunala\n|-damage|p1a: Lunala|66/308\n|-start|p1a: Lunala|Throat Chop|[silent]\n|move|p1a: Lunala|Psyshock|p2a: Ursaluna\n|-damage|p2a: Ursaluna|16/335 brn\n|\n|-heal|p1a: Lunala|85/308|[from] item: Leftovers\n|-damage|p2a: Ursaluna|0 fnt|[from] brn\n|faint|p2a: Ursaluna\n|upkeep\n|\n|t:|1732991076\n|switch|p2a: Scizor|Scizor, L79, F|240/240\n|turn|8\n|\n|t:|1732991091\n|move|p2a: Scizor|Bullet Punch|p1a: Lunala\n|-damage|p1a: Lunala|7/308\n|move|p1a: Lunala|Moongeist Beam|p2a: Scizor\n|-damage|p2a: Scizor|126/240\n|\n|-heal|p1a: Lunala|26/308|[from] item: Leftovers\n|-heal|p2a: Scizor|141/240|[from] item: Leftovers\n|-end|p1a: Lunala|Throat Chop|[silent]\n|upkeep\n|turn|9\n|\n|t:|1732991100\n|switch|p1a: Walking Wake|Walking Wake, L79|72/286\n|move|p2a: Scizor|Bullet Punch|p1a: Walking Wake\n|-resisted|p1a: Walking Wake\n|-damage|p1a: Walking Wake|34/286\n|\n|-heal|p2a: Scizor|156/240|[from] item: Leftovers\n|upkeep\n|turn|10\n|\n|t:|1732991106\n|move|p2a: Scizor|Bullet Punch|p1a: Walking Wake\n|-resisted|p1a: Walking Wake\n|-damage|p1a: Walking Wake|1/286\n|move|p1a: Walking Wake|Flamethrower|p2a: Scizor\n|-supereffective|p2a: Scizor\n|-damage|p2a: Scizor|0 fnt\n|faint|p2a: Scizor\n|\n|upkeep\n|\n|t:|1732991117\n|switch|p2a: Alomomola|Alomomola, L87, F|429/429\n|turn|11\n|\n|t:|1732991125\n|-end|p1a: Walking Wake|Protosynthesis|[silent]\n|switch|p1a: Hydreigon|Hydreigon, L79, F|275/275\n|move|p2a: Alomomola|Flip Turn|p1a: Hydreigon\n|-resisted|p1a: Hydreigon\n|-damage|p1a: Hydreigon|248/275\n|inactive|Absiinte has 120 seconds left.\n|inactive|Absiinte has 90 seconds left.\n|inactive|Absiinte has 60 seconds left.\n|inactive|Absiinte has 30 seconds left.\n|inactive|Absiinte has 20 seconds left.\n|inactive|Absiinte has 15 seconds left.\n|inactive|Absiinte has 10 seconds left.\n|inactive|Absiinte has 5 seconds left.\n|-message|Absiinte lost due to inactivity.\n|\n|win|Sealed Book\n|raw|Sealed Book's rating: 1437 &rarr; <strong>1458</strong><br />(+21 for winning)\n|raw|Absiinte's rating: 1459 &rarr; <strong>1438</strong><br />(-21 for losing)\n|c|\u2606Sealed Book|24 wins - 5 loses\n", "inputlog": ">version b107d77f5c90bd6555267ae244a6264823309ead\n>start {\"formatid\":\"gen9randombattle\",\"seed\":[47054,35162,64558,11062],\"rated\":\"Rated battle\"}\n>player p1 {\"name\":\"Sealed Book\",\"avatar\":\"lisia\",\"rating\":1437,\"seed\":[56182,29146,27832,41464]}\n>player p2 {\"name\":\"Absiinte\",\"avatar\":\"265\",\"rating\":1459,\"seed\":[4007,65518,6693,28271]}\n>p1 move quiverdance\n>p2 move swordsdance\n>p1 move fireblast\n>p2 move quickattack terastallize\n>p1 switch 6\n>p1 move dracometeor\n>p2 move quickattack\n>p2 switch 4\n>p1 switch 2\n>p2 move trailblaze\n>p1 move leafblade\n>p2 move facade\n>p1 move leafblade\n>p2 move trailblaze\n>p1 switch 4\n>p1 move psyshock\n>p2 move throatchop\n>p2 switch 5\n>p1 move moongeistbeam\n>p2 move bulletpunch\n>p1 switch 2\n>p2 move bulletpunch\n>p1 move flamethrower\n>p2 move bulletpunch\n>p2 switch 6\n>p1 switch 5\n>p2 move flipturn\n>forcelose p2", "uploadtime": 1732991281, "views": 1, "formatid": "gen9randombattle", "rating": 1438, "private": 0, "password": null}