{"id": "gen9randombattle-2253851239", "format": "[Gen 9] Random Battle", "players": ["duskiidawn", "WSQER"], "log": "|j|\u2606duskiidawn\n|j|\u2606WSQER\n|t:|1732948891\n|gametype|singles\n|player|p1|duskiidawn|gambler|1047\n|player|p2|WSQER|101|1000\n|teamsize|p1|6\n|teamsize|p2|6\n|gen|9\n|tier|[Gen 9] Random Battle\n|rated|\n|rule|Species Clause: Limit one of each Pok\u00e9mon\n|rule|HP Percentage Mod: HP is shown in percentages\n|rule|Sleep Clause Mod: Limit one foe put to sleep\n|rule|Illusion Level Mod: Illusion disguises the Pok\u00e9mon's true level\n|\n|t:|1732948891\n|start\n|switch|p1a: Gouging Fire|Gouging Fire, L74|277/277\n|switch|p2a: Yanmega|Yanmega, L82, F|275/275\n|turn|1\n|\n|t:|1732948908\n|move|p2a: Yanmega|Tera Blast|p1a: Gouging Fire\n|-damage|p1a: Gouging Fire|213/277\n|move|p1a: Gouging Fire|Heat Crash|p2a: Yanmega\n|-supereffective|p2a: Yanmega\n|-damage|p2a: Yanmega|17/275\n|\n|-ability|p2a: Yanmega|Speed Boost|boost\n|-boost|p2a: Yanmega|spe|1\n|upkeep\n|turn|2\n|\n|t:|1732948921\n|move|p2a: Yanmega|Protect|p2a: Yanmega\n|-singleturn|p2a: Yanmega|Protect\n|move|p1a: Gouging Fire|Heat Crash|p2a: Yanmega\n|-activate|p2a: Yanmega|move: Protect\n|\n|-ability|p2a: Yanmega|Speed Boost|boost\n|-boost|p2a: Yanmega|spe|1\n|upkeep\n|turn|3\n|\n|t:|1732948931\n|-terastallize|p2a: Yanmega|Ground\n|move|p2a: Yanmega|Air Slash|p1a: Gouging Fire\n|-damage|p1a: Gouging Fire|117/277\n|move|p1a: Gouging Fire|Dragon Dance|p1a: Gouging Fire\n|-boost|p1a: Gouging Fire|atk|1\n|-boost|p1a: Gouging Fire|spe|1\n|\n|-ability|p2a: Yanmega|Speed Boost|boost\n|-boost|p2a: Yanmega|spe|1\n|upkeep\n|turn|4\n|\n|t:|1732948944\n|move|p2a: Yanmega|Protect|p2a: Yanmega\n|-singleturn|p2a: Yanmega|Protect\n|move|p1a: Gouging Fire|Earthquake|p2a: Yanmega\n|-activate|p2a: Yanmega|move: Protect\n|\n|-ability|p2a: Yanmega|Speed Boost|boost\n|-boost|p2a: Yanmega|spe|1\n|upkeep\n|turn|5\n|\n|t:|1732948953\n|switch|p2a: Eternatus|Eternatus, L69|308/308\n|-ability|p2a: Eternatus|Pressure\n|move|p1a: Gouging Fire|Heat Crash|p2a: Eternatus\n|-resisted|p2a: Eternatus\n|-damage|p2a: Eternatus|277/308\n|\n|-heal|p2a: Eternatus|296/308|[from] item: Leftovers\n|upkeep\n|turn|6\n|\n|t:|1732948960\n|move|p1a: Gouging Fire|Outrage|p2a: Eternatus\n|-supereffective|p2a: Eternatus\n|-damage|p2a: Eternatus|0 fnt\n|faint|p2a: Eternatus\n|\n|upkeep\n|\n|t:|1732948965\n|switch|p2a: Dusknoir|Dusknoir, L89, M|219/219\n|turn|7\n|\n|t:|1732948969\n|move|p1a: Gouging Fire|Outrage|p2a: Dusknoir|[from]lockedmove\n|-damage|p2a: Dusknoir|0 fnt\n|replace|p2a: Zoroark|Zoroark-Hisui, L80, M\n|-end|p2a: Zoroark|Illusion\n|-hint|Illusion Level Mod is active, so this Pok\u00e9mon's true level was hidden.\n|faint|p2a: Zoroark\n|-start|p1a: Gouging Fire|confusion|[fatigue]\n|\n|upkeep\n|\n|t:|1732948974\n|switch|p2a: Eiscue|Eiscue, L88, F|274/274\n|turn|8\n|\n|t:|1732948979\n|-activate|p1a: Gouging Fire|confusion\n|-damage|p1a: Gouging Fire|84/277|[from] confusion\n|move|p2a: Eiscue|Liquidation|p1a: Gouging Fire\n|-damage|p1a: Gouging Fire|36/277\n|-unboost|p1a: Gouging Fire|def|1\n|\n|upkeep\n|turn|9\n|\n|t:|1732948982\n|-activate|p1a: Gouging Fire|confusion\n|-damage|p1a: Gouging Fire|0 fnt|[from] confusion\n|faint|p1a: Gouging Fire\n|-end|p1a: Gouging Fire|Protosynthesis|[silent]\n|move|p2a: Eiscue|Liquidation|p1: Gouging Fire|[notarget]\n|-fail|p2a: Eiscue\n|\n|upkeep\n|\n|t:|1732948999\n|switch|p1a: Camerupt|Camerupt, L91, M|275/275\n|turn|10\n|\n|t:|1732949007\n|move|p2a: Eiscue|Liquidation|p1a: Camerupt\n|-supereffective|p1a: Camerupt\n|-damage|p1a: Camerupt|86/275\n|move|p1a: Camerupt|Stealth Rock|p2a: Eiscue\n|-sidestart|p2: WSQER|move: Stealth Rock\n|\n|-heal|p1a: Camerupt|103/275|[from] item: Leftovers\n|upkeep\n|turn|11\n|\n|t:|1732949022\n|switch|p1a: Tauros|Tauros-Paldea-Combat, L82, M|257/257\n|-ability|p1a: Tauros|Intimidate|boost\n|-unboost|p2a: Eiscue|atk|1\n|move|p2a: Eiscue|Liquidation|p1a: Tauros\n|-damage|p1a: Tauros|222/257\n|\n|upkeep\n|turn|12\n|\n|t:|1732949034\n|move|p1a: Tauros|Close Combat|p2a: Eiscue\n|-activate|p2a: Eiscue|ability: Ice Face\n|-damage|p2a: Eiscue|274/274\n|-unboost|p1a: Tauros|def|1\n|-unboost|p1a: Tauros|spd|1\n|detailschange|p2a: Eiscue|Eiscue-Noice, L88, F\n|-damage|p1a: Tauros|197/257|[from] item: Life Orb\n|move|p2a: Eiscue|Zen Headbutt|p1a: Tauros\n|-supereffective|p1a: Tauros\n|-damage|p1a: Tauros|97/257\n|\n|upkeep\n|turn|13\n|\n|t:|1732949050\n|move|p2a: Eiscue|Zen Headbutt|p1a: Tauros\n|-supereffective|p1a: Tauros\n|-damage|p1a: Tauros|7/257\n|cant|p1a: Tauros|flinch\n|\n|upkeep\n|turn|14\n|\n|t:|1732949058\n|move|p2a: Eiscue|Zen Headbutt|p1a: Tauros\n|-supereffective|p1a: Tauros\n|-damage|p1a: Tauros|0 fnt\n|faint|p1a: Tauros\n|\n|upkeep\n|\n|t:|1732949075\n|switch|p1a: Tornadus|Tornadus-Therian, L79, M|254/254\n|turn|15\n|\n|t:|1732949086\n|move|p2a: Eiscue|Zen Headbutt|p1a: Tornadus\n|-damage|p1a: Tornadus|209/254\n|move|p1a: Tornadus|Nasty Plot|p1a: Tornadus\n|-boost|p1a: Tornadus|spa|2\n|\n|upkeep\n|turn|16\n|\n|t:|1732949099\n|move|p2a: Eiscue|Belly Drum|p2a: Eiscue\n|-damage|p2a: Eiscue|137/274\n|-setboost|p2a: Eiscue|atk|6|[from] move: Belly Drum\n|-enditem|p2a: Eiscue|Sitrus Berry|[eat]\n|-heal|p2a: Eiscue|205/274|[from] item: Sitrus Berry\n|move|p1a: Tornadus|Heat Wave|p2a: Eiscue\n|-supereffective|p2a: Eiscue\n|-damage|p2a: Eiscue|0 fnt\n|faint|p2a: Eiscue\n|\n|upkeep\n|\n|t:|1732949113\n|switch|p2a: Abomasnow|Abomasnow, L85, F|291/291\n|-damage|p2a: Abomasnow|219/291|[from] Stealth Rock\n|-weather|Snow|[from] ability: Snow Warning|[of] p2a: Abomasnow\n|turn|17\n|\n|t:|1732949119\n|move|p1a: Tornadus|Heat Wave|p2a: Abomasnow\n|-supereffective|p2a: Abomasnow\n|-damage|p2a: Abomasnow|0 fnt\n|faint|p2a: Abomasnow\n|\n|-weather|Snow|[upkeep]\n|upkeep\n|\n|t:|1732949132\n|switch|p2a: Yanmega|Yanmega, L82, F, tera:Ground|17/275\n|turn|18\n|\n|t:|1732949140\n|move|p1a: Tornadus|Heat Wave|p2a: Yanmega|[miss]\n|-miss|p1a: Tornadus|p2a: Yanmega\n|move|p2a: Yanmega|Tera Blast|p1a: Tornadus|[anim] Tera Blast Ground\n|-immune|p1a: Tornadus\n|\n|-weather|Snow|[upkeep]\n|-ability|p2a: Yanmega|Speed Boost|boost\n|-boost|p2a: Yanmega|spe|1\n|upkeep\n|turn|19\n|\n|t:|1732949151\n|move|p2a: Yanmega|Bug Buzz|p1a: Tornadus\n|-resisted|p1a: Tornadus\n|-damage|p1a: Tornadus|156/254\n|move|p1a: Tornadus|Nasty Plot|p1a: Tornadus\n|-boost|p1a: Tornadus|spa|2\n|\n|-weather|Snow|[upkeep]\n|-ability|p2a: Yanmega|Speed Boost|boost\n|-boost|p2a: Yanmega|spe|1\n|upkeep\n|turn|20\n|\n|t:|1732949155\n|move|p2a: Yanmega|Bug Buzz|p1a: Tornadus\n|-resisted|p1a: Tornadus\n|-damage|p1a: Tornadus|104/254\n|move|p1a: Tornadus|Nasty Plot|p1a: Tornadus\n|-boost|p1a: Tornadus|spa|2\n|\n|-weather|Snow|[upkeep]\n|-ability|p2a: Yanmega|Speed Boost|boost\n|-boost|p2a: Yanmega|spe|1\n|upkeep\n|turn|21\n|\n|t:|1732949158\n|move|p2a: Yanmega|Bug Buzz|p1a: Tornadus\n|-resisted|p1a: Tornadus\n|-damage|p1a: Tornadus|53/254\n|-unboost|p1a: Tornadus|spd|1\n|move|p1a: Tornadus|Heat Wave|p2a: Yanmega\n|-damage|p2a: Yanmega|0 fnt\n|faint|p2a: Yanmega\n|\n|-weather|none\n|upkeep\n|\n|t:|1732949162\n|switch|p2a: Dusknoir|Dusknoir, L89, M|225/225\n|-damage|p2a: Dusknoir|197/225|[from] Stealth Rock\n|-item|p1a: Tornadus|Heavy-Duty Boots|[from] ability: Frisk|[of] p2a: Dusknoir\n|turn|22\n|\n|t:|1732949167\n|move|p1a: Tornadus|Bleakwind Storm|p2a: Dusknoir|[miss]\n|-miss|p1a: Tornadus|p2a: Dusknoir\n|move|p2a: Dusknoir|Trick|p1a: Tornadus\n|-activate|p2a: Dusknoir|move: Trick|[of] p1a: Tornadus\n|-item|p1a: Tornadus|Choice Band|[from] move: Trick\n|-item|p2a: Dusknoir|Heavy-Duty Boots|[from] move: Trick\n|\n|upkeep\n|turn|23\n|\n|t:|1732949177\n|move|p1a: Tornadus|Bleakwind Storm|p2a: Dusknoir\n|-damage|p2a: Dusknoir|0 fnt\n|faint|p2a: Dusknoir\n|\n|win|duskiidawn\n|raw|duskiidawn's rating: 1047 &rarr; <strong>1076</strong><br />(+29 for winning)\n|raw|WSQER's rating: 1000 &rarr; <strong>1000</strong><br />(+0 for losing)\n|c|\u2606duskiidawn|gg\n|l|\u2606WSQER\n|player|p2|\n", "inputlog": ">version b107d77f5c90bd6555267ae244a6264823309ead\n>start {\"formatid\":\"gen9randombattle\",\"seed\":[34103,12585,40260,48530],\"rated\":\"Rated battle\"}\n>player p1 {\"name\":\"duskiidawn\",\"avatar\":\"gambler\",\"rating\":1047,\"seed\":[25284,5536,31433,21351]}\n>player p2 {\"name\":\"WSQER\",\"avatar\":\"101\",\"rating\":1000,\"seed\":[48230,35448,30487,466]}\n>p1 move heatcrash\n>p2 move terablast\n>p1 move heatcrash\n>p2 move protect\n>p1 move dragondance\n>p2 move airslash terastallize\n>p1 move earthquake\n>p2 move protect\n>p1 move heatcrash\n>p2 switch 5\n>p1 move outrage\n>p2 move flamethrower\n>p2 switch 2\n>p1 move outrage\n>p2 move focusblast\n>p2 switch 3\n>p1 move earthquake\n>p2 move liquidation\n>p1 move heatcrash\n>p2 move liquidation\n>p1 switch 5\n>p1 move stealthrock\n>p2 move liquidation\n>p1 switch 2\n>p2 move liquidation\n>p1 move closecombat\n>p2 move zenheadbutt\n>p1 move closecombat\n>p2 move zenheadbutt\n>p1 move closecombat\n>p2 move zenheadbutt\n>p1 switch 6\n>p1 move nastyplot\n>p2 move zenheadbutt\n>p1 move heatwave\n>p2 move bellydrum\n>p2 switch 4\n>p1 move heatwave\n>p2 move earthquake\n>p2 switch 5\n>p1 move heatwave\n>p2 move terablast\n>p1 move nastyplot\n>p2 move bugbuzz\n>p1 move nastyplot\n>p2 move bugbuzz\n>p1 move heatwave\n>p2 move bugbuzz\n>p2 switch 6\n>p1 move bleakwindstorm\n>p2 move trick\n>p1 move bleakwindstorm\n>p2 move poltergeist", "uploadtime": 1732949191, "views": 6, "formatid": "gen9randombattle", "rating": 1000, "private": 0, "password": null}