{"id": "gen9randombattle-2253839215", "format": "[Gen 9] Random Battle", "players": ["Astralf1sh", "Davulaion"], "log": "|j|\u2606Astralf1sh\n|j|\u2606Davulaion\n|t:|1732946560\n|gametype|singles\n|player|p1|Astralf1sh|cyrus|1550\n|player|p2|Davulaion|lusamine-nihilego|1510\n|teamsize|p1|6\n|teamsize|p2|6\n|gen|9\n|tier|[Gen 9] Random Battle\n|rated|\n|rule|Species Clause: Limit one of each Pok\u00e9mon\n|rule|HP Percentage Mod: HP is shown in percentages\n|rule|Sleep Clause Mod: Limit one foe put to sleep\n|rule|Illusion Level Mod: Illusion disguises the Pok\u00e9mon's true level\n|\n|t:|1732946560\n|start\n|switch|p1a: Gliscor|Gliscor, L76, F|239/239\n|switch|p2a: Trevenant|Trevenant, L88, F|293/293\n|turn|1\n|inactive|Battle timer is ON: inactive players will automatically lose when time's up. (requested by Davulaion)\n|inactive|Astralf1sh also wants the timer to be on.\n|inactive|Davulaion has 120 seconds left.\n|\n|t:|1732946591\n|switch|p1a: Magmortar|Magmortar, L88, F|275/275\n|move|p2a: Trevenant|Protect||[still]\n|-fail|p2a: Trevenant\n|\n|upkeep\n|turn|2\n|\n|t:|1732946601\n|switch|p2a: Palafin|Palafin, L77, F|281/281\n|move|p1a: Magmortar|Fire Blast|p2a: Palafin\n|-resisted|p2a: Palafin\n|-damage|p2a: Palafin|172/281\n|-status|p2a: Palafin|brn\n|\n|-damage|p2a: Palafin|155/281 brn|[from] brn\n|upkeep\n|turn|3\n|c|\u2606Davulaion|i love my life\n|\n|t:|1732946617\n|move|p2a: Palafin|Flip Turn|p1a: Magmortar\n|-supereffective|p1a: Magmortar\n|-damage|p1a: Magmortar|202/275\n|\n|t:|1732946627\n|detailschange|p2a: Palafin|Palafin-Hero, L77, F\n|switch|p2a: Trevenant|Trevenant, L88, F|293/293|[from] Flip Turn\n|move|p1a: Magmortar|Knock Off|p2a: Trevenant\n|-supereffective|p2a: Trevenant\n|-damage|p2a: Trevenant|135/293\n|-enditem|p2a: Trevenant|Sitrus Berry|[from] move: Knock Off|[of] p1a: Magmortar\n|\n|upkeep\n|turn|4\n|\n|t:|1732946635\n|move|p1a: Magmortar|Fire Blast|p2a: Trevenant\n|-supereffective|p2a: Trevenant\n|-damage|p2a: Trevenant|0 fnt\n|faint|p2a: Trevenant\n|\n|upkeep\n|\n|t:|1732946639\n|switch|p2a: Palafin|Palafin-Hero, L77, F|155/281 brn\n|-activate|p2a: Palafin|ability: Zero to Hero\n|turn|5\n|\n|t:|1732946642\n|move|p2a: Palafin|Wave Crash|p1a: Magmortar\n|-supereffective|p1a: Magmortar\n|-damage|p1a: Magmortar|0 fnt\n|faint|p1a: Magmortar\n|-damage|p2a: Palafin|88/281 brn|[from] Recoil\n|\n|-damage|p2a: Palafin|71/281 brn|[from] brn\n|upkeep\n|\n|t:|1732946654\n|switch|p1a: Jirachi|Jirachi, L80|291/291\n|turn|6\n|\n|t:|1732946659\n|move|p1a: Jirachi|U-turn|p2a: Palafin\n|-damage|p2a: Palafin|24/281 brn\n|\n|t:|1732946665\n|switch|p1a: Mienshao|Mienshao, L83, M|243/243|[from] U-turn\n|move|p2a: Palafin|Wave Crash|p1a: Mienshao\n|-damage|p1a: Mienshao|81/243\n|-damage|p2a: Palafin|0 fnt|[from] Recoil\n|faint|p2a: Palafin\n|\n|upkeep\n|\n|t:|1732946673\n|switch|p2a: Mismagius|Mismagius, L86, M|243/243\n|turn|7\n|\n|t:|1732946679\n|move|p2a: Mismagius|Substitute|p2a: Mismagius\n|-start|p2a: Mismagius|Substitute\n|-damage|p2a: Mismagius|183/243\n|move|p1a: Mienshao|Knock Off|p2a: Mismagius\n|-supereffective|p2a: Mismagius\n|-end|p2a: Mismagius|Substitute\n|\n|-heal|p2a: Mismagius|198/243|[from] item: Leftovers\n|upkeep\n|turn|8\n|\n|t:|1732946685\n|move|p2a: Mismagius|Shadow Ball|p1a: Mienshao\n|-damage|p1a: Mienshao|0 fnt\n|faint|p1a: Mienshao\n|\n|-heal|p2a: Mismagius|213/243|[from] item: Leftovers\n|upkeep\n|\n|t:|1732946694\n|switch|p1a: Jirachi|Jirachi, L80|291/291\n|turn|9\n|\n|t:|1732946698\n|move|p1a: Jirachi|Iron Head|p2a: Mismagius\n|-damage|p2a: Mismagius|111/243\n|cant|p2a: Mismagius|flinch\n|\n|-heal|p2a: Mismagius|126/243|[from] item: Leftovers\n|upkeep\n|turn|10\n|\n|t:|1732946721\n|switch|p2a: Torkoal|Torkoal, L88, M|266/266\n|-weather|SunnyDay|[from] ability: Drought|[of] p2a: Torkoal\n|move|p1a: Jirachi|Iron Head|p2a: Torkoal\n|-resisted|p2a: Torkoal\n|-damage|p2a: Torkoal|240/266\n|\n|-weather|SunnyDay|[upkeep]\n|upkeep\n|turn|11\n|\n|t:|1732946735\n|switch|p1a: Luxray|Luxray, L88, F|284/284\n|-ability|p1a: Luxray|Intimidate|boost\n|-unboost|p2a: Torkoal|atk|1\n|move|p2a: Torkoal|Stealth Rock|p1a: Luxray\n|-sidestart|p1: Astralf1sh|move: Stealth Rock\n|\n|-weather|SunnyDay|[upkeep]\n|upkeep\n|turn|12\n|\n|t:|1732946744\n|move|p1a: Luxray|Wild Charge|p2a: Torkoal\n|-crit|p2a: Torkoal\n|-damage|p2a: Torkoal|119/266\n|-damage|p1a: Luxray|254/284|[from] Recoil\n|move|p2a: Torkoal|Lava Plume|p1a: Luxray\n|-damage|p1a: Luxray|161/284\n|\n|-weather|SunnyDay|[upkeep]\n|upkeep\n|turn|13\n|\n|t:|1732946748\n|move|p1a: Luxray|Wild Charge|p2a: Torkoal\n|-damage|p2a: Torkoal|43/266\n|-damage|p1a: Luxray|142/284|[from] Recoil\n|move|p2a: Torkoal|Lava Plume|p1a: Luxray\n|-damage|p1a: Luxray|55/284\n|\n|-weather|SunnyDay|[upkeep]\n|upkeep\n|turn|14\n|\n|t:|1732946752\n|move|p1a: Luxray|Wild Charge|p2a: Torkoal\n|-damage|p2a: Torkoal|0 fnt\n|faint|p2a: Torkoal\n|-damage|p1a: Luxray|44/284|[from] Recoil\n|\n|-weather|none\n|upkeep\n|\n|t:|1732946756\n|switch|p2a: Mismagius|Mismagius, L86, M|126/243\n|turn|15\n|\n|t:|1732946765\n|move|p2a: Mismagius|Shadow Ball|p1a: Luxray\n|-damage|p1a: Luxray|0 fnt\n|faint|p1a: Luxray\n|\n|-heal|p2a: Mismagius|141/243|[from] item: Leftovers\n|upkeep\n|\n|t:|1732946768\n|switch|p1a: Jirachi|Jirachi, L80|291/291\n|-damage|p1a: Jirachi|273/291|[from] Stealth Rock\n|turn|16\n|\n|t:|1732946773\n|move|p1a: Jirachi|Iron Head|p2a: Mismagius\n|-damage|p2a: Mismagius|38/243\n|cant|p2a: Mismagius|flinch\n|\n|-heal|p2a: Mismagius|53/243|[from] item: Leftovers\n|upkeep\n|turn|17\n|-message|Davulaion forfeited.\n|\n|win|Astralf1sh\n|raw|Astralf1sh's rating: 1550 &rarr; <strong>1568</strong><br />(+18 for winning)\n|raw|Davulaion's rating: 1510 &rarr; <strong>1492</strong><br />(-18 for losing)\n|l|\u2606Davulaion\n|player|p2|\n", "inputlog": ">version b107d77f5c90bd6555267ae244a6264823309ead\n>start {\"formatid\":\"gen9randombattle\",\"seed\":[44986,22977,64890,19149],\"rated\":\"Rated battle\"}\n>player p1 {\"name\":\"Astralf1sh\",\"avatar\":\"cyrus\",\"rating\":1550,\"seed\":[61832,64708,59992,41230]}\n>player p2 {\"name\":\"Davulaion\",\"avatar\":\"lusamine-nihilego\",\"rating\":1510,\"seed\":[2903,36904,11919,64363]}\n>p1 switch 5\n>p2 move protect\n>p1 move fireblast\n>p2 switch 3\n>chat \u2606Davulaion|i love my life\n>p1 move knockoff\n>p2 move flipturn\n>p2 switch 3\n>p1 move fireblast\n>p2 move toxic\n>p2 switch 3\n>p1 move thunderbolt\n>p2 move wavecrash\n>p1 switch 2\n>p1 move uturn\n>p2 move wavecrash\n>p1 switch 6\n>p2 switch 6\n>p1 move knockoff\n>p2 move substitute\n>p1 move knockoff\n>p2 move shadowball\n>p1 switch 6\n>p1 move ironhead\n>p2 move substitute\n>p1 move ironhead\n>p2 switch 2\n>p1 switch 3\n>p2 move stealthrock\n>p1 move wildcharge\n>p2 move lavaplume\n>p1 move wildcharge\n>p2 move lavaplume\n>p1 move wildcharge\n>p2 move lavaplume\n>p2 switch 2\n>p1 move wildcharge\n>p2 move shadowball\n>p1 switch 3\n>p1 move ironhead\n>p2 move shadowball\n>forcelose p2", "uploadtime": 1732946792, "views": 10, "formatid": "gen9randombattle", "rating": 1492, "private": 0, "password": null}