{"id": "gen9randombattle-2253991857", "format": "[Gen 9] Random Battle", "players": ["Oblivion-celestial", "Micciu"], "log": "|j|\u2606Oblivion-celestial\n|j|\u2606Micciu\n|t:|1732976866\n|gametype|singles\n|player|p1|Oblivion-celestial|gambler|2074\n|player|p2|Micciu|#pmpliidachsbuns|2245\n|teamsize|p1|6\n|teamsize|p2|6\n|gen|9\n|tier|[Gen 9] Random Battle\n|rated|\n|rule|Species Clause: Limit one of each Pok\u00e9mon\n|rule|HP Percentage Mod: HP is shown in percentages\n|rule|Sleep Clause Mod: Limit one foe put to sleep\n|rule|Illusion Level Mod: Illusion disguises the Pok\u00e9mon's true level\n|\n|t:|1732976866\n|start\n|switch|p1a: Spidops|Spidops, L96, F|271/271\n|switch|p2a: Altaria|Altaria, L88, M|275/275\n|turn|1\n|inactive|Battle timer is ON: inactive players will automatically lose when time's up. (requested by Micciu)\n|\n|t:|1732976880\n|move|p2a: Altaria|Brave Bird|p1a: Spidops\n|-supereffective|p1a: Spidops\n|-crit|p1a: Spidops\n|-damage|p1a: Spidops|0 fnt\n|faint|p1a: Spidops\n|-damage|p2a: Altaria|186/275|[from] Recoil\n|\n|upkeep\n|\n|t:|1732976892\n|switch|p1a: Primarina|Primarina, L83, F|268/268\n|turn|2\n|\n|t:|1732976904\n|move|p2a: Altaria|Brave Bird|p1a: Primarina\n|-damage|p1a: Primarina|138/268\n|-damage|p2a: Altaria|143/275|[from] Recoil\n|move|p1a: Primarina|Calm Mind|p1a: Primarina\n|-boost|p1a: Primarina|spa|1\n|-boost|p1a: Primarina|spd|1\n|\n|-heal|p1a: Primarina|154/268|[from] item: Leftovers\n|upkeep\n|turn|3\n|\n|t:|1732976918\n|move|p2a: Altaria|Brave Bird|p1a: Primarina\n|-damage|p1a: Primarina|27/268\n|-damage|p2a: Altaria|101/275|[from] Recoil\n|move|p1a: Primarina|Draining Kiss|p2a: Altaria\n|-supereffective|p2a: Altaria\n|-damage|p2a: Altaria|0 fnt\n|-heal|p1a: Primarina|103/268|[from] drain|[of] p2a: Altaria\n|faint|p2a: Altaria\n|\n|-heal|p1a: Primarina|119/268|[from] item: Leftovers\n|upkeep\n|\n|t:|1732976927\n|switch|p2a: Archaludon|Archaludon, L78, M|268/268\n|turn|4\n|\n|t:|1732976938\n|move|p2a: Archaludon|Swords Dance|p2a: Archaludon\n|-boost|p2a: Archaludon|atk|2\n|move|p1a: Primarina|Draining Kiss|p2a: Archaludon\n|-damage|p2a: Archaludon|150/268\n|-heal|p1a: Primarina|208/268|[from] drain|[of] p2a: Archaludon\n|-ability|p2a: Archaludon|Stamina|boost\n|-boost|p2a: Archaludon|def|1\n|\n|-heal|p1a: Primarina|224/268|[from] item: Leftovers\n|upkeep\n|turn|5\n|\n|t:|1732976952\n|move|p2a: Archaludon|Iron Head|p1a: Primarina\n|-damage|p1a: Primarina|40/268\n|move|p1a: Primarina|Moonblast|p2a: Archaludon\n|-damage|p2a: Archaludon|0 fnt\n|faint|p2a: Archaludon\n|\n|-heal|p1a: Primarina|56/268|[from] item: Leftovers\n|upkeep\n|\n|t:|1732976960\n|switch|p2a: Iron Treads|Iron Treads, L77|265/265\n|turn|6\n|\n|t:|1732976973\n|switch|p1a: Tornadus|Tornadus-Therian, L79, M|254/254\n|move|p2a: Iron Treads|Earthquake|p1a: Tornadus\n|-immune|p1a: Tornadus\n|\n|upkeep\n|turn|7\n|\n|t:|1732977001\n|move|p1a: Tornadus|Heat Wave|p2a: Iron Treads\n|-supereffective|p2a: Iron Treads\n|-damage|p2a: Iron Treads|85/265\n|move|p2a: Iron Treads|Stealth Rock|p1a: Tornadus\n|-sidestart|p1: Oblivion-celestial|move: Stealth Rock\n|\n|-heal|p2a: Iron Treads|101/265|[from] item: Leftovers\n|upkeep\n|turn|8\n|\n|t:|1732977015\n|-end|p2a: Iron Treads|Quark Drive|[silent]\n|switch|p2a: Hypno|Hypno, L95, M|315/315\n|move|p1a: Tornadus|Heat Wave|p2a: Hypno\n|-damage|p2a: Hypno|267/315\n|\n|-heal|p2a: Hypno|286/315|[from] item: Leftovers\n|upkeep\n|turn|9\n|\n|t:|1732977029\n|move|p1a: Tornadus|U-turn|p2a: Hypno\n|-supereffective|p2a: Hypno\n|-damage|p2a: Hypno|196/315\n|\n|t:|1732977034\n|switch|p1a: Scizor|Scizor, L79, F|240/240|[from] U-turn\n|-damage|p1a: Scizor|210/240|[from] Stealth Rock\n|move|p2a: Hypno|Knock Off|p1a: Scizor\n|-damage|p1a: Scizor|139/240\n|-enditem|p1a: Scizor|Leftovers|[from] move: Knock Off|[of] p2a: Hypno\n|\n|-heal|p2a: Hypno|215/315|[from] item: Leftovers\n|upkeep\n|turn|10\n|\n|t:|1732977042\n|switch|p2a: Iron Treads|Iron Treads, L77|101/265\n|move|p1a: Scizor|Defog|p2a: Iron Treads\n|-unboost|p2a: Iron Treads|evasion|1\n|-sideend|p1: Oblivion-celestial|Stealth Rock|[from] move: Defog|[of] p1a: Scizor\n|\n|-heal|p2a: Iron Treads|117/265|[from] item: Leftovers\n|upkeep\n|turn|11\n|\n|t:|1732977050\n|move|p2a: Iron Treads|Stealth Rock|p1a: Scizor\n|-sidestart|p1: Oblivion-celestial|move: Stealth Rock\n|move|p1a: Scizor|Close Combat|p2a: Iron Treads\n|-supereffective|p2a: Iron Treads\n|-damage|p2a: Iron Treads|0 fnt\n|-unboost|p1a: Scizor|def|1\n|-unboost|p1a: Scizor|spd|1\n|faint|p2a: Iron Treads\n|-end|p2a: Iron Treads|Quark Drive|[silent]\n|\n|upkeep\n|\n|t:|1732977056\n|switch|p2a: Wugtrio|Wugtrio, L91, F|212/212\n|turn|12\n|\n|t:|1732977082\n|switch|p1a: Deoxys|Deoxys-Defense, L84|221/221\n|-damage|p1a: Deoxys|194/221|[from] Stealth Rock\n|-ability|p1a: Deoxys|Pressure\n|move|p2a: Wugtrio|Liquidation|p1a: Deoxys\n|-damage|p1a: Deoxys|101/221\n|\n|-heal|p1a: Deoxys|114/221|[from] item: Leftovers\n|upkeep\n|turn|13\n|\n|t:|1732977094\n|switch|p2a: Hypno|Hypno, L95, M|215/315\n|move|p1a: Deoxys|Recover|p1a: Deoxys\n|-heal|p1a: Deoxys|221/221\n|\n|-heal|p2a: Hypno|234/315|[from] item: Leftovers\n|upkeep\n|turn|14\n|\n|t:|1732977104\n|switch|p1a: Scizor|Scizor, L79, F|139/240\n|-damage|p1a: Scizor|109/240|[from] Stealth Rock\n|switch|p2a: Wugtrio|Wugtrio, L91, F|212/212\n|\n|upkeep\n|turn|15\n|inactive|Oblivion-celestial has 120 seconds left.\n|\n|t:|1732977127\n|switch|p1a: Primarina|Primarina, L83, F|56/268\n|-damage|p1a: Primarina|23/268|[from] Stealth Rock\n|move|p2a: Wugtrio|Liquidation|p1a: Primarina\n|-resisted|p1a: Primarina\n|-damage|p1a: Primarina|0 fnt\n|faint|p1a: Primarina\n|\n|upkeep\n|inactive|Oblivion-celestial has 120 seconds left.\n|\n|t:|1732977137\n|switch|p1a: Tornadus|Tornadus-Therian, L79, M|254/254\n|-damage|p1a: Tornadus|191/254|[from] Stealth Rock\n|turn|16\n|inactive|Oblivion-celestial has 120 seconds left.\n|\n|t:|1732977145\n|move|p2a: Wugtrio|Liquidation|p1a: Tornadus\n|-crit|p1a: Tornadus\n|-damage|p1a: Tornadus|0 fnt\n|faint|p1a: Tornadus\n|\n|upkeep\n|inactive|Oblivion-celestial has 120 seconds left.\n|\n|t:|1732977156\n|switch|p1a: Ceruledge|Ceruledge, L78, F|245/245\n|turn|17\n|\n|t:|1732977162\n|switch|p2a: Hypno|Hypno, L95, M|234/315\n|-terastallize|p1a: Ceruledge|Fighting\n|move|p1a: Ceruledge|Swords Dance|p1a: Ceruledge\n|-boost|p1a: Ceruledge|atk|2\n|\n|-heal|p2a: Hypno|253/315|[from] item: Leftovers\n|upkeep\n|turn|18\n|\n|t:|1732977173\n|move|p2a: Hypno|Psychic Noise|p1a: Ceruledge\n|-supereffective|p1a: Ceruledge\n|-damage|p1a: Ceruledge|83/245\n|-start|p1a: Ceruledge|move: Heal Block\n|move|p1a: Ceruledge|Poltergeist|p2a: Hypno\n|-activate|p2a: Hypno|move: Poltergeist|Leftovers\n|-supereffective|p2a: Hypno\n|-damage|p2a: Hypno|0 fnt\n|faint|p2a: Hypno\n|\n|upkeep\n|\n|t:|1732977182\n|switch|p2a: Wugtrio|Wugtrio, L91, F|212/212\n|turn|19\n|\n|t:|1732977195\n|move|p2a: Wugtrio|Liquidation|p1a: Ceruledge\n|-damage|p1a: Ceruledge|0 fnt\n|faint|p1a: Ceruledge\n|\n|upkeep\n|\n|t:|1732977199\n|switch|p1a: Deoxys|Deoxys-Defense, L84|221/221\n|-damage|p1a: Deoxys|194/221|[from] Stealth Rock\n|-ability|p1a: Deoxys|Pressure\n|turn|20\n|\n|t:|1732977206\n|switch|p2a: Lunala|Lunala, L70|308/308\n|move|p1a: Deoxys|Recover|p1a: Deoxys\n|-heal|p1a: Deoxys|221/221\n|\n|upkeep\n|turn|21\n|\n|t:|1732977209\n|switch|p1a: Scizor|Scizor, L79, F|109/240\n|-damage|p1a: Scizor|79/240|[from] Stealth Rock\n|move|p2a: Lunala|Calm Mind|p2a: Lunala\n|-boost|p2a: Lunala|spa|1\n|-boost|p2a: Lunala|spd|1\n|\n|upkeep\n|turn|22\n|\n|t:|1732977213\n|move|p1a: Scizor|Bullet Punch|p2a: Lunala\n|-damage|p2a: Lunala|263/308\n|move|p2a: Lunala|Moongeist Beam|p1a: Scizor\n|-damage|p1a: Scizor|0 fnt\n|faint|p1a: Scizor\n|\n|-heal|p2a: Lunala|282/308|[from] item: Leftovers\n|upkeep\n|\n|t:|1732977217\n|switch|p1a: Deoxys|Deoxys-Defense, L84|221/221\n|-damage|p1a: Deoxys|194/221|[from] Stealth Rock\n|-ability|p1a: Deoxys|Pressure\n|turn|23\n|\n|t:|1732977240\n|move|p1a: Deoxys|Calm Mind|p1a: Deoxys\n|-boost|p1a: Deoxys|spa|1\n|-boost|p1a: Deoxys|spd|1\n|move|p2a: Lunala|Calm Mind|p2a: Lunala\n|-boost|p2a: Lunala|spa|1\n|-boost|p2a: Lunala|spd|1\n|\n|-heal|p1a: Deoxys|207/221|[from] item: Leftovers\n|-heal|p2a: Lunala|301/308|[from] item: Leftovers\n|upkeep\n|turn|24\n|\n|t:|1732977249\n|switch|p2a: Wugtrio|Wugtrio, L91, F|212/212\n|move|p1a: Deoxys|Calm Mind|p1a: Deoxys\n|-boost|p1a: Deoxys|spa|1\n|-boost|p1a: Deoxys|spd|1\n|\n|-heal|p1a: Deoxys|220/221|[from] item: Leftovers\n|upkeep\n|turn|25\n|\n|t:|1732977257\n|-terastallize|p2a: Wugtrio|Dark\n|move|p2a: Wugtrio|Throat Chop|p1a: Deoxys\n|-supereffective|p1a: Deoxys\n|-damage|p1a: Deoxys|40/221\n|-start|p1a: Deoxys|Throat Chop|[silent]\n|cant|p1a: Deoxys|move: Throat Chop\n|\n|-heal|p1a: Deoxys|53/221|[from] item: Leftovers\n|upkeep\n|turn|26\n|\n|t:|1732977262\n|move|p2a: Wugtrio|Throat Chop|p1a: Deoxys\n|-supereffective|p1a: Deoxys\n|-damage|p1a: Deoxys|0 fnt\n|faint|p1a: Deoxys\n|\n|win|Micciu\n|raw|Oblivion-celestial's rating: 2074 &rarr; <strong>2063</strong><br />(-11 for losing)\n|raw|Micciu's rating: 2245 &rarr; <strong>2256</strong><br />(+11 for winning)\n", "inputlog": ">version b107d77f5c90bd6555267ae244a6264823309ead\n>start {\"formatid\":\"gen9randombattle\",\"seed\":[64784,4874,59484,5583],\"rated\":\"Rated battle\"}\n>player p1 {\"name\":\"Oblivion-celestial\",\"avatar\":\"gambler\",\"rating\":2074,\"seed\":[4263,46468,45602,18543]}\n>player p2 {\"name\":\"Micciu\",\"avatar\":\"#pmpliidachsbuns\",\"rating\":2245,\"seed\":[4514,48366,55885,17614]}\n>p1 move stickyweb\n>p2 move bravebird\n>p1 switch 5\n>p1 move calmmind\n>p2 move bravebird\n>p1 move drainingkiss\n>p2 move bravebird\n>p2 switch 3\n>p1 move drainingkiss\n>p2 move swordsdance\n>p1 move moonblast\n>p2 move ironhead\n>p2 switch 6\n>p1 switch 2\n>p2 move earthquake\n>p1 move heatwave\n>p2 move stealthrock\n>p1 move heatwave\n>p2 switch 2\n>p1 move uturn\n>p2 move knockoff\n>p1 switch 3\n>p1 move defog\n>p2 switch 2\n>p1 move closecombat\n>p2 move stealthrock\n>p2 switch 5\n>p1 switch 6\n>p2 move liquidation\n>p1 move recover\n>p2 switch 2\n>p1 switch 6\n>p2 switch 2\n>p1 switch 2\n>p2 move liquidation\n>p1 switch 3\n>p1 move bleakwindstorm\n>p2 move liquidation\n>p1 switch 4\n>p1 move swordsdance terastallize\n>p2 switch 2\n>p1 move poltergeist\n>p2 move psychicnoise\n>p2 switch 2\n>p1 move poltergeist\n>p2 move liquidation\n>p1 switch 6\n>p1 move recover\n>p2 switch 4\n>p1 switch 2\n>p2 move calmmind\n>p1 move bulletpunch\n>p2 move moongeistbeam\n>p1 switch 2\n>p1 move calmmind\n>p2 move calmmind\n>p1 move calmmind\n>p2 switch 4\n>p1 move psychicnoise\n>p2 move throatchop terastallize\n>p1 move recover\n>p2 move throatchop", "uploadtime": 1732977266, "views": 1, "formatid": "gen9randombattle", "rating": 2063, "private": 0, "password": null}