{"id": "gen9randombattle-2254035549", "format": "[Gen 9] Random Battle", "players": ["Exagal", "johannesbestie"], "log": "|j|\u2606Exagal\n|j|\u2606johannesbestie\n|t:|1732983051\n|gametype|singles\n|player|p1|Exagal|170|1174\n|player|p2|johannesbestie|169|1212\n|teamsize|p1|6\n|teamsize|p2|6\n|gen|9\n|tier|[Gen 9] Random Battle\n|rated|\n|rule|Species Clause: Limit one of each Pok\u00e9mon\n|rule|HP Percentage Mod: HP is shown in percentages\n|rule|Sleep Clause Mod: Limit one foe put to sleep\n|rule|Illusion Level Mod: Illusion disguises the Pok\u00e9mon's true level\n|\n|t:|1732983051\n|start\n|switch|p1a: Kingambit|Kingambit, L74, F|270/270\n|switch|p2a: Venusaur|Venusaur, L84, F|272/272\n|turn|1\n|\n|t:|1732983064\n|move|p2a: Venusaur|Sleep Powder|p1a: Kingambit\n|-status|p1a: Kingambit|slp|[from] move: Sleep Powder\n|cant|p1a: Kingambit|slp\n|\n|upkeep\n|turn|2\n|\n|t:|1732983089\n|switch|p2a: Garchomp|Garchomp, L74, F|282/282\n|cant|p1a: Kingambit|slp\n|\n|upkeep\n|turn|3\n|\n|t:|1732983095\n|-terastallize|p1a: Kingambit|Flying\n|move|p2a: Garchomp|Spikes|p1a: Kingambit\n|-sidestart|p1: Exagal|Spikes\n|-curestatus|p1a: Kingambit|slp|[msg]\n|move|p1a: Kingambit|Swords Dance|p1a: Kingambit\n|-boost|p1a: Kingambit|atk|2\n|\n|upkeep\n|turn|4\n|\n|t:|1732983107\n|move|p2a: Garchomp|Stone Edge|p1a: Kingambit\n|-supereffective|p1a: Kingambit\n|-damage|p1a: Kingambit|138/270\n|move|p1a: Kingambit|Kowtow Cleave|p2a: Garchomp\n|-damage|p2a: Garchomp|78/282\n|-damage|p1a: Kingambit|105/270|[from] ability: Rough Skin|[of] p2a: Garchomp\n|-damage|p1a: Kingambit|60/270|[from] item: Rocky Helmet|[of] p2a: Garchomp\n|\n|-heal|p1a: Kingambit|76/270|[from] item: Leftovers\n|upkeep\n|turn|5\n|\n|t:|1732983119\n|move|p1a: Kingambit|Sucker Punch|p2a: Garchomp\n|-damage|p2a: Garchomp|0 fnt\n|-damage|p1a: Kingambit|43/270|[from] ability: Rough Skin|[of] p2a: Garchomp\n|-damage|p1a: Kingambit|0 fnt|[from] item: Rocky Helmet|[of] p2a: Garchomp\n|faint|p2a: Garchomp\n|faint|p1a: Kingambit\n|-end|p1a: Kingambit|fallenundefined|[silent]\n|\n|upkeep\n|inactive|Battle timer is ON: inactive players will automatically lose when time's up. (requested by johannesbestie)\n|\n|t:|1732983175\n|switch|p2a: Venusaur|Venusaur, L84, F|272/272\n|switch|p1a: Great Tusk|Great Tusk, L77|304/304\n|-damage|p1a: Great Tusk|266/304|[from] Spikes\n|turn|6\n|\n|t:|1732983186\n|move|p2a: Venusaur|Sleep Powder|p1a: Great Tusk\n|-status|p1a: Great Tusk|slp|[from] move: Sleep Powder\n|cant|p1a: Great Tusk|slp\n|\n|-heal|p1a: Great Tusk|285/304 slp|[from] item: Leftovers\n|upkeep\n|turn|7\n|\n|t:|1732983197\n|move|p2a: Venusaur|Energy Ball|p1a: Great Tusk\n|-supereffective|p1a: Great Tusk\n|-damage|p1a: Great Tusk|0 fnt\n|faint|p1a: Great Tusk\n|-end|p1a: Great Tusk|Protosynthesis|[silent]\n|\n|upkeep\n|\n|t:|1732983216\n|switch|p1a: Heracross|Heracross, L80, F|259/259\n|-damage|p1a: Heracross|227/259|[from] Spikes\n|turn|8\n|\n|t:|1732983224\n|move|p1a: Heracross|Megahorn|p2a: Venusaur|[miss]\n|-miss|p1a: Heracross|p2a: Venusaur\n|move|p2a: Venusaur|Sleep Powder|p1a: Heracross\n|-status|p1a: Heracross|slp|[from] move: Sleep Powder\n|\n|upkeep\n|turn|9\n|-message|Exagal forfeited.\n|\n|win|johannesbestie\n|raw|Exagal's rating: 1174 &rarr; <strong>1152</strong><br />(-22 for losing)\n|raw|johannesbestie's rating: 1212 &rarr; <strong>1234</strong><br />(+22 for winning)\n|l|\u2606Exagal\n|player|p1|\n", "inputlog": ">version b107d77f5c90bd6555267ae244a6264823309ead\n>start {\"formatid\":\"gen9randombattle\",\"seed\":[35180,13336,33915,61892],\"rated\":\"Rated battle\"}\n>player p1 {\"name\":\"Exagal\",\"avatar\":\"170\",\"rating\":1174,\"seed\":[30456,62799,57733,2192]}\n>player p2 {\"name\":\"johannesbestie\",\"avatar\":\"169\",\"rating\":1212,\"seed\":[54654,54437,49668,35133]}\n>p1 move kowtowcleave\n>p2 move sleeppowder\n>p1 move kowtowcleave\n>p2 switch 6\n>p1 move swordsdance terastallize\n>p2 move spikes\n>p1 move kowtowcleave\n>p2 move stoneedge\n>p1 move suckerpunch\n>p2 move stoneedge\n>p1 switch 4\n>p2 switch 6\n>p1 move rapidspin\n>p2 move sleeppowder\n>p1 move rapidspin\n>p2 move energyball\n>p1 switch 5\n>p1 move megahorn\n>p2 move sleeppowder\n>forcelose p1", "uploadtime": 1732983238, "views": 3, "formatid": "gen9randombattle", "rating": 1152, "private": 0, "password": null}