{"id": "gen9randombattle-2254168743", "format": "[Gen 9] Random Battle", "players": ["Newbie120207", "therevelarpeeky"], "log": "|j|\u2606Newbie120207\n|j|\u2606therevelarpeeky\n|t:|1732999727\n|gametype|singles\n|player|p1|Newbie120207|101|1000\n|player|p2|therevelarpeeky|hilbert|1001\n|teamsize|p1|6\n|teamsize|p2|6\n|gen|9\n|tier|[Gen 9] Random Battle\n|rated|\n|rule|Species Clause: Limit one of each Pok\u00e9mon\n|rule|HP Percentage Mod: HP is shown in percentages\n|rule|Sleep Clause Mod: Limit one foe put to sleep\n|rule|Illusion Level Mod: Illusion disguises the Pok\u00e9mon's true level\n|\n|t:|1732999727\n|start\n|switch|p1a: Clodsire|Clodsire, L81, M|343/343\n|switch|p2a: Brute Bonnet|Brute Bonnet, L81|312/312\n|turn|1\n|inactive|Battle timer is ON: inactive players will automatically lose when time's up. (requested by Newbie120207)\n|\n|t:|1732999740\n|move|p2a: Brute Bonnet|Spore|p1a: Clodsire\n|-status|p1a: Clodsire|slp|[from] move: Spore\n|cant|p1a: Clodsire|slp\n|\n|upkeep\n|turn|2\n|\n|t:|1732999754\n|switch|p1a: Moltres|Moltres, L81|278/278\n|move|p2a: Brute Bonnet|Close Combat|p1a: Moltres\n|-resisted|p1a: Moltres\n|-damage|p1a: Moltres|225/278\n|-unboost|p2a: Brute Bonnet|def|1\n|-unboost|p2a: Brute Bonnet|spd|1\n|\n|upkeep\n|turn|3\n|\n|t:|1732999772\n|-end|p2a: Brute Bonnet|Protosynthesis|[silent]\n|switch|p2a: Empoleon|Empoleon, L84, M|278/278\n|move|p1a: Moltres|U-turn|p2a: Empoleon\n|-resisted|p2a: Empoleon\n|-damage|p2a: Empoleon|253/278\n|\n|t:|1732999780\n|switch|p1a: Clodsire|Clodsire, L81, M|343/343 slp|[from] U-turn\n|\n|-heal|p2a: Empoleon|270/278|[from] item: Leftovers\n|upkeep\n|turn|4\n|\n|t:|1732999793\n|move|p2a: Empoleon|Surf|p1a: Clodsire\n|-immune|p1a: Clodsire|[from] ability: Water Absorb\n|cant|p1a: Clodsire|slp\n|\n|-heal|p2a: Empoleon|278/278|[from] item: Leftovers\n|upkeep\n|turn|5\n|\n|t:|1732999805\n|move|p2a: Empoleon|Ice Beam|p1a: Clodsire\n|-supereffective|p1a: Clodsire\n|-damage|p1a: Clodsire|209/343 slp\n|-curestatus|p1a: Clodsire|slp|[msg]\n|move|p1a: Clodsire|Earthquake|p2a: Empoleon\n|-supereffective|p2a: Empoleon\n|-damage|p2a: Empoleon|126/278\n|\n|-heal|p2a: Empoleon|143/278|[from] item: Leftovers\n|-heal|p1a: Clodsire|230/343|[from] item: Leftovers\n|upkeep\n|turn|6\n|\n|t:|1732999820\n|-terastallize|p2a: Empoleon|Flying\n|move|p2a: Empoleon|Ice Beam|p1a: Clodsire\n|-supereffective|p1a: Clodsire\n|-damage|p1a: Clodsire|104/343\n|move|p1a: Clodsire|Earthquake|p2a: Empoleon\n|-immune|p2a: Empoleon\n|\n|-heal|p2a: Empoleon|160/278|[from] item: Leftovers\n|-heal|p1a: Clodsire|125/343|[from] item: Leftovers\n|upkeep\n|turn|7\n|\n|t:|1732999843\n|move|p2a: Empoleon|Roost|p2a: Empoleon\n|-heal|p2a: Empoleon|278/278\n|-hint|If a Terastallized Pokemon uses Roost, it remains Flying-type.\n|move|p1a: Clodsire|Recover|p1a: Clodsire\n|-heal|p1a: Clodsire|297/343\n|\n|-heal|p1a: Clodsire|318/343|[from] item: Leftovers\n|upkeep\n|turn|8\n|\n|t:|1732999859\n|move|p2a: Empoleon|Flip Turn|p1a: Clodsire\n|-heal|p1a: Clodsire|343/343|[from] ability: Water Absorb|[of] p2a: Empoleon\n|move|p1a: Clodsire|Poison Jab|p2a: Empoleon\n|-crit|p2a: Empoleon\n|-damage|p2a: Empoleon|178/278\n|\n|-heal|p2a: Empoleon|195/278|[from] item: Leftovers\n|upkeep\n|turn|9\n|inactive|therevelarpeeky has 120 seconds left.\n|\n|t:|1732999879\n|move|p2a: Empoleon|Ice Beam|p1a: Clodsire\n|-supereffective|p1a: Clodsire\n|-damage|p1a: Clodsire|203/343\n|move|p1a: Clodsire|Poison Jab|p2a: Empoleon\n|-damage|p2a: Empoleon|129/278\n|\n|-heal|p2a: Empoleon|146/278|[from] item: Leftovers\n|-heal|p1a: Clodsire|224/343|[from] item: Leftovers\n|upkeep\n|turn|10\n|c|\u2606therevelarpeeky|Missclick\n|inactive|therevelarpeeky has 120 seconds left.\n|\n|t:|1732999891\n|move|p2a: Empoleon|Ice Beam|p1a: Clodsire\n|-supereffective|p1a: Clodsire\n|-damage|p1a: Clodsire|96/343\n|move|p1a: Clodsire|Poison Jab|p2a: Empoleon\n|-damage|p2a: Empoleon|80/278\n|\n|-heal|p2a: Empoleon|97/278|[from] item: Leftovers\n|-heal|p1a: Clodsire|117/343|[from] item: Leftovers\n|upkeep\n|turn|11\n|inactive|therevelarpeeky has 120 seconds left.\n|\n|t:|1732999902\n|switch|p1a: Moltres|Moltres, L81|225/278\n|move|p2a: Empoleon|Ice Beam|p1a: Moltres\n|-damage|p1a: Moltres|144/278\n|\n|-heal|p2a: Empoleon|114/278|[from] item: Leftovers\n|upkeep\n|turn|12\n|inactive|therevelarpeeky has 120 seconds left.\n|\n|t:|1732999912\n|move|p1a: Moltres|Fire Blast|p2a: Empoleon\n|-damage|p2a: Empoleon|0 fnt\n|faint|p2a: Empoleon\n|\n|upkeep\n|inactive|therevelarpeeky has 120 seconds left.\n|\n|t:|1732999923\n|switch|p2a: Alomomola|Alomomola, L87, F|429/429\n|turn|13\n|inactive|therevelarpeeky has 120 seconds left.\n|\n|t:|1732999930\n|move|p1a: Moltres|Roost|p1a: Moltres\n|-heal|p1a: Moltres|278/278\n|-singleturn|p1a: Moltres|move: Roost\n|move|p2a: Alomomola|Scald|p1a: Moltres\n|-supereffective|p1a: Moltres\n|-damage|p1a: Moltres|180/278\n|\n|upkeep\n|turn|14\n|inactive|therevelarpeeky has 120 seconds left.\n|\n|t:|1732999944\n|move|p2a: Alomomola|Protect|p2a: Alomomola\n|-singleturn|p2a: Alomomola|Protect\n|move|p1a: Moltres|U-turn|p2a: Alomomola\n|-activate|p2a: Alomomola|move: Protect\n|\n|upkeep\n|turn|15\n|\n|t:|1732999951\n|move|p1a: Moltres|Roost|p1a: Moltres\n|-heal|p1a: Moltres|278/278\n|-singleturn|p1a: Moltres|move: Roost\n|move|p2a: Alomomola|Scald|p1a: Moltres\n|-supereffective|p1a: Moltres\n|-damage|p1a: Moltres|176/278\n|\n|upkeep\n|turn|16\n|\n|t:|1732999963\n|move|p1a: Moltres|U-turn|p2a: Alomomola\n|-damage|p2a: Alomomola|382/429\n|\n|t:|1732999965\n|switch|p1a: Clodsire|Clodsire, L81, M|117/343|[from] U-turn\n|move|p2a: Alomomola|Flip Turn|p1a: Clodsire\n|-heal|p1a: Clodsire|202/343|[from] ability: Water Absorb|[of] p2a: Alomomola\n|\n|-heal|p1a: Clodsire|223/343|[from] item: Leftovers\n|upkeep\n|turn|17\n|\n|t:|1732999981\n|switch|p2a: Sandslash|Sandslash, L88, M|275/275\n|move|p1a: Clodsire|Poison Jab|p2a: Sandslash\n|-resisted|p2a: Sandslash\n|-damage|p2a: Sandslash|248/275\n|\n|-heal|p2a: Sandslash|265/275|[from] item: Leftovers\n|-heal|p1a: Clodsire|244/343|[from] item: Leftovers\n|upkeep\n|turn|18\n|\n|t:|1733000009\n|switch|p1a: Sylveon|Sylveon, L85, F|300/300\n|move|p2a: Sandslash|Swords Dance|p2a: Sandslash\n|-boost|p2a: Sandslash|atk|2\n|\n|-heal|p2a: Sandslash|275/275|[from] item: Leftovers\n|upkeep\n|turn|19\n|\n|t:|1733000021\n|move|p2a: Sandslash|Rapid Spin|p1a: Sylveon\n|-damage|p1a: Sylveon|204/300\n|-boost|p2a: Sandslash|spe|1\n|move|p1a: Sylveon|Hyper Voice|p2a: Sandslash\n|-damage|p2a: Sandslash|95/275\n|\n|-heal|p2a: Sandslash|112/275|[from] item: Leftovers\n|-heal|p1a: Sylveon|222/300|[from] item: Leftovers\n|upkeep\n|turn|20\n|inactive|therevelarpeeky has 120 seconds left.\n|inactive|Newbie120207 has 120 seconds left.\n|\n|t:|1733000044\n|switch|p1a: Moltres|Moltres, L81|176/278\n|move|p2a: Sandslash|Earthquake|p1a: Moltres\n|-immune|p1a: Moltres\n|\n|-heal|p2a: Sandslash|129/275|[from] item: Leftovers\n|upkeep\n|turn|21\n|inactive|Newbie120207 has 120 seconds left.\n|inactive|therevelarpeeky has 120 seconds left.\n|\n|t:|1733000064\n|move|p2a: Sandslash|Stone Edge|p1a: Moltres\n|-supereffective|p1a: Moltres\n|-damage|p1a: Moltres|0 fnt\n|faint|p1a: Moltres\n|\n|-heal|p2a: Sandslash|146/275|[from] item: Leftovers\n|upkeep\n|\n|t:|1733000081\n|switch|p1a: Hariyama|Hariyama, L87, M|392/392\n|turn|22\n|inactive|therevelarpeeky has 120 seconds left.\n|c|\u2606therevelarpeeky|!weakness fight\n|c| therevelarpeeky|/raw <div class=\"infobox\">fight isn't a recognized type or Pokemon.</div>\n|c|\u2606therevelarpeeky|!weakness fighting\n|c| therevelarpeeky|/raw <div class=\"infobox\">Fighting:<br /><span class=\"message-effect-weak\">Weaknesses</span>: Fairy, Flying, Psychic<br /><span class=\"message-effect-resist\">Resistances</span>: Bug, Dark, Rock<br /><span class=\"message-effect-immune\">Immunities</span>: <font color=#999999>None</font></div>\n|inactive|therevelarpeeky has 90 seconds left.\n|\n|t:|1733000129\n|move|p2a: Sandslash|Earthquake|p1a: Hariyama\n|-damage|p1a: Hariyama|71/392\n|move|p1a: Hariyama|Heavy Slam|p2a: Sandslash\n|-damage|p2a: Sandslash|60/275\n|\n|-heal|p2a: Sandslash|77/275|[from] item: Leftovers\n|upkeep\n|turn|23\n|\n|t:|1733000147\n|move|p1a: Hariyama|Bullet Punch|p2a: Sandslash\n|-damage|p2a: Sandslash|48/275\n|move|p2a: Sandslash|Earthquake|p1a: Hariyama\n|-damage|p1a: Hariyama|0 fnt\n|faint|p1a: Hariyama\n|\n|-heal|p2a: Sandslash|65/275|[from] item: Leftovers\n|upkeep\n|\n|t:|1733000159\n|switch|p1a: Venomoth|Venomoth, L84, M|255/255\n|turn|24\n|\n|t:|1733000167\n|move|p2a: Sandslash|Stone Edge|p1a: Venomoth\n|-supereffective|p1a: Venomoth\n|-damage|p1a: Venomoth|0 fnt\n|faint|p1a: Venomoth\n|\n|-heal|p2a: Sandslash|82/275|[from] item: Leftovers\n|upkeep\n|-message|Newbie120207 forfeited.\n|\n|win|therevelarpeeky\n|raw|Newbie120207's rating: 1000 &rarr; <strong>1000</strong><br />(+0 for losing)\n|raw|therevelarpeeky's rating: 1001 &rarr; <strong>1041</strong><br />(+40 for winning)\n|l|\u2606Newbie120207\n|player|p1|\n", "inputlog": ">version b107d77f5c90bd6555267ae244a6264823309ead\n>start {\"formatid\":\"gen9randombattle\",\"seed\":[4417,2995,57945,34519],\"rated\":\"Rated battle\"}\n>player p1 {\"name\":\"Newbie120207\",\"avatar\":\"101\",\"rating\":1000,\"seed\":[24696,7059,49828,42605]}\n>player p2 {\"name\":\"therevelarpeeky\",\"avatar\":\"hilbert\",\"rating\":1001,\"seed\":[22666,43377,25958,54282]}\n>p1 move poisonjab\n>p2 move spore\n>p1 switch 6\n>p2 move closecombat\n>p1 move uturn\n>p2 switch 3\n>p1 switch 6\n>p1 move earthquake\n>p2 move surf\n>p1 move earthquake\n>p2 move icebeam\n>p1 move earthquake\n>p2 move icebeam terastallize\n>p1 move recover\n>p2 move roost\n>p1 move poisonjab\n>p2 move flipturn\n>p1 move poisonjab\n>p2 move icebeam\n>chat \u2606therevelarpeeky|Missclick\n>p1 move poisonjab\n>p2 move icebeam\n>p1 switch 6\n>p2 move icebeam\n>p1 move fireblast\n>p2 move roost\n>p2 switch 6\n>p1 move roost\n>p2 move scald\n>p1 move uturn\n>p2 move protect\n>p1 move roost\n>p2 move scald\n>p1 move uturn\n>p2 move flipturn\n>p1 switch 6\n>p1 move poisonjab\n>p2 switch 2\n>p1 switch 4\n>p2 move swordsdance\n>p1 move hypervoice\n>p2 move rapidspin\n>p1 switch 6\n>p2 move earthquake\n>p1 move fireblast\n>p2 move stoneedge\n>p1 switch 5\n>chat \u2606therevelarpeeky|!weakness fight\n>chat \u2606therevelarpeeky|!weakness fighting\n>p1 move heavyslam\n>p2 move earthquake\n>p1 move bulletpunch\n>p2 move earthquake\n>p1 switch 2\n>p1 move quiverdance\n>p2 move stoneedge\n>forcelose p1", "uploadtime": 1733000182, "views": 1, "formatid": "gen9randombattle", "rating": 1000, "private": 0, "password": null}