{"id": "gen9randombattle-2254121573", "format": "[Gen 9] Random Battle", "players": ["ImCheeksasf", "NeverFreePalestine"], "log": "|j|\u2606ImCheeksasf\n|j|\u2606NeverFreePalestine\n|t:|1732993860\n|gametype|singles\n|player|p1|ImCheeksasf|2|1105\n|player|p2|NeverFreePalestine|policeman-gen4|1055\n|teamsize|p1|6\n|teamsize|p2|6\n|gen|9\n|tier|[Gen 9] Random Battle\n|rated|\n|rule|Species Clause: Limit one of each Pok\u00e9mon\n|rule|HP Percentage Mod: HP is shown in percentages\n|rule|Sleep Clause Mod: Limit one foe put to sleep\n|rule|Illusion Level Mod: Illusion disguises the Pok\u00e9mon's true level\n|\n|t:|1732993860\n|start\n|switch|p1a: Swampert|Swampert, L83, F|302/302\n|switch|p2a: Ho-Oh|Ho-Oh, L71|268/268\n|turn|1\n|\n|t:|1732993881\n|switch|p2a: Plusle|Plusle, L95, M|268/268\n|move|p1a: Swampert|Stealth Rock|p2a: Plusle\n|-sidestart|p2: NeverFreePalestine|move: Stealth Rock\n|\n|upkeep\n|turn|2\n|\n|t:|1732993893\n|move|p2a: Plusle|Thunderbolt|p1a: Swampert\n|-immune|p1a: Swampert\n|move|p1a: Swampert|Earthquake|p2a: Plusle\n|-supereffective|p2a: Plusle\n|-damage|p2a: Plusle|0 fnt\n|faint|p2a: Plusle\n|\n|upkeep\n|\n|t:|1732993908\n|switch|p2a: Whimsicott|Whimsicott, L85, M|241/241\n|-damage|p2a: Whimsicott|211/241|[from] Stealth Rock\n|turn|3\n|\n|t:|1732993938\n|move|p2a: Whimsicott|Moonblast|p1a: Swampert\n|-damage|p1a: Swampert|212/302\n|move|p1a: Swampert|Flip Turn|p2a: Whimsicott\n|-resisted|p2a: Whimsicott\n|-damage|p2a: Whimsicott|178/241\n|\n|t:|1732993957\n|switch|p1a: Cryogonal|Cryogonal, L89|287/287|[from] Flip Turn\n|\n|-heal|p2a: Whimsicott|193/241|[from] item: Leftovers\n|upkeep\n|turn|4\n|\n|t:|1732993970\n|switch|p2a: Ho-Oh|Ho-Oh, L71|268/268\n|move|p1a: Cryogonal|Ice Beam|p2a: Ho-Oh\n|-damage|p2a: Ho-Oh|189/268\n|\n|upkeep\n|turn|5\n|\n|t:|1732993978\n|-terastallize|p1a: Cryogonal|Electric\n|move|p1a: Cryogonal|Tera Blast|p2a: Ho-Oh|[anim] Tera Blast Electric\n|-supereffective|p2a: Ho-Oh\n|-damage|p2a: Ho-Oh|51/268\n|move|p2a: Ho-Oh|Sacred Fire|p1a: Cryogonal\n|-damage|p1a: Cryogonal|158/287\n|-status|p1a: Cryogonal|brn\n|\n|-damage|p1a: Cryogonal|141/287 brn|[from] brn\n|upkeep\n|turn|6\n|\n|t:|1732993996\n|move|p1a: Cryogonal|Tera Blast|p2a: Ho-Oh|[anim] Tera Blast Electric\n|-supereffective|p2a: Ho-Oh\n|-damage|p2a: Ho-Oh|0 fnt\n|faint|p2a: Ho-Oh\n|\n|-damage|p1a: Cryogonal|124/287 brn|[from] brn\n|upkeep\n|inactive|Battle timer is ON: inactive players will automatically lose when time's up. (requested by ImCheeksasf)\n|\n|t:|1732994018\n|switch|p2a: Klefki|Klefki, L84, M|233/233\n|-damage|p2a: Klefki|219/233|[from] Stealth Rock\n|turn|7\n|\n|t:|1732994037\n|switch|p1a: Emboar|Emboar, L84, M|322/322\n|move|p2a: Klefki|Play Rough|p1a: Emboar\n|-crit|p1a: Emboar\n|-damage|p1a: Emboar|175/322\n|\n|-heal|p2a: Klefki|233/233|[from] item: Leftovers\n|upkeep\n|turn|8\n|\n|t:|1732994055\n|move|p1a: Emboar|Flare Blitz|p2a: Klefki\n|-supereffective|p2a: Klefki\n|-damage|p2a: Klefki|0 fnt\n|faint|p2a: Klefki\n|-damage|p1a: Emboar|98/322|[from] Recoil\n|\n|upkeep\n|\n|t:|1732994068\n|switch|p2a: Gothitelle|Gothitelle, L90, M|272/272\n|-damage|p2a: Gothitelle|238/272|[from] Stealth Rock\n|turn|9\n|\n|t:|1732994073\n|move|p2a: Gothitelle|Psychic|p1a: Emboar\n|-supereffective|p1a: Emboar\n|-damage|p1a: Emboar|0 fnt\n|faint|p1a: Emboar\n|\n|upkeep\n|\n|t:|1732994080\n|switch|p1a: Greninja|Greninja, L80, M|246/246\n|turn|10\n|\n|t:|1732994092\n|-terastallize|p2a: Gothitelle|Steel\n|move|p2a: Gothitelle|Psychic|p1a: Greninja\n|-immune|p1a: Greninja\n|move|p1a: Greninja|U-turn|p2a: Gothitelle\n|-start|p1a: Greninja|typechange|Bug|[from] ability: Protean\n|-resisted|p2a: Gothitelle\n|-damage|p2a: Gothitelle|200/272\n|-damage|p1a: Greninja|222/246|[from] item: Life Orb\n|\n|t:|1732994110\n|switch|p1a: Swampert|Swampert, L83, F|212/302|[from] U-turn\n|\n|-heal|p1a: Swampert|230/302|[from] item: Leftovers\n|upkeep\n|turn|11\n|\n|t:|1732994130\n|move|p2a: Gothitelle|Psychic|p1a: Swampert\n|-damage|p1a: Swampert|130/302\n|-unboost|p1a: Swampert|spd|1\n|move|p1a: Swampert|Earthquake|p2a: Gothitelle\n|-supereffective|p2a: Gothitelle\n|-crit|p2a: Gothitelle\n|-damage|p2a: Gothitelle|0 fnt\n|faint|p2a: Gothitelle\n|\n|-heal|p1a: Swampert|148/302|[from] item: Leftovers\n|upkeep\n|inactive|NeverFreePalestine has 120 seconds left.\n|\n|t:|1732994148\n|switch|p2a: Whimsicott|Whimsicott, L85, M|193/241\n|-damage|p2a: Whimsicott|163/241|[from] Stealth Rock\n|turn|12\n|inactive|NeverFreePalestine has 120 seconds left.\n|\n|t:|1732994159\n|move|p2a: Whimsicott|Leech Seed|p1a: Swampert\n|-start|p1a: Swampert|move: Leech Seed\n|move|p1a: Swampert|Earthquake|p2a: Whimsicott\n|-resisted|p2a: Whimsicott\n|-damage|p2a: Whimsicott|100/241\n|\n|-heal|p2a: Whimsicott|115/241|[from] item: Leftovers\n|-heal|p1a: Swampert|166/302|[from] item: Leftovers\n|-damage|p1a: Swampert|129/302|[from] Leech Seed|[of] p2a: Whimsicott\n|-heal|p2a: Whimsicott|152/241|[silent]\n|upkeep\n|turn|13\n|inactive|NeverFreePalestine has 120 seconds left.\n|\n|t:|1732994172\n|switch|p1a: Arboliva|Arboliva, L91, F|288/288\n|move|p2a: Whimsicott|Hurricane|p1a: Arboliva\n|-supereffective|p1a: Arboliva\n|-crit|p1a: Arboliva\n|-damage|p1a: Arboliva|116/288\n|-start|p1a: Arboliva|confusion\n|-enditem|p1a: Arboliva|Sitrus Berry|[eat]\n|-heal|p1a: Arboliva|188/288|[from] item: Sitrus Berry\n|\n|-heal|p2a: Whimsicott|167/241|[from] item: Leftovers\n|upkeep\n|turn|14\n|inactive|NeverFreePalestine has 120 seconds left.\n|\n|t:|1732994191\n|-activate|p1a: Arboliva|confusion\n|move|p1a: Arboliva|Protect|p1a: Arboliva\n|-singleturn|p1a: Arboliva|Protect\n|move|p2a: Whimsicott|Hurricane|p1a: Arboliva\n|-activate|p1a: Arboliva|move: Protect\n|\n|-heal|p2a: Whimsicott|182/241|[from] item: Leftovers\n|upkeep\n|turn|15\n|inactive|NeverFreePalestine has 120 seconds left.\n|\n|t:|1732994212\n|move|p2a: Whimsicott|Leech Seed|p1a: Arboliva\n|-immune|p1a: Arboliva\n|-end|p1a: Arboliva|confusion\n|move|p1a: Arboliva|Hyper Voice|p2a: Whimsicott\n|-damage|p2a: Whimsicott|32/241\n|\n|-heal|p2a: Whimsicott|47/241|[from] item: Leftovers\n|-item|p1a: Arboliva|Sitrus Berry|[from] ability: Harvest\n|upkeep\n|turn|16\n|\n|t:|1732994227\n|move|p2a: Whimsicott|Moonblast|p1a: Arboliva\n|-damage|p1a: Arboliva|121/288\n|-enditem|p1a: Arboliva|Sitrus Berry|[eat]\n|-heal|p1a: Arboliva|193/288|[from] item: Sitrus Berry\n|move|p1a: Arboliva|Hyper Voice|p2a: Whimsicott\n|-crit|p2a: Whimsicott\n|-damage|p2a: Whimsicott|0 fnt\n|faint|p2a: Whimsicott\n|\n|-item|p1a: Arboliva|Sitrus Berry|[from] ability: Harvest\n|upkeep\n|c|\u2606NeverFreePalestine|Though I May lose\n|c|\u2606NeverFreePalestine|ISRAEL STILL PREVAILS\n|\n|t:|1732994251\n|switch|p2a: Cetitan|Cetitan, L82, F|413/413\n|-damage|p2a: Cetitan|310/413|[from] Stealth Rock\n|turn|17\n|c|\u2606ImCheeksasf|Lmao I\u2019m Jewish sooooo\n|inactive|ImCheeksasf has 120 seconds left.\n|\n|t:|1732994282\n|move|p2a: Cetitan|Icicle Crash|p1a: Arboliva\n|-supereffective|p1a: Arboliva\n|-damage|p1a: Arboliva|0 fnt\n|faint|p1a: Arboliva\n|\n|upkeep\n|c|\u2606NeverFreePalestine|thats unfortunate\n|\n|t:|1732994294\n|switch|p1a: Swampert|Swampert, L83, F|129/302\n|turn|18\n|c|\u2606NeverFreePalestine|very much\n|c|\u2606ImCheeksasf|Tru\n|inactive|NeverFreePalestine has 90 seconds left.\n|c|\u2606NeverFreePalestine|free Palestine\n|c|\u2606ImCheeksasf|Idc im American\n|\n|t:|1732994328\n|move|p2a: Cetitan|Icicle Crash|p1a: Swampert\n|-damage|p1a: Swampert|0 fnt\n|faint|p1a: Swampert\n|\n|upkeep\n|inactive|ImCheeksasf has 120 seconds left.\n|\n|t:|1732994342\n|switch|p1a: Greninja|Greninja, L80, M|222/246\n|turn|19\n|c|\u2606NeverFreePalestine|ok jewish loser\n|inactive|ImCheeksasf has 120 seconds left.\n|inactive|NeverFreePalestine has 90 seconds left.\n|n|!ImCheeksasf|imcheeksasf\n|inactive|ImCheeksasf has 90 seconds left.\n|\n|t:|1732994395\n|move|p1a: Greninja|Gunk Shot|p2a: Cetitan\n|-start|p1a: Greninja|typechange|Poison|[from] ability: Protean\n|-damage|p2a: Cetitan|125/413\n|-damage|p1a: Greninja|198/246|[from] item: Life Orb\n|move|p2a: Cetitan|Icicle Crash|p1a: Greninja\n|-damage|p1a: Greninja|0 fnt\n|faint|p1a: Greninja\n|\n|upkeep\n|\n|t:|1732994406\n|switch|p1a: Cryogonal|Cryogonal, L89, tera:Electric|124/287 brn\n|turn|20\n|inactive|NeverFreePalestine has 90 seconds left.\n|\n|t:|1732994431\n|move|p1a: Cryogonal|Tera Blast|p2a: Cetitan|[anim] Tera Blast Electric\n|-damage|p2a: Cetitan|0 fnt\n|faint|p2a: Cetitan\n|\n|win|ImCheeksasf\n", "inputlog": ">version b107d77f5c90bd6555267ae244a6264823309ead\n>start {\"formatid\":\"gen9randombattle\",\"seed\":[29531,30486,43929,25474],\"rated\":\"Rated battle\"}\n>player p1 {\"name\":\"ImCheeksasf\",\"avatar\":\"2\",\"rating\":1105,\"seed\":[16246,8761,44960,19166]}\n>player p2 {\"name\":\"NeverFreePalestine\",\"avatar\":\"policeman-gen4\",\"rating\":1055,\"seed\":[13559,15874,51715,62748]}\n>p1 move stealthrock\n>p2 switch 3\n>p1 move earthquake\n>p2 move thunderbolt\n>p2 switch 5\n>p1 move flipturn\n>p2 move moonblast\n>p1 switch 4\n>p1 move icebeam\n>p2 switch 3\n>p1 move terablast terastallize\n>p2 move sacredfire\n>p1 move terablast\n>p2 move recover\n>p2 switch 4\n>p1 switch 5\n>p2 move playrough\n>p1 move flareblitz\n>p2 move playrough\n>p2 switch 6\n>p1 move flareblitz\n>p2 move psychic\n>p1 switch 2\n>p1 move uturn\n>p2 move psychic terastallize\n>p1 switch 4\n>p1 move earthquake\n>p2 move psychic\n>p2 switch 3\n>p1 move earthquake\n>p2 move leechseed\n>p1 switch 3\n>p2 move hurricane\n>p1 move protect\n>p2 move hurricane\n>p1 move hypervoice\n>p2 move leechseed\n>p1 move hypervoice\n>p2 move moonblast\n>chat \u2606NeverFreePalestine|Though I May lose\n>chat \u2606NeverFreePalestine|ISRAEL STILL PREVAILS\n>p2 switch 2\n>chat \u2606ImCheeksasf|Lmao I\u2019m Jewish sooooo\n>p1 move leechseed\n>p2 move iciclecrash\n>chat \u2606NeverFreePalestine|thats unfortunate \n>p1 switch 3\n>chat \u2606NeverFreePalestine|very much\n>chat \u2606ImCheeksasf|Tru\n>chat \u2606NeverFreePalestine|free Palestine \n>chat \u2606ImCheeksasf|Idc im American \n>p1 move earthquake\n>p2 move iciclecrash\n>p1 switch 4\n>chat \u2606NeverFreePalestine|ok jewish loser\n>chat \u2606ImCheeksasf|Hahahaahh I\u2019m not a Jew \n>p1 move gunkshot\n>p2 move iciclecrash\n>p1 switch 5\n>p1 move terablast\n>p2 move iciclecrash", "uploadtime": 1732994356, "views": 1, "formatid": "gen9randombattle", "rating": null, "private": 0, "password": null}