{"id": "gen9randombattle-2254018605", "format": "[Gen 9] Random Battle", "players": ["NotoriousIG", "Hugiiitoec55"], "log": "|j|\u2606NotoriousIG\n|j|\u2606Hugiiitoec55\n|t:|1732980724\n|gametype|singles\n|player|p1|NotoriousIG|1|1420\n|player|p2|Hugiiitoec55|170|1431\n|teamsize|p1|6\n|teamsize|p2|6\n|gen|9\n|tier|[Gen 9] Random Battle\n|rated|\n|rule|Species Clause: Limit one of each Pok\u00e9mon\n|rule|HP Percentage Mod: HP is shown in percentages\n|rule|Sleep Clause Mod: Limit one foe put to sleep\n|rule|Illusion Level Mod: Illusion disguises the Pok\u00e9mon's true level\n|\n|t:|1732980724\n|start\n|switch|p1a: Jumpluff|Jumpluff, L87, M|271/271\n|switch|p2a: Revavroom|Revavroom, L79, M|256/256\n|turn|1\n|\n|t:|1732980735\n|move|p1a: Jumpluff|Substitute|p1a: Jumpluff\n|-start|p1a: Jumpluff|Substitute\n|-damage|p1a: Jumpluff|204/271\n|move|p2a: Revavroom|Shift Gear|p2a: Revavroom\n|-boost|p2a: Revavroom|spe|2\n|-boost|p2a: Revavroom|atk|1\n|\n|upkeep\n|turn|2\n|inactive|Battle timer is ON: inactive players will automatically lose when time's up. (requested by Hugiiitoec55)\n|\n|t:|1732980753\n|move|p2a: Revavroom|Iron Head|p1a: Jumpluff\n|-end|p1a: Jumpluff|Substitute\n|-damage|p2a: Revavroom|231/256|[from] item: Life Orb\n|move|p1a: Jumpluff|Leech Seed|p2a: Revavroom\n|-start|p2a: Revavroom|move: Leech Seed\n|\n|-damage|p2a: Revavroom|199/256|[from] Leech Seed|[of] p1a: Jumpluff\n|-heal|p1a: Jumpluff|236/271|[silent]\n|upkeep\n|turn|3\n|inactive|NotoriousIG has 120 seconds left.\n|\n|t:|1732980792\n|-terastallize|p1a: Jumpluff|Steel\n|move|p2a: Revavroom|Iron Head|p1a: Jumpluff\n|-resisted|p1a: Jumpluff\n|-damage|p1a: Jumpluff|132/271\n|-damage|p2a: Revavroom|174/256|[from] item: Life Orb\n|move|p1a: Jumpluff|Strength Sap|p2a: Revavroom\n|-unboost|p2a: Revavroom|atk|1\n|-heal|p1a: Jumpluff|271/271\n|\n|-damage|p2a: Revavroom|142/256|[from] Leech Seed|[of] p1a: Jumpluff\n|upkeep\n|turn|4\n|inactive|NotoriousIG has 120 seconds left.\n|\n|t:|1732980808\n|switch|p2a: Meowscarada|Meowscarada, L78, F|247/247\n|move|p1a: Jumpluff|Strength Sap|p2a: Meowscarada\n|-unboost|p2a: Meowscarada|atk|1\n|\n|upkeep\n|turn|5\n|\n|t:|1732980828\n|move|p1a: Jumpluff|Acrobatics|p2a: Meowscarada\n|-supereffective|p2a: Meowscarada\n|-damage|p2a: Meowscarada|49/247\n|move|p2a: Meowscarada|U-turn|p1a: Jumpluff\n|-start|p2a: Meowscarada|typechange|Bug|[from] ability: Protean\n|-resisted|p1a: Jumpluff\n|-damage|p1a: Jumpluff|232/271\n|inactive|Hugiiitoec55 has 120 seconds left.\n|\n|t:|1732980841\n|switch|p2a: Darkrai|Darkrai, L77|234/234|[from] U-turn\n|\n|upkeep\n|turn|6\n|\n|t:|1732980846\n|move|p1a: Jumpluff|Substitute|p1a: Jumpluff\n|-start|p1a: Jumpluff|Substitute\n|-damage|p1a: Jumpluff|165/271\n|move|p2a: Darkrai|Nasty Plot|p2a: Darkrai\n|-boost|p2a: Darkrai|spa|2\n|\n|upkeep\n|turn|7\n|\n|t:|1732980853\n|move|p1a: Jumpluff|Leech Seed|p2a: Darkrai\n|-start|p2a: Darkrai|move: Leech Seed\n|move|p2a: Darkrai|Dark Pulse|p1a: Jumpluff\n|-end|p1a: Jumpluff|Substitute\n|-damage|p2a: Darkrai|211/234|[from] item: Life Orb\n|\n|-damage|p2a: Darkrai|182/234|[from] Leech Seed|[of] p1a: Jumpluff\n|-heal|p1a: Jumpluff|194/271|[silent]\n|upkeep\n|turn|8\n|\n|t:|1732980863\n|move|p1a: Jumpluff|Substitute|p1a: Jumpluff\n|-start|p1a: Jumpluff|Substitute\n|-damage|p1a: Jumpluff|127/271\n|move|p2a: Darkrai|Dark Pulse|p1a: Jumpluff\n|-end|p1a: Jumpluff|Substitute\n|-damage|p2a: Darkrai|159/234|[from] item: Life Orb\n|\n|-damage|p2a: Darkrai|130/234|[from] Leech Seed|[of] p1a: Jumpluff\n|-heal|p1a: Jumpluff|156/271|[silent]\n|upkeep\n|turn|9\n|\n|t:|1732980873\n|move|p1a: Jumpluff|Substitute|p1a: Jumpluff\n|-start|p1a: Jumpluff|Substitute\n|-damage|p1a: Jumpluff|89/271\n|move|p2a: Darkrai|Dark Pulse|p1a: Jumpluff\n|-end|p1a: Jumpluff|Substitute\n|-damage|p2a: Darkrai|107/234|[from] item: Life Orb\n|\n|-damage|p2a: Darkrai|78/234|[from] Leech Seed|[of] p1a: Jumpluff\n|-heal|p1a: Jumpluff|118/271|[silent]\n|upkeep\n|turn|10\n|\n|t:|1732980885\n|switch|p2a: Weezing|Weezing-Galar, L86, F|252/252\n|move|p1a: Jumpluff|Acrobatics|p2a: Weezing\n|-damage|p2a: Weezing|192/252\n|\n|-heal|p2a: Weezing|207/252|[from] item: Leftovers\n|upkeep\n|turn|11\n|\n|t:|1732980897\n|move|p1a: Jumpluff|Strength Sap|p2a: Weezing\n|-unboost|p2a: Weezing|atk|1\n|-heal|p1a: Jumpluff|271/271\n|move|p2a: Weezing|Gunk Shot|p1a: Jumpluff\n|-immune|p1a: Jumpluff\n|\n|-heal|p2a: Weezing|222/252|[from] item: Leftovers\n|upkeep\n|turn|12\n|\n|t:|1732980903\n|move|p1a: Jumpluff|Leech Seed|p2a: Weezing\n|-start|p2a: Weezing|move: Leech Seed\n|move|p2a: Weezing|Strange Steam|p1a: Jumpluff\n|-resisted|p1a: Jumpluff\n|-damage|p1a: Jumpluff|233/271\n|\n|-heal|p2a: Weezing|237/252|[from] item: Leftovers\n|-damage|p2a: Weezing|206/252|[from] Leech Seed|[of] p1a: Jumpluff\n|-heal|p1a: Jumpluff|264/271|[silent]\n|upkeep\n|turn|13\n|\n|t:|1732980910\n|move|p1a: Jumpluff|Substitute|p1a: Jumpluff\n|-start|p1a: Jumpluff|Substitute\n|-damage|p1a: Jumpluff|197/271\n|move|p2a: Weezing|Strange Steam|p1a: Jumpluff\n|-resisted|p1a: Jumpluff\n|-activate|p1a: Jumpluff|move: Substitute|[damage]\n|\n|-heal|p2a: Weezing|221/252|[from] item: Leftovers\n|-damage|p2a: Weezing|190/252|[from] Leech Seed|[of] p1a: Jumpluff\n|-heal|p1a: Jumpluff|228/271|[silent]\n|upkeep\n|turn|14\n|\n|t:|1732980920\n|move|p1a: Jumpluff|Acrobatics|p2a: Weezing\n|-damage|p2a: Weezing|126/252\n|move|p2a: Weezing|Strange Steam|p1a: Jumpluff|[miss]\n|-miss|p2a: Weezing|p1a: Jumpluff\n|\n|-heal|p2a: Weezing|141/252|[from] item: Leftovers\n|-damage|p2a: Weezing|110/252|[from] Leech Seed|[of] p1a: Jumpluff\n|-heal|p1a: Jumpluff|259/271|[silent]\n|upkeep\n|turn|15\n|\n|t:|1732980931\n|move|p1a: Jumpluff|Acrobatics|p2a: Weezing\n|-damage|p2a: Weezing|47/252\n|move|p2a: Weezing|Pain Split||[still]\n|-fail|p2a: Weezing\n|\n|-heal|p2a: Weezing|62/252|[from] item: Leftovers\n|-damage|p2a: Weezing|31/252|[from] Leech Seed|[of] p1a: Jumpluff\n|-heal|p1a: Jumpluff|271/271|[silent]\n|upkeep\n|turn|16\n|c|\u2606NotoriousIG|jumpluff solo?\n|\n|t:|1732980940\n|move|p1a: Jumpluff|Acrobatics|p2a: Weezing\n|-damage|p2a: Weezing|0 fnt\n|faint|p2a: Weezing\n|\n|upkeep\n|\n|t:|1732980946\n|switch|p2a: Tauros|Tauros-Paldea-Combat, L82, M|257/257\n|-ability|p2a: Tauros|Intimidate|boost\n|-immune|p1a: Jumpluff\n|turn|17\n|\n|t:|1732980955\n|move|p1a: Jumpluff|Leech Seed|p2a: Tauros\n|-start|p2a: Tauros|move: Leech Seed\n|move|p2a: Tauros|Bulk Up|p2a: Tauros\n|-boost|p2a: Tauros|atk|1\n|-boost|p2a: Tauros|def|1\n|\n|-damage|p2a: Tauros|225/257|[from] Leech Seed|[of] p1a: Jumpluff\n|upkeep\n|turn|18\n|\n|t:|1732980964\n|move|p1a: Jumpluff|Acrobatics|p2a: Tauros\n|-supereffective|p2a: Tauros\n|-damage|p2a: Tauros|133/257\n|move|p2a: Tauros|Throat Chop|p1a: Jumpluff\n|-end|p1a: Jumpluff|Substitute\n|-damage|p2a: Tauros|108/257|[from] item: Life Orb\n|\n|-damage|p2a: Tauros|76/257|[from] Leech Seed|[of] p1a: Jumpluff\n|upkeep\n|turn|19\n|\n|t:|1732980975\n|move|p1a: Jumpluff|Substitute|p1a: Jumpluff\n|-start|p1a: Jumpluff|Substitute\n|-damage|p1a: Jumpluff|204/271\n|move|p2a: Tauros|Close Combat|p1a: Jumpluff\n|-supereffective|p1a: Jumpluff\n|-end|p1a: Jumpluff|Substitute\n|-unboost|p2a: Tauros|def|1\n|-unboost|p2a: Tauros|spd|1\n|-damage|p2a: Tauros|51/257|[from] item: Life Orb\n|\n|-damage|p2a: Tauros|19/257|[from] Leech Seed|[of] p1a: Jumpluff\n|-heal|p1a: Jumpluff|236/271|[silent]\n|upkeep\n|turn|20\n|\n|t:|1732980984\n|move|p1a: Jumpluff|Acrobatics|p2a: Tauros\n|-supereffective|p2a: Tauros\n|-damage|p2a: Tauros|0 fnt\n|faint|p2a: Tauros\n|\n|upkeep\n|\n|t:|1732980988\n|switch|p2a: Frosmoth|Frosmoth, L82, M|249/249\n|turn|21\n|\n|t:|1732980996\n|move|p1a: Jumpluff|Substitute|p1a: Jumpluff\n|-start|p1a: Jumpluff|Substitute\n|-damage|p1a: Jumpluff|169/271\n|move|p2a: Frosmoth|Quiver Dance|p2a: Frosmoth\n|-boost|p2a: Frosmoth|spa|1\n|-boost|p2a: Frosmoth|spd|1\n|-boost|p2a: Frosmoth|spe|1\n|\n|upkeep\n|turn|22\n|\n|t:|1732981006\n|move|p1a: Jumpluff|Leech Seed|p2a: Frosmoth\n|-start|p2a: Frosmoth|move: Leech Seed\n|move|p2a: Frosmoth|Hurricane|p1a: Jumpluff\n|-resisted|p1a: Jumpluff\n|-activate|p1a: Jumpluff|move: Substitute|[damage]\n|\n|-damage|p2a: Frosmoth|218/249|[from] Leech Seed|[of] p1a: Jumpluff\n|-heal|p1a: Jumpluff|200/271|[silent]\n|upkeep\n|turn|23\n|\n|t:|1732981014\n|move|p1a: Jumpluff|Acrobatics|p2a: Frosmoth\n|-supereffective|p2a: Frosmoth\n|-damage|p2a: Frosmoth|0 fnt\n|faint|p2a: Frosmoth\n|\n|upkeep\n|\n|t:|1732981019\n|switch|p2a: Meowscarada|Meowscarada, L78, F|49/247\n|turn|24\n|\n|t:|1732981027\n|move|p1a: Jumpluff|Acrobatics|p2a: Meowscarada\n|-supereffective|p2a: Meowscarada\n|-damage|p2a: Meowscarada|0 fnt\n|faint|p2a: Meowscarada\n|\n|upkeep\n|\n|t:|1732981030\n|switch|p2a: Revavroom|Revavroom, L79, M|142/256\n|turn|25\n|\n|t:|1732981036\n|move|p1a: Jumpluff|Leech Seed|p2a: Revavroom\n|-start|p2a: Revavroom|move: Leech Seed\n|move|p2a: Revavroom|Gunk Shot|p1a: Jumpluff\n|-immune|p1a: Jumpluff\n|\n|-damage|p2a: Revavroom|110/256|[from] Leech Seed|[of] p1a: Jumpluff\n|-heal|p1a: Jumpluff|232/271|[silent]\n|upkeep\n|turn|26\n|\n|t:|1732981041\n|move|p1a: Jumpluff|Acrobatics|p2a: Revavroom\n|-resisted|p2a: Revavroom\n|-damage|p2a: Revavroom|65/256\n|move|p2a: Revavroom|Gunk Shot|p1a: Jumpluff\n|-immune|p1a: Jumpluff\n|\n|-damage|p2a: Revavroom|33/256|[from] Leech Seed|[of] p1a: Jumpluff\n|-heal|p1a: Jumpluff|264/271|[silent]\n|upkeep\n|turn|27\n|\n|t:|1732981044\n|move|p1a: Jumpluff|Acrobatics|p2a: Revavroom\n|-resisted|p2a: Revavroom\n|-damage|p2a: Revavroom|0 fnt\n|faint|p2a: Revavroom\n|\n|upkeep\n|\n|t:|1732981045\n|switch|p2a: Darkrai|Darkrai, L77|78/234\n|turn|28\n|\n|t:|1732981049\n|move|p1a: Jumpluff|Leech Seed|p2a: Darkrai\n|-start|p2a: Darkrai|move: Leech Seed\n|move|p2a: Darkrai|Focus Blast|p1a: Jumpluff\n|-supereffective|p1a: Jumpluff\n|-end|p1a: Jumpluff|Substitute\n|-damage|p2a: Darkrai|55/234|[from] item: Life Orb\n|\n|-damage|p2a: Darkrai|26/234|[from] Leech Seed|[of] p1a: Jumpluff\n|-heal|p1a: Jumpluff|271/271|[silent]\n|upkeep\n|turn|29\n|\n|t:|1732981052\n|move|p1a: Jumpluff|Substitute|p1a: Jumpluff\n|-start|p1a: Jumpluff|Substitute\n|-damage|p1a: Jumpluff|204/271\n|move|p2a: Darkrai|Focus Blast|p1a: Jumpluff\n|-supereffective|p1a: Jumpluff\n|-crit|p1a: Jumpluff\n|-end|p1a: Jumpluff|Substitute\n|-damage|p2a: Darkrai|3/234|[from] item: Life Orb\n|\n|-damage|p2a: Darkrai|0 fnt|[from] Leech Seed|[of] p1a: Jumpluff\n|-heal|p1a: Jumpluff|207/271|[silent]\n|faint|p2a: Darkrai\n|\n|win|NotoriousIG\n|upkeep\n|raw|NotoriousIG's rating: 1420 &rarr; <strong>1441</strong><br />(+21 for winning)\n|raw|Hugiiitoec55's rating: 1431 &rarr; <strong>1410</strong><br />(-21 for losing)\n|l|\u2606Hugiiitoec55\n|player|p2|\n", "inputlog": ">version b107d77f5c90bd6555267ae244a6264823309ead\n>start {\"formatid\":\"gen9randombattle\",\"seed\":[48411,29313,38620,39311],\"rated\":\"Rated battle\"}\n>player p1 {\"name\":\"NotoriousIG\",\"avatar\":\"1\",\"rating\":1420,\"seed\":[12703,25552,65056,7153]}\n>player p2 {\"name\":\"Hugiiitoec55\",\"avatar\":\"170\",\"rating\":1431,\"seed\":[48909,24314,39697,54595]}\n>p1 move substitute\n>p2 move shiftgear\n>p1 move leechseed\n>p2 move ironhead\n>p1 move strengthsap terastallize\n>p2 move ironhead\n>p1 move strengthsap\n>p2 switch 2\n>p1 move acrobatics\n>p2 move uturn\n>p2 switch 3\n>p1 move substitute\n>p2 move nastyplot\n>p1 move leechseed\n>p2 move darkpulse\n>p1 move substitute\n>p2 move darkpulse\n>p1 move substitute\n>p2 move darkpulse\n>p1 move acrobatics\n>p2 switch 6\n>p1 move strengthsap\n>p2 move gunkshot\n>p1 move leechseed\n>p2 move strangesteam\n>p1 move substitute\n>p2 move strangesteam\n>p1 move acrobatics\n>p2 move strangesteam\n>p1 move acrobatics\n>p2 move painsplit\n>chat \u2606NotoriousIG|jumpluff solo?\n>p1 move acrobatics\n>p2 move strangesteam\n>p2 switch 5\n>p1 move leechseed\n>p2 move bulkup\n>p1 move acrobatics\n>p2 move throatchop\n>p1 move substitute\n>p2 move closecombat\n>p1 move acrobatics\n>p2 move stoneedge\n>p2 switch 4\n>p1 move substitute\n>p2 move quiverdance\n>p1 move leechseed\n>p2 move hurricane\n>p1 move acrobatics\n>p2 move quiverdance\n>p2 switch 3\n>p1 move acrobatics\n>p2 move flowertrick\n>p2 switch 2\n>p1 move leechseed\n>p2 move gunkshot\n>p1 move acrobatics\n>p2 move gunkshot\n>p1 move acrobatics\n>p2 move gunkshot\n>p2 switch 6\n>p1 move leechseed\n>p2 move focusblast\n>p1 move substitute\n>p2 move focusblast", "uploadtime": 1732981069, "views": 2, "formatid": "gen9randombattle", "rating": 1410, "private": 0, "password": null}