{"id": "gen9randombattle-2254111489", "format": "[Gen 9] Random Battle", "players": ["lucktest18", "Ystop"], "log": "|j|\u2606lucktest18\n|j|\u2606Ystop\n|t:|1732992622\n|gametype|singles\n|player|p1|lucktest18|cynthia-gen4|1609\n|player|p2|Ystop|1|1564\n|teamsize|p1|6\n|teamsize|p2|6\n|gen|9\n|tier|[Gen 9] Random Battle\n|rated|\n|rule|Species Clause: Limit one of each Pok\u00e9mon\n|rule|HP Percentage Mod: HP is shown in percentages\n|rule|Sleep Clause Mod: Limit one foe put to sleep\n|rule|Illusion Level Mod: Illusion disguises the Pok\u00e9mon's true level\n|\n|t:|1732992622\n|start\n|switch|p1a: Crabominable|Crabominable, L90, F|321/321\n|switch|p2a: Ditto|Ditto, L87|225/225\n|-transform|p2a: Ditto|p1a: Crabominable|[from] ability: Imposter\n|turn|1\n|inactive|Battle timer is ON: inactive players will automatically lose when time's up. (requested by lucktest18)\n|inactive|Ystop has 120 seconds left.\n|inactive|lucktest18 has 120 seconds left.\n|\n|t:|1732992681\n|move|p2a: Ditto|Drain Punch|p1a: Crabominable\n|-supereffective|p1a: Crabominable\n|-damage|p1a: Crabominable|45/321\n|move|p1a: Crabominable|Drain Punch|p2a: Ditto\n|-supereffective|p2a: Ditto\n|-damage|p2a: Ditto|0 fnt\n|-heal|p1a: Crabominable|158/321|[from] drain|[of] p2a: Ditto\n|faint|p2a: Ditto\n|\n|upkeep\n|\n|t:|1732992706\n|switch|p2a: Basculegion|Basculegion, L81, M|327/327\n|turn|2\n|\n|t:|1732992715\n|move|p2a: Basculegion|Wave Crash|p1a: Crabominable\n|-damage|p1a: Crabominable|0 fnt\n|faint|p1a: Crabominable\n|-damage|p2a: Basculegion|275/327|[from] Recoil\n|\n|upkeep\n|\n|t:|1732992728\n|switch|p1a: Misdreavus|Misdreavus, L90, M|254/254\n|turn|3\n|\n|t:|1732992751\n|move|p1a: Misdreavus|Will-O-Wisp|p2a: Basculegion\n|-status|p2a: Basculegion|brn\n|move|p2a: Basculegion|Wave Crash|p1a: Misdreavus\n|-damage|p1a: Misdreavus|182/254\n|-damage|p2a: Basculegion|251/327 brn|[from] Recoil\n|\n|-damage|p2a: Basculegion|231/327 brn|[from] brn\n|upkeep\n|turn|4\n|\n|t:|1732992759\n|move|p1a: Misdreavus|Calm Mind|p1a: Misdreavus\n|-boost|p1a: Misdreavus|spa|1\n|-boost|p1a: Misdreavus|spd|1\n|move|p2a: Basculegion|Shadow Ball|p1a: Misdreavus\n|-supereffective|p1a: Misdreavus\n|-damage|p1a: Misdreavus|102/254\n|\n|-damage|p2a: Basculegion|211/327 brn|[from] brn\n|upkeep\n|turn|5\n|\n|t:|1732992766\n|move|p1a: Misdreavus|Calm Mind|p1a: Misdreavus\n|-boost|p1a: Misdreavus|spa|1\n|-boost|p1a: Misdreavus|spd|1\n|move|p2a: Basculegion|Shadow Ball|p1a: Misdreavus\n|-supereffective|p1a: Misdreavus\n|-damage|p1a: Misdreavus|38/254\n|\n|-damage|p2a: Basculegion|191/327 brn|[from] brn\n|upkeep\n|turn|6\n|\n|t:|1732992769\n|move|p1a: Misdreavus|Draining Kiss|p2a: Basculegion\n|-damage|p2a: Basculegion|134/327 brn\n|-heal|p1a: Misdreavus|81/254|[from] drain|[of] p2a: Basculegion\n|move|p2a: Basculegion|Shadow Ball|p1a: Misdreavus\n|-supereffective|p1a: Misdreavus\n|-damage|p1a: Misdreavus|17/254\n|\n|-damage|p2a: Basculegion|114/327 brn|[from] brn\n|upkeep\n|turn|7\n|\n|t:|1732992776\n|move|p1a: Misdreavus|Shadow Ball|p2a: Basculegion\n|-supereffective|p2a: Basculegion\n|-damage|p2a: Basculegion|0 fnt\n|faint|p2a: Basculegion\n|\n|upkeep\n|\n|t:|1732992791\n|switch|p2a: Mismagius|Mismagius, L86, F|243/243\n|turn|8\n|\n|t:|1732992796\n|switch|p1a: Squawkabilly|Squawkabilly-Yellow, L89, M|291/291\n|move|p2a: Mismagius|Shadow Ball|p1a: Squawkabilly\n|-immune|p1a: Squawkabilly\n|\n|upkeep\n|turn|9\n|\n|t:|1732992815\n|switch|p2a: Magmortar|Magmortar, L88, F|275/275\n|move|p1a: Squawkabilly|Brave Bird|p2a: Magmortar\n|-damage|p2a: Magmortar|0 fnt\n|-status|p1a: Squawkabilly|brn|[from] ability: Flame Body|[of] p2a: Magmortar\n|faint|p2a: Magmortar\n|-damage|p1a: Squawkabilly|200/291 brn|[from] Recoil\n|\n|-damage|p1a: Squawkabilly|182/291 brn|[from] brn\n|upkeep\n|\n|t:|1732992822\n|switch|p2a: Whiscash|Whiscash, L88, F|337/337\n|turn|10\n|\n|t:|1732992837\n|move|p1a: Squawkabilly|Brave Bird|p2a: Whiscash\n|-crit|p2a: Whiscash\n|-damage|p2a: Whiscash|80/337\n|-damage|p1a: Squawkabilly|97/291 brn|[from] Recoil\n|move|p2a: Whiscash|Dragon Dance|p2a: Whiscash\n|-boost|p2a: Whiscash|atk|1\n|-boost|p2a: Whiscash|spe|1\n|\n|-damage|p1a: Squawkabilly|79/291 brn|[from] brn\n|upkeep\n|turn|11\n|inactive|Ystop has 120 seconds left.\n|inactive|Ystop has 90 seconds left.\n|\n|t:|1732992912\n|move|p2a: Whiscash|Dragon Dance|p2a: Whiscash\n|-boost|p2a: Whiscash|atk|1\n|-boost|p2a: Whiscash|spe|1\n|move|p1a: Squawkabilly|Brave Bird|p2a: Whiscash\n|-damage|p2a: Whiscash|0 fnt\n|faint|p2a: Whiscash\n|-damage|p1a: Squawkabilly|53/291 brn|[from] Recoil\n|\n|-damage|p1a: Squawkabilly|35/291 brn|[from] brn\n|upkeep\n|-message|Ystop forfeited.\n|\n|win|lucktest18\n|raw|lucktest18's rating: 1609 &rarr; <strong>1626</strong><br />(+17 for winning)\n|raw|Ystop's rating: 1564 &rarr; <strong>1547</strong><br />(-17 for losing)\n|l|\u2606Ystop\n|player|p2|\n", "inputlog": ">version b107d77f5c90bd6555267ae244a6264823309ead\n>start {\"formatid\":\"gen9randombattle\",\"seed\":[37328,60338,48996,1398],\"rated\":\"Rated battle\"}\n>player p1 {\"name\":\"lucktest18\",\"avatar\":\"cynthia-gen4\",\"rating\":1609,\"seed\":[53163,17426,16646,56815]}\n>player p2 {\"name\":\"Ystop\",\"avatar\":\"1\",\"rating\":1564,\"seed\":[56996,62002,48515,14101]}\n>p1 move drainpunch\n>p2 move drainpunch\n>p2 switch 4\n>p1 move knockoff\n>p2 move wavecrash\n>p1 switch 2\n>p1 move willowisp\n>p2 move wavecrash\n>p1 move calmmind\n>p2 move shadowball\n>p1 move calmmind\n>p2 move shadowball\n>p1 move drainingkiss\n>p2 move shadowball\n>p1 move shadowball\n>p2 move shadowball\n>p2 switch 2\n>p1 switch 3\n>p2 move shadowball\n>p1 move bravebird\n>p2 switch 3\n>p2 switch 5\n>p1 move bravebird\n>p2 move dragondance\n>p1 move bravebird\n>p2 move dragondance\n>forcelose p2", "uploadtime": 1732992925, "views": 2, "formatid": "gen9randombattle", "rating": 1547, "private": 0, "password": null}