{"id": "gen9randombattle-2254054744", "format": "[Gen 9] Random Battle", "players": ["It can can", "LevelHeron5158"], "log": "|j|\u2606It can can\n|j|\u2606LevelHeron5158\n|t:|1732985561\n|gametype|singles\n|player|p1|It can can|170|1086\n|player|p2|LevelHeron5158|101|1108\n|teamsize|p1|6\n|teamsize|p2|6\n|gen|9\n|tier|[Gen 9] Random Battle\n|rated|\n|rule|Species Clause: Limit one of each Pok\u00e9mon\n|rule|HP Percentage Mod: HP is shown in percentages\n|rule|Sleep Clause Mod: Limit one foe put to sleep\n|rule|Illusion Level Mod: Illusion disguises the Pok\u00e9mon's true level\n|\n|t:|1732985561\n|start\n|switch|p1a: Snorlax|Snorlax, L82, M|397/397\n|switch|p2a: Primarina|Primarina, L83, M|268/268\n|turn|1\n|inactive|Battle timer is ON: inactive players will automatically lose when time's up. (requested by It can can)\n|\n|t:|1732985576\n|switch|p2a: Iron Hands|Iron Hands, L79|373/373\n|move|p1a: Snorlax|Body Slam|p2a: Iron Hands\n|-damage|p2a: Iron Hands|285/373\n|\n|upkeep\n|turn|2\n|\n|t:|1732985589\n|move|p2a: Iron Hands|Drain Punch|p1a: Snorlax\n|-supereffective|p1a: Snorlax\n|-damage|p1a: Snorlax|155/397\n|-heal|p2a: Iron Hands|373/373|[from] drain|[of] p1a: Snorlax\n|move|p1a: Snorlax|Body Slam|p2a: Iron Hands\n|-damage|p2a: Iron Hands|289/373\n|\n|-heal|p1a: Snorlax|179/397|[from] item: Leftovers\n|upkeep\n|turn|3\n|\n|t:|1732985601\n|move|p2a: Iron Hands|Drain Punch|p1a: Snorlax\n|-supereffective|p1a: Snorlax\n|-damage|p1a: Snorlax|0 fnt\n|-heal|p2a: Iron Hands|373/373|[from] drain|[of] p1a: Snorlax\n|faint|p1a: Snorlax\n|\n|upkeep\n|\n|t:|1732985603\n|switch|p1a: Lugia|Lugia, L72|272/272\n|turn|4\n|\n|t:|1732985620\n|move|p1a: Lugia|Calm Mind|p1a: Lugia\n|-boost|p1a: Lugia|spa|1\n|-boost|p1a: Lugia|spd|1\n|move|p2a: Iron Hands|Wild Charge|p1a: Lugia\n|-supereffective|p1a: Lugia\n|-damage|p1a: Lugia|172/272\n|-damage|p2a: Iron Hands|348/373|[from] Recoil\n|\n|upkeep\n|turn|5\n|\n|t:|1732985635\n|move|p1a: Lugia|Aeroblast|p2a: Iron Hands\n|-damage|p2a: Iron Hands|249/373\n|move|p2a: Iron Hands|Wild Charge|p1a: Lugia\n|-supereffective|p1a: Lugia\n|-damage|p1a: Lugia|0 fnt\n|faint|p1a: Lugia\n|-damage|p2a: Iron Hands|206/373|[from] Recoil\n|\n|upkeep\n|\n|t:|1732985639\n|switch|p1a: Heatran|Heatran, L79, F|273/273\n|-item|p1a: Heatran|Air Balloon\n|turn|6\n|\n|t:|1732985650\n|move|p1a: Heatran|Earth Power|p2a: Iron Hands\n|-supereffective|p2a: Iron Hands\n|-damage|p2a: Iron Hands|92/373\n|move|p2a: Iron Hands|Drain Punch|p1a: Heatran\n|-supereffective|p1a: Heatran\n|-damage|p1a: Heatran|105/273\n|-heal|p2a: Iron Hands|176/373|[from] drain|[of] p1a: Heatran\n|-enditem|p1a: Heatran|Air Balloon\n|\n|upkeep\n|turn|7\n|\n|t:|1732985660\n|move|p1a: Heatran|Earth Power|p2a: Iron Hands\n|-supereffective|p2a: Iron Hands\n|-damage|p2a: Iron Hands|46/373\n|move|p2a: Iron Hands|Drain Punch|p1a: Heatran\n|-supereffective|p1a: Heatran\n|-damage|p1a: Heatran|0 fnt\n|-heal|p2a: Iron Hands|99/373|[from] drain|[of] p1a: Heatran\n|faint|p1a: Heatran\n|\n|upkeep\n|\n|t:|1732985666\n|switch|p1a: Rayquaza|Rayquaza, L72|270/270\n|-ability|p1a: Rayquaza|Air Lock\n|turn|8\n|c|\u2606LevelHeron5158|gg\n|\n|t:|1732985676\n|move|p1a: Rayquaza|Dragon Ascent|p2a: Iron Hands\n|-damage|p2a: Iron Hands|0 fnt\n|-unboost|p1a: Rayquaza|def|1\n|-unboost|p1a: Rayquaza|spd|1\n|faint|p2a: Iron Hands\n|-end|p2a: Iron Hands|Quark Drive|[silent]\n|\n|upkeep\n|\n|t:|1732985689\n|switch|p2a: Drednaw|Drednaw, L81, F|278/278\n|turn|9\n|\n|t:|1732985694\n|move|p1a: Rayquaza|Dragon Dance|p1a: Rayquaza\n|-boost|p1a: Rayquaza|atk|1\n|-boost|p1a: Rayquaza|spe|1\n|move|p2a: Drednaw|Stone Edge|p1a: Rayquaza\n|-supereffective|p1a: Rayquaza\n|-damage|p1a: Rayquaza|0 fnt\n|faint|p1a: Rayquaza\n|\n|upkeep\n|\n|t:|1732985697\n|switch|p1a: Poliwrath|Poliwrath, L88, M|302/302\n|turn|10\n|\n|t:|1732985709\n|move|p1a: Poliwrath|Liquidation|p2a: Drednaw\n|-damage|p2a: Drednaw|142/278\n|-damage|p1a: Poliwrath|272/302|[from] item: Life Orb\n|move|p2a: Drednaw|Earthquake|p1a: Poliwrath\n|-damage|p1a: Poliwrath|201/302\n|\n|upkeep\n|turn|11\n|\n|t:|1732985725\n|move|p1a: Poliwrath|Rain Dance|p1a: Poliwrath\n|-weather|RainDance\n|move|p2a: Drednaw|Stone Edge|p1a: Poliwrath|[miss]\n|-miss|p2a: Drednaw|p1a: Poliwrath\n|\n|-weather|RainDance|[upkeep]\n|upkeep\n|turn|12\n|\n|t:|1732985732\n|move|p1a: Poliwrath|Liquidation|p2a: Drednaw\n|-damage|p2a: Drednaw|0 fnt\n|faint|p2a: Drednaw\n|-damage|p1a: Poliwrath|171/302|[from] item: Life Orb\n|\n|-weather|RainDance|[upkeep]\n|upkeep\n|\n|t:|1732985738\n|switch|p2a: Jumpluff|Jumpluff, L87, M|271/271\n|turn|13\n|\n|t:|1732985744\n|switch|p1a: Palafin|Palafin, L77, M|281/281\n|move|p2a: Jumpluff|Sleep Powder|p1a: Palafin\n|-status|p1a: Palafin|slp|[from] move: Sleep Powder\n|\n|-weather|RainDance|[upkeep]\n|upkeep\n|turn|14\n|\n|t:|1732985755\n|move|p2a: Jumpluff|Acrobatics|p1a: Palafin\n|-damage|p1a: Palafin|172/281 slp\n|cant|p1a: Palafin|slp\n|\n|-weather|RainDance|[upkeep]\n|upkeep\n|turn|15\n|\n|t:|1732985761\n|move|p2a: Jumpluff|Acrobatics|p1a: Palafin\n|-damage|p1a: Palafin|63/281 slp\n|cant|p1a: Palafin|slp\n|\n|-weather|none\n|upkeep\n|turn|16\n|\n|t:|1732985771\n|-curestatus|p1a: Palafin|slp|[msg]\n|move|p1a: Palafin|Jet Punch|p2a: Jumpluff\n|-resisted|p2a: Jumpluff\n|-damage|p2a: Jumpluff|235/271\n|move|p2a: Jumpluff|Acrobatics|p1a: Palafin\n|-damage|p1a: Palafin|0 fnt\n|faint|p1a: Palafin\n|\n|upkeep\n|\n|t:|1732985775\n|switch|p1a: Poliwrath|Poliwrath, L88, M|171/302\n|turn|17\n|\n|t:|1732985784\n|-terastallize|p1a: Poliwrath|Water\n|move|p2a: Jumpluff|U-turn|p1a: Poliwrath\n|-damage|p1a: Poliwrath|140/302\n|\n|t:|1732985790\n|switch|p2a: Primarina|Primarina, L83, M|268/268|[from] U-turn\n|move|p1a: Poliwrath|Rain Dance|p1a: Poliwrath\n|-weather|RainDance\n|\n|-weather|RainDance|[upkeep]\n|upkeep\n|turn|18\n|\n|t:|1732985800\n|-terastallize|p2a: Primarina|Water\n|move|p1a: Poliwrath|Liquidation|p2a: Primarina\n|-resisted|p2a: Primarina\n|-damage|p2a: Primarina|120/268\n|-damage|p1a: Poliwrath|110/302|[from] item: Life Orb\n|move|p2a: Primarina|Hydro Pump|p1a: Poliwrath\n|-resisted|p1a: Poliwrath\n|-damage|p1a: Poliwrath|0 fnt\n|faint|p1a: Poliwrath\n|\n|win|LevelHeron5158\n|raw|It can can's rating: 1086 &rarr; <strong>1065</strong><br />(-21 for losing)\n|raw|LevelHeron5158's rating: 1108 &rarr; <strong>1131</strong><br />(+23 for winning)\n|l|\u2606It can can\n|player|p1|\n|c|\u2606LevelHeron5158|ggggggggggggggggggggggggggggggggg\n", "inputlog": ">version b107d77f5c90bd6555267ae244a6264823309ead\n>start {\"formatid\":\"gen9randombattle\",\"seed\":[14067,31890,55210,18097],\"rated\":\"Rated battle\"}\n>player p1 {\"name\":\"It can can\",\"avatar\":\"170\",\"rating\":1086,\"seed\":[21062,32004,64223,25378]}\n>player p2 {\"name\":\"LevelHeron5158\",\"avatar\":\"101\",\"rating\":1108,\"seed\":[1204,44864,6307,20113]}\n>p1 move bodyslam\n>p2 switch 2\n>p1 move bodyslam\n>p2 move drainpunch\n>p1 move bodyslam\n>p2 move drainpunch\n>p1 switch 2\n>p1 move calmmind\n>p2 move wildcharge\n>p1 move aeroblast\n>p2 move wildcharge\n>p1 switch 4\n>p1 move earthpower\n>p2 move drainpunch\n>p1 move earthpower\n>p2 move drainpunch\n>p1 switch 3\n>chat \u2606LevelHeron5158|gg\n>p1 move dragonascent\n>p2 move voltswitch\n>p2 switch 3\n>p1 move dragondance\n>p2 move stoneedge\n>p1 switch 6\n>p1 move liquidation\n>p2 move earthquake\n>p1 move raindance\n>p2 move stoneedge\n>p1 move liquidation\n>p2 move earthquake\n>p2 switch 5\n>p1 switch 5\n>p2 move sleeppowder\n>p1 move flipturn\n>p2 move acrobatics\n>p1 move flipturn\n>p2 move acrobatics\n>p1 move jetpunch\n>p2 move acrobatics\n>p1 switch 5\n>p1 move raindance terastallize\n>p2 move uturn\n>p2 switch 2\n>p1 move liquidation\n>p2 move hydropump terastallize", "uploadtime": 1732985830, "views": 9, "formatid": "gen9randombattle", "rating": 1065, "private": 0, "password": null}