{"id": "gen9randombattle-2254159798", "format": "[Gen 9] Random Battle", "players": ["Quismi", "manolovm01"], "log": "|j|\u2606Quismi\n|j|\u2606manolovm01\n|t:|1732998610\n|gametype|singles\n|player|p1|Quismi|grimsley|1272\n|player|p2|manolovm01|1|1262\n|teamsize|p1|6\n|teamsize|p2|6\n|gen|9\n|tier|[Gen 9] Random Battle\n|rated|\n|rule|Species Clause: Limit one of each Pok\u00e9mon\n|rule|HP Percentage Mod: HP is shown in percentages\n|rule|Sleep Clause Mod: Limit one foe put to sleep\n|rule|Illusion Level Mod: Illusion disguises the Pok\u00e9mon's true level\n|\n|t:|1732998610\n|start\n|switch|p1a: Bronzong|Bronzong, L88|261/261\n|switch|p2a: Yanmega|Yanmega, L82, F|275/275\n|turn|1\n|inactive|Battle timer is ON: inactive players will automatically lose when time's up. (requested by manolovm01)\n|\n|t:|1732998624\n|switch|p1a: Garganacl|Garganacl, L80, M|291/291\n|move|p2a: Yanmega|U-turn|p1a: Garganacl\n|-damage|p1a: Garganacl|242/291\n|inactive|manolovm01 has 120 seconds left.\n|\n|t:|1732998655\n|switch|p2a: Raikou|Raikou, L81|278/278|[from] U-turn\n|-ability|p2a: Raikou|Pressure\n|\n|-heal|p1a: Garganacl|260/291|[from] item: Leftovers\n|upkeep\n|turn|2\n|inactive|manolovm01 has 120 seconds left.\n|\n|t:|1732998667\n|move|p2a: Raikou|Substitute|p2a: Raikou\n|-start|p2a: Raikou|Substitute\n|-damage|p2a: Raikou|209/278\n|move|p1a: Garganacl|Earthquake|p2a: Raikou\n|-supereffective|p2a: Raikou\n|-end|p2a: Raikou|Substitute\n|\n|-heal|p2a: Raikou|226/278|[from] item: Leftovers\n|-heal|p1a: Garganacl|278/291|[from] item: Leftovers\n|upkeep\n|turn|3\n|inactive|manolovm01 has 120 seconds left.\n|\n|t:|1732998691\n|switch|p2a: Yanmega|Yanmega, L82, F|275/275\n|move|p1a: Garganacl|Earthquake|p2a: Yanmega\n|-immune|p2a: Yanmega\n|\n|-heal|p1a: Garganacl|291/291|[from] item: Leftovers\n|upkeep\n|turn|4\n|\n|t:|1732998706\n|move|p2a: Yanmega|Giga Drain|p1a: Garganacl\n|-supereffective|p1a: Garganacl\n|-damage|p1a: Garganacl|119/291\n|move|p1a: Garganacl|Salt Cure|p2a: Yanmega\n|-supereffective|p2a: Yanmega\n|-damage|p2a: Yanmega|91/275\n|-start|p2a: Yanmega|Salt Cure\n|\n|-heal|p1a: Garganacl|137/291|[from] item: Leftovers\n|-damage|p2a: Yanmega|57/275|[from] Salt Cure\n|upkeep\n|turn|5\n|\n|t:|1732998718\n|switch|p1a: Bombirdier|Bombirdier, L85, M|258/258\n|move|p2a: Yanmega|Giga Drain|p1a: Bombirdier\n|-resisted|p1a: Bombirdier\n|-damage|p1a: Bombirdier|172/258\n|-heal|p2a: Yanmega|100/275|[from] drain|[of] p1a: Bombirdier\n|\n|-damage|p2a: Yanmega|66/275|[from] Salt Cure\n|upkeep\n|turn|6\n|\n|t:|1732998731\n|move|p2a: Yanmega|Giga Drain|p1a: Bombirdier\n|-resisted|p1a: Bombirdier\n|-damage|p1a: Bombirdier|80/258\n|-heal|p2a: Yanmega|112/275|[from] drain|[of] p1a: Bombirdier\n|move|p1a: Bombirdier|Knock Off|p2a: Yanmega\n|-damage|p2a: Yanmega|0 fnt\n|-enditem|p2a: Yanmega|Choice Specs|[from] move: Knock Off|[of] p1a: Bombirdier\n|faint|p2a: Yanmega\n|\n|upkeep\n|inactive|manolovm01 has 90 seconds left.\n|\n|t:|1732998756\n|switch|p2a: Raikou|Raikou, L81|226/278\n|-ability|p2a: Raikou|Pressure\n|turn|7\n|\n|t:|1732998763\n|switch|p1a: Bronzong|Bronzong, L88|261/261\n|move|p2a: Raikou|Thunderbolt|p1a: Bronzong\n|-damage|p1a: Bronzong|183/261\n|\n|-heal|p2a: Raikou|243/278|[from] item: Leftovers\n|-heal|p1a: Bronzong|199/261|[from] item: Leftovers\n|upkeep\n|turn|8\n|\n|t:|1732998774\n|move|p2a: Raikou|Substitute|p2a: Raikou\n|-start|p2a: Raikou|Substitute\n|-damage|p2a: Raikou|174/278\n|move|p1a: Bronzong|Psychic Noise|p2a: Raikou\n|-crit|p2a: Raikou\n|-damage|p2a: Raikou|66/278\n|-start|p2a: Raikou|move: Heal Block\n|\n|-heal|p1a: Bronzong|215/261|[from] item: Leftovers\n|upkeep\n|turn|9\n|\n|t:|1732998786\n|move|p2a: Raikou|Scald|p1a: Bronzong\n|-damage|p1a: Bronzong|167/261\n|move|p1a: Bronzong|Psychic Noise|p2a: Raikou\n|-damage|p2a: Raikou|0 fnt\n|faint|p2a: Raikou\n|\n|-heal|p1a: Bronzong|183/261|[from] item: Leftovers\n|upkeep\n|inactive|manolovm01 has 90 seconds left.\n|\n|t:|1732998801\n|switch|p2a: Polteageist|Polteageist, L79|224/224\n|turn|10\n|\n|t:|1732998816\n|move|p2a: Polteageist|Shell Smash|p2a: Polteageist\n|-unboost|p2a: Polteageist|def|1\n|-unboost|p2a: Polteageist|spd|1\n|-boost|p2a: Polteageist|atk|2\n|-boost|p2a: Polteageist|spa|2\n|-boost|p2a: Polteageist|spe|2\n|-enditem|p2a: Polteageist|White Herb\n|-clearnegativeboost|p2a: Polteageist|[silent]\n|move|p1a: Bronzong|Psychic Noise|p2a: Polteageist\n|-damage|p2a: Polteageist|163/224\n|-start|p2a: Polteageist|move: Heal Block\n|\n|-heal|p1a: Bronzong|199/261|[from] item: Leftovers\n|upkeep\n|turn|11\n|inactive|manolovm01 has 90 seconds left.\n|\n|t:|1732998832\n|move|p2a: Polteageist|Shadow Ball|p1a: Bronzong\n|-supereffective|p1a: Bronzong\n|-damage|p1a: Bronzong|0 fnt\n|faint|p1a: Bronzong\n|\n|-end|p2a: Polteageist|move: Heal Block\n|upkeep\n|\n|t:|1732998837\n|switch|p1a: Bombirdier|Bombirdier, L85, M|80/258\n|turn|12\n|\n|t:|1732998843\n|move|p1a: Bombirdier|Sucker Punch|p2a: Polteageist\n|-supereffective|p2a: Polteageist\n|-damage|p2a: Polteageist|0 fnt\n|-start|p1a: Bombirdier|Disable|Sucker Punch|[from] ability: Cursed Body|[of] p2a: Polteageist\n|faint|p2a: Polteageist\n|\n|upkeep\n|inactive|manolovm01 has 90 seconds left.\n|\n|t:|1732998863\n|switch|p2a: Toucannon|Toucannon, L88, F|284/284\n|turn|13\n|\n|t:|1732998879\n|move|p1a: Bombirdier|Roost|p1a: Bombirdier\n|-heal|p1a: Bombirdier|209/258\n|-singleturn|p1a: Bombirdier|move: Roost\n|move|p2a: Toucannon|Boomburst|p1a: Bombirdier\n|-damage|p1a: Bombirdier|67/258\n|\n|upkeep\n|turn|14\n|\n|t:|1732998888\n|switch|p1a: Wyrdeer|Wyrdeer, L87, F|321/321\n|-ability|p1a: Wyrdeer|Intimidate|boost\n|-unboost|p2a: Toucannon|atk|1\n|move|p2a: Toucannon|Boomburst|p1a: Wyrdeer\n|-damage|p1a: Wyrdeer|170/321\n|\n|-heal|p1a: Wyrdeer|190/321|[from] item: Leftovers\n|upkeep\n|turn|15\n|\n|t:|1732998902\n|move|p1a: Wyrdeer|Thunder Wave|p2a: Toucannon\n|-status|p2a: Toucannon|par\n|move|p2a: Toucannon|U-turn|p1a: Wyrdeer\n|-supereffective|p1a: Wyrdeer\n|-damage|p1a: Wyrdeer|90/321\n|\n|t:|1732998912\n|switch|p2a: Sneasler|Sneasler, L74, M|240/240|[from] U-turn\n|\n|-heal|p1a: Wyrdeer|110/321|[from] item: Leftovers\n|upkeep\n|turn|16\n|\n|t:|1732998927\n|move|p2a: Sneasler|Close Combat|p1a: Wyrdeer\n|-damage|p1a: Wyrdeer|0 fnt\n|-unboost|p2a: Sneasler|def|1\n|-unboost|p2a: Sneasler|spd|1\n|-enditem|p2a: Sneasler|White Herb\n|-clearnegativeboost|p2a: Sneasler|[silent]\n|faint|p1a: Wyrdeer\n|\n|upkeep\n|\n|t:|1732998937\n|switch|p1a: Keldeo|Keldeo-Resolute, L79|273/273\n|turn|17\n|\n|t:|1732998944\n|-terastallize|p2a: Sneasler|Flying\n|move|p2a: Sneasler|Acrobatics|p1a: Keldeo\n|-supereffective|p1a: Keldeo\n|-damage|p1a: Keldeo|45/273\n|move|p1a: Keldeo|Air Slash|p2a: Sneasler\n|-damage|p2a: Sneasler|154/240\n|-damage|p1a: Keldeo|18/273|[from] item: Life Orb\n|\n|upkeep\n|turn|18\n|\n|t:|1732998955\n|switch|p1a: Bombirdier|Bombirdier, L85, M|67/258\n|move|p2a: Sneasler|Acrobatics|p1a: Bombirdier\n|-damage|p1a: Bombirdier|0 fnt\n|faint|p1a: Bombirdier\n|\n|upkeep\n|\n|t:|1732998962\n|switch|p1a: Zacian|Zacian, L69|241/241\n|-ability|p1a: Zacian|Intrepid Sword|boost\n|-boost|p1a: Zacian|atk|1\n|turn|19\n|inactive|manolovm01 has 120 seconds left.\n|\n|t:|1732998968\n|move|p2a: Sneasler|Gunk Shot|p1a: Zacian\n|-supereffective|p1a: Zacian\n|-damage|p1a: Zacian|0 fnt\n|faint|p1a: Zacian\n|\n|upkeep\n|\n|t:|1732998971\n|switch|p1a: Garganacl|Garganacl, L80, M|137/291\n|turn|20\n|\n|t:|1732998977\n|move|p2a: Sneasler|Close Combat|p1a: Garganacl\n|-supereffective|p1a: Garganacl\n|-damage|p1a: Garganacl|0 fnt\n|-unboost|p2a: Sneasler|def|1\n|-unboost|p2a: Sneasler|spd|1\n|faint|p1a: Garganacl\n|\n|upkeep\n|\n|t:|1732998979\n|switch|p1a: Keldeo|Keldeo-Resolute, L79|18/273\n|turn|21\n|\n|t:|1732998990\n|move|p2a: Sneasler|Acrobatics|p1a: Keldeo\n|-supereffective|p1a: Keldeo\n|-damage|p1a: Keldeo|0 fnt\n|faint|p1a: Keldeo\n|\n|win|manolovm01\n|raw|Quismi's rating: 1272 &rarr; <strong>1246</strong><br />(-26 for losing)\n|raw|manolovm01's rating: 1262 &rarr; <strong>1288</strong><br />(+26 for winning)\n|l|\u2606Quismi\n|player|p1|\n", "inputlog": ">version b107d77f5c90bd6555267ae244a6264823309ead\n>start {\"formatid\":\"gen9randombattle\",\"seed\":[37843,38989,47359,37784],\"rated\":\"Rated battle\"}\n>player p1 {\"name\":\"Quismi\",\"avatar\":\"grimsley\",\"rating\":1272,\"seed\":[4288,24169,35012,20345]}\n>player p2 {\"name\":\"manolovm01\",\"avatar\":\"1\",\"rating\":1262,\"seed\":[6262,19968,63413,14665]}\n>p1 switch 2\n>p2 move uturn\n>p2 switch 3\n>p1 move earthquake\n>p2 move substitute\n>p1 move earthquake\n>p2 switch 3\n>p1 move saltcure\n>p2 move gigadrain\n>p1 switch 6\n>p2 move gigadrain\n>p1 move knockoff\n>p2 move gigadrain\n>p2 switch 3\n>p1 switch 2\n>p2 move thunderbolt\n>p1 move psychicnoise\n>p2 move substitute\n>p1 move psychicnoise\n>p2 move scald\n>p2 switch 5\n>p1 move psychicnoise\n>p2 move shellsmash\n>p1 move psychicnoise\n>p2 move shadowball\n>p1 switch 2\n>p1 move suckerpunch\n>p2 move terablast\n>p2 switch 6\n>p1 move roost\n>p2 move boomburst\n>p1 switch 4\n>p2 move boomburst\n>p1 move thunderwave\n>p2 move uturn\n>p2 switch 2\n>p1 move thunderwave\n>p2 move closecombat\n>p1 switch 5\n>p1 move airslash\n>p2 move acrobatics terastallize\n>p1 switch 4\n>p2 move acrobatics\n>p1 switch 3\n>p1 move playrough\n>p2 move gunkshot\n>p1 switch 6\n>p1 move saltcure\n>p2 move closecombat\n>p1 switch 4\n>p1 move airslash\n>p2 move acrobatics", "uploadtime": 1732998996, "views": 1, "formatid": "gen9randombattle", "rating": 1246, "private": 0, "password": null}