{"id": "gen9randombattle-2253839164", "format": "[Gen 9] Random Battle", "players": ["idontlikequagsire", "DUDEKRPK"], "log": "|j|\u2606idontlikequagsire\n|j|\u2606DUDEKRPK\n|t:|1732946550\n|gametype|singles\n|player|p1|idontlikequagsire|265|1056\n|player|p2|DUDEKRPK|lucas|1027\n|teamsize|p1|6\n|teamsize|p2|6\n|gen|9\n|tier|[Gen 9] Random Battle\n|rated|\n|rule|Species Clause: Limit one of each Pok\u00e9mon\n|rule|HP Percentage Mod: HP is shown in percentages\n|rule|Sleep Clause Mod: Limit one foe put to sleep\n|rule|Illusion Level Mod: Illusion disguises the Pok\u00e9mon's true level\n|\n|t:|1732946550\n|start\n|switch|p1a: Suicune|Suicune, L82|298/298\n|switch|p2a: Solgaleo|Solgaleo, L74|325/325\n|-ability|p1a: Suicune|Pressure\n|turn|1\n|\n|t:|1732946563\n|move|p2a: Solgaleo|Sunsteel Strike|p1a: Suicune\n|-resisted|p1a: Suicune\n|-damage|p1a: Suicune|253/298\n|move|p1a: Suicune|Calm Mind|p1a: Suicune\n|-boost|p1a: Suicune|spa|1\n|-boost|p1a: Suicune|spd|1\n|\n|-heal|p1a: Suicune|271/298|[from] item: Leftovers\n|upkeep\n|turn|2\n|\n|t:|1732946572\n|switch|p2a: Shiftry|Shiftry, L89, M|305/305\n|move|p1a: Suicune|Calm Mind|p1a: Suicune\n|-boost|p1a: Suicune|spa|1\n|-boost|p1a: Suicune|spd|1\n|\n|-heal|p1a: Suicune|289/298|[from] item: Leftovers\n|upkeep\n|turn|3\n|inactive|Battle timer is ON: inactive players will automatically lose when time's up. (requested by DUDEKRPK)\n|inactive|idontlikequagsire has 120 seconds left.\n|\n|t:|1732946609\n|switch|p1a: Flutter Mane|Flutter Mane, L74|203/203\n|move|p2a: Shiftry|Leaf Blade|p1a: Flutter Mane\n|-damage|p1a: Flutter Mane|0 fnt\n|faint|p1a: Flutter Mane\n|-end|p1a: Flutter Mane|Protosynthesis|[silent]\n|-damage|p2a: Shiftry|275/305|[from] item: Life Orb\n|\n|upkeep\n|\n|t:|1732946617\n|switch|p1a: Gallade|Gallade, L81, M|243/243\n|turn|4\n|inactive|DUDEKRPK has 120 seconds left.\n|\n|t:|1732946670\n|move|p2a: Shiftry|Knock Off|p1a: Gallade\n|-damage|p1a: Gallade|51/243\n|-enditem|p1a: Gallade|Life Orb|[from] move: Knock Off|[of] p2a: Shiftry\n|-damage|p2a: Shiftry|245/305|[from] item: Life Orb\n|move|p1a: Gallade|Agility|p1a: Gallade\n|-boost|p1a: Gallade|spe|2\n|\n|upkeep\n|turn|5\n|c|\u2606DUDEKRPK|WITTAM CIE W KURWE JEBANY TY\n|n|\u203dDUDEKRPK|dudekrpk\n|c|~|/log DUDEKRPK was locked from talking by Artemis. (\u2606DUDEKRPK: WITTAM CIE W KURWE JEBANY TY)\n|c|~|/raw <small>This action was done automatically. Want to learn more about the AI? <a href=\"https://www.smogon.com/forums/threads/3570628/#post-9056769\">Visit the information thread</a>.</small>\n|\n|t:|1732946683\n|move|p1a: Gallade|Sacred Sword|p2a: Shiftry\n|-supereffective|p2a: Shiftry\n|-damage|p2a: Shiftry|0 fnt\n|faint|p2a: Shiftry\n|\n|upkeep\n|\n|t:|1732946694\n|switch|p2a: Solgaleo|Solgaleo, L74|325/325\n|turn|6\n|\n|t:|1732946702\n|move|p1a: Gallade|Sacred Sword|p2a: Solgaleo\n|-damage|p2a: Solgaleo|180/325\n|move|p2a: Solgaleo|Sunsteel Strike|p1a: Gallade\n|-damage|p1a: Gallade|0 fnt\n|faint|p1a: Gallade\n|\n|upkeep\n|\n|t:|1732946725\n|switch|p1a: Suicune|Suicune, L82|289/298\n|-ability|p1a: Suicune|Pressure\n|turn|7\n|\n|t:|1732946731\n|move|p1a: Suicune|Calm Mind|p1a: Suicune\n|-boost|p1a: Suicune|spa|1\n|-boost|p1a: Suicune|spd|1\n|move|p2a: Solgaleo|Close Combat|p1a: Suicune\n|-damage|p1a: Suicune|217/298\n|-unboost|p2a: Solgaleo|def|1\n|-unboost|p2a: Solgaleo|spd|1\n|\n|-heal|p1a: Suicune|235/298|[from] item: Leftovers\n|upkeep\n|turn|8\n|\n|t:|1732946741\n|switch|p2a: Arbok|Arbok, L87, F|246/246\n|-ability|p2a: Arbok|Intimidate|boost\n|-unboost|p1a: Suicune|atk|1\n|move|p1a: Suicune|Calm Mind|p1a: Suicune\n|-boost|p1a: Suicune|spa|1\n|-boost|p1a: Suicune|spd|1\n|\n|-heal|p1a: Suicune|253/298|[from] item: Leftovers\n|upkeep\n|turn|9\n|\n|t:|1732946761\n|move|p2a: Arbok|Trailblaze|p1a: Suicune\n|-supereffective|p1a: Suicune\n|-damage|p1a: Suicune|195/298\n|-boost|p2a: Arbok|spe|1\n|move|p1a: Suicune|Scald|p2a: Arbok\n|-damage|p2a: Arbok|101/246\n|-status|p2a: Arbok|brn\n|\n|-heal|p2a: Arbok|116/246 brn|[from] item: Leftovers\n|-heal|p1a: Suicune|213/298|[from] item: Leftovers\n|-damage|p2a: Arbok|101/246 brn|[from] brn\n|upkeep\n|turn|10\n|\n|t:|1732946775\n|move|p2a: Arbok|Gunk Shot|p1a: Suicune\n|-damage|p1a: Suicune|162/298\n|move|p1a: Suicune|Rest|p1a: Suicune\n|-status|p1a: Suicune|slp|[from] move: Rest\n|-heal|p1a: Suicune|298/298 slp|[silent]\n|\n|-heal|p2a: Arbok|116/246 brn|[from] item: Leftovers\n|-damage|p2a: Arbok|101/246 brn|[from] brn\n|upkeep\n|turn|11\n|\n|t:|1732946784\n|move|p2a: Arbok|Gunk Shot|p1a: Suicune\n|-damage|p1a: Suicune|244/298 slp\n|cant|p1a: Suicune|slp\n|move|p1a: Suicune|Sleep Talk|p1a: Suicune\n|move|p1a: Suicune|Scald|p2a: Arbok|[from]move: Sleep Talk\n|-damage|p2a: Arbok|0 fnt\n|faint|p2a: Arbok\n|\n|-heal|p1a: Suicune|262/298 slp|[from] item: Leftovers\n|upkeep\n|\n|t:|1732946794\n|switch|p2a: Gengar|Gengar, L81, M|230/230\n|turn|12\n|\n|t:|1732946805\n|move|p2a: Gengar|Will-O-Wisp|p1a: Suicune|[miss]\n|-miss|p2a: Gengar|p1a: Suicune\n|cant|p1a: Suicune|slp\n|\n|-heal|p1a: Suicune|280/298 slp|[from] item: Leftovers\n|upkeep\n|turn|13\n|\n|t:|1732946812\n|move|p2a: Gengar|Sludge Wave|p1a: Suicune\n|-damage|p1a: Suicune|220/298 slp\n|-damage|p2a: Gengar|207/230|[from] item: Life Orb\n|-curestatus|p1a: Suicune|slp|[msg]\n|move|p1a: Suicune|Sleep Talk||[still]\n|-fail|p1a: Suicune\n|\n|-heal|p1a: Suicune|238/298|[from] item: Leftovers\n|upkeep\n|turn|14\n|\n|t:|1732946820\n|move|p2a: Gengar|Sludge Wave|p1a: Suicune\n|-damage|p1a: Suicune|170/298\n|-damage|p2a: Gengar|184/230|[from] item: Life Orb\n|move|p1a: Suicune|Rest|p1a: Suicune\n|-status|p1a: Suicune|slp|[from] move: Rest\n|-heal|p1a: Suicune|298/298 slp|[silent]\n|\n|upkeep\n|turn|15\n|\n|t:|1732946828\n|switch|p2a: Dragonite|Dragonite, L74, F|257/257\n|cant|p1a: Suicune|slp\n|move|p1a: Suicune|Sleep Talk|p1a: Suicune\n|move|p1a: Suicune|Scald|p2a: Dragonite|[from]move: Sleep Talk\n|-resisted|p2a: Dragonite\n|-damage|p2a: Dragonite|221/257\n|\n|upkeep\n|turn|16\n|\n|t:|1732946850\n|switch|p1a: Piloswine|Piloswine, L85, M|309/309\n|move|p2a: Dragonite|Dragon Dance|p2a: Dragonite\n|-boost|p2a: Dragonite|atk|1\n|-boost|p2a: Dragonite|spe|1\n|\n|upkeep\n|turn|17\n|\n|t:|1732946866\n|-terastallize|p2a: Dragonite|Steel\n|move|p2a: Dragonite|Earthquake|p1a: Piloswine\n|-damage|p1a: Piloswine|227/309\n|move|p1a: Piloswine|Icicle Crash|p2a: Dragonite\n|-resisted|p2a: Dragonite\n|-damage|p2a: Dragonite|168/257\n|\n|upkeep\n|turn|18\n|\n|t:|1732946885\n|move|p2a: Dragonite|Iron Head|p1a: Piloswine\n|-supereffective|p1a: Piloswine\n|-damage|p1a: Piloswine|39/309\n|move|p1a: Piloswine|Earthquake|p2a: Dragonite\n|-supereffective|p2a: Dragonite\n|-damage|p2a: Dragonite|0 fnt\n|faint|p2a: Dragonite\n|\n|upkeep\n|\n|t:|1732946894\n|switch|p2a: Gengar|Gengar, L81, M|184/230\n|turn|19\n|\n|t:|1732946901\n|move|p2a: Gengar|Sludge Wave|p1a: Piloswine\n|-resisted|p1a: Piloswine\n|-damage|p1a: Piloswine|0 fnt\n|faint|p1a: Piloswine\n|-damage|p2a: Gengar|161/230|[from] item: Life Orb\n|\n|upkeep\n|\n|t:|1732946906\n|switch|p1a: Suicune|Suicune, L82|298/298 slp\n|-ability|p1a: Suicune|Pressure\n|turn|20\n|\n|t:|1732946911\n|move|p2a: Gengar|Sludge Wave|p1a: Suicune\n|-damage|p1a: Suicune|180/298 slp\n|-damage|p2a: Gengar|138/230|[from] item: Life Orb\n|cant|p1a: Suicune|slp\n|move|p1a: Suicune|Sleep Talk|p1a: Suicune\n|move|p1a: Suicune|Scald|p2a: Gengar|[from]move: Sleep Talk\n|-damage|p2a: Gengar|47/230\n|-status|p2a: Gengar|brn\n|-start|p1a: Suicune|Disable|Sleep Talk|[from] ability: Cursed Body|[of] p2a: Gengar\n|\n|-heal|p1a: Suicune|198/298 slp|[from] item: Leftovers\n|-damage|p2a: Gengar|33/230 brn|[from] brn\n|upkeep\n|turn|21\n|\n|t:|1732946926\n|move|p2a: Gengar|Sludge Wave|p1a: Suicune\n|-damage|p1a: Suicune|76/298 slp\n|-damage|p2a: Gengar|10/230 brn|[from] item: Life Orb\n|-curestatus|p1a: Suicune|slp|[msg]\n|move|p1a: Suicune|Rest|p1a: Suicune\n|-status|p1a: Suicune|slp|[from] move: Rest\n|-heal|p1a: Suicune|298/298 slp|[silent]\n|\n|-damage|p2a: Gengar|0 fnt|[from] brn\n|faint|p2a: Gengar\n|upkeep\n|\n|t:|1732946933\n|switch|p2a: Ninetales|Ninetales-Alola, L78, F|242/242\n|-weather|Snow|[from] ability: Snow Warning|[of] p2a: Ninetales\n|turn|22\n|\n|t:|1732946941\n|move|p2a: Ninetales|Moonblast|p1a: Suicune\n|-damage|p1a: Suicune|237/298 slp\n|cant|p1a: Suicune|slp\n|\n|-weather|Snow|[upkeep]\n|-heal|p1a: Suicune|255/298 slp|[from] item: Leftovers\n|upkeep\n|turn|23\n|\n|t:|1732946960\n|switch|p1a: Garganacl|Garganacl, L80, M|291/291\n|move|p2a: Ninetales|Freeze-Dry|p1a: Garganacl\n|-damage|p1a: Garganacl|234/291\n|\n|-weather|Snow|[upkeep]\n|-heal|p1a: Garganacl|252/291|[from] item: Leftovers\n|upkeep\n|turn|24\n|\n|t:|1732946973\n|switch|p2a: Solgaleo|Solgaleo, L74|180/325\n|move|p1a: Garganacl|Body Press|p2a: Solgaleo\n|-damage|p2a: Solgaleo|118/325\n|\n|-weather|Snow|[upkeep]\n|-heal|p1a: Garganacl|270/291|[from] item: Leftovers\n|upkeep\n|turn|25\n|\n|t:|1732946984\n|move|p1a: Garganacl|Protect|p1a: Garganacl\n|-singleturn|p1a: Garganacl|Protect\n|move|p2a: Solgaleo|Close Combat|p1a: Garganacl\n|-activate|p1a: Garganacl|move: Protect\n|\n|-weather|Snow|[upkeep]\n|-heal|p1a: Garganacl|288/291|[from] item: Leftovers\n|upkeep\n|turn|26\n|\n|t:|1732946997\n|move|p2a: Solgaleo|Close Combat|p1a: Garganacl\n|-supereffective|p1a: Garganacl\n|-damage|p1a: Garganacl|160/291\n|-unboost|p2a: Solgaleo|def|1\n|-unboost|p2a: Solgaleo|spd|1\n|move|p1a: Garganacl|Salt Cure|p2a: Solgaleo\n|-resisted|p2a: Solgaleo\n|-damage|p2a: Solgaleo|88/325\n|-start|p2a: Solgaleo|Salt Cure\n|\n|-weather|none\n|-heal|p1a: Garganacl|178/291|[from] item: Leftovers\n|-damage|p2a: Solgaleo|7/325|[from] Salt Cure\n|upkeep\n|turn|27\n|\n|t:|1732947008\n|move|p1a: Garganacl|Protect|p1a: Garganacl\n|-singleturn|p1a: Garganacl|Protect\n|move|p2a: Solgaleo|Close Combat|p1a: Garganacl\n|-activate|p1a: Garganacl|move: Protect\n|\n|-heal|p1a: Garganacl|196/291|[from] item: Leftovers\n|-damage|p2a: Solgaleo|0 fnt|[from] Salt Cure\n|faint|p2a: Solgaleo\n|upkeep\n|\n|t:|1732947011\n|switch|p2a: Ninetales|Ninetales-Alola, L78, F|242/242\n|-weather|Snow|[from] ability: Snow Warning|[of] p2a: Ninetales\n|turn|28\n|\n|t:|1732947023\n|move|p2a: Ninetales|Blizzard|p1a: Garganacl\n|-damage|p1a: Garganacl|106/291\n|move|p1a: Garganacl|Recover|p1a: Garganacl\n|-heal|p1a: Garganacl|252/291\n|\n|-weather|Snow|[upkeep]\n|-heal|p1a: Garganacl|270/291|[from] item: Leftovers\n|upkeep\n|turn|29\n|\n|t:|1732947030\n|move|p1a: Garganacl|Protect|p1a: Garganacl\n|-singleturn|p1a: Garganacl|Protect\n|move|p2a: Ninetales|Moonblast|p1a: Garganacl\n|-activate|p1a: Garganacl|move: Protect\n|\n|-weather|Snow|[upkeep]\n|-heal|p1a: Garganacl|288/291|[from] item: Leftovers\n|upkeep\n|turn|30\n|\n|t:|1732947041\n|move|p2a: Ninetales|Blizzard|p1a: Garganacl\n|-damage|p1a: Garganacl|204/291\n|move|p1a: Garganacl|Salt Cure|p2a: Ninetales\n|-supereffective|p2a: Ninetales\n|-damage|p2a: Ninetales|174/242\n|-start|p2a: Ninetales|Salt Cure\n|\n|-weather|Snow|[upkeep]\n|-heal|p1a: Garganacl|222/291|[from] item: Leftovers\n|-damage|p2a: Ninetales|144/242|[from] Salt Cure\n|upkeep\n|turn|31\n|\n|t:|1732947055\n|move|p2a: Ninetales|Freeze-Dry|p1a: Garganacl\n|-damage|p1a: Garganacl|168/291\n|move|p1a: Garganacl|Recover|p1a: Garganacl\n|-heal|p1a: Garganacl|291/291\n|\n|-weather|Snow|[upkeep]\n|-damage|p2a: Ninetales|114/242|[from] Salt Cure\n|upkeep\n|turn|32\n|-message|DUDEKRPK forfeited.\n|\n|win|idontlikequagsire\n", "inputlog": ">version b107d77f5c90bd6555267ae244a6264823309ead\n>start {\"formatid\":\"gen9randombattle\",\"seed\":[35246,7063,28721,11135],\"rated\":\"Rated battle\"}\n>player p1 {\"name\":\"idontlikequagsire\",\"avatar\":\"265\",\"rating\":1056,\"seed\":[42529,28939,8342,22278]}\n>player p2 {\"name\":\"DUDEKRPK\",\"avatar\":\"lucas\",\"rating\":1027,\"seed\":[20282,5413,52414,42382]}\n>p1 move calmmind\n>p2 move sunsteelstrike\n>p1 move calmmind\n>p2 switch 4\n>p1 switch 4\n>p2 move leafblade\n>p1 switch 2\n>p1 move agility\n>p2 move knockoff\n>chat \u2606DUDEKRPK|WITTAM CIE W KURWE JEBANY TY\n>p1 move sacredsword\n>p2 move knockoff\n>p2 switch 4\n>p1 move sacredsword\n>p2 move sunsteelstrike\n>p1 switch 4\n>p1 move calmmind\n>p2 move closecombat\n>p1 move calmmind\n>p2 switch 5\n>p1 move scald\n>p2 move trailblaze\n>p1 move rest\n>p2 move gunkshot\n>p1 move sleeptalk\n>p2 move gunkshot\n>p2 switch 6\n>p1 move scald\n>p2 move willowisp\n>p1 move sleeptalk\n>p2 move sludgewave\n>p1 move rest\n>p2 move sludgewave\n>p1 move sleeptalk\n>p2 switch 3\n>p1 switch 3\n>p2 move dragondance\n>p1 move iciclecrash\n>p2 move earthquake terastallize\n>p1 move earthquake\n>p2 move ironhead\n>p2 switch 3\n>p1 move earthquake\n>p2 move sludgewave\n>p1 switch 3\n>p1 move sleeptalk\n>p2 move sludgewave\n>p1 move rest\n>p2 move sludgewave\n>p2 switch 2\n>p1 move scald\n>p2 move moonblast\n>p1 switch 5\n>p2 move freezedry\n>p1 move bodypress\n>p2 switch 5\n>p1 move protect\n>p2 move closecombat\n>p1 move saltcure\n>p2 move closecombat\n>p1 move protect\n>p2 move closecombat\n>p2 switch 5\n>p1 move recover\n>p2 move blizzard\n>p1 move protect\n>p2 move moonblast\n>p1 move saltcure\n>p2 move blizzard\n>p1 move recover\n>p2 move freezedry\n>forcelose p2", "uploadtime": 1732946678, "views": 2, "formatid": "gen9randombattle", "rating": null, "private": 0, "password": null}