{"id": "gen9randombattle-2254165045", "format": "[Gen 9] Random Battle", "players": ["joey32123", "5sThe5th"], "log": "|j|\u2606joey32123\n|j|\u26065sThe5th\n|t:|1732999268\n|gametype|singles\n|player|p1|joey32123|169|1306\n|player|p2|5sThe5th|swimmerf-gen4|1326\n|teamsize|p1|6\n|teamsize|p2|6\n|gen|9\n|tier|[Gen 9] Random Battle\n|rated|\n|rule|Species Clause: Limit one of each Pok\u00e9mon\n|rule|HP Percentage Mod: HP is shown in percentages\n|rule|Sleep Clause Mod: Limit one foe put to sleep\n|rule|Illusion Level Mod: Illusion disguises the Pok\u00e9mon's true level\n|\n|t:|1732999268\n|start\n|switch|p1a: Samurott|Samurott-Hisui, L77, M|265/265\n|switch|p2a: Hypno|Hypno, L95, F|315/315\n|turn|1\n|inactive|Battle timer is ON: inactive players will automatically lose when time's up. (requested by joey32123)\n|\n|t:|1732999292\n|-terastallize|p2a: Hypno|Steel\n|move|p2a: Hypno|Toxic|p1a: Samurott\n|-status|p1a: Samurott|tox\n|move|p1a: Samurott|Ceaseless Edge|p2a: Hypno\n|-damage|p2a: Hypno|164/315\n|-sidestart|p2: 5sThe5th|Spikes\n|\n|-heal|p2a: Hypno|183/315|[from] item: Leftovers\n|-damage|p1a: Samurott|249/265 tox|[from] psn\n|upkeep\n|turn|2\n|\n|t:|1732999304\n|move|p2a: Hypno|Knock Off|p1a: Samurott\n|-resisted|p1a: Samurott\n|-damage|p1a: Samurott|205/265 tox\n|-enditem|p1a: Samurott|Choice Band|[from] move: Knock Off|[of] p2a: Hypno\n|move|p1a: Samurott|Ceaseless Edge|p2a: Hypno\n|-damage|p2a: Hypno|83/315\n|-sidestart|p2: 5sThe5th|Spikes\n|\n|-heal|p2a: Hypno|102/315|[from] item: Leftovers\n|-damage|p1a: Samurott|173/265 tox|[from] psn\n|upkeep\n|turn|3\n|\n|t:|1732999315\n|move|p1a: Samurott|Sucker Punch|p2a: Hypno\n|-crit|p2a: Hypno\n|-damage|p2a: Hypno|0 fnt\n|faint|p2a: Hypno\n|\n|-damage|p1a: Samurott|125/265 tox|[from] psn\n|upkeep\n|\n|t:|1732999328\n|switch|p2a: Pincurchin|Pincurchin, F|258/258\n|-damage|p2a: Pincurchin|215/258|[from] Spikes\n|-fieldstart|move: Electric Terrain|[from] ability: Electric Surge|[of] p2a: Pincurchin\n|turn|4\n|\n|t:|1732999338\n|move|p1a: Samurott|Ceaseless Edge|p2a: Pincurchin\n|-damage|p2a: Pincurchin|143/258\n|-sidestart|p2: 5sThe5th|Spikes\n|move|p2a: Pincurchin|Curse|p2a: Pincurchin\n|-unboost|p2a: Pincurchin|spe|1\n|-boost|p2a: Pincurchin|atk|1\n|-boost|p2a: Pincurchin|def|1\n|\n|-heal|p2a: Pincurchin|159/258|[from] item: Leftovers\n|-damage|p1a: Samurott|61/265 tox|[from] psn\n|upkeep\n|turn|5\n|\n|t:|1732999352\n|move|p1a: Samurott|Razor Shell|p2a: Pincurchin\n|-damage|p2a: Pincurchin|105/258\n|-unboost|p2a: Pincurchin|def|1\n|move|p2a: Pincurchin|Recover|p2a: Pincurchin\n|-heal|p2a: Pincurchin|234/258\n|\n|-heal|p2a: Pincurchin|250/258|[from] item: Leftovers\n|-damage|p1a: Samurott|0 fnt|[from] psn\n|faint|p1a: Samurott\n|upkeep\n|\n|t:|1732999374\n|switch|p1a: Metagross|Metagross, L79|256/256\n|turn|6\n|\n|t:|1732999380\n|move|p1a: Metagross|Stealth Rock|p2a: Pincurchin\n|-sidestart|p2: 5sThe5th|move: Stealth Rock\n|move|p2a: Pincurchin|Zing Zap|p1a: Metagross\n|-damage|p1a: Metagross|61/256\n|\n|-heal|p1a: Metagross|77/256|[from] item: Leftovers\n|-heal|p2a: Pincurchin|258/258|[from] item: Leftovers\n|upkeep\n|turn|7\n|\n|t:|1732999392\n|move|p1a: Metagross|Earthquake|p2a: Pincurchin\n|-supereffective|p2a: Pincurchin\n|-damage|p2a: Pincurchin|122/258\n|move|p2a: Pincurchin|Zing Zap|p1a: Metagross\n|-damage|p1a: Metagross|0 fnt\n|faint|p1a: Metagross\n|\n|-heal|p2a: Pincurchin|138/258|[from] item: Leftovers\n|upkeep\n|inactive|joey32123 has 120 seconds left.\n|\n|t:|1732999421\n|switch|p1a: Gliscor|Gliscor, L76, M|239/239\n|turn|8\n|\n|t:|1732999428\n|move|p1a: Gliscor|Toxic Spikes|p2a: Pincurchin\n|-sidestart|p2: 5sThe5th|move: Toxic Spikes\n|move|p2a: Pincurchin|Liquidation|p1a: Gliscor\n|-supereffective|p1a: Gliscor\n|-damage|p1a: Gliscor|15/239\n|\n|-heal|p2a: Pincurchin|154/258|[from] item: Leftovers\n|-fieldend|move: Electric Terrain\n|-status|p1a: Gliscor|tox|[from] item: Toxic Orb\n|upkeep\n|turn|9\n|\n|t:|1732999439\n|move|p1a: Gliscor|Protect|p1a: Gliscor\n|-singleturn|p1a: Gliscor|Protect\n|move|p2a: Pincurchin|Liquidation|p1a: Gliscor\n|-activate|p1a: Gliscor|move: Protect\n|\n|-heal|p2a: Pincurchin|170/258|[from] item: Leftovers\n|-heal|p1a: Gliscor|44/239 tox|[from] ability: Poison Heal\n|upkeep\n|turn|10\n|\n|t:|1732999453\n|switch|p1a: Perrserker|Perrserker, L89, F|269/269\n|move|p2a: Pincurchin|Liquidation|p1a: Perrserker\n|-damage|p1a: Perrserker|166/269\n|\n|-heal|p2a: Pincurchin|186/258|[from] item: Leftovers\n|upkeep\n|turn|11\n|\n|t:|1732999465\n|move|p1a: Perrserker|Knock Off|p2a: Pincurchin\n|-damage|p2a: Pincurchin|77/258\n|-enditem|p2a: Pincurchin|Leftovers|[from] move: Knock Off|[of] p1a: Perrserker\n|move|p2a: Pincurchin|Zing Zap|p1a: Perrserker\n|-damage|p1a: Perrserker|15/269\n|\n|upkeep\n|turn|12\n|\n|t:|1732999476\n|move|p1a: Perrserker|Knock Off|p2a: Pincurchin\n|-damage|p2a: Pincurchin|6/258\n|move|p2a: Pincurchin|Recover|p2a: Pincurchin\n|-heal|p2a: Pincurchin|135/258\n|\n|upkeep\n|turn|13\n|\n|t:|1732999483\n|move|p1a: Perrserker|Knock Off|p2a: Pincurchin\n|-damage|p2a: Pincurchin|64/258\n|move|p2a: Pincurchin|Recover|p2a: Pincurchin\n|-heal|p2a: Pincurchin|193/258\n|\n|upkeep\n|turn|14\n|\n|t:|1732999489\n|move|p1a: Perrserker|Knock Off|p2a: Pincurchin\n|-damage|p2a: Pincurchin|120/258\n|move|p2a: Pincurchin|Curse|p2a: Pincurchin\n|-unboost|p2a: Pincurchin|spe|1\n|-boost|p2a: Pincurchin|atk|1\n|-boost|p2a: Pincurchin|def|1\n|\n|upkeep\n|turn|15\n|\n|t:|1732999498\n|move|p1a: Perrserker|Knock Off|p2a: Pincurchin\n|-damage|p2a: Pincurchin|70/258\n|move|p2a: Pincurchin|Recover|p2a: Pincurchin\n|-heal|p2a: Pincurchin|199/258\n|\n|upkeep\n|turn|16\n|\n|t:|1732999506\n|switch|p1a: Gliscor|Gliscor, L76, M|44/239 tox\n|move|p2a: Pincurchin|Curse|p2a: Pincurchin\n|-unboost|p2a: Pincurchin|spe|1\n|-boost|p2a: Pincurchin|atk|1\n|-boost|p2a: Pincurchin|def|1\n|\n|-heal|p1a: Gliscor|73/239 tox|[from] ability: Poison Heal\n|upkeep\n|turn|17\n|\n|t:|1732999518\n|move|p1a: Gliscor|Protect|p1a: Gliscor\n|-singleturn|p1a: Gliscor|Protect\n|move|p2a: Pincurchin|Liquidation|p1a: Gliscor\n|-activate|p1a: Gliscor|move: Protect\n|\n|-heal|p1a: Gliscor|102/239 tox|[from] ability: Poison Heal\n|upkeep\n|turn|18\n|\n|t:|1732999531\n|-terastallize|p1a: Gliscor|Water\n|move|p1a: Gliscor|Earthquake|p2a: Pincurchin\n|-supereffective|p2a: Pincurchin\n|-damage|p2a: Pincurchin|131/258\n|move|p2a: Pincurchin|Liquidation|p1a: Gliscor\n|-resisted|p1a: Gliscor\n|-damage|p1a: Gliscor|3/239 tox\n|-unboost|p1a: Gliscor|def|1\n|\n|-heal|p1a: Gliscor|32/239 tox|[from] ability: Poison Heal\n|upkeep\n|turn|19\n|\n|t:|1732999549\n|move|p1a: Gliscor|Protect|p1a: Gliscor\n|-singleturn|p1a: Gliscor|Protect\n|move|p2a: Pincurchin|Recover|p2a: Pincurchin\n|-heal|p2a: Pincurchin|258/258\n|\n|-heal|p1a: Gliscor|61/239 tox|[from] ability: Poison Heal\n|upkeep\n|turn|20\n|\n|t:|1732999559\n|switch|p1a: Ceruledge|Ceruledge, L78, F|245/245\n|move|p2a: Pincurchin|Zing Zap|p1a: Ceruledge\n|-damage|p1a: Ceruledge|0 fnt\n|faint|p1a: Ceruledge\n|\n|upkeep\n|c|\u2606joey32123|Ugh come on\n|\n|t:|1732999572\n|switch|p1a: Mismagius|Mismagius, L86, M|243/243\n|turn|21\n|\n|t:|1732999580\n|move|p1a: Mismagius|Substitute|p1a: Mismagius\n|-start|p1a: Mismagius|Substitute\n|-damage|p1a: Mismagius|183/243\n|move|p2a: Pincurchin|Zing Zap|p1a: Mismagius\n|-end|p1a: Mismagius|Substitute\n|\n|-heal|p1a: Mismagius|198/243|[from] item: Leftovers\n|upkeep\n|turn|22\n|c|\u26065sThe5th|Fear the Urchin\n|\n|t:|1732999597\n|move|p1a: Mismagius|Shadow Ball|p2a: Pincurchin\n|-damage|p2a: Pincurchin|177/258\n|move|p2a: Pincurchin|Zing Zap|p1a: Mismagius\n|-damage|p1a: Mismagius|0 fnt\n|faint|p1a: Mismagius\n|\n|upkeep\n|-message|joey32123 forfeited.\n|\n|win|5sThe5th\n|raw|joey32123's rating: 1306 &rarr; <strong>1287</strong><br />(-19 for losing)\n|raw|5sThe5th's rating: 1326 &rarr; <strong>1345</strong><br />(+19 for winning)\n|l|\u2606joey32123\n|player|p1|\n", "inputlog": ">version b107d77f5c90bd6555267ae244a6264823309ead\n>start {\"formatid\":\"gen9randombattle\",\"seed\":[37351,26592,41446,17005],\"rated\":\"Rated battle\"}\n>player p1 {\"name\":\"joey32123\",\"avatar\":\"169\",\"rating\":1306,\"seed\":[31550,62625,56423,42934]}\n>player p2 {\"name\":\"5sThe5th\",\"avatar\":\"swimmerf-gen4\",\"rating\":1326,\"seed\":[46211,10399,51558,4040]}\n>p1 move ceaselessedge\n>p2 move toxic terastallize\n>p1 move ceaselessedge\n>p2 move knockoff\n>p1 move suckerpunch\n>p2 move knockoff\n>p2 switch 5\n>p1 move ceaselessedge\n>p2 move curse\n>p1 move razorshell\n>p2 move recover\n>p1 switch 3\n>p1 move stealthrock\n>p2 move zingzap\n>p1 move earthquake\n>p2 move zingzap\n>p1 switch 6\n>p1 move toxicspikes\n>p2 move liquidation\n>p1 move protect\n>p2 move liquidation\n>p1 switch 5\n>p2 move liquidation\n>p1 move knockoff\n>p2 move zingzap\n>p1 move knockoff\n>p2 move recover\n>p1 move knockoff\n>p2 move recover\n>p1 move knockoff\n>p2 move curse\n>p1 move knockoff\n>p2 move recover\n>p1 switch 5\n>p2 move curse\n>p1 move protect\n>p2 move liquidation\n>p1 move earthquake terastallize\n>p2 move liquidation\n>p1 move protect\n>p2 move recover\n>p1 switch 4\n>p2 move zingzap\n>chat \u2606joey32123|Ugh come on\n>p1 switch 2\n>p1 move substitute\n>p2 move zingzap\n>chat \u26065sThe5th|Fear the Urchin\n>p1 move shadowball\n>p2 move zingzap\n>forcelose p1", "uploadtime": 1732999679, "views": 12, "formatid": "gen9randombattle", "rating": 1287, "private": 0, "password": null}