{"id": "gen9randombattle-2254120973", "format": "[Gen 9] Random Battle", "players": ["Ben the Android", "HaphazardMess"], "log": "|j|\u2606Ben the Android\n|j|\u2606HaphazardMess\n|t:|1732993788\n|gametype|singles\n|player|p1|Ben the Android|colress|1490\n|player|p2|HaphazardMess|acetrainer-gen4dp|1484\n|teamsize|p1|6\n|teamsize|p2|6\n|gen|9\n|tier|[Gen 9] Random Battle\n|rated|\n|rule|Species Clause: Limit one of each Pok\u00e9mon\n|rule|HP Percentage Mod: HP is shown in percentages\n|rule|Sleep Clause Mod: Limit one foe put to sleep\n|rule|Illusion Level Mod: Illusion disguises the Pok\u00e9mon's true level\n|\n|t:|1732993788\n|start\n|switch|p1a: Ogerpon|Ogerpon-Wellspring, L76, F|247/247\n|switch|p2a: Suicune|Suicune, L82|298/298\n|-ability|p2a: Suicune|Pressure\n|turn|1\n|inactive|Battle timer is ON: inactive players will automatically lose when time's up. (requested by Ben the Android)\n|c|\u2606HaphazardMess|glhf\n|\n|t:|1732993810\n|switch|p2a: Raging Bolt|Raging Bolt, L78|323/323\n|move|p1a: Ogerpon|Power Whip|p2a: Raging Bolt\n|-resisted|p2a: Raging Bolt\n|-damage|p2a: Raging Bolt|246/323\n|\n|-heal|p2a: Raging Bolt|266/323|[from] item: Leftovers\n|upkeep\n|turn|2\n|c|\u2606Ben the Android|Likewise\n|\n|t:|1732993830\n|move|p1a: Ogerpon|Swords Dance|p1a: Ogerpon\n|-boost|p1a: Ogerpon|atk|2\n|move|p2a: Raging Bolt|Thunderbolt|p1a: Ogerpon\n|-damage|p1a: Ogerpon|130/247\n|\n|-heal|p2a: Raging Bolt|286/323|[from] item: Leftovers\n|upkeep\n|turn|3\n|\n|t:|1732993841\n|move|p1a: Ogerpon|Knock Off|p2a: Raging Bolt\n|-damage|p2a: Raging Bolt|123/323\n|-enditem|p2a: Raging Bolt|Leftovers|[from] move: Knock Off|[of] p1a: Ogerpon\n|move|p2a: Raging Bolt|Thunderbolt|p1a: Ogerpon\n|-damage|p1a: Ogerpon|25/247\n|\n|upkeep\n|turn|4\n|\n|t:|1732993850\n|move|p2a: Raging Bolt|Thunderclap|p1a: Ogerpon\n|-damage|p1a: Ogerpon|0 fnt\n|faint|p1a: Ogerpon\n|\n|upkeep\n|\n|t:|1732993856\n|switch|p1a: Greedent|Greedent, L86, F|347/347\n|turn|5\n|\n|t:|1732993868\n|move|p2a: Raging Bolt|Thunderbolt|p1a: Greedent\n|-damage|p1a: Greedent|217/347\n|move|p1a: Greedent|Earthquake|p2a: Raging Bolt\n|-supereffective|p2a: Raging Bolt\n|-damage|p2a: Raging Bolt|0 fnt\n|faint|p2a: Raging Bolt\n|-end|p2a: Raging Bolt|Protosynthesis|[silent]\n|\n|upkeep\n|\n|t:|1732993884\n|switch|p2a: Flutter Mane|Flutter Mane, L74|203/203\n|turn|6\n|\n|t:|1732993897\n|move|p2a: Flutter Mane|Moonblast|p1a: Greedent\n|-damage|p1a: Greedent|34/347\n|-enditem|p1a: Greedent|Sitrus Berry|[eat]\n|-heal|p1a: Greedent|120/347|[from] item: Sitrus Berry\n|-heal|p1a: Greedent|235/347|[from] ability: Cheek Pouch\n|move|p1a: Greedent|Knock Off|p2a: Flutter Mane\n|-damage|p2a: Flutter Mane|85/203\n|-enditem|p2a: Flutter Mane|Choice Specs|[from] move: Knock Off|[of] p1a: Greedent\n|\n|upkeep\n|turn|7\n|\n|t:|1732993910\n|move|p2a: Flutter Mane|Moonblast|p1a: Greedent\n|-damage|p1a: Greedent|114/347\n|move|p1a: Greedent|Knock Off|p2a: Flutter Mane\n|-damage|p2a: Flutter Mane|16/203\n|\n|upkeep\n|turn|8\n|\n|t:|1732993918\n|move|p2a: Flutter Mane|Moonblast|p1a: Greedent\n|-damage|p1a: Greedent|0 fnt\n|faint|p1a: Greedent\n|\n|upkeep\n|\n|t:|1732993931\n|switch|p1a: Jumpluff|Jumpluff, L87, F|271/271\n|turn|9\n|\n|t:|1732993949\n|move|p2a: Flutter Mane|Mystical Fire|p1a: Jumpluff\n|-supereffective|p1a: Jumpluff\n|-damage|p1a: Jumpluff|169/271\n|-unboost|p1a: Jumpluff|spa|1\n|move|p1a: Jumpluff|Acrobatics|p2a: Flutter Mane\n|-damage|p2a: Flutter Mane|0 fnt\n|faint|p2a: Flutter Mane\n|-end|p2a: Flutter Mane|Protosynthesis|[silent]\n|\n|upkeep\n|\n|t:|1732993957\n|switch|p2a: Suicune|Suicune, L82|298/298\n|-ability|p2a: Suicune|Pressure\n|turn|10\n|\n|t:|1732993962\n|move|p1a: Jumpluff|Sleep Powder|p2a: Suicune\n|-status|p2a: Suicune|slp|[from] move: Sleep Powder\n|cant|p2a: Suicune|slp\n|\n|upkeep\n|turn|11\n|\n|t:|1732993987\n|switch|p1a: Zacian|Zacian, L69|241/241\n|-ability|p1a: Zacian|Intrepid Sword|boost\n|-boost|p1a: Zacian|atk|1\n|cant|p2a: Suicune|slp\n|\n|upkeep\n|turn|12\n|\n|t:|1732993997\n|switch|p2a: Minun|Minun, L95, F|268/268\n|move|p1a: Zacian|Play Rough|p2a: Minun\n|-damage|p2a: Minun|57/268\n|\n|upkeep\n|turn|13\n|\n|t:|1732994008\n|move|p2a: Minun|Thunderbolt|p1a: Zacian\n|-damage|p1a: Zacian|115/241\n|-damage|p2a: Minun|31/268|[from] item: Life Orb\n|move|p1a: Zacian|Play Rough|p2a: Minun\n|-damage|p2a: Minun|0 fnt\n|faint|p2a: Minun\n|\n|upkeep\n|\n|t:|1732994013\n|switch|p2a: Banette|Banette, L93, F|270/270\n|-item|p1a: Zacian|Choice Band|[from] ability: Frisk|[of] p2a: Banette\n|turn|14\n|\n|t:|1732994018\n|move|p1a: Zacian|Play Rough|p2a: Banette\n|-damage|p2a: Banette|92/270\n|-unboost|p2a: Banette|atk|1\n|move|p2a: Banette|Gunk Shot|p1a: Zacian\n|-supereffective|p1a: Zacian\n|-damage|p1a: Zacian|0 fnt\n|faint|p1a: Zacian\n|-damage|p2a: Banette|65/270|[from] item: Life Orb\n|\n|upkeep\n|\n|t:|1732994030\n|switch|p1a: Jumpluff|Jumpluff, L87, F|169/271\n|turn|15\n|\n|t:|1732994035\n|move|p2a: Banette|Shadow Sneak|p1a: Jumpluff\n|-damage|p1a: Jumpluff|107/271\n|-damage|p2a: Banette|38/270|[from] item: Life Orb\n|move|p1a: Jumpluff|Acrobatics|p2a: Banette\n|-damage|p2a: Banette|0 fnt\n|faint|p2a: Banette\n|\n|upkeep\n|\n|t:|1732994040\n|switch|p2a: Suicune|Suicune, L82|298/298 slp\n|-ability|p2a: Suicune|Pressure\n|turn|16\n|\n|t:|1732994047\n|move|p1a: Jumpluff|U-turn|p2a: Suicune\n|-damage|p2a: Suicune|268/298 slp\n|\n|t:|1732994050\n|switch|p1a: Illumise|Illumise, L91, F|266/266|[from] U-turn\n|-curestatus|p2a: Suicune|slp|[msg]\n|move|p2a: Suicune|Ice Beam|p1a: Illumise\n|-damage|p1a: Illumise|213/266\n|\n|-heal|p2a: Suicune|286/298|[from] item: Leftovers\n|upkeep\n|turn|17\n|\n|t:|1732994058\n|switch|p2a: Snorlax|Snorlax, L82, F|397/397\n|move|p1a: Illumise|Thunder Wave|p2a: Snorlax\n|-status|p2a: Snorlax|par\n|\n|upkeep\n|turn|18\n|\n|t:|1732994066\n|move|p1a: Illumise|Bug Buzz|p2a: Snorlax\n|-damage|p2a: Snorlax|315/397 par\n|move|p2a: Snorlax|Body Slam|p1a: Illumise\n|-damage|p1a: Illumise|114/266\n|\n|-heal|p2a: Snorlax|339/397 par|[from] item: Leftovers\n|upkeep\n|turn|19\n|\n|t:|1732994073\n|move|p1a: Illumise|Roost|p1a: Illumise\n|-heal|p1a: Illumise|247/266\n|-singleturn|p1a: Illumise|move: Roost\n|move|p2a: Snorlax|Body Slam|p1a: Illumise\n|-damage|p1a: Illumise|156/266\n|-status|p1a: Illumise|par\n|\n|-heal|p2a: Snorlax|363/397 par|[from] item: Leftovers\n|upkeep\n|turn|20\n|\n|t:|1732994080\n|move|p1a: Illumise|Bug Buzz|p2a: Snorlax\n|-damage|p2a: Snorlax|284/397 par\n|cant|p2a: Snorlax|par\n|\n|-heal|p2a: Snorlax|308/397 par|[from] item: Leftovers\n|upkeep\n|turn|21\n|\n|t:|1732994086\n|move|p1a: Illumise|Bug Buzz|p2a: Snorlax\n|-damage|p2a: Snorlax|223/397 par\n|cant|p2a: Snorlax|par\n|\n|-heal|p2a: Snorlax|247/397 par|[from] item: Leftovers\n|upkeep\n|turn|22\n|\n|t:|1732994091\n|move|p1a: Illumise|Bug Buzz|p2a: Snorlax\n|-damage|p2a: Snorlax|166/397 par\n|move|p2a: Snorlax|Body Slam|p1a: Illumise\n|-damage|p1a: Illumise|59/266 par\n|\n|-heal|p2a: Snorlax|190/397 par|[from] item: Leftovers\n|upkeep\n|turn|23\n|\n|t:|1732994098\n|move|p1a: Illumise|Bug Buzz|p2a: Snorlax\n|-damage|p2a: Snorlax|108/397 par\n|cant|p2a: Snorlax|par\n|\n|-heal|p2a: Snorlax|132/397 par|[from] item: Leftovers\n|upkeep\n|turn|24\n|\n|t:|1732994103\n|move|p1a: Illumise|Bug Buzz|p2a: Snorlax\n|-damage|p2a: Snorlax|57/397 par\n|cant|p2a: Snorlax|par\n|\n|-heal|p2a: Snorlax|81/397 par|[from] item: Leftovers\n|upkeep\n|turn|25\n|\n|t:|1732994110\n|cant|p1a: Illumise|par\n|move|p2a: Snorlax|Body Slam|p1a: Illumise\n|-damage|p1a: Illumise|0 fnt\n|faint|p1a: Illumise\n|\n|-heal|p2a: Snorlax|105/397 par|[from] item: Leftovers\n|upkeep\n|\n|t:|1732994119\n|switch|p1a: Jumpluff|Jumpluff, L87, F|107/271\n|turn|26\n|\n|t:|1732994123\n|move|p1a: Jumpluff|Strength Sap|p2a: Snorlax\n|-unboost|p2a: Snorlax|atk|1\n|-heal|p1a: Jumpluff|271/271\n|cant|p2a: Snorlax|par\n|\n|-heal|p2a: Snorlax|129/397 par|[from] item: Leftovers\n|upkeep\n|turn|27\n|\n|t:|1732994139\n|move|p1a: Jumpluff|Acrobatics|p2a: Snorlax\n|-damage|p2a: Snorlax|21/397 par\n|move|p2a: Snorlax|Body Slam|p1a: Jumpluff\n|-damage|p1a: Jumpluff|195/271\n|\n|-heal|p2a: Snorlax|45/397 par|[from] item: Leftovers\n|upkeep\n|turn|28\n|\n|t:|1732994146\n|switch|p2a: Suicune|Suicune, L82|286/298\n|-ability|p2a: Suicune|Pressure\n|move|p1a: Jumpluff|Acrobatics|p2a: Suicune\n|-damage|p2a: Suicune|213/298\n|\n|-heal|p2a: Suicune|231/298|[from] item: Leftovers\n|upkeep\n|turn|29\n|\n|t:|1732994158\n|move|p1a: Jumpluff|Sleep Powder|p2a: Suicune\n|-status|p2a: Suicune|slp|[from] move: Sleep Powder\n|cant|p2a: Suicune|slp\n|\n|-heal|p2a: Suicune|249/298 slp|[from] item: Leftovers\n|upkeep\n|turn|30\n|\n|t:|1732994164\n|move|p1a: Jumpluff|Acrobatics|p2a: Suicune\n|-damage|p2a: Suicune|183/298 slp\n|cant|p2a: Suicune|slp\n|\n|-heal|p2a: Suicune|201/298 slp|[from] item: Leftovers\n|upkeep\n|turn|31\n|\n|t:|1732994169\n|move|p1a: Jumpluff|Acrobatics|p2a: Suicune\n|-damage|p2a: Suicune|135/298 slp\n|cant|p2a: Suicune|slp\n|\n|-heal|p2a: Suicune|153/298 slp|[from] item: Leftovers\n|upkeep\n|turn|32\n|\n|t:|1732994179\n|move|p1a: Jumpluff|Strength Sap|p2a: Suicune\n|-unboost|p2a: Suicune|atk|1\n|-heal|p1a: Jumpluff|271/271\n|-curestatus|p2a: Suicune|slp|[msg]\n|move|p2a: Suicune|Substitute|p2a: Suicune\n|-start|p2a: Suicune|Substitute\n|-damage|p2a: Suicune|79/298\n|\n|-heal|p2a: Suicune|97/298|[from] item: Leftovers\n|upkeep\n|turn|33\n|\n|t:|1732994191\n|-terastallize|p1a: Jumpluff|Steel\n|move|p1a: Jumpluff|Acrobatics|p2a: Suicune\n|-crit|p2a: Suicune\n|-damage|p2a: Suicune|0 fnt\n|faint|p2a: Suicune\n|\n|upkeep\n|-message|HaphazardMess forfeited.\n|\n|win|Ben the Android\n|raw|Ben the Android's rating: 1490 &rarr; <strong>1510</strong><br />(+20 for winning)\n|raw|HaphazardMess's rating: 1484 &rarr; <strong>1464</strong><br />(-20 for losing)\n|l|\u2606HaphazardMess\n|player|p2|\n", "inputlog": ">version b107d77f5c90bd6555267ae244a6264823309ead\n>start {\"formatid\":\"gen9randombattle\",\"seed\":[35925,21969,52112,59357],\"rated\":\"Rated battle\"}\n>player p1 {\"name\":\"Ben the Android\",\"avatar\":\"colress\",\"rating\":1490,\"seed\":[34771,10769,44102,52072]}\n>player p2 {\"name\":\"HaphazardMess\",\"avatar\":\"acetrainer-gen4dp\",\"rating\":1484,\"seed\":[21261,4500,52849,5062]}\n>chat \u2606HaphazardMess|glhf\n>p1 move powerwhip\n>p2 switch 6\n>chat \u2606Ben the Android|Likewise\n>p1 move swordsdance\n>p2 move thunderbolt\n>p1 move knockoff\n>p2 move thunderbolt\n>p1 move knockoff\n>p2 move thunderclap\n>p1 switch 2\n>p1 move earthquake\n>p2 move thunderbolt\n>p2 switch 4\n>p1 move knockoff\n>p2 move moonblast\n>p1 move knockoff\n>p2 move moonblast\n>p1 move knockoff\n>p2 move moonblast\n>p1 switch 4\n>p1 move acrobatics\n>p2 move mysticalfire\n>p2 switch 6\n>p1 move sleeppowder\n>p2 move icebeam\n>p1 switch 5\n>p2 move icebeam\n>p1 move playrough\n>p2 switch 2\n>p1 move playrough\n>p2 move thunderbolt\n>p2 switch 3\n>p1 move playrough\n>p2 move gunkshot\n>p1 switch 5\n>p1 move acrobatics\n>p2 move shadowsneak\n>p2 switch 2\n>p1 move uturn\n>p2 move icebeam\n>p1 switch 3\n>p1 move thunderwave\n>p2 switch 5\n>p1 move bugbuzz\n>p2 move bodyslam\n>p1 move roost\n>p2 move bodyslam\n>p1 move bugbuzz\n>p2 move bodyslam\n>p1 move bugbuzz\n>p2 move bodyslam\n>p1 move bugbuzz\n>p2 move bodyslam\n>p1 move bugbuzz\n>p2 move bodyslam\n>p1 move bugbuzz\n>p2 move bodyslam\n>p1 move encore\n>p2 move bodyslam\n>p1 switch 3\n>p1 move strengthsap\n>p2 move bodyslam\n>p1 move acrobatics\n>p2 move bodyslam\n>p1 move acrobatics\n>p2 switch 5\n>p1 move sleeppowder\n>p2 move substitute\n>p1 move acrobatics\n>p2 move icebeam\n>p1 move acrobatics\n>p2 move substitute\n>p1 move strengthsap\n>p2 move substitute\n>p1 move acrobatics terastallize\n>p2 move icebeam\n>forcelose p2", "uploadtime": 1732994199, "views": 1, "formatid": "gen9randombattle", "rating": 1464, "private": 0, "password": null}