{"id": "gen9randombattle-2253928062", "format": "[Gen 9] Random Battle", "players": ["cvbvnm1", "TheTubbyDuck"], "log": "|j|\u2606cvbvnm1\n|j|\u2606TheTubbyDuck\n|t:|1732965659\n|gametype|singles\n|player|p1|cvbvnm1|102|1450\n|player|p2|TheTubbyDuck|1|1446\n|teamsize|p1|6\n|teamsize|p2|6\n|gen|9\n|tier|[Gen 9] Random Battle\n|rated|\n|rule|Species Clause: Limit one of each Pok\u00e9mon\n|rule|HP Percentage Mod: HP is shown in percentages\n|rule|Sleep Clause Mod: Limit one foe put to sleep\n|rule|Illusion Level Mod: Illusion disguises the Pok\u00e9mon's true level\n|\n|t:|1732965659\n|start\n|switch|p1a: Brambleghast|Brambleghast, L88, M|240/240\n|switch|p2a: Ho-Oh|Ho-Oh, L71|268/268\n|turn|1\n|\n|t:|1732965696\n|switch|p1a: Milotic|Milotic, L83, M|293/293\n|move|p2a: Ho-Oh|Sacred Fire|p1a: Milotic\n|-resisted|p1a: Milotic\n|-damage|p1a: Milotic|245/293\n|-status|p1a: Milotic|brn\n|\n|-heal|p1a: Milotic|263/293 brn|[from] item: Leftovers\n|-damage|p1a: Milotic|245/293 brn|[from] brn\n|upkeep\n|turn|2\n|inactive|Battle timer is ON: inactive players will automatically lose when time's up. (requested by cvbvnm1)\n|\n|t:|1732965728\n|switch|p2a: Okidogi|Okidogi, L77, M|262/262\n|move|p1a: Milotic|Scald|p2a: Okidogi\n|-damage|p2a: Okidogi|163/262\n|-status|p2a: Okidogi|brn\n|\n|-heal|p1a: Milotic|263/293 brn|[from] item: Leftovers\n|-heal|p2a: Okidogi|179/262 brn|[from] item: Leftovers\n|-damage|p1a: Milotic|245/293 brn|[from] brn\n|-damage|p2a: Okidogi|163/262 brn|[from] brn\n|upkeep\n|turn|3\n|inactive|cvbvnm1 has 120 seconds left.\n|\n|t:|1732965766\n|move|p1a: Milotic|Flip Turn|p2a: Okidogi\n|-damage|p2a: Okidogi|144/262 brn\n|\n|t:|1732965767\n|switch|p1a: Brambleghast|Brambleghast, L88, M|240/240|[from] Flip Turn\n|move|p2a: Okidogi|Knock Off|p1a: Brambleghast\n|-supereffective|p1a: Brambleghast\n|-damage|p1a: Brambleghast|163/240\n|-enditem|p1a: Brambleghast|Heavy-Duty Boots|[from] move: Knock Off|[of] p2a: Okidogi\n|\n|-heal|p2a: Okidogi|160/262 brn|[from] item: Leftovers\n|-damage|p2a: Okidogi|144/262 brn|[from] brn\n|upkeep\n|turn|4\n|\n|t:|1732965777\n|move|p1a: Brambleghast|Poltergeist|p2a: Okidogi\n|-activate|p2a: Okidogi|move: Poltergeist|Leftovers\n|-damage|p2a: Okidogi|14/262 brn\n|move|p2a: Okidogi|Gunk Shot|p1a: Brambleghast\n|-damage|p1a: Brambleghast|91/240\n|\n|-heal|p2a: Okidogi|30/262 brn|[from] item: Leftovers\n|-damage|p2a: Okidogi|14/262 brn|[from] brn\n|upkeep\n|turn|5\n|inactive|cvbvnm1 has 120 seconds left.\n|\n|t:|1732965812\n|move|p1a: Brambleghast|Power Whip|p2a: Okidogi\n|-resisted|p2a: Okidogi\n|-damage|p2a: Okidogi|0 fnt\n|faint|p2a: Okidogi\n|\n|upkeep\n|\n|t:|1732965827\n|switch|p2a: Flamigo|Flamigo, L82, M|269/269\n|turn|6\n|inactive|cvbvnm1 has 120 seconds left.\n|inactive|cvbvnm1 has 90 seconds left.\n|inactive|cvbvnm1 has 60 seconds left.\n|\n|t:|1732965912\n|move|p1a: Brambleghast|Poltergeist|p2a: Flamigo\n|-activate|p2a: Flamigo|move: Poltergeist|Life Orb\n|-damage|p2a: Flamigo|98/269\n|move|p2a: Flamigo|Swords Dance|p2a: Flamigo\n|-boost|p2a: Flamigo|atk|2\n|\n|upkeep\n|turn|7\n|\n|t:|1732965931\n|move|p1a: Brambleghast|Poltergeist|p2a: Flamigo\n|-activate|p2a: Flamigo|move: Poltergeist|Life Orb\n|-damage|p2a: Flamigo|0 fnt\n|faint|p2a: Flamigo\n|\n|upkeep\n|\n|t:|1732965935\n|switch|p2a: Salazzle|Salazzle, L83, F|249/249\n|turn|8\n|inactive|cvbvnm1 has 60 seconds left.\n|inactive|cvbvnm1 has 30 seconds left.\n|inactive|cvbvnm1 has 20 seconds left.\n|inactive|cvbvnm1 has 15 seconds left.\n|inactive|cvbvnm1 has 10 seconds left.\n|\n|t:|1732965993\n|move|p2a: Salazzle|Sludge Wave|p1a: Brambleghast\n|-damage|p1a: Brambleghast|0 fnt\n|faint|p1a: Brambleghast\n|\n|upkeep\n|inactive|cvbvnm1 has 15 seconds left this turn.\n|\n|t:|1732965996\n|switch|p1a: Milotic|Milotic, L83, M|245/293 brn\n|turn|9\n|inactive|cvbvnm1 has 25 seconds left this turn.\n|\n|t:|1732965999\n|-terastallize|p2a: Salazzle|Grass\n|move|p2a: Salazzle|Nasty Plot|p2a: Salazzle\n|-boost|p2a: Salazzle|spa|2\n|move|p1a: Milotic|Scald|p2a: Salazzle\n|-resisted|p2a: Salazzle\n|-damage|p2a: Salazzle|191/249\n|\n|-heal|p1a: Milotic|263/293 brn|[from] item: Leftovers\n|-damage|p1a: Milotic|245/293 brn|[from] brn\n|upkeep\n|turn|10\n|\n|t:|1732966009\n|move|p2a: Salazzle|Tera Blast|p1a: Milotic|[anim] Tera Blast Grass\n|-supereffective|p1a: Milotic\n|-damage|p1a: Milotic|0 fnt\n|faint|p1a: Milotic\n|\n|upkeep\n|\n|t:|1732966019\n|switch|p1a: Chi-Yu|Chi-Yu, L77|211/211\n|-ability|p1a: Chi-Yu|Beads of Ruin\n|turn|11\n|\n|t:|1732966025\n|move|p2a: Salazzle|Sludge Wave|p1a: Chi-Yu\n|-damage|p1a: Chi-Yu|18/211\n|move|p1a: Chi-Yu|Fire Blast|p2a: Salazzle\n|-supereffective|p2a: Salazzle\n|-damage|p2a: Salazzle|0 fnt\n|faint|p2a: Salazzle\n|\n|upkeep\n|\n|t:|1732966043\n|switch|p2a: Wugtrio|Wugtrio, L91, M|212/212\n|turn|12\n|\n|t:|1732966049\n|switch|p1a: Brute Bonnet|Brute Bonnet, L81|312/312\n|move|p2a: Wugtrio|Aqua Jet|p1a: Brute Bonnet\n|-resisted|p1a: Brute Bonnet\n|-damage|p1a: Brute Bonnet|274/312\n|\n|-heal|p1a: Brute Bonnet|293/312|[from] item: Leftovers\n|upkeep\n|turn|13\n|inactive|cvbvnm1 has 60 seconds left.\n|\n|t:|1732966057\n|switch|p2a: Ho-Oh|Ho-Oh, L71|268/268\n|move|p1a: Brute Bonnet|Spore|p2a: Ho-Oh\n|-status|p2a: Ho-Oh|slp|[from] move: Spore\n|\n|-heal|p1a: Brute Bonnet|312/312|[from] item: Leftovers\n|upkeep\n|turn|14\n|\n|t:|1732966065\n|cant|p2a: Ho-Oh|slp\n|move|p1a: Brute Bonnet|Crunch|p2a: Ho-Oh\n|-damage|p2a: Ho-Oh|151/268 slp\n|\n|upkeep\n|turn|15\n|\n|t:|1732966073\n|cant|p2a: Ho-Oh|slp\n|move|p1a: Brute Bonnet|Crunch|p2a: Ho-Oh\n|-damage|p2a: Ho-Oh|34/268 slp\n|\n|upkeep\n|turn|16\n|\n|t:|1732966077\n|cant|p2a: Ho-Oh|slp\n|move|p1a: Brute Bonnet|Crunch|p2a: Ho-Oh\n|-damage|p2a: Ho-Oh|0 fnt\n|faint|p2a: Ho-Oh\n|\n|upkeep\n|\n|t:|1732966085\n|switch|p2a: Indeedee|Indeedee, L84, M|238/238\n|-fieldstart|move: Psychic Terrain|[from] ability: Psychic Surge|[of] p2a: Indeedee\n|turn|17\n|inactive|cvbvnm1 has 90 seconds left.\n|\n|t:|1732966104\n|-end|p1a: Brute Bonnet|Protosynthesis|[silent]\n|switch|p1a: Chi-Yu|Chi-Yu, L77|18/211\n|-ability|p1a: Chi-Yu|Beads of Ruin\n|move|p2a: Indeedee|Dazzling Gleam|p1a: Chi-Yu\n|-damage|p1a: Chi-Yu|0 fnt\n|faint|p1a: Chi-Yu\n|-damage|p2a: Indeedee|215/238|[from] item: Life Orb\n|\n|upkeep\n|\n|t:|1732966110\n|switch|p1a: Oinkologne|Oinkologne, L92, M|352/352\n|turn|18\n|\n|t:|1732966115\n|move|p2a: Indeedee|Expanding Force|p1a: Oinkologne\n|-damage|p1a: Oinkologne|140/352\n|-damage|p2a: Indeedee|192/238|[from] item: Life Orb\n|move|p1a: Oinkologne|Double-Edge|p2a: Indeedee\n|-crit|p2a: Indeedee\n|-damage|p2a: Indeedee|0 fnt\n|faint|p2a: Indeedee\n|-damage|p1a: Oinkologne|77/352|[from] Recoil\n|\n|-heal|p1a: Oinkologne|99/352|[from] item: Leftovers\n|upkeep\n|inactive|TheTubbyDuck has 120 seconds left.\n|c|\u2606TheTubbyDuck|Yep that mattered\n|c|\u2606TheTubbyDuck|max turn sleep into lucky crit\n|c|\u2606TheTubbyDuck|unalive yourselgf\n|n|\u203dTheTubbyDuck|thetubbyduck\n|-message|TheTubbyDuck forfeited.\n|\n|win|cvbvnm1\n", "inputlog": ">version b107d77f5c90bd6555267ae244a6264823309ead\n>start {\"formatid\":\"gen9randombattle\",\"seed\":[42474,20970,14276,32298],\"rated\":\"Rated battle\"}\n>player p1 {\"name\":\"cvbvnm1\",\"avatar\":\"102\",\"rating\":1450,\"seed\":[54047,32110,33820,29376]}\n>player p2 {\"name\":\"TheTubbyDuck\",\"avatar\":\"1\",\"rating\":1446,\"seed\":[6073,21812,16034,11143]}\n>p1 switch 6\n>p2 move sacredfire\n>p1 move scald\n>p2 switch 5\n>p1 move flipturn\n>p2 move knockoff\n>p1 switch 6\n>p1 move poltergeist\n>p2 move gunkshot\n>p1 move powerwhip\n>p2 move knockoff\n>p2 switch 3\n>p1 move poltergeist\n>p2 move swordsdance\n>p1 move poltergeist\n>p2 move bravebird\n>p2 switch 2\n>p1 move poltergeist\n>p2 move sludgewave\n>p1 switch 6\n>p1 move scald\n>p2 move nastyplot terastallize\n>p1 move icebeam\n>p2 move terablast\n>p1 switch 5\n>p1 move fireblast\n>p2 move sludgewave\n>p2 switch 4\n>p1 switch 2\n>p2 move aquajet\n>p1 move spore\n>p2 switch 5\n>p1 move crunch\n>p2 move sacredfire\n>p1 move crunch\n>p2 move sacredfire\n>p1 move crunch\n>p2 move recover\n>p2 switch 6\n>p1 switch 2\n>p2 move dazzlinggleam\n>p1 switch 3\n>p1 move doubleedge\n>p2 move expandingforce\n>chat \u2606TheTubbyDuck|Yep that mattered \n>chat \u2606TheTubbyDuck|max turn sleep into lucky crit\n>chat \u2606TheTubbyDuck|unalive yourselgf\n>chat \u2606TheTubbyDuck|F@ggot\n>forcelose p2", "uploadtime": 1732966164, "views": 6, "formatid": "gen9randombattle", "rating": null, "private": 0, "password": null}