{"id": "gen9randombattle-2254082202", "format": "[Gen 9] Random Battle", "players": ["Geral499", "theAR"], "log": "|j|\u2606Geral499\n|j|\u2606theAR\n|t:|1732989044\n|gametype|singles\n|player|p1|Geral499|1|1164\n|player|p2|theAR|169|1113\n|teamsize|p1|6\n|teamsize|p2|6\n|gen|9\n|tier|[Gen 9] Random Battle\n|rated|\n|rule|Species Clause: Limit one of each Pok\u00e9mon\n|rule|HP Percentage Mod: HP is shown in percentages\n|rule|Sleep Clause Mod: Limit one foe put to sleep\n|rule|Illusion Level Mod: Illusion disguises the Pok\u00e9mon's true level\n|\n|t:|1732989044\n|start\n|switch|p1a: Poliwrath|Poliwrath, L88, M|302/302\n|switch|p2a: Muk|Muk, L86, F|321/321\n|turn|1\n|\n|t:|1732989061\n|move|p1a: Poliwrath|Bulk Up|p1a: Poliwrath\n|-boost|p1a: Poliwrath|atk|1\n|-boost|p1a: Poliwrath|def|1\n|move|p2a: Muk|Poison Jab|p1a: Poliwrath\n|-damage|p1a: Poliwrath|221/302\n|-status|p1a: Poliwrath|psn\n|\n|-heal|p1a: Poliwrath|239/302 psn|[from] item: Leftovers\n|-damage|p1a: Poliwrath|202/302 psn|[from] psn\n|upkeep\n|turn|2\n|\n|t:|1732989070\n|move|p1a: Poliwrath|Bulk Up|p1a: Poliwrath\n|-boost|p1a: Poliwrath|atk|1\n|-boost|p1a: Poliwrath|def|1\n|move|p2a: Muk|Poison Jab|p1a: Poliwrath\n|-damage|p1a: Poliwrath|135/302 psn\n|\n|-heal|p1a: Poliwrath|153/302 psn|[from] item: Leftovers\n|-damage|p1a: Poliwrath|116/302 psn|[from] psn\n|upkeep\n|turn|3\n|\n|t:|1732989075\n|switch|p2a: Conkeldurr|Conkeldurr, L80, M|299/299\n|move|p1a: Poliwrath|Liquidation|p2a: Conkeldurr\n|-damage|p2a: Conkeldurr|106/299\n|\n|-heal|p1a: Poliwrath|134/302 psn|[from] item: Leftovers\n|-damage|p1a: Poliwrath|97/302 psn|[from] psn\n|-status|p2a: Conkeldurr|brn|[from] item: Flame Orb\n|upkeep\n|turn|4\n|\n|t:|1732989088\n|move|p2a: Conkeldurr|Mach Punch|p1a: Poliwrath\n|-damage|p1a: Poliwrath|58/302 psn\n|move|p1a: Poliwrath|Drain Punch|p2a: Conkeldurr\n|-damage|p2a: Conkeldurr|0 fnt\n|-heal|p1a: Poliwrath|111/302 psn|[from] drain|[of] p2a: Conkeldurr\n|faint|p2a: Conkeldurr\n|\n|-heal|p1a: Poliwrath|129/302 psn|[from] item: Leftovers\n|-damage|p1a: Poliwrath|92/302 psn|[from] psn\n|upkeep\n|\n|t:|1732989107\n|switch|p2a: Palkia|Palkia-Origin, L72|249/249\n|-ability|p2a: Palkia|Pressure\n|turn|5\n|\n|t:|1732989117\n|move|p2a: Palkia|Spacial Rend|p1a: Poliwrath\n|-damage|p1a: Poliwrath|0 fnt\n|faint|p1a: Poliwrath\n|\n|upkeep\n|\n|t:|1732989127\n|switch|p1a: Serperior|Serperior, L79, M|248/248\n|turn|6\n|\n|t:|1732989131\n|move|p1a: Serperior|Leaf Storm|p2a: Palkia\n|-damage|p2a: Palkia|128/249\n|-boost|p1a: Serperior|spa|2\n|-damage|p1a: Serperior|224/248|[from] item: Life Orb\n|move|p2a: Palkia|Fire Blast|p1a: Serperior\n|-supereffective|p1a: Serperior\n|-damage|p1a: Serperior|48/248\n|\n|upkeep\n|turn|7\n|\n|t:|1732989142\n|switch|p2a: Venusaur|Venusaur, L84, M|272/272\n|move|p1a: Serperior|Leaf Storm|p2a: Venusaur\n|-resisted|p2a: Venusaur\n|-damage|p2a: Venusaur|210/272\n|-boost|p1a: Serperior|spa|2\n|-damage|p1a: Serperior|24/248|[from] item: Life Orb\n|\n|-heal|p2a: Venusaur|227/272|[from] item: Leftovers\n|upkeep\n|turn|8\n|\n|t:|1732989149\n|move|p1a: Serperior|Synthesis|p1a: Serperior\n|-heal|p1a: Serperior|148/248\n|move|p2a: Venusaur|Sludge Bomb|p1a: Serperior\n|-supereffective|p1a: Serperior\n|-damage|p1a: Serperior|0 fnt\n|faint|p1a: Serperior\n|\n|-heal|p2a: Venusaur|244/272|[from] item: Leftovers\n|upkeep\n|\n|t:|1732989156\n|switch|p1a: Noctowl|Noctowl, L95, F|344/344\n|turn|9\n|\n|t:|1732989172\n|switch|p2a: Toucannon|Toucannon, L88, F|284/284\n|move|p1a: Noctowl|Hurricane|p2a: Toucannon|[miss]\n|-miss|p1a: Noctowl|p2a: Toucannon\n|\n|upkeep\n|turn|10\n|\n|t:|1732989204\n|-singleturn|p2a: Toucannon|move: Beak Blast\n|move|p1a: Noctowl|Hurricane|p2a: Toucannon\n|-damage|p2a: Toucannon|139/284\n|-start|p2a: Toucannon|confusion\n|-activate|p2a: Toucannon|confusion\n|-damage|p2a: Toucannon|101/284|[from] confusion\n|\n|upkeep\n|turn|11\n|\n|t:|1732989212\n|move|p1a: Noctowl|Hurricane|p2a: Toucannon\n|-damage|p2a: Toucannon|0 fnt\n|faint|p2a: Toucannon\n|\n|upkeep\n|\n|t:|1732989217\n|switch|p2a: Wo-Chien|Wo-Chien, L83|277/277\n|-ability|p2a: Wo-Chien|Tablets of Ruin\n|turn|12\n|\n|t:|1732989225\n|move|p1a: Noctowl|Hurricane|p2a: Wo-Chien\n|-supereffective|p2a: Wo-Chien\n|-damage|p2a: Wo-Chien|85/277\n|-start|p2a: Wo-Chien|confusion\n|-activate|p2a: Wo-Chien|confusion\n|move|p2a: Wo-Chien|Stun Spore|p1a: Noctowl\n|-status|p1a: Noctowl|par\n|\n|-heal|p2a: Wo-Chien|102/277|[from] item: Leftovers\n|upkeep\n|turn|13\n|\n|t:|1732989233\n|switch|p2a: Muk|Muk, L86, F|321/321\n|move|p1a: Noctowl|Hyper Voice|p2a: Muk\n|-damage|p2a: Muk|221/321\n|\n|upkeep\n|turn|14\n|\n|t:|1732989248\n|move|p2a: Muk|Ice Punch|p1a: Noctowl\n|-supereffective|p1a: Noctowl\n|-damage|p1a: Noctowl|104/344 par\n|move|p1a: Noctowl|Defog|p2a: Muk\n|-unboost|p2a: Muk|evasion|1\n|\n|upkeep\n|turn|15\n|\n|t:|1732989256\n|move|p2a: Muk|Ice Punch|p1a: Noctowl\n|-supereffective|p1a: Noctowl\n|-crit|p1a: Noctowl\n|-damage|p1a: Noctowl|0 fnt\n|faint|p1a: Noctowl\n|\n|upkeep\n|\n|t:|1732989270\n|switch|p1a: Veluza|Veluza, L85, M|292/292\n|turn|16\n|\n|t:|1732989280\n|switch|p2a: Wo-Chien|Wo-Chien, L83|102/277\n|-ability|p2a: Wo-Chien|Tablets of Ruin\n|move|p1a: Veluza|Psycho Cut|p2a: Wo-Chien\n|-immune|p2a: Wo-Chien\n|\n|-heal|p2a: Wo-Chien|119/277|[from] item: Leftovers\n|upkeep\n|turn|17\n|\n|t:|1732989287\n|switch|p1a: Terapagos|Terapagos, L76, M|262/262\n|-activate|p1a: Terapagos|ability: Tera Shift\n|detailschange|p1a: Terapagos|Terapagos-Terastal, L76, M\n|-heal|p1a: Terapagos|269/269|[silent]\n|move|p2a: Wo-Chien|Protect||[still]\n|-fail|p2a: Wo-Chien\n|\n|-heal|p2a: Wo-Chien|136/277|[from] item: Leftovers\n|upkeep\n|turn|18\n|\n|t:|1732989293\n|-terastallize|p1a: Terapagos|Stellar\n|detailschange|p1a: Terapagos|Terapagos-Stellar, L76, M, tera:Stellar\n|-heal|p1a: Terapagos|368/368|[silent]\n|move|p1a: Terapagos|Tera Starstorm|p2a: Wo-Chien\n|-damage|p2a: Wo-Chien|53/277\n|move|p2a: Wo-Chien|Leech Seed|p1a: Terapagos\n|-start|p1a: Terapagos|move: Leech Seed\n|\n|-heal|p2a: Wo-Chien|70/277|[from] item: Leftovers\n|-damage|p1a: Terapagos|322/368|[from] Leech Seed|[of] p2a: Wo-Chien\n|-heal|p2a: Wo-Chien|116/277|[silent]\n|upkeep\n|turn|19\n|\n|t:|1732989301\n|move|p2a: Wo-Chien|Protect|p2a: Wo-Chien\n|-singleturn|p2a: Wo-Chien|Protect\n|move|p1a: Terapagos|Tera Starstorm|p2a: Wo-Chien\n|-activate|p2a: Wo-Chien|move: Protect\n|\n|-heal|p2a: Wo-Chien|133/277|[from] item: Leftovers\n|-damage|p1a: Terapagos|276/368|[from] Leech Seed|[of] p2a: Wo-Chien\n|-heal|p2a: Wo-Chien|179/277|[silent]\n|upkeep\n|turn|20\n|\n|t:|1732989304\n|move|p1a: Terapagos|Tera Starstorm|p2a: Wo-Chien\n|-damage|p2a: Wo-Chien|96/277\n|move|p2a: Wo-Chien|Stun Spore|p1a: Terapagos|[miss]\n|-miss|p2a: Wo-Chien|p1a: Terapagos\n|\n|-heal|p2a: Wo-Chien|113/277|[from] item: Leftovers\n|-damage|p1a: Terapagos|230/368|[from] Leech Seed|[of] p2a: Wo-Chien\n|-heal|p2a: Wo-Chien|159/277|[silent]\n|upkeep\n|turn|21\n|\n|t:|1732989308\n|move|p2a: Wo-Chien|Protect|p2a: Wo-Chien\n|-singleturn|p2a: Wo-Chien|Protect\n|move|p1a: Terapagos|Calm Mind|p1a: Terapagos\n|-boost|p1a: Terapagos|spa|1\n|-boost|p1a: Terapagos|spd|1\n|\n|-heal|p2a: Wo-Chien|176/277|[from] item: Leftovers\n|-damage|p1a: Terapagos|184/368|[from] Leech Seed|[of] p2a: Wo-Chien\n|-heal|p2a: Wo-Chien|222/277|[silent]\n|upkeep\n|turn|22\n|\n|t:|1732989314\n|move|p1a: Terapagos|Calm Mind|p1a: Terapagos\n|-boost|p1a: Terapagos|spa|1\n|-boost|p1a: Terapagos|spd|1\n|move|p2a: Wo-Chien|Stun Spore|p1a: Terapagos\n|-status|p1a: Terapagos|par\n|\n|-heal|p2a: Wo-Chien|239/277|[from] item: Leftovers\n|-damage|p1a: Terapagos|138/368 par|[from] Leech Seed|[of] p2a: Wo-Chien\n|-heal|p2a: Wo-Chien|277/277|[silent]\n|upkeep\n|turn|23\n|\n|t:|1732989318\n|move|p2a: Wo-Chien|Protect|p2a: Wo-Chien\n|-singleturn|p2a: Wo-Chien|Protect\n|move|p1a: Terapagos|Rest|p1a: Terapagos\n|-status|p1a: Terapagos|slp|[from] move: Rest\n|-heal|p1a: Terapagos|368/368 slp|[silent]\n|-enditem|p1a: Terapagos|Chesto Berry|[eat]\n|-curestatus|p1a: Terapagos|slp|[msg]\n|\n|-damage|p1a: Terapagos|322/368|[from] Leech Seed|[of] p2a: Wo-Chien\n|upkeep\n|turn|24\n|\n|t:|1732989329\n|move|p1a: Terapagos|Calm Mind|p1a: Terapagos\n|-boost|p1a: Terapagos|spa|1\n|-boost|p1a: Terapagos|spd|1\n|move|p2a: Wo-Chien|Knock Off|p1a: Terapagos\n|-damage|p1a: Terapagos|267/368\n|\n|-damage|p1a: Terapagos|221/368|[from] Leech Seed|[of] p2a: Wo-Chien\n|upkeep\n|turn|25\n|\n|t:|1732989336\n|move|p2a: Wo-Chien|Protect|p2a: Wo-Chien\n|-singleturn|p2a: Wo-Chien|Protect\n|move|p1a: Terapagos|Tera Starstorm|p2a: Wo-Chien\n|-activate|p2a: Wo-Chien|move: Protect\n|\n|-damage|p1a: Terapagos|175/368|[from] Leech Seed|[of] p2a: Wo-Chien\n|upkeep\n|turn|26\n|\n|t:|1732989342\n|move|p1a: Terapagos|Tera Starstorm|p2a: Wo-Chien\n|-damage|p2a: Wo-Chien|87/277\n|move|p2a: Wo-Chien|Knock Off|p1a: Terapagos\n|-damage|p1a: Terapagos|118/368\n|\n|-heal|p2a: Wo-Chien|104/277|[from] item: Leftovers\n|-damage|p1a: Terapagos|72/368|[from] Leech Seed|[of] p2a: Wo-Chien\n|-heal|p2a: Wo-Chien|150/277|[silent]\n|upkeep\n|turn|27\n|\n|t:|1732989345\n|move|p2a: Wo-Chien|Protect|p2a: Wo-Chien\n|-singleturn|p2a: Wo-Chien|Protect\n|move|p1a: Terapagos|Rest|p1a: Terapagos\n|-status|p1a: Terapagos|slp|[from] move: Rest\n|-heal|p1a: Terapagos|368/368 slp|[silent]\n|\n|-heal|p2a: Wo-Chien|167/277|[from] item: Leftovers\n|-damage|p1a: Terapagos|322/368 slp|[from] Leech Seed|[of] p2a: Wo-Chien\n|-heal|p2a: Wo-Chien|213/277|[silent]\n|upkeep\n|turn|28\n|\n|t:|1732989354\n|cant|p1a: Terapagos|slp\n|move|p2a: Wo-Chien|Stun Spore|p1a: Terapagos|[miss]\n|-miss|p2a: Wo-Chien|p1a: Terapagos\n|\n|-heal|p2a: Wo-Chien|230/277|[from] item: Leftovers\n|-damage|p1a: Terapagos|276/368 slp|[from] Leech Seed|[of] p2a: Wo-Chien\n|-heal|p2a: Wo-Chien|276/277|[silent]\n|upkeep\n|turn|29\n|\n|t:|1732989358\n|cant|p1a: Terapagos|slp\n|move|p2a: Wo-Chien|Knock Off|p1a: Terapagos\n|-damage|p1a: Terapagos|216/368 slp\n|\n|-heal|p2a: Wo-Chien|277/277|[from] item: Leftovers\n|-damage|p1a: Terapagos|170/368 slp|[from] Leech Seed|[of] p2a: Wo-Chien\n|upkeep\n|turn|30\n|\n|t:|1732989361\n|-curestatus|p1a: Terapagos|slp|[msg]\n|move|p1a: Terapagos|Calm Mind|p1a: Terapagos\n|-boost|p1a: Terapagos|spa|1\n|-boost|p1a: Terapagos|spd|1\n|move|p2a: Wo-Chien|Knock Off|p1a: Terapagos\n|-damage|p1a: Terapagos|113/368\n|\n|-damage|p1a: Terapagos|67/368|[from] Leech Seed|[of] p2a: Wo-Chien\n|upkeep\n|turn|31\n|\n|t:|1732989370\n|move|p1a: Terapagos|Rest|p1a: Terapagos\n|-status|p1a: Terapagos|slp|[from] move: Rest\n|-heal|p1a: Terapagos|368/368 slp|[silent]\n|move|p2a: Wo-Chien|Knock Off|p1a: Terapagos\n|-damage|p1a: Terapagos|310/368 slp\n|\n|-damage|p1a: Terapagos|264/368 slp|[from] Leech Seed|[of] p2a: Wo-Chien\n|upkeep\n|turn|32\n|\n|t:|1732989376\n|cant|p1a: Terapagos|slp\n|move|p2a: Wo-Chien|Knock Off|p1a: Terapagos\n|-damage|p1a: Terapagos|209/368 slp\n|\n|-damage|p1a: Terapagos|163/368 slp|[from] Leech Seed|[of] p2a: Wo-Chien\n|upkeep\n|turn|33\n|\n|t:|1732989378\n|cant|p1a: Terapagos|slp\n|move|p2a: Wo-Chien|Knock Off|p1a: Terapagos\n|-damage|p1a: Terapagos|103/368 slp\n|\n|-damage|p1a: Terapagos|57/368 slp|[from] Leech Seed|[of] p2a: Wo-Chien\n|upkeep\n|turn|34\n|\n|t:|1732989384\n|-curestatus|p1a: Terapagos|slp|[msg]\n|move|p1a: Terapagos|Rest|p1a: Terapagos\n|-status|p1a: Terapagos|slp|[from] move: Rest\n|-heal|p1a: Terapagos|368/368 slp|[silent]\n|move|p2a: Wo-Chien|Knock Off|p1a: Terapagos\n|-damage|p1a: Terapagos|311/368 slp\n|\n|-damage|p1a: Terapagos|265/368 slp|[from] Leech Seed|[of] p2a: Wo-Chien\n|upkeep\n|turn|35\n|\n|t:|1732989391\n|cant|p1a: Terapagos|slp\n|move|p2a: Wo-Chien|Knock Off|p1a: Terapagos\n|-damage|p1a: Terapagos|213/368 slp\n|\n|-damage|p1a: Terapagos|167/368 slp|[from] Leech Seed|[of] p2a: Wo-Chien\n|upkeep\n|turn|36\n|\n|t:|1732989393\n|cant|p1a: Terapagos|slp\n|move|p2a: Wo-Chien|Knock Off|p1a: Terapagos\n|-damage|p1a: Terapagos|115/368 slp\n|\n|-damage|p1a: Terapagos|69/368 slp|[from] Leech Seed|[of] p2a: Wo-Chien\n|upkeep\n|turn|37\n|\n|t:|1732989396\n|-curestatus|p1a: Terapagos|slp|[msg]\n|move|p1a: Terapagos|Rest|p1a: Terapagos\n|-status|p1a: Terapagos|slp|[from] move: Rest\n|-heal|p1a: Terapagos|368/368 slp|[silent]\n|move|p2a: Wo-Chien|Knock Off|p1a: Terapagos\n|-damage|p1a: Terapagos|314/368 slp\n|\n|-damage|p1a: Terapagos|268/368 slp|[from] Leech Seed|[of] p2a: Wo-Chien\n|upkeep\n|turn|38\n|\n|t:|1732989405\n|cant|p1a: Terapagos|slp\n|move|p2a: Wo-Chien|Knock Off|p1a: Terapagos\n|-damage|p1a: Terapagos|207/368 slp\n|\n|-damage|p1a: Terapagos|161/368 slp|[from] Leech Seed|[of] p2a: Wo-Chien\n|upkeep\n|turn|39\n|\n|t:|1732989420\n|cant|p1a: Terapagos|slp\n|move|p2a: Wo-Chien|Knock Off|p1a: Terapagos\n|-damage|p1a: Terapagos|98/368 slp\n|\n|-damage|p1a: Terapagos|52/368 slp|[from] Leech Seed|[of] p2a: Wo-Chien\n|upkeep\n|turn|40\n|\n|t:|1732989455\n|-curestatus|p1a: Terapagos|slp|[msg]\n|move|p1a: Terapagos|Rest|p1a: Terapagos\n|-status|p1a: Terapagos|slp|[from] move: Rest\n|-heal|p1a: Terapagos|368/368 slp|[silent]\n|move|p2a: Wo-Chien|Knock Off|p1a: Terapagos\n|-damage|p1a: Terapagos|307/368 slp\n|\n|-damage|p1a: Terapagos|261/368 slp|[from] Leech Seed|[of] p2a: Wo-Chien\n|upkeep\n|turn|41\n|\n|t:|1732989464\n|cant|p1a: Terapagos|slp\n|move|p2a: Wo-Chien|Knock Off|p1a: Terapagos\n|-damage|p1a: Terapagos|201/368 slp\n|\n|-damage|p1a: Terapagos|155/368 slp|[from] Leech Seed|[of] p2a: Wo-Chien\n|upkeep\n|turn|42\n|\n|t:|1732989474\n|cant|p1a: Terapagos|slp\n|move|p2a: Wo-Chien|Knock Off|p1a: Terapagos\n|-damage|p1a: Terapagos|100/368 slp\n|\n|-damage|p1a: Terapagos|54/368 slp|[from] Leech Seed|[of] p2a: Wo-Chien\n|upkeep\n|turn|43\n|\n|t:|1732989493\n|-curestatus|p1a: Terapagos|slp|[msg]\n|move|p1a: Terapagos|Rest|p1a: Terapagos\n|-status|p1a: Terapagos|slp|[from] move: Rest\n|-heal|p1a: Terapagos|368/368 slp|[silent]\n|move|p2a: Wo-Chien|Knock Off|p1a: Terapagos\n|-damage|p1a: Terapagos|316/368 slp\n|\n|-damage|p1a: Terapagos|270/368 slp|[from] Leech Seed|[of] p2a: Wo-Chien\n|upkeep\n|turn|44\n|\n|t:|1732989508\n|cant|p1a: Terapagos|slp\n|move|p2a: Wo-Chien|Knock Off|p1a: Terapagos\n|-damage|p1a: Terapagos|216/368 slp\n|\n|-damage|p1a: Terapagos|170/368 slp|[from] Leech Seed|[of] p2a: Wo-Chien\n|upkeep\n|turn|45\n|\n|t:|1732989513\n|switch|p1a: Ceruledge|Ceruledge, L78, F|245/245\n|move|p2a: Wo-Chien|Knock Off|p1a: Ceruledge\n|-supereffective|p1a: Ceruledge\n|-damage|p1a: Ceruledge|35/245\n|-ability|p1a: Ceruledge|Weak Armor|boost\n|-unboost|p1a: Ceruledge|def|1\n|-boost|p1a: Ceruledge|spe|2\n|-enditem|p1a: Ceruledge|Heavy-Duty Boots|[from] move: Knock Off|[of] p2a: Wo-Chien\n|\n|upkeep\n|turn|46\n|\n|t:|1732989527\n|move|p2a: Wo-Chien|Protect|p2a: Wo-Chien\n|-singleturn|p2a: Wo-Chien|Protect\n|move|p1a: Ceruledge|Bitter Blade|p2a: Wo-Chien\n|-activate|p2a: Wo-Chien|move: Protect\n|\n|upkeep\n|turn|47\n|\n|t:|1732989547\n|switch|p2a: Palkia|Palkia-Origin, L72|128/249\n|-ability|p2a: Palkia|Pressure\n|move|p1a: Ceruledge|Swords Dance|p1a: Ceruledge\n|-boost|p1a: Ceruledge|atk|2\n|\n|upkeep\n|turn|48\n|\n|t:|1732989563\n|move|p1a: Ceruledge|Poltergeist|p2a: Palkia\n|-activate|p2a: Palkia|move: Poltergeist|Lustrous Globe\n|-damage|p2a: Palkia|0 fnt\n|faint|p2a: Palkia\n|\n|upkeep\n|\n|t:|1732989566\n|switch|p2a: Muk|Muk, L86, F|221/321\n|turn|49\n|\n|t:|1732989571\n|switch|p1a: Veluza|Veluza, L85, M|292/292\n|move|p2a: Muk|Poison Jab|p1a: Veluza\n|-damage|p1a: Veluza|136/292\n|\n|upkeep\n|turn|50\n|\n|t:|1732989575\n|move|p1a: Veluza|Psycho Cut|p2a: Muk\n|-supereffective|p2a: Muk\n|-damage|p2a: Muk|0 fnt\n|faint|p2a: Muk\n|\n|upkeep\n|\n|t:|1732989597\n|switch|p2a: Venusaur|Venusaur, L84, M|244/272\n|turn|51\n|l|\u2606theAR\n|player|p2|\n|j|\u2606theAR\n|player|p2|theAR|169|\n|\n|t:|1732989613\n|move|p2a: Venusaur|Energy Ball|p1a: Veluza\n|-supereffective|p1a: Veluza\n|-damage|p1a: Veluza|0 fnt\n|faint|p1a: Veluza\n|\n|-heal|p2a: Venusaur|261/272|[from] item: Leftovers\n|upkeep\n|\n|t:|1732989621\n|switch|p1a: Ceruledge|Ceruledge, L78, F|35/245\n|turn|52\n|\n|t:|1732989628\n|move|p2a: Venusaur|Knock Off|p1a: Ceruledge\n|-supereffective|p1a: Ceruledge\n|-crit|p1a: Ceruledge\n|-damage|p1a: Ceruledge|0 fnt\n|faint|p1a: Ceruledge\n|\n|-heal|p2a: Venusaur|272/272|[from] item: Leftovers\n|upkeep\n|\n|t:|1732989633\n|switch|p1a: Terapagos|Terapagos-Stellar, L76, M, tera:Stellar|170/368 slp\n|turn|53\n|\n|t:|1732989642\n|move|p2a: Venusaur|Energy Ball|p1a: Terapagos\n|-damage|p1a: Terapagos|86/368 slp\n|cant|p1a: Terapagos|slp\n|\n|upkeep\n|turn|54\n|\n|t:|1732989648\n|switch|p2a: Wo-Chien|Wo-Chien, L83|277/277\n|-ability|p2a: Wo-Chien|Tablets of Ruin\n|-curestatus|p1a: Terapagos|slp|[msg]\n|move|p1a: Terapagos|Rest|p1a: Terapagos\n|-status|p1a: Terapagos|slp|[from] move: Rest\n|-heal|p1a: Terapagos|368/368 slp|[silent]\n|\n|upkeep\n|turn|55\n|\n|t:|1732989658\n|cant|p1a: Terapagos|slp\n|move|p2a: Wo-Chien|Leech Seed|p1a: Terapagos\n|-start|p1a: Terapagos|move: Leech Seed\n|\n|-damage|p1a: Terapagos|322/368 slp|[from] Leech Seed|[of] p2a: Wo-Chien\n|upkeep\n|turn|56\n|\n|t:|1732989669\n|cant|p1a: Terapagos|slp\n|move|p2a: Wo-Chien|Knock Off|p1a: Terapagos\n|-damage|p1a: Terapagos|267/368 slp\n|\n|-damage|p1a: Terapagos|221/368 slp|[from] Leech Seed|[of] p2a: Wo-Chien\n|upkeep\n|turn|57\n|\n|t:|1732989676\n|-curestatus|p1a: Terapagos|slp|[msg]\n|move|p1a: Terapagos|Calm Mind|p1a: Terapagos\n|-boost|p1a: Terapagos|spa|1\n|-boost|p1a: Terapagos|spd|1\n|move|p2a: Wo-Chien|Knock Off|p1a: Terapagos\n|-damage|p1a: Terapagos|166/368\n|\n|-damage|p1a: Terapagos|120/368|[from] Leech Seed|[of] p2a: Wo-Chien\n|upkeep\n|turn|58\n|\n|t:|1732989682\n|move|p1a: Terapagos|Tera Starstorm|p2a: Wo-Chien\n|-damage|p2a: Wo-Chien|156/277\n|move|p2a: Wo-Chien|Stun Spore|p1a: Terapagos\n|-status|p1a: Terapagos|par\n|\n|-heal|p2a: Wo-Chien|173/277|[from] item: Leftovers\n|-damage|p1a: Terapagos|74/368 par|[from] Leech Seed|[of] p2a: Wo-Chien\n|-heal|p2a: Wo-Chien|219/277|[silent]\n|upkeep\n|turn|59\n|\n|t:|1732989688\n|move|p2a: Wo-Chien|Knock Off|p1a: Terapagos\n|-damage|p1a: Terapagos|14/368 par\n|move|p1a: Terapagos|Tera Starstorm|p2a: Wo-Chien\n|-damage|p2a: Wo-Chien|105/277\n|\n|-heal|p2a: Wo-Chien|122/277|[from] item: Leftovers\n|-damage|p1a: Terapagos|0 fnt|[from] Leech Seed|[of] p2a: Wo-Chien\n|-heal|p2a: Wo-Chien|136/277|[silent]\n|faint|p1a: Terapagos\n|\n|win|theAR\n|upkeep\n|raw|Geral499's rating: 1164 &rarr; <strong>1135</strong><br />(-29 for losing)\n|raw|theAR's rating: 1113 &rarr; <strong>1142</strong><br />(+29 for winning)\n|l|\u2606Geral499\n|player|p1|\n", "inputlog": ">version b107d77f5c90bd6555267ae244a6264823309ead\n>start {\"formatid\":\"gen9randombattle\",\"seed\":[30956,57520,27428,14660],\"rated\":\"Rated battle\"}\n>player p1 {\"name\":\"Geral499\",\"avatar\":\"1\",\"rating\":1164,\"seed\":[20150,19549,53818,13584]}\n>player p2 {\"name\":\"theAR\",\"avatar\":\"169\",\"rating\":1113,\"seed\":[59264,30480,12334,2926]}\n>p1 move bulkup\n>p2 move poisonjab\n>p1 move bulkup\n>p2 move poisonjab\n>p1 move liquidation\n>p2 switch 6\n>p1 move drainpunch\n>p2 move machpunch\n>p2 switch 5\n>p1 move drainpunch\n>p2 move spacialrend\n>p1 switch 4\n>p1 move leafstorm\n>p2 move fireblast\n>p1 move leafstorm\n>p2 switch 4\n>p1 move synthesis\n>p2 move sludgebomb\n>p1 switch 6\n>p1 move hurricane\n>p2 switch 2\n>p1 move hurricane\n>p2 move beakblast\n>p1 move hurricane\n>p2 move roost\n>p2 switch 3\n>p1 move hurricane\n>p2 move stunspore\n>p1 move hypervoice\n>p2 switch 6\n>p1 move defog\n>p2 move icepunch\n>p1 move roost\n>p2 move icepunch\n>p1 switch 3\n>p1 move psychocut\n>p2 switch 6\n>p1 switch 2\n>p2 move protect\n>p1 move terastarstorm terastallize\n>p2 move leechseed\n>p1 move terastarstorm\n>p2 move protect\n>p1 move terastarstorm\n>p2 move stunspore\n>p1 move calmmind\n>p2 move protect\n>p1 move calmmind\n>p2 move stunspore\n>p1 move rest\n>p2 move protect\n>p1 move calmmind\n>p2 move knockoff\n>p1 move terastarstorm\n>p2 move protect\n>p1 move terastarstorm\n>p2 move knockoff\n>p1 move rest\n>p2 move protect\n>p1 move terastarstorm\n>p2 move stunspore\n>p1 move calmmind\n>p2 move knockoff\n>p1 move calmmind\n>p2 move knockoff\n>p1 move rest\n>p2 move knockoff\n>p1 move calmmind\n>p2 move knockoff\n>p1 move calmmind\n>p2 move knockoff\n>p1 move rest\n>p2 move knockoff\n>p1 move terastarstorm\n>p2 move knockoff\n>p1 move terastarstorm\n>p2 move knockoff\n>p1 move rest\n>p2 move knockoff\n>p1 move calmmind\n>p2 move knockoff\n>p1 move calmmind\n>p2 move knockoff\n>p1 move rest\n>p2 move knockoff\n>p1 move calmmind\n>p2 move knockoff\n>p1 move calmmind\n>p2 move knockoff\n>p1 move rest\n>p2 move knockoff\n>p1 move terastarstorm\n>p2 move knockoff\n>p1 switch 5\n>p2 move knockoff\n>p1 move bitterblade\n>p2 move protect\n>p1 move swordsdance\n>p2 switch 4\n>p1 move poltergeist\n>p2 move spacialrend\n>p2 switch 6\n>p1 switch 2\n>p2 move poisonjab\n>p1 move psychocut\n>p2 move poisonjab\n>p2 switch 2\n>p1 move psychocut\n>p2 move energyball\n>p1 switch 2\n>p1 move bitterblade\n>p2 move knockoff\n>p1 switch 5\n>p1 move calmmind\n>p2 move energyball\n>p1 move rest\n>p2 switch 4\n>p1 move calmmind\n>p2 move leechseed\n>p1 move calmmind\n>p2 move knockoff\n>p1 move calmmind\n>p2 move knockoff\n>p1 move terastarstorm\n>p2 move stunspore\n>p1 move terastarstorm\n>p2 move knockoff", "uploadtime": 1732989714, "views": 2, "formatid": "gen9randombattle", "rating": 1135, "private": 0, "password": null}