{"id": "gen9randombattle-2253935104", "format": "[Gen 9] Random Battle", "players": ["VarelJam", "tron_c4t"], "log": "|j|\u2606VarelJam\n|j|\u2606tron_c4t\n|t:|1732967071\n|gametype|singles\n|player|p1|VarelJam|lucy-gen3|1466\n|player|p2|tron_c4t|palmer|1469\n|teamsize|p1|6\n|teamsize|p2|6\n|gen|9\n|tier|[Gen 9] Random Battle\n|rated|\n|rule|Species Clause: Limit one of each Pok\u00e9mon\n|rule|HP Percentage Mod: HP is shown in percentages\n|rule|Sleep Clause Mod: Limit one foe put to sleep\n|rule|Illusion Level Mod: Illusion disguises the Pok\u00e9mon's true level\n|\n|t:|1732967071\n|start\n|switch|p1a: Annihilape|Annihilape, L76, F|292/292\n|switch|p2a: Flareon|Flareon, L90, M|263/263\n|turn|1\n|inactive|Battle timer is ON: inactive players will automatically lose when time's up. (requested by tron_c4t)\n|\n|t:|1732967088\n|switch|p2a: Dachsbun|Dachsbun, L92, M|254/254\n|move|p1a: Annihilape|Bulk Up|p1a: Annihilape\n|-boost|p1a: Annihilape|atk|1\n|-boost|p1a: Annihilape|def|1\n|\n|upkeep\n|turn|2\n|\n|t:|1732967112\n|-terastallize|p1a: Annihilape|Fairy\n|move|p2a: Dachsbun|Play Rough|p1a: Annihilape\n|-damage|p1a: Annihilape|211/292\n|move|p1a: Annihilape|Taunt|p2a: Dachsbun\n|-start|p2a: Dachsbun|move: Taunt\n|\n|-heal|p1a: Annihilape|229/292|[from] item: Leftovers\n|upkeep\n|turn|3\n|\n|t:|1732967127\n|switch|p2a: Espeon|Espeon, L84, M|246/246\n|move|p1a: Annihilape|Bulk Up|p1a: Annihilape\n|-boost|p1a: Annihilape|atk|1\n|-boost|p1a: Annihilape|def|1\n|\n|-heal|p1a: Annihilape|247/292|[from] item: Leftovers\n|upkeep\n|turn|4\n|\n|t:|1732967137\n|move|p2a: Espeon|Trick|p1a: Annihilape\n|-activate|p2a: Espeon|move: Trick|[of] p1a: Annihilape\n|-item|p1a: Annihilape|Choice Specs|[from] move: Trick\n|-item|p2a: Espeon|Leftovers|[from] move: Trick\n|move|p1a: Annihilape|Rage Fist|p2a: Espeon\n|-supereffective|p2a: Espeon\n|-damage|p2a: Espeon|0 fnt\n|faint|p2a: Espeon\n|\n|upkeep\n|\n|t:|1732967147\n|switch|p2a: Flareon|Flareon, L90, M|263/263\n|turn|5\n|\n|t:|1732967150\n|move|p1a: Annihilape|Rage Fist|p2a: Flareon\n|-damage|p2a: Flareon|8/263\n|move|p2a: Flareon|Will-O-Wisp|p1a: Annihilape\n|-status|p1a: Annihilape|brn\n|\n|-damage|p1a: Annihilape|229/292 brn|[from] brn\n|-status|p2a: Flareon|tox|[from] item: Toxic Orb\n|upkeep\n|turn|6\n|\n|t:|1732967163\n|move|p2a: Flareon|Quick Attack|p1a: Annihilape\n|-damage|p1a: Annihilape|190/292 brn\n|move|p1a: Annihilape|Rage Fist|p2a: Flareon\n|-damage|p2a: Flareon|0 fnt\n|faint|p2a: Flareon\n|\n|-damage|p1a: Annihilape|172/292 brn|[from] brn\n|upkeep\n|\n|t:|1732967182\n|switch|p2a: Zebstrika|Zebstrika, L87, M|272/272\n|turn|7\n|\n|t:|1732967189\n|move|p2a: Zebstrika|Overheat|p1a: Annihilape|[miss]\n|-miss|p2a: Zebstrika|p1a: Annihilape\n|move|p1a: Annihilape|Rage Fist|p2a: Zebstrika\n|-damage|p2a: Zebstrika|99/272\n|\n|-damage|p1a: Annihilape|154/292 brn|[from] brn\n|upkeep\n|turn|8\n|\n|t:|1732967196\n|move|p2a: Zebstrika|Overheat|p1a: Annihilape\n|-damage|p1a: Annihilape|41/292 brn\n|-unboost|p2a: Zebstrika|spa|2\n|-damage|p2a: Zebstrika|72/272|[from] item: Life Orb\n|move|p1a: Annihilape|Rage Fist|p2a: Zebstrika\n|-damage|p2a: Zebstrika|0 fnt\n|faint|p2a: Zebstrika\n|\n|-damage|p1a: Annihilape|23/292 brn|[from] brn\n|upkeep\n|\n|t:|1732967206\n|switch|p2a: Drifblim|Drifblim, L86, F|396/396\n|turn|9\n|\n|t:|1732967210\n|move|p2a: Drifblim|Shadow Ball|p1a: Annihilape\n|-damage|p1a: Annihilape|0 fnt\n|faint|p1a: Annihilape\n|\n|upkeep\n|\n|t:|1732967219\n|switch|p1a: Roaring Moon|Roaring Moon, L72|270/270\n|-enditem|p1a: Roaring Moon|Booster Energy\n|-activate|p1a: Roaring Moon|ability: Protosynthesis|[fromitem]\n|-start|p1a: Roaring Moon|protosynthesisatk\n|turn|10\n|\n|t:|1732967234\n|switch|p2a: Dachsbun|Dachsbun, L92, M|254/254\n|move|p1a: Roaring Moon|Dragon Dance|p1a: Roaring Moon\n|-boost|p1a: Roaring Moon|atk|1\n|-boost|p1a: Roaring Moon|spe|1\n|\n|upkeep\n|turn|11\n|\n|t:|1732967253\n|move|p1a: Roaring Moon|Acrobatics|p2a: Dachsbun\n|-damage|p2a: Dachsbun|146/254\n|move|p2a: Dachsbun|Play Rough|p1a: Roaring Moon\n|-supereffective|p1a: Roaring Moon\n|-damage|p1a: Roaring Moon|0 fnt\n|faint|p1a: Roaring Moon\n|-end|p1a: Roaring Moon|Protosynthesis|[silent]\n|\n|-heal|p2a: Dachsbun|161/254|[from] item: Leftovers\n|upkeep\n|inactive|VarelJam has 120 seconds left.\n|\n|t:|1732967274\n|switch|p1a: Vileplume|Vileplume, L86, F|269/269\n|turn|12\n|\n|t:|1732967282\n|move|p2a: Dachsbun|Protect|p2a: Dachsbun\n|-singleturn|p2a: Dachsbun|Protect\n|move|p1a: Vileplume|Sludge Bomb|p2a: Dachsbun\n|-activate|p2a: Dachsbun|move: Protect\n|\n|-heal|p2a: Dachsbun|176/254|[from] item: Leftovers\n|upkeep\n|turn|13\n|\n|t:|1732967289\n|switch|p2a: Drifblim|Drifblim, L86, F|396/396\n|move|p1a: Vileplume|Sludge Bomb|p2a: Drifblim\n|-resisted|p2a: Drifblim\n|-damage|p2a: Drifblim|318/396\n|\n|upkeep\n|turn|14\n|\n|t:|1732967295\n|move|p2a: Drifblim|Air Slash|p1a: Vileplume\n|-supereffective|p1a: Vileplume\n|-damage|p1a: Vileplume|119/269\n|move|p1a: Vileplume|Sleep Powder|p2a: Drifblim\n|-status|p2a: Drifblim|slp|[from] move: Sleep Powder\n|\n|-heal|p1a: Vileplume|135/269|[from] item: Leftovers\n|upkeep\n|turn|15\n|\n|t:|1732967303\n|cant|p2a: Drifblim|slp\n|move|p1a: Vileplume|Strength Sap|p2a: Drifblim\n|-unboost|p2a: Drifblim|atk|1\n|-heal|p1a: Vileplume|269/269\n|\n|upkeep\n|turn|16\n|\n|t:|1732967318\n|switch|p1a: Plusle|Plusle, L95, M|268/268\n|cant|p2a: Drifblim|slp\n|\n|upkeep\n|turn|17\n|\n|t:|1732967325\n|switch|p2a: Decidueye|Decidueye, L88, F|281/281\n|move|p1a: Plusle|Nasty Plot|p1a: Plusle\n|-boost|p1a: Plusle|spa|2\n|\n|upkeep\n|turn|18\n|\n|t:|1732967336\n|move|p1a: Plusle|Alluring Voice|p2a: Decidueye\n|-damage|p2a: Decidueye|133/281\n|-damage|p1a: Plusle|242/268|[from] item: Life Orb\n|move|p2a: Decidueye|Leaf Storm|p1a: Plusle\n|-damage|p1a: Plusle|86/268\n|-unboost|p2a: Decidueye|spa|2\n|\n|upkeep\n|turn|19\n|\n|t:|1732967344\n|move|p1a: Plusle|Alluring Voice|p2a: Decidueye\n|-damage|p2a: Decidueye|0 fnt\n|faint|p2a: Decidueye\n|-damage|p1a: Plusle|60/268|[from] item: Life Orb\n|\n|upkeep\n|\n|t:|1732967349\n|switch|p2a: Dachsbun|Dachsbun, L92, M|176/254\n|turn|20\n|\n|t:|1732967354\n|move|p1a: Plusle|Thunderbolt|p2a: Dachsbun\n|-damage|p2a: Dachsbun|0 fnt\n|faint|p2a: Dachsbun\n|-damage|p1a: Plusle|34/268|[from] item: Life Orb\n|\n|upkeep\n|\n|t:|1732967356\n|switch|p2a: Drifblim|Drifblim, L86, F|318/396 slp\n|turn|21\n|\n|t:|1732967361\n|-terastallize|p2a: Drifblim|Fairy\n|move|p1a: Plusle|Thunderbolt|p2a: Drifblim\n|-damage|p2a: Drifblim|0 fnt\n|faint|p2a: Drifblim\n|-damage|p1a: Plusle|8/268|[from] item: Life Orb\n|\n|win|VarelJam\n|raw|VarelJam's rating: 1466 &rarr; <strong>1486</strong><br />(+20 for winning)\n|raw|tron_c4t's rating: 1469 &rarr; <strong>1449</strong><br />(-20 for losing)\n|c|\u2606VarelJam|gg\n|l|\u2606tron_c4t\n|player|p2|\n", "inputlog": ">version b107d77f5c90bd6555267ae244a6264823309ead\n>start {\"formatid\":\"gen9randombattle\",\"seed\":[38478,19496,50398,6228],\"rated\":\"Rated battle\"}\n>player p1 {\"name\":\"VarelJam\",\"avatar\":\"lucy-gen3\",\"rating\":1466,\"seed\":[14777,13907,10846,56577]}\n>player p2 {\"name\":\"tron_c4t\",\"avatar\":\"palmer\",\"rating\":1469,\"seed\":[3468,56194,65388,14250]}\n>p1 move bulkup\n>p2 switch 3\n>p1 move taunt terastallize\n>p2 move playrough\n>p1 move bulkup\n>p2 switch 6\n>p1 move ragefist\n>p2 move trick\n>p2 switch 3\n>p1 move ragefist\n>p2 move willowisp\n>p1 move ragefist\n>p2 move quickattack\n>p2 switch 4\n>p1 move ragefist\n>p2 move overheat\n>p1 move ragefist\n>p2 move overheat\n>p2 switch 2\n>p1 move ragefist\n>p2 move shadowball\n>p1 switch 6\n>p1 move dragondance\n>p2 switch 6\n>p1 move acrobatics\n>p2 move playrough\n>p1 switch 2\n>p1 move sludgebomb\n>p2 move protect\n>p1 move sludgebomb\n>p2 switch 6\n>p1 move sleeppowder\n>p2 move airslash\n>p1 move strengthsap\n>p2 move airslash\n>p1 switch 3\n>p2 move airslash\n>p1 move nastyplot\n>p2 switch 5\n>p1 move alluringvoice\n>p2 move leafstorm\n>p1 move alluringvoice\n>p2 move spiritshackle\n>p2 switch 6\n>p1 move thunderbolt\n>p2 move playrough\n>p2 switch 5\n>p1 move thunderbolt\n>p2 move shadowball terastallize", "uploadtime": 1732967393, "views": 2, "formatid": "gen9randombattle", "rating": 1449, "private": 0, "password": null}