{"id": "gen9randombattle-2254151814", "format": "[Gen 9] Random Battle", "players": ["vinicgbs", "JoacoSM"], "log": "|j|\u2606vinicgbs\n|j|\u2606JoacoSM\n|t:|1732997595\n|gametype|singles\n|player|p1|vinicgbs|102|1064\n|player|p2|JoacoSM|tuberf|1013\n|teamsize|p1|6\n|teamsize|p2|6\n|gen|9\n|tier|[Gen 9] Random Battle\n|rated|\n|rule|Species Clause: Limit one of each Pok\u00e9mon\n|rule|HP Percentage Mod: HP is shown in percentages\n|rule|Sleep Clause Mod: Limit one foe put to sleep\n|rule|Illusion Level Mod: Illusion disguises the Pok\u00e9mon's true level\n|\n|t:|1732997595\n|start\n|switch|p1a: Gumshoos|Gumshoos, L95, F|321/321\n|switch|p2a: Swanna|Swanna, L88, M|275/275\n|turn|1\n|\n|t:|1732997608\n|move|p2a: Swanna|Brave Bird|p1a: Gumshoos\n|-damage|p1a: Gumshoos|176/321\n|-damage|p2a: Swanna|227/275|[from] Recoil\n|move|p1a: Gumshoos|Knock Off|p2a: Swanna\n|-damage|p2a: Swanna|52/275\n|-enditem|p2a: Swanna|Heavy-Duty Boots|[from] move: Knock Off|[of] p1a: Gumshoos\n|\n|upkeep\n|turn|2\n|\n|t:|1732997623\n|move|p2a: Swanna|Hydro Pump|p1a: Gumshoos|[miss]\n|-miss|p2a: Swanna|p1a: Gumshoos\n|move|p1a: Gumshoos|Knock Off|p2a: Swanna\n|-damage|p2a: Swanna|0 fnt\n|faint|p2a: Swanna\n|\n|upkeep\n|\n|t:|1732997628\n|switch|p2a: Palafin|Palafin, L77, F|281/281\n|turn|3\n|\n|t:|1732997636\n|move|p2a: Palafin|Flip Turn|p1a: Gumshoos\n|-damage|p1a: Gumshoos|104/321\n|\n|t:|1732997643\n|detailschange|p2a: Palafin|Palafin-Hero, L77, F\n|switch|p2a: Cyclizar|Cyclizar, L83, F|252/252|[from] Flip Turn\n|move|p1a: Gumshoos|Knock Off|p2a: Cyclizar\n|-damage|p2a: Cyclizar|0 fnt\n|-enditem|p2a: Cyclizar|Heavy-Duty Boots|[from] move: Knock Off|[of] p1a: Gumshoos\n|faint|p2a: Cyclizar\n|\n|upkeep\n|c|\u2606JoacoSM|Que\n|c|\u2606JoacoSM|That\n|\n|t:|1732997670\n|switch|p2a: Palafin|Palafin-Hero, L77, F|281/281\n|-activate|p2a: Palafin|ability: Zero to Hero\n|turn|4\n|\n|t:|1732997676\n|move|p2a: Palafin|Jet Punch|p1a: Gumshoos\n|-damage|p1a: Gumshoos|0 fnt\n|faint|p1a: Gumshoos\n|\n|upkeep\n|\n|t:|1732997688\n|switch|p1a: Victreebel|Victreebel, L90, M|290/290\n|turn|5\n|\n|t:|1732997695\n|switch|p2a: Appletun|Appletun, L92, M|352/352\n|move|p1a: Victreebel|Power Whip|p2a: Appletun\n|-resisted|p2a: Appletun\n|-damage|p2a: Appletun|301/352\n|-damage|p1a: Victreebel|261/290|[from] item: Life Orb\n|\n|-heal|p2a: Appletun|323/352|[from] item: Leftovers\n|upkeep\n|turn|6\n|\n|t:|1732997708\n|move|p1a: Victreebel|Poison Jab|p2a: Appletun\n|-supereffective|p2a: Appletun\n|-damage|p2a: Appletun|50/352\n|-damage|p1a: Victreebel|232/290|[from] item: Life Orb\n|move|p2a: Appletun|Draco Meteor|p1a: Victreebel\n|-damage|p1a: Victreebel|39/290\n|-unboost|p2a: Appletun|spa|2\n|\n|-heal|p2a: Appletun|72/352|[from] item: Leftovers\n|upkeep\n|turn|7\n|\n|t:|1732997721\n|move|p1a: Victreebel|Poison Jab|p2a: Appletun\n|-supereffective|p2a: Appletun\n|-damage|p2a: Appletun|0 fnt\n|faint|p2a: Appletun\n|-damage|p1a: Victreebel|10/290|[from] item: Life Orb\n|\n|upkeep\n|\n|t:|1732997723\n|switch|p2a: Meloetta|Meloetta, L82|298/298\n|turn|8\n|\n|t:|1732997746\n|move|p2a: Meloetta|Knock Off|p1a: Victreebel\n|-damage|p1a: Victreebel|0 fnt\n|-enditem|p1a: Victreebel|Life Orb|[from] move: Knock Off|[of] p2a: Meloetta\n|faint|p1a: Victreebel\n|-damage|p2a: Meloetta|269/298|[from] item: Life Orb\n|\n|upkeep\n|\n|t:|1732997774\n|switch|p1a: Deoxys|Deoxys-Speed, L82|216/216\n|-ability|p1a: Deoxys|Pressure\n|turn|9\n|\n|t:|1732997782\n|move|p1a: Deoxys|Knock Off|p2a: Meloetta\n|-supereffective|p2a: Meloetta\n|-damage|p2a: Meloetta|66/298\n|-enditem|p2a: Meloetta|Life Orb|[from] move: Knock Off|[of] p1a: Deoxys\n|-damage|p1a: Deoxys|195/216|[from] item: Life Orb\n|move|p2a: Meloetta|Knock Off|p1a: Deoxys\n|-supereffective|p1a: Deoxys\n|-damage|p1a: Deoxys|93/216\n|-enditem|p1a: Deoxys|Life Orb|[from] move: Knock Off|[of] p2a: Meloetta\n|\n|upkeep\n|turn|10\n|l|\u2606vinicgbs\n|player|p1|\n|c|\u2606JoacoSM|Chinga tu puta madre\n|l|\u2606JoacoSM\n|player|p2|\n|j|\u2606JoacoSM\n|player|p2|JoacoSM|tuberf|\n|-message|JoacoSM forfeited.\n|\n|win|vinicgbs\n", "inputlog": ">version b107d77f5c90bd6555267ae244a6264823309ead\n>start {\"formatid\":\"gen9randombattle\",\"seed\":[32623,5762,61474,44782],\"rated\":\"Rated battle\"}\n>player p1 {\"name\":\"vinicgbs\",\"avatar\":\"102\",\"rating\":1064,\"seed\":[51261,33492,10819,320]}\n>player p2 {\"name\":\"JoacoSM\",\"avatar\":\"tuberf\",\"rating\":1013,\"seed\":[58939,25880,6679,63312]}\n>p1 move knockoff\n>p2 move bravebird\n>p1 move knockoff\n>p2 move hydropump\n>p2 switch 4\n>p1 move knockoff\n>p2 move flipturn\n>p2 switch 2\n>chat \u2606JoacoSM|Que\n>chat \u2606JoacoSM|That \n>p2 switch 2\n>p1 move knockoff\n>p2 move jetpunch\n>p1 switch 2\n>p1 move powerwhip\n>p2 switch 3\n>p1 move poisonjab\n>p2 move dracometeor\n>p1 move poisonjab\n>p2 move recover\n>p2 switch 6\n>p1 move powerwhip\n>p2 move knockoff\n>p1 switch 6\n>p1 move knockoff\n>p2 move knockoff\n>chat \u2606JoacoSM|Chinga tu puta madre\n>forcelose p2", "uploadtime": 1732997989, "views": 1, "formatid": "gen9randombattle", "rating": null, "private": 0, "password": null}