{"id": "gen9randombattle-2253830700", "format": "[Gen 9] Random Battle", "players": ["cheese xuebao", "Wuloo"], "log": "|j|\u2606cheese xuebao\n|j|\u2606Wuloo\n|t:|1732945056\n|gametype|singles\n|player|p1|cheese xuebao|miku-ground|\n|player|p2|Wuloo|collector|\n|teamsize|p1|6\n|teamsize|p2|6\n|gen|9\n|tier|[Gen 9] Random Battle\n|rule|Species Clause: Limit one of each Pok\u00e9mon\n|rule|HP Percentage Mod: HP is shown in percentages\n|rule|Sleep Clause Mod: Limit one foe put to sleep\n|rule|Illusion Level Mod: Illusion disguises the Pok\u00e9mon's true level\n|\n|t:|1732945056\n|start\n|switch|p1a: Minior|Minior, L79|224/224\n|switch|p2a: Kingambit|Kingambit, L74, M|270/270\n|-formechange|p1a: Minior|Minior-Meteor||[from] ability: Shields Down\n|turn|1\n|\n|t:|1732945094\n|switch|p1a: Clawitzer|Clawitzer, L87, F|265/265\n|move|p2a: Kingambit|Iron Head|p1a: Clawitzer\n|-resisted|p1a: Clawitzer\n|-damage|p1a: Clawitzer|226/265\n|\n|upkeep\n|turn|2\n|\n|t:|1732945120\n|-end|p2a: Kingambit|fallenundefined|[silent]\n|switch|p2a: Amoonguss|Amoonguss, L82, M|321/321\n|move|p1a: Clawitzer|Aura Sphere|p2a: Amoonguss\n|-resisted|p2a: Amoonguss\n|-damage|p2a: Amoonguss|263/321\n|\n|-heal|p2a: Amoonguss|283/321|[from] item: Leftovers\n|upkeep\n|turn|3\n|\n|t:|1732945127\n|-terastallize|p2a: Amoonguss|Water\n|move|p1a: Clawitzer|U-turn|p2a: Amoonguss\n|-damage|p2a: Amoonguss|233/321\n|\n|t:|1732945131\n|switch|p1a: Minior|Minior, L79|224/224|[from] U-turn\n|-formechange|p1a: Minior|Minior-Meteor||[from] ability: Shields Down\n|move|p2a: Amoonguss|Spore|p1a: Minior\n|-immune|p1a: Minior|[from] ability: Shields Down\n|\n|-heal|p2a: Amoonguss|253/321|[from] item: Leftovers\n|upkeep\n|turn|4\n|c|\u2606cheese xuebao|\u754c\u9650\u76fe\u58f3\uff01\n|\n|t:|1732945144\n|move|p1a: Minior|Shell Smash|p1a: Minior\n|-unboost|p1a: Minior|def|1\n|-unboost|p1a: Minior|spd|1\n|-boost|p1a: Minior|atk|2\n|-boost|p1a: Minior|spa|2\n|-boost|p1a: Minior|spe|2\n|-enditem|p1a: Minior|White Herb\n|-clearnegativeboost|p1a: Minior|[silent]\n|move|p2a: Amoonguss|Spore|p1a: Minior\n|-immune|p1a: Minior|[from] ability: Shields Down\n|\n|-heal|p2a: Amoonguss|273/321|[from] item: Leftovers\n|upkeep\n|turn|5\n|c|\u2606Wuloo|\u4e0d\u597d\n|\n|t:|1732945166\n|-terastallize|p1a: Minior|Flying\n|move|p1a: Minior|Acrobatics|p2a: Amoonguss\n|-damage|p2a: Amoonguss|27/321\n|move|p2a: Amoonguss|Sludge Bomb|p1a: Minior\n|-damage|p1a: Minior|142/224\n|\n|-heal|p2a: Amoonguss|47/321|[from] item: Leftovers\n|upkeep\n|turn|6\n|c|\u2606cheese xuebao|\u534a\u8840\u4ee5\u4e0a\u514d\u75ab\u5f02\u5e38\u72b6\u6001\n|\n|t:|1732945174\n|move|p1a: Minior|Acrobatics|p2a: Amoonguss\n|-damage|p2a: Amoonguss|0 fnt\n|faint|p2a: Amoonguss\n|\n|upkeep\n|\n|t:|1732945187\n|switch|p2a: Meowscarada|Meowscarada, L78, F|247/247\n|turn|7\n|\n|t:|1732945215\n|move|p1a: Minior|Acrobatics|p2a: Meowscarada\n|-supereffective|p2a: Meowscarada\n|-damage|p2a: Meowscarada|0 fnt\n|faint|p2a: Meowscarada\n|\n|upkeep\n|c|\u2606Wuloo|\uff1f\n|\n|t:|1732945226\n|switch|p2a: Feraligatr|Feraligatr, L79, F|264/264\n|turn|8\n|\n|t:|1732945233\n|move|p1a: Minior|Acrobatics|p2a: Feraligatr\n|-damage|p2a: Feraligatr|78/264\n|move|p2a: Feraligatr|Ice Punch|p1a: Minior\n|-supereffective|p1a: Minior\n|-damage|p1a: Minior|0 fnt\n|faint|p1a: Minior\n|\n|upkeep\n|c|\u2606Wuloo|\uff1f\n|\n|t:|1732945244\n|switch|p1a: Clawitzer|Clawitzer, L87, F|226/265\n|turn|9\n|c|\u2606Wuloo|\u9006\u5929\n|\n|t:|1732945252\n|move|p2a: Feraligatr|Crunch|p1a: Clawitzer\n|-crit|p1a: Clawitzer\n|-damage|p1a: Clawitzer|97/265\n|move|p1a: Clawitzer|Dragon Pulse|p2a: Feraligatr\n|-damage|p2a: Feraligatr|0 fnt\n|faint|p2a: Feraligatr\n|\n|upkeep\n|\n|t:|1732945260\n|switch|p2a: Kingambit|Kingambit, L74, M|270/270\n|-activate|p2a: Kingambit|ability: Supreme Overlord\n|-start|p2a: Kingambit|fallen3|[silent]\n|turn|10\n|\n|t:|1732945266\n|move|p1a: Clawitzer|Aura Sphere|p2a: Kingambit\n|-supereffective|p2a: Kingambit\n|-damage|p2a: Kingambit|0 fnt\n|faint|p2a: Kingambit\n|-end|p2a: Kingambit|fallen3|[silent]\n|\n|upkeep\n|\n|t:|1732945269\n|switch|p2a: Persian|Persian, L92, F|269/269\n|turn|11\n|\n|t:|1732945276\n|move|p2a: Persian|Fake Out|p1a: Clawitzer\n|-damage|p1a: Clawitzer|25/265\n|cant|p1a: Clawitzer|flinch\n|\n|upkeep\n|turn|12\n|\n|t:|1732945286\n|move|p2a: Persian|Fake Out||[still]\n|-hint|Fake Out only works on your first turn out.\n|-fail|p2a: Persian\n|move|p1a: Clawitzer|Aura Sphere|p2a: Persian\n|-supereffective|p2a: Persian\n|-damage|p2a: Persian|35/269\n|\n|upkeep\n|turn|13\n|c|\u2606cheese xuebao|\u673a\u957f\uff0c\u4e03\u5915\u53ea\u80fd\u5728\u4f60\u51fa\u573a\u7684\u7b2c\u4e00\u56de\u5408\u65f6\u949f\n|c|\u2606cheese xuebao|\u518d\u6b21\u4f7f\u7528\uff0c\u9700\u8981\u5148\u9000\u573a\u518d\u4e0a\u573a\n|\n|t:|1732945314\n|move|p2a: Persian|Knock Off|p1a: Clawitzer\n|-damage|p1a: Clawitzer|0 fnt\n|-enditem|p1a: Clawitzer|Assault Vest|[from] move: Knock Off|[of] p2a: Persian\n|faint|p1a: Clawitzer\n|\n|upkeep\n|\n|t:|1732945319\n|switch|p1a: Iron Thorns|Iron Thorns, L83|302/302\n|-enditem|p1a: Iron Thorns|Booster Energy\n|-activate|p1a: Iron Thorns|ability: Quark Drive|[fromitem]\n|-start|p1a: Iron Thorns|quarkdriveatk\n|turn|14\n|\n|t:|1732945340\n|move|p2a: Persian|Double-Edge|p1a: Iron Thorns\n|-resisted|p1a: Iron Thorns\n|-damage|p1a: Iron Thorns|236/302\n|-damage|p2a: Persian|13/269|[from] Recoil\n|move|p1a: Iron Thorns|Dragon Dance|p1a: Iron Thorns\n|-boost|p1a: Iron Thorns|atk|1\n|-boost|p1a: Iron Thorns|spe|1\n|\n|upkeep\n|turn|15\n|\n|t:|1732945347\n|move|p2a: Persian|Knock Off|p1a: Iron Thorns\n|-damage|p1a: Iron Thorns|202/302\n|move|p1a: Iron Thorns|Ice Punch|p2a: Persian\n|-damage|p2a: Persian|0 fnt\n|faint|p2a: Persian\n|\n|upkeep\n|\n|t:|1732945362\n|switch|p2a: Flareon|Flareon, L90, M|263/263\n|turn|16\n|\n|t:|1732945401\n|move|p1a: Iron Thorns|Stone Edge|p2a: Flareon|[miss]\n|-miss|p1a: Iron Thorns|p2a: Flareon\n|move|p2a: Flareon|Trailblaze|p1a: Iron Thorns\n|-supereffective|p1a: Iron Thorns\n|-damage|p1a: Iron Thorns|106/302\n|-boost|p2a: Flareon|spe|1\n|\n|-status|p2a: Flareon|tox|[from] item: Toxic Orb\n|upkeep\n|turn|17\n|c|\u2606Wuloo|\u5e7d\u9ed8\u5c16\u77f3\n|\n|t:|1732945429\n|move|p2a: Flareon|Facade|p1a: Iron Thorns\n|-resisted|p1a: Iron Thorns\n|-damage|p1a: Iron Thorns|19/302\n|move|p1a: Iron Thorns|Stone Edge|p2a: Flareon\n|-supereffective|p2a: Flareon\n|-damage|p2a: Flareon|0 fnt\n|faint|p2a: Flareon\n|\n|win|cheese xuebao\n|c|\u2606cheese xuebao|\u4f60\u63a5\u7740\u8d77\u8349\u554a\n", "inputlog": ">version b107d77f5c90bd6555267ae244a6264823309ead\n>start {\"formatid\":\"gen9randombattle\",\"seed\":[52216,7712,44625,25585]}\n>player p1 {\"name\":\"cheese xuebao\",\"avatar\":\"miku-ground\",\"rating\":0,\"seed\":[21888,40672,62766,48175]}\n>player p2 {\"name\":\"Wuloo\",\"avatar\":\"collector\",\"rating\":0,\"seed\":[14984,62497,7691,29833]}\n>p1 switch 6\n>p2 move ironhead\n>p1 move aurasphere\n>p2 switch 4\n>p1 move uturn\n>p2 move spore terastallize\n>p1 switch 6\n>chat \u2606cheese xuebao|\u754c\u9650\u76fe\u58f3\uff01\n>p1 move shellsmash\n>p2 move spore\n>chat \u2606Wuloo|\u4e0d\u597d\n>p1 move acrobatics terastallize\n>p2 move sludgebomb\n>chat \u2606cheese xuebao|\u534a\u8840\u4ee5\u4e0a\u514d\u75ab\u5f02\u5e38\u72b6\u6001\n>p1 move acrobatics\n>p2 move gigadrain\n>p2 switch 3\n>p1 move acrobatics\n>p2 move tripleaxel\n>chat \u2606Wuloo|\uff1f\n>p2 switch 5\n>p1 move acrobatics\n>p2 move icepunch\n>chat \u2606Wuloo|\uff1f\n>p1 switch 6\n>chat \u2606Wuloo|\u9006\u5929\n>p1 move dragonpulse\n>p2 move crunch\n>p2 switch 4\n>p1 move aurasphere\n>p2 move kowtowcleave\n>p2 switch 6\n>p1 move aurasphere\n>p2 move fakeout\n>p1 move aurasphere\n>p2 move fakeout\n>chat \u2606cheese xuebao|\u673a\u957f\uff0c\u4e03\u5915\u53ea\u80fd\u5728\u4f60\u51fa\u573a\u7684\u7b2c\u4e00\u56de\u5408\u65f6\u949f\n>chat \u2606cheese xuebao|\u518d\u6b21\u4f7f\u7528\uff0c\u9700\u8981\u5148\u9000\u573a\u518d\u4e0a\u573a\n>p1 move aurasphere\n>p2 move knockoff\n>p1 switch 2\n>p1 move dragondance\n>p2 move doubleedge\n>p1 move icepunch\n>p2 move knockoff\n>p2 switch 2\n>p1 move stoneedge\n>p2 move trailblaze\n>chat \u2606Wuloo|\u5e7d\u9ed8\u5c16\u77f3\n>p1 move stoneedge\n>p2 move facade", "uploadtime": 1732945437, "views": 2, "formatid": "gen9randombattle", "rating": null, "private": 0, "password": null}