{"id": "gen9randombattle-2253828335", "format": "[Gen 9] Random Battle", "players": ["Demo152", "Iththhvrb"], "log": "|j|\u2606Demo152\n|j|\u2606Iththhvrb\n|t:|1732944662\n|gametype|singles\n|player|p1|Demo152|kieran-festival|1059\n|player|p2|Iththhvrb|265|1000\n|teamsize|p1|6\n|teamsize|p2|6\n|gen|9\n|tier|[Gen 9] Random Battle\n|rated|\n|rule|Species Clause: Limit one of each Pok\u00e9mon\n|rule|HP Percentage Mod: HP is shown in percentages\n|rule|Sleep Clause Mod: Limit one foe put to sleep\n|rule|Illusion Level Mod: Illusion disguises the Pok\u00e9mon's true level\n|\n|t:|1732944662\n|start\n|switch|p1a: Dragonite|Dragonite, L74, F|257/257\n|switch|p2a: Galvantula|Galvantula, L82, M|249/249\n|turn|1\n|inactive|Battle timer is ON: inactive players will automatically lose when time's up. (requested by Demo152)\n|inactive|Demo152 has 120 seconds left.\n|inactive|Demo152 has 90 seconds left.\n|\n|t:|1732944733\n|move|p2a: Galvantula|Thunder|p1a: Dragonite\n|-damage|p1a: Dragonite|198/257\n|-status|p1a: Dragonite|par\n|move|p1a: Dragonite|Dragon Dance|p1a: Dragonite\n|-boost|p1a: Dragonite|atk|1\n|-boost|p1a: Dragonite|spe|1\n|\n|upkeep\n|turn|2\n|\n|t:|1732944743\n|move|p2a: Galvantula|Sticky Web|p1a: Dragonite\n|-sidestart|p1: Demo152|move: Sticky Web\n|move|p1a: Dragonite|Dragon Dance|p1a: Dragonite\n|-boost|p1a: Dragonite|atk|1\n|-boost|p1a: Dragonite|spe|1\n|\n|upkeep\n|turn|3\n|\n|t:|1732944750\n|move|p2a: Galvantula|Volt Switch|p1a: Dragonite\n|-damage|p1a: Dragonite|126/257 par\n|\n|t:|1732944753\n|switch|p2a: Jolteon|Jolteon, L84, F|246/246|[from] Volt Switch\n|cant|p1a: Dragonite|par\n|\n|upkeep\n|turn|4\n|\n|t:|1732944766\n|move|p2a: Jolteon|Substitute|p2a: Jolteon\n|-start|p2a: Jolteon|Substitute\n|-damage|p2a: Jolteon|185/246\n|move|p1a: Dragonite|Roost|p1a: Dragonite\n|-heal|p1a: Dragonite|255/257 par\n|-singleturn|p1a: Dragonite|move: Roost\n|\n|-heal|p2a: Jolteon|200/246|[from] item: Leftovers\n|upkeep\n|turn|5\n|\n|t:|1732944776\n|move|p2a: Jolteon|Calm Mind|p2a: Jolteon\n|-boost|p2a: Jolteon|spa|1\n|-boost|p2a: Jolteon|spd|1\n|move|p1a: Dragonite|Dragon Dance|p1a: Dragonite\n|-boost|p1a: Dragonite|atk|1\n|-boost|p1a: Dragonite|spe|1\n|\n|-heal|p2a: Jolteon|215/246|[from] item: Leftovers\n|upkeep\n|turn|6\n|\n|t:|1732944786\n|-terastallize|p2a: Jolteon|Ice\n|move|p2a: Jolteon|Tera Blast|p1a: Dragonite|[anim] Tera Blast Ice\n|-supereffective|p1a: Dragonite\n|-damage|p1a: Dragonite|0 fnt\n|faint|p1a: Dragonite\n|\n|-heal|p2a: Jolteon|230/246|[from] item: Leftovers\n|upkeep\n|inactive|Demo152 has 120 seconds left.\n|\n|t:|1732944815\n|switch|p1a: Cinderace|Cinderace, L77, F|249/249\n|-activate|p1a: Cinderace|move: Sticky Web\n|-unboost|p1a: Cinderace|spe|1\n|turn|7\n|\n|t:|1732944820\n|move|p2a: Jolteon|Thunderbolt|p1a: Cinderace\n|-damage|p1a: Cinderace|45/249\n|move|p1a: Cinderace|U-turn|p2a: Jolteon\n|-start|p1a: Cinderace|typechange|Bug|[from] ability: Libero\n|-end|p2a: Jolteon|Substitute\n|inactive|Demo152 has 120 seconds left.\n|\n|t:|1732944832\n|switch|p1a: Espathra|Espathra, L80, F|283/283|[from] U-turn\n|-activate|p1a: Espathra|move: Sticky Web\n|-unboost|p1a: Espathra|spe|1\n|\n|-heal|p2a: Jolteon|245/246|[from] item: Leftovers\n|upkeep\n|turn|8\n|\n|t:|1732944841\n|move|p2a: Jolteon|Thunderbolt|p1a: Espathra\n|-damage|p1a: Espathra|78/283\n|move|p1a: Espathra|Calm Mind|p1a: Espathra\n|-boost|p1a: Espathra|spa|1\n|-boost|p1a: Espathra|spd|1\n|\n|-heal|p2a: Jolteon|246/246|[from] item: Leftovers\n|-heal|p1a: Espathra|95/283|[from] item: Leftovers\n|-ability|p1a: Espathra|Speed Boost|boost\n|-boost|p1a: Espathra|spe|1\n|upkeep\n|turn|9\n|\n|t:|1732944853\n|move|p2a: Jolteon|Thunderbolt|p1a: Espathra\n|-damage|p1a: Espathra|0 fnt\n|faint|p1a: Espathra\n|\n|upkeep\n|\n|t:|1732944861\n|switch|p1a: Cobalion|Cobalion, L80|277/277\n|-activate|p1a: Cobalion|move: Sticky Web\n|-unboost|p1a: Cobalion|spe|1\n|turn|10\n|\n|t:|1732944869\n|move|p2a: Jolteon|Thunderbolt|p1a: Cobalion\n|-damage|p1a: Cobalion|97/277\n|move|p1a: Cobalion|Calm Mind|p1a: Cobalion\n|-boost|p1a: Cobalion|spa|1\n|-boost|p1a: Cobalion|spd|1\n|\n|-heal|p1a: Cobalion|114/277|[from] item: Leftovers\n|upkeep\n|turn|11\n|\n|t:|1732944878\n|move|p2a: Jolteon|Thunderbolt|p1a: Cobalion\n|-damage|p1a: Cobalion|0 fnt\n|faint|p1a: Cobalion\n|\n|upkeep\n|-message|Demo152 forfeited.\n|\n|win|Iththhvrb\n|raw|Demo152's rating: 1059 &rarr; <strong>1039</strong><br />(-20 for losing)\n|raw|Iththhvrb's rating: 1044 &rarr; <strong>1079</strong><br />(+35 for winning)\n|l|\u2606Demo152\n|player|p1|\n", "inputlog": ">version b107d77f5c90bd6555267ae244a6264823309ead\n>start {\"formatid\":\"gen9randombattle\",\"seed\":[46130,20804,45272,48373],\"rated\":\"Rated battle\"}\n>player p1 {\"name\":\"Demo152\",\"avatar\":\"kieran-festival\",\"rating\":1059,\"seed\":[21364,12975,44740,16382]}\n>player p2 {\"name\":\"Iththhvrb\",\"avatar\":\"265\",\"rating\":1000,\"seed\":[6840,35382,17010,61988]}\n>p1 move dragondance\n>p2 move thunder\n>p1 move dragondance\n>p2 move stickyweb\n>p1 move dragondance\n>p2 move voltswitch\n>p2 switch 2\n>p1 move roost\n>p2 move substitute\n>p1 move dragondance\n>p2 move calmmind\n>p1 move earthquake\n>p2 move terablast terastallize\n>p1 switch 5\n>p1 move uturn\n>p2 move thunderbolt\n>p1 switch 3\n>p1 move calmmind\n>p2 move thunderbolt\n>p1 move roost\n>p2 move thunderbolt\n>p1 switch 6\n>p1 move calmmind\n>p2 move thunderbolt\n>p1 move flashcannon\n>p2 move thunderbolt\n>forcelose p1", "uploadtime": 1732944886, "views": 1, "formatid": "gen9randombattle", "rating": 1039, "private": 0, "password": null}