{"id": "gen9randombattle-2253979572", "format": "[Gen 9] Random Battle", "players": ["h4rr0", "Sparna_of_Yomi"], "log": "|j|\u2606h4rr0\n|j|\u2606Sparna_of_Yomi\n|t:|1732974951\n|gametype|singles\n|player|p1|h4rr0|102|1509\n|player|p2|Sparna_of_Yomi|agatha-gen1rb|1525\n|teamsize|p1|6\n|teamsize|p2|6\n|gen|9\n|tier|[Gen 9] Random Battle\n|rated|\n|rule|Species Clause: Limit one of each Pok\u00e9mon\n|rule|HP Percentage Mod: HP is shown in percentages\n|rule|Sleep Clause Mod: Limit one foe put to sleep\n|rule|Illusion Level Mod: Illusion disguises the Pok\u00e9mon's true level\n|\n|t:|1732974951\n|start\n|switch|p1a: Ribombee|Ribombee, L82, F|233/233\n|switch|p2a: Gothitelle|Gothitelle, L90, M|272/272\n|turn|1\n|\n|t:|1732974959\n|move|p2a: Gothitelle|Trick|p1a: Ribombee\n|-activate|p2a: Gothitelle|move: Trick|[of] p1a: Ribombee\n|-item|p1a: Ribombee|Choice Scarf|[from] move: Trick\n|-item|p2a: Gothitelle|Focus Sash|[from] move: Trick\n|move|p1a: Ribombee|Sticky Web|p2a: Gothitelle\n|-sidestart|p2: Sparna_of_Yomi|move: Sticky Web\n|\n|upkeep\n|turn|2\n|\n|t:|1732974980\n|-terastallize|p1a: Ribombee|Ghost\n|move|p1a: Ribombee|Sticky Web||[still]\n|-fail|p1a: Ribombee\n|move|p2a: Gothitelle|Psychic|p1a: Ribombee\n|-damage|p1a: Ribombee|109/233\n|\n|upkeep\n|turn|3\n|\n|t:|1732974990\n|switch|p1a: Wo-Chien|Wo-Chien, L83|277/277\n|-ability|p1a: Wo-Chien|Tablets of Ruin\n|move|p2a: Gothitelle|Psychic|p1a: Wo-Chien\n|-immune|p1a: Wo-Chien\n|\n|upkeep\n|turn|4\n|\n|t:|1732975002\n|switch|p2a: Mandibuzz|Mandibuzz, L85, F|326/326\n|move|p1a: Wo-Chien|Leech Seed|p2a: Mandibuzz|[miss]\n|-miss|p1a: Wo-Chien|p2a: Mandibuzz\n|\n|upkeep\n|turn|5\n|\n|t:|1732975031\n|switch|p1a: Toedscruel|Toedscruel, L87, F|281/281\n|move|p2a: Mandibuzz|Toxic|p1a: Toedscruel\n|-status|p1a: Toedscruel|tox\n|\n|-damage|p1a: Toedscruel|264/281 tox|[from] psn\n|upkeep\n|turn|6\n|\n|t:|1732975049\n|switch|p2a: Gothitelle|Gothitelle, L90, M|272/272\n|-activate|p2a: Gothitelle|move: Sticky Web\n|-unboost|p2a: Gothitelle|spe|1\n|move|p1a: Toedscruel|Toxic|p2a: Gothitelle\n|-status|p2a: Gothitelle|tox\n|\n|-heal|p1a: Toedscruel|281/281 tox|[from] item: Leftovers\n|-damage|p1a: Toedscruel|247/281 tox|[from] psn\n|-damage|p2a: Gothitelle|255/272 tox|[from] psn\n|upkeep\n|turn|7\n|\n|t:|1732975054\n|move|p1a: Toedscruel|Knock Off|p2a: Gothitelle\n|-supereffective|p2a: Gothitelle\n|-crit|p2a: Gothitelle\n|-damage|p2a: Gothitelle|107/272 tox\n|-enditem|p2a: Gothitelle|Focus Sash|[from] move: Knock Off|[of] p1a: Toedscruel\n|move|p2a: Gothitelle|Focus Blast|p1a: Toedscruel\n|-damage|p1a: Toedscruel|174/281 tox\n|\n|-heal|p1a: Toedscruel|191/281 tox|[from] item: Leftovers\n|-damage|p1a: Toedscruel|140/281 tox|[from] psn\n|-damage|p2a: Gothitelle|73/272 tox|[from] psn\n|upkeep\n|turn|8\n|\n|t:|1732975062\n|move|p1a: Toedscruel|Knock Off|p2a: Gothitelle\n|-supereffective|p2a: Gothitelle\n|-damage|p2a: Gothitelle|0 fnt\n|faint|p2a: Gothitelle\n|\n|-heal|p1a: Toedscruel|157/281 tox|[from] item: Leftovers\n|-damage|p1a: Toedscruel|89/281 tox|[from] psn\n|upkeep\n|\n|t:|1732975077\n|switch|p2a: Mandibuzz|Mandibuzz, L85, F|326/326\n|turn|9\n|\n|t:|1732975080\n|move|p2a: Mandibuzz|Defog|p1a: Toedscruel\n|-unboost|p1a: Toedscruel|evasion|1\n|-sideend|p2: Sparna_of_Yomi|Sticky Web|[from] move: Defog|[of] p2a: Mandibuzz\n|move|p1a: Toedscruel|Toxic|p2a: Mandibuzz\n|-status|p2a: Mandibuzz|tox\n|\n|-heal|p1a: Toedscruel|106/281 tox|[from] item: Leftovers\n|-damage|p1a: Toedscruel|21/281 tox|[from] psn\n|-damage|p2a: Mandibuzz|306/326 tox|[from] psn\n|upkeep\n|turn|10\n|\n|t:|1732975087\n|move|p1a: Toedscruel|Knock Off|p2a: Mandibuzz\n|-resisted|p2a: Mandibuzz\n|-damage|p2a: Mandibuzz|283/326 tox\n|-enditem|p2a: Mandibuzz|Heavy-Duty Boots|[from] move: Knock Off|[of] p1a: Toedscruel\n|move|p2a: Mandibuzz|Defog|p1a: Toedscruel\n|-unboost|p1a: Toedscruel|evasion|1\n|\n|-heal|p1a: Toedscruel|38/281 tox|[from] item: Leftovers\n|-damage|p1a: Toedscruel|0 fnt|[from] psn\n|faint|p1a: Toedscruel\n|-damage|p2a: Mandibuzz|243/326 tox|[from] psn\n|upkeep\n|\n|t:|1732975120\n|switch|p1a: Cramorant|Cramorant, L86, F|261/261\n|turn|11\n|\n|t:|1732975124\n|move|p1a: Cramorant|Surf|p2a: Mandibuzz\n|-formechange|p1a: Cramorant|Cramorant-Gulping|\n|-damage|p2a: Mandibuzz|164/326 tox\n|move|p2a: Mandibuzz|Toxic|p1a: Cramorant\n|-status|p1a: Cramorant|tox\n|\n|-damage|p1a: Cramorant|245/261 tox|[from] psn\n|-damage|p2a: Mandibuzz|104/326 tox|[from] psn\n|upkeep\n|turn|12\n|\n|t:|1732975132\n|move|p1a: Cramorant|Surf|p2a: Mandibuzz\n|-damage|p2a: Mandibuzz|17/326 tox\n|move|p2a: Mandibuzz|Foul Play|p1a: Cramorant\n|-damage|p1a: Cramorant|122/261 tox\n|-damage|p2a: Mandibuzz|0 fnt|[from] ability: Gulp Missile|[of] p1a: Cramorant\n|-formechange|p1a: Cramorant|Cramorant|\n|faint|p2a: Mandibuzz\n|\n|-damage|p1a: Cramorant|90/261 tox|[from] psn\n|upkeep\n|\n|t:|1732975142\n|switch|p2a: Ambipom|Ambipom, L84, F|263/263\n|turn|13\n|\n|t:|1732975146\n|move|p2a: Ambipom|Knock Off|p1a: Cramorant\n|-damage|p1a: Cramorant|0 fnt\n|-enditem|p1a: Cramorant|Heavy-Duty Boots|[from] move: Knock Off|[of] p2a: Ambipom\n|faint|p1a: Cramorant\n|\n|upkeep\n|\n|t:|1732975161\n|switch|p1a: Wo-Chien|Wo-Chien, L83|277/277\n|-ability|p1a: Wo-Chien|Tablets of Ruin\n|turn|14\n|\n|t:|1732975170\n|move|p2a: Ambipom|Knock Off|p1a: Wo-Chien\n|-resisted|p1a: Wo-Chien\n|-damage|p1a: Wo-Chien|241/277\n|-enditem|p1a: Wo-Chien|Leftovers|[from] move: Knock Off|[of] p2a: Ambipom\n|move|p1a: Wo-Chien|Leech Seed|p2a: Ambipom\n|-start|p2a: Ambipom|move: Leech Seed\n|\n|-damage|p2a: Ambipom|231/263|[from] Leech Seed|[of] p1a: Wo-Chien\n|-heal|p1a: Wo-Chien|273/277|[silent]\n|upkeep\n|turn|15\n|\n|t:|1732975177\n|switch|p2a: Gurdurr|Gurdurr, L85, F|283/283\n|move|p1a: Wo-Chien|Giga Drain|p2a: Gurdurr\n|-damage|p2a: Gurdurr|210/283\n|-heal|p1a: Wo-Chien|277/277|[from] drain|[of] p2a: Gurdurr\n|\n|upkeep\n|turn|16\n|\n|t:|1732975185\n|move|p1a: Wo-Chien|Knock Off|p2a: Gurdurr\n|-resisted|p2a: Gurdurr\n|-damage|p2a: Gurdurr|178/283\n|-enditem|p2a: Gurdurr|Eviolite|[from] move: Knock Off|[of] p1a: Wo-Chien\n|move|p2a: Gurdurr|Knock Off|p1a: Wo-Chien\n|-resisted|p1a: Wo-Chien\n|-damage|p1a: Wo-Chien|259/277\n|\n|upkeep\n|turn|17\n|\n|t:|1732975196\n|move|p1a: Wo-Chien|Leech Seed|p2a: Gurdurr\n|-start|p2a: Gurdurr|move: Leech Seed\n|move|p2a: Gurdurr|Knock Off|p1a: Wo-Chien\n|-resisted|p1a: Wo-Chien\n|-damage|p1a: Wo-Chien|242/277\n|\n|-damage|p2a: Gurdurr|143/283|[from] Leech Seed|[of] p1a: Wo-Chien\n|-heal|p1a: Wo-Chien|277/277|[silent]\n|upkeep\n|turn|18\n|\n|t:|1732975204\n|move|p1a: Wo-Chien|Giga Drain|p2a: Gurdurr\n|-damage|p2a: Gurdurr|20/283\n|move|p2a: Gurdurr|Drain Punch|p1a: Wo-Chien\n|-supereffective|p1a: Wo-Chien\n|-damage|p1a: Wo-Chien|157/277\n|-heal|p2a: Gurdurr|80/283|[from] drain|[of] p1a: Wo-Chien\n|\n|-damage|p2a: Gurdurr|45/283|[from] Leech Seed|[of] p1a: Wo-Chien\n|-heal|p1a: Wo-Chien|192/277|[silent]\n|upkeep\n|turn|19\n|\n|t:|1732975207\n|move|p2a: Gurdurr|Mach Punch|p1a: Wo-Chien\n|-supereffective|p1a: Wo-Chien\n|-damage|p1a: Wo-Chien|120/277\n|move|p1a: Wo-Chien|Giga Drain|p2a: Gurdurr\n|-damage|p2a: Gurdurr|0 fnt\n|-heal|p1a: Wo-Chien|143/277|[from] drain|[of] p2a: Gurdurr\n|faint|p2a: Gurdurr\n|\n|upkeep\n|\n|t:|1732975210\n|switch|p2a: Ambipom|Ambipom, L84, F|231/263\n|turn|20\n|\n|t:|1732975215\n|move|p2a: Ambipom|U-turn|p1a: Wo-Chien\n|-supereffective|p1a: Wo-Chien\n|-damage|p1a: Wo-Chien|0 fnt\n|faint|p1a: Wo-Chien\n|\n|t:|1732975220\n|switch|p2a: Excadrill|Excadrill, L80, M|307/307|[from] U-turn\n|-ability|p2a: Excadrill|Mold Breaker\n|\n|upkeep\n|\n|t:|1732975224\n|switch|p1a: Iron Boulder|Iron Boulder, L77|265/265\n|-enditem|p1a: Iron Boulder|Booster Energy\n|-activate|p1a: Iron Boulder|ability: Quark Drive|[fromitem]\n|-start|p1a: Iron Boulder|quarkdrivespe\n|turn|21\n|\n|t:|1732975233\n|-terastallize|p2a: Excadrill|Grass\n|move|p1a: Iron Boulder|Swords Dance|p1a: Iron Boulder\n|-boost|p1a: Iron Boulder|atk|2\n|move|p2a: Excadrill|Earthquake|p1a: Iron Boulder\n|-supereffective|p1a: Iron Boulder\n|-damage|p1a: Iron Boulder|0 fnt\n|faint|p1a: Iron Boulder\n|-end|p1a: Iron Boulder|Quark Drive|[silent]\n|\n|upkeep\n|\n|t:|1732975236\n|switch|p1a: Dodrio|Dodrio, L86, F|243/243\n|turn|22\n|\n|t:|1732975243\n|switch|p2a: Dragonite|Dragonite, L74, M|257/257\n|move|p1a: Dodrio|Swords Dance|p1a: Dodrio\n|-boost|p1a: Dodrio|atk|2\n|\n|upkeep\n|turn|23\n|\n|t:|1732975251\n|move|p1a: Dodrio|Brave Bird|p2a: Dragonite\n|-damage|p2a: Dragonite|101/257\n|-damage|p1a: Dodrio|192/243|[from] Recoil\n|move|p2a: Dragonite|Outrage|p1a: Dodrio\n|-damage|p1a: Dodrio|54/243\n|\n|upkeep\n|turn|24\n|\n|t:|1732975253\n|move|p1a: Dodrio|Brave Bird|p2a: Dragonite\n|-damage|p2a: Dragonite|0 fnt\n|faint|p2a: Dragonite\n|-damage|p1a: Dodrio|21/243|[from] Recoil\n|\n|upkeep\n|\n|t:|1732975263\n|switch|p2a: Excadrill|Excadrill, L80, M, tera:Grass|307/307\n|-ability|p2a: Excadrill|Mold Breaker\n|turn|25\n|\n|t:|1732975267\n|switch|p2a: Ambipom|Ambipom, L84, F|231/263\n|move|p1a: Dodrio|Brave Bird|p2a: Ambipom\n|-damage|p2a: Ambipom|0 fnt\n|faint|p2a: Ambipom\n|-damage|p1a: Dodrio|0 fnt|[from] Recoil\n|faint|p1a: Dodrio\n|\n|upkeep\n|\n|t:|1732975269\n|switch|p2a: Excadrill|Excadrill, L80, M, tera:Grass|307/307\n|switch|p1a: Ribombee|Ribombee, L82, F, tera:Ghost|109/233\n|-ability|p2a: Excadrill|Mold Breaker\n|turn|26\n|\n|t:|1732975275\n|move|p1a: Ribombee|Bug Buzz|p2a: Excadrill\n|-supereffective|p2a: Excadrill\n|-damage|p2a: Excadrill|151/307\n|move|p2a: Excadrill|Earthquake|p1a: Ribombee\n|-damage|p1a: Ribombee|0 fnt\n|faint|p1a: Ribombee\n|\n|win|Sparna_of_Yomi\n|raw|h4rr0's rating: 1509 &rarr; <strong>1490</strong><br />(-19 for losing)\n|raw|Sparna_of_Yomi's rating: 1525 &rarr; <strong>1544</strong><br />(+19 for winning)\n|l|\u2606h4rr0\n|player|p1|\n", "inputlog": ">version b107d77f5c90bd6555267ae244a6264823309ead\n>start {\"formatid\":\"gen9randombattle\",\"seed\":[64948,55616,5665,47426],\"rated\":\"Rated battle\"}\n>player p1 {\"name\":\"h4rr0\",\"avatar\":\"102\",\"rating\":1509,\"seed\":[19966,50180,47924,19002]}\n>player p2 {\"name\":\"Sparna_of_Yomi\",\"avatar\":\"agatha-gen1rb\",\"rating\":1525,\"seed\":[7482,56361,35998,62132]}\n>p1 move stickyweb\n>p2 move trick\n>p1 move stickyweb terastallize\n>p2 move psychic\n>p1 switch 2\n>p2 move psychic\n>p1 move leechseed\n>p2 switch 2\n>p1 switch 5\n>p2 move toxic\n>p1 move toxic\n>p2 switch 2\n>p1 move knockoff\n>p2 move focusblast\n>p1 move knockoff\n>p2 move focusblast\n>p2 switch 2\n>p1 move toxic\n>p2 move defog\n>p1 move knockoff\n>p2 move defog\n>p1 switch 3\n>p1 move surf\n>p2 move toxic\n>p1 move surf\n>p2 move foulplay\n>p2 switch 5\n>p1 move bravebird\n>p2 move knockoff\n>p1 switch 5\n>p1 move leechseed\n>p2 move knockoff\n>p1 move gigadrain\n>p2 switch 3\n>p1 move knockoff\n>p2 move knockoff\n>p1 move leechseed\n>p2 move knockoff\n>p1 move gigadrain\n>p2 move drainpunch\n>p1 move gigadrain\n>p2 move machpunch\n>p2 switch 3\n>p1 move leechseed\n>p2 move uturn\n>p2 switch 6\n>p1 switch 6\n>p1 move swordsdance\n>p2 move earthquake terastallize\n>p1 switch 4\n>p1 move swordsdance\n>p2 switch 4\n>p1 move bravebird\n>p2 move outrage\n>p1 move bravebird\n>p2 move outrage\n>p2 switch 4\n>p1 move bravebird\n>p2 switch 6\n>p1 switch 2\n>p2 switch 6\n>p1 move bugbuzz\n>p2 move earthquake", "uploadtime": 1732975278, "views": 1, "formatid": "gen9randombattle", "rating": 1490, "private": 0, "password": null}