{"id": "gen9randombattle-2253977660", "format": "[Gen 9] Random Battle", "players": ["KTHAN0S", "OcMaster"], "log": "|j|\u2606KTHAN0S\n|j|\u2606OcMaster\n|t:|1732974644\n|gametype|singles\n|player|p1|KTHAN0S|hooligans|1943\n|player|p2|OcMaster|101|1918\n|teamsize|p1|6\n|teamsize|p2|6\n|gen|9\n|tier|[Gen 9] Random Battle\n|rated|\n|rule|Species Clause: Limit one of each Pok\u00e9mon\n|rule|HP Percentage Mod: HP is shown in percentages\n|rule|Sleep Clause Mod: Limit one foe put to sleep\n|rule|Illusion Level Mod: Illusion disguises the Pok\u00e9mon's true level\n|\n|t:|1732974644\n|start\n|switch|p1a: Hawlucha|Hawlucha, L80, M|256/256\n|switch|p2a: Hypno|Hypno, L95, M|315/315\n|turn|1\n|inactive|Battle timer is ON: inactive players will automatically lose when time's up. (requested by KTHAN0S)\n|\n|t:|1732974658\n|switch|p1a: Revavroom|Revavroom, L79, F|256/256\n|move|p2a: Hypno|Psychic Noise|p1a: Revavroom\n|-damage|p1a: Revavroom|153/256\n|-start|p1a: Revavroom|move: Heal Block\n|\n|upkeep\n|turn|2\n|\n|t:|1732974670\n|move|p1a: Revavroom|Shift Gear|p1a: Revavroom\n|-boost|p1a: Revavroom|spe|2\n|-boost|p1a: Revavroom|atk|1\n|move|p2a: Hypno|Thunder Wave|p1a: Revavroom\n|-status|p1a: Revavroom|par\n|\n|-end|p1a: Revavroom|move: Heal Block\n|upkeep\n|turn|3\n|\n|t:|1732974679\n|move|p1a: Revavroom|Shift Gear|p1a: Revavroom\n|-boost|p1a: Revavroom|spe|2\n|-boost|p1a: Revavroom|atk|1\n|move|p2a: Hypno|Encore|p1a: Revavroom\n|-start|p1a: Revavroom|Encore\n|\n|upkeep\n|turn|4\n|\n|t:|1732974686\n|switch|p1a: Hawlucha|Hawlucha, L80, M|256/256\n|move|p2a: Hypno|Psychic Noise|p1a: Hawlucha\n|-supereffective|p1a: Hawlucha\n|-damage|p1a: Hawlucha|52/256\n|-start|p1a: Hawlucha|move: Heal Block\n|\n|upkeep\n|turn|5\n|\n|t:|1732974695\n|move|p1a: Hawlucha|Brave Bird|p2a: Hypno\n|-damage|p2a: Hypno|188/315\n|-damage|p1a: Hawlucha|10/256|[from] Recoil\n|move|p2a: Hypno|Psychic Noise|p1a: Hawlucha\n|-supereffective|p1a: Hawlucha\n|-damage|p1a: Hawlucha|0 fnt\n|faint|p1a: Hawlucha\n|\n|-heal|p2a: Hypno|207/315|[from] item: Leftovers\n|upkeep\n|\n|t:|1732974701\n|switch|p1a: Leafeon|Leafeon, L88, M|258/258\n|turn|6\n|\n|t:|1732974712\n|move|p1a: Leafeon|Substitute|p1a: Leafeon\n|-start|p1a: Leafeon|Substitute\n|-damage|p1a: Leafeon|194/258\n|move|p2a: Hypno|Psychic Noise|p1a: Leafeon\n|-damage|p1a: Leafeon|91/258\n|-start|p1a: Leafeon|move: Heal Block\n|\n|-heal|p2a: Hypno|226/315|[from] item: Leftovers\n|upkeep\n|turn|7\n|\n|t:|1732974721\n|-terastallize|p1a: Leafeon|Dark\n|move|p1a: Leafeon|Swords Dance|p1a: Leafeon\n|-boost|p1a: Leafeon|atk|2\n|move|p2a: Hypno|Psychic Noise|p1a: Leafeon\n|-immune|p1a: Leafeon\n|\n|-heal|p2a: Hypno|245/315|[from] item: Leftovers\n|-end|p1a: Leafeon|move: Heal Block\n|upkeep\n|turn|8\n|\n|t:|1732974733\n|move|p1a: Leafeon|Swords Dance|p1a: Leafeon\n|-boost|p1a: Leafeon|atk|2\n|move|p2a: Hypno|Encore|p1a: Leafeon\n|-start|p1a: Leafeon|Encore\n|\n|-heal|p1a: Leafeon|107/258|[from] item: Leftovers\n|-heal|p2a: Hypno|264/315|[from] item: Leftovers\n|upkeep\n|turn|9\n|\n|t:|1732974747\n|switch|p2a: Zacian|Zacian-Crowned, L64|219/219\n|move|p1a: Leafeon|Swords Dance|p1a: Leafeon\n|-boost|p1a: Leafeon|atk|2\n|\n|-heal|p1a: Leafeon|123/258|[from] item: Leftovers\n|upkeep\n|turn|10\n|\n|t:|1732974759\n|move|p2a: Zacian|Nasty Plot|p2a: Zacian\n|-boost|p2a: Zacian|spa|2\n|move|p1a: Leafeon|Swords Dance|p1a: Leafeon\n|-boost|p1a: Leafeon|atk|0\n|\n|-heal|p1a: Leafeon|139/258|[from] item: Leftovers\n|upkeep\n|turn|11\n|\n|t:|1732974773\n|move|p2a: Zacian|Nasty Plot|p2a: Zacian\n|-boost|p2a: Zacian|spa|2\n|move|p1a: Leafeon|Swords Dance|p1a: Leafeon\n|-boost|p1a: Leafeon|atk|0\n|\n|-heal|p1a: Leafeon|155/258|[from] item: Leftovers\n|-end|p1a: Leafeon|Encore\n|upkeep\n|turn|12\n|\n|t:|1732974782\n|move|p2a: Zacian|Hyper Voice|p1a: Leafeon\n|-damage|p1a: Leafeon|0 fnt\n|faint|p1a: Leafeon\n|-damage|p2a: Zacian|198/219|[from] item: Life Orb\n|\n|upkeep\n|-message|KTHAN0S forfeited.\n|\n|win|OcMaster\n|raw|KTHAN0S's rating: 1943 &rarr; <strong>1922</strong><br />(-21 for losing)\n|raw|OcMaster's rating: 1918 &rarr; <strong>1939</strong><br />(+21 for winning)\n|l|\u2606KTHAN0S\n|player|p1|\n", "inputlog": ">version b107d77f5c90bd6555267ae244a6264823309ead\n>start {\"formatid\":\"gen9randombattle\",\"seed\":[12591,47553,37842,10263],\"rated\":\"Rated battle\"}\n>player p1 {\"name\":\"KTHAN0S\",\"avatar\":\"hooligans\",\"rating\":1943,\"seed\":[3292,51198,22587,43947]}\n>player p2 {\"name\":\"OcMaster\",\"avatar\":\"101\",\"rating\":1918,\"seed\":[41023,6597,61908,32543]}\n>p1 switch 2\n>p2 move psychicnoise\n>p1 move shiftgear\n>p2 move thunderwave\n>p1 move shiftgear\n>p2 move encore\n>p1 switch 2\n>p2 move psychicnoise\n>p1 move bravebird\n>p2 move psychicnoise\n>p1 switch 4\n>p1 move substitute\n>p2 move psychicnoise\n>p1 move swordsdance terastallize\n>p2 move psychicnoise\n>p1 move swordsdance\n>p2 move encore\n>p1 move swordsdance\n>p2 switch 4\n>p1 move swordsdance\n>p2 move nastyplot\n>p1 move swordsdance\n>p2 move nastyplot\n>p1 move knockoff\n>p2 move hypervoice\n>forcelose p1", "uploadtime": 1732974796, "views": 1, "formatid": "gen9randombattle", "rating": 1922, "private": 0, "password": null}