{"id": "gen9randombattle-2254148159", "format": "[Gen 9] Random Battle", "players": ["rumiaya", "Miqky miqky"], "log": "|j|\u2606rumiaya\n|j|\u2606Miqky miqky\n|t:|1732997133\n|gametype|singles\n|player|p1|rumiaya|170|1888\n|player|p2|Miqky miqky|169|1901\n|teamsize|p1|6\n|teamsize|p2|6\n|gen|9\n|tier|[Gen 9] Random Battle\n|rated|\n|rule|Species Clause: Limit one of each Pok\u00e9mon\n|rule|HP Percentage Mod: HP is shown in percentages\n|rule|Sleep Clause Mod: Limit one foe put to sleep\n|rule|Illusion Level Mod: Illusion disguises the Pok\u00e9mon's true level\n|\n|t:|1732997133\n|start\n|switch|p1a: Orthworm|Orthworm, L88, M|266/266\n|switch|p2a: Iron Boulder|Iron Boulder, L77|265/265\n|turn|1\n|\n|t:|1732997158\n|-end|p2a: Iron Boulder|Quark Drive|[silent]\n|switch|p2a: Poliwrath|Poliwrath, L88, F|302/302\n|move|p1a: Orthworm|Shed Tail|p1a: Orthworm\n|-start|p1a: Orthworm|Substitute|[from] move: Shed Tail\n|-damage|p1a: Orthworm|133/266\n|inactive|Battle timer is ON: inactive players will automatically lose when time's up. (requested by Miqky miqky)\n|\n|t:|1732997163\n|switch|p1a: Delphox|Delphox, L84, F|263/263|[from] Shed Tail\n|\n|upkeep\n|turn|2\n|\n|t:|1732997170\n|switch|p2a: Farigiraf|Farigiraf, L91, F|366/366\n|move|p1a: Delphox|Nasty Plot|p1a: Delphox\n|-boost|p1a: Delphox|spa|2\n|\n|upkeep\n|turn|3\n|\n|t:|1732997196\n|move|p2a: Farigiraf|Protect|p2a: Farigiraf\n|-singleturn|p2a: Farigiraf|Protect\n|move|p1a: Delphox|Fire Blast|p2a: Farigiraf\n|-activate|p2a: Farigiraf|move: Protect\n|\n|upkeep\n|turn|4\n|\n|t:|1732997199\n|move|p1a: Delphox|Fire Blast|p2a: Farigiraf\n|-damage|p2a: Farigiraf|54/366\n|move|p2a: Farigiraf|Body Slam|p1a: Delphox\n|-end|p1a: Delphox|Substitute\n|\n|-heal|p2a: Farigiraf|76/366|[from] item: Leftovers\n|upkeep\n|turn|5\n|\n|t:|1732997210\n|move|p1a: Delphox|Fire Blast|p2a: Farigiraf|[miss]\n|-miss|p1a: Delphox|p2a: Farigiraf\n|move|p2a: Farigiraf|Body Slam|p1a: Delphox\n|-damage|p1a: Delphox|154/263\n|\n|-heal|p2a: Farigiraf|98/366|[from] item: Leftovers\n|upkeep\n|turn|6\n|\n|t:|1732997217\n|move|p2a: Farigiraf|Protect|p2a: Farigiraf\n|-singleturn|p2a: Farigiraf|Protect\n|move|p1a: Delphox|Fire Blast|p2a: Farigiraf\n|-activate|p2a: Farigiraf|move: Protect\n|\n|-heal|p2a: Farigiraf|120/366|[from] item: Leftovers\n|upkeep\n|turn|7\n|\n|t:|1732997220\n|move|p1a: Delphox|Fire Blast|p2a: Farigiraf\n|-damage|p2a: Farigiraf|0 fnt\n|faint|p2a: Farigiraf\n|\n|upkeep\n|\n|t:|1732997222\n|switch|p2a: Iron Boulder|Iron Boulder, L77|265/265\n|turn|8\n|\n|t:|1732997238\n|move|p2a: Iron Boulder|Mighty Cleave|p1a: Delphox\n|-supereffective|p1a: Delphox\n|-damage|p1a: Delphox|0 fnt\n|faint|p1a: Delphox\n|-damage|p2a: Iron Boulder|239/265|[from] item: Life Orb\n|\n|upkeep\n|\n|t:|1732997241\n|switch|p1a: Floatzel|Floatzel, L85, F|283/283\n|turn|9\n|\n|t:|1732997244\n|switch|p1a: Porygon2|Porygon2, L82|274/274\n|-ability|p1a: Porygon2|Download|boost\n|-boost|p1a: Porygon2|atk|1\n|-end|p2a: Iron Boulder|Quark Drive|[silent]\n|switch|p2a: Poliwrath|Poliwrath, L88, F|302/302\n|\n|upkeep\n|turn|10\n|\n|t:|1732997265\n|move|p2a: Poliwrath|Liquidation|p1a: Porygon2\n|-damage|p1a: Porygon2|208/274\n|move|p1a: Porygon2|Discharge|p2a: Poliwrath\n|-supereffective|p2a: Poliwrath\n|-damage|p2a: Poliwrath|234/302\n|\n|upkeep\n|turn|11\n|\n|t:|1732997268\n|move|p2a: Poliwrath|Knock Off|p1a: Porygon2\n|-damage|p1a: Porygon2|162/274\n|-enditem|p1a: Porygon2|Eviolite|[from] move: Knock Off|[of] p2a: Poliwrath\n|move|p1a: Porygon2|Discharge|p2a: Poliwrath\n|-supereffective|p2a: Poliwrath\n|-damage|p2a: Poliwrath|160/302\n|-status|p2a: Poliwrath|par\n|\n|upkeep\n|turn|12\n|\n|t:|1732997277\n|move|p1a: Porygon2|Tri Attack|p2a: Poliwrath\n|-crit|p2a: Poliwrath\n|-damage|p2a: Poliwrath|70/302 par\n|move|p2a: Poliwrath|Circle Throw|p1a: Porygon2\n|-supereffective|p1a: Porygon2\n|-damage|p1a: Porygon2|34/274\n|drag|p1a: Mandibuzz|Mandibuzz, L85, F|326/326\n|\n|upkeep\n|turn|13\n|\n|t:|1732997284\n|move|p1a: Mandibuzz|U-turn|p2a: Poliwrath\n|-resisted|p2a: Poliwrath\n|-damage|p2a: Poliwrath|52/302 par\n|\n|t:|1732997292\n|switch|p1a: Porygon2|Porygon2, L82|34/274|[from] U-turn\n|-ability|p1a: Porygon2|Download|boost\n|-boost|p1a: Porygon2|spa|1\n|cant|p2a: Poliwrath|par\n|\n|upkeep\n|turn|14\n|\n|t:|1732997297\n|move|p1a: Porygon2|Tri Attack|p2a: Poliwrath\n|-damage|p2a: Poliwrath|0 fnt\n|faint|p2a: Poliwrath\n|\n|upkeep\n|\n|t:|1732997314\n|switch|p2a: Iron Boulder|Iron Boulder, L77|239/265\n|turn|15\n|\n|t:|1732997319\n|move|p2a: Iron Boulder|Swords Dance|p2a: Iron Boulder\n|-boost|p2a: Iron Boulder|atk|2\n|move|p1a: Porygon2|Discharge|p2a: Iron Boulder\n|-damage|p2a: Iron Boulder|164/265\n|\n|upkeep\n|turn|16\n|\n|t:|1732997321\n|move|p2a: Iron Boulder|Mighty Cleave|p1a: Porygon2\n|-damage|p1a: Porygon2|0 fnt\n|faint|p1a: Porygon2\n|-damage|p2a: Iron Boulder|138/265|[from] item: Life Orb\n|\n|upkeep\n|\n|t:|1732997323\n|switch|p1a: Floatzel|Floatzel, L85, F|283/283\n|turn|17\n|\n|t:|1732997327\n|-end|p2a: Iron Boulder|Quark Drive|[silent]\n|switch|p2a: Dragalge|Dragalge, L88, F|258/258\n|move|p1a: Floatzel|Wave Crash|p2a: Dragalge\n|-resisted|p2a: Dragalge\n|-damage|p2a: Dragalge|192/258\n|-damage|p1a: Floatzel|261/283|[from] Recoil\n|\n|-heal|p1a: Floatzel|278/283|[from] item: Leftovers\n|upkeep\n|turn|18\n|\n|t:|1732997338\n|switch|p1a: Orthworm|Orthworm, L88, M|133/266\n|move|p2a: Dragalge|Focus Blast|p1a: Orthworm|[miss]\n|-miss|p2a: Dragalge|p1a: Orthworm\n|\n|-heal|p1a: Orthworm|149/266|[from] item: Leftovers\n|upkeep\n|turn|19\n|\n|t:|1732997345\n|move|p1a: Orthworm|Stealth Rock|p2a: Dragalge\n|-sidestart|p2: Miqky miqky|move: Stealth Rock\n|move|p2a: Dragalge|Focus Blast|p1a: Orthworm\n|-supereffective|p1a: Orthworm\n|-damage|p1a: Orthworm|0 fnt\n|faint|p1a: Orthworm\n|\n|upkeep\n|\n|t:|1732997347\n|switch|p1a: Mandibuzz|Mandibuzz, L85, F|326/326\n|turn|20\n|\n|t:|1732997349\n|switch|p2a: Iron Boulder|Iron Boulder, L77|138/265\n|-damage|p2a: Iron Boulder|105/265|[from] Stealth Rock\n|move|p1a: Mandibuzz|Foul Play|p2a: Iron Boulder\n|-supereffective|p2a: Iron Boulder\n|-damage|p2a: Iron Boulder|0 fnt\n|faint|p2a: Iron Boulder\n|-end|p2a: Iron Boulder|Quark Drive|[silent]\n|\n|upkeep\n|\n|t:|1732997351\n|switch|p2a: Enamorus|Enamorus-Therian, L83, F|259/259\n|-damage|p2a: Enamorus|195/259|[from] Stealth Rock\n|turn|21\n|\n|t:|1732997354\n|move|p1a: Mandibuzz|U-turn|p2a: Enamorus\n|-resisted|p2a: Enamorus\n|-crit|p2a: Enamorus\n|-damage|p2a: Enamorus|183/259\n|\n|t:|1732997356\n|switch|p1a: Furret|Furret, L94, M|312/312|[from] U-turn\n|-item|p2a: Enamorus|Weakness Policy|[from] ability: Frisk|[of] p1a: Furret\n|move|p2a: Enamorus|Moonblast|p1a: Furret\n|-damage|p1a: Furret|140/312\n|-unboost|p1a: Furret|spa|1\n|\n|upkeep\n|turn|22\n|\n|t:|1732997362\n|move|p1a: Furret|Double-Edge|p2a: Enamorus\n|-damage|p2a: Enamorus|35/259\n|-damage|p1a: Furret|91/312|[from] Recoil\n|-damage|p1a: Furret|60/312|[from] item: Life Orb\n|move|p2a: Enamorus|Agility|p2a: Enamorus\n|-boost|p2a: Enamorus|spe|2\n|\n|upkeep\n|turn|23\n|\n|t:|1732997371\n|move|p2a: Enamorus|Moonblast|p1a: Furret\n|-damage|p1a: Furret|0 fnt\n|faint|p1a: Furret\n|\n|upkeep\n|\n|t:|1732997373\n|switch|p1a: Floatzel|Floatzel, L85, F|278/283\n|turn|24\n|inactive|Miqky miqky has 120 seconds left.\n|l|\u2606Miqky miqky\n|inactive|Miqky miqky disconnected and has a minute to reconnect!\n|player|p2|\n|inactive|Miqky miqky has 30 seconds to reconnect!\n|inactive|Miqky miqky has 20 seconds to reconnect!\n|inactive|Miqky miqky has 15 seconds to reconnect!\n|inactive|Miqky miqky has 10 seconds to reconnect!\n|j|\u2606Miqky miqky\n|inactive|Miqky miqky reconnected and has 70 seconds left.\n|player|p2|Miqky miqky|169|\n|\n|t:|1732997462\n|move|p2a: Enamorus|Moonblast|p1a: Floatzel\n|-damage|p1a: Floatzel|100/283\n|move|p1a: Floatzel|Bulk Up|p1a: Floatzel\n|-boost|p1a: Floatzel|atk|1\n|-boost|p1a: Floatzel|def|1\n|\n|-heal|p1a: Floatzel|117/283|[from] item: Leftovers\n|upkeep\n|turn|25\n|\n|t:|1732997486\n|move|p2a: Enamorus|Moonblast|p1a: Floatzel\n|-damage|p1a: Floatzel|0 fnt\n|faint|p1a: Floatzel\n|\n|upkeep\n|\n|t:|1732997487\n|switch|p1a: Mandibuzz|Mandibuzz, L85, F|326/326\n|turn|26\n|\n|t:|1732997493\n|move|p2a: Enamorus|Moonblast|p1a: Mandibuzz\n|-supereffective|p1a: Mandibuzz\n|-damage|p1a: Mandibuzz|84/326\n|move|p1a: Mandibuzz|Foul Play|p2a: Enamorus\n|-resisted|p2a: Enamorus\n|-damage|p2a: Enamorus|0 fnt\n|faint|p2a: Enamorus\n|\n|upkeep\n|-message|rumiaya forfeited.\n|\n|win|Miqky miqky\n|raw|rumiaya's rating: 1888 &rarr; <strong>1869</strong><br />(-19 for losing)\n|raw|Miqky miqky's rating: 1901 &rarr; <strong>1920</strong><br />(+19 for winning)\n|l|\u2606rumiaya\n|player|p1|\n", "inputlog": ">version b107d77f5c90bd6555267ae244a6264823309ead\n>start {\"formatid\":\"gen9randombattle\",\"seed\":[45563,51600,60543,5061],\"rated\":\"Rated battle\"}\n>player p1 {\"name\":\"rumiaya\",\"avatar\":\"170\",\"rating\":1888,\"seed\":[52476,13254,28390,38728]}\n>player p2 {\"name\":\"Miqky miqky\",\"avatar\":\"169\",\"rating\":1901,\"seed\":[20362,3638,20703,21480]}\n>p1 move shedtail\n>p2 switch 5\n>p1 switch 4\n>p1 move nastyplot\n>p2 switch 3\n>p1 move fireblast\n>p2 move protect\n>p1 move fireblast\n>p2 move bodyslam\n>p1 move fireblast\n>p2 move bodyslam\n>p1 move fireblast\n>p2 move protect\n>p1 move fireblast\n>p2 move bodyslam\n>p2 switch 5\n>p1 move psyshock\n>p2 move mightycleave\n>p1 switch 3\n>p1 switch 2\n>p2 switch 3\n>p1 move discharge\n>p2 move liquidation\n>p1 move discharge\n>p2 move knockoff\n>p1 move triattack\n>p2 move circlethrow\n>p1 move uturn\n>p2 move knockoff\n>p1 switch 5\n>p1 move triattack\n>p2 move closecombat\n>p2 switch 3\n>p1 move discharge\n>p2 move swordsdance\n>p1 move discharge\n>p2 move mightycleave\n>p1 switch 2\n>p1 move wavecrash\n>p2 switch 4\n>p1 switch 4\n>p2 move focusblast\n>p1 move stealthrock\n>p2 move focusblast\n>p1 switch 5\n>p1 move foulplay\n>p2 switch 4\n>p2 switch 2\n>p1 move uturn\n>p2 move moonblast\n>p1 switch 6\n>p1 move doubleedge\n>p2 move agility\n>p1 move doubleedge\n>p2 move moonblast\n>p1 switch 4\n>p1 move bulkup\n>p2 move moonblast\n>p1 move wavecrash\n>p2 move moonblast\n>p1 switch 6\n>p1 move foulplay\n>p2 move moonblast\n>forcelose p1", "uploadtime": 1732997505, "views": 2, "formatid": "gen9randombattle", "rating": 1869, "private": 0, "password": null}