{"id": "gen9randombattle-2254041022", "format": "[Gen 9] Random Battle", "players": ["Valenteddi", "SenjaNgentot123"], "log": "|j|\u2606Valenteddi\n|j|\u2606SenjaNgentot123\n|t:|1732983787\n|gametype|singles\n|player|p1|Valenteddi|alec-anime|1803\n|player|p2|SenjaNgentot123|2|1763\n|teamsize|p1|6\n|teamsize|p2|6\n|gen|9\n|tier|[Gen 9] Random Battle\n|rated|\n|rule|Species Clause: Limit one of each Pok\u00e9mon\n|rule|HP Percentage Mod: HP is shown in percentages\n|rule|Sleep Clause Mod: Limit one foe put to sleep\n|rule|Illusion Level Mod: Illusion disguises the Pok\u00e9mon's true level\n|\n|t:|1732983787\n|start\n|switch|p1a: Basculin|Basculin, L86, M|261/261\n|switch|p2a: Iron Thorns|Iron Thorns, L83|302/302\n|-item|p2a: Iron Thorns|Air Balloon\n|turn|1\n|inactive|Battle timer is ON: inactive players will automatically lose when time's up. (requested by SenjaNgentot123)\n|\n|t:|1732983813\n|-end|p2a: Iron Thorns|Quark Drive|[silent]\n|switch|p2a: Toxicroak|Toxicroak, L84, M|277/277\n|move|p1a: Basculin|Flip Turn|p2a: Toxicroak\n|-immune|p2a: Toxicroak|[from] ability: Dry Skin\n|\n|upkeep\n|turn|2\n|\n|t:|1732983822\n|switch|p1a: Gholdengo|Gholdengo, L77|261/261\n|move|p2a: Toxicroak|Swords Dance|p2a: Toxicroak\n|-boost|p2a: Toxicroak|atk|2\n|\n|upkeep\n|turn|3\n|\n|t:|1732983828\n|move|p2a: Toxicroak|Knock Off|p1a: Gholdengo\n|-supereffective|p1a: Gholdengo\n|-damage|p1a: Gholdengo|0 fnt\n|-enditem|p1a: Gholdengo|Leftovers|[from] move: Knock Off|[of] p2a: Toxicroak\n|faint|p1a: Gholdengo\n|-damage|p2a: Toxicroak|250/277|[from] item: Life Orb\n|\n|upkeep\n|\n|t:|1732983834\n|switch|p1a: Lycanroc|Lycanroc, L86, M|269/269\n|turn|4\n|\n|t:|1732983846\n|move|p1a: Lycanroc|Psychic Fangs|p2a: Toxicroak\n|-supereffective|p2a: Toxicroak\n|-damage|p2a: Toxicroak|0 fnt\n|faint|p2a: Toxicroak\n|-damage|p1a: Lycanroc|243/269|[from] item: Life Orb\n|\n|upkeep\n|\n|t:|1732983860\n|switch|p2a: Vikavolt|Vikavolt, L83, F|263/263\n|turn|5\n|\n|t:|1732983871\n|switch|p2a: Conkeldurr|Conkeldurr, L80, F|299/299\n|move|p1a: Lycanroc|Stone Edge|p2a: Conkeldurr\n|-resisted|p2a: Conkeldurr\n|-crit|p2a: Conkeldurr\n|-damage|p2a: Conkeldurr|179/299\n|-damage|p1a: Lycanroc|217/269|[from] item: Life Orb\n|\n|-status|p2a: Conkeldurr|brn|[from] item: Flame Orb\n|upkeep\n|turn|6\n|\n|t:|1732983881\n|switch|p1a: Flutter Mane|Flutter Mane, L74|203/203\n|move|p2a: Conkeldurr|Mach Punch|p1a: Flutter Mane\n|-immune|p1a: Flutter Mane\n|\n|-damage|p2a: Conkeldurr|161/299 brn|[from] brn\n|upkeep\n|turn|7\n|\n|t:|1732983894\n|move|p1a: Flutter Mane|Moonblast|p2a: Conkeldurr\n|-supereffective|p2a: Conkeldurr\n|-damage|p2a: Conkeldurr|0 fnt\n|faint|p2a: Conkeldurr\n|-damage|p1a: Flutter Mane|183/203|[from] item: Life Orb\n|\n|upkeep\n|\n|t:|1732983902\n|switch|p2a: Iron Thorns|Iron Thorns, L83|302/302\n|-item|p2a: Iron Thorns|Air Balloon\n|turn|8\n|\n|t:|1732983911\n|-end|p1a: Flutter Mane|Protosynthesis|[silent]\n|switch|p1a: Groudon|Groudon, L72|263/263\n|-weather|SunnyDay|[from] ability: Drought|[of] p1a: Groudon\n|move|p2a: Iron Thorns|Wild Charge|p1a: Groudon\n|-immune|p1a: Groudon\n|\n|-weather|SunnyDay|[upkeep]\n|upkeep\n|turn|9\n|\n|t:|1732983919\n|move|p1a: Groudon|Heat Crash|p2a: Iron Thorns\n|-resisted|p2a: Iron Thorns\n|-damage|p2a: Iron Thorns|264/302\n|-enditem|p2a: Iron Thorns|Air Balloon\n|move|p2a: Iron Thorns|Stealth Rock|p1a: Groudon\n|-sidestart|p1: Valenteddi|move: Stealth Rock\n|\n|-weather|SunnyDay|[upkeep]\n|upkeep\n|turn|10\n|\n|t:|1732983931\n|-end|p2a: Iron Thorns|Quark Drive|[silent]\n|switch|p2a: Tropius|Tropius, L91, M|328/328\n|move|p1a: Groudon|Will-O-Wisp|p2a: Tropius\n|-status|p2a: Tropius|brn\n|\n|-weather|SunnyDay|[upkeep]\n|-damage|p2a: Tropius|308/328 brn|[from] brn\n|upkeep\n|turn|11\n|\n|t:|1732983944\n|switch|p2a: Skuntank|Skuntank, L84, M|310/310\n|move|p1a: Groudon|Heat Crash|p2a: Skuntank\n|-damage|p2a: Skuntank|135/310\n|\n|-weather|SunnyDay|[upkeep]\n|upkeep\n|turn|12\n|\n|t:|1732983960\n|move|p2a: Skuntank|Gunk Shot|p1a: Groudon\n|-resisted|p1a: Groudon\n|-damage|p1a: Groudon|203/263\n|-damage|p2a: Skuntank|104/310|[from] item: Life Orb\n|move|p1a: Groudon|Heat Crash|p2a: Skuntank\n|-damage|p2a: Skuntank|0 fnt\n|-damage|p1a: Groudon|138/263|[from] ability: Aftermath|[of] p2a: Skuntank\n|faint|p2a: Skuntank\n|\n|-weather|none\n|-heal|p1a: Groudon|154/263|[from] item: Leftovers\n|upkeep\n|\n|t:|1732983974\n|switch|p2a: Vikavolt|Vikavolt, L83, F|263/263\n|turn|13\n|\n|t:|1732983978\n|-terastallize|p2a: Vikavolt|Electric\n|move|p1a: Groudon|Heat Crash|p2a: Vikavolt\n|-damage|p2a: Vikavolt|177/263\n|move|p2a: Vikavolt|Bug Buzz|p1a: Groudon\n|-damage|p1a: Groudon|1/263\n|-unboost|p1a: Groudon|spd|1\n|\n|-heal|p1a: Groudon|17/263|[from] item: Leftovers\n|upkeep\n|turn|14\n|\n|t:|1732983991\n|move|p1a: Groudon|Heat Crash|p2a: Vikavolt\n|-damage|p2a: Vikavolt|95/263\n|move|p2a: Vikavolt|Sticky Web|p1a: Groudon\n|-sidestart|p1: Valenteddi|move: Sticky Web\n|\n|-heal|p1a: Groudon|33/263|[from] item: Leftovers\n|upkeep\n|turn|15\n|\n|t:|1732984003\n|move|p1a: Groudon|Heat Crash|p2a: Vikavolt\n|-damage|p2a: Vikavolt|8/263\n|move|p2a: Vikavolt|Bug Buzz|p1a: Groudon\n|-damage|p1a: Groudon|0 fnt\n|faint|p1a: Groudon\n|\n|upkeep\n|\n|t:|1732984009\n|switch|p1a: Avalugg|Avalugg, L88, F|310/310\n|turn|16\n|\n|t:|1732984019\n|move|p2a: Vikavolt|Bug Buzz|p1a: Avalugg\n|-damage|p1a: Avalugg|103/310\n|-unboost|p1a: Avalugg|spd|1\n|move|p1a: Avalugg|Rapid Spin|p2a: Vikavolt\n|-damage|p2a: Vikavolt|0 fnt\n|-boost|p1a: Avalugg|spe|1\n|-sideend|p1: Valenteddi|Stealth Rock|[from] move: Rapid Spin|[of] p1a: Avalugg\n|-sideend|p1: Valenteddi|Sticky Web|[from] move: Rapid Spin|[of] p1a: Avalugg\n|faint|p2a: Vikavolt\n|\n|upkeep\n|\n|t:|1732984029\n|switch|p2a: Tropius|Tropius, L91, M|308/328 brn\n|turn|17\n|\n|t:|1732984033\n|move|p2a: Tropius|Air Slash|p1a: Avalugg\n|-damage|p1a: Avalugg|0 fnt\n|faint|p1a: Avalugg\n|\n|-damage|p2a: Tropius|288/328 brn|[from] brn\n|upkeep\n|\n|t:|1732984042\n|switch|p1a: Lycanroc|Lycanroc, L86, M|217/269\n|turn|18\n|\n|t:|1732984046\n|move|p1a: Lycanroc|Stone Edge|p2a: Tropius\n|-supereffective|p2a: Tropius\n|-crit|p2a: Tropius\n|-damage|p2a: Tropius|0 fnt\n|faint|p2a: Tropius\n|-damage|p1a: Lycanroc|191/269|[from] item: Life Orb\n|\n|upkeep\n|-message|SenjaNgentot123 forfeited.\n|\n|win|Valenteddi\n|raw|Valenteddi's rating: 1803 &rarr; <strong>1821</strong><br />(+18 for winning)\n|raw|SenjaNgentot123's rating: 1763 &rarr; <strong>1745</strong><br />(-18 for losing)\n|l|\u2606SenjaNgentot123\n|player|p2|\n", "inputlog": ">version b107d77f5c90bd6555267ae244a6264823309ead\n>start {\"formatid\":\"gen9randombattle\",\"seed\":[28999,54315,27531,61731],\"rated\":\"Rated battle\"}\n>player p1 {\"name\":\"Valenteddi\",\"avatar\":\"alec-anime\",\"rating\":1803,\"seed\":[35156,5954,45942,47307]}\n>player p2 {\"name\":\"SenjaNgentot123\",\"avatar\":\"2\",\"rating\":1763,\"seed\":[59141,21154,48714,10448]}\n>p1 move flipturn\n>p2 switch 2\n>p1 switch 2\n>p2 move swordsdance\n>p1 move thunderwave\n>p2 move knockoff\n>p1 switch 5\n>p1 move psychicfangs\n>p2 move closecombat\n>p2 switch 3\n>p1 move stoneedge\n>p2 switch 6\n>p1 switch 6\n>p2 move machpunch\n>p1 move moonblast\n>p2 move knockoff\n>p2 switch 2\n>p1 switch 4\n>p2 move wildcharge\n>p1 move heatcrash\n>p2 move stealthrock\n>p1 move willowisp\n>p2 switch 5\n>p1 move heatcrash\n>p2 switch 4\n>p1 move heatcrash\n>p2 move gunkshot\n>p2 switch 6\n>p1 move heatcrash\n>p2 move bugbuzz terastallize\n>p1 move heatcrash\n>p2 move stickyweb\n>p1 move heatcrash\n>p2 move bugbuzz\n>p1 switch 3\n>p1 move rapidspin\n>p2 move bugbuzz\n>p2 switch 4\n>p1 move avalanche\n>p2 move airslash\n>p1 switch 6\n>p1 move stoneedge\n>p2 move leechseed\n>forcelose p2", "uploadtime": 1732984051, "views": 1, "formatid": "gen9randombattle", "rating": 1745, "private": 0, "password": null}