{"id": "gen9randombattle-2254070019", "format": "[Gen 9] Random Battle", "players": ["Dickes", "poj 0h rty rthrhr"], "log": "|j|\u2606Dickes\n|j|\u2606poj 0h rty rthrhr\n|t:|1732987495\n|gametype|singles\n|player|p1|Dickes|dawn-gen4pt|1421\n|player|p2|poj 0h rty rthrhr|265|1444\n|teamsize|p1|6\n|teamsize|p2|6\n|gen|9\n|tier|[Gen 9] Random Battle\n|rated|\n|rule|Species Clause: Limit one of each Pok\u00e9mon\n|rule|HP Percentage Mod: HP is shown in percentages\n|rule|Sleep Clause Mod: Limit one foe put to sleep\n|rule|Illusion Level Mod: Illusion disguises the Pok\u00e9mon's true level\n|\n|t:|1732987495\n|start\n|switch|p1a: Golurk|Golurk, L87|297/297\n|switch|p2a: Sylveon|Sylveon, L85, M|300/300\n|turn|1\n|inactive|Battle timer is ON: inactive players will automatically lose when time's up. (requested by poj 0h rty rthrhr)\n|inactive|Dickes also wants the timer to be on.\n|\n|t:|1732987506\n|switch|p1a: Glimmora|Glimmora, L75, M|248/248\n|move|p2a: Sylveon|Hyper Voice|p1a: Glimmora\n|-resisted|p1a: Glimmora\n|-damage|p1a: Glimmora|170/248\n|\n|upkeep\n|turn|2\n|\n|t:|1732987516\n|switch|p2a: Gholdengo|Gholdengo, L77|261/261\n|move|p1a: Glimmora|Sludge Wave|p2a: Gholdengo\n|-immune|p2a: Gholdengo\n|\n|upkeep\n|turn|3\n|\n|t:|1732987525\n|switch|p1a: Hippowdon|Hippowdon, L82, M|311/311\n|-weather|Sandstorm|[from] ability: Sand Stream|[of] p1a: Hippowdon\n|move|p2a: Gholdengo|Thunder Wave|p1a: Hippowdon\n|-immune|p1a: Hippowdon\n|\n|-weather|Sandstorm|[upkeep]\n|upkeep\n|turn|4\n|\n|t:|1732987533\n|switch|p2a: Abomasnow|Abomasnow, L85, M|291/291\n|-weather|Snow|[from] ability: Snow Warning|[of] p2a: Abomasnow\n|move|p1a: Hippowdon|Earthquake|p2a: Abomasnow\n|-resisted|p2a: Abomasnow\n|-damage|p2a: Abomasnow|250/291\n|\n|-weather|Snow|[upkeep]\n|upkeep\n|turn|5\n|\n|t:|1732987541\n|switch|p1a: Glimmora|Glimmora, L75, M|170/248\n|move|p2a: Abomasnow|Aurora Veil|p2a: Abomasnow\n|-sidestart|p2: poj 0h rty rthrhr|move: Aurora Veil\n|\n|-weather|Snow|[upkeep]\n|upkeep\n|turn|6\n|\n|t:|1732987552\n|move|p1a: Glimmora|Sludge Wave|p2a: Abomasnow\n|-supereffective|p2a: Abomasnow\n|-damage|p2a: Abomasnow|151/291\n|move|p2a: Abomasnow|Earthquake|p1a: Glimmora\n|-supereffective|p1a: Glimmora\n|-damage|p1a: Glimmora|0 fnt\n|-activate|p1a: Glimmora|ability: Toxic Debris\n|-sidestart|p2: poj 0h rty rthrhr|move: Toxic Spikes\n|faint|p1a: Glimmora\n|\n|-weather|Snow|[upkeep]\n|upkeep\n|\n|t:|1732987562\n|switch|p1a: Falinks|Falinks, L84|246/246\n|turn|7\n|\n|t:|1732987568\n|switch|p2a: Gholdengo|Gholdengo, L77|261/261\n|move|p1a: Falinks|No Retreat|p1a: Falinks\n|-boost|p1a: Falinks|atk|1\n|-boost|p1a: Falinks|def|1\n|-boost|p1a: Falinks|spa|1\n|-boost|p1a: Falinks|spd|1\n|-boost|p1a: Falinks|spe|1\n|-start|p1a: Falinks|move: No Retreat\n|\n|-weather|Snow|[upkeep]\n|upkeep\n|turn|8\n|\n|t:|1732987575\n|move|p1a: Falinks|Knock Off|p2a: Gholdengo\n|-supereffective|p2a: Gholdengo\n|-damage|p2a: Gholdengo|114/261\n|-enditem|p2a: Gholdengo|Leftovers|[from] move: Knock Off|[of] p1a: Falinks\n|-damage|p1a: Falinks|222/246|[from] item: Life Orb\n|move|p2a: Gholdengo|Thunder Wave|p1a: Falinks\n|-status|p1a: Falinks|par\n|\n|-weather|none\n|upkeep\n|turn|9\n|\n|t:|1732987598\n|move|p2a: Gholdengo|Make It Rain|p1a: Falinks\n|-damage|p1a: Falinks|113/246 par\n|-unboost|p2a: Gholdengo|spa|1\n|move|p1a: Falinks|Knock Off|p2a: Gholdengo\n|-supereffective|p2a: Gholdengo\n|-damage|p2a: Gholdengo|24/261\n|-damage|p1a: Falinks|89/246 par|[from] item: Life Orb\n|\n|upkeep\n|turn|10\n|\n|t:|1732987623\n|move|p2a: Gholdengo|Make It Rain|p1a: Falinks\n|-damage|p1a: Falinks|8/246 par\n|-unboost|p2a: Gholdengo|spa|1\n|move|p1a: Falinks|Knock Off|p2a: Gholdengo\n|-supereffective|p2a: Gholdengo\n|-damage|p2a: Gholdengo|0 fnt\n|faint|p2a: Gholdengo\n|-damage|p1a: Falinks|0 fnt|[from] item: Life Orb\n|faint|p1a: Falinks\n|\n|upkeep\n|\n|t:|1732987642\n|switch|p1a: Mew|Mew, L82|298/298\n|switch|p2a: Garchomp|Garchomp, L74, F|282/282\n|-status|p2a: Garchomp|psn\n|turn|11\n|\n|t:|1732987654\n|move|p1a: Mew|Knock Off|p2a: Garchomp\n|-damage|p2a: Garchomp|238/282 psn\n|-damage|p1a: Mew|261/298|[from] ability: Rough Skin|[of] p2a: Garchomp\n|-damage|p1a: Mew|212/298|[from] item: Rocky Helmet|[of] p2a: Garchomp\n|-enditem|p2a: Garchomp|Rocky Helmet|[from] move: Knock Off|[of] p1a: Mew\n|-damage|p1a: Mew|183/298|[from] item: Life Orb\n|move|p2a: Garchomp|Stealth Rock|p1a: Mew\n|-sidestart|p1: Dickes|move: Stealth Rock\n|\n|-damage|p2a: Garchomp|203/282 psn|[from] psn\n|upkeep\n|turn|12\n|\n|t:|1732987667\n|move|p1a: Mew|Psychic Fangs|p2a: Garchomp\n|-sideend|p2: poj 0h rty rthrhr|move: Aurora Veil\n|-crit|p2a: Garchomp\n|-damage|p2a: Garchomp|35/282 psn\n|-damage|p1a: Mew|146/298|[from] ability: Rough Skin|[of] p2a: Garchomp\n|-damage|p1a: Mew|117/298|[from] item: Life Orb\n|move|p2a: Garchomp|Earthquake|p1a: Mew\n|-damage|p1a: Mew|20/298\n|\n|-damage|p2a: Garchomp|0 fnt|[from] psn\n|faint|p2a: Garchomp\n|upkeep\n|\n|t:|1732987678\n|switch|p2a: Roaring Moon|Roaring Moon, L72|270/270\n|-status|p2a: Roaring Moon|psn\n|turn|13\n|\n|t:|1732987683\n|move|p2a: Roaring Moon|U-turn|p1a: Mew\n|-supereffective|p1a: Mew\n|-damage|p1a: Mew|0 fnt\n|faint|p1a: Mew\n|\n|t:|1732987688\n|-end|p2a: Roaring Moon|Protosynthesis|[silent]\n|switch|p2a: Brambleghast|Brambleghast, L88, F|240/240|[from] U-turn\n|-status|p2a: Brambleghast|psn\n|\n|-damage|p2a: Brambleghast|210/240 psn|[from] psn\n|upkeep\n|\n|t:|1732987694\n|switch|p1a: Eiscue|Eiscue, L88, M|274/274\n|-damage|p1a: Eiscue|206/274|[from] Stealth Rock\n|turn|14\n|\n|t:|1732987703\n|move|p2a: Brambleghast|Leech Seed|p1a: Eiscue|[miss]\n|-miss|p2a: Brambleghast|p1a: Eiscue\n|move|p1a: Eiscue|Belly Drum|p1a: Eiscue\n|-damage|p1a: Eiscue|69/274\n|-setboost|p1a: Eiscue|atk|6|[from] move: Belly Drum\n|-enditem|p1a: Eiscue|Sitrus Berry|[eat]\n|-heal|p1a: Eiscue|137/274|[from] item: Sitrus Berry\n|\n|-heal|p2a: Brambleghast|225/240 psn|[from] item: Leftovers\n|-damage|p2a: Brambleghast|195/240 psn|[from] psn\n|upkeep\n|turn|15\n|\n|t:|1732987716\n|-terastallize|p2a: Brambleghast|Steel\n|move|p2a: Brambleghast|Leech Seed|p1a: Eiscue\n|-start|p1a: Eiscue|move: Leech Seed\n|move|p1a: Eiscue|Ice Spinner|p2a: Brambleghast\n|-resisted|p2a: Brambleghast\n|-damage|p2a: Brambleghast|20/240 psn\n|\n|-heal|p2a: Brambleghast|35/240 psn|[from] item: Leftovers\n|-damage|p1a: Eiscue|103/274|[from] Leech Seed|[of] p2a: Brambleghast\n|-heal|p2a: Brambleghast|69/240 psn|[silent]\n|-damage|p2a: Brambleghast|39/240 psn|[from] psn\n|upkeep\n|turn|16\n|\n|t:|1732987724\n|move|p2a: Brambleghast|Power Whip|p1a: Eiscue\n|-activate|p1a: Eiscue|ability: Ice Face\n|-damage|p1a: Eiscue|103/274\n|detailschange|p1a: Eiscue|Eiscue-Noice, L88, M\n|move|p1a: Eiscue|Liquidation|p2a: Brambleghast\n|-damage|p2a: Brambleghast|0 fnt\n|faint|p2a: Brambleghast\n|\n|upkeep\n|\n|t:|1732987735\n|switch|p2a: Sylveon|Sylveon, L85, M|300/300\n|-status|p2a: Sylveon|psn\n|turn|17\n|\n|t:|1732987741\n|move|p2a: Sylveon|Protect|p2a: Sylveon\n|-singleturn|p2a: Sylveon|Protect\n|move|p1a: Eiscue|Ice Spinner|p2a: Sylveon\n|-activate|p2a: Sylveon|move: Protect\n|\n|-damage|p1a: Eiscue|69/274|[from] Leech Seed|[of] p2a: Sylveon\n|-damage|p2a: Sylveon|263/300 psn|[from] psn\n|upkeep\n|turn|18\n|\n|t:|1732987750\n|move|p1a: Eiscue|Ice Spinner|p2a: Sylveon\n|-damage|p2a: Sylveon|0 fnt\n|faint|p2a: Sylveon\n|\n|upkeep\n|\n|t:|1732987754\n|switch|p2a: Abomasnow|Abomasnow, L85, M|151/291\n|-status|p2a: Abomasnow|psn\n|-weather|Snow|[from] ability: Snow Warning|[of] p2a: Abomasnow\n|-activate|p1a: Eiscue|ability: Ice Face\n|detailschange|p1a: Eiscue|Eiscue, L88, M\n|turn|19\n|\n|t:|1732987759\n|move|p2a: Abomasnow|Wood Hammer|p1a: Eiscue\n|-activate|p1a: Eiscue|ability: Ice Face\n|-damage|p1a: Eiscue|69/274\n|detailschange|p1a: Eiscue|Eiscue-Noice, L88, M\n|move|p1a: Eiscue|Ice Spinner|p2a: Abomasnow\n|-damage|p2a: Abomasnow|0 fnt\n|faint|p2a: Abomasnow\n|\n|-weather|Snow|[upkeep]\n|upkeep\n|\n|t:|1732987767\n|switch|p2a: Roaring Moon|Roaring Moon, L72|270/270 psn\n|turn|20\n|\n|t:|1732987770\n|move|p1a: Eiscue|Ice Spinner|p2a: Roaring Moon\n|-supereffective|p2a: Roaring Moon\n|-damage|p2a: Roaring Moon|0 fnt\n|faint|p2a: Roaring Moon\n|-end|p2a: Roaring Moon|Protosynthesis|[silent]\n|\n|win|Dickes\n|raw|Dickes's rating: 1421 &rarr; <strong>1442</strong><br />(+21 for winning)\n|raw|poj 0h rty rthrhr's rating: 1444 &rarr; <strong>1423</strong><br />(-21 for losing)\n|l|\u2606poj 0h rty rthrhr\n|player|p2|\n", "inputlog": ">version b107d77f5c90bd6555267ae244a6264823309ead\n>start {\"formatid\":\"gen9randombattle\",\"seed\":[38711,15148,15730,36169],\"rated\":\"Rated battle\"}\n>player p1 {\"name\":\"Dickes\",\"avatar\":\"dawn-gen4pt\",\"rating\":1421,\"seed\":[46630,61021,12018,56309]}\n>player p2 {\"name\":\"poj 0h rty rthrhr\",\"avatar\":\"265\",\"rating\":1444,\"seed\":[3429,14338,9556,11115]}\n>p1 switch 2\n>p2 move hypervoice\n>p1 move sludgewave\n>p2 switch 5\n>p1 switch 5\n>p2 move thunderwave\n>p1 move earthquake\n>p2 switch 6\n>p1 switch 5\n>p2 move auroraveil\n>p1 move sludgewave\n>p2 move earthquake\n>p1 switch 6\n>p1 move noretreat\n>p2 switch 6\n>p1 move knockoff\n>p2 move thunderwave\n>p1 move knockoff\n>p2 move makeitrain\n>p1 move knockoff\n>p2 move makeitrain\n>p1 switch 4\n>p2 switch 4\n>p1 move knockoff\n>p2 move stealthrock\n>p1 move psychicfangs\n>p2 move earthquake\n>p2 switch 3\n>p1 move closecombat\n>p2 move uturn\n>p2 switch 2\n>p1 switch 3\n>p1 move bellydrum\n>p2 move leechseed\n>p1 move icespinner\n>p2 move leechseed terastallize\n>p1 move liquidation\n>p2 move powerwhip\n>p2 switch 5\n>p1 move icespinner\n>p2 move protect\n>p1 move icespinner\n>p2 move hypervoice\n>p2 switch 6\n>p1 move icespinner\n>p2 move woodhammer\n>p2 switch 2\n>p1 move icespinner\n>p2 move knockoff", "uploadtime": 1732987780, "views": 1, "formatid": "gen9randombattle", "rating": 1423, "private": 0, "password": null}