{"id": "gen9randombattle-2254041177", "format": "[Gen 9] Random Battle", "players": ["Sealed Book", "PTOWNAGE"], "log": "|j|\u2606Sealed Book\n|j|\u2606PTOWNAGE\n|t:|1732983809\n|gametype|singles\n|player|p1|Sealed Book|lisia|1196\n|player|p2|PTOWNAGE|265|1178\n|teamsize|p1|6\n|teamsize|p2|6\n|gen|9\n|tier|[Gen 9] Random Battle\n|rated|\n|rule|Species Clause: Limit one of each Pok\u00e9mon\n|rule|HP Percentage Mod: HP is shown in percentages\n|rule|Sleep Clause Mod: Limit one foe put to sleep\n|rule|Illusion Level Mod: Illusion disguises the Pok\u00e9mon's true level\n|\n|t:|1732983809\n|start\n|switch|p1a: Furret|Furret, L94, F|312/312\n|switch|p2a: Sableye|Sableye, L90, F|236/236\n|-item|p2a: Sableye|Leftovers|[from] ability: Frisk|[of] p1a: Furret\n|turn|1\n|\n|t:|1732983818\n|switch|p1a: Moltres|Moltres, L81|278/278\n|move|p2a: Sableye|Will-O-Wisp|p1a: Moltres\n|-immune|p1a: Moltres\n|\n|upkeep\n|turn|2\n|\n|t:|1732983826\n|move|p1a: Moltres|Fire Blast|p2a: Sableye\n|-damage|p2a: Sableye|73/236\n|move|p2a: Sableye|Knock Off|p1a: Moltres\n|-damage|p1a: Moltres|170/278\n|-status|p2a: Sableye|brn|[from] ability: Flame Body|[of] p1a: Moltres\n|-enditem|p1a: Moltres|Heavy-Duty Boots|[from] move: Knock Off|[of] p2a: Sableye\n|\n|-heal|p2a: Sableye|87/236 brn|[from] item: Leftovers\n|-damage|p2a: Sableye|73/236 brn|[from] brn\n|upkeep\n|turn|3\n|\n|t:|1732983835\n|move|p2a: Sableye|Recover|p2a: Sableye\n|-heal|p2a: Sableye|191/236 brn\n|move|p1a: Moltres|Fire Blast|p2a: Sableye\n|-damage|p2a: Sableye|29/236 brn\n|\n|-heal|p2a: Sableye|43/236 brn|[from] item: Leftovers\n|-damage|p2a: Sableye|29/236 brn|[from] brn\n|upkeep\n|turn|4\n|\n|t:|1732983843\n|move|p2a: Sableye|Recover|p2a: Sableye\n|-heal|p2a: Sableye|147/236 brn\n|move|p1a: Moltres|Fire Blast|p2a: Sableye\n|-damage|p2a: Sableye|0 fnt\n|faint|p2a: Sableye\n|\n|upkeep\n|inactive|Battle timer is ON: inactive players will automatically lose when time's up. (requested by Sealed Book)\n|\n|t:|1732983858\n|switch|p2a: Haxorus|Haxorus, L77, F|244/244\n|-ability|p2a: Haxorus|Mold Breaker\n|turn|5\n|\n|t:|1732983863\n|move|p2a: Haxorus|Dragon Dance|p2a: Haxorus\n|-boost|p2a: Haxorus|atk|1\n|-boost|p2a: Haxorus|spe|1\n|move|p1a: Moltres|Brave Bird|p2a: Haxorus\n|-damage|p2a: Haxorus|117/244\n|-damage|p1a: Moltres|128/278|[from] Recoil\n|\n|upkeep\n|turn|6\n|\n|t:|1732983878\n|move|p2a: Haxorus|Outrage|p1a: Moltres\n|-damage|p1a: Moltres|0 fnt\n|faint|p1a: Moltres\n|\n|upkeep\n|\n|t:|1732983900\n|switch|p1a: Furret|Furret, L94, F|312/312\n|-item|p2a: Haxorus|Lum Berry|[from] ability: Frisk|[of] p1a: Furret\n|turn|7\n|\n|t:|1732983909\n|move|p2a: Haxorus|Outrage|p1a: Furret|[from]lockedmove\n|-damage|p1a: Furret|56/312\n|-start|p2a: Haxorus|confusion|[fatigue]\n|-enditem|p2a: Haxorus|Lum Berry|[eat]\n|-end|p2a: Haxorus|confusion\n|move|p1a: Furret|Double-Edge|p2a: Haxorus\n|-damage|p2a: Haxorus|0 fnt\n|faint|p2a: Haxorus\n|-damage|p1a: Furret|17/312|[from] Recoil\n|\n|upkeep\n|\n|t:|1732983932\n|switch|p2a: Excadrill|Excadrill, L80, F|307/307\n|-ability|p2a: Excadrill|Mold Breaker\n|turn|8\n|inactive|Sealed Book has 120 seconds left.\n|\n|t:|1732983963\n|move|p1a: Furret|Double-Edge|p2a: Excadrill\n|-resisted|p2a: Excadrill\n|-damage|p2a: Excadrill|173/307\n|-damage|p1a: Furret|0 fnt|[from] Recoil\n|faint|p1a: Furret\n|move|p2a: Excadrill|Rapid Spin|p1: Furret|[notarget]\n|-fail|p2a: Excadrill\n|\n|-heal|p2a: Excadrill|192/307|[from] item: Leftovers\n|upkeep\n|inactive|Sealed Book has 120 seconds left.\n|\n|t:|1732983969\n|switch|p1a: Palafin|Palafin, L77, M|281/281\n|turn|9\n|\n|t:|1732983977\n|-terastallize|p2a: Excadrill|Grass\n|move|p1a: Palafin|Wave Crash|p2a: Excadrill\n|-resisted|p2a: Excadrill\n|-damage|p2a: Excadrill|106/307\n|-damage|p1a: Palafin|253/281|[from] Recoil\n|move|p2a: Excadrill|Rapid Spin|p1a: Palafin\n|-damage|p1a: Palafin|197/281\n|-boost|p2a: Excadrill|spe|1\n|\n|-heal|p2a: Excadrill|125/307|[from] item: Leftovers\n|upkeep\n|turn|10\n|inactive|Sealed Book has 120 seconds left.\n|\n|t:|1732984008\n|detailschange|p1a: Palafin|Palafin-Hero, L77, M\n|switch|p1a: Kilowattrel|Kilowattrel, L83, F|252/252\n|move|p2a: Excadrill|Swords Dance|p2a: Excadrill\n|-boost|p2a: Excadrill|atk|2\n|\n|-heal|p2a: Excadrill|144/307|[from] item: Leftovers\n|upkeep\n|turn|11\n|\n|t:|1732984021\n|-terastallize|p1a: Kilowattrel|Steel\n|move|p2a: Excadrill|Iron Head|p1a: Kilowattrel\n|-resisted|p1a: Kilowattrel\n|-damage|p1a: Kilowattrel|108/252\n|move|p1a: Kilowattrel|U-turn|p2a: Excadrill\n|-supereffective|p2a: Excadrill\n|-damage|p2a: Excadrill|32/307\n|\n|t:|1732984025\n|switch|p1a: Palafin|Palafin-Hero, L77, M|197/281|[from] U-turn\n|-activate|p1a: Palafin|ability: Zero to Hero\n|\n|-heal|p2a: Excadrill|51/307|[from] item: Leftovers\n|upkeep\n|turn|12\n|\n|t:|1732984034\n|move|p1a: Palafin|Jet Punch|p2a: Excadrill\n|-resisted|p2a: Excadrill\n|-damage|p2a: Excadrill|0 fnt\n|faint|p2a: Excadrill\n|\n|upkeep\n|\n|t:|1732984055\n|switch|p2a: Groudon|Groudon, L72|263/263\n|-weather|SunnyDay|[from] ability: Drought|[of] p2a: Groudon\n|turn|13\n|\n|t:|1732984071\n|switch|p1a: Kilowattrel|Kilowattrel, L83, F, tera:Steel|108/252\n|move|p2a: Groudon|Heat Crash|p1a: Kilowattrel\n|-supereffective|p1a: Kilowattrel\n|-damage|p1a: Kilowattrel|0 fnt\n|faint|p1a: Kilowattrel\n|\n|-weather|SunnyDay|[upkeep]\n|upkeep\n|\n|t:|1732984080\n|switch|p1a: Palafin|Palafin-Hero, L77, M|197/281\n|turn|14\n|\n|t:|1732984084\n|switch|p2a: Chesnaught|Chesnaught, L84, M|285/285\n|move|p1a: Palafin|Wave Crash|p2a: Chesnaught\n|-resisted|p2a: Chesnaught\n|-damage|p2a: Chesnaught|242/285\n|-damage|p1a: Palafin|183/281|[from] Recoil\n|\n|-weather|SunnyDay|[upkeep]\n|-heal|p2a: Chesnaught|259/285|[from] item: Leftovers\n|upkeep\n|turn|15\n|\n|t:|1732984094\n|switch|p1a: Greninja|Greninja, L80, M|246/246\n|move|p2a: Chesnaught|Wood Hammer|p1a: Greninja\n|-supereffective|p1a: Greninja\n|-damage|p1a: Greninja|0 fnt\n|faint|p1a: Greninja\n|-damage|p2a: Chesnaught|178/285|[from] Recoil\n|\n|-weather|SunnyDay|[upkeep]\n|-heal|p2a: Chesnaught|195/285|[from] item: Leftovers\n|upkeep\n|\n|t:|1732984099\n|switch|p1a: Palafin|Palafin-Hero, L77, M|183/281\n|turn|16\n|\n|t:|1732984102\n|move|p1a: Palafin|Close Combat|p2a: Chesnaught\n|-damage|p2a: Chesnaught|75/285\n|-unboost|p1a: Palafin|def|1\n|-unboost|p1a: Palafin|spd|1\n|move|p2a: Chesnaught|Wood Hammer|p1a: Palafin\n|-supereffective|p1a: Palafin\n|-damage|p1a: Palafin|0 fnt\n|faint|p1a: Palafin\n|-damage|p2a: Chesnaught|15/285|[from] Recoil\n|\n|-weather|SunnyDay|[upkeep]\n|-heal|p2a: Chesnaught|32/285|[from] item: Leftovers\n|upkeep\n|-message|Sealed Book forfeited.\n|\n|win|PTOWNAGE\n|raw|Sealed Book's rating: 1196 &rarr; <strong>1170</strong><br />(-26 for losing)\n|raw|PTOWNAGE's rating: 1178 &rarr; <strong>1204</strong><br />(+26 for winning)\n|l|\u2606PTOWNAGE\n|player|p2|\n|c|\u2606Sealed Book|8 wins - 2 loses\n", "inputlog": ">version b107d77f5c90bd6555267ae244a6264823309ead\n>start {\"formatid\":\"gen9randombattle\",\"seed\":[19119,9421,22571,39115],\"rated\":\"Rated battle\"}\n>player p1 {\"name\":\"Sealed Book\",\"avatar\":\"lisia\",\"rating\":1196,\"seed\":[50114,48147,59784,30966]}\n>player p2 {\"name\":\"PTOWNAGE\",\"avatar\":\"265\",\"rating\":1178,\"seed\":[12092,52586,17239,55285]}\n>p1 switch 2\n>p2 move willowisp\n>p1 move fireblast\n>p2 move knockoff\n>p1 move fireblast\n>p2 move recover\n>p1 move fireblast\n>p2 move recover\n>p2 switch 6\n>p1 move bravebird\n>p2 move dragondance\n>p1 move bravebird\n>p2 move outrage\n>p1 switch 2\n>p1 move doubleedge\n>p2 move outrage\n>p2 switch 3\n>p1 move doubleedge\n>p2 move rapidspin\n>p1 switch 6\n>p1 move wavecrash\n>p2 move rapidspin terastallize\n>p1 switch 3\n>p2 move swordsdance\n>p1 move uturn terastallize\n>p2 move ironhead\n>p1 switch 3\n>p1 move jetpunch\n>p2 move earthquake\n>p2 switch 5\n>p1 switch 3\n>p2 move heatcrash\n>p1 switch 3\n>p1 move wavecrash\n>p2 switch 2\n>p1 switch 4\n>p2 move woodhammer\n>p1 switch 4\n>p1 move closecombat\n>p2 move woodhammer\n>forcelose p1", "uploadtime": 1732984123, "views": 1, "formatid": "gen9randombattle", "rating": 1170, "private": 0, "password": null}