{"id": "gen9randombattle-2253922500", "format": "[Gen 9] Random Battle", "players": ["MambauMonster", "speedruntothetop"], "log": "|j|\u2606MambauMonster\n|j|\u2606speedruntothetop\n|t:|1732964475\n|gametype|singles\n|player|p1|MambauMonster|red|1506\n|player|p2|speedruntothetop|102|1454\n|teamsize|p1|6\n|teamsize|p2|6\n|gen|9\n|tier|[Gen 9] Random Battle\n|rated|\n|rule|Species Clause: Limit one of each Pok\u00e9mon\n|rule|HP Percentage Mod: HP is shown in percentages\n|rule|Sleep Clause Mod: Limit one foe put to sleep\n|rule|Illusion Level Mod: Illusion disguises the Pok\u00e9mon's true level\n|\n|t:|1732964475\n|start\n|switch|p1a: Torkoal|Torkoal, L88, F|266/266\n|switch|p2a: Iron Jugulis|Iron Jugulis, L78|275/275\n|-weather|SunnyDay|[from] ability: Drought|[of] p1a: Torkoal\n|turn|1\n|\n|t:|1732964487\n|move|p2a: Iron Jugulis|U-turn|p1a: Torkoal\n|-resisted|p1a: Torkoal\n|-damage|p1a: Torkoal|255/266\n|\n|t:|1732964489\n|-end|p2a: Iron Jugulis|Quark Drive|[silent]\n|switch|p2a: Chandelure|Chandelure, L83, F|235/235|[from] U-turn\n|move|p1a: Torkoal|Stealth Rock|p2a: Chandelure\n|-sidestart|p2: speedruntothetop|move: Stealth Rock\n|\n|-weather|SunnyDay|[upkeep]\n|upkeep\n|turn|2\n|\n|t:|1732964500\n|move|p2a: Chandelure|Trick|p1a: Torkoal\n|-activate|p2a: Chandelure|move: Trick|[of] p1a: Torkoal\n|-item|p1a: Torkoal|Choice Scarf|[from] move: Trick\n|-item|p2a: Chandelure|Heavy-Duty Boots|[from] move: Trick\n|move|p1a: Torkoal|Yawn|p2a: Chandelure\n|-start|p2a: Chandelure|move: Yawn|[of] p1a: Torkoal\n|\n|-weather|SunnyDay|[upkeep]\n|upkeep\n|turn|3\n|\n|t:|1732964522\n|switch|p1a: Scovillain|Scovillain, L91, F|266/266\n|move|p2a: Chandelure|Fire Blast|p1a: Scovillain|[miss]\n|-miss|p2a: Chandelure|p1a: Scovillain\n|\n|-weather|SunnyDay|[upkeep]\n|-end|p2a: Chandelure|move: Yawn|[silent]\n|-status|p2a: Chandelure|slp\n|upkeep\n|turn|4\n|\n|t:|1732964564\n|move|p1a: Scovillain|Stomping Tantrum|p2a: Chandelure\n|-supereffective|p2a: Chandelure\n|-damage|p2a: Chandelure|95/235 slp\n|cant|p2a: Chandelure|slp\n|\n|-weather|SunnyDay|[upkeep]\n|upkeep\n|turn|5\n|inactive|Battle timer is ON: inactive players will automatically lose when time's up. (requested by speedruntothetop)\n|\n|t:|1732964573\n|switch|p2a: Iron Jugulis|Iron Jugulis, L78|275/275\n|-damage|p2a: Iron Jugulis|207/275|[from] Stealth Rock\n|move|p1a: Scovillain|Stomping Tantrum|p2a: Iron Jugulis\n|-immune|p2a: Iron Jugulis\n|\n|-weather|none\n|upkeep\n|turn|6\n|\n|t:|1732964584\n|switch|p1a: Torkoal|Torkoal, L88, F|255/266\n|-weather|SunnyDay|[from] ability: Drought|[of] p1a: Torkoal\n|move|p2a: Iron Jugulis|Hurricane|p1a: Torkoal|[miss]\n|-miss|p2a: Iron Jugulis|p1a: Torkoal\n|\n|-weather|SunnyDay|[upkeep]\n|upkeep\n|turn|7\n|c|\u2606speedruntothetop|wow\n|c|\u2606speedruntothetop|can i fucking play the game\n|\n|t:|1732964606\n|-end|p2a: Iron Jugulis|Quark Drive|[silent]\n|switch|p2a: Chandelure|Chandelure, L83, F|95/235 slp\n|switch|p1a: Scovillain|Scovillain, L91, F|266/266\n|\n|-weather|SunnyDay|[upkeep]\n|upkeep\n|turn|8\n|\n|t:|1732964616\n|move|p1a: Scovillain|Energy Ball|p2a: Chandelure\n|-resisted|p2a: Chandelure\n|-damage|p2a: Chandelure|40/235 slp\n|-unboost|p2a: Chandelure|spd|1\n|cant|p2a: Chandelure|slp\n|\n|-weather|SunnyDay|[upkeep]\n|upkeep\n|turn|9\n|\n|t:|1732964622\n|move|p1a: Scovillain|Energy Ball|p2a: Chandelure\n|-resisted|p2a: Chandelure\n|-damage|p2a: Chandelure|0 fnt\n|faint|p2a: Chandelure\n|\n|-weather|SunnyDay|[upkeep]\n|upkeep\n|\n|t:|1732964625\n|switch|p2a: Iron Jugulis|Iron Jugulis, L78|207/275\n|-damage|p2a: Iron Jugulis|139/275|[from] Stealth Rock\n|turn|10\n|\n|t:|1732964632\n|move|p1a: Scovillain|Fire Blast|p2a: Iron Jugulis|[miss]\n|-miss|p1a: Scovillain|p2a: Iron Jugulis\n|move|p2a: Iron Jugulis|Hurricane|p1a: Scovillain\n|-supereffective|p1a: Scovillain\n|-damage|p1a: Scovillain|0 fnt\n|faint|p1a: Scovillain\n|\n|-weather|none\n|upkeep\n|\n|t:|1732964642\n|switch|p1a: Torkoal|Torkoal, L88, F|255/266\n|-weather|SunnyDay|[from] ability: Drought|[of] p1a: Torkoal\n|turn|11\n|c|\u2606speedruntothetop|it a mracle\n|c|\u2606speedruntothetop|trun 10\n|c|\u2606speedruntothetop|and i can play\n|c|\u2606speedruntothetop|jesus fucking christ\n|\n|t:|1732964651\n|move|p2a: Iron Jugulis|Hurricane|p1a: Torkoal\n|-damage|p1a: Torkoal|36/266\n|move|p1a: Torkoal|Lava Plume|p2a: Iron Jugulis\n|-damage|p2a: Iron Jugulis|0 fnt\n|faint|p2a: Iron Jugulis\n|-end|p2a: Iron Jugulis|Quark Drive|[silent]\n|\n|-weather|SunnyDay|[upkeep]\n|upkeep\n|\n|t:|1732964660\n|switch|p2a: Whiscash|Whiscash, L88, F|337/337\n|-damage|p2a: Whiscash|316/337|[from] Stealth Rock\n|turn|12\n|\n|t:|1732964670\n|switch|p1a: Rotom|Rotom-Mow, L86|226/226\n|move|p2a: Whiscash|Dragon Dance|p2a: Whiscash\n|-boost|p2a: Whiscash|atk|1\n|-boost|p2a: Whiscash|spe|1\n|\n|-weather|SunnyDay|[upkeep]\n|upkeep\n|turn|13\n|\n|t:|1732964680\n|switch|p2a: Plusle|Plusle, L95, F|268/268\n|-damage|p2a: Plusle|235/268|[from] Stealth Rock\n|move|p1a: Rotom|Will-O-Wisp|p2a: Plusle\n|-status|p2a: Plusle|brn\n|\n|-weather|SunnyDay|[upkeep]\n|-damage|p2a: Plusle|219/268 brn|[from] brn\n|upkeep\n|turn|14\n|\n|t:|1732964689\n|switch|p1a: Torkoal|Torkoal, L88, F|36/266\n|move|p2a: Plusle|Nasty Plot|p2a: Plusle\n|-boost|p2a: Plusle|spa|2\n|\n|-weather|SunnyDay|[upkeep]\n|-damage|p2a: Plusle|203/268 brn|[from] brn\n|upkeep\n|turn|15\n|\n|t:|1732964694\n|move|p2a: Plusle|Thunderbolt|p1a: Torkoal\n|-damage|p1a: Torkoal|0 fnt\n|faint|p1a: Torkoal\n|-damage|p2a: Plusle|177/268 brn|[from] item: Life Orb\n|\n|-weather|none\n|-damage|p2a: Plusle|161/268 brn|[from] brn\n|upkeep\n|\n|t:|1732964713\n|switch|p1a: Cramorant|Cramorant, L86, F|261/261\n|turn|16\n|\n|t:|1732964724\n|-terastallize|p1a: Cramorant|Ground\n|move|p2a: Plusle|Alluring Voice|p1a: Cramorant\n|-damage|p1a: Cramorant|100/261\n|-damage|p2a: Plusle|135/268 brn|[from] item: Life Orb\n|move|p1a: Cramorant|Surf|p2a: Plusle\n|-formechange|p1a: Cramorant|Cramorant-Gorging|\n|-damage|p2a: Plusle|41/268 brn\n|\n|-damage|p2a: Plusle|25/268 brn|[from] brn\n|upkeep\n|turn|17\n|\n|t:|1732964735\n|move|p2a: Plusle|Alluring Voice|p1a: Cramorant\n|-crit|p1a: Cramorant\n|-damage|p1a: Cramorant|0 fnt\n|-damage|p2a: Plusle|0 fnt|[from] ability: Gulp Missile|[of] p1a: Cramorant\n|-formechange|p1a: Cramorant|Cramorant|\n|faint|p1a: Cramorant\n|faint|p2a: Plusle\n|\n|upkeep\n|\n|t:|1732964752\n|switch|p2a: Typhlosion|Typhlosion, L84, F|267/267\n|switch|p1a: Rotom|Rotom-Mow, L86|226/226\n|-damage|p2a: Typhlosion|201/267|[from] Stealth Rock\n|turn|18\n|\n|t:|1732964765\n|switch|p1a: Basculegion|Basculegion-F, L83, F|335/335\n|move|p2a: Typhlosion|Fire Blast|p1a: Basculegion\n|-resisted|p1a: Basculegion\n|-damage|p1a: Basculegion|268/335\n|\n|upkeep\n|turn|19\n|\n|t:|1732964774\n|switch|p2a: Whiscash|Whiscash, L88, F|316/337\n|-damage|p2a: Whiscash|295/337|[from] Stealth Rock\n|move|p1a: Basculegion|Flip Turn|p2a: Whiscash\n|-damage|p2a: Whiscash|201/337\n|\n|t:|1732964780\n|switch|p1a: Rotom|Rotom-Mow, L86|226/226|[from] Flip Turn\n|\n|upkeep\n|turn|20\n|\n|t:|1732964789\n|switch|p2a: Typhlosion|Typhlosion, L84, F|201/267\n|-damage|p2a: Typhlosion|135/267|[from] Stealth Rock\n|move|p1a: Rotom|Thunderbolt|p2a: Typhlosion\n|-damage|p2a: Typhlosion|0 fnt\n|faint|p2a: Typhlosion\n|-damage|p1a: Rotom|204/226|[from] item: Life Orb\n|\n|upkeep\n|\n|t:|1732964792\n|switch|p2a: Golurk|Golurk, L87|297/297\n|-damage|p2a: Golurk|279/297|[from] Stealth Rock\n|turn|21\n|\n|t:|1732964798\n|move|p1a: Rotom|Leaf Storm|p2a: Golurk\n|-supereffective|p2a: Golurk\n|-damage|p2a: Golurk|0 fnt\n|-unboost|p1a: Rotom|spa|2\n|faint|p2a: Golurk\n|-damage|p1a: Rotom|182/226|[from] item: Life Orb\n|\n|upkeep\n|-message|speedruntothetop forfeited.\n|\n|win|MambauMonster\n", "inputlog": ">version b107d77f5c90bd6555267ae244a6264823309ead\n>start {\"formatid\":\"gen9randombattle\",\"seed\":[11082,42535,55320,10156],\"rated\":\"Rated battle\"}\n>player p1 {\"name\":\"MambauMonster\",\"avatar\":\"red\",\"rating\":1506,\"seed\":[8808,56391,49623,16074]}\n>player p2 {\"name\":\"speedruntothetop\",\"avatar\":\"102\",\"rating\":1454,\"seed\":[30314,25685,48447,12698]}\n>p1 move stealthrock\n>p2 move uturn\n>p2 switch 2\n>p1 move yawn\n>p2 move trick\n>p1 switch 4\n>p2 move fireblast\n>p1 move stompingtantrum\n>p2 move fireblast\n>p1 move stompingtantrum\n>p2 switch 2\n>p1 switch 4\n>p2 move hurricane\n>chat \u2606speedruntothetop|wow\n>chat \u2606speedruntothetop|can i fucking play the game\n>p1 switch 4\n>p2 switch 2\n>p1 move energyball\n>p2 move fireblast\n>p1 move energyball\n>p2 move fireblast\n>p2 switch 2\n>p1 move fireblast\n>p2 move hurricane\n>p1 switch 4\n>chat \u2606speedruntothetop|it a mracle\n>chat \u2606speedruntothetop|trun 10\n>chat \u2606speedruntothetop|and i can play\n>chat \u2606speedruntothetop|jesus fucking christ\n>p1 move lavaplume\n>p2 move hurricane\n>p2 switch 5\n>p1 switch 5\n>p2 move dragondance\n>p1 move willowisp\n>p2 switch 6\n>p1 switch 5\n>p2 move nastyplot\n>p1 move yawn\n>p2 move thunderbolt\n>p1 switch 2\n>p1 move surf terastallize\n>p2 move alluringvoice\n>p1 move roost\n>p2 move alluringvoice\n>p1 switch 5\n>p2 switch 3\n>p1 switch 6\n>p2 move fireblast\n>p1 move flipturn\n>p2 switch 6\n>p1 switch 6\n>p1 move thunderbolt\n>p2 switch 6\n>p2 switch 4\n>p1 move leafstorm\n>p2 move poltergeist\n>forcelose p2", "uploadtime": 1732964649, "views": 1, "formatid": "gen9randombattle", "rating": null, "private": 0, "password": null}