{"id": "gen9randombattle-2254020679", "format": "[Gen 9] Random Battle", "players": ["wertnerve", "Niim"], "log": "|j|\u2606wertnerve\n|j|\u2606Niim\n|t:|1732981007\n|gametype|singles\n|player|p1|wertnerve|101|1558\n|player|p2|Niim|2|1630\n|teamsize|p1|6\n|teamsize|p2|6\n|gen|9\n|tier|[Gen 9] Random Battle\n|rated|\n|rule|Species Clause: Limit one of each Pok\u00e9mon\n|rule|HP Percentage Mod: HP is shown in percentages\n|rule|Sleep Clause Mod: Limit one foe put to sleep\n|rule|Illusion Level Mod: Illusion disguises the Pok\u00e9mon's true level\n|\n|t:|1732981007\n|start\n|switch|p1a: Florges|Florges-White, L85, F|271/271\n|switch|p2a: Virizion|Virizion, L82|283/283\n|turn|1\n|inactive|Battle timer is ON: inactive players will automatically lose when time's up. (requested by wertnerve)\n|\n|t:|1732981025\n|switch|p2a: Volcarona|Volcarona, L77, M|257/257\n|move|p1a: Florges|Calm Mind|p1a: Florges\n|-boost|p1a: Florges|spa|1\n|-boost|p1a: Florges|spd|1\n|\n|upkeep\n|turn|2\n|\n|t:|1732981049\n|switch|p2a: Uxie|Uxie, L83|260/260\n|move|p1a: Florges|Calm Mind|p1a: Florges\n|-boost|p1a: Florges|spa|1\n|-boost|p1a: Florges|spd|1\n|\n|upkeep\n|turn|3\n|inactive|wertnerve has 120 seconds left.\n|\n|t:|1732981084\n|switch|p1a: Malamar|Malamar, L82, M|275/275\n|move|p2a: Uxie|Encore||[still]\n|-fail|p2a: Uxie\n|\n|upkeep\n|turn|4\n|inactive|wertnerve has 120 seconds left.\n|\n|t:|1732981095\n|switch|p1a: Reshiram|Reshiram, L76|277/277\n|-ability|p1a: Reshiram|Turboblaze\n|move|p2a: Uxie|Thunder Wave|p1a: Reshiram\n|-status|p1a: Reshiram|par\n|\n|upkeep\n|turn|5\n|\n|t:|1732981102\n|move|p2a: Uxie|Stealth Rock|p1a: Reshiram\n|-sidestart|p1: wertnerve|move: Stealth Rock\n|move|p1a: Reshiram|Dragon Dance|p1a: Reshiram\n|-boost|p1a: Reshiram|atk|1\n|-boost|p1a: Reshiram|spe|1\n|\n|upkeep\n|turn|6\n|\n|t:|1732981105\n|move|p2a: Uxie|Encore|p1a: Reshiram\n|-start|p1a: Reshiram|Encore\n|move|p1a: Reshiram|Dragon Dance|p1a: Reshiram\n|-boost|p1a: Reshiram|atk|1\n|-boost|p1a: Reshiram|spe|1\n|\n|upkeep\n|turn|7\n|\n|t:|1732981119\n|switch|p2a: Gouging Fire|Gouging Fire, L74|277/277\n|move|p1a: Reshiram|Dragon Dance|p1a: Reshiram\n|-boost|p1a: Reshiram|atk|1\n|-boost|p1a: Reshiram|spe|1\n|\n|upkeep\n|turn|8\n|\n|t:|1732981130\n|-terastallize|p1a: Reshiram|Fire\n|cant|p1a: Reshiram|par\n|move|p2a: Gouging Fire|Dragon Dance|p2a: Gouging Fire\n|-boost|p2a: Gouging Fire|atk|1\n|-boost|p2a: Gouging Fire|spe|1\n|\n|-end|p1a: Reshiram|Encore\n|upkeep\n|turn|9\n|\n|t:|1732981143\n|-terastallize|p2a: Gouging Fire|Ground\n|move|p2a: Gouging Fire|Earthquake|p1a: Reshiram\n|-supereffective|p1a: Reshiram\n|-damage|p1a: Reshiram|0 fnt\n|faint|p1a: Reshiram\n|\n|upkeep\n|inactive|wertnerve has 120 seconds left.\n|\n|t:|1732981173\n|switch|p1a: Malamar|Malamar, L82, M|275/275\n|-damage|p1a: Malamar|241/275|[from] Stealth Rock\n|turn|10\n|\n|t:|1732981191\n|move|p2a: Gouging Fire|Earthquake|p1a: Malamar\n|-damage|p1a: Malamar|103/275\n|move|p1a: Malamar|Superpower|p2a: Gouging Fire\n|-crit|p2a: Gouging Fire\n|-damage|p2a: Gouging Fire|176/277\n|-boost|p1a: Malamar|atk|1\n|-boost|p1a: Malamar|def|1\n|\n|-heal|p1a: Malamar|120/275|[from] item: Leftovers\n|upkeep\n|turn|11\n|\n|t:|1732981201\n|move|p2a: Gouging Fire|Dragon Dance|p2a: Gouging Fire\n|-boost|p2a: Gouging Fire|atk|1\n|-boost|p2a: Gouging Fire|spe|1\n|move|p1a: Malamar|Rest|p1a: Malamar\n|-status|p1a: Malamar|slp|[from] move: Rest\n|-heal|p1a: Malamar|275/275 slp|[silent]\n|\n|upkeep\n|turn|12\n|\n|t:|1732981205\n|move|p2a: Gouging Fire|Dragon Dance|p2a: Gouging Fire\n|-boost|p2a: Gouging Fire|atk|1\n|-boost|p2a: Gouging Fire|spe|1\n|cant|p1a: Malamar|slp\n|move|p1a: Malamar|Sleep Talk|p1a: Malamar\n|move|p1a: Malamar|Knock Off|p2a: Gouging Fire|[from]move: Sleep Talk\n|-damage|p2a: Gouging Fire|50/277\n|-enditem|p2a: Gouging Fire|Heavy-Duty Boots|[from] move: Knock Off|[of] p1a: Malamar\n|\n|upkeep\n|turn|13\n|\n|t:|1732981216\n|move|p2a: Gouging Fire|Earthquake|p1a: Malamar\n|-damage|p1a: Malamar|125/275 slp\n|cant|p1a: Malamar|slp\n|move|p1a: Malamar|Sleep Talk|p1a: Malamar\n|move|p1a: Malamar|Superpower|p2a: Gouging Fire|[from]move: Sleep Talk\n|-damage|p2a: Gouging Fire|0 fnt\n|-boost|p1a: Malamar|atk|1\n|-boost|p1a: Malamar|def|1\n|faint|p2a: Gouging Fire\n|-end|p2a: Gouging Fire|Protosynthesis|[silent]\n|\n|-heal|p1a: Malamar|142/275 slp|[from] item: Leftovers\n|upkeep\n|\n|t:|1732981229\n|switch|p2a: Uxie|Uxie, L83|260/260\n|turn|14\n|\n|t:|1732981236\n|move|p2a: Uxie|Encore||[still]\n|-fail|p2a: Uxie\n|-curestatus|p1a: Malamar|slp|[msg]\n|move|p1a: Malamar|Knock Off|p2a: Uxie\n|-supereffective|p2a: Uxie\n|-damage|p2a: Uxie|0 fnt\n|-enditem|p2a: Uxie|Leftovers|[from] move: Knock Off|[of] p1a: Malamar\n|faint|p2a: Uxie\n|\n|-heal|p1a: Malamar|159/275|[from] item: Leftovers\n|upkeep\n|\n|t:|1732981250\n|switch|p2a: Volcarona|Volcarona, L77, M|257/257\n|turn|15\n|\n|t:|1732981265\n|switch|p1a: Florges|Florges-White, L85, F|271/271\n|-damage|p1a: Florges|238/271|[from] Stealth Rock\n|move|p2a: Volcarona|Quiver Dance|p2a: Volcarona\n|-boost|p2a: Volcarona|spa|1\n|-boost|p2a: Volcarona|spd|1\n|-boost|p2a: Volcarona|spe|1\n|\n|-heal|p1a: Florges|254/271|[from] item: Leftovers\n|upkeep\n|turn|16\n|\n|t:|1732981274\n|move|p2a: Volcarona|Quiver Dance|p2a: Volcarona\n|-boost|p2a: Volcarona|spa|1\n|-boost|p2a: Volcarona|spd|1\n|-boost|p2a: Volcarona|spe|1\n|move|p1a: Florges|Calm Mind|p1a: Florges\n|-boost|p1a: Florges|spa|1\n|-boost|p1a: Florges|spd|1\n|\n|-heal|p1a: Florges|270/271|[from] item: Leftovers\n|upkeep\n|turn|17\n|\n|t:|1732981282\n|move|p2a: Volcarona|Quiver Dance|p2a: Volcarona\n|-boost|p2a: Volcarona|spa|1\n|-boost|p2a: Volcarona|spd|1\n|-boost|p2a: Volcarona|spe|1\n|move|p1a: Florges|Tera Blast|p2a: Volcarona\n|-damage|p2a: Volcarona|216/257\n|\n|-heal|p1a: Florges|271/271|[from] item: Leftovers\n|upkeep\n|turn|18\n|\n|t:|1732981285\n|move|p2a: Volcarona|Quiver Dance|p2a: Volcarona\n|-boost|p2a: Volcarona|spa|1\n|-boost|p2a: Volcarona|spd|1\n|-boost|p2a: Volcarona|spe|1\n|move|p1a: Florges|Calm Mind|p1a: Florges\n|-boost|p1a: Florges|spa|1\n|-boost|p1a: Florges|spd|1\n|\n|upkeep\n|turn|19\n|\n|t:|1732981288\n|move|p2a: Volcarona|Quiver Dance|p2a: Volcarona\n|-boost|p2a: Volcarona|spa|1\n|-boost|p2a: Volcarona|spd|1\n|-boost|p2a: Volcarona|spe|1\n|move|p1a: Florges|Calm Mind|p1a: Florges\n|-boost|p1a: Florges|spa|1\n|-boost|p1a: Florges|spd|1\n|\n|upkeep\n|turn|20\n|\n|t:|1732981296\n|move|p2a: Volcarona|Fire Blast|p1a: Florges\n|-damage|p1a: Florges|153/271\n|move|p1a: Florges|Calm Mind|p1a: Florges\n|-boost|p1a: Florges|spa|1\n|-boost|p1a: Florges|spd|1\n|\n|-heal|p1a: Florges|169/271|[from] item: Leftovers\n|upkeep\n|turn|21\n|\n|t:|1732981307\n|move|p2a: Volcarona|Fire Blast|p1a: Florges\n|-damage|p1a: Florges|84/271\n|move|p1a: Florges|Synthesis|p1a: Florges\n|-heal|p1a: Florges|219/271\n|\n|-heal|p1a: Florges|235/271|[from] item: Leftovers\n|upkeep\n|turn|22\n|\n|t:|1732981312\n|move|p2a: Volcarona|Quiver Dance|p2a: Volcarona\n|-boost|p2a: Volcarona|spa|1\n|-boost|p2a: Volcarona|spd|1\n|-boost|p2a: Volcarona|spe|1\n|move|p1a: Florges|Calm Mind|p1a: Florges\n|-boost|p1a: Florges|spa|1\n|-boost|p1a: Florges|spd|1\n|\n|-heal|p1a: Florges|251/271|[from] item: Leftovers\n|upkeep\n|turn|23\n|\n|t:|1732981316\n|move|p2a: Volcarona|Fire Blast|p1a: Florges\n|-damage|p1a: Florges|158/271\n|move|p1a: Florges|Calm Mind|p1a: Florges\n|-boost|p1a: Florges|spa|1\n|-boost|p1a: Florges|spd|1\n|\n|-heal|p1a: Florges|174/271|[from] item: Leftovers\n|upkeep\n|turn|24\n|\n|t:|1732981322\n|move|p2a: Volcarona|Fire Blast|p1a: Florges|[miss]\n|-miss|p2a: Volcarona|p1a: Florges\n|move|p1a: Florges|Synthesis|p1a: Florges\n|-heal|p1a: Florges|271/271\n|\n|upkeep\n|turn|25\n|\n|t:|1732981328\n|move|p2a: Volcarona|Fire Blast|p1a: Florges\n|-damage|p1a: Florges|190/271\n|move|p1a: Florges|Moonblast|p2a: Volcarona\n|-resisted|p2a: Volcarona\n|-damage|p2a: Volcarona|156/257\n|\n|-heal|p1a: Florges|206/271|[from] item: Leftovers\n|upkeep\n|turn|26\n|\n|t:|1732981335\n|move|p2a: Volcarona|Giga Drain|p1a: Florges\n|-damage|p1a: Florges|168/271\n|-heal|p2a: Volcarona|175/257|[from] drain|[of] p1a: Florges\n|move|p1a: Florges|Moonblast|p2a: Volcarona\n|-resisted|p2a: Volcarona\n|-damage|p2a: Volcarona|119/257\n|-unboost|p2a: Volcarona|spa|1\n|\n|-heal|p1a: Florges|184/271|[from] item: Leftovers\n|upkeep\n|turn|27\n|\n|t:|1732981338\n|move|p2a: Volcarona|Giga Drain|p1a: Florges\n|-damage|p1a: Florges|151/271\n|-heal|p2a: Volcarona|136/257|[from] drain|[of] p1a: Florges\n|move|p1a: Florges|Moonblast|p2a: Volcarona\n|-resisted|p2a: Volcarona\n|-damage|p2a: Volcarona|77/257\n|\n|-heal|p1a: Florges|167/271|[from] item: Leftovers\n|upkeep\n|turn|28\n|\n|t:|1732981341\n|move|p2a: Volcarona|Giga Drain|p1a: Florges\n|-damage|p1a: Florges|133/271\n|-heal|p2a: Volcarona|94/257|[from] drain|[of] p1a: Florges\n|move|p1a: Florges|Moonblast|p2a: Volcarona\n|-resisted|p2a: Volcarona\n|-damage|p2a: Volcarona|43/257\n|\n|-heal|p1a: Florges|149/271|[from] item: Leftovers\n|upkeep\n|turn|29\n|\n|t:|1732981346\n|move|p2a: Volcarona|Giga Drain|p1a: Florges\n|-damage|p1a: Florges|115/271\n|-heal|p2a: Volcarona|60/257|[from] drain|[of] p1a: Florges\n|move|p1a: Florges|Synthesis|p1a: Florges\n|-heal|p1a: Florges|250/271\n|\n|-heal|p1a: Florges|266/271|[from] item: Leftovers\n|upkeep\n|turn|30\n|\n|t:|1732981349\n|move|p2a: Volcarona|Giga Drain|p1a: Florges\n|-damage|p1a: Florges|231/271\n|-heal|p2a: Volcarona|78/257|[from] drain|[of] p1a: Florges\n|move|p1a: Florges|Moonblast|p2a: Volcarona\n|-resisted|p2a: Volcarona\n|-damage|p2a: Volcarona|19/257\n|\n|-heal|p1a: Florges|247/271|[from] item: Leftovers\n|upkeep\n|turn|31\n|\n|t:|1732981351\n|move|p2a: Volcarona|Fire Blast|p1a: Florges\n|-damage|p1a: Florges|177/271\n|-status|p1a: Florges|brn\n|move|p1a: Florges|Moonblast|p2a: Volcarona\n|-resisted|p2a: Volcarona\n|-damage|p2a: Volcarona|0 fnt\n|faint|p2a: Volcarona\n|\n|-heal|p1a: Florges|193/271 brn|[from] item: Leftovers\n|-damage|p1a: Florges|177/271 brn|[from] brn\n|upkeep\n|\n|t:|1732981370\n|switch|p2a: Barraskewda|Barraskewda, L81, F|231/231\n|turn|32\n|\n|t:|1732981388\n|switch|p1a: Arboliva|Arboliva, L91, M|290/290\n|-damage|p1a: Arboliva|254/290|[from] Stealth Rock\n|move|p2a: Barraskewda|Flip Turn|p1a: Arboliva\n|-resisted|p1a: Arboliva\n|-damage|p1a: Arboliva|209/290\n|-fieldstart|move: Grassy Terrain|[from] ability: Seed Sower|[of] p1a: Arboliva\n|\n|t:|1732981392\n|switch|p2a: Kyogre|Kyogre, L71|259/259|[from] Flip Turn\n|-weather|RainDance|[from] ability: Drizzle|[of] p2a: Kyogre\n|\n|-weather|RainDance|[upkeep]\n|-heal|p1a: Arboliva|227/290|[from] Grassy Terrain\n|-heal|p1a: Arboliva|245/290|[from] item: Leftovers\n|upkeep\n|turn|33\n|\n|t:|1732981420\n|move|p2a: Kyogre|Ice Beam|p1a: Arboliva\n|-supereffective|p1a: Arboliva\n|-damage|p1a: Arboliva|149/290\n|move|p1a: Arboliva|Energy Ball|p2a: Kyogre\n|-supereffective|p2a: Kyogre\n|-damage|p2a: Kyogre|0 fnt\n|faint|p2a: Kyogre\n|\n|-weather|RainDance|[upkeep]\n|-heal|p1a: Arboliva|167/290|[from] Grassy Terrain\n|-heal|p1a: Arboliva|185/290|[from] item: Leftovers\n|upkeep\n|\n|t:|1732981433\n|switch|p2a: Virizion|Virizion, L82|283/283\n|turn|34\n|\n|t:|1732981442\n|switch|p1a: Victreebel|Victreebel, L90, F|290/290\n|-damage|p1a: Victreebel|254/290|[from] Stealth Rock\n|move|p2a: Virizion|Close Combat|p1a: Victreebel\n|-resisted|p1a: Victreebel\n|-damage|p1a: Victreebel|164/290\n|-unboost|p2a: Virizion|def|1\n|-unboost|p2a: Virizion|spd|1\n|-damage|p2a: Virizion|255/283|[from] item: Life Orb\n|\n|-weather|RainDance|[upkeep]\n|-heal|p2a: Virizion|272/283|[from] Grassy Terrain\n|-heal|p1a: Victreebel|182/290|[from] Grassy Terrain\n|upkeep\n|turn|35\n|\n|t:|1732981452\n|move|p2a: Virizion|Swords Dance|p2a: Virizion\n|-boost|p2a: Virizion|atk|2\n|move|p1a: Victreebel|Poison Jab|p2a: Virizion\n|-supereffective|p2a: Virizion\n|-damage|p2a: Virizion|0 fnt\n|faint|p2a: Virizion\n|-damage|p1a: Victreebel|153/290|[from] item: Life Orb\n|\n|-weather|RainDance|[upkeep]\n|-heal|p1a: Victreebel|171/290|[from] Grassy Terrain\n|upkeep\n|\n|t:|1732981455\n|switch|p2a: Barraskewda|Barraskewda, L81, F|231/231\n|turn|36\n|\n|t:|1732981465\n|move|p1a: Victreebel|Sucker Punch|p2a: Barraskewda\n|-damage|p2a: Barraskewda|127/231\n|-damage|p1a: Victreebel|142/290|[from] item: Life Orb\n|move|p2a: Barraskewda|Close Combat|p1a: Victreebel\n|-resisted|p1a: Victreebel\n|-damage|p1a: Victreebel|56/290\n|-unboost|p2a: Barraskewda|def|1\n|-unboost|p2a: Barraskewda|spd|1\n|\n|-weather|none\n|-heal|p2a: Barraskewda|141/231|[from] Grassy Terrain\n|-heal|p1a: Victreebel|74/290|[from] Grassy Terrain\n|-fieldend|move: Grassy Terrain\n|upkeep\n|turn|37\n|l|\u2606Niim\n|inactive|Niim disconnected and has a minute to reconnect!\n|player|p2|\n|\n|t:|1732981475\n|move|p1a: Victreebel|Sucker Punch|p2a: Barraskewda\n|-damage|p2a: Barraskewda|0 fnt\n|faint|p2a: Barraskewda\n|-damage|p1a: Victreebel|45/290|[from] item: Life Orb\n|\n|win|wertnerve\n|raw|wertnerve's rating: 1558 &rarr; <strong>1582</strong><br />(+24 for winning)\n|raw|Niim's rating: 1630 &rarr; <strong>1606</strong><br />(-24 for losing)\n|c|\u2606wertnerve|GGWP\n", "inputlog": ">version b107d77f5c90bd6555267ae244a6264823309ead\n>start {\"formatid\":\"gen9randombattle\",\"seed\":[10459,12164,54991,14745],\"rated\":\"Rated battle\"}\n>player p1 {\"name\":\"wertnerve\",\"avatar\":\"101\",\"rating\":1558,\"seed\":[4869,16574,30220,40770]}\n>player p2 {\"name\":\"Niim\",\"avatar\":\"2\",\"rating\":1630,\"seed\":[6681,19002,29171,98]}\n>p1 move calmmind\n>p2 switch 2\n>p1 move calmmind\n>p2 switch 3\n>p1 switch 2\n>p2 move encore\n>p1 switch 4\n>p2 move thunderwave\n>p1 move dragondance\n>p2 move stealthrock\n>p1 move dragondance\n>p2 move encore\n>p1 move dragondance\n>p2 switch 6\n>p1 move dragondance terastallize\n>p2 move dragondance\n>p1 move stoneedge\n>p2 move earthquake terastallize\n>p1 switch 4\n>p1 move superpower\n>p2 move earthquake\n>p1 move rest\n>p2 move dragondance\n>p1 move sleeptalk\n>p2 move dragondance\n>p1 move sleeptalk\n>p2 move earthquake\n>p2 switch 6\n>p1 move knockoff\n>p2 move encore\n>p2 switch 3\n>p1 switch 2\n>p2 move quiverdance\n>p1 move calmmind\n>p2 move quiverdance\n>p1 move terablast\n>p2 move quiverdance\n>p1 move calmmind\n>p2 move quiverdance\n>p1 move calmmind\n>p2 move quiverdance\n>p1 move calmmind\n>p2 move fireblast\n>p1 move synthesis\n>p2 move fireblast\n>p1 move calmmind\n>p2 move quiverdance\n>p1 move calmmind\n>p2 move fireblast\n>p1 move synthesis\n>p2 move fireblast\n>p1 move moonblast\n>p2 move fireblast\n>p1 move moonblast\n>p2 move gigadrain\n>p1 move moonblast\n>p2 move gigadrain\n>p1 move moonblast\n>p2 move gigadrain\n>p1 move synthesis\n>p2 move gigadrain\n>p1 move moonblast\n>p2 move gigadrain\n>p1 move moonblast\n>p2 move fireblast\n>p2 switch 5\n>p1 switch 3\n>p2 move flipturn\n>p2 switch 4\n>p1 move energyball\n>p2 move icebeam\n>p2 switch 2\n>p1 switch 5\n>p2 move closecombat\n>p1 move poisonjab\n>p2 move swordsdance\n>p2 switch 4\n>p1 move suckerpunch\n>p2 move closecombat\n>p1 move suckerpunch\n>p2 move closecombat", "uploadtime": 1732981487, "views": 3, "formatid": "gen9randombattle", "rating": 1582, "private": 0, "password": null}