{"id": "gen9randombattle-2254160326", "format": "[Gen 9] Random Battle", "players": ["ellthesylveon", "annabelatrix"], "log": "|j|\u203dellthesylveon\n|j|\u2606annabelatrix\n|t:|1732998676\n|gametype|singles\n|player|p1|ellthesylveon|lady|1390\n|player|p2|annabelatrix|iris-gen5bw2|1365\n|teamsize|p1|6\n|teamsize|p2|6\n|gen|9\n|tier|[Gen 9] Random Battle\n|rated|\n|rule|Species Clause: Limit one of each Pok\u00e9mon\n|rule|HP Percentage Mod: HP is shown in percentages\n|rule|Sleep Clause Mod: Limit one foe put to sleep\n|rule|Illusion Level Mod: Illusion disguises the Pok\u00e9mon's true level\n|\n|t:|1732998676\n|start\n|switch|p1a: Mudsdale|Mudsdale, L84, M|305/305\n|switch|p2a: Vigoroth|Vigoroth, L85, F|275/275\n|turn|1\n|inactive|Battle timer is ON: inactive players will automatically lose when time's up. (requested by ellthesylveon)\n|\n|t:|1732998688\n|move|p2a: Vigoroth|Bulk Up|p2a: Vigoroth\n|-boost|p2a: Vigoroth|atk|1\n|-boost|p2a: Vigoroth|def|1\n|move|p1a: Mudsdale|Stealth Rock|p2a: Vigoroth\n|-sidestart|p2: annabelatrix|move: Stealth Rock\n|\n|upkeep\n|turn|2\n|\n|t:|1732998699\n|move|p2a: Vigoroth|Bulk Up|p2a: Vigoroth\n|-boost|p2a: Vigoroth|atk|1\n|-boost|p2a: Vigoroth|def|1\n|move|p1a: Mudsdale|Body Press|p2a: Vigoroth\n|-supereffective|p2a: Vigoroth\n|-damage|p2a: Vigoroth|231/275\n|\n|upkeep\n|turn|3\n|\n|t:|1732998710\n|switch|p1a: Galvantula|Galvantula, L82, F|249/249\n|move|p2a: Vigoroth|Bulk Up|p2a: Vigoroth\n|-boost|p2a: Vigoroth|atk|1\n|-boost|p2a: Vigoroth|def|1\n|\n|upkeep\n|turn|4\n|\n|t:|1732998730\n|move|p1a: Galvantula|Thunder|p2a: Vigoroth\n|-damage|p2a: Vigoroth|125/275\n|move|p2a: Vigoroth|Body Slam|p1a: Galvantula\n|-damage|p1a: Galvantula|2/249\n|\n|upkeep\n|turn|5\n|\n|t:|1732998740\n|-terastallize|p2a: Vigoroth|Ground\n|move|p1a: Galvantula|Sticky Web|p2a: Vigoroth\n|-sidestart|p2: annabelatrix|move: Sticky Web\n|move|p2a: Vigoroth|Body Slam|p1a: Galvantula\n|-damage|p1a: Galvantula|0 fnt\n|faint|p1a: Galvantula\n|\n|upkeep\n|\n|t:|1732998756\n|switch|p1a: Froslass|Froslass, L87, F|263/263\n|turn|6\n|\n|t:|1732998765\n|move|p1a: Froslass|Triple Axel|p2a: Vigoroth\n|-supereffective|p2a: Vigoroth\n|-damage|p2a: Vigoroth|113/275\n|-supereffective|p2a: Vigoroth\n|-damage|p2a: Vigoroth|89/275\n|-supereffective|p2a: Vigoroth\n|-damage|p2a: Vigoroth|57/275\n|-hitcount|p2a: Vigoroth|3\n|move|p2a: Vigoroth|Slack Off|p2a: Vigoroth\n|-heal|p2a: Vigoroth|195/275\n|\n|upkeep\n|turn|7\n|\n|t:|1732998772\n|move|p1a: Froslass|Will-O-Wisp|p2a: Vigoroth\n|-status|p2a: Vigoroth|brn\n|move|p2a: Vigoroth|Slack Off|p2a: Vigoroth\n|-heal|p2a: Vigoroth|275/275 brn\n|\n|-damage|p2a: Vigoroth|258/275 brn|[from] brn\n|upkeep\n|turn|8\n|\n|t:|1732998783\n|move|p1a: Froslass|Spikes|p2a: Vigoroth\n|-sidestart|p2: annabelatrix|Spikes\n|move|p2a: Vigoroth|Bulk Up|p2a: Vigoroth\n|-boost|p2a: Vigoroth|atk|1\n|-boost|p2a: Vigoroth|def|1\n|\n|-damage|p2a: Vigoroth|241/275 brn|[from] brn\n|upkeep\n|turn|9\n|\n|t:|1732998792\n|move|p1a: Froslass|Spikes|p2a: Vigoroth\n|-sidestart|p2: annabelatrix|Spikes\n|move|p2a: Vigoroth|Earthquake|p1a: Froslass\n|-damage|p1a: Froslass|104/263\n|\n|-damage|p2a: Vigoroth|224/275 brn|[from] brn\n|upkeep\n|turn|10\n|\n|t:|1732998799\n|move|p1a: Froslass|Poltergeist|p2a: Vigoroth\n|-activate|p2a: Vigoroth|move: Poltergeist|Eviolite\n|-damage|p2a: Vigoroth|197/275 brn\n|move|p2a: Vigoroth|Earthquake|p1a: Froslass\n|-damage|p1a: Froslass|0 fnt\n|faint|p1a: Froslass\n|\n|-damage|p2a: Vigoroth|180/275 brn|[from] brn\n|upkeep\n|\n|t:|1732998823\n|switch|p1a: Azelf|Azelf, L82|257/257\n|turn|11\n|\n|t:|1732998829\n|move|p1a: Azelf|Nasty Plot|p1a: Azelf\n|-boost|p1a: Azelf|spa|2\n|move|p2a: Vigoroth|Body Slam|p1a: Azelf\n|-crit|p1a: Azelf\n|-damage|p1a: Azelf|44/257\n|-status|p1a: Azelf|par\n|\n|-damage|p2a: Vigoroth|163/275 brn|[from] brn\n|upkeep\n|turn|12\n|\n|t:|1732998846\n|move|p2a: Vigoroth|Body Slam|p1a: Azelf\n|-damage|p1a: Azelf|0 fnt\n|faint|p1a: Azelf\n|\n|-damage|p2a: Vigoroth|146/275 brn|[from] brn\n|upkeep\n|\n|t:|1732998855\n|switch|p1a: Mudsdale|Mudsdale, L84, M|305/305\n|turn|13\n|\n|t:|1732998867\n|move|p2a: Vigoroth|Bulk Up|p2a: Vigoroth\n|-boost|p2a: Vigoroth|atk|1\n|-boost|p2a: Vigoroth|def|1\n|move|p1a: Mudsdale|Earthquake|p2a: Vigoroth\n|-damage|p2a: Vigoroth|118/275 brn\n|\n|-damage|p2a: Vigoroth|101/275 brn|[from] brn\n|upkeep\n|turn|14\n|\n|t:|1732998874\n|move|p2a: Vigoroth|Bulk Up|p2a: Vigoroth\n|-boost|p2a: Vigoroth|atk|1\n|-boost|p2a: Vigoroth|def|1\n|move|p1a: Mudsdale|Earthquake|p2a: Vigoroth\n|-damage|p2a: Vigoroth|74/275 brn\n|\n|-damage|p2a: Vigoroth|57/275 brn|[from] brn\n|upkeep\n|turn|15\n|\n|t:|1732998881\n|move|p2a: Vigoroth|Slack Off|p2a: Vigoroth\n|-heal|p2a: Vigoroth|195/275 brn\n|move|p1a: Mudsdale|Earthquake|p2a: Vigoroth\n|-damage|p2a: Vigoroth|171/275 brn\n|\n|-damage|p2a: Vigoroth|154/275 brn|[from] brn\n|upkeep\n|turn|16\n|\n|t:|1732998889\n|move|p2a: Vigoroth|Slack Off|p2a: Vigoroth\n|-heal|p2a: Vigoroth|275/275 brn\n|move|p1a: Mudsdale|Earthquake|p2a: Vigoroth\n|-damage|p2a: Vigoroth|251/275 brn\n|\n|-damage|p2a: Vigoroth|234/275 brn|[from] brn\n|upkeep\n|turn|17\n|\n|t:|1732998899\n|move|p2a: Vigoroth|Bulk Up|p2a: Vigoroth\n|-boost|p2a: Vigoroth|atk|0\n|-boost|p2a: Vigoroth|def|0\n|move|p1a: Mudsdale|Earthquake|p2a: Vigoroth\n|-damage|p2a: Vigoroth|209/275 brn\n|\n|-damage|p2a: Vigoroth|192/275 brn|[from] brn\n|upkeep\n|turn|18\n|\n|t:|1732998906\n|move|p2a: Vigoroth|Bulk Up|p2a: Vigoroth\n|-boost|p2a: Vigoroth|atk|0\n|-boost|p2a: Vigoroth|def|0\n|move|p1a: Mudsdale|Earthquake|p2a: Vigoroth\n|-damage|p2a: Vigoroth|165/275 brn\n|\n|-damage|p2a: Vigoroth|148/275 brn|[from] brn\n|upkeep\n|turn|19\n|\n|t:|1732998913\n|move|p2a: Vigoroth|Bulk Up|p2a: Vigoroth\n|-boost|p2a: Vigoroth|atk|0\n|-boost|p2a: Vigoroth|def|0\n|move|p1a: Mudsdale|Earthquake|p2a: Vigoroth\n|-crit|p2a: Vigoroth\n|-damage|p2a: Vigoroth|19/275 brn\n|\n|-damage|p2a: Vigoroth|2/275 brn|[from] brn\n|upkeep\n|turn|20\n|\n|t:|1732998922\n|move|p2a: Vigoroth|Body Slam|p1a: Mudsdale\n|-damage|p1a: Mudsdale|158/305\n|-ability|p1a: Mudsdale|Stamina|boost\n|-boost|p1a: Mudsdale|def|1\n|move|p1a: Mudsdale|Earthquake|p2a: Vigoroth\n|-damage|p2a: Vigoroth|0 fnt\n|faint|p2a: Vigoroth\n|\n|-heal|p1a: Mudsdale|177/305|[from] item: Leftovers\n|upkeep\n|\n|t:|1732998941\n|switch|p2a: Appletun|Appletun, L92, M|352/352\n|-damage|p2a: Appletun|308/352|[from] Stealth Rock\n|-activate|p2a: Appletun|move: Sticky Web\n|-unboost|p2a: Appletun|spe|1\n|-damage|p2a: Appletun|250/352|[from] Spikes\n|turn|21\n|\n|t:|1732998950\n|-terastallize|p1a: Mudsdale|Fighting\n|move|p1a: Mudsdale|Body Press|p2a: Appletun\n|-damage|p2a: Appletun|127/352\n|move|p2a: Appletun|Apple Acid|p1a: Mudsdale\n|-damage|p1a: Mudsdale|62/305\n|-unboost|p1a: Mudsdale|spd|1\n|-ability|p1a: Mudsdale|Stamina|boost\n|-boost|p1a: Mudsdale|def|1\n|\n|-heal|p1a: Mudsdale|81/305|[from] item: Leftovers\n|-heal|p2a: Appletun|149/352|[from] item: Leftovers\n|upkeep\n|turn|22\n|\n|t:|1732998974\n|move|p1a: Mudsdale|Body Press|p2a: Appletun\n|-damage|p2a: Appletun|0 fnt\n|faint|p2a: Appletun\n|\n|-heal|p1a: Mudsdale|100/305|[from] item: Leftovers\n|upkeep\n|inactive|annabelatrix has 120 seconds left.\n|\n|t:|1732999000\n|switch|p2a: Piloswine|Piloswine, L85, M|309/309\n|-damage|p2a: Piloswine|271/309|[from] Stealth Rock\n|-activate|p2a: Piloswine|move: Sticky Web\n|-unboost|p2a: Piloswine|spe|1\n|-damage|p2a: Piloswine|220/309|[from] Spikes\n|turn|23\n|\n|t:|1732999014\n|move|p1a: Mudsdale|Body Press|p2a: Piloswine\n|-supereffective|p2a: Piloswine\n|-damage|p2a: Piloswine|0 fnt\n|faint|p2a: Piloswine\n|\n|-heal|p1a: Mudsdale|119/305|[from] item: Leftovers\n|upkeep\n|\n|t:|1732999026\n|switch|p2a: Pincurchin|Pincurchin, M|258/258\n|-damage|p2a: Pincurchin|226/258|[from] Stealth Rock\n|-activate|p2a: Pincurchin|move: Sticky Web\n|-unboost|p2a: Pincurchin|spe|1\n|-damage|p2a: Pincurchin|183/258|[from] Spikes\n|-fieldstart|move: Electric Terrain|[from] ability: Electric Surge|[of] p2a: Pincurchin\n|turn|24\n|\n|t:|1732999035\n|move|p1a: Mudsdale|Earthquake|p2a: Pincurchin\n|-supereffective|p2a: Pincurchin\n|-damage|p2a: Pincurchin|0 fnt\n|faint|p2a: Pincurchin\n|\n|-heal|p1a: Mudsdale|138/305|[from] item: Leftovers\n|upkeep\n|-message|annabelatrix forfeited.\n|\n|win|ellthesylveon\n|raw|ellthesylveon's rating: 1390 &rarr; <strong>1409</strong><br />(+19 for winning)\n|raw|annabelatrix's rating: 1365 &rarr; <strong>1346</strong><br />(-19 for losing)\n|l|\u2606annabelatrix\n|player|p2|\n", "inputlog": ">version b107d77f5c90bd6555267ae244a6264823309ead\n>start {\"formatid\":\"gen9randombattle\",\"seed\":[59602,51676,26911,33408],\"rated\":\"Rated battle\"}\n>player p1 {\"name\":\"ellthesylveon\",\"avatar\":\"lady\",\"rating\":1390,\"seed\":[8678,27503,9347,26328]}\n>player p2 {\"name\":\"annabelatrix\",\"avatar\":\"iris-gen5bw2\",\"rating\":1365,\"seed\":[16638,27194,28675,34840]}\n>p1 move stealthrock\n>p2 move bulkup\n>p1 move bodypress\n>p2 move bulkup\n>p1 switch 3\n>p2 move bulkup\n>p1 move thunder\n>p2 move bodyslam\n>p1 move stickyweb\n>p2 move bodyslam terastallize\n>p1 switch 6\n>p1 move tripleaxel\n>p2 move slackoff\n>p1 move willowisp\n>p2 move slackoff\n>p1 move spikes\n>p2 move bulkup\n>p1 move spikes\n>p2 move earthquake\n>p1 move poltergeist\n>p2 move earthquake\n>p1 switch 4\n>p1 move nastyplot\n>p2 move bodyslam\n>p1 move psychic\n>p2 move bodyslam\n>p1 switch 3\n>p1 move earthquake\n>p2 move bulkup\n>p1 move earthquake\n>p2 move bulkup\n>p1 move earthquake\n>p2 move slackoff\n>p1 move earthquake\n>p2 move slackoff\n>p1 move earthquake\n>p2 move bulkup\n>p1 move earthquake\n>p2 move bulkup\n>p1 move earthquake\n>p2 move bulkup\n>p1 move earthquake\n>p2 move bodyslam\n>p2 switch 6\n>p1 move bodypress terastallize\n>p2 move appleacid\n>p1 move bodypress\n>p2 move appleacid\n>p2 switch 5\n>p1 move bodypress\n>p2 move roar\n>p2 switch 2\n>p1 move earthquake\n>p2 move liquidation\n>forcelose p2", "uploadtime": 1732999041, "views": 7, "formatid": "gen9randombattle", "rating": 1346, "private": 0, "password": null}