{"id": "gen9randombattle-2253852224", "format": "[Gen 9] Random Battle", "players": ["dadumpgod6", "Bodedee"], "log": "|j|\u2606dadumpgod6\n|j|\u2606Bodedee\n|t:|1732949084\n|gametype|singles\n|player|p1|dadumpgod6|1|1244\n|player|p2|Bodedee|skierf|1222\n|teamsize|p1|6\n|teamsize|p2|6\n|gen|9\n|tier|[Gen 9] Random Battle\n|rated|\n|rule|Species Clause: Limit one of each Pok\u00e9mon\n|rule|HP Percentage Mod: HP is shown in percentages\n|rule|Sleep Clause Mod: Limit one foe put to sleep\n|rule|Illusion Level Mod: Illusion disguises the Pok\u00e9mon's true level\n|\n|t:|1732949084\n|start\n|switch|p1a: Krookodile|Krookodile, L80, M|283/283\n|switch|p2a: Leafeon|Leafeon, L88, F|258/258\n|-ability|p1a: Krookodile|Intimidate|boost\n|-unboost|p2a: Leafeon|atk|1\n|turn|1\n|\n|t:|1732949105\n|-terastallize|p1a: Krookodile|Poison\n|move|p2a: Leafeon|Leaf Blade|p1a: Krookodile\n|-resisted|p1a: Krookodile\n|-damage|p1a: Krookodile|223/283\n|-damage|p2a: Leafeon|233/258|[from] item: Life Orb\n|move|p1a: Krookodile|Gunk Shot|p2a: Leafeon\n|-supereffective|p2a: Leafeon\n|-damage|p2a: Leafeon|0 fnt\n|faint|p2a: Leafeon\n|-damage|p1a: Krookodile|195/283|[from] item: Life Orb\n|\n|upkeep\n|\n|t:|1732949115\n|switch|p2a: Necrozma|Necrozma-Dawn-Wings, L76|272/272\n|turn|2\n|\n|t:|1732949135\n|switch|p1a: Bronzong|Bronzong, L88|261/261\n|-terastallize|p2a: Necrozma|Fairy\n|move|p2a: Necrozma|Photon Geyser|p1a: Bronzong\n|-resisted|p1a: Bronzong\n|-damage|p1a: Bronzong|236/261\n|\n|-heal|p1a: Bronzong|252/261|[from] item: Leftovers\n|upkeep\n|turn|3\n|\n|t:|1732949148\n|move|p2a: Necrozma|Moongeist Beam|p1a: Bronzong\n|-supereffective|p1a: Bronzong\n|-damage|p1a: Bronzong|48/261\n|move|p1a: Bronzong|Iron Head|p2a: Necrozma\n|-supereffective|p2a: Necrozma\n|-damage|p2a: Necrozma|155/272\n|\n|-heal|p2a: Necrozma|172/272|[from] item: Leftovers\n|-heal|p1a: Bronzong|64/261|[from] item: Leftovers\n|upkeep\n|turn|4\n|\n|t:|1732949157\n|move|p2a: Necrozma|Moongeist Beam|p1a: Bronzong\n|-supereffective|p1a: Bronzong\n|-damage|p1a: Bronzong|0 fnt\n|faint|p1a: Bronzong\n|\n|-heal|p2a: Necrozma|189/272|[from] item: Leftovers\n|upkeep\n|\n|t:|1732949186\n|switch|p1a: Landorus|Landorus-Therian, L76, M|260/260\n|-ability|p1a: Landorus|Intimidate|boost\n|-unboost|p2a: Necrozma|atk|1\n|turn|5\n|\n|t:|1732949201\n|move|p1a: Landorus|Stone Edge|p2a: Necrozma\n|-damage|p2a: Necrozma|109/272\n|move|p2a: Necrozma|Moongeist Beam|p1a: Landorus\n|-damage|p1a: Landorus|115/260\n|\n|-heal|p1a: Landorus|131/260|[from] item: Leftovers\n|-heal|p2a: Necrozma|126/272|[from] item: Leftovers\n|upkeep\n|turn|6\n|\n|t:|1732949212\n|move|p1a: Landorus|Stealth Rock|p2a: Necrozma\n|-sidestart|p2: Bodedee|move: Stealth Rock\n|move|p2a: Necrozma|Moonlight|p2a: Necrozma\n|-heal|p2a: Necrozma|262/272\n|\n|-heal|p1a: Landorus|147/260|[from] item: Leftovers\n|-heal|p2a: Necrozma|272/272|[from] item: Leftovers\n|upkeep\n|turn|7\n|\n|t:|1732949217\n|move|p1a: Landorus|Stone Edge|p2a: Necrozma\n|-damage|p2a: Necrozma|199/272\n|move|p2a: Necrozma|Moongeist Beam|p1a: Landorus\n|-damage|p1a: Landorus|0 fnt\n|faint|p1a: Landorus\n|\n|-heal|p2a: Necrozma|216/272|[from] item: Leftovers\n|upkeep\n|\n|t:|1732949228\n|switch|p1a: Krookodile|Krookodile, L80, M, tera:Poison|195/283\n|-ability|p1a: Krookodile|Intimidate|boost\n|-unboost|p2a: Necrozma|atk|1\n|turn|8\n|\n|t:|1732949278\n|switch|p2a: Diancie|Diancie, L82|216/216\n|-damage|p2a: Diancie|189/216|[from] Stealth Rock\n|move|p1a: Krookodile|Gunk Shot|p2a: Diancie\n|-damage|p2a: Diancie|80/216\n|-damage|p1a: Krookodile|167/283|[from] item: Life Orb\n|\n|-heal|p2a: Diancie|93/216|[from] item: Leftovers\n|upkeep\n|turn|9\n|\n|t:|1732949295\n|move|p1a: Krookodile|Earthquake|p2a: Diancie\n|-supereffective|p2a: Diancie\n|-damage|p2a: Diancie|0 fnt\n|faint|p2a: Diancie\n|-damage|p1a: Krookodile|139/283|[from] item: Life Orb\n|\n|upkeep\n|\n|t:|1732949298\n|switch|p2a: Bruxish|Bruxish, L85, F|254/254\n|-damage|p2a: Bruxish|223/254|[from] Stealth Rock\n|turn|10\n|\n|t:|1732949308\n|switch|p1a: Luvdisc|Luvdisc, M|247/247\n|move|p2a: Bruxish|Psychic Fangs|p1a: Luvdisc\n|-damage|p1a: Luvdisc|0 fnt\n|faint|p1a: Luvdisc\n|\n|upkeep\n|\n|t:|1732949319\n|switch|p1a: Luxray|Luxray, L88, M|283/283\n|turn|11\n|\n|t:|1732949327\n|switch|p2a: Thundurus|Thundurus-Therian, L80, M|258/258\n|move|p1a: Luxray|Trailblaze|p2a: Thundurus\n|-resisted|p2a: Thundurus\n|-damage|p2a: Thundurus|229/258\n|-boost|p1a: Luxray|spe|1\n|\n|-status|p1a: Luxray|brn|[from] item: Flame Orb\n|upkeep\n|turn|12\n|\n|t:|1732949353\n|move|p1a: Luxray|Facade|p2a: Thundurus\n|-damage|p2a: Thundurus|8/258\n|move|p2a: Thundurus|Sludge Wave|p1a: Luxray\n|-damage|p1a: Luxray|189/283 brn\n|\n|-damage|p1a: Luxray|172/283 brn|[from] brn\n|upkeep\n|turn|13\n|\n|t:|1732949362\n|move|p1a: Luxray|Trailblaze|p2a: Thundurus\n|-resisted|p2a: Thundurus\n|-damage|p2a: Thundurus|0 fnt\n|-boost|p1a: Luxray|spe|1\n|faint|p2a: Thundurus\n|\n|-damage|p1a: Luxray|155/283 brn|[from] brn\n|upkeep\n|\n|t:|1732949371\n|switch|p2a: Braviary|Braviary, L85, M|309/309\n|turn|14\n|\n|t:|1732949376\n|move|p1a: Luxray|Supercell Slam|p2a: Braviary\n|-supereffective|p2a: Braviary\n|-damage|p2a: Braviary|0 fnt\n|faint|p2a: Braviary\n|\n|-damage|p1a: Luxray|138/283 brn|[from] brn\n|upkeep\n|\n|t:|1732949381\n|switch|p2a: Necrozma|Necrozma-Dawn-Wings, L76, tera:Fairy|216/272\n|-damage|p2a: Necrozma|182/272|[from] Stealth Rock\n|turn|15\n|\n|t:|1732949396\n|move|p1a: Luxray|Facade|p2a: Necrozma\n|-damage|p2a: Necrozma|0 fnt\n|faint|p2a: Necrozma\n|\n|-damage|p1a: Luxray|121/283 brn|[from] brn\n|upkeep\n|\n|t:|1732949400\n|switch|p2a: Bruxish|Bruxish, L85, F|223/254\n|-damage|p2a: Bruxish|192/254|[from] Stealth Rock\n|turn|16\n|\n|t:|1732949404\n|move|p1a: Luxray|Supercell Slam|p2a: Bruxish\n|-supereffective|p2a: Bruxish\n|-damage|p2a: Bruxish|0 fnt\n|faint|p2a: Bruxish\n|\n|win|dadumpgod6\n|raw|dadumpgod6's rating: 1244 &rarr; <strong>1267</strong><br />(+23 for winning)\n|raw|Bodedee's rating: 1222 &rarr; <strong>1199</strong><br />(-23 for losing)\n", "inputlog": ">version b107d77f5c90bd6555267ae244a6264823309ead\n>start {\"formatid\":\"gen9randombattle\",\"seed\":[43331,62340,44156,47816],\"rated\":\"Rated battle\"}\n>player p1 {\"name\":\"dadumpgod6\",\"avatar\":\"1\",\"rating\":1244,\"seed\":[40749,29024,57373,6769]}\n>player p2 {\"name\":\"Bodedee\",\"avatar\":\"skierf\",\"rating\":1222,\"seed\":[58260,12233,62744,56455]}\n>p1 move gunkshot terastallize\n>p2 move leafblade\n>p2 switch 6\n>p1 switch 5\n>p2 move photongeyser terastallize\n>p1 move ironhead\n>p2 move moongeistbeam\n>p1 move ironhead\n>p2 move moongeistbeam\n>p1 switch 2\n>p1 move stoneedge\n>p2 move moongeistbeam\n>p1 move stealthrock\n>p2 move moonlight\n>p1 move stoneedge\n>p2 move moongeistbeam\n>p1 switch 5\n>p1 move gunkshot\n>p2 switch 2\n>p1 move earthquake\n>p2 move stealthrock\n>p2 switch 5\n>p1 switch 4\n>p2 move psychicfangs\n>p1 switch 6\n>p1 move trailblaze\n>p2 switch 3\n>p1 move facade\n>p2 move sludgewave\n>p1 move trailblaze\n>p2 move sludgewave\n>p2 switch 4\n>p1 move supercellslam\n>p2 move closecombat\n>p2 switch 2\n>p1 move facade\n>p2 move photongeyser\n>p2 switch 3\n>p1 move supercellslam\n>p2 move crunch", "uploadtime": 1732949410, "views": 1, "formatid": "gen9randombattle", "rating": 1199, "private": 0, "password": null}