{"id": "gen9randombattle-2253919890", "format": "[Gen 9] Random Battle", "players": ["manolovm01", "Ayoitstimo"], "log": "|j|\u2606manolovm01\n|j|\u2606Ayoitstimo\n|t:|1732963918\n|gametype|singles\n|player|p1|manolovm01|102|1159\n|player|p2|Ayoitstimo|170|1198\n|teamsize|p1|6\n|teamsize|p2|6\n|gen|9\n|tier|[Gen 9] Random Battle\n|rated|\n|rule|Species Clause: Limit one of each Pok\u00e9mon\n|rule|HP Percentage Mod: HP is shown in percentages\n|rule|Sleep Clause Mod: Limit one foe put to sleep\n|rule|Illusion Level Mod: Illusion disguises the Pok\u00e9mon's true level\n|\n|t:|1732963918\n|start\n|switch|p1a: Alcremie|Alcremie-Ruby-Swirl, L90, F|263/263\n|switch|p2a: Kyurem|Kyurem-White, L73|303/303\n|-ability|p2a: Kyurem|Turboblaze\n|turn|1\n|inactive|Battle timer is ON: inactive players will automatically lose when time's up. (requested by manolovm01)\n|\n|t:|1732963942\n|switch|p2a: Cobalion|Cobalion, L80|277/277\n|move|p1a: Alcremie|Alluring Voice|p2a: Cobalion\n|-damage|p2a: Cobalion|142/277\n|\n|-heal|p2a: Cobalion|159/277|[from] item: Leftovers\n|upkeep\n|turn|2\n|\n|t:|1732963964\n|switch|p1a: Delphox|Delphox, L84, F|263/263\n|move|p2a: Cobalion|Flash Cannon|p1a: Delphox\n|-resisted|p1a: Delphox\n|-damage|p1a: Delphox|231/263\n|\n|-heal|p2a: Cobalion|176/277|[from] item: Leftovers\n|upkeep\n|turn|3\n|\n|t:|1732963977\n|move|p1a: Delphox|Fire Blast|p2a: Cobalion\n|-supereffective|p2a: Cobalion\n|-damage|p2a: Cobalion|0 fnt\n|faint|p2a: Cobalion\n|\n|upkeep\n|inactive|Ayoitstimo has 120 seconds left.\n|\n|t:|1732964021\n|switch|p2a: Emboar|Emboar, L84, M|322/322\n|turn|4\n|\n|t:|1732964040\n|switch|p1a: Kyogre|Kyogre, L71|259/259\n|-weather|RainDance|[from] ability: Drizzle|[of] p1a: Kyogre\n|move|p2a: Emboar|Bulk Up|p2a: Emboar\n|-boost|p2a: Emboar|atk|1\n|-boost|p2a: Emboar|def|1\n|\n|-weather|RainDance|[upkeep]\n|upkeep\n|turn|5\n|\n|t:|1732964053\n|-terastallize|p2a: Emboar|Fighting\n|move|p1a: Kyogre|Water Spout|p2a: Emboar\n|-damage|p2a: Emboar|0 fnt\n|faint|p2a: Emboar\n|\n|-weather|RainDance|[upkeep]\n|upkeep\n|\n|t:|1732964061\n|switch|p2a: Meganium|Meganium, L90, F|290/290\n|turn|6\n|\n|t:|1732964082\n|switch|p1a: Heatran|Heatran, L79, M|273/273\n|-item|p1a: Heatran|Air Balloon\n|move|p2a: Meganium|Knock Off|p1a: Heatran\n|-damage|p1a: Heatran|187/273\n|-enditem|p1a: Heatran|Air Balloon\n|-damage|p2a: Meganium|261/290|[from] item: Life Orb\n|\n|-weather|RainDance|[upkeep]\n|upkeep\n|turn|7\n|inactive|Ayoitstimo has 120 seconds left.\n|\n|t:|1732964094\n|move|p2a: Meganium|Earthquake|p1a: Heatran\n|-supereffective|p1a: Heatran\n|-damage|p1a: Heatran|0 fnt\n|faint|p1a: Heatran\n|-damage|p2a: Meganium|232/290|[from] item: Life Orb\n|\n|-weather|RainDance|[upkeep]\n|upkeep\n|inactive|manolovm01 has 120 seconds left.\n|\n|t:|1732964114\n|switch|p1a: Misdreavus|Misdreavus, L90, M|254/254\n|turn|8\n|inactive|manolovm01 has 120 seconds left.\n|\n|t:|1732964120\n|move|p1a: Misdreavus|Will-O-Wisp|p2a: Meganium\n|-status|p2a: Meganium|brn\n|move|p2a: Meganium|Knock Off|p1a: Misdreavus\n|-supereffective|p1a: Misdreavus\n|-damage|p1a: Misdreavus|180/254\n|-enditem|p1a: Misdreavus|Eviolite|[from] move: Knock Off|[of] p2a: Meganium\n|-damage|p2a: Meganium|203/290 brn|[from] item: Life Orb\n|\n|-weather|none\n|-damage|p2a: Meganium|185/290 brn|[from] brn\n|upkeep\n|turn|9\n|inactive|manolovm01 has 120 seconds left.\n|\n|t:|1732964139\n|switch|p1a: Delphox|Delphox, L84, F|231/263\n|move|p2a: Meganium|Knock Off|p1a: Delphox\n|-supereffective|p1a: Delphox\n|-damage|p1a: Delphox|123/263\n|-enditem|p1a: Delphox|Choice Scarf|[from] move: Knock Off|[of] p2a: Meganium\n|-damage|p2a: Meganium|156/290 brn|[from] item: Life Orb\n|\n|-damage|p2a: Meganium|138/290 brn|[from] brn\n|upkeep\n|turn|10\n|inactive|manolovm01 has 120 seconds left.\n|\n|t:|1732964152\n|move|p1a: Delphox|Fire Blast|p2a: Meganium\n|-supereffective|p2a: Meganium\n|-damage|p2a: Meganium|0 fnt\n|faint|p2a: Meganium\n|\n|upkeep\n|\n|t:|1732964159\n|switch|p2a: Mesprit|Mesprit, L85|275/275\n|turn|11\n|inactive|Ayoitstimo has 120 seconds left.\n|\n|t:|1732964181\n|move|p1a: Delphox|Fire Blast|p2a: Mesprit\n|-damage|p2a: Mesprit|167/275\n|move|p2a: Mesprit|Thunderbolt|p1a: Delphox\n|-damage|p1a: Delphox|33/263\n|\n|upkeep\n|turn|12\n|inactive|manolovm01 has 120 seconds left.\n|\n|t:|1732964200\n|move|p1a: Delphox|Fire Blast|p2a: Mesprit\n|-damage|p2a: Mesprit|0 fnt\n|faint|p2a: Mesprit\n|\n|upkeep\n|\n|t:|1732964208\n|switch|p2a: Hoopa|Hoopa, L85|275/275\n|turn|13\n|inactive|manolovm01 has 120 seconds left.\n|\n|t:|1732964241\n|move|p1a: Delphox|Fire Blast|p2a: Hoopa\n|-damage|p2a: Hoopa|124/275\n|move|p2a: Hoopa|Psychic|p1a: Delphox\n|-resisted|p1a: Delphox\n|-damage|p1a: Delphox|0 fnt\n|faint|p1a: Delphox\n|-damage|p2a: Hoopa|97/275|[from] item: Life Orb\n|\n|upkeep\n|\n|t:|1732964252\n|switch|p1a: Misdreavus|Misdreavus, L90, M|180/254\n|turn|14\n|\n|t:|1732964258\n|move|p1a: Misdreavus|Shadow Ball|p2a: Hoopa\n|-supereffective|p2a: Hoopa\n|-damage|p2a: Hoopa|0 fnt\n|faint|p2a: Hoopa\n|\n|upkeep\n|\n|t:|1732964264\n|switch|p2a: Kyurem|Kyurem-White, L73|303/303\n|-ability|p2a: Kyurem|Turboblaze\n|turn|15\n|inactive|manolovm01 has 120 seconds left.\n|\n|t:|1732964275\n|-terastallize|p1a: Misdreavus|Fairy\n|move|p2a: Kyurem|Freeze-Dry|p1a: Misdreavus\n|-damage|p1a: Misdreavus|95/254\n|move|p1a: Misdreavus|Will-O-Wisp|p2a: Kyurem\n|-status|p2a: Kyurem|brn\n|\n|-damage|p2a: Kyurem|285/303 brn|[from] brn\n|upkeep\n|turn|16\n|inactive|manolovm01 has 120 seconds left.\n|\n|t:|1732964290\n|move|p2a: Kyurem|Freeze-Dry|p1a: Misdreavus\n|-damage|p1a: Misdreavus|8/254\n|move|p1a: Misdreavus|Draining Kiss|p2a: Kyurem\n|-supereffective|p2a: Kyurem\n|-damage|p2a: Kyurem|135/303 brn\n|-heal|p1a: Misdreavus|121/254|[from] drain|[of] p2a: Kyurem\n|\n|-damage|p2a: Kyurem|117/303 brn|[from] brn\n|upkeep\n|turn|17\n|inactive|manolovm01 has 120 seconds left.\n|-message|Ayoitstimo forfeited.\n|\n|win|manolovm01\n|raw|manolovm01's rating: 1159 &rarr; <strong>1187</strong><br />(+28 for winning)\n|raw|Ayoitstimo's rating: 1198 &rarr; <strong>1170</strong><br />(-28 for losing)\n|l|\u2606Ayoitstimo\n|player|p2|\n", "inputlog": ">version b107d77f5c90bd6555267ae244a6264823309ead\n>start {\"formatid\":\"gen9randombattle\",\"seed\":[54647,21297,39617,35354],\"rated\":\"Rated battle\"}\n>player p1 {\"name\":\"manolovm01\",\"avatar\":\"102\",\"rating\":1159,\"seed\":[63737,56082,47305,45790]}\n>player p2 {\"name\":\"Ayoitstimo\",\"avatar\":\"170\",\"rating\":1198,\"seed\":[12378,4665,33350,40039]}\n>p1 move alluringvoice\n>p2 switch 2\n>p1 switch 6\n>p2 move flashcannon\n>p1 move fireblast\n>p2 move aurasphere\n>p2 switch 6\n>p1 switch 5\n>p2 move bulkup\n>p1 move waterspout\n>p2 move trailblaze terastallize\n>p2 switch 4\n>p1 switch 3\n>p2 move knockoff\n>p1 move stealthrock\n>p2 move earthquake\n>p1 switch 4\n>p1 move willowisp\n>p2 move knockoff\n>p1 switch 5\n>p2 move knockoff\n>p1 move fireblast\n>p2 move earthquake\n>p2 switch 3\n>p1 move fireblast\n>p2 move thunderbolt\n>p1 move fireblast\n>p2 move thunderbolt\n>p2 switch 5\n>p1 move fireblast\n>p2 move psychic\n>p1 switch 5\n>p1 move shadowball\n>p2 move shadowball\n>p2 switch 2\n>p1 move willowisp terastallize\n>p2 move freezedry\n>p1 move drainingkiss\n>p2 move freezedry\n>forcelose p2", "uploadtime": 1732964301, "views": 1, "formatid": "gen9randombattle", "rating": 1170, "private": 0, "password": null}