{"id": "gen9randombattle-2254142885", "format": "[Gen 9] Random Battle", "players": ["Censorddruid87", "PowerOutage273"], "log": "|j|\u2606Censorddruid87\n|j|\u2606PowerOutage273\n|t:|1732996484\n|gametype|singles\n|player|p1|Censorddruid87|marley|1678\n|player|p2|PowerOutage273|darach-caitlin|1630\n|teamsize|p1|6\n|teamsize|p2|6\n|gen|9\n|tier|[Gen 9] Random Battle\n|rated|\n|rule|Species Clause: Limit one of each Pok\u00e9mon\n|rule|HP Percentage Mod: HP is shown in percentages\n|rule|Sleep Clause Mod: Limit one foe put to sleep\n|rule|Illusion Level Mod: Illusion disguises the Pok\u00e9mon's true level\n|\n|t:|1732996484\n|start\n|switch|p1a: Inteleon|Inteleon, L81, M|246/246\n|switch|p2a: Scream Tail|Scream Tail, L84|330/330\n|turn|1\n|inactive|Battle timer is ON: inactive players will automatically lose when time's up. (requested by Censorddruid87)\n|\n|t:|1732996491\n|move|p1a: Inteleon|U-turn|p2a: Scream Tail\n|-damage|p2a: Scream Tail|290/330\n|\n|t:|1732996492\n|switch|p1a: Grafaiai|Grafaiai, L86, F|249/249|[from] U-turn\n|move|p2a: Scream Tail|Dazzling Gleam|p1a: Grafaiai\n|-resisted|p1a: Grafaiai\n|-damage|p1a: Grafaiai|216/249\n|\n|-heal|p2a: Scream Tail|310/330|[from] item: Leftovers\n|upkeep\n|turn|2\n|\n|t:|1732996497\n|move|p1a: Grafaiai|Gunk Shot|p2a: Scream Tail\n|-supereffective|p2a: Scream Tail\n|-damage|p2a: Scream Tail|0 fnt\n|faint|p2a: Scream Tail\n|-end|p2a: Scream Tail|Protosynthesis|[silent]\n|-damage|p1a: Grafaiai|192/249|[from] item: Life Orb\n|\n|upkeep\n|\n|t:|1732996500\n|switch|p2a: Landorus|Landorus, L75, M|257/257\n|turn|3\n|\n|t:|1732996513\n|move|p1a: Grafaiai|Knock Off|p2a: Landorus\n|-damage|p2a: Landorus|160/257\n|-enditem|p2a: Landorus|Life Orb|[from] move: Knock Off|[of] p1a: Grafaiai\n|-damage|p1a: Grafaiai|168/249|[from] item: Life Orb\n|move|p2a: Landorus|Stealth Rock|p1a: Grafaiai\n|-sidestart|p1: Censorddruid87|move: Stealth Rock\n|\n|upkeep\n|turn|4\n|\n|t:|1732996521\n|move|p1a: Grafaiai|Gunk Shot|p2a: Landorus\n|-resisted|p2a: Landorus\n|-damage|p2a: Landorus|65/257\n|-status|p2a: Landorus|psn\n|-damage|p1a: Grafaiai|144/249|[from] item: Life Orb\n|move|p2a: Landorus|Earth Power|p1a: Grafaiai\n|-supereffective|p1a: Grafaiai\n|-damage|p1a: Grafaiai|0 fnt\n|faint|p1a: Grafaiai\n|\n|-damage|p2a: Landorus|33/257 psn|[from] psn\n|upkeep\n|\n|t:|1732996531\n|switch|p1a: Inteleon|Inteleon, L81, M|246/246\n|-damage|p1a: Inteleon|216/246|[from] Stealth Rock\n|turn|5\n|\n|t:|1732996536\n|move|p1a: Inteleon|Ice Beam|p2a: Landorus\n|-supereffective|p2a: Landorus\n|-damage|p2a: Landorus|0 fnt\n|faint|p2a: Landorus\n|\n|upkeep\n|\n|t:|1732996546\n|switch|p2a: Comfey|Comfey, L85, M|225/225\n|turn|6\n|\n|t:|1732996551\n|switch|p1a: Wigglytuff|Wigglytuff, L96, F|424/424\n|-damage|p1a: Wigglytuff|371/424|[from] Stealth Rock\n|move|p2a: Comfey|Calm Mind|p2a: Comfey\n|-boost|p2a: Comfey|spa|1\n|-boost|p2a: Comfey|spd|1\n|\n|-heal|p1a: Wigglytuff|397/424|[from] item: Leftovers\n|upkeep\n|turn|7\n|\n|t:|1732996555\n|move|p2a: Comfey|Calm Mind|p2a: Comfey\n|-boost|p2a: Comfey|spa|1\n|-boost|p2a: Comfey|spd|1\n|move|p1a: Wigglytuff|Alluring Voice|p2a: Comfey\n|-damage|p2a: Comfey|182/225\n|-start|p2a: Comfey|confusion\n|\n|-heal|p2a: Comfey|196/225|[from] item: Leftovers\n|-heal|p1a: Wigglytuff|423/424|[from] item: Leftovers\n|upkeep\n|turn|8\n|\n|t:|1732996565\n|switch|p1a: Gyarados|Gyarados, L79, M|280/280\n|-activate|p2a: Comfey|confusion\n|-damage|p2a: Comfey|183/225|[from] confusion\n|\n|-heal|p2a: Comfey|197/225|[from] item: Leftovers\n|upkeep\n|turn|9\n|\n|t:|1732996570\n|-activate|p2a: Comfey|confusion\n|move|p2a: Comfey|Draining Kiss|p1a: Gyarados\n|-damage|p1a: Gyarados|192/280\n|-heal|p2a: Comfey|225/225|[from] drain|[of] p1a: Gyarados\n|move|p1a: Gyarados|Waterfall|p2a: Comfey\n|-damage|p2a: Comfey|143/225\n|\n|-heal|p2a: Comfey|157/225|[from] item: Leftovers\n|upkeep\n|turn|10\n|\n|t:|1732996577\n|-activate|p2a: Comfey|confusion\n|move|p2a: Comfey|Draining Kiss|p1a: Gyarados\n|-damage|p1a: Gyarados|95/280\n|-heal|p2a: Comfey|225/225|[from] drain|[of] p1a: Gyarados\n|move|p1a: Gyarados|Waterfall|p2a: Comfey\n|-damage|p2a: Comfey|140/225\n|\n|-heal|p2a: Comfey|154/225|[from] item: Leftovers\n|upkeep\n|turn|11\n|\n|t:|1732996587\n|-activate|p2a: Comfey|confusion\n|-damage|p2a: Comfey|141/225|[from] confusion\n|move|p1a: Gyarados|Waterfall|p2a: Comfey\n|-damage|p2a: Comfey|45/225\n|\n|-heal|p2a: Comfey|59/225|[from] item: Leftovers\n|upkeep\n|turn|12\n|\n|t:|1732996591\n|-end|p2a: Comfey|confusion\n|move|p2a: Comfey|Stored Power|p1a: Gyarados\n|-damage|p1a: Gyarados|0 fnt\n|faint|p1a: Gyarados\n|\n|-heal|p2a: Comfey|73/225|[from] item: Leftovers\n|upkeep\n|\n|t:|1732996599\n|switch|p1a: Inteleon|Inteleon, L81, M|216/246\n|-damage|p1a: Inteleon|186/246|[from] Stealth Rock\n|turn|13\n|\n|t:|1732996603\n|-terastallize|p1a: Inteleon|Water\n|move|p2a: Comfey|Giga Drain|p1a: Inteleon\n|-supereffective|p1a: Inteleon\n|-damage|p1a: Inteleon|0 fnt\n|-heal|p2a: Comfey|166/225|[from] drain|[of] p1a: Inteleon\n|faint|p1a: Inteleon\n|\n|-heal|p2a: Comfey|180/225|[from] item: Leftovers\n|upkeep\n|-message|Censorddruid87 forfeited.\n|\n|win|PowerOutage273\n|raw|Censorddruid87's rating: 1678 &rarr; <strong>1655</strong><br />(-23 for losing)\n|raw|PowerOutage273's rating: 1630 &rarr; <strong>1653</strong><br />(+23 for winning)\n|l|\u2606Censorddruid87\n|player|p1|\n", "inputlog": ">version b107d77f5c90bd6555267ae244a6264823309ead\n>start {\"formatid\":\"gen9randombattle\",\"seed\":[24247,37870,20838,63032],\"rated\":\"Rated battle\"}\n>player p1 {\"name\":\"Censorddruid87\",\"avatar\":\"marley\",\"rating\":1678,\"seed\":[36067,32001,33371,21793]}\n>player p2 {\"name\":\"PowerOutage273\",\"avatar\":\"darach-caitlin\",\"rating\":1630,\"seed\":[51625,57060,6354,41459]}\n>p1 move uturn\n>p2 move dazzlinggleam\n>p1 switch 2\n>p1 move gunkshot\n>p2 move dazzlinggleam\n>p2 switch 5\n>p1 move knockoff\n>p2 move stealthrock\n>p1 move gunkshot\n>p2 move earthpower\n>p1 switch 2\n>p1 move icebeam\n>p2 move psychic\n>p2 switch 3\n>p1 switch 4\n>p2 move calmmind\n>p1 move alluringvoice\n>p2 move calmmind\n>p1 switch 3\n>p2 move calmmind\n>p1 move waterfall\n>p2 move drainingkiss\n>p1 move waterfall\n>p2 move drainingkiss\n>p1 move waterfall\n>p2 move storedpower\n>p1 move waterfall\n>p2 move storedpower\n>p1 switch 4\n>p1 move hydropump terastallize\n>p2 move gigadrain\n>forcelose p1", "uploadtime": 1732996611, "views": 1, "formatid": "gen9randombattle", "rating": 1653, "private": 0, "password": null}