{"id": "gen9randombattle-2253815740", "format": "[Gen 9] Random Battle", "players": ["Ben the Android", "etiolates"], "log": "|j|\u2606Ben the Android\n|j|\u2606etiolates\n|t:|1732942611\n|gametype|singles\n|player|p1|Ben the Android|colress|1517\n|player|p2|etiolates|unknown|1548\n|teamsize|p1|6\n|teamsize|p2|6\n|gen|9\n|tier|[Gen 9] Random Battle\n|rated|\n|rule|Species Clause: Limit one of each Pok\u00e9mon\n|rule|HP Percentage Mod: HP is shown in percentages\n|rule|Sleep Clause Mod: Limit one foe put to sleep\n|rule|Illusion Level Mod: Illusion disguises the Pok\u00e9mon's true level\n|\n|t:|1732942611\n|start\n|switch|p1a: Honchkrow|Honchkrow, L86, M|312/312\n|switch|p2a: Clefable|Clefable, L83, F|293/293\n|turn|1\n|inactive|Battle timer is ON: inactive players will automatically lose when time's up. (requested by etiolates)\n|inactive|Ben the Android also wants the timer to be on.\n|inactive|Ben the Android has 120 seconds left.\n|\n|t:|1732942645\n|move|p1a: Honchkrow|U-turn|p2a: Clefable\n|-resisted|p2a: Clefable\n|-damage|p2a: Clefable|255/293\n|\n|t:|1732942653\n|switch|p1a: Meowstic|Meowstic, L89, M|277/277|[from] U-turn\n|move|p2a: Clefable|Thunder Wave|p1a: Meowstic\n|-status|p1a: Meowstic|par\n|\n|upkeep\n|turn|2\n|\n|t:|1732942672\n|move|p1a: Meowstic|Yawn|p2a: Clefable\n|-start|p2a: Clefable|move: Yawn|[of] p1a: Meowstic\n|move|p2a: Clefable|Moonblast|p1a: Meowstic\n|-damage|p1a: Meowstic|155/277 par\n|\n|-heal|p1a: Meowstic|172/277 par|[from] item: Leftovers\n|upkeep\n|turn|3\n|\n|t:|1732942679\n|move|p2a: Clefable|Fire Blast|p1a: Meowstic\n|-damage|p1a: Meowstic|65/277 par\n|move|p1a: Meowstic|Psychic Noise|p2a: Clefable\n|-damage|p2a: Clefable|173/293\n|-start|p2a: Clefable|move: Heal Block\n|\n|-heal|p1a: Meowstic|82/277 par|[from] item: Leftovers\n|-end|p2a: Clefable|move: Yawn|[silent]\n|-status|p2a: Clefable|slp\n|upkeep\n|turn|4\n|\n|t:|1732942693\n|switch|p2a: Zangoose|Zangoose, L85, M|263/263\n|move|p1a: Meowstic|Psychic Noise|p2a: Zangoose\n|-damage|p2a: Zangoose|167/263\n|-start|p2a: Zangoose|move: Heal Block\n|\n|-heal|p1a: Meowstic|99/277 par|[from] item: Leftovers\n|-status|p2a: Zangoose|tox|[from] item: Toxic Orb\n|upkeep\n|turn|5\n|\n|t:|1732942704\n|move|p2a: Zangoose|Knock Off|p1a: Meowstic\n|-supereffective|p1a: Meowstic\n|-damage|p1a: Meowstic|0 fnt\n|-enditem|p1a: Meowstic|Leftovers|[from] move: Knock Off|[of] p2a: Zangoose\n|faint|p1a: Meowstic\n|\n|-damage|p2a: Zangoose|151/263 tox|[from] psn\n|-end|p2a: Zangoose|move: Heal Block\n|upkeep\n|\n|t:|1732942723\n|switch|p1a: Honchkrow|Honchkrow, L86, M|312/312\n|turn|6\n|\n|t:|1732942748\n|move|p1a: Honchkrow|Sucker Punch|p2a: Zangoose\n|-damage|p2a: Zangoose|31/263 tox\n|move|p2a: Zangoose|Facade|p1a: Honchkrow\n|-crit|p1a: Honchkrow\n|-damage|p1a: Honchkrow|0 fnt\n|faint|p1a: Honchkrow\n|\n|-damage|p2a: Zangoose|0 fnt|[from] psn\n|faint|p2a: Zangoose\n|upkeep\n|\n|t:|1732942762\n|switch|p2a: Chimecho|Chimecho, L94, M|293/293\n|switch|p1a: Polteageist|Polteageist, L79|224/224\n|turn|7\n|inactive|etiolates has 120 seconds left.\n|\n|t:|1732942789\n|move|p2a: Chimecho|Knock Off|p1a: Polteageist\n|-supereffective|p1a: Polteageist\n|-damage|p1a: Polteageist|80/224\n|-enditem|p1a: Polteageist|White Herb|[from] move: Knock Off|[of] p2a: Chimecho\n|move|p1a: Polteageist|Shell Smash|p1a: Polteageist\n|-unboost|p1a: Polteageist|def|1\n|-unboost|p1a: Polteageist|spd|1\n|-boost|p1a: Polteageist|atk|2\n|-boost|p1a: Polteageist|spa|2\n|-boost|p1a: Polteageist|spe|2\n|\n|upkeep\n|turn|8\n|inactive|etiolates has 120 seconds left.\n|\n|t:|1732942801\n|move|p1a: Polteageist|Shadow Ball|p2a: Chimecho\n|-supereffective|p2a: Chimecho\n|-damage|p2a: Chimecho|0 fnt\n|faint|p2a: Chimecho\n|\n|upkeep\n|\n|t:|1732942808\n|switch|p2a: Porygon-Z|Porygon-Z, L83|277/277\n|-ability|p2a: Porygon-Z|Download|boost\n|-boost|p2a: Porygon-Z|atk|1\n|turn|9\n|inactive|etiolates has 120 seconds left.\n|\n|t:|1732942820\n|move|p1a: Polteageist|Strength Sap|p2a: Porygon-Z\n|-unboost|p2a: Porygon-Z|atk|1\n|-heal|p1a: Polteageist|224/224\n|move|p2a: Porygon-Z|Shadow Ball|p1a: Polteageist\n|-supereffective|p1a: Polteageist\n|-damage|p1a: Polteageist|36/224\n|\n|upkeep\n|turn|10\n|\n|t:|1732942828\n|move|p1a: Polteageist|Strength Sap|p2a: Porygon-Z\n|-unboost|p2a: Porygon-Z|atk|1\n|-heal|p1a: Polteageist|173/224\n|move|p2a: Porygon-Z|Shadow Ball|p1a: Polteageist\n|-supereffective|p1a: Polteageist\n|-damage|p1a: Polteageist|0 fnt\n|-start|p2a: Porygon-Z|Disable|Shadow Ball|[from] ability: Cursed Body|[of] p1a: Polteageist\n|faint|p1a: Polteageist\n|\n|upkeep\n|\n|t:|1732942835\n|switch|p1a: Ariados|Ariados, L95, F|287/287\n|turn|11\n|\n|t:|1732942849\n|switch|p2a: Rhydon|Rhydon, L85, F|317/317\n|move|p1a: Ariados|Sticky Web|p2a: Rhydon\n|-sidestart|p2: etiolates|move: Sticky Web\n|\n|upkeep\n|turn|12\n|\n|t:|1732942859\n|move|p1a: Ariados|Knock Off|p2a: Rhydon\n|-damage|p2a: Rhydon|269/317\n|-enditem|p2a: Rhydon|Eviolite|[from] move: Knock Off|[of] p1a: Ariados\n|move|p2a: Rhydon|Stone Edge|p1a: Ariados\n|-supereffective|p1a: Ariados\n|-damage|p1a: Ariados|3/287\n|\n|upkeep\n|turn|13\n|\n|t:|1732942873\n|move|p1a: Ariados|Poison Jab|p2a: Rhydon\n|-resisted|p2a: Rhydon\n|-damage|p2a: Rhydon|250/317\n|move|p2a: Rhydon|Earthquake|p1a: Ariados\n|-damage|p1a: Ariados|0 fnt\n|faint|p1a: Ariados\n|\n|upkeep\n|\n|t:|1732942878\n|switch|p1a: Arboliva|Arboliva, L91, M|288/288\n|turn|14\n|\n|t:|1732942884\n|move|p1a: Arboliva|Substitute|p1a: Arboliva\n|-start|p1a: Arboliva|Substitute\n|-damage|p1a: Arboliva|216/288\n|move|p2a: Rhydon|Megahorn|p1a: Arboliva\n|-supereffective|p1a: Arboliva\n|-end|p1a: Arboliva|Substitute\n|\n|upkeep\n|turn|15\n|\n|t:|1732942893\n|move|p1a: Arboliva|Protect|p1a: Arboliva\n|-singleturn|p1a: Arboliva|Protect\n|move|p2a: Rhydon|Megahorn|p1a: Arboliva\n|-activate|p1a: Arboliva|move: Protect\n|\n|upkeep\n|turn|16\n|\n|t:|1732942897\n|move|p1a: Arboliva|Substitute|p1a: Arboliva\n|-start|p1a: Arboliva|Substitute\n|-damage|p1a: Arboliva|144/288\n|-enditem|p1a: Arboliva|Sitrus Berry|[eat]\n|-heal|p1a: Arboliva|216/288|[from] item: Sitrus Berry\n|move|p2a: Rhydon|Megahorn|p1a: Arboliva\n|-supereffective|p1a: Arboliva\n|-end|p1a: Arboliva|Substitute\n|\n|upkeep\n|turn|17\n|\n|t:|1732942904\n|move|p1a: Arboliva|Protect|p1a: Arboliva\n|-singleturn|p1a: Arboliva|Protect\n|move|p2a: Rhydon|Megahorn|p1a: Arboliva\n|-activate|p1a: Arboliva|move: Protect\n|\n|-item|p1a: Arboliva|Sitrus Berry|[from] ability: Harvest\n|upkeep\n|turn|18\n|\n|t:|1732942909\n|move|p1a: Arboliva|Substitute|p1a: Arboliva\n|-start|p1a: Arboliva|Substitute\n|-damage|p1a: Arboliva|144/288\n|-enditem|p1a: Arboliva|Sitrus Berry|[eat]\n|-heal|p1a: Arboliva|216/288|[from] item: Sitrus Berry\n|move|p2a: Rhydon|Megahorn|p1a: Arboliva\n|-supereffective|p1a: Arboliva\n|-end|p1a: Arboliva|Substitute\n|\n|-item|p1a: Arboliva|Sitrus Berry|[from] ability: Harvest\n|upkeep\n|turn|19\n|\n|t:|1732942917\n|move|p1a: Arboliva|Substitute|p1a: Arboliva\n|-start|p1a: Arboliva|Substitute\n|-damage|p1a: Arboliva|144/288\n|-enditem|p1a: Arboliva|Sitrus Berry|[eat]\n|-heal|p1a: Arboliva|216/288|[from] item: Sitrus Berry\n|move|p2a: Rhydon|Stone Edge|p1a: Arboliva\n|-end|p1a: Arboliva|Substitute\n|\n|upkeep\n|turn|20\n|\n|t:|1732942927\n|move|p1a: Arboliva|Protect|p1a: Arboliva\n|-singleturn|p1a: Arboliva|Protect\n|move|p2a: Rhydon|Megahorn|p1a: Arboliva\n|-activate|p1a: Arboliva|move: Protect\n|\n|-item|p1a: Arboliva|Sitrus Berry|[from] ability: Harvest\n|upkeep\n|turn|21\n|\n|t:|1732942932\n|move|p1a: Arboliva|Substitute|p1a: Arboliva\n|-start|p1a: Arboliva|Substitute\n|-damage|p1a: Arboliva|144/288\n|-enditem|p1a: Arboliva|Sitrus Berry|[eat]\n|-heal|p1a: Arboliva|216/288|[from] item: Sitrus Berry\n|move|p2a: Rhydon|Megahorn|p1a: Arboliva\n|-supereffective|p1a: Arboliva\n|-end|p1a: Arboliva|Substitute\n|\n|upkeep\n|turn|22\n|\n|t:|1732942940\n|move|p1a: Arboliva|Protect|p1a: Arboliva\n|-singleturn|p1a: Arboliva|Protect\n|move|p2a: Rhydon|Stealth Rock|p1a: Arboliva\n|-sidestart|p1: Ben the Android|move: Stealth Rock\n|\n|upkeep\n|turn|23\n|\n|t:|1732942945\n|move|p1a: Arboliva|Substitute|p1a: Arboliva\n|-start|p1a: Arboliva|Substitute\n|-damage|p1a: Arboliva|144/288\n|move|p2a: Rhydon|Megahorn|p1a: Arboliva\n|-supereffective|p1a: Arboliva\n|-end|p1a: Arboliva|Substitute\n|\n|-item|p1a: Arboliva|Sitrus Berry|[from] ability: Harvest\n|upkeep\n|-enditem|p1a: Arboliva|Sitrus Berry|[eat]\n|-heal|p1a: Arboliva|216/288|[from] item: Sitrus Berry\n|turn|24\n|\n|t:|1732942953\n|move|p1a: Arboliva|Substitute|p1a: Arboliva\n|-start|p1a: Arboliva|Substitute\n|-damage|p1a: Arboliva|144/288\n|move|p2a: Rhydon|Stone Edge|p1a: Arboliva\n|-end|p1a: Arboliva|Substitute\n|\n|upkeep\n|turn|25\n|\n|t:|1732942961\n|move|p1a: Arboliva|Substitute|p1a: Arboliva\n|-start|p1a: Arboliva|Substitute\n|-damage|p1a: Arboliva|72/288\n|move|p2a: Rhydon|Megahorn|p1a: Arboliva\n|-supereffective|p1a: Arboliva\n|-end|p1a: Arboliva|Substitute\n|\n|-item|p1a: Arboliva|Sitrus Berry|[from] ability: Harvest\n|upkeep\n|-enditem|p1a: Arboliva|Sitrus Berry|[eat]\n|-heal|p1a: Arboliva|144/288|[from] item: Sitrus Berry\n|turn|26\n|\n|t:|1732942968\n|move|p1a: Arboliva|Substitute|p1a: Arboliva\n|-start|p1a: Arboliva|Substitute\n|-damage|p1a: Arboliva|72/288\n|move|p2a: Rhydon|Stone Edge|p1a: Arboliva\n|-end|p1a: Arboliva|Substitute\n|\n|-item|p1a: Arboliva|Sitrus Berry|[from] ability: Harvest\n|upkeep\n|-enditem|p1a: Arboliva|Sitrus Berry|[eat]\n|-heal|p1a: Arboliva|144/288|[from] item: Sitrus Berry\n|turn|27\n|\n|t:|1732942974\n|move|p1a: Arboliva|Substitute|p1a: Arboliva\n|-start|p1a: Arboliva|Substitute\n|-damage|p1a: Arboliva|72/288\n|move|p2a: Rhydon|Megahorn|p1a: Arboliva\n|-supereffective|p1a: Arboliva\n|-end|p1a: Arboliva|Substitute\n|\n|upkeep\n|turn|28\n|\n|t:|1732942980\n|move|p1a: Arboliva|Protect|p1a: Arboliva\n|-singleturn|p1a: Arboliva|Protect\n|move|p2a: Rhydon|Megahorn|p1a: Arboliva\n|-activate|p1a: Arboliva|move: Protect\n|\n|-item|p1a: Arboliva|Sitrus Berry|[from] ability: Harvest\n|upkeep\n|-enditem|p1a: Arboliva|Sitrus Berry|[eat]\n|-heal|p1a: Arboliva|144/288|[from] item: Sitrus Berry\n|turn|29\n|\n|t:|1732942990\n|move|p1a: Arboliva|Substitute|p1a: Arboliva\n|-start|p1a: Arboliva|Substitute\n|-damage|p1a: Arboliva|72/288\n|move|p2a: Rhydon|Megahorn|p1a: Arboliva\n|-supereffective|p1a: Arboliva\n|-end|p1a: Arboliva|Substitute\n|\n|upkeep\n|turn|30\n|\n|t:|1732942996\n|move|p1a: Arboliva|Protect|p1a: Arboliva\n|-singleturn|p1a: Arboliva|Protect\n|move|p2a: Rhydon|Megahorn|p1a: Arboliva\n|-activate|p1a: Arboliva|move: Protect\n|\n|upkeep\n|turn|31\n|c|\u2606Ben the Android|I know I'm bad right now but wow\n|c|\u2606Ben the Android|I'm impressed at the rng\n|\n|t:|1732943019\n|move|p1a: Arboliva|Protect||[still]\n|-fail|p1a: Arboliva\n|move|p2a: Rhydon|Megahorn|p1a: Arboliva\n|-supereffective|p1a: Arboliva\n|-damage|p1a: Arboliva|0 fnt\n|faint|p1a: Arboliva\n|\n|upkeep\n|\n|t:|1732943023\n|switch|p1a: Chi-Yu|Chi-Yu, L77|211/211\n|-damage|p1a: Chi-Yu|159/211|[from] Stealth Rock\n|-ability|p1a: Chi-Yu|Beads of Ruin\n|turn|32\n|c|\u2606etiolates|this is crazt\n|c|\u2606etiolates|did I even miss once?\n|\n|t:|1732943038\n|move|p1a: Chi-Yu|Dark Pulse|p2a: Rhydon\n|-damage|p2a: Rhydon|0 fnt\n|faint|p2a: Rhydon\n|\n|upkeep\n|c|\u2606Ben the Android|Nope!\n|c|\u2606etiolates|damn\n|c|\u2606Ben the Android|That's why I'm not even mad i I lose\n|c|\u2606etiolates|sorry lol\n|c|\u2606Ben the Android|Nah, you're good\n|\n|t:|1732943053\n|switch|p2a: Primarina|Primarina, L83, M|268/268\n|-activate|p2a: Primarina|move: Sticky Web\n|-unboost|p2a: Primarina|spe|1\n|turn|33\n|c|\u2606Ben the Android|RNG is my lord in this game\n|c|\u2606etiolates|amen\n|c|\u2606Ben the Android|RNG > Arceus\n|\n|t:|1732943066\n|move|p1a: Chi-Yu|Dark Pulse|p2a: Primarina\n|-resisted|p2a: Primarina\n|-damage|p2a: Primarina|191/268\n|move|p2a: Primarina|Psychic Noise|p1a: Chi-Yu\n|-supereffective|p1a: Chi-Yu\n|-damage|p1a: Chi-Yu|1/211\n|-start|p1a: Chi-Yu|move: Heal Block\n|\n|-heal|p2a: Primarina|207/268|[from] item: Leftovers\n|upkeep\n|turn|34\n|c|\u2606etiolates|well ggs\n|c|\u2606Ben the Android|Wait\n|c|\u2606etiolates|it has liquid voice\n|c|\u2606etiolates|which turns sound moves into water\n|c|\u2606Ben the Android|__Oh I forgot__\n|inactive|Ben the Android has 120 seconds left.\n|c|\u2606Ben the Android|I was about to have an anyuerism lol\n|\n|t:|1732943104\n|move|p1a: Chi-Yu|Dark Pulse|p2a: Primarina\n|-resisted|p2a: Primarina\n|-damage|p2a: Primarina|135/268\n|move|p2a: Primarina|Psychic Noise|p1a: Chi-Yu\n|-supereffective|p1a: Chi-Yu\n|-damage|p1a: Chi-Yu|0 fnt\n|faint|p1a: Chi-Yu\n|\n|win|etiolates\n|raw|Ben the Android's rating: 1517 &rarr; <strong>1499</strong><br />(-18 for losing)\n|raw|etiolates's rating: 1548 &rarr; <strong>1566</strong><br />(+18 for winning)\n|c|\u2606etiolates|lol\n|c|\u2606Ben the Android|GG\n", "inputlog": ">version b107d77f5c90bd6555267ae244a6264823309ead\n>start {\"formatid\":\"gen9randombattle\",\"seed\":[31953,10509,62754,1207],\"rated\":\"Rated battle\"}\n>player p1 {\"name\":\"Ben the Android\",\"avatar\":\"colress\",\"rating\":1517,\"seed\":[6403,52625,8139,51378]}\n>player p2 {\"name\":\"etiolates\",\"avatar\":\"unknown\",\"rating\":1548,\"seed\":[3836,46167,30975,8653]}\n>p1 move uturn\n>p2 move thunderwave\n>p1 switch 2\n>p1 move yawn\n>p2 move moonblast\n>p1 move psychicnoise\n>p2 move fireblast\n>p1 move psychicnoise\n>p2 switch 2\n>p1 move psychicnoise\n>p2 move knockoff\n>p1 switch 2\n>p1 move suckerpunch\n>p2 move facade\n>p1 switch 3\n>p2 switch 5\n>p1 move shellsmash\n>p2 move knockoff\n>p1 move shadowball\n>p2 move psychicnoise\n>p2 switch 3\n>p1 move strengthsap\n>p2 move shadowball\n>p1 move strengthsap\n>p2 move shadowball\n>p1 switch 4\n>p1 move stickyweb\n>p2 switch 4\n>p1 move knockoff\n>p2 move stoneedge\n>p1 move poisonjab\n>p2 move earthquake\n>p1 switch 5\n>p1 move substitute\n>p2 move megahorn\n>p1 move protect\n>p2 move megahorn\n>p1 move substitute\n>p2 move megahorn\n>p1 move protect\n>p2 move megahorn\n>p1 move substitute\n>p2 move megahorn\n>p1 move substitute\n>p2 move stoneedge\n>p1 move protect\n>p2 move megahorn\n>p1 move substitute\n>p2 move megahorn\n>p1 move protect\n>p2 move stealthrock\n>p1 move substitute\n>p2 move megahorn\n>p1 move substitute\n>p2 move stoneedge\n>p1 move substitute\n>p2 move megahorn\n>p1 move substitute\n>p2 move stoneedge\n>p1 move substitute\n>p2 move megahorn\n>p1 move protect\n>p2 move megahorn\n>p1 move substitute\n>p2 move megahorn\n>p1 move protect\n>p2 move megahorn\n>chat \u2606Ben the Android|I know I'm bad right now but wow\n>chat \u2606Ben the Android|I'm impressed at the rng\n>p1 move protect\n>p2 move megahorn\n>p1 switch 6\n>chat \u2606etiolates|this is crazt\n>chat \u2606etiolates|did I even miss once?\n>p1 move darkpulse\n>p2 move earthquake\n>chat \u2606Ben the Android|Nope!\n>chat \u2606etiolates|damn\n>chat \u2606Ben the Android|That's why I'm not even mad i I lose\n>chat \u2606etiolates|sorry lol\n>chat \u2606Ben the Android|Nah, you're good\n>p2 switch 6\n>chat \u2606Ben the Android|RNG is my lord in this game\n>chat \u2606etiolates|amen\n>chat \u2606Ben the Android|RNG > Arceus\n>p1 move darkpulse\n>p2 move psychicnoise\n>chat \u2606etiolates|well ggs\n>chat \u2606Ben the Android|Wait\n>chat \u2606etiolates|it has liquid voice\n>chat \u2606etiolates|which turns sound moves into water\n>chat \u2606Ben the Android|__Oh I forgot__\n>chat \u2606Ben the Android|I was about to have an anyuerism lol\n>p1 move darkpulse\n>p2 move psychicnoise", "uploadtime": 1732943112, "views": 21, "formatid": "gen9randombattle", "rating": 1499, "private": 0, "password": null}