{"id": "gen9randombattle-2254122639", "format": "[Gen 9] Random Battle", "players": ["ChomperDP5", "Chad0397"], "log": "|j|\u2606ChomperDP5\n|j|\u2606Chad0397\n|t:|1732993994\n|gametype|singles\n|player|p1|ChomperDP5|lucas|1736\n|player|p2|Chad0397|170|1696\n|teamsize|p1|6\n|teamsize|p2|6\n|gen|9\n|tier|[Gen 9] Random Battle\n|rated|\n|rule|Species Clause: Limit one of each Pok\u00e9mon\n|rule|HP Percentage Mod: HP is shown in percentages\n|rule|Sleep Clause Mod: Limit one foe put to sleep\n|rule|Illusion Level Mod: Illusion disguises the Pok\u00e9mon's true level\n|\n|t:|1732993994\n|start\n|switch|p1a: Rayquaza|Rayquaza, L72|270/270\n|switch|p2a: Iron Valiant|Iron Valiant, L78|244/244\n|-ability|p1a: Rayquaza|Air Lock\n|turn|1\n|inactive|Battle timer is ON: inactive players will automatically lose when time's up. (requested by ChomperDP5)\n|\n|t:|1732994008\n|switch|p1a: Dugtrio|Dugtrio-Alola, L84, M|196/196\n|move|p2a: Iron Valiant|Spirit Break|p1a: Dugtrio\n|-resisted|p1a: Dugtrio\n|-damage|p1a: Dugtrio|126/196\n|-unboost|p1a: Dugtrio|spa|1\n|-ability|p1a: Dugtrio|Tangling Hair\n|-unboost|p2a: Iron Valiant|spe|1\n|-damage|p2a: Iron Valiant|220/244|[from] item: Life Orb\n|\n|upkeep\n|turn|2\n|\n|t:|1732994024\n|-end|p2a: Iron Valiant|Quark Drive|[silent]\n|switch|p2a: Gogoat|Gogoat, L88, F|360/360\n|move|p1a: Dugtrio|Swords Dance|p1a: Dugtrio\n|-boost|p1a: Dugtrio|atk|2\n|\n|upkeep\n|turn|3\n|\n|t:|1732994031\n|move|p1a: Dugtrio|Iron Head|p2a: Gogoat\n|-damage|p2a: Gogoat|87/360\n|-damage|p1a: Dugtrio|107/196|[from] item: Life Orb\n|move|p2a: Gogoat|Earthquake|p1a: Dugtrio\n|-supereffective|p1a: Dugtrio\n|-damage|p1a: Dugtrio|0 fnt\n|faint|p1a: Dugtrio\n|\n|-heal|p2a: Gogoat|109/360|[from] item: Leftovers\n|upkeep\n|\n|t:|1732994038\n|switch|p1a: Rayquaza|Rayquaza, L72|270/270\n|-ability|p1a: Rayquaza|Air Lock\n|turn|4\n|\n|t:|1732994042\n|move|p1a: Rayquaza|Swords Dance|p1a: Rayquaza\n|-boost|p1a: Rayquaza|atk|2\n|move|p2a: Gogoat|Milk Drink|p2a: Gogoat\n|-heal|p2a: Gogoat|289/360\n|\n|-heal|p2a: Gogoat|311/360|[from] item: Leftovers\n|upkeep\n|turn|5\n|\n|t:|1732994053\n|switch|p2a: Tauros|Tauros-Paldea-Blaze, L81, M|252/252\n|move|p1a: Rayquaza|Scale Shot|p2a: Tauros\n|-damage|p2a: Tauros|206/252\n|-damage|p2a: Tauros|154/252\n|-damage|p2a: Tauros|106/252\n|-enditem|p2a: Tauros|Sitrus Berry|[eat]\n|-heal|p2a: Tauros|169/252|[from] item: Sitrus Berry\n|-damage|p2a: Tauros|120/252\n|-hitcount|p2a: Tauros|4\n|-unboost|p1a: Rayquaza|def|1\n|-boost|p1a: Rayquaza|spe|1\n|\n|upkeep\n|turn|6\n|inactive|Chad0397 has 120 seconds left.\n|\n|t:|1732994094\n|move|p1a: Rayquaza|Scale Shot|p2a: Tauros\n|-damage|p2a: Tauros|66/252\n|-damage|p2a: Tauros|12/252\n|-damage|p2a: Tauros|0 fnt\n|faint|p2a: Tauros\n|-hitcount|p2: Tauros|3\n|-unboost|p1a: Rayquaza|def|1\n|-boost|p1a: Rayquaza|spe|1\n|\n|upkeep\n|\n|t:|1732994115\n|switch|p2a: Scizor|Scizor, L79, F|240/240\n|turn|7\n|\n|t:|1732994122\n|switch|p1a: Illumise|Illumise, L91, F|266/266\n|move|p2a: Scizor|Bullet Punch|p1a: Illumise\n|-damage|p1a: Illumise|163/266\n|\n|upkeep\n|turn|8\n|\n|t:|1732994141\n|move|p1a: Illumise|Thunder Wave|p2a: Scizor\n|-status|p2a: Scizor|par\n|cant|p2a: Scizor|par\n|\n|upkeep\n|turn|9\n|inactive|ChomperDP5 has 120 seconds left.\n|\n|t:|1732994200\n|move|p1a: Illumise|Roost|p1a: Illumise\n|-heal|p1a: Illumise|266/266\n|-singleturn|p1a: Illumise|move: Roost\n|move|p2a: Scizor|Bullet Punch|p1a: Illumise\n|-damage|p1a: Illumise|148/266\n|\n|upkeep\n|turn|10\n|\n|t:|1732994211\n|switch|p1a: Feraligatr|Feraligatr, L79, F|264/264\n|move|p2a: Scizor|Bullet Punch|p1a: Feraligatr\n|-resisted|p1a: Feraligatr\n|-crit|p1a: Feraligatr\n|-damage|p1a: Feraligatr|190/264\n|\n|upkeep\n|turn|11\n|\n|t:|1732994214\n|switch|p2a: Gogoat|Gogoat, L88, F|311/360\n|move|p1a: Feraligatr|Dragon Dance|p1a: Feraligatr\n|-boost|p1a: Feraligatr|atk|1\n|-boost|p1a: Feraligatr|spe|1\n|\n|-heal|p2a: Gogoat|333/360|[from] item: Leftovers\n|upkeep\n|turn|12\n|inactive|ChomperDP5 has 120 seconds left.\n|\n|t:|1732994222\n|switch|p1a: Rayquaza|Rayquaza, L72|270/270\n|-ability|p1a: Rayquaza|Air Lock\n|move|p2a: Gogoat|Horn Leech|p1a: Rayquaza\n|-resisted|p1a: Rayquaza\n|-damage|p1a: Rayquaza|246/270\n|-heal|p2a: Gogoat|345/360|[from] drain|[of] p1a: Rayquaza\n|\n|-heal|p2a: Gogoat|360/360|[from] item: Leftovers\n|upkeep\n|turn|13\n|\n|t:|1732994226\n|switch|p2a: Scizor|Scizor, L79, F|240/240 par\n|move|p1a: Rayquaza|Dragon Ascent|p2a: Scizor\n|-damage|p2a: Scizor|108/240 par\n|-unboost|p1a: Rayquaza|def|1\n|-unboost|p1a: Rayquaza|spd|1\n|\n|upkeep\n|turn|14\n|\n|t:|1732994232\n|switch|p1a: Feraligatr|Feraligatr, L79, F|190/264\n|move|p2a: Scizor|Bullet Punch|p1a: Feraligatr\n|-resisted|p1a: Feraligatr\n|-damage|p1a: Feraligatr|137/264\n|\n|upkeep\n|turn|15\n|\n|t:|1732994238\n|move|p2a: Scizor|Bullet Punch|p1a: Feraligatr\n|-resisted|p1a: Feraligatr\n|-damage|p1a: Feraligatr|89/264\n|move|p1a: Feraligatr|Dragon Dance|p1a: Feraligatr\n|-boost|p1a: Feraligatr|atk|1\n|-boost|p1a: Feraligatr|spe|1\n|\n|upkeep\n|turn|16\n|\n|t:|1732994242\n|move|p2a: Scizor|Bullet Punch|p1a: Feraligatr\n|-resisted|p1a: Feraligatr\n|-damage|p1a: Feraligatr|41/264\n|move|p1a: Feraligatr|Liquidation|p2a: Scizor\n|-damage|p2a: Scizor|0 fnt\n|faint|p2a: Scizor\n|\n|upkeep\n|\n|t:|1732994248\n|switch|p2a: Gardevoir|Gardevoir, L83, M|249/249\n|-ability|p2a: Gardevoir|Sheer Force|[from] ability: Trace|[of] p1a: Feraligatr\n|turn|17\n|\n|t:|1732994271\n|move|p2a: Gardevoir|Moonblast|p1a: Feraligatr\n|-damage|p1a: Feraligatr|0 fnt\n|faint|p1a: Feraligatr\n|\n|upkeep\n|\n|t:|1732994276\n|switch|p1a: Rayquaza|Rayquaza, L72|246/270\n|-ability|p1a: Rayquaza|Air Lock\n|turn|18\n|inactive|ChomperDP5 has 120 seconds left.\n|\n|t:|1732994319\n|-terastallize|p1a: Rayquaza|Steel\n|move|p2a: Gardevoir|Moonblast|p1a: Rayquaza\n|-resisted|p1a: Rayquaza\n|-damage|p1a: Rayquaza|157/270\n|move|p1a: Rayquaza|Swords Dance|p1a: Rayquaza\n|-boost|p1a: Rayquaza|atk|2\n|\n|upkeep\n|turn|19\n|\n|t:|1732994328\n|switch|p2a: Arceus|Arceus-Psychic, L69|280/280\n|move|p1a: Rayquaza|Dragon Ascent|p2a: Arceus\n|-damage|p2a: Arceus|36/280\n|-unboost|p1a: Rayquaza|def|1\n|-unboost|p1a: Rayquaza|spd|1\n|\n|upkeep\n|turn|20\n|\n|t:|1732994356\n|switch|p1a: Illumise|Illumise, L91, F|148/266\n|move|p2a: Arceus|Body Press|p1a: Illumise\n|-resisted|p1a: Illumise\n|-damage|p1a: Illumise|124/266\n|\n|upkeep\n|turn|21\n|\n|t:|1732994372\n|switch|p2a: Gardevoir|Gardevoir, L83, M|249/249\n|-ability|p2a: Gardevoir|Prankster|[from] ability: Trace|[of] p1a: Illumise\n|move|p1a: Illumise|Roost|p1a: Illumise\n|-heal|p1a: Illumise|257/266\n|-singleturn|p1a: Illumise|move: Roost\n|\n|upkeep\n|turn|22\n|\n|t:|1732994388\n|move|p1a: Illumise|Thunder Wave|p2a: Gardevoir\n|-status|p2a: Gardevoir|par\n|move|p2a: Gardevoir|Moonblast|p1a: Illumise\n|-damage|p1a: Illumise|142/266\n|\n|upkeep\n|turn|23\n|inactive|ChomperDP5 has 120 seconds left.\n|\n|t:|1732994414\n|move|p1a: Illumise|Roost|p1a: Illumise\n|-heal|p1a: Illumise|266/266\n|-singleturn|p1a: Illumise|move: Roost\n|move|p2a: Gardevoir|Moonblast|p1a: Illumise\n|-damage|p1a: Illumise|142/266\n|\n|upkeep\n|turn|24\n|\n|t:|1732994428\n|move|p1a: Illumise|Roost|p1a: Illumise\n|-heal|p1a: Illumise|266/266\n|-singleturn|p1a: Illumise|move: Roost\n|move|p2a: Gardevoir|Moonblast|p1a: Illumise\n|-damage|p1a: Illumise|160/266\n|-unboost|p1a: Illumise|spa|1\n|\n|upkeep\n|turn|25\n|\n|t:|1732994440\n|switch|p1a: Rayquaza|Rayquaza, L72, tera:Steel|157/270\n|-ability|p1a: Rayquaza|Air Lock\n|move|p2a: Gardevoir|Moonblast|p1a: Rayquaza\n|-resisted|p1a: Rayquaza\n|-crit|p1a: Rayquaza\n|-damage|p1a: Rayquaza|46/270\n|\n|upkeep\n|turn|26\n|\n|t:|1732994447\n|move|p1a: Rayquaza|Dragon Ascent|p2a: Gardevoir\n|-damage|p2a: Gardevoir|83/249 par\n|-unboost|p1a: Rayquaza|def|1\n|-unboost|p1a: Rayquaza|spd|1\n|cant|p2a: Gardevoir|par\n|\n|upkeep\n|turn|27\n|\n|t:|1732994453\n|move|p1a: Rayquaza|Dragon Ascent|p2a: Gardevoir\n|-damage|p2a: Gardevoir|0 fnt\n|-unboost|p1a: Rayquaza|def|1\n|-unboost|p1a: Rayquaza|spd|1\n|faint|p2a: Gardevoir\n|\n|upkeep\n|\n|t:|1732994458\n|switch|p2a: Arceus|Arceus-Psychic, L69|36/280\n|turn|28\n|\n|t:|1732994463\n|switch|p1a: Illumise|Illumise, L91, F|160/266\n|move|p2a: Arceus|Recover|p2a: Arceus\n|-heal|p2a: Arceus|176/280\n|\n|upkeep\n|turn|29\n|\n|t:|1732994474\n|switch|p2a: Gogoat|Gogoat, L88, F|360/360\n|move|p1a: Illumise|Thunder Wave|p2a: Gogoat\n|-status|p2a: Gogoat|par\n|\n|upkeep\n|turn|30\n|\n|t:|1732994479\n|move|p1a: Illumise|Bug Buzz|p2a: Gogoat\n|-supereffective|p2a: Gogoat\n|-damage|p2a: Gogoat|192/360 par\n|move|p2a: Gogoat|Bulk Up|p2a: Gogoat\n|-boost|p2a: Gogoat|atk|1\n|-boost|p2a: Gogoat|def|1\n|\n|-heal|p2a: Gogoat|214/360 par|[from] item: Leftovers\n|upkeep\n|turn|31\n|\n|t:|1732994486\n|move|p1a: Illumise|Encore|p2a: Gogoat\n|-start|p2a: Gogoat|Encore\n|move|p2a: Gogoat|Bulk Up|p2a: Gogoat\n|-boost|p2a: Gogoat|atk|1\n|-boost|p2a: Gogoat|def|1\n|\n|-heal|p2a: Gogoat|236/360 par|[from] item: Leftovers\n|upkeep\n|turn|32\n|\n|t:|1732994491\n|move|p1a: Illumise|Bug Buzz|p2a: Gogoat\n|-supereffective|p2a: Gogoat\n|-damage|p2a: Gogoat|38/360 par\n|cant|p2a: Gogoat|par\n|\n|-heal|p2a: Gogoat|60/360 par|[from] item: Leftovers\n|upkeep\n|turn|33\n|\n|t:|1732994493\n|move|p1a: Illumise|Bug Buzz|p2a: Gogoat\n|-supereffective|p2a: Gogoat\n|-damage|p2a: Gogoat|0 fnt\n|faint|p2a: Gogoat\n|\n|upkeep\n|\n|t:|1732994496\n|switch|p2a: Iron Valiant|Iron Valiant, L78|220/244\n|turn|34\n|\n|t:|1732994501\n|move|p1a: Illumise|Thunder Wave|p2a: Iron Valiant\n|-status|p2a: Iron Valiant|par\n|move|p2a: Iron Valiant|Spirit Break|p1a: Illumise\n|-damage|p1a: Illumise|39/266\n|-unboost|p1a: Illumise|spa|1\n|-damage|p2a: Iron Valiant|196/244 par|[from] item: Life Orb\n|\n|upkeep\n|turn|35\n|\n|t:|1732994511\n|switch|p1a: Vivillon|Vivillon-Tundra, L84, F|272/272\n|move|p2a: Iron Valiant|Spirit Break|p1a: Vivillon\n|-damage|p1a: Vivillon|99/272\n|-unboost|p1a: Vivillon|spa|1\n|-damage|p2a: Iron Valiant|172/244 par|[from] item: Life Orb\n|\n|upkeep\n|turn|36\n|\n|t:|1732994517\n|move|p1a: Vivillon|Hurricane|p2a: Iron Valiant|[miss]\n|-miss|p1a: Vivillon|p2a: Iron Valiant\n|move|p2a: Iron Valiant|Spirit Break|p1a: Vivillon\n|-damage|p1a: Vivillon|0 fnt\n|faint|p1a: Vivillon\n|-damage|p2a: Iron Valiant|148/244 par|[from] item: Life Orb\n|\n|upkeep\n|\n|t:|1732994519\n|switch|p1a: Azumarill|Azumarill, L82, M|298/298\n|turn|37\n|\n|t:|1732994525\n|move|p1a: Azumarill|Liquidation|p2a: Iron Valiant\n|-damage|p2a: Iron Valiant|0 fnt\n|faint|p2a: Iron Valiant\n|-end|p2a: Iron Valiant|Quark Drive|[silent]\n|\n|upkeep\n|\n|t:|1732994528\n|switch|p2a: Arceus|Arceus-Psychic, L69|176/280\n|turn|38\n|\n|t:|1732994537\n|switch|p1a: Illumise|Illumise, L91, F|39/266\n|-terastallize|p2a: Arceus|Steel\n|move|p2a: Arceus|Cosmic Power|p2a: Arceus\n|-boost|p2a: Arceus|def|1\n|-boost|p2a: Arceus|spd|1\n|\n|upkeep\n|turn|39\n|-message|Chad0397 forfeited.\n|\n|win|ChomperDP5\n|raw|ChomperDP5's rating: 1736 &rarr; <strong>1754</strong><br />(+18 for winning)\n|raw|Chad0397's rating: 1696 &rarr; <strong>1678</strong><br />(-18 for losing)\n|l|\u2606Chad0397\n|player|p2|\n", "inputlog": ">version b107d77f5c90bd6555267ae244a6264823309ead\n>start {\"formatid\":\"gen9randombattle\",\"seed\":[50220,54322,5535,24882],\"rated\":\"Rated battle\"}\n>player p1 {\"name\":\"ChomperDP5\",\"avatar\":\"lucas\",\"rating\":1736,\"seed\":[24460,6281,29240,44998]}\n>player p2 {\"name\":\"Chad0397\",\"avatar\":\"170\",\"rating\":1696,\"seed\":[30424,19620,45073,63399]}\n>p1 switch 5\n>p2 move spiritbreak\n>p1 move swordsdance\n>p2 switch 2\n>p1 move ironhead\n>p2 move earthquake\n>p1 switch 5\n>p1 move swordsdance\n>p2 move milkdrink\n>p1 move scaleshot\n>p2 switch 6\n>p1 move scaleshot\n>p2 move ragingbull\n>p2 switch 4\n>p1 switch 3\n>p2 move bulletpunch\n>p1 move thunderwave\n>p2 move bulletpunch\n>p1 move roost\n>p2 move bulletpunch\n>p1 switch 6\n>p2 move bulletpunch\n>p1 move dragondance\n>p2 switch 6\n>p1 switch 3\n>p2 move hornleech\n>p1 move dragonascent\n>p2 switch 6\n>p1 switch 3\n>p2 move bulletpunch\n>p1 move dragondance\n>p2 move bulletpunch\n>p1 move liquidation\n>p2 move bulletpunch\n>p2 switch 3\n>p1 move liquidation\n>p2 move moonblast\n>p1 switch 3\n>p1 move swordsdance terastallize\n>p2 move moonblast\n>p1 move dragonascent\n>p2 switch 5\n>p1 switch 6\n>p2 move bodypress\n>p1 move roost\n>p2 switch 5\n>p1 move thunderwave\n>p2 move moonblast\n>p1 move roost\n>p2 move moonblast\n>p1 move roost\n>p2 move moonblast\n>p1 switch 6\n>p2 move moonblast\n>p1 move dragonascent\n>p2 move moonblast\n>p1 move dragonascent\n>p2 move moonblast\n>p2 switch 5\n>p1 switch 6\n>p2 move recover\n>p1 move thunderwave\n>p2 switch 6\n>p1 move bugbuzz\n>p2 move bulkup\n>p1 move encore\n>p2 move bulkup\n>p1 move bugbuzz\n>p2 move bulkup\n>p1 move bugbuzz\n>p2 move bulkup\n>p2 switch 2\n>p1 move thunderwave\n>p2 move spiritbreak\n>p1 switch 2\n>p2 move spiritbreak\n>p1 move hurricane\n>p2 move spiritbreak\n>p1 switch 4\n>p1 move liquidation\n>p2 move spiritbreak\n>p2 switch 6\n>p1 switch 2\n>p2 move cosmicpower terastallize\n>forcelose p2", "uploadtime": 1732994711, "views": 3, "formatid": "gen9randombattle", "rating": 1678, "private": 0, "password": null}