{"id": "gen9randombattle-2254049180", "format": "[Gen 9] Random Battle", "players": ["SoSROc", "rideq"], "log": "|j|\u2606SoSROc\n|j|\u2606rideq\n|t:|1732984849\n|gametype|singles\n|player|p1|SoSROc|erika-gen2|\n|player|p2|rideq|silver|\n|teamsize|p1|6\n|teamsize|p2|6\n|gen|9\n|tier|[Gen 9] Random Battle\n|rule|Species Clause: Limit one of each Pok\u00e9mon\n|rule|HP Percentage Mod: HP is shown in percentages\n|rule|Sleep Clause Mod: Limit one foe put to sleep\n|rule|Illusion Level Mod: Illusion disguises the Pok\u00e9mon's true level\n|\n|t:|1732984849\n|start\n|switch|p1a: Dragapult|Dragapult, L77, M|262/262\n|switch|p2a: Regieleki|Regieleki, L79|256/256\n|turn|1\n|\n|t:|1732984899\n|move|p2a: Regieleki|Volt Switch|p1a: Dragapult\n|-resisted|p1a: Dragapult\n|-damage|p1a: Dragapult|202/262\n|\n|t:|1732984930\n|switch|p2a: Malamar|Malamar, L82, F|275/275|[from] Volt Switch\n|move|p1a: Dragapult|Dragon Darts|p2a: Malamar\n|-damage|p2a: Malamar|223/275\n|-anim|p1a: Dragapult|Dragon Darts|p2a: Malamar\n|-damage|p2a: Malamar|172/275\n|\n|-heal|p2a: Malamar|189/275|[from] item: Leftovers\n|upkeep\n|turn|2\n|\n|t:|1732984946\n|move|p1a: Dragapult|U-turn|p2a: Malamar\n|-supereffective|p2a: Malamar\n|-damage|p2a: Malamar|0 fnt\n|faint|p2a: Malamar\n|\n|t:|1732984953\n|switch|p1a: Skuntank|Skuntank, L84, M|310/310|[from] U-turn\n|\n|upkeep\n|\n|t:|1732984973\n|switch|p2a: Regieleki|Regieleki, L79|256/256\n|turn|3\n|\n|t:|1732984981\n|move|p2a: Regieleki|Thunderbolt|p1a: Skuntank\n|-damage|p1a: Skuntank|123/310\n|move|p1a: Skuntank|Toxic Spikes|p2a: Regieleki\n|-sidestart|p2: rideq|move: Toxic Spikes\n|\n|-heal|p1a: Skuntank|142/310|[from] item: Leftovers\n|upkeep\n|turn|4\n|\n|t:|1732984996\n|move|p2a: Regieleki|Rapid Spin|p1a: Skuntank\n|-damage|p1a: Skuntank|102/310\n|-boost|p2a: Regieleki|spe|1\n|-sideend|p2: rideq|Toxic Spikes|[from] move: Rapid Spin|[of] p2a: Regieleki\n|move|p1a: Skuntank|Gunk Shot|p2a: Regieleki\n|-damage|p2a: Regieleki|52/256\n|\n|-heal|p1a: Skuntank|121/310|[from] item: Leftovers\n|upkeep\n|turn|5\n|\n|t:|1732985007\n|move|p2a: Regieleki|Thunderbolt|p1a: Skuntank\n|-damage|p1a: Skuntank|0 fnt\n|faint|p1a: Skuntank\n|\n|upkeep\n|\n|t:|1732985011\n|switch|p1a: Dragapult|Dragapult, L77, M|202/262\n|turn|6\n|\n|t:|1732985037\n|move|p2a: Regieleki|Explosion|p1a: Dragapult\n|-immune|p1a: Dragapult\n|faint|p2a: Regieleki\n|move|p1a: Dragapult|Dragon Darts|p2: Regieleki|[notarget]\n|-fail|p1a: Dragapult\n|\n|upkeep\n|c|\u2606rideq|NAO\n|c|\u2606rideq|PQP\n|c|\u2606SoSROc|KKKKKKKKKKKKKKKKKKKKKKKKKKKKKKKKKKKKKKKKKKKKKKKKKKKKKKKKKKKKKKKKK\n|c|\u2606rideq|ERA PRA SER THUNDERBOLT\n|c|\u2606rideq|FILHA DA PUTAAAAAA\n|c|\u2606rideq|THUNDERBOLT N\n|c|\u2606rideq|VOLT SWITCH\n|c|\u2606rideq|**\n|c|\u2606rideq|PQPPPPPPP\n|c|\u2606rideq|MENTIRA\n|\n|t:|1732985073\n|switch|p2a: Dragapult|Dragapult, L77, M|262/262\n|turn|7\n|\n|t:|1732985090\n|move|p1a: Dragapult|Dragon Darts|p2a: Dragapult\n|-supereffective|p2a: Dragapult\n|-damage|p2a: Dragapult|130/262\n|-anim|p1a: Dragapult|Dragon Darts|p2a: Dragapult\n|-supereffective|p2a: Dragapult\n|-damage|p2a: Dragapult|4/262\n|-start|p1a: Dragapult|Disable|Dragon Darts|[from] ability: Cursed Body|[of] p2a: Dragapult\n|move|p2a: Dragapult|Dragon Darts|p1a: Dragapult\n|-supereffective|p1a: Dragapult\n|-damage|p1a: Dragapult|82/262\n|-anim|p2a: Dragapult|Dragon Darts|p1a: Dragapult\n|-supereffective|p1a: Dragapult\n|-damage|p1a: Dragapult|0 fnt\n|faint|p1a: Dragapult\n|\n|upkeep\n|\n|t:|1732985135\n|switch|p1a: Golduck|Golduck, L90, M|290/290\n|-ability|p1a: Golduck|Cloud Nine\n|turn|8\n|\n|t:|1732985152\n|move|p2a: Dragapult|U-turn|p1a: Golduck\n|-damage|p1a: Golduck|243/290\n|\n|t:|1732985157\n|switch|p2a: Kilowattrel|Kilowattrel, L83, M|252/252|[from] U-turn\n|move|p1a: Golduck|Nasty Plot|p1a: Golduck\n|-boost|p1a: Golduck|spa|2\n|\n|-heal|p1a: Golduck|261/290|[from] item: Leftovers\n|upkeep\n|turn|9\n|\n|t:|1732985168\n|move|p2a: Kilowattrel|Thunderbolt|p1a: Golduck\n|-supereffective|p1a: Golduck\n|-damage|p1a: Golduck|43/290\n|move|p1a: Golduck|Ice Beam|p2a: Kilowattrel\n|-supereffective|p2a: Kilowattrel\n|-damage|p2a: Kilowattrel|0 fnt\n|faint|p2a: Kilowattrel\n|\n|-heal|p1a: Golduck|61/290|[from] item: Leftovers\n|upkeep\n|\n|t:|1732985175\n|switch|p2a: Dragapult|Dragapult, L77, M|4/262\n|turn|10\n|\n|t:|1732985183\n|move|p2a: Dragapult|Dragon Darts|p1a: Golduck\n|-damage|p1a: Golduck|4/290\n|-anim|p2a: Dragapult|Dragon Darts|p1a: Golduck\n|-damage|p1a: Golduck|0 fnt\n|faint|p1a: Golduck\n|\n|upkeep\n|\n|t:|1732985193\n|switch|p1a: Crabominable|Crabominable, L90, F|321/321\n|turn|11\n|\n|t:|1732985223\n|move|p2a: Dragapult|Will-O-Wisp|p1a: Crabominable\n|-status|p1a: Crabominable|brn\n|move|p1a: Crabominable|Earthquake|p2a: Dragapult\n|-damage|p2a: Dragapult|0 fnt\n|faint|p2a: Dragapult\n|\n|-damage|p1a: Crabominable|301/321 brn|[from] brn\n|upkeep\n|\n|t:|1732985243\n|switch|p2a: Zacian|Zacian-Crowned, L64|225/225\n|-ability|p2a: Zacian|Intrepid Sword|boost\n|-boost|p2a: Zacian|atk|1\n|turn|12\n|\n|t:|1732985271\n|move|p2a: Zacian|Behemoth Blade|p1a: Crabominable\n|-supereffective|p1a: Crabominable\n|-damage|p1a: Crabominable|5/321 brn\n|move|p1a: Crabominable|Earthquake|p2a: Zacian\n|-supereffective|p2a: Zacian\n|-damage|p2a: Zacian|66/225\n|\n|-damage|p1a: Crabominable|0 fnt|[from] brn\n|faint|p1a: Crabominable\n|upkeep\n|\n|t:|1732985286\n|switch|p1a: Jirachi|Jirachi, L80|291/291\n|turn|13\n|\n|t:|1732985308\n|move|p2a: Zacian|Close Combat|p1a: Jirachi\n|-damage|p1a: Jirachi|191/291\n|-unboost|p2a: Zacian|def|1\n|-unboost|p2a: Zacian|spd|1\n|move|p1a: Jirachi|Iron Head|p2a: Zacian\n|-damage|p2a: Zacian|0 fnt\n|faint|p2a: Zacian\n|\n|-heal|p1a: Jirachi|209/291|[from] item: Leftovers\n|upkeep\n|\n|t:|1732985312\n|switch|p2a: Noivern|Noivern, L82, F|274/274\n|turn|14\n|\n|t:|1732985327\n|-terastallize|p1a: Jirachi|Water\n|move|p2a: Noivern|Flamethrower|p1a: Jirachi\n|-resisted|p1a: Jirachi\n|-damage|p1a: Jirachi|169/291\n|move|p1a: Jirachi|Body Slam|p2a: Noivern\n|-damage|p2a: Noivern|209/274\n|\n|-heal|p1a: Jirachi|187/291|[from] item: Leftovers\n|upkeep\n|turn|15\n|-message|rideq forfeited.\n|\n|win|SoSROc\n", "inputlog": ">version b107d77f5c90bd6555267ae244a6264823309ead\n>start {\"formatid\":\"gen9randombattle\",\"seed\":[48945,54147,33356,55914]}\n>player p1 {\"name\":\"SoSROc\",\"avatar\":\"erika-gen2\",\"rating\":0,\"seed\":[49321,1279,31091,43193]}\n>player p2 {\"name\":\"rideq\",\"avatar\":\"silver\",\"rating\":0,\"seed\":[53426,42149,30224,47965]}\n>p1 move dragondarts\n>p2 move voltswitch\n>p2 switch 6\n>p1 move uturn\n>p2 move knockoff\n>p1 switch 5\n>p2 switch 6\n>p1 move toxicspikes\n>p2 move thunderbolt\n>p1 move gunkshot\n>p2 move rapidspin\n>p1 move toxicspikes\n>p2 move thunderbolt\n>p1 switch 5\n>p1 move dragondarts\n>p2 move explosion\n>chat \u2606rideq|NAO\n>chat \u2606rideq|PQP\n>chat \u2606SoSROc|KKKKKKKKKKKKKKKKKKKKKKKKKKKKKKKKKKKKKKKKKKKKKKKKKKKKKKKKKKKKKKKKK\n>chat \u2606rideq|ERA PRA SER THUNDERBOLT\n>chat \u2606rideq|FILHA DA PUTAAAAAA\n>chat \u2606rideq|THUNDERBOLT N\n>chat \u2606rideq|VOLT SWITCH\n>chat \u2606rideq|**\n>chat \u2606rideq|PQPPPPPPP\n>chat \u2606rideq|MENTIRA\n>p2 switch 5\n>p1 move dragondarts\n>p2 move dragondarts\n>p1 switch 2\n>p1 move nastyplot\n>p2 move uturn\n>p2 switch 4\n>p1 move icebeam\n>p2 move thunderbolt\n>p2 switch 4\n>p1 move icebeam\n>p2 move dragondarts\n>p1 switch 3\n>p1 move earthquake\n>p2 move willowisp\n>p2 switch 2\n>p1 move earthquake\n>p2 move behemothblade\n>p1 switch 4\n>p1 move ironhead\n>p2 move closecombat\n>p2 switch 3\n>p1 move bodyslam terastallize\n>p2 move flamethrower\n>forcelose p2", "uploadtime": 1732985351, "views": 8, "formatid": "gen9randombattle", "rating": null, "private": 0, "password": null}