{"id": "gen9randombattle-2253983661", "format": "[Gen 9] Random Battle", "players": ["ananananji", "robjr"], "log": "|j|\u2606ananananji\n|j|\u2606robjr\n|t:|1732975608\n|gametype|singles\n|player|p1|ananananji|102|2169\n|player|p2|robjr|#lcplxiioshawotts|2156\n|teamsize|p1|6\n|teamsize|p2|6\n|gen|9\n|tier|[Gen 9] Random Battle\n|rated|\n|rule|Species Clause: Limit one of each Pok\u00e9mon\n|rule|HP Percentage Mod: HP is shown in percentages\n|rule|Sleep Clause Mod: Limit one foe put to sleep\n|rule|Illusion Level Mod: Illusion disguises the Pok\u00e9mon's true level\n|\n|t:|1732975608\n|start\n|switch|p1a: Smeargle|Smeargle, L95, M|258/258\n|switch|p2a: Carbink|Carbink, L90|236/236\n|turn|1\n|inactive|Battle timer is ON: inactive players will automatically lose when time's up. (requested by ananananji)\n|\n|t:|1732975619\n|switch|p1a: Clawitzer|Clawitzer, L87, F|265/265\n|move|p2a: Carbink|Body Press|p1a: Clawitzer\n|-damage|p1a: Clawitzer|169/265\n|\n|upkeep\n|turn|2\n|\n|t:|1732975625\n|switch|p2a: Wo-Chien|Wo-Chien, L83|277/277\n|-ability|p2a: Wo-Chien|Tablets of Ruin\n|move|p1a: Clawitzer|U-turn|p2a: Wo-Chien\n|-supereffective|p2a: Wo-Chien\n|-damage|p2a: Wo-Chien|153/277\n|\n|t:|1732975629\n|switch|p1a: Honchkrow|Honchkrow, L86, F|312/312|[from] U-turn\n|\n|-heal|p2a: Wo-Chien|170/277|[from] item: Leftovers\n|upkeep\n|turn|3\n|\n|t:|1732975636\n|switch|p1a: Clawitzer|Clawitzer, L87, F|169/265\n|switch|p2a: Minior|Minior-Green, L79|224/224\n|-formechange|p2a: Minior|Minior-Meteor||[from] ability: Shields Down\n|\n|upkeep\n|turn|4\n|\n|t:|1732975644\n|switch|p2a: Wo-Chien|Wo-Chien, L83|170/277\n|-ability|p2a: Wo-Chien|Tablets of Ruin\n|move|p1a: Clawitzer|Water Pulse|p2a: Wo-Chien\n|-resisted|p2a: Wo-Chien\n|-damage|p2a: Wo-Chien|101/277\n|\n|-heal|p2a: Wo-Chien|118/277|[from] item: Leftovers\n|upkeep\n|turn|5\n|\n|t:|1732975651\n|switch|p1a: Honchkrow|Honchkrow, L86, F|312/312\n|move|p2a: Wo-Chien|Giga Drain|p1a: Honchkrow\n|-resisted|p1a: Honchkrow\n|-damage|p1a: Honchkrow|255/312\n|-heal|p2a: Wo-Chien|147/277|[from] drain|[of] p1a: Honchkrow\n|\n|-heal|p2a: Wo-Chien|164/277|[from] item: Leftovers\n|upkeep\n|turn|6\n|\n|t:|1732975657\n|move|p1a: Honchkrow|Brave Bird|p2a: Wo-Chien\n|-supereffective|p2a: Wo-Chien\n|-damage|p2a: Wo-Chien|0 fnt\n|faint|p2a: Wo-Chien\n|-ability|p1a: Honchkrow|Moxie|boost\n|-boost|p1a: Honchkrow|atk|1\n|-damage|p1a: Honchkrow|201/312|[from] Recoil\n|\n|upkeep\n|\n|t:|1732975665\n|switch|p2a: Minior|Minior-Green, L79|224/224\n|-formechange|p2a: Minior|Minior-Meteor||[from] ability: Shields Down\n|turn|7\n|\n|t:|1732975669\n|move|p1a: Honchkrow|Lash Out|p2a: Minior\n|-damage|p2a: Minior|83/224\n|move|p2a: Minior|Shell Smash|p2a: Minior\n|-unboost|p2a: Minior|def|1\n|-unboost|p2a: Minior|spd|1\n|-boost|p2a: Minior|atk|2\n|-boost|p2a: Minior|spa|2\n|-boost|p2a: Minior|spe|2\n|-enditem|p2a: Minior|White Herb\n|-clearnegativeboost|p2a: Minior|[silent]\n|\n|-formechange|p2a: Minior|Minior-Green||[from] ability: Shields Down\n|upkeep\n|turn|8\n|\n|t:|1732975673\n|move|p1a: Honchkrow|Sucker Punch||[still]\n|-fail|p1a: Honchkrow\n|move|p2a: Minior|Shell Smash|p2a: Minior\n|-unboost|p2a: Minior|def|1\n|-unboost|p2a: Minior|spd|1\n|-boost|p2a: Minior|atk|2\n|-boost|p2a: Minior|spa|2\n|-boost|p2a: Minior|spe|2\n|\n|upkeep\n|turn|9\n|\n|t:|1732975675\n|move|p1a: Honchkrow|Sucker Punch||[still]\n|-fail|p1a: Honchkrow\n|move|p2a: Minior|Shell Smash|p2a: Minior\n|-unboost|p2a: Minior|def|1\n|-unboost|p2a: Minior|spd|1\n|-boost|p2a: Minior|atk|2\n|-boost|p2a: Minior|spa|2\n|-boost|p2a: Minior|spe|2\n|\n|upkeep\n|turn|10\n|\n|t:|1732975677\n|move|p2a: Minior|Shell Smash|p2a: Minior\n|-unboost|p2a: Minior|def|1\n|-unboost|p2a: Minior|spd|1\n|-boost|p2a: Minior|atk|0\n|-boost|p2a: Minior|spa|0\n|-boost|p2a: Minior|spe|0\n|move|p1a: Honchkrow|Lash Out|p2a: Minior\n|-damage|p2a: Minior|0 fnt\n|faint|p2a: Minior\n|-ability|p1a: Honchkrow|Moxie|boost\n|-boost|p1a: Honchkrow|atk|1\n|\n|upkeep\n|-message|robjr forfeited.\n|\n|win|ananananji\n|raw|ananananji's rating: 2169 &rarr; <strong>2188</strong><br />(+19 for winning)\n|raw|robjr's rating: 2156 &rarr; <strong>2137</strong><br />(-19 for losing)\n", "inputlog": ">version b107d77f5c90bd6555267ae244a6264823309ead\n>start {\"formatid\":\"gen9randombattle\",\"seed\":[44124,23259,56034,6484],\"rated\":\"Rated battle\"}\n>player p1 {\"name\":\"ananananji\",\"avatar\":\"102\",\"rating\":2169,\"seed\":[48866,17909,45756,51248]}\n>player p2 {\"name\":\"robjr\",\"avatar\":\"#lcplxiioshawotts\",\"rating\":2156,\"seed\":[19426,58545,9823,28377]}\n>p1 switch 4\n>p2 move bodypress\n>p1 move uturn\n>p2 switch 2\n>p1 switch 6\n>p1 switch 6\n>p2 switch 6\n>p1 move waterpulse\n>p2 switch 6\n>p1 switch 6\n>p2 move gigadrain\n>p1 move bravebird\n>p2 move stunspore\n>p2 switch 6\n>p1 move lashout\n>p2 move shellsmash\n>p1 move suckerpunch\n>p2 move shellsmash\n>p1 move suckerpunch\n>p2 move shellsmash\n>p1 move lashout\n>p2 move shellsmash\n>forcelose p2", "uploadtime": 1732975682, "views": 1, "formatid": "gen9randombattle", "rating": 2137, "private": 0, "password": null}