{"id": "gen9randombattle-2253890955", "format": "[Gen 9] Random Battle", "players": ["VinnyTheRose", "PochitaXXX"], "log": "|j|\u2606VinnyTheRose\n|j|\u2606PochitaXXX\n|t:|1732957512\n|gametype|singles\n|player|p1|VinnyTheRose|doubleteam|1497\n|player|p2|PochitaXXX|pokemonbreederf|1462\n|teamsize|p1|6\n|teamsize|p2|6\n|gen|9\n|tier|[Gen 9] Random Battle\n|rated|\n|rule|Species Clause: Limit one of each Pok\u00e9mon\n|rule|HP Percentage Mod: HP is shown in percentages\n|rule|Sleep Clause Mod: Limit one foe put to sleep\n|rule|Illusion Level Mod: Illusion disguises the Pok\u00e9mon's true level\n|\n|t:|1732957512\n|start\n|switch|p1a: Drifblim|Drifblim, L86, F|396/396\n|switch|p2a: Oricorio|Oricorio-Pa'u, L87, M|272/272\n|turn|1\n|inactive|Battle timer is ON: inactive players will automatically lose when time's up. (requested by VinnyTheRose)\n|\n|t:|1732957527\n|switch|p2a: Zebstrika|Zebstrika, L87, M|272/272\n|move|p1a: Drifblim|Calm Mind|p1a: Drifblim\n|-boost|p1a: Drifblim|spa|1\n|-boost|p1a: Drifblim|spd|1\n|\n|upkeep\n|turn|2\n|\n|t:|1732957547\n|-terastallize|p1a: Drifblim|Ghost\n|move|p2a: Zebstrika|Volt Switch|p1a: Drifblim\n|-damage|p1a: Drifblim|314/396\n|-damage|p2a: Zebstrika|245/272|[from] item: Life Orb\n|\n|t:|1732957565\n|switch|p2a: Terapagos|Terapagos, L76, F|262/262|[from] Volt Switch\n|-activate|p2a: Terapagos|ability: Tera Shift\n|detailschange|p2a: Terapagos|Terapagos-Terastal, L76, F\n|-heal|p2a: Terapagos|269/269|[silent]\n|move|p1a: Drifblim|Shadow Ball|p2a: Terapagos\n|-immune|p2a: Terapagos\n|\n|upkeep\n|turn|3\n|\n|t:|1732957579\n|move|p1a: Drifblim|Air Slash|p2a: Terapagos\n|-activate|p2a: Terapagos|ability: Tera Shell\n|-resisted|p2a: Terapagos\n|-damage|p2a: Terapagos|210/269\n|move|p2a: Terapagos|Calm Mind|p2a: Terapagos\n|-boost|p2a: Terapagos|spa|1\n|-boost|p2a: Terapagos|spd|1\n|\n|upkeep\n|turn|4\n|\n|t:|1732957592\n|move|p1a: Drifblim|Air Slash|p2a: Terapagos\n|-damage|p2a: Terapagos|135/269\n|move|p2a: Terapagos|Dark Pulse|p1a: Drifblim\n|-supereffective|p1a: Drifblim\n|-damage|p1a: Drifblim|182/396\n|-enditem|p1a: Drifblim|Sitrus Berry|[eat]\n|-heal|p1a: Drifblim|281/396|[from] item: Sitrus Berry\n|\n|upkeep\n|turn|5\n|\n|t:|1732957601\n|-terastallize|p2a: Terapagos|Stellar\n|detailschange|p2a: Terapagos|Terapagos-Stellar, L76, F, tera:Stellar\n|-heal|p2a: Terapagos|234/368|[silent]\n|move|p1a: Drifblim|Air Slash|p2a: Terapagos\n|-damage|p2a: Terapagos|162/368\n|move|p2a: Terapagos|Tera Starstorm|p1a: Drifblim\n|-supereffective|p1a: Drifblim\n|-damage|p1a: Drifblim|0 fnt\n|faint|p1a: Drifblim\n|\n|upkeep\n|\n|t:|1732957624\n|switch|p1a: Overqwil|Overqwil, L82, M|274/274\n|-ability|p1a: Overqwil|Intimidate|boost\n|-unboost|p2a: Terapagos|atk|1\n|turn|6\n|\n|t:|1732957644\n|move|p1a: Overqwil|Swords Dance|p1a: Overqwil\n|-boost|p1a: Overqwil|atk|2\n|move|p2a: Terapagos|Tera Starstorm|p1a: Overqwil\n|-damage|p1a: Overqwil|57/274\n|\n|upkeep\n|turn|7\n|\n|t:|1732957653\n|switch|p2a: Masquerain|Masquerain, L87, M|264/264\n|-ability|p2a: Masquerain|Intimidate|boost\n|-unboost|p1a: Overqwil|atk|1\n|move|p1a: Overqwil|Scale Shot|p2a: Masquerain\n|-damage|p2a: Masquerain|229/264\n|-damage|p2a: Masquerain|194/264\n|-damage|p2a: Masquerain|156/264\n|-damage|p2a: Masquerain|121/264\n|-damage|p2a: Masquerain|83/264\n|-hitcount|p2a: Masquerain|5\n|-unboost|p1a: Overqwil|def|1\n|-boost|p1a: Overqwil|spe|1\n|\n|upkeep\n|turn|8\n|\n|t:|1732957673\n|move|p1a: Overqwil|Crunch|p2a: Masquerain\n|-crit|p2a: Masquerain\n|-damage|p2a: Masquerain|0 fnt\n|faint|p2a: Masquerain\n|\n|upkeep\n|\n|t:|1732957679\n|switch|p2a: Zebstrika|Zebstrika, L87, M|245/272\n|turn|9\n|\n|t:|1732957685\n|move|p1a: Overqwil|Gunk Shot|p2a: Zebstrika\n|-damage|p2a: Zebstrika|0 fnt\n|faint|p2a: Zebstrika\n|\n|upkeep\n|\n|t:|1732957697\n|switch|p2a: Farigiraf|Farigiraf, L91, M|366/366\n|turn|10\n|\n|t:|1732957719\n|move|p1a: Overqwil|Gunk Shot|p2a: Farigiraf\n|-damage|p2a: Farigiraf|152/366\n|move|p2a: Farigiraf|Body Slam|p1a: Overqwil\n|-damage|p1a: Overqwil|0 fnt\n|faint|p1a: Overqwil\n|\n|-heal|p2a: Farigiraf|174/366|[from] item: Leftovers\n|upkeep\n|inactive|VinnyTheRose has 120 seconds left.\n|\n|t:|1732957748\n|switch|p1a: Thundurus|Thundurus, L80, M|258/258\n|turn|11\n|\n|t:|1732957760\n|move|p1a: Thundurus|Thunderbolt|p2a: Farigiraf\n|-damage|p2a: Farigiraf|57/366\n|move|p2a: Farigiraf|Body Slam|p1a: Thundurus\n|-damage|p1a: Thundurus|126/258\n|\n|-heal|p2a: Farigiraf|79/366|[from] item: Leftovers\n|upkeep\n|turn|12\n|inactive|VinnyTheRose has 120 seconds left.\n|\n|t:|1732957768\n|move|p2a: Farigiraf|Protect|p2a: Farigiraf\n|-singleturn|p2a: Farigiraf|Protect\n|move|p1a: Thundurus|Knock Off|p2a: Farigiraf\n|-activate|p2a: Farigiraf|move: Protect\n|\n|-heal|p2a: Farigiraf|101/366|[from] item: Leftovers\n|upkeep\n|turn|13\n|\n|t:|1732957777\n|move|p1a: Thundurus|Knock Off|p2a: Farigiraf\n|-supereffective|p2a: Farigiraf\n|-damage|p2a: Farigiraf|0 fnt\n|-enditem|p2a: Farigiraf|Leftovers|[from] move: Knock Off|[of] p1a: Thundurus\n|faint|p2a: Farigiraf\n|\n|upkeep\n|\n|t:|1732957779\n|switch|p2a: Kleavor|Kleavor, L78, F|237/237\n|turn|14\n|\n|t:|1732957787\n|move|p1a: Thundurus|Knock Off|p2a: Kleavor\n|-damage|p2a: Kleavor|161/237\n|-enditem|p2a: Kleavor|Heavy-Duty Boots|[from] move: Knock Off|[of] p1a: Thundurus\n|move|p2a: Kleavor|Stone Axe|p1a: Thundurus\n|-supereffective|p1a: Thundurus\n|-damage|p1a: Thundurus|0 fnt\n|-sidestart|p1: VinnyTheRose|move: Stealth Rock\n|faint|p1a: Thundurus\n|\n|upkeep\n|\n|t:|1732957802\n|switch|p1a: Regieleki|Regieleki, L79|256/256\n|-damage|p1a: Regieleki|224/256|[from] Stealth Rock\n|turn|15\n|\n|t:|1732957814\n|move|p1a: Regieleki|Thunderbolt|p2a: Kleavor\n|-damage|p2a: Kleavor|0 fnt\n|faint|p2a: Kleavor\n|\n|upkeep\n|\n|t:|1732957817\n|switch|p2a: Terapagos|Terapagos-Stellar, L76, F, tera:Stellar|162/368\n|turn|16\n|\n|t:|1732957822\n|move|p1a: Regieleki|Rapid Spin|p2a: Terapagos\n|-damage|p2a: Terapagos|130/368\n|-boost|p1a: Regieleki|spe|1\n|-sideend|p1: VinnyTheRose|Stealth Rock|[from] move: Rapid Spin|[of] p1a: Regieleki\n|move|p2a: Terapagos|Tera Starstorm|p1a: Regieleki\n|-damage|p1a: Regieleki|55/256\n|\n|upkeep\n|turn|17\n|\n|t:|1732957838\n|move|p1a: Regieleki|Volt Switch|p2a: Terapagos\n|-damage|p2a: Terapagos|31/368\n|\n|t:|1732957846\n|switch|p1a: Palkia|Palkia, L75|259/259|[from] Volt Switch\n|-ability|p1a: Palkia|Pressure\n|move|p2a: Terapagos|Tera Starstorm|p1a: Palkia\n|-damage|p1a: Palkia|164/259\n|\n|upkeep\n|turn|18\n|\n|t:|1732957858\n|move|p1a: Palkia|Spacial Rend|p2a: Terapagos\n|-damage|p2a: Terapagos|0 fnt\n|faint|p2a: Terapagos\n|\n|upkeep\n|\n|t:|1732957862\n|switch|p2a: Oricorio|Oricorio-Pa'u, L87, M|272/272\n|turn|19\n|\n|t:|1732957867\n|move|p2a: Oricorio|Quiver Dance|p2a: Oricorio\n|-boost|p2a: Oricorio|spa|1\n|-boost|p2a: Oricorio|spd|1\n|-boost|p2a: Oricorio|spe|1\n|move|p1a: Palkia|Spacial Rend|p2a: Oricorio\n|-damage|p2a: Oricorio|137/272\n|\n|upkeep\n|turn|20\n|c|\u2606VinnyTheRose|gg wp\n|\n|t:|1732957873\n|move|p2a: Oricorio|Quiver Dance|p2a: Oricorio\n|-boost|p2a: Oricorio|spa|1\n|-boost|p2a: Oricorio|spd|1\n|-boost|p2a: Oricorio|spe|1\n|move|p1a: Palkia|Spacial Rend|p2a: Oricorio\n|-damage|p2a: Oricorio|34/272\n|\n|upkeep\n|turn|21\n|\n|t:|1732957879\n|move|p2a: Oricorio|Roost|p2a: Oricorio\n|-heal|p2a: Oricorio|170/272\n|-singleturn|p2a: Oricorio|move: Roost\n|move|p1a: Palkia|Spacial Rend|p2a: Oricorio\n|-damage|p2a: Oricorio|61/272\n|\n|upkeep\n|turn|22\n|\n|t:|1732957886\n|move|p2a: Oricorio|Roost|p2a: Oricorio\n|-heal|p2a: Oricorio|197/272\n|-singleturn|p2a: Oricorio|move: Roost\n|move|p1a: Palkia|Spacial Rend|p2a: Oricorio\n|-damage|p2a: Oricorio|92/272\n|\n|upkeep\n|turn|23\n|\n|t:|1732957892\n|move|p2a: Oricorio|Roost|p2a: Oricorio\n|-heal|p2a: Oricorio|228/272\n|-singleturn|p2a: Oricorio|move: Roost\n|move|p1a: Palkia|Spacial Rend|p2a: Oricorio|[miss]\n|-miss|p1a: Palkia|p2a: Oricorio\n|\n|upkeep\n|turn|24\n|\n|t:|1732957899\n|move|p2a: Oricorio|Revelation Dance|p1a: Palkia\n|-damage|p1a: Palkia|0 fnt\n|faint|p1a: Palkia\n|\n|upkeep\n|\n|t:|1732957908\n|switch|p1a: Regieleki|Regieleki, L79|55/256\n|turn|25\n|\n|t:|1732957915\n|move|p2a: Oricorio|Revelation Dance|p1a: Regieleki\n|-damage|p1a: Regieleki|0 fnt\n|faint|p1a: Regieleki\n|\n|upkeep\n|\n|t:|1732957920\n|switch|p1a: Wugtrio|Wugtrio, L91, F|212/212\n|turn|26\n|\n|t:|1732957930\n|move|p2a: Oricorio|Revelation Dance|p1a: Wugtrio\n|-damage|p1a: Wugtrio|8/212\n|move|p1a: Wugtrio|Throat Chop|p2a: Oricorio\n|-supereffective|p2a: Oricorio\n|-damage|p2a: Oricorio|0 fnt\n|faint|p2a: Oricorio\n|\n|win|VinnyTheRose\n|raw|VinnyTheRose's rating: 1497 &rarr; <strong>1515</strong><br />(+18 for winning)\n|raw|PochitaXXX's rating: 1462 &rarr; <strong>1444</strong><br />(-18 for losing)\n|c|\u2606PochitaXXX|gg\n|l|\u2606PochitaXXX\n|player|p2|\n", "inputlog": ">version b107d77f5c90bd6555267ae244a6264823309ead\n>start {\"formatid\":\"gen9randombattle\",\"seed\":[62005,46487,34332,56869],\"rated\":\"Rated battle\"}\n>player p1 {\"name\":\"VinnyTheRose\",\"avatar\":\"doubleteam\",\"rating\":1497,\"seed\":[16286,8421,61061,30166]}\n>player p2 {\"name\":\"PochitaXXX\",\"avatar\":\"pokemonbreederf\",\"rating\":1462,\"seed\":[45241,34315,45379,59715]}\n>p1 move calmmind\n>p2 switch 5\n>p1 move shadowball terastallize\n>p2 move voltswitch\n>p2 switch 3\n>p1 move airslash\n>p2 move calmmind\n>p1 move airslash\n>p2 move darkpulse\n>p1 move airslash\n>p2 move terastarstorm terastallize\n>p1 switch 3\n>p1 move swordsdance\n>p2 move terastarstorm\n>p1 move scaleshot\n>p2 switch 2\n>p1 move crunch\n>p2 move bugbuzz\n>p2 switch 3\n>p1 move gunkshot\n>p2 move highhorsepower\n>p2 switch 4\n>p1 move gunkshot\n>p2 move bodyslam\n>p1 switch 5\n>p1 move thunderbolt\n>p2 move bodyslam\n>p1 move knockoff\n>p2 move protect\n>p1 move knockoff\n>p2 move bodyslam\n>p2 switch 6\n>p1 move knockoff\n>p2 move stoneaxe\n>p1 switch 4\n>p1 move thunderbolt\n>p2 move stoneaxe\n>p2 switch 2\n>p1 move rapidspin\n>p2 move terastarstorm\n>p1 move voltswitch\n>p2 move terastarstorm\n>p1 switch 6\n>p1 move spacialrend\n>p2 move darkpulse\n>p2 switch 5\n>p1 move spacialrend\n>p2 move quiverdance\n>chat \u2606VinnyTheRose|gg wp\n>p1 move spacialrend\n>p2 move quiverdance\n>p1 move spacialrend\n>p2 move roost\n>p1 move spacialrend\n>p2 move roost\n>p1 move spacialrend\n>p2 move roost\n>p1 move spacialrend\n>p2 move revelationdance\n>p1 switch 6\n>p1 move explosion\n>p2 move revelationdance\n>p1 switch 2\n>p1 move throatchop\n>p2 move revelationdance", "uploadtime": 1732957942, "views": 5, "formatid": "gen9randombattle", "rating": 1444, "private": 0, "password": null}