{"id": "gen9randombattle-2253889823", "format": "[Gen 9] Random Battle", "players": ["wanted fame=got it", "Woelolo"], "log": "|badge|p1|bronze|gen9randombattle|100-3\n|uhtml|medal-msg|<div class=\"broadcast-blue\">Curious what those medals under the avatar are? PS now has Ladder Seasons! For more information, check out the <a href=\"https://www.smogon.com/forums/threads/3740067/\">thread on Smogon.</a></div>\n|j|\u2606wanted fame=got it\n|j|\u2606Woelolo\n|t:|1732957266\n|gametype|singles\n|player|p1|wanted fame=got it|aromalady|2312\n|player|p2|Woelolo|veteran|2201\n|teamsize|p1|6\n|teamsize|p2|6\n|gen|9\n|tier|[Gen 9] Random Battle\n|rated|\n|rule|Species Clause: Limit one of each Pok\u00e9mon\n|rule|HP Percentage Mod: HP is shown in percentages\n|rule|Sleep Clause Mod: Limit one foe put to sleep\n|rule|Illusion Level Mod: Illusion disguises the Pok\u00e9mon's true level\n|\n|t:|1732957266\n|start\n|switch|p1a: Mandibuzz|Mandibuzz, L85, F|326/326\n|switch|p2a: Garchomp|Garchomp, L74, M|282/282\n|turn|1\n|inactive|Battle timer is ON: inactive players will automatically lose when time's up. (requested by Woelolo)\n|inactive|wanted fame=got it also wants the timer to be on.\n|\n|t:|1732957289\n|move|p2a: Garchomp|Swords Dance|p2a: Garchomp\n|-boost|p2a: Garchomp|atk|2\n|move|p1a: Mandibuzz|Foul Play|p2a: Garchomp\n|-damage|p2a: Garchomp|18/282\n|-damage|p1a: Mandibuzz|286/326|[from] ability: Rough Skin|[of] p2a: Garchomp\n|\n|upkeep\n|turn|2\n|\n|t:|1732957298\n|move|p2a: Garchomp|Scale Shot|p1a: Mandibuzz\n|-damage|p1a: Mandibuzz|238/326\n|-damage|p1a: Mandibuzz|192/326\n|-damage|p1a: Mandibuzz|143/326\n|-damage|p1a: Mandibuzz|100/326\n|-hitcount|p1a: Mandibuzz|4\n|-unboost|p2a: Garchomp|def|1\n|-boost|p2a: Garchomp|spe|1\n|move|p1a: Mandibuzz|Foul Play|p2a: Garchomp\n|-damage|p2a: Garchomp|0 fnt\n|-damage|p1a: Mandibuzz|60/326|[from] ability: Rough Skin|[of] p2a: Garchomp\n|faint|p2a: Garchomp\n|\n|upkeep\n|\n|t:|1732957313\n|switch|p2a: Scream Tail|Scream Tail, L84|330/330\n|turn|3\n|\n|t:|1732957337\n|switch|p1a: Forretress|Forretress, L84, F|263/263\n|move|p2a: Scream Tail|Dazzling Gleam|p1a: Forretress\n|-resisted|p1a: Forretress\n|-damage|p1a: Forretress|218/263\n|\n|-heal|p1a: Forretress|234/263|[from] item: Leftovers\n|upkeep\n|turn|4\n|\n|t:|1732957345\n|-end|p2a: Scream Tail|Protosynthesis|[silent]\n|switch|p2a: Chi-Yu|Chi-Yu, L77|211/211\n|-ability|p2a: Chi-Yu|Beads of Ruin\n|move|p1a: Forretress|Toxic Spikes|p2a: Chi-Yu\n|-sidestart|p2: Woelolo|move: Toxic Spikes\n|\n|-heal|p1a: Forretress|250/263|[from] item: Leftovers\n|upkeep\n|turn|5\n|\n|t:|1732957354\n|switch|p1a: Mandibuzz|Mandibuzz, L85, F|60/326\n|move|p2a: Chi-Yu|Flamethrower|p1a: Mandibuzz\n|-damage|p1a: Mandibuzz|0 fnt\n|faint|p1a: Mandibuzz\n|\n|upkeep\n|j| ppklxiakxs\n|inactive|wanted fame=got it has 120 seconds left.\n|\n|t:|1732957388\n|switch|p1a: Gallade|Gallade, L81, M|243/243\n|turn|6\n|\n|t:|1732957395\n|switch|p2a: Swalot|Swalot, L90, F|326/326\n|-sideend|p2: Woelolo|move: Toxic Spikes|[of] p2a: Swalot\n|switch|p1a: Forretress|Forretress, L84, F|250/263\n|\n|-heal|p1a: Forretress|263/263|[from] item: Leftovers\n|upkeep\n|turn|7\n|c|\u2606wanted fame=got it|ofc\n|\n|t:|1732957402\n|switch|p2a: Chi-Yu|Chi-Yu, L77|211/211\n|-ability|p2a: Chi-Yu|Beads of Ruin\n|move|p1a: Forretress|Stealth Rock|p2a: Chi-Yu\n|-sidestart|p2: Woelolo|move: Stealth Rock\n|\n|upkeep\n|turn|8\n|\n|t:|1732957411\n|move|p2a: Chi-Yu|Flamethrower|p1a: Forretress\n|-supereffective|p1a: Forretress\n|-ability|p1a: Forretress|Sturdy\n|-damage|p1a: Forretress|1/263\n|move|p1a: Forretress|Volt Switch|p2a: Chi-Yu\n|-damage|p2a: Chi-Yu|183/211\n|\n|t:|1732957419\n|switch|p1a: Gallade|Gallade, L81, M|243/243|[from] Volt Switch\n|\n|upkeep\n|turn|9\n|\n|t:|1732957430\n|move|p2a: Chi-Yu|Flamethrower|p1a: Gallade\n|-damage|p1a: Gallade|137/243\n|move|p1a: Gallade|Sacred Sword|p2a: Chi-Yu\n|-supereffective|p2a: Chi-Yu\n|-damage|p2a: Chi-Yu|0 fnt\n|faint|p2a: Chi-Yu\n|-damage|p1a: Gallade|113/243|[from] item: Life Orb\n|\n|upkeep\n|\n|t:|1732957442\n|switch|p2a: Scream Tail|Scream Tail, L84|330/330\n|-damage|p2a: Scream Tail|289/330|[from] Stealth Rock\n|turn|10\n|\n|t:|1732957448\n|switch|p1a: Forretress|Forretress, L84, F|1/263\n|move|p2a: Scream Tail|Dazzling Gleam|p1a: Forretress\n|-resisted|p1a: Forretress\n|-damage|p1a: Forretress|0 fnt\n|faint|p1a: Forretress\n|\n|-heal|p2a: Scream Tail|309/330|[from] item: Leftovers\n|upkeep\n|\n|t:|1732957452\n|switch|p1a: Hatterene|Hatterene, L85, F|236/236\n|turn|11\n|\n|t:|1732957473\n|move|p2a: Scream Tail|Wish|p2a: Scream Tail\n|move|p1a: Hatterene|Nuzzle|p2a: Scream Tail\n|-damage|p2a: Scream Tail|296/330\n|-status|p2a: Scream Tail|par\n|\n|-heal|p2a: Scream Tail|316/330 par|[from] item: Leftovers\n|upkeep\n|turn|12\n|\n|t:|1732957484\n|-end|p2a: Scream Tail|Protosynthesis|[silent]\n|switch|p2a: Bastiodon|Bastiodon, L89, F|252/252\n|-damage|p2a: Bastiodon|237/252|[from] Stealth Rock\n|move|p1a: Hatterene|Nuzzle|p2a: Bastiodon\n|-damage|p2a: Bastiodon|228/252\n|-status|p2a: Bastiodon|par\n|\n|-heal|p2a: Bastiodon|252/252 par|[from] move: Wish|[wisher] Scream Tail\n|upkeep\n|turn|13\n|\n|t:|1732957502\n|switch|p1a: Zamazenta|Zamazenta-Crowned, L68|238/238\n|-ability|p1a: Zamazenta|Dauntless Shield|boost\n|-boost|p1a: Zamazenta|def|1\n|move|p2a: Bastiodon|Iron Defense|p2a: Bastiodon\n|-boost|p2a: Bastiodon|def|2\n|\n|upkeep\n|turn|14\n|\n|t:|1732957513\n|-terastallize|p2a: Bastiodon|Fighting\n|move|p1a: Zamazenta|Substitute|p1a: Zamazenta\n|-start|p1a: Zamazenta|Substitute\n|-damage|p1a: Zamazenta|179/238\n|move|p2a: Bastiodon|Iron Defense|p2a: Bastiodon\n|-boost|p2a: Bastiodon|def|2\n|\n|upkeep\n|turn|15\n|\n|t:|1732957520\n|move|p1a: Zamazenta|Iron Defense|p1a: Zamazenta\n|-boost|p1a: Zamazenta|def|2\n|move|p2a: Bastiodon|Iron Defense|p2a: Bastiodon\n|-boost|p2a: Bastiodon|def|2\n|\n|upkeep\n|turn|16\n|\n|t:|1732957524\n|move|p1a: Zamazenta|Iron Defense|p1a: Zamazenta\n|-boost|p1a: Zamazenta|def|2\n|move|p2a: Bastiodon|Body Press|p1a: Zamazenta\n|-supereffective|p1a: Zamazenta\n|-crit|p1a: Zamazenta\n|-end|p1a: Zamazenta|Substitute\n|\n|upkeep\n|turn|17\n|inactive|wanted fame=got it has 120 seconds left.\n|\n|t:|1732957555\n|switch|p1a: Hatterene|Hatterene, L85, F|236/236\n|move|p2a: Bastiodon|Body Press|p1a: Hatterene\n|-resisted|p1a: Hatterene\n|-damage|p1a: Hatterene|107/236\n|\n|upkeep\n|turn|18\n|\n|t:|1732957565\n|move|p1a: Hatterene|Draining Kiss|p2a: Bastiodon\n|-supereffective|p2a: Bastiodon\n|-damage|p2a: Bastiodon|148/252 par\n|-heal|p1a: Hatterene|185/236|[from] drain|[of] p2a: Bastiodon\n|move|p2a: Bastiodon|Rest|p2a: Bastiodon\n|-status|p2a: Bastiodon|slp|[from] move: Rest\n|-heal|p2a: Bastiodon|252/252 slp|[silent]\n|-enditem|p2a: Bastiodon|Chesto Berry|[eat]\n|-curestatus|p2a: Bastiodon|slp|[msg]\n|\n|upkeep\n|turn|19\n|\n|t:|1732957572\n|move|p2a: Bastiodon|Body Press|p1a: Hatterene\n|-resisted|p1a: Hatterene\n|-damage|p1a: Hatterene|52/236\n|move|p1a: Hatterene|Nuzzle|p2a: Bastiodon\n|-damage|p2a: Bastiodon|249/252\n|-status|p2a: Bastiodon|par\n|\n|upkeep\n|turn|20\n|\n|t:|1732957576\n|move|p1a: Hatterene|Draining Kiss|p2a: Bastiodon\n|-supereffective|p2a: Bastiodon\n|-damage|p2a: Bastiodon|147/252 par\n|-heal|p1a: Hatterene|129/236|[from] drain|[of] p2a: Bastiodon\n|move|p2a: Bastiodon|Body Press|p1a: Hatterene\n|-resisted|p1a: Hatterene\n|-damage|p1a: Hatterene|2/236\n|\n|upkeep\n|turn|21\n|\n|t:|1732957580\n|move|p1a: Hatterene|Draining Kiss|p2a: Bastiodon\n|-supereffective|p2a: Bastiodon\n|-damage|p2a: Bastiodon|51/252 par\n|-heal|p1a: Hatterene|74/236|[from] drain|[of] p2a: Bastiodon\n|move|p2a: Bastiodon|Body Press|p1a: Hatterene\n|-resisted|p1a: Hatterene\n|-damage|p1a: Hatterene|0 fnt\n|faint|p1a: Hatterene\n|\n|upkeep\n|\n|t:|1732957585\n|switch|p1a: Gallade|Gallade, L81, M|113/243\n|turn|22\n|\n|t:|1732957588\n|move|p1a: Gallade|Sacred Sword|p2a: Bastiodon\n|-damage|p2a: Bastiodon|0 fnt\n|faint|p2a: Bastiodon\n|-damage|p1a: Gallade|89/243|[from] item: Life Orb\n|\n|upkeep\n|\n|t:|1732957593\n|switch|p2a: Staraptor|Staraptor, L79, M|263/263\n|-damage|p2a: Staraptor|198/263|[from] Stealth Rock\n|turn|23\n|\n|t:|1732957603\n|move|p2a: Staraptor|Brave Bird|p1a: Gallade\n|-supereffective|p1a: Gallade\n|-damage|p1a: Gallade|0 fnt\n|faint|p1a: Gallade\n|-damage|p2a: Staraptor|169/263|[from] Recoil\n|\n|upkeep\n|\n|t:|1732957609\n|switch|p1a: Zamazenta|Zamazenta-Crowned, L68|179/238\n|turn|24\n|\n|t:|1732957612\n|move|p1a: Zamazenta|Iron Defense|p1a: Zamazenta\n|-boost|p1a: Zamazenta|def|2\n|move|p2a: Staraptor|Brave Bird|p1a: Zamazenta\n|-damage|p1a: Zamazenta|82/238\n|-damage|p2a: Staraptor|137/263|[from] Recoil\n|\n|upkeep\n|turn|25\n|\n|t:|1732957618\n|move|p1a: Zamazenta|Body Press|p2a: Staraptor\n|-crit|p2a: Staraptor\n|-damage|p2a: Staraptor|0 fnt\n|faint|p2a: Staraptor\n|\n|upkeep\n|\n|t:|1732957633\n|switch|p2a: Swalot|Swalot, L90, F|326/326\n|-damage|p2a: Swalot|286/326|[from] Stealth Rock\n|turn|26\n|\n|t:|1732957643\n|move|p1a: Zamazenta|Heavy Slam|p2a: Swalot\n|-damage|p2a: Swalot|184/326\n|move|p2a: Swalot|Swords Dance|p2a: Swalot\n|-boost|p2a: Swalot|atk|2\n|\n|-heal|p2a: Swalot|204/326|[from] item: Leftovers\n|upkeep\n|turn|27\n|\n|t:|1732957672\n|-terastallize|p1a: Zamazenta|Fighting\n|move|p1a: Zamazenta|Heavy Slam|p2a: Swalot\n|-damage|p2a: Swalot|107/326\n|move|p2a: Swalot|Earthquake|p1a: Zamazenta\n|-damage|p1a: Zamazenta|23/238\n|\n|-heal|p2a: Swalot|127/326|[from] item: Leftovers\n|upkeep\n|turn|28\n|\n|t:|1732957678\n|move|p1a: Zamazenta|Heavy Slam|p2a: Swalot\n|-damage|p2a: Swalot|19/326\n|move|p2a: Swalot|Earthquake|p1a: Zamazenta\n|-damage|p1a: Zamazenta|0 fnt\n|faint|p1a: Zamazenta\n|\n|-heal|p2a: Swalot|39/326|[from] item: Leftovers\n|upkeep\n|\n|t:|1732957682\n|switch|p1a: Spiritomb|Spiritomb, L89, F|234/234\n|turn|29\n|\n|t:|1732957689\n|move|p2a: Swalot|Earthquake|p1a: Spiritomb\n|-damage|p1a: Spiritomb|120/234\n|move|p1a: Spiritomb|Poltergeist|p2a: Swalot\n|-activate|p2a: Swalot|move: Poltergeist|Leftovers\n|-damage|p2a: Swalot|0 fnt\n|faint|p2a: Swalot\n|\n|upkeep\n|\n|t:|1732957692\n|switch|p2a: Scream Tail|Scream Tail, L84|316/330 par\n|-damage|p2a: Scream Tail|275/330 par|[from] Stealth Rock\n|turn|30\n|\n|t:|1732957696\n|move|p2a: Scream Tail|Thunder Wave|p1a: Spiritomb\n|-status|p1a: Spiritomb|par\n|move|p1a: Spiritomb|Poltergeist|p2a: Scream Tail\n|-activate|p2a: Scream Tail|move: Poltergeist|Leftovers\n|-supereffective|p2a: Scream Tail\n|-damage|p2a: Scream Tail|0 fnt\n|faint|p2a: Scream Tail\n|-end|p2a: Scream Tail|Protosynthesis|[silent]\n|\n|win|wanted fame=got it\n|raw|wanted fame=got it's rating: 2312 &rarr; <strong>2326</strong><br />(+14 for winning)\n|raw|Woelolo's rating: 2201 &rarr; <strong>2187</strong><br />(-14 for losing)\n", "inputlog": ">version b107d77f5c90bd6555267ae244a6264823309ead\n>start {\"formatid\":\"gen9randombattle\",\"seed\":[30289,50917,24758,63321],\"rated\":\"Rated battle\"}\n>player p1 {\"name\":\"wanted fame=got it\",\"avatar\":\"aromalady\",\"rating\":2312,\"seed\":[19786,56864,2738,48254]}\n>player p2 {\"name\":\"Woelolo\",\"avatar\":\"veteran\",\"rating\":2201,\"seed\":[54949,4312,21601,20706]}\n>p1 move foulplay\n>p2 move swordsdance\n>p1 move foulplay\n>p2 move scaleshot\n>p2 switch 3\n>p1 switch 4\n>p2 move dazzlinggleam\n>p1 move toxicspikes\n>p2 switch 5\n>p1 switch 4\n>p2 move flamethrower\n>p1 switch 6\n>p1 switch 4\n>p2 switch 4\n>chat \u2606wanted fame=got it|ofc\n>p1 move stealthrock\n>p2 switch 4\n>p1 move voltswitch\n>p2 move flamethrower\n>p1 switch 4\n>p1 move sacredsword\n>p2 move flamethrower\n>p2 switch 5\n>p1 switch 4\n>p2 move dazzlinggleam\n>p1 switch 5\n>p1 move nuzzle\n>p2 move wish\n>p1 move nuzzle\n>p2 switch 6\n>p1 switch 2\n>p2 move irondefense\n>p1 move substitute\n>p2 move irondefense terastallize\n>p1 move irondefense\n>p2 move irondefense\n>p1 move irondefense\n>p2 move bodypress\n>p1 switch 2\n>p2 move bodypress\n>p1 move drainingkiss\n>p2 move rest\n>p1 move nuzzle\n>p2 move bodypress\n>p1 move drainingkiss\n>p2 move bodypress\n>p1 move drainingkiss\n>p2 move bodypress\n>p1 switch 4\n>p1 move sacredsword\n>p2 move rest\n>p2 switch 2\n>p1 move sacredsword\n>p2 move bravebird\n>p1 switch 2\n>p1 move irondefense\n>p2 move bravebird\n>p1 move bodypress\n>p2 move bravebird\n>p2 switch 4\n>p1 move heavyslam\n>p2 move swordsdance\n>p1 move heavyslam terastallize\n>p2 move earthquake\n>p1 move heavyslam\n>p2 move earthquake\n>p1 switch 3\n>p1 move poltergeist\n>p2 move earthquake\n>p2 switch 6\n>p1 move poltergeist\n>p2 move thunderwave", "uploadtime": 1732957698, "views": 9, "formatid": "gen9randombattle", "rating": 2187, "private": 0, "password": null}