{"id": "gen9randombattle-2253832450", "format": "[Gen 9] Random Battle", "players": ["M&M Hater", "Bfngjfksksk"], "log": "|j|\u2606M&M Hater\n|j|\u203dBfngjfksksk\n|t:|1732945348\n|gametype|singles\n|player|p1|M&M Hater|ninjaboy|1065\n|player|p2|Bfngjfksksk|1|1024\n|teamsize|p1|6\n|teamsize|p2|6\n|gen|9\n|tier|[Gen 9] Random Battle\n|rated|\n|rule|Species Clause: Limit one of each Pok\u00e9mon\n|rule|HP Percentage Mod: HP is shown in percentages\n|rule|Sleep Clause Mod: Limit one foe put to sleep\n|rule|Illusion Level Mod: Illusion disguises the Pok\u00e9mon's true level\n|\n|t:|1732945348\n|start\n|switch|p1a: Great Tusk|Great Tusk, L77|304/304\n|switch|p2a: Iron Boulder|Iron Boulder, L77|265/265\n|turn|1\n|inactive|Battle timer is ON: inactive players will automatically lose when time's up. (requested by Bfngjfksksk)\n|\n|t:|1732945366\n|-end|p2a: Iron Boulder|Quark Drive|[silent]\n|switch|p2a: Bellossom|Bellossom, L84, F|263/263\n|move|p1a: Great Tusk|Headlong Rush|p2a: Bellossom\n|-resisted|p2a: Bellossom\n|-damage|p2a: Bellossom|198/263\n|-unboost|p1a: Great Tusk|def|1\n|-unboost|p1a: Great Tusk|spd|1\n|\n|-heal|p2a: Bellossom|214/263|[from] item: Leftovers\n|upkeep\n|turn|2\n|\n|t:|1732945375\n|-end|p1a: Great Tusk|Protosynthesis|[silent]\n|switch|p1a: Chien-Pao|Chien-Pao, L72|234/234\n|-ability|p1a: Chien-Pao|Sword of Ruin\n|move|p2a: Bellossom|Quiver Dance|p2a: Bellossom\n|-boost|p2a: Bellossom|spa|1\n|-boost|p2a: Bellossom|spd|1\n|-boost|p2a: Bellossom|spe|1\n|\n|-heal|p2a: Bellossom|230/263|[from] item: Leftovers\n|upkeep\n|turn|3\n|\n|t:|1732945384\n|-terastallize|p2a: Bellossom|Fairy\n|move|p1a: Chien-Pao|Icicle Crash|p2a: Bellossom\n|-damage|p2a: Bellossom|127/263\n|move|p2a: Bellossom|Moonblast|p1a: Chien-Pao\n|-supereffective|p1a: Chien-Pao\n|-damage|p1a: Chien-Pao|0 fnt\n|faint|p1a: Chien-Pao\n|\n|-heal|p2a: Bellossom|143/263|[from] item: Leftovers\n|upkeep\n|\n|t:|1732945388\n|switch|p1a: Polteageist|Polteageist-Antique, L79|224/224\n|turn|4\n|\n|t:|1732945396\n|move|p2a: Bellossom|Moonblast|p1a: Polteageist\n|-damage|p1a: Polteageist|100/224\n|move|p1a: Polteageist|Shell Smash|p1a: Polteageist\n|-unboost|p1a: Polteageist|def|1\n|-unboost|p1a: Polteageist|spd|1\n|-boost|p1a: Polteageist|atk|2\n|-boost|p1a: Polteageist|spa|2\n|-boost|p1a: Polteageist|spe|2\n|-enditem|p1a: Polteageist|White Herb\n|-clearnegativeboost|p1a: Polteageist|[silent]\n|\n|-heal|p2a: Bellossom|159/263|[from] item: Leftovers\n|upkeep\n|turn|5\n|\n|t:|1732945401\n|move|p1a: Polteageist|Strength Sap|p2a: Bellossom\n|-unboost|p2a: Bellossom|atk|1\n|-heal|p1a: Polteageist|224/224\n|move|p2a: Bellossom|Moonblast|p1a: Polteageist\n|-damage|p1a: Polteageist|101/224\n|\n|-heal|p2a: Bellossom|175/263|[from] item: Leftovers\n|upkeep\n|turn|6\n|\n|t:|1732945406\n|move|p1a: Polteageist|Strength Sap|p2a: Bellossom\n|-unboost|p2a: Bellossom|atk|1\n|-heal|p1a: Polteageist|193/224\n|move|p2a: Bellossom|Moonblast|p1a: Polteageist\n|-damage|p1a: Polteageist|81/224\n|-unboost|p1a: Polteageist|spa|1\n|\n|-heal|p2a: Bellossom|191/263|[from] item: Leftovers\n|upkeep\n|turn|7\n|\n|t:|1732945414\n|move|p1a: Polteageist|Stored Power|p2a: Bellossom\n|-damage|p2a: Bellossom|102/263\n|move|p2a: Bellossom|Quiver Dance|p2a: Bellossom\n|-boost|p2a: Bellossom|spa|1\n|-boost|p2a: Bellossom|spd|1\n|-boost|p2a: Bellossom|spe|1\n|\n|-heal|p2a: Bellossom|118/263|[from] item: Leftovers\n|upkeep\n|turn|8\n|\n|t:|1732945423\n|move|p1a: Polteageist|Stored Power|p2a: Bellossom\n|-damage|p2a: Bellossom|52/263\n|move|p2a: Bellossom|Strength Sap|p1a: Polteageist\n|-unboost|p1a: Polteageist|atk|1\n|-heal|p2a: Bellossom|263/263\n|\n|upkeep\n|turn|9\n|\n|t:|1732945428\n|move|p1a: Polteageist|Strength Sap|p2a: Bellossom\n|-unboost|p2a: Bellossom|atk|1\n|-heal|p1a: Polteageist|150/224\n|move|p2a: Bellossom|Moonblast|p1a: Polteageist\n|-damage|p1a: Polteageist|0 fnt\n|faint|p1a: Polteageist\n|\n|upkeep\n|\n|t:|1732945432\n|switch|p1a: Reshiram|Reshiram, L76|277/277\n|-ability|p1a: Reshiram|Turboblaze\n|turn|10\n|c|\u2606M&M Hater|die painfully bitch\n|-message|M&M Hater forfeited.\n|\n|win|Bfngjfksksk\n", "inputlog": ">version b107d77f5c90bd6555267ae244a6264823309ead\n>start {\"formatid\":\"gen9randombattle\",\"seed\":[56786,43485,60009,8628],\"rated\":\"Rated battle\"}\n>player p1 {\"name\":\"M&M Hater\",\"avatar\":\"ninjaboy\",\"rating\":1065,\"seed\":[61741,33772,48804,47940]}\n>player p2 {\"name\":\"Bfngjfksksk\",\"avatar\":\"1\",\"rating\":1024,\"seed\":[60021,11597,2419,4998]}\n>p1 move headlongrush\n>p2 switch 5\n>p1 switch 5\n>p2 move quiverdance\n>p1 move iciclecrash\n>p2 move moonblast terastallize\n>p1 switch 2\n>p1 move shellsmash\n>p2 move moonblast\n>p1 move strengthsap\n>p2 move moonblast\n>p1 move strengthsap\n>p2 move moonblast\n>p1 move storedpower\n>p2 move quiverdance\n>p1 move storedpower\n>p2 move strengthsap\n>p1 move strengthsap\n>p2 move moonblast\n>p1 switch 4\n>chat \u2606M&M Hater|die painfully bitch\n>forcelose p1", "uploadtime": 1732945443, "views": 1, "formatid": "gen9randombattle", "rating": null, "private": 0, "password": null}