{"id": "gen9randombattle-2254101805", "format": "[Gen 9] Random Battle", "players": ["freyaknightvgc", "Gloriousplays"], "log": "|j|\u2606freyaknightvgc\n|j|\u2606Gloriousplays\n|t:|1732991466\n|gametype|singles\n|player|p1|freyaknightvgc|grusha|2226\n|player|p2|Gloriousplays|ash|2295\n|teamsize|p1|6\n|teamsize|p2|6\n|gen|9\n|tier|[Gen 9] Random Battle\n|rated|\n|rule|Species Clause: Limit one of each Pok\u00e9mon\n|rule|HP Percentage Mod: HP is shown in percentages\n|rule|Sleep Clause Mod: Limit one foe put to sleep\n|rule|Illusion Level Mod: Illusion disguises the Pok\u00e9mon's true level\n|\n|t:|1732991466\n|start\n|switch|p1a: Heracross|Heracross, L80, F|259/259\n|switch|p2a: Galvantula|Galvantula, L82, F|249/249\n|turn|1\n|c|\u2606freyaknightvgc|oh, hi\n|c|\u2606Gloriousplays|hi their\n|c|\u2606Gloriousplays|glhf :D\n|c|\u2606freyaknightvgc|u2! :)\n|c|\u2606freyaknightvgc|really hope it's gonna be a great game\n|\n|t:|1732991509\n|switch|p2a: Groudon|Groudon, L72|263/263\n|-weather|SunnyDay|[from] ability: Drought|[of] p2a: Groudon\n|move|p1a: Heracross|Megahorn|p2a: Groudon\n|-damage|p2a: Groudon|97/263\n|\n|-weather|SunnyDay|[upkeep]\n|-heal|p2a: Groudon|113/263|[from] item: Leftovers\n|upkeep\n|turn|2\n|\n|t:|1732991532\n|switch|p2a: Klawf|Klawf, L90, M|272/272\n|move|p1a: Heracross|Megahorn|p2a: Klawf\n|-damage|p2a: Klawf|107/272\n|-ability|p2a: Klawf|Anger Shell|boost\n|-boost|p2a: Klawf|atk|1\n|-boost|p2a: Klawf|spa|1\n|-boost|p2a: Klawf|spe|1\n|-unboost|p2a: Klawf|def|1\n|-unboost|p2a: Klawf|spd|1\n|-enditem|p2a: Klawf|Sitrus Berry|[eat]\n|-heal|p2a: Klawf|175/272|[from] item: Sitrus Berry\n|\n|-weather|SunnyDay|[upkeep]\n|upkeep\n|turn|3\n|\n|t:|1732991549\n|move|p2a: Klawf|Knock Off|p1a: Heracross\n|-resisted|p1a: Heracross\n|-damage|p1a: Heracross|185/259\n|-enditem|p1a: Heracross|Choice Band|[from] move: Knock Off|[of] p2a: Klawf\n|move|p1a: Heracross|Megahorn|p2a: Klawf\n|-damage|p2a: Klawf|21/272\n|-ability|p2a: Klawf|Anger Shell|boost\n|-boost|p2a: Klawf|atk|1\n|-boost|p2a: Klawf|spa|1\n|-boost|p2a: Klawf|spe|1\n|-unboost|p2a: Klawf|def|1\n|-unboost|p2a: Klawf|spd|1\n|\n|-weather|SunnyDay|[upkeep]\n|upkeep\n|turn|4\n|c|\u2606Gloriousplays|super buffed up crab\n|c|\u2606freyaknightvgc|interesting\n|c|\u2606Gloriousplays|innded\n|\n|t:|1732991607\n|move|p2a: Klawf|Stone Edge|p1a: Heracross\n|-damage|p1a: Heracross|0 fnt\n|faint|p1a: Heracross\n|\n|-weather|SunnyDay|[upkeep]\n|upkeep\n|\n|t:|1732991610\n|switch|p1a: Baxcalibur|Baxcalibur, L75, F|295/295\n|turn|5\n|c|\u2606Gloriousplays|you might be cooked\n|c|\u2606freyaknightvgc|i might\n|c|\u2606Gloriousplays|oh nvm\n|\n|t:|1732991626\n|move|p1a: Baxcalibur|Ice Shard|p2a: Klawf\n|-damage|p2a: Klawf|0 fnt\n|faint|p2a: Klawf\n|\n|-weather|none\n|upkeep\n|\n|t:|1732991638\n|switch|p2a: Lunala|Lunala, L70|238/238\n|turn|6\n|c|\u2606Gloriousplays|lunla broken\n|c|\u2606freyaknightvgc|definitely\n|\n|t:|1732991701\n|switch|p1a: Ogerpon|Ogerpon-Wellspring, L76, F|247/247\n|move|p2a: Lunala|Dark Pulse|p1a: Ogerpon\n|-damage|p1a: Ogerpon|97/247\n|\n|upkeep\n|turn|7\n|c|\u2606freyaknightvgc|!\n|c|\u2606Gloriousplays|sike\n|\n|t:|1732991716\n|switch|p1a: Dudunsparce|Dudunsparce, L83, F|343/343\n|move|p2a: Lunala|Dark Pulse|p1a: Dudunsparce\n|-crit|p1a: Dudunsparce\n|-damage|p1a: Dudunsparce|87/343\n|-ability|p1a: Dudunsparce|Rattled|boost\n|-boost|p1a: Dudunsparce|spe|1\n|\n|-heal|p1a: Dudunsparce|108/343|[from] item: Leftovers\n|upkeep\n|turn|8\n|\n|t:|1732991725\n|move|p2a: Lunala|Dark Pulse|p1a: Dudunsparce\n|-damage|p1a: Dudunsparce|0 fnt\n|faint|p1a: Dudunsparce\n|\n|upkeep\n|c|\u2606Gloriousplays|( lunla going off)\n|\n|t:|1732991738\n|switch|p1a: Golem|Golem, L87, M|281/281\n|turn|9\n|\n|t:|1732991746\n|switch|p2a: Groudon|Groudon, L72|113/263\n|-weather|SunnyDay|[from] ability: Drought|[of] p2a: Groudon\n|move|p1a: Golem|Rock Polish|p1a: Golem\n|-boost|p1a: Golem|spe|2\n|\n|-weather|SunnyDay|[upkeep]\n|-heal|p2a: Groudon|129/263|[from] item: Leftovers\n|upkeep\n|turn|10\n|\n|t:|1732991750\n|move|p1a: Golem|Earthquake|p2a: Groudon\n|-damage|p2a: Groudon|27/263\n|move|p2a: Groudon|Roar|p1a: Golem\n|drag|p1a: Armarouge|Armarouge, L80, F|267/267\n|\n|-weather|SunnyDay|[upkeep]\n|-heal|p2a: Groudon|43/263|[from] item: Leftovers\n|upkeep\n|turn|11\n|c|\u2606freyaknightvgc|daaamn\n|c|\u2606Gloriousplays|nice :)\n|\n|t:|1732991773\n|switch|p1a: Ogerpon|Ogerpon-Wellspring, L76, F|97/247\n|move|p2a: Groudon|Thunder Wave|p1a: Ogerpon\n|-status|p1a: Ogerpon|par\n|\n|-weather|SunnyDay|[upkeep]\n|-heal|p2a: Groudon|59/263|[from] item: Leftovers\n|upkeep\n|turn|12\n|\n|t:|1732991783\n|switch|p1a: Baxcalibur|Baxcalibur, L75, F|295/295\n|move|p2a: Groudon|Heat Crash|p1a: Baxcalibur\n|-damage|p1a: Baxcalibur|185/295\n|-ability|p1a: Baxcalibur|Thermal Exchange|boost\n|-boost|p1a: Baxcalibur|atk|1\n|\n|-weather|SunnyDay|[upkeep]\n|-heal|p2a: Groudon|75/263|[from] item: Leftovers\n|upkeep\n|turn|13\n|\n|t:|1732991795\n|move|p1a: Baxcalibur|Ice Shard|p2a: Groudon\n|-supereffective|p2a: Groudon\n|-damage|p2a: Groudon|0 fnt\n|faint|p2a: Groudon\n|\n|-weather|none\n|upkeep\n|\n|t:|1732991806\n|switch|p2a: Lunala|Lunala, L70|308/308\n|turn|14\n|\n|t:|1732991814\n|move|p1a: Baxcalibur|Ice Shard|p2a: Lunala\n|-damage|p2a: Lunala|242/308\n|move|p2a: Lunala|Calm Mind|p2a: Lunala\n|-boost|p2a: Lunala|spa|1\n|-boost|p2a: Lunala|spd|1\n|\n|-heal|p2a: Lunala|261/308|[from] item: Leftovers\n|upkeep\n|turn|15\n|\n|t:|1732991820\n|switch|p1a: Golem|Golem, L87, M|281/281\n|move|p2a: Lunala|Moonblast|p1a: Golem\n|-damage|p1a: Golem|161/281\n|\n|-heal|p2a: Lunala|280/308|[from] item: Leftovers\n|upkeep\n|turn|16\n|\n|t:|1732991828\n|move|p2a: Lunala|Moongeist Beam|p1a: Golem\n|-damage|p1a: Golem|0 fnt\n|faint|p1a: Golem\n|\n|-heal|p2a: Lunala|299/308|[from] item: Leftovers\n|upkeep\n|c|\u2606Gloriousplays|42 is crazy\n|c|\u2606Gloriousplays|ngl\n|c|\u2606Gloriousplays|gg\n|\n|t:|1732991842\n|switch|p1a: Baxcalibur|Baxcalibur, L75, F|185/295\n|turn|17\n|\n|t:|1732991855\n|-terastallize|p2a: Lunala|Fairy\n|-terastallize|p1a: Baxcalibur|Dragon\n|move|p2a: Lunala|Moonblast|p1a: Baxcalibur\n|-supereffective|p1a: Baxcalibur\n|-damage|p1a: Baxcalibur|0 fnt\n|faint|p1a: Baxcalibur\n|\n|-heal|p2a: Lunala|308/308|[from] item: Leftovers\n|upkeep\n|c|\u2606freyaknightvgc|gg\n|-message|freyaknightvgc forfeited.\n|\n|win|Gloriousplays\n|raw|freyaknightvgc's rating: 2226 &rarr; <strong>2210</strong><br />(-16 for losing)\n|raw|Gloriousplays's rating: 2295 &rarr; <strong>2311</strong><br />(+16 for winning)\n|c|\u2606freyaknightvgc|was still funny\n", "inputlog": ">version b107d77f5c90bd6555267ae244a6264823309ead\n>start {\"formatid\":\"gen9randombattle\",\"seed\":[31306,51507,17898,2569],\"rated\":\"Rated battle\"}\n>player p1 {\"name\":\"freyaknightvgc\",\"avatar\":\"grusha\",\"rating\":2226,\"seed\":[60248,65360,32018,15791]}\n>player p2 {\"name\":\"Gloriousplays\",\"avatar\":\"ash\",\"rating\":2295,\"seed\":[55280,11326,60897,41910]}\n>chat \u2606freyaknightvgc|oh, hi\n>chat \u2606Gloriousplays|hi their\n>chat \u2606Gloriousplays|glhf :D\n>chat \u2606freyaknightvgc|u2! :)\n>chat \u2606freyaknightvgc|really hope it's gonna be a great game\n>p1 move megahorn\n>p2 switch 5\n>p1 move megahorn\n>p2 switch 3\n>p1 move megahorn\n>p2 move knockoff\n>chat \u2606Gloriousplays| super buffed up crab\n>chat \u2606freyaknightvgc|interesting\n>chat \u2606Gloriousplays|innded\n>p1 move closecombat\n>p2 move stoneedge\n>p1 switch 2\n>chat \u2606Gloriousplays|you might be cooked\n>chat \u2606freyaknightvgc|i might\n>chat \u2606Gloriousplays|oh nvm\n>p1 move iceshard\n>p2 move stoneedge\n>p2 switch 2\n>chat \u2606Gloriousplays|lunla broken\n>chat \u2606freyaknightvgc|definitely\n>p1 switch 4\n>p2 move darkpulse\n>chat \u2606freyaknightvgc|!\n>chat \u2606Gloriousplays|sike\n>p1 switch 3\n>p2 move darkpulse\n>p1 move roost\n>p2 move darkpulse\n>chat \u2606Gloriousplays|( lunla going off)\n>p1 switch 6\n>p1 move rockpolish\n>p2 switch 3\n>p1 move earthquake\n>p2 move roar\n>chat \u2606freyaknightvgc|daaamn\n>chat \u2606Gloriousplays|nice :)\n>p1 switch 3\n>p2 move thunderwave\n>p1 switch 4\n>p2 move heatcrash\n>p1 move iceshard\n>p2 move precipiceblades\n>p2 switch 6\n>p1 move iceshard\n>p2 move calmmind\n>p1 switch 5\n>p2 move moonblast\n>p1 move earthquake\n>p2 move moongeistbeam\n>chat \u2606Gloriousplays|42 is crazy\n>chat \u2606Gloriousplays|ngl\n>chat \u2606Gloriousplays|gg\n>p1 switch 5\n>p1 move glaiverush terastallize\n>p2 move moonblast terastallize\n>chat \u2606freyaknightvgc|gg\n>forcelose p1", "uploadtime": 1732991918, "views": 8, "formatid": "gen9randombattle", "rating": 2210, "private": 0, "password": null}