{"id": "gen9randombattle-2253809216", "format": "[Gen 9] Random Battle", "players": ["TexasToastJr.", "6sk"], "log": "|j|\u2606TexasToastJr.\n|j|\u26066sk\n|t:|1732941576\n|gametype|singles\n|player|p1|TexasToastJr.|marlon|1445\n|player|p2|6sk|psychic-gen4|1401\n|teamsize|p1|6\n|teamsize|p2|6\n|gen|9\n|tier|[Gen 9] Random Battle\n|rated|\n|rule|Species Clause: Limit one of each Pok\u00e9mon\n|rule|HP Percentage Mod: HP is shown in percentages\n|rule|Sleep Clause Mod: Limit one foe put to sleep\n|rule|Illusion Level Mod: Illusion disguises the Pok\u00e9mon's true level\n|\n|t:|1732941576\n|start\n|switch|p1a: Granbull|Granbull, L88, M|302/302\n|switch|p2a: Ludicolo|Ludicolo, L90, F|290/290\n|-ability|p1a: Granbull|Intimidate|boost\n|-unboost|p2a: Ludicolo|atk|1\n|turn|1\n|\n|t:|1732941592\n|switch|p2a: Magcargo|Magcargo, L95, M|268/268\n|move|p1a: Granbull|Thunder Wave|p2a: Magcargo\n|-status|p2a: Magcargo|par\n|\n|upkeep\n|turn|2\n|\n|t:|1732941599\n|move|p2a: Magcargo|Fire Blast|p1a: Granbull\n|-damage|p1a: Granbull|116/302\n|move|p1a: Granbull|Roar|p2a: Magcargo\n|drag|p2a: Ursaring|Ursaring, L84, M|288/288\n|\n|-heal|p1a: Granbull|134/302|[from] item: Leftovers\n|upkeep\n|turn|3\n|\n|t:|1732941606\n|move|p2a: Ursaring|Body Slam|p1a: Granbull\n|-damage|p1a: Granbull|22/302\n|move|p1a: Granbull|Thunder Wave|p2a: Ursaring\n|-status|p2a: Ursaring|par\n|\n|-heal|p1a: Granbull|40/302|[from] item: Leftovers\n|upkeep\n|turn|4\n|\n|t:|1732941617\n|move|p2a: Ursaring|Body Slam|p1a: Granbull\n|-damage|p1a: Granbull|0 fnt\n|faint|p1a: Granbull\n|\n|upkeep\n|\n|t:|1732941624\n|switch|p1a: Registeel|Registeel, L81|262/262\n|turn|5\n|\n|t:|1732941629\n|switch|p2a: Magcargo|Magcargo, L95, M|268/268 par\n|move|p1a: Registeel|Iron Defense|p1a: Registeel\n|-boost|p1a: Registeel|def|2\n|\n|upkeep\n|turn|6\n|\n|t:|1732941634\n|move|p1a: Registeel|Body Press|p2a: Magcargo\n|-supereffective|p2a: Magcargo\n|-damage|p2a: Magcargo|42/268 par\n|-ability|p2a: Magcargo|Weak Armor|boost\n|-unboost|p2a: Magcargo|def|1\n|-boost|p2a: Magcargo|spe|2\n|move|p2a: Magcargo|Shell Smash|p2a: Magcargo\n|-unboost|p2a: Magcargo|def|1\n|-unboost|p2a: Magcargo|spd|1\n|-boost|p2a: Magcargo|atk|2\n|-boost|p2a: Magcargo|spa|2\n|-boost|p2a: Magcargo|spe|2\n|\n|upkeep\n|turn|7\n|\n|t:|1732941637\n|move|p2a: Magcargo|Fire Blast|p1a: Registeel\n|-supereffective|p1a: Registeel\n|-damage|p1a: Registeel|0 fnt\n|faint|p1a: Registeel\n|\n|upkeep\n|\n|t:|1732941644\n|switch|p1a: Lapras|Lapras, L87, M|368/368\n|turn|8\n|\n|t:|1732941648\n|move|p2a: Magcargo|Power Gem|p1a: Lapras\n|-supereffective|p1a: Lapras\n|-damage|p1a: Lapras|0 fnt\n|faint|p1a: Lapras\n|\n|upkeep\n|\n|t:|1732941652\n|switch|p1a: Copperajah|Copperajah, L86, M|349/349\n|turn|9\n|\n|t:|1732941661\n|-terastallize|p1a: Copperajah|Fire\n|move|p2a: Magcargo|Earth Power|p1a: Copperajah\n|-supereffective|p1a: Copperajah\n|-damage|p1a: Copperajah|0 fnt\n|faint|p1a: Copperajah\n|\n|upkeep\n|\n|t:|1732941664\n|switch|p1a: Dodrio|Dodrio, L86, M|243/243\n|turn|10\n|\n|t:|1732941669\n|move|p1a: Dodrio|Brave Bird|p2a: Magcargo\n|-resisted|p2a: Magcargo\n|-damage|p2a: Magcargo|0 fnt\n|faint|p2a: Magcargo\n|-damage|p1a: Dodrio|229/243|[from] Recoil\n|\n|upkeep\n|\n|t:|1732941678\n|switch|p2a: Slaking|Slaking, L84, F|389/389\n|turn|11\n|\n|t:|1732941683\n|move|p1a: Dodrio|Knock Off|p2a: Slaking\n|-damage|p2a: Slaking|317/389\n|-enditem|p2a: Slaking|Choice Band|[from] move: Knock Off|[of] p1a: Dodrio\n|move|p2a: Slaking|Double-Edge|p1a: Dodrio\n|-damage|p1a: Dodrio|0 fnt\n|faint|p1a: Dodrio\n|-damage|p2a: Slaking|241/389|[from] Recoil\n|\n|upkeep\n|\n|t:|1732941686\n|switch|p1a: Raichu|Raichu, L88, F|249/249\n|turn|12\n|c|\u2606TexasToastJr.|I played that terribly\n|c|\u2606TexasToastJr.|gg\n|\n|t:|1732941693\n|move|p1a: Raichu|Thunderbolt|p2a: Slaking\n|-damage|p2a: Slaking|69/389\n|-damage|p1a: Raichu|225/249|[from] item: Life Orb\n|cant|p2a: Slaking|ability: Truant\n|\n|upkeep\n|turn|13\n|\n|t:|1732941696\n|move|p1a: Raichu|Thunderbolt|p2a: Slaking\n|-damage|p2a: Slaking|0 fnt\n|faint|p2a: Slaking\n|-damage|p1a: Raichu|201/249|[from] item: Life Orb\n|\n|upkeep\n|\n|t:|1732941699\n|switch|p2a: Latios|Latios, L78, M|253/253\n|turn|14\n|c|\u26066sk|ggs\n|c|\u26066sk|yea, that was a little rough haha\n|\n|t:|1732941709\n|move|p1a: Raichu|Thunderbolt|p2a: Latios\n|-resisted|p2a: Latios\n|-damage|p2a: Latios|189/253\n|-damage|p1a: Raichu|177/249|[from] item: Life Orb\n|move|p2a: Latios|Luster Purge|p1a: Raichu\n|-damage|p1a: Raichu|47/249\n|-unboost|p1a: Raichu|spd|1\n|\n|upkeep\n|turn|15\n|\n|t:|1732941716\n|move|p1a: Raichu|Thunderbolt|p2a: Latios\n|-resisted|p2a: Latios\n|-damage|p2a: Latios|125/253\n|-status|p2a: Latios|par\n|-damage|p1a: Raichu|23/249|[from] item: Life Orb\n|move|p2a: Latios|Luster Purge|p1a: Raichu\n|-damage|p1a: Raichu|0 fnt\n|faint|p1a: Raichu\n|\n|win|6sk\n|raw|TexasToastJr.'s rating: 1445 &rarr; <strong>1422</strong><br />(-23 for losing)\n|raw|6sk's rating: 1401 &rarr; <strong>1424</strong><br />(+23 for winning)\n|c|\u26066sk|that macargo went off\n|l|\u2606TexasToastJr.\n|player|p1|\n", "inputlog": ">version b107d77f5c90bd6555267ae244a6264823309ead\n>start {\"formatid\":\"gen9randombattle\",\"seed\":[16064,39955,6680,15807],\"rated\":\"Rated battle\"}\n>player p1 {\"name\":\"TexasToastJr.\",\"avatar\":\"marlon\",\"rating\":1445,\"seed\":[57558,23771,40692,30580]}\n>player p2 {\"name\":\"6sk\",\"avatar\":\"psychic-gen4\",\"rating\":1401,\"seed\":[23437,22778,18486,46882]}\n>p1 move thunderwave\n>p2 switch 2\n>p1 move roar\n>p2 move fireblast\n>p1 move thunderwave\n>p2 move bodyslam\n>p1 move roar\n>p2 move bodyslam\n>p1 switch 3\n>p1 move irondefense\n>p2 switch 4\n>p1 move bodypress\n>p2 move shellsmash\n>p1 move bodypress\n>p2 move fireblast\n>p1 switch 5\n>p1 move sparklingaria\n>p2 move powergem\n>p1 switch 4\n>p1 move heatcrash terastallize\n>p2 move earthpower\n>p1 switch 2\n>p1 move bravebird\n>p2 move powergem\n>p2 switch 3\n>p1 move knockoff\n>p2 move doubleedge\n>p1 switch 6\n>chat \u2606TexasToastJr.|I played that terribly\n>chat \u2606TexasToastJr.|gg\n>p1 move thunderbolt\n>p2 move earthquake\n>p1 move thunderbolt\n>p2 move earthquake\n>p2 switch 5\n>chat \u26066sk|ggs\n>chat \u26066sk|yea, that was a little rough haha\n>p1 move thunderbolt\n>p2 move lusterpurge\n>p1 move thunderbolt\n>p2 move lusterpurge", "uploadtime": 1732941729, "views": 20, "formatid": "gen9randombattle", "rating": 1422, "private": 0, "password": null}