{"id": "gen9randombattle-2253808521", "format": "[Gen 9] Random Battle", "players": ["smooodie", "Qwertymf"], "log": "|j|\u2606smooodie\n|j|\u2606Qwertymf\n|t:|1732941464\n|gametype|singles\n|player|p1|smooodie|teammagmagruntf-gen3|1574\n|player|p2|Qwertymf|giovanni|1577\n|teamsize|p1|6\n|teamsize|p2|6\n|gen|9\n|tier|[Gen 9] Random Battle\n|rated|\n|rule|Species Clause: Limit one of each Pok\u00e9mon\n|rule|HP Percentage Mod: HP is shown in percentages\n|rule|Sleep Clause Mod: Limit one foe put to sleep\n|rule|Illusion Level Mod: Illusion disguises the Pok\u00e9mon's true level\n|\n|t:|1732941464\n|start\n|switch|p1a: Magnezone|Magnezone, L85|258/258\n|switch|p2a: Okidogi|Okidogi, L77, M|262/262\n|turn|1\n|inactive|Battle timer is ON: inactive players will automatically lose when time's up. (requested by smooodie)\n|\n|t:|1732941471\n|move|p1a: Magnezone|Volt Switch|p2a: Okidogi\n|-damage|p2a: Okidogi|148/262\n|\n|t:|1732941479\n|switch|p1a: Braviary|Braviary-Hisui, L85, M|326/326|[from] Volt Switch\n|move|p2a: Okidogi|Knock Off|p1a: Braviary\n|-supereffective|p1a: Braviary\n|-damage|p1a: Braviary|164/326\n|-status|p1a: Braviary|tox|[from] ability: Toxic Chain|[of] p2a: Okidogi\n|-enditem|p1a: Braviary|Life Orb|[from] move: Knock Off|[of] p2a: Okidogi\n|\n|-heal|p2a: Okidogi|164/262|[from] item: Leftovers\n|-damage|p1a: Braviary|144/326 tox|[from] psn\n|upkeep\n|turn|2\n|\n|t:|1732941495\n|switch|p2a: Shiftry|Shiftry, L89, M|305/305\n|move|p1a: Braviary|Hurricane|p2a: Shiftry\n|-ability|p2a: Shiftry|Wind Rider|boost\n|-boost|p2a: Shiftry|atk|1\n|\n|-damage|p1a: Braviary|104/326 tox|[from] psn\n|upkeep\n|turn|3\n|\n|t:|1732941519\n|move|p2a: Shiftry|Swords Dance|p2a: Shiftry\n|-boost|p2a: Shiftry|atk|2\n|move|p1a: Braviary|Heat Wave|p2a: Shiftry\n|-ability|p2a: Shiftry|Wind Rider|boost\n|-boost|p2a: Shiftry|atk|1\n|\n|-damage|p1a: Braviary|44/326 tox|[from] psn\n|upkeep\n|turn|4\n|\n|t:|1732941536\n|move|p2a: Shiftry|Sucker Punch|p1a: Braviary\n|-supereffective|p1a: Braviary\n|-damage|p1a: Braviary|0 fnt\n|faint|p1a: Braviary\n|-damage|p2a: Shiftry|275/305|[from] item: Life Orb\n|\n|upkeep\n|inactive|smooodie has 120 seconds left.\n|\n|t:|1732941553\n|switch|p1a: Klefki|Klefki, L84, F|233/233\n|turn|5\n|inactive|smooodie has 120 seconds left.\n|\n|t:|1732941563\n|-terastallize|p2a: Shiftry|Poison\n|move|p2a: Shiftry|Knock Off|p1a: Klefki\n|-resisted|p1a: Klefki\n|-damage|p1a: Klefki|6/233\n|-enditem|p1a: Klefki|Leftovers|[from] move: Knock Off|[of] p2a: Shiftry\n|-damage|p2a: Shiftry|245/305|[from] item: Life Orb\n|move|p1a: Klefki|Play Rough|p2a: Shiftry\n|-resisted|p2a: Shiftry\n|-damage|p2a: Shiftry|194/305\n|\n|upkeep\n|turn|6\n|inactive|smooodie has 120 seconds left.\n|\n|t:|1732941582\n|move|p2a: Shiftry|Sucker Punch||[still]\n|-fail|p2a: Shiftry\n|move|p1a: Klefki|Spikes|p2a: Shiftry\n|-sidestart|p2: Qwertymf|Spikes\n|\n|upkeep\n|turn|7\n|\n|t:|1732941586\n|move|p2a: Shiftry|Knock Off|p1a: Klefki\n|-resisted|p1a: Klefki\n|-damage|p1a: Klefki|0 fnt\n|faint|p1a: Klefki\n|-damage|p2a: Shiftry|164/305|[from] item: Life Orb\n|\n|upkeep\n|\n|t:|1732941589\n|switch|p1a: Regirock|Regirock, L83|268/268\n|turn|8\n|\n|t:|1732941593\n|-terastallize|p1a: Regirock|Fighting\n|move|p2a: Shiftry|Leaf Blade|p1a: Regirock\n|-damage|p1a: Regirock|30/268\n|-damage|p2a: Shiftry|134/305|[from] item: Life Orb\n|move|p1a: Regirock|Iron Defense|p1a: Regirock\n|-boost|p1a: Regirock|def|2\n|\n|upkeep\n|turn|9\n|\n|t:|1732941600\n|move|p2a: Shiftry|Knock Off|p1a: Regirock\n|-resisted|p1a: Regirock\n|-damage|p1a: Regirock|0 fnt\n|-enditem|p1a: Regirock|Chesto Berry|[from] move: Knock Off|[of] p2a: Shiftry\n|faint|p1a: Regirock\n|-damage|p2a: Shiftry|104/305|[from] item: Life Orb\n|\n|upkeep\n|c|\u2606smooodie|nice hax\n|-message|smooodie forfeited.\n|\n|win|Qwertymf\n|raw|smooodie's rating: 1597 &rarr; <strong>1576</strong><br />(-21 for losing)\n|raw|Qwertymf's rating: 1577 &rarr; <strong>1598</strong><br />(+21 for winning)\n", "inputlog": ">version b107d77f5c90bd6555267ae244a6264823309ead\n>start {\"formatid\":\"gen9randombattle\",\"seed\":[61852,49153,18147,54278],\"rated\":\"Rated battle\"}\n>player p1 {\"name\":\"smooodie\",\"avatar\":\"teammagmagruntf-gen3\",\"rating\":1574,\"seed\":[25348,29930,3109,8964]}\n>player p2 {\"name\":\"Qwertymf\",\"avatar\":\"giovanni\",\"rating\":1577,\"seed\":[34034,32533,43513,31600]}\n>p1 move voltswitch\n>p2 move knockoff\n>p1 switch 5\n>p1 move hurricane\n>p2 switch 2\n>p1 move heatwave\n>p2 move swordsdance\n>p1 move heatwave\n>p2 move suckerpunch\n>p1 switch 3\n>p1 move playrough\n>p2 move knockoff terastallize\n>p1 move spikes\n>p2 move suckerpunch\n>p1 move playrough\n>p2 move knockoff\n>p1 switch 4\n>p1 move irondefense terastallize\n>p2 move leafblade\n>p1 move rest\n>p2 move knockoff\n>chat \u2606smooodie|nice hax\n>forcelose p1", "uploadtime": 1732941621, "views": 18, "formatid": "gen9randombattle", "rating": 1576, "private": 0, "password": null}