{"id": "gen9randombattle-2253927083", "format": "[Gen 9] Random Battle", "players": ["Nebula1", "Nimzo X"], "log": "|j|\u2606Nebula1\n|j|\u2606Nimzo X\n|t:|1732965457\n|gametype|singles\n|player|p1|Nebula1|pryce|1398\n|player|p2|Nimzo X|cyrus|1350\n|teamsize|p1|6\n|teamsize|p2|6\n|gen|9\n|tier|[Gen 9] Random Battle\n|rated|\n|rule|Species Clause: Limit one of each Pok\u00e9mon\n|rule|HP Percentage Mod: HP is shown in percentages\n|rule|Sleep Clause Mod: Limit one foe put to sleep\n|rule|Illusion Level Mod: Illusion disguises the Pok\u00e9mon's true level\n|\n|t:|1732965457\n|start\n|switch|p1a: Iron Treads|Iron Treads, L77|265/265\n|switch|p2a: Crawdaunt|Crawdaunt, L84, F|243/243\n|turn|1\n|inactive|Battle timer is ON: inactive players will automatically lose when time's up. (requested by Nimzo X)\n|inactive|Nebula1 has 120 seconds left.\n|\n|t:|1732965487\n|-end|p1a: Iron Treads|Quark Drive|[silent]\n|switch|p1a: Shiftry|Shiftry, L89, M|305/305\n|move|p2a: Crawdaunt|Dragon Dance|p2a: Crawdaunt\n|-boost|p2a: Crawdaunt|atk|1\n|-boost|p2a: Crawdaunt|spe|1\n|\n|upkeep\n|turn|2\n|\n|t:|1732965505\n|switch|p2a: Skuntank|Skuntank, L84, F|310/310\n|move|p1a: Shiftry|Leaf Blade|p2a: Skuntank\n|-resisted|p2a: Skuntank\n|-crit|p2a: Skuntank\n|-damage|p2a: Skuntank|183/310\n|-damage|p1a: Shiftry|275/305|[from] item: Life Orb\n|\n|upkeep\n|turn|3\n|\n|t:|1732965517\n|switch|p1a: Iron Treads|Iron Treads, L77|265/265\n|move|p2a: Skuntank|Fire Blast|p1a: Iron Treads\n|-supereffective|p1a: Iron Treads\n|-damage|p1a: Iron Treads|49/265\n|-status|p1a: Iron Treads|brn\n|-damage|p2a: Skuntank|152/310|[from] item: Life Orb\n|\n|-heal|p1a: Iron Treads|65/265 brn|[from] item: Leftovers\n|-damage|p1a: Iron Treads|49/265 brn|[from] brn\n|upkeep\n|turn|4\n|\n|t:|1732965532\n|switch|p2a: Crawdaunt|Crawdaunt, L84, F|243/243\n|move|p1a: Iron Treads|Stealth Rock|p2a: Crawdaunt\n|-sidestart|p2: Nimzo X|move: Stealth Rock\n|\n|-heal|p1a: Iron Treads|65/265 brn|[from] item: Leftovers\n|-damage|p1a: Iron Treads|49/265 brn|[from] brn\n|upkeep\n|turn|5\n|\n|t:|1732965538\n|move|p1a: Iron Treads|Rapid Spin|p2a: Crawdaunt\n|-crit|p2a: Crawdaunt\n|-damage|p2a: Crawdaunt|216/243\n|-boost|p1a: Iron Treads|spe|1\n|move|p2a: Crawdaunt|Knock Off|p1a: Iron Treads\n|-damage|p1a: Iron Treads|0 fnt\n|-enditem|p1a: Iron Treads|Leftovers|[from] move: Knock Off|[of] p2a: Crawdaunt\n|faint|p1a: Iron Treads\n|-end|p1a: Iron Treads|Quark Drive|[silent]\n|-damage|p2a: Crawdaunt|192/243|[from] item: Life Orb\n|\n|upkeep\n|\n|t:|1732965541\n|switch|p1a: Shiftry|Shiftry, L89, M|275/305\n|turn|6\n|\n|t:|1732965552\n|switch|p2a: Skuntank|Skuntank, L84, F|152/310\n|-damage|p2a: Skuntank|114/310|[from] Stealth Rock\n|move|p1a: Shiftry|Leaf Blade|p2a: Skuntank\n|-resisted|p2a: Skuntank\n|-damage|p2a: Skuntank|32/310\n|-damage|p1a: Shiftry|245/305|[from] item: Life Orb\n|\n|upkeep\n|turn|7\n|\n|t:|1732965563\n|move|p1a: Shiftry|Knock Off|p2a: Skuntank\n|-resisted|p2a: Skuntank\n|-damage|p2a: Skuntank|0 fnt\n|-damage|p1a: Shiftry|169/305|[from] ability: Aftermath|[of] p2a: Skuntank\n|-enditem|p2a: Skuntank|Life Orb|[from] move: Knock Off|[of] p1a: Shiftry\n|faint|p2a: Skuntank\n|-damage|p1a: Shiftry|139/305|[from] item: Life Orb\n|\n|upkeep\n|\n|t:|1732965577\n|switch|p2a: Probopass|Probopass, L92, M|260/260\n|-damage|p2a: Probopass|244/260|[from] Stealth Rock\n|turn|8\n|\n|t:|1732965587\n|move|p1a: Shiftry|Swords Dance|p1a: Shiftry\n|-boost|p1a: Shiftry|atk|2\n|move|p2a: Probopass|Iron Defense|p2a: Probopass\n|-boost|p2a: Probopass|def|2\n|\n|-heal|p2a: Probopass|260/260|[from] item: Leftovers\n|upkeep\n|turn|9\n|\n|t:|1732965593\n|move|p1a: Shiftry|Knock Off|p2a: Probopass\n|-damage|p2a: Probopass|159/260\n|-enditem|p2a: Probopass|Leftovers|[from] move: Knock Off|[of] p1a: Shiftry\n|-damage|p1a: Shiftry|109/305|[from] item: Life Orb\n|move|p2a: Probopass|Body Press|p1a: Shiftry\n|-supereffective|p1a: Shiftry\n|-damage|p1a: Shiftry|0 fnt\n|faint|p1a: Shiftry\n|\n|upkeep\n|\n|t:|1732965621\n|switch|p1a: Hypno|Hypno, L95, F|315/315\n|turn|10\n|\n|t:|1732965627\n|move|p1a: Hypno|Focus Blast|p2a: Probopass|[miss]\n|-miss|p1a: Hypno|p2a: Probopass\n|move|p2a: Probopass|Flash Cannon|p1a: Hypno\n|-damage|p1a: Hypno|254/315\n|\n|-heal|p1a: Hypno|273/315|[from] item: Leftovers\n|upkeep\n|turn|11\n|\n|t:|1732965642\n|move|p1a: Hypno|Toxic|p2a: Probopass\n|-immune|p2a: Probopass\n|move|p2a: Probopass|Flash Cannon|p1a: Hypno\n|-damage|p1a: Hypno|212/315\n|\n|-heal|p1a: Hypno|231/315|[from] item: Leftovers\n|upkeep\n|turn|12\n|\n|t:|1732965647\n|move|p1a: Hypno|Focus Blast|p2a: Probopass|[miss]\n|-miss|p1a: Hypno|p2a: Probopass\n|move|p2a: Probopass|Flash Cannon|p1a: Hypno\n|-damage|p1a: Hypno|174/315\n|\n|-heal|p1a: Hypno|193/315|[from] item: Leftovers\n|upkeep\n|turn|13\n|\n|t:|1732965667\n|move|p1a: Hypno|Focus Blast|p2a: Probopass|[miss]\n|-miss|p1a: Hypno|p2a: Probopass\n|move|p2a: Probopass|Flash Cannon|p1a: Hypno\n|-damage|p1a: Hypno|133/315\n|-unboost|p1a: Hypno|spd|1\n|\n|-heal|p1a: Hypno|152/315|[from] item: Leftovers\n|upkeep\n|turn|14\n|\n|t:|1732965675\n|move|p1a: Hypno|Focus Blast|p2a: Probopass|[miss]\n|-miss|p1a: Hypno|p2a: Probopass\n|move|p2a: Probopass|Flash Cannon|p1a: Hypno\n|-damage|p1a: Hypno|70/315\n|-unboost|p1a: Hypno|spd|1\n|\n|-heal|p1a: Hypno|89/315|[from] item: Leftovers\n|upkeep\n|turn|15\n|\n|t:|1732965679\n|move|p1a: Hypno|Focus Blast|p2a: Probopass|[miss]\n|-miss|p1a: Hypno|p2a: Probopass\n|move|p2a: Probopass|Flash Cannon|p1a: Hypno\n|-damage|p1a: Hypno|0 fnt\n|faint|p1a: Hypno\n|\n|upkeep\n|\n|t:|1732965689\n|switch|p1a: Typhlosion|Typhlosion-Hisui, L83, M|257/257\n|turn|16\n|\n|t:|1732965700\n|switch|p2a: Pyroar|Pyroar, L88, M|295/295\n|-ability|p2a: Pyroar|Unnerve\n|move|p1a: Typhlosion|Focus Blast|p2a: Pyroar\n|-supereffective|p2a: Pyroar\n|-damage|p2a: Pyroar|49/295\n|\n|upkeep\n|turn|17\n|\n|t:|1732965715\n|move|p2a: Pyroar|Fire Blast|p1a: Typhlosion\n|-resisted|p1a: Typhlosion\n|-damage|p1a: Typhlosion|187/257\n|move|p1a: Typhlosion|Fire Blast|p2a: Pyroar\n|-resisted|p2a: Pyroar\n|-damage|p2a: Pyroar|0 fnt\n|faint|p2a: Pyroar\n|\n|upkeep\n|inactive|Nimzo X has 120 seconds left.\n|\n|t:|1732965743\n|switch|p2a: Crawdaunt|Crawdaunt, L84, F|192/243\n|-damage|p2a: Crawdaunt|162/243|[from] Stealth Rock\n|turn|18\n|\n|t:|1732965751\n|move|p2a: Crawdaunt|Aqua Jet|p1a: Typhlosion\n|-supereffective|p1a: Typhlosion\n|-damage|p1a: Typhlosion|0 fnt\n|faint|p1a: Typhlosion\n|-damage|p2a: Crawdaunt|138/243|[from] item: Life Orb\n|\n|upkeep\n|\n|t:|1732965757\n|switch|p1a: Latias|Latias, L79, F|256/256\n|turn|19\n|\n|t:|1732965763\n|move|p1a: Latias|Draco Meteor|p2a: Crawdaunt\n|-damage|p2a: Crawdaunt|0 fnt\n|-unboost|p1a: Latias|spa|2\n|faint|p2a: Crawdaunt\n|\n|upkeep\n|\n|t:|1732965767\n|switch|p2a: Probopass|Probopass, L92, M|159/260\n|-damage|p2a: Probopass|143/260|[from] Stealth Rock\n|turn|20\n|\n|t:|1732965774\n|switch|p1a: Excadrill|Excadrill, L80, M|307/307\n|-ability|p1a: Excadrill|Mold Breaker\n|move|p2a: Probopass|Power Gem|p1a: Excadrill\n|-resisted|p1a: Excadrill\n|-damage|p1a: Excadrill|282/307\n|\n|-heal|p1a: Excadrill|301/307|[from] item: Leftovers\n|upkeep\n|turn|21\n|\n|t:|1732965784\n|move|p1a: Excadrill|Rapid Spin|p2a: Probopass\n|-resisted|p2a: Probopass\n|-damage|p2a: Probopass|137/260\n|-boost|p1a: Excadrill|spe|1\n|move|p2a: Probopass|Body Press|p1a: Excadrill\n|-supereffective|p1a: Excadrill\n|-damage|p1a: Excadrill|53/307\n|\n|-heal|p1a: Excadrill|72/307|[from] item: Leftovers\n|upkeep\n|turn|22\n|\n|t:|1732965791\n|move|p1a: Excadrill|Earthquake|p2a: Probopass\n|-supereffective|p2a: Probopass\n|-damage|p2a: Probopass|0 fnt\n|faint|p2a: Probopass\n|\n|-heal|p1a: Excadrill|91/307|[from] item: Leftovers\n|upkeep\n|\n|t:|1732965795\n|switch|p2a: Swanna|Swanna, L88, M|275/275\n|turn|23\n|\n|t:|1732965801\n|move|p1a: Excadrill|Iron Head|p2a: Swanna\n|-resisted|p2a: Swanna\n|-damage|p2a: Swanna|208/275\n|cant|p2a: Swanna|flinch\n|\n|-heal|p1a: Excadrill|110/307|[from] item: Leftovers\n|upkeep\n|turn|24\n|\n|t:|1732965810\n|switch|p1a: Latias|Latias, L79, F|256/256\n|move|p2a: Swanna|Hydro Pump|p1a: Latias\n|-resisted|p1a: Latias\n|-damage|p1a: Latias|208/256\n|\n|upkeep\n|turn|25\n|\n|t:|1732965824\n|-terastallize|p1a: Latias|Steel\n|move|p2a: Swanna|Brave Bird|p1a: Latias\n|-resisted|p1a: Latias\n|-damage|p1a: Latias|137/256\n|-damage|p2a: Swanna|185/275|[from] Recoil\n|move|p1a: Latias|Calm Mind|p1a: Latias\n|-boost|p1a: Latias|spa|1\n|-boost|p1a: Latias|spd|1\n|\n|upkeep\n|turn|26\n|\n|t:|1732965833\n|move|p2a: Swanna|Hydro Pump|p1a: Latias\n|-damage|p1a: Latias|76/256\n|move|p1a: Latias|Recover|p1a: Latias\n|-heal|p1a: Latias|204/256\n|\n|upkeep\n|turn|27\n|\n|t:|1732965845\n|move|p2a: Swanna|Hydro Pump|p1a: Latias\n|-damage|p1a: Latias|137/256\n|move|p1a: Latias|Calm Mind|p1a: Latias\n|-boost|p1a: Latias|spa|1\n|-boost|p1a: Latias|spd|1\n|\n|upkeep\n|turn|28\n|\n|t:|1732965848\n|switch|p2a: Calyrex|Calyrex, L93|337/337\n|-ability|p2a: Calyrex|Unnerve\n|-damage|p2a: Calyrex|295/337|[from] Stealth Rock\n|move|p1a: Latias|Recover|p1a: Latias\n|-heal|p1a: Latias|256/256\n|\n|-heal|p2a: Calyrex|316/337|[from] item: Leftovers\n|upkeep\n|turn|29\n|\n|t:|1732965863\n|-terastallize|p2a: Calyrex|Steel\n|move|p1a: Latias|Draco Meteor|p2a: Calyrex\n|-resisted|p2a: Calyrex\n|-damage|p2a: Calyrex|166/337\n|-unboost|p1a: Latias|spa|2\n|move|p2a: Calyrex|Leech Seed|p1a: Latias\n|-start|p1a: Latias|move: Leech Seed\n|\n|-heal|p2a: Calyrex|187/337|[from] item: Leftovers\n|-damage|p1a: Latias|224/256|[from] Leech Seed|[of] p2a: Calyrex\n|-heal|p2a: Calyrex|219/337|[silent]\n|upkeep\n|turn|30\n|inactive|Nebula1 has 120 seconds left.\n|inactive|Nimzo X has 120 seconds left.\n|\n|t:|1732965905\n|move|p1a: Latias|Calm Mind|p1a: Latias\n|-boost|p1a: Latias|spa|1\n|-boost|p1a: Latias|spd|1\n|move|p2a: Calyrex|Body Press|p1a: Latias\n|-supereffective|p1a: Latias\n|-damage|p1a: Latias|100/256\n|\n|-heal|p2a: Calyrex|240/337|[from] item: Leftovers\n|-damage|p1a: Latias|68/256|[from] Leech Seed|[of] p2a: Calyrex\n|-heal|p2a: Calyrex|272/337|[silent]\n|upkeep\n|turn|31\n|inactive|Nebula1 has 120 seconds left.\n|\n|t:|1732965916\n|move|p1a: Latias|Recover|p1a: Latias\n|-heal|p1a: Latias|196/256\n|move|p2a: Calyrex|Body Press|p1a: Latias\n|-supereffective|p1a: Latias\n|-damage|p1a: Latias|60/256\n|\n|-heal|p2a: Calyrex|293/337|[from] item: Leftovers\n|-damage|p1a: Latias|28/256|[from] Leech Seed|[of] p2a: Calyrex\n|-heal|p2a: Calyrex|325/337|[silent]\n|upkeep\n|turn|32\n|inactive|Nebula1 has 120 seconds left.\n|\n|t:|1732965929\n|move|p1a: Latias|Draco Meteor|p2a: Calyrex\n|-resisted|p2a: Calyrex\n|-damage|p2a: Calyrex|199/337\n|-unboost|p1a: Latias|spa|2\n|move|p2a: Calyrex|Body Press|p1a: Latias\n|-supereffective|p1a: Latias\n|-damage|p1a: Latias|0 fnt\n|faint|p1a: Latias\n|\n|-heal|p2a: Calyrex|220/337|[from] item: Leftovers\n|upkeep\n|\n|t:|1732965932\n|switch|p1a: Excadrill|Excadrill, L80, M|110/307\n|-ability|p1a: Excadrill|Mold Breaker\n|turn|33\n|-message|Nebula1 forfeited.\n|\n|win|Nimzo X\n|raw|Nebula1's rating: 1398 &rarr; <strong>1375</strong><br />(-23 for losing)\n|raw|Nimzo X's rating: 1350 &rarr; <strong>1373</strong><br />(+23 for winning)\n|l|\u2606Nebula1\n|player|p1|\n|l|\u2606Nimzo X\n|player|p2|\n|j|\u2606Nebula1\n|player|p1|Nebula1|pryce|\n", "inputlog": ">version b107d77f5c90bd6555267ae244a6264823309ead\n>start {\"formatid\":\"gen9randombattle\",\"seed\":[18857,2345,26114,53854],\"rated\":\"Rated battle\"}\n>player p1 {\"name\":\"Nebula1\",\"avatar\":\"pryce\",\"rating\":1398,\"seed\":[7122,64747,6397,2318]}\n>player p2 {\"name\":\"Nimzo X\",\"avatar\":\"cyrus\",\"rating\":1350,\"seed\":[32195,29623,50721,16798]}\n>p1 switch 3\n>p2 move dragondance\n>p1 move leafblade\n>p2 switch 2\n>p1 switch 3\n>p2 move fireblast\n>p1 move stealthrock\n>p2 switch 2\n>p1 move rapidspin\n>p2 move knockoff\n>p1 switch 3\n>p1 move leafblade\n>p2 switch 2\n>p1 move knockoff\n>p2 move gunkshot\n>p2 switch 3\n>p1 move swordsdance\n>p2 move irondefense\n>p1 move knockoff\n>p2 move bodypress\n>p1 switch 5\n>p1 move focusblast\n>p2 move flashcannon\n>p1 move toxic\n>p2 move flashcannon\n>p1 move focusblast\n>p2 move flashcannon\n>p1 move focusblast\n>p2 move flashcannon\n>p1 move focusblast\n>p2 move flashcannon\n>p1 move focusblast\n>p2 move flashcannon\n>p1 switch 2\n>p1 move focusblast\n>p2 switch 4\n>p1 move fireblast\n>p2 move fireblast\n>p2 switch 2\n>p1 move focusblast\n>p2 move aquajet\n>p1 switch 6\n>p1 move dracometeor\n>p2 move dragondance\n>p2 switch 4\n>p1 switch 4\n>p2 move powergem\n>p1 move rapidspin\n>p2 move bodypress\n>p1 move earthquake\n>p2 move bodypress\n>p2 switch 5\n>p1 move ironhead\n>p2 move hydropump\n>p1 switch 4\n>p2 move hydropump\n>p1 move calmmind terastallize\n>p2 move bravebird\n>p1 move recover\n>p2 move hydropump\n>p1 move calmmind\n>p2 move hydropump\n>p1 move recover\n>p2 switch 6\n>p1 move dracometeor\n>p2 move leechseed terastallize\n>p1 move calmmind\n>p2 move bodypress\n>p1 move recover\n>p2 move bodypress\n>p1 move dracometeor\n>p2 move bodypress\n>p1 switch 4\n>forcelose p1", "uploadtime": 1732965959, "views": 2, "formatid": "gen9randombattle", "rating": 1373, "private": 0, "password": null}