{"id": "gen9randombattle-2254046168", "format": "[Gen 9] Random Battle", "players": ["Picchiamper", "homersybian"], "log": "|j|\u2606Picchiamper\n|j|\u2606homersybian\n|t:|1732984457\n|gametype|singles\n|player|p1|Picchiamper|silver|1463\n|player|p2|homersybian|clair|1475\n|teamsize|p1|6\n|teamsize|p2|6\n|gen|9\n|tier|[Gen 9] Random Battle\n|rated|\n|rule|Species Clause: Limit one of each Pok\u00e9mon\n|rule|HP Percentage Mod: HP is shown in percentages\n|rule|Sleep Clause Mod: Limit one foe put to sleep\n|rule|Illusion Level Mod: Illusion disguises the Pok\u00e9mon's true level\n|\n|t:|1732984457\n|start\n|switch|p1a: Slaking|Slaking, L84, F|389/389\n|switch|p2a: Minun|Minun, L95, F|268/268\n|turn|1\n|inactive|Battle timer is ON: inactive players will automatically lose when time's up. (requested by homersybian)\n|inactive|Picchiamper also wants the timer to be on.\n|\n|t:|1732984475\n|move|p1a: Slaking|Giga Impact|p2a: Minun\n|-damage|p2a: Minun|0 fnt\n|-mustrecharge|p1a: Slaking\n|faint|p2a: Minun\n|\n|upkeep\n|\n|t:|1732984481\n|switch|p2a: Perrserker|Perrserker, L89, M|269/269\n|turn|2\n|\n|t:|1732984483\n|cant|p1a: Slaking|recharge\n|move|p2a: Perrserker|Close Combat|p1a: Slaking\n|-supereffective|p1a: Slaking\n|-damage|p1a: Slaking|51/389\n|-unboost|p2a: Perrserker|def|1\n|-unboost|p2a: Perrserker|spd|1\n|\n|upkeep\n|turn|3\n|\n|t:|1732984486\n|switch|p2a: Drifblim|Drifblim, L86, M|398/398\n|move|p1a: Slaking|Giga Impact|p2a: Drifblim\n|-immune|p2a: Drifblim\n|\n|upkeep\n|turn|4\n|\n|t:|1732984491\n|cant|p1a: Slaking|ability: Truant\n|move|p2a: Drifblim|Air Slash|p1a: Slaking\n|-crit|p1a: Slaking\n|-damage|p1a: Slaking|0 fnt\n|faint|p1a: Slaking\n|\n|upkeep\n|\n|t:|1732984500\n|switch|p1a: Porygon-Z|Porygon-Z, L83|277/277\n|-ability|p1a: Porygon-Z|Download|boost\n|-boost|p1a: Porygon-Z|atk|1\n|turn|5\n|\n|t:|1732984511\n|move|p1a: Porygon-Z|Ice Beam|p2a: Drifblim\n|-supereffective|p2a: Drifblim\n|-damage|p2a: Drifblim|170/398\n|move|p2a: Drifblim|Air Slash|p1a: Porygon-Z\n|-damage|p1a: Porygon-Z|178/277\n|\n|upkeep\n|turn|6\n|\n|t:|1732984517\n|switch|p2a: Snorlax|Snorlax, L82, M|397/397\n|move|p1a: Porygon-Z|Ice Beam|p2a: Snorlax\n|-damage|p2a: Snorlax|361/397\n|\n|-heal|p2a: Snorlax|385/397|[from] item: Leftovers\n|upkeep\n|turn|7\n|\n|t:|1732984527\n|switch|p1a: Misdreavus|Misdreavus, L90, M|254/254\n|move|p2a: Snorlax|Body Slam|p1a: Misdreavus\n|-immune|p1a: Misdreavus\n|\n|-heal|p2a: Snorlax|397/397|[from] item: Leftovers\n|upkeep\n|turn|8\n|\n|t:|1732984532\n|switch|p2a: Drifblim|Drifblim, L86, M|170/398\n|move|p1a: Misdreavus|Calm Mind|p1a: Misdreavus\n|-boost|p1a: Misdreavus|spa|1\n|-boost|p1a: Misdreavus|spd|1\n|\n|upkeep\n|turn|9\n|\n|t:|1732984536\n|move|p1a: Misdreavus|Shadow Ball|p2a: Drifblim\n|-supereffective|p2a: Drifblim\n|-damage|p2a: Drifblim|0 fnt\n|faint|p2a: Drifblim\n|\n|upkeep\n|\n|t:|1732984539\n|switch|p2a: Perrserker|Perrserker, L89, M|269/269\n|turn|10\n|\n|t:|1732984542\n|move|p1a: Misdreavus|Will-O-Wisp|p2a: Perrserker\n|-status|p2a: Perrserker|brn\n|move|p2a: Perrserker|Knock Off|p1a: Misdreavus\n|-supereffective|p1a: Misdreavus\n|-damage|p1a: Misdreavus|126/254\n|-enditem|p1a: Misdreavus|Eviolite|[from] move: Knock Off|[of] p2a: Perrserker\n|\n|-damage|p2a: Perrserker|253/269 brn|[from] brn\n|upkeep\n|turn|11\n|\n|t:|1732984560\n|switch|p1a: Porygon-Z|Porygon-Z, L83|178/277\n|-ability|p1a: Porygon-Z|Download|boost\n|-boost|p1a: Porygon-Z|spa|1\n|move|p2a: Perrserker|Knock Off|p1a: Porygon-Z\n|-damage|p1a: Porygon-Z|78/277\n|-enditem|p1a: Porygon-Z|Choice Scarf|[from] move: Knock Off|[of] p2a: Perrserker\n|\n|-damage|p2a: Perrserker|237/269 brn|[from] brn\n|upkeep\n|turn|12\n|\n|t:|1732984565\n|move|p1a: Porygon-Z|Tri Attack|p2a: Perrserker\n|-resisted|p2a: Perrserker\n|-damage|p2a: Perrserker|144/269 brn\n|move|p2a: Perrserker|Knock Off|p1a: Porygon-Z\n|-damage|p1a: Porygon-Z|18/277\n|\n|-damage|p2a: Perrserker|128/269 brn|[from] brn\n|upkeep\n|turn|13\n|\n|t:|1732984569\n|move|p1a: Porygon-Z|Thunderbolt|p2a: Perrserker\n|-damage|p2a: Perrserker|0 fnt\n|faint|p2a: Perrserker\n|\n|upkeep\n|\n|t:|1732984575\n|switch|p2a: Snorlax|Snorlax, L82, M|397/397\n|turn|14\n|\n|t:|1732984577\n|move|p1a: Porygon-Z|Tri Attack|p2a: Snorlax\n|-damage|p2a: Snorlax|244/397\n|move|p2a: Snorlax|Body Slam|p1a: Porygon-Z\n|-damage|p1a: Porygon-Z|0 fnt\n|faint|p1a: Porygon-Z\n|\n|-heal|p2a: Snorlax|268/397|[from] item: Leftovers\n|upkeep\n|\n|t:|1732984582\n|switch|p1a: Brambleghast|Brambleghast, L88, M|240/240\n|turn|15\n|\n|t:|1732984588\n|switch|p2a: Latios|Latios, L78, M|253/253\n|move|p1a: Brambleghast|Leech Seed|p2a: Latios\n|-start|p2a: Latios|move: Leech Seed\n|\n|-damage|p2a: Latios|222/253|[from] Leech Seed|[of] p1a: Brambleghast\n|upkeep\n|turn|16\n|\n|t:|1732984596\n|move|p2a: Latios|Draco Meteor|p1a: Brambleghast\n|-damage|p1a: Brambleghast|47/240\n|-unboost|p2a: Latios|spa|2\n|move|p1a: Brambleghast|Substitute|p1a: Brambleghast\n|-fail|p1a: Brambleghast|move: Substitute|[weak]\n|\n|-heal|p1a: Brambleghast|62/240|[from] item: Leftovers\n|-damage|p2a: Latios|191/253|[from] Leech Seed|[of] p1a: Brambleghast\n|-heal|p1a: Brambleghast|93/240|[silent]\n|upkeep\n|turn|17\n|\n|t:|1732984606\n|switch|p2a: Snorlax|Snorlax, L82, M|268/397\n|move|p1a: Brambleghast|Power Whip|p2a: Snorlax\n|-damage|p2a: Snorlax|64/397\n|\n|-heal|p1a: Brambleghast|108/240|[from] item: Leftovers\n|-heal|p2a: Snorlax|88/397|[from] item: Leftovers\n|upkeep\n|turn|18\n|\n|t:|1732984613\n|switch|p1a: Misdreavus|Misdreavus, L90, M|126/254\n|switch|p2a: Latios|Latios, L78, M|191/253\n|\n|upkeep\n|turn|19\n|\n|t:|1732984618\n|move|p2a: Latios|Draco Meteor|p1a: Misdreavus\n|-damage|p1a: Misdreavus|0 fnt\n|-unboost|p2a: Latios|spa|2\n|faint|p1a: Misdreavus\n|\n|upkeep\n|\n|t:|1732984624\n|switch|p1a: Sneasler|Sneasler, L74, F|240/240\n|turn|20\n|\n|t:|1732984631\n|switch|p2a: Snorlax|Snorlax, L82, M|88/397\n|move|p1a: Sneasler|Gunk Shot|p2a: Snorlax\n|-damage|p2a: Snorlax|0 fnt\n|faint|p2a: Snorlax\n|\n|upkeep\n|\n|t:|1732984634\n|switch|p2a: Latios|Latios, L78, M|191/253\n|turn|21\n|\n|t:|1732984641\n|-terastallize|p1a: Sneasler|Dark\n|-terastallize|p2a: Latios|Steel\n|move|p1a: Sneasler|Gunk Shot|p2a: Latios\n|-immune|p2a: Latios\n|move|p2a: Latios|Psyshock|p1a: Sneasler\n|-immune|p1a: Sneasler\n|\n|upkeep\n|turn|22\n|\n|t:|1732984650\n|switch|p1a: Brambleghast|Brambleghast, L88, M|108/240\n|move|p2a: Latios|Draco Meteor|p1a: Brambleghast\n|-damage|p1a: Brambleghast|0 fnt\n|-unboost|p2a: Latios|spa|2\n|faint|p1a: Brambleghast\n|\n|upkeep\n|\n|t:|1732984652\n|switch|p1a: Sneasler|Sneasler, L74, F, tera:Dark|240/240\n|turn|23\n|\n|t:|1732984655\n|switch|p2a: Regirock|Regirock, L83|268/268\n|move|p1a: Sneasler|Close Combat|p2a: Regirock\n|-supereffective|p2a: Regirock\n|-damage|p2a: Regirock|58/268\n|-unboost|p1a: Sneasler|def|1\n|-unboost|p1a: Sneasler|spd|1\n|\n|-heal|p2a: Regirock|74/268|[from] item: Leftovers\n|upkeep\n|turn|24\n|\n|t:|1732984660\n|move|p1a: Sneasler|Close Combat|p2a: Regirock\n|-supereffective|p2a: Regirock\n|-damage|p2a: Regirock|0 fnt\n|-unboost|p1a: Sneasler|def|1\n|-unboost|p1a: Sneasler|spd|1\n|faint|p2a: Regirock\n|\n|upkeep\n|\n|t:|1732984662\n|switch|p2a: Latios|Latios, L78, M, tera:Steel|191/253\n|turn|25\n|\n|t:|1732984664\n|move|p1a: Sneasler|Close Combat|p2a: Latios\n|-supereffective|p2a: Latios\n|-damage|p2a: Latios|0 fnt\n|-unboost|p1a: Sneasler|def|1\n|-unboost|p1a: Sneasler|spd|1\n|faint|p2a: Latios\n|\n|win|Picchiamper\n|raw|Picchiamper's rating: 1463 &rarr; <strong>1484</strong><br />(+21 for winning)\n|raw|homersybian's rating: 1475 &rarr; <strong>1454</strong><br />(-21 for losing)\n|l|\u2606homersybian\n|player|p2|\n", "inputlog": ">version b107d77f5c90bd6555267ae244a6264823309ead\n>start {\"formatid\":\"gen9randombattle\",\"seed\":[57193,6351,47921,27460],\"rated\":\"Rated battle\"}\n>player p1 {\"name\":\"Picchiamper\",\"avatar\":\"silver\",\"rating\":1463,\"seed\":[15946,39355,51628,1699]}\n>player p2 {\"name\":\"homersybian\",\"avatar\":\"clair\",\"rating\":1475,\"seed\":[19893,7923,10099,3200]}\n>p1 move gigaimpact\n>p2 move thunderbolt\n>p2 switch 4\n>p1 move recharge\n>p2 move closecombat\n>p1 move gigaimpact\n>p2 switch 5\n>p1 move gigaimpact\n>p2 move airslash\n>p1 switch 3\n>p1 move icebeam\n>p2 move airslash\n>p1 move icebeam\n>p2 switch 2\n>p1 switch 6\n>p2 move bodyslam\n>p1 move calmmind\n>p2 switch 2\n>p1 move shadowball\n>p2 move shadowball\n>p2 switch 5\n>p1 move willowisp\n>p2 move knockoff\n>p1 switch 6\n>p2 move knockoff\n>p1 move triattack\n>p2 move knockoff\n>p1 move thunderbolt\n>p2 move knockoff\n>p2 switch 2\n>p1 move triattack\n>p2 move bodyslam\n>p1 switch 4\n>p1 move leechseed\n>p2 switch 6\n>p1 move substitute\n>p2 move dracometeor\n>p1 move powerwhip\n>p2 switch 6\n>p1 switch 6\n>p2 switch 6\n>p1 move drainingkiss\n>p2 move dracometeor\n>p1 switch 2\n>p1 move gunkshot\n>p2 switch 6\n>p2 switch 6\n>p1 move gunkshot terastallize\n>p2 move psyshock terastallize\n>p1 switch 6\n>p2 move dracometeor\n>p1 switch 6\n>p1 move closecombat\n>p2 switch 3\n>p1 move closecombat\n>p2 move bodypress\n>p2 switch 3\n>p1 move closecombat\n>p2 move dracometeor", "uploadtime": 1732984668, "views": 1, "formatid": "gen9randombattle", "rating": 1454, "private": 0, "password": null}