{"id": "gen9randombattle-2254163855", "format": "[Gen 9] Random Battle", "players": ["Prestigecabbage70", "Kenpachi347"], "log": "|j|\u2606Prestigecabbage70\n|j|\u2606Kenpachi347\n|t:|1732999115\n|gametype|singles\n|player|p1|Prestigecabbage70|169|\n|player|p2|Kenpachi347|101|\n|teamsize|p1|6\n|teamsize|p2|6\n|gen|9\n|tier|[Gen 9] Random Battle\n|rule|Species Clause: Limit one of each Pok\u00e9mon\n|rule|HP Percentage Mod: HP is shown in percentages\n|rule|Sleep Clause Mod: Limit one foe put to sleep\n|rule|Illusion Level Mod: Illusion disguises the Pok\u00e9mon's true level\n|\n|t:|1732999115\n|start\n|switch|p1a: Victreebel|Victreebel, L90, M|290/290\n|switch|p2a: Salamence|Salamence, L77, F|273/273\n|-ability|p2a: Salamence|Intimidate|boost\n|-unboost|p1a: Victreebel|atk|1\n|turn|1\n|\n|t:|1732999129\n|switch|p1a: Espeon|Espeon, L84, M|246/246\n|move|p2a: Salamence|Dragon Dance|p2a: Salamence\n|-boost|p2a: Salamence|atk|1\n|-boost|p2a: Salamence|spe|1\n|\n|upkeep\n|turn|2\n|\n|t:|1732999147\n|-terastallize|p1a: Espeon|Fairy\n|move|p2a: Salamence|Earthquake|p1a: Espeon\n|-damage|p1a: Espeon|89/246\n|move|p1a: Espeon|Calm Mind|p1a: Espeon\n|-boost|p1a: Espeon|spa|1\n|-boost|p1a: Espeon|spd|1\n|\n|upkeep\n|turn|3\n|\n|t:|1732999161\n|switch|p1a: Swampert|Swampert, L83, M|302/302\n|move|p2a: Salamence|Earthquake|p1a: Swampert\n|-damage|p1a: Swampert|183/302\n|\n|-heal|p1a: Swampert|201/302|[from] item: Leftovers\n|upkeep\n|turn|4\n|\n|t:|1732999176\n|-terastallize|p2a: Salamence|Dragon\n|move|p2a: Salamence|Dragon Dance|p2a: Salamence\n|-boost|p2a: Salamence|atk|1\n|-boost|p2a: Salamence|spe|1\n|move|p1a: Swampert|Yawn|p2a: Salamence\n|-start|p2a: Salamence|move: Yawn|[of] p1a: Swampert\n|\n|-heal|p1a: Swampert|219/302|[from] item: Leftovers\n|upkeep\n|turn|5\n|\n|t:|1732999188\n|move|p2a: Salamence|Earthquake|p1a: Swampert\n|-damage|p1a: Swampert|68/302\n|move|p1a: Swampert|Stealth Rock|p2a: Salamence\n|-sidestart|p2: Kenpachi347|move: Stealth Rock\n|\n|-heal|p1a: Swampert|86/302|[from] item: Leftovers\n|-end|p2a: Salamence|move: Yawn|[silent]\n|-status|p2a: Salamence|slp\n|upkeep\n|turn|6\n|\n|t:|1732999212\n|switch|p2a: Rampardos|Rampardos, L90, F|321/321\n|-damage|p2a: Rampardos|281/321|[from] Stealth Rock\n|switch|p1a: Espeon|Espeon, L84, M, tera:Fairy|89/246\n|\n|upkeep\n|turn|7\n|\n|t:|1732999232\n|switch|p1a: Swampert|Swampert, L83, M|86/302\n|move|p2a: Rampardos|Head Smash|p1a: Swampert\n|-resisted|p1a: Swampert\n|-damage|p1a: Swampert|0 fnt\n|faint|p1a: Swampert\n|-damage|p2a: Rampardos|238/321|[from] Recoil\n|\n|upkeep\n|\n|t:|1732999240\n|switch|p1a: Falinks|Falinks, L84|246/246\n|turn|8\n|\n|t:|1732999246\n|move|p2a: Rampardos|Head Smash|p1a: Falinks\n|-resisted|p1a: Falinks\n|-damage|p1a: Falinks|112/246\n|-damage|p2a: Rampardos|171/321|[from] Recoil\n|move|p1a: Falinks|No Retreat|p1a: Falinks\n|-boost|p1a: Falinks|atk|1\n|-boost|p1a: Falinks|def|1\n|-boost|p1a: Falinks|spa|1\n|-boost|p1a: Falinks|spd|1\n|-boost|p1a: Falinks|spe|1\n|-start|p1a: Falinks|move: No Retreat\n|\n|upkeep\n|turn|9\n|\n|t:|1732999259\n|move|p1a: Falinks|Close Combat|p2a: Rampardos\n|-supereffective|p2a: Rampardos\n|-damage|p2a: Rampardos|0 fnt\n|-unboost|p1a: Falinks|def|1\n|-unboost|p1a: Falinks|spd|1\n|faint|p2a: Rampardos\n|-damage|p1a: Falinks|88/246|[from] item: Life Orb\n|\n|upkeep\n|\n|t:|1732999267\n|switch|p2a: Misdreavus|Misdreavus, L90, M|254/254\n|-damage|p2a: Misdreavus|223/254|[from] Stealth Rock\n|turn|10\n|\n|t:|1732999276\n|move|p1a: Falinks|Knock Off|p2a: Misdreavus\n|-supereffective|p2a: Misdreavus\n|-damage|p2a: Misdreavus|0 fnt\n|-enditem|p2a: Misdreavus|Eviolite|[from] move: Knock Off|[of] p1a: Falinks\n|faint|p2a: Misdreavus\n|-damage|p1a: Falinks|64/246|[from] item: Life Orb\n|\n|upkeep\n|\n|t:|1732999286\n|switch|p2a: Salamence|Salamence, L77, F, tera:Dragon|273/273 slp\n|-ability|p2a: Salamence|Intimidate|boost\n|-unboost|p1a: Falinks|atk|1\n|-ability|p1a: Falinks|Defiant|boost\n|-boost|p1a: Falinks|atk|2\n|turn|11\n|\n|t:|1732999301\n|move|p1a: Falinks|Iron Head|p2a: Salamence\n|-damage|p2a: Salamence|91/273 slp\n|-damage|p1a: Falinks|40/246|[from] item: Life Orb\n|cant|p2a: Salamence|slp\n|\n|upkeep\n|turn|12\n|\n|t:|1732999308\n|move|p1a: Falinks|Iron Head|p2a: Salamence\n|-damage|p2a: Salamence|0 fnt\n|faint|p2a: Salamence\n|-damage|p1a: Falinks|16/246|[from] item: Life Orb\n|\n|upkeep\n|\n|t:|1732999319\n|switch|p2a: Deoxys|Deoxys, L74|196/196\n|-damage|p2a: Deoxys|172/196|[from] Stealth Rock\n|-ability|p2a: Deoxys|Pressure\n|turn|13\n|\n|t:|1732999329\n|move|p2a: Deoxys|Ice Beam|p1a: Falinks\n|-damage|p1a: Falinks|0 fnt\n|faint|p1a: Falinks\n|-damage|p2a: Deoxys|153/196|[from] item: Life Orb\n|\n|upkeep\n|\n|t:|1732999341\n|switch|p1a: Bastiodon|Bastiodon, L89, F|252/252\n|turn|14\n|\n|t:|1732999345\n|move|p2a: Deoxys|Superpower|p1a: Bastiodon\n|-supereffective|p1a: Bastiodon\n|-damage|p1a: Bastiodon|0 fnt\n|-unboost|p2a: Deoxys|atk|1\n|-unboost|p2a: Deoxys|def|1\n|faint|p1a: Bastiodon\n|-damage|p2a: Deoxys|134/196|[from] item: Life Orb\n|\n|upkeep\n|\n|t:|1732999358\n|switch|p1a: Espeon|Espeon, L84, M, tera:Fairy|89/246\n|turn|15\n|\n|t:|1732999363\n|move|p2a: Deoxys|Psycho Boost|p1a: Espeon|[miss]\n|-miss|p2a: Deoxys|p1a: Espeon\n|move|p1a: Espeon|Morning Sun|p1a: Espeon\n|-heal|p1a: Espeon|212/246\n|\n|upkeep\n|turn|16\n|\n|t:|1732999371\n|move|p2a: Deoxys|Knock Off|p1a: Espeon\n|-resisted|p1a: Espeon\n|-damage|p1a: Espeon|168/246\n|-enditem|p1a: Espeon|Life Orb|[from] move: Knock Off|[of] p2a: Deoxys\n|-damage|p2a: Deoxys|115/196|[from] item: Life Orb\n|move|p1a: Espeon|Alluring Voice|p2a: Deoxys\n|-damage|p2a: Deoxys|0 fnt\n|faint|p2a: Deoxys\n|\n|upkeep\n|\n|t:|1732999389\n|switch|p2a: Groudon|Groudon, L72|263/263\n|-damage|p2a: Groudon|247/263|[from] Stealth Rock\n|-weather|SunnyDay|[from] ability: Drought|[of] p2a: Groudon\n|turn|17\n|\n|t:|1732999404\n|move|p1a: Espeon|Calm Mind|p1a: Espeon\n|-boost|p1a: Espeon|spa|1\n|-boost|p1a: Espeon|spd|1\n|move|p2a: Groudon|Swords Dance|p2a: Groudon\n|-boost|p2a: Groudon|atk|2\n|\n|-weather|SunnyDay|[upkeep]\n|-heal|p2a: Groudon|263/263|[from] item: Leftovers\n|upkeep\n|turn|18\n|\n|t:|1732999429\n|move|p1a: Espeon|Psychic|p2a: Groudon\n|-damage|p2a: Groudon|76/263\n|move|p2a: Groudon|Heat Crash|p1a: Espeon\n|-damage|p1a: Espeon|0 fnt\n|faint|p1a: Espeon\n|\n|-weather|SunnyDay|[upkeep]\n|-heal|p2a: Groudon|92/263|[from] item: Leftovers\n|upkeep\n|\n|t:|1732999435\n|switch|p1a: Victreebel|Victreebel, L90, M|290/290\n|turn|19\n|\n|t:|1732999446\n|move|p1a: Victreebel|Sleep Powder|p2a: Groudon\n|-status|p2a: Groudon|slp|[from] move: Sleep Powder\n|cant|p2a: Groudon|slp\n|\n|-weather|SunnyDay|[upkeep]\n|-heal|p2a: Groudon|108/263 slp|[from] item: Leftovers\n|upkeep\n|turn|20\n|\n|t:|1732999454\n|switch|p2a: Electivire|Electivire, L84, F|263/263\n|-damage|p2a: Electivire|231/263|[from] Stealth Rock\n|move|p1a: Victreebel|Power Whip|p2a: Electivire\n|-damage|p2a: Electivire|0 fnt\n|faint|p2a: Electivire\n|-damage|p1a: Victreebel|261/290|[from] item: Life Orb\n|\n|-weather|SunnyDay|[upkeep]\n|upkeep\n|\n|t:|1732999465\n|switch|p2a: Groudon|Groudon, L72|108/263 slp\n|-damage|p2a: Groudon|92/263 slp|[from] Stealth Rock\n|turn|21\n|\n|t:|1732999469\n|move|p1a: Victreebel|Power Whip|p2a: Groudon|[miss]\n|-miss|p1a: Victreebel|p2a: Groudon\n|cant|p2a: Groudon|slp\n|\n|-weather|none\n|-heal|p2a: Groudon|108/263 slp|[from] item: Leftovers\n|upkeep\n|turn|22\n|\n|t:|1732999477\n|move|p1a: Victreebel|Power Whip|p2a: Groudon\n|-supereffective|p2a: Groudon\n|-damage|p2a: Groudon|0 fnt\n|faint|p2a: Groudon\n|-damage|p1a: Victreebel|232/290|[from] item: Life Orb\n|\n|win|Prestigecabbage70\n", "inputlog": ">version b107d77f5c90bd6555267ae244a6264823309ead\n>start {\"formatid\":\"gen9randombattle\",\"seed\":[880,37108,62643,30411]}\n>player p1 {\"name\":\"Prestigecabbage70\",\"avatar\":\"169\",\"rating\":0,\"seed\":[62830,46190,16088,23005]}\n>player p2 {\"name\":\"Kenpachi347\",\"avatar\":\"101\",\"rating\":0,\"seed\":[63072,33243,9437,32182]}\n>p1 switch 5\n>p2 move dragondance\n>p1 move calmmind terastallize\n>p2 move earthquake\n>p1 switch 4\n>p2 move earthquake\n>p1 move yawn\n>p2 move dragondance terastallize\n>p1 move stealthrock\n>p2 move earthquake\n>p1 switch 4\n>p2 switch 6\n>p1 switch 4\n>p2 move headsmash\n>p1 switch 2\n>p1 move noretreat\n>p2 move headsmash\n>p1 move closecombat\n>p2 move headsmash\n>p2 switch 5\n>p1 move knockoff\n>p2 move willowisp\n>p2 switch 6\n>p1 move ironhead\n>p2 move dragondance\n>p1 move ironhead\n>p2 move earthquake\n>p2 switch 4\n>p1 move knockoff\n>p2 move icebeam\n>p1 switch 6\n>p1 move foulplay\n>p2 move superpower\n>p1 switch 4\n>p1 move morningsun\n>p2 move psychoboost\n>p1 move alluringvoice\n>p2 move knockoff\n>p2 switch 3\n>p1 move calmmind\n>p2 move swordsdance\n>p1 move psychic\n>p2 move heatcrash\n>p1 switch 5\n>p1 move sleeppowder\n>p2 move heatcrash\n>p1 move powerwhip\n>p2 switch 2\n>p2 switch 2\n>p1 move powerwhip\n>p2 move heatcrash\n>p1 move powerwhip\n>p2 move heatcrash", "uploadtime": 1732999483, "views": 3, "formatid": "gen9randombattle", "rating": null, "private": 0, "password": null}