{"id": "gen9randombattle-2254145471", "format": "[Gen 9] Random Battle", "players": ["xdekisdexde", "lavasor"], "log": "|j|\u2606xdekisdexde\n|j|\u2606lavasor\n|t:|1732996797\n|gametype|singles\n|player|p1|xdekisdexde|170|\n|player|p2|lavasor|101|\n|teamsize|p1|6\n|teamsize|p2|6\n|gen|9\n|tier|[Gen 9] Random Battle\n|rule|Species Clause: Limit one of each Pok\u00e9mon\n|rule|HP Percentage Mod: HP is shown in percentages\n|rule|Sleep Clause Mod: Limit one foe put to sleep\n|rule|Illusion Level Mod: Illusion disguises the Pok\u00e9mon's true level\n|\n|t:|1732996797\n|start\n|switch|p1a: Charizard|Charizard, L85, F|271/271\n|switch|p2a: Oranguru|Oranguru, L92, M|315/315\n|turn|1\n|\n|t:|1732996827\n|move|p1a: Charizard|Flamethrower|p2a: Oranguru\n|-damage|p2a: Oranguru|236/315\n|move|p2a: Oranguru|Thunderbolt|p1a: Charizard\n|-supereffective|p1a: Charizard\n|-damage|p1a: Charizard|67/271\n|\n|upkeep\n|turn|2\n|\n|t:|1732996853\n|switch|p1a: Electrode|Electrode, L92|260/260\n|move|p2a: Oranguru|Thunderbolt|p1a: Electrode\n|-resisted|p1a: Electrode\n|-damage|p1a: Electrode|205/260\n|\n|-heal|p1a: Electrode|221/260|[from] item: Leftovers\n|upkeep\n|turn|3\n|\n|t:|1732996867\n|move|p1a: Electrode|Thunder Wave|p2a: Oranguru\n|-status|p2a: Oranguru|par\n|cant|p2a: Oranguru|par\n|\n|-heal|p1a: Electrode|237/260|[from] item: Leftovers\n|upkeep\n|turn|4\n|\n|t:|1732996876\n|move|p1a: Electrode|Thunderbolt|p2a: Oranguru\n|-damage|p2a: Oranguru|163/315 par\n|move|p2a: Oranguru|Thunderbolt|p1a: Electrode\n|-resisted|p1a: Electrode\n|-damage|p1a: Electrode|189/260\n|\n|-heal|p1a: Electrode|205/260|[from] item: Leftovers\n|upkeep\n|turn|5\n|\n|t:|1732996885\n|move|p1a: Electrode|Thunderbolt|p2a: Oranguru\n|-damage|p2a: Oranguru|91/315 par\n|move|p2a: Oranguru|Thunderbolt|p1a: Electrode\n|-resisted|p1a: Electrode\n|-damage|p1a: Electrode|150/260\n|\n|-heal|p1a: Electrode|166/260|[from] item: Leftovers\n|upkeep\n|turn|6\n|\n|t:|1732996893\n|move|p1a: Electrode|Thunderbolt|p2a: Oranguru\n|-damage|p2a: Oranguru|21/315 par\n|cant|p2a: Oranguru|par\n|\n|-heal|p1a: Electrode|182/260|[from] item: Leftovers\n|upkeep\n|turn|7\n|\n|t:|1732996899\n|move|p1a: Electrode|Thunderbolt|p2a: Oranguru\n|-damage|p2a: Oranguru|0 fnt\n|faint|p2a: Oranguru\n|\n|-heal|p1a: Electrode|198/260|[from] item: Leftovers\n|upkeep\n|\n|t:|1732996933\n|switch|p2a: Revavroom|Revavroom, L79, M|256/256\n|turn|8\n|\n|t:|1732996948\n|move|p1a: Electrode|Thunder Wave|p2a: Revavroom\n|-status|p2a: Revavroom|par\n|move|p2a: Revavroom|Shift Gear|p2a: Revavroom\n|-boost|p2a: Revavroom|spe|2\n|-boost|p2a: Revavroom|atk|1\n|\n|-heal|p1a: Electrode|214/260|[from] item: Leftovers\n|upkeep\n|turn|9\n|\n|t:|1732996958\n|move|p1a: Electrode|Explosion|p2a: Revavroom\n|-resisted|p2a: Revavroom\n|-damage|p2a: Revavroom|191/256 par\n|faint|p1a: Electrode\n|move|p2a: Revavroom|Shift Gear|p2a: Revavroom\n|-boost|p2a: Revavroom|spe|2\n|-boost|p2a: Revavroom|atk|1\n|\n|upkeep\n|\n|t:|1732996970\n|switch|p1a: Charizard|Charizard, L85, F|67/271\n|turn|10\n|\n|t:|1732997000\n|cant|p2a: Revavroom|par\n|move|p1a: Charizard|Flamethrower|p2a: Revavroom\n|-supereffective|p2a: Revavroom\n|-damage|p2a: Revavroom|0 fnt\n|faint|p2a: Revavroom\n|\n|upkeep\n|\n|t:|1732997006\n|switch|p2a: Regice|Regice, L88|284/284\n|turn|11\n|\n|t:|1732997013\n|move|p1a: Charizard|Flamethrower|p2a: Regice\n|-supereffective|p2a: Regice\n|-damage|p2a: Regice|128/284\n|move|p2a: Regice|Thunderbolt|p1a: Charizard\n|-supereffective|p1a: Charizard\n|-damage|p1a: Charizard|0 fnt\n|faint|p1a: Charizard\n|\n|upkeep\n|\n|t:|1732997031\n|switch|p1a: Azelf|Azelf, L82|257/257\n|turn|12\n|\n|t:|1732997037\n|move|p1a: Azelf|Fire Blast|p2a: Regice\n|-supereffective|p2a: Regice\n|-damage|p2a: Regice|4/284\n|move|p2a: Regice|Ice Beam|p1a: Azelf\n|-damage|p1a: Azelf|116/257\n|\n|upkeep\n|turn|13\n|\n|t:|1732997051\n|move|p1a: Azelf|Fire Blast|p2a: Regice\n|-supereffective|p2a: Regice\n|-damage|p2a: Regice|0 fnt\n|faint|p2a: Regice\n|\n|upkeep\n|\n|t:|1732997060\n|switch|p2a: Pelipper|Pelipper, L86, M|243/243\n|-weather|RainDance|[from] ability: Drizzle|[of] p2a: Pelipper\n|turn|14\n|\n|t:|1732997090\n|switch|p1a: Raichu|Raichu, L88, M|249/249\n|move|p2a: Pelipper|Weather Ball|p1a: Raichu\n|-damage|p1a: Raichu|0 fnt\n|faint|p1a: Raichu\n|\n|-weather|RainDance|[upkeep]\n|upkeep\n|\n|t:|1732997111\n|switch|p1a: Azelf|Azelf, L82|116/257\n|turn|15\n|\n|t:|1732997117\n|move|p1a: Azelf|Thunderbolt|p2a: Pelipper\n|-supereffective|p2a: Pelipper\n|-damage|p2a: Pelipper|0 fnt\n|faint|p2a: Pelipper\n|\n|-weather|RainDance|[upkeep]\n|upkeep\n|\n|t:|1732997125\n|switch|p2a: Wyrdeer|Wyrdeer, L87, M|321/321\n|-ability|p2a: Wyrdeer|Intimidate|boost\n|-unboost|p1a: Azelf|atk|1\n|turn|16\n|\n|t:|1732997143\n|move|p1a: Azelf|Thunderbolt|p2a: Wyrdeer\n|-damage|p2a: Wyrdeer|210/321\n|move|p2a: Wyrdeer|Psychic Noise|p1a: Azelf\n|-resisted|p1a: Azelf\n|-damage|p1a: Azelf|58/257\n|-start|p1a: Azelf|move: Heal Block\n|\n|-weather|RainDance|[upkeep]\n|-heal|p2a: Wyrdeer|230/321|[from] item: Leftovers\n|upkeep\n|turn|17\n|\n|t:|1732997154\n|move|p1a: Azelf|Thunderbolt|p2a: Wyrdeer\n|-damage|p2a: Wyrdeer|113/321\n|-status|p2a: Wyrdeer|par\n|move|p2a: Wyrdeer|Body Slam|p1a: Azelf\n|-damage|p1a: Azelf|0 fnt\n|faint|p1a: Azelf\n|\n|-weather|RainDance|[upkeep]\n|-heal|p2a: Wyrdeer|133/321 par|[from] item: Leftovers\n|upkeep\n|\n|t:|1732997166\n|switch|p1a: Palkia|Palkia-Origin, L72|249/249\n|-ability|p1a: Palkia|Pressure\n|turn|18\n|\n|t:|1732997180\n|move|p1a: Palkia|Hydro Pump|p2a: Wyrdeer\n|-damage|p2a: Wyrdeer|0 fnt\n|faint|p2a: Wyrdeer\n|\n|-weather|none\n|upkeep\n|\n|t:|1732997185\n|switch|p2a: Iron Hands|Iron Hands, L79|373/373\n|turn|19\n|\n|t:|1732997207\n|-terastallize|p1a: Palkia|Fire\n|-terastallize|p2a: Iron Hands|Flying\n|move|p1a: Palkia|Draco Meteor|p2a: Iron Hands|[miss]\n|-miss|p1a: Palkia|p2a: Iron Hands\n|move|p2a: Iron Hands|Swords Dance|p2a: Iron Hands\n|-boost|p2a: Iron Hands|atk|2\n|\n|upkeep\n|turn|20\n|\n|t:|1732997221\n|move|p1a: Palkia|Thunder Wave|p2a: Iron Hands\n|-status|p2a: Iron Hands|par\n|cant|p2a: Iron Hands|par\n|\n|upkeep\n|turn|21\n|\n|t:|1732997234\n|switch|p1a: Misdreavus|Misdreavus, L90, F|254/254\n|move|p2a: Iron Hands|Thunder Punch|p1a: Misdreavus\n|-damage|p1a: Misdreavus|97/254\n|\n|upkeep\n|turn|22\n|\n|t:|1732997248\n|move|p1a: Misdreavus|Draining Kiss|p2a: Iron Hands\n|-damage|p2a: Iron Hands|328/373 par\n|-heal|p1a: Misdreavus|131/254|[from] drain|[of] p2a: Iron Hands\n|cant|p2a: Iron Hands|par\n|\n|-heal|p2a: Iron Hands|351/373 par|[from] item: Leftovers\n|upkeep\n|turn|23\n|\n|t:|1732997258\n|move|p1a: Misdreavus|Calm Mind|p1a: Misdreavus\n|-boost|p1a: Misdreavus|spa|1\n|-boost|p1a: Misdreavus|spd|1\n|move|p2a: Iron Hands|Ice Punch|p1a: Misdreavus\n|-damage|p1a: Misdreavus|24/254\n|\n|-heal|p2a: Iron Hands|373/373 par|[from] item: Leftovers\n|upkeep\n|turn|24\n|\n|t:|1732997267\n|move|p1a: Misdreavus|Shadow Ball|p2a: Iron Hands\n|-damage|p2a: Iron Hands|196/373 par\n|move|p2a: Iron Hands|Ice Punch|p1a: Misdreavus\n|-damage|p1a: Misdreavus|0 fnt\n|faint|p1a: Misdreavus\n|\n|-heal|p2a: Iron Hands|219/373 par|[from] item: Leftovers\n|upkeep\n|\n|t:|1732997276\n|switch|p1a: Palkia|Palkia-Origin, L72, tera:Fire|249/249\n|-ability|p1a: Palkia|Pressure\n|turn|25\n|\n|t:|1732997286\n|move|p1a: Palkia|Fire Blast|p2a: Iron Hands\n|-damage|p2a: Iron Hands|72/373 par\n|cant|p2a: Iron Hands|par\n|\n|-heal|p2a: Iron Hands|95/373 par|[from] item: Leftovers\n|upkeep\n|turn|26\n|\n|t:|1732997299\n|move|p1a: Palkia|Fire Blast|p2a: Iron Hands|[miss]\n|-miss|p1a: Palkia|p2a: Iron Hands\n|move|p2a: Iron Hands|Drain Punch|p1a: Palkia\n|-damage|p1a: Palkia|66/249\n|-heal|p2a: Iron Hands|187/373 par|[from] drain|[of] p1a: Palkia\n|\n|-heal|p2a: Iron Hands|210/373 par|[from] item: Leftovers\n|upkeep\n|turn|27\n|\n|t:|1732997309\n|move|p1a: Palkia|Fire Blast|p2a: Iron Hands\n|-damage|p2a: Iron Hands|47/373 par\n|cant|p2a: Iron Hands|par\n|\n|-heal|p2a: Iron Hands|70/373 par|[from] item: Leftovers\n|upkeep\n|turn|28\n|\n|t:|1732997323\n|move|p1a: Palkia|Fire Blast|p2a: Iron Hands|[miss]\n|-miss|p1a: Palkia|p2a: Iron Hands\n|move|p2a: Iron Hands|Drain Punch|p1a: Palkia\n|-crit|p1a: Palkia\n|-damage|p1a: Palkia|0 fnt\n|-heal|p2a: Iron Hands|103/373 par|[from] drain|[of] p1a: Palkia\n|faint|p1a: Palkia\n|\n|win|lavasor\n|l|\u2606xdekisdexde\n|player|p1|\n", "inputlog": ">version b107d77f5c90bd6555267ae244a6264823309ead\n>start {\"formatid\":\"gen9randombattle\",\"seed\":[570,21022,55835,40155]}\n>player p1 {\"name\":\"xdekisdexde\",\"avatar\":\"170\",\"rating\":0,\"seed\":[48575,16899,39092,63302]}\n>player p2 {\"name\":\"lavasor\",\"avatar\":\"101\",\"rating\":0,\"seed\":[42991,46103,6220,21213]}\n>p1 move flamethrower\n>p2 move thunderbolt\n>p1 switch 5\n>p2 move thunderbolt\n>p1 move thunderwave\n>p2 move thunderbolt\n>p1 move thunderbolt\n>p2 move thunderbolt\n>p1 move thunderbolt\n>p2 move thunderbolt\n>p1 move thunderbolt\n>p2 move thunderbolt\n>p1 move thunderbolt\n>p2 move thunderbolt\n>p2 switch 2\n>p1 move thunderwave\n>p2 move shiftgear\n>p1 move explosion\n>p2 move shiftgear\n>p1 switch 5\n>p1 move flamethrower\n>p2 move highhorsepower\n>p2 switch 3\n>p1 move flamethrower\n>p2 move thunderbolt\n>p1 switch 4\n>p1 move fireblast\n>p2 move icebeam\n>p1 move fireblast\n>p2 move icebeam\n>p2 switch 6\n>p1 switch 2\n>p2 move weatherball\n>p1 switch 2\n>p1 move thunderbolt\n>p2 move weatherball\n>p2 switch 5\n>p1 move thunderbolt\n>p2 move psychicnoise\n>p1 move thunderbolt\n>p2 move bodyslam\n>p1 switch 3\n>p1 move hydropump\n>p2 move thunderwave\n>p2 switch 4\n>p1 move dracometeor terastallize\n>p2 move swordsdance terastallize\n>p1 move thunderwave\n>p2 move thunderpunch\n>p1 switch 6\n>p2 move thunderpunch\n>p1 move drainingkiss\n>p2 move icepunch\n>p1 move calmmind\n>p2 move icepunch\n>p1 move shadowball\n>p2 move icepunch\n>p1 switch 6\n>p1 move fireblast\n>p2 move drainpunch\n>p1 move fireblast\n>p2 move drainpunch\n>p1 move fireblast\n>p2 move drainpunch\n>p1 move fireblast\n>p2 move drainpunch", "uploadtime": 1732997338, "views": 1, "formatid": "gen9randombattle", "rating": null, "private": 0, "password": null}