{"id": "gen9randombattle-2253897394", "format": "[Gen 9] Random Battle", "players": ["HelloThere748", "are you jesus?"], "log": "|j|\u2606HelloThere748\n|j|\u2606are you jesus?\n|t:|1732958955\n|gametype|singles\n|player|p1|HelloThere748|dawn|1160\n|player|p2|are you jesus?|265|1210\n|teamsize|p1|6\n|teamsize|p2|6\n|gen|9\n|tier|[Gen 9] Random Battle\n|rated|\n|rule|Species Clause: Limit one of each Pok\u00e9mon\n|rule|HP Percentage Mod: HP is shown in percentages\n|rule|Sleep Clause Mod: Limit one foe put to sleep\n|rule|Illusion Level Mod: Illusion disguises the Pok\u00e9mon's true level\n|\n|t:|1732958955\n|start\n|switch|p1a: Venusaur|Venusaur, L84, F|272/272\n|switch|p2a: Phione|Phione, L91|293/293\n|turn|1\n|c|\u2606are you jesus?|hi\n|\n|t:|1732958982\n|switch|p2a: Emboar|Emboar, L84, F|322/322\n|move|p1a: Venusaur|Toxic|p2a: Emboar\n|-status|p2a: Emboar|tox\n|\n|-damage|p2a: Emboar|302/322 tox|[from] psn\n|upkeep\n|turn|2\n|\n|t:|1732959000\n|switch|p1a: Kingdra|Kingdra, L84, F|263/263\n|move|p2a: Emboar|Bulk Up|p2a: Emboar\n|-boost|p2a: Emboar|atk|1\n|-boost|p2a: Emboar|def|1\n|\n|-heal|p2a: Emboar|322/322 tox|[from] item: Leftovers\n|-damage|p2a: Emboar|282/322 tox|[from] psn\n|upkeep\n|turn|3\n|\n|t:|1732959011\n|-terastallize|p2a: Emboar|Grass\n|move|p1a: Kingdra|Dragon Dance|p1a: Kingdra\n|-boost|p1a: Kingdra|atk|1\n|-boost|p1a: Kingdra|spe|1\n|move|p2a: Emboar|Drain Punch|p1a: Kingdra\n|-damage|p1a: Kingdra|122/263\n|-heal|p2a: Emboar|322/322 tox|[from] drain|[of] p1a: Kingdra\n|\n|-damage|p2a: Emboar|262/322 tox|[from] psn\n|upkeep\n|turn|4\n|\n|t:|1732959025\n|move|p1a: Kingdra|Wave Crash|p2a: Emboar\n|-resisted|p2a: Emboar\n|-crit|p2a: Emboar\n|-damage|p2a: Emboar|15/322 tox\n|-damage|p1a: Kingdra|40/263|[from] Recoil\n|move|p2a: Emboar|Drain Punch|p1a: Kingdra\n|-damage|p1a: Kingdra|0 fnt\n|-heal|p2a: Emboar|35/322 tox|[from] drain|[of] p1a: Kingdra\n|faint|p1a: Kingdra\n|\n|-heal|p2a: Emboar|55/322 tox|[from] item: Leftovers\n|-damage|p2a: Emboar|0 fnt|[from] psn\n|faint|p2a: Emboar\n|upkeep\n|\n|t:|1732959046\n|switch|p1a: Venusaur|Venusaur, L84, F|272/272\n|switch|p2a: Zangoose|Zangoose, L85, M|263/263\n|turn|5\n|\n|t:|1732959074\n|move|p2a: Zangoose|Swords Dance|p2a: Zangoose\n|-boost|p2a: Zangoose|atk|2\n|move|p1a: Venusaur|Knock Off|p2a: Zangoose\n|-damage|p2a: Zangoose|188/263\n|-enditem|p2a: Zangoose|Toxic Orb|[from] move: Knock Off|[of] p1a: Venusaur\n|\n|upkeep\n|turn|6\n|\n|t:|1732959104\n|move|p2a: Zangoose|Quick Attack|p1a: Venusaur\n|-damage|p1a: Venusaur|173/272\n|move|p1a: Venusaur|Knock Off|p2a: Zangoose\n|-damage|p2a: Zangoose|137/263\n|\n|-heal|p1a: Venusaur|190/272|[from] item: Leftovers\n|upkeep\n|turn|7\n|\n|t:|1732959115\n|-terastallize|p1a: Venusaur|Steel\n|move|p2a: Zangoose|Knock Off|p1a: Venusaur\n|-damage|p1a: Venusaur|22/272\n|-enditem|p1a: Venusaur|Leftovers|[from] move: Knock Off|[of] p2a: Zangoose\n|move|p1a: Venusaur|Knock Off|p2a: Zangoose\n|-damage|p2a: Zangoose|86/263\n|\n|upkeep\n|turn|8\n|\n|t:|1732959123\n|move|p2a: Zangoose|Knock Off|p1a: Venusaur\n|-crit|p1a: Venusaur\n|-damage|p1a: Venusaur|0 fnt\n|faint|p1a: Venusaur\n|\n|upkeep\n|\n|t:|1732959134\n|switch|p1a: Cloyster|Cloyster, L80, M|211/211\n|turn|9\n|\n|t:|1732959144\n|move|p2a: Zangoose|Knock Off|p1a: Cloyster\n|-damage|p1a: Cloyster|118/211\n|-enditem|p1a: Cloyster|White Herb|[from] move: Knock Off|[of] p2a: Zangoose\n|move|p1a: Cloyster|Rock Blast|p2a: Zangoose\n|-damage|p2a: Zangoose|66/263\n|-damage|p2a: Zangoose|46/263\n|-damage|p2a: Zangoose|22/263\n|-damage|p2a: Zangoose|2/263\n|-crit|p2a: Zangoose\n|-damage|p2a: Zangoose|0 fnt\n|faint|p2a: Zangoose\n|-hitcount|p2: Zangoose|5\n|\n|upkeep\n|\n|t:|1732959154\n|switch|p2a: Umbreon|Umbreon, L84, F|297/297\n|turn|10\n|\n|t:|1732959162\n|switch|p1a: Luxray|Luxray, L88, F|283/283\n|move|p2a: Umbreon|Foul Play|p1a: Luxray\n|-damage|p1a: Luxray|160/283\n|\n|-status|p1a: Luxray|brn|[from] item: Flame Orb\n|upkeep\n|turn|11\n|\n|t:|1732959172\n|move|p1a: Luxray|Facade|p2a: Umbreon\n|-damage|p2a: Umbreon|126/297\n|move|p2a: Umbreon|Foul Play|p1a: Luxray\n|-damage|p1a: Luxray|42/283 brn\n|\n|-heal|p2a: Umbreon|144/297|[from] item: Leftovers\n|-damage|p1a: Luxray|25/283 brn|[from] brn\n|upkeep\n|turn|12\n|\n|t:|1732959184\n|move|p1a: Luxray|Facade|p2a: Umbreon\n|-damage|p2a: Umbreon|0 fnt\n|faint|p2a: Umbreon\n|\n|-damage|p1a: Luxray|8/283 brn|[from] brn\n|upkeep\n|\n|t:|1732959190\n|switch|p2a: Lycanroc|Lycanroc, L86, F|269/269\n|turn|13\n|\n|t:|1732959197\n|switch|p1a: Sandy Shocks|Sandy Shocks, L80|267/267\n|move|p2a: Lycanroc|Accelerock|p1a: Sandy Shocks\n|-resisted|p1a: Sandy Shocks\n|-damage|p1a: Sandy Shocks|235/267\n|-damage|p2a: Lycanroc|243/269|[from] item: Life Orb\n|\n|-heal|p1a: Sandy Shocks|251/267|[from] item: Leftovers\n|upkeep\n|turn|14\n|\n|t:|1732959212\n|switch|p2a: Phione|Phione, L91|293/293\n|move|p1a: Sandy Shocks|Earth Power|p2a: Phione\n|-damage|p2a: Phione|185/293\n|\n|-heal|p1a: Sandy Shocks|267/267|[from] item: Leftovers\n|-heal|p2a: Phione|203/293|[from] item: Leftovers\n|upkeep\n|turn|15\n|\n|t:|1732959224\n|move|p1a: Sandy Shocks|Thunderbolt|p2a: Phione\n|-supereffective|p2a: Phione\n|-damage|p2a: Phione|11/293\n|move|p2a: Phione|Scald|p1a: Sandy Shocks\n|-supereffective|p1a: Sandy Shocks\n|-damage|p1a: Sandy Shocks|87/267\n|\n|-heal|p1a: Sandy Shocks|103/267|[from] item: Leftovers\n|-heal|p2a: Phione|29/293|[from] item: Leftovers\n|upkeep\n|turn|16\n|\n|t:|1732959234\n|move|p1a: Sandy Shocks|Thunderbolt|p2a: Phione\n|-supereffective|p2a: Phione\n|-damage|p2a: Phione|0 fnt\n|faint|p2a: Phione\n|\n|-heal|p1a: Sandy Shocks|119/267|[from] item: Leftovers\n|upkeep\n|-message|are you jesus? forfeited.\n|\n|win|HelloThere748\n|raw|HelloThere748's rating: 1160 &rarr; <strong>1189</strong><br />(+29 for winning)\n|raw|are you jesus?'s rating: 1210 &rarr; <strong>1181</strong><br />(-29 for losing)\n|l|\u2606are you jesus?\n|player|p2|\n", "inputlog": ">version b107d77f5c90bd6555267ae244a6264823309ead\n>start {\"formatid\":\"gen9randombattle\",\"seed\":[56725,4818,12854,4002],\"rated\":\"Rated battle\"}\n>player p1 {\"name\":\"HelloThere748\",\"avatar\":\"dawn\",\"rating\":1160,\"seed\":[3717,65125,1804,41533]}\n>player p2 {\"name\":\"are you jesus?\",\"avatar\":\"265\",\"rating\":1210,\"seed\":[44782,51006,33096,12566]}\n>chat \u2606are you jesus?|hi\n>p1 move toxic\n>p2 switch 6\n>p1 switch 4\n>p2 move bulkup\n>p1 move dragondance\n>p2 move drainpunch terastallize\n>p1 move wavecrash\n>p2 move drainpunch\n>p1 switch 4\n>p2 switch 5\n>p1 move knockoff\n>p2 move swordsdance\n>p1 move knockoff\n>p2 move quickattack\n>p1 move knockoff terastallize\n>p2 move knockoff\n>p1 move synthesis\n>p2 move knockoff\n>p1 switch 5\n>p1 move rockblast\n>p2 move knockoff\n>p2 switch 4\n>p1 switch 2\n>p2 move foulplay\n>p1 move facade\n>p2 move foulplay\n>p1 move facade\n>p2 move foulplay\n>p2 switch 2\n>p1 switch 3\n>p2 move accelerock\n>p1 move earthpower\n>p2 switch 6\n>p1 move thunderbolt\n>p2 move scald\n>p1 move thunderbolt\n>p2 move scald\n>forcelose p2", "uploadtime": 1732959253, "views": 2, "formatid": "gen9randombattle", "rating": 1181, "private": 0, "password": null}