{"id": "gen9randombattle-2253937423", "format": "[Gen 9] Random Battle", "players": ["destlin", "cfvws"], "log": "|j|\u2606destlin\n|j|\u2606cfvws\n|t:|1732967538\n|gametype|singles\n|player|p1|destlin|101|1040\n|player|p2|cfvws|265|1000\n|teamsize|p1|6\n|teamsize|p2|6\n|gen|9\n|tier|[Gen 9] Random Battle\n|rated|\n|rule|Species Clause: Limit one of each Pok\u00e9mon\n|rule|HP Percentage Mod: HP is shown in percentages\n|rule|Sleep Clause Mod: Limit one foe put to sleep\n|rule|Illusion Level Mod: Illusion disguises the Pok\u00e9mon's true level\n|\n|t:|1732967538\n|start\n|switch|p1a: Pincurchin|Pincurchin, M|258/258\n|switch|p2a: Persian|Persian, L92, M|269/269\n|-fieldstart|move: Electric Terrain|[from] ability: Electric Surge|[of] p1a: Pincurchin\n|turn|1\n|inactive|Battle timer is ON: inactive players will automatically lose when time's up. (requested by cfvws)\n|\n|t:|1732967567\n|move|p2a: Persian|Switcheroo|p1a: Pincurchin\n|-activate|p2a: Persian|move: Trick|[of] p1a: Pincurchin\n|-item|p1a: Pincurchin|Choice Band|[from] move: Switcheroo\n|-item|p2a: Persian|Leftovers|[from] move: Switcheroo\n|move|p1a: Pincurchin|Liquidation|p2a: Persian\n|-damage|p2a: Persian|121/269\n|\n|-heal|p2a: Persian|137/269|[from] item: Leftovers\n|upkeep\n|turn|2\n|\n|t:|1732967585\n|move|p2a: Persian|U-turn|p1a: Pincurchin\n|-damage|p1a: Pincurchin|221/258\n|\n|t:|1732967592\n|switch|p2a: Mabosstiff|Mabosstiff, L86, F|278/278|[from] U-turn\n|move|p1a: Pincurchin|Liquidation|p2a: Mabosstiff\n|-damage|p2a: Mabosstiff|157/278\n|\n|upkeep\n|turn|3\n|\n|t:|1732967610\n|move|p2a: Mabosstiff|Crunch|p1a: Pincurchin\n|-damage|p1a: Pincurchin|95/258\n|move|p1a: Pincurchin|Liquidation|p2a: Mabosstiff\n|-damage|p2a: Mabosstiff|34/278\n|\n|upkeep\n|turn|4\n|\n|t:|1732967617\n|move|p2a: Mabosstiff|Crunch|p1a: Pincurchin\n|-damage|p1a: Pincurchin|0 fnt\n|faint|p1a: Pincurchin\n|\n|upkeep\n|\n|t:|1732967629\n|switch|p1a: Eiscue|Eiscue, L88, F|274/274\n|turn|5\n|\n|t:|1732967640\n|move|p2a: Mabosstiff|Crunch|p1a: Eiscue\n|-activate|p1a: Eiscue|ability: Ice Face\n|-damage|p1a: Eiscue|274/274\n|detailschange|p1a: Eiscue|Eiscue-Noice, L88, F\n|move|p1a: Eiscue|Belly Drum|p1a: Eiscue\n|-damage|p1a: Eiscue|137/274\n|-setboost|p1a: Eiscue|atk|6|[from] move: Belly Drum\n|-enditem|p1a: Eiscue|Sitrus Berry|[eat]\n|-heal|p1a: Eiscue|205/274|[from] item: Sitrus Berry\n|\n|-fieldend|move: Electric Terrain\n|upkeep\n|turn|6\n|\n|t:|1732967659\n|move|p1a: Eiscue|Liquidation|p2a: Mabosstiff\n|-damage|p2a: Mabosstiff|0 fnt\n|faint|p2a: Mabosstiff\n|\n|upkeep\n|\n|t:|1732967666\n|switch|p2a: Toucannon|Toucannon, L88, F|284/284\n|turn|7\n|\n|t:|1732967673\n|-singleturn|p2a: Toucannon|move: Beak Blast\n|move|p1a: Eiscue|Ice Spinner|p2a: Toucannon\n|-supereffective|p2a: Toucannon\n|-damage|p2a: Toucannon|0 fnt\n|-status|p1a: Eiscue|brn\n|faint|p2a: Toucannon\n|\n|-damage|p1a: Eiscue|188/274 brn|[from] brn\n|upkeep\n|\n|t:|1732967688\n|switch|p2a: Espathra|Espathra, L80, F|283/283\n|turn|8\n|\n|t:|1732967695\n|move|p1a: Eiscue|Iron Head|p2a: Espathra\n|-damage|p2a: Espathra|138/283\n|move|p2a: Espathra|Lumina Crash|p1a: Eiscue\n|-damage|p1a: Eiscue|16/274 brn\n|-unboost|p1a: Eiscue|spd|2\n|\n|-damage|p1a: Eiscue|0 fnt|[from] brn\n|faint|p1a: Eiscue\n|-ability|p2a: Espathra|Speed Boost|boost\n|-boost|p2a: Espathra|spe|1\n|upkeep\n|\n|t:|1732967708\n|switch|p1a: Salamence|Salamence, L77, M|273/273\n|-ability|p1a: Salamence|Intimidate|boost\n|-unboost|p2a: Espathra|atk|1\n|turn|9\n|inactive|cfvws has 120 seconds left.\n|\n|t:|1732967754\n|move|p2a: Espathra|Lumina Crash|p1a: Salamence\n|-damage|p1a: Salamence|141/273\n|-unboost|p1a: Salamence|spd|2\n|move|p1a: Salamence|Dragon Dance|p1a: Salamence\n|-boost|p1a: Salamence|atk|1\n|-boost|p1a: Salamence|spe|1\n|\n|-ability|p2a: Espathra|Speed Boost|boost\n|-boost|p2a: Espathra|spe|1\n|upkeep\n|turn|10\n|\n|t:|1732967776\n|move|p2a: Espathra|Lumina Crash|p1a: Salamence\n|-damage|p1a: Salamence|0 fnt\n|faint|p1a: Salamence\n|\n|-ability|p2a: Espathra|Speed Boost|boost\n|-boost|p2a: Espathra|spe|1\n|upkeep\n|\n|t:|1732967787\n|switch|p1a: Talonflame|Talonflame, L84, M|268/268\n|turn|11\n|inactive|destlin has 120 seconds left.\n|\n|t:|1732967803\n|move|p2a: Espathra|Lumina Crash|p1a: Talonflame\n|-damage|p1a: Talonflame|114/268\n|-unboost|p1a: Talonflame|spd|2\n|move|p1a: Talonflame|Brave Bird|p2a: Espathra\n|-damage|p2a: Espathra|0 fnt\n|faint|p2a: Espathra\n|-damage|p1a: Talonflame|68/268|[from] Recoil\n|\n|upkeep\n|\n|t:|1732967817\n|switch|p2a: Persian|Persian, L92, M|137/269\n|turn|12\n|\n|t:|1732967821\n|switch|p1a: Arboliva|Arboliva, L91, F|288/288\n|move|p2a: Persian|Double-Edge|p1a: Arboliva\n|-damage|p1a: Arboliva|183/288\n|-damage|p2a: Persian|102/269|[from] Recoil\n|\n|-heal|p2a: Persian|118/269|[from] item: Leftovers\n|upkeep\n|turn|13\n|\n|t:|1732967843\n|move|p2a: Persian|Knock Off|p1a: Arboliva\n|-damage|p1a: Arboliva|127/288\n|-enditem|p1a: Arboliva|Sitrus Berry|[from] move: Knock Off|[of] p2a: Persian\n|move|p1a: Arboliva|Leech Seed|p2a: Persian\n|-start|p2a: Persian|move: Leech Seed\n|\n|-heal|p2a: Persian|134/269|[from] item: Leftovers\n|-damage|p2a: Persian|101/269|[from] Leech Seed|[of] p1a: Arboliva\n|-heal|p1a: Arboliva|160/288|[silent]\n|upkeep\n|turn|14\n|inactive|cfvws has 120 seconds left.\n|inactive|destlin has 120 seconds left.\n|l|\u2606destlin\n|inactive|destlin disconnected and has a minute to reconnect!\n|player|p1|\n|inactive|destlin has 30 seconds to reconnect!\n|inactive|destlin has 20 seconds to reconnect!\n|inactive|destlin has 15 seconds to reconnect!\n|inactive|destlin has 10 seconds to reconnect!\n|inactive|destlin has 5 seconds to reconnect!\n|-message|destlin lost due to inactivity.\n|\n|win|cfvws\n|raw|destlin's rating: 1040 &rarr; <strong>1022</strong><br />(-18 for losing)\n|raw|cfvws's rating: 1000 &rarr; <strong>1045</strong><br />(+45 for winning)\n", "inputlog": ">version b107d77f5c90bd6555267ae244a6264823309ead\n>start {\"formatid\":\"gen9randombattle\",\"seed\":[56893,20132,18930,65268],\"rated\":\"Rated battle\"}\n>player p1 {\"name\":\"destlin\",\"avatar\":\"101\",\"rating\":1040,\"seed\":[54745,45102,3822,3180]}\n>player p2 {\"name\":\"cfvws\",\"avatar\":\"265\",\"rating\":1000,\"seed\":[35145,29436,21774,61249]}\n>p1 move liquidation\n>p2 move switcheroo\n>p1 move liquidation\n>p2 move uturn\n>p2 switch 5\n>p1 move liquidation\n>p2 move crunch\n>p1 move liquidation\n>p2 move crunch\n>p1 switch 5\n>p1 move bellydrum\n>p2 move crunch\n>p1 move liquidation\n>p2 move crunch\n>p2 switch 4\n>p1 move icespinner\n>p2 move beakblast\n>p2 switch 3\n>p1 move ironhead\n>p2 move luminacrash\n>p1 switch 6\n>p1 move dragondance\n>p2 move luminacrash\n>p1 move dualwingbeat\n>p2 move luminacrash\n>p1 switch 2\n>p1 move bravebird\n>p2 move luminacrash\n>p2 switch 5\n>p1 switch 3\n>p2 move doubleedge\n>p1 move leechseed\n>p2 move knockoff\n>forcelose p1", "uploadtime": 1732967961, "views": 1, "formatid": "gen9randombattle", "rating": 1022, "private": 0, "password": null}