{"id": "gen9randombattle-2253839403", "format": "[Gen 9] Random Battle", "players": ["vegemite360", "ericlin0911"], "log": "|j|\u2606vegemite360\n|j|\u2606ericlin0911\n|t:|1732946592\n|gametype|singles\n|player|p1|vegemite360|lance|2244\n|player|p2|ericlin0911|266|2287\n|teamsize|p1|6\n|teamsize|p2|6\n|gen|9\n|tier|[Gen 9] Random Battle\n|rated|\n|rule|Species Clause: Limit one of each Pok\u00e9mon\n|rule|HP Percentage Mod: HP is shown in percentages\n|rule|Sleep Clause Mod: Limit one foe put to sleep\n|rule|Illusion Level Mod: Illusion disguises the Pok\u00e9mon's true level\n|\n|t:|1732946592\n|start\n|switch|p1a: Arcanine|Arcanine, L84, M|287/287\n|switch|p2a: Sandaconda|Sandaconda, L84, F|258/258\n|-ability|p1a: Arcanine|Intimidate|boost\n|-unboost|p2a: Sandaconda|atk|1\n|turn|1\n|inactive|Battle timer is ON: inactive players will automatically lose when time's up. (requested by ericlin0911)\n|inactive|vegemite360 also wants the timer to be on.\n|\n|t:|1732946616\n|switch|p1a: Arceus|Arceus-Water, L71|288/288\n|move|p2a: Sandaconda|Coil|p2a: Sandaconda\n|-boost|p2a: Sandaconda|atk|1\n|-boost|p2a: Sandaconda|def|1\n|-boost|p2a: Sandaconda|accuracy|1\n|\n|upkeep\n|turn|2\n|\n|t:|1732946635\n|switch|p2a: Pincurchin|Pincurchin, M|258/258\n|-fieldstart|move: Electric Terrain|[from] ability: Electric Surge|[of] p2a: Pincurchin\n|move|p1a: Arceus|Will-O-Wisp|p2a: Pincurchin\n|-status|p2a: Pincurchin|brn\n|\n|-damage|p2a: Pincurchin|242/258 brn|[from] brn\n|upkeep\n|turn|3\n|\n|t:|1732946651\n|switch|p1a: Haxorus|Haxorus, L77, M|244/244\n|-ability|p1a: Haxorus|Mold Breaker\n|move|p2a: Pincurchin|Toxic Spikes|p1a: Haxorus\n|-sidestart|p1: vegemite360|move: Toxic Spikes\n|\n|-heal|p2a: Pincurchin|258/258 brn|[from] item: Leftovers\n|-damage|p2a: Pincurchin|242/258 brn|[from] brn\n|upkeep\n|turn|4\n|\n|t:|1732946665\n|switch|p2a: Enamorus|Enamorus, L79, F|247/247\n|move|p1a: Haxorus|Dragon Dance|p1a: Haxorus\n|-boost|p1a: Haxorus|atk|1\n|-boost|p1a: Haxorus|spe|1\n|\n|upkeep\n|turn|5\n|\n|t:|1732946680\n|move|p1a: Haxorus|Iron Head|p2a: Enamorus\n|-supereffective|p2a: Enamorus\n|-damage|p2a: Enamorus|0 fnt\n|-start|p1a: Haxorus|Attract|[from] ability: Cute Charm|[of] p2a: Enamorus\n|faint|p2a: Enamorus\n|-end|p1a: Haxorus|Attract|[silent]\n|\n|upkeep\n|\n|t:|1732946694\n|switch|p2a: Pincurchin|Pincurchin, M|242/258 brn\n|turn|6\n|inactive|ericlin0911 has 120 seconds left.\n|\n|t:|1732946710\n|move|p1a: Haxorus|Dragon Dance|p1a: Haxorus\n|-boost|p1a: Haxorus|atk|1\n|-boost|p1a: Haxorus|spe|1\n|move|p2a: Pincurchin|Scald|p1a: Haxorus\n|-resisted|p1a: Haxorus\n|-damage|p1a: Haxorus|196/244\n|\n|-heal|p2a: Pincurchin|258/258 brn|[from] item: Leftovers\n|-damage|p2a: Pincurchin|242/258 brn|[from] brn\n|-fieldend|move: Electric Terrain\n|upkeep\n|turn|7\n|inactive|ericlin0911 has 120 seconds left.\n|\n|t:|1732946734\n|-terastallize|p2a: Pincurchin|Water\n|move|p1a: Haxorus|Dragon Dance|p1a: Haxorus\n|-boost|p1a: Haxorus|atk|1\n|-boost|p1a: Haxorus|spe|1\n|move|p2a: Pincurchin|Scald|p1a: Haxorus\n|-resisted|p1a: Haxorus\n|-crit|p1a: Haxorus\n|-damage|p1a: Haxorus|84/244\n|\n|-heal|p2a: Pincurchin|258/258 brn|[from] item: Leftovers\n|-damage|p2a: Pincurchin|242/258 brn|[from] brn\n|upkeep\n|turn|8\n|\n|t:|1732946746\n|move|p1a: Haxorus|Outrage|p2a: Pincurchin\n|-damage|p2a: Pincurchin|0 fnt\n|faint|p2a: Pincurchin\n|\n|upkeep\n|\n|t:|1732946748\n|switch|p2a: Diancie|Diancie, L82|216/216\n|turn|9\n|inactive|ericlin0911 has 120 seconds left.\n|\n|t:|1732946755\n|move|p1a: Haxorus|Outrage|p2a: Diancie|[from]lockedmove\n|-immune|p2a: Diancie\n|move|p2a: Diancie|Diamond Storm|p1a: Haxorus|[miss]\n|-miss|p2a: Diancie|p1a: Haxorus\n|\n|upkeep\n|turn|10\n|inactive|ericlin0911 has 120 seconds left.\n|\n|t:|1732946769\n|move|p1a: Haxorus|Iron Head|p2a: Diancie\n|-supereffective|p2a: Diancie\n|-damage|p2a: Diancie|0 fnt\n|faint|p2a: Diancie\n|\n|upkeep\n|\n|t:|1732946772\n|switch|p2a: Rhyperior|Rhyperior, L82, M|323/323\n|turn|11\n|\n|t:|1732946782\n|move|p1a: Haxorus|Close Combat|p2a: Rhyperior\n|-supereffective|p2a: Rhyperior\n|-damage|p2a: Rhyperior|0 fnt\n|-unboost|p1a: Haxorus|def|1\n|-unboost|p1a: Haxorus|spd|1\n|faint|p2a: Rhyperior\n|\n|upkeep\n|-message|ericlin0911 forfeited.\n|\n|win|vegemite360\n|raw|vegemite360's rating: 2244 &rarr; <strong>2266</strong><br />(+22 for winning)\n|raw|ericlin0911's rating: 2287 &rarr; <strong>2265</strong><br />(-22 for losing)\n|l|\u2606ericlin0911\n|player|p2|\n", "inputlog": ">version b107d77f5c90bd6555267ae244a6264823309ead\n>start {\"formatid\":\"gen9randombattle\",\"seed\":[54805,22404,24602,61330],\"rated\":\"Rated battle\"}\n>player p1 {\"name\":\"vegemite360\",\"avatar\":\"lance\",\"rating\":2244,\"seed\":[47373,27912,14449,43414]}\n>player p2 {\"name\":\"ericlin0911\",\"avatar\":\"266\",\"rating\":2287,\"seed\":[39065,52937,43989,21373]}\n>p1 switch 3\n>p2 move coil\n>p1 move willowisp\n>p2 switch 2\n>p1 switch 4\n>p2 move toxicspikes\n>p1 move dragondance\n>p2 switch 4\n>p1 move ironhead\n>p2 move moonblast\n>p2 switch 4\n>p1 move dragondance\n>p2 move scald\n>p1 move dragondance\n>p2 move scald terastallize\n>p1 move outrage\n>p2 move scald\n>p2 switch 3\n>p1 move outrage\n>p2 move diamondstorm\n>p1 move ironhead\n>p2 move diamondstorm\n>p2 switch 6\n>p1 move closecombat\n>p2 move earthquake\n>forcelose p2", "uploadtime": 1732946795, "views": 7, "formatid": "gen9randombattle", "rating": 2265, "private": 0, "password": null}