{"id": "gen9randombattle-2253932267", "format": "[Gen 9] Random Battle", "players": ["xrr rewriting", "poplolpol"], "log": "|j|\u2606xrr rewriting\n|j|\u2606poplolpol\n|t:|1732966523\n|gametype|singles\n|player|p1|xrr rewriting|266|1247\n|player|p2|poplolpol|2|1218\n|teamsize|p1|6\n|teamsize|p2|6\n|gen|9\n|tier|[Gen 9] Random Battle\n|rated|\n|rule|Species Clause: Limit one of each Pok\u00e9mon\n|rule|HP Percentage Mod: HP is shown in percentages\n|rule|Sleep Clause Mod: Limit one foe put to sleep\n|rule|Illusion Level Mod: Illusion disguises the Pok\u00e9mon's true level\n|\n|t:|1732966523\n|start\n|switch|p1a: Vaporeon|Vaporeon, L86, M|364/364\n|switch|p2a: Skeledirge|Skeledirge, L79, M|294/294\n|turn|1\n|inactive|Battle timer is ON: inactive players will automatically lose when time's up. (requested by poplolpol)\n|\n|t:|1732966539\n|switch|p2a: Kilowattrel|Kilowattrel, L83, F|252/252\n|move|p1a: Vaporeon|Calm Mind|p1a: Vaporeon\n|-boost|p1a: Vaporeon|spa|1\n|-boost|p1a: Vaporeon|spd|1\n|\n|upkeep\n|turn|2\n|\n|t:|1732966547\n|move|p1a: Vaporeon|Protect|p1a: Vaporeon\n|-singleturn|p1a: Vaporeon|Protect\n|move|p2a: Kilowattrel|Thunderbolt|p1a: Vaporeon\n|-activate|p1a: Vaporeon|move: Protect\n|\n|upkeep\n|turn|3\n|\n|t:|1732966554\n|-terastallize|p1a: Vaporeon|Ghost\n|move|p2a: Kilowattrel|Thunderbolt|p1a: Vaporeon\n|-damage|p1a: Vaporeon|304/364\n|-status|p1a: Vaporeon|par\n|move|p1a: Vaporeon|Calm Mind|p1a: Vaporeon\n|-boost|p1a: Vaporeon|spa|1\n|-boost|p1a: Vaporeon|spd|1\n|\n|-heal|p1a: Vaporeon|326/364 par|[from] item: Leftovers\n|upkeep\n|turn|4\n|\n|t:|1732966565\n|move|p2a: Kilowattrel|Hurricane|p1a: Vaporeon|[miss]\n|-miss|p2a: Kilowattrel|p1a: Vaporeon\n|move|p1a: Vaporeon|Scald|p2a: Kilowattrel\n|-crit|p2a: Kilowattrel\n|-damage|p2a: Kilowattrel|0 fnt\n|faint|p2a: Kilowattrel\n|\n|-heal|p1a: Vaporeon|348/364 par|[from] item: Leftovers\n|upkeep\n|\n|t:|1732966584\n|switch|p2a: Oranguru|Oranguru, L92, F|315/315\n|turn|5\n|\n|t:|1732966591\n|cant|p1a: Vaporeon|par\n|move|p2a: Oranguru|Psychic|p1a: Vaporeon\n|-damage|p1a: Vaporeon|300/364 par\n|\n|-heal|p1a: Vaporeon|322/364 par|[from] item: Leftovers\n|upkeep\n|turn|6\n|\n|t:|1732966602\n|move|p2a: Oranguru|Nasty Plot|p2a: Oranguru\n|-boost|p2a: Oranguru|spa|2\n|move|p1a: Vaporeon|Calm Mind|p1a: Vaporeon\n|-boost|p1a: Vaporeon|spa|1\n|-boost|p1a: Vaporeon|spd|1\n|\n|-heal|p1a: Vaporeon|344/364 par|[from] item: Leftovers\n|upkeep\n|turn|7\n|\n|t:|1732966611\n|move|p2a: Oranguru|Psychic|p1a: Vaporeon\n|-crit|p1a: Vaporeon\n|-damage|p1a: Vaporeon|32/364 par\n|move|p1a: Vaporeon|Calm Mind|p1a: Vaporeon\n|-boost|p1a: Vaporeon|spa|1\n|-boost|p1a: Vaporeon|spd|1\n|\n|-heal|p1a: Vaporeon|54/364 par|[from] item: Leftovers\n|upkeep\n|turn|8\n|\n|t:|1732966620\n|move|p1a: Vaporeon|Protect|p1a: Vaporeon\n|-singleturn|p1a: Vaporeon|Protect\n|move|p2a: Oranguru|Psychic|p1a: Vaporeon\n|-activate|p1a: Vaporeon|move: Protect\n|\n|-heal|p1a: Vaporeon|76/364 par|[from] item: Leftovers\n|upkeep\n|turn|9\n|\n|t:|1732966628\n|move|p2a: Oranguru|Psychic|p1a: Vaporeon\n|-crit|p1a: Vaporeon\n|-damage|p1a: Vaporeon|0 fnt\n|faint|p1a: Vaporeon\n|\n|upkeep\n|\n|t:|1732966640\n|switch|p1a: Incineroar|Incineroar, L82, F|290/290\n|-ability|p1a: Incineroar|Intimidate|boost\n|-fail|p2a: Oranguru|unboost|Attack|[from] ability: Inner Focus|[of] p2a: Oranguru\n|turn|10\n|\n|t:|1732966651\n|move|p2a: Oranguru|Focus Blast|p1a: Incineroar\n|-supereffective|p1a: Incineroar\n|-damage|p1a: Incineroar|50/290\n|move|p1a: Incineroar|Knock Off|p2a: Oranguru\n|-supereffective|p2a: Oranguru\n|-damage|p2a: Oranguru|79/315\n|-enditem|p2a: Oranguru|Leftovers|[from] move: Knock Off|[of] p1a: Incineroar\n|\n|upkeep\n|turn|11\n|\n|t:|1732966663\n|move|p2a: Oranguru|Thunderbolt|p1a: Incineroar\n|-damage|p1a: Incineroar|0 fnt\n|faint|p1a: Incineroar\n|\n|upkeep\n|\n|t:|1732966668\n|switch|p1a: Serperior|Serperior, L79, F|248/248\n|turn|12\n|\n|t:|1732966675\n|move|p1a: Serperior|Leaf Storm|p2a: Oranguru\n|-damage|p2a: Oranguru|0 fnt\n|-boost|p1a: Serperior|spa|2\n|faint|p2a: Oranguru\n|-damage|p1a: Serperior|224/248|[from] item: Life Orb\n|\n|upkeep\n|\n|t:|1732966680\n|switch|p2a: Skeledirge|Skeledirge, L79, M|294/294\n|turn|13\n|\n|t:|1732966686\n|move|p1a: Serperior|Glare|p2a: Skeledirge\n|-status|p2a: Skeledirge|par\n|move|p2a: Skeledirge|Torch Song|p1a: Serperior\n|-supereffective|p1a: Serperior\n|-damage|p1a: Serperior|50/248\n|-boost|p2a: Skeledirge|spa|1\n|\n|upkeep\n|turn|14\n|\n|t:|1732966697\n|move|p1a: Serperior|Dragon Pulse|p2a: Skeledirge\n|-damage|p2a: Skeledirge|220/294 par\n|-damage|p1a: Serperior|26/248|[from] item: Life Orb\n|move|p2a: Skeledirge|Torch Song|p1a: Serperior\n|-supereffective|p1a: Serperior\n|-damage|p1a: Serperior|0 fnt\n|-boost|p2a: Skeledirge|spa|1\n|faint|p1a: Serperior\n|\n|upkeep\n|\n|t:|1732966712\n|switch|p1a: Clodsire|Clodsire, L81, F|343/343\n|turn|15\n|\n|t:|1732966718\n|move|p1a: Clodsire|Toxic Spikes|p2a: Skeledirge\n|-sidestart|p2: poplolpol|move: Toxic Spikes\n|cant|p2a: Skeledirge|par\n|\n|upkeep\n|turn|16\n|\n|t:|1732966723\n|move|p1a: Clodsire|Earthquake|p2a: Skeledirge\n|-supereffective|p2a: Skeledirge\n|-damage|p2a: Skeledirge|74/294 par\n|cant|p2a: Skeledirge|par\n|\n|upkeep\n|turn|17\n|\n|t:|1732966729\n|move|p1a: Clodsire|Earthquake|p2a: Skeledirge\n|-supereffective|p2a: Skeledirge\n|-damage|p2a: Skeledirge|0 fnt\n|faint|p2a: Skeledirge\n|\n|upkeep\n|\n|t:|1732966736\n|switch|p2a: Hitmontop|Hitmontop, L88, M|231/231\n|-status|p2a: Hitmontop|psn\n|turn|18\n|\n|t:|1732966743\n|switch|p1a: Bellibolt|Bellibolt, L84, F|320/320\n|move|p2a: Hitmontop|Rapid Spin|p1a: Bellibolt\n|-damage|p1a: Bellibolt|265/320\n|-boost|p2a: Hitmontop|spe|1\n|-start|p1a: Bellibolt|Charge|Rapid Spin|[from] ability: Electromorphosis\n|-sideend|p2: poplolpol|Toxic Spikes|[from] move: Rapid Spin|[of] p2a: Hitmontop\n|\n|-heal|p1a: Bellibolt|285/320|[from] item: Leftovers\n|-damage|p2a: Hitmontop|203/231 psn|[from] psn\n|upkeep\n|turn|19\n|\n|t:|1732966759\n|move|p2a: Hitmontop|Triple Axel|p1a: Bellibolt\n|-damage|p1a: Bellibolt|263/320\n|-start|p1a: Bellibolt|Charge|Triple Axel|[from] ability: Electromorphosis\n|-damage|p1a: Bellibolt|220/320\n|-start|p1a: Bellibolt|Charge|Triple Axel|[from] ability: Electromorphosis\n|-damage|p1a: Bellibolt|149/320\n|-start|p1a: Bellibolt|Charge|Triple Axel|[from] ability: Electromorphosis\n|-hitcount|p1a: Bellibolt|3\n|move|p1a: Bellibolt|Thunderbolt|p2a: Hitmontop\n|-damage|p2a: Hitmontop|38/231 psn\n|-end|p1a: Bellibolt|Charge|[silent]\n|\n|-heal|p2a: Hitmontop|52/231 psn|[from] item: Leftovers\n|-heal|p1a: Bellibolt|169/320|[from] item: Leftovers\n|-damage|p2a: Hitmontop|24/231 psn|[from] psn\n|upkeep\n|turn|20\n|\n|t:|1732966786\n|move|p2a: Hitmontop|Close Combat|p1a: Bellibolt\n|-damage|p1a: Bellibolt|28/320\n|-unboost|p2a: Hitmontop|def|1\n|-unboost|p2a: Hitmontop|spd|1\n|-start|p1a: Bellibolt|Charge|Close Combat|[from] ability: Electromorphosis\n|move|p1a: Bellibolt|Slack Off|p1a: Bellibolt\n|-heal|p1a: Bellibolt|188/320\n|\n|-heal|p2a: Hitmontop|38/231 psn|[from] item: Leftovers\n|-heal|p1a: Bellibolt|208/320|[from] item: Leftovers\n|-damage|p2a: Hitmontop|10/231 psn|[from] psn\n|upkeep\n|turn|21\n|\n|t:|1732966799\n|move|p2a: Hitmontop|Close Combat|p1a: Bellibolt\n|-damage|p1a: Bellibolt|66/320\n|-unboost|p2a: Hitmontop|def|1\n|-unboost|p2a: Hitmontop|spd|1\n|-start|p1a: Bellibolt|Charge|Close Combat|[from] ability: Electromorphosis\n|move|p1a: Bellibolt|Slack Off|p1a: Bellibolt\n|-heal|p1a: Bellibolt|226/320\n|\n|-heal|p2a: Hitmontop|24/231 psn|[from] item: Leftovers\n|-heal|p1a: Bellibolt|246/320|[from] item: Leftovers\n|-damage|p2a: Hitmontop|0 fnt|[from] psn\n|faint|p2a: Hitmontop\n|upkeep\n|inactive|poplolpol has 120 seconds left.\n|\n|t:|1732966815\n|switch|p2a: Alomomola|Alomomola, L87, F|429/429\n|turn|22\n|inactive|poplolpol has 120 seconds left.\n|\n|t:|1732966828\n|-terastallize|p2a: Alomomola|Steel\n|move|p2a: Alomomola|Protect|p2a: Alomomola\n|-singleturn|p2a: Alomomola|Protect\n|move|p1a: Bellibolt|Thunderbolt|p2a: Alomomola\n|-activate|p2a: Alomomola|move: Protect\n|-end|p1a: Bellibolt|Charge|[silent]\n|\n|-heal|p1a: Bellibolt|266/320|[from] item: Leftovers\n|upkeep\n|turn|23\n|inactive|poplolpol has 120 seconds left.\n|\n|t:|1732966841\n|move|p2a: Alomomola|Flip Turn|p1a: Bellibolt\n|-damage|p1a: Bellibolt|214/320\n|-start|p1a: Bellibolt|Charge|Flip Turn|[from] ability: Electromorphosis\n|inactive|poplolpol has 120 seconds left.\n|\n|t:|1732966848\n|switch|p2a: Floatzel|Floatzel, L85, F|283/283|[from] Flip Turn\n|move|p1a: Bellibolt|Volt Switch|p2a: Floatzel\n|-supereffective|p2a: Floatzel\n|-damage|p2a: Floatzel|0 fnt\n|faint|p2a: Floatzel\n|-end|p1a: Bellibolt|Charge|[silent]\n|\n|t:|1732966857\n|switch|p1a: Clodsire|Clodsire, L81, F|343/343|[from] Volt Switch\n|\n|upkeep\n|\n|t:|1732966862\n|switch|p2a: Alomomola|Alomomola, L87, F, tera:Steel|429/429\n|turn|24\n|\n|t:|1732966869\n|move|p2a: Alomomola|Scald|p1a: Clodsire\n|-supereffective|p1a: Clodsire\n|-damage|p1a: Clodsire|251/343\n|move|p1a: Clodsire|Earthquake|p2a: Alomomola\n|-supereffective|p2a: Alomomola\n|-damage|p2a: Alomomola|249/429\n|\n|-heal|p2a: Alomomola|275/429|[from] item: Leftovers\n|-heal|p1a: Clodsire|272/343|[from] item: Leftovers\n|upkeep\n|turn|25\n|\n|t:|1732966879\n|move|p2a: Alomomola|Scald|p1a: Clodsire\n|-supereffective|p1a: Clodsire\n|-damage|p1a: Clodsire|186/343\n|move|p1a: Clodsire|Earthquake|p2a: Alomomola\n|-supereffective|p2a: Alomomola\n|-damage|p2a: Alomomola|111/429\n|\n|-heal|p2a: Alomomola|137/429|[from] item: Leftovers\n|-heal|p1a: Clodsire|207/343|[from] item: Leftovers\n|upkeep\n|turn|26\n|\n|t:|1732966890\n|move|p2a: Alomomola|Scald|p1a: Clodsire\n|-supereffective|p1a: Clodsire\n|-damage|p1a: Clodsire|123/343\n|-status|p1a: Clodsire|brn\n|move|p1a: Clodsire|Recover|p1a: Clodsire\n|-heal|p1a: Clodsire|295/343 brn\n|\n|-heal|p2a: Alomomola|163/429|[from] item: Leftovers\n|-heal|p1a: Clodsire|316/343 brn|[from] item: Leftovers\n|-damage|p1a: Clodsire|295/343 brn|[from] brn\n|upkeep\n|turn|27\n|\n|t:|1732966903\n|move|p2a: Alomomola|Wish|p2a: Alomomola\n|move|p1a: Clodsire|Earthquake|p2a: Alomomola\n|-supereffective|p2a: Alomomola\n|-damage|p2a: Alomomola|70/429\n|\n|-heal|p2a: Alomomola|96/429|[from] item: Leftovers\n|-heal|p1a: Clodsire|316/343 brn|[from] item: Leftovers\n|-damage|p1a: Clodsire|295/343 brn|[from] brn\n|upkeep\n|turn|28\n|\n|t:|1732966913\n|switch|p1a: Bellibolt|Bellibolt, L84, F|214/320\n|move|p2a: Alomomola|Protect||[still]\n|-fail|p2a: Alomomola\n|\n|-heal|p2a: Alomomola|310/429|[from] move: Wish|[wisher] Alomomola\n|-heal|p2a: Alomomola|336/429|[from] item: Leftovers\n|-heal|p1a: Bellibolt|234/320|[from] item: Leftovers\n|upkeep\n|turn|29\n|\n|t:|1732966924\n|move|p2a: Alomomola|Wish|p2a: Alomomola\n|move|p1a: Bellibolt|Thunderbolt|p2a: Alomomola\n|-damage|p2a: Alomomola|195/429\n|\n|-heal|p2a: Alomomola|221/429|[from] item: Leftovers\n|-heal|p1a: Bellibolt|254/320|[from] item: Leftovers\n|upkeep\n|turn|30\n|\n|t:|1732966934\n|move|p2a: Alomomola|Scald|p1a: Bellibolt\n|-crit|p1a: Bellibolt\n|-damage|p1a: Bellibolt|182/320\n|-start|p1a: Bellibolt|Charge|Scald|[from] ability: Electromorphosis\n|move|p1a: Bellibolt|Muddy Water|p2a: Alomomola\n|-damage|p2a: Alomomola|124/429\n|\n|-heal|p2a: Alomomola|338/429|[from] move: Wish|[wisher] Alomomola\n|-heal|p2a: Alomomola|364/429|[from] item: Leftovers\n|-heal|p1a: Bellibolt|202/320|[from] item: Leftovers\n|upkeep\n|turn|31\n|\n|t:|1732966947\n|move|p2a: Alomomola|Protect|p2a: Alomomola\n|-singleturn|p2a: Alomomola|Protect\n|move|p1a: Bellibolt|Muddy Water|p2a: Alomomola\n|-activate|p2a: Alomomola|move: Protect\n|\n|-heal|p2a: Alomomola|390/429|[from] item: Leftovers\n|-heal|p1a: Bellibolt|222/320|[from] item: Leftovers\n|upkeep\n|turn|32\n|\n|t:|1732966958\n|move|p2a: Alomomola|Wish|p2a: Alomomola\n|move|p1a: Bellibolt|Muddy Water|p2a: Alomomola\n|-damage|p2a: Alomomola|293/429\n|\n|-heal|p2a: Alomomola|319/429|[from] item: Leftovers\n|-heal|p1a: Bellibolt|242/320|[from] item: Leftovers\n|upkeep\n|turn|33\n|\n|t:|1732966973\n|move|p2a: Alomomola|Scald|p1a: Bellibolt\n|-crit|p1a: Bellibolt\n|-damage|p1a: Bellibolt|161/320\n|-start|p1a: Bellibolt|Charge|Scald|[from] ability: Electromorphosis\n|move|p1a: Bellibolt|Muddy Water|p2a: Alomomola\n|-damage|p2a: Alomomola|216/429\n|\n|-heal|p2a: Alomomola|429/429|[from] move: Wish|[wisher] Alomomola\n|-heal|p1a: Bellibolt|181/320|[from] item: Leftovers\n|upkeep\n|turn|34\n|\n|t:|1732966984\n|move|p2a: Alomomola|Scald|p1a: Bellibolt\n|-damage|p1a: Bellibolt|132/320\n|-start|p1a: Bellibolt|Charge|Scald|[from] ability: Electromorphosis\n|move|p1a: Bellibolt|Muddy Water|p2a: Alomomola\n|-damage|p2a: Alomomola|323/429\n|\n|-heal|p2a: Alomomola|349/429|[from] item: Leftovers\n|-heal|p1a: Bellibolt|152/320|[from] item: Leftovers\n|upkeep\n|turn|35\n|\n|t:|1732966996\n|move|p2a: Alomomola|Scald|p1a: Bellibolt\n|-damage|p1a: Bellibolt|95/320\n|-start|p1a: Bellibolt|Charge|Scald|[from] ability: Electromorphosis\n|move|p1a: Bellibolt|Muddy Water|p2a: Alomomola\n|-damage|p2a: Alomomola|252/429\n|-unboost|p2a: Alomomola|accuracy|1\n|\n|-heal|p2a: Alomomola|278/429|[from] item: Leftovers\n|-heal|p1a: Bellibolt|115/320|[from] item: Leftovers\n|upkeep\n|turn|36\n|\n|t:|1732967008\n|move|p2a: Alomomola|Wish|p2a: Alomomola\n|move|p1a: Bellibolt|Slack Off|p1a: Bellibolt\n|-heal|p1a: Bellibolt|275/320\n|\n|-heal|p2a: Alomomola|304/429|[from] item: Leftovers\n|-heal|p1a: Bellibolt|295/320|[from] item: Leftovers\n|upkeep\n|turn|37\n|\n|t:|1732967019\n|move|p2a: Alomomola|Scald|p1a: Bellibolt\n|-damage|p1a: Bellibolt|244/320\n|-status|p1a: Bellibolt|brn\n|-start|p1a: Bellibolt|Charge|Scald|[from] ability: Electromorphosis\n|move|p1a: Bellibolt|Muddy Water|p2a: Alomomola\n|-damage|p2a: Alomomola|209/429\n|\n|-heal|p2a: Alomomola|423/429|[from] move: Wish|[wisher] Alomomola\n|-heal|p2a: Alomomola|429/429|[from] item: Leftovers\n|-heal|p1a: Bellibolt|264/320 brn|[from] item: Leftovers\n|-damage|p1a: Bellibolt|244/320 brn|[from] brn\n|upkeep\n|turn|38\n|\n|t:|1732967036\n|move|p2a: Alomomola|Flip Turn|p1a: Bellibolt\n|-damage|p1a: Bellibolt|186/320 brn\n|-start|p1a: Bellibolt|Charge|Flip Turn|[from] ability: Electromorphosis\n|move|p1a: Bellibolt|Muddy Water|p2a: Alomomola\n|-damage|p2a: Alomomola|321/429\n|\n|-heal|p2a: Alomomola|347/429|[from] item: Leftovers\n|-heal|p1a: Bellibolt|206/320 brn|[from] item: Leftovers\n|-damage|p1a: Bellibolt|186/320 brn|[from] brn\n|upkeep\n|turn|39\n|\n|t:|1732967048\n|move|p2a: Alomomola|Flip Turn|p1a: Bellibolt\n|-damage|p1a: Bellibolt|134/320 brn\n|-start|p1a: Bellibolt|Charge|Flip Turn|[from] ability: Electromorphosis\n|move|p1a: Bellibolt|Muddy Water|p2a: Alomomola\n|-damage|p2a: Alomomola|240/429\n|\n|-heal|p2a: Alomomola|266/429|[from] item: Leftovers\n|-heal|p1a: Bellibolt|154/320 brn|[from] item: Leftovers\n|-damage|p1a: Bellibolt|134/320 brn|[from] brn\n|upkeep\n|turn|40\n|\n|t:|1732967062\n|move|p2a: Alomomola|Flip Turn|p1a: Bellibolt|[miss]\n|-miss|p2a: Alomomola|p1a: Bellibolt\n|move|p1a: Bellibolt|Muddy Water|p2a: Alomomola\n|-damage|p2a: Alomomola|171/429\n|\n|-heal|p2a: Alomomola|197/429|[from] item: Leftovers\n|-heal|p1a: Bellibolt|154/320 brn|[from] item: Leftovers\n|-damage|p1a: Bellibolt|134/320 brn|[from] brn\n|upkeep\n|turn|41\n|\n|t:|1732967072\n|move|p2a: Alomomola|Wish|p2a: Alomomola\n|move|p1a: Bellibolt|Muddy Water|p2a: Alomomola|[miss]\n|-miss|p1a: Bellibolt|p2a: Alomomola\n|\n|-heal|p2a: Alomomola|223/429|[from] item: Leftovers\n|-heal|p1a: Bellibolt|154/320 brn|[from] item: Leftovers\n|-damage|p1a: Bellibolt|134/320 brn|[from] brn\n|upkeep\n|turn|42\n|\n|t:|1732967083\n|move|p2a: Alomomola|Flip Turn|p1a: Bellibolt\n|-damage|p1a: Bellibolt|77/320 brn\n|-start|p1a: Bellibolt|Charge|Flip Turn|[from] ability: Electromorphosis\n|move|p1a: Bellibolt|Muddy Water|p2a: Alomomola\n|-damage|p2a: Alomomola|128/429\n|\n|-heal|p2a: Alomomola|342/429|[from] move: Wish|[wisher] Alomomola\n|-heal|p2a: Alomomola|368/429|[from] item: Leftovers\n|-heal|p1a: Bellibolt|97/320 brn|[from] item: Leftovers\n|-damage|p1a: Bellibolt|77/320 brn|[from] brn\n|upkeep\n|turn|43\n|\n|t:|1732967096\n|move|p2a: Alomomola|Wish|p2a: Alomomola\n|move|p1a: Bellibolt|Slack Off|p1a: Bellibolt\n|-heal|p1a: Bellibolt|237/320 brn\n|\n|-heal|p2a: Alomomola|394/429|[from] item: Leftovers\n|-heal|p1a: Bellibolt|257/320 brn|[from] item: Leftovers\n|-damage|p1a: Bellibolt|237/320 brn|[from] brn\n|upkeep\n|turn|44\n|\n|t:|1732967107\n|move|p2a: Alomomola|Flip Turn|p1a: Bellibolt\n|-damage|p1a: Bellibolt|180/320 brn\n|-start|p1a: Bellibolt|Charge|Flip Turn|[from] ability: Electromorphosis\n|move|p1a: Bellibolt|Muddy Water|p2a: Alomomola\n|-damage|p2a: Alomomola|291/429\n|\n|-heal|p2a: Alomomola|429/429|[from] move: Wish|[wisher] Alomomola\n|-heal|p1a: Bellibolt|200/320 brn|[from] item: Leftovers\n|-damage|p1a: Bellibolt|180/320 brn|[from] brn\n|upkeep\n|turn|45\n|\n|t:|1732967127\n|move|p2a: Alomomola|Flip Turn|p1a: Bellibolt\n|-damage|p1a: Bellibolt|123/320 brn\n|-start|p1a: Bellibolt|Charge|Flip Turn|[from] ability: Electromorphosis\n|move|p1a: Bellibolt|Muddy Water|p2a: Alomomola\n|-damage|p2a: Alomomola|335/429\n|-unboost|p2a: Alomomola|accuracy|1\n|\n|-heal|p2a: Alomomola|361/429|[from] item: Leftovers\n|-heal|p1a: Bellibolt|143/320 brn|[from] item: Leftovers\n|-damage|p1a: Bellibolt|123/320 brn|[from] brn\n|upkeep\n|turn|46\n|\n|t:|1732967140\n|move|p2a: Alomomola|Flip Turn|p1a: Bellibolt|[miss]\n|-miss|p2a: Alomomola|p1a: Bellibolt\n|move|p1a: Bellibolt|Muddy Water|p2a: Alomomola\n|-damage|p2a: Alomomola|257/429\n|\n|-heal|p2a: Alomomola|283/429|[from] item: Leftovers\n|-heal|p1a: Bellibolt|143/320 brn|[from] item: Leftovers\n|-damage|p1a: Bellibolt|123/320 brn|[from] brn\n|upkeep\n|turn|47\n|\n|t:|1732967153\n|move|p2a: Alomomola|Wish|p2a: Alomomola\n|move|p1a: Bellibolt|Muddy Water|p2a: Alomomola\n|-damage|p2a: Alomomola|177/429\n|\n|-heal|p2a: Alomomola|203/429|[from] item: Leftovers\n|-heal|p1a: Bellibolt|143/320 brn|[from] item: Leftovers\n|-damage|p1a: Bellibolt|123/320 brn|[from] brn\n|upkeep\n|turn|48\n|\n|t:|1732967162\n|move|p2a: Alomomola|Flip Turn|p1a: Bellibolt\n|-damage|p1a: Bellibolt|72/320 brn\n|-start|p1a: Bellibolt|Charge|Flip Turn|[from] ability: Electromorphosis\n|move|p1a: Bellibolt|Slack Off|p1a: Bellibolt\n|-heal|p1a: Bellibolt|232/320 brn\n|\n|-heal|p2a: Alomomola|417/429|[from] move: Wish|[wisher] Alomomola\n|-heal|p2a: Alomomola|429/429|[from] item: Leftovers\n|-heal|p1a: Bellibolt|252/320 brn|[from] item: Leftovers\n|-damage|p1a: Bellibolt|232/320 brn|[from] brn\n|upkeep\n|turn|49\n|\n|t:|1732967177\n|move|p2a: Alomomola|Flip Turn|p1a: Bellibolt\n|-damage|p1a: Bellibolt|175/320 brn\n|-start|p1a: Bellibolt|Charge|Flip Turn|[from] ability: Electromorphosis\n|move|p1a: Bellibolt|Volt Switch|p2a: Alomomola\n|-damage|p2a: Alomomola|200/429\n|-end|p1a: Bellibolt|Charge|[silent]\n|\n|t:|1732967184\n|switch|p1a: Clodsire|Clodsire, L81, F|295/343 brn|[from] Volt Switch\n|\n|-heal|p2a: Alomomola|226/429|[from] item: Leftovers\n|-heal|p1a: Clodsire|316/343 brn|[from] item: Leftovers\n|-damage|p1a: Clodsire|295/343 brn|[from] brn\n|upkeep\n|turn|50\n|\n|t:|1732967196\n|move|p2a: Alomomola|Flip Turn|p1a: Clodsire\n|-supereffective|p1a: Clodsire\n|-damage|p1a: Clodsire|131/343 brn\n|move|p1a: Clodsire|Stealth Rock|p2a: Alomomola\n|-sidestart|p2: poplolpol|move: Stealth Rock\n|\n|-heal|p2a: Alomomola|252/429|[from] item: Leftovers\n|-heal|p1a: Clodsire|152/343 brn|[from] item: Leftovers\n|-damage|p1a: Clodsire|131/343 brn|[from] brn\n|upkeep\n|turn|51\n|\n|t:|1732967206\n|move|p2a: Alomomola|Flip Turn|p1a: Clodsire\n|-supereffective|p1a: Clodsire\n|-damage|p1a: Clodsire|0 fnt\n|faint|p1a: Clodsire\n|\n|-heal|p2a: Alomomola|278/429|[from] item: Leftovers\n|upkeep\n|\n|t:|1732967213\n|switch|p1a: Bellibolt|Bellibolt, L84, F|175/320 brn\n|turn|52\n|\n|t:|1732967221\n|move|p2a: Alomomola|Flip Turn|p1a: Bellibolt\n|-damage|p1a: Bellibolt|123/320 brn\n|-start|p1a: Bellibolt|Charge|Flip Turn|[from] ability: Electromorphosis\n|move|p1a: Bellibolt|Slack Off|p1a: Bellibolt\n|-heal|p1a: Bellibolt|283/320 brn\n|\n|-heal|p2a: Alomomola|304/429|[from] item: Leftovers\n|-heal|p1a: Bellibolt|303/320 brn|[from] item: Leftovers\n|-damage|p1a: Bellibolt|283/320 brn|[from] brn\n|upkeep\n|turn|53\n|\n|t:|1732967233\n|move|p2a: Alomomola|Scald|p1a: Bellibolt\n|-damage|p1a: Bellibolt|229/320 brn\n|-start|p1a: Bellibolt|Charge|Scald|[from] ability: Electromorphosis\n|move|p1a: Bellibolt|Thunderbolt|p2a: Alomomola\n|-damage|p2a: Alomomola|9/429\n|-end|p1a: Bellibolt|Charge|[silent]\n|\n|-heal|p2a: Alomomola|35/429|[from] item: Leftovers\n|-heal|p1a: Bellibolt|249/320 brn|[from] item: Leftovers\n|-damage|p1a: Bellibolt|229/320 brn|[from] brn\n|upkeep\n|turn|54\n|\n|t:|1732967245\n|move|p2a: Alomomola|Protect|p2a: Alomomola\n|-singleturn|p2a: Alomomola|Protect\n|move|p1a: Bellibolt|Slack Off|p1a: Bellibolt\n|-heal|p1a: Bellibolt|320/320 brn\n|\n|-heal|p2a: Alomomola|61/429|[from] item: Leftovers\n|-damage|p1a: Bellibolt|300/320 brn|[from] brn\n|upkeep\n|turn|55\n|\n|t:|1732967256\n|switch|p1a: Ogerpon|Ogerpon-Hearthflame, L74, F|239/239\n|-ability|p1a: Ogerpon|Mold Breaker\n|move|p2a: Alomomola|Wish|p2a: Alomomola\n|\n|-heal|p2a: Alomomola|87/429|[from] item: Leftovers\n|upkeep\n|turn|56\n|\n|t:|1732967264\n|move|p2a: Alomomola|Protect|p2a: Alomomola\n|-singleturn|p2a: Alomomola|Protect\n|move|p1a: Ogerpon|Swords Dance|p1a: Ogerpon\n|-boost|p1a: Ogerpon|atk|2\n|\n|-heal|p2a: Alomomola|301/429|[from] move: Wish|[wisher] Alomomola\n|-heal|p2a: Alomomola|327/429|[from] item: Leftovers\n|upkeep\n|turn|57\n|\n|t:|1732967274\n|move|p1a: Ogerpon|Swords Dance|p1a: Ogerpon\n|-boost|p1a: Ogerpon|atk|2\n|move|p2a: Alomomola|Scald|p1a: Ogerpon\n|-damage|p1a: Ogerpon|184/239\n|\n|-heal|p2a: Alomomola|353/429|[from] item: Leftovers\n|upkeep\n|turn|58\n|\n|t:|1732967285\n|move|p2a: Alomomola|Protect|p2a: Alomomola\n|-singleturn|p2a: Alomomola|Protect\n|move|p1a: Ogerpon|Swords Dance|p1a: Ogerpon\n|-boost|p1a: Ogerpon|atk|2\n|\n|-heal|p2a: Alomomola|379/429|[from] item: Leftovers\n|upkeep\n|turn|59\n|\n|t:|1732967293\n|move|p1a: Ogerpon|Knock Off|p2a: Alomomola\n|-damage|p2a: Alomomola|59/429\n|-enditem|p2a: Alomomola|Leftovers|[from] move: Knock Off|[of] p1a: Ogerpon\n|move|p2a: Alomomola|Flip Turn|p1a: Ogerpon\n|-damage|p1a: Ogerpon|121/239\n|\n|upkeep\n|turn|60\n|\n|t:|1732967301\n|switch|p1a: Bellibolt|Bellibolt, L84, F|300/320 brn\n|move|p2a: Alomomola|Protect||[still]\n|-fail|p2a: Alomomola\n|\n|-heal|p1a: Bellibolt|320/320 brn|[from] item: Leftovers\n|-damage|p1a: Bellibolt|300/320 brn|[from] brn\n|upkeep\n|turn|61\n|\n|t:|1732967311\n|move|p2a: Alomomola|Wish|p2a: Alomomola\n|move|p1a: Bellibolt|Slack Off|p1a: Bellibolt\n|-heal|p1a: Bellibolt|320/320 brn\n|\n|-damage|p1a: Bellibolt|300/320 brn|[from] brn\n|upkeep\n|turn|62\n|\n|t:|1732967321\n|switch|p1a: Ogerpon|Ogerpon-Hearthflame, L74, F|121/239\n|-ability|p1a: Ogerpon|Mold Breaker\n|move|p2a: Alomomola|Protect||[still]\n|-fail|p2a: Alomomola\n|\n|-heal|p2a: Alomomola|273/429|[from] move: Wish|[wisher] Alomomola\n|upkeep\n|turn|63\n|\n|t:|1732967331\n|move|p1a: Ogerpon|Knock Off|p2a: Alomomola\n|-damage|p2a: Alomomola|222/429\n|move|p2a: Alomomola|Scald|p1a: Ogerpon|[miss]\n|-miss|p2a: Alomomola|p1a: Ogerpon\n|\n|upkeep\n|turn|64\n|\n|t:|1732967338\n|move|p1a: Ogerpon|Knock Off|p2a: Alomomola\n|-damage|p2a: Alomomola|170/429\n|move|p2a: Alomomola|Wish|p2a: Alomomola\n|\n|upkeep\n|turn|65\n|\n|t:|1732967344\n|move|p1a: Ogerpon|Knock Off|p2a: Alomomola\n|-damage|p2a: Alomomola|112/429\n|move|p2a: Alomomola|Flip Turn|p1a: Ogerpon|[miss]\n|-miss|p2a: Alomomola|p1a: Ogerpon\n|\n|-heal|p2a: Alomomola|326/429|[from] move: Wish|[wisher] Alomomola\n|upkeep\n|turn|66\n|\n|t:|1732967353\n|move|p1a: Ogerpon|Knock Off|p2a: Alomomola\n|-damage|p2a: Alomomola|271/429\n|move|p2a: Alomomola|Wish|p2a: Alomomola\n|\n|upkeep\n|turn|67\n|\n|t:|1732967359\n|move|p1a: Ogerpon|Knock Off|p2a: Alomomola\n|-damage|p2a: Alomomola|213/429\n|move|p2a: Alomomola|Flip Turn|p1a: Ogerpon\n|-damage|p1a: Ogerpon|55/239\n|\n|-heal|p2a: Alomomola|427/429|[from] move: Wish|[wisher] Alomomola\n|upkeep\n|turn|68\n|\n|t:|1732967367\n|move|p1a: Ogerpon|Ivy Cudgel|p2a: Alomomola|[anim] Ivy Cudgel Fire\n|-supereffective|p2a: Alomomola\n|-damage|p2a: Alomomola|173/429\n|move|p2a: Alomomola|Scald|p1a: Ogerpon\n|-crit|p1a: Ogerpon\n|-damage|p1a: Ogerpon|0 fnt\n|faint|p1a: Ogerpon\n|\n|upkeep\n|\n|t:|1732967376\n|switch|p1a: Bellibolt|Bellibolt, L84, F|300/320 brn\n|turn|69\n|\n|t:|1732967386\n|move|p2a: Alomomola|Wish|p2a: Alomomola\n|move|p1a: Bellibolt|Volt Switch|p2a: Alomomola\n|-crit|p2a: Alomomola\n|-damage|p2a: Alomomola|0 fnt\n|faint|p2a: Alomomola\n|\n|win|xrr rewriting\n|raw|xrr rewriting's rating: 1247 &rarr; <strong>1270</strong><br />(+23 for winning)\n|raw|poplolpol's rating: 1218 &rarr; <strong>1195</strong><br />(-23 for losing)\n|c|\u2606poplolpol|Gg\n|c|\u2606xrr rewriting|\u620f\u800d\n", "inputlog": ">version b107d77f5c90bd6555267ae244a6264823309ead\n>start {\"formatid\":\"gen9randombattle\",\"seed\":[45043,15350,21456,28901],\"rated\":\"Rated battle\"}\n>player p1 {\"name\":\"xrr rewriting\",\"avatar\":\"266\",\"rating\":1247,\"seed\":[60566,17067,17712,56477]}\n>player p2 {\"name\":\"poplolpol\",\"avatar\":\"2\",\"rating\":1218,\"seed\":[51957,58840,26609,35206]}\n>p1 move calmmind\n>p2 switch 6\n>p1 move protect\n>p2 move thunderbolt\n>p1 move calmmind terastallize\n>p2 move thunderbolt\n>p1 move scald\n>p2 move hurricane\n>p2 switch 4\n>p1 move protect\n>p2 move psychic\n>p1 move calmmind\n>p2 move nastyplot\n>p1 move calmmind\n>p2 move psychic\n>p1 move protect\n>p2 move psychic\n>p1 move wish\n>p2 move psychic\n>p1 switch 5\n>p1 move knockoff\n>p2 move focusblast\n>p1 move knockoff\n>p2 move thunderbolt\n>p1 switch 3\n>p1 move leafstorm\n>p2 move psychic\n>p2 switch 6\n>p1 move glare\n>p2 move torchsong\n>p1 move dragonpulse\n>p2 move torchsong\n>p1 switch 4\n>p1 move toxicspikes\n>p2 move shadowball\n>p1 move earthquake\n>p2 move shadowball\n>p1 move earthquake\n>p2 move shadowball\n>p2 switch 3\n>p1 switch 2\n>p2 move rapidspin\n>p1 move thunderbolt\n>p2 move tripleaxel\n>p1 move slackoff\n>p2 move closecombat\n>p1 move slackoff\n>p2 move closecombat\n>p2 switch 5\n>p1 move thunderbolt\n>p2 move protect terastallize\n>p1 move voltswitch\n>p2 move flipturn\n>p2 switch 2\n>p1 switch 2\n>p2 switch 2\n>p1 move earthquake\n>p2 move scald\n>p1 move earthquake\n>p2 move scald\n>p1 move recover\n>p2 move scald\n>p1 move earthquake\n>p2 move wish\n>p1 switch 2\n>p2 move protect\n>p1 move thunderbolt\n>p2 move wish\n>p1 move muddywater\n>p2 move scald\n>p1 move muddywater\n>p2 move protect\n>p1 move muddywater\n>p2 move wish\n>p1 move muddywater\n>p2 move scald\n>p1 move muddywater\n>p2 move scald\n>p1 move muddywater\n>p2 move scald\n>p1 move slackoff\n>p2 move wish\n>p1 move muddywater\n>p2 move scald\n>p1 move muddywater\n>p2 move flipturn\n>p1 move muddywater\n>p2 move flipturn\n>p1 move muddywater\n>p2 move flipturn\n>p1 move muddywater\n>p2 move wish\n>p1 move muddywater\n>p2 move flipturn\n>p1 move slackoff\n>p2 move wish\n>p1 move muddywater\n>p2 move flipturn\n>p1 move muddywater\n>p2 move flipturn\n>p1 move muddywater\n>p2 move flipturn\n>p1 move muddywater\n>p2 move wish\n>p1 move slackoff\n>p2 move flipturn\n>p1 move voltswitch\n>p2 move flipturn\n>p1 switch 2\n>p1 move stealthrock\n>p2 move flipturn\n>p1 move earthquake\n>p2 move flipturn\n>p1 switch 2\n>p1 move slackoff\n>p2 move flipturn\n>p1 move thunderbolt\n>p2 move scald\n>p1 move slackoff\n>p2 move protect\n>p1 switch 6\n>p2 move wish\n>p1 move swordsdance\n>p2 move protect\n>p1 move swordsdance\n>p2 move scald\n>p1 move swordsdance\n>p2 move protect\n>p1 move knockoff\n>p2 move flipturn\n>p1 switch 6\n>p2 move protect\n>p1 move slackoff\n>p2 move wish\n>p1 switch 6\n>p2 move protect\n>p1 move knockoff\n>p2 move scald\n>p1 move knockoff\n>p2 move wish\n>p1 move knockoff\n>p2 move flipturn\n>p1 move knockoff\n>p2 move wish\n>p1 move knockoff\n>p2 move flipturn\n>p1 move ivycudgel\n>p2 move scald\n>p1 switch 6\n>p1 move voltswitch\n>p2 move wish", "uploadtime": 1732967417, "views": 2, "formatid": "gen9randombattle", "rating": 1195, "private": 0, "password": null}