{"id": "gen9randombattle-2254000008", "format": "[Gen 9] Random Battle", "players": ["rms value", "i hate swaggy"], "log": "|j|\u2606rms value\n|j|\u2606i hate swaggy\n|t:|1732978084\n|gametype|singles\n|player|p1|rms value|n|\n|player|p2|i hate swaggy|miku-grass|\n|teamsize|p1|6\n|teamsize|p2|6\n|gen|9\n|tier|[Gen 9] Random Battle\n|rule|Species Clause: Limit one of each Pok\u00e9mon\n|rule|HP Percentage Mod: HP is shown in percentages\n|rule|Sleep Clause Mod: Limit one foe put to sleep\n|rule|Illusion Level Mod: Illusion disguises the Pok\u00e9mon's true level\n|\n|t:|1732978084\n|start\n|switch|p1a: Orthworm|Orthworm, L88, M|266/266\n|switch|p2a: Girafarig|Girafarig, L89, F|269/269\n|turn|1\n|\n|t:|1732978113\n|switch|p1a: Banette|Banette, L93, M|270/270\n|-item|p2a: Girafarig|Eviolite|[from] ability: Frisk|[of] p1a: Banette\n|move|p2a: Girafarig|Nasty Plot|p2a: Girafarig\n|-boost|p2a: Girafarig|spa|2\n|\n|upkeep\n|turn|2\n|\n|t:|1732978128\n|move|p2a: Girafarig|Psychic|p1a: Banette\n|-damage|p1a: Banette|26/270\n|move|p1a: Banette|Thunder Wave|p2a: Girafarig|[miss]\n|-miss|p1a: Banette|p2a: Girafarig\n|\n|upkeep\n|turn|3\n|c|\u2606i hate swaggy|where prankster\n|c|\u2606i hate swaggy|gaming\n|\n|t:|1732978138\n|move|p2a: Girafarig|Psychic|p1a: Banette\n|-damage|p1a: Banette|0 fnt\n|faint|p1a: Banette\n|\n|upkeep\n|c|\u2606i hate swaggy|don't tell me\n|\n|t:|1732978180\n|switch|p1a: Pelipper|Pelipper, L86, F|243/243\n|-weather|RainDance|[from] ability: Drizzle|[of] p1a: Pelipper\n|turn|4\n|\n|t:|1732978196\n|move|p2a: Girafarig|Thunderbolt|p1a: Pelipper\n|-supereffective|p1a: Pelipper\n|-damage|p1a: Pelipper|0 fnt\n|faint|p1a: Pelipper\n|\n|-weather|RainDance|[upkeep]\n|upkeep\n|\n|t:|1732978203\n|switch|p1a: Calyrex|Calyrex-Ice, L72|263/263\n|-ability|p1a: Calyrex|As One\n|-ability|p1a: Calyrex|Unnerve\n|turn|5\n|c|\u2606i hate swaggy|omg this guy\n|\n|t:|1732978221\n|move|p2a: Girafarig|Thunderbolt|p1a: Calyrex\n|-damage|p1a: Calyrex|156/263\n|move|p1a: Calyrex|Agility|p1a: Calyrex\n|-boost|p1a: Calyrex|spe|2\n|\n|-weather|RainDance|[upkeep]\n|upkeep\n|turn|6\n|\n|t:|1732978229\n|move|p1a: Calyrex|Glacial Lance|p2a: Girafarig\n|-damage|p2a: Girafarig|152/269\n|move|p2a: Girafarig|Thunderbolt|p1a: Calyrex\n|-damage|p1a: Calyrex|40/263\n|\n|-weather|RainDance|[upkeep]\n|upkeep\n|turn|7\n|\n|t:|1732978234\n|move|p1a: Calyrex|Glacial Lance|p2a: Girafarig\n|-damage|p2a: Girafarig|35/269\n|move|p2a: Girafarig|Thunderbolt|p1a: Calyrex\n|-crit|p1a: Calyrex\n|-damage|p1a: Calyrex|0 fnt\n|faint|p1a: Calyrex\n|\n|-weather|RainDance|[upkeep]\n|upkeep\n|c|\u2606i hate swaggy|ate\n|\n|t:|1732978240\n|switch|p1a: Eternatus|Eternatus, L69|308/308\n|-ability|p1a: Eternatus|Pressure\n|turn|8\n|\n|t:|1732978248\n|move|p1a: Eternatus|Dynamax Cannon|p2a: Girafarig\n|-damage|p2a: Girafarig|0 fnt\n|faint|p2a: Girafarig\n|\n|-weather|none\n|upkeep\n|\n|t:|1732978270\n|switch|p2a: Sandy Shocks|Sandy Shocks, L80|267/267\n|turn|9\n|\n|t:|1732978279\n|switch|p1a: Orthworm|Orthworm, L88, M|266/266\n|move|p2a: Sandy Shocks|Thunder Wave|p1a: Orthworm\n|-status|p1a: Orthworm|par\n|\n|upkeep\n|turn|10\n|\n|t:|1732978286\n|move|p2a: Sandy Shocks|Thunderbolt|p1a: Orthworm\n|-damage|p1a: Orthworm|115/266 par\n|move|p1a: Orthworm|Body Press|p2a: Sandy Shocks\n|-damage|p2a: Sandy Shocks|186/267\n|\n|-heal|p2a: Sandy Shocks|202/267|[from] item: Leftovers\n|upkeep\n|turn|11\n|\n|t:|1732978292\n|move|p2a: Sandy Shocks|Thunderbolt|p1a: Orthworm\n|-damage|p1a: Orthworm|0 fnt\n|faint|p1a: Orthworm\n|\n|-heal|p2a: Sandy Shocks|218/267|[from] item: Leftovers\n|upkeep\n|c|\u2606i hate swaggy|will you only see 2 mons\n|\n|t:|1732978305\n|switch|p1a: Drifblim|Drifblim, L86, F|396/396\n|turn|12\n|\n|t:|1732978316\n|move|p2a: Sandy Shocks|Thunder Wave|p1a: Drifblim\n|-status|p1a: Drifblim|par\n|move|p1a: Drifblim|Shadow Ball|p2a: Sandy Shocks\n|-damage|p2a: Sandy Shocks|125/267\n|\n|-heal|p2a: Sandy Shocks|141/267|[from] item: Leftovers\n|upkeep\n|turn|13\n|\n|t:|1732978322\n|move|p2a: Sandy Shocks|Thunderbolt|p1a: Drifblim\n|-supereffective|p1a: Drifblim\n|-damage|p1a: Drifblim|90/396 par\n|-enditem|p1a: Drifblim|Sitrus Berry|[eat]\n|-heal|p1a: Drifblim|189/396 par|[from] item: Sitrus Berry\n|move|p1a: Drifblim|Shadow Ball|p2a: Sandy Shocks\n|-damage|p2a: Sandy Shocks|42/267\n|\n|-heal|p2a: Sandy Shocks|58/267|[from] item: Leftovers\n|upkeep\n|turn|14\n|\n|t:|1732978332\n|move|p2a: Sandy Shocks|Thunderbolt|p1a: Drifblim\n|-supereffective|p1a: Drifblim\n|-damage|p1a: Drifblim|0 fnt\n|faint|p1a: Drifblim\n|\n|-heal|p2a: Sandy Shocks|74/267|[from] item: Leftovers\n|upkeep\n|\n|t:|1732978333\n|switch|p1a: Eternatus|Eternatus, L69|308/308\n|-ability|p1a: Eternatus|Pressure\n|turn|15\n|\n|t:|1732978336\n|move|p1a: Eternatus|Dynamax Cannon|p2a: Sandy Shocks\n|-crit|p2a: Sandy Shocks\n|-damage|p2a: Sandy Shocks|0 fnt\n|faint|p2a: Sandy Shocks\n|-end|p2a: Sandy Shocks|Protosynthesis|[silent]\n|\n|upkeep\n|\n|t:|1732978349\n|switch|p2a: Pyroar|Pyroar, L88, F|295/295\n|-ability|p2a: Pyroar|Unnerve\n|turn|16\n|\n|t:|1732978357\n|move|p2a: Pyroar|Will-O-Wisp|p1a: Eternatus\n|-status|p1a: Eternatus|brn\n|move|p1a: Eternatus|Toxic|p2a: Pyroar\n|-status|p2a: Pyroar|tox\n|\n|-damage|p2a: Pyroar|277/295 tox|[from] psn\n|-damage|p1a: Eternatus|289/308 brn|[from] brn\n|upkeep\n|turn|17\n|\n|t:|1732978377\n|move|p2a: Pyroar|Work Up|p2a: Pyroar\n|-boost|p2a: Pyroar|atk|1\n|-boost|p2a: Pyroar|spa|1\n|move|p1a: Eternatus|Recover|p1a: Eternatus\n|-heal|p1a: Eternatus|308/308 brn\n|\n|-damage|p2a: Pyroar|241/295 tox|[from] psn\n|-damage|p1a: Eternatus|289/308 brn|[from] brn\n|upkeep\n|turn|18\n|\n|t:|1732978386\n|move|p2a: Pyroar|Hyper Voice|p1a: Eternatus\n|-crit|p1a: Eternatus\n|-damage|p1a: Eternatus|0 fnt\n|faint|p1a: Eternatus\n|\n|win|i hate swaggy\n|c|\u2606i hate swaggy|rip\n|l|\u2606rms value\n|player|p1|\n", "inputlog": ">version b107d77f5c90bd6555267ae244a6264823309ead\n>start {\"formatid\":\"gen9randombattle\",\"seed\":[56582,32217,15955,10350]}\n>player p1 {\"name\":\"rms value\",\"avatar\":\"n\",\"rating\":0,\"seed\":[46663,42232,48397,63029]}\n>player p2 {\"name\":\"i hate swaggy\",\"avatar\":\"miku-grass\",\"rating\":0,\"seed\":[37089,7797,16967,53682]}\n>p1 switch 6\n>p2 move nastyplot\n>p1 move thunderwave\n>p2 move psychic\n>chat \u2606i hate swaggy|where prankster\n>chat \u2606i hate swaggy|gaming\n>p1 move thunderwave\n>p2 move psychic\n>chat \u2606i hate swaggy|don't tell me\n>p1 switch 4\n>p1 move hydropump\n>p2 move thunderbolt\n>p1 switch 5\n>chat \u2606i hate swaggy|omg this guy\n>p1 move agility\n>p2 move thunderbolt\n>p1 move glaciallance\n>p2 move thunderbolt\n>p1 move glaciallance\n>p2 move thunderbolt\n>chat \u2606i hate swaggy|ate\n>p1 switch 2\n>p1 move dynamaxcannon\n>p2 move psychic\n>p2 switch 5\n>p1 switch 6\n>p2 move thunderwave\n>p1 move bodypress\n>p2 move thunderbolt\n>p1 move bodypress\n>p2 move thunderbolt\n>chat \u2606i hate swaggy|will you only see 2 mons\n>p1 switch 3\n>p1 move shadowball\n>p2 move thunderwave\n>p1 move shadowball\n>p2 move thunderbolt\n>p1 move shadowball\n>p2 move thunderbolt\n>p1 switch 6\n>p1 move dynamaxcannon\n>p2 move thunderwave\n>p2 switch 3\n>p1 move toxic\n>p2 move willowisp\n>p1 move recover\n>p2 move workup\n>p1 move dynamaxcannon\n>p2 move hypervoice", "uploadtime": 1732978397, "views": 1, "formatid": "gen9randombattle", "rating": null, "private": 0, "password": null}