{"id": "gen9randombattle-2254126904", "format": "[Gen 9] Random Battle", "players": ["ukujghkj", "flitxry"], "log": "|j|\u2606ukujghkj\n|j|\u2606flitxry\n|t:|1732994519\n|gametype|singles\n|player|p1|ukujghkj|red|1040\n|player|p2|flitxry|169|1000\n|teamsize|p1|6\n|teamsize|p2|6\n|gen|9\n|tier|[Gen 9] Random Battle\n|rated|\n|rule|Species Clause: Limit one of each Pok\u00e9mon\n|rule|HP Percentage Mod: HP is shown in percentages\n|rule|Sleep Clause Mod: Limit one foe put to sleep\n|rule|Illusion Level Mod: Illusion disguises the Pok\u00e9mon's true level\n|\n|t:|1732994519\n|start\n|switch|p1a: Dipplin|Dipplin, L88, M|284/284\n|switch|p2a: Florges|Florges-Blue, L85, F|271/271\n|turn|1\n|\n|t:|1732994540\n|switch|p1a: Suicune|Suicune, L82|298/298\n|-ability|p1a: Suicune|Pressure\n|move|p2a: Florges|Calm Mind|p2a: Florges\n|-boost|p2a: Florges|spa|1\n|-boost|p2a: Florges|spd|1\n|\n|upkeep\n|turn|2\n|\n|t:|1732994548\n|move|p1a: Suicune|Calm Mind|p1a: Suicune\n|-boost|p1a: Suicune|spa|1\n|-boost|p1a: Suicune|spd|1\n|move|p2a: Florges|Calm Mind|p2a: Florges\n|-boost|p2a: Florges|spa|1\n|-boost|p2a: Florges|spd|1\n|\n|upkeep\n|turn|3\n|\n|t:|1732994557\n|move|p1a: Suicune|Scald|p2a: Florges\n|-damage|p2a: Florges|235/271\n|move|p2a: Florges|Moonblast|p1a: Suicune\n|-damage|p1a: Suicune|163/298\n|\n|-heal|p1a: Suicune|181/298|[from] item: Leftovers\n|-heal|p2a: Florges|251/271|[from] item: Leftovers\n|upkeep\n|turn|4\n|\n|t:|1732994571\n|move|p1a: Suicune|Scald|p2a: Florges\n|-damage|p2a: Florges|215/271\n|-status|p2a: Florges|brn\n|move|p2a: Florges|Tera Blast|p1a: Suicune\n|-damage|p1a: Suicune|106/298\n|\n|-heal|p1a: Suicune|124/298|[from] item: Leftovers\n|-heal|p2a: Florges|231/271 brn|[from] item: Leftovers\n|-damage|p2a: Florges|215/271 brn|[from] brn\n|upkeep\n|turn|5\n|\n|t:|1732994584\n|move|p1a: Suicune|Calm Mind|p1a: Suicune\n|-boost|p1a: Suicune|spa|1\n|-boost|p1a: Suicune|spd|1\n|move|p2a: Florges|Moonblast|p1a: Suicune\n|-damage|p1a: Suicune|22/298\n|-unboost|p1a: Suicune|spa|1\n|\n|-heal|p1a: Suicune|40/298|[from] item: Leftovers\n|-heal|p2a: Florges|231/271 brn|[from] item: Leftovers\n|-damage|p2a: Florges|215/271 brn|[from] brn\n|upkeep\n|turn|6\n|\n|t:|1732994596\n|move|p1a: Suicune|Rest|p1a: Suicune\n|-status|p1a: Suicune|slp|[from] move: Rest\n|-heal|p1a: Suicune|298/298 slp|[silent]\n|move|p2a: Florges|Calm Mind|p2a: Florges\n|-boost|p2a: Florges|spa|1\n|-boost|p2a: Florges|spd|1\n|\n|-heal|p2a: Florges|231/271 brn|[from] item: Leftovers\n|-damage|p2a: Florges|215/271 brn|[from] brn\n|upkeep\n|turn|7\n|\n|t:|1732994608\n|cant|p1a: Suicune|slp\n|move|p1a: Suicune|Sleep Talk|p1a: Suicune\n|move|p1a: Suicune|Calm Mind|p1a: Suicune|[from]move: Sleep Talk\n|-boost|p1a: Suicune|spa|1\n|-boost|p1a: Suicune|spd|1\n|move|p2a: Florges|Moonblast|p1a: Suicune\n|-damage|p1a: Suicune|204/298 slp\n|\n|-heal|p1a: Suicune|222/298 slp|[from] item: Leftovers\n|-heal|p2a: Florges|231/271 brn|[from] item: Leftovers\n|-damage|p2a: Florges|215/271 brn|[from] brn\n|upkeep\n|turn|8\n|\n|t:|1732994625\n|cant|p1a: Suicune|slp\n|move|p1a: Suicune|Sleep Talk|p1a: Suicune\n|move|p1a: Suicune|Scald|p2a: Florges|[from]move: Sleep Talk\n|-damage|p2a: Florges|178/271 brn\n|move|p2a: Florges|Tera Blast|p1a: Suicune\n|-damage|p1a: Suicune|164/298 slp\n|\n|-heal|p1a: Suicune|182/298 slp|[from] item: Leftovers\n|-heal|p2a: Florges|194/271 brn|[from] item: Leftovers\n|-damage|p2a: Florges|178/271 brn|[from] brn\n|upkeep\n|turn|9\n|\n|t:|1732994640\n|-curestatus|p1a: Suicune|slp|[msg]\n|move|p1a: Suicune|Calm Mind|p1a: Suicune\n|-boost|p1a: Suicune|spa|1\n|-boost|p1a: Suicune|spd|1\n|move|p2a: Florges|Moonblast|p1a: Suicune\n|-damage|p1a: Suicune|101/298\n|\n|-heal|p1a: Suicune|119/298|[from] item: Leftovers\n|-heal|p2a: Florges|194/271 brn|[from] item: Leftovers\n|-damage|p2a: Florges|178/271 brn|[from] brn\n|upkeep\n|turn|10\n|\n|t:|1732994653\n|move|p1a: Suicune|Scald|p2a: Florges\n|-damage|p2a: Florges|129/271 brn\n|move|p2a: Florges|Moonblast|p1a: Suicune\n|-damage|p1a: Suicune|38/298\n|-unboost|p1a: Suicune|spa|1\n|\n|-heal|p1a: Suicune|56/298|[from] item: Leftovers\n|-heal|p2a: Florges|145/271 brn|[from] item: Leftovers\n|-damage|p2a: Florges|129/271 brn|[from] brn\n|upkeep\n|turn|11\n|\n|t:|1732994670\n|move|p1a: Suicune|Scald|p2a: Florges\n|-damage|p2a: Florges|90/271 brn\n|move|p2a: Florges|Moonblast|p1a: Suicune\n|-damage|p1a: Suicune|0 fnt\n|faint|p1a: Suicune\n|\n|-heal|p2a: Florges|106/271 brn|[from] item: Leftovers\n|-damage|p2a: Florges|90/271 brn|[from] brn\n|upkeep\n|\n|t:|1732994691\n|switch|p1a: Gallade|Gallade, L81, M|243/243\n|turn|12\n|\n|t:|1732994700\n|move|p2a: Florges|Moonblast|p1a: Gallade\n|-supereffective|p1a: Gallade\n|-damage|p1a: Gallade|0 fnt\n|faint|p1a: Gallade\n|\n|-heal|p2a: Florges|106/271 brn|[from] item: Leftovers\n|-damage|p2a: Florges|90/271 brn|[from] brn\n|upkeep\n|\n|t:|1732994705\n|switch|p1a: Iron Leaves|Iron Leaves, L80|275/275\n|turn|13\n|inactive|Battle timer is ON: inactive players will automatically lose when time's up. (requested by ukujghkj)\n|\n|t:|1732994714\n|move|p1a: Iron Leaves|Leaf Blade|p2a: Florges\n|-damage|p2a: Florges|0 fnt\n|faint|p2a: Florges\n|-damage|p1a: Iron Leaves|248/275|[from] item: Life Orb\n|\n|upkeep\n|\n|t:|1732994722\n|switch|p2a: Houndstone|Houndstone, L86, M|264/264\n|turn|14\n|\n|t:|1732994728\n|-end|p1a: Iron Leaves|Quark Drive|[silent]\n|switch|p1a: Mudsdale|Mudsdale, L84, F|305/305\n|move|p2a: Houndstone|Poltergeist|p1a: Mudsdale\n|-activate|p1a: Mudsdale|move: Poltergeist|Leftovers\n|-damage|p1a: Mudsdale|196/305\n|-ability|p1a: Mudsdale|Stamina|boost\n|-boost|p1a: Mudsdale|def|1\n|\n|-heal|p1a: Mudsdale|215/305|[from] item: Leftovers\n|upkeep\n|turn|15\n|\n|t:|1732994741\n|move|p2a: Houndstone|Body Press|p1a: Mudsdale\n|-damage|p1a: Mudsdale|180/305\n|-ability|p1a: Mudsdale|Stamina|boost\n|-boost|p1a: Mudsdale|def|1\n|move|p1a: Mudsdale|Stealth Rock|p2a: Houndstone\n|-sidestart|p2: flitxry|move: Stealth Rock\n|\n|-heal|p1a: Mudsdale|199/305|[from] item: Leftovers\n|upkeep\n|turn|16\n|inactive|ukujghkj has 120 seconds left.\n|n|!flitxry|flitxry\n|\n|t:|1732994784\n|-terastallize|p2a: Houndstone|Fighting\n|move|p2a: Houndstone|Body Press|p1a: Mudsdale\n|-damage|p1a: Mudsdale|157/305\n|-ability|p1a: Mudsdale|Stamina|boost\n|-boost|p1a: Mudsdale|def|1\n|move|p1a: Mudsdale|Earthquake|p2a: Houndstone\n|-damage|p2a: Houndstone|146/264\n|\n|-heal|p2a: Houndstone|162/264|[from] item: Leftovers\n|-heal|p1a: Mudsdale|176/305|[from] item: Leftovers\n|upkeep\n|turn|17\n|\n|t:|1732994798\n|switch|p2a: Charizard|Charizard, L85, F|271/271\n|move|p1a: Mudsdale|Body Press|p2a: Charizard\n|-resisted|p2a: Charizard\n|-damage|p2a: Charizard|192/271\n|\n|-heal|p1a: Mudsdale|195/305|[from] item: Leftovers\n|upkeep\n|turn|18\n|\n|t:|1732994812\n|move|p2a: Charizard|Will-O-Wisp|p1a: Mudsdale\n|-status|p1a: Mudsdale|brn\n|move|p1a: Mudsdale|Stone Edge|p2a: Charizard\n|-supereffective|p2a: Charizard\n|-damage|p2a: Charizard|0 fnt\n|faint|p2a: Charizard\n|\n|-heal|p1a: Mudsdale|214/305 brn|[from] item: Leftovers\n|-damage|p1a: Mudsdale|195/305 brn|[from] brn\n|upkeep\n|inactive|flitxry has 120 seconds left.\n|\n|t:|1732994840\n|switch|p2a: Armarouge|Armarouge, L80, F|267/267\n|-damage|p2a: Armarouge|201/267|[from] Stealth Rock\n|turn|19\n|\n|t:|1732994847\n|move|p2a: Armarouge|Energy Ball|p1a: Mudsdale\n|-supereffective|p1a: Mudsdale\n|-damage|p1a: Mudsdale|0 fnt\n|faint|p1a: Mudsdale\n|\n|upkeep\n|\n|t:|1732994852\n|switch|p1a: Lycanroc|Lycanroc, L86, F|269/269\n|turn|20\n|\n|t:|1732994855\n|move|p1a: Lycanroc|Stone Edge|p2a: Armarouge\n|-supereffective|p2a: Armarouge\n|-damage|p2a: Armarouge|0 fnt\n|faint|p2a: Armarouge\n|-damage|p1a: Lycanroc|243/269|[from] item: Life Orb\n|\n|upkeep\n|\n|t:|1732994863\n|switch|p2a: Rillaboom|Rillaboom, L79, M|288/288\n|-damage|p2a: Rillaboom|252/288|[from] Stealth Rock\n|-fieldstart|move: Grassy Terrain|[from] ability: Grassy Surge|[of] p2a: Rillaboom\n|turn|21\n|\n|t:|1732994870\n|switch|p1a: Dipplin|Dipplin, L88, M|284/284\n|move|p2a: Rillaboom|Wood Hammer|p1a: Dipplin\n|-resisted|p1a: Dipplin\n|-damage|p1a: Dipplin|250/284\n|-damage|p2a: Rillaboom|241/288|[from] Recoil\n|\n|-heal|p2a: Rillaboom|259/288|[from] Grassy Terrain\n|-heal|p1a: Dipplin|267/284|[from] Grassy Terrain\n|upkeep\n|turn|22\n|\n|t:|1732994882\n|switch|p2a: Latios|Latios, L78, M|253/253\n|-damage|p2a: Latios|222/253|[from] Stealth Rock\n|move|p1a: Dipplin|Dragon Pulse|p2a: Latios\n|-supereffective|p2a: Latios\n|-damage|p2a: Latios|46/253\n|\n|-heal|p1a: Dipplin|284/284|[from] Grassy Terrain\n|upkeep\n|turn|23\n|-message|flitxry forfeited.\n|\n|win|ukujghkj\n", "inputlog": ">version b107d77f5c90bd6555267ae244a6264823309ead\n>start {\"formatid\":\"gen9randombattle\",\"seed\":[22312,20618,33054,9962],\"rated\":\"Rated battle\"}\n>player p1 {\"name\":\"ukujghkj\",\"avatar\":\"red\",\"rating\":1040,\"seed\":[25213,65433,28238,23236]}\n>player p2 {\"name\":\"flitxry\",\"avatar\":\"169\",\"rating\":1000,\"seed\":[20616,4436,55227,56775]}\n>p1 switch 3\n>p2 move calmmind\n>p1 move calmmind\n>p2 move calmmind\n>p1 move scald\n>p2 move moonblast\n>p1 move scald\n>p2 move terablast\n>p1 move calmmind\n>p2 move moonblast\n>p1 move rest\n>p2 move calmmind\n>p1 move sleeptalk\n>p2 move moonblast\n>p1 move sleeptalk\n>p2 move terablast\n>p1 move calmmind\n>p2 move moonblast\n>p1 move scald\n>p2 move moonblast\n>p1 move scald\n>p2 move moonblast\n>p1 switch 5\n>p1 move psychocut\n>p2 move moonblast\n>p1 switch 4\n>p1 move leafblade\n>p2 move terablast\n>p2 switch 5\n>p1 switch 2\n>p2 move poltergeist\n>p1 move stealthrock\n>p2 move bodypress\n>chat \u2606flitxry|Your fucking ass dude turn your shit off u pussy\n>p1 move earthquake\n>p2 move bodypress terastallize\n>p1 move bodypress\n>p2 switch 3\n>p1 move stoneedge\n>p2 move willowisp\n>p2 switch 6\n>p1 move earthquake\n>p2 move energyball\n>p1 switch 6\n>p1 move stoneedge\n>p2 move energyball\n>p2 switch 4\n>p1 switch 3\n>p2 move woodhammer\n>p1 move dragonpulse\n>p2 switch 2\n>forcelose p2", "uploadtime": 1732994774, "views": 1, "formatid": "gen9randombattle", "rating": null, "private": 0, "password": null}