{"id": "gen9randombattle-2254091930", "format": "[Gen 9] Random Battle", "players": ["OCaue", "JORJIMDOPVP"], "log": "|j|\u2606OCaue\n|j|\u2606JORJIMDOPVP\n|t:|1732990255\n|gametype|singles\n|player|p1|OCaue|169|\n|player|p2|JORJIMDOPVP|ethan|\n|teamsize|p1|6\n|teamsize|p2|6\n|gen|9\n|tier|[Gen 9] Random Battle\n|rule|Species Clause: Limit one of each Pok\u00e9mon\n|rule|HP Percentage Mod: HP is shown in percentages\n|rule|Sleep Clause Mod: Limit one foe put to sleep\n|rule|Illusion Level Mod: Illusion disguises the Pok\u00e9mon's true level\n|\n|t:|1732990255\n|start\n|switch|p1a: Dialga|Dialga, L73|266/266\n|switch|p2a: Decidueye|Decidueye-Hisui, L87, F|295/295\n|-ability|p1a: Dialga|Pressure\n|turn|1\n|\n|t:|1732990275\n|move|p1a: Dialga|Fire Blast|p2a: Decidueye\n|-supereffective|p2a: Decidueye\n|-damage|p2a: Decidueye|139/295\n|move|p2a: Decidueye|Leaf Blade|p1a: Dialga\n|-resisted|p1a: Dialga\n|-damage|p1a: Dialga|242/266\n|\n|-heal|p1a: Dialga|258/266|[from] item: Leftovers\n|-heal|p2a: Decidueye|157/295|[from] item: Leftovers\n|upkeep\n|turn|2\n|\n|t:|1732990292\n|move|p1a: Dialga|Heavy Slam|p2a: Decidueye\n|-damage|p2a: Decidueye|37/295\n|move|p2a: Decidueye|Triple Arrows|p1a: Dialga\n|-supereffective|p1a: Dialga\n|-damage|p1a: Dialga|48/266\n|-unboost|p1a: Dialga|def|1\n|\n|-heal|p1a: Dialga|64/266|[from] item: Leftovers\n|-heal|p2a: Decidueye|55/295|[from] item: Leftovers\n|upkeep\n|turn|3\n|\n|t:|1732990302\n|move|p1a: Dialga|Fire Blast|p2a: Decidueye|[miss]\n|-miss|p1a: Dialga|p2a: Decidueye\n|move|p2a: Decidueye|Triple Arrows|p1a: Dialga\n|-supereffective|p1a: Dialga\n|-damage|p1a: Dialga|0 fnt\n|faint|p1a: Dialga\n|\n|-heal|p2a: Decidueye|73/295|[from] item: Leftovers\n|upkeep\n|\n|t:|1732990323\n|switch|p1a: Grumpig|Grumpig, L92, M|297/297\n|turn|4\n|\n|t:|1732990333\n|move|p1a: Grumpig|Earth Power|p2a: Decidueye\n|-resisted|p2a: Decidueye\n|-damage|p2a: Decidueye|40/295\n|move|p2a: Decidueye|U-turn|p1a: Grumpig\n|-supereffective|p1a: Grumpig\n|-damage|p1a: Grumpig|169/297\n|\n|t:|1732990364\n|switch|p2a: Froslass|Froslass, L87, F|263/263|[from] U-turn\n|\n|-heal|p1a: Grumpig|187/297|[from] item: Leftovers\n|upkeep\n|turn|5\n|\n|t:|1732990390\n|move|p2a: Froslass|Poltergeist|p1a: Grumpig\n|-activate|p1a: Grumpig|move: Poltergeist|Leftovers\n|-supereffective|p1a: Grumpig\n|-damage|p1a: Grumpig|0 fnt\n|faint|p1a: Grumpig\n|\n|upkeep\n|\n|t:|1732990400\n|switch|p1a: Primarina|Primarina, L83, F|268/268\n|turn|6\n|\n|t:|1732990409\n|move|p2a: Froslass|Triple Axel|p1a: Primarina\n|-resisted|p1a: Primarina\n|-damage|p1a: Primarina|256/268\n|-resisted|p1a: Primarina\n|-damage|p1a: Primarina|234/268\n|-resisted|p1a: Primarina\n|-damage|p1a: Primarina|198/268\n|-hitcount|p1a: Primarina|3\n|move|p1a: Primarina|Calm Mind|p1a: Primarina\n|-boost|p1a: Primarina|spa|1\n|-boost|p1a: Primarina|spd|1\n|\n|-heal|p1a: Primarina|214/268|[from] item: Leftovers\n|upkeep\n|turn|7\n|\n|t:|1732990423\n|move|p2a: Froslass|Spikes|p1a: Primarina\n|-sidestart|p1: OCaue|Spikes\n|move|p1a: Primarina|Calm Mind|p1a: Primarina\n|-boost|p1a: Primarina|spa|1\n|-boost|p1a: Primarina|spd|1\n|\n|-heal|p1a: Primarina|230/268|[from] item: Leftovers\n|upkeep\n|turn|8\n|\n|t:|1732990439\n|-terastallize|p2a: Froslass|Ice\n|move|p2a: Froslass|Triple Axel|p1a: Primarina\n|-resisted|p1a: Primarina\n|-damage|p1a: Primarina|215/268\n|-resisted|p1a: Primarina\n|-damage|p1a: Primarina|183/268\n|-resisted|p1a: Primarina\n|-damage|p1a: Primarina|139/268\n|-hitcount|p1a: Primarina|3\n|move|p1a: Primarina|Draining Kiss|p2a: Froslass\n|-damage|p2a: Froslass|112/263\n|-heal|p1a: Primarina|252/268|[from] drain|[of] p2a: Froslass\n|\n|-heal|p1a: Primarina|268/268|[from] item: Leftovers\n|upkeep\n|turn|9\n|\n|t:|1732990453\n|move|p2a: Froslass|Triple Axel|p1a: Primarina\n|-resisted|p1a: Primarina\n|-damage|p1a: Primarina|254/268\n|-resisted|p1a: Primarina\n|-damage|p1a: Primarina|222/268\n|-resisted|p1a: Primarina\n|-damage|p1a: Primarina|177/268\n|-hitcount|p1a: Primarina|3\n|move|p1a: Primarina|Calm Mind|p1a: Primarina\n|-boost|p1a: Primarina|spa|1\n|-boost|p1a: Primarina|spd|1\n|\n|-heal|p1a: Primarina|193/268|[from] item: Leftovers\n|upkeep\n|turn|10\n|\n|t:|1732990464\n|move|p2a: Froslass|Triple Axel|p1a: Primarina\n|-resisted|p1a: Primarina\n|-damage|p1a: Primarina|178/268\n|-resisted|p1a: Primarina\n|-damage|p1a: Primarina|147/268\n|-resisted|p1a: Primarina\n|-damage|p1a: Primarina|105/268\n|-hitcount|p1a: Primarina|3\n|move|p1a: Primarina|Draining Kiss|p2a: Froslass\n|-damage|p2a: Froslass|0 fnt\n|-heal|p1a: Primarina|189/268|[from] drain|[of] p2a: Froslass\n|faint|p2a: Froslass\n|\n|-heal|p1a: Primarina|205/268|[from] item: Leftovers\n|upkeep\n|\n|t:|1732990485\n|switch|p2a: Oricorio|Oricorio-Pom-Pom, L82, F|257/257\n|turn|11\n|\n|t:|1732990498\n|-terastallize|p1a: Primarina|Poison\n|move|p2a: Oricorio|Revelation Dance|p1a: Primarina\n|-damage|p1a: Primarina|175/268\n|move|p1a: Primarina|Calm Mind|p1a: Primarina\n|-boost|p1a: Primarina|spa|1\n|-boost|p1a: Primarina|spd|1\n|\n|-heal|p1a: Primarina|191/268|[from] item: Leftovers\n|upkeep\n|turn|12\n|\n|t:|1732990512\n|move|p2a: Oricorio|Quiver Dance|p2a: Oricorio\n|-boost|p2a: Oricorio|spa|1\n|-boost|p2a: Oricorio|spd|1\n|-boost|p2a: Oricorio|spe|1\n|move|p1a: Primarina|Draining Kiss|p2a: Oricorio\n|-damage|p2a: Oricorio|109/257\n|-heal|p1a: Primarina|268/268|[from] drain|[of] p2a: Oricorio\n|\n|upkeep\n|turn|13\n|\n|t:|1732990521\n|move|p2a: Oricorio|Roost|p2a: Oricorio\n|-heal|p2a: Oricorio|238/257\n|-singleturn|p2a: Oricorio|move: Roost\n|move|p1a: Primarina|Calm Mind|p1a: Primarina\n|-boost|p1a: Primarina|spa|1\n|-boost|p1a: Primarina|spd|1\n|\n|upkeep\n|turn|14\n|\n|t:|1732990528\n|move|p2a: Oricorio|Quiver Dance|p2a: Oricorio\n|-boost|p2a: Oricorio|spa|1\n|-boost|p2a: Oricorio|spd|1\n|-boost|p2a: Oricorio|spe|1\n|move|p1a: Primarina|Calm Mind|p1a: Primarina\n|-boost|p1a: Primarina|spa|1\n|-boost|p1a: Primarina|spd|1\n|\n|upkeep\n|turn|15\n|\n|t:|1732990540\n|move|p2a: Oricorio|Quiver Dance|p2a: Oricorio\n|-boost|p2a: Oricorio|spa|1\n|-boost|p2a: Oricorio|spd|1\n|-boost|p2a: Oricorio|spe|1\n|move|p1a: Primarina|Psychic|p2a: Oricorio\n|-damage|p2a: Oricorio|87/257\n|\n|upkeep\n|turn|16\n|\n|t:|1732990546\n|move|p2a: Oricorio|Hurricane|p1a: Primarina\n|-damage|p1a: Primarina|213/268\n|move|p1a: Primarina|Draining Kiss|p2a: Oricorio\n|-damage|p2a: Oricorio|0 fnt\n|-heal|p1a: Primarina|268/268|[from] drain|[of] p2a: Oricorio\n|faint|p2a: Oricorio\n|\n|upkeep\n|\n|t:|1732990556\n|switch|p2a: Grumpig|Grumpig, L92, M|297/297\n|turn|17\n|\n|t:|1732990562\n|move|p2a: Grumpig|Psychic|p1a: Primarina\n|-supereffective|p1a: Primarina\n|-damage|p1a: Primarina|202/268\n|move|p1a: Primarina|Draining Kiss|p2a: Grumpig\n|-damage|p2a: Grumpig|102/297\n|-heal|p1a: Primarina|268/268|[from] drain|[of] p2a: Grumpig\n|\n|upkeep\n|turn|18\n|\n|t:|1732990571\n|move|p2a: Grumpig|Psychic|p1a: Primarina\n|-supereffective|p1a: Primarina\n|-damage|p1a: Primarina|202/268\n|move|p1a: Primarina|Draining Kiss|p2a: Grumpig\n|-damage|p2a: Grumpig|0 fnt\n|-heal|p1a: Primarina|268/268|[from] drain|[of] p2a: Grumpig\n|faint|p2a: Grumpig\n|\n|upkeep\n|\n|t:|1732990583\n|switch|p2a: Decidueye|Decidueye-Hisui, L87, F|40/295\n|turn|19\n|\n|t:|1732990598\n|move|p2a: Decidueye|Leaf Blade|p1a: Primarina\n|-resisted|p1a: Primarina\n|-damage|p1a: Primarina|202/268\n|move|p1a: Primarina|Psychic|p2a: Decidueye\n|-supereffective|p2a: Decidueye\n|-damage|p2a: Decidueye|0 fnt\n|faint|p2a: Decidueye\n|\n|-heal|p1a: Primarina|218/268|[from] item: Leftovers\n|upkeep\n|\n|t:|1732990607\n|switch|p2a: Blastoise|Blastoise, L80, F|258/258\n|turn|20\n|\n|t:|1732990615\n|move|p2a: Blastoise|Hydro Pump|p1a: Primarina|[miss]\n|-miss|p2a: Blastoise|p1a: Primarina\n|move|p1a: Primarina|Draining Kiss|p2a: Blastoise\n|-damage|p2a: Blastoise|35/258\n|-heal|p1a: Primarina|268/268|[from] drain|[of] p2a: Blastoise\n|\n|upkeep\n|turn|21\n|\n|t:|1732990628\n|move|p2a: Blastoise|Hydro Pump|p1a: Primarina\n|-damage|p1a: Primarina|238/268\n|move|p1a: Primarina|Psychic|p2a: Blastoise\n|-crit|p2a: Blastoise\n|-damage|p2a: Blastoise|0 fnt\n|faint|p2a: Blastoise\n|\n|-heal|p1a: Primarina|254/268|[from] item: Leftovers\n|upkeep\n|\n|t:|1732990638\n|switch|p2a: Suicune|Suicune, L82|298/298\n|-ability|p2a: Suicune|Pressure\n|turn|22\n|\n|t:|1732990646\n|move|p2a: Suicune|Calm Mind|p2a: Suicune\n|-boost|p2a: Suicune|spa|1\n|-boost|p2a: Suicune|spd|1\n|move|p1a: Primarina|Psychic|p2a: Suicune\n|-damage|p2a: Suicune|120/298\n|\n|-heal|p2a: Suicune|138/298|[from] item: Leftovers\n|-heal|p1a: Primarina|268/268|[from] item: Leftovers\n|upkeep\n|turn|23\n|\n|t:|1732990655\n|move|p2a: Suicune|Rest|p2a: Suicune\n|-status|p2a: Suicune|slp|[from] move: Rest\n|-heal|p2a: Suicune|298/298 slp|[silent]\n|move|p1a: Primarina|Psychic|p2a: Suicune\n|-damage|p2a: Suicune|140/298 slp\n|\n|-heal|p2a: Suicune|158/298 slp|[from] item: Leftovers\n|upkeep\n|turn|24\n|\n|t:|1732990669\n|cant|p2a: Suicune|slp\n|move|p1a: Primarina|Psychic|p2a: Suicune\n|-damage|p2a: Suicune|0 fnt\n|faint|p2a: Suicune\n|\n|win|OCaue\n|l|\u2606JORJIMDOPVP\n|player|p2|\n", "inputlog": ">version b107d77f5c90bd6555267ae244a6264823309ead\n>start {\"formatid\":\"gen9randombattle\",\"seed\":[30884,4063,43031,45464]}\n>player p1 {\"name\":\"OCaue\",\"avatar\":\"169\",\"rating\":0,\"seed\":[7463,35232,53462,3939]}\n>player p2 {\"name\":\"JORJIMDOPVP\",\"avatar\":\"ethan\",\"rating\":0,\"seed\":[21461,63015,30816,43855]}\n>p1 move fireblast\n>p2 move leafblade\n>p1 move heavyslam\n>p2 move triplearrows\n>p1 move fireblast\n>p2 move triplearrows\n>p1 switch 5\n>p1 move earthpower\n>p2 move uturn\n>p2 switch 6\n>p1 move shadowball\n>p2 move poltergeist\n>p1 switch 2\n>p1 move calmmind\n>p2 move tripleaxel\n>p1 move calmmind\n>p2 move spikes\n>p1 move drainingkiss\n>p2 move tripleaxel terastallize\n>p1 move calmmind\n>p2 move tripleaxel\n>p1 move drainingkiss\n>p2 move tripleaxel\n>p2 switch 2\n>p1 move calmmind terastallize\n>p2 move revelationdance\n>p1 move drainingkiss\n>p2 move quiverdance\n>p1 move calmmind\n>p2 move roost\n>p1 move calmmind\n>p2 move quiverdance\n>p1 move psychic\n>p2 move quiverdance\n>p1 move drainingkiss\n>p2 move hurricane\n>p2 switch 5\n>p1 move drainingkiss\n>p2 move psychic\n>p1 move drainingkiss\n>p2 move psychic\n>p2 switch 6\n>p1 move psychic\n>p2 move leafblade\n>p2 switch 3\n>p1 move drainingkiss\n>p2 move hydropump\n>p1 move psychic\n>p2 move hydropump\n>p2 switch 4\n>p1 move psychic\n>p2 move calmmind\n>p1 move psychic\n>p2 move rest\n>p1 move psychic\n>p2 move scald", "uploadtime": 1732990694, "views": 34, "formatid": "gen9randombattle", "rating": null, "private": 0, "password": null}