{"id": "gen9randombattle-2253967325", "format": "[Gen 9] Random Battle", "players": ["kalrav", "traumatic shavest"], "log": "|j|\u2606kalrav\n|j|\u2606traumatic shavest\n|t:|1732972970\n|gametype|singles\n|player|p1|kalrav|169|1324\n|player|p2|traumatic shavest|1|1318\n|teamsize|p1|6\n|teamsize|p2|6\n|gen|9\n|tier|[Gen 9] Random Battle\n|rated|\n|rule|Species Clause: Limit one of each Pok\u00e9mon\n|rule|HP Percentage Mod: HP is shown in percentages\n|rule|Sleep Clause Mod: Limit one foe put to sleep\n|rule|Illusion Level Mod: Illusion disguises the Pok\u00e9mon's true level\n|\n|t:|1732972970\n|start\n|switch|p1a: Solgaleo|Solgaleo, L74|325/325\n|switch|p2a: Rotom|Rotom, L88|231/231\n|turn|1\n|\n|t:|1732972991\n|move|p2a: Rotom|Volt Switch|p1a: Solgaleo\n|-damage|p1a: Solgaleo|237/325\n|\n|t:|1732972994\n|switch|p2a: Gurdurr|Gurdurr, L85, M|283/283|[from] Volt Switch\n|move|p1a: Solgaleo|Flame Charge|p2a: Gurdurr\n|-damage|p2a: Gurdurr|258/283\n|-boost|p1a: Solgaleo|spe|1\n|\n|upkeep\n|turn|2\n|\n|t:|1732973015\n|switch|p1a: Chimecho|Chimecho, L94, M|293/293\n|move|p2a: Gurdurr|Knock Off|p1a: Chimecho\n|-supereffective|p1a: Chimecho\n|-damage|p1a: Chimecho|137/293\n|-enditem|p1a: Chimecho|Leftovers|[from] move: Knock Off|[of] p2a: Gurdurr\n|\n|upkeep\n|turn|3\n|\n|t:|1732973034\n|move|p1a: Chimecho|Dazzling Gleam|p2a: Gurdurr\n|-supereffective|p2a: Gurdurr\n|-damage|p2a: Gurdurr|114/283\n|move|p2a: Gurdurr|Knock Off|p1a: Chimecho\n|-supereffective|p1a: Chimecho\n|-damage|p1a: Chimecho|29/293\n|\n|upkeep\n|turn|4\n|\n|t:|1732973042\n|move|p2a: Gurdurr|Mach Punch|p1a: Chimecho\n|-resisted|p1a: Chimecho\n|-damage|p1a: Chimecho|7/293\n|move|p1a: Chimecho|Recover|p1a: Chimecho\n|-heal|p1a: Chimecho|154/293\n|\n|upkeep\n|turn|5\n|\n|t:|1732973051\n|move|p1a: Chimecho|Cosmic Power|p1a: Chimecho\n|-boost|p1a: Chimecho|def|1\n|-boost|p1a: Chimecho|spd|1\n|move|p2a: Gurdurr|Knock Off|p1a: Chimecho\n|-supereffective|p1a: Chimecho\n|-damage|p1a: Chimecho|88/293\n|\n|upkeep\n|turn|6\n|\n|t:|1732973080\n|switch|p2a: Rotom|Rotom, L88|231/231\n|move|p1a: Chimecho|Cosmic Power|p1a: Chimecho\n|-boost|p1a: Chimecho|def|1\n|-boost|p1a: Chimecho|spd|1\n|\n|upkeep\n|turn|7\n|\n|t:|1732973088\n|-terastallize|p1a: Chimecho|Steel\n|move|p2a: Rotom|Shadow Ball|p1a: Chimecho\n|-crit|p1a: Chimecho\n|-damage|p1a: Chimecho|0 fnt\n|faint|p1a: Chimecho\n|\n|upkeep\n|\n|t:|1732973097\n|switch|p1a: Cacturne|Cacturne, L92, F|278/278\n|turn|8\n|\n|t:|1732973121\n|switch|p2a: Gurdurr|Gurdurr, L85, M|114/283\n|move|p1a: Cacturne|Swords Dance|p1a: Cacturne\n|-boost|p1a: Cacturne|atk|2\n|\n|upkeep\n|turn|9\n|\n|t:|1732973129\n|move|p2a: Gurdurr|Mach Punch|p1a: Cacturne\n|-supereffective|p1a: Cacturne\n|-damage|p1a: Cacturne|158/278\n|move|p1a: Cacturne|Seed Bomb|p2a: Gurdurr\n|-damage|p2a: Gurdurr|0 fnt\n|faint|p2a: Gurdurr\n|-damage|p1a: Cacturne|131/278|[from] item: Life Orb\n|\n|upkeep\n|\n|t:|1732973149\n|switch|p2a: Inteleon|Inteleon, L81, M|246/246\n|turn|10\n|\n|t:|1732973163\n|move|p1a: Cacturne|Sucker Punch|p2a: Inteleon\n|-damage|p2a: Inteleon|0 fnt\n|faint|p2a: Inteleon\n|-damage|p1a: Cacturne|104/278|[from] item: Life Orb\n|\n|upkeep\n|\n|t:|1732973173\n|switch|p2a: Tornadus|Tornadus-Therian, L79, M|254/254\n|turn|11\n|\n|t:|1732973179\n|move|p1a: Cacturne|Sucker Punch||[still]\n|-fail|p1a: Cacturne\n|move|p2a: Tornadus|Nasty Plot|p2a: Tornadus\n|-boost|p2a: Tornadus|spa|2\n|\n|upkeep\n|turn|12\n|\n|t:|1732973183\n|move|p1a: Cacturne|Sucker Punch|p2a: Tornadus\n|-damage|p2a: Tornadus|0 fnt\n|faint|p2a: Tornadus\n|-damage|p1a: Cacturne|77/278|[from] item: Life Orb\n|\n|upkeep\n|\n|t:|1732973191\n|switch|p2a: Eternatus|Eternatus, L69|308/308\n|-ability|p2a: Eternatus|Pressure\n|turn|13\n|\n|t:|1732973197\n|move|p1a: Cacturne|Sucker Punch|p2a: Eternatus\n|-damage|p2a: Eternatus|0 fnt\n|-damage|p1a: Cacturne|31/278|[from] item: Rocky Helmet|[of] p2a: Eternatus\n|faint|p2a: Eternatus\n|-damage|p1a: Cacturne|4/278|[from] item: Life Orb\n|\n|upkeep\n|\n|t:|1732973203\n|switch|p2a: Jolteon|Jolteon, L84, M|246/246\n|turn|14\n|\n|t:|1732973216\n|move|p1a: Cacturne|Sucker Punch|p2a: Jolteon\n|-damage|p2a: Jolteon|0 fnt\n|faint|p2a: Jolteon\n|-damage|p1a: Cacturne|0 fnt|[from] item: Life Orb\n|faint|p1a: Cacturne\n|\n|upkeep\n|-message|traumatic shavest forfeited.\n|\n|win|kalrav\n|raw|kalrav's rating: 1324 &rarr; <strong>1344</strong><br />(+20 for winning)\n|raw|traumatic shavest's rating: 1318 &rarr; <strong>1298</strong><br />(-20 for losing)\n|l|\u2606traumatic shavest\n|player|p2|\n", "inputlog": ">version b107d77f5c90bd6555267ae244a6264823309ead\n>start {\"formatid\":\"gen9randombattle\",\"seed\":[2813,49758,47389,23272],\"rated\":\"Rated battle\"}\n>player p1 {\"name\":\"kalrav\",\"avatar\":\"169\",\"rating\":1324,\"seed\":[14219,1439,54701,39201]}\n>player p2 {\"name\":\"traumatic shavest\",\"avatar\":\"1\",\"rating\":1318,\"seed\":[14333,62201,42002,64497]}\n>p1 move flamecharge\n>p2 move voltswitch\n>p2 switch 6\n>p1 switch 3\n>p2 move knockoff\n>p1 move dazzlinggleam\n>p2 move knockoff\n>p1 move recover\n>p2 move machpunch\n>p1 move cosmicpower\n>p2 move knockoff\n>p1 move cosmicpower\n>p2 switch 6\n>p1 move recover terastallize\n>p2 move shadowball\n>p1 switch 2\n>p1 move swordsdance\n>p2 switch 6\n>p1 move seedbomb\n>p2 move machpunch\n>p2 switch 5\n>p1 move suckerpunch\n>p2 move uturn\n>p2 switch 2\n>p1 move suckerpunch\n>p2 move nastyplot\n>p1 move suckerpunch\n>p2 move bleakwindstorm\n>p2 switch 4\n>p1 move suckerpunch\n>p2 move flamethrower\n>p2 switch 3\n>p1 move suckerpunch\n>p2 move thunderbolt\n>forcelose p2", "uploadtime": 1732973230, "views": 2, "formatid": "gen9randombattle", "rating": 1298, "private": 0, "password": null}