{"id": "gen9randombattle-2254117053", "format": "[Gen 9] Random Battle", "players": ["DarkerRai", "NeverFreePalestine"], "log": "|j|\u2606DarkerRai\n|j|\u2606NeverFreePalestine\n|t:|1732993285\n|gametype|singles\n|player|p1|DarkerRai|101|1041\n|player|p2|NeverFreePalestine|policeman-gen4|1079\n|teamsize|p1|6\n|teamsize|p2|6\n|gen|9\n|tier|[Gen 9] Random Battle\n|rated|\n|rule|Species Clause: Limit one of each Pok\u00e9mon\n|rule|HP Percentage Mod: HP is shown in percentages\n|rule|Sleep Clause Mod: Limit one foe put to sleep\n|rule|Illusion Level Mod: Illusion disguises the Pok\u00e9mon's true level\n|\n|t:|1732993285\n|start\n|switch|p1a: Skuntank|Skuntank, L84, M|310/310\n|switch|p2a: Pachirisu|Pachirisu, L96, M|271/271\n|turn|1\n|\n|t:|1732993307\n|switch|p1a: Arbok|Arbok, L87, M|246/246\n|-ability|p1a: Arbok|Intimidate|boost\n|-unboost|p2a: Pachirisu|atk|1\n|move|p2a: Pachirisu|U-turn|p1a: Arbok\n|-resisted|p1a: Arbok\n|-damage|p1a: Arbok|232/246\n|\n|t:|1732993325\n|switch|p2a: Gallade|Gallade, L81, M|243/243|[from] U-turn\n|\n|-heal|p1a: Arbok|246/246|[from] item: Leftovers\n|upkeep\n|turn|2\n|inactive|Battle timer is ON: inactive players will automatically lose when time's up. (requested by NeverFreePalestine)\n|\n|t:|1732993367\n|switch|p1a: Noivern|Noivern, L82, F|274/274\n|move|p2a: Gallade|Psycho Cut|p1a: Noivern\n|-crit|p1a: Noivern\n|-damage|p1a: Noivern|0 fnt\n|faint|p1a: Noivern\n|-damage|p2a: Gallade|219/243|[from] item: Life Orb\n|\n|upkeep\n|\n|t:|1732993378\n|switch|p1a: Skuntank|Skuntank, L84, M|310/310\n|turn|3\n|\n|t:|1732993399\n|move|p1a: Skuntank|Knock Off|p2a: Gallade\n|-damage|p2a: Gallade|59/243\n|-enditem|p2a: Gallade|Life Orb|[from] move: Knock Off|[of] p1a: Skuntank\n|-damage|p1a: Skuntank|279/310|[from] item: Life Orb\n|move|p2a: Gallade|Sacred Sword|p1a: Skuntank\n|-damage|p1a: Skuntank|68/310\n|\n|upkeep\n|turn|4\n|\n|t:|1732993418\n|-terastallize|p2a: Gallade|Fighting\n|move|p1a: Skuntank|Knock Off|p2a: Gallade\n|-resisted|p2a: Gallade\n|-damage|p2a: Gallade|0 fnt\n|faint|p2a: Gallade\n|-damage|p1a: Skuntank|37/310|[from] item: Life Orb\n|\n|upkeep\n|inactive|NeverFreePalestine has 120 seconds left.\n|\n|t:|1732993429\n|switch|p2a: Meloetta|Meloetta, L82|298/298\n|turn|5\n|\n|t:|1732993458\n|move|p2a: Meloetta|Psyshock|p1a: Skuntank\n|-immune|p1a: Skuntank\n|move|p1a: Skuntank|Knock Off|p2a: Meloetta\n|-supereffective|p2a: Meloetta\n|-damage|p2a: Meloetta|0 fnt\n|-enditem|p2a: Meloetta|Choice Specs|[from] move: Knock Off|[of] p1a: Skuntank\n|faint|p2a: Meloetta\n|-damage|p1a: Skuntank|6/310|[from] item: Life Orb\n|\n|upkeep\n|inactive|NeverFreePalestine has 120 seconds left.\n|\n|t:|1732993479\n|switch|p2a: Krookodile|Krookodile, L80, M|283/283\n|-ability|p2a: Krookodile|Intimidate|boost\n|-unboost|p1a: Skuntank|atk|1\n|turn|6\n|\n|t:|1732993486\n|move|p2a: Krookodile|Earthquake|p1a: Skuntank\n|-supereffective|p1a: Skuntank\n|-damage|p1a: Skuntank|0 fnt\n|faint|p1a: Skuntank\n|-damage|p2a: Krookodile|255/283|[from] item: Life Orb\n|\n|upkeep\n|inactive|DarkerRai has 120 seconds left.\n|\n|t:|1732993517\n|switch|p1a: Gallade|Gallade, L81, M|243/243\n|turn|7\n|inactive|NeverFreePalestine has 120 seconds left.\n|\n|t:|1732993528\n|move|p2a: Krookodile|Knock Off|p1a: Gallade\n|-damage|p1a: Gallade|62/243\n|-enditem|p1a: Gallade|Life Orb|[from] move: Knock Off|[of] p2a: Krookodile\n|-damage|p2a: Krookodile|227/283|[from] item: Life Orb\n|move|p1a: Gallade|Sacred Sword|p2a: Krookodile\n|-supereffective|p2a: Krookodile\n|-damage|p2a: Krookodile|0 fnt\n|faint|p2a: Krookodile\n|\n|upkeep\n|inactive|NeverFreePalestine has 120 seconds left.\n|\n|t:|1732993547\n|switch|p2a: Pachirisu|Pachirisu, L96, M|271/271\n|turn|8\n|inactive|DarkerRai has 120 seconds left.\n|\n|t:|1732993562\n|move|p2a: Pachirisu|Thunderbolt|p1a: Gallade\n|-damage|p1a: Gallade|1/243\n|move|p1a: Gallade|Sacred Sword|p2a: Pachirisu\n|-damage|p2a: Pachirisu|99/271\n|\n|upkeep\n|turn|9\n|inactive|DarkerRai has 120 seconds left.\n|\n|t:|1732993578\n|switch|p1a: Terrakion|Terrakion, L79|273/273\n|move|p2a: Pachirisu|U-turn|p1a: Terrakion\n|-resisted|p1a: Terrakion\n|-damage|p1a: Terrakion|253/273\n|\n|t:|1732993599\n|switch|p2a: Vaporeon|Vaporeon, L86, M|364/364|[from] U-turn\n|\n|upkeep\n|turn|10\n|inactive|DarkerRai has 120 seconds left.\n|\n|t:|1732993622\n|-terastallize|p1a: Terrakion|Ground\n|move|p1a: Terrakion|Close Combat|p2a: Vaporeon\n|-damage|p2a: Vaporeon|117/364\n|-unboost|p1a: Terrakion|def|1\n|-unboost|p1a: Terrakion|spd|1\n|-damage|p1a: Terrakion|226/273|[from] item: Life Orb\n|move|p2a: Vaporeon|Scald|p1a: Terrakion\n|-supereffective|p1a: Terrakion\n|-damage|p1a: Terrakion|0 fnt\n|faint|p1a: Terrakion\n|\n|-heal|p2a: Vaporeon|139/364|[from] item: Leftovers\n|upkeep\n|\n|t:|1732993639\n|switch|p1a: Arbok|Arbok, L87, M|246/246\n|-ability|p1a: Arbok|Intimidate|boost\n|-unboost|p2a: Vaporeon|atk|1\n|turn|11\n|\n|t:|1732993651\n|move|p1a: Arbok|Gunk Shot|p2a: Vaporeon\n|-damage|p2a: Vaporeon|0 fnt\n|faint|p2a: Vaporeon\n|\n|upkeep\n|\n|t:|1732993666\n|switch|p2a: Pachirisu|Pachirisu, L96, M|99/271\n|turn|12\n|\n|t:|1732993674\n|move|p2a: Pachirisu|U-turn|p1a: Arbok\n|-resisted|p1a: Arbok\n|-damage|p1a: Arbok|225/246\n|\n|t:|1732993677\n|switch|p2a: Torkoal|Torkoal, L88, F|266/266|[from] U-turn\n|-weather|SunnyDay|[from] ability: Drought|[of] p2a: Torkoal\n|move|p1a: Arbok|Earthquake|p2a: Torkoal\n|-supereffective|p2a: Torkoal\n|-damage|p2a: Torkoal|162/266\n|\n|-weather|SunnyDay|[upkeep]\n|-heal|p1a: Arbok|240/246|[from] item: Leftovers\n|upkeep\n|turn|13\n|inactive|DarkerRai has 120 seconds left.\n|inactive|NeverFreePalestine has 90 seconds left.\n|\n|t:|1732993708\n|move|p1a: Arbok|Earthquake|p2a: Torkoal\n|-supereffective|p2a: Torkoal\n|-damage|p2a: Torkoal|64/266\n|move|p2a: Torkoal|Solar Beam||[still]\n|-prepare|p2a: Torkoal|Solar Beam\n|-anim|p2a: Torkoal|Solar Beam|p1a: Arbok\n|-resisted|p1a: Arbok\n|-damage|p1a: Arbok|198/246\n|\n|-weather|SunnyDay|[upkeep]\n|-heal|p1a: Arbok|213/246|[from] item: Leftovers\n|upkeep\n|turn|14\n|inactive|DarkerRai has 120 seconds left.\n|inactive|NeverFreePalestine has 90 seconds left.\n|\n|t:|1732993719\n|move|p1a: Arbok|Earthquake|p2a: Torkoal\n|-supereffective|p2a: Torkoal\n|-damage|p2a: Torkoal|0 fnt\n|faint|p2a: Torkoal\n|\n|-weather|SunnyDay|[upkeep]\n|-heal|p1a: Arbok|228/246|[from] item: Leftovers\n|upkeep\n|inactive|NeverFreePalestine has 90 seconds left.\n|c|\u2606NeverFreePalestine|I may have lsot\n|c|\u2606NeverFreePalestine|lost*\n|c|\u2606NeverFreePalestine|vut\n|c|\u2606DarkerRai|free palestine bitch\n|c|\u2606NeverFreePalestine|Israel\n|c|\u2606NeverFreePalestine|will never lose\n|c|\u2606DarkerRai|but you lost\n|inactive|NeverFreePalestine has 60 seconds left.\n|c|\u2606DarkerRai|:sob:\n|c|\u2606DarkerRai|kms\n|c|\u2606NeverFreePalestine|ISRAEL WILL FOREVER WIN\n|c|\u2606DarkerRai|stfu\n|c|\u2606DarkerRai|lol\n|c|\u2606NeverFreePalestine|I DONT CARE ABOUT POKEMON BECAUSE ISRAEL SHALL WIN\n|\n|t:|1732993780\n|switch|p2a: Pachirisu|Pachirisu, L96, M|99/271\n|turn|15\n|c|\u2606DarkerRai|fuck isreal\n|c|\u2606DarkerRai|word to my mother\n|inactive|DarkerRai has 120 seconds left.\n|\n|t:|1732993792\n|move|p2a: Pachirisu|Thunderbolt|p1a: Arbok\n|-damage|p1a: Arbok|147/246\n|move|p1a: Arbok|Earthquake|p2a: Pachirisu\n|-supereffective|p2a: Pachirisu\n|-damage|p2a: Pachirisu|0 fnt\n|faint|p2a: Pachirisu\n|\n|win|DarkerRai\n", "inputlog": ">version b107d77f5c90bd6555267ae244a6264823309ead\n>start {\"formatid\":\"gen9randombattle\",\"seed\":[14064,28776,25906,55104],\"rated\":\"Rated battle\"}\n>player p1 {\"name\":\"DarkerRai\",\"avatar\":\"101\",\"rating\":1041,\"seed\":[63167,12517,3606,33037]}\n>player p2 {\"name\":\"NeverFreePalestine\",\"avatar\":\"policeman-gen4\",\"rating\":1079,\"seed\":[6161,39341,6140,15599]}\n>p1 switch 5\n>p2 move uturn\n>p2 switch 6\n>p1 switch 6\n>p2 move psychocut\n>p1 switch 5\n>p1 move knockoff\n>p2 move sacredsword\n>p1 move knockoff\n>p2 move sacredsword terastallize\n>p2 switch 2\n>p1 move knockoff\n>p2 move psyshock\n>p2 switch 3\n>p1 move gunkshot\n>p2 move earthquake\n>p1 switch 4\n>p1 move sacredsword\n>p2 move knockoff\n>p2 switch 6\n>p1 move sacredsword\n>p2 move thunderbolt\n>p1 switch 2\n>p2 move uturn\n>p2 switch 4\n>p1 move closecombat terastallize\n>p2 move scald\n>p1 switch 6\n>p1 move gunkshot\n>p2 move wish\n>p2 switch 4\n>p1 move earthquake\n>p2 move uturn\n>p2 switch 5\n>p1 move earthquake\n>p2 move solarbeam\n>p1 move earthquake\n>p2 move lavaplume\n>chat \u2606NeverFreePalestine|I may have lsot\n>chat \u2606NeverFreePalestine|lost*\n>chat \u2606NeverFreePalestine|vut\n>chat \u2606DarkerRai|free palestine bitch\n>chat \u2606NeverFreePalestine|Israel\n>chat \u2606NeverFreePalestine|will never lose\n>chat \u2606DarkerRai|but you lost \n>chat \u2606DarkerRai|:sob:\n>chat \u2606DarkerRai|kms\n>chat \u2606NeverFreePalestine|ISRAEL WILL FOREVER WIN\n>chat \u2606DarkerRai|nigga\n>chat \u2606DarkerRai|stfu\n>chat \u2606DarkerRai|lol\n>chat \u2606NeverFreePalestine|I DONT CARE ABOUT POKEMON BECAUSE ISRAEL SHALL WIN\n>p2 switch 5\n>chat \u2606DarkerRai|fuck isreal \n>chat \u2606DarkerRai|word to my mother\n>p1 move earthquake\n>p2 move thunderbolt", "uploadtime": 1732993786, "views": 1, "formatid": "gen9randombattle", "rating": null, "private": 0, "password": null}