{"id": "gen9randombattle-2254107608", "format": "[Gen 9] Random Battle", "players": ["Gorzanox", "randomperson02"], "log": "|j|\u2606Gorzanox\n|j|\u2606randomperson02\n|t:|1732992159\n|gametype|singles\n|player|p1|Gorzanox|flint|1549\n|player|p2|randomperson02|170|1573\n|teamsize|p1|6\n|teamsize|p2|6\n|gen|9\n|tier|[Gen 9] Random Battle\n|rated|\n|rule|Species Clause: Limit one of each Pok\u00e9mon\n|rule|HP Percentage Mod: HP is shown in percentages\n|rule|Sleep Clause Mod: Limit one foe put to sleep\n|rule|Illusion Level Mod: Illusion disguises the Pok\u00e9mon's true level\n|\n|t:|1732992159\n|start\n|switch|p1a: Hatterene|Hatterene, L85, F|236/236\n|switch|p2a: Slither Wing|Slither Wing, L81|270/270\n|turn|1\n|inactive|Battle timer is ON: inactive players will automatically lose when time's up. (requested by randomperson02)\n|\n|t:|1732992203\n|-end|p2a: Slither Wing|Protosynthesis|[silent]\n|switch|p2a: Gothitelle|Gothitelle, L90, F|272/272\n|move|p1a: Hatterene|Psychic|p2a: Gothitelle\n|-resisted|p2a: Gothitelle\n|-damage|p2a: Gothitelle|225/272\n|\n|-heal|p2a: Gothitelle|242/272|[from] item: Leftovers\n|upkeep\n|turn|2\n|\n|t:|1732992215\n|move|p2a: Gothitelle|Calm Mind|p2a: Gothitelle\n|-boost|p2a: Gothitelle|spa|1\n|-boost|p2a: Gothitelle|spd|1\n|move|p1a: Hatterene|Nuzzle|p2a: Gothitelle\n|-damage|p2a: Gothitelle|229/272\n|-status|p2a: Gothitelle|par\n|\n|-heal|p2a: Gothitelle|246/272 par|[from] item: Leftovers\n|upkeep\n|turn|3\n|\n|t:|1732992225\n|move|p1a: Hatterene|Mystical Fire|p2a: Gothitelle\n|-damage|p2a: Gothitelle|207/272 par\n|-unboost|p2a: Gothitelle|spa|1\n|move|p2a: Gothitelle|Calm Mind|p2a: Gothitelle\n|-boost|p2a: Gothitelle|spa|1\n|-boost|p2a: Gothitelle|spd|1\n|\n|-heal|p2a: Gothitelle|224/272 par|[from] item: Leftovers\n|upkeep\n|turn|4\n|\n|t:|1732992238\n|move|p1a: Hatterene|Mystical Fire|p2a: Gothitelle\n|-damage|p2a: Gothitelle|195/272 par\n|-unboost|p2a: Gothitelle|spa|1\n|move|p2a: Gothitelle|Calm Mind|p2a: Gothitelle\n|-boost|p2a: Gothitelle|spa|1\n|-boost|p2a: Gothitelle|spd|1\n|\n|-heal|p2a: Gothitelle|212/272 par|[from] item: Leftovers\n|upkeep\n|turn|5\n|\n|t:|1732992246\n|move|p1a: Hatterene|Mystical Fire|p2a: Gothitelle\n|-damage|p2a: Gothitelle|186/272 par\n|-unboost|p2a: Gothitelle|spa|1\n|move|p2a: Gothitelle|Calm Mind|p2a: Gothitelle\n|-boost|p2a: Gothitelle|spa|1\n|-boost|p2a: Gothitelle|spd|1\n|\n|-heal|p2a: Gothitelle|203/272 par|[from] item: Leftovers\n|upkeep\n|turn|6\n|\n|t:|1732992253\n|move|p1a: Hatterene|Mystical Fire|p2a: Gothitelle\n|-damage|p2a: Gothitelle|181/272 par\n|-unboost|p2a: Gothitelle|spa|1\n|cant|p2a: Gothitelle|par\n|\n|-heal|p2a: Gothitelle|198/272 par|[from] item: Leftovers\n|upkeep\n|turn|7\n|\n|t:|1732992276\n|move|p1a: Hatterene|Mystical Fire|p2a: Gothitelle\n|-damage|p2a: Gothitelle|178/272 par\n|-unboost|p2a: Gothitelle|spa|1\n|move|p2a: Gothitelle|Calm Mind|p2a: Gothitelle\n|-boost|p2a: Gothitelle|spa|1\n|-boost|p2a: Gothitelle|spd|1\n|\n|-heal|p2a: Gothitelle|195/272 par|[from] item: Leftovers\n|upkeep\n|turn|8\n|\n|t:|1732992284\n|move|p1a: Hatterene|Mystical Fire|p2a: Gothitelle\n|-damage|p2a: Gothitelle|178/272 par\n|-unboost|p2a: Gothitelle|spa|1\n|move|p2a: Gothitelle|Calm Mind|p2a: Gothitelle\n|-boost|p2a: Gothitelle|spa|1\n|-boost|p2a: Gothitelle|spd|1\n|\n|-heal|p2a: Gothitelle|195/272 par|[from] item: Leftovers\n|upkeep\n|turn|9\n|\n|t:|1732992291\n|move|p1a: Hatterene|Mystical Fire|p2a: Gothitelle\n|-damage|p2a: Gothitelle|179/272 par\n|-unboost|p2a: Gothitelle|spa|1\n|move|p2a: Gothitelle|Dark Pulse|p1a: Hatterene\n|-damage|p1a: Hatterene|208/236\n|\n|-heal|p2a: Gothitelle|196/272 par|[from] item: Leftovers\n|upkeep\n|turn|10\n|\n|t:|1732992303\n|move|p1a: Hatterene|Draining Kiss|p2a: Gothitelle\n|-damage|p2a: Gothitelle|181/272 par\n|-heal|p1a: Hatterene|219/236|[from] drain|[of] p2a: Gothitelle\n|move|p2a: Gothitelle|Calm Mind|p2a: Gothitelle\n|-boost|p2a: Gothitelle|spa|1\n|-boost|p2a: Gothitelle|spd|0\n|\n|-heal|p2a: Gothitelle|198/272 par|[from] item: Leftovers\n|upkeep\n|turn|11\n|\n|t:|1732992317\n|move|p1a: Hatterene|Psychic|p2a: Gothitelle\n|-resisted|p2a: Gothitelle\n|-damage|p2a: Gothitelle|186/272 par\n|cant|p2a: Gothitelle|par\n|\n|-heal|p2a: Gothitelle|203/272 par|[from] item: Leftovers\n|upkeep\n|turn|12\n|inactive|randomperson02 has 120 seconds left.\n|\n|t:|1732992366\n|move|p1a: Hatterene|Psychic|p2a: Gothitelle\n|-resisted|p2a: Gothitelle\n|-damage|p2a: Gothitelle|191/272 par\n|move|p2a: Gothitelle|Dark Pulse|p1a: Hatterene\n|-damage|p1a: Hatterene|183/236\n|\n|-heal|p2a: Gothitelle|208/272 par|[from] item: Leftovers\n|upkeep\n|turn|13\n|\n|t:|1732992374\n|move|p1a: Hatterene|Mystical Fire|p2a: Gothitelle\n|-damage|p2a: Gothitelle|192/272 par\n|-unboost|p2a: Gothitelle|spa|1\n|cant|p2a: Gothitelle|par\n|\n|-heal|p2a: Gothitelle|209/272 par|[from] item: Leftovers\n|upkeep\n|turn|14\n|\n|t:|1732992382\n|move|p1a: Hatterene|Mystical Fire|p2a: Gothitelle\n|-damage|p2a: Gothitelle|194/272 par\n|-unboost|p2a: Gothitelle|spa|1\n|move|p2a: Gothitelle|Calm Mind|p2a: Gothitelle\n|-boost|p2a: Gothitelle|spa|1\n|-boost|p2a: Gothitelle|spd|0\n|\n|-heal|p2a: Gothitelle|211/272 par|[from] item: Leftovers\n|upkeep\n|turn|15\n|inactive|randomperson02 has 120 seconds left.\n|\n|t:|1732992390\n|move|p1a: Hatterene|Mystical Fire|p2a: Gothitelle\n|-damage|p2a: Gothitelle|197/272 par\n|-unboost|p2a: Gothitelle|spa|1\n|cant|p2a: Gothitelle|par\n|\n|-heal|p2a: Gothitelle|214/272 par|[from] item: Leftovers\n|upkeep\n|turn|16\n|\n|t:|1732992399\n|move|p1a: Hatterene|Draining Kiss|p2a: Gothitelle\n|-damage|p2a: Gothitelle|199/272 par\n|-heal|p1a: Hatterene|194/236|[from] drain|[of] p2a: Gothitelle\n|move|p2a: Gothitelle|Psychic Noise|p1a: Hatterene\n|-resisted|p1a: Hatterene\n|-damage|p1a: Hatterene|180/236\n|-start|p1a: Hatterene|move: Heal Block\n|\n|-heal|p2a: Gothitelle|216/272 par|[from] item: Leftovers\n|upkeep\n|turn|17\n|\n|t:|1732992410\n|move|p1a: Hatterene|Psychic|p2a: Gothitelle\n|-resisted|p2a: Gothitelle\n|-damage|p2a: Gothitelle|203/272 par\n|move|p2a: Gothitelle|Dark Pulse|p1a: Hatterene\n|-damage|p1a: Hatterene|162/236\n|\n|-heal|p2a: Gothitelle|220/272 par|[from] item: Leftovers\n|-end|p1a: Hatterene|move: Heal Block\n|upkeep\n|turn|18\n|\n|t:|1732992418\n|move|p1a: Hatterene|Psychic|p2a: Gothitelle\n|-resisted|p2a: Gothitelle\n|-damage|p2a: Gothitelle|206/272 par\n|move|p2a: Gothitelle|Calm Mind|p2a: Gothitelle\n|-boost|p2a: Gothitelle|spa|1\n|-boost|p2a: Gothitelle|spd|0\n|\n|-heal|p2a: Gothitelle|223/272 par|[from] item: Leftovers\n|upkeep\n|turn|19\n|\n|t:|1732992424\n|move|p1a: Hatterene|Psychic|p2a: Gothitelle\n|-resisted|p2a: Gothitelle\n|-damage|p2a: Gothitelle|209/272 par\n|move|p2a: Gothitelle|Calm Mind|p2a: Gothitelle\n|-boost|p2a: Gothitelle|spa|1\n|-boost|p2a: Gothitelle|spd|0\n|\n|-heal|p2a: Gothitelle|226/272 par|[from] item: Leftovers\n|upkeep\n|turn|20\n|\n|t:|1732992434\n|move|p1a: Hatterene|Nuzzle|p2a: Gothitelle\n|-damage|p2a: Gothitelle|213/272 par\n|move|p2a: Gothitelle|Calm Mind|p2a: Gothitelle\n|-boost|p2a: Gothitelle|spa|1\n|-boost|p2a: Gothitelle|spd|0\n|\n|-heal|p2a: Gothitelle|230/272 par|[from] item: Leftovers\n|upkeep\n|turn|21\n|\n|t:|1732992438\n|move|p1a: Hatterene|Mystical Fire|p2a: Gothitelle\n|-damage|p2a: Gothitelle|215/272 par\n|-unboost|p2a: Gothitelle|spa|1\n|cant|p2a: Gothitelle|par\n|\n|-heal|p2a: Gothitelle|232/272 par|[from] item: Leftovers\n|upkeep\n|turn|22\n|\n|t:|1732992445\n|move|p1a: Hatterene|Psychic|p2a: Gothitelle\n|-resisted|p2a: Gothitelle\n|-damage|p2a: Gothitelle|218/272 par\n|move|p2a: Gothitelle|Calm Mind|p2a: Gothitelle\n|-boost|p2a: Gothitelle|spa|1\n|-boost|p2a: Gothitelle|spd|0\n|\n|-heal|p2a: Gothitelle|235/272 par|[from] item: Leftovers\n|upkeep\n|turn|23\n|\n|t:|1732992452\n|move|p1a: Hatterene|Mystical Fire|p2a: Gothitelle\n|-damage|p2a: Gothitelle|220/272 par\n|-unboost|p2a: Gothitelle|spa|1\n|move|p2a: Gothitelle|Dark Pulse|p1a: Hatterene\n|-damage|p1a: Hatterene|123/236\n|\n|-heal|p2a: Gothitelle|237/272 par|[from] item: Leftovers\n|upkeep\n|turn|24\n|\n|t:|1732992459\n|move|p1a: Hatterene|Draining Kiss|p2a: Gothitelle\n|-damage|p2a: Gothitelle|221/272 par\n|-heal|p1a: Hatterene|135/236|[from] drain|[of] p2a: Gothitelle\n|move|p2a: Gothitelle|Calm Mind|p2a: Gothitelle\n|-boost|p2a: Gothitelle|spa|1\n|-boost|p2a: Gothitelle|spd|0\n|\n|-heal|p2a: Gothitelle|238/272 par|[from] item: Leftovers\n|upkeep\n|turn|25\n|\n|t:|1732992466\n|move|p1a: Hatterene|Draining Kiss|p2a: Gothitelle\n|-damage|p2a: Gothitelle|222/272 par\n|-heal|p1a: Hatterene|147/236|[from] drain|[of] p2a: Gothitelle\n|cant|p2a: Gothitelle|par\n|\n|-heal|p2a: Gothitelle|239/272 par|[from] item: Leftovers\n|upkeep\n|turn|26\n|\n|t:|1732992472\n|move|p1a: Hatterene|Mystical Fire|p2a: Gothitelle\n|-crit|p2a: Gothitelle\n|-damage|p2a: Gothitelle|155/272 par\n|-unboost|p2a: Gothitelle|spa|1\n|move|p2a: Gothitelle|Psychic Noise|p1a: Hatterene\n|-resisted|p1a: Hatterene\n|-damage|p1a: Hatterene|121/236\n|-start|p1a: Hatterene|move: Heal Block\n|\n|-heal|p2a: Gothitelle|172/272 par|[from] item: Leftovers\n|upkeep\n|turn|27\n|\n|t:|1732992480\n|move|p1a: Hatterene|Psychic|p2a: Gothitelle\n|-resisted|p2a: Gothitelle\n|-damage|p2a: Gothitelle|158/272 par\n|move|p2a: Gothitelle|Calm Mind|p2a: Gothitelle\n|-boost|p2a: Gothitelle|spa|1\n|-boost|p2a: Gothitelle|spd|0\n|\n|-heal|p2a: Gothitelle|175/272 par|[from] item: Leftovers\n|-end|p1a: Hatterene|move: Heal Block\n|upkeep\n|turn|28\n|\n|t:|1732992493\n|move|p1a: Hatterene|Psychic|p2a: Gothitelle\n|-resisted|p2a: Gothitelle\n|-damage|p2a: Gothitelle|163/272 par\n|-unboost|p2a: Gothitelle|spd|1\n|move|p2a: Gothitelle|Psychic Noise|p1a: Hatterene\n|-resisted|p1a: Hatterene\n|-damage|p1a: Hatterene|83/236\n|-start|p1a: Hatterene|move: Heal Block\n|\n|-heal|p2a: Gothitelle|180/272 par|[from] item: Leftovers\n|upkeep\n|turn|29\n|\n|t:|1732992498\n|move|p1a: Hatterene|Psychic|p2a: Gothitelle\n|-resisted|p2a: Gothitelle\n|-damage|p2a: Gothitelle|165/272 par\n|cant|p2a: Gothitelle|par\n|\n|-heal|p2a: Gothitelle|182/272 par|[from] item: Leftovers\n|-end|p1a: Hatterene|move: Heal Block\n|upkeep\n|turn|30\n|\n|t:|1732992504\n|move|p1a: Hatterene|Mystical Fire|p2a: Gothitelle\n|-damage|p2a: Gothitelle|163/272 par\n|-unboost|p2a: Gothitelle|spa|1\n|move|p2a: Gothitelle|Calm Mind|p2a: Gothitelle\n|-boost|p2a: Gothitelle|spa|1\n|-boost|p2a: Gothitelle|spd|1\n|\n|-heal|p2a: Gothitelle|180/272 par|[from] item: Leftovers\n|upkeep\n|turn|31\n|\n|t:|1732992514\n|move|p1a: Hatterene|Psychic|p2a: Gothitelle\n|-resisted|p2a: Gothitelle\n|-damage|p2a: Gothitelle|166/272 par\n|move|p2a: Gothitelle|Calm Mind|p2a: Gothitelle\n|-boost|p2a: Gothitelle|spa|1\n|-boost|p2a: Gothitelle|spd|0\n|\n|-heal|p2a: Gothitelle|183/272 par|[from] item: Leftovers\n|upkeep\n|turn|32\n|\n|t:|1732992530\n|move|p1a: Hatterene|Mystical Fire|p2a: Gothitelle\n|-damage|p2a: Gothitelle|169/272 par\n|-unboost|p2a: Gothitelle|spa|1\n|move|p2a: Gothitelle|Calm Mind|p2a: Gothitelle\n|-boost|p2a: Gothitelle|spa|1\n|-boost|p2a: Gothitelle|spd|0\n|\n|-heal|p2a: Gothitelle|186/272 par|[from] item: Leftovers\n|upkeep\n|turn|33\n|\n|t:|1732992538\n|move|p1a: Hatterene|Mystical Fire|p2a: Gothitelle\n|-crit|p2a: Gothitelle\n|-damage|p2a: Gothitelle|100/272 par\n|-unboost|p2a: Gothitelle|spa|1\n|move|p2a: Gothitelle|Calm Mind|p2a: Gothitelle\n|-boost|p2a: Gothitelle|spa|1\n|-boost|p2a: Gothitelle|spd|0\n|\n|-heal|p2a: Gothitelle|117/272 par|[from] item: Leftovers\n|upkeep\n|turn|34\n|\n|t:|1732992545\n|move|p1a: Hatterene|Psychic|p2a: Gothitelle\n|-resisted|p2a: Gothitelle\n|-damage|p2a: Gothitelle|105/272 par\n|move|p2a: Gothitelle|Calm Mind|p2a: Gothitelle\n|-boost|p2a: Gothitelle|spa|1\n|-boost|p2a: Gothitelle|spd|0\n|\n|-heal|p2a: Gothitelle|122/272 par|[from] item: Leftovers\n|upkeep\n|turn|35\n|\n|t:|1732992552\n|move|p1a: Hatterene|Psychic|p2a: Gothitelle\n|-resisted|p2a: Gothitelle\n|-damage|p2a: Gothitelle|110/272 par\n|move|p2a: Gothitelle|Calm Mind|p2a: Gothitelle\n|-boost|p2a: Gothitelle|spa|1\n|-boost|p2a: Gothitelle|spd|0\n|\n|-heal|p2a: Gothitelle|127/272 par|[from] item: Leftovers\n|upkeep\n|turn|36\n|\n|t:|1732992561\n|move|p1a: Hatterene|Draining Kiss|p2a: Gothitelle\n|-damage|p2a: Gothitelle|111/272 par\n|-heal|p1a: Hatterene|95/236|[from] drain|[of] p2a: Gothitelle\n|move|p2a: Gothitelle|Calm Mind|p2a: Gothitelle\n|-boost|p2a: Gothitelle|spa|1\n|-boost|p2a: Gothitelle|spd|0\n|\n|-heal|p2a: Gothitelle|128/272 par|[from] item: Leftovers\n|upkeep\n|turn|37\n|\n|t:|1732992567\n|move|p1a: Hatterene|Draining Kiss|p2a: Gothitelle\n|-damage|p2a: Gothitelle|113/272 par\n|-heal|p1a: Hatterene|106/236|[from] drain|[of] p2a: Gothitelle\n|cant|p2a: Gothitelle|par\n|\n|-heal|p2a: Gothitelle|130/272 par|[from] item: Leftovers\n|upkeep\n|turn|38\n|\n|t:|1732992573\n|move|p1a: Hatterene|Psychic|p2a: Gothitelle\n|-resisted|p2a: Gothitelle\n|-damage|p2a: Gothitelle|117/272 par\n|move|p2a: Gothitelle|Psychic Noise|p1a: Hatterene\n|-resisted|p1a: Hatterene\n|-damage|p1a: Hatterene|21/236\n|-start|p1a: Hatterene|move: Heal Block\n|\n|-heal|p2a: Gothitelle|134/272 par|[from] item: Leftovers\n|upkeep\n|turn|39\n|\n|t:|1732992583\n|move|p1a: Hatterene|Psychic|p2a: Gothitelle\n|-resisted|p2a: Gothitelle\n|-damage|p2a: Gothitelle|120/272 par\n|move|p2a: Gothitelle|Calm Mind|p2a: Gothitelle\n|-boost|p2a: Gothitelle|spa|1\n|-boost|p2a: Gothitelle|spd|0\n|\n|-heal|p2a: Gothitelle|137/272 par|[from] item: Leftovers\n|-end|p1a: Hatterene|move: Heal Block\n|upkeep\n|turn|40\n|\n|t:|1732992601\n|move|p1a: Hatterene|Draining Kiss|p2a: Gothitelle\n|-damage|p2a: Gothitelle|122/272 par\n|-heal|p1a: Hatterene|32/236|[from] drain|[of] p2a: Gothitelle\n|cant|p2a: Gothitelle|par\n|\n|-heal|p2a: Gothitelle|139/272 par|[from] item: Leftovers\n|upkeep\n|turn|41\n|\n|t:|1732992608\n|move|p1a: Hatterene|Draining Kiss|p2a: Gothitelle\n|-damage|p2a: Gothitelle|124/272 par\n|-heal|p1a: Hatterene|43/236|[from] drain|[of] p2a: Gothitelle\n|move|p2a: Gothitelle|Dark Pulse|p1a: Hatterene\n|-crit|p1a: Hatterene\n|-damage|p1a: Hatterene|0 fnt\n|faint|p1a: Hatterene\n|\n|-heal|p2a: Gothitelle|141/272 par|[from] item: Leftovers\n|upkeep\n|\n|t:|1732992611\n|switch|p1a: Honchkrow|Honchkrow, L86, F|312/312\n|turn|42\n|\n|t:|1732992624\n|move|p1a: Honchkrow|Lash Out|p2a: Gothitelle\n|-supereffective|p2a: Gothitelle\n|-damage|p2a: Gothitelle|0 fnt\n|faint|p2a: Gothitelle\n|-ability|p1a: Honchkrow|Moxie|boost\n|-boost|p1a: Honchkrow|atk|1\n|\n|upkeep\n|\n|t:|1732992640\n|switch|p2a: Slither Wing|Slither Wing, L81|270/270\n|turn|43\n|\n|t:|1732992650\n|-terastallize|p1a: Honchkrow|Flying\n|move|p2a: Slither Wing|Wild Charge|p1a: Honchkrow\n|-supereffective|p1a: Honchkrow\n|-damage|p1a: Honchkrow|0 fnt\n|faint|p1a: Honchkrow\n|-damage|p2a: Slither Wing|192/270|[from] Recoil\n|\n|upkeep\n|\n|t:|1732992665\n|switch|p1a: Uxie|Uxie, L83|260/260\n|turn|44\n|inactive|randomperson02 has 120 seconds left.\n|\n|t:|1732992709\n|-end|p2a: Slither Wing|Protosynthesis|[silent]\n|switch|p2a: Swanna|Swanna, L88, M|275/275\n|move|p1a: Uxie|Psychic Noise|p2a: Swanna\n|-damage|p2a: Swanna|197/275\n|-start|p2a: Swanna|move: Heal Block\n|\n|upkeep\n|turn|45\n|\n|t:|1732992732\n|move|p2a: Swanna|Hydro Pump|p1a: Uxie\n|-damage|p1a: Uxie|178/260\n|move|p1a: Uxie|Knock Off|p2a: Swanna\n|-damage|p2a: Swanna|128/275\n|-enditem|p2a: Swanna|Heavy-Duty Boots|[from] move: Knock Off|[of] p1a: Uxie\n|\n|-heal|p1a: Uxie|194/260|[from] item: Leftovers\n|-end|p2a: Swanna|move: Heal Block\n|upkeep\n|turn|46\n|inactive|randomperson02 has 120 seconds left.\n|\n|t:|1732992738\n|move|p2a: Swanna|Roost|p2a: Swanna\n|-heal|p2a: Swanna|266/275\n|-singleturn|p2a: Swanna|move: Roost\n|move|p1a: Uxie|Psychic Noise|p2a: Swanna\n|-damage|p2a: Swanna|185/275\n|-start|p2a: Swanna|move: Heal Block\n|\n|-heal|p1a: Uxie|210/260|[from] item: Leftovers\n|upkeep\n|turn|47\n|\n|t:|1732992744\n|move|p2a: Swanna|Hydro Pump|p1a: Uxie\n|-damage|p1a: Uxie|123/260\n|move|p1a: Uxie|Thunder Wave|p2a: Swanna\n|-status|p2a: Swanna|par\n|\n|-heal|p1a: Uxie|139/260|[from] item: Leftovers\n|-end|p2a: Swanna|move: Heal Block\n|upkeep\n|turn|48\n|inactive|randomperson02 has 120 seconds left.\n|\n|t:|1732992772\n|move|p1a: Uxie|Stealth Rock|p2a: Swanna\n|-sidestart|p2: randomperson02|move: Stealth Rock\n|move|p2a: Swanna|Hydro Pump|p1a: Uxie|[miss]\n|-miss|p2a: Swanna|p1a: Uxie\n|\n|-heal|p1a: Uxie|155/260|[from] item: Leftovers\n|upkeep\n|turn|49\n|\n|t:|1732992779\n|move|p1a: Uxie|Psychic Noise|p2a: Swanna\n|-crit|p2a: Swanna\n|-damage|p2a: Swanna|58/275 par\n|-start|p2a: Swanna|move: Heal Block\n|move|p2a: Swanna|Defog|p1a: Uxie\n|-unboost|p1a: Uxie|evasion|1\n|-sideend|p2: randomperson02|Stealth Rock|[from] move: Defog|[of] p2a: Swanna\n|\n|-heal|p1a: Uxie|171/260|[from] item: Leftovers\n|upkeep\n|turn|50\n|\n|t:|1732992790\n|move|p1a: Uxie|Stealth Rock|p2a: Swanna\n|-sidestart|p2: randomperson02|move: Stealth Rock\n|cant|p2a: Swanna|par\n|\n|-heal|p1a: Uxie|187/260|[from] item: Leftovers\n|-end|p2a: Swanna|move: Heal Block\n|upkeep\n|turn|51\n|\n|t:|1732992795\n|move|p1a: Uxie|Psychic Noise|p2a: Swanna\n|-damage|p2a: Swanna|0 fnt\n|faint|p2a: Swanna\n|\n|-heal|p1a: Uxie|203/260|[from] item: Leftovers\n|upkeep\n|\n|t:|1732992810\n|switch|p2a: Typhlosion|Typhlosion-Hisui, L83, M|257/257\n|turn|52\n|inactive|Gorzanox has 120 seconds left.\n|\n|t:|1732992859\n|move|p1a: Uxie|Thunder Wave|p2a: Typhlosion\n|-status|p2a: Typhlosion|par\n|move|p2a: Typhlosion|Shadow Ball|p1a: Uxie\n|-supereffective|p1a: Uxie\n|-damage|p1a: Uxie|57/260\n|\n|-heal|p1a: Uxie|73/260|[from] item: Leftovers\n|upkeep\n|turn|53\n|\n|t:|1732992868\n|move|p1a: Uxie|Knock Off|p2a: Typhlosion\n|-supereffective|p2a: Typhlosion\n|-damage|p2a: Typhlosion|127/257 par\n|-enditem|p2a: Typhlosion|Heavy-Duty Boots|[from] move: Knock Off|[of] p1a: Uxie\n|cant|p2a: Typhlosion|par\n|\n|-heal|p1a: Uxie|89/260|[from] item: Leftovers\n|upkeep\n|turn|54\n|\n|t:|1732992878\n|move|p1a: Uxie|Knock Off|p2a: Typhlosion\n|-supereffective|p2a: Typhlosion\n|-damage|p2a: Typhlosion|37/257 par\n|cant|p2a: Typhlosion|par\n|\n|-heal|p1a: Uxie|105/260|[from] item: Leftovers\n|upkeep\n|turn|55\n|\n|t:|1732992882\n|move|p1a: Uxie|Knock Off|p2a: Typhlosion\n|-supereffective|p2a: Typhlosion\n|-damage|p2a: Typhlosion|0 fnt\n|faint|p2a: Typhlosion\n|\n|-heal|p1a: Uxie|121/260|[from] item: Leftovers\n|upkeep\n|\n|t:|1732992897\n|switch|p2a: Slither Wing|Slither Wing, L81|192/270\n|-damage|p2a: Slither Wing|159/270|[from] Stealth Rock\n|turn|56\n|\n|t:|1732992906\n|move|p1a: Uxie|Thunder Wave|p2a: Slither Wing\n|-status|p2a: Slither Wing|par\n|move|p2a: Slither Wing|Flare Blitz|p1a: Uxie\n|-damage|p1a: Uxie|15/260\n|-damage|p2a: Slither Wing|124/270 par|[from] Recoil\n|\n|-heal|p1a: Uxie|31/260|[from] item: Leftovers\n|upkeep\n|turn|57\n|\n|t:|1732992912\n|move|p1a: Uxie|Psychic Noise|p2a: Slither Wing\n|-supereffective|p2a: Slither Wing\n|-damage|p2a: Slither Wing|0 fnt\n|faint|p2a: Slither Wing\n|-end|p2a: Slither Wing|Protosynthesis|[silent]\n|\n|-heal|p1a: Uxie|47/260|[from] item: Leftovers\n|upkeep\n|\n|t:|1732992916\n|switch|p2a: Passimian|Passimian, L83, F|302/302\n|-damage|p2a: Passimian|284/302|[from] Stealth Rock\n|turn|58\n|\n|t:|1732992921\n|move|p1a: Uxie|Psychic Noise|p2a: Passimian\n|-supereffective|p2a: Passimian\n|-damage|p2a: Passimian|116/302\n|-start|p2a: Passimian|move: Heal Block\n|move|p2a: Passimian|U-turn|p1a: Uxie\n|-supereffective|p1a: Uxie\n|-damage|p1a: Uxie|0 fnt\n|faint|p1a: Uxie\n|\n|t:|1732992925\n|switch|p2a: Sinistcha|Sinistcha, L83|254/254|[from] U-turn\n|-damage|p2a: Sinistcha|223/254|[from] Stealth Rock\n|\n|-heal|p2a: Sinistcha|238/254|[from] item: Leftovers\n|upkeep\n|\n|t:|1732992935\n|switch|p1a: Kleavor|Kleavor, L78, M|237/237\n|turn|59\n|\n|t:|1732992947\n|-terastallize|p2a: Sinistcha|Steel\n|move|p1a: Kleavor|X-Scissor|p2a: Sinistcha\n|-resisted|p2a: Sinistcha\n|-damage|p2a: Sinistcha|179/254\n|move|p2a: Sinistcha|Strength Sap|p1a: Kleavor\n|-unboost|p1a: Kleavor|atk|1\n|-heal|p2a: Sinistcha|254/254\n|\n|upkeep\n|turn|60\n|\n|t:|1732992968\n|move|p1a: Kleavor|U-turn|p2a: Sinistcha\n|-resisted|p2a: Sinistcha\n|-damage|p2a: Sinistcha|230/254\n|\n|t:|1732992976\n|switch|p1a: Arbok|Arbok, L87, F|246/246|[from] U-turn\n|-ability|p1a: Arbok|Intimidate|boost\n|-unboost|p2a: Sinistcha|atk|1\n|move|p2a: Sinistcha|Calm Mind|p2a: Sinistcha\n|-boost|p2a: Sinistcha|spa|1\n|-boost|p2a: Sinistcha|spd|1\n|\n|-heal|p2a: Sinistcha|245/254|[from] item: Leftovers\n|upkeep\n|turn|61\n|\n|t:|1732992986\n|move|p1a: Arbok|Glare|p2a: Sinistcha\n|-status|p2a: Sinistcha|par\n|cant|p2a: Sinistcha|par\n|\n|-heal|p2a: Sinistcha|254/254 par|[from] item: Leftovers\n|upkeep\n|turn|62\n|\n|t:|1732992991\n|move|p1a: Arbok|Knock Off|p2a: Sinistcha\n|-damage|p2a: Sinistcha|192/254 par\n|-enditem|p2a: Sinistcha|Leftovers|[from] move: Knock Off|[of] p1a: Arbok\n|cant|p2a: Sinistcha|par\n|\n|upkeep\n|turn|63\n|\n|t:|1732992998\n|switch|p1a: Politoed|Politoed, L88, M|302/302\n|-weather|RainDance|[from] ability: Drizzle|[of] p1a: Politoed\n|move|p2a: Sinistcha|Strength Sap|p1a: Politoed\n|-unboost|p1a: Politoed|atk|1\n|-heal|p2a: Sinistcha|254/254 par\n|\n|-weather|RainDance|[upkeep]\n|upkeep\n|turn|64\n|\n|t:|1732993008\n|move|p1a: Politoed|Encore|p2a: Sinistcha\n|-start|p2a: Sinistcha|Encore\n|move|p2a: Sinistcha|Strength Sap|p1a: Politoed\n|-unboost|p1a: Politoed|atk|1\n|\n|-weather|RainDance|[upkeep]\n|upkeep\n|turn|65\n|inactive|Gorzanox has 120 seconds left.\n|inactive|Gorzanox has 90 seconds left.\n|l|\u2606Gorzanox\n|inactive|Gorzanox disconnected and has a minute to reconnect!\n|player|p1|\n|inactive|Gorzanox has 30 seconds to reconnect!\n|inactive|Gorzanox has 20 seconds to reconnect!\n|inactive|Gorzanox has 15 seconds to reconnect!\n|inactive|Gorzanox has 10 seconds to reconnect!\n|inactive|Gorzanox has 5 seconds to reconnect!\n|-message|Gorzanox lost due to inactivity.\n|\n|win|randomperson02\n|raw|Gorzanox's rating: 1549 &rarr; <strong>1530</strong><br />(-19 for losing)\n|raw|randomperson02's rating: 1573 &rarr; <strong>1592</strong><br />(+19 for winning)\n", "inputlog": ">version b107d77f5c90bd6555267ae244a6264823309ead\n>start {\"formatid\":\"gen9randombattle\",\"seed\":[57057,14259,58750,60210],\"rated\":\"Rated battle\"}\n>player p1 {\"name\":\"Gorzanox\",\"avatar\":\"flint\",\"rating\":1549,\"seed\":[23760,37540,58368,9504]}\n>player p2 {\"name\":\"randomperson02\",\"avatar\":\"170\",\"rating\":1573,\"seed\":[54192,54257,16236,37319]}\n>p1 move psychic\n>p2 switch 5\n>p1 move nuzzle\n>p2 move calmmind\n>p1 move mysticalfire\n>p2 move calmmind\n>p1 move mysticalfire\n>p2 move calmmind\n>p1 move mysticalfire\n>p2 move calmmind\n>p1 move mysticalfire\n>p2 move calmmind\n>p1 move mysticalfire\n>p2 move calmmind\n>p1 move mysticalfire\n>p2 move calmmind\n>p1 move mysticalfire\n>p2 move darkpulse\n>p1 move drainingkiss\n>p2 move calmmind\n>p1 move psychic\n>p2 move darkpulse\n>p1 move psychic\n>p2 move darkpulse\n>p1 move mysticalfire\n>p2 move darkpulse\n>p1 move mysticalfire\n>p2 move calmmind\n>p1 move mysticalfire\n>p2 move calmmind\n>p1 move drainingkiss\n>p2 move psychicnoise\n>p1 move psychic\n>p2 move darkpulse\n>p1 move psychic\n>p2 move calmmind\n>p1 move psychic\n>p2 move calmmind\n>p1 move nuzzle\n>p2 move calmmind\n>p1 move mysticalfire\n>p2 move darkpulse\n>p1 move psychic\n>p2 move calmmind\n>p1 move mysticalfire\n>p2 move darkpulse\n>p1 move drainingkiss\n>p2 move calmmind\n>p1 move drainingkiss\n>p2 move psychicnoise\n>p1 move mysticalfire\n>p2 move psychicnoise\n>p1 move psychic\n>p2 move calmmind\n>p1 move psychic\n>p2 move psychicnoise\n>p1 move psychic\n>p2 move calmmind\n>p1 move mysticalfire\n>p2 move calmmind\n>p1 move psychic\n>p2 move calmmind\n>p1 move mysticalfire\n>p2 move calmmind\n>p1 move mysticalfire\n>p2 move calmmind\n>p1 move psychic\n>p2 move calmmind\n>p1 move psychic\n>p2 move calmmind\n>p1 move drainingkiss\n>p2 move calmmind\n>p1 move drainingkiss\n>p2 move psychicnoise\n>p1 move psychic\n>p2 move psychicnoise\n>p1 move psychic\n>p2 move calmmind\n>p1 move drainingkiss\n>p2 move darkpulse\n>p1 move drainingkiss\n>p2 move darkpulse\n>p1 switch 6\n>p1 move lashout\n>p2 move darkpulse\n>p2 switch 5\n>p1 move bravebird terastallize\n>p2 move wildcharge\n>p1 switch 4\n>p1 move psychicnoise\n>p2 switch 6\n>p1 move knockoff\n>p2 move hydropump\n>p1 move psychicnoise\n>p2 move roost\n>p1 move thunderwave\n>p2 move hydropump\n>p1 move stealthrock\n>p2 move hydropump\n>p1 move psychicnoise\n>p2 move defog\n>p1 move stealthrock\n>p2 move hydropump\n>p1 move psychicnoise\n>p2 move roost\n>p2 switch 2\n>p1 move thunderwave\n>p2 move shadowball\n>p1 move knockoff\n>p2 move shadowball\n>p1 move knockoff\n>p2 move shadowball\n>p1 move knockoff\n>p2 move shadowball\n>p2 switch 6\n>p1 move thunderwave\n>p2 move flareblitz\n>p1 move psychicnoise\n>p2 move flareblitz\n>p2 switch 4\n>p1 move psychicnoise\n>p2 move uturn\n>p2 switch 3\n>p1 switch 5\n>p1 move xscissor\n>p2 move strengthsap terastallize\n>p1 move uturn\n>p2 move calmmind\n>p1 switch 3\n>p1 move glare\n>p2 move strengthsap\n>p1 move knockoff\n>p2 move strengthsap\n>p1 switch 2\n>p2 move strengthsap\n>p1 move encore\n>p2 move matchagotcha\n>forcelose p1", "uploadtime": 1732993131, "views": 8, "formatid": "gen9randombattle", "rating": 1530, "private": 0, "password": null}