{"id": "gen9randombattle-2253983426", "format": "[Gen 9] Random Battle", "players": ["Edea93", "D4C13"], "log": "|j|\u2606Edea93\n|j|\u2606D4C13\n|t:|1732975572\n|gametype|singles\n|player|p1|Edea93|2|1611\n|player|p2|D4C13|170|1574\n|teamsize|p1|6\n|teamsize|p2|6\n|gen|9\n|tier|[Gen 9] Random Battle\n|rated|\n|rule|Species Clause: Limit one of each Pok\u00e9mon\n|rule|HP Percentage Mod: HP is shown in percentages\n|rule|Sleep Clause Mod: Limit one foe put to sleep\n|rule|Illusion Level Mod: Illusion disguises the Pok\u00e9mon's true level\n|\n|t:|1732975572\n|start\n|switch|p1a: Feraligatr|Feraligatr, L79, M|264/264\n|switch|p2a: Orthworm|Orthworm, L88, F|266/266\n|turn|1\n|inactive|Battle timer is ON: inactive players will automatically lose when time's up. (requested by D4C13)\n|\n|t:|1732975582\n|move|p1a: Feraligatr|Dragon Dance|p1a: Feraligatr\n|-boost|p1a: Feraligatr|atk|1\n|-boost|p1a: Feraligatr|spe|1\n|move|p2a: Orthworm|Shed Tail|p2a: Orthworm\n|-start|p2a: Orthworm|Substitute|[from] move: Shed Tail\n|-damage|p2a: Orthworm|133/266\n|\n|t:|1732975597\n|switch|p2a: Morpeko|Morpeko, L88, F|245/245|[from] Shed Tail\n|\n|-formechange|p2a: Morpeko|Morpeko-Hangry||[from] ability: Hunger Switch\n|upkeep\n|turn|2\n|\n|t:|1732975615\n|move|p1a: Feraligatr|Liquidation|p2a: Morpeko\n|-end|p2a: Morpeko|Substitute\n|move|p2a: Morpeko|Aura Wheel|p1a: Feraligatr\n|-damage|p1a: Feraligatr|137/264\n|-boost|p2a: Morpeko|spe|1\n|\n|-formechange|p2a: Morpeko|Morpeko||[from] ability: Hunger Switch\n|upkeep\n|turn|3\n|\n|t:|1732975625\n|move|p2a: Morpeko|Aura Wheel|p1a: Feraligatr\n|-supereffective|p1a: Feraligatr\n|-damage|p1a: Feraligatr|0 fnt\n|-boost|p2a: Morpeko|spe|1\n|faint|p1a: Feraligatr\n|\n|-formechange|p2a: Morpeko|Morpeko-Hangry||[from] ability: Hunger Switch\n|upkeep\n|\n|t:|1732975632\n|switch|p1a: Volbeat|Volbeat, L90, M|263/263\n|turn|4\n|\n|t:|1732975642\n|switch|p2a: Sandy Shocks|Sandy Shocks, L80|267/267\n|move|p1a: Volbeat|Lunge|p2a: Sandy Shocks\n|-damage|p2a: Sandy Shocks|189/267\n|-unboost|p2a: Sandy Shocks|atk|1\n|\n|upkeep\n|turn|5\n|\n|t:|1732975652\n|switch|p1a: Bronzong|Bronzong, L88|261/261\n|move|p2a: Sandy Shocks|Thunderbolt|p1a: Bronzong\n|-damage|p1a: Bronzong|177/261\n|\n|-heal|p1a: Bronzong|193/261|[from] item: Leftovers\n|upkeep\n|turn|6\n|\n|t:|1732975667\n|move|p2a: Sandy Shocks|Volt Switch|p1a: Bronzong\n|-damage|p1a: Bronzong|133/261\n|\n|t:|1732975672\n|-end|p2a: Sandy Shocks|Protosynthesis|[silent]\n|switch|p2a: Golurk|Golurk, L87|297/297|[from] Volt Switch\n|move|p1a: Bronzong|Iron Defense|p1a: Bronzong\n|-boost|p1a: Bronzong|def|2\n|\n|-heal|p1a: Bronzong|149/261|[from] item: Leftovers\n|upkeep\n|turn|7\n|\n|t:|1732975679\n|move|p2a: Golurk|Poltergeist|p1a: Bronzong\n|-activate|p1a: Bronzong|move: Poltergeist|Leftovers\n|-supereffective|p1a: Bronzong\n|-damage|p1a: Bronzong|9/261\n|-damage|p2a: Golurk|268/297|[from] item: Life Orb\n|move|p1a: Bronzong|Iron Head|p2a: Golurk\n|-damage|p2a: Golurk|171/297\n|\n|-heal|p1a: Bronzong|25/261|[from] item: Leftovers\n|upkeep\n|turn|8\n|\n|t:|1732975686\n|move|p2a: Golurk|Poltergeist|p1a: Bronzong\n|-activate|p1a: Bronzong|move: Poltergeist|Leftovers\n|-supereffective|p1a: Bronzong\n|-damage|p1a: Bronzong|0 fnt\n|faint|p1a: Bronzong\n|-damage|p2a: Golurk|142/297|[from] item: Life Orb\n|\n|upkeep\n|\n|t:|1732975691\n|switch|p1a: Darkrai|Darkrai, L77|234/234\n|turn|9\n|\n|t:|1732975699\n|move|p1a: Darkrai|Dark Pulse|p2a: Golurk\n|-supereffective|p2a: Golurk\n|-damage|p2a: Golurk|0 fnt\n|faint|p2a: Golurk\n|-damage|p1a: Darkrai|211/234|[from] item: Life Orb\n|\n|upkeep\n|\n|t:|1732975703\n|switch|p2a: Sylveon|Sylveon, L85, M|300/300\n|turn|10\n|\n|t:|1732975708\n|-terastallize|p1a: Darkrai|Poison\n|move|p1a: Darkrai|Nasty Plot|p1a: Darkrai\n|-boost|p1a: Darkrai|spa|2\n|move|p2a: Sylveon|Hyper Voice|p1a: Darkrai\n|-resisted|p1a: Darkrai\n|-damage|p1a: Darkrai|145/234\n|\n|upkeep\n|turn|11\n|\n|t:|1732975715\n|-terastallize|p2a: Sylveon|Steel\n|move|p1a: Darkrai|Focus Blast|p2a: Sylveon\n|-supereffective|p2a: Sylveon\n|-damage|p2a: Sylveon|0 fnt\n|faint|p2a: Sylveon\n|-damage|p1a: Darkrai|122/234|[from] item: Life Orb\n|\n|upkeep\n|\n|t:|1732975723\n|switch|p2a: Vileplume|Vileplume, L86, M|269/269\n|turn|12\n|\n|t:|1732975728\n|move|p1a: Darkrai|Sludge Bomb|p2a: Vileplume\n|-damage|p2a: Vileplume|0 fnt\n|faint|p2a: Vileplume\n|-damage|p1a: Darkrai|99/234|[from] item: Life Orb\n|\n|upkeep\n|-message|D4C13 forfeited.\n|\n|win|Edea93\n|raw|Edea93's rating: 1611 &rarr; <strong>1629</strong><br />(+18 for winning)\n|raw|D4C13's rating: 1574 &rarr; <strong>1556</strong><br />(-18 for losing)\n|l|\u2606D4C13\n|player|p2|\n", "inputlog": ">version b107d77f5c90bd6555267ae244a6264823309ead\n>start {\"formatid\":\"gen9randombattle\",\"seed\":[58755,19482,8275,29403],\"rated\":\"Rated battle\"}\n>player p1 {\"name\":\"Edea93\",\"avatar\":\"2\",\"rating\":1611,\"seed\":[28479,48600,47239,8222]}\n>player p2 {\"name\":\"D4C13\",\"avatar\":\"170\",\"rating\":1574,\"seed\":[53826,11061,54405,10989]}\n>p1 move dragondance\n>p2 move shedtail\n>p2 switch 4\n>p1 move liquidation\n>p2 move aurawheel\n>p1 move liquidation\n>p2 move aurawheel\n>p1 switch 2\n>p1 move lunge\n>p2 switch 2\n>p1 switch 4\n>p2 move thunderbolt\n>p1 move irondefense\n>p2 move voltswitch\n>p2 switch 6\n>p1 move ironhead\n>p2 move poltergeist\n>p1 move ironhead\n>p2 move poltergeist\n>p1 switch 5\n>p1 move darkpulse\n>p2 move earthquake\n>p2 switch 3\n>p1 move nastyplot terastallize\n>p2 move hypervoice\n>p1 move focusblast\n>p2 move hypervoice terastallize\n>p2 switch 5\n>p1 move sludgebomb\n>p2 move leechseed\n>forcelose p2", "uploadtime": 1732975737, "views": 16, "formatid": "gen9randombattle", "rating": 1556, "private": 0, "password": null}