{"id": "gen9randombattle-2253916873", "format": "[Gen 9] Random Battle", "players": ["Vlukatilos", "ran co vgc"], "log": "|j|\u2606Vlukatilos\n|j|\u2606ran co vgc\n|t:|1732963257\n|gametype|singles\n|player|p1|Vlukatilos|1|1367\n|player|p2|ran co vgc|hugh|1399\n|teamsize|p1|6\n|teamsize|p2|6\n|gen|9\n|tier|[Gen 9] Random Battle\n|rated|\n|rule|Species Clause: Limit one of each Pok\u00e9mon\n|rule|HP Percentage Mod: HP is shown in percentages\n|rule|Sleep Clause Mod: Limit one foe put to sleep\n|rule|Illusion Level Mod: Illusion disguises the Pok\u00e9mon's true level\n|\n|t:|1732963257\n|start\n|switch|p1a: Exeggutor|Exeggutor, L89, M|312/312\n|switch|p2a: Great Tusk|Great Tusk, L77|304/304\n|turn|1\n|inactive|Battle timer is ON: inactive players will automatically lose when time's up. (requested by Vlukatilos)\n|\n|t:|1732963274\n|-end|p2a: Great Tusk|Protosynthesis|[silent]\n|switch|p2a: Bronzong|Bronzong, L88|261/261\n|move|p1a: Exeggutor|Giga Drain|p2a: Bronzong\n|-resisted|p2a: Bronzong\n|-damage|p2a: Bronzong|217/261\n|\n|-heal|p2a: Bronzong|233/261|[from] item: Leftovers\n|upkeep\n|turn|2\n|\n|t:|1732963290\n|switch|p1a: Houndoom|Houndoom, L87, F|272/272\n|move|p2a: Bronzong|Stealth Rock|p1a: Houndoom\n|-sidestart|p1: Vlukatilos|move: Stealth Rock\n|\n|-heal|p2a: Bronzong|249/261|[from] item: Leftovers\n|upkeep\n|turn|3\n|\n|t:|1732963312\n|move|p1a: Houndoom|Dark Pulse|p2a: Bronzong\n|-supereffective|p2a: Bronzong\n|-damage|p2a: Bronzong|99/261\n|cant|p2a: Bronzong|flinch\n|\n|-heal|p2a: Bronzong|115/261|[from] item: Leftovers\n|upkeep\n|turn|4\n|\n|t:|1732963325\n|move|p1a: Houndoom|Dark Pulse|p2a: Bronzong\n|-supereffective|p2a: Bronzong\n|-damage|p2a: Bronzong|0 fnt\n|faint|p2a: Bronzong\n|\n|upkeep\n|\n|t:|1732963333\n|switch|p2a: Raikou|Raikou, L81|278/278\n|-ability|p2a: Raikou|Pressure\n|turn|5\n|l|\u2606Vlukatilos\n|inactive|Vlukatilos disconnected and has a minute to reconnect!\n|player|p1|\n|j|\u2606Vlukatilos\n|inactive|Vlukatilos reconnected and has 140 seconds left.\n|player|p1|Vlukatilos|1|\n|\n|t:|1732963355\n|switch|p1a: Exeggutor|Exeggutor, L89, M|312/312\n|-damage|p1a: Exeggutor|273/312|[from] Stealth Rock\n|move|p2a: Raikou|Scald|p1a: Exeggutor\n|-resisted|p1a: Exeggutor\n|-damage|p1a: Exeggutor|226/312\n|\n|upkeep\n|turn|6\n|inactive|ran co vgc has 120 seconds left.\n|\n|t:|1732963388\n|switch|p2a: Hypno|Hypno, L95, M|315/315\n|move|p1a: Exeggutor|Psyshock|p2a: Hypno\n|-resisted|p2a: Hypno\n|-damage|p2a: Hypno|254/315\n|\n|-heal|p2a: Hypno|273/315|[from] item: Leftovers\n|upkeep\n|turn|7\n|\n|t:|1732963393\n|move|p2a: Hypno|Toxic|p1a: Exeggutor\n|-status|p1a: Exeggutor|tox\n|move|p1a: Exeggutor|Giga Drain|p2a: Hypno\n|-damage|p2a: Hypno|198/315\n|-heal|p1a: Exeggutor|264/312 tox|[from] drain|[of] p2a: Hypno\n|\n|-heal|p2a: Hypno|217/315|[from] item: Leftovers\n|-damage|p1a: Exeggutor|245/312 tox|[from] psn\n|upkeep\n|turn|8\n|\n|t:|1732963402\n|switch|p1a: Houndoom|Houndoom, L87, F|272/272\n|move|p2a: Hypno|Protect||[still]\n|-fail|p2a: Hypno\n|\n|-heal|p2a: Hypno|236/315|[from] item: Leftovers\n|upkeep\n|turn|9\n|\n|t:|1732963414\n|switch|p2a: Raikou|Raikou, L81|278/278\n|-ability|p2a: Raikou|Pressure\n|move|p1a: Houndoom|Nasty Plot|p1a: Houndoom\n|-boost|p1a: Houndoom|spa|2\n|\n|upkeep\n|turn|10\n|\n|t:|1732963423\n|-terastallize|p2a: Raikou|Water\n|move|p2a: Raikou|Scald|p1a: Houndoom\n|-supereffective|p1a: Houndoom\n|-damage|p1a: Houndoom|0 fnt\n|faint|p1a: Houndoom\n|\n|upkeep\n|\n|t:|1732963437\n|switch|p1a: Exeggutor|Exeggutor, L89, M|245/312 tox\n|-damage|p1a: Exeggutor|206/312 tox|[from] Stealth Rock\n|turn|11\n|\n|t:|1732963448\n|switch|p2a: Rayquaza|Rayquaza, L72|270/270\n|-ability|p2a: Rayquaza|Air Lock\n|move|p1a: Exeggutor|Giga Drain|p2a: Rayquaza\n|-resisted|p2a: Rayquaza\n|-damage|p2a: Rayquaza|239/270\n|-heal|p1a: Exeggutor|222/312 tox|[from] drain|[of] p2a: Rayquaza\n|\n|-damage|p1a: Exeggutor|203/312 tox|[from] psn\n|upkeep\n|turn|12\n|\n|t:|1732963455\n|switch|p1a: Arbok|Arbok, L87, M|246/246\n|-damage|p1a: Arbok|216/246|[from] Stealth Rock\n|-ability|p1a: Arbok|Intimidate|boost\n|-unboost|p2a: Rayquaza|atk|1\n|move|p2a: Rayquaza|Swords Dance|p2a: Rayquaza\n|-boost|p2a: Rayquaza|atk|2\n|\n|-heal|p1a: Arbok|231/246|[from] item: Leftovers\n|upkeep\n|turn|13\n|\n|t:|1732963465\n|move|p1a: Arbok|Coil|p1a: Arbok\n|-boost|p1a: Arbok|atk|1\n|-boost|p1a: Arbok|def|1\n|-boost|p1a: Arbok|accuracy|1\n|move|p2a: Rayquaza|Earthquake|p1a: Arbok\n|-supereffective|p1a: Arbok\n|-damage|p1a: Arbok|59/246\n|\n|-heal|p1a: Arbok|74/246|[from] item: Leftovers\n|upkeep\n|turn|14\n|\n|t:|1732963473\n|move|p1a: Arbok|Gunk Shot|p2a: Rayquaza\n|-damage|p2a: Rayquaza|22/270\n|move|p2a: Rayquaza|Earthquake|p1a: Arbok\n|-supereffective|p1a: Arbok\n|-damage|p1a: Arbok|0 fnt\n|faint|p1a: Arbok\n|\n|upkeep\n|\n|t:|1732963489\n|switch|p1a: Uxie|Uxie, L83|260/260\n|-damage|p1a: Uxie|228/260|[from] Stealth Rock\n|turn|15\n|\n|t:|1732963502\n|move|p2a: Rayquaza|Extreme Speed|p1a: Uxie\n|-damage|p1a: Uxie|165/260\n|move|p1a: Uxie|Encore|p2a: Rayquaza\n|-start|p2a: Rayquaza|Encore\n|\n|-heal|p1a: Uxie|181/260|[from] item: Leftovers\n|upkeep\n|turn|16\n|\n|t:|1732963510\n|move|p2a: Rayquaza|Extreme Speed|p1a: Uxie\n|-damage|p1a: Uxie|114/260\n|move|p1a: Uxie|Psychic Noise|p2a: Rayquaza\n|-damage|p2a: Rayquaza|0 fnt\n|faint|p2a: Rayquaza\n|\n|-heal|p1a: Uxie|130/260|[from] item: Leftovers\n|upkeep\n|\n|t:|1732963526\n|switch|p2a: Basculegion|Basculegion-F, L83, F|335/335\n|turn|17\n|\n|t:|1732963543\n|switch|p1a: Dodrio|Dodrio, L86, F|243/243\n|move|p2a: Basculegion|Shadow Ball|p1a: Dodrio\n|-immune|p1a: Dodrio\n|\n|upkeep\n|turn|18\n|\n|t:|1732963551\n|switch|p2a: Raikou|Raikou, L81, tera:Water|278/278\n|-ability|p2a: Raikou|Pressure\n|move|p1a: Dodrio|Knock Off|p2a: Raikou\n|-damage|p2a: Raikou|179/278\n|-enditem|p2a: Raikou|Choice Specs|[from] move: Knock Off|[of] p1a: Dodrio\n|\n|upkeep\n|turn|19\n|\n|t:|1732963570\n|move|p1a: Dodrio|Double-Edge|p2a: Raikou\n|-damage|p2a: Raikou|20/278\n|-damage|p1a: Dodrio|191/243|[from] Recoil\n|move|p2a: Raikou|Thunderbolt|p1a: Dodrio\n|-supereffective|p1a: Dodrio\n|-damage|p1a: Dodrio|0 fnt\n|faint|p1a: Dodrio\n|\n|upkeep\n|\n|t:|1732963578\n|switch|p1a: Uxie|Uxie, L83|130/260\n|-damage|p1a: Uxie|98/260|[from] Stealth Rock\n|turn|20\n|\n|t:|1732963583\n|move|p2a: Raikou|Shadow Ball|p1a: Uxie\n|-supereffective|p1a: Uxie\n|-damage|p1a: Uxie|2/260\n|move|p1a: Uxie|U-turn|p2a: Raikou\n|-damage|p2a: Raikou|0 fnt\n|faint|p2a: Raikou\n|\n|t:|1732963588\n|switch|p1a: Houndstone|Houndstone, L86, F|264/264|[from] U-turn\n|-damage|p1a: Houndstone|231/264|[from] Stealth Rock\n|\n|-heal|p1a: Houndstone|247/264|[from] item: Leftovers\n|upkeep\n|\n|t:|1732963600\n|switch|p2a: Basculegion|Basculegion-F, L83, F|335/335\n|turn|21\n|\n|t:|1732963606\n|move|p2a: Basculegion|Shadow Ball|p1a: Houndstone\n|-supereffective|p1a: Houndstone\n|-damage|p1a: Houndstone|31/264\n|move|p1a: Houndstone|Poltergeist|p2a: Basculegion\n|-activate|p2a: Basculegion|move: Poltergeist|Assault Vest\n|-supereffective|p2a: Basculegion\n|-damage|p2a: Basculegion|27/335\n|\n|-heal|p1a: Houndstone|47/264|[from] item: Leftovers\n|upkeep\n|turn|22\n|\n|t:|1732963618\n|move|p2a: Basculegion|Shadow Ball|p1a: Houndstone\n|-supereffective|p1a: Houndstone\n|-damage|p1a: Houndstone|0 fnt\n|faint|p1a: Houndstone\n|\n|upkeep\n|\n|t:|1732963621\n|switch|p1a: Exeggutor|Exeggutor, L89, M|203/312 tox\n|-damage|p1a: Exeggutor|164/312 tox|[from] Stealth Rock\n|turn|23\n|\n|t:|1732963628\n|-terastallize|p1a: Exeggutor|Steel\n|move|p2a: Basculegion|Shadow Ball|p1a: Exeggutor\n|-damage|p1a: Exeggutor|50/312 tox\n|-unboost|p1a: Exeggutor|spd|1\n|-enditem|p1a: Exeggutor|Sitrus Berry|[eat]\n|-heal|p1a: Exeggutor|128/312 tox|[from] item: Sitrus Berry\n|move|p1a: Exeggutor|Giga Drain|p2a: Basculegion\n|-supereffective|p2a: Basculegion\n|-damage|p2a: Basculegion|0 fnt\n|-heal|p1a: Exeggutor|142/312 tox|[from] drain|[of] p2a: Basculegion\n|faint|p2a: Basculegion\n|\n|-damage|p1a: Exeggutor|123/312 tox|[from] psn\n|-item|p1a: Exeggutor|Sitrus Berry|[from] ability: Harvest\n|upkeep\n|-enditem|p1a: Exeggutor|Sitrus Berry|[eat]\n|-heal|p1a: Exeggutor|201/312 tox|[from] item: Sitrus Berry\n|\n|t:|1732963637\n|switch|p2a: Great Tusk|Great Tusk, L77|304/304\n|turn|24\n|\n|t:|1732963644\n|move|p2a: Great Tusk|Rapid Spin|p1a: Exeggutor\n|-resisted|p1a: Exeggutor\n|-damage|p1a: Exeggutor|182/312 tox\n|-boost|p2a: Great Tusk|spe|1\n|move|p1a: Exeggutor|Giga Drain|p2a: Great Tusk\n|-supereffective|p2a: Great Tusk\n|-damage|p2a: Great Tusk|0 fnt\n|-heal|p1a: Exeggutor|312/312 tox|[from] drain|[of] p2a: Great Tusk\n|faint|p2a: Great Tusk\n|-end|p2a: Great Tusk|Protosynthesis|[silent]\n|\n|-damage|p1a: Exeggutor|274/312 tox|[from] psn\n|-item|p1a: Exeggutor|Sitrus Berry|[from] ability: Harvest\n|upkeep\n|\n|t:|1732963649\n|switch|p2a: Hypno|Hypno, L95, M|236/315\n|turn|25\n|\n|t:|1732963660\n|move|p2a: Hypno|Protect|p2a: Hypno\n|-singleturn|p2a: Hypno|Protect\n|move|p1a: Exeggutor|Giga Drain|p2a: Hypno\n|-activate|p2a: Hypno|move: Protect\n|\n|-heal|p2a: Hypno|255/315|[from] item: Leftovers\n|-damage|p1a: Exeggutor|217/312 tox|[from] psn\n|upkeep\n|turn|26\n|\n|t:|1732963676\n|move|p2a: Hypno|Focus Blast|p1a: Exeggutor\n|-supereffective|p1a: Exeggutor\n|-damage|p1a: Exeggutor|0 fnt\n|faint|p1a: Exeggutor\n|\n|-heal|p2a: Hypno|274/315|[from] item: Leftovers\n|upkeep\n|\n|t:|1732963679\n|switch|p1a: Uxie|Uxie, L83|2/260\n|-damage|p1a: Uxie|0 fnt|[from] Stealth Rock\n|faint|p1a: Uxie\n|\n|win|ran co vgc\n|raw|Vlukatilos's rating: 1367 &rarr; <strong>1349</strong><br />(-18 for losing)\n|raw|ran co vgc's rating: 1399 &rarr; <strong>1417</strong><br />(+18 for winning)\n", "inputlog": ">version b107d77f5c90bd6555267ae244a6264823309ead\n>start {\"formatid\":\"gen9randombattle\",\"seed\":[12551,57815,47197,43762],\"rated\":\"Rated battle\"}\n>player p1 {\"name\":\"Vlukatilos\",\"avatar\":\"1\",\"rating\":1367,\"seed\":[25063,17327,50143,44403]}\n>player p2 {\"name\":\"ran co vgc\",\"avatar\":\"hugh\",\"rating\":1399,\"seed\":[55883,43224,46195,29525]}\n>p1 move gigadrain\n>p2 switch 2\n>p1 switch 4\n>p2 move stealthrock\n>p1 move darkpulse\n>p2 move earthquake\n>p1 move darkpulse\n>p2 move earthquake\n>p2 switch 5\n>p1 switch 4\n>p2 move scald\n>p1 move psyshock\n>p2 switch 6\n>p1 move gigadrain\n>p2 move toxic\n>p1 switch 4\n>p2 move protect\n>p1 move nastyplot\n>p2 switch 6\n>p1 move fireblast\n>p2 move scald terastallize\n>p1 switch 4\n>p1 move gigadrain\n>p2 switch 4\n>p1 switch 2\n>p2 move swordsdance\n>p1 move coil\n>p2 move earthquake\n>p1 move gunkshot\n>p2 move earthquake\n>p1 switch 6\n>p1 move encore\n>p2 move extremespeed\n>p1 move psychicnoise\n>p2 move extremespeed\n>p2 switch 3\n>p1 switch 3\n>p2 move shadowball\n>p1 move knockoff\n>p2 switch 4\n>p1 move doubleedge\n>p2 move thunderbolt\n>p1 switch 3\n>p1 move uturn\n>p2 move shadowball\n>p1 switch 5\n>p2 switch 4\n>p1 move poltergeist\n>p2 move shadowball\n>p1 move poltergeist\n>p2 move shadowball\n>p1 switch 2\n>p1 move gigadrain terastallize\n>p2 move shadowball\n>p2 switch 2\n>p1 move gigadrain\n>p2 move rapidspin\n>p2 switch 6\n>p1 move gigadrain\n>p2 move protect\n>p1 move substitute\n>p2 move focusblast\n>p1 switch 5", "uploadtime": 1732963682, "views": 1, "formatid": "gen9randombattle", "rating": 1349, "private": 0, "password": null}