{"id": "gen9randombattle-2254060638", "format": "[Gen 9] Random Battle", "players": ["Hoshiyomi35p", "jordandaman"], "log": "|j|\u2606Hoshiyomi35p\n|j|\u2606jordandaman\n|t:|1732986307\n|gametype|singles\n|player|p1|Hoshiyomi35p|lady-gen4|1794\n|player|p2|jordandaman|1|1814\n|teamsize|p1|6\n|teamsize|p2|6\n|gen|9\n|tier|[Gen 9] Random Battle\n|rated|\n|rule|Species Clause: Limit one of each Pok\u00e9mon\n|rule|HP Percentage Mod: HP is shown in percentages\n|rule|Sleep Clause Mod: Limit one foe put to sleep\n|rule|Illusion Level Mod: Illusion disguises the Pok\u00e9mon's true level\n|\n|t:|1732986307\n|start\n|switch|p1a: Krookodile|Krookodile, L80, F|283/283\n|switch|p2a: Excadrill|Excadrill, L80, M|307/307\n|-ability|p1a: Krookodile|Intimidate|boost\n|-unboost|p2a: Excadrill|atk|1\n|-ability|p2a: Excadrill|Mold Breaker\n|turn|1\n|\n|t:|1732986315\n|switch|p2a: Flamigo|Flamigo, L82, F|269/269\n|move|p1a: Krookodile|Bulk Up|p1a: Krookodile\n|-boost|p1a: Krookodile|atk|1\n|-boost|p1a: Krookodile|def|1\n|\n|upkeep\n|turn|2\n|inactive|Battle timer is ON: inactive players will automatically lose when time's up. (requested by jordandaman)\n|\n|t:|1732986338\n|move|p2a: Flamigo|Close Combat|p1a: Krookodile\n|-supereffective|p1a: Krookodile\n|-damage|p1a: Krookodile|26/283\n|-unboost|p2a: Flamigo|def|1\n|-unboost|p2a: Flamigo|spd|1\n|-damage|p2a: Flamigo|243/269|[from] item: Life Orb\n|move|p1a: Krookodile|Gunk Shot|p2a: Flamigo\n|-damage|p2a: Flamigo|0 fnt\n|faint|p2a: Flamigo\n|-damage|p1a: Krookodile|0 fnt|[from] item: Life Orb\n|faint|p1a: Krookodile\n|\n|upkeep\n|\n|t:|1732986361\n|switch|p2a: Shaymin|Shaymin, L82|298/298\n|switch|p1a: Swanna|Swanna, L88, M|275/275\n|turn|3\n|\n|t:|1732986370\n|switch|p2a: Tinkaton|Tinkaton, L82, F|274/274\n|-ability|p2a: Tinkaton|Mold Breaker\n|move|p1a: Swanna|Brave Bird|p2a: Tinkaton\n|-resisted|p2a: Tinkaton\n|-damage|p2a: Tinkaton|200/274\n|-damage|p1a: Swanna|251/275|[from] Recoil\n|\n|-heal|p2a: Tinkaton|217/274|[from] item: Leftovers\n|upkeep\n|turn|4\n|\n|t:|1732986386\n|switch|p1a: Bellibolt|Bellibolt, L84, M|320/320\n|move|p2a: Tinkaton|Knock Off|p1a: Bellibolt\n|-damage|p1a: Bellibolt|266/320\n|-start|p1a: Bellibolt|Charge|Knock Off|[from] ability: Electromorphosis\n|-enditem|p1a: Bellibolt|Leftovers|[from] move: Knock Off|[of] p2a: Tinkaton\n|\n|-heal|p2a: Tinkaton|234/274|[from] item: Leftovers\n|upkeep\n|turn|5\n|\n|t:|1732986401\n|move|p2a: Tinkaton|Play Rough|p1a: Bellibolt\n|-damage|p1a: Bellibolt|194/320\n|-unboost|p1a: Bellibolt|atk|1\n|-start|p1a: Bellibolt|Charge|Play Rough|[from] ability: Electromorphosis\n|move|p1a: Bellibolt|Muddy Water|p2a: Tinkaton\n|-damage|p2a: Tinkaton|177/274\n|-unboost|p2a: Tinkaton|accuracy|1\n|\n|-heal|p2a: Tinkaton|194/274|[from] item: Leftovers\n|upkeep\n|turn|6\n|\n|t:|1732986410\n|switch|p2a: Excadrill|Excadrill, L80, M|307/307\n|-ability|p2a: Excadrill|Mold Breaker\n|move|p1a: Bellibolt|Slack Off|p1a: Bellibolt\n|-heal|p1a: Bellibolt|320/320\n|\n|upkeep\n|turn|7\n|\n|t:|1732986421\n|move|p2a: Excadrill|Earthquake|p1a: Bellibolt\n|-supereffective|p1a: Bellibolt\n|-damage|p1a: Bellibolt|50/320\n|-start|p1a: Bellibolt|Charge|Earthquake|[from] ability: Electromorphosis\n|move|p1a: Bellibolt|Muddy Water|p2a: Excadrill\n|-supereffective|p2a: Excadrill\n|-damage|p2a: Excadrill|191/307\n|\n|upkeep\n|turn|8\n|\n|t:|1732986429\n|switch|p1a: Swanna|Swanna, L88, M|251/275\n|move|p2a: Excadrill|Rock Slide|p1a: Swanna\n|-supereffective|p1a: Swanna\n|-damage|p1a: Swanna|83/275\n|\n|upkeep\n|turn|9\n|\n|t:|1732986438\n|move|p1a: Swanna|Brave Bird|p2a: Excadrill\n|-resisted|p2a: Excadrill\n|-damage|p2a: Excadrill|108/307\n|-damage|p1a: Swanna|56/275|[from] Recoil\n|move|p2a: Excadrill|Rock Slide|p1a: Swanna\n|-supereffective|p1a: Swanna\n|-damage|p1a: Swanna|0 fnt\n|faint|p1a: Swanna\n|\n|upkeep\n|\n|t:|1732986452\n|switch|p1a: Ninetales|Ninetales-Alola, L78, F|242/242\n|-weather|Snow|[from] ability: Snow Warning|[of] p1a: Ninetales\n|turn|10\n|\n|t:|1732986461\n|move|p1a: Ninetales|Blizzard|p2a: Excadrill\n|-damage|p2a: Excadrill|32/307\n|move|p2a: Excadrill|Iron Head|p1a: Ninetales\n|-supereffective|p1a: Ninetales\n|-damage|p1a: Ninetales|0 fnt\n|faint|p1a: Ninetales\n|\n|-weather|Snow|[upkeep]\n|upkeep\n|\n|t:|1732986472\n|switch|p1a: Corviknight|Corviknight, L80, M|288/288\n|-ability|p1a: Corviknight|Pressure\n|turn|11\n|\n|t:|1732986481\n|switch|p2a: Tinkaton|Tinkaton, L82, F|194/274\n|-ability|p2a: Tinkaton|Mold Breaker\n|move|p1a: Corviknight|Brave Bird|p2a: Tinkaton\n|-resisted|p2a: Tinkaton\n|-damage|p2a: Tinkaton|137/274\n|-damage|p1a: Corviknight|269/288|[from] Recoil\n|\n|-weather|Snow|[upkeep]\n|-heal|p2a: Tinkaton|154/274|[from] item: Leftovers\n|upkeep\n|turn|12\n|\n|t:|1732986489\n|move|p2a: Tinkaton|Encore|p1a: Corviknight\n|-start|p1a: Corviknight|Encore\n|move|p1a: Corviknight|Brave Bird|p2a: Tinkaton\n|-resisted|p2a: Tinkaton\n|-damage|p2a: Tinkaton|98/274\n|-damage|p1a: Corviknight|251/288|[from] Recoil\n|\n|-weather|Snow|[upkeep]\n|-heal|p2a: Tinkaton|115/274|[from] item: Leftovers\n|upkeep\n|turn|13\n|\n|t:|1732986492\n|move|p2a: Tinkaton|Knock Off|p1a: Corviknight\n|-damage|p1a: Corviknight|199/288\n|-damage|p2a: Tinkaton|70/274|[from] item: Rocky Helmet|[of] p1a: Corviknight\n|-enditem|p1a: Corviknight|Rocky Helmet|[from] move: Knock Off|[of] p2a: Tinkaton\n|move|p1a: Corviknight|Brave Bird|p2a: Tinkaton\n|-resisted|p2a: Tinkaton\n|-damage|p2a: Tinkaton|8/274\n|-damage|p1a: Corviknight|179/288|[from] Recoil\n|\n|-weather|Snow|[upkeep]\n|-heal|p2a: Tinkaton|25/274|[from] item: Leftovers\n|upkeep\n|turn|14\n|\n|t:|1732986499\n|move|p2a: Tinkaton|Gigaton Hammer|p1a: Corviknight\n|-resisted|p1a: Corviknight\n|-damage|p1a: Corviknight|122/288\n|move|p1a: Corviknight|Brave Bird|p2a: Tinkaton\n|-resisted|p2a: Tinkaton\n|-damage|p2a: Tinkaton|0 fnt\n|faint|p2a: Tinkaton\n|-damage|p1a: Corviknight|114/288|[from] Recoil\n|\n|-weather|none\n|-end|p1a: Corviknight|Encore\n|upkeep\n|\n|t:|1732986505\n|switch|p2a: Iron Valiant|Iron Valiant, L78|244/244\n|turn|15\n|\n|t:|1732986509\n|move|p2a: Iron Valiant|Close Combat|p1a: Corviknight\n|-damage|p1a: Corviknight|0 fnt\n|-unboost|p2a: Iron Valiant|def|1\n|-unboost|p2a: Iron Valiant|spd|1\n|faint|p1a: Corviknight\n|-damage|p2a: Iron Valiant|220/244|[from] item: Life Orb\n|\n|upkeep\n|\n|t:|1732986514\n|switch|p1a: Ribombee|Ribombee, L82, M|233/233\n|turn|16\n|\n|t:|1732986525\n|-end|p2a: Iron Valiant|Quark Drive|[silent]\n|switch|p2a: Excadrill|Excadrill, L80, M|32/307\n|-ability|p2a: Excadrill|Mold Breaker\n|move|p1a: Ribombee|Moonblast|p2a: Excadrill\n|-resisted|p2a: Excadrill\n|-damage|p2a: Excadrill|0 fnt\n|faint|p2a: Excadrill\n|\n|upkeep\n|\n|t:|1732986528\n|switch|p2a: Cinccino|Cinccino, L83, F|260/260\n|turn|17\n|\n|t:|1732986533\n|move|p1a: Ribombee|Stun Spore|p2a: Cinccino\n|-status|p2a: Cinccino|par\n|move|p2a: Cinccino|Tidy Up|p2a: Cinccino\n|-boost|p2a: Cinccino|atk|1\n|-boost|p2a: Cinccino|spe|1\n|\n|upkeep\n|turn|18\n|\n|t:|1732986541\n|-terastallize|p1a: Ribombee|Ghost\n|move|p1a: Ribombee|Moonblast|p2a: Cinccino\n|-damage|p2a: Cinccino|134/260 par\n|-unboost|p2a: Cinccino|spa|1\n|move|p2a: Cinccino|Tail Slap|p1a: Ribombee\n|-immune|p1a: Ribombee\n|\n|upkeep\n|turn|19\n|\n|t:|1732986554\n|-terastallize|p2a: Cinccino|Grass\n|move|p1a: Ribombee|Bug Buzz|p2a: Cinccino\n|-supereffective|p2a: Cinccino\n|-damage|p2a: Cinccino|0 fnt\n|faint|p2a: Cinccino\n|\n|upkeep\n|\n|t:|1732986560\n|switch|p2a: Shaymin|Shaymin, L82|298/298\n|turn|20\n|\n|t:|1732986564\n|move|p1a: Ribombee|Bug Buzz|p2a: Shaymin\n|-supereffective|p2a: Shaymin\n|-damage|p2a: Shaymin|146/298\n|move|p2a: Shaymin|Seed Flare|p1a: Ribombee\n|-damage|p1a: Ribombee|71/233\n|\n|-heal|p2a: Shaymin|164/298|[from] item: Leftovers\n|upkeep\n|turn|21\n|\n|t:|1732986573\n|move|p1a: Ribombee|Bug Buzz|p2a: Shaymin\n|-supereffective|p2a: Shaymin\n|-damage|p2a: Shaymin|0 fnt\n|faint|p2a: Shaymin\n|\n|upkeep\n|\n|t:|1732986576\n|switch|p2a: Iron Valiant|Iron Valiant, L78|220/244\n|turn|22\n|\n|t:|1732986581\n|move|p1a: Ribombee|Moonblast|p2a: Iron Valiant\n|-supereffective|p2a: Iron Valiant\n|-crit|p2a: Iron Valiant\n|-damage|p2a: Iron Valiant|0 fnt\n|faint|p2a: Iron Valiant\n|-end|p2a: Iron Valiant|Quark Drive|[silent]\n|\n|win|Hoshiyomi35p\n|raw|Hoshiyomi35p's rating: 1794 &rarr; <strong>1815</strong><br />(+21 for winning)\n|raw|jordandaman's rating: 1814 &rarr; <strong>1793</strong><br />(-21 for losing)\n|l|\u2606jordandaman\n|player|p2|\n|c|\u2606Hoshiyomi35p|ez\n|l|\u2606Hoshiyomi35p\n|player|p1|\n|j|\u2606Hoshiyomi35p\n|player|p1|Hoshiyomi35p|lady-gen4|\n", "inputlog": ">version b107d77f5c90bd6555267ae244a6264823309ead\n>start {\"formatid\":\"gen9randombattle\",\"seed\":[33161,43282,55549,21220],\"rated\":\"Rated battle\"}\n>player p1 {\"name\":\"Hoshiyomi35p\",\"avatar\":\"lady-gen4\",\"rating\":1794,\"seed\":[49397,2473,5745,7031]}\n>player p2 {\"name\":\"jordandaman\",\"avatar\":\"1\",\"rating\":1814,\"seed\":[8589,51600,34749,15116]}\n>p1 move bulkup\n>p2 switch 5\n>p1 move gunkshot\n>p2 move closecombat\n>p1 switch 4\n>p2 switch 4\n>p1 move bravebird\n>p2 switch 2\n>p1 switch 3\n>p2 move knockoff\n>p1 move muddywater\n>p2 move playrough\n>p1 move slackoff\n>p2 switch 5\n>p1 move muddywater\n>p2 move earthquake\n>p1 switch 3\n>p2 move rockslide\n>p1 move bravebird\n>p2 move rockslide\n>p1 switch 5\n>p1 move blizzard\n>p2 move ironhead\n>p1 switch 2\n>p1 move bravebird\n>p2 switch 5\n>p1 move uturn\n>p2 move encore\n>p1 move bravebird\n>p2 move knockoff\n>p1 move bravebird\n>p2 move gigatonhammer\n>p2 switch 6\n>p1 move roost\n>p2 move closecombat\n>p1 switch 6\n>p1 move moonblast\n>p2 switch 5\n>p2 switch 3\n>p1 move stunspore\n>p2 move tidyup\n>p1 move moonblast terastallize\n>p2 move tailslap\n>p1 move bugbuzz\n>p2 move bulletseed terastallize\n>p2 switch 2\n>p1 move bugbuzz\n>p2 move seedflare\n>p1 move bugbuzz\n>p2 move airslash\n>p2 switch 5\n>p1 move moonblast\n>p2 move moonblast", "uploadtime": 1732986595, "views": 2, "formatid": "gen9randombattle", "rating": 1793, "private": 0, "password": null}