{"id": "gen9randombattle-2254172141", "format": "[Gen 9] Random Battle", "players": ["bellenguer2", "GJBear"], "log": "|j|\u2606bellenguer2\n|j|\u2606GJBear\n|t:|1733000147\n|gametype|singles\n|player|p1|bellenguer2|dawn|1743\n|player|p2|GJBear|gentleman-gen4|1698\n|teamsize|p1|6\n|teamsize|p2|6\n|gen|9\n|tier|[Gen 9] Random Battle\n|rated|\n|rule|Species Clause: Limit one of each Pok\u00e9mon\n|rule|HP Percentage Mod: HP is shown in percentages\n|rule|Sleep Clause Mod: Limit one foe put to sleep\n|rule|Illusion Level Mod: Illusion disguises the Pok\u00e9mon's true level\n|\n|t:|1733000147\n|start\n|switch|p1a: Tropius|Tropius, L91, M|328/328\n|switch|p2a: Minun|Minun, L95, F|268/268\n|turn|1\n|\n|t:|1733000161\n|switch|p2a: Tornadus|Tornadus, L82, M|263/263\n|switch|p1a: Sinistcha|Sinistcha, L83|254/254\n|\n|upkeep\n|turn|2\n|\n|t:|1733000170\n|move|p2a: Tornadus|Bleakwind Storm|p1a: Sinistcha\n|-supereffective|p1a: Sinistcha\n|-damage|p1a: Sinistcha|0 fnt\n|faint|p1a: Sinistcha\n|\n|upkeep\n|\n|t:|1733000183\n|switch|p1a: Kleavor|Kleavor, L78, M|237/237\n|turn|3\n|\n|t:|1733000209\n|switch|p2a: Muk|Muk, L86, F|321/321\n|move|p1a: Kleavor|Stone Axe|p2a: Muk\n|-damage|p2a: Muk|189/321\n|-sidestart|p2: GJBear|move: Stealth Rock\n|\n|upkeep\n|turn|4\n|inactive|Battle timer is ON: inactive players will automatically lose when time's up. (requested by GJBear)\n|\n|t:|1733000242\n|move|p1a: Kleavor|Stone Axe|p2a: Muk\n|-damage|p2a: Muk|66/321\n|move|p2a: Muk|Knock Off|p1a: Kleavor\n|-damage|p1a: Kleavor|163/237\n|-enditem|p1a: Kleavor|Heavy-Duty Boots|[from] move: Knock Off|[of] p2a: Muk\n|\n|upkeep\n|turn|5\n|\n|t:|1733000251\n|move|p2a: Muk|Shadow Sneak|p1a: Kleavor\n|-damage|p1a: Kleavor|130/237\n|-status|p1a: Kleavor|psn|[from] ability: Poison Touch|[of] p2a: Muk\n|move|p1a: Kleavor|Stone Axe|p2a: Muk\n|-damage|p2a: Muk|0 fnt\n|faint|p2a: Muk\n|\n|-damage|p1a: Kleavor|101/237 psn|[from] psn\n|upkeep\n|\n|t:|1733000261\n|switch|p2a: Minun|Minun, L95, F|268/268\n|-damage|p2a: Minun|235/268|[from] Stealth Rock\n|turn|6\n|\n|t:|1733000282\n|move|p2a: Minun|Thunderbolt|p1a: Kleavor\n|-damage|p1a: Kleavor|0 fnt\n|faint|p1a: Kleavor\n|-damage|p2a: Minun|209/268|[from] item: Life Orb\n|\n|upkeep\n|inactive|bellenguer2 has 120 seconds left.\n|\n|t:|1733000307\n|switch|p1a: Terapagos|Terapagos, L76, F|262/262\n|-activate|p1a: Terapagos|ability: Tera Shift\n|detailschange|p1a: Terapagos|Terapagos-Terastal, L76, F\n|-heal|p1a: Terapagos|269/269|[silent]\n|turn|7\n|\n|t:|1733000321\n|switch|p2a: Glalie|Glalie, L96, M|309/309\n|move|p1a: Terapagos|Calm Mind|p1a: Terapagos\n|-boost|p1a: Terapagos|spa|1\n|-boost|p1a: Terapagos|spd|1\n|\n|upkeep\n|turn|8\n|\n|t:|1733000328\n|move|p2a: Glalie|Taunt|p1a: Terapagos\n|-start|p1a: Terapagos|move: Taunt\n|move|p1a: Terapagos|Tera Starstorm|p2a: Glalie\n|-damage|p2a: Glalie|150/309\n|\n|upkeep\n|turn|9\n|\n|t:|1733000336\n|move|p2a: Glalie|Freeze-Dry|p1a: Terapagos\n|-activate|p1a: Terapagos|ability: Tera Shell\n|-resisted|p1a: Terapagos\n|-damage|p1a: Terapagos|245/269\n|move|p1a: Terapagos|Tera Starstorm|p2a: Glalie\n|-damage|p2a: Glalie|0 fnt\n|faint|p2a: Glalie\n|\n|upkeep\n|\n|t:|1733000346\n|switch|p2a: Skuntank|Skuntank, L84, F|310/310\n|-damage|p2a: Skuntank|272/310|[from] Stealth Rock\n|turn|10\n|\n|t:|1733000354\n|switch|p1a: Emboar|Emboar, L84, F|322/322\n|move|p2a: Skuntank|Knock Off|p1a: Emboar\n|-resisted|p1a: Emboar\n|-damage|p1a: Emboar|239/322\n|-enditem|p1a: Emboar|Leftovers|[from] move: Knock Off|[of] p2a: Skuntank\n|-damage|p2a: Skuntank|241/310|[from] item: Life Orb\n|\n|upkeep\n|turn|11\n|\n|t:|1733000370\n|move|p2a: Skuntank|Toxic Spikes|p1a: Emboar\n|-sidestart|p1: bellenguer2|move: Toxic Spikes\n|move|p1a: Emboar|Trailblaze|p2a: Skuntank\n|-resisted|p2a: Skuntank\n|-crit|p2a: Skuntank\n|-damage|p2a: Skuntank|205/310\n|-boost|p1a: Emboar|spe|1\n|\n|upkeep\n|turn|12\n|\n|t:|1733000379\n|move|p1a: Emboar|Flare Blitz|p2a: Skuntank\n|-damage|p2a: Skuntank|0 fnt\n|-damage|p1a: Emboar|159/322|[from] ability: Aftermath|[of] p2a: Skuntank\n|faint|p2a: Skuntank\n|-damage|p1a: Emboar|91/322|[from] Recoil\n|\n|upkeep\n|\n|t:|1733000389\n|switch|p2a: Honchkrow|Honchkrow, L86, F|312/312\n|turn|13\n|inactive|bellenguer2 has 120 seconds left.\n|\n|t:|1733000420\n|move|p1a: Emboar|Flare Blitz|p2a: Honchkrow\n|-damage|p2a: Honchkrow|65/312\n|-damage|p1a: Emboar|9/322|[from] Recoil\n|move|p2a: Honchkrow|Brave Bird|p1a: Emboar\n|-supereffective|p1a: Emboar\n|-damage|p1a: Emboar|0 fnt\n|faint|p1a: Emboar\n|-ability|p2a: Honchkrow|Moxie|boost\n|-boost|p2a: Honchkrow|atk|1\n|-damage|p2a: Honchkrow|62/312|[from] Recoil\n|\n|upkeep\n|inactive|bellenguer2 has 120 seconds left.\n|\n|t:|1733000449\n|switch|p1a: Deoxys|Deoxys, L74|196/196\n|-status|p1a: Deoxys|psn\n|-ability|p1a: Deoxys|Pressure\n|turn|14\n|\n|t:|1733000455\n|move|p1a: Deoxys|Extreme Speed|p2a: Honchkrow\n|-damage|p2a: Honchkrow|0 fnt\n|faint|p2a: Honchkrow\n|-damage|p1a: Deoxys|177/196 psn|[from] item: Life Orb\n|\n|-damage|p1a: Deoxys|153/196 psn|[from] psn\n|upkeep\n|\n|t:|1733000462\n|switch|p2a: Minun|Minun, L95, F|209/268\n|-damage|p2a: Minun|176/268|[from] Stealth Rock\n|turn|15\n|\n|t:|1733000468\n|move|p1a: Deoxys|Psycho Boost|p2a: Minun|[miss]\n|-miss|p1a: Deoxys|p2a: Minun\n|move|p2a: Minun|Thunderbolt|p1a: Deoxys\n|-damage|p1a: Deoxys|0 fnt\n|faint|p1a: Deoxys\n|-damage|p2a: Minun|150/268|[from] item: Life Orb\n|\n|upkeep\n|\n|t:|1733000483\n|switch|p1a: Terapagos|Terapagos-Terastal, L76, F|245/269\n|-status|p1a: Terapagos|psn\n|turn|16\n|\n|t:|1733000489\n|move|p2a: Minun|Nasty Plot|p2a: Minun\n|-boost|p2a: Minun|spa|2\n|move|p1a: Terapagos|Rest|p1a: Terapagos\n|-status|p1a: Terapagos|slp|[from] move: Rest\n|-heal|p1a: Terapagos|269/269 slp|[silent]\n|-enditem|p1a: Terapagos|Chesto Berry|[eat]\n|-curestatus|p1a: Terapagos|slp|[msg]\n|\n|upkeep\n|turn|17\n|inactive|bellenguer2 has 120 seconds left.\n|\n|t:|1733000497\n|move|p2a: Minun|Thunderbolt|p1a: Terapagos\n|-activate|p1a: Terapagos|ability: Tera Shell\n|-resisted|p1a: Terapagos\n|-damage|p1a: Terapagos|151/269\n|-damage|p2a: Minun|124/268|[from] item: Life Orb\n|move|p1a: Terapagos|Tera Starstorm|p2a: Minun\n|-damage|p2a: Minun|27/268\n|\n|upkeep\n|turn|18\n|inactive|bellenguer2 has 120 seconds left.\n|\n|t:|1733000509\n|move|p2a: Minun|Thunderbolt|p1a: Terapagos\n|-damage|p1a: Terapagos|0 fnt\n|faint|p1a: Terapagos\n|-damage|p2a: Minun|1/268|[from] item: Life Orb\n|\n|upkeep\n|\n|t:|1733000512\n|switch|p1a: Tropius|Tropius, L91, M|328/328\n|turn|19\n|\n|t:|1733000515\n|-terastallize|p1a: Tropius|Ground\n|move|p2a: Minun|Thunderbolt|p1a: Tropius\n|-immune|p1a: Tropius\n|move|p1a: Tropius|Dragon Dance|p1a: Tropius\n|-boost|p1a: Tropius|atk|1\n|-boost|p1a: Tropius|spe|1\n|\n|upkeep\n|turn|20\n|\n|t:|1733000526\n|move|p2a: Minun|Grass Knot|p1a: Tropius\n|-supereffective|p1a: Tropius\n|-damage|p1a: Tropius|0 fnt\n|faint|p1a: Tropius\n|-damage|p2a: Minun|0 fnt|[from] item: Life Orb\n|faint|p2a: Minun\n|\n|win|GJBear\n|raw|bellenguer2's rating: 1743 &rarr; <strong>1720</strong><br />(-23 for losing)\n|raw|GJBear's rating: 1698 &rarr; <strong>1721</strong><br />(+23 for winning)\n", "inputlog": ">version b107d77f5c90bd6555267ae244a6264823309ead\n>start {\"formatid\":\"gen9randombattle\",\"seed\":[36789,414,57760,35882],\"rated\":\"Rated battle\"}\n>player p1 {\"name\":\"bellenguer2\",\"avatar\":\"dawn\",\"rating\":1743,\"seed\":[8173,39877,34483,19760]}\n>player p2 {\"name\":\"GJBear\",\"avatar\":\"gentleman-gen4\",\"rating\":1698,\"seed\":[59604,38743,62279,55685]}\n>p1 switch 4\n>p2 switch 3\n>p1 move shadowball\n>p2 move bleakwindstorm\n>p1 switch 2\n>p1 move stoneaxe\n>p2 switch 2\n>p1 move stoneaxe\n>p2 move knockoff\n>p1 move stoneaxe\n>p2 move shadowsneak\n>p2 switch 3\n>p1 move xscissor\n>p2 move thunderbolt\n>p1 switch 5\n>p1 move calmmind\n>p2 switch 4\n>p1 move terastarstorm\n>p2 move taunt\n>p1 move terastarstorm\n>p2 move freezedry\n>p2 switch 6\n>p1 switch 3\n>p2 move knockoff\n>p1 move trailblaze\n>p2 move toxicspikes\n>p1 move flareblitz\n>p2 move toxicspikes\n>p2 switch 5\n>p1 move flareblitz\n>p2 move bravebird\n>p1 switch 6\n>p1 move extremespeed\n>p2 move suckerpunch\n>p2 switch 4\n>p1 move psychoboost\n>p2 move thunderbolt\n>p1 switch 3\n>p1 move rest\n>p2 move nastyplot\n>p1 move terastarstorm\n>p2 move thunderbolt\n>p1 move rest\n>p2 move thunderbolt\n>p1 switch 4\n>p1 move dragondance terastallize\n>p2 move thunderbolt\n>p1 move dragondance\n>p2 move grassknot", "uploadtime": 1733000529, "views": 1, "formatid": "gen9randombattle", "rating": 1720, "private": 0, "password": null}