{"id": "gen9randombattle-2254147962", "format": "[Gen 9] Random Battle", "players": ["paysa", "HeartofElixir"], "log": "|badge|p1|gold|gen9randombattle|3-3\n|uhtml|medal-msg|<div class=\"broadcast-blue\">Curious what those medals under the avatar are? PS now has Ladder Seasons! For more information, check out the <a href=\"https://www.smogon.com/forums/threads/3740067/\">thread on Smogon.</a></div>\n|badge|p2|bronze|gen9randombattle|100-3\n|uhtml|medal-msg|<div class=\"broadcast-blue\">Curious what those medals under the avatar are? PS now has Ladder Seasons! For more information, check out the <a href=\"https://www.smogon.com/forums/threads/3740067/\">thread on Smogon.</a></div>\n|j|\u2606paysa\n|j|\u2606HeartofElixir\n|t:|1732997108\n|gametype|singles\n|player|p1|paysa|101|2571\n|player|p2|HeartofElixir|steven|2375\n|teamsize|p1|6\n|teamsize|p2|6\n|gen|9\n|tier|[Gen 9] Random Battle\n|rated|\n|rule|Species Clause: Limit one of each Pok\u00e9mon\n|rule|HP Percentage Mod: HP is shown in percentages\n|rule|Sleep Clause Mod: Limit one foe put to sleep\n|rule|Illusion Level Mod: Illusion disguises the Pok\u00e9mon's true level\n|\n|t:|1732997108\n|start\n|switch|p1a: Gliscor|Gliscor, L76, M|239/239\n|switch|p2a: Zapdos|Zapdos, L78|268/268\n|turn|1\n|inactive|Battle timer is ON: inactive players will automatically lose when time's up. (requested by paysa)\n|j| hammy358\n|\n|t:|1732997131\n|move|p2a: Zapdos|Hurricane|p1a: Gliscor\n|-crit|p1a: Gliscor\n|-damage|p1a: Gliscor|26/239\n|move|p1a: Gliscor|Toxic|p2a: Zapdos\n|-status|p2a: Zapdos|tox\n|\n|-damage|p2a: Zapdos|252/268 tox|[from] psn\n|-status|p1a: Gliscor|tox|[from] item: Toxic Orb\n|upkeep\n|turn|2\n|\n|t:|1732997146\n|switch|p1a: Slowbro|Slowbro, L85, M|300/300\n|move|p2a: Zapdos|Hurricane|p1a: Slowbro\n|-damage|p1a: Slowbro|207/300\n|\n|-damage|p2a: Zapdos|220/268 tox|[from] psn\n|upkeep\n|turn|3\n|l| hammy358\n|\n|t:|1732997156\n|move|p2a: Zapdos|U-turn|p1a: Slowbro\n|-supereffective|p1a: Slowbro\n|-damage|p1a: Slowbro|139/300\n|\n|t:|1732997159\n|switch|p2a: Lokix|Lokix, L82, M|251/251|[from] U-turn\n|move|p1a: Slowbro|Ice Beam|p2a: Lokix\n|-damage|p2a: Lokix|154/251\n|\n|upkeep\n|turn|4\n|\n|t:|1732997170\n|switch|p1a: Tinkaton|Tinkaton, L82, F|274/274\n|-ability|p1a: Tinkaton|Mold Breaker\n|move|p2a: Lokix|Knock Off|p1a: Tinkaton\n|-resisted|p1a: Tinkaton\n|-damage|p1a: Tinkaton|152/274\n|-enditem|p1a: Tinkaton|Leftovers|[from] move: Knock Off|[of] p2a: Lokix\n|\n|upkeep\n|turn|5\n|\n|t:|1732997186\n|switch|p2a: Toxicroak|Toxicroak, L84, M|277/277\n|move|p1a: Tinkaton|Stealth Rock|p2a: Toxicroak\n|-sidestart|p2: HeartofElixir|move: Stealth Rock\n|\n|upkeep\n|turn|6\n|\n|t:|1732997198\n|move|p1a: Tinkaton|Thunder Wave|p2a: Toxicroak\n|-status|p2a: Toxicroak|par\n|move|p2a: Toxicroak|Earthquake|p1a: Tinkaton\n|-supereffective|p1a: Tinkaton\n|-damage|p1a: Tinkaton|0 fnt\n|faint|p1a: Tinkaton\n|-damage|p2a: Toxicroak|250/277 par|[from] item: Life Orb\n|\n|upkeep\n|inactive|paysa has 120 seconds left.\n|\n|t:|1732997219\n|switch|p1a: Perrserker|Perrserker, L89, F|269/269\n|turn|7\n|\n|t:|1732997222\n|move|p1a: Perrserker|Iron Head|p2a: Toxicroak\n|-damage|p2a: Toxicroak|0 fnt\n|faint|p2a: Toxicroak\n|\n|upkeep\n|inactive|HeartofElixir has 120 seconds left.\n|\n|t:|1732997256\n|switch|p2a: Pawmot|Pawmot, L80, M|243/243\n|-damage|p2a: Pawmot|228/243|[from] Stealth Rock\n|turn|8\n|inactive|HeartofElixir has 120 seconds left.\n|inactive|paysa has 120 seconds left.\n|inactive|paysa has 90 seconds left.\n|\n|t:|1732997314\n|switch|p1a: Victreebel|Victreebel, L90, F|290/290\n|move|p2a: Pawmot|Revival Blessing|p2a: Pawmot\n|-enditem|p2a: Pawmot|Leppa Berry|[eat]\n|-activate|p2a: Pawmot|item: Leppa Berry|Revival Blessing|[consumed]\n|\n|t:|1732997318\n|-heal|p2: Toxicroak|138/277|[from] move: Revival Blessing\n|\n|upkeep\n|turn|9\n|inactive|paysa has 90 seconds left.\n|\n|t:|1732997339\n|switch|p2a: Slaking|Slaking, L84, F|389/389\n|-damage|p2a: Slaking|341/389|[from] Stealth Rock\n|move|p1a: Victreebel|Power Whip|p2a: Slaking\n|-damage|p2a: Slaking|154/389\n|-damage|p1a: Victreebel|261/290|[from] item: Life Orb\n|\n|upkeep\n|turn|10\n|inactive|paysa has 90 seconds left.\n|\n|t:|1732997361\n|switch|p1a: Perrserker|Perrserker, L89, F|269/269\n|move|p2a: Slaking|Double-Edge|p1a: Perrserker\n|-resisted|p1a: Perrserker\n|-damage|p1a: Perrserker|154/269\n|-damage|p2a: Slaking|116/389|[from] Recoil\n|\n|upkeep\n|turn|11\n|j| MDILL97\n|\n|t:|1732997374\n|cant|p2a: Slaking|ability: Truant\n|move|p1a: Perrserker|U-turn|p2a: Slaking\n|-damage|p2a: Slaking|30/389\n|\n|t:|1732997377\n|switch|p1a: Gliscor|Gliscor, L76, M|26/239 tox|[from] U-turn\n|\n|-heal|p1a: Gliscor|55/239 tox|[from] ability: Poison Heal\n|upkeep\n|turn|12\n|\n|t:|1732997393\n|switch|p2a: Shiftry|Shiftry, L89, M|305/305\n|-damage|p2a: Shiftry|267/305|[from] Stealth Rock\n|move|p1a: Gliscor|Protect||[still]\n|-fail|p1a: Gliscor\n|\n|-heal|p1a: Gliscor|84/239 tox|[from] ability: Poison Heal\n|upkeep\n|turn|13\n|\n|t:|1732997418\n|move|p1a: Gliscor|Protect|p1a: Gliscor\n|-singleturn|p1a: Gliscor|Protect\n|move|p2a: Shiftry|Knock Off|p1a: Gliscor\n|-activate|p1a: Gliscor|move: Protect\n|\n|-heal|p1a: Gliscor|113/239 tox|[from] ability: Poison Heal\n|upkeep\n|turn|14\n|\n|t:|1732997422\n|move|p2a: Shiftry|Knock Off|p1a: Gliscor\n|-damage|p1a: Gliscor|0 fnt\n|-enditem|p1a: Gliscor|Toxic Orb|[from] move: Knock Off|[of] p2a: Shiftry\n|faint|p1a: Gliscor\n|-damage|p2a: Shiftry|237/305|[from] item: Life Orb\n|\n|upkeep\n|inactive|paysa has 60 seconds left.\n|\n|t:|1732997455\n|switch|p1a: Perrserker|Perrserker, L89, F|154/269\n|turn|15\n|\n|t:|1732997460\n|switch|p2a: Slaking|Slaking, L84, F|30/389\n|-damage|p2a: Slaking|0 fnt|[from] Stealth Rock\n|faint|p2a: Slaking\n|move|p1a: Perrserker|U-turn|p2: Slaking|[notarget]\n|-fail|p1a: Perrserker\n|\n|upkeep\n|\n|t:|1732997465\n|switch|p2a: Zapdos|Zapdos, L78|220/268 tox\n|turn|16\n|\n|t:|1732997476\n|switch|p1a: Victreebel|Victreebel, L90, F|261/290\n|move|p2a: Zapdos|Discharge|p1a: Victreebel\n|-resisted|p1a: Victreebel\n|-damage|p1a: Victreebel|208/290\n|-status|p1a: Victreebel|par\n|\n|-damage|p2a: Zapdos|204/268 tox|[from] psn\n|upkeep\n|turn|17\n|\n|t:|1732997489\n|switch|p1a: Slowbro|Slowbro, L85, M|239/300\n|move|p2a: Zapdos|Hurricane|p1a: Slowbro\n|-damage|p1a: Slowbro|143/300\n|\n|-damage|p2a: Zapdos|172/268 tox|[from] psn\n|upkeep\n|turn|18\n|\n|t:|1732997505\n|move|p2a: Zapdos|Discharge|p1a: Slowbro\n|-supereffective|p1a: Slowbro\n|-damage|p1a: Slowbro|17/300\n|move|p1a: Slowbro|Ice Beam|p2a: Zapdos\n|-supereffective|p2a: Zapdos\n|-damage|p2a: Zapdos|24/268 tox\n|\n|-damage|p2a: Zapdos|0 fnt|[from] psn\n|faint|p2a: Zapdos\n|upkeep\n|\n|t:|1732997510\n|switch|p2a: Lokix|Lokix, L82, M|154/251\n|-damage|p2a: Lokix|92/251|[from] Stealth Rock\n|turn|19\n|inactive|paysa has 60 seconds left.\n|\n|t:|1732997548\n|switch|p1a: Perrserker|Perrserker, L89, F|154/269\n|move|p2a: Lokix|First Impression|p1a: Perrserker\n|-resisted|p1a: Perrserker\n|-damage|p1a: Perrserker|64/269\n|\n|upkeep\n|turn|20\n|j| wanted fame=got it\n|\n|t:|1732997565\n|move|p2a: Lokix|Knock Off|p1a: Perrserker\n|-damage|p1a: Perrserker|0 fnt\n|-enditem|p1a: Perrserker|Choice Band|[from] move: Knock Off|[of] p2a: Lokix\n|faint|p1a: Perrserker\n|\n|upkeep\n|inactive|paysa has 30 seconds left.\n|inactive|paysa has 20 seconds left.\n|\n|t:|1732997594\n|switch|p1a: Volcanion|Volcanion, L79|256/256\n|turn|21\n|inactive|paysa has 30 seconds left this turn.\n|inactive|paysa has 20 seconds left.\n|\n|t:|1732997609\n|move|p2a: Lokix|Sucker Punch|p1a: Volcanion\n|-damage|p1a: Volcanion|198/256\n|move|p1a: Volcanion|Flamethrower|p2a: Lokix\n|-supereffective|p2a: Lokix\n|-damage|p2a: Lokix|0 fnt\n|faint|p2a: Lokix\n|\n|upkeep\n|inactive|paysa has 25 seconds left this turn.\n|\n|t:|1732997613\n|switch|p2a: Pawmot|Pawmot, L80, M|228/243\n|-damage|p2a: Pawmot|213/243|[from] Stealth Rock\n|turn|22\n|inactive|paysa has 30 seconds left.\n|inactive|paysa has 20 seconds left.\n|\n|t:|1732997635\n|switch|p1a: Victreebel|Victreebel, L90, F|208/290 par\n|move|p2a: Pawmot|Double Shock|p1a: Victreebel\n|-resisted|p1a: Victreebel\n|-damage|p1a: Victreebel|136/290 par\n|-start|p2a: Pawmot|typechange|???/Fighting|[from] move: Double Shock\n|\n|upkeep\n|turn|23\n|inactive|paysa has 30 seconds left this turn.\n|inactive|paysa has 20 seconds left.\n|inactive|paysa has 15 seconds left.\n|inactive|paysa has 10 seconds left.\n|\n|t:|1732997660\n|move|p2a: Pawmot|Close Combat|p1a: Victreebel\n|-resisted|p1a: Victreebel\n|-damage|p1a: Victreebel|64/290 par\n|-unboost|p2a: Pawmot|def|1\n|-unboost|p2a: Pawmot|spd|1\n|move|p1a: Victreebel|Power Whip|p2a: Pawmot\n|-damage|p2a: Pawmot|0 fnt\n|faint|p2a: Pawmot\n|-damage|p1a: Victreebel|35/290 par|[from] item: Life Orb\n|\n|upkeep\n|inactive|paysa has 15 seconds left this turn.\n|inactive|HeartofElixir has 120 seconds left.\n|\n|t:|1732997677\n|switch|p2a: Toxicroak|Toxicroak, L84, M|138/277\n|-damage|p2a: Toxicroak|121/277|[from] Stealth Rock\n|turn|24\n|inactive|paysa has 25 seconds left this turn.\n|inactive|paysa has 20 seconds left.\n|inactive|paysa has 15 seconds left.\n|inactive|paysa has 10 seconds left.\n|inactive|paysa has 5 seconds left.\n|\n|t:|1732997700\n|move|p2a: Toxicroak|Earthquake|p1a: Victreebel\n|-damage|p1a: Victreebel|0 fnt\n|faint|p1a: Victreebel\n|-damage|p2a: Toxicroak|94/277|[from] item: Life Orb\n|\n|upkeep\n|inactive|paysa has 10 seconds left this turn.\n|inactive|paysa has 5 seconds left.\n|\n|t:|1732997709\n|switch|p1a: Volcanion|Volcanion, L79|198/256\n|turn|25\n|inactive|paysa has 15 seconds left this turn.\n|inactive|paysa has 10 seconds left.\n|l| wanted fame=got it\n|inactive|HeartofElixir has 120 seconds left.\n|j| wanted fame=got it\n|j| fuerza33\n|\n|t:|1732997759\n|move|p2a: Toxicroak|Earthquake|p1a: Volcanion\n|-supereffective|p1a: Volcanion\n|-crit|p1a: Volcanion\n|-damage|p1a: Volcanion|0 fnt\n|faint|p1a: Volcanion\n|-damage|p2a: Toxicroak|67/277|[from] item: Life Orb\n|\n|upkeep\n|inactive|paysa has 15 seconds left this turn.\n|\n|t:|1732997763\n|switch|p1a: Slowbro|Slowbro, L85, M|117/300\n|turn|26\n|inactive|paysa has 25 seconds left this turn.\n|inactive|paysa has 20 seconds left.\n|c| wanted fame=got it|goat\n|inactive|paysa has 15 seconds left.\n|inactive|paysa has 10 seconds left.\n|\n|t:|1732997778\n|move|p2a: Toxicroak|Earthquake|p1a: Slowbro\n|-damage|p1a: Slowbro|36/300\n|-damage|p2a: Toxicroak|40/277|[from] item: Life Orb\n|move|p1a: Slowbro|Ice Beam|p2a: Toxicroak\n|-damage|p2a: Toxicroak|0 fnt\n|faint|p2a: Toxicroak\n|\n|upkeep\n|inactive|paysa has 15 seconds left this turn.\n|\n|t:|1732997784\n|switch|p2a: Shiftry|Shiftry, L89, M|237/305\n|-damage|p2a: Shiftry|199/305|[from] Stealth Rock\n|turn|27\n|inactive|paysa has 25 seconds left this turn.\n|c|\u2606paysa|unstoppable\n|inactive|paysa has 20 seconds left.\n|inactive|paysa has 15 seconds left.\n|inactive|paysa has 10 seconds left.\n|c|\u2606paysa|go ride mdb u loser\n|\n|t:|1732997803\n|-terastallize|p1a: Slowbro|Fairy\n|move|p2a: Shiftry|Leaf Blade|p1a: Slowbro\n|-damage|p1a: Slowbro|0 fnt\n|faint|p1a: Slowbro\n|-damage|p2a: Shiftry|169/305|[from] item: Life Orb\n|\n|win|HeartofElixir\n|inactive|paysa has 15 seconds left this turn.\n|raw|paysa's rating: 2571 &rarr; <strong>2541</strong><br />(-30 for losing)\n|raw|HeartofElixir's rating: 2375 &rarr; <strong>2405</strong><br />(+30 for winning)\n|c|\u2606paysa|glazing his ass, spectating all my games\n|c| wanted fame=got it|can u\n|c|\u2606paysa|get off my nuts LOL\n|l|\u2606paysa\n|player|p1|\n|c| wanted fame=got it|come in west eu\n|c|\u2606HeartofElixir|ggs, sorry abt crit last minute\n|c| wanted fame=got it|pls\n", "inputlog": ">version b107d77f5c90bd6555267ae244a6264823309ead\n>start {\"formatid\":\"gen9randombattle\",\"seed\":[6471,32879,38592,27841],\"rated\":\"Rated battle\"}\n>player p1 {\"name\":\"paysa\",\"avatar\":\"101\",\"rating\":2571,\"seed\":[64157,18797,46014,54477]}\n>player p2 {\"name\":\"HeartofElixir\",\"avatar\":\"steven\",\"rating\":2375,\"seed\":[65247,26343,40046,50898]}\n>p1 move toxic\n>p2 move hurricane\n>p1 switch 2\n>p2 move hurricane\n>p1 move icebeam\n>p2 move uturn\n>p2 switch 3\n>p1 switch 3\n>p2 move knockoff\n>p1 move stealthrock\n>p2 switch 5\n>p1 move thunderwave\n>p2 move earthquake\n>p1 switch 6\n>p1 move ironhead\n>p2 move closecombat\n>p2 switch 6\n>p1 switch 4\n>p2 move revivalblessing\n>p2 switch 6\n>p1 move powerwhip\n>p2 switch 2\n>p1 switch 4\n>p2 move doubleedge\n>p1 move uturn\n>p2 move doubleedge\n>p1 switch 2\n>p1 move protect\n>p2 switch 4\n>p1 move protect\n>p2 move knockoff\n>p1 move toxic\n>p2 move knockoff\n>p1 switch 2\n>p1 move uturn\n>p2 switch 4\n>p2 switch 3\n>p1 switch 4\n>p2 move discharge\n>p1 switch 3\n>p2 move hurricane\n>p1 move icebeam\n>p2 move discharge\n>p2 switch 5\n>p1 switch 4\n>p2 move firstimpression\n>p1 move ironhead\n>p2 move knockoff\n>p1 switch 5\n>p1 move flamethrower\n>p2 move suckerpunch\n>p2 switch 2\n>p1 switch 3\n>p2 move doubleshock\n>p1 move powerwhip\n>p2 move closecombat\n>p2 switch 6\n>p1 move powerwhip\n>p2 move earthquake\n>p1 switch 3\n>p1 move flamethrower\n>p2 move earthquake\n>p1 switch 4\n>chat  wanted fame=got it|goat\n>p1 move icebeam\n>p2 move earthquake\n>p2 switch 4\n>chat \u2606paysa|unstoppable\n>chat \u2606paysa|go ride mdb u loser\n>p1 move fireblast terastallize\n>p2 move leafblade", "uploadtime": 1732997807, "views": 14, "formatid": "gen9randombattle", "rating": 2405, "private": 0, "password": null}