{"id": "gen9randombattle-2253800955", "format": "[Gen 9] Random Battle", "players": ["tommy3002", "qu4t34235"], "log": "|j|\u2606tommy3002\n|j|\u2606qu4t34235\n|t:|1732940284\n|gametype|singles\n|player|p1|tommy3002|benga|1184\n|player|p2|qu4t34235|102|1165\n|teamsize|p1|6\n|teamsize|p2|6\n|gen|9\n|tier|[Gen 9] Random Battle\n|rated|\n|rule|Species Clause: Limit one of each Pok\u00e9mon\n|rule|HP Percentage Mod: HP is shown in percentages\n|rule|Sleep Clause Mod: Limit one foe put to sleep\n|rule|Illusion Level Mod: Illusion disguises the Pok\u00e9mon's true level\n|\n|t:|1732940284\n|start\n|switch|p1a: Inteleon|Inteleon, L81, F|246/246\n|switch|p2a: Ceruledge|Ceruledge, L78, M|245/245\n|turn|1\n|inactive|Battle timer is ON: inactive players will automatically lose when time's up. (requested by tommy3002)\n|\n|t:|1732940299\n|switch|p2a: Blissey|Blissey, L84, F|566/566\n|move|p1a: Inteleon|U-turn|p2a: Blissey\n|-damage|p2a: Blissey|430/566\n|\n|t:|1732940305\n|switch|p1a: Iron Boulder|Iron Boulder, L77|265/265|[from] U-turn\n|-enditem|p1a: Iron Boulder|Booster Energy\n|-activate|p1a: Iron Boulder|ability: Quark Drive|[fromitem]\n|-start|p1a: Iron Boulder|quarkdrivespe\n|\n|-heal|p2a: Blissey|465/566|[from] item: Leftovers\n|upkeep\n|turn|2\n|\n|t:|1732940313\n|move|p1a: Iron Boulder|Swords Dance|p1a: Iron Boulder\n|-boost|p1a: Iron Boulder|atk|2\n|move|p2a: Blissey|Thunder Wave|p1a: Iron Boulder\n|-status|p1a: Iron Boulder|par\n|\n|-heal|p2a: Blissey|500/566|[from] item: Leftovers\n|upkeep\n|turn|3\n|\n|t:|1732940322\n|switch|p2a: Toxapex|Toxapex, L82, M|216/216\n|cant|p1a: Iron Boulder|par\n|\n|upkeep\n|turn|4\n|\n|t:|1732940333\n|move|p1a: Iron Boulder|Swords Dance|p1a: Iron Boulder\n|-boost|p1a: Iron Boulder|atk|2\n|move|p2a: Toxapex|Haze|p2a: Toxapex\n|-clearallboost\n|\n|upkeep\n|turn|5\n|\n|t:|1732940338\n|move|p1a: Iron Boulder|Swords Dance|p1a: Iron Boulder\n|-boost|p1a: Iron Boulder|atk|2\n|move|p2a: Toxapex|Liquidation|p1a: Iron Boulder\n|-supereffective|p1a: Iron Boulder\n|-crit|p1a: Iron Boulder\n|-damage|p1a: Iron Boulder|47/265 par\n|-unboost|p1a: Iron Boulder|def|1\n|\n|upkeep\n|turn|6\n|\n|t:|1732940347\n|move|p1a: Iron Boulder|Zen Headbutt|p2a: Toxapex\n|-supereffective|p2a: Toxapex\n|-damage|p2a: Toxapex|0 fnt\n|-damage|p1a: Iron Boulder|3/265 par|[from] item: Rocky Helmet|[of] p2a: Toxapex\n|faint|p2a: Toxapex\n|\n|upkeep\n|\n|t:|1732940355\n|switch|p2a: Barraskewda|Barraskewda, L81, F|231/231\n|turn|7\n|\n|t:|1732940358\n|move|p2a: Barraskewda|Flip Turn|p1a: Iron Boulder\n|-supereffective|p1a: Iron Boulder\n|-damage|p1a: Iron Boulder|0 fnt\n|faint|p1a: Iron Boulder\n|-end|p1a: Iron Boulder|Quark Drive|[silent]\n|\n|t:|1732940365\n|switch|p2a: Kricketune|Kricketune, L99, M|312/312|[from] Flip Turn\n|\n|upkeep\n|\n|t:|1732940375\n|switch|p1a: Scovillain|Scovillain, L91, M|266/266\n|turn|8\n|\n|t:|1732940385\n|-terastallize|p2a: Kricketune|Ghost\n|move|p1a: Scovillain|Flamethrower|p2a: Kricketune\n|-damage|p2a: Kricketune|81/312\n|-status|p2a: Kricketune|brn\n|move|p2a: Kricketune|Pounce|p1a: Scovillain\n|-damage|p1a: Scovillain|206/266\n|-unboost|p1a: Scovillain|spe|1\n|\n|-damage|p2a: Kricketune|62/312 brn|[from] brn\n|upkeep\n|turn|9\n|\n|t:|1732940395\n|move|p2a: Kricketune|Sticky Web|p1a: Scovillain\n|-sidestart|p1: tommy3002|move: Sticky Web\n|move|p1a: Scovillain|Flamethrower|p2a: Kricketune\n|-damage|p2a: Kricketune|0 fnt\n|faint|p2a: Kricketune\n|\n|upkeep\n|\n|t:|1732940409\n|switch|p2a: Ceruledge|Ceruledge, L78, M|245/245\n|turn|10\n|\n|t:|1732940416\n|switch|p1a: Inteleon|Inteleon, L81, F|246/246\n|-activate|p1a: Inteleon|move: Sticky Web\n|-unboost|p1a: Inteleon|spe|1\n|move|p2a: Ceruledge|Swords Dance|p2a: Ceruledge\n|-boost|p2a: Ceruledge|atk|2\n|\n|upkeep\n|turn|11\n|\n|t:|1732940432\n|move|p2a: Ceruledge|Poltergeist|p1a: Inteleon\n|-activate|p1a: Inteleon|move: Poltergeist|Choice Specs\n|-damage|p1a: Inteleon|0 fnt\n|faint|p1a: Inteleon\n|\n|upkeep\n|\n|t:|1732940441\n|switch|p1a: Scovillain|Scovillain, L91, M|206/266\n|-activate|p1a: Scovillain|move: Sticky Web\n|-unboost|p1a: Scovillain|spe|1\n|turn|12\n|\n|t:|1732940450\n|switch|p1a: Gastrodon|Gastrodon-East, L86, F|331/331\n|-activate|p1a: Gastrodon|move: Sticky Web\n|-unboost|p1a: Gastrodon|spe|1\n|move|p2a: Ceruledge|Poltergeist|p1a: Gastrodon|[miss]\n|-miss|p2a: Ceruledge|p1a: Gastrodon\n|\n|upkeep\n|turn|13\n|\n|t:|1732940459\n|switch|p2a: Blissey|Blissey, L84, F|500/566\n|move|p1a: Gastrodon|Stealth Rock|p2a: Blissey\n|-sidestart|p2: qu4t34235|move: Stealth Rock\n|\n|-heal|p2a: Blissey|535/566|[from] item: Leftovers\n|upkeep\n|turn|14\n|\n|t:|1732940468\n|move|p2a: Blissey|Seismic Toss|p1a: Gastrodon\n|-damage|p1a: Gastrodon|247/331\n|move|p1a: Gastrodon|Earthquake|p2a: Blissey\n|-damage|p2a: Blissey|225/566\n|\n|-heal|p2a: Blissey|260/566|[from] item: Leftovers\n|-heal|p1a: Gastrodon|267/331|[from] item: Leftovers\n|upkeep\n|turn|15\n|\n|t:|1732940477\n|switch|p2a: Sudowoodo|Sudowoodo, L94, M|284/284\n|-damage|p2a: Sudowoodo|249/284|[from] Stealth Rock\n|move|p1a: Gastrodon|Earthquake|p2a: Sudowoodo\n|-supereffective|p2a: Sudowoodo\n|-damage|p2a: Sudowoodo|103/284\n|\n|-heal|p1a: Gastrodon|287/331|[from] item: Leftovers\n|upkeep\n|turn|16\n|\n|t:|1732940486\n|move|p2a: Sudowoodo|Wood Hammer|p1a: Gastrodon\n|-supereffective|p1a: Gastrodon\n|-damage|p1a: Gastrodon|0 fnt\n|faint|p1a: Gastrodon\n|\n|upkeep\n|\n|t:|1732940496\n|switch|p1a: Scovillain|Scovillain, L91, M|206/266\n|-activate|p1a: Scovillain|move: Sticky Web\n|-unboost|p1a: Scovillain|spe|1\n|turn|17\n|\n|t:|1732940501\n|switch|p2a: Blissey|Blissey, L84, F|260/566\n|-damage|p2a: Blissey|190/566|[from] Stealth Rock\n|move|p1a: Scovillain|Energy Ball|p2a: Blissey\n|-damage|p2a: Blissey|66/566\n|\n|-heal|p2a: Blissey|101/566|[from] item: Leftovers\n|upkeep\n|turn|18\n|\n|t:|1732940514\n|move|p2a: Blissey|Soft-Boiled|p2a: Blissey\n|-heal|p2a: Blissey|384/566\n|move|p1a: Scovillain|Energy Ball|p2a: Blissey\n|-damage|p2a: Blissey|260/566\n|\n|-heal|p2a: Blissey|295/566|[from] item: Leftovers\n|upkeep\n|turn|19\n|\n|t:|1732940522\n|move|p2a: Blissey|Thunder Wave|p1a: Scovillain\n|-status|p1a: Scovillain|par\n|cant|p1a: Scovillain|par\n|\n|-heal|p2a: Blissey|330/566|[from] item: Leftovers\n|upkeep\n|turn|20\n|\n|t:|1732940528\n|switch|p1a: Spiritomb|Spiritomb, L89, F|234/234\n|-activate|p1a: Spiritomb|move: Sticky Web\n|-unboost|p1a: Spiritomb|spe|1\n|move|p2a: Blissey|Seismic Toss|p1a: Spiritomb\n|-immune|p1a: Spiritomb\n|\n|-heal|p2a: Blissey|365/566|[from] item: Leftovers\n|upkeep\n|turn|21\n|\n|t:|1732940534\n|move|p2a: Blissey|Thunder Wave|p1a: Spiritomb|[miss]\n|-miss|p2a: Blissey|p1a: Spiritomb\n|move|p1a: Spiritomb|Will-O-Wisp|p2a: Blissey\n|-status|p2a: Blissey|brn\n|\n|-heal|p2a: Blissey|400/566 brn|[from] item: Leftovers\n|-damage|p2a: Blissey|365/566 brn|[from] brn\n|upkeep\n|turn|22\n|\n|t:|1732940546\n|move|p2a: Blissey|Thunder Wave|p1a: Spiritomb\n|-status|p1a: Spiritomb|par\n|move|p1a: Spiritomb|Foul Play|p2a: Blissey\n|-damage|p2a: Blissey|331/566 brn\n|\n|-heal|p2a: Blissey|366/566 brn|[from] item: Leftovers\n|-damage|p2a: Blissey|331/566 brn|[from] brn\n|upkeep\n|turn|23\n|\n|t:|1732940557\n|move|p1a: Spiritomb|Sucker Punch||[still]\n|-fail|p1a: Spiritomb\n|move|p2a: Blissey|Soft-Boiled|p2a: Blissey\n|-heal|p2a: Blissey|566/566 brn\n|\n|-damage|p2a: Blissey|531/566 brn|[from] brn\n|upkeep\n|turn|24\n|\n|t:|1732940564\n|-curestatus|p2a: Blissey|brn|[from] ability: Natural Cure\n|switch|p2a: Barraskewda|Barraskewda, L81, F|231/231\n|-damage|p2a: Barraskewda|203/231|[from] Stealth Rock\n|move|p1a: Spiritomb|Sucker Punch||[still]\n|-fail|p1a: Spiritomb\n|\n|upkeep\n|turn|25\n|\n|t:|1732940573\n|move|p2a: Barraskewda|Waterfall|p1a: Spiritomb\n|-damage|p1a: Spiritomb|125/234 par\n|move|p1a: Spiritomb|Foul Play|p2a: Barraskewda\n|-damage|p2a: Barraskewda|49/231\n|\n|-heal|p1a: Spiritomb|139/234 par|[from] item: Leftovers\n|upkeep\n|turn|26\n|\n|t:|1732940581\n|switch|p2a: Sudowoodo|Sudowoodo, L94, M|103/284\n|-damage|p2a: Sudowoodo|68/284|[from] Stealth Rock\n|move|p1a: Spiritomb|Sucker Punch||[still]\n|-fail|p1a: Spiritomb\n|\n|-heal|p1a: Spiritomb|153/234 par|[from] item: Leftovers\n|upkeep\n|turn|27\n|\n|t:|1732940588\n|move|p2a: Sudowoodo|Sucker Punch|p1a: Spiritomb\n|-damage|p1a: Spiritomb|76/234 par\n|move|p1a: Spiritomb|Sucker Punch||[still]\n|-fail|p1a: Spiritomb\n|\n|-heal|p1a: Spiritomb|90/234 par|[from] item: Leftovers\n|upkeep\n|turn|28\n|\n|t:|1732940595\n|move|p2a: Sudowoodo|Sucker Punch|p1a: Spiritomb\n|-damage|p1a: Spiritomb|17/234 par\n|move|p1a: Spiritomb|Foul Play|p2a: Sudowoodo\n|-damage|p2a: Sudowoodo|0 fnt\n|faint|p2a: Sudowoodo\n|\n|-heal|p1a: Spiritomb|31/234 par|[from] item: Leftovers\n|upkeep\n|\n|t:|1732940600\n|switch|p2a: Ceruledge|Ceruledge, L78, M|245/245\n|turn|29\n|\n|t:|1732940608\n|move|p2a: Ceruledge|Swords Dance|p2a: Ceruledge\n|-boost|p2a: Ceruledge|atk|2\n|move|p1a: Spiritomb|Foul Play|p2a: Ceruledge\n|-supereffective|p2a: Ceruledge\n|-damage|p2a: Ceruledge|0 fnt\n|faint|p2a: Ceruledge\n|\n|-heal|p1a: Spiritomb|45/234 par|[from] item: Leftovers\n|upkeep\n|-message|qu4t34235 forfeited.\n|\n|win|tommy3002\n|raw|tommy3002's rating: 1184 &rarr; <strong>1208</strong><br />(+24 for winning)\n|raw|qu4t34235's rating: 1165 &rarr; <strong>1141</strong><br />(-24 for losing)\n|l|\u2606qu4t34235\n|player|p2|\n", "inputlog": ">version b107d77f5c90bd6555267ae244a6264823309ead\n>start {\"formatid\":\"gen9randombattle\",\"seed\":[21799,48128,36398,36375],\"rated\":\"Rated battle\"}\n>player p1 {\"name\":\"tommy3002\",\"avatar\":\"benga\",\"rating\":1184,\"seed\":[4255,5453,39915,57572]}\n>player p2 {\"name\":\"qu4t34235\",\"avatar\":\"102\",\"rating\":1165,\"seed\":[44863,43175,4051,7783]}\n>p1 move uturn\n>p2 switch 3\n>p1 switch 2\n>p1 move swordsdance\n>p2 move thunderwave\n>p1 move closecombat\n>p2 switch 4\n>p1 move swordsdance\n>p2 move haze\n>p1 move swordsdance\n>p2 move liquidation\n>p1 move zenheadbutt\n>p2 move liquidation\n>p2 switch 5\n>p1 move closecombat\n>p2 move flipturn\n>p2 switch 2\n>p1 switch 3\n>p1 move flamethrower\n>p2 move pounce terastallize\n>p1 move flamethrower\n>p2 move stickyweb\n>p2 switch 3\n>p1 switch 2\n>p2 move swordsdance\n>p1 move hydropump\n>p2 move poltergeist\n>p1 switch 2\n>p1 switch 6\n>p2 move poltergeist\n>p1 move stealthrock\n>p2 switch 4\n>p1 move earthquake\n>p2 move seismictoss\n>p1 move earthquake\n>p2 switch 6\n>p1 move surf\n>p2 move woodhammer\n>p1 switch 6\n>p1 move energyball\n>p2 switch 6\n>p1 move energyball\n>p2 move softboiled\n>p1 move energyball\n>p2 move thunderwave\n>p1 switch 4\n>p2 move seismictoss\n>p1 move willowisp\n>p2 move thunderwave\n>p1 move foulplay\n>p2 move thunderwave\n>p1 move suckerpunch\n>p2 move softboiled\n>p1 move suckerpunch\n>p2 switch 2\n>p1 move foulplay\n>p2 move waterfall\n>p1 move suckerpunch\n>p2 switch 6\n>p1 move suckerpunch\n>p2 move suckerpunch\n>p1 move foulplay\n>p2 move suckerpunch\n>p2 switch 4\n>p1 move foulplay\n>p2 move swordsdance\n>forcelose p2", "uploadtime": 1732940617, "views": 25, "formatid": "gen9randombattle", "rating": 1141, "private": 0, "password": null}