{"id": "gen9randombattle-2253845271", "format": "[Gen 9] Random Battle", "players": ["Catalyxx", "BigBossJnack"], "log": "|j|\u2606Catalyxx\n|j|\u2606BigBossJnack\n|t:|1732947698\n|gametype|singles\n|player|p1|Catalyxx|miku-ground|2068\n|player|p2|BigBossJnack|2|2026\n|teamsize|p1|6\n|teamsize|p2|6\n|gen|9\n|tier|[Gen 9] Random Battle\n|rated|\n|rule|Species Clause: Limit one of each Pok\u00e9mon\n|rule|HP Percentage Mod: HP is shown in percentages\n|rule|Sleep Clause Mod: Limit one foe put to sleep\n|rule|Illusion Level Mod: Illusion disguises the Pok\u00e9mon's true level\n|\n|t:|1732947698\n|start\n|switch|p1a: Arceus|Arceus-Rock, L74|300/300\n|switch|p2a: Blissey|Blissey, L84, F|566/566\n|turn|1\n|\n|t:|1732947710\n|switch|p1a: Mudsdale|Mudsdale, L84, M|305/305\n|move|p2a: Blissey|Thunder Wave|p1a: Mudsdale\n|-immune|p1a: Mudsdale\n|\n|upkeep\n|turn|2\n|\n|t:|1732947715\n|switch|p2a: Bellossom|Bellossom, L84, F|263/263\n|move|p1a: Mudsdale|Earthquake|p2a: Bellossom\n|-resisted|p2a: Bellossom\n|-damage|p2a: Bellossom|179/263\n|\n|-heal|p2a: Bellossom|195/263|[from] item: Leftovers\n|upkeep\n|turn|3\n|\n|t:|1732947728\n|switch|p1a: Honchkrow|Honchkrow, L86, F|312/312\n|move|p2a: Bellossom|Quiver Dance|p2a: Bellossom\n|-boost|p2a: Bellossom|spa|1\n|-boost|p2a: Bellossom|spd|1\n|-boost|p2a: Bellossom|spe|1\n|\n|-heal|p2a: Bellossom|211/263|[from] item: Leftovers\n|upkeep\n|turn|4\n|\n|t:|1732947737\n|move|p2a: Bellossom|Strength Sap|p1a: Honchkrow\n|-unboost|p1a: Honchkrow|atk|1\n|-heal|p2a: Bellossom|263/263\n|move|p1a: Honchkrow|Brave Bird|p2a: Bellossom\n|-supereffective|p2a: Bellossom\n|-damage|p2a: Bellossom|75/263\n|-damage|p1a: Honchkrow|250/312|[from] Recoil\n|\n|-heal|p2a: Bellossom|91/263|[from] item: Leftovers\n|upkeep\n|turn|5\n|\n|t:|1732947746\n|move|p2a: Bellossom|Strength Sap|p1a: Honchkrow\n|-unboost|p1a: Honchkrow|atk|1\n|-heal|p2a: Bellossom|263/263\n|move|p1a: Honchkrow|Heat Wave|p2a: Bellossom\n|-supereffective|p2a: Bellossom\n|-damage|p2a: Bellossom|163/263\n|\n|-heal|p2a: Bellossom|179/263|[from] item: Leftovers\n|upkeep\n|turn|6\n|\n|t:|1732947751\n|move|p2a: Bellossom|Giga Drain|p1a: Honchkrow\n|-resisted|p1a: Honchkrow\n|-damage|p1a: Honchkrow|169/312\n|-heal|p2a: Bellossom|220/263|[from] drain|[of] p1a: Honchkrow\n|move|p1a: Honchkrow|U-turn|p2a: Bellossom\n|-supereffective|p2a: Bellossom\n|-damage|p2a: Bellossom|156/263\n|\n|t:|1732947753\n|switch|p1a: Volcanion|Volcanion, L79|255/255|[from] U-turn\n|\n|-heal|p2a: Bellossom|172/263|[from] item: Leftovers\n|upkeep\n|turn|7\n|\n|t:|1732947761\n|switch|p2a: Blissey|Blissey, L84, F|566/566\n|move|p1a: Volcanion|Flamethrower|p2a: Blissey\n|-damage|p2a: Blissey|485/566\n|\n|-heal|p2a: Blissey|520/566|[from] item: Leftovers\n|upkeep\n|turn|8\n|\n|t:|1732947768\n|switch|p1a: Mudsdale|Mudsdale, L84, M|305/305\n|switch|p2a: Cacturne|Cacturne, L92, F|278/278\n|\n|upkeep\n|turn|9\n|\n|t:|1732947773\n|switch|p1a: Honchkrow|Honchkrow, L86, F|169/312\n|move|p2a: Cacturne|Leaf Storm|p1a: Honchkrow\n|-resisted|p1a: Honchkrow\n|-damage|p1a: Honchkrow|0 fnt\n|-unboost|p2a: Cacturne|spa|2\n|faint|p1a: Honchkrow\n|-damage|p2a: Cacturne|251/278|[from] item: Life Orb\n|\n|upkeep\n|\n|t:|1732947787\n|switch|p1a: Arceus|Arceus-Rock, L74|300/300\n|turn|10\n|\n|t:|1732947793\n|move|p1a: Arceus|Calm Mind|p1a: Arceus\n|-boost|p1a: Arceus|spa|1\n|-boost|p1a: Arceus|spd|1\n|move|p2a: Cacturne|Leaf Storm|p1a: Arceus\n|-supereffective|p1a: Arceus\n|-damage|p1a: Arceus|160/300\n|-unboost|p2a: Cacturne|spa|2\n|-damage|p2a: Cacturne|224/278|[from] item: Life Orb\n|\n|upkeep\n|turn|11\n|\n|t:|1732947804\n|switch|p2a: Archaludon|Archaludon, L78, M|268/268\n|move|p1a: Arceus|Calm Mind|p1a: Arceus\n|-boost|p1a: Arceus|spa|1\n|-boost|p1a: Arceus|spd|1\n|\n|upkeep\n|turn|12\n|\n|t:|1732947811\n|-terastallize|p2a: Archaludon|Ground\n|move|p1a: Arceus|Recover|p1a: Arceus\n|-heal|p1a: Arceus|300/300\n|move|p2a: Archaludon|Earthquake|p1a: Arceus\n|-supereffective|p1a: Arceus\n|-damage|p1a: Arceus|132/300\n|\n|upkeep\n|turn|13\n|\n|t:|1732947822\n|-terastallize|p1a: Arceus|Dragon\n|move|p1a: Arceus|Recover|p1a: Arceus\n|-heal|p1a: Arceus|282/300\n|move|p2a: Archaludon|Iron Head|p1a: Arceus\n|-damage|p1a: Arceus|213/300\n|\n|upkeep\n|turn|14\n|\n|t:|1732947829\n|move|p1a: Arceus|Calm Mind|p1a: Arceus\n|-boost|p1a: Arceus|spa|1\n|-boost|p1a: Arceus|spd|1\n|move|p2a: Archaludon|Swords Dance|p2a: Archaludon\n|-boost|p2a: Archaludon|atk|2\n|\n|upkeep\n|turn|15\n|\n|t:|1732947835\n|move|p1a: Arceus|Fire Blast|p2a: Archaludon\n|-damage|p2a: Archaludon|41/268\n|-ability|p2a: Archaludon|Stamina|boost\n|-boost|p2a: Archaludon|def|1\n|move|p2a: Archaludon|Outrage|p1a: Arceus\n|-supereffective|p1a: Arceus\n|-damage|p1a: Arceus|0 fnt\n|faint|p1a: Arceus\n|\n|upkeep\n|\n|t:|1732947846\n|switch|p1a: Volcanion|Volcanion, L79|255/255\n|turn|16\n|\n|t:|1732947849\n|move|p1a: Volcanion|Flamethrower|p2a: Archaludon\n|-damage|p2a: Archaludon|0 fnt\n|faint|p2a: Archaludon\n|\n|upkeep\n|\n|t:|1732947851\n|switch|p2a: Blissey|Blissey, L84, F|520/566\n|turn|17\n|\n|t:|1732947860\n|switch|p1a: Mimikyu|Mimikyu, L79, M|216/216\n|move|p2a: Blissey|Stealth Rock|p1a: Mimikyu\n|-sidestart|p1: Catalyxx|move: Stealth Rock\n|\n|-heal|p2a: Blissey|555/566|[from] item: Leftovers\n|upkeep\n|turn|18\n|\n|t:|1732947864\n|move|p1a: Mimikyu|Swords Dance|p1a: Mimikyu\n|-boost|p1a: Mimikyu|atk|2\n|move|p2a: Blissey|Thunder Wave|p1a: Mimikyu\n|-status|p1a: Mimikyu|par\n|\n|-heal|p2a: Blissey|566/566|[from] item: Leftovers\n|upkeep\n|turn|19\n|\n|t:|1732947868\n|switch|p2a: Cacturne|Cacturne, L92, F|224/278\n|move|p1a: Mimikyu|Play Rough|p2a: Cacturne|[miss]\n|-miss|p1a: Mimikyu|p2a: Cacturne\n|\n|upkeep\n|turn|20\n|\n|t:|1732947877\n|move|p2a: Cacturne|Knock Off|p1a: Mimikyu\n|-activate|p1a: Mimikyu|ability: Disguise\n|-damage|p1a: Mimikyu|216/216 par\n|-enditem|p1a: Mimikyu|Life Orb|[from] move: Knock Off|[of] p2a: Cacturne\n|detailschange|p1a: Mimikyu|Mimikyu-Busted, L79, M\n|-damage|p1a: Mimikyu|189/216 par|[from] pokemon: Mimikyu-Busted\n|-damage|p2a: Cacturne|197/278|[from] item: Life Orb\n|cant|p1a: Mimikyu|par\n|\n|upkeep\n|turn|21\n|\n|t:|1732947882\n|move|p2a: Cacturne|Leaf Storm|p1a: Mimikyu\n|-damage|p1a: Mimikyu|0 fnt\n|-unboost|p2a: Cacturne|spa|2\n|faint|p1a: Mimikyu\n|-damage|p2a: Cacturne|170/278|[from] item: Life Orb\n|\n|upkeep\n|\n|t:|1732947885\n|switch|p1a: Polteageist|Polteageist, L79|224/224\n|-damage|p1a: Polteageist|196/224|[from] Stealth Rock\n|turn|22\n|\n|t:|1732947893\n|switch|p1a: Mudsdale|Mudsdale, L84, M|305/305\n|-damage|p1a: Mudsdale|286/305|[from] Stealth Rock\n|move|p2a: Cacturne|Knock Off|p1a: Mudsdale\n|-damage|p1a: Mudsdale|129/305\n|-ability|p1a: Mudsdale|Stamina|boost\n|-boost|p1a: Mudsdale|def|1\n|-enditem|p1a: Mudsdale|Choice Band|[from] move: Knock Off|[of] p2a: Cacturne\n|-damage|p2a: Cacturne|143/278|[from] item: Life Orb\n|\n|upkeep\n|turn|23\n|-message|Catalyxx forfeited.\n|\n|win|BigBossJnack\n|raw|Catalyxx's rating: 2068 &rarr; <strong>2046</strong><br />(-22 for losing)\n|raw|BigBossJnack's rating: 2026 &rarr; <strong>2048</strong><br />(+22 for winning)\n|l|\u2606Catalyxx\n|player|p1|\n", "inputlog": ">version b107d77f5c90bd6555267ae244a6264823309ead\n>start {\"formatid\":\"gen9randombattle\",\"seed\":[700,57291,24902,45624],\"rated\":\"Rated battle\"}\n>player p1 {\"name\":\"Catalyxx\",\"avatar\":\"miku-ground\",\"rating\":2068,\"seed\":[60048,55874,61943,47846]}\n>player p2 {\"name\":\"BigBossJnack\",\"avatar\":\"2\",\"rating\":2026,\"seed\":[64498,8284,44371,19637]}\n>p1 switch 5\n>p2 move thunderwave\n>p1 move earthquake\n>p2 switch 4\n>p1 switch 4\n>p2 move quiverdance\n>p1 move bravebird\n>p2 move strengthsap\n>p1 move heatwave\n>p2 move strengthsap\n>p1 move uturn\n>p2 move gigadrain\n>p1 switch 6\n>p1 move flamethrower\n>p2 switch 4\n>p1 switch 4\n>p2 switch 2\n>p1 switch 6\n>p2 move leafstorm\n>p1 switch 5\n>p1 move calmmind\n>p2 move leafstorm\n>p1 move calmmind\n>p2 switch 6\n>p1 move recover\n>p2 move earthquake terastallize\n>p1 move recover terastallize\n>p2 move ironhead\n>p1 move calmmind\n>p2 move swordsdance\n>p1 move fireblast\n>p2 move outrage\n>p1 switch 4\n>p1 move flamethrower\n>p2 move outrage\n>p2 switch 2\n>p1 switch 3\n>p2 move stealthrock\n>p1 move swordsdance\n>p2 move thunderwave\n>p1 move playrough\n>p2 switch 6\n>p1 move playrough\n>p2 move knockoff\n>p1 move playrough\n>p2 move leafstorm\n>p1 switch 2\n>p1 switch 6\n>p2 move knockoff\n>forcelose p1", "uploadtime": 1732947899, "views": 2, "formatid": "gen9randombattle", "rating": 2046, "private": 0, "password": null}