{"id": "gen9randombattle-2253795629", "format": "[Gen 9] Random Battle", "players": ["7up4boys", "USThunderEagle"], "log": "|j|\u26067up4boys\n|j|\u2606USThunderEagle\n|t:|1732939475\n|gametype|singles\n|player|p1|7up4boys|170|1525\n|player|p2|USThunderEagle|ltsurge|1533\n|teamsize|p1|6\n|teamsize|p2|6\n|gen|9\n|tier|[Gen 9] Random Battle\n|rated|\n|rule|Species Clause: Limit one of each Pok\u00e9mon\n|rule|HP Percentage Mod: HP is shown in percentages\n|rule|Sleep Clause Mod: Limit one foe put to sleep\n|rule|Illusion Level Mod: Illusion disguises the Pok\u00e9mon's true level\n|\n|t:|1732939475\n|start\n|switch|p1a: Luxray|Luxray, L88, M|284/284\n|switch|p2a: Electrode|Electrode-Hisui, L87|246/246\n|-ability|p1a: Luxray|Intimidate|boost\n|-unboost|p2a: Electrode|atk|1\n|turn|1\n|inactive|Battle timer is ON: inactive players will automatically lose when time's up. (requested by USThunderEagle)\n|\n|t:|1732939487\n|move|p2a: Electrode|Giga Drain|p1a: Luxray\n|-damage|p1a: Luxray|213/284\n|-damage|p2a: Electrode|222/246|[from] item: Life Orb\n|move|p1a: Luxray|Ice Fang|p2a: Electrode\n|-supereffective|p2a: Electrode\n|-damage|p2a: Electrode|92/246\n|\n|upkeep\n|turn|2\n|\n|t:|1732939491\n|move|p2a: Electrode|Giga Drain|p1a: Luxray\n|-damage|p1a: Luxray|142/284\n|-heal|p2a: Electrode|128/246|[from] drain|[of] p1a: Luxray\n|-damage|p2a: Electrode|104/246|[from] item: Life Orb\n|move|p1a: Luxray|Ice Fang|p2a: Electrode\n|-supereffective|p2a: Electrode\n|-damage|p2a: Electrode|0 fnt\n|faint|p2a: Electrode\n|\n|upkeep\n|\n|t:|1732939510\n|switch|p2a: Gardevoir|Gardevoir, L83, M|249/249\n|-ability|p2a: Gardevoir|Intimidate|boost\n|-unboost|p1a: Luxray|atk|1\n|-ability|p2a: Gardevoir|Intimidate|[from] ability: Trace|[of] p1a: Luxray\n|turn|3\n|\n|t:|1732939518\n|move|p2a: Gardevoir|Moonblast|p1a: Luxray\n|-damage|p1a: Luxray|52/284\n|move|p1a: Luxray|Volt Switch|p2a: Gardevoir\n|-damage|p2a: Gardevoir|180/249\n|\n|t:|1732939530\n|switch|p1a: Kricketune|Kricketune, L99, F|312/312|[from] Volt Switch\n|\n|upkeep\n|turn|4\n|\n|t:|1732939543\n|switch|p2a: Regirock|Regirock, L83|268/268\n|move|p1a: Kricketune|Sticky Web|p2a: Regirock\n|-sidestart|p2: USThunderEagle|move: Sticky Web\n|\n|upkeep\n|turn|5\n|inactive|7up4boys has 120 seconds left.\n|inactive|7up4boys has 90 seconds left.\n|\n|t:|1732939613\n|move|p1a: Kricketune|Taunt|p2a: Regirock\n|-start|p2a: Regirock|move: Taunt\n|cant|p2a: Regirock|move: Taunt|Iron Defense\n|\n|upkeep\n|turn|6\n|inactive|7up4boys has 90 seconds left.\n|\n|t:|1732939620\n|move|p1a: Kricketune|Knock Off|p2a: Regirock\n|-damage|p2a: Regirock|227/268\n|-enditem|p2a: Regirock|Chesto Berry|[from] move: Knock Off|[of] p1a: Kricketune\n|move|p2a: Regirock|Stone Edge|p1a: Kricketune\n|-supereffective|p1a: Kricketune\n|-damage|p1a: Kricketune|64/312\n|\n|upkeep\n|turn|7\n|inactive|7up4boys has 90 seconds left.\n|\n|t:|1732939651\n|switch|p1a: Swalot|Swalot, L90, M|326/326\n|move|p2a: Regirock|Stone Edge|p1a: Swalot\n|-damage|p1a: Swalot|230/326\n|\n|-heal|p1a: Swalot|250/326|[from] item: Leftovers\n|-end|p2a: Regirock|move: Taunt\n|upkeep\n|turn|8\n|\n|t:|1732939656\n|move|p1a: Swalot|Earthquake|p2a: Regirock\n|-supereffective|p2a: Regirock\n|-damage|p2a: Regirock|163/268\n|move|p2a: Regirock|Iron Defense|p2a: Regirock\n|-boost|p2a: Regirock|def|2\n|\n|-heal|p1a: Swalot|270/326|[from] item: Leftovers\n|upkeep\n|turn|9\n|\n|t:|1732939660\n|move|p1a: Swalot|Earthquake|p2a: Regirock\n|-supereffective|p2a: Regirock\n|-damage|p2a: Regirock|125/268\n|move|p2a: Regirock|Iron Defense|p2a: Regirock\n|-boost|p2a: Regirock|def|2\n|\n|-heal|p1a: Swalot|290/326|[from] item: Leftovers\n|upkeep\n|turn|10\n|\n|t:|1732939663\n|move|p1a: Swalot|Earthquake|p2a: Regirock\n|-supereffective|p2a: Regirock\n|-damage|p2a: Regirock|99/268\n|move|p2a: Regirock|Iron Defense|p2a: Regirock\n|-boost|p2a: Regirock|def|2\n|\n|-heal|p1a: Swalot|310/326|[from] item: Leftovers\n|upkeep\n|turn|11\n|\n|t:|1732939665\n|move|p1a: Swalot|Earthquake|p2a: Regirock\n|-supereffective|p2a: Regirock\n|-damage|p2a: Regirock|79/268\n|move|p2a: Regirock|Rest|p2a: Regirock\n|-status|p2a: Regirock|slp|[from] move: Rest\n|-heal|p2a: Regirock|268/268 slp|[silent]\n|\n|-heal|p1a: Swalot|326/326|[from] item: Leftovers\n|upkeep\n|turn|12\n|\n|t:|1732939669\n|move|p1a: Swalot|Swords Dance|p1a: Swalot\n|-boost|p1a: Swalot|atk|2\n|cant|p2a: Regirock|slp\n|\n|upkeep\n|turn|13\n|\n|t:|1732939672\n|move|p1a: Swalot|Swords Dance|p1a: Swalot\n|-boost|p1a: Swalot|atk|2\n|cant|p2a: Regirock|slp\n|\n|upkeep\n|turn|14\n|\n|t:|1732939678\n|-terastallize|p2a: Regirock|Fighting\n|move|p1a: Swalot|Swords Dance|p1a: Swalot\n|-boost|p1a: Swalot|atk|2\n|-curestatus|p2a: Regirock|slp|[msg]\n|move|p2a: Regirock|Body Press|p1a: Swalot\n|-resisted|p1a: Swalot\n|-damage|p1a: Swalot|24/326\n|\n|-heal|p1a: Swalot|44/326|[from] item: Leftovers\n|upkeep\n|turn|15\n|\n|t:|1732939685\n|move|p1a: Swalot|Gunk Shot|p2a: Regirock\n|-damage|p2a: Regirock|211/268\n|move|p2a: Regirock|Body Press|p1a: Swalot\n|-resisted|p1a: Swalot\n|-damage|p1a: Swalot|0 fnt\n|faint|p1a: Swalot\n|\n|upkeep\n|\n|t:|1732939697\n|switch|p1a: Dragapult|Dragapult, L77, F|262/262\n|turn|16\n|\n|t:|1732939701\n|move|p1a: Dragapult|Will-O-Wisp|p2a: Regirock\n|-status|p2a: Regirock|brn\n|move|p2a: Regirock|Stone Edge|p1a: Dragapult|[miss]\n|-miss|p2a: Regirock|p1a: Dragapult\n|\n|-damage|p2a: Regirock|195/268 brn|[from] brn\n|upkeep\n|turn|17\n|\n|t:|1732939711\n|move|p1a: Dragapult|Hex|p2a: Regirock\n|-damage|p2a: Regirock|87/268 brn\n|move|p2a: Regirock|Stone Edge|p1a: Dragapult\n|-crit|p1a: Dragapult\n|-damage|p1a: Dragapult|157/262\n|-start|p2a: Regirock|Disable|Stone Edge|[from] ability: Cursed Body|[of] p1a: Dragapult\n|\n|-damage|p2a: Regirock|71/268 brn|[from] brn\n|upkeep\n|turn|18\n|\n|t:|1732939717\n|move|p1a: Dragapult|Hex|p2a: Regirock\n|-damage|p2a: Regirock|0 fnt\n|faint|p2a: Regirock\n|\n|upkeep\n|\n|t:|1732939720\n|switch|p2a: Gardevoir|Gardevoir, L83, M|180/249\n|-activate|p2a: Gardevoir|move: Sticky Web\n|-unboost|p2a: Gardevoir|spe|1\n|-ability|p2a: Gardevoir|Cursed Body|[from] ability: Trace|[of] p1a: Dragapult\n|turn|19\n|\n|t:|1732939727\n|move|p1a: Dragapult|U-turn|p2a: Gardevoir\n|-damage|p2a: Gardevoir|114/249\n|\n|t:|1732939730\n|switch|p1a: Luxray|Luxray, L88, M|52/284|[from] U-turn\n|-ability|p1a: Luxray|Intimidate|boost\n|-unboost|p2a: Gardevoir|atk|1\n|move|p2a: Gardevoir|Moonblast|p1a: Luxray\n|-damage|p1a: Luxray|0 fnt\n|faint|p1a: Luxray\n|\n|upkeep\n|\n|t:|1732939735\n|switch|p1a: Kricketune|Kricketune, L99, F|64/312\n|turn|20\n|\n|t:|1732939737\n|move|p1a: Kricketune|Pounce|p2a: Gardevoir\n|-damage|p2a: Gardevoir|0 fnt\n|-start|p1a: Kricketune|Disable|Pounce|[from] ability: Cursed Body|[of] p2a: Gardevoir\n|faint|p2a: Gardevoir\n|\n|upkeep\n|\n|t:|1732939749\n|switch|p2a: Klefki|Klefki, L84, F|233/233\n|-activate|p2a: Klefki|move: Sticky Web\n|-unboost|p2a: Klefki|spe|1\n|turn|21\n|\n|t:|1732939756\n|move|p1a: Kricketune|Taunt|p2a: Klefki\n|-start|p2a: Klefki|move: Taunt\n|move|p2a: Klefki|Dazzling Gleam|p1a: Kricketune\n|-damage|p1a: Kricketune|0 fnt\n|faint|p1a: Kricketune\n|\n|upkeep\n|\n|t:|1732939760\n|switch|p1a: Slaking|Slaking, L84, M|389/389\n|turn|22\n|\n|t:|1732939765\n|switch|p2a: Hitmonchan|Hitmonchan, L87, M|229/229\n|-activate|p2a: Hitmonchan|move: Sticky Web\n|-unboost|p2a: Hitmonchan|spe|1\n|move|p1a: Slaking|Earthquake|p2a: Hitmonchan\n|-damage|p2a: Hitmonchan|127/229\n|\n|upkeep\n|turn|23\n|\n|t:|1732939772\n|switch|p1a: Dragapult|Dragapult, L77, F|157/262\n|move|p2a: Hitmonchan|Knock Off|p1a: Dragapult\n|-supereffective|p1a: Dragapult\n|-damage|p1a: Dragapult|0 fnt\n|-enditem|p1a: Dragapult|Heavy-Duty Boots|[from] move: Knock Off|[of] p2a: Hitmonchan\n|faint|p1a: Dragapult\n|-damage|p2a: Hitmonchan|105/229|[from] item: Life Orb\n|\n|upkeep\n|\n|t:|1732939785\n|switch|p1a: Smeargle|Smeargle, L95, M|258/258\n|turn|24\n|\n|t:|1732939799\n|switch|p2a: Empoleon|Empoleon, L84, M|278/278\n|-activate|p2a: Empoleon|move: Sticky Web\n|-unboost|p2a: Empoleon|spe|1\n|-ability|p2a: Empoleon|Competitive|boost\n|-boost|p2a: Empoleon|spa|2\n|move|p1a: Smeargle|Spore|p2a: Empoleon\n|-status|p2a: Empoleon|slp|[from] move: Spore\n|\n|upkeep\n|turn|25\n|\n|t:|1732939804\n|move|p1a: Smeargle|Shell Smash|p1a: Smeargle\n|-unboost|p1a: Smeargle|def|1\n|-unboost|p1a: Smeargle|spd|1\n|-boost|p1a: Smeargle|atk|2\n|-boost|p1a: Smeargle|spa|2\n|-boost|p1a: Smeargle|spe|2\n|cant|p2a: Empoleon|slp\n|\n|upkeep\n|turn|26\n|\n|t:|1732939807\n|move|p1a: Smeargle|Shell Smash|p1a: Smeargle\n|-unboost|p1a: Smeargle|def|1\n|-unboost|p1a: Smeargle|spd|1\n|-boost|p1a: Smeargle|atk|2\n|-boost|p1a: Smeargle|spa|2\n|-boost|p1a: Smeargle|spe|2\n|-curestatus|p2a: Empoleon|slp|[msg]\n|move|p2a: Empoleon|Roar|p1a: Smeargle\n|drag|p1a: Slaking|Slaking, L84, M|389/389\n|\n|upkeep\n|turn|27\n|\n|t:|1732939815\n|move|p1a: Slaking|Earthquake|p2a: Empoleon\n|-supereffective|p2a: Empoleon\n|-damage|p2a: Empoleon|52/278\n|move|p2a: Empoleon|Surf|p1a: Slaking\n|-damage|p1a: Slaking|145/389\n|\n|-heal|p2a: Empoleon|69/278|[from] item: Leftovers\n|upkeep\n|turn|28\n|\n|t:|1732939820\n|cant|p1a: Slaking|ability: Truant\n|move|p2a: Empoleon|Surf|p1a: Slaking\n|-damage|p1a: Slaking|0 fnt\n|faint|p1a: Slaking\n|\n|-heal|p2a: Empoleon|86/278|[from] item: Leftovers\n|upkeep\n|\n|t:|1732939824\n|switch|p1a: Smeargle|Smeargle, L95, M|258/258\n|turn|29\n|\n|t:|1732939833\n|move|p1a: Smeargle|Spore|p2a: Empoleon\n|-status|p2a: Empoleon|slp|[from] move: Spore\n|cant|p2a: Empoleon|slp\n|\n|-heal|p2a: Empoleon|103/278 slp|[from] item: Leftovers\n|upkeep\n|turn|30\n|\n|t:|1732939837\n|switch|p2a: Klefki|Klefki, L84, F|233/233\n|-activate|p2a: Klefki|move: Sticky Web\n|-unboost|p2a: Klefki|spe|1\n|move|p1a: Smeargle|Shell Smash|p1a: Smeargle\n|-unboost|p1a: Smeargle|def|1\n|-unboost|p1a: Smeargle|spd|1\n|-boost|p1a: Smeargle|atk|2\n|-boost|p1a: Smeargle|spa|2\n|-boost|p1a: Smeargle|spe|2\n|\n|upkeep\n|turn|31\n|\n|t:|1732939847\n|-terastallize|p1a: Smeargle|Normal\n|move|p2a: Klefki|Thunder Wave|p1a: Smeargle\n|-status|p1a: Smeargle|par\n|move|p1a: Smeargle|Population Bomb|p2a: Klefki\n|-resisted|p2a: Klefki\n|-damage|p2a: Klefki|214/233\n|-resisted|p2a: Klefki\n|-damage|p2a: Klefki|193/233\n|-resisted|p2a: Klefki\n|-damage|p2a: Klefki|174/233\n|-resisted|p2a: Klefki\n|-damage|p2a: Klefki|152/233\n|-resisted|p2a: Klefki\n|-damage|p2a: Klefki|132/233\n|-resisted|p2a: Klefki\n|-damage|p2a: Klefki|111/233\n|-resisted|p2a: Klefki\n|-damage|p2a: Klefki|90/233\n|-resisted|p2a: Klefki\n|-damage|p2a: Klefki|70/233\n|-resisted|p2a: Klefki\n|-damage|p2a: Klefki|49/233\n|-resisted|p2a: Klefki\n|-damage|p2a: Klefki|29/233\n|-hitcount|p2a: Klefki|10\n|\n|-heal|p2a: Klefki|43/233|[from] item: Leftovers\n|upkeep\n|turn|32\n|\n|t:|1732939854\n|move|p1a: Smeargle|Population Bomb|p2a: Klefki\n|-resisted|p2a: Klefki\n|-damage|p2a: Klefki|20/233\n|-resisted|p2a: Klefki\n|-damage|p2a: Klefki|0 fnt\n|faint|p2a: Klefki\n|-hitcount|p2: Klefki|2\n|\n|upkeep\n|\n|t:|1732939857\n|switch|p2a: Hitmonchan|Hitmonchan, L87, M|105/229\n|-activate|p2a: Hitmonchan|move: Sticky Web\n|-unboost|p2a: Hitmonchan|spe|1\n|turn|33\n|\n|t:|1732939864\n|cant|p1a: Smeargle|par\n|move|p2a: Hitmonchan|Close Combat|p1a: Smeargle\n|-supereffective|p1a: Smeargle\n|-damage|p1a: Smeargle|0 fnt\n|-unboost|p2a: Hitmonchan|def|1\n|-unboost|p2a: Hitmonchan|spd|1\n|faint|p1a: Smeargle\n|-damage|p2a: Hitmonchan|83/229|[from] item: Life Orb\n|\n|win|USThunderEagle\n|raw|7up4boys's rating: 1525 &rarr; <strong>1505</strong><br />(-20 for losing)\n|raw|USThunderEagle's rating: 1533 &rarr; <strong>1553</strong><br />(+20 for winning)\n|l|\u26067up4boys\n|player|p1|\n", "inputlog": ">version b107d77f5c90bd6555267ae244a6264823309ead\n>start {\"formatid\":\"gen9randombattle\",\"seed\":[46565,11385,64441,10011],\"rated\":\"Rated battle\"}\n>player p1 {\"name\":\"7up4boys\",\"avatar\":\"170\",\"rating\":1525,\"seed\":[26211,46924,57781,25883]}\n>player p2 {\"name\":\"USThunderEagle\",\"avatar\":\"ltsurge\",\"rating\":1533,\"seed\":[20284,10265,8364,2178]}\n>p1 move icefang\n>p2 move gigadrain\n>p1 move icefang\n>p2 move gigadrain\n>p2 switch 5\n>p1 move voltswitch\n>p2 move moonblast\n>p1 switch 5\n>p1 move stickyweb\n>p2 switch 3\n>p1 move taunt\n>p2 move irondefense\n>p1 move knockoff\n>p2 move stoneedge\n>p1 switch 3\n>p2 move stoneedge\n>p1 move earthquake\n>p2 move irondefense\n>p1 move earthquake\n>p2 move irondefense\n>p1 move earthquake\n>p2 move irondefense\n>p1 move earthquake\n>p2 move rest\n>p1 move swordsdance\n>p2 move stoneedge\n>p1 move swordsdance\n>p2 move bodypress\n>p1 move swordsdance\n>p2 move bodypress terastallize\n>p1 move gunkshot\n>p2 move bodypress\n>p1 switch 4\n>p1 move willowisp\n>p2 move stoneedge\n>p1 move hex\n>p2 move stoneedge\n>p1 move hex\n>p2 move rest\n>p2 switch 3\n>p1 move uturn\n>p2 move moonblast\n>p1 switch 5\n>p1 switch 3\n>p1 move pounce\n>p2 move moonblast\n>p2 switch 2\n>p1 move taunt\n>p2 move dazzlinggleam\n>p1 switch 6\n>p1 move earthquake\n>p2 switch 6\n>p1 switch 5\n>p2 move knockoff\n>p1 switch 2\n>p1 move spore\n>p2 switch 4\n>p1 move shellsmash\n>p2 move roar\n>p1 move shellsmash\n>p2 move roar\n>p1 move earthquake\n>p2 move surf\n>p1 move earthquake\n>p2 move surf\n>p1 switch 5\n>p1 move spore\n>p2 move surf\n>p1 move shellsmash\n>p2 switch 6\n>p1 move populationbomb terastallize\n>p2 move thunderwave\n>p1 move populationbomb\n>p2 move foulplay\n>p2 switch 4\n>p1 move populationbomb\n>p2 move closecombat", "uploadtime": 1732939875, "views": 23, "formatid": "gen9randombattle", "rating": 1505, "private": 0, "password": null}