{"id": "gen9randombattle-2254057649", "format": "[Gen 9] Random Battle", "players": ["Sealed Book", "Whadduyumean"], "log": "|j|\u2606Sealed Book\n|j|\u2606Whadduyumean\n|t:|1732985927\n|gametype|singles\n|player|p1|Sealed Book|lisia|1263\n|player|p2|Whadduyumean|morty|1278\n|teamsize|p1|6\n|teamsize|p2|6\n|gen|9\n|tier|[Gen 9] Random Battle\n|rated|\n|rule|Species Clause: Limit one of each Pok\u00e9mon\n|rule|HP Percentage Mod: HP is shown in percentages\n|rule|Sleep Clause Mod: Limit one foe put to sleep\n|rule|Illusion Level Mod: Illusion disguises the Pok\u00e9mon's true level\n|\n|t:|1732985927\n|start\n|switch|p1a: Wo-Chien|Wo-Chien, L83|277/277\n|switch|p2a: Piloswine|Piloswine, L85, F|309/309\n|-ability|p1a: Wo-Chien|Tablets of Ruin\n|turn|1\n|\n|t:|1732985949\n|move|p1a: Wo-Chien|Leech Seed|p2a: Piloswine|[miss]\n|-miss|p1a: Wo-Chien|p2a: Piloswine\n|move|p2a: Piloswine|Roar|p1a: Wo-Chien\n|drag|p1a: Passimian|Passimian, L83, M|302/302\n|\n|upkeep\n|turn|2\n|inactive|Battle timer is ON: inactive players will automatically lose when time's up. (requested by Sealed Book)\n|\n|t:|1732985963\n|switch|p2a: Florges|Florges, L85, F|271/271\n|move|p1a: Passimian|Knock Off|p2a: Florges\n|-resisted|p2a: Florges\n|-damage|p2a: Florges|226/271\n|-enditem|p2a: Florges|Leftovers|[from] move: Knock Off|[of] p1a: Passimian\n|\n|upkeep\n|turn|3\n|\n|t:|1732985976\n|switch|p1a: Archaludon|Archaludon, L78, F|268/268\n|move|p2a: Florges|Moonblast|p1a: Archaludon\n|-damage|p1a: Archaludon|168/268\n|-unboost|p1a: Archaludon|spa|1\n|-ability|p1a: Archaludon|Stamina|boost\n|-boost|p1a: Archaludon|def|1\n|\n|upkeep\n|turn|4\n|\n|t:|1732985994\n|switch|p2a: Flygon|Flygon, L82, M|265/265\n|move|p1a: Archaludon|Flash Cannon|p2a: Flygon\n|-damage|p2a: Flygon|195/265\n|\n|upkeep\n|turn|5\n|\n|t:|1732986006\n|move|p2a: Flygon|Outrage|p1a: Archaludon\n|-damage|p1a: Archaludon|107/268\n|-ability|p1a: Archaludon|Stamina|boost\n|-boost|p1a: Archaludon|def|1\n|move|p1a: Archaludon|Dragon Tail|p2a: Flygon\n|-supereffective|p2a: Flygon\n|-damage|p2a: Flygon|55/265\n|drag|p2a: Florges|Florges, L85, F|226/271\n|\n|upkeep\n|turn|6\n|\n|t:|1732986020\n|move|p1a: Archaludon|Flash Cannon|p2a: Florges\n|-supereffective|p2a: Florges\n|-damage|p2a: Florges|148/271\n|-unboost|p2a: Florges|spd|1\n|move|p2a: Florges|Moonblast|p1a: Archaludon\n|-damage|p1a: Archaludon|4/268\n|-unboost|p1a: Archaludon|spa|1\n|-ability|p1a: Archaludon|Stamina|boost\n|-boost|p1a: Archaludon|def|1\n|\n|upkeep\n|turn|7\n|\n|t:|1732986028\n|switch|p2a: Flygon|Flygon, L82, M|55/265\n|move|p1a: Archaludon|Body Press|p2a: Flygon\n|-crit|p2a: Flygon\n|-damage|p2a: Flygon|0 fnt\n|faint|p2a: Flygon\n|\n|upkeep\n|\n|t:|1732986035\n|switch|p2a: Piloswine|Piloswine, L85, F|309/309\n|turn|8\n|\n|t:|1732986042\n|move|p2a: Piloswine|Ice Shard|p1a: Archaludon\n|-damage|p1a: Archaludon|0 fnt\n|faint|p1a: Archaludon\n|\n|upkeep\n|\n|t:|1732986049\n|switch|p1a: Wo-Chien|Wo-Chien, L83|277/277\n|-ability|p1a: Wo-Chien|Tablets of Ruin\n|turn|9\n|\n|t:|1732986055\n|switch|p2a: Leavanny|Leavanny, L86, F|269/269\n|move|p1a: Wo-Chien|Leech Seed|p2a: Leavanny\n|-immune|p2a: Leavanny\n|\n|upkeep\n|turn|10\n|\n|t:|1732986062\n|switch|p1a: Camerupt|Camerupt, L91, M|275/275\n|move|p2a: Leavanny|Sticky Web|p1a: Camerupt\n|-sidestart|p1: Sealed Book|move: Sticky Web\n|\n|upkeep\n|turn|11\n|\n|t:|1732986068\n|switch|p2a: Luvdisc|Luvdisc, M|247/247\n|move|p1a: Camerupt|Stealth Rock|p2a: Luvdisc\n|-sidestart|p2: Whadduyumean|move: Stealth Rock\n|\n|upkeep\n|turn|12\n|\n|t:|1732986077\n|switch|p1a: Wo-Chien|Wo-Chien, L83|277/277\n|-activate|p1a: Wo-Chien|move: Sticky Web\n|-unboost|p1a: Wo-Chien|spe|1\n|-ability|p1a: Wo-Chien|Tablets of Ruin\n|move|p2a: Luvdisc|Whirlpool|p1a: Wo-Chien\n|-resisted|p1a: Wo-Chien\n|-damage|p1a: Wo-Chien|266/277\n|-activate|p1a: Wo-Chien|move: Whirlpool|[of] p2a: Luvdisc\n|\n|-heal|p1a: Wo-Chien|277/277|[from] item: Leftovers\n|-damage|p1a: Wo-Chien|243/277|[from] move: Whirlpool|[partiallytrapped]\n|upkeep\n|turn|13\n|\n|t:|1732986090\n|move|p2a: Luvdisc|Substitute|p2a: Luvdisc\n|-start|p2a: Luvdisc|Substitute\n|-damage|p2a: Luvdisc|186/247\n|move|p1a: Wo-Chien|Knock Off|p2a: Luvdisc\n|-end|p2a: Luvdisc|Substitute\n|\n|-heal|p1a: Wo-Chien|260/277|[from] item: Leftovers\n|-damage|p1a: Wo-Chien|226/277|[from] move: Whirlpool|[partiallytrapped]\n|upkeep\n|turn|14\n|\n|t:|1732986104\n|switch|p2a: Leavanny|Leavanny, L86, F|269/269\n|move|p1a: Wo-Chien|Knock Off|p2a: Leavanny\n|-damage|p2a: Leavanny|175/269\n|-enditem|p2a: Leavanny|Heavy-Duty Boots|[from] move: Knock Off|[of] p1a: Wo-Chien\n|\n|-heal|p1a: Wo-Chien|243/277|[from] item: Leftovers\n|-end|p1a: Wo-Chien|Whirlpool|[partiallytrapped]|[silent]\n|upkeep\n|turn|15\n|\n|t:|1732986113\n|switch|p1a: Camerupt|Camerupt, L91, M|275/275\n|-activate|p1a: Camerupt|move: Sticky Web\n|-unboost|p1a: Camerupt|spe|1\n|move|p2a: Leavanny|Knock Off|p1a: Camerupt\n|-damage|p1a: Camerupt|195/275\n|-enditem|p1a: Camerupt|Leftovers|[from] move: Knock Off|[of] p2a: Leavanny\n|\n|upkeep\n|turn|16\n|\n|t:|1732986126\n|switch|p2a: Luvdisc|Luvdisc, M|186/247\n|move|p1a: Camerupt|Overheat|p2a: Luvdisc\n|-resisted|p2a: Luvdisc\n|-damage|p2a: Luvdisc|96/247\n|-unboost|p1a: Camerupt|spa|2\n|\n|upkeep\n|turn|17\n|\n|t:|1732986139\n|move|p2a: Luvdisc|Endeavor|p1a: Camerupt\n|-damage|p1a: Camerupt|96/275\n|move|p1a: Camerupt|Earthquake|p2a: Luvdisc\n|-damage|p2a: Luvdisc|0 fnt\n|faint|p2a: Luvdisc\n|\n|upkeep\n|\n|t:|1732986154\n|switch|p2a: Florges|Florges, L85, F|148/271\n|-damage|p2a: Florges|115/271|[from] Stealth Rock\n|turn|18\n|\n|t:|1732986159\n|move|p2a: Florges|Synthesis|p2a: Florges\n|-heal|p2a: Florges|250/271\n|move|p1a: Camerupt|Earthquake|p2a: Florges\n|-damage|p2a: Florges|90/271\n|\n|upkeep\n|turn|19\n|\n|t:|1732986168\n|move|p2a: Florges|Moonblast|p1a: Camerupt\n|-resisted|p1a: Camerupt\n|-damage|p1a: Camerupt|37/275\n|-unboost|p1a: Camerupt|spa|1\n|move|p1a: Camerupt|Earthquake|p2a: Florges\n|-damage|p2a: Florges|0 fnt\n|faint|p2a: Florges\n|\n|upkeep\n|\n|t:|1732986174\n|switch|p2a: Malamar|Malamar, L82, F|275/275\n|-damage|p2a: Malamar|241/275|[from] Stealth Rock\n|turn|20\n|\n|t:|1732986188\n|move|p2a: Malamar|Superpower|p1a: Camerupt\n|-damage|p1a: Camerupt|0 fnt\n|-boost|p2a: Malamar|atk|1\n|-boost|p2a: Malamar|def|1\n|faint|p1a: Camerupt\n|\n|upkeep\n|\n|t:|1732986196\n|switch|p1a: Passimian|Passimian, L83, M|302/302\n|-activate|p1a: Passimian|move: Sticky Web\n|-unboost|p1a: Passimian|spe|1\n|-ability|p1a: Passimian|Defiant|boost\n|-boost|p1a: Passimian|atk|2\n|turn|21\n|\n|t:|1732986207\n|-terastallize|p2a: Malamar|Poison\n|move|p1a: Passimian|U-turn|p2a: Malamar\n|-resisted|p2a: Malamar\n|-damage|p2a: Malamar|201/275\n|\n|t:|1732986213\n|switch|p1a: Wo-Chien|Wo-Chien, L83|243/277|[from] U-turn\n|-activate|p1a: Wo-Chien|move: Sticky Web\n|-unboost|p1a: Wo-Chien|spe|1\n|-ability|p1a: Wo-Chien|Tablets of Ruin\n|move|p2a: Malamar|Psycho Cut|p1a: Wo-Chien\n|-immune|p1a: Wo-Chien\n|\n|-heal|p1a: Wo-Chien|260/277|[from] item: Leftovers\n|upkeep\n|turn|22\n|\n|t:|1732986221\n|move|p2a: Malamar|Superpower|p1a: Wo-Chien\n|-supereffective|p1a: Wo-Chien\n|-damage|p1a: Wo-Chien|100/277\n|-boost|p2a: Malamar|atk|1\n|-boost|p2a: Malamar|def|1\n|move|p1a: Wo-Chien|Knock Off|p2a: Malamar\n|-damage|p2a: Malamar|155/275\n|-enditem|p2a: Malamar|Chesto Berry|[from] move: Knock Off|[of] p1a: Wo-Chien\n|\n|-heal|p1a: Wo-Chien|117/277|[from] item: Leftovers\n|upkeep\n|turn|23\n|\n|t:|1732986228\n|move|p2a: Malamar|Superpower|p1a: Wo-Chien\n|-supereffective|p1a: Wo-Chien\n|-damage|p1a: Wo-Chien|0 fnt\n|-boost|p2a: Malamar|atk|1\n|-boost|p2a: Malamar|def|1\n|faint|p1a: Wo-Chien\n|\n|upkeep\n|\n|t:|1732986232\n|switch|p1a: Shaymin|Shaymin-Sky, L73|266/266\n|turn|24\n|\n|t:|1732986239\n|move|p1a: Shaymin|Earth Power|p2a: Malamar\n|-supereffective|p2a: Malamar\n|-crit|p2a: Malamar\n|-damage|p2a: Malamar|0 fnt\n|faint|p2a: Malamar\n|\n|upkeep\n|\n|t:|1732986246\n|switch|p2a: Piloswine|Piloswine, L85, F|309/309\n|-damage|p2a: Piloswine|271/309|[from] Stealth Rock\n|turn|25\n|\n|t:|1732986250\n|switch|p1a: Passimian|Passimian, L83, M|302/302\n|-activate|p1a: Passimian|move: Sticky Web\n|-unboost|p1a: Passimian|spe|1\n|-ability|p1a: Passimian|Defiant|boost\n|-boost|p1a: Passimian|atk|2\n|move|p2a: Piloswine|Ice Shard|p1a: Passimian\n|-damage|p1a: Passimian|257/302\n|\n|upkeep\n|turn|26\n|\n|t:|1732986257\n|switch|p2a: Leavanny|Leavanny, L86, F|175/269\n|-damage|p2a: Leavanny|108/269|[from] Stealth Rock\n|move|p1a: Passimian|Close Combat|p2a: Leavanny\n|-resisted|p2a: Leavanny\n|-damage|p2a: Leavanny|0 fnt\n|-unboost|p1a: Passimian|def|1\n|-unboost|p1a: Passimian|spd|1\n|faint|p2a: Leavanny\n|\n|upkeep\n|\n|t:|1732986262\n|switch|p2a: Piloswine|Piloswine, L85, F|271/309\n|-damage|p2a: Piloswine|233/309|[from] Stealth Rock\n|turn|27\n|\n|t:|1732986268\n|move|p1a: Passimian|Close Combat|p2a: Piloswine\n|-supereffective|p2a: Piloswine\n|-damage|p2a: Piloswine|0 fnt\n|-unboost|p1a: Passimian|def|1\n|-unboost|p1a: Passimian|spd|1\n|faint|p2a: Piloswine\n|\n|win|Sealed Book\n|raw|Sealed Book's rating: 1263 &rarr; <strong>1289</strong><br />(+26 for winning)\n|raw|Whadduyumean's rating: 1278 &rarr; <strong>1252</strong><br />(-26 for losing)\n|l|\u2606Whadduyumean\n|player|p2|\n|c|\u2606Sealed Book|14-3\n|c|\u2606Sealed Book|14 wins - 3 loses\n", "inputlog": ">version b107d77f5c90bd6555267ae244a6264823309ead\n>start {\"formatid\":\"gen9randombattle\",\"seed\":[35204,34121,13970,65114],\"rated\":\"Rated battle\"}\n>player p1 {\"name\":\"Sealed Book\",\"avatar\":\"lisia\",\"rating\":1263,\"seed\":[26091,35769,60569,31888]}\n>player p2 {\"name\":\"Whadduyumean\",\"avatar\":\"morty\",\"rating\":1278,\"seed\":[51287,42973,61167,6389]}\n>p1 move leechseed\n>p2 move roar\n>p1 move knockoff\n>p2 switch 6\n>p1 switch 3\n>p2 move moonblast\n>p1 move flashcannon\n>p2 switch 3\n>p1 move dragontail\n>p2 move outrage\n>p1 move flashcannon\n>p2 move moonblast\n>p1 move bodypress\n>p2 switch 3\n>p2 switch 6\n>p1 move bodypress\n>p2 move iceshard\n>p1 switch 6\n>p1 move leechseed\n>p2 switch 5\n>p1 switch 2\n>p2 move stickyweb\n>p1 move stealthrock\n>p2 switch 4\n>p1 switch 2\n>p2 move whirlpool\n>p1 move knockoff\n>p2 move substitute\n>p1 move knockoff\n>p2 switch 4\n>p1 switch 2\n>p2 move knockoff\n>p1 move overheat\n>p2 switch 4\n>p1 move earthquake\n>p2 move endeavor\n>p2 switch 3\n>p1 move earthquake\n>p2 move synthesis\n>p1 move earthquake\n>p2 move moonblast\n>p2 switch 2\n>p1 move roar\n>p2 move superpower\n>p1 switch 3\n>p1 move uturn\n>p2 move psychocut terastallize\n>p1 switch 2\n>p1 move knockoff\n>p2 move superpower\n>p1 move leechseed\n>p2 move superpower\n>p1 switch 5\n>p1 move earthpower\n>p2 move psychocut\n>p2 switch 5\n>p1 switch 2\n>p2 move iceshard\n>p1 move closecombat\n>p2 switch 4\n>p2 switch 4\n>p1 move closecombat\n>p2 move earthquake", "uploadtime": 1732986280, "views": 1, "formatid": "gen9randombattle", "rating": 1252, "private": 0, "password": null}