{"id": "gen9randombattle-2253818243", "format": "[Gen 9] Random Battle", "players": ["cheese xuebao", "Wuloo"], "log": "|j|\u2606cheese xuebao\n|j|\u2606Wuloo\n|t:|1732943004\n|gametype|singles\n|player|p1|cheese xuebao|miku-ground|\n|player|p2|Wuloo|collector|\n|teamsize|p1|6\n|teamsize|p2|6\n|gen|9\n|tier|[Gen 9] Random Battle\n|rule|Species Clause: Limit one of each Pok\u00e9mon\n|rule|HP Percentage Mod: HP is shown in percentages\n|rule|Sleep Clause Mod: Limit one foe put to sleep\n|rule|Illusion Level Mod: Illusion disguises the Pok\u00e9mon's true level\n|\n|t:|1732943004\n|start\n|switch|p1a: Greedent|Greedent, L86, F|347/347\n|switch|p2a: Dodrio|Dodrio, L86, M|243/243\n|turn|1\n|\n|t:|1732943023\n|switch|p2a: Kommo-o|Kommo-o, L78, M|245/245\n|move|p1a: Greedent|Swords Dance|p1a: Greedent\n|-boost|p1a: Greedent|atk|2\n|\n|upkeep\n|turn|2\n|\n|t:|1732943031\n|switch|p1a: Mesprit|Mesprit, L85|275/275\n|move|p2a: Kommo-o|Close Combat|p1a: Mesprit\n|-resisted|p1a: Mesprit\n|-damage|p1a: Mesprit|226/275\n|-unboost|p2a: Kommo-o|def|1\n|-unboost|p2a: Kommo-o|spd|1\n|\n|-heal|p1a: Mesprit|243/275|[from] item: Leftovers\n|upkeep\n|turn|3\n|\n|t:|1732943051\n|switch|p2a: Slowbro|Slowbro-Galar, L87, M|307/307\n|move|p1a: Mesprit|Stealth Rock|p2a: Slowbro\n|-sidestart|p2: Wuloo|move: Stealth Rock\n|\n|-heal|p1a: Mesprit|260/275|[from] item: Leftovers\n|upkeep\n|turn|4\n|\n|t:|1732943070\n|-terastallize|p2a: Slowbro|Dark\n|move|p1a: Mesprit|Psychic Noise|p2a: Slowbro\n|-immune|p2a: Slowbro\n|move|p2a: Slowbro|Shell Side Arm|p1a: Mesprit|[anim] Shell Side Arm Physical\n|-damage|p1a: Mesprit|172/275\n|-hint|Physical Shell Side Arm\n|\n|-heal|p1a: Mesprit|189/275|[from] item: Leftovers\n|upkeep\n|turn|5\n|\n|t:|1732943077\n|move|p1a: Mesprit|U-turn|p2a: Slowbro\n|-supereffective|p2a: Slowbro\n|-damage|p2a: Slowbro|211/307\n|-damage|p1a: Mesprit|144/275|[from] item: Rocky Helmet|[of] p2a: Slowbro\n|\n|t:|1732943088\n|switch|p1a: Passimian|Passimian, L83, F|302/302|[from] U-turn\n|move|p2a: Slowbro|Psychic|p1a: Passimian\n|-supereffective|p1a: Passimian\n|-damage|p1a: Passimian|6/302\n|\n|-heal|p1a: Passimian|24/302|[from] item: Leftovers\n|upkeep\n|turn|6\n|c|\u2606cheese xuebao|\u597d\u8bfb\n|\n|t:|1732943105\n|move|p1a: Passimian|Drain Punch|p2a: Slowbro\n|-supereffective|p2a: Slowbro\n|-damage|p2a: Slowbro|41/307\n|-heal|p1a: Passimian|109/302|[from] drain|[of] p2a: Slowbro\n|-damage|p1a: Passimian|59/302|[from] item: Rocky Helmet|[of] p2a: Slowbro\n|move|p2a: Slowbro|Shell Side Arm|p1a: Passimian|[anim] Shell Side Arm Special\n|-damage|p1a: Passimian|0 fnt\n|-hint|Special Shell Side Arm\n|faint|p1a: Passimian\n|\n|upkeep\n|\n|t:|1732943117\n|switch|p1a: Yanmega|Yanmega, L82, M|275/275\n|turn|7\n|\n|t:|1732943120\n|switch|p2a: Blastoise|Blastoise, L80, M|258/258\n|-damage|p2a: Blastoise|226/258|[from] Stealth Rock\n|move|p1a: Yanmega|Air Slash|p2a: Blastoise\n|-damage|p2a: Blastoise|142/258\n|\n|-ability|p1a: Yanmega|Speed Boost|boost\n|-boost|p1a: Yanmega|spe|1\n|upkeep\n|turn|8\n|c|\u2606Wuloo|\u6211\u53bb\u70b9\u9519\u4e86\n|\n|t:|1732943145\n|move|p1a: Yanmega|Bug Buzz|p2a: Blastoise\n|-damage|p2a: Blastoise|51/258\n|-unboost|p2a: Blastoise|spd|1\n|-enditem|p2a: Blastoise|White Herb\n|-clearnegativeboost|p2a: Blastoise|[silent]\n|move|p2a: Blastoise|Ice Beam|p1a: Yanmega\n|-supereffective|p1a: Yanmega\n|-damage|p1a: Yanmega|117/275\n|\n|-ability|p1a: Yanmega|Speed Boost|boost\n|-boost|p1a: Yanmega|spe|1\n|upkeep\n|turn|9\n|\n|t:|1732943158\n|move|p1a: Yanmega|Bug Buzz|p2a: Blastoise\n|-damage|p2a: Blastoise|0 fnt\n|faint|p2a: Blastoise\n|\n|-ability|p1a: Yanmega|Speed Boost|boost\n|-boost|p1a: Yanmega|spe|1\n|upkeep\n|\n|t:|1732943180\n|switch|p2a: Copperajah|Copperajah, L86, F|350/350\n|-damage|p2a: Copperajah|329/350|[from] Stealth Rock\n|turn|10\n|\n|t:|1732943190\n|-terastallize|p1a: Yanmega|Ground\n|move|p1a: Yanmega|Tera Blast|p2a: Copperajah|[anim] Tera Blast Ground\n|-supereffective|p2a: Copperajah\n|-damage|p2a: Copperajah|99/350\n|move|p2a: Copperajah|Iron Head|p1a: Yanmega\n|-damage|p1a: Yanmega|0 fnt\n|faint|p1a: Yanmega\n|\n|upkeep\n|\n|t:|1732943198\n|switch|p1a: Greedent|Greedent, L86, F|347/347\n|turn|11\n|\n|t:|1732943203\n|move|p2a: Copperajah|Superpower|p1a: Greedent\n|-supereffective|p1a: Greedent\n|-damage|p1a: Greedent|64/347\n|-unboost|p2a: Copperajah|atk|1\n|-unboost|p2a: Copperajah|def|1\n|-enditem|p1a: Greedent|Sitrus Berry|[eat]\n|-heal|p1a: Greedent|150/347|[from] item: Sitrus Berry\n|-heal|p1a: Greedent|265/347|[from] ability: Cheek Pouch\n|-damage|p2a: Copperajah|64/350|[from] item: Life Orb\n|move|p1a: Greedent|Swords Dance|p1a: Greedent\n|-boost|p1a: Greedent|atk|2\n|\n|upkeep\n|turn|12\n|\n|t:|1732943215\n|move|p2a: Copperajah|Superpower|p1a: Greedent\n|-supereffective|p1a: Greedent\n|-damage|p1a: Greedent|86/347\n|-unboost|p2a: Copperajah|atk|1\n|-unboost|p2a: Copperajah|def|1\n|-damage|p2a: Copperajah|29/350|[from] item: Life Orb\n|move|p1a: Greedent|Earthquake|p2a: Copperajah\n|-supereffective|p2a: Copperajah\n|-damage|p2a: Copperajah|0 fnt\n|faint|p2a: Copperajah\n|\n|upkeep\n|c|\u2606Wuloo|\u8fd9\u4e48\u56de\n|\n|t:|1732943231\n|switch|p2a: Kommo-o|Kommo-o, L78, M|245/245\n|-damage|p2a: Kommo-o|230/245|[from] Stealth Rock\n|turn|13\n|\n|t:|1732943237\n|move|p2a: Kommo-o|Close Combat|p1a: Greedent\n|-supereffective|p1a: Greedent\n|-damage|p1a: Greedent|0 fnt\n|-unboost|p2a: Kommo-o|def|1\n|-unboost|p2a: Kommo-o|spd|1\n|faint|p1a: Greedent\n|\n|upkeep\n|\n|t:|1732943246\n|switch|p1a: Mesprit|Mesprit, L85|144/275\n|turn|14\n|\n|t:|1732943269\n|switch|p2a: Dodrio|Dodrio, L86, M|243/243\n|move|p1a: Mesprit|Psychic Noise|p2a: Dodrio\n|-damage|p2a: Dodrio|140/243\n|-start|p2a: Dodrio|move: Heal Block\n|\n|-heal|p1a: Mesprit|161/275|[from] item: Leftovers\n|upkeep\n|turn|15\n|\n|t:|1732943284\n|move|p2a: Dodrio|Knock Off|p1a: Mesprit\n|-supereffective|p1a: Mesprit\n|-damage|p1a: Mesprit|13/275\n|-enditem|p1a: Mesprit|Leftovers|[from] move: Knock Off|[of] p2a: Dodrio\n|move|p1a: Mesprit|Thunder Wave|p2a: Dodrio\n|-status|p2a: Dodrio|par\n|\n|-end|p2a: Dodrio|move: Heal Block\n|upkeep\n|turn|16\n|c|\u2606Wuloo|\u73a9\u4e0d\u4e86\u4e00\u70b9\n|\n|t:|1732943295\n|switch|p1a: Glaceon|Glaceon, L94, M|275/275\n|cant|p2a: Dodrio|par\n|\n|upkeep\n|turn|17\n|\n|t:|1732943311\n|switch|p2a: Kommo-o|Kommo-o, L78, M|230/245\n|-damage|p2a: Kommo-o|215/245|[from] Stealth Rock\n|move|p1a: Glaceon|Freeze-Dry|p2a: Kommo-o\n|-supereffective|p2a: Kommo-o\n|-damage|p2a: Kommo-o|0 fnt\n|faint|p2a: Kommo-o\n|\n|upkeep\n|c|\u2606Wuloo|\uff1f\n|\n|t:|1732943322\n|switch|p2a: Dodrio|Dodrio, L86, M|140/243 par\n|turn|18\n|\n|t:|1732943334\n|move|p1a: Glaceon|Freeze-Dry|p2a: Dodrio\n|-supereffective|p2a: Dodrio\n|-damage|p2a: Dodrio|0 fnt\n|faint|p2a: Dodrio\n|\n|upkeep\n|c|\u2606Wuloo|\uff1f\n|\n|t:|1732943346\n|switch|p2a: Slowbro|Slowbro-Galar, L87, M, tera:Dark|143/307\n|-damage|p2a: Slowbro|105/307|[from] Stealth Rock\n|turn|19\n|c|\u2606Wuloo|\u8fd9\u4e2a\u901f\u5ea6\n|c|\u2606cheese xuebao|\u51b0\u4f0a\u5e03\u795e\u529b\n|\n|t:|1732943357\n|move|p1a: Glaceon|Freeze-Dry|p2a: Slowbro\n|-damage|p2a: Slowbro|0 fnt\n|faint|p2a: Slowbro\n|\n|upkeep\n|\n|t:|1732943360\n|switch|p2a: Chimecho|Chimecho, L94, M|293/293\n|-damage|p2a: Chimecho|257/293|[from] Stealth Rock\n|turn|20\n|c|\u2606cheese xuebao|\u4f60\u521a\u624d\u9ebb\u75f9\u4e4b\u540e\u901f\u5ea6\u51cf\u534a\n|\n|t:|1732943378\n|move|p1a: Glaceon|Freeze-Dry|p2a: Chimecho\n|-damage|p2a: Chimecho|160/293\n|move|p2a: Chimecho|Dazzling Gleam|p1a: Glaceon\n|-damage|p1a: Glaceon|211/275\n|\n|-heal|p2a: Chimecho|178/293|[from] item: Leftovers\n|upkeep\n|turn|21\n|\n|t:|1732943384\n|move|p2a: Chimecho|Recover|p2a: Chimecho\n|-heal|p2a: Chimecho|293/293\n|move|p1a: Glaceon|Wish|p1a: Glaceon\n|\n|upkeep\n|turn|22\n|\n|t:|1732943390\n|move|p2a: Chimecho|Cosmic Power|p2a: Chimecho\n|-boost|p2a: Chimecho|def|1\n|-boost|p2a: Chimecho|spd|1\n|move|p1a: Glaceon|Mud Shot|p2a: Chimecho\n|-immune|p2a: Chimecho|[from] ability: Levitate\n|\n|-heal|p1a: Glaceon|275/275|[from] move: Wish|[wisher] Glaceon\n|upkeep\n|turn|23\n|c|\u2606cheese xuebao|\u4e0d\u597d\n|\n|t:|1732943403\n|switch|p1a: Brute Bonnet|Brute Bonnet, L81|312/312\n|move|p2a: Chimecho|Cosmic Power|p2a: Chimecho\n|-boost|p2a: Chimecho|def|1\n|-boost|p2a: Chimecho|spd|1\n|\n|upkeep\n|turn|24\n|c|\u2606Wuloo|\u4e0d\u597d\n|\n|t:|1732943414\n|move|p2a: Chimecho|Dazzling Gleam|p1a: Brute Bonnet\n|-supereffective|p1a: Brute Bonnet\n|-damage|p1a: Brute Bonnet|180/312\n|move|p1a: Brute Bonnet|Spore|p2a: Chimecho\n|-status|p2a: Chimecho|slp|[from] move: Spore\n|\n|-heal|p1a: Brute Bonnet|199/312|[from] item: Leftovers\n|upkeep\n|turn|25\n|c|\u2606Wuloo|\uff1f\u7761\u4e86\n|c|\u2606cheese xuebao|\u7761\u4e86\n|\n|t:|1732943429\n|cant|p2a: Chimecho|slp\n|move|p1a: Brute Bonnet|Crunch|p2a: Chimecho\n|-supereffective|p2a: Chimecho\n|-damage|p2a: Chimecho|191/293 slp\n|\n|-heal|p2a: Chimecho|209/293 slp|[from] item: Leftovers\n|-heal|p1a: Brute Bonnet|218/312|[from] item: Leftovers\n|upkeep\n|turn|26\n|\n|t:|1732943434\n|cant|p2a: Chimecho|slp\n|move|p1a: Brute Bonnet|Crunch|p2a: Chimecho\n|-supereffective|p2a: Chimecho\n|-damage|p2a: Chimecho|111/293 slp\n|\n|-heal|p2a: Chimecho|129/293 slp|[from] item: Leftovers\n|-heal|p1a: Brute Bonnet|237/312|[from] item: Leftovers\n|upkeep\n|turn|27\n|c|\u2606cheese xuebao|\u771f\u6253\u4e0d\u52a8\uff0c\u4e00\u70b9\u513f\n|\n|t:|1732943443\n|move|p1a: Brute Bonnet|Sucker Punch||[still]\n|-fail|p1a: Brute Bonnet\n|cant|p2a: Chimecho|slp\n|\n|-heal|p2a: Chimecho|147/293 slp|[from] item: Leftovers\n|-heal|p1a: Brute Bonnet|256/312|[from] item: Leftovers\n|upkeep\n|turn|28\n|c|\u2606Wuloo|\u8fd8\u4e0d\u9192\n|\n|t:|1732943453\n|-curestatus|p2a: Chimecho|slp|[msg]\n|move|p2a: Chimecho|Recover|p2a: Chimecho\n|-heal|p2a: Chimecho|293/293\n|move|p1a: Brute Bonnet|Spore|p2a: Chimecho\n|-status|p2a: Chimecho|slp|[from] move: Spore\n|\n|-heal|p1a: Brute Bonnet|275/312|[from] item: Leftovers\n|upkeep\n|turn|29\n|c|\u2606cheese xuebao|\u63a5\u7740\u7761\n|c|\u2606Wuloo|\uff1f\u522b\n|\n|t:|1732943468\n|cant|p2a: Chimecho|slp\n|move|p1a: Brute Bonnet|Crunch|p2a: Chimecho\n|-supereffective|p2a: Chimecho\n|-damage|p2a: Chimecho|207/293 slp\n|\n|-heal|p2a: Chimecho|225/293 slp|[from] item: Leftovers\n|-heal|p1a: Brute Bonnet|294/312|[from] item: Leftovers\n|upkeep\n|turn|30\n|\n|t:|1732943471\n|cant|p2a: Chimecho|slp\n|move|p1a: Brute Bonnet|Crunch|p2a: Chimecho\n|-supereffective|p2a: Chimecho\n|-damage|p2a: Chimecho|123/293 slp\n|\n|-heal|p2a: Chimecho|141/293 slp|[from] item: Leftovers\n|-heal|p1a: Brute Bonnet|312/312|[from] item: Leftovers\n|upkeep\n|turn|31\n|\n|t:|1732943474\n|cant|p2a: Chimecho|slp\n|move|p1a: Brute Bonnet|Crunch|p2a: Chimecho\n|-supereffective|p2a: Chimecho\n|-damage|p2a: Chimecho|45/293 slp\n|-unboost|p2a: Chimecho|def|1\n|\n|-heal|p2a: Chimecho|63/293 slp|[from] item: Leftovers\n|upkeep\n|turn|32\n|\n|t:|1732943479\n|-curestatus|p2a: Chimecho|slp|[msg]\n|move|p2a: Chimecho|Recover|p2a: Chimecho\n|-heal|p2a: Chimecho|210/293\n|move|p1a: Brute Bonnet|Spore|p2a: Chimecho\n|-status|p2a: Chimecho|slp|[from] move: Spore\n|\n|-heal|p2a: Chimecho|228/293 slp|[from] item: Leftovers\n|upkeep\n|turn|33\n|c|\u2606cheese xuebao|\u7ee7\u7eed\u7761\n|c|\u2606Wuloo|\u8fd9\u4e48\u73a9\n|\n|t:|1732943504\n|cant|p2a: Chimecho|slp\n|move|p1a: Brute Bonnet|Crunch|p2a: Chimecho\n|-supereffective|p2a: Chimecho\n|-damage|p2a: Chimecho|100/293 slp\n|\n|-heal|p2a: Chimecho|118/293 slp|[from] item: Leftovers\n|upkeep\n|turn|34\n|\n|t:|1732943508\n|-curestatus|p2a: Chimecho|slp|[msg]\n|move|p2a: Chimecho|Recover|p2a: Chimecho\n|-heal|p2a: Chimecho|265/293\n|move|p1a: Brute Bonnet|Crunch|p2a: Chimecho\n|-supereffective|p2a: Chimecho\n|-damage|p2a: Chimecho|143/293\n|\n|-heal|p2a: Chimecho|161/293|[from] item: Leftovers\n|upkeep\n|turn|35\n|c|\u2606Wuloo|\u6ca1\u4e86\n|\n|t:|1732943513\n|move|p2a: Chimecho|Dazzling Gleam|p1a: Brute Bonnet\n|-supereffective|p1a: Brute Bonnet\n|-damage|p1a: Brute Bonnet|174/312\n|move|p1a: Brute Bonnet|Spore|p2a: Chimecho\n|-status|p2a: Chimecho|slp|[from] move: Spore\n|\n|-heal|p2a: Chimecho|179/293 slp|[from] item: Leftovers\n|-heal|p1a: Brute Bonnet|193/312|[from] item: Leftovers\n|upkeep\n|turn|36\n|\n|t:|1732943516\n|cant|p2a: Chimecho|slp\n|move|p1a: Brute Bonnet|Crunch|p2a: Chimecho\n|-supereffective|p2a: Chimecho\n|-damage|p2a: Chimecho|57/293 slp\n|\n|-heal|p2a: Chimecho|75/293 slp|[from] item: Leftovers\n|-heal|p1a: Brute Bonnet|212/312|[from] item: Leftovers\n|upkeep\n|turn|37\n|\n|t:|1732943520\n|-curestatus|p2a: Chimecho|slp|[msg]\n|move|p2a: Chimecho|Recover|p2a: Chimecho\n|-heal|p2a: Chimecho|222/293\n|move|p1a: Brute Bonnet|Crunch|p2a: Chimecho\n|-supereffective|p2a: Chimecho\n|-damage|p2a: Chimecho|100/293\n|\n|-heal|p2a: Chimecho|118/293|[from] item: Leftovers\n|-heal|p1a: Brute Bonnet|231/312|[from] item: Leftovers\n|upkeep\n|turn|38\n|\n|t:|1732943524\n|move|p2a: Chimecho|Dazzling Gleam|p1a: Brute Bonnet\n|-supereffective|p1a: Brute Bonnet\n|-damage|p1a: Brute Bonnet|105/312\n|move|p1a: Brute Bonnet|Spore|p2a: Chimecho\n|-status|p2a: Chimecho|slp|[from] move: Spore\n|\n|-heal|p2a: Chimecho|136/293 slp|[from] item: Leftovers\n|-heal|p1a: Brute Bonnet|124/312|[from] item: Leftovers\n|upkeep\n|turn|39\n|\n|t:|1732943527\n|cant|p2a: Chimecho|slp\n|move|p1a: Brute Bonnet|Crunch|p2a: Chimecho\n|-supereffective|p2a: Chimecho\n|-crit|p2a: Chimecho\n|-damage|p2a: Chimecho|0 fnt\n|faint|p2a: Chimecho\n|\n|win|cheese xuebao\n", "inputlog": ">version b107d77f5c90bd6555267ae244a6264823309ead\n>start {\"formatid\":\"gen9randombattle\",\"seed\":[48726,47431,55260,64402]}\n>player p1 {\"name\":\"cheese xuebao\",\"avatar\":\"miku-ground\",\"rating\":0,\"seed\":[64144,20493,20758,62485]}\n>player p2 {\"name\":\"Wuloo\",\"avatar\":\"collector\",\"rating\":0,\"seed\":[62243,21733,12169,27862]}\n>p1 move swordsdance\n>p2 switch 2\n>p1 switch 6\n>p2 move closecombat\n>p1 move stealthrock\n>p2 switch 3\n>p1 move psychicnoise\n>p2 move shellsidearm terastallize\n>p1 move uturn\n>p2 move psychic\n>p1 switch 4\n>chat \u2606cheese xuebao|\u597d\u8bfb\n>p1 move drainpunch\n>p2 move shellsidearm\n>p1 switch 5\n>p1 move airslash\n>p2 switch 4\n>chat \u2606Wuloo|\u6211\u53bb\u70b9\u9519\u4e86\n>p1 move bugbuzz\n>p2 move icebeam\n>p1 move bugbuzz\n>p2 move icebeam\n>p2 switch 5\n>p1 move terablast terastallize\n>p2 move ironhead\n>p1 switch 6\n>p1 move swordsdance\n>p2 move superpower\n>p1 move earthquake\n>p2 move superpower\n>chat \u2606Wuloo|\u8fd9\u4e48\u56de\n>p2 switch 3\n>p1 move doubleedge\n>p2 move closecombat\n>p1 switch 4\n>p1 move psychicnoise\n>p2 switch 2\n>p1 move thunderwave\n>p2 move knockoff\n>chat \u2606Wuloo|\u73a9\u4e0d\u4e86\u4e00\u70b9\n>p1 switch 3\n>p2 move knockoff\n>p1 move freezedry\n>p2 switch 2\n>chat \u2606Wuloo|\uff1f\n>p2 switch 2\n>p1 move freezedry\n>p2 move bravebird\n>chat \u2606Wuloo|\uff1f\n>p2 switch 4\n>chat \u2606Wuloo|\u8fd9\u4e2a\u901f\u5ea6\n>chat \u2606cheese xuebao|\u51b0\u4f0a\u5e03\u795e\u529b\n>p1 move freezedry\n>p2 move fireblast\n>p2 switch 6\n>chat \u2606cheese xuebao|\u4f60\u521a\u624d\u9ebb\u75f9\u4e4b\u540e\u901f\u5ea6\u51cf\u534a\n>p1 move freezedry\n>p2 move dazzlinggleam\n>p1 move wish\n>p2 move recover\n>p1 move mudshot\n>p2 move cosmicpower\n>chat \u2606cheese xuebao|\u4e0d\u597d\n>p1 switch 2\n>p2 move cosmicpower\n>chat \u2606Wuloo|\u4e0d\u597d\n>p1 move spore\n>p2 move dazzlinggleam\n>chat \u2606Wuloo|\uff1f\u7761\u4e86\n>chat \u2606cheese xuebao|\u7761\u4e86\n>p1 move crunch\n>p2 move cosmicpower\n>p1 move crunch\n>p2 move dazzlinggleam\n>chat \u2606cheese xuebao|\u771f\u6253\u4e0d\u52a8\uff0c\u4e00\u70b9\u513f\n>p1 move suckerpunch\n>p2 move recover\n>chat \u2606Wuloo|\u8fd8\u4e0d\u9192\n>p1 move spore\n>p2 move recover\n>chat \u2606cheese xuebao|\u63a5\u7740\u7761\n>chat \u2606Wuloo|\uff1f\u522b\n>p1 move crunch\n>p2 move recover\n>p1 move crunch\n>p2 move recover\n>p1 move crunch\n>p2 move recover\n>p1 move spore\n>p2 move recover\n>chat \u2606cheese xuebao|\u7ee7\u7eed\u7761\n>chat \u2606Wuloo|\u8fd9\u4e48\u73a9\n>p1 move crunch\n>p2 move recover\n>p1 move crunch\n>p2 move recover\n>chat \u2606Wuloo|\u6ca1\u4e86\n>p1 move spore\n>p2 move dazzlinggleam\n>p1 move crunch\n>p2 move recover\n>p1 move crunch\n>p2 move recover\n>p1 move spore\n>p2 move dazzlinggleam\n>p1 move crunch\n>p2 move recover", "uploadtime": 1732943533, "views": 7, "formatid": "gen9randombattle", "rating": null, "private": 0, "password": null}