{"id": "gen9randombattle-2254167591", "format": "[Gen 9] Random Battle", "players": ["Mr.Squared", "BetoHorseman"], "log": "|j|\u2606Mr.Squared\n|j|\u2606BetoHorseman\n|t:|1732999581\n|gametype|singles\n|player|p1|Mr.Squared|266|1476\n|player|p2|BetoHorseman|101|1429\n|teamsize|p1|6\n|teamsize|p2|6\n|gen|9\n|tier|[Gen 9] Random Battle\n|rated|\n|rule|Species Clause: Limit one of each Pok\u00e9mon\n|rule|HP Percentage Mod: HP is shown in percentages\n|rule|Sleep Clause Mod: Limit one foe put to sleep\n|rule|Illusion Level Mod: Illusion disguises the Pok\u00e9mon's true level\n|\n|t:|1732999581\n|start\n|switch|p1a: Gliscor|Gliscor, L76, M|239/239\n|switch|p2a: Sudowoodo|Sudowoodo, L94, M|284/284\n|turn|1\n|inactive|Battle timer is ON: inactive players will automatically lose when time's up. (requested by Mr.Squared)\n|\n|t:|1732999588\n|move|p1a: Gliscor|Substitute|p1a: Gliscor\n|-start|p1a: Gliscor|Substitute\n|-damage|p1a: Gliscor|180/239\n|move|p2a: Sudowoodo|Head Smash|p1a: Gliscor\n|-end|p1a: Gliscor|Substitute\n|\n|-status|p1a: Gliscor|tox|[from] item: Toxic Orb\n|upkeep\n|turn|2\n|\n|t:|1732999596\n|move|p1a: Gliscor|Protect|p1a: Gliscor\n|-singleturn|p1a: Gliscor|Protect\n|move|p2a: Sudowoodo|Head Smash|p1a: Gliscor\n|-activate|p1a: Gliscor|move: Protect\n|\n|-heal|p1a: Gliscor|209/239 tox|[from] ability: Poison Heal\n|upkeep\n|turn|3\n|\n|t:|1732999612\n|move|p1a: Gliscor|Earthquake|p2a: Sudowoodo\n|-supereffective|p2a: Sudowoodo\n|-damage|p2a: Sudowoodo|156/284\n|move|p2a: Sudowoodo|Head Smash|p1a: Gliscor\n|-damage|p1a: Gliscor|49/239 tox\n|\n|-heal|p2a: Sudowoodo|173/284|[from] item: Leftovers\n|-heal|p1a: Gliscor|78/239 tox|[from] ability: Poison Heal\n|upkeep\n|turn|4\n|\n|t:|1732999621\n|move|p1a: Gliscor|Protect|p1a: Gliscor\n|-singleturn|p1a: Gliscor|Protect\n|move|p2a: Sudowoodo|Head Smash|p1a: Gliscor\n|-activate|p1a: Gliscor|move: Protect\n|\n|-heal|p2a: Sudowoodo|190/284|[from] item: Leftovers\n|-heal|p1a: Gliscor|107/239 tox|[from] ability: Poison Heal\n|upkeep\n|turn|5\n|\n|t:|1732999650\n|switch|p1a: Scream Tail|Scream Tail, L84|330/330\n|move|p2a: Sudowoodo|Head Smash|p1a: Scream Tail\n|-damage|p1a: Scream Tail|143/330\n|\n|-heal|p1a: Scream Tail|163/330|[from] item: Leftovers\n|-heal|p2a: Sudowoodo|207/284|[from] item: Leftovers\n|upkeep\n|turn|6\n|\n|t:|1732999662\n|switch|p2a: Rhyperior|Rhyperior, L82, F|323/323\n|-terastallize|p1a: Scream Tail|Steel\n|move|p1a: Scream Tail|Wish|p1a: Scream Tail\n|\n|-heal|p1a: Scream Tail|183/330|[from] item: Leftovers\n|upkeep\n|turn|7\n|\n|t:|1732999674\n|move|p1a: Scream Tail|Play Rough|p2a: Rhyperior\n|-damage|p2a: Rhyperior|268/323\n|move|p2a: Rhyperior|Ice Punch|p1a: Scream Tail\n|-resisted|p1a: Scream Tail\n|-damage|p1a: Scream Tail|137/330\n|\n|-heal|p1a: Scream Tail|302/330|[from] move: Wish|[wisher] Scream Tail\n|-heal|p1a: Scream Tail|322/330|[from] item: Leftovers\n|upkeep\n|turn|8\n|\n|t:|1732999685\n|-end|p1a: Scream Tail|Protosynthesis|[silent]\n|switch|p1a: Samurott|Samurott, L88, M|310/310\n|switch|p2a: Magnezone|Magnezone, L85|258/258\n|\n|upkeep\n|turn|9\n|\n|t:|1732999693\n|switch|p1a: Gliscor|Gliscor, L76, M|107/239 tox\n|move|p2a: Magnezone|Volt Switch|p1a: Gliscor\n|-immune|p1a: Gliscor\n|\n|-heal|p1a: Gliscor|136/239 tox|[from] ability: Poison Heal\n|upkeep\n|turn|10\n|\n|t:|1732999704\n|switch|p2a: Mismagius|Mismagius, L86, M|243/243\n|move|p1a: Gliscor|Substitute|p1a: Gliscor\n|-start|p1a: Gliscor|Substitute\n|-damage|p1a: Gliscor|77/239 tox\n|\n|-heal|p1a: Gliscor|106/239 tox|[from] ability: Poison Heal\n|upkeep\n|turn|11\n|\n|t:|1732999713\n|move|p2a: Mismagius|Substitute|p2a: Mismagius\n|-start|p2a: Mismagius|Substitute\n|-damage|p2a: Mismagius|183/243\n|move|p1a: Gliscor|Toxic||[still]\n|-fail|p1a: Gliscor\n|\n|-heal|p2a: Mismagius|198/243|[from] item: Leftovers\n|-heal|p1a: Gliscor|135/239 tox|[from] ability: Poison Heal\n|upkeep\n|turn|12\n|\n|t:|1732999731\n|switch|p1a: Minun|Minun, L95, M|268/268\n|move|p2a: Mismagius|Shadow Ball|p1a: Minun\n|-damage|p1a: Minun|184/268\n|\n|-heal|p2a: Mismagius|213/243|[from] item: Leftovers\n|upkeep\n|turn|13\n|\n|t:|1732999740\n|move|p1a: Minun|Thunderbolt|p2a: Mismagius\n|-end|p2a: Mismagius|Substitute\n|-damage|p1a: Minun|158/268|[from] item: Life Orb\n|move|p2a: Mismagius|Shadow Ball|p1a: Minun\n|-crit|p1a: Minun\n|-damage|p1a: Minun|29/268\n|\n|-heal|p2a: Mismagius|228/243|[from] item: Leftovers\n|upkeep\n|turn|14\n|\n|t:|1732999758\n|switch|p2a: Magnezone|Magnezone, L85|258/258\n|move|p1a: Minun|Thunderbolt|p2a: Magnezone\n|-resisted|p2a: Magnezone\n|-damage|p2a: Magnezone|200/258\n|-damage|p1a: Minun|3/268|[from] item: Life Orb\n|\n|upkeep\n|turn|15\n|\n|t:|1732999768\n|switch|p1a: Gliscor|Gliscor, L76, M|135/239 tox\n|move|p2a: Magnezone|Flash Cannon|p1a: Gliscor\n|-damage|p1a: Gliscor|6/239 tox\n|\n|-heal|p1a: Gliscor|35/239 tox|[from] ability: Poison Heal\n|upkeep\n|turn|16\n|\n|t:|1732999778\n|switch|p1a: Scream Tail|Scream Tail, L84, tera:Steel|322/330\n|move|p2a: Magnezone|Flash Cannon|p1a: Scream Tail\n|-resisted|p1a: Scream Tail\n|-damage|p1a: Scream Tail|277/330\n|\n|-heal|p1a: Scream Tail|297/330|[from] item: Leftovers\n|upkeep\n|turn|17\n|\n|t:|1732999787\n|switch|p2a: Rhyperior|Rhyperior, L82, F|268/323\n|move|p1a: Scream Tail|Wish|p1a: Scream Tail\n|\n|-heal|p1a: Scream Tail|317/330|[from] item: Leftovers\n|upkeep\n|turn|18\n|\n|t:|1732999799\n|-end|p1a: Scream Tail|Protosynthesis|[silent]\n|switch|p1a: Samurott|Samurott, L88, M|310/310\n|move|p2a: Rhyperior|Stone Edge|p1a: Samurott\n|-damage|p1a: Samurott|112/310\n|\n|-heal|p1a: Samurott|277/310|[from] move: Wish|[wisher] Scream Tail\n|upkeep\n|turn|19\n|\n|t:|1732999810\n|switch|p2a: Salamence|Salamence, L77, M|273/273\n|-ability|p2a: Salamence|Intimidate|boost\n|-unboost|p1a: Samurott|atk|1\n|move|p1a: Samurott|Sacred Sword|p2a: Salamence\n|-resisted|p2a: Salamence\n|-damage|p2a: Salamence|245/273\n|\n|upkeep\n|turn|20\n|\n|t:|1732999818\n|move|p2a: Salamence|Dragon Dance|p2a: Salamence\n|-boost|p2a: Salamence|atk|1\n|-boost|p2a: Salamence|spe|1\n|move|p1a: Samurott|Ice Beam|p2a: Salamence\n|-supereffective|p2a: Salamence\n|-damage|p2a: Salamence|0 fnt\n|faint|p2a: Salamence\n|\n|upkeep\n|\n|t:|1732999833\n|switch|p2a: Mismagius|Mismagius, L86, M|228/243\n|turn|21\n|\n|t:|1732999839\n|move|p2a: Mismagius|Nasty Plot|p2a: Mismagius\n|-boost|p2a: Mismagius|spa|2\n|move|p1a: Samurott|Hydro Pump|p2a: Mismagius\n|-damage|p2a: Mismagius|108/243\n|\n|-heal|p2a: Mismagius|123/243|[from] item: Leftovers\n|upkeep\n|turn|22\n|\n|t:|1732999850\n|move|p2a: Mismagius|Shadow Ball|p1a: Samurott\n|-damage|p1a: Samurott|126/310\n|move|p1a: Samurott|Hydro Pump|p2a: Mismagius\n|-damage|p2a: Mismagius|3/243\n|\n|-heal|p2a: Mismagius|18/243|[from] item: Leftovers\n|upkeep\n|turn|23\n|\n|t:|1732999861\n|move|p2a: Mismagius|Shadow Ball|p1a: Samurott\n|-damage|p1a: Samurott|0 fnt\n|faint|p1a: Samurott\n|\n|-heal|p2a: Mismagius|33/243|[from] item: Leftovers\n|upkeep\n|\n|t:|1732999865\n|switch|p1a: Minun|Minun, L95, M|3/268\n|turn|24\n|\n|t:|1732999890\n|switch|p2a: Magnezone|Magnezone, L85|200/258\n|move|p1a: Minun|Thunderbolt|p2a: Magnezone\n|-resisted|p2a: Magnezone\n|-crit|p2a: Magnezone\n|-damage|p2a: Magnezone|105/258\n|-damage|p1a: Minun|0 fnt|[from] item: Life Orb\n|faint|p1a: Minun\n|\n|upkeep\n|\n|t:|1732999898\n|switch|p1a: Gliscor|Gliscor, L76, M|35/239 tox\n|turn|25\n|\n|t:|1732999904\n|move|p2a: Magnezone|Flash Cannon|p1a: Gliscor\n|-damage|p1a: Gliscor|0 fnt\n|faint|p1a: Gliscor\n|\n|upkeep\n|\n|t:|1732999908\n|switch|p1a: Zapdos|Zapdos-Galar, L77|265/265\n|turn|26\n|\n|t:|1732999923\n|switch|p2a: Sudowoodo|Sudowoodo, L94, M|207/284\n|move|p1a: Zapdos|Close Combat|p2a: Sudowoodo\n|-supereffective|p2a: Sudowoodo\n|-damage|p2a: Sudowoodo|0 fnt\n|-unboost|p1a: Zapdos|def|1\n|-unboost|p1a: Zapdos|spd|1\n|faint|p2a: Sudowoodo\n|\n|upkeep\n|\n|t:|1732999930\n|switch|p2a: Magnezone|Magnezone, L85|105/258\n|turn|27\n|\n|t:|1732999934\n|switch|p1a: Scream Tail|Scream Tail, L84, tera:Steel|317/330\n|move|p2a: Magnezone|Thunderbolt|p1a: Scream Tail\n|-damage|p1a: Scream Tail|218/330\n|-status|p1a: Scream Tail|par\n|\n|-heal|p1a: Scream Tail|238/330 par|[from] item: Leftovers\n|upkeep\n|turn|28\n|\n|t:|1732999946\n|switch|p2a: Rhyperior|Rhyperior, L82, F|268/323\n|move|p1a: Scream Tail|Wish|p1a: Scream Tail\n|\n|-heal|p1a: Scream Tail|258/330 par|[from] item: Leftovers\n|upkeep\n|turn|29\n|\n|t:|1732999953\n|-end|p1a: Scream Tail|Protosynthesis|[silent]\n|switch|p1a: Zapdos|Zapdos-Galar, L77|265/265\n|move|p2a: Rhyperior|Earthquake|p1a: Zapdos\n|-immune|p1a: Zapdos\n|\n|upkeep\n|turn|30\n|\n|t:|1732999962\n|switch|p2a: Mismagius|Mismagius, L86, M|33/243\n|move|p1a: Zapdos|Knock Off|p2a: Mismagius\n|-supereffective|p2a: Mismagius\n|-damage|p2a: Mismagius|0 fnt\n|-enditem|p2a: Mismagius|Leftovers|[from] move: Knock Off|[of] p1a: Zapdos\n|faint|p2a: Mismagius\n|\n|upkeep\n|\n|t:|1732999971\n|switch|p2a: Magnezone|Magnezone, L85|105/258\n|turn|31\n|\n|t:|1732999976\n|switch|p1a: Scream Tail|Scream Tail, L84, tera:Steel|258/330 par\n|move|p2a: Magnezone|Volt Switch|p1a: Scream Tail\n|-damage|p1a: Scream Tail|179/330 par\n|\n|t:|1732999982\n|switch|p2a: Rhyperior|Rhyperior, L82, F|268/323|[from] Volt Switch\n|\n|-heal|p1a: Scream Tail|199/330 par|[from] item: Leftovers\n|upkeep\n|turn|32\n|\n|t:|1732999988\n|move|p1a: Scream Tail|Protect|p1a: Scream Tail\n|-singleturn|p1a: Scream Tail|Protect\n|move|p2a: Rhyperior|Earthquake|p1a: Scream Tail\n|-activate|p1a: Scream Tail|move: Protect\n|\n|-heal|p1a: Scream Tail|219/330 par|[from] item: Leftovers\n|upkeep\n|turn|33\n|\n|t:|1732999995\n|switch|p2a: Magnezone|Magnezone, L85|105/258\n|move|p1a: Scream Tail|Wish|p1a: Scream Tail\n|\n|-heal|p1a: Scream Tail|239/330 par|[from] item: Leftovers\n|upkeep\n|turn|34\n|\n|t:|1733000001\n|move|p2a: Magnezone|Thunderbolt|p1a: Scream Tail\n|-damage|p1a: Scream Tail|133/330 par\n|move|p1a: Scream Tail|Play Rough|p2a: Magnezone\n|-resisted|p2a: Magnezone\n|-damage|p2a: Magnezone|79/258\n|\n|-heal|p1a: Scream Tail|298/330 par|[from] move: Wish|[wisher] Scream Tail\n|-heal|p1a: Scream Tail|318/330 par|[from] item: Leftovers\n|upkeep\n|turn|35\n|\n|t:|1733000011\n|move|p2a: Magnezone|Thunderbolt|p1a: Scream Tail\n|-damage|p1a: Scream Tail|221/330 par\n|move|p1a: Scream Tail|Wish|p1a: Scream Tail\n|\n|-heal|p1a: Scream Tail|241/330 par|[from] item: Leftovers\n|upkeep\n|turn|36\n|\n|t:|1733000016\n|move|p2a: Magnezone|Thunderbolt|p1a: Scream Tail\n|-damage|p1a: Scream Tail|132/330 par\n|move|p1a: Scream Tail|Play Rough|p2a: Magnezone\n|-resisted|p2a: Magnezone\n|-damage|p2a: Magnezone|50/258\n|\n|-heal|p1a: Scream Tail|297/330 par|[from] move: Wish|[wisher] Scream Tail\n|-heal|p1a: Scream Tail|317/330 par|[from] item: Leftovers\n|upkeep\n|turn|37\n|\n|t:|1733000025\n|move|p2a: Magnezone|Thunderbolt|p1a: Scream Tail\n|-crit|p1a: Scream Tail\n|-damage|p1a: Scream Tail|170/330 par\n|move|p1a: Scream Tail|Wish|p1a: Scream Tail\n|\n|-heal|p1a: Scream Tail|190/330 par|[from] item: Leftovers\n|upkeep\n|turn|38\n|\n|t:|1733000033\n|move|p2a: Magnezone|Thunderbolt|p1a: Scream Tail\n|-damage|p1a: Scream Tail|94/330 par\n|move|p1a: Scream Tail|Play Rough|p2a: Magnezone\n|-resisted|p2a: Magnezone\n|-damage|p2a: Magnezone|23/258\n|\n|-heal|p1a: Scream Tail|259/330 par|[from] move: Wish|[wisher] Scream Tail\n|-heal|p1a: Scream Tail|279/330 par|[from] item: Leftovers\n|upkeep\n|turn|39\n|\n|t:|1733000041\n|move|p1a: Scream Tail|Protect|p1a: Scream Tail\n|-singleturn|p1a: Scream Tail|Protect\n|move|p2a: Magnezone|Thunderbolt|p1a: Scream Tail\n|-activate|p1a: Scream Tail|move: Protect\n|\n|-heal|p1a: Scream Tail|299/330 par|[from] item: Leftovers\n|upkeep\n|turn|40\n|\n|t:|1733000051\n|move|p2a: Magnezone|Thunderbolt|p1a: Scream Tail\n|-damage|p1a: Scream Tail|203/330 par\n|move|p1a: Scream Tail|Wish|p1a: Scream Tail\n|\n|-heal|p1a: Scream Tail|223/330 par|[from] item: Leftovers\n|upkeep\n|turn|41\n|\n|t:|1733000056\n|move|p2a: Magnezone|Thunderbolt|p1a: Scream Tail\n|-damage|p1a: Scream Tail|117/330 par\n|cant|p1a: Scream Tail|par\n|\n|-heal|p1a: Scream Tail|282/330 par|[from] move: Wish|[wisher] Scream Tail\n|-heal|p1a: Scream Tail|302/330 par|[from] item: Leftovers\n|upkeep\n|turn|42\n|\n|t:|1733000063\n|move|p2a: Magnezone|Thunderbolt|p1a: Scream Tail\n|-damage|p1a: Scream Tail|200/330 par\n|move|p1a: Scream Tail|Wish|p1a: Scream Tail\n|\n|-heal|p1a: Scream Tail|220/330 par|[from] item: Leftovers\n|upkeep\n|turn|43\n|\n|t:|1733000069\n|move|p2a: Magnezone|Thunderbolt|p1a: Scream Tail\n|-damage|p1a: Scream Tail|124/330 par\n|cant|p1a: Scream Tail|par\n|\n|-heal|p1a: Scream Tail|289/330 par|[from] move: Wish|[wisher] Scream Tail\n|-heal|p1a: Scream Tail|309/330 par|[from] item: Leftovers\n|upkeep\n|turn|44\n|\n|t:|1733000074\n|move|p2a: Magnezone|Thunderbolt|p1a: Scream Tail\n|-damage|p1a: Scream Tail|198/330 par\n|cant|p1a: Scream Tail|par\n|\n|-heal|p1a: Scream Tail|218/330 par|[from] item: Leftovers\n|upkeep\n|turn|45\n|\n|t:|1733000082\n|switch|p2a: Calyrex|Calyrex, L93|337/337\n|-ability|p2a: Calyrex|Unnerve\n|move|p1a: Scream Tail|Protect||[still]\n|-fail|p1a: Scream Tail\n|\n|-heal|p1a: Scream Tail|238/330 par|[from] item: Leftovers\n|upkeep\n|turn|46\n|\n|t:|1733000086\n|move|p2a: Calyrex|Leech Seed|p1a: Scream Tail\n|-start|p1a: Scream Tail|move: Leech Seed\n|move|p1a: Scream Tail|Thunder Wave|p2a: Calyrex\n|-status|p2a: Calyrex|par\n|\n|-heal|p1a: Scream Tail|258/330 par|[from] item: Leftovers\n|-damage|p1a: Scream Tail|217/330 par|[from] Leech Seed|[of] p2a: Calyrex\n|upkeep\n|turn|47\n|\n|t:|1733000095\n|move|p1a: Scream Tail|Wish|p1a: Scream Tail\n|move|p2a: Calyrex|Calm Mind|p2a: Calyrex\n|-boost|p2a: Calyrex|spa|1\n|-boost|p2a: Calyrex|spd|1\n|\n|-heal|p1a: Scream Tail|237/330 par|[from] item: Leftovers\n|-damage|p1a: Scream Tail|196/330 par|[from] Leech Seed|[of] p2a: Calyrex\n|upkeep\n|turn|48\n|\n|t:|1733000104\n|move|p1a: Scream Tail|Play Rough|p2a: Calyrex\n|-damage|p2a: Calyrex|273/337 par\n|move|p2a: Calyrex|Calm Mind|p2a: Calyrex\n|-boost|p2a: Calyrex|spa|1\n|-boost|p2a: Calyrex|spd|1\n|\n|-heal|p1a: Scream Tail|330/330 par|[from] move: Wish|[wisher] Scream Tail\n|-heal|p2a: Calyrex|294/337 par|[from] item: Leftovers\n|-damage|p1a: Scream Tail|289/330 par|[from] Leech Seed|[of] p2a: Calyrex\n|-heal|p2a: Calyrex|335/337 par|[silent]\n|upkeep\n|turn|49\n|\n|t:|1733000113\n|-end|p1a: Scream Tail|Protosynthesis|[silent]\n|switch|p1a: Zapdos|Zapdos-Galar, L77|265/265\n|move|p2a: Calyrex|Calm Mind|p2a: Calyrex\n|-boost|p2a: Calyrex|spa|1\n|-boost|p2a: Calyrex|spd|1\n|\n|-heal|p2a: Calyrex|337/337 par|[from] item: Leftovers\n|upkeep\n|turn|50\n|\n|t:|1733000118\n|move|p1a: Zapdos|U-turn|p2a: Calyrex\n|-supereffective|p2a: Calyrex\n|-damage|p2a: Calyrex|57/337 par\n|\n|t:|1733000121\n|switch|p1a: Scream Tail|Scream Tail, L84, tera:Steel|289/330 par|[from] U-turn\n|cant|p2a: Calyrex|par\n|\n|-heal|p1a: Scream Tail|309/330 par|[from] item: Leftovers\n|-heal|p2a: Calyrex|78/337 par|[from] item: Leftovers\n|upkeep\n|turn|51\n|\n|t:|1733000129\n|move|p1a: Scream Tail|Play Rough|p2a: Calyrex\n|-damage|p2a: Calyrex|3/337 par\n|move|p2a: Calyrex|Leech Seed|p1a: Scream Tail\n|-start|p1a: Scream Tail|move: Leech Seed\n|\n|-heal|p1a: Scream Tail|329/330 par|[from] item: Leftovers\n|-heal|p2a: Calyrex|24/337 par|[from] item: Leftovers\n|-damage|p1a: Scream Tail|288/330 par|[from] Leech Seed|[of] p2a: Calyrex\n|-heal|p2a: Calyrex|65/337 par|[silent]\n|upkeep\n|turn|52\n|\n|t:|1733000144\n|cant|p1a: Scream Tail|par\n|cant|p2a: Calyrex|par\n|\n|-heal|p1a: Scream Tail|308/330 par|[from] item: Leftovers\n|-heal|p2a: Calyrex|86/337 par|[from] item: Leftovers\n|-damage|p1a: Scream Tail|267/330 par|[from] Leech Seed|[of] p2a: Calyrex\n|-heal|p2a: Calyrex|127/337 par|[silent]\n|upkeep\n|turn|53\n|\n|t:|1733000152\n|-end|p1a: Scream Tail|Protosynthesis|[silent]\n|switch|p1a: Zapdos|Zapdos-Galar, L77|265/265\n|move|p2a: Calyrex|Psychic|p1a: Zapdos\n|-supereffective|p1a: Zapdos\n|-crit|p1a: Zapdos\n|-damage|p1a: Zapdos|0 fnt\n|faint|p1a: Zapdos\n|\n|-heal|p2a: Calyrex|148/337 par|[from] item: Leftovers\n|upkeep\n|\n|t:|1733000156\n|switch|p1a: Sneasler|Sneasler, L74, M|240/240\n|turn|54\n|\n|t:|1733000171\n|-terastallize|p2a: Calyrex|Steel\n|move|p1a: Sneasler|Gunk Shot|p2a: Calyrex\n|-immune|p2a: Calyrex\n|cant|p2a: Calyrex|par\n|\n|-heal|p2a: Calyrex|169/337 par|[from] item: Leftovers\n|upkeep\n|turn|55\n|\n|t:|1733000181\n|move|p1a: Sneasler|Close Combat|p2a: Calyrex\n|-supereffective|p2a: Calyrex\n|-damage|p2a: Calyrex|0 fnt\n|-unboost|p1a: Sneasler|def|1\n|-unboost|p1a: Sneasler|spd|1\n|-enditem|p1a: Sneasler|White Herb\n|-clearnegativeboost|p1a: Sneasler|[silent]\n|faint|p2a: Calyrex\n|\n|upkeep\n|\n|t:|1733000189\n|switch|p2a: Rhyperior|Rhyperior, L82, F|268/323\n|turn|56\n|\n|t:|1733000194\n|move|p1a: Sneasler|Close Combat|p2a: Rhyperior\n|-supereffective|p2a: Rhyperior\n|-damage|p2a: Rhyperior|115/323\n|-unboost|p1a: Sneasler|def|1\n|-unboost|p1a: Sneasler|spd|1\n|move|p2a: Rhyperior|Earthquake|p1a: Sneasler\n|-supereffective|p1a: Sneasler\n|-damage|p1a: Sneasler|0 fnt\n|faint|p1a: Sneasler\n|\n|upkeep\n|\n|t:|1733000197\n|switch|p1a: Scream Tail|Scream Tail, L84, tera:Steel|267/330 par\n|turn|57\n|\n|t:|1733000202\n|move|p1a: Scream Tail|Wish|p1a: Scream Tail\n|move|p2a: Rhyperior|Earthquake|p1a: Scream Tail\n|-supereffective|p1a: Scream Tail\n|-damage|p1a: Scream Tail|0 fnt\n|faint|p1a: Scream Tail\n|-end|p1a: Scream Tail|Protosynthesis|[silent]\n|\n|win|BetoHorseman\n|raw|Mr.Squared's rating: 1476 &rarr; <strong>1453</strong><br />(-23 for losing)\n|raw|BetoHorseman's rating: 1429 &rarr; <strong>1452</strong><br />(+23 for winning)\n|c|\u2606BetoHorseman|gg\n|l|\u2606Mr.Squared\n|player|p1|\n", "inputlog": ">version b107d77f5c90bd6555267ae244a6264823309ead\n>start {\"formatid\":\"gen9randombattle\",\"seed\":[24470,63556,42846,35617],\"rated\":\"Rated battle\"}\n>player p1 {\"name\":\"Mr.Squared\",\"avatar\":\"266\",\"rating\":1476,\"seed\":[50634,65446,32829,43409]}\n>player p2 {\"name\":\"BetoHorseman\",\"avatar\":\"101\",\"rating\":1429,\"seed\":[49095,58582,514,6069]}\n>p1 move substitute\n>p2 move headsmash\n>p1 move protect\n>p2 move headsmash\n>p1 move earthquake\n>p2 move headsmash\n>p1 move protect\n>p2 move headsmash\n>p1 switch 3\n>p2 move headsmash\n>p1 move wish terastallize\n>p2 switch 2\n>p1 move playrough\n>p2 move icepunch\n>p1 switch 4\n>p2 switch 3\n>p1 switch 3\n>p2 move voltswitch\n>p1 move substitute\n>p2 switch 4\n>p1 move toxic\n>p2 move substitute\n>p1 switch 6\n>p2 move shadowball\n>p1 move thunderbolt\n>p2 move shadowball\n>p1 move thunderbolt\n>p2 switch 4\n>p1 switch 6\n>p2 move flashcannon\n>p1 switch 4\n>p2 move flashcannon\n>p1 move wish\n>p2 switch 3\n>p1 switch 3\n>p2 move stoneedge\n>p1 move sacredsword\n>p2 switch 6\n>p1 move icebeam\n>p2 move dragondance\n>p2 switch 4\n>p1 move hydropump\n>p2 move nastyplot\n>p1 move hydropump\n>p2 move shadowball\n>p1 move icebeam\n>p2 move shadowball\n>p1 switch 6\n>p1 move thunderbolt\n>p2 switch 3\n>p1 switch 4\n>p1 move earthquake\n>p2 move flashcannon\n>p1 switch 5\n>p1 move closecombat\n>p2 switch 2\n>p2 switch 2\n>p1 switch 3\n>p2 move thunderbolt\n>p1 move wish\n>p2 switch 6\n>p1 switch 3\n>p2 move earthquake\n>p1 move knockoff\n>p2 switch 3\n>p2 switch 6\n>p1 switch 3\n>p2 move voltswitch\n>p2 switch 3\n>p1 move protect\n>p2 move earthquake\n>p1 move wish\n>p2 switch 3\n>p1 move playrough\n>p2 move thunderbolt\n>p1 move wish\n>p2 move thunderbolt\n>p1 move playrough\n>p2 move thunderbolt\n>p1 move wish\n>p2 move thunderbolt\n>p1 move playrough\n>p2 move thunderbolt\n>p1 move protect\n>p2 move thunderbolt\n>p1 move wish\n>p2 move thunderbolt\n>p1 move playrough\n>p2 move thunderbolt\n>p1 move wish\n>p2 move thunderbolt\n>p1 move playrough\n>p2 move thunderbolt\n>p1 move wish\n>p2 move thunderbolt\n>p1 move protect\n>p2 switch 5\n>p1 move thunderwave\n>p2 move leechseed\n>p1 move wish\n>p2 move calmmind\n>p1 move playrough\n>p2 move calmmind\n>p1 switch 3\n>p2 move calmmind\n>p1 move uturn\n>p2 move psychic\n>p1 switch 3\n>p1 move playrough\n>p2 move leechseed\n>p1 move playrough\n>p2 move gigadrain\n>p1 switch 3\n>p2 move psychic\n>p1 switch 2\n>p1 move gunkshot\n>p2 move psychic terastallize\n>p1 move closecombat\n>p2 move psychic\n>p2 switch 3\n>p1 move closecombat\n>p2 move earthquake\n>p1 switch 3\n>p1 move wish\n>p2 move earthquake", "uploadtime": 1733000211, "views": 3, "formatid": "gen9randombattle", "rating": 1452, "private": 0, "password": null}