{"id": "gen9randombattle-2253818807", "format": "[Gen 9] Random Battle", "players": ["Sodson", "Gvttbhgff"], "log": "|j|\u2606Sodson\n|j|\u2606Gvttbhgff\n|t:|1732943094\n|gametype|singles\n|player|p1|Sodson|101|1093\n|player|p2|Gvttbhgff|1|1077\n|teamsize|p1|6\n|teamsize|p2|6\n|gen|9\n|tier|[Gen 9] Random Battle\n|rated|\n|rule|Species Clause: Limit one of each Pok\u00e9mon\n|rule|HP Percentage Mod: HP is shown in percentages\n|rule|Sleep Clause Mod: Limit one foe put to sleep\n|rule|Illusion Level Mod: Illusion disguises the Pok\u00e9mon's true level\n|\n|t:|1732943094\n|start\n|switch|p1a: Iron Bundle|Iron Bundle, L77|213/213\n|switch|p2a: Weavile|Weavile, L79, M|240/240\n|turn|1\n|inactive|Battle timer is ON: inactive players will automatically lose when time's up. (requested by Sodson)\n|\n|t:|1732943106\n|move|p1a: Iron Bundle|Flip Turn|p2a: Weavile\n|-damage|p2a: Weavile|183/240\n|\n|t:|1732943118\n|-end|p1a: Iron Bundle|Quark Drive|[silent]\n|switch|p1a: Dedenne|Dedenne, L88, F|261/261|[from] Flip Turn\n|move|p2a: Weavile|Knock Off|p1a: Dedenne\n|-resisted|p1a: Dedenne\n|-damage|p1a: Dedenne|190/261\n|-enditem|p1a: Dedenne|Sitrus Berry|[from] move: Knock Off|[of] p2a: Weavile\n|\n|upkeep\n|turn|2\n|\n|t:|1732943134\n|move|p2a: Weavile|Triple Axel|p1a: Dedenne\n|-damage|p1a: Dedenne|162/261\n|-damage|p1a: Dedenne|99/261\n|-damage|p1a: Dedenne|9/261\n|-hitcount|p1a: Dedenne|3\n|move|p1a: Dedenne|Dazzling Gleam|p2a: Weavile\n|-supereffective|p2a: Weavile\n|-damage|p2a: Weavile|0 fnt\n|faint|p2a: Weavile\n|\n|upkeep\n|\n|t:|1732943141\n|switch|p2a: Pachirisu|Pachirisu, L96, F|271/271\n|turn|3\n|\n|t:|1732943145\n|move|p2a: Pachirisu|U-turn|p1a: Dedenne\n|-resisted|p1a: Dedenne\n|-damage|p1a: Dedenne|0 fnt\n|faint|p1a: Dedenne\n|\n|t:|1732943147\n|switch|p2a: Gliscor|Gliscor, L76, F|239/239|[from] U-turn\n|\n|-status|p2a: Gliscor|tox|[from] item: Toxic Orb\n|upkeep\n|\n|t:|1732943152\n|switch|p1a: Krookodile|Krookodile, L80, M|283/283\n|-ability|p1a: Krookodile|Intimidate|boost\n|-unboost|p2a: Gliscor|atk|1\n|turn|4\n|\n|t:|1732943160\n|move|p1a: Krookodile|Knock Off|p2a: Gliscor\n|-damage|p2a: Gliscor|146/239 tox\n|-enditem|p2a: Gliscor|Toxic Orb|[from] move: Knock Off|[of] p1a: Krookodile\n|move|p2a: Gliscor|U-turn|p1a: Krookodile\n|-supereffective|p1a: Krookodile\n|-damage|p1a: Krookodile|221/283\n|\n|t:|1732943165\n|switch|p2a: Bruxish|Bruxish, L85, M|254/254|[from] U-turn\n|\n|upkeep\n|turn|5\n|\n|t:|1732943168\n|move|p1a: Krookodile|Knock Off|p2a: Bruxish\n|-supereffective|p2a: Bruxish\n|-damage|p2a: Bruxish|2/254\n|-enditem|p2a: Bruxish|Choice Band|[from] move: Knock Off|[of] p1a: Krookodile\n|move|p2a: Bruxish|Flip Turn|p1a: Krookodile\n|-supereffective|p1a: Krookodile\n|-damage|p1a: Krookodile|65/283\n|\n|t:|1732943175\n|switch|p2a: Gliscor|Gliscor, L76, F|146/239 tox|[from] Flip Turn\n|\n|-heal|p2a: Gliscor|175/239 tox|[from] ability: Poison Heal\n|upkeep\n|turn|6\n|\n|t:|1732943179\n|move|p1a: Krookodile|Knock Off|p2a: Gliscor\n|-damage|p2a: Gliscor|108/239 tox\n|move|p2a: Gliscor|U-turn|p1a: Krookodile\n|-supereffective|p1a: Krookodile\n|-damage|p1a: Krookodile|0 fnt\n|faint|p1a: Krookodile\n|\n|t:|1732943181\n|switch|p2a: Bruxish|Bruxish, L85, M|2/254|[from] U-turn\n|\n|upkeep\n|\n|t:|1732943187\n|switch|p1a: Ribombee|Ribombee, L82, M|233/233\n|turn|7\n|\n|t:|1732943191\n|move|p1a: Ribombee|U-turn|p2a: Bruxish\n|-supereffective|p2a: Bruxish\n|-damage|p2a: Bruxish|0 fnt\n|faint|p2a: Bruxish\n|\n|t:|1732943195\n|switch|p1a: Mew|Mew, L82|298/298|[from] U-turn\n|\n|upkeep\n|\n|t:|1732943199\n|switch|p2a: Pachirisu|Pachirisu, L96, F|271/271\n|turn|8\n|\n|t:|1732943206\n|move|p2a: Pachirisu|Nuzzle|p1a: Mew\n|-damage|p1a: Mew|282/298\n|-status|p1a: Mew|par\n|-activate|p1a: Mew|ability: Synchronize\n|-immune|p2a: Pachirisu\n|cant|p1a: Mew|par\n|\n|upkeep\n|turn|9\n|\n|t:|1732943213\n|move|p2a: Pachirisu|U-turn|p1a: Mew\n|-supereffective|p1a: Mew\n|-damage|p1a: Mew|210/298 par\n|\n|t:|1732943217\n|switch|p2a: Gliscor|Gliscor, L76, F|108/239 tox|[from] U-turn\n|move|p1a: Mew|Earth Power|p2a: Gliscor\n|-immune|p2a: Gliscor\n|\n|-heal|p2a: Gliscor|137/239 tox|[from] ability: Poison Heal\n|upkeep\n|turn|10\n|\n|t:|1732943223\n|switch|p1a: Ribombee|Ribombee, L82, M|233/233\n|move|p2a: Gliscor|U-turn|p1a: Ribombee\n|-resisted|p1a: Ribombee\n|-damage|p1a: Ribombee|208/233\n|\n|t:|1732943230\n|switch|p2a: Pachirisu|Pachirisu, L96, F|271/271|[from] U-turn\n|\n|upkeep\n|turn|11\n|\n|t:|1732943241\n|move|p1a: Ribombee|Sticky Web|p2a: Pachirisu\n|-sidestart|p2: Gvttbhgff|move: Sticky Web\n|move|p2a: Pachirisu|Nuzzle|p1a: Ribombee\n|-damage|p1a: Ribombee|184/233\n|\n|upkeep\n|turn|12\n|\n|t:|1732943245\n|move|p1a: Ribombee|Moonblast|p2a: Pachirisu\n|-damage|p2a: Pachirisu|217/271\n|move|p2a: Pachirisu|Thunderbolt|p1a: Ribombee\n|-damage|p1a: Ribombee|94/233\n|\n|upkeep\n|turn|13\n|\n|t:|1732943251\n|move|p1a: Ribombee|U-turn|p2a: Pachirisu\n|-damage|p2a: Pachirisu|172/271\n|\n|t:|1732943257\n|switch|p1a: Mew|Mew, L82|210/298 par|[from] U-turn\n|move|p2a: Pachirisu|Thunderbolt|p1a: Mew\n|-damage|p1a: Mew|146/298 par\n|\n|upkeep\n|turn|14\n|\n|t:|1732943271\n|move|p2a: Pachirisu|Thunderbolt|p1a: Mew\n|-damage|p1a: Mew|79/298 par\n|move|p1a: Mew|Earth Power|p2a: Pachirisu\n|-supereffective|p2a: Pachirisu\n|-damage|p2a: Pachirisu|73/271\n|-damage|p1a: Mew|50/298 par|[from] item: Life Orb\n|\n|upkeep\n|turn|15\n|\n|t:|1732943282\n|move|p2a: Pachirisu|Thunderbolt|p1a: Mew\n|-damage|p1a: Mew|0 fnt\n|faint|p1a: Mew\n|\n|upkeep\n|\n|t:|1732943286\n|switch|p1a: Ribombee|Ribombee, L82, M|94/233\n|turn|16\n|\n|t:|1732943290\n|move|p1a: Ribombee|Moonblast|p2a: Pachirisu\n|-crit|p2a: Pachirisu\n|-damage|p2a: Pachirisu|0 fnt\n|faint|p2a: Pachirisu\n|\n|upkeep\n|\n|t:|1732943296\n|switch|p2a: Swampert|Swampert, L83, M|302/302\n|-activate|p2a: Swampert|move: Sticky Web\n|-unboost|p2a: Swampert|spe|1\n|turn|17\n|\n|t:|1732943301\n|move|p1a: Ribombee|Stun Spore|p2a: Swampert\n|-status|p2a: Swampert|par\n|move|p2a: Swampert|Flip Turn|p1a: Ribombee\n|-damage|p1a: Ribombee|7/233\n|\n|t:|1732943307\n|switch|p2a: Gliscor|Gliscor, L76, F|137/239 tox|[from] Flip Turn\n|\n|-heal|p2a: Gliscor|166/239 tox|[from] ability: Poison Heal\n|upkeep\n|turn|18\n|\n|t:|1732943314\n|move|p1a: Ribombee|Moonblast|p2a: Gliscor\n|-damage|p2a: Gliscor|49/239 tox\n|move|p2a: Gliscor|U-turn|p1a: Ribombee\n|-resisted|p1a: Ribombee\n|-damage|p1a: Ribombee|0 fnt\n|faint|p1a: Ribombee\n|\n|t:|1732943316\n|switch|p2a: Swampert|Swampert, L83, M|302/302 par|[from] U-turn\n|-activate|p2a: Swampert|move: Sticky Web\n|-unboost|p2a: Swampert|spe|1\n|\n|upkeep\n|\n|t:|1732943322\n|switch|p1a: Iron Bundle|Iron Bundle, L77|213/213\n|turn|19\n|\n|t:|1732943336\n|-terastallize|p2a: Swampert|Poison\n|move|p1a: Iron Bundle|Freeze-Dry|p2a: Swampert\n|-damage|p2a: Swampert|194/302 par\n|move|p2a: Swampert|Earthquake|p1a: Iron Bundle\n|-damage|p1a: Iron Bundle|119/213\n|\n|-heal|p2a: Swampert|212/302 par|[from] item: Leftovers\n|upkeep\n|turn|20\n|\n|t:|1732943348\n|move|p1a: Iron Bundle|Freeze-Dry|p2a: Swampert\n|-damage|p2a: Swampert|100/302 par\n|move|p2a: Swampert|Knock Off|p1a: Iron Bundle\n|-damage|p1a: Iron Bundle|53/213\n|-enditem|p1a: Iron Bundle|Choice Specs|[from] move: Knock Off|[of] p2a: Swampert\n|\n|-heal|p2a: Swampert|118/302 par|[from] item: Leftovers\n|upkeep\n|turn|21\n|\n|t:|1732943351\n|move|p1a: Iron Bundle|Freeze-Dry|p2a: Swampert\n|-damage|p2a: Swampert|43/302 par\n|move|p2a: Swampert|Earthquake|p1a: Iron Bundle\n|-damage|p1a: Iron Bundle|0 fnt\n|faint|p1a: Iron Bundle\n|-end|p1a: Iron Bundle|Quark Drive|[silent]\n|\n|-heal|p2a: Swampert|61/302 par|[from] item: Leftovers\n|upkeep\n|\n|t:|1732943354\n|switch|p1a: Roaring Moon|Roaring Moon, L72|270/270\n|-enditem|p1a: Roaring Moon|Booster Energy\n|-activate|p1a: Roaring Moon|ability: Protosynthesis|[fromitem]\n|-start|p1a: Roaring Moon|protosynthesisatk\n|turn|22\n|\n|t:|1732943364\n|move|p1a: Roaring Moon|Knock Off|p2a: Swampert\n|-damage|p2a: Swampert|0 fnt\n|-enditem|p2a: Swampert|Leftovers|[from] move: Knock Off|[of] p1a: Roaring Moon\n|faint|p2a: Swampert\n|\n|upkeep\n|\n|t:|1732943370\n|switch|p2a: Wyrdeer|Wyrdeer, L87, M|321/321\n|-activate|p2a: Wyrdeer|move: Sticky Web\n|-unboost|p2a: Wyrdeer|spe|1\n|-ability|p2a: Wyrdeer|Intimidate|boost\n|-unboost|p1a: Roaring Moon|atk|1\n|turn|23\n|\n|t:|1732943377\n|switch|p2a: Gliscor|Gliscor, L76, F|49/239 tox\n|move|p1a: Roaring Moon|Knock Off|p2a: Gliscor\n|-damage|p2a: Gliscor|1/239 tox\n|\n|-heal|p2a: Gliscor|30/239 tox|[from] ability: Poison Heal\n|upkeep\n|turn|24\n|\n|t:|1732943388\n|move|p1a: Roaring Moon|Knock Off|p2a: Gliscor\n|-damage|p2a: Gliscor|0 fnt\n|faint|p2a: Gliscor\n|\n|upkeep\n|\n|t:|1732943390\n|switch|p2a: Wyrdeer|Wyrdeer, L87, M|321/321\n|-activate|p2a: Wyrdeer|move: Sticky Web\n|-unboost|p2a: Wyrdeer|spe|1\n|-ability|p2a: Wyrdeer|Intimidate|boost\n|-unboost|p1a: Roaring Moon|atk|1\n|turn|25\n|\n|t:|1732943394\n|move|p1a: Roaring Moon|Knock Off|p2a: Wyrdeer\n|-supereffective|p2a: Wyrdeer\n|-damage|p2a: Wyrdeer|169/321\n|-enditem|p2a: Wyrdeer|Assault Vest|[from] move: Knock Off|[of] p1a: Roaring Moon\n|move|p2a: Wyrdeer|Body Slam|p1a: Roaring Moon\n|-damage|p1a: Roaring Moon|143/270\n|-status|p1a: Roaring Moon|par\n|\n|upkeep\n|turn|26\n|\n|t:|1732943401\n|move|p2a: Wyrdeer|Megahorn|p1a: Roaring Moon\n|-supereffective|p1a: Roaring Moon\n|-damage|p1a: Roaring Moon|0 fnt\n|faint|p1a: Roaring Moon\n|-end|p1a: Roaring Moon|Protosynthesis|[silent]\n|\n|win|Gvttbhgff\n|raw|Sodson's rating: 1093 &rarr; <strong>1068</strong><br />(-25 for losing)\n|raw|Gvttbhgff's rating: 1077 &rarr; <strong>1107</strong><br />(+30 for winning)\n", "inputlog": ">version b107d77f5c90bd6555267ae244a6264823309ead\n>start {\"formatid\":\"gen9randombattle\",\"seed\":[21930,4331,43954,11191],\"rated\":\"Rated battle\"}\n>player p1 {\"name\":\"Sodson\",\"avatar\":\"101\",\"rating\":1093,\"seed\":[55827,46463,22529,46456]}\n>player p2 {\"name\":\"Gvttbhgff\",\"avatar\":\"1\",\"rating\":1077,\"seed\":[64601,11195,52763,42136]}\n>p1 move flipturn\n>p2 move knockoff\n>p1 switch 2\n>p1 move dazzlinggleam\n>p2 move tripleaxel\n>p2 switch 6\n>p1 move superfang\n>p2 move uturn\n>p2 switch 3\n>p1 switch 6\n>p1 move knockoff\n>p2 move uturn\n>p2 switch 4\n>p1 move knockoff\n>p2 move flipturn\n>p2 switch 4\n>p1 move knockoff\n>p2 move uturn\n>p2 switch 4\n>p1 switch 3\n>p1 move uturn\n>p2 move wavecrash\n>p1 switch 4\n>p2 switch 3\n>p1 move earthpower\n>p2 move nuzzle\n>p1 move earthpower\n>p2 move uturn\n>p2 switch 4\n>p1 switch 4\n>p2 move uturn\n>p2 switch 4\n>p1 move stickyweb\n>p2 move nuzzle\n>p1 move moonblast\n>p2 move thunderbolt\n>p1 move uturn\n>p2 move thunderbolt\n>p1 switch 4\n>p1 move earthpower\n>p2 move thunderbolt\n>p1 move psychic\n>p2 move thunderbolt\n>p1 switch 4\n>p1 move moonblast\n>p2 move thunderbolt\n>p2 switch 2\n>p1 move stunspore\n>p2 move flipturn\n>p2 switch 4\n>p1 move moonblast\n>p2 move uturn\n>p2 switch 4\n>p1 switch 2\n>p1 move freezedry\n>p2 move earthquake terastallize\n>p1 move freezedry\n>p2 move knockoff\n>p1 move freezedry\n>p2 move earthquake\n>p1 switch 5\n>p1 move knockoff\n>p2 move knockoff\n>p2 switch 5\n>p1 move knockoff\n>p2 switch 4\n>p1 move knockoff\n>p2 move uturn\n>p2 switch 4\n>p1 move knockoff\n>p2 move bodyslam\n>p1 move knockoff\n>p2 move megahorn", "uploadtime": 1732943403, "views": 1, "formatid": "gen9randombattle", "rating": 1068, "private": 0, "password": null}