{"id": "gen9randombattle-2254100795", "format": "[Gen 9] Random Battle", "players": ["l4ire", "volcanika"], "log": "|j|\u2606l4ire\n|j|\u2606volcanika\n|t:|1732991341\n|gametype|singles\n|player|p1|l4ire|cameraman|1786\n|player|p2|volcanika|2|1797\n|teamsize|p1|6\n|teamsize|p2|6\n|gen|9\n|tier|[Gen 9] Random Battle\n|rated|\n|rule|Species Clause: Limit one of each Pok\u00e9mon\n|rule|HP Percentage Mod: HP is shown in percentages\n|rule|Sleep Clause Mod: Limit one foe put to sleep\n|rule|Illusion Level Mod: Illusion disguises the Pok\u00e9mon's true level\n|\n|t:|1732991341\n|start\n|switch|p1a: Hitmonlee|Hitmonlee, L85, M|224/224\n|switch|p2a: Swalot|Swalot, L90, M|326/326\n|turn|1\n|\n|t:|1732991368\n|switch|p1a: Dunsparce|Dunsparce, L86, M|312/312\n|move|p2a: Swalot|Toxic|p1a: Dunsparce\n|-status|p1a: Dunsparce|tox\n|\n|-damage|p1a: Dunsparce|293/312 tox|[from] psn\n|upkeep\n|turn|2\n|inactive|Battle timer is ON: inactive players will automatically lose when time's up. (requested by volcanika)\n|\n|t:|1732991379\n|move|p2a: Swalot|Sludge Bomb|p1a: Dunsparce\n|-damage|p1a: Dunsparce|215/312 tox\n|move|p1a: Dunsparce|Coil|p1a: Dunsparce\n|-boost|p1a: Dunsparce|atk|1\n|-boost|p1a: Dunsparce|def|1\n|-boost|p1a: Dunsparce|accuracy|1\n|\n|-damage|p1a: Dunsparce|177/312 tox|[from] psn\n|upkeep\n|turn|3\n|\n|t:|1732991387\n|move|p2a: Swalot|Protect|p2a: Swalot\n|-singleturn|p2a: Swalot|Protect\n|move|p1a: Dunsparce|Earthquake|p2a: Swalot\n|-activate|p2a: Swalot|move: Protect\n|\n|-damage|p1a: Dunsparce|120/312 tox|[from] psn\n|upkeep\n|turn|4\n|\n|t:|1732991399\n|switch|p2a: Glaceon|Glaceon, L94, F|275/275\n|move|p1a: Dunsparce|Body Slam|p2a: Glaceon\n|-damage|p2a: Glaceon|193/275\n|-status|p2a: Glaceon|par\n|\n|-damage|p1a: Dunsparce|44/312 tox|[from] psn\n|upkeep\n|turn|5\n|\n|t:|1732991406\n|switch|p1a: Blissey|Blissey, L84, F|566/566\n|move|p2a: Glaceon|Freeze-Dry|p1a: Blissey\n|-damage|p1a: Blissey|484/566\n|\n|-heal|p1a: Blissey|519/566|[from] item: Leftovers\n|upkeep\n|turn|6\n|\n|t:|1732991417\n|switch|p2a: Excadrill|Excadrill, L80, F|307/307\n|-ability|p2a: Excadrill|Mold Breaker\n|move|p1a: Blissey|Thunder Wave|p2a: Excadrill\n|-immune|p2a: Excadrill\n|\n|-heal|p1a: Blissey|554/566|[from] item: Leftovers\n|upkeep\n|turn|7\n|\n|t:|1732991425\n|switch|p1a: Dunsparce|Dunsparce, L86, M|44/312 tox\n|move|p2a: Excadrill|Earthquake|p1a: Dunsparce\n|-damage|p1a: Dunsparce|0 fnt\n|faint|p1a: Dunsparce\n|\n|upkeep\n|\n|t:|1732991433\n|switch|p1a: Hitmonlee|Hitmonlee, L85, M|224/224\n|turn|8\n|\n|t:|1732991444\n|switch|p2a: Swalot|Swalot, L90, M|326/326\n|move|p1a: Hitmonlee|Close Combat|p2a: Swalot\n|-resisted|p2a: Swalot\n|-damage|p2a: Swalot|252/326\n|-unboost|p1a: Hitmonlee|def|1\n|-unboost|p1a: Hitmonlee|spd|1\n|-enditem|p1a: Hitmonlee|White Herb\n|-clearnegativeboost|p1a: Hitmonlee|[silent]\n|\n|-heal|p2a: Swalot|272/326|[from] item: Leftovers\n|upkeep\n|turn|9\n|\n|t:|1732991457\n|move|p1a: Hitmonlee|Knock Off|p2a: Swalot\n|-damage|p2a: Swalot|195/326\n|-enditem|p2a: Swalot|Leftovers|[from] move: Knock Off|[of] p1a: Hitmonlee\n|move|p2a: Swalot|Toxic|p1a: Hitmonlee\n|-status|p1a: Hitmonlee|tox\n|\n|-damage|p1a: Hitmonlee|210/224 tox|[from] psn\n|upkeep\n|turn|10\n|\n|t:|1732991464\n|switch|p1a: Blissey|Blissey, L84, F|554/566\n|move|p2a: Swalot|Sludge Bomb|p1a: Blissey\n|-damage|p1a: Blissey|490/566\n|\n|-heal|p1a: Blissey|525/566|[from] item: Leftovers\n|upkeep\n|turn|11\n|\n|t:|1732991472\n|move|p2a: Swalot|Earthquake|p1a: Blissey\n|-damage|p1a: Blissey|330/566\n|move|p1a: Blissey|Seismic Toss|p2a: Swalot\n|-damage|p2a: Swalot|111/326\n|\n|-heal|p1a: Blissey|365/566|[from] item: Leftovers\n|upkeep\n|turn|12\n|\n|t:|1732991478\n|move|p2a: Swalot|Earthquake|p1a: Blissey\n|-damage|p1a: Blissey|150/566\n|move|p1a: Blissey|Soft-Boiled|p1a: Blissey\n|-heal|p1a: Blissey|433/566\n|\n|-heal|p1a: Blissey|468/566|[from] item: Leftovers\n|upkeep\n|turn|13\n|\n|t:|1732991482\n|move|p2a: Swalot|Earthquake|p1a: Blissey\n|-damage|p1a: Blissey|281/566\n|move|p1a: Blissey|Seismic Toss|p2a: Swalot\n|-damage|p2a: Swalot|27/326\n|\n|-heal|p1a: Blissey|316/566|[from] item: Leftovers\n|upkeep\n|turn|14\n|\n|t:|1732991486\n|switch|p2a: Excadrill|Excadrill, L80, F|307/307\n|-ability|p2a: Excadrill|Mold Breaker\n|move|p1a: Blissey|Soft-Boiled|p1a: Blissey\n|-heal|p1a: Blissey|566/566\n|\n|upkeep\n|turn|15\n|\n|t:|1732991491\n|switch|p1a: Zapdos|Zapdos-Galar, L77|265/265\n|move|p2a: Excadrill|Earthquake|p1a: Zapdos\n|-immune|p1a: Zapdos\n|\n|upkeep\n|turn|16\n|\n|t:|1732991500\n|switch|p2a: Swalot|Swalot, L90, M|27/326\n|move|p1a: Zapdos|U-turn|p2a: Swalot\n|-resisted|p2a: Swalot\n|-damage|p2a: Swalot|0 fnt\n|faint|p2a: Swalot\n|\n|t:|1732991505\n|switch|p1a: Hitmonlee|Hitmonlee, L85, M|210/224 tox|[from] U-turn\n|\n|-damage|p1a: Hitmonlee|196/224 tox|[from] psn\n|upkeep\n|\n|t:|1732991511\n|switch|p2a: Grumpig|Grumpig, L92, M|297/297\n|turn|17\n|\n|t:|1732991515\n|move|p2a: Grumpig|Psychic|p1a: Hitmonlee\n|-supereffective|p1a: Hitmonlee\n|-damage|p1a: Hitmonlee|2/224 tox\n|move|p1a: Hitmonlee|Knock Off|p2a: Grumpig\n|-supereffective|p2a: Grumpig\n|-damage|p2a: Grumpig|111/297\n|-enditem|p2a: Grumpig|Leftovers|[from] move: Knock Off|[of] p1a: Hitmonlee\n|\n|-damage|p1a: Hitmonlee|0 fnt|[from] psn\n|faint|p1a: Hitmonlee\n|upkeep\n|\n|t:|1732991520\n|switch|p1a: Blissey|Blissey, L84, F|566/566\n|turn|18\n|\n|t:|1732991534\n|switch|p2a: Excadrill|Excadrill, L80, F|307/307\n|-ability|p2a: Excadrill|Mold Breaker\n|move|p1a: Blissey|Stealth Rock|p2a: Excadrill\n|-sidestart|p2: volcanika|move: Stealth Rock\n|\n|upkeep\n|turn|19\n|\n|t:|1732991544\n|move|p2a: Excadrill|Rapid Spin|p1a: Blissey\n|-damage|p1a: Blissey|429/566\n|-boost|p2a: Excadrill|spe|1\n|-sideend|p2: volcanika|Stealth Rock|[from] move: Rapid Spin|[of] p2a: Excadrill\n|move|p1a: Blissey|Soft-Boiled|p1a: Blissey\n|-heal|p1a: Blissey|566/566\n|\n|upkeep\n|turn|20\n|\n|t:|1732991553\n|switch|p1a: Zapdos|Zapdos-Galar, L77|265/265\n|move|p2a: Excadrill|Rock Slide|p1a: Zapdos\n|-damage|p1a: Zapdos|196/265\n|\n|upkeep\n|turn|21\n|\n|t:|1732991582\n|-terastallize|p2a: Excadrill|Grass\n|move|p2a: Excadrill|Iron Head|p1a: Zapdos\n|-damage|p1a: Zapdos|85/265\n|move|p1a: Zapdos|Close Combat|p2a: Excadrill\n|-damage|p2a: Excadrill|31/307\n|-unboost|p1a: Zapdos|def|1\n|-unboost|p1a: Zapdos|spd|1\n|\n|upkeep\n|turn|22\n|\n|t:|1732991593\n|switch|p1a: Mabosstiff|Mabosstiff, L86, F|278/278\n|move|p2a: Excadrill|Iron Head|p1a: Mabosstiff\n|-damage|p1a: Mabosstiff|188/278\n|\n|upkeep\n|turn|23\n|\n|t:|1732991601\n|move|p2a: Excadrill|Earthquake|p1a: Mabosstiff\n|-damage|p1a: Mabosstiff|59/278\n|move|p1a: Mabosstiff|Crunch|p2a: Excadrill\n|-damage|p2a: Excadrill|0 fnt\n|faint|p2a: Excadrill\n|\n|upkeep\n|inactive|volcanika has 120 seconds left.\n|\n|t:|1732991618\n|switch|p2a: Smeargle|Smeargle, L95, F|258/258\n|turn|24\n|\n|t:|1732991622\n|move|p2a: Smeargle|Spore|p1a: Mabosstiff\n|-status|p1a: Mabosstiff|slp|[from] move: Spore\n|cant|p1a: Mabosstiff|slp\n|\n|upkeep\n|turn|25\n|\n|t:|1732991629\n|switch|p1a: Dachsbun|Dachsbun, L92, M|254/254\n|move|p2a: Smeargle|Shell Smash|p2a: Smeargle\n|-unboost|p2a: Smeargle|def|1\n|-unboost|p2a: Smeargle|spd|1\n|-boost|p2a: Smeargle|atk|2\n|-boost|p2a: Smeargle|spa|2\n|-boost|p2a: Smeargle|spe|2\n|\n|upkeep\n|turn|26\n|\n|t:|1732991641\n|move|p2a: Smeargle|Population Bomb|p1a: Dachsbun\n|-damage|p1a: Dachsbun|229/254\n|-damage|p1a: Dachsbun|207/254\n|-damage|p1a: Dachsbun|182/254\n|-damage|p1a: Dachsbun|157/254\n|-damage|p1a: Dachsbun|133/254\n|-damage|p1a: Dachsbun|109/254\n|-damage|p1a: Dachsbun|84/254\n|-damage|p1a: Dachsbun|59/254\n|-damage|p1a: Dachsbun|37/254\n|-damage|p1a: Dachsbun|12/254\n|-hitcount|p1a: Dachsbun|10\n|move|p1a: Dachsbun|Body Press|p2a: Smeargle\n|-supereffective|p2a: Smeargle\n|-damage|p2a: Smeargle|0 fnt\n|faint|p2a: Smeargle\n|\n|-heal|p1a: Dachsbun|27/254|[from] item: Leftovers\n|upkeep\n|\n|t:|1732991662\n|switch|p2a: Grumpig|Grumpig, L92, M|111/297\n|turn|27\n|\n|t:|1732991675\n|move|p1a: Dachsbun|Play Rough|p2a: Grumpig\n|-damage|p2a: Grumpig|0 fnt\n|faint|p2a: Grumpig\n|\n|-heal|p1a: Dachsbun|42/254|[from] item: Leftovers\n|upkeep\n|\n|t:|1732991681\n|switch|p2a: Hypno|Hypno, L95, M|315/315\n|turn|28\n|\n|t:|1732991684\n|move|p1a: Dachsbun|Wish|p1a: Dachsbun\n|move|p2a: Hypno|Psychic Noise|p1a: Dachsbun\n|-damage|p1a: Dachsbun|0 fnt\n|faint|p1a: Dachsbun\n|\n|upkeep\n|\n|t:|1732991692\n|switch|p1a: Zapdos|Zapdos-Galar, L77|85/265\n|turn|29\n|\n|t:|1732991699\n|-terastallize|p1a: Zapdos|Steel\n|move|p1a: Zapdos|Knock Off|p2a: Hypno\n|-supereffective|p2a: Hypno\n|-damage|p2a: Hypno|107/315\n|-enditem|p2a: Hypno|Leftovers|[from] move: Knock Off|[of] p1a: Zapdos\n|move|p2a: Hypno|Psychic Noise|p1a: Zapdos\n|-resisted|p1a: Zapdos\n|-crit|p1a: Zapdos\n|-damage|p1a: Zapdos|14/265\n|-start|p1a: Zapdos|move: Heal Block\n|\n|upkeep\n|turn|30\n|\n|t:|1732991711\n|move|p1a: Zapdos|Knock Off|p2a: Hypno\n|-supereffective|p2a: Hypno\n|-damage|p2a: Hypno|0 fnt\n|faint|p2a: Hypno\n|\n|-end|p1a: Zapdos|move: Heal Block\n|upkeep\n|\n|t:|1732991714\n|switch|p2a: Glaceon|Glaceon, L94, F|193/275 par\n|turn|31\n|\n|t:|1732991718\n|switch|p1a: Blissey|Blissey, L84, F|566/566\n|cant|p2a: Glaceon|par\n|\n|upkeep\n|turn|32\n|\n|t:|1732991722\n|move|p1a: Blissey|Seismic Toss|p2a: Glaceon\n|-damage|p2a: Glaceon|109/275 par\n|move|p2a: Glaceon|Calm Mind|p2a: Glaceon\n|-boost|p2a: Glaceon|spa|1\n|-boost|p2a: Glaceon|spd|1\n|\n|upkeep\n|turn|33\n|\n|t:|1732991726\n|move|p1a: Blissey|Seismic Toss|p2a: Glaceon\n|-damage|p2a: Glaceon|25/275 par\n|move|p2a: Glaceon|Wish|p2a: Glaceon\n|\n|upkeep\n|turn|34\n|\n|t:|1732991731\n|move|p2a: Glaceon|Protect|p2a: Glaceon\n|-singleturn|p2a: Glaceon|Protect\n|move|p1a: Blissey|Seismic Toss|p2a: Glaceon\n|-activate|p2a: Glaceon|move: Protect\n|\n|-heal|p2a: Glaceon|162/275 par|[from] move: Wish|[wisher] Glaceon\n|upkeep\n|turn|35\n|\n|t:|1732991733\n|move|p1a: Blissey|Seismic Toss|p2a: Glaceon\n|-damage|p2a: Glaceon|78/275 par\n|move|p2a: Glaceon|Wish|p2a: Glaceon\n|\n|upkeep\n|turn|36\n|\n|t:|1732991737\n|cant|p2a: Glaceon|par\n|move|p1a: Blissey|Seismic Toss|p2a: Glaceon\n|-damage|p2a: Glaceon|0 fnt\n|faint|p2a: Glaceon\n|\n|win|l4ire\n|raw|l4ire's rating: 1786 &rarr; <strong>1807</strong><br />(+21 for winning)\n|raw|volcanika's rating: 1797 &rarr; <strong>1776</strong><br />(-21 for losing)\n|l|\u2606volcanika\n|player|p2|\n", "inputlog": ">version b107d77f5c90bd6555267ae244a6264823309ead\n>start {\"formatid\":\"gen9randombattle\",\"seed\":[4678,55923,27155,17534],\"rated\":\"Rated battle\"}\n>player p1 {\"name\":\"l4ire\",\"avatar\":\"cameraman\",\"rating\":1786,\"seed\":[51696,10707,54768,21097]}\n>player p2 {\"name\":\"volcanika\",\"avatar\":\"2\",\"rating\":1797,\"seed\":[7552,48717,28587,4096]}\n>p1 switch 3\n>p2 move toxic\n>p1 move coil\n>p2 move sludgebomb\n>p1 move earthquake\n>p2 move protect\n>p1 move bodyslam\n>p2 switch 3\n>p1 switch 2\n>p2 move freezedry\n>p1 move thunderwave\n>p2 switch 4\n>p1 switch 2\n>p2 move earthquake\n>p1 switch 3\n>p1 move closecombat\n>p2 switch 3\n>p1 move knockoff\n>p2 move toxic\n>p1 switch 2\n>p2 move sludgebomb\n>p1 move seismictoss\n>p2 move earthquake\n>p1 move softboiled\n>p2 move earthquake\n>p1 move seismictoss\n>p2 move earthquake\n>p1 move softboiled\n>p2 switch 3\n>p1 switch 4\n>p2 move earthquake\n>p1 move uturn\n>p2 switch 3\n>p1 switch 2\n>p2 switch 2\n>p1 move knockoff\n>p2 move psychic\n>p1 switch 4\n>p1 move stealthrock\n>p2 switch 3\n>p1 move softboiled\n>p2 move rapidspin\n>p1 switch 2\n>p2 move rockslide\n>p1 move closecombat\n>p2 move ironhead terastallize\n>p1 switch 6\n>p2 move ironhead\n>p1 move crunch\n>p2 move earthquake\n>p2 switch 6\n>p1 move crunch\n>p2 move spore\n>p1 switch 5\n>p2 move shellsmash\n>p1 move bodypress\n>p2 move populationbomb\n>p2 switch 3\n>p1 move playrough\n>p2 move shadowball\n>p2 switch 5\n>p1 move wish\n>p2 move psychicnoise\n>p1 switch 6\n>p1 move knockoff terastallize\n>p2 move psychicnoise\n>p1 move knockoff\n>p2 move psychicnoise\n>p2 switch 4\n>p1 switch 2\n>p2 move freezedry\n>p1 move seismictoss\n>p2 move calmmind\n>p1 move seismictoss\n>p2 move wish\n>p1 move seismictoss\n>p2 move protect\n>p1 move seismictoss\n>p2 move wish\n>p1 move seismictoss\n>p2 move protect", "uploadtime": 1732991767, "views": 2, "formatid": "gen9randombattle", "rating": 1776, "private": 0, "password": null}