{"id": "gen9randombattle-2253943360", "format": "[Gen 9] Random Battle", "players": ["starrism", "Emptytalk"], "log": "|j|\u2606starrism\n|j|\u2606Emptytalk\n|t:|1732968687\n|gametype|singles\n|player|p1|starrism|unknownf|1796\n|player|p2|Emptytalk|kieran|1809\n|teamsize|p1|6\n|teamsize|p2|6\n|gen|9\n|tier|[Gen 9] Random Battle\n|rated|\n|rule|Species Clause: Limit one of each Pok\u00e9mon\n|rule|HP Percentage Mod: HP is shown in percentages\n|rule|Sleep Clause Mod: Limit one foe put to sleep\n|rule|Illusion Level Mod: Illusion disguises the Pok\u00e9mon's true level\n|\n|t:|1732968687\n|start\n|switch|p1a: Houndstone|Houndstone, L86, M|264/264\n|switch|p2a: Greninja|Greninja, L80, M|246/246\n|turn|1\n|inactive|Battle timer is ON: inactive players will automatically lose when time's up. (requested by Emptytalk)\n|\n|t:|1732968697\n|move|p2a: Greninja|Dark Pulse|p1a: Houndstone\n|-start|p2a: Greninja|typechange|Dark|[from] ability: Protean\n|-supereffective|p1a: Houndstone\n|-damage|p1a: Houndstone|69/264\n|-damage|p2a: Greninja|222/246|[from] item: Life Orb\n|move|p1a: Houndstone|Poltergeist|p2a: Greninja\n|-activate|p2a: Greninja|move: Poltergeist|Life Orb\n|-resisted|p2a: Greninja\n|-damage|p2a: Greninja|95/246\n|\n|upkeep\n|turn|2\n|\n|t:|1732968713\n|switch|p1a: Muk|Muk-Alola, L82, F|306/306\n|move|p2a: Greninja|Dark Pulse|p1a: Muk\n|-resisted|p1a: Muk\n|-damage|p1a: Muk|275/306\n|-damage|p2a: Greninja|71/246|[from] item: Life Orb\n|\n|upkeep\n|turn|3\n|\n|t:|1732968722\n|move|p2a: Greninja|Hydro Pump|p1a: Muk\n|-damage|p1a: Muk|215/306\n|-damage|p2a: Greninja|47/246|[from] item: Life Orb\n|move|p1a: Muk|Knock Off|p2a: Greninja\n|-resisted|p2a: Greninja\n|-damage|p2a: Greninja|0 fnt\n|-enditem|p2a: Greninja|Life Orb|[from] move: Knock Off|[of] p1a: Muk\n|faint|p2a: Greninja\n|\n|upkeep\n|\n|t:|1732968738\n|switch|p2a: Diancie|Diancie, L82|216/216\n|turn|4\n|\n|t:|1732968746\n|move|p1a: Muk|Gunk Shot|p2a: Diancie\n|-damage|p2a: Diancie|125/216\n|-status|p2a: Diancie|psn\n|move|p2a: Diancie|Diamond Storm|p1a: Muk\n|-damage|p1a: Muk|106/306\n|\n|-heal|p2a: Diancie|138/216 psn|[from] item: Leftovers\n|-damage|p2a: Diancie|111/216 psn|[from] psn\n|upkeep\n|turn|5\n|\n|t:|1732968757\n|move|p1a: Muk|Gunk Shot|p2a: Diancie\n|-damage|p2a: Diancie|26/216 psn\n|move|p2a: Diancie|Diamond Storm|p1a: Muk\n|-damage|p1a: Muk|0 fnt\n|faint|p1a: Muk\n|\n|-heal|p2a: Diancie|39/216 psn|[from] item: Leftovers\n|-damage|p2a: Diancie|12/216 psn|[from] psn\n|upkeep\n|\n|t:|1732968763\n|switch|p1a: Houndstone|Houndstone, L86, M|69/264\n|turn|6\n|\n|t:|1732968770\n|move|p1a: Houndstone|Poltergeist|p2a: Diancie\n|-activate|p2a: Diancie|move: Poltergeist|Leftovers\n|-damage|p2a: Diancie|0 fnt\n|faint|p2a: Diancie\n|\n|upkeep\n|\n|t:|1732968788\n|switch|p2a: Sunflora|Sunflora, M|312/312\n|turn|7\n|\n|t:|1732968792\n|move|p1a: Houndstone|Poltergeist|p2a: Sunflora\n|-activate|p2a: Sunflora|move: Poltergeist|Life Orb\n|-damage|p2a: Sunflora|107/312\n|move|p2a: Sunflora|Sunny Day|p2a: Sunflora\n|-weather|SunnyDay\n|\n|-weather|SunnyDay|[upkeep]\n|upkeep\n|turn|8\n|\n|t:|1732968802\n|move|p2a: Sunflora|Weather Ball|p1a: Houndstone\n|-damage|p1a: Houndstone|0 fnt\n|faint|p1a: Houndstone\n|-damage|p2a: Sunflora|76/312|[from] item: Life Orb\n|\n|-weather|SunnyDay|[upkeep]\n|upkeep\n|\n|t:|1732968810\n|switch|p1a: Scizor|Scizor, L79, M|240/240\n|turn|9\n|\n|t:|1732968817\n|move|p1a: Scizor|Bullet Punch|p2a: Sunflora\n|-damage|p2a: Sunflora|0 fnt\n|faint|p2a: Sunflora\n|\n|-weather|SunnyDay|[upkeep]\n|upkeep\n|\n|t:|1732968827\n|switch|p2a: Slowking|Slowking-Galar, L85, F|300/300\n|turn|10\n|\n|t:|1732968831\n|move|p1a: Scizor|Knock Off|p2a: Slowking\n|-supereffective|p2a: Slowking\n|-damage|p2a: Slowking|126/300\n|-enditem|p2a: Slowking|Leftovers|[from] move: Knock Off|[of] p1a: Scizor\n|move|p2a: Slowking|Fire Blast|p1a: Scizor\n|-supereffective|p1a: Scizor\n|-damage|p1a: Scizor|0 fnt\n|faint|p1a: Scizor\n|\n|-weather|SunnyDay|[upkeep]\n|upkeep\n|\n|t:|1732968842\n|switch|p1a: Dunsparce|Dunsparce, L86, F|312/312\n|turn|11\n|\n|t:|1732968848\n|switch|p2a: Weezing|Weezing-Galar, L86, M|252/252\n|move|p1a: Dunsparce|Earthquake|p2a: Weezing\n|-immune|p2a: Weezing|[from] ability: Levitate\n|\n|-weather|none\n|upkeep\n|turn|12\n|\n|t:|1732968859\n|switch|p1a: Bruxish|Bruxish, L85, M|254/254\n|move|p2a: Weezing|Gunk Shot|p1a: Bruxish\n|-damage|p1a: Bruxish|104/254\n|\n|upkeep\n|turn|13\n|\n|t:|1732968868\n|switch|p2a: Hydrapple|Hydrapple, L83, M|312/312\n|move|p1a: Bruxish|Psychic Fangs|p2a: Hydrapple\n|-damage|p2a: Hydrapple|110/312\n|\n|upkeep\n|turn|14\n|\n|t:|1732968879\n|-terastallize|p2a: Hydrapple|Steel\n|move|p1a: Bruxish|Psychic Fangs|p2a: Hydrapple\n|-resisted|p2a: Hydrapple\n|-damage|p2a: Hydrapple|21/312\n|move|p2a: Hydrapple|Giga Drain|p1a: Bruxish\n|-supereffective|p1a: Bruxish\n|-damage|p1a: Bruxish|0 fnt\n|-heal|p2a: Hydrapple|73/312|[from] drain|[of] p1a: Bruxish\n|faint|p1a: Bruxish\n|-damage|p2a: Hydrapple|42/312|[from] item: Life Orb\n|\n|upkeep\n|\n|t:|1732968888\n|switch|p1a: Dunsparce|Dunsparce, L86, F|312/312\n|turn|15\n|\n|t:|1732968894\n|switch|p2a: Weezing|Weezing-Galar, L86, M|252/252\n|move|p1a: Dunsparce|Coil|p1a: Dunsparce\n|-boost|p1a: Dunsparce|atk|1\n|-boost|p1a: Dunsparce|def|1\n|-boost|p1a: Dunsparce|accuracy|1\n|\n|upkeep\n|turn|16\n|\n|t:|1732968903\n|move|p2a: Weezing|Defog|p1a: Dunsparce\n|-unboost|p1a: Dunsparce|evasion|1\n|move|p1a: Dunsparce|Body Slam|p2a: Weezing\n|-damage|p2a: Weezing|161/252\n|-status|p2a: Weezing|par\n|\n|-heal|p2a: Weezing|176/252 par|[from] item: Leftovers\n|upkeep\n|turn|17\n|\n|t:|1732968913\n|move|p1a: Dunsparce|Coil|p1a: Dunsparce\n|-boost|p1a: Dunsparce|atk|1\n|-boost|p1a: Dunsparce|def|1\n|-boost|p1a: Dunsparce|accuracy|1\n|move|p2a: Weezing|Gunk Shot|p1a: Dunsparce\n|-damage|p1a: Dunsparce|260/312\n|\n|-heal|p2a: Weezing|191/252 par|[from] item: Leftovers\n|upkeep\n|turn|18\n|\n|t:|1732968923\n|move|p1a: Dunsparce|Coil|p1a: Dunsparce\n|-boost|p1a: Dunsparce|atk|1\n|-boost|p1a: Dunsparce|def|1\n|-boost|p1a: Dunsparce|accuracy|1\n|cant|p2a: Weezing|par\n|\n|-heal|p2a: Weezing|206/252 par|[from] item: Leftovers\n|upkeep\n|turn|19\n|\n|t:|1732968931\n|move|p1a: Dunsparce|Body Slam|p2a: Weezing\n|-damage|p2a: Weezing|71/252 par\n|move|p2a: Weezing|Gunk Shot|p1a: Dunsparce\n|-damage|p1a: Dunsparce|221/312\n|\n|-heal|p2a: Weezing|86/252 par|[from] item: Leftovers\n|upkeep\n|turn|20\n|\n|t:|1732968941\n|move|p1a: Dunsparce|Body Slam|p2a: Weezing\n|-damage|p2a: Weezing|0 fnt\n|faint|p2a: Weezing\n|\n|upkeep\n|-message|Emptytalk forfeited.\n|\n|win|starrism\n|raw|starrism's rating: 1796 &rarr; <strong>1817</strong><br />(+21 for winning)\n|raw|Emptytalk's rating: 1809 &rarr; <strong>1788</strong><br />(-21 for losing)\n|l|\u2606Emptytalk\n|player|p2|\n", "inputlog": ">version b107d77f5c90bd6555267ae244a6264823309ead\n>start {\"formatid\":\"gen9randombattle\",\"seed\":[52595,11351,46630,59402],\"rated\":\"Rated battle\"}\n>player p1 {\"name\":\"starrism\",\"avatar\":\"unknownf\",\"rating\":1796,\"seed\":[3530,12156,23920,9824]}\n>player p2 {\"name\":\"Emptytalk\",\"avatar\":\"kieran\",\"rating\":1809,\"seed\":[49283,20413,61898,56235]}\n>p1 move poltergeist\n>p2 move darkpulse\n>p1 switch 2\n>p2 move darkpulse\n>p1 move knockoff\n>p2 move hydropump\n>p2 switch 3\n>p1 move gunkshot\n>p2 move diamondstorm\n>p1 move gunkshot\n>p2 move diamondstorm\n>p1 switch 2\n>p1 move poltergeist\n>p2 move moonblast\n>p2 switch 4\n>p1 move poltergeist\n>p2 move sunnyday\n>p1 move poltergeist\n>p2 move weatherball\n>p1 switch 3\n>p1 move bulletpunch\n>p2 move weatherball\n>p2 switch 2\n>p1 move knockoff\n>p2 move fireblast\n>p1 switch 5\n>p1 move earthquake\n>p2 switch 5\n>p1 switch 6\n>p2 move gunkshot\n>p1 move psychicfangs\n>p2 switch 6\n>p1 move psychicfangs\n>p2 move gigadrain terastallize\n>p1 switch 6\n>p1 move coil\n>p2 switch 6\n>p1 move bodyslam\n>p2 move defog\n>p1 move coil\n>p2 move gunkshot\n>p1 move coil\n>p2 move gunkshot\n>p1 move bodyslam\n>p2 move gunkshot\n>p1 move bodyslam\n>p2 move willowisp\n>forcelose p2", "uploadtime": 1732968952, "views": 14, "formatid": "gen9randombattle", "rating": 1788, "private": 0, "password": null}