{"id": "gen9randombattle-2254173820", "format": "[Gen 9] Random Battle", "players": ["Imbad29", "fakecheeseakafeese"], "log": "|j|\u2606Imbad29\n|j|\u2606fakecheeseakafeese\n|t:|1733000353\n|gametype|singles\n|player|p1|Imbad29|266|1180\n|player|p2|fakecheeseakafeese|petrel|1144\n|teamsize|p1|6\n|teamsize|p2|6\n|gen|9\n|tier|[Gen 9] Random Battle\n|rated|\n|rule|Species Clause: Limit one of each Pok\u00e9mon\n|rule|HP Percentage Mod: HP is shown in percentages\n|rule|Sleep Clause Mod: Limit one foe put to sleep\n|rule|Illusion Level Mod: Illusion disguises the Pok\u00e9mon's true level\n|\n|t:|1733000353\n|start\n|switch|p1a: Terapagos|Terapagos, L76, F|262/262\n|switch|p2a: Entei|Entei, L78|307/307\n|-activate|p1a: Terapagos|ability: Tera Shift\n|detailschange|p1a: Terapagos|Terapagos-Terastal, L76, F\n|-heal|p1a: Terapagos|269/269|[silent]\n|turn|1\n|inactive|Battle timer is ON: inactive players will automatically lose when time's up. (requested by Imbad29)\n|\n|t:|1733000372\n|move|p2a: Entei|Sacred Fire|p1a: Terapagos\n|-activate|p1a: Terapagos|ability: Tera Shell\n|-resisted|p1a: Terapagos\n|-damage|p1a: Terapagos|197/269\n|move|p1a: Terapagos|Rapid Spin|p2a: Entei\n|-damage|p2a: Entei|255/307\n|-boost|p1a: Terapagos|spe|1\n|\n|upkeep\n|turn|2\n|\n|t:|1733000386\n|move|p1a: Terapagos|Rapid Spin|p2a: Entei\n|-damage|p2a: Entei|212/307\n|-boost|p1a: Terapagos|spe|1\n|move|p2a: Entei|Sacred Fire|p1a: Terapagos\n|-crit|p1a: Terapagos\n|-damage|p1a: Terapagos|0 fnt\n|faint|p1a: Terapagos\n|\n|upkeep\n|\n|t:|1733000396\n|switch|p1a: Entei|Entei, L78|307/307\n|turn|3\n|\n|t:|1733000411\n|switch|p2a: Whiscash|Whiscash, L88, F|337/337\n|move|p1a: Entei|Extreme Speed|p2a: Whiscash\n|-damage|p2a: Whiscash|239/337\n|\n|-heal|p2a: Whiscash|260/337|[from] item: Leftovers\n|upkeep\n|turn|4\n|\n|t:|1733000428\n|switch|p1a: Lumineon|Lumineon, L93, M|279/279\n|move|p2a: Whiscash|Ice Beam|p1a: Lumineon\n|-resisted|p1a: Lumineon\n|-damage|p1a: Lumineon|252/279\n|\n|-heal|p2a: Whiscash|281/337|[from] item: Leftovers\n|upkeep\n|turn|5\n|\n|t:|1733000449\n|move|p1a: Lumineon|Encore|p2a: Whiscash\n|-start|p2a: Whiscash|Encore\n|move|p2a: Whiscash|Ice Beam|p1a: Lumineon\n|-resisted|p1a: Lumineon\n|-damage|p1a: Lumineon|224/279\n|-status|p1a: Lumineon|frz\n|\n|-heal|p2a: Whiscash|302/337|[from] item: Leftovers\n|upkeep\n|turn|6\n|c|\u2606fakecheeseakafeese|lmao\n|inactive|fakecheeseakafeese has 120 seconds left.\n|\n|t:|1733000471\n|switch|p2a: Dragonite|Dragonite, L74, M|257/257\n|cant|p1a: Lumineon|frz\n|\n|upkeep\n|turn|7\n|\n|t:|1733000480\n|cant|p1a: Lumineon|frz\n|move|p2a: Dragonite|Earthquake|p1a: Lumineon\n|-damage|p1a: Lumineon|153/279 frz\n|\n|upkeep\n|turn|8\n|\n|t:|1733000485\n|cant|p1a: Lumineon|frz\n|move|p2a: Dragonite|Dragon Dance|p2a: Dragonite\n|-boost|p2a: Dragonite|atk|1\n|-boost|p2a: Dragonite|spe|1\n|\n|upkeep\n|turn|9\n|\n|t:|1733000498\n|move|p2a: Dragonite|Dragon Dance|p2a: Dragonite\n|-boost|p2a: Dragonite|atk|1\n|-boost|p2a: Dragonite|spe|1\n|cant|p1a: Lumineon|frz\n|\n|upkeep\n|turn|10\n|c|\u2606Imbad29|5 TURNS\n|\n|t:|1733000514\n|move|p2a: Dragonite|Earthquake|p1a: Lumineon\n|-damage|p1a: Lumineon|4/279 frz\n|cant|p1a: Lumineon|frz\n|\n|upkeep\n|turn|11\n|c|\u2606fakecheeseakafeese|yeah thats what frozen does\n|c|\u2606Imbad29|6 TURNS FROZEN\n|inactive|Imbad29 has 120 seconds left.\n|c|\u2606Imbad29|No not 6 turns u know the chances of that??\n|c|\u2606fakecheeseakafeese|im doing another dragon dance btw\n|\n|t:|1733000557\n|move|p2a: Dragonite|Dragon Dance|p2a: Dragonite\n|-boost|p2a: Dragonite|atk|1\n|-boost|p2a: Dragonite|spe|1\n|cant|p1a: Lumineon|frz\n|\n|upkeep\n|turn|12\n|inactive|Imbad29 has 90 seconds left.\n|c|\u2606Imbad29|I have alluring voice so I would have done good dmg if not for the 7 turns frozen\n|\n|t:|1733000608\n|move|p2a: Dragonite|Earthquake|p1a: Lumineon\n|-damage|p1a: Lumineon|0 fnt\n|faint|p1a: Lumineon\n|\n|upkeep\n|\n|t:|1733000615\n|switch|p1a: Walking Wake|Walking Wake, L79|286/286\n|turn|13\n|\n|t:|1733000622\n|move|p2a: Dragonite|Outrage|p1a: Walking Wake\n|-supereffective|p1a: Walking Wake\n|-damage|p1a: Walking Wake|0 fnt\n|faint|p1a: Walking Wake\n|-end|p1a: Walking Wake|Protosynthesis|[silent]\n|\n|upkeep\n|\n|t:|1733000630\n|switch|p1a: Arboliva|Arboliva, L91, M|290/290\n|turn|14\n|\n|t:|1733000635\n|move|p2a: Dragonite|Outrage|p1a: Arboliva|[from]lockedmove\n|-damage|p1a: Arboliva|0 fnt\n|-fieldstart|move: Grassy Terrain|[from] ability: Seed Sower|[of] p1a: Arboliva\n|faint|p1a: Arboliva\n|-start|p2a: Dragonite|confusion|[fatigue]\n|\n|upkeep\n|\n|t:|1733000644\n|switch|p1a: Entei|Entei, L78|307/307\n|turn|15\n|\n|t:|1733000650\n|-activate|p2a: Dragonite|confusion\n|move|p2a: Dragonite|Earthquake|p1a: Entei\n|-supereffective|p1a: Entei\n|-damage|p1a: Entei|121/307\n|move|p1a: Entei|Stone Edge|p2a: Dragonite\n|-supereffective|p2a: Dragonite\n|-damage|p2a: Dragonite|145/257\n|\n|-heal|p1a: Entei|140/307|[from] Grassy Terrain\n|upkeep\n|turn|16\n|\n|t:|1733000660\n|-activate|p2a: Dragonite|confusion\n|-damage|p2a: Dragonite|68/257|[from] confusion\n|move|p1a: Entei|Stone Edge|p2a: Dragonite\n|-supereffective|p2a: Dragonite\n|-damage|p2a: Dragonite|0 fnt\n|faint|p2a: Dragonite\n|\n|-heal|p1a: Entei|159/307|[from] Grassy Terrain\n|upkeep\n|\n|t:|1733000668\n|switch|p2a: Whiscash|Whiscash, L88, F|302/337\n|turn|17\n|\n|t:|1733000672\n|switch|p1a: Amoonguss|Amoonguss, L82, M|321/321\n|move|p2a: Whiscash|Earthquake|p1a: Amoonguss\n|-damage|p1a: Amoonguss|257/321\n|\n|-heal|p2a: Whiscash|323/337|[from] Grassy Terrain\n|-heal|p2a: Whiscash|337/337|[from] item: Leftovers\n|-heal|p1a: Amoonguss|277/321|[from] Grassy Terrain\n|-heal|p1a: Amoonguss|297/321|[from] item: Leftovers\n|upkeep\n|turn|18\n|\n|t:|1733000688\n|-terastallize|p2a: Whiscash|Poison\n|move|p2a: Whiscash|Ice Beam|p1a: Amoonguss\n|-supereffective|p1a: Amoonguss\n|-damage|p1a: Amoonguss|169/321\n|move|p1a: Amoonguss|Spore|p2a: Whiscash\n|-status|p2a: Whiscash|slp|[from] move: Spore\n|\n|-heal|p1a: Amoonguss|189/321|[from] Grassy Terrain\n|-heal|p1a: Amoonguss|209/321|[from] item: Leftovers\n|-fieldend|move: Grassy Terrain\n|upkeep\n|turn|19\n|\n|t:|1733000700\n|switch|p2a: Entei|Entei, L78|212/307\n|move|p1a: Amoonguss|Giga Drain|p2a: Entei\n|-resisted|p2a: Entei\n|-damage|p2a: Entei|171/307\n|-heal|p1a: Amoonguss|230/321|[from] drain|[of] p2a: Entei\n|\n|-heal|p1a: Amoonguss|250/321|[from] item: Leftovers\n|upkeep\n|turn|20\n|inactive|fakecheeseakafeese has 120 seconds left.\n|\n|t:|1733000735\n|switch|p1a: Entei|Entei, L78|159/307\n|move|p2a: Entei|Sacred Fire|p1a: Entei\n|-resisted|p1a: Entei\n|-damage|p1a: Entei|65/307\n|\n|upkeep\n|turn|21\n|\n|t:|1733000743\n|move|p2a: Entei|Sacred Fire|p1a: Entei\n|-resisted|p1a: Entei\n|-damage|p1a: Entei|0 fnt\n|faint|p1a: Entei\n|\n|upkeep\n|\n|t:|1733000748\n|switch|p1a: Amoonguss|Amoonguss, L82, M|321/321\n|turn|22\n|\n|t:|1733000752\n|move|p2a: Entei|Sacred Fire|p1a: Amoonguss\n|-supereffective|p1a: Amoonguss\n|-damage|p1a: Amoonguss|0 fnt\n|faint|p1a: Amoonguss\n|\n|win|fakecheeseakafeese\n|raw|Imbad29's rating: 1180 &rarr; <strong>1152</strong><br />(-28 for losing)\n|raw|fakecheeseakafeese's rating: 1144 &rarr; <strong>1172</strong><br />(+28 for winning)\n|l|\u2606fakecheeseakafeese\n|player|p2|\n|c|\u2606Imbad29|That match was bs\n", "inputlog": ">version b107d77f5c90bd6555267ae244a6264823309ead\n>start {\"formatid\":\"gen9randombattle\",\"seed\":[54961,2858,32403,42372],\"rated\":\"Rated battle\"}\n>player p1 {\"name\":\"Imbad29\",\"avatar\":\"266\",\"rating\":1180,\"seed\":[57851,46018,1711,7832]}\n>player p2 {\"name\":\"fakecheeseakafeese\",\"avatar\":\"petrel\",\"rating\":1144,\"seed\":[16370,45032,62413,38446]}\n>p1 move rapidspin\n>p2 move sacredfire\n>p1 move rapidspin\n>p2 move sacredfire\n>p1 switch 5\n>p1 move extremespeed\n>p2 switch 6\n>p1 switch 6\n>p2 move icebeam\n>p1 move encore\n>p2 move earthquake\n>chat \u2606fakecheeseakafeese|lmao\n>p1 move hydropump\n>p2 switch 3\n>p1 move alluringvoice\n>p2 move earthquake\n>p1 move alluringvoice\n>p2 move dragondance\n>p1 move alluringvoice\n>p2 move dragondance\n>chat \u2606Imbad29|5 TURNS\n>p1 move alluringvoice\n>p2 move earthquake\n>chat \u2606fakecheeseakafeese|yeah thats what frozen does\n>chat \u2606Imbad29|6 TURNS FROZEN\n>chat \u2606Imbad29|No not 6 turns u know the chances of that??\n>chat \u2606fakecheeseakafeese|im doing another dragon dance btw\n>p1 move alluringvoice\n>p2 move dragondance\n>chat \u2606Imbad29|I have alluring voice so I would have done good dmg if not for the 7 turns frozen \n>p1 move alluringvoice\n>p2 move earthquake\n>p1 switch 4\n>p1 move sunnyday\n>p2 move outrage\n>p1 switch 2\n>p1 move strengthsap\n>p2 move outrage\n>p1 switch 6\n>p1 move stoneedge\n>p2 move earthquake\n>p1 move stoneedge\n>p2 move outrage\n>p2 switch 3\n>p1 switch 3\n>p2 move earthquake\n>p1 move spore\n>p2 move icebeam terastallize\n>p1 move gigadrain\n>p2 switch 6\n>p1 switch 3\n>p2 move sacredfire\n>p1 move stoneedge\n>p2 move sacredfire\n>p1 switch 3\n>p1 move sludgebomb\n>p2 move sacredfire", "uploadtime": 1733000770, "views": 3, "formatid": "gen9randombattle", "rating": 1152, "private": 0, "password": null}