{"id": "gen9randombattle-2254081300", "format": "[Gen 9] Random Battle", "players": ["Kaflao", "heisenberg288"], "log": "|j|\u2606Kaflao\n|j|\u2606heisenberg288\n|t:|1732988931\n|gametype|singles\n|player|p1|Kaflao|cynthia-masters3|1570\n|player|p2|heisenberg288|acetrainer-gen4dp|1598\n|teamsize|p1|6\n|teamsize|p2|6\n|gen|9\n|tier|[Gen 9] Random Battle\n|rated|\n|rule|Species Clause: Limit one of each Pok\u00e9mon\n|rule|HP Percentage Mod: HP is shown in percentages\n|rule|Sleep Clause Mod: Limit one foe put to sleep\n|rule|Illusion Level Mod: Illusion disguises the Pok\u00e9mon's true level\n|\n|t:|1732988931\n|start\n|switch|p1a: Yanmega|Yanmega, L82, F|275/275\n|switch|p2a: Arceus|Arceus-Dragon, L71|288/288\n|turn|1\n|inactive|Battle timer is ON: inactive players will automatically lose when time's up. (requested by Kaflao)\n|\n|t:|1732988949\n|move|p2a: Arceus|Calm Mind|p2a: Arceus\n|-boost|p2a: Arceus|spa|1\n|-boost|p2a: Arceus|spd|1\n|move|p1a: Yanmega|U-turn|p2a: Arceus\n|-damage|p2a: Arceus|237/288\n|\n|t:|1732988962\n|switch|p1a: Tinkaton|Tinkaton, L82, F|274/274|[from] U-turn\n|-ability|p1a: Tinkaton|Mold Breaker\n|\n|upkeep\n|turn|2\n|inactive|heisenberg288 has 120 seconds left.\n|\n|t:|1732989001\n|move|p2a: Arceus|Calm Mind|p2a: Arceus\n|-boost|p2a: Arceus|spa|1\n|-boost|p2a: Arceus|spd|1\n|move|p1a: Tinkaton|Gigaton Hammer|p2a: Arceus\n|-damage|p2a: Arceus|80/288\n|-damage|p1a: Tinkaton|247/274|[from] item: Life Orb\n|\n|upkeep\n|turn|3\n|inactive|heisenberg288 has 120 seconds left.\n|\n|t:|1732989009\n|move|p2a: Arceus|Recover|p2a: Arceus\n|-heal|p2a: Arceus|224/288\n|move|p1a: Tinkaton|Play Rough|p2a: Arceus\n|-supereffective|p2a: Arceus\n|-damage|p2a: Arceus|50/288\n|-damage|p1a: Tinkaton|220/274|[from] item: Life Orb\n|\n|upkeep\n|turn|4\n|\n|t:|1732989018\n|-terastallize|p2a: Arceus|Fire\n|move|p2a: Arceus|Recover|p2a: Arceus\n|-heal|p2a: Arceus|194/288\n|move|p1a: Tinkaton|Play Rough|p2a: Arceus\n|-resisted|p2a: Arceus\n|-damage|p2a: Arceus|151/288\n|-damage|p1a: Tinkaton|193/274|[from] item: Life Orb\n|\n|upkeep\n|turn|5\n|\n|t:|1732989025\n|move|p2a: Arceus|Recover|p2a: Arceus\n|-heal|p2a: Arceus|288/288\n|move|p1a: Tinkaton|Gigaton Hammer|p2a: Arceus\n|-resisted|p2a: Arceus\n|-damage|p2a: Arceus|209/288\n|-damage|p1a: Tinkaton|166/274|[from] item: Life Orb\n|\n|upkeep\n|turn|6\n|\n|t:|1732989051\n|move|p2a: Arceus|Recover|p2a: Arceus\n|-heal|p2a: Arceus|288/288\n|move|p1a: Tinkaton|Swords Dance|p1a: Tinkaton\n|-boost|p1a: Tinkaton|atk|2\n|\n|upkeep\n|turn|7\n|\n|t:|1732989059\n|move|p2a: Arceus|Fire Blast|p1a: Tinkaton\n|-supereffective|p1a: Tinkaton\n|-damage|p1a: Tinkaton|0 fnt\n|faint|p1a: Tinkaton\n|\n|upkeep\n|inactive|Kaflao has 120 seconds left.\n|\n|t:|1732989109\n|switch|p1a: Hawlucha|Hawlucha, L80, F|256/256\n|turn|8\n|\n|t:|1732989118\n|move|p1a: Hawlucha|Brave Bird|p2a: Arceus\n|-damage|p2a: Arceus|191/288\n|-damage|p1a: Hawlucha|224/256|[from] Recoil\n|move|p2a: Arceus|Fire Blast|p1a: Hawlucha\n|-damage|p1a: Hawlucha|0 fnt\n|faint|p1a: Hawlucha\n|\n|upkeep\n|inactive|Kaflao has 90 seconds left.\n|\n|t:|1732989136\n|switch|p1a: Ceruledge|Ceruledge, L78, M|245/245\n|turn|9\n|inactive|Kaflao has 90 seconds left.\n|\n|t:|1732989149\n|move|p2a: Arceus|Judgment|p1a: Ceruledge\n|-crit|p1a: Ceruledge\n|-damage|p1a: Ceruledge|0 fnt\n|faint|p1a: Ceruledge\n|\n|upkeep\n|inactive|Kaflao has 90 seconds left.\n|\n|t:|1732989158\n|switch|p1a: Meganium|Meganium, L90, M|290/290\n|turn|10\n|\n|t:|1732989161\n|move|p2a: Arceus|Fire Blast|p1a: Meganium\n|-supereffective|p1a: Meganium\n|-damage|p1a: Meganium|0 fnt\n|faint|p1a: Meganium\n|\n|upkeep\n|\n|t:|1732989166\n|switch|p1a: Chandelure|Chandelure, L83, F|235/235\n|turn|11\n|\n|t:|1732989170\n|move|p1a: Chandelure|Shadow Ball|p2a: Arceus\n|-damage|p2a: Arceus|140/288\n|move|p2a: Arceus|Judgment|p1a: Chandelure\n|-damage|p1a: Chandelure|24/235\n|\n|upkeep\n|turn|12\n|\n|t:|1732989176\n|move|p1a: Chandelure|Shadow Ball|p2a: Arceus\n|-damage|p2a: Arceus|85/288\n|-unboost|p2a: Arceus|spd|1\n|move|p2a: Arceus|Judgment|p1a: Chandelure\n|-damage|p1a: Chandelure|0 fnt\n|faint|p1a: Chandelure\n|\n|upkeep\n|\n|t:|1732989179\n|switch|p1a: Yanmega|Yanmega, L82, F|275/275\n|turn|13\n|\n|t:|1732989191\n|move|p2a: Arceus|Judgment|p1a: Yanmega\n|-damage|p1a: Yanmega|0 fnt\n|faint|p1a: Yanmega\n|\n|win|heisenberg288\n|raw|Kaflao's rating: 1570 &rarr; <strong>1552</strong><br />(-18 for losing)\n|raw|heisenberg288's rating: 1598 &rarr; <strong>1616</strong><br />(+18 for winning)\n|l|\u2606heisenberg288\n|player|p2|\n", "inputlog": ">version b107d77f5c90bd6555267ae244a6264823309ead\n>start {\"formatid\":\"gen9randombattle\",\"seed\":[14564,27628,8196,61085],\"rated\":\"Rated battle\"}\n>player p1 {\"name\":\"Kaflao\",\"avatar\":\"cynthia-masters3\",\"rating\":1570,\"seed\":[5842,12639,30735,18461]}\n>player p2 {\"name\":\"heisenberg288\",\"avatar\":\"acetrainer-gen4dp\",\"rating\":1598,\"seed\":[15866,3081,31281,53610]}\n>p1 move uturn\n>p2 move calmmind\n>p1 switch 6\n>p1 move gigatonhammer\n>p2 move calmmind\n>p1 move playrough\n>p2 move recover\n>p1 move playrough\n>p2 move recover terastallize\n>p1 move gigatonhammer\n>p2 move recover\n>p1 move swordsdance\n>p2 move recover\n>p1 move gigatonhammer\n>p2 move fireblast\n>p1 switch 5\n>p1 move bravebird\n>p2 move fireblast\n>p1 switch 4\n>p1 move poltergeist\n>p2 move judgment\n>p1 switch 3\n>p1 move leechseed\n>p2 move fireblast\n>p1 switch 2\n>p1 move shadowball\n>p2 move judgment\n>p1 move shadowball\n>p2 move judgment\n>p1 switch 6\n>p1 move bugbuzz\n>p2 move judgment", "uploadtime": 1732989205, "views": 21, "formatid": "gen9randombattle", "rating": 1552, "private": 0, "password": null}