{"id": "gen9randombattle-2253858954", "format": "[Gen 9] Random Battle", "players": ["sifu53", "Utai"], "log": "|j|\u2606sifu53\n|j|\u2606Utai\n|t:|1732950458\n|gametype|singles\n|player|p1|sifu53|gardenia-masters|1563\n|player|p2|Utai|169|1537\n|teamsize|p1|6\n|teamsize|p2|6\n|gen|9\n|tier|[Gen 9] Random Battle\n|rated|\n|rule|Species Clause: Limit one of each Pok\u00e9mon\n|rule|HP Percentage Mod: HP is shown in percentages\n|rule|Sleep Clause Mod: Limit one foe put to sleep\n|rule|Illusion Level Mod: Illusion disguises the Pok\u00e9mon's true level\n|\n|t:|1732950458\n|start\n|switch|p1a: Muk|Muk, L86, F|321/321\n|switch|p2a: Klefki|Klefki, L84, F|233/233\n|turn|1\n|\n|t:|1732950476\n|move|p2a: Klefki|Thunder Wave|p1a: Muk\n|-status|p1a: Muk|par\n|move|p1a: Muk|Knock Off|p2a: Klefki\n|-resisted|p2a: Klefki\n|-damage|p2a: Klefki|182/233\n|-enditem|p2a: Klefki|Leftovers|[from] move: Knock Off|[of] p1a: Muk\n|\n|upkeep\n|turn|2\n|\n|t:|1732950495\n|switch|p1a: Altaria|Altaria, L88, F|275/275\n|move|p2a: Klefki|Spikes|p1a: Altaria\n|-sidestart|p1: sifu53|Spikes\n|\n|upkeep\n|turn|3\n|\n|t:|1732950506\n|move|p2a: Klefki|Thunder Wave|p1a: Altaria\n|-status|p1a: Altaria|par\n|move|p1a: Altaria|Dragon Dance|p1a: Altaria\n|-boost|p1a: Altaria|atk|1\n|-boost|p1a: Altaria|spe|1\n|\n|upkeep\n|turn|4\n|\n|t:|1732950518\n|move|p2a: Klefki|Spikes|p1a: Altaria\n|-sidestart|p1: sifu53|Spikes\n|cant|p1a: Altaria|par\n|\n|upkeep\n|turn|5\n|\n|t:|1732950524\n|move|p2a: Klefki|Spikes|p1a: Altaria\n|-sidestart|p1: sifu53|Spikes\n|cant|p1a: Altaria|par\n|\n|upkeep\n|turn|6\n|\n|t:|1732950529\n|move|p2a: Klefki|Dazzling Gleam|p1a: Altaria\n|-supereffective|p1a: Altaria\n|-damage|p1a: Altaria|143/275 par\n|move|p1a: Altaria|Dragon Dance|p1a: Altaria\n|-boost|p1a: Altaria|atk|1\n|-boost|p1a: Altaria|spe|1\n|\n|upkeep\n|turn|7\n|\n|t:|1732950539\n|move|p1a: Altaria|Roost|p1a: Altaria\n|-heal|p1a: Altaria|275/275 par\n|-singleturn|p1a: Altaria|move: Roost\n|move|p2a: Klefki|Dazzling Gleam|p1a: Altaria\n|-supereffective|p1a: Altaria\n|-damage|p1a: Altaria|143/275 par\n|\n|upkeep\n|turn|8\n|\n|t:|1732950549\n|move|p1a: Altaria|Earthquake|p2a: Klefki\n|-supereffective|p2a: Klefki\n|-damage|p2a: Klefki|0 fnt\n|faint|p2a: Klefki\n|\n|upkeep\n|\n|t:|1732950554\n|switch|p2a: Kyurem|Kyurem, L77|319/319\n|-ability|p2a: Kyurem|Pressure\n|turn|9\n|\n|t:|1732950575\n|move|p2a: Kyurem|Ice Beam|p1a: Altaria\n|-supereffective|p1a: Altaria\n|-damage|p1a: Altaria|0 fnt\n|faint|p1a: Altaria\n|\n|upkeep\n|\n|t:|1732950598\n|switch|p1a: Muk|Muk, L86, F|321/321 par\n|-damage|p1a: Muk|241/321 par|[from] Spikes\n|turn|10\n|\n|t:|1732950643\n|move|p2a: Kyurem|Earth Power|p1a: Muk\n|-supereffective|p1a: Muk\n|-damage|p1a: Muk|127/321 par\n|move|p1a: Muk|Drain Punch|p2a: Kyurem\n|-supereffective|p2a: Kyurem\n|-damage|p2a: Kyurem|129/319\n|-heal|p1a: Muk|222/321 par|[from] drain|[of] p2a: Kyurem\n|-status|p2a: Kyurem|psn|[from] ability: Poison Touch|[of] p1a: Muk\n|\n|-damage|p2a: Kyurem|90/319 psn|[from] psn\n|upkeep\n|turn|11\n|\n|t:|1732950656\n|switch|p2a: Toxapex|Toxapex, L82, M|216/216\n|move|p1a: Muk|Drain Punch|p2a: Toxapex\n|-resisted|p2a: Toxapex\n|-damage|p2a: Toxapex|186/216\n|-heal|p1a: Muk|237/321 par|[from] drain|[of] p2a: Toxapex\n|-damage|p1a: Muk|184/321 par|[from] item: Rocky Helmet|[of] p2a: Toxapex\n|\n|upkeep\n|turn|12\n|\n|t:|1732950675\n|switch|p1a: Samurott|Samurott-Hisui, L77, M|265/265\n|-damage|p1a: Samurott|199/265|[from] Spikes\n|move|p2a: Toxapex|Liquidation|p1a: Samurott\n|-resisted|p1a: Samurott\n|-damage|p1a: Samurott|165/265\n|\n|upkeep\n|turn|13\n|\n|t:|1732950684\n|move|p1a: Samurott|Swords Dance|p1a: Samurott\n|-boost|p1a: Samurott|atk|2\n|move|p2a: Toxapex|Toxic|p1a: Samurott\n|-status|p1a: Samurott|tox\n|\n|-damage|p1a: Samurott|149/265 tox|[from] psn\n|upkeep\n|turn|14\n|\n|t:|1732950693\n|move|p1a: Samurott|Ceaseless Edge|p2a: Toxapex\n|-damage|p2a: Toxapex|21/216\n|-damage|p1a: Samurott|105/265 tox|[from] item: Rocky Helmet|[of] p2a: Toxapex\n|-sidestart|p2: Utai|Spikes\n|-damage|p1a: Samurott|79/265 tox|[from] item: Life Orb\n|move|p2a: Toxapex|Haze|p2a: Toxapex\n|-clearallboost\n|\n|-damage|p1a: Samurott|47/265 tox|[from] psn\n|upkeep\n|turn|15\n|\n|t:|1732950706\n|move|p1a: Samurott|Ceaseless Edge|p2a: Toxapex\n|-damage|p2a: Toxapex|0 fnt\n|-damage|p1a: Samurott|3/265 tox|[from] item: Rocky Helmet|[of] p2a: Toxapex\n|-sidestart|p2: Utai|Spikes\n|faint|p2a: Toxapex\n|-damage|p1a: Samurott|0 fnt|[from] item: Life Orb\n|faint|p1a: Samurott\n|\n|upkeep\n|\n|t:|1732950722\n|switch|p1a: Muk|Muk, L86, F|184/321 par\n|switch|p2a: Oricorio|Oricorio-Pa'u, L87, F|272/272\n|-damage|p1a: Muk|104/321 par|[from] Spikes\n|turn|16\n|\n|t:|1732950738\n|-terastallize|p2a: Oricorio|Fighting\n|move|p1a: Muk|Shadow Sneak|p2a: Oricorio\n|-damage|p2a: Oricorio|218/272\n|-status|p2a: Oricorio|psn|[from] ability: Poison Touch|[of] p1a: Muk\n|move|p2a: Oricorio|Quiver Dance|p2a: Oricorio\n|-boost|p2a: Oricorio|spa|1\n|-boost|p2a: Oricorio|spd|1\n|-boost|p2a: Oricorio|spe|1\n|\n|-damage|p2a: Oricorio|184/272 psn|[from] psn\n|upkeep\n|turn|17\n|\n|t:|1732950750\n|move|p1a: Muk|Shadow Sneak|p2a: Oricorio\n|-damage|p2a: Oricorio|127/272 psn\n|move|p2a: Oricorio|Quiver Dance|p2a: Oricorio\n|-boost|p2a: Oricorio|spa|1\n|-boost|p2a: Oricorio|spd|1\n|-boost|p2a: Oricorio|spe|1\n|\n|-damage|p2a: Oricorio|93/272 psn|[from] psn\n|upkeep\n|turn|18\n|\n|t:|1732950760\n|move|p1a: Muk|Shadow Sneak|p2a: Oricorio\n|-crit|p2a: Oricorio\n|-damage|p2a: Oricorio|16/272 psn\n|move|p2a: Oricorio|Hurricane|p1a: Muk\n|-crit|p1a: Muk\n|-damage|p1a: Muk|0 fnt\n|faint|p1a: Muk\n|\n|-damage|p2a: Oricorio|0 fnt|[from] psn\n|faint|p2a: Oricorio\n|upkeep\n|\n|t:|1732950781\n|switch|p2a: Zekrom|Zekrom, L71|259/259\n|switch|p1a: Dialga|Dialga-Origin, L73|266/266\n|-damage|p1a: Dialga|200/266|[from] Spikes\n|-ability|p1a: Dialga|Pressure\n|-damage|p2a: Zekrom|216/259|[from] Spikes\n|-ability|p2a: Zekrom|Teravolt\n|turn|19\n|\n|t:|1732950794\n|switch|p2a: Kyurem|Kyurem, L77|90/319 psn\n|-ability|p2a: Kyurem|Pressure\n|move|p1a: Dialga|Draco Meteor|p2a: Kyurem\n|-supereffective|p2a: Kyurem\n|-damage|p2a: Kyurem|0 fnt\n|-unboost|p1a: Dialga|spa|2\n|faint|p2a: Kyurem\n|\n|upkeep\n|\n|t:|1732950796\n|switch|p2a: Lurantis|Lurantis, L87, M|264/264\n|-damage|p2a: Lurantis|220/264|[from] Spikes\n|turn|20\n|\n|t:|1732950812\n|move|p2a: Lurantis|Superpower|p1a: Dialga\n|-supereffective|p1a: Dialga\n|-damage|p1a: Dialga|28/266\n|-boost|p2a: Lurantis|atk|1\n|-boost|p2a: Lurantis|def|1\n|move|p1a: Dialga|Dragon Tail|p2a: Lurantis\n|-damage|p2a: Lurantis|181/264\n|drag|p2a: Zekrom|Zekrom, L71|216/259\n|-damage|p2a: Zekrom|173/259|[from] Spikes\n|-ability|p2a: Zekrom|Teravolt\n|\n|-heal|p2a: Zekrom|189/259|[from] item: Leftovers\n|upkeep\n|turn|21\n|\n|t:|1732950829\n|move|p1a: Dialga|Draco Meteor|p2a: Zekrom\n|-supereffective|p2a: Zekrom\n|-damage|p2a: Zekrom|0 fnt\n|-unboost|p1a: Dialga|spa|2\n|faint|p2a: Zekrom\n|\n|upkeep\n|\n|t:|1732950832\n|switch|p2a: Lurantis|Lurantis, L87, M|181/264\n|-damage|p2a: Lurantis|137/264|[from] Spikes\n|turn|22\n|\n|t:|1732950843\n|move|p1a: Dialga|Draco Meteor|p2a: Lurantis\n|-damage|p2a: Lurantis|85/264\n|-unboost|p1a: Dialga|spa|2\n|move|p2a: Lurantis|Synthesis|p2a: Lurantis\n|-heal|p2a: Lurantis|217/264\n|\n|-heal|p2a: Lurantis|233/264|[from] item: Leftovers\n|upkeep\n|turn|23\n|\n|t:|1732950856\n|move|p1a: Dialga|Flash Cannon|p2a: Lurantis\n|-damage|p2a: Lurantis|206/264\n|move|p2a: Lurantis|Superpower|p1a: Dialga\n|-supereffective|p1a: Dialga\n|-damage|p1a: Dialga|0 fnt\n|-boost|p2a: Lurantis|atk|1\n|-boost|p2a: Lurantis|def|1\n|faint|p1a: Dialga\n|\n|-heal|p2a: Lurantis|222/264|[from] item: Leftovers\n|upkeep\n|\n|t:|1732950868\n|switch|p1a: Indeedee|Indeedee-F, L90, F|272/272\n|-damage|p1a: Indeedee|204/272|[from] Spikes\n|-fieldstart|move: Psychic Terrain|[from] ability: Psychic Surge|[of] p1a: Indeedee\n|turn|24\n|\n|t:|1732950884\n|-terastallize|p1a: Indeedee|Fairy\n|move|p1a: Indeedee|Dazzling Gleam|p2a: Lurantis\n|-damage|p2a: Lurantis|90/264\n|move|p2a: Lurantis|Knock Off|p1a: Indeedee\n|-resisted|p1a: Indeedee\n|-damage|p1a: Indeedee|140/272\n|-enditem|p1a: Indeedee|Choice Specs|[from] move: Knock Off|[of] p2a: Lurantis\n|\n|-heal|p2a: Lurantis|106/264|[from] item: Leftovers\n|upkeep\n|turn|25\n|\n|t:|1732950896\n|move|p1a: Indeedee|Dazzling Gleam|p2a: Lurantis\n|-damage|p2a: Lurantis|13/264\n|move|p2a: Lurantis|Synthesis|p2a: Lurantis\n|-heal|p2a: Lurantis|145/264\n|\n|-heal|p2a: Lurantis|161/264|[from] item: Leftovers\n|upkeep\n|turn|26\n|\n|t:|1732950904\n|move|p1a: Indeedee|Shadow Ball|p2a: Lurantis\n|-damage|p2a: Lurantis|101/264\n|move|p2a: Lurantis|Synthesis|p2a: Lurantis\n|-heal|p2a: Lurantis|233/264\n|\n|-heal|p2a: Lurantis|249/264|[from] item: Leftovers\n|upkeep\n|turn|27\n|\n|t:|1732950913\n|move|p1a: Indeedee|Shadow Ball|p2a: Lurantis\n|-damage|p2a: Lurantis|193/264\n|move|p2a: Lurantis|Leaf Storm|p1a: Indeedee|[miss]\n|-miss|p2a: Lurantis|p1a: Indeedee\n|\n|-heal|p2a: Lurantis|209/264|[from] item: Leftovers\n|upkeep\n|turn|28\n|\n|t:|1732950926\n|switch|p1a: Lokix|Lokix, L82, M|251/251\n|-damage|p1a: Lokix|189/251|[from] Spikes\n|move|p2a: Lurantis|Leaf Storm|p1a: Lokix\n|-resisted|p1a: Lokix\n|-damage|p1a: Lokix|105/251\n|-boost|p2a: Lurantis|spa|2\n|\n|-heal|p2a: Lurantis|225/264|[from] item: Leftovers\n|-fieldend|move: Psychic Terrain\n|upkeep\n|turn|29\n|\n|t:|1732950942\n|move|p1a: Lokix|Leech Life|p2a: Lurantis\n|-supereffective|p2a: Lurantis\n|-damage|p2a: Lurantis|98/264\n|-heal|p1a: Lokix|169/251|[from] drain|[of] p2a: Lurantis\n|-damage|p1a: Lokix|144/251|[from] item: Life Orb\n|move|p2a: Lurantis|Superpower|p1a: Lokix\n|-damage|p1a: Lokix|0 fnt\n|-boost|p2a: Lurantis|atk|1\n|-boost|p2a: Lurantis|def|1\n|faint|p1a: Lokix\n|\n|-heal|p2a: Lurantis|114/264|[from] item: Leftovers\n|upkeep\n|\n|t:|1732950956\n|switch|p1a: Indeedee|Indeedee-F, L90, F, tera:Fairy|140/272\n|-damage|p1a: Indeedee|72/272|[from] Spikes\n|-fieldstart|move: Psychic Terrain|[from] ability: Psychic Surge|[of] p1a: Indeedee\n|turn|30\n|\n|t:|1732950965\n|move|p1a: Indeedee|Psyshock|p2a: Lurantis\n|-damage|p2a: Lurantis|57/264\n|move|p2a: Lurantis|Synthesis|p2a: Lurantis\n|-heal|p2a: Lurantis|189/264\n|\n|-heal|p2a: Lurantis|205/264|[from] item: Leftovers\n|upkeep\n|turn|31\n|-message|sifu53 forfeited.\n|\n|win|Utai\n|raw|sifu53's rating: 1563 &rarr; <strong>1539</strong><br />(-24 for losing)\n|raw|Utai's rating: 1498 &rarr; <strong>1522</strong><br />(+24 for winning)\n|l|\u2606sifu53\n|player|p1|\n|c|\u2606Utai|gg\n", "inputlog": ">version b107d77f5c90bd6555267ae244a6264823309ead\n>start {\"formatid\":\"gen9randombattle\",\"seed\":[60962,30925,12419,10321],\"rated\":\"Rated battle\"}\n>player p1 {\"name\":\"sifu53\",\"avatar\":\"gardenia-masters\",\"rating\":1563,\"seed\":[18138,49690,50815,3117]}\n>player p2 {\"name\":\"Utai\",\"avatar\":\"169\",\"rating\":1537,\"seed\":[40298,18364,64489,45537]}\n>p1 move knockoff\n>p2 move thunderwave\n>p1 switch 2\n>p2 move spikes\n>p1 move dragondance\n>p2 move thunderwave\n>p1 move dragondance\n>p2 move spikes\n>p1 move dragondance\n>p2 move spikes\n>p1 move dragondance\n>p2 move dazzlinggleam\n>p1 move roost\n>p2 move dazzlinggleam\n>p1 move earthquake\n>p2 move foulplay\n>p2 switch 6\n>p1 move bravebird\n>p2 move icebeam\n>p1 switch 2\n>p1 move drainpunch\n>p2 move earthpower\n>p1 move drainpunch\n>p2 switch 4\n>p1 switch 5\n>p2 move liquidation\n>p1 move swordsdance\n>p2 move toxic\n>p1 move ceaselessedge\n>p2 move haze\n>p1 move ceaselessedge\n>p2 move recover\n>p1 switch 5\n>p2 switch 5\n>p1 move shadowsneak\n>p2 move quiverdance terastallize\n>p1 move shadowsneak\n>p2 move quiverdance\n>p1 move shadowsneak\n>p2 move hurricane\n>p1 switch 3\n>p2 switch 2\n>p1 move dracometeor\n>p2 switch 4\n>p2 switch 3\n>p1 move dragontail\n>p2 move superpower\n>p1 move dracometeor\n>p2 move outrage\n>p2 switch 4\n>p1 move dracometeor\n>p2 move synthesis\n>p1 move flashcannon\n>p2 move superpower\n>p1 switch 6\n>p1 move dazzlinggleam terastallize\n>p2 move knockoff\n>p1 move dazzlinggleam\n>p2 move synthesis\n>p1 move shadowball\n>p2 move synthesis\n>p1 move shadowball\n>p2 move leafstorm\n>p1 switch 4\n>p2 move leafstorm\n>p1 move leechlife\n>p2 move superpower\n>p1 switch 4\n>p1 move psyshock\n>p2 move synthesis\n>forcelose p1", "uploadtime": 1732950976, "views": 5, "formatid": "gen9randombattle", "rating": 1522, "private": 0, "password": null}