{"id": "gen9randombattle-2253835940", "format": "[Gen 9] Random Battle", "players": ["Valenteddi", "chopgrinderlunch"], "log": "|j|\u2606Valenteddi\n|j|\u2606chopgrinderlunch\n|t:|1732945966\n|gametype|singles\n|player|p1|Valenteddi|alec-anime|1696\n|player|p2|chopgrinderlunch|101|1725\n|teamsize|p1|6\n|teamsize|p2|6\n|gen|9\n|tier|[Gen 9] Random Battle\n|rated|\n|rule|Species Clause: Limit one of each Pok\u00e9mon\n|rule|HP Percentage Mod: HP is shown in percentages\n|rule|Sleep Clause Mod: Limit one foe put to sleep\n|rule|Illusion Level Mod: Illusion disguises the Pok\u00e9mon's true level\n|\n|t:|1732945966\n|start\n|switch|p1a: Probopass|Probopass, L92, F|260/260\n|switch|p2a: Ninetales|Ninetales, L85, F|263/263\n|-weather|SunnyDay|[from] ability: Drought|[of] p2a: Ninetales\n|turn|1\n|\n|t:|1732945979\n|move|p2a: Ninetales|Nasty Plot|p2a: Ninetales\n|-boost|p2a: Ninetales|spa|2\n|move|p1a: Probopass|Power Gem|p2a: Ninetales\n|-supereffective|p2a: Ninetales\n|-damage|p2a: Ninetales|125/263\n|\n|-weather|SunnyDay|[upkeep]\n|upkeep\n|turn|2\n|\n|t:|1732945982\n|move|p2a: Ninetales|Scorching Sands|p1a: Probopass\n|-supereffective|p1a: Probopass\n|-damage|p1a: Probopass|60/260\n|move|p1a: Probopass|Power Gem|p2a: Ninetales\n|-supereffective|p2a: Ninetales\n|-damage|p2a: Ninetales|0 fnt\n|faint|p2a: Ninetales\n|\n|-weather|SunnyDay|[upkeep]\n|upkeep\n|\n|t:|1732945993\n|switch|p2a: Eelektross|Eelektross, L87, M|290/290\n|turn|3\n|\n|t:|1732945999\n|move|p2a: Eelektross|Drain Punch|p1a: Probopass\n|-supereffective|p1a: Probopass\n|-damage|p1a: Probopass|0 fnt\n|faint|p1a: Probopass\n|\n|-weather|SunnyDay|[upkeep]\n|upkeep\n|\n|t:|1732946003\n|switch|p1a: Sunflora|Sunflora, F|312/312\n|turn|4\n|\n|t:|1732946009\n|-terastallize|p1a: Sunflora|Fire\n|move|p1a: Sunflora|Weather Ball|p2a: Eelektross\n|-damage|p2a: Eelektross|0 fnt\n|faint|p2a: Eelektross\n|-damage|p1a: Sunflora|281/312|[from] item: Life Orb\n|\n|-weather|SunnyDay|[upkeep]\n|upkeep\n|\n|t:|1732946015\n|switch|p2a: Chansey|Chansey, L85, F|564/564\n|turn|5\n|\n|t:|1732946020\n|switch|p1a: Iron Hands|Iron Hands, L79|373/373\n|move|p2a: Chansey|Stealth Rock|p1a: Iron Hands\n|-sidestart|p1: Valenteddi|move: Stealth Rock\n|\n|-weather|none\n|upkeep\n|turn|6\n|\n|t:|1732946029\n|switch|p2a: Drifblim|Drifblim, L86, M|396/396\n|move|p1a: Iron Hands|Swords Dance|p1a: Iron Hands\n|-boost|p1a: Iron Hands|atk|2\n|\n|upkeep\n|turn|7\n|\n|t:|1732946036\n|switch|p2a: Amoonguss|Amoonguss, L82, F|321/321\n|move|p1a: Iron Hands|Thunder Punch|p2a: Amoonguss\n|-resisted|p2a: Amoonguss\n|-damage|p2a: Amoonguss|198/321\n|\n|-heal|p2a: Amoonguss|218/321|[from] item: Leftovers\n|upkeep\n|turn|8\n|\n|t:|1732946040\n|move|p1a: Iron Hands|Ice Punch|p2a: Amoonguss\n|-supereffective|p2a: Amoonguss\n|-damage|p2a: Amoonguss|0 fnt\n|faint|p2a: Amoonguss\n|\n|upkeep\n|\n|t:|1732946047\n|switch|p2a: Grimmsnarl|Grimmsnarl, L83, M|293/293\n|turn|9\n|\n|t:|1732946052\n|move|p2a: Grimmsnarl|Reflect|p2a: Grimmsnarl\n|-sidestart|p2: chopgrinderlunch|Reflect\n|move|p1a: Iron Hands|Drain Punch|p2a: Grimmsnarl\n|-damage|p2a: Grimmsnarl|177/293\n|\n|upkeep\n|turn|10\n|\n|t:|1732946065\n|switch|p2a: Drifblim|Drifblim, L86, M|396/396\n|move|p1a: Iron Hands|Swords Dance|p1a: Iron Hands\n|-boost|p1a: Iron Hands|atk|2\n|\n|upkeep\n|turn|11\n|\n|t:|1732946074\n|move|p2a: Drifblim|Calm Mind|p2a: Drifblim\n|-boost|p2a: Drifblim|spa|1\n|-boost|p2a: Drifblim|spd|1\n|move|p1a: Iron Hands|Thunder Punch|p2a: Drifblim\n|-supereffective|p2a: Drifblim\n|-damage|p2a: Drifblim|0 fnt\n|faint|p2a: Drifblim\n|\n|upkeep\n|-message|chopgrinderlunch forfeited.\n|\n|win|Valenteddi\n|raw|Valenteddi's rating: 1696 &rarr; <strong>1718</strong><br />(+22 for winning)\n|raw|chopgrinderlunch's rating: 1725 &rarr; <strong>1703</strong><br />(-22 for losing)\n|l|\u2606chopgrinderlunch\n|player|p2|\n", "inputlog": ">version b107d77f5c90bd6555267ae244a6264823309ead\n>start {\"formatid\":\"gen9randombattle\",\"seed\":[55334,32142,58079,43385],\"rated\":\"Rated battle\"}\n>player p1 {\"name\":\"Valenteddi\",\"avatar\":\"alec-anime\",\"rating\":1696,\"seed\":[12351,1569,24150,63839]}\n>player p2 {\"name\":\"chopgrinderlunch\",\"avatar\":\"101\",\"rating\":1725,\"seed\":[58258,1338,9259,9799]}\n>p1 move powergem\n>p2 move nastyplot\n>p1 move powergem\n>p2 move scorchingsands\n>p2 switch 6\n>p1 move rest\n>p2 move drainpunch\n>p1 switch 2\n>p1 move weatherball terastallize\n>p2 move firepunch\n>p2 switch 2\n>p1 switch 5\n>p2 move stealthrock\n>p1 move swordsdance\n>p2 switch 4\n>p1 move thunderpunch\n>p2 switch 5\n>p1 move icepunch\n>p2 move spore\n>p2 switch 3\n>p1 move drainpunch\n>p2 move reflect\n>p1 move swordsdance\n>p2 switch 5\n>p1 move thunderpunch\n>p2 move calmmind\n>forcelose p2", "uploadtime": 1732946083, "views": 1, "formatid": "gen9randombattle", "rating": 1703, "private": 0, "password": null}