{"id": "gen9randombattle-2253811743", "format": "[Gen 9] Random Battle", "players": ["DogFacedPonySoljer", "Poophole Pirates"], "log": "|j|\u2606DogFacedPonySoljer\n|j|\u2606Poophole Pirates\n|t:|1732941973\n|gametype|singles\n|player|p1|DogFacedPonySoljer|harlequin|1749\n|player|p2|Poophole Pirates|1|1760\n|teamsize|p1|6\n|teamsize|p2|6\n|gen|9\n|tier|[Gen 9] Random Battle\n|rated|\n|rule|Species Clause: Limit one of each Pok\u00e9mon\n|rule|HP Percentage Mod: HP is shown in percentages\n|rule|Sleep Clause Mod: Limit one foe put to sleep\n|rule|Illusion Level Mod: Illusion disguises the Pok\u00e9mon's true level\n|\n|t:|1732941973\n|start\n|switch|p1a: Gouging Fire|Gouging Fire, L74|277/277\n|switch|p2a: Garganacl|Garganacl, L80, F|291/291\n|turn|1\n|inactive|Battle timer is ON: inactive players will automatically lose when time's up. (requested by DogFacedPonySoljer)\n|\n|t:|1732941987\n|-end|p1a: Gouging Fire|Protosynthesis|[silent]\n|switch|p1a: Gogoat|Gogoat, L88, F, shiny|360/360\n|move|p2a: Garganacl|Stealth Rock|p1a: Gogoat\n|-sidestart|p1: DogFacedPonySoljer|move: Stealth Rock\n|\n|upkeep\n|turn|2\n|\n|t:|1732942005\n|switch|p2a: Leafeon|Leafeon, L88, M|258/258\n|move|p1a: Gogoat|Bulk Up|p1a: Gogoat\n|-boost|p1a: Gogoat|atk|1\n|-boost|p1a: Gogoat|def|1\n|\n|upkeep\n|turn|3\n|\n|t:|1732942014\n|move|p2a: Leafeon|Swords Dance|p2a: Leafeon\n|-boost|p2a: Leafeon|atk|2\n|move|p1a: Gogoat|Bulk Up|p1a: Gogoat\n|-boost|p1a: Gogoat|atk|1\n|-boost|p1a: Gogoat|def|1\n|\n|upkeep\n|turn|4\n|\n|t:|1732942021\n|move|p2a: Leafeon|Knock Off|p1a: Gogoat\n|-damage|p1a: Gogoat|225/360\n|-enditem|p1a: Gogoat|Leftovers|[from] move: Knock Off|[of] p2a: Leafeon\n|-damage|p2a: Leafeon|233/258|[from] item: Life Orb\n|move|p1a: Gogoat|Bulk Up|p1a: Gogoat\n|-boost|p1a: Gogoat|atk|1\n|-boost|p1a: Gogoat|def|1\n|\n|upkeep\n|turn|5\n|\n|t:|1732942032\n|move|p2a: Leafeon|Swords Dance|p2a: Leafeon\n|-boost|p2a: Leafeon|atk|2\n|move|p1a: Gogoat|Horn Leech|p2a: Leafeon\n|-resisted|p2a: Leafeon\n|-damage|p2a: Leafeon|149/258\n|-heal|p1a: Gogoat|267/360|[from] drain|[of] p2a: Leafeon\n|\n|upkeep\n|turn|6\n|\n|t:|1732942042\n|move|p2a: Leafeon|Synthesis|p2a: Leafeon\n|-heal|p2a: Leafeon|258/258\n|move|p1a: Gogoat|Horn Leech|p2a: Leafeon\n|-resisted|p2a: Leafeon\n|-damage|p2a: Leafeon|177/258\n|-heal|p1a: Gogoat|308/360|[from] drain|[of] p2a: Leafeon\n|\n|upkeep\n|turn|7\n|\n|t:|1732942053\n|move|p2a: Leafeon|Leaf Blade|p1a: Gogoat\n|-ability|p1a: Gogoat|Sap Sipper|boost\n|-boost|p1a: Gogoat|atk|1\n|move|p1a: Gogoat|Bulk Up|p1a: Gogoat\n|-boost|p1a: Gogoat|atk|1\n|-boost|p1a: Gogoat|def|1\n|\n|upkeep\n|turn|8\n|\n|t:|1732942063\n|move|p2a: Leafeon|Knock Off|p1a: Gogoat\n|-damage|p1a: Gogoat|225/360\n|-damage|p2a: Leafeon|152/258|[from] item: Life Orb\n|move|p1a: Gogoat|Horn Leech|p2a: Leafeon\n|-resisted|p2a: Leafeon\n|-damage|p2a: Leafeon|50/258\n|-heal|p1a: Gogoat|276/360|[from] drain|[of] p2a: Leafeon\n|\n|upkeep\n|turn|9\n|\n|t:|1732942076\n|switch|p2a: Rotom|Rotom, L88|231/231\n|move|p1a: Gogoat|Horn Leech|p2a: Rotom\n|-damage|p2a: Rotom|0 fnt\n|-heal|p1a: Gogoat|360/360|[from] drain|[of] p2a: Rotom\n|faint|p2a: Rotom\n|\n|upkeep\n|\n|t:|1732942089\n|switch|p2a: Clefable|Clefable, L83, M|293/293\n|turn|10\n|\n|t:|1732942095\n|-terastallize|p2a: Clefable|Poison\n|move|p1a: Gogoat|Horn Leech|p2a: Clefable\n|-resisted|p2a: Clefable\n|-damage|p2a: Clefable|123/293\n|move|p2a: Clefable|Thunder Wave|p1a: Gogoat\n|-status|p1a: Gogoat|par\n|\n|upkeep\n|turn|11\n|\n|t:|1732942108\n|-terastallize|p1a: Gogoat|Water\n|move|p2a: Clefable|Moonblast|p1a: Gogoat\n|-damage|p1a: Gogoat|224/360 par\n|move|p1a: Gogoat|Horn Leech|p2a: Clefable\n|-resisted|p2a: Clefable\n|-damage|p2a: Clefable|0 fnt\n|-heal|p1a: Gogoat|286/360 par|[from] drain|[of] p2a: Clefable\n|faint|p2a: Clefable\n|\n|upkeep\n|\n|t:|1732942121\n|switch|p2a: Garganacl|Garganacl, L80, F|291/291\n|turn|12\n|\n|t:|1732942124\n|move|p2a: Garganacl|Salt Cure|p1a: Gogoat\n|-damage|p1a: Gogoat|268/360 par\n|-start|p1a: Gogoat|Salt Cure\n|move|p1a: Gogoat|Horn Leech|p2a: Garganacl\n|-supereffective|p2a: Garganacl\n|-damage|p2a: Garganacl|0 fnt\n|-heal|p1a: Gogoat|360/360 par|[from] drain|[of] p2a: Garganacl\n|faint|p2a: Garganacl\n|\n|-damage|p1a: Gogoat|270/360 par|[from] Salt Cure\n|upkeep\n|\n|t:|1732942136\n|switch|p2a: Tatsugiri|Tatsugiri, L87, M|260/260\n|turn|13\n|\n|t:|1732942142\n|move|p2a: Tatsugiri|Draco Meteor|p1a: Gogoat\n|-damage|p1a: Gogoat|96/360 par\n|-unboost|p2a: Tatsugiri|spa|2\n|move|p1a: Gogoat|Horn Leech|p2a: Tatsugiri\n|-damage|p2a: Tatsugiri|0 fnt\n|-heal|p1a: Gogoat|226/360 par|[from] drain|[of] p2a: Tatsugiri\n|faint|p2a: Tatsugiri\n|\n|-damage|p1a: Gogoat|136/360 par|[from] Salt Cure\n|upkeep\n|-message|Poophole Pirates forfeited.\n|\n|win|DogFacedPonySoljer\n|raw|DogFacedPonySoljer's rating: 1749 &rarr; <strong>1770</strong><br />(+21 for winning)\n|raw|Poophole Pirates's rating: 1760 &rarr; <strong>1739</strong><br />(-21 for losing)\n|l|\u2606Poophole Pirates\n|player|p2|\n", "inputlog": ">version b107d77f5c90bd6555267ae244a6264823309ead\n>start {\"formatid\":\"gen9randombattle\",\"seed\":[51690,31092,20899,21903],\"rated\":\"Rated battle\"}\n>player p1 {\"name\":\"DogFacedPonySoljer\",\"avatar\":\"harlequin\",\"rating\":1749,\"seed\":[5772,36961,4949,46278]}\n>player p2 {\"name\":\"Poophole Pirates\",\"avatar\":\"1\",\"rating\":1760,\"seed\":[58369,18010,45640,18657]}\n>p1 switch 5\n>p2 move stealthrock\n>p1 move bulkup\n>p2 switch 6\n>p1 move bulkup\n>p2 move swordsdance\n>p1 move bulkup\n>p2 move knockoff\n>p1 move hornleech\n>p2 move swordsdance\n>p1 move hornleech\n>p2 move synthesis\n>p1 move bulkup\n>p2 move leafblade\n>p1 move hornleech\n>p2 move knockoff\n>p1 move hornleech\n>p2 switch 2\n>p2 switch 3\n>p1 move hornleech\n>p2 move thunderwave terastallize\n>p1 move hornleech terastallize\n>p2 move moonblast\n>p2 switch 6\n>p1 move hornleech\n>p2 move saltcure\n>p2 switch 5\n>p1 move hornleech\n>p2 move dracometeor\n>forcelose p2", "uploadtime": 1732942155, "views": 19, "formatid": "gen9randombattle", "rating": 1739, "private": 0, "password": null}