{"id": "gen9randombattle-2254155282", "format": "[Gen 9] Random Battle", "players": ["ellthesylveon", "JonasK10"], "log": "|j|\u203dellthesylveon\n|j|\u2606JonasK10\n|t:|1732998038\n|gametype|singles\n|player|p1|ellthesylveon|lady|1410\n|player|p2|JonasK10|1|1405\n|teamsize|p1|6\n|teamsize|p2|6\n|gen|9\n|tier|[Gen 9] Random Battle\n|rated|\n|rule|Species Clause: Limit one of each Pok\u00e9mon\n|rule|HP Percentage Mod: HP is shown in percentages\n|rule|Sleep Clause Mod: Limit one foe put to sleep\n|rule|Illusion Level Mod: Illusion disguises the Pok\u00e9mon's true level\n|\n|t:|1732998038\n|start\n|switch|p1a: Latios|Latios, L78, M|253/253\n|switch|p2a: Sylveon|Sylveon, L85, M|300/300\n|turn|1\n|inactive|Battle timer is ON: inactive players will automatically lose when time's up. (requested by ellthesylveon)\n|\n|t:|1732998063\n|switch|p1a: Piloswine|Piloswine, L85, F|309/309\n|move|p2a: Sylveon|Calm Mind|p2a: Sylveon\n|-boost|p2a: Sylveon|spa|1\n|-boost|p2a: Sylveon|spd|1\n|\n|upkeep\n|turn|2\n|\n|t:|1732998071\n|move|p2a: Sylveon|Hyper Voice|p1a: Piloswine\n|-damage|p1a: Piloswine|143/309\n|move|p1a: Piloswine|Stealth Rock|p2a: Sylveon\n|-sidestart|p2: JonasK10|move: Stealth Rock\n|\n|upkeep\n|turn|3\n|\n|t:|1732998086\n|move|p1a: Piloswine|Ice Shard|p2a: Sylveon\n|-damage|p2a: Sylveon|248/300\n|move|p2a: Sylveon|Calm Mind|p2a: Sylveon\n|-boost|p2a: Sylveon|spa|1\n|-boost|p2a: Sylveon|spd|1\n|\n|-heal|p2a: Sylveon|266/300|[from] item: Leftovers\n|upkeep\n|turn|4\n|\n|t:|1732998095\n|move|p1a: Piloswine|Ice Shard|p2a: Sylveon\n|-damage|p2a: Sylveon|214/300\n|move|p2a: Sylveon|Hyper Voice|p1a: Piloswine\n|-damage|p1a: Piloswine|0 fnt\n|faint|p1a: Piloswine\n|\n|-heal|p2a: Sylveon|232/300|[from] item: Leftovers\n|upkeep\n|\n|t:|1732998105\n|switch|p1a: Jumpluff|Jumpluff, L87, M|271/271\n|turn|5\n|\n|t:|1732998109\n|move|p1a: Jumpluff|Acrobatics|p2a: Sylveon\n|-damage|p2a: Sylveon|130/300\n|move|p2a: Sylveon|Hyper Voice|p1a: Jumpluff\n|-damage|p1a: Jumpluff|51/271\n|\n|-heal|p2a: Sylveon|148/300|[from] item: Leftovers\n|upkeep\n|turn|6\n|\n|t:|1732998122\n|move|p1a: Jumpluff|Sleep Powder|p2a: Sylveon\n|-status|p2a: Sylveon|slp|[from] move: Sleep Powder\n|cant|p2a: Sylveon|slp\n|\n|-heal|p2a: Sylveon|166/300 slp|[from] item: Leftovers\n|upkeep\n|turn|7\n|\n|t:|1732998131\n|cant|p2a: Sylveon|slp\n|move|p1a: Jumpluff|Acrobatics|p2a: Sylveon\n|-damage|p2a: Sylveon|63/300 slp\n|\n|-heal|p2a: Sylveon|81/300 slp|[from] item: Leftovers\n|upkeep\n|turn|8\n|\n|t:|1732998140\n|cant|p2a: Sylveon|slp\n|move|p1a: Jumpluff|Acrobatics|p2a: Sylveon\n|-damage|p2a: Sylveon|0 fnt\n|faint|p2a: Sylveon\n|\n|upkeep\n|\n|t:|1732998150\n|switch|p2a: Forretress|Forretress, L84, F|263/263\n|-damage|p2a: Forretress|231/263|[from] Stealth Rock\n|turn|9\n|\n|t:|1732998165\n|switch|p2a: Appletun|Appletun, L92, M|352/352\n|-damage|p2a: Appletun|308/352|[from] Stealth Rock\n|move|p1a: Jumpluff|U-turn|p2a: Appletun\n|-supereffective|p2a: Appletun\n|-damage|p2a: Appletun|240/352\n|inactive|ellthesylveon has 120 seconds left.\n|\n|t:|1732998202\n|switch|p1a: Haxorus|Haxorus, L77, M|244/244|[from] U-turn\n|-ability|p1a: Haxorus|Mold Breaker\n|\n|-heal|p2a: Appletun|262/352|[from] item: Leftovers\n|upkeep\n|turn|10\n|\n|t:|1732998216\n|move|p1a: Haxorus|Scale Shot|p2a: Appletun\n|-supereffective|p2a: Appletun\n|-damage|p2a: Appletun|196/352\n|-supereffective|p2a: Appletun\n|-damage|p2a: Appletun|136/352\n|-supereffective|p2a: Appletun\n|-damage|p2a: Appletun|76/352\n|-supereffective|p2a: Appletun\n|-damage|p2a: Appletun|16/352\n|-hitcount|p2a: Appletun|4\n|-unboost|p1a: Haxorus|def|1\n|-boost|p1a: Haxorus|spe|1\n|move|p2a: Appletun|Dragon Pulse|p1a: Haxorus\n|-supereffective|p1a: Haxorus\n|-crit|p1a: Haxorus\n|-damage|p1a: Haxorus|0 fnt\n|faint|p1a: Haxorus\n|\n|-heal|p2a: Appletun|38/352|[from] item: Leftovers\n|upkeep\n|inactive|ellthesylveon has 90 seconds left.\n|\n|t:|1732998243\n|switch|p1a: Urshifu|Urshifu-Rapid-Strike, L75, M|274/274\n|turn|11\n|\n|t:|1732998248\n|move|p1a: Urshifu|Surging Strikes|p2a: Appletun\n|-resisted|p2a: Appletun\n|-crit|p2a: Appletun\n|-damage|p2a: Appletun|24/352\n|-resisted|p2a: Appletun\n|-crit|p2a: Appletun\n|-damage|p2a: Appletun|11/352\n|-resisted|p2a: Appletun\n|-crit|p2a: Appletun\n|-damage|p2a: Appletun|0 fnt\n|faint|p2a: Appletun\n|-hitcount|p2: Appletun|3\n|-damage|p1a: Urshifu|247/274|[from] item: Life Orb\n|\n|upkeep\n|\n|t:|1732998259\n|switch|p2a: Forretress|Forretress, L84, F|231/263\n|-damage|p2a: Forretress|199/263|[from] Stealth Rock\n|turn|12\n|inactive|ellthesylveon has 90 seconds left.\n|\n|t:|1732998288\n|move|p1a: Urshifu|Surging Strikes|p2a: Forretress\n|-crit|p2a: Forretress\n|-damage|p2a: Forretress|163/263\n|-crit|p2a: Forretress\n|-damage|p2a: Forretress|123/263\n|-crit|p2a: Forretress\n|-damage|p2a: Forretress|88/263\n|-hitcount|p2a: Forretress|3\n|-damage|p1a: Urshifu|220/274|[from] item: Life Orb\n|move|p2a: Forretress|Rapid Spin|p1a: Urshifu\n|-damage|p1a: Urshifu|186/274\n|-boost|p2a: Forretress|spe|1\n|-sideend|p2: JonasK10|Stealth Rock|[from] move: Rapid Spin|[of] p2a: Forretress\n|\n|-heal|p2a: Forretress|104/263|[from] item: Leftovers\n|upkeep\n|turn|13\n|inactive|ellthesylveon has 90 seconds left.\n|\n|t:|1732998314\n|-terastallize|p2a: Forretress|Water\n|move|p1a: Urshifu|Close Combat|p2a: Forretress\n|-damage|p2a: Forretress|0 fnt\n|-unboost|p1a: Urshifu|def|1\n|-unboost|p1a: Urshifu|spd|1\n|faint|p2a: Forretress\n|-damage|p1a: Urshifu|159/274|[from] item: Life Orb\n|\n|upkeep\n|inactive|JonasK10 has 120 seconds left.\n|\n|t:|1732998327\n|switch|p2a: Torkoal|Torkoal, L88, F|266/266\n|-weather|SunnyDay|[from] ability: Drought|[of] p2a: Torkoal\n|turn|14\n|inactive|ellthesylveon has 90 seconds left.\n|inactive|JonasK10 has 120 seconds left.\n|\n|t:|1732998340\n|switch|p1a: Latios|Latios, L78, M|253/253\n|move|p2a: Torkoal|Lava Plume|p1a: Latios\n|-resisted|p1a: Latios\n|-damage|p1a: Latios|195/253\n|\n|-weather|SunnyDay|[upkeep]\n|upkeep\n|turn|15\n|inactive|ellthesylveon has 90 seconds left.\n|\n|t:|1732998349\n|move|p1a: Latios|Calm Mind|p1a: Latios\n|-boost|p1a: Latios|spa|1\n|-boost|p1a: Latios|spd|1\n|move|p2a: Torkoal|Yawn|p1a: Latios\n|-start|p1a: Latios|move: Yawn|[of] p2a: Torkoal\n|\n|-weather|SunnyDay|[upkeep]\n|upkeep\n|turn|16\n|inactive|ellthesylveon has 90 seconds left.\n|\n|t:|1732998361\n|move|p1a: Latios|Draco Meteor|p2a: Torkoal|[miss]\n|-miss|p1a: Latios|p2a: Torkoal\n|move|p2a: Torkoal|Rapid Spin|p1a: Latios\n|-damage|p1a: Latios|157/253\n|-boost|p2a: Torkoal|spe|1\n|\n|-weather|SunnyDay|[upkeep]\n|-end|p1a: Latios|move: Yawn|[silent]\n|-status|p1a: Latios|slp\n|upkeep\n|turn|17\n|inactive|ellthesylveon has 90 seconds left.\n|\n|t:|1732998381\n|cant|p1a: Latios|slp\n|move|p2a: Torkoal|Rapid Spin|p1a: Latios\n|-damage|p1a: Latios|115/253 slp\n|-boost|p2a: Torkoal|spe|1\n|\n|-weather|SunnyDay|[upkeep]\n|upkeep\n|turn|18\n|\n|t:|1732998389\n|cant|p1a: Latios|slp\n|move|p2a: Torkoal|Rapid Spin|p1a: Latios\n|-damage|p1a: Latios|71/253 slp\n|-boost|p2a: Torkoal|spe|1\n|\n|-weather|none\n|upkeep\n|turn|19\n|\n|t:|1732998398\n|-curestatus|p1a: Latios|slp|[msg]\n|move|p1a: Latios|Draco Meteor|p2a: Torkoal|[miss]\n|-miss|p1a: Latios|p2a: Torkoal\n|move|p2a: Torkoal|Rapid Spin|p1a: Latios\n|-damage|p1a: Latios|30/253\n|-boost|p2a: Torkoal|spe|1\n|\n|upkeep\n|turn|20\n|\n|t:|1732998408\n|move|p2a: Torkoal|Rapid Spin|p1a: Latios\n|-damage|p1a: Latios|0 fnt\n|-boost|p2a: Torkoal|spe|1\n|faint|p1a: Latios\n|\n|upkeep\n|\n|t:|1732998412\n|switch|p1a: Urshifu|Urshifu-Rapid-Strike, L75, M|159/274\n|turn|21\n|\n|t:|1732998420\n|-terastallize|p1a: Urshifu|Water\n|move|p2a: Torkoal|Solar Beam||[still]\n|-prepare|p2a: Torkoal|Solar Beam\n|move|p1a: Urshifu|Surging Strikes|p2a: Torkoal\n|-supereffective|p2a: Torkoal\n|-crit|p2a: Torkoal\n|-damage|p2a: Torkoal|178/266\n|-supereffective|p2a: Torkoal\n|-crit|p2a: Torkoal\n|-damage|p2a: Torkoal|90/266\n|-supereffective|p2a: Torkoal\n|-crit|p2a: Torkoal\n|-damage|p2a: Torkoal|0 fnt\n|faint|p2a: Torkoal\n|-hitcount|p2: Torkoal|3\n|-damage|p1a: Urshifu|132/274|[from] item: Life Orb\n|\n|upkeep\n|\n|t:|1732998436\n|switch|p2a: Florges|Florges-Blue, L85, F|271/271\n|turn|22\n|\n|t:|1732998444\n|move|p1a: Urshifu|Swords Dance|p1a: Urshifu\n|-boost|p1a: Urshifu|atk|2\n|move|p2a: Florges|Moonblast|p1a: Urshifu\n|-damage|p1a: Urshifu|0 fnt\n|faint|p1a: Urshifu\n|\n|upkeep\n|\n|t:|1732998453\n|switch|p1a: Jumpluff|Jumpluff, L87, M|51/271\n|turn|23\n|\n|t:|1732998462\n|move|p1a: Jumpluff|Sleep Powder|p2a: Florges|[miss]\n|-miss|p1a: Jumpluff|p2a: Florges\n|move|p2a: Florges|Moonblast|p1a: Jumpluff\n|-damage|p1a: Jumpluff|0 fnt\n|faint|p1a: Jumpluff\n|\n|upkeep\n|\n|t:|1732998467\n|switch|p1a: Cetitan|Cetitan, L82, F|412/412\n|turn|24\n|\n|t:|1732998474\n|move|p2a: Florges|Moonblast|p1a: Cetitan\n|-damage|p1a: Cetitan|238/412\n|move|p1a: Cetitan|Belly Drum|p1a: Cetitan\n|-damage|p1a: Cetitan|32/412\n|-setboost|p1a: Cetitan|atk|6|[from] move: Belly Drum\n|-enditem|p1a: Cetitan|Sitrus Berry|[eat]\n|-heal|p1a: Cetitan|135/412|[from] item: Sitrus Berry\n|\n|upkeep\n|turn|25\n|\n|t:|1732998483\n|move|p1a: Cetitan|Ice Shard|p2a: Florges\n|-damage|p2a: Florges|49/271\n|move|p2a: Florges|Moonblast|p1a: Cetitan\n|-damage|p1a: Cetitan|0 fnt\n|faint|p1a: Cetitan\n|\n|win|JonasK10\n|raw|ellthesylveon's rating: 1410 &rarr; <strong>1390</strong><br />(-20 for losing)\n|raw|JonasK10's rating: 1405 &rarr; <strong>1425</strong><br />(+20 for winning)\n|l|\u2606JonasK10\n|player|p2|\n", "inputlog": ">version b107d77f5c90bd6555267ae244a6264823309ead\n>start {\"formatid\":\"gen9randombattle\",\"seed\":[11206,36250,54111,19917],\"rated\":\"Rated battle\"}\n>player p1 {\"name\":\"ellthesylveon\",\"avatar\":\"lady\",\"rating\":1410,\"seed\":[47872,12423,61337,31808]}\n>player p2 {\"name\":\"JonasK10\",\"avatar\":\"1\",\"rating\":1405,\"seed\":[9123,54362,22379,49923]}\n>p1 switch 4\n>p2 move calmmind\n>p1 move stealthrock\n>p2 move hypervoice\n>p1 move iceshard\n>p2 move calmmind\n>p1 move iceshard\n>p2 move hypervoice\n>p1 switch 5\n>p1 move acrobatics\n>p2 move hypervoice\n>p1 move sleeppowder\n>p2 move wish\n>p1 move acrobatics\n>p2 move protect\n>p1 move acrobatics\n>p2 move protect\n>p2 switch 3\n>p1 move uturn\n>p2 switch 6\n>p1 switch 2\n>p1 move scaleshot\n>p2 move dragonpulse\n>p1 switch 6\n>p1 move surgingstrikes\n>p2 move appleacid\n>p2 switch 6\n>p1 move surgingstrikes\n>p2 move rapidspin\n>p1 move closecombat\n>p2 move stealthrock terastallize\n>p2 switch 4\n>p1 switch 4\n>p2 move lavaplume\n>p1 move calmmind\n>p2 move yawn\n>p1 move dracometeor\n>p2 move rapidspin\n>p1 move dracometeor\n>p2 move rapidspin\n>p1 move dracometeor\n>p2 move rapidspin\n>p1 move dracometeor\n>p2 move rapidspin\n>p1 move dracometeor\n>p2 move rapidspin\n>p1 switch 4\n>p1 move surgingstrikes terastallize\n>p2 move solarbeam\n>p2 switch 2\n>p1 move swordsdance\n>p2 move moonblast\n>p1 switch 2\n>p1 move sleeppowder\n>p2 move moonblast\n>p1 switch 3\n>p1 move bellydrum\n>p2 move moonblast\n>p1 move iceshard\n>p2 move moonblast", "uploadtime": 1732998501, "views": 15, "formatid": "gen9randombattle", "rating": 1390, "private": 0, "password": null}