{"id": "gen9randombattle-2254145788", "format": "[Gen 9] Random Battle", "players": ["SCOTISHLANG", "manolovm01"], "log": "|j|\u2606SCOTISHLANG\n|j|\u2606manolovm01\n|t:|1732996835\n|gametype|singles\n|player|p1|SCOTISHLANG|102|1220\n|player|p2|manolovm01|1|1199\n|teamsize|p1|6\n|teamsize|p2|6\n|gen|9\n|tier|[Gen 9] Random Battle\n|rated|\n|rule|Species Clause: Limit one of each Pok\u00e9mon\n|rule|HP Percentage Mod: HP is shown in percentages\n|rule|Sleep Clause Mod: Limit one foe put to sleep\n|rule|Illusion Level Mod: Illusion disguises the Pok\u00e9mon's true level\n|\n|t:|1732996835\n|start\n|switch|p1a: Toedscruel|Toedscruel, L87, F|281/281\n|switch|p2a: Excadrill|Excadrill, L80, F|307/307\n|-ability|p2a: Excadrill|Mold Breaker\n|turn|1\n|inactive|Battle timer is ON: inactive players will automatically lose when time's up. (requested by SCOTISHLANG)\n|\n|t:|1732996858\n|switch|p2a: Inteleon|Inteleon, L81, M|246/246\n|move|p1a: Toedscruel|Earth Power|p2a: Inteleon\n|-damage|p2a: Inteleon|132/246\n|\n|upkeep\n|turn|2\n|\n|t:|1732996866\n|move|p2a: Inteleon|Ice Beam|p1a: Toedscruel\n|-supereffective|p1a: Toedscruel\n|-damage|p1a: Toedscruel|0 fnt\n|faint|p1a: Toedscruel\n|\n|upkeep\n|\n|t:|1732996878\n|switch|p1a: Koraidon|Koraidon, L64|235/235\n|-weather|SunnyDay|[from] ability: Orichalcum Pulse|[of] p1a: Koraidon\n|-activate|p1a: Koraidon|Orichalcum Pulse|[source]\n|turn|3\n|\n|t:|1732996889\n|move|p2a: Inteleon|Ice Beam|p1a: Koraidon\n|-supereffective|p1a: Koraidon\n|-damage|p1a: Koraidon|0 fnt\n|faint|p1a: Koraidon\n|\n|-weather|SunnyDay|[upkeep]\n|upkeep\n|\n|t:|1732996897\n|switch|p1a: Magmortar|Magmortar, L88, M|275/275\n|turn|4\n|\n|t:|1732996912\n|move|p2a: Inteleon|Ice Beam|p1a: Magmortar\n|-resisted|p1a: Magmortar\n|-damage|p1a: Magmortar|222/275\n|move|p1a: Magmortar|Scorching Sands|p2a: Inteleon\n|-damage|p2a: Inteleon|51/246\n|\n|-weather|SunnyDay|[upkeep]\n|upkeep\n|turn|5\n|\n|t:|1732996923\n|move|p2a: Inteleon|Ice Beam|p1a: Magmortar\n|-resisted|p1a: Magmortar\n|-damage|p1a: Magmortar|171/275\n|move|p1a: Magmortar|Scorching Sands|p2a: Inteleon\n|-damage|p2a: Inteleon|0 fnt\n|faint|p2a: Inteleon\n|\n|-weather|SunnyDay|[upkeep]\n|upkeep\n|\n|t:|1732996943\n|switch|p2a: Sylveon|Sylveon, L85, F|219/219\n|turn|6\n|inactive|manolovm01 has 120 seconds left.\n|\n|t:|1732996965\n|move|p2a: Sylveon|Hyper Voice|p1a: Magmortar\n|-damage|p1a: Magmortar|15/275\n|move|p1a: Magmortar|Fire Blast|p2a: Sylveon\n|-damage|p2a: Sylveon|0 fnt\n|replace|p2a: Zoroark|Zoroark-Hisui, L80, M\n|-end|p2a: Zoroark|Illusion\n|-hint|Illusion Level Mod is active, so this Pok\u00e9mon's true level was hidden.\n|faint|p2a: Zoroark\n|\n|-weather|SunnyDay|[upkeep]\n|upkeep\n|inactive|manolovm01 has 120 seconds left.\n|\n|t:|1732996978\n|switch|p2a: Dachsbun|Dachsbun, L92, F|254/254\n|turn|7\n|inactive|manolovm01 has 120 seconds left.\n|\n|t:|1732996985\n|move|p2a: Dachsbun|Body Press|p1a: Magmortar\n|-damage|p1a: Magmortar|0 fnt\n|-status|p2a: Dachsbun|brn|[from] ability: Flame Body|[of] p1a: Magmortar\n|faint|p1a: Magmortar\n|\n|-weather|none\n|-damage|p2a: Dachsbun|239/254 brn|[from] brn\n|upkeep\n|\n|t:|1732996998\n|switch|p1a: Slaking|Slaking, L84, F|389/389\n|turn|8\n|\n|t:|1732997010\n|move|p2a: Dachsbun|Body Press|p1a: Slaking\n|-supereffective|p1a: Slaking\n|-damage|p1a: Slaking|317/389\n|move|p1a: Slaking|Earthquake|p2a: Dachsbun\n|-crit|p2a: Dachsbun\n|-damage|p2a: Dachsbun|55/254 brn\n|\n|-heal|p2a: Dachsbun|70/254 brn|[from] item: Leftovers\n|-damage|p2a: Dachsbun|55/254 brn|[from] brn\n|upkeep\n|turn|9\n|\n|t:|1732997021\n|switch|p1a: Volbeat|Volbeat, L90, M|263/263\n|move|p2a: Dachsbun|Wish|p2a: Dachsbun\n|\n|-heal|p2a: Dachsbun|70/254 brn|[from] item: Leftovers\n|-damage|p2a: Dachsbun|55/254 brn|[from] brn\n|upkeep\n|turn|10\n|inactive|manolovm01 has 120 seconds left.\n|\n|t:|1732997045\n|switch|p2a: Kingambit|Kingambit, L74, F|270/270\n|-activate|p2a: Kingambit|ability: Supreme Overlord\n|-start|p2a: Kingambit|fallen2|[silent]\n|move|p1a: Volbeat|Encore|p2a: Kingambit\n|-hint|Since gen 7, Dark is immune to Prankster moves.\n|-immune|p2a: Kingambit\n|\n|upkeep\n|turn|11\n|inactive|manolovm01 has 120 seconds left.\n|\n|t:|1732997061\n|move|p1a: Volbeat|U-turn|p2a: Kingambit\n|-damage|p2a: Kingambit|206/270\n|\n|t:|1732997067\n|switch|p1a: Electrode|Electrode-Hisui, L87|246/246|[from] U-turn\n|move|p2a: Kingambit|Kowtow Cleave|p1a: Electrode\n|-damage|p1a: Electrode|123/246\n|\n|-heal|p1a: Electrode|138/246|[from] item: Leftovers\n|-heal|p2a: Kingambit|222/270|[from] item: Leftovers\n|upkeep\n|turn|12\n|inactive|manolovm01 has 120 seconds left.\n|\n|t:|1732997080\n|move|p1a: Electrode|Leech Seed|p2a: Kingambit\n|-start|p2a: Kingambit|move: Leech Seed\n|move|p2a: Kingambit|Kowtow Cleave|p1a: Electrode\n|-damage|p1a: Electrode|2/246\n|\n|-heal|p1a: Electrode|17/246|[from] item: Leftovers\n|-heal|p2a: Kingambit|238/270|[from] item: Leftovers\n|-damage|p2a: Kingambit|205/270|[from] Leech Seed|[of] p1a: Electrode\n|-heal|p1a: Electrode|50/246|[silent]\n|upkeep\n|turn|13\n|inactive|manolovm01 has 120 seconds left.\n|\n|t:|1732997105\n|move|p1a: Electrode|Thunderbolt|p2a: Kingambit\n|-damage|p2a: Kingambit|100/270\n|move|p2a: Kingambit|Kowtow Cleave|p1a: Electrode\n|-damage|p1a: Electrode|0 fnt\n|faint|p1a: Electrode\n|\n|-heal|p2a: Kingambit|116/270|[from] item: Leftovers\n|upkeep\n|\n|t:|1732997115\n|switch|p1a: Slaking|Slaking, L84, F|317/389\n|turn|14\n|\n|t:|1732997121\n|-terastallize|p2a: Kingambit|Flying\n|move|p1a: Slaking|Earthquake|p2a: Kingambit\n|-immune|p2a: Kingambit\n|move|p2a: Kingambit|Swords Dance|p2a: Kingambit\n|-boost|p2a: Kingambit|atk|2\n|\n|-heal|p2a: Kingambit|132/270|[from] item: Leftovers\n|-damage|p2a: Kingambit|99/270|[from] Leech Seed|[of] p1a: Slaking\n|-heal|p1a: Slaking|350/389|[silent]\n|upkeep\n|turn|15\n|\n|t:|1732997135\n|switch|p1a: Volbeat|Volbeat, L90, M|263/263\n|move|p2a: Kingambit|Kowtow Cleave|p1a: Volbeat\n|-crit|p1a: Volbeat\n|-damage|p1a: Volbeat|0 fnt\n|faint|p1a: Volbeat\n|\n|-heal|p2a: Kingambit|115/270|[from] item: Leftovers\n|upkeep\n|\n|t:|1732997144\n|switch|p1a: Slaking|Slaking, L84, F|350/389\n|turn|16\n|\n|t:|1732997150\n|move|p2a: Kingambit|Sucker Punch|p1a: Slaking\n|-damage|p1a: Slaking|175/389\n|move|p1a: Slaking|Giga Impact|p2a: Kingambit\n|-damage|p2a: Kingambit|0 fnt\n|-mustrecharge|p1a: Slaking\n|faint|p2a: Kingambit\n|-end|p2a: Kingambit|fallen2|[silent]\n|\n|upkeep\n|\n|t:|1732997163\n|switch|p2a: Sylveon|Sylveon, L85, F|300/300\n|turn|17\n|\n|t:|1732997171\n|cant|p1a: Slaking|recharge\n|move|p2a: Sylveon|Wish|p2a: Sylveon\n|\n|upkeep\n|turn|18\n|\n|t:|1732997176\n|move|p1a: Slaking|Giga Impact|p2a: Sylveon\n|-damage|p2a: Sylveon|0 fnt\n|-mustrecharge|p1a: Slaking\n|faint|p2a: Sylveon\n|\n|upkeep\n|\n|t:|1732997182\n|switch|p2a: Excadrill|Excadrill, L80, F|307/307\n|-ability|p2a: Excadrill|Mold Breaker\n|turn|19\n|\n|t:|1732997192\n|cant|p1a: Slaking|recharge\n|move|p2a: Excadrill|Rapid Spin|p1a: Slaking\n|-damage|p1a: Slaking|133/389\n|-boost|p2a: Excadrill|spe|1\n|\n|upkeep\n|turn|20\n|\n|t:|1732997201\n|move|p2a: Excadrill|Earthquake|p1a: Slaking\n|-damage|p1a: Slaking|25/389\n|move|p1a: Slaking|Giga Impact|p2a: Excadrill\n|-resisted|p2a: Excadrill\n|-damage|p2a: Excadrill|54/307\n|-mustrecharge|p1a: Slaking\n|\n|-heal|p2a: Excadrill|73/307|[from] item: Leftovers\n|upkeep\n|turn|21\n|\n|t:|1732997213\n|move|p2a: Excadrill|Earthquake|p1a: Slaking\n|-damage|p1a: Slaking|0 fnt\n|faint|p1a: Slaking\n|\n|win|manolovm01\n|raw|SCOTISHLANG's rating: 1220 &rarr; <strong>1193</strong><br />(-27 for losing)\n|raw|manolovm01's rating: 1199 &rarr; <strong>1226</strong><br />(+27 for winning)\n|l|\u2606SCOTISHLANG\n|player|p1|\n", "inputlog": ">version b107d77f5c90bd6555267ae244a6264823309ead\n>start {\"formatid\":\"gen9randombattle\",\"seed\":[231,51121,51230,40034],\"rated\":\"Rated battle\"}\n>player p1 {\"name\":\"SCOTISHLANG\",\"avatar\":\"102\",\"rating\":1220,\"seed\":[27708,37988,57604,43070]}\n>player p2 {\"name\":\"manolovm01\",\"avatar\":\"1\",\"rating\":1199,\"seed\":[17771,34661,8616,43157]}\n>p1 move earthpower\n>p2 switch 4\n>p1 move gigadrain\n>p2 move icebeam\n>p1 switch 2\n>p1 move uturn\n>p2 move icebeam\n>p1 switch 5\n>p1 move scorchingsands\n>p2 move icebeam\n>p1 move scorchingsands\n>p2 move icebeam\n>p2 switch 5\n>p1 move fireblast\n>p2 move hypervoice\n>p2 switch 2\n>p1 move fireblast\n>p2 move bodypress\n>p1 switch 3\n>p1 move earthquake\n>p2 move bodypress\n>p1 switch 6\n>p2 move wish\n>p1 move encore\n>p2 switch 3\n>p1 move uturn\n>p2 move kowtowcleave\n>p1 switch 4\n>p1 move leechseed\n>p2 move kowtowcleave\n>p1 move thunderbolt\n>p2 move kowtowcleave\n>p1 switch 6\n>p1 move earthquake\n>p2 move swordsdance terastallize\n>p1 switch 4\n>p2 move kowtowcleave\n>p1 switch 4\n>p1 move gigaimpact\n>p2 move suckerpunch\n>p2 switch 6\n>p1 move recharge\n>p2 move wish\n>p1 move gigaimpact\n>p2 move hypervoice\n>p2 switch 4\n>p1 move recharge\n>p2 move rapidspin\n>p1 move gigaimpact\n>p2 move earthquake\n>p1 move recharge\n>p2 move earthquake", "uploadtime": 1732997218, "views": 1, "formatid": "gen9randombattle", "rating": 1193, "private": 0, "password": null}