{"id": "gen9randombattle-2254137291", "format": "[Gen 9] Random Battle", "players": ["PoisedS1", "fastattorney394"], "log": "|j|\u2606PoisedS1\n|j|\u2606fastattorney394\n|t:|1732995798\n|gametype|singles\n|player|p1|PoisedS1|170|1238\n|player|p2|fastattorney394|170|1186\n|teamsize|p1|6\n|teamsize|p2|6\n|gen|9\n|tier|[Gen 9] Random Battle\n|rated|\n|rule|Species Clause: Limit one of each Pok\u00e9mon\n|rule|HP Percentage Mod: HP is shown in percentages\n|rule|Sleep Clause Mod: Limit one foe put to sleep\n|rule|Illusion Level Mod: Illusion disguises the Pok\u00e9mon's true level\n|\n|t:|1732995798\n|start\n|switch|p1a: Girafarig|Girafarig, L89, F|269/269\n|switch|p2a: Bellibolt|Bellibolt, L84, F|320/320\n|turn|1\n|\n|t:|1732995805\n|move|p1a: Girafarig|Nasty Plot|p1a: Girafarig\n|-boost|p1a: Girafarig|spa|2\n|move|p2a: Bellibolt|Toxic|p1a: Girafarig\n|-status|p1a: Girafarig|tox\n|\n|-damage|p1a: Girafarig|253/269 tox|[from] psn\n|upkeep\n|turn|2\n|\n|t:|1732995812\n|move|p1a: Girafarig|Nasty Plot|p1a: Girafarig\n|-boost|p1a: Girafarig|spa|2\n|move|p2a: Bellibolt|Thunderbolt|p1a: Girafarig\n|-damage|p1a: Girafarig|178/269 tox\n|\n|-damage|p1a: Girafarig|146/269 tox|[from] psn\n|upkeep\n|turn|3\n|\n|t:|1732995821\n|move|p1a: Girafarig|Hyper Voice|p2a: Bellibolt\n|-damage|p2a: Bellibolt|2/320\n|-start|p2a: Bellibolt|Charge|Hyper Voice|[from] ability: Electromorphosis\n|move|p2a: Bellibolt|Thunderbolt|p1a: Girafarig\n|-damage|p1a: Girafarig|0 fnt\n|faint|p1a: Girafarig\n|-end|p2a: Bellibolt|Charge|[silent]\n|\n|-heal|p2a: Bellibolt|22/320|[from] item: Leftovers\n|upkeep\n|\n|t:|1732995836\n|switch|p1a: Poliwrath|Poliwrath, L88, M|302/302\n|turn|4\n|\n|t:|1732995852\n|move|p1a: Poliwrath|Knock Off|p2a: Bellibolt\n|-damage|p2a: Bellibolt|0 fnt\n|-enditem|p2a: Bellibolt|Leftovers|[from] move: Knock Off|[of] p1a: Poliwrath\n|faint|p2a: Bellibolt\n|\n|upkeep\n|\n|t:|1732995861\n|switch|p2a: Braviary|Braviary-Hisui, L85, M|326/326\n|turn|5\n|\n|t:|1732995881\n|switch|p1a: Scrafty|Scrafty, L84, F|246/246\n|move|p2a: Braviary|Esper Wing|p1a: Scrafty\n|-immune|p1a: Scrafty\n|\n|upkeep\n|turn|6\n|\n|t:|1732995892\n|move|p2a: Braviary|Hurricane|p1a: Scrafty\n|-supereffective|p1a: Scrafty\n|-damage|p1a: Scrafty|40/246\n|move|p1a: Scrafty|Knock Off|p2a: Braviary\n|-supereffective|p2a: Braviary\n|-damage|p2a: Braviary|120/326\n|-enditem|p2a: Braviary|Heavy-Duty Boots|[from] move: Knock Off|[of] p1a: Scrafty\n|\n|-heal|p1a: Scrafty|55/246|[from] item: Leftovers\n|upkeep\n|turn|7\n|\n|t:|1732995904\n|move|p2a: Braviary|Hurricane|p1a: Scrafty\n|-supereffective|p1a: Scrafty\n|-damage|p1a: Scrafty|0 fnt\n|faint|p1a: Scrafty\n|\n|upkeep\n|\n|t:|1732995911\n|switch|p1a: Poliwrath|Poliwrath, L88, M|302/302\n|turn|8\n|\n|t:|1732995917\n|move|p1a: Poliwrath|Knock Off|p2a: Braviary\n|-supereffective|p2a: Braviary\n|-damage|p2a: Braviary|6/326\n|move|p2a: Braviary|Esper Wing|p1a: Poliwrath\n|-supereffective|p1a: Poliwrath\n|-damage|p1a: Poliwrath|104/302\n|-boost|p2a: Braviary|spe|1\n|\n|-heal|p1a: Poliwrath|122/302|[from] item: Leftovers\n|upkeep\n|turn|9\n|\n|t:|1732995925\n|-terastallize|p1a: Poliwrath|Steel\n|move|p2a: Braviary|Esper Wing|p1a: Poliwrath\n|-resisted|p1a: Poliwrath\n|-damage|p1a: Poliwrath|22/302\n|-boost|p2a: Braviary|spe|1\n|move|p1a: Poliwrath|Knock Off|p2a: Braviary\n|-supereffective|p2a: Braviary\n|-damage|p2a: Braviary|0 fnt\n|faint|p2a: Braviary\n|\n|-heal|p1a: Poliwrath|40/302|[from] item: Leftovers\n|upkeep\n|inactive|Battle timer is ON: inactive players will automatically lose when time's up. (requested by PoisedS1)\n|\n|t:|1732995940\n|switch|p2a: Passimian|Passimian, L83, F|302/302\n|turn|10\n|\n|t:|1732995950\n|move|p2a: Passimian|Knock Off|p1a: Poliwrath\n|-damage|p1a: Poliwrath|0 fnt\n|-enditem|p1a: Poliwrath|Leftovers|[from] move: Knock Off|[of] p2a: Passimian\n|faint|p1a: Poliwrath\n|\n|upkeep\n|\n|t:|1732995962\n|switch|p1a: Zekrom|Zekrom, L71|259/259\n|-ability|p1a: Zekrom|Teravolt\n|turn|11\n|\n|t:|1732995968\n|move|p2a: Passimian|Knock Off|p1a: Zekrom\n|-damage|p1a: Zekrom|180/259\n|-enditem|p1a: Zekrom|Leftovers|[from] move: Knock Off|[of] p2a: Passimian\n|move|p1a: Zekrom|Dragon Dance|p1a: Zekrom\n|-boost|p1a: Zekrom|atk|1\n|-boost|p1a: Zekrom|spe|1\n|\n|upkeep\n|turn|12\n|\n|t:|1732995976\n|move|p2a: Passimian|Knock Off|p1a: Zekrom\n|-damage|p1a: Zekrom|133/259\n|move|p1a: Zekrom|Outrage|p2a: Passimian\n|-damage|p2a: Passimian|109/302\n|\n|upkeep\n|turn|13\n|\n|t:|1732995981\n|move|p2a: Passimian|Knock Off|p1a: Zekrom\n|-damage|p1a: Zekrom|82/259\n|move|p1a: Zekrom|Outrage|p2a: Passimian|[from]lockedmove\n|-damage|p2a: Passimian|0 fnt\n|faint|p2a: Passimian\n|-start|p1a: Zekrom|confusion|[fatigue]\n|\n|upkeep\n|\n|t:|1732995991\n|switch|p2a: Keldeo|Keldeo-Resolute, L79|273/273\n|turn|14\n|\n|t:|1732995996\n|-activate|p1a: Zekrom|confusion\n|move|p1a: Zekrom|Bolt Strike|p2a: Keldeo\n|-supereffective|p2a: Keldeo\n|-damage|p2a: Keldeo|0 fnt\n|faint|p2a: Keldeo\n|\n|upkeep\n|\n|t:|1732996000\n|switch|p2a: Vivillon|Vivillon-Marine, L84, F|272/272\n|turn|15\n|\n|t:|1732996006\n|-activate|p1a: Zekrom|confusion\n|move|p1a: Zekrom|Bolt Strike|p2a: Vivillon\n|-supereffective|p2a: Vivillon\n|-damage|p2a: Vivillon|0 fnt\n|faint|p2a: Vivillon\n|\n|upkeep\n|\n|t:|1732996011\n|switch|p2a: Iron Treads|Iron Treads, L77|265/265\n|turn|16\n|\n|t:|1732996018\n|-activate|p1a: Zekrom|confusion\n|move|p1a: Zekrom|Outrage|p2a: Iron Treads\n|-resisted|p2a: Iron Treads\n|-damage|p2a: Iron Treads|181/265\n|move|p2a: Iron Treads|Iron Head|p1a: Zekrom\n|-resisted|p1a: Zekrom\n|-damage|p1a: Zekrom|45/259\n|\n|upkeep\n|turn|17\n|\n|t:|1732996028\n|-activate|p1a: Zekrom|confusion\n|move|p1a: Zekrom|Outrage|p2a: Iron Treads|[from]lockedmove\n|-resisted|p2a: Iron Treads\n|-damage|p2a: Iron Treads|91/265\n|move|p2a: Iron Treads|Iron Head|p1a: Zekrom\n|-resisted|p1a: Zekrom\n|-damage|p1a: Zekrom|11/259\n|\n|upkeep\n|turn|18\n|\n|t:|1732996033\n|-end|p1a: Zekrom|confusion\n|move|p1a: Zekrom|Outrage|p2a: Iron Treads|[from]lockedmove\n|-resisted|p2a: Iron Treads\n|-damage|p2a: Iron Treads|7/265\n|-start|p1a: Zekrom|confusion|[fatigue]\n|move|p2a: Iron Treads|Iron Head|p1a: Zekrom\n|-resisted|p1a: Zekrom\n|-damage|p1a: Zekrom|0 fnt\n|faint|p1a: Zekrom\n|\n|upkeep\n|-message|fastattorney394 forfeited.\n|\n|win|PoisedS1\n|raw|PoisedS1's rating: 1238 &rarr; <strong>1259</strong><br />(+21 for winning)\n|raw|fastattorney394's rating: 1186 &rarr; <strong>1165</strong><br />(-21 for losing)\n|l|\u2606fastattorney394\n|player|p2|\n", "inputlog": ">version b107d77f5c90bd6555267ae244a6264823309ead\n>start {\"formatid\":\"gen9randombattle\",\"seed\":[4661,35654,4167,49745],\"rated\":\"Rated battle\"}\n>player p1 {\"name\":\"PoisedS1\",\"avatar\":\"170\",\"rating\":1238,\"seed\":[12524,44698,26235,49830]}\n>player p2 {\"name\":\"fastattorney394\",\"avatar\":\"170\",\"rating\":1186,\"seed\":[61841,37064,29158,288]}\n>p1 move nastyplot\n>p2 move toxic\n>p1 move nastyplot\n>p2 move thunderbolt\n>p1 move hypervoice\n>p2 move thunderbolt\n>p1 switch 4\n>p1 move knockoff\n>p2 move thunderbolt\n>p2 switch 3\n>p1 switch 3\n>p2 move esperwing\n>p1 move knockoff\n>p2 move hurricane\n>p1 move knockoff\n>p2 move hurricane\n>p1 switch 3\n>p1 move knockoff\n>p2 move esperwing\n>p1 move knockoff terastallize\n>p2 move esperwing\n>p2 switch 2\n>p1 move liquidation\n>p2 move knockoff\n>p1 switch 2\n>p1 move dragondance\n>p2 move knockoff\n>p1 move outrage\n>p2 move knockoff\n>p1 move outrage\n>p2 move knockoff\n>p2 switch 4\n>p1 move boltstrike\n>p2 move secretsword\n>p2 switch 5\n>p1 move boltstrike\n>p2 move sleeppowder\n>p2 switch 6\n>p1 move outrage\n>p2 move ironhead\n>p1 move outrage\n>p2 move ironhead\n>p1 move outrage\n>p2 move ironhead\n>forcelose p2", "uploadtime": 1732996047, "views": 2, "formatid": "gen9randombattle", "rating": 1165, "private": 0, "password": null}