{"id": "gen9randombattle-2254054611", "format": "[Gen 9] Random Battle", "players": ["Picchiamper", "emilyxz"], "log": "|j|\u2606Picchiamper\n|j|\u2606emilyxz\n|t:|1732985543\n|gametype|singles\n|player|p1|Picchiamper|silver|1479\n|player|p2|emilyxz|266|1433\n|teamsize|p1|6\n|teamsize|p2|6\n|gen|9\n|tier|[Gen 9] Random Battle\n|rated|\n|rule|Species Clause: Limit one of each Pok\u00e9mon\n|rule|HP Percentage Mod: HP is shown in percentages\n|rule|Sleep Clause Mod: Limit one foe put to sleep\n|rule|Illusion Level Mod: Illusion disguises the Pok\u00e9mon's true level\n|\n|t:|1732985543\n|start\n|switch|p1a: Dondozo|Dondozo, L78, F|362/362\n|switch|p2a: Sceptile|Sceptile, L87, F|264/264\n|turn|1\n|inactive|Battle timer is ON: inactive players will automatically lose when time's up. (requested by Picchiamper)\n|\n|t:|1732985553\n|switch|p1a: Toxicroak|Toxicroak, L84, F|277/277\n|move|p2a: Sceptile|Leech Seed|p1a: Toxicroak\n|-start|p1a: Toxicroak|move: Leech Seed\n|\n|-damage|p1a: Toxicroak|243/277|[from] Leech Seed|[of] p2a: Sceptile\n|upkeep\n|turn|2\n|\n|t:|1732985564\n|switch|p2a: Wyrdeer|Wyrdeer, L87, M|321/321\n|-ability|p2a: Wyrdeer|Intimidate|boost\n|-unboost|p1a: Toxicroak|atk|1\n|move|p1a: Toxicroak|Gunk Shot|p2a: Wyrdeer\n|-damage|p2a: Wyrdeer|177/321\n|-status|p2a: Wyrdeer|psn\n|-damage|p1a: Toxicroak|216/277|[from] item: Life Orb\n|\n|-heal|p2a: Wyrdeer|197/321 psn|[from] item: Leftovers\n|-damage|p1a: Toxicroak|182/277|[from] Leech Seed|[of] p2a: Wyrdeer\n|-heal|p2a: Wyrdeer|231/321 psn|[silent]\n|-damage|p2a: Wyrdeer|191/321 psn|[from] psn\n|upkeep\n|turn|3\n|\n|t:|1732985568\n|switch|p1a: Dondozo|Dondozo, L78, F|362/362\n|move|p2a: Wyrdeer|Psychic Noise|p1a: Dondozo\n|-damage|p1a: Dondozo|236/362\n|-start|p1a: Dondozo|move: Heal Block\n|\n|-heal|p2a: Wyrdeer|211/321 psn|[from] item: Leftovers\n|-damage|p2a: Wyrdeer|171/321 psn|[from] psn\n|upkeep\n|turn|4\n|\n|t:|1732985575\n|move|p2a: Wyrdeer|Body Slam|p1a: Dondozo\n|-damage|p1a: Dondozo|154/362\n|-status|p1a: Dondozo|par\n|cant|p1a: Dondozo|par\n|\n|-heal|p2a: Wyrdeer|191/321 psn|[from] item: Leftovers\n|-damage|p2a: Wyrdeer|151/321 psn|[from] psn\n|-end|p1a: Dondozo|move: Heal Block\n|upkeep\n|turn|5\n|\n|t:|1732985582\n|move|p2a: Wyrdeer|Body Slam|p1a: Dondozo\n|-damage|p1a: Dondozo|60/362 par\n|move|p1a: Dondozo|Curse|p1a: Dondozo\n|-unboost|p1a: Dondozo|spe|1\n|-boost|p1a: Dondozo|atk|1\n|-boost|p1a: Dondozo|def|1\n|\n|-heal|p2a: Wyrdeer|171/321 psn|[from] item: Leftovers\n|-heal|p1a: Dondozo|82/362 par|[from] item: Leftovers\n|-damage|p2a: Wyrdeer|131/321 psn|[from] psn\n|upkeep\n|turn|6\n|\n|t:|1732985584\n|move|p2a: Wyrdeer|Body Slam|p1a: Dondozo\n|-damage|p1a: Dondozo|24/362 par\n|move|p1a: Dondozo|Rest|p1a: Dondozo\n|-status|p1a: Dondozo|slp|[from] move: Rest\n|-heal|p1a: Dondozo|362/362 slp|[silent]\n|\n|-heal|p2a: Wyrdeer|151/321 psn|[from] item: Leftovers\n|-damage|p2a: Wyrdeer|111/321 psn|[from] psn\n|upkeep\n|turn|7\n|\n|t:|1732985596\n|switch|p2a: Plusle|Plusle, L95, M|268/268\n|cant|p1a: Dondozo|slp\n|move|p1a: Dondozo|Sleep Talk|p1a: Dondozo\n|move|p1a: Dondozo|Curse|p1a: Dondozo|[from]move: Sleep Talk\n|-unboost|p1a: Dondozo|spe|1\n|-boost|p1a: Dondozo|atk|1\n|-boost|p1a: Dondozo|def|1\n|\n|upkeep\n|turn|8\n|\n|t:|1732985605\n|move|p2a: Plusle|Thunderbolt|p1a: Dondozo\n|-supereffective|p1a: Dondozo\n|-damage|p1a: Dondozo|0 fnt\n|faint|p1a: Dondozo\n|-damage|p2a: Plusle|242/268|[from] item: Life Orb\n|\n|upkeep\n|\n|t:|1732985614\n|switch|p1a: Arceus|Arceus-Rock, L74|300/300\n|turn|9\n|\n|t:|1732985617\n|switch|p2a: Sceptile|Sceptile, L87, F|264/264\n|-terastallize|p1a: Arceus|Ground\n|move|p1a: Arceus|Dragon Dance|p1a: Arceus\n|-boost|p1a: Arceus|atk|1\n|-boost|p1a: Arceus|spe|1\n|\n|upkeep\n|turn|10\n|\n|t:|1732985621\n|move|p1a: Arceus|Stone Edge|p2a: Sceptile\n|-damage|p2a: Sceptile|51/264\n|move|p2a: Sceptile|Giga Drain|p1a: Arceus\n|-supereffective|p1a: Arceus\n|-damage|p1a: Arceus|48/300\n|-heal|p2a: Sceptile|177/264|[from] drain|[of] p1a: Arceus\n|\n|-heal|p2a: Sceptile|193/264|[from] item: Leftovers\n|upkeep\n|turn|11\n|\n|t:|1732985625\n|move|p1a: Arceus|Stone Edge|p2a: Sceptile\n|-damage|p2a: Sceptile|0 fnt\n|faint|p2a: Sceptile\n|\n|upkeep\n|\n|t:|1732985631\n|switch|p2a: Revavroom|Revavroom, L79, M|256/256\n|turn|12\n|\n|t:|1732985640\n|move|p1a: Arceus|Earthquake|p2a: Revavroom\n|-supereffective|p2a: Revavroom\n|-damage|p2a: Revavroom|0 fnt\n|faint|p2a: Revavroom\n|\n|upkeep\n|\n|t:|1732985647\n|switch|p2a: Swanna|Swanna, L88, M|275/275\n|turn|13\n|\n|t:|1732985650\n|-terastallize|p2a: Swanna|Ground\n|move|p1a: Arceus|Stone Edge|p2a: Swanna\n|-resisted|p2a: Swanna\n|-damage|p2a: Swanna|176/275\n|move|p2a: Swanna|Brave Bird|p1a: Arceus\n|-damage|p1a: Arceus|0 fnt\n|faint|p1a: Arceus\n|-damage|p2a: Swanna|160/275|[from] Recoil\n|\n|upkeep\n|\n|t:|1732985656\n|switch|p1a: Ludicolo|Ludicolo, L90, F|290/290\n|turn|14\n|\n|t:|1732985669\n|move|p2a: Swanna|Brave Bird|p1a: Ludicolo\n|-supereffective|p1a: Ludicolo\n|-damage|p1a: Ludicolo|24/290\n|-damage|p2a: Swanna|72/275|[from] Recoil\n|move|p1a: Ludicolo|Rain Dance|p1a: Ludicolo\n|-weather|RainDance\n|\n|-weather|RainDance|[upkeep]\n|upkeep\n|turn|15\n|\n|t:|1732985673\n|move|p1a: Ludicolo|Giga Drain|p2a: Swanna\n|-supereffective|p2a: Swanna\n|-damage|p2a: Swanna|0 fnt\n|-heal|p1a: Ludicolo|60/290|[from] drain|[of] p2a: Swanna\n|faint|p2a: Swanna\n|-damage|p1a: Ludicolo|31/290|[from] item: Life Orb\n|\n|-weather|RainDance|[upkeep]\n|upkeep\n|\n|t:|1732985680\n|switch|p2a: Weavile|Weavile, L79, M|239/239\n|turn|16\n|\n|t:|1732985683\n|move|p2a: Weavile|Ice Shard|p1a: Ludicolo\n|-damage|p1a: Ludicolo|0 fnt\n|faint|p1a: Ludicolo\n|\n|-weather|RainDance|[upkeep]\n|upkeep\n|\n|t:|1732985688\n|switch|p1a: Regieleki|Regieleki, L79|256/256\n|turn|17\n|\n|t:|1732985692\n|switch|p2a: Plusle|Plusle, L95, M|242/268\n|move|p1a: Regieleki|Thunderbolt|p2a: Plusle\n|-ability|p2a: Plusle|Lightning Rod|boost\n|-boost|p2a: Plusle|spa|1\n|\n|-weather|RainDance|[upkeep]\n|upkeep\n|turn|18\n|\n|t:|1732985702\n|move|p1a: Regieleki|Rapid Spin|p2a: Plusle\n|-damage|p2a: Plusle|197/268\n|-boost|p1a: Regieleki|spe|1\n|move|p2a: Plusle|Alluring Voice|p1a: Regieleki\n|-crit|p1a: Regieleki\n|-damage|p1a: Regieleki|0 fnt\n|faint|p1a: Regieleki\n|-damage|p2a: Plusle|171/268|[from] item: Life Orb\n|\n|-weather|none\n|upkeep\n|\n|t:|1732985705\n|switch|p1a: Crabominable|Crabominable, L90, M|321/321\n|turn|19\n|\n|t:|1732985718\n|move|p2a: Plusle|Alluring Voice|p1a: Crabominable\n|-supereffective|p1a: Crabominable\n|-damage|p1a: Crabominable|30/321\n|-damage|p2a: Plusle|145/268|[from] item: Life Orb\n|move|p1a: Crabominable|Earthquake|p2a: Plusle\n|-supereffective|p2a: Plusle\n|-damage|p2a: Plusle|0 fnt\n|faint|p2a: Plusle\n|\n|upkeep\n|\n|t:|1732985721\n|switch|p2a: Weavile|Weavile, L79, M|239/239\n|turn|20\n|\n|t:|1732985734\n|move|p2a: Weavile|Knock Off|p1a: Crabominable\n|-resisted|p1a: Crabominable\n|-damage|p1a: Crabominable|0 fnt\n|-enditem|p1a: Crabominable|Choice Band|[from] move: Knock Off|[of] p2a: Weavile\n|faint|p1a: Crabominable\n|\n|upkeep\n|\n|t:|1732985735\n|switch|p1a: Toxicroak|Toxicroak, L84, F|182/277\n|turn|21\n|\n|t:|1732985740\n|move|p2a: Weavile|Knock Off|p1a: Toxicroak\n|-resisted|p1a: Toxicroak\n|-damage|p1a: Toxicroak|88/277\n|-enditem|p1a: Toxicroak|Life Orb|[from] move: Knock Off|[of] p2a: Weavile\n|move|p1a: Toxicroak|Close Combat|p2a: Weavile\n|-supereffective|p2a: Weavile\n|-damage|p2a: Weavile|0 fnt\n|-unboost|p1a: Toxicroak|def|1\n|-unboost|p1a: Toxicroak|spd|1\n|faint|p2a: Weavile\n|\n|upkeep\n|\n|t:|1732985742\n|switch|p2a: Wyrdeer|Wyrdeer, L87, M|111/321 psn\n|-ability|p2a: Wyrdeer|Intimidate|boost\n|-unboost|p1a: Toxicroak|atk|1\n|turn|22\n|\n|t:|1732985746\n|move|p1a: Toxicroak|Knock Off|p2a: Wyrdeer\n|-supereffective|p2a: Wyrdeer\n|-damage|p2a: Wyrdeer|0 fnt\n|-enditem|p2a: Wyrdeer|Leftovers|[from] move: Knock Off|[of] p1a: Toxicroak\n|faint|p2a: Wyrdeer\n|\n|win|Picchiamper\n|raw|Picchiamper's rating: 1479 &rarr; <strong>1496</strong><br />(+17 for winning)\n|raw|emilyxz's rating: 1433 &rarr; <strong>1416</strong><br />(-17 for losing)\n", "inputlog": ">version b107d77f5c90bd6555267ae244a6264823309ead\n>start {\"formatid\":\"gen9randombattle\",\"seed\":[9668,42490,40336,18706],\"rated\":\"Rated battle\"}\n>player p1 {\"name\":\"Picchiamper\",\"avatar\":\"silver\",\"rating\":1479,\"seed\":[10333,34230,19237,48660]}\n>player p2 {\"name\":\"emilyxz\",\"avatar\":\"266\",\"rating\":1433,\"seed\":[51557,12511,53060,2235]}\n>p1 switch 6\n>p2 move leechseed\n>p1 move gunkshot\n>p2 switch 3\n>p1 switch 6\n>p2 move psychicnoise\n>p1 move curse\n>p2 move bodyslam\n>p1 move curse\n>p2 move bodyslam\n>p1 move rest\n>p2 move bodyslam\n>p1 move sleeptalk\n>p2 switch 6\n>p1 move sleeptalk\n>p2 move thunderbolt\n>p1 switch 3\n>p1 move dragondance terastallize\n>p2 switch 3\n>p1 move stoneedge\n>p2 move gigadrain\n>p1 move stoneedge\n>p2 move gigadrain\n>p2 switch 2\n>p1 move earthquake\n>p2 move shiftgear\n>p2 switch 4\n>p1 move stoneedge\n>p2 move bravebird terastallize\n>p1 switch 4\n>p1 move raindance\n>p2 move bravebird\n>p1 move gigadrain\n>p2 move bravebird\n>p2 switch 5\n>p1 move hydropump\n>p2 move iceshard\n>p1 switch 5\n>p1 move thunderbolt\n>p2 switch 3\n>p1 move rapidspin\n>p2 move alluringvoice\n>p1 switch 2\n>p1 move earthquake\n>p2 move alluringvoice\n>p2 switch 3\n>p1 move earthquake\n>p2 move knockoff\n>p1 switch 6\n>p1 move closecombat\n>p2 move knockoff\n>p2 switch 6\n>p1 move knockoff\n>p2 move psychicnoise", "uploadtime": 1732985747, "views": 2, "formatid": "gen9randombattle", "rating": 1416, "private": 0, "password": null}