{"id": "gen9randombattle-2253840462", "format": "[Gen 9] Random Battle", "players": ["bagelsigmafr", "Teenywolf12"], "log": "|j|\u2606bagelsigmafr\n|j|\u2606Teenywolf12\n|t:|1732946787\n|gametype|singles\n|player|p1|bagelsigmafr|101|\n|player|p2|Teenywolf12|lucas|\n|teamsize|p1|6\n|teamsize|p2|6\n|gen|9\n|tier|[Gen 9] Random Battle\n|rule|Species Clause: Limit one of each Pok\u00e9mon\n|rule|HP Percentage Mod: HP is shown in percentages\n|rule|Sleep Clause Mod: Limit one foe put to sleep\n|rule|Illusion Level Mod: Illusion disguises the Pok\u00e9mon's true level\n|\n|t:|1732946787\n|start\n|switch|p1a: Pachirisu|Pachirisu, L96, M|271/271\n|switch|p2a: Toucannon|Toucannon, L88, F|284/284\n|turn|1\n|\n|t:|1732946799\n|-singleturn|p2a: Toucannon|move: Beak Blast\n|move|p1a: Pachirisu|Super Fang|p2a: Toucannon\n|-damage|p2a: Toucannon|142/284\n|-status|p1a: Pachirisu|brn\n|move|p2a: Toucannon|Beak Blast|p1a: Pachirisu\n|-resisted|p1a: Pachirisu\n|-damage|p1a: Pachirisu|202/271 brn\n|\n|-damage|p1a: Pachirisu|186/271 brn|[from] brn\n|upkeep\n|turn|2\n|\n|t:|1732946813\n|move|p1a: Pachirisu|Thunderbolt|p2a: Toucannon\n|-supereffective|p2a: Toucannon\n|-damage|p2a: Toucannon|0 fnt\n|faint|p2a: Toucannon\n|\n|-damage|p1a: Pachirisu|170/271 brn|[from] brn\n|upkeep\n|\n|t:|1732946820\n|switch|p2a: Hippowdon|Hippowdon, L82, M|311/311\n|-weather|Sandstorm|[from] ability: Sand Stream|[of] p2a: Hippowdon\n|turn|3\n|\n|t:|1732946824\n|move|p1a: Pachirisu|U-turn|p2a: Hippowdon\n|-damage|p2a: Hippowdon|295/311\n|\n|t:|1732946827\n|switch|p1a: Lilligant|Lilligant, L86, F|261/261|[from] U-turn\n|move|p2a: Hippowdon|Earthquake|p1a: Lilligant\n|-resisted|p1a: Lilligant\n|-damage|p1a: Lilligant|202/261\n|\n|-weather|Sandstorm|[upkeep]\n|-damage|p1a: Lilligant|186/261|[from] Sandstorm\n|-heal|p2a: Hippowdon|311/311|[from] item: Leftovers\n|upkeep\n|turn|4\n|\n|t:|1732946848\n|switch|p2a: Cloyster|Cloyster, L80, M|211/211\n|move|p1a: Lilligant|Quiver Dance|p1a: Lilligant\n|-boost|p1a: Lilligant|spa|1\n|-boost|p1a: Lilligant|spd|1\n|-boost|p1a: Lilligant|spe|1\n|\n|-weather|Sandstorm|[upkeep]\n|-damage|p1a: Lilligant|170/261|[from] Sandstorm\n|-damage|p2a: Cloyster|198/211|[from] Sandstorm\n|upkeep\n|turn|5\n|\n|t:|1732946854\n|move|p1a: Lilligant|Sleep Powder|p2a: Cloyster\n|-status|p2a: Cloyster|slp|[from] move: Sleep Powder\n|cant|p2a: Cloyster|slp\n|\n|-weather|Sandstorm|[upkeep]\n|-damage|p1a: Lilligant|154/261|[from] Sandstorm\n|-damage|p2a: Cloyster|185/211 slp|[from] Sandstorm\n|upkeep\n|turn|6\n|\n|t:|1732946856\n|move|p1a: Lilligant|Petal Dance|p2a: Cloyster\n|-supereffective|p2a: Cloyster\n|-crit|p2a: Cloyster\n|-damage|p2a: Cloyster|0 fnt\n|faint|p2a: Cloyster\n|-damage|p1a: Lilligant|128/261|[from] item: Life Orb\n|\n|-weather|Sandstorm|[upkeep]\n|-damage|p1a: Lilligant|112/261|[from] Sandstorm\n|upkeep\n|\n|t:|1732946860\n|switch|p2a: Sandslash|Sandslash-Alola, L88, M|275/275\n|turn|7\n|\n|t:|1732946867\n|move|p1a: Lilligant|Petal Dance|p2a: Sandslash|[from]lockedmove\n|-resisted|p2a: Sandslash\n|-damage|p2a: Sandslash|166/275\n|-damage|p1a: Lilligant|86/261|[from] item: Life Orb\n|move|p2a: Sandslash|Triple Axel|p1a: Lilligant\n|-supereffective|p1a: Lilligant\n|-damage|p1a: Lilligant|36/261\n|-supereffective|p1a: Lilligant\n|-damage|p1a: Lilligant|0 fnt\n|faint|p1a: Lilligant\n|-hitcount|p1: Lilligant|2\n|\n|-weather|none\n|upkeep\n|\n|t:|1732946871\n|switch|p1a: Pachirisu|Pachirisu, L96, M|170/271 brn\n|turn|8\n|\n|t:|1732946882\n|move|p1a: Pachirisu|Super Fang|p2a: Sandslash|[miss]\n|-miss|p1a: Pachirisu|p2a: Sandslash\n|move|p2a: Sandslash|Iron Head|p1a: Pachirisu\n|-resisted|p1a: Pachirisu\n|-damage|p1a: Pachirisu|119/271 brn\n|\n|-damage|p1a: Pachirisu|103/271 brn|[from] brn\n|upkeep\n|turn|9\n|\n|t:|1732946886\n|move|p1a: Pachirisu|Super Fang|p2a: Sandslash\n|-damage|p2a: Sandslash|83/275\n|move|p2a: Sandslash|Rapid Spin|p1a: Pachirisu\n|-damage|p1a: Pachirisu|63/271 brn\n|-boost|p2a: Sandslash|spe|1\n|\n|-damage|p1a: Pachirisu|47/271 brn|[from] brn\n|upkeep\n|turn|10\n|\n|t:|1732946890\n|move|p2a: Sandslash|Rapid Spin|p1a: Pachirisu\n|-damage|p1a: Pachirisu|5/271 brn\n|-boost|p2a: Sandslash|spe|1\n|move|p1a: Pachirisu|U-turn|p2a: Sandslash\n|-resisted|p2a: Sandslash\n|-damage|p2a: Sandslash|76/275\n|\n|t:|1732946896\n|switch|p1a: Mandibuzz|Mandibuzz, L85, F|326/326|[from] U-turn\n|\n|upkeep\n|turn|11\n|\n|t:|1732946911\n|move|p2a: Sandslash|Iron Head|p1a: Mandibuzz\n|-damage|p1a: Mandibuzz|248/326\n|move|p1a: Mandibuzz|Knock Off|p2a: Sandslash\n|-damage|p2a: Sandslash|13/275\n|-enditem|p2a: Sandslash|Assault Vest|[from] move: Knock Off|[of] p1a: Mandibuzz\n|\n|upkeep\n|turn|12\n|\n|t:|1732946915\n|move|p2a: Sandslash|Rapid Spin|p1a: Mandibuzz\n|-damage|p1a: Mandibuzz|212/326\n|-boost|p2a: Sandslash|spe|1\n|move|p1a: Mandibuzz|Knock Off|p2a: Sandslash\n|-damage|p2a: Sandslash|0 fnt\n|faint|p2a: Sandslash\n|\n|upkeep\n|\n|t:|1732946922\n|switch|p2a: Jumpluff|Jumpluff, L87, F|271/271\n|turn|13\n|\n|t:|1732946929\n|move|p2a: Jumpluff|Acrobatics|p1a: Mandibuzz\n|-damage|p1a: Mandibuzz|139/326\n|move|p1a: Mandibuzz|Brave Bird|p2a: Jumpluff\n|-supereffective|p2a: Jumpluff\n|-damage|p2a: Jumpluff|31/271\n|-damage|p1a: Mandibuzz|60/326|[from] Recoil\n|\n|upkeep\n|turn|14\n|\n|t:|1732946937\n|move|p2a: Jumpluff|Acrobatics|p1a: Mandibuzz\n|-damage|p1a: Mandibuzz|0 fnt\n|faint|p1a: Mandibuzz\n|\n|upkeep\n|\n|t:|1732946942\n|switch|p1a: Pachirisu|Pachirisu, L96, M|5/271 brn\n|turn|15\n|\n|t:|1732946946\n|move|p2a: Jumpluff|Acrobatics|p1a: Pachirisu\n|-resisted|p1a: Pachirisu\n|-damage|p1a: Pachirisu|0 fnt\n|faint|p1a: Pachirisu\n|\n|upkeep\n|\n|t:|1732946957\n|switch|p1a: Eiscue|Eiscue, L88, M|272/272\n|turn|16\n|\n|t:|1732946962\n|move|p2a: Jumpluff|Strength Sap|p1a: Eiscue\n|-unboost|p1a: Eiscue|atk|1\n|-heal|p2a: Jumpluff|222/271\n|move|p1a: Eiscue|Ice Spinner|p2a: Jumpluff\n|-supereffective|p2a: Jumpluff\n|-damage|p2a: Jumpluff|0 fnt\n|faint|p2a: Jumpluff\n|\n|upkeep\n|\n|t:|1732946969\n|switch|p2a: Hippowdon|Hippowdon, L82, M|311/311\n|-weather|Sandstorm|[from] ability: Sand Stream|[of] p2a: Hippowdon\n|turn|17\n|\n|t:|1732946973\n|-terastallize|p1a: Eiscue|Water\n|move|p1a: Eiscue|Liquidation|p2a: Hippowdon\n|-supereffective|p2a: Hippowdon\n|-damage|p2a: Hippowdon|219/311\n|-unboost|p2a: Hippowdon|def|1\n|move|p2a: Hippowdon|Whirlwind|p1a: Eiscue\n|drag|p1a: Gengar|Gengar, L81, M|230/230\n|\n|-weather|Sandstorm|[upkeep]\n|-damage|p1a: Gengar|216/230|[from] Sandstorm\n|-heal|p2a: Hippowdon|238/311|[from] item: Leftovers\n|upkeep\n|turn|18\n|\n|t:|1732946991\n|switch|p1a: Eiscue|Eiscue, L88, M, tera:Water|272/272\n|move|p2a: Hippowdon|Stone Edge|p1a: Eiscue\n|-activate|p1a: Eiscue|ability: Ice Face\n|-damage|p1a: Eiscue|272/272\n|detailschange|p1a: Eiscue|Eiscue-Noice, L88, M, tera:Water\n|\n|-weather|Sandstorm|[upkeep]\n|-damage|p1a: Eiscue|255/272|[from] Sandstorm\n|-heal|p2a: Hippowdon|257/311|[from] item: Leftovers\n|upkeep\n|turn|19\n|\n|t:|1732947002\n|switch|p2a: Polteageist|Polteageist-Antique, L79|224/224\n|move|p1a: Eiscue|Belly Drum|p1a: Eiscue\n|-damage|p1a: Eiscue|119/272\n|-setboost|p1a: Eiscue|atk|6|[from] move: Belly Drum\n|\n|-weather|Sandstorm|[upkeep]\n|-damage|p1a: Eiscue|102/272|[from] Sandstorm\n|-damage|p2a: Polteageist|210/224|[from] Sandstorm\n|upkeep\n|turn|20\n|\n|t:|1732947011\n|move|p1a: Eiscue|Liquidation|p2a: Polteageist\n|-damage|p2a: Polteageist|0 fnt\n|-start|p1a: Eiscue|Disable|Liquidation|[from] ability: Cursed Body|[of] p2a: Polteageist\n|faint|p2a: Polteageist\n|\n|-weather|Sandstorm|[upkeep]\n|-damage|p1a: Eiscue|85/272|[from] Sandstorm\n|upkeep\n|\n|t:|1732947014\n|switch|p2a: Hippowdon|Hippowdon, L82, M|257/311\n|turn|21\n|\n|t:|1732947018\n|-terastallize|p2a: Hippowdon|Rock\n|move|p1a: Eiscue|Ice Spinner|p2a: Hippowdon\n|-damage|p2a: Hippowdon|0 fnt\n|faint|p2a: Hippowdon\n|\n|win|bagelsigmafr\n|l|\u2606Teenywolf12\n|player|p2|\n", "inputlog": ">version b107d77f5c90bd6555267ae244a6264823309ead\n>start {\"formatid\":\"gen9randombattle\",\"seed\":[20480,2895,12287,35146]}\n>player p1 {\"name\":\"bagelsigmafr\",\"avatar\":\"101\",\"rating\":0,\"seed\":[44035,41131,20967,46438]}\n>player p2 {\"name\":\"Teenywolf12\",\"avatar\":\"lucas\",\"rating\":0,\"seed\":[34000,48886,13285,1913]}\n>p1 move superfang\n>p2 move beakblast\n>p1 move thunderbolt\n>p2 move boomburst\n>p2 switch 3\n>p1 move uturn\n>p2 move earthquake\n>p1 switch 6\n>p1 move quiverdance\n>p2 switch 2\n>p1 move sleeppowder\n>p2 move iciclespear\n>p1 move petaldance\n>p2 move iciclespear\n>p2 switch 6\n>p1 move petaldance\n>p2 move tripleaxel\n>p1 switch 6\n>p1 move superfang\n>p2 move ironhead\n>p1 move superfang\n>p2 move rapidspin\n>p1 move uturn\n>p2 move rapidspin\n>p1 switch 5\n>p1 move knockoff\n>p2 move ironhead\n>p1 move knockoff\n>p2 move rapidspin\n>p2 switch 4\n>p1 move bravebird\n>p2 move acrobatics\n>p1 move bravebird\n>p2 move acrobatics\n>p1 switch 5\n>p1 move uturn\n>p2 move acrobatics\n>p1 switch 3\n>p1 move icespinner\n>p2 move strengthsap\n>p2 switch 2\n>p1 move liquidation terastallize\n>p2 move whirlwind\n>p1 switch 4\n>p2 move stoneedge\n>p1 move bellydrum\n>p2 switch 5\n>p1 move liquidation\n>p2 move storedpower\n>p2 switch 5\n>p1 move icespinner\n>p2 move stoneedge terastallize", "uploadtime": 1732947048, "views": 1, "formatid": "gen9randombattle", "rating": null, "private": 0, "password": null}