{"id": "gen9randombattle-2253989871", "format": "[Gen 9] Random Battle", "players": ["sydy\u971c\u964d", "Inazuma-Fulgur"], "log": "|j|\u2606sydy\u971c\u964d\n|j|\u2606Inazuma-Fulgur\n|t:|1732976566\n|gametype|singles\n|player|p1|sydy\u971c\u964d|170|2076\n|player|p2|Inazuma-Fulgur|marley|2084\n|teamsize|p1|6\n|teamsize|p2|6\n|gen|9\n|tier|[Gen 9] Random Battle\n|rated|\n|rule|Species Clause: Limit one of each Pok\u00e9mon\n|rule|HP Percentage Mod: HP is shown in percentages\n|rule|Sleep Clause Mod: Limit one foe put to sleep\n|rule|Illusion Level Mod: Illusion disguises the Pok\u00e9mon's true level\n|\n|t:|1732976566\n|start\n|switch|p1a: Thundurus|Thundurus-Therian, L80, M|258/258\n|switch|p2a: Excadrill|Excadrill, L80, F|307/307\n|-ability|p2a: Excadrill|Mold Breaker\n|turn|1\n|inactive|Battle timer is ON: inactive players will automatically lose when time's up. (requested by Inazuma-Fulgur)\n|inactive|Inazuma-Fulgur has 120 seconds left.\n|\n|t:|1732976613\n|switch|p1a: Gurdurr|Gurdurr, L85, M|283/283\n|move|p2a: Excadrill|Rapid Spin|p1a: Gurdurr\n|-crit|p1a: Gurdurr\n|-damage|p1a: Gurdurr|238/283\n|-boost|p2a: Excadrill|spe|1\n|\n|upkeep\n|turn|2\n|\n|t:|1732976624\n|switch|p2a: Tornadus|Tornadus-Therian, L79, M|254/254\n|move|p1a: Gurdurr|Knock Off|p2a: Tornadus\n|-damage|p2a: Tornadus|161/254\n|-enditem|p2a: Tornadus|Assault Vest|[from] move: Knock Off|[of] p1a: Gurdurr\n|\n|upkeep\n|turn|3\n|\n|t:|1732976643\n|switch|p1a: Pachirisu|Pachirisu, L96, F|271/271\n|move|p2a: Tornadus|Knock Off|p1a: Pachirisu\n|-damage|p1a: Pachirisu|209/271\n|-enditem|p1a: Pachirisu|Heavy-Duty Boots|[from] move: Knock Off|[of] p2a: Tornadus\n|\n|upkeep\n|turn|4\n|\n|t:|1732976650\n|move|p2a: Tornadus|U-turn|p1a: Pachirisu\n|-crit|p1a: Pachirisu\n|-damage|p1a: Pachirisu|144/271\n|\n|t:|1732976663\n|switch|p2a: Skuntank|Skuntank, L84, F|310/310|[from] U-turn\n|move|p1a: Pachirisu|U-turn|p2a: Skuntank\n|-damage|p2a: Skuntank|267/310\n|\n|t:|1732976676\n|switch|p1a: Hitmonlee|Hitmonlee, L85, M|223/223|[from] U-turn\n|\n|-heal|p2a: Skuntank|286/310|[from] item: Leftovers\n|upkeep\n|turn|5\n|\n|t:|1732976684\n|move|p1a: Hitmonlee|High Jump Kick|p2a: Skuntank\n|-damage|p2a: Skuntank|0 fnt\n|-damage|p1a: Hitmonlee|168/223|[from] ability: Aftermath|[of] p2a: Skuntank\n|faint|p2a: Skuntank\n|\n|upkeep\n|\n|t:|1732976698\n|switch|p2a: Tornadus|Tornadus-Therian, L79, M|245/254\n|turn|6\n|\n|t:|1732976701\n|switch|p1a: Pachirisu|Pachirisu, L96, F|144/271\n|move|p2a: Tornadus|U-turn|p1a: Pachirisu\n|-damage|p1a: Pachirisu|97/271\n|\n|t:|1732976705\n|switch|p2a: Excadrill|Excadrill, L80, F|307/307|[from] U-turn\n|-ability|p2a: Excadrill|Mold Breaker\n|\n|upkeep\n|turn|7\n|\n|t:|1732976710\n|move|p1a: Pachirisu|Super Fang|p2a: Excadrill\n|-damage|p2a: Excadrill|154/307\n|move|p2a: Excadrill|Earthquake|p1a: Pachirisu\n|-supereffective|p1a: Pachirisu\n|-damage|p1a: Pachirisu|0 fnt\n|faint|p1a: Pachirisu\n|\n|upkeep\n|\n|t:|1732976720\n|switch|p1a: Hitmonlee|Hitmonlee, L85, M|168/223\n|turn|8\n|\n|t:|1732976729\n|switch|p2a: Chimecho|Chimecho, L94, M|293/293\n|move|p1a: Hitmonlee|High Jump Kick|p2a: Chimecho\n|-resisted|p2a: Chimecho\n|-damage|p2a: Chimecho|146/293\n|\n|-heal|p2a: Chimecho|164/293|[from] item: Leftovers\n|upkeep\n|turn|9\n|\n|t:|1732976736\n|switch|p1a: Sudowoodo|Sudowoodo, L94, M|284/284\n|move|p2a: Chimecho|Recover|p2a: Chimecho\n|-heal|p2a: Chimecho|293/293\n|\n|upkeep\n|turn|10\n|\n|t:|1732976740\n|move|p2a: Chimecho|Cosmic Power|p2a: Chimecho\n|-boost|p2a: Chimecho|def|1\n|-boost|p2a: Chimecho|spd|1\n|move|p1a: Sudowoodo|Head Smash|p2a: Chimecho\n|-damage|p2a: Chimecho|103/293\n|\n|-heal|p2a: Chimecho|121/293|[from] item: Leftovers\n|upkeep\n|turn|11\n|\n|t:|1732976744\n|move|p2a: Chimecho|Recover|p2a: Chimecho\n|-heal|p2a: Chimecho|268/293\n|move|p1a: Sudowoodo|Head Smash|p2a: Chimecho\n|-damage|p2a: Chimecho|82/293\n|\n|-heal|p2a: Chimecho|100/293|[from] item: Leftovers\n|upkeep\n|turn|12\n|\n|t:|1732976747\n|move|p2a: Chimecho|Recover|p2a: Chimecho\n|-heal|p2a: Chimecho|247/293\n|move|p1a: Sudowoodo|Head Smash|p2a: Chimecho\n|-damage|p2a: Chimecho|52/293\n|\n|-heal|p2a: Chimecho|70/293|[from] item: Leftovers\n|upkeep\n|turn|13\n|\n|t:|1732976750\n|move|p2a: Chimecho|Recover|p2a: Chimecho\n|-heal|p2a: Chimecho|217/293\n|move|p1a: Sudowoodo|Head Smash|p2a: Chimecho\n|-damage|p2a: Chimecho|28/293\n|\n|-heal|p2a: Chimecho|46/293|[from] item: Leftovers\n|upkeep\n|turn|14\n|\n|t:|1732976755\n|move|p2a: Chimecho|Recover|p2a: Chimecho\n|-heal|p2a: Chimecho|193/293\n|move|p1a: Sudowoodo|Head Smash|p2a: Chimecho\n|-damage|p2a: Chimecho|9/293\n|\n|-heal|p2a: Chimecho|27/293|[from] item: Leftovers\n|upkeep\n|turn|15\n|\n|t:|1732976770\n|move|p2a: Chimecho|Cosmic Power|p2a: Chimecho\n|-boost|p2a: Chimecho|def|1\n|-boost|p2a: Chimecho|spd|1\n|move|p1a: Sudowoodo|Head Smash|p2a: Chimecho\n|-damage|p2a: Chimecho|0 fnt\n|faint|p2a: Chimecho\n|\n|upkeep\n|\n|t:|1732976776\n|switch|p2a: Excadrill|Excadrill, L80, F|154/307\n|-ability|p2a: Excadrill|Mold Breaker\n|turn|16\n|\n|t:|1732976783\n|switch|p1a: Gurdurr|Gurdurr, L85, M|238/283\n|move|p2a: Excadrill|Rapid Spin|p1a: Gurdurr\n|-damage|p1a: Gurdurr|207/283\n|-boost|p2a: Excadrill|spe|1\n|\n|upkeep\n|turn|17\n|\n|t:|1732976791\n|switch|p2a: Tornadus|Tornadus-Therian, L79, M|254/254\n|move|p1a: Gurdurr|Drain Punch|p2a: Tornadus\n|-resisted|p2a: Tornadus\n|-damage|p2a: Tornadus|200/254\n|-heal|p1a: Gurdurr|234/283|[from] drain|[of] p2a: Tornadus\n|\n|upkeep\n|turn|18\n|\n|t:|1732976796\n|switch|p1a: Thundurus|Thundurus-Therian, L80, M|258/258\n|move|p2a: Tornadus|Knock Off|p1a: Thundurus\n|-crit|p1a: Thundurus\n|-damage|p1a: Thundurus|141/258\n|-enditem|p1a: Thundurus|Choice Specs|[from] move: Knock Off|[of] p2a: Tornadus\n|\n|upkeep\n|turn|19\n|\n|t:|1732976804\n|switch|p1a: Gurdurr|Gurdurr, L85, M|234/283\n|move|p2a: Tornadus|U-turn|p1a: Gurdurr\n|-resisted|p1a: Gurdurr\n|-damage|p1a: Gurdurr|218/283\n|\n|t:|1732976807\n|switch|p2a: Vaporeon|Vaporeon, L86, M|364/364|[from] U-turn\n|\n|upkeep\n|turn|20\n|\n|t:|1732976813\n|move|p2a: Vaporeon|Flip Turn|p1a: Gurdurr\n|-damage|p1a: Gurdurr|185/283\n|\n|t:|1732976816\n|switch|p2a: Tornadus|Tornadus-Therian, L79, M|254/254|[from] Flip Turn\n|move|p1a: Gurdurr|Knock Off|p2a: Tornadus\n|-damage|p2a: Tornadus|198/254\n|\n|upkeep\n|turn|21\n|\n|t:|1732976824\n|switch|p1a: Thundurus|Thundurus-Therian, L80, M|141/258\n|move|p2a: Tornadus|Knock Off|p1a: Thundurus\n|-damage|p1a: Thundurus|86/258\n|\n|upkeep\n|turn|22\n|\n|t:|1732976854\n|move|p2a: Tornadus|U-turn|p1a: Thundurus\n|-resisted|p1a: Thundurus\n|-damage|p1a: Thundurus|58/258\n|\n|t:|1732976856\n|switch|p2a: Excadrill|Excadrill, L80, F|154/307|[from] U-turn\n|-ability|p2a: Excadrill|Mold Breaker\n|move|p1a: Thundurus|Thunderbolt|p2a: Excadrill\n|-immune|p2a: Excadrill\n|\n|upkeep\n|turn|23\n|\n|t:|1732976862\n|switch|p1a: Gurdurr|Gurdurr, L85, M|185/283\n|move|p2a: Excadrill|Rapid Spin|p1a: Gurdurr\n|-damage|p1a: Gurdurr|156/283\n|-boost|p2a: Excadrill|spe|1\n|\n|upkeep\n|turn|24\n|\n|t:|1732976867\n|switch|p2a: Tornadus|Tornadus-Therian, L79, M|254/254\n|switch|p1a: Sudowoodo|Sudowoodo, L94, M|284/284\n|\n|upkeep\n|turn|25\n|\n|t:|1732976877\n|move|p2a: Tornadus|U-turn|p1a: Sudowoodo\n|-damage|p1a: Sudowoodo|254/284\n|\n|t:|1732976879\n|switch|p2a: Garganacl|Garganacl, L80, F|291/291|[from] U-turn\n|move|p1a: Sudowoodo|Head Smash|p2a: Garganacl\n|-damage|p2a: Garganacl|42/291\n|\n|-heal|p2a: Garganacl|60/291|[from] item: Leftovers\n|upkeep\n|turn|26\n|\n|t:|1732976886\n|move|p1a: Sudowoodo|Head Smash|p2a: Garganacl|[miss]\n|-miss|p1a: Sudowoodo|p2a: Garganacl\n|move|p2a: Garganacl|Stealth Rock|p1a: Sudowoodo\n|-sidestart|p1: sydy\u971c\u964d|move: Stealth Rock\n|\n|-heal|p2a: Garganacl|78/291|[from] item: Leftovers\n|upkeep\n|turn|27\n|\n|t:|1732976891\n|switch|p1a: Hitmonlee|Hitmonlee, L85, M|168/223\n|-damage|p1a: Hitmonlee|155/223|[from] Stealth Rock\n|move|p2a: Garganacl|Salt Cure|p1a: Hitmonlee\n|-resisted|p1a: Hitmonlee\n|-damage|p1a: Hitmonlee|125/223\n|-start|p1a: Hitmonlee|Salt Cure\n|\n|-heal|p2a: Garganacl|96/291|[from] item: Leftovers\n|-damage|p1a: Hitmonlee|98/223|[from] Salt Cure\n|upkeep\n|turn|28\n|\n|t:|1732976898\n|-terastallize|p2a: Garganacl|Ghost\n|move|p1a: Hitmonlee|High Jump Kick|p2a: Garganacl\n|-immune|p2a: Garganacl\n|-damage|p1a: Hitmonlee|0 fnt|[from] highjumpkick\n|faint|p1a: Hitmonlee\n|move|p2a: Garganacl|Recover|p2a: Garganacl\n|-heal|p2a: Garganacl|242/291\n|\n|-heal|p2a: Garganacl|260/291|[from] item: Leftovers\n|upkeep\n|\n|t:|1732976912\n|switch|p1a: Sudowoodo|Sudowoodo, L94, M|254/284\n|-damage|p1a: Sudowoodo|219/284|[from] Stealth Rock\n|turn|29\n|-message|sydy\u971c\u964d forfeited.\n|\n|win|Inazuma-Fulgur\n|raw|sydy\u971c\u964d's rating: 2076 &rarr; <strong>2056</strong><br />(-20 for losing)\n|raw|Inazuma-Fulgur's rating: 2084 &rarr; <strong>2104</strong><br />(+20 for winning)\n|l|\u2606sydy\u971c\u964d\n|player|p1|\n|c|\u2606Inazuma-Fulgur|!showteam\n|c| Inazuma-Fulgur|/raw <div class=\"infobox\"><details><summary>View team</summary>Excadrill @ Assault Vest  <br />Ability: Mold Breaker  <br />Level: 80  <br />Tera Type: Water  <br />EVs: 85 HP &#x2f; 85 Atk &#x2f; 85 Def &#x2f; 85 SpA &#x2f; 85 SpD &#x2f; 85 Spe  <br />- Iron Head  <br />- Rapid Spin  <br />- Rock Slide  <br />- Earthquake  <br /><br />Garganacl @ Leftovers  <br />Ability: Purifying Salt  <br />Level: 80  <br />Tera Type: Ghost  <br />EVs: 85 HP &#x2f; 85 Atk &#x2f; 85 Def &#x2f; 85 SpA &#x2f; 85 SpD &#x2f; 85 Spe  <br />- Recover  <br />- Stealth Rock  <br />- Salt Cure  <br />- Body Press  <br /><br />Skuntank @ Leftovers  <br />Ability: Aftermath  <br />Level: 84  <br />Tera Type: Dark  <br />EVs: 85 HP &#x2f; 85 Atk &#x2f; 85 Def &#x2f; 85 SpA &#x2f; 85 SpD &#x2f; 85 Spe  <br />- Taunt  <br />- Toxic Spikes  <br />- Knock Off  <br />- Gunk Shot  <br /><br />Vaporeon @ Leftovers  <br />Ability: Water Absorb  <br />Level: 86  <br />Tera Type: Poison  <br />EVs: 85 HP &#x2f; 85 Atk &#x2f; 85 Def &#x2f; 85 SpA &#x2f; 85 SpD &#x2f; 85 Spe  <br />- Scald  <br />- Protect  <br />- Flip Turn  <br />- Wish  <br /><br />Tornadus (Tornadus-Therian) (M) @ Assault Vest  <br />Ability: Regenerator  <br />Level: 79  <br />Tera Type: Dark  <br />EVs: 85 HP &#x2f; 85 Atk &#x2f; 85 Def &#x2f; 85 SpA &#x2f; 85 SpD &#x2f; 85 Spe  <br />- Bleakwind Storm  <br />- Heat Wave  <br />- U-turn  <br />- Knock Off  <br /><br />Chimecho @ Leftovers  <br />Ability: Levitate  <br />Level: 94  <br />Tera Type: Steel  <br />EVs: 85 HP &#x2f; 85 Def &#x2f; 85 SpA &#x2f; 85 SpD &#x2f; 85 Spe  <br />IVs: 0 Atk  <br />- Recover  <br />- Cosmic Power  <br />- Dazzling Gleam  <br />- Stored Power  <br /><br /></details></div>\n", "inputlog": ">version b107d77f5c90bd6555267ae244a6264823309ead\n>start {\"formatid\":\"gen9randombattle\",\"seed\":[40808,49271,10423,43957],\"rated\":\"Rated battle\"}\n>player p1 {\"name\":\"sydy\u971c\u964d\",\"avatar\":\"170\",\"rating\":2076,\"seed\":[1124,63998,25608,456]}\n>player p2 {\"name\":\"Inazuma-Fulgur\",\"avatar\":\"marley\",\"rating\":2084,\"seed\":[45908,43233,27868,64910]}\n>p1 switch 2\n>p2 move rapidspin\n>p1 move knockoff\n>p2 switch 5\n>p1 switch 5\n>p2 move knockoff\n>p1 move uturn\n>p2 move uturn\n>p2 switch 3\n>p1 switch 4\n>p1 move highjumpkick\n>p2 move gunkshot\n>p2 switch 3\n>p1 switch 4\n>p2 move uturn\n>p2 switch 5\n>p1 move superfang\n>p2 move earthquake\n>p1 switch 4\n>p1 move highjumpkick\n>p2 switch 6\n>p1 switch 6\n>p2 move recover\n>p1 move headsmash\n>p2 move cosmicpower\n>p1 move headsmash\n>p2 move recover\n>p1 move headsmash\n>p2 move recover\n>p1 move headsmash\n>p2 move recover\n>p1 move headsmash\n>p2 move recover\n>p1 move headsmash\n>p2 move cosmicpower\n>p2 switch 6\n>p1 switch 5\n>p2 move rapidspin\n>p1 move drainpunch\n>p2 switch 5\n>p1 switch 2\n>p2 move knockoff\n>p1 switch 2\n>p2 move uturn\n>p2 switch 4\n>p1 move knockoff\n>p2 move flipturn\n>p2 switch 4\n>p1 switch 2\n>p2 move knockoff\n>p1 move thunderbolt\n>p2 move uturn\n>p2 switch 5\n>p1 switch 2\n>p2 move rapidspin\n>p1 switch 5\n>p2 switch 5\n>p1 move headsmash\n>p2 move uturn\n>p2 switch 2\n>p1 move headsmash\n>p2 move stealthrock\n>p1 switch 6\n>p2 move saltcure\n>p1 move highjumpkick\n>p2 move recover terastallize\n>p1 switch 6\n>forcelose p1", "uploadtime": 1732976927, "views": 2, "formatid": "gen9randombattle", "rating": 2056, "private": 0, "password": null}