{"id": "gen9randombattle-2253828908", "format": "[Gen 9] Random Battle", "players": ["poopeesailorman", "trentonhuber"], "log": "|j|\u2606poopeesailorman\n|j|\u2606trentonhuber\n|t:|1732944759\n|gametype|singles\n|player|p1|poopeesailorman|sailor|1260\n|player|p2|trentonhuber|102|1261\n|teamsize|p1|6\n|teamsize|p2|6\n|gen|9\n|tier|[Gen 9] Random Battle\n|rated|\n|rule|Species Clause: Limit one of each Pok\u00e9mon\n|rule|HP Percentage Mod: HP is shown in percentages\n|rule|Sleep Clause Mod: Limit one foe put to sleep\n|rule|Illusion Level Mod: Illusion disguises the Pok\u00e9mon's true level\n|\n|t:|1732944759\n|start\n|switch|p1a: Alomomola|Alomomola, L87, F|429/429\n|switch|p2a: Malamar|Malamar, L82, F|275/275\n|turn|1\n|inactive|Battle timer is ON: inactive players will automatically lose when time's up. (requested by poopeesailorman)\n|\n|t:|1732944766\n|move|p2a: Malamar|Superpower|p1a: Alomomola\n|-damage|p1a: Alomomola|342/429\n|-boost|p2a: Malamar|atk|1\n|-boost|p2a: Malamar|def|1\n|move|p1a: Alomomola|Flip Turn|p2a: Malamar\n|-damage|p2a: Malamar|239/275\n|c|\u2606poopeesailorman|glhf\n|inactive|poopeesailorman has 120 seconds left.\n|\n|t:|1732944818\n|switch|p1a: Kleavor|Kleavor, L78, F|237/237|[from] Flip Turn\n|\n|upkeep\n|turn|2\n|\n|t:|1732944825\n|move|p1a: Kleavor|X-Scissor|p2a: Malamar\n|-supereffective|p2a: Malamar\n|-damage|p2a: Malamar|0 fnt\n|faint|p2a: Malamar\n|\n|upkeep\n|\n|t:|1732944835\n|switch|p2a: Infernape|Infernape, L82, M|259/259\n|turn|3\n|\n|t:|1732944839\n|move|p2a: Infernape|Close Combat|p1a: Kleavor\n|-crit|p1a: Kleavor\n|-damage|p1a: Kleavor|0 fnt\n|-unboost|p2a: Infernape|def|1\n|-unboost|p2a: Infernape|spd|1\n|faint|p1a: Kleavor\n|-damage|p2a: Infernape|234/259|[from] item: Life Orb\n|\n|upkeep\n|inactive|poopeesailorman has 120 seconds left.\n|\n|t:|1732944857\n|switch|p1a: Alomomola|Alomomola, L87, F|429/429\n|turn|4\n|\n|t:|1732944862\n|switch|p2a: Empoleon|Empoleon, L84, F|278/278\n|move|p1a: Alomomola|Scald|p2a: Empoleon\n|-resisted|p2a: Empoleon\n|-damage|p2a: Empoleon|255/278\n|-status|p2a: Empoleon|brn\n|\n|-heal|p2a: Empoleon|272/278 brn|[from] item: Leftovers\n|-damage|p2a: Empoleon|255/278 brn|[from] brn\n|upkeep\n|turn|5\n|inactive|poopeesailorman has 120 seconds left.\n|\n|t:|1732944891\n|move|p1a: Alomomola|Flip Turn|p2a: Empoleon\n|-resisted|p2a: Empoleon\n|-damage|p2a: Empoleon|228/278 brn\n|\n|t:|1732944910\n|switch|p1a: Whiscash|Whiscash, L88, F|337/337|[from] Flip Turn\n|move|p2a: Empoleon|Yawn|p1a: Whiscash\n|-start|p1a: Whiscash|move: Yawn|[of] p2a: Empoleon\n|\n|-heal|p2a: Empoleon|245/278 brn|[from] item: Leftovers\n|-damage|p2a: Empoleon|228/278 brn|[from] brn\n|upkeep\n|turn|6\n|\n|t:|1732944920\n|switch|p2a: Venusaur|Venusaur, L84, M|272/272\n|move|p1a: Whiscash|Earthquake|p2a: Venusaur\n|-damage|p2a: Venusaur|147/272\n|-damage|p1a: Whiscash|304/337|[from] item: Life Orb\n|\n|-heal|p2a: Venusaur|164/272|[from] item: Leftovers\n|-end|p1a: Whiscash|move: Yawn|[silent]\n|-status|p1a: Whiscash|slp\n|upkeep\n|turn|7\n|\n|t:|1732944926\n|switch|p1a: Ho-Oh|Ho-Oh, L71|268/268\n|move|p2a: Venusaur|Leech Seed|p1a: Ho-Oh\n|-start|p1a: Ho-Oh|move: Leech Seed\n|\n|-heal|p2a: Venusaur|181/272|[from] item: Leftovers\n|-damage|p1a: Ho-Oh|235/268|[from] Leech Seed|[of] p2a: Venusaur\n|-heal|p2a: Venusaur|214/272|[silent]\n|upkeep\n|turn|8\n|inactive|poopeesailorman has 120 seconds left.\n|\n|t:|1732944935\n|move|p2a: Venusaur|Substitute|p2a: Venusaur\n|-start|p2a: Venusaur|Substitute\n|-damage|p2a: Venusaur|146/272\n|move|p1a: Ho-Oh|Brave Bird|p2a: Venusaur\n|-supereffective|p2a: Venusaur\n|-end|p2a: Venusaur|Substitute\n|-damage|p1a: Ho-Oh|213/268|[from] Recoil|[of] p2a: Venusaur\n|\n|-heal|p2a: Venusaur|163/272|[from] item: Leftovers\n|-damage|p1a: Ho-Oh|180/268|[from] Leech Seed|[of] p2a: Venusaur\n|-heal|p2a: Venusaur|196/272|[silent]\n|upkeep\n|turn|9\n|\n|t:|1732944945\n|switch|p1a: Volbeat|Volbeat, L90, M|263/263\n|move|p2a: Venusaur|Substitute|p2a: Venusaur\n|-start|p2a: Venusaur|Substitute\n|-damage|p2a: Venusaur|128/272\n|\n|-heal|p2a: Venusaur|145/272|[from] item: Leftovers\n|upkeep\n|turn|10\n|\n|t:|1732944949\n|move|p1a: Volbeat|Lunge|p2a: Venusaur\n|-end|p2a: Venusaur|Substitute\n|move|p2a: Venusaur|Leech Seed|p1a: Volbeat\n|-start|p1a: Volbeat|move: Leech Seed\n|\n|-heal|p2a: Venusaur|162/272|[from] item: Leftovers\n|-damage|p1a: Volbeat|231/263|[from] Leech Seed|[of] p2a: Venusaur\n|-heal|p2a: Venusaur|194/272|[silent]\n|upkeep\n|turn|11\n|\n|t:|1732944959\n|-terastallize|p2a: Venusaur|Water\n|move|p1a: Volbeat|Encore|p2a: Venusaur\n|-start|p2a: Venusaur|Encore\n|move|p2a: Venusaur|Leech Seed|p1a: Volbeat|[miss]\n|-miss|p2a: Venusaur|p1a: Volbeat\n|\n|-heal|p2a: Venusaur|211/272|[from] item: Leftovers\n|-damage|p1a: Volbeat|199/263|[from] Leech Seed|[of] p2a: Venusaur\n|-heal|p2a: Venusaur|243/272|[silent]\n|upkeep\n|turn|12\n|\n|t:|1732944970\n|switch|p2a: Infernape|Infernape, L82, M|234/259\n|move|p1a: Volbeat|Thunder Wave|p2a: Infernape\n|-status|p2a: Infernape|par\n|\n|-damage|p1a: Volbeat|167/263|[from] Leech Seed|[of] p2a: Infernape\n|-heal|p2a: Infernape|259/259 par|[silent]\n|upkeep\n|turn|13\n|\n|t:|1732944981\n|switch|p1a: Ho-Oh|Ho-Oh, L71|268/268\n|move|p2a: Infernape|Gunk Shot|p1a: Ho-Oh\n|-damage|p1a: Ho-Oh|129/268\n|-status|p1a: Ho-Oh|psn\n|-damage|p2a: Infernape|234/259 par|[from] item: Life Orb\n|\n|-damage|p1a: Ho-Oh|96/268 psn|[from] psn\n|upkeep\n|turn|14\n|\n|t:|1732944990\n|switch|p2a: Empoleon|Empoleon, L84, F|228/278 brn\n|move|p1a: Ho-Oh|Recover|p1a: Ho-Oh\n|-heal|p1a: Ho-Oh|230/268 psn\n|\n|-heal|p2a: Empoleon|245/278 brn|[from] item: Leftovers\n|-damage|p1a: Ho-Oh|197/268 psn|[from] psn\n|-damage|p2a: Empoleon|228/278 brn|[from] brn\n|upkeep\n|turn|15\n|\n|t:|1732945000\n|move|p1a: Ho-Oh|Earthquake|p2a: Empoleon\n|-supereffective|p2a: Empoleon\n|-damage|p2a: Empoleon|86/278 brn\n|move|p2a: Empoleon|Yawn||[still]\n|-fail|p2a: Empoleon\n|\n|-heal|p2a: Empoleon|103/278 brn|[from] item: Leftovers\n|-damage|p1a: Ho-Oh|164/268 psn|[from] psn\n|-damage|p2a: Empoleon|86/278 brn|[from] brn\n|upkeep\n|turn|16\n|\n|t:|1732945006\n|move|p1a: Ho-Oh|Earthquake|p2a: Empoleon\n|-supereffective|p2a: Empoleon\n|-damage|p2a: Empoleon|0 fnt\n|faint|p2a: Empoleon\n|\n|-damage|p1a: Ho-Oh|131/268 psn|[from] psn\n|upkeep\n|\n|t:|1732945008\n|switch|p2a: Hydreigon|Hydreigon, L79, F|275/275\n|turn|17\n|\n|t:|1732945011\n|switch|p1a: Alomomola|Alomomola, L87, F|429/429\n|move|p2a: Hydreigon|Nasty Plot|p2a: Hydreigon\n|-boost|p2a: Hydreigon|spa|2\n|\n|upkeep\n|turn|18\n|\n|t:|1732945017\n|move|p2a: Hydreigon|Nasty Plot|p2a: Hydreigon\n|-boost|p2a: Hydreigon|spa|2\n|move|p1a: Alomomola|Flip Turn|p2a: Hydreigon\n|-resisted|p2a: Hydreigon\n|-damage|p2a: Hydreigon|245/275\n|\n|t:|1732945031\n|switch|p1a: Volbeat|Volbeat, L90, M|167/263|[from] Flip Turn\n|\n|upkeep\n|turn|19\n|\n|t:|1732945037\n|switch|p2a: Delphox|Delphox, L84, F|263/263\n|move|p1a: Volbeat|Encore||[still]\n|-fail|p1a: Volbeat\n|\n|upkeep\n|turn|20\n|\n|t:|1732945046\n|switch|p1a: Ho-Oh|Ho-Oh, L71|220/268 psn\n|move|p2a: Delphox|Psyshock|p1a: Ho-Oh\n|-damage|p1a: Ho-Oh|102/268 psn\n|\n|-damage|p1a: Ho-Oh|69/268 psn|[from] psn\n|upkeep\n|turn|21\n|\n|t:|1732945056\n|move|p2a: Delphox|Psyshock|p1a: Ho-Oh\n|-damage|p1a: Ho-Oh|0 fnt\n|faint|p1a: Ho-Oh\n|\n|upkeep\n|inactive|poopeesailorman has 120 seconds left.\n|\n|t:|1732945087\n|switch|p1a: Alomomola|Alomomola, L87, F|219/219\n|turn|22\n|inactive|poopeesailorman has 120 seconds left.\n|\n|t:|1732945101\n|switch|p2a: Venusaur|Venusaur, L84, M, tera:Water|243/272\n|move|p1a: Alomomola|Hyper Voice|p2a: Venusaur\n|-damage|p2a: Venusaur|84/272\n|\n|-heal|p2a: Venusaur|101/272|[from] item: Leftovers\n|upkeep\n|turn|23\n|\n|t:|1732945106\n|move|p1a: Alomomola|Hyper Voice|p2a: Venusaur\n|-damage|p2a: Venusaur|0 fnt\n|faint|p2a: Venusaur\n|\n|upkeep\n|\n|t:|1732945112\n|switch|p2a: Hydreigon|Hydreigon, L79, F|245/275\n|turn|24\n|\n|t:|1732945116\n|move|p1a: Alomomola|Hyper Voice|p2a: Hydreigon\n|-damage|p2a: Hydreigon|73/275\n|move|p2a: Hydreigon|Nasty Plot|p2a: Hydreigon\n|-boost|p2a: Hydreigon|spa|2\n|\n|upkeep\n|turn|25\n|c|\u2606trentonhuber|HOW\n|c|\u2606trentonhuber|ARE U FASTER\n|\n|t:|1732945125\n|move|p1a: Alomomola|Hyper Voice|p2a: Hydreigon\n|-damage|p2a: Hydreigon|0 fnt\n|faint|p2a: Hydreigon\n|\n|upkeep\n|\n|t:|1732945130\n|switch|p2a: Delphox|Delphox, L84, F|263/263\n|turn|26\n|c|\u2606poopeesailorman|I'm just goated with the sauce\n|\n|t:|1732945136\n|move|p2a: Delphox|Psyshock|p1a: Alomomola\n|-damage|p1a: Alomomola|87/219\n|replace|p1a: Zoroark|Zoroark-Hisui, L80, M\n|-end|p1a: Zoroark|Illusion\n|-hint|Illusion Level Mod is active, so this Pok\u00e9mon's true level was hidden.\n|move|p1a: Zoroark|Hyper Voice|p2a: Delphox\n|-damage|p2a: Delphox|115/263\n|\n|upkeep\n|turn|27\n|\n|t:|1732945143\n|move|p2a: Delphox|Psyshock|p1a: Zoroark\n|-damage|p1a: Zoroark|0 fnt\n|faint|p1a: Zoroark\n|\n|upkeep\n|\n|t:|1732945148\n|switch|p1a: Alomomola|Alomomola, L87, F|429/429\n|turn|28\n|\n|t:|1732945152\n|move|p2a: Delphox|Nasty Plot|p2a: Delphox\n|-boost|p2a: Delphox|spa|2\n|move|p1a: Alomomola|Scald|p2a: Delphox\n|-supereffective|p2a: Delphox\n|-damage|p2a: Delphox|25/263\n|\n|upkeep\n|turn|29\n|\n|t:|1732945165\n|move|p2a: Delphox|Focus Blast|p1a: Alomomola\n|-damage|p1a: Alomomola|151/429\n|move|p1a: Alomomola|Scald|p2a: Delphox\n|-supereffective|p2a: Delphox\n|-crit|p2a: Delphox\n|-damage|p2a: Delphox|0 fnt\n|faint|p2a: Delphox\n|\n|-heal|p1a: Alomomola|177/429|[from] item: Leftovers\n|upkeep\n|\n|t:|1732945169\n|switch|p2a: Infernape|Infernape, L82, M|234/259 par\n|turn|30\n|\n|t:|1732945175\n|move|p1a: Alomomola|Scald|p2a: Infernape\n|-supereffective|p2a: Infernape\n|-damage|p2a: Infernape|120/259 par\n|move|p2a: Infernape|Gunk Shot|p1a: Alomomola\n|-damage|p1a: Alomomola|70/429\n|-damage|p2a: Infernape|95/259 par|[from] item: Life Orb\n|\n|-heal|p1a: Alomomola|96/429|[from] item: Leftovers\n|upkeep\n|turn|31\n|-message|trentonhuber forfeited.\n|\n|win|poopeesailorman\n|raw|poopeesailorman's rating: 1260 &rarr; <strong>1285</strong><br />(+25 for winning)\n|raw|trentonhuber's rating: 1261 &rarr; <strong>1236</strong><br />(-25 for losing)\n|l|\u2606trentonhuber\n|player|p2|\n", "inputlog": ">version b107d77f5c90bd6555267ae244a6264823309ead\n>start {\"formatid\":\"gen9randombattle\",\"seed\":[19280,29399,5201,3143],\"rated\":\"Rated battle\"}\n>player p1 {\"name\":\"poopeesailorman\",\"avatar\":\"sailor\",\"rating\":1260,\"seed\":[31698,56815,24265,31475]}\n>player p2 {\"name\":\"trentonhuber\",\"avatar\":\"102\",\"rating\":1261,\"seed\":[58933,54612,23830,55334]}\n>p1 move flipturn\n>p2 move superpower\n>chat \u2606poopeesailorman|glhf\n>p1 switch 6\n>p1 move xscissor\n>p2 move superpower\n>p2 switch 3\n>p1 move stoneaxe\n>p2 move closecombat\n>p1 switch 6\n>p1 move scald\n>p2 switch 2\n>p1 move flipturn\n>p2 move yawn\n>p1 switch 4\n>p1 move earthquake\n>p2 switch 4\n>p1 switch 3\n>p2 move leechseed\n>p1 move bravebird\n>p2 move substitute\n>p1 switch 5\n>p2 move substitute\n>p1 move lunge\n>p2 move leechseed\n>p1 move encore\n>p2 move sludgebomb terastallize\n>p1 move thunderwave\n>p2 switch 2\n>p1 switch 5\n>p2 move gunkshot\n>p1 move recover\n>p2 switch 4\n>p1 move earthquake\n>p2 move yawn\n>p1 move earthquake\n>p2 move roost\n>p2 switch 6\n>p1 switch 4\n>p2 move nastyplot\n>p1 move flipturn\n>p2 move nastyplot\n>p1 switch 5\n>p1 move encore\n>p2 switch 5\n>p1 switch 4\n>p2 move psyshock\n>p1 move recover\n>p2 move psyshock\n>p1 switch 2\n>p1 move hypervoice\n>p2 switch 2\n>p1 move hypervoice\n>p2 move gigadrain\n>p2 switch 5\n>p1 move hypervoice\n>p2 move nastyplot\n>chat \u2606trentonhuber|HOW\n>chat \u2606trentonhuber|ARE U FASTER\n>p1 move hypervoice\n>p2 move dracometeor\n>p2 switch 2\n>chat \u2606poopeesailorman|I'm just goated with the sauce\n>p1 move hypervoice\n>p2 move psyshock\n>p1 move hypervoice\n>p2 move psyshock\n>chat \u2606trentonhuber|.\n>p1 switch 5\n>p1 move scald\n>p2 move nastyplot\n>p1 move scald\n>p2 move focusblast\n>p2 switch 4\n>p1 move scald\n>p2 move gunkshot\n>forcelose p2", "uploadtime": 1732945186, "views": 11, "formatid": "gen9randombattle", "rating": 1236, "private": 0, "password": null}