{"id": "gen9randombattle-2253939279", "format": "[Gen 9] Random Battle", "players": ["qsuke", "katuro15"], "log": "|j|\u203dqsuke\n|j|\u2606katuro15\n|t:|1732967912\n|gametype|singles\n|player|p1|qsuke|102|1229\n|player|p2|katuro15|alder|1274\n|teamsize|p1|6\n|teamsize|p2|6\n|gen|9\n|tier|[Gen 9] Random Battle\n|rated|\n|rule|Species Clause: Limit one of each Pok\u00e9mon\n|rule|HP Percentage Mod: HP is shown in percentages\n|rule|Sleep Clause Mod: Limit one foe put to sleep\n|rule|Illusion Level Mod: Illusion disguises the Pok\u00e9mon's true level\n|\n|t:|1732967912\n|start\n|switch|p1a: Basculegion|Basculegion, L81, M|327/327\n|switch|p2a: Deoxys|Deoxys-Defense, L84|221/221\n|-ability|p2a: Deoxys|Pressure\n|turn|1\n|\n|t:|1732967934\n|switch|p2a: Electrode|Electrode-Hisui, L87|246/246\n|switch|p1a: Registeel|Registeel, L81|262/262\n|\n|upkeep\n|turn|2\n|c|\u2606katuro15|!weak registeel\n|c| katuro15|/raw <div class=\"infobox\">Registeel (ignoring abilities):<br /><span class=\"message-effect-weak\">Weaknesses</span>: Fighting, Fire, Ground<br /><span class=\"message-effect-resist\">Resistances</span>: Bug, Dragon, Fairy, Flying, Grass, Ice, Normal, Psychic, Rock, Steel<br /><span class=\"message-effect-immune\">Immunities</span>: Poison, Sandstorm damage, Toxic</div>\n|\n|t:|1732967963\n|switch|p2a: Gurdurr|Gurdurr, L85, F|283/283\n|move|p1a: Registeel|Iron Defense|p1a: Registeel\n|-boost|p1a: Registeel|def|2\n|\n|upkeep\n|turn|3\n|\n|t:|1732967981\n|-terastallize|p1a: Registeel|Fighting\n|move|p1a: Registeel|Body Press|p2a: Gurdurr\n|-damage|p2a: Gurdurr|120/283\n|move|p2a: Gurdurr|Drain Punch|p1a: Registeel\n|-damage|p1a: Registeel|232/262\n|-heal|p2a: Gurdurr|135/283|[from] drain|[of] p1a: Registeel\n|\n|upkeep\n|turn|4\n|\n|t:|1732967992\n|move|p1a: Registeel|Body Press|p2a: Gurdurr\n|-damage|p2a: Gurdurr|0 fnt\n|faint|p2a: Gurdurr\n|\n|upkeep\n|\n|t:|1732967999\n|switch|p2a: Pelipper|Pelipper, L86, F|243/243\n|-weather|RainDance|[from] ability: Drizzle|[of] p2a: Pelipper\n|turn|5\n|\n|t:|1732968008\n|switch|p2a: Deoxys|Deoxys-Defense, L84|221/221\n|-ability|p2a: Deoxys|Pressure\n|switch|p1a: Gholdengo|Gholdengo, L77|261/261\n|\n|-weather|RainDance|[upkeep]\n|upkeep\n|turn|6\n|\n|t:|1732968033\n|switch|p2a: Basculin|Basculin-Blue-Striped, L86, M|261/261\n|move|p1a: Gholdengo|Trick|p2a: Basculin\n|-activate|p1a: Gholdengo|move: Trick|[of] p2a: Basculin\n|-item|p2a: Basculin|Choice Scarf|[from] move: Trick\n|-item|p1a: Gholdengo|Choice Band|[from] move: Trick\n|\n|-weather|RainDance|[upkeep]\n|upkeep\n|turn|7\n|inactive|Battle timer is ON: inactive players will automatically lose when time's up. (requested by katuro15)\n|\n|t:|1732968065\n|move|p2a: Basculin|Wave Crash|p1a: Gholdengo\n|-damage|p1a: Gholdengo|9/261\n|-damage|p2a: Basculin|178/261|[from] Recoil\n|move|p1a: Gholdengo|Shadow Ball|p2a: Basculin\n|-damage|p2a: Basculin|51/261\n|\n|-weather|RainDance|[upkeep]\n|upkeep\n|turn|8\n|\n|t:|1732968075\n|move|p2a: Basculin|Wave Crash|p1a: Gholdengo\n|-damage|p1a: Gholdengo|0 fnt\n|faint|p1a: Gholdengo\n|-damage|p2a: Basculin|48/261|[from] Recoil\n|\n|-weather|RainDance|[upkeep]\n|upkeep\n|inactive|qsuke has 120 seconds left.\n|\n|t:|1732968128\n|switch|p1a: Basculegion|Basculegion, L81, M|327/327\n|turn|9\n|\n|t:|1732968155\n|move|p1a: Basculegion|Aqua Jet|p2a: Basculin\n|-resisted|p2a: Basculin\n|-damage|p2a: Basculin|0 fnt\n|faint|p2a: Basculin\n|\n|-weather|none\n|upkeep\n|inactive|katuro15 has 120 seconds left.\n|\n|t:|1732968173\n|switch|p2a: Electrode|Electrode-Hisui, L87|246/246\n|turn|10\n|inactive|qsuke has 120 seconds left.\n|inactive|katuro15 has 120 seconds left.\n|\n|t:|1732968180\n|switch|p1a: Registeel|Registeel, L81, tera:Fighting|232/262\n|move|p2a: Electrode|Substitute|p2a: Electrode\n|-start|p2a: Electrode|Substitute\n|-damage|p2a: Electrode|185/246\n|\n|-heal|p2a: Electrode|200/246|[from] item: Leftovers\n|upkeep\n|turn|11\n|\n|t:|1732968189\n|move|p2a: Electrode|Leech Seed|p1a: Registeel\n|-start|p1a: Registeel|move: Leech Seed\n|move|p1a: Registeel|Body Press|p2a: Electrode\n|-end|p2a: Electrode|Substitute\n|\n|-heal|p2a: Electrode|215/246|[from] item: Leftovers\n|-damage|p1a: Registeel|200/262|[from] Leech Seed|[of] p2a: Electrode\n|-heal|p2a: Electrode|246/246|[silent]\n|upkeep\n|turn|12\n|\n|t:|1732968199\n|move|p2a: Electrode|Substitute|p2a: Electrode\n|-start|p2a: Electrode|Substitute\n|-damage|p2a: Electrode|185/246\n|move|p1a: Registeel|Body Press|p2a: Electrode\n|-end|p2a: Electrode|Substitute\n|\n|-heal|p2a: Electrode|200/246|[from] item: Leftovers\n|-damage|p1a: Registeel|168/262|[from] Leech Seed|[of] p2a: Electrode\n|-heal|p2a: Electrode|232/246|[silent]\n|upkeep\n|turn|13\n|\n|t:|1732968210\n|move|p2a: Electrode|Substitute|p2a: Electrode\n|-start|p2a: Electrode|Substitute\n|-damage|p2a: Electrode|171/246\n|move|p1a: Registeel|Body Press|p2a: Electrode\n|-end|p2a: Electrode|Substitute\n|\n|-heal|p2a: Electrode|186/246|[from] item: Leftovers\n|-damage|p1a: Registeel|136/262|[from] Leech Seed|[of] p2a: Electrode\n|-heal|p2a: Electrode|218/246|[silent]\n|upkeep\n|turn|14\n|inactive|katuro15 has 120 seconds left.\n|\n|t:|1732968230\n|move|p2a: Electrode|Substitute|p2a: Electrode\n|-start|p2a: Electrode|Substitute\n|-damage|p2a: Electrode|157/246\n|move|p1a: Registeel|Iron Defense|p1a: Registeel\n|-boost|p1a: Registeel|def|2\n|\n|-heal|p2a: Electrode|172/246|[from] item: Leftovers\n|-damage|p1a: Registeel|104/262|[from] Leech Seed|[of] p2a: Electrode\n|-heal|p2a: Electrode|204/246|[silent]\n|upkeep\n|turn|15\n|inactive|katuro15 has 120 seconds left.\n|\n|t:|1732968243\n|move|p2a: Electrode|Giga Drain|p1a: Registeel\n|-damage|p1a: Registeel|53/262\n|-heal|p2a: Electrode|230/246|[from] drain|[of] p1a: Registeel\n|move|p1a: Registeel|Iron Defense|p1a: Registeel\n|-boost|p1a: Registeel|def|2\n|\n|-heal|p2a: Electrode|245/246|[from] item: Leftovers\n|-damage|p1a: Registeel|21/262|[from] Leech Seed|[of] p2a: Electrode\n|-heal|p2a: Electrode|246/246|[silent]\n|upkeep\n|turn|16\n|inactive|katuro15 has 120 seconds left.\n|\n|t:|1732968259\n|move|p2a: Electrode|Giga Drain|p1a: Registeel\n|-damage|p1a: Registeel|0 fnt\n|faint|p1a: Registeel\n|\n|upkeep\n|\n|t:|1732968267\n|switch|p1a: Leafeon|Leafeon, L88, F|258/258\n|turn|17\n|inactive|katuro15 has 120 seconds left.\n|\n|t:|1732968279\n|move|p2a: Electrode|Leech Seed|p1a: Leafeon\n|-immune|p1a: Leafeon\n|move|p1a: Leafeon|Swords Dance|p1a: Leafeon\n|-boost|p1a: Leafeon|atk|2\n|\n|upkeep\n|turn|18\n|inactive|katuro15 has 120 seconds left.\n|\n|t:|1732968291\n|switch|p2a: Pelipper|Pelipper, L86, F|243/243\n|-weather|RainDance|[from] ability: Drizzle|[of] p2a: Pelipper\n|move|p1a: Leafeon|Swords Dance|p1a: Leafeon\n|-boost|p1a: Leafeon|atk|2\n|\n|-weather|RainDance|[upkeep]\n|upkeep\n|turn|19\n|inactive|katuro15 has 120 seconds left.\n|\n|t:|1732968308\n|move|p1a: Leafeon|Knock Off|p2a: Pelipper\n|-crit|p2a: Pelipper\n|-damage|p2a: Pelipper|0 fnt\n|-enditem|p2a: Pelipper|Heavy-Duty Boots|[from] move: Knock Off|[of] p1a: Leafeon\n|faint|p2a: Pelipper\n|-damage|p1a: Leafeon|233/258|[from] item: Life Orb\n|\n|-weather|RainDance|[upkeep]\n|upkeep\n|\n|t:|1732968328\n|switch|p2a: Deoxys|Deoxys-Defense, L84|221/221\n|-ability|p2a: Deoxys|Pressure\n|turn|20\n|\n|t:|1732968337\n|-terastallize|p2a: Deoxys|Steel\n|move|p1a: Leafeon|Knock Off|p2a: Deoxys\n|-damage|p2a: Deoxys|18/221\n|-enditem|p2a: Deoxys|Leftovers|[from] move: Knock Off|[of] p1a: Leafeon\n|-damage|p1a: Leafeon|208/258|[from] item: Life Orb\n|move|p2a: Deoxys|Psychic Noise|p1a: Leafeon\n|-damage|p1a: Leafeon|135/258\n|-start|p1a: Leafeon|move: Heal Block\n|\n|-weather|RainDance|[upkeep]\n|upkeep\n|turn|21\n|\n|t:|1732968352\n|move|p1a: Leafeon|Knock Off|p2a: Deoxys\n|-damage|p2a: Deoxys|0 fnt\n|faint|p2a: Deoxys\n|-damage|p1a: Leafeon|110/258|[from] item: Life Orb\n|\n|-weather|RainDance|[upkeep]\n|-end|p1a: Leafeon|move: Heal Block\n|upkeep\n|\n|t:|1732968363\n|switch|p2a: Clefable|Clefable, L83, F|293/293\n|turn|22\n|\n|t:|1732968368\n|move|p1a: Leafeon|Synthesis|p1a: Leafeon\n|-heal|p1a: Leafeon|174/258\n|move|p2a: Clefable|Fire Blast|p1a: Leafeon\n|-supereffective|p1a: Leafeon\n|-damage|p1a: Leafeon|62/258\n|\n|-weather|none\n|upkeep\n|turn|23\n|\n|t:|1732968377\n|move|p1a: Leafeon|Leaf Blade|p2a: Clefable\n|-damage|p2a: Clefable|0 fnt\n|faint|p2a: Clefable\n|-damage|p1a: Leafeon|37/258|[from] item: Life Orb\n|\n|upkeep\n|\n|t:|1732968384\n|switch|p2a: Electrode|Electrode-Hisui, L87|246/246\n|turn|24\n|\n|t:|1732968391\n|move|p2a: Electrode|Thunderbolt|p1a: Leafeon\n|-resisted|p1a: Leafeon\n|-damage|p1a: Leafeon|0 fnt\n|faint|p1a: Leafeon\n|\n|upkeep\n|\n|t:|1732968403\n|switch|p1a: Ludicolo|Ludicolo, L90, M|290/290\n|turn|25\n|\n|t:|1732968413\n|move|p2a: Electrode|Leech Seed|p1a: Ludicolo\n|-immune|p1a: Ludicolo\n|move|p1a: Ludicolo|Rain Dance|p1a: Ludicolo\n|-weather|RainDance\n|\n|-weather|RainDance|[upkeep]\n|upkeep\n|turn|26\n|\n|t:|1732968419\n|move|p1a: Ludicolo|Hydro Pump|p2a: Electrode|[miss]\n|-miss|p1a: Ludicolo|p2a: Electrode\n|move|p2a: Electrode|Thunderbolt|p1a: Ludicolo\n|-damage|p1a: Ludicolo|221/290\n|-status|p1a: Ludicolo|par\n|\n|-weather|RainDance|[upkeep]\n|upkeep\n|turn|27\n|\n|t:|1732968432\n|move|p2a: Electrode|Substitute|p2a: Electrode\n|-start|p2a: Electrode|Substitute\n|-damage|p2a: Electrode|185/246\n|move|p1a: Ludicolo|Ice Beam|p2a: Electrode\n|-supereffective|p2a: Electrode\n|-end|p2a: Electrode|Substitute\n|-damage|p1a: Ludicolo|192/290 par|[from] item: Life Orb\n|\n|-weather|RainDance|[upkeep]\n|-heal|p2a: Electrode|200/246|[from] item: Leftovers\n|upkeep\n|turn|28\n|\n|t:|1732968447\n|move|p2a: Electrode|Substitute|p2a: Electrode\n|-start|p2a: Electrode|Substitute\n|-damage|p2a: Electrode|139/246\n|move|p1a: Ludicolo|Ice Beam|p2a: Electrode\n|-supereffective|p2a: Electrode\n|-end|p2a: Electrode|Substitute\n|-damage|p1a: Ludicolo|163/290 par|[from] item: Life Orb\n|\n|-weather|RainDance|[upkeep]\n|-heal|p2a: Electrode|154/246|[from] item: Leftovers\n|upkeep\n|turn|29\n|\n|t:|1732968460\n|move|p2a: Electrode|Thunderbolt|p1a: Ludicolo\n|-damage|p1a: Ludicolo|82/290 par\n|move|p1a: Ludicolo|Ice Beam|p2a: Electrode\n|-supereffective|p2a: Electrode\n|-damage|p2a: Electrode|0 fnt\n|faint|p2a: Electrode\n|-damage|p1a: Ludicolo|53/290 par|[from] item: Life Orb\n|\n|win|qsuke\n|raw|qsuke's rating: 1229 &rarr; <strong>1257</strong><br />(+28 for winning)\n|raw|katuro15's rating: 1274 &rarr; <strong>1246</strong><br />(-28 for losing)\n|l|\u203dqsuke\n|player|p1|\n", "inputlog": ">version b107d77f5c90bd6555267ae244a6264823309ead\n>start {\"formatid\":\"gen9randombattle\",\"seed\":[43136,63493,50108,46615],\"rated\":\"Rated battle\"}\n>player p1 {\"name\":\"qsuke\",\"avatar\":\"102\",\"rating\":1229,\"seed\":[5378,42186,26842,11635]}\n>player p2 {\"name\":\"katuro15\",\"avatar\":\"alder\",\"rating\":1274,\"seed\":[1672,52168,4054,53317]}\n>p1 switch 5\n>p2 switch 6\n>chat \u2606katuro15|!weak registeel\n>p1 move irondefense\n>p2 switch 3\n>p1 move bodypress terastallize\n>p2 move drainpunch\n>p1 move bodypress\n>p2 move knockoff\n>p2 switch 2\n>p1 switch 6\n>p2 switch 6\n>p1 move trick\n>p2 switch 5\n>p1 move shadowball\n>p2 move wavecrash\n>p1 move shadowball\n>p2 move wavecrash\n>p1 switch 5\n>p1 move aquajet\n>p2 move wavecrash\n>p2 switch 3\n>p1 switch 6\n>p2 move substitute\n>p1 move bodypress\n>p2 move leechseed\n>p1 move bodypress\n>p2 move substitute\n>p1 move bodypress\n>p2 move substitute\n>p1 move irondefense\n>p2 move substitute\n>p1 move irondefense\n>p2 move gigadrain\n>p1 move rest\n>p2 move gigadrain\n>p1 switch 4\n>p1 move swordsdance\n>p2 move leechseed\n>p1 move swordsdance\n>p2 switch 6\n>p1 move knockoff\n>p2 move hurricane\n>p2 switch 5\n>p1 move knockoff\n>p2 move psychicnoise terastallize\n>p1 move knockoff\n>p2 move knockoff\n>p2 switch 4\n>p1 move synthesis\n>p2 move fireblast\n>p1 move leafblade\n>p2 move fireblast\n>p2 switch 6\n>p1 move synthesis\n>p2 move thunderbolt\n>p1 switch 2\n>p1 move raindance\n>p2 move leechseed\n>p1 move hydropump\n>p2 move thunderbolt\n>p1 move icebeam\n>p2 move substitute\n>p1 move icebeam\n>p2 move substitute\n>p1 move icebeam\n>p2 move thunderbolt", "uploadtime": 1732968469, "views": 1, "formatid": "gen9randombattle", "rating": 1246, "private": 0, "password": null}