{"id": "gen9randombattle-2253834563", "format": "[Gen 9] Random Battle", "players": ["lukyry47", "JygaHTX"], "log": "|j|\u2606lukyry47\n|j|\u2606JygaHTX\n|t:|1732945719\n|gametype|singles\n|player|p1|lukyry47|170|1000\n|player|p2|JygaHTX|shadowtriad|1040\n|teamsize|p1|6\n|teamsize|p2|6\n|gen|9\n|tier|[Gen 9] Random Battle\n|rated|\n|rule|Species Clause: Limit one of each Pok\u00e9mon\n|rule|HP Percentage Mod: HP is shown in percentages\n|rule|Sleep Clause Mod: Limit one foe put to sleep\n|rule|Illusion Level Mod: Illusion disguises the Pok\u00e9mon's true level\n|\n|t:|1732945719\n|start\n|switch|p1a: Haxorus|Haxorus, L77, F|244/244\n|switch|p2a: Vigoroth|Vigoroth, L85, M|275/275\n|-ability|p1a: Haxorus|Mold Breaker\n|turn|1\n|\n|t:|1732945735\n|move|p2a: Vigoroth|Bulk Up|p2a: Vigoroth\n|-boost|p2a: Vigoroth|atk|1\n|-boost|p2a: Vigoroth|def|1\n|move|p1a: Haxorus|Dragon Dance|p1a: Haxorus\n|-boost|p1a: Haxorus|atk|1\n|-boost|p1a: Haxorus|spe|1\n|\n|upkeep\n|turn|2\n|\n|t:|1732945753\n|move|p1a: Haxorus|Dragon Dance|p1a: Haxorus\n|-boost|p1a: Haxorus|atk|1\n|-boost|p1a: Haxorus|spe|1\n|move|p2a: Vigoroth|Knock Off|p1a: Haxorus\n|-damage|p1a: Haxorus|147/244\n|-enditem|p1a: Haxorus|Lum Berry|[from] move: Knock Off|[of] p2a: Vigoroth\n|\n|upkeep\n|turn|3\n|\n|t:|1732945809\n|move|p1a: Haxorus|Close Combat|p2a: Vigoroth\n|-supereffective|p2a: Vigoroth\n|-damage|p2a: Vigoroth|93/275\n|-unboost|p1a: Haxorus|def|1\n|-unboost|p1a: Haxorus|spd|1\n|move|p2a: Vigoroth|Body Slam|p1a: Haxorus\n|-damage|p1a: Haxorus|0 fnt\n|faint|p1a: Haxorus\n|\n|upkeep\n|\n|t:|1732945822\n|switch|p1a: Tsareena|Tsareena, L87, F|267/267\n|turn|4\n|\n|t:|1732945830\n|move|p2a: Vigoroth|Slack Off|p2a: Vigoroth\n|-heal|p2a: Vigoroth|231/275\n|move|p1a: Tsareena|High Jump Kick|p2a: Vigoroth\n|-supereffective|p2a: Vigoroth\n|-damage|p2a: Vigoroth|96/275\n|-damage|p1a: Tsareena|241/267|[from] item: Life Orb\n|\n|upkeep\n|turn|5\n|\n|t:|1732945842\n|move|p2a: Vigoroth|Slack Off|p2a: Vigoroth\n|-heal|p2a: Vigoroth|234/275\n|move|p1a: Tsareena|Knock Off|p2a: Vigoroth\n|-damage|p2a: Vigoroth|183/275\n|-enditem|p2a: Vigoroth|Eviolite|[from] move: Knock Off|[of] p1a: Tsareena\n|-damage|p1a: Tsareena|215/267|[from] item: Life Orb\n|\n|upkeep\n|turn|6\n|\n|t:|1732945853\n|move|p2a: Vigoroth|Bulk Up|p2a: Vigoroth\n|-boost|p2a: Vigoroth|atk|1\n|-boost|p2a: Vigoroth|def|1\n|move|p1a: Tsareena|High Jump Kick|p2a: Vigoroth\n|-supereffective|p2a: Vigoroth\n|-damage|p2a: Vigoroth|11/275\n|-damage|p1a: Tsareena|189/267|[from] item: Life Orb\n|\n|upkeep\n|turn|7\n|\n|t:|1732945874\n|-terastallize|p2a: Vigoroth|Ghost\n|move|p2a: Vigoroth|Slack Off|p2a: Vigoroth\n|-heal|p2a: Vigoroth|149/275\n|move|p1a: Tsareena|High Jump Kick|p2a: Vigoroth\n|-immune|p2a: Vigoroth\n|-damage|p1a: Tsareena|56/267|[from] highjumpkick\n|\n|upkeep\n|turn|8\n|\n|t:|1732945888\n|move|p2a: Vigoroth|Body Slam|p1a: Tsareena\n|-damage|p1a: Tsareena|0 fnt\n|faint|p1a: Tsareena\n|\n|upkeep\n|\n|t:|1732945893\n|switch|p1a: Manaphy|Manaphy, L78|284/284\n|turn|9\n|\n|t:|1732945901\n|move|p2a: Vigoroth|Knock Off|p1a: Manaphy\n|-damage|p1a: Manaphy|158/284\n|-enditem|p1a: Manaphy|Leftovers|[from] move: Knock Off|[of] p2a: Vigoroth\n|move|p1a: Manaphy|Tail Glow|p1a: Manaphy\n|-boost|p1a: Manaphy|spa|3\n|\n|upkeep\n|turn|10\n|\n|t:|1732945910\n|move|p2a: Vigoroth|Body Slam|p1a: Manaphy\n|-damage|p1a: Manaphy|0 fnt\n|faint|p1a: Manaphy\n|\n|upkeep\n|-message|lukyry47 forfeited.\n|\n|win|JygaHTX\n|raw|lukyry47's rating: 1000 &rarr; <strong>1000</strong><br />(+0 for losing)\n|raw|JygaHTX's rating: 1040 &rarr; <strong>1070</strong><br />(+30 for winning)\n|l|\u2606lukyry47\n|player|p1|\n", "inputlog": ">version b107d77f5c90bd6555267ae244a6264823309ead\n>start {\"formatid\":\"gen9randombattle\",\"seed\":[40222,42199,21000,20641],\"rated\":\"Rated battle\"}\n>player p1 {\"name\":\"lukyry47\",\"avatar\":\"170\",\"rating\":1000,\"seed\":[7095,63573,49029,52808]}\n>player p2 {\"name\":\"JygaHTX\",\"avatar\":\"shadowtriad\",\"rating\":1040,\"seed\":[24524,38135,10657,62769]}\n>p1 move dragondance\n>p2 move bulkup\n>p1 move dragondance\n>p2 move knockoff\n>p1 move closecombat\n>p2 move bodyslam\n>p1 switch 5\n>p1 move highjumpkick\n>p2 move slackoff\n>p1 move knockoff\n>p2 move slackoff\n>p1 move highjumpkick\n>p2 move bulkup\n>p1 move highjumpkick\n>p2 move slackoff terastallize\n>p1 move knockoff\n>p2 move bodyslam\n>p1 switch 6\n>p1 move tailglow\n>p2 move knockoff\n>p1 move hydropump\n>p2 move bodyslam\n>forcelose p1", "uploadtime": 1732945917, "views": 19, "formatid": "gen9randombattle", "rating": 1000, "private": 0, "password": null}