{"id": "gen9randombattle-2254081815", "format": "[Gen 9] Random Battle", "players": ["ineedtochange", "XxN00bM4st3rxX69"], "log": "|j|\u2606ineedtochange\n|j|\u2606XxN00bM4st3rxX69\n|t:|1732988995\n|gametype|singles\n|player|p1|ineedtochange|169|1488\n|player|p2|XxN00bM4st3rxX69|169|1519\n|teamsize|p1|6\n|teamsize|p2|6\n|gen|9\n|tier|[Gen 9] Random Battle\n|rated|\n|rule|Species Clause: Limit one of each Pok\u00e9mon\n|rule|HP Percentage Mod: HP is shown in percentages\n|rule|Sleep Clause Mod: Limit one foe put to sleep\n|rule|Illusion Level Mod: Illusion disguises the Pok\u00e9mon's true level\n|\n|t:|1732988995\n|start\n|switch|p1a: Girafarig|Girafarig, L89, F|269/269\n|switch|p2a: Breloom|Breloom, L82, F|233/233\n|turn|1\n|inactive|Battle timer is ON: inactive players will automatically lose when time's up. (requested by XxN00bM4st3rxX69)\n|inactive|ineedtochange also wants the timer to be on.\n|c|\u2606XxN00bM4st3rxX69|I also need to change\n|c|\u2606XxN00bM4st3rxX69|be a better man\n|\n|t:|1732989012\n|switch|p2a: Zarude|Zarude, L78|292/292\n|move|p1a: Girafarig|Nasty Plot|p1a: Girafarig\n|-boost|p1a: Girafarig|spa|2\n|\n|upkeep\n|turn|2\n|\n|t:|1732989022\n|switch|p1a: Probopass|Probopass, L92, M|260/260\n|move|p2a: Zarude|U-turn|p1a: Probopass\n|-resisted|p1a: Probopass\n|-damage|p1a: Probopass|236/260\n|\n|t:|1732989028\n|switch|p2a: Breloom|Breloom, L82, F|233/233|[from] U-turn\n|\n|-heal|p1a: Probopass|252/260|[from] item: Leftovers\n|upkeep\n|turn|3\n|\n|t:|1732989036\n|switch|p1a: Girafarig|Girafarig, L89, F|269/269\n|move|p2a: Breloom|Rock Tomb|p1a: Girafarig\n|-damage|p1a: Girafarig|190/269\n|-unboost|p1a: Girafarig|spe|1\n|-damage|p2a: Breloom|210/233|[from] item: Life Orb\n|\n|upkeep\n|turn|4\n|\n|t:|1732989053\n|switch|p2a: Uxie|Uxie, L83|260/260\n|move|p1a: Girafarig|Dazzling Gleam|p2a: Uxie\n|-damage|p2a: Uxie|218/260\n|\n|-heal|p2a: Uxie|234/260|[from] item: Leftovers\n|upkeep\n|turn|5\n|\n|t:|1732989071\n|switch|p1a: Probopass|Probopass, L92, M|252/260\n|move|p2a: Uxie|Thunder Wave|p1a: Probopass\n|-status|p1a: Probopass|par\n|\n|-heal|p2a: Uxie|250/260|[from] item: Leftovers\n|-heal|p1a: Probopass|260/260 par|[from] item: Leftovers\n|upkeep\n|turn|6\n|\n|t:|1732989083\n|move|p2a: Uxie|Psychic Noise|p1a: Probopass\n|-resisted|p1a: Probopass\n|-damage|p1a: Probopass|240/260 par\n|-start|p1a: Probopass|move: Heal Block\n|move|p1a: Probopass|Iron Defense|p1a: Probopass\n|-boost|p1a: Probopass|def|2\n|\n|-heal|p2a: Uxie|260/260|[from] item: Leftovers\n|upkeep\n|turn|7\n|\n|t:|1732989092\n|move|p2a: Uxie|Encore|p1a: Probopass\n|-start|p1a: Probopass|Encore\n|cant|p1a: Probopass|par\n|\n|-end|p1a: Probopass|move: Heal Block\n|upkeep\n|turn|8\n|\n|t:|1732989097\n|move|p2a: Uxie|U-turn|p1a: Probopass\n|-resisted|p1a: Probopass\n|-damage|p1a: Probopass|234/260 par\n|\n|t:|1732989103\n|switch|p2a: Dragalge|Dragalge, L88, F|258/258|[from] U-turn\n|cant|p1a: Probopass|par\n|\n|-heal|p1a: Probopass|250/260 par|[from] item: Leftovers\n|upkeep\n|turn|9\n|\n|t:|1732989115\n|switch|p1a: Girafarig|Girafarig, L89, F|190/269\n|move|p2a: Dragalge|Focus Blast|p1a: Girafarig\n|-damage|p1a: Girafarig|118/269\n|\n|upkeep\n|turn|10\n|\n|t:|1732989121\n|move|p1a: Girafarig|Dazzling Gleam|p2a: Dragalge\n|-damage|p2a: Dragalge|213/258\n|move|p2a: Dragalge|Toxic|p1a: Girafarig\n|-status|p1a: Girafarig|tox\n|\n|-heal|p2a: Dragalge|229/258|[from] item: Leftovers\n|-damage|p1a: Girafarig|102/269 tox|[from] psn\n|upkeep\n|turn|11\n|\n|t:|1732989129\n|switch|p2a: Zarude|Zarude, L78|292/292\n|move|p1a: Girafarig|Psychic|p2a: Zarude\n|-immune|p2a: Zarude\n|\n|-damage|p1a: Girafarig|70/269 tox|[from] psn\n|upkeep\n|turn|12\n|\n|t:|1732989136\n|move|p2a: Zarude|U-turn|p1a: Girafarig\n|-supereffective|p1a: Girafarig\n|-damage|p1a: Girafarig|0 fnt\n|faint|p1a: Girafarig\n|\n|t:|1732989140\n|switch|p2a: Breloom|Breloom, L82, F|210/233|[from] U-turn\n|\n|upkeep\n|\n|t:|1732989146\n|switch|p1a: Articuno|Articuno, L86|295/295\n|-ability|p1a: Articuno|Pressure\n|turn|13\n|\n|t:|1732989161\n|switch|p2a: Uxie|Uxie, L83|260/260\n|move|p1a: Articuno|Substitute|p1a: Articuno\n|-start|p1a: Articuno|Substitute\n|-damage|p1a: Articuno|222/295\n|\n|upkeep\n|turn|14\n|\n|t:|1732989166\n|move|p2a: Uxie|Encore|p1a: Articuno\n|-start|p1a: Articuno|Encore\n|move|p1a: Articuno|Substitute|p1a: Articuno\n|-fail|p1a: Articuno|move: Substitute\n|\n|upkeep\n|turn|15\n|\n|t:|1732989171\n|move|p2a: Uxie|Psychic Noise|p1a: Articuno\n|-damage|p1a: Articuno|177/295\n|-start|p1a: Articuno|move: Heal Block\n|move|p1a: Articuno|Substitute|p1a: Articuno\n|-fail|p1a: Articuno|move: Substitute\n|\n|upkeep\n|turn|16\n|-message|ineedtochange forfeited.\n|\n|win|XxN00bM4st3rxX69\n|raw|ineedtochange's rating: 1488 &rarr; <strong>1470</strong><br />(-18 for losing)\n|raw|XxN00bM4st3rxX69's rating: 1519 &rarr; <strong>1537</strong><br />(+18 for winning)\n|l|\u2606ineedtochange\n|player|p1|\n", "inputlog": ">version b107d77f5c90bd6555267ae244a6264823309ead\n>start {\"formatid\":\"gen9randombattle\",\"seed\":[18292,59655,9843,9801],\"rated\":\"Rated battle\"}\n>player p1 {\"name\":\"ineedtochange\",\"avatar\":\"169\",\"rating\":1488,\"seed\":[29243,43241,11392,19646]}\n>player p2 {\"name\":\"XxN00bM4st3rxX69\",\"avatar\":\"169\",\"rating\":1519,\"seed\":[41589,5345,27459,46642]}\n>chat \u2606XxN00bM4st3rxX69|I also need to change\n>chat \u2606XxN00bM4st3rxX69|be a better man\n>p1 move nastyplot\n>p2 switch 3\n>p1 switch 6\n>p2 move uturn\n>p2 switch 3\n>p1 switch 6\n>p2 move rocktomb\n>p1 move dazzlinggleam\n>p2 switch 6\n>p1 switch 6\n>p2 move thunderwave\n>p1 move irondefense\n>p2 move psychicnoise\n>p1 move irondefense\n>p2 move encore\n>p1 move irondefense\n>p2 move uturn\n>p2 switch 2\n>p1 switch 6\n>p2 move focusblast\n>p1 move dazzlinggleam\n>p2 move toxic\n>p1 move psychic\n>p2 switch 3\n>p1 move dazzlinggleam\n>p2 move uturn\n>p2 switch 6\n>p1 switch 5\n>p1 move substitute\n>p2 switch 2\n>p1 move freezedry\n>p2 move encore\n>p1 move substitute\n>p2 move psychicnoise\n>forcelose p1", "uploadtime": 1732989180, "views": 1, "formatid": "gen9randombattle", "rating": 1470, "private": 0, "password": null}