{"id": "gen9randombattle-2253810387", "format": "[Gen 9] Random Battle", "players": ["ibibibibbibibbb", "yayaya234"], "log": "|j|\u2606ibibibibbibibbb\n|j|\u2606yayaya234\n|t:|1732941756\n|gametype|singles\n|player|p1|ibibibibbibibbb|crasherwake|1060\n|player|p2|yayaya234|alder|1043\n|teamsize|p1|6\n|teamsize|p2|6\n|gen|9\n|tier|[Gen 9] Random Battle\n|rated|\n|rule|Species Clause: Limit one of each Pok\u00e9mon\n|rule|HP Percentage Mod: HP is shown in percentages\n|rule|Sleep Clause Mod: Limit one foe put to sleep\n|rule|Illusion Level Mod: Illusion disguises the Pok\u00e9mon's true level\n|\n|t:|1732941756\n|start\n|switch|p1a: Lapras|Lapras, L87, M|367/367\n|switch|p2a: Hoopa|Hoopa, L85|275/275\n|turn|1\n|inactive|Battle timer is ON: inactive players will automatically lose when time's up. (requested by ibibibibbibibbb)\n|\n|t:|1732941797\n|move|p2a: Hoopa|Focus Blast|p1a: Lapras\n|-supereffective|p1a: Lapras\n|-damage|p1a: Lapras|78/367\n|-damage|p2a: Hoopa|248/275|[from] item: Life Orb\n|move|p1a: Lapras|Freeze-Dry|p2a: Hoopa\n|-damage|p2a: Hoopa|167/275\n|\n|upkeep\n|turn|2\n|\n|t:|1732941812\n|switch|p1a: Ceruledge|Ceruledge, L78, F|245/245\n|move|p2a: Hoopa|Psychic|p1a: Ceruledge\n|-damage|p1a: Ceruledge|68/245\n|-damage|p2a: Hoopa|140/275|[from] item: Life Orb\n|\n|upkeep\n|turn|3\n|\n|t:|1732941824\n|move|p1a: Ceruledge|Bitter Blade|p2a: Hoopa\n|-damage|p2a: Hoopa|14/275\n|-heal|p1a: Ceruledge|131/245|[from] drain|[of] p2a: Hoopa\n|move|p2a: Hoopa|Psychic|p1a: Ceruledge\n|-damage|p1a: Ceruledge|0 fnt\n|faint|p1a: Ceruledge\n|-damage|p2a: Hoopa|0 fnt|[from] item: Life Orb\n|faint|p2a: Hoopa\n|\n|upkeep\n|inactive|yayaya234 has 120 seconds left.\n|\n|t:|1732941869\n|switch|p1a: Lapras|Lapras, L87, M|78/367\n|switch|p2a: Hitmontop|Hitmontop, L88, M|231/231\n|-ability|p2a: Hitmontop|Intimidate|boost\n|-unboost|p1a: Lapras|atk|1\n|turn|4\n|\n|t:|1732941890\n|move|p2a: Hitmontop|Earthquake|p1a: Lapras\n|-damage|p1a: Lapras|0 fnt\n|faint|p1a: Lapras\n|\n|upkeep\n|\n|t:|1732941902\n|switch|p1a: Eelektross|Eelektross, L87, F|290/290\n|turn|5\n|\n|t:|1732941925\n|switch|p2a: Conkeldurr|Conkeldurr, L80, F|299/299\n|move|p1a: Eelektross|Coil|p1a: Eelektross\n|-boost|p1a: Eelektross|atk|1\n|-boost|p1a: Eelektross|def|1\n|-boost|p1a: Eelektross|accuracy|1\n|\n|-status|p2a: Conkeldurr|brn|[from] item: Flame Orb\n|upkeep\n|turn|6\n|\n|t:|1732941937\n|move|p1a: Eelektross|Knock Off|p2a: Conkeldurr\n|-resisted|p2a: Conkeldurr\n|-damage|p2a: Conkeldurr|232/299 brn\n|-enditem|p2a: Conkeldurr|Flame Orb|[from] move: Knock Off|[of] p1a: Eelektross\n|move|p2a: Conkeldurr|Knock Off|p1a: Eelektross\n|-damage|p1a: Eelektross|202/290\n|-enditem|p1a: Eelektross|Leftovers|[from] move: Knock Off|[of] p2a: Conkeldurr\n|\n|-damage|p2a: Conkeldurr|214/299 brn|[from] brn\n|upkeep\n|turn|7\n|\n|t:|1732941950\n|move|p1a: Eelektross|Supercell Slam|p2a: Conkeldurr\n|-damage|p2a: Conkeldurr|10/299 brn\n|move|p2a: Conkeldurr|Facade|p1a: Eelektross\n|-damage|p1a: Eelektross|64/290\n|\n|-damage|p2a: Conkeldurr|0 fnt|[from] brn\n|faint|p2a: Conkeldurr\n|upkeep\n|\n|t:|1732941963\n|switch|p2a: Corviknight|Corviknight, L80, F|288/288\n|-ability|p2a: Corviknight|Pressure\n|turn|8\n|\n|t:|1732941969\n|move|p2a: Corviknight|Body Press|p1a: Eelektross\n|-damage|p1a: Eelektross|28/290\n|move|p1a: Eelektross|Drain Punch|p2a: Corviknight\n|-damage|p2a: Corviknight|200/288\n|-heal|p1a: Eelektross|72/290|[from] drain|[of] p2a: Corviknight\n|\n|-heal|p2a: Corviknight|218/288|[from] item: Leftovers\n|upkeep\n|turn|9\n|inactive|yayaya234 has 120 seconds left.\n|\n|t:|1732941980\n|move|p2a: Corviknight|Brave Bird|p1a: Eelektross\n|-resisted|p1a: Eelektross\n|-crit|p1a: Eelektross\n|-damage|p1a: Eelektross|0 fnt\n|faint|p1a: Eelektross\n|-damage|p2a: Corviknight|194/288|[from] Recoil\n|\n|-heal|p2a: Corviknight|212/288|[from] item: Leftovers\n|upkeep\n|\n|t:|1732941990\n|switch|p1a: Iron Thorns|Iron Thorns, L83|302/302\n|-enditem|p1a: Iron Thorns|Booster Energy\n|-activate|p1a: Iron Thorns|ability: Quark Drive|[fromitem]\n|-start|p1a: Iron Thorns|quarkdriveatk\n|turn|10\n|\n|t:|1732941998\n|move|p1a: Iron Thorns|Stone Edge|p2a: Corviknight\n|-damage|p2a: Corviknight|65/288\n|move|p2a: Corviknight|Body Press|p1a: Iron Thorns\n|-supereffective|p1a: Iron Thorns\n|-damage|p1a: Iron Thorns|206/302\n|\n|-heal|p2a: Corviknight|83/288|[from] item: Leftovers\n|upkeep\n|turn|11\n|\n|t:|1732942009\n|move|p1a: Iron Thorns|Stone Edge|p2a: Corviknight\n|-damage|p2a: Corviknight|0 fnt\n|faint|p2a: Corviknight\n|\n|upkeep\n|\n|t:|1732942016\n|switch|p2a: Hitmontop|Hitmontop, L88, M|231/231\n|-ability|p2a: Hitmontop|Intimidate|boost\n|-unboost|p1a: Iron Thorns|atk|1\n|turn|12\n|\n|t:|1732942033\n|move|p2a: Hitmontop|Close Combat|p1a: Iron Thorns\n|-supereffective|p1a: Iron Thorns\n|-damage|p1a: Iron Thorns|0 fnt\n|-unboost|p2a: Hitmontop|def|1\n|-unboost|p2a: Hitmontop|spd|1\n|faint|p1a: Iron Thorns\n|-end|p1a: Iron Thorns|Quark Drive|[silent]\n|\n|upkeep\n|\n|t:|1732942045\n|switch|p1a: Leavanny|Leavanny, L86, F|269/269\n|turn|13\n|\n|t:|1732942056\n|switch|p2a: Gliscor|Gliscor, L76, M|239/239\n|move|p1a: Leavanny|Lunge|p2a: Gliscor\n|-resisted|p2a: Gliscor\n|-crit|p2a: Gliscor\n|-damage|p2a: Gliscor|184/239\n|-unboost|p2a: Gliscor|atk|1\n|\n|-status|p2a: Gliscor|tox|[from] item: Toxic Orb\n|upkeep\n|turn|14\n|\n|t:|1732942069\n|move|p1a: Leavanny|Leaf Blade|p2a: Gliscor\n|-crit|p2a: Gliscor\n|-damage|p2a: Gliscor|57/239 tox\n|move|p2a: Gliscor|Toxic|p1a: Leavanny\n|-status|p1a: Leavanny|tox\n|\n|-damage|p1a: Leavanny|253/269 tox|[from] psn\n|-heal|p2a: Gliscor|86/239 tox|[from] ability: Poison Heal\n|upkeep\n|turn|15\n|\n|t:|1732942079\n|move|p2a: Gliscor|Protect|p2a: Gliscor\n|-singleturn|p2a: Gliscor|Protect\n|move|p1a: Leavanny|Leaf Blade|p2a: Gliscor\n|-activate|p2a: Gliscor|move: Protect\n|\n|-damage|p1a: Leavanny|221/269 tox|[from] psn\n|-heal|p2a: Gliscor|115/239 tox|[from] ability: Poison Heal\n|upkeep\n|turn|16\n|\n|t:|1732942097\n|move|p1a: Leavanny|Leaf Blade|p2a: Gliscor\n|-damage|p2a: Gliscor|28/239 tox\n|move|p2a: Gliscor|Earthquake|p1a: Leavanny\n|-resisted|p1a: Leavanny\n|-damage|p1a: Leavanny|208/269 tox\n|\n|-damage|p1a: Leavanny|160/269 tox|[from] psn\n|-heal|p2a: Gliscor|57/239 tox|[from] ability: Poison Heal\n|upkeep\n|turn|17\n|\n|t:|1732942111\n|move|p2a: Gliscor|Protect|p2a: Gliscor\n|-singleturn|p2a: Gliscor|Protect\n|move|p1a: Leavanny|Sticky Web|p2a: Gliscor\n|-sidestart|p2: yayaya234|move: Sticky Web\n|\n|-damage|p1a: Leavanny|96/269 tox|[from] psn\n|-heal|p2a: Gliscor|86/239 tox|[from] ability: Poison Heal\n|upkeep\n|turn|18\n|\n|t:|1732942129\n|move|p1a: Leavanny|Lunge|p2a: Gliscor\n|-resisted|p2a: Gliscor\n|-damage|p2a: Gliscor|47/239 tox\n|-unboost|p2a: Gliscor|atk|1\n|move|p2a: Gliscor|Earthquake|p1a: Leavanny\n|-resisted|p1a: Leavanny\n|-damage|p1a: Leavanny|84/269 tox\n|\n|-damage|p1a: Leavanny|4/269 tox|[from] psn\n|-heal|p2a: Gliscor|76/239 tox|[from] ability: Poison Heal\n|upkeep\n|turn|19\n|\n|t:|1732942146\n|move|p2a: Gliscor|Protect|p2a: Gliscor\n|-singleturn|p2a: Gliscor|Protect\n|move|p1a: Leavanny|Knock Off|p2a: Gliscor\n|-activate|p2a: Gliscor|move: Protect\n|\n|-damage|p1a: Leavanny|0 fnt|[from] psn\n|faint|p1a: Leavanny\n|-heal|p2a: Gliscor|105/239 tox|[from] ability: Poison Heal\n|upkeep\n|\n|t:|1732942156\n|switch|p1a: Primarina|Primarina, L83, M|268/268\n|turn|20\n|\n|t:|1732942171\n|move|p2a: Gliscor|Toxic|p1a: Primarina\n|-status|p1a: Primarina|tox\n|move|p1a: Primarina|Moonblast|p2a: Gliscor\n|-damage|p2a: Gliscor|0 fnt\n|faint|p2a: Gliscor\n|\n|-damage|p1a: Primarina|252/268 tox|[from] psn\n|upkeep\n|\n|t:|1732942186\n|switch|p2a: Hitmontop|Hitmontop, L88, M|231/231\n|-activate|p2a: Hitmontop|move: Sticky Web\n|-unboost|p2a: Hitmontop|spe|1\n|-ability|p2a: Hitmontop|Intimidate|boost\n|-unboost|p1a: Primarina|atk|1\n|turn|21\n|\n|t:|1732942192\n|-terastallize|p1a: Primarina|Water\n|move|p2a: Hitmontop|Sucker Punch|p1a: Primarina\n|-damage|p1a: Primarina|167/268 tox\n|move|p1a: Primarina|Moonblast|p2a: Hitmontop\n|-supereffective|p2a: Hitmontop\n|-damage|p2a: Hitmontop|0 fnt\n|faint|p2a: Hitmontop\n|\n|-damage|p1a: Primarina|135/268 tox|[from] psn\n|upkeep\n|\n|t:|1732942199\n|switch|p2a: Slaking|Slaking, L84, F|389/389\n|-activate|p2a: Slaking|move: Sticky Web\n|-unboost|p2a: Slaking|spe|1\n|turn|22\n|\n|t:|1732942209\n|move|p1a: Primarina|Moonblast|p2a: Slaking\n|-damage|p2a: Slaking|164/389\n|-unboost|p2a: Slaking|spa|1\n|move|p2a: Slaking|Giga Impact|p1a: Primarina\n|-damage|p1a: Primarina|0 fnt\n|-mustrecharge|p2a: Slaking\n|faint|p1a: Primarina\n|\n|win|yayaya234\n|raw|ibibibibbibibbb's rating: 1060 &rarr; <strong>1040</strong><br />(-20 for losing)\n|raw|yayaya234's rating: 1043 &rarr; <strong>1078</strong><br />(+35 for winning)\n", "inputlog": ">version b107d77f5c90bd6555267ae244a6264823309ead\n>start {\"formatid\":\"gen9randombattle\",\"seed\":[25530,8932,55830,49406],\"rated\":\"Rated battle\"}\n>player p1 {\"name\":\"ibibibibbibibbb\",\"avatar\":\"crasherwake\",\"rating\":1060,\"seed\":[22442,38495,6746,55997]}\n>player p2 {\"name\":\"yayaya234\",\"avatar\":\"alder\",\"rating\":1043,\"seed\":[53288,1179,60119,1257]}\n>p1 move freezedry\n>p2 move focusblast\n>p1 switch 5\n>p2 move psychic\n>p1 move bitterblade\n>p2 move psychic\n>p1 switch 5\n>p2 switch 5\n>p1 move icebeam\n>p2 move earthquake\n>p1 switch 6\n>p1 move coil\n>p2 switch 6\n>p1 move knockoff\n>p2 move knockoff\n>p1 move supercellslam\n>p2 move facade\n>p2 switch 4\n>p1 move drainpunch\n>p2 move bodypress\n>p1 move drainpunch\n>p2 move bravebird\n>p1 switch 4\n>p1 move stoneedge\n>p2 move bodypress\n>p1 move stoneedge\n>p2 move roost\n>p2 switch 6\n>p1 move earthquake\n>p2 move closecombat\n>p1 switch 3\n>p1 move lunge\n>p2 switch 3\n>p1 move leafblade\n>p2 move toxic\n>p1 move leafblade\n>p2 move protect\n>p1 move leafblade\n>p2 move earthquake\n>p1 move stickyweb\n>p2 move protect\n>p1 move lunge\n>p2 move earthquake\n>p1 move knockoff\n>p2 move protect\n>p1 switch 2\n>p1 move moonblast\n>p2 move toxic\n>p2 switch 3\n>p1 move moonblast terastallize\n>p2 move suckerpunch\n>p2 switch 2\n>p1 move moonblast\n>p2 move gigaimpact", "uploadtime": 1732942217, "views": 19, "formatid": "gen9randombattle", "rating": 1040, "private": 0, "password": null}