{"id": "gen9randombattle-2254149432", "format": "[Gen 9] Random Battle", "players": ["gippysidechickx2", "Moj0000"], "log": "|j|\u2606gippysidechickx2\n|j|\u2606Moj0000\n|t:|1732997297\n|gametype|singles\n|player|p1|gippysidechickx2|102|\n|player|p2|Moj0000|102|\n|teamsize|p1|6\n|teamsize|p2|6\n|gen|9\n|tier|[Gen 9] Random Battle\n|rule|Species Clause: Limit one of each Pok\u00e9mon\n|rule|HP Percentage Mod: HP is shown in percentages\n|rule|Sleep Clause Mod: Limit one foe put to sleep\n|rule|Illusion Level Mod: Illusion disguises the Pok\u00e9mon's true level\n|\n|t:|1732997297\n|start\n|switch|p1a: Alcremie|Alcremie-Ruby-Swirl, L90, F|263/263\n|switch|p2a: Gothitelle|Gothitelle, L90, F|272/272\n|turn|1\n|\n|t:|1732997307\n|move|p2a: Gothitelle|Calm Mind|p2a: Gothitelle\n|-boost|p2a: Gothitelle|spa|1\n|-boost|p2a: Gothitelle|spd|1\n|move|p1a: Alcremie|Calm Mind|p1a: Alcremie\n|-boost|p1a: Alcremie|spa|1\n|-boost|p1a: Alcremie|spd|1\n|\n|upkeep\n|turn|2\n|\n|t:|1732997324\n|move|p2a: Gothitelle|Calm Mind|p2a: Gothitelle\n|-boost|p2a: Gothitelle|spa|1\n|-boost|p2a: Gothitelle|spd|1\n|move|p1a: Alcremie|Psyshock|p2a: Gothitelle\n|-resisted|p2a: Gothitelle\n|-damage|p2a: Gothitelle|223/272\n|\n|-heal|p2a: Gothitelle|240/272|[from] item: Leftovers\n|upkeep\n|turn|3\n|\n|t:|1732997335\n|move|p2a: Gothitelle|Calm Mind|p2a: Gothitelle\n|-boost|p2a: Gothitelle|spa|1\n|-boost|p2a: Gothitelle|spd|1\n|move|p1a: Alcremie|Alluring Voice|p2a: Gothitelle\n|-damage|p2a: Gothitelle|191/272\n|-start|p2a: Gothitelle|confusion\n|\n|-heal|p2a: Gothitelle|208/272|[from] item: Leftovers\n|upkeep\n|turn|4\n|\n|t:|1732997343\n|-activate|p2a: Gothitelle|confusion\n|-damage|p2a: Gothitelle|194/272|[from] confusion\n|move|p1a: Alcremie|Calm Mind|p1a: Alcremie\n|-boost|p1a: Alcremie|spa|1\n|-boost|p1a: Alcremie|spd|1\n|\n|-heal|p2a: Gothitelle|211/272|[from] item: Leftovers\n|upkeep\n|turn|5\n|\n|t:|1732997357\n|-activate|p2a: Gothitelle|confusion\n|move|p2a: Gothitelle|Calm Mind|p2a: Gothitelle\n|-boost|p2a: Gothitelle|spa|1\n|-boost|p2a: Gothitelle|spd|1\n|move|p1a: Alcremie|Psyshock|p2a: Gothitelle\n|-resisted|p2a: Gothitelle\n|-damage|p2a: Gothitelle|144/272\n|\n|-heal|p2a: Gothitelle|161/272|[from] item: Leftovers\n|upkeep\n|turn|6\n|\n|t:|1732997372\n|-activate|p2a: Gothitelle|confusion\n|-damage|p2a: Gothitelle|146/272|[from] confusion\n|move|p1a: Alcremie|Calm Mind|p1a: Alcremie\n|-boost|p1a: Alcremie|spa|1\n|-boost|p1a: Alcremie|spd|1\n|\n|-heal|p2a: Gothitelle|163/272|[from] item: Leftovers\n|upkeep\n|turn|7\n|\n|t:|1732997389\n|-end|p2a: Gothitelle|confusion\n|move|p2a: Gothitelle|Psychic Noise|p1a: Alcremie\n|-damage|p1a: Alcremie|190/263\n|-block|p1a: Alcremie|ability: Aroma Veil|[of] p1a: Alcremie\n|move|p1a: Alcremie|Psyshock|p2a: Gothitelle\n|-resisted|p2a: Gothitelle\n|-damage|p2a: Gothitelle|84/272\n|\n|-heal|p2a: Gothitelle|101/272|[from] item: Leftovers\n|-heal|p1a: Alcremie|206/263|[from] item: Leftovers\n|upkeep\n|turn|8\n|\n|t:|1732997408\n|move|p2a: Gothitelle|Psychic Noise|p1a: Alcremie\n|-damage|p1a: Alcremie|130/263\n|-block|p1a: Alcremie|ability: Aroma Veil|[of] p1a: Alcremie\n|move|p1a: Alcremie|Calm Mind|p1a: Alcremie\n|-boost|p1a: Alcremie|spa|1\n|-boost|p1a: Alcremie|spd|1\n|\n|-heal|p2a: Gothitelle|118/272|[from] item: Leftovers\n|-heal|p1a: Alcremie|146/263|[from] item: Leftovers\n|upkeep\n|turn|9\n|\n|t:|1732997419\n|move|p2a: Gothitelle|Psychic Noise|p1a: Alcremie\n|-damage|p1a: Alcremie|80/263\n|-block|p1a: Alcremie|ability: Aroma Veil|[of] p1a: Alcremie\n|move|p1a: Alcremie|Psyshock|p2a: Gothitelle\n|-resisted|p2a: Gothitelle\n|-damage|p2a: Gothitelle|29/272\n|\n|-heal|p2a: Gothitelle|46/272|[from] item: Leftovers\n|-heal|p1a: Alcremie|96/263|[from] item: Leftovers\n|upkeep\n|turn|10\n|\n|t:|1732997430\n|move|p2a: Gothitelle|Psychic Noise|p1a: Alcremie\n|-crit|p1a: Alcremie\n|-damage|p1a: Alcremie|0 fnt\n|faint|p1a: Alcremie\n|\n|-heal|p2a: Gothitelle|63/272|[from] item: Leftovers\n|upkeep\n|\n|t:|1732997440\n|switch|p1a: Hydrapple|Hydrapple, L83, F|312/312\n|turn|11\n|\n|t:|1732997453\n|move|p2a: Gothitelle|Psychic Noise|p1a: Hydrapple\n|-damage|p1a: Hydrapple|27/312\n|-start|p1a: Hydrapple|move: Heal Block\n|move|p1a: Hydrapple|Fickle Beam|p2a: Gothitelle\n|-damage|p2a: Gothitelle|36/272\n|\n|-heal|p2a: Gothitelle|53/272|[from] item: Leftovers\n|upkeep\n|turn|12\n|\n|t:|1732997480\n|move|p2a: Gothitelle|Psychic Noise|p1a: Hydrapple\n|-damage|p1a: Hydrapple|0 fnt\n|faint|p1a: Hydrapple\n|\n|-heal|p2a: Gothitelle|70/272|[from] item: Leftovers\n|upkeep\n|\n|t:|1732997488\n|switch|p1a: Oricorio|Oricorio-Pom-Pom, L82, M|257/257\n|turn|13\n|\n|t:|1732997499\n|move|p1a: Oricorio|Hurricane|p2a: Gothitelle\n|-damage|p2a: Gothitelle|43/272\n|move|p2a: Gothitelle|Psychic Noise|p1a: Oricorio\n|-damage|p1a: Oricorio|0 fnt\n|faint|p1a: Oricorio\n|\n|-heal|p2a: Gothitelle|60/272|[from] item: Leftovers\n|upkeep\n|\n|t:|1732997508\n|switch|p1a: Meloetta|Meloetta, L82|298/298\n|turn|14\n|\n|t:|1732997518\n|move|p1a: Meloetta|Close Combat|p2a: Gothitelle\n|-resisted|p2a: Gothitelle\n|-damage|p2a: Gothitelle|22/272\n|-unboost|p1a: Meloetta|def|1\n|-unboost|p1a: Meloetta|spd|1\n|-damage|p1a: Meloetta|269/298|[from] item: Life Orb\n|move|p2a: Gothitelle|Thunderbolt|p1a: Meloetta\n|-damage|p1a: Meloetta|7/298\n|-status|p1a: Meloetta|par\n|\n|-heal|p2a: Gothitelle|39/272|[from] item: Leftovers\n|upkeep\n|turn|15\n|\n|t:|1732997530\n|move|p2a: Gothitelle|Thunderbolt|p1a: Meloetta\n|-damage|p1a: Meloetta|0 fnt\n|faint|p1a: Meloetta\n|\n|-heal|p2a: Gothitelle|56/272|[from] item: Leftovers\n|upkeep\n|\n|t:|1732997535\n|switch|p1a: Groudon|Groudon, L72|263/263\n|-weather|SunnyDay|[from] ability: Drought|[of] p1a: Groudon\n|turn|16\n|\n|t:|1732997554\n|-terastallize|p1a: Groudon|Fire\n|-terastallize|p2a: Gothitelle|Fighting\n|move|p1a: Groudon|Precipice Blades|p2a: Gothitelle\n|-damage|p2a: Gothitelle|0 fnt\n|faint|p2a: Gothitelle\n|\n|-weather|SunnyDay|[upkeep]\n|upkeep\n|\n|t:|1732997565\n|switch|p2a: Garchomp|Garchomp, L74, M|282/282\n|turn|17\n|\n|t:|1732997576\n|move|p2a: Garchomp|Earthquake|p1a: Groudon\n|-supereffective|p1a: Groudon\n|-damage|p1a: Groudon|101/263\n|move|p1a: Groudon|Heat Crash|p2a: Garchomp\n|-resisted|p2a: Garchomp\n|-damage|p2a: Garchomp|180/282\n|-damage|p1a: Groudon|69/263|[from] ability: Rough Skin|[of] p2a: Garchomp\n|\n|-weather|SunnyDay|[upkeep]\n|-heal|p1a: Groudon|85/263|[from] item: Leftovers\n|upkeep\n|turn|18\n|\n|t:|1732997585\n|move|p2a: Garchomp|Earthquake|p1a: Groudon\n|-supereffective|p1a: Groudon\n|-damage|p1a: Groudon|0 fnt\n|faint|p1a: Groudon\n|\n|-weather|SunnyDay|[upkeep]\n|upkeep\n|\n|t:|1732997592\n|switch|p1a: Hypno|Hypno, L95, F|315/315\n|turn|19\n|\n|t:|1732997598\n|move|p2a: Garchomp|Swords Dance|p2a: Garchomp\n|-boost|p2a: Garchomp|atk|2\n|move|p1a: Hypno|Psychic Noise|p2a: Garchomp\n|-damage|p2a: Garchomp|75/282\n|-start|p2a: Garchomp|move: Heal Block\n|\n|-weather|SunnyDay|[upkeep]\n|upkeep\n|turn|20\n|\n|t:|1732997609\n|move|p1a: Hypno|Protect|p1a: Hypno\n|-singleturn|p1a: Hypno|Protect\n|move|p2a: Garchomp|Earthquake|p1a: Hypno\n|-activate|p1a: Hypno|move: Protect\n|\n|-weather|none\n|-end|p2a: Garchomp|move: Heal Block\n|upkeep\n|turn|21\n|\n|t:|1732997617\n|move|p2a: Garchomp|Earthquake|p1a: Hypno\n|-damage|p1a: Hypno|99/315\n|move|p1a: Hypno|Psychic Noise|p2a: Garchomp\n|-damage|p2a: Garchomp|0 fnt\n|faint|p2a: Garchomp\n|\n|-heal|p1a: Hypno|118/315|[from] item: Leftovers\n|upkeep\n|\n|t:|1732997627\n|switch|p2a: Weavile|Weavile, L79, F|240/240\n|turn|22\n|\n|t:|1732997631\n|move|p1a: Hypno|Protect|p1a: Hypno\n|-singleturn|p1a: Hypno|Protect\n|move|p2a: Weavile|Knock Off|p1a: Hypno\n|-activate|p1a: Hypno|move: Protect\n|\n|-heal|p1a: Hypno|137/315|[from] item: Leftovers\n|upkeep\n|turn|23\n|\n|t:|1732997638\n|move|p2a: Weavile|Knock Off|p1a: Hypno\n|-supereffective|p1a: Hypno\n|-damage|p1a: Hypno|0 fnt\n|-enditem|p1a: Hypno|Leftovers|[from] move: Knock Off|[of] p2a: Weavile\n|faint|p1a: Hypno\n|\n|win|Moj0000\n|l|\u2606gippysidechickx2\n|player|p1|\n", "inputlog": ">version b107d77f5c90bd6555267ae244a6264823309ead\n>start {\"formatid\":\"gen9randombattle\",\"seed\":[50778,48548,990,21562]}\n>player p1 {\"name\":\"gippysidechickx2\",\"avatar\":\"102\",\"rating\":0,\"seed\":[41576,38533,60103,49314]}\n>player p2 {\"name\":\"Moj0000\",\"avatar\":\"102\",\"rating\":0,\"seed\":[6315,54893,53635,64079]}\n>p1 move calmmind\n>p2 move calmmind\n>p1 move psyshock\n>p2 move calmmind\n>p1 move alluringvoice\n>p2 move calmmind\n>p1 move calmmind\n>p2 move calmmind\n>p1 move psyshock\n>p2 move calmmind\n>p1 move calmmind\n>p2 move psychicnoise\n>p1 move psyshock\n>p2 move psychicnoise\n>p1 move calmmind\n>p2 move psychicnoise\n>p1 move psyshock\n>p2 move psychicnoise\n>p1 move recover\n>p2 move psychicnoise\n>p1 switch 6\n>p1 move ficklebeam\n>p2 move psychicnoise\n>p1 move earthpower\n>p2 move psychicnoise\n>p1 switch 2\n>p1 move hurricane\n>p2 move psychicnoise\n>p1 switch 3\n>p1 move closecombat\n>p2 move thunderbolt\n>p1 move closecombat\n>p2 move thunderbolt\n>p1 switch 4\n>p1 move precipiceblades terastallize\n>p2 move focusblast terastallize\n>p2 switch 2\n>p1 move heatcrash\n>p2 move earthquake\n>p1 move thunderwave\n>p2 move earthquake\n>p1 switch 5\n>p1 move psychicnoise\n>p2 move swordsdance\n>p1 move protect\n>p2 move earthquake\n>p1 move psychicnoise\n>p2 move earthquake\n>p2 switch 5\n>p1 move protect\n>p2 move knockoff\n>p1 move focusblast\n>p2 move knockoff", "uploadtime": 1732997645, "views": 4, "formatid": "gen9randombattle", "rating": null, "private": 0, "password": null}