{"id": "gen9randombattle-2253912691", "format": "[Gen 9] Random Battle", "players": ["centauro07", "manolovm01"], "log": "|j|\u2606centauro07\n|j|\u2606manolovm01\n|t:|1732962352\n|gametype|singles\n|player|p1|centauro07|lucas|1065\n|player|p2|manolovm01|102|1086\n|teamsize|p1|6\n|teamsize|p2|6\n|gen|9\n|tier|[Gen 9] Random Battle\n|rated|\n|rule|Species Clause: Limit one of each Pok\u00e9mon\n|rule|HP Percentage Mod: HP is shown in percentages\n|rule|Sleep Clause Mod: Limit one foe put to sleep\n|rule|Illusion Level Mod: Illusion disguises the Pok\u00e9mon's true level\n|\n|t:|1732962352\n|start\n|switch|p1a: Spiritomb|Spiritomb, L89, M|234/234\n|switch|p2a: Porygon-Z|Porygon-Z, L83|277/277\n|turn|1\n|\n|t:|1732962375\n|move|p1a: Spiritomb|Sucker Punch||[still]\n|-fail|p1a: Spiritomb\n|move|p2a: Porygon-Z|Agility|p2a: Porygon-Z\n|-boost|p2a: Porygon-Z|spe|2\n|\n|upkeep\n|turn|2\n|inactive|Battle timer is ON: inactive players will automatically lose when time's up. (requested by manolovm01)\n|\n|t:|1732962387\n|switch|p1a: Raikou|Raikou, L81|278/278\n|-ability|p1a: Raikou|Pressure\n|move|p2a: Porygon-Z|Nasty Plot|p2a: Porygon-Z\n|-boost|p2a: Porygon-Z|spa|2\n|\n|upkeep\n|turn|3\n|\n|t:|1732962399\n|move|p2a: Porygon-Z|Shadow Ball|p1a: Raikou\n|-damage|p1a: Raikou|93/278\n|-damage|p2a: Porygon-Z|250/277|[from] item: Life Orb\n|move|p1a: Raikou|Thunderbolt|p2a: Porygon-Z\n|-crit|p2a: Porygon-Z\n|-damage|p2a: Porygon-Z|0 fnt\n|faint|p2a: Porygon-Z\n|\n|upkeep\n|\n|t:|1732962425\n|switch|p2a: Muk|Muk-Alola, L82, F|306/306\n|turn|4\n|\n|t:|1732962432\n|move|p1a: Raikou|Thunderbolt|p2a: Muk\n|-damage|p2a: Muk|204/306\n|move|p2a: Muk|Drain Punch|p1a: Raikou\n|-damage|p1a: Raikou|35/278\n|-heal|p2a: Muk|233/306|[from] drain|[of] p1a: Raikou\n|\n|upkeep\n|turn|5\n|\n|t:|1732962440\n|move|p1a: Raikou|Thunderbolt|p2a: Muk\n|-damage|p2a: Muk|142/306\n|move|p2a: Muk|Drain Punch|p1a: Raikou\n|-damage|p1a: Raikou|0 fnt\n|-heal|p2a: Muk|160/306|[from] drain|[of] p1a: Raikou\n|faint|p1a: Raikou\n|\n|upkeep\n|\n|t:|1732962452\n|switch|p1a: Bastiodon|Bastiodon, L89, F|252/252\n|turn|6\n|\n|t:|1732962460\n|move|p2a: Muk|Drain Punch|p1a: Bastiodon\n|-supereffective|p1a: Bastiodon\n|-damage|p1a: Bastiodon|140/252\n|-heal|p2a: Muk|216/306|[from] drain|[of] p1a: Bastiodon\n|move|p1a: Bastiodon|Body Press|p2a: Muk\n|-damage|p2a: Muk|109/306\n|\n|upkeep\n|turn|7\n|\n|t:|1732962473\n|move|p2a: Muk|Drain Punch|p1a: Bastiodon\n|-supereffective|p1a: Bastiodon\n|-damage|p1a: Bastiodon|28/252\n|-heal|p2a: Muk|165/306|[from] drain|[of] p1a: Bastiodon\n|move|p1a: Bastiodon|Iron Defense|p1a: Bastiodon\n|-boost|p1a: Bastiodon|def|2\n|\n|upkeep\n|turn|8\n|\n|t:|1732962489\n|switch|p1a: Spiritomb|Spiritomb, L89, M|234/234\n|move|p2a: Muk|Drain Punch|p1a: Spiritomb\n|-immune|p1a: Spiritomb\n|\n|upkeep\n|turn|9\n|\n|t:|1732962500\n|move|p1a: Spiritomb|Sucker Punch|p2a: Muk\n|-resisted|p2a: Muk\n|-damage|p2a: Muk|91/306\n|move|p2a: Muk|Knock Off|p1a: Spiritomb\n|-crit|p1a: Spiritomb\n|-damage|p1a: Spiritomb|117/234\n|-enditem|p1a: Spiritomb|Choice Band|[from] move: Knock Off|[of] p2a: Muk\n|\n|upkeep\n|turn|10\n|\n|t:|1732962515\n|move|p1a: Spiritomb|Sucker Punch|p2a: Muk\n|-resisted|p2a: Muk\n|-damage|p2a: Muk|46/306\n|move|p2a: Muk|Ice Punch|p1a: Spiritomb\n|-damage|p1a: Spiritomb|77/234\n|\n|upkeep\n|turn|11\n|\n|t:|1732962535\n|switch|p2a: Metagross|Metagross, L79|256/256\n|move|p1a: Spiritomb|Foul Play|p2a: Metagross\n|-supereffective|p2a: Metagross\n|-damage|p2a: Metagross|44/256\n|-enditem|p2a: Metagross|Weakness Policy\n|-boost|p2a: Metagross|atk|2|[from] item: Weakness Policy\n|-boost|p2a: Metagross|spa|2|[from] item: Weakness Policy\n|\n|upkeep\n|turn|12\n|\n|t:|1732962552\n|move|p1a: Spiritomb|Shadow Sneak|p2a: Metagross\n|-supereffective|p2a: Metagross\n|-damage|p2a: Metagross|0 fnt\n|faint|p2a: Metagross\n|\n|upkeep\n|inactive|manolovm01 has 120 seconds left.\n|\n|t:|1732962584\n|switch|p2a: Golem|Golem-Alola, L93, M|300/300\n|turn|13\n|\n|t:|1732962593\n|move|p1a: Spiritomb|Shadow Sneak|p2a: Golem\n|-damage|p2a: Golem|267/300\n|move|p2a: Golem|Earthquake|p1a: Spiritomb\n|-damage|p1a: Spiritomb|0 fnt\n|faint|p1a: Spiritomb\n|\n|upkeep\n|\n|t:|1732962608\n|switch|p1a: Bellossom|Bellossom, L84, M|263/263\n|turn|14\n|\n|t:|1732962620\n|switch|p2a: Flutter Mane|Flutter Mane, L74|203/203\n|move|p1a: Bellossom|Giga Drain|p2a: Flutter Mane\n|-damage|p2a: Flutter Mane|143/203\n|\n|upkeep\n|turn|15\n|\n|t:|1732962630\n|move|p2a: Flutter Mane|Calm Mind|p2a: Flutter Mane\n|-boost|p2a: Flutter Mane|spa|1\n|-boost|p2a: Flutter Mane|spd|1\n|move|p1a: Bellossom|Sleep Powder|p2a: Flutter Mane|[miss]\n|-miss|p1a: Bellossom|p2a: Flutter Mane\n|\n|upkeep\n|turn|16\n|\n|t:|1732962644\n|switch|p1a: Bastiodon|Bastiodon, L89, F|28/252\n|move|p2a: Flutter Mane|Mystical Fire|p1a: Bastiodon\n|-damage|p1a: Bastiodon|0 fnt\n|faint|p1a: Bastiodon\n|-damage|p2a: Flutter Mane|123/203|[from] item: Life Orb\n|\n|upkeep\n|inactive|centauro07 has 120 seconds left.\n|\n|t:|1732962673\n|switch|p1a: Bellossom|Bellossom, L84, M|263/263\n|turn|17\n|\n|t:|1732962679\n|move|p2a: Flutter Mane|Mystical Fire|p1a: Bellossom\n|-supereffective|p1a: Bellossom\n|-damage|p1a: Bellossom|58/263\n|-unboost|p1a: Bellossom|spa|1\n|-damage|p2a: Flutter Mane|103/203|[from] item: Life Orb\n|move|p1a: Bellossom|Giga Drain|p2a: Flutter Mane\n|-damage|p2a: Flutter Mane|73/203\n|-heal|p1a: Bellossom|73/263|[from] drain|[of] p2a: Flutter Mane\n|\n|-heal|p1a: Bellossom|89/263|[from] item: Leftovers\n|upkeep\n|turn|18\n|\n|t:|1732962694\n|move|p2a: Flutter Mane|Moonblast|p1a: Bellossom\n|-damage|p1a: Bellossom|0 fnt\n|faint|p1a: Bellossom\n|-damage|p2a: Flutter Mane|53/203|[from] item: Life Orb\n|\n|upkeep\n|\n|t:|1732962702\n|switch|p1a: Brambleghast|Brambleghast, L88, M|240/240\n|turn|19\n|\n|t:|1732962711\n|-terastallize|p1a: Brambleghast|Water\n|move|p2a: Flutter Mane|Shadow Ball|p1a: Brambleghast\n|-damage|p1a: Brambleghast|48/240\n|-damage|p2a: Flutter Mane|33/203|[from] item: Life Orb\n|move|p1a: Brambleghast|Poltergeist|p2a: Flutter Mane\n|-activate|p2a: Flutter Mane|move: Poltergeist|Life Orb\n|-supereffective|p2a: Flutter Mane\n|-damage|p2a: Flutter Mane|0 fnt\n|faint|p2a: Flutter Mane\n|-end|p2a: Flutter Mane|Protosynthesis|[silent]\n|\n|-heal|p1a: Brambleghast|63/240|[from] item: Leftovers\n|upkeep\n|\n|t:|1732962727\n|switch|p2a: Calyrex|Calyrex-Shadow, L64|235/235\n|-ability|p2a: Calyrex|As One\n|-ability|p2a: Calyrex|Unnerve\n|turn|20\n|\n|t:|1732962745\n|move|p2a: Calyrex|Astral Barrage|p1a: Brambleghast\n|-damage|p1a: Brambleghast|0 fnt\n|faint|p1a: Brambleghast\n|-ability|p2a: Calyrex|Grim Neigh|boost\n|-boost|p2a: Calyrex|spa|1\n|-damage|p2a: Calyrex|212/235|[from] item: Life Orb\n|\n|upkeep\n|\n|t:|1732962754\n|switch|p1a: Necrozma|Necrozma-Dusk-Mane, L69|248/248\n|turn|21\n|\n|t:|1732962778\n|move|p2a: Calyrex|Astral Barrage|p1a: Necrozma\n|-supereffective|p1a: Necrozma\n|-damage|p1a: Necrozma|0 fnt\n|faint|p1a: Necrozma\n|-damage|p2a: Calyrex|189/235|[from] item: Life Orb\n|\n|win|manolovm01\n|raw|centauro07's rating: 1065 &rarr; <strong>1046</strong><br />(-19 for losing)\n|raw|manolovm01's rating: 1086 &rarr; <strong>1111</strong><br />(+25 for winning)\n|l|\u2606centauro07\n|player|p1|\n", "inputlog": ">version b107d77f5c90bd6555267ae244a6264823309ead\n>start {\"formatid\":\"gen9randombattle\",\"seed\":[55023,45734,60002,30654],\"rated\":\"Rated battle\"}\n>player p1 {\"name\":\"centauro07\",\"avatar\":\"lucas\",\"rating\":1065,\"seed\":[28263,1561,10642,42614]}\n>player p2 {\"name\":\"manolovm01\",\"avatar\":\"102\",\"rating\":1086,\"seed\":[58516,22367,64972,34299]}\n>p1 move suckerpunch\n>p2 move agility\n>p1 switch 4\n>p2 move nastyplot\n>p1 move thunderbolt\n>p2 move shadowball\n>p2 switch 5\n>p1 move thunderbolt\n>p2 move drainpunch\n>p1 move thunderbolt\n>p2 move drainpunch\n>p1 switch 2\n>p1 move bodypress\n>p2 move drainpunch\n>p1 move irondefense\n>p2 move drainpunch\n>p1 switch 4\n>p2 move drainpunch\n>p1 move suckerpunch\n>p2 move knockoff\n>p1 move suckerpunch\n>p2 move icepunch\n>p1 move foulplay\n>p2 switch 4\n>p1 move shadowsneak\n>p2 move agility\n>p2 switch 2\n>p1 move shadowsneak\n>p2 move earthquake\n>p1 switch 5\n>p1 move gigadrain\n>p2 switch 3\n>p1 move sleeppowder\n>p2 move calmmind\n>p1 switch 4\n>p2 move mysticalfire\n>p1 switch 4\n>p1 move gigadrain\n>p2 move mysticalfire\n>p1 move gigadrain\n>p2 move moonblast\n>p1 switch 6\n>p1 move poltergeist terastallize\n>p2 move shadowball\n>p2 switch 6\n>p1 move poltergeist\n>p2 move astralbarrage\n>p1 switch 3\n>p1 move sunsteelstrike\n>p2 move astralbarrage", "uploadtime": 1732962787, "views": 1, "formatid": "gen9randombattle", "rating": 1046, "private": 0, "password": null}