{"id": "gen9randombattle-2253915431", "format": "[Gen 9] Random Battle", "players": ["J5D6I5V8", "ClairStepOnMePlzz"], "log": "|j|\u2606J5D6I5V8\n|j|\u2606ClairStepOnMePlzz\n|t:|1732962940\n|gametype|singles\n|player|p1|J5D6I5V8|265|1340\n|player|p2|ClairStepOnMePlzz|clair|1327\n|teamsize|p1|6\n|teamsize|p2|6\n|gen|9\n|tier|[Gen 9] Random Battle\n|rated|\n|rule|Species Clause: Limit one of each Pok\u00e9mon\n|rule|HP Percentage Mod: HP is shown in percentages\n|rule|Sleep Clause Mod: Limit one foe put to sleep\n|rule|Illusion Level Mod: Illusion disguises the Pok\u00e9mon's true level\n|\n|t:|1732962940\n|start\n|switch|p1a: Salamence|Salamence, L77, F|273/273\n|switch|p2a: Salamence|Salamence, L77, M|273/273\n|-ability|p1a: Salamence|Intimidate|boost\n|-unboost|p2a: Salamence|atk|1\n|turn|1\n|\n|t:|1732962997\n|switch|p2a: Misdreavus|Misdreavus, L90, M|254/254\n|move|p1a: Salamence|Outrage|p2a: Misdreavus\n|-damage|p2a: Misdreavus|145/254\n|\n|upkeep\n|turn|2\n|\n|t:|1732963010\n|move|p2a: Misdreavus|Will-O-Wisp|p1a: Salamence\n|-status|p1a: Salamence|brn\n|move|p1a: Salamence|Outrage|p2a: Misdreavus|[from]lockedmove\n|-damage|p2a: Misdreavus|87/254\n|\n|-damage|p1a: Salamence|256/273 brn|[from] brn\n|upkeep\n|turn|3\n|\n|t:|1732963020\n|move|p2a: Misdreavus|Draining Kiss|p1a: Salamence\n|-supereffective|p1a: Salamence\n|-damage|p1a: Salamence|168/273 brn\n|-heal|p2a: Misdreavus|153/254|[from] drain|[of] p1a: Salamence\n|move|p1a: Salamence|Outrage|p2a: Misdreavus|[from]lockedmove\n|-damage|p2a: Misdreavus|93/254\n|-start|p1a: Salamence|confusion|[fatigue]\n|\n|-damage|p1a: Salamence|151/273 brn|[from] brn\n|upkeep\n|turn|4\n|\n|t:|1732963037\n|switch|p1a: Masquerain|Masquerain, L87, M|264/264\n|-ability|p1a: Masquerain|Intimidate|boost\n|-unboost|p2a: Misdreavus|atk|1\n|move|p2a: Misdreavus|Calm Mind|p2a: Misdreavus\n|-boost|p2a: Misdreavus|spa|1\n|-boost|p2a: Misdreavus|spd|1\n|\n|upkeep\n|turn|5\n|\n|t:|1732963055\n|move|p2a: Misdreavus|Shadow Ball|p1a: Masquerain\n|-damage|p1a: Masquerain|135/264\n|move|p1a: Masquerain|Sticky Web|p2a: Misdreavus\n|-sidestart|p2: ClairStepOnMePlzz|move: Sticky Web\n|\n|upkeep\n|turn|6\n|\n|t:|1732963068\n|move|p2a: Misdreavus|Calm Mind|p2a: Misdreavus\n|-boost|p2a: Misdreavus|spa|1\n|-boost|p2a: Misdreavus|spd|1\n|move|p1a: Masquerain|U-turn|p2a: Misdreavus\n|-resisted|p2a: Misdreavus\n|-damage|p2a: Misdreavus|69/254\n|\n|t:|1732963099\n|switch|p1a: Gothitelle|Gothitelle, L90, F|272/272|[from] U-turn\n|\n|upkeep\n|turn|7\n|inactive|Battle timer is ON: inactive players will automatically lose when time's up. (requested by ClairStepOnMePlzz)\n|\n|t:|1732963119\n|-terastallize|p1a: Gothitelle|Fighting\n|move|p2a: Misdreavus|Shadow Ball|p1a: Gothitelle\n|-damage|p1a: Gothitelle|130/272\n|move|p1a: Gothitelle|Calm Mind|p1a: Gothitelle\n|-boost|p1a: Gothitelle|spa|1\n|-boost|p1a: Gothitelle|spd|1\n|\n|-heal|p1a: Gothitelle|147/272|[from] item: Leftovers\n|upkeep\n|turn|8\n|\n|t:|1732963146\n|move|p2a: Misdreavus|Draining Kiss|p1a: Gothitelle\n|-supereffective|p1a: Gothitelle\n|-damage|p1a: Gothitelle|71/272\n|-heal|p2a: Misdreavus|126/254|[from] drain|[of] p1a: Gothitelle\n|move|p1a: Gothitelle|Thunderbolt|p2a: Misdreavus\n|-damage|p2a: Misdreavus|91/254\n|\n|-heal|p1a: Gothitelle|88/272|[from] item: Leftovers\n|upkeep\n|turn|9\n|\n|t:|1732963165\n|move|p2a: Misdreavus|Shadow Ball|p1a: Gothitelle\n|-damage|p1a: Gothitelle|0 fnt\n|faint|p1a: Gothitelle\n|\n|upkeep\n|\n|t:|1732963173\n|switch|p1a: Ursaluna|Ursaluna-Bloodmoon, L79, M|308/308\n|turn|10\n|inactive|J5D6I5V8 has 120 seconds left.\n|inactive|ClairStepOnMePlzz has 120 seconds left.\n|\n|t:|1732963203\n|move|p2a: Misdreavus|Draining Kiss|p1a: Ursaluna\n|-damage|p1a: Ursaluna|214/308\n|-heal|p2a: Misdreavus|162/254|[from] drain|[of] p1a: Ursaluna\n|move|p1a: Ursaluna|Calm Mind|p1a: Ursaluna\n|-boost|p1a: Ursaluna|spa|1\n|-boost|p1a: Ursaluna|spd|1\n|\n|-heal|p1a: Ursaluna|233/308|[from] item: Leftovers\n|upkeep\n|turn|11\n|inactive|J5D6I5V8 has 120 seconds left.\n|inactive|ClairStepOnMePlzz has 120 seconds left.\n|\n|t:|1732963217\n|move|p2a: Misdreavus|Draining Kiss|p1a: Ursaluna\n|-damage|p1a: Ursaluna|173/308\n|-heal|p2a: Misdreavus|207/254|[from] drain|[of] p1a: Ursaluna\n|move|p1a: Ursaluna|Calm Mind|p1a: Ursaluna\n|-boost|p1a: Ursaluna|spa|1\n|-boost|p1a: Ursaluna|spd|1\n|\n|-heal|p1a: Ursaluna|192/308|[from] item: Leftovers\n|upkeep\n|turn|12\n|inactive|J5D6I5V8 has 120 seconds left.\n|inactive|ClairStepOnMePlzz has 120 seconds left.\n|\n|t:|1732963235\n|move|p2a: Misdreavus|Draining Kiss|p1a: Ursaluna\n|-damage|p1a: Ursaluna|142/308\n|-heal|p2a: Misdreavus|245/254|[from] drain|[of] p1a: Ursaluna\n|move|p1a: Ursaluna|Calm Mind|p1a: Ursaluna\n|-boost|p1a: Ursaluna|spa|1\n|-boost|p1a: Ursaluna|spd|1\n|\n|-heal|p1a: Ursaluna|161/308|[from] item: Leftovers\n|upkeep\n|turn|13\n|inactive|ClairStepOnMePlzz has 120 seconds left.\n|\n|t:|1732963251\n|move|p2a: Misdreavus|Calm Mind|p2a: Misdreavus\n|-boost|p2a: Misdreavus|spa|1\n|-boost|p2a: Misdreavus|spd|1\n|move|p1a: Ursaluna|Moonlight|p1a: Ursaluna\n|-heal|p1a: Ursaluna|308/308\n|\n|upkeep\n|turn|14\n|inactive|ClairStepOnMePlzz has 120 seconds left.\n|\n|t:|1732963262\n|move|p2a: Misdreavus|Calm Mind|p2a: Misdreavus\n|-boost|p2a: Misdreavus|spa|1\n|-boost|p2a: Misdreavus|spd|1\n|move|p1a: Ursaluna|Calm Mind|p1a: Ursaluna\n|-boost|p1a: Ursaluna|spa|1\n|-boost|p1a: Ursaluna|spd|1\n|\n|upkeep\n|turn|15\n|\n|t:|1732963271\n|move|p2a: Misdreavus|Calm Mind|p2a: Misdreavus\n|-boost|p2a: Misdreavus|spa|1\n|-boost|p2a: Misdreavus|spd|1\n|move|p1a: Ursaluna|Calm Mind|p1a: Ursaluna\n|-boost|p1a: Ursaluna|spa|1\n|-boost|p1a: Ursaluna|spd|1\n|\n|upkeep\n|turn|16\n|inactive|J5D6I5V8 has 120 seconds left.\n|\n|t:|1732963278\n|move|p2a: Misdreavus|Calm Mind|p2a: Misdreavus\n|-boost|p2a: Misdreavus|spa|1\n|-boost|p2a: Misdreavus|spd|1\n|move|p1a: Ursaluna|Calm Mind|p1a: Ursaluna\n|-boost|p1a: Ursaluna|spa|1\n|-boost|p1a: Ursaluna|spd|1\n|\n|upkeep\n|turn|17\n|\n|t:|1732963287\n|move|p2a: Misdreavus|Draining Kiss|p1a: Ursaluna\n|-damage|p1a: Ursaluna|254/308\n|-heal|p2a: Misdreavus|254/254|[from] drain|[of] p1a: Ursaluna\n|move|p1a: Ursaluna|Earth Power|p2a: Misdreavus\n|-immune|p2a: Misdreavus|[from] ability: Levitate\n|\n|-heal|p1a: Ursaluna|273/308|[from] item: Leftovers\n|upkeep\n|turn|18\n|\n|t:|1732963300\n|move|p2a: Misdreavus|Draining Kiss|p1a: Ursaluna\n|-damage|p1a: Ursaluna|225/308\n|move|p1a: Ursaluna|Blood Moon|p2a: Misdreavus\n|-damage|p2a: Misdreavus|134/254\n|\n|-heal|p1a: Ursaluna|244/308|[from] item: Leftovers\n|upkeep\n|turn|19\n|\n|t:|1732963313\n|move|p2a: Misdreavus|Draining Kiss|p1a: Ursaluna\n|-damage|p1a: Ursaluna|190/308\n|-heal|p2a: Misdreavus|175/254|[from] drain|[of] p1a: Ursaluna\n|move|p1a: Ursaluna|Moonlight|p1a: Ursaluna\n|-heal|p1a: Ursaluna|308/308\n|\n|upkeep\n|turn|20\n|\n|t:|1732963325\n|move|p2a: Misdreavus|Will-O-Wisp|p1a: Ursaluna\n|-status|p1a: Ursaluna|brn\n|move|p1a: Ursaluna|Blood Moon|p2a: Misdreavus\n|-damage|p2a: Misdreavus|64/254\n|\n|-damage|p1a: Ursaluna|289/308 brn|[from] brn\n|upkeep\n|turn|21\n|\n|t:|1732963337\n|move|p2a: Misdreavus|Draining Kiss|p1a: Ursaluna\n|-crit|p1a: Ursaluna\n|-damage|p1a: Ursaluna|2/308 brn\n|-heal|p2a: Misdreavus|254/254|[from] drain|[of] p1a: Ursaluna\n|move|p1a: Ursaluna|Calm Mind|p1a: Ursaluna\n|-boost|p1a: Ursaluna|spa|0\n|-boost|p1a: Ursaluna|spd|0\n|\n|-heal|p1a: Ursaluna|21/308 brn|[from] item: Leftovers\n|-damage|p1a: Ursaluna|2/308 brn|[from] brn\n|upkeep\n|turn|22\n|\n|t:|1732963349\n|move|p2a: Misdreavus|Draining Kiss|p1a: Ursaluna\n|-damage|p1a: Ursaluna|0 fnt\n|faint|p1a: Ursaluna\n|\n|upkeep\n|\n|t:|1732963358\n|switch|p1a: Arbok|Arbok, L87, M|246/246\n|-ability|p1a: Arbok|Intimidate|boost\n|-unboost|p2a: Misdreavus|atk|1\n|turn|23\n|\n|t:|1732963365\n|move|p2a: Misdreavus|Shadow Ball|p1a: Arbok\n|-damage|p1a: Arbok|0 fnt\n|faint|p1a: Arbok\n|\n|upkeep\n|\n|t:|1732963372\n|switch|p1a: Salamence|Salamence, L77, F|151/273 brn\n|-ability|p1a: Salamence|Intimidate|boost\n|-unboost|p2a: Misdreavus|atk|1\n|turn|24\n|\n|t:|1732963378\n|switch|p1a: Masquerain|Masquerain, L87, M|135/264\n|-ability|p1a: Masquerain|Intimidate|boost\n|-unboost|p2a: Misdreavus|atk|1\n|move|p2a: Misdreavus|Shadow Ball|p1a: Masquerain\n|-damage|p1a: Masquerain|0 fnt\n|faint|p1a: Masquerain\n|\n|upkeep\n|\n|t:|1732963387\n|switch|p1a: Salamence|Salamence, L77, F|151/273 brn\n|-ability|p1a: Salamence|Intimidate|boost\n|-unboost|p2a: Misdreavus|atk|1\n|turn|25\n|\n|t:|1732963393\n|move|p2a: Misdreavus|Shadow Ball|p1a: Salamence\n|-damage|p1a: Salamence|0 fnt\n|faint|p1a: Salamence\n|\n|upkeep\n|\n|t:|1732963399\n|switch|p1a: Meloetta|Meloetta, L82|298/298\n|turn|26\n|\n|t:|1732963403\n|move|p2a: Misdreavus|Draining Kiss|p1a: Meloetta\n|-damage|p1a: Meloetta|183/298\n|move|p1a: Meloetta|U-turn|p2a: Misdreavus\n|-resisted|p2a: Misdreavus\n|-damage|p2a: Misdreavus|238/254\n|\n|upkeep\n|turn|27\n|\n|t:|1732963410\n|move|p2a: Misdreavus|Calm Mind|p2a: Misdreavus\n|-boost|p2a: Misdreavus|spa|0\n|-boost|p2a: Misdreavus|spd|0\n|move|p1a: Meloetta|U-turn|p2a: Misdreavus\n|-resisted|p2a: Misdreavus\n|-crit|p2a: Misdreavus\n|-damage|p2a: Misdreavus|213/254\n|\n|upkeep\n|turn|28\n|\n|t:|1732963418\n|move|p2a: Misdreavus|Will-O-Wisp|p1a: Meloetta\n|-status|p1a: Meloetta|brn\n|move|p1a: Meloetta|U-turn|p2a: Misdreavus\n|-resisted|p2a: Misdreavus\n|-damage|p2a: Misdreavus|206/254\n|\n|-damage|p1a: Meloetta|165/298 brn|[from] brn\n|upkeep\n|turn|29\n|\n|t:|1732963427\n|move|p2a: Misdreavus|Draining Kiss|p1a: Meloetta\n|-damage|p1a: Meloetta|43/298 brn\n|-heal|p2a: Misdreavus|254/254|[from] drain|[of] p1a: Meloetta\n|move|p1a: Meloetta|U-turn|p2a: Misdreavus\n|-resisted|p2a: Misdreavus\n|-crit|p2a: Misdreavus\n|-damage|p2a: Misdreavus|243/254\n|\n|-damage|p1a: Meloetta|25/298 brn|[from] brn\n|upkeep\n|turn|30\n|\n|t:|1732963437\n|move|p2a: Misdreavus|Draining Kiss|p1a: Meloetta\n|-damage|p1a: Meloetta|0 fnt\n|-heal|p2a: Misdreavus|254/254|[from] drain|[of] p1a: Meloetta\n|faint|p1a: Meloetta\n|\n|win|ClairStepOnMePlzz\n|raw|J5D6I5V8's rating: 1340 &rarr; <strong>1319</strong><br />(-21 for losing)\n|raw|ClairStepOnMePlzz's rating: 1327 &rarr; <strong>1348</strong><br />(+21 for winning)\n", "inputlog": ">version b107d77f5c90bd6555267ae244a6264823309ead\n>start {\"formatid\":\"gen9randombattle\",\"seed\":[51809,44870,42291,47747],\"rated\":\"Rated battle\"}\n>player p1 {\"name\":\"J5D6I5V8\",\"avatar\":\"265\",\"rating\":1340,\"seed\":[28940,58527,18480,16898]}\n>player p2 {\"name\":\"ClairStepOnMePlzz\",\"avatar\":\"clair\",\"rating\":1327,\"seed\":[35246,27213,55969,2421]}\n>p1 move outrage\n>p2 switch 6\n>p1 move outrage\n>p2 move willowisp\n>p1 move outrage\n>p2 move drainingkiss\n>p1 switch 3\n>p2 move calmmind\n>p1 move stickyweb\n>p2 move shadowball\n>p1 move uturn\n>p2 move calmmind\n>p1 switch 6\n>p1 move calmmind terastallize\n>p2 move shadowball\n>p1 move thunderbolt\n>p2 move drainingkiss\n>p1 move thunderbolt\n>p2 move shadowball\n>p1 switch 5\n>p1 move calmmind\n>p2 move drainingkiss\n>p1 move calmmind\n>p2 move drainingkiss\n>p1 move calmmind\n>p2 move drainingkiss\n>p1 move moonlight\n>p2 move calmmind\n>p1 move calmmind\n>p2 move calmmind\n>p1 move calmmind\n>p2 move calmmind\n>p1 move calmmind\n>p2 move calmmind\n>p1 move earthpower\n>p2 move drainingkiss\n>p1 move bloodmoon\n>p2 move drainingkiss\n>p1 move moonlight\n>p2 move drainingkiss\n>p1 move bloodmoon\n>p2 move willowisp\n>p1 move calmmind\n>p2 move drainingkiss\n>p1 move bloodmoon\n>p2 move drainingkiss\n>p1 switch 4\n>p1 move knockoff\n>p2 move shadowball\n>p1 switch 3\n>p1 switch 6\n>p2 move shadowball\n>p1 switch 6\n>p1 move dualwingbeat\n>p2 move shadowball\n>p1 switch 2\n>p1 move uturn\n>p2 move drainingkiss\n>p1 move uturn\n>p2 move calmmind\n>p1 move uturn\n>p2 move willowisp\n>p1 move uturn\n>p2 move drainingkiss\n>p1 move uturn\n>p2 move drainingkiss", "uploadtime": 1732963442, "views": 9, "formatid": "gen9randombattle", "rating": 1319, "private": 0, "password": null}