{"id": "gen9randombattle-2254083842", "format": "[Gen 9] Random Battle", "players": ["Fiftytwoaces", "MyCatIsChonkyX2"], "log": "|j|\u2606Fiftytwoaces\n|j|\u203dMyCatIsChonkyX2\n|t:|1732989254\n|gametype|singles\n|player|p1|Fiftytwoaces|101|1079\n|player|p2|MyCatIsChonkyX2|steven|1114\n|teamsize|p1|6\n|teamsize|p2|6\n|gen|9\n|tier|[Gen 9] Random Battle\n|rated|\n|rule|Species Clause: Limit one of each Pok\u00e9mon\n|rule|HP Percentage Mod: HP is shown in percentages\n|rule|Sleep Clause Mod: Limit one foe put to sleep\n|rule|Illusion Level Mod: Illusion disguises the Pok\u00e9mon's true level\n|\n|t:|1732989254\n|start\n|switch|p1a: Ambipom|Ambipom, L84, M|263/263\n|switch|p2a: Serperior|Serperior, L79, F|248/248\n|turn|1\n|inactive|Battle timer is ON: inactive players will automatically lose when time's up. (requested by Fiftytwoaces)\n|\n|t:|1732989269\n|move|p1a: Ambipom|U-turn|p2a: Serperior\n|-supereffective|p2a: Serperior\n|-damage|p2a: Serperior|100/248\n|\n|t:|1732989273\n|switch|p1a: Glalie|Glalie, L96, F|309/309|[from] U-turn\n|move|p2a: Serperior|Glare|p1a: Glalie\n|-status|p1a: Glalie|par\n|\n|upkeep\n|turn|2\n|\n|t:|1732989283\n|switch|p2a: Entei|Entei, L78|307/307\n|move|p1a: Glalie|Spikes|p2a: Entei\n|-sidestart|p2: MyCatIsChonkyX2|Spikes\n|\n|upkeep\n|turn|3\n|\n|t:|1732989289\n|-terastallize|p1a: Glalie|Ground\n|move|p2a: Entei|Sacred Fire|p1a: Glalie\n|-crit|p1a: Glalie\n|-damage|p1a: Glalie|72/309 par\n|move|p1a: Glalie|Earthquake|p2a: Entei\n|-supereffective|p2a: Entei\n|-damage|p2a: Entei|59/307\n|\n|upkeep\n|turn|4\n|\n|t:|1732989305\n|switch|p1a: Dusknoir|Dusknoir, L89, F|225/225\n|-item|p2a: Entei|Choice Band|[from] ability: Frisk|[of] p1a: Dusknoir\n|move|p2a: Entei|Sacred Fire|p1a: Dusknoir\n|-damage|p1a: Dusknoir|116/225\n|\n|upkeep\n|turn|5\n|\n|t:|1732989318\n|move|p2a: Entei|Sacred Fire|p1a: Dusknoir\n|-damage|p1a: Dusknoir|5/225\n|-status|p1a: Dusknoir|brn\n|move|p1a: Dusknoir|Poltergeist|p2a: Entei\n|-activate|p2a: Entei|move: Poltergeist|Choice Band\n|-damage|p2a: Entei|0 fnt\n|faint|p2a: Entei\n|-damage|p1a: Dusknoir|0 fnt|[from] item: Life Orb\n|faint|p1a: Dusknoir\n|\n|upkeep\n|\n|t:|1732989333\n|switch|p2a: Ursaring|Ursaring, L84, M|288/288\n|switch|p1a: Glalie|Glalie, L96, F, tera:Ground|72/309 par\n|-damage|p2a: Ursaring|252/288|[from] Spikes\n|turn|6\n|\n|t:|1732989343\n|-terastallize|p2a: Ursaring|Normal\n|move|p2a: Ursaring|Facade|p1a: Glalie\n|-damage|p1a: Glalie|0 fnt\n|faint|p1a: Glalie\n|\n|-status|p2a: Ursaring|tox|[from] item: Toxic Orb\n|upkeep\n|\n|t:|1732989358\n|switch|p1a: Meowstic|Meowstic-F, L89, F|277/277\n|turn|7\n|\n|t:|1732989363\n|move|p1a: Meowstic|Nasty Plot|p1a: Meowstic\n|-boost|p1a: Meowstic|spa|2\n|move|p2a: Ursaring|Facade|p1a: Meowstic\n|-crit|p1a: Meowstic\n|-damage|p1a: Meowstic|0 fnt\n|faint|p1a: Meowstic\n|\n|-damage|p2a: Ursaring|234/288 tox|[from] psn\n|upkeep\n|\n|t:|1732989376\n|switch|p1a: Iron Bundle|Iron Bundle, L77|213/213\n|turn|8\n|\n|t:|1732989392\n|move|p1a: Iron Bundle|Ice Beam|p2a: Ursaring\n|-damage|p2a: Ursaring|125/288 tox\n|move|p2a: Ursaring|Facade|p1a: Iron Bundle\n|-damage|p1a: Iron Bundle|0 fnt\n|faint|p1a: Iron Bundle\n|-end|p1a: Iron Bundle|Quark Drive|[silent]\n|\n|-damage|p2a: Ursaring|89/288 tox|[from] psn\n|upkeep\n|\n|t:|1732989402\n|switch|p1a: Jumpluff|Jumpluff, L87, M|271/271\n|turn|9\n|\n|t:|1732989408\n|move|p1a: Jumpluff|Acrobatics|p2a: Ursaring\n|-damage|p2a: Ursaring|0 fnt\n|faint|p2a: Ursaring\n|\n|upkeep\n|\n|t:|1732989412\n|switch|p2a: Inteleon|Inteleon, L81, F|246/246\n|-damage|p2a: Inteleon|216/246|[from] Spikes\n|turn|10\n|\n|t:|1732989419\n|move|p1a: Jumpluff|Sleep Powder|p2a: Inteleon\n|-status|p2a: Inteleon|slp|[from] move: Sleep Powder\n|cant|p2a: Inteleon|slp\n|\n|upkeep\n|turn|11\n|\n|t:|1732989427\n|-curestatus|p2a: Inteleon|slp|[msg]\n|move|p2a: Inteleon|Ice Beam|p1a: Jumpluff\n|-supereffective|p1a: Jumpluff\n|-damage|p1a: Jumpluff|0 fnt\n|faint|p1a: Jumpluff\n|\n|upkeep\n|\n|t:|1732989434\n|switch|p1a: Ambipom|Ambipom, L84, M|263/263\n|turn|12\n|\n|t:|1732989442\n|move|p1a: Ambipom|Knock Off|p2a: Inteleon\n|-damage|p2a: Inteleon|88/246\n|-enditem|p2a: Inteleon|Choice Specs|[from] move: Knock Off|[of] p1a: Ambipom\n|move|p2a: Inteleon|Ice Beam|p1a: Ambipom\n|-damage|p1a: Ambipom|178/263\n|\n|upkeep\n|turn|13\n|\n|t:|1732989450\n|move|p2a: Inteleon|U-turn|p1a: Ambipom\n|-damage|p1a: Ambipom|129/263\n|\n|t:|1732989453\n|switch|p2a: Hariyama|Hariyama, L87, F|392/392|[from] U-turn\n|-damage|p2a: Hariyama|343/392|[from] Spikes\n|move|p1a: Ambipom|Knock Off|p2a: Hariyama\n|-resisted|p2a: Hariyama\n|-damage|p2a: Hariyama|279/392\n|-enditem|p2a: Hariyama|Flame Orb|[from] move: Knock Off|[of] p1a: Ambipom\n|\n|upkeep\n|turn|14\n|\n|t:|1732989462\n|move|p2a: Hariyama|Fake Out|p1a: Ambipom\n|-damage|p1a: Ambipom|85/263\n|cant|p1a: Ambipom|flinch\n|\n|upkeep\n|turn|15\n|\n|t:|1732989472\n|move|p1a: Ambipom|Knock Off|p2a: Hariyama\n|-resisted|p2a: Hariyama\n|-damage|p2a: Hariyama|236/392\n|move|p2a: Hariyama|Close Combat|p1a: Ambipom\n|-supereffective|p1a: Ambipom\n|-damage|p1a: Ambipom|0 fnt\n|-unboost|p2a: Hariyama|def|1\n|-unboost|p2a: Hariyama|spd|1\n|faint|p1a: Ambipom\n|\n|win|MyCatIsChonkyX2\n|raw|Fiftytwoaces's rating: 1079 &rarr; <strong>1059</strong><br />(-20 for losing)\n|raw|MyCatIsChonkyX2's rating: 1114 &rarr; <strong>1136</strong><br />(+22 for winning)\n|l|\u2606Fiftytwoaces\n|player|p1|\n", "inputlog": ">version b107d77f5c90bd6555267ae244a6264823309ead\n>start {\"formatid\":\"gen9randombattle\",\"seed\":[1773,22847,37310,55548],\"rated\":\"Rated battle\"}\n>player p1 {\"name\":\"Fiftytwoaces\",\"avatar\":\"101\",\"rating\":1079,\"seed\":[39820,33842,16289,3253]}\n>player p2 {\"name\":\"MyCatIsChonkyX2\",\"avatar\":\"steven\",\"rating\":1114,\"seed\":[33779,65251,24720,7926]}\n>p1 move uturn\n>p2 move glare\n>p1 switch 5\n>p1 move spikes\n>p2 switch 3\n>p1 move earthquake terastallize\n>p2 move sacredfire\n>p1 switch 6\n>p2 move sacredfire\n>p1 move poltergeist\n>p2 move sacredfire\n>p1 switch 6\n>p2 switch 5\n>p1 move earthquake\n>p2 move facade terastallize\n>p1 switch 3\n>p1 move nastyplot\n>p2 move facade\n>p1 switch 2\n>p1 move icebeam\n>p2 move facade\n>p1 switch 4\n>p1 move acrobatics\n>p2 move facade\n>p2 switch 4\n>p1 move sleeppowder\n>p2 move icebeam\n>p1 move strengthsap\n>p2 move icebeam\n>p1 switch 5\n>p1 move knockoff\n>p2 move icebeam\n>p1 move knockoff\n>p2 move uturn\n>p2 switch 2\n>p1 move knockoff\n>p2 move fakeout\n>p1 move knockoff\n>p2 move closecombat", "uploadtime": 1732989505, "views": 1, "formatid": "gen9randombattle", "rating": 1059, "private": 0, "password": null}