{"id": "gen9randombattle-2253962431", "format": "[Gen 9] Random Battle", "players": ["bolo2323", "rsc98"], "log": "|j|\u2606bolo2323\n|j|\u2606rsc98\n|t:|1732972123\n|gametype|singles\n|player|p1|bolo2323|red|1148\n|player|p2|rsc98|265|1153\n|teamsize|p1|6\n|teamsize|p2|6\n|gen|9\n|tier|[Gen 9] Random Battle\n|rated|\n|rule|Species Clause: Limit one of each Pok\u00e9mon\n|rule|HP Percentage Mod: HP is shown in percentages\n|rule|Sleep Clause Mod: Limit one foe put to sleep\n|rule|Illusion Level Mod: Illusion disguises the Pok\u00e9mon's true level\n|\n|t:|1732972123\n|start\n|switch|p1a: Rhyperior|Rhyperior, L82, M|323/323\n|switch|p2a: Azumarill|Azumarill, L82, F|298/298\n|turn|1\n|inactive|Battle timer is ON: inactive players will automatically lose when time's up. (requested by rsc98)\n|inactive|bolo2323 has 120 seconds left.\n|\n|t:|1732972189\n|switch|p1a: Bellossom|Bellossom, L84, F|263/263\n|move|p2a: Azumarill|Liquidation|p1a: Bellossom\n|-resisted|p1a: Bellossom\n|-damage|p1a: Bellossom|183/263\n|\n|-heal|p1a: Bellossom|199/263|[from] item: Leftovers\n|upkeep\n|turn|2\n|\n|t:|1732972208\n|switch|p2a: Volcarona|Volcarona, L77, F|257/257\n|move|p1a: Bellossom|Quiver Dance|p1a: Bellossom\n|-boost|p1a: Bellossom|spa|1\n|-boost|p1a: Bellossom|spd|1\n|-boost|p1a: Bellossom|spe|1\n|\n|-heal|p1a: Bellossom|215/263|[from] item: Leftovers\n|upkeep\n|turn|3\n|\n|t:|1732972215\n|-terastallize|p1a: Bellossom|Fairy\n|move|p2a: Volcarona|Quiver Dance|p2a: Volcarona\n|-boost|p2a: Volcarona|spa|1\n|-boost|p2a: Volcarona|spd|1\n|-boost|p2a: Volcarona|spe|1\n|move|p1a: Bellossom|Quiver Dance|p1a: Bellossom\n|-boost|p1a: Bellossom|spa|1\n|-boost|p1a: Bellossom|spd|1\n|-boost|p1a: Bellossom|spe|1\n|\n|-heal|p1a: Bellossom|231/263|[from] item: Leftovers\n|upkeep\n|turn|4\n|\n|t:|1732972232\n|move|p2a: Volcarona|Giga Drain|p1a: Bellossom\n|-damage|p1a: Bellossom|189/263\n|move|p1a: Bellossom|Moonblast|p2a: Volcarona\n|-resisted|p2a: Volcarona\n|-damage|p2a: Volcarona|194/257\n|\n|-heal|p1a: Bellossom|205/263|[from] item: Leftovers\n|upkeep\n|turn|5\n|\n|t:|1732972242\n|move|p2a: Volcarona|Tera Blast|p1a: Bellossom\n|-damage|p1a: Bellossom|165/263\n|move|p1a: Bellossom|Quiver Dance|p1a: Bellossom\n|-boost|p1a: Bellossom|spa|1\n|-boost|p1a: Bellossom|spd|1\n|-boost|p1a: Bellossom|spe|1\n|\n|-heal|p1a: Bellossom|181/263|[from] item: Leftovers\n|upkeep\n|turn|6\n|\n|t:|1732972245\n|move|p1a: Bellossom|Strength Sap|p2a: Volcarona\n|-unboost|p2a: Volcarona|atk|1\n|-heal|p1a: Bellossom|263/263\n|move|p2a: Volcarona|Tera Blast|p1a: Bellossom\n|-damage|p1a: Bellossom|226/263\n|\n|-heal|p1a: Bellossom|242/263|[from] item: Leftovers\n|upkeep\n|turn|7\n|\n|t:|1732972280\n|move|p1a: Bellossom|Quiver Dance|p1a: Bellossom\n|-boost|p1a: Bellossom|spa|1\n|-boost|p1a: Bellossom|spd|1\n|-boost|p1a: Bellossom|spe|1\n|move|p2a: Volcarona|Giga Drain|p1a: Bellossom\n|-damage|p1a: Bellossom|216/263\n|-heal|p2a: Volcarona|207/257|[from] drain|[of] p1a: Bellossom\n|\n|-heal|p1a: Bellossom|232/263|[from] item: Leftovers\n|upkeep\n|turn|8\n|inactive|bolo2323 has 120 seconds left.\n|\n|t:|1732972312\n|move|p1a: Bellossom|Quiver Dance|p1a: Bellossom\n|-boost|p1a: Bellossom|spa|1\n|-boost|p1a: Bellossom|spd|1\n|-boost|p1a: Bellossom|spe|1\n|move|p2a: Volcarona|Quiver Dance|p2a: Volcarona\n|-boost|p2a: Volcarona|spa|1\n|-boost|p2a: Volcarona|spd|1\n|-boost|p2a: Volcarona|spe|1\n|\n|-heal|p1a: Bellossom|248/263|[from] item: Leftovers\n|upkeep\n|turn|9\n|\n|t:|1732972318\n|move|p1a: Bellossom|Quiver Dance|p1a: Bellossom\n|-boost|p1a: Bellossom|spa|1\n|-boost|p1a: Bellossom|spd|1\n|-boost|p1a: Bellossom|spe|1\n|move|p2a: Volcarona|Quiver Dance|p2a: Volcarona\n|-boost|p2a: Volcarona|spa|1\n|-boost|p2a: Volcarona|spd|1\n|-boost|p2a: Volcarona|spe|1\n|\n|-heal|p1a: Bellossom|263/263|[from] item: Leftovers\n|upkeep\n|turn|10\n|\n|t:|1732972321\n|move|p1a: Bellossom|Giga Drain|p2a: Volcarona\n|-resisted|p2a: Volcarona\n|-damage|p2a: Volcarona|180/257\n|move|p2a: Volcarona|Quiver Dance|p2a: Volcarona\n|-boost|p2a: Volcarona|spa|1\n|-boost|p2a: Volcarona|spd|1\n|-boost|p2a: Volcarona|spe|1\n|\n|upkeep\n|turn|11\n|\n|t:|1732972326\n|move|p2a: Volcarona|Giga Drain|p1a: Bellossom\n|-damage|p1a: Bellossom|221/263\n|-heal|p2a: Volcarona|201/257|[from] drain|[of] p1a: Bellossom\n|move|p1a: Bellossom|Giga Drain|p2a: Volcarona\n|-resisted|p2a: Volcarona\n|-damage|p2a: Volcarona|178/257\n|-heal|p1a: Bellossom|233/263|[from] drain|[of] p2a: Volcarona\n|\n|-heal|p1a: Bellossom|249/263|[from] item: Leftovers\n|upkeep\n|turn|12\n|\n|t:|1732972333\n|move|p2a: Volcarona|Tera Blast|p1a: Bellossom\n|-damage|p1a: Bellossom|205/263\n|move|p1a: Bellossom|Moonblast|p2a: Volcarona\n|-resisted|p2a: Volcarona\n|-damage|p2a: Volcarona|115/257\n|\n|-heal|p1a: Bellossom|221/263|[from] item: Leftovers\n|upkeep\n|turn|13\n|\n|t:|1732972341\n|move|p2a: Volcarona|Giga Drain|p1a: Bellossom\n|-damage|p1a: Bellossom|181/263\n|-heal|p2a: Volcarona|135/257|[from] drain|[of] p1a: Bellossom\n|move|p1a: Bellossom|Moonblast|p2a: Volcarona\n|-resisted|p2a: Volcarona\n|-damage|p2a: Volcarona|75/257\n|\n|-heal|p1a: Bellossom|197/263|[from] item: Leftovers\n|upkeep\n|turn|14\n|\n|t:|1732972352\n|move|p2a: Volcarona|Giga Drain|p1a: Bellossom\n|-damage|p1a: Bellossom|157/263\n|-heal|p2a: Volcarona|95/257|[from] drain|[of] p1a: Bellossom\n|move|p1a: Bellossom|Moonblast|p2a: Volcarona\n|-resisted|p2a: Volcarona\n|-damage|p2a: Volcarona|30/257\n|-unboost|p2a: Volcarona|spa|1\n|\n|-heal|p1a: Bellossom|173/263|[from] item: Leftovers\n|upkeep\n|turn|15\n|\n|t:|1732972364\n|move|p2a: Volcarona|Giga Drain|p1a: Bellossom\n|-damage|p1a: Bellossom|136/263\n|-heal|p2a: Volcarona|49/257|[from] drain|[of] p1a: Bellossom\n|move|p1a: Bellossom|Strength Sap|p2a: Volcarona\n|-unboost|p2a: Volcarona|atk|1\n|-heal|p1a: Bellossom|200/263\n|\n|-heal|p1a: Bellossom|216/263|[from] item: Leftovers\n|upkeep\n|turn|16\n|\n|t:|1732972371\n|move|p2a: Volcarona|Giga Drain|p1a: Bellossom\n|-damage|p1a: Bellossom|183/263\n|-heal|p2a: Volcarona|66/257|[from] drain|[of] p1a: Bellossom\n|move|p1a: Bellossom|Moonblast|p2a: Volcarona\n|-resisted|p2a: Volcarona\n|-damage|p2a: Volcarona|7/257\n|\n|-heal|p1a: Bellossom|199/263|[from] item: Leftovers\n|upkeep\n|turn|17\n|\n|t:|1732972389\n|move|p2a: Volcarona|Tera Blast|p1a: Bellossom\n|-damage|p1a: Bellossom|164/263\n|move|p1a: Bellossom|Moonblast|p2a: Volcarona\n|-resisted|p2a: Volcarona\n|-damage|p2a: Volcarona|0 fnt\n|faint|p2a: Volcarona\n|\n|-heal|p1a: Bellossom|180/263|[from] item: Leftovers\n|upkeep\n|\n|t:|1732972396\n|switch|p2a: Miraidon|Miraidon, L65|238/238\n|-fieldstart|move: Electric Terrain|[from] ability: Hadron Engine|[of] p2a: Miraidon\n|turn|18\n|\n|t:|1732972403\n|move|p1a: Bellossom|Moonblast|p2a: Miraidon\n|-supereffective|p2a: Miraidon\n|-damage|p2a: Miraidon|0 fnt\n|faint|p2a: Miraidon\n|\n|-heal|p1a: Bellossom|196/263|[from] item: Leftovers\n|upkeep\n|\n|t:|1732972422\n|switch|p2a: Venomoth|Venomoth, L84, F|255/255\n|turn|19\n|\n|t:|1732972432\n|move|p1a: Bellossom|Giga Drain|p2a: Venomoth\n|-resisted|p2a: Venomoth\n|-crit|p2a: Venomoth\n|-damage|p2a: Venomoth|129/255\n|-heal|p1a: Bellossom|259/263|[from] drain|[of] p2a: Venomoth\n|move|p2a: Venomoth|Sludge Wave|p1a: Bellossom\n|-supereffective|p1a: Bellossom\n|-damage|p1a: Bellossom|217/263\n|-status|p1a: Bellossom|psn\n|\n|-heal|p1a: Bellossom|233/263 psn|[from] item: Leftovers\n|-damage|p1a: Bellossom|201/263 psn|[from] psn\n|upkeep\n|turn|20\n|\n|t:|1732972443\n|move|p1a: Bellossom|Giga Drain|p2a: Venomoth\n|-resisted|p2a: Venomoth\n|-damage|p2a: Venomoth|51/255\n|-heal|p1a: Bellossom|240/263 psn|[from] drain|[of] p2a: Venomoth\n|move|p2a: Venomoth|Sleep Powder|p1a: Bellossom|[miss]\n|-miss|p2a: Venomoth|p1a: Bellossom\n|\n|-heal|p1a: Bellossom|256/263 psn|[from] item: Leftovers\n|-damage|p1a: Bellossom|224/263 psn|[from] psn\n|upkeep\n|turn|21\n|\n|t:|1732972453\n|move|p1a: Bellossom|Giga Drain|p2a: Venomoth\n|-resisted|p2a: Venomoth\n|-damage|p2a: Venomoth|0 fnt\n|-heal|p1a: Bellossom|250/263 psn|[from] drain|[of] p2a: Venomoth\n|faint|p2a: Venomoth\n|\n|-heal|p1a: Bellossom|263/263 psn|[from] item: Leftovers\n|-damage|p1a: Bellossom|231/263 psn|[from] psn\n|upkeep\n|\n|t:|1732972458\n|switch|p2a: Lilligant|Lilligant-Hisui, L79, F|240/240\n|turn|22\n|\n|t:|1732972463\n|move|p1a: Bellossom|Moonblast|p2a: Lilligant\n|-supereffective|p2a: Lilligant\n|-damage|p2a: Lilligant|0 fnt\n|faint|p2a: Lilligant\n|\n|-heal|p1a: Bellossom|247/263 psn|[from] item: Leftovers\n|-damage|p1a: Bellossom|215/263 psn|[from] psn\n|-fieldend|move: Electric Terrain\n|upkeep\n|\n|t:|1732972465\n|switch|p2a: Azumarill|Azumarill, L82, F|298/298\n|turn|23\n|\n|t:|1732972470\n|move|p1a: Bellossom|Giga Drain|p2a: Azumarill\n|-supereffective|p2a: Azumarill\n|-damage|p2a: Azumarill|0 fnt\n|-heal|p1a: Bellossom|263/263 psn|[from] drain|[of] p2a: Azumarill\n|faint|p2a: Azumarill\n|\n|-damage|p1a: Bellossom|231/263 psn|[from] psn\n|upkeep\n|\n|t:|1732972472\n|switch|p2a: Avalugg|Avalugg-Hisui, L90, F|317/317\n|turn|24\n|c|\u2606bolo2323|Bellossom sweep\n|c|\u2606bolo2323|epic\n|\n|t:|1732972481\n|-terastallize|p2a: Avalugg|Poison\n|move|p1a: Bellossom|Giga Drain|p2a: Avalugg\n|-resisted|p2a: Avalugg\n|-damage|p2a: Avalugg|71/317\n|-heal|p1a: Bellossom|263/263 psn|[from] drain|[of] p2a: Avalugg\n|move|p2a: Avalugg|Avalanche|p1a: Bellossom\n|-damage|p1a: Bellossom|83/263 psn\n|\n|-heal|p1a: Bellossom|99/263 psn|[from] item: Leftovers\n|-damage|p1a: Bellossom|67/263 psn|[from] psn\n|upkeep\n|turn|25\n|\n|t:|1732972501\n|move|p1a: Bellossom|Giga Drain|p2a: Avalugg\n|-resisted|p2a: Avalugg\n|-damage|p2a: Avalugg|0 fnt\n|-heal|p1a: Bellossom|103/263 psn|[from] drain|[of] p2a: Avalugg\n|faint|p2a: Avalugg\n|\n|win|bolo2323\n|raw|bolo2323's rating: 1148 &rarr; <strong>1173</strong><br />(+25 for winning)\n|raw|rsc98's rating: 1153 &rarr; <strong>1128</strong><br />(-25 for losing)\n|l|\u2606rsc98\n|player|p2|\n|c|\u2606bolo2323|gg\n", "inputlog": ">version b107d77f5c90bd6555267ae244a6264823309ead\n>start {\"formatid\":\"gen9randombattle\",\"seed\":[48947,49259,47512,37859],\"rated\":\"Rated battle\"}\n>player p1 {\"name\":\"bolo2323\",\"avatar\":\"red\",\"rating\":1148,\"seed\":[13006,36987,8734,59907]}\n>player p2 {\"name\":\"rsc98\",\"avatar\":\"265\",\"rating\":1153,\"seed\":[55710,61293,43771,21014]}\n>p1 switch 3\n>p2 move liquidation\n>p1 move quiverdance\n>p2 switch 6\n>p1 move quiverdance terastallize\n>p2 move quiverdance\n>p1 move moonblast\n>p2 move gigadrain\n>p1 move quiverdance\n>p2 move terablast\n>p1 move strengthsap\n>p2 move terablast\n>p1 move quiverdance\n>p2 move gigadrain\n>p1 move quiverdance\n>p2 move quiverdance\n>p1 move quiverdance\n>p2 move quiverdance\n>p1 move gigadrain\n>p2 move quiverdance\n>p1 move gigadrain\n>p2 move gigadrain\n>p1 move moonblast\n>p2 move terablast\n>p1 move moonblast\n>p2 move gigadrain\n>p1 move moonblast\n>p2 move gigadrain\n>p1 move strengthsap\n>p2 move gigadrain\n>p1 move moonblast\n>p2 move gigadrain\n>p1 move moonblast\n>p2 move terablast\n>p2 switch 4\n>p1 move moonblast\n>p2 move electrodrift\n>p2 switch 5\n>p1 move gigadrain\n>p2 move sludgewave\n>p1 move gigadrain\n>p2 move sleeppowder\n>p1 move gigadrain\n>p2 move sleeppowder\n>p2 switch 2\n>p1 move moonblast\n>p2 move sleeppowder\n>p2 switch 6\n>p1 move gigadrain\n>p2 move playrough\n>p2 switch 3\n>chat \u2606bolo2323|Bellossom sweep\n>chat \u2606bolo2323|epic\n>p1 move gigadrain\n>p2 move avalanche terastallize\n>p1 move gigadrain\n>p2 move recover", "uploadtime": 1732972513, "views": 2, "formatid": "gen9randombattle", "rating": 1128, "private": 0, "password": null}