{"id": "gen9randombattle-2254110361", "format": "[Gen 9] Random Battle", "players": ["odivis", "Hyzali on Insta"], "log": "|j|\u2606odivis\n|j|\u2606Hyzali on Insta\n|t:|1732992484\n|gametype|singles\n|player|p1|odivis|boarder|1140\n|player|p2|Hyzali on Insta|dancer|1176\n|teamsize|p1|6\n|teamsize|p2|6\n|gen|9\n|tier|[Gen 9] Random Battle\n|rated|\n|rule|Species Clause: Limit one of each Pok\u00e9mon\n|rule|HP Percentage Mod: HP is shown in percentages\n|rule|Sleep Clause Mod: Limit one foe put to sleep\n|rule|Illusion Level Mod: Illusion disguises the Pok\u00e9mon's true level\n|\n|t:|1732992484\n|start\n|switch|p1a: Feraligatr|Feraligatr, L79, M|264/264\n|switch|p2a: Garchomp|Garchomp, L74, F|282/282\n|turn|1\n|inactive|Battle timer is ON: inactive players will automatically lose when time's up. (requested by Hyzali on Insta)\n|inactive|odivis also wants the timer to be on.\n|\n|t:|1732992499\n|-terastallize|p2a: Garchomp|Steel\n|move|p2a: Garchomp|Swords Dance|p2a: Garchomp\n|-boost|p2a: Garchomp|atk|2\n|move|p1a: Feraligatr|Trailblaze|p2a: Garchomp\n|-resisted|p2a: Garchomp\n|-damage|p2a: Garchomp|251/282\n|-damage|p1a: Feraligatr|231/264|[from] ability: Rough Skin|[of] p2a: Garchomp\n|\n|upkeep\n|turn|2\n|inactive|Hyzali on Insta has 120 seconds left.\n|\n|t:|1732992530\n|move|p2a: Garchomp|Scale Shot|p1a: Feraligatr\n|-damage|p1a: Feraligatr|180/264\n|-damage|p1a: Feraligatr|129/264\n|-damage|p1a: Feraligatr|83/264\n|-crit|p1a: Feraligatr\n|-damage|p1a: Feraligatr|10/264\n|-damage|p1a: Feraligatr|0 fnt\n|faint|p1a: Feraligatr\n|-hitcount|p1: Feraligatr|5\n|-unboost|p2a: Garchomp|def|1\n|-boost|p2a: Garchomp|spe|1\n|\n|upkeep\n|inactive|odivis has 120 seconds left.\n|\n|t:|1732992553\n|switch|p1a: Copperajah|Copperajah, L86, F|350/350\n|turn|3\n|\n|t:|1732992562\n|move|p2a: Garchomp|Earthquake|p1a: Copperajah\n|-supereffective|p1a: Copperajah\n|-damage|p1a: Copperajah|0 fnt\n|faint|p1a: Copperajah\n|\n|upkeep\n|\n|t:|1732992568\n|switch|p1a: Hawlucha|Hawlucha, L80, F|256/256\n|turn|4\n|\n|t:|1732992582\n|move|p2a: Garchomp|Scale Shot|p1a: Hawlucha\n|-damage|p1a: Hawlucha|198/256\n|-damage|p1a: Hawlucha|134/256\n|-damage|p1a: Hawlucha|73/256\n|-damage|p1a: Hawlucha|16/256\n|-damage|p1a: Hawlucha|0 fnt\n|faint|p1a: Hawlucha\n|-hitcount|p1: Hawlucha|5\n|-unboost|p2a: Garchomp|def|1\n|-boost|p2a: Garchomp|spe|1\n|\n|upkeep\n|c|\u2606odivis|gg\n|\n|t:|1732992594\n|switch|p1a: Articuno|Articuno, L86|295/295\n|-ability|p1a: Articuno|Pressure\n|turn|5\n|c|\u2606Hyzali on Insta|Gg\n|c|\u2606Hyzali on Insta|That's Garchomp for ya\n|\n|t:|1732992608\n|move|p2a: Garchomp|Iron Head|p1a: Articuno\n|-supereffective|p1a: Articuno\n|-damage|p1a: Articuno|19/295\n|move|p1a: Articuno|U-turn|p2a: Garchomp\n|-resisted|p2a: Garchomp\n|-damage|p2a: Garchomp|204/282\n|-damage|p1a: Articuno|0 fnt|[from] ability: Rough Skin|[of] p2a: Garchomp\n|faint|p1a: Articuno\n|\n|upkeep\n|\n|t:|1732992616\n|switch|p1a: Entei|Entei, L78|307/307\n|turn|6\n|\n|t:|1732992620\n|move|p2a: Garchomp|Earthquake|p1a: Entei\n|-supereffective|p1a: Entei\n|-damage|p1a: Entei|0 fnt\n|faint|p1a: Entei\n|\n|upkeep\n|\n|t:|1732992624\n|switch|p1a: Vileplume|Vileplume, L86, M|269/269\n|turn|7\n|\n|t:|1732992629\n|move|p2a: Garchomp|Scale Shot|p1a: Vileplume\n|-damage|p1a: Vileplume|220/269\n|-damage|p1a: Vileplume|168/269\n|-damage|p1a: Vileplume|119/269\n|-damage|p1a: Vileplume|61/269\n|-damage|p1a: Vileplume|7/269\n|-hitcount|p1a: Vileplume|5\n|-unboost|p2a: Garchomp|def|1\n|-boost|p2a: Garchomp|spe|1\n|move|p1a: Vileplume|Giga Drain|p2a: Garchomp\n|-resisted|p2a: Garchomp\n|-damage|p2a: Garchomp|150/282\n|-heal|p1a: Vileplume|34/269|[from] drain|[of] p2a: Garchomp\n|\n|-heal|p1a: Vileplume|50/269|[from] item: Leftovers\n|upkeep\n|turn|8\n|\n|t:|1732992645\n|move|p2a: Garchomp|Earthquake|p1a: Vileplume\n|-damage|p1a: Vileplume|0 fnt\n|faint|p1a: Vileplume\n|\n|win|Hyzali on Insta\n|raw|odivis's rating: 1140 &rarr; <strong>1118</strong><br />(-22 for losing)\n|raw|Hyzali on Insta's rating: 1176 &rarr; <strong>1198</strong><br />(+22 for winning)\n|c|\u2606odivis|wp\n|l|\u2606odivis\n|player|p1|\n|c|\u2606Hyzali on Insta|Gg \u2728\n", "inputlog": ">version b107d77f5c90bd6555267ae244a6264823309ead\n>start {\"formatid\":\"gen9randombattle\",\"seed\":[2104,37761,163,14068],\"rated\":\"Rated battle\"}\n>player p1 {\"name\":\"odivis\",\"avatar\":\"boarder\",\"rating\":1140,\"seed\":[53447,53565,46025,28106]}\n>player p2 {\"name\":\"Hyzali on Insta\",\"avatar\":\"dancer\",\"rating\":1176,\"seed\":[24268,32185,49601,39059]}\n>p1 move trailblaze\n>p2 move swordsdance terastallize\n>p1 move dragondance\n>p2 move scaleshot\n>p1 switch 2\n>p1 move earthquake\n>p2 move earthquake\n>p1 switch 3\n>p1 move closecombat\n>p2 move scaleshot\n>chat \u2606odivis|gg\n>p1 switch 6\n>chat \u2606Hyzali on Insta|Gg\n>chat \u2606Hyzali on Insta|That's Garchomp for ya\n>p1 move uturn\n>p2 move ironhead\n>p1 switch 4\n>p1 move flareblitz\n>p2 move earthquake\n>p1 switch 5\n>p1 move gigadrain\n>p2 move scaleshot\n>p1 move strengthsap\n>p2 move earthquake", "uploadtime": 1732992662, "views": 16, "formatid": "gen9randombattle", "rating": 1118, "private": 0, "password": null}