{"id": "gen9randombattle-2254108338", "format": "[Gen 9] Random Battle", "players": ["johannesbestie", "JBonham"], "log": "|j|\u2606johannesbestie\n|j|\u2606JBonham\n|t:|1732992246\n|gametype|singles\n|player|p1|johannesbestie|cynthia|1262\n|player|p2|JBonham|veteran|1218\n|teamsize|p1|6\n|teamsize|p2|6\n|gen|9\n|tier|[Gen 9] Random Battle\n|rated|\n|rule|Species Clause: Limit one of each Pok\u00e9mon\n|rule|HP Percentage Mod: HP is shown in percentages\n|rule|Sleep Clause Mod: Limit one foe put to sleep\n|rule|Illusion Level Mod: Illusion disguises the Pok\u00e9mon's true level\n|\n|t:|1732992246\n|start\n|switch|p1a: Exeggutor|Exeggutor, L89, M|312/312\n|switch|p2a: Quaquaval|Quaquaval, L79, M|264/264\n|turn|1\n|inactive|Battle timer is ON: inactive players will automatically lose when time's up. (requested by JBonham)\n|\n|t:|1732992258\n|switch|p2a: Whimsicott|Whimsicott, L85, F|241/241\n|move|p1a: Exeggutor|Sleep Powder|p2a: Whimsicott\n|-immune|p2a: Whimsicott\n|\n|upkeep\n|turn|2\n|\n|t:|1732992265\n|move|p2a: Whimsicott|Moonblast|p1a: Exeggutor\n|-damage|p1a: Exeggutor|224/312\n|move|p1a: Exeggutor|Substitute|p1a: Exeggutor\n|-start|p1a: Exeggutor|Substitute\n|-damage|p1a: Exeggutor|146/312\n|-enditem|p1a: Exeggutor|Sitrus Berry|[eat]\n|-heal|p1a: Exeggutor|224/312|[from] item: Sitrus Berry\n|\n|upkeep\n|turn|3\n|\n|t:|1732992274\n|move|p2a: Whimsicott|Moonblast|p1a: Exeggutor\n|-end|p1a: Exeggutor|Substitute\n|move|p1a: Exeggutor|Psychic|p2a: Whimsicott\n|-damage|p2a: Whimsicott|102/241\n|\n|upkeep\n|turn|4\n|\n|t:|1732992285\n|-terastallize|p1a: Exeggutor|Steel\n|move|p2a: Whimsicott|U-turn|p1a: Exeggutor\n|-resisted|p1a: Exeggutor\n|-damage|p1a: Exeggutor|207/312\n|\n|t:|1732992291\n|switch|p2a: Ursaluna|Ursaluna-Bloodmoon, L79, M|308/308|[from] U-turn\n|move|p1a: Exeggutor|Substitute|p1a: Exeggutor\n|-start|p1a: Exeggutor|Substitute\n|-damage|p1a: Exeggutor|129/312\n|\n|-item|p1a: Exeggutor|Sitrus Berry|[from] ability: Harvest\n|upkeep\n|-enditem|p1a: Exeggutor|Sitrus Berry|[eat]\n|-heal|p1a: Exeggutor|207/312|[from] item: Sitrus Berry\n|turn|5\n|\n|t:|1732992304\n|move|p1a: Exeggutor|Sleep Powder|p2a: Ursaluna\n|-status|p2a: Ursaluna|slp|[from] move: Sleep Powder\n|cant|p2a: Ursaluna|slp\n|\n|upkeep\n|turn|6\n|\n|t:|1732992312\n|switch|p2a: Conkeldurr|Conkeldurr, L80, M|299/299\n|move|p1a: Exeggutor|Leech Seed|p2a: Conkeldurr\n|-start|p2a: Conkeldurr|move: Leech Seed\n|\n|-damage|p2a: Conkeldurr|262/299|[from] Leech Seed|[of] p1a: Exeggutor\n|-heal|p1a: Exeggutor|244/312|[silent]\n|-item|p1a: Exeggutor|Sitrus Berry|[from] ability: Harvest\n|-status|p2a: Conkeldurr|brn|[from] item: Flame Orb\n|upkeep\n|turn|7\n|\n|t:|1732992322\n|move|p2a: Conkeldurr|Mach Punch|p1a: Exeggutor\n|-supereffective|p1a: Exeggutor\n|-end|p1a: Exeggutor|Substitute\n|move|p1a: Exeggutor|Psychic|p2a: Conkeldurr\n|-supereffective|p2a: Conkeldurr\n|-damage|p2a: Conkeldurr|0 fnt\n|faint|p2a: Conkeldurr\n|\n|upkeep\n|\n|t:|1732992330\n|switch|p2a: Quaquaval|Quaquaval, L79, M|264/264\n|turn|8\n|\n|t:|1732992337\n|move|p2a: Quaquaval|Close Combat|p1a: Exeggutor\n|-supereffective|p1a: Exeggutor\n|-damage|p1a: Exeggutor|0 fnt\n|-unboost|p2a: Quaquaval|def|1\n|-unboost|p2a: Quaquaval|spd|1\n|faint|p1a: Exeggutor\n|-ability|p2a: Quaquaval|Moxie|boost\n|-boost|p2a: Quaquaval|atk|1\n|-damage|p2a: Quaquaval|238/264|[from] item: Life Orb\n|\n|upkeep\n|\n|t:|1732992354\n|switch|p1a: Amoonguss|Amoonguss, L82, M|321/321\n|turn|9\n|\n|t:|1732992374\n|switch|p2a: Whimsicott|Whimsicott, L85, F|102/241\n|move|p1a: Amoonguss|Spore|p2a: Whimsicott\n|-immune|p2a: Whimsicott\n|\n|upkeep\n|turn|10\n|\n|t:|1732992381\n|move|p2a: Whimsicott|U-turn|p1a: Amoonguss\n|-damage|p1a: Amoonguss|272/321\n|\n|t:|1732992391\n|switch|p2a: Flutter Mane|Flutter Mane, L74|203/203|[from] U-turn\n|move|p1a: Amoonguss|Sludge Bomb|p2a: Flutter Mane\n|-damage|p2a: Flutter Mane|139/203\n|-status|p2a: Flutter Mane|psn\n|\n|-heal|p1a: Amoonguss|292/321|[from] item: Leftovers\n|-damage|p2a: Flutter Mane|114/203 psn|[from] psn\n|upkeep\n|turn|11\n|\n|t:|1732992403\n|-terastallize|p2a: Flutter Mane|Fire\n|move|p2a: Flutter Mane|Mystical Fire|p1a: Amoonguss\n|-supereffective|p1a: Amoonguss\n|-damage|p1a: Amoonguss|14/321\n|-unboost|p1a: Amoonguss|spa|1\n|move|p1a: Amoonguss|Spore||[still]\n|-fail|p1a: Amoonguss\n|\n|-heal|p1a: Amoonguss|34/321|[from] item: Leftovers\n|-damage|p2a: Flutter Mane|89/203 psn|[from] psn\n|upkeep\n|turn|12\n|\n|t:|1732992418\n|move|p2a: Flutter Mane|Mystical Fire|p1a: Amoonguss\n|-supereffective|p1a: Amoonguss\n|-damage|p1a: Amoonguss|0 fnt\n|faint|p1a: Amoonguss\n|\n|-damage|p2a: Flutter Mane|64/203 psn|[from] psn\n|upkeep\n|inactive|johannesbestie has 120 seconds left.\n|\n|t:|1732992458\n|switch|p1a: Sylveon|Sylveon, L85, M|300/300\n|turn|13\n|inactive|JBonham has 120 seconds left.\n|\n|t:|1732992493\n|move|p1a: Sylveon|Protect|p1a: Sylveon\n|-singleturn|p1a: Sylveon|Protect\n|move|p2a: Flutter Mane|Mystical Fire|p1a: Sylveon\n|-activate|p1a: Sylveon|move: Protect\n|\n|-damage|p2a: Flutter Mane|39/203 psn|[from] psn\n|upkeep\n|turn|14\n|\n|t:|1732992502\n|move|p2a: Flutter Mane|Mystical Fire|p1a: Sylveon\n|-crit|p1a: Sylveon\n|-damage|p1a: Sylveon|167/300\n|-unboost|p1a: Sylveon|spa|1\n|move|p1a: Sylveon|Calm Mind|p1a: Sylveon\n|-boost|p1a: Sylveon|spa|1\n|-boost|p1a: Sylveon|spd|1\n|\n|-heal|p1a: Sylveon|185/300|[from] item: Leftovers\n|-damage|p2a: Flutter Mane|14/203 psn|[from] psn\n|upkeep\n|turn|15\n|inactive|johannesbestie has 120 seconds left.\n|\n|t:|1732992516\n|move|p2a: Flutter Mane|Mystical Fire|p1a: Sylveon\n|-crit|p1a: Sylveon\n|-damage|p1a: Sylveon|52/300\n|-unboost|p1a: Sylveon|spa|1\n|move|p1a: Sylveon|Wish|p1a: Sylveon\n|\n|-heal|p1a: Sylveon|70/300|[from] item: Leftovers\n|-damage|p2a: Flutter Mane|0 fnt|[from] psn\n|faint|p2a: Flutter Mane\n|-end|p2a: Flutter Mane|Protosynthesis|[silent]\n|upkeep\n|\n|t:|1732992520\n|switch|p2a: Whimsicott|Whimsicott, L85, F|102/241\n|turn|16\n|\n|t:|1732992529\n|move|p1a: Sylveon|Protect|p1a: Sylveon\n|-singleturn|p1a: Sylveon|Protect\n|move|p2a: Whimsicott|Giga Drain|p1a: Sylveon\n|-activate|p1a: Sylveon|move: Protect\n|\n|-heal|p1a: Sylveon|220/300|[from] move: Wish|[wisher] Sylveon\n|-heal|p1a: Sylveon|238/300|[from] item: Leftovers\n|upkeep\n|turn|17\n|\n|t:|1732992540\n|move|p2a: Whimsicott|Giga Drain|p1a: Sylveon\n|-damage|p1a: Sylveon|201/300\n|-heal|p2a: Whimsicott|121/241|[from] drain|[of] p1a: Sylveon\n|move|p1a: Sylveon|Hyper Voice|p2a: Whimsicott\n|-damage|p2a: Whimsicott|18/241\n|\n|-heal|p1a: Sylveon|219/300|[from] item: Leftovers\n|upkeep\n|turn|18\n|\n|t:|1732992549\n|move|p2a: Whimsicott|Giga Drain|p1a: Sylveon\n|-damage|p1a: Sylveon|182/300\n|-heal|p2a: Whimsicott|37/241|[from] drain|[of] p1a: Sylveon\n|move|p1a: Sylveon|Hyper Voice|p2a: Whimsicott\n|-damage|p2a: Whimsicott|0 fnt\n|faint|p2a: Whimsicott\n|\n|-heal|p1a: Sylveon|200/300|[from] item: Leftovers\n|upkeep\n|\n|t:|1732992573\n|switch|p2a: Ursaluna|Ursaluna-Bloodmoon, L79, M|308/308 slp\n|turn|19\n|\n|t:|1732992578\n|move|p1a: Sylveon|Hyper Voice|p2a: Ursaluna\n|-damage|p2a: Ursaluna|199/308 slp\n|cant|p2a: Ursaluna|slp\n|\n|-heal|p1a: Sylveon|218/300|[from] item: Leftovers\n|-heal|p2a: Ursaluna|218/308 slp|[from] item: Leftovers\n|upkeep\n|turn|20\n|\n|t:|1732992588\n|move|p1a: Sylveon|Hyper Voice|p2a: Ursaluna\n|-damage|p2a: Ursaluna|109/308 slp\n|-curestatus|p2a: Ursaluna|slp|[msg]\n|move|p2a: Ursaluna|Calm Mind|p2a: Ursaluna\n|-boost|p2a: Ursaluna|spa|1\n|-boost|p2a: Ursaluna|spd|1\n|\n|-heal|p1a: Sylveon|236/300|[from] item: Leftovers\n|-heal|p2a: Ursaluna|128/308|[from] item: Leftovers\n|upkeep\n|turn|21\n|\n|t:|1732992603\n|move|p1a: Sylveon|Hyper Voice|p2a: Ursaluna\n|-damage|p2a: Ursaluna|55/308\n|move|p2a: Ursaluna|Moonlight|p2a: Ursaluna\n|-heal|p2a: Ursaluna|209/308\n|\n|-heal|p1a: Sylveon|254/300|[from] item: Leftovers\n|-heal|p2a: Ursaluna|228/308|[from] item: Leftovers\n|upkeep\n|turn|22\n|\n|t:|1732992613\n|move|p1a: Sylveon|Calm Mind|p1a: Sylveon\n|-boost|p1a: Sylveon|spa|1\n|-boost|p1a: Sylveon|spd|1\n|move|p2a: Ursaluna|Calm Mind|p2a: Ursaluna\n|-boost|p2a: Ursaluna|spa|1\n|-boost|p2a: Ursaluna|spd|1\n|\n|-heal|p1a: Sylveon|272/300|[from] item: Leftovers\n|-heal|p2a: Ursaluna|247/308|[from] item: Leftovers\n|upkeep\n|turn|23\n|\n|t:|1732992623\n|move|p1a: Sylveon|Calm Mind|p1a: Sylveon\n|-boost|p1a: Sylveon|spa|1\n|-boost|p1a: Sylveon|spd|1\n|move|p2a: Ursaluna|Calm Mind|p2a: Ursaluna\n|-boost|p2a: Ursaluna|spa|1\n|-boost|p2a: Ursaluna|spd|1\n|\n|-heal|p1a: Sylveon|290/300|[from] item: Leftovers\n|-heal|p2a: Ursaluna|266/308|[from] item: Leftovers\n|upkeep\n|turn|24\n|\n|t:|1732992636\n|move|p1a: Sylveon|Calm Mind|p1a: Sylveon\n|-boost|p1a: Sylveon|spa|1\n|-boost|p1a: Sylveon|spd|1\n|move|p2a: Ursaluna|Calm Mind|p2a: Ursaluna\n|-boost|p2a: Ursaluna|spa|1\n|-boost|p2a: Ursaluna|spd|1\n|\n|-heal|p1a: Sylveon|300/300|[from] item: Leftovers\n|-heal|p2a: Ursaluna|285/308|[from] item: Leftovers\n|upkeep\n|turn|25\n|\n|t:|1732992663\n|move|p1a: Sylveon|Calm Mind|p1a: Sylveon\n|-boost|p1a: Sylveon|spa|1\n|-boost|p1a: Sylveon|spd|1\n|move|p2a: Ursaluna|Calm Mind|p2a: Ursaluna\n|-boost|p2a: Ursaluna|spa|1\n|-boost|p2a: Ursaluna|spd|1\n|\n|-heal|p2a: Ursaluna|304/308|[from] item: Leftovers\n|upkeep\n|turn|26\n|\n|t:|1732992673\n|move|p1a: Sylveon|Calm Mind|p1a: Sylveon\n|-boost|p1a: Sylveon|spa|1\n|-boost|p1a: Sylveon|spd|1\n|move|p2a: Ursaluna|Calm Mind|p2a: Ursaluna\n|-boost|p2a: Ursaluna|spa|1\n|-boost|p2a: Ursaluna|spd|1\n|\n|-heal|p2a: Ursaluna|308/308|[from] item: Leftovers\n|upkeep\n|turn|27\n|\n|t:|1732992682\n|move|p1a: Sylveon|Calm Mind|p1a: Sylveon\n|-boost|p1a: Sylveon|spa|1\n|-boost|p1a: Sylveon|spd|0\n|move|p2a: Ursaluna|Blood Moon|p1a: Sylveon\n|-damage|p1a: Sylveon|186/300\n|\n|-heal|p1a: Sylveon|204/300|[from] item: Leftovers\n|upkeep\n|turn|28\n|\n|t:|1732992697\n|move|p1a: Sylveon|Calm Mind|p1a: Sylveon\n|-boost|p1a: Sylveon|spa|1\n|-boost|p1a: Sylveon|spd|0\n|move|p2a: Ursaluna|Earth Power|p1a: Sylveon\n|-damage|p1a: Sylveon|125/300\n|\n|-heal|p1a: Sylveon|143/300|[from] item: Leftovers\n|upkeep\n|turn|29\n|\n|t:|1732992708\n|move|p1a: Sylveon|Protect|p1a: Sylveon\n|-singleturn|p1a: Sylveon|Protect\n|move|p2a: Ursaluna|Earth Power|p1a: Sylveon\n|-activate|p1a: Sylveon|move: Protect\n|\n|-heal|p1a: Sylveon|161/300|[from] item: Leftovers\n|upkeep\n|turn|30\n|\n|t:|1732992716\n|move|p1a: Sylveon|Wish|p1a: Sylveon\n|move|p2a: Ursaluna|Earth Power|p1a: Sylveon\n|-damage|p1a: Sylveon|88/300\n|\n|-heal|p1a: Sylveon|106/300|[from] item: Leftovers\n|upkeep\n|turn|31\n|\n|t:|1732992725\n|move|p1a: Sylveon|Protect|p1a: Sylveon\n|-singleturn|p1a: Sylveon|Protect\n|move|p2a: Ursaluna|Earth Power|p1a: Sylveon\n|-activate|p1a: Sylveon|move: Protect\n|\n|-heal|p1a: Sylveon|256/300|[from] move: Wish|[wisher] Sylveon\n|-heal|p1a: Sylveon|274/300|[from] item: Leftovers\n|upkeep\n|turn|32\n|\n|t:|1732992735\n|move|p1a: Sylveon|Hyper Voice|p2a: Ursaluna\n|-damage|p2a: Ursaluna|140/308\n|move|p2a: Ursaluna|Earth Power|p1a: Sylveon\n|-damage|p1a: Sylveon|201/300\n|\n|-heal|p1a: Sylveon|219/300|[from] item: Leftovers\n|-heal|p2a: Ursaluna|159/308|[from] item: Leftovers\n|upkeep\n|turn|33\n|\n|t:|1732992745\n|move|p1a: Sylveon|Hyper Voice|p2a: Ursaluna\n|-damage|p2a: Ursaluna|0 fnt\n|faint|p2a: Ursaluna\n|\n|-heal|p1a: Sylveon|237/300|[from] item: Leftovers\n|upkeep\n|\n|t:|1732992749\n|switch|p2a: Quaquaval|Quaquaval, L79, M|238/264\n|turn|34\n|\n|t:|1732992755\n|move|p1a: Sylveon|Protect|p1a: Sylveon\n|-singleturn|p1a: Sylveon|Protect\n|move|p2a: Quaquaval|Aqua Step|p1a: Sylveon\n|-activate|p1a: Sylveon|move: Protect\n|\n|-heal|p1a: Sylveon|255/300|[from] item: Leftovers\n|upkeep\n|turn|35\n|\n|t:|1732992763\n|move|p2a: Quaquaval|Aqua Step|p1a: Sylveon\n|-damage|p1a: Sylveon|121/300\n|-boost|p2a: Quaquaval|spe|1\n|-damage|p2a: Quaquaval|212/264|[from] item: Life Orb\n|move|p1a: Sylveon|Hyper Voice|p2a: Quaquaval\n|-supereffective|p2a: Quaquaval\n|-damage|p2a: Quaquaval|0 fnt\n|faint|p2a: Quaquaval\n|\n|-heal|p1a: Sylveon|139/300|[from] item: Leftovers\n|upkeep\n|\n|t:|1732992770\n|switch|p2a: Kingdra|Kingdra, L84, M|263/263\n|turn|36\n|\n|t:|1732992777\n|move|p1a: Sylveon|Protect|p1a: Sylveon\n|-singleturn|p1a: Sylveon|Protect\n|move|p2a: Kingdra|Wave Crash|p1a: Sylveon\n|-activate|p1a: Sylveon|move: Protect\n|\n|-heal|p1a: Sylveon|157/300|[from] item: Leftovers\n|upkeep\n|turn|37\n|\n|t:|1732992785\n|move|p2a: Kingdra|Wave Crash|p1a: Sylveon\n|-damage|p1a: Sylveon|0 fnt\n|faint|p1a: Sylveon\n|-damage|p2a: Kingdra|211/263|[from] Recoil\n|\n|upkeep\n|\n|t:|1732992797\n|switch|p1a: Lumineon|Lumineon, L93, M|279/279\n|turn|38\n|\n|t:|1732992802\n|move|p1a: Lumineon|Encore|p2a: Kingdra\n|-start|p2a: Kingdra|Encore\n|move|p2a: Kingdra|Wave Crash|p1a: Lumineon\n|-ability|p1a: Lumineon|Storm Drain|boost\n|-boost|p1a: Lumineon|spa|1\n|\n|upkeep\n|turn|39\n|\n|t:|1732992811\n|move|p1a: Lumineon|Alluring Voice|p2a: Kingdra\n|-supereffective|p2a: Kingdra\n|-crit|p2a: Kingdra\n|-damage|p2a: Kingdra|0 fnt\n|faint|p2a: Kingdra\n|\n|win|johannesbestie\n|raw|johannesbestie's rating: 1262 &rarr; <strong>1284</strong><br />(+22 for winning)\n|raw|JBonham's rating: 1218 &rarr; <strong>1196</strong><br />(-22 for losing)\n|l|\u2606JBonham\n|player|p2|\n", "inputlog": ">version b107d77f5c90bd6555267ae244a6264823309ead\n>start {\"formatid\":\"gen9randombattle\",\"seed\":[2895,40083,47154,27443],\"rated\":\"Rated battle\"}\n>player p1 {\"name\":\"johannesbestie\",\"avatar\":\"cynthia\",\"rating\":1262,\"seed\":[18846,8701,27361,16294]}\n>player p2 {\"name\":\"JBonham\",\"avatar\":\"veteran\",\"rating\":1218,\"seed\":[3363,29344,25460,37992]}\n>p1 move sleeppowder\n>p2 switch 2\n>p1 move substitute\n>p2 move moonblast\n>p1 move psychic\n>p2 move moonblast\n>p1 move substitute terastallize\n>p2 move uturn\n>p2 switch 5\n>p1 move sleeppowder\n>p2 move earthpower\n>p1 move leechseed\n>p2 switch 3\n>p1 move psychic\n>p2 move machpunch\n>p2 switch 2\n>p1 move sleeppowder\n>p2 move closecombat\n>p1 switch 5\n>p1 move spore\n>p2 switch 5\n>p1 move sludgebomb\n>p2 move uturn\n>p2 switch 6\n>p1 move spore\n>p2 move mysticalfire terastallize\n>p1 move sludgebomb\n>p2 move mysticalfire\n>p1 switch 3\n>p1 move protect\n>p2 move mysticalfire\n>p1 move calmmind\n>p2 move mysticalfire\n>p1 move wish\n>p2 move mysticalfire\n>p2 switch 6\n>p1 move protect\n>p2 move gigadrain\n>p1 move hypervoice\n>p2 move gigadrain\n>p1 move hypervoice\n>p2 move gigadrain\n>p2 switch 3\n>p1 move hypervoice\n>p2 move calmmind\n>p1 move hypervoice\n>p2 move calmmind\n>p1 move hypervoice\n>p2 move moonlight\n>p1 move calmmind\n>p2 move calmmind\n>p1 move calmmind\n>p2 move calmmind\n>p1 move calmmind\n>p2 move calmmind\n>p1 move calmmind\n>p2 move calmmind\n>p1 move calmmind\n>p2 move calmmind\n>p1 move calmmind\n>p2 move bloodmoon\n>p1 move calmmind\n>p2 move earthpower\n>p1 move protect\n>p2 move earthpower\n>p1 move wish\n>p2 move earthpower\n>p1 move protect\n>p2 move earthpower\n>p1 move hypervoice\n>p2 move earthpower\n>p1 move hypervoice\n>p2 move moonlight\n>p2 switch 5\n>p1 move protect\n>p2 move aquastep\n>p1 move hypervoice\n>p2 move aquastep\n>p2 switch 4\n>p1 move protect\n>p2 move wavecrash\n>p1 move hypervoice\n>p2 move wavecrash\n>p1 switch 2\n>p1 move encore\n>p2 move dragondance\n>p1 move alluringvoice\n>p2 move wavecrash", "uploadtime": 1732992821, "views": 31, "formatid": "gen9randombattle", "rating": 1196, "private": 0, "password": null}