{"id": "gen9randombattle-2253878742", "format": "[Gen 9] Random Battle", "players": ["Amuetur", "Lanz_the_Pacifist"], "log": "|j|\u2606Amuetur\n|j|\u2606Lanz_the_Pacifist\n|t:|1732954747\n|gametype|singles\n|player|p1|Amuetur|102|\n|player|p2|Lanz_the_Pacifist|aromalady|\n|teamsize|p1|6\n|teamsize|p2|6\n|gen|9\n|tier|[Gen 9] Random Battle\n|rule|Species Clause: Limit one of each Pok\u00e9mon\n|rule|HP Percentage Mod: HP is shown in percentages\n|rule|Sleep Clause Mod: Limit one foe put to sleep\n|rule|Illusion Level Mod: Illusion disguises the Pok\u00e9mon's true level\n|\n|t:|1732954747\n|start\n|switch|p1a: Furret|Furret, L94, M|312/312\n|switch|p2a: Electrode|Electrode, L92|260/260\n|-item|p2a: Electrode|Life Orb|[from] ability: Frisk|[of] p1a: Furret\n|turn|1\n|inactive|Battle timer is ON: inactive players will automatically lose when time's up. (requested by Amuetur)\n|inactive|Amuetur has 270 seconds left.\n|\n|t:|1732954780\n|switch|p1a: Giratina|Giratina-Origin, L72|335/335\n|move|p2a: Electrode|Volt Switch|p1a: Giratina\n|-resisted|p1a: Giratina\n|-crit|p1a: Giratina\n|-damage|p1a: Giratina|256/335\n|-damage|p2a: Electrode|234/260|[from] item: Life Orb\n|inactive|Lanz_the_Pacifist has 270 seconds left.\n|\n|t:|1732954821\n|switch|p2a: Hoopa|Hoopa-Unbound, L80|259/259|[from] Volt Switch\n|\n|upkeep\n|turn|2\n|\n|t:|1732954841\n|switch|p1a: Carbink|Carbink, L90|236/236\n|move|p2a: Hoopa|Hyperspace Fury|p1a: Carbink\n|-resisted|p1a: Carbink\n|-damage|p1a: Carbink|173/236\n|-unboost|p2a: Hoopa|def|1\n|\n|upkeep\n|turn|3\n|inactive|Lanz_the_Pacifist has 240 seconds left.\n|inactive|Lanz_the_Pacifist has 210 seconds left.\n|inactiveoff|Battle timer is now OFF.\n|\n|t:|1732954908\n|switch|p2a: Chansey|Chansey, L85, F|564/564\n|move|p1a: Carbink|Iron Defense|p1a: Carbink\n|-boost|p1a: Carbink|def|2\n|\n|upkeep\n|turn|4\n|\n|t:|1732954922\n|switch|p2a: Mimikyu|Mimikyu, L79, M|216/216\n|move|p1a: Carbink|Body Press|p2a: Mimikyu\n|-immune|p2a: Mimikyu\n|\n|upkeep\n|turn|5\n|\n|t:|1732954936\n|move|p2a: Mimikyu|Swords Dance|p2a: Mimikyu\n|-boost|p2a: Mimikyu|atk|2\n|move|p1a: Carbink|Moonblast|p2a: Mimikyu\n|-activate|p2a: Mimikyu|ability: Disguise\n|-damage|p2a: Mimikyu|216/216\n|detailschange|p2a: Mimikyu|Mimikyu-Busted, L79, M\n|-damage|p2a: Mimikyu|189/216|[from] pokemon: Mimikyu-Busted\n|\n|upkeep\n|turn|6\n|\n|t:|1732954955\n|move|p2a: Mimikyu|Play Rough|p1a: Carbink\n|-damage|p1a: Carbink|111/236\n|-damage|p2a: Mimikyu|168/216|[from] item: Life Orb\n|move|p1a: Carbink|Moonblast|p2a: Mimikyu\n|-damage|p2a: Mimikyu|93/216\n|-unboost|p2a: Mimikyu|spa|1\n|\n|upkeep\n|turn|7\n|c|\u2606Amuetur|+2 Lvl 79 85 Atk Life Orb Mimikyu-Busted Wood Hammer (120 BP) vs. +2 Lvl 90 85 HP / 85 Def Carbink: 104-125 (44 - 52.9%) -- 68.8% chance to OHKO\n|c|\u2606Amuetur|I fear hammers\n|\n|t:|1732955058\n|move|p2a: Mimikyu|Wood Hammer|p1a: Carbink\n|-supereffective|p1a: Carbink\n|-damage|p1a: Carbink|0 fnt\n|faint|p1a: Carbink\n|-damage|p2a: Mimikyu|56/216|[from] Recoil\n|-damage|p2a: Mimikyu|35/216|[from] item: Life Orb\n|\n|upkeep\n|c|\u2606Amuetur|No i rested\n|\n|t:|1732955087\n|switch|p1a: Furret|Furret, L94, M|312/312\n|-item|p2a: Mimikyu|Life Orb|[from] ability: Frisk|[of] p1a: Furret\n|turn|8\n|c|\u2606Amuetur|I clicked rest\n|c|\u2606Amuetur|That turn\n|c|\u2606Amuetur|On carbink\n|c|\u2606Amuetur|Bro\n|c|\u2606Amuetur|ID BP Moonblast Rest\n|\n|t:|1732955147\n|switch|p2a: Poliwrath|Poliwrath, L88, M|302/302\n|move|p1a: Furret|Knock Off|p2a: Poliwrath\n|-resisted|p2a: Poliwrath\n|-damage|p2a: Poliwrath|257/302\n|-enditem|p2a: Poliwrath|Leftovers|[from] move: Knock Off|[of] p1a: Furret\n|-damage|p1a: Furret|281/312|[from] item: Life Orb\n|\n|upkeep\n|turn|9\n|\n|t:|1732955161\n|switch|p2a: Hoopa|Hoopa-Unbound, L80|259/259\n|move|p1a: Furret|Tidy Up|p1a: Furret\n|-boost|p1a: Furret|atk|1\n|-boost|p1a: Furret|spe|1\n|\n|upkeep\n|turn|10\n|c|\u2606Amuetur|Drain punch 2hko\n|c|\u2606Amuetur|Calcdex is goated\n|\n|t:|1732955214\n|switch|p2a: Poliwrath|Poliwrath, L88, M|257/302\n|move|p1a: Furret|Tidy Up|p1a: Furret\n|-boost|p1a: Furret|atk|1\n|-boost|p1a: Furret|spe|1\n|\n|upkeep\n|turn|11\n|\n|t:|1732955238\n|move|p1a: Furret|Tidy Up|p1a: Furret\n|-boost|p1a: Furret|atk|1\n|-boost|p1a: Furret|spe|1\n|move|p2a: Poliwrath|Drain Punch|p1a: Furret\n|-supereffective|p1a: Furret\n|-damage|p1a: Furret|99/312\n|-heal|p2a: Poliwrath|302/302|[from] drain|[of] p1a: Furret\n|\n|upkeep\n|turn|12\n|\n|t:|1732955293\n|switch|p2a: Mimikyu|Mimikyu-Busted, L79, M|35/216\n|move|p1a: Furret|Tidy Up|p1a: Furret\n|-boost|p1a: Furret|atk|1\n|-boost|p1a: Furret|spe|1\n|\n|upkeep\n|turn|13\n|\n|t:|1732955301\n|move|p1a: Furret|Knock Off|p2a: Mimikyu\n|-damage|p2a: Mimikyu|0 fnt\n|-enditem|p2a: Mimikyu|Life Orb|[from] move: Knock Off|[of] p1a: Furret\n|faint|p2a: Mimikyu\n|-damage|p1a: Furret|68/312|[from] item: Life Orb\n|\n|upkeep\n|\n|t:|1732955306\n|switch|p2a: Electrode|Electrode, L92|234/260\n|turn|14\n|c|\u2606Amuetur|Im greedy\n|\n|t:|1732955389\n|move|p1a: Furret|Brick Break|p2a: Electrode\n|-damage|p2a: Electrode|20/260\n|-damage|p1a: Furret|37/312|[from] item: Life Orb\n|move|p2a: Electrode|Volt Switch|p1a: Furret\n|-damage|p1a: Furret|0 fnt\n|faint|p1a: Furret\n|-damage|p2a: Electrode|0 fnt|[from] item: Life Orb\n|faint|p2a: Electrode\n|\n|upkeep\n|c|\u2606Amuetur|..what\n|\n|t:|1732955406\n|switch|p2a: Chansey|Chansey, L85, F|564/564\n|switch|p1a: Politoed|Politoed, L88, M|302/302\n|-weather|RainDance|[from] ability: Drizzle|[of] p1a: Politoed\n|turn|15\n|c|\u2606Amuetur|Well shit\n|\n|t:|1732955481\n|move|p1a: Politoed|Ice Beam|p2a: Chansey\n|-damage|p2a: Chansey|527/564\n|move|p2a: Chansey|Thunder Wave|p1a: Politoed\n|-status|p1a: Politoed|par\n|\n|-weather|RainDance|[upkeep]\n|upkeep\n|turn|16\n|\n|t:|1732955489\n|move|p2a: Chansey|Stealth Rock|p1a: Politoed\n|-sidestart|p1: Amuetur|move: Stealth Rock\n|move|p1a: Politoed|Encore|p2a: Chansey\n|-start|p2a: Chansey|Encore\n|\n|-weather|RainDance|[upkeep]\n|upkeep\n|turn|17\n|c|\u2606Amuetur|Im tryna do thay\n|\n|t:|1732955513\n|switch|p2a: Poliwrath|Poliwrath, L88, M|302/302\n|switch|p1a: Vivillon|Vivillon-Marine, L84, F|272/272\n|\n|-weather|RainDance|[upkeep]\n|upkeep\n|turn|18\n|\n|t:|1732955543\n|move|p1a: Vivillon|Quiver Dance|p1a: Vivillon\n|-boost|p1a: Vivillon|spa|1\n|-boost|p1a: Vivillon|spd|1\n|-boost|p1a: Vivillon|spe|1\n|move|p2a: Poliwrath|Liquidation|p1a: Vivillon\n|-damage|p1a: Vivillon|73/272\n|\n|-weather|RainDance|[upkeep]\n|upkeep\n|turn|19\n|\n|t:|1732955565\n|switch|p2a: Chansey|Chansey, L85, F|527/564\n|-terastallize|p1a: Vivillon|Flying\n|move|p1a: Vivillon|Hurricane|p2a: Chansey\n|-damage|p2a: Chansey|409/564\n|\n|-weather|none\n|upkeep\n|turn|20\n|c|\u2606Amuetur|98%\n|c|\u2606Amuetur|Is still 50%\n|c|\u2606Amuetur|Not that\n|c|\u2606Amuetur|Youll see\n|\n|t:|1732955623\n|switch|p2a: Poliwrath|Poliwrath, L88, M|302/302\n|move|p1a: Vivillon|Sleep Powder|p2a: Poliwrath\n|-status|p2a: Poliwrath|slp|[from] move: Sleep Powder\n|\n|upkeep\n|turn|21\n|c|\u2606Amuetur|Yes\n|\n|t:|1732955630\n|switch|p2a: Chansey|Chansey, L85, F|409/564\n|move|p1a: Vivillon|Quiver Dance|p1a: Vivillon\n|-boost|p1a: Vivillon|spa|1\n|-boost|p1a: Vivillon|spd|1\n|-boost|p1a: Vivillon|spe|1\n|\n|upkeep\n|turn|22\n|\n|t:|1732955639\n|move|p1a: Vivillon|Sleep Powder|p2a: Chansey\n|-message|Sleep Clause Mod activated.\n|-hint|Sleep Clause Mod prevents players from putting more than one of their opponent's Pok\u00e9mon to sleep at a time\n|move|p2a: Chansey|Seismic Toss|p1a: Vivillon\n|-damage|p1a: Vivillon|0 fnt\n|faint|p1a: Vivillon\n|\n|upkeep\n|c|\u2606Amuetur|Oh right\n|c|\u2606Amuetur|Forgor\n|c|\u2606Amuetur|VGCd too much\n|\n|t:|1732955657\n|switch|p1a: Seviper|Seviper, L93, M|287/287\n|-damage|p1a: Seviper|252/287|[from] Stealth Rock\n|turn|23\n|c|\u2606Amuetur|Nah\n|c|\u2606Amuetur|I wouldve done nothing vs chans anyways\n|c|\u2606Amuetur|Hurrucane is 3hko\n|\n|t:|1732955704\n|switch|p2a: Poliwrath|Poliwrath, L88, M|302/302 slp\n|move|p1a: Seviper|Swords Dance|p1a: Seviper\n|-boost|p1a: Seviper|atk|2\n|\n|-heal|p1a: Seviper|269/287|[from] item: Leftovers\n|upkeep\n|turn|24\n|inactive|Battle timer is ON: inactive players will automatically lose when time's up. (requested by Amuetur)\n|inactive|Lanz_the_Pacifist has 210 seconds left.\n|inactiveoff|Battle timer is now OFF.\n|c|\u2606Amuetur|I dont roll for confuses\n|c|\u2606Amuetur|Or any move effects\n|c|\u2606Amuetur|I do roll for ohkos\n|\n|t:|1732955785\n|switch|p2a: Beartic|Beartic, L91, F|321/321\n|move|p1a: Seviper|Gunk Shot|p2a: Beartic|[miss]\n|-miss|p1a: Seviper|p2a: Beartic\n|\n|-heal|p1a: Seviper|286/287|[from] item: Leftovers\n|upkeep\n|turn|25\n|c|\u2606Amuetur|+2 Lvl 93 85 Atk Seviper Gunk Shot (120 BP) vs. Lvl 88 85 HP / 85 Def Poliwrath: 264-312 (87.4 - 103.3%) -- 18.8% chance to OHKO\n|c|\u2606Amuetur|+2 Lvl 93 85 Atk Seviper Gunk Shot (120 BP) vs. Lvl 91 85 HP / 85 Def Beartic: 291-343 (90.6 - 106.8%) -- 43.8% chance to OHKO\n|\n|t:|1732955803\n|-terastallize|p2a: Beartic|Ground\n|move|p1a: Seviper|Gunk Shot|p2a: Beartic\n|-resisted|p2a: Beartic\n|-damage|p2a: Beartic|153/321\n|-status|p2a: Beartic|psn\n|move|p2a: Beartic|Earthquake|p1a: Seviper\n|-supereffective|p1a: Seviper\n|-damage|p1a: Seviper|0 fnt\n|faint|p1a: Seviper\n|\n|-damage|p2a: Beartic|113/321 psn|[from] psn\n|upkeep\n|\n|t:|1732955814\n|switch|p1a: Giratina|Giratina-Origin, L72|256/335\n|-damage|p1a: Giratina|215/335|[from] Stealth Rock\n|turn|26\n|\n|t:|1732955828\n|move|p1a: Giratina|Draco Meteor|p2a: Beartic\n|-damage|p2a: Beartic|0 fnt\n|-unboost|p1a: Giratina|spa|2\n|faint|p2a: Beartic\n|\n|upkeep\n|\n|t:|1732955843\n|switch|p2a: Hoopa|Hoopa-Unbound, L80|259/259\n|turn|27\n|\n|t:|1732955854\n|move|p2a: Hoopa|Hyperspace Fury|p1a: Giratina\n|-supereffective|p1a: Giratina\n|-damage|p1a: Giratina|0 fnt\n|-unboost|p2a: Hoopa|def|1\n|faint|p1a: Giratina\n|\n|upkeep\n|\n|t:|1732955857\n|switch|p1a: Politoed|Politoed, L88, M|302/302 par\n|-damage|p1a: Politoed|265/302 par|[from] Stealth Rock\n|-weather|RainDance|[from] ability: Drizzle|[of] p1a: Politoed\n|turn|28\n|\n|t:|1732955863\n|move|p2a: Hoopa|Hyperspace Fury|p1a: Politoed\n|-damage|p1a: Politoed|9/302 par\n|-unboost|p2a: Hoopa|def|1\n|move|p1a: Politoed|Ice Beam|p2a: Hoopa\n|-damage|p2a: Hoopa|205/259\n|\n|-weather|RainDance|[upkeep]\n|upkeep\n|turn|29\n|c|\u2606Amuetur|Gg\n|\n|t:|1732955871\n|move|p2a: Hoopa|Hyperspace Fury|p1a: Politoed\n|-damage|p1a: Politoed|0 fnt\n|-unboost|p2a: Hoopa|def|1\n|faint|p1a: Politoed\n|\n|win|Lanz_the_Pacifist\n|c|\u2606Lanz_the_Pacifist|Day 94 Viewer Match #3\n", "inputlog": ">version b107d77f5c90bd6555267ae244a6264823309ead\n>start {\"formatid\":\"gen9randombattle\",\"seed\":[35753,15206,16043,18562]}\n>player p1 {\"name\":\"Amuetur\",\"avatar\":\"102\",\"rating\":0,\"seed\":[24693,31937,51626,64681]}\n>player p2 {\"name\":\"Lanz_the_Pacifist\",\"avatar\":\"aromalady\",\"rating\":0,\"seed\":[28500,42214,2119,41035]}\n>p1 switch 3\n>p2 move voltswitch\n>p2 switch 2\n>p1 switch 6\n>p2 move hyperspacefury\n>p1 move irondefense\n>p2 switch 5\n>p1 move bodypress\n>p2 switch 6\n>p1 move moonblast\n>p2 move swordsdance\n>p1 move moonblast\n>p2 move playrough\n>chat \u2606Amuetur|+2 Lvl 79 85 Atk Life Orb Mimikyu-Busted Wood Hammer (120 BP) vs. +2 Lvl 90 85 HP / 85 Def Carbink: 104-125 (44 - 52.9%) -- 68.8% chance to OHKO\n>chat \u2606Amuetur|I fear hammers\n>p1 move rest\n>p2 move woodhammer\n>chat \u2606Amuetur|No i rested\n>p1 switch 3\n>chat \u2606Amuetur|I clicked rest\n>chat \u2606Amuetur|That turn\n>chat \u2606Amuetur|On carbink\n>chat \u2606Amuetur|Bro\n>chat \u2606Amuetur|ID BP Moonblast Rest\n>p1 move knockoff\n>p2 switch 3\n>p1 move tidyup\n>p2 switch 5\n>chat \u2606Amuetur|Drain punch 2hko\n>chat \u2606Amuetur|Calcdex is goated\n>p1 move tidyup\n>p2 switch 5\n>p1 move tidyup\n>p2 move drainpunch\n>p1 move tidyup\n>p2 switch 3\n>p1 move knockoff\n>p2 move playrough\n>p2 switch 2\n>chat \u2606Amuetur|Im greedy\n>p1 move brickbreak\n>p2 move voltswitch\n>chat \u2606Amuetur|..what\n>p1 switch 5\n>p2 switch 6\n>chat \u2606Amuetur|Well shit\n>p1 move icebeam\n>p2 move thunderwave\n>p1 move encore\n>p2 move stealthrock\n>chat \u2606Amuetur|Im tryna do thay\n>p1 switch 2\n>p2 switch 3\n>p1 move quiverdance\n>p2 move liquidation\n>p1 move hurricane terastallize\n>p2 switch 3\n>chat \u2606Amuetur|98%\n>chat \u2606Amuetur|Is still 50%\n>chat \u2606Amuetur|Not that\n>chat \u2606Amuetur|Youll see\n>p1 move sleeppowder\n>p2 switch 3\n>chat \u2606Amuetur|Yes\n>p1 move quiverdance\n>p2 switch 3\n>p1 move sleeppowder\n>p2 move seismictoss\n>chat \u2606Amuetur|Oh right\n>chat \u2606Amuetur|Forgor\n>chat \u2606Amuetur|VGCd too much\n>p1 switch 4\n>chat \u2606Amuetur|Nah\n>chat \u2606Amuetur|I wouldve done nothing vs chans anyways\n>chat \u2606Amuetur|Hurrucane is 3hko\n>p1 move swordsdance\n>p2 switch 3\n>chat \u2606Amuetur|I dont roll for confuses\n>chat \u2606Amuetur|Or any move effects\n>chat \u2606Amuetur|I do roll for ohkos\n>p1 move gunkshot\n>p2 switch 4\n>chat \u2606Amuetur|+2 Lvl 93 85 Atk Seviper Gunk Shot (120 BP) vs. Lvl 88 85 HP / 85 Def Poliwrath: 264-312 (87.4 - 103.3%) -- 18.8% chance to OHKO\n>chat \u2606Amuetur|+2 Lvl 93 85 Atk Seviper Gunk Shot (120 BP) vs. Lvl 91 85 HP / 85 Def Beartic: 291-343 (90.6 - 106.8%) -- 43.8% chance to OHKO\n>p1 move gunkshot\n>p2 move earthquake terastallize\n>p1 switch 6\n>p1 move dracometeor\n>p2 move iciclecrash\n>p2 switch 5\n>p1 move poltergeist\n>p2 move hyperspacefury\n>p1 switch 2\n>p1 move icebeam\n>p2 move hyperspacefury\n>chat \u2606Amuetur|Gg\n>p1 move icebeam\n>p2 move hyperspacefury", "uploadtime": 1732955894, "views": 2, "formatid": "gen9randombattle", "rating": null, "private": 0, "password": null}