{"id": "gen9randombattle-2253793723", "format": "[Gen 9] Random Battle", "players": ["Nvrwz", "Anonomys/14"], "log": "|j|\u2606Nvrwz\n|j|\u2606Anonomys/14\n|t:|1732939196\n|gametype|singles\n|player|p1|Nvrwz|birdkeeper-gen4dp|1051\n|player|p2|Anonomys/14|linebacker|1000\n|teamsize|p1|6\n|teamsize|p2|6\n|gen|9\n|tier|[Gen 9] Random Battle\n|rated|\n|rule|Species Clause: Limit one of each Pok\u00e9mon\n|rule|HP Percentage Mod: HP is shown in percentages\n|rule|Sleep Clause Mod: Limit one foe put to sleep\n|rule|Illusion Level Mod: Illusion disguises the Pok\u00e9mon's true level\n|\n|t:|1732939196\n|start\n|switch|p1a: Victreebel|Victreebel, L90, M|290/290\n|switch|p2a: Spidops|Spidops, L96, F|271/271\n|turn|1\n|\n|t:|1732939207\n|move|p1a: Victreebel|Sunny Day|p1a: Victreebel\n|-weather|SunnyDay\n|move|p2a: Spidops|Sticky Web|p1a: Victreebel\n|-sidestart|p1: Nvrwz|move: Sticky Web\n|\n|-weather|SunnyDay|[upkeep]\n|upkeep\n|turn|2\n|\n|t:|1732939215\n|move|p1a: Victreebel|Weather Ball|p2a: Spidops\n|-supereffective|p2a: Spidops\n|-damage|p2a: Spidops|0 fnt\n|faint|p2a: Spidops\n|-damage|p1a: Victreebel|261/290|[from] item: Life Orb\n|\n|-weather|SunnyDay|[upkeep]\n|upkeep\n|inactive|Battle timer is ON: inactive players will automatically lose when time's up. (requested by Anonomys/14)\n|\n|t:|1732939229\n|switch|p2a: Dialga|Dialga-Origin, L73|266/266\n|-ability|p2a: Dialga|Pressure\n|turn|3\n|\n|t:|1732939235\n|move|p1a: Victreebel|Weather Ball|p2a: Dialga\n|-damage|p2a: Dialga|122/266\n|-damage|p1a: Victreebel|232/290|[from] item: Life Orb\n|move|p2a: Dialga|Draco Meteor|p1a: Victreebel\n|-damage|p1a: Victreebel|43/290\n|-unboost|p2a: Dialga|spa|2\n|\n|-weather|SunnyDay|[upkeep]\n|upkeep\n|turn|4\n|\n|t:|1732939240\n|move|p1a: Victreebel|Weather Ball|p2a: Dialga\n|-damage|p2a: Dialga|0 fnt\n|faint|p2a: Dialga\n|-damage|p1a: Victreebel|14/290|[from] item: Life Orb\n|\n|-weather|SunnyDay|[upkeep]\n|upkeep\n|\n|t:|1732939244\n|switch|p2a: Rillaboom|Rillaboom, L79, M|288/288\n|-fieldstart|move: Grassy Terrain|[from] ability: Grassy Surge|[of] p2a: Rillaboom\n|turn|5\n|\n|t:|1732939248\n|move|p1a: Victreebel|Sludge Wave|p2a: Rillaboom\n|-supereffective|p2a: Rillaboom\n|-damage|p2a: Rillaboom|0 fnt\n|faint|p2a: Rillaboom\n|-damage|p1a: Victreebel|0 fnt|[from] item: Life Orb\n|faint|p1a: Victreebel\n|\n|-weather|none\n|upkeep\n|\n|t:|1732939255\n|switch|p2a: Zarude|Zarude-Dada, L78|292/292\n|switch|p1a: Serperior|Serperior, L79, F|248/248\n|-activate|p1a: Serperior|move: Sticky Web\n|-boost|p1a: Serperior|spe|1\n|turn|6\n|\n|t:|1732939261\n|move|p1a: Serperior|Leaf Storm|p2a: Zarude\n|-resisted|p2a: Zarude\n|-damage|p2a: Zarude|202/292\n|-boost|p1a: Serperior|spa|2\n|-damage|p1a: Serperior|224/248|[from] item: Life Orb\n|move|p2a: Zarude|Close Combat|p1a: Serperior\n|-damage|p1a: Serperior|85/248\n|-unboost|p2a: Zarude|def|1\n|-unboost|p2a: Zarude|spd|1\n|\n|-heal|p1a: Serperior|100/248|[from] Grassy Terrain\n|-heal|p2a: Zarude|220/292|[from] Grassy Terrain\n|upkeep\n|turn|7\n|\n|t:|1732939269\n|move|p1a: Serperior|Synthesis|p1a: Serperior\n|-heal|p1a: Serperior|224/248\n|move|p2a: Zarude|Close Combat|p1a: Serperior\n|-damage|p1a: Serperior|92/248\n|-unboost|p2a: Zarude|def|1\n|-unboost|p2a: Zarude|spd|1\n|\n|-heal|p1a: Serperior|107/248|[from] Grassy Terrain\n|-heal|p2a: Zarude|238/292|[from] Grassy Terrain\n|upkeep\n|turn|8\n|\n|t:|1732939282\n|-terastallize|p2a: Zarude|Fighting\n|move|p1a: Serperior|Synthesis|p1a: Serperior\n|-heal|p1a: Serperior|231/248\n|move|p2a: Zarude|Close Combat|p1a: Serperior\n|-damage|p1a: Serperior|38/248\n|-unboost|p2a: Zarude|def|1\n|-unboost|p2a: Zarude|spd|1\n|\n|-heal|p1a: Serperior|53/248|[from] Grassy Terrain\n|-heal|p2a: Zarude|256/292|[from] Grassy Terrain\n|upkeep\n|turn|9\n|\n|t:|1732939288\n|move|p1a: Serperior|Leaf Storm|p2a: Zarude\n|-damage|p2a: Zarude|0 fnt\n|-boost|p1a: Serperior|spa|2\n|faint|p2a: Zarude\n|-damage|p1a: Serperior|29/248|[from] item: Life Orb\n|\n|-heal|p1a: Serperior|44/248|[from] Grassy Terrain\n|-fieldend|move: Grassy Terrain\n|upkeep\n|\n|t:|1732939298\n|switch|p2a: Basculegion|Basculegion, L81, M|327/327\n|turn|10\n|\n|t:|1732939306\n|move|p1a: Serperior|Leaf Storm|p2a: Basculegion\n|-supereffective|p2a: Basculegion\n|-damage|p2a: Basculegion|0 fnt\n|-boost|p1a: Serperior|spa|2\n|faint|p2a: Basculegion\n|-damage|p1a: Serperior|20/248|[from] item: Life Orb\n|\n|upkeep\n|\n|t:|1732939310\n|switch|p2a: Ursaluna|Ursaluna-Bloodmoon, L79, M|308/308\n|turn|11\n|\n|t:|1732939314\n|move|p1a: Serperior|Leaf Storm|p2a: Ursaluna\n|-supereffective|p2a: Ursaluna\n|-damage|p2a: Ursaluna|0 fnt\n|faint|p2a: Ursaluna\n|-damage|p1a: Serperior|0 fnt|[from] item: Life Orb\n|faint|p1a: Serperior\n|\n|win|Nvrwz\n|raw|Nvrwz's rating: 1051 &rarr; <strong>1079</strong><br />(+28 for winning)\n|raw|Anonomys&#x2f;14's rating: 1000 &rarr; <strong>1000</strong><br />(+0 for losing)\n", "inputlog": ">version b107d77f5c90bd6555267ae244a6264823309ead\n>start {\"formatid\":\"gen9randombattle\",\"seed\":[57227,16460,902,34168],\"rated\":\"Rated battle\"}\n>player p1 {\"name\":\"Nvrwz\",\"avatar\":\"birdkeeper-gen4dp\",\"rating\":1051,\"seed\":[17132,35298,55324,21008]}\n>player p2 {\"name\":\"Anonomys/14\",\"avatar\":\"linebacker\",\"rating\":1000,\"seed\":[25100,3773,53434,47335]}\n>p1 move sunnyday\n>p2 move stickyweb\n>p1 move weatherball\n>p2 move circlethrow\n>p2 switch 2\n>p1 move weatherball\n>p2 move dracometeor\n>p1 move weatherball\n>p2 move dracometeor\n>p2 switch 6\n>p1 move sludgewave\n>p2 move uturn\n>p1 switch 3\n>p2 switch 3\n>p1 move leafstorm\n>p2 move closecombat\n>p1 move synthesis\n>p2 move closecombat\n>p1 move synthesis\n>p2 move closecombat terastallize\n>p1 move leafstorm\n>p2 move closecombat\n>p2 switch 5\n>p1 move leafstorm\n>p2 move shadowball\n>p2 switch 4\n>p1 move leafstorm\n>p2 move moonlight", "uploadtime": 1732939317, "views": 15, "formatid": "gen9randombattle", "rating": 1000, "private": 0, "password": null}