{"id": "gen9randombattle-2253962906", "format": "[Gen 9] Random Battle", "players": ["EveryMatchIsRigged", "MrSteveee"], "log": "|j|\u2606EveryMatchIsRigged\n|j|\u2606MrSteveee\n|t:|1732972210\n|gametype|singles\n|player|p1|EveryMatchIsRigged|acetrainerf|1246\n|player|p2|MrSteveee|102|1267\n|teamsize|p1|6\n|teamsize|p2|6\n|gen|9\n|tier|[Gen 9] Random Battle\n|rated|\n|rule|Species Clause: Limit one of each Pok\u00e9mon\n|rule|HP Percentage Mod: HP is shown in percentages\n|rule|Sleep Clause Mod: Limit one foe put to sleep\n|rule|Illusion Level Mod: Illusion disguises the Pok\u00e9mon's true level\n|\n|t:|1732972210\n|start\n|switch|p1a: Emboar|Emboar, L84, M|322/322\n|switch|p2a: Ogerpon|Ogerpon, L80, F|259/259\n|turn|1\n|inactive|Battle timer is ON: inactive players will automatically lose when time's up. (requested by MrSteveee)\n|inactive|EveryMatchIsRigged also wants the timer to be on.\n|inactive|EveryMatchIsRigged has 120 seconds left.\n|\n|t:|1732972251\n|switch|p2a: Walking Wake|Walking Wake, L79|286/286\n|move|p1a: Emboar|Knock Off|p2a: Walking Wake\n|-damage|p2a: Walking Wake|202/286\n|-enditem|p2a: Walking Wake|Choice Specs|[from] move: Knock Off|[of] p1a: Emboar\n|\n|upkeep\n|turn|2\n|\n|t:|1732972264\n|-terastallize|p1a: Emboar|Dark\n|move|p1a: Emboar|Sucker Punch|p2a: Walking Wake\n|-damage|p2a: Walking Wake|115/286\n|move|p2a: Walking Wake|Hydro Pump|p1a: Emboar\n|-damage|p1a: Emboar|214/322\n|\n|upkeep\n|turn|3\n|\n|t:|1732972274\n|move|p1a: Emboar|Sucker Punch|p2a: Walking Wake\n|-damage|p2a: Walking Wake|13/286\n|move|p2a: Walking Wake|Flip Turn|p1a: Emboar\n|-damage|p1a: Emboar|148/322\n|\n|t:|1732972290\n|-end|p2a: Walking Wake|Protosynthesis|[silent]\n|switch|p2a: Hitmonlee|Hitmonlee, L85, M|223/223|[from] Flip Turn\n|\n|upkeep\n|turn|4\n|inactive|EveryMatchIsRigged has 120 seconds left.\n|\n|t:|1732972341\n|move|p2a: Hitmonlee|High Jump Kick|p1a: Emboar\n|-supereffective|p1a: Emboar\n|-damage|p1a: Emboar|0 fnt\n|faint|p1a: Emboar\n|\n|upkeep\n|\n|t:|1732972347\n|switch|p1a: Staraptor|Staraptor, L79, M|263/263\n|turn|5\n|\n|t:|1732972355\n|switch|p2a: Iron Thorns|Iron Thorns, L83|302/302\n|move|p1a: Staraptor|Brave Bird|p2a: Iron Thorns\n|-resisted|p2a: Iron Thorns\n|-crit|p2a: Iron Thorns\n|-damage|p2a: Iron Thorns|227/302\n|-damage|p1a: Staraptor|238/263|[from] Recoil\n|\n|upkeep\n|turn|6\n|\n|t:|1732972368\n|switch|p1a: Raikou|Raikou, L81|278/278\n|-ability|p1a: Raikou|Pressure\n|move|p2a: Iron Thorns|Ice Punch|p1a: Raikou\n|-damage|p1a: Raikou|159/278\n|\n|-heal|p1a: Raikou|176/278|[from] item: Leftovers\n|upkeep\n|turn|7\n|\n|t:|1732972379\n|move|p1a: Raikou|Scald|p2a: Iron Thorns\n|-supereffective|p2a: Iron Thorns\n|-damage|p2a: Iron Thorns|109/302\n|-status|p2a: Iron Thorns|brn\n|move|p2a: Iron Thorns|Ice Punch|p1a: Raikou\n|-damage|p1a: Raikou|121/278\n|\n|-heal|p1a: Raikou|138/278|[from] item: Leftovers\n|-damage|p2a: Iron Thorns|91/302 brn|[from] brn\n|upkeep\n|turn|8\n|\n|t:|1732972391\n|move|p1a: Raikou|Scald|p2a: Iron Thorns\n|-supereffective|p2a: Iron Thorns\n|-damage|p2a: Iron Thorns|0 fnt\n|faint|p2a: Iron Thorns\n|-end|p2a: Iron Thorns|Quark Drive|[silent]\n|\n|-heal|p1a: Raikou|155/278|[from] item: Leftovers\n|upkeep\n|\n|t:|1732972402\n|switch|p2a: Quagsire|Quagsire, L84, M|297/297\n|turn|9\n|\n|t:|1732972409\n|switch|p1a: Cacturne|Cacturne, L92, M|278/278\n|move|p2a: Quagsire|Earthquake|p1a: Cacturne\n|-resisted|p1a: Cacturne\n|-damage|p1a: Cacturne|220/278\n|\n|upkeep\n|turn|10\n|\n|t:|1732972423\n|-terastallize|p2a: Quagsire|Fairy\n|move|p1a: Cacturne|Seed Bomb|p2a: Quagsire\n|-damage|p2a: Quagsire|140/297\n|-damage|p1a: Cacturne|193/278|[from] item: Life Orb\n|move|p2a: Quagsire|Ice Beam|p1a: Cacturne\n|-supereffective|p1a: Cacturne\n|-damage|p1a: Cacturne|87/278\n|\n|-heal|p2a: Quagsire|158/297|[from] item: Leftovers\n|upkeep\n|turn|11\n|inactive|EveryMatchIsRigged has 120 seconds left.\n|\n|t:|1732972471\n|switch|p1a: Flareon|Flareon, L90, M|263/263\n|move|p2a: Quagsire|Ice Beam|p1a: Flareon\n|-resisted|p1a: Flareon\n|-damage|p1a: Flareon|244/263\n|\n|-heal|p2a: Quagsire|176/297|[from] item: Leftovers\n|-status|p1a: Flareon|tox|[from] item: Toxic Orb\n|upkeep\n|turn|12\n|\n|t:|1732972484\n|move|p1a: Flareon|Facade|p2a: Quagsire\n|-damage|p2a: Quagsire|0 fnt\n|faint|p2a: Quagsire\n|\n|-damage|p1a: Flareon|228/263 tox|[from] psn\n|upkeep\n|\n|t:|1732972501\n|switch|p2a: Walking Wake|Walking Wake, L79|13/286\n|turn|13\n|inactive|EveryMatchIsRigged has 90 seconds left.\n|inactive|EveryMatchIsRigged has 60 seconds left.\n|\n|t:|1732972555\n|move|p1a: Flareon|Quick Attack|p2a: Walking Wake\n|-damage|p2a: Walking Wake|0 fnt\n|faint|p2a: Walking Wake\n|-end|p2a: Walking Wake|Protosynthesis|[silent]\n|\n|-damage|p1a: Flareon|196/263 tox|[from] psn\n|upkeep\n|\n|t:|1732972570\n|switch|p2a: Hitmonlee|Hitmonlee, L85, M|223/223\n|turn|14\n|\n|t:|1732972585\n|move|p2a: Hitmonlee|High Jump Kick|p1a: Flareon\n|-damage|p1a: Flareon|0 fnt\n|faint|p1a: Flareon\n|\n|upkeep\n|\n|t:|1732972591\n|switch|p1a: Staraptor|Staraptor, L79, M|238/263\n|turn|15\n|\n|t:|1732972597\n|move|p2a: Hitmonlee|High Jump Kick|p1a: Staraptor\n|-damage|p1a: Staraptor|0 fnt\n|faint|p1a: Staraptor\n|\n|upkeep\n|inactive|EveryMatchIsRigged has 60 seconds left.\n|inactive|EveryMatchIsRigged has 30 seconds left.\n|\n|t:|1732972653\n|switch|p1a: Gallade|Gallade, L81, M|243/243\n|turn|16\n|\n|t:|1732972661\n|switch|p2a: Kricketune|Kricketune, L99, F|312/312\n|move|p1a: Gallade|Psycho Cut|p2a: Kricketune\n|-damage|p2a: Kricketune|74/312\n|\n|upkeep\n|turn|17\n|inactive|EveryMatchIsRigged has 30 seconds left.\n|inactive|EveryMatchIsRigged has 20 seconds left.\n|inactive|EveryMatchIsRigged has 15 seconds left.\n|inactive|EveryMatchIsRigged has 10 seconds left.\n|\n|t:|1732972698\n|move|p2a: Kricketune|Pounce|p1a: Gallade\n|-damage|p1a: Gallade|123/243\n|-unboost|p1a: Gallade|spe|1\n|move|p1a: Gallade|Psycho Cut|p2a: Kricketune\n|-damage|p2a: Kricketune|0 fnt\n|faint|p2a: Kricketune\n|\n|upkeep\n|inactive|EveryMatchIsRigged has 15 seconds left this turn.\n|\n|t:|1732972719\n|switch|p2a: Ogerpon|Ogerpon, L80, F|259/259\n|turn|18\n|inactive|EveryMatchIsRigged has 25 seconds left this turn.\n|inactive|EveryMatchIsRigged has 20 seconds left.\n|inactive|EveryMatchIsRigged has 15 seconds left.\n|\n|t:|1732972730\n|move|p2a: Ogerpon|Swords Dance|p2a: Ogerpon\n|-boost|p2a: Ogerpon|atk|2\n|move|p1a: Gallade|Psycho Cut|p2a: Ogerpon\n|-crit|p2a: Ogerpon\n|-damage|p2a: Ogerpon|0 fnt\n|faint|p2a: Ogerpon\n|\n|upkeep\n|inactive|EveryMatchIsRigged has 20 seconds left this turn.\n|\n|t:|1732972740\n|switch|p2a: Hitmonlee|Hitmonlee, L85, M|223/223\n|turn|19\n|inactive|EveryMatchIsRigged has 30 seconds left this turn.\n|\n|t:|1732972754\n|move|p2a: Hitmonlee|Knock Off|p1a: Gallade\n|-damage|p1a: Gallade|18/243\n|-enditem|p1a: Gallade|Choice Band|[from] move: Knock Off|[of] p2a: Hitmonlee\n|move|p1a: Gallade|Psycho Cut|p2a: Hitmonlee\n|-supereffective|p2a: Hitmonlee\n|-damage|p2a: Hitmonlee|0 fnt\n|faint|p2a: Hitmonlee\n|\n|win|EveryMatchIsRigged\n|raw|EveryMatchIsRigged's rating: 1246 &rarr; <strong>1273</strong><br />(+27 for winning)\n|raw|MrSteveee's rating: 1267 &rarr; <strong>1240</strong><br />(-27 for losing)\n", "inputlog": ">version b107d77f5c90bd6555267ae244a6264823309ead\n>start {\"formatid\":\"gen9randombattle\",\"seed\":[47144,41267,13792,48833],\"rated\":\"Rated battle\"}\n>player p1 {\"name\":\"EveryMatchIsRigged\",\"avatar\":\"acetrainerf\",\"rating\":1246,\"seed\":[37227,46012,54499,25790]}\n>player p2 {\"name\":\"MrSteveee\",\"avatar\":\"102\",\"rating\":1267,\"seed\":[58617,16933,30704,23707]}\n>p1 move knockoff\n>p2 switch 6\n>p1 move suckerpunch terastallize\n>p2 move hydropump\n>p1 move suckerpunch\n>p2 move flipturn\n>p2 switch 5\n>p1 move flareblitz\n>p2 move highjumpkick\n>p1 switch 5\n>p1 move bravebird\n>p2 switch 3\n>p1 switch 3\n>p2 move icepunch\n>p1 move scald\n>p2 move icepunch\n>p1 move scald\n>p2 move icepunch\n>p2 switch 4\n>p1 switch 4\n>p2 move earthquake\n>p1 move seedbomb\n>p2 move icebeam terastallize\n>p1 switch 2\n>p2 move icebeam\n>p1 move facade\n>p2 move earthquake\n>p2 switch 5\n>p1 move quickattack\n>p2 move hydropump\n>p2 switch 3\n>p1 move facade\n>p2 move highjumpkick\n>p1 switch 3\n>p1 move bravebird\n>p2 move highjumpkick\n>p1 switch 6\n>p1 move psychocut\n>p2 switch 2\n>p1 move psychocut\n>p2 move pounce\n>p2 switch 6\n>p1 move psychocut\n>p2 move swordsdance\n>p2 switch 2\n>p1 move psychocut\n>p2 move knockoff", "uploadtime": 1732972762, "views": 1, "formatid": "gen9randombattle", "rating": 1240, "private": 0, "password": null}