{"id": "gen9randombattle-2253939813", "format": "[Gen 9] Random Battle", "players": ["ricardoheroi", "Dat boii fam"], "log": "|j|\u2606ricardoheroi\n|j|\u2606Dat boii fam\n|t:|1732968015\n|gametype|singles\n|player|p1|ricardoheroi|170|1920\n|player|p2|Dat boii fam|li|1917\n|teamsize|p1|6\n|teamsize|p2|6\n|gen|9\n|tier|[Gen 9] Random Battle\n|rated|\n|rule|Species Clause: Limit one of each Pok\u00e9mon\n|rule|HP Percentage Mod: HP is shown in percentages\n|rule|Sleep Clause Mod: Limit one foe put to sleep\n|rule|Illusion Level Mod: Illusion disguises the Pok\u00e9mon's true level\n|\n|t:|1732968015\n|start\n|switch|p1a: Kommo-o|Kommo-o, L78, M|245/245\n|switch|p2a: Diancie|Diancie, L82|216/216\n|turn|1\n|inactive|Battle timer is ON: inactive players will automatically lose when time's up. (requested by Dat boii fam)\n|\n|t:|1732968033\n|switch|p1a: Jirachi|Jirachi, L80|291/291\n|move|p2a: Diancie|Stealth Rock|p1a: Jirachi\n|-sidestart|p1: ricardoheroi|move: Stealth Rock\n|\n|upkeep\n|turn|2\n|\n|t:|1732968050\n|switch|p2a: Dusknoir|Dusknoir, L89, M|225/225\n|-item|p1a: Jirachi|Leftovers|[from] ability: Frisk|[of] p2a: Dusknoir\n|move|p1a: Jirachi|U-turn|p2a: Dusknoir\n|-resisted|p2a: Dusknoir\n|-damage|p2a: Dusknoir|208/225\n|\n|t:|1732968069\n|switch|p1a: Shiftry|Shiftry, L89, M|305/305|[from] U-turn\n|-damage|p1a: Shiftry|267/305|[from] Stealth Rock\n|\n|upkeep\n|turn|3\n|\n|t:|1732968075\n|move|p1a: Shiftry|Will-O-Wisp|p2a: Dusknoir\n|-status|p2a: Dusknoir|brn\n|move|p2a: Dusknoir|Leech Life|p1a: Shiftry\n|-supereffective|p1a: Shiftry\n|-damage|p1a: Shiftry|33/305\n|-heal|p2a: Dusknoir|225/225 brn|[from] drain|[of] p1a: Shiftry\n|\n|-damage|p2a: Dusknoir|211/225 brn|[from] brn\n|upkeep\n|turn|4\n|\n|t:|1732968086\n|switch|p2a: Cobalion|Cobalion, L80|277/277\n|move|p1a: Shiftry|Knock Off|p2a: Cobalion\n|-resisted|p2a: Cobalion\n|-damage|p2a: Cobalion|219/277\n|-ability|p2a: Cobalion|Justified|boost\n|-boost|p2a: Cobalion|atk|1\n|-enditem|p2a: Cobalion|Leftovers|[from] move: Knock Off|[of] p1a: Shiftry\n|-damage|p1a: Shiftry|3/305|[from] item: Life Orb\n|\n|upkeep\n|turn|5\n|\n|t:|1732968098\n|move|p2a: Cobalion|Calm Mind|p2a: Cobalion\n|-boost|p2a: Cobalion|spa|1\n|-boost|p2a: Cobalion|spd|1\n|move|p1a: Shiftry|Will-O-Wisp|p2a: Cobalion\n|-status|p2a: Cobalion|brn\n|\n|-damage|p2a: Cobalion|202/277 brn|[from] brn\n|upkeep\n|turn|6\n|\n|t:|1732968107\n|move|p1a: Shiftry|Sucker Punch||[still]\n|-fail|p1a: Shiftry\n|move|p2a: Cobalion|Calm Mind|p2a: Cobalion\n|-boost|p2a: Cobalion|spa|1\n|-boost|p2a: Cobalion|spd|1\n|\n|-damage|p2a: Cobalion|185/277 brn|[from] brn\n|upkeep\n|turn|7\n|\n|t:|1732968114\n|move|p2a: Cobalion|Vacuum Wave|p1a: Shiftry\n|-supereffective|p1a: Shiftry\n|-damage|p1a: Shiftry|0 fnt\n|faint|p1a: Shiftry\n|\n|-damage|p2a: Cobalion|168/277 brn|[from] brn\n|upkeep\n|\n|t:|1732968134\n|switch|p1a: Talonflame|Talonflame, L84, F|268/268\n|turn|8\n|\n|t:|1732968145\n|move|p1a: Talonflame|Brave Bird|p2a: Cobalion\n|-damage|p2a: Cobalion|80/277 brn\n|-damage|p1a: Talonflame|239/268|[from] Recoil\n|move|p2a: Cobalion|Flash Cannon|p1a: Talonflame\n|-resisted|p1a: Talonflame\n|-damage|p1a: Talonflame|153/268\n|\n|-damage|p2a: Cobalion|63/277 brn|[from] brn\n|upkeep\n|turn|9\n|\n|t:|1732968157\n|switch|p2a: Diancie|Diancie, L82|216/216\n|move|p1a: Talonflame|Roost|p1a: Talonflame\n|-heal|p1a: Talonflame|268/268\n|-singleturn|p1a: Talonflame|move: Roost\n|\n|upkeep\n|turn|10\n|\n|t:|1732968165\n|switch|p1a: Jirachi|Jirachi, L80|291/291\n|-damage|p1a: Jirachi|273/291|[from] Stealth Rock\n|move|p2a: Diancie|Body Press|p1a: Jirachi\n|-damage|p1a: Jirachi|197/291\n|\n|-heal|p1a: Jirachi|215/291|[from] item: Leftovers\n|upkeep\n|turn|11\n|\n|t:|1732968173\n|switch|p2a: Cobalion|Cobalion, L80|63/277 brn\n|move|p1a: Jirachi|U-turn|p2a: Cobalion\n|-resisted|p2a: Cobalion\n|-damage|p2a: Cobalion|54/277 brn\n|\n|t:|1732968189\n|switch|p1a: Talonflame|Talonflame, L84, F|268/268|[from] U-turn\n|\n|-damage|p2a: Cobalion|37/277 brn|[from] brn\n|upkeep\n|turn|12\n|\n|t:|1732968210\n|move|p2a: Cobalion|Vacuum Wave|p1a: Talonflame\n|-resisted|p1a: Talonflame\n|-damage|p1a: Talonflame|244/268\n|move|p1a: Talonflame|Brave Bird|p2a: Cobalion\n|-damage|p2a: Cobalion|0 fnt\n|faint|p2a: Cobalion\n|-damage|p1a: Talonflame|232/268|[from] Recoil\n|\n|upkeep\n|\n|t:|1732968219\n|switch|p2a: Tinkaton|Tinkaton, L82, F|274/274\n|-ability|p2a: Tinkaton|Mold Breaker\n|turn|13\n|\n|t:|1732968228\n|move|p1a: Talonflame|Overheat|p2a: Tinkaton\n|-supereffective|p2a: Tinkaton\n|-damage|p2a: Tinkaton|82/274\n|-unboost|p1a: Talonflame|spa|2\n|move|p2a: Tinkaton|Thunder Wave|p1a: Talonflame\n|-status|p1a: Talonflame|par\n|\n|-heal|p2a: Tinkaton|99/274|[from] item: Leftovers\n|upkeep\n|turn|14\n|\n|t:|1732968241\n|switch|p1a: Jirachi|Jirachi, L80|215/291\n|-damage|p1a: Jirachi|197/291|[from] Stealth Rock\n|move|p2a: Tinkaton|Knock Off|p1a: Jirachi\n|-supereffective|p1a: Jirachi\n|-damage|p1a: Jirachi|85/291\n|-enditem|p1a: Jirachi|Leftovers|[from] move: Knock Off|[of] p2a: Tinkaton\n|\n|-heal|p2a: Tinkaton|116/274|[from] item: Leftovers\n|upkeep\n|turn|15\n|\n|t:|1732968252\n|move|p1a: Jirachi|Wish|p1a: Jirachi\n|move|p2a: Tinkaton|Thunder Wave|p1a: Jirachi\n|-status|p1a: Jirachi|par\n|\n|-heal|p2a: Tinkaton|133/274|[from] item: Leftovers\n|upkeep\n|turn|16\n|\n|t:|1732968259\n|move|p2a: Tinkaton|Knock Off|p1a: Jirachi\n|-supereffective|p1a: Jirachi\n|-damage|p1a: Jirachi|21/291 par\n|cant|p1a: Jirachi|par\n|\n|-heal|p1a: Jirachi|166/291 par|[from] move: Wish|[wisher] Jirachi\n|-heal|p2a: Tinkaton|150/274|[from] item: Leftovers\n|upkeep\n|turn|17\n|\n|t:|1732968271\n|move|p2a: Tinkaton|Knock Off|p1a: Jirachi\n|-supereffective|p1a: Jirachi\n|-damage|p1a: Jirachi|100/291 par\n|move|p1a: Jirachi|Wish|p1a: Jirachi\n|\n|-heal|p2a: Tinkaton|167/274|[from] item: Leftovers\n|upkeep\n|turn|18\n|\n|t:|1732968278\n|switch|p2a: Dusknoir|Dusknoir, L89, M|211/225 brn\n|move|p1a: Jirachi|Iron Head|p2a: Dusknoir\n|-damage|p2a: Dusknoir|160/225 brn\n|\n|-heal|p1a: Jirachi|245/291 par|[from] move: Wish|[wisher] Jirachi\n|-damage|p2a: Dusknoir|146/225 brn|[from] brn\n|upkeep\n|turn|19\n|\n|t:|1732968288\n|switch|p1a: Mightyena|Mightyena, L95, M|287/287\n|-damage|p1a: Mightyena|252/287|[from] Stealth Rock\n|-ability|p1a: Mightyena|Intimidate|boost\n|-unboost|p2a: Dusknoir|atk|1\n|move|p2a: Dusknoir|Poltergeist|p1a: Mightyena\n|-activate|p1a: Mightyena|move: Poltergeist|Leftovers\n|-resisted|p1a: Mightyena\n|-damage|p1a: Mightyena|218/287\n|\n|-heal|p1a: Mightyena|235/287|[from] item: Leftovers\n|-damage|p2a: Dusknoir|132/225 brn|[from] brn\n|upkeep\n|turn|20\n|\n|t:|1732968303\n|switch|p2a: Diancie|Diancie, L82|216/216\n|move|p1a: Mightyena|Crunch|p2a: Diancie\n|-resisted|p2a: Diancie\n|-damage|p2a: Diancie|178/216\n|\n|-heal|p1a: Mightyena|252/287|[from] item: Leftovers\n|-heal|p2a: Diancie|191/216|[from] item: Leftovers\n|upkeep\n|turn|21\n|\n|t:|1732968317\n|move|p1a: Mightyena|Poison Fang|p2a: Diancie\n|-damage|p2a: Diancie|164/216\n|move|p2a: Diancie|Moonblast|p1a: Mightyena\n|-supereffective|p1a: Mightyena\n|-damage|p1a: Mightyena|10/287\n|\n|-heal|p1a: Mightyena|27/287|[from] item: Leftovers\n|-heal|p2a: Diancie|177/216|[from] item: Leftovers\n|upkeep\n|turn|22\n|\n|t:|1732968326\n|move|p1a: Mightyena|Poison Fang|p2a: Diancie\n|-damage|p2a: Diancie|146/216\n|-status|p2a: Diancie|tox\n|move|p2a: Diancie|Body Press|p1a: Mightyena\n|-supereffective|p1a: Mightyena\n|-damage|p1a: Mightyena|0 fnt\n|faint|p1a: Mightyena\n|\n|-heal|p2a: Diancie|159/216 tox|[from] item: Leftovers\n|-damage|p2a: Diancie|146/216 tox|[from] psn\n|upkeep\n|\n|t:|1732968349\n|switch|p1a: Jirachi|Jirachi, L80|245/291 par\n|-damage|p1a: Jirachi|227/291 par|[from] Stealth Rock\n|turn|23\n|\n|t:|1732968376\n|switch|p2a: Dusknoir|Dusknoir, L89, M|132/225 brn\n|cant|p1a: Jirachi|par\n|\n|-damage|p2a: Dusknoir|118/225 brn|[from] brn\n|upkeep\n|turn|24\n|\n|t:|1732968387\n|switch|p1a: Calyrex|Calyrex-Ice, L72|263/263\n|-ability|p1a: Calyrex|As One\n|-ability|p1a: Calyrex|Unnerve\n|-damage|p1a: Calyrex|198/263|[from] Stealth Rock\n|move|p2a: Dusknoir|Poltergeist|p1a: Calyrex\n|-activate|p1a: Calyrex|move: Poltergeist|Weakness Policy\n|-supereffective|p1a: Calyrex\n|-damage|p1a: Calyrex|39/263\n|-enditem|p1a: Calyrex|Weakness Policy\n|-boost|p1a: Calyrex|atk|2|[from] item: Weakness Policy\n|-boost|p1a: Calyrex|spa|2|[from] item: Weakness Policy\n|\n|-damage|p2a: Dusknoir|104/225 brn|[from] brn\n|upkeep\n|turn|25\n|inactive|Dat boii fam has 120 seconds left.\n|\n|t:|1732968414\n|switch|p2a: Tinkaton|Tinkaton, L82, F|167/274\n|-ability|p2a: Tinkaton|Mold Breaker\n|move|p1a: Calyrex|Agility|p1a: Calyrex\n|-boost|p1a: Calyrex|spe|2\n|\n|-heal|p2a: Tinkaton|184/274|[from] item: Leftovers\n|upkeep\n|turn|26\n|inactive|Dat boii fam has 120 seconds left.\n|\n|t:|1732968426\n|move|p1a: Calyrex|High Horsepower|p2a: Tinkaton\n|-supereffective|p2a: Tinkaton\n|-damage|p2a: Tinkaton|0 fnt\n|faint|p2a: Tinkaton\n|-ability|p1a: Calyrex|Chilling Neigh|boost\n|-boost|p1a: Calyrex|atk|1\n|\n|upkeep\n|inactive|Dat boii fam has 120 seconds left.\n|\n|t:|1732968434\n|switch|p2a: Dusknoir|Dusknoir, L89, M|104/225 brn\n|turn|27\n|\n|t:|1732968439\n|-terastallize|p1a: Calyrex|Ground\n|move|p2a: Dusknoir|Shadow Sneak|p1a: Calyrex\n|-damage|p1a: Calyrex|10/263\n|move|p1a: Calyrex|Glacial Lance|p2a: Dusknoir\n|-damage|p2a: Dusknoir|0 fnt\n|faint|p2a: Dusknoir\n|-ability|p1a: Calyrex|Chilling Neigh|boost\n|-boost|p1a: Calyrex|atk|1\n|\n|upkeep\n|\n|t:|1732968453\n|switch|p2a: Dipplin|Dipplin, L88, M|284/284\n|turn|28\n|\n|t:|1732968459\n|-terastallize|p2a: Dipplin|Steel\n|move|p1a: Calyrex|High Horsepower|p2a: Dipplin\n|-supereffective|p2a: Dipplin\n|-damage|p2a: Dipplin|0 fnt\n|faint|p2a: Dipplin\n|-ability|p1a: Calyrex|Chilling Neigh|boost\n|-boost|p1a: Calyrex|atk|1\n|\n|upkeep\n|-message|Dat boii fam forfeited.\n|\n|win|ricardoheroi\n|raw|ricardoheroi's rating: 1920 &rarr; <strong>1940</strong><br />(+20 for winning)\n|raw|Dat boii fam's rating: 1917 &rarr; <strong>1897</strong><br />(-20 for losing)\n|l|\u2606Dat boii fam\n|player|p2|\n", "inputlog": ">version b107d77f5c90bd6555267ae244a6264823309ead\n>start {\"formatid\":\"gen9randombattle\",\"seed\":[59673,49984,29468,7365],\"rated\":\"Rated battle\"}\n>player p1 {\"name\":\"ricardoheroi\",\"avatar\":\"170\",\"rating\":1920,\"seed\":[62855,30769,43548,41017]}\n>player p2 {\"name\":\"Dat boii fam\",\"avatar\":\"li\",\"rating\":1917,\"seed\":[25857,44743,38676,12247]}\n>p1 switch 3\n>p2 move stealthrock\n>p1 move uturn\n>p2 switch 5\n>p1 switch 6\n>p1 move willowisp\n>p2 move leechlife\n>p1 move knockoff\n>p2 switch 6\n>p1 move willowisp\n>p2 move calmmind\n>p1 move suckerpunch\n>p2 move calmmind\n>p1 move leafstorm\n>p2 move vacuumwave\n>p1 switch 4\n>p1 move bravebird\n>p2 move flashcannon\n>p1 move roost\n>p2 switch 5\n>p1 switch 6\n>p2 move bodypress\n>p1 move uturn\n>p2 switch 5\n>p1 switch 6\n>p1 move bravebird\n>p2 move vacuumwave\n>p2 switch 3\n>p1 move overheat\n>p2 move thunderwave\n>p1 switch 6\n>p2 move knockoff\n>p1 move wish\n>p2 move thunderwave\n>p1 move ironhead\n>p2 move knockoff\n>p1 move wish\n>p2 move knockoff\n>p1 move ironhead\n>p2 switch 6\n>p1 switch 2\n>p2 move poltergeist\n>p1 move crunch\n>p2 switch 5\n>p1 move poisonfang\n>p2 move moonblast\n>p1 move poisonfang\n>p2 move bodypress\n>p1 switch 2\n>p1 move ironhead\n>p2 switch 5\n>p1 switch 5\n>p2 move poltergeist\n>p1 move agility\n>p2 switch 6\n>p1 move highhorsepower\n>p2 move knockoff\n>p2 switch 6\n>p1 move glaciallance terastallize\n>p2 move shadowsneak\n>p2 switch 2\n>p1 move highhorsepower\n>p2 move gigadrain terastallize\n>forcelose p2", "uploadtime": 1732968485, "views": 2, "formatid": "gen9randombattle", "rating": 1897, "private": 0, "password": null}