{"id": "gen9randombattle-2253825568", "format": "[Gen 9] Random Battle", "players": ["098lkkl", "Gvttbhgff"], "log": "|j|\u2606098lkkl\n|j|\u2606Gvttbhgff\n|t:|1732944201\n|gametype|singles\n|player|p1|098lkkl|1|1191\n|player|p2|Gvttbhgff|1|1212\n|teamsize|p1|6\n|teamsize|p2|6\n|gen|9\n|tier|[Gen 9] Random Battle\n|rated|\n|rule|Species Clause: Limit one of each Pok\u00e9mon\n|rule|HP Percentage Mod: HP is shown in percentages\n|rule|Sleep Clause Mod: Limit one foe put to sleep\n|rule|Illusion Level Mod: Illusion disguises the Pok\u00e9mon's true level\n|\n|t:|1732944201\n|start\n|switch|p1a: Kyurem|Kyurem-White, L73|303/303\n|switch|p2a: Hydrapple|Hydrapple, L83, F|312/312\n|-ability|p1a: Kyurem|Turboblaze\n|turn|1\n|inactive|Battle timer is ON: inactive players will automatically lose when time's up. (requested by 098lkkl)\n|\n|t:|1732944209\n|-terastallize|p2a: Hydrapple|Steel\n|move|p1a: Kyurem|Ice Beam|p2a: Hydrapple\n|-resisted|p2a: Hydrapple\n|-damage|p2a: Hydrapple|253/312\n|move|p2a: Hydrapple|Fickle Beam|p1a: Kyurem\n|-supereffective|p1a: Kyurem\n|-damage|p1a: Kyurem|0 fnt\n|faint|p1a: Kyurem\n|\n|upkeep\n|\n|t:|1732944226\n|switch|p1a: Iron Hands|Iron Hands, L79|373/373\n|turn|2\n|\n|t:|1732944245\n|switch|p2a: Mew|Mew, L82|298/298\n|move|p1a: Iron Hands|Swords Dance|p1a: Iron Hands\n|-boost|p1a: Iron Hands|atk|2\n|\n|upkeep\n|turn|3\n|\n|t:|1732944252\n|move|p2a: Mew|Swords Dance|p2a: Mew\n|-boost|p2a: Mew|atk|2\n|move|p1a: Iron Hands|Wild Charge|p2a: Mew\n|-damage|p2a: Mew|99/298\n|-damage|p1a: Iron Hands|323/373|[from] Recoil\n|\n|-heal|p1a: Iron Hands|346/373|[from] item: Leftovers\n|upkeep\n|turn|4\n|\n|t:|1732944260\n|move|p2a: Mew|Psychic Fangs|p1a: Iron Hands\n|-supereffective|p1a: Iron Hands\n|-damage|p1a: Iron Hands|0 fnt\n|faint|p1a: Iron Hands\n|-end|p1a: Iron Hands|Quark Drive|[silent]\n|-damage|p2a: Mew|70/298|[from] item: Life Orb\n|\n|upkeep\n|\n|t:|1732944272\n|switch|p1a: Kilowattrel|Kilowattrel, L83, F|252/252\n|turn|5\n|\n|t:|1732944282\n|move|p1a: Kilowattrel|Thunderbolt|p2a: Mew\n|-damage|p2a: Mew|0 fnt\n|faint|p2a: Mew\n|\n|upkeep\n|\n|t:|1732944291\n|switch|p2a: Hydrapple|Hydrapple, L83, F, tera:Steel|312/312\n|turn|6\n|\n|t:|1732944294\n|move|p1a: Kilowattrel|Thunder Wave|p2a: Hydrapple\n|-status|p2a: Hydrapple|par\n|cant|p2a: Hydrapple|par\n|\n|upkeep\n|turn|7\n|\n|t:|1732944315\n|switch|p1a: Tinkaton|Tinkaton, L82, F|274/274\n|-ability|p1a: Tinkaton|Mold Breaker\n|move|p2a: Hydrapple|Fickle Beam|p1a: Tinkaton\n|-immune|p1a: Tinkaton\n|\n|upkeep\n|turn|8\n|\n|t:|1732944324\n|switch|p2a: Feraligatr|Feraligatr, L79, M|264/264\n|move|p1a: Tinkaton|Swords Dance|p1a: Tinkaton\n|-boost|p1a: Tinkaton|atk|2\n|\n|upkeep\n|turn|9\n|\n|t:|1732944330\n|move|p1a: Tinkaton|Play Rough|p2a: Feraligatr\n|-damage|p2a: Feraligatr|79/264\n|-damage|p1a: Tinkaton|247/274|[from] item: Life Orb\n|move|p2a: Feraligatr|Dragon Dance|p2a: Feraligatr\n|-boost|p2a: Feraligatr|atk|1\n|-boost|p2a: Feraligatr|spe|1\n|\n|upkeep\n|turn|10\n|\n|t:|1732944336\n|move|p2a: Feraligatr|Liquidation|p1a: Tinkaton\n|-damage|p1a: Tinkaton|21/274\n|move|p1a: Tinkaton|Play Rough|p2a: Feraligatr\n|-crit|p2a: Feraligatr\n|-damage|p2a: Feraligatr|0 fnt\n|faint|p2a: Feraligatr\n|-damage|p1a: Tinkaton|0 fnt|[from] item: Life Orb\n|faint|p1a: Tinkaton\n|\n|upkeep\n|\n|t:|1732944346\n|switch|p1a: Brambleghast|Brambleghast, L88, F|240/240\n|switch|p2a: Calyrex|Calyrex-Ice, L72|263/263\n|-ability|p2a: Calyrex|As One\n|-ability|p2a: Calyrex|Unnerve\n|turn|11\n|\n|t:|1732944355\n|move|p1a: Brambleghast|Poltergeist|p2a: Calyrex|[miss]\n|-miss|p1a: Brambleghast|p2a: Calyrex\n|move|p2a: Calyrex|Trick Room|p2a: Calyrex\n|-fieldstart|move: Trick Room|[of] p2a: Calyrex\n|\n|upkeep\n|turn|12\n|-message|098lkkl forfeited.\n|\n|win|Gvttbhgff\n|raw|098lkkl's rating: 1191 &rarr; <strong>1168</strong><br />(-23 for losing)\n|raw|Gvttbhgff's rating: 1212 &rarr; <strong>1235</strong><br />(+23 for winning)\n|l|\u2606098lkkl\n|player|p1|\n", "inputlog": ">version b107d77f5c90bd6555267ae244a6264823309ead\n>start {\"formatid\":\"gen9randombattle\",\"seed\":[15773,39744,47748,25298],\"rated\":\"Rated battle\"}\n>player p1 {\"name\":\"098lkkl\",\"avatar\":\"1\",\"rating\":1191,\"seed\":[53112,9211,53219,62479]}\n>player p2 {\"name\":\"Gvttbhgff\",\"avatar\":\"1\",\"rating\":1212,\"seed\":[27431,15952,36643,25748]}\n>p1 move icebeam\n>p2 move ficklebeam terastallize\n>p1 switch 3\n>p1 move swordsdance\n>p2 switch 6\n>p1 move wildcharge\n>p2 move swordsdance\n>p1 move wildcharge\n>p2 move psychicfangs\n>p1 switch 5\n>p1 move thunderbolt\n>p2 move psychicfangs\n>p2 switch 6\n>p1 move thunderwave\n>p2 move ficklebeam\n>p1 switch 2\n>p2 move ficklebeam\n>p1 move swordsdance\n>p2 switch 5\n>p1 move playrough\n>p2 move dragondance\n>p1 move playrough\n>p2 move liquidation\n>p1 switch 6\n>p2 switch 3\n>p1 move poltergeist\n>p2 move trickroom\n>forcelose p1", "uploadtime": 1732944360, "views": 1, "formatid": "gen9randombattle", "rating": 1168, "private": 0, "password": null}