{"id": "gen9randombattle-2253910051", "format": "[Gen 9] Random Battle", "players": ["ClairStepOnMePlzz", "Louisianaghost"], "log": "|j|\u2606ClairStepOnMePlzz\n|j|\u2606Louisianaghost\n|t:|1732961771\n|gametype|singles\n|player|p1|ClairStepOnMePlzz|clair|1294\n|player|p2|Louisianaghost|1|1347\n|teamsize|p1|6\n|teamsize|p2|6\n|gen|9\n|tier|[Gen 9] Random Battle\n|rated|\n|rule|Species Clause: Limit one of each Pok\u00e9mon\n|rule|HP Percentage Mod: HP is shown in percentages\n|rule|Sleep Clause Mod: Limit one foe put to sleep\n|rule|Illusion Level Mod: Illusion disguises the Pok\u00e9mon's true level\n|\n|t:|1732961771\n|start\n|switch|p1a: Oinkologne|Oinkologne, L92, M|352/352\n|switch|p2a: Milotic|Milotic, L83, F|293/293\n|turn|1\n|inactive|Battle timer is ON: inactive players will automatically lose when time's up. (requested by Louisianaghost)\n|\n|t:|1732961779\n|move|p2a: Milotic|Scald|p1a: Oinkologne\n|-damage|p1a: Oinkologne|264/352\n|move|p1a: Oinkologne|Body Slam|p2a: Milotic\n|-damage|p2a: Milotic|178/293\n|\n|-heal|p2a: Milotic|196/293|[from] item: Leftovers\n|-heal|p1a: Oinkologne|286/352|[from] item: Leftovers\n|upkeep\n|turn|2\n|\n|t:|1732961797\n|switch|p2a: Mimikyu|Mimikyu, L79, F|216/216\n|move|p1a: Oinkologne|Body Slam|p2a: Mimikyu\n|-immune|p2a: Mimikyu\n|\n|-heal|p1a: Oinkologne|308/352|[from] item: Leftovers\n|upkeep\n|turn|3\n|\n|t:|1732961807\n|move|p2a: Mimikyu|Swords Dance|p2a: Mimikyu\n|-boost|p2a: Mimikyu|atk|2\n|move|p1a: Oinkologne|Lash Out|p2a: Mimikyu\n|-activate|p2a: Mimikyu|ability: Disguise\n|-damage|p2a: Mimikyu|216/216\n|detailschange|p2a: Mimikyu|Mimikyu-Busted, L79, F\n|-damage|p2a: Mimikyu|189/216|[from] pokemon: Mimikyu-Busted\n|\n|-heal|p1a: Oinkologne|330/352|[from] item: Leftovers\n|upkeep\n|turn|4\n|\n|t:|1732961824\n|-terastallize|p2a: Mimikyu|Grass\n|move|p2a: Mimikyu|Wood Hammer|p1a: Oinkologne\n|-damage|p1a: Oinkologne|64/352\n|-damage|p2a: Mimikyu|101/216|[from] Recoil\n|-damage|p2a: Mimikyu|80/216|[from] item: Life Orb\n|move|p1a: Oinkologne|Lash Out|p2a: Mimikyu\n|-damage|p2a: Mimikyu|9/216\n|\n|-heal|p1a: Oinkologne|86/352|[from] item: Leftovers\n|upkeep\n|turn|5\n|\n|t:|1732961839\n|switch|p1a: Whimsicott|Whimsicott, L85, F|241/241\n|move|p2a: Mimikyu|Wood Hammer|p1a: Whimsicott\n|-resisted|p1a: Whimsicott\n|-damage|p1a: Whimsicott|97/241\n|-damage|p2a: Mimikyu|0 fnt|[from] Recoil\n|faint|p2a: Mimikyu\n|\n|-heal|p1a: Whimsicott|112/241|[from] item: Leftovers\n|upkeep\n|\n|t:|1732961843\n|switch|p2a: Hawlucha|Hawlucha, L80, F|256/256\n|turn|6\n|\n|t:|1732961852\n|switch|p2a: Milotic|Milotic, L83, F|196/293\n|move|p1a: Whimsicott|Substitute|p1a: Whimsicott\n|-start|p1a: Whimsicott|Substitute\n|-damage|p1a: Whimsicott|52/241\n|\n|-heal|p1a: Whimsicott|67/241|[from] item: Leftovers\n|-heal|p2a: Milotic|214/293|[from] item: Leftovers\n|upkeep\n|turn|7\n|\n|t:|1732961861\n|move|p1a: Whimsicott|Leech Seed|p2a: Milotic\n|-start|p2a: Milotic|move: Leech Seed\n|move|p2a: Milotic|Ice Beam|p1a: Whimsicott\n|-supereffective|p1a: Whimsicott\n|-end|p1a: Whimsicott|Substitute\n|\n|-heal|p1a: Whimsicott|82/241|[from] item: Leftovers\n|-heal|p2a: Milotic|232/293|[from] item: Leftovers\n|-damage|p2a: Milotic|196/293|[from] Leech Seed|[of] p1a: Whimsicott\n|-heal|p1a: Whimsicott|118/241|[silent]\n|upkeep\n|turn|8\n|\n|t:|1732961873\n|switch|p2a: Terapagos|Terapagos, L76, F|262/262\n|-activate|p2a: Terapagos|ability: Tera Shift\n|detailschange|p2a: Terapagos|Terapagos-Terastal, L76, F\n|-heal|p2a: Terapagos|269/269|[silent]\n|move|p1a: Whimsicott|Substitute|p1a: Whimsicott\n|-start|p1a: Whimsicott|Substitute\n|-damage|p1a: Whimsicott|58/241\n|\n|-heal|p1a: Whimsicott|73/241|[from] item: Leftovers\n|upkeep\n|turn|9\n|\n|t:|1732961883\n|move|p1a: Whimsicott|Leech Seed|p2a: Terapagos\n|-start|p2a: Terapagos|move: Leech Seed\n|move|p2a: Terapagos|Tera Starstorm|p1a: Whimsicott\n|-end|p1a: Whimsicott|Substitute\n|\n|-heal|p1a: Whimsicott|88/241|[from] item: Leftovers\n|-damage|p2a: Terapagos|236/269|[from] Leech Seed|[of] p1a: Whimsicott\n|-heal|p1a: Whimsicott|121/241|[silent]\n|upkeep\n|turn|10\n|\n|t:|1732961899\n|switch|p2a: Hawlucha|Hawlucha, L80, F|256/256\n|move|p1a: Whimsicott|Substitute|p1a: Whimsicott\n|-start|p1a: Whimsicott|Substitute\n|-damage|p1a: Whimsicott|61/241\n|\n|-heal|p1a: Whimsicott|76/241|[from] item: Leftovers\n|upkeep\n|turn|11\n|\n|t:|1732961906\n|move|p1a: Whimsicott|Leech Seed|p2a: Hawlucha\n|-start|p2a: Hawlucha|move: Leech Seed\n|move|p2a: Hawlucha|Encore|p1a: Whimsicott\n|-start|p1a: Whimsicott|Encore\n|\n|-heal|p1a: Whimsicott|91/241|[from] item: Leftovers\n|-damage|p2a: Hawlucha|224/256|[from] Leech Seed|[of] p1a: Whimsicott\n|-heal|p1a: Whimsicott|123/241|[silent]\n|upkeep\n|turn|12\n|\n|t:|1732961920\n|switch|p1a: Oinkologne|Oinkologne, L92, M|86/352\n|move|p2a: Hawlucha|Close Combat|p1a: Oinkologne\n|-supereffective|p1a: Oinkologne\n|-damage|p1a: Oinkologne|0 fnt\n|-unboost|p2a: Hawlucha|def|1\n|-unboost|p2a: Hawlucha|spd|1\n|-enditem|p2a: Hawlucha|White Herb\n|-clearnegativeboost|p2a: Hawlucha|[silent]\n|faint|p1a: Oinkologne\n|\n|upkeep\n|\n|t:|1732961934\n|switch|p1a: Whimsicott|Whimsicott, L85, F|123/241\n|turn|13\n|\n|t:|1732961937\n|move|p1a: Whimsicott|Encore|p2a: Hawlucha\n|-start|p2a: Hawlucha|Encore\n|move|p2a: Hawlucha|Close Combat|p1a: Whimsicott\n|-resisted|p1a: Whimsicott\n|-damage|p1a: Whimsicott|63/241\n|-unboost|p2a: Hawlucha|def|1\n|-unboost|p2a: Hawlucha|spd|1\n|\n|-heal|p1a: Whimsicott|78/241|[from] item: Leftovers\n|-damage|p2a: Hawlucha|192/256|[from] Leech Seed|[of] p1a: Whimsicott\n|-heal|p1a: Whimsicott|110/241|[silent]\n|upkeep\n|turn|14\n|\n|t:|1732961957\n|switch|p2a: Milotic|Milotic, L83, F|196/293\n|switch|p1a: Gliscor|Gliscor, L76, F|239/239\n|\n|-heal|p2a: Milotic|214/293|[from] item: Leftovers\n|-status|p1a: Gliscor|tox|[from] item: Toxic Orb\n|upkeep\n|turn|15\n|\n|t:|1732961974\n|move|p1a: Gliscor|Toxic|p2a: Milotic\n|-status|p2a: Milotic|tox\n|move|p2a: Milotic|Ice Beam|p1a: Gliscor\n|-supereffective|p1a: Gliscor\n|-damage|p1a: Gliscor|0 fnt\n|faint|p1a: Gliscor\n|\n|-heal|p2a: Milotic|232/293 tox|[from] item: Leftovers\n|-damage|p2a: Milotic|214/293 tox|[from] psn\n|upkeep\n|inactive|ClairStepOnMePlzz has 120 seconds left.\n|\n|t:|1732961988\n|switch|p1a: Glaceon|Glaceon, L94, M|275/275\n|turn|16\n|\n|t:|1732961996\n|move|p1a: Glaceon|Freeze-Dry|p2a: Milotic\n|-supereffective|p2a: Milotic\n|-damage|p2a: Milotic|32/293 tox\n|move|p2a: Milotic|Dragon Tail|p1a: Glaceon\n|-damage|p1a: Glaceon|253/275\n|drag|p1a: Dusknoir|Dusknoir, L89, M|225/225\n|-item|p2a: Milotic|Leftovers|[from] ability: Frisk|[of] p1a: Dusknoir\n|\n|-heal|p2a: Milotic|50/293 tox|[from] item: Leftovers\n|-damage|p2a: Milotic|14/293 tox|[from] psn\n|upkeep\n|turn|17\n|\n|t:|1732962010\n|move|p1a: Dusknoir|Shadow Sneak|p2a: Milotic\n|-damage|p2a: Milotic|0 fnt\n|faint|p2a: Milotic\n|-damage|p1a: Dusknoir|203/225|[from] item: Life Orb\n|\n|upkeep\n|\n|t:|1732962025\n|switch|p2a: Terapagos|Terapagos-Terastal, L76, F|236/269\n|turn|18\n|\n|t:|1732962034\n|move|p2a: Terapagos|Calm Mind|p2a: Terapagos\n|-boost|p2a: Terapagos|spa|1\n|-boost|p2a: Terapagos|spd|1\n|move|p1a: Dusknoir|Earthquake|p2a: Terapagos\n|-damage|p2a: Terapagos|145/269\n|-damage|p1a: Dusknoir|181/225|[from] item: Life Orb\n|\n|upkeep\n|turn|19\n|\n|t:|1732962041\n|move|p2a: Terapagos|Rest|p2a: Terapagos\n|-status|p2a: Terapagos|slp|[from] move: Rest\n|-heal|p2a: Terapagos|269/269 slp|[silent]\n|-enditem|p2a: Terapagos|Chesto Berry|[eat]\n|-curestatus|p2a: Terapagos|slp|[msg]\n|move|p1a: Dusknoir|Earthquake|p2a: Terapagos\n|-activate|p2a: Terapagos|ability: Tera Shell\n|-resisted|p2a: Terapagos\n|-damage|p2a: Terapagos|225/269\n|-damage|p1a: Dusknoir|159/225|[from] item: Life Orb\n|\n|upkeep\n|turn|20\n|\n|t:|1732962059\n|switch|p1a: Glaceon|Glaceon, L94, M|253/275\n|move|p2a: Terapagos|Earth Power|p1a: Glaceon\n|-damage|p1a: Glaceon|178/275\n|\n|upkeep\n|turn|21\n|\n|t:|1732962078\n|move|p1a: Glaceon|Wish|p1a: Glaceon\n|move|p2a: Terapagos|Tera Starstorm|p1a: Glaceon\n|-damage|p1a: Glaceon|40/275\n|\n|upkeep\n|turn|22\n|\n|t:|1732962091\n|switch|p1a: Whimsicott|Whimsicott, L85, F|110/241\n|move|p2a: Terapagos|Calm Mind|p2a: Terapagos\n|-boost|p2a: Terapagos|spa|1\n|-boost|p2a: Terapagos|spd|1\n|\n|-heal|p1a: Whimsicott|241/241|[from] move: Wish|[wisher] Glaceon\n|upkeep\n|turn|23\n|\n|t:|1732962099\n|switch|p2a: Hawlucha|Hawlucha, L80, F|192/256\n|move|p1a: Whimsicott|Encore||[still]\n|-fail|p1a: Whimsicott\n|\n|upkeep\n|turn|24\n|\n|t:|1732962107\n|move|p1a: Whimsicott|Substitute|p1a: Whimsicott\n|-start|p1a: Whimsicott|Substitute\n|-damage|p1a: Whimsicott|181/241\n|move|p2a: Hawlucha|Brave Bird|p1a: Whimsicott\n|-supereffective|p1a: Whimsicott\n|-end|p1a: Whimsicott|Substitute\n|-damage|p2a: Hawlucha|172/256|[from] Recoil|[of] p1a: Whimsicott\n|\n|-heal|p1a: Whimsicott|196/241|[from] item: Leftovers\n|upkeep\n|turn|25\n|\n|t:|1732962124\n|-terastallize|p1a: Whimsicott|Steel\n|move|p1a: Whimsicott|Substitute|p1a: Whimsicott\n|-start|p1a: Whimsicott|Substitute\n|-damage|p1a: Whimsicott|136/241\n|move|p2a: Hawlucha|Brave Bird|p1a: Whimsicott\n|-resisted|p1a: Whimsicott\n|-activate|p1a: Whimsicott|move: Substitute|[damage]\n|-damage|p2a: Hawlucha|153/256|[from] Recoil|[of] p1a: Whimsicott\n|\n|-heal|p1a: Whimsicott|151/241|[from] item: Leftovers\n|upkeep\n|turn|26\n|\n|t:|1732962135\n|switch|p2a: Zebstrika|Zebstrika, L87, F|272/272\n|move|p1a: Whimsicott|Moonblast|p2a: Zebstrika\n|-damage|p2a: Zebstrika|157/272\n|\n|-heal|p1a: Whimsicott|166/241|[from] item: Leftovers\n|upkeep\n|turn|27\n|\n|t:|1732962158\n|move|p2a: Zebstrika|High Horsepower|p1a: Whimsicott\n|-supereffective|p1a: Whimsicott\n|-end|p1a: Whimsicott|Substitute\n|-damage|p2a: Zebstrika|130/272|[from] item: Life Orb\n|move|p1a: Whimsicott|Moonblast|p2a: Zebstrika\n|-damage|p2a: Zebstrika|30/272\n|\n|-heal|p1a: Whimsicott|181/241|[from] item: Leftovers\n|upkeep\n|turn|28\n|\n|t:|1732962175\n|switch|p1a: Glaceon|Glaceon, L94, M|40/275\n|move|p2a: Zebstrika|Volt Switch|p1a: Glaceon\n|-damage|p1a: Glaceon|0 fnt\n|faint|p1a: Glaceon\n|-damage|p2a: Zebstrika|3/272|[from] item: Life Orb\n|\n|t:|1732962181\n|switch|p2a: Hawlucha|Hawlucha, L80, F|153/256|[from] Volt Switch\n|\n|upkeep\n|\n|t:|1732962190\n|switch|p1a: Dusknoir|Dusknoir, L89, M|159/225\n|turn|29\n|\n|t:|1732962209\n|switch|p2a: Terapagos|Terapagos-Terastal, L76, F|225/269\n|move|p1a: Dusknoir|Earthquake|p2a: Terapagos\n|-damage|p2a: Terapagos|131/269\n|-damage|p1a: Dusknoir|137/225|[from] item: Life Orb\n|\n|upkeep\n|turn|30\n|\n|t:|1732962225\n|switch|p2a: Hawlucha|Hawlucha, L80, F|153/256\n|move|p1a: Dusknoir|Earthquake|p2a: Hawlucha\n|-immune|p2a: Hawlucha\n|\n|upkeep\n|turn|31\n|\n|t:|1732962237\n|move|p2a: Hawlucha|Encore|p1a: Dusknoir\n|-start|p1a: Dusknoir|Encore\n|move|p1a: Dusknoir|Earthquake|p2a: Hawlucha\n|-immune|p2a: Hawlucha\n|\n|upkeep\n|turn|32\n|\n|t:|1732962249\n|switch|p1a: Whimsicott|Whimsicott, L85, F, tera:Steel|181/241\n|move|p2a: Hawlucha|Swords Dance|p2a: Hawlucha\n|-boost|p2a: Hawlucha|atk|2\n|\n|-heal|p1a: Whimsicott|196/241|[from] item: Leftovers\n|upkeep\n|turn|33\n|\n|t:|1732962257\n|switch|p2a: Terapagos|Terapagos-Terastal, L76, F|131/269\n|move|p1a: Whimsicott|Substitute|p1a: Whimsicott\n|-start|p1a: Whimsicott|Substitute\n|-damage|p1a: Whimsicott|136/241\n|\n|-heal|p1a: Whimsicott|151/241|[from] item: Leftovers\n|upkeep\n|turn|34\n|\n|t:|1732962266\n|move|p1a: Whimsicott|Moonblast|p2a: Terapagos\n|-damage|p2a: Terapagos|52/269\n|-unboost|p2a: Terapagos|spa|1\n|move|p2a: Terapagos|Earth Power|p1a: Whimsicott\n|-supereffective|p1a: Whimsicott\n|-end|p1a: Whimsicott|Substitute\n|\n|-heal|p1a: Whimsicott|166/241|[from] item: Leftovers\n|upkeep\n|turn|35\n|\n|t:|1732962276\n|move|p1a: Whimsicott|Moonblast|p2a: Terapagos\n|-damage|p2a: Terapagos|0 fnt\n|faint|p2a: Terapagos\n|\n|-heal|p1a: Whimsicott|181/241|[from] item: Leftovers\n|upkeep\n|\n|t:|1732962281\n|switch|p2a: Zebstrika|Zebstrika, L87, F|3/272\n|turn|36\n|\n|t:|1732962290\n|switch|p2a: Kingambit|Kingambit, L74, F|270/270\n|-activate|p2a: Kingambit|ability: Supreme Overlord\n|-start|p2a: Kingambit|fallen3|[silent]\n|switch|p1a: Dusknoir|Dusknoir, L89, M|137/225\n|-item|p2a: Kingambit|Leftovers|[from] ability: Frisk|[of] p1a: Dusknoir\n|\n|upkeep\n|turn|37\n|\n|t:|1732962302\n|move|p1a: Dusknoir|Pain Split|p2a: Kingambit\n|-sethp|p2a: Kingambit|203/270|[from] move: Pain Split|[silent]\n|-sethp|p1a: Dusknoir|203/225|[from] move: Pain Split\n|move|p2a: Kingambit|Kowtow Cleave|p1a: Dusknoir\n|-supereffective|p1a: Dusknoir\n|-damage|p1a: Dusknoir|35/225\n|\n|-heal|p2a: Kingambit|219/270|[from] item: Leftovers\n|upkeep\n|turn|38\n|\n|t:|1732962317\n|move|p2a: Kingambit|Sucker Punch||[still]\n|-fail|p2a: Kingambit\n|move|p1a: Dusknoir|Pain Split|p2a: Kingambit\n|-sethp|p2a: Kingambit|127/270|[from] move: Pain Split|[silent]\n|-sethp|p1a: Dusknoir|127/225|[from] move: Pain Split\n|\n|-heal|p2a: Kingambit|143/270|[from] item: Leftovers\n|upkeep\n|turn|39\n|\n|t:|1732962326\n|move|p1a: Dusknoir|Earthquake|p2a: Kingambit\n|-supereffective|p2a: Kingambit\n|-damage|p2a: Kingambit|0 fnt\n|faint|p2a: Kingambit\n|-end|p2a: Kingambit|fallen3|[silent]\n|-damage|p1a: Dusknoir|105/225|[from] item: Life Orb\n|\n|upkeep\n|\n|t:|1732962331\n|switch|p2a: Hawlucha|Hawlucha, L80, F|153/256\n|turn|40\n|\n|t:|1732962337\n|move|p1a: Dusknoir|Shadow Sneak|p2a: Hawlucha\n|-damage|p2a: Hawlucha|74/256\n|-damage|p1a: Dusknoir|83/225|[from] item: Life Orb\n|move|p2a: Hawlucha|Close Combat|p1a: Dusknoir\n|-immune|p1a: Dusknoir\n|\n|upkeep\n|turn|41\n|\n|t:|1732962344\n|move|p1a: Dusknoir|Shadow Sneak|p2a: Hawlucha\n|-damage|p2a: Hawlucha|0 fnt\n|faint|p2a: Hawlucha\n|-damage|p1a: Dusknoir|61/225|[from] item: Life Orb\n|\n|upkeep\n|c|\u2606Louisianaghost|Gg\n|c|\u2606ClairStepOnMePlzz|Gg\n|-message|Louisianaghost forfeited.\n|\n|win|ClairStepOnMePlzz\n|raw|ClairStepOnMePlzz's rating: 1294 &rarr; <strong>1323</strong><br />(+29 for winning)\n|raw|Louisianaghost's rating: 1347 &rarr; <strong>1324</strong><br />(-23 for losing)\n|l|\u2606Louisianaghost\n|player|p2|\n", "inputlog": ">version b107d77f5c90bd6555267ae244a6264823309ead\n>start {\"formatid\":\"gen9randombattle\",\"seed\":[12775,63542,49203,39535],\"rated\":\"Rated battle\"}\n>player p1 {\"name\":\"ClairStepOnMePlzz\",\"avatar\":\"clair\",\"rating\":1294,\"seed\":[5153,63435,62188,14287]}\n>player p2 {\"name\":\"Louisianaghost\",\"avatar\":\"1\",\"rating\":1347,\"seed\":[31345,65167,7428,5232]}\n>p1 move bodyslam\n>p2 move scald\n>p1 move bodyslam\n>p2 switch 5\n>p1 move lashout\n>p2 move swordsdance\n>p1 move lashout\n>p2 move woodhammer terastallize\n>p1 switch 3\n>p2 move woodhammer\n>p2 switch 3\n>p1 move substitute\n>p2 switch 5\n>p1 move leechseed\n>p2 move icebeam\n>p1 move substitute\n>p2 switch 2\n>p1 move leechseed\n>p2 move terastarstorm\n>p1 move substitute\n>p2 switch 5\n>p1 move leechseed\n>p2 move encore\n>p1 switch 3\n>p2 move closecombat\n>p1 switch 3\n>p1 move encore\n>p2 move bravebird\n>p1 switch 6\n>p2 switch 2\n>p1 move toxic\n>p2 move icebeam\n>p1 switch 4\n>p1 move freezedry\n>p2 move dragontail\n>p1 move shadowsneak\n>p2 move scald\n>p2 switch 5\n>p1 move earthquake\n>p2 move calmmind\n>p1 move earthquake\n>p2 move rest\n>p1 switch 5\n>p2 move earthpower\n>p1 move wish\n>p2 move terastarstorm\n>p1 switch 6\n>p2 move calmmind\n>p1 move encore\n>p2 switch 2\n>p1 move substitute\n>p2 move bravebird\n>p1 move substitute terastallize\n>p2 move bravebird\n>p1 move moonblast\n>p2 switch 6\n>p1 move moonblast\n>p2 move highhorsepower\n>p1 switch 6\n>p2 move voltswitch\n>p2 switch 6\n>p1 switch 5\n>p1 move earthquake\n>p2 switch 2\n>p1 move earthquake\n>p2 switch 2\n>p1 move poltergeist\n>p2 move encore\n>p1 switch 6\n>p2 move swordsdance\n>p1 move substitute\n>p2 switch 2\n>p1 move moonblast\n>p2 move earthpower\n>p1 move moonblast\n>p2 move rest\n>p2 switch 6\n>p1 switch 6\n>p2 switch 4\n>p1 move painsplit\n>p2 move kowtowcleave\n>p1 move painsplit\n>p2 move suckerpunch\n>p1 move earthquake\n>p2 move kowtowcleave\n>p2 switch 2\n>p1 move shadowsneak\n>p2 move closecombat\n>p1 move shadowsneak\n>p2 move bravebird\n>chat \u2606Louisianaghost|Gg\n>chat \u2606ClairStepOnMePlzz|Gg\n>forcelose p2", "uploadtime": 1732962378, "views": 2, "formatid": "gen9randombattle", "rating": 1323, "private": 0, "password": null}