{"id": "gen9randombattle-2253917173", "format": "[Gen 9] Random Battle", "players": ["Poopmam007", "Jsjejwjsndndnd"], "log": "|j|\u2606Poopmam007\n|j|\u2606Jsjejwjsndndnd\n|t:|1732963322\n|gametype|singles\n|player|p1|Poopmam007|benga|1054\n|player|p2|Jsjejwjsndndnd|266|1000\n|teamsize|p1|6\n|teamsize|p2|6\n|gen|9\n|tier|[Gen 9] Random Battle\n|rated|\n|rule|Species Clause: Limit one of each Pok\u00e9mon\n|rule|HP Percentage Mod: HP is shown in percentages\n|rule|Sleep Clause Mod: Limit one foe put to sleep\n|rule|Illusion Level Mod: Illusion disguises the Pok\u00e9mon's true level\n|\n|t:|1732963322\n|start\n|switch|p1a: Sunflora|Sunflora, F|312/312\n|switch|p2a: Gallade|Gallade, L81, M|243/243\n|turn|1\n|inactive|Battle timer is ON: inactive players will automatically lose when time's up. (requested by Jsjejwjsndndnd)\n|\n|t:|1732963344\n|move|p2a: Gallade|Sacred Sword|p1a: Sunflora\n|-damage|p1a: Sunflora|74/312\n|-damage|p2a: Gallade|219/243|[from] item: Life Orb\n|move|p1a: Sunflora|Earth Power|p2a: Gallade\n|-damage|p2a: Gallade|109/243\n|-damage|p1a: Sunflora|43/312|[from] item: Life Orb\n|\n|upkeep\n|turn|2\n|\n|t:|1732963354\n|-terastallize|p1a: Sunflora|Fire\n|move|p2a: Gallade|Psycho Cut|p1a: Sunflora\n|-damage|p1a: Sunflora|0 fnt\n|faint|p1a: Sunflora\n|-damage|p2a: Gallade|85/243|[from] item: Life Orb\n|\n|upkeep\n|\n|t:|1732963379\n|switch|p1a: Granbull|Granbull, L88, M|302/302\n|-ability|p1a: Granbull|Intimidate|boost\n|-unboost|p2a: Gallade|atk|1\n|turn|3\n|\n|t:|1732963392\n|move|p2a: Gallade|Sacred Sword|p1a: Granbull\n|-resisted|p1a: Granbull\n|-damage|p1a: Granbull|221/302\n|-damage|p2a: Gallade|61/243|[from] item: Life Orb\n|move|p1a: Granbull|Earthquake|p2a: Gallade\n|-damage|p2a: Gallade|0 fnt\n|faint|p2a: Gallade\n|\n|-heal|p1a: Granbull|239/302|[from] item: Leftovers\n|upkeep\n|\n|t:|1732963404\n|switch|p2a: Sandaconda|Sandaconda, L84, F|258/258\n|turn|4\n|\n|t:|1732963408\n|move|p2a: Sandaconda|Coil|p2a: Sandaconda\n|-boost|p2a: Sandaconda|atk|1\n|-boost|p2a: Sandaconda|def|1\n|-boost|p2a: Sandaconda|accuracy|1\n|move|p1a: Granbull|Earthquake|p2a: Sandaconda\n|-damage|p2a: Sandaconda|211/258\n|\n|-heal|p1a: Granbull|257/302|[from] item: Leftovers\n|upkeep\n|turn|5\n|\n|t:|1732963420\n|move|p2a: Sandaconda|Coil|p2a: Sandaconda\n|-boost|p2a: Sandaconda|atk|1\n|-boost|p2a: Sandaconda|def|1\n|-boost|p2a: Sandaconda|accuracy|1\n|move|p1a: Granbull|Thunder Wave|p2a: Sandaconda\n|-immune|p2a: Sandaconda\n|\n|-heal|p1a: Granbull|275/302|[from] item: Leftovers\n|upkeep\n|turn|6\n|\n|t:|1732963430\n|move|p2a: Sandaconda|Earthquake|p1a: Granbull\n|-damage|p1a: Granbull|46/302\n|move|p1a: Granbull|Earthquake|p2a: Sandaconda\n|-damage|p2a: Sandaconda|178/258\n|\n|-heal|p1a: Granbull|64/302|[from] item: Leftovers\n|upkeep\n|turn|7\n|\n|t:|1732963443\n|move|p2a: Sandaconda|Rock Blast|p1a: Granbull\n|-damage|p1a: Granbull|22/302\n|-damage|p1a: Granbull|0 fnt\n|faint|p1a: Granbull\n|-hitcount|p1: Granbull|2\n|\n|upkeep\n|\n|t:|1732963451\n|switch|p1a: Ludicolo|Ludicolo, L90, M|290/290\n|turn|8\n|\n|t:|1732963463\n|-terastallize|p2a: Sandaconda|Dragon\n|move|p1a: Ludicolo|Giga Drain|p2a: Sandaconda\n|-resisted|p2a: Sandaconda\n|-damage|p2a: Sandaconda|97/258\n|move|p2a: Sandaconda|Scale Shot|p1a: Ludicolo\n|-crit|p1a: Ludicolo\n|-damage|p1a: Ludicolo|190/290\n|-damage|p1a: Ludicolo|126/290\n|-damage|p1a: Ludicolo|59/290\n|-damage|p1a: Ludicolo|0 fnt\n|faint|p1a: Ludicolo\n|-hitcount|p1: Ludicolo|4\n|-unboost|p2a: Sandaconda|def|1\n|-boost|p2a: Sandaconda|spe|1\n|\n|upkeep\n|\n|t:|1732963482\n|switch|p1a: Squawkabilly|Squawkabilly-Blue, L85, M|278/278\n|turn|9\n|\n|t:|1732963486\n|move|p2a: Sandaconda|Rock Blast|p1a: Squawkabilly\n|-supereffective|p1a: Squawkabilly\n|-damage|p1a: Squawkabilly|172/278\n|-supereffective|p1a: Squawkabilly\n|-damage|p1a: Squawkabilly|62/278\n|-supereffective|p1a: Squawkabilly\n|-damage|p1a: Squawkabilly|0 fnt\n|faint|p1a: Squawkabilly\n|-hitcount|p1: Squawkabilly|3\n|\n|upkeep\n|\n|t:|1732963494\n|switch|p1a: Iron Jugulis|Iron Jugulis, L78|275/275\n|turn|10\n|\n|t:|1732963499\n|move|p2a: Sandaconda|Rock Blast|p1a: Iron Jugulis\n|-supereffective|p1a: Iron Jugulis\n|-damage|p1a: Iron Jugulis|185/275\n|-supereffective|p1a: Iron Jugulis\n|-damage|p1a: Iron Jugulis|99/275\n|-supereffective|p1a: Iron Jugulis\n|-damage|p1a: Iron Jugulis|19/275\n|-supereffective|p1a: Iron Jugulis\n|-damage|p1a: Iron Jugulis|0 fnt\n|faint|p1a: Iron Jugulis\n|-end|p1a: Iron Jugulis|Quark Drive|[silent]\n|-hitcount|p1: Iron Jugulis|4\n|\n|upkeep\n|\n|t:|1732963509\n|switch|p1a: Eiscue|Eiscue, L88, F|272/272\n|turn|11\n|\n|t:|1732963514\n|move|p2a: Sandaconda|Rock Blast|p1a: Eiscue\n|-activate|p1a: Eiscue|ability: Ice Face\n|-damage|p1a: Eiscue|272/272\n|detailschange|p1a: Eiscue|Eiscue-Noice, L88, F\n|-supereffective|p1a: Eiscue\n|-damage|p1a: Eiscue|182/272\n|-supereffective|p1a: Eiscue\n|-damage|p1a: Eiscue|94/272\n|-supereffective|p1a: Eiscue\n|-damage|p1a: Eiscue|12/272\n|-enditem|p1a: Eiscue|Salac Berry|[eat]\n|-boost|p1a: Eiscue|spe|1|[from] item: Salac Berry\n|-hitcount|p1a: Eiscue|4\n|move|p1a: Eiscue|Ice Spinner|p2a: Sandaconda\n|-supereffective|p2a: Sandaconda\n|-damage|p2a: Sandaconda|17/258\n|\n|upkeep\n|turn|12\n|-message|Poopmam007 forfeited.\n|\n|win|Jsjejwjsndndnd\n|raw|Poopmam007's rating: 1054 &rarr; <strong>1033</strong><br />(-21 for losing)\n|raw|Jsjejwjsndndnd's rating: 1000 &rarr; <strong>1046</strong><br />(+46 for winning)\n|l|\u2606Poopmam007\n|player|p1|\n", "inputlog": ">version b107d77f5c90bd6555267ae244a6264823309ead\n>start {\"formatid\":\"gen9randombattle\",\"seed\":[16386,49129,64218,55000],\"rated\":\"Rated battle\"}\n>player p1 {\"name\":\"Poopmam007\",\"avatar\":\"benga\",\"rating\":1054,\"seed\":[30211,59507,35679,58188]}\n>player p2 {\"name\":\"Jsjejwjsndndnd\",\"avatar\":\"266\",\"rating\":1000,\"seed\":[33600,32064,109,55185]}\n>p1 move earthpower\n>p2 move sacredsword\n>p1 move earthpower terastallize\n>p2 move psychocut\n>p1 switch 5\n>p1 move earthquake\n>p2 move sacredsword\n>p2 switch 3\n>p1 move earthquake\n>p2 move coil\n>p1 move thunderwave\n>p2 move coil\n>p1 move earthquake\n>p2 move earthquake\n>p1 move earthquake\n>p2 move rockblast\n>p1 switch 4\n>p1 move gigadrain\n>p2 move scaleshot terastallize\n>p1 switch 2\n>p1 move bravebird\n>p2 move rockblast\n>p1 switch 3\n>p1 move earthpower\n>p2 move rockblast\n>p1 switch 6\n>p1 move icespinner\n>p2 move rockblast\n>forcelose p1", "uploadtime": 1732963534, "views": 1, "formatid": "gen9randombattle", "rating": 1033, "private": 0, "password": null}