{"id": "gen9randombattle-2254136203", "format": "[Gen 9] Random Battle", "players": ["yoo cho", "ozziepride"], "log": "|j|\u2606yoo cho\n|j|\u2606ozziepride\n|t:|1732995661\n|gametype|singles\n|player|p1|yoo cho|morty-masters2|1828\n|player|p2|ozziepride|169|1875\n|teamsize|p1|6\n|teamsize|p2|6\n|gen|9\n|tier|[Gen 9] Random Battle\n|rated|\n|rule|Species Clause: Limit one of each Pok\u00e9mon\n|rule|HP Percentage Mod: HP is shown in percentages\n|rule|Sleep Clause Mod: Limit one foe put to sleep\n|rule|Illusion Level Mod: Illusion disguises the Pok\u00e9mon's true level\n|\n|t:|1732995661\n|start\n|switch|p1a: Garganacl|Garganacl, L80, M|291/291\n|switch|p2a: Excadrill|Excadrill, L80, F|307/307\n|-ability|p2a: Excadrill|Mold Breaker\n|turn|1\n|inactive|Battle timer is ON: inactive players will automatically lose when time's up. (requested by ozziepride)\n|\n|t:|1732995687\n|switch|p1a: Lurantis|Lurantis, L87, M|264/264\n|move|p2a: Excadrill|Iron Head|p1a: Lurantis\n|-damage|p1a: Lurantis|159/264\n|\n|-heal|p1a: Lurantis|175/264|[from] item: Leftovers\n|upkeep\n|turn|2\n|\n|t:|1732995696\n|switch|p2a: Talonflame|Talonflame, L84, M|268/268\n|move|p1a: Lurantis|Synthesis|p1a: Lurantis\n|-heal|p1a: Lurantis|264/264\n|\n|upkeep\n|turn|3\n|\n|t:|1732995708\n|switch|p1a: Basculegion|Basculegion, L81, M|327/327\n|move|p2a: Talonflame|U-turn|p1a: Basculegion\n|-resisted|p1a: Basculegion\n|-damage|p1a: Basculegion|300/327\n|\n|t:|1732995735\n|switch|p2a: Kingdra|Kingdra, L84, M|263/263|[from] U-turn\n|\n|upkeep\n|turn|4\n|\n|t:|1732995754\n|move|p2a: Kingdra|Rain Dance|p2a: Kingdra\n|-weather|RainDance\n|move|p1a: Basculegion|Shadow Ball|p2a: Kingdra\n|-damage|p2a: Kingdra|171/263\n|\n|-weather|RainDance|[upkeep]\n|upkeep\n|turn|5\n|\n|t:|1732995762\n|move|p2a: Kingdra|Wave Crash|p1a: Basculegion\n|-resisted|p1a: Basculegion\n|-damage|p1a: Basculegion|147/327\n|-damage|p2a: Kingdra|121/263|[from] Recoil\n|-damage|p2a: Kingdra|95/263|[from] item: Life Orb\n|move|p1a: Basculegion|Shadow Ball|p2a: Kingdra\n|-damage|p2a: Kingdra|7/263\n|\n|-weather|RainDance|[upkeep]\n|upkeep\n|turn|6\n|\n|t:|1732995766\n|move|p1a: Basculegion|Aqua Jet|p2a: Kingdra\n|-resisted|p2a: Kingdra\n|-damage|p2a: Kingdra|0 fnt\n|faint|p2a: Kingdra\n|\n|-weather|RainDance|[upkeep]\n|upkeep\n|\n|t:|1732995795\n|switch|p2a: Excadrill|Excadrill, L80, F|307/307\n|-ability|p2a: Excadrill|Mold Breaker\n|turn|7\n|inactive|yoo cho has 120 seconds left.\n|\n|t:|1732995828\n|switch|p1a: Lurantis|Lurantis, L87, M|264/264\n|move|p2a: Excadrill|Earthquake|p1a: Lurantis\n|-resisted|p1a: Lurantis\n|-damage|p1a: Lurantis|201/264\n|\n|-weather|RainDance|[upkeep]\n|-heal|p1a: Lurantis|217/264|[from] item: Leftovers\n|upkeep\n|turn|8\n|\n|t:|1732995836\n|switch|p2a: Talonflame|Talonflame, L84, M|268/268\n|switch|p1a: Garganacl|Garganacl, L80, M|291/291\n|\n|-weather|none\n|upkeep\n|turn|9\n|\n|t:|1732995839\n|move|p2a: Talonflame|U-turn|p1a: Garganacl\n|-crit|p1a: Garganacl\n|-damage|p1a: Garganacl|241/291\n|\n|t:|1732995845\n|switch|p2a: Polteageist|Polteageist-Antique, L79|224/224|[from] U-turn\n|move|p1a: Garganacl|Salt Cure|p2a: Polteageist\n|-damage|p2a: Polteageist|173/224\n|-start|p2a: Polteageist|Salt Cure\n|\n|-heal|p1a: Garganacl|259/291|[from] item: Leftovers\n|-damage|p2a: Polteageist|145/224|[from] Salt Cure\n|upkeep\n|turn|10\n|inactive|yoo cho has 120 seconds left.\n|\n|t:|1732995876\n|switch|p2a: Excadrill|Excadrill, L80, F|307/307\n|-ability|p2a: Excadrill|Mold Breaker\n|move|p1a: Garganacl|Stealth Rock|p2a: Excadrill\n|-sidestart|p2: ozziepride|move: Stealth Rock\n|\n|-heal|p1a: Garganacl|277/291|[from] item: Leftovers\n|upkeep\n|turn|11\n|\n|t:|1732995883\n|move|p2a: Excadrill|Earthquake|p1a: Garganacl\n|-supereffective|p1a: Garganacl\n|-damage|p1a: Garganacl|67/291\n|move|p1a: Garganacl|Salt Cure|p2a: Excadrill\n|-resisted|p2a: Excadrill\n|-damage|p2a: Excadrill|294/307\n|-start|p2a: Excadrill|Salt Cure\n|\n|-heal|p1a: Garganacl|85/291|[from] item: Leftovers\n|-damage|p2a: Excadrill|218/307|[from] Salt Cure\n|upkeep\n|turn|12\n|\n|t:|1732995887\n|move|p2a: Excadrill|Rapid Spin|p1a: Garganacl\n|-resisted|p1a: Garganacl\n|-damage|p1a: Garganacl|69/291\n|-boost|p2a: Excadrill|spe|1\n|-sideend|p2: ozziepride|Stealth Rock|[from] move: Rapid Spin|[of] p2a: Excadrill\n|move|p1a: Garganacl|Recover|p1a: Garganacl\n|-heal|p1a: Garganacl|215/291\n|\n|-heal|p1a: Garganacl|233/291|[from] item: Leftovers\n|-damage|p2a: Excadrill|142/307|[from] Salt Cure\n|upkeep\n|turn|13\n|\n|t:|1732995897\n|switch|p2a: Polteageist|Polteageist-Antique, L79|145/224\n|move|p1a: Garganacl|Recover|p1a: Garganacl\n|-heal|p1a: Garganacl|291/291\n|\n|upkeep\n|turn|14\n|\n|t:|1732995902\n|move|p2a: Polteageist|Strength Sap|p1a: Garganacl\n|-unboost|p1a: Garganacl|atk|1\n|-heal|p2a: Polteageist|224/224\n|move|p1a: Garganacl|Salt Cure|p2a: Polteageist\n|-damage|p2a: Polteageist|188/224\n|-start|p2a: Polteageist|Salt Cure\n|\n|-damage|p2a: Polteageist|160/224|[from] Salt Cure\n|upkeep\n|turn|15\n|\n|t:|1732995920\n|move|p2a: Polteageist|Shadow Ball|p1a: Garganacl\n|-damage|p1a: Garganacl|240/291\n|move|p1a: Garganacl|Salt Cure|p2a: Polteageist\n|-damage|p2a: Polteageist|126/224\n|\n|-heal|p1a: Garganacl|258/291|[from] item: Leftovers\n|-damage|p2a: Polteageist|98/224|[from] Salt Cure\n|upkeep\n|turn|16\n|\n|t:|1732995937\n|switch|p2a: Excadrill|Excadrill, L80, F|142/307\n|-ability|p2a: Excadrill|Mold Breaker\n|move|p1a: Garganacl|Stealth Rock|p2a: Excadrill\n|-sidestart|p2: ozziepride|move: Stealth Rock\n|\n|-heal|p1a: Garganacl|276/291|[from] item: Leftovers\n|upkeep\n|turn|17\n|\n|t:|1732995942\n|switch|p1a: Lurantis|Lurantis, L87, M|217/264\n|move|p2a: Excadrill|Earthquake|p1a: Lurantis\n|-resisted|p1a: Lurantis\n|-damage|p1a: Lurantis|160/264\n|\n|-heal|p1a: Lurantis|176/264|[from] item: Leftovers\n|upkeep\n|turn|18\n|\n|t:|1732995949\n|switch|p2a: Talonflame|Talonflame, L84, M|268/268\n|move|p1a: Lurantis|Knock Off|p2a: Talonflame\n|-damage|p2a: Talonflame|171/268\n|-status|p1a: Lurantis|brn|[from] ability: Flame Body|[of] p2a: Talonflame\n|-enditem|p2a: Talonflame|Heavy-Duty Boots|[from] move: Knock Off|[of] p1a: Lurantis\n|\n|-heal|p1a: Lurantis|192/264 brn|[from] item: Leftovers\n|-damage|p1a: Lurantis|176/264 brn|[from] brn\n|upkeep\n|turn|19\n|\n|t:|1732995955\n|move|p2a: Talonflame|U-turn|p1a: Lurantis\n|-supereffective|p1a: Lurantis\n|-damage|p1a: Lurantis|88/264 brn\n|\n|t:|1732995960\n|switch|p2a: Polteageist|Polteageist-Antique, L79|98/224|[from] U-turn\n|-damage|p2a: Polteageist|70/224|[from] Stealth Rock\n|move|p1a: Lurantis|Synthesis|p1a: Lurantis\n|-heal|p1a: Lurantis|220/264 brn\n|\n|-heal|p1a: Lurantis|236/264 brn|[from] item: Leftovers\n|-damage|p1a: Lurantis|220/264 brn|[from] brn\n|upkeep\n|turn|20\n|\n|t:|1732995969\n|switch|p2a: Talonflame|Talonflame, L84, M|171/268\n|-damage|p2a: Talonflame|37/268|[from] Stealth Rock\n|move|p1a: Lurantis|Leaf Storm|p2a: Talonflame\n|-resisted|p2a: Talonflame\n|-damage|p2a: Talonflame|0 fnt\n|-boost|p1a: Lurantis|spa|2\n|faint|p2a: Talonflame\n|\n|-heal|p1a: Lurantis|236/264 brn|[from] item: Leftovers\n|-damage|p1a: Lurantis|220/264 brn|[from] brn\n|upkeep\n|\n|t:|1732995975\n|switch|p2a: Rabsca|Rabsca, L91, M|284/284\n|turn|21\n|\n|t:|1732996001\n|move|p2a: Rabsca|Bug Buzz|p1a: Lurantis\n|-supereffective|p1a: Lurantis\n|-damage|p1a: Lurantis|0 fnt\n|faint|p1a: Lurantis\n|\n|upkeep\n|\n|t:|1732996005\n|switch|p1a: Garganacl|Garganacl, L80, M|276/291\n|turn|22\n|\n|t:|1732996028\n|move|p2a: Rabsca|Psychic|p1a: Garganacl\n|-damage|p1a: Garganacl|155/291\n|move|p1a: Garganacl|Salt Cure|p2a: Rabsca\n|-supereffective|p2a: Rabsca\n|-crit|p2a: Rabsca\n|-damage|p2a: Rabsca|176/284\n|-start|p2a: Rabsca|Salt Cure\n|\n|-heal|p1a: Garganacl|173/291|[from] item: Leftovers\n|-damage|p2a: Rabsca|141/284|[from] Salt Cure\n|upkeep\n|turn|23\n|\n|t:|1732996036\n|move|p2a: Rabsca|Psychic|p1a: Garganacl\n|-damage|p1a: Garganacl|49/291\n|-unboost|p1a: Garganacl|spd|1\n|move|p1a: Garganacl|Recover|p1a: Garganacl\n|-heal|p1a: Garganacl|195/291\n|\n|-heal|p1a: Garganacl|213/291|[from] item: Leftovers\n|-damage|p2a: Rabsca|106/284|[from] Salt Cure\n|upkeep\n|turn|24\n|\n|t:|1732996042\n|switch|p1a: Umbreon|Umbreon, L84, M|297/297\n|move|p2a: Rabsca|Earth Power|p1a: Umbreon\n|-damage|p1a: Umbreon|235/297\n|\n|-heal|p1a: Umbreon|253/297|[from] item: Leftovers\n|-damage|p2a: Rabsca|71/284|[from] Salt Cure\n|upkeep\n|turn|25\n|\n|t:|1732996049\n|move|p1a: Umbreon|Foul Play|p2a: Rabsca\n|-supereffective|p2a: Rabsca\n|-damage|p2a: Rabsca|0 fnt\n|faint|p2a: Rabsca\n|\n|-heal|p1a: Umbreon|271/297|[from] item: Leftovers\n|upkeep\n|\n|t:|1732996052\n|switch|p2a: Excadrill|Excadrill, L80, F|142/307\n|-damage|p2a: Excadrill|133/307|[from] Stealth Rock\n|-ability|p2a: Excadrill|Mold Breaker\n|turn|26\n|\n|t:|1732996055\n|move|p2a: Excadrill|Rapid Spin|p1a: Umbreon\n|-damage|p1a: Umbreon|237/297\n|-boost|p2a: Excadrill|spe|1\n|-sideend|p2: ozziepride|Stealth Rock|[from] move: Rapid Spin|[of] p2a: Excadrill\n|move|p1a: Umbreon|Foul Play|p2a: Excadrill\n|-damage|p2a: Excadrill|0 fnt\n|faint|p2a: Excadrill\n|\n|-heal|p1a: Umbreon|255/297|[from] item: Leftovers\n|upkeep\n|\n|t:|1732996059\n|switch|p2a: Cloyster|Cloyster, L80, F|211/211\n|turn|27\n|\n|t:|1732996065\n|move|p2a: Cloyster|Shell Smash|p2a: Cloyster\n|-unboost|p2a: Cloyster|def|1\n|-unboost|p2a: Cloyster|spd|1\n|-boost|p2a: Cloyster|atk|2\n|-boost|p2a: Cloyster|spa|2\n|-boost|p2a: Cloyster|spe|2\n|-enditem|p2a: Cloyster|White Herb\n|-clearnegativeboost|p2a: Cloyster|[silent]\n|move|p1a: Umbreon|Foul Play|p2a: Cloyster\n|-damage|p2a: Cloyster|108/211\n|\n|-heal|p1a: Umbreon|273/297|[from] item: Leftovers\n|upkeep\n|turn|28\n|\n|t:|1732996071\n|-terastallize|p2a: Cloyster|Ice\n|move|p2a: Cloyster|Icicle Spear|p1a: Umbreon\n|-damage|p1a: Umbreon|219/297\n|-damage|p1a: Umbreon|167/297\n|-damage|p1a: Umbreon|113/297\n|-damage|p1a: Umbreon|55/297\n|-damage|p1a: Umbreon|0 fnt\n|faint|p1a: Umbreon\n|-hitcount|p1: Umbreon|5\n|\n|upkeep\n|\n|t:|1732996089\n|switch|p1a: Garganacl|Garganacl, L80, M|213/291\n|turn|29\n|\n|t:|1732996104\n|-terastallize|p1a: Garganacl|Ghost\n|move|p2a: Cloyster|Icicle Spear|p1a: Garganacl\n|-damage|p1a: Garganacl|159/291\n|-damage|p1a: Garganacl|111/291\n|-damage|p1a: Garganacl|59/291\n|-damage|p1a: Garganacl|7/291\n|-damage|p1a: Garganacl|0 fnt\n|faint|p1a: Garganacl\n|-hitcount|p1: Garganacl|5\n|\n|upkeep\n|\n|t:|1732996111\n|switch|p1a: Raichu|Raichu-Alola, L87, M|246/246\n|turn|30\n|\n|t:|1732996119\n|move|p2a: Cloyster|Icicle Spear|p1a: Raichu\n|-damage|p1a: Raichu|160/246\n|-damage|p1a: Raichu|68/246\n|-damage|p1a: Raichu|0 fnt\n|faint|p1a: Raichu\n|-hitcount|p1: Raichu|3\n|\n|upkeep\n|\n|t:|1732996121\n|switch|p1a: Sneasler|Sneasler, L74, F|240/240\n|turn|31\n|\n|t:|1732996128\n|move|p2a: Cloyster|Icicle Spear|p1a: Sneasler\n|-damage|p1a: Sneasler|142/240\n|-damage|p1a: Sneasler|38/240\n|-damage|p1a: Sneasler|0 fnt\n|faint|p1a: Sneasler\n|-hitcount|p1: Sneasler|3\n|\n|upkeep\n|\n|t:|1732996130\n|switch|p1a: Basculegion|Basculegion, L81, M|147/327\n|turn|32\n|c|\u2606yoo cho|wow\n|\n|t:|1732996137\n|move|p2a: Cloyster|Icicle Spear|p1a: Basculegion\n|-resisted|p1a: Basculegion\n|-damage|p1a: Basculegion|107/327\n|-resisted|p1a: Basculegion\n|-damage|p1a: Basculegion|68/327\n|-resisted|p1a: Basculegion\n|-damage|p1a: Basculegion|23/327\n|-resisted|p1a: Basculegion\n|-damage|p1a: Basculegion|0 fnt\n|faint|p1a: Basculegion\n|-hitcount|p1: Basculegion|4\n|\n|win|ozziepride\n|raw|yoo cho's rating: 1869 &rarr; <strong>1849</strong><br />(-20 for losing)\n|raw|ozziepride's rating: 1875 &rarr; <strong>1895</strong><br />(+20 for winning)\n", "inputlog": ">version b107d77f5c90bd6555267ae244a6264823309ead\n>start {\"formatid\":\"gen9randombattle\",\"seed\":[31408,9726,22428,39280],\"rated\":\"Rated battle\"}\n>player p1 {\"name\":\"yoo cho\",\"avatar\":\"morty-masters2\",\"rating\":1828,\"seed\":[17234,29309,45409,60189]}\n>player p2 {\"name\":\"ozziepride\",\"avatar\":\"169\",\"rating\":1875,\"seed\":[35275,33488,4511,60416]}\n>p1 switch 6\n>p2 move ironhead\n>p1 move synthesis\n>p2 switch 5\n>p1 switch 5\n>p2 move uturn\n>p2 switch 6\n>p1 move shadowball\n>p2 move raindance\n>p1 move shadowball\n>p2 move wavecrash\n>p1 move aquajet\n>p2 move wavecrash\n>p2 switch 5\n>p1 switch 5\n>p2 move earthquake\n>p1 switch 6\n>p2 switch 6\n>p1 move saltcure\n>p2 move uturn\n>p2 switch 3\n>p1 move stealthrock\n>p2 switch 6\n>p1 move saltcure\n>p2 move earthquake\n>p1 move recover\n>p2 move rapidspin\n>p1 move recover\n>p2 switch 6\n>p1 move saltcure\n>p2 move strengthsap\n>p1 move saltcure\n>p2 move shadowball\n>p1 move stealthrock\n>p2 switch 6\n>p1 switch 6\n>p2 move earthquake\n>p1 move knockoff\n>p2 switch 3\n>p1 move synthesis\n>p2 move uturn\n>p2 switch 6\n>p1 move leafstorm\n>p2 switch 6\n>p2 switch 4\n>p1 move knockoff\n>p2 move bugbuzz\n>p1 switch 6\n>p1 move saltcure\n>p2 move psychic\n>p1 move recover\n>p2 move psychic\n>p1 switch 4\n>p2 move earthpower\n>p1 move foulplay\n>p2 move revivalblessing\n>p2 switch 3\n>p1 move foulplay\n>p2 move rapidspin\n>p2 switch 2\n>p1 move foulplay\n>p2 move shellsmash\n>p1 move foulplay\n>p2 move iciclespear terastallize\n>p1 switch 4\n>p1 move saltcure terastallize\n>p2 move iciclespear\n>p1 switch 3\n>p1 move psychic\n>p2 move iciclespear\n>p1 switch 2\n>p1 move closecombat\n>p2 move iciclespear\n>p1 switch 5\n>chat \u2606yoo cho| wow \n>p1 move shadowball\n>p2 move iciclespear", "uploadtime": 1732996150, "views": 3, "formatid": "gen9randombattle", "rating": 1849, "private": 0, "password": null}