{"id": "rom-gen9randombattle-2261987", "format": "[Gen 9] Random Battle", "players": ["Chewbt", "Abyssal Bot"], "log": "|j|\u2606Chewbt\n|j|\u2606Abyssal Bot\n|t:|1732981971\n|gametype|singles\n|player|p1|Chewbt|2|\n|player|p2|Abyssal Bot|supernerd|\n|teamsize|p1|6\n|teamsize|p2|6\n|gen|9\n|tier|[Gen 9] Random Battle\n|rule|Species Clause: Limit one of each Pok\u00e9mon\n|rule|HP Percentage Mod: HP is shown in percentages\n|rule|Sleep Clause Mod: Limit one foe put to sleep\n|rule|Illusion Level Mod: Illusion disguises the Pok\u00e9mon's true level\n|\n|t:|1732981971\n|start\n|switch|p1a: Decidueye|Decidueye-Hisui, L88, F|298/298\n|switch|p2a: Weavile|Weavile, L79, F|240/240\n|turn|1\n|c|\u2606Abyssal Bot|**WARNING**: Expect much hax.\n|inactive|Battle timer is ON: inactive players will automatically lose when time's up. (requested by Abyssal Bot)\n|\n|t:|1732981986\n|switch|p2a: Heracross|Heracross, L80, M|259/259\n|move|p1a: Decidueye|Triple Arrows|p2a: Heracross\n|-resisted|p2a: Heracross\n|-damage|p2a: Heracross|194/259\n|-unboost|p2a: Heracross|def|1\n|\n|upkeep\n|turn|2\n|inactive|Chewbt has 270 seconds left.\n|\n|t:|1732982020\n|move|p2a: Heracross|Megahorn|p1a: Decidueye\n|-damage|p1a: Decidueye|67/298\n|move|p1a: Decidueye|Roost|p1a: Decidueye\n|-heal|p1a: Decidueye|216/298\n|-singleturn|p1a: Decidueye|move: Roost\n|\n|-heal|p1a: Decidueye|234/298|[from] item: Leftovers\n|upkeep\n|turn|3\n|\n|t:|1732982028\n|move|p2a: Heracross|Megahorn|p1a: Decidueye\n|-damage|p1a: Decidueye|3/298\n|move|p1a: Decidueye|Defog|p2a: Heracross\n|-unboost|p2a: Heracross|evasion|1\n|\n|-heal|p1a: Decidueye|21/298|[from] item: Leftovers\n|upkeep\n|turn|4\n|inactive|Chewbt has 270 seconds left.\n|\n|t:|1732982050\n|move|p2a: Heracross|Megahorn|p1a: Decidueye|[miss]\n|-miss|p2a: Heracross|p1a: Decidueye\n|move|p1a: Decidueye|Roost|p1a: Decidueye\n|-heal|p1a: Decidueye|170/298\n|-singleturn|p1a: Decidueye|move: Roost\n|\n|-heal|p1a: Decidueye|188/298|[from] item: Leftovers\n|upkeep\n|turn|5\n|c|\u2606Abyssal Bot|;-;\n|inactive|Chewbt has 270 seconds left.\n|\n|t:|1732982059\n|move|p2a: Heracross|Megahorn|p1a: Decidueye|[miss]\n|-miss|p2a: Heracross|p1a: Decidueye\n|move|p1a: Decidueye|Roost|p1a: Decidueye\n|-heal|p1a: Decidueye|298/298\n|-singleturn|p1a: Decidueye|move: Roost\n|\n|upkeep\n|turn|6\n|c|\u2606Abyssal Bot|Uh Heracross, you're as blind as Deino...\n|\n|t:|1732982068\n|move|p2a: Heracross|Megahorn|p1a: Decidueye\n|-damage|p1a: Decidueye|60/298\n|move|p1a: Decidueye|Leaf Blade|p2a: Heracross\n|-resisted|p2a: Heracross\n|-damage|p2a: Heracross|81/259\n|\n|-heal|p1a: Decidueye|78/298|[from] item: Leftovers\n|upkeep\n|turn|7\n|\n|t:|1732982076\n|move|p2a: Heracross|Megahorn|p1a: Decidueye\n|-damage|p1a: Decidueye|0\n|faint|p1a: Decidueye\n|-ability|p2a: Heracross|Moxie|boost\n|-boost|p2a: Heracross|atk|1\n|\n|upkeep\n|inactive|Chewbt has 270 seconds left.\n|\n|t:|1732982098\n|switch|p1a: Banette|Banette, L93, M|270/270\n|turn|8\n|inactive|Chewbt has 270 seconds left.\n|\n|t:|1732982106\n|move|p1a: Banette|Shadow Sneak|p2a: Heracross\n|-damage|p2a: Heracross|0\n|faint|p2a: Heracross\n|-damage|p1a: Banette|243/270|[from] item: Life Orb\n|\n|upkeep\n|\n|t:|1732982106\n|switch|p2a: Terapagos|Terapagos, L76, M|262/262\n|-activate|p2a: Terapagos|ability: Tera Shift\n|detailschange|p2a: Terapagos|Terapagos-Terastal, L76, M\n|-heal|p2a: Terapagos|269/269|[silent]\n|turn|9\n|inactive|Chewbt has 270 seconds left.\n|\n|t:|1732982140\n|move|p1a: Banette|Thunder Wave|p2a: Terapagos\n|-status|p2a: Terapagos|par\n|move|p2a: Terapagos|Earth Power|p1a: Banette\n|-damage|p1a: Banette|182/270\n|\n|upkeep\n|turn|10\n|\n|t:|1732982147\n|move|p1a: Banette|Gunk Shot|p2a: Terapagos\n|-activate|p2a: Terapagos|ability: Tera Shell\n|-resisted|p2a: Terapagos\n|-damage|p2a: Terapagos|203/269 par\n|-damage|p1a: Banette|155/270|[from] item: Life Orb\n|move|p2a: Terapagos|Calm Mind|p2a: Terapagos\n|-boost|p2a: Terapagos|spa|1\n|-boost|p2a: Terapagos|spd|1\n|\n|upkeep\n|turn|11\n|\n|t:|1732982164\n|switch|p1a: Sneasler|Sneasler, L74, M|240/240\n|move|p2a: Terapagos|Calm Mind|p2a: Terapagos\n|-boost|p2a: Terapagos|spa|1\n|-boost|p2a: Terapagos|spd|1\n|\n|upkeep\n|turn|12\n|\n|t:|1732982174\n|move|p1a: Sneasler|Close Combat|p2a: Terapagos\n|-supereffective|p2a: Terapagos\n|-damage|p2a: Terapagos|0 par\n|-unboost|p1a: Sneasler|def|1\n|-unboost|p1a: Sneasler|spd|1\n|faint|p2a: Terapagos\n|\n|upkeep\n|\n|t:|1732982174\n|switch|p2a: Tinkaton|Tinkaton, L82, F|274/274\n|-ability|p2a: Tinkaton|Mold Breaker\n|turn|13\n|inactive|Chewbt has 270 seconds left.\n|\n|t:|1732982187\n|move|p1a: Sneasler|Close Combat|p2a: Tinkaton\n|-damage|p2a: Tinkaton|61/274\n|-unboost|p1a: Sneasler|def|1\n|-unboost|p1a: Sneasler|spd|1\n|move|p2a: Tinkaton|Gigaton Hammer|p1a: Sneasler\n|-damage|p1a: Sneasler|0\n|faint|p1a: Sneasler\n|-damage|p2a: Tinkaton|34/274|[from] item: Life Orb\n|\n|upkeep\n|\n|t:|1732982200\n|switch|p1a: Banette|Banette, L93, M|155/270\n|turn|14\n|\n|t:|1732982203\n|move|p1a: Banette|Shadow Sneak|p2a: Tinkaton\n|-damage|p2a: Tinkaton|0\n|faint|p2a: Tinkaton\n|-damage|p1a: Banette|128/270|[from] item: Life Orb\n|\n|upkeep\n|\n|t:|1732982203\n|switch|p2a: Chansey|Chansey, L85, F|564/564\n|turn|15\n|\n|t:|1732982210\n|move|p1a: Banette|Thunder Wave|p2a: Chansey\n|-status|p2a: Chansey|par\n|move|p2a: Chansey|Stealth Rock|p1a: Banette\n|-sidestart|p1: Chewbt|move: Stealth Rock\n|\n|upkeep\n|turn|16\n|\n|t:|1732982226\n|switch|p1a: Stonjourner|Stonjourner, L91, F|330/330\n|-damage|p1a: Stonjourner|289/330|[from] Stealth Rock|[of] p2a: Chansey\n|move|p2a: Chansey|Thunder Wave|p1a: Stonjourner\n|-status|p1a: Stonjourner|par\n|\n|upkeep\n|turn|17\n|inactive|Chewbt has 270 seconds left.\n|\n|t:|1732982245\n|-curestatus|p2a: Chansey|par|[from] ability: Natural Cure\n|switch|p2a: Donphan|Donphan, L84, F|288/288\n|move|p1a: Stonjourner|Stealth Rock|p2a: Donphan\n|-sidestart|p2: Abyssal Bot|move: Stealth Rock\n|\n|upkeep\n|turn|18\n|\n|t:|1732982253\n|move|p2a: Donphan|Rapid Spin|p1a: Stonjourner\n|-resisted|p1a: Stonjourner\n|-damage|p1a: Stonjourner|274/330 par\n|-boost|p2a: Donphan|spe|1\n|-sideend|p2: Abyssal Bot|Stealth Rock|[from] move: Rapid Spin|[of] p2a: Donphan\n|move|p1a: Stonjourner|Earthquake|p2a: Donphan\n|-damage|p2a: Donphan|179/288\n|-damage|p1a: Stonjourner|241/330 par|[from] item: Life Orb\n|\n|upkeep\n|turn|19\n|\n|t:|1732982265\n|move|p2a: Donphan|Earthquake|p1a: Stonjourner\n|-supereffective|p1a: Stonjourner\n|-damage|p1a: Stonjourner|85/330 par\n|move|p1a: Stonjourner|Earthquake|p2a: Donphan\n|-damage|p2a: Donphan|84/288\n|-damage|p1a: Stonjourner|52/330 par|[from] item: Life Orb\n|\n|upkeep\n|turn|20\n|\n|t:|1732982273\n|move|p2a: Donphan|Ice Spinner|p1a: Stonjourner\n|-damage|p1a: Stonjourner|9/330 par\n|move|p1a: Stonjourner|Heat Crash|p2a: Donphan\n|-damage|p2a: Donphan|0\n|faint|p2a: Donphan\n|-damage|p1a: Stonjourner|0 par|[from] item: Life Orb\n|faint|p1a: Stonjourner\n|\n|upkeep\n|\n|t:|1732982284\n|switch|p1a: Banette|Banette, L93, M|128/270\n|switch|p2a: Chansey|Chansey, L85, F|564/564\n|-damage|p1a: Banette|95/270|[from] Stealth Rock|[of] p2a: Chansey\n|turn|21\n|\n|t:|1732982290\n|move|p1a: Banette|Thunder Wave|p2a: Chansey\n|-status|p2a: Chansey|par\n|move|p2a: Chansey|Thunder Wave|p1a: Banette\n|-status|p1a: Banette|par\n|\n|upkeep\n|turn|22\n|\n|t:|1732982301\n|-curestatus|p2a: Chansey|par|[from] ability: Natural Cure\n|switch|p2a: Weavile|Weavile, L79, F|240/240\n|move|p1a: Banette|Gunk Shot|p2a: Weavile|[miss]\n|-miss|p1a: Banette|p2a: Weavile\n|\n|upkeep\n|turn|23\n|c|\u2606Abyssal Bot|I had warned you about hax!! HAHAHA\n|\n|t:|1732982310\n|switch|p1a: Tsareena|Tsareena, L87, F|267/267\n|-damage|p1a: Tsareena|234/267|[from] Stealth Rock|[of] p2: Chansey\n|move|p2a: Weavile|Knock Off|p1a: Tsareena\n|-damage|p1a: Tsareena|140/267\n|-enditem|p1a: Tsareena|Life Orb|[from] move: Knock Off|[of] p2a: Weavile\n|\n|upkeep\n|turn|24\n|\n|t:|1732982317\n|move|p2a: Weavile|Knock Off|p1a: Tsareena\n|-damage|p1a: Tsareena|77/267\n|move|p1a: Tsareena|High Jump Kick|p2a: Weavile\n|-supereffective|p2a: Weavile\n|-damage|p2a: Weavile|0\n|faint|p2a: Weavile\n|\n|upkeep\n|\n|t:|1732982318\n|switch|p2a: Chansey|Chansey, L85, F|564/564\n|turn|25\n|\n|t:|1732982326\n|move|p1a: Tsareena|High Jump Kick|p2a: Chansey\n|-supereffective|p2a: Chansey\n|-damage|p2a: Chansey|72/564\n|move|p2a: Chansey|Seismic Toss|p1a: Tsareena\n|-damage|p1a: Tsareena|0\n|faint|p1a: Tsareena\n|\n|upkeep\n|\n|t:|1732982337\n|switch|p1a: Banette|Banette, L93, M|95/270 par\n|-damage|p1a: Banette|62/270 par|[from] Stealth Rock|[of] p2a: Chansey\n|turn|26\n|\n|t:|1732982341\n|move|p2a: Chansey|Soft-Boiled|p2a: Chansey\n|-heal|p2a: Chansey|354/564\n|move|p1a: Banette|Gunk Shot|p2a: Chansey\n|-damage|p2a: Chansey|28/564\n|-status|p2a: Chansey|psn\n|-damage|p1a: Banette|35/270 par|[from] item: Life Orb\n|\n|-damage|p2a: Chansey|0 psn|[from] psn|[of] p1a: Banette\n|faint|p2a: Chansey\n|\n|win|Chewbt\n|upkeep\n|c|\u2606Abyssal Bot|This loss doesn't matter, because I'm just a bot.\n|l|\u2606Abyssal Bot\n|player|p2|\n", "inputlog": ">version a4b6781ad07ff854a5e25c73fc04b699caa3d96a\n>version-origin abc8d21342e0aaf7f07648594144347b05671f08\n>start {\"formatid\":\"gen9randombattle\",\"seed\":[25389,22890,37600,2862]}\n>player p1 {\"name\":\"Chewbt\",\"avatar\":\"2\",\"rating\":0,\"seed\":[46416,42675,46267,26266]}\n>player p2 {\"name\":\"Abyssal Bot\",\"avatar\":\"supernerd\",\"rating\":0,\"seed\":[22530,46015,42237,19774]}\n>chat \u2606Abyssal Bot|**WARNING**: Expect much hax.\n>p1 move triplearrows\n>p2 switch 3\n>p1 move roost\n>p2 move megahorn\n>p1 move defog\n>p2 move megahorn\n>p1 move roost\n>p2 move megahorn\n>chat \u2606Abyssal Bot|;-;\n>p1 move roost\n>p2 move megahorn\n>chat \u2606Abyssal Bot|Uh Heracross, you're as blind as Deino...\n>p1 move leafblade\n>p2 move megahorn\n>p1 move roost\n>p2 move megahorn\n>p1 switch 6\n>p1 move shadowsneak\n>p2 move megahorn\n>p2 switch 5\n>p1 move thunderwave\n>p2 move earthpower\n>p1 move gunkshot\n>p2 move calmmind\n>p1 switch 3\n>p2 move calmmind\n>p1 move closecombat\n>p2 move earthpower\n>p2 switch 4\n>p1 move closecombat\n>p2 move gigatonhammer\n>p1 switch 3\n>p1 move shadowsneak\n>p2 move knockoff\n>p2 switch 6\n>p1 move thunderwave\n>p2 move stealthrock\n>p1 switch 5\n>p2 move thunderwave\n>p1 move stealthrock\n>p2 switch 2\n>p1 move earthquake\n>p2 move rapidspin\n>p1 move earthquake\n>p2 move earthquake\n>p1 move heatcrash\n>p2 move icespinner\n>p1 switch 5\n>p2 switch 2\n>p1 move thunderwave\n>p2 move thunderwave\n>p1 move gunkshot\n>p2 switch 3\n>chat \u2606Abyssal Bot|I had warned you about hax!! HAHAHA\n>p1 switch 2\n>p2 move knockoff\n>p1 move highjumpkick\n>p2 move knockoff\n>p2 switch 3\n>p1 move highjumpkick\n>p2 move seismictoss\n>p1 switch 2\n>p1 move gunkshot\n>p2 move softboiled", "uploadtime": 1732982355, "views": 8, "formatid": "gen9randombattle", "rating": null, "private": 0, "password": null}