{"id": "smogtours-gen9randombattle-808333", "format": "[Gen 9] Random Battle", "players": ["Pokesci", "AC primal"], "log": "|inactive|Battle timer is ON: inactive players will automatically lose when time's up.\n|t:|1732984382\n|gametype|singles\n|player|p1|Pokesci|ash-kalos|\n|player|p2|AC primal|blue|\n|teamsize|p1|6\n|teamsize|p2|6\n|gen|9\n|tier|[Gen 9] Random Battle\n|rule|Species Clause: Limit one of each Pok\u00e9mon\n|rule|HP Percentage Mod: HP is shown in percentages\n|rule|Sleep Clause Mod: Limit one foe put to sleep\n|rule|Illusion Level Mod: Illusion disguises the Pok\u00e9mon's true level\n|\n|t:|1732984382\n|start\n|switch|p1a: Swalot|Swalot, L90, M|326/326\n|switch|p2a: Staraptor|Staraptor, L79, M|263/263\n|turn|1\n|\n|t:|1732984400\n|-terastallize|p2a: Staraptor|Flying\n|move|p2a: Staraptor|Brave Bird|p1a: Swalot\n|-damage|p1a: Swalot|28/326\n|-damage|p2a: Staraptor|165/263|[from] Recoil\n|move|p1a: Swalot|Toxic Spikes|p2a: Staraptor\n|-sidestart|p2: AC primal|move: Toxic Spikes\n|\n|-heal|p1a: Swalot|48/326|[from] item: Leftovers\n|upkeep\n|turn|2\n|\n|t:|1732984415\n|-terastallize|p1a: Swalot|Dark\n|move|p2a: Staraptor|Brave Bird|p1a: Swalot\n|-damage|p1a: Swalot|0 fnt\n|faint|p1a: Swalot\n|-damage|p2a: Staraptor|149/263|[from] Recoil\n|\n|upkeep\n|\n|t:|1732984435\n|switch|p1a: Skeledirge|Skeledirge, L79, M|294/294\n|turn|3\n|\n|t:|1732984441\n|move|p2a: Staraptor|Brave Bird|p1a: Skeledirge\n|-damage|p1a: Skeledirge|8/294\n|-damage|p2a: Staraptor|55/263|[from] Recoil\n|move|p1a: Skeledirge|Will-O-Wisp|p2a: Staraptor\n|-status|p2a: Staraptor|brn\n|\n|-damage|p2a: Staraptor|39/263 brn|[from] brn\n|upkeep\n|turn|4\n|\n|t:|1732984453\n|move|p2a: Staraptor|Brave Bird|p1a: Skeledirge\n|-damage|p1a: Skeledirge|0 fnt\n|faint|p1a: Skeledirge\n|-damage|p2a: Staraptor|36/263 brn|[from] Recoil\n|\n|-damage|p2a: Staraptor|20/263 brn|[from] brn\n|upkeep\n|inactive|Pokesci has 270 seconds left.\n|\n|t:|1732984471\n|switch|p1a: Dugtrio|Dugtrio-Alola, L84, M|196/196\n|turn|5\n|\n|t:|1732984477\n|move|p1a: Dugtrio|Iron Head|p2a: Staraptor\n|-crit|p2a: Staraptor\n|-damage|p2a: Staraptor|0 fnt\n|faint|p2a: Staraptor\n|-damage|p1a: Dugtrio|177/196|[from] item: Life Orb\n|\n|upkeep\n|\n|t:|1732984493\n|switch|p2a: Galvantula|Galvantula, L82, M|249/249\n|turn|6\n|inactive|Pokesci has 270 seconds left.\n|inactive|AC primal has 270 seconds left.\n|\n|t:|1732984523\n|move|p1a: Dugtrio|Earthquake|p2a: Galvantula\n|-damage|p2a: Galvantula|49/249\n|-damage|p1a: Dugtrio|158/196|[from] item: Life Orb\n|move|p2a: Galvantula|Thunder|p1a: Dugtrio\n|-immune|p1a: Dugtrio\n|\n|upkeep\n|turn|7\n|inactive|Pokesci has 270 seconds left.\n|inactive|AC primal has 270 seconds left.\n|\n|t:|1732984535\n|move|p1a: Dugtrio|Earthquake|p2a: Galvantula\n|-damage|p2a: Galvantula|0 fnt\n|faint|p2a: Galvantula\n|-damage|p1a: Dugtrio|139/196|[from] item: Life Orb\n|\n|upkeep\n|\n|t:|1732984546\n|switch|p2a: Magearna|Magearna, L77|250/250\n|turn|8\n|\n|t:|1732984561\n|move|p1a: Dugtrio|Sucker Punch|p2a: Magearna\n|-resisted|p2a: Magearna\n|-damage|p2a: Magearna|223/250\n|-damage|p1a: Dugtrio|120/196|[from] item: Life Orb\n|move|p2a: Magearna|Fleur Cannon|p1a: Dugtrio|[miss]\n|-miss|p2a: Magearna|p1a: Dugtrio\n|\n|upkeep\n|turn|9\n|\n|t:|1732984571\n|move|p1a: Dugtrio|Earthquake|p2a: Magearna\n|-supereffective|p2a: Magearna\n|-damage|p2a: Magearna|0 fnt\n|faint|p2a: Magearna\n|-damage|p1a: Dugtrio|101/196|[from] item: Life Orb\n|\n|upkeep\n|\n|t:|1732984580\n|switch|p2a: Delphox|Delphox, L84, M|263/263\n|-status|p2a: Delphox|psn\n|turn|10\n|\n|t:|1732984598\n|move|p2a: Delphox|Focus Blast|p1a: Dugtrio|[miss]\n|-miss|p2a: Delphox|p1a: Dugtrio\n|move|p1a: Dugtrio|Earthquake|p2a: Delphox\n|-supereffective|p2a: Delphox\n|-damage|p2a: Delphox|0 fnt\n|faint|p2a: Delphox\n|-damage|p1a: Dugtrio|82/196|[from] item: Life Orb\n|\n|upkeep\n|\n|t:|1732984614\n|switch|p2a: Basculegion|Basculegion, L81, M|327/327\n|-status|p2a: Basculegion|psn\n|turn|11\n|\n|t:|1732984625\n|move|p1a: Dugtrio|Sucker Punch|p2a: Basculegion\n|-supereffective|p2a: Basculegion\n|-damage|p2a: Basculegion|168/327 psn\n|-damage|p1a: Dugtrio|63/196|[from] item: Life Orb\n|move|p2a: Basculegion|Wave Crash|p1a: Dugtrio\n|-supereffective|p1a: Dugtrio\n|-crit|p1a: Dugtrio\n|-damage|p1a: Dugtrio|0 fnt\n|-ability|p1a: Dugtrio|Tangling Hair\n|-unboost|p2a: Basculegion|spe|1\n|faint|p1a: Dugtrio\n|-damage|p2a: Basculegion|147/327 psn|[from] Recoil\n|\n|-damage|p2a: Basculegion|107/327 psn|[from] psn\n|upkeep\n|inactive|Pokesci has 270 seconds left.\n|\n|t:|1732984652\n|switch|p1a: Politoed|Politoed, L88, M|302/302\n|-weather|RainDance|[from] ability: Drizzle|[of] p1a: Politoed\n|turn|12\n|\n|t:|1732984663\n|move|p1a: Politoed|Focus Blast|p2a: Basculegion\n|-immune|p2a: Basculegion\n|move|p2a: Basculegion|Wave Crash|p1a: Politoed\n|-resisted|p1a: Politoed\n|-damage|p1a: Politoed|165/302\n|-damage|p2a: Basculegion|62/327 psn|[from] Recoil\n|\n|-weather|RainDance|[upkeep]\n|-damage|p2a: Basculegion|22/327 psn|[from] psn\n|upkeep\n|turn|13\n|inactive|AC primal has 240 seconds left.\n|\n|t:|1732984683\n|switch|p1a: Gallade|Gallade, L81, M|243/243\n|move|p2a: Basculegion|Flip Turn|p1a: Gallade\n|-damage|p1a: Gallade|83/243\n|inactive|AC primal has 240 seconds left.\n|\n|t:|1732984694\n|switch|p2a: Azelf|Azelf, L82|257/257|[from] Flip Turn\n|\n|-weather|RainDance|[upkeep]\n|upkeep\n|turn|14\n|inactive|AC primal has 240 seconds left.\n|\n|t:|1732984704\n|switch|p2a: Basculegion|Basculegion, L81, M|22/327 psn\n|move|p1a: Gallade|Night Slash|p2a: Basculegion\n|-supereffective|p2a: Basculegion\n|-damage|p2a: Basculegion|0 fnt\n|faint|p2a: Basculegion\n|-damage|p1a: Gallade|59/243|[from] item: Life Orb\n|\n|-weather|RainDance|[upkeep]\n|upkeep\n|inactive|AC primal has 240 seconds left.\n|\n|t:|1732984716\n|switch|p2a: Azelf|Azelf, L82|257/257\n|turn|15\n|inactive|AC primal has 240 seconds left.\n|\n|t:|1732984723\n|move|p2a: Azelf|Fire Blast|p1a: Gallade\n|-damage|p1a: Gallade|10/243\n|-damage|p2a: Azelf|232/257|[from] item: Life Orb\n|move|p1a: Gallade|Night Slash|p2a: Azelf\n|-supereffective|p2a: Azelf\n|-crit|p2a: Azelf\n|-damage|p2a: Azelf|0 fnt\n|faint|p2a: Azelf\n|-damage|p1a: Gallade|0 fnt|[from] item: Life Orb\n|faint|p1a: Gallade\n|\n|win|Pokesci\n", "inputlog": ">version 067d99d4dd9194e554b470e1a506af3cfde21f6c\n>start {\"formatid\":\"gen9randombattle\",\"seed\":[50692,55943,4237,23464]}\n>player p1 {\"name\":\"Pokesci\",\"avatar\":\"ash-kalos\",\"rating\":0,\"seed\":[22370,50352,392,62973]}\n>player p2 {\"name\":\"AC primal\",\"avatar\":\"blue\",\"rating\":0,\"seed\":[36298,53850,35755,58893]}\n>p1 move toxicspikes\n>p2 move bravebird terastallize\n>p1 move sludgebomb terastallize\n>p2 move bravebird\n>p1 switch 2\n>p1 move willowisp\n>p2 move bravebird\n>p1 move hex\n>p2 move bravebird\n>p1 switch 3\n>p1 move ironhead\n>p2 move bravebird\n>p2 switch 6\n>p1 move earthquake\n>p2 move thunder\n>p1 move earthquake\n>p2 move bugbuzz\n>p2 switch 5\n>p1 move suckerpunch\n>p2 move fleurcannon\n>p1 move earthquake\n>p2 move fleurcannon\n>p2 switch 2\n>p1 move earthquake\n>p2 move focusblast\n>p2 switch 3\n>p1 move suckerpunch\n>p2 move wavecrash\n>p1 switch 5\n>p1 move focusblast\n>p2 move wavecrash\n>p1 switch 6\n>p2 move flipturn\n>p2 switch 4\n>p1 move nightslash\n>p2 switch 4\n>p2 switch 4\n>p1 move nightslash\n>p2 move fireblast", "uploadtime": 1732984723, "views": 0, "formatid": "gen9randombattle", "rating": null, "private": 0, "password": null}