{"id": "smogtours-gen9randombattle-808297", "format": "[Gen 9] Random Battle", "players": ["Pokesci", "AC primal"], "log": "|inactive|Battle timer is ON: inactive players will automatically lose when time's up.\n|t:|1732974294\n|gametype|singles\n|player|p1|Pokesci|ash-kalos|\n|player|p2|AC primal|blue|\n|teamsize|p1|6\n|teamsize|p2|6\n|gen|9\n|tier|[Gen 9] Random Battle\n|rule|Species Clause: Limit one of each Pok\u00e9mon\n|rule|HP Percentage Mod: HP is shown in percentages\n|rule|Sleep Clause Mod: Limit one foe put to sleep\n|rule|Illusion Level Mod: Illusion disguises the Pok\u00e9mon's true level\n|\n|t:|1732974294\n|start\n|switch|p1a: Stonjourner|Stonjourner, L91, M|330/330\n|switch|p2a: Piloswine|Piloswine, L85, F|309/309\n|turn|1\n|inactive|Pokesci has 270 seconds left.\n|\n|t:|1732974334\n|switch|p1a: Gothitelle|Gothitelle, L90, M|272/272\n|-terastallize|p2a: Piloswine|Dragon\n|move|p2a: Piloswine|Icicle Crash|p1a: Gothitelle\n|-damage|p1a: Gothitelle|191/272\n|\n|-heal|p1a: Gothitelle|208/272|[from] item: Leftovers\n|upkeep\n|turn|2\n|\n|t:|1732974353\n|-terastallize|p1a: Gothitelle|Fairy\n|move|p1a: Gothitelle|Calm Mind|p1a: Gothitelle\n|-boost|p1a: Gothitelle|spa|1\n|-boost|p1a: Gothitelle|spd|1\n|move|p2a: Piloswine|Earthquake|p1a: Gothitelle\n|-damage|p1a: Gothitelle|112/272\n|\n|-heal|p1a: Gothitelle|129/272|[from] item: Leftovers\n|upkeep\n|turn|3\n|\n|t:|1732974370\n|move|p1a: Gothitelle|Focus Blast|p2a: Piloswine\n|-damage|p2a: Piloswine|190/309\n|move|p2a: Piloswine|Roar|p1a: Gothitelle\n|drag|p1a: Koraidon|Koraidon, L64|235/235\n|-weather|SunnyDay|[from] ability: Orichalcum Pulse|[of] p1a: Koraidon\n|-activate|p1a: Koraidon|Orichalcum Pulse|[source]\n|\n|-weather|SunnyDay|[upkeep]\n|upkeep\n|turn|4\n|\n|t:|1732974382\n|move|p1a: Koraidon|Outrage|p2a: Piloswine\n|-supereffective|p2a: Piloswine\n|-damage|p2a: Piloswine|0 fnt\n|faint|p2a: Piloswine\n|\n|-weather|SunnyDay|[upkeep]\n|upkeep\n|\n|t:|1732974392\n|switch|p2a: Honchkrow|Honchkrow, L86, F|312/312\n|turn|5\n|\n|t:|1732974399\n|move|p1a: Koraidon|Outrage|p2a: Honchkrow|[from]lockedmove\n|-damage|p2a: Honchkrow|18/312\n|-start|p1a: Koraidon|confusion|[fatigue]\n|move|p2a: Honchkrow|Heat Wave|p1a: Koraidon|[miss]\n|-miss|p2a: Honchkrow|p1a: Koraidon\n|\n|-weather|SunnyDay|[upkeep]\n|upkeep\n|turn|6\n|\n|t:|1732974416\n|switch|p1a: Gothitelle|Gothitelle, L90, M, tera:Fairy|129/272\n|switch|p2a: Comfey|Comfey, L85, F|225/225\n|\n|-weather|SunnyDay|[upkeep]\n|-heal|p1a: Gothitelle|146/272|[from] item: Leftovers\n|upkeep\n|turn|7\n|\n|t:|1732974432\n|move|p2a: Comfey|Giga Drain|p1a: Gothitelle\n|-damage|p1a: Gothitelle|105/272\n|move|p1a: Gothitelle|Thunderbolt|p2a: Comfey\n|-damage|p2a: Comfey|168/225\n|\n|-weather|none\n|-heal|p2a: Comfey|182/225|[from] item: Leftovers\n|-heal|p1a: Gothitelle|122/272|[from] item: Leftovers\n|upkeep\n|turn|8\n|inactive|AC primal has 270 seconds left.\n|\n|t:|1732974453\n|move|p2a: Comfey|Draining Kiss|p1a: Gothitelle\n|-damage|p1a: Gothitelle|83/272\n|-heal|p2a: Comfey|211/225|[from] drain|[of] p1a: Gothitelle\n|move|p1a: Gothitelle|Psychic Noise|p2a: Comfey\n|-damage|p2a: Comfey|139/225\n|-start|p2a: Comfey|move: Heal Block\n|\n|-heal|p1a: Gothitelle|100/272|[from] item: Leftovers\n|upkeep\n|turn|9\n|inactive|AC primal has 270 seconds left.\n|\n|t:|1732974472\n|move|p2a: Comfey|Stored Power|p1a: Gothitelle\n|-damage|p1a: Gothitelle|90/272\n|move|p1a: Gothitelle|Calm Mind|p1a: Gothitelle\n|-boost|p1a: Gothitelle|spa|1\n|-boost|p1a: Gothitelle|spd|1\n|\n|-heal|p1a: Gothitelle|107/272|[from] item: Leftovers\n|-end|p2a: Comfey|move: Heal Block\n|upkeep\n|turn|10\n|\n|t:|1732974493\n|move|p2a: Comfey|Giga Drain|p1a: Gothitelle\n|-damage|p1a: Gothitelle|81/272\n|-heal|p2a: Comfey|152/225|[from] drain|[of] p1a: Gothitelle\n|move|p1a: Gothitelle|Psychic Noise|p2a: Comfey\n|-damage|p2a: Comfey|44/225\n|-start|p2a: Comfey|move: Heal Block\n|\n|-heal|p1a: Gothitelle|98/272|[from] item: Leftovers\n|upkeep\n|turn|11\n|\n|t:|1732974506\n|move|p2a: Comfey|Stored Power|p1a: Gothitelle\n|-damage|p1a: Gothitelle|90/272\n|move|p1a: Gothitelle|Psychic Noise|p2a: Comfey\n|-damage|p2a: Comfey|0 fnt\n|faint|p2a: Comfey\n|\n|-heal|p1a: Gothitelle|107/272|[from] item: Leftovers\n|upkeep\n|\n|t:|1732974519\n|switch|p2a: Honchkrow|Honchkrow, L86, F|18/312\n|turn|12\n|\n|t:|1732974527\n|move|p2a: Honchkrow|Heat Wave|p1a: Gothitelle\n|-damage|p1a: Gothitelle|67/272\n|move|p1a: Gothitelle|Thunderbolt|p2a: Honchkrow\n|-supereffective|p2a: Honchkrow\n|-damage|p2a: Honchkrow|0 fnt\n|faint|p2a: Honchkrow\n|\n|-heal|p1a: Gothitelle|84/272|[from] item: Leftovers\n|upkeep\n|\n|t:|1732974539\n|switch|p2a: Reuniclus|Reuniclus, L88, F|337/337\n|turn|13\n|\n|t:|1732974553\n|move|p1a: Gothitelle|Calm Mind|p1a: Gothitelle\n|-boost|p1a: Gothitelle|spa|1\n|-boost|p1a: Gothitelle|spd|1\n|move|p2a: Reuniclus|Psychic|p1a: Gothitelle\n|-damage|p1a: Gothitelle|13/272\n|\n|-heal|p1a: Gothitelle|30/272|[from] item: Leftovers\n|upkeep\n|turn|14\n|\n|t:|1732974563\n|move|p1a: Gothitelle|Thunderbolt|p2a: Reuniclus\n|-damage|p2a: Reuniclus|198/337\n|move|p2a: Reuniclus|Psychic|p1a: Gothitelle\n|-damage|p1a: Gothitelle|0 fnt\n|faint|p1a: Gothitelle\n|\n|upkeep\n|\n|t:|1732974582\n|switch|p1a: Skarmory|Skarmory, L80, M|235/235\n|turn|15\n|inactive|AC primal has 270 seconds left.\n|inactive|Pokesci disconnected and has 300 seconds to reconnect!\n|player|p1|\n|inactive|AC primal disconnected and has 300 seconds to reconnect!\n|player|p2|\n|inactive|Pokesci has 270 seconds to reconnect!\n|inactive|AC primal has 270 seconds to reconnect!\n|inactive|Pokesci has 240 seconds to reconnect!\n|inactive|AC primal has 240 seconds to reconnect!\n|inactive|Pokesci has 210 seconds to reconnect!\n|inactive|AC primal has 210 seconds to reconnect!\n|inactive|Pokesci has 180 seconds to reconnect!\n|inactive|AC primal has 180 seconds to reconnect!\n|inactive|Pokesci has 150 seconds to reconnect!\n|inactive|AC primal has 150 seconds to reconnect!\n|inactive|Pokesci has 120 seconds to reconnect!\n|inactive|AC primal has 120 seconds to reconnect!\n|inactive|Pokesci has 90 seconds to reconnect!\n|inactive|AC primal has 90 seconds to reconnect!\n|inactive|Pokesci has 60 seconds to reconnect!\n|inactive|AC primal has 60 seconds to reconnect!\n|inactive|Pokesci has 30 seconds to reconnect!\n|inactive|AC primal has 30 seconds to reconnect!\n|inactive|Pokesci has 20 seconds to reconnect!\n|inactive|AC primal has 20 seconds to reconnect!\n|inactive|Pokesci has 15 seconds to reconnect!\n|inactive|AC primal has 15 seconds to reconnect!\n|inactive|Pokesci has 10 seconds to reconnect!\n|inactive|AC primal has 10 seconds to reconnect!\n|inactive|Pokesci has 5 seconds to reconnect!\n|inactive|AC primal has 5 seconds to reconnect!\n|-message|All players are inactive.\n|\n|tie\n", "inputlog": ">version 067d99d4dd9194e554b470e1a506af3cfde21f6c\n>start {\"formatid\":\"gen9randombattle\",\"seed\":[59414,36708,44273,266]}\n>player p1 {\"name\":\"Pokesci\",\"avatar\":\"ash-kalos\",\"rating\":0,\"seed\":[42064,1475,47722,23524]}\n>player p2 {\"name\":\"AC primal\",\"avatar\":\"blue\",\"rating\":0,\"seed\":[25713,41529,19850,33184]}\n>p1 switch 3\n>p2 move iciclecrash terastallize\n>p1 move calmmind terastallize\n>p2 move earthquake\n>p1 move focusblast\n>p2 move roar\n>p1 move outrage\n>p2 move roar\n>p2 switch 4\n>p1 move outrage\n>p2 move heatwave\n>p1 switch 5\n>p2 switch 6\n>p1 move thunderbolt\n>p2 move gigadrain\n>p1 move psychicnoise\n>p2 move drainingkiss\n>p1 move calmmind\n>p2 move storedpower\n>p1 move psychicnoise\n>p2 move gigadrain\n>p1 move psychicnoise\n>p2 move storedpower\n>p2 switch 6\n>p1 move thunderbolt\n>p2 move heatwave\n>p2 switch 3\n>p1 move calmmind\n>p2 move psychic\n>p1 move thunderbolt\n>p2 move psychic\n>p1 switch 6\n>forcetie", "uploadtime": 1732974902, "views": 1, "formatid": "gen9randombattle", "rating": null, "private": 0, "password": null}