{"id": "smogtours-gen9randombattle-808334", "format": "[Gen 9] Random Battle", "players": ["AC primal", "Pokesci"], "log": "|inactive|Battle timer is ON: inactive players will automatically lose when time's up.\n|t:|1732984754\n|gametype|singles\n|player|p1|AC primal|blue|\n|player|p2|Pokesci|ash-kalos|\n|teamsize|p1|6\n|teamsize|p2|6\n|gen|9\n|tier|[Gen 9] Random Battle\n|rule|Species Clause: Limit one of each Pok\u00e9mon\n|rule|HP Percentage Mod: HP is shown in percentages\n|rule|Sleep Clause Mod: Limit one foe put to sleep\n|rule|Illusion Level Mod: Illusion disguises the Pok\u00e9mon's true level\n|\n|t:|1732984754\n|start\n|switch|p1a: Ursaluna|Ursaluna, L79, M|335/335\n|switch|p2a: Solgaleo|Solgaleo, L74|325/325\n|turn|1\n|inactive|AC primal has 270 seconds left.\n|inactive|Pokesci has 270 seconds left.\n|c|\u2606Pokesci|Hf\n|inactive|AC primal has 240 seconds left.\n|inactive|AC primal has 210 seconds left.\n|\n|t:|1732984850\n|switch|p2a: Hawlucha|Hawlucha, L80, F|256/256\n|-terastallize|p1a: Ursaluna|Normal\n|move|p1a: Ursaluna|Headlong Rush|p2a: Hawlucha\n|-immune|p2a: Hawlucha\n|\n|-status|p1a: Ursaluna|brn|[from] item: Flame Orb\n|upkeep\n|turn|2\n|inactive|AC primal has 270 seconds left.\n|\n|t:|1732984870\n|-terastallize|p2a: Hawlucha|Fighting\n|move|p2a: Hawlucha|Close Combat|p1a: Ursaluna\n|-supereffective|p1a: Ursaluna\n|-damage|p1a: Ursaluna|75/335 brn\n|-unboost|p2a: Hawlucha|def|1\n|-unboost|p2a: Hawlucha|spd|1\n|-enditem|p2a: Hawlucha|White Herb\n|-clearnegativeboost|p2a: Hawlucha|[silent]\n|move|p1a: Ursaluna|Facade|p2a: Hawlucha\n|-damage|p2a: Hawlucha|0 fnt\n|faint|p2a: Hawlucha\n|\n|-damage|p1a: Ursaluna|55/335 brn|[from] brn\n|upkeep\n|inactive|Pokesci has 270 seconds left.\n|inactive|Pokesci has 240 seconds left.\n|inactive|Pokesci has 210 seconds left.\n|\n|t:|1732984947\n|switch|p2a: Malamar|Malamar, L82, F|275/275\n|turn|3\n|\n|t:|1732984956\n|move|p2a: Malamar|Knock Off|p1a: Ursaluna\n|-damage|p1a: Ursaluna|0 fnt\n|-enditem|p1a: Ursaluna|Flame Orb|[from] move: Knock Off|[of] p2a: Malamar\n|faint|p1a: Ursaluna\n|\n|upkeep\n|inactive|AC primal has 270 seconds left.\n|\n|t:|1732984973\n|switch|p1a: Morpeko|Morpeko, L88, M|245/245\n|turn|4\n|inactive|AC primal has 270 seconds left.\n|inactive|Pokesci has 210 seconds left.\n|\n|t:|1732984996\n|move|p1a: Morpeko|Aura Wheel|p2a: Malamar\n|-damage|p2a: Malamar|145/275\n|-boost|p1a: Morpeko|spe|1\n|move|p2a: Malamar|Superpower|p1a: Morpeko\n|-supereffective|p1a: Morpeko\n|-damage|p1a: Morpeko|59/245\n|-boost|p2a: Malamar|atk|1\n|-boost|p2a: Malamar|def|1\n|\n|-heal|p2a: Malamar|162/275|[from] item: Leftovers\n|-formechange|p1a: Morpeko|Morpeko-Hangry||[from] ability: Hunger Switch\n|upkeep\n|turn|5\n|inactive|AC primal has 270 seconds left.\n|inactive|Pokesci has 210 seconds left.\n|\n|t:|1732985013\n|move|p1a: Morpeko|Protect|p1a: Morpeko\n|-singleturn|p1a: Morpeko|Protect\n|move|p2a: Malamar|Rest|p2a: Malamar\n|-status|p2a: Malamar|slp|[from] move: Rest\n|-heal|p2a: Malamar|275/275 slp|[silent]\n|\n|-formechange|p1a: Morpeko|Morpeko||[from] ability: Hunger Switch\n|upkeep\n|turn|6\n|inactive|AC primal has 270 seconds left.\n|inactive|Pokesci has 210 seconds left.\n|\n|t:|1732985027\n|move|p1a: Morpeko|Aura Wheel|p2a: Malamar\n|-damage|p2a: Malamar|196/275 slp\n|-boost|p1a: Morpeko|spe|1\n|cant|p2a: Malamar|slp\n|move|p2a: Malamar|Sleep Talk|p2a: Malamar\n|move|p2a: Malamar|Knock Off|p1a: Morpeko|[from]move: Sleep Talk\n|-resisted|p1a: Morpeko\n|-damage|p1a: Morpeko|0 fnt\n|-enditem|p1a: Morpeko|Heavy-Duty Boots|[from] move: Knock Off|[of] p2a: Malamar\n|faint|p1a: Morpeko\n|\n|-heal|p2a: Malamar|213/275 slp|[from] item: Leftovers\n|upkeep\n|\n|t:|1732985043\n|switch|p1a: Quagsire|Quagsire, L84, M|297/297\n|turn|7\n|inactive|Pokesci has 210 seconds left.\n|inactive|Pokesci has 180 seconds left.\n|\n|t:|1732985084\n|switch|p2a: Zangoose|Zangoose, L85, F|263/263\n|move|p1a: Quagsire|Ice Beam|p2a: Zangoose\n|-damage|p2a: Zangoose|199/263\n|\n|-status|p2a: Zangoose|tox|[from] item: Toxic Orb\n|upkeep\n|turn|8\n|inactive|Pokesci has 180 seconds left.\n|\n|t:|1732985114\n|move|p2a: Zangoose|Facade|p1a: Quagsire\n|-damage|p1a: Quagsire|26/297\n|move|p1a: Quagsire|Ice Beam|p2a: Zangoose\n|-damage|p2a: Zangoose|137/263 tox\n|\n|-heal|p1a: Quagsire|44/297|[from] item: Leftovers\n|-damage|p2a: Zangoose|121/263 tox|[from] psn\n|upkeep\n|turn|9\n|inactive|Pokesci has 150 seconds left.\n|\n|t:|1732985142\n|move|p2a: Zangoose|Facade|p1a: Quagsire\n|-damage|p1a: Quagsire|0 fnt\n|faint|p1a: Quagsire\n|\n|-damage|p2a: Zangoose|89/263 tox|[from] psn\n|upkeep\n|\n|t:|1732985153\n|switch|p1a: Volcarona|Volcarona, L77, F|257/257\n|turn|10\n|inactive|Pokesci has 150 seconds left.\n|\n|t:|1732985175\n|move|p2a: Zangoose|Facade|p1a: Volcarona\n|-damage|p1a: Volcarona|0 fnt\n|faint|p1a: Volcarona\n|\n|-damage|p2a: Zangoose|41/263 tox|[from] psn\n|upkeep\n|\n|t:|1732985182\n|switch|p1a: Heatran|Heatran, L79, M|273/273\n|-item|p1a: Heatran|Air Balloon\n|turn|11\n|\n|t:|1732985192\n|move|p2a: Zangoose|Facade|p1a: Heatran\n|-resisted|p1a: Heatran\n|-damage|p1a: Heatran|153/273\n|-enditem|p1a: Heatran|Air Balloon\n|move|p1a: Heatran|Earth Power|p2a: Zangoose\n|-damage|p2a: Zangoose|0 fnt\n|faint|p2a: Zangoose\n|\n|upkeep\n|inactive|Pokesci has 150 seconds left.\n|\n|t:|1732985211\n|switch|p2a: Primarina|Primarina, L83, M|268/268\n|turn|12\n|inactive|Pokesci has 150 seconds left.\n|\n|t:|1732985222\n|move|p1a: Heatran|Earth Power|p2a: Primarina\n|-damage|p2a: Primarina|213/268\n|move|p2a: Primarina|Moonblast|p1a: Heatran\n|-resisted|p1a: Heatran\n|-damage|p1a: Heatran|114/273\n|\n|upkeep\n|turn|13\n|inactive|Pokesci has 150 seconds left.\n|\n|t:|1732985234\n|switch|p2a: Solgaleo|Solgaleo, L74|325/325\n|move|p1a: Heatran|Flash Cannon|p2a: Solgaleo\n|-resisted|p2a: Solgaleo\n|-damage|p2a: Solgaleo|277/325\n|\n|-heal|p2a: Solgaleo|297/325|[from] item: Leftovers\n|upkeep\n|turn|14\n|inactive|Pokesci has 150 seconds left.\n|\n|t:|1732985248\n|move|p2a: Solgaleo|Flare Blitz|p1a: Heatran\n|-start|p1a: Heatran|ability: Flash Fire\n|move|p1a: Heatran|Lava Plume|p2a: Solgaleo\n|-supereffective|p2a: Solgaleo\n|-damage|p2a: Solgaleo|0 fnt\n|faint|p2a: Solgaleo\n|\n|upkeep\n|inactive|Pokesci has 150 seconds left.\n|\n|t:|1732985258\n|switch|p2a: Primarina|Primarina, L83, M|213/268\n|turn|15\n|inactive|Pokesci has 150 seconds left.\n|\n|t:|1732985264\n|move|p1a: Heatran|Flash Cannon|p2a: Primarina\n|-damage|p2a: Primarina|135/268\n|move|p2a: Primarina|Hydro Pump|p1a: Heatran\n|-supereffective|p1a: Heatran\n|-damage|p1a: Heatran|0 fnt\n|faint|p1a: Heatran\n|\n|upkeep\n|\n|t:|1732985273\n|switch|p1a: Zekrom|Zekrom, L71|259/259\n|-ability|p1a: Zekrom|Teravolt\n|turn|16\n|\n|t:|1732985280\n|switch|p2a: Iron Thorns|Iron Thorns, L83|302/302\n|move|p1a: Zekrom|Bolt Strike|p2a: Iron Thorns\n|-resisted|p2a: Iron Thorns\n|-damage|p2a: Iron Thorns|239/302\n|\n|upkeep\n|turn|17\n|\n|t:|1732985290\n|move|p2a: Iron Thorns|Ice Punch|p1a: Zekrom\n|-supereffective|p1a: Zekrom\n|-damage|p1a: Zekrom|143/259\n|move|p1a: Zekrom|Outrage|p2a: Iron Thorns\n|-damage|p2a: Iron Thorns|137/302\n|\n|-heal|p1a: Zekrom|159/259|[from] item: Leftovers\n|upkeep\n|turn|18\n|\n|t:|1732985301\n|move|p2a: Iron Thorns|Ice Punch|p1a: Zekrom\n|-supereffective|p1a: Zekrom\n|-damage|p1a: Zekrom|41/259\n|move|p1a: Zekrom|Outrage|p2a: Iron Thorns|[from]lockedmove\n|-damage|p2a: Iron Thorns|29/302\n|-start|p1a: Zekrom|confusion|[fatigue]\n|\n|-heal|p1a: Zekrom|57/259|[from] item: Leftovers\n|upkeep\n|turn|19\n|\n|t:|1732985314\n|move|p2a: Iron Thorns|Ice Punch|p1a: Zekrom\n|-supereffective|p1a: Zekrom\n|-damage|p1a: Zekrom|0 fnt\n|faint|p1a: Zekrom\n|\n|win|Pokesci\n", "inputlog": ">version 067d99d4dd9194e554b470e1a506af3cfde21f6c\n>start {\"formatid\":\"gen9randombattle\",\"seed\":[13538,40797,24614,47543]}\n>player p1 {\"name\":\"AC primal\",\"avatar\":\"blue\",\"rating\":0,\"seed\":[14739,27136,22712,29951]}\n>player p2 {\"name\":\"Pokesci\",\"avatar\":\"ash-kalos\",\"rating\":0,\"seed\":[38362,23801,27944,53796]}\n>chat \u2606Pokesci|Hf\n>p1 move headlongrush terastallize\n>p2 switch 4\n>p1 move facade\n>p2 move closecombat terastallize\n>p2 switch 2\n>p1 move facade\n>p2 move knockoff\n>p1 switch 4\n>p1 move aurawheel\n>p2 move superpower\n>p1 move protect\n>p2 move rest\n>p1 move aurawheel\n>p2 move sleeptalk\n>p1 switch 6\n>p1 move icebeam\n>p2 switch 6\n>p1 move icebeam\n>p2 move facade\n>p1 move earthquake\n>p2 move facade\n>p1 switch 5\n>p1 move fireblast\n>p2 move facade\n>p1 switch 2\n>p1 move earthpower\n>p2 move facade\n>p2 switch 3\n>p1 move earthpower\n>p2 move moonblast\n>p1 move flashcannon\n>p2 switch 4\n>p1 move lavaplume\n>p2 move flareblitz\n>p2 switch 4\n>p1 move flashcannon\n>p2 move hydropump\n>p1 switch 3\n>p1 move boltstrike\n>p2 switch 5\n>p1 move outrage\n>p2 move icepunch\n>p1 move outrage\n>p2 move icepunch\n>p1 move boltstrike\n>p2 move icepunch", "uploadtime": 1732985314, "views": 0, "formatid": "gen9randombattle", "rating": null, "private": 0, "password": null}