{"id": "gen9randombattle-2260508717", "format": "[Gen 9] Random Battle", "players": ["Axtell", "Oscarus4250"], "log": "|j|\u2606Axtell\n|j|\u2606Oscarus4250\n|t:|1733858427\n|gametype|singles\n|player|p1|Axtell|cynthia|1684\n|player|p2|Oscarus4250|veteran|1636\n|teamsize|p1|6\n|teamsize|p2|6\n|gen|9\n|tier|[Gen 9] Random Battle\n|rated|\n|rule|Species Clause: Limit one of each Pok\u00e9mon\n|rule|HP Percentage Mod: HP is shown in percentages\n|rule|Sleep Clause Mod: Limit one foe put to sleep\n|rule|Illusion Level Mod: Illusion disguises the Pok\u00e9mon's true level\n|\n|t:|1733858427\n|start\n|switch|p1a: Shiftry|Shiftry, L89, M|305/305\n|switch|p2a: Hydreigon|Hydreigon, L79, M|275/275\n|turn|1\n|inactive|Battle timer is ON: inactive players will automatically lose when time's up. (requested by Oscarus4250)\n|\n|t:|1733858438\n|switch|p1a: Enamorus|Enamorus-Therian, L83, F|259/259\n|move|p2a: Hydreigon|Fire Blast|p1a: Enamorus\n|-damage|p1a: Enamorus|184/259\n|\n|upkeep\n|turn|2\n|\n|t:|1733858452\n|switch|p2a: Misdreavus|Misdreavus, L90, M|254/254\n|move|p1a: Enamorus|Mystical Fire|p2a: Misdreavus\n|-damage|p2a: Misdreavus|186/254\n|-unboost|p2a: Misdreavus|spa|1\n|\n|upkeep\n|turn|3\n|\n|t:|1733858457\n|move|p2a: Misdreavus|Will-O-Wisp|p1a: Enamorus\n|-status|p1a: Enamorus|brn\n|move|p1a: Enamorus|Mystical Fire|p2a: Misdreavus\n|-damage|p2a: Misdreavus|116/254\n|-unboost|p2a: Misdreavus|spa|1\n|\n|-damage|p1a: Enamorus|168/259 brn|[from] brn\n|upkeep\n|turn|4\n|\n|t:|1733858476\n|switch|p2a: Gastrodon|Gastrodon-East, L86, F|331/331\n|move|p1a: Enamorus|Mystical Fire|p2a: Gastrodon\n|-resisted|p2a: Gastrodon\n|-damage|p2a: Gastrodon|282/331\n|-unboost|p2a: Gastrodon|spa|1\n|\n|-heal|p2a: Gastrodon|302/331|[from] item: Leftovers\n|-damage|p1a: Enamorus|152/259 brn|[from] brn\n|upkeep\n|turn|5\n|\n|t:|1733858481\n|switch|p1a: Shiftry|Shiftry, L89, M|305/305\n|move|p2a: Gastrodon|Stealth Rock|p1a: Shiftry\n|-sidestart|p1: Axtell|move: Stealth Rock\n|\n|-heal|p2a: Gastrodon|322/331|[from] item: Leftovers\n|upkeep\n|turn|6\n|\n|t:|1733858486\n|move|p1a: Shiftry|Defog|p2a: Gastrodon\n|-unboost|p2a: Gastrodon|evasion|1\n|-sideend|p1: Axtell|Stealth Rock|[from] move: Defog|[of] p1a: Shiftry\n|move|p2a: Gastrodon|Sludge Bomb|p1a: Shiftry\n|-supereffective|p1a: Shiftry\n|-damage|p1a: Shiftry|197/305\n|-status|p1a: Shiftry|psn\n|\n|-heal|p2a: Gastrodon|331/331|[from] item: Leftovers\n|-damage|p1a: Shiftry|159/305 psn|[from] psn\n|upkeep\n|turn|7\n|\n|t:|1733858494\n|switch|p2a: Hydreigon|Hydreigon, L79, M|275/275\n|move|p1a: Shiftry|Knock Off|p2a: Hydreigon\n|-resisted|p2a: Hydreigon\n|-damage|p2a: Hydreigon|216/275\n|-enditem|p2a: Hydreigon|Choice Scarf|[from] move: Knock Off|[of] p1a: Shiftry\n|\n|-damage|p1a: Shiftry|121/305 psn|[from] psn\n|upkeep\n|turn|8\n|\n|t:|1733858498\n|switch|p1a: Enamorus|Enamorus-Therian, L83, F|152/259 brn\n|move|p2a: Hydreigon|Flash Cannon|p1a: Enamorus\n|-supereffective|p1a: Enamorus\n|-damage|p1a: Enamorus|44/259 brn\n|\n|-damage|p1a: Enamorus|28/259 brn|[from] brn\n|upkeep\n|turn|9\n|\n|t:|1733858504\n|move|p2a: Hydreigon|Dark Pulse|p1a: Enamorus\n|-resisted|p1a: Enamorus\n|-damage|p1a: Enamorus|0 fnt\n|faint|p1a: Enamorus\n|\n|upkeep\n|\n|t:|1733858510\n|switch|p1a: Froslass|Froslass, L87, F|263/263\n|turn|10\n|\n|t:|1733858525\n|switch|p2a: Gastrodon|Gastrodon-East, L86, F|331/331\n|move|p1a: Froslass|Triple Axel|p2a: Gastrodon\n|-damage|p2a: Gastrodon|307/331\n|-damage|p2a: Gastrodon|262/331\n|-damage|p2a: Gastrodon|198/331\n|-hitcount|p2a: Gastrodon|3\n|\n|-heal|p2a: Gastrodon|218/331|[from] item: Leftovers\n|upkeep\n|turn|11\n|\n|t:|1733858530\n|move|p1a: Froslass|Taunt|p2a: Gastrodon\n|-start|p2a: Gastrodon|move: Taunt\n|move|p2a: Gastrodon|Sludge Bomb|p1a: Froslass\n|-resisted|p1a: Froslass\n|-damage|p1a: Froslass|228/263\n|\n|-heal|p2a: Gastrodon|238/331|[from] item: Leftovers\n|upkeep\n|turn|12\n|\n|t:|1733858537\n|move|p1a: Froslass|Triple Axel|p2a: Gastrodon\n|-damage|p2a: Gastrodon|214/331\n|-damage|p2a: Gastrodon|166/331\n|-damage|p2a: Gastrodon|90/331\n|-hitcount|p2a: Gastrodon|3\n|move|p2a: Gastrodon|Earthquake|p1a: Froslass\n|-damage|p1a: Froslass|125/263\n|\n|-heal|p2a: Gastrodon|110/331|[from] item: Leftovers\n|upkeep\n|turn|13\n|\n|t:|1733858542\n|move|p1a: Froslass|Poltergeist|p2a: Gastrodon\n|-activate|p2a: Gastrodon|move: Poltergeist|Leftovers\n|-damage|p2a: Gastrodon|0 fnt\n|faint|p2a: Gastrodon\n|\n|upkeep\n|\n|t:|1733858560\n|switch|p2a: Mamoswine|Mamoswine, L81, F|311/311\n|turn|14\n|\n|t:|1733858564\n|move|p1a: Froslass|Spikes|p2a: Mamoswine\n|-sidestart|p2: Oscarus4250|Spikes\n|move|p2a: Mamoswine|Knock Off|p1a: Froslass\n|-supereffective|p1a: Froslass\n|-damage|p1a: Froslass|0 fnt\n|-enditem|p1a: Froslass|Wide Lens|[from] move: Knock Off|[of] p2a: Mamoswine\n|faint|p1a: Froslass\n|\n|upkeep\n|\n|t:|1733858566\n|switch|p1a: Shiftry|Shiftry, L89, M|121/305 psn\n|turn|15\n|\n|t:|1733858587\n|switch|p2a: Misdreavus|Misdreavus, L90, M|116/254\n|move|p1a: Shiftry|Leaf Storm|p2a: Misdreavus\n|-damage|p2a: Misdreavus|31/254\n|-unboost|p1a: Shiftry|spa|2\n|\n|-damage|p1a: Shiftry|83/305 psn|[from] psn\n|upkeep\n|turn|16\n|\n|t:|1733858591\n|move|p2a: Misdreavus|Draining Kiss|p1a: Shiftry\n|-supereffective|p1a: Shiftry\n|-damage|p1a: Shiftry|0 fnt\n|-heal|p2a: Misdreavus|93/254|[from] drain|[of] p1a: Shiftry\n|faint|p1a: Shiftry\n|\n|upkeep\n|\n|t:|1733858595\n|switch|p1a: Haxorus|Haxorus, L77, M|244/244\n|-ability|p1a: Haxorus|Mold Breaker\n|turn|17\n|\n|t:|1733858601\n|-terastallize|p1a: Haxorus|Steel\n|move|p2a: Misdreavus|Will-O-Wisp|p1a: Haxorus\n|-status|p1a: Haxorus|brn\n|-enditem|p1a: Haxorus|Lum Berry|[eat]\n|-curestatus|p1a: Haxorus|brn|[msg]\n|move|p1a: Haxorus|Dragon Dance|p1a: Haxorus\n|-boost|p1a: Haxorus|atk|1\n|-boost|p1a: Haxorus|spe|1\n|\n|upkeep\n|turn|18\n|\n|t:|1733858611\n|move|p1a: Haxorus|Iron Head|p2a: Misdreavus\n|-damage|p2a: Misdreavus|0 fnt\n|faint|p2a: Misdreavus\n|\n|upkeep\n|\n|t:|1733858620\n|switch|p2a: Hydreigon|Hydreigon, L79, M|216/275\n|turn|19\n|\n|t:|1733858632\n|switch|p1a: Luxray|Luxray, L88, F|284/284\n|-ability|p1a: Luxray|Intimidate|boost\n|-unboost|p2a: Hydreigon|atk|1\n|-terastallize|p2a: Hydreigon|Steel\n|move|p2a: Hydreigon|Fire Blast|p1a: Luxray\n|-damage|p1a: Luxray|229/284\n|\n|upkeep\n|turn|20\n|\n|t:|1733858647\n|switch|p2a: Iron Leaves|Iron Leaves, L80|275/275\n|-damage|p2a: Iron Leaves|241/275|[from] Spikes\n|move|p1a: Luxray|Play Rough|p2a: Iron Leaves\n|-damage|p2a: Iron Leaves|156/275\n|\n|upkeep\n|turn|21\n|\n|t:|1733858660\n|move|p2a: Iron Leaves|Close Combat|p1a: Luxray\n|-damage|p1a: Luxray|82/284\n|-unboost|p2a: Iron Leaves|def|1\n|-unboost|p2a: Iron Leaves|spd|1\n|move|p1a: Luxray|Ice Fang|p2a: Iron Leaves\n|-supereffective|p2a: Iron Leaves\n|-damage|p2a: Iron Leaves|0 fnt\n|faint|p2a: Iron Leaves\n|-end|p2a: Iron Leaves|Quark Drive|[silent]\n|\n|upkeep\n|\n|t:|1733858665\n|switch|p2a: Latias|Latias, L79, F|256/256\n|turn|22\n|\n|t:|1733858670\n|move|p2a: Latias|Psyshock|p1a: Luxray\n|-damage|p1a: Luxray|0 fnt\n|faint|p1a: Luxray\n|\n|upkeep\n|\n|t:|1733858678\n|switch|p1a: Haxorus|Haxorus, L77, M, tera:Steel|244/244\n|-ability|p1a: Haxorus|Mold Breaker\n|turn|23\n|\n|t:|1733858685\n|move|p2a: Latias|Draco Meteor|p1a: Haxorus\n|-resisted|p1a: Haxorus\n|-damage|p1a: Haxorus|140/244\n|-unboost|p2a: Latias|spa|2\n|move|p1a: Haxorus|Dragon Dance|p1a: Haxorus\n|-boost|p1a: Haxorus|atk|1\n|-boost|p1a: Haxorus|spe|1\n|\n|upkeep\n|turn|24\n|\n|t:|1733858688\n|move|p1a: Haxorus|Dragon Dance|p1a: Haxorus\n|-boost|p1a: Haxorus|atk|1\n|-boost|p1a: Haxorus|spe|1\n|move|p2a: Latias|Calm Mind|p2a: Latias\n|-boost|p2a: Latias|spa|1\n|-boost|p2a: Latias|spd|1\n|\n|upkeep\n|turn|25\n|\n|t:|1733858691\n|move|p1a: Haxorus|Dragon Dance|p1a: Haxorus\n|-boost|p1a: Haxorus|atk|1\n|-boost|p1a: Haxorus|spe|1\n|move|p2a: Latias|Draco Meteor|p1a: Haxorus\n|-resisted|p1a: Haxorus\n|-damage|p1a: Haxorus|71/244\n|-unboost|p2a: Latias|spa|2\n|\n|upkeep\n|turn|26\n|\n|t:|1733858698\n|move|p1a: Haxorus|Outrage|p2a: Latias\n|-supereffective|p2a: Latias\n|-damage|p2a: Latias|0 fnt\n|faint|p2a: Latias\n|\n|upkeep\n|\n|t:|1733858701\n|switch|p2a: Mamoswine|Mamoswine, L81, F|311/311\n|-damage|p2a: Mamoswine|273/311|[from] Spikes\n|turn|27\n|\n|t:|1733858705\n|move|p2a: Mamoswine|Ice Shard|p1a: Haxorus\n|-resisted|p1a: Haxorus\n|-damage|p1a: Haxorus|28/244\n|move|p1a: Haxorus|Outrage|p2a: Mamoswine|[from]lockedmove\n|-damage|p2a: Mamoswine|0 fnt\n|faint|p2a: Mamoswine\n|-start|p1a: Haxorus|confusion|[fatigue]\n|\n|upkeep\n|\n|t:|1733858708\n|switch|p2a: Hydreigon|Hydreigon, L79, M, tera:Steel|216/275\n|turn|28\n|\n|t:|1733858711\n|-activate|p1a: Haxorus|confusion\n|move|p1a: Haxorus|Outrage|p2a: Hydreigon\n|-resisted|p2a: Hydreigon\n|-damage|p2a: Hydreigon|25/275\n|move|p2a: Hydreigon|Dark Pulse|p1a: Haxorus\n|-damage|p1a: Haxorus|0 fnt\n|faint|p1a: Haxorus\n|\n|upkeep\n|\n|t:|1733858714\n|switch|p1a: Baxcalibur|Baxcalibur, L75, M|295/295\n|turn|29\n|\n|t:|1733858719\n|move|p1a: Baxcalibur|Ice Shard|p2a: Hydreigon\n|-resisted|p2a: Hydreigon\n|-damage|p2a: Hydreigon|0 fnt\n|faint|p2a: Hydreigon\n|\n|win|Axtell\n|raw|Axtell's rating: 1684 &rarr; <strong>1702</strong><br />(+18 for winning)\n|raw|Oscarus4250's rating: 1656 &rarr; <strong>1638</strong><br />(-18 for losing)\n|l|\u2606Oscarus4250\n|player|p2|\n", "inputlog": ">version bfd83cad13791eb5a5a409923076391caf6fb4d4\n>start {\"formatid\":\"gen9randombattle\",\"seed\":[39719,6923,13718,42948],\"rated\":\"Rated battle\"}\n>player p1 {\"name\":\"Axtell\",\"avatar\":\"cynthia\",\"rating\":1684,\"seed\":[57157,21794,43797,14281]}\n>player p2 {\"name\":\"Oscarus4250\",\"avatar\":\"veteran\",\"rating\":1636,\"seed\":[11771,12961,39642,5696]}\n>p1 switch 3\n>p2 move fireblast\n>p1 move mysticalfire\n>p2 switch 3\n>p1 move mysticalfire\n>p2 move willowisp\n>p1 move mysticalfire\n>p2 switch 5\n>p1 switch 3\n>p2 move stealthrock\n>p1 move defog\n>p2 move sludgebomb\n>p1 move knockoff\n>p2 switch 3\n>p1 switch 3\n>p2 move flashcannon\n>p1 move moonblast\n>p2 move darkpulse\n>p1 switch 4\n>p1 move tripleaxel\n>p2 switch 3\n>p1 move taunt\n>p2 move sludgebomb\n>p1 move tripleaxel\n>p2 move earthquake\n>p1 move poltergeist\n>p2 move sludgebomb\n>p2 switch 6\n>p1 move spikes\n>p2 move knockoff\n>p1 switch 3\n>p1 move leafstorm\n>p2 switch 5\n>p1 move knockoff\n>p2 move drainingkiss\n>p1 switch 5\n>p1 move dragondance terastallize\n>p2 move willowisp\n>p1 move ironhead\n>p2 move willowisp\n>p2 switch 3\n>p1 switch 6\n>p2 move fireblast terastallize\n>p1 move playrough\n>p2 switch 2\n>p1 move icefang\n>p2 move closecombat\n>p2 switch 4\n>p1 move playrough\n>p2 move psyshock\n>p1 switch 6\n>p1 move dragondance\n>p2 move dracometeor\n>p1 move dragondance\n>p2 move calmmind\n>p1 move dragondance\n>p2 move dracometeor\n>p1 move outrage\n>p2 move dracometeor\n>p2 switch 5\n>p1 move outrage\n>p2 move iceshard\n>p2 switch 2\n>p1 move outrage\n>p2 move darkpulse\n>p1 switch 2\n>p1 move iceshard\n>p2 move dracometeor", "uploadtime": 1733858724, "views": 10, "formatid": "gen9randombattle", "rating": 1638, "private": 0, "password": null}