{"id": "gen9randombattle-2113750211", "format": "[Gen 9] Random Battle", "players": ["raysbradbury", "freezai"], "log": "|badge|p1|gold|gen9randombattle|3-1\n|html|<div class=\"broadcast-red\"><strong>This battle is required to be public due to one or more player having a season medal.</strong><br />During the public phase, you can discuss the state of the ladder <a href=\"/seasondiscussion\">in a special chatroom.</a></div>\n|uhtml|medal-msg|<div class=\"broadcast-blue\">Curious what those medals under the avatar are? PS now has Ladder Seasons! For more information, check out the <a href=\"https://www.smogon.com/forums/threads/3740067/\">thread on Smogon.</a></div>\n|badge|p2|silver|gen9randombattle|30-1\n|uhtml|medal-msg|<div class=\"broadcast-blue\">Curious what those medals under the avatar are? PS now has Ladder Seasons! For more information, check out the <a href=\"https://www.smogon.com/forums/threads/3740067/\">thread on Smogon.</a></div>\n|raw|<div class=\"broadcast-blue\"><strong>This battle is required to be public due to a player having a name starting with 'medal'.</div>\n|j|\u2606raysbradbury\n|j|\u2606freezai\n|t:|1714359247\n|gametype|singles\n|player|p1|raysbradbury|marley|2490\n|player|p2|freezai|#scl1breakers|2509\n|teamsize|p1|6\n|teamsize|p2|6\n|gen|9\n|tier|[Gen 9] Random Battle\n|rated|\n|rule|Species Clause: Limit one of each Pok\u00e9mon\n|rule|HP Percentage Mod: HP is shown in percentages\n|rule|Sleep Clause Mod: Limit one foe put to sleep\n|rule|Illusion Level Mod: Illusion disguises the Pok\u00e9mon's true level\n|\n|t:|1714359247\n|start\n|switch|p1a: Glastrier|Glastrier, L86|312/312\n|switch|p2a: Muk|Muk-Alola, L82, M|306/306\n|turn|1\n|inactive|Battle timer is ON: inactive players will automatically lose when time's up. (requested by freezai)\n|inactive|raysbradbury also wants the timer to be on.\n|j| Node15\n|c|\u2606raysbradbury|The tournament was fun!\n|c|\u2606freezai|:fire:\n|c|\u2606raysbradbury|Glad it happened\n|inactive|freezai has 120 seconds left.\n|\n|t:|1714359278\n|switch|p2a: Misdreavus|Misdreavus, L90, M|254/254\n|move|p1a: Glastrier|High Horsepower|p2a: Misdreavus\n|-immune|p2a: Misdreavus|[from] ability: Levitate\n|\n|upkeep\n|turn|2\n|\n|t:|1714359286\n|switch|p2a: Muk|Muk-Alola, L82, M|306/306\n|switch|p1a: Perrserker|Perrserker, L89, M|269/269\n|\n|upkeep\n|turn|3\n|\n|t:|1714359296\n|switch|p2a: Vileplume|Vileplume, L86, M|269/269\n|move|p1a: Perrserker|Iron Head|p2a: Vileplume\n|-damage|p2a: Vileplume|70/269\n|-status|p1a: Perrserker|slp|[from] ability: Effect Spore|[of] p2a: Vileplume\n|\n|-heal|p2a: Vileplume|86/269|[from] item: Leftovers\n|upkeep\n|turn|4\n|\n|t:|1714359303\n|switch|p1a: Rotom|Rotom-Fan, L86|226/226\n|move|p2a: Vileplume|Strength Sap|p1a: Rotom\n|-unboost|p1a: Rotom|atk|1\n|-heal|p2a: Vileplume|202/269\n|\n|-heal|p2a: Vileplume|218/269|[from] item: Leftovers\n|upkeep\n|turn|5\n|\n|t:|1714359313\n|switch|p2a: Morpeko|Morpeko, L88, F|245/245\n|move|p1a: Rotom|Nasty Plot|p1a: Rotom\n|-boost|p1a: Rotom|spa|2\n|\n|-formechange|p2a: Morpeko|Morpeko-Hangry||[from] ability: Hunger Switch\n|upkeep\n|turn|6\n|\n|t:|1714359321\n|move|p2a: Morpeko|Aura Wheel|p1a: Rotom\n|-damage|p1a: Rotom|117/226\n|-boost|p2a: Morpeko|spe|1\n|move|p1a: Rotom|Will-O-Wisp|p2a: Morpeko|[miss]\n|-miss|p1a: Rotom|p2a: Morpeko\n|\n|-formechange|p2a: Morpeko|Morpeko||[from] ability: Hunger Switch\n|upkeep\n|turn|7\n|inactive|freezai has 120 seconds left.\n|inactive|freezai has 90 seconds left.\n|j| Arpeggiate\n|\n|t:|1714359387\n|move|p2a: Morpeko|Aura Wheel|p1a: Rotom\n|-damage|p1a: Rotom|20/226\n|-boost|p2a: Morpeko|spe|1\n|move|p1a: Rotom|Will-O-Wisp|p2a: Morpeko\n|-status|p2a: Morpeko|brn\n|\n|-damage|p2a: Morpeko|230/245 brn|[from] brn\n|-formechange|p2a: Morpeko|Morpeko-Hangry||[from] ability: Hunger Switch\n|upkeep\n|turn|8\n|inactive|freezai has 90 seconds left.\n|\n|t:|1714359393\n|switch|p1a: Whimsicott|Whimsicott, L86, M|243/243\n|move|p2a: Morpeko|Knock Off|p1a: Whimsicott\n|-resisted|p1a: Whimsicott\n|-damage|p1a: Whimsicott|216/243\n|-enditem|p1a: Whimsicott|Heavy-Duty Boots|[from] move: Knock Off|[of] p2a: Morpeko\n|\n|-heal|p2a: Morpeko|245/245 brn|[from] item: Leftovers\n|-damage|p2a: Morpeko|230/245 brn|[from] brn\n|-formechange|p2a: Morpeko|Morpeko||[from] ability: Hunger Switch\n|upkeep\n|turn|9\n|inactive|freezai has 90 seconds left.\n|\n|t:|1714359403\n|switch|p2a: Vileplume|Vileplume, L86, M|218/269\n|move|p1a: Whimsicott|U-turn|p2a: Vileplume\n|-damage|p2a: Vileplume|179/269\n|\n|t:|1714359406\n|switch|p1a: Torkoal|Torkoal, L88, F|266/266|[from] U-turn\n|-weather|SunnyDay|[from] ability: Drought|[of] p1a: Torkoal\n|\n|-weather|SunnyDay|[upkeep]\n|-heal|p2a: Vileplume|195/269|[from] item: Leftovers\n|upkeep\n|turn|10\n|inactive|freezai has 90 seconds left.\n|\n|t:|1714359435\n|switch|p2a: Muk|Muk-Alola, L82, M|306/306\n|move|p1a: Torkoal|Lava Plume|p2a: Muk\n|-crit|p2a: Muk\n|-damage|p2a: Muk|195/306\n|\n|-weather|SunnyDay|[upkeep]\n|upkeep\n|turn|11\n|\n|t:|1714359442\n|move|p2a: Muk|Knock Off|p1a: Torkoal\n|-damage|p1a: Torkoal|200/266\n|-enditem|p1a: Torkoal|Heavy-Duty Boots|[from] move: Knock Off|[of] p2a: Muk\n|move|p1a: Torkoal|Earthquake|p2a: Muk\n|-supereffective|p2a: Muk\n|-crit|p2a: Muk\n|-damage|p2a: Muk|0 fnt\n|faint|p2a: Muk\n|\n|-weather|SunnyDay|[upkeep]\n|upkeep\n|inactive|freezai has 90 seconds left.\n|\n|t:|1714359449\n|switch|p2a: Iron Thorns|Iron Thorns, L83|302/302\n|-enditem|p2a: Iron Thorns|Booster Energy\n|-activate|p2a: Iron Thorns|ability: Quark Drive|[fromitem]\n|-start|p2a: Iron Thorns|quarkdriveatk\n|turn|12\n|\n|t:|1714359454\n|move|p2a: Iron Thorns|Stone Edge|p1a: Torkoal\n|-supereffective|p1a: Torkoal\n|-damage|p1a: Torkoal|0 fnt\n|faint|p1a: Torkoal\n|\n|-weather|SunnyDay|[upkeep]\n|upkeep\n|\n|t:|1714359464\n|switch|p1a: Whimsicott|Whimsicott, L86, M|216/243\n|turn|13\n|\n|t:|1714359478\n|move|p1a: Whimsicott|Taunt|p2a: Iron Thorns\n|-start|p2a: Iron Thorns|move: Taunt\n|move|p2a: Iron Thorns|Stone Edge|p1a: Whimsicott\n|-damage|p1a: Whimsicott|41/243\n|\n|-weather|none\n|upkeep\n|turn|14\n|\n|t:|1714359486\n|move|p1a: Whimsicott|Giga Drain|p2a: Iron Thorns\n|-supereffective|p2a: Iron Thorns\n|-damage|p2a: Iron Thorns|140/302\n|-heal|p1a: Whimsicott|122/243|[from] drain|[of] p2a: Iron Thorns\n|move|p2a: Iron Thorns|Wild Charge|p1a: Whimsicott\n|-resisted|p1a: Whimsicott\n|-crit|p1a: Whimsicott\n|-damage|p1a: Whimsicott|0 fnt\n|faint|p1a: Whimsicott\n|-damage|p2a: Iron Thorns|109/302|[from] Recoil\n|\n|upkeep\n|\n|t:|1714359498\n|switch|p1a: Arceus|Arceus, L69|280/280\n|turn|15\n|inactive|freezai has 120 seconds left.\n|\n|t:|1714359510\n|move|p1a: Arceus|Swords Dance|p1a: Arceus\n|-boost|p1a: Arceus|atk|2\n|move|p2a: Iron Thorns|Stone Edge|p1a: Arceus\n|-damage|p1a: Arceus|109/280\n|\n|-end|p2a: Iron Thorns|move: Taunt\n|upkeep\n|turn|16\n|inactive|freezai has 120 seconds left.\n|\n|t:|1714359524\n|move|p1a: Arceus|Earthquake|p2a: Iron Thorns\n|-supereffective|p2a: Iron Thorns\n|-damage|p2a: Iron Thorns|0 fnt\n|faint|p2a: Iron Thorns\n|-end|p2a: Iron Thorns|Quark Drive|[silent]\n|-damage|p1a: Arceus|81/280|[from] item: Life Orb\n|\n|upkeep\n|\n|t:|1714359538\n|switch|p2a: Wigglytuff|Wigglytuff, L96, M|424/424\n|turn|17\n|inactive|raysbradbury has 120 seconds left.\n|\n|t:|1714359580\n|move|p1a: Arceus|Extreme Speed|p2a: Wigglytuff\n|-damage|p2a: Wigglytuff|185/424\n|-damage|p1a: Arceus|53/280|[from] item: Life Orb\n|move|p2a: Wigglytuff|Dazzling Gleam|p1a: Arceus\n|-damage|p1a: Arceus|0 fnt\n|faint|p1a: Arceus\n|\n|-heal|p2a: Wigglytuff|211/424|[from] item: Leftovers\n|upkeep\n|\n|t:|1714359585\n|switch|p1a: Glastrier|Glastrier, L86|312/312\n|turn|18\n|inactive|freezai has 120 seconds left.\n|\n|t:|1714359613\n|move|p2a: Wigglytuff|Dazzling Gleam|p1a: Glastrier\n|-damage|p1a: Glastrier|227/312\n|move|p1a: Glastrier|Icicle Crash|p2a: Wigglytuff\n|-damage|p2a: Wigglytuff|27/424\n|\n|-heal|p2a: Wigglytuff|53/424|[from] item: Leftovers\n|upkeep\n|turn|19\n|\n|t:|1714359630\n|move|p2a: Wigglytuff|Dazzling Gleam|p1a: Glastrier\n|-damage|p1a: Glastrier|149/312\n|move|p1a: Glastrier|Icicle Crash|p2a: Wigglytuff|[miss]\n|-miss|p1a: Glastrier|p2a: Wigglytuff\n|\n|-heal|p2a: Wigglytuff|79/424|[from] item: Leftovers\n|upkeep\n|turn|20\n|\n|t:|1714359639\n|move|p2a: Wigglytuff|Dazzling Gleam|p1a: Glastrier\n|-damage|p1a: Glastrier|65/312\n|move|p1a: Glastrier|Icicle Crash|p2a: Wigglytuff\n|-damage|p2a: Wigglytuff|0 fnt\n|faint|p2a: Wigglytuff\n|-ability|p1a: Glastrier|Chilling Neigh|boost\n|-boost|p1a: Glastrier|atk|1\n|\n|upkeep\n|\n|t:|1714359651\n|switch|p2a: Misdreavus|Misdreavus, L90, M|254/254\n|turn|21\n|\n|t:|1714359653\n|move|p2a: Misdreavus|Shadow Ball|p1a: Glastrier\n|-damage|p1a: Glastrier|0 fnt\n|faint|p1a: Glastrier\n|\n|upkeep\n|c|\u2606raysbradbury|gg\n|-message|raysbradbury forfeited.\n|\n|win|freezai\n|raw|raysbradbury's rating: 2457 &rarr; <strong>2440</strong><br />(-17 for losing)\n|raw|freezai's rating: 2509 &rarr; <strong>2526</strong><br />(+17 for winning)\n|l|\u2606raysbradbury\n|player|p1|\n|c|\u2606freezai|gg\n|l| Arpeggiate\n|l| Node15\n", "inputlog": ">version b84337b8f7878220839aa0c41b4e8e9021e31424\n>start {\"formatid\":\"gen9randombattle\",\"seed\":[39958,10573,51872,43954],\"rated\":\"Rated battle\"}\n>player p1 {\"name\":\"raysbradbury\",\"avatar\":\"marley\",\"rating\":2490,\"seed\":[60291,43410,25020,34288]}\n>player p2 {\"name\":\"freezai\",\"avatar\":\"#scl1breakers\",\"rating\":2509,\"seed\":[34530,37985,42305,41486]}\n>chat \u2606raysbradbury|The tournament was fun!\n>chat \u2606freezai|:fire:\n>chat \u2606raysbradbury|Glad it happened\n>p1 move highhorsepower\n>p2 switch 3\n>p1 switch 6\n>p2 switch 3\n>p1 move ironhead\n>p2 switch 6\n>p1 switch 4\n>p2 move strengthsap\n>p1 move nastyplot\n>p2 switch 4\n>p1 move willowisp\n>p2 move aurawheel\n>p1 move willowisp\n>p2 move aurawheel\n>p1 switch 2\n>p2 move knockoff\n>p1 move uturn\n>p2 switch 4\n>p1 switch 3\n>p1 move lavaplume\n>p2 switch 6\n>p1 move earthquake\n>p2 move knockoff\n>p2 switch 2\n>p1 move solarbeam\n>p2 move stoneedge\n>p1 switch 3\n>p1 move taunt\n>p2 move stoneedge\n>p1 move gigadrain\n>p2 move wildcharge\n>p1 switch 5\n>p1 move swordsdance\n>p2 move stoneedge\n>p1 move earthquake\n>p2 move wildcharge\n>p2 switch 5\n>p1 move extremespeed\n>p2 move dazzlinggleam\n>p1 switch 6\n>p1 move iciclecrash\n>p2 move dazzlinggleam\n>p1 move iciclecrash\n>p2 move dazzlinggleam\n>p1 move iciclecrash\n>p2 move dazzlinggleam\n>p2 switch 3\n>p1 move iciclecrash\n>p2 move shadowball\n>chat \u2606raysbradbury|gg\n>forcelose p1", "uploadtime": 1714359680, "views": 285, "formatid": "gen9randombattle", "rating": 2440, "private": 0, "password": null}