{"id": "gen9randombattle-2259773970", "format": "[Gen 9] Random Battle", "players": ["Mrgwid", "TDUYTHJH"], "log": "|j|\u2606Mrgwid\n|j|\u2606TDUYTHJH\n|t:|1733765374\n|gametype|singles\n|player|p1|Mrgwid|ghetsis-gen5bw|1000\n|player|p2|TDUYTHJH|169|1000\n|teamsize|p1|6\n|teamsize|p2|6\n|gen|9\n|tier|[Gen 9] Random Battle\n|rated|\n|rule|Species Clause: Limit one of each Pok\u00e9mon\n|rule|HP Percentage Mod: HP is shown in percentages\n|rule|Sleep Clause Mod: Limit one foe put to sleep\n|rule|Illusion Level Mod: Illusion disguises the Pok\u00e9mon's true level\n|\n|t:|1733765374\n|start\n|switch|p1a: Regigigas|Regigigas, L84|322/322\n|switch|p2a: Volbeat|Volbeat, L90, M|263/263\n|-start|p1a: Regigigas|ability: Slow Start\n|turn|1\n|\n|t:|1733765384\n|move|p2a: Volbeat|Thunder Wave|p1a: Regigigas\n|-status|p1a: Regigigas|par\n|move|p1a: Regigigas|Knock Off|p2a: Volbeat\n|-damage|p2a: Volbeat|205/263\n|-enditem|p2a: Volbeat|Heavy-Duty Boots|[from] move: Knock Off|[of] p1a: Regigigas\n|\n|upkeep\n|turn|2\n|\n|t:|1733765403\n|switch|p2a: Pawmot|Pawmot, L80, M|243/243\n|move|p1a: Regigigas|Body Slam|p2a: Pawmot\n|-damage|p2a: Pawmot|156/243\n|\n|upkeep\n|turn|3\n|\n|t:|1733765420\n|move|p1a: Regigigas|Protect|p1a: Regigigas\n|-singleturn|p1a: Regigigas|Protect\n|move|p2a: Pawmot|Close Combat|p1a: Regigigas\n|-activate|p1a: Regigigas|move: Protect\n|\n|upkeep\n|turn|4\n|\n|t:|1733765446\n|move|p2a: Pawmot|Close Combat|p1a: Regigigas\n|-supereffective|p1a: Regigigas\n|-damage|p1a: Regigigas|7/322 par\n|-unboost|p2a: Pawmot|def|1\n|-unboost|p2a: Pawmot|spd|1\n|-damage|p2a: Pawmot|132/243|[from] item: Life Orb\n|move|p1a: Regigigas|Knock Off|p2a: Pawmot\n|-resisted|p2a: Pawmot\n|-damage|p2a: Pawmot|80/243\n|-enditem|p2a: Pawmot|Life Orb|[from] move: Knock Off|[of] p1a: Regigigas\n|\n|-heal|p1a: Regigigas|27/322 par|[from] item: Leftovers\n|upkeep\n|turn|5\n|\n|t:|1733765463\n|cant|p1a: Regigigas|par\n|move|p2a: Pawmot|Close Combat|p1a: Regigigas\n|-supereffective|p1a: Regigigas\n|-damage|p1a: Regigigas|0 fnt\n|-unboost|p2a: Pawmot|def|1\n|-unboost|p2a: Pawmot|spd|1\n|faint|p1a: Regigigas\n|-end|p1a: Regigigas|Slow Start|[silent]\n|\n|upkeep\n|\n|t:|1733765474\n|switch|p1a: Persian|Persian, L92, M|269/269\n|turn|6\n|inactive|Battle timer is ON: inactive players will automatically lose when time's up. (requested by Mrgwid)\n|\n|t:|1733765536\n|move|p1a: Persian|U-turn|p2a: Pawmot\n|-resisted|p2a: Pawmot\n|-damage|p2a: Pawmot|2/243\n|\n|t:|1733765555\n|switch|p1a: Clodsire|Clodsire, L81, F|343/343|[from] U-turn\n|move|p2a: Pawmot|Close Combat|p1a: Clodsire\n|-resisted|p1a: Clodsire\n|-damage|p1a: Clodsire|253/343\n|-unboost|p2a: Pawmot|def|1\n|-unboost|p2a: Pawmot|spd|1\n|\n|-heal|p1a: Clodsire|274/343|[from] item: Leftovers\n|upkeep\n|turn|7\n|inactive|TDUYTHJH has 120 seconds left.\n|\n|t:|1733765614\n|move|p2a: Pawmot|Revival Blessing||[still]\n|-fail|p2a: Pawmot\n|move|p1a: Clodsire|Toxic Spikes|p2a: Pawmot\n|-sidestart|p2: TDUYTHJH|move: Toxic Spikes\n|\n|-heal|p1a: Clodsire|295/343|[from] item: Leftovers\n|upkeep\n|turn|8\n|inactive|TDUYTHJH has 90 seconds left.\n|c|\u2606Mrgwid|Votwbrtw\n|c|\u2606Mrgwid|dnjldRen\n|inactive|TDUYTHJH has 60 seconds left.\n|\n|t:|1733765664\n|switch|p2a: Regidrago|Regidrago, L77|435/435\n|-status|p2a: Regidrago|psn\n|move|p1a: Clodsire|Earthquake|p2a: Regidrago\n|-damage|p2a: Regidrago|314/435 psn\n|\n|-heal|p1a: Clodsire|316/343|[from] item: Leftovers\n|-damage|p2a: Regidrago|260/435 psn|[from] psn\n|upkeep\n|turn|9\n|inactive|TDUYTHJH has 60 seconds left.\n|inactive|Mrgwid has 120 seconds left.\n|\n|t:|1733765692\n|move|p2a: Regidrago|Outrage|p1a: Clodsire\n|-damage|p1a: Clodsire|112/343\n|move|p1a: Clodsire|Gunk Shot|p2a: Regidrago\n|-damage|p2a: Regidrago|92/435 psn\n|\n|-heal|p1a: Clodsire|133/343|[from] item: Leftovers\n|-damage|p2a: Regidrago|38/435 psn|[from] psn\n|upkeep\n|turn|10\n|inactive|Mrgwid has 120 seconds left.\n|\n|t:|1733765710\n|switch|p1a: Persian|Persian, L92, M|269/269\n|move|p2a: Regidrago|Outrage|p1a: Persian|[from]lockedmove\n|-damage|p1a: Persian|68/269\n|\n|-damage|p2a: Regidrago|0 fnt|[from] psn\n|faint|p2a: Regidrago\n|upkeep\n|\n|t:|1733765723\n|switch|p2a: Pawmot|Pawmot, L80, M|2/243\n|-status|p2a: Pawmot|psn\n|turn|11\n|inactive|Mrgwid has 120 seconds left.\n|\n|t:|1733765742\n|move|p1a: Persian|U-turn|p2a: Pawmot\n|-resisted|p2a: Pawmot\n|-damage|p2a: Pawmot|0 fnt\n|faint|p2a: Pawmot\n|\n|t:|1733765747\n|switch|p1a: Clodsire|Clodsire, L81, F|133/343|[from] U-turn\n|\n|-heal|p1a: Clodsire|154/343|[from] item: Leftovers\n|upkeep\n|\n|t:|1733765752\n|switch|p2a: Lumineon|Lumineon, L93, F|279/279\n|-status|p2a: Lumineon|psn\n|turn|12\n|\n|t:|1733765761\n|move|p2a: Lumineon|Hydro Pump|p1a: Clodsire\n|-heal|p1a: Clodsire|239/343|[from] ability: Water Absorb|[of] p2a: Lumineon\n|move|p1a: Clodsire|Recover|p1a: Clodsire\n|-heal|p1a: Clodsire|343/343\n|\n|-damage|p2a: Lumineon|245/279 psn|[from] psn\n|upkeep\n|turn|13\n|inactive|TDUYTHJH has 60 seconds left.\n|inactive|TDUYTHJH has 30 seconds left.\n|inactive|TDUYTHJH has 20 seconds left.\n|\n|t:|1733765819\n|move|p2a: Lumineon|Hydro Pump|p1a: Clodsire\n|-immune|p1a: Clodsire|[from] ability: Water Absorb\n|move|p1a: Clodsire|Gunk Shot|p2a: Lumineon\n|-damage|p2a: Lumineon|148/279 psn\n|\n|-damage|p2a: Lumineon|114/279 psn|[from] psn\n|upkeep\n|turn|14\n|inactive|TDUYTHJH has 30 seconds left this turn.\n|inactive|TDUYTHJH has 20 seconds left.\n|inactive|Mrgwid has 120 seconds left.\n|c|\u2606Mrgwid|Are you like a fucking idiot or something\n|\n|t:|1733765844\n|switch|p2a: Oricorio|Oricorio-Sensu, L85, M|266/266\n|switch|p1a: Slither Wing|Slither Wing, L81|270/270\n|\n|upkeep\n|turn|15\n|inactive|TDUYTHJH has 30 seconds left this turn.\n|inactive|Mrgwid has 120 seconds left.\n|inactive|TDUYTHJH has 20 seconds left.\n|inactive|TDUYTHJH has 15 seconds left.\n|inactive|TDUYTHJH has 10 seconds left.\n|inactive|TDUYTHJH has 5 seconds left.\n|-message|TDUYTHJH lost due to inactivity.\n|\n|win|Mrgwid\n", "inputlog": ">version bfd83cad13791eb5a5a409923076391caf6fb4d4\n>start {\"formatid\":\"gen9randombattle\",\"seed\":[14332,56633,39848,60896],\"rated\":\"Rated battle\"}\n>player p1 {\"name\":\"Mrgwid\",\"avatar\":\"ghetsis-gen5bw\",\"rating\":1000,\"seed\":[52787,12106,36253,45374]}\n>player p2 {\"name\":\"TDUYTHJH\",\"avatar\":\"169\",\"rating\":1000,\"seed\":[48480,29403,12158,65039]}\n>p1 move knockoff\n>p2 move thunderwave\n>p1 move bodyslam\n>p2 switch 6\n>p1 move protect\n>p2 move closecombat\n>p1 move knockoff\n>p2 move closecombat\n>p1 move protect\n>p2 move closecombat\n>p1 switch 6\n>p1 move uturn\n>p2 move closecombat\n>p1 switch 4\n>p1 move toxicspikes\n>p2 move revivalblessing\n>chat \u2606Mrgwid|Votwbrtw\n>chat \u2606Mrgwid|dnjldRen\n>p1 move earthquake\n>p2 switch 5\n>p1 move gunkshot\n>p2 move outrage\n>p1 switch 4\n>p2 move outrage\n>p2 switch 5\n>p1 move uturn\n>p2 move closecombat\n>p1 switch 4\n>p2 switch 3\n>p1 move recover\n>p2 move hydropump\n>p1 move gunkshot\n>p2 move hydropump\n>chat \u2606Mrgwid| Are you like a fucking idiot or something \n>p1 switch 5\n>p2 switch 4\n>forcelose p2", "uploadtime": 1733765843, "views": 1, "formatid": "gen9randombattle", "rating": null, "private": 0, "password": null}