{"id": "gen9randombattle-2260385682", "format": "[Gen 9] Random Battle", "players": ["CreepyVallu", "43V3R_Gr33n"], "log": "|j|\u2606CreepyVallu\n|j|\u260643V3R_Gr33n\n|t:|1733846462\n|gametype|singles\n|player|p1|CreepyVallu|shadowtriad|1327\n|player|p2|43V3R_Gr33n|grimsley|1275\n|teamsize|p1|6\n|teamsize|p2|6\n|gen|9\n|tier|[Gen 9] Random Battle\n|rated|\n|rule|Species Clause: Limit one of each Pok\u00e9mon\n|rule|HP Percentage Mod: HP is shown in percentages\n|rule|Sleep Clause Mod: Limit one foe put to sleep\n|rule|Illusion Level Mod: Illusion disguises the Pok\u00e9mon's true level\n|\n|t:|1733846462\n|start\n|switch|p1a: Gogoat|Gogoat, L88, F|360/360\n|switch|p2a: Dewgong|Dewgong, L94, F|322/322\n|turn|1\n|inactive|Battle timer is ON: inactive players will automatically lose when time's up. (requested by CreepyVallu)\n|\n|t:|1733846482\n|switch|p1a: Copperajah|Copperajah, L86, F|350/350\n|move|p2a: Dewgong|Flip Turn|p1a: Copperajah\n|-damage|p1a: Copperajah|274/350\n|\n|t:|1733846502\n|switch|p2a: Girafarig|Girafarig, L89, M|269/269|[from] Flip Turn\n|\n|upkeep\n|turn|2\n|\n|t:|1733846531\n|move|p2a: Girafarig|Nasty Plot|p2a: Girafarig\n|-boost|p2a: Girafarig|spa|2\n|move|p1a: Copperajah|Heavy Slam|p2a: Girafarig\n|-damage|p2a: Girafarig|74/269\n|\n|upkeep\n|turn|3\n|\n|t:|1733846542\n|-terastallize|p2a: Girafarig|Electric\n|move|p2a: Girafarig|Thunderbolt|p1a: Copperajah\n|-damage|p1a: Copperajah|42/350\n|move|p1a: Copperajah|Heavy Slam|p2a: Girafarig\n|-resisted|p2a: Girafarig\n|-damage|p2a: Girafarig|0 fnt\n|faint|p2a: Girafarig\n|\n|upkeep\n|\n|t:|1733846551\n|switch|p2a: Basculin|Basculin, L86, F|261/261\n|turn|4\n|\n|t:|1733846555\n|move|p2a: Basculin|Flip Turn|p1a: Copperajah\n|-damage|p1a: Copperajah|0 fnt\n|faint|p1a: Copperajah\n|\n|t:|1733846567\n|switch|p2a: Noctowl|Noctowl, L95, F|344/344|[from] Flip Turn\n|\n|upkeep\n|\n|t:|1733846575\n|switch|p1a: Cinccino|Cinccino, L83, F|260/260\n|turn|5\n|\n|t:|1733846579\n|move|p1a: Cinccino|Triple Axel|p2a: Noctowl\n|-supereffective|p2a: Noctowl\n|-damage|p2a: Noctowl|288/344\n|-supereffective|p2a: Noctowl\n|-damage|p2a: Noctowl|176/344\n|-supereffective|p2a: Noctowl\n|-damage|p2a: Noctowl|16/344\n|-hitcount|p2a: Noctowl|3\n|move|p2a: Noctowl|Hurricane|p1a: Cinccino\n|-damage|p1a: Cinccino|85/260\n|\n|upkeep\n|turn|6\n|\n|t:|1733846591\n|move|p1a: Cinccino|U-turn|p2a: Noctowl\n|-resisted|p2a: Noctowl\n|-damage|p2a: Noctowl|0 fnt\n|faint|p2a: Noctowl\n|\n|t:|1733846595\n|switch|p1a: Gogoat|Gogoat, L88, F|360/360|[from] U-turn\n|\n|upkeep\n|\n|t:|1733846606\n|switch|p2a: Dewgong|Dewgong, L94, F|322/322\n|turn|7\n|\n|t:|1733846634\n|move|p2a: Dewgong|Triple Axel|p1a: Gogoat\n|-supereffective|p1a: Gogoat\n|-damage|p1a: Gogoat|306/360\n|-supereffective|p1a: Gogoat\n|-damage|p1a: Gogoat|202/360\n|-supereffective|p1a: Gogoat\n|-damage|p1a: Gogoat|56/360\n|-hitcount|p1a: Gogoat|3\n|move|p1a: Gogoat|Earthquake|p2a: Dewgong\n|-damage|p2a: Dewgong|239/322\n|\n|-heal|p1a: Gogoat|78/360|[from] item: Leftovers\n|upkeep\n|turn|8\n|inactive|CreepyVallu has 120 seconds left.\n|\n|t:|1733846649\n|move|p2a: Dewgong|Triple Axel|p1a: Gogoat\n|-supereffective|p1a: Gogoat\n|-damage|p1a: Gogoat|28/360\n|-supereffective|p1a: Gogoat\n|-damage|p1a: Gogoat|0 fnt\n|faint|p1a: Gogoat\n|-hitcount|p1: Gogoat|2\n|\n|upkeep\n|inactive|CreepyVallu has 120 seconds left.\n|\n|t:|1733846656\n|switch|p1a: Metagross|Metagross, L79|256/256\n|turn|9\n|\n|t:|1733846661\n|move|p2a: Dewgong|Knock Off|p1a: Metagross\n|-supereffective|p1a: Metagross\n|-damage|p1a: Metagross|144/256\n|-enditem|p1a: Metagross|Weakness Policy\n|-boost|p1a: Metagross|atk|2|[from] item: Weakness Policy\n|-boost|p1a: Metagross|spa|2|[from] item: Weakness Policy\n|move|p1a: Metagross|Agility|p1a: Metagross\n|-boost|p1a: Metagross|spe|2\n|\n|upkeep\n|turn|10\n|\n|t:|1733846678\n|move|p1a: Metagross|Heavy Slam|p2a: Dewgong\n|-damage|p2a: Dewgong|17/322\n|move|p2a: Dewgong|Surf|p1a: Metagross\n|-damage|p1a: Metagross|45/256\n|\n|upkeep\n|turn|11\n|\n|t:|1733846687\n|move|p1a: Metagross|Heavy Slam|p2a: Dewgong\n|-crit|p2a: Dewgong\n|-damage|p2a: Dewgong|0 fnt\n|faint|p2a: Dewgong\n|\n|upkeep\n|\n|t:|1733846691\n|switch|p2a: Basculin|Basculin, L86, F|261/261\n|turn|12\n|\n|t:|1733846696\n|move|p2a: Basculin|Aqua Jet|p1a: Metagross\n|-damage|p1a: Metagross|0 fnt\n|faint|p1a: Metagross\n|\n|upkeep\n|\n|t:|1733846701\n|switch|p1a: Dipplin|Dipplin, L88, F|284/284\n|turn|13\n|\n|t:|1733846707\n|switch|p2a: Hoopa|Hoopa, L85|275/275\n|move|p1a: Dipplin|Giga Drain|p2a: Hoopa\n|-damage|p2a: Hoopa|212/275\n|\n|upkeep\n|turn|14\n|\n|t:|1733846716\n|move|p1a: Dipplin|Sucker Punch||[still]\n|-fail|p1a: Dipplin\n|move|p2a: Hoopa|Nasty Plot|p2a: Hoopa\n|-boost|p2a: Hoopa|spa|2\n|\n|upkeep\n|turn|15\n|\n|t:|1733846723\n|move|p2a: Hoopa|Psychic|p1a: Dipplin\n|-damage|p1a: Dipplin|37/284\n|-damage|p2a: Hoopa|185/275|[from] item: Life Orb\n|move|p1a: Dipplin|Dragon Pulse|p2a: Hoopa\n|-damage|p2a: Hoopa|119/275\n|\n|upkeep\n|turn|16\n|\n|t:|1733846732\n|switch|p2a: Basculin|Basculin, L86, F|261/261\n|move|p1a: Dipplin|Sucker Punch||[still]\n|-fail|p1a: Dipplin\n|\n|upkeep\n|turn|17\n|\n|t:|1733846744\n|move|p2a: Basculin|Wave Crash|p1a: Dipplin\n|-resisted|p1a: Dipplin\n|-damage|p1a: Dipplin|0 fnt\n|faint|p1a: Dipplin\n|-damage|p2a: Basculin|249/261|[from] Recoil\n|\n|upkeep\n|\n|t:|1733846752\n|switch|p1a: Cinccino|Cinccino, L83, F|85/260\n|turn|18\n|\n|t:|1733846754\n|move|p1a: Cinccino|Bullet Seed|p2a: Basculin\n|-supereffective|p2a: Basculin\n|-damage|p2a: Basculin|185/261\n|-supereffective|p2a: Basculin\n|-damage|p2a: Basculin|123/261\n|-supereffective|p2a: Basculin\n|-damage|p2a: Basculin|57/261\n|-supereffective|p2a: Basculin\n|-crit|p2a: Basculin\n|-damage|p2a: Basculin|0 fnt\n|faint|p2a: Basculin\n|-hitcount|p2: Basculin|4\n|\n|upkeep\n|\n|t:|1733846769\n|switch|p2a: Hoopa|Hoopa, L85|119/275\n|turn|19\n|\n|t:|1733846779\n|move|p1a: Cinccino|U-turn|p2a: Hoopa\n|-damage|p2a: Hoopa|53/275\n|\n|t:|1733846781\n|switch|p1a: Rhydon|Rhydon, L85, M|317/317|[from] U-turn\n|move|p2a: Hoopa|Psychic|p1a: Rhydon\n|-damage|p1a: Rhydon|129/317\n|-damage|p2a: Hoopa|26/275|[from] item: Life Orb\n|\n|upkeep\n|turn|20\n|\n|t:|1733846792\n|move|p2a: Hoopa|Psychic|p1a: Rhydon\n|-damage|p1a: Rhydon|0 fnt\n|faint|p1a: Rhydon\n|-damage|p2a: Hoopa|0 fnt|[from] item: Life Orb\n|faint|p2a: Hoopa\n|\n|upkeep\n|\n|t:|1733846797\n|switch|p2a: Darkrai|Darkrai, L77|234/234\n|switch|p1a: Cinccino|Cinccino, L83, F|85/260\n|turn|21\n|\n|t:|1733846807\n|-terastallize|p1a: Cinccino|Grass\n|move|p1a: Cinccino|Bullet Seed|p2a: Darkrai\n|-damage|p2a: Darkrai|189/234\n|-damage|p2a: Darkrai|150/234\n|-damage|p2a: Darkrai|107/234\n|-damage|p2a: Darkrai|65/234\n|-hitcount|p2a: Darkrai|4\n|move|p2a: Darkrai|Dark Pulse|p1a: Cinccino\n|-damage|p1a: Cinccino|0 fnt\n|faint|p1a: Cinccino\n|-damage|p2a: Darkrai|42/234|[from] item: Life Orb\n|\n|win|43V3R_Gr33n\n|raw|CreepyVallu's rating: 1327 &rarr; <strong>1304</strong><br />(-23 for losing)\n|raw|43V3R_Gr33n's rating: 1275 &rarr; <strong>1304</strong><br />(+29 for winning)\n|l|\u2606CreepyVallu\n|player|p1|\n|c|\u260643V3R_Gr33n|gg\n", "inputlog": ">version bfd83cad13791eb5a5a409923076391caf6fb4d4\n>start {\"formatid\":\"gen9randombattle\",\"seed\":[3946,3819,62500,17325],\"rated\":\"Rated battle\"}\n>player p1 {\"name\":\"CreepyVallu\",\"avatar\":\"shadowtriad\",\"rating\":1327,\"seed\":[21172,8324,19561,56211]}\n>player p2 {\"name\":\"43V3R_Gr33n\",\"avatar\":\"grimsley\",\"rating\":1275,\"seed\":[47548,30211,6649,20078]}\n>p1 switch 4\n>p2 move flipturn\n>p2 switch 3\n>p1 move heavyslam\n>p2 move nastyplot\n>p1 move heavyslam\n>p2 move thunderbolt terastallize\n>p2 switch 5\n>p1 move heavyslam\n>p2 move flipturn\n>p2 switch 4\n>p1 switch 3\n>p1 move tripleaxel\n>p2 move hurricane\n>p1 move uturn\n>p2 move hypervoice\n>p1 switch 4\n>p2 switch 3\n>p1 move earthquake\n>p2 move tripleaxel\n>p1 move earthquake\n>p2 move tripleaxel\n>p1 switch 5\n>p1 move agility\n>p2 move knockoff\n>p1 move heavyslam\n>p2 move surf\n>p1 move heavyslam\n>p2 move knockoff\n>p2 switch 4\n>p1 move heavyslam\n>p2 move aquajet\n>p1 switch 2\n>p1 move gigadrain\n>p2 switch 2\n>p1 move suckerpunch\n>p2 move nastyplot\n>p1 move dragonpulse\n>p2 move psychic\n>p1 move suckerpunch\n>p2 switch 2\n>p1 move gigadrain\n>p2 move wavecrash\n>p1 switch 4\n>p1 move bulletseed\n>p2 move wavecrash\n>p2 switch 2\n>p1 move uturn\n>p2 move psychic\n>p1 switch 6\n>p1 move megahorn\n>p2 move psychic\n>p1 switch 6\n>p2 switch 6\n>p1 move bulletseed terastallize\n>p2 move darkpulse", "uploadtime": 1733846828, "views": 3, "formatid": "gen9randombattle", "rating": 1304, "private": 0, "password": null}