{"id": "gen9randombattle-2100611628", "format": "[Gen 9] Random Battle", "players": ["Referrals", "FaZe Alec Baldwin"], "log": "|badge|p1|silver|gen9randombattle|30-1\n|uhtml|medal-msg|<div class=\"broadcast-blue\">Curious what those medals under the avatar are? PS now has Ladder Seasons! For more information, check out the <a href=\"https://www.smogon.com/forums/threads/3740067/\">thread on Smogon.</a></div>\n|badge|p2|silver|gen9randombattle|30-1\n|uhtml|medal-msg|<div class=\"broadcast-blue\">Curious what those medals under the avatar are? PS now has Ladder Seasons! For more information, check out the <a href=\"https://www.smogon.com/forums/threads/3740067/\">thread on Smogon.</a></div>\n|j|\u203dReferrals\n|j|\u203dFaZe Alec Baldwin\n|t:|1712786499\n|gametype|singles\n|player|p1|Referrals|iono|2464\n|player|p2|FaZe Alec Baldwin|drayden|2369\n|teamsize|p1|6\n|teamsize|p2|6\n|gen|9\n|tier|[Gen 9] Random Battle\n|rated|\n|rule|Species Clause: Limit one of each Pok\u00e9mon\n|rule|HP Percentage Mod: HP is shown in percentages\n|rule|Sleep Clause Mod: Limit one foe put to sleep\n|rule|Illusion Level Mod: Illusion disguises the Pok\u00e9mon's true level\n|\n|t:|1712786499\n|start\n|switch|p1a: Frosmoth|Frosmoth, L82, F|249/249\n|switch|p2a: Quaquaval|Quaquaval, L79, F|264/264\n|turn|1\n|inactive|Battle timer is ON: inactive players will automatically lose when time's up. (requested by Referrals)\n|j| Zenyattu\n|inactive|FaZe Alec Baldwin has 120 seconds left.\n|\n|t:|1712786532\n|switch|p2a: Chansey|Chansey, L85, F|564/564\n|switch|p1a: Weezing|Weezing, L88, F|258/258\n|\n|upkeep\n|turn|2\n|\n|t:|1712786557\n|move|p1a: Weezing|Sludge Bomb|p2a: Chansey\n|-damage|p2a: Chansey|513/564\n|-status|p2a: Chansey|psn\n|move|p2a: Chansey|Seismic Toss|p1a: Weezing\n|-damage|p1a: Weezing|173/258\n|\n|-heal|p1a: Weezing|189/258|[from] item: Leftovers\n|-damage|p2a: Chansey|443/564 psn|[from] psn\n|upkeep\n|turn|3\n|\n|t:|1712786565\n|-curestatus|p2a: Chansey|psn|[from] ability: Natural Cure\n|switch|p2a: Entei|Entei, L78|307/307\n|move|p1a: Weezing|Will-O-Wisp|p2a: Entei\n|-immune|p2a: Entei\n|\n|-heal|p1a: Weezing|205/258|[from] item: Leftovers\n|upkeep\n|turn|4\n|\n|t:|1712786572\n|move|p2a: Entei|Sacred Fire|p1a: Weezing\n|-damage|p1a: Weezing|76/258\n|-status|p1a: Weezing|brn\n|move|p1a: Weezing|Pain Split|p2a: Entei\n|-sethp|p2a: Entei|191/307|[from] move: Pain Split|[silent]\n|-sethp|p1a: Weezing|191/258 brn|[from] move: Pain Split\n|\n|-heal|p1a: Weezing|207/258 brn|[from] item: Leftovers\n|-damage|p1a: Weezing|191/258 brn|[from] brn\n|upkeep\n|turn|5\n|\n|t:|1712786583\n|switch|p1a: Latios|Latios, L78, M|253/253\n|move|p2a: Entei|Sacred Fire|p1a: Latios\n|-resisted|p1a: Latios\n|-damage|p1a: Latios|163/253\n|-status|p1a: Latios|brn\n|\n|-damage|p1a: Latios|148/253 brn|[from] brn\n|upkeep\n|turn|6\n|\n|t:|1712786594\n|switch|p2a: Scyther|Scyther, L82, M|249/249\n|move|p1a: Latios|Calm Mind|p1a: Latios\n|-boost|p1a: Latios|spa|1\n|-boost|p1a: Latios|spd|1\n|\n|-damage|p1a: Latios|133/253 brn|[from] brn\n|upkeep\n|turn|7\n|\n|t:|1712786599\n|switch|p1a: Weezing|Weezing, L88, F|191/258 brn\n|move|p2a: Scyther|U-turn|p1a: Weezing\n|-resisted|p1a: Weezing\n|-damage|p1a: Weezing|160/258 brn\n|\n|t:|1712786607\n|switch|p2a: Entei|Entei, L78|191/307|[from] U-turn\n|\n|-heal|p1a: Weezing|176/258 brn|[from] item: Leftovers\n|-damage|p1a: Weezing|160/258 brn|[from] brn\n|upkeep\n|turn|8\n|\n|t:|1712786614\n|move|p2a: Entei|Flare Blitz|p1a: Weezing\n|-damage|p1a: Weezing|22/258 brn\n|-damage|p2a: Entei|145/307|[from] Recoil\n|move|p1a: Weezing|Pain Split|p2a: Entei\n|-sethp|p2a: Entei|83/307|[from] move: Pain Split|[silent]\n|-sethp|p1a: Weezing|83/258 brn|[from] move: Pain Split\n|\n|-heal|p1a: Weezing|99/258 brn|[from] item: Leftovers\n|-damage|p1a: Weezing|83/258 brn|[from] brn\n|upkeep\n|turn|9\n|\n|t:|1712786618\n|switch|p1a: Latios|Latios, L78, M|133/253 brn\n|move|p2a: Entei|Flare Blitz|p1a: Latios\n|-resisted|p1a: Latios\n|-damage|p1a: Latios|33/253 brn\n|-damage|p2a: Entei|50/307|[from] Recoil\n|\n|-damage|p1a: Latios|18/253 brn|[from] brn\n|upkeep\n|turn|10\n|\n|t:|1712786626\n|switch|p2a: Scyther|Scyther, L82, M|249/249\n|move|p1a: Latios|Draco Meteor|p2a: Scyther|[miss]\n|-miss|p1a: Latios|p2a: Scyther\n|\n|-damage|p1a: Latios|3/253 brn|[from] brn\n|upkeep\n|turn|11\n|\n|t:|1712786637\n|move|p2a: Scyther|Dual Wingbeat|p1a: Latios\n|-damage|p1a: Latios|0 fnt\n|faint|p1a: Latios\n|-hitcount|p1: Latios|1\n|\n|upkeep\n|\n|t:|1712786641\n|switch|p1a: Clefable|Clefable, L83, F|293/293\n|turn|12\n|\n|t:|1712786646\n|move|p2a: Scyther|U-turn|p1a: Clefable\n|-resisted|p1a: Clefable\n|-damage|p1a: Clefable|247/293\n|\n|t:|1712786649\n|switch|p2a: Palafin|Palafin, L77, M|281/281|[from] U-turn\n|move|p1a: Clefable|Fire Blast|p2a: Palafin|[miss]\n|-miss|p1a: Clefable|p2a: Palafin\n|\n|upkeep\n|turn|13\n|\n|t:|1712786660\n|move|p2a: Palafin|Flip Turn|p1a: Clefable\n|-damage|p1a: Clefable|169/293\n|\n|t:|1712786663\n|detailschange|p2a: Palafin|Palafin-Hero, L77, M\n|switch|p2a: Chansey|Chansey, L85, F|443/564|[from] Flip Turn\n|move|p1a: Clefable|Moonblast|p2a: Chansey\n|-crit|p2a: Chansey\n|-damage|p2a: Chansey|330/564\n|\n|upkeep\n|turn|14\n|\n|t:|1712786673\n|move|p1a: Clefable|Moonlight|p1a: Clefable\n|-heal|p1a: Clefable|293/293\n|move|p2a: Chansey|Seismic Toss|p1a: Clefable\n|-damage|p1a: Clefable|208/293\n|\n|upkeep\n|turn|15\n|\n|t:|1712786677\n|switch|p1a: Weezing|Weezing, L88, F|83/258 brn\n|move|p2a: Chansey|Thunder Wave||[still]\n|-fail|p2a: Chansey\n|\n|-heal|p1a: Weezing|99/258 brn|[from] item: Leftovers\n|-damage|p1a: Weezing|83/258 brn|[from] brn\n|upkeep\n|turn|16\n|\n|t:|1712786681\n|switch|p2a: Entei|Entei, L78|50/307\n|move|p1a: Weezing|Sludge Bomb|p2a: Entei\n|-crit|p2a: Entei\n|-damage|p2a: Entei|0 fnt\n|faint|p2a: Entei\n|\n|-heal|p1a: Weezing|99/258 brn|[from] item: Leftovers\n|-damage|p1a: Weezing|83/258 brn|[from] brn\n|upkeep\n|inactive|FaZe Alec Baldwin has 120 seconds left.\n|\n|t:|1712786722\n|switch|p2a: Necrozma|Necrozma-Dawn-Wings, L76|272/272\n|turn|17\n|-message|Referrals forfeited.\n|\n|win|FaZe Alec Baldwin\n|raw|Referrals's rating: 2464 &rarr; <strong>2437</strong><br />(-27 for losing)\n|raw|FaZe Alec Baldwin's rating: 2342 &rarr; <strong>2369</strong><br />(+27 for winning)\n|l|\u203dReferrals\n|player|p1|\n", "inputlog": ">version 3a5338d38dc0bb363dd203110c27f40e04e176a8\n>start {\"formatid\":\"gen9randombattle\",\"seed\":[53670,832,23505,15180],\"rated\":\"Rated battle\"}\n>player p1 {\"name\":\"Referrals\",\"avatar\":\"iono\",\"rating\":2464,\"seed\":[23527,31238,55664,45783]}\n>player p2 {\"name\":\"FaZe Alec Baldwin\",\"avatar\":\"drayden\",\"rating\":2369,\"seed\":[58223,21171,47857,15633]}\n>p1 switch 3\n>p2 switch 4\n>p1 move sludgebomb\n>p2 move seismictoss\n>p1 move willowisp\n>p2 switch 3\n>p1 move painsplit\n>p2 move sacredfire\n>p1 switch 4\n>p2 move sacredfire\n>p1 move calmmind\n>p2 switch 6\n>p1 switch 4\n>p2 move uturn\n>p2 switch 6\n>p1 move painsplit\n>p2 move flareblitz\n>p1 switch 4\n>p2 move flareblitz\n>p1 move dracometeor\n>p2 switch 6\n>p1 move dracometeor\n>p2 move dualwingbeat\n>p1 switch 5\n>p1 move fireblast\n>p2 move uturn\n>p2 switch 2\n>p1 move moonblast\n>p2 move flipturn\n>p2 switch 3\n>p1 move moonlight\n>p2 move seismictoss\n>p1 switch 4\n>p2 move thunderwave\n>p1 move sludgebomb\n>p2 switch 6\n>p2 switch 5\n>forcelose p1", "uploadtime": 1712786743, "views": 267, "formatid": "gen9randombattle", "rating": 2369, "private": 0, "password": null}