{"id": "gen9randombattle-2260792094", "format": "[Gen 9] Random Battle", "players": ["Maik Beelzebub", "LeeSogi"], "log": "|j|\u2606Maik Beelzebub\n|j|\u2606LeeSogi\n|t:|1733892831\n|gametype|singles\n|player|p1|Maik Beelzebub|265|1222\n|player|p2|LeeSogi|roxie|1200\n|teamsize|p1|6\n|teamsize|p2|6\n|gen|9\n|tier|[Gen 9] Random Battle\n|rated|\n|rule|Species Clause: Limit one of each Pok\u00e9mon\n|rule|HP Percentage Mod: HP is shown in percentages\n|rule|Sleep Clause Mod: Limit one foe put to sleep\n|rule|Illusion Level Mod: Illusion disguises the Pok\u00e9mon's true level\n|\n|t:|1733892831\n|start\n|switch|p1a: Rotom|Rotom-Heat, L83|219/219\n|switch|p2a: Ursaluna|Ursaluna, L79, F|335/335\n|turn|1\n|\n|t:|1733892841\n|move|p1a: Rotom|Nasty Plot|p1a: Rotom\n|-boost|p1a: Rotom|spa|2\n|move|p2a: Ursaluna|Headlong Rush|p1a: Rotom\n|-immune|p1a: Rotom|[from] ability: Levitate\n|\n|-status|p2a: Ursaluna|brn|[from] item: Flame Orb\n|upkeep\n|turn|2\n|c|\u2606LeeSogi|oh fuck\n|\n|t:|1733892851\n|move|p1a: Rotom|Overheat|p2a: Ursaluna\n|-damage|p2a: Ursaluna|25/335 brn\n|-unboost|p1a: Rotom|spa|2\n|move|p2a: Ursaluna|Facade|p1a: Rotom\n|-crit|p1a: Rotom\n|-damage|p1a: Rotom|0 fnt\n|faint|p1a: Rotom\n|\n|-damage|p2a: Ursaluna|5/335 brn|[from] brn\n|upkeep\n|inactive|Battle timer is ON: inactive players will automatically lose when time's up. (requested by Maik Beelzebub)\n|\n|t:|1733892862\n|switch|p1a: Iron Treads|Iron Treads, L77|265/265\n|turn|3\n|\n|t:|1733892869\n|move|p1a: Iron Treads|Rapid Spin|p2a: Ursaluna\n|-damage|p2a: Ursaluna|0 fnt\n|-boost|p1a: Iron Treads|spe|1\n|faint|p2a: Ursaluna\n|\n|upkeep\n|\n|t:|1733892879\n|switch|p2a: Sawsbuck|Sawsbuck-Autumn, L88, M|284/284\n|turn|4\n|\n|t:|1733892907\n|move|p1a: Iron Treads|Iron Head|p2a: Sawsbuck\n|-damage|p2a: Sawsbuck|197/284\n|move|p2a: Sawsbuck|Swords Dance|p2a: Sawsbuck\n|-boost|p2a: Sawsbuck|atk|2\n|\n|upkeep\n|turn|5\n|\n|t:|1733892924\n|move|p1a: Iron Treads|Iron Head|p2a: Sawsbuck\n|-damage|p2a: Sawsbuck|106/284\n|cant|p2a: Sawsbuck|flinch\n|\n|upkeep\n|turn|6\n|\n|t:|1733892929\n|move|p1a: Iron Treads|Iron Head|p2a: Sawsbuck\n|-damage|p2a: Sawsbuck|13/284\n|cant|p2a: Sawsbuck|flinch\n|\n|upkeep\n|turn|7\n|c|\u2606LeeSogi|bro\n|\n|t:|1733892941\n|move|p1a: Iron Treads|Knock Off|p2a: Sawsbuck\n|-damage|p2a: Sawsbuck|0 fnt\n|-enditem|p2a: Sawsbuck|Life Orb|[from] move: Knock Off|[of] p1a: Iron Treads\n|faint|p2a: Sawsbuck\n|\n|upkeep\n|c|\u2606LeeSogi|:sob:\n|\n|t:|1733892955\n|switch|p2a: Houndstone|Houndstone, L86, F|264/264\n|turn|8\n|\n|t:|1733892960\n|move|p1a: Iron Treads|Knock Off|p2a: Houndstone\n|-supereffective|p2a: Houndstone\n|-damage|p2a: Houndstone|209/264\n|-enditem|p2a: Houndstone|Leftovers|[from] move: Knock Off|[of] p1a: Iron Treads\n|move|p2a: Houndstone|Body Press|p1a: Iron Treads\n|-supereffective|p1a: Iron Treads\n|-damage|p1a: Iron Treads|163/265\n|\n|upkeep\n|turn|9\n|\n|t:|1733892973\n|move|p1a: Iron Treads|Earthquake|p2a: Houndstone\n|-damage|p2a: Houndstone|125/264\n|move|p2a: Houndstone|Body Press|p1a: Iron Treads\n|-supereffective|p1a: Iron Treads\n|-damage|p1a: Iron Treads|63/265\n|\n|upkeep\n|turn|10\n|\n|t:|1733892979\n|move|p1a: Iron Treads|Earthquake|p2a: Houndstone\n|-crit|p2a: Houndstone\n|-damage|p2a: Houndstone|0 fnt\n|faint|p2a: Houndstone\n|\n|upkeep\n|c|\u2606LeeSogi|ARE YOU FOR REAL\n|\n|t:|1733892993\n|switch|p2a: Misdreavus|Misdreavus, L90, F|254/254\n|turn|11\n|\n|t:|1733893019\n|move|p1a: Iron Treads|Knock Off|p2a: Misdreavus\n|-supereffective|p2a: Misdreavus\n|-damage|p2a: Misdreavus|156/254\n|-enditem|p2a: Misdreavus|Eviolite|[from] move: Knock Off|[of] p1a: Iron Treads\n|move|p2a: Misdreavus|Shadow Ball|p1a: Iron Treads\n|-damage|p1a: Iron Treads|0 fnt\n|faint|p1a: Iron Treads\n|-end|p1a: Iron Treads|Quark Drive|[silent]\n|\n|upkeep\n|inactive|Maik Beelzebub has 120 seconds left.\n|\n|t:|1733893030\n|switch|p1a: Medicham|Medicham, L86, M|243/243\n|turn|12\n|\n|t:|1733893055\n|-terastallize|p2a: Misdreavus|Fairy\n|move|p2a: Misdreavus|Draining Kiss|p1a: Medicham\n|-supereffective|p1a: Medicham\n|-damage|p1a: Medicham|85/243\n|-heal|p2a: Misdreavus|254/254|[from] drain|[of] p1a: Medicham\n|move|p1a: Medicham|Zen Headbutt|p2a: Misdreavus\n|-damage|p2a: Misdreavus|10/254\n|\n|upkeep\n|turn|13\n|\n|t:|1733893061\n|move|p2a: Misdreavus|Draining Kiss|p1a: Medicham\n|-supereffective|p1a: Medicham\n|-damage|p1a: Medicham|0 fnt\n|-heal|p2a: Misdreavus|74/254|[from] drain|[of] p1a: Medicham\n|faint|p1a: Medicham\n|\n|upkeep\n|\n|t:|1733893068\n|switch|p1a: Duraludon|Duraludon, L82, M|249/249\n|turn|14\n|c|\u2606LeeSogi|oh well\n|\n|t:|1733893081\n|move|p2a: Misdreavus|Will-O-Wisp|p1a: Duraludon\n|-status|p1a: Duraludon|brn\n|move|p1a: Duraludon|Flash Cannon|p2a: Misdreavus\n|-supereffective|p2a: Misdreavus\n|-damage|p2a: Misdreavus|0 fnt\n|faint|p2a: Misdreavus\n|\n|-damage|p1a: Duraludon|234/249 brn|[from] brn\n|upkeep\n|\n|t:|1733893085\n|switch|p2a: Hippowdon|Hippowdon, L82, M|311/311\n|-weather|Sandstorm|[from] ability: Sand Stream|[of] p2a: Hippowdon\n|turn|15\n|\n|t:|1733893095\n|move|p1a: Duraludon|Stealth Rock|p2a: Hippowdon\n|-sidestart|p2: LeeSogi|move: Stealth Rock\n|move|p2a: Hippowdon|Earthquake|p1a: Duraludon\n|-supereffective|p1a: Duraludon\n|-damage|p1a: Duraludon|118/249 brn\n|\n|-weather|Sandstorm|[upkeep]\n|-damage|p1a: Duraludon|103/249 brn|[from] brn\n|upkeep\n|turn|16\n|\n|t:|1733893101\n|move|p1a: Duraludon|Body Press|p2a: Hippowdon\n|-damage|p2a: Hippowdon|284/311\n|move|p2a: Hippowdon|Earthquake|p1a: Duraludon\n|-supereffective|p1a: Duraludon\n|-damage|p1a: Duraludon|0 fnt\n|faint|p1a: Duraludon\n|\n|-weather|Sandstorm|[upkeep]\n|-heal|p2a: Hippowdon|303/311|[from] item: Leftovers\n|upkeep\n|\n|t:|1733893112\n|switch|p1a: Great Tusk|Great Tusk, L77|304/304\n|-enditem|p1a: Great Tusk|Booster Energy\n|-activate|p1a: Great Tusk|ability: Protosynthesis|[fromitem]\n|-start|p1a: Great Tusk|protosynthesisatk\n|turn|17\n|\n|t:|1733893128\n|move|p1a: Great Tusk|Bulk Up|p1a: Great Tusk\n|-boost|p1a: Great Tusk|atk|1\n|-boost|p1a: Great Tusk|def|1\n|move|p2a: Hippowdon|Curse|p2a: Hippowdon\n|-unboost|p2a: Hippowdon|spe|1\n|-boost|p2a: Hippowdon|atk|1\n|-boost|p2a: Hippowdon|def|1\n|\n|-weather|Sandstorm|[upkeep]\n|-heal|p2a: Hippowdon|311/311|[from] item: Leftovers\n|upkeep\n|turn|18\n|\n|t:|1733893141\n|move|p1a: Great Tusk|Earthquake|p2a: Hippowdon\n|-damage|p2a: Hippowdon|194/311\n|move|p2a: Hippowdon|Curse|p2a: Hippowdon\n|-unboost|p2a: Hippowdon|spe|1\n|-boost|p2a: Hippowdon|atk|1\n|-boost|p2a: Hippowdon|def|1\n|\n|-weather|Sandstorm|[upkeep]\n|-heal|p2a: Hippowdon|213/311|[from] item: Leftovers\n|upkeep\n|turn|19\n|\n|t:|1733893152\n|move|p1a: Great Tusk|Earthquake|p2a: Hippowdon\n|-damage|p2a: Hippowdon|119/311\n|move|p2a: Hippowdon|Stone Edge|p1a: Great Tusk\n|-resisted|p1a: Great Tusk\n|-damage|p1a: Great Tusk|283/304\n|\n|-weather|none\n|-heal|p2a: Hippowdon|138/311|[from] item: Leftovers\n|upkeep\n|turn|20\n|\n|t:|1733893164\n|move|p1a: Great Tusk|Bulk Up|p1a: Great Tusk\n|-boost|p1a: Great Tusk|atk|1\n|-boost|p1a: Great Tusk|def|1\n|move|p2a: Hippowdon|Slack Off|p2a: Hippowdon\n|-heal|p2a: Hippowdon|294/311\n|\n|-heal|p2a: Hippowdon|311/311|[from] item: Leftovers\n|upkeep\n|turn|21\n|\n|t:|1733893171\n|move|p1a: Great Tusk|Earthquake|p2a: Hippowdon\n|-damage|p2a: Hippowdon|191/311\n|move|p2a: Hippowdon|Curse|p2a: Hippowdon\n|-unboost|p2a: Hippowdon|spe|1\n|-boost|p2a: Hippowdon|atk|1\n|-boost|p2a: Hippowdon|def|1\n|\n|-heal|p2a: Hippowdon|210/311|[from] item: Leftovers\n|upkeep\n|turn|22\n|\n|t:|1733893180\n|move|p1a: Great Tusk|Bulk Up|p1a: Great Tusk\n|-boost|p1a: Great Tusk|atk|1\n|-boost|p1a: Great Tusk|def|1\n|move|p2a: Hippowdon|Curse|p2a: Hippowdon\n|-unboost|p2a: Hippowdon|spe|1\n|-boost|p2a: Hippowdon|atk|1\n|-boost|p2a: Hippowdon|def|1\n|\n|-heal|p2a: Hippowdon|229/311|[from] item: Leftovers\n|upkeep\n|turn|23\n|\n|t:|1733893189\n|move|p1a: Great Tusk|Bulk Up|p1a: Great Tusk\n|-boost|p1a: Great Tusk|atk|1\n|-boost|p1a: Great Tusk|def|1\n|move|p2a: Hippowdon|Curse|p2a: Hippowdon\n|-unboost|p2a: Hippowdon|spe|1\n|-boost|p2a: Hippowdon|atk|1\n|-boost|p2a: Hippowdon|def|1\n|\n|-heal|p2a: Hippowdon|248/311|[from] item: Leftovers\n|upkeep\n|turn|24\n|c|\u2606LeeSogi|is he goated\n|\n|t:|1733893207\n|move|p1a: Great Tusk|Close Combat|p2a: Hippowdon\n|-crit|p2a: Hippowdon\n|-damage|p2a: Hippowdon|0 fnt\n|-unboost|p1a: Great Tusk|def|1\n|-unboost|p1a: Great Tusk|spd|1\n|faint|p2a: Hippowdon\n|\n|upkeep\n|c|\u2606LeeSogi|OH FUCK YO\n|\n|t:|1733893215\n|switch|p2a: Archaludon|Archaludon, L78, F|268/268\n|-damage|p2a: Archaludon|252/268|[from] Stealth Rock\n|turn|25\n|c|\u2606LeeSogi|well\n|c|\u2606LeeSogi|gg\n|\n|t:|1733893231\n|move|p1a: Great Tusk|Earthquake|p2a: Archaludon\n|-supereffective|p2a: Archaludon\n|-damage|p2a: Archaludon|0 fnt\n|faint|p2a: Archaludon\n|\n|win|Maik Beelzebub\n", "inputlog": ">version bfd83cad13791eb5a5a409923076391caf6fb4d4\n>start {\"formatid\":\"gen9randombattle\",\"seed\":[10311,59179,40419,31110],\"rated\":\"Rated battle\"}\n>player p1 {\"name\":\"Maik Beelzebub\",\"avatar\":\"265\",\"rating\":1222,\"seed\":[41156,62214,63587,40476]}\n>player p2 {\"name\":\"LeeSogi\",\"avatar\":\"roxie\",\"rating\":1200,\"seed\":[26982,12198,31241,23934]}\n>p1 move nastyplot\n>p2 move headlongrush\n>chat \u2606LeeSogi|oh fuck\n>p1 move overheat\n>p2 move facade\n>p1 switch 5\n>p1 move rapidspin\n>p2 move facade\n>p2 switch 5\n>p1 move ironhead\n>p2 move swordsdance\n>p1 move ironhead\n>p2 move highhorsepower\n>p1 move ironhead\n>p2 move highhorsepower\n>chat \u2606LeeSogi|bro\n>p1 move knockoff\n>p2 move highhorsepower\n>chat \u2606LeeSogi|:sob:\n>p2 switch 6\n>p1 move knockoff\n>p2 move bodypress\n>p1 move earthquake\n>p2 move bodypress\n>p1 move earthquake\n>p2 move bodypress\n>chat \u2606LeeSogi|ARE YOU FOR REAL\n>p2 switch 2\n>p1 move knockoff\n>p2 move shadowball\n>p1 switch 3\n>p1 move zenheadbutt\n>p2 move drainingkiss terastallize\n>p1 move zenheadbutt\n>p2 move drainingkiss\n>p1 switch 2\n>chat \u2606LeeSogi|oh well\n>p1 move flashcannon\n>p2 move willowisp\n>p2 switch 3\n>p1 move stealthrock\n>p2 move earthquake\n>p1 move bodypress\n>p2 move earthquake\n>p1 switch 6\n>p1 move bulkup\n>p2 move curse\n>p1 move earthquake\n>p2 move curse\n>p1 move earthquake\n>p2 move stoneedge\n>p1 move bulkup\n>p2 move slackoff\n>p1 move earthquake\n>p2 move curse\n>p1 move bulkup\n>p2 move curse\n>p1 move bulkup\n>p2 move curse\n>chat \u2606LeeSogi|is he goated\n>p1 move closecombat\n>p2 move curse\n>chat \u2606LeeSogi|OH FUCK YO\n>p2 switch 4\n>chat \u2606LeeSogi|well\n>chat \u2606LeeSogi|gg \n>p1 move earthquake\n>p2 move swordsdance", "uploadtime": 1733893212, "views": 14, "formatid": "gen9randombattle", "rating": null, "private": 0, "password": null}