{"id": "gen9randombattle-2260815421", "format": "[Gen 9] Random Battle", "players": ["Neisuke", "nani mila"], "log": "|j|\u2606Neisuke\n|j|\u2606nani mila\n|t:|1733897043\n|gametype|singles\n|player|p1|Neisuke|101|1284\n|player|p2|nani mila|teammagmagruntf-gen3|1281\n|teamsize|p1|6\n|teamsize|p2|6\n|gen|9\n|tier|[Gen 9] Random Battle\n|rated|\n|rule|Species Clause: Limit one of each Pok\u00e9mon\n|rule|HP Percentage Mod: HP is shown in percentages\n|rule|Sleep Clause Mod: Limit one foe put to sleep\n|rule|Illusion Level Mod: Illusion disguises the Pok\u00e9mon's true level\n|\n|t:|1733897043\n|start\n|switch|p1a: Avalugg|Avalugg, L88, M|310/310\n|switch|p2a: Sandy Shocks|Sandy Shocks, L80|267/267\n|turn|1\n|\n|t:|1733897062\n|move|p2a: Sandy Shocks|Stealth Rock|p1a: Avalugg\n|-sidestart|p1: Neisuke|move: Stealth Rock\n|move|p1a: Avalugg|Avalanche|p2a: Sandy Shocks\n|-supereffective|p2a: Sandy Shocks\n|-crit|p2a: Sandy Shocks\n|-damage|p2a: Sandy Shocks|15/267\n|\n|-heal|p2a: Sandy Shocks|31/267|[from] item: Leftovers\n|upkeep\n|turn|2\n|\n|t:|1733897081\n|move|p2a: Sandy Shocks|Thunderbolt|p1a: Avalugg\n|-damage|p1a: Avalugg|144/310\n|move|p1a: Avalugg|Rapid Spin|p2a: Sandy Shocks\n|-damage|p2a: Sandy Shocks|0 fnt\n|-boost|p1a: Avalugg|spe|1\n|-sideend|p1: Neisuke|Stealth Rock|[from] move: Rapid Spin|[of] p1a: Avalugg\n|faint|p2a: Sandy Shocks\n|-end|p2a: Sandy Shocks|Protosynthesis|[silent]\n|\n|upkeep\n|\n|t:|1733897095\n|switch|p2a: Cobalion|Cobalion, L80|277/277\n|turn|3\n|\n|t:|1733897120\n|switch|p1a: Piloswine|Piloswine, L85, F|309/309\n|move|p2a: Cobalion|Flash Cannon|p1a: Piloswine\n|-supereffective|p1a: Piloswine\n|-damage|p1a: Piloswine|183/309\n|\n|upkeep\n|turn|4\n|inactive|Battle timer is ON: inactive players will automatically lose when time's up. (requested by Neisuke)\n|\n|t:|1733897143\n|-terastallize|p2a: Cobalion|Water\n|move|p2a: Cobalion|Aura Sphere|p1a: Piloswine\n|-supereffective|p1a: Piloswine\n|-damage|p1a: Piloswine|61/309\n|move|p1a: Piloswine|Earthquake|p2a: Cobalion\n|-damage|p2a: Cobalion|187/277\n|\n|-heal|p2a: Cobalion|204/277|[from] item: Leftovers\n|upkeep\n|turn|5\n|\n|t:|1733897158\n|move|p2a: Cobalion|Flash Cannon|p1a: Piloswine\n|-supereffective|p1a: Piloswine\n|-damage|p1a: Piloswine|0 fnt\n|faint|p1a: Piloswine\n|\n|-heal|p2a: Cobalion|221/277|[from] item: Leftovers\n|upkeep\n|\n|t:|1733897161\n|switch|p1a: Tsareena|Tsareena, L87, F|267/267\n|turn|6\n|\n|t:|1733897167\n|switch|p2a: Glimmora|Glimmora, L75, F|248/248\n|move|p1a: Tsareena|Power Whip|p2a: Glimmora|[miss]\n|-miss|p1a: Tsareena|p2a: Glimmora\n|\n|upkeep\n|turn|7\n|\n|t:|1733897188\n|-terastallize|p1a: Tsareena|Steel\n|move|p1a: Tsareena|Triple Axel|p2a: Glimmora\n|-damage|p2a: Glimmora|225/248\n|-activate|p2a: Glimmora|ability: Toxic Debris\n|-sidestart|p1: Neisuke|move: Toxic Spikes\n|-damage|p2a: Glimmora|177/248\n|-activate|p2a: Glimmora|ability: Toxic Debris\n|-sidestart|p1: Neisuke|move: Toxic Spikes\n|-damage|p2a: Glimmora|98/248\n|-hitcount|p2a: Glimmora|3\n|-damage|p1a: Tsareena|241/267|[from] item: Life Orb\n|move|p2a: Glimmora|Sludge Wave|p1a: Tsareena\n|-immune|p1a: Tsareena\n|\n|upkeep\n|turn|8\n|inactive|Neisuke has 120 seconds left.\n|inactive|nani mila has 120 seconds left.\n|\n|t:|1733897219\n|move|p1a: Tsareena|Triple Axel|p2a: Glimmora\n|-damage|p2a: Glimmora|72/248\n|-damage|p2a: Glimmora|17/248\n|-damage|p2a: Glimmora|0 fnt\n|faint|p2a: Glimmora\n|-hitcount|p2: Glimmora|3\n|-damage|p1a: Tsareena|215/267|[from] item: Life Orb\n|\n|upkeep\n|inactive|nani mila has 120 seconds left.\n|\n|t:|1733897230\n|switch|p2a: Zamazenta|Zamazenta, L71|248/248\n|-ability|p2a: Zamazenta|Dauntless Shield|boost\n|-boost|p2a: Zamazenta|def|1\n|turn|9\n|inactive|Neisuke has 120 seconds left.\n|\n|t:|1733897253\n|move|p2a: Zamazenta|Close Combat|p1a: Tsareena\n|-supereffective|p1a: Tsareena\n|-damage|p1a: Tsareena|0 fnt\n|-unboost|p2a: Zamazenta|def|1\n|-unboost|p2a: Zamazenta|spd|1\n|faint|p1a: Tsareena\n|\n|upkeep\n|\n|t:|1733897261\n|switch|p1a: Avalugg|Avalugg, L88, M|144/310\n|turn|10\n|\n|t:|1733897271\n|move|p2a: Zamazenta|Close Combat|p1a: Avalugg\n|-supereffective|p1a: Avalugg\n|-damage|p1a: Avalugg|0 fnt\n|-unboost|p2a: Zamazenta|def|1\n|-unboost|p2a: Zamazenta|spd|1\n|faint|p1a: Avalugg\n|\n|upkeep\n|inactive|Neisuke has 120 seconds left.\n|\n|t:|1733897286\n|switch|p1a: Arceus|Arceus-Water, L71|288/288\n|-status|p1a: Arceus|tox\n|turn|11\n|\n|t:|1733897306\n|switch|p2a: Cobalion|Cobalion, L80, tera:Water|221/277\n|move|p1a: Arceus|Judgment|p2a: Cobalion\n|-resisted|p2a: Cobalion\n|-damage|p2a: Cobalion|152/277\n|\n|-heal|p2a: Cobalion|169/277|[from] item: Leftovers\n|-damage|p1a: Arceus|270/288 tox|[from] psn\n|upkeep\n|turn|12\n|\n|t:|1733897319\n|switch|p1a: Jolteon|Jolteon, L84, M|246/246\n|-status|p1a: Jolteon|tox\n|move|p2a: Cobalion|Aura Sphere|p1a: Jolteon\n|-damage|p1a: Jolteon|180/246 tox\n|\n|-heal|p1a: Jolteon|195/246 tox|[from] item: Leftovers\n|-heal|p2a: Cobalion|186/277|[from] item: Leftovers\n|-damage|p1a: Jolteon|180/246 tox|[from] psn\n|upkeep\n|turn|13\n|\n|t:|1733897333\n|switch|p2a: Sawsbuck|Sawsbuck, L88, F|284/284\n|move|p1a: Jolteon|Calm Mind|p1a: Jolteon\n|-boost|p1a: Jolteon|spa|1\n|-boost|p1a: Jolteon|spd|1\n|\n|-heal|p1a: Jolteon|195/246 tox|[from] item: Leftovers\n|-damage|p1a: Jolteon|165/246 tox|[from] psn\n|upkeep\n|turn|14\n|\n|t:|1733897346\n|move|p1a: Jolteon|Calm Mind|p1a: Jolteon\n|-boost|p1a: Jolteon|spa|1\n|-boost|p1a: Jolteon|spd|1\n|move|p2a: Sawsbuck|Double-Edge|p1a: Jolteon\n|-damage|p1a: Jolteon|0 fnt\n|faint|p1a: Jolteon\n|-damage|p2a: Sawsbuck|230/284|[from] Recoil\n|-damage|p2a: Sawsbuck|202/284|[from] item: Life Orb\n|\n|upkeep\n|-message|Neisuke forfeited.\n|\n|win|nani mila\n|raw|Neisuke's rating: 1284 &rarr; <strong>1259</strong><br />(-25 for losing)\n|raw|nani mila's rating: 1281 &rarr; <strong>1306</strong><br />(+25 for winning)\n|l|\u2606Neisuke\n|player|p1|\n", "inputlog": ">version bfd83cad13791eb5a5a409923076391caf6fb4d4\n>start {\"formatid\":\"gen9randombattle\",\"seed\":[5436,21524,55365,60114],\"rated\":\"Rated battle\"}\n>player p1 {\"name\":\"Neisuke\",\"avatar\":\"101\",\"rating\":1284,\"seed\":[38815,39173,39465,47455]}\n>player p2 {\"name\":\"nani mila\",\"avatar\":\"teammagmagruntf-gen3\",\"rating\":1281,\"seed\":[62285,36214,35513,6285]}\n>p1 move avalanche\n>p2 move stealthrock\n>p1 move rapidspin\n>p2 move thunderbolt\n>p2 switch 2\n>p1 switch 4\n>p2 move flashcannon\n>p1 move earthquake\n>p2 move aurasphere terastallize\n>p1 move stealthrock\n>p2 move flashcannon\n>p1 switch 2\n>p1 move powerwhip\n>p2 switch 3\n>p1 move tripleaxel terastallize\n>p2 move sludgewave\n>p1 move tripleaxel\n>p2 move earthpower\n>p2 switch 6\n>p1 move powerwhip\n>p2 move closecombat\n>p1 switch 4\n>p1 move rapidspin\n>p2 move closecombat\n>p1 switch 6\n>p1 move judgment\n>p2 switch 3\n>p1 switch 5\n>p2 move aurasphere\n>p1 move calmmind\n>p2 switch 4\n>p1 move calmmind\n>p2 move doubleedge\n>forcelose p1", "uploadtime": 1733897369, "views": 2, "formatid": "gen9randombattle", "rating": 1259, "private": 0, "password": null}