{"id": "gen9randombattle-2219807806", "format": "[Gen 9] Random Battle", "players": ["Node", "Vitoran"], "log": "|badge|p1|bronze|gen9randombattle|100-3\n|uhtml|medal-msg|<div class=\"broadcast-blue\">Curious what those medals under the avatar are? PS now has Ladder Seasons! For more information, check out the <a href=\"https://www.smogon.com/forums/threads/3740067/\">thread on Smogon.</a></div>\n|badge|p2|bronze|gen9randombattle|100-3\n|uhtml|medal-msg|<div class=\"broadcast-blue\">Curious what those medals under the avatar are? PS now has Ladder Seasons! For more information, check out the <a href=\"https://www.smogon.com/forums/threads/3740067/\">thread on Smogon.</a></div>\n|j|\u2606Node\n|j|\u2606Vitoran\n|t:|1728537553\n|gametype|singles\n|player|p1|Node|#agplviblackpink|2321\n|player|p2|Vitoran|nemona-v|2354\n|teamsize|p1|6\n|teamsize|p2|6\n|gen|9\n|tier|[Gen 9] Random Battle\n|rated|\n|rule|Species Clause: Limit one of each Pok\u00e9mon\n|rule|HP Percentage Mod: HP is shown in percentages\n|rule|Sleep Clause Mod: Limit one foe put to sleep\n|rule|Illusion Level Mod: Illusion disguises the Pok\u00e9mon's true level\n|\n|t:|1728537553\n|start\n|switch|p1a: Skeledirge|Skeledirge, L79, F|294/294\n|switch|p2a: Dudunsparce|Dudunsparce-Three-Segment, L83, M|343/343\n|turn|1\n|inactive|Battle timer is ON: inactive players will automatically lose when time's up. (requested by Vitoran)\n|c|\u2606Vitoran|glhf\n|c|\u2606Vitoran|cool ava\n|c|\u2606Node|u2\n|c|\u2606Node|ty!\n|\n|t:|1728537575\n|move|p1a: Skeledirge|Torch Song|p2a: Dudunsparce\n|-damage|p2a: Dudunsparce|252/343\n|-boost|p1a: Skeledirge|spa|1\n|move|p2a: Dudunsparce|Glare|p1a: Skeledirge\n|-status|p1a: Skeledirge|par\n|\n|-heal|p2a: Dudunsparce|273/343|[from] item: Leftovers\n|upkeep\n|turn|2\n|\n|t:|1728537581\n|move|p2a: Dudunsparce|Earthquake|p1a: Skeledirge\n|-supereffective|p1a: Skeledirge\n|-damage|p1a: Skeledirge|168/294 par\n|move|p1a: Skeledirge|Torch Song|p2a: Dudunsparce\n|-damage|p2a: Dudunsparce|125/343\n|-boost|p1a: Skeledirge|spa|1\n|\n|-heal|p2a: Dudunsparce|146/343|[from] item: Leftovers\n|upkeep\n|turn|3\n|\n|t:|1728537588\n|move|p2a: Dudunsparce|Roost|p2a: Dudunsparce\n|-heal|p2a: Dudunsparce|318/343\n|-singleturn|p2a: Dudunsparce|move: Roost\n|move|p1a: Skeledirge|Torch Song|p2a: Dudunsparce\n|-damage|p2a: Dudunsparce|117/343\n|-boost|p1a: Skeledirge|spa|1\n|\n|-heal|p2a: Dudunsparce|138/343|[from] item: Leftovers\n|upkeep\n|turn|4\n|\n|t:|1728537592\n|move|p2a: Dudunsparce|Roost|p2a: Dudunsparce\n|-heal|p2a: Dudunsparce|310/343\n|-singleturn|p2a: Dudunsparce|move: Roost\n|move|p1a: Skeledirge|Torch Song|p2a: Dudunsparce\n|-damage|p2a: Dudunsparce|73/343\n|-boost|p1a: Skeledirge|spa|1\n|\n|-heal|p2a: Dudunsparce|94/343|[from] item: Leftovers\n|upkeep\n|turn|5\n|\n|t:|1728537597\n|move|p2a: Dudunsparce|Earthquake|p1a: Skeledirge\n|-supereffective|p1a: Skeledirge\n|-damage|p1a: Skeledirge|36/294 par\n|cant|p1a: Skeledirge|par\n|\n|-heal|p2a: Dudunsparce|115/343|[from] item: Leftovers\n|upkeep\n|turn|6\n|\n|t:|1728537602\n|move|p2a: Dudunsparce|Earthquake|p1a: Skeledirge\n|-supereffective|p1a: Skeledirge\n|-damage|p1a: Skeledirge|0 fnt\n|faint|p1a: Skeledirge\n|\n|-heal|p2a: Dudunsparce|136/343|[from] item: Leftovers\n|upkeep\n|\n|t:|1728537605\n|switch|p1a: Basculin|Basculin-Blue-Striped, L86, F|261/261\n|turn|7\n|\n|t:|1728537613\n|move|p1a: Basculin|Wave Crash|p2a: Dudunsparce\n|-damage|p2a: Dudunsparce|0 fnt\n|faint|p2a: Dudunsparce\n|-damage|p1a: Basculin|216/261|[from] Recoil\n|\n|upkeep\n|\n|t:|1728537618\n|switch|p2a: Serperior|Serperior, L79, M|248/248\n|turn|8\n|\n|t:|1728537631\n|switch|p1a: Wigglytuff|Wigglytuff, L96, F|424/424\n|move|p2a: Serperior|Leaf Storm|p1a: Wigglytuff\n|-damage|p1a: Wigglytuff|241/424\n|-boost|p2a: Serperior|spa|2\n|-damage|p2a: Serperior|224/248|[from] item: Life Orb\n|\n|-heal|p1a: Wigglytuff|267/424|[from] item: Leftovers\n|upkeep\n|turn|9\n|\n|t:|1728537639\n|move|p2a: Serperior|Leaf Storm|p1a: Wigglytuff\n|-damage|p1a: Wigglytuff|0 fnt\n|-boost|p2a: Serperior|spa|2\n|faint|p1a: Wigglytuff\n|-damage|p2a: Serperior|200/248|[from] item: Life Orb\n|\n|upkeep\n|\n|t:|1728537668\n|switch|p1a: Plusle|Plusle, L95, F|268/268\n|turn|10\n|\n|t:|1728537674\n|move|p1a: Plusle|Alluring Voice|p2a: Serperior\n|-crit|p2a: Serperior\n|-damage|p2a: Serperior|64/248\n|-damage|p1a: Plusle|242/268|[from] item: Life Orb\n|move|p2a: Serperior|Leaf Storm|p1a: Plusle\n|-damage|p1a: Plusle|0 fnt\n|-boost|p2a: Serperior|spa|2\n|faint|p1a: Plusle\n|-damage|p2a: Serperior|40/248|[from] item: Life Orb\n|\n|upkeep\n|\n|t:|1728537678\n|switch|p1a: Spectrier|Spectrier, L75|274/274\n|turn|11\n|\n|t:|1728537686\n|switch|p2a: Ursaluna|Ursaluna-Bloodmoon, L79, M|308/308\n|move|p1a: Spectrier|Shadow Ball|p2a: Ursaluna\n|-immune|p2a: Ursaluna\n|\n|upkeep\n|turn|12\n|\n|t:|1728537697\n|switch|p1a: Arcanine|Arcanine-Hisui, L82, M|290/290\n|move|p2a: Ursaluna|Blood Moon|p1a: Arcanine\n|-resisted|p1a: Arcanine\n|-damage|p1a: Arcanine|196/290\n|\n|upkeep\n|turn|13\n|\n|t:|1728537712\n|switch|p2a: Skarmory|Skarmory, L80, F|235/235\n|move|p1a: Arcanine|Flare Blitz|p2a: Skarmory\n|-supereffective|p2a: Skarmory\n|-damage|p2a: Skarmory|47/235\n|\n|-heal|p2a: Skarmory|61/235|[from] item: Leftovers\n|upkeep\n|turn|14\n|\n|t:|1728537722\n|move|p1a: Arcanine|Flare Blitz|p2a: Skarmory\n|-supereffective|p2a: Skarmory\n|-damage|p2a: Skarmory|0 fnt\n|faint|p2a: Skarmory\n|\n|upkeep\n|inactive|Vitoran has 120 seconds left.\n|\n|t:|1728537765\n|switch|p2a: Zacian|Zacian-Crowned, L64|225/225\n|-ability|p2a: Zacian|Intrepid Sword|boost\n|-boost|p2a: Zacian|atk|1\n|turn|15\n|\n|t:|1728537794\n|switch|p1a: Spectrier|Spectrier, L75|274/274\n|move|p2a: Zacian|Close Combat|p1a: Spectrier\n|-immune|p1a: Spectrier\n|\n|upkeep\n|turn|16\n|\n|t:|1728537798\n|move|p1a: Spectrier|Shadow Ball|p2a: Zacian\n|-damage|p2a: Zacian|85/225\n|-damage|p1a: Spectrier|247/274|[from] item: Life Orb\n|move|p2a: Zacian|Behemoth Blade|p1a: Spectrier\n|-damage|p1a: Spectrier|64/274\n|\n|upkeep\n|turn|17\n|\n|t:|1728537813\n|switch|p2a: Ursaluna|Ursaluna-Bloodmoon, L79, M|308/308\n|move|p1a: Spectrier|Shadow Ball|p2a: Ursaluna\n|-immune|p2a: Ursaluna\n|\n|upkeep\n|turn|18\n|\n|t:|1728537817\n|move|p1a: Spectrier|Dark Pulse|p2a: Ursaluna\n|-damage|p2a: Ursaluna|196/308\n|-damage|p1a: Spectrier|37/274|[from] item: Life Orb\n|move|p2a: Ursaluna|Blood Moon|p1a: Spectrier\n|-damage|p1a: Spectrier|0 fnt\n|faint|p1a: Spectrier\n|\n|-heal|p2a: Ursaluna|215/308|[from] item: Leftovers\n|upkeep\n|\n|t:|1728537822\n|switch|p1a: Basculin|Basculin-Blue-Striped, L86, F|216/261\n|turn|19\n|\n|t:|1728537829\n|move|p2a: Ursaluna|Vacuum Wave|p1a: Basculin\n|-damage|p1a: Basculin|167/261\n|move|p1a: Basculin|Flip Turn|p2a: Ursaluna\n|-supereffective|p2a: Ursaluna\n|-damage|p2a: Ursaluna|0 fnt\n|faint|p2a: Ursaluna\n|\n|t:|1728537832\n|switch|p1a: Arcanine|Arcanine-Hisui, L82, M|196/290|[from] Flip Turn\n|\n|upkeep\n|\n|t:|1728537835\n|switch|p2a: Zacian|Zacian-Crowned, L64|85/225\n|turn|20\n|\n|t:|1728537842\n|switch|p1a: Basculin|Basculin-Blue-Striped, L86, F|167/261\n|move|p2a: Zacian|Close Combat|p1a: Basculin\n|-damage|p1a: Basculin|82/261\n|-unboost|p2a: Zacian|def|1\n|-unboost|p2a: Zacian|spd|1\n|\n|upkeep\n|turn|21\n|\n|t:|1728537847\n|switch|p2a: Serperior|Serperior, L79, M|40/248\n|move|p1a: Basculin|Aqua Jet|p2a: Serperior\n|-resisted|p2a: Serperior\n|-damage|p2a: Serperior|0 fnt\n|faint|p2a: Serperior\n|\n|upkeep\n|\n|t:|1728537853\n|switch|p2a: Mimikyu|Mimikyu, L79, F|216/216\n|turn|22\n|\n|t:|1728537865\n|switch|p1a: Arcanine|Arcanine-Hisui, L82, M|196/290\n|move|p2a: Mimikyu|Swords Dance|p2a: Mimikyu\n|-boost|p2a: Mimikyu|atk|2\n|\n|upkeep\n|turn|23\n|\n|t:|1728537871\n|move|p2a: Mimikyu|Drain Punch|p1a: Arcanine\n|-supereffective|p1a: Arcanine\n|-damage|p1a: Arcanine|0 fnt\n|faint|p1a: Arcanine\n|-damage|p2a: Mimikyu|195/216|[from] item: Life Orb\n|\n|upkeep\n|\n|t:|1728537874\n|switch|p1a: Basculin|Basculin-Blue-Striped, L86, F|82/261\n|turn|24\n|c|\u2606Vitoran|gg\n|c|\u2606Node|gg\n|\n|t:|1728537885\n|-terastallize|p1a: Basculin|Water\n|move|p1a: Basculin|Aqua Jet|p2a: Mimikyu\n|-activate|p2a: Mimikyu|ability: Disguise\n|-damage|p2a: Mimikyu|195/216\n|detailschange|p2a: Mimikyu|Mimikyu-Busted, L79, F\n|-damage|p2a: Mimikyu|168/216|[from] pokemon: Mimikyu-Busted\n|move|p2a: Mimikyu|Shadow Sneak|p1a: Basculin\n|-damage|p1a: Basculin|0 fnt\n|faint|p1a: Basculin\n|-damage|p2a: Mimikyu|147/216|[from] item: Life Orb\n|\n|win|Vitoran\n|raw|Node's rating: 2321 &rarr; <strong>2303</strong><br />(-18 for losing)\n|raw|Vitoran's rating: 2354 &rarr; <strong>2372</strong><br />(+18 for winning)\n|l|\u2606Node\n|player|p1|\n", "inputlog": ">version 07a496376195f222b7c6b2699e264b68c37d3bc4\n>start {\"formatid\":\"gen9randombattle\",\"seed\":[42201,12954,23434,42613],\"rated\":\"Rated battle\"}\n>player p1 {\"name\":\"Node\",\"avatar\":\"#agplviblackpink\",\"rating\":2321,\"seed\":[8851,36024,8919,51358]}\n>player p2 {\"name\":\"Vitoran\",\"avatar\":\"nemona-v\",\"rating\":2354,\"seed\":[10876,31860,12306,14528]}\n>chat \u2606Vitoran|glhf\n>chat \u2606Vitoran|cool ava\n>chat \u2606Node|u2\n>chat \u2606Node|ty!\n>p1 move torchsong\n>p2 move glare\n>p1 move torchsong\n>p2 move earthquake\n>p1 move torchsong\n>p2 move roost\n>p1 move torchsong\n>p2 move roost\n>p1 move torchsong\n>p2 move earthquake\n>p1 move torchsong\n>p2 move earthquake\n>p1 switch 3\n>p1 move wavecrash\n>p2 move glare\n>p2 switch 2\n>p1 switch 6\n>p2 move leafstorm\n>p1 move fireblast\n>p2 move leafstorm\n>p1 switch 2\n>p1 move alluringvoice\n>p2 move leafstorm\n>p1 switch 4\n>p1 move shadowball\n>p2 switch 3\n>p1 switch 5\n>p2 move bloodmoon\n>p1 move flareblitz\n>p2 switch 5\n>p1 move flareblitz\n>p2 move bravebird\n>p2 switch 4\n>p1 switch 5\n>p2 move closecombat\n>p1 move shadowball\n>p2 move behemothblade\n>p1 move shadowball\n>p2 switch 5\n>p1 move darkpulse\n>p2 move bloodmoon\n>p1 switch 6\n>p1 move flipturn\n>p2 move vacuumwave\n>p1 switch 5\n>p2 switch 5\n>p1 switch 5\n>p2 move closecombat\n>p1 move aquajet\n>p2 switch 3\n>p2 switch 6\n>p1 switch 5\n>p2 move swordsdance\n>p1 move flareblitz\n>p2 move drainpunch\n>p1 switch 5\n>chat \u2606Vitoran|gg\n>chat \u2606Node|gg\n>p1 move aquajet terastallize\n>p2 move shadowsneak", "uploadtime": 1728537889, "views": 65, "formatid": "gen9randombattle", "rating": 2303, "private": 0, "password": null}