{"id": "gen9randombattle-2260283696", "format": "[Gen 9] Random Battle", "players": ["titofer", "Arxz"], "log": "|j|\u2606titofer\n|j|\u2606Arxz\n|t:|1733834908\n|gametype|singles\n|player|p1|titofer|linebacker|1987\n|player|p2|Arxz|hoopster|2028\n|teamsize|p1|6\n|teamsize|p2|6\n|gen|9\n|tier|[Gen 9] Random Battle\n|rated|\n|rule|Species Clause: Limit one of each Pok\u00e9mon\n|rule|HP Percentage Mod: HP is shown in percentages\n|rule|Sleep Clause Mod: Limit one foe put to sleep\n|rule|Illusion Level Mod: Illusion disguises the Pok\u00e9mon's true level\n|\n|t:|1733834908\n|start\n|switch|p1a: Giratina|Giratina, L75|349/349\n|switch|p2a: Munkidori|Munkidori, L79, M|269/269\n|-ability|p1a: Giratina|Pressure\n|turn|1\n|inactive|Battle timer is ON: inactive players will automatically lose when time's up. (requested by titofer)\n|\n|t:|1733834927\n|move|p2a: Munkidori|U-turn|p1a: Giratina\n|-resisted|p1a: Giratina\n|-damage|p1a: Giratina|334/349\n|-status|p1a: Giratina|tox|[from] ability: Toxic Chain|[of] p2a: Munkidori\n|\n|t:|1733834935\n|switch|p2a: Krookodile|Krookodile, L80, F|283/283|[from] U-turn\n|-ability|p2a: Krookodile|Intimidate|boost\n|-unboost|p1a: Giratina|atk|1\n|move|p1a: Giratina|Dragon Tail|p2a: Krookodile\n|-damage|p2a: Krookodile|244/283\n|drag|p2a: Electivire|Electivire, L84, M|263/263\n|\n|-heal|p1a: Giratina|349/349 tox|[from] item: Leftovers\n|-damage|p1a: Giratina|328/349 tox|[from] psn\n|upkeep\n|turn|2\n|\n|t:|1733834943\n|move|p2a: Electivire|Ice Punch|p1a: Giratina\n|-supereffective|p1a: Giratina\n|-damage|p1a: Giratina|195/349 tox\n|-damage|p2a: Electivire|237/263|[from] item: Life Orb\n|move|p1a: Giratina|Shadow Ball|p2a: Electivire\n|-damage|p2a: Electivire|162/263\n|-unboost|p2a: Electivire|spd|1\n|\n|-heal|p1a: Giratina|216/349 tox|[from] item: Leftovers\n|-damage|p1a: Giratina|174/349 tox|[from] psn\n|upkeep\n|turn|3\n|\n|t:|1733834950\n|switch|p2a: Krookodile|Krookodile, L80, F|244/283\n|-ability|p2a: Krookodile|Intimidate|boost\n|-unboost|p1a: Giratina|atk|1\n|switch|p1a: Eelektross|Eelektross, L87, F|290/290\n|\n|upkeep\n|turn|4\n|\n|t:|1733834958\n|move|p2a: Krookodile|Stealth Rock|p1a: Eelektross\n|-sidestart|p1: titofer|move: Stealth Rock\n|move|p1a: Eelektross|Coil|p1a: Eelektross\n|-boost|p1a: Eelektross|atk|1\n|-boost|p1a: Eelektross|def|1\n|-boost|p1a: Eelektross|accuracy|1\n|\n|upkeep\n|turn|5\n|\n|t:|1733834966\n|switch|p2a: Munkidori|Munkidori, L79, M|269/269\n|move|p1a: Eelektross|Drain Punch|p2a: Munkidori\n|-resisted|p2a: Munkidori\n|-damage|p2a: Munkidori|235/269\n|\n|upkeep\n|turn|6\n|\n|t:|1733834971\n|move|p2a: Munkidori|Fake Out|p1a: Eelektross\n|-damage|p1a: Eelektross|274/290\n|cant|p1a: Eelektross|flinch\n|\n|-heal|p1a: Eelektross|290/290|[from] item: Leftovers\n|upkeep\n|turn|7\n|\n|t:|1733834976\n|move|p2a: Munkidori|Psychic Noise|p1a: Eelektross\n|-damage|p1a: Eelektross|190/290\n|-start|p1a: Eelektross|move: Heal Block\n|move|p1a: Eelektross|Knock Off|p2a: Munkidori\n|-supereffective|p2a: Munkidori\n|-damage|p2a: Munkidori|0 fnt\n|-enditem|p2a: Munkidori|Assault Vest|[from] move: Knock Off|[of] p1a: Eelektross\n|faint|p2a: Munkidori\n|\n|upkeep\n|\n|t:|1733834988\n|switch|p2a: Darkrai|Darkrai, L77|234/234\n|turn|8\n|\n|t:|1733834995\n|move|p2a: Darkrai|Dark Pulse|p1a: Eelektross\n|-damage|p1a: Eelektross|57/290\n|-damage|p2a: Darkrai|211/234|[from] item: Life Orb\n|move|p1a: Eelektross|Supercell Slam|p2a: Darkrai\n|-damage|p2a: Darkrai|0 fnt\n|faint|p2a: Darkrai\n|\n|-end|p1a: Eelektross|move: Heal Block\n|upkeep\n|\n|t:|1733835007\n|switch|p2a: Krookodile|Krookodile, L80, F|244/283\n|-ability|p2a: Krookodile|Intimidate|boost\n|-unboost|p1a: Eelektross|atk|1\n|turn|9\n|\n|t:|1733835020\n|switch|p1a: Vileplume|Vileplume, L85, M|266/266\n|-damage|p1a: Vileplume|233/266|[from] Stealth Rock\n|move|p2a: Krookodile|Stone Edge|p1a: Vileplume\n|-crit|p1a: Vileplume\n|-damage|p1a: Vileplume|78/266\n|-damage|p2a: Krookodile|216/283|[from] item: Life Orb\n|\n|-heal|p1a: Vileplume|94/266|[from] item: Leftovers\n|upkeep\n|turn|10\n|\n|t:|1733835026\n|move|p2a: Krookodile|Earthquake|p1a: Vileplume\n|-damage|p1a: Vileplume|0 fnt\n|faint|p1a: Vileplume\n|-damage|p2a: Krookodile|188/283|[from] item: Life Orb\n|\n|upkeep\n|\n|t:|1733835032\n|switch|p1a: Salamence|Salamence, L77, M|273/273\n|-ability|p1a: Salamence|Intimidate|boost\n|-unboost|p2a: Krookodile|atk|1\n|turn|11\n|\n|t:|1733835037\n|switch|p1a: Eelektross|Eelektross, L87, F|57/290\n|-damage|p1a: Eelektross|21/290|[from] Stealth Rock\n|switch|p2a: Orthworm|Orthworm, L88, M|266/266\n|\n|-heal|p1a: Eelektross|39/290|[from] item: Leftovers\n|upkeep\n|turn|12\n|\n|t:|1733835048\n|move|p2a: Orthworm|Body Press|p1a: Eelektross\n|-damage|p1a: Eelektross|0 fnt\n|faint|p1a: Eelektross\n|\n|upkeep\n|\n|t:|1733835053\n|switch|p1a: Giratina|Giratina, L75|174/349 tox\n|-damage|p1a: Giratina|131/349 tox|[from] Stealth Rock\n|-ability|p1a: Giratina|Pressure\n|turn|13\n|\n|t:|1733835062\n|switch|p2a: Krookodile|Krookodile, L80, F|188/283\n|-ability|p2a: Krookodile|Intimidate|boost\n|-unboost|p1a: Giratina|atk|1\n|move|p1a: Giratina|Rest|p1a: Giratina\n|-status|p1a: Giratina|slp|[from] move: Rest\n|-heal|p1a: Giratina|349/349 slp|[silent]\n|\n|upkeep\n|turn|14\n|\n|t:|1733835068\n|switch|p1a: Zacian|Zacian-Crowned, L64|225/225\n|-damage|p1a: Zacian|211/225|[from] Stealth Rock\n|-ability|p1a: Zacian|Intrepid Sword|boost\n|-boost|p1a: Zacian|atk|1\n|move|p2a: Krookodile|Knock Off|p1a: Zacian\n|-resisted|p1a: Zacian\n|-damage|p1a: Zacian|162/225\n|-damage|p2a: Krookodile|160/283|[from] item: Life Orb\n|\n|upkeep\n|turn|15\n|\n|t:|1733835073\n|switch|p2a: Vikavolt|Vikavolt, L83, M|263/263\n|move|p1a: Zacian|Close Combat|p2a: Vikavolt\n|-resisted|p2a: Vikavolt\n|-damage|p2a: Vikavolt|209/263\n|-unboost|p1a: Zacian|def|1\n|-unboost|p1a: Zacian|spd|1\n|\n|upkeep\n|turn|16\n|\n|t:|1733835079\n|move|p1a: Zacian|Play Rough|p2a: Vikavolt|[miss]\n|-miss|p1a: Zacian|p2a: Vikavolt\n|move|p2a: Vikavolt|Discharge|p1a: Zacian\n|-damage|p1a: Zacian|0 fnt\n|faint|p1a: Zacian\n|\n|upkeep\n|\n|t:|1733835082\n|switch|p1a: Flareon|Flareon, L90, F|263/263\n|-damage|p1a: Flareon|198/263|[from] Stealth Rock\n|turn|17\n|\n|t:|1733835094\n|move|p1a: Flareon|Trailblaze|p2a: Vikavolt\n|-resisted|p2a: Vikavolt\n|-damage|p2a: Vikavolt|184/263\n|-boost|p1a: Flareon|spe|1\n|move|p2a: Vikavolt|Discharge|p1a: Flareon\n|-damage|p1a: Flareon|105/263\n|\n|-status|p1a: Flareon|tox|[from] item: Toxic Orb\n|upkeep\n|turn|18\n|\n|t:|1733835116\n|-terastallize|p1a: Flareon|Normal\n|move|p1a: Flareon|Facade|p2a: Vikavolt\n|-damage|p2a: Vikavolt|0 fnt\n|faint|p2a: Vikavolt\n|\n|-damage|p1a: Flareon|89/263 tox|[from] psn\n|upkeep\n|\n|t:|1733835124\n|switch|p2a: Krookodile|Krookodile, L80, F|160/283\n|-ability|p2a: Krookodile|Intimidate|boost\n|-unboost|p1a: Flareon|atk|1\n|turn|19\n|\n|t:|1733835136\n|switch|p2a: Orthworm|Orthworm, L88, M|266/266\n|move|p1a: Flareon|Flare Blitz|p2a: Orthworm\n|-supereffective|p2a: Orthworm\n|-damage|p2a: Orthworm|26/266\n|-damage|p1a: Flareon|10/263 tox|[from] Recoil\n|\n|-damage|p1a: Flareon|0 fnt|[from] psn\n|faint|p1a: Flareon\n|upkeep\n|\n|t:|1733835140\n|switch|p1a: Salamence|Salamence, L77, M|273/273\n|-ability|p1a: Salamence|Intimidate|boost\n|-unboost|p2a: Orthworm|atk|1\n|turn|20\n|\n|t:|1733835153\n|move|p1a: Salamence|Outrage|p2a: Orthworm\n|-resisted|p2a: Orthworm\n|-damage|p2a: Orthworm|0 fnt\n|faint|p2a: Orthworm\n|\n|upkeep\n|\n|t:|1733835156\n|switch|p2a: Krookodile|Krookodile, L80, F|160/283\n|-ability|p2a: Krookodile|Intimidate|boost\n|-unboost|p1a: Salamence|atk|1\n|turn|21\n|\n|t:|1733835163\n|move|p1a: Salamence|Outrage|p2a: Krookodile|[from]lockedmove\n|-damage|p2a: Krookodile|60/283\n|move|p2a: Krookodile|Stone Edge|p1a: Salamence|[miss]\n|-miss|p2a: Krookodile|p1a: Salamence\n|\n|upkeep\n|turn|22\n|\n|t:|1733835170\n|move|p1a: Salamence|Outrage|p2a: Krookodile|[from]lockedmove\n|-damage|p2a: Krookodile|0 fnt\n|faint|p2a: Krookodile\n|-start|p1a: Salamence|confusion|[fatigue]\n|\n|upkeep\n|\n|t:|1733835173\n|switch|p2a: Electivire|Electivire, L84, M|162/263\n|turn|23\n|\n|t:|1733835193\n|-terastallize|p2a: Electivire|Flying\n|move|p2a: Electivire|Bulk Up|p2a: Electivire\n|-boost|p2a: Electivire|atk|1\n|-boost|p2a: Electivire|def|1\n|-activate|p1a: Salamence|confusion\n|-damage|p1a: Salamence|246/273|[from] confusion\n|\n|upkeep\n|turn|24\n|\n|t:|1733835200\n|move|p2a: Electivire|Bulk Up|p2a: Electivire\n|-boost|p2a: Electivire|atk|1\n|-boost|p2a: Electivire|def|1\n|-activate|p1a: Salamence|confusion\n|-damage|p1a: Salamence|222/273|[from] confusion\n|\n|upkeep\n|turn|25\n|\n|t:|1733835204\n|move|p2a: Electivire|Ice Punch|p1a: Salamence\n|-supereffective|p1a: Salamence\n|-damage|p1a: Salamence|0 fnt\n|faint|p1a: Salamence\n|-damage|p2a: Electivire|136/263|[from] item: Life Orb\n|\n|upkeep\n|\n|t:|1733835208\n|switch|p1a: Giratina|Giratina, L75|349/349 slp\n|-damage|p1a: Giratina|306/349 slp|[from] Stealth Rock\n|-ability|p1a: Giratina|Pressure\n|turn|26\n|\n|t:|1733835214\n|move|p2a: Electivire|Ice Punch|p1a: Giratina\n|-supereffective|p1a: Giratina\n|-damage|p1a: Giratina|15/349 slp\n|-damage|p2a: Electivire|110/263|[from] item: Life Orb\n|cant|p1a: Giratina|slp\n|move|p1a: Giratina|Sleep Talk|p1a: Giratina\n|move|p1a: Giratina|Shadow Ball|p2a: Electivire|[from]move: Sleep Talk\n|-damage|p2a: Electivire|34/263\n|\n|-heal|p1a: Giratina|36/349 slp|[from] item: Leftovers\n|upkeep\n|turn|27\n|-message|titofer forfeited.\n|\n|win|Arxz\n|raw|titofer's rating: 1987 &rarr; <strong>1969</strong><br />(-18 for losing)\n|raw|Arxz's rating: 2028 &rarr; <strong>2046</strong><br />(+18 for winning)\n|l|\u2606titofer\n|player|p1|\n", "inputlog": ">version bfd83cad13791eb5a5a409923076391caf6fb4d4\n>start {\"formatid\":\"gen9randombattle\",\"seed\":[22456,11337,48155,7795],\"rated\":\"Rated battle\"}\n>player p1 {\"name\":\"titofer\",\"avatar\":\"linebacker\",\"rating\":1987,\"seed\":[10668,24448,51441,35603]}\n>player p2 {\"name\":\"Arxz\",\"avatar\":\"hoopster\",\"rating\":2028,\"seed\":[28887,53012,4145,28554]}\n>p1 move dragontail\n>p2 move uturn\n>p2 switch 4\n>p1 move shadowball\n>p2 move icepunch\n>p1 switch 3\n>p2 switch 6\n>p1 move coil\n>p2 move stealthrock\n>p1 move drainpunch\n>p2 switch 4\n>p1 move knockoff\n>p2 move fakeout\n>p1 move knockoff\n>p2 move psychicnoise\n>p2 switch 3\n>p1 move supercellslam\n>p2 move darkpulse\n>p2 switch 4\n>p1 switch 6\n>p2 move stoneedge\n>p1 move strengthsap\n>p2 move earthquake\n>p1 switch 5\n>p1 switch 6\n>p2 switch 5\n>p1 move drainpunch\n>p2 move bodypress\n>p1 switch 3\n>p1 move rest\n>p2 switch 5\n>p1 switch 4\n>p2 move knockoff\n>p1 move closecombat\n>p2 switch 2\n>p1 move playrough\n>p2 move discharge\n>p1 switch 2\n>p1 move trailblaze\n>p2 move discharge\n>p1 move facade terastallize\n>p2 move discharge\n>p2 switch 2\n>p1 move flareblitz\n>p2 switch 5\n>p1 switch 6\n>p1 move outrage\n>p2 move rest\n>p2 switch 5\n>p1 move outrage\n>p2 move stoneedge\n>p1 move outrage\n>p2 move stoneedge\n>p2 switch 6\n>p1 move outrage\n>p2 move bulkup terastallize\n>p1 move outrage\n>p2 move bulkup\n>p1 move dragondance\n>p2 move icepunch\n>p1 switch 4\n>p1 move sleeptalk\n>p2 move icepunch\n>forcelose p1", "uploadtime": 1733835223, "views": 1, "formatid": "gen9randombattle", "rating": 1969, "private": 0, "password": null}