{"id": "gen9randombattle-2260622974", "format": "[Gen 9] Random Battle", "players": ["gengarop", "danrik"], "log": "|j|\u2606gengarop\n|j|\u2606danrik\n|t:|1733870486\n|gametype|singles\n|player|p1|gengarop|101|1658\n|player|p2|danrik|102|1697\n|teamsize|p1|6\n|teamsize|p2|6\n|gen|9\n|tier|[Gen 9] Random Battle\n|rated|\n|rule|Species Clause: Limit one of each Pok\u00e9mon\n|rule|HP Percentage Mod: HP is shown in percentages\n|rule|Sleep Clause Mod: Limit one foe put to sleep\n|rule|Illusion Level Mod: Illusion disguises the Pok\u00e9mon's true level\n|\n|t:|1733870486\n|start\n|switch|p1a: Slither Wing|Slither Wing, L81|270/270\n|switch|p2a: Toedscruel|Toedscruel, L87, M|281/281\n|turn|1\n|inactive|Battle timer is ON: inactive players will automatically lose when time's up. (requested by danrik)\n|\n|t:|1733870513\n|switch|p2a: Golurk|Golurk, L87|297/297\n|move|p1a: Slither Wing|U-turn|p2a: Golurk\n|-resisted|p2a: Golurk\n|-damage|p2a: Golurk|249/297\n|\n|t:|1733870526\n|-end|p1a: Slither Wing|Protosynthesis|[silent]\n|switch|p1a: Noivern|Noivern, L82, F|274/274|[from] U-turn\n|\n|upkeep\n|turn|2\n|\n|t:|1733870551\n|switch|p2a: Raichu|Raichu, L88, F|249/249\n|move|p1a: Noivern|Draco Meteor|p2a: Raichu|[miss]\n|-miss|p1a: Noivern|p2a: Raichu\n|\n|upkeep\n|turn|3\n|\n|t:|1733870567\n|switch|p1a: Raging Bolt|Raging Bolt, L78|323/323\n|move|p2a: Raichu|Knock Off|p1a: Raging Bolt\n|-damage|p1a: Raging Bolt|251/323\n|-enditem|p1a: Raging Bolt|Assault Vest|[from] move: Knock Off|[of] p2a: Raichu\n|\n|upkeep\n|turn|4\n|inactive|danrik has 120 seconds left.\n|\n|t:|1733870589\n|switch|p2a: Toedscruel|Toedscruel, L87, M|281/281\n|move|p1a: Raging Bolt|Draco Meteor|p2a: Toedscruel\n|-damage|p2a: Toedscruel|155/281\n|-unboost|p1a: Raging Bolt|spa|2\n|\n|-heal|p2a: Toedscruel|172/281|[from] item: Leftovers\n|upkeep\n|turn|5\n|\n|t:|1733870604\n|-end|p1a: Raging Bolt|Protosynthesis|[silent]\n|switch|p1a: Zebstrika|Zebstrika, L87, F|272/272\n|move|p2a: Toedscruel|Spore|p1a: Zebstrika\n|-status|p1a: Zebstrika|slp|[from] move: Spore\n|\n|-heal|p2a: Toedscruel|189/281|[from] item: Leftovers\n|upkeep\n|turn|6\n|\n|t:|1733870613\n|switch|p1a: Noivern|Noivern, L82, F|274/274\n|move|p2a: Toedscruel|Earth Power|p1a: Noivern\n|-immune|p1a: Noivern\n|\n|-heal|p2a: Toedscruel|206/281|[from] item: Leftovers\n|upkeep\n|turn|7\n|\n|t:|1733870622\n|switch|p2a: Glalie|Glalie, L96, F|309/309\n|move|p1a: Noivern|Draco Meteor|p2a: Glalie\n|-damage|p2a: Glalie|113/309\n|-unboost|p1a: Noivern|spa|2\n|\n|upkeep\n|turn|8\n|\n|t:|1733870635\n|switch|p1a: Slither Wing|Slither Wing, L81|270/270\n|move|p2a: Glalie|Freeze-Dry|p1a: Slither Wing\n|-damage|p1a: Slither Wing|189/270\n|\n|upkeep\n|turn|9\n|\n|t:|1733870643\n|switch|p2a: Golurk|Golurk, L87|249/297\n|move|p1a: Slither Wing|Will-O-Wisp|p2a: Golurk\n|-status|p2a: Golurk|brn\n|\n|-damage|p2a: Golurk|231/297 brn|[from] brn\n|upkeep\n|turn|10\n|\n|t:|1733870648\n|move|p1a: Slither Wing|U-turn|p2a: Golurk\n|-resisted|p2a: Golurk\n|-crit|p2a: Golurk\n|-damage|p2a: Golurk|158/297 brn\n|\n|t:|1733870655\n|-end|p1a: Slither Wing|Protosynthesis|[silent]\n|switch|p1a: Zebstrika|Zebstrika, L87, F|272/272 slp|[from] U-turn\n|move|p2a: Golurk|Stealth Rock|p1a: Zebstrika\n|-sidestart|p1: gengarop|move: Stealth Rock\n|\n|-damage|p2a: Golurk|140/297 brn|[from] brn\n|upkeep\n|turn|11\n|\n|t:|1733870662\n|switch|p2a: Toedscruel|Toedscruel, L87, M|206/281\n|cant|p1a: Zebstrika|slp\n|\n|-heal|p2a: Toedscruel|223/281|[from] item: Leftovers\n|upkeep\n|turn|12\n|\n|t:|1733870669\n|switch|p2a: Glalie|Glalie, L96, F|113/309\n|-curestatus|p1a: Zebstrika|slp|[msg]\n|move|p1a: Zebstrika|Overheat|p2a: Glalie\n|-supereffective|p2a: Glalie\n|-damage|p2a: Glalie|0 fnt\n|-unboost|p1a: Zebstrika|spa|2\n|faint|p2a: Glalie\n|-damage|p1a: Zebstrika|245/272|[from] item: Life Orb\n|\n|upkeep\n|\n|t:|1733870679\n|switch|p2a: Toedscruel|Toedscruel, L87, M|223/281\n|turn|13\n|\n|t:|1733870684\n|move|p1a: Zebstrika|Overheat|p2a: Toedscruel|[miss]\n|-miss|p1a: Zebstrika|p2a: Toedscruel\n|move|p2a: Toedscruel|Spore|p1a: Zebstrika\n|-status|p1a: Zebstrika|slp|[from] move: Spore\n|\n|-heal|p2a: Toedscruel|240/281|[from] item: Leftovers\n|upkeep\n|turn|14\n|\n|t:|1733870691\n|switch|p1a: Noivern|Noivern, L82, F|274/274\n|-damage|p1a: Noivern|206/274|[from] Stealth Rock\n|move|p2a: Toedscruel|Earth Power|p1a: Noivern\n|-immune|p1a: Noivern\n|\n|-heal|p2a: Toedscruel|257/281|[from] item: Leftovers\n|upkeep\n|turn|15\n|\n|t:|1733870698\n|switch|p2a: Raichu|Raichu, L88, F|249/249\n|move|p1a: Noivern|Draco Meteor|p2a: Raichu\n|-damage|p2a: Raichu|105/249\n|-unboost|p1a: Noivern|spa|2\n|\n|upkeep\n|turn|16\n|\n|t:|1733870706\n|switch|p1a: Zebstrika|Zebstrika, L87, F|245/272 slp\n|-damage|p1a: Zebstrika|211/272 slp|[from] Stealth Rock\n|move|p2a: Raichu|Knock Off|p1a: Zebstrika\n|-damage|p1a: Zebstrika|121/272 slp\n|-enditem|p1a: Zebstrika|Life Orb|[from] move: Knock Off|[of] p2a: Raichu\n|\n|upkeep\n|turn|17\n|\n|t:|1733870713\n|cant|p1a: Zebstrika|slp\n|move|p2a: Raichu|Surf|p1a: Zebstrika\n|-damage|p1a: Zebstrika|44/272 slp\n|\n|upkeep\n|turn|18\n|\n|t:|1733870716\n|cant|p1a: Zebstrika|slp\n|move|p2a: Raichu|Surf|p1a: Zebstrika\n|-damage|p1a: Zebstrika|0 fnt\n|faint|p1a: Zebstrika\n|\n|upkeep\n|c|\u2606danrik|you hated that zebra\n|\n|t:|1733870729\n|switch|p1a: Noivern|Noivern, L82, F|206/274\n|-damage|p1a: Noivern|138/274|[from] Stealth Rock\n|turn|19\n|\n|t:|1733870734\n|switch|p2a: Golurk|Golurk, L87|140/297 brn\n|-terastallize|p1a: Noivern|Normal\n|move|p1a: Noivern|Boomburst|p2a: Golurk\n|-immune|p2a: Golurk\n|\n|-damage|p2a: Golurk|122/297 brn|[from] brn\n|upkeep\n|turn|20\n|\n|t:|1733870740\n|switch|p1a: Slither Wing|Slither Wing, L81|189/270\n|move|p2a: Golurk|Dynamic Punch|p1a: Slither Wing\n|-resisted|p1a: Slither Wing\n|-damage|p1a: Slither Wing|155/270\n|-start|p1a: Slither Wing|confusion\n|-damage|p2a: Golurk|93/297 brn|[from] item: Life Orb\n|\n|-damage|p2a: Golurk|75/297 brn|[from] brn\n|upkeep\n|turn|21\n|\n|t:|1733870751\n|-activate|p1a: Slither Wing|confusion\n|-damage|p1a: Slither Wing|118/270|[from] confusion\n|move|p2a: Golurk|Poltergeist|p1a: Slither Wing\n|-activate|p1a: Slither Wing|move: Poltergeist|Heavy-Duty Boots\n|-damage|p1a: Slither Wing|9/270\n|-damage|p2a: Golurk|46/297 brn|[from] item: Life Orb\n|\n|-damage|p2a: Golurk|28/297 brn|[from] brn\n|upkeep\n|turn|22\n|c|\u2606gengarop|fuck that zebstrika\n|c|\u2606gengarop|dumb ass\n|c|\u2606danrik|lmao\n|\n|t:|1733870771\n|-activate|p1a: Slither Wing|confusion\n|move|p1a: Slither Wing|Morning Sun|p1a: Slither Wing\n|-heal|p1a: Slither Wing|144/270\n|move|p2a: Golurk|Dynamic Punch|p1a: Slither Wing\n|-resisted|p1a: Slither Wing\n|-damage|p1a: Slither Wing|109/270\n|-damage|p2a: Golurk|0 fnt|[from] item: Life Orb\n|faint|p2a: Golurk\n|\n|upkeep\n|c|\u2606gengarop|useless fuck with sap sipper cant sap sip spore\n|n|\u203dgengarop|gengarop\n|c|~|/log gengarop was locked from talking by Artemis. (\u2606gengarop: useless fuck with sap sipper cant sap sip spore)\n|c|~|/raw <small>This action was done automatically. Want to learn more about the AI? <a href=\"https://www.smogon.com/forums/threads/3570628/#post-9056769\">Visit the information thread</a>.</small>\n|inactive|danrik has 120 seconds left.\n|\n|t:|1733870793\n|switch|p2a: Dusknoir|Dusknoir, L89, M|225/225\n|-item|p1a: Slither Wing|Heavy-Duty Boots|[from] ability: Frisk|[of] p2a: Dusknoir\n|turn|23\n|\n|t:|1733870798\n|-end|p1a: Slither Wing|confusion\n|move|p1a: Slither Wing|Will-O-Wisp|p2a: Dusknoir\n|-status|p2a: Dusknoir|brn\n|move|p2a: Dusknoir|Poltergeist|p1a: Slither Wing\n|-activate|p1a: Slither Wing|move: Poltergeist|Heavy-Duty Boots\n|-damage|p1a: Slither Wing|30/270\n|\n|-damage|p2a: Dusknoir|211/225 brn|[from] brn\n|upkeep\n|turn|24\n|\n|t:|1733870809\n|move|p2a: Dusknoir|Shadow Sneak|p1a: Slither Wing\n|-damage|p1a: Slither Wing|5/270\n|move|p1a: Slither Wing|Morning Sun|p1a: Slither Wing\n|-heal|p1a: Slither Wing|140/270\n|\n|-heal|p2a: Dusknoir|225/225 brn|[from] item: Leftovers\n|-damage|p2a: Dusknoir|211/225 brn|[from] brn\n|upkeep\n|turn|25\n|-message|danrik forfeited.\n|\n|win|gengarop\n", "inputlog": ">version bfd83cad13791eb5a5a409923076391caf6fb4d4\n>start {\"formatid\":\"gen9randombattle\",\"seed\":[37016,22619,32023,13774],\"rated\":\"Rated battle\"}\n>player p1 {\"name\":\"gengarop\",\"avatar\":\"101\",\"rating\":1658,\"seed\":[48573,28116,59367,7319]}\n>player p2 {\"name\":\"danrik\",\"avatar\":\"102\",\"rating\":1697,\"seed\":[4694,55533,25367,42984]}\n>p1 move uturn\n>p2 switch 3\n>p1 switch 4\n>p1 move dracometeor\n>p2 switch 2\n>p1 switch 5\n>p2 move knockoff\n>p1 move dracometeor\n>p2 switch 3\n>p1 switch 3\n>p2 move spore\n>p1 switch 5\n>p2 move earthpower\n>p1 move dracometeor\n>p2 switch 5\n>p1 switch 4\n>p2 move freezedry\n>p1 move willowisp\n>p2 switch 2\n>p1 move uturn\n>p2 move stealthrock\n>p1 switch 5\n>p1 move overheat\n>p2 switch 5\n>p1 move overheat\n>p2 switch 2\n>p2 switch 2\n>p1 move overheat\n>p2 move spore\n>p1 switch 4\n>p2 move earthpower\n>p1 move dracometeor\n>p2 switch 3\n>p1 switch 4\n>p2 move knockoff\n>p1 move highhorsepower\n>p2 move surf\n>p1 move highhorsepower\n>p2 move surf\n>chat \u2606danrik|you hated that zebra\n>p1 switch 4\n>p1 move boomburst terastallize\n>p2 switch 5\n>p1 switch 5\n>p2 move dynamicpunch\n>p1 move morningsun\n>p2 move poltergeist\n>chat \u2606gengarop|fuck that zebstrika\n>chat \u2606gengarop|dumb ass\n>chat \u2606danrik|lmao\n>p1 move morningsun\n>p2 move dynamicpunch\n>chat \u2606gengarop|useless fuck with sap sipper cant sap sip spore\n>p2 switch 6\n>p1 move willowisp\n>p2 move poltergeist\n>p1 move morningsun\n>p2 move shadowsneak\n>forcelose p2", "uploadtime": 1733870777, "views": 1, "formatid": "gen9randombattle", "rating": null, "private": 0, "password": null}