{"id": "gen9randombattle-2260583077", "format": "[Gen 9] Random Battle", "players": ["ToxicWyvern", "chatis"], "log": "|j|\u2606ToxicWyvern\n|j|\u203dchatis\n|t:|1733866003\n|gametype|singles\n|player|p1|ToxicWyvern|ethan|1680\n|player|p2|chatis|misty|1675\n|teamsize|p1|6\n|teamsize|p2|6\n|gen|9\n|tier|[Gen 9] Random Battle\n|rated|\n|rule|Species Clause: Limit one of each Pok\u00e9mon\n|rule|HP Percentage Mod: HP is shown in percentages\n|rule|Sleep Clause Mod: Limit one foe put to sleep\n|rule|Illusion Level Mod: Illusion disguises the Pok\u00e9mon's true level\n|\n|t:|1733866003\n|start\n|switch|p1a: Azelf|Azelf, L82|257/257\n|switch|p2a: Rabsca|Rabsca, L91, F|284/284\n|turn|1\n|\n|t:|1733866025\n|move|p1a: Azelf|Fire Blast|p2a: Rabsca\n|-supereffective|p2a: Rabsca\n|-damage|p2a: Rabsca|60/284\n|move|p2a: Rabsca|Bug Buzz|p1a: Azelf\n|-supereffective|p1a: Azelf\n|-damage|p1a: Azelf|0 fnt\n|faint|p1a: Azelf\n|\n|upkeep\n|inactive|Battle timer is ON: inactive players will automatically lose when time's up. (requested by chatis)\n|inactive|ToxicWyvern has 120 seconds left.\n|\n|t:|1733866083\n|switch|p1a: Palafin|Palafin, L77, M|281/281\n|turn|2\n|\n|t:|1733866089\n|switch|p2a: Vaporeon|Vaporeon, L86, F|364/364\n|move|p1a: Palafin|Flip Turn|p2a: Vaporeon\n|-immune|p2a: Vaporeon|[from] ability: Water Absorb\n|\n|upkeep\n|turn|3\n|\n|t:|1733866093\n|detailschange|p1a: Palafin|Palafin-Hero, L77, M\n|switch|p1a: Ampharos|Ampharos, L88, F|302/302\n|move|p2a: Vaporeon|Wish|p2a: Vaporeon\n|\n|upkeep\n|turn|4\n|\n|t:|1733866108\n|move|p2a: Vaporeon|Protect|p2a: Vaporeon\n|-singleturn|p2a: Vaporeon|Protect\n|move|p1a: Ampharos|Thunderbolt|p2a: Vaporeon\n|-activate|p2a: Vaporeon|move: Protect\n|\n|upkeep\n|turn|5\n|\n|t:|1733866112\n|switch|p2a: Ditto|Ditto, L87|225/225\n|-transform|p2a: Ditto|p1a: Ampharos|[from] ability: Imposter\n|move|p1a: Ampharos|Agility|p1a: Ampharos\n|-boost|p1a: Ampharos|spe|2\n|\n|upkeep\n|turn|6\n|\n|t:|1733866128\n|move|p1a: Ampharos|Focus Blast|p2a: Ditto\n|-damage|p2a: Ditto|91/225\n|-damage|p1a: Ampharos|272/302|[from] item: Life Orb\n|move|p2a: Ditto|Dazzling Gleam|p1a: Ampharos\n|-damage|p1a: Ampharos|206/302\n|\n|upkeep\n|turn|7\n|\n|t:|1733866133\n|move|p1a: Ampharos|Dazzling Gleam|p2a: Ditto\n|-damage|p2a: Ditto|3/225\n|-damage|p1a: Ampharos|176/302|[from] item: Life Orb\n|move|p2a: Ditto|Dazzling Gleam|p1a: Ampharos\n|-damage|p1a: Ampharos|107/302\n|\n|upkeep\n|turn|8\n|\n|t:|1733866144\n|move|p1a: Ampharos|Thunderbolt|p2a: Ditto\n|-resisted|p2a: Ditto\n|-damage|p2a: Ditto|0 fnt\n|faint|p2a: Ditto\n|-damage|p1a: Ampharos|77/302|[from] item: Life Orb\n|\n|upkeep\n|\n|t:|1733866150\n|switch|p2a: Torkoal|Torkoal, L88, M|266/266\n|-weather|SunnyDay|[from] ability: Drought|[of] p2a: Torkoal\n|turn|9\n|\n|t:|1733866165\n|move|p1a: Ampharos|Thunderbolt|p2a: Torkoal\n|-damage|p2a: Torkoal|85/266\n|-damage|p1a: Ampharos|47/302|[from] item: Life Orb\n|move|p2a: Torkoal|Stealth Rock|p1a: Ampharos\n|-sidestart|p1: ToxicWyvern|move: Stealth Rock\n|\n|-weather|SunnyDay|[upkeep]\n|upkeep\n|turn|10\n|\n|t:|1733866173\n|move|p1a: Ampharos|Thunderbolt|p2a: Torkoal\n|-damage|p2a: Torkoal|0 fnt\n|faint|p2a: Torkoal\n|-damage|p1a: Ampharos|17/302|[from] item: Life Orb\n|\n|-weather|SunnyDay|[upkeep]\n|upkeep\n|\n|t:|1733866176\n|switch|p2a: Rabsca|Rabsca, L91, F|60/284\n|turn|11\n|\n|t:|1733866178\n|move|p1a: Ampharos|Thunderbolt|p2a: Rabsca\n|-damage|p2a: Rabsca|0 fnt\n|faint|p2a: Rabsca\n|-damage|p1a: Ampharos|0 fnt|[from] item: Life Orb\n|faint|p1a: Ampharos\n|\n|-weather|SunnyDay|[upkeep]\n|upkeep\n|\n|t:|1733866189\n|switch|p1a: Copperajah|Copperajah, L86, M|349/349\n|switch|p2a: Vaporeon|Vaporeon, L86, F|364/364\n|-damage|p1a: Copperajah|328/349|[from] Stealth Rock\n|turn|12\n|\n|t:|1733866193\n|move|p2a: Vaporeon|Wish|p2a: Vaporeon\n|move|p1a: Copperajah|Knock Off|p2a: Vaporeon\n|-damage|p2a: Vaporeon|193/364\n|-enditem|p2a: Vaporeon|Leftovers|[from] move: Knock Off|[of] p1a: Copperajah\n|\n|-weather|SunnyDay|[upkeep]\n|upkeep\n|turn|13\n|\n|t:|1733866198\n|switch|p1a: Dragonite|Dragonite, L74, F|257/257\n|move|p2a: Vaporeon|Scald|p1a: Dragonite\n|-resisted|p1a: Dragonite\n|-damage|p1a: Dragonite|245/257\n|\n|-weather|none\n|-heal|p2a: Vaporeon|364/364|[from] move: Wish|[wisher] Vaporeon\n|upkeep\n|turn|14\n|\n|t:|1733866204\n|move|p1a: Dragonite|Dragon Dance|p1a: Dragonite\n|-boost|p1a: Dragonite|atk|1\n|-boost|p1a: Dragonite|spe|1\n|move|p2a: Vaporeon|Ice Beam|p1a: Dragonite\n|-supereffective|p1a: Dragonite\n|-damage|p1a: Dragonite|0 fnt\n|faint|p1a: Dragonite\n|\n|upkeep\n|\n|t:|1733866210\n|switch|p1a: Copperajah|Copperajah, L86, M|328/349\n|-damage|p1a: Copperajah|307/349|[from] Stealth Rock\n|turn|15\n|\n|t:|1733866213\n|move|p2a: Vaporeon|Wish|p2a: Vaporeon\n|move|p1a: Copperajah|Supercell Slam|p2a: Vaporeon\n|-supereffective|p2a: Vaporeon\n|-damage|p2a: Vaporeon|0 fnt\n|faint|p2a: Vaporeon\n|\n|upkeep\n|\n|t:|1733866217\n|switch|p2a: Sneasler|Sneasler, L74, M|240/240\n|turn|16\n|\n|t:|1733866222\n|move|p2a: Sneasler|Close Combat|p1a: Copperajah\n|-supereffective|p1a: Copperajah\n|-damage|p1a: Copperajah|0 fnt\n|-unboost|p2a: Sneasler|def|1\n|-unboost|p2a: Sneasler|spd|1\n|faint|p1a: Copperajah\n|\n|upkeep\n|\n|t:|1733866228\n|switch|p1a: Volcanion|Volcanion, L79|255/255\n|-damage|p1a: Volcanion|192/255|[from] Stealth Rock\n|turn|17\n|\n|t:|1733866237\n|-terastallize|p2a: Sneasler|Fighting\n|move|p2a: Sneasler|Close Combat|p1a: Volcanion\n|-damage|p1a: Volcanion|0 fnt\n|-unboost|p2a: Sneasler|def|1\n|-unboost|p2a: Sneasler|spd|1\n|faint|p1a: Volcanion\n|\n|upkeep\n|\n|t:|1733866239\n|switch|p1a: Palafin|Palafin-Hero, L77, M|281/281\n|-damage|p1a: Palafin|246/281|[from] Stealth Rock\n|-activate|p1a: Palafin|ability: Zero to Hero\n|turn|18\n|\n|t:|1733866243\n|switch|p2a: Tornadus|Tornadus-Therian, L79, M|254/254\n|move|p1a: Palafin|Jet Punch|p2a: Tornadus\n|-damage|p2a: Tornadus|125/254\n|\n|upkeep\n|turn|19\n|\n|t:|1733866249\n|move|p1a: Palafin|Jet Punch|p2a: Tornadus\n|-damage|p2a: Tornadus|0 fnt\n|faint|p2a: Tornadus\n|\n|upkeep\n|\n|t:|1733866251\n|switch|p2a: Sneasler|Sneasler, L74, M, tera:Fighting|240/240\n|turn|20\n|\n|t:|1733866252\n|move|p1a: Palafin|Jet Punch|p2a: Sneasler\n|-damage|p2a: Sneasler|78/240\n|move|p2a: Sneasler|Close Combat|p1a: Palafin\n|-damage|p1a: Palafin|0 fnt\n|-unboost|p2a: Sneasler|def|1\n|-unboost|p2a: Sneasler|spd|1\n|faint|p1a: Palafin\n|\n|win|chatis\n|raw|ToxicWyvern's rating: 1680 &rarr; <strong>1660</strong><br />(-20 for losing)\n|raw|chatis's rating: 1675 &rarr; <strong>1695</strong><br />(+20 for winning)\n|l|\u203dchatis\n|player|p2|\n|c|\u2606ToxicWyvern|gg\n", "inputlog": ">version bfd83cad13791eb5a5a409923076391caf6fb4d4\n>start {\"formatid\":\"gen9randombattle\",\"seed\":[4290,5341,49167,59177],\"rated\":\"Rated battle\"}\n>player p1 {\"name\":\"ToxicWyvern\",\"avatar\":\"ethan\",\"rating\":1680,\"seed\":[40455,11404,54890,41145]}\n>player p2 {\"name\":\"chatis\",\"avatar\":\"misty\",\"rating\":1675,\"seed\":[18223,26802,287,60188]}\n>p1 move fireblast\n>p2 move bugbuzz\n>p1 switch 2\n>p1 move flipturn\n>p2 switch 3\n>p1 switch 6\n>p2 move wish\n>p1 move thunderbolt\n>p2 move protect\n>p1 move agility\n>p2 switch 4\n>p1 move focusblast\n>p2 move dazzlinggleam\n>p1 move dazzlinggleam\n>p2 move dazzlinggleam\n>p1 move thunderbolt\n>p2 move dazzlinggleam\n>p2 switch 2\n>p1 move thunderbolt\n>p2 move stealthrock\n>p1 move thunderbolt\n>p2 move lavaplume\n>p2 switch 3\n>p1 move thunderbolt\n>p2 move revivalblessing\n>p1 switch 4\n>p2 switch 4\n>p1 move knockoff\n>p2 move wish\n>p1 switch 3\n>p2 move scald\n>p1 move dragondance\n>p2 move icebeam\n>p1 switch 3\n>p1 move supercellslam\n>p2 move wish\n>p2 switch 6\n>p1 move supercellslam\n>p2 move closecombat\n>p1 switch 5\n>p1 move steameruption\n>p2 move closecombat terastallize\n>p1 switch 6\n>p1 move jetpunch\n>p2 switch 5\n>p1 move jetpunch\n>p2 move grassknot\n>p2 switch 5\n>p1 move jetpunch\n>p2 move closecombat", "uploadtime": 1733866266, "views": 1, "formatid": "gen9randombattle", "rating": 1660, "private": 0, "password": null}