{"id": "gen9randombattle-2260911140", "format": "[Gen 9] Random Battle", "players": ["Yavhar", "Haiirok"], "log": "|j|\u2606Yavhar\n|j|\u2606Haiirok\n|t:|1733915364\n|gametype|singles\n|player|p1|Yavhar|265|1143\n|player|p2|Haiirok|pokemaniac|1105\n|teamsize|p1|6\n|teamsize|p2|6\n|gen|9\n|tier|[Gen 9] Random Battle\n|rated|\n|rule|Species Clause: Limit one of each Pok\u00e9mon\n|rule|HP Percentage Mod: HP is shown in percentages\n|rule|Sleep Clause Mod: Limit one foe put to sleep\n|rule|Illusion Level Mod: Illusion disguises the Pok\u00e9mon's true level\n|\n|t:|1733915364\n|start\n|switch|p1a: Suicune|Suicune, L82|298/298\n|switch|p2a: Appletun|Appletun, L92, M|352/352\n|-ability|p1a: Suicune|Pressure\n|turn|1\n|\n|t:|1733915383\n|switch|p1a: Muk|Muk-Alola, L82, M|306/306\n|move|p2a: Appletun|Apple Acid|p1a: Muk\n|-resisted|p1a: Muk\n|-damage|p1a: Muk|276/306\n|-unboost|p1a: Muk|spd|1\n|\n|upkeep\n|turn|2\n|\n|t:|1733915403\n|switch|p2a: Medicham|Medicham, L86, M|243/243\n|move|p1a: Muk|Gunk Shot|p2a: Medicham|[miss]\n|-miss|p1a: Muk|p2a: Medicham\n|\n|upkeep\n|turn|3\n|\n|t:|1733915422\n|switch|p1a: Magearna|Magearna, L77|250/250\n|move|p2a: Medicham|Close Combat|p1a: Magearna\n|-damage|p1a: Magearna|7/250\n|-unboost|p2a: Medicham|def|1\n|-unboost|p2a: Medicham|spd|1\n|\n|-heal|p1a: Magearna|22/250|[from] item: Leftovers\n|upkeep\n|turn|4\n|\n|t:|1733915437\n|switch|p1a: Gurdurr|Gurdurr, L85, F|283/283\n|move|p2a: Medicham|Close Combat|p1a: Gurdurr\n|-damage|p1a: Gurdurr|106/283\n|-unboost|p2a: Medicham|def|1\n|-unboost|p2a: Medicham|spd|1\n|\n|upkeep\n|turn|5\n|\n|t:|1733915450\n|switch|p2a: Entei|Entei, L78|307/307\n|move|p1a: Gurdurr|Drain Punch|p2a: Entei\n|-damage|p2a: Entei|213/307\n|-heal|p1a: Gurdurr|153/283|[from] drain|[of] p2a: Entei\n|\n|upkeep\n|turn|6\n|\n|t:|1733915463\n|move|p1a: Gurdurr|Mach Punch|p2a: Entei\n|-damage|p2a: Entei|161/307\n|move|p2a: Entei|Flare Blitz|p1a: Gurdurr\n|-damage|p1a: Gurdurr|35/283\n|-damage|p2a: Entei|122/307|[from] Recoil\n|\n|upkeep\n|turn|7\n|\n|t:|1733915475\n|move|p2a: Entei|Flare Blitz|p1a: Gurdurr\n|-damage|p1a: Gurdurr|0 fnt\n|faint|p1a: Gurdurr\n|-damage|p2a: Entei|110/307|[from] Recoil\n|\n|upkeep\n|\n|t:|1733915482\n|switch|p1a: Suicune|Suicune, L82|298/298\n|-ability|p1a: Suicune|Pressure\n|turn|8\n|\n|t:|1733915487\n|switch|p2a: Appletun|Appletun, L92, M|352/352\n|move|p1a: Suicune|Scald|p2a: Appletun\n|-resisted|p2a: Appletun\n|-damage|p2a: Appletun|335/352\n|\n|-heal|p2a: Appletun|352/352|[from] item: Leftovers\n|upkeep\n|turn|9\n|inactive|Battle timer is ON: inactive players will automatically lose when time's up. (requested by Haiirok)\n|\n|t:|1733915546\n|switch|p1a: Raichu|Raichu-Alola, L87, F|246/246\n|move|p2a: Appletun|Apple Acid|p1a: Raichu\n|-damage|p1a: Raichu|150/246\n|-unboost|p1a: Raichu|spd|1\n|\n|upkeep\n|turn|10\n|inactive|Haiirok has 120 seconds left.\n|\n|t:|1733915590\n|switch|p2a: Medicham|Medicham, L86, M|243/243\n|move|p1a: Raichu|Alluring Voice|p2a: Medicham\n|-supereffective|p2a: Medicham\n|-damage|p2a: Medicham|41/243\n|\n|upkeep\n|turn|11\n|\n|t:|1733915602\n|move|p1a: Raichu|Alluring Voice|p2a: Medicham\n|-supereffective|p2a: Medicham\n|-damage|p2a: Medicham|0 fnt\n|faint|p2a: Medicham\n|\n|upkeep\n|\n|t:|1733915616\n|switch|p2a: Appletun|Appletun, L92, M|352/352\n|turn|12\n|\n|t:|1733915620\n|move|p1a: Raichu|Alluring Voice|p2a: Appletun\n|-supereffective|p2a: Appletun\n|-damage|p2a: Appletun|190/352\n|move|p2a: Appletun|Draco Meteor|p1a: Raichu\n|-damage|p1a: Raichu|0 fnt\n|-unboost|p2a: Appletun|spa|2\n|faint|p1a: Raichu\n|\n|-heal|p2a: Appletun|212/352|[from] item: Leftovers\n|upkeep\n|\n|t:|1733915640\n|switch|p1a: Muk|Muk-Alola, L82, M|276/306\n|turn|13\n|\n|t:|1733915652\n|switch|p2a: Crabominable|Crabominable, L90, M|321/321\n|move|p1a: Muk|Gunk Shot|p2a: Crabominable\n|-damage|p2a: Crabominable|200/321\n|-status|p2a: Crabominable|psn\n|\n|-damage|p2a: Crabominable|160/321 psn|[from] psn\n|upkeep\n|turn|14\n|\n|t:|1733915676\n|move|p1a: Muk|Shadow Sneak|p2a: Crabominable\n|-crit|p2a: Crabominable\n|-damage|p2a: Crabominable|115/321 psn\n|move|p2a: Crabominable|Drain Punch|p1a: Muk\n|-crit|p1a: Muk\n|-damage|p1a: Muk|24/306\n|-heal|p2a: Crabominable|241/321 psn|[from] drain|[of] p1a: Muk\n|\n|-damage|p2a: Crabominable|201/321 psn|[from] psn\n|upkeep\n|turn|15\n|\n|t:|1733915686\n|move|p2a: Crabominable|Drain Punch|p1a: Muk\n|-damage|p1a: Muk|0 fnt\n|-heal|p2a: Crabominable|213/321 psn|[from] drain|[of] p1a: Muk\n|faint|p1a: Muk\n|\n|-damage|p2a: Crabominable|173/321 psn|[from] psn\n|upkeep\n|\n|t:|1733915698\n|switch|p1a: Wugtrio|Wugtrio, L91, M|212/212\n|turn|16\n|inactive|Yavhar has 120 seconds left.\n|\n|t:|1733915716\n|move|p1a: Wugtrio|Throat Chop|p2a: Crabominable\n|-resisted|p2a: Crabominable\n|-damage|p2a: Crabominable|118/321 psn\n|-start|p2a: Crabominable|Throat Chop|[silent]\n|move|p2a: Crabominable|Ice Hammer|p1a: Wugtrio\n|-resisted|p1a: Wugtrio\n|-damage|p1a: Wugtrio|76/212\n|-unboost|p2a: Crabominable|spe|1\n|-ability|p1a: Wugtrio|Gooey\n|-unboost|p2a: Crabominable|spe|1\n|\n|-damage|p2a: Crabominable|78/321 psn|[from] psn\n|upkeep\n|turn|17\n|inactive|Yavhar has 120 seconds left.\n|\n|t:|1733915731\n|switch|p2a: Appletun|Appletun, L92, M|212/352\n|move|p1a: Wugtrio|Throat Chop|p2a: Appletun\n|-damage|p2a: Appletun|113/352\n|-start|p2a: Appletun|Throat Chop|[silent]\n|\n|-heal|p2a: Appletun|135/352|[from] item: Leftovers\n|upkeep\n|turn|18\n|inactive|Yavhar has 120 seconds left.\n|\n|t:|1733915749\n|move|p1a: Wugtrio|Throat Chop|p2a: Appletun\n|-damage|p2a: Appletun|32/352\n|move|p2a: Appletun|Leech Seed|p1a: Wugtrio\n|-start|p1a: Wugtrio|move: Leech Seed\n|\n|-heal|p2a: Appletun|54/352|[from] item: Leftovers\n|-damage|p1a: Wugtrio|50/212|[from] Leech Seed|[of] p2a: Appletun\n|-heal|p2a: Appletun|80/352|[silent]\n|-end|p2a: Appletun|Throat Chop|[silent]\n|upkeep\n|turn|19\n|inactive|Yavhar has 120 seconds left.\n|\n|t:|1733915761\n|move|p1a: Wugtrio|Throat Chop|p2a: Appletun\n|-damage|p2a: Appletun|0 fnt\n|faint|p2a: Appletun\n|\n|upkeep\n|\n|t:|1733915769\n|switch|p2a: Zebstrika|Zebstrika, L87, F|272/272\n|turn|20\n|inactive|Yavhar has 120 seconds left.\n|\n|t:|1733915799\n|-terastallize|p1a: Wugtrio|Ground\n|move|p1a: Wugtrio|Throat Chop|p2a: Zebstrika\n|-damage|p2a: Zebstrika|142/272\n|-start|p2a: Zebstrika|Throat Chop|[silent]\n|move|p2a: Zebstrika|Volt Switch|p1a: Wugtrio\n|-immune|p1a: Wugtrio\n|\n|-damage|p1a: Wugtrio|24/212|[from] Leech Seed|[of] p2a: Zebstrika\n|-heal|p2a: Zebstrika|168/272|[silent]\n|upkeep\n|turn|21\n|\n|t:|1733915822\n|move|p1a: Wugtrio|Throat Chop|p2a: Zebstrika\n|-damage|p2a: Zebstrika|49/272\n|move|p2a: Zebstrika|High Horsepower|p1a: Wugtrio\n|-damage|p1a: Wugtrio|0 fnt\n|-ability|p1a: Wugtrio|Gooey\n|-unboost|p2a: Zebstrika|spe|1\n|faint|p1a: Wugtrio\n|-damage|p2a: Zebstrika|22/272|[from] item: Life Orb\n|\n|-end|p2a: Zebstrika|Throat Chop|[silent]\n|upkeep\n|inactive|Yavhar has 90 seconds left.\n|\n|t:|1733915843\n|switch|p1a: Magearna|Magearna, L77|22/250\n|turn|22\n|inactive|Yavhar has 90 seconds left.\n|\n|t:|1733915868\n|move|p2a: Zebstrika|Overheat|p1a: Magearna\n|-supereffective|p1a: Magearna\n|-damage|p1a: Magearna|0 fnt\n|-unboost|p2a: Zebstrika|spa|2\n|faint|p1a: Magearna\n|-damage|p2a: Zebstrika|0 fnt|[from] item: Life Orb\n|faint|p2a: Zebstrika\n|\n|upkeep\n|\n|t:|1733915886\n|switch|p2a: Whiscash|Whiscash, L88, F|337/337\n|switch|p1a: Suicune|Suicune, L82|298/298\n|-ability|p1a: Suicune|Pressure\n|turn|23\n|\n|t:|1733915898\n|move|p1a: Suicune|Substitute|p1a: Suicune\n|-start|p1a: Suicune|Substitute\n|-damage|p1a: Suicune|224/298\n|move|p2a: Whiscash|Earthquake|p1a: Suicune\n|-end|p1a: Suicune|Substitute\n|\n|-heal|p1a: Suicune|242/298|[from] item: Leftovers\n|upkeep\n|turn|24\n|\n|t:|1733915911\n|move|p1a: Suicune|Calm Mind|p1a: Suicune\n|-boost|p1a: Suicune|spa|1\n|-boost|p1a: Suicune|spd|1\n|move|p2a: Whiscash|Spikes|p1a: Suicune\n|-sidestart|p1: Yavhar|Spikes\n|\n|-heal|p1a: Suicune|260/298|[from] item: Leftovers\n|upkeep\n|turn|25\n|inactive|Yavhar has 90 seconds left.\n|\n|t:|1733915918\n|move|p1a: Suicune|Calm Mind|p1a: Suicune\n|-boost|p1a: Suicune|spa|1\n|-boost|p1a: Suicune|spd|1\n|move|p2a: Whiscash|Earthquake|p1a: Suicune\n|-damage|p1a: Suicune|173/298\n|\n|-heal|p1a: Suicune|191/298|[from] item: Leftovers\n|upkeep\n|turn|26\n|inactive|Yavhar has 90 seconds left.\n|\n|t:|1733915932\n|move|p1a: Suicune|Calm Mind|p1a: Suicune\n|-boost|p1a: Suicune|spa|1\n|-boost|p1a: Suicune|spd|1\n|move|p2a: Whiscash|Earthquake|p1a: Suicune\n|-damage|p1a: Suicune|104/298\n|\n|-heal|p1a: Suicune|122/298|[from] item: Leftovers\n|upkeep\n|turn|27\n|\n|t:|1733915942\n|move|p1a: Suicune|Scald|p2a: Whiscash\n|-damage|p2a: Whiscash|123/337\n|-status|p2a: Whiscash|brn\n|move|p2a: Whiscash|Earthquake|p1a: Suicune\n|-damage|p1a: Suicune|78/298\n|\n|-heal|p1a: Suicune|96/298|[from] item: Leftovers\n|-heal|p2a: Whiscash|144/337 brn|[from] item: Leftovers\n|-damage|p2a: Whiscash|123/337 brn|[from] brn\n|upkeep\n|turn|28\n|\n|t:|1733915955\n|move|p1a: Suicune|Scald|p2a: Whiscash\n|-damage|p2a: Whiscash|0 fnt\n|faint|p2a: Whiscash\n|\n|-heal|p1a: Suicune|114/298|[from] item: Leftovers\n|upkeep\n|\n|t:|1733915969\n|switch|p2a: Crabominable|Crabominable, L90, M|78/321 psn\n|turn|29\n|\n|t:|1733915975\n|move|p1a: Suicune|Scald|p2a: Crabominable\n|-damage|p2a: Crabominable|0 fnt\n|faint|p2a: Crabominable\n|\n|-heal|p1a: Suicune|132/298|[from] item: Leftovers\n|upkeep\n|\n|t:|1733915983\n|switch|p2a: Entei|Entei, L78|110/307\n|turn|30\n|\n|t:|1733915995\n|move|p2a: Entei|Extreme Speed|p1a: Suicune\n|-damage|p1a: Suicune|59/298\n|move|p1a: Suicune|Scald|p2a: Entei\n|-supereffective|p2a: Entei\n|-damage|p2a: Entei|0 fnt\n|faint|p2a: Entei\n|\n|win|Yavhar\n|raw|Yavhar's rating: 1143 &rarr; <strong>1165</strong><br />(+22 for winning)\n|raw|Haiirok's rating: 1105 &rarr; <strong>1083</strong><br />(-22 for losing)\n|c|\u2606Haiirok|gg\n|l|\u2606Haiirok\n|player|p2|\n|c|\u2606Yavhar|Good one\n", "inputlog": ">version bfd83cad13791eb5a5a409923076391caf6fb4d4\n>start {\"formatid\":\"gen9randombattle\",\"seed\":[64546,38620,55638,23567],\"rated\":\"Rated battle\"}\n>player p1 {\"name\":\"Yavhar\",\"avatar\":\"265\",\"rating\":1143,\"seed\":[63639,8314,3480,5637]}\n>player p2 {\"name\":\"Haiirok\",\"avatar\":\"pokemaniac\",\"rating\":1105,\"seed\":[65290,55984,35211,43869]}\n>p1 switch 2\n>p2 move appleacid\n>p1 move gunkshot\n>p2 switch 2\n>p1 switch 4\n>p2 move closecombat\n>p1 switch 6\n>p2 move closecombat\n>p1 move drainpunch\n>p2 switch 5\n>p1 move machpunch\n>p2 move flareblitz\n>p1 move drainpunch\n>p2 move flareblitz\n>p1 switch 2\n>p1 move scald\n>p2 switch 2\n>p1 switch 5\n>p2 move appleacid\n>p1 move alluringvoice\n>p2 switch 5\n>p1 move alluringvoice\n>p2 move closecombat\n>p2 switch 5\n>p1 move alluringvoice\n>p2 move dracometeor\n>p1 switch 4\n>p1 move gunkshot\n>p2 switch 4\n>p1 move shadowsneak\n>p2 move drainpunch\n>p1 move gunkshot\n>p2 move drainpunch\n>p1 switch 3\n>p1 move throatchop\n>p2 move icehammer\n>p1 move throatchop\n>p2 switch 4\n>p1 move throatchop\n>p2 move leechseed\n>p1 move throatchop\n>p2 move appleacid\n>p2 switch 6\n>p1 move throatchop terastallize\n>p2 move voltswitch\n>p1 move throatchop\n>p2 move highhorsepower\n>p1 switch 6\n>p1 move fleurcannon\n>p2 move overheat\n>p1 switch 5\n>p2 switch 3\n>p1 move substitute\n>p2 move earthquake\n>p1 move calmmind\n>p2 move spikes\n>p1 move calmmind\n>p2 move earthquake\n>p1 move calmmind\n>p2 move earthquake\n>p1 move scald\n>p2 move earthquake\n>p1 move scald\n>p2 move earthquake\n>p2 switch 4\n>p1 move scald\n>p2 move drainpunch\n>p2 switch 2\n>p1 move scald\n>p2 move extremespeed", "uploadtime": 1733916034, "views": 2, "formatid": "gen9randombattle", "rating": 1083, "private": 0, "password": null}