{"id": "gen9randombattle-2260660930", "format": "[Gen 9] Random Battle", "players": ["iloveicespice", "ObamaKunduz"], "log": "|j|\u2606iloveicespice\n|j|\u2606ObamaKunduz\n|t:|1733875152\n|gametype|singles\n|player|p1|iloveicespice|teamrocket|\n|player|p2|ObamaKunduz|2|\n|teamsize|p1|6\n|teamsize|p2|6\n|gen|9\n|tier|[Gen 9] Random Battle\n|rule|Species Clause: Limit one of each Pok\u00e9mon\n|rule|HP Percentage Mod: HP is shown in percentages\n|rule|Sleep Clause Mod: Limit one foe put to sleep\n|rule|Illusion Level Mod: Illusion disguises the Pok\u00e9mon's true level\n|\n|t:|1733875152\n|start\n|switch|p1a: Eelektross|Eelektross, L87, M|290/290\n|switch|p2a: Araquanid|Araquanid, L82, M|246/246\n|turn|1\n|\n|t:|1733875191\n|-terastallize|p2a: Araquanid|Ground\n|move|p2a: Araquanid|Sticky Web|p1a: Eelektross\n|-sidestart|p1: iloveicespice|move: Sticky Web\n|move|p1a: Eelektross|Dragon Tail|p2a: Araquanid\n|-damage|p2a: Araquanid|197/246\n|drag|p2a: Rayquaza|Rayquaza, L72|270/270\n|-ability|p2a: Rayquaza|Air Lock\n|\n|upkeep\n|turn|2\n|\n|t:|1733875215\n|move|p2a: Rayquaza|Dragon Dance|p2a: Rayquaza\n|-boost|p2a: Rayquaza|atk|1\n|-boost|p2a: Rayquaza|spe|1\n|move|p1a: Eelektross|Dragon Tail|p2a: Rayquaza\n|-supereffective|p2a: Rayquaza\n|-damage|p2a: Rayquaza|158/270\n|drag|p2a: Minior|Minior-Orange, L79|224/224\n|-formechange|p2a: Minior|Minior-Meteor||[from] ability: Shields Down\n|\n|upkeep\n|turn|3\n|\n|t:|1733875256\n|move|p2a: Minior|Shell Smash|p2a: Minior\n|-unboost|p2a: Minior|def|1\n|-unboost|p2a: Minior|spd|1\n|-boost|p2a: Minior|atk|2\n|-boost|p2a: Minior|spa|2\n|-boost|p2a: Minior|spe|2\n|-enditem|p2a: Minior|White Herb\n|-clearnegativeboost|p2a: Minior|[silent]\n|move|p1a: Eelektross|Dragon Tail|p2a: Minior\n|-crit|p2a: Minior\n|-damage|p2a: Minior|154/224\n|drag|p2a: Manaphy|Manaphy, L78|284/284\n|\n|upkeep\n|turn|4\n|\n|t:|1733875275\n|move|p2a: Manaphy|Ice Beam|p1a: Eelektross\n|-damage|p1a: Eelektross|249/290\n|move|p1a: Eelektross|Dragon Tail|p2a: Manaphy\n|-damage|p2a: Manaphy|233/284\n|drag|p2a: Pecharunt|Pecharunt, L77|262/262\n|\n|upkeep\n|turn|5\n|\n|t:|1733875299\n|move|p2a: Pecharunt|Malignant Chain|p1a: Eelektross\n|-damage|p1a: Eelektross|192/290\n|-status|p1a: Eelektross|tox\n|-start|p1a: Eelektross|confusion|[from] ability: Poison Puppeteer|[of] p2a: Pecharunt\n|-activate|p1a: Eelektross|confusion\n|move|p1a: Eelektross|Dragon Tail|p2a: Pecharunt\n|-damage|p2a: Pecharunt|227/262\n|-damage|p1a: Eelektross|144/290 tox|[from] item: Rocky Helmet|[of] p2a: Pecharunt\n|drag|p2a: Manaphy|Manaphy, L78|233/284\n|\n|-heal|p2a: Manaphy|250/284|[from] item: Leftovers\n|-damage|p1a: Eelektross|126/290 tox|[from] psn\n|upkeep\n|turn|6\n|\n|t:|1733875321\n|move|p2a: Manaphy|Tail Glow|p2a: Manaphy\n|-boost|p2a: Manaphy|spa|3\n|-activate|p1a: Eelektross|confusion\n|move|p1a: Eelektross|Discharge|p2a: Manaphy\n|-supereffective|p2a: Manaphy\n|-damage|p2a: Manaphy|68/284\n|\n|-heal|p2a: Manaphy|85/284|[from] item: Leftovers\n|-damage|p1a: Eelektross|90/290 tox|[from] psn\n|upkeep\n|turn|7\n|\n|t:|1733875340\n|move|p2a: Manaphy|Energy Ball|p1a: Eelektross\n|-damage|p1a: Eelektross|0 fnt\n|faint|p1a: Eelektross\n|\n|-heal|p2a: Manaphy|102/284|[from] item: Leftovers\n|upkeep\n|\n|t:|1733875375\n|switch|p1a: Mismagius|Mismagius, L86, M|243/243\n|turn|8\n|\n|t:|1733875394\n|move|p1a: Mismagius|Shadow Ball|p2a: Manaphy\n|-damage|p2a: Manaphy|0 fnt\n|faint|p2a: Manaphy\n|\n|upkeep\n|\n|t:|1733875405\n|switch|p2a: Pecharunt|Pecharunt, L77|227/262\n|turn|9\n|\n|t:|1733875424\n|move|p1a: Mismagius|Shadow Ball|p2a: Pecharunt\n|-supereffective|p2a: Pecharunt\n|-damage|p2a: Pecharunt|0 fnt\n|faint|p2a: Pecharunt\n|\n|upkeep\n|\n|t:|1733875450\n|switch|p2a: Minior|Minior-Orange, L79|154/224\n|-formechange|p2a: Minior|Minior-Meteor||[from] ability: Shields Down\n|turn|10\n|\n|t:|1733875465\n|move|p1a: Mismagius|Shadow Ball|p2a: Minior\n|-damage|p2a: Minior|22/224\n|-unboost|p2a: Minior|spd|1\n|move|p2a: Minior|Acrobatics|p1a: Mismagius\n|-damage|p1a: Mismagius|149/243\n|\n|-formechange|p2a: Minior|Minior-Orange||[from] ability: Shields Down\n|upkeep\n|turn|11\n|\n|t:|1733875499\n|move|p2a: Minior|Acrobatics|p1a: Mismagius\n|-damage|p1a: Mismagius|22/243\n|move|p1a: Mismagius|Shadow Ball|p2a: Minior\n|-damage|p2a: Minior|0 fnt\n|faint|p2a: Minior\n|\n|upkeep\n|\n|t:|1733875509\n|switch|p2a: Araquanid|Araquanid, L82, M, tera:Ground|197/246\n|turn|12\n|\n|t:|1733875524\n|move|p1a: Mismagius|Shadow Ball|p2a: Araquanid\n|-damage|p2a: Araquanid|89/246\n|move|p2a: Araquanid|Hydro Pump|p1a: Mismagius|[miss]\n|-miss|p2a: Araquanid|p1a: Mismagius\n|\n|upkeep\n|turn|13\n|\n|t:|1733875531\n|move|p1a: Mismagius|Shadow Ball|p2a: Araquanid\n|-damage|p2a: Araquanid|0 fnt\n|faint|p2a: Araquanid\n|\n|upkeep\n|\n|t:|1733875544\n|switch|p2a: Orthworm|Orthworm, L88, F|266/266\n|turn|14\n|\n|t:|1733875574\n|move|p1a: Mismagius|Shadow Ball|p2a: Orthworm\n|-damage|p2a: Orthworm|86/266\n|move|p2a: Orthworm|Heavy Slam|p1a: Mismagius\n|-damage|p1a: Mismagius|0 fnt\n|faint|p1a: Mismagius\n|\n|-heal|p2a: Orthworm|102/266|[from] item: Leftovers\n|upkeep\n|\n|t:|1733875602\n|switch|p1a: Torkoal|Torkoal, L88, F|266/266\n|-weather|SunnyDay|[from] ability: Drought|[of] p1a: Torkoal\n|turn|15\n|\n|t:|1733875613\n|move|p2a: Orthworm|Spikes|p1a: Torkoal\n|-sidestart|p1: iloveicespice|Spikes\n|move|p1a: Torkoal|Yawn|p2a: Orthworm\n|-start|p2a: Orthworm|move: Yawn|[of] p1a: Torkoal\n|\n|-weather|SunnyDay|[upkeep]\n|-heal|p2a: Orthworm|118/266|[from] item: Leftovers\n|upkeep\n|turn|16\n|\n|t:|1733875624\n|move|p2a: Orthworm|Stealth Rock|p1a: Torkoal\n|-sidestart|p1: iloveicespice|move: Stealth Rock\n|move|p1a: Torkoal|Rapid Spin|p2a: Orthworm\n|-resisted|p2a: Orthworm\n|-damage|p2a: Orthworm|106/266\n|-boost|p1a: Torkoal|spe|1\n|-sideend|p1: iloveicespice|Spikes|[from] move: Rapid Spin|[of] p1a: Torkoal\n|-sideend|p1: iloveicespice|Stealth Rock|[from] move: Rapid Spin|[of] p1a: Torkoal\n|-sideend|p1: iloveicespice|Sticky Web|[from] move: Rapid Spin|[of] p1a: Torkoal\n|\n|-weather|SunnyDay|[upkeep]\n|-heal|p2a: Orthworm|122/266|[from] item: Leftovers\n|-end|p2a: Orthworm|move: Yawn|[silent]\n|-status|p2a: Orthworm|slp\n|upkeep\n|turn|17\n|\n|t:|1733875664\n|cant|p2a: Orthworm|slp\n|move|p1a: Torkoal|Stealth Rock|p2a: Orthworm\n|-sidestart|p2: ObamaKunduz|move: Stealth Rock\n|\n|-weather|SunnyDay|[upkeep]\n|-heal|p2a: Orthworm|138/266 slp|[from] item: Leftovers\n|upkeep\n|turn|18\n|\n|t:|1733875691\n|-curestatus|p2a: Orthworm|slp|[msg]\n|move|p2a: Orthworm|Body Press|p1a: Torkoal\n|-damage|p1a: Torkoal|211/266\n|move|p1a: Torkoal|Lava Plume|p2a: Orthworm\n|-supereffective|p2a: Orthworm\n|-damage|p2a: Orthworm|0 fnt\n|faint|p2a: Orthworm\n|\n|-weather|SunnyDay|[upkeep]\n|upkeep\n|\n|t:|1733875718\n|switch|p2a: Rayquaza|Rayquaza, L72|158/270\n|-ability|p2a: Rayquaza|Air Lock\n|turn|19\n|\n|t:|1733875726\n|move|p2a: Rayquaza|Dragon Dance|p2a: Rayquaza\n|-boost|p2a: Rayquaza|atk|1\n|-boost|p2a: Rayquaza|spe|1\n|move|p1a: Torkoal|Yawn|p2a: Rayquaza\n|-start|p2a: Rayquaza|move: Yawn|[of] p1a: Torkoal\n|\n|-weather|none\n|upkeep\n|turn|20\n|\n|t:|1733875750\n|move|p2a: Rayquaza|Earthquake|p1a: Torkoal\n|-supereffective|p1a: Torkoal\n|-damage|p1a: Torkoal|65/266\n|move|p1a: Torkoal|Lava Plume|p2a: Rayquaza\n|-resisted|p2a: Rayquaza\n|-damage|p2a: Rayquaza|113/270\n|\n|-end|p2a: Rayquaza|move: Yawn|[silent]\n|-status|p2a: Rayquaza|slp\n|upkeep\n|turn|21\n|\n|t:|1733875759\n|cant|p2a: Rayquaza|slp\n|move|p1a: Torkoal|Lava Plume|p2a: Rayquaza\n|-resisted|p2a: Rayquaza\n|-damage|p2a: Rayquaza|68/270 slp\n|\n|upkeep\n|turn|22\n|\n|t:|1733875792\n|cant|p2a: Rayquaza|slp\n|move|p1a: Torkoal|Lava Plume|p2a: Rayquaza\n|-resisted|p2a: Rayquaza\n|-damage|p2a: Rayquaza|20/270 slp\n|\n|upkeep\n|turn|23\n|\n|t:|1733875799\n|-curestatus|p2a: Rayquaza|slp|[msg]\n|move|p2a: Rayquaza|Outrage|p1a: Torkoal\n|-damage|p1a: Torkoal|0 fnt\n|faint|p1a: Torkoal\n|\n|upkeep\n|\n|t:|1733875809\n|switch|p1a: Slowbro|Slowbro, L85, F|300/300\n|turn|24\n|\n|t:|1733875820\n|-terastallize|p1a: Slowbro|Fairy\n|move|p2a: Rayquaza|Outrage|p1a: Slowbro|[from]lockedmove\n|-immune|p1a: Slowbro\n|move|p1a: Slowbro|Psyshock|p2a: Rayquaza\n|-damage|p2a: Rayquaza|0 fnt\n|faint|p2a: Rayquaza\n|\n|win|iloveicespice\n|l|\u2606ObamaKunduz\n|player|p2|\n", "inputlog": ">version bfd83cad13791eb5a5a409923076391caf6fb4d4\n>start {\"formatid\":\"gen9randombattle\",\"seed\":[57011,31943,37061,51196]}\n>player p1 {\"name\":\"iloveicespice\",\"avatar\":\"teamrocket\",\"rating\":0,\"seed\":[25338,23478,43028,16835]}\n>player p2 {\"name\":\"ObamaKunduz\",\"avatar\":\"2\",\"rating\":0,\"seed\":[23551,21527,46332,26180]}\n>p1 move dragontail\n>p2 move stickyweb terastallize\n>p1 move dragontail\n>p2 move dragondance\n>p1 move dragontail\n>p2 move shellsmash\n>p1 move dragontail\n>p2 move icebeam\n>p1 move dragontail\n>p2 move malignantchain\n>p1 move discharge\n>p2 move tailglow\n>p1 move discharge\n>p2 move energyball\n>p1 switch 3\n>p1 move shadowball\n>p2 move icebeam\n>p2 switch 6\n>p1 move shadowball\n>p2 move shadowball\n>p2 switch 4\n>p1 move shadowball\n>p2 move acrobatics\n>p1 move shadowball\n>p2 move acrobatics\n>p2 switch 5\n>p1 move shadowball\n>p2 move hydropump\n>p1 move shadowball\n>p2 move leechlife\n>p2 switch 3\n>p1 move shadowball\n>p2 move heavyslam\n>p1 switch 2\n>p1 move yawn\n>p2 move spikes\n>p1 move rapidspin\n>p2 move stealthrock\n>p1 move stealthrock\n>p2 move bodypress\n>p1 move lavaplume\n>p2 move bodypress\n>p2 switch 2\n>p1 move yawn\n>p2 move dragondance\n>p1 move lavaplume\n>p2 move earthquake\n>p1 move lavaplume\n>p2 move outrage\n>p1 move lavaplume\n>p2 move outrage\n>p1 move lavaplume\n>p2 move outrage\n>p1 switch 6\n>p1 move psyshock terastallize\n>p2 move outrage", "uploadtime": 1733875831, "views": 2, "formatid": "gen9randombattle", "rating": null, "private": 0, "password": null}