{"id": "gen9randombattle-2260580935", "format": "[Gen 9] Random Battle", "players": ["SkillAndPatience", "saladcreams"], "log": "|j|\u2606SkillAndPatience\n|j|\u2606saladcreams\n|t:|1733865769\n|gametype|singles\n|player|p1|SkillAndPatience|bugcatcher-gen4dp|1298\n|player|p2|saladcreams|parasollady|1315\n|teamsize|p1|6\n|teamsize|p2|6\n|gen|9\n|tier|[Gen 9] Random Battle\n|rated|\n|rule|Species Clause: Limit one of each Pok\u00e9mon\n|rule|HP Percentage Mod: HP is shown in percentages\n|rule|Sleep Clause Mod: Limit one foe put to sleep\n|rule|Illusion Level Mod: Illusion disguises the Pok\u00e9mon's true level\n|\n|t:|1733865769\n|start\n|switch|p1a: Passimian|Passimian, L83, F|302/302\n|switch|p2a: Scrafty|Scrafty, L84, M|246/246\n|turn|1\n|inactive|Battle timer is ON: inactive players will automatically lose when time's up. (requested by SkillAndPatience)\n|\n|t:|1733865784\n|switch|p1a: Sylveon|Sylveon, L85, F|300/300\n|move|p2a: Scrafty|Bulk Up|p2a: Scrafty\n|-boost|p2a: Scrafty|atk|1\n|-boost|p2a: Scrafty|def|1\n|\n|upkeep\n|turn|2\n|\n|t:|1733865791\n|-terastallize|p1a: Sylveon|Steel\n|move|p1a: Sylveon|Hyper Voice|p2a: Scrafty\n|-supereffective|p2a: Scrafty\n|-damage|p2a: Scrafty|0 fnt\n|faint|p2a: Scrafty\n|\n|upkeep\n|\n|t:|1733865801\n|switch|p2a: Gholdengo|Gholdengo, L77|261/261\n|turn|3\n|\n|t:|1733865805\n|move|p2a: Gholdengo|Nasty Plot|p2a: Gholdengo\n|-boost|p2a: Gholdengo|spa|2\n|move|p1a: Sylveon|Calm Mind|p1a: Sylveon\n|-boost|p1a: Sylveon|spa|1\n|-boost|p1a: Sylveon|spd|1\n|\n|upkeep\n|turn|4\n|\n|t:|1733865814\n|move|p2a: Gholdengo|Focus Blast|p1a: Sylveon\n|-supereffective|p1a: Sylveon\n|-damage|p1a: Sylveon|138/300\n|move|p1a: Sylveon|Calm Mind|p1a: Sylveon\n|-boost|p1a: Sylveon|spa|1\n|-boost|p1a: Sylveon|spd|1\n|\n|-heal|p1a: Sylveon|156/300|[from] item: Leftovers\n|upkeep\n|turn|5\n|\n|t:|1733865822\n|move|p2a: Gholdengo|Focus Blast|p1a: Sylveon\n|-supereffective|p1a: Sylveon\n|-damage|p1a: Sylveon|20/300\n|move|p1a: Sylveon|Hyper Voice|p2a: Gholdengo\n|-resisted|p2a: Gholdengo\n|-damage|p2a: Gholdengo|128/261\n|\n|-heal|p2a: Gholdengo|144/261|[from] item: Leftovers\n|-heal|p1a: Sylveon|38/300|[from] item: Leftovers\n|upkeep\n|turn|6\n|\n|t:|1733865836\n|move|p1a: Sylveon|Protect|p1a: Sylveon\n|-singleturn|p1a: Sylveon|Protect\n|move|p2a: Gholdengo|Shadow Ball|p1a: Sylveon\n|-activate|p1a: Sylveon|move: Protect\n|\n|-heal|p2a: Gholdengo|160/261|[from] item: Leftovers\n|-heal|p1a: Sylveon|56/300|[from] item: Leftovers\n|upkeep\n|turn|7\n|\n|t:|1733865844\n|move|p2a: Gholdengo|Focus Blast|p1a: Sylveon\n|-supereffective|p1a: Sylveon\n|-damage|p1a: Sylveon|0 fnt\n|faint|p1a: Sylveon\n|\n|-heal|p2a: Gholdengo|176/261|[from] item: Leftovers\n|upkeep\n|\n|t:|1733865848\n|switch|p1a: Passimian|Passimian, L83, F|302/302\n|turn|8\n|\n|t:|1733865853\n|move|p1a: Passimian|Knock Off|p2a: Gholdengo\n|-supereffective|p2a: Gholdengo\n|-damage|p2a: Gholdengo|0 fnt\n|-enditem|p2a: Gholdengo|Leftovers|[from] move: Knock Off|[of] p1a: Passimian\n|faint|p2a: Gholdengo\n|\n|upkeep\n|\n|t:|1733865859\n|switch|p2a: Slowbro|Slowbro, L85, F|300/300\n|turn|9\n|\n|t:|1733865864\n|move|p1a: Passimian|Bulk Up|p1a: Passimian\n|-boost|p1a: Passimian|atk|1\n|-boost|p1a: Passimian|def|1\n|move|p2a: Slowbro|Psychic Noise|p1a: Passimian\n|-supereffective|p1a: Passimian\n|-damage|p1a: Passimian|86/302\n|-start|p1a: Passimian|move: Heal Block\n|\n|upkeep\n|turn|10\n|\n|t:|1733865875\n|move|p1a: Passimian|Knock Off|p2a: Slowbro\n|-supereffective|p2a: Slowbro\n|-damage|p2a: Slowbro|90/300\n|-enditem|p2a: Slowbro|Assault Vest|[from] move: Knock Off|[of] p1a: Passimian\n|move|p2a: Slowbro|Psychic Noise|p1a: Passimian\n|-supereffective|p1a: Passimian\n|-damage|p1a: Passimian|0 fnt\n|faint|p1a: Passimian\n|\n|upkeep\n|\n|t:|1733865879\n|switch|p1a: Masquerain|Masquerain, L87, F|264/264\n|-ability|p1a: Masquerain|Intimidate|boost\n|-unboost|p2a: Slowbro|atk|1\n|turn|11\n|\n|t:|1733865891\n|switch|p2a: Swalot|Swalot, L90, F|326/326\n|move|p1a: Masquerain|Bug Buzz|p2a: Swalot\n|-resisted|p2a: Swalot\n|-damage|p2a: Swalot|275/326\n|\n|-heal|p2a: Swalot|295/326|[from] item: Leftovers\n|upkeep\n|turn|12\n|\n|t:|1733865902\n|switch|p1a: Indeedee|Indeedee, L84, M|238/238\n|-fieldstart|move: Psychic Terrain|[from] ability: Psychic Surge|[of] p1a: Indeedee\n|move|p2a: Swalot|Sludge Bomb|p1a: Indeedee\n|-damage|p1a: Indeedee|159/238\n|\n|-heal|p2a: Swalot|315/326|[from] item: Leftovers\n|upkeep\n|turn|13\n|\n|t:|1733865912\n|move|p1a: Indeedee|Calm Mind|p1a: Indeedee\n|-boost|p1a: Indeedee|spa|1\n|-boost|p1a: Indeedee|spd|1\n|move|p2a: Swalot|Toxic|p1a: Indeedee\n|-status|p1a: Indeedee|tox\n|\n|-heal|p2a: Swalot|326/326|[from] item: Leftovers\n|-damage|p1a: Indeedee|145/238 tox|[from] psn\n|upkeep\n|turn|14\n|\n|t:|1733865927\n|move|p1a: Indeedee|Expanding Force|p2a: Swalot\n|-supereffective|p2a: Swalot\n|-damage|p2a: Swalot|0 fnt\n|faint|p2a: Swalot\n|-damage|p1a: Indeedee|122/238 tox|[from] item: Life Orb\n|\n|-damage|p1a: Indeedee|94/238 tox|[from] psn\n|upkeep\n|\n|t:|1733865940\n|switch|p2a: Milotic|Milotic, L83, F|293/293\n|turn|15\n|\n|t:|1733865945\n|move|p1a: Indeedee|Expanding Force|p2a: Milotic\n|-damage|p2a: Milotic|15/293\n|-damage|p1a: Indeedee|71/238 tox|[from] item: Life Orb\n|move|p2a: Milotic|Recover|p2a: Milotic\n|-heal|p2a: Milotic|162/293\n|\n|-heal|p2a: Milotic|180/293|[from] item: Leftovers\n|-damage|p1a: Indeedee|29/238 tox|[from] psn\n|upkeep\n|turn|16\n|\n|t:|1733865958\n|switch|p2a: Skarmory|Skarmory, L80, M|235/235\n|move|p1a: Indeedee|Expanding Force|p2a: Skarmory\n|-resisted|p2a: Skarmory\n|-crit|p2a: Skarmory\n|-ability|p2a: Skarmory|Sturdy\n|-damage|p2a: Skarmory|1/235\n|-damage|p1a: Indeedee|6/238 tox|[from] item: Life Orb\n|\n|-heal|p2a: Skarmory|15/235|[from] item: Leftovers\n|-damage|p1a: Indeedee|0 fnt|[from] psn\n|faint|p1a: Indeedee\n|-fieldend|move: Psychic Terrain\n|upkeep\n|\n|t:|1733865964\n|switch|p1a: Masquerain|Masquerain, L87, F|264/264\n|-ability|p1a: Masquerain|Intimidate|boost\n|-unboost|p2a: Skarmory|atk|1\n|turn|17\n|\n|t:|1733865973\n|move|p1a: Masquerain|Bug Buzz|p2a: Skarmory\n|-resisted|p2a: Skarmory\n|-damage|p2a: Skarmory|0 fnt\n|faint|p2a: Skarmory\n|\n|upkeep\n|\n|t:|1733865978\n|switch|p2a: Milotic|Milotic, L83, F|180/293\n|turn|18\n|\n|t:|1733865982\n|move|p1a: Masquerain|Hurricane|p2a: Milotic\n|-damage|p2a: Milotic|81/293\n|move|p2a: Milotic|Ice Beam|p1a: Masquerain\n|-supereffective|p1a: Masquerain\n|-damage|p1a: Masquerain|142/264\n|\n|-heal|p2a: Milotic|99/293|[from] item: Leftovers\n|upkeep\n|turn|19\n|\n|t:|1733865990\n|move|p1a: Masquerain|Hurricane|p2a: Milotic\n|-damage|p2a: Milotic|0 fnt\n|faint|p2a: Milotic\n|\n|upkeep\n|\n|t:|1733865994\n|switch|p2a: Slowbro|Slowbro, L85, F|190/300\n|turn|20\n|\n|t:|1733866003\n|move|p1a: Masquerain|Bug Buzz|p2a: Slowbro\n|-supereffective|p2a: Slowbro\n|-damage|p2a: Slowbro|0 fnt\n|faint|p2a: Slowbro\n|\n|win|SkillAndPatience\n|raw|SkillAndPatience's rating: 1298 &rarr; <strong>1326</strong><br />(+28 for winning)\n|raw|saladcreams's rating: 1334 &rarr; <strong>1312</strong><br />(-22 for losing)\n|l|\u2606saladcreams\n|player|p2|\n|c|\u2606SkillAndPatience|GG\n", "inputlog": ">version bfd83cad13791eb5a5a409923076391caf6fb4d4\n>start {\"formatid\":\"gen9randombattle\",\"seed\":[15821,41327,26482,47945],\"rated\":\"Rated battle\"}\n>player p1 {\"name\":\"SkillAndPatience\",\"avatar\":\"bugcatcher-gen4dp\",\"rating\":1298,\"seed\":[23147,50087,39231,61033]}\n>player p2 {\"name\":\"saladcreams\",\"avatar\":\"parasollady\",\"rating\":1315,\"seed\":[49309,32697,6658,45003]}\n>p1 switch 3\n>p2 move bulkup\n>p1 move hypervoice terastallize\n>p2 move knockoff\n>p2 switch 5\n>p1 move calmmind\n>p2 move nastyplot\n>p1 move calmmind\n>p2 move focusblast\n>p1 move hypervoice\n>p2 move focusblast\n>p1 move protect\n>p2 move shadowball\n>p1 move hypervoice\n>p2 move focusblast\n>p1 switch 3\n>p1 move knockoff\n>p2 move makeitrain\n>p2 switch 4\n>p1 move bulkup\n>p2 move psychicnoise\n>p1 move knockoff\n>p2 move psychicnoise\n>p1 switch 2\n>p1 move bugbuzz\n>p2 switch 6\n>p1 switch 5\n>p2 move sludgebomb\n>p1 move calmmind\n>p2 move toxic\n>p1 move expandingforce\n>p2 move earthquake\n>p2 switch 3\n>p1 move expandingforce\n>p2 move recover\n>p1 move expandingforce\n>p2 switch 2\n>p1 switch 5\n>p1 move bugbuzz\n>p2 move roost\n>p2 switch 2\n>p1 move hurricane\n>p2 move icebeam\n>p1 move hurricane\n>p2 move recover\n>p2 switch 6\n>p1 move bugbuzz\n>p2 move fireblast", "uploadtime": 1733866012, "views": 8, "formatid": "gen9randombattle", "rating": 1312, "private": 0, "password": null}