{"id": "gen9randombattle-2110633397", "format": "[Gen 9] Random Battle", "players": ["MichaelderBeste2", "paysa"], "log": "|badge|p1|bronze|gen9randombattle|100-1\n|uhtml|medal-msg|<div class=\"broadcast-blue\">Curious what those medals under the avatar are? PS now has Ladder Seasons! For more information, check out the <a href=\"https://www.smogon.com/forums/threads/3740067/\">thread on Smogon.</a></div>\n|badge|p2|bronze|gen9randombattle|100-1\n|uhtml|medal-msg|<div class=\"broadcast-blue\">Curious what those medals under the avatar are? PS now has Ladder Seasons! For more information, check out the <a href=\"https://www.smogon.com/forums/threads/3740067/\">thread on Smogon.</a></div>\n|j|\u2606MichaelderBeste2\n|j|\u2606paysa\n|t:|1713976427\n|gametype|singles\n|player|p1|MichaelderBeste2|#rbtt7teamdarkrai|2369\n|player|p2|paysa|caitlin|2396\n|teamsize|p1|6\n|teamsize|p2|6\n|gen|9\n|tier|[Gen 9] Random Battle\n|rated|\n|rule|Species Clause: Limit one of each Pok\u00e9mon\n|rule|HP Percentage Mod: HP is shown in percentages\n|rule|Sleep Clause Mod: Limit one foe put to sleep\n|rule|Illusion Level Mod: Illusion disguises the Pok\u00e9mon's true level\n|\n|t:|1713976427\n|start\n|switch|p1a: Alcremie|Alcremie-Ruby-Swirl, L90, F|263/263\n|switch|p2a: Glalie|Glalie, L96, F|309/309\n|turn|1\n|inactive|Battle timer is ON: inactive players will automatically lose when time's up. (requested by paysa)\n|j| PKV Pokevin\n|inactive|paysa has 120 seconds left.\n|inactive|paysa has 90 seconds left.\n|\n|t:|1713976489\n|move|p2a: Glalie|Spikes|p1a: Alcremie\n|-sidestart|p1: MichaelderBeste2|Spikes\n|move|p1a: Alcremie|Calm Mind|p1a: Alcremie\n|-boost|p1a: Alcremie|spa|1\n|-boost|p1a: Alcremie|spd|1\n|\n|upkeep\n|turn|2\n|\n|t:|1713976507\n|switch|p2a: Excadrill|Excadrill, L80, M|307/307\n|-ability|p2a: Excadrill|Mold Breaker\n|move|p1a: Alcremie|Alluring Voice|p2a: Excadrill\n|-resisted|p2a: Excadrill\n|-damage|p2a: Excadrill|198/307\n|\n|-heal|p2a: Excadrill|217/307|[from] item: Leftovers\n|upkeep\n|turn|3\n|inactive|MichaelderBeste2 has 120 seconds left.\n|\n|t:|1713976542\n|-terastallize|p1a: Alcremie|Ground\n|move|p2a: Excadrill|Iron Head|p1a: Alcremie\n|-damage|p1a: Alcremie|157/263\n|move|p1a: Alcremie|Tera Blast|p2a: Excadrill|[anim] Tera Blast Ground\n|-supereffective|p2a: Excadrill\n|-damage|p2a: Excadrill|0 fnt\n|faint|p2a: Excadrill\n|\n|-heal|p1a: Alcremie|173/263|[from] item: Leftovers\n|upkeep\n|inactive|paysa has 120 seconds left.\n|j| Arcanine Numbers\n|inactive|paysa has 90 seconds left.\n|j|+Aqua\n|\n|t:|1713976621\n|switch|p2a: Glalie|Glalie, L96, F|309/309\n|turn|4\n|inactive|MichaelderBeste2 has 120 seconds left.\n|\n|t:|1713976635\n|-terastallize|p2a: Glalie|Ground\n|move|p2a: Glalie|Earthquake|p1a: Alcremie\n|-damage|p1a: Alcremie|55/263\n|move|p1a: Alcremie|Alluring Voice|p2a: Glalie\n|-damage|p2a: Glalie|143/309\n|\n|-heal|p1a: Alcremie|71/263|[from] item: Leftovers\n|upkeep\n|turn|5\n|j| AlephSubZero\n|\n|t:|1713976642\n|switch|p1a: Iron Leaves|Iron Leaves, L80|275/275\n|-damage|p1a: Iron Leaves|241/275|[from] Spikes\n|move|p2a: Glalie|Freeze-Dry|p1a: Iron Leaves\n|-supereffective|p1a: Iron Leaves\n|-damage|p1a: Iron Leaves|101/275\n|\n|upkeep\n|turn|6\n|inactive|paysa has 90 seconds left.\n|\n|t:|1713976658\n|switch|p2a: Granbull|Granbull, L88, F|302/302\n|-ability|p2a: Granbull|Intimidate|boost\n|-unboost|p1a: Iron Leaves|atk|1\n|move|p1a: Iron Leaves|Leaf Blade|p2a: Granbull\n|-damage|p2a: Granbull|193/302\n|-damage|p1a: Iron Leaves|74/275|[from] item: Life Orb\n|\n|-heal|p2a: Granbull|211/302|[from] item: Leftovers\n|upkeep\n|turn|7\n|inactive|paysa has 90 seconds left.\n|\n|t:|1713976677\n|move|p1a: Iron Leaves|Leaf Blade|p2a: Granbull\n|-damage|p2a: Granbull|114/302\n|-damage|p1a: Iron Leaves|47/275|[from] item: Life Orb\n|move|p2a: Granbull|Thunder Wave|p1a: Iron Leaves\n|-status|p1a: Iron Leaves|par\n|\n|-heal|p2a: Granbull|132/302|[from] item: Leftovers\n|upkeep\n|turn|8\n|inactive|paysa has 90 seconds left.\n|inactive|MichaelderBeste2 has 120 seconds left.\n|\n|t:|1713976716\n|move|p2a: Granbull|Play Rough|p1a: Iron Leaves\n|-damage|p1a: Iron Leaves|0 fnt\n|faint|p1a: Iron Leaves\n|-end|p1a: Iron Leaves|Quark Drive|[silent]\n|\n|-heal|p2a: Granbull|150/302|[from] item: Leftovers\n|upkeep\n|\n|t:|1713976717\n|switch|p1a: Avalugg|Avalugg-Hisui, L90, F|317/317\n|turn|9\n|inactive|paysa has 90 seconds left.\n|inactive|paysa has 60 seconds left.\n|\n|t:|1713976772\n|switch|p2a: Sableye|Sableye, L90, F|236/236\n|move|p1a: Avalugg|Rapid Spin|p2a: Sableye\n|-immune|p2a: Sableye\n|\n|upkeep\n|turn|10\n|inactive|paysa has 60 seconds left.\n|\n|t:|1713976778\n|move|p2a: Sableye|Will-O-Wisp|p1a: Avalugg\n|-status|p1a: Avalugg|brn\n|move|p1a: Avalugg|Stone Edge|p2a: Sableye\n|-damage|p2a: Sableye|158/236\n|\n|-heal|p2a: Sableye|172/236|[from] item: Leftovers\n|-damage|p1a: Avalugg|298/317 brn|[from] brn\n|upkeep\n|turn|11\n|\n|t:|1713976783\n|move|p2a: Sableye|Knock Off|p1a: Avalugg\n|-damage|p1a: Avalugg|246/317 brn\n|-enditem|p1a: Avalugg|Heavy-Duty Boots|[from] move: Knock Off|[of] p2a: Sableye\n|move|p1a: Avalugg|Stone Edge|p2a: Sableye\n|-damage|p2a: Sableye|96/236\n|\n|-heal|p2a: Sableye|110/236|[from] item: Leftovers\n|-damage|p1a: Avalugg|227/317 brn|[from] brn\n|upkeep\n|turn|12\n|\n|t:|1713976789\n|switch|p1a: Alcremie|Alcremie-Ruby-Swirl, L90, F, tera:Ground|71/263\n|-damage|p1a: Alcremie|39/263|[from] Spikes\n|move|p2a: Sableye|Knock Off|p1a: Alcremie\n|-damage|p1a: Alcremie|0 fnt\n|-enditem|p1a: Alcremie|Leftovers|[from] move: Knock Off|[of] p2a: Sableye\n|faint|p1a: Alcremie\n|\n|-heal|p2a: Sableye|124/236|[from] item: Leftovers\n|upkeep\n|\n|t:|1713976796\n|switch|p1a: Sandy Shocks|Sandy Shocks, L80|267/267\n|turn|13\n|j|+pokeblade\u2606101\n|inactive|paysa has 60 seconds left.\n|\n|t:|1713976850\n|move|p2a: Sableye|Recover|p2a: Sableye\n|-heal|p2a: Sableye|236/236\n|move|p1a: Sandy Shocks|Earth Power|p2a: Sableye\n|-damage|p2a: Sableye|113/236\n|\n|-heal|p2a: Sableye|127/236|[from] item: Leftovers\n|upkeep\n|turn|14\n|\n|t:|1713976861\n|move|p1a: Sandy Shocks|Earth Power|p2a: Sableye\n|-damage|p2a: Sableye|3/236\n|move|p2a: Sableye|Knock Off|p1a: Sandy Shocks\n|-damage|p1a: Sandy Shocks|170/267\n|-enditem|p1a: Sandy Shocks|Heavy-Duty Boots|[from] move: Knock Off|[of] p2a: Sableye\n|\n|-heal|p2a: Sableye|17/236|[from] item: Leftovers\n|upkeep\n|turn|15\n|\n|t:|1713976874\n|move|p2a: Sableye|Will-O-Wisp|p1a: Sandy Shocks\n|-status|p1a: Sandy Shocks|brn\n|move|p1a: Sandy Shocks|Earth Power|p2a: Sableye\n|-damage|p2a: Sableye|0 fnt\n|faint|p2a: Sableye\n|\n|-damage|p1a: Sandy Shocks|154/267 brn|[from] brn\n|upkeep\n|inactive|paysa has 30 seconds left.\n|inactive|paysa has 20 seconds left.\n|\n|t:|1713976914\n|switch|p2a: Glalie|Glalie, L96, F, tera:Ground|143/309\n|turn|16\n|inactive|paysa has 30 seconds left this turn.\n|\n|t:|1713976936\n|-end|p1a: Sandy Shocks|Protosynthesis|[silent]\n|switch|p1a: Eiscue|Eiscue, L87, M|272/272\n|-damage|p1a: Eiscue|238/272|[from] Spikes\n|move|p2a: Glalie|Earthquake|p1a: Eiscue\n|-activate|p1a: Eiscue|ability: Ice Face\n|-damage|p1a: Eiscue|238/272\n|detailschange|p1a: Eiscue|Eiscue-Noice, L87, M\n|\n|upkeep\n|turn|17\n|inactive|paysa has 30 seconds left.\n|\n|t:|1713976950\n|move|p1a: Eiscue|Belly Drum|p1a: Eiscue\n|-damage|p1a: Eiscue|102/272\n|-setboost|p1a: Eiscue|atk|6|[from] move: Belly Drum\n|-enditem|p1a: Eiscue|Sitrus Berry|[eat]\n|-heal|p1a: Eiscue|170/272|[from] item: Sitrus Berry\n|move|p2a: Glalie|Earthquake|p1a: Eiscue\n|-damage|p1a: Eiscue|41/272\n|\n|upkeep\n|turn|18\n|inactive|paysa has 30 seconds left.\n|inactive|paysa has 20 seconds left.\n|inactive|MichaelderBeste2 has 120 seconds left.\n|\n|t:|1713976985\n|switch|p2a: Granbull|Granbull, L88, F|150/302\n|-ability|p2a: Granbull|Intimidate|boost\n|-unboost|p1a: Eiscue|atk|1\n|move|p1a: Eiscue|Ice Spinner|p2a: Granbull\n|-damage|p2a: Granbull|0 fnt\n|faint|p2a: Granbull\n|\n|upkeep\n|inactive|paysa has 25 seconds left this turn.\n|inactive|paysa has 20 seconds left.\n|\n|t:|1713976991\n|switch|p2a: Ampharos|Ampharos, L88, F|302/302\n|turn|19\n|inactive|paysa has 30 seconds left this turn.\n|\n|t:|1713976998\n|move|p1a: Eiscue|Ice Spinner|p2a: Ampharos\n|-damage|p2a: Ampharos|14/302\n|-status|p1a: Eiscue|par|[from] ability: Static|[of] p2a: Ampharos\n|move|p2a: Ampharos|Dazzling Gleam|p1a: Eiscue\n|-damage|p1a: Eiscue|0 fnt\n|faint|p1a: Eiscue\n|-damage|p2a: Ampharos|0 fnt|[from] item: Life Orb\n|faint|p2a: Ampharos\n|\n|upkeep\n|inactive|paysa has 30 seconds left.\n|inactive|paysa has 20 seconds left.\n|\n|t:|1713977016\n|switch|p1a: Avalugg|Avalugg-Hisui, L90, F|227/317 brn\n|switch|p2a: Glalie|Glalie, L96, F, tera:Ground|143/309\n|-damage|p1a: Avalugg|188/317 brn|[from] Spikes\n|turn|20\n|inactive|paysa has 30 seconds left this turn.\n|\n|t:|1713977024\n|move|p2a: Glalie|Earthquake|p1a: Avalugg\n|-supereffective|p1a: Avalugg\n|-damage|p1a: Avalugg|74/317 brn\n|move|p1a: Avalugg|Recover|p1a: Avalugg\n|-heal|p1a: Avalugg|233/317 brn\n|\n|-damage|p1a: Avalugg|214/317 brn|[from] brn\n|upkeep\n|turn|21\n|\n|t:|1713977028\n|move|p2a: Glalie|Earthquake|p1a: Avalugg\n|-supereffective|p1a: Avalugg\n|-damage|p1a: Avalugg|80/317 brn\n|move|p1a: Avalugg|Avalanche|p2a: Glalie\n|-supereffective|p2a: Glalie\n|-damage|p2a: Glalie|0 fnt\n|faint|p2a: Glalie\n|\n|-damage|p1a: Avalugg|61/317 brn|[from] brn\n|upkeep\n|\n|t:|1713977032\n|switch|p2a: Espeon|Espeon, L84, F|246/246\n|turn|22\n|\n|t:|1713977056\n|move|p2a: Espeon|Calm Mind|p2a: Espeon\n|-boost|p2a: Espeon|spa|1\n|-boost|p2a: Espeon|spd|1\n|move|p1a: Avalugg|Stone Edge|p2a: Espeon\n|-damage|p2a: Espeon|142/246\n|\n|-damage|p1a: Avalugg|42/317 brn|[from] brn\n|upkeep\n|turn|23\n|\n|t:|1713977063\n|move|p2a: Espeon|Alluring Voice|p1a: Avalugg\n|-damage|p1a: Avalugg|0 fnt\n|faint|p1a: Avalugg\n|-damage|p2a: Espeon|118/246|[from] item: Life Orb\n|\n|upkeep\n|\n|t:|1713977065\n|switch|p1a: Toxicroak|Toxicroak, L84, F|277/277\n|-damage|p1a: Toxicroak|243/277|[from] Spikes\n|turn|24\n|inactive|paysa has 60 seconds left.\n|\n|t:|1713977079\n|move|p2a: Espeon|Psychic|p1a: Toxicroak\n|-supereffective|p1a: Toxicroak\n|-crit|p1a: Toxicroak\n|-damage|p1a: Toxicroak|0 fnt\n|faint|p1a: Toxicroak\n|-damage|p2a: Espeon|94/246|[from] item: Life Orb\n|\n|upkeep\n|c|\u2606paysa|gg\n|\n|t:|1713977088\n|switch|p1a: Sandy Shocks|Sandy Shocks, L80|154/267 brn\n|-damage|p1a: Sandy Shocks|121/267 brn|[from] Spikes\n|turn|25\n|\n|t:|1713977092\n|move|p2a: Espeon|Psychic|p1a: Sandy Shocks\n|-damage|p1a: Sandy Shocks|0 fnt\n|faint|p1a: Sandy Shocks\n|-end|p1a: Sandy Shocks|Protosynthesis|[silent]\n|-damage|p2a: Espeon|70/246|[from] item: Life Orb\n|\n|win|paysa\n|raw|MichaelderBeste2's rating: 2397 &rarr; <strong>2377</strong><br />(-20 for losing)\n|raw|paysa's rating: 2396 &rarr; <strong>2416</strong><br />(+20 for winning)\n|l|\u2606paysa\n|player|p2|\n|j|\u2606paysa\n|player|p2|paysa|caitlin|\n", "inputlog": ">version 56c3b69fcd3b113ffc796eb8c36c032ea017d75b\n>start {\"formatid\":\"gen9randombattle\",\"seed\":[30539,49323,49897,46470],\"rated\":\"Rated battle\"}\n>player p1 {\"name\":\"MichaelderBeste2\",\"avatar\":\"#rbtt7teamdarkrai\",\"rating\":2369,\"seed\":[44396,26764,2989,35501]}\n>player p2 {\"name\":\"paysa\",\"avatar\":\"caitlin\",\"rating\":2396,\"seed\":[52825,25707,17108,25889]}\n>p1 move calmmind\n>p2 move spikes\n>p1 move alluringvoice\n>p2 switch 3\n>p1 move terablast terastallize\n>p2 move ironhead\n>p2 switch 3\n>p1 move alluringvoice\n>p2 move earthquake terastallize\n>p1 switch 4\n>p2 move freezedry\n>p1 move leafblade\n>p2 switch 2\n>p1 move leafblade\n>p2 move thunderwave\n>p1 move leafblade\n>p2 move playrough\n>p1 switch 5\n>p1 move rapidspin\n>p2 switch 4\n>p1 move stoneedge\n>p2 move willowisp\n>p1 move stoneedge\n>p2 move knockoff\n>p1 switch 4\n>p2 move knockoff\n>p1 switch 3\n>p1 move earthpower\n>p2 move recover\n>p1 move earthpower\n>p2 move knockoff\n>p1 move earthpower\n>p2 move willowisp\n>p2 switch 2\n>p1 switch 2\n>p2 move earthquake\n>p1 move bellydrum\n>p2 move earthquake\n>p1 move icespinner\n>p2 switch 4\n>p2 switch 5\n>p1 move icespinner\n>p2 move dazzlinggleam\n>p1 switch 4\n>p2 switch 4\n>p1 move recover\n>p2 move earthquake\n>p1 move avalanche\n>p2 move earthquake\n>p2 switch 6\n>p1 move stoneedge\n>p2 move calmmind\n>p1 move stoneedge\n>p2 move alluringvoice\n>p1 switch 6\n>p1 move gunkshot\n>p2 move psychic\n>chat \u2606paysa|gg\n>p1 switch 2\n>p1 move thunderbolt\n>p2 move psychic", "uploadtime": 1713977104, "views": 253, "formatid": "gen9randombattle", "rating": 2377, "private": 0, "password": null}