{"id": "gen9randombattle-2260709742", "format": "[Gen 9] Random Battle", "players": ["sodpnw", "bambooeater57"], "log": "|j|\u2606sodpnw\n|j|\u2606bambooeater57\n|t:|1733881347\n|gametype|singles\n|player|p1|sodpnw|1|1499\n|player|p2|bambooeater57|1|1521\n|teamsize|p1|6\n|teamsize|p2|6\n|gen|9\n|tier|[Gen 9] Random Battle\n|rated|\n|rule|Species Clause: Limit one of each Pok\u00e9mon\n|rule|HP Percentage Mod: HP is shown in percentages\n|rule|Sleep Clause Mod: Limit one foe put to sleep\n|rule|Illusion Level Mod: Illusion disguises the Pok\u00e9mon's true level\n|\n|t:|1733881347\n|start\n|switch|p1a: Gardevoir|Gardevoir, L83, M|249/249\n|switch|p2a: Sinistcha|Sinistcha-Masterpiece, L83|254/254\n|-ability|p1a: Gardevoir|Heatproof|[from] ability: Trace|[of] p2a: Sinistcha\n|turn|1\n|inactive|Battle timer is ON: inactive players will automatically lose when time's up. (requested by sodpnw)\n|\n|t:|1733881378\n|switch|p1a: Magcargo|Magcargo, L95, F|268/268\n|move|p2a: Sinistcha|Shadow Ball|p1a: Magcargo\n|-damage|p1a: Magcargo|165/268\n|\n|upkeep\n|turn|2\n|\n|t:|1733881401\n|move|p2a: Sinistcha|Shadow Ball|p1a: Magcargo\n|-damage|p1a: Magcargo|69/268\n|move|p1a: Magcargo|Stealth Rock|p2a: Sinistcha\n|-sidestart|p2: bambooeater57|move: Stealth Rock\n|\n|upkeep\n|turn|3\n|\n|t:|1733881406\n|move|p2a: Sinistcha|Shadow Ball|p1a: Magcargo\n|-damage|p1a: Magcargo|0 fnt\n|faint|p1a: Magcargo\n|\n|upkeep\n|\n|t:|1733881424\n|switch|p1a: Hawlucha|Hawlucha, L80, F|256/256\n|turn|4\n|\n|t:|1733881450\n|switch|p2a: Piloswine|Piloswine, L85, F|309/309\n|-damage|p2a: Piloswine|271/309|[from] Stealth Rock\n|move|p1a: Hawlucha|Swords Dance|p1a: Hawlucha\n|-boost|p1a: Hawlucha|atk|2\n|\n|upkeep\n|turn|5\n|\n|t:|1733881458\n|-terastallize|p1a: Hawlucha|Fighting\n|move|p1a: Hawlucha|Close Combat|p2a: Piloswine\n|-supereffective|p2a: Piloswine\n|-damage|p2a: Piloswine|0 fnt\n|-unboost|p1a: Hawlucha|def|1\n|-unboost|p1a: Hawlucha|spd|1\n|-enditem|p1a: Hawlucha|White Herb\n|-clearnegativeboost|p1a: Hawlucha|[silent]\n|faint|p2a: Piloswine\n|\n|upkeep\n|inactive|bambooeater57 has 120 seconds left.\n|\n|t:|1733881477\n|switch|p2a: Orthworm|Orthworm, L88, M|266/266\n|-damage|p2a: Orthworm|250/266|[from] Stealth Rock\n|turn|6\n|\n|t:|1733881483\n|-terastallize|p2a: Orthworm|Electric\n|move|p1a: Hawlucha|Close Combat|p2a: Orthworm\n|-damage|p2a: Orthworm|66/266\n|-unboost|p1a: Hawlucha|def|1\n|-unboost|p1a: Hawlucha|spd|1\n|move|p2a: Orthworm|Coil|p2a: Orthworm\n|-boost|p2a: Orthworm|atk|1\n|-boost|p2a: Orthworm|def|1\n|-boost|p2a: Orthworm|accuracy|1\n|\n|upkeep\n|turn|7\n|\n|t:|1733881491\n|move|p1a: Hawlucha|Close Combat|p2a: Orthworm\n|-damage|p2a: Orthworm|0 fnt\n|-unboost|p1a: Hawlucha|def|1\n|-unboost|p1a: Hawlucha|spd|1\n|faint|p2a: Orthworm\n|\n|upkeep\n|\n|t:|1733881498\n|switch|p2a: Seviper|Seviper, L93, F|287/287\n|-damage|p2a: Seviper|252/287|[from] Stealth Rock\n|turn|8\n|\n|t:|1733881504\n|move|p1a: Hawlucha|Acrobatics|p2a: Seviper\n|-damage|p2a: Seviper|0 fnt\n|faint|p2a: Seviper\n|\n|upkeep\n|\n|t:|1733881514\n|switch|p2a: Farigiraf|Farigiraf, L91, F|366/366\n|-damage|p2a: Farigiraf|321/366|[from] Stealth Rock\n|turn|9\n|\n|t:|1733881523\n|move|p1a: Hawlucha|Close Combat|p2a: Farigiraf\n|-damage|p2a: Farigiraf|0 fnt\n|-unboost|p1a: Hawlucha|def|1\n|-unboost|p1a: Hawlucha|spd|1\n|faint|p2a: Farigiraf\n|\n|upkeep\n|\n|t:|1733881527\n|switch|p2a: Probopass|Probopass, L92, M|260/260\n|-damage|p2a: Probopass|244/260|[from] Stealth Rock\n|turn|10\n|\n|t:|1733881531\n|move|p1a: Hawlucha|Close Combat|p2a: Probopass\n|-supereffective|p2a: Probopass\n|-damage|p2a: Probopass|0 fnt\n|-unboost|p1a: Hawlucha|def|1\n|-unboost|p1a: Hawlucha|spd|1\n|faint|p2a: Probopass\n|\n|upkeep\n|-message|bambooeater57 forfeited.\n|\n|win|sodpnw\n|raw|sodpnw's rating: 1499 &rarr; <strong>1519</strong><br />(+20 for winning)\n|raw|bambooeater57's rating: 1505 &rarr; <strong>1485</strong><br />(-20 for losing)\n|l|\u2606bambooeater57\n|player|p2|\n", "inputlog": ">version bfd83cad13791eb5a5a409923076391caf6fb4d4\n>start {\"formatid\":\"gen9randombattle\",\"seed\":[27804,1335,45016,18311],\"rated\":\"Rated battle\"}\n>player p1 {\"name\":\"sodpnw\",\"avatar\":\"1\",\"rating\":1499,\"seed\":[61499,60795,28079,38230]}\n>player p2 {\"name\":\"bambooeater57\",\"avatar\":\"1\",\"rating\":1521,\"seed\":[50164,52089,1749,12920]}\n>p1 switch 2\n>p2 move shadowball\n>p1 move stealthrock\n>p2 move shadowball\n>p1 move yawn\n>p2 move shadowball\n>p1 switch 5\n>p1 move swordsdance\n>p2 switch 3\n>p1 move closecombat terastallize\n>p2 move roar\n>p2 switch 6\n>p1 move closecombat\n>p2 move coil terastallize\n>p1 move closecombat\n>p2 move rest\n>p2 switch 5\n>p1 move acrobatics\n>p2 move gunkshot\n>p2 switch 2\n>p1 move closecombat\n>p2 move psychicnoise\n>p2 switch 4\n>p1 move closecombat\n>p2 move thunderwave\n>forcelose p2", "uploadtime": 1733881536, "views": 1, "formatid": "gen9randombattle", "rating": 1485, "private": 0, "password": null}