{"id": "gen9randombattle-2260038432", "format": "[Gen 9] Random Battle", "players": ["Hyper Betlog", "sauceboy11"], "log": "|j|\u2606Hyper Betlog\n|j|\u2606sauceboy11\n|t:|1733794261\n|gametype|singles\n|player|p1|Hyper Betlog|linebacker|1369\n|player|p2|sauceboy11|waitress-gen4|1347\n|teamsize|p1|6\n|teamsize|p2|6\n|gen|9\n|tier|[Gen 9] Random Battle\n|rated|\n|rule|Species Clause: Limit one of each Pok\u00e9mon\n|rule|HP Percentage Mod: HP is shown in percentages\n|rule|Sleep Clause Mod: Limit one foe put to sleep\n|rule|Illusion Level Mod: Illusion disguises the Pok\u00e9mon's true level\n|\n|t:|1733794261\n|start\n|switch|p1a: Delphox|Delphox, L84, M|263/263\n|switch|p2a: Lunala|Lunala, L70|308/308\n|turn|1\n|\n|t:|1733794271\n|switch|p1a: Muk|Muk-Alola, L82, F|306/306\n|switch|p2a: Noctowl|Noctowl, L95, M|344/344\n|\n|upkeep\n|turn|2\n|inactive|Battle timer is ON: inactive players will automatically lose when time's up. (requested by Hyper Betlog)\n|\n|t:|1733794281\n|move|p2a: Noctowl|Hurricane|p1a: Muk\n|-crit|p1a: Muk\n|-damage|p1a: Muk|182/306\n|-start|p1a: Muk|confusion\n|-activate|p1a: Muk|confusion\n|move|p1a: Muk|Gunk Shot|p2a: Noctowl\n|-damage|p2a: Noctowl|188/344\n|\n|upkeep\n|turn|3\n|\n|t:|1733794293\n|move|p2a: Noctowl|Hyper Voice|p1a: Muk\n|-damage|p1a: Muk|110/306\n|-activate|p1a: Muk|confusion\n|move|p1a: Muk|Drain Punch|p2a: Noctowl\n|-damage|p2a: Noctowl|115/344\n|-heal|p1a: Muk|147/306|[from] drain|[of] p2a: Noctowl\n|\n|upkeep\n|turn|4\n|\n|t:|1733794301\n|move|p2a: Noctowl|Hurricane|p1a: Muk|[miss]\n|-miss|p2a: Noctowl|p1a: Muk\n|-end|p1a: Muk|confusion\n|move|p1a: Muk|Knock Off|p2a: Noctowl\n|-damage|p2a: Noctowl|0 fnt\n|-enditem|p2a: Noctowl|Heavy-Duty Boots|[from] move: Knock Off|[of] p1a: Muk\n|faint|p2a: Noctowl\n|\n|upkeep\n|\n|t:|1733794318\n|switch|p2a: Glaceon|Glaceon, L94, M|275/275\n|turn|5\n|\n|t:|1733794324\n|move|p2a: Glaceon|Mud Shot|p1a: Muk\n|-supereffective|p1a: Muk\n|-damage|p1a: Muk|77/306\n|-unboost|p1a: Muk|spe|1\n|move|p1a: Muk|Drain Punch|p2a: Glaceon\n|-supereffective|p2a: Glaceon\n|-damage|p2a: Glaceon|201/275\n|-heal|p1a: Muk|114/306|[from] drain|[of] p2a: Glaceon\n|\n|upkeep\n|turn|6\n|\n|t:|1733794336\n|move|p2a: Glaceon|Mud Shot|p1a: Muk\n|-supereffective|p1a: Muk\n|-damage|p1a: Muk|32/306\n|-unboost|p1a: Muk|spe|1\n|move|p1a: Muk|Knock Off|p2a: Glaceon\n|-damage|p2a: Glaceon|120/275\n|-enditem|p2a: Glaceon|Heavy-Duty Boots|[from] move: Knock Off|[of] p1a: Muk\n|\n|upkeep\n|turn|7\n|\n|t:|1733794343\n|move|p1a: Muk|Shadow Sneak|p2a: Glaceon\n|-damage|p2a: Glaceon|97/275\n|move|p2a: Glaceon|Mud Shot|p1a: Muk\n|-supereffective|p1a: Muk\n|-damage|p1a: Muk|0 fnt\n|faint|p1a: Muk\n|\n|upkeep\n|\n|t:|1733794358\n|switch|p1a: Delphox|Delphox, L84, M|263/263\n|turn|8\n|\n|t:|1733794365\n|switch|p2a: Magcargo|Magcargo, L95, M|268/268\n|move|p1a: Delphox|Fire Blast|p2a: Magcargo\n|-resisted|p2a: Magcargo\n|-damage|p2a: Magcargo|237/268\n|\n|upkeep\n|turn|9\n|\n|t:|1733794384\n|switch|p1a: Donphan|Donphan, L84, F|288/288\n|move|p2a: Magcargo|Shell Smash|p2a: Magcargo\n|-unboost|p2a: Magcargo|def|1\n|-unboost|p2a: Magcargo|spd|1\n|-boost|p2a: Magcargo|atk|2\n|-boost|p2a: Magcargo|spa|2\n|-boost|p2a: Magcargo|spe|2\n|\n|upkeep\n|turn|10\n|\n|t:|1733794393\n|-terastallize|p2a: Magcargo|Grass\n|move|p2a: Magcargo|Shell Smash|p2a: Magcargo\n|-unboost|p2a: Magcargo|def|1\n|-unboost|p2a: Magcargo|spd|1\n|-boost|p2a: Magcargo|atk|2\n|-boost|p2a: Magcargo|spa|2\n|-boost|p2a: Magcargo|spe|2\n|move|p1a: Donphan|Earthquake|p2a: Magcargo\n|-resisted|p2a: Magcargo\n|-damage|p2a: Magcargo|147/268\n|-ability|p2a: Magcargo|Weak Armor|boost\n|-unboost|p2a: Magcargo|def|1\n|-boost|p2a: Magcargo|spe|2\n|\n|upkeep\n|turn|11\n|\n|t:|1733794405\n|move|p2a: Magcargo|Fire Blast|p1a: Donphan\n|-ability|p1a: Donphan|Sturdy\n|-damage|p1a: Donphan|1/288\n|move|p1a: Donphan|Ice Spinner|p2a: Magcargo\n|-supereffective|p2a: Magcargo\n|-damage|p2a: Magcargo|0 fnt\n|faint|p2a: Magcargo\n|\n|upkeep\n|\n|t:|1733794415\n|switch|p2a: Uxie|Uxie, L83|260/260\n|turn|12\n|\n|t:|1733794429\n|move|p2a: Uxie|U-turn|p1a: Donphan\n|-damage|p1a: Donphan|0 fnt\n|faint|p1a: Donphan\n|\n|t:|1733794440\n|switch|p2a: Lunala|Lunala, L70|308/308|[from] U-turn\n|\n|upkeep\n|\n|t:|1733794447\n|switch|p1a: Rhydon|Rhydon, L85, F|317/317\n|turn|13\n|\n|t:|1733794452\n|switch|p2a: Glaceon|Glaceon, L94, M|97/275\n|move|p1a: Rhydon|Megahorn|p2a: Glaceon\n|-damage|p2a: Glaceon|10/275\n|\n|upkeep\n|turn|14\n|\n|t:|1733794464\n|move|p2a: Glaceon|Freeze-Dry|p1a: Rhydon\n|-supereffective|p1a: Rhydon\n|-damage|p1a: Rhydon|69/317\n|move|p1a: Rhydon|Earthquake|p2a: Glaceon\n|-damage|p2a: Glaceon|0 fnt\n|faint|p2a: Glaceon\n|\n|upkeep\n|\n|t:|1733794472\n|switch|p2a: Lunala|Lunala, L70|308/308\n|turn|15\n|\n|t:|1733794487\n|move|p2a: Lunala|Moongeist Beam|p1a: Rhydon\n|-damage|p1a: Rhydon|0 fnt\n|faint|p1a: Rhydon\n|\n|upkeep\n|\n|t:|1733794500\n|switch|p1a: Palafin|Palafin, L77, M|281/281\n|turn|16\n|\n|t:|1733794509\n|detailschange|p1a: Palafin|Palafin-Hero, L77, M\n|switch|p1a: Delphox|Delphox, L84, M|263/263\n|move|p2a: Lunala|Calm Mind|p2a: Lunala\n|-boost|p2a: Lunala|spa|1\n|-boost|p2a: Lunala|spd|1\n|\n|upkeep\n|turn|17\n|\n|t:|1733794514\n|move|p1a: Delphox|Fire Blast|p2a: Lunala\n|-damage|p2a: Lunala|259/308\n|move|p2a: Lunala|Moongeist Beam|p1a: Delphox\n|-supereffective|p1a: Delphox\n|-damage|p1a: Delphox|0 fnt\n|faint|p1a: Delphox\n|\n|-heal|p2a: Lunala|278/308|[from] item: Leftovers\n|upkeep\n|\n|t:|1733794518\n|switch|p1a: Palafin|Palafin-Hero, L77, M|281/281\n|-activate|p1a: Palafin|ability: Zero to Hero\n|turn|18\n|\n|t:|1733794529\n|move|p1a: Palafin|Bulk Up|p1a: Palafin\n|-boost|p1a: Palafin|atk|1\n|-boost|p1a: Palafin|def|1\n|move|p2a: Lunala|Moongeist Beam|p1a: Palafin\n|-damage|p1a: Palafin|104/281\n|\n|-heal|p1a: Palafin|121/281|[from] item: Leftovers\n|-heal|p2a: Lunala|297/308|[from] item: Leftovers\n|upkeep\n|turn|19\n|\n|t:|1733794546\n|move|p1a: Palafin|Jet Punch|p2a: Lunala\n|-damage|p2a: Lunala|153/308\n|move|p2a: Lunala|Moongeist Beam|p1a: Palafin\n|-damage|p1a: Palafin|0 fnt\n|faint|p1a: Palafin\n|\n|-heal|p2a: Lunala|172/308|[from] item: Leftovers\n|upkeep\n|\n|t:|1733794551\n|switch|p1a: Calyrex|Calyrex, L93|337/337\n|-ability|p1a: Calyrex|Unnerve\n|turn|20\n|\n|t:|1733794558\n|-terastallize|p1a: Calyrex|Steel\n|move|p1a: Calyrex|Leech Seed|p2a: Lunala\n|-start|p2a: Lunala|move: Leech Seed\n|move|p2a: Lunala|Moongeist Beam|p1a: Calyrex\n|-damage|p1a: Calyrex|184/337\n|\n|-heal|p1a: Calyrex|205/337|[from] item: Leftovers\n|-heal|p2a: Lunala|191/308|[from] item: Leftovers\n|-damage|p2a: Lunala|153/308|[from] Leech Seed|[of] p1a: Calyrex\n|-heal|p1a: Calyrex|243/337|[silent]\n|upkeep\n|turn|21\n|\n|t:|1733794565\n|move|p1a: Calyrex|Calm Mind|p1a: Calyrex\n|-boost|p1a: Calyrex|spa|1\n|-boost|p1a: Calyrex|spd|1\n|move|p2a: Lunala|Moonlight|p2a: Lunala\n|-heal|p2a: Lunala|307/308\n|\n|-heal|p1a: Calyrex|264/337|[from] item: Leftovers\n|-heal|p2a: Lunala|308/308|[from] item: Leftovers\n|-damage|p2a: Lunala|270/308|[from] Leech Seed|[of] p1a: Calyrex\n|-heal|p1a: Calyrex|302/337|[silent]\n|upkeep\n|turn|22\n|\n|t:|1733794572\n|move|p1a: Calyrex|Calm Mind|p1a: Calyrex\n|-boost|p1a: Calyrex|spa|1\n|-boost|p1a: Calyrex|spd|1\n|move|p2a: Lunala|Calm Mind|p2a: Lunala\n|-boost|p2a: Lunala|spa|1\n|-boost|p2a: Lunala|spd|1\n|\n|-heal|p1a: Calyrex|323/337|[from] item: Leftovers\n|-heal|p2a: Lunala|289/308|[from] item: Leftovers\n|-damage|p2a: Lunala|251/308|[from] Leech Seed|[of] p1a: Calyrex\n|-heal|p1a: Calyrex|337/337|[silent]\n|upkeep\n|turn|23\n|\n|t:|1733794578\n|move|p1a: Calyrex|Calm Mind|p1a: Calyrex\n|-boost|p1a: Calyrex|spa|1\n|-boost|p1a: Calyrex|spd|1\n|move|p2a: Lunala|Calm Mind|p2a: Lunala\n|-boost|p2a: Lunala|spa|1\n|-boost|p2a: Lunala|spd|1\n|\n|-heal|p2a: Lunala|270/308|[from] item: Leftovers\n|-damage|p2a: Lunala|232/308|[from] Leech Seed|[of] p1a: Calyrex\n|upkeep\n|turn|24\n|\n|t:|1733794581\n|move|p1a: Calyrex|Calm Mind|p1a: Calyrex\n|-boost|p1a: Calyrex|spa|1\n|-boost|p1a: Calyrex|spd|1\n|move|p2a: Lunala|Calm Mind|p2a: Lunala\n|-boost|p2a: Lunala|spa|1\n|-boost|p2a: Lunala|spd|1\n|\n|-heal|p2a: Lunala|251/308|[from] item: Leftovers\n|-damage|p2a: Lunala|213/308|[from] Leech Seed|[of] p1a: Calyrex\n|upkeep\n|turn|25\n|\n|t:|1733794583\n|move|p1a: Calyrex|Calm Mind|p1a: Calyrex\n|-boost|p1a: Calyrex|spa|1\n|-boost|p1a: Calyrex|spd|1\n|move|p2a: Lunala|Calm Mind|p2a: Lunala\n|-boost|p2a: Lunala|spa|1\n|-boost|p2a: Lunala|spd|1\n|\n|-heal|p2a: Lunala|232/308|[from] item: Leftovers\n|-damage|p2a: Lunala|194/308|[from] Leech Seed|[of] p1a: Calyrex\n|upkeep\n|turn|26\n|\n|t:|1733794596\n|move|p1a: Calyrex|Calm Mind|p1a: Calyrex\n|-boost|p1a: Calyrex|spa|1\n|-boost|p1a: Calyrex|spd|1\n|move|p2a: Lunala|Calm Mind|p2a: Lunala\n|-boost|p2a: Lunala|spa|1\n|-boost|p2a: Lunala|spd|1\n|\n|-heal|p2a: Lunala|213/308|[from] item: Leftovers\n|-damage|p2a: Lunala|175/308|[from] Leech Seed|[of] p1a: Calyrex\n|upkeep\n|turn|27\n|\n|t:|1733794598\n|move|p1a: Calyrex|Giga Drain|p2a: Lunala\n|-damage|p2a: Lunala|87/308\n|move|p2a: Lunala|Moonlight|p2a: Lunala\n|-heal|p2a: Lunala|241/308\n|\n|-heal|p2a: Lunala|260/308|[from] item: Leftovers\n|-damage|p2a: Lunala|222/308|[from] Leech Seed|[of] p1a: Calyrex\n|upkeep\n|turn|28\n|\n|t:|1733794603\n|move|p1a: Calyrex|Giga Drain|p2a: Lunala\n|-damage|p2a: Lunala|138/308\n|move|p2a: Lunala|Moonlight|p2a: Lunala\n|-heal|p2a: Lunala|292/308\n|\n|-heal|p2a: Lunala|308/308|[from] item: Leftovers\n|-damage|p2a: Lunala|270/308|[from] Leech Seed|[of] p1a: Calyrex\n|upkeep\n|turn|29\n|\n|t:|1733794611\n|move|p1a: Calyrex|Psychic|p2a: Lunala\n|-resisted|p2a: Lunala\n|-damage|p2a: Lunala|213/308\n|move|p2a: Lunala|Moongeist Beam|p1a: Calyrex\n|-damage|p1a: Calyrex|231/337\n|\n|-heal|p1a: Calyrex|252/337|[from] item: Leftovers\n|-heal|p2a: Lunala|232/308|[from] item: Leftovers\n|-damage|p2a: Lunala|194/308|[from] Leech Seed|[of] p1a: Calyrex\n|-heal|p1a: Calyrex|290/337|[silent]\n|upkeep\n|turn|30\n|\n|t:|1733794624\n|move|p1a: Calyrex|Psychic|p2a: Lunala\n|-resisted|p2a: Lunala\n|-damage|p2a: Lunala|139/308\n|-unboost|p2a: Lunala|spd|1\n|move|p2a: Lunala|Moongeist Beam|p1a: Calyrex\n|-damage|p1a: Calyrex|188/337\n|\n|-heal|p1a: Calyrex|209/337|[from] item: Leftovers\n|-heal|p2a: Lunala|158/308|[from] item: Leftovers\n|-damage|p2a: Lunala|120/308|[from] Leech Seed|[of] p1a: Calyrex\n|-heal|p1a: Calyrex|247/337|[silent]\n|upkeep\n|turn|31\n|\n|t:|1733794630\n|move|p1a: Calyrex|Psychic|p2a: Lunala\n|-resisted|p2a: Lunala\n|-damage|p2a: Lunala|63/308\n|move|p2a: Lunala|Moonlight|p2a: Lunala\n|-heal|p2a: Lunala|217/308\n|\n|-heal|p1a: Calyrex|268/337|[from] item: Leftovers\n|-heal|p2a: Lunala|236/308|[from] item: Leftovers\n|-damage|p2a: Lunala|198/308|[from] Leech Seed|[of] p1a: Calyrex\n|-heal|p1a: Calyrex|306/337|[silent]\n|upkeep\n|turn|32\n|\n|t:|1733794634\n|move|p1a: Calyrex|Psychic|p2a: Lunala\n|-resisted|p2a: Lunala\n|-damage|p2a: Lunala|141/308\n|move|p2a: Lunala|Moonlight|p2a: Lunala\n|-heal|p2a: Lunala|295/308\n|\n|-heal|p1a: Calyrex|327/337|[from] item: Leftovers\n|-heal|p2a: Lunala|308/308|[from] item: Leftovers\n|-damage|p2a: Lunala|270/308|[from] Leech Seed|[of] p1a: Calyrex\n|-heal|p1a: Calyrex|337/337|[silent]\n|upkeep\n|turn|33\n|\n|t:|1733794640\n|move|p1a: Calyrex|Psychic|p2a: Lunala\n|-resisted|p2a: Lunala\n|-damage|p2a: Lunala|212/308\n|move|p2a: Lunala|Calm Mind|p2a: Lunala\n|-boost|p2a: Lunala|spa|0\n|-boost|p2a: Lunala|spd|1\n|\n|-heal|p2a: Lunala|231/308|[from] item: Leftovers\n|-damage|p2a: Lunala|193/308|[from] Leech Seed|[of] p1a: Calyrex\n|upkeep\n|turn|34\n|\n|t:|1733794645\n|move|p1a: Calyrex|Psychic|p2a: Lunala\n|-resisted|p2a: Lunala\n|-damage|p2a: Lunala|145/308\n|move|p2a: Lunala|Moongeist Beam|p1a: Calyrex\n|-damage|p1a: Calyrex|238/337\n|\n|-heal|p1a: Calyrex|259/337|[from] item: Leftovers\n|-heal|p2a: Lunala|164/308|[from] item: Leftovers\n|-damage|p2a: Lunala|126/308|[from] Leech Seed|[of] p1a: Calyrex\n|-heal|p1a: Calyrex|297/337|[silent]\n|upkeep\n|turn|35\n|\n|t:|1733794651\n|move|p1a: Calyrex|Giga Drain|p2a: Lunala\n|-damage|p2a: Lunala|33/308\n|-heal|p1a: Calyrex|337/337|[from] drain|[of] p2a: Lunala\n|move|p2a: Lunala|Moonlight|p2a: Lunala\n|-heal|p2a: Lunala|187/308\n|\n|-heal|p2a: Lunala|206/308|[from] item: Leftovers\n|-damage|p2a: Lunala|168/308|[from] Leech Seed|[of] p1a: Calyrex\n|upkeep\n|turn|36\n|\n|t:|1733794656\n|move|p1a: Calyrex|Giga Drain|p2a: Lunala\n|-damage|p2a: Lunala|81/308\n|move|p2a: Lunala|Moonlight|p2a: Lunala\n|-heal|p2a: Lunala|235/308\n|\n|-heal|p2a: Lunala|254/308|[from] item: Leftovers\n|-damage|p2a: Lunala|216/308|[from] Leech Seed|[of] p1a: Calyrex\n|upkeep\n|turn|37\n|\n|t:|1733794659\n|move|p1a: Calyrex|Giga Drain|p2a: Lunala\n|-damage|p2a: Lunala|123/308\n|move|p2a: Lunala|Moonblast|p1a: Calyrex\n|-resisted|p1a: Calyrex\n|-damage|p1a: Calyrex|304/337\n|-unboost|p1a: Calyrex|spa|1\n|\n|-heal|p1a: Calyrex|325/337|[from] item: Leftovers\n|-heal|p2a: Lunala|142/308|[from] item: Leftovers\n|-damage|p2a: Lunala|104/308|[from] Leech Seed|[of] p1a: Calyrex\n|-heal|p1a: Calyrex|337/337|[silent]\n|upkeep\n|turn|38\n|\n|t:|1733794662\n|move|p1a: Calyrex|Giga Drain|p2a: Lunala\n|-crit|p2a: Lunala\n|-damage|p2a: Lunala|0 fnt\n|faint|p2a: Lunala\n|\n|upkeep\n|\n|t:|1733794668\n|switch|p2a: Uxie|Uxie, L83|260/260\n|turn|39\n|\n|t:|1733794671\n|move|p2a: Uxie|Thunder Wave|p1a: Calyrex\n|-status|p1a: Calyrex|par\n|move|p1a: Calyrex|Giga Drain|p2a: Uxie\n|-damage|p2a: Uxie|28/260\n|\n|-heal|p2a: Uxie|44/260|[from] item: Leftovers\n|upkeep\n|turn|40\n|inactive|Hyper Betlog has 120 seconds left.\n|\n|t:|1733794715\n|move|p2a: Uxie|Psychic Noise|p1a: Calyrex\n|-resisted|p1a: Calyrex\n|-damage|p1a: Calyrex|328/337 par\n|-start|p1a: Calyrex|move: Heal Block\n|cant|p1a: Calyrex|move: Heal Block|Giga Drain\n|\n|-heal|p2a: Uxie|60/260|[from] item: Leftovers\n|upkeep\n|turn|41\n|\n|t:|1733794726\n|move|p2a: Uxie|Encore|p1a: Calyrex\n|-start|p1a: Calyrex|Encore\n|cant|p1a: Calyrex|move: Heal Block|Giga Drain\n|\n|-heal|p2a: Uxie|76/260|[from] item: Leftovers\n|-end|p1a: Calyrex|move: Heal Block\n|upkeep\n|turn|42\n|\n|t:|1733794731\n|move|p2a: Uxie|Psychic Noise|p1a: Calyrex\n|-resisted|p1a: Calyrex\n|-damage|p1a: Calyrex|319/337 par\n|-start|p1a: Calyrex|move: Heal Block\n|cant|p1a: Calyrex|move: Heal Block|Giga Drain\n|\n|-heal|p2a: Uxie|92/260|[from] item: Leftovers\n|upkeep\n|turn|43\n|\n|t:|1733794735\n|switch|p2a: Hippowdon|Hippowdon, L82, F|311/311\n|-weather|Sandstorm|[from] ability: Sand Stream|[of] p2a: Hippowdon\n|-activate|p1a: Calyrex|move: Struggle\n|move|p1a: Calyrex|Struggle|p2a: Hippowdon\n|-damage|p2a: Hippowdon|287/311\n|-damage|p1a: Calyrex|235/337 par|[from] recoil\n|\n|-weather|Sandstorm|[upkeep]\n|-heal|p2a: Hippowdon|306/311|[from] item: Leftovers\n|-end|p1a: Calyrex|Encore\n|-end|p1a: Calyrex|move: Heal Block\n|upkeep\n|turn|44\n|\n|t:|1733794744\n|move|p2a: Hippowdon|Earthquake|p1a: Calyrex\n|-supereffective|p1a: Calyrex\n|-damage|p1a: Calyrex|5/337 par\n|move|p1a: Calyrex|Giga Drain|p2a: Hippowdon\n|-supereffective|p2a: Hippowdon\n|-damage|p2a: Hippowdon|0 fnt\n|-heal|p1a: Calyrex|158/337 par|[from] drain|[of] p2a: Hippowdon\n|faint|p2a: Hippowdon\n|\n|-weather|Sandstorm|[upkeep]\n|-heal|p1a: Calyrex|179/337 par|[from] item: Leftovers\n|upkeep\n|\n|t:|1733794751\n|switch|p2a: Uxie|Uxie, L83|92/260\n|turn|45\n|\n|t:|1733794756\n|move|p2a: Uxie|Psychic Noise|p1a: Calyrex\n|-resisted|p1a: Calyrex\n|-damage|p1a: Calyrex|170/337 par\n|-start|p1a: Calyrex|move: Heal Block\n|move|p1a: Calyrex|Leech Seed|p2a: Uxie\n|-start|p2a: Uxie|move: Leech Seed\n|\n|-weather|Sandstorm|[upkeep]\n|-damage|p2a: Uxie|76/260|[from] Sandstorm\n|-heal|p2a: Uxie|92/260|[from] item: Leftovers\n|-damage|p2a: Uxie|60/260|[from] Leech Seed|[of] p1a: Calyrex\n|upkeep\n|turn|46\n|\n|t:|1733794769\n|move|p2a: Uxie|Encore|p1a: Calyrex\n|-start|p1a: Calyrex|Encore\n|cant|p1a: Calyrex|par\n|\n|-weather|Sandstorm|[upkeep]\n|-damage|p2a: Uxie|44/260|[from] Sandstorm\n|-heal|p2a: Uxie|60/260|[from] item: Leftovers\n|-damage|p2a: Uxie|28/260|[from] Leech Seed|[of] p1a: Calyrex\n|-end|p1a: Calyrex|move: Heal Block\n|upkeep\n|turn|47\n|-message|sauceboy11 forfeited.\n|\n|win|Hyper Betlog\n|raw|Hyper Betlog's rating: 1388 &rarr; <strong>1406</strong><br />(+18 for winning)\n|raw|sauceboy11's rating: 1347 &rarr; <strong>1329</strong><br />(-18 for losing)\n|l|\u2606sauceboy11\n|player|p2|\n", "inputlog": ">version bfd83cad13791eb5a5a409923076391caf6fb4d4\n>start {\"formatid\":\"gen9randombattle\",\"seed\":[39371,14481,62777,55294],\"rated\":\"Rated battle\"}\n>player p1 {\"name\":\"Hyper Betlog\",\"avatar\":\"linebacker\",\"rating\":1369,\"seed\":[1723,6959,21538,28002]}\n>player p2 {\"name\":\"sauceboy11\",\"avatar\":\"waitress-gen4\",\"rating\":1347,\"seed\":[36991,36455,24806,10794]}\n>p1 switch 4\n>p2 switch 3\n>p1 move gunkshot\n>p2 move hurricane\n>p1 move drainpunch\n>p2 move hypervoice\n>p1 move knockoff\n>p2 move hurricane\n>p2 switch 4\n>p1 move drainpunch\n>p2 move mudshot\n>p1 move knockoff\n>p2 move mudshot\n>p1 move shadowsneak\n>p2 move mudshot\n>p1 switch 4\n>p1 move fireblast\n>p2 switch 2\n>p1 switch 5\n>p2 move shellsmash\n>p1 move earthquake\n>p2 move shellsmash terastallize\n>p1 move icespinner\n>p2 move fireblast\n>p2 switch 5\n>p1 move knockoff\n>p2 move uturn\n>p2 switch 3\n>p1 switch 6\n>p1 move megahorn\n>p2 switch 2\n>p1 move earthquake\n>p2 move freezedry\n>p2 switch 2\n>p1 move megahorn\n>p2 move moongeistbeam\n>p1 switch 2\n>p1 switch 5\n>p2 move calmmind\n>p1 move fireblast\n>p2 move moongeistbeam\n>p1 switch 5\n>p1 move bulkup\n>p2 move moongeistbeam\n>p1 move jetpunch\n>p2 move moongeistbeam\n>p1 switch 3\n>p1 move leechseed terastallize\n>p2 move moongeistbeam\n>p1 move calmmind\n>p2 move moonlight\n>p1 move calmmind\n>p2 move calmmind\n>p1 move calmmind\n>p2 move calmmind\n>p1 move calmmind\n>p2 move calmmind\n>p1 move calmmind\n>p2 move calmmind\n>p1 move calmmind\n>p2 move calmmind\n>p1 move gigadrain\n>p2 move moonlight\n>p1 move gigadrain\n>p2 move moonlight\n>p1 move psychic\n>p2 move moongeistbeam\n>p1 move psychic\n>p2 move moongeistbeam\n>p1 move psychic\n>p2 move moonlight\n>p1 move psychic\n>p2 move moonlight\n>p1 move psychic\n>p2 move calmmind\n>p1 move psychic\n>p2 move moongeistbeam\n>p1 move gigadrain\n>p2 move moonlight\n>p1 move gigadrain\n>p2 move moonlight\n>p1 move gigadrain\n>p2 move moonblast\n>p1 move gigadrain\n>p2 move moonblast\n>p2 switch 3\n>p1 move gigadrain\n>p2 move thunderwave\n>p1 move gigadrain\n>p2 move psychicnoise\n>p1 move psychic\n>p2 move encore\n>p1 move gigadrain\n>p2 move psychicnoise\n>p1 move struggle\n>p2 switch 6\n>p1 move gigadrain\n>p2 move earthquake\n>p2 switch 6\n>p1 move leechseed\n>p2 move psychicnoise\n>p1 move psychic\n>p2 move encore\n>forcelose p2", "uploadtime": 1733794779, "views": 3, "formatid": "gen9randombattle", "rating": 1329, "private": 0, "password": null}