{"id": "gen9randombattle-2260576461", "format": "[Gen 9] Random Battle", "players": ["Antonius3108", "Az1anSensation2"], "log": "|j|\u2606Antonius3108\n|j|\u203dAz1anSensation2\n|t:|1733865299\n|gametype|singles\n|player|p1|Antonius3108|169|2142\n|player|p2|Az1anSensation2|265|2193\n|teamsize|p1|6\n|teamsize|p2|6\n|gen|9\n|tier|[Gen 9] Random Battle\n|rated|\n|rule|Species Clause: Limit one of each Pok\u00e9mon\n|rule|HP Percentage Mod: HP is shown in percentages\n|rule|Sleep Clause Mod: Limit one foe put to sleep\n|rule|Illusion Level Mod: Illusion disguises the Pok\u00e9mon's true level\n|\n|t:|1733865299\n|start\n|switch|p1a: Muk|Muk-Alola, L82, M|306/306\n|switch|p2a: Bellibolt|Bellibolt, L84, F|320/320\n|turn|1\n|inactive|Battle timer is ON: inactive players will automatically lose when time's up. (requested by Az1anSensation2)\n|inactive|Antonius3108 also wants the timer to be on.\n|\n|t:|1733865320\n|switch|p2a: Toxicroak|Toxicroak, L84, M|277/277\n|move|p1a: Muk|Knock Off|p2a: Toxicroak\n|-resisted|p2a: Toxicroak\n|-crit|p2a: Toxicroak\n|-damage|p2a: Toxicroak|181/277\n|-enditem|p2a: Toxicroak|Life Orb|[from] move: Knock Off|[of] p1a: Muk\n|\n|upkeep\n|turn|2\n|\n|t:|1733865336\n|switch|p1a: Veluza|Veluza, L85, F|292/292\n|move|p2a: Toxicroak|Swords Dance|p2a: Toxicroak\n|-boost|p2a: Toxicroak|atk|2\n|\n|upkeep\n|turn|3\n|\n|t:|1733865348\n|move|p1a: Veluza|Psycho Cut|p2a: Toxicroak\n|-supereffective|p2a: Toxicroak\n|-crit|p2a: Toxicroak\n|-damage|p2a: Toxicroak|0 fnt\n|faint|p2a: Toxicroak\n|\n|upkeep\n|\n|t:|1733865365\n|switch|p2a: Ogerpon|Ogerpon-Hearthflame, L74, F|239/239\n|-ability|p2a: Ogerpon|Mold Breaker\n|turn|4\n|\n|t:|1733865384\n|switch|p1a: Honchkrow|Honchkrow, L86, M|312/312\n|move|p2a: Ogerpon|Power Whip|p1a: Honchkrow\n|-resisted|p1a: Honchkrow\n|-damage|p1a: Honchkrow|210/312\n|\n|upkeep\n|turn|5\n|\n|t:|1733865395\n|switch|p2a: Bellibolt|Bellibolt, L84, F|320/320\n|move|p1a: Honchkrow|Brave Bird|p2a: Bellibolt\n|-resisted|p2a: Bellibolt\n|-damage|p2a: Bellibolt|243/320\n|-start|p2a: Bellibolt|Charge|Brave Bird|[from] ability: Electromorphosis\n|-damage|p1a: Honchkrow|185/312|[from] Recoil\n|\n|-heal|p2a: Bellibolt|263/320|[from] item: Leftovers\n|upkeep\n|turn|6\n|\n|t:|1733865404\n|switch|p1a: Muk|Muk-Alola, L82, M|306/306\n|move|p2a: Bellibolt|Thunderbolt|p1a: Muk\n|-damage|p1a: Muk|192/306\n|-end|p2a: Bellibolt|Charge|[silent]\n|\n|-heal|p2a: Bellibolt|283/320|[from] item: Leftovers\n|upkeep\n|turn|7\n|\n|t:|1733865420\n|move|p1a: Muk|Knock Off|p2a: Bellibolt\n|-crit|p2a: Bellibolt\n|-damage|p2a: Bellibolt|132/320\n|-start|p2a: Bellibolt|Charge|Knock Off|[from] ability: Electromorphosis\n|-enditem|p2a: Bellibolt|Leftovers|[from] move: Knock Off|[of] p1a: Muk\n|move|p2a: Bellibolt|Thunderbolt|p1a: Muk\n|-damage|p1a: Muk|72/306\n|-end|p2a: Bellibolt|Charge|[silent]\n|\n|upkeep\n|turn|8\n|\n|t:|1733865437\n|move|p1a: Muk|Poison Jab|p2a: Bellibolt\n|-damage|p2a: Bellibolt|47/320\n|-status|p2a: Bellibolt|psn\n|-start|p2a: Bellibolt|Charge|Poison Jab|[from] ability: Electromorphosis\n|move|p2a: Bellibolt|Slack Off|p2a: Bellibolt\n|-heal|p2a: Bellibolt|207/320 psn\n|\n|-damage|p2a: Bellibolt|167/320 psn|[from] psn\n|upkeep\n|turn|9\n|\n|t:|1733865448\n|move|p1a: Muk|Drain Punch|p2a: Bellibolt\n|-damage|p2a: Bellibolt|112/320 psn\n|-heal|p1a: Muk|100/306|[from] drain|[of] p2a: Bellibolt\n|-start|p2a: Bellibolt|Charge|Drain Punch|[from] ability: Electromorphosis\n|move|p2a: Bellibolt|Slack Off|p2a: Bellibolt\n|-heal|p2a: Bellibolt|272/320 psn\n|\n|-damage|p2a: Bellibolt|232/320 psn|[from] psn\n|upkeep\n|turn|10\n|\n|t:|1733865459\n|move|p1a: Muk|Drain Punch|p2a: Bellibolt\n|-damage|p2a: Bellibolt|179/320 psn\n|-heal|p1a: Muk|127/306|[from] drain|[of] p2a: Bellibolt\n|-start|p2a: Bellibolt|Charge|Drain Punch|[from] ability: Electromorphosis\n|move|p2a: Bellibolt|Slack Off|p2a: Bellibolt\n|-heal|p2a: Bellibolt|320/320 psn\n|\n|-damage|p2a: Bellibolt|280/320 psn|[from] psn\n|upkeep\n|turn|11\n|\n|t:|1733865468\n|move|p1a: Muk|Poison Jab|p2a: Bellibolt\n|-damage|p2a: Bellibolt|193/320 psn\n|-start|p2a: Bellibolt|Charge|Poison Jab|[from] ability: Electromorphosis\n|move|p2a: Bellibolt|Thunderbolt|p1a: Muk\n|-damage|p1a: Muk|0 fnt\n|faint|p1a: Muk\n|-end|p2a: Bellibolt|Charge|[silent]\n|\n|-damage|p2a: Bellibolt|153/320 psn|[from] psn\n|upkeep\n|\n|t:|1733865490\n|switch|p1a: Sawsbuck|Sawsbuck-Autumn, L88, M|284/284\n|turn|12\n|\n|t:|1733865518\n|switch|p2a: Ogerpon|Ogerpon-Hearthflame, L74, F|239/239\n|-ability|p2a: Ogerpon|Mold Breaker\n|move|p1a: Sawsbuck|High Horsepower|p2a: Ogerpon\n|-damage|p2a: Ogerpon|119/239\n|-damage|p1a: Sawsbuck|256/284|[from] item: Life Orb\n|\n|upkeep\n|turn|13\n|\n|t:|1733865527\n|move|p1a: Sawsbuck|Headbutt|p2a: Ogerpon\n|-damage|p2a: Ogerpon|0 fnt\n|faint|p2a: Ogerpon\n|-damage|p1a: Sawsbuck|228/284|[from] item: Life Orb\n|\n|upkeep\n|\n|t:|1733865544\n|switch|p2a: Cramorant|Cramorant, L86, F|261/261\n|turn|14\n|inactive|Antonius3108 has 120 seconds left.\n|\n|t:|1733865581\n|move|p1a: Sawsbuck|Headbutt|p2a: Cramorant\n|-damage|p2a: Cramorant|101/261\n|-damage|p1a: Sawsbuck|200/284|[from] item: Life Orb\n|cant|p2a: Cramorant|flinch\n|\n|upkeep\n|turn|15\n|inactive|Antonius3108 has 120 seconds left.\n|\n|t:|1733865590\n|move|p1a: Sawsbuck|Horn Leech|p2a: Cramorant\n|-damage|p2a: Cramorant|0 fnt\n|-heal|p1a: Sawsbuck|251/284|[from] drain|[of] p2a: Cramorant\n|faint|p2a: Cramorant\n|-damage|p1a: Sawsbuck|223/284|[from] item: Life Orb\n|\n|upkeep\n|\n|t:|1733865594\n|switch|p2a: Venusaur|Venusaur, L84, M|272/272\n|turn|16\n|inactive|Antonius3108 has 120 seconds left.\n|j| radicalinclement\n|inactive|Antonius3108 has 90 seconds left.\n|\n|t:|1733865657\n|-terastallize|p1a: Sawsbuck|Normal\n|move|p1a: Sawsbuck|Headbutt|p2a: Venusaur\n|-damage|p2a: Venusaur|121/272\n|-damage|p1a: Sawsbuck|195/284|[from] item: Life Orb\n|cant|p2a: Venusaur|flinch\n|\n|-heal|p2a: Venusaur|138/272|[from] item: Leftovers\n|upkeep\n|turn|17\n|\n|t:|1733865680\n|move|p1a: Sawsbuck|Headbutt|p2a: Venusaur\n|-damage|p2a: Venusaur|0 fnt\n|faint|p2a: Venusaur\n|-damage|p1a: Sawsbuck|167/284|[from] item: Life Orb\n|\n|upkeep\n|inactive|Az1anSensation2 has 120 seconds left.\n|\n|t:|1733865696\n|switch|p2a: Manaphy|Manaphy, L78|284/284\n|turn|18\n|inactive|Antonius3108 has 90 seconds left.\n|\n|t:|1733865710\n|move|p1a: Sawsbuck|Headbutt|p2a: Manaphy\n|-damage|p2a: Manaphy|136/284\n|-damage|p1a: Sawsbuck|139/284|[from] item: Life Orb\n|cant|p2a: Manaphy|flinch\n|\n|-heal|p2a: Manaphy|153/284|[from] item: Leftovers\n|upkeep\n|turn|19\n|\n|t:|1733865717\n|move|p1a: Sawsbuck|Headbutt|p2a: Manaphy\n|-damage|p2a: Manaphy|15/284\n|-damage|p1a: Sawsbuck|111/284|[from] item: Life Orb\n|move|p2a: Manaphy|Ice Beam|p1a: Sawsbuck\n|-damage|p1a: Sawsbuck|40/284\n|\n|-heal|p2a: Manaphy|32/284|[from] item: Leftovers\n|upkeep\n|turn|20\n|\n|t:|1733865721\n|move|p1a: Sawsbuck|Horn Leech|p2a: Manaphy\n|-supereffective|p2a: Manaphy\n|-damage|p2a: Manaphy|0 fnt\n|-heal|p1a: Sawsbuck|56/284|[from] drain|[of] p2a: Manaphy\n|faint|p2a: Manaphy\n|-damage|p1a: Sawsbuck|28/284|[from] item: Life Orb\n|\n|upkeep\n|\n|t:|1733865723\n|switch|p2a: Bellibolt|Bellibolt, L84, F|153/320 psn\n|turn|21\n|\n|t:|1733865727\n|move|p1a: Sawsbuck|Headbutt|p2a: Bellibolt\n|-damage|p2a: Bellibolt|18/320 psn\n|-start|p2a: Bellibolt|Charge|Headbutt|[from] ability: Electromorphosis\n|-damage|p1a: Sawsbuck|0 fnt|[from] item: Life Orb\n|faint|p1a: Sawsbuck\n|cant|p2a: Bellibolt|flinch\n|\n|-damage|p2a: Bellibolt|0 fnt|[from] psn\n|faint|p2a: Bellibolt\n|\n|win|Antonius3108\n|upkeep\n|raw|Antonius3108's rating: 2142 &rarr; <strong>2165</strong><br />(+23 for winning)\n|raw|Az1anSensation2's rating: 2193 &rarr; <strong>2170</strong><br />(-23 for losing)\n", "inputlog": ">version bfd83cad13791eb5a5a409923076391caf6fb4d4\n>start {\"formatid\":\"gen9randombattle\",\"seed\":[59868,26024,44380,6460],\"rated\":\"Rated battle\"}\n>player p1 {\"name\":\"Antonius3108\",\"avatar\":\"169\",\"rating\":2142,\"seed\":[51245,57477,40072,19307]}\n>player p2 {\"name\":\"Az1anSensation2\",\"avatar\":\"265\",\"rating\":2193,\"seed\":[54053,10274,30439,53996]}\n>p1 move knockoff\n>p2 switch 4\n>p1 switch 5\n>p2 move swordsdance\n>p1 move psychocut\n>p2 move gunkshot\n>p2 switch 3\n>p1 switch 6\n>p2 move powerwhip\n>p1 move bravebird\n>p2 switch 4\n>p1 switch 5\n>p2 move thunderbolt\n>p1 move knockoff\n>p2 move thunderbolt\n>p1 move poisonjab\n>p2 move slackoff\n>p1 move drainpunch\n>p2 move slackoff\n>p1 move drainpunch\n>p2 move slackoff\n>p1 move poisonjab\n>p2 move thunderbolt\n>p1 switch 3\n>p1 move highhorsepower\n>p2 switch 4\n>p1 move headbutt\n>p2 move ivycudgel\n>p2 switch 2\n>p1 move headbutt\n>p2 move bravebird\n>p1 move hornleech\n>p2 move bravebird\n>p2 switch 5\n>p1 move headbutt terastallize\n>p2 move sludgebomb\n>p1 move headbutt\n>p2 move sludgebomb\n>p2 switch 6\n>p1 move headbutt\n>p2 move icebeam\n>p1 move headbutt\n>p2 move icebeam\n>p1 move hornleech\n>p2 move icebeam\n>p2 switch 4\n>p1 move headbutt\n>p2 move slackoff", "uploadtime": 1733865732, "views": 1, "formatid": "gen9randombattle", "rating": 2165, "private": 0, "password": null}