{"id": "gen9randombattle-2260611726", "format": "[Gen 9] Random Battle", "players": ["vdsgvrgv", "kgkjhgkhjgkj"], "log": "|j|\u2606vdsgvrgv\n|j|\u2606kgkjhgkhjgkj\n|t:|1733869143\n|gametype|singles\n|player|p1|vdsgvrgv|1|1000\n|player|p2|kgkjhgkhjgkj|1|1000\n|teamsize|p1|6\n|teamsize|p2|6\n|gen|9\n|tier|[Gen 9] Random Battle\n|rated|\n|rule|Species Clause: Limit one of each Pok\u00e9mon\n|rule|HP Percentage Mod: HP is shown in percentages\n|rule|Sleep Clause Mod: Limit one foe put to sleep\n|rule|Illusion Level Mod: Illusion disguises the Pok\u00e9mon's true level\n|\n|t:|1733869143\n|start\n|switch|p1a: Tinkaton|Tinkaton, L82, F|274/274\n|switch|p2a: Vaporeon|Vaporeon, L86, M|364/364\n|-ability|p1a: Tinkaton|Mold Breaker\n|turn|1\n|\n|t:|1733869159\n|move|p1a: Tinkaton|Stealth Rock|p2a: Vaporeon\n|-sidestart|p2: kgkjhgkhjgkj|move: Stealth Rock\n|move|p2a: Vaporeon|Scald|p1a: Tinkaton\n|-damage|p1a: Tinkaton|180/274\n|-status|p1a: Tinkaton|brn\n|\n|-heal|p1a: Tinkaton|197/274 brn|[from] item: Leftovers\n|-damage|p1a: Tinkaton|180/274 brn|[from] brn\n|upkeep\n|turn|2\n|\n|t:|1733869169\n|switch|p1a: Basculegion|Basculegion-F, L83, F|335/335\n|move|p2a: Vaporeon|Calm Mind|p2a: Vaporeon\n|-boost|p2a: Vaporeon|spa|1\n|-boost|p2a: Vaporeon|spd|1\n|\n|upkeep\n|turn|3\n|\n|t:|1733869172\n|move|p2a: Vaporeon|Protect|p2a: Vaporeon\n|-singleturn|p2a: Vaporeon|Protect\n|move|p1a: Basculegion|Shadow Ball|p2a: Vaporeon\n|-activate|p2a: Vaporeon|move: Protect\n|\n|upkeep\n|turn|4\n|\n|t:|1733869177\n|move|p1a: Basculegion|Shadow Ball|p2a: Vaporeon\n|-damage|p2a: Vaporeon|252/364\n|move|p2a: Vaporeon|Calm Mind|p2a: Vaporeon\n|-boost|p2a: Vaporeon|spa|1\n|-boost|p2a: Vaporeon|spd|1\n|\n|-heal|p2a: Vaporeon|274/364|[from] item: Leftovers\n|upkeep\n|turn|5\n|\n|t:|1733869182\n|move|p1a: Basculegion|Shadow Ball|p2a: Vaporeon\n|-damage|p2a: Vaporeon|186/364\n|move|p2a: Vaporeon|Calm Mind|p2a: Vaporeon\n|-boost|p2a: Vaporeon|spa|1\n|-boost|p2a: Vaporeon|spd|1\n|\n|-heal|p2a: Vaporeon|208/364|[from] item: Leftovers\n|upkeep\n|turn|6\n|\n|t:|1733869191\n|move|p1a: Basculegion|Shadow Ball|p2a: Vaporeon\n|-damage|p2a: Vaporeon|142/364\n|move|p2a: Vaporeon|Wish|p2a: Vaporeon\n|\n|-heal|p2a: Vaporeon|164/364|[from] item: Leftovers\n|upkeep\n|turn|7\n|\n|t:|1733869194\n|move|p2a: Vaporeon|Protect|p2a: Vaporeon\n|-singleturn|p2a: Vaporeon|Protect\n|move|p1a: Basculegion|Shadow Ball|p2a: Vaporeon\n|-activate|p2a: Vaporeon|move: Protect\n|\n|-heal|p2a: Vaporeon|346/364|[from] move: Wish|[wisher] Vaporeon\n|-heal|p2a: Vaporeon|364/364|[from] item: Leftovers\n|upkeep\n|turn|8\n|\n|t:|1733869199\n|move|p1a: Basculegion|Shadow Ball|p2a: Vaporeon\n|-damage|p2a: Vaporeon|304/364\n|-unboost|p2a: Vaporeon|spd|1\n|move|p2a: Vaporeon|Scald|p1a: Basculegion\n|-resisted|p1a: Basculegion\n|-damage|p1a: Basculegion|190/335\n|\n|-heal|p2a: Vaporeon|326/364|[from] item: Leftovers\n|upkeep\n|turn|9\n|n|\u2606vdsgvrgv|vdsgvrgv\n|\n|t:|1733869217\n|move|p1a: Basculegion|Shadow Ball|p2a: Vaporeon\n|-damage|p2a: Vaporeon|238/364\n|move|p2a: Vaporeon|Calm Mind|p2a: Vaporeon\n|-boost|p2a: Vaporeon|spa|1\n|-boost|p2a: Vaporeon|spd|1\n|\n|-heal|p2a: Vaporeon|260/364|[from] item: Leftovers\n|upkeep\n|turn|10\n|\n|t:|1733869225\n|move|p1a: Basculegion|Shadow Ball|p2a: Vaporeon\n|-damage|p2a: Vaporeon|194/364\n|move|p2a: Vaporeon|Wish|p2a: Vaporeon\n|\n|-heal|p2a: Vaporeon|216/364|[from] item: Leftovers\n|upkeep\n|turn|11\n|\n|t:|1733869235\n|switch|p1a: Greedent|Greedent, L86, F|347/347\n|move|p2a: Vaporeon|Scald|p1a: Greedent\n|-damage|p1a: Greedent|44/347\n|-enditem|p1a: Greedent|Sitrus Berry|[eat]\n|-heal|p1a: Greedent|130/347|[from] item: Sitrus Berry\n|-heal|p1a: Greedent|245/347|[from] ability: Cheek Pouch\n|\n|-heal|p2a: Vaporeon|364/364|[from] move: Wish|[wisher] Vaporeon\n|upkeep\n|turn|12\n|\n|t:|1733869244\n|move|p2a: Vaporeon|Scald|p1a: Greedent\n|-damage|p1a: Greedent|0 fnt\n|faint|p1a: Greedent\n|\n|upkeep\n|c|\u2606vdsgvrgv|go to hell\n|c|\u2606vdsgvrgv|piece of shit\n|c|\u2606vdsgvrgv|son of a bitch\n|c|\u2606vdsgvrgv|f OUSS Y\n|c|\u2606vdsgvrgv|TRASH\n|c|\u2606vdsgvrgv|F\n|c|\u2606vdsgvrgv|U\n|c|\u2606vdsgvrgv|C\n|c|\u2606vdsgvrgv|K\n|c|\u2606vdsgvrgv|Y\n|c|\u2606vdsgvrgv|O\n|c|\u2606vdsgvrgv|U\n|l|\u2606vdsgvrgv\n|player|p1|\n|inactive|Battle timer is ON: inactive players will automatically lose when time's up. (requested by kgkjhgkhjgkj)\n|n|\u2606kgkjhgkhjgkj|kgkjhgkhjgkj\n|-message|kgkjhgkhjgkj forfeited.\n|\n|win|vdsgvrgv\n", "inputlog": ">version bfd83cad13791eb5a5a409923076391caf6fb4d4\n>start {\"formatid\":\"gen9randombattle\",\"seed\":[22088,25028,24423,28560],\"rated\":\"Rated battle\"}\n>player p1 {\"name\":\"vdsgvrgv\",\"avatar\":\"1\",\"rating\":1000,\"seed\":[24361,59638,25959,47177]}\n>player p2 {\"name\":\"kgkjhgkhjgkj\",\"avatar\":\"1\",\"rating\":1000,\"seed\":[10762,15194,61369,41720]}\n>p1 move stealthrock\n>p2 move scald\n>p1 switch 3\n>p2 move calmmind\n>p1 move shadowball\n>p2 move protect\n>p1 move shadowball\n>p2 move calmmind\n>p1 move shadowball\n>p2 move calmmind\n>p1 move shadowball\n>p2 move wish\n>p1 move shadowball\n>p2 move protect\n>p1 move shadowball\n>p2 move scald\n>p1 move shadowball\n>p2 move calmmind\n>p1 move shadowball\n>p2 move wish\n>p1 switch 2\n>p2 move scald\n>p1 move bodyslam\n>p2 move scald\n>chat \u2606vdsgvrgv|go to hell\n>chat \u2606vdsgvrgv|piece of shit\n>chat \u2606vdsgvrgv|son of a bitch\n>chat \u2606vdsgvrgv|f OUSS Y\n>chat \u2606vdsgvrgv|TRASH\n>chat \u2606vdsgvrgv|F\n>chat \u2606vdsgvrgv|U\n>chat \u2606vdsgvrgv|C\n>chat \u2606vdsgvrgv|K\n>chat \u2606vdsgvrgv|Y\n>chat \u2606vdsgvrgv|O\n>chat \u2606vdsgvrgv|U\n>forcelose p2", "uploadtime": 1733869253, "views": 1, "formatid": "gen9randombattle", "rating": null, "private": 0, "password": null}