{"id": "gen9randombattle-2260838100", "format": "[Gen 9] Random Battle", "players": ["Mr. Wumbus", "ebizi"], "log": "|j|\u2606Mr. Wumbus\n|j|\u2606ebizi\n|t:|1733901544\n|gametype|singles\n|player|p1|Mr. Wumbus|musician|1475\n|player|p2|ebizi|wattson|1472\n|teamsize|p1|6\n|teamsize|p2|6\n|gen|9\n|tier|[Gen 9] Random Battle\n|rated|\n|rule|Species Clause: Limit one of each Pok\u00e9mon\n|rule|HP Percentage Mod: HP is shown in percentages\n|rule|Sleep Clause Mod: Limit one foe put to sleep\n|rule|Illusion Level Mod: Illusion disguises the Pok\u00e9mon's true level\n|\n|t:|1733901544\n|start\n|switch|p1a: Rhydon|Rhydon, L85, F|317/317\n|switch|p2a: Abomasnow|Abomasnow, L85, F|291/291\n|-weather|Snow|[from] ability: Snow Warning|[of] p2a: Abomasnow\n|turn|1\n|inactive|Battle timer is ON: inactive players will automatically lose when time's up. (requested by Mr. Wumbus)\n|\n|t:|1733901571\n|switch|p1a: Ho-Oh|Ho-Oh, L71|268/268\n|move|p2a: Abomasnow|Aurora Veil|p2a: Abomasnow\n|-sidestart|p2: ebizi|move: Aurora Veil\n|\n|-weather|Snow|[upkeep]\n|upkeep\n|turn|2\n|\n|t:|1733901595\n|switch|p2a: Pincurchin|Pincurchin, F|258/258\n|-fieldstart|move: Electric Terrain|[from] ability: Electric Surge|[of] p2a: Pincurchin\n|move|p1a: Ho-Oh|Sacred Fire|p2a: Pincurchin|[miss]\n|-miss|p1a: Ho-Oh|p2a: Pincurchin\n|\n|-weather|Snow|[upkeep]\n|upkeep\n|turn|3\n|inactive|ebizi has 120 seconds left.\n|\n|t:|1733901617\n|switch|p1a: Rhydon|Rhydon, L85, F|317/317\n|move|p2a: Pincurchin|Scald|p1a: Rhydon\n|-supereffective|p1a: Rhydon\n|-damage|p1a: Rhydon|0 fnt\n|faint|p1a: Rhydon\n|\n|-weather|Snow|[upkeep]\n|upkeep\n|\n|t:|1733901626\n|switch|p1a: Zamazenta|Zamazenta, L71|248/248\n|-ability|p1a: Zamazenta|Dauntless Shield|boost\n|-boost|p1a: Zamazenta|def|1\n|turn|4\n|\n|t:|1733901638\n|move|p1a: Zamazenta|Close Combat|p2a: Pincurchin\n|-damage|p2a: Pincurchin|194/258\n|-unboost|p1a: Zamazenta|def|1\n|-unboost|p1a: Zamazenta|spd|1\n|move|p2a: Pincurchin|Scald|p1a: Zamazenta\n|-damage|p1a: Zamazenta|136/248\n|\n|-weather|Snow|[upkeep]\n|-heal|p2a: Pincurchin|210/258|[from] item: Leftovers\n|upkeep\n|turn|5\n|\n|t:|1733901647\n|switch|p1a: Tsareena|Tsareena, L87, F|267/267\n|move|p2a: Pincurchin|Scald|p1a: Tsareena\n|-resisted|p1a: Tsareena\n|-damage|p1a: Tsareena|233/267\n|-status|p1a: Tsareena|brn\n|\n|-weather|none\n|-heal|p2a: Pincurchin|226/258|[from] item: Leftovers\n|-damage|p1a: Tsareena|217/267 brn|[from] brn\n|upkeep\n|turn|6\n|\n|t:|1733901662\n|move|p1a: Tsareena|Knock Off|p2a: Pincurchin\n|-damage|p2a: Pincurchin|210/258\n|-enditem|p2a: Pincurchin|Leftovers|[from] move: Knock Off|[of] p1a: Tsareena\n|move|p2a: Pincurchin|Discharge|p1a: Tsareena\n|-resisted|p1a: Tsareena\n|-damage|p1a: Tsareena|154/267 brn\n|\n|-damage|p1a: Tsareena|138/267 brn|[from] brn\n|-fieldend|move: Electric Terrain\n|upkeep\n|turn|7\n|\n|t:|1733901678\n|switch|p2a: Amoonguss|Amoonguss, L82, M|321/321\n|move|p1a: Tsareena|Synthesis|p1a: Tsareena\n|-heal|p1a: Tsareena|267/267 brn\n|\n|-damage|p1a: Tsareena|251/267 brn|[from] brn\n|upkeep\n|turn|8\n|\n|t:|1733901690\n|move|p1a: Tsareena|Knock Off|p2a: Amoonguss\n|-damage|p2a: Amoonguss|296/321\n|-enditem|p2a: Amoonguss|Leftovers|[from] move: Knock Off|[of] p1a: Tsareena\n|move|p2a: Amoonguss|Sludge Bomb|p1a: Tsareena\n|-supereffective|p1a: Tsareena\n|-damage|p1a: Tsareena|93/267 brn\n|\n|-damage|p1a: Tsareena|77/267 brn|[from] brn\n|-sideend|p2: ebizi|move: Aurora Veil\n|upkeep\n|turn|9\n|\n|t:|1733901700\n|switch|p1a: Ho-Oh|Ho-Oh, L71|268/268\n|move|p2a: Amoonguss|Sludge Bomb|p1a: Ho-Oh\n|-damage|p1a: Ho-Oh|202/268\n|-status|p1a: Ho-Oh|psn\n|\n|-damage|p1a: Ho-Oh|169/268 psn|[from] psn\n|upkeep\n|turn|10\n|\n|t:|1733901711\n|switch|p2a: Pincurchin|Pincurchin, F|210/258\n|-fieldstart|move: Electric Terrain|[from] ability: Electric Surge|[of] p2a: Pincurchin\n|move|p1a: Ho-Oh|Sacred Fire|p2a: Pincurchin\n|-damage|p2a: Pincurchin|131/258\n|-status|p2a: Pincurchin|brn\n|\n|-damage|p1a: Ho-Oh|136/268 psn|[from] psn\n|-damage|p2a: Pincurchin|115/258 brn|[from] brn\n|upkeep\n|turn|11\n|\n|t:|1733901721\n|move|p1a: Ho-Oh|Earthquake|p2a: Pincurchin\n|-supereffective|p2a: Pincurchin\n|-damage|p2a: Pincurchin|15/258 brn\n|move|p2a: Pincurchin|Recover|p2a: Pincurchin\n|-heal|p2a: Pincurchin|144/258 brn\n|\n|-damage|p1a: Ho-Oh|103/268 psn|[from] psn\n|-damage|p2a: Pincurchin|128/258 brn|[from] brn\n|upkeep\n|turn|12\n|\n|t:|1733901730\n|move|p1a: Ho-Oh|Earthquake|p2a: Pincurchin\n|-supereffective|p2a: Pincurchin\n|-damage|p2a: Pincurchin|30/258 brn\n|move|p2a: Pincurchin|Scald|p1a: Ho-Oh\n|-supereffective|p1a: Ho-Oh\n|-damage|p1a: Ho-Oh|0 fnt\n|faint|p1a: Ho-Oh\n|\n|-damage|p2a: Pincurchin|14/258 brn|[from] brn\n|upkeep\n|\n|t:|1733901744\n|switch|p1a: Iron Crown|Iron Crown, L78|268/268\n|-activate|p1a: Iron Crown|ability: Quark Drive\n|-start|p1a: Iron Crown|quarkdrivespa\n|turn|13\n|\n|t:|1733901766\n|move|p1a: Iron Crown|Tachyon Cutter|p2a: Pincurchin\n|-resisted|p2a: Pincurchin\n|-damage|p2a: Pincurchin|0 fnt\n|faint|p2a: Pincurchin\n|-hitcount|p2: Pincurchin|1\n|\n|upkeep\n|\n|t:|1733901777\n|switch|p2a: Salamence|Salamence, L77, M|273/273\n|-ability|p2a: Salamence|Intimidate|boost\n|-unboost|p1a: Iron Crown|atk|1\n|turn|14\n|\n|t:|1733901789\n|move|p2a: Salamence|Earthquake|p1a: Iron Crown\n|-supereffective|p1a: Iron Crown\n|-damage|p1a: Iron Crown|114/268\n|move|p1a: Iron Crown|Tachyon Cutter|p2a: Salamence\n|-damage|p2a: Salamence|144/273\n|-damage|p2a: Salamence|27/273\n|-hitcount|p2a: Salamence|2\n|\n|-fieldend|move: Electric Terrain\n|-end|p1a: Iron Crown|Quark Drive\n|upkeep\n|turn|15\n|\n|t:|1733901803\n|-end|p1a: Iron Crown|Quark Drive|[silent]\n|switch|p1a: Gogoat|Gogoat, L88, M|360/360\n|move|p2a: Salamence|Earthquake|p1a: Gogoat\n|-resisted|p1a: Gogoat\n|-damage|p1a: Gogoat|315/360\n|\n|-heal|p1a: Gogoat|337/360|[from] item: Leftovers\n|upkeep\n|turn|16\n|\n|t:|1733901809\n|switch|p2a: Abomasnow|Abomasnow, L85, F|291/291\n|-weather|Snow|[from] ability: Snow Warning|[of] p2a: Abomasnow\n|move|p1a: Gogoat|Horn Leech|p2a: Abomasnow\n|-resisted|p2a: Abomasnow\n|-damage|p2a: Abomasnow|255/291\n|-heal|p1a: Gogoat|355/360|[from] drain|[of] p2a: Abomasnow\n|\n|-weather|Snow|[upkeep]\n|-heal|p1a: Gogoat|360/360|[from] item: Leftovers\n|upkeep\n|turn|17\n|\n|t:|1733901828\n|switch|p1a: Iron Crown|Iron Crown, L78|114/268\n|move|p2a: Abomasnow|Aurora Veil|p2a: Abomasnow\n|-sidestart|p2: ebizi|move: Aurora Veil\n|\n|-weather|Snow|[upkeep]\n|upkeep\n|turn|18\n|\n|t:|1733901855\n|switch|p2a: Zangoose|Zangoose, L85, M|263/263\n|move|p1a: Iron Crown|Focus Blast|p2a: Zangoose\n|-supereffective|p2a: Zangoose\n|-damage|p2a: Zangoose|77/263\n|\n|-weather|Snow|[upkeep]\n|-status|p2a: Zangoose|tox|[from] item: Toxic Orb\n|upkeep\n|turn|19\n|\n|t:|1733901866\n|move|p2a: Zangoose|Knock Off|p1a: Iron Crown\n|-supereffective|p1a: Iron Crown\n|-damage|p1a: Iron Crown|0 fnt\n|-enditem|p1a: Iron Crown|Choice Specs|[from] move: Knock Off|[of] p2a: Zangoose\n|faint|p1a: Iron Crown\n|-end|p1a: Iron Crown|Quark Drive|[silent]\n|\n|-weather|Snow|[upkeep]\n|-damage|p2a: Zangoose|61/263 tox|[from] psn\n|upkeep\n|\n|t:|1733901878\n|switch|p1a: Gogoat|Gogoat, L88, M|360/360\n|turn|20\n|\n|t:|1733901889\n|move|p2a: Zangoose|Facade|p1a: Gogoat\n|-damage|p1a: Gogoat|59/360\n|move|p1a: Gogoat|Bulk Up|p1a: Gogoat\n|-boost|p1a: Gogoat|atk|1\n|-boost|p1a: Gogoat|def|1\n|\n|-weather|none\n|-heal|p1a: Gogoat|81/360|[from] item: Leftovers\n|-damage|p2a: Zangoose|29/263 tox|[from] psn\n|upkeep\n|turn|21\n|\n|t:|1733901894\n|move|p2a: Zangoose|Facade|p1a: Gogoat\n|-damage|p1a: Gogoat|0 fnt\n|faint|p1a: Gogoat\n|\n|-damage|p2a: Zangoose|0 fnt|[from] psn\n|faint|p2a: Zangoose\n|upkeep\n|\n|t:|1733901903\n|switch|p2a: Amoonguss|Amoonguss, L82, M|321/321\n|switch|p1a: Zamazenta|Zamazenta, L71|136/248\n|turn|22\n|\n|t:|1733901920\n|-terastallize|p1a: Zamazenta|Steel\n|move|p1a: Zamazenta|Iron Head|p2a: Amoonguss\n|-damage|p2a: Amoonguss|250/321\n|move|p2a: Amoonguss|Spore|p1a: Zamazenta\n|-status|p1a: Zamazenta|slp|[from] move: Spore\n|\n|upkeep\n|turn|23\n|-message|Mr. Wumbus forfeited.\n|\n|win|ebizi\n|raw|Mr. Wumbus's rating: 1475 &rarr; <strong>1455</strong><br />(-20 for losing)\n|raw|ebizi's rating: 1472 &rarr; <strong>1492</strong><br />(+20 for winning)\n|l|\u2606Mr. Wumbus\n|player|p1|\n|l|\u2606ebizi\n|player|p2|\n|j|\u2606ebizi\n|player|p2|ebizi|wattson|\n", "inputlog": ">version bfd83cad13791eb5a5a409923076391caf6fb4d4\n>start {\"formatid\":\"gen9randombattle\",\"seed\":[25308,31308,39396,63123],\"rated\":\"Rated battle\"}\n>player p1 {\"name\":\"Mr. Wumbus\",\"avatar\":\"musician\",\"rating\":1475,\"seed\":[48167,57793,12263,36485]}\n>player p2 {\"name\":\"ebizi\",\"avatar\":\"wattson\",\"rating\":1472,\"seed\":[54628,12129,55265,46268]}\n>p1 switch 2\n>p2 move auroraveil\n>p1 move sacredfire\n>p2 switch 5\n>p1 switch 2\n>p2 move scald\n>p1 switch 5\n>p1 move closecombat\n>p2 move scald\n>p1 switch 3\n>p2 move scald\n>p1 move knockoff\n>p2 move discharge\n>p1 move synthesis\n>p2 switch 3\n>p1 move knockoff\n>p2 move sludgebomb\n>p1 switch 2\n>p2 move sludgebomb\n>p1 move sacredfire\n>p2 switch 3\n>p1 move earthquake\n>p2 move recover\n>p1 move earthquake\n>p2 move scald\n>p1 switch 4\n>p1 move tachyoncutter\n>p2 move discharge\n>p2 switch 6\n>p1 move tachyoncutter\n>p2 move earthquake\n>p1 switch 6\n>p2 move earthquake\n>p1 move hornleech\n>p2 switch 5\n>p1 switch 6\n>p2 move auroraveil\n>p1 move focusblast\n>p2 switch 2\n>p1 move focusblast\n>p2 move knockoff\n>p1 switch 6\n>p1 move bulkup\n>p2 move facade\n>p1 move milkdrink\n>p2 move facade\n>p1 switch 3\n>p2 switch 3\n>p1 move ironhead terastallize\n>p2 move spore\n>forcelose p1", "uploadtime": 1733901936, "views": 1, "formatid": "gen9randombattle", "rating": 1455, "private": 0, "password": null}