{"id": "gen9randombattle-2260868799", "format": "[Gen 9] Random Battle", "players": ["mak7xz", "ZodiacMory"], "log": "|j|\u203dmak7xz\n|j|\u2606ZodiacMory\n|t:|1733907624\n|gametype|singles\n|player|p1|mak7xz|worker-gen4|1529\n|player|p2|ZodiacMory|riley|1553\n|teamsize|p1|6\n|teamsize|p2|6\n|gen|9\n|tier|[Gen 9] Random Battle\n|rated|\n|rule|Species Clause: Limit one of each Pok\u00e9mon\n|rule|HP Percentage Mod: HP is shown in percentages\n|rule|Sleep Clause Mod: Limit one foe put to sleep\n|rule|Illusion Level Mod: Illusion disguises the Pok\u00e9mon's true level\n|\n|t:|1733907624\n|start\n|switch|p1a: Mabosstiff|Mabosstiff, L86, F|278/278\n|switch|p2a: Rotom|Rotom-Mow, L86|226/226\n|turn|1\n|inactive|Battle timer is ON: inactive players will automatically lose when time's up. (requested by mak7xz)\n|\n|t:|1733907646\n|move|p2a: Rotom|Will-O-Wisp|p1a: Mabosstiff\n|-status|p1a: Mabosstiff|brn\n|move|p1a: Mabosstiff|Crunch|p2a: Rotom\n|-damage|p2a: Rotom|160/226\n|-unboost|p2a: Rotom|def|1\n|\n|-damage|p1a: Mabosstiff|261/278 brn|[from] brn\n|upkeep\n|turn|2\n|\n|t:|1733907662\n|switch|p2a: Mudsdale|Mudsdale, L84, F|305/305\n|move|p1a: Mabosstiff|Crunch|p2a: Mudsdale\n|-damage|p2a: Mudsdale|171/305\n|-unboost|p2a: Mudsdale|def|1\n|-ability|p2a: Mudsdale|Stamina|boost\n|-boost|p2a: Mudsdale|def|1\n|\n|-heal|p2a: Mudsdale|190/305|[from] item: Leftovers\n|-damage|p1a: Mabosstiff|244/278 brn|[from] brn\n|upkeep\n|turn|3\n|inactive|mak7xz has 120 seconds left.\n|\n|t:|1733907702\n|switch|p1a: Chimecho|Chimecho, L93, F|290/290\n|move|p2a: Mudsdale|Heavy Slam|p1a: Chimecho\n|-damage|p1a: Chimecho|193/290\n|\n|-heal|p1a: Chimecho|211/290|[from] item: Leftovers\n|-heal|p2a: Mudsdale|209/305|[from] item: Leftovers\n|upkeep\n|turn|4\n|\n|t:|1733907722\n|switch|p2a: Munkidori|Munkidori, L79, M|269/269\n|move|p1a: Chimecho|Cosmic Power|p1a: Chimecho\n|-boost|p1a: Chimecho|def|1\n|-boost|p1a: Chimecho|spd|1\n|\n|-heal|p1a: Chimecho|229/290|[from] item: Leftovers\n|upkeep\n|turn|5\n|inactive|mak7xz has 120 seconds left.\n|\n|t:|1733907740\n|-terastallize|p1a: Chimecho|Steel\n|move|p2a: Munkidori|Fake Out|p1a: Chimecho\n|-resisted|p1a: Chimecho\n|-damage|p1a: Chimecho|222/290\n|cant|p1a: Chimecho|flinch\n|\n|-heal|p1a: Chimecho|240/290|[from] item: Leftovers\n|upkeep\n|turn|6\n|inactive|mak7xz has 120 seconds left.\n|\n|t:|1733907752\n|move|p2a: Munkidori|U-turn|p1a: Chimecho\n|-resisted|p1a: Chimecho\n|-damage|p1a: Chimecho|228/290\n|\n|t:|1733907755\n|switch|p2a: Trevenant|Trevenant, L88, M|293/293|[from] U-turn\n|move|p1a: Chimecho|Cosmic Power|p1a: Chimecho\n|-boost|p1a: Chimecho|def|1\n|-boost|p1a: Chimecho|spd|1\n|\n|-heal|p1a: Chimecho|246/290|[from] item: Leftovers\n|upkeep\n|turn|7\n|\n|t:|1733907773\n|move|p1a: Chimecho|Stored Power|p2a: Trevenant\n|-damage|p2a: Trevenant|170/293\n|move|p2a: Trevenant|Drain Punch|p1a: Chimecho\n|-supereffective|p1a: Chimecho\n|-damage|p1a: Chimecho|186/290\n|-heal|p2a: Trevenant|200/293|[from] drain|[of] p1a: Chimecho\n|\n|-heal|p1a: Chimecho|204/290|[from] item: Leftovers\n|upkeep\n|turn|8\n|\n|t:|1733907781\n|move|p1a: Chimecho|Cosmic Power|p1a: Chimecho\n|-boost|p1a: Chimecho|def|1\n|-boost|p1a: Chimecho|spd|1\n|move|p2a: Trevenant|Drain Punch|p1a: Chimecho\n|-supereffective|p1a: Chimecho\n|-damage|p1a: Chimecho|152/290\n|-heal|p2a: Trevenant|226/293|[from] drain|[of] p1a: Chimecho\n|\n|-heal|p1a: Chimecho|170/290|[from] item: Leftovers\n|upkeep\n|turn|9\n|\n|t:|1733907784\n|move|p1a: Chimecho|Recover|p1a: Chimecho\n|-heal|p1a: Chimecho|290/290\n|move|p2a: Trevenant|Drain Punch|p1a: Chimecho\n|-supereffective|p1a: Chimecho\n|-damage|p1a: Chimecho|238/290\n|-heal|p2a: Trevenant|252/293|[from] drain|[of] p1a: Chimecho\n|\n|-heal|p1a: Chimecho|256/290|[from] item: Leftovers\n|upkeep\n|turn|10\n|j| mewingmaxxing\n|\n|t:|1733907793\n|move|p1a: Chimecho|Stored Power|p2a: Trevenant\n|-damage|p2a: Trevenant|57/293\n|-enditem|p2a: Trevenant|Sitrus Berry|[eat]\n|-heal|p2a: Trevenant|130/293|[from] item: Sitrus Berry\n|move|p2a: Trevenant|Drain Punch|p1a: Chimecho\n|-supereffective|p1a: Chimecho\n|-damage|p1a: Chimecho|202/290\n|-heal|p2a: Trevenant|157/293|[from] drain|[of] p1a: Chimecho\n|\n|-heal|p1a: Chimecho|220/290|[from] item: Leftovers\n|-item|p2a: Trevenant|Sitrus Berry|[from] ability: Harvest\n|upkeep\n|turn|11\n|\n|t:|1733907803\n|-terastallize|p2a: Trevenant|Dark\n|move|p1a: Chimecho|Stored Power|p2a: Trevenant\n|-immune|p2a: Trevenant\n|move|p2a: Trevenant|Drain Punch|p1a: Chimecho\n|-supereffective|p1a: Chimecho\n|-damage|p1a: Chimecho|172/290\n|-heal|p2a: Trevenant|181/293|[from] drain|[of] p1a: Chimecho\n|\n|-heal|p1a: Chimecho|190/290|[from] item: Leftovers\n|upkeep\n|turn|12\n|\n|t:|1733907812\n|move|p1a: Chimecho|Dazzling Gleam|p2a: Trevenant\n|-supereffective|p2a: Trevenant\n|-damage|p2a: Trevenant|37/293\n|-enditem|p2a: Trevenant|Sitrus Berry|[eat]\n|-heal|p2a: Trevenant|110/293|[from] item: Sitrus Berry\n|move|p2a: Trevenant|Drain Punch|p1a: Chimecho\n|-supereffective|p1a: Chimecho\n|-damage|p1a: Chimecho|140/290\n|-heal|p2a: Trevenant|135/293|[from] drain|[of] p1a: Chimecho\n|\n|-heal|p1a: Chimecho|158/290|[from] item: Leftovers\n|-item|p2a: Trevenant|Sitrus Berry|[from] ability: Harvest\n|upkeep\n|-enditem|p2a: Trevenant|Sitrus Berry|[eat]\n|-heal|p2a: Trevenant|208/293|[from] item: Sitrus Berry\n|turn|13\n|\n|t:|1733907824\n|move|p1a: Chimecho|Recover|p1a: Chimecho\n|-heal|p1a: Chimecho|290/290\n|move|p2a: Trevenant|Drain Punch|p1a: Chimecho\n|-supereffective|p1a: Chimecho\n|-damage|p1a: Chimecho|242/290\n|-heal|p2a: Trevenant|232/293|[from] drain|[of] p1a: Chimecho\n|\n|-heal|p1a: Chimecho|260/290|[from] item: Leftovers\n|upkeep\n|turn|14\n|\n|t:|1733907830\n|move|p1a: Chimecho|Dazzling Gleam|p2a: Trevenant\n|-supereffective|p2a: Trevenant\n|-damage|p2a: Trevenant|88/293\n|move|p2a: Trevenant|Poltergeist|p1a: Chimecho\n|-activate|p1a: Chimecho|move: Poltergeist|Leftovers\n|-damage|p1a: Chimecho|206/290\n|\n|-heal|p1a: Chimecho|224/290|[from] item: Leftovers\n|upkeep\n|turn|15\n|\n|t:|1733907833\n|move|p2a: Trevenant|Protect|p2a: Trevenant\n|-singleturn|p2a: Trevenant|Protect\n|move|p1a: Chimecho|Dazzling Gleam|p2a: Trevenant\n|-activate|p2a: Trevenant|move: Protect\n|\n|-heal|p1a: Chimecho|242/290|[from] item: Leftovers\n|upkeep\n|turn|16\n|\n|t:|1733907836\n|move|p1a: Chimecho|Dazzling Gleam|p2a: Trevenant\n|-supereffective|p2a: Trevenant\n|-damage|p2a: Trevenant|0 fnt\n|faint|p2a: Trevenant\n|\n|-heal|p1a: Chimecho|260/290|[from] item: Leftovers\n|upkeep\n|\n|t:|1733907840\n|switch|p2a: Piloswine|Piloswine, L85, M|309/309\n|turn|17\n|\n|t:|1733907846\n|move|p1a: Chimecho|Stored Power|p2a: Piloswine\n|-damage|p2a: Piloswine|158/309\n|move|p2a: Piloswine|Roar|p1a: Chimecho\n|drag|p1a: Mabosstiff|Mabosstiff, L86, F|244/278 brn\n|\n|-damage|p1a: Mabosstiff|227/278 brn|[from] brn\n|upkeep\n|turn|18\n|\n|t:|1733907854\n|move|p1a: Mabosstiff|Crunch|p2a: Piloswine\n|-damage|p2a: Piloswine|101/309\n|move|p2a: Piloswine|Stealth Rock|p1a: Mabosstiff\n|-sidestart|p1: mak7xz|move: Stealth Rock\n|\n|-damage|p1a: Mabosstiff|210/278 brn|[from] brn\n|upkeep\n|turn|19\n|\n|t:|1733907861\n|move|p1a: Mabosstiff|Crunch|p2a: Piloswine\n|-damage|p2a: Piloswine|48/309\n|move|p2a: Piloswine|Earthquake|p1a: Mabosstiff\n|-damage|p1a: Mabosstiff|101/278 brn\n|\n|-damage|p1a: Mabosstiff|84/278 brn|[from] brn\n|upkeep\n|turn|20\n|\n|t:|1733907867\n|switch|p2a: Mudsdale|Mudsdale, L84, F|209/305\n|move|p1a: Mabosstiff|Crunch|p2a: Mudsdale\n|-damage|p2a: Mudsdale|55/305\n|-ability|p2a: Mudsdale|Stamina|boost\n|-boost|p2a: Mudsdale|def|1\n|\n|-heal|p2a: Mudsdale|74/305|[from] item: Leftovers\n|-damage|p1a: Mabosstiff|67/278 brn|[from] brn\n|upkeep\n|turn|21\n|\n|t:|1733907876\n|switch|p1a: Chimecho|Chimecho, L93, F, tera:Steel|260/290\n|-damage|p1a: Chimecho|242/290|[from] Stealth Rock\n|move|p2a: Mudsdale|Heavy Slam|p1a: Chimecho\n|-resisted|p1a: Chimecho\n|-damage|p1a: Chimecho|192/290\n|\n|-heal|p1a: Chimecho|210/290|[from] item: Leftovers\n|-heal|p2a: Mudsdale|93/305|[from] item: Leftovers\n|upkeep\n|turn|22\n|\n|t:|1733907878\n|move|p1a: Chimecho|Cosmic Power|p1a: Chimecho\n|-boost|p1a: Chimecho|def|1\n|-boost|p1a: Chimecho|spd|1\n|move|p2a: Mudsdale|Roar|p1a: Chimecho\n|drag|p1a: Oricorio|Oricorio, L84, F|263/263\n|\n|-heal|p2a: Mudsdale|112/305|[from] item: Leftovers\n|upkeep\n|turn|23\n|\n|t:|1733907885\n|move|p1a: Oricorio|Hurricane|p2a: Mudsdale|[miss]\n|-miss|p1a: Oricorio|p2a: Mudsdale\n|move|p2a: Mudsdale|Stone Edge|p1a: Oricorio\n|-supereffective|p1a: Oricorio\n|-crit|p1a: Oricorio\n|-damage|p1a: Oricorio|0 fnt\n|faint|p1a: Oricorio\n|\n|-heal|p2a: Mudsdale|131/305|[from] item: Leftovers\n|upkeep\n|\n|t:|1733907888\n|switch|p1a: Eiscue|Eiscue, L88, F|274/274\n|-damage|p1a: Eiscue|206/274|[from] Stealth Rock\n|turn|24\n|\n|t:|1733907896\n|move|p1a: Eiscue|Ice Spinner|p2a: Mudsdale\n|-supereffective|p2a: Mudsdale\n|-damage|p2a: Mudsdale|29/305\n|-ability|p2a: Mudsdale|Stamina|boost\n|-boost|p2a: Mudsdale|def|1\n|move|p2a: Mudsdale|Roar|p1a: Eiscue\n|drag|p1a: Mabosstiff|Mabosstiff, L86, F|67/278 brn\n|-damage|p1a: Mabosstiff|33/278 brn|[from] Stealth Rock\n|\n|-heal|p2a: Mudsdale|48/305|[from] item: Leftovers\n|-damage|p1a: Mabosstiff|16/278 brn|[from] brn\n|upkeep\n|turn|25\n|\n|t:|1733907905\n|move|p1a: Mabosstiff|Crunch|p2a: Mudsdale\n|-damage|p2a: Mudsdale|11/305\n|-unboost|p2a: Mudsdale|def|1\n|-ability|p2a: Mudsdale|Stamina|boost\n|-boost|p2a: Mudsdale|def|1\n|move|p2a: Mudsdale|Roar|p1a: Mabosstiff\n|drag|p1a: Sawsbuck|Sawsbuck-Autumn, L88, M|284/284\n|-damage|p1a: Sawsbuck|249/284|[from] Stealth Rock\n|\n|-heal|p2a: Mudsdale|30/305|[from] item: Leftovers\n|upkeep\n|turn|26\n|\n|t:|1733907917\n|move|p1a: Sawsbuck|Horn Leech|p2a: Mudsdale\n|-supereffective|p2a: Mudsdale\n|-damage|p2a: Mudsdale|0 fnt\n|-heal|p1a: Sawsbuck|264/284|[from] drain|[of] p2a: Mudsdale\n|faint|p2a: Mudsdale\n|-damage|p1a: Sawsbuck|236/284|[from] item: Life Orb\n|\n|upkeep\n|\n|t:|1733907919\n|switch|p2a: Munkidori|Munkidori, L79, M|269/269\n|turn|27\n|\n|t:|1733907926\n|switch|p1a: Mabosstiff|Mabosstiff, L86, F|16/278 brn\n|-damage|p1a: Mabosstiff|0 fnt|[from] Stealth Rock\n|faint|p1a: Mabosstiff\n|move|p2a: Munkidori|U-turn|p1: Mabosstiff|[notarget]\n|-fail|p2a: Munkidori\n|\n|upkeep\n|\n|t:|1733907943\n|switch|p1a: Grimmsnarl|Grimmsnarl, L83, M|293/293\n|-damage|p1a: Grimmsnarl|257/293|[from] Stealth Rock\n|turn|28\n|\n|t:|1733907950\n|move|p1a: Grimmsnarl|Thunder Wave|p2a: Munkidori\n|-status|p2a: Munkidori|par\n|move|p2a: Munkidori|Sludge Wave|p1a: Grimmsnarl\n|-supereffective|p1a: Grimmsnarl\n|-damage|p1a: Grimmsnarl|0 fnt\n|faint|p1a: Grimmsnarl\n|\n|upkeep\n|\n|t:|1733907955\n|switch|p1a: Chimecho|Chimecho, L93, F, tera:Steel|210/290\n|-damage|p1a: Chimecho|192/290|[from] Stealth Rock\n|turn|29\n|\n|t:|1733907957\n|switch|p2a: Piloswine|Piloswine, L85, M|48/309\n|move|p1a: Chimecho|Cosmic Power|p1a: Chimecho\n|-boost|p1a: Chimecho|def|1\n|-boost|p1a: Chimecho|spd|1\n|\n|-heal|p1a: Chimecho|210/290|[from] item: Leftovers\n|upkeep\n|turn|30\n|\n|t:|1733907960\n|move|p1a: Chimecho|Stored Power|p2a: Piloswine\n|-damage|p2a: Piloswine|0 fnt\n|faint|p2a: Piloswine\n|\n|-heal|p1a: Chimecho|228/290|[from] item: Leftovers\n|upkeep\n|\n|t:|1733907971\n|switch|p2a: Necrozma|Necrozma, L80|286/286\n|turn|31\n|\n|t:|1733907976\n|move|p1a: Chimecho|Cosmic Power|p1a: Chimecho\n|-boost|p1a: Chimecho|def|1\n|-boost|p1a: Chimecho|spd|1\n|move|p2a: Necrozma|Calm Mind|p2a: Necrozma\n|-boost|p2a: Necrozma|spa|1\n|-boost|p2a: Necrozma|spd|1\n|\n|-heal|p1a: Chimecho|246/290|[from] item: Leftovers\n|upkeep\n|turn|32\n|\n|t:|1733907980\n|move|p1a: Chimecho|Cosmic Power|p1a: Chimecho\n|-boost|p1a: Chimecho|def|1\n|-boost|p1a: Chimecho|spd|1\n|move|p2a: Necrozma|Calm Mind|p2a: Necrozma\n|-boost|p2a: Necrozma|spa|1\n|-boost|p2a: Necrozma|spd|1\n|\n|-heal|p1a: Chimecho|264/290|[from] item: Leftovers\n|upkeep\n|turn|33\n|\n|t:|1733907982\n|move|p1a: Chimecho|Cosmic Power|p1a: Chimecho\n|-boost|p1a: Chimecho|def|1\n|-boost|p1a: Chimecho|spd|1\n|move|p2a: Necrozma|Calm Mind|p2a: Necrozma\n|-boost|p2a: Necrozma|spa|1\n|-boost|p2a: Necrozma|spd|1\n|\n|-heal|p1a: Chimecho|282/290|[from] item: Leftovers\n|upkeep\n|turn|34\n|\n|t:|1733907986\n|move|p1a: Chimecho|Cosmic Power|p1a: Chimecho\n|-boost|p1a: Chimecho|def|1\n|-boost|p1a: Chimecho|spd|1\n|move|p2a: Necrozma|Calm Mind|p2a: Necrozma\n|-boost|p2a: Necrozma|spa|1\n|-boost|p2a: Necrozma|spd|1\n|\n|-heal|p1a: Chimecho|290/290|[from] item: Leftovers\n|upkeep\n|turn|35\n|\n|t:|1733907989\n|move|p1a: Chimecho|Cosmic Power|p1a: Chimecho\n|-boost|p1a: Chimecho|def|1\n|-boost|p1a: Chimecho|spd|1\n|move|p2a: Necrozma|Calm Mind|p2a: Necrozma\n|-boost|p2a: Necrozma|spa|1\n|-boost|p2a: Necrozma|spd|1\n|\n|upkeep\n|turn|36\n|\n|t:|1733907991\n|move|p1a: Chimecho|Stored Power|p2a: Necrozma\n|-resisted|p2a: Necrozma\n|-crit|p2a: Necrozma\n|-damage|p2a: Necrozma|16/286\n|move|p2a: Necrozma|Calm Mind|p2a: Necrozma\n|-boost|p2a: Necrozma|spa|1\n|-boost|p2a: Necrozma|spd|1\n|\n|-heal|p2a: Necrozma|33/286|[from] item: Leftovers\n|upkeep\n|turn|37\n|\n|t:|1733907996\n|move|p1a: Chimecho|Stored Power|p2a: Necrozma\n|-resisted|p2a: Necrozma\n|-damage|p2a: Necrozma|0 fnt\n|faint|p2a: Necrozma\n|\n|upkeep\n|-message|ZodiacMory forfeited.\n|\n|win|mak7xz\n|raw|mak7xz's rating: 1548 &rarr; <strong>1568</strong><br />(+20 for winning)\n|raw|ZodiacMory's rating: 1553 &rarr; <strong>1533</strong><br />(-20 for losing)\n|l|\u2606ZodiacMory\n|player|p2|\n|l| mewingmaxxing\n", "inputlog": ">version bfd83cad13791eb5a5a409923076391caf6fb4d4\n>start {\"formatid\":\"gen9randombattle\",\"seed\":[37504,44576,22588,62321],\"rated\":\"Rated battle\"}\n>player p1 {\"name\":\"mak7xz\",\"avatar\":\"worker-gen4\",\"rating\":1529,\"seed\":[53562,9720,42203,7415]}\n>player p2 {\"name\":\"ZodiacMory\",\"avatar\":\"riley\",\"rating\":1553,\"seed\":[62708,41344,50068,49409]}\n>p1 move crunch\n>p2 move willowisp\n>p1 move crunch\n>p2 switch 2\n>p1 switch 4\n>p2 move heavyslam\n>p1 move cosmicpower\n>p2 switch 4\n>p1 move cosmicpower terastallize\n>p2 move fakeout\n>p1 move cosmicpower\n>p2 move uturn\n>p2 switch 5\n>p1 move storedpower\n>p2 move drainpunch\n>p1 move cosmicpower\n>p2 move drainpunch\n>p1 move recover\n>p2 move drainpunch\n>p1 move storedpower\n>p2 move drainpunch\n>p1 move storedpower\n>p2 move drainpunch terastallize\n>p1 move dazzlinggleam\n>p2 move drainpunch\n>p1 move recover\n>p2 move drainpunch\n>p1 move dazzlinggleam\n>p2 move poltergeist\n>p1 move dazzlinggleam\n>p2 move protect\n>p1 move dazzlinggleam\n>p2 move drainpunch\n>p2 switch 3\n>p1 move storedpower\n>p2 move roar\n>p1 move crunch\n>p2 move stealthrock\n>p1 move crunch\n>p2 move earthquake\n>p1 move crunch\n>p2 switch 4\n>p1 switch 4\n>p2 move heavyslam\n>p1 move cosmicpower\n>p2 move roar\n>p1 move hurricane\n>p2 move stoneedge\n>p1 switch 5\n>p1 move icespinner\n>p2 move roar\n>p1 move crunch\n>p2 move roar\n>p1 move hornleech\n>p2 move roar\n>p2 switch 5\n>p1 switch 3\n>p2 move uturn\n>p1 switch 2\n>p1 move thunderwave\n>p2 move sludgewave\n>p1 switch 6\n>p1 move cosmicpower\n>p2 switch 4\n>p1 move storedpower\n>p2 move roar\n>p2 switch 6\n>p1 move cosmicpower\n>p2 move calmmind\n>p1 move cosmicpower\n>p2 move calmmind\n>p1 move cosmicpower\n>p2 move calmmind\n>p1 move cosmicpower\n>p2 move calmmind\n>p1 move cosmicpower\n>p2 move calmmind\n>p1 move storedpower\n>p2 move calmmind\n>p1 move storedpower\n>p2 move moonlight\n>forcelose p2", "uploadtime": 1733908007, "views": 1, "formatid": "gen9randombattle", "rating": 1533, "private": 0, "password": null}