{"id": "gen9randombattle-2260308832", "format": "[Gen 9] Random Battle", "players": ["3233690Z", "EL NEGRO 0SCUR0"], "log": "|j|\u26063233690Z\n|j|\u2606EL NEGRO 0SCUR0\n|t:|1733838161\n|gametype|singles\n|player|p1|3233690Z|169|2145\n|player|p2|EL NEGRO 0SCUR0|hoopster|2053\n|teamsize|p1|6\n|teamsize|p2|6\n|gen|9\n|tier|[Gen 9] Random Battle\n|rated|\n|rule|Species Clause: Limit one of each Pok\u00e9mon\n|rule|HP Percentage Mod: HP is shown in percentages\n|rule|Sleep Clause Mod: Limit one foe put to sleep\n|rule|Illusion Level Mod: Illusion disguises the Pok\u00e9mon's true level\n|\n|t:|1733838161\n|start\n|switch|p1a: Scream Tail|Scream Tail, L84|330/330\n|switch|p2a: Magearna|Magearna-Original, L77|250/250\n|turn|1\n|inactive|Battle timer is ON: inactive players will automatically lose when time's up. (requested by 3233690Z)\n|\n|t:|1733838189\n|switch|p2a: Salazzle|Salazzle, L83, F|249/249\n|move|p1a: Scream Tail|Thunder Wave|p2a: Salazzle|[miss]\n|-miss|p1a: Scream Tail|p2a: Salazzle\n|\n|upkeep\n|turn|2\n|\n|t:|1733838203\n|-end|p1a: Scream Tail|Protosynthesis|[silent]\n|switch|p1a: Spiritomb|Spiritomb, L89, F|234/234\n|move|p2a: Salazzle|Sludge Wave|p1a: Spiritomb\n|-resisted|p1a: Spiritomb\n|-damage|p1a: Spiritomb|191/234\n|\n|-heal|p1a: Spiritomb|205/234|[from] item: Leftovers\n|upkeep\n|turn|3\n|\n|t:|1733838219\n|switch|p2a: Magearna|Magearna-Original, L77|250/250\n|move|p1a: Spiritomb|Poltergeist|p2a: Magearna\n|-activate|p2a: Magearna|move: Poltergeist|Leftovers\n|-damage|p2a: Magearna|142/250\n|\n|-heal|p2a: Magearna|157/250|[from] item: Leftovers\n|-heal|p1a: Spiritomb|219/234|[from] item: Leftovers\n|upkeep\n|turn|4\n|\n|t:|1733838235\n|move|p2a: Magearna|Fleur Cannon|p1a: Spiritomb\n|-supereffective|p1a: Spiritomb\n|-damage|p1a: Spiritomb|0 fnt\n|-unboost|p2a: Magearna|spa|2\n|faint|p1a: Spiritomb\n|-ability|p2a: Magearna|Soul-Heart|boost\n|-boost|p2a: Magearna|spa|1\n|\n|-heal|p2a: Magearna|172/250|[from] item: Leftovers\n|upkeep\n|\n|t:|1733838244\n|switch|p1a: Ursaluna|Ursaluna, L79, M|335/335\n|turn|5\n|\n|t:|1733838249\n|switch|p2a: Appletun|Appletun, L92, M|352/352\n|move|p1a: Ursaluna|Trailblaze|p2a: Appletun\n|-resisted|p2a: Appletun\n|-crit|p2a: Appletun\n|-damage|p2a: Appletun|338/352\n|-boost|p1a: Ursaluna|spe|1\n|\n|-heal|p2a: Appletun|352/352|[from] item: Leftovers\n|-status|p1a: Ursaluna|brn|[from] item: Flame Orb\n|upkeep\n|turn|6\n|\n|t:|1733838263\n|move|p1a: Ursaluna|Trailblaze|p2a: Appletun\n|-resisted|p2a: Appletun\n|-damage|p2a: Appletun|337/352\n|-boost|p1a: Ursaluna|spe|1\n|move|p2a: Appletun|Leech Seed|p1a: Ursaluna\n|-start|p1a: Ursaluna|move: Leech Seed\n|\n|-heal|p2a: Appletun|352/352|[from] item: Leftovers\n|-damage|p1a: Ursaluna|294/335 brn|[from] Leech Seed|[of] p2a: Appletun\n|-damage|p1a: Ursaluna|274/335 brn|[from] brn\n|upkeep\n|turn|7\n|\n|t:|1733838275\n|switch|p1a: Scream Tail|Scream Tail, L84|330/330\n|move|p2a: Appletun|Recover||[still]\n|-fail|p2a: Appletun|heal\n|\n|upkeep\n|turn|8\n|\n|t:|1733838280\n|move|p1a: Scream Tail|Thunder Wave|p2a: Appletun\n|-status|p2a: Appletun|par\n|move|p2a: Appletun|Leech Seed|p1a: Scream Tail\n|-start|p1a: Scream Tail|move: Leech Seed\n|\n|-damage|p1a: Scream Tail|289/330|[from] Leech Seed|[of] p2a: Appletun\n|upkeep\n|turn|9\n|\n|t:|1733838285\n|move|p1a: Scream Tail|Wish|p1a: Scream Tail\n|move|p2a: Appletun|Apple Acid|p1a: Scream Tail\n|-damage|p1a: Scream Tail|210/330\n|-unboost|p1a: Scream Tail|spd|1\n|\n|-heal|p1a: Scream Tail|230/330|[from] item: Leftovers\n|-damage|p1a: Scream Tail|189/330|[from] Leech Seed|[of] p2a: Appletun\n|upkeep\n|turn|10\n|\n|t:|1733838301\n|-end|p1a: Scream Tail|Protosynthesis|[silent]\n|switch|p1a: Primarina|Primarina, L83, F|268/268\n|move|p2a: Appletun|Apple Acid|p1a: Primarina\n|-supereffective|p1a: Primarina\n|-damage|p1a: Primarina|98/268\n|-unboost|p1a: Primarina|spd|1\n|\n|-heal|p1a: Primarina|263/268|[from] move: Wish|[wisher] Scream Tail\n|-heal|p1a: Primarina|268/268|[from] item: Leftovers\n|upkeep\n|turn|11\n|\n|t:|1733838314\n|switch|p2a: Salazzle|Salazzle, L83, F|249/249\n|move|p1a: Primarina|Calm Mind|p1a: Primarina\n|-boost|p1a: Primarina|spa|1\n|-boost|p1a: Primarina|spd|1\n|\n|upkeep\n|turn|12\n|\n|t:|1733838319\n|move|p2a: Salazzle|Sludge Wave|p1a: Primarina\n|-supereffective|p1a: Primarina\n|-damage|p1a: Primarina|88/268\n|move|p1a: Primarina|Psychic Noise|p2a: Salazzle\n|-supereffective|p2a: Salazzle\n|-damage|p2a: Salazzle|0 fnt\n|faint|p2a: Salazzle\n|\n|-heal|p1a: Primarina|104/268|[from] item: Leftovers\n|upkeep\n|\n|t:|1733838338\n|switch|p2a: Glastrier|Glastrier, L86|312/312\n|turn|13\n|\n|t:|1733838348\n|switch|p1a: Scream Tail|Scream Tail, L84|189/330\n|move|p2a: Glastrier|Heavy Slam|p1a: Scream Tail\n|-supereffective|p1a: Scream Tail\n|-damage|p1a: Scream Tail|0 fnt\n|faint|p1a: Scream Tail\n|-end|p1a: Scream Tail|Protosynthesis|[silent]\n|-ability|p2a: Glastrier|Chilling Neigh|boost\n|-boost|p2a: Glastrier|atk|1\n|\n|upkeep\n|\n|t:|1733838356\n|switch|p1a: Ursaluna|Ursaluna, L79, M|274/335 brn\n|turn|14\n|\n|t:|1733838360\n|move|p1a: Ursaluna|Facade|p2a: Glastrier\n|-damage|p2a: Glastrier|111/312\n|move|p2a: Glastrier|Icicle Crash|p1a: Ursaluna\n|-supereffective|p1a: Ursaluna\n|-damage|p1a: Ursaluna|0 fnt\n|faint|p1a: Ursaluna\n|-ability|p2a: Glastrier|Chilling Neigh|boost\n|-boost|p2a: Glastrier|atk|1\n|\n|upkeep\n|\n|t:|1733838365\n|switch|p1a: Primarina|Primarina, L83, F|104/268\n|turn|15\n|\n|t:|1733838371\n|move|p1a: Primarina|Moonblast|p2a: Glastrier\n|-damage|p2a: Glastrier|11/312\n|move|p2a: Glastrier|Heavy Slam|p1a: Primarina\n|-damage|p1a: Primarina|0 fnt\n|faint|p1a: Primarina\n|-ability|p2a: Glastrier|Chilling Neigh|boost\n|-boost|p2a: Glastrier|atk|1\n|\n|upkeep\n|\n|t:|1733838379\n|switch|p1a: Lapras|Lapras, L87, M|367/367\n|turn|16\n|\n|t:|1733838382\n|move|p1a: Lapras|Sparkling Aria|p2a: Glastrier\n|-damage|p2a: Glastrier|0 fnt\n|faint|p2a: Glastrier\n|\n|upkeep\n|\n|t:|1733838386\n|switch|p2a: Poliwrath|Poliwrath, L88, M|302/302\n|turn|17\n|\n|t:|1733838390\n|switch|p1a: Bellibolt|Bellibolt, L84, F|320/320\n|move|p2a: Poliwrath|Knock Off|p1a: Bellibolt\n|-damage|p1a: Bellibolt|249/320\n|-start|p1a: Bellibolt|Charge|Knock Off|[from] ability: Electromorphosis\n|-enditem|p1a: Bellibolt|Leftovers|[from] move: Knock Off|[of] p2a: Poliwrath\n|\n|upkeep\n|turn|18\n|\n|t:|1733838396\n|switch|p2a: Appletun|Appletun, L92, M|352/352 par\n|move|p1a: Bellibolt|Volt Switch|p2a: Appletun\n|-resisted|p2a: Appletun\n|-damage|p2a: Appletun|317/352 par\n|-end|p1a: Bellibolt|Charge|[silent]\n|\n|t:|1733838399\n|switch|p1a: Lapras|Lapras, L87, M|367/367|[from] Volt Switch\n|\n|-heal|p2a: Appletun|339/352 par|[from] item: Leftovers\n|upkeep\n|turn|19\n|\n|t:|1733838402\n|switch|p2a: Poliwrath|Poliwrath, L88, M|302/302\n|move|p1a: Lapras|Freeze-Dry|p2a: Poliwrath\n|-supereffective|p2a: Poliwrath\n|-damage|p2a: Poliwrath|180/302\n|\n|upkeep\n|turn|20\n|\n|t:|1733838408\n|switch|p1a: Bellibolt|Bellibolt, L84, F|249/320\n|move|p2a: Poliwrath|Circle Throw|p1a: Bellibolt\n|-damage|p1a: Bellibolt|177/320\n|-start|p1a: Bellibolt|Charge|Circle Throw|[from] ability: Electromorphosis\n|drag|p1a: Lapras|Lapras, L87, M|367/367\n|\n|upkeep\n|turn|21\n|\n|t:|1733838415\n|move|p2a: Poliwrath|Close Combat|p1a: Lapras\n|-supereffective|p1a: Lapras\n|-damage|p1a: Lapras|95/367\n|-unboost|p2a: Poliwrath|def|1\n|-unboost|p2a: Poliwrath|spd|1\n|move|p1a: Lapras|Freeze-Dry|p2a: Poliwrath\n|-supereffective|p2a: Poliwrath\n|-damage|p2a: Poliwrath|0 fnt\n|faint|p2a: Poliwrath\n|\n|upkeep\n|\n|t:|1733838420\n|switch|p2a: Magearna|Magearna-Original, L77|172/250\n|turn|22\n|\n|t:|1733838425\n|move|p1a: Lapras|Freeze-Dry|p2a: Magearna\n|-resisted|p2a: Magearna\n|-damage|p2a: Magearna|129/250\n|-status|p2a: Magearna|frz\n|cant|p2a: Magearna|frz\n|\n|-heal|p2a: Magearna|144/250 frz|[from] item: Leftovers\n|upkeep\n|turn|23\n|\n|t:|1733838431\n|switch|p1a: Bellibolt|Bellibolt, L84, F|177/320\n|cant|p2a: Magearna|frz\n|\n|-heal|p2a: Magearna|159/250 frz|[from] item: Leftovers\n|upkeep\n|turn|24\n|\n|t:|1733838435\n|-curestatus|p2a: Magearna|frz|[msg]\n|move|p2a: Magearna|Calm Mind|p2a: Magearna\n|-boost|p2a: Magearna|spa|1\n|-boost|p2a: Magearna|spd|1\n|move|p1a: Bellibolt|Slack Off|p1a: Bellibolt\n|-heal|p1a: Bellibolt|320/320\n|\n|-heal|p2a: Magearna|174/250|[from] item: Leftovers\n|upkeep\n|turn|25\n|\n|t:|1733838440\n|move|p2a: Magearna|Calm Mind|p2a: Magearna\n|-boost|p2a: Magearna|spa|1\n|-boost|p2a: Magearna|spd|1\n|move|p1a: Bellibolt|Muddy Water|p2a: Magearna\n|-damage|p2a: Magearna|146/250\n|\n|-heal|p2a: Magearna|161/250|[from] item: Leftovers\n|upkeep\n|turn|26\n|\n|t:|1733838443\n|move|p2a: Magearna|Calm Mind|p2a: Magearna\n|-boost|p2a: Magearna|spa|1\n|-boost|p2a: Magearna|spd|1\n|move|p1a: Bellibolt|Muddy Water|p2a: Magearna\n|-damage|p2a: Magearna|139/250\n|-unboost|p2a: Magearna|accuracy|1\n|\n|-heal|p2a: Magearna|154/250|[from] item: Leftovers\n|upkeep\n|turn|27\n|\n|t:|1733838445\n|move|p2a: Magearna|Calm Mind|p2a: Magearna\n|-boost|p2a: Magearna|spa|1\n|-boost|p2a: Magearna|spd|1\n|move|p1a: Bellibolt|Muddy Water|p2a: Magearna|[miss]\n|-miss|p1a: Bellibolt|p2a: Magearna\n|\n|-heal|p2a: Magearna|169/250|[from] item: Leftovers\n|upkeep\n|turn|28\n|\n|t:|1733838449\n|move|p2a: Magearna|Calm Mind|p2a: Magearna\n|-boost|p2a: Magearna|spa|1\n|-boost|p2a: Magearna|spd|1\n|move|p1a: Bellibolt|Muddy Water|p2a: Magearna\n|-damage|p2a: Magearna|152/250\n|\n|-heal|p2a: Magearna|167/250|[from] item: Leftovers\n|upkeep\n|turn|29\n|\n|t:|1733838461\n|move|p2a: Magearna|Calm Mind|p2a: Magearna\n|-boost|p2a: Magearna|spa|1\n|-boost|p2a: Magearna|spd|1\n|move|p1a: Bellibolt|Muddy Water|p2a: Magearna\n|-damage|p2a: Magearna|153/250\n|\n|-heal|p2a: Magearna|168/250|[from] item: Leftovers\n|upkeep\n|turn|30\n|\n|t:|1733838466\n|move|p2a: Magearna|Fleur Cannon|p1a: Bellibolt\n|-damage|p1a: Bellibolt|0 fnt\n|-unboost|p2a: Magearna|spa|2\n|faint|p1a: Bellibolt\n|-ability|p2a: Magearna|Soul-Heart|boost\n|-boost|p2a: Magearna|spa|1\n|\n|-heal|p2a: Magearna|183/250|[from] item: Leftovers\n|upkeep\n|\n|t:|1733838470\n|switch|p1a: Lapras|Lapras, L87, M|95/367\n|turn|31\n|\n|t:|1733838475\n|-terastallize|p1a: Lapras|Ice\n|move|p1a: Lapras|Ice Beam|p2a: Magearna\n|-resisted|p2a: Magearna\n|-damage|p2a: Magearna|161/250\n|move|p2a: Magearna|Fleur Cannon|p1a: Lapras\n|-damage|p1a: Lapras|0 fnt\n|-unboost|p2a: Magearna|spa|2\n|faint|p1a: Lapras\n|\n|win|EL NEGRO 0SCUR0\n|raw|3233690Z's rating: 2145 &rarr; <strong>2120</strong><br />(-25 for losing)\n|raw|EL NEGRO 0SCUR0's rating: 2053 &rarr; <strong>2078</strong><br />(+25 for winning)\n", "inputlog": ">version bfd83cad13791eb5a5a409923076391caf6fb4d4\n>start {\"formatid\":\"gen9randombattle\",\"seed\":[49103,26820,42301,46198],\"rated\":\"Rated battle\"}\n>player p1 {\"name\":\"3233690Z\",\"avatar\":\"169\",\"rating\":2145,\"seed\":[12395,32698,39931,42989]}\n>player p2 {\"name\":\"EL NEGRO 0SCUR0\",\"avatar\":\"hoopster\",\"rating\":2053,\"seed\":[7682,8579,6318,37346]}\n>p1 move thunderwave\n>p2 switch 2\n>p1 switch 5\n>p2 move sludgewave\n>p1 move poltergeist\n>p2 switch 2\n>p1 move willowisp\n>p2 move fleurcannon\n>p1 switch 4\n>p1 move trailblaze\n>p2 switch 4\n>p1 move trailblaze\n>p2 move leechseed\n>p1 switch 5\n>p2 move recover\n>p1 move thunderwave\n>p2 move leechseed\n>p1 move wish\n>p2 move appleacid\n>p1 switch 3\n>p2 move appleacid\n>p1 move calmmind\n>p2 switch 2\n>p1 move psychicnoise\n>p2 move sludgewave\n>p2 switch 6\n>p1 switch 3\n>p2 move heavyslam\n>p1 switch 5\n>p1 move facade\n>p2 move iciclecrash\n>p1 switch 3\n>p1 move moonblast\n>p2 move heavyslam\n>p1 switch 2\n>p1 move sparklingaria\n>p2 move closecombat\n>p2 switch 5\n>p1 switch 6\n>p2 move knockoff\n>p1 move voltswitch\n>p2 switch 2\n>p1 switch 6\n>p1 move freezedry\n>p2 switch 2\n>p1 switch 6\n>p2 move circlethrow\n>p1 move freezedry\n>p2 move closecombat\n>p2 switch 4\n>p1 move freezedry\n>p2 move calmmind\n>p1 switch 6\n>p2 move calmmind\n>p1 move slackoff\n>p2 move calmmind\n>p1 move muddywater\n>p2 move calmmind\n>p1 move muddywater\n>p2 move calmmind\n>p1 move muddywater\n>p2 move calmmind\n>p1 move muddywater\n>p2 move calmmind\n>p1 move muddywater\n>p2 move calmmind\n>p1 move muddywater\n>p2 move fleurcannon\n>p1 switch 6\n>p1 move icebeam terastallize\n>p2 move fleurcannon", "uploadtime": 1733838483, "views": 5, "formatid": "gen9randombattle", "rating": 2078, "private": 0, "password": null}