{"id": "gen9randombattle-2211338144", "format": "[Gen 9] Random Battle", "players": ["N00BZ MUST B0W", "GothPerona"], "log": "|badge|p2|bronze|gen9randombattle|100-2\n|html|<div class=\"broadcast-red\"><strong>This battle is required to be public due to one or more player having a season medal.</strong><br />During the public phase, you can discuss the state of the ladder <a href=\"/seasondiscussion\">in a special chatroom.</a></div>\n|uhtml|medal-msg|<div class=\"broadcast-blue\">Curious what those medals under the avatar are? PS now has Ladder Seasons! For more information, check out the <a href=\"https://www.smogon.com/forums/threads/3740067/\">thread on Smogon.</a></div>\n|raw|<div class=\"broadcast-blue\"><strong>This battle is required to be public due to a player having a name starting with 'medal'.</div>\n|j|\u2606N00BZ MUST B0W\n|j|\u2606GothPerona\n|t:|1727497831\n|gametype|singles\n|player|p1|N00BZ MUST B0W|artist|2312\n|player|p2|GothPerona|marley|2319\n|teamsize|p1|6\n|teamsize|p2|6\n|gen|9\n|tier|[Gen 9] Random Battle\n|rated|\n|rule|Species Clause: Limit one of each Pok\u00e9mon\n|rule|HP Percentage Mod: HP is shown in percentages\n|rule|Sleep Clause Mod: Limit one foe put to sleep\n|rule|Illusion Level Mod: Illusion disguises the Pok\u00e9mon's true level\n|\n|t:|1727497831\n|start\n|switch|p1a: Deoxys|Deoxys, L74|196/196\n|switch|p2a: Bellibolt|Bellibolt, L84, F|320/320\n|-ability|p1a: Deoxys|Pressure\n|turn|1\n|inactive|Battle timer is ON: inactive players will automatically lose when time's up. (requested by GothPerona)\n|inactive|N00BZ MUST B0W has 120 seconds left.\n|inactive|N00BZ MUST B0W has 90 seconds left.\n|\n|t:|1727497911\n|switch|p1a: Comfey|Comfey, L85, F|225/225\n|move|p2a: Bellibolt|Thunderbolt|p1a: Comfey\n|-damage|p1a: Comfey|135/225\n|\n|-heal|p1a: Comfey|149/225|[from] item: Leftovers\n|upkeep\n|turn|2\n|\n|t:|1727497929\n|switch|p1a: Sawsbuck|Sawsbuck-Winter, L88, F|284/284\n|move|p2a: Bellibolt|Toxic|p1a: Sawsbuck\n|-status|p1a: Sawsbuck|tox\n|\n|-damage|p1a: Sawsbuck|267/284 tox|[from] psn\n|upkeep\n|turn|3\n|\n|t:|1727497954\n|switch|p2a: Masquerain|Masquerain, L87, F|264/264\n|-ability|p2a: Masquerain|Intimidate|boost\n|-unboost|p1a: Sawsbuck|atk|1\n|move|p1a: Sawsbuck|Double-Edge|p2a: Masquerain\n|-damage|p2a: Masquerain|100/264\n|-damage|p1a: Sawsbuck|213/284 tox|[from] Recoil\n|-damage|p1a: Sawsbuck|185/284 tox|[from] item: Life Orb\n|\n|-damage|p1a: Sawsbuck|151/284 tox|[from] psn\n|upkeep\n|turn|4\n|\n|t:|1727497961\n|switch|p1a: Kyogre|Kyogre, L71|259/259\n|-weather|RainDance|[from] ability: Drizzle|[of] p1a: Kyogre\n|move|p2a: Masquerain|Quiver Dance|p2a: Masquerain\n|-boost|p2a: Masquerain|spa|1\n|-boost|p2a: Masquerain|spd|1\n|-boost|p2a: Masquerain|spe|1\n|\n|-weather|RainDance|[upkeep]\n|upkeep\n|turn|5\n|\n|t:|1727497985\n|switch|p1a: Sawsbuck|Sawsbuck-Winter, L88, F|151/284 tox\n|move|p2a: Masquerain|Hurricane|p1a: Sawsbuck\n|-supereffective|p1a: Sawsbuck\n|-damage|p1a: Sawsbuck|0 fnt\n|faint|p1a: Sawsbuck\n|\n|-weather|RainDance|[upkeep]\n|upkeep\n|\n|t:|1727497987\n|switch|p1a: Deoxys|Deoxys, L74|196/196\n|-ability|p1a: Deoxys|Pressure\n|turn|6\n|\n|t:|1727497995\n|move|p1a: Deoxys|Extreme Speed|p2a: Masquerain\n|-damage|p2a: Masquerain|0 fnt\n|faint|p2a: Masquerain\n|-damage|p1a: Deoxys|177/196|[from] item: Life Orb\n|\n|-weather|RainDance|[upkeep]\n|upkeep\n|\n|t:|1727498000\n|switch|p2a: Uxie|Uxie, L83|260/260\n|turn|7\n|\n|t:|1727498005\n|move|p1a: Deoxys|Knock Off|p2a: Uxie\n|-supereffective|p2a: Uxie\n|-damage|p2a: Uxie|107/260\n|-enditem|p2a: Uxie|Leftovers|[from] move: Knock Off|[of] p1a: Deoxys\n|-damage|p1a: Deoxys|158/196|[from] item: Life Orb\n|move|p2a: Uxie|Thunder Wave|p1a: Deoxys\n|-status|p1a: Deoxys|par\n|\n|-weather|RainDance|[upkeep]\n|upkeep\n|turn|8\n|\n|t:|1727498016\n|move|p1a: Deoxys|Extreme Speed|p2a: Uxie\n|-damage|p2a: Uxie|49/260\n|-damage|p1a: Deoxys|139/196 par|[from] item: Life Orb\n|move|p2a: Uxie|U-turn|p1a: Deoxys\n|-supereffective|p1a: Deoxys\n|-damage|p1a: Deoxys|5/196 par\n|\n|t:|1727498025\n|switch|p2a: Hitmontop|Hitmontop, L88, M|231/231|[from] U-turn\n|-ability|p2a: Hitmontop|Intimidate|boost\n|-unboost|p1a: Deoxys|atk|1\n|\n|-weather|none\n|upkeep\n|turn|9\n|\n|t:|1727498032\n|move|p1a: Deoxys|Extreme Speed|p2a: Hitmontop\n|-damage|p2a: Hitmontop|180/231\n|-damage|p1a: Deoxys|0 fnt|[from] item: Life Orb\n|faint|p1a: Deoxys\n|move|p2a: Hitmontop|Rapid Spin|p1: Deoxys|[notarget]\n|-fail|p2a: Hitmontop\n|\n|upkeep\n|\n|t:|1727498051\n|switch|p1a: Braviary|Braviary-Hisui, L85, M|326/326\n|turn|10\n|\n|t:|1727498058\n|switch|p2a: Uxie|Uxie, L83|49/260\n|move|p1a: Braviary|Esper Wing|p2a: Uxie\n|-resisted|p2a: Uxie\n|-crit|p2a: Uxie\n|-damage|p2a: Uxie|0 fnt\n|-boost|p1a: Braviary|spe|1\n|faint|p2a: Uxie\n|\n|upkeep\n|\n|t:|1727498062\n|switch|p2a: Bellibolt|Bellibolt, L84, F|320/320\n|turn|11\n|\n|t:|1727498073\n|move|p1a: Braviary|Esper Wing|p2a: Bellibolt\n|-damage|p2a: Bellibolt|154/320\n|-boost|p1a: Braviary|spe|1\n|-start|p2a: Bellibolt|Charge|Esper Wing|[from] ability: Electromorphosis\n|move|p2a: Bellibolt|Thunderbolt|p1a: Braviary\n|-supereffective|p1a: Braviary\n|-damage|p1a: Braviary|0 fnt\n|faint|p1a: Braviary\n|-end|p2a: Bellibolt|Charge|[silent]\n|\n|-heal|p2a: Bellibolt|174/320|[from] item: Leftovers\n|upkeep\n|\n|t:|1727498076\n|switch|p1a: Kyogre|Kyogre, L71|259/259\n|-weather|RainDance|[from] ability: Drizzle|[of] p1a: Kyogre\n|turn|12\n|j| Togekiss2000\n|\n|t:|1727498081\n|-terastallize|p2a: Bellibolt|Water\n|move|p1a: Kyogre|Water Spout|p2a: Bellibolt\n|-resisted|p2a: Bellibolt\n|-damage|p2a: Bellibolt|57/320\n|-start|p2a: Bellibolt|Charge|Water Spout|[from] ability: Electromorphosis\n|move|p2a: Bellibolt|Thunderbolt|p1a: Kyogre\n|-supereffective|p1a: Kyogre\n|-crit|p1a: Kyogre\n|-damage|p1a: Kyogre|0 fnt\n|faint|p1a: Kyogre\n|-end|p2a: Bellibolt|Charge|[silent]\n|\n|-weather|RainDance|[upkeep]\n|-heal|p2a: Bellibolt|77/320|[from] item: Leftovers\n|upkeep\n|\n|t:|1727498085\n|switch|p1a: Comfey|Comfey, L85, F|149/225\n|turn|13\n|\n|t:|1727498094\n|-terastallize|p1a: Comfey|Poison\n|move|p1a: Comfey|Calm Mind|p1a: Comfey\n|-boost|p1a: Comfey|spa|1\n|-boost|p1a: Comfey|spd|1\n|move|p2a: Bellibolt|Slack Off|p2a: Bellibolt\n|-heal|p2a: Bellibolt|237/320\n|\n|-weather|RainDance|[upkeep]\n|-heal|p1a: Comfey|163/225|[from] item: Leftovers\n|-heal|p2a: Bellibolt|257/320|[from] item: Leftovers\n|upkeep\n|turn|14\n|\n|t:|1727498099\n|switch|p2a: Hitmontop|Hitmontop, L88, M|180/231\n|-ability|p2a: Hitmontop|Intimidate|boost\n|-unboost|p1a: Comfey|atk|1\n|move|p1a: Comfey|Calm Mind|p1a: Comfey\n|-boost|p1a: Comfey|spa|1\n|-boost|p1a: Comfey|spd|1\n|\n|-weather|RainDance|[upkeep]\n|-heal|p1a: Comfey|177/225|[from] item: Leftovers\n|upkeep\n|turn|15\n|\n|t:|1727498114\n|move|p1a: Comfey|Calm Mind|p1a: Comfey\n|-boost|p1a: Comfey|spa|1\n|-boost|p1a: Comfey|spd|1\n|move|p2a: Hitmontop|Earthquake|p1a: Comfey\n|-supereffective|p1a: Comfey\n|-damage|p1a: Comfey|35/225\n|\n|-weather|RainDance|[upkeep]\n|-heal|p1a: Comfey|49/225|[from] item: Leftovers\n|upkeep\n|turn|16\n|\n|t:|1727498117\n|move|p1a: Comfey|Draining Kiss|p2a: Hitmontop\n|-supereffective|p2a: Hitmontop\n|-damage|p2a: Hitmontop|40/231\n|-heal|p1a: Comfey|154/225|[from] drain|[of] p2a: Hitmontop\n|move|p2a: Hitmontop|Earthquake|p1a: Comfey\n|-supereffective|p1a: Comfey\n|-damage|p1a: Comfey|10/225\n|\n|-weather|none\n|-heal|p1a: Comfey|24/225|[from] item: Leftovers\n|upkeep\n|turn|17\n|\n|t:|1727498120\n|move|p1a: Comfey|Draining Kiss|p2a: Hitmontop\n|-supereffective|p2a: Hitmontop\n|-damage|p2a: Hitmontop|0 fnt\n|-heal|p1a: Comfey|54/225|[from] drain|[of] p2a: Hitmontop\n|faint|p2a: Hitmontop\n|\n|-heal|p1a: Comfey|68/225|[from] item: Leftovers\n|upkeep\n|c|\u2606N00BZ MUST B0W|gg\n|\n|t:|1727498131\n|switch|p2a: Mamoswine|Mamoswine, L81, M|311/311\n|turn|18\n|\n|t:|1727498140\n|move|p1a: Comfey|Giga Drain|p2a: Mamoswine\n|-supereffective|p2a: Mamoswine\n|-damage|p2a: Mamoswine|0 fnt\n|-heal|p1a: Comfey|224/225|[from] drain|[of] p2a: Mamoswine\n|faint|p2a: Mamoswine\n|\n|-heal|p1a: Comfey|225/225|[from] item: Leftovers\n|upkeep\n|c|\u2606N00BZ MUST B0W|lmao\n|-message|GothPerona forfeited.\n|\n|win|N00BZ MUST B0W\n|raw|N00BZ MUST B0W's rating: 2312 &rarr; <strong>2331</strong><br />(+19 for winning)\n|raw|GothPerona's rating: 2302 &rarr; <strong>2283</strong><br />(-19 for losing)\n|l|\u2606GothPerona\n|player|p2|\n|l| Togekiss2000\n|l|\u2606N00BZ MUST B0W\n|player|p1|\n|j|\u2606N00BZ MUST B0W\n|player|p1|N00BZ MUST B0W|artist|\n", "inputlog": ">version 69ff0b2f47ddc97367302b06f7f2ae172fb214dd\n>start {\"formatid\":\"gen9randombattle\",\"seed\":[5502,16934,16446,21994],\"rated\":\"Rated battle\"}\n>player p1 {\"name\":\"N00BZ MUST B0W\",\"avatar\":\"artist\",\"rating\":2312,\"seed\":[21572,37660,9460,38221]}\n>player p2 {\"name\":\"GothPerona\",\"avatar\":\"marley\",\"rating\":2319,\"seed\":[8232,57114,57120,8041]}\n>p1 switch 6\n>p2 move thunderbolt\n>p1 switch 4\n>p2 move toxic\n>p1 move doubleedge\n>p2 switch 4\n>p1 switch 5\n>p2 move quiverdance\n>p1 switch 5\n>p2 move hurricane\n>p1 switch 6\n>p1 move extremespeed\n>p2 move hurricane\n>p2 switch 6\n>p1 move knockoff\n>p2 move thunderwave\n>p1 move extremespeed\n>p2 move uturn\n>p2 switch 3\n>p1 move extremespeed\n>p2 move rapidspin\n>p1 switch 2\n>p1 move esperwing\n>p2 switch 3\n>p2 switch 4\n>p1 move esperwing\n>p2 move thunderbolt\n>p1 switch 5\n>p1 move waterspout\n>p2 move thunderbolt terastallize\n>p1 switch 4\n>p1 move calmmind terastallize\n>p2 move slackoff\n>p1 move calmmind\n>p2 switch 3\n>p1 move calmmind\n>p2 move earthquake\n>p1 move drainingkiss\n>p2 move earthquake\n>p1 move drainingkiss\n>p2 move earthquake\n>chat \u2606N00BZ MUST B0W|gg\n>p2 switch 5\n>p1 move gigadrain\n>p2 move earthquake\n>chat \u2606N00BZ MUST B0W|lmao\n>forcelose p2", "uploadtime": 1727498146, "views": 81, "formatid": "gen9randombattle", "rating": 2283, "private": 0, "password": null}