{"id": "gen9randombattle-2242486044", "format": "[Gen 9] Random Battle", "players": ["fashionstar510", "utah jasmine fo"], "log": "|badge|p1|silver|gen9randombattle|30-3\n|uhtml|medal-msg|<div class=\"broadcast-blue\">Curious what those medals under the avatar are? PS now has Ladder Seasons! For more information, check out the <a href=\"https://www.smogon.com/forums/threads/3740067/\">thread on Smogon.</a></div>\n|badge|p2|bronze|gen9randombattle|100-3\n|uhtml|medal-msg|<div class=\"broadcast-blue\">Curious what those medals under the avatar are? PS now has Ladder Seasons! For more information, check out the <a href=\"https://www.smogon.com/forums/threads/3740067/\">thread on Smogon.</a></div>\n|j|\u2606fashionstar510\n|j|\u2606utah jasmine fo\n|t:|1731432003\n|gametype|singles\n|player|p1|fashionstar510|101|2370\n|player|p2|utah jasmine fo|101|2312\n|teamsize|p1|6\n|teamsize|p2|6\n|gen|9\n|tier|[Gen 9] Random Battle\n|rated|\n|rule|Species Clause: Limit one of each Pok\u00e9mon\n|rule|HP Percentage Mod: HP is shown in percentages\n|rule|Sleep Clause Mod: Limit one foe put to sleep\n|rule|Illusion Level Mod: Illusion disguises the Pok\u00e9mon's true level\n|\n|t:|1731432003\n|start\n|switch|p1a: Decidueye|Decidueye, L88, M|281/281\n|switch|p2a: Inteleon|Inteleon, L81, M|246/246\n|turn|1\n|j| FloSoup\n|\n|t:|1731432016\n|move|p2a: Inteleon|U-turn|p1a: Decidueye\n|-damage|p1a: Decidueye|234/281\n|\n|t:|1731432030\n|switch|p2a: Jumpluff|Jumpluff, L87, M|271/271|[from] U-turn\n|move|p1a: Decidueye|Leaf Storm|p2a: Jumpluff\n|-resisted|p2a: Jumpluff\n|-damage|p2a: Jumpluff|237/271\n|-unboost|p1a: Decidueye|spa|2\n|\n|upkeep\n|turn|2\n|\n|t:|1731432037\n|switch|p1a: Lycanroc|Lycanroc-Midnight, L89, M|296/296\n|move|p2a: Jumpluff|Acrobatics|p1a: Lycanroc\n|-resisted|p1a: Lycanroc\n|-damage|p1a: Lycanroc|250/296\n|\n|upkeep\n|turn|3\n|\n|t:|1731432042\n|move|p2a: Jumpluff|U-turn|p1a: Lycanroc\n|-damage|p1a: Lycanroc|214/296\n|\n|t:|1731432043\n|switch|p2a: Cobalion|Cobalion, L80|277/277|[from] U-turn\n|move|p1a: Lycanroc|Stone Edge|p2a: Cobalion\n|-resisted|p2a: Cobalion\n|-damage|p2a: Cobalion|243/277\n|-damage|p1a: Lycanroc|185/296|[from] item: Life Orb\n|\n|-heal|p2a: Cobalion|260/277|[from] item: Leftovers\n|upkeep\n|turn|4\n|\n|t:|1731432051\n|switch|p1a: Mesprit|Mesprit, L85|275/275\n|move|p2a: Cobalion|Iron Head|p1a: Mesprit\n|-damage|p1a: Mesprit|212/275\n|\n|-heal|p2a: Cobalion|277/277|[from] item: Leftovers\n|-heal|p1a: Mesprit|229/275|[from] item: Leftovers\n|upkeep\n|turn|5\n|\n|t:|1731432072\n|switch|p2a: Slowbro|Slowbro, L85, M|300/300\n|move|p1a: Mesprit|Thunder Wave|p2a: Slowbro\n|-status|p2a: Slowbro|par\n|\n|-heal|p1a: Mesprit|246/275|[from] item: Leftovers\n|upkeep\n|turn|6\n|\n|t:|1731432076\n|move|p1a: Mesprit|Stealth Rock|p2a: Slowbro\n|-sidestart|p2: utah jasmine fo|move: Stealth Rock\n|cant|p2a: Slowbro|par\n|\n|-heal|p1a: Mesprit|263/275|[from] item: Leftovers\n|upkeep\n|turn|7\n|\n|t:|1731432097\n|move|p1a: Mesprit|U-turn|p2a: Slowbro\n|-supereffective|p2a: Slowbro\n|-damage|p2a: Slowbro|214/300 par\n|\n|t:|1731432109\n|switch|p1a: Palkia|Palkia, L75|259/259|[from] U-turn\n|-ability|p1a: Palkia|Pressure\n|move|p2a: Slowbro|Scald|p1a: Palkia\n|-resisted|p1a: Palkia\n|-damage|p1a: Palkia|241/259\n|\n|-heal|p2a: Slowbro|232/300 par|[from] item: Leftovers\n|upkeep\n|turn|8\n|\n|t:|1731432126\n|switch|p2a: Regice|Regice, L88|284/284\n|move|p1a: Palkia|Spacial Rend|p2a: Regice\n|-damage|p2a: Regice|190/284\n|\n|upkeep\n|turn|9\n|\n|t:|1731432136\n|switch|p1a: Entei|Entei, L78|307/307\n|move|p2a: Regice|Thunder Wave|p1a: Entei\n|-status|p1a: Entei|par\n|\n|upkeep\n|turn|10\n|\n|t:|1731432160\n|switch|p2a: Slowbro|Slowbro, L85, M|300/300 par\n|-damage|p2a: Slowbro|263/300 par|[from] Stealth Rock\n|move|p1a: Entei|Flare Blitz|p2a: Slowbro\n|-resisted|p2a: Slowbro\n|-damage|p2a: Slowbro|186/300 par\n|-damage|p1a: Entei|282/307 par|[from] Recoil\n|\n|-heal|p2a: Slowbro|204/300 par|[from] item: Leftovers\n|upkeep\n|turn|11\n|\n|t:|1731432168\n|switch|p1a: Mesprit|Mesprit, L85|263/275\n|cant|p2a: Slowbro|par\n|\n|-heal|p1a: Mesprit|275/275|[from] item: Leftovers\n|-heal|p2a: Slowbro|222/300 par|[from] item: Leftovers\n|upkeep\n|turn|12\n|\n|t:|1731432174\n|move|p1a: Mesprit|U-turn|p2a: Slowbro\n|-supereffective|p2a: Slowbro\n|-damage|p2a: Slowbro|124/300 par\n|\n|t:|1731432180\n|switch|p1a: Palkia|Palkia, L75|241/259|[from] U-turn\n|-ability|p1a: Palkia|Pressure\n|move|p2a: Slowbro|Scald|p1a: Palkia\n|-resisted|p1a: Palkia\n|-crit|p1a: Palkia\n|-damage|p1a: Palkia|213/259\n|-status|p1a: Palkia|brn\n|\n|-heal|p2a: Slowbro|142/300 par|[from] item: Leftovers\n|-damage|p1a: Palkia|197/259 brn|[from] brn\n|upkeep\n|turn|13\n|\n|t:|1731432218\n|switch|p2a: Regice|Regice, L88|190/284\n|move|p1a: Palkia|Spacial Rend|p2a: Regice\n|-damage|p2a: Regice|100/284\n|\n|-damage|p1a: Palkia|181/259 brn|[from] brn\n|upkeep\n|turn|14\n|\n|t:|1731432225\n|move|p1a: Palkia|Spacial Rend|p2a: Regice\n|-damage|p2a: Regice|10/284\n|move|p2a: Regice|Thunderbolt|p1a: Palkia\n|-damage|p1a: Palkia|113/259 brn\n|\n|-damage|p1a: Palkia|97/259 brn|[from] brn\n|upkeep\n|turn|15\n|\n|t:|1731432235\n|move|p1a: Palkia|Spacial Rend|p2a: Regice\n|-damage|p2a: Regice|0 fnt\n|faint|p2a: Regice\n|\n|-damage|p1a: Palkia|81/259 brn|[from] brn\n|upkeep\n|\n|t:|1731432248\n|switch|p2a: Cobalion|Cobalion, L80|277/277\n|-damage|p2a: Cobalion|269/277|[from] Stealth Rock\n|turn|16\n|\n|t:|1731432258\n|switch|p1a: Mesprit|Mesprit, L85|275/275\n|move|p2a: Cobalion|Body Press|p1a: Mesprit\n|-resisted|p1a: Mesprit\n|-damage|p1a: Mesprit|233/275\n|\n|-heal|p2a: Cobalion|277/277|[from] item: Leftovers\n|-heal|p1a: Mesprit|250/275|[from] item: Leftovers\n|upkeep\n|turn|17\n|\n|t:|1731432279\n|move|p2a: Cobalion|Thunder Wave|p1a: Mesprit\n|-status|p1a: Mesprit|par\n|move|p1a: Mesprit|U-turn|p2a: Cobalion\n|-resisted|p2a: Cobalion\n|-damage|p2a: Cobalion|266/277\n|\n|t:|1731432283\n|switch|p1a: Entei|Entei, L78|282/307 par|[from] U-turn\n|\n|-heal|p2a: Cobalion|277/277|[from] item: Leftovers\n|upkeep\n|turn|18\n|\n|t:|1731432286\n|switch|p2a: Slowbro|Slowbro, L85, M|242/300 par\n|-damage|p2a: Slowbro|205/300 par|[from] Stealth Rock\n|cant|p1a: Entei|par\n|\n|-heal|p2a: Slowbro|223/300 par|[from] item: Leftovers\n|upkeep\n|turn|19\n|\n|t:|1731432294\n|switch|p1a: Decidueye|Decidueye, L88, M|234/281\n|move|p2a: Slowbro|Scald|p1a: Decidueye\n|-resisted|p1a: Decidueye\n|-damage|p1a: Decidueye|197/281\n|\n|-heal|p2a: Slowbro|241/300 par|[from] item: Leftovers\n|upkeep\n|turn|20\n|\n|t:|1731432332\n|switch|p2a: Jumpluff|Jumpluff, L87, M|237/271\n|-damage|p2a: Jumpluff|170/271|[from] Stealth Rock\n|move|p1a: Decidueye|Spirit Shackle|p2a: Jumpluff\n|-damage|p2a: Jumpluff|53/271\n|-activate|p2a: Jumpluff|trapped\n|\n|upkeep\n|turn|21\n|\n|t:|1731432340\n|switch|p1a: Iron Bundle|Iron Bundle, L77|213/213\n|move|p2a: Jumpluff|Strength Sap|p1a: Iron Bundle\n|-unboost|p1a: Iron Bundle|atk|1\n|-heal|p2a: Jumpluff|181/271\n|\n|upkeep\n|turn|22\n|\n|t:|1731432350\n|move|p1a: Iron Bundle|Freeze-Dry|p2a: Jumpluff\n|-supereffective|p2a: Jumpluff\n|-damage|p2a: Jumpluff|0 fnt\n|faint|p2a: Jumpluff\n|\n|upkeep\n|\n|t:|1731432353\n|switch|p2a: Cobalion|Cobalion, L80|277/277\n|-damage|p2a: Cobalion|269/277|[from] Stealth Rock\n|turn|23\n|\n|t:|1731432359\n|-end|p1a: Iron Bundle|Quark Drive|[silent]\n|switch|p1a: Mesprit|Mesprit, L85|250/275 par\n|move|p2a: Cobalion|Body Press|p1a: Mesprit\n|-resisted|p1a: Mesprit\n|-damage|p1a: Mesprit|205/275 par\n|\n|-heal|p2a: Cobalion|277/277|[from] item: Leftovers\n|-heal|p1a: Mesprit|222/275 par|[from] item: Leftovers\n|upkeep\n|turn|24\n|\n|t:|1731432363\n|move|p2a: Cobalion|Iron Head|p1a: Mesprit\n|-damage|p1a: Mesprit|155/275 par\n|move|p1a: Mesprit|Thunder Wave|p2a: Cobalion\n|-status|p2a: Cobalion|par\n|\n|-heal|p1a: Mesprit|172/275 par|[from] item: Leftovers\n|upkeep\n|turn|25\n|\n|t:|1731432371\n|move|p2a: Cobalion|Body Press|p1a: Mesprit\n|-resisted|p1a: Mesprit\n|-crit|p1a: Mesprit\n|-damage|p1a: Mesprit|105/275 par\n|move|p1a: Mesprit|Psychic Noise|p2a: Cobalion\n|-damage|p2a: Cobalion|166/277 par\n|-start|p2a: Cobalion|move: Heal Block\n|\n|-heal|p1a: Mesprit|122/275 par|[from] item: Leftovers\n|upkeep\n|turn|26\n|\n|t:|1731432376\n|move|p2a: Cobalion|Iron Head|p1a: Mesprit\n|-damage|p1a: Mesprit|53/275 par\n|move|p1a: Mesprit|Psychic Noise|p2a: Cobalion\n|-damage|p2a: Cobalion|55/277 par\n|\n|-heal|p1a: Mesprit|70/275 par|[from] item: Leftovers\n|-end|p2a: Cobalion|move: Heal Block\n|upkeep\n|turn|27\n|\n|t:|1731432382\n|move|p2a: Cobalion|Iron Head|p1a: Mesprit\n|-damage|p1a: Mesprit|6/275 par\n|cant|p1a: Mesprit|flinch\n|\n|-heal|p2a: Cobalion|72/277 par|[from] item: Leftovers\n|-heal|p1a: Mesprit|23/275 par|[from] item: Leftovers\n|upkeep\n|turn|28\n|\n|t:|1731432385\n|cant|p2a: Cobalion|par\n|move|p1a: Mesprit|Psychic Noise|p2a: Cobalion\n|-damage|p2a: Cobalion|0 fnt\n|faint|p2a: Cobalion\n|\n|-heal|p1a: Mesprit|40/275 par|[from] item: Leftovers\n|upkeep\n|\n|t:|1731432387\n|switch|p2a: Iron Thorns|Iron Thorns, L83|302/302\n|-damage|p2a: Iron Thorns|265/302|[from] Stealth Rock\n|-enditem|p2a: Iron Thorns|Booster Energy\n|-activate|p2a: Iron Thorns|ability: Quark Drive|[fromitem]\n|-start|p2a: Iron Thorns|quarkdriveatk\n|turn|29\n|\n|t:|1731432391\n|move|p2a: Iron Thorns|Dragon Dance|p2a: Iron Thorns\n|-boost|p2a: Iron Thorns|atk|1\n|-boost|p2a: Iron Thorns|spe|1\n|move|p1a: Mesprit|U-turn|p2a: Iron Thorns\n|-damage|p2a: Iron Thorns|222/302\n|\n|t:|1731432402\n|switch|p1a: Iron Bundle|Iron Bundle, L77|213/213|[from] U-turn\n|\n|upkeep\n|turn|30\n|\n|t:|1731432421\n|-terastallize|p2a: Iron Thorns|Grass\n|move|p1a: Iron Bundle|Encore|p2a: Iron Thorns\n|-start|p2a: Iron Thorns|Encore\n|move|p2a: Iron Thorns|Dragon Dance|p2a: Iron Thorns\n|-boost|p2a: Iron Thorns|atk|1\n|-boost|p2a: Iron Thorns|spe|1\n|\n|upkeep\n|turn|31\n|-message|utah jasmine fo forfeited.\n|\n|win|fashionstar510\n|raw|fashionstar510's rating: 2370 &rarr; <strong>2387</strong><br />(+17 for winning)\n|raw|utah jasmine fo's rating: 2312 &rarr; <strong>2295</strong><br />(-17 for losing)\n|l|\u2606utah jasmine fo\n|player|p2|\n", "inputlog": ">version 6cf2ed9506aaf20327444a00a9388215acbf9fb2\n>start {\"formatid\":\"gen9randombattle\",\"seed\":[27594,20356,63624,48685],\"rated\":\"Rated battle\"}\n>player p1 {\"name\":\"fashionstar510\",\"avatar\":\"101\",\"rating\":2370,\"seed\":[16998,62236,60375,28532]}\n>player p2 {\"name\":\"utah jasmine fo\",\"avatar\":\"101\",\"rating\":2312,\"seed\":[37949,61633,17544,21391]}\n>p1 move leafstorm\n>p2 move uturn\n>p2 switch 4\n>p1 switch 4\n>p2 move acrobatics\n>p1 move stoneedge\n>p2 move uturn\n>p2 switch 2\n>p1 switch 3\n>p2 move ironhead\n>p1 move thunderwave\n>p2 switch 3\n>p1 move stealthrock\n>p2 move scald\n>p1 move uturn\n>p2 move scald\n>p1 switch 5\n>p1 move spacialrend\n>p2 switch 6\n>p1 switch 6\n>p2 move thunderwave\n>p1 move flareblitz\n>p2 switch 6\n>p1 switch 5\n>p2 move bodypress\n>p1 move uturn\n>p2 move scald\n>p1 switch 6\n>p1 move spacialrend\n>p2 switch 6\n>p1 move spacialrend\n>p2 move thunderbolt\n>p1 move spacialrend\n>p2 move icebeam\n>p2 switch 3\n>p1 switch 6\n>p2 move bodypress\n>p1 move uturn\n>p2 move thunderwave\n>p1 switch 5\n>p1 move flareblitz\n>p2 switch 6\n>p1 switch 4\n>p2 move scald\n>p1 move spiritshackle\n>p2 switch 2\n>p1 switch 2\n>p2 move strengthsap\n>p1 move freezedry\n>p2 move uturn\n>p2 switch 6\n>p1 switch 5\n>p2 move bodypress\n>p1 move thunderwave\n>p2 move ironhead\n>p1 move psychicnoise\n>p2 move bodypress\n>p1 move psychicnoise\n>p2 move ironhead\n>p1 move psychicnoise\n>p2 move ironhead\n>p1 move psychicnoise\n>p2 move ironhead\n>p2 switch 5\n>p1 move uturn\n>p2 move dragondance\n>p1 switch 5\n>p1 move encore\n>p2 move dragondance terastallize\n>forcelose p2", "uploadtime": 1731432433, "views": 29, "formatid": "gen9randombattle", "rating": 2295, "private": 0, "password": null}