{"id": "gen9randombattle-2260336553", "format": "[Gen 9] Random Battle", "players": ["Angelmorales69", "Mougyo"], "log": "|j|\u2606Angelmorales69\n|j|\u2606Mougyo\n|t:|1733841365\n|gametype|singles\n|player|p1|Angelmorales69|102|1291\n|player|p2|Mougyo|blue|1300\n|teamsize|p1|6\n|teamsize|p2|6\n|gen|9\n|tier|[Gen 9] Random Battle\n|rated|\n|rule|Species Clause: Limit one of each Pok\u00e9mon\n|rule|HP Percentage Mod: HP is shown in percentages\n|rule|Sleep Clause Mod: Limit one foe put to sleep\n|rule|Illusion Level Mod: Illusion disguises the Pok\u00e9mon's true level\n|\n|t:|1733841365\n|start\n|switch|p1a: Morpeko|Morpeko, L88, F|245/245\n|switch|p2a: Tsareena|Tsareena, L87, F|267/267\n|turn|1\n|inactive|Battle timer is ON: inactive players will automatically lose when time's up. (requested by Angelmorales69)\n|\n|t:|1733841390\n|move|p2a: Tsareena|Power Whip|p1a: Morpeko\n|-crit|p1a: Morpeko\n|-damage|p1a: Morpeko|0 fnt\n|faint|p1a: Morpeko\n|\n|upkeep\n|c|\u2606Angelmorales69|Gl\n|\n|t:|1733841396\n|switch|p1a: Skarmory|Skarmory, L80, F|235/235\n|turn|2\n|\n|t:|1733841421\n|switch|p2a: Volcarona|Volcarona, L77, M|257/257\n|move|p1a: Skarmory|Stealth Rock|p2a: Volcarona\n|-sidestart|p2: Mougyo|move: Stealth Rock\n|\n|upkeep\n|turn|3\n|\n|t:|1733841428\n|move|p2a: Volcarona|Quiver Dance|p2a: Volcarona\n|-boost|p2a: Volcarona|spa|1\n|-boost|p2a: Volcarona|spd|1\n|-boost|p2a: Volcarona|spe|1\n|move|p1a: Skarmory|Whirlwind|p2a: Volcarona\n|drag|p2a: Florges|Florges-Blue, L85, F|271/271\n|-damage|p2a: Florges|238/271|[from] Stealth Rock\n|\n|-heal|p2a: Florges|254/271|[from] item: Leftovers\n|upkeep\n|turn|4\n|\n|t:|1733841451\n|move|p2a: Florges|Moonblast|p1a: Skarmory\n|-resisted|p1a: Skarmory\n|-damage|p1a: Skarmory|158/235\n|move|p1a: Skarmory|Whirlwind|p2a: Florges\n|drag|p2a: Golurk|Golurk, L87|297/297\n|-damage|p2a: Golurk|279/297|[from] Stealth Rock\n|\n|-heal|p1a: Skarmory|172/235|[from] item: Leftovers\n|upkeep\n|turn|5\n|\n|t:|1733841463\n|move|p1a: Skarmory|Roost|p1a: Skarmory\n|-heal|p1a: Skarmory|235/235\n|-singleturn|p1a: Skarmory|move: Roost\n|move|p2a: Golurk|Stealth Rock|p1a: Skarmory\n|-sidestart|p1: Angelmorales69|move: Stealth Rock\n|\n|upkeep\n|turn|6\n|\n|t:|1733841477\n|move|p2a: Golurk|Poltergeist|p1a: Skarmory\n|-activate|p1a: Skarmory|move: Poltergeist|Leftovers\n|-damage|p1a: Skarmory|89/235\n|-damage|p2a: Golurk|250/297|[from] item: Life Orb\n|move|p1a: Skarmory|Whirlwind|p2a: Golurk\n|drag|p2a: Tsareena|Tsareena, L87, F|267/267\n|-damage|p2a: Tsareena|234/267|[from] Stealth Rock\n|\n|-heal|p1a: Skarmory|103/235|[from] item: Leftovers\n|upkeep\n|turn|7\n|inactive|Mougyo has 120 seconds left.\n|\n|t:|1733841502\n|move|p2a: Tsareena|U-turn|p1a: Skarmory\n|-resisted|p1a: Skarmory\n|-damage|p1a: Skarmory|91/235\n|\n|t:|1733841505\n|switch|p2a: Golurk|Golurk, L87|250/297|[from] U-turn\n|-damage|p2a: Golurk|232/297|[from] Stealth Rock\n|move|p1a: Skarmory|Roost|p1a: Skarmory\n|-heal|p1a: Skarmory|209/235\n|-singleturn|p1a: Skarmory|move: Roost\n|\n|-heal|p1a: Skarmory|223/235|[from] item: Leftovers\n|upkeep\n|turn|8\n|inactive|Mougyo has 120 seconds left.\n|\n|t:|1733841513\n|move|p2a: Golurk|Dynamic Punch|p1a: Skarmory\n|-damage|p1a: Skarmory|137/235\n|-start|p1a: Skarmory|confusion\n|-damage|p2a: Golurk|203/297|[from] item: Life Orb\n|-activate|p1a: Skarmory|confusion\n|move|p1a: Skarmory|Whirlwind|p2a: Golurk\n|drag|p2a: Meloetta|Meloetta, L82|298/298\n|-damage|p2a: Meloetta|261/298|[from] Stealth Rock\n|\n|-heal|p1a: Skarmory|151/235|[from] item: Leftovers\n|upkeep\n|turn|9\n|inactive|Mougyo has 120 seconds left.\n|\n|t:|1733841528\n|move|p2a: Meloetta|U-turn|p1a: Skarmory\n|-resisted|p1a: Skarmory\n|-damage|p1a: Skarmory|144/235\n|\n|t:|1733841533\n|switch|p2a: Golurk|Golurk, L87|203/297|[from] U-turn\n|-damage|p2a: Golurk|185/297|[from] Stealth Rock\n|-end|p1a: Skarmory|confusion\n|move|p1a: Skarmory|Roost|p1a: Skarmory\n|-heal|p1a: Skarmory|235/235\n|-singleturn|p1a: Skarmory|move: Roost\n|\n|upkeep\n|turn|10\n|inactive|Mougyo has 120 seconds left.\n|\n|t:|1733841546\n|move|p2a: Golurk|Dynamic Punch|p1a: Skarmory\n|-damage|p1a: Skarmory|148/235\n|-start|p1a: Skarmory|confusion\n|-damage|p2a: Golurk|156/297|[from] item: Life Orb\n|-activate|p1a: Skarmory|confusion\n|move|p1a: Skarmory|Whirlwind|p2a: Golurk\n|drag|p2a: Tsareena|Tsareena, L87, F|234/267\n|-damage|p2a: Tsareena|201/267|[from] Stealth Rock\n|\n|-heal|p1a: Skarmory|162/235|[from] item: Leftovers\n|upkeep\n|turn|11\n|inactive|Mougyo has 120 seconds left.\n|\n|t:|1733841562\n|move|p2a: Tsareena|Knock Off|p1a: Skarmory\n|-damage|p1a: Skarmory|97/235\n|-enditem|p1a: Skarmory|Leftovers|[from] move: Knock Off|[of] p2a: Tsareena\n|-activate|p1a: Skarmory|confusion\n|move|p1a: Skarmory|Roost|p1a: Skarmory\n|-heal|p1a: Skarmory|215/235\n|-singleturn|p1a: Skarmory|move: Roost\n|\n|upkeep\n|turn|12\n|\n|t:|1733841570\n|switch|p2a: Golurk|Golurk, L87|156/297\n|-damage|p2a: Golurk|138/297|[from] Stealth Rock\n|-activate|p1a: Skarmory|confusion\n|move|p1a: Skarmory|Whirlwind|p2a: Golurk\n|drag|p2a: Meloetta|Meloetta, L82|261/298\n|-damage|p2a: Meloetta|224/298|[from] Stealth Rock\n|\n|upkeep\n|turn|13\n|\n|t:|1733841584\n|move|p2a: Meloetta|U-turn|p1a: Skarmory\n|-resisted|p1a: Skarmory\n|-damage|p1a: Skarmory|208/235\n|\n|t:|1733841591\n|switch|p2a: Volcarona|Volcarona, L77, M|257/257|[from] U-turn\n|-end|p1a: Skarmory|confusion\n|move|p1a: Skarmory|Brave Bird|p2a: Volcarona\n|-supereffective|p2a: Volcarona\n|-damage|p2a: Volcarona|0 fnt\n|faint|p2a: Volcarona\n|-damage|p1a: Skarmory|123/235|[from] Recoil\n|\n|upkeep\n|inactive|Mougyo has 120 seconds left.\n|c|\u2606Mougyo|Vazy nique ta grand-m\u00e8re\n|-message|Mougyo forfeited.\n|\n|win|Angelmorales69\n", "inputlog": ">version bfd83cad13791eb5a5a409923076391caf6fb4d4\n>start {\"formatid\":\"gen9randombattle\",\"seed\":[46255,19166,40751,20701],\"rated\":\"Rated battle\"}\n>player p1 {\"name\":\"Angelmorales69\",\"avatar\":\"102\",\"rating\":1291,\"seed\":[40200,43418,58407,4183]}\n>player p2 {\"name\":\"Mougyo\",\"avatar\":\"blue\",\"rating\":1300,\"seed\":[45098,58875,6791,31404]}\n>p1 move partingshot\n>p2 move powerwhip\n>chat \u2606Angelmorales69|Gl\n>p1 switch 2\n>p1 move stealthrock\n>p2 switch 4\n>p1 move whirlwind\n>p2 move quiverdance\n>p1 move whirlwind\n>p2 move moonblast\n>p1 move roost\n>p2 move stealthrock\n>p1 move whirlwind\n>p2 move poltergeist\n>p1 move roost\n>p2 move uturn\n>p2 switch 4\n>p1 move whirlwind\n>p2 move dynamicpunch\n>p1 move roost\n>p2 move uturn\n>p2 switch 5\n>p1 move whirlwind\n>p2 move dynamicpunch\n>p1 move roost\n>p2 move knockoff\n>p1 move whirlwind\n>p2 switch 4\n>p1 move bravebird\n>p2 move uturn\n>p2 switch 3\n>chat \u2606Mougyo|Vazy nique ta grand-m\u00e8re \n>forcelose p2", "uploadtime": 1733841612, "views": 1, "formatid": "gen9randombattle", "rating": null, "private": 0, "password": null}