{"id": "gen9randombattle-2259998710", "format": "[Gen 9] Random Battle", "players": ["Oh didufghA", "Bindletin"], "log": "|j|\u2606Oh didufghA\n|j|\u2606Bindletin\n|t:|1733789279\n|gametype|singles\n|player|p1|Oh didufghA|102|1437\n|player|p2|Bindletin|wallace|1445\n|teamsize|p1|6\n|teamsize|p2|6\n|gen|9\n|tier|[Gen 9] Random Battle\n|rated|\n|rule|Species Clause: Limit one of each Pok\u00e9mon\n|rule|HP Percentage Mod: HP is shown in percentages\n|rule|Sleep Clause Mod: Limit one foe put to sleep\n|rule|Illusion Level Mod: Illusion disguises the Pok\u00e9mon's true level\n|\n|t:|1733789279\n|start\n|switch|p1a: Hitmontop|Hitmontop, L88, M|231/231\n|switch|p2a: Giratina|Giratina-Origin, L72|335/335\n|turn|1\n|inactive|Battle timer is ON: inactive players will automatically lose when time's up. (requested by Bindletin)\n|\n|t:|1733789303\n|move|p1a: Hitmontop|Triple Axel|p2a: Giratina\n|-supereffective|p2a: Giratina\n|-damage|p2a: Giratina|281/335\n|-hitcount|p2a: Giratina|1\n|move|p2a: Giratina|Will-O-Wisp|p1a: Hitmontop\n|-status|p1a: Hitmontop|brn\n|\n|-damage|p1a: Hitmontop|217/231 brn|[from] brn\n|upkeep\n|turn|2\n|\n|t:|1733789319\n|switch|p1a: Yanmega|Yanmega, L82, F|275/275\n|switch|p2a: Bronzong|Bronzong, L88|261/261\n|\n|upkeep\n|turn|3\n|\n|t:|1733789338\n|move|p1a: Yanmega|Bug Buzz|p2a: Bronzong\n|-damage|p2a: Bronzong|183/261\n|move|p2a: Bronzong|Iron Defense|p2a: Bronzong\n|-boost|p2a: Bronzong|def|2\n|\n|-heal|p2a: Bronzong|199/261|[from] item: Leftovers\n|-ability|p1a: Yanmega|Speed Boost|boost\n|-boost|p1a: Yanmega|spe|1\n|upkeep\n|turn|4\n|inactive|Oh didufghA has 120 seconds left.\n|\n|t:|1733789384\n|move|p1a: Yanmega|Bug Buzz|p2a: Bronzong\n|-damage|p2a: Bronzong|118/261\n|-unboost|p2a: Bronzong|spd|1\n|move|p2a: Bronzong|Psychic Noise|p1a: Yanmega\n|-damage|p1a: Yanmega|169/275\n|-start|p1a: Yanmega|move: Heal Block\n|\n|-heal|p2a: Bronzong|134/261|[from] item: Leftovers\n|-ability|p1a: Yanmega|Speed Boost|boost\n|-boost|p1a: Yanmega|spe|1\n|upkeep\n|turn|5\n|\n|t:|1733789397\n|switch|p2a: Giratina|Giratina-Origin, L72|281/335\n|move|p1a: Yanmega|Bug Buzz|p2a: Giratina\n|-resisted|p2a: Giratina\n|-damage|p2a: Giratina|228/335\n|\n|-end|p1a: Yanmega|move: Heal Block\n|-ability|p1a: Yanmega|Speed Boost|boost\n|-boost|p1a: Yanmega|spe|1\n|upkeep\n|turn|6\n|\n|t:|1733789412\n|move|p1a: Yanmega|Air Slash|p2a: Giratina\n|-damage|p2a: Giratina|141/335\n|move|p2a: Giratina|Poltergeist|p1a: Yanmega\n|-activate|p1a: Yanmega|move: Poltergeist|Heavy-Duty Boots\n|-damage|p1a: Yanmega|31/275\n|\n|-ability|p1a: Yanmega|Speed Boost|boost\n|-boost|p1a: Yanmega|spe|1\n|upkeep\n|turn|7\n|\n|t:|1733789433\n|move|p2a: Giratina|Shadow Sneak|p1a: Yanmega\n|-damage|p1a: Yanmega|0 fnt\n|faint|p1a: Yanmega\n|\n|upkeep\n|\n|t:|1733789436\n|switch|p1a: Typhlosion|Typhlosion-Hisui, L83, F|257/257\n|turn|8\n|\n|t:|1733789449\n|move|p2a: Giratina|Shadow Sneak|p1a: Typhlosion\n|-supereffective|p1a: Typhlosion\n|-damage|p1a: Typhlosion|159/257\n|move|p1a: Typhlosion|Shadow Ball|p2a: Giratina\n|-supereffective|p2a: Giratina\n|-damage|p2a: Giratina|0 fnt\n|faint|p2a: Giratina\n|\n|upkeep\n|\n|t:|1733789457\n|switch|p2a: Lurantis|Lurantis, L87, F|264/264\n|turn|9\n|inactive|Oh didufghA has 120 seconds left.\n|\n|t:|1733789474\n|move|p1a: Typhlosion|Fire Blast|p2a: Lurantis\n|-supereffective|p2a: Lurantis\n|-damage|p2a: Lurantis|100/264\n|move|p2a: Lurantis|Leaf Storm|p1a: Typhlosion\n|-resisted|p1a: Typhlosion\n|-damage|p1a: Typhlosion|99/257\n|-boost|p2a: Lurantis|spa|2\n|\n|upkeep\n|turn|10\n|inactive|Bindletin has 120 seconds left.\n|\n|t:|1733789533\n|-terastallize|p2a: Lurantis|Water\n|move|p1a: Typhlosion|Fire Blast|p2a: Lurantis\n|-resisted|p2a: Lurantis\n|-damage|p2a: Lurantis|60/264\n|move|p2a: Lurantis|Knock Off|p1a: Typhlosion\n|-supereffective|p1a: Typhlosion\n|-damage|p1a: Typhlosion|0 fnt\n|-enditem|p1a: Typhlosion|Heavy-Duty Boots|[from] move: Knock Off|[of] p2a: Lurantis\n|faint|p1a: Typhlosion\n|\n|upkeep\n|inactive|Oh didufghA has 120 seconds left.\n|\n|t:|1733789550\n|switch|p1a: Kingdra|Kingdra, L84, M|263/263\n|turn|11\n|inactive|Oh didufghA has 120 seconds left.\n|\n|t:|1733789571\n|move|p1a: Kingdra|Wave Crash|p2a: Lurantis\n|-resisted|p2a: Lurantis\n|-damage|p2a: Lurantis|0 fnt\n|faint|p2a: Lurantis\n|-damage|p1a: Kingdra|243/263|[from] Recoil\n|\n|upkeep\n|\n|t:|1733789578\n|switch|p2a: Seviper|Seviper, L93, M|287/287\n|turn|12\n|\n|t:|1733789582\n|-terastallize|p1a: Kingdra|Steel\n|move|p1a: Kingdra|Dragon Dance|p1a: Kingdra\n|-boost|p1a: Kingdra|atk|1\n|-boost|p1a: Kingdra|spe|1\n|move|p2a: Seviper|Trailblaze|p1a: Kingdra\n|-resisted|p1a: Kingdra\n|-damage|p1a: Kingdra|223/263\n|-boost|p2a: Seviper|spe|1\n|\n|upkeep\n|turn|13\n|\n|t:|1733789589\n|move|p1a: Kingdra|Dragon Dance|p1a: Kingdra\n|-boost|p1a: Kingdra|atk|1\n|-boost|p1a: Kingdra|spe|1\n|move|p2a: Seviper|Earthquake|p1a: Kingdra\n|-supereffective|p1a: Kingdra\n|-damage|p1a: Kingdra|47/263\n|\n|upkeep\n|turn|14\n|inactive|Bindletin has 120 seconds left.\n|\n|t:|1733789614\n|move|p1a: Kingdra|Outrage|p2a: Seviper\n|-crit|p2a: Seviper\n|-damage|p2a: Seviper|0 fnt\n|faint|p2a: Seviper\n|\n|upkeep\n|\n|t:|1733789621\n|switch|p2a: Hypno|Hypno, L95, M|315/315\n|turn|15\n|\n|t:|1733789627\n|move|p1a: Kingdra|Outrage|p2a: Hypno|[from]lockedmove\n|-damage|p2a: Hypno|36/315\n|-start|p1a: Kingdra|confusion|[fatigue]\n|-enditem|p1a: Kingdra|Lum Berry|[eat]\n|-end|p1a: Kingdra|confusion\n|move|p2a: Hypno|Thunder Wave|p1a: Kingdra\n|-status|p1a: Kingdra|par\n|\n|-heal|p2a: Hypno|55/315|[from] item: Leftovers\n|upkeep\n|turn|16\n|inactive|Bindletin has 120 seconds left.\n|\n|t:|1733789635\n|move|p1a: Kingdra|Iron Head|p2a: Hypno\n|-damage|p2a: Hypno|0 fnt\n|faint|p2a: Hypno\n|\n|upkeep\n|inactive|Bindletin has 120 seconds left.\n|-message|Bindletin forfeited.\n|\n|win|Oh didufghA\n|raw|Oh didufghA's rating: 1456 &rarr; <strong>1475</strong><br />(+19 for winning)\n|raw|Bindletin's rating: 1445 &rarr; <strong>1426</strong><br />(-19 for losing)\n|l|\u2606Bindletin\n|player|p2|\n", "inputlog": ">version bfd83cad13791eb5a5a409923076391caf6fb4d4\n>start {\"formatid\":\"gen9randombattle\",\"seed\":[13916,62334,38948,37112],\"rated\":\"Rated battle\"}\n>player p1 {\"name\":\"Oh didufghA\",\"avatar\":\"102\",\"rating\":1437,\"seed\":[49418,22203,35304,57276]}\n>player p2 {\"name\":\"Bindletin\",\"avatar\":\"wallace\",\"rating\":1445,\"seed\":[13314,59909,44704,19152]}\n>p1 move tripleaxel\n>p2 move willowisp\n>p1 switch 5\n>p2 switch 3\n>p1 move bugbuzz\n>p2 move irondefense\n>p1 move bugbuzz\n>p2 move psychicnoise\n>p1 move bugbuzz\n>p2 switch 3\n>p1 move airslash\n>p2 move poltergeist\n>p1 move airslash\n>p2 move shadowsneak\n>p1 switch 4\n>p1 move shadowball\n>p2 move shadowsneak\n>p2 switch 4\n>p1 move fireblast\n>p2 move leafstorm\n>p1 move fireblast\n>p2 move knockoff terastallize\n>p1 switch 3\n>p1 move wavecrash\n>p2 move leechlife\n>p2 switch 2\n>p1 move dragondance terastallize\n>p2 move trailblaze\n>p1 move dragondance\n>p2 move earthquake\n>p1 move outrage\n>p2 move earthquake\n>p2 switch 5\n>p1 move outrage\n>p2 move thunderwave\n>p1 move ironhead\n>p2 move knockoff\n>forcelose p2", "uploadtime": 1733789666, "views": 1, "formatid": "gen9randombattle", "rating": 1426, "private": 0, "password": null}