{"id": "gen9randombattle-2260832989", "format": "[Gen 9] Random Battle", "players": ["plutox333333", "NEGATYLER"], "log": "|j|\u2606plutox333333\n|j|\u2606NEGATYLER\n|t:|1733900507\n|gametype|singles\n|player|p1|plutox333333|102|1026\n|player|p2|NEGATYLER|swimmerf|1071\n|teamsize|p1|6\n|teamsize|p2|6\n|gen|9\n|tier|[Gen 9] Random Battle\n|rated|\n|rule|Species Clause: Limit one of each Pok\u00e9mon\n|rule|HP Percentage Mod: HP is shown in percentages\n|rule|Sleep Clause Mod: Limit one foe put to sleep\n|rule|Illusion Level Mod: Illusion disguises the Pok\u00e9mon's true level\n|\n|t:|1733900507\n|start\n|switch|p1a: Golduck|Golduck, L90, M|290/290\n|switch|p2a: Zebstrika|Zebstrika, L87, F|272/272\n|-ability|p1a: Golduck|Cloud Nine\n|turn|1\n|c|\u2606NEGATYLER|Supercell\n|c|\u2606NEGATYLER|\ud83e\udd75\ud83e\udd75\n|c|\u2606NEGATYLER|Lemme smash\n|inactive|Battle timer is ON: inactive players will automatically lose when time's up. (requested by NEGATYLER)\n|\n|t:|1733900545\n|-terastallize|p1a: Golduck|Water\n|move|p2a: Zebstrika|Supercell Slam|p1a: Golduck\n|-supereffective|p1a: Golduck\n|-damage|p1a: Golduck|0 fnt\n|faint|p1a: Golduck\n|-damage|p2a: Zebstrika|245/272|[from] item: Life Orb\n|\n|upkeep\n|c|\u2606NEGATYLER|EZ KIDD\n|c|\u2606NEGATYLER|CRY MORE\n|c|\u2606plutox333333|if she catch me cheating I will never tell her sorry\n|\n|t:|1733900565\n|switch|p1a: Pincurchin|Pincurchin, F|258/258\n|-fieldstart|move: Electric Terrain|[from] ability: Electric Surge|[of] p1a: Pincurchin\n|turn|2\n|\n|t:|1733900574\n|move|p2a: Zebstrika|High Horsepower|p1a: Pincurchin\n|-supereffective|p1a: Pincurchin\n|-damage|p1a: Pincurchin|97/258\n|-damage|p2a: Zebstrika|218/272|[from] item: Life Orb\n|move|p1a: Pincurchin|Liquidation|p2a: Zebstrika\n|-damage|p2a: Zebstrika|102/272\n|\n|-heal|p1a: Pincurchin|113/258|[from] item: Leftovers\n|upkeep\n|turn|3\n|c|\u2606NEGATYLER|L\n|\n|t:|1733900583\n|move|p2a: Zebstrika|High Horsepower|p1a: Pincurchin\n|-supereffective|p1a: Pincurchin\n|-damage|p1a: Pincurchin|0 fnt\n|faint|p1a: Pincurchin\n|-damage|p2a: Zebstrika|75/272|[from] item: Life Orb\n|\n|upkeep\n|c|\u2606NEGATYLER|Cheater\n|\n|t:|1733900595\n|switch|p1a: Zarude|Zarude-Dada, L78|292/292\n|turn|4\n|\n|t:|1733900603\n|move|p2a: Zebstrika|Overheat|p1a: Zarude\n|-supereffective|p1a: Zarude\n|-damage|p1a: Zarude|58/292\n|-unboost|p2a: Zebstrika|spa|2\n|-damage|p2a: Zebstrika|48/272|[from] item: Life Orb\n|move|p1a: Zarude|Synthesis|p1a: Zarude\n|-heal|p1a: Zarude|204/292\n|\n|-heal|p1a: Zarude|222/292|[from] item: Leftovers\n|upkeep\n|turn|5\n|\n|t:|1733900610\n|move|p2a: Zebstrika|Overheat|p1a: Zarude\n|-supereffective|p1a: Zarude\n|-damage|p1a: Zarude|118/292\n|-unboost|p2a: Zebstrika|spa|2\n|-damage|p2a: Zebstrika|21/272|[from] item: Life Orb\n|move|p1a: Zarude|Synthesis|p1a: Zarude\n|-heal|p1a: Zarude|264/292\n|\n|-heal|p1a: Zarude|282/292|[from] item: Leftovers\n|upkeep\n|turn|6\n|\n|t:|1733900616\n|move|p2a: Zebstrika|Volt Switch|p1a: Zarude\n|-resisted|p1a: Zarude\n|-damage|p1a: Zarude|263/292\n|-damage|p2a: Zebstrika|0 fnt|[from] item: Life Orb\n|faint|p2a: Zebstrika\n|move|p1a: Zarude|Swords Dance|p1a: Zarude\n|-boost|p1a: Zarude|atk|2\n|\n|-heal|p1a: Zarude|281/292|[from] item: Leftovers\n|-fieldend|move: Electric Terrain\n|upkeep\n|c|\u2606plutox333333|lol\n|inactive|NEGATYLER has 120 seconds left.\n|c|\u2606plutox333333|its an evil world we live in\n|\n|t:|1733900663\n|switch|p2a: Dragapult|Dragapult, L77, F|262/262\n|turn|7\n|\n|t:|1733900682\n|move|p2a: Dragapult|U-turn|p1a: Zarude\n|-supereffective|p1a: Zarude\n|-damage|p1a: Zarude|93/292\n|\n|t:|1733900692\n|switch|p2a: Entei|Entei, L78|307/307|[from] U-turn\n|move|p1a: Zarude|Knock Off|p2a: Entei\n|-damage|p2a: Entei|72/307\n|-enditem|p2a: Entei|Choice Band|[from] move: Knock Off|[of] p1a: Zarude\n|\n|-heal|p1a: Zarude|111/292|[from] item: Leftovers\n|upkeep\n|turn|8\n|\n|t:|1733900703\n|move|p2a: Entei|Extreme Speed|p1a: Zarude\n|-damage|p1a: Zarude|55/292\n|move|p1a: Zarude|Knock Off|p2a: Entei\n|-damage|p2a: Entei|0 fnt\n|faint|p2a: Entei\n|\n|-heal|p1a: Zarude|73/292|[from] item: Leftovers\n|upkeep\n|\n|t:|1733900710\n|switch|p2a: Dragapult|Dragapult, L77, F|262/262\n|turn|9\n|c|\u2606NEGATYLER|L bozo\n|c|\u2606NEGATYLER|Eat my shit\n|inactive|plutox333333 has 120 seconds left.\n|c|\u2606NEGATYLER|Lemme smash your girl\n|c|\u2606NEGATYLER|Lil Pok\u00e9mon playing adult \ud83d\udc80\ud83d\ude4f\n|\n|t:|1733900766\n|switch|p1a: Chien-Pao|Chien-Pao, L72|234/234\n|-ability|p1a: Chien-Pao|Sword of Ruin\n|move|p2a: Dragapult|Dragon Darts|p1a: Chien-Pao\n|-damage|p1a: Chien-Pao|167/234\n|-anim|p2a: Dragapult|Dragon Darts|p1a: Chien-Pao\n|-damage|p1a: Chien-Pao|106/234\n|\n|upkeep\n|turn|10\n|inactive|NEGATYLER has 120 seconds left.\n|c|\u2606plutox333333|im younger than you lil bih\n|inactive|plutox333333 has 90 seconds left.\n|\n|t:|1733900788\n|move|p2a: Dragapult|Dragon Darts|p1a: Chien-Pao\n|-damage|p1a: Chien-Pao|37/234\n|-anim|p2a: Dragapult|Dragon Darts|p1a: Chien-Pao\n|-damage|p1a: Chien-Pao|0 fnt\n|faint|p1a: Chien-Pao\n|\n|upkeep\n|c|\u2606NEGATYLER|No you ain\u2019t lil bro\n|\n|t:|1733900792\n|switch|p1a: Raging Bolt|Raging Bolt, L78|323/323\n|turn|11\n|\n|t:|1733900799\n|move|p2a: Dragapult|Dragon Darts|p1a: Raging Bolt\n|-supereffective|p1a: Raging Bolt\n|-damage|p1a: Raging Bolt|219/323\n|-anim|p2a: Dragapult|Dragon Darts|p1a: Raging Bolt\n|-supereffective|p1a: Raging Bolt\n|-damage|p1a: Raging Bolt|115/323\n|move|p1a: Raging Bolt|Draco Meteor|p2a: Dragapult\n|-supereffective|p2a: Dragapult\n|-damage|p2a: Dragapult|0 fnt\n|-unboost|p1a: Raging Bolt|spa|2\n|faint|p2a: Dragapult\n|\n|upkeep\n|\n|t:|1733900811\n|switch|p2a: Klawf|Klawf, L90, F|272/272\n|turn|12\n|c|\u2606plutox333333|stfu before i put you on a shirt\n|\n|t:|1733900818\n|move|p2a: Klawf|High Horsepower|p1a: Raging Bolt\n|-supereffective|p1a: Raging Bolt\n|-damage|p1a: Raging Bolt|0 fnt\n|faint|p1a: Raging Bolt\n|-end|p1a: Raging Bolt|Protosynthesis|[silent]\n|\n|upkeep\n|\n|t:|1733900822\n|switch|p1a: Zarude|Zarude-Dada, L78|73/292\n|turn|13\n|c|\u2606NEGATYLER|OooOoOoOooH shiver me timbers\n|n|!plutox333333|plutox333333\n|inactive|plutox333333 has 90 seconds left.\n|c|\u2606NEGATYLER|Bro mad\n|\n|t:|1733900862\n|switch|p2a: Hitmonchan|Hitmonchan, L87, M|229/229\n|move|p1a: Zarude|Power Whip|p2a: Hitmonchan|[miss]\n|-miss|p1a: Zarude|p2a: Hitmonchan\n|\n|-heal|p1a: Zarude|91/292|[from] item: Leftovers\n|upkeep\n|turn|14\n|c|\u2606NEGATYLER|EZEZEZEZ\n|c|\u2606NEGATYLER|L KID\n|c|\u2606NEGATYLER|L\n|\n|t:|1733900874\n|move|p1a: Zarude|Power Whip|p2a: Hitmonchan\n|-damage|p2a: Hitmonchan|88/229\n|move|p2a: Hitmonchan|Poison Jab|p1a: Zarude\n|-supereffective|p1a: Zarude\n|-damage|p1a: Zarude|0 fnt\n|faint|p1a: Zarude\n|\n|-heal|p2a: Hitmonchan|102/229|[from] item: Leftovers\n|upkeep\n|c|\u2606NEGATYLER|BOZOOOO\n|\n|t:|1733900877\n|switch|p1a: Feraligatr|Feraligatr, L79, M|264/264\n|turn|15\n|c|\u2606NEGATYLER|YOURE USELESS\n|\n|t:|1733900896\n|move|p2a: Hitmonchan|Drain Punch|p1a: Feraligatr\n|-damage|p1a: Feraligatr|168/264\n|-heal|p2a: Hitmonchan|150/229|[from] drain|[of] p1a: Feraligatr\n|move|p1a: Feraligatr|Dragon Dance|p1a: Feraligatr\n|-boost|p1a: Feraligatr|atk|1\n|-boost|p1a: Feraligatr|spe|1\n|\n|-heal|p2a: Hitmonchan|164/229|[from] item: Leftovers\n|upkeep\n|turn|16\n|c|\u2606NEGATYLER|EZ NERD\n|c|\u2606NEGATYLER|POKEMON PLAYING LOSER\n|inactive|plutox333333 has 90 seconds left.\n|c|\u2606NEGATYLER|EAT SHIT N1gg@\n|n|!NEGATYLER|negatyler\n|inactive|plutox333333 has 60 seconds left.\n|\n|t:|1733900959\n|move|p1a: Feraligatr|Liquidation|p2a: Hitmonchan\n|-damage|p2a: Hitmonchan|0 fnt\n|faint|p2a: Hitmonchan\n|\n|upkeep\n|\n|t:|1733900969\n|switch|p2a: Inteleon|Inteleon, L81, M|246/246\n|turn|17\n|\n|t:|1733900983\n|move|p1a: Feraligatr|Trailblaze|p2a: Inteleon\n|-supereffective|p2a: Inteleon\n|-damage|p2a: Inteleon|22/246\n|move|p2a: Inteleon|Dark Pulse|p1a: Feraligatr\n|-damage|p1a: Feraligatr|70/264\n|\n|upkeep\n|turn|18\n|\n|t:|1733900993\n|move|p1a: Feraligatr|Trailblaze|p2a: Inteleon\n|-supereffective|p2a: Inteleon\n|-damage|p2a: Inteleon|0 fnt\n|faint|p2a: Inteleon\n|\n|upkeep\n|\n|t:|1733900995\n|switch|p2a: Klawf|Klawf, L90, F|272/272\n|turn|19\n|inactive|plutox333333 has 60 seconds left.\n|n|\u203dNEGATYLER|negatyler\n|inactive|plutox333333 has 30 seconds left.\n|\n|t:|1733901040\n|-terastallize|p2a: Klawf|Ground\n|move|p1a: Feraligatr|Liquidation|p2a: Klawf\n|-supereffective|p2a: Klawf\n|-damage|p2a: Klawf|0 fnt\n|faint|p2a: Klawf\n|\n|win|plutox333333\n", "inputlog": ">version bfd83cad13791eb5a5a409923076391caf6fb4d4\n>start {\"formatid\":\"gen9randombattle\",\"seed\":[33450,58356,30300,42444],\"rated\":\"Rated battle\"}\n>player p1 {\"name\":\"plutox333333\",\"avatar\":\"102\",\"rating\":1026,\"seed\":[21369,29553,50697,40800]}\n>player p2 {\"name\":\"NEGATYLER\",\"avatar\":\"swimmerf\",\"rating\":1071,\"seed\":[55551,53274,29731,43984]}\n>chat \u2606NEGATYLER|Supercell\n>chat \u2606NEGATYLER|\ud83e\udd75\ud83e\udd75\n>chat \u2606NEGATYLER|Lemme smash\n>p1 move icebeam terastallize\n>p2 move supercellslam\n>chat \u2606NEGATYLER|EZ KIDD\n>chat \u2606NEGATYLER|CRY MORE\n>chat \u2606plutox333333|if she catch me cheating I will never tell her sorry\n>p1 switch 4\n>p1 move liquidation\n>p2 move highhorsepower\n>chat \u2606NEGATYLER|L\n>p1 move recover\n>p2 move highhorsepower\n>chat \u2606NEGATYLER|Cheater\n>p1 switch 2\n>p1 move synthesis\n>p2 move overheat\n>p1 move synthesis\n>p2 move overheat\n>p1 move swordsdance\n>p2 move voltswitch\n>chat \u2606plutox333333|lol\n>chat \u2606plutox333333|its an evil world we live in\n>p2 switch 3\n>p1 move knockoff\n>p2 move uturn\n>p2 switch 6\n>p1 move knockoff\n>p2 move extremespeed\n>p2 switch 6\n>chat \u2606NEGATYLER|L bozo\n>chat \u2606NEGATYLER|Eat my shit\n>chat \u2606NEGATYLER|Lemme smash your girl\n>chat \u2606NEGATYLER|Lil Pok\u00e9mon playing adult \ud83d\udc80\ud83d\ude4f\n>p1 switch 3\n>p2 move dragondarts\n>chat \u2606NEGATYLER|Cry about losing lil nig\n>chat \u2606plutox333333|im younger than you lil bih\n>p1 move iciclecrash\n>p2 move dragondarts\n>chat \u2606NEGATYLER|No you ain\u2019t lil bro\n>p1 switch 6\n>p1 move dracometeor\n>p2 move dragondarts\n>p2 switch 2\n>chat \u2606plutox333333|stfu before i put you on a shirt\n>p1 move thunderbolt\n>p2 move highhorsepower\n>p1 switch 3\n>chat \u2606NEGATYLER|OooOoOoOooH shiver me timbers\n>chat \u2606plutox333333|dumbass jew\n>chat \u2606NEGATYLER|Bro mad\n>p1 move powerwhip\n>p2 switch 5\n>chat \u2606NEGATYLER|EZEZEZEZ\n>chat \u2606NEGATYLER|L KID\n>chat \u2606NEGATYLER|L\n>p1 move powerwhip\n>p2 move poisonjab\n>chat \u2606NEGATYLER|BOZOOOO\n>p1 switch 5\n>chat \u2606NEGATYLER|KYS BRO\n>chat \u2606NEGATYLER|YOURE USELESS\n>chat \u2606NEGATYLER|KILL URSELF\n>p1 move dragondance\n>p2 move drainpunch\n>chat \u2606NEGATYLER|EZ NERD\n>chat \u2606NEGATYLER|POKEMON PLAYING LOSER\n>chat \u2606NEGATYLER|EAT SHIT N1gg@\n>chat \u2606NEGATYLER|FUCK YOU\n>p1 move liquidation\n>p2 move drainpunch\n>p2 switch 4\n>p1 move trailblaze\n>p2 move darkpulse\n>p1 move trailblaze\n>p2 move darkpulse\n>p2 switch 5\n>p1 move liquidation\n>p2 move highhorsepower terastallize", "uploadtime": 1733900728, "views": 1, "formatid": "gen9randombattle", "rating": null, "private": 0, "password": null}