{"id": "gen9randombattle-2260521533", "format": "[Gen 9] Random Battle", "players": ["Strongest man son", "RoninL"], "log": "|j|\u203dStrongest man son\n|j|\u2606RoninL\n|t:|1733859691\n|gametype|singles\n|player|p1|Strongest man son|hiker-gen4|1592\n|player|p2|RoninL|benga|1606\n|teamsize|p1|6\n|teamsize|p2|6\n|gen|9\n|tier|[Gen 9] Random Battle\n|rated|\n|rule|Species Clause: Limit one of each Pok\u00e9mon\n|rule|HP Percentage Mod: HP is shown in percentages\n|rule|Sleep Clause Mod: Limit one foe put to sleep\n|rule|Illusion Level Mod: Illusion disguises the Pok\u00e9mon's true level\n|\n|t:|1733859691\n|start\n|switch|p1a: Spectrier|Spectrier, L75|274/274\n|switch|p2a: Iron Thorns|Iron Thorns, L83|302/302\n|-item|p2a: Iron Thorns|Air Balloon\n|turn|1\n|inactive|Battle timer is ON: inactive players will automatically lose when time's up. (requested by Strongest man son)\n|\n|t:|1733859703\n|move|p1a: Spectrier|Will-O-Wisp|p2a: Iron Thorns\n|-status|p2a: Iron Thorns|brn\n|move|p2a: Iron Thorns|Wild Charge|p1a: Spectrier\n|-damage|p1a: Spectrier|188/274\n|-damage|p2a: Iron Thorns|280/302 brn|[from] Recoil\n|\n|-damage|p2a: Iron Thorns|262/302 brn|[from] brn\n|upkeep\n|turn|2\n|\n|t:|1733859714\n|-end|p2a: Iron Thorns|Quark Drive|[silent]\n|switch|p2a: Galvantula|Galvantula, L82, F|249/249\n|move|p1a: Spectrier|Shadow Ball|p2a: Galvantula\n|-damage|p2a: Galvantula|80/249\n|-unboost|p2a: Galvantula|spd|1\n|-damage|p1a: Spectrier|161/274|[from] item: Life Orb\n|\n|upkeep\n|turn|3\n|\n|t:|1733859734\n|switch|p2a: Gurdurr|Gurdurr, L85, M|283/283\n|move|p1a: Spectrier|Shadow Ball|p2a: Gurdurr\n|-damage|p2a: Gurdurr|173/283\n|-damage|p1a: Spectrier|134/274|[from] item: Life Orb\n|\n|upkeep\n|turn|4\n|\n|t:|1733859743\n|switch|p2a: Iron Thorns|Iron Thorns, L83|262/302 brn\n|-item|p2a: Iron Thorns|Air Balloon\n|move|p1a: Spectrier|Will-O-Wisp|p2a: Iron Thorns\n|-fail|p2a: Iron Thorns|brn\n|\n|-damage|p2a: Iron Thorns|244/302 brn|[from] brn\n|upkeep\n|turn|5\n|\n|t:|1733859748\n|move|p1a: Spectrier|Nasty Plot|p1a: Spectrier\n|-boost|p1a: Spectrier|spa|2\n|move|p2a: Iron Thorns|Wild Charge|p1a: Spectrier\n|-crit|p1a: Spectrier\n|-damage|p1a: Spectrier|9/274\n|-damage|p2a: Iron Thorns|213/302 brn|[from] Recoil\n|\n|-damage|p2a: Iron Thorns|195/302 brn|[from] brn\n|upkeep\n|turn|6\n|\n|t:|1733859755\n|move|p1a: Spectrier|Shadow Ball|p2a: Iron Thorns\n|-damage|p2a: Iron Thorns|0 fnt\n|-enditem|p2a: Iron Thorns|Air Balloon\n|faint|p2a: Iron Thorns\n|-end|p2a: Iron Thorns|Quark Drive|[silent]\n|-ability|p1a: Spectrier|Grim Neigh|boost\n|-boost|p1a: Spectrier|spa|1\n|-damage|p1a: Spectrier|0 fnt|[from] item: Life Orb\n|faint|p1a: Spectrier\n|\n|upkeep\n|\n|t:|1733859776\n|switch|p1a: Armarouge|Armarouge, L80, F|267/267\n|switch|p2a: Galvantula|Galvantula, L82, F|80/249\n|turn|7\n|\n|t:|1733859795\n|move|p2a: Galvantula|Sticky Web|p1a: Armarouge\n|-sidestart|p1: Strongest man son|move: Sticky Web\n|move|p1a: Armarouge|Meteor Beam||[still]\n|-prepare|p1a: Armarouge|Meteor Beam\n|-boost|p1a: Armarouge|spa|1\n|-enditem|p1a: Armarouge|Power Herb\n|-anim|p1a: Armarouge|Meteor Beam|p2a: Galvantula\n|-supereffective|p2a: Galvantula\n|-damage|p2a: Galvantula|0 fnt\n|faint|p2a: Galvantula\n|\n|upkeep\n|inactive|RoninL has 120 seconds left.\n|\n|t:|1733859816\n|switch|p2a: Gurdurr|Gurdurr, L85, M|173/283\n|turn|8\n|\n|t:|1733859820\n|move|p1a: Armarouge|Psyshock|p2a: Gurdurr\n|-supereffective|p2a: Gurdurr\n|-damage|p2a: Gurdurr|0 fnt\n|faint|p2a: Gurdurr\n|\n|upkeep\n|\n|t:|1733859824\n|switch|p2a: Alcremie|Alcremie-Ruby-Swirl, L90, F|263/263\n|turn|9\n|\n|t:|1733859832\n|move|p2a: Alcremie|Calm Mind|p2a: Alcremie\n|-boost|p2a: Alcremie|spa|1\n|-boost|p2a: Alcremie|spd|1\n|move|p1a: Armarouge|Psyshock|p2a: Alcremie\n|-damage|p2a: Alcremie|103/263\n|\n|-heal|p2a: Alcremie|119/263|[from] item: Leftovers\n|upkeep\n|turn|10\n|\n|t:|1733859838\n|move|p2a: Alcremie|Tera Blast|p1a: Armarouge\n|-damage|p1a: Armarouge|141/267\n|move|p1a: Armarouge|Psyshock|p2a: Alcremie\n|-damage|p2a: Alcremie|0 fnt\n|faint|p2a: Alcremie\n|\n|upkeep\n|\n|t:|1733859842\n|switch|p2a: Rillaboom|Rillaboom, L79, F|288/288\n|-fieldstart|move: Grassy Terrain|[from] ability: Grassy Surge|[of] p2a: Rillaboom\n|turn|11\n|\n|t:|1733859852\n|-terastallize|p1a: Armarouge|Grass\n|move|p2a: Rillaboom|High Horsepower|p1a: Armarouge\n|-resisted|p1a: Armarouge\n|-damage|p1a: Armarouge|87/267\n|-ability|p1a: Armarouge|Weak Armor|boost\n|-unboost|p1a: Armarouge|def|1\n|-boost|p1a: Armarouge|spe|2\n|move|p1a: Armarouge|Armor Cannon|p2a: Rillaboom\n|-supereffective|p2a: Rillaboom\n|-damage|p2a: Rillaboom|0 fnt\n|-unboost|p1a: Armarouge|def|1\n|-unboost|p1a: Armarouge|spd|1\n|faint|p2a: Rillaboom\n|\n|-heal|p1a: Armarouge|103/267|[from] Grassy Terrain\n|upkeep\n|\n|t:|1733859856\n|switch|p2a: Arceus|Arceus-Ground, L70|284/284\n|turn|12\n|-message|RoninL forfeited.\n|\n|win|Strongest man son\n|raw|Strongest man son's rating: 1592 &rarr; <strong>1613</strong><br />(+21 for winning)\n|raw|RoninL's rating: 1606 &rarr; <strong>1585</strong><br />(-21 for losing)\n|l|\u2606RoninL\n|player|p2|\n", "inputlog": ">version bfd83cad13791eb5a5a409923076391caf6fb4d4\n>start {\"formatid\":\"gen9randombattle\",\"seed\":[7368,21652,42977,1472],\"rated\":\"Rated battle\"}\n>player p1 {\"name\":\"Strongest man son\",\"avatar\":\"hiker-gen4\",\"rating\":1592,\"seed\":[42739,42264,48601,53572]}\n>player p2 {\"name\":\"RoninL\",\"avatar\":\"benga\",\"rating\":1606,\"seed\":[59038,58580,37731,1087]}\n>p1 move willowisp\n>p2 move wildcharge\n>p1 move shadowball\n>p2 switch 2\n>p1 move shadowball\n>p2 switch 3\n>p1 move willowisp\n>p2 switch 2\n>p1 move nastyplot\n>p2 move wildcharge\n>p1 move shadowball\n>p2 move stealthrock\n>p1 switch 3\n>p2 switch 3\n>p1 move meteorbeam\n>p2 move stickyweb\n>p2 switch 2\n>p1 move psyshock\n>p2 move knockoff\n>p2 switch 4\n>p1 move psyshock\n>p2 move calmmind\n>p1 move psyshock\n>p2 move terablast\n>p2 switch 5\n>p1 move armorcannon terastallize\n>p2 move highhorsepower\n>p2 switch 6\n>forcelose p2", "uploadtime": 1733859889, "views": 1, "formatid": "gen9randombattle", "rating": 1585, "private": 0, "password": null}