{"id": "gen9randombattle-2260449338", "format": "[Gen 9] Random Battle", "players": ["asweduy", "cris107"], "log": "|j|\u2606asweduy\n|j|\u2606cris107\n|t:|1733852695\n|gametype|singles\n|player|p1|asweduy|hilda-wonderlauncher|\n|player|p2|cris107|102|\n|teamsize|p1|6\n|teamsize|p2|6\n|gen|9\n|tier|[Gen 9] Random Battle\n|rule|Species Clause: Limit one of each Pok\u00e9mon\n|rule|HP Percentage Mod: HP is shown in percentages\n|rule|Sleep Clause Mod: Limit one foe put to sleep\n|rule|Illusion Level Mod: Illusion disguises the Pok\u00e9mon's true level\n|\n|t:|1733852695\n|start\n|switch|p1a: Meowscarada|Meowscarada, L78, M|247/247\n|switch|p2a: Blissey|Blissey, L84, F|566/566\n|turn|1\n|inactive|Battle timer is ON: inactive players will automatically lose when time's up. (requested by cris107)\n|c|\u2606cris107|uys\n|c|\u2606asweduy|ala\n|\n|t:|1733852716\n|move|p1a: Meowscarada|U-turn|p2a: Blissey\n|-start|p1a: Meowscarada|typechange|Bug|[from] ability: Protean\n|-damage|p2a: Blissey|263/566\n|\n|t:|1733852743\n|switch|p1a: Dedenne|Dedenne, L88, F|261/261|[from] U-turn\n|move|p2a: Blissey|Thunder Wave|p1a: Dedenne\n|-immune|p1a: Dedenne\n|\n|-heal|p2a: Blissey|298/566|[from] item: Leftovers\n|upkeep\n|turn|2\n|c|\u2606cris107|owo\n|\n|t:|1733852752\n|move|p1a: Dedenne|Nuzzle|p2a: Blissey\n|-damage|p2a: Blissey|246/566\n|-status|p2a: Blissey|par\n|move|p2a: Blissey|Stealth Rock|p1a: Dedenne\n|-sidestart|p1: asweduy|move: Stealth Rock\n|\n|-heal|p2a: Blissey|281/566 par|[from] item: Leftovers\n|upkeep\n|turn|3\n|\n|t:|1733852758\n|move|p1a: Dedenne|Super Fang|p2a: Blissey\n|-damage|p2a: Blissey|141/566 par\n|move|p2a: Blissey|Soft-Boiled|p2a: Blissey\n|-heal|p2a: Blissey|424/566 par\n|\n|-heal|p2a: Blissey|459/566 par|[from] item: Leftovers\n|upkeep\n|turn|4\n|\n|t:|1733852763\n|move|p1a: Dedenne|Super Fang|p2a: Blissey\n|-damage|p2a: Blissey|230/566 par\n|cant|p2a: Blissey|par\n|\n|-heal|p2a: Blissey|265/566 par|[from] item: Leftovers\n|upkeep\n|turn|5\n|\n|t:|1733852767\n|move|p1a: Dedenne|Super Fang|p2a: Blissey\n|-damage|p2a: Blissey|133/566 par\n|move|p2a: Blissey|Seismic Toss|p1a: Dedenne\n|-damage|p1a: Dedenne|177/261\n|\n|-heal|p2a: Blissey|168/566 par|[from] item: Leftovers\n|upkeep\n|turn|6\n|\n|t:|1733852774\n|switch|p1a: Meowscarada|Meowscarada, L78, M|247/247\n|-damage|p1a: Meowscarada|217/247|[from] Stealth Rock\n|move|p2a: Blissey|Soft-Boiled|p2a: Blissey\n|-heal|p2a: Blissey|451/566 par\n|\n|-heal|p2a: Blissey|486/566 par|[from] item: Leftovers\n|upkeep\n|turn|7\n|\n|t:|1733852781\n|-curestatus|p2a: Blissey|par|[from] ability: Natural Cure\n|switch|p2a: Kilowattrel|Kilowattrel, L83, M|252/252\n|move|p1a: Meowscarada|Flower Trick|p2a: Kilowattrel\n|-start|p1a: Meowscarada|typechange|Grass|[from] ability: Protean\n|-resisted|p2a: Kilowattrel\n|-crit|p2a: Kilowattrel\n|-damage|p2a: Kilowattrel|151/252\n|\n|upkeep\n|turn|8\n|\n|t:|1733852792\n|switch|p1a: Dedenne|Dedenne, L88, F|177/261\n|-damage|p1a: Dedenne|145/261|[from] Stealth Rock\n|move|p2a: Kilowattrel|U-turn|p1a: Dedenne\n|-resisted|p1a: Dedenne\n|-damage|p1a: Dedenne|120/261\n|-enditem|p1a: Dedenne|Sitrus Berry|[eat]\n|-heal|p1a: Dedenne|185/261|[from] item: Sitrus Berry\n|-heal|p1a: Dedenne|261/261|[from] ability: Cheek Pouch\n|\n|t:|1733852799\n|switch|p2a: Blissey|Blissey, L84, F|486/566|[from] U-turn\n|\n|-heal|p2a: Blissey|521/566|[from] item: Leftovers\n|upkeep\n|turn|9\n|\n|t:|1733852808\n|move|p1a: Dedenne|Super Fang|p2a: Blissey\n|-damage|p2a: Blissey|261/566\n|move|p2a: Blissey|Seismic Toss|p1a: Dedenne\n|-damage|p1a: Dedenne|177/261\n|\n|-heal|p2a: Blissey|296/566|[from] item: Leftovers\n|upkeep\n|turn|10\n|\n|t:|1733852813\n|move|p1a: Dedenne|Super Fang|p2a: Blissey\n|-damage|p2a: Blissey|148/566\n|move|p2a: Blissey|Seismic Toss|p1a: Dedenne\n|-damage|p1a: Dedenne|93/261\n|\n|-heal|p2a: Blissey|183/566|[from] item: Leftovers\n|upkeep\n|turn|11\n|\n|t:|1733852818\n|switch|p1a: Meowscarada|Meowscarada, L78, M|217/247\n|-damage|p1a: Meowscarada|187/247|[from] Stealth Rock\n|move|p2a: Blissey|Soft-Boiled|p2a: Blissey\n|-heal|p2a: Blissey|466/566\n|\n|-heal|p2a: Blissey|501/566|[from] item: Leftovers\n|upkeep\n|turn|12\n|\n|t:|1733852829\n|switch|p2a: Iron Thorns|Iron Thorns, L83|302/302\n|-enditem|p2a: Iron Thorns|Booster Energy\n|-activate|p2a: Iron Thorns|ability: Quark Drive|[fromitem]\n|-start|p2a: Iron Thorns|quarkdriveatk\n|move|p1a: Meowscarada|Triple Axel|p2a: Iron Thorns\n|-start|p1a: Meowscarada|typechange|Ice|[from] ability: Protean\n|-damage|p2a: Iron Thorns|272/302\n|-damage|p2a: Iron Thorns|220/302\n|-damage|p2a: Iron Thorns|148/302\n|-hitcount|p2a: Iron Thorns|3\n|\n|upkeep\n|turn|13\n|\n|t:|1733852846\n|move|p1a: Meowscarada|Triple Axel|p2a: Iron Thorns\n|-damage|p2a: Iron Thorns|123/302\n|-damage|p2a: Iron Thorns|74/302\n|-damage|p2a: Iron Thorns|0 fnt\n|faint|p2a: Iron Thorns\n|-end|p2a: Iron Thorns|Quark Drive|[silent]\n|-hitcount|p2: Iron Thorns|3\n|\n|upkeep\n|\n|t:|1733852852\n|switch|p2a: Mamoswine|Mamoswine, L81, M|311/311\n|turn|14\n|\n|t:|1733852859\n|move|p1a: Meowscarada|Triple Axel|p2a: Mamoswine|[miss]\n|-miss|p1a: Meowscarada|p2a: Mamoswine\n|move|p2a: Mamoswine|Knock Off|p1a: Meowscarada\n|-damage|p1a: Meowscarada|23/247\n|-enditem|p1a: Meowscarada|Choice Band|[from] move: Knock Off|[of] p2a: Mamoswine\n|\n|upkeep\n|turn|15\n|\n|t:|1733852866\n|move|p1a: Meowscarada|Flower Trick|p2a: Mamoswine\n|-supereffective|p2a: Mamoswine\n|-crit|p2a: Mamoswine\n|-damage|p2a: Mamoswine|151/311\n|move|p2a: Mamoswine|Knock Off|p1a: Meowscarada\n|-damage|p1a: Meowscarada|0 fnt\n|faint|p1a: Meowscarada\n|\n|upkeep\n|\n|t:|1733852878\n|switch|p1a: Chesnaught|Chesnaught, L84, F|285/285\n|-damage|p1a: Chesnaught|268/285|[from] Stealth Rock\n|turn|16\n|\n|t:|1733852883\n|switch|p2a: Grafaiai|Grafaiai, L86, F|249/249\n|move|p1a: Chesnaught|Knock Off|p2a: Grafaiai\n|-damage|p2a: Grafaiai|157/249\n|-enditem|p2a: Grafaiai|Heavy-Duty Boots|[from] move: Knock Off|[of] p1a: Chesnaught\n|\n|-heal|p1a: Chesnaught|285/285|[from] item: Leftovers\n|upkeep\n|turn|17\n|\n|t:|1733852893\n|switch|p1a: Salazzle|Salazzle, L83, F|249/249\n|-damage|p1a: Salazzle|187/249|[from] Stealth Rock\n|move|p2a: Grafaiai|Gunk Shot|p1a: Salazzle\n|-resisted|p1a: Salazzle\n|-damage|p1a: Salazzle|107/249\n|\n|-heal|p1a: Salazzle|122/249|[from] item: Leftovers\n|upkeep\n|turn|18\n|\n|t:|1733852900\n|move|p2a: Grafaiai|Parting Shot|p1a: Salazzle\n|-unboost|p1a: Salazzle|atk|1\n|-unboost|p1a: Salazzle|spa|1\n|\n|t:|1733852904\n|switch|p2a: Blissey|Blissey, L84, F|501/566|[from] Parting Shot\n|move|p1a: Salazzle|Toxic|p2a: Blissey\n|-status|p2a: Blissey|tox\n|\n|-heal|p1a: Salazzle|137/249|[from] item: Leftovers\n|-heal|p2a: Blissey|536/566 tox|[from] item: Leftovers\n|-damage|p2a: Blissey|501/566 tox|[from] psn\n|upkeep\n|turn|19\n|\n|t:|1733852910\n|move|p1a: Salazzle|Substitute|p1a: Salazzle\n|-start|p1a: Salazzle|Substitute\n|-damage|p1a: Salazzle|75/249\n|move|p2a: Blissey|Seismic Toss|p1a: Salazzle\n|-end|p1a: Salazzle|Substitute\n|\n|-heal|p1a: Salazzle|90/249|[from] item: Leftovers\n|-heal|p2a: Blissey|536/566 tox|[from] item: Leftovers\n|-damage|p2a: Blissey|466/566 tox|[from] psn\n|upkeep\n|turn|20\n|\n|t:|1733852915\n|move|p1a: Salazzle|Protect|p1a: Salazzle\n|-singleturn|p1a: Salazzle|Protect\n|move|p2a: Blissey|Seismic Toss|p1a: Salazzle\n|-activate|p1a: Salazzle|move: Protect\n|\n|-heal|p1a: Salazzle|105/249|[from] item: Leftovers\n|-heal|p2a: Blissey|501/566 tox|[from] item: Leftovers\n|-damage|p2a: Blissey|396/566 tox|[from] psn\n|upkeep\n|turn|21\n|\n|t:|1733852925\n|switch|p1a: Dragapult|Dragapult, L77, F|262/262\n|-curestatus|p2a: Blissey|tox|[from] ability: Natural Cure\n|switch|p2a: Kilowattrel|Kilowattrel, L83, M|151/252\n|\n|upkeep\n|turn|22\n|\n|t:|1733852931\n|move|p1a: Dragapult|Dragon Darts|p2a: Kilowattrel\n|-damage|p2a: Kilowattrel|82/252\n|-anim|p1a: Dragapult|Dragon Darts|p2a: Kilowattrel\n|-damage|p2a: Kilowattrel|18/252\n|move|p2a: Kilowattrel|Thunder Wave|p1a: Dragapult\n|-status|p1a: Dragapult|par\n|\n|upkeep\n|turn|23\n|\n|t:|1733852940\n|move|p2a: Kilowattrel|Hurricane|p1a: Dragapult\n|-damage|p1a: Dragapult|118/262 par\n|cant|p1a: Dragapult|par\n|\n|upkeep\n|turn|24\n|\n|t:|1733852945\n|move|p2a: Kilowattrel|Hurricane|p1a: Dragapult\n|-crit|p1a: Dragapult\n|-damage|p1a: Dragapult|0 fnt\n|faint|p1a: Dragapult\n|\n|upkeep\n|\n|t:|1733852949\n|switch|p1a: Dedenne|Dedenne, L88, F|93/261\n|-damage|p1a: Dedenne|61/261|[from] Stealth Rock\n|turn|25\n|c|\u2606cris107|amen\n|\n|t:|1733852953\n|move|p2a: Kilowattrel|U-turn|p1a: Dedenne\n|-resisted|p1a: Dedenne\n|-damage|p1a: Dedenne|36/261\n|\n|t:|1733852957\n|switch|p2a: Blissey|Blissey, L84, F|396/566|[from] U-turn\n|move|p1a: Dedenne|Dazzling Gleam|p2a: Blissey\n|-damage|p2a: Blissey|333/566\n|\n|-heal|p2a: Blissey|368/566|[from] item: Leftovers\n|upkeep\n|turn|26\n|\n|t:|1733852961\n|move|p1a: Dedenne|Nuzzle|p2a: Blissey\n|-damage|p2a: Blissey|320/566\n|-status|p2a: Blissey|par\n|move|p2a: Blissey|Seismic Toss|p1a: Dedenne\n|-damage|p1a: Dedenne|0 fnt\n|faint|p1a: Dedenne\n|\n|-heal|p2a: Blissey|355/566 par|[from] item: Leftovers\n|upkeep\n|c|\u2606asweduy|maldita gorda me atormenta a todos lados\n|\n|t:|1733852977\n|switch|p1a: Chesnaught|Chesnaught, L84, F|285/285\n|-damage|p1a: Chesnaught|268/285|[from] Stealth Rock\n|turn|27\n|c|\u2606cris107|XD\n|\n|t:|1733852989\n|-curestatus|p2a: Blissey|par|[from] ability: Natural Cure\n|switch|p2a: Hitmonchan|Hitmonchan, L87, M|229/229\n|move|p1a: Chesnaught|Knock Off|p2a: Hitmonchan\n|-resisted|p2a: Hitmonchan\n|-damage|p2a: Hitmonchan|192/229\n|-enditem|p2a: Hitmonchan|Life Orb|[from] move: Knock Off|[of] p1a: Chesnaught\n|\n|-heal|p1a: Chesnaught|285/285|[from] item: Leftovers\n|upkeep\n|turn|28\n|\n|t:|1733852995\n|move|p2a: Hitmonchan|Swords Dance|p2a: Hitmonchan\n|-boost|p2a: Hitmonchan|atk|2\n|move|p1a: Chesnaught|Wood Hammer|p2a: Hitmonchan\n|-crit|p2a: Hitmonchan\n|-damage|p2a: Hitmonchan|0 fnt\n|faint|p2a: Hitmonchan\n|-damage|p1a: Chesnaught|222/285|[from] Recoil\n|\n|-heal|p1a: Chesnaught|239/285|[from] item: Leftovers\n|upkeep\n|c|\u2606cris107|ai cabron\n|\n|t:|1733853003\n|switch|p2a: Kilowattrel|Kilowattrel, L83, M|18/252\n|turn|29\n|\n|t:|1733853009\n|-terastallize|p1a: Chesnaught|Steel\n|move|p2a: Kilowattrel|Hurricane|p1a: Chesnaught\n|-resisted|p1a: Chesnaught\n|-crit|p1a: Chesnaught\n|-damage|p1a: Chesnaught|136/285\n|-start|p1a: Chesnaught|confusion\n|-activate|p1a: Chesnaught|confusion\n|-damage|p1a: Chesnaught|112/285|[from] confusion\n|\n|-heal|p1a: Chesnaught|129/285|[from] item: Leftovers\n|upkeep\n|turn|30\n|c|\u2606cris107|amen\n|c|\u2606cris107|XD\n|c|\u2606asweduy|juego de la vrga\n|\n|t:|1733853025\n|move|p2a: Kilowattrel|Thunderbolt|p1a: Chesnaught\n|-damage|p1a: Chesnaught|17/285\n|-status|p1a: Chesnaught|par\n|-activate|p1a: Chesnaught|confusion\n|-damage|p1a: Chesnaught|0 fnt|[from] confusion\n|faint|p1a: Chesnaught\n|\n|upkeep\n|c|\u2606cris107|XDD\n|c|\u2606asweduy|PUTA MADRE\n|\n|t:|1733853041\n|switch|p1a: Salazzle|Salazzle, L83, F|105/249\n|-damage|p1a: Salazzle|43/249|[from] Stealth Rock\n|turn|31\n|\n|t:|1733853048\n|move|p2a: Kilowattrel|Thunderbolt|p1a: Salazzle\n|-damage|p1a: Salazzle|0 fnt\n|faint|p1a: Salazzle\n|\n|upkeep\n|\n|t:|1733853050\n|switch|p1a: Mesprit|Mesprit, L85|275/275\n|-damage|p1a: Mesprit|241/275|[from] Stealth Rock\n|turn|32\n|\n|t:|1733853057\n|move|p2a: Kilowattrel|Thunder Wave|p1a: Mesprit\n|-status|p1a: Mesprit|par\n|move|p1a: Mesprit|Knock Off|p2a: Kilowattrel\n|-damage|p2a: Kilowattrel|0 fnt\n|-enditem|p2a: Kilowattrel|Heavy-Duty Boots|[from] move: Knock Off|[of] p1a: Mesprit\n|faint|p2a: Kilowattrel\n|\n|-heal|p1a: Mesprit|258/275 par|[from] item: Leftovers\n|upkeep\n|\n|t:|1733853064\n|switch|p2a: Grafaiai|Grafaiai, L86, F|157/249\n|turn|33\n|\n|t:|1733853070\n|-terastallize|p2a: Grafaiai|Dark\n|move|p2a: Grafaiai|Knock Off|p1a: Mesprit\n|-supereffective|p1a: Mesprit\n|-damage|p1a: Mesprit|76/275 par\n|-enditem|p1a: Mesprit|Leftovers|[from] move: Knock Off|[of] p2a: Grafaiai\n|move|p1a: Mesprit|Thunder Wave|p2a: Grafaiai\n|-status|p2a: Grafaiai|par\n|\n|upkeep\n|turn|34\n|\n|t:|1733853079\n|move|p2a: Grafaiai|Knock Off|p1a: Mesprit\n|-supereffective|p1a: Mesprit\n|-damage|p1a: Mesprit|0 fnt\n|faint|p1a: Mesprit\n|\n|win|cris107\n|c|\u2606cris107|gg wp\n|c|\u2606asweduy|te odio\n|c|\u2606cris107|XD\n|c|\u2606asweduy|otro\n", "inputlog": ">version bfd83cad13791eb5a5a409923076391caf6fb4d4\n>start {\"formatid\":\"gen9randombattle\",\"seed\":[15637,55147,21964,701]}\n>player p1 {\"name\":\"asweduy\",\"avatar\":\"hilda-wonderlauncher\",\"rating\":0,\"seed\":[37915,47869,60895,31476]}\n>player p2 {\"name\":\"cris107\",\"avatar\":\"102\",\"rating\":0,\"seed\":[12399,55619,3135,59536]}\n>chat \u2606cris107|uys\n>chat \u2606asweduy|ala\n>p1 move uturn\n>p2 move thunderwave\n>p1 switch 2\n>chat \u2606cris107|owo\n>p1 move nuzzle\n>p2 move stealthrock\n>p1 move superfang\n>p2 move softboiled\n>p1 move superfang\n>p2 move seismictoss\n>p1 move superfang\n>p2 move seismictoss\n>p1 switch 2\n>p2 move softboiled\n>p1 move flowertrick\n>p2 switch 5\n>p1 switch 2\n>p2 move uturn\n>p2 switch 5\n>p1 move superfang\n>p2 move seismictoss\n>p1 move superfang\n>p2 move seismictoss\n>p1 switch 2\n>p2 move softboiled\n>p1 move tripleaxel\n>p2 switch 3\n>p1 move tripleaxel\n>p2 move dragondance\n>p2 switch 2\n>p1 move tripleaxel\n>p2 move knockoff\n>p1 move flowertrick\n>p2 move knockoff\n>p1 switch 4\n>p1 move knockoff\n>p2 switch 4\n>p1 switch 5\n>p2 move gunkshot\n>p1 move toxic\n>p2 move partingshot\n>p2 switch 3\n>p1 move substitute\n>p2 move seismictoss\n>p1 move protect\n>p2 move seismictoss\n>p1 switch 6\n>p2 switch 5\n>p1 move dragondarts\n>p2 move thunderwave\n>p1 move dragondarts\n>p2 move hurricane\n>p1 move uturn\n>p2 move hurricane\n>p1 switch 2\n>chat \u2606cris107|amen\n>p1 move dazzlinggleam\n>p2 move uturn\n>p2 switch 5\n>p1 move nuzzle\n>p2 move seismictoss\n>chat \u2606asweduy|maldita gorda me atormenta a todos lados\n>p1 switch 5\n>chat \u2606cris107|XD\n>p1 move knockoff\n>p2 switch 6\n>p1 move woodhammer\n>p2 move swordsdance\n>chat \u2606cris107|ai cabron\n>p2 switch 5\n>p1 move knockoff terastallize\n>p2 move hurricane\n>chat \u2606cris107|amen\n>chat \u2606cris107|XD\n>chat \u2606asweduy|juego de la vrga\n>p1 move synthesis\n>p2 move thunderbolt\n>chat \u2606cris107|XDD\n>chat \u2606asweduy|PUTA MADRE\n>p1 switch 6\n>p1 move flamethrower\n>p2 move thunderbolt\n>p1 switch 3\n>p1 move knockoff\n>p2 move thunderwave\n>p2 switch 3\n>p1 move thunderwave\n>p2 move knockoff terastallize\n>p1 move thunderbolt\n>p2 move knockoff", "uploadtime": 1733853086, "views": 11, "formatid": "gen9randombattle", "rating": null, "private": 0, "password": null}