{"id": "gen9randombattle-2120167777", "format": "[Gen 9] Random Battle", "players": ["PokeChess", "tsm_noob"], "log": "|badge|p1|bronze|gen9randombattle|100-1\n|uhtml|medal-msg|<div class=\"broadcast-blue\">Curious what those medals under the avatar are? PS now has Ladder Seasons! For more information, check out the <a href=\"https://www.smogon.com/forums/threads/3740067/\">thread on Smogon.</a></div>\n|j|\u2606PokeChess\n|j|\u2606tsm_noob\n|t:|1715136066\n|gametype|singles\n|player|p1|PokeChess|cynthia-anime2|2303\n|player|p2|tsm_noob|1|2299\n|teamsize|p1|6\n|teamsize|p2|6\n|gen|9\n|tier|[Gen 9] Random Battle\n|rated|\n|rule|Species Clause: Limit one of each Pok\u00e9mon\n|rule|HP Percentage Mod: HP is shown in percentages\n|rule|Sleep Clause Mod: Limit one foe put to sleep\n|rule|Illusion Level Mod: Illusion disguises the Pok\u00e9mon's true level\n|\n|t:|1715136066\n|start\n|switch|p1a: Beartic|Beartic, L90, F|317/317\n|switch|p2a: Toucannon|Toucannon, L88, M|284/284\n|turn|1\n|\n|t:|1715136089\n|switch|p2a: Oinkologne|Oinkologne-F, L93, F|365/365\n|move|p1a: Beartic|Swords Dance|p1a: Beartic\n|-boost|p1a: Beartic|atk|2\n|\n|upkeep\n|turn|2\n|inactive|Battle timer is ON: inactive players will automatically lose when time's up. (requested by PokeChess)\n|\n|t:|1715136121\n|move|p2a: Oinkologne|Double-Edge|p1a: Beartic\n|-damage|p1a: Beartic|179/317\n|-damage|p2a: Oinkologne|319/365|[from] Recoil\n|move|p1a: Beartic|Close Combat|p2a: Oinkologne\n|-supereffective|p2a: Oinkologne\n|-damage|p2a: Oinkologne|0 fnt\n|-unboost|p1a: Beartic|def|1\n|-unboost|p1a: Beartic|spd|1\n|faint|p2a: Oinkologne\n|\n|upkeep\n|inactive|tsm_noob has 120 seconds left.\n|\n|t:|1715136164\n|switch|p2a: Hawlucha|Hawlucha, L80, M|256/256\n|turn|3\n|\n|t:|1715136189\n|move|p2a: Hawlucha|Close Combat|p1a: Beartic\n|-supereffective|p1a: Beartic\n|-damage|p1a: Beartic|0 fnt\n|-unboost|p2a: Hawlucha|def|1\n|-unboost|p2a: Hawlucha|spd|1\n|-enditem|p2a: Hawlucha|White Herb\n|-clearnegativeboost|p2a: Hawlucha|[silent]\n|faint|p1a: Beartic\n|\n|upkeep\n|inactive|PokeChess has 120 seconds left.\n|\n|t:|1715136205\n|switch|p1a: Slowking|Slowking, L88, F|310/310\n|turn|4\n|\n|t:|1715136219\n|switch|p2a: Roaring Moon|Roaring Moon, L73|274/274\n|-enditem|p2a: Roaring Moon|Booster Energy\n|-activate|p2a: Roaring Moon|ability: Protosynthesis|[fromitem]\n|-start|p2a: Roaring Moon|protosynthesisatk\n|move|p1a: Slowking|Thunder Wave|p2a: Roaring Moon\n|-status|p2a: Roaring Moon|par\n|\n|upkeep\n|turn|5\n|inactive|PokeChess has 120 seconds left.\n|\n|t:|1715136235\n|move|p2a: Roaring Moon|Knock Off|p1a: Slowking\n|-supereffective|p1a: Slowking\n|-damage|p1a: Slowking|10/310\n|-enditem|p1a: Slowking|Heavy-Duty Boots|[from] move: Knock Off|[of] p2a: Roaring Moon\n|move|p1a: Slowking|Chilly Reception|p1a: Slowking\n|-weather|Snow\n|inactive|PokeChess has 120 seconds left.\n|\n|t:|1715136250\n|switch|p1a: Mienshao|Mienshao, L83, M|244/244|[from] Chilly Reception\n|\n|-weather|Snow|[upkeep]\n|upkeep\n|turn|6\n|\n|t:|1715136266\n|-end|p2a: Roaring Moon|Protosynthesis|[silent]\n|switch|p2a: Hawlucha|Hawlucha, L80, M|256/256\n|move|p1a: Mienshao|Triple Axel|p2a: Hawlucha\n|-supereffective|p2a: Hawlucha\n|-damage|p2a: Hawlucha|207/256\n|-hitcount|p2a: Hawlucha|1\n|-damage|p1a: Mienshao|220/244|[from] item: Life Orb\n|\n|-weather|Snow|[upkeep]\n|upkeep\n|turn|7\n|c|\u2606PokeChess|lol\n|c|\u2606tsm_noob|tru\n|inactive|PokeChess has 90 seconds left.\n|\n|t:|1715136316\n|-terastallize|p1a: Mienshao|Dark\n|move|p2a: Hawlucha|Brave Bird|p1a: Mienshao\n|-damage|p1a: Mienshao|72/244\n|-damage|p2a: Hawlucha|158/256|[from] Recoil\n|move|p1a: Mienshao|Triple Axel|p2a: Hawlucha\n|-supereffective|p2a: Hawlucha\n|-crit|p2a: Hawlucha\n|-damage|p2a: Hawlucha|75/256\n|-supereffective|p2a: Hawlucha\n|-damage|p2a: Hawlucha|0 fnt\n|faint|p2a: Hawlucha\n|-hitcount|p2: Hawlucha|2\n|-damage|p1a: Mienshao|48/244|[from] item: Life Orb\n|\n|-weather|Snow|[upkeep]\n|upkeep\n|inactive|tsm_noob has 120 seconds left.\n|inactive|tsm_noob has 90 seconds left.\n|\n|t:|1715136390\n|switch|p2a: Blastoise|Blastoise, L80, M|258/258\n|turn|8\n|inactive|PokeChess has 60 seconds left.\n|\n|t:|1715136425\n|move|p1a: Mienshao|Knock Off|p2a: Blastoise\n|-damage|p2a: Blastoise|112/258\n|-enditem|p2a: Blastoise|White Herb|[from] move: Knock Off|[of] p1a: Mienshao\n|-damage|p1a: Mienshao|24/244|[from] item: Life Orb\n|move|p2a: Blastoise|Shell Smash|p2a: Blastoise\n|-unboost|p2a: Blastoise|def|1\n|-unboost|p2a: Blastoise|spd|1\n|-boost|p2a: Blastoise|atk|2\n|-boost|p2a: Blastoise|spa|2\n|-boost|p2a: Blastoise|spe|2\n|\n|-weather|Snow|[upkeep]\n|upkeep\n|turn|9\n|inactive|tsm_noob has 90 seconds left.\n|\n|t:|1715136441\n|move|p2a: Blastoise|Earthquake|p1a: Mienshao\n|-damage|p1a: Mienshao|0 fnt\n|faint|p1a: Mienshao\n|\n|-weather|none\n|upkeep\n|inactive|PokeChess has 30 seconds left.\n|\n|t:|1715136462\n|switch|p1a: Spectrier|Spectrier, L75|274/274\n|turn|10\n|\n|t:|1715136468\n|move|p2a: Blastoise|Hydro Pump|p1a: Spectrier\n|-damage|p1a: Spectrier|54/274\n|move|p1a: Spectrier|Shadow Ball|p2a: Blastoise\n|-damage|p2a: Blastoise|0 fnt\n|faint|p2a: Blastoise\n|-ability|p1a: Spectrier|Grim Neigh|boost\n|-boost|p1a: Spectrier|spa|1\n|\n|-heal|p1a: Spectrier|71/274|[from] item: Leftovers\n|upkeep\n|\n|t:|1715136475\n|switch|p2a: Toucannon|Toucannon, L88, M|284/284\n|turn|11\n|\n|t:|1715136484\n|move|p1a: Spectrier|Tera Blast|p2a: Toucannon\n|-damage|p2a: Toucannon|189/284\n|move|p2a: Toucannon|Bullet Seed|p1a: Spectrier\n|-damage|p1a: Spectrier|35/274\n|-damage|p1a: Spectrier|0 fnt\n|faint|p1a: Spectrier\n|-hitcount|p1: Spectrier|2\n|\n|upkeep\n|\n|t:|1715136502\n|switch|p1a: Feraligatr|Feraligatr, L80, F|267/267\n|turn|12\n|\n|t:|1715136509\n|-singleturn|p2a: Toucannon|move: Beak Blast\n|move|p1a: Feraligatr|Dragon Dance|p1a: Feraligatr\n|-boost|p1a: Feraligatr|atk|1\n|-boost|p1a: Feraligatr|spe|1\n|move|p2a: Toucannon|Beak Blast|p1a: Feraligatr\n|-damage|p1a: Feraligatr|140/267\n|\n|upkeep\n|turn|13\n|\n|t:|1715136516\n|-singleturn|p2a: Toucannon|move: Beak Blast\n|move|p1a: Feraligatr|Liquidation|p2a: Toucannon\n|-damage|p2a: Toucannon|0 fnt\n|-status|p1a: Feraligatr|brn\n|faint|p2a: Toucannon\n|\n|-damage|p1a: Feraligatr|124/267 brn|[from] brn\n|upkeep\n|j| oracio7420\n|\n|t:|1715136523\n|switch|p2a: Roaring Moon|Roaring Moon, L73|274/274 par\n|turn|14\n|inactive|PokeChess has 60 seconds left.\n|\n|t:|1715136529\n|move|p1a: Feraligatr|Ice Punch|p2a: Roaring Moon\n|-supereffective|p2a: Roaring Moon\n|-damage|p2a: Roaring Moon|105/274 par\n|move|p2a: Roaring Moon|Knock Off|p1a: Feraligatr\n|-damage|p1a: Feraligatr|27/267 brn\n|-enditem|p1a: Feraligatr|Life Orb|[from] move: Knock Off|[of] p2a: Roaring Moon\n|\n|-damage|p1a: Feraligatr|11/267 brn|[from] brn\n|upkeep\n|turn|15\n|\n|t:|1715136537\n|move|p1a: Feraligatr|Ice Punch|p2a: Roaring Moon\n|-supereffective|p2a: Roaring Moon\n|-damage|p2a: Roaring Moon|0 fnt\n|faint|p2a: Roaring Moon\n|-end|p2a: Roaring Moon|Protosynthesis|[silent]\n|\n|-damage|p1a: Feraligatr|0 fnt|[from] brn\n|faint|p1a: Feraligatr\n|upkeep\n|\n|t:|1715136544\n|switch|p2a: Iron Hands|Iron Hands, L79|373/373\n|switch|p1a: Koraidon|Koraidon, L64|235/235\n|-weather|SunnyDay|[from] ability: Orichalcum Pulse|[of] p1a: Koraidon\n|-activate|p1a: Koraidon|Orichalcum Pulse|[source]\n|turn|16\n|\n|t:|1715136559\n|move|p1a: Koraidon|Flare Blitz|p2a: Iron Hands\n|-damage|p2a: Iron Hands|206/373\n|-damage|p1a: Koraidon|180/235|[from] Recoil\n|move|p2a: Iron Hands|Swords Dance|p2a: Iron Hands\n|-boost|p2a: Iron Hands|atk|2\n|\n|-weather|SunnyDay|[upkeep]\n|-heal|p2a: Iron Hands|229/373|[from] item: Leftovers\n|upkeep\n|turn|17\n|\n|t:|1715136564\n|move|p1a: Koraidon|Flare Blitz|p2a: Iron Hands\n|-damage|p2a: Iron Hands|37/373\n|-damage|p1a: Koraidon|117/235|[from] Recoil\n|move|p2a: Iron Hands|Drain Punch|p1a: Koraidon\n|-damage|p1a: Koraidon|0 fnt\n|-heal|p2a: Iron Hands|96/373|[from] drain|[of] p1a: Koraidon\n|faint|p1a: Koraidon\n|\n|-weather|SunnyDay|[upkeep]\n|-heal|p2a: Iron Hands|119/373|[from] item: Leftovers\n|upkeep\n|\n|t:|1715136567\n|switch|p1a: Slowking|Slowking, L88, F|113/310\n|turn|18\n|\n|t:|1715136575\n|-terastallize|p2a: Iron Hands|Steel\n|move|p2a: Iron Hands|Thunder Punch|p1a: Slowking\n|-supereffective|p1a: Slowking\n|-damage|p1a: Slowking|0 fnt\n|faint|p1a: Slowking\n|\n|win|tsm_noob\n|raw|PokeChess's rating: 2303 &rarr; <strong>2283</strong><br />(-20 for losing)\n|raw|tsm_noob's rating: 2299 &rarr; <strong>2319</strong><br />(+20 for winning)\n", "inputlog": ">version d87f45fad9b955c6072adc425367687e8a017379\n>start {\"formatid\":\"gen9randombattle\",\"seed\":[16977,45941,9119,58692],\"rated\":\"Rated battle\"}\n>player p1 {\"name\":\"PokeChess\",\"avatar\":\"cynthia-anime2\",\"rating\":2303,\"seed\":[4325,2154,42840,24466]}\n>player p2 {\"name\":\"tsm_noob\",\"avatar\":\"1\",\"rating\":2299,\"seed\":[25766,62545,40124,22445]}\n>p1 move swordsdance\n>p2 switch 2\n>p1 move closecombat\n>p2 move doubleedge\n>p2 switch 4\n>p1 move iciclecrash\n>p2 move closecombat\n>p1 switch 6\n>p1 move thunderwave\n>p2 switch 5\n>p1 move chillyreception\n>p2 move knockoff\n>p1 switch 3\n>p1 move tripleaxel\n>p2 switch 5\n>chat \u2606PokeChess|lol\n>chat \u2606tsm_noob|tru\n>p1 move tripleaxel terastallize\n>p2 move bravebird\n>p2 switch 3\n>p1 move knockoff\n>p2 move shellsmash\n>p1 move closecombat\n>p2 move earthquake\n>p1 switch 4\n>p1 move shadowball\n>p2 move hydropump\n>p2 switch 2\n>p1 move terablast\n>p2 move bulletseed\n>p1 switch 5\n>p1 move dragondance\n>p2 move beakblast\n>p1 move liquidation\n>p2 move beakblast\n>p2 switch 5\n>p1 move icepunch\n>p2 move knockoff\n>p1 move icepunch\n>p2 move knockoff\n>p1 switch 2\n>p2 switch 6\n>p1 move flareblitz\n>p2 move swordsdance\n>p1 move flareblitz\n>p2 move drainpunch\n>p1 switch 3\n>p1 move scald\n>p2 move thunderpunch terastallize", "uploadtime": 1715136579, "views": 230, "formatid": "gen9randombattle", "rating": 2283, "private": 0, "password": null}