{"id": "gen9randombattle-2171710260", "format": "[Gen 9] Random Battle", "players": ["Qiuescent", "Thetass"], "log": "|j|\u203dQiuescent\n|j|\u2606Thetass\n|t:|1722561924\n|gametype|singles\n|player|p1|Qiuescent|265|2248\n|player|p2|Thetass|265|2220\n|teamsize|p1|6\n|teamsize|p2|6\n|gen|9\n|tier|[Gen 9] Random Battle\n|rated|\n|rule|Species Clause: Limit one of each Pok\u00e9mon\n|rule|HP Percentage Mod: HP is shown in percentages\n|rule|Sleep Clause Mod: Limit one foe put to sleep\n|rule|Illusion Level Mod: Illusion disguises the Pok\u00e9mon's true level\n|\n|t:|1722561924\n|start\n|switch|p1a: Noivern|Noivern, L82, F|274/274\n|switch|p2a: Flapple|Flapple, L88, F|266/266\n|turn|1\n|inactive|Battle timer is ON: inactive players will automatically lose when time's up. (requested by Qiuescent)\n|\n|t:|1722561951\n|move|p1a: Noivern|U-turn|p2a: Flapple\n|-supereffective|p2a: Flapple\n|-damage|p2a: Flapple|182/266\n|\n|t:|1722561960\n|switch|p1a: Primarina|Primarina, L83, M|268/268|[from] U-turn\n|move|p2a: Flapple|Dragon Dance|p2a: Flapple\n|-boost|p2a: Flapple|atk|1\n|-boost|p2a: Flapple|spe|1\n|\n|upkeep\n|turn|2\n|\n|t:|1722561964\n|switch|p1a: Qwilfish|Qwilfish, L86, F|252/252\n|-ability|p1a: Qwilfish|Intimidate|boost\n|-unboost|p2a: Flapple|atk|1\n|move|p2a: Flapple|Grav Apple|p1a: Qwilfish|[miss]\n|-miss|p2a: Flapple|p1a: Qwilfish\n|\n|upkeep\n|turn|3\n|\n|t:|1722561968\n|move|p2a: Flapple|Grav Apple|p1a: Qwilfish|[miss]\n|-miss|p2a: Flapple|p1a: Qwilfish\n|move|p1a: Qwilfish|Gunk Shot|p2a: Flapple\n|-supereffective|p2a: Flapple\n|-damage|p2a: Flapple|0 fnt\n|faint|p2a: Flapple\n|\n|upkeep\n|j| nobtsnob\n|\n|t:|1722561981\n|switch|p2a: Porygon-Z|Porygon-Z, L83|277/277\n|-ability|p2a: Porygon-Z|Download|boost\n|-boost|p2a: Porygon-Z|spa|1\n|turn|4\n|\n|t:|1722561987\n|switch|p1a: Spiritomb|Spiritomb, L90, F|236/236\n|move|p2a: Porygon-Z|Thunderbolt|p1a: Spiritomb\n|-damage|p1a: Spiritomb|101/236\n|-damage|p2a: Porygon-Z|250/277|[from] item: Life Orb\n|\n|-heal|p1a: Spiritomb|115/236|[from] item: Leftovers\n|upkeep\n|turn|5\n|\n|t:|1722561994\n|switch|p1a: Rotom|Rotom-Heat, L83|219/219\n|move|p2a: Porygon-Z|Ice Beam|p1a: Rotom\n|-resisted|p1a: Rotom\n|-damage|p1a: Rotom|149/219\n|-status|p1a: Rotom|frz\n|-damage|p2a: Porygon-Z|223/277|[from] item: Life Orb\n|\n|upkeep\n|turn|6\n|\n|t:|1722561998\n|move|p2a: Porygon-Z|Nasty Plot|p2a: Porygon-Z\n|-boost|p2a: Porygon-Z|spa|2\n|-curestatus|p1a: Rotom|frz|[msg]\n|move|p1a: Rotom|Overheat|p2a: Porygon-Z\n|-damage|p2a: Porygon-Z|58/277\n|-unboost|p1a: Rotom|spa|2\n|\n|upkeep\n|turn|7\n|\n|t:|1722562003\n|switch|p1a: Spiritomb|Spiritomb, L90, F|115/236\n|move|p2a: Porygon-Z|Thunderbolt|p1a: Spiritomb\n|-damage|p1a: Spiritomb|0 fnt\n|faint|p1a: Spiritomb\n|-damage|p2a: Porygon-Z|31/277|[from] item: Life Orb\n|\n|upkeep\n|\n|t:|1722562004\n|switch|p1a: Cyclizar|Cyclizar, L83, F|252/252\n|turn|8\n|\n|t:|1722562007\n|move|p1a: Cyclizar|Knock Off|p2a: Porygon-Z\n|-damage|p2a: Porygon-Z|0 fnt\n|-enditem|p2a: Porygon-Z|Life Orb|[from] move: Knock Off|[of] p1a: Cyclizar\n|faint|p2a: Porygon-Z\n|\n|upkeep\n|\n|t:|1722562010\n|switch|p2a: Ribombee|Ribombee, L82, F|233/233\n|turn|9\n|\n|t:|1722562017\n|switch|p1a: Qwilfish|Qwilfish, L86, F|252/252\n|-ability|p1a: Qwilfish|Intimidate|boost\n|-unboost|p2a: Ribombee|atk|1\n|move|p2a: Ribombee|Stun Spore|p1a: Qwilfish\n|-status|p1a: Qwilfish|par\n|\n|upkeep\n|turn|10\n|\n|t:|1722562021\n|move|p2a: Ribombee|U-turn|p1a: Qwilfish\n|-resisted|p1a: Qwilfish\n|-damage|p1a: Qwilfish|236/252 par\n|\n|t:|1722562022\n|switch|p2a: Qwilfish|Qwilfish-Hisui, L83, F|244/244|[from] U-turn\n|-ability|p2a: Qwilfish|Intimidate|boost\n|-unboost|p1a: Qwilfish|atk|1\n|move|p1a: Qwilfish|Gunk Shot|p2a: Qwilfish\n|-resisted|p2a: Qwilfish\n|-damage|p2a: Qwilfish|214/244\n|\n|-heal|p1a: Qwilfish|251/252 par|[from] item: Leftovers\n|upkeep\n|turn|11\n|l| nobtsnob\n|\n|t:|1722562043\n|switch|p1a: Cyclizar|Cyclizar, L83, F|252/252\n|move|p2a: Qwilfish|Taunt|p1a: Cyclizar\n|-start|p1a: Cyclizar|move: Taunt\n|\n|upkeep\n|turn|12\n|\n|t:|1722562047\n|move|p1a: Cyclizar|Knock Off|p2a: Qwilfish\n|-resisted|p2a: Qwilfish\n|-damage|p2a: Qwilfish|190/244\n|-enditem|p2a: Qwilfish|Eviolite|[from] move: Knock Off|[of] p1a: Cyclizar\n|move|p2a: Qwilfish|Gunk Shot|p1a: Cyclizar|[miss]\n|-miss|p2a: Qwilfish|p1a: Cyclizar\n|\n|upkeep\n|turn|13\n|\n|t:|1722562050\n|move|p1a: Cyclizar|Draco Meteor|p2a: Qwilfish\n|-damage|p2a: Qwilfish|21/244\n|-unboost|p1a: Cyclizar|spa|2\n|move|p2a: Qwilfish|Gunk Shot|p1a: Cyclizar\n|-damage|p1a: Cyclizar|110/252\n|\n|-end|p1a: Cyclizar|move: Taunt\n|upkeep\n|turn|14\n|\n|t:|1722562054\n|switch|p2a: Ribombee|Ribombee, L82, F|233/233\n|move|p1a: Cyclizar|Rapid Spin|p2a: Ribombee\n|-damage|p2a: Ribombee|161/233\n|-boost|p1a: Cyclizar|spe|1\n|\n|upkeep\n|turn|15\n|\n|t:|1722562058\n|switch|p1a: Qwilfish|Qwilfish, L86, F|251/252 par\n|-ability|p1a: Qwilfish|Intimidate|boost\n|-unboost|p2a: Ribombee|atk|1\n|move|p2a: Ribombee|Moonblast|p1a: Qwilfish\n|-resisted|p1a: Qwilfish\n|-damage|p1a: Qwilfish|185/252 par\n|\n|-heal|p1a: Qwilfish|200/252 par|[from] item: Leftovers\n|upkeep\n|turn|16\n|\n|t:|1722562062\n|move|p2a: Ribombee|U-turn|p1a: Qwilfish\n|-resisted|p1a: Qwilfish\n|-damage|p1a: Qwilfish|182/252 par\n|\n|t:|1722562064\n|switch|p2a: Qwilfish|Qwilfish-Hisui, L83, F|21/244|[from] U-turn\n|-ability|p2a: Qwilfish|Intimidate|boost\n|-unboost|p1a: Qwilfish|atk|1\n|move|p1a: Qwilfish|Waterfall|p2a: Qwilfish\n|-damage|p2a: Qwilfish|0 fnt\n|faint|p2a: Qwilfish\n|\n|-heal|p1a: Qwilfish|197/252 par|[from] item: Leftovers\n|upkeep\n|\n|t:|1722562066\n|switch|p2a: Gumshoos|Gumshoos, L95, M|321/321\n|turn|17\n|\n|t:|1722562087\n|move|p2a: Gumshoos|Double-Edge|p1a: Qwilfish\n|-damage|p1a: Qwilfish|0 fnt\n|faint|p1a: Qwilfish\n|-damage|p2a: Gumshoos|256/321|[from] Recoil\n|\n|upkeep\n|\n|t:|1722562098\n|switch|p1a: Cyclizar|Cyclizar, L83, F|194/252\n|turn|18\n|\n|t:|1722562102\n|move|p1a: Cyclizar|Draco Meteor|p2a: Gumshoos\n|-damage|p2a: Gumshoos|118/321\n|-unboost|p1a: Cyclizar|spa|2\n|move|p2a: Gumshoos|Double-Edge|p1a: Cyclizar\n|-damage|p1a: Cyclizar|0 fnt\n|faint|p1a: Cyclizar\n|-damage|p2a: Gumshoos|54/321|[from] Recoil\n|\n|upkeep\n|\n|t:|1722562106\n|switch|p1a: Rotom|Rotom-Heat, L83|149/219\n|turn|19\n|\n|t:|1722562111\n|move|p1a: Rotom|Thunderbolt|p2a: Gumshoos\n|-damage|p2a: Gumshoos|0 fnt\n|faint|p2a: Gumshoos\n|\n|upkeep\n|\n|t:|1722562115\n|switch|p2a: Shiftry|Shiftry, L89, M|305/305\n|turn|20\n|\n|t:|1722562121\n|-terastallize|p2a: Shiftry|Dark\n|move|p2a: Shiftry|Knock Off|p1a: Rotom\n|-damage|p1a: Rotom|5/219\n|-enditem|p1a: Rotom|Heavy-Duty Boots|[from] move: Knock Off|[of] p2a: Shiftry\n|move|p1a: Rotom|Will-O-Wisp|p2a: Shiftry\n|-status|p2a: Shiftry|brn\n|\n|-damage|p2a: Shiftry|286/305 brn|[from] brn\n|upkeep\n|turn|21\n|\n|t:|1722562126\n|move|p2a: Shiftry|Knock Off|p1a: Rotom\n|-damage|p1a: Rotom|0 fnt\n|faint|p1a: Rotom\n|\n|-damage|p2a: Shiftry|267/305 brn|[from] brn\n|upkeep\n|\n|t:|1722562129\n|switch|p1a: Noivern|Noivern, L82, F|274/274\n|turn|22\n|\n|t:|1722562133\n|move|p1a: Noivern|Hurricane|p2a: Shiftry\n|-ability|p2a: Shiftry|Wind Rider|boost\n|-boost|p2a: Shiftry|atk|1\n|move|p2a: Shiftry|Leaf Storm|p1a: Noivern\n|-resisted|p1a: Noivern\n|-crit|p1a: Noivern\n|-damage|p1a: Noivern|213/274\n|-unboost|p2a: Shiftry|spa|2\n|\n|-damage|p2a: Shiftry|248/305 brn|[from] brn\n|upkeep\n|turn|23\n|\n|t:|1722562139\n|switch|p1a: Primarina|Primarina, L83, M|268/268\n|move|p2a: Shiftry|Knock Off|p1a: Primarina\n|-resisted|p1a: Primarina\n|-damage|p1a: Primarina|198/268\n|-enditem|p1a: Primarina|Leftovers|[from] move: Knock Off|[of] p2a: Shiftry\n|\n|-damage|p2a: Shiftry|229/305 brn|[from] brn\n|upkeep\n|turn|24\n|\n|t:|1722562142\n|switch|p1a: Noivern|Noivern, L82, F|213/274\n|move|p2a: Shiftry|Leaf Storm|p1a: Noivern\n|-resisted|p1a: Noivern\n|-damage|p1a: Noivern|192/274\n|-unboost|p2a: Shiftry|spa|2\n|\n|-damage|p2a: Shiftry|210/305 brn|[from] brn\n|upkeep\n|turn|25\n|\n|t:|1722562146\n|move|p2a: Shiftry|Sucker Punch|p1a: Noivern\n|-damage|p1a: Noivern|97/274\n|move|p1a: Noivern|Draco Meteor|p2a: Shiftry\n|-damage|p2a: Shiftry|0 fnt\n|-unboost|p1a: Noivern|spa|2\n|faint|p2a: Shiftry\n|\n|upkeep\n|\n|t:|1722562149\n|switch|p2a: Ribombee|Ribombee, L82, F|161/233\n|turn|26\n|\n|t:|1722562151\n|move|p2a: Ribombee|Moonblast|p1a: Noivern\n|-supereffective|p1a: Noivern\n|-damage|p1a: Noivern|0 fnt\n|faint|p1a: Noivern\n|\n|upkeep\n|\n|t:|1722562152\n|switch|p1a: Primarina|Primarina, L83, M|198/268\n|turn|27\n|\n|t:|1722562158\n|-terastallize|p1a: Primarina|Steel\n|move|p2a: Ribombee|Stun Spore|p1a: Primarina|[miss]\n|-miss|p2a: Ribombee|p1a: Primarina\n|move|p1a: Primarina|Sparkling Aria|p2a: Ribombee\n|-damage|p2a: Ribombee|28/233\n|\n|upkeep\n|turn|28\n|\n|t:|1722562162\n|move|p2a: Ribombee|Stun Spore|p1a: Primarina\n|-status|p1a: Primarina|par\n|cant|p1a: Primarina|par\n|\n|upkeep\n|turn|29\n|\n|t:|1722562164\n|move|p2a: Ribombee|Moonblast|p1a: Primarina\n|-resisted|p1a: Primarina\n|-damage|p1a: Primarina|158/268 par\n|cant|p1a: Primarina|par\n|\n|upkeep\n|turn|30\n|\n|t:|1722562165\n|move|p2a: Ribombee|Moonblast|p1a: Primarina\n|-resisted|p1a: Primarina\n|-damage|p1a: Primarina|121/268 par\n|-unboost|p1a: Primarina|spa|1\n|cant|p1a: Primarina|par\n|\n|upkeep\n|turn|31\n|\n|t:|1722562167\n|move|p2a: Ribombee|Moonblast|p1a: Primarina\n|-resisted|p1a: Primarina\n|-damage|p1a: Primarina|83/268 par\n|-unboost|p1a: Primarina|spa|1\n|cant|p1a: Primarina|par\n|\n|upkeep\n|turn|32\n|\n|t:|1722562169\n|move|p2a: Ribombee|Moonblast|p1a: Primarina\n|-resisted|p1a: Primarina\n|-damage|p1a: Primarina|44/268 par\n|move|p1a: Primarina|Sparkling Aria|p2a: Ribombee\n|-damage|p2a: Ribombee|0 fnt\n|faint|p2a: Ribombee\n|\n|win|Qiuescent\n|raw|Qiuescent's rating: 2248 &rarr; <strong>2266</strong><br />(+18 for winning)\n|raw|Thetass's rating: 2220 &rarr; <strong>2202</strong><br />(-18 for losing)\n|l|\u2606Thetass\n|player|p2|\n", "inputlog": ">version e66e1d7af7b5f5c550f216cd34fa31304608199c\n>start {\"formatid\":\"gen9randombattle\",\"seed\":[54004,61336,51884,14683],\"rated\":\"Rated battle\"}\n>player p1 {\"name\":\"Qiuescent\",\"avatar\":\"265\",\"rating\":2248,\"seed\":[39354,32657,45459,53020]}\n>player p2 {\"name\":\"Thetass\",\"avatar\":\"265\",\"rating\":2220,\"seed\":[25518,19064,54109,55841]}\n>p1 move uturn\n>p2 move dragondance\n>p1 switch 3\n>p1 switch 4\n>p2 move gravapple\n>p1 move gunkshot\n>p2 move gravapple\n>p2 switch 6\n>p1 switch 6\n>p2 move thunderbolt\n>p1 switch 5\n>p2 move icebeam\n>p1 move overheat\n>p2 move nastyplot\n>p1 switch 5\n>p2 move thunderbolt\n>p1 switch 2\n>p1 move knockoff\n>p2 move icebeam\n>p2 switch 2\n>p1 switch 6\n>p2 move stunspore\n>p1 move gunkshot\n>p2 move uturn\n>p2 switch 4\n>p1 switch 6\n>p2 move taunt\n>p1 move knockoff\n>p2 move gunkshot\n>p1 move dracometeor\n>p2 move gunkshot\n>p1 move rapidspin\n>p2 switch 4\n>p1 switch 6\n>p2 move moonblast\n>p1 move waterfall\n>p2 move uturn\n>p2 switch 4\n>p2 switch 5\n>p1 move toxicspikes\n>p2 move doubleedge\n>p1 switch 6\n>p1 move dracometeor\n>p2 move doubleedge\n>p1 switch 5\n>p1 move thunderbolt\n>p2 move doubleedge\n>p2 switch 3\n>p1 move willowisp\n>p2 move knockoff terastallize\n>p1 move thunderbolt\n>p2 move knockoff\n>p1 switch 3\n>p1 move hurricane\n>p2 move leafstorm\n>p1 switch 4\n>p2 move knockoff\n>p1 switch 4\n>p2 move leafstorm\n>p1 move dracometeor\n>p2 move suckerpunch\n>p2 switch 4\n>p1 move dracometeor\n>p2 move moonblast\n>p1 switch 4\n>p1 move sparklingaria terastallize\n>p2 move stunspore\n>p1 move sparklingaria\n>p2 move stunspore\n>p1 move sparklingaria\n>p2 move moonblast\n>p1 move sparklingaria\n>p2 move moonblast\n>p1 move sparklingaria\n>p2 move moonblast\n>p1 move sparklingaria\n>p2 move moonblast", "uploadtime": 1722562176, "views": 141, "formatid": "gen9randombattle", "rating": 2202, "private": 0, "password": null}