{"id": "gen9randombattle-2259785455", "format": "[Gen 9] Random Battle", "players": ["jdvsdkdnd", "Kdkdbsnsjskhyk"], "log": "|j|\u2606jdvsdkdnd\n|j|\u2606Kdkdbsnsjskhyk\n|t:|1733766505\n|gametype|singles\n|player|p1|jdvsdkdnd|266|1040\n|player|p2|Kdkdbsnsjskhyk|101|1045\n|teamsize|p1|6\n|teamsize|p2|6\n|gen|9\n|tier|[Gen 9] Random Battle\n|rated|\n|rule|Species Clause: Limit one of each Pok\u00e9mon\n|rule|HP Percentage Mod: HP is shown in percentages\n|rule|Sleep Clause Mod: Limit one foe put to sleep\n|rule|Illusion Level Mod: Illusion disguises the Pok\u00e9mon's true level\n|\n|t:|1733766505\n|start\n|switch|p1a: Iron Treads|Iron Treads, L77|265/265\n|switch|p2a: Wugtrio|Wugtrio, L91, F|212/212\n|turn|1\n|inactive|Battle timer is ON: inactive players will automatically lose when time's up. (requested by Kdkdbsnsjskhyk)\n|\n|t:|1733766518\n|-end|p1a: Iron Treads|Quark Drive|[silent]\n|switch|p1a: Slowbro|Slowbro, L85, F|300/300\n|move|p2a: Wugtrio|Liquidation|p1a: Slowbro\n|-resisted|p1a: Slowbro\n|-damage|p1a: Slowbro|237/300\n|\n|-heal|p1a: Slowbro|255/300|[from] item: Leftovers\n|upkeep\n|turn|2\n|\n|t:|1733766532\n|switch|p2a: Wigglytuff|Wigglytuff, L96, F|424/424\n|move|p1a: Slowbro|Scald|p2a: Wigglytuff\n|-damage|p2a: Wigglytuff|300/424\n|\n|-heal|p2a: Wigglytuff|326/424|[from] item: Leftovers\n|-heal|p1a: Slowbro|273/300|[from] item: Leftovers\n|upkeep\n|turn|3\n|\n|t:|1733766541\n|switch|p1a: Iron Treads|Iron Treads, L77|265/265\n|move|p2a: Wigglytuff|Knock Off|p1a: Iron Treads\n|-damage|p1a: Iron Treads|203/265\n|-enditem|p1a: Iron Treads|Assault Vest|[from] move: Knock Off|[of] p2a: Wigglytuff\n|\n|-heal|p2a: Wigglytuff|352/424|[from] item: Leftovers\n|upkeep\n|turn|4\n|\n|t:|1733766547\n|move|p1a: Iron Treads|Earthquake|p2a: Wigglytuff\n|-damage|p2a: Wigglytuff|207/424\n|move|p2a: Wigglytuff|Wish|p2a: Wigglytuff\n|\n|-heal|p2a: Wigglytuff|233/424|[from] item: Leftovers\n|upkeep\n|turn|5\n|\n|t:|1733766556\n|switch|p2a: Volcarona|Volcarona, L77, M|257/257\n|move|p1a: Iron Treads|Knock Off|p2a: Volcarona\n|-damage|p2a: Volcarona|175/257\n|-enditem|p2a: Volcarona|Heavy-Duty Boots|[from] move: Knock Off|[of] p1a: Iron Treads\n|\n|-heal|p2a: Volcarona|257/257|[from] move: Wish|[wisher] Wigglytuff\n|upkeep\n|turn|6\n|\n|t:|1733766570\n|-end|p1a: Iron Treads|Quark Drive|[silent]\n|switch|p1a: Groudon|Groudon, L72|263/263\n|-weather|SunnyDay|[from] ability: Drought|[of] p1a: Groudon\n|move|p2a: Volcarona|Quiver Dance|p2a: Volcarona\n|-boost|p2a: Volcarona|spa|1\n|-boost|p2a: Volcarona|spd|1\n|-boost|p2a: Volcarona|spe|1\n|\n|-weather|SunnyDay|[upkeep]\n|upkeep\n|turn|7\n|\n|t:|1733766581\n|-terastallize|p2a: Volcarona|Water\n|-terastallize|p1a: Groudon|Fire\n|move|p2a: Volcarona|Quiver Dance|p2a: Volcarona\n|-boost|p2a: Volcarona|spa|1\n|-boost|p2a: Volcarona|spd|1\n|-boost|p2a: Volcarona|spe|1\n|move|p1a: Groudon|Heat Crash|p2a: Volcarona\n|-resisted|p2a: Volcarona\n|-damage|p2a: Volcarona|126/257\n|\n|-weather|SunnyDay|[upkeep]\n|upkeep\n|turn|8\n|\n|t:|1733766595\n|move|p2a: Volcarona|Tera Blast|p1a: Groudon|[anim] Tera Blast Water\n|-supereffective|p1a: Groudon\n|-damage|p1a: Groudon|47/263\n|move|p1a: Groudon|Heat Crash|p2a: Volcarona\n|-resisted|p2a: Volcarona\n|-damage|p2a: Volcarona|0 fnt\n|faint|p2a: Volcarona\n|\n|-weather|SunnyDay|[upkeep]\n|-heal|p1a: Groudon|63/263|[from] item: Leftovers\n|upkeep\n|\n|t:|1733766602\n|switch|p2a: Girafarig|Girafarig, L89, M|269/269\n|turn|9\n|\n|t:|1733766608\n|switch|p1a: Iron Treads|Iron Treads, L77|203/265\n|move|p2a: Girafarig|Psychic|p1a: Iron Treads\n|-resisted|p1a: Iron Treads\n|-damage|p1a: Iron Treads|137/265\n|\n|-weather|SunnyDay|[upkeep]\n|upkeep\n|turn|10\n|\n|t:|1733766616\n|move|p1a: Iron Treads|Knock Off|p2a: Girafarig\n|-supereffective|p2a: Girafarig\n|-damage|p2a: Girafarig|157/269\n|-enditem|p2a: Girafarig|Eviolite|[from] move: Knock Off|[of] p1a: Iron Treads\n|move|p2a: Girafarig|Nasty Plot|p2a: Girafarig\n|-boost|p2a: Girafarig|spa|2\n|\n|-weather|none\n|upkeep\n|turn|11\n|\n|t:|1733766624\n|move|p1a: Iron Treads|Earthquake|p2a: Girafarig\n|-damage|p2a: Girafarig|42/269\n|move|p2a: Girafarig|Psychic|p1a: Iron Treads\n|-resisted|p1a: Iron Treads\n|-damage|p1a: Iron Treads|4/265\n|\n|upkeep\n|turn|12\n|\n|t:|1733766637\n|move|p1a: Iron Treads|Knock Off|p2a: Girafarig\n|-supereffective|p2a: Girafarig\n|-damage|p2a: Girafarig|0 fnt\n|faint|p2a: Girafarig\n|\n|upkeep\n|\n|t:|1733766638\n|switch|p2a: Wugtrio|Wugtrio, L91, F|212/212\n|turn|13\n|\n|t:|1733766644\n|move|p2a: Wugtrio|Throat Chop|p1a: Iron Treads\n|-damage|p1a: Iron Treads|0 fnt\n|faint|p1a: Iron Treads\n|-end|p1a: Iron Treads|Quark Drive|[silent]\n|\n|upkeep\n|\n|t:|1733766649\n|switch|p1a: Breloom|Breloom, L82, F|233/233\n|turn|14\n|\n|t:|1733766653\n|switch|p2a: Dragalge|Dragalge, L88, M|258/258\n|move|p1a: Breloom|Swords Dance|p1a: Breloom\n|-boost|p1a: Breloom|atk|2\n|\n|upkeep\n|turn|15\n|\n|t:|1733766657\n|move|p1a: Breloom|Rock Tomb|p2a: Dragalge\n|-damage|p2a: Dragalge|85/258\n|-unboost|p2a: Dragalge|spe|1\n|-damage|p1a: Breloom|210/233|[from] item: Life Orb\n|move|p2a: Dragalge|Sludge Wave|p1a: Breloom\n|-supereffective|p1a: Breloom\n|-damage|p1a: Breloom|0 fnt\n|faint|p1a: Breloom\n|\n|upkeep\n|\n|t:|1733766670\n|switch|p1a: Groudon|Groudon, L72, tera:Fire|63/263\n|-weather|SunnyDay|[from] ability: Drought|[of] p1a: Groudon\n|turn|16\n|\n|t:|1733766674\n|move|p1a: Groudon|Precipice Blades|p2a: Dragalge\n|-supereffective|p2a: Dragalge\n|-damage|p2a: Dragalge|0 fnt\n|faint|p2a: Dragalge\n|\n|-weather|SunnyDay|[upkeep]\n|-heal|p1a: Groudon|79/263|[from] item: Leftovers\n|upkeep\n|\n|t:|1733766681\n|switch|p2a: Wugtrio|Wugtrio, L91, F|212/212\n|turn|17\n|\n|t:|1733766683\n|switch|p1a: Slowbro|Slowbro, L85, F|300/300\n|move|p2a: Wugtrio|Throat Chop|p1a: Slowbro\n|-supereffective|p1a: Slowbro\n|-damage|p1a: Slowbro|116/300\n|-start|p1a: Slowbro|Throat Chop|[silent]\n|\n|-weather|SunnyDay|[upkeep]\n|-heal|p1a: Slowbro|134/300|[from] item: Leftovers\n|upkeep\n|turn|18\n|\n|t:|1733766686\n|switch|p1a: Suicune|Suicune, L82|298/298\n|-ability|p1a: Suicune|Pressure\n|move|p2a: Wugtrio|Throat Chop|p1a: Suicune\n|-damage|p1a: Suicune|210/298\n|-start|p1a: Suicune|Throat Chop|[silent]\n|\n|-weather|SunnyDay|[upkeep]\n|-heal|p1a: Suicune|228/298|[from] item: Leftovers\n|upkeep\n|turn|19\n|\n|t:|1733766692\n|switch|p2a: Wigglytuff|Wigglytuff, L96, F|233/424\n|move|p1a: Suicune|Calm Mind|p1a: Suicune\n|-boost|p1a: Suicune|spa|1\n|-boost|p1a: Suicune|spd|1\n|\n|-weather|SunnyDay|[upkeep]\n|-heal|p1a: Suicune|246/298|[from] item: Leftovers\n|-heal|p2a: Wigglytuff|259/424|[from] item: Leftovers\n|-end|p1a: Suicune|Throat Chop|[silent]\n|upkeep\n|turn|20\n|\n|t:|1733766695\n|move|p1a: Suicune|Calm Mind|p1a: Suicune\n|-boost|p1a: Suicune|spa|1\n|-boost|p1a: Suicune|spd|1\n|move|p2a: Wigglytuff|Knock Off|p1a: Suicune\n|-damage|p1a: Suicune|191/298\n|-enditem|p1a: Suicune|Leftovers|[from] move: Knock Off|[of] p2a: Wigglytuff\n|\n|-weather|none\n|-heal|p2a: Wigglytuff|285/424|[from] item: Leftovers\n|upkeep\n|turn|21\n|\n|t:|1733766698\n|move|p1a: Suicune|Calm Mind|p1a: Suicune\n|-boost|p1a: Suicune|spa|1\n|-boost|p1a: Suicune|spd|1\n|move|p2a: Wigglytuff|Wish|p2a: Wigglytuff\n|\n|-heal|p2a: Wigglytuff|311/424|[from] item: Leftovers\n|upkeep\n|turn|22\n|\n|t:|1733766702\n|switch|p2a: Polteageist|Polteageist-Antique, L79|224/224\n|move|p1a: Suicune|Calm Mind|p1a: Suicune\n|-boost|p1a: Suicune|spa|1\n|-boost|p1a: Suicune|spd|1\n|\n|upkeep\n|turn|23\n|\n|t:|1733766705\n|move|p1a: Suicune|Scald|p2a: Polteageist\n|-damage|p2a: Polteageist|34/224\n|-status|p2a: Polteageist|brn\n|move|p2a: Polteageist|Shell Smash|p2a: Polteageist\n|-unboost|p2a: Polteageist|def|1\n|-unboost|p2a: Polteageist|spd|1\n|-boost|p2a: Polteageist|atk|2\n|-boost|p2a: Polteageist|spa|2\n|-boost|p2a: Polteageist|spe|2\n|-enditem|p2a: Polteageist|White Herb\n|-clearnegativeboost|p2a: Polteageist|[silent]\n|\n|-damage|p2a: Polteageist|20/224 brn|[from] brn\n|upkeep\n|turn|24\n|\n|t:|1733766709\n|move|p2a: Polteageist|Giga Drain|p1a: Suicune\n|-supereffective|p1a: Suicune\n|-damage|p1a: Suicune|121/298\n|-heal|p2a: Polteageist|55/224 brn|[from] drain|[of] p1a: Suicune\n|move|p1a: Suicune|Scald|p2a: Polteageist\n|-damage|p2a: Polteageist|0 fnt\n|faint|p2a: Polteageist\n|\n|upkeep\n|\n|t:|1733766712\n|switch|p2a: Wugtrio|Wugtrio, L91, F|212/212\n|turn|25\n|\n|t:|1733766715\n|move|p2a: Wugtrio|Throat Chop|p1a: Suicune\n|-damage|p1a: Suicune|33/298\n|-start|p1a: Suicune|Throat Chop|[silent]\n|move|p1a: Suicune|Scald|p2a: Wugtrio\n|-resisted|p2a: Wugtrio\n|-crit|p2a: Wugtrio\n|-damage|p2a: Wugtrio|42/212\n|-status|p2a: Wugtrio|brn\n|\n|-damage|p2a: Wugtrio|29/212 brn|[from] brn\n|upkeep\n|turn|26\n|\n|t:|1733766719\n|move|p2a: Wugtrio|Throat Chop|p1a: Suicune\n|-damage|p1a: Suicune|0 fnt\n|faint|p1a: Suicune\n|\n|-damage|p2a: Wugtrio|16/212 brn|[from] brn\n|upkeep\n|\n|t:|1733766734\n|switch|p1a: Groudon|Groudon, L72, tera:Fire|79/263\n|-weather|SunnyDay|[from] ability: Drought|[of] p1a: Groudon\n|turn|27\n|\n|t:|1733766738\n|switch|p2a: Wigglytuff|Wigglytuff, L96, F|311/424\n|move|p1a: Groudon|Heat Crash|p2a: Wigglytuff\n|-crit|p2a: Wigglytuff\n|-damage|p2a: Wigglytuff|0 fnt\n|faint|p2a: Wigglytuff\n|\n|-weather|SunnyDay|[upkeep]\n|-heal|p1a: Groudon|95/263|[from] item: Leftovers\n|upkeep\n|\n|t:|1733766740\n|switch|p2a: Wugtrio|Wugtrio, L91, F|16/212 brn\n|turn|28\n|\n|t:|1733766742\n|move|p2a: Wugtrio|Liquidation|p1a: Groudon\n|-supereffective|p1a: Groudon\n|-damage|p1a: Groudon|29/263\n|move|p1a: Groudon|Heat Crash|p2a: Wugtrio\n|-resisted|p2a: Wugtrio\n|-damage|p2a: Wugtrio|0 fnt\n|-ability|p2a: Wugtrio|Gooey\n|-unboost|p1a: Groudon|spe|1\n|faint|p2a: Wugtrio\n|\n|win|jdvsdkdnd\n|raw|jdvsdkdnd's rating: 1040 &rarr; <strong>1077</strong><br />(+37 for winning)\n|raw|Kdkdbsnsjskhyk's rating: 1074 &rarr; <strong>1051</strong><br />(-23 for losing)\n|l|\u2606Kdkdbsnsjskhyk\n|player|p2|\n", "inputlog": ">version bfd83cad13791eb5a5a409923076391caf6fb4d4\n>start {\"formatid\":\"gen9randombattle\",\"seed\":[28344,33695,63082,65081],\"rated\":\"Rated battle\"}\n>player p1 {\"name\":\"jdvsdkdnd\",\"avatar\":\"266\",\"rating\":1040,\"seed\":[31141,48668,13129,1742]}\n>player p2 {\"name\":\"Kdkdbsnsjskhyk\",\"avatar\":\"101\",\"rating\":1045,\"seed\":[48101,20699,8188,33822]}\n>p1 switch 4\n>p2 move liquidation\n>p1 move scald\n>p2 switch 3\n>p1 switch 4\n>p2 move knockoff\n>p1 move earthquake\n>p2 move wish\n>p1 move knockoff\n>p2 switch 4\n>p1 switch 5\n>p2 move quiverdance\n>p1 move heatcrash terastallize\n>p2 move quiverdance terastallize\n>p1 move heatcrash\n>p2 move terablast\n>p2 switch 5\n>p1 switch 5\n>p2 move psychic\n>p1 move knockoff\n>p2 move nastyplot\n>p1 move earthquake\n>p2 move psychic\n>p1 move knockoff\n>p2 move psychic\n>p2 switch 3\n>p1 move knockoff\n>p2 move throatchop\n>p1 switch 3\n>p1 move swordsdance\n>p2 switch 6\n>p1 move rocktomb\n>p2 move sludgewave\n>p1 switch 5\n>p1 move precipiceblades\n>p2 move sludgewave\n>p2 switch 6\n>p1 switch 4\n>p2 move throatchop\n>p1 switch 2\n>p2 move throatchop\n>p1 move calmmind\n>p2 switch 4\n>p1 move calmmind\n>p2 move knockoff\n>p1 move calmmind\n>p2 move wish\n>p1 move calmmind\n>p2 switch 2\n>p1 move scald\n>p2 move shellsmash\n>p1 move scald\n>p2 move gigadrain\n>p2 switch 4\n>p1 move scald\n>p2 move throatchop\n>p1 move rest\n>p2 move throatchop\n>p1 switch 4\n>p1 move heatcrash\n>p2 switch 2\n>p2 switch 2\n>p1 move heatcrash\n>p2 move liquidation", "uploadtime": 1733766749, "views": 1, "formatid": "gen9randombattle", "rating": 1051, "private": 0, "password": null}