{"id": "gen9randombattle-2259807060", "format": "[Gen 9] Random Battle", "players": ["pimmel3", "Jjjsjjsjxnxnnx"], "log": "|j|\u2606pimmel3\n|j|\u2606Jjjsjjsjxnxnnx\n|t:|1733768638\n|gametype|singles\n|player|p1|pimmel3|102|1115\n|player|p2|Jjjsjjsjxnxnnx|265|1075\n|teamsize|p1|6\n|teamsize|p2|6\n|gen|9\n|tier|[Gen 9] Random Battle\n|rated|\n|rule|Species Clause: Limit one of each Pok\u00e9mon\n|rule|HP Percentage Mod: HP is shown in percentages\n|rule|Sleep Clause Mod: Limit one foe put to sleep\n|rule|Illusion Level Mod: Illusion disguises the Pok\u00e9mon's true level\n|\n|t:|1733768638\n|start\n|switch|p1a: Tyranitar|Tyranitar, L79, M|288/288\n|switch|p2a: Koraidon|Koraidon, L64|235/235\n|-weather|SunnyDay|[from] ability: Orichalcum Pulse|[of] p2a: Koraidon\n|-activate|p2a: Koraidon|Orichalcum Pulse|[source]\n|-weather|Sandstorm|[from] ability: Sand Stream|[of] p1a: Tyranitar\n|turn|1\n|inactive|Battle timer is ON: inactive players will automatically lose when time's up. (requested by Jjjsjjsjxnxnnx)\n|\n|t:|1733768670\n|switch|p1a: Trevenant|Trevenant, L88, F|293/293\n|move|p2a: Koraidon|Collision Course|p1a: Trevenant\n|-immune|p1a: Trevenant\n|\n|-weather|Sandstorm|[upkeep]\n|-damage|p2a: Koraidon|221/235|[from] Sandstorm\n|-damage|p1a: Trevenant|275/293|[from] Sandstorm\n|upkeep\n|turn|2\n|\n|t:|1733768695\n|switch|p2a: Overqwil|Overqwil, L82, M|274/274\n|-ability|p2a: Overqwil|Intimidate|boost\n|-unboost|p1a: Trevenant|atk|1\n|move|p1a: Trevenant|Poltergeist|p2a: Overqwil|[miss]\n|-miss|p1a: Trevenant|p2a: Overqwil\n|\n|-weather|Sandstorm|[upkeep]\n|-damage|p2a: Overqwil|257/274|[from] Sandstorm\n|-damage|p1a: Trevenant|257/293|[from] Sandstorm\n|upkeep\n|turn|3\n|\n|t:|1733768709\n|move|p2a: Overqwil|Crunch|p1a: Trevenant\n|-supereffective|p1a: Trevenant\n|-damage|p1a: Trevenant|69/293\n|move|p1a: Trevenant|Drain Punch|p2a: Overqwil\n|-damage|p2a: Overqwil|205/274\n|-heal|p1a: Trevenant|95/293|[from] drain|[of] p2a: Overqwil\n|-damage|p1a: Trevenant|66/293|[from] item: Life Orb\n|\n|-weather|Sandstorm|[upkeep]\n|-damage|p2a: Overqwil|188/274|[from] Sandstorm\n|-damage|p1a: Trevenant|48/293|[from] Sandstorm\n|upkeep\n|turn|4\n|\n|t:|1733768722\n|move|p2a: Overqwil|Crunch|p1a: Trevenant\n|-supereffective|p1a: Trevenant\n|-damage|p1a: Trevenant|0 fnt\n|faint|p1a: Trevenant\n|\n|-weather|Sandstorm|[upkeep]\n|-damage|p2a: Overqwil|171/274|[from] Sandstorm\n|upkeep\n|\n|t:|1733768730\n|switch|p1a: Falinks|Falinks, L84|246/246\n|turn|5\n|\n|t:|1733768745\n|move|p2a: Overqwil|Scale Shot|p1a: Falinks\n|-damage|p1a: Falinks|229/246\n|-damage|p1a: Falinks|209/246\n|-damage|p1a: Falinks|190/246\n|-damage|p1a: Falinks|173/246\n|-hitcount|p1a: Falinks|4\n|-unboost|p2a: Overqwil|def|1\n|-boost|p2a: Overqwil|spe|1\n|move|p1a: Falinks|No Retreat|p1a: Falinks\n|-boost|p1a: Falinks|atk|1\n|-boost|p1a: Falinks|def|1\n|-boost|p1a: Falinks|spa|1\n|-boost|p1a: Falinks|spd|1\n|-boost|p1a: Falinks|spe|1\n|-start|p1a: Falinks|move: No Retreat\n|\n|-weather|none\n|upkeep\n|turn|6\n|inactive|pimmel3 has 120 seconds left.\n|\n|t:|1733768761\n|move|p2a: Overqwil|Gunk Shot|p1a: Falinks\n|-damage|p1a: Falinks|91/246\n|move|p1a: Falinks|Close Combat|p2a: Overqwil\n|-crit|p2a: Overqwil\n|-damage|p2a: Overqwil|0 fnt\n|-unboost|p1a: Falinks|def|1\n|-unboost|p1a: Falinks|spd|1\n|faint|p2a: Overqwil\n|-damage|p1a: Falinks|67/246|[from] item: Life Orb\n|\n|upkeep\n|\n|t:|1733768767\n|switch|p2a: Tropius|Tropius, L91, M|328/328\n|turn|7\n|\n|t:|1733768776\n|move|p1a: Falinks|Iron Head|p2a: Tropius\n|-damage|p2a: Tropius|221/328\n|-damage|p1a: Falinks|43/246|[from] item: Life Orb\n|move|p2a: Tropius|Substitute|p2a: Tropius\n|-start|p2a: Tropius|Substitute\n|-damage|p2a: Tropius|139/328\n|-enditem|p2a: Tropius|Sitrus Berry|[eat]\n|-heal|p2a: Tropius|221/328|[from] item: Sitrus Berry\n|\n|-item|p2a: Tropius|Sitrus Berry|[from] ability: Harvest\n|upkeep\n|turn|8\n|\n|t:|1733768792\n|move|p1a: Falinks|Iron Head|p2a: Tropius\n|-end|p2a: Tropius|Substitute\n|-damage|p1a: Falinks|19/246|[from] item: Life Orb\n|move|p2a: Tropius|Substitute|p2a: Tropius\n|-start|p2a: Tropius|Substitute\n|-damage|p2a: Tropius|139/328\n|-enditem|p2a: Tropius|Sitrus Berry|[eat]\n|-heal|p2a: Tropius|221/328|[from] item: Sitrus Berry\n|\n|upkeep\n|turn|9\n|\n|t:|1733768805\n|move|p2a: Tropius|Protect|p2a: Tropius\n|-singleturn|p2a: Tropius|Protect\n|move|p1a: Falinks|Knock Off|p2a: Tropius\n|-activate|p2a: Tropius|move: Protect\n|\n|upkeep\n|turn|10\n|\n|t:|1733768814\n|move|p1a: Falinks|Close Combat|p2a: Tropius\n|-resisted|p2a: Tropius\n|-crit|p2a: Tropius\n|-end|p2a: Tropius|Substitute\n|-unboost|p1a: Falinks|def|1\n|-unboost|p1a: Falinks|spd|1\n|-damage|p1a: Falinks|0 fnt|[from] item: Life Orb\n|faint|p1a: Falinks\n|move|p2a: Tropius|Substitute|p2a: Tropius\n|-start|p2a: Tropius|Substitute\n|-damage|p2a: Tropius|139/328\n|\n|upkeep\n|\n|t:|1733768826\n|switch|p1a: Baxcalibur|Baxcalibur, L75, M|295/295\n|turn|11\n|\n|t:|1733768832\n|-terastallize|p2a: Tropius|Steel\n|move|p1a: Baxcalibur|Ice Shard|p2a: Tropius\n|-resisted|p2a: Tropius\n|-activate|p2a: Tropius|move: Substitute|[damage]\n|move|p2a: Tropius|Leech Seed|p1a: Baxcalibur\n|-start|p1a: Baxcalibur|move: Leech Seed\n|\n|-damage|p1a: Baxcalibur|259/295|[from] Leech Seed|[of] p2a: Tropius\n|-heal|p2a: Tropius|175/328|[silent]\n|-item|p2a: Tropius|Sitrus Berry|[from] ability: Harvest\n|upkeep\n|turn|12\n|\n|t:|1733768852\n|switch|p1a: Revavroom|Revavroom, L79, M|256/256\n|move|p2a: Tropius|Air Slash|p1a: Revavroom\n|-resisted|p1a: Revavroom\n|-damage|p1a: Revavroom|211/256\n|\n|upkeep\n|turn|13\n|\n|t:|1733768861\n|move|p1a: Revavroom|Shift Gear|p1a: Revavroom\n|-boost|p1a: Revavroom|spe|2\n|-boost|p1a: Revavroom|atk|1\n|move|p2a: Tropius|Leech Seed|p1a: Revavroom\n|-start|p1a: Revavroom|move: Leech Seed\n|\n|-damage|p1a: Revavroom|179/256|[from] Leech Seed|[of] p2a: Tropius\n|-heal|p2a: Tropius|207/328|[silent]\n|upkeep\n|turn|14\n|\n|t:|1733768871\n|move|p2a: Tropius|Protect|p2a: Tropius\n|-singleturn|p2a: Tropius|Protect\n|move|p1a: Revavroom|Iron Head|p2a: Tropius\n|-activate|p2a: Tropius|move: Protect\n|\n|-damage|p1a: Revavroom|147/256|[from] Leech Seed|[of] p2a: Tropius\n|-heal|p2a: Tropius|239/328|[silent]\n|upkeep\n|turn|15\n|\n|t:|1733768879\n|move|p1a: Revavroom|Iron Head|p2a: Tropius\n|-resisted|p2a: Tropius\n|-end|p2a: Tropius|Substitute\n|-damage|p1a: Revavroom|122/256|[from] item: Life Orb\n|move|p2a: Tropius|Substitute|p2a: Tropius\n|-start|p2a: Tropius|Substitute\n|-damage|p2a: Tropius|157/328\n|-enditem|p2a: Tropius|Sitrus Berry|[eat]\n|-heal|p2a: Tropius|239/328|[from] item: Sitrus Berry\n|\n|-damage|p1a: Revavroom|90/256|[from] Leech Seed|[of] p2a: Tropius\n|-heal|p2a: Tropius|271/328|[silent]\n|upkeep\n|turn|16\n|\n|t:|1733768890\n|switch|p1a: Baxcalibur|Baxcalibur, L75, M|259/295\n|move|p2a: Tropius|Protect||[still]\n|-fail|p2a: Tropius\n|\n|upkeep\n|turn|17\n|\n|t:|1733768899\n|move|p1a: Baxcalibur|Icicle Crash|p2a: Tropius\n|-resisted|p2a: Tropius\n|-crit|p2a: Tropius\n|-end|p2a: Tropius|Substitute\n|move|p2a: Tropius|Leech Seed|p1a: Baxcalibur\n|-start|p1a: Baxcalibur|move: Leech Seed\n|\n|-damage|p1a: Baxcalibur|223/295|[from] Leech Seed|[of] p2a: Tropius\n|-heal|p2a: Tropius|307/328|[silent]\n|-item|p2a: Tropius|Sitrus Berry|[from] ability: Harvest\n|upkeep\n|turn|18\n|\n|t:|1733768910\n|switch|p1a: Revavroom|Revavroom, L79, M|90/256\n|move|p2a: Tropius|Substitute|p2a: Tropius\n|-start|p2a: Tropius|Substitute\n|-damage|p2a: Tropius|225/328\n|\n|upkeep\n|turn|19\n|\n|t:|1733768919\n|move|p1a: Revavroom|Shift Gear|p1a: Revavroom\n|-boost|p1a: Revavroom|spe|2\n|-boost|p1a: Revavroom|atk|1\n|move|p2a: Tropius|Leech Seed|p1a: Revavroom\n|-start|p1a: Revavroom|move: Leech Seed\n|\n|-damage|p1a: Revavroom|58/256|[from] Leech Seed|[of] p2a: Tropius\n|-heal|p2a: Tropius|257/328|[silent]\n|upkeep\n|turn|20\n|\n|t:|1733768927\n|switch|p1a: Leafeon|Leafeon, L88, M|258/258\n|move|p2a: Tropius|Protect||[still]\n|-fail|p2a: Tropius\n|\n|upkeep\n|turn|21\n|\n|t:|1733768936\n|move|p1a: Leafeon|Swords Dance|p1a: Leafeon\n|-boost|p1a: Leafeon|atk|2\n|move|p2a: Tropius|Air Slash|p1a: Leafeon\n|-supereffective|p1a: Leafeon\n|-damage|p1a: Leafeon|78/258\n|\n|upkeep\n|turn|22\n|\n|t:|1733768945\n|move|p1a: Leafeon|Knock Off|p2a: Tropius\n|-end|p2a: Tropius|Substitute\n|-damage|p1a: Leafeon|53/258|[from] item: Life Orb\n|move|p2a: Tropius|Air Slash|p1a: Leafeon\n|-supereffective|p1a: Leafeon\n|-damage|p1a: Leafeon|0 fnt\n|faint|p1a: Leafeon\n|\n|upkeep\n|\n|t:|1733768954\n|switch|p1a: Tyranitar|Tyranitar, L79, M|288/288\n|-weather|Sandstorm|[from] ability: Sand Stream|[of] p1a: Tyranitar\n|turn|23\n|\n|t:|1733768962\n|-terastallize|p1a: Tyranitar|Rock\n|move|p2a: Tropius|Leech Seed|p1a: Tyranitar\n|-start|p1a: Tyranitar|move: Leech Seed\n|move|p1a: Tyranitar|Dragon Dance|p1a: Tyranitar\n|-boost|p1a: Tyranitar|atk|1\n|-boost|p1a: Tyranitar|spe|1\n|\n|-weather|Sandstorm|[upkeep]\n|-damage|p1a: Tyranitar|252/288|[from] Leech Seed|[of] p2a: Tropius\n|-heal|p2a: Tropius|293/328|[silent]\n|upkeep\n|turn|24\n|\n|t:|1733768978\n|move|p1a: Tyranitar|Knock Off|p2a: Tropius\n|-crit|p2a: Tropius\n|-damage|p2a: Tropius|35/328\n|-enditem|p2a: Tropius|Sitrus Berry|[from] move: Knock Off|[of] p1a: Tyranitar\n|move|p2a: Tropius|Substitute|p2a: Tropius\n|-fail|p2a: Tropius|move: Substitute|[weak]\n|\n|-weather|Sandstorm|[upkeep]\n|-heal|p1a: Tyranitar|270/288|[from] item: Leftovers\n|-damage|p1a: Tyranitar|234/288|[from] Leech Seed|[of] p2a: Tropius\n|-heal|p2a: Tropius|71/328|[silent]\n|upkeep\n|turn|25\n|\n|t:|1733768987\n|move|p1a: Tyranitar|Knock Off|p2a: Tropius\n|-damage|p2a: Tropius|0 fnt\n|faint|p2a: Tropius\n|\n|-weather|Sandstorm|[upkeep]\n|-heal|p1a: Tyranitar|252/288|[from] item: Leftovers\n|upkeep\n|\n|t:|1733768989\n|switch|p2a: Piloswine|Piloswine, L85, F|309/309\n|turn|26\n|\n|t:|1733768997\n|move|p1a: Tyranitar|Stone Edge|p2a: Piloswine\n|-crit|p2a: Piloswine\n|-damage|p2a: Piloswine|57/309\n|move|p2a: Piloswine|Earthquake|p1a: Tyranitar\n|-supereffective|p1a: Tyranitar\n|-damage|p1a: Tyranitar|46/288\n|\n|-weather|Sandstorm|[upkeep]\n|-heal|p1a: Tyranitar|64/288|[from] item: Leftovers\n|-damage|p1a: Tyranitar|28/288|[from] Leech Seed|[of] p2a: Piloswine\n|-heal|p2a: Piloswine|93/309|[silent]\n|upkeep\n|turn|27\n|\n|t:|1733769010\n|move|p1a: Tyranitar|Stone Edge|p2a: Piloswine\n|-damage|p2a: Piloswine|0 fnt\n|faint|p2a: Piloswine\n|\n|-weather|none\n|-heal|p1a: Tyranitar|46/288|[from] item: Leftovers\n|upkeep\n|\n|t:|1733769012\n|switch|p2a: Koraidon|Koraidon, L64|221/235\n|-weather|SunnyDay|[from] ability: Orichalcum Pulse|[of] p2a: Koraidon\n|-activate|p2a: Koraidon|Orichalcum Pulse|[source]\n|turn|28\n|\n|t:|1733769022\n|move|p1a: Tyranitar|Ice Punch|p2a: Koraidon\n|-supereffective|p2a: Koraidon\n|-damage|p2a: Koraidon|11/235\n|move|p2a: Koraidon|Collision Course|p1a: Tyranitar\n|-supereffective|p1a: Tyranitar\n|-damage|p1a: Tyranitar|0 fnt\n|faint|p1a: Tyranitar\n|\n|-weather|SunnyDay|[upkeep]\n|upkeep\n|\n|t:|1733769037\n|switch|p1a: Revavroom|Revavroom, L79, M|58/256\n|turn|29\n|\n|t:|1733769045\n|move|p2a: Koraidon|Collision Course|p1a: Revavroom\n|-damage|p1a: Revavroom|0 fnt\n|faint|p1a: Revavroom\n|\n|-weather|SunnyDay|[upkeep]\n|upkeep\n|\n|t:|1733769051\n|switch|p1a: Baxcalibur|Baxcalibur, L75, M|223/295\n|turn|30\n|\n|t:|1733769059\n|move|p2a: Koraidon|Collision Course|p1a: Baxcalibur\n|-supereffective|p1a: Baxcalibur\n|-crit|p1a: Baxcalibur\n|-damage|p1a: Baxcalibur|0 fnt\n|faint|p1a: Baxcalibur\n|\n|win|Jjjsjjsjxnxnnx\n|raw|pimmel3's rating: 1115 &rarr; <strong>1087</strong><br />(-28 for losing)\n|raw|Jjjsjjsjxnxnnx's rating: 1075 &rarr; <strong>1107</strong><br />(+32 for winning)\n|l|\u2606pimmel3\n|player|p1|\n", "inputlog": ">version bfd83cad13791eb5a5a409923076391caf6fb4d4\n>start {\"formatid\":\"gen9randombattle\",\"seed\":[18117,56602,28459,48858],\"rated\":\"Rated battle\"}\n>player p1 {\"name\":\"pimmel3\",\"avatar\":\"102\",\"rating\":1115,\"seed\":[46173,38210,17796,60169]}\n>player p2 {\"name\":\"Jjjsjjsjxnxnnx\",\"avatar\":\"265\",\"rating\":1075,\"seed\":[2908,51221,14554,48276]}\n>p1 switch 3\n>p2 move collisioncourse\n>p1 move poltergeist\n>p2 switch 4\n>p1 move drainpunch\n>p2 move crunch\n>p1 move trickroom\n>p2 move crunch\n>p1 switch 5\n>p1 move noretreat\n>p2 move scaleshot\n>p1 move closecombat\n>p2 move gunkshot\n>p2 switch 3\n>p1 move ironhead\n>p2 move substitute\n>p1 move ironhead\n>p2 move substitute\n>p1 move knockoff\n>p2 move protect\n>p1 move closecombat\n>p2 move substitute\n>p1 switch 4\n>p1 move iceshard\n>p2 move leechseed terastallize\n>p1 switch 2\n>p2 move airslash\n>p1 move shiftgear\n>p2 move leechseed\n>p1 move ironhead\n>p2 move protect\n>p1 move ironhead\n>p2 move substitute\n>p1 switch 2\n>p2 move protect\n>p1 move iciclecrash\n>p2 move leechseed\n>p1 switch 2\n>p2 move substitute\n>p1 move shiftgear\n>p2 move leechseed\n>p1 switch 6\n>p2 move protect\n>p1 move swordsdance\n>p2 move airslash\n>p1 move knockoff\n>p2 move airslash\n>p1 switch 3\n>p1 move dragondance terastallize\n>p2 move leechseed\n>p1 move knockoff\n>p2 move substitute\n>p1 move knockoff\n>p2 move airslash\n>p2 switch 6\n>p1 move stoneedge\n>p2 move earthquake\n>p1 move stoneedge\n>p2 move iciclecrash\n>p2 switch 4\n>p1 move icepunch\n>p2 move collisioncourse\n>p1 switch 6\n>p1 move highhorsepower\n>p2 move collisioncourse\n>p1 switch 2\n>p1 move glaiverush\n>p2 move collisioncourse", "uploadtime": 1733769062, "views": 1, "formatid": "gen9randombattle", "rating": 1087, "private": 0, "password": null}