{"id": "gen9randombattle-2260499867", "format": "[Gen 9] Random Battle", "players": ["Peppotruco", "LarryBetraitor"], "log": "|j|\u2606Peppotruco\n|j|\u2606LarryBetraitor\n|t:|1733857562\n|gametype|singles\n|player|p1|Peppotruco|266|1075\n|player|p2|LarryBetraitor|shelly|1061\n|teamsize|p1|6\n|teamsize|p2|6\n|gen|9\n|tier|[Gen 9] Random Battle\n|rated|\n|rule|Species Clause: Limit one of each Pok\u00e9mon\n|rule|HP Percentage Mod: HP is shown in percentages\n|rule|Sleep Clause Mod: Limit one foe put to sleep\n|rule|Illusion Level Mod: Illusion disguises the Pok\u00e9mon's true level\n|\n|t:|1733857562\n|start\n|switch|p1a: Greedent|Greedent, L86, F|347/347\n|switch|p2a: Scovillain|Scovillain, L91, F|266/266\n|turn|1\n|c|\u2606Peppotruco|gllhf\n|\n|t:|1733857576\n|move|p2a: Scovillain|Substitute|p2a: Scovillain\n|-start|p2a: Scovillain|Substitute\n|-damage|p2a: Scovillain|200/266\n|move|p1a: Greedent|Swords Dance|p1a: Greedent\n|-boost|p1a: Greedent|atk|2\n|\n|-heal|p2a: Scovillain|216/266|[from] item: Leftovers\n|upkeep\n|turn|2\n|\n|t:|1733857597\n|move|p2a: Scovillain|Leech Seed|p1a: Greedent|[miss]\n|-miss|p2a: Scovillain|p1a: Greedent\n|move|p1a: Greedent|Earthquake|p2a: Scovillain\n|-end|p2a: Scovillain|Substitute\n|\n|-heal|p2a: Scovillain|232/266|[from] item: Leftovers\n|upkeep\n|turn|3\n|\n|t:|1733857607\n|move|p2a: Scovillain|Leech Seed|p1a: Greedent\n|-start|p1a: Greedent|move: Leech Seed\n|move|p1a: Greedent|Earthquake|p2a: Scovillain\n|-damage|p2a: Scovillain|50/266\n|\n|-heal|p2a: Scovillain|66/266|[from] item: Leftovers\n|-damage|p1a: Greedent|304/347|[from] Leech Seed|[of] p2a: Scovillain\n|-heal|p2a: Scovillain|109/266|[silent]\n|upkeep\n|turn|4\n|\n|t:|1733857616\n|move|p2a: Scovillain|Protect|p2a: Scovillain\n|-singleturn|p2a: Scovillain|Protect\n|move|p1a: Greedent|Earthquake|p2a: Scovillain\n|-activate|p2a: Scovillain|move: Protect\n|\n|-heal|p2a: Scovillain|125/266|[from] item: Leftovers\n|-damage|p1a: Greedent|261/347|[from] Leech Seed|[of] p2a: Scovillain\n|-heal|p2a: Scovillain|168/266|[silent]\n|upkeep\n|turn|5\n|\n|t:|1733857632\n|move|p2a: Scovillain|Substitute|p2a: Scovillain\n|-start|p2a: Scovillain|Substitute\n|-damage|p2a: Scovillain|102/266\n|move|p1a: Greedent|Earthquake|p2a: Scovillain\n|-end|p2a: Scovillain|Substitute\n|\n|-heal|p2a: Scovillain|118/266|[from] item: Leftovers\n|-damage|p1a: Greedent|218/347|[from] Leech Seed|[of] p2a: Scovillain\n|-heal|p2a: Scovillain|161/266|[silent]\n|upkeep\n|turn|6\n|\n|t:|1733857654\n|switch|p1a: Iron Hands|Iron Hands, L79|373/373\n|move|p2a: Scovillain|Protect||[still]\n|-fail|p2a: Scovillain\n|\n|-heal|p2a: Scovillain|177/266|[from] item: Leftovers\n|upkeep\n|turn|7\n|\n|t:|1733857671\n|move|p2a: Scovillain|Substitute|p2a: Scovillain\n|-start|p2a: Scovillain|Substitute\n|-damage|p2a: Scovillain|111/266\n|move|p1a: Iron Hands|Swords Dance|p1a: Iron Hands\n|-boost|p1a: Iron Hands|atk|2\n|\n|-heal|p2a: Scovillain|127/266|[from] item: Leftovers\n|upkeep\n|turn|8\n|\n|t:|1733857680\n|move|p2a: Scovillain|Leech Seed|p1a: Iron Hands\n|-start|p1a: Iron Hands|move: Leech Seed\n|move|p1a: Iron Hands|Ice Punch|p2a: Scovillain\n|-end|p2a: Scovillain|Substitute\n|\n|-heal|p2a: Scovillain|143/266|[from] item: Leftovers\n|-damage|p1a: Iron Hands|327/373|[from] Leech Seed|[of] p2a: Scovillain\n|-heal|p2a: Scovillain|189/266|[silent]\n|upkeep\n|turn|9\n|\n|t:|1733857689\n|move|p2a: Scovillain|Protect|p2a: Scovillain\n|-singleturn|p2a: Scovillain|Protect\n|move|p1a: Iron Hands|Ice Punch|p2a: Scovillain\n|-activate|p2a: Scovillain|move: Protect\n|\n|-heal|p2a: Scovillain|205/266|[from] item: Leftovers\n|-heal|p1a: Iron Hands|350/373|[from] item: Leftovers\n|-damage|p1a: Iron Hands|304/373|[from] Leech Seed|[of] p2a: Scovillain\n|-heal|p2a: Scovillain|251/266|[silent]\n|upkeep\n|turn|10\n|\n|t:|1733857706\n|move|p2a: Scovillain|Substitute|p2a: Scovillain\n|-start|p2a: Scovillain|Substitute\n|-damage|p2a: Scovillain|185/266\n|move|p1a: Iron Hands|Drain Punch|p2a: Scovillain\n|-end|p2a: Scovillain|Substitute\n|-heal|p1a: Iron Hands|337/373|[from] drain|[of] p2a: Scovillain\n|\n|-heal|p2a: Scovillain|201/266|[from] item: Leftovers\n|-heal|p1a: Iron Hands|360/373|[from] item: Leftovers\n|-damage|p1a: Iron Hands|314/373|[from] Leech Seed|[of] p2a: Scovillain\n|-heal|p2a: Scovillain|247/266|[silent]\n|upkeep\n|turn|11\n|\n|t:|1733857718\n|move|p2a: Scovillain|Substitute|p2a: Scovillain\n|-start|p2a: Scovillain|Substitute\n|-damage|p2a: Scovillain|181/266\n|move|p1a: Iron Hands|Ice Punch|p2a: Scovillain\n|-end|p2a: Scovillain|Substitute\n|\n|-heal|p2a: Scovillain|197/266|[from] item: Leftovers\n|-heal|p1a: Iron Hands|337/373|[from] item: Leftovers\n|-damage|p1a: Iron Hands|291/373|[from] Leech Seed|[of] p2a: Scovillain\n|-heal|p2a: Scovillain|243/266|[silent]\n|upkeep\n|turn|12\n|\n|t:|1733857728\n|move|p2a: Scovillain|Protect|p2a: Scovillain\n|-singleturn|p2a: Scovillain|Protect\n|move|p1a: Iron Hands|Ice Punch|p2a: Scovillain\n|-activate|p2a: Scovillain|move: Protect\n|\n|-heal|p2a: Scovillain|259/266|[from] item: Leftovers\n|-heal|p1a: Iron Hands|314/373|[from] item: Leftovers\n|-damage|p1a: Iron Hands|268/373|[from] Leech Seed|[of] p2a: Scovillain\n|-heal|p2a: Scovillain|266/266|[silent]\n|upkeep\n|turn|13\n|\n|t:|1733857739\n|move|p2a: Scovillain|Substitute|p2a: Scovillain\n|-start|p2a: Scovillain|Substitute\n|-damage|p2a: Scovillain|200/266\n|move|p1a: Iron Hands|Ice Punch|p2a: Scovillain\n|-end|p2a: Scovillain|Substitute\n|\n|-heal|p2a: Scovillain|216/266|[from] item: Leftovers\n|-heal|p1a: Iron Hands|291/373|[from] item: Leftovers\n|-damage|p1a: Iron Hands|245/373|[from] Leech Seed|[of] p2a: Scovillain\n|-heal|p2a: Scovillain|262/266|[silent]\n|upkeep\n|turn|14\n|\n|t:|1733857749\n|move|p2a: Scovillain|Substitute|p2a: Scovillain\n|-start|p2a: Scovillain|Substitute\n|-damage|p2a: Scovillain|196/266\n|move|p1a: Iron Hands|Ice Punch|p2a: Scovillain\n|-end|p2a: Scovillain|Substitute\n|\n|-heal|p2a: Scovillain|212/266|[from] item: Leftovers\n|-heal|p1a: Iron Hands|268/373|[from] item: Leftovers\n|-damage|p1a: Iron Hands|222/373|[from] Leech Seed|[of] p2a: Scovillain\n|-heal|p2a: Scovillain|258/266|[silent]\n|upkeep\n|turn|15\n|\n|t:|1733857759\n|move|p2a: Scovillain|Protect|p2a: Scovillain\n|-singleturn|p2a: Scovillain|Protect\n|move|p1a: Iron Hands|Ice Punch|p2a: Scovillain\n|-activate|p2a: Scovillain|move: Protect\n|\n|-heal|p2a: Scovillain|266/266|[from] item: Leftovers\n|-heal|p1a: Iron Hands|245/373|[from] item: Leftovers\n|-damage|p1a: Iron Hands|199/373|[from] Leech Seed|[of] p2a: Scovillain\n|upkeep\n|turn|16\n|\n|t:|1733857776\n|move|p2a: Scovillain|Substitute|p2a: Scovillain\n|-start|p2a: Scovillain|Substitute\n|-damage|p2a: Scovillain|200/266\n|move|p1a: Iron Hands|Drain Punch|p2a: Scovillain\n|-end|p2a: Scovillain|Substitute\n|-heal|p1a: Iron Hands|232/373|[from] drain|[of] p2a: Scovillain\n|\n|-heal|p2a: Scovillain|216/266|[from] item: Leftovers\n|-heal|p1a: Iron Hands|255/373|[from] item: Leftovers\n|-damage|p1a: Iron Hands|209/373|[from] Leech Seed|[of] p2a: Scovillain\n|-heal|p2a: Scovillain|262/266|[silent]\n|upkeep\n|turn|17\n|\n|t:|1733857788\n|move|p2a: Scovillain|Protect|p2a: Scovillain\n|-singleturn|p2a: Scovillain|Protect\n|move|p1a: Iron Hands|Drain Punch|p2a: Scovillain\n|-activate|p2a: Scovillain|move: Protect\n|\n|-heal|p2a: Scovillain|266/266|[from] item: Leftovers\n|-heal|p1a: Iron Hands|232/373|[from] item: Leftovers\n|-damage|p1a: Iron Hands|186/373|[from] Leech Seed|[of] p2a: Scovillain\n|upkeep\n|turn|18\n|\n|t:|1733857798\n|move|p2a: Scovillain|Substitute|p2a: Scovillain\n|-start|p2a: Scovillain|Substitute\n|-damage|p2a: Scovillain|200/266\n|move|p1a: Iron Hands|Drain Punch|p2a: Scovillain\n|-end|p2a: Scovillain|Substitute\n|-heal|p1a: Iron Hands|219/373|[from] drain|[of] p2a: Scovillain\n|\n|-heal|p2a: Scovillain|216/266|[from] item: Leftovers\n|-heal|p1a: Iron Hands|242/373|[from] item: Leftovers\n|-damage|p1a: Iron Hands|196/373|[from] Leech Seed|[of] p2a: Scovillain\n|-heal|p2a: Scovillain|262/266|[silent]\n|upkeep\n|turn|19\n|\n|t:|1733857810\n|move|p2a: Scovillain|Protect|p2a: Scovillain\n|-singleturn|p2a: Scovillain|Protect\n|move|p1a: Iron Hands|Drain Punch|p2a: Scovillain\n|-activate|p2a: Scovillain|move: Protect\n|\n|-heal|p2a: Scovillain|266/266|[from] item: Leftovers\n|-heal|p1a: Iron Hands|219/373|[from] item: Leftovers\n|-damage|p1a: Iron Hands|173/373|[from] Leech Seed|[of] p2a: Scovillain\n|upkeep\n|turn|20\n|\n|t:|1733857823\n|move|p2a: Scovillain|Substitute|p2a: Scovillain\n|-start|p2a: Scovillain|Substitute\n|-damage|p2a: Scovillain|200/266\n|move|p1a: Iron Hands|Drain Punch|p2a: Scovillain\n|-end|p2a: Scovillain|Substitute\n|-heal|p1a: Iron Hands|206/373|[from] drain|[of] p2a: Scovillain\n|\n|-heal|p2a: Scovillain|216/266|[from] item: Leftovers\n|-heal|p1a: Iron Hands|229/373|[from] item: Leftovers\n|-damage|p1a: Iron Hands|183/373|[from] Leech Seed|[of] p2a: Scovillain\n|-heal|p2a: Scovillain|262/266|[silent]\n|upkeep\n|turn|21\n|\n|t:|1733857838\n|move|p2a: Scovillain|Flamethrower|p1a: Iron Hands\n|-damage|p1a: Iron Hands|33/373\n|move|p1a: Iron Hands|Drain Punch|p2a: Scovillain\n|-damage|p2a: Scovillain|55/266\n|-heal|p1a: Iron Hands|137/373|[from] drain|[of] p2a: Scovillain\n|\n|-heal|p2a: Scovillain|71/266|[from] item: Leftovers\n|-heal|p1a: Iron Hands|160/373|[from] item: Leftovers\n|-damage|p1a: Iron Hands|114/373|[from] Leech Seed|[of] p2a: Scovillain\n|-heal|p2a: Scovillain|117/266|[silent]\n|upkeep\n|turn|22\n|\n|t:|1733857857\n|-end|p1a: Iron Hands|Quark Drive|[silent]\n|switch|p1a: Greedent|Greedent, L86, F|218/347\n|move|p2a: Scovillain|Substitute|p2a: Scovillain\n|-start|p2a: Scovillain|Substitute\n|-damage|p2a: Scovillain|51/266\n|\n|-heal|p2a: Scovillain|67/266|[from] item: Leftovers\n|upkeep\n|turn|23\n|\n|t:|1733857883\n|move|p2a: Scovillain|Leech Seed|p1a: Greedent\n|-start|p1a: Greedent|move: Leech Seed\n|move|p1a: Greedent|Earthquake|p2a: Scovillain\n|-end|p2a: Scovillain|Substitute\n|\n|-heal|p2a: Scovillain|83/266|[from] item: Leftovers\n|-damage|p1a: Greedent|175/347|[from] Leech Seed|[of] p2a: Scovillain\n|-heal|p2a: Scovillain|126/266|[silent]\n|upkeep\n|turn|24\n|\n|t:|1733857893\n|move|p2a: Scovillain|Protect|p2a: Scovillain\n|-singleturn|p2a: Scovillain|Protect\n|move|p1a: Greedent|Earthquake|p2a: Scovillain\n|-activate|p2a: Scovillain|move: Protect\n|\n|-heal|p2a: Scovillain|142/266|[from] item: Leftovers\n|-damage|p1a: Greedent|132/347|[from] Leech Seed|[of] p2a: Scovillain\n|-heal|p2a: Scovillain|185/266|[silent]\n|upkeep\n|-enditem|p1a: Greedent|Sitrus Berry|[eat]\n|-heal|p1a: Greedent|218/347|[from] item: Sitrus Berry\n|-heal|p1a: Greedent|333/347|[from] ability: Cheek Pouch\n|turn|25\n|\n|t:|1733857907\n|move|p2a: Scovillain|Substitute|p2a: Scovillain\n|-start|p2a: Scovillain|Substitute\n|-damage|p2a: Scovillain|119/266\n|move|p1a: Greedent|Earthquake|p2a: Scovillain\n|-end|p2a: Scovillain|Substitute\n|\n|-heal|p2a: Scovillain|135/266|[from] item: Leftovers\n|-damage|p1a: Greedent|290/347|[from] Leech Seed|[of] p2a: Scovillain\n|-heal|p2a: Scovillain|178/266|[silent]\n|upkeep\n|turn|26\n|\n|t:|1733857921\n|switch|p1a: Iron Hands|Iron Hands, L79|114/373\n|move|p2a: Scovillain|Protect||[still]\n|-fail|p2a: Scovillain\n|\n|-heal|p2a: Scovillain|194/266|[from] item: Leftovers\n|-heal|p1a: Iron Hands|137/373|[from] item: Leftovers\n|upkeep\n|turn|27\n|\n|t:|1733857934\n|-end|p1a: Iron Hands|Quark Drive|[silent]\n|switch|p1a: Greedent|Greedent, L86, F|290/347\n|move|p2a: Scovillain|Flamethrower|p1a: Greedent\n|-damage|p1a: Greedent|157/347\n|\n|-heal|p2a: Scovillain|210/266|[from] item: Leftovers\n|upkeep\n|turn|28\n|\n|t:|1733857948\n|-terastallize|p1a: Greedent|Ground\n|move|p2a: Scovillain|Substitute|p2a: Scovillain\n|-start|p2a: Scovillain|Substitute\n|-damage|p2a: Scovillain|144/266\n|move|p1a: Greedent|Earthquake|p2a: Scovillain\n|-crit|p2a: Scovillain\n|-end|p2a: Scovillain|Substitute\n|\n|-heal|p2a: Scovillain|160/266|[from] item: Leftovers\n|upkeep\n|turn|29\n|\n|t:|1733857957\n|move|p2a: Scovillain|Leech Seed|p1a: Greedent\n|-start|p1a: Greedent|move: Leech Seed\n|move|p1a: Greedent|Earthquake|p2a: Scovillain\n|-damage|p2a: Scovillain|40/266\n|\n|-heal|p2a: Scovillain|56/266|[from] item: Leftovers\n|-damage|p1a: Greedent|114/347|[from] Leech Seed|[of] p2a: Scovillain\n|-heal|p2a: Scovillain|99/266|[silent]\n|upkeep\n|turn|30\n|\n|t:|1733857966\n|switch|p1a: Iron Hands|Iron Hands, L79|137/373\n|move|p2a: Scovillain|Protect||[still]\n|-fail|p2a: Scovillain\n|\n|-heal|p2a: Scovillain|115/266|[from] item: Leftovers\n|-heal|p1a: Iron Hands|160/373|[from] item: Leftovers\n|upkeep\n|turn|31\n|\n|t:|1733857976\n|move|p2a: Scovillain|Flamethrower|p1a: Iron Hands\n|-damage|p1a: Iron Hands|10/373\n|move|p1a: Iron Hands|Drain Punch|p2a: Scovillain\n|-damage|p2a: Scovillain|1/266\n|-heal|p1a: Iron Hands|67/373|[from] drain|[of] p2a: Scovillain\n|\n|-heal|p2a: Scovillain|17/266|[from] item: Leftovers\n|-heal|p1a: Iron Hands|90/373|[from] item: Leftovers\n|upkeep\n|turn|32\n|\n|t:|1733857987\n|-end|p1a: Iron Hands|Quark Drive|[silent]\n|switch|p1a: Greedent|Greedent, L86, F, tera:Ground|114/347\n|move|p2a: Scovillain|Flamethrower|p1a: Greedent\n|-damage|p1a: Greedent|0 fnt\n|faint|p1a: Greedent\n|\n|-heal|p2a: Scovillain|33/266|[from] item: Leftovers\n|upkeep\n|\n|t:|1733858006\n|switch|p1a: Sawsbuck|Sawsbuck-Winter, L88, M|284/284\n|turn|33\n|\n|t:|1733858013\n|move|p1a: Sawsbuck|High Horsepower|p2a: Scovillain\n|-damage|p2a: Scovillain|0 fnt\n|faint|p2a: Scovillain\n|-damage|p1a: Sawsbuck|256/284|[from] item: Life Orb\n|\n|upkeep\n|\n|t:|1733858020\n|switch|p2a: Archaludon|Archaludon, L78, F|268/268\n|turn|34\n|inactive|Battle timer is ON: inactive players will automatically lose when time's up. (requested by LarryBetraitor)\n|\n|t:|1733858038\n|switch|p1a: Torterra|Torterra, L78, M|276/276\n|move|p2a: Archaludon|Body Press|p1a: Torterra\n|-damage|p1a: Torterra|212/276\n|\n|upkeep\n|turn|35\n|\n|t:|1733858059\n|move|p2a: Archaludon|Flash Cannon|p1a: Torterra\n|-damage|p1a: Torterra|110/276\n|move|p1a: Torterra|Shell Smash|p1a: Torterra\n|-unboost|p1a: Torterra|def|1\n|-unboost|p1a: Torterra|spd|1\n|-boost|p1a: Torterra|atk|2\n|-boost|p1a: Torterra|spa|2\n|-boost|p1a: Torterra|spe|2\n|\n|upkeep\n|turn|36\n|\n|t:|1733858077\n|move|p1a: Torterra|Bullet Seed|p2a: Archaludon\n|-resisted|p2a: Archaludon\n|-damage|p2a: Archaludon|259/268\n|-ability|p2a: Archaludon|Stamina|boost\n|-boost|p2a: Archaludon|def|1\n|-resisted|p2a: Archaludon\n|-damage|p2a: Archaludon|253/268\n|-ability|p2a: Archaludon|Stamina|boost\n|-boost|p2a: Archaludon|def|1\n|-resisted|p2a: Archaludon\n|-damage|p2a: Archaludon|248/268\n|-ability|p2a: Archaludon|Stamina|boost\n|-boost|p2a: Archaludon|def|1\n|-resisted|p2a: Archaludon\n|-damage|p2a: Archaludon|244/268\n|-ability|p2a: Archaludon|Stamina|boost\n|-boost|p2a: Archaludon|def|1\n|-hitcount|p2a: Archaludon|4\n|move|p2a: Archaludon|Flash Cannon|p1a: Torterra\n|-damage|p1a: Torterra|0 fnt\n|faint|p1a: Torterra\n|\n|upkeep\n|c|\u2606LarryBetraitor|Thanks\n|inactive|Peppotruco has 120 seconds left.\n|\n|t:|1733858110\n|switch|p1a: Sawsbuck|Sawsbuck-Winter, L88, M|256/284\n|turn|37\n|\n|t:|1733858130\n|switch|p1a: Iron Hands|Iron Hands, L79|90/373\n|move|p2a: Archaludon|Body Press|p1a: Iron Hands\n|-damage|p1a: Iron Hands|0 fnt\n|faint|p1a: Iron Hands\n|-end|p1a: Iron Hands|Quark Drive|[silent]\n|\n|upkeep\n|\n|t:|1733858136\n|switch|p1a: Oricorio|Oricorio-Pa'u, L87, M|272/272\n|turn|38\n|inactive|Peppotruco has 90 seconds left.\n|\n|t:|1733858153\n|move|p1a: Oricorio|Quiver Dance|p1a: Oricorio\n|-boost|p1a: Oricorio|spa|1\n|-boost|p1a: Oricorio|spd|1\n|-boost|p1a: Oricorio|spe|1\n|move|p2a: Archaludon|Thunderbolt|p1a: Oricorio\n|-supereffective|p1a: Oricorio\n|-damage|p1a: Oricorio|160/272\n|\n|upkeep\n|turn|39\n|inactive|Peppotruco has 90 seconds left.\n|\n|t:|1733858168\n|move|p1a: Oricorio|Revelation Dance|p2a: Archaludon\n|-resisted|p2a: Archaludon\n|-damage|p2a: Archaludon|175/268\n|-ability|p2a: Archaludon|Stamina|boost\n|-boost|p2a: Archaludon|def|1\n|move|p2a: Archaludon|Thunderbolt|p1a: Oricorio\n|-supereffective|p1a: Oricorio\n|-damage|p1a: Oricorio|52/272\n|\n|upkeep\n|turn|40\n|\n|t:|1733858177\n|move|p1a: Oricorio|Roost|p1a: Oricorio\n|-heal|p1a: Oricorio|188/272\n|-singleturn|p1a: Oricorio|move: Roost\n|move|p2a: Archaludon|Thunderbolt|p1a: Oricorio\n|-damage|p1a: Oricorio|135/272\n|-status|p1a: Oricorio|par\n|\n|upkeep\n|turn|41\n|\n|t:|1733858185\n|move|p2a: Archaludon|Thunderbolt|p1a: Oricorio\n|-supereffective|p1a: Oricorio\n|-damage|p1a: Oricorio|29/272 par\n|move|p1a: Oricorio|Hurricane|p2a: Archaludon|[miss]\n|-miss|p1a: Oricorio|p2a: Archaludon\n|\n|upkeep\n|turn|42\n|inactive|Peppotruco has 90 seconds left.\n|\n|t:|1733858212\n|move|p2a: Archaludon|Thunderbolt|p1a: Oricorio\n|-supereffective|p1a: Oricorio\n|-damage|p1a: Oricorio|0 fnt\n|faint|p1a: Oricorio\n|\n|upkeep\n|\n|t:|1733858219\n|switch|p1a: Hitmonchan|Hitmonchan, L87, M|229/229\n|turn|43\n|inactive|Peppotruco has 90 seconds left.\n|\n|t:|1733858232\n|move|p1a: Hitmonchan|Bulk Up|p1a: Hitmonchan\n|-boost|p1a: Hitmonchan|atk|1\n|-boost|p1a: Hitmonchan|def|1\n|move|p2a: Archaludon|Body Press|p1a: Hitmonchan\n|-damage|p1a: Hitmonchan|81/229\n|\n|-heal|p1a: Hitmonchan|95/229|[from] item: Leftovers\n|upkeep\n|turn|44\n|inactive|Peppotruco has 90 seconds left.\n|\n|t:|1733858242\n|move|p1a: Hitmonchan|Drain Punch|p2a: Archaludon\n|-supereffective|p2a: Archaludon\n|-damage|p2a: Archaludon|103/268\n|-heal|p1a: Hitmonchan|131/229|[from] drain|[of] p2a: Archaludon\n|-ability|p2a: Archaludon|Stamina|boost\n|-boost|p2a: Archaludon|def|1\n|move|p2a: Archaludon|Draco Meteor|p1a: Hitmonchan\n|-damage|p1a: Hitmonchan|1/229\n|-unboost|p2a: Archaludon|spa|2\n|\n|-heal|p1a: Hitmonchan|15/229|[from] item: Leftovers\n|upkeep\n|turn|45\n|inactive|Peppotruco has 90 seconds left.\n|\n|t:|1733858256\n|-terastallize|p2a: Archaludon|Fighting\n|move|p1a: Hitmonchan|Drain Punch|p2a: Archaludon\n|-damage|p2a: Archaludon|70/268\n|-heal|p1a: Hitmonchan|32/229|[from] drain|[of] p2a: Archaludon\n|move|p2a: Archaludon|Body Press|p1a: Hitmonchan\n|-damage|p1a: Hitmonchan|0 fnt\n|faint|p1a: Hitmonchan\n|\n|upkeep\n|inactive|Peppotruco has 90 seconds left.\n|\n|t:|1733858271\n|switch|p1a: Sawsbuck|Sawsbuck-Winter, L88, M|256/284\n|turn|46\n|\n|t:|1733858280\n|move|p1a: Sawsbuck|Horn Leech|p2a: Archaludon\n|-damage|p2a: Archaludon|43/268\n|-heal|p1a: Sawsbuck|270/284|[from] drain|[of] p2a: Archaludon\n|-damage|p1a: Sawsbuck|242/284|[from] item: Life Orb\n|move|p2a: Archaludon|Body Press|p1a: Sawsbuck\n|-supereffective|p1a: Sawsbuck\n|-damage|p1a: Sawsbuck|0 fnt\n|faint|p1a: Sawsbuck\n|\n|win|LarryBetraitor\n|raw|Peppotruco's rating: 1075 &rarr; <strong>1053</strong><br />(-22 for losing)\n|raw|LarryBetraitor's rating: 1061 &rarr; <strong>1093</strong><br />(+32 for winning)\n", "inputlog": ">version bfd83cad13791eb5a5a409923076391caf6fb4d4\n>start {\"formatid\":\"gen9randombattle\",\"seed\":[26341,8757,45890,49679],\"rated\":\"Rated battle\"}\n>player p1 {\"name\":\"Peppotruco\",\"avatar\":\"266\",\"rating\":1075,\"seed\":[27891,61481,53539,33714]}\n>player p2 {\"name\":\"LarryBetraitor\",\"avatar\":\"shelly\",\"rating\":1061,\"seed\":[44004,52693,33326,3137]}\n>chat \u2606Peppotruco|gllhf\n>p1 move swordsdance\n>p2 move substitute\n>p1 move earthquake\n>p2 move leechseed\n>p1 move earthquake\n>p2 move leechseed\n>p1 move earthquake\n>p2 move protect\n>p1 move earthquake\n>p2 move substitute\n>p1 switch 5\n>p2 move protect\n>p1 move swordsdance\n>p2 move substitute\n>p1 move icepunch\n>p2 move leechseed\n>p1 move icepunch\n>p2 move protect\n>p1 move drainpunch\n>p2 move substitute\n>p1 move icepunch\n>p2 move substitute\n>p1 move icepunch\n>p2 move protect\n>p1 move icepunch\n>p2 move substitute\n>p1 move icepunch\n>p2 move substitute\n>p1 move icepunch\n>p2 move protect\n>p1 move drainpunch\n>p2 move substitute\n>p1 move drainpunch\n>p2 move protect\n>p1 move drainpunch\n>p2 move substitute\n>p1 move drainpunch\n>p2 move protect\n>p1 move drainpunch\n>p2 move substitute\n>p1 move drainpunch\n>p2 move flamethrower\n>p1 switch 5\n>p2 move substitute\n>p1 move earthquake\n>p2 move leechseed\n>p1 move earthquake\n>p2 move protect\n>p1 move earthquake\n>p2 move substitute\n>p1 switch 5\n>p2 move protect\n>p1 switch 5\n>p2 move flamethrower\n>p1 move earthquake terastallize\n>p2 move substitute\n>p1 move earthquake\n>p2 move leechseed\n>p1 switch 5\n>p2 move protect\n>p1 move drainpunch\n>p2 move flamethrower\n>p1 switch 5\n>p2 move flamethrower\n>p1 switch 6\n>p1 move highhorsepower\n>p2 move flamethrower\n>p2 switch 6\n>p1 switch 3\n>p2 move bodypress\n>p1 move shellsmash\n>p2 move flashcannon\n>p1 move bulletseed\n>p2 move flashcannon\n>chat \u2606LarryBetraitor|Thanks\n>p1 switch 3\n>p1 switch 5\n>p2 move bodypress\n>p1 switch 4\n>p1 move quiverdance\n>p2 move thunderbolt\n>p1 move revelationdance\n>p2 move thunderbolt\n>p1 move roost\n>p2 move thunderbolt\n>p1 move hurricane\n>p2 move thunderbolt\n>p1 move revelationdance\n>p2 move thunderbolt\n>p1 switch 2\n>p1 move bulkup\n>p2 move bodypress\n>p1 move drainpunch\n>p2 move dracometeor\n>p1 move drainpunch\n>p2 move bodypress terastallize\n>p1 switch 5\n>p1 move hornleech\n>p2 move bodypress", "uploadtime": 1733858289, "views": 1, "formatid": "gen9randombattle", "rating": 1053, "private": 0, "password": null}