{"id": "gen9randombattle-2260373901", "format": "[Gen 9] Random Battle", "players": ["RealBeku", "Daxman457"], "log": "|j|\u2606RealBeku\n|j|\u203dDaxman457\n|t:|1733845273\n|gametype|singles\n|player|p1|RealBeku|2|\n|player|p2|Daxman457|169|\n|teamsize|p1|6\n|teamsize|p2|6\n|gen|9\n|tier|[Gen 9] Random Battle\n|rule|Species Clause: Limit one of each Pok\u00e9mon\n|rule|HP Percentage Mod: HP is shown in percentages\n|rule|Sleep Clause Mod: Limit one foe put to sleep\n|rule|Illusion Level Mod: Illusion disguises the Pok\u00e9mon's true level\n|\n|t:|1733845273\n|start\n|switch|p1a: Volcanion|Volcanion, L79|256/256\n|switch|p2a: Gallade|Gallade, L81, M|243/243\n|turn|1\n|\n|t:|1733845302\n|move|p2a: Gallade|Swords Dance|p2a: Gallade\n|-boost|p2a: Gallade|atk|2\n|move|p1a: Volcanion|Steam Eruption|p2a: Gallade\n|-damage|p2a: Gallade|135/243\n|\n|upkeep\n|turn|2\n|\n|t:|1733845311\n|move|p2a: Gallade|Sacred Sword|p1a: Volcanion\n|-damage|p1a: Volcanion|0 fnt\n|faint|p1a: Volcanion\n|-damage|p2a: Gallade|111/243|[from] item: Life Orb\n|\n|upkeep\n|\n|t:|1733845326\n|switch|p1a: Mienshao|Mienshao, L83, M|244/244\n|turn|3\n|\n|t:|1733845340\n|move|p1a: Mienshao|Poison Jab|p2a: Gallade\n|-damage|p2a: Gallade|0 fnt\n|faint|p2a: Gallade\n|-damage|p1a: Mienshao|220/244|[from] item: Life Orb\n|\n|upkeep\n|\n|t:|1733845349\n|switch|p2a: Sableye|Sableye, L89, F|234/234\n|turn|4\n|\n|t:|1733845357\n|move|p1a: Mienshao|Poison Jab|p2a: Sableye\n|-resisted|p2a: Sableye\n|-damage|p2a: Sableye|185/234\n|-damage|p1a: Mienshao|196/244|[from] item: Life Orb\n|move|p2a: Sableye|Knock Off|p1a: Mienshao\n|-resisted|p1a: Mienshao\n|-damage|p1a: Mienshao|130/244\n|-enditem|p1a: Mienshao|Life Orb|[from] move: Knock Off|[of] p2a: Sableye\n|\n|-heal|p2a: Sableye|199/234|[from] item: Leftovers\n|upkeep\n|turn|5\n|\n|t:|1733845372\n|move|p2a: Sableye|Will-O-Wisp|p1a: Mienshao|[miss]\n|-miss|p2a: Sableye|p1a: Mienshao\n|move|p1a: Mienshao|Knock Off|p2a: Sableye\n|-damage|p2a: Sableye|106/234\n|-enditem|p2a: Sableye|Leftovers|[from] move: Knock Off|[of] p1a: Mienshao\n|\n|upkeep\n|turn|6\n|\n|t:|1733845399\n|switch|p2a: Breloom|Breloom, L82, M|233/233\n|move|p1a: Mienshao|Knock Off|p2a: Breloom\n|-resisted|p2a: Breloom\n|-damage|p2a: Breloom|184/233\n|-enditem|p2a: Breloom|Life Orb|[from] move: Knock Off|[of] p1a: Mienshao\n|\n|upkeep\n|turn|7\n|\n|t:|1733845409\n|move|p2a: Breloom|Mach Punch|p1a: Mienshao\n|-damage|p1a: Mienshao|33/244\n|move|p1a: Mienshao|Poison Jab|p2a: Breloom\n|-supereffective|p2a: Breloom\n|-damage|p2a: Breloom|42/233\n|\n|upkeep\n|turn|8\n|\n|t:|1733845420\n|move|p2a: Breloom|Mach Punch|p1a: Mienshao\n|-damage|p1a: Mienshao|0 fnt\n|faint|p1a: Mienshao\n|\n|upkeep\n|\n|t:|1733845424\n|switch|p1a: Eternatus|Eternatus, L69|308/308\n|-ability|p1a: Eternatus|Pressure\n|turn|9\n|\n|t:|1733845433\n|move|p1a: Eternatus|Flamethrower|p2a: Breloom\n|-supereffective|p2a: Breloom\n|-damage|p2a: Breloom|0 fnt\n|faint|p2a: Breloom\n|\n|upkeep\n|\n|t:|1733845447\n|switch|p2a: Kilowattrel|Kilowattrel, L83, M|252/252\n|turn|10\n|\n|t:|1733845462\n|move|p2a: Kilowattrel|Thunder Wave|p1a: Eternatus\n|-status|p1a: Eternatus|par\n|move|p1a: Eternatus|Toxic|p2a: Kilowattrel\n|-status|p2a: Kilowattrel|tox\n|\n|-damage|p2a: Kilowattrel|237/252 tox|[from] psn\n|upkeep\n|turn|11\n|\n|t:|1733845473\n|move|p2a: Kilowattrel|Hurricane|p1a: Eternatus|[miss]\n|-miss|p2a: Kilowattrel|p1a: Eternatus\n|move|p1a: Eternatus|Flamethrower|p2a: Kilowattrel\n|-damage|p2a: Kilowattrel|163/252 tox\n|\n|-damage|p2a: Kilowattrel|133/252 tox|[from] psn\n|upkeep\n|turn|12\n|\n|t:|1733845482\n|move|p2a: Kilowattrel|Hurricane|p1a: Eternatus\n|-damage|p1a: Eternatus|173/308 par\n|cant|p1a: Eternatus|par\n|\n|-damage|p2a: Kilowattrel|88/252 tox|[from] psn\n|upkeep\n|turn|13\n|\n|t:|1733845490\n|move|p2a: Kilowattrel|Hurricane|p1a: Eternatus\n|-damage|p1a: Eternatus|41/308 par\n|move|p1a: Eternatus|Recover|p1a: Eternatus\n|-heal|p1a: Eternatus|195/308 par\n|\n|-damage|p2a: Kilowattrel|28/252 tox|[from] psn\n|upkeep\n|turn|14\n|\n|t:|1733845498\n|move|p2a: Kilowattrel|Hurricane|p1a: Eternatus|[miss]\n|-miss|p2a: Kilowattrel|p1a: Eternatus\n|move|p1a: Eternatus|Recover|p1a: Eternatus\n|-heal|p1a: Eternatus|308/308 par\n|\n|-damage|p2a: Kilowattrel|0 fnt|[from] psn\n|faint|p2a: Kilowattrel\n|upkeep\n|\n|t:|1733845508\n|switch|p2a: Abomasnow|Abomasnow, L85, M|291/291\n|-weather|Snow|[from] ability: Snow Warning|[of] p2a: Abomasnow\n|turn|15\n|\n|t:|1733845515\n|move|p2a: Abomasnow|Earthquake|p1a: Eternatus\n|-supereffective|p1a: Eternatus\n|-damage|p1a: Eternatus|148/308 par\n|move|p1a: Eternatus|Flamethrower|p2a: Abomasnow\n|-supereffective|p2a: Abomasnow\n|-damage|p2a: Abomasnow|43/291\n|-status|p2a: Abomasnow|brn\n|\n|-weather|Snow|[upkeep]\n|-damage|p2a: Abomasnow|25/291 brn|[from] brn\n|upkeep\n|turn|16\n|\n|t:|1733845526\n|move|p2a: Abomasnow|Earthquake|p1a: Eternatus\n|-supereffective|p1a: Eternatus\n|-damage|p1a: Eternatus|71/308 par\n|move|p1a: Eternatus|Recover|p1a: Eternatus\n|-heal|p1a: Eternatus|225/308 par\n|\n|-weather|Snow|[upkeep]\n|-damage|p2a: Abomasnow|7/291 brn|[from] brn\n|upkeep\n|turn|17\n|\n|t:|1733845535\n|move|p2a: Abomasnow|Earthquake|p1a: Eternatus\n|-supereffective|p1a: Eternatus\n|-damage|p1a: Eternatus|144/308 par\n|move|p1a: Eternatus|Recover|p1a: Eternatus\n|-heal|p1a: Eternatus|298/308 par\n|\n|-weather|Snow|[upkeep]\n|-damage|p2a: Abomasnow|0 fnt|[from] brn\n|faint|p2a: Abomasnow\n|upkeep\n|\n|t:|1733845546\n|switch|p2a: Sableye|Sableye, L89, F|106/234\n|turn|18\n|\n|t:|1733845555\n|move|p2a: Sableye|Knock Off|p1a: Eternatus\n|-damage|p1a: Eternatus|184/308 par\n|-damage|p2a: Sableye|67/234|[from] item: Rocky Helmet|[of] p1a: Eternatus\n|-enditem|p1a: Eternatus|Rocky Helmet|[from] move: Knock Off|[of] p2a: Sableye\n|cant|p1a: Eternatus|par\n|\n|-weather|Snow|[upkeep]\n|upkeep\n|turn|19\n|\n|t:|1733845569\n|move|p2a: Sableye|Knock Off|p1a: Eternatus\n|-damage|p1a: Eternatus|115/308 par\n|move|p1a: Eternatus|Recover|p1a: Eternatus\n|-heal|p1a: Eternatus|269/308 par\n|\n|-weather|none\n|upkeep\n|turn|20\n|\n|t:|1733845581\n|-terastallize|p2a: Sableye|Steel\n|move|p2a: Sableye|Encore|p1a: Eternatus\n|-start|p1a: Eternatus|Encore\n|cant|p1a: Eternatus|par\n|\n|upkeep\n|turn|21\n|\n|t:|1733845589\n|move|p2a: Sableye|Encore||[still]\n|-fail|p2a: Sableye\n|move|p1a: Eternatus|Recover|p1a: Eternatus\n|-heal|p1a: Eternatus|308/308 par\n|\n|upkeep\n|turn|22\n|\n|t:|1733845595\n|move|p2a: Sableye|Encore||[still]\n|-fail|p2a: Sableye\n|move|p1a: Eternatus|Recover||[still]\n|-fail|p1a: Eternatus|heal\n|\n|-end|p1a: Eternatus|Encore\n|upkeep\n|turn|23\n|\n|t:|1733845602\n|move|p2a: Sableye|Encore|p1a: Eternatus\n|-start|p1a: Eternatus|Encore\n|move|p1a: Eternatus|Recover||[still]\n|-fail|p1a: Eternatus|heal\n|\n|-end|p1a: Eternatus|Encore\n|upkeep\n|turn|24\n|\n|t:|1733845612\n|move|p2a: Sableye|Recover|p2a: Sableye\n|-heal|p2a: Sableye|184/234\n|move|p1a: Eternatus|Dynamax Cannon|p2a: Sableye\n|-resisted|p2a: Sableye\n|-damage|p2a: Sableye|127/234\n|\n|upkeep\n|turn|25\n|\n|t:|1733845623\n|switch|p1a: Armarouge|Armarouge, L80, F|267/267\n|move|p2a: Sableye|Will-O-Wisp|p1a: Armarouge\n|-immune|p1a: Armarouge\n|\n|upkeep\n|turn|26\n|\n|t:|1733845632\n|move|p2a: Sableye|Recover|p2a: Sableye\n|-heal|p2a: Sableye|234/234\n|move|p1a: Armarouge|Armor Cannon|p2a: Sableye\n|-supereffective|p2a: Sableye\n|-damage|p2a: Sableye|0 fnt\n|-unboost|p1a: Armarouge|def|1\n|-unboost|p1a: Armarouge|spd|1\n|faint|p2a: Sableye\n|\n|upkeep\n|\n|t:|1733845641\n|switch|p2a: Mew|Mew, L82|298/298\n|turn|27\n|\n|t:|1733845652\n|-terastallize|p1a: Armarouge|Fire\n|move|p2a: Mew|Bug Buzz|p1a: Armarouge\n|-resisted|p1a: Armarouge\n|-damage|p1a: Armarouge|203/267\n|-damage|p2a: Mew|269/298|[from] item: Life Orb\n|move|p1a: Armarouge|Armor Cannon|p2a: Mew\n|-damage|p2a: Mew|95/298\n|-unboost|p1a: Armarouge|def|1\n|-unboost|p1a: Armarouge|spd|1\n|\n|upkeep\n|turn|28\n|\n|t:|1733845663\n|move|p2a: Mew|Fire Blast|p1a: Armarouge\n|-resisted|p1a: Armarouge\n|-damage|p1a: Armarouge|89/267\n|-damage|p2a: Mew|66/298|[from] item: Life Orb\n|move|p1a: Armarouge|Armor Cannon|p2a: Mew\n|-damage|p2a: Mew|0 fnt\n|-unboost|p1a: Armarouge|def|1\n|-unboost|p1a: Armarouge|spd|1\n|faint|p2a: Mew\n|\n|win|RealBeku\n|l|\u2606RealBeku\n|player|p1|\n", "inputlog": ">version bfd83cad13791eb5a5a409923076391caf6fb4d4\n>start {\"formatid\":\"gen9randombattle\",\"seed\":[34121,60306,24827,27885]}\n>player p1 {\"name\":\"RealBeku\",\"avatar\":\"2\",\"rating\":0,\"seed\":[54183,49745,23252,49355]}\n>player p2 {\"name\":\"Daxman457\",\"avatar\":\"169\",\"rating\":0,\"seed\":[21232,53915,11070,33299]}\n>p1 move steameruption\n>p2 move swordsdance\n>p1 move sludgebomb\n>p2 move sacredsword\n>p1 switch 5\n>p1 move poisonjab\n>p2 move sacredsword\n>p2 switch 5\n>p1 move poisonjab\n>p2 move knockoff\n>p1 move knockoff\n>p2 move willowisp\n>p1 move knockoff\n>p2 switch 3\n>p1 move poisonjab\n>p2 move machpunch\n>p1 move poisonjab\n>p2 move machpunch\n>p1 switch 3\n>p1 move flamethrower\n>p2 move rocktomb\n>p2 switch 6\n>p1 move toxic\n>p2 move thunderwave\n>p1 move flamethrower\n>p2 move hurricane\n>p1 move dynamaxcannon\n>p2 move hurricane\n>p1 move recover\n>p2 move hurricane\n>p1 move recover\n>p2 move hurricane\n>p2 switch 2\n>p1 move flamethrower\n>p2 move earthquake\n>p1 move recover\n>p2 move earthquake\n>p1 move recover\n>p2 move earthquake\n>p2 switch 3\n>p1 move dynamaxcannon\n>p2 move knockoff\n>p1 move recover\n>p2 move knockoff\n>p1 move dynamaxcannon\n>p2 move encore terastallize\n>p1 move recover\n>p2 move encore\n>p1 move recover\n>p2 move encore\n>p1 move dynamaxcannon\n>p2 move encore\n>p1 move dynamaxcannon\n>p2 move recover\n>p1 switch 4\n>p2 move willowisp\n>p1 move armorcannon\n>p2 move recover\n>p2 switch 4\n>p1 move armorcannon terastallize\n>p2 move bugbuzz\n>p1 move armorcannon\n>p2 move fireblast", "uploadtime": 1733845674, "views": 1, "formatid": "gen9randombattle", "rating": null, "private": 0, "password": null}