{"id": "gen9randombattle-2260869716", "format": "[Gen 9] Random Battle", "players": ["lawsyx13", "no tengo enemigos"], "log": "|j|\u2606lawsyx13\n|j|\u2606no tengo enemigos\n|t:|1733907802\n|gametype|singles\n|player|p1|lawsyx13|1|1434\n|player|p2|no tengo enemigos|169|1432\n|teamsize|p1|6\n|teamsize|p2|6\n|gen|9\n|tier|[Gen 9] Random Battle\n|rated|\n|rule|Species Clause: Limit one of each Pok\u00e9mon\n|rule|HP Percentage Mod: HP is shown in percentages\n|rule|Sleep Clause Mod: Limit one foe put to sleep\n|rule|Illusion Level Mod: Illusion disguises the Pok\u00e9mon's true level\n|\n|t:|1733907802\n|start\n|switch|p1a: Umbreon|Umbreon, L84, F|297/297\n|switch|p2a: Sunflora|Sunflora, F|312/312\n|turn|1\n|inactive|Battle timer is ON: inactive players will automatically lose when time's up. (requested by lawsyx13)\n|\n|t:|1733907809\n|switch|p2a: Tinkaton|Tinkaton, L82, F|274/274\n|-ability|p2a: Tinkaton|Mold Breaker\n|move|p1a: Umbreon|Toxic|p2a: Tinkaton\n|-immune|p2a: Tinkaton\n|\n|upkeep\n|turn|2\n|\n|t:|1733907814\n|switch|p1a: Armarouge|Armarouge, L80, F|267/267\n|move|p2a: Tinkaton|Encore||[still]\n|-fail|p2a: Tinkaton\n|\n|upkeep\n|turn|3\n|\n|t:|1733907822\n|move|p2a: Tinkaton|Stealth Rock|p1a: Armarouge\n|-sidestart|p1: lawsyx13|move: Stealth Rock\n|move|p1a: Armarouge|Meteor Beam||[still]\n|-prepare|p1a: Armarouge|Meteor Beam\n|-boost|p1a: Armarouge|spa|1\n|-enditem|p1a: Armarouge|Power Herb\n|-anim|p1a: Armarouge|Meteor Beam|p2a: Tinkaton|[miss]\n|-miss|p1a: Armarouge|p2a: Tinkaton\n|\n|upkeep\n|turn|4\n|c|\u2606lawsyx13|Haha\n|\n|t:|1733907839\n|switch|p2a: Sunflora|Sunflora, F|312/312\n|move|p1a: Armarouge|Armor Cannon|p2a: Sunflora\n|-supereffective|p2a: Sunflora\n|-damage|p2a: Sunflora|0 fnt\n|-unboost|p1a: Armarouge|def|1\n|-unboost|p1a: Armarouge|spd|1\n|faint|p2a: Sunflora\n|\n|upkeep\n|\n|t:|1733907848\n|switch|p2a: Porygon-Z|Porygon-Z, L83|277/277\n|-ability|p2a: Porygon-Z|Download|boost\n|-boost|p2a: Porygon-Z|spa|1\n|turn|5\n|\n|t:|1733907859\n|move|p2a: Porygon-Z|Tri Attack|p1a: Armarouge\n|-damage|p1a: Armarouge|0 fnt\n|faint|p1a: Armarouge\n|-damage|p2a: Porygon-Z|250/277|[from] item: Life Orb\n|\n|upkeep\n|\n|t:|1733907863\n|switch|p1a: Umbreon|Umbreon, L84, F|297/297\n|-damage|p1a: Umbreon|260/297|[from] Stealth Rock\n|turn|6\n|\n|t:|1733907889\n|move|p2a: Porygon-Z|Nasty Plot|p2a: Porygon-Z\n|-boost|p2a: Porygon-Z|spa|2\n|move|p1a: Umbreon|Toxic|p2a: Porygon-Z\n|-status|p2a: Porygon-Z|tox\n|\n|-heal|p1a: Umbreon|278/297|[from] item: Leftovers\n|-damage|p2a: Porygon-Z|233/277 tox|[from] psn\n|upkeep\n|turn|7\n|\n|t:|1733907894\n|move|p1a: Umbreon|Protect|p1a: Umbreon\n|-singleturn|p1a: Umbreon|Protect\n|move|p2a: Porygon-Z|Tri Attack|p1a: Umbreon\n|-activate|p1a: Umbreon|move: Protect\n|\n|-heal|p1a: Umbreon|296/297|[from] item: Leftovers\n|-damage|p2a: Porygon-Z|199/277 tox|[from] psn\n|upkeep\n|turn|8\n|\n|t:|1733907905\n|switch|p1a: Basculegion|Basculegion-F, L83, F|335/335\n|-damage|p1a: Basculegion|294/335|[from] Stealth Rock\n|move|p2a: Porygon-Z|Tri Attack|p1a: Basculegion\n|-immune|p1a: Basculegion\n|\n|-damage|p2a: Porygon-Z|148/277 tox|[from] psn\n|upkeep\n|turn|9\n|\n|t:|1733907919\n|move|p2a: Porygon-Z|Thunderbolt|p1a: Basculegion\n|-supereffective|p1a: Basculegion\n|-damage|p1a: Basculegion|0 fnt\n|faint|p1a: Basculegion\n|-damage|p2a: Porygon-Z|121/277 tox|[from] item: Life Orb\n|\n|-damage|p2a: Porygon-Z|53/277 tox|[from] psn\n|upkeep\n|\n|t:|1733907923\n|switch|p1a: Umbreon|Umbreon, L84, F|296/297\n|-damage|p1a: Umbreon|259/297|[from] Stealth Rock\n|turn|10\n|\n|t:|1733907927\n|move|p1a: Umbreon|Protect|p1a: Umbreon\n|-singleturn|p1a: Umbreon|Protect\n|move|p2a: Porygon-Z|Tri Attack|p1a: Umbreon\n|-activate|p1a: Umbreon|move: Protect\n|\n|-heal|p1a: Umbreon|277/297|[from] item: Leftovers\n|-damage|p2a: Porygon-Z|0 fnt|[from] psn\n|faint|p2a: Porygon-Z\n|upkeep\n|\n|t:|1733907929\n|switch|p2a: Tinkaton|Tinkaton, L82, F|274/274\n|-ability|p2a: Tinkaton|Mold Breaker\n|turn|11\n|\n|t:|1733907942\n|switch|p1a: Bastiodon|Bastiodon, L89, M|252/252\n|-damage|p1a: Bastiodon|237/252|[from] Stealth Rock\n|move|p2a: Tinkaton|Play Rough|p1a: Bastiodon|[miss]\n|-miss|p2a: Tinkaton|p1a: Bastiodon\n|\n|upkeep\n|turn|12\n|\n|t:|1733907948\n|switch|p2a: Wo-Chien|Wo-Chien, L83|277/277\n|-ability|p2a: Wo-Chien|Tablets of Ruin\n|move|p1a: Bastiodon|Iron Defense|p1a: Bastiodon\n|-boost|p1a: Bastiodon|def|2\n|\n|upkeep\n|turn|13\n|\n|t:|1733907956\n|-terastallize|p2a: Wo-Chien|Poison\n|move|p2a: Wo-Chien|Leech Seed|p1a: Bastiodon\n|-start|p1a: Bastiodon|move: Leech Seed\n|move|p1a: Bastiodon|Body Press|p2a: Wo-Chien\n|-resisted|p2a: Wo-Chien\n|-crit|p2a: Wo-Chien\n|-damage|p2a: Wo-Chien|184/277\n|\n|-heal|p2a: Wo-Chien|201/277|[from] item: Leftovers\n|-damage|p1a: Bastiodon|206/252|[from] Leech Seed|[of] p2a: Wo-Chien\n|-heal|p2a: Wo-Chien|232/277|[silent]\n|upkeep\n|turn|14\n|\n|t:|1733907967\n|move|p2a: Wo-Chien|Knock Off|p1a: Bastiodon\n|-damage|p1a: Bastiodon|178/252\n|-enditem|p1a: Bastiodon|Chesto Berry|[from] move: Knock Off|[of] p2a: Wo-Chien\n|move|p1a: Bastiodon|Iron Defense|p1a: Bastiodon\n|-boost|p1a: Bastiodon|def|2\n|\n|-heal|p2a: Wo-Chien|249/277|[from] item: Leftovers\n|-damage|p1a: Bastiodon|147/252|[from] Leech Seed|[of] p2a: Wo-Chien\n|-heal|p2a: Wo-Chien|277/277|[silent]\n|upkeep\n|turn|15\n|\n|t:|1733907973\n|move|p2a: Wo-Chien|Ruination|p1a: Bastiodon|[miss]\n|-miss|p2a: Wo-Chien|p1a: Bastiodon\n|move|p1a: Bastiodon|Iron Defense|p1a: Bastiodon\n|-boost|p1a: Bastiodon|def|2\n|\n|-damage|p1a: Bastiodon|116/252|[from] Leech Seed|[of] p2a: Wo-Chien\n|upkeep\n|turn|16\n|\n|t:|1733907978\n|move|p2a: Wo-Chien|Ruination|p1a: Bastiodon\n|-damage|p1a: Bastiodon|58/252\n|move|p1a: Bastiodon|Body Press|p2a: Wo-Chien\n|-resisted|p2a: Wo-Chien\n|-damage|p2a: Wo-Chien|145/277\n|\n|-heal|p2a: Wo-Chien|162/277|[from] item: Leftovers\n|-damage|p1a: Bastiodon|27/252|[from] Leech Seed|[of] p2a: Wo-Chien\n|-heal|p2a: Wo-Chien|193/277|[silent]\n|upkeep\n|turn|17\n|\n|t:|1733907985\n|move|p2a: Wo-Chien|Protect|p2a: Wo-Chien\n|-singleturn|p2a: Wo-Chien|Protect\n|move|p1a: Bastiodon|Rest|p1a: Bastiodon\n|-status|p1a: Bastiodon|slp|[from] move: Rest\n|-heal|p1a: Bastiodon|252/252 slp|[silent]\n|\n|-heal|p2a: Wo-Chien|210/277|[from] item: Leftovers\n|-damage|p1a: Bastiodon|221/252 slp|[from] Leech Seed|[of] p2a: Wo-Chien\n|-heal|p2a: Wo-Chien|241/277|[silent]\n|upkeep\n|turn|18\n|\n|t:|1733907989\n|move|p2a: Wo-Chien|Ruination|p1a: Bastiodon\n|-damage|p1a: Bastiodon|111/252 slp\n|cant|p1a: Bastiodon|slp\n|\n|-heal|p2a: Wo-Chien|258/277|[from] item: Leftovers\n|-damage|p1a: Bastiodon|80/252 slp|[from] Leech Seed|[of] p2a: Wo-Chien\n|-heal|p2a: Wo-Chien|277/277|[silent]\n|upkeep\n|turn|19\n|\n|t:|1733907991\n|move|p2a: Wo-Chien|Ruination|p1a: Bastiodon\n|-damage|p1a: Bastiodon|40/252 slp\n|cant|p1a: Bastiodon|slp\n|\n|-damage|p1a: Bastiodon|9/252 slp|[from] Leech Seed|[of] p2a: Wo-Chien\n|upkeep\n|turn|20\n|\n|t:|1733907995\n|move|p2a: Wo-Chien|Protect|p2a: Wo-Chien\n|-singleturn|p2a: Wo-Chien|Protect\n|-curestatus|p1a: Bastiodon|slp|[msg]\n|move|p1a: Bastiodon|Rest|p1a: Bastiodon\n|-status|p1a: Bastiodon|slp|[from] move: Rest\n|-heal|p1a: Bastiodon|252/252 slp|[silent]\n|\n|-damage|p1a: Bastiodon|221/252 slp|[from] Leech Seed|[of] p2a: Wo-Chien\n|upkeep\n|turn|21\n|\n|t:|1733907999\n|move|p2a: Wo-Chien|Ruination|p1a: Bastiodon\n|-damage|p1a: Bastiodon|111/252 slp\n|cant|p1a: Bastiodon|slp\n|\n|-damage|p1a: Bastiodon|80/252 slp|[from] Leech Seed|[of] p2a: Wo-Chien\n|upkeep\n|turn|22\n|\n|t:|1733908002\n|move|p2a: Wo-Chien|Ruination|p1a: Bastiodon\n|-damage|p1a: Bastiodon|40/252 slp\n|cant|p1a: Bastiodon|slp\n|\n|-damage|p1a: Bastiodon|9/252 slp|[from] Leech Seed|[of] p2a: Wo-Chien\n|upkeep\n|turn|23\n|\n|t:|1733908006\n|move|p2a: Wo-Chien|Knock Off|p1a: Bastiodon\n|-damage|p1a: Bastiodon|0 fnt\n|faint|p1a: Bastiodon\n|\n|upkeep\n|\n|t:|1733908012\n|switch|p1a: Passimian|Passimian, L83, M|302/302\n|-damage|p1a: Passimian|284/302|[from] Stealth Rock\n|turn|24\n|\n|t:|1733908026\n|move|p2a: Wo-Chien|Protect|p2a: Wo-Chien\n|-singleturn|p2a: Wo-Chien|Protect\n|move|p1a: Passimian|Earthquake|p2a: Wo-Chien\n|-activate|p2a: Wo-Chien|move: Protect\n|\n|upkeep\n|turn|25\n|\n|t:|1733908031\n|move|p1a: Passimian|Earthquake|p2a: Wo-Chien\n|-supereffective|p2a: Wo-Chien\n|-damage|p2a: Wo-Chien|169/277\n|move|p2a: Wo-Chien|Leech Seed|p1a: Passimian\n|-start|p1a: Passimian|move: Leech Seed\n|\n|-heal|p2a: Wo-Chien|186/277|[from] item: Leftovers\n|-damage|p1a: Passimian|247/302|[from] Leech Seed|[of] p2a: Wo-Chien\n|-heal|p2a: Wo-Chien|223/277|[silent]\n|upkeep\n|turn|26\n|\n|t:|1733908037\n|switch|p1a: Masquerain|Masquerain, L87, F|264/264\n|-ability|p1a: Masquerain|Intimidate|boost\n|-unboost|p2a: Wo-Chien|atk|1\n|move|p2a: Wo-Chien|Knock Off|p1a: Masquerain\n|-damage|p1a: Masquerain|183/264\n|-enditem|p1a: Masquerain|Heavy-Duty Boots|[from] move: Knock Off|[of] p2a: Wo-Chien\n|\n|-heal|p2a: Wo-Chien|240/277|[from] item: Leftovers\n|upkeep\n|turn|27\n|\n|t:|1733908041\n|move|p1a: Masquerain|Bug Buzz|p2a: Wo-Chien\n|-resisted|p2a: Wo-Chien\n|-damage|p2a: Wo-Chien|201/277\n|move|p2a: Wo-Chien|Leech Seed|p1a: Masquerain|[miss]\n|-miss|p2a: Wo-Chien|p1a: Masquerain\n|\n|-heal|p2a: Wo-Chien|218/277|[from] item: Leftovers\n|upkeep\n|turn|28\n|\n|t:|1733908044\n|move|p1a: Masquerain|Quiver Dance|p1a: Masquerain\n|-boost|p1a: Masquerain|spa|1\n|-boost|p1a: Masquerain|spd|1\n|-boost|p1a: Masquerain|spe|1\n|move|p2a: Wo-Chien|Leech Seed|p1a: Masquerain\n|-start|p1a: Masquerain|move: Leech Seed\n|\n|-heal|p2a: Wo-Chien|235/277|[from] item: Leftovers\n|-damage|p1a: Masquerain|150/264|[from] Leech Seed|[of] p2a: Wo-Chien\n|-heal|p2a: Wo-Chien|268/277|[silent]\n|upkeep\n|turn|29\n|\n|t:|1733908048\n|move|p1a: Masquerain|Hurricane|p2a: Wo-Chien|[miss]\n|-miss|p1a: Masquerain|p2a: Wo-Chien\n|move|p2a: Wo-Chien|Ruination|p1a: Masquerain\n|-damage|p1a: Masquerain|75/264\n|\n|-heal|p2a: Wo-Chien|277/277|[from] item: Leftovers\n|-damage|p1a: Masquerain|42/264|[from] Leech Seed|[of] p2a: Wo-Chien\n|upkeep\n|turn|30\n|\n|t:|1733908050\n|move|p1a: Masquerain|Hurricane|p2a: Wo-Chien\n|-damage|p2a: Wo-Chien|135/277\n|move|p2a: Wo-Chien|Knock Off|p1a: Masquerain\n|-damage|p1a: Masquerain|0 fnt\n|faint|p1a: Masquerain\n|\n|-heal|p2a: Wo-Chien|152/277|[from] item: Leftovers\n|upkeep\n|\n|t:|1733908056\n|switch|p1a: Passimian|Passimian, L83, M|247/302\n|-damage|p1a: Passimian|229/302|[from] Stealth Rock\n|turn|31\n|\n|t:|1733908060\n|move|p2a: Wo-Chien|Protect|p2a: Wo-Chien\n|-singleturn|p2a: Wo-Chien|Protect\n|move|p1a: Passimian|Earthquake|p2a: Wo-Chien\n|-activate|p2a: Wo-Chien|move: Protect\n|\n|-heal|p2a: Wo-Chien|169/277|[from] item: Leftovers\n|upkeep\n|turn|32\n|\n|t:|1733908068\n|move|p1a: Passimian|Earthquake|p2a: Wo-Chien\n|-supereffective|p2a: Wo-Chien\n|-damage|p2a: Wo-Chien|65/277\n|move|p2a: Wo-Chien|Leech Seed|p1a: Passimian\n|-start|p1a: Passimian|move: Leech Seed\n|\n|-heal|p2a: Wo-Chien|82/277|[from] item: Leftovers\n|-damage|p1a: Passimian|192/302|[from] Leech Seed|[of] p2a: Wo-Chien\n|-heal|p2a: Wo-Chien|119/277|[silent]\n|upkeep\n|turn|33\n|-message|lawsyx13 forfeited.\n|\n|win|no tengo enemigos\n|raw|lawsyx13's rating: 1434 &rarr; <strong>1414</strong><br />(-20 for losing)\n|raw|no tengo enemigos's rating: 1432 &rarr; <strong>1452</strong><br />(+20 for winning)\n|l|\u2606lawsyx13\n|player|p1|\n", "inputlog": ">version bfd83cad13791eb5a5a409923076391caf6fb4d4\n>start {\"formatid\":\"gen9randombattle\",\"seed\":[28609,56014,24925,42492],\"rated\":\"Rated battle\"}\n>player p1 {\"name\":\"lawsyx13\",\"avatar\":\"1\",\"rating\":1434,\"seed\":[55790,44836,10610,10412]}\n>player p2 {\"name\":\"no tengo enemigos\",\"avatar\":\"169\",\"rating\":1432,\"seed\":[3837,45620,8277,40753]}\n>p1 move toxic\n>p2 switch 6\n>p1 switch 3\n>p2 move encore\n>p1 move meteorbeam\n>p2 move stealthrock\n>chat \u2606lawsyx13|Haha\n>p1 move armorcannon\n>p2 switch 6\n>p2 switch 4\n>p1 move armorcannon\n>p2 move triattack\n>p1 switch 3\n>p1 move toxic\n>p2 move nastyplot\n>p1 move protect\n>p2 move triattack\n>p1 switch 2\n>p2 move triattack\n>p1 move flipturn\n>p2 move thunderbolt\n>p1 switch 2\n>p1 move protect\n>p2 move triattack\n>p2 switch 6\n>p1 switch 4\n>p2 move playrough\n>p1 move irondefense\n>p2 switch 5\n>p1 move bodypress\n>p2 move leechseed terastallize\n>p1 move irondefense\n>p2 move knockoff\n>p1 move irondefense\n>p2 move ruination\n>p1 move bodypress\n>p2 move ruination\n>p1 move rest\n>p2 move protect\n>p1 move bodypress\n>p2 move ruination\n>p1 move bodypress\n>p2 move ruination\n>p1 move rest\n>p2 move protect\n>p1 move bodypress\n>p2 move ruination\n>p1 move bodypress\n>p2 move ruination\n>p1 move rest\n>p2 move knockoff\n>p1 switch 5\n>p1 move earthquake\n>p2 move protect\n>p1 move earthquake\n>p2 move leechseed\n>p1 switch 6\n>p2 move knockoff\n>p1 move bugbuzz\n>p2 move leechseed\n>p1 move quiverdance\n>p2 move leechseed\n>p1 move hurricane\n>p2 move ruination\n>p1 move hurricane\n>p2 move knockoff\n>p1 switch 6\n>p1 move earthquake\n>p2 move protect\n>p1 move earthquake\n>p2 move leechseed\n>forcelose p1", "uploadtime": 1733908075, "views": 1, "formatid": "gen9randombattle", "rating": 1414, "private": 0, "password": null}