{"id": "gen9randombattle-2260265276", "format": "[Gen 9] Random Battle", "players": ["tonazin", "Roeif 2"], "log": "|j|\u2606tonazin\n|j|\u2606Roeif 2\n|t:|1733832201\n|gametype|singles\n|player|p1|tonazin|pokemaniac|1290\n|player|p2|Roeif 2|169|1249\n|teamsize|p1|6\n|teamsize|p2|6\n|gen|9\n|tier|[Gen 9] Random Battle\n|rated|\n|rule|Species Clause: Limit one of each Pok\u00e9mon\n|rule|HP Percentage Mod: HP is shown in percentages\n|rule|Sleep Clause Mod: Limit one foe put to sleep\n|rule|Illusion Level Mod: Illusion disguises the Pok\u00e9mon's true level\n|\n|t:|1733832201\n|start\n|switch|p1a: Mismagius|Mismagius, L86, M|243/243\n|switch|p2a: Wyrdeer|Wyrdeer, L87, M|321/321\n|-ability|p2a: Wyrdeer|Intimidate|boost\n|-unboost|p1a: Mismagius|atk|1\n|turn|1\n|inactive|Battle timer is ON: inactive players will automatically lose when time's up. (requested by Roeif 2)\n|\n|t:|1733832214\n|move|p1a: Mismagius|Nasty Plot|p1a: Mismagius\n|-boost|p1a: Mismagius|spa|2\n|move|p2a: Wyrdeer|Thunder Wave|p1a: Mismagius\n|-status|p1a: Mismagius|par\n|\n|upkeep\n|turn|2\n|\n|t:|1733832223\n|move|p2a: Wyrdeer|Psychic Noise|p1a: Mismagius\n|-damage|p1a: Mismagius|167/243 par\n|-start|p1a: Mismagius|move: Heal Block\n|move|p1a: Mismagius|Dazzling Gleam|p2a: Wyrdeer\n|-damage|p2a: Wyrdeer|134/321\n|-damage|p1a: Mismagius|143/243 par|[from] item: Life Orb\n|\n|-heal|p2a: Wyrdeer|154/321|[from] item: Leftovers\n|upkeep\n|turn|3\n|\n|t:|1733832246\n|switch|p2a: Zacian|Zacian-Crowned, L64|225/225\n|-ability|p2a: Zacian|Intrepid Sword|boost\n|-boost|p2a: Zacian|atk|1\n|move|p1a: Mismagius|Dazzling Gleam|p2a: Zacian\n|-resisted|p2a: Zacian\n|-damage|p2a: Zacian|133/225\n|-damage|p1a: Mismagius|119/243 par|[from] item: Life Orb\n|\n|-end|p1a: Mismagius|move: Heal Block\n|upkeep\n|turn|4\n|\n|t:|1733832263\n|move|p2a: Zacian|Behemoth Blade|p1a: Mismagius\n|-damage|p1a: Mismagius|0 fnt\n|faint|p1a: Mismagius\n|\n|upkeep\n|inactive|tonazin has 120 seconds left.\n|\n|t:|1733832301\n|switch|p1a: Muk|Muk, L86, F|321/321\n|turn|5\n|\n|t:|1733832314\n|move|p2a: Zacian|Swords Dance|p2a: Zacian\n|-boost|p2a: Zacian|atk|2\n|move|p1a: Muk|Poison Jab|p2a: Zacian\n|-immune|p2a: Zacian\n|\n|upkeep\n|turn|6\n|\n|t:|1733832328\n|move|p2a: Zacian|Swords Dance|p2a: Zacian\n|-boost|p2a: Zacian|atk|2\n|move|p1a: Muk|Knock Off|p2a: Zacian\n|-resisted|p2a: Zacian\n|-damage|p2a: Zacian|105/225\n|\n|upkeep\n|turn|7\n|\n|t:|1733832345\n|move|p2a: Zacian|Behemoth Blade|p1a: Muk\n|-damage|p1a: Muk|5/321\n|move|p1a: Muk|Knock Off|p2a: Zacian\n|-resisted|p2a: Zacian\n|-damage|p2a: Zacian|78/225\n|\n|-heal|p1a: Muk|25/321|[from] item: Leftovers\n|upkeep\n|turn|8\n|\n|t:|1733832355\n|move|p1a: Muk|Shadow Sneak|p2a: Zacian\n|-damage|p2a: Zacian|44/225\n|move|p2a: Zacian|Behemoth Blade|p1a: Muk\n|-damage|p1a: Muk|0 fnt\n|faint|p1a: Muk\n|\n|upkeep\n|\n|t:|1733832373\n|switch|p1a: Sandaconda|Sandaconda, L84, M|258/258\n|turn|9\n|\n|t:|1733832391\n|-terastallize|p2a: Zacian|Fighting\n|move|p2a: Zacian|Play Rough|p1a: Sandaconda\n|-damage|p1a: Sandaconda|44/258\n|move|p1a: Sandaconda|Earthquake|p2a: Zacian\n|-damage|p2a: Zacian|0 fnt\n|faint|p2a: Zacian\n|\n|-heal|p1a: Sandaconda|60/258|[from] item: Leftovers\n|upkeep\n|\n|t:|1733832401\n|switch|p2a: Hawlucha|Hawlucha, L80, F|256/256\n|turn|10\n|inactive|tonazin has 90 seconds left.\n|\n|t:|1733832441\n|move|p2a: Hawlucha|Swords Dance|p2a: Hawlucha\n|-boost|p2a: Hawlucha|atk|2\n|move|p1a: Sandaconda|Rest|p1a: Sandaconda\n|-status|p1a: Sandaconda|slp|[from] move: Rest\n|-heal|p1a: Sandaconda|258/258 slp|[silent]\n|\n|upkeep\n|turn|11\n|inactive|tonazin has 60 seconds left.\n|inactive|tonazin has 30 seconds left.\n|inactive|tonazin has 20 seconds left.\n|inactive|tonazin has 15 seconds left.\n|\n|t:|1733832507\n|move|p2a: Hawlucha|Close Combat|p1a: Sandaconda\n|-damage|p1a: Sandaconda|87/258 slp\n|-unboost|p2a: Hawlucha|def|1\n|-unboost|p2a: Hawlucha|spd|1\n|-enditem|p2a: Hawlucha|White Herb\n|-clearnegativeboost|p2a: Hawlucha|[silent]\n|cant|p1a: Sandaconda|slp\n|\n|-heal|p1a: Sandaconda|103/258 slp|[from] item: Leftovers\n|upkeep\n|turn|12\n|inactive|tonazin has 25 seconds left this turn.\n|inactive|tonazin has 20 seconds left.\n|inactive|tonazin has 15 seconds left.\n|\n|t:|1733832520\n|move|p2a: Hawlucha|Acrobatics|p1a: Sandaconda\n|-damage|p1a: Sandaconda|0 fnt\n|faint|p1a: Sandaconda\n|\n|upkeep\n|inactive|tonazin has 20 seconds left this turn.\n|inactive|tonazin has 15 seconds left.\n|inactive|tonazin has 10 seconds left.\n|\n|t:|1733832533\n|switch|p1a: Cobalion|Cobalion, L80|277/277\n|turn|13\n|inactive|tonazin has 20 seconds left this turn.\n|inactive|tonazin has 15 seconds left.\n|\n|t:|1733832541\n|-terastallize|p1a: Cobalion|Water\n|move|p2a: Hawlucha|Close Combat|p1a: Cobalion\n|-damage|p1a: Cobalion|108/277\n|-unboost|p2a: Hawlucha|def|1\n|-unboost|p2a: Hawlucha|spd|1\n|move|p1a: Cobalion|Calm Mind|p1a: Cobalion\n|-boost|p1a: Cobalion|spa|1\n|-boost|p1a: Cobalion|spd|1\n|\n|-heal|p1a: Cobalion|125/277|[from] item: Leftovers\n|upkeep\n|turn|14\n|inactive|tonazin has 25 seconds left this turn.\n|inactive|tonazin has 20 seconds left.\n|inactive|tonazin has 15 seconds left.\n|\n|t:|1733832555\n|move|p2a: Hawlucha|Acrobatics|p1a: Cobalion\n|-damage|p1a: Cobalion|0 fnt\n|faint|p1a: Cobalion\n|\n|upkeep\n|inactive|tonazin has 20 seconds left this turn.\n|inactive|tonazin has 15 seconds left.\n|\n|t:|1733832564\n|switch|p1a: Mienshao|Mienshao, L83, M|244/244\n|turn|15\n|inactive|tonazin has 25 seconds left this turn.\n|inactive|tonazin has 20 seconds left.\n|inactive|tonazin has 15 seconds left.\n|inactive|tonazin has 10 seconds left.\n|\n|t:|1733832579\n|move|p2a: Hawlucha|Acrobatics|p1a: Mienshao\n|-supereffective|p1a: Mienshao\n|-damage|p1a: Mienshao|0 fnt\n|faint|p1a: Mienshao\n|\n|upkeep\n|inactive|tonazin has 15 seconds left this turn.\n|\n|t:|1733832584\n|switch|p1a: Lurantis|Lurantis, L87, M|264/264\n|turn|16\n|inactive|tonazin has 25 seconds left this turn.\n|\n|t:|1733832588\n|move|p2a: Hawlucha|Acrobatics|p1a: Lurantis\n|-supereffective|p1a: Lurantis\n|-damage|p1a: Lurantis|0 fnt\n|faint|p1a: Lurantis\n|\n|win|Roeif 2\n|inactive|tonazin has 30 seconds left this turn.\n|raw|tonazin's rating: 1290 &rarr; <strong>1262</strong><br />(-28 for losing)\n|raw|Roeif 2's rating: 1249 &rarr; <strong>1277</strong><br />(+28 for winning)\n|l|\u2606tonazin\n|player|p1|\n", "inputlog": ">version bfd83cad13791eb5a5a409923076391caf6fb4d4\n>start {\"formatid\":\"gen9randombattle\",\"seed\":[50745,14365,930,48214],\"rated\":\"Rated battle\"}\n>player p1 {\"name\":\"tonazin\",\"avatar\":\"pokemaniac\",\"rating\":1290,\"seed\":[57794,7062,9119,37065]}\n>player p2 {\"name\":\"Roeif 2\",\"avatar\":\"169\",\"rating\":1249,\"seed\":[38596,18760,33692,37438]}\n>p1 move nastyplot\n>p2 move thunderwave\n>p1 move dazzlinggleam\n>p2 move psychicnoise\n>p1 move dazzlinggleam\n>p2 switch 6\n>p1 move shadowball\n>p2 move behemothblade\n>p1 switch 4\n>p1 move poisonjab\n>p2 move swordsdance\n>p1 move knockoff\n>p2 move swordsdance\n>p1 move knockoff\n>p2 move behemothblade\n>p1 move shadowsneak\n>p2 move behemothblade\n>p1 switch 5\n>p1 move earthquake\n>p2 move playrough terastallize\n>p2 switch 5\n>p1 move rest\n>p2 move swordsdance\n>p1 move stoneedge\n>p2 move closecombat\n>p1 move rest\n>p2 move acrobatics\n>p1 switch 3\n>p1 move calmmind terastallize\n>p2 move closecombat\n>p1 move aurasphere\n>p2 move acrobatics\n>p1 switch 2\n>p1 move closecombat\n>p2 move acrobatics\n>p1 switch 6\n>p1 move knockoff\n>p2 move acrobatics", "uploadtime": 1733832603, "views": 3, "formatid": "gen9randombattle", "rating": 1262, "private": 0, "password": null}