{"id": "gen9randombattle-2260744074", "format": "[Gen 9] Random Battle", "players": ["zu5zu5", "AshKetchumFan1112"], "log": "|j|\u2606zu5zu5\n|j|\u2606AshKetchumFan1112\n|t:|1733885841\n|gametype|singles\n|player|p1|zu5zu5|265|1106\n|player|p2|AshKetchumFan1112|hilda-wonderlauncher|1068\n|teamsize|p1|6\n|teamsize|p2|6\n|gen|9\n|tier|[Gen 9] Random Battle\n|rated|\n|rule|Species Clause: Limit one of each Pok\u00e9mon\n|rule|HP Percentage Mod: HP is shown in percentages\n|rule|Sleep Clause Mod: Limit one foe put to sleep\n|rule|Illusion Level Mod: Illusion disguises the Pok\u00e9mon's true level\n|\n|t:|1733885841\n|start\n|switch|p1a: Luxray|Luxray, L88, F|284/284\n|switch|p2a: Suicune|Suicune, L82|298/298\n|-ability|p2a: Suicune|Pressure\n|-ability|p1a: Luxray|Intimidate|boost\n|-unboost|p2a: Suicune|atk|1\n|turn|1\n|\n|t:|1733885854\n|move|p2a: Suicune|Calm Mind|p2a: Suicune\n|-boost|p2a: Suicune|spa|1\n|-boost|p2a: Suicune|spd|1\n|move|p1a: Luxray|Wild Charge|p2a: Suicune\n|-supereffective|p2a: Suicune\n|-damage|p2a: Suicune|82/298\n|-damage|p1a: Luxray|230/284|[from] Recoil\n|\n|-heal|p2a: Suicune|100/298|[from] item: Leftovers\n|upkeep\n|turn|2\n|\n|t:|1733885865\n|move|p2a: Suicune|Scald|p1a: Luxray\n|-damage|p1a: Luxray|155/284\n|move|p1a: Luxray|Wild Charge|p2a: Suicune\n|-supereffective|p2a: Suicune\n|-damage|p2a: Suicune|0 fnt\n|faint|p2a: Suicune\n|-damage|p1a: Luxray|130/284|[from] Recoil\n|\n|upkeep\n|\n|t:|1733885879\n|switch|p2a: Minior|Minior-Indigo, L79|224/224\n|-formechange|p2a: Minior|Minior-Meteor||[from] ability: Shields Down\n|turn|3\n|\n|t:|1733885885\n|move|p1a: Luxray|Ice Fang|p2a: Minior\n|-supereffective|p2a: Minior\n|-damage|p2a: Minior|100/224\n|move|p2a: Minior|Earthquake|p1a: Luxray\n|-supereffective|p1a: Luxray\n|-damage|p1a: Luxray|42/284\n|\n|-formechange|p2a: Minior|Minior-Indigo||[from] ability: Shields Down\n|upkeep\n|turn|4\n|\n|t:|1733885896\n|move|p2a: Minior|Earthquake|p1a: Luxray\n|-supereffective|p1a: Luxray\n|-damage|p1a: Luxray|0 fnt\n|faint|p1a: Luxray\n|\n|upkeep\n|\n|t:|1733885906\n|switch|p1a: Meganium|Meganium, L90, M|290/290\n|turn|5\n|\n|t:|1733885916\n|move|p2a: Minior|Shell Smash|p2a: Minior\n|-unboost|p2a: Minior|def|1\n|-unboost|p2a: Minior|spd|1\n|-boost|p2a: Minior|atk|2\n|-boost|p2a: Minior|spa|2\n|-boost|p2a: Minior|spe|2\n|-enditem|p2a: Minior|White Herb\n|-clearnegativeboost|p2a: Minior|[silent]\n|move|p1a: Meganium|Energy Ball|p2a: Minior\n|-damage|p2a: Minior|0 fnt\n|faint|p2a: Minior\n|\n|upkeep\n|\n|t:|1733885933\n|switch|p2a: Annihilape|Annihilape, L76, M|292/292\n|turn|6\n|\n|t:|1733885938\n|move|p1a: Meganium|Knock Off|p2a: Annihilape\n|-damage|p2a: Annihilape|214/292\n|-enditem|p2a: Annihilape|Leftovers|[from] move: Knock Off|[of] p1a: Meganium\n|move|p2a: Annihilape|Gunk Shot|p1a: Meganium\n|-supereffective|p1a: Meganium\n|-damage|p1a: Meganium|146/290\n|\n|-heal|p1a: Meganium|164/290|[from] item: Leftovers\n|upkeep\n|turn|7\n|\n|t:|1733885949\n|move|p2a: Annihilape|Bulk Up|p2a: Annihilape\n|-boost|p2a: Annihilape|atk|1\n|-boost|p2a: Annihilape|def|1\n|move|p1a: Meganium|Dragon Tail|p2a: Annihilape\n|-damage|p2a: Annihilape|181/292\n|drag|p2a: Dodrio|Dodrio, L86, M|243/243\n|\n|-heal|p1a: Meganium|182/290|[from] item: Leftovers\n|upkeep\n|turn|8\n|\n|t:|1733885963\n|move|p2a: Dodrio|Brave Bird|p1a: Meganium\n|-supereffective|p1a: Meganium\n|-damage|p1a: Meganium|0 fnt\n|faint|p1a: Meganium\n|-damage|p2a: Dodrio|183/243|[from] Recoil\n|\n|upkeep\n|\n|t:|1733885979\n|switch|p1a: Espathra|Espathra, L80, F|283/283\n|turn|9\n|\n|t:|1733885984\n|move|p1a: Espathra|Protect|p1a: Espathra\n|-singleturn|p1a: Espathra|Protect\n|move|p2a: Dodrio|Swords Dance|p2a: Dodrio\n|-boost|p2a: Dodrio|atk|2\n|\n|-ability|p1a: Espathra|Speed Boost|boost\n|-boost|p1a: Espathra|spe|1\n|upkeep\n|turn|10\n|\n|t:|1733885995\n|move|p1a: Espathra|Protect||[still]\n|-fail|p1a: Espathra\n|move|p2a: Dodrio|Brave Bird|p1a: Espathra\n|-damage|p1a: Espathra|0 fnt\n|faint|p1a: Espathra\n|-damage|p2a: Dodrio|90/243|[from] Recoil\n|\n|upkeep\n|-message|zu5zu5 forfeited.\n|\n|win|AshKetchumFan1112\n|raw|zu5zu5's rating: 1106 &rarr; <strong>1078</strong><br />(-28 for losing)\n|raw|AshKetchumFan1112's rating: 1068 &rarr; <strong>1101</strong><br />(+33 for winning)\n|l|\u2606zu5zu5\n|player|p1|\n|j|\u2606zu5zu5\n|player|p1|zu5zu5|265|\n", "inputlog": ">version bfd83cad13791eb5a5a409923076391caf6fb4d4\n>start {\"formatid\":\"gen9randombattle\",\"seed\":[18061,47262,29839,6962],\"rated\":\"Rated battle\"}\n>player p1 {\"name\":\"zu5zu5\",\"avatar\":\"265\",\"rating\":1106,\"seed\":[21388,21889,59130,14528]}\n>player p2 {\"name\":\"AshKetchumFan1112\",\"avatar\":\"hilda-wonderlauncher\",\"rating\":1068,\"seed\":[61275,19509,46282,24275]}\n>p1 move wildcharge\n>p2 move calmmind\n>p1 move wildcharge\n>p2 move scald\n>p2 switch 2\n>p1 move icefang\n>p2 move earthquake\n>p1 move icefang\n>p2 move earthquake\n>p1 switch 2\n>p1 move energyball\n>p2 move shellsmash\n>p2 switch 3\n>p1 move knockoff\n>p2 move gunkshot\n>p1 move dragontail\n>p2 move bulkup\n>p1 move knockoff\n>p2 move bravebird\n>p1 switch 4\n>p1 move protect\n>p2 move swordsdance\n>p1 move protect\n>p2 move bravebird\n>forcelose p1", "uploadtime": 1733886003, "views": 6, "formatid": "gen9randombattle", "rating": 1078, "private": 0, "password": null}