{"id": "gen9randombattle-2260728571", "format": "[Gen 9] Random Battle", "players": ["steelixprismgx", "baluta1"], "log": "|j|\u2606steelixprismgx\n|j|\u2606baluta1\n|t:|1733883793\n|gametype|singles\n|player|p1|steelixprismgx|colress|1912\n|player|p2|baluta1|roxie-masters|1848\n|teamsize|p1|6\n|teamsize|p2|6\n|gen|9\n|tier|[Gen 9] Random Battle\n|rated|\n|rule|Species Clause: Limit one of each Pok\u00e9mon\n|rule|HP Percentage Mod: HP is shown in percentages\n|rule|Sleep Clause Mod: Limit one foe put to sleep\n|rule|Illusion Level Mod: Illusion disguises the Pok\u00e9mon's true level\n|\n|t:|1733883793\n|start\n|switch|p1a: Tornadus|Tornadus, L82, M|263/263\n|switch|p2a: Dachsbun|Dachsbun, L92, F|254/254\n|turn|1\n|inactive|Battle timer is ON: inactive players will automatically lose when time's up. (requested by steelixprismgx)\n|\n|t:|1733883812\n|move|p1a: Tornadus|Bleakwind Storm|p2a: Dachsbun|[miss]\n|-miss|p1a: Tornadus|p2a: Dachsbun\n|move|p2a: Dachsbun|Play Rough|p1a: Tornadus\n|-damage|p1a: Tornadus|137/263\n|-unboost|p1a: Tornadus|atk|1\n|-ability|p1a: Tornadus|Defiant|boost\n|-boost|p1a: Tornadus|atk|2\n|\n|upkeep\n|turn|2\n|\n|t:|1733883819\n|move|p1a: Tornadus|Bleakwind Storm|p2a: Dachsbun\n|-damage|p2a: Dachsbun|59/254\n|move|p2a: Dachsbun|Play Rough|p1a: Tornadus\n|-damage|p1a: Tornadus|16/263\n|\n|-heal|p2a: Dachsbun|74/254|[from] item: Leftovers\n|upkeep\n|turn|3\n|\n|t:|1733883835\n|move|p1a: Tornadus|Bleakwind Storm|p2a: Dachsbun\n|-damage|p2a: Dachsbun|0 fnt\n|faint|p2a: Dachsbun\n|\n|upkeep\n|\n|t:|1733883854\n|switch|p2a: Gothitelle|Gothitelle, L90, M|272/272\n|turn|4\n|\n|t:|1733883859\n|move|p1a: Tornadus|Bleakwind Storm|p2a: Gothitelle|[miss]\n|-miss|p1a: Tornadus|p2a: Gothitelle\n|move|p2a: Gothitelle|Psychic Noise|p1a: Tornadus\n|-damage|p1a: Tornadus|0 fnt\n|faint|p1a: Tornadus\n|\n|upkeep\n|\n|t:|1733883864\n|switch|p1a: Komala|Komala, L89, M|260/260\n|-ability|p1a: Komala|Comatose\n|turn|5\n|\n|t:|1733883874\n|switch|p2a: Slither Wing|Slither Wing, L81|270/270\n|move|p1a: Komala|Double-Edge|p2a: Slither Wing\n|-damage|p2a: Slither Wing|86/270\n|-damage|p1a: Komala|199/260|[from] Recoil\n|\n|upkeep\n|turn|6\n|\n|t:|1733883878\n|move|p1a: Komala|Double-Edge|p2a: Slither Wing\n|-damage|p2a: Slither Wing|0 fnt\n|faint|p2a: Slither Wing\n|-end|p2a: Slither Wing|Protosynthesis|[silent]\n|-damage|p1a: Komala|171/260|[from] Recoil\n|\n|upkeep\n|\n|t:|1733883883\n|switch|p2a: Misdreavus|Misdreavus, L90, F|254/254\n|turn|7\n|\n|t:|1733883887\n|switch|p1a: Whimsicott|Whimsicott, L85, M|241/241\n|move|p2a: Misdreavus|Calm Mind|p2a: Misdreavus\n|-boost|p2a: Misdreavus|spa|1\n|-boost|p2a: Misdreavus|spd|1\n|\n|upkeep\n|turn|8\n|\n|t:|1733883894\n|move|p1a: Whimsicott|Encore|p2a: Misdreavus\n|-start|p2a: Misdreavus|Encore\n|move|p2a: Misdreavus|Calm Mind|p2a: Misdreavus\n|-boost|p2a: Misdreavus|spa|1\n|-boost|p2a: Misdreavus|spd|1\n|\n|upkeep\n|turn|9\n|\n|t:|1733883897\n|switch|p2a: Swanna|Swanna, L88, F|275/275\n|move|p1a: Whimsicott|Leech Seed|p2a: Swanna|[miss]\n|-miss|p1a: Whimsicott|p2a: Swanna\n|\n|upkeep\n|turn|10\n|\n|t:|1733883905\n|switch|p1a: Alomomola|Alomomola, L87, M|429/429\n|move|p2a: Swanna|Brave Bird|p1a: Alomomola\n|-damage|p1a: Alomomola|297/429\n|-damage|p2a: Swanna|230/275|[from] item: Rocky Helmet|[of] p1a: Alomomola\n|-damage|p2a: Swanna|186/275|[from] Recoil\n|\n|upkeep\n|turn|11\n|\n|t:|1733883913\n|move|p2a: Swanna|Roost|p2a: Swanna\n|-heal|p2a: Swanna|275/275\n|-singleturn|p2a: Swanna|move: Roost\n|move|p1a: Alomomola|Scald|p2a: Swanna\n|-resisted|p2a: Swanna\n|-damage|p2a: Swanna|243/275\n|-status|p2a: Swanna|brn\n|\n|-damage|p2a: Swanna|226/275 brn|[from] brn\n|upkeep\n|turn|12\n|\n|t:|1733883921\n|switch|p2a: Gothitelle|Gothitelle, L90, M|272/272\n|move|p1a: Alomomola|Flip Turn|p2a: Gothitelle\n|-damage|p2a: Gothitelle|223/272\n|\n|t:|1733883925\n|switch|p1a: Komala|Komala, L89, M|171/260|[from] Flip Turn\n|-ability|p1a: Komala|Comatose\n|\n|-heal|p2a: Gothitelle|240/272|[from] item: Leftovers\n|upkeep\n|turn|13\n|\n|t:|1733883936\n|move|p1a: Komala|Knock Off|p2a: Gothitelle\n|-supereffective|p2a: Gothitelle\n|-damage|p2a: Gothitelle|96/272\n|-enditem|p2a: Gothitelle|Leftovers|[from] move: Knock Off|[of] p1a: Komala\n|move|p2a: Gothitelle|Thunderbolt|p1a: Komala\n|-damage|p1a: Komala|103/260\n|\n|upkeep\n|turn|14\n|\n|t:|1733883950\n|switch|p2a: Swanna|Swanna, L88, F|226/275 brn\n|move|p1a: Komala|Knock Off|p2a: Swanna\n|-damage|p2a: Swanna|125/275 brn\n|-enditem|p2a: Swanna|Heavy-Duty Boots|[from] move: Knock Off|[of] p1a: Komala\n|\n|-damage|p2a: Swanna|108/275 brn|[from] brn\n|upkeep\n|turn|15\n|\n|t:|1733883955\n|switch|p1a: Alomomola|Alomomola, L87, M|429/429\n|move|p2a: Swanna|Roost|p2a: Swanna\n|-heal|p2a: Swanna|246/275 brn\n|-singleturn|p2a: Swanna|move: Roost\n|\n|-damage|p2a: Swanna|229/275 brn|[from] brn\n|upkeep\n|turn|16\n|\n|t:|1733883964\n|move|p2a: Swanna|Hydro Pump|p1a: Alomomola\n|-resisted|p1a: Alomomola\n|-damage|p1a: Alomomola|336/429\n|move|p1a: Alomomola|Flip Turn|p2a: Swanna\n|-resisted|p2a: Swanna\n|-damage|p2a: Swanna|195/275 brn\n|\n|t:|1733883971\n|switch|p1a: Komala|Komala, L89, M|103/260|[from] Flip Turn\n|-ability|p1a: Komala|Comatose\n|\n|-damage|p2a: Swanna|178/275 brn|[from] brn\n|upkeep\n|turn|17\n|\n|t:|1733883977\n|move|p1a: Komala|Double-Edge|p2a: Swanna\n|-damage|p2a: Swanna|0 fnt\n|faint|p2a: Swanna\n|-damage|p1a: Komala|44/260|[from] Recoil\n|\n|upkeep\n|\n|t:|1733883982\n|switch|p2a: Misdreavus|Misdreavus, L90, F|254/254\n|turn|18\n|\n|t:|1733883994\n|switch|p1a: Blissey|Blissey, L84, F|566/566\n|move|p2a: Misdreavus|Shadow Ball|p1a: Blissey\n|-immune|p1a: Blissey\n|\n|upkeep\n|turn|19\n|\n|t:|1733884008\n|switch|p2a: Gothitelle|Gothitelle, L90, M|96/272\n|switch|p1a: Whimsicott|Whimsicott, L85, M|241/241\n|\n|upkeep\n|turn|20\n|\n|t:|1733884016\n|move|p1a: Whimsicott|Leech Seed|p2a: Gothitelle\n|-start|p2a: Gothitelle|move: Leech Seed\n|move|p2a: Gothitelle|Psychic Noise|p1a: Whimsicott\n|-damage|p1a: Whimsicott|141/241\n|-start|p1a: Whimsicott|move: Heal Block\n|\n|-damage|p2a: Gothitelle|62/272|[from] Leech Seed|[of] p1a: Whimsicott\n|upkeep\n|turn|21\n|\n|t:|1733884027\n|switch|p2a: Misdreavus|Misdreavus, L90, F|254/254\n|move|p1a: Whimsicott|Moonblast|p2a: Misdreavus\n|-damage|p2a: Misdreavus|193/254\n|\n|-end|p1a: Whimsicott|move: Heal Block\n|upkeep\n|turn|22\n|\n|t:|1733884032\n|move|p1a: Whimsicott|Leech Seed|p2a: Misdreavus\n|-start|p2a: Misdreavus|move: Leech Seed\n|move|p2a: Misdreavus|Will-O-Wisp|p1a: Whimsicott\n|-status|p1a: Whimsicott|brn\n|\n|-heal|p1a: Whimsicott|156/241 brn|[from] item: Leftovers\n|-damage|p2a: Misdreavus|162/254|[from] Leech Seed|[of] p1a: Whimsicott\n|-heal|p1a: Whimsicott|187/241 brn|[silent]\n|-damage|p1a: Whimsicott|172/241 brn|[from] brn\n|upkeep\n|turn|23\n|\n|t:|1733884037\n|switch|p2a: Gothitelle|Gothitelle, L90, M|62/272\n|move|p1a: Whimsicott|Encore||[still]\n|-fail|p1a: Whimsicott\n|\n|-heal|p1a: Whimsicott|187/241 brn|[from] item: Leftovers\n|-damage|p1a: Whimsicott|172/241 brn|[from] brn\n|upkeep\n|turn|24\n|\n|t:|1733884042\n|move|p1a: Whimsicott|Moonblast|p2a: Gothitelle\n|-damage|p2a: Gothitelle|0 fnt\n|faint|p2a: Gothitelle\n|\n|-heal|p1a: Whimsicott|187/241 brn|[from] item: Leftovers\n|-damage|p1a: Whimsicott|172/241 brn|[from] brn\n|upkeep\n|\n|t:|1733884049\n|switch|p2a: Mienshao|Mienshao, L83, M|244/244\n|turn|25\n|\n|t:|1733884054\n|move|p1a: Whimsicott|Moonblast|p2a: Mienshao\n|-supereffective|p2a: Mienshao\n|-damage|p2a: Mienshao|20/244\n|-unboost|p2a: Mienshao|spa|1\n|move|p2a: Mienshao|Triple Axel|p1a: Whimsicott|[miss]\n|-miss|p2a: Mienshao|p1a: Whimsicott\n|\n|-heal|p1a: Whimsicott|187/241 brn|[from] item: Leftovers\n|-damage|p1a: Whimsicott|172/241 brn|[from] brn\n|upkeep\n|turn|26\n|\n|t:|1733884061\n|switch|p2a: Misdreavus|Misdreavus, L90, F|162/254\n|move|p1a: Whimsicott|Moonblast|p2a: Misdreavus\n|-damage|p2a: Misdreavus|105/254\n|\n|-heal|p1a: Whimsicott|187/241 brn|[from] item: Leftovers\n|-damage|p1a: Whimsicott|172/241 brn|[from] brn\n|upkeep\n|turn|27\n|c|\u2606steelixprismgx|haha no way\n|\n|t:|1733884068\n|move|p1a: Whimsicott|Leech Seed|p2a: Misdreavus\n|-start|p2a: Misdreavus|move: Leech Seed\n|move|p2a: Misdreavus|Shadow Ball|p1a: Whimsicott\n|-damage|p1a: Whimsicott|67/241 brn\n|\n|-heal|p1a: Whimsicott|82/241 brn|[from] item: Leftovers\n|-damage|p2a: Misdreavus|74/254|[from] Leech Seed|[of] p1a: Whimsicott\n|-heal|p1a: Whimsicott|113/241 brn|[silent]\n|-damage|p1a: Whimsicott|98/241 brn|[from] brn\n|upkeep\n|turn|28\n|-message|baluta1 forfeited.\n|\n|win|steelixprismgx\n|raw|steelixprismgx's rating: 1912 &rarr; <strong>1928</strong><br />(+16 for winning)\n|raw|baluta1's rating: 1848 &rarr; <strong>1832</strong><br />(-16 for losing)\n|l|\u2606baluta1\n|player|p2|\n", "inputlog": ">version bfd83cad13791eb5a5a409923076391caf6fb4d4\n>start {\"formatid\":\"gen9randombattle\",\"seed\":[12919,39640,39289,53266],\"rated\":\"Rated battle\"}\n>player p1 {\"name\":\"steelixprismgx\",\"avatar\":\"colress\",\"rating\":1912,\"seed\":[30911,64411,40921,63595]}\n>player p2 {\"name\":\"baluta1\",\"avatar\":\"roxie-masters\",\"rating\":1848,\"seed\":[42279,4321,34410,43157]}\n>p1 move bleakwindstorm\n>p2 move playrough\n>p1 move bleakwindstorm\n>p2 move playrough\n>p1 move bleakwindstorm\n>p2 move bodypress\n>p2 switch 3\n>p1 move bleakwindstorm\n>p2 move psychicnoise\n>p1 switch 2\n>p1 move doubleedge\n>p2 switch 2\n>p1 move doubleedge\n>p2 move uturn\n>p2 switch 6\n>p1 switch 4\n>p2 move calmmind\n>p1 move encore\n>p2 move shadowball\n>p1 move leechseed\n>p2 switch 5\n>p1 switch 3\n>p2 move bravebird\n>p1 move scald\n>p2 move roost\n>p1 move flipturn\n>p2 switch 2\n>p1 switch 4\n>p1 move knockoff\n>p2 move thunderbolt\n>p1 move knockoff\n>p2 switch 2\n>p1 switch 4\n>p2 move roost\n>p1 move flipturn\n>p2 move hydropump\n>p1 switch 4\n>p1 move doubleedge\n>p2 move roost\n>p2 switch 5\n>p1 switch 5\n>p2 move shadowball\n>p1 switch 3\n>p2 switch 2\n>p1 move leechseed\n>p2 move psychicnoise\n>p1 move moonblast\n>p2 switch 2\n>p1 move leechseed\n>p2 move willowisp\n>p1 move encore\n>p2 switch 2\n>p1 move moonblast\n>p2 move psychicnoise\n>p2 switch 4\n>p1 move moonblast\n>p2 move tripleaxel\n>p1 move moonblast\n>p2 switch 2\n>chat \u2606steelixprismgx|haha no way\n>p1 move leechseed\n>p2 move shadowball\n>forcelose p2", "uploadtime": 1733884084, "views": 4, "formatid": "gen9randombattle", "rating": 1832, "private": 0, "password": null}