{"id": "gen9randombattle-2260670438", "format": "[Gen 9] Random Battle", "players": ["BoopDaKarter", "GlowingGarden"], "log": "|j|\u2606BoopDaKarter\n|j|\u2606GlowingGarden\n|t:|1733876351\n|gametype|singles\n|player|p1|BoopDaKarter|2|1092\n|player|p2|GlowingGarden|gardenia|1111\n|teamsize|p1|6\n|teamsize|p2|6\n|gen|9\n|tier|[Gen 9] Random Battle\n|rated|\n|rule|Species Clause: Limit one of each Pok\u00e9mon\n|rule|HP Percentage Mod: HP is shown in percentages\n|rule|Sleep Clause Mod: Limit one foe put to sleep\n|rule|Illusion Level Mod: Illusion disguises the Pok\u00e9mon's true level\n|\n|t:|1733876351\n|start\n|switch|p1a: Emboar|Emboar, L84, M|322/322\n|switch|p2a: Zarude|Zarude, L78|292/292\n|turn|1\n|\n|t:|1733876365\n|switch|p2a: Primarina|Primarina, L83, F|268/268\n|move|p1a: Emboar|Flare Blitz|p2a: Primarina\n|-resisted|p2a: Primarina\n|-damage|p2a: Primarina|106/268\n|-damage|p1a: Emboar|269/322|[from] Recoil\n|\n|-heal|p2a: Primarina|122/268|[from] item: Leftovers\n|upkeep\n|turn|2\n|\n|t:|1733876382\n|move|p1a: Emboar|Flare Blitz|p2a: Primarina\n|-resisted|p2a: Primarina\n|-damage|p2a: Primarina|0 fnt\n|faint|p2a: Primarina\n|-damage|p1a: Emboar|229/322|[from] Recoil\n|\n|upkeep\n|\n|t:|1733876392\n|switch|p2a: Reshiram|Reshiram, L76|277/277\n|-ability|p2a: Reshiram|Turboblaze\n|turn|3\n|\n|t:|1733876401\n|switch|p1a: Eternatus|Eternatus, L69|308/308\n|-ability|p1a: Eternatus|Pressure\n|move|p2a: Reshiram|Stone Edge|p1a: Eternatus|[miss]\n|-miss|p2a: Reshiram|p1a: Eternatus\n|\n|upkeep\n|turn|4\n|\n|t:|1733876418\n|move|p1a: Eternatus|Dynamax Cannon|p2a: Reshiram\n|-supereffective|p2a: Reshiram\n|-damage|p2a: Reshiram|95/277\n|move|p2a: Reshiram|Outrage|p1a: Eternatus\n|-supereffective|p1a: Eternatus\n|-damage|p1a: Eternatus|18/308\n|\n|-heal|p1a: Eternatus|37/308|[from] item: Leftovers\n|upkeep\n|turn|5\n|\n|t:|1733876427\n|move|p1a: Eternatus|Dynamax Cannon|p2a: Reshiram\n|-supereffective|p2a: Reshiram\n|-damage|p2a: Reshiram|0 fnt\n|faint|p2a: Reshiram\n|\n|-heal|p1a: Eternatus|56/308|[from] item: Leftovers\n|upkeep\n|\n|t:|1733876449\n|switch|p2a: Zarude|Zarude, L78|292/292\n|turn|6\n|inactive|Battle timer is ON: inactive players will automatically lose when time's up. (requested by BoopDaKarter)\n|\n|t:|1733876458\n|move|p1a: Eternatus|Recover|p1a: Eternatus\n|-heal|p1a: Eternatus|210/308\n|move|p2a: Zarude|Knock Off|p1a: Eternatus\n|-damage|p1a: Eternatus|12/308\n|-enditem|p1a: Eternatus|Leftovers|[from] move: Knock Off|[of] p2a: Zarude\n|\n|upkeep\n|turn|7\n|\n|t:|1733876468\n|move|p1a: Eternatus|Flamethrower|p2a: Zarude\n|-supereffective|p2a: Zarude\n|-damage|p2a: Zarude|160/292\n|move|p2a: Zarude|Knock Off|p1a: Eternatus\n|-damage|p1a: Eternatus|0 fnt\n|faint|p1a: Eternatus\n|\n|upkeep\n|\n|t:|1733876474\n|switch|p1a: Emboar|Emboar, L84, M|229/322\n|turn|8\n|\n|t:|1733876482\n|switch|p2a: Skeledirge|Skeledirge, L79, F|294/294\n|move|p1a: Emboar|Flare Blitz|p2a: Skeledirge\n|-resisted|p2a: Skeledirge\n|-crit|p2a: Skeledirge\n|-damage|p2a: Skeledirge|96/294\n|-damage|p1a: Emboar|164/322|[from] Recoil\n|\n|upkeep\n|turn|9\n|\n|t:|1733876499\n|switch|p1a: Greninja|Greninja, L80, M|246/246\n|move|p2a: Skeledirge|Slack Off|p2a: Skeledirge\n|-heal|p2a: Skeledirge|243/294\n|\n|upkeep\n|turn|10\n|\n|t:|1733876508\n|switch|p2a: Zarude|Zarude, L78|160/292\n|move|p1a: Greninja|Hydro Pump|p2a: Zarude\n|-start|p1a: Greninja|typechange|Water|[from] ability: Protean\n|-resisted|p2a: Zarude\n|-damage|p2a: Zarude|82/292\n|-damage|p1a: Greninja|222/246|[from] item: Life Orb\n|\n|upkeep\n|turn|11\n|\n|t:|1733876523\n|move|p1a: Greninja|Ice Beam|p2a: Zarude\n|-supereffective|p2a: Zarude\n|-damage|p2a: Zarude|0 fnt\n|faint|p2a: Zarude\n|-damage|p1a: Greninja|198/246|[from] item: Life Orb\n|\n|upkeep\n|\n|t:|1733876531\n|switch|p2a: Falinks|Falinks, L84|246/246\n|turn|12\n|\n|t:|1733876544\n|move|p1a: Greninja|Gunk Shot|p2a: Falinks\n|-damage|p2a: Falinks|155/246\n|-damage|p1a: Greninja|174/246|[from] item: Life Orb\n|move|p2a: Falinks|No Retreat|p2a: Falinks\n|-boost|p2a: Falinks|atk|1\n|-boost|p2a: Falinks|def|1\n|-boost|p2a: Falinks|spa|1\n|-boost|p2a: Falinks|spd|1\n|-boost|p2a: Falinks|spe|1\n|-start|p2a: Falinks|move: No Retreat\n|\n|upkeep\n|turn|13\n|\n|t:|1733876560\n|switch|p1a: Indeedee|Indeedee-F, L90, F|272/272\n|-fieldstart|move: Psychic Terrain|[from] ability: Psychic Surge|[of] p1a: Indeedee\n|move|p2a: Falinks|Knock Off|p1a: Indeedee\n|-supereffective|p1a: Indeedee\n|-damage|p1a: Indeedee|0 fnt\n|-enditem|p1a: Indeedee|Life Orb|[from] move: Knock Off|[of] p2a: Falinks\n|faint|p1a: Indeedee\n|-damage|p2a: Falinks|131/246|[from] item: Life Orb\n|\n|upkeep\n|\n|t:|1733876570\n|switch|p1a: Uxie|Uxie, L83|260/260\n|turn|14\n|\n|t:|1733876580\n|-terastallize|p1a: Uxie|Dark\n|move|p2a: Falinks|Knock Off|p1a: Uxie\n|-resisted|p1a: Uxie\n|-damage|p1a: Uxie|213/260\n|-enditem|p1a: Uxie|Leftovers|[from] move: Knock Off|[of] p2a: Falinks\n|-damage|p2a: Falinks|107/246|[from] item: Life Orb\n|move|p1a: Uxie|Psychic Noise|p2a: Falinks\n|-supereffective|p2a: Falinks\n|-damage|p2a: Falinks|0 fnt\n|faint|p2a: Falinks\n|\n|upkeep\n|\n|t:|1733876594\n|switch|p2a: Clefable|Clefable, L83, M|293/293\n|turn|15\n|\n|t:|1733876602\n|move|p1a: Uxie|Thunder Wave|p2a: Clefable\n|-status|p2a: Clefable|par\n|move|p2a: Clefable|Moonblast|p1a: Uxie\n|-supereffective|p1a: Uxie\n|-damage|p1a: Uxie|34/260\n|\n|upkeep\n|turn|16\n|\n|t:|1733876610\n|move|p1a: Uxie|Knock Off|p2a: Clefable\n|-resisted|p2a: Clefable\n|-damage|p2a: Clefable|241/293 par\n|-enditem|p2a: Clefable|Life Orb|[from] move: Knock Off|[of] p1a: Uxie\n|cant|p2a: Clefable|par\n|\n|upkeep\n|turn|17\n|\n|t:|1733876624\n|switch|p1a: Empoleon|Empoleon, L84, F|278/278\n|move|p2a: Clefable|Moonblast|p1a: Empoleon\n|-resisted|p1a: Empoleon\n|-damage|p1a: Empoleon|231/278\n|\n|-heal|p1a: Empoleon|248/278|[from] item: Leftovers\n|-fieldend|move: Psychic Terrain\n|upkeep\n|turn|18\n|\n|t:|1733876640\n|move|p1a: Empoleon|Flip Turn|p2a: Clefable\n|-damage|p2a: Clefable|175/293 par\n|\n|t:|1733876643\n|switch|p1a: Greninja|Greninja, L80, M|174/246|[from] Flip Turn\n|move|p2a: Clefable|Fire Blast|p1a: Greninja|[miss]\n|-miss|p2a: Clefable|p1a: Greninja\n|\n|upkeep\n|turn|19\n|\n|t:|1733876652\n|move|p1a: Greninja|Gunk Shot|p2a: Clefable\n|-start|p1a: Greninja|typechange|Poison|[from] ability: Protean\n|-supereffective|p2a: Clefable\n|-damage|p2a: Clefable|0 fnt\n|faint|p2a: Clefable\n|-damage|p1a: Greninja|150/246|[from] item: Life Orb\n|\n|upkeep\n|\n|t:|1733876660\n|switch|p2a: Skeledirge|Skeledirge, L79, F|243/294\n|turn|20\n|\n|t:|1733876671\n|move|p1a: Greninja|Hydro Pump|p2a: Skeledirge\n|-supereffective|p2a: Skeledirge\n|-damage|p2a: Skeledirge|4/294\n|-damage|p1a: Greninja|126/246|[from] item: Life Orb\n|move|p2a: Skeledirge|Torch Song|p1a: Greninja\n|-damage|p1a: Greninja|26/246\n|-boost|p2a: Skeledirge|spa|1\n|\n|upkeep\n|turn|21\n|\n|t:|1733876681\n|move|p1a: Greninja|Ice Beam|p2a: Skeledirge\n|-resisted|p2a: Skeledirge\n|-damage|p2a: Skeledirge|0 fnt\n|faint|p2a: Skeledirge\n|-damage|p1a: Greninja|2/246|[from] item: Life Orb\n|\n|win|BoopDaKarter\n|raw|BoopDaKarter's rating: 1092 &rarr; <strong>1120</strong><br />(+28 for winning)\n|raw|GlowingGarden's rating: 1111 &rarr; <strong>1085</strong><br />(-26 for losing)\n|l|\u2606GlowingGarden\n|player|p2|\n", "inputlog": ">version bfd83cad13791eb5a5a409923076391caf6fb4d4\n>start {\"formatid\":\"gen9randombattle\",\"seed\":[8675,14381,17750,21023],\"rated\":\"Rated battle\"}\n>player p1 {\"name\":\"BoopDaKarter\",\"avatar\":\"2\",\"rating\":1092,\"seed\":[9389,50559,60375,24763]}\n>player p2 {\"name\":\"GlowingGarden\",\"avatar\":\"gardenia\",\"rating\":1111,\"seed\":[39924,51195,34118,41292]}\n>p1 move flareblitz\n>p2 switch 2\n>p1 move flareblitz\n>p2 move drainingkiss\n>p2 switch 4\n>p1 switch 2\n>p2 move stoneedge\n>p1 move dynamaxcannon\n>p2 move outrage\n>p1 move dynamaxcannon\n>p2 move outrage\n>p2 switch 2\n>p1 move recover\n>p2 move knockoff\n>p1 move flamethrower\n>p2 move knockoff\n>p1 switch 2\n>p1 move flareblitz\n>p2 switch 5\n>p1 switch 4\n>p2 move slackoff\n>p1 move hydropump\n>p2 switch 5\n>p1 move icebeam\n>p2 move powerwhip\n>p2 switch 6\n>p1 move gunkshot\n>p2 move noretreat\n>p1 switch 5\n>p2 move knockoff\n>p1 switch 6\n>p1 move psychicnoise terastallize\n>p2 move knockoff\n>p2 switch 3\n>p1 move thunderwave\n>p2 move moonblast\n>p1 move knockoff\n>p2 move moonblast\n>p1 switch 3\n>p2 move moonblast\n>p1 move flipturn\n>p2 move fireblast\n>p1 switch 5\n>p1 move gunkshot\n>p2 move moonlight\n>p2 switch 5\n>p1 move hydropump\n>p2 move torchsong\n>p1 move icebeam\n>p2 move shadowball", "uploadtime": 1733876692, "views": 5, "formatid": "gen9randombattle", "rating": 1085, "private": 0, "password": null}