{"id": "gen9randombattle-2260564243", "format": "[Gen 9] Random Battle", "players": ["YourLocalFish", "jdosdnbc"], "log": "|j|\u2606YourLocalFish\n|j|\u2606jdosdnbc\n|t:|1733864016\n|gametype|singles\n|player|p1|YourLocalFish|266|1040\n|player|p2|jdosdnbc|102|1000\n|teamsize|p1|6\n|teamsize|p2|6\n|gen|9\n|tier|[Gen 9] Random Battle\n|rated|\n|rule|Species Clause: Limit one of each Pok\u00e9mon\n|rule|HP Percentage Mod: HP is shown in percentages\n|rule|Sleep Clause Mod: Limit one foe put to sleep\n|rule|Illusion Level Mod: Illusion disguises the Pok\u00e9mon's true level\n|\n|t:|1733864016\n|start\n|switch|p1a: Iron Leaves|Iron Leaves, L80|275/275\n|switch|p2a: Blaziken|Blaziken, L76, F|247/247\n|turn|1\n|\n|t:|1733864024\n|switch|p2a: Jirachi|Jirachi, L80|291/291\n|move|p1a: Iron Leaves|Psyblade|p2a: Jirachi\n|-resisted|p2a: Jirachi\n|-crit|p2a: Jirachi\n|-damage|p2a: Jirachi|246/291\n|-damage|p1a: Iron Leaves|248/275|[from] item: Life Orb\n|\n|upkeep\n|turn|2\n|\n|t:|1733864031\n|move|p1a: Iron Leaves|Swords Dance|p1a: Iron Leaves\n|-boost|p1a: Iron Leaves|atk|2\n|move|p2a: Jirachi|Body Slam|p1a: Iron Leaves\n|-crit|p1a: Iron Leaves\n|-damage|p1a: Iron Leaves|165/275\n|-status|p1a: Iron Leaves|par\n|\n|upkeep\n|turn|3\n|\n|t:|1733864040\n|move|p2a: Jirachi|U-turn|p1a: Iron Leaves\n|-supereffective|p1a: Iron Leaves\n|-damage|p1a: Iron Leaves|0 fnt\n|faint|p1a: Iron Leaves\n|-end|p1a: Iron Leaves|Quark Drive|[silent]\n|\n|t:|1733864043\n|switch|p2a: Blaziken|Blaziken, L76, F|247/247|[from] U-turn\n|\n|upkeep\n|\n|t:|1733864048\n|switch|p1a: Gardevoir|Gardevoir, L83, F|249/249\n|-ability|p1a: Gardevoir|Speed Boost|[from] ability: Trace|[of] p2a: Blaziken\n|turn|4\n|\n|t:|1733864055\n|switch|p2a: Jirachi|Jirachi, L80|246/291\n|move|p1a: Gardevoir|Psychic|p2a: Jirachi\n|-resisted|p2a: Jirachi\n|-damage|p2a: Jirachi|228/291\n|\n|-ability|p1a: Gardevoir|Speed Boost|boost\n|-boost|p1a: Gardevoir|spe|1\n|upkeep\n|turn|5\n|\n|t:|1733864067\n|switch|p1a: Volcarona|Volcarona, L77, M|257/257\n|move|p2a: Jirachi|Body Slam|p1a: Volcarona\n|-damage|p1a: Volcarona|181/257\n|-status|p1a: Volcarona|par\n|\n|upkeep\n|turn|6\n|\n|t:|1733864077\n|switch|p2a: Blaziken|Blaziken, L76, F|247/247\n|cant|p1a: Volcarona|par\n|\n|upkeep\n|turn|7\n|\n|t:|1733864090\n|switch|p1a: Ceruledge|Ceruledge, L78, F|245/245\n|move|p2a: Blaziken|Swords Dance|p2a: Blaziken\n|-boost|p2a: Blaziken|atk|2\n|\n|-ability|p2a: Blaziken|Speed Boost|boost\n|-boost|p2a: Blaziken|spe|1\n|upkeep\n|turn|8\n|\n|t:|1733864101\n|move|p2a: Blaziken|Knock Off|p1a: Ceruledge\n|-supereffective|p1a: Ceruledge\n|-damage|p1a: Ceruledge|0 fnt\n|-enditem|p1a: Ceruledge|Heavy-Duty Boots|[from] move: Knock Off|[of] p2a: Blaziken\n|faint|p1a: Ceruledge\n|-damage|p2a: Blaziken|223/247|[from] item: Life Orb\n|\n|-ability|p2a: Blaziken|Speed Boost|boost\n|-boost|p2a: Blaziken|spe|1\n|upkeep\n|\n|t:|1733864110\n|switch|p1a: Gardevoir|Gardevoir, L83, F|249/249\n|-ability|p1a: Gardevoir|Speed Boost|[from] ability: Trace|[of] p2a: Blaziken\n|turn|9\n|\n|t:|1733864122\n|move|p2a: Blaziken|Flare Blitz|p1a: Gardevoir\n|-damage|p1a: Gardevoir|0 fnt\n|faint|p1a: Gardevoir\n|-damage|p2a: Blaziken|141/247|[from] Recoil\n|-damage|p2a: Blaziken|117/247|[from] item: Life Orb\n|\n|-ability|p2a: Blaziken|Speed Boost|boost\n|-boost|p2a: Blaziken|spe|1\n|upkeep\n|\n|t:|1733864130\n|switch|p1a: Volcarona|Volcarona, L77, M|181/257 par\n|turn|10\n|\n|t:|1733864137\n|move|p2a: Blaziken|Knock Off|p1a: Volcarona\n|-damage|p1a: Volcarona|0 fnt\n|-enditem|p1a: Volcarona|Heavy-Duty Boots|[from] move: Knock Off|[of] p2a: Blaziken\n|faint|p1a: Volcarona\n|-damage|p2a: Blaziken|93/247|[from] item: Life Orb\n|\n|-ability|p2a: Blaziken|Speed Boost|boost\n|-boost|p2a: Blaziken|spe|1\n|upkeep\n|\n|t:|1733864146\n|switch|p1a: Revavroom|Revavroom, L79, F|256/256\n|turn|11\n|\n|t:|1733864154\n|move|p2a: Blaziken|Flare Blitz|p1a: Revavroom\n|-supereffective|p1a: Revavroom\n|-damage|p1a: Revavroom|0 fnt\n|faint|p1a: Revavroom\n|-damage|p2a: Blaziken|9/247|[from] Recoil\n|-damage|p2a: Blaziken|0 fnt|[from] item: Life Orb\n|faint|p2a: Blaziken\n|\n|upkeep\n|\n|t:|1733864161\n|switch|p1a: Heracross|Heracross, L80, F|259/259\n|switch|p2a: Jirachi|Jirachi, L80|228/291\n|turn|12\n|\n|t:|1733864168\n|move|p2a: Jirachi|Body Slam|p1a: Heracross\n|-damage|p1a: Heracross|197/259\n|-status|p1a: Heracross|par\n|cant|p1a: Heracross|par\n|\n|upkeep\n|turn|13\n|\n|t:|1733864176\n|move|p2a: Jirachi|Iron Head|p1a: Heracross\n|-damage|p1a: Heracross|109/259 par\n|move|p1a: Heracross|Knock Off|p2a: Jirachi\n|-supereffective|p2a: Jirachi\n|-crit|p2a: Jirachi\n|-damage|p2a: Jirachi|0 fnt\n|-enditem|p2a: Jirachi|Assault Vest|[from] move: Knock Off|[of] p1a: Heracross\n|faint|p2a: Jirachi\n|\n|upkeep\n|\n|t:|1733864184\n|switch|p2a: Dragalge|Dragalge, L88, F|258/258\n|turn|14\n|\n|t:|1733864194\n|move|p2a: Dragalge|Sludge Wave|p1a: Heracross\n|-damage|p1a: Heracross|0 fnt\n|faint|p1a: Heracross\n|\n|win|jdosdnbc\n|raw|YourLocalFish's rating: 1040 &rarr; <strong>1022</strong><br />(-18 for losing)\n|raw|jdosdnbc's rating: 1000 &rarr; <strong>1045</strong><br />(+45 for winning)\n", "inputlog": ">version bfd83cad13791eb5a5a409923076391caf6fb4d4\n>start {\"formatid\":\"gen9randombattle\",\"seed\":[10025,33421,20831,46318],\"rated\":\"Rated battle\"}\n>player p1 {\"name\":\"YourLocalFish\",\"avatar\":\"266\",\"rating\":1040,\"seed\":[8664,29258,13061,2931]}\n>player p2 {\"name\":\"jdosdnbc\",\"avatar\":\"102\",\"rating\":1000,\"seed\":[24756,40340,48,498]}\n>p1 move psyblade\n>p2 switch 2\n>p1 move swordsdance\n>p2 move bodyslam\n>p1 move closecombat\n>p2 move uturn\n>p2 switch 2\n>p1 switch 3\n>p1 move psychic\n>p2 switch 2\n>p1 switch 5\n>p2 move bodyslam\n>p1 move fierydance\n>p2 switch 2\n>p1 switch 6\n>p2 move swordsdance\n>p1 move swordsdance\n>p2 move knockoff\n>p1 switch 5\n>p1 move healingwish\n>p2 move flareblitz\n>p1 switch 6\n>p1 move fierydance\n>p2 move knockoff\n>p1 switch 4\n>p1 move highhorsepower\n>p2 move flareblitz\n>p1 switch 2\n>p2 switch 2\n>p1 move knockoff\n>p2 move bodyslam\n>p1 move knockoff\n>p2 move ironhead\n>p2 switch 4\n>p1 move facade\n>p2 move sludgewave", "uploadtime": 1733864197, "views": 2, "formatid": "gen9randombattle", "rating": 1022, "private": 0, "password": null}