{"id": "gen9randombattle-2244606348", "format": "[Gen 9] Random Battle", "players": ["throwaway20some", "Iceman8911"], "log": "|j|\u2606throwaway20some\n|j|\u2606Iceman8911\n|t:|1731700185\n|gametype|singles\n|player|p1|throwaway20some|2|2261\n|player|p2|Iceman8911|plasmagrunt|2268\n|teamsize|p1|6\n|teamsize|p2|6\n|gen|9\n|tier|[Gen 9] Random Battle\n|rated|\n|rule|Species Clause: Limit one of each Pok\u00e9mon\n|rule|HP Percentage Mod: HP is shown in percentages\n|rule|Sleep Clause Mod: Limit one foe put to sleep\n|rule|Illusion Level Mod: Illusion disguises the Pok\u00e9mon's true level\n|\n|t:|1731700185\n|start\n|switch|p1a: Brute Bonnet|Brute Bonnet, L81|312/312\n|switch|p2a: Mienshao|Mienshao, L83, M|244/244\n|turn|1\n|inactive|Battle timer is ON: inactive players will automatically lose when time's up. (requested by throwaway20some)\n|inactive|Iceman8911 has 120 seconds left.\n|\n|t:|1731700233\n|-end|p1a: Brute Bonnet|Protosynthesis|[silent]\n|switch|p1a: Lugia|Lugia, L72|272/272\n|move|p2a: Mienshao|Triple Axel|p1a: Lugia\n|-supereffective|p1a: Lugia\n|-damage|p1a: Lugia|251/272\n|-supereffective|p1a: Lugia\n|-damage|p1a: Lugia|178/272\n|-supereffective|p1a: Lugia\n|-damage|p1a: Lugia|58/272\n|-hitcount|p1a: Lugia|3\n|-damage|p2a: Mienshao|220/244|[from] item: Life Orb\n|\n|upkeep\n|turn|2\n|\n|t:|1731700248\n|move|p2a: Mienshao|Knock Off|p1a: Lugia\n|-supereffective|p1a: Lugia\n|-damage|p1a: Lugia|0 fnt\n|-enditem|p1a: Lugia|Heavy-Duty Boots|[from] move: Knock Off|[of] p2a: Mienshao\n|faint|p1a: Lugia\n|-damage|p2a: Mienshao|196/244|[from] item: Life Orb\n|\n|upkeep\n|\n|t:|1731700254\n|switch|p1a: Jirachi|Jirachi, L80|291/291\n|turn|3\n|\n|t:|1731700262\n|switch|p2a: Archaludon|Archaludon, L78, M|268/268\n|move|p1a: Jirachi|Body Slam|p2a: Archaludon\n|-resisted|p2a: Archaludon\n|-damage|p2a: Archaludon|245/268\n|-ability|p2a: Archaludon|Stamina|boost\n|-boost|p2a: Archaludon|def|1\n|\n|upkeep\n|turn|4\n|\n|t:|1731700274\n|switch|p1a: Decidueye|Decidueye-Hisui, L87, M|295/295\n|move|p2a: Archaludon|Thunderbolt|p1a: Decidueye\n|-resisted|p1a: Decidueye\n|-damage|p1a: Decidueye|263/295\n|\n|-heal|p1a: Decidueye|281/295|[from] item: Leftovers\n|upkeep\n|turn|5\n|\n|t:|1731700281\n|switch|p2a: Leavanny|Leavanny, L86, F|269/269\n|move|p1a: Decidueye|Triple Arrows|p2a: Leavanny\n|-resisted|p2a: Leavanny\n|-crit|p2a: Leavanny\n|-damage|p2a: Leavanny|174/269\n|\n|-heal|p1a: Decidueye|295/295|[from] item: Leftovers\n|upkeep\n|turn|6\n|\n|t:|1731700294\n|switch|p1a: Dewgong|Dewgong, L94, M|322/322\n|move|p2a: Leavanny|Knock Off|p1a: Dewgong\n|-damage|p1a: Dewgong|249/322\n|-enditem|p1a: Dewgong|Assault Vest|[from] move: Knock Off|[of] p2a: Leavanny\n|\n|upkeep\n|turn|7\n|\n|t:|1731700302\n|switch|p2a: Archaludon|Archaludon, L78, M|245/268\n|move|p1a: Dewgong|Triple Axel|p2a: Archaludon\n|-damage|p2a: Archaludon|229/268\n|-ability|p2a: Archaludon|Stamina|boost\n|-boost|p2a: Archaludon|def|1\n|-crit|p2a: Archaludon\n|-damage|p2a: Archaludon|183/268\n|-ability|p2a: Archaludon|Stamina|boost\n|-boost|p2a: Archaludon|def|1\n|-damage|p2a: Archaludon|158/268\n|-ability|p2a: Archaludon|Stamina|boost\n|-boost|p2a: Archaludon|def|1\n|-hitcount|p2a: Archaludon|3\n|\n|upkeep\n|turn|8\n|\n|t:|1731700310\n|move|p1a: Dewgong|Surf|p2a: Archaludon\n|-resisted|p2a: Archaludon\n|-damage|p2a: Archaludon|113/268\n|-ability|p2a: Archaludon|Stamina|boost\n|-boost|p2a: Archaludon|def|1\n|move|p2a: Archaludon|Body Press|p1a: Dewgong\n|-supereffective|p1a: Dewgong\n|-damage|p1a: Dewgong|0 fnt\n|faint|p1a: Dewgong\n|\n|upkeep\n|\n|t:|1731700315\n|switch|p1a: Decidueye|Decidueye-Hisui, L87, M|295/295\n|turn|9\n|\n|t:|1731700317\n|move|p2a: Archaludon|Body Press|p1a: Decidueye\n|-damage|p1a: Decidueye|116/295\n|move|p1a: Decidueye|Triple Arrows|p2a: Archaludon\n|-supereffective|p2a: Archaludon\n|-damage|p2a: Archaludon|45/268\n|-unboost|p2a: Archaludon|def|1\n|-ability|p2a: Archaludon|Stamina|boost\n|-boost|p2a: Archaludon|def|1\n|\n|-heal|p1a: Decidueye|134/295|[from] item: Leftovers\n|upkeep\n|turn|10\n|\n|t:|1731700321\n|move|p1a: Decidueye|Sucker Punch|p2a: Archaludon\n|-damage|p2a: Archaludon|29/268\n|-ability|p2a: Archaludon|Stamina|boost\n|-boost|p2a: Archaludon|def|1\n|move|p2a: Archaludon|Body Press|p1a: Decidueye\n|-damage|p1a: Decidueye|0 fnt\n|faint|p1a: Decidueye\n|\n|upkeep\n|\n|t:|1731700332\n|switch|p1a: Jirachi|Jirachi, L80|291/291\n|turn|11\n|\n|t:|1731700334\n|move|p1a: Jirachi|Iron Head|p2a: Archaludon\n|-resisted|p2a: Archaludon\n|-damage|p2a: Archaludon|21/268\n|-ability|p2a: Archaludon|Stamina|boost\n|-boost|p2a: Archaludon|def|1\n|cant|p2a: Archaludon|flinch\n|\n|upkeep\n|turn|12\n|\n|t:|1731700340\n|move|p1a: Jirachi|Iron Head|p2a: Archaludon\n|-resisted|p2a: Archaludon\n|-damage|p2a: Archaludon|12/268\n|cant|p2a: Archaludon|flinch\n|\n|upkeep\n|turn|13\n|\n|t:|1731700344\n|move|p1a: Jirachi|Iron Head|p2a: Archaludon\n|-resisted|p2a: Archaludon\n|-damage|p2a: Archaludon|3/268\n|cant|p2a: Archaludon|flinch\n|\n|upkeep\n|turn|14\n|\n|t:|1731700348\n|move|p1a: Jirachi|Iron Head|p2a: Archaludon\n|-resisted|p2a: Archaludon\n|-damage|p2a: Archaludon|0 fnt\n|faint|p2a: Archaludon\n|\n|upkeep\n|\n|t:|1731700351\n|switch|p2a: Leavanny|Leavanny, L86, F|174/269\n|turn|15\n|\n|t:|1731700378\n|move|p2a: Leavanny|Sticky Web|p1a: Jirachi\n|-sidestart|p1: throwaway20some|move: Sticky Web\n|move|p1a: Jirachi|Body Slam|p2a: Leavanny\n|-damage|p2a: Leavanny|110/269\n|\n|upkeep\n|turn|16\n|\n|t:|1731700383\n|move|p2a: Leavanny|Knock Off|p1a: Jirachi\n|-supereffective|p1a: Jirachi\n|-damage|p1a: Jirachi|147/291\n|-enditem|p1a: Jirachi|Leftovers|[from] move: Knock Off|[of] p2a: Leavanny\n|move|p1a: Jirachi|Body Slam|p2a: Leavanny\n|-damage|p2a: Leavanny|53/269\n|-status|p2a: Leavanny|par\n|\n|upkeep\n|turn|17\n|\n|t:|1731700387\n|move|p1a: Jirachi|Wish|p1a: Jirachi\n|cant|p2a: Leavanny|par\n|\n|upkeep\n|turn|18\n|\n|t:|1731700393\n|move|p1a: Jirachi|Iron Head|p2a: Leavanny\n|-damage|p2a: Leavanny|0 fnt\n|faint|p2a: Leavanny\n|\n|-heal|p1a: Jirachi|291/291|[from] move: Wish|[wisher] Jirachi\n|upkeep\n|\n|t:|1731700396\n|switch|p2a: Cyclizar|Cyclizar, L83, F|252/252\n|turn|19\n|\n|t:|1731700400\n|move|p2a: Cyclizar|Shed Tail|p2a: Cyclizar\n|-start|p2a: Cyclizar|Substitute|[from] move: Shed Tail\n|-damage|p2a: Cyclizar|126/252\n|\n|t:|1731700411\n|switch|p2a: Porygon2|Porygon2, L82|274/274|[from] Shed Tail\n|-ability|p2a: Porygon2|Download|boost\n|-boost|p2a: Porygon2|spa|1\n|move|p1a: Jirachi|Body Slam|p2a: Porygon2\n|-activate|p2a: Porygon2|move: Substitute|[damage]\n|\n|upkeep\n|turn|20\n|\n|t:|1731700416\n|move|p1a: Jirachi|Iron Head|p2a: Porygon2\n|-end|p2a: Porygon2|Substitute\n|move|p2a: Porygon2|Discharge|p1a: Jirachi\n|-damage|p1a: Jirachi|213/291\n|-status|p1a: Jirachi|par\n|\n|upkeep\n|turn|21\n|\n|t:|1731700425\n|switch|p1a: Brute Bonnet|Brute Bonnet, L81|312/312\n|-activate|p1a: Brute Bonnet|move: Sticky Web\n|-unboost|p1a: Brute Bonnet|spe|1\n|move|p2a: Porygon2|Discharge|p1a: Brute Bonnet\n|-resisted|p1a: Brute Bonnet\n|-damage|p1a: Brute Bonnet|271/312\n|\n|-heal|p1a: Brute Bonnet|290/312|[from] item: Leftovers\n|upkeep\n|turn|22\n|\n|t:|1731700429\n|move|p2a: Porygon2|Ice Beam|p1a: Brute Bonnet\n|-supereffective|p1a: Brute Bonnet\n|-damage|p1a: Brute Bonnet|102/312\n|-status|p1a: Brute Bonnet|frz\n|cant|p1a: Brute Bonnet|frz\n|\n|-heal|p1a: Brute Bonnet|121/312 frz|[from] item: Leftovers\n|upkeep\n|turn|23\n|\n|t:|1731700432\n|move|p2a: Porygon2|Ice Beam|p1a: Brute Bonnet\n|-supereffective|p1a: Brute Bonnet\n|-damage|p1a: Brute Bonnet|0 fnt\n|faint|p1a: Brute Bonnet\n|-end|p1a: Brute Bonnet|Protosynthesis|[silent]\n|\n|upkeep\n|\n|t:|1731700434\n|switch|p1a: Baxcalibur|Baxcalibur, L75, F|296/296\n|turn|24\n|\n|t:|1731700437\n|move|p1a: Baxcalibur|Dragon Dance|p1a: Baxcalibur\n|-boost|p1a: Baxcalibur|atk|1\n|-boost|p1a: Baxcalibur|spe|1\n|move|p2a: Porygon2|Tri Attack|p1a: Baxcalibur\n|-damage|p1a: Baxcalibur|163/296\n|\n|upkeep\n|turn|25\n|\n|t:|1731700444\n|move|p1a: Baxcalibur|Icicle Crash|p2a: Porygon2\n|-damage|p2a: Porygon2|171/274\n|cant|p2a: Porygon2|flinch\n|\n|upkeep\n|turn|26\n|\n|t:|1731700454\n|-terastallize|p1a: Baxcalibur|Dragon\n|move|p1a: Baxcalibur|Glaive Rush|p2a: Porygon2\n|-damage|p2a: Porygon2|0 fnt\n|-singlemove|p1a: Baxcalibur|Glaive Rush|[silent]\n|faint|p2a: Porygon2\n|\n|upkeep\n|\n|t:|1731700462\n|switch|p2a: Leafeon|Leafeon, L88, M|258/258\n|turn|27\n|\n|t:|1731700466\n|-terastallize|p2a: Leafeon|Dark\n|move|p1a: Baxcalibur|Icicle Crash|p2a: Leafeon\n|-damage|p2a: Leafeon|147/258\n|cant|p2a: Leafeon|flinch\n|\n|upkeep\n|turn|28\n|\n|t:|1731700471\n|move|p1a: Baxcalibur|Glaive Rush|p2a: Leafeon\n|-crit|p2a: Leafeon\n|-damage|p2a: Leafeon|0 fnt\n|-singlemove|p1a: Baxcalibur|Glaive Rush|[silent]\n|faint|p2a: Leafeon\n|\n|upkeep\n|-message|Iceman8911 forfeited.\n|\n|win|throwaway20some\n|raw|throwaway20some's rating: 2261 &rarr; <strong>2281</strong><br />(+20 for winning)\n|raw|Iceman8911's rating: 2268 &rarr; <strong>2248</strong><br />(-20 for losing)\n", "inputlog": ">version 48604a2341c6e7bec58958c0f00ddbd3a745b6d0\n>start {\"formatid\":\"gen9randombattle\",\"seed\":[47243,29661,37692,8654],\"rated\":\"Rated battle\"}\n>player p1 {\"name\":\"throwaway20some\",\"avatar\":\"2\",\"rating\":2261,\"seed\":[32547,4379,38355,9932]}\n>player p2 {\"name\":\"Iceman8911\",\"avatar\":\"plasmagrunt\",\"rating\":2268,\"seed\":[42022,59099,43781,5493]}\n>p1 switch 5\n>p2 move tripleaxel\n>p1 move aeroblast\n>p2 move knockoff\n>p1 switch 6\n>p1 move bodyslam\n>p2 switch 2\n>p1 switch 4\n>p2 move thunderbolt\n>p1 move triplearrows\n>p2 switch 6\n>p1 switch 2\n>p2 move knockoff\n>p1 move tripleaxel\n>p2 switch 6\n>p1 move surf\n>p2 move bodypress\n>p1 switch 2\n>p1 move triplearrows\n>p2 move bodypress\n>p1 move suckerpunch\n>p2 move bodypress\n>p1 switch 4\n>p1 move ironhead\n>p2 move bodypress\n>p1 move ironhead\n>p2 move bodypress\n>p1 move ironhead\n>p2 move bodypress\n>p1 move ironhead\n>p2 move bodypress\n>p2 switch 6\n>p1 move bodyslam\n>p2 move stickyweb\n>p1 move bodyslam\n>p2 move knockoff\n>p1 move wish\n>p2 move lunge\n>p1 move ironhead\n>p2 move lunge\n>p2 switch 3\n>p1 move bodyslam\n>p2 move shedtail\n>p2 switch 5\n>p1 move ironhead\n>p2 move discharge\n>p1 switch 5\n>p2 move discharge\n>p1 move spore\n>p2 move icebeam\n>p1 move spore\n>p2 move icebeam\n>p1 switch 3\n>p1 move dragondance\n>p2 move triattack\n>p1 move iciclecrash\n>p2 move triattack\n>p1 move glaiverush terastallize\n>p2 move triattack\n>p2 switch 4\n>p1 move iciclecrash\n>p2 move knockoff terastallize\n>p1 move glaiverush\n>p2 move knockoff\n>forcelose p2", "uploadtime": 1731700477, "views": 28, "formatid": "gen9randombattle", "rating": 2248, "private": 0, "password": null}