{"id": "gen9randombattle-2260703589", "format": "[Gen 9] Random Battle", "players": ["FantasyWind", "One Odd Fan"], "log": "|j|\u203dFantasyWind\n|j|\u2606One Odd Fan\n|t:|1733880561\n|gametype|singles\n|player|p1|FantasyWind|hilda|1340\n|player|p2|One Odd Fan|gentleman-gen4dp|1297\n|teamsize|p1|6\n|teamsize|p2|6\n|gen|9\n|tier|[Gen 9] Random Battle\n|rated|\n|rule|Species Clause: Limit one of each Pok\u00e9mon\n|rule|HP Percentage Mod: HP is shown in percentages\n|rule|Sleep Clause Mod: Limit one foe put to sleep\n|rule|Illusion Level Mod: Illusion disguises the Pok\u00e9mon's true level\n|\n|t:|1733880561\n|start\n|switch|p1a: Arbok|Arbok, L87, M|246/246\n|switch|p2a: Granbull|Granbull, L88, M|302/302\n|-ability|p1a: Arbok|Intimidate|boost\n|-unboost|p2a: Granbull|atk|1\n|-ability|p2a: Granbull|Intimidate|boost\n|-unboost|p1a: Arbok|atk|1\n|turn|1\n|inactive|Battle timer is ON: inactive players will automatically lose when time's up. (requested by One Odd Fan)\n|\n|t:|1733880589\n|switch|p2a: Qwilfish|Qwilfish, L86, F|252/252\n|-ability|p2a: Qwilfish|Intimidate|boost\n|-unboost|p1a: Arbok|atk|1\n|move|p1a: Arbok|Gunk Shot|p2a: Qwilfish\n|-resisted|p2a: Qwilfish\n|-damage|p2a: Qwilfish|217/252\n|\n|-heal|p2a: Qwilfish|232/252|[from] item: Leftovers\n|upkeep\n|turn|2\n|\n|t:|1733880602\n|switch|p1a: Illumise|Illumise, L91, F|266/266\n|move|p2a: Qwilfish|Waterfall|p1a: Illumise\n|-damage|p1a: Illumise|179/266\n|\n|-heal|p2a: Qwilfish|247/252|[from] item: Leftovers\n|upkeep\n|turn|3\n|\n|t:|1733880610\n|move|p1a: Illumise|Thunder Wave|p2a: Qwilfish|[miss]\n|-miss|p1a: Illumise|p2a: Qwilfish\n|move|p2a: Qwilfish|Taunt|p1a: Illumise\n|-start|p1a: Illumise|move: Taunt\n|\n|-heal|p2a: Qwilfish|252/252|[from] item: Leftovers\n|upkeep\n|turn|4\n|\n|t:|1733880623\n|switch|p1a: Araquanid|Araquanid, L82, M|246/246\n|move|p2a: Qwilfish|Gunk Shot|p1a: Araquanid\n|-damage|p1a: Araquanid|117/246\n|-status|p1a: Araquanid|psn\n|\n|-damage|p1a: Araquanid|87/246 psn|[from] psn\n|upkeep\n|turn|5\n|\n|t:|1733880634\n|move|p2a: Qwilfish|Gunk Shot|p1a: Araquanid\n|-damage|p1a: Araquanid|0 fnt\n|faint|p1a: Araquanid\n|\n|upkeep\n|\n|t:|1733880645\n|switch|p1a: Iron Boulder|Iron Boulder, L77|265/265\n|-enditem|p1a: Iron Boulder|Booster Energy\n|-activate|p1a: Iron Boulder|ability: Quark Drive|[fromitem]\n|-start|p1a: Iron Boulder|quarkdrivespe\n|turn|6\n|\n|t:|1733880655\n|-terastallize|p2a: Qwilfish|Dark\n|move|p1a: Iron Boulder|Swords Dance|p1a: Iron Boulder\n|-boost|p1a: Iron Boulder|atk|2\n|move|p2a: Qwilfish|Waterfall|p1a: Iron Boulder\n|-supereffective|p1a: Iron Boulder\n|-damage|p1a: Iron Boulder|49/265\n|\n|upkeep\n|turn|7\n|\n|t:|1733880664\n|move|p1a: Iron Boulder|Close Combat|p2a: Qwilfish\n|-supereffective|p2a: Qwilfish\n|-damage|p2a: Qwilfish|0 fnt\n|-unboost|p1a: Iron Boulder|def|1\n|-unboost|p1a: Iron Boulder|spd|1\n|faint|p2a: Qwilfish\n|\n|upkeep\n|\n|t:|1733880677\n|switch|p2a: Jolteon|Jolteon, L84, M|246/246\n|turn|8\n|\n|t:|1733880691\n|move|p1a: Iron Boulder|Mighty Cleave|p2a: Jolteon\n|-damage|p2a: Jolteon|0 fnt\n|faint|p2a: Jolteon\n|\n|upkeep\n|\n|t:|1733880700\n|switch|p2a: Skeledirge|Skeledirge, L79, M|294/294\n|turn|9\n|\n|t:|1733880705\n|move|p1a: Iron Boulder|Mighty Cleave|p2a: Skeledirge\n|-supereffective|p2a: Skeledirge\n|-crit|p2a: Skeledirge\n|-damage|p2a: Skeledirge|0 fnt\n|faint|p2a: Skeledirge\n|\n|upkeep\n|\n|t:|1733880712\n|switch|p2a: Sawsbuck|Sawsbuck-Summer, L88, F|284/284\n|turn|10\n|\n|t:|1733880718\n|move|p1a: Iron Boulder|Close Combat|p2a: Sawsbuck\n|-supereffective|p2a: Sawsbuck\n|-damage|p2a: Sawsbuck|0 fnt\n|-unboost|p1a: Iron Boulder|def|1\n|-unboost|p1a: Iron Boulder|spd|1\n|faint|p2a: Sawsbuck\n|\n|upkeep\n|\n|t:|1733880726\n|switch|p2a: Iron Valiant|Iron Valiant, L78|244/244\n|turn|11\n|\n|t:|1733880734\n|move|p1a: Iron Boulder|Zen Headbutt|p2a: Iron Valiant\n|-supereffective|p2a: Iron Valiant\n|-damage|p2a: Iron Valiant|0 fnt\n|faint|p2a: Iron Valiant\n|-end|p2a: Iron Valiant|Quark Drive|[silent]\n|\n|upkeep\n|\n|t:|1733880738\n|switch|p2a: Granbull|Granbull, L88, M|302/302\n|-ability|p2a: Granbull|Intimidate|boost\n|-unboost|p1a: Iron Boulder|atk|1\n|turn|12\n|\n|t:|1733880744\n|move|p1a: Iron Boulder|Mighty Cleave|p2a: Granbull\n|-damage|p2a: Granbull|136/302\n|move|p2a: Granbull|Earthquake|p1a: Iron Boulder\n|-supereffective|p1a: Iron Boulder\n|-damage|p1a: Iron Boulder|0 fnt\n|faint|p1a: Iron Boulder\n|-end|p1a: Iron Boulder|Quark Drive|[silent]\n|\n|-heal|p2a: Granbull|154/302|[from] item: Leftovers\n|upkeep\n|\n|t:|1733880749\n|switch|p1a: Arbok|Arbok, L87, M|246/246\n|-ability|p1a: Arbok|Intimidate|boost\n|-unboost|p2a: Granbull|atk|1\n|turn|13\n|\n|t:|1733880756\n|move|p1a: Arbok|Gunk Shot|p2a: Granbull\n|-supereffective|p2a: Granbull\n|-damage|p2a: Granbull|0 fnt\n|faint|p2a: Granbull\n|\n|win|FantasyWind\n|raw|FantasyWind's rating: 1340 &rarr; <strong>1358</strong><br />(+18 for winning)\n|raw|One Odd Fan's rating: 1297 &rarr; <strong>1275</strong><br />(-22 for losing)\n", "inputlog": ">version bfd83cad13791eb5a5a409923076391caf6fb4d4\n>start {\"formatid\":\"gen9randombattle\",\"seed\":[57992,44678,42094,41482],\"rated\":\"Rated battle\"}\n>player p1 {\"name\":\"FantasyWind\",\"avatar\":\"hilda\",\"rating\":1340,\"seed\":[25300,47961,46951,25348]}\n>player p2 {\"name\":\"One Odd Fan\",\"avatar\":\"gentleman-gen4dp\",\"rating\":1297,\"seed\":[47106,3914,27240,33591]}\n>p1 move gunkshot\n>p2 switch 5\n>p1 switch 3\n>p2 move waterfall\n>p1 move thunderwave\n>p2 move taunt\n>p1 switch 5\n>p2 move gunkshot\n>p1 move stickyweb\n>p2 move gunkshot\n>p1 switch 2\n>p1 move swordsdance\n>p2 move waterfall terastallize\n>p1 move closecombat\n>p2 move waterfall\n>p2 switch 3\n>p1 move mightycleave\n>p2 move thunderbolt\n>p2 switch 6\n>p1 move mightycleave\n>p2 move flamecharge\n>p2 switch 4\n>p1 move closecombat\n>p2 move hornleech\n>p2 switch 2\n>p1 move zenheadbutt\n>p2 move closecombat\n>p2 switch 5\n>p1 move mightycleave\n>p2 move earthquake\n>p1 switch 3\n>p1 move gunkshot\n>p2 move encore", "uploadtime": 1733880759, "views": 1, "formatid": "gen9randombattle", "rating": 1275, "private": 0, "password": null}