{"id": "gen9randombattle-2259968310", "format": "[Gen 9] Random Battle", "players": ["Kyguy34", "stexuperyprince"], "log": "|j|\u2606Kyguy34\n|j|\u2606stexuperyprince\n|t:|1733785509\n|gametype|singles\n|player|p1|Kyguy34|lucas|1480\n|player|p2|stexuperyprince|palmer|1526\n|teamsize|p1|6\n|teamsize|p2|6\n|gen|9\n|tier|[Gen 9] Random Battle\n|rated|\n|rule|Species Clause: Limit one of each Pok\u00e9mon\n|rule|HP Percentage Mod: HP is shown in percentages\n|rule|Sleep Clause Mod: Limit one foe put to sleep\n|rule|Illusion Level Mod: Illusion disguises the Pok\u00e9mon's true level\n|\n|t:|1733785509\n|start\n|switch|p1a: Urshifu|Urshifu-Rapid-Strike, L75, F|274/274\n|switch|p2a: Electivire|Electivire, L84, M|263/263\n|turn|1\n|inactive|Battle timer is ON: inactive players will automatically lose when time's up. (requested by stexuperyprince)\n|inactive|Kyguy34 also wants the timer to be on.\n|\n|t:|1733785524\n|switch|p1a: Dunsparce|Dunsparce, L86, F|312/312\n|move|p2a: Electivire|Ice Punch|p1a: Dunsparce\n|-damage|p1a: Dunsparce|244/312\n|-damage|p2a: Electivire|237/263|[from] item: Life Orb\n|\n|upkeep\n|turn|2\n|\n|t:|1733785534\n|switch|p2a: Granbull|Granbull, L88, F|302/302\n|-ability|p2a: Granbull|Intimidate|boost\n|-unboost|p1a: Dunsparce|atk|1\n|move|p1a: Dunsparce|Coil|p1a: Dunsparce\n|-boost|p1a: Dunsparce|atk|1\n|-boost|p1a: Dunsparce|def|1\n|-boost|p1a: Dunsparce|accuracy|1\n|\n|upkeep\n|turn|3\n|\n|t:|1733785542\n|move|p1a: Dunsparce|Body Slam|p2a: Granbull\n|-damage|p2a: Granbull|218/302\n|-status|p2a: Granbull|par\n|move|p2a: Granbull|Roar|p1a: Dunsparce\n|drag|p1a: Deoxys|Deoxys, L74|196/196\n|-ability|p1a: Deoxys|Pressure\n|\n|-heal|p2a: Granbull|236/302 par|[from] item: Leftovers\n|upkeep\n|turn|4\n|\n|t:|1733785549\n|move|p1a: Deoxys|Psycho Boost|p2a: Granbull\n|-crit|p2a: Granbull\n|-damage|p2a: Granbull|0 fnt\n|-unboost|p1a: Deoxys|spa|2\n|faint|p2a: Granbull\n|-damage|p1a: Deoxys|177/196|[from] item: Life Orb\n|\n|upkeep\n|\n|t:|1733785555\n|switch|p2a: Mimikyu|Mimikyu, L79, M|216/216\n|turn|5\n|\n|t:|1733785569\n|move|p2a: Mimikyu|Shadow Sneak|p1a: Deoxys\n|-supereffective|p1a: Deoxys\n|-damage|p1a: Deoxys|21/196\n|-damage|p2a: Mimikyu|195/216|[from] item: Life Orb\n|move|p1a: Deoxys|Knock Off|p2a: Mimikyu\n|-activate|p2a: Mimikyu|ability: Disguise\n|-damage|p2a: Mimikyu|195/216\n|-enditem|p2a: Mimikyu|Life Orb|[from] move: Knock Off|[of] p1a: Deoxys\n|detailschange|p2a: Mimikyu|Mimikyu-Busted, L79, M\n|-damage|p2a: Mimikyu|168/216|[from] pokemon: Mimikyu-Busted\n|-damage|p1a: Deoxys|2/196|[from] item: Life Orb\n|\n|upkeep\n|turn|6\n|\n|t:|1733785587\n|switch|p1a: Dunsparce|Dunsparce, L86, F|244/312\n|switch|p2a: Garchomp|Garchomp, L74, F|282/282\n|\n|upkeep\n|turn|7\n|\n|t:|1733785605\n|move|p2a: Garchomp|Spikes|p1a: Dunsparce\n|-sidestart|p1: Kyguy34|Spikes\n|move|p1a: Dunsparce|Coil|p1a: Dunsparce\n|-boost|p1a: Dunsparce|atk|1\n|-boost|p1a: Dunsparce|def|1\n|-boost|p1a: Dunsparce|accuracy|1\n|\n|upkeep\n|turn|8\n|\n|t:|1733785609\n|move|p1a: Dunsparce|Body Slam|p2a: Garchomp\n|-damage|p2a: Garchomp|165/282\n|-status|p2a: Garchomp|par\n|-damage|p1a: Dunsparce|205/312|[from] ability: Rough Skin|[of] p2a: Garchomp\n|-damage|p1a: Dunsparce|153/312|[from] item: Rocky Helmet|[of] p2a: Garchomp\n|move|p2a: Garchomp|Dragon Tail|p1a: Dunsparce\n|-damage|p1a: Dunsparce|123/312\n|drag|p1a: Deoxys|Deoxys, L74|2/196\n|-damage|p1a: Deoxys|0 fnt|[from] Spikes\n|faint|p1a: Deoxys\n|\n|upkeep\n|\n|t:|1733785620\n|switch|p1a: Glaceon|Glaceon, L94, M|275/275\n|turn|9\n|\n|t:|1733785630\n|move|p1a: Glaceon|Calm Mind|p1a: Glaceon\n|-boost|p1a: Glaceon|spa|1\n|-boost|p1a: Glaceon|spd|1\n|cant|p2a: Garchomp|par\n|\n|upkeep\n|turn|10\n|\n|t:|1733785632\n|move|p1a: Glaceon|Freeze-Dry|p2a: Garchomp\n|-supereffective|p2a: Garchomp\n|-damage|p2a: Garchomp|0 fnt\n|faint|p2a: Garchomp\n|\n|upkeep\n|\n|t:|1733785651\n|switch|p2a: Shiftry|Shiftry, L89, F|305/305\n|turn|11\n|\n|t:|1733785663\n|-terastallize|p2a: Shiftry|Poison\n|move|p2a: Shiftry|Knock Off|p1a: Glaceon\n|-damage|p1a: Glaceon|165/275\n|-enditem|p1a: Glaceon|Heavy-Duty Boots|[from] move: Knock Off|[of] p2a: Shiftry\n|-damage|p2a: Shiftry|275/305|[from] item: Life Orb\n|move|p1a: Glaceon|Freeze-Dry|p2a: Shiftry\n|-damage|p2a: Shiftry|74/305\n|\n|upkeep\n|turn|12\n|\n|t:|1733785691\n|switch|p2a: Mimikyu|Mimikyu-Busted, L79, M|168/216\n|move|p1a: Glaceon|Freeze-Dry|p2a: Mimikyu\n|-damage|p2a: Mimikyu|8/216\n|\n|upkeep\n|turn|13\n|\n|t:|1733785696\n|move|p2a: Mimikyu|Play Rough|p1a: Glaceon\n|-damage|p1a: Glaceon|104/275\n|move|p1a: Glaceon|Freeze-Dry|p2a: Mimikyu\n|-damage|p2a: Mimikyu|0 fnt\n|faint|p2a: Mimikyu\n|\n|upkeep\n|\n|t:|1733785703\n|switch|p2a: Electivire|Electivire, L84, M|237/263\n|turn|14\n|\n|t:|1733785711\n|move|p1a: Glaceon|Protect|p1a: Glaceon\n|-singleturn|p1a: Glaceon|Protect\n|move|p2a: Electivire|Bulk Up|p2a: Electivire\n|-boost|p2a: Electivire|atk|1\n|-boost|p2a: Electivire|def|1\n|\n|upkeep\n|turn|15\n|\n|t:|1733785719\n|move|p2a: Electivire|Earthquake|p1a: Glaceon\n|-damage|p1a: Glaceon|0 fnt\n|faint|p1a: Glaceon\n|-damage|p2a: Electivire|211/263|[from] item: Life Orb\n|\n|upkeep\n|\n|t:|1733785731\n|switch|p1a: Lugia|Lugia, L72|272/272\n|turn|16\n|\n|t:|1733785734\n|-terastallize|p1a: Lugia|Steel\n|move|p2a: Electivire|Supercell Slam|p1a: Lugia\n|-damage|p1a: Lugia|169/272\n|-damage|p2a: Electivire|185/263|[from] item: Life Orb\n|move|p1a: Lugia|Earth Power|p2a: Electivire\n|-supereffective|p2a: Electivire\n|-damage|p2a: Electivire|87/263\n|\n|upkeep\n|turn|17\n|\n|t:|1733785739\n|move|p2a: Electivire|Earthquake|p1a: Lugia\n|-supereffective|p1a: Lugia\n|-damage|p1a: Lugia|0 fnt\n|faint|p1a: Lugia\n|-damage|p2a: Electivire|61/263|[from] item: Life Orb\n|\n|upkeep\n|\n|t:|1733785743\n|switch|p1a: Virizion|Virizion, L82|283/283\n|-damage|p1a: Virizion|248/283|[from] Spikes\n|turn|18\n|\n|t:|1733785753\n|move|p1a: Virizion|Stone Edge|p2a: Electivire\n|-crit|p2a: Electivire\n|-damage|p2a: Electivire|0 fnt\n|faint|p2a: Electivire\n|-damage|p1a: Virizion|220/283|[from] item: Life Orb\n|\n|upkeep\n|\n|t:|1733785757\n|switch|p2a: Shiftry|Shiftry, L89, F, tera:Poison|74/305\n|turn|19\n|\n|t:|1733785765\n|move|p1a: Virizion|Close Combat|p2a: Shiftry\n|-resisted|p2a: Shiftry\n|-damage|p2a: Shiftry|0 fnt\n|-unboost|p1a: Virizion|def|1\n|-unboost|p1a: Virizion|spd|1\n|faint|p2a: Shiftry\n|-damage|p1a: Virizion|192/283|[from] item: Life Orb\n|\n|upkeep\n|\n|t:|1733785769\n|switch|p2a: Ludicolo|Ludicolo, L90, F|290/290\n|turn|20\n|\n|t:|1733785774\n|move|p1a: Virizion|Close Combat|p2a: Ludicolo\n|-damage|p2a: Ludicolo|118/290\n|-unboost|p1a: Virizion|def|1\n|-unboost|p1a: Virizion|spd|1\n|-damage|p1a: Virizion|164/283|[from] item: Life Orb\n|move|p2a: Ludicolo|Rain Dance|p2a: Ludicolo\n|-weather|RainDance\n|\n|-weather|RainDance|[upkeep]\n|upkeep\n|turn|21\n|\n|t:|1733785778\n|move|p2a: Ludicolo|Ice Beam|p1a: Virizion\n|-supereffective|p1a: Virizion\n|-damage|p1a: Virizion|0 fnt\n|faint|p1a: Virizion\n|-damage|p2a: Ludicolo|89/290|[from] item: Life Orb\n|\n|-weather|RainDance|[upkeep]\n|upkeep\n|\n|t:|1733785782\n|switch|p1a: Urshifu|Urshifu-Rapid-Strike, L75, F|274/274\n|-damage|p1a: Urshifu|240/274|[from] Spikes\n|turn|22\n|\n|t:|1733785784\n|move|p2a: Ludicolo|Giga Drain|p1a: Urshifu\n|-supereffective|p1a: Urshifu\n|-damage|p1a: Urshifu|0 fnt\n|-heal|p2a: Ludicolo|209/290|[from] drain|[of] p1a: Urshifu\n|faint|p1a: Urshifu\n|-damage|p2a: Ludicolo|180/290|[from] item: Life Orb\n|\n|-weather|RainDance|[upkeep]\n|upkeep\n|\n|t:|1733785786\n|switch|p1a: Dunsparce|Dunsparce, L86, F|123/312\n|-damage|p1a: Dunsparce|84/312|[from] Spikes\n|turn|23\n|\n|t:|1733785791\n|move|p2a: Ludicolo|Giga Drain|p1a: Dunsparce\n|-damage|p1a: Dunsparce|0 fnt\n|-heal|p2a: Ludicolo|222/290|[from] drain|[of] p1a: Dunsparce\n|faint|p1a: Dunsparce\n|-damage|p2a: Ludicolo|193/290|[from] item: Life Orb\n|\n|win|stexuperyprince\n|raw|Kyguy34's rating: 1480 &rarr; <strong>1463</strong><br />(-17 for losing)\n|raw|stexuperyprince's rating: 1526 &rarr; <strong>1543</strong><br />(+17 for winning)\n|c|\u2606stexuperyprince|gg\n|l|\u2606Kyguy34\n|player|p1|\n", "inputlog": ">version bfd83cad13791eb5a5a409923076391caf6fb4d4\n>start {\"formatid\":\"gen9randombattle\",\"seed\":[56150,21999,41115,7153],\"rated\":\"Rated battle\"}\n>player p1 {\"name\":\"Kyguy34\",\"avatar\":\"lucas\",\"rating\":1480,\"seed\":[42619,33230,3528,12759]}\n>player p2 {\"name\":\"stexuperyprince\",\"avatar\":\"palmer\",\"rating\":1526,\"seed\":[30300,18007,20993,31838]}\n>p1 switch 2\n>p2 move icepunch\n>p1 move coil\n>p2 switch 4\n>p1 move bodyslam\n>p2 move roar\n>p1 move psychoboost\n>p2 move thunderwave\n>p2 switch 5\n>p1 move knockoff\n>p2 move shadowsneak\n>p1 switch 4\n>p2 switch 2\n>p1 move coil\n>p2 move spikes\n>p1 move bodyslam\n>p2 move dragontail\n>p1 switch 3\n>p1 move calmmind\n>p2 move outrage\n>p1 move freezedry\n>p2 move outrage\n>p2 switch 6\n>p1 move freezedry\n>p2 move knockoff terastallize\n>p1 move freezedry\n>p2 switch 2\n>p1 move freezedry\n>p2 move playrough\n>p2 switch 4\n>p1 move protect\n>p2 move bulkup\n>p1 move freezedry\n>p2 move earthquake\n>p1 switch 6\n>p1 move earthpower terastallize\n>p2 move supercellslam\n>p1 move earthpower\n>p2 move earthquake\n>p1 switch 5\n>p1 move stoneedge\n>p2 move icepunch\n>p2 switch 2\n>p1 move closecombat\n>p2 move willowisp\n>p2 switch 3\n>p1 move closecombat\n>p2 move raindance\n>p1 move closecombat\n>p2 move icebeam\n>p1 switch 2\n>p1 move closecombat\n>p2 move gigadrain\n>p1 switch 4\n>p1 move bodyslam\n>p2 move gigadrain", "uploadtime": 1733785820, "views": 7, "formatid": "gen9randombattle", "rating": 1463, "private": 0, "password": null}