{"id": "gen9randombattle-2260793574", "format": "[Gen 9] Random Battle", "players": ["ufigwfhiwfbwo", "khabeeb"], "log": "|j|\u2606ufigwfhiwfbwo\n|j|\u2606khabeeb\n|t:|1733893081\n|gametype|singles\n|player|p1|ufigwfhiwfbwo|1|1042\n|player|p2|khabeeb|102|1077\n|teamsize|p1|6\n|teamsize|p2|6\n|gen|9\n|tier|[Gen 9] Random Battle\n|rated|\n|rule|Species Clause: Limit one of each Pok\u00e9mon\n|rule|HP Percentage Mod: HP is shown in percentages\n|rule|Sleep Clause Mod: Limit one foe put to sleep\n|rule|Illusion Level Mod: Illusion disguises the Pok\u00e9mon's true level\n|\n|t:|1733893081\n|start\n|switch|p1a: Dusknoir|Dusknoir, L89, M|225/225\n|switch|p2a: Hoopa|Hoopa, L85|275/275\n|-item|p2a: Hoopa|Choice Scarf|[from] ability: Frisk|[of] p1a: Dusknoir\n|turn|1\n|inactive|Battle timer is ON: inactive players will automatically lose when time's up. (requested by khabeeb)\n|\n|t:|1733893098\n|move|p2a: Hoopa|Shadow Ball|p1a: Dusknoir\n|-supereffective|p1a: Dusknoir\n|-damage|p1a: Dusknoir|55/225\n|move|p1a: Dusknoir|Poltergeist|p2a: Hoopa\n|-activate|p2a: Hoopa|move: Poltergeist|Choice Scarf\n|-supereffective|p2a: Hoopa\n|-damage|p2a: Hoopa|0 fnt\n|faint|p2a: Hoopa\n|\n|-heal|p1a: Dusknoir|69/225|[from] item: Leftovers\n|upkeep\n|\n|t:|1733893108\n|switch|p2a: Chien-Pao|Chien-Pao, L72|234/234\n|-ability|p2a: Chien-Pao|Sword of Ruin\n|turn|2\n|\n|t:|1733893117\n|move|p2a: Chien-Pao|Ice Shard|p1a: Dusknoir\n|-damage|p1a: Dusknoir|18/225\n|move|p1a: Dusknoir|Substitute|p1a: Dusknoir\n|-fail|p1a: Dusknoir|move: Substitute|[weak]\n|\n|-heal|p1a: Dusknoir|32/225|[from] item: Leftovers\n|upkeep\n|turn|3\n|\n|t:|1733893123\n|switch|p1a: Corviknight|Corviknight, L80, M|288/288\n|move|p2a: Chien-Pao|Ice Shard|p1a: Corviknight\n|-damage|p1a: Corviknight|216/288\n|\n|upkeep\n|turn|4\n|\n|t:|1733893132\n|switch|p2a: Swampert|Swampert, L83, F|302/302\n|move|p1a: Corviknight|Body Press|p2a: Swampert\n|-damage|p2a: Swampert|243/302\n|\n|-heal|p2a: Swampert|261/302|[from] item: Leftovers\n|upkeep\n|turn|5\n|\n|t:|1733893139\n|switch|p1a: Politoed|Politoed, L88, M|302/302\n|-weather|RainDance|[from] ability: Drizzle|[of] p1a: Politoed\n|move|p2a: Swampert|Yawn|p1a: Politoed\n|-start|p1a: Politoed|move: Yawn|[of] p2a: Swampert\n|\n|-weather|RainDance|[upkeep]\n|-heal|p2a: Swampert|279/302|[from] item: Leftovers\n|upkeep\n|turn|6\n|\n|t:|1733893146\n|move|p1a: Politoed|Weather Ball|p2a: Swampert\n|-damage|p2a: Swampert|18/302\n|move|p2a: Swampert|Stealth Rock|p1a: Politoed\n|-sidestart|p1: ufigwfhiwfbwo|move: Stealth Rock\n|\n|-weather|RainDance|[upkeep]\n|-heal|p2a: Swampert|36/302|[from] item: Leftovers\n|-end|p1a: Politoed|move: Yawn|[silent]\n|-status|p1a: Politoed|slp\n|upkeep\n|turn|7\n|\n|t:|1733893155\n|cant|p1a: Politoed|slp\n|move|p2a: Swampert|Earthquake|p1a: Politoed\n|-damage|p1a: Politoed|181/302 slp\n|\n|-weather|RainDance|[upkeep]\n|-heal|p2a: Swampert|54/302|[from] item: Leftovers\n|upkeep\n|turn|8\n|\n|t:|1733893162\n|cant|p1a: Politoed|slp\n|move|p2a: Swampert|Flip Turn|p1a: Politoed\n|-resisted|p1a: Politoed\n|-damage|p1a: Politoed|94/302 slp\n|\n|t:|1733893170\n|switch|p2a: Chien-Pao|Chien-Pao, L72|234/234|[from] Flip Turn\n|-ability|p2a: Chien-Pao|Sword of Ruin\n|\n|-weather|RainDance|[upkeep]\n|upkeep\n|turn|9\n|\n|t:|1733893181\n|switch|p1a: Dusknoir|Dusknoir, L89, M|32/225\n|-damage|p1a: Dusknoir|4/225|[from] Stealth Rock\n|-item|p2a: Chien-Pao|Choice Band|[from] ability: Frisk|[of] p1a: Dusknoir\n|move|p2a: Chien-Pao|Icicle Crash|p1a: Dusknoir\n|-damage|p1a: Dusknoir|0 fnt\n|faint|p1a: Dusknoir\n|\n|-weather|none\n|upkeep\n|\n|t:|1733893183\n|switch|p1a: Corviknight|Corviknight, L80, M|216/288\n|-damage|p1a: Corviknight|180/288|[from] Stealth Rock\n|turn|10\n|\n|t:|1733893187\n|move|p2a: Chien-Pao|Icicle Crash|p1a: Corviknight\n|-damage|p1a: Corviknight|27/288\n|move|p1a: Corviknight|Defog|p2a: Chien-Pao\n|-unboost|p2a: Chien-Pao|evasion|1\n|-sideend|p1: ufigwfhiwfbwo|Stealth Rock|[from] move: Defog|[of] p1a: Corviknight\n|\n|upkeep\n|turn|11\n|\n|t:|1733893193\n|move|p2a: Chien-Pao|Icicle Crash|p1a: Corviknight\n|-damage|p1a: Corviknight|0 fnt\n|faint|p1a: Corviknight\n|\n|upkeep\n|\n|t:|1733893198\n|switch|p1a: Snorlax|Snorlax, L82, F|397/397\n|turn|12\n|\n|t:|1733893201\n|switch|p2a: Landorus|Landorus-Therian, L76, M|260/260\n|-ability|p2a: Landorus|Intimidate|boost\n|-unboost|p1a: Snorlax|atk|1\n|move|p1a: Snorlax|Curse|p1a: Snorlax\n|-unboost|p1a: Snorlax|spe|1\n|-boost|p1a: Snorlax|atk|1\n|-boost|p1a: Snorlax|def|1\n|\n|upkeep\n|turn|13\n|\n|t:|1733893210\n|move|p2a: Landorus|Taunt|p1a: Snorlax\n|-start|p1a: Snorlax|move: Taunt\n|cant|p1a: Snorlax|move: Taunt|Curse\n|\n|upkeep\n|turn|14\n|\n|t:|1733893214\n|move|p2a: Landorus|U-turn|p1a: Snorlax\n|-damage|p1a: Snorlax|351/397\n|\n|t:|1733893218\n|switch|p2a: Sableye|Sableye, L89, F|234/234|[from] U-turn\n|move|p1a: Snorlax|Body Slam|p2a: Sableye\n|-immune|p2a: Sableye\n|\n|-heal|p1a: Snorlax|375/397|[from] item: Leftovers\n|upkeep\n|turn|15\n|\n|t:|1733893225\n|switch|p1a: Tyranitar|Tyranitar, L79, M|288/288\n|-weather|Sandstorm|[from] ability: Sand Stream|[of] p1a: Tyranitar\n|move|p2a: Sableye|Will-O-Wisp|p1a: Tyranitar\n|-hint|Since gen 7, Dark is immune to Prankster moves.\n|-immune|p1a: Tyranitar\n|\n|-weather|Sandstorm|[upkeep]\n|-damage|p2a: Sableye|220/234|[from] Sandstorm\n|-heal|p2a: Sableye|234/234|[from] item: Leftovers\n|upkeep\n|turn|16\n|\n|t:|1733893235\n|move|p2a: Sableye|Encore|p1a: Tyranitar\n|-hint|Since gen 7, Dark is immune to Prankster moves.\n|-immune|p1a: Tyranitar\n|move|p1a: Tyranitar|Knock Off|p2a: Sableye\n|-damage|p2a: Sableye|113/234\n|-enditem|p2a: Sableye|Leftovers|[from] move: Knock Off|[of] p1a: Tyranitar\n|\n|-weather|Sandstorm|[upkeep]\n|-damage|p2a: Sableye|99/234|[from] Sandstorm\n|upkeep\n|turn|17\n|\n|t:|1733893242\n|move|p1a: Tyranitar|Dragon Dance|p1a: Tyranitar\n|-boost|p1a: Tyranitar|atk|1\n|-boost|p1a: Tyranitar|spe|1\n|move|p2a: Sableye|Knock Off|p1a: Tyranitar\n|-resisted|p1a: Tyranitar\n|-damage|p1a: Tyranitar|245/288\n|-enditem|p1a: Tyranitar|Leftovers|[from] move: Knock Off|[of] p2a: Sableye\n|\n|-weather|Sandstorm|[upkeep]\n|-damage|p2a: Sableye|85/234|[from] Sandstorm\n|upkeep\n|turn|18\n|\n|t:|1733893244\n|move|p2a: Sableye|Encore|p1a: Tyranitar\n|-hint|Since gen 7, Dark is immune to Prankster moves.\n|-immune|p1a: Tyranitar\n|move|p1a: Tyranitar|Dragon Dance|p1a: Tyranitar\n|-boost|p1a: Tyranitar|atk|1\n|-boost|p1a: Tyranitar|spe|1\n|\n|-weather|Sandstorm|[upkeep]\n|-damage|p2a: Sableye|71/234|[from] Sandstorm\n|upkeep\n|turn|19\n|\n|t:|1733893260\n|move|p2a: Sableye|Will-O-Wisp|p1a: Tyranitar\n|-hint|Since gen 7, Dark is immune to Prankster moves.\n|-immune|p1a: Tyranitar\n|move|p1a: Tyranitar|Dragon Dance|p1a: Tyranitar\n|-boost|p1a: Tyranitar|atk|1\n|-boost|p1a: Tyranitar|spe|1\n|\n|-weather|none\n|upkeep\n|turn|20\n|\n|t:|1733893267\n|move|p1a: Tyranitar|Dragon Dance|p1a: Tyranitar\n|-boost|p1a: Tyranitar|atk|1\n|-boost|p1a: Tyranitar|spe|1\n|move|p2a: Sableye|Knock Off|p1a: Tyranitar\n|-resisted|p1a: Tyranitar\n|-damage|p1a: Tyranitar|218/288\n|\n|upkeep\n|turn|21\n|\n|t:|1733893270\n|move|p1a: Tyranitar|Knock Off|p2a: Sableye\n|-damage|p2a: Sableye|0 fnt\n|faint|p2a: Sableye\n|\n|upkeep\n|\n|t:|1733893275\n|switch|p2a: Swampert|Swampert, L83, F|54/302\n|turn|22\n|\n|t:|1733893278\n|move|p1a: Tyranitar|Knock Off|p2a: Swampert\n|-damage|p2a: Swampert|0 fnt\n|-enditem|p2a: Swampert|Leftovers|[from] move: Knock Off|[of] p1a: Tyranitar\n|faint|p2a: Swampert\n|\n|upkeep\n|\n|t:|1733893284\n|switch|p2a: Chien-Pao|Chien-Pao, L72|234/234\n|-ability|p2a: Chien-Pao|Sword of Ruin\n|turn|23\n|\n|t:|1733893288\n|move|p1a: Tyranitar|Earthquake|p2a: Chien-Pao\n|-damage|p2a: Chien-Pao|0 fnt\n|faint|p2a: Chien-Pao\n|\n|upkeep\n|-message|khabeeb forfeited.\n|\n|win|ufigwfhiwfbwo\n|raw|ufigwfhiwfbwo's rating: 1042 &rarr; <strong>1079</strong><br />(+37 for winning)\n|raw|khabeeb's rating: 1077 &rarr; <strong>1053</strong><br />(-24 for losing)\n|l|\u2606khabeeb\n|player|p2|\n", "inputlog": ">version bfd83cad13791eb5a5a409923076391caf6fb4d4\n>start {\"formatid\":\"gen9randombattle\",\"seed\":[59445,15366,55011,503],\"rated\":\"Rated battle\"}\n>player p1 {\"name\":\"ufigwfhiwfbwo\",\"avatar\":\"1\",\"rating\":1042,\"seed\":[45531,61658,13613,61582]}\n>player p2 {\"name\":\"khabeeb\",\"avatar\":\"102\",\"rating\":1077,\"seed\":[26443,26698,901,26106]}\n>p1 move poltergeist\n>p2 move shadowball\n>p2 switch 5\n>p1 move substitute\n>p2 move iceshard\n>p1 switch 5\n>p2 move iceshard\n>p1 move bodypress\n>p2 switch 3\n>p1 switch 4\n>p2 move yawn\n>p1 move weatherball\n>p2 move stealthrock\n>p1 move weatherball\n>p2 move earthquake\n>p1 move weatherball\n>p2 move flipturn\n>p2 switch 3\n>p1 switch 5\n>p2 move iciclecrash\n>p1 switch 4\n>p1 move defog\n>p2 move iciclecrash\n>p1 move bodypress\n>p2 move iciclecrash\n>p1 switch 6\n>p1 move curse\n>p2 switch 4\n>p1 move curse\n>p2 move taunt\n>p1 move bodyslam\n>p2 move uturn\n>p2 switch 6\n>p1 switch 2\n>p2 move willowisp\n>p1 move knockoff\n>p2 move encore\n>p1 move dragondance\n>p2 move knockoff\n>p1 move dragondance\n>p2 move encore\n>p1 move dragondance\n>p2 move willowisp\n>p1 move dragondance\n>p2 move knockoff\n>p1 move knockoff\n>p2 move knockoff\n>p2 switch 3\n>p1 move knockoff\n>p2 move yawn\n>p2 switch 4\n>p1 move earthquake\n>p2 move sacredsword\n>forcelose p2", "uploadtime": 1733893293, "views": 15, "formatid": "gen9randombattle", "rating": 1053, "private": 0, "password": null}