{"id": "gen9randombattle-2259993555", "format": "[Gen 9] Random Battle", "players": ["actually a mimic", "Lyga"], "log": "|j|\u2606actually a mimic\n|j|\u2606Lyga\n|t:|1733788637\n|gametype|singles\n|player|p1|actually a mimic|harlequin|1520\n|player|p2|Lyga|dahlia|1476\n|teamsize|p1|6\n|teamsize|p2|6\n|gen|9\n|tier|[Gen 9] Random Battle\n|rated|\n|rule|Species Clause: Limit one of each Pok\u00e9mon\n|rule|HP Percentage Mod: HP is shown in percentages\n|rule|Sleep Clause Mod: Limit one foe put to sleep\n|rule|Illusion Level Mod: Illusion disguises the Pok\u00e9mon's true level\n|\n|t:|1733788637\n|start\n|switch|p1a: Furret|Furret, L94, M|312/312\n|switch|p2a: Vileplume|Vileplume, L85, M|266/266\n|-item|p2a: Vileplume|Leftovers|[from] ability: Frisk|[of] p1a: Furret\n|turn|1\n|\n|t:|1733788659\n|move|p1a: Furret|Trick|p2a: Vileplume\n|-activate|p1a: Furret|move: Trick|[of] p2a: Vileplume\n|-item|p2a: Vileplume|Choice Band|[from] move: Trick\n|-item|p1a: Furret|Leftovers|[from] move: Trick\n|move|p2a: Vileplume|Sleep Powder|p1a: Furret\n|-status|p1a: Furret|slp|[from] move: Sleep Powder\n|\n|upkeep\n|turn|2\n|\n|t:|1733788680\n|switch|p2a: Ninetales|Ninetales, L85, M|263/263\n|-weather|SunnyDay|[from] ability: Drought|[of] p2a: Ninetales\n|cant|p1a: Furret|slp\n|\n|-weather|SunnyDay|[upkeep]\n|upkeep\n|turn|3\n|\n|t:|1733788698\n|switch|p1a: Luvdisc|Luvdisc, M|247/247\n|move|p2a: Ninetales|Fire Blast|p1a: Luvdisc\n|-resisted|p1a: Luvdisc\n|-damage|p1a: Luvdisc|160/247\n|\n|-weather|SunnyDay|[upkeep]\n|upkeep\n|turn|4\n|\n|t:|1733788724\n|switch|p2a: Deoxys|Deoxys-Defense, L84|221/221\n|-ability|p2a: Deoxys|Pressure\n|move|p1a: Luvdisc|Substitute|p1a: Luvdisc\n|-start|p1a: Luvdisc|Substitute\n|-damage|p1a: Luvdisc|99/247\n|\n|-weather|SunnyDay|[upkeep]\n|upkeep\n|turn|5\n|\n|t:|1733788742\n|move|p1a: Luvdisc|Whirlpool|p2a: Deoxys\n|-damage|p2a: Deoxys|212/221\n|-activate|p2a: Deoxys|move: Whirlpool|[of] p1a: Luvdisc\n|move|p2a: Deoxys|Psychic Noise|p1a: Luvdisc\n|-damage|p1a: Luvdisc|33/247\n|-start|p1a: Luvdisc|move: Heal Block\n|\n|-weather|SunnyDay|[upkeep]\n|-damage|p2a: Deoxys|185/221|[from] move: Whirlpool|[partiallytrapped]\n|upkeep\n|turn|6\n|\n|t:|1733788765\n|move|p1a: Luvdisc|Endeavor|p2a: Deoxys\n|-damage|p2a: Deoxys|33/221\n|-damage|p1a: Luvdisc|0 fnt|[from] item: Rocky Helmet|[of] p2a: Deoxys\n|faint|p1a: Luvdisc\n|move|p2a: Deoxys|Psychic Noise|p1: Luvdisc|[notarget]\n|-fail|p2a: Deoxys\n|\n|-weather|none\n|-end|p2a: Deoxys|Whirlpool|[partiallytrapped]|[silent]\n|upkeep\n|\n|t:|1733788791\n|switch|p1a: Virizion|Virizion, L82|283/283\n|turn|7\n|\n|t:|1733788800\n|switch|p2a: Zebstrika|Zebstrika, L87, F|272/272\n|move|p1a: Virizion|Stone Edge|p2a: Zebstrika\n|-crit|p2a: Zebstrika\n|-damage|p2a: Zebstrika|123/272\n|-damage|p1a: Virizion|255/283|[from] item: Life Orb\n|\n|upkeep\n|turn|8\n|\n|t:|1733788815\n|move|p2a: Zebstrika|Overheat|p1a: Virizion\n|-supereffective|p1a: Virizion\n|-damage|p1a: Virizion|81/283\n|-unboost|p2a: Zebstrika|spa|2\n|-damage|p2a: Zebstrika|96/272|[from] item: Life Orb\n|move|p1a: Virizion|Close Combat|p2a: Zebstrika\n|-damage|p2a: Zebstrika|0 fnt\n|-unboost|p1a: Virizion|def|1\n|-unboost|p1a: Virizion|spd|1\n|faint|p2a: Zebstrika\n|-damage|p1a: Virizion|53/283|[from] item: Life Orb\n|\n|upkeep\n|\n|t:|1733788828\n|switch|p2a: Ninetales|Ninetales, L85, M|263/263\n|-weather|SunnyDay|[from] ability: Drought|[of] p2a: Ninetales\n|turn|9\n|\n|t:|1733788849\n|switch|p1a: Furret|Furret, L94, M|312/312 slp\n|-item|p2a: Ninetales|Heavy-Duty Boots|[from] ability: Frisk|[of] p1a: Furret\n|move|p2a: Ninetales|Fire Blast|p1a: Furret\n|-damage|p1a: Furret|117/312 slp\n|\n|-weather|SunnyDay|[upkeep]\n|-heal|p1a: Furret|136/312 slp|[from] item: Leftovers\n|upkeep\n|turn|10\n|\n|t:|1733788870\n|cant|p1a: Furret|slp\n|move|p2a: Ninetales|Fire Blast|p1a: Furret|[miss]\n|-miss|p2a: Ninetales|p1a: Furret\n|\n|-weather|SunnyDay|[upkeep]\n|-heal|p1a: Furret|155/312 slp|[from] item: Leftovers\n|upkeep\n|turn|11\n|\n|t:|1733788883\n|switch|p2a: Vileplume|Vileplume, L85, M|266/266\n|-curestatus|p1a: Furret|slp|[msg]\n|move|p1a: Furret|Double-Edge|p2a: Vileplume\n|-crit|p2a: Vileplume\n|-damage|p2a: Vileplume|58/266\n|-status|p1a: Furret|par|[from] ability: Effect Spore|[of] p2a: Vileplume\n|-damage|p1a: Furret|86/312 par|[from] Recoil\n|\n|-weather|SunnyDay|[upkeep]\n|-heal|p1a: Furret|105/312 par|[from] item: Leftovers\n|upkeep\n|turn|12\n|\n|t:|1733788917\n|move|p2a: Vileplume|Strength Sap|p1a: Furret\n|-unboost|p1a: Furret|atk|1\n|-heal|p2a: Vileplume|254/266\n|move|p1a: Furret|U-turn|p2a: Vileplume\n|-damage|p2a: Vileplume|217/266\n|\n|t:|1733788945\n|switch|p1a: Glimmora|Glimmora, L75, F|248/248|[from] U-turn\n|\n|-weather|SunnyDay|[upkeep]\n|upkeep\n|turn|13\n|\n|t:|1733788961\n|switch|p2a: Ninetales|Ninetales, L85, M|263/263\n|move|p1a: Glimmora|Spikes|p2a: Ninetales\n|-sidestart|p2: Lyga|Spikes\n|\n|-weather|none\n|upkeep\n|turn|14\n|\n|t:|1733788977\n|switch|p1a: Furret|Furret, L94, M|105/312 par\n|-item|p2a: Ninetales|Heavy-Duty Boots|[from] ability: Frisk|[of] p1a: Furret\n|move|p2a: Ninetales|Scorching Sands|p1a: Furret\n|-damage|p1a: Furret|45/312 par\n|\n|-heal|p1a: Furret|64/312 par|[from] item: Leftovers\n|upkeep\n|turn|15\n|\n|t:|1733789019\n|move|p2a: Ninetales|Fire Blast|p1a: Furret\n|-damage|p1a: Furret|0 fnt\n|faint|p1a: Furret\n|\n|upkeep\n|inactive|Battle timer is ON: inactive players will automatically lose when time's up. (requested by actually a mimic)\n|\n|t:|1733789036\n|switch|p1a: Virizion|Virizion, L82|53/283\n|turn|16\n|inactive|Lyga has 120 seconds left.\n|\n|t:|1733789077\n|move|p1a: Virizion|Stone Edge|p2a: Ninetales\n|-supereffective|p2a: Ninetales\n|-damage|p2a: Ninetales|81/263\n|-damage|p1a: Virizion|25/283|[from] item: Life Orb\n|move|p2a: Ninetales|Fire Blast|p1a: Virizion\n|-supereffective|p1a: Virizion\n|-damage|p1a: Virizion|0 fnt\n|faint|p1a: Virizion\n|\n|upkeep\n|inactive|actually a mimic has 120 seconds left.\n|\n|t:|1733789108\n|switch|p1a: Sceptile|Sceptile, L87, F|264/264\n|turn|17\n|inactive|Lyga has 120 seconds left.\n|\n|t:|1733789120\n|move|p1a: Sceptile|Earthquake|p2a: Ninetales\n|-supereffective|p2a: Ninetales\n|-damage|p2a: Ninetales|0 fnt\n|faint|p2a: Ninetales\n|-damage|p1a: Sceptile|238/264|[from] item: Life Orb\n|\n|upkeep\n|inactive|Lyga has 120 seconds left.\n|\n|t:|1733789146\n|switch|p2a: Eiscue|Eiscue, L88, F|272/272\n|-damage|p2a: Eiscue|238/272|[from] Spikes\n|turn|18\n|\n|t:|1733789173\n|move|p1a: Sceptile|Earthquake|p2a: Eiscue\n|-activate|p2a: Eiscue|ability: Ice Face\n|-damage|p2a: Eiscue|238/272\n|detailschange|p2a: Eiscue|Eiscue-Noice, L88, F\n|-damage|p1a: Sceptile|212/264|[from] item: Life Orb\n|move|p2a: Eiscue|Belly Drum|p2a: Eiscue\n|-damage|p2a: Eiscue|102/272\n|-setboost|p2a: Eiscue|atk|6|[from] move: Belly Drum\n|\n|upkeep\n|turn|19\n|inactive|actually a mimic has 90 seconds left.\n|\n|t:|1733789193\n|switch|p1a: Glimmora|Glimmora, L75, F|248/248\n|move|p2a: Eiscue|Ice Spinner|p1a: Glimmora\n|-damage|p1a: Glimmora|0 fnt\n|-activate|p1a: Glimmora|ability: Toxic Debris\n|-sidestart|p2: Lyga|move: Toxic Spikes\n|faint|p1a: Glimmora\n|\n|upkeep\n|inactive|actually a mimic has 90 seconds left.\n|\n|t:|1733789213\n|switch|p1a: Kingambit|Kingambit, L74, M|270/270\n|-activate|p1a: Kingambit|ability: Supreme Overlord\n|-start|p1a: Kingambit|fallen4|[silent]\n|turn|20\n|\n|t:|1733789233\n|move|p2a: Eiscue|Substitute|p2a: Eiscue\n|-start|p2a: Eiscue|Substitute\n|-damage|p2a: Eiscue|34/272\n|-enditem|p2a: Eiscue|Salac Berry|[eat]\n|-boost|p2a: Eiscue|spe|1|[from] item: Salac Berry\n|move|p1a: Kingambit|Kowtow Cleave|p2a: Eiscue\n|-end|p2a: Eiscue|Substitute\n|\n|upkeep\n|turn|21\n|\n|t:|1733789248\n|switch|p2a: Vileplume|Vileplume, L85, M|217/266\n|-damage|p2a: Vileplume|184/266|[from] Spikes\n|-sideend|p2: Lyga|move: Toxic Spikes|[of] p2a: Vileplume\n|move|p1a: Kingambit|Sucker Punch||[still]\n|-fail|p1a: Kingambit\n|\n|upkeep\n|turn|22\n|\n|t:|1733789258\n|-end|p1a: Kingambit|fallen4|[silent]\n|switch|p1a: Sceptile|Sceptile, L87, F|212/264\n|move|p2a: Vileplume|Sludge Bomb|p1a: Sceptile\n|-supereffective|p1a: Sceptile\n|-damage|p1a: Sceptile|0 fnt\n|faint|p1a: Sceptile\n|\n|upkeep\n|\n|t:|1733789265\n|switch|p1a: Kingambit|Kingambit, L74, M|270/270\n|-activate|p1a: Kingambit|ability: Supreme Overlord\n|-start|p1a: Kingambit|fallen5|[silent]\n|turn|23\n|\n|t:|1733789277\n|switch|p2a: Deoxys|Deoxys-Defense, L84|33/221\n|-damage|p2a: Deoxys|6/221|[from] Spikes\n|-ability|p2a: Deoxys|Pressure\n|-terastallize|p1a: Kingambit|Dark\n|move|p1a: Kingambit|Kowtow Cleave|p2a: Deoxys\n|-supereffective|p2a: Deoxys\n|-damage|p2a: Deoxys|0 fnt\n|-damage|p1a: Kingambit|225/270|[from] item: Rocky Helmet|[of] p2a: Deoxys\n|faint|p2a: Deoxys\n|\n|-heal|p1a: Kingambit|241/270|[from] item: Leftovers\n|upkeep\n|\n|t:|1733789286\n|switch|p2a: Vileplume|Vileplume, L85, M|184/266\n|-damage|p2a: Vileplume|151/266|[from] Spikes\n|turn|24\n|\n|t:|1733789298\n|move|p2a: Vileplume|Strength Sap|p1a: Kingambit\n|-unboost|p1a: Kingambit|atk|1\n|-heal|p2a: Vileplume|266/266\n|move|p1a: Kingambit|Kowtow Cleave|p2a: Vileplume\n|-damage|p2a: Vileplume|130/266\n|\n|-heal|p1a: Kingambit|257/270|[from] item: Leftovers\n|upkeep\n|turn|25\n|\n|t:|1733789310\n|move|p2a: Vileplume|Strength Sap|p1a: Kingambit\n|-unboost|p1a: Kingambit|atk|1\n|-heal|p2a: Vileplume|266/266\n|move|p1a: Kingambit|Swords Dance|p1a: Kingambit\n|-boost|p1a: Kingambit|atk|2\n|\n|-heal|p1a: Kingambit|270/270|[from] item: Leftovers\n|upkeep\n|turn|26\n|\n|t:|1733789320\n|move|p2a: Vileplume|Strength Sap|p1a: Kingambit\n|-unboost|p1a: Kingambit|atk|1\n|move|p1a: Kingambit|Kowtow Cleave|p2a: Vileplume\n|-damage|p2a: Vileplume|144/266\n|\n|upkeep\n|turn|27\n|inactive|actually a mimic has 90 seconds left.\n|\n|t:|1733789326\n|move|p2a: Vileplume|Strength Sap|p1a: Kingambit\n|-unboost|p1a: Kingambit|atk|1\n|-heal|p2a: Vileplume|266/266\n|move|p1a: Kingambit|Swords Dance|p1a: Kingambit\n|-boost|p1a: Kingambit|atk|2\n|\n|upkeep\n|turn|28\n|\n|t:|1733789333\n|move|p2a: Vileplume|Strength Sap|p1a: Kingambit\n|-unboost|p1a: Kingambit|atk|1\n|move|p1a: Kingambit|Swords Dance|p1a: Kingambit\n|-boost|p1a: Kingambit|atk|2\n|\n|upkeep\n|turn|29\n|\n|t:|1733789349\n|switch|p2a: Eiscue|Eiscue-Noice, L88, F|34/272\n|-damage|p2a: Eiscue|0 fnt|[from] Spikes\n|faint|p2a: Eiscue\n|move|p1a: Kingambit|Swords Dance|p1a: Kingambit\n|-boost|p1a: Kingambit|atk|2\n|\n|upkeep\n|\n|t:|1733789354\n|switch|p2a: Vileplume|Vileplume, L85, M|266/266\n|-damage|p2a: Vileplume|233/266|[from] Spikes\n|turn|30\n|\n|t:|1733789361\n|move|p2a: Vileplume|Sleep Powder|p1a: Kingambit\n|-status|p1a: Kingambit|slp|[from] move: Sleep Powder\n|cant|p1a: Kingambit|slp\n|\n|upkeep\n|turn|31\n|\n|t:|1733789367\n|switch|p2a: Raichu|Raichu, L88, F|249/249\n|-damage|p2a: Raichu|218/249|[from] Spikes\n|-curestatus|p1a: Kingambit|slp|[msg]\n|move|p1a: Kingambit|Sucker Punch||[still]\n|-fail|p1a: Kingambit\n|\n|upkeep\n|turn|32\n|\n|t:|1733789374\n|switch|p2a: Vileplume|Vileplume, L85, M|233/266\n|-damage|p2a: Vileplume|200/266|[from] Spikes\n|move|p1a: Kingambit|Swords Dance|p1a: Kingambit\n|-boost|p1a: Kingambit|atk|2\n|\n|upkeep\n|turn|33\n|inactive|actually a mimic has 120 seconds left.\n|\n|t:|1733789382\n|move|p2a: Vileplume|Sleep Powder|p1a: Kingambit\n|-status|p1a: Kingambit|slp|[from] move: Sleep Powder\n|cant|p1a: Kingambit|slp\n|\n|upkeep\n|turn|34\n|\n|t:|1733789387\n|switch|p2a: Raichu|Raichu, L88, F|218/249\n|-damage|p2a: Raichu|187/249|[from] Spikes\n|cant|p1a: Kingambit|slp\n|\n|upkeep\n|turn|35\n|\n|t:|1733789394\n|switch|p2a: Vileplume|Vileplume, L85, M|200/266\n|-damage|p2a: Vileplume|167/266|[from] Spikes\n|-curestatus|p1a: Kingambit|slp|[msg]\n|move|p1a: Kingambit|Kowtow Cleave|p2a: Vileplume\n|-damage|p2a: Vileplume|0 fnt\n|faint|p2a: Vileplume\n|\n|upkeep\n|\n|t:|1733789397\n|switch|p2a: Raichu|Raichu, L88, F|187/249\n|-damage|p2a: Raichu|156/249|[from] Spikes\n|turn|36\n|\n|t:|1733789404\n|move|p2a: Raichu|Thunderbolt|p1a: Kingambit\n|-damage|p1a: Kingambit|110/270\n|move|p1a: Kingambit|Kowtow Cleave|p2a: Raichu\n|-damage|p2a: Raichu|0 fnt\n|faint|p2a: Raichu\n|\n|win|actually a mimic\n|raw|actually a mimic's rating: 1520 &rarr; <strong>1537</strong><br />(+17 for winning)\n|raw|Lyga's rating: 1476 &rarr; <strong>1459</strong><br />(-17 for losing)\n|c|\u2606actually a mimic|ggwp\n|l|\u2606Lyga\n|player|p2|\n", "inputlog": ">version bfd83cad13791eb5a5a409923076391caf6fb4d4\n>start {\"formatid\":\"gen9randombattle\",\"seed\":[34077,6285,55161,52277],\"rated\":\"Rated battle\"}\n>player p1 {\"name\":\"actually a mimic\",\"avatar\":\"harlequin\",\"rating\":1520,\"seed\":[37088,36746,34190,56405]}\n>player p2 {\"name\":\"Lyga\",\"avatar\":\"dahlia\",\"rating\":1476,\"seed\":[54870,44038,1269,3203]}\n>p1 move trick\n>p2 move sleeppowder\n>p1 move knockoff\n>p2 switch 5\n>p1 switch 2\n>p2 move fireblast\n>p1 move substitute\n>p2 switch 4\n>p1 move whirlpool\n>p2 move psychicnoise\n>p1 move endeavor\n>p2 move psychicnoise\n>p1 switch 5\n>p1 move stoneedge\n>p2 switch 3\n>p1 move closecombat\n>p2 move overheat\n>p2 switch 4\n>p1 switch 2\n>p2 move fireblast\n>p1 move knockoff\n>p2 move fireblast\n>p1 move doubleedge\n>p2 switch 5\n>p1 move uturn\n>p2 move strengthsap\n>p1 switch 6\n>p1 move spikes\n>p2 switch 5\n>p1 switch 6\n>p2 move scorchingsands\n>p1 move doubleedge\n>p2 move fireblast\n>p1 switch 2\n>p1 move stoneedge\n>p2 move fireblast\n>p1 switch 3\n>p1 move earthquake\n>p2 move fireblast\n>p2 switch 2\n>p1 move earthquake\n>p2 move bellydrum\n>p1 switch 6\n>p2 move icespinner\n>p1 switch 4\n>p1 move kowtowcleave\n>p2 move substitute\n>p1 move suckerpunch\n>p2 switch 5\n>p1 switch 6\n>p2 move sludgebomb\n>p1 switch 6\n>p1 move kowtowcleave terastallize\n>p2 switch 3\n>p2 switch 3\n>p1 move kowtowcleave\n>p2 move strengthsap\n>p1 move swordsdance\n>p2 move strengthsap\n>p1 move kowtowcleave\n>p2 move strengthsap\n>p1 move swordsdance\n>p2 move strengthsap\n>p1 move swordsdance\n>p2 move strengthsap\n>p1 move swordsdance\n>p2 switch 5\n>p2 switch 5\n>p1 move kowtowcleave\n>p2 move sleeppowder\n>p1 move suckerpunch\n>p2 switch 6\n>p1 move swordsdance\n>p2 switch 6\n>p1 move kowtowcleave\n>p2 move sleeppowder\n>p1 move kowtowcleave\n>p2 switch 6\n>p1 move kowtowcleave\n>p2 switch 6\n>p2 switch 6\n>p1 move kowtowcleave\n>p2 move thunderbolt", "uploadtime": 1733789413, "views": 1, "formatid": "gen9randombattle", "rating": 1459, "private": 0, "password": null}