{"id": "gen9randombattle-2260093135", "format": "[Gen 9] Random Battle", "players": ["mankeeeeeeeeeey", "TastesFunny"], "log": "|j|\u2606mankeeeeeeeeeey\n|j|\u2606TastesFunny\n|t:|1733801419\n|gametype|singles\n|player|p1|mankeeeeeeeeeey|n|1370\n|player|p2|TastesFunny|caitlin|1401\n|teamsize|p1|6\n|teamsize|p2|6\n|gen|9\n|tier|[Gen 9] Random Battle\n|rated|\n|rule|Species Clause: Limit one of each Pok\u00e9mon\n|rule|HP Percentage Mod: HP is shown in percentages\n|rule|Sleep Clause Mod: Limit one foe put to sleep\n|rule|Illusion Level Mod: Illusion disguises the Pok\u00e9mon's true level\n|\n|t:|1733801419\n|start\n|switch|p1a: Cinderace|Cinderace, L77, M|249/249\n|switch|p2a: Bellossom|Bellossom, L84, F|263/263\n|turn|1\n|inactive|Battle timer is ON: inactive players will automatically lose when time's up. (requested by mankeeeeeeeeeey)\n|\n|t:|1733801432\n|switch|p2a: Stonjourner|Stonjourner, L91, F|330/330\n|move|p1a: Cinderace|Pyro Ball|p2a: Stonjourner|[miss]\n|-miss|p1a: Cinderace|p2a: Stonjourner\n|\n|upkeep\n|turn|2\n|\n|t:|1733801455\n|switch|p1a: Tatsugiri|Tatsugiri-Droopy, L87, M|260/260\n|move|p2a: Stonjourner|Earthquake|p1a: Tatsugiri\n|-damage|p1a: Tatsugiri|95/260\n|-damage|p2a: Stonjourner|297/330|[from] item: Life Orb\n|\n|upkeep\n|turn|3\n|\n|t:|1733801463\n|move|p1a: Tatsugiri|Surf|p2a: Stonjourner\n|-supereffective|p2a: Stonjourner\n|-damage|p2a: Stonjourner|0 fnt\n|faint|p2a: Stonjourner\n|\n|upkeep\n|\n|t:|1733801465\n|switch|p2a: Bellossom|Bellossom, L84, F|263/263\n|turn|4\n|\n|t:|1733801476\n|switch|p1a: Cinderace|Cinderace, L77, M|249/249\n|move|p2a: Bellossom|Quiver Dance|p2a: Bellossom\n|-boost|p2a: Bellossom|spa|1\n|-boost|p2a: Bellossom|spd|1\n|-boost|p2a: Bellossom|spe|1\n|\n|upkeep\n|turn|5\n|\n|t:|1733801493\n|move|p1a: Cinderace|Pyro Ball|p2a: Bellossom|[miss]\n|-miss|p1a: Cinderace|p2a: Bellossom\n|move|p2a: Bellossom|Strength Sap|p1a: Cinderace\n|-unboost|p1a: Cinderace|atk|1\n|\n|upkeep\n|turn|6\n|c|\u2606mankeeeeeeeeeey|bro why\n|\n|t:|1733801513\n|move|p1a: Cinderace|Pyro Ball|p2a: Bellossom\n|-supereffective|p2a: Bellossom\n|-damage|p2a: Bellossom|101/263\n|move|p2a: Bellossom|Strength Sap|p1a: Cinderace\n|-unboost|p1a: Cinderace|atk|1\n|-heal|p2a: Bellossom|249/263\n|\n|-heal|p2a: Bellossom|263/263|[from] item: Leftovers\n|upkeep\n|turn|7\n|c|\u2606TastesFunny|bad luck rip\n|\n|t:|1733801519\n|switch|p1a: Flamigo|Flamigo, L82, M|269/269\n|move|p2a: Bellossom|Quiver Dance|p2a: Bellossom\n|-boost|p2a: Bellossom|spa|1\n|-boost|p2a: Bellossom|spd|1\n|-boost|p2a: Bellossom|spe|1\n|\n|upkeep\n|turn|8\n|\n|t:|1733801524\n|move|p2a: Bellossom|Moonblast|p1a: Flamigo\n|-supereffective|p1a: Flamigo\n|-damage|p1a: Flamigo|0 fnt\n|faint|p1a: Flamigo\n|\n|upkeep\n|\n|t:|1733801534\n|switch|p1a: Cinderace|Cinderace, L77, M|249/249\n|turn|9\n|\n|t:|1733801553\n|move|p2a: Bellossom|Strength Sap|p1a: Cinderace\n|-unboost|p1a: Cinderace|atk|1\n|move|p1a: Cinderace|Pyro Ball|p2a: Bellossom\n|-supereffective|p2a: Bellossom\n|-damage|p2a: Bellossom|95/263\n|\n|-heal|p2a: Bellossom|111/263|[from] item: Leftovers\n|upkeep\n|turn|10\n|\n|t:|1733801566\n|move|p2a: Bellossom|Strength Sap|p1a: Cinderace\n|-unboost|p1a: Cinderace|atk|1\n|-heal|p2a: Bellossom|259/263\n|move|p1a: Cinderace|Pyro Ball|p2a: Bellossom\n|-supereffective|p2a: Bellossom\n|-damage|p2a: Bellossom|145/263\n|\n|-heal|p2a: Bellossom|161/263|[from] item: Leftovers\n|upkeep\n|turn|11\n|\n|t:|1733801580\n|switch|p1a: Tatsugiri|Tatsugiri-Droopy, L87, M|95/260\n|move|p2a: Bellossom|Strength Sap|p1a: Tatsugiri\n|-unboost|p1a: Tatsugiri|atk|1\n|-heal|p2a: Bellossom|263/263\n|\n|upkeep\n|turn|12\n|\n|t:|1733801585\n|move|p2a: Bellossom|Moonblast|p1a: Tatsugiri\n|-supereffective|p1a: Tatsugiri\n|-damage|p1a: Tatsugiri|0 fnt\n|faint|p1a: Tatsugiri\n|\n|upkeep\n|\n|t:|1733801587\n|switch|p1a: Cinderace|Cinderace, L77, M|249/249\n|turn|13\n|\n|t:|1733801591\n|-terastallize|p1a: Cinderace|Fire\n|move|p2a: Bellossom|Strength Sap|p1a: Cinderace\n|-unboost|p1a: Cinderace|atk|1\n|move|p1a: Cinderace|Pyro Ball|p2a: Bellossom\n|-supereffective|p2a: Bellossom\n|-damage|p2a: Bellossom|59/263\n|\n|-heal|p2a: Bellossom|75/263|[from] item: Leftovers\n|upkeep\n|turn|14\n|\n|t:|1733801594\n|move|p2a: Bellossom|Strength Sap|p1a: Cinderace\n|-unboost|p1a: Cinderace|atk|1\n|-heal|p2a: Bellossom|223/263\n|move|p1a: Cinderace|Pyro Ball|p2a: Bellossom\n|-supereffective|p2a: Bellossom\n|-damage|p2a: Bellossom|71/263\n|\n|-heal|p2a: Bellossom|87/263|[from] item: Leftovers\n|upkeep\n|turn|15\n|c|\u2606mankeeeeeeeeeey|please\n|\n|t:|1733801605\n|move|p2a: Bellossom|Strength Sap|p1a: Cinderace\n|-unboost|p1a: Cinderace|atk|1\n|-heal|p2a: Bellossom|198/263\n|move|p1a: Cinderace|Pyro Ball|p2a: Bellossom\n|-supereffective|p2a: Bellossom\n|-damage|p2a: Bellossom|66/263\n|\n|-heal|p2a: Bellossom|82/263|[from] item: Leftovers\n|upkeep\n|turn|16\n|\n|t:|1733801614\n|move|p2a: Bellossom|Strength Sap|p1a: Cinderace\n|-unboost|p1a: Cinderace|atk|1\n|-heal|p2a: Bellossom|171/263\n|move|p1a: Cinderace|High Jump Kick|p2a: Bellossom\n|-damage|p2a: Bellossom|143/263\n|\n|-heal|p2a: Bellossom|159/263|[from] item: Leftovers\n|upkeep\n|turn|17\n|c|\u2606mankeeeeeeeeeey|bro -_-\n|c|\u2606TastesFunny|blame the creators of strength sap ig\n|\n|t:|1733801639\n|move|p2a: Bellossom|Strength Sap|p1a: Cinderace\n|-unboost|p1a: Cinderace|atk|1\n|-heal|p2a: Bellossom|233/263\n|move|p1a: Cinderace|High Jump Kick|p2a: Bellossom|[miss]\n|-miss|p1a: Cinderace|p2a: Bellossom\n|-damage|p1a: Cinderace|125/249|[from] highjumpkick\n|\n|-heal|p2a: Bellossom|249/263|[from] item: Leftovers\n|upkeep\n|turn|18\n|c|\u2606mankeeeeeeeeeey|and yep\n|c|\u2606TastesFunny|the rng this game tho..\n|c|\u2606mankeeeeeeeeeey|why does pyro only have 8 max pp\n|\n|t:|1733801664\n|switch|p1a: Oricorio|Oricorio-Pom-Pom, L82, M|257/257\n|move|p2a: Bellossom|Quiver Dance|p2a: Bellossom\n|-boost|p2a: Bellossom|spa|1\n|-boost|p2a: Bellossom|spd|1\n|-boost|p2a: Bellossom|spe|1\n|-activate|p1a: Oricorio|ability: Dancer\n|move|p1a: Oricorio|Quiver Dance|p1a: Oricorio|[from]ability: Dancer\n|-boost|p1a: Oricorio|spa|1\n|-boost|p1a: Oricorio|spd|1\n|-boost|p1a: Oricorio|spe|1\n|\n|-heal|p2a: Bellossom|263/263|[from] item: Leftovers\n|upkeep\n|turn|19\n|\n|t:|1733801671\n|move|p2a: Bellossom|Moonblast|p1a: Oricorio\n|-damage|p1a: Oricorio|140/257\n|move|p1a: Oricorio|Hurricane|p2a: Bellossom\n|-supereffective|p2a: Bellossom\n|-damage|p2a: Bellossom|143/263\n|\n|-heal|p2a: Bellossom|159/263|[from] item: Leftovers\n|upkeep\n|turn|20\n|\n|t:|1733801678\n|move|p2a: Bellossom|Quiver Dance|p2a: Bellossom\n|-boost|p2a: Bellossom|spa|1\n|-boost|p2a: Bellossom|spd|1\n|-boost|p2a: Bellossom|spe|1\n|-activate|p1a: Oricorio|ability: Dancer\n|move|p1a: Oricorio|Quiver Dance|p1a: Oricorio|[from]ability: Dancer\n|-boost|p1a: Oricorio|spa|1\n|-boost|p1a: Oricorio|spd|1\n|-boost|p1a: Oricorio|spe|1\n|move|p1a: Oricorio|Hurricane|p2a: Bellossom\n|-supereffective|p2a: Bellossom\n|-damage|p2a: Bellossom|21/263\n|-start|p2a: Bellossom|confusion\n|\n|-heal|p2a: Bellossom|37/263|[from] item: Leftovers\n|upkeep\n|turn|21\n|\n|t:|1733801687\n|move|p1a: Oricorio|Hurricane|p2a: Bellossom\n|-supereffective|p2a: Bellossom\n|-damage|p2a: Bellossom|0 fnt\n|faint|p2a: Bellossom\n|\n|upkeep\n|c|\u2606mankeeeeeeeeeey|YOO\n|c|\u2606mankeeeeeeeeeey|took 5 years but alr\n|\n|t:|1733801707\n|switch|p2a: Dugtrio|Dugtrio-Alola, L84, F|196/196\n|turn|22\n|\n|t:|1733801723\n|move|p1a: Oricorio|Hurricane|p2a: Dugtrio\n|-resisted|p2a: Dugtrio\n|-damage|p2a: Dugtrio|75/196\n|-start|p2a: Dugtrio|confusion\n|-activate|p2a: Dugtrio|confusion\n|move|p2a: Dugtrio|Stone Edge|p1a: Oricorio\n|-supereffective|p1a: Oricorio\n|-damage|p1a: Oricorio|0 fnt\n|faint|p1a: Oricorio\n|-damage|p2a: Dugtrio|56/196|[from] item: Life Orb\n|\n|upkeep\n|\n|t:|1733801733\n|switch|p1a: Cinderace|Cinderace, L77, M, tera:Fire|125/249\n|turn|23\n|\n|t:|1733801740\n|move|p1a: Cinderace|Sucker Punch|p2a: Dugtrio\n|-damage|p2a: Dugtrio|0 fnt\n|-ability|p2a: Dugtrio|Tangling Hair\n|-unboost|p1a: Cinderace|spe|1\n|faint|p2a: Dugtrio\n|\n|upkeep\n|\n|t:|1733801754\n|switch|p2a: Pachirisu|Pachirisu, L96, M|271/271\n|turn|24\n|\n|t:|1733801766\n|switch|p1a: Lanturn|Lanturn, L89, M|367/367\n|move|p2a: Pachirisu|Encore||[still]\n|-fail|p2a: Pachirisu\n|\n|upkeep\n|turn|25\n|\n|t:|1733801776\n|move|p2a: Pachirisu|Super Fang|p1a: Lanturn\n|-damage|p1a: Lanturn|184/367\n|move|p1a: Lanturn|Scald|p2a: Pachirisu\n|-damage|p2a: Pachirisu|198/271\n|-status|p2a: Pachirisu|brn\n|\n|-damage|p2a: Pachirisu|182/271 brn|[from] brn\n|upkeep\n|turn|26\n|\n|t:|1733801786\n|move|p2a: Pachirisu|U-turn|p1a: Lanturn\n|-damage|p1a: Lanturn|161/367\n|\n|t:|1733801788\n|switch|p2a: Mew|Mew, L82, shiny|298/298|[from] U-turn\n|move|p1a: Lanturn|Scald|p2a: Mew\n|-damage|p2a: Mew|217/298\n|\n|upkeep\n|turn|27\n|c|\u2606mankeeeeeeeeeey|oh\n|c|\u2606mankeeeeeeeeeey|my gosh\n|\n|t:|1733801798\n|move|p2a: Mew|Psyshock|p1a: Lanturn\n|-damage|p1a: Lanturn|23/367\n|-damage|p2a: Mew|188/298|[from] item: Life Orb\n|move|p1a: Lanturn|Thunder Wave|p2a: Mew\n|-status|p2a: Mew|par\n|-activate|p2a: Mew|ability: Synchronize\n|-immune|p1a: Lanturn\n|\n|upkeep\n|turn|28\n|c|\u2606TastesFunny|oh!\n|c|\u2606TastesFunny|it's shiny cool\n|c|\u2606TastesFunny|I didn't even notice cuz I always run shiny mew\n|\n|t:|1733801818\n|move|p1a: Lanturn|Volt Switch|p2a: Mew\n|-damage|p2a: Mew|122/298 par\n|c|\u2606mankeeeeeeeeeey|huh\n|\n|t:|1733801825\n|switch|p1a: Reuniclus|Reuniclus, L88, M|337/337|[from] Volt Switch\n|cant|p2a: Mew|par\n|\n|upkeep\n|turn|29\n|\n|t:|1733801834\n|switch|p2a: Pachirisu|Pachirisu, L96, M|182/271 brn\n|move|p1a: Reuniclus|Calm Mind|p1a: Reuniclus\n|-boost|p1a: Reuniclus|spa|1\n|-boost|p1a: Reuniclus|spd|1\n|\n|-damage|p2a: Pachirisu|166/271 brn|[from] brn\n|upkeep\n|turn|30\n|\n|t:|1733801842\n|move|p2a: Pachirisu|U-turn|p1a: Reuniclus\n|-supereffective|p1a: Reuniclus\n|-damage|p1a: Reuniclus|293/337\n|\n|t:|1733801846\n|switch|p2a: Mew|Mew, L82, shiny|122/298 par|[from] U-turn\n|move|p1a: Reuniclus|Psyshock|p2a: Mew\n|-resisted|p2a: Mew\n|-damage|p2a: Mew|21/298 par\n|\n|upkeep\n|turn|31\n|\n|t:|1733801856\n|cant|p2a: Mew|par\n|move|p1a: Reuniclus|Psyshock|p2a: Mew\n|-resisted|p2a: Mew\n|-damage|p2a: Mew|0 fnt\n|faint|p2a: Mew\n|\n|upkeep\n|\n|t:|1733801878\n|switch|p2a: Pachirisu|Pachirisu, L96, M|166/271 brn\n|turn|32\n|\n|t:|1733801883\n|move|p2a: Pachirisu|Super Fang|p1a: Reuniclus\n|-damage|p1a: Reuniclus|147/337\n|move|p1a: Reuniclus|Psyshock|p2a: Pachirisu\n|-damage|p2a: Pachirisu|0 fnt\n|faint|p2a: Pachirisu\n|\n|upkeep\n|\n|t:|1733801886\n|switch|p2a: Tauros|Tauros, L82, M|257/257\n|turn|33\n|\n|t:|1733801890\n|move|p2a: Tauros|Body Slam|p1a: Reuniclus\n|-damage|p1a: Reuniclus|0 fnt\n|faint|p1a: Reuniclus\n|\n|upkeep\n|\n|t:|1733801893\n|switch|p1a: Cinderace|Cinderace, L77, M, tera:Fire|125/249\n|turn|34\n|c|\u2606mankeeeeeeeeeey|50/50\n|\n|t:|1733801901\n|move|p1a: Cinderace|High Jump Kick|p2a: Tauros|[miss]\n|-miss|p1a: Cinderace|p2a: Tauros\n|-damage|p1a: Cinderace|1/249|[from] highjumpkick\n|move|p2a: Tauros|Body Slam|p1a: Cinderace\n|-crit|p1a: Cinderace\n|-damage|p1a: Cinderace|0 fnt\n|faint|p1a: Cinderace\n|\n|upkeep\n|c|\u2606TastesFunny|..\n|c|\u2606TastesFunny|whelp\n|c|\u2606mankeeeeeeeeeey|NGAHHH!!!\n|\n|t:|1733801922\n|switch|p1a: Lanturn|Lanturn, L89, M|23/367\n|turn|35\n|c|\u2606mankeeeeeeeeeey|Undertale reference\n|c|\u2606TastesFunny|that's like 4 90% accs missed this game lmao\n|c|\u2606mankeeeeeeeeeey|fr -_-\n|\n|t:|1733801938\n|move|p2a: Tauros|Body Slam|p1a: Lanturn\n|-damage|p1a: Lanturn|0 fnt\n|faint|p1a: Lanturn\n|\n|win|TastesFunny\n|raw|mankeeeeeeeeeey's rating: 1370 &rarr; <strong>1353</strong><br />(-17 for losing)\n|raw|TastesFunny's rating: 1421 &rarr; <strong>1438</strong><br />(+17 for winning)\n|c|\u2606mankeeeeeeeeeey|gg\n|c|\u2606TastesFunny|ggs\n|l|\u2606mankeeeeeeeeeey\n|player|p1|\n", "inputlog": ">version bfd83cad13791eb5a5a409923076391caf6fb4d4\n>start {\"formatid\":\"gen9randombattle\",\"seed\":[14371,62809,41928,49557],\"rated\":\"Rated battle\"}\n>player p1 {\"name\":\"mankeeeeeeeeeey\",\"avatar\":\"n\",\"rating\":1370,\"seed\":[48762,21952,47061,14067]}\n>player p2 {\"name\":\"TastesFunny\",\"avatar\":\"caitlin\",\"rating\":1401,\"seed\":[8125,42636,40413,15408]}\n>p1 move pyroball\n>p2 switch 2\n>p1 switch 4\n>p2 move earthquake\n>p1 move surf\n>p2 move earthquake\n>p2 switch 2\n>p1 switch 4\n>p2 move quiverdance\n>p1 move pyroball\n>p2 move strengthsap\n>chat \u2606mankeeeeeeeeeey|bro why\n>p1 move pyroball\n>p2 move strengthsap\n>chat \u2606TastesFunny|bad luck rip\n>p1 switch 3\n>p2 move quiverdance\n>p1 move bravebird\n>p2 move moonblast\n>p1 switch 3\n>p1 move pyroball\n>p2 move strengthsap\n>p1 move pyroball\n>p2 move strengthsap\n>p1 switch 4\n>p2 move strengthsap\n>p1 move dracometeor\n>p2 move moonblast\n>p1 switch 4\n>p1 move pyroball terastallize\n>p2 move strengthsap\n>p1 move pyroball\n>p2 move strengthsap\n>chat \u2606mankeeeeeeeeeey|please\n>p1 move pyroball\n>p2 move strengthsap\n>p1 move highjumpkick\n>p2 move strengthsap\n>chat \u2606mankeeeeeeeeeey|bro -_-\n>chat \u2606TastesFunny|blame the creators of strength sap ig\n>p1 move highjumpkick\n>p2 move strengthsap\n>chat \u2606mankeeeeeeeeeey|and yep\n>chat \u2606TastesFunny|the rng this game tho..\n>chat \u2606mankeeeeeeeeeey|why does pyro only have 8 max pp\n>p1 switch 2\n>p2 move quiverdance\n>p1 move hurricane\n>p2 move moonblast\n>p1 move hurricane\n>p2 move quiverdance\n>p1 move hurricane\n>p2 move moonblast\n>chat \u2606mankeeeeeeeeeey|YOO\n>chat \u2606mankeeeeeeeeeey|took 5 years but alr\n>p2 switch 6\n>p1 move hurricane\n>p2 move stoneedge\n>p1 switch 2\n>p1 move suckerpunch\n>p2 move earthquake\n>p2 switch 5\n>p1 switch 5\n>p2 move encore\n>p1 move scald\n>p2 move superfang\n>p1 move scald\n>p2 move uturn\n>p2 switch 4\n>chat \u2606mankeeeeeeeeeey|oh\n>chat \u2606mankeeeeeeeeeey|my gosh\n>p1 move thunderwave\n>p2 move psyshock\n>chat \u2606TastesFunny|oh!\n>chat \u2606TastesFunny|it's shiny cool\n>chat \u2606TastesFunny|I didn't even notice cuz I always run shiny mew\n>p1 move voltswitch\n>p2 move psyshock\n>chat \u2606mankeeeeeeeeeey|huh\n>p1 switch 6\n>p1 move calmmind\n>p2 switch 4\n>p1 move psyshock\n>p2 move uturn\n>p2 switch 4\n>p1 move psyshock\n>p2 move fireblast\n>p2 switch 4\n>p1 move psyshock\n>p2 move superfang\n>p2 switch 3\n>p1 move focusblast\n>p2 move bodyslam\n>p1 switch 5\n>chat \u2606mankeeeeeeeeeey|50/50\n>p1 move highjumpkick\n>p2 move bodyslam\n>chat \u2606TastesFunny|..\n>chat \u2606TastesFunny|whelp\n>chat \u2606mankeeeeeeeeeey|NGAHHH!!!\n>p1 switch 6\n>chat \u2606mankeeeeeeeeeey|Undertale reference\n>chat \u2606TastesFunny|that's like 4 90% accs missed this game lmao\n>chat \u2606mankeeeeeeeeeey|fr -_-\n>p1 move thunderbolt\n>p2 move bodyslam", "uploadtime": 1733801948, "views": 27, "formatid": "gen9randombattle", "rating": 1353, "private": 0, "password": null}