{"id": "gen9randombattle-2260719858", "format": "[Gen 9] Random Battle", "players": ["kupchun", "Azubuike"], "log": "|j|\u2606kupchun\n|j|\u2606Azubuike\n|t:|1733882638\n|gametype|singles\n|player|p1|kupchun|1|2111\n|player|p2|Azubuike|102|2209\n|teamsize|p1|6\n|teamsize|p2|6\n|gen|9\n|tier|[Gen 9] Random Battle\n|rated|\n|rule|Species Clause: Limit one of each Pok\u00e9mon\n|rule|HP Percentage Mod: HP is shown in percentages\n|rule|Sleep Clause Mod: Limit one foe put to sleep\n|rule|Illusion Level Mod: Illusion disguises the Pok\u00e9mon's true level\n|\n|t:|1733882638\n|start\n|switch|p1a: Bellibolt|Bellibolt, L84, F|320/320\n|switch|p2a: Forretress|Forretress, L84, F|263/263\n|turn|1\n|j| spheal787\n|l| spheal787\n|inactive|Battle timer is ON: inactive players will automatically lose when time's up. (requested by Azubuike)\n|\n|t:|1733882646\n|move|p1a: Bellibolt|Thunderbolt|p2a: Forretress\n|-damage|p2a: Forretress|130/263\n|move|p2a: Forretress|Toxic Spikes|p1a: Bellibolt\n|-sidestart|p1: kupchun|move: Toxic Spikes\n|\n|-heal|p2a: Forretress|146/263|[from] item: Leftovers\n|upkeep\n|turn|2\n|\n|t:|1733882656\n|switch|p2a: Flapple|Flapple, L88, M|266/266\n|move|p1a: Bellibolt|Thunderbolt|p2a: Flapple\n|-resisted|p2a: Flapple\n|-damage|p2a: Flapple|233/266\n|\n|upkeep\n|turn|3\n|\n|t:|1733882659\n|move|p2a: Flapple|U-turn|p1a: Bellibolt\n|-damage|p1a: Bellibolt|180/320\n|-start|p1a: Bellibolt|Charge|U-turn|[from] ability: Electromorphosis\n|\n|t:|1733882664\n|switch|p2a: Magmortar|Magmortar, L88, F|275/275|[from] U-turn\n|move|p1a: Bellibolt|Toxic|p2a: Magmortar\n|-status|p2a: Magmortar|tox\n|\n|-heal|p1a: Bellibolt|200/320|[from] item: Leftovers\n|-damage|p2a: Magmortar|258/275 tox|[from] psn\n|upkeep\n|turn|4\n|\n|t:|1733882670\n|switch|p2a: Flapple|Flapple, L88, M|233/266\n|switch|p1a: Charizard|Charizard, L85, F|271/271\n|\n|upkeep\n|turn|5\n|\n|t:|1733882673\n|move|p1a: Charizard|Hurricane|p2a: Flapple\n|-supereffective|p2a: Flapple\n|-damage|p2a: Flapple|0 fnt\n|faint|p2a: Flapple\n|\n|upkeep\n|\n|t:|1733882684\n|switch|p2a: Fezandipiti|Fezandipiti, L82, M|278/278\n|turn|6\n|\n|t:|1733882689\n|move|p1a: Charizard|Earthquake|p2a: Fezandipiti\n|-supereffective|p2a: Fezandipiti\n|-damage|p2a: Fezandipiti|126/278\n|move|p2a: Fezandipiti|Gunk Shot|p1a: Charizard\n|-damage|p1a: Charizard|157/271\n|-status|p1a: Charizard|psn\n|\n|-heal|p2a: Fezandipiti|143/278|[from] item: Leftovers\n|-damage|p1a: Charizard|124/271 psn|[from] psn\n|upkeep\n|turn|7\n|\n|t:|1733882700\n|switch|p2a: Forretress|Forretress, L84, F|146/263\n|move|p1a: Charizard|Flamethrower|p2a: Forretress\n|-supereffective|p2a: Forretress\n|-damage|p2a: Forretress|0 fnt\n|faint|p2a: Forretress\n|\n|-damage|p1a: Charizard|91/271 psn|[from] psn\n|upkeep\n|\n|t:|1733882708\n|switch|p2a: Magmortar|Magmortar, L88, F|258/275 tox\n|turn|8\n|\n|t:|1733882712\n|switch|p2a: Conkeldurr|Conkeldurr, L80, M|299/299\n|move|p1a: Charizard|Earthquake|p2a: Conkeldurr\n|-damage|p2a: Conkeldurr|233/299\n|\n|-damage|p1a: Charizard|58/271 psn|[from] psn\n|-status|p2a: Conkeldurr|brn|[from] item: Flame Orb\n|upkeep\n|turn|9\n|\n|t:|1733882717\n|switch|p1a: Cresselia|Cresselia, L80, F|323/323\n|switch|p2a: Magmortar|Magmortar, L88, F|258/275 tox\n|\n|-damage|p2a: Magmortar|241/275 tox|[from] psn\n|upkeep\n|turn|10\n|\n|t:|1733882722\n|move|p2a: Magmortar|Fire Blast|p1a: Cresselia|[miss]\n|-miss|p2a: Magmortar|p1a: Cresselia\n|move|p1a: Cresselia|Calm Mind|p1a: Cresselia\n|-boost|p1a: Cresselia|spa|1\n|-boost|p1a: Cresselia|spd|1\n|\n|-damage|p2a: Magmortar|207/275 tox|[from] psn\n|upkeep\n|turn|11\n|\n|t:|1733882726\n|switch|p2a: Tinkaton|Tinkaton, L82, F|274/274\n|-ability|p2a: Tinkaton|Mold Breaker\n|move|p1a: Cresselia|Calm Mind|p1a: Cresselia\n|-boost|p1a: Cresselia|spa|1\n|-boost|p1a: Cresselia|spd|1\n|\n|upkeep\n|turn|12\n|\n|t:|1733882731\n|move|p2a: Tinkaton|Knock Off|p1a: Cresselia\n|-supereffective|p1a: Cresselia\n|-damage|p1a: Cresselia|201/323\n|-enditem|p1a: Cresselia|Leftovers|[from] move: Knock Off|[of] p2a: Tinkaton\n|-damage|p2a: Tinkaton|247/274|[from] item: Life Orb\n|move|p1a: Cresselia|Psyshock|p2a: Tinkaton\n|-resisted|p2a: Tinkaton\n|-damage|p2a: Tinkaton|178/274\n|\n|upkeep\n|turn|13\n|\n|t:|1733882734\n|move|p2a: Tinkaton|Swords Dance|p2a: Tinkaton\n|-boost|p2a: Tinkaton|atk|2\n|move|p1a: Cresselia|Moonlight|p1a: Cresselia\n|-heal|p1a: Cresselia|323/323\n|\n|upkeep\n|turn|14\n|\n|t:|1733882738\n|move|p2a: Tinkaton|Swords Dance|p2a: Tinkaton\n|-boost|p2a: Tinkaton|atk|2\n|move|p1a: Cresselia|Psyshock|p2a: Tinkaton\n|-resisted|p2a: Tinkaton\n|-damage|p2a: Tinkaton|100/274\n|\n|upkeep\n|turn|15\n|\n|t:|1733882741\n|switch|p1a: Bellibolt|Bellibolt, L84, F|200/320\n|-status|p1a: Bellibolt|psn\n|move|p2a: Tinkaton|Gigaton Hammer|p1a: Bellibolt\n|-resisted|p1a: Bellibolt\n|-damage|p1a: Bellibolt|0 fnt\n|faint|p1a: Bellibolt\n|-damage|p2a: Tinkaton|73/274|[from] item: Life Orb\n|\n|upkeep\n|\n|t:|1733882747\n|switch|p1a: Charizard|Charizard, L85, F|58/271 psn\n|turn|16\n|\n|t:|1733882751\n|switch|p2a: Conkeldurr|Conkeldurr, L80, M|233/299 brn\n|move|p1a: Charizard|Earthquake|p2a: Conkeldurr\n|-damage|p2a: Conkeldurr|168/299 brn\n|\n|-damage|p1a: Charizard|25/271 psn|[from] psn\n|-damage|p2a: Conkeldurr|150/299 brn|[from] brn\n|upkeep\n|turn|17\n|\n|t:|1733882755\n|move|p2a: Conkeldurr|Mach Punch|p1a: Charizard\n|-resisted|p1a: Charizard\n|-damage|p1a: Charizard|0 fnt\n|faint|p1a: Charizard\n|\n|-damage|p2a: Conkeldurr|132/299 brn|[from] brn\n|upkeep\n|\n|t:|1733882761\n|switch|p1a: Cresselia|Cresselia, L80, F|323/323\n|turn|18\n|\n|t:|1733882765\n|move|p1a: Cresselia|Psyshock|p2a: Conkeldurr\n|-supereffective|p2a: Conkeldurr\n|-damage|p2a: Conkeldurr|12/299 brn\n|move|p2a: Conkeldurr|Knock Off|p1a: Cresselia\n|-supereffective|p1a: Cresselia\n|-damage|p1a: Cresselia|171/323\n|\n|-damage|p2a: Conkeldurr|0 fnt|[from] brn\n|faint|p2a: Conkeldurr\n|upkeep\n|\n|t:|1733882770\n|switch|p2a: Tinkaton|Tinkaton, L82, F|73/274\n|-ability|p2a: Tinkaton|Mold Breaker\n|turn|19\n|\n|t:|1733882774\n|move|p2a: Tinkaton|Swords Dance|p2a: Tinkaton\n|-boost|p2a: Tinkaton|atk|2\n|move|p1a: Cresselia|Moonlight|p1a: Cresselia\n|-heal|p1a: Cresselia|323/323\n|\n|upkeep\n|turn|20\n|\n|t:|1733882779\n|move|p2a: Tinkaton|Gigaton Hammer|p1a: Cresselia\n|-damage|p1a: Cresselia|46/323\n|-damage|p2a: Tinkaton|46/274|[from] item: Life Orb\n|move|p1a: Cresselia|Psyshock|p2a: Tinkaton\n|-resisted|p2a: Tinkaton\n|-damage|p2a: Tinkaton|13/274\n|\n|upkeep\n|turn|21\n|\n|t:|1733882783\n|move|p2a: Tinkaton|Knock Off|p1a: Cresselia\n|-supereffective|p1a: Cresselia\n|-damage|p1a: Cresselia|0 fnt\n|faint|p1a: Cresselia\n|-damage|p2a: Tinkaton|0 fnt|[from] item: Life Orb\n|faint|p2a: Tinkaton\n|\n|upkeep\n|\n|t:|1733882789\n|switch|p2a: Magmortar|Magmortar, L88, F|207/275 tox\n|switch|p1a: Regirock|Regirock, L83|268/268\n|-status|p1a: Regirock|psn\n|turn|22\n|\n|t:|1733882794\n|move|p2a: Magmortar|Focus Blast|p1a: Regirock\n|-supereffective|p1a: Regirock\n|-damage|p1a: Regirock|44/268 psn\n|move|p1a: Regirock|Stone Edge|p2a: Magmortar\n|-supereffective|p2a: Magmortar\n|-damage|p2a: Magmortar|0 fnt\n|faint|p2a: Magmortar\n|\n|-damage|p1a: Regirock|11/268 psn|[from] psn\n|upkeep\n|\n|t:|1733882797\n|switch|p2a: Fezandipiti|Fezandipiti, L82, M|143/278\n|turn|23\n|\n|t:|1733882801\n|move|p2a: Fezandipiti|Play Rough|p1a: Regirock\n|-damage|p1a: Regirock|0 fnt\n|faint|p1a: Regirock\n|\n|-heal|p2a: Fezandipiti|160/278|[from] item: Leftovers\n|upkeep\n|\n|t:|1733882809\n|switch|p1a: Enamorus|Enamorus-Therian, L83, F|259/259\n|turn|24\n|\n|t:|1733882814\n|-terastallize|p1a: Enamorus|Ground\n|move|p2a: Fezandipiti|Gunk Shot|p1a: Enamorus|[miss]\n|-miss|p2a: Fezandipiti|p1a: Enamorus\n|move|p1a: Enamorus|Earth Power|p2a: Fezandipiti\n|-supereffective|p2a: Fezandipiti\n|-damage|p2a: Fezandipiti|0 fnt\n|faint|p2a: Fezandipiti\n|\n|win|kupchun\n|raw|kupchun's rating: 2111 &rarr; <strong>2136</strong><br />(+25 for winning)\n|raw|Azubuike's rating: 2209 &rarr; <strong>2184</strong><br />(-25 for losing)\n|c|\u2606kupchun|gg\n|l|\u2606Azubuike\n|player|p2|\n", "inputlog": ">version bfd83cad13791eb5a5a409923076391caf6fb4d4\n>start {\"formatid\":\"gen9randombattle\",\"seed\":[44337,5162,22777,46064],\"rated\":\"Rated battle\"}\n>player p1 {\"name\":\"kupchun\",\"avatar\":\"1\",\"rating\":2111,\"seed\":[49476,388,52857,1134]}\n>player p2 {\"name\":\"Azubuike\",\"avatar\":\"102\",\"rating\":2209,\"seed\":[12709,21384,48365,65484]}\n>p1 move thunderbolt\n>p2 move toxicspikes\n>p1 move thunderbolt\n>p2 switch 2\n>p1 move toxic\n>p2 move uturn\n>p2 switch 4\n>p1 switch 2\n>p2 switch 4\n>p1 move hurricane\n>p2 move outrage\n>p2 switch 5\n>p1 move earthquake\n>p2 move gunkshot\n>p1 move flamethrower\n>p2 switch 2\n>p2 switch 4\n>p1 move earthquake\n>p2 switch 6\n>p1 switch 5\n>p2 switch 6\n>p1 move calmmind\n>p2 move fireblast\n>p1 move calmmind\n>p2 switch 3\n>p1 move psyshock\n>p2 move knockoff\n>p1 move moonlight\n>p2 move swordsdance\n>p1 move psyshock\n>p2 move swordsdance\n>p1 switch 2\n>p2 move gigatonhammer\n>p1 switch 5\n>p1 move earthquake\n>p2 switch 6\n>p1 move hurricane\n>p2 move machpunch\n>p1 switch 2\n>p1 move psyshock\n>p2 move knockoff\n>p2 switch 6\n>p1 move moonlight\n>p2 move swordsdance\n>p1 move psyshock\n>p2 move gigatonhammer\n>p1 move psyshock\n>p2 move knockoff\n>p1 switch 6\n>p2 switch 3\n>p1 move stoneedge\n>p2 move focusblast\n>p2 switch 2\n>p1 move rest\n>p2 move playrough\n>p1 switch 4\n>p1 move earthpower terastallize\n>p2 move gunkshot", "uploadtime": 1733882827, "views": 1, "formatid": "gen9randombattle", "rating": 2136, "private": 0, "password": null}