{"id": "gen9randombattle-2166255668", "format": "[Gen 9] Random Battle", "players": ["found it to", "MichaelderBeste2"], "log": "|badge|p1|bronze|gen9randombattle|100-2\n|uhtml|medal-msg|<div class=\"broadcast-blue\">Curious what those medals under the avatar are? PS now has Ladder Seasons! For more information, check out the <a href=\"https://www.smogon.com/forums/threads/3740067/\">thread on Smogon.</a></div>\n|badge|p2|silver|gen9randombattle|30-2\n|uhtml|medal-msg|<div class=\"broadcast-blue\">Curious what those medals under the avatar are? PS now has Ladder Seasons! For more information, check out the <a href=\"https://www.smogon.com/forums/threads/3740067/\">thread on Smogon.</a></div>\n|j|\u2606found it to\n|j|\u2606MichaelderBeste2\n|t:|1721774991\n|gametype|singles\n|player|p1|found it to|skyla|2358\n|player|p2|MichaelderBeste2|#wcop2021germany|2398\n|teamsize|p1|6\n|teamsize|p2|6\n|gen|9\n|tier|[Gen 9] Random Battle\n|rated|\n|rule|Species Clause: Limit one of each Pok\u00e9mon\n|rule|HP Percentage Mod: HP is shown in percentages\n|rule|Sleep Clause Mod: Limit one foe put to sleep\n|rule|Illusion Level Mod: Illusion disguises the Pok\u00e9mon's true level\n|\n|t:|1721774991\n|start\n|switch|p1a: Ogerpon|Ogerpon, L80, F|259/259\n|switch|p2a: Gurdurr|Gurdurr, L85, M|283/283\n|turn|1\n|inactive|Battle timer is ON: inactive players will automatically lose when time's up. (requested by found it to)\n|c|\u2606found it to|glhf\n|j| Never Liked Unown\n|j| arcticblaze2\n|\n|t:|1721775011\n|move|p1a: Ogerpon|Knock Off|p2a: Gurdurr\n|-resisted|p2a: Gurdurr\n|-damage|p2a: Gurdurr|252/283\n|-enditem|p2a: Gurdurr|Eviolite|[from] move: Knock Off|[of] p1a: Ogerpon\n|-damage|p1a: Ogerpon|234/259|[from] item: Life Orb\n|move|p2a: Gurdurr|Drain Punch|p1a: Ogerpon\n|-damage|p1a: Ogerpon|138/259\n|-heal|p2a: Gurdurr|283/283|[from] drain|[of] p1a: Ogerpon\n|\n|upkeep\n|turn|2\n|inactive|found it to has 120 seconds left.\n|\n|t:|1721775048\n|move|p1a: Ogerpon|Ivy Cudgel|p2a: Gurdurr\n|-crit|p2a: Gurdurr\n|-damage|p2a: Gurdurr|52/283\n|-damage|p1a: Ogerpon|113/259|[from] item: Life Orb\n|move|p2a: Gurdurr|Drain Punch|p1a: Ogerpon\n|-damage|p1a: Ogerpon|14/259\n|-heal|p2a: Gurdurr|102/283|[from] drain|[of] p1a: Ogerpon\n|\n|upkeep\n|turn|3\n|inactive|found it to has 120 seconds left.\n|l|\u2606found it to\n|inactive|found it to disconnected and has a minute to reconnect!\n|player|p1|\n|j|\u2606found it to\n|inactive|found it to reconnected and has 115 seconds left.\n|player|p1|found it to|skyla|\n|inactive|found it to has 90 seconds left.\n|\n|t:|1721775084\n|switch|p1a: Great Tusk|Great Tusk, L77|304/304\n|move|p2a: Gurdurr|Mach Punch|p1a: Great Tusk\n|-damage|p1a: Great Tusk|264/304\n|\n|upkeep\n|turn|4\n|inactive|found it to has 90 seconds left.\n|\n|t:|1721775103\n|move|p2a: Gurdurr|Mach Punch|p1a: Great Tusk\n|-damage|p1a: Great Tusk|227/304\n|move|p1a: Great Tusk|Close Combat|p2a: Gurdurr\n|-damage|p2a: Gurdurr|0 fnt\n|-unboost|p1a: Great Tusk|def|1\n|-unboost|p1a: Great Tusk|spd|1\n|faint|p2a: Gurdurr\n|\n|upkeep\n|\n|t:|1721775113\n|switch|p2a: Ludicolo|Ludicolo, L90, M|290/290\n|turn|5\n|inactive|found it to has 90 seconds left.\n|\n|t:|1721775128\n|move|p1a: Great Tusk|Close Combat|p2a: Ludicolo\n|-damage|p2a: Ludicolo|70/290\n|-unboost|p1a: Great Tusk|def|1\n|-unboost|p1a: Great Tusk|spd|1\n|move|p2a: Ludicolo|Rain Dance|p2a: Ludicolo\n|-weather|RainDance\n|\n|-weather|RainDance|[upkeep]\n|upkeep\n|turn|6\n|inactive|found it to has 90 seconds left.\n|\n|t:|1721775150\n|-end|p1a: Great Tusk|Protosynthesis|[silent]\n|switch|p1a: Ogerpon|Ogerpon, L80, F|14/259\n|move|p2a: Ludicolo|Giga Drain|p1a: Ogerpon\n|-resisted|p1a: Ogerpon\n|-crit|p1a: Ogerpon\n|-damage|p1a: Ogerpon|0 fnt\n|-heal|p2a: Ludicolo|77/290|[from] drain|[of] p1a: Ogerpon\n|faint|p1a: Ogerpon\n|-damage|p2a: Ludicolo|48/290|[from] item: Life Orb\n|\n|-weather|RainDance|[upkeep]\n|upkeep\n|\n|t:|1721775162\n|switch|p1a: Crabominable|Crabominable, L90, F|321/321\n|turn|7\n|\n|t:|1721775169\n|move|p2a: Ludicolo|Hydro Pump|p1a: Crabominable\n|-damage|p1a: Crabominable|19/321\n|-damage|p2a: Ludicolo|19/290|[from] item: Life Orb\n|move|p1a: Crabominable|Close Combat|p2a: Ludicolo\n|-damage|p2a: Ludicolo|0 fnt\n|-unboost|p1a: Crabominable|def|1\n|-unboost|p1a: Crabominable|spd|1\n|faint|p2a: Ludicolo\n|\n|-weather|RainDance|[upkeep]\n|upkeep\n|\n|t:|1721775178\n|switch|p2a: Squawkabilly|Squawkabilly-Blue, L85, M|278/278\n|turn|8\n|l|\u2606found it to\n|inactive|found it to disconnected and has a minute to reconnect!\n|player|p1|\n|j|\u2606found it to\n|inactive|found it to reconnected and has 65 seconds left.\n|player|p1|found it to|skyla|\n|inactive|found it to has 60 seconds left.\n|\n|t:|1721775215\n|move|p2a: Squawkabilly|Brave Bird|p1a: Crabominable\n|-supereffective|p1a: Crabominable\n|-damage|p1a: Crabominable|0 fnt\n|faint|p1a: Crabominable\n|-damage|p2a: Squawkabilly|272/278|[from] Recoil\n|\n|-weather|RainDance|[upkeep]\n|-status|p2a: Squawkabilly|brn|[from] item: Flame Orb\n|upkeep\n|\n|t:|1721775223\n|switch|p1a: Coalossal|Coalossal, L89, F|341/341\n|turn|9\n|\n|t:|1721775240\n|move|p2a: Squawkabilly|U-turn|p1a: Coalossal\n|-resisted|p1a: Coalossal\n|-damage|p1a: Coalossal|311/341\n|\n|t:|1721775241\n|switch|p2a: Gumshoos|Gumshoos, L95, F|321/321|[from] U-turn\n|move|p1a: Coalossal|Stealth Rock|p2a: Gumshoos\n|-sidestart|p2: MichaelderBeste2|move: Stealth Rock\n|\n|-weather|none\n|upkeep\n|turn|10\n|\n|t:|1721775252\n|switch|p1a: Great Tusk|Great Tusk, L77|227/304\n|move|p2a: Gumshoos|Earthquake|p1a: Great Tusk\n|-damage|p1a: Great Tusk|0 fnt\n|faint|p1a: Great Tusk\n|-end|p1a: Great Tusk|Protosynthesis|[silent]\n|\n|upkeep\n|\n|t:|1721775264\n|switch|p1a: Zangoose|Zangoose, L86, F|266/266\n|turn|11\n|\n|t:|1721775268\n|move|p1a: Zangoose|Knock Off|p2a: Gumshoos\n|-damage|p2a: Gumshoos|232/321\n|-enditem|p2a: Gumshoos|Choice Band|[from] move: Knock Off|[of] p1a: Zangoose\n|move|p2a: Gumshoos|Earthquake|p1a: Zangoose\n|-damage|p1a: Zangoose|142/266\n|\n|-status|p1a: Zangoose|tox|[from] item: Toxic Orb\n|upkeep\n|turn|12\n|\n|t:|1721775280\n|move|p1a: Zangoose|Facade|p2a: Gumshoos\n|-damage|p2a: Gumshoos|0 fnt\n|faint|p2a: Gumshoos\n|\n|-damage|p1a: Zangoose|126/266 tox|[from] psn\n|upkeep\n|\n|t:|1721775282\n|switch|p2a: Squawkabilly|Squawkabilly-Blue, L85, M|272/278 brn\n|-damage|p2a: Squawkabilly|203/278 brn|[from] Stealth Rock\n|turn|13\n|inactive|found it to has 90 seconds left.\n|\n|t:|1721775288\n|switch|p1a: Coalossal|Coalossal, L89, F|311/341\n|move|p2a: Squawkabilly|U-turn|p1a: Coalossal\n|-resisted|p1a: Coalossal\n|-damage|p1a: Coalossal|282/341\n|\n|t:|1721775292\n|switch|p2a: Veluza|Veluza, L85, F|292/292|[from] U-turn\n|-damage|p2a: Veluza|256/292|[from] Stealth Rock\n|\n|upkeep\n|turn|14\n|\n|t:|1721775303\n|move|p2a: Veluza|Fillet Away|p2a: Veluza\n|-boost|p2a: Veluza|atk|2\n|-boost|p2a: Veluza|spa|2\n|-boost|p2a: Veluza|spe|2\n|-damage|p2a: Veluza|110/292\n|-enditem|p2a: Veluza|Sitrus Berry|[eat]\n|-heal|p2a: Veluza|183/292|[from] item: Sitrus Berry\n|move|p1a: Coalossal|Stone Edge|p2a: Veluza\n|-damage|p2a: Veluza|59/292\n|\n|upkeep\n|turn|15\n|inactive|found it to has 90 seconds left.\n|inactive|found it to has 60 seconds left.\n|\n|t:|1721775349\n|-terastallize|p1a: Coalossal|Water\n|move|p2a: Veluza|Aqua Cutter|p1a: Coalossal\n|-resisted|p1a: Coalossal\n|-damage|p1a: Coalossal|191/341\n|move|p1a: Coalossal|Stone Edge|p2a: Veluza\n|-damage|p2a: Veluza|0 fnt\n|faint|p2a: Veluza\n|\n|upkeep\n|\n|t:|1721775356\n|switch|p2a: Squawkabilly|Squawkabilly-Blue, L85, M|203/278 brn\n|-damage|p2a: Squawkabilly|134/278 brn|[from] Stealth Rock\n|turn|16\n|\n|t:|1721775378\n|-terastallize|p2a: Squawkabilly|Normal\n|move|p2a: Squawkabilly|Facade|p1a: Coalossal\n|-damage|p1a: Coalossal|0 fnt\n|faint|p1a: Coalossal\n|\n|-damage|p2a: Squawkabilly|117/278 brn|[from] brn\n|upkeep\n|inactive|found it to has 60 seconds left.\n|\n|t:|1721775400\n|switch|p1a: Overqwil|Overqwil, L82, F, shiny|274/274\n|-ability|p1a: Overqwil|Intimidate|boost\n|-unboost|p2a: Squawkabilly|atk|1\n|turn|17\n|\n|t:|1721775411\n|move|p2a: Squawkabilly|U-turn|p1a: Overqwil\n|-damage|p1a: Overqwil|224/274\n|\n|t:|1721775413\n|switch|p2a: Mamoswine|Mamoswine, L81, F|311/311|[from] U-turn\n|-damage|p2a: Mamoswine|273/311|[from] Stealth Rock\n|move|p1a: Overqwil|Crunch|p2a: Mamoswine\n|-damage|p2a: Mamoswine|151/311\n|-damage|p1a: Overqwil|197/274|[from] item: Life Orb\n|\n|upkeep\n|turn|18\n|\n|t:|1721775423\n|move|p2a: Mamoswine|Ice Shard|p1a: Overqwil\n|-damage|p1a: Overqwil|122/274\n|move|p1a: Overqwil|Liquidation|p2a: Mamoswine\n|-supereffective|p2a: Mamoswine\n|-damage|p2a: Mamoswine|0 fnt\n|faint|p2a: Mamoswine\n|-damage|p1a: Overqwil|95/274|[from] item: Life Orb\n|\n|upkeep\n|\n|t:|1721775424\n|switch|p2a: Squawkabilly|Squawkabilly-Blue, L85, M, tera:Normal|117/278 brn\n|-damage|p2a: Squawkabilly|83/278 brn|[from] Stealth Rock\n|turn|19\n|\n|t:|1721775427\n|move|p2a: Squawkabilly|Facade|p1a: Overqwil\n|-damage|p1a: Overqwil|0 fnt\n|faint|p1a: Overqwil\n|\n|-damage|p2a: Squawkabilly|66/278 brn|[from] brn\n|upkeep\n|\n|t:|1721775429\n|switch|p1a: Zangoose|Zangoose, L86, F|126/266 tox\n|turn|20\n|\n|t:|1721775431\n|move|p1a: Zangoose|Quick Attack|p2a: Squawkabilly\n|-damage|p2a: Squawkabilly|0 fnt\n|faint|p2a: Squawkabilly\n|\n|win|found it to\n|raw|found it to's rating: 2358 &rarr; <strong>2380</strong><br />(+22 for winning)\n|raw|MichaelderBeste2's rating: 2398 &rarr; <strong>2376</strong><br />(-22 for losing)\n|l|\u2606MichaelderBeste2\n|player|p2|\n|l|\u2606found it to\n|player|p1|\n|l| arcticblaze2\n", "inputlog": ">version 16d9ffe07e6bc8e4f1c17d5198fc9cfb3141ab0a\n>start {\"formatid\":\"gen9randombattle\",\"seed\":[41447,31538,29955,53474],\"rated\":\"Rated battle\"}\n>player p1 {\"name\":\"found it to\",\"avatar\":\"skyla\",\"rating\":2358,\"seed\":[64562,11275,51494,18701]}\n>player p2 {\"name\":\"MichaelderBeste2\",\"avatar\":\"#wcop2021germany\",\"rating\":2398,\"seed\":[5228,12630,1473,7]}\n>chat \u2606found it to|glhf\n>p1 move knockoff\n>p2 move drainpunch\n>p1 move ivycudgel\n>p2 move drainpunch\n>p1 switch 3\n>p2 move machpunch\n>p1 move closecombat\n>p2 move machpunch\n>p2 switch 5\n>p1 move closecombat\n>p2 move raindance\n>p1 switch 3\n>p2 move gigadrain\n>p1 switch 4\n>p1 move closecombat\n>p2 move hydropump\n>p2 switch 6\n>p1 move closecombat\n>p2 move bravebird\n>p1 switch 2\n>p1 move stealthrock\n>p2 move uturn\n>p2 switch 3\n>p1 switch 3\n>p2 move earthquake\n>p1 switch 5\n>p1 move knockoff\n>p2 move earthquake\n>p1 move facade\n>p2 move earthquake\n>p2 switch 3\n>p1 switch 3\n>p2 move uturn\n>p2 switch 2\n>p1 move stoneedge\n>p2 move filletaway\n>p1 move stoneedge terastallize\n>p2 move aquacutter\n>p2 switch 2\n>p1 move overheat\n>p2 move facade terastallize\n>p1 switch 6\n>p1 move crunch\n>p2 move uturn\n>p2 switch 4\n>p1 move liquidation\n>p2 move iceshard\n>p2 switch 4\n>p1 move crunch\n>p2 move facade\n>p1 switch 3\n>p1 move quickattack\n>p2 move facade", "uploadtime": 1721775540, "views": 159, "formatid": "gen9randombattle", "rating": 2376, "private": 0, "password": null}