{"id": "gen9randombattle-2260323165", "format": "[Gen 9] Random Battle", "players": ["PhilsburySadBoi", "Quaquacolo"], "log": "|j|\u2606PhilsburySadBoi\n|j|\u2606Quaquacolo\n|t:|1733839848\n|gametype|singles\n|player|p1|PhilsburySadBoi|170|1418\n|player|p2|Quaquacolo|102|1410\n|teamsize|p1|6\n|teamsize|p2|6\n|gen|9\n|tier|[Gen 9] Random Battle\n|rated|\n|rule|Species Clause: Limit one of each Pok\u00e9mon\n|rule|HP Percentage Mod: HP is shown in percentages\n|rule|Sleep Clause Mod: Limit one foe put to sleep\n|rule|Illusion Level Mod: Illusion disguises the Pok\u00e9mon's true level\n|\n|t:|1733839848\n|start\n|switch|p1a: Mimikyu|Mimikyu, L79, M|216/216\n|switch|p2a: Comfey|Comfey, L85, M|225/225\n|turn|1\n|inactive|Battle timer is ON: inactive players will automatically lose when time's up. (requested by PhilsburySadBoi)\n|\n|t:|1733839857\n|move|p2a: Comfey|Draining Kiss|p1a: Mimikyu\n|-activate|p1a: Mimikyu|ability: Disguise\n|-damage|p1a: Mimikyu|216/216\n|detailschange|p1a: Mimikyu|Mimikyu-Busted, L79, M\n|-damage|p1a: Mimikyu|189/216|[from] pokemon: Mimikyu-Busted\n|move|p1a: Mimikyu|Swords Dance|p1a: Mimikyu\n|-boost|p1a: Mimikyu|atk|2\n|\n|upkeep\n|turn|2\n|\n|t:|1733839882\n|switch|p2a: Staraptor|Staraptor, L79, M|263/263\n|move|p1a: Mimikyu|Shadow Claw|p2a: Staraptor\n|-immune|p2a: Staraptor\n|\n|upkeep\n|turn|3\n|\n|t:|1733839889\n|move|p2a: Staraptor|Brave Bird|p1a: Mimikyu\n|-damage|p1a: Mimikyu|0 fnt\n|faint|p1a: Mimikyu\n|-damage|p2a: Staraptor|201/263|[from] Recoil\n|\n|upkeep\n|\n|t:|1733839894\n|switch|p1a: Weezing|Weezing, L88, M|258/258\n|turn|4\n|\n|t:|1733839901\n|switch|p2a: Regigigas|Regigigas, L84|322/322\n|-start|p2a: Regigigas|ability: Slow Start\n|move|p1a: Weezing|Will-O-Wisp|p2a: Regigigas\n|-status|p2a: Regigigas|brn\n|\n|-damage|p2a: Regigigas|302/322 brn|[from] brn\n|upkeep\n|turn|5\n|\n|t:|1733839912\n|move|p1a: Weezing|Sludge Bomb|p2a: Regigigas\n|-damage|p2a: Regigigas|226/322 brn\n|move|p2a: Regigigas|Knock Off|p1a: Weezing\n|-damage|p1a: Weezing|240/258\n|-enditem|p1a: Weezing|Leftovers|[from] move: Knock Off|[of] p2a: Regigigas\n|\n|-heal|p2a: Regigigas|246/322 brn|[from] item: Leftovers\n|-damage|p2a: Regigigas|226/322 brn|[from] brn\n|upkeep\n|turn|6\n|\n|t:|1733839921\n|move|p1a: Weezing|Sludge Bomb|p2a: Regigigas\n|-damage|p2a: Regigigas|151/322 brn\n|move|p2a: Regigigas|Body Slam|p1a: Weezing\n|-damage|p1a: Weezing|216/258\n|\n|-heal|p2a: Regigigas|171/322 brn|[from] item: Leftovers\n|-damage|p2a: Regigigas|151/322 brn|[from] brn\n|upkeep\n|turn|7\n|\n|t:|1733839932\n|move|p1a: Weezing|Sludge Bomb|p2a: Regigigas\n|-damage|p2a: Regigigas|76/322 brn\n|move|p2a: Regigigas|Rest|p2a: Regigigas\n|-status|p2a: Regigigas|slp|[from] move: Rest\n|-heal|p2a: Regigigas|322/322 slp|[silent]\n|\n|upkeep\n|turn|8\n|\n|t:|1733839943\n|move|p1a: Weezing|Sludge Bomb|p2a: Regigigas\n|-damage|p2a: Regigigas|247/322 slp\n|cant|p2a: Regigigas|slp\n|move|p2a: Regigigas|Sleep Talk|p2a: Regigigas\n|move|p2a: Regigigas|Body Slam|p1a: Weezing|[from]move: Sleep Talk\n|-damage|p1a: Weezing|161/258\n|\n|-heal|p2a: Regigigas|267/322 slp|[from] item: Leftovers\n|upkeep\n|turn|9\n|\n|t:|1733839955\n|move|p1a: Weezing|Sludge Bomb|p2a: Regigigas\n|-damage|p2a: Regigigas|186/322 slp\n|cant|p2a: Regigigas|slp\n|move|p2a: Regigigas|Sleep Talk|p2a: Regigigas\n|move|p2a: Regigigas|Rest||[from]move: Sleep Talk|[still]\n|-fail|p2a: Regigigas\n|\n|-heal|p2a: Regigigas|206/322 slp|[from] item: Leftovers\n|-end|p2a: Regigigas|Slow Start\n|upkeep\n|turn|10\n|\n|t:|1733839966\n|-curestatus|p2a: Regigigas|slp|[msg]\n|move|p2a: Regigigas|Body Slam|p1a: Weezing\n|-damage|p1a: Weezing|59/258\n|-status|p1a: Weezing|par\n|move|p1a: Weezing|Will-O-Wisp|p2a: Regigigas|[miss]\n|-miss|p1a: Weezing|p2a: Regigigas\n|\n|-heal|p2a: Regigigas|226/322|[from] item: Leftovers\n|upkeep\n|turn|11\n|\n|t:|1733839976\n|move|p2a: Regigigas|Body Slam|p1a: Weezing\n|-damage|p1a: Weezing|0 fnt\n|faint|p1a: Weezing\n|\n|-heal|p2a: Regigigas|246/322|[from] item: Leftovers\n|upkeep\n|\n|t:|1733839982\n|switch|p1a: Scrafty|Scrafty, L84, F|246/246\n|-ability|p1a: Scrafty|Intimidate|boost\n|-unboost|p2a: Regigigas|atk|1\n|turn|12\n|\n|t:|1733839990\n|-end|p2a: Regigigas|Slow Start|[silent]\n|switch|p2a: Comfey|Comfey, L85, M|225/225\n|move|p1a: Scrafty|Knock Off|p2a: Comfey\n|-resisted|p2a: Comfey\n|-damage|p2a: Comfey|167/225\n|-enditem|p2a: Comfey|Leftovers|[from] move: Knock Off|[of] p1a: Scrafty\n|-damage|p1a: Scrafty|222/246|[from] item: Life Orb\n|\n|upkeep\n|turn|13\n|\n|t:|1733840000\n|-terastallize|p1a: Scrafty|Poison\n|move|p2a: Comfey|Draining Kiss|p1a: Scrafty\n|-resisted|p1a: Scrafty\n|-damage|p1a: Scrafty|203/246\n|-heal|p2a: Comfey|181/225|[from] drain|[of] p1a: Scrafty\n|move|p1a: Scrafty|Poison Jab|p2a: Comfey\n|-supereffective|p2a: Comfey\n|-damage|p2a: Comfey|0 fnt\n|faint|p2a: Comfey\n|-damage|p1a: Scrafty|179/246|[from] item: Life Orb\n|\n|upkeep\n|\n|t:|1733840026\n|switch|p2a: Staraptor|Staraptor, L79, M|201/263\n|turn|14\n|\n|t:|1733840032\n|move|p2a: Staraptor|Brave Bird|p1a: Scrafty\n|-damage|p1a: Scrafty|1/246\n|-damage|p2a: Staraptor|142/263|[from] Recoil\n|move|p1a: Scrafty|Knock Off|p2a: Staraptor\n|-damage|p2a: Staraptor|0 fnt\n|-enditem|p2a: Staraptor|Choice Band|[from] move: Knock Off|[of] p1a: Scrafty\n|faint|p2a: Staraptor\n|-damage|p1a: Scrafty|0 fnt|[from] item: Life Orb\n|faint|p1a: Scrafty\n|\n|upkeep\n|\n|t:|1733840042\n|switch|p2a: Dedenne|Dedenne, L88, F|261/261\n|switch|p1a: Sudowoodo|Sudowoodo, L94, M|284/284\n|turn|15\n|\n|t:|1733840050\n|move|p2a: Dedenne|Nuzzle|p1a: Sudowoodo\n|-damage|p1a: Sudowoodo|271/284\n|-status|p1a: Sudowoodo|par\n|move|p1a: Sudowoodo|Stealth Rock|p2a: Dedenne\n|-sidestart|p2: Quaquacolo|move: Stealth Rock\n|\n|-heal|p1a: Sudowoodo|284/284 par|[from] item: Leftovers\n|upkeep\n|turn|16\n|\n|t:|1733840059\n|move|p2a: Dedenne|Super Fang|p1a: Sudowoodo\n|-damage|p1a: Sudowoodo|142/284 par\n|cant|p1a: Sudowoodo|par\n|\n|-heal|p1a: Sudowoodo|159/284 par|[from] item: Leftovers\n|upkeep\n|turn|17\n|\n|t:|1733840075\n|move|p2a: Dedenne|Thunderbolt|p1a: Sudowoodo\n|-damage|p1a: Sudowoodo|60/284 par\n|move|p1a: Sudowoodo|Earthquake|p2a: Dedenne\n|-supereffective|p2a: Dedenne\n|-damage|p2a: Dedenne|35/261\n|-enditem|p2a: Dedenne|Sitrus Berry|[eat]\n|-heal|p2a: Dedenne|100/261|[from] item: Sitrus Berry\n|-heal|p2a: Dedenne|187/261|[from] ability: Cheek Pouch\n|\n|-heal|p1a: Sudowoodo|77/284 par|[from] item: Leftovers\n|upkeep\n|turn|18\n|\n|t:|1733840090\n|move|p2a: Dedenne|Thunderbolt|p1a: Sudowoodo\n|-damage|p1a: Sudowoodo|0 fnt\n|faint|p1a: Sudowoodo\n|\n|upkeep\n|\n|t:|1733840096\n|switch|p1a: Typhlosion|Typhlosion-Hisui, L83, F|257/257\n|turn|19\n|\n|t:|1733840103\n|move|p2a: Dedenne|Nuzzle|p1a: Typhlosion\n|-damage|p1a: Typhlosion|239/257\n|-status|p1a: Typhlosion|par\n|move|p1a: Typhlosion|Fire Blast|p2a: Dedenne\n|-damage|p2a: Dedenne|36/261\n|\n|-heal|p1a: Typhlosion|255/257 par|[from] item: Leftovers\n|upkeep\n|turn|20\n|\n|t:|1733840115\n|move|p2a: Dedenne|Thunderbolt|p1a: Typhlosion\n|-damage|p1a: Typhlosion|165/257 par\n|move|p1a: Typhlosion|Shadow Ball|p2a: Dedenne\n|-damage|p2a: Dedenne|0 fnt\n|faint|p2a: Dedenne\n|\n|-heal|p1a: Typhlosion|181/257 par|[from] item: Leftovers\n|upkeep\n|\n|t:|1733840124\n|switch|p2a: Regigigas|Regigigas, L84|246/322\n|-damage|p2a: Regigigas|206/322|[from] Stealth Rock\n|-start|p2a: Regigigas|ability: Slow Start\n|turn|21\n|\n|t:|1733840130\n|switch|p1a: Yanmega|Yanmega, L82, M|275/275\n|move|p2a: Regigigas|Knock Off|p1a: Yanmega\n|-crit|p1a: Yanmega\n|-damage|p1a: Yanmega|196/275\n|-enditem|p1a: Yanmega|Heavy-Duty Boots|[from] move: Knock Off|[of] p2a: Regigigas\n|\n|-heal|p2a: Regigigas|226/322|[from] item: Leftovers\n|upkeep\n|turn|22\n|\n|t:|1733840140\n|move|p1a: Yanmega|Bug Buzz|p2a: Regigigas\n|-damage|p2a: Regigigas|133/322\n|move|p2a: Regigigas|Body Slam|p1a: Yanmega\n|-damage|p1a: Yanmega|121/275\n|\n|-heal|p2a: Regigigas|153/322|[from] item: Leftovers\n|-ability|p1a: Yanmega|Speed Boost|boost\n|-boost|p1a: Yanmega|spe|1\n|upkeep\n|turn|23\n|\n|t:|1733840148\n|move|p1a: Yanmega|Air Slash|p2a: Regigigas\n|-damage|p2a: Regigigas|78/322\n|move|p2a: Regigigas|Rest|p2a: Regigigas\n|-status|p2a: Regigigas|slp|[from] move: Rest\n|-heal|p2a: Regigigas|322/322 slp|[silent]\n|\n|-ability|p1a: Yanmega|Speed Boost|boost\n|-boost|p1a: Yanmega|spe|1\n|upkeep\n|turn|24\n|\n|t:|1733840157\n|move|p1a: Yanmega|Bug Buzz|p2a: Regigigas\n|-damage|p2a: Regigigas|237/322 slp\n|cant|p2a: Regigigas|slp\n|move|p2a: Regigigas|Sleep Talk|p2a: Regigigas\n|move|p2a: Regigigas|Body Slam|p1a: Yanmega|[from]move: Sleep Talk\n|-damage|p1a: Yanmega|55/275\n|\n|-heal|p2a: Regigigas|257/322 slp|[from] item: Leftovers\n|-ability|p1a: Yanmega|Speed Boost|boost\n|-boost|p1a: Yanmega|spe|1\n|upkeep\n|turn|25\n|\n|t:|1733840168\n|switch|p1a: Typhlosion|Typhlosion-Hisui, L83, F|181/257 par\n|cant|p2a: Regigigas|slp\n|move|p2a: Regigigas|Sleep Talk|p2a: Regigigas\n|move|p2a: Regigigas|Rest||[from]move: Sleep Talk|[still]\n|-fail|p2a: Regigigas\n|\n|-heal|p2a: Regigigas|277/322 slp|[from] item: Leftovers\n|-heal|p1a: Typhlosion|197/257 par|[from] item: Leftovers\n|-end|p2a: Regigigas|Slow Start\n|upkeep\n|turn|26\n|\n|t:|1733840179\n|-curestatus|p2a: Regigigas|slp|[msg]\n|move|p2a: Regigigas|Knock Off|p1a: Typhlosion\n|-supereffective|p1a: Typhlosion\n|-damage|p1a: Typhlosion|0 fnt\n|-enditem|p1a: Typhlosion|Leftovers|[from] move: Knock Off|[of] p2a: Regigigas\n|faint|p1a: Typhlosion\n|\n|-heal|p2a: Regigigas|297/322|[from] item: Leftovers\n|upkeep\n|-message|PhilsburySadBoi forfeited.\n|\n|win|Quaquacolo\n|raw|PhilsburySadBoi's rating: 1418 &rarr; <strong>1398</strong><br />(-20 for losing)\n|raw|Quaquacolo's rating: 1410 &rarr; <strong>1430</strong><br />(+20 for winning)\n|l|\u2606PhilsburySadBoi\n|player|p1|\n", "inputlog": ">version bfd83cad13791eb5a5a409923076391caf6fb4d4\n>start {\"formatid\":\"gen9randombattle\",\"seed\":[7852,48878,859,19018],\"rated\":\"Rated battle\"}\n>player p1 {\"name\":\"PhilsburySadBoi\",\"avatar\":\"170\",\"rating\":1418,\"seed\":[22760,64106,27631,34000]}\n>player p2 {\"name\":\"Quaquacolo\",\"avatar\":\"102\",\"rating\":1410,\"seed\":[28627,37651,42361,6677]}\n>p1 move swordsdance\n>p2 move drainingkiss\n>p1 move shadowclaw\n>p2 switch 3\n>p1 move playrough\n>p2 move bravebird\n>p1 switch 2\n>p1 move willowisp\n>p2 switch 6\n>p1 move sludgebomb\n>p2 move knockoff\n>p1 move sludgebomb\n>p2 move bodyslam\n>p1 move sludgebomb\n>p2 move rest\n>p1 move sludgebomb\n>p2 move sleeptalk\n>p1 move sludgebomb\n>p2 move sleeptalk\n>p1 move willowisp\n>p2 move bodyslam\n>p1 move painsplit\n>p2 move bodyslam\n>p1 switch 4\n>p1 move knockoff\n>p2 switch 3\n>p1 move poisonjab terastallize\n>p2 move drainingkiss\n>p2 switch 6\n>p1 move knockoff\n>p2 move bravebird\n>p1 switch 3\n>p2 switch 5\n>p1 move stealthrock\n>p2 move nuzzle\n>p1 move earthquake\n>p2 move superfang\n>p1 move earthquake\n>p2 move thunderbolt\n>p1 move earthquake\n>p2 move thunderbolt\n>p1 switch 5\n>p1 move fireblast\n>p2 move nuzzle\n>p1 move shadowball\n>p2 move thunderbolt\n>p2 switch 3\n>p1 switch 6\n>p2 move knockoff\n>p1 move bugbuzz\n>p2 move bodyslam\n>p1 move airslash\n>p2 move rest\n>p1 move bugbuzz\n>p2 move sleeptalk\n>p1 switch 6\n>p2 move sleeptalk\n>p1 move substitute\n>p2 move knockoff\n>forcelose p1", "uploadtime": 1733840189, "views": 7, "formatid": "gen9randombattle", "rating": 1398, "private": 0, "password": null}