{"id": "gen9randombattle-2260592225", "format": "[Gen 9] Random Battle", "players": ["NlCHOLAS", "Ace Trainer Lou"], "log": "|j|\u2606NlCHOLAS\n|j|\u2606Ace Trainer Lou\n|t:|1733866984\n|gametype|singles\n|player|p1|NlCHOLAS|#1v1plviiibarraskewdas|1904\n|player|p2|Ace Trainer Lou|acetrainer-gen4dp|1886\n|teamsize|p1|6\n|teamsize|p2|6\n|gen|9\n|tier|[Gen 9] Random Battle\n|rated|\n|rule|Species Clause: Limit one of each Pok\u00e9mon\n|rule|HP Percentage Mod: HP is shown in percentages\n|rule|Sleep Clause Mod: Limit one foe put to sleep\n|rule|Illusion Level Mod: Illusion disguises the Pok\u00e9mon's true level\n|\n|t:|1733866984\n|start\n|switch|p1a: Hariyama|Hariyama, L87, M|392/392\n|switch|p2a: Ariados|Ariados, L95, F|287/287\n|turn|1\n|inactive|Battle timer is ON: inactive players will automatically lose when time's up. (requested by NlCHOLAS)\n|\n|t:|1733867001\n|switch|p1a: Camerupt|Camerupt, L91, F|275/275\n|move|p2a: Ariados|Sticky Web|p1a: Camerupt\n|-sidestart|p1: NlCHOLAS|move: Sticky Web\n|\n|upkeep\n|turn|2\n|\n|t:|1733867016\n|switch|p2a: Piloswine|Piloswine, L85, M|309/309\n|move|p1a: Camerupt|Stealth Rock|p2a: Piloswine\n|-sidestart|p2: Ace Trainer Lou|move: Stealth Rock\n|\n|upkeep\n|turn|3\n|\n|t:|1733867034\n|move|p1a: Camerupt|Will-O-Wisp|p2a: Piloswine\n|-status|p2a: Piloswine|brn\n|move|p2a: Piloswine|Roar|p1a: Camerupt\n|drag|p1a: Sandaconda|Sandaconda, L84, F|258/258\n|-activate|p1a: Sandaconda|move: Sticky Web\n|-unboost|p1a: Sandaconda|spe|1\n|\n|-damage|p2a: Piloswine|290/309 brn|[from] brn\n|upkeep\n|turn|4\n|\n|t:|1733867044\n|switch|p1a: Hariyama|Hariyama, L87, M|392/392\n|-activate|p1a: Hariyama|move: Sticky Web\n|-unboost|p1a: Hariyama|spe|1\n|move|p2a: Piloswine|Icicle Crash|p1a: Hariyama\n|-damage|p1a: Hariyama|326/392\n|\n|-damage|p2a: Piloswine|271/309 brn|[from] brn\n|-status|p1a: Hariyama|brn|[from] item: Flame Orb\n|upkeep\n|turn|5\n|\n|t:|1733867070\n|move|p1a: Hariyama|Close Combat|p2a: Piloswine\n|-supereffective|p2a: Piloswine\n|-damage|p2a: Piloswine|0 fnt\n|-unboost|p1a: Hariyama|def|1\n|-unboost|p1a: Hariyama|spd|1\n|faint|p2a: Piloswine\n|\n|-damage|p1a: Hariyama|302/392 brn|[from] brn\n|upkeep\n|\n|t:|1733867086\n|switch|p2a: Flamigo|Flamigo, L82, F|269/269\n|-damage|p2a: Flamigo|236/269|[from] Stealth Rock\n|turn|6\n|inactive|NlCHOLAS has 120 seconds left.\n|\n|t:|1733867111\n|switch|p1a: Sandaconda|Sandaconda, L84, F|258/258\n|-activate|p1a: Sandaconda|move: Sticky Web\n|-unboost|p1a: Sandaconda|spe|1\n|move|p2a: Flamigo|Brave Bird|p1a: Sandaconda\n|-damage|p1a: Sandaconda|153/258\n|-damage|p2a: Flamigo|201/269|[from] Recoil\n|\n|upkeep\n|turn|7\n|\n|t:|1733867135\n|move|p2a: Flamigo|Brave Bird|p1a: Sandaconda\n|-damage|p1a: Sandaconda|39/258\n|-damage|p2a: Flamigo|163/269|[from] Recoil\n|move|p1a: Sandaconda|Scale Shot|p2a: Flamigo\n|-damage|p2a: Flamigo|141/269\n|-damage|p2a: Flamigo|120/269\n|-damage|p2a: Flamigo|99/269\n|-crit|p2a: Flamigo\n|-damage|p2a: Flamigo|67/269\n|-hitcount|p2a: Flamigo|4\n|-unboost|p1a: Sandaconda|def|1\n|-boost|p1a: Sandaconda|spe|1\n|\n|upkeep\n|turn|8\n|\n|t:|1733867153\n|move|p2a: Flamigo|Brave Bird|p1a: Sandaconda\n|-damage|p1a: Sandaconda|0 fnt\n|faint|p1a: Sandaconda\n|-damage|p2a: Flamigo|54/269|[from] Recoil\n|\n|upkeep\n|inactive|NlCHOLAS has 120 seconds left.\n|\n|t:|1733867170\n|switch|p1a: Hariyama|Hariyama, L87, M|302/392 brn\n|-activate|p1a: Hariyama|move: Sticky Web\n|-unboost|p1a: Hariyama|spe|1\n|turn|9\n|\n|t:|1733867176\n|move|p1a: Hariyama|Bullet Punch|p2a: Flamigo\n|-damage|p2a: Flamigo|0 fnt\n|faint|p2a: Flamigo\n|\n|-damage|p1a: Hariyama|278/392 brn|[from] brn\n|upkeep\n|inactive|Ace Trainer Lou has 120 seconds left.\n|\n|t:|1733867205\n|switch|p2a: Ariados|Ariados, L95, F|287/287\n|-damage|p2a: Ariados|216/287|[from] Stealth Rock\n|turn|10\n|inactive|Ace Trainer Lou has 120 seconds left.\n|\n|t:|1733867219\n|move|p2a: Ariados|Megahorn|p1a: Hariyama\n|-resisted|p1a: Hariyama\n|-damage|p1a: Hariyama|178/392 brn\n|move|p1a: Hariyama|Facade|p2a: Ariados\n|-damage|p2a: Ariados|33/287\n|\n|-damage|p1a: Hariyama|154/392 brn|[from] brn\n|upkeep\n|turn|11\n|\n|t:|1733867226\n|move|p1a: Hariyama|Bullet Punch|p2a: Ariados\n|-crit|p2a: Ariados\n|-damage|p2a: Ariados|0 fnt\n|faint|p2a: Ariados\n|\n|-damage|p1a: Hariyama|130/392 brn|[from] brn\n|upkeep\n|inactive|Ace Trainer Lou has 120 seconds left.\n|\n|t:|1733867236\n|switch|p2a: Plusle|Plusle, L95, F|268/268\n|-damage|p2a: Plusle|235/268|[from] Stealth Rock\n|turn|12\n|\n|t:|1733867240\n|move|p2a: Plusle|Alluring Voice|p1a: Hariyama\n|-supereffective|p1a: Hariyama\n|-damage|p1a: Hariyama|0 fnt\n|faint|p1a: Hariyama\n|-damage|p2a: Plusle|209/268|[from] item: Life Orb\n|\n|upkeep\n|\n|t:|1733867242\n|switch|p1a: Camerupt|Camerupt, L91, F|275/275\n|-activate|p1a: Camerupt|move: Sticky Web\n|-unboost|p1a: Camerupt|spe|1\n|turn|13\n|\n|t:|1733867251\n|move|p2a: Plusle|Grass Knot|p1a: Camerupt\n|-damage|p1a: Camerupt|152/275\n|-damage|p2a: Plusle|183/268|[from] item: Life Orb\n|move|p1a: Camerupt|Earthquake|p2a: Plusle\n|-supereffective|p2a: Plusle\n|-damage|p2a: Plusle|0 fnt\n|faint|p2a: Plusle\n|\n|-heal|p1a: Camerupt|169/275|[from] item: Leftovers\n|upkeep\n|\n|t:|1733867275\n|switch|p2a: Skeledirge|Skeledirge, L79, F|294/294\n|turn|14\n|\n|t:|1733867284\n|-terastallize|p2a: Skeledirge|Water\n|move|p2a: Skeledirge|Torch Song|p1a: Camerupt\n|-resisted|p1a: Camerupt\n|-damage|p1a: Camerupt|128/275\n|-boost|p2a: Skeledirge|spa|1\n|move|p1a: Camerupt|Earthquake|p2a: Skeledirge\n|-damage|p2a: Skeledirge|162/294\n|\n|-heal|p1a: Camerupt|145/275|[from] item: Leftovers\n|upkeep\n|turn|15\n|\n|t:|1733867301\n|switch|p1a: Vaporeon|Vaporeon, L86, F|364/364\n|-activate|p1a: Vaporeon|move: Sticky Web\n|-unboost|p1a: Vaporeon|spe|1\n|move|p2a: Skeledirge|Slack Off|p2a: Skeledirge\n|-heal|p2a: Skeledirge|294/294\n|\n|upkeep\n|turn|16\n|\n|t:|1733867306\n|move|p2a: Skeledirge|Will-O-Wisp|p1a: Vaporeon|[miss]\n|-miss|p2a: Skeledirge|p1a: Vaporeon\n|move|p1a: Vaporeon|Roar|p2a: Skeledirge\n|drag|p2a: Jirachi|Jirachi, L80|291/291\n|-damage|p2a: Jirachi|273/291|[from] Stealth Rock\n|\n|-heal|p2a: Jirachi|291/291|[from] item: Leftovers\n|upkeep\n|turn|17\n|\n|t:|1733867312\n|move|p2a: Jirachi|Stealth Rock|p1a: Vaporeon\n|-sidestart|p1: NlCHOLAS|move: Stealth Rock\n|move|p1a: Vaporeon|Scald|p2a: Jirachi\n|-damage|p2a: Jirachi|197/291\n|\n|-heal|p2a: Jirachi|215/291|[from] item: Leftovers\n|upkeep\n|turn|18\n|\n|t:|1733867318\n|move|p2a: Jirachi|Drain Punch|p1a: Vaporeon\n|-damage|p1a: Vaporeon|303/364\n|-heal|p2a: Jirachi|246/291|[from] drain|[of] p1a: Vaporeon\n|move|p1a: Vaporeon|Scald|p2a: Jirachi\n|-damage|p2a: Jirachi|144/291\n|\n|-heal|p2a: Jirachi|162/291|[from] item: Leftovers\n|-heal|p1a: Vaporeon|325/364|[from] item: Leftovers\n|upkeep\n|turn|19\n|\n|t:|1733867329\n|move|p2a: Jirachi|Iron Head|p1a: Vaporeon\n|-resisted|p1a: Vaporeon\n|-damage|p1a: Vaporeon|269/364\n|cant|p1a: Vaporeon|flinch\n|\n|-heal|p2a: Jirachi|180/291|[from] item: Leftovers\n|-heal|p1a: Vaporeon|291/364|[from] item: Leftovers\n|upkeep\n|turn|20\n|\n|t:|1733867333\n|move|p2a: Jirachi|Iron Head|p1a: Vaporeon\n|-resisted|p1a: Vaporeon\n|-damage|p1a: Vaporeon|235/364\n|move|p1a: Vaporeon|Scald|p2a: Jirachi\n|-damage|p2a: Jirachi|89/291\n|\n|-heal|p2a: Jirachi|107/291|[from] item: Leftovers\n|-heal|p1a: Vaporeon|257/364|[from] item: Leftovers\n|upkeep\n|turn|21\n|\n|t:|1733867340\n|move|p2a: Jirachi|Iron Head|p1a: Vaporeon\n|-resisted|p1a: Vaporeon\n|-damage|p1a: Vaporeon|208/364\n|cant|p1a: Vaporeon|flinch\n|\n|-heal|p2a: Jirachi|125/291|[from] item: Leftovers\n|-heal|p1a: Vaporeon|230/364|[from] item: Leftovers\n|upkeep\n|turn|22\n|\n|t:|1733867344\n|move|p2a: Jirachi|Iron Head|p1a: Vaporeon\n|-resisted|p1a: Vaporeon\n|-damage|p1a: Vaporeon|180/364\n|cant|p1a: Vaporeon|flinch\n|\n|-heal|p2a: Jirachi|143/291|[from] item: Leftovers\n|-heal|p1a: Vaporeon|202/364|[from] item: Leftovers\n|upkeep\n|turn|23\n|\n|t:|1733867349\n|move|p2a: Jirachi|Iron Head|p1a: Vaporeon\n|-resisted|p1a: Vaporeon\n|-damage|p1a: Vaporeon|148/364\n|move|p1a: Vaporeon|Wish|p1a: Vaporeon\n|\n|-heal|p2a: Jirachi|161/291|[from] item: Leftovers\n|-heal|p1a: Vaporeon|170/364|[from] item: Leftovers\n|upkeep\n|turn|24\n|\n|t:|1733867367\n|move|p2a: Jirachi|U-turn|p1a: Vaporeon\n|-damage|p1a: Vaporeon|106/364\n|\n|t:|1733867369\n|switch|p2a: Skeledirge|Skeledirge, L79, F, tera:Water|294/294|[from] U-turn\n|move|p1a: Vaporeon|Scald|p2a: Skeledirge\n|-resisted|p2a: Skeledirge\n|-damage|p2a: Skeledirge|237/294\n|\n|-heal|p1a: Vaporeon|288/364|[from] move: Wish|[wisher] Vaporeon\n|-heal|p1a: Vaporeon|310/364|[from] item: Leftovers\n|upkeep\n|turn|25\n|\n|t:|1733867375\n|move|p2a: Skeledirge|Will-O-Wisp|p1a: Vaporeon\n|-status|p1a: Vaporeon|brn\n|move|p1a: Vaporeon|Scald|p2a: Skeledirge\n|-resisted|p2a: Skeledirge\n|-damage|p2a: Skeledirge|177/294\n|\n|-heal|p1a: Vaporeon|332/364 brn|[from] item: Leftovers\n|-damage|p1a: Vaporeon|310/364 brn|[from] brn\n|upkeep\n|turn|26\n|\n|t:|1733867386\n|move|p2a: Skeledirge|Torch Song|p1a: Vaporeon\n|-resisted|p1a: Vaporeon\n|-damage|p1a: Vaporeon|271/364 brn\n|-boost|p2a: Skeledirge|spa|1\n|move|p1a: Vaporeon|Roar|p2a: Skeledirge\n|drag|p2a: Jirachi|Jirachi, L80|161/291\n|-damage|p2a: Jirachi|143/291|[from] Stealth Rock\n|\n|-heal|p2a: Jirachi|161/291|[from] item: Leftovers\n|-heal|p1a: Vaporeon|293/364 brn|[from] item: Leftovers\n|-damage|p1a: Vaporeon|271/364 brn|[from] brn\n|upkeep\n|turn|27\n|\n|t:|1733867396\n|move|p2a: Jirachi|Iron Head|p1a: Vaporeon\n|-resisted|p1a: Vaporeon\n|-damage|p1a: Vaporeon|217/364 brn\n|cant|p1a: Vaporeon|flinch\n|\n|-heal|p2a: Jirachi|179/291|[from] item: Leftovers\n|-heal|p1a: Vaporeon|239/364 brn|[from] item: Leftovers\n|-damage|p1a: Vaporeon|217/364 brn|[from] brn\n|upkeep\n|turn|28\n|\n|t:|1733867401\n|move|p2a: Jirachi|Iron Head|p1a: Vaporeon\n|-resisted|p1a: Vaporeon\n|-damage|p1a: Vaporeon|170/364 brn\n|cant|p1a: Vaporeon|flinch\n|\n|-heal|p2a: Jirachi|197/291|[from] item: Leftovers\n|-heal|p1a: Vaporeon|192/364 brn|[from] item: Leftovers\n|-damage|p1a: Vaporeon|170/364 brn|[from] brn\n|upkeep\n|turn|29\n|\n|t:|1733867411\n|move|p2a: Jirachi|Iron Head|p1a: Vaporeon\n|-resisted|p1a: Vaporeon\n|-damage|p1a: Vaporeon|116/364 brn\n|cant|p1a: Vaporeon|flinch\n|\n|-heal|p2a: Jirachi|215/291|[from] item: Leftovers\n|-heal|p1a: Vaporeon|138/364 brn|[from] item: Leftovers\n|-damage|p1a: Vaporeon|116/364 brn|[from] brn\n|upkeep\n|turn|30\n|\n|t:|1733867415\n|move|p2a: Jirachi|Iron Head|p1a: Vaporeon\n|-resisted|p1a: Vaporeon\n|-damage|p1a: Vaporeon|62/364 brn\n|move|p1a: Vaporeon|Wish|p1a: Vaporeon\n|\n|-heal|p2a: Jirachi|233/291|[from] item: Leftovers\n|-heal|p1a: Vaporeon|84/364 brn|[from] item: Leftovers\n|-damage|p1a: Vaporeon|62/364 brn|[from] brn\n|upkeep\n|turn|31\n|inactive|NlCHOLAS has 120 seconds left.\n|\n|t:|1733867447\n|move|p2a: Jirachi|U-turn|p1a: Vaporeon\n|-damage|p1a: Vaporeon|4/364 brn\n|\n|t:|1733867450\n|switch|p2a: Skeledirge|Skeledirge, L79, F, tera:Water|177/294|[from] U-turn\n|move|p1a: Vaporeon|Scald|p2a: Skeledirge\n|-resisted|p2a: Skeledirge\n|-damage|p2a: Skeledirge|123/294\n|\n|-heal|p1a: Vaporeon|186/364 brn|[from] move: Wish|[wisher] Vaporeon\n|-heal|p1a: Vaporeon|208/364 brn|[from] item: Leftovers\n|-damage|p1a: Vaporeon|186/364 brn|[from] brn\n|upkeep\n|turn|32\n|\n|t:|1733867461\n|move|p2a: Skeledirge|Slack Off|p2a: Skeledirge\n|-heal|p2a: Skeledirge|270/294\n|move|p1a: Vaporeon|Wish|p1a: Vaporeon\n|\n|-heal|p1a: Vaporeon|208/364 brn|[from] item: Leftovers\n|-damage|p1a: Vaporeon|186/364 brn|[from] brn\n|upkeep\n|turn|33\n|\n|t:|1733867469\n|move|p2a: Skeledirge|Hex|p1a: Vaporeon\n|-damage|p1a: Vaporeon|65/364 brn\n|move|p1a: Vaporeon|Scald|p2a: Skeledirge\n|-resisted|p2a: Skeledirge\n|-damage|p2a: Skeledirge|212/294\n|-status|p2a: Skeledirge|brn\n|\n|-heal|p1a: Vaporeon|247/364 brn|[from] move: Wish|[wisher] Vaporeon\n|-heal|p1a: Vaporeon|269/364 brn|[from] item: Leftovers\n|-damage|p2a: Skeledirge|194/294 brn|[from] brn\n|-damage|p1a: Vaporeon|247/364 brn|[from] brn\n|upkeep\n|turn|34\n|\n|t:|1733867477\n|move|p2a: Skeledirge|Torch Song|p1a: Vaporeon\n|-resisted|p1a: Vaporeon\n|-damage|p1a: Vaporeon|208/364 brn\n|-boost|p2a: Skeledirge|spa|1\n|move|p1a: Vaporeon|Wish|p1a: Vaporeon\n|\n|-heal|p1a: Vaporeon|230/364 brn|[from] item: Leftovers\n|-damage|p2a: Skeledirge|176/294 brn|[from] brn\n|-damage|p1a: Vaporeon|208/364 brn|[from] brn\n|upkeep\n|turn|35\n|\n|t:|1733867480\n|move|p2a: Skeledirge|Hex|p1a: Vaporeon\n|-damage|p1a: Vaporeon|21/364 brn\n|move|p1a: Vaporeon|Roar|p2a: Skeledirge\n|drag|p2a: Jirachi|Jirachi, L80|233/291\n|-damage|p2a: Jirachi|215/291|[from] Stealth Rock\n|\n|-heal|p1a: Vaporeon|203/364 brn|[from] move: Wish|[wisher] Vaporeon\n|-heal|p2a: Jirachi|233/291|[from] item: Leftovers\n|-heal|p1a: Vaporeon|225/364 brn|[from] item: Leftovers\n|-damage|p1a: Vaporeon|203/364 brn|[from] brn\n|upkeep\n|turn|36\n|\n|t:|1733867488\n|switch|p1a: Camerupt|Camerupt, L91, F|145/275\n|-activate|p1a: Camerupt|move: Sticky Web\n|-unboost|p1a: Camerupt|spe|1\n|-damage|p1a: Camerupt|111/275|[from] Stealth Rock\n|move|p2a: Jirachi|Iron Head|p1a: Camerupt\n|-resisted|p1a: Camerupt\n|-damage|p1a: Camerupt|64/275\n|\n|-heal|p2a: Jirachi|251/291|[from] item: Leftovers\n|-heal|p1a: Camerupt|81/275|[from] item: Leftovers\n|upkeep\n|turn|37\n|\n|t:|1733867493\n|move|p2a: Jirachi|Iron Head|p1a: Camerupt\n|-resisted|p1a: Camerupt\n|-damage|p1a: Camerupt|36/275\n|cant|p1a: Camerupt|flinch\n|\n|-heal|p2a: Jirachi|269/291|[from] item: Leftovers\n|-heal|p1a: Camerupt|53/275|[from] item: Leftovers\n|upkeep\n|turn|38\n|\n|t:|1733867498\n|move|p2a: Jirachi|Iron Head|p1a: Camerupt\n|-resisted|p1a: Camerupt\n|-damage|p1a: Camerupt|11/275\n|cant|p1a: Camerupt|flinch\n|\n|-heal|p2a: Jirachi|287/291|[from] item: Leftovers\n|-heal|p1a: Camerupt|28/275|[from] item: Leftovers\n|upkeep\n|turn|39\n|\n|t:|1733867504\n|move|p2a: Jirachi|Iron Head|p1a: Camerupt\n|-resisted|p1a: Camerupt\n|-damage|p1a: Camerupt|0 fnt\n|faint|p1a: Camerupt\n|\n|-heal|p2a: Jirachi|291/291|[from] item: Leftovers\n|upkeep\n|\n|t:|1733867508\n|switch|p1a: Dusknoir|Dusknoir, L89, F|225/225\n|-activate|p1a: Dusknoir|move: Sticky Web\n|-unboost|p1a: Dusknoir|spe|1\n|-damage|p1a: Dusknoir|197/225|[from] Stealth Rock\n|-item|p2a: Jirachi|Leftovers|[from] ability: Frisk|[of] p1a: Dusknoir\n|turn|40\n|c|\u2606Ace Trainer Lou|LOL\n|\n|t:|1733867522\n|move|p2a: Jirachi|Iron Head|p1a: Dusknoir\n|-damage|p1a: Dusknoir|140/225\n|move|p1a: Dusknoir|Poltergeist|p2a: Jirachi\n|-activate|p2a: Jirachi|move: Poltergeist|Leftovers\n|-supereffective|p2a: Jirachi\n|-damage|p2a: Jirachi|33/291\n|\n|-heal|p2a: Jirachi|51/291|[from] item: Leftovers\n|-heal|p1a: Dusknoir|154/225|[from] item: Leftovers\n|upkeep\n|turn|41\n|\n|t:|1733867528\n|move|p2a: Jirachi|Iron Head|p1a: Dusknoir\n|-damage|p1a: Dusknoir|100/225\n|cant|p1a: Dusknoir|flinch\n|\n|-heal|p2a: Jirachi|69/291|[from] item: Leftovers\n|-heal|p1a: Dusknoir|114/225|[from] item: Leftovers\n|upkeep\n|turn|42\n|\n|t:|1733867532\n|move|p2a: Jirachi|Iron Head|p1a: Dusknoir\n|-damage|p1a: Dusknoir|56/225\n|cant|p1a: Dusknoir|flinch\n|\n|-heal|p2a: Jirachi|87/291|[from] item: Leftovers\n|-heal|p1a: Dusknoir|70/225|[from] item: Leftovers\n|upkeep\n|turn|43\n|\n|t:|1733867535\n|move|p2a: Jirachi|Iron Head|p1a: Dusknoir\n|-damage|p1a: Dusknoir|13/225\n|cant|p1a: Dusknoir|flinch\n|\n|-heal|p2a: Jirachi|105/291|[from] item: Leftovers\n|-heal|p1a: Dusknoir|27/225|[from] item: Leftovers\n|upkeep\n|turn|44\n|\n|t:|1733867539\n|move|p2a: Jirachi|Iron Head|p1a: Dusknoir\n|-damage|p1a: Dusknoir|0 fnt\n|faint|p1a: Dusknoir\n|\n|-heal|p2a: Jirachi|123/291|[from] item: Leftovers\n|upkeep\n|c|\u2606NlCHOLAS|jesus\n|\n|t:|1733867545\n|switch|p1a: Espathra|Espathra, L80, F|283/283\n|-activate|p1a: Espathra|move: Sticky Web\n|-unboost|p1a: Espathra|spe|1\n|-damage|p1a: Espathra|248/283|[from] Stealth Rock\n|turn|45\n|c|\u2606Ace Trainer Lou|RNjesus\n|c|\u2606Ace Trainer Lou|RNGsus\n|\n|t:|1733867573\n|move|p2a: Jirachi|Iron Head|p1a: Espathra\n|-damage|p1a: Espathra|139/283\n|move|p1a: Espathra|Calm Mind|p1a: Espathra\n|-boost|p1a: Espathra|spa|1\n|-boost|p1a: Espathra|spd|1\n|\n|-heal|p2a: Jirachi|141/291|[from] item: Leftovers\n|-heal|p1a: Espathra|156/283|[from] item: Leftovers\n|-ability|p1a: Espathra|Speed Boost|boost\n|-boost|p1a: Espathra|spe|1\n|upkeep\n|turn|46\n|\n|t:|1733867576\n|move|p1a: Espathra|Roost|p1a: Espathra\n|-heal|p1a: Espathra|283/283\n|-singleturn|p1a: Espathra|move: Roost\n|move|p2a: Jirachi|Iron Head|p1a: Espathra\n|-damage|p1a: Espathra|172/283\n|\n|-heal|p1a: Espathra|189/283|[from] item: Leftovers\n|-heal|p2a: Jirachi|159/291|[from] item: Leftovers\n|-ability|p1a: Espathra|Speed Boost|boost\n|-boost|p1a: Espathra|spe|1\n|upkeep\n|turn|47\n|\n|t:|1733867581\n|move|p1a: Espathra|Calm Mind|p1a: Espathra\n|-boost|p1a: Espathra|spa|1\n|-boost|p1a: Espathra|spd|1\n|move|p2a: Jirachi|U-turn|p1a: Espathra\n|-supereffective|p1a: Espathra\n|-damage|p1a: Espathra|53/283\n|\n|t:|1733867586\n|switch|p2a: Skeledirge|Skeledirge, L79, F, tera:Water|176/294 brn|[from] U-turn\n|\n|-heal|p1a: Espathra|70/283|[from] item: Leftovers\n|-damage|p2a: Skeledirge|158/294 brn|[from] brn\n|-ability|p1a: Espathra|Speed Boost|boost\n|-boost|p1a: Espathra|spe|1\n|upkeep\n|turn|48\n|\n|t:|1733867591\n|move|p1a: Espathra|Stored Power|p2a: Skeledirge\n|-damage|p2a: Skeledirge|0 fnt\n|faint|p2a: Skeledirge\n|\n|-heal|p1a: Espathra|87/283|[from] item: Leftovers\n|-ability|p1a: Espathra|Speed Boost|boost\n|-boost|p1a: Espathra|spe|1\n|upkeep\n|\n|t:|1733867594\n|switch|p2a: Jirachi|Jirachi, L80|159/291\n|-damage|p2a: Jirachi|141/291|[from] Stealth Rock\n|turn|49\n|c|\u2606Ace Trainer Lou|gg\n|c|\u2606Ace Trainer Lou|I tried\n|\n|t:|1733867599\n|move|p1a: Espathra|Roost|p1a: Espathra\n|-heal|p1a: Espathra|229/283\n|-singleturn|p1a: Espathra|move: Roost\n|move|p2a: Jirachi|U-turn|p1a: Espathra\n|-supereffective|p1a: Espathra\n|-damage|p1a: Espathra|93/283\n|\n|-heal|p1a: Espathra|110/283|[from] item: Leftovers\n|-heal|p2a: Jirachi|159/291|[from] item: Leftovers\n|-ability|p1a: Espathra|Speed Boost|boost\n|-boost|p1a: Espathra|spe|1\n|upkeep\n|turn|50\n|\n|t:|1733867604\n|move|p1a: Espathra|Roost|p1a: Espathra\n|-heal|p1a: Espathra|252/283\n|-singleturn|p1a: Espathra|move: Roost\n|move|p2a: Jirachi|U-turn|p1a: Espathra\n|-supereffective|p1a: Espathra\n|-damage|p1a: Espathra|114/283\n|\n|-heal|p1a: Espathra|131/283|[from] item: Leftovers\n|-heal|p2a: Jirachi|177/291|[from] item: Leftovers\n|-ability|p1a: Espathra|Speed Boost|boost\n|-boost|p1a: Espathra|spe|1\n|upkeep\n|turn|51\n|\n|t:|1733867607\n|move|p1a: Espathra|Roost|p1a: Espathra\n|-heal|p1a: Espathra|273/283\n|-singleturn|p1a: Espathra|move: Roost\n|move|p2a: Jirachi|U-turn|p1a: Espathra\n|-supereffective|p1a: Espathra\n|-damage|p1a: Espathra|137/283\n|\n|-heal|p1a: Espathra|154/283|[from] item: Leftovers\n|-heal|p2a: Jirachi|195/291|[from] item: Leftovers\n|-ability|p1a: Espathra|Speed Boost|boost\n|-boost|p1a: Espathra|spe|1\n|upkeep\n|turn|52\n|\n|t:|1733867614\n|move|p1a: Espathra|Roost|p1a: Espathra\n|-heal|p1a: Espathra|283/283\n|-singleturn|p1a: Espathra|move: Roost\n|move|p2a: Jirachi|U-turn|p1a: Espathra\n|-supereffective|p1a: Espathra\n|-damage|p1a: Espathra|157/283\n|\n|-heal|p1a: Espathra|174/283|[from] item: Leftovers\n|-heal|p2a: Jirachi|213/291|[from] item: Leftovers\n|upkeep\n|turn|53\n|\n|t:|1733867620\n|move|p1a: Espathra|Stored Power|p2a: Jirachi\n|-resisted|p2a: Jirachi\n|-damage|p2a: Jirachi|104/291\n|move|p2a: Jirachi|U-turn|p1a: Espathra\n|-supereffective|p1a: Espathra\n|-damage|p1a: Espathra|48/283\n|\n|-heal|p1a: Espathra|65/283|[from] item: Leftovers\n|-heal|p2a: Jirachi|122/291|[from] item: Leftovers\n|upkeep\n|turn|54\n|\n|t:|1733867625\n|move|p1a: Espathra|Stored Power|p2a: Jirachi\n|-resisted|p2a: Jirachi\n|-damage|p2a: Jirachi|22/291\n|move|p2a: Jirachi|U-turn|p1a: Espathra\n|-supereffective|p1a: Espathra\n|-crit|p1a: Espathra\n|-damage|p1a: Espathra|0 fnt\n|faint|p1a: Espathra\n|\n|-heal|p2a: Jirachi|40/291|[from] item: Leftovers\n|upkeep\n|\n|t:|1733867627\n|switch|p1a: Vaporeon|Vaporeon, L86, F|203/364 brn\n|-activate|p1a: Vaporeon|move: Sticky Web\n|-unboost|p1a: Vaporeon|spe|1\n|-damage|p1a: Vaporeon|158/364 brn|[from] Stealth Rock\n|turn|55\n|c|\u2606Ace Trainer Lou|oh?\n|inactive|Ace Trainer Lou has 120 seconds left.\n|c|\u2606Ace Trainer Lou|It's a gamble\n|c|\u2606Ace Trainer Lou|let's see\n|\n|t:|1733867673\n|move|p2a: Jirachi|Iron Head|p1a: Vaporeon\n|-resisted|p1a: Vaporeon\n|-damage|p1a: Vaporeon|108/364 brn\n|cant|p1a: Vaporeon|flinch\n|\n|-heal|p2a: Jirachi|58/291|[from] item: Leftovers\n|-heal|p1a: Vaporeon|130/364 brn|[from] item: Leftovers\n|-damage|p1a: Vaporeon|108/364 brn|[from] brn\n|upkeep\n|turn|56\n|c|\u2606Ace Trainer Lou|1\n|\n|t:|1733867682\n|move|p1a: Vaporeon|Protect|p1a: Vaporeon\n|-singleturn|p1a: Vaporeon|Protect\n|move|p2a: Jirachi|Iron Head|p1a: Vaporeon\n|-activate|p1a: Vaporeon|move: Protect\n|\n|-heal|p2a: Jirachi|76/291|[from] item: Leftovers\n|-heal|p1a: Vaporeon|130/364 brn|[from] item: Leftovers\n|-damage|p1a: Vaporeon|108/364 brn|[from] brn\n|upkeep\n|turn|57\n|\n|t:|1733867685\n|move|p2a: Jirachi|Iron Head|p1a: Vaporeon\n|-resisted|p1a: Vaporeon\n|-damage|p1a: Vaporeon|57/364 brn\n|cant|p1a: Vaporeon|flinch\n|\n|-heal|p2a: Jirachi|94/291|[from] item: Leftovers\n|-heal|p1a: Vaporeon|79/364 brn|[from] item: Leftovers\n|-damage|p1a: Vaporeon|57/364 brn|[from] brn\n|upkeep\n|turn|58\n|c|\u2606Ace Trainer Lou|2!\n|\n|t:|1733867695\n|move|p1a: Vaporeon|Protect|p1a: Vaporeon\n|-singleturn|p1a: Vaporeon|Protect\n|move|p2a: Jirachi|Drain Punch|p1a: Vaporeon\n|-activate|p1a: Vaporeon|move: Protect\n|\n|-heal|p2a: Jirachi|112/291|[from] item: Leftovers\n|-heal|p1a: Vaporeon|79/364 brn|[from] item: Leftovers\n|-damage|p1a: Vaporeon|57/364 brn|[from] brn\n|upkeep\n|turn|59\n|\n|t:|1733867707\n|move|p2a: Jirachi|Iron Head|p1a: Vaporeon\n|-resisted|p1a: Vaporeon\n|-damage|p1a: Vaporeon|3/364 brn\n|cant|p1a: Vaporeon|flinch\n|\n|-heal|p2a: Jirachi|130/291|[from] item: Leftovers\n|-heal|p1a: Vaporeon|25/364 brn|[from] item: Leftovers\n|-damage|p1a: Vaporeon|3/364 brn|[from] brn\n|upkeep\n|turn|60\n|c|\u2606Ace Trainer Lou|3!\n|c|\u2606NlCHOLAS|well played\n|c|\u2606Ace Trainer Lou|Wow\n|c|\u2606Ace Trainer Lou|that was crazy\n|\n|t:|1733867723\n|move|p1a: Vaporeon|Protect|p1a: Vaporeon\n|-singleturn|p1a: Vaporeon|Protect\n|move|p2a: Jirachi|Drain Punch|p1a: Vaporeon\n|-activate|p1a: Vaporeon|move: Protect\n|\n|-heal|p2a: Jirachi|148/291|[from] item: Leftovers\n|-heal|p1a: Vaporeon|25/364 brn|[from] item: Leftovers\n|-damage|p1a: Vaporeon|3/364 brn|[from] brn\n|upkeep\n|turn|61\n|-message|NlCHOLAS forfeited.\n|\n|win|Ace Trainer Lou\n|raw|NlCHOLAS's rating: 1904 &rarr; <strong>1883</strong><br />(-21 for losing)\n|raw|Ace Trainer Lou's rating: 1886 &rarr; <strong>1907</strong><br />(+21 for winning)\n|l|\u2606NlCHOLAS\n|player|p1|\n", "inputlog": ">version bfd83cad13791eb5a5a409923076391caf6fb4d4\n>start {\"formatid\":\"gen9randombattle\",\"seed\":[53089,44191,46015,15357],\"rated\":\"Rated battle\"}\n>player p1 {\"name\":\"NlCHOLAS\",\"avatar\":\"#1v1plviiibarraskewdas\",\"rating\":1904,\"seed\":[17129,8407,47970,1056]}\n>player p2 {\"name\":\"Ace Trainer Lou\",\"avatar\":\"acetrainer-gen4dp\",\"rating\":1886,\"seed\":[658,38023,19745,13426]}\n>p1 switch 4\n>p2 move stickyweb\n>p1 move stealthrock\n>p2 switch 4\n>p1 move willowisp\n>p2 move roar\n>p1 switch 4\n>p2 move iciclecrash\n>p1 move closecombat\n>p2 move roar\n>p2 switch 6\n>p1 switch 4\n>p2 move bravebird\n>p1 move scaleshot\n>p2 move bravebird\n>p1 move scaleshot\n>p2 move bravebird\n>p1 switch 4\n>p1 move bulletpunch\n>p2 move bravebird\n>p2 switch 4\n>p1 move facade\n>p2 move megahorn\n>p1 move bulletpunch\n>p2 move poisonjab\n>p2 switch 5\n>p1 move closecombat\n>p2 move alluringvoice\n>p1 switch 3\n>p1 move earthquake\n>p2 move grassknot\n>p2 switch 3\n>p1 move earthquake\n>p2 move torchsong terastallize\n>p1 switch 5\n>p2 move slackoff\n>p1 move roar\n>p2 move willowisp\n>p1 move scald\n>p2 move stealthrock\n>p1 move scald\n>p2 move drainpunch\n>p1 move scald\n>p2 move ironhead\n>p1 move scald\n>p2 move ironhead\n>p1 move scald\n>p2 move ironhead\n>p1 move wish\n>p2 move ironhead\n>p1 move wish\n>p2 move ironhead\n>p1 move scald\n>p2 move uturn\n>p2 switch 2\n>p1 move scald\n>p2 move willowisp\n>p1 move roar\n>p2 move torchsong\n>p1 move scald\n>p2 move ironhead\n>p1 move wish\n>p2 move ironhead\n>p1 move wish\n>p2 move ironhead\n>p1 move wish\n>p2 move ironhead\n>p1 move scald\n>p2 move uturn\n>p2 switch 2\n>p1 move wish\n>p2 move slackoff\n>p1 move scald\n>p2 move hex\n>p1 move wish\n>p2 move torchsong\n>p1 move roar\n>p2 move hex\n>p1 switch 5\n>p2 move ironhead\n>p1 move earthquake\n>p2 move ironhead\n>p1 move overheat\n>p2 move ironhead\n>p1 move overheat\n>p2 move ironhead\n>p1 switch 2\n>chat \u2606Ace Trainer Lou|LOL\n>p1 move poltergeist\n>p2 move ironhead\n>p1 move poltergeist\n>p2 move ironhead\n>p1 move poltergeist\n>p2 move ironhead\n>p1 move poltergeist\n>p2 move ironhead\n>p1 move poltergeist\n>p2 move ironhead\n>chat \u2606NlCHOLAS|jesus\n>p1 switch 6\n>chat \u2606Ace Trainer Lou|RNjesus\n>chat \u2606Ace Trainer Lou|RNGsus\n>p1 move calmmind\n>p2 move ironhead\n>p1 move roost\n>p2 move ironhead\n>p1 move calmmind\n>p2 move uturn\n>p2 switch 2\n>p1 move storedpower\n>p2 move hex\n>p2 switch 2\n>chat \u2606Ace Trainer Lou|gg\n>chat \u2606Ace Trainer Lou|I tried\n>p1 move roost\n>p2 move uturn\n>p1 move roost\n>p2 move uturn\n>p1 move roost\n>p2 move uturn\n>p1 move roost\n>p2 move uturn\n>p1 move storedpower\n>p2 move uturn\n>p1 move storedpower\n>p2 move uturn\n>p1 switch 5\n>chat \u2606Ace Trainer Lou|oh?\n>chat \u2606Ace Trainer Lou|It's a gamble\n>chat \u2606Ace Trainer Lou|let's see\n>p1 move scald\n>p2 move ironhead\n>chat \u2606Ace Trainer Lou|1\n>p1 move protect\n>p2 move ironhead\n>p1 move wish\n>p2 move ironhead\n>chat \u2606Ace Trainer Lou|2!\n>p1 move protect\n>p2 move drainpunch\n>p1 move wish\n>p2 move ironhead\n>chat \u2606Ace Trainer Lou|3!\n>chat \u2606NlCHOLAS|well played\n>chat \u2606Ace Trainer Lou|Wow\n>chat \u2606Ace Trainer Lou|that was crazy\n>p1 move protect\n>p2 move drainpunch\n>forcelose p1", "uploadtime": 1733867738, "views": 22, "formatid": "gen9randombattle", "rating": 1883, "private": 0, "password": null}