{"id": "gen9randombattle-2260711887", "format": "[Gen 9] Random Battle", "players": ["xanduffy", "lyoGy"], "log": "|j|\u2606xanduffy\n|j|\u2606lyoGy\n|t:|1733881619\n|gametype|singles\n|player|p1|xanduffy|2|1109\n|player|p2|lyoGy|dawn-gen4pt|1101\n|teamsize|p1|6\n|teamsize|p2|6\n|gen|9\n|tier|[Gen 9] Random Battle\n|rated|\n|rule|Species Clause: Limit one of each Pok\u00e9mon\n|rule|HP Percentage Mod: HP is shown in percentages\n|rule|Sleep Clause Mod: Limit one foe put to sleep\n|rule|Illusion Level Mod: Illusion disguises the Pok\u00e9mon's true level\n|\n|t:|1733881619\n|start\n|switch|p1a: Whiscash|Whiscash, L88, F|337/337\n|switch|p2a: Ninetales|Ninetales-Alola, L78, F|242/242\n|-weather|Snow|[from] ability: Snow Warning|[of] p2a: Ninetales\n|turn|1\n|\n|t:|1733881635\n|switch|p1a: Bronzong|Bronzong, L88|261/261\n|move|p2a: Ninetales|Aurora Veil|p2a: Ninetales\n|-sidestart|p2: lyoGy|move: Aurora Veil\n|\n|-weather|Snow|[upkeep]\n|upkeep\n|turn|2\n|\n|t:|1733881662\n|switch|p2a: Enamorus|Enamorus, L79, F|247/247\n|move|p1a: Bronzong|Iron Head|p2a: Enamorus\n|-supereffective|p2a: Enamorus\n|-damage|p2a: Enamorus|133/247\n|\n|-weather|Snow|[upkeep]\n|-heal|p2a: Enamorus|148/247|[from] item: Leftovers\n|upkeep\n|turn|3\n|\n|t:|1733881685\n|-terastallize|p2a: Enamorus|Fighting\n|move|p2a: Enamorus|Superpower|p1a: Bronzong\n|-damage|p1a: Bronzong|168/261\n|-boost|p2a: Enamorus|atk|1\n|-boost|p2a: Enamorus|def|1\n|move|p1a: Bronzong|Iron Head|p2a: Enamorus\n|-damage|p2a: Enamorus|110/247\n|\n|-weather|Snow|[upkeep]\n|-heal|p2a: Enamorus|125/247|[from] item: Leftovers\n|-heal|p1a: Bronzong|184/261|[from] item: Leftovers\n|upkeep\n|turn|4\n|inactive|Battle timer is ON: inactive players will automatically lose when time's up. (requested by lyoGy)\n|\n|t:|1733881723\n|switch|p1a: Polteageist|Polteageist-Antique, L79|224/224\n|move|p2a: Enamorus|Superpower|p1a: Polteageist\n|-immune|p1a: Polteageist\n|\n|-weather|Snow|[upkeep]\n|-heal|p2a: Enamorus|140/247|[from] item: Leftovers\n|upkeep\n|turn|5\n|\n|t:|1733881738\n|move|p2a: Enamorus|Taunt|p1a: Polteageist\n|-start|p1a: Polteageist|move: Taunt\n|cant|p1a: Polteageist|move: Taunt|Shell Smash\n|\n|-weather|none\n|-heal|p2a: Enamorus|155/247|[from] item: Leftovers\n|upkeep\n|turn|6\n|\n|t:|1733881750\n|move|p2a: Enamorus|Substitute|p2a: Enamorus\n|-start|p2a: Enamorus|Substitute\n|-damage|p2a: Enamorus|94/247\n|move|p1a: Polteageist|Shadow Ball|p2a: Enamorus\n|-activate|p2a: Enamorus|move: Substitute|[damage]\n|\n|-heal|p2a: Enamorus|109/247|[from] item: Leftovers\n|upkeep\n|turn|7\n|\n|t:|1733881759\n|move|p2a: Enamorus|Play Rough|p1a: Polteageist\n|-damage|p1a: Polteageist|43/224\n|move|p1a: Polteageist|Shadow Ball|p2a: Enamorus\n|-crit|p2a: Enamorus\n|-end|p2a: Enamorus|Substitute\n|\n|-heal|p2a: Enamorus|124/247|[from] item: Leftovers\n|-end|p1a: Polteageist|move: Taunt\n|upkeep\n|turn|8\n|\n|t:|1733881782\n|move|p2a: Enamorus|Play Rough|p1a: Polteageist\n|-damage|p1a: Polteageist|0 fnt\n|faint|p1a: Polteageist\n|\n|-heal|p2a: Enamorus|139/247|[from] item: Leftovers\n|-sideend|p2: lyoGy|move: Aurora Veil\n|upkeep\n|\n|t:|1733881795\n|switch|p1a: Kilowattrel|Kilowattrel, L83, F|252/252\n|turn|9\n|inactive|lyoGy has 120 seconds left.\n|\n|t:|1733881840\n|switch|p2a: Grafaiai|Grafaiai, L86, F|249/249\n|move|p1a: Kilowattrel|Hurricane|p2a: Grafaiai\n|-damage|p2a: Grafaiai|102/249\n|-start|p2a: Grafaiai|confusion\n|\n|upkeep\n|turn|10\n|inactive|xanduffy has 120 seconds left.\n|\n|t:|1733881858\n|-activate|p2a: Grafaiai|confusion\n|move|p2a: Grafaiai|Parting Shot|p1a: Kilowattrel\n|-unboost|p1a: Kilowattrel|atk|1\n|-unboost|p1a: Kilowattrel|spa|1\n|\n|t:|1733881865\n|switch|p2a: Ninetales|Ninetales-Alola, L78, F|242/242|[from] Parting Shot\n|-weather|Snow|[from] ability: Snow Warning|[of] p2a: Ninetales\n|move|p1a: Kilowattrel|Thunderbolt|p2a: Ninetales\n|-damage|p2a: Ninetales|173/242\n|\n|-weather|Snow|[upkeep]\n|upkeep\n|turn|11\n|\n|t:|1733881877\n|move|p1a: Kilowattrel|U-turn|p2a: Ninetales\n|-resisted|p2a: Ninetales\n|-damage|p2a: Ninetales|164/242\n|\n|t:|1733881879\n|switch|p1a: Bronzong|Bronzong, L88|184/261|[from] U-turn\n|move|p2a: Ninetales|Aurora Veil|p2a: Ninetales\n|-sidestart|p2: lyoGy|move: Aurora Veil\n|\n|-weather|Snow|[upkeep]\n|-heal|p1a: Bronzong|200/261|[from] item: Leftovers\n|upkeep\n|turn|12\n|inactive|lyoGy has 120 seconds left.\n|\n|t:|1733881892\n|switch|p2a: Ampharos|Ampharos, L88, F|302/302\n|move|p1a: Bronzong|Iron Head|p2a: Ampharos\n|-resisted|p2a: Ampharos\n|-damage|p2a: Ampharos|279/302\n|\n|-weather|Snow|[upkeep]\n|-heal|p1a: Bronzong|216/261|[from] item: Leftovers\n|upkeep\n|turn|13\n|inactive|lyoGy has 120 seconds left.\n|\n|t:|1733881905\n|move|p2a: Ampharos|Agility|p2a: Ampharos\n|-boost|p2a: Ampharos|spe|2\n|move|p1a: Bronzong|Earthquake|p2a: Ampharos\n|-supereffective|p2a: Ampharos\n|-damage|p2a: Ampharos|212/302\n|\n|-weather|Snow|[upkeep]\n|-heal|p1a: Bronzong|232/261|[from] item: Leftovers\n|upkeep\n|turn|14\n|inactive|lyoGy has 120 seconds left.\n|\n|t:|1733881918\n|move|p2a: Ampharos|Focus Blast|p1a: Bronzong\n|-damage|p1a: Bronzong|133/261\n|-unboost|p1a: Bronzong|spd|1\n|-damage|p2a: Ampharos|182/302|[from] item: Life Orb\n|move|p1a: Bronzong|Earthquake|p2a: Ampharos\n|-supereffective|p2a: Ampharos\n|-crit|p2a: Ampharos\n|-damage|p2a: Ampharos|0 fnt\n|faint|p2a: Ampharos\n|\n|-weather|none\n|-heal|p1a: Bronzong|149/261|[from] item: Leftovers\n|upkeep\n|inactive|lyoGy has 120 seconds left.\n|\n|t:|1733881950\n|switch|p2a: Mewtwo|Mewtwo, L72|272/272\n|-ability|p2a: Mewtwo|Unnerve\n|turn|15\n|\n|t:|1733881971\n|switch|p1a: Whiscash|Whiscash, L88, F|337/337\n|move|p2a: Mewtwo|Fire Blast|p1a: Whiscash\n|-resisted|p1a: Whiscash\n|-crit|p1a: Whiscash\n|-damage|p1a: Whiscash|246/337\n|-damage|p2a: Mewtwo|245/272|[from] item: Life Orb\n|\n|upkeep\n|turn|16\n|\n|t:|1733881990\n|move|p2a: Mewtwo|Psystrike|p1a: Whiscash\n|-damage|p1a: Whiscash|89/337\n|-damage|p2a: Mewtwo|218/272|[from] item: Life Orb\n|move|p1a: Whiscash|Dragon Dance|p1a: Whiscash\n|-boost|p1a: Whiscash|atk|1\n|-boost|p1a: Whiscash|spe|1\n|\n|upkeep\n|turn|17\n|\n|t:|1733882008\n|move|p1a: Whiscash|Earthquake|p2a: Mewtwo\n|-damage|p2a: Mewtwo|116/272\n|-damage|p1a: Whiscash|56/337|[from] item: Life Orb\n|move|p2a: Mewtwo|Psystrike|p1a: Whiscash\n|-damage|p1a: Whiscash|0 fnt\n|faint|p1a: Whiscash\n|-damage|p2a: Mewtwo|89/272|[from] item: Life Orb\n|\n|upkeep\n|inactive|xanduffy has 120 seconds left.\n|\n|t:|1733882027\n|switch|p1a: Kilowattrel|Kilowattrel, L83, F|252/252\n|turn|18\n|\n|t:|1733882041\n|move|p1a: Kilowattrel|U-turn|p2a: Mewtwo\n|-supereffective|p2a: Mewtwo\n|-damage|p2a: Mewtwo|47/272\n|\n|t:|1733882054\n|switch|p1a: Dondozo|Dondozo, L78, F|362/362|[from] U-turn\n|move|p2a: Mewtwo|Recover|p2a: Mewtwo\n|-heal|p2a: Mewtwo|183/272\n|\n|-sideend|p2: lyoGy|move: Aurora Veil\n|upkeep\n|turn|19\n|\n|t:|1733882068\n|switch|p2a: Ninetales|Ninetales-Alola, L78, F|164/242\n|-weather|Snow|[from] ability: Snow Warning|[of] p2a: Ninetales\n|switch|p1a: Kilowattrel|Kilowattrel, L83, F|252/252\n|\n|-weather|Snow|[upkeep]\n|upkeep\n|turn|20\n|\n|t:|1733882087\n|move|p1a: Kilowattrel|Thunder Wave|p2a: Ninetales\n|-status|p2a: Ninetales|par\n|move|p2a: Ninetales|Blizzard|p1a: Kilowattrel\n|-supereffective|p1a: Kilowattrel\n|-damage|p1a: Kilowattrel|4/252\n|\n|-weather|Snow|[upkeep]\n|upkeep\n|turn|21\n|inactive|xanduffy has 120 seconds left.\n|\n|t:|1733882121\n|move|p1a: Kilowattrel|Hurricane|p2a: Ninetales|[miss]\n|-miss|p1a: Kilowattrel|p2a: Ninetales\n|move|p2a: Ninetales|Freeze-Dry|p1a: Kilowattrel\n|-supereffective|p1a: Kilowattrel\n|-damage|p1a: Kilowattrel|0 fnt\n|faint|p1a: Kilowattrel\n|\n|-weather|Snow|[upkeep]\n|upkeep\n|\n|t:|1733882131\n|switch|p1a: Bronzong|Bronzong, L88|149/261\n|turn|22\n|inactive|lyoGy has 120 seconds left.\n|\n|t:|1733882139\n|move|p1a: Bronzong|Iron Head|p2a: Ninetales\n|-supereffective|p2a: Ninetales\n|-damage|p2a: Ninetales|0 fnt\n|faint|p2a: Ninetales\n|\n|-weather|Snow|[upkeep]\n|-heal|p1a: Bronzong|165/261|[from] item: Leftovers\n|upkeep\n|inactive|lyoGy has 120 seconds left.\n|\n|t:|1733882146\n|switch|p2a: Mewtwo|Mewtwo, L72|183/272\n|-ability|p2a: Mewtwo|Unnerve\n|turn|23\n|inactive|xanduffy has 120 seconds left.\n|\n|t:|1733882164\n|switch|p1a: Dondozo|Dondozo, L78, F|362/362\n|move|p2a: Mewtwo|Fire Blast|p1a: Dondozo\n|-resisted|p1a: Dondozo\n|-damage|p1a: Dondozo|291/362\n|-damage|p2a: Mewtwo|156/272|[from] item: Life Orb\n|\n|-weather|none\n|-heal|p1a: Dondozo|313/362|[from] item: Leftovers\n|upkeep\n|turn|24\n|\n|t:|1733882182\n|move|p2a: Mewtwo|Recover|p2a: Mewtwo\n|-heal|p2a: Mewtwo|272/272\n|move|p1a: Dondozo|Curse|p1a: Dondozo\n|-unboost|p1a: Dondozo|spe|1\n|-boost|p1a: Dondozo|atk|1\n|-boost|p1a: Dondozo|def|1\n|\n|-heal|p1a: Dondozo|335/362|[from] item: Leftovers\n|upkeep\n|turn|25\n|\n|t:|1733882198\n|switch|p2a: Glaceon|Glaceon, L94, M|275/275\n|move|p1a: Dondozo|Wave Crash|p2a: Glaceon\n|-damage|p2a: Glaceon|157/275\n|-damage|p1a: Dondozo|296/362|[from] Recoil\n|\n|-heal|p1a: Dondozo|318/362|[from] item: Leftovers\n|upkeep\n|turn|26\n|inactive|lyoGy has 120 seconds left.\n|\n|t:|1733882221\n|switch|p1a: Bronzong|Bronzong, L88|165/261\n|move|p2a: Glaceon|Wish|p2a: Glaceon\n|\n|-heal|p1a: Bronzong|181/261|[from] item: Leftovers\n|upkeep\n|turn|27\n|inactive|lyoGy has 120 seconds left.\n|\n|t:|1733882235\n|move|p2a: Glaceon|Protect|p2a: Glaceon\n|-singleturn|p2a: Glaceon|Protect\n|move|p1a: Bronzong|Hypnosis|p2a: Glaceon\n|-activate|p2a: Glaceon|move: Protect\n|\n|-heal|p2a: Glaceon|275/275|[from] move: Wish|[wisher] Glaceon\n|-heal|p1a: Bronzong|197/261|[from] item: Leftovers\n|upkeep\n|turn|28\n|inactive|lyoGy has 120 seconds left.\n|\n|t:|1733882250\n|switch|p2a: Enamorus|Enamorus, L79, F, tera:Fighting|139/247\n|move|p1a: Bronzong|Iron Head|p2a: Enamorus\n|-damage|p2a: Enamorus|25/247\n|\n|-heal|p2a: Enamorus|40/247|[from] item: Leftovers\n|-heal|p1a: Bronzong|213/261|[from] item: Leftovers\n|upkeep\n|turn|29\n|inactive|lyoGy has 120 seconds left.\n|\n|t:|1733882267\n|move|p2a: Enamorus|Superpower|p1a: Bronzong\n|-damage|p1a: Bronzong|111/261\n|-boost|p2a: Enamorus|atk|1\n|-boost|p2a: Enamorus|def|1\n|move|p1a: Bronzong|Iron Head|p2a: Enamorus\n|-damage|p2a: Enamorus|0 fnt\n|faint|p2a: Enamorus\n|\n|-heal|p1a: Bronzong|127/261|[from] item: Leftovers\n|upkeep\n|\n|t:|1733882270\n|switch|p2a: Grafaiai|Grafaiai, L86, F|102/249\n|turn|30\n|inactive|xanduffy has 90 seconds left.\n|\n|t:|1733882293\n|switch|p1a: Dondozo|Dondozo, L78, F|318/362\n|move|p2a: Grafaiai|Knock Off|p1a: Dondozo\n|-damage|p1a: Dondozo|251/362\n|-enditem|p1a: Dondozo|Leftovers|[from] move: Knock Off|[of] p2a: Grafaiai\n|\n|upkeep\n|turn|31\n|inactive|xanduffy has 90 seconds left.\n|\n|t:|1733882313\n|move|p2a: Grafaiai|Gunk Shot|p1a: Dondozo|[miss]\n|-miss|p2a: Grafaiai|p1a: Dondozo\n|move|p1a: Dondozo|Wave Crash|p2a: Grafaiai\n|-damage|p2a: Grafaiai|0 fnt\n|faint|p2a: Grafaiai\n|-damage|p1a: Dondozo|217/362|[from] Recoil\n|\n|upkeep\n|\n|t:|1733882321\n|switch|p2a: Glaceon|Glaceon, L94, M|275/275\n|turn|32\n|inactive|xanduffy has 90 seconds left.\n|\n|t:|1733882337\n|move|p2a: Glaceon|Freeze-Dry|p1a: Dondozo\n|-supereffective|p1a: Dondozo\n|-damage|p1a: Dondozo|0 fnt\n|faint|p1a: Dondozo\n|\n|upkeep\n|\n|t:|1733882364\n|switch|p1a: Lunala|Lunala, L70|308/308\n|turn|33\n|inactive|lyoGy has 120 seconds left.\n|\n|t:|1733882400\n|switch|p1a: Bronzong|Bronzong, L88|127/261\n|move|p2a: Glaceon|Calm Mind|p2a: Glaceon\n|-boost|p2a: Glaceon|spa|1\n|-boost|p2a: Glaceon|spd|1\n|\n|-heal|p1a: Bronzong|143/261|[from] item: Leftovers\n|upkeep\n|turn|34\n|inactive|lyoGy has 120 seconds left.\n|\n|t:|1733882418\n|move|p2a: Glaceon|Protect|p2a: Glaceon\n|-singleturn|p2a: Glaceon|Protect\n|move|p1a: Bronzong|Hypnosis|p2a: Glaceon\n|-activate|p2a: Glaceon|move: Protect\n|\n|-heal|p1a: Bronzong|159/261|[from] item: Leftovers\n|upkeep\n|turn|35\n|\n|t:|1733882428\n|move|p2a: Glaceon|Freeze-Dry|p1a: Bronzong\n|-resisted|p1a: Bronzong\n|-damage|p1a: Bronzong|88/261\n|move|p1a: Bronzong|Hypnosis|p2a: Glaceon\n|-status|p2a: Glaceon|slp|[from] move: Hypnosis\n|\n|-heal|p1a: Bronzong|104/261|[from] item: Leftovers\n|upkeep\n|turn|36\n|\n|t:|1733882436\n|switch|p2a: Mewtwo|Mewtwo, L72|272/272\n|-ability|p2a: Mewtwo|Unnerve\n|move|p1a: Bronzong|Iron Head|p2a: Mewtwo\n|-damage|p2a: Mewtwo|164/272\n|\n|-heal|p1a: Bronzong|120/261|[from] item: Leftovers\n|upkeep\n|turn|37\n|inactive|xanduffy has 90 seconds left.\n|\n|t:|1733882451\n|move|p2a: Mewtwo|Fire Blast|p1a: Bronzong\n|-supereffective|p1a: Bronzong\n|-damage|p1a: Bronzong|0 fnt\n|faint|p1a: Bronzong\n|-damage|p2a: Mewtwo|137/272|[from] item: Life Orb\n|\n|upkeep\n|\n|t:|1733882454\n|switch|p1a: Lunala|Lunala, L70|308/308\n|turn|38\n|inactive|xanduffy has 90 seconds left.\n|\n|t:|1733882479\n|move|p2a: Mewtwo|Fire Blast|p1a: Lunala\n|-damage|p1a: Lunala|254/308\n|-damage|p2a: Mewtwo|110/272|[from] item: Life Orb\n|move|p1a: Lunala|Calm Mind|p1a: Lunala\n|-boost|p1a: Lunala|spa|1\n|-boost|p1a: Lunala|spd|1\n|\n|-heal|p1a: Lunala|273/308|[from] item: Leftovers\n|upkeep\n|turn|39\n|inactive|xanduffy has 90 seconds left.\n|\n|t:|1733882490\n|move|p2a: Mewtwo|Fire Blast|p1a: Lunala\n|-damage|p1a: Lunala|195/308\n|-status|p1a: Lunala|brn\n|-damage|p2a: Mewtwo|83/272|[from] item: Life Orb\n|move|p1a: Lunala|Calm Mind|p1a: Lunala\n|-boost|p1a: Lunala|spa|1\n|-boost|p1a: Lunala|spd|1\n|\n|-heal|p1a: Lunala|214/308 brn|[from] item: Leftovers\n|-damage|p1a: Lunala|195/308 brn|[from] brn\n|upkeep\n|turn|40\n|inactive|xanduffy has 90 seconds left.\n|inactive|lyoGy has 120 seconds left.\n|\n|t:|1733882506\n|move|p2a: Mewtwo|Psystrike|p1a: Lunala\n|-resisted|p1a: Lunala\n|-damage|p1a: Lunala|107/308 brn\n|-damage|p2a: Mewtwo|56/272|[from] item: Life Orb\n|move|p1a: Lunala|Moonlight|p1a: Lunala\n|-heal|p1a: Lunala|261/308 brn\n|\n|-heal|p1a: Lunala|280/308 brn|[from] item: Leftovers\n|-damage|p1a: Lunala|261/308 brn|[from] brn\n|upkeep\n|turn|41\n|inactive|lyoGy has 120 seconds left.\n|\n|t:|1733882518\n|move|p2a: Mewtwo|Psystrike|p1a: Lunala\n|-resisted|p1a: Lunala\n|-damage|p1a: Lunala|174/308 brn\n|-damage|p2a: Mewtwo|29/272|[from] item: Life Orb\n|move|p1a: Lunala|Moonlight|p1a: Lunala\n|-heal|p1a: Lunala|308/308 brn\n|\n|-damage|p1a: Lunala|289/308 brn|[from] brn\n|upkeep\n|turn|42\n|-message|lyoGy forfeited.\n|\n|win|xanduffy\n|raw|xanduffy's rating: 1137 &rarr; <strong>1159</strong><br />(+22 for winning)\n|raw|lyoGy's rating: 1101 &rarr; <strong>1079</strong><br />(-22 for losing)\n|l|\u2606lyoGy\n|player|p2|\n", "inputlog": ">version bfd83cad13791eb5a5a409923076391caf6fb4d4\n>start {\"formatid\":\"gen9randombattle\",\"seed\":[60773,62016,3501,45925],\"rated\":\"Rated battle\"}\n>player p1 {\"name\":\"xanduffy\",\"avatar\":\"2\",\"rating\":1109,\"seed\":[39854,22262,26744,11063]}\n>player p2 {\"name\":\"lyoGy\",\"avatar\":\"dawn-gen4pt\",\"rating\":1101,\"seed\":[51095,45648,32710,47346]}\n>p1 switch 4\n>p2 move auroraveil\n>p1 move ironhead\n>p2 switch 6\n>p1 move ironhead\n>p2 move superpower terastallize\n>p1 switch 3\n>p2 move superpower\n>p1 move shellsmash\n>p2 move taunt\n>p1 move shadowball\n>p2 move substitute\n>p1 move shadowball\n>p2 move playrough\n>p1 move shellsmash\n>p2 move playrough\n>p1 switch 5\n>p1 move hurricane\n>p2 switch 4\n>p1 move thunderbolt\n>p2 move partingshot\n>p2 switch 6\n>p1 move uturn\n>p2 move auroraveil\n>p1 switch 3\n>p1 move ironhead\n>p2 switch 2\n>p1 move earthquake\n>p2 move agility\n>p1 move earthquake\n>p2 move focusblast\n>p2 switch 5\n>p1 switch 4\n>p2 move fireblast\n>p1 move dragondance\n>p2 move psystrike\n>p1 move earthquake\n>p2 move psystrike\n>p1 switch 3\n>p1 move uturn\n>p2 move recover\n>p1 switch 6\n>p1 switch 6\n>p2 switch 2\n>p1 move thunderwave\n>p2 move blizzard\n>p1 move hurricane\n>p2 move freezedry\n>p1 switch 4\n>p1 move ironhead\n>p2 move auroraveil\n>p2 switch 2\n>p1 switch 6\n>p2 move fireblast\n>p1 move curse\n>p2 move recover\n>p1 move wavecrash\n>p2 switch 3\n>p1 switch 6\n>p2 move wish\n>p1 move hypnosis\n>p2 move protect\n>p1 move ironhead\n>p2 switch 4\n>p1 move ironhead\n>p2 move superpower\n>p2 switch 6\n>p1 switch 6\n>p2 move knockoff\n>p1 move wavecrash\n>p2 move gunkshot\n>p2 switch 4\n>p1 move rest\n>p2 move freezedry\n>p1 switch 2\n>p1 switch 6\n>p2 move calmmind\n>p1 move hypnosis\n>p2 move protect\n>p1 move hypnosis\n>p2 move freezedry\n>p1 move ironhead\n>p2 switch 3\n>p1 move ironhead\n>p2 move fireblast\n>p1 switch 6\n>p1 move calmmind\n>p2 move fireblast\n>p1 move calmmind\n>p2 move fireblast\n>p1 move moonlight\n>p2 move psystrike\n>p1 move moonlight\n>p2 move psystrike\n>forcelose p2", "uploadtime": 1733882540, "views": 2, "formatid": "gen9randombattle", "rating": 1079, "private": 0, "password": null}