{"id": "gen9randombattle-2260913193", "format": "[Gen 9] Random Battle", "players": ["moonisded", "Bigmel27"], "log": "|j|\u2606moonisded\n|j|\u2606Bigmel27\n|t:|1733915712\n|gametype|singles\n|player|p1|moonisded|hilbert-wonderlauncher|1145\n|player|p2|Bigmel27|266|1121\n|teamsize|p1|6\n|teamsize|p2|6\n|gen|9\n|tier|[Gen 9] Random Battle\n|rated|\n|rule|Species Clause: Limit one of each Pok\u00e9mon\n|rule|HP Percentage Mod: HP is shown in percentages\n|rule|Sleep Clause Mod: Limit one foe put to sleep\n|rule|Illusion Level Mod: Illusion disguises the Pok\u00e9mon's true level\n|\n|t:|1733915712\n|start\n|switch|p1a: Moltres|Moltres-Galar, L79|271/271\n|switch|p2a: Flareon|Flareon, L90, F|263/263\n|turn|1\n|\n|t:|1733915757\n|move|p1a: Moltres|Nasty Plot|p1a: Moltres\n|-boost|p1a: Moltres|spa|2\n|move|p2a: Flareon|Flare Blitz|p1a: Moltres\n|-damage|p1a: Moltres|72/271\n|-damage|p2a: Flareon|197/263|[from] Recoil\n|-ability|p1a: Moltres|Berserk|boost\n|-boost|p1a: Moltres|spa|1\n|\n|-status|p2a: Flareon|tox|[from] item: Toxic Orb\n|upkeep\n|turn|2\n|\n|t:|1733915769\n|move|p1a: Moltres|Hurricane|p2a: Flareon|[miss]\n|-miss|p1a: Moltres|p2a: Flareon\n|move|p2a: Flareon|Flare Blitz|p1a: Moltres\n|-damage|p1a: Moltres|0 fnt\n|faint|p1a: Moltres\n|-damage|p2a: Flareon|173/263 tox|[from] Recoil\n|\n|-damage|p2a: Flareon|157/263 tox|[from] psn\n|upkeep\n|\n|t:|1733915779\n|switch|p1a: Regirock|Regirock, L83|268/268\n|turn|3\n|\n|t:|1733915795\n|-terastallize|p2a: Flareon|Normal\n|move|p2a: Flareon|Trailblaze|p1a: Regirock\n|-supereffective|p1a: Regirock\n|-damage|p1a: Regirock|192/268\n|-boost|p2a: Flareon|spe|1\n|move|p1a: Regirock|Iron Defense|p1a: Regirock\n|-boost|p1a: Regirock|def|2\n|\n|-heal|p1a: Regirock|208/268|[from] item: Leftovers\n|-damage|p2a: Flareon|125/263 tox|[from] psn\n|upkeep\n|turn|4\n|\n|t:|1733915808\n|move|p2a: Flareon|Trailblaze|p1a: Regirock\n|-supereffective|p1a: Regirock\n|-damage|p1a: Regirock|166/268\n|-boost|p2a: Flareon|spe|1\n|move|p1a: Regirock|Body Press|p2a: Flareon\n|-supereffective|p2a: Flareon\n|-damage|p2a: Flareon|0 fnt\n|faint|p2a: Flareon\n|\n|-heal|p1a: Regirock|182/268|[from] item: Leftovers\n|upkeep\n|\n|t:|1733915848\n|switch|p2a: Mabosstiff|Mabosstiff, L86, F|278/278\n|turn|5\n|\n|t:|1733915858\n|move|p2a: Mabosstiff|Play Rough|p1a: Regirock\n|-damage|p1a: Regirock|148/268\n|move|p1a: Regirock|Body Press|p2a: Mabosstiff\n|-supereffective|p2a: Mabosstiff\n|-damage|p2a: Mabosstiff|0 fnt\n|faint|p2a: Mabosstiff\n|\n|-heal|p1a: Regirock|164/268|[from] item: Leftovers\n|upkeep\n|\n|t:|1733915873\n|switch|p2a: Skarmory|Skarmory, L80, M|235/235\n|turn|6\n|\n|t:|1733915905\n|-terastallize|p1a: Regirock|Fighting\n|move|p2a: Skarmory|Body Press|p1a: Regirock\n|-damage|p1a: Regirock|145/268\n|move|p1a: Regirock|Body Press|p2a: Skarmory\n|-damage|p2a: Skarmory|33/235\n|\n|-heal|p2a: Skarmory|47/235|[from] item: Leftovers\n|-heal|p1a: Regirock|161/268|[from] item: Leftovers\n|upkeep\n|turn|7\n|\n|t:|1733915916\n|move|p2a: Skarmory|Brave Bird|p1a: Regirock\n|-supereffective|p1a: Regirock\n|-damage|p1a: Regirock|107/268\n|-damage|p2a: Skarmory|29/235|[from] Recoil\n|move|p1a: Regirock|Iron Defense|p1a: Regirock\n|-boost|p1a: Regirock|def|2\n|\n|-heal|p2a: Skarmory|43/235|[from] item: Leftovers\n|-heal|p1a: Regirock|123/268|[from] item: Leftovers\n|upkeep\n|turn|8\n|\n|t:|1733915939\n|move|p2a: Skarmory|Brave Bird|p1a: Regirock\n|-supereffective|p1a: Regirock\n|-damage|p1a: Regirock|85/268\n|-damage|p2a: Skarmory|30/235|[from] Recoil\n|move|p1a: Regirock|Body Press|p2a: Skarmory\n|-damage|p2a: Skarmory|0 fnt\n|faint|p2a: Skarmory\n|\n|-heal|p1a: Regirock|101/268|[from] item: Leftovers\n|upkeep\n|\n|t:|1733915962\n|switch|p2a: Lunala|Lunala, L70|308/308\n|turn|9\n|\n|t:|1733915992\n|switch|p1a: Espeon|Espeon, L84, F|246/246\n|move|p2a: Lunala|Moonblast|p1a: Espeon\n|-damage|p1a: Espeon|184/246\n|\n|upkeep\n|turn|10\n|\n|t:|1733916021\n|move|p1a: Espeon|Trick|p2a: Lunala\n|-activate|p1a: Espeon|move: Trick|[of] p2a: Lunala\n|-item|p2a: Lunala|Choice Specs|[from] move: Trick\n|-item|p1a: Espeon|Leftovers|[from] move: Trick\n|move|p2a: Lunala|Moongeist Beam|p1a: Espeon\n|-supereffective|p1a: Espeon\n|-damage|p1a: Espeon|0 fnt\n|faint|p1a: Espeon\n|\n|upkeep\n|\n|t:|1733916039\n|switch|p1a: Scrafty|Scrafty, L84, M|246/246\n|-ability|p1a: Scrafty|Intimidate|boost\n|-unboost|p2a: Lunala|atk|1\n|turn|11\n|\n|t:|1733916046\n|switch|p2a: Probopass|Probopass, L92, M|260/260\n|move|p1a: Scrafty|Dragon Dance|p1a: Scrafty\n|-boost|p1a: Scrafty|atk|1\n|-boost|p1a: Scrafty|spe|1\n|\n|upkeep\n|turn|12\n|\n|t:|1733916054\n|move|p1a: Scrafty|Close Combat|p2a: Probopass\n|-supereffective|p2a: Probopass\n|-damage|p2a: Probopass|0 fnt\n|-unboost|p1a: Scrafty|def|1\n|-unboost|p1a: Scrafty|spd|1\n|faint|p2a: Probopass\n|-damage|p1a: Scrafty|222/246|[from] item: Life Orb\n|\n|upkeep\n|\n|t:|1733916061\n|switch|p2a: Rabsca|Rabsca, L91, M|284/284\n|turn|13\n|\n|t:|1733916069\n|move|p1a: Scrafty|Knock Off|p2a: Rabsca\n|-supereffective|p2a: Rabsca\n|-damage|p2a: Rabsca|0 fnt\n|-enditem|p2a: Rabsca|Heavy-Duty Boots|[from] move: Knock Off|[of] p1a: Scrafty\n|faint|p2a: Rabsca\n|-damage|p1a: Scrafty|198/246|[from] item: Life Orb\n|\n|upkeep\n|\n|t:|1733916071\n|switch|p2a: Lunala|Lunala, L70|308/308\n|turn|14\n|\n|t:|1733916079\n|move|p1a: Scrafty|Knock Off|p2a: Lunala\n|-supereffective|p2a: Lunala\n|-damage|p2a: Lunala|0 fnt\n|-enditem|p2a: Lunala|Choice Specs|[from] move: Knock Off|[of] p1a: Scrafty\n|faint|p2a: Lunala\n|-damage|p1a: Scrafty|174/246|[from] item: Life Orb\n|\n|win|moonisded\n|raw|moonisded's rating: 1145 &rarr; <strong>1168</strong><br />(+23 for winning)\n|raw|Bigmel27's rating: 1121 &rarr; <strong>1098</strong><br />(-23 for losing)\n|l|\u2606Bigmel27\n|player|p2|\n", "inputlog": ">version bfd83cad13791eb5a5a409923076391caf6fb4d4\n>start {\"formatid\":\"gen9randombattle\",\"seed\":[46648,37551,26345,37996],\"rated\":\"Rated battle\"}\n>player p1 {\"name\":\"moonisded\",\"avatar\":\"hilbert-wonderlauncher\",\"rating\":1145,\"seed\":[23925,59900,19139,1145]}\n>player p2 {\"name\":\"Bigmel27\",\"avatar\":\"266\",\"rating\":1121,\"seed\":[4222,18508,37174,9250]}\n>p1 move nastyplot\n>p2 move flareblitz\n>p1 move hurricane\n>p2 move flareblitz\n>p1 switch 3\n>p1 move irondefense\n>p2 move trailblaze terastallize\n>p1 move bodypress\n>p2 move trailblaze\n>p2 switch 4\n>p1 move bodypress\n>p2 move playrough\n>p2 switch 6\n>p1 move bodypress terastallize\n>p2 move bodypress\n>p1 move irondefense\n>p2 move bravebird\n>p1 move bodypress\n>p2 move bravebird\n>p2 switch 3\n>p1 switch 6\n>p2 move moonblast\n>p1 move trick\n>p2 move moongeistbeam\n>p1 switch 4\n>p1 move dragondance\n>p2 switch 5\n>p1 move closecombat\n>p2 move bodypress\n>p2 switch 2\n>p1 move knockoff\n>p2 move bugbuzz\n>p2 switch 5\n>p1 move knockoff\n>p2 move moonblast", "uploadtime": 1733916090, "views": 12, "formatid": "gen9randombattle", "rating": 1098, "private": 0, "password": null}