{"id": "gen9randombattle-2260758994", "format": "[Gen 9] Random Battle", "players": ["djejdejded", "Dhekejwjwwb"], "log": "|j|\u2606djejdejded\n|j|\u2606Dhekejwjwwb\n|t:|1733887890\n|gametype|singles\n|player|p1|djejdejded|265|1022\n|player|p2|Dhekejwjwwb|265|1000\n|teamsize|p1|6\n|teamsize|p2|6\n|gen|9\n|tier|[Gen 9] Random Battle\n|rated|\n|rule|Species Clause: Limit one of each Pok\u00e9mon\n|rule|HP Percentage Mod: HP is shown in percentages\n|rule|Sleep Clause Mod: Limit one foe put to sleep\n|rule|Illusion Level Mod: Illusion disguises the Pok\u00e9mon's true level\n|\n|t:|1733887890\n|start\n|switch|p1a: Cobalion|Cobalion, L80|277/277\n|switch|p2a: Palafin|Palafin, L77, F|281/281\n|turn|1\n|\n|t:|1733887912\n|detailschange|p2a: Palafin|Palafin-Hero, L77, F\n|switch|p2a: Hippowdon|Hippowdon, L82, M|311/311\n|-weather|Sandstorm|[from] ability: Sand Stream|[of] p2a: Hippowdon\n|move|p1a: Cobalion|Body Press|p2a: Hippowdon\n|-damage|p2a: Hippowdon|235/311\n|-damage|p1a: Cobalion|231/277|[from] item: Rocky Helmet|[of] p2a: Hippowdon\n|\n|-weather|Sandstorm|[upkeep]\n|-heal|p1a: Cobalion|248/277|[from] item: Leftovers\n|upkeep\n|turn|2\n|\n|t:|1733887930\n|switch|p1a: Quagsire|Quagsire, L84, F|297/297\n|move|p2a: Hippowdon|Earthquake|p1a: Quagsire\n|-damage|p1a: Quagsire|189/297\n|\n|-weather|Sandstorm|[upkeep]\n|-heal|p1a: Quagsire|207/297|[from] item: Leftovers\n|upkeep\n|turn|3\n|\n|t:|1733887959\n|switch|p2a: Palafin|Palafin-Hero, L77, F|281/281\n|-activate|p2a: Palafin|ability: Zero to Hero\n|move|p1a: Quagsire|Spikes|p2a: Palafin\n|-sidestart|p2: Dhekejwjwwb|Spikes\n|\n|-weather|Sandstorm|[upkeep]\n|-damage|p2a: Palafin|264/281|[from] Sandstorm\n|-heal|p1a: Quagsire|225/297|[from] item: Leftovers\n|upkeep\n|turn|4\n|inactive|Battle timer is ON: inactive players will automatically lose when time's up. (requested by Dhekejwjwwb)\n|\n|t:|1733887970\n|switch|p1a: Masquerain|Masquerain, L87, F|264/264\n|-ability|p1a: Masquerain|Intimidate|boost\n|-unboost|p2a: Palafin|atk|1\n|move|p2a: Palafin|Wave Crash|p1a: Masquerain\n|-damage|p1a: Masquerain|77/264\n|-damage|p2a: Palafin|202/281|[from] Recoil\n|\n|-weather|Sandstorm|[upkeep]\n|-damage|p2a: Palafin|185/281|[from] Sandstorm\n|-damage|p1a: Masquerain|61/264|[from] Sandstorm\n|upkeep\n|turn|5\n|\n|t:|1733887979\n|switch|p1a: Raging Bolt|Raging Bolt, L78|323/323\n|move|p2a: Palafin|Wave Crash|p1a: Raging Bolt\n|-resisted|p1a: Raging Bolt\n|-damage|p1a: Raging Bolt|236/323\n|-damage|p2a: Palafin|156/281|[from] Recoil\n|\n|-weather|none\n|-heal|p1a: Raging Bolt|256/323|[from] item: Leftovers\n|upkeep\n|turn|6\n|\n|t:|1733887988\n|switch|p2a: Hippowdon|Hippowdon, L82, M|235/311\n|-damage|p2a: Hippowdon|197/311|[from] Spikes\n|-weather|Sandstorm|[from] ability: Sand Stream|[of] p2a: Hippowdon\n|move|p1a: Raging Bolt|Dragon Pulse|p2a: Hippowdon\n|-damage|p2a: Hippowdon|73/311\n|\n|-weather|Sandstorm|[upkeep]\n|-damage|p1a: Raging Bolt|236/323|[from] Sandstorm\n|-heal|p1a: Raging Bolt|256/323|[from] item: Leftovers\n|upkeep\n|turn|7\n|\n|t:|1733888001\n|move|p1a: Raging Bolt|Dragon Pulse|p2a: Hippowdon\n|-damage|p2a: Hippowdon|0 fnt\n|faint|p2a: Hippowdon\n|\n|-weather|Sandstorm|[upkeep]\n|-damage|p1a: Raging Bolt|236/323|[from] Sandstorm\n|-heal|p1a: Raging Bolt|256/323|[from] item: Leftovers\n|upkeep\n|inactive|Dhekejwjwwb has 120 seconds left.\n|\n|t:|1733888035\n|switch|p2a: Mudsdale|Mudsdale, L84, M|305/305\n|-damage|p2a: Mudsdale|267/305|[from] Spikes\n|turn|8\n|\n|t:|1733888042\n|-end|p1a: Raging Bolt|Protosynthesis|[silent]\n|switch|p1a: Masquerain|Masquerain, L87, F|61/264\n|-ability|p1a: Masquerain|Intimidate|boost\n|-unboost|p2a: Mudsdale|atk|1\n|move|p2a: Mudsdale|Stealth Rock|p1a: Masquerain\n|-sidestart|p1: djejdejded|move: Stealth Rock\n|\n|-weather|Sandstorm|[upkeep]\n|-damage|p1a: Masquerain|45/264|[from] Sandstorm\n|-heal|p2a: Mudsdale|286/305|[from] item: Leftovers\n|upkeep\n|turn|9\n|\n|t:|1733888055\n|move|p1a: Masquerain|Sticky Web|p2a: Mudsdale\n|-sidestart|p2: Dhekejwjwwb|move: Sticky Web\n|move|p2a: Mudsdale|Heavy Slam|p1a: Masquerain\n|-damage|p1a: Masquerain|0 fnt\n|faint|p1a: Masquerain\n|\n|-weather|Sandstorm|[upkeep]\n|-heal|p2a: Mudsdale|305/305|[from] item: Leftovers\n|upkeep\n|\n|t:|1733888068\n|switch|p1a: Quagsire|Quagsire, L84, F|225/297\n|-damage|p1a: Quagsire|207/297|[from] Stealth Rock\n|turn|10\n|inactive|Dhekejwjwwb has 120 seconds left.\n|\n|t:|1733888091\n|switch|p2a: Rayquaza|Rayquaza, L72|270/270\n|-ability|p2a: Rayquaza|Air Lock\n|move|p1a: Quagsire|Ice Beam|p2a: Rayquaza\n|-supereffective|p2a: Rayquaza\n|-damage|p2a: Rayquaza|70/270\n|\n|-weather|none\n|-heal|p1a: Quagsire|225/297|[from] item: Leftovers\n|upkeep\n|turn|11\n|inactive|Dhekejwjwwb has 120 seconds left.\n|\n|t:|1733888102\n|switch|p1a: Cobalion|Cobalion, L80|248/277\n|-damage|p1a: Cobalion|240/277|[from] Stealth Rock\n|move|p2a: Rayquaza|Dragon Ascent|p1a: Cobalion\n|-damage|p1a: Cobalion|129/277\n|-unboost|p2a: Rayquaza|def|1\n|-unboost|p2a: Rayquaza|spd|1\n|\n|-heal|p1a: Cobalion|146/277|[from] item: Leftovers\n|upkeep\n|turn|12\n|\n|t:|1733888106\n|move|p1a: Cobalion|Stealth Rock|p2a: Rayquaza\n|-sidestart|p2: Dhekejwjwwb|move: Stealth Rock\n|move|p2a: Rayquaza|Earthquake|p1a: Cobalion\n|-supereffective|p1a: Cobalion\n|-damage|p1a: Cobalion|20/277\n|\n|-heal|p1a: Cobalion|37/277|[from] item: Leftovers\n|upkeep\n|turn|13\n|\n|t:|1733888117\n|move|p1a: Cobalion|Iron Head|p2a: Rayquaza\n|-damage|p2a: Rayquaza|0 fnt\n|faint|p2a: Rayquaza\n|\n|-heal|p1a: Cobalion|54/277|[from] item: Leftovers\n|upkeep\n|inactive|Dhekejwjwwb has 120 seconds left.\n|\n|t:|1733888133\n|switch|p2a: Lucario|Lucario, L84, M|255/255\n|-damage|p2a: Lucario|224/255|[from] Spikes\n|-activate|p2a: Lucario|move: Sticky Web\n|-unboost|p2a: Lucario|spe|1\n|-damage|p2a: Lucario|217/255|[from] Stealth Rock\n|turn|14\n|\n|t:|1733888137\n|-terastallize|p2a: Lucario|Normal\n|move|p2a: Lucario|Extreme Speed|p1a: Cobalion\n|-resisted|p1a: Cobalion\n|-damage|p1a: Cobalion|1/277\n|move|p1a: Cobalion|Body Press|p2a: Lucario\n|-supereffective|p2a: Lucario\n|-damage|p2a: Lucario|0 fnt\n|faint|p2a: Lucario\n|\n|-heal|p1a: Cobalion|18/277|[from] item: Leftovers\n|upkeep\n|-message|Dhekejwjwwb forfeited.\n|\n|win|djejdejded\n|raw|djejdejded's rating: 1022 &rarr; <strong>1056</strong><br />(+34 for winning)\n|raw|Dhekejwjwwb's rating: 1000 &rarr; <strong>1000</strong><br />(+0 for losing)\n|l|\u2606Dhekejwjwwb\n|player|p2|\n", "inputlog": ">version bfd83cad13791eb5a5a409923076391caf6fb4d4\n>start {\"formatid\":\"gen9randombattle\",\"seed\":[18982,7057,54205,53459],\"rated\":\"Rated battle\"}\n>player p1 {\"name\":\"djejdejded\",\"avatar\":\"265\",\"rating\":1022,\"seed\":[4815,47156,58463,25036]}\n>player p2 {\"name\":\"Dhekejwjwwb\",\"avatar\":\"265\",\"rating\":1000,\"seed\":[60678,9513,23377,56398]}\n>p1 move bodypress\n>p2 switch 4\n>p1 switch 3\n>p2 move earthquake\n>p1 move spikes\n>p2 switch 4\n>p1 switch 6\n>p2 move wavecrash\n>p1 switch 4\n>p2 move wavecrash\n>p1 move dragonpulse\n>p2 switch 4\n>p1 move dragonpulse\n>p2 move slackoff\n>p2 switch 3\n>p1 switch 4\n>p2 move stealthrock\n>p1 move stickyweb\n>p2 move heavyslam\n>p1 switch 6\n>p1 move icebeam\n>p2 switch 2\n>p1 switch 3\n>p2 move dragonascent\n>p1 move stealthrock\n>p2 move earthquake\n>p1 move ironhead\n>p2 move dragonascent\n>p2 switch 5\n>p1 move bodypress\n>p2 move extremespeed terastallize\n>forcelose p2", "uploadtime": 1733888145, "views": 7, "formatid": "gen9randombattle", "rating": 1000, "private": 0, "password": null}