{"id": "gen9randombattle-2260845015", "format": "[Gen 9] Random Battle", "players": ["eaturmum", "ScicleX"], "log": "|j|\u2606eaturmum\n|j|\u2606ScicleX\n|t:|1733902911\n|gametype|singles\n|player|p1|eaturmum|2|1529\n|player|p2|ScicleX|266|1544\n|teamsize|p1|6\n|teamsize|p2|6\n|gen|9\n|tier|[Gen 9] Random Battle\n|rated|\n|rule|Species Clause: Limit one of each Pok\u00e9mon\n|rule|HP Percentage Mod: HP is shown in percentages\n|rule|Sleep Clause Mod: Limit one foe put to sleep\n|rule|Illusion Level Mod: Illusion disguises the Pok\u00e9mon's true level\n|\n|t:|1733902911\n|start\n|switch|p1a: Oricorio|Oricorio-Pa'u, L87, F|272/272\n|switch|p2a: Duraludon|Duraludon, L82, M|249/249\n|turn|1\n|inactive|Battle timer is ON: inactive players will automatically lose when time's up. (requested by ScicleX)\n|inactive|ScicleX has 120 seconds left.\n|inactive|eaturmum has 120 seconds left.\n|\n|t:|1733902952\n|switch|p1a: Corviknight|Corviknight, L80, M|288/288\n|-ability|p1a: Corviknight|Pressure\n|switch|p2a: Rhyperior|Rhyperior, L82, M|323/323\n|\n|upkeep\n|turn|2\n|inactive|eaturmum has 120 seconds left.\n|\n|t:|1733902993\n|switch|p2a: Miraidon|Miraidon, L65|238/238\n|-fieldstart|move: Electric Terrain|[from] ability: Hadron Engine|[of] p2a: Miraidon\n|move|p1a: Corviknight|Body Press|p2a: Miraidon\n|-damage|p2a: Miraidon|169/238\n|\n|upkeep\n|turn|3\n|\n|t:|1733903013\n|switch|p1a: Toxtricity|Toxtricity, L82, F|257/257\n|move|p2a: Miraidon|Overheat|p1a: Toxtricity\n|-damage|p1a: Toxtricity|87/257\n|-unboost|p2a: Miraidon|spa|2\n|\n|upkeep\n|turn|4\n|\n|t:|1733903022\n|switch|p2a: Venusaur|Venusaur, L84, M|272/272\n|move|p1a: Toxtricity|Boomburst|p2a: Venusaur\n|-damage|p2a: Venusaur|141/272\n|\n|-heal|p2a: Venusaur|158/272|[from] item: Leftovers\n|upkeep\n|turn|5\n|\n|t:|1733903042\n|move|p1a: Toxtricity|Boomburst|p2a: Venusaur\n|-damage|p2a: Venusaur|25/272\n|move|p2a: Venusaur|Synthesis|p2a: Venusaur\n|-heal|p2a: Venusaur|161/272\n|\n|-heal|p2a: Venusaur|178/272|[from] item: Leftovers\n|upkeep\n|turn|6\n|\n|t:|1733903046\n|move|p1a: Toxtricity|Boomburst|p2a: Venusaur\n|-crit|p2a: Venusaur\n|-damage|p2a: Venusaur|0 fnt\n|faint|p2a: Venusaur\n|\n|-fieldend|move: Electric Terrain\n|upkeep\n|c|\u2606ScicleX|FUCK THIS PLATFORM\n|c|\u2606eaturmum|real\n|c|\u2606ScicleX|6 IN A ROW CUZ OF CRITS\n|inactive|ScicleX has 120 seconds left.\n|c|\u2606ScicleX|their Calcs are fucking off, no way the chances are accurate\n|inactive|ScicleX has 90 seconds left.\n|c|\u2606eaturmum|there's anomalies at the ends of the bell curve\n|c|\u2606eaturmum|im sorry but ur the anomaly\n|\n|t:|1733903119\n|switch|p2a: Duraludon|Duraludon, L82, M|249/249\n|turn|7\n|\n|t:|1733903125\n|switch|p1a: Corviknight|Corviknight, L80, M|288/288\n|-ability|p1a: Corviknight|Pressure\n|move|p2a: Duraludon|Iron Defense|p2a: Duraludon\n|-boost|p2a: Duraludon|def|2\n|\n|upkeep\n|turn|8\n|inactive|eaturmum has 120 seconds left.\n|inactive|ScicleX has 90 seconds left.\n|\n|t:|1733903140\n|-terastallize|p2a: Duraludon|Fighting\n|move|p2a: Duraludon|Iron Defense|p2a: Duraludon\n|-boost|p2a: Duraludon|def|2\n|move|p1a: Corviknight|Body Press|p2a: Duraludon\n|-damage|p2a: Duraludon|238/249\n|\n|upkeep\n|turn|9\n|\n|t:|1733903163\n|switch|p1a: Toxtricity|Toxtricity, L82, F|87/257\n|move|p2a: Duraludon|Iron Defense|p2a: Duraludon\n|-boost|p2a: Duraludon|def|2\n|\n|upkeep\n|turn|10\n|\n|t:|1733903179\n|switch|p2a: Rhyperior|Rhyperior, L82, M|323/323\n|move|p1a: Toxtricity|Boomburst|p2a: Rhyperior\n|-resisted|p2a: Rhyperior\n|-damage|p2a: Rhyperior|226/323\n|\n|upkeep\n|turn|11\n|\n|t:|1733903188\n|move|p1a: Toxtricity|Boomburst|p2a: Rhyperior\n|-resisted|p2a: Rhyperior\n|-damage|p2a: Rhyperior|135/323\n|move|p2a: Rhyperior|Stone Edge|p1a: Toxtricity\n|-damage|p1a: Toxtricity|0 fnt\n|faint|p1a: Toxtricity\n|\n|upkeep\n|\n|t:|1733903195\n|switch|p1a: Corviknight|Corviknight, L80, M|288/288\n|-ability|p1a: Corviknight|Pressure\n|turn|12\n|\n|t:|1733903202\n|move|p1a: Corviknight|Body Press|p2a: Rhyperior\n|-supereffective|p2a: Rhyperior\n|-damage|p2a: Rhyperior|75/323\n|-enditem|p2a: Rhyperior|Weakness Policy\n|-boost|p2a: Rhyperior|atk|2|[from] item: Weakness Policy\n|-boost|p2a: Rhyperior|spa|2|[from] item: Weakness Policy\n|move|p2a: Rhyperior|Stone Edge|p1a: Corviknight|[miss]\n|-miss|p2a: Rhyperior|p1a: Corviknight\n|\n|upkeep\n|turn|13\n|\n|t:|1733903210\n|move|p1a: Corviknight|Body Press|p2a: Rhyperior\n|-supereffective|p2a: Rhyperior\n|-damage|p2a: Rhyperior|8/323\n|move|p2a: Rhyperior|Stone Edge|p1a: Corviknight\n|-damage|p1a: Corviknight|62/288\n|\n|-heal|p1a: Corviknight|80/288|[from] item: Leftovers\n|upkeep\n|turn|14\n|c|\u2606ScicleX|bruh\n|inactive|eaturmum has 120 seconds left.\n|inactive|ScicleX has 120 seconds left.\n|\n|t:|1733903217\n|move|p1a: Corviknight|Body Press|p2a: Rhyperior\n|-supereffective|p2a: Rhyperior\n|-damage|p2a: Rhyperior|0 fnt\n|faint|p2a: Rhyperior\n|\n|-heal|p1a: Corviknight|98/288|[from] item: Leftovers\n|upkeep\n|\n|t:|1733903220\n|switch|p2a: Miraidon|Miraidon, L65|169/238\n|-fieldstart|move: Electric Terrain|[from] ability: Hadron Engine|[of] p2a: Miraidon\n|turn|15\n|\n|t:|1733903228\n|move|p2a: Miraidon|Volt Switch|p1a: Corviknight\n|-supereffective|p1a: Corviknight\n|-damage|p1a: Corviknight|0 fnt\n|faint|p1a: Corviknight\n|\n|t:|1733903244\n|switch|p2a: Comfey|Comfey, L85, M|225/225|[from] Volt Switch\n|\n|upkeep\n|inactive|eaturmum has 120 seconds left.\n|\n|t:|1733903271\n|switch|p1a: Ursaring|Ursaring, L84, F|288/288\n|turn|16\n|inactive|eaturmum has 120 seconds left.\n|\n|t:|1733903281\n|switch|p2a: Duraludon|Duraludon, L82, M, tera:Fighting|238/249\n|move|p1a: Ursaring|Body Slam|p2a: Duraludon\n|-damage|p2a: Duraludon|178/249\n|-status|p2a: Duraludon|par\n|\n|upkeep\n|turn|17\n|c|\u2606ScicleX|ofc\n|inactive|eaturmum has 120 seconds left.\n|c|\u2606ScicleX|might as well bet on it\n|c|\u2606eaturmum|lowk ive never met anyone as unlucky as u\n|c|\u2606eaturmum|except aaron zhang\n|\n|t:|1733903303\n|switch|p1a: Oricorio|Oricorio-Pa'u, L87, F|272/272\n|move|p2a: Duraludon|Draco Meteor|p1a: Oricorio\n|-damage|p1a: Oricorio|91/272\n|-unboost|p2a: Duraludon|spa|2\n|\n|upkeep\n|turn|18\n|\n|t:|1733903310\n|switch|p2a: Miraidon|Miraidon, L65|169/238\n|-activate|p2a: Miraidon|ability: Hadron Engine\n|move|p1a: Oricorio|Roost|p1a: Oricorio\n|-heal|p1a: Oricorio|227/272\n|-singleturn|p1a: Oricorio|move: Roost\n|\n|upkeep\n|turn|19\n|\n|t:|1733903319\n|-terastallize|p1a: Oricorio|Ground\n|move|p2a: Miraidon|Electro Drift|p1a: Oricorio\n|-immune|p1a: Oricorio\n|move|p1a: Oricorio|Quiver Dance|p1a: Oricorio\n|-boost|p1a: Oricorio|spa|1\n|-boost|p1a: Oricorio|spd|1\n|-boost|p1a: Oricorio|spe|1\n|\n|-fieldend|move: Electric Terrain\n|upkeep\n|turn|20\n|\n|t:|1733903327\n|switch|p2a: Comfey|Comfey, L85, M|225/225\n|move|p1a: Oricorio|Quiver Dance|p1a: Oricorio\n|-boost|p1a: Oricorio|spa|1\n|-boost|p1a: Oricorio|spd|1\n|-boost|p1a: Oricorio|spe|1\n|\n|upkeep\n|turn|21\n|c|\u2606ScicleX|ofc it's fucking Ground too\n|inactive|eaturmum has 120 seconds left.\n|inactive|eaturmum has 90 seconds left.\n|\n|t:|1733903387\n|move|p1a: Oricorio|Revelation Dance|p2a: Comfey\n|-damage|p2a: Comfey|50/225\n|move|p2a: Comfey|Calm Mind|p2a: Comfey\n|-boost|p2a: Comfey|spa|1\n|-boost|p2a: Comfey|spd|1\n|\n|-heal|p2a: Comfey|64/225|[from] item: Leftovers\n|upkeep\n|turn|22\n|\n|t:|1733903393\n|move|p2a: Comfey|Giga Drain|p1a: Oricorio\n|-supereffective|p1a: Oricorio\n|-damage|p1a: Oricorio|147/272\n|-heal|p2a: Comfey|104/225|[from] drain|[of] p1a: Oricorio\n|move|p1a: Oricorio|Revelation Dance|p2a: Comfey\n|-damage|p2a: Comfey|0 fnt\n|faint|p2a: Comfey\n|\n|upkeep\n|c|\u2606ScicleX|where's my crit\n|\n|t:|1733903416\n|switch|p2a: Duraludon|Duraludon, L82, M, tera:Fighting|178/249 par\n|turn|23\n|\n|t:|1733903425\n|move|p1a: Oricorio|Quiver Dance|p1a: Oricorio\n|-boost|p1a: Oricorio|spa|1\n|-boost|p1a: Oricorio|spd|1\n|-boost|p1a: Oricorio|spe|1\n|move|p2a: Duraludon|Body Press|p1a: Oricorio\n|-damage|p1a: Oricorio|44/272\n|\n|upkeep\n|turn|24\n|\n|t:|1733903431\n|move|p1a: Oricorio|Roost|p1a: Oricorio\n|-heal|p1a: Oricorio|180/272\n|move|p2a: Duraludon|Body Press|p1a: Oricorio\n|-damage|p1a: Oricorio|71/272\n|\n|upkeep\n|turn|25\n|\n|t:|1733903436\n|move|p1a: Oricorio|Roost|p1a: Oricorio\n|-heal|p1a: Oricorio|207/272\n|move|p2a: Duraludon|Body Press|p1a: Oricorio\n|-damage|p1a: Oricorio|95/272\n|\n|upkeep\n|turn|26\n|\n|t:|1733903440\n|move|p1a: Oricorio|Roost|p1a: Oricorio\n|-heal|p1a: Oricorio|231/272\n|move|p2a: Duraludon|Body Press|p1a: Oricorio\n|-damage|p1a: Oricorio|123/272\n|\n|upkeep\n|turn|27\n|\n|t:|1733903445\n|move|p1a: Oricorio|Roost|p1a: Oricorio\n|-heal|p1a: Oricorio|259/272\n|move|p2a: Duraludon|Body Press|p1a: Oricorio\n|-damage|p1a: Oricorio|156/272\n|\n|upkeep\n|turn|28\n|c|\u2606eaturmum|man i really wanted to see u crit\n|c|\u2606eaturmum|im sorry dude\n|\n|t:|1733903458\n|move|p1a: Oricorio|Revelation Dance|p2a: Duraludon\n|-damage|p2a: Duraludon|0 fnt\n|faint|p2a: Duraludon\n|\n|upkeep\n|\n|t:|1733903464\n|switch|p2a: Gurdurr|Gurdurr, L85, M|283/283\n|turn|29\n|\n|t:|1733903480\n|move|p1a: Oricorio|Hurricane|p2a: Gurdurr\n|-supereffective|p2a: Gurdurr\n|-damage|p2a: Gurdurr|0 fnt\n|faint|p2a: Gurdurr\n|\n|upkeep\n|c|\u2606ScicleX|ofc\n|c|\u2606ScicleX|only chance was a miss\n|c|\u2606eaturmum|i am lucky because u are unlucky\n|c|\u2606ScicleX|I get fucking nothing\n|c|\u2606eaturmum|no lowk u get rolled by the rest of my team if it makes u feel better\n|inactive|ScicleX has 120 seconds left.\n|c|\u2606ScicleX|yes, I'm like the opposite of Domino\n|c|\u2606eaturmum|domino exists because of you\n|c|\u2606eaturmum|you have done good in the world\n|c|\u2606eaturmum|there is no domino without ScicleX\n|inactive|ScicleX has 90 seconds left.\n|c|\u2606ScicleX|would've been cool to lose after a hard fought battle, fuck me for even trying\n|c|\u2606eaturmum|sometimes thats how it be\n|\n|t:|1733903550\n|switch|p2a: Miraidon|Miraidon, L65|169/238\n|-fieldstart|move: Electric Terrain|[from] ability: Hadron Engine|[of] p2a: Miraidon\n|turn|30\n|c|\u2606eaturmum|pokemon is a casino\n|\n|t:|1733903557\n|move|p1a: Oricorio|Revelation Dance|p2a: Miraidon\n|-supereffective|p2a: Miraidon\n|-damage|p2a: Miraidon|0 fnt\n|faint|p2a: Miraidon\n|\n|win|eaturmum\n", "inputlog": ">version bfd83cad13791eb5a5a409923076391caf6fb4d4\n>start {\"formatid\":\"gen9randombattle\",\"seed\":[20091,38798,10224,56773],\"rated\":\"Rated battle\"}\n>player p1 {\"name\":\"eaturmum\",\"avatar\":\"2\",\"rating\":1529,\"seed\":[11654,61302,63299,18883]}\n>player p2 {\"name\":\"ScicleX\",\"avatar\":\"266\",\"rating\":1544,\"seed\":[24310,38095,19397,21000]}\n>p1 switch 4\n>p2 switch 3\n>p1 move bodypress\n>p2 switch 2\n>p1 switch 6\n>p2 move overheat\n>p1 move boomburst\n>p2 switch 5\n>p1 move boomburst\n>p2 move synthesis\n>p1 move boomburst\n>p2 move synthesis\n>chat \u2606ScicleX|FUCK THIS PLATFORM\n>chat \u2606eaturmum|real\n>chat \u2606ScicleX|6 IN A ROW CUZ OF CRITS\n>chat \u2606ScicleX|their Calcs are fucking off, no way the chances are accurate\n>chat \u2606eaturmum|there's anomalies at the ends of the bell curve\n>chat \u2606eaturmum|im sorry but ur the anomaly\n>p2 switch 3\n>p1 switch 6\n>p2 move irondefense\n>p1 move bodypress\n>p2 move irondefense terastallize\n>p1 switch 6\n>p2 move irondefense\n>p1 move boomburst\n>p2 switch 2\n>p1 move boomburst\n>p2 move stoneedge\n>p1 switch 6\n>p1 move bodypress\n>p2 move stoneedge\n>p1 move bodypress\n>p2 move stoneedge\n>chat \u2606ScicleX|bruh\n>p1 move bodypress\n>p2 move stoneedge\n>p2 switch 5\n>p1 move roost\n>p2 move voltswitch\n>p2 switch 6\n>p1 switch 2\n>p1 move bodyslam\n>p2 switch 2\n>chat \u2606ScicleX|ofc\n>chat \u2606ScicleX|might as well bet on it\n>chat \u2606eaturmum|lowk ive never met anyone as unlucky as u\n>chat \u2606eaturmum|except aaron zhang\n>p1 switch 4\n>p2 move dracometeor\n>p1 move roost\n>p2 switch 6\n>p1 move quiverdance terastallize\n>p2 move electrodrift\n>p1 move quiverdance\n>p2 switch 2\n>chat \u2606ScicleX|ofc it's fucking Ground too\n>p1 move revelationdance\n>p2 move calmmind\n>p1 move revelationdance\n>p2 move gigadrain\n>chat \u2606ScicleX|where's my crit\n>p2 switch 6\n>p1 move quiverdance\n>p2 move bodypress\n>p1 move roost\n>p2 move bodypress\n>p1 move roost\n>p2 move bodypress\n>p1 move roost\n>p2 move bodypress\n>p1 move roost\n>p2 move bodypress\n>chat \u2606eaturmum|man i really wanted to see u crit\n>chat \u2606eaturmum|im sorry dude\n>p1 move revelationdance\n>p2 move bodypress\n>p2 switch 4\n>p1 move hurricane\n>p2 move drainpunch\n>chat \u2606ScicleX|ofc\n>chat \u2606ScicleX|only chance was a miss\n>chat \u2606eaturmum|i am lucky because u are unlucky\n>chat \u2606ScicleX|I get fucking nothing\n>chat \u2606eaturmum|no lowk u get rolled by the rest of my team if it makes u feel better\n>chat \u2606ScicleX|yes, I'm like the opposite of Domino\n>chat \u2606eaturmum|domino exists because of you\n>chat \u2606eaturmum|you have done good in the world\n>chat \u2606eaturmum|there is no domino without ScicleX\n>chat \u2606ScicleX|would've been cool to lose after a hard fought battle, fuck me for even trying\n>chat \u2606eaturmum|sometimes thats how it be\n>p2 switch 2\n>chat \u2606eaturmum|pokemon is a casino\n>p1 move revelationdance\n>p2 move dracometeor", "uploadtime": 1733903058, "views": 1, "formatid": "gen9randombattle", "rating": null, "private": 0, "password": null}