{"id": "gen9randombattle-2259921287", "format": "[Gen 9] Random Battle", "players": ["Hax2003", "luzrod7"], "log": "|j|\u2606Hax2003\n|j|\u2606luzrod7\n|t:|1733780168\n|gametype|singles\n|player|p1|Hax2003|byron|1547\n|player|p2|luzrod7|169|1494\n|teamsize|p1|6\n|teamsize|p2|6\n|gen|9\n|tier|[Gen 9] Random Battle\n|rated|\n|rule|Species Clause: Limit one of each Pok\u00e9mon\n|rule|HP Percentage Mod: HP is shown in percentages\n|rule|Sleep Clause Mod: Limit one foe put to sleep\n|rule|Illusion Level Mod: Illusion disguises the Pok\u00e9mon's true level\n|\n|t:|1733780168\n|start\n|switch|p1a: Volcarona|Volcarona, L77, M|257/257\n|switch|p2a: Tauros|Tauros-Paldea-Aqua, L81, M|252/252\n|turn|1\n|\n|t:|1733780182\n|switch|p1a: Venusaur|Venusaur, L84, F|272/272\n|move|p2a: Tauros|Substitute|p2a: Tauros\n|-start|p2a: Tauros|Substitute\n|-damage|p2a: Tauros|189/252\n|\n|upkeep\n|turn|2\n|inactive|Battle timer is ON: inactive players will automatically lose when time's up. (requested by Hax2003)\n|\n|t:|1733780200\n|switch|p2a: Overqwil|Overqwil, L82, F|274/274\n|-ability|p2a: Overqwil|Intimidate|boost\n|-unboost|p1a: Venusaur|atk|1\n|move|p1a: Venusaur|Synthesis|p1a: Venusaur\n|-fail|p1a: Venusaur|heal\n|\n|upkeep\n|turn|3\n|\n|t:|1733780209\n|switch|p1a: Excadrill|Excadrill, L79, F|303/303\n|-ability|p1a: Excadrill|Mold Breaker\n|move|p2a: Overqwil|Gunk Shot|p1a: Excadrill\n|-immune|p1a: Excadrill\n|\n|upkeep\n|turn|4\n|\n|t:|1733780224\n|switch|p2a: Tauros|Tauros-Paldea-Aqua, L81, M|189/252\n|move|p1a: Excadrill|Rapid Spin|p2a: Tauros\n|-damage|p2a: Tauros|148/252\n|-boost|p1a: Excadrill|spe|1\n|\n|upkeep\n|turn|5\n|\n|t:|1733780242\n|move|p1a: Excadrill|Earthquake|p2a: Tauros\n|-damage|p2a: Tauros|37/252\n|-enditem|p2a: Tauros|Sitrus Berry|[eat]\n|-heal|p2a: Tauros|100/252|[from] item: Sitrus Berry\n|move|p2a: Tauros|Close Combat|p1a: Excadrill\n|-supereffective|p1a: Excadrill\n|-damage|p1a: Excadrill|0 fnt\n|-unboost|p2a: Tauros|def|1\n|-unboost|p2a: Tauros|spd|1\n|faint|p1a: Excadrill\n|\n|upkeep\n|\n|t:|1733780250\n|switch|p1a: Weavile|Weavile, L79, M|239/239\n|turn|6\n|\n|t:|1733780264\n|switch|p2a: Overqwil|Overqwil, L82, F|274/274\n|-ability|p2a: Overqwil|Intimidate|boost\n|-unboost|p1a: Weavile|atk|1\n|move|p1a: Weavile|Triple Axel|p2a: Overqwil\n|-damage|p2a: Overqwil|250/274\n|-damage|p2a: Overqwil|204/274\n|-damage|p2a: Overqwil|137/274\n|-hitcount|p2a: Overqwil|3\n|\n|upkeep\n|turn|7\n|\n|t:|1733780287\n|move|p1a: Weavile|Triple Axel|p2a: Overqwil\n|-damage|p2a: Overqwil|113/274\n|-damage|p2a: Overqwil|67/274\n|-damage|p2a: Overqwil|3/274\n|-hitcount|p2a: Overqwil|3\n|move|p2a: Overqwil|Gunk Shot|p1a: Weavile|[miss]\n|-miss|p2a: Overqwil|p1a: Weavile\n|\n|upkeep\n|turn|8\n|\n|t:|1733780295\n|move|p1a: Weavile|Triple Axel|p2a: Overqwil\n|-damage|p2a: Overqwil|0 fnt\n|faint|p2a: Overqwil\n|-hitcount|p2: Overqwil|1\n|\n|upkeep\n|\n|t:|1733780305\n|switch|p2a: Slaking|Slaking, L84, F|389/389\n|turn|9\n|\n|t:|1733780316\n|switch|p1a: Lycanroc|Lycanroc, L86, F|269/269\n|move|p2a: Slaking|Double-Edge|p1a: Lycanroc\n|-resisted|p1a: Lycanroc\n|-damage|p1a: Lycanroc|160/269\n|-damage|p2a: Slaking|353/389|[from] Recoil\n|\n|upkeep\n|turn|10\n|\n|t:|1733780328\n|switch|p2a: Tauros|Tauros-Paldea-Aqua, L81, M|100/252\n|move|p1a: Lycanroc|Stealth Rock|p2a: Tauros\n|-sidestart|p2: luzrod7|move: Stealth Rock\n|\n|upkeep\n|turn|11\n|\n|t:|1733780339\n|-terastallize|p1a: Lycanroc|Fighting\n|move|p1a: Lycanroc|Close Combat|p2a: Tauros\n|-damage|p2a: Tauros|0 fnt\n|-unboost|p1a: Lycanroc|def|1\n|-unboost|p1a: Lycanroc|spd|1\n|faint|p2a: Tauros\n|-damage|p1a: Lycanroc|134/269|[from] item: Life Orb\n|\n|upkeep\n|\n|t:|1733780346\n|switch|p2a: Slaking|Slaking, L84, F|353/389\n|-damage|p2a: Slaking|305/389|[from] Stealth Rock\n|turn|12\n|\n|t:|1733780351\n|move|p2a: Slaking|Double-Edge|p1a: Lycanroc\n|-damage|p1a: Lycanroc|0 fnt\n|faint|p1a: Lycanroc\n|-damage|p2a: Slaking|261/389|[from] Recoil\n|\n|upkeep\n|\n|t:|1733780358\n|switch|p1a: Volcarona|Volcarona, L77, M|257/257\n|turn|13\n|\n|t:|1733780369\n|switch|p2a: Altaria|Altaria, L88, M|275/275\n|move|p1a: Volcarona|Quiver Dance|p1a: Volcarona\n|-boost|p1a: Volcarona|spa|1\n|-boost|p1a: Volcarona|spd|1\n|-boost|p1a: Volcarona|spe|1\n|\n|upkeep\n|turn|14\n|\n|t:|1733780375\n|move|p1a: Volcarona|Fiery Dance|p2a: Altaria\n|-resisted|p2a: Altaria\n|-damage|p2a: Altaria|214/275\n|move|p2a: Altaria|Brave Bird|p1a: Volcarona\n|-supereffective|p1a: Volcarona\n|-damage|p1a: Volcarona|0 fnt\n|faint|p1a: Volcarona\n|-damage|p2a: Altaria|129/275|[from] Recoil\n|\n|upkeep\n|\n|t:|1733780381\n|switch|p1a: Weavile|Weavile, L79, M|239/239\n|turn|15\n|\n|t:|1733780387\n|move|p1a: Weavile|Triple Axel|p2a: Altaria\n|-supereffective|p2a: Altaria\n|-damage|p2a: Altaria|0 fnt\n|faint|p2a: Altaria\n|-hitcount|p2: Altaria|1\n|\n|upkeep\n|\n|t:|1733780391\n|switch|p2a: Slaking|Slaking, L84, F|261/389\n|-damage|p2a: Slaking|213/389|[from] Stealth Rock\n|turn|16\n|\n|t:|1733780396\n|switch|p1a: Munkidori|Munkidori, L79, M|269/269\n|move|p2a: Slaking|Double-Edge|p1a: Munkidori\n|-damage|p1a: Munkidori|31/269\n|-damage|p2a: Slaking|134/389|[from] Recoil\n|\n|upkeep\n|turn|17\n|\n|t:|1733780405\n|switch|p2a: Magnezone|Magnezone, L85|258/258\n|-damage|p2a: Magnezone|242/258|[from] Stealth Rock\n|move|p1a: Munkidori|Sludge Wave|p2a: Magnezone\n|-immune|p2a: Magnezone\n|\n|upkeep\n|turn|18\n|\n|t:|1733780423\n|move|p1a: Munkidori|U-turn|p2a: Magnezone\n|-resisted|p2a: Magnezone\n|-damage|p2a: Magnezone|226/258\n|\n|t:|1733780425\n|switch|p1a: Venusaur|Venusaur, L84, F|272/272|[from] U-turn\n|move|p2a: Magnezone|Volt Switch|p1a: Venusaur\n|-resisted|p1a: Venusaur\n|-damage|p1a: Venusaur|212/272\n|\n|t:|1733780435\n|switch|p2a: Vigoroth|Vigoroth, L85, M|275/275|[from] Volt Switch\n|-damage|p2a: Vigoroth|241/275|[from] Stealth Rock\n|\n|-heal|p1a: Venusaur|229/272|[from] item: Leftovers\n|upkeep\n|turn|19\n|\n|t:|1733780450\n|move|p2a: Vigoroth|Knock Off|p1a: Venusaur\n|-damage|p1a: Venusaur|168/272\n|-enditem|p1a: Venusaur|Leftovers|[from] move: Knock Off|[of] p2a: Vigoroth\n|move|p1a: Venusaur|Sludge Bomb|p2a: Vigoroth\n|-damage|p2a: Vigoroth|159/275\n|\n|upkeep\n|turn|20\n|\n|t:|1733780455\n|move|p2a: Vigoroth|Body Slam|p1a: Venusaur\n|-damage|p1a: Venusaur|86/272\n|move|p1a: Venusaur|Synthesis|p1a: Venusaur\n|-heal|p1a: Venusaur|222/272\n|\n|upkeep\n|turn|21\n|\n|t:|1733780459\n|switch|p1a: Munkidori|Munkidori, L79, M|31/269\n|move|p2a: Vigoroth|Bulk Up|p2a: Vigoroth\n|-boost|p2a: Vigoroth|atk|1\n|-boost|p2a: Vigoroth|def|1\n|\n|upkeep\n|turn|22\n|\n|t:|1733780464\n|move|p1a: Munkidori|Sludge Wave|p2a: Vigoroth\n|-damage|p2a: Vigoroth|48/275\n|move|p2a: Vigoroth|Body Slam|p1a: Munkidori\n|-damage|p1a: Munkidori|0 fnt\n|faint|p1a: Munkidori\n|\n|upkeep\n|\n|t:|1733780468\n|switch|p1a: Weavile|Weavile, L79, M|239/239\n|turn|23\n|\n|t:|1733780472\n|move|p1a: Weavile|Knock Off|p2a: Vigoroth\n|-damage|p2a: Vigoroth|0 fnt\n|-enditem|p2a: Vigoroth|Eviolite|[from] move: Knock Off|[of] p1a: Weavile\n|faint|p2a: Vigoroth\n|\n|upkeep\n|\n|t:|1733780477\n|switch|p2a: Slaking|Slaking, L84, F|134/389\n|-damage|p2a: Slaking|86/389|[from] Stealth Rock\n|turn|24\n|\n|t:|1733780502\n|move|p2a: Slaking|Double-Edge|p1a: Weavile\n|-damage|p1a: Weavile|0 fnt\n|faint|p1a: Weavile\n|-damage|p2a: Slaking|7/389|[from] Recoil\n|\n|upkeep\n|inactive|Hax2003 has 120 seconds left.\n|\n|t:|1733780534\n|switch|p1a: Venusaur|Venusaur, L84, F|222/272\n|turn|25\n|\n|t:|1733780539\n|cant|p2a: Slaking|ability: Truant\n|move|p1a: Venusaur|Earth Power|p2a: Slaking\n|-damage|p2a: Slaking|0 fnt\n|faint|p2a: Slaking\n|\n|upkeep\n|\n|t:|1733780542\n|switch|p2a: Magnezone|Magnezone, L85|226/258\n|-damage|p2a: Magnezone|210/258|[from] Stealth Rock\n|turn|26\n|\n|t:|1733780559\n|-terastallize|p2a: Magnezone|Water\n|move|p1a: Venusaur|Earth Power|p2a: Magnezone\n|-crit|p2a: Magnezone\n|-damage|p2a: Magnezone|143/258\n|move|p2a: Magnezone|Mirror Coat|p1a: Venusaur\n|-damage|p1a: Venusaur|88/272\n|\n|upkeep\n|turn|27\n|\n|t:|1733780568\n|move|p1a: Venusaur|Synthesis|p1a: Venusaur\n|-heal|p1a: Venusaur|224/272\n|move|p2a: Magnezone|Mirror Coat||[still]\n|-fail|p2a: Magnezone\n|\n|upkeep\n|turn|28\n|\n|t:|1733780574\n|move|p1a: Venusaur|Knock Off|p2a: Magnezone\n|-damage|p2a: Magnezone|97/258\n|-enditem|p2a: Magnezone|Assault Vest|[from] move: Knock Off|[of] p1a: Venusaur\n|move|p2a: Magnezone|Discharge|p1a: Venusaur\n|-resisted|p1a: Venusaur\n|-damage|p1a: Venusaur|154/272\n|-status|p1a: Venusaur|par\n|\n|upkeep\n|turn|29\n|\n|t:|1733780584\n|move|p2a: Magnezone|Discharge|p1a: Venusaur\n|-resisted|p1a: Venusaur\n|-damage|p1a: Venusaur|103/272 par\n|move|p1a: Venusaur|Sludge Bomb|p2a: Magnezone\n|-damage|p2a: Magnezone|7/258\n|\n|upkeep\n|turn|30\n|\n|t:|1733780591\n|move|p2a: Magnezone|Discharge|p1a: Venusaur\n|-resisted|p1a: Venusaur\n|-damage|p1a: Venusaur|53/272 par\n|cant|p1a: Venusaur|par\n|\n|upkeep\n|turn|31\n|\n|t:|1733780597\n|move|p2a: Magnezone|Discharge|p1a: Venusaur\n|-resisted|p1a: Venusaur\n|-damage|p1a: Venusaur|7/272 par\n|move|p1a: Venusaur|Knock Off|p2a: Magnezone\n|-damage|p2a: Magnezone|0 fnt\n|faint|p2a: Magnezone\n|\n|win|Hax2003\n|raw|Hax2003's rating: 1547 &rarr; <strong>1564</strong><br />(+17 for winning)\n|raw|luzrod7's rating: 1494 &rarr; <strong>1477</strong><br />(-17 for losing)\n|c|\u2606Hax2003|Clutch\n|c|\u2606luzrod7|gg\n", "inputlog": ">version bfd83cad13791eb5a5a409923076391caf6fb4d4\n>start {\"formatid\":\"gen9randombattle\",\"seed\":[17590,14718,61416,27800],\"rated\":\"Rated battle\"}\n>player p1 {\"name\":\"Hax2003\",\"avatar\":\"byron\",\"rating\":1547,\"seed\":[2196,60882,23072,56717]}\n>player p2 {\"name\":\"luzrod7\",\"avatar\":\"169\",\"rating\":1494,\"seed\":[42740,30914,24883,61041]}\n>p1 switch 6\n>p2 move substitute\n>p1 move synthesis\n>p2 switch 2\n>p1 switch 3\n>p2 move gunkshot\n>p1 move rapidspin\n>p2 switch 2\n>p1 move earthquake\n>p2 move closecombat\n>p1 switch 5\n>p1 move tripleaxel\n>p2 switch 2\n>p1 move tripleaxel\n>p2 move gunkshot\n>p1 move tripleaxel\n>p2 move gunkshot\n>p2 switch 5\n>p1 switch 2\n>p2 move doubleedge\n>p1 move stealthrock\n>p2 switch 2\n>p1 move closecombat terastallize\n>p2 move liquidation\n>p2 switch 2\n>p1 move closecombat\n>p2 move doubleedge\n>p1 switch 6\n>p1 move quiverdance\n>p2 switch 4\n>p1 move fierydance\n>p2 move bravebird\n>p1 switch 2\n>p1 move tripleaxel\n>p2 move willowisp\n>p2 switch 4\n>p1 switch 4\n>p2 move doubleedge\n>p1 move sludgewave\n>p2 switch 6\n>p1 move uturn\n>p2 move voltswitch\n>p1 switch 3\n>p2 switch 3\n>p1 move sludgebomb\n>p2 move knockoff\n>p1 move synthesis\n>p2 move bodyslam\n>p1 switch 3\n>p2 move bulkup\n>p1 move sludgewave\n>p2 move bodyslam\n>p1 switch 4\n>p1 move knockoff\n>p2 move bodyslam\n>p2 switch 6\n>p1 move knockoff\n>p2 move doubleedge\n>p1 switch 3\n>p1 move earthpower\n>p2 move doubleedge\n>p2 switch 3\n>p1 move earthpower\n>p2 move mirrorcoat terastallize\n>p1 move synthesis\n>p2 move mirrorcoat\n>p1 move knockoff\n>p2 move discharge\n>p1 move sludgebomb\n>p2 move discharge\n>p1 move synthesis\n>p2 move discharge\n>p1 move knockoff\n>p2 move discharge", "uploadtime": 1733780604, "views": 1, "formatid": "gen9randombattle", "rating": 1477, "private": 0, "password": null}