{"id": "gen9randombattle-2260572130", "format": "[Gen 9] Random Battle", "players": ["kupchun", "espeonagee"], "log": "|j|\u2606kupchun\n|j|\u2606espeonagee\n|t:|1733864839\n|gametype|singles\n|player|p1|kupchun|101|2149\n|player|p2|espeonagee|101|2141\n|teamsize|p1|6\n|teamsize|p2|6\n|gen|9\n|tier|[Gen 9] Random Battle\n|rated|\n|rule|Species Clause: Limit one of each Pok\u00e9mon\n|rule|HP Percentage Mod: HP is shown in percentages\n|rule|Sleep Clause Mod: Limit one foe put to sleep\n|rule|Illusion Level Mod: Illusion disguises the Pok\u00e9mon's true level\n|\n|t:|1733864839\n|start\n|switch|p1a: Arbok|Arbok, L87, F|246/246\n|switch|p2a: Regieleki|Regieleki, L79|256/256\n|-ability|p1a: Arbok|Intimidate|boost\n|-unboost|p2a: Regieleki|atk|1\n|turn|1\n|\n|t:|1733864850\n|move|p2a: Regieleki|Volt Switch|p1a: Arbok\n|-damage|p1a: Arbok|143/246\n|\n|t:|1733864852\n|switch|p2a: Corviknight|Corviknight, L80, M|288/288|[from] Volt Switch\n|move|p1a: Arbok|Gunk Shot|p2a: Corviknight\n|-immune|p2a: Corviknight\n|\n|-heal|p1a: Arbok|158/246|[from] item: Leftovers\n|upkeep\n|turn|2\n|\n|t:|1733864857\n|switch|p1a: Dedenne|Dedenne, L88, F|261/261\n|move|p2a: Corviknight|Brave Bird|p1a: Dedenne\n|-resisted|p1a: Dedenne\n|-damage|p1a: Dedenne|194/261\n|-damage|p2a: Corviknight|266/288|[from] Recoil\n|\n|upkeep\n|turn|3\n|\n|t:|1733864868\n|switch|p2a: Dudunsparce|Dudunsparce-Three-Segment, L83, F|343/343\n|move|p1a: Dedenne|Super Fang|p2a: Dudunsparce\n|-damage|p2a: Dudunsparce|172/343\n|\n|-heal|p2a: Dudunsparce|193/343|[from] item: Leftovers\n|upkeep\n|turn|4\n|\n|t:|1733864874\n|move|p1a: Dedenne|U-turn|p2a: Dudunsparce\n|-damage|p2a: Dudunsparce|154/343\n|-ability|p2a: Dudunsparce|Rattled|boost\n|-boost|p2a: Dudunsparce|spe|1\n|\n|t:|1733864883\n|switch|p1a: Toucannon|Toucannon, L88, F|284/284|[from] U-turn\n|move|p2a: Dudunsparce|Earth Power|p1a: Toucannon\n|-immune|p1a: Toucannon\n|\n|-heal|p2a: Dudunsparce|175/343|[from] item: Leftovers\n|upkeep\n|turn|5\n|\n|t:|1733864889\n|-singleturn|p1a: Toucannon|move: Beak Blast\n|move|p2a: Dudunsparce|Roost|p2a: Dudunsparce\n|-heal|p2a: Dudunsparce|343/343\n|-singleturn|p2a: Dudunsparce|move: Roost\n|move|p1a: Toucannon|Beak Blast|p2a: Dudunsparce\n|-damage|p2a: Dudunsparce|186/343\n|\n|-heal|p2a: Dudunsparce|207/343|[from] item: Leftovers\n|upkeep\n|turn|6\n|\n|t:|1733864903\n|switch|p1a: Grumpig|Grumpig, L92, F|297/297\n|move|p2a: Dudunsparce|Calm Mind|p2a: Dudunsparce\n|-boost|p2a: Dudunsparce|spa|1\n|-boost|p2a: Dudunsparce|spd|1\n|\n|-heal|p2a: Dudunsparce|228/343|[from] item: Leftovers\n|upkeep\n|turn|7\n|\n|t:|1733864910\n|move|p1a: Grumpig|Trick|p2a: Dudunsparce\n|-activate|p1a: Grumpig|move: Trick|[of] p2a: Dudunsparce\n|-item|p2a: Dudunsparce|Choice Scarf|[from] move: Trick\n|-item|p1a: Grumpig|Leftovers|[from] move: Trick\n|move|p2a: Dudunsparce|Boomburst|p1a: Grumpig\n|-damage|p1a: Grumpig|158/297\n|\n|-heal|p1a: Grumpig|176/297|[from] item: Leftovers\n|upkeep\n|turn|8\n|\n|t:|1733864918\n|move|p2a: Dudunsparce|Boomburst|p1a: Grumpig\n|-damage|p1a: Grumpig|37/297\n|move|p1a: Grumpig|Focus Blast|p2a: Dudunsparce\n|-supereffective|p2a: Dudunsparce\n|-crit|p2a: Dudunsparce\n|-damage|p2a: Dudunsparce|0 fnt\n|faint|p2a: Dudunsparce\n|\n|-heal|p1a: Grumpig|55/297|[from] item: Leftovers\n|upkeep\n|\n|t:|1733864930\n|switch|p2a: Regieleki|Regieleki, L79|256/256\n|turn|9\n|\n|t:|1733864934\n|move|p2a: Regieleki|Volt Switch|p1a: Grumpig\n|-damage|p1a: Grumpig|0 fnt\n|faint|p1a: Grumpig\n|\n|t:|1733864942\n|switch|p2a: Haxorus|Haxorus, L77, F|244/244|[from] Volt Switch\n|-ability|p2a: Haxorus|Mold Breaker\n|\n|upkeep\n|\n|t:|1733864951\n|switch|p1a: Toucannon|Toucannon, L88, F|284/284\n|turn|10\n|\n|t:|1733864957\n|switch|p2a: Registeel|Registeel, L81|262/262\n|-singleturn|p1a: Toucannon|move: Beak Blast\n|move|p1a: Toucannon|Beak Blast|p2a: Registeel\n|-resisted|p2a: Registeel\n|-damage|p2a: Registeel|220/262\n|\n|-heal|p2a: Registeel|236/262|[from] item: Leftovers\n|upkeep\n|turn|11\n|\n|t:|1733864964\n|move|p1a: Toucannon|U-turn|p2a: Registeel\n|-resisted|p2a: Registeel\n|-damage|p2a: Registeel|214/262\n|\n|t:|1733864966\n|switch|p1a: Dedenne|Dedenne, L88, F|194/261|[from] U-turn\n|move|p2a: Registeel|Thunder Wave|p1a: Dedenne\n|-immune|p1a: Dedenne\n|\n|-heal|p2a: Registeel|230/262|[from] item: Leftovers\n|upkeep\n|turn|12\n|\n|t:|1733864973\n|move|p1a: Dedenne|Super Fang|p2a: Registeel\n|-damage|p2a: Registeel|115/262\n|move|p2a: Registeel|Iron Defense|p2a: Registeel\n|-boost|p2a: Registeel|def|2\n|\n|-heal|p2a: Registeel|131/262|[from] item: Leftovers\n|upkeep\n|turn|13\n|\n|t:|1733864977\n|move|p1a: Dedenne|Thunderbolt|p2a: Registeel\n|-damage|p2a: Registeel|70/262\n|move|p2a: Registeel|Body Press|p1a: Dedenne\n|-resisted|p1a: Dedenne\n|-damage|p1a: Dedenne|89/261\n|-enditem|p1a: Dedenne|Sitrus Berry|[eat]\n|-heal|p1a: Dedenne|154/261|[from] item: Sitrus Berry\n|-heal|p1a: Dedenne|241/261|[from] ability: Cheek Pouch\n|\n|-heal|p2a: Registeel|86/262|[from] item: Leftovers\n|upkeep\n|turn|14\n|\n|t:|1733864986\n|move|p1a: Dedenne|Thunderbolt|p2a: Registeel\n|-damage|p2a: Registeel|22/262\n|move|p2a: Registeel|Body Press|p1a: Dedenne\n|-resisted|p1a: Dedenne\n|-damage|p1a: Dedenne|139/261\n|\n|-heal|p2a: Registeel|38/262|[from] item: Leftovers\n|upkeep\n|turn|15\n|\n|t:|1733864998\n|switch|p2a: Haxorus|Haxorus, L77, F|244/244\n|-ability|p2a: Haxorus|Mold Breaker\n|move|p1a: Dedenne|Thunderbolt|p2a: Haxorus\n|-resisted|p2a: Haxorus\n|-damage|p2a: Haxorus|181/244\n|\n|upkeep\n|turn|16\n|\n|t:|1733865002\n|move|p1a: Dedenne|Super Fang|p2a: Haxorus\n|-damage|p2a: Haxorus|91/244\n|move|p2a: Haxorus|Earthquake|p1a: Dedenne\n|-supereffective|p1a: Dedenne\n|-damage|p1a: Dedenne|0 fnt\n|faint|p1a: Dedenne\n|\n|upkeep\n|\n|t:|1733865014\n|switch|p1a: Toucannon|Toucannon, L88, F|284/284\n|turn|17\n|\n|t:|1733865024\n|switch|p2a: Regieleki|Regieleki, L79|256/256\n|move|p1a: Toucannon|Boomburst|p2a: Regieleki\n|-crit|p2a: Regieleki\n|-damage|p2a: Regieleki|0 fnt\n|faint|p2a: Regieleki\n|\n|upkeep\n|\n|t:|1733865030\n|switch|p2a: Toucannon|Toucannon, L88, M|284/284\n|turn|18\n|\n|t:|1733865037\n|move|p2a: Toucannon|Boomburst|p1a: Toucannon\n|-damage|p1a: Toucannon|130/284\n|move|p1a: Toucannon|Boomburst|p2a: Toucannon\n|-damage|p2a: Toucannon|127/284\n|\n|upkeep\n|turn|19\n|\n|t:|1733865043\n|move|p2a: Toucannon|Boomburst|p1a: Toucannon\n|-crit|p1a: Toucannon\n|-damage|p1a: Toucannon|0 fnt\n|faint|p1a: Toucannon\n|\n|upkeep\n|\n|t:|1733865047\n|switch|p1a: Infernape|Infernape, L82, F|259/259\n|turn|20\n|\n|t:|1733865053\n|-singleturn|p2a: Toucannon|move: Beak Blast\n|move|p1a: Infernape|Close Combat|p2a: Toucannon\n|-damage|p2a: Toucannon|0 fnt\n|-unboost|p1a: Infernape|def|1\n|-unboost|p1a: Infernape|spd|1\n|faint|p2a: Toucannon\n|-damage|p1a: Infernape|234/259|[from] item: Life Orb\n|\n|upkeep\n|\n|t:|1733865071\n|switch|p2a: Corviknight|Corviknight, L80, M|266/288\n|turn|21\n|\n|t:|1733865079\n|switch|p1a: Arbok|Arbok, L87, F|158/246\n|-ability|p1a: Arbok|Intimidate|boost\n|-ability|p2a: Corviknight|Mirror Armor\n|-unboost|p1a: Arbok|atk|1\n|-terastallize|p2a: Corviknight|Dragon\n|move|p2a: Corviknight|Brave Bird|p1a: Arbok\n|-damage|p1a: Arbok|34/246\n|-damage|p2a: Corviknight|225/288|[from] Recoil\n|\n|-heal|p1a: Arbok|49/246|[from] item: Leftovers\n|upkeep\n|turn|22\n|\n|t:|1733865090\n|switch|p2a: Registeel|Registeel, L81|38/262\n|move|p1a: Arbok|Gunk Shot|p2a: Registeel\n|-immune|p2a: Registeel\n|\n|-heal|p1a: Arbok|64/246|[from] item: Leftovers\n|-heal|p2a: Registeel|54/262|[from] item: Leftovers\n|upkeep\n|turn|23\n|\n|t:|1733865097\n|move|p1a: Arbok|Earthquake|p2a: Registeel\n|-supereffective|p2a: Registeel\n|-damage|p2a: Registeel|0 fnt\n|faint|p2a: Registeel\n|\n|-heal|p1a: Arbok|79/246|[from] item: Leftovers\n|upkeep\n|\n|t:|1733865099\n|switch|p2a: Haxorus|Haxorus, L77, F|91/244\n|-ability|p2a: Haxorus|Mold Breaker\n|turn|24\n|\n|t:|1733865106\n|move|p2a: Haxorus|Scale Shot|p1a: Arbok\n|-crit|p1a: Arbok\n|-damage|p1a: Arbok|22/246\n|-damage|p1a: Arbok|0 fnt\n|faint|p1a: Arbok\n|-hitcount|p1: Arbok|2\n|-unboost|p2a: Haxorus|def|1\n|-boost|p2a: Haxorus|spe|1\n|\n|upkeep\n|\n|t:|1733865109\n|switch|p1a: Cacturne|Cacturne, L92, M|278/278\n|turn|25\n|\n|t:|1733865119\n|move|p1a: Cacturne|Sucker Punch|p2a: Haxorus\n|-damage|p2a: Haxorus|0 fnt\n|faint|p2a: Haxorus\n|-damage|p1a: Cacturne|251/278|[from] item: Life Orb\n|\n|upkeep\n|\n|t:|1733865121\n|switch|p2a: Corviknight|Corviknight, L80, M, tera:Dragon|225/288\n|turn|26\n|\n|t:|1733865126\n|move|p1a: Cacturne|Drain Punch|p2a: Corviknight\n|-damage|p2a: Corviknight|139/288\n|-heal|p1a: Cacturne|278/278|[from] drain|[of] p2a: Corviknight\n|-damage|p1a: Cacturne|232/278|[from] item: Rocky Helmet|[of] p2a: Corviknight\n|-damage|p1a: Cacturne|205/278|[from] item: Life Orb\n|move|p2a: Corviknight|Roost|p2a: Corviknight\n|-heal|p2a: Corviknight|283/288\n|\n|upkeep\n|turn|27\n|\n|t:|1733865133\n|move|p1a: Cacturne|Sucker Punch||[still]\n|-fail|p1a: Cacturne\n|move|p2a: Corviknight|Roost|p2a: Corviknight\n|-heal|p2a: Corviknight|288/288\n|\n|upkeep\n|turn|28\n|\n|t:|1733865136\n|move|p1a: Cacturne|Swords Dance|p1a: Cacturne\n|-boost|p1a: Cacturne|atk|2\n|move|p2a: Corviknight|Body Press|p1a: Cacturne\n|-supereffective|p1a: Cacturne\n|-damage|p1a: Cacturne|81/278\n|\n|upkeep\n|turn|29\n|\n|t:|1733865142\n|move|p1a: Cacturne|Drain Punch|p2a: Corviknight\n|-damage|p2a: Corviknight|120/288\n|-heal|p1a: Cacturne|165/278|[from] drain|[of] p2a: Corviknight\n|-damage|p1a: Cacturne|119/278|[from] item: Rocky Helmet|[of] p2a: Corviknight\n|-damage|p1a: Cacturne|92/278|[from] item: Life Orb\n|move|p2a: Corviknight|Roost|p2a: Corviknight\n|-heal|p2a: Corviknight|264/288\n|\n|upkeep\n|turn|30\n|\n|t:|1733865146\n|move|p1a: Cacturne|Drain Punch|p2a: Corviknight\n|-damage|p2a: Corviknight|108/288\n|-heal|p1a: Cacturne|170/278|[from] drain|[of] p2a: Corviknight\n|-damage|p1a: Cacturne|124/278|[from] item: Rocky Helmet|[of] p2a: Corviknight\n|-damage|p1a: Cacturne|97/278|[from] item: Life Orb\n|move|p2a: Corviknight|U-turn|p1a: Cacturne\n|-supereffective|p1a: Cacturne\n|-damage|p1a: Cacturne|0 fnt\n|faint|p1a: Cacturne\n|\n|upkeep\n|\n|t:|1733865149\n|switch|p1a: Infernape|Infernape, L82, F|234/259\n|turn|31\n|\n|t:|1733865152\n|-terastallize|p1a: Infernape|Fighting\n|move|p1a: Infernape|Close Combat|p2a: Corviknight\n|-damage|p2a: Corviknight|0 fnt\n|-unboost|p1a: Infernape|def|1\n|-unboost|p1a: Infernape|spd|1\n|-damage|p1a: Infernape|191/259|[from] item: Rocky Helmet|[of] p2a: Corviknight\n|faint|p2a: Corviknight\n|-damage|p1a: Infernape|166/259|[from] item: Life Orb\n|\n|win|kupchun\n|raw|kupchun's rating: 2149 &rarr; <strong>2169</strong><br />(+20 for winning)\n|raw|espeonagee's rating: 2141 &rarr; <strong>2121</strong><br />(-20 for losing)\n|l|\u2606espeonagee\n|player|p2|\n|c|\u2606kupchun|gg\n", "inputlog": ">version bfd83cad13791eb5a5a409923076391caf6fb4d4\n>start {\"formatid\":\"gen9randombattle\",\"seed\":[54441,50202,64062,37884],\"rated\":\"Rated battle\"}\n>player p1 {\"name\":\"kupchun\",\"avatar\":\"101\",\"rating\":2149,\"seed\":[45770,54891,31793,33013]}\n>player p2 {\"name\":\"espeonagee\",\"avatar\":\"101\",\"rating\":2141,\"seed\":[59519,40715,35884,64656]}\n>p1 move gunkshot\n>p2 move voltswitch\n>p2 switch 5\n>p1 switch 2\n>p2 move bravebird\n>p1 move superfang\n>p2 switch 3\n>p1 move uturn\n>p2 move earthpower\n>p1 switch 6\n>p1 move beakblast\n>p2 move roost\n>p1 switch 4\n>p2 move calmmind\n>p1 move trick\n>p2 move boomburst\n>p1 move focusblast\n>p2 move boomburst\n>p2 switch 5\n>p1 move psychic\n>p2 move voltswitch\n>p2 switch 2\n>p1 switch 4\n>p1 move beakblast\n>p2 switch 6\n>p1 move uturn\n>p2 move thunderwave\n>p1 switch 6\n>p1 move superfang\n>p2 move irondefense\n>p1 move thunderbolt\n>p2 move bodypress\n>p1 move thunderbolt\n>p2 move bodypress\n>p1 move thunderbolt\n>p2 switch 6\n>p1 move superfang\n>p2 move earthquake\n>p1 switch 6\n>p1 move boomburst\n>p2 switch 2\n>p2 switch 4\n>p1 move boomburst\n>p2 move boomburst\n>p1 move boomburst\n>p2 move boomburst\n>p1 switch 3\n>p1 move closecombat\n>p2 move beakblast\n>p2 switch 3\n>p1 switch 2\n>p2 move bravebird terastallize\n>p1 move gunkshot\n>p2 switch 6\n>p1 move earthquake\n>p2 move ironhead\n>p2 switch 2\n>p1 move gunkshot\n>p2 move scaleshot\n>p1 switch 5\n>p1 move suckerpunch\n>p2 move scaleshot\n>p2 switch 6\n>p1 move drainpunch\n>p2 move roost\n>p1 move suckerpunch\n>p2 move roost\n>p1 move swordsdance\n>p2 move bodypress\n>p1 move drainpunch\n>p2 move roost\n>p1 move drainpunch\n>p2 move uturn\n>p1 switch 2\n>p1 move closecombat terastallize\n>p2 move roost", "uploadtime": 1733865165, "views": 1, "formatid": "gen9randombattle", "rating": 2121, "private": 0, "password": null}