{"id": "gen9randombattle-2121504822", "format": "[Gen 9] Random Battle", "players": ["egakecleons", "RaidenShowgun"], "log": "|badge|p2|bronze|gen9randombattle|100-1\n|uhtml|medal-msg|<div class=\"broadcast-blue\">Curious what those medals under the avatar are? PS now has Ladder Seasons! For more information, check out the <a href=\"https://www.smogon.com/forums/threads/3740067/\">thread on Smogon.</a></div>\n|j|\u2606egakecleons\n|j|\u2606RaidenShowgun\n|t:|1715294851\n|gametype|singles\n|player|p1|egakecleons|170|2216\n|player|p2|RaidenShowgun|acetrainersnowf|2327\n|teamsize|p1|6\n|teamsize|p2|6\n|gen|9\n|tier|[Gen 9] Random Battle\n|rated|\n|rule|Species Clause: Limit one of each Pok\u00e9mon\n|rule|HP Percentage Mod: HP is shown in percentages\n|rule|Sleep Clause Mod: Limit one foe put to sleep\n|rule|Illusion Level Mod: Illusion disguises the Pok\u00e9mon's true level\n|\n|t:|1715294851\n|start\n|switch|p1a: Mamoswine|Mamoswine, L81, F|311/311\n|switch|p2a: Vespiquen|Vespiquen, L98, F|296/296\n|-ability|p2a: Vespiquen|Pressure\n|turn|1\n|\n|t:|1715294888\n|move|p1a: Mamoswine|Icicle Crash|p2a: Vespiquen\n|-supereffective|p2a: Vespiquen\n|-damage|p2a: Vespiquen|56/296\n|cant|p2a: Vespiquen|flinch\n|\n|upkeep\n|turn|2\n|\n|t:|1715294912\n|switch|p2a: Magearna|Magearna, L77|250/250\n|move|p1a: Mamoswine|Icicle Crash|p2a: Magearna\n|-resisted|p2a: Magearna\n|-damage|p2a: Magearna|174/250\n|\n|-heal|p2a: Magearna|189/250|[from] item: Leftovers\n|upkeep\n|turn|3\n|\n|t:|1715294926\n|switch|p1a: Gastrodon|Gastrodon, L86, M|331/331\n|move|p2a: Magearna|Fleur Cannon|p1a: Gastrodon\n|-damage|p1a: Gastrodon|177/331\n|-unboost|p2a: Magearna|spa|2\n|\n|-heal|p2a: Magearna|204/250|[from] item: Leftovers\n|-heal|p1a: Gastrodon|197/331|[from] item: Leftovers\n|upkeep\n|turn|4\n|\n|t:|1715294934\n|switch|p2a: Vespiquen|Vespiquen, L98, F|56/296\n|-ability|p2a: Vespiquen|Pressure\n|move|p1a: Gastrodon|Surf|p2a: Vespiquen\n|-damage|p2a: Vespiquen|0 fnt\n|faint|p2a: Vespiquen\n|\n|-heal|p1a: Gastrodon|217/331|[from] item: Leftovers\n|upkeep\n|\n|t:|1715294945\n|switch|p2a: Munkidori|Munkidori, L79, M|269/269\n|turn|5\n|\n|t:|1715294957\n|move|p2a: Munkidori|Fake Out|p1a: Gastrodon\n|-damage|p1a: Gastrodon|191/331\n|cant|p1a: Gastrodon|flinch\n|\n|-heal|p1a: Gastrodon|211/331|[from] item: Leftovers\n|upkeep\n|turn|6\n|\n|t:|1715294962\n|move|p2a: Munkidori|Psychic Noise|p1a: Gastrodon\n|-damage|p1a: Gastrodon|118/331\n|-start|p1a: Gastrodon|move: Heal Block\n|cant|p1a: Gastrodon|move: Heal Block|Recover\n|\n|upkeep\n|turn|7\n|\n|t:|1715294969\n|move|p2a: Munkidori|U-turn|p1a: Gastrodon\n|-damage|p1a: Gastrodon|78/331\n|\n|t:|1715294971\n|switch|p2a: Latios|Latios, L78, M|253/253|[from] U-turn\n|move|p1a: Gastrodon|Earthquake|p2a: Latios\n|-immune|p2a: Latios|[from] ability: Levitate\n|\n|-end|p1a: Gastrodon|move: Heal Block\n|upkeep\n|turn|8\n|\n|t:|1715294978\n|switch|p1a: Dedenne|Dedenne, L88, M|261/261\n|move|p2a: Latios|Luster Purge|p1a: Dedenne\n|-damage|p1a: Dedenne|104/261\n|-enditem|p1a: Dedenne|Sitrus Berry|[eat]\n|-heal|p1a: Dedenne|169/261|[from] item: Sitrus Berry\n|-heal|p1a: Dedenne|256/261|[from] ability: Cheek Pouch\n|\n|upkeep\n|turn|9\n|\n|t:|1715294984\n|switch|p2a: Munkidori|Munkidori, L79, M|269/269\n|move|p1a: Dedenne|Nuzzle|p2a: Munkidori\n|-damage|p2a: Munkidori|247/269\n|-status|p2a: Munkidori|par\n|\n|upkeep\n|turn|10\n|\n|t:|1715294998\n|switch|p1a: Gastrodon|Gastrodon, L86, M|78/331\n|move|p2a: Munkidori|U-turn|p1a: Gastrodon\n|-damage|p1a: Gastrodon|32/331\n|\n|t:|1715295004\n|switch|p2a: Magearna|Magearna, L77|204/250|[from] U-turn\n|\n|-heal|p2a: Magearna|219/250|[from] item: Leftovers\n|-heal|p1a: Gastrodon|52/331|[from] item: Leftovers\n|upkeep\n|turn|11\n|\n|t:|1715295010\n|move|p2a: Magearna|Aura Sphere|p1a: Gastrodon\n|-damage|p1a: Gastrodon|0 fnt\n|faint|p1a: Gastrodon\n|-ability|p2a: Magearna|Soul-Heart|boost\n|-boost|p2a: Magearna|spa|1\n|\n|-heal|p2a: Magearna|234/250|[from] item: Leftovers\n|upkeep\n|\n|t:|1715295044\n|switch|p1a: Tropius|Tropius, L91, F|328/328\n|turn|12\n|\n|t:|1715295052\n|move|p1a: Tropius|Substitute|p1a: Tropius\n|-start|p1a: Tropius|Substitute\n|-damage|p1a: Tropius|246/328\n|move|p2a: Magearna|Flash Cannon|p1a: Tropius\n|-end|p1a: Tropius|Substitute\n|\n|-heal|p2a: Magearna|249/250|[from] item: Leftovers\n|upkeep\n|turn|13\n|\n|t:|1715295060\n|move|p1a: Tropius|Leech Seed|p2a: Magearna\n|-start|p2a: Magearna|move: Leech Seed\n|move|p2a: Magearna|Fleur Cannon|p1a: Tropius\n|-damage|p1a: Tropius|35/328\n|-unboost|p2a: Magearna|spa|2\n|-enditem|p1a: Tropius|Sitrus Berry|[eat]\n|-heal|p1a: Tropius|117/328|[from] item: Sitrus Berry\n|\n|-heal|p2a: Magearna|250/250|[from] item: Leftovers\n|-damage|p2a: Magearna|219/250|[from] Leech Seed|[of] p1a: Tropius\n|-heal|p1a: Tropius|148/328|[silent]\n|-item|p1a: Tropius|Sitrus Berry|[from] ability: Harvest\n|upkeep\n|-enditem|p1a: Tropius|Sitrus Berry|[eat]\n|-heal|p1a: Tropius|230/328|[from] item: Sitrus Berry\n|turn|14\n|\n|t:|1715295065\n|switch|p2a: Munkidori|Munkidori, L79, M|247/269 par\n|move|p1a: Tropius|Substitute|p1a: Tropius\n|-start|p1a: Tropius|Substitute\n|-damage|p1a: Tropius|148/328\n|\n|-item|p1a: Tropius|Sitrus Berry|[from] ability: Harvest\n|upkeep\n|-enditem|p1a: Tropius|Sitrus Berry|[eat]\n|-heal|p1a: Tropius|230/328|[from] item: Sitrus Berry\n|turn|15\n|\n|t:|1715295072\n|move|p1a: Tropius|Leech Seed|p2a: Munkidori\n|-start|p2a: Munkidori|move: Leech Seed\n|move|p2a: Munkidori|Psychic Noise|p1a: Tropius\n|-damage|p1a: Tropius|146/328\n|-start|p1a: Tropius|move: Heal Block\n|\n|-damage|p2a: Munkidori|214/269 par|[from] Leech Seed|[of] p1a: Tropius\n|-item|p1a: Tropius|Sitrus Berry|[from] ability: Harvest\n|upkeep\n|turn|16\n|\n|t:|1715295084\n|move|p1a: Tropius|Air Slash|p2a: Munkidori\n|-damage|p2a: Munkidori|166/269 par\n|move|p2a: Munkidori|Psychic Noise|p1a: Tropius\n|-damage|p1a: Tropius|68/328\n|-status|p1a: Tropius|tox|[from] ability: Toxic Chain|[of] p2a: Munkidori\n|\n|-damage|p2a: Munkidori|133/269 par|[from] Leech Seed|[of] p1a: Tropius\n|-damage|p1a: Tropius|48/328 tox|[from] psn\n|-end|p1a: Tropius|move: Heal Block\n|upkeep\n|-enditem|p1a: Tropius|Sitrus Berry|[eat]\n|-heal|p1a: Tropius|130/328 tox|[from] item: Sitrus Berry\n|turn|17\n|\n|t:|1715295098\n|switch|p2a: Magearna|Magearna, L77|219/250\n|move|p1a: Tropius|Protect||[still]\n|-fail|p1a: Tropius\n|\n|-heal|p2a: Magearna|234/250|[from] item: Leftovers\n|-damage|p1a: Tropius|90/328 tox|[from] psn\n|upkeep\n|turn|18\n|\n|t:|1715295102\n|move|p1a: Tropius|Leech Seed|p2a: Magearna|[miss]\n|-miss|p1a: Tropius|p2a: Magearna\n|move|p2a: Magearna|Flash Cannon|p1a: Tropius\n|-end|p1a: Tropius|Substitute\n|\n|-heal|p2a: Magearna|249/250|[from] item: Leftovers\n|-damage|p1a: Tropius|30/328 tox|[from] psn\n|-item|p1a: Tropius|Sitrus Berry|[from] ability: Harvest\n|upkeep\n|-enditem|p1a: Tropius|Sitrus Berry|[eat]\n|-heal|p1a: Tropius|112/328 tox|[from] item: Sitrus Berry\n|turn|19\n|\n|t:|1715295114\n|move|p2a: Magearna|Fleur Cannon|p1a: Tropius\n|-damage|p1a: Tropius|0 fnt\n|-unboost|p2a: Magearna|spa|2\n|faint|p1a: Tropius\n|-ability|p2a: Magearna|Soul-Heart|boost\n|-boost|p2a: Magearna|spa|1\n|\n|-heal|p2a: Magearna|250/250|[from] item: Leftovers\n|upkeep\n|\n|t:|1715295122\n|switch|p1a: Glastrier|Glastrier, L86|312/312\n|turn|20\n|\n|t:|1715295141\n|move|p2a: Magearna|Flash Cannon|p1a: Glastrier\n|-supereffective|p1a: Glastrier\n|-damage|p1a: Glastrier|214/312\n|move|p1a: Glastrier|High Horsepower|p2a: Magearna\n|-supereffective|p2a: Magearna\n|-crit|p2a: Magearna\n|-damage|p2a: Magearna|0 fnt\n|faint|p2a: Magearna\n|-ability|p1a: Glastrier|Chilling Neigh|boost\n|-boost|p1a: Glastrier|atk|1\n|\n|upkeep\n|\n|t:|1715295150\n|switch|p2a: Latios|Latios, L78, M|253/253\n|turn|21\n|\n|t:|1715295177\n|move|p2a: Latios|Luster Purge|p1a: Glastrier\n|-damage|p1a: Glastrier|100/312\n|-unboost|p1a: Glastrier|spd|1\n|move|p1a: Glastrier|Icicle Crash|p2a: Latios\n|-supereffective|p2a: Latios\n|-damage|p2a: Latios|0 fnt\n|faint|p2a: Latios\n|-ability|p1a: Glastrier|Chilling Neigh|boost\n|-boost|p1a: Glastrier|atk|1\n|\n|upkeep\n|\n|t:|1715295183\n|switch|p2a: Minior|Minior-Blue, L79|223/223\n|-formechange|p2a: Minior|Minior-Meteor||[from] ability: Shields Down\n|turn|22\n|\n|t:|1715295198\n|move|p2a: Minior|Power Gem|p1a: Glastrier\n|-supereffective|p1a: Glastrier\n|-damage|p1a: Glastrier|0 fnt\n|faint|p1a: Glastrier\n|\n|upkeep\n|\n|t:|1715295210\n|switch|p1a: Alomomola|Alomomola, L87, F|429/429\n|turn|23\n|\n|t:|1715295214\n|move|p1a: Alomomola|Scald|p2a: Minior\n|-supereffective|p2a: Minior\n|-damage|p2a: Minior|131/223\n|move|p2a: Minior|Shell Smash|p2a: Minior\n|-unboost|p2a: Minior|def|1\n|-unboost|p2a: Minior|spd|1\n|-boost|p2a: Minior|atk|2\n|-boost|p2a: Minior|spa|2\n|-boost|p2a: Minior|spe|2\n|-enditem|p2a: Minior|White Herb\n|-clearnegativeboost|p2a: Minior|[silent]\n|\n|upkeep\n|turn|24\n|\n|t:|1715295218\n|move|p2a: Minior|Power Gem|p1a: Alomomola\n|-damage|p1a: Alomomola|254/429\n|move|p1a: Alomomola|Flip Turn|p2a: Minior\n|-supereffective|p2a: Minior\n|-damage|p2a: Minior|17/223\n|\n|t:|1715295224\n|switch|p1a: Mamoswine|Mamoswine, L81, F|311/311|[from] Flip Turn\n|\n|-formechange|p2a: Minior|Minior-Blue||[from] ability: Shields Down\n|upkeep\n|turn|25\n|\n|t:|1715295230\n|switch|p2a: Munkidori|Munkidori, L79, M|133/269 par\n|move|p1a: Mamoswine|Ice Shard|p2a: Munkidori\n|-damage|p2a: Munkidori|34/269 par\n|\n|upkeep\n|turn|26\n|\n|t:|1715295234\n|move|p2a: Munkidori|Fake Out|p1a: Mamoswine\n|-damage|p1a: Mamoswine|287/311\n|cant|p1a: Mamoswine|flinch\n|\n|upkeep\n|turn|27\n|\n|t:|1715295236\n|move|p1a: Mamoswine|Ice Shard|p2a: Munkidori\n|-damage|p2a: Munkidori|0 fnt\n|faint|p2a: Munkidori\n|\n|upkeep\n|\n|t:|1715295237\n|switch|p2a: Ribombee|Ribombee, L82, M|233/233\n|turn|28\n|\n|t:|1715295242\n|move|p1a: Mamoswine|Ice Shard|p2a: Ribombee\n|-damage|p2a: Ribombee|131/233\n|move|p2a: Ribombee|Moonblast|p1a: Mamoswine\n|-damage|p1a: Mamoswine|149/311\n|\n|upkeep\n|turn|29\n|\n|t:|1715295251\n|move|p1a: Mamoswine|Ice Shard|p2a: Ribombee\n|-damage|p2a: Ribombee|32/233\n|move|p2a: Ribombee|Moonblast|p1a: Mamoswine\n|-damage|p1a: Mamoswine|14/311\n|\n|upkeep\n|turn|30\n|-message|RaidenShowgun forfeited.\n|\n|win|egakecleons\n|raw|egakecleons's rating: 2199 &rarr; <strong>2226</strong><br />(+27 for winning)\n|raw|RaidenShowgun's rating: 2327 &rarr; <strong>2300</strong><br />(-27 for losing)\n|l|\u2606RaidenShowgun\n|player|p2|\n", "inputlog": ">version d87f45fad9b955c6072adc425367687e8a017379\n>start {\"formatid\":\"gen9randombattle\",\"seed\":[6210,28645,34198,17696],\"rated\":\"Rated battle\"}\n>player p1 {\"name\":\"egakecleons\",\"avatar\":\"170\",\"rating\":2216,\"seed\":[13448,57019,9282,28495]}\n>player p2 {\"name\":\"RaidenShowgun\",\"avatar\":\"acetrainersnowf\",\"rating\":2327,\"seed\":[20679,3199,53170,3695]}\n>p1 move iciclecrash\n>p2 move spikes\n>p1 move iciclecrash\n>p2 switch 3\n>p1 switch 6\n>p2 move fleurcannon\n>p1 move surf\n>p2 switch 3\n>p2 switch 2\n>p1 move recover\n>p2 move fakeout\n>p1 move recover\n>p2 move psychicnoise\n>p1 move earthquake\n>p2 move uturn\n>p2 switch 5\n>p1 switch 4\n>p2 move lusterpurge\n>p1 move nuzzle\n>p2 switch 5\n>p1 switch 4\n>p2 move uturn\n>p2 switch 3\n>p1 move recover\n>p2 move aurasphere\n>p1 switch 2\n>p1 move substitute\n>p2 move flashcannon\n>p1 move leechseed\n>p2 move fleurcannon\n>p1 move substitute\n>p2 switch 3\n>p1 move leechseed\n>p2 move psychicnoise\n>p1 move airslash\n>p2 move psychicnoise\n>p1 move protect\n>p2 switch 3\n>p1 move leechseed\n>p2 move flashcannon\n>p1 move leechseed\n>p2 move fleurcannon\n>p1 switch 5\n>p1 move highhorsepower\n>p2 move flashcannon\n>p2 switch 5\n>p1 move iciclecrash\n>p2 move lusterpurge\n>p2 switch 4\n>p1 move closecombat\n>p2 move powergem\n>p1 switch 3\n>p1 move scald\n>p2 move shellsmash\n>p1 move flipturn\n>p2 move powergem\n>p1 switch 6\n>p1 move iceshard\n>p2 switch 3\n>p1 move iceshard\n>p2 move fakeout\n>p1 move iceshard\n>p2 move sludgewave\n>p2 switch 6\n>p1 move iceshard\n>p2 move moonblast\n>p1 move iceshard\n>p2 move moonblast\n>forcelose p2", "uploadtime": 1715295258, "views": 269, "formatid": "gen9randombattle", "rating": 2226, "private": 0, "password": null}