{"id": "gen9randombattle-2260520605", "format": "[Gen 9] Random Battle", "players": ["noskii999", "krazy0"], "log": "|j|\u2606noskii999\n|j|\u2606krazy0\n|t:|1733859601\n|gametype|singles\n|player|p1|noskii999|170|1120\n|player|p2|krazy0|gambler|1146\n|teamsize|p1|6\n|teamsize|p2|6\n|gen|9\n|tier|[Gen 9] Random Battle\n|rated|\n|rule|Species Clause: Limit one of each Pok\u00e9mon\n|rule|HP Percentage Mod: HP is shown in percentages\n|rule|Sleep Clause Mod: Limit one foe put to sleep\n|rule|Illusion Level Mod: Illusion disguises the Pok\u00e9mon's true level\n|\n|t:|1733859601\n|start\n|switch|p1a: Glaceon|Glaceon, L94, M|275/275\n|switch|p2a: Gallade|Gallade, L81, M|243/243\n|turn|1\n|inactive|Battle timer is ON: inactive players will automatically lose when time's up. (requested by noskii999)\n|c|\u2606krazy0|omg\n|c|\u2606krazy0|i have a glaceon on my main team\n|\n|t:|1733859629\n|switch|p1a: Araquanid|Araquanid, L82, M|246/246\n|move|p2a: Gallade|Swords Dance|p2a: Gallade\n|-boost|p2a: Gallade|atk|2\n|\n|upkeep\n|turn|2\n|c|\u2606krazy0|pls dont be a gimmick glaceon lol\n|\n|t:|1733859638\n|-terastallize|p2a: Gallade|Fighting\n|move|p2a: Gallade|Swords Dance|p2a: Gallade\n|-boost|p2a: Gallade|atk|2\n|move|p1a: Araquanid|Leech Life|p2a: Gallade\n|-resisted|p2a: Gallade\n|-damage|p2a: Gallade|200/243\n|\n|upkeep\n|turn|3\n|\n|t:|1733859667\n|move|p2a: Gallade|Sacred Sword|p1a: Araquanid\n|-resisted|p1a: Araquanid\n|-damage|p1a: Araquanid|0 fnt\n|faint|p1a: Araquanid\n|-damage|p2a: Gallade|176/243|[from] item: Life Orb\n|\n|upkeep\n|inactive|noskii999 has 120 seconds left.\n|c|\u2606krazy0|life orb the goat\n|\n|t:|1733859687\n|switch|p1a: Ursaring|Ursaring, L84, M|288/288\n|turn|4\n|inactive|noskii999 has 120 seconds left.\n|\n|t:|1733859696\n|-terastallize|p1a: Ursaring|Ghost\n|move|p2a: Gallade|Sacred Sword|p1a: Ursaring\n|-immune|p1a: Ursaring\n|move|p1a: Ursaring|Body Slam|p2a: Gallade\n|-damage|p2a: Gallade|41/243\n|\n|upkeep\n|turn|5\n|\n|t:|1733859704\n|move|p2a: Gallade|Psycho Cut|p1a: Ursaring\n|-crit|p1a: Ursaring\n|-damage|p1a: Ursaring|0 fnt\n|faint|p1a: Ursaring\n|-damage|p2a: Gallade|17/243|[from] item: Life Orb\n|\n|upkeep\n|\n|t:|1733859710\n|switch|p1a: Glaceon|Glaceon, L94, M|275/275\n|turn|6\n|c|\u2606krazy0|you got me\n|\n|t:|1733859714\n|move|p1a: Glaceon|Protect|p1a: Glaceon\n|-singleturn|p1a: Glaceon|Protect\n|move|p2a: Gallade|Psycho Cut|p1a: Glaceon\n|-activate|p1a: Glaceon|move: Protect\n|\n|upkeep\n|turn|7\n|\n|t:|1733859726\n|switch|p1a: Armarouge|Armarouge, L80, F|267/267\n|move|p2a: Gallade|Psycho Cut|p1a: Armarouge\n|-resisted|p1a: Armarouge\n|-damage|p1a: Armarouge|20/267\n|-ability|p1a: Armarouge|Weak Armor|boost\n|-unboost|p1a: Armarouge|def|1\n|-boost|p1a: Armarouge|spe|2\n|-damage|p2a: Gallade|0 fnt|[from] item: Life Orb\n|faint|p2a: Gallade\n|\n|upkeep\n|\n|t:|1733859745\n|switch|p2a: Sylveon|Sylveon, L85, F|300/300\n|turn|8\n|\n|t:|1733859771\n|move|p1a: Armarouge|Energy Ball|p2a: Sylveon\n|-damage|p2a: Sylveon|221/300\n|move|p2a: Sylveon|Wish|p2a: Sylveon\n|\n|-heal|p2a: Sylveon|239/300|[from] item: Leftovers\n|upkeep\n|turn|9\n|\n|t:|1733859777\n|move|p1a: Armarouge|Energy Ball|p2a: Sylveon\n|-damage|p2a: Sylveon|161/300\n|move|p2a: Sylveon|Calm Mind|p2a: Sylveon\n|-boost|p2a: Sylveon|spa|1\n|-boost|p2a: Sylveon|spd|1\n|\n|-heal|p2a: Sylveon|300/300|[from] move: Wish|[wisher] Sylveon\n|upkeep\n|turn|10\n|\n|t:|1733859786\n|switch|p1a: Scizor|Scizor, L79, F|240/240\n|move|p2a: Sylveon|Calm Mind|p2a: Sylveon\n|-boost|p2a: Sylveon|spa|1\n|-boost|p2a: Sylveon|spd|1\n|\n|upkeep\n|turn|11\n|\n|t:|1733859794\n|move|p2a: Sylveon|Protect|p2a: Sylveon\n|-singleturn|p2a: Sylveon|Protect\n|move|p1a: Scizor|Bullet Punch|p2a: Sylveon\n|-activate|p2a: Sylveon|move: Protect\n|\n|upkeep\n|turn|12\n|\n|t:|1733859800\n|move|p1a: Scizor|Bullet Punch|p2a: Sylveon\n|-supereffective|p2a: Sylveon\n|-damage|p2a: Sylveon|120/300\n|move|p2a: Sylveon|Hyper Voice|p1a: Scizor\n|-resisted|p1a: Scizor\n|-damage|p1a: Scizor|83/240\n|\n|-heal|p2a: Sylveon|138/300|[from] item: Leftovers\n|-heal|p1a: Scizor|98/240|[from] item: Leftovers\n|upkeep\n|turn|13\n|\n|t:|1733859812\n|move|p2a: Sylveon|Protect|p2a: Sylveon\n|-singleturn|p2a: Sylveon|Protect\n|move|p1a: Scizor|Bullet Punch|p2a: Sylveon\n|-activate|p2a: Sylveon|move: Protect\n|\n|-heal|p2a: Sylveon|156/300|[from] item: Leftovers\n|-heal|p1a: Scizor|113/240|[from] item: Leftovers\n|upkeep\n|turn|14\n|\n|t:|1733859821\n|move|p1a: Scizor|Bullet Punch|p2a: Sylveon\n|-supereffective|p2a: Sylveon\n|-damage|p2a: Sylveon|0 fnt\n|faint|p2a: Sylveon\n|\n|-heal|p1a: Scizor|128/240|[from] item: Leftovers\n|upkeep\n|\n|t:|1733859831\n|switch|p2a: Palossand|Palossand, L89, F|296/296\n|turn|15\n|\n|t:|1733859837\n|move|p1a: Scizor|Knock Off|p2a: Palossand\n|-supereffective|p2a: Palossand\n|-damage|p2a: Palossand|180/296\n|-enditem|p2a: Palossand|Leftovers|[from] move: Knock Off|[of] p1a: Scizor\n|move|p2a: Palossand|Earth Power|p1a: Scizor\n|-damage|p1a: Scizor|5/240\n|\n|-heal|p1a: Scizor|20/240|[from] item: Leftovers\n|upkeep\n|turn|16\n|\n|t:|1733859847\n|move|p1a: Scizor|Knock Off|p2a: Palossand\n|-supereffective|p2a: Palossand\n|-damage|p2a: Palossand|90/296\n|move|p2a: Palossand|Shore Up|p2a: Palossand\n|-heal|p2a: Palossand|238/296\n|\n|-heal|p1a: Scizor|35/240|[from] item: Leftovers\n|upkeep\n|turn|17\n|\n|t:|1733859854\n|move|p1a: Scizor|Knock Off|p2a: Palossand\n|-supereffective|p2a: Palossand\n|-damage|p2a: Palossand|150/296\n|move|p2a: Palossand|Earth Power|p1a: Scizor\n|-damage|p1a: Scizor|0 fnt\n|faint|p1a: Scizor\n|\n|upkeep\n|\n|t:|1733859868\n|switch|p1a: Quagsire|Quagsire, L84, F|297/297\n|turn|18\n|\n|t:|1733859879\n|switch|p2a: Yanmega|Yanmega, L82, M|275/275\n|move|p1a: Quagsire|Ice Beam|p2a: Yanmega\n|-supereffective|p2a: Yanmega\n|-damage|p2a: Yanmega|129/275\n|\n|upkeep\n|turn|19\n|\n|t:|1733859890\n|move|p2a: Yanmega|U-turn|p1a: Quagsire\n|-damage|p1a: Quagsire|237/297\n|\n|t:|1733859896\n|switch|p2a: Oinkologne|Oinkologne-F, L92, F|361/361|[from] U-turn\n|move|p1a: Quagsire|Toxic|p2a: Oinkologne\n|-status|p2a: Oinkologne|tox\n|\n|-heal|p1a: Quagsire|255/297|[from] item: Leftovers\n|-damage|p2a: Oinkologne|339/361 tox|[from] psn\n|upkeep\n|turn|20\n|\n|t:|1733859912\n|switch|p1a: Glaceon|Glaceon, L94, M|275/275\n|move|p2a: Oinkologne|Curse|p2a: Oinkologne\n|-unboost|p2a: Oinkologne|spe|1\n|-boost|p2a: Oinkologne|atk|1\n|-boost|p2a: Oinkologne|def|1\n|\n|-heal|p2a: Oinkologne|361/361 tox|[from] item: Leftovers\n|-damage|p2a: Oinkologne|317/361 tox|[from] psn\n|upkeep\n|turn|21\n|\n|t:|1733859927\n|move|p1a: Glaceon|Wish|p1a: Glaceon\n|move|p2a: Oinkologne|Curse|p2a: Oinkologne\n|-unboost|p2a: Oinkologne|spe|1\n|-boost|p2a: Oinkologne|atk|1\n|-boost|p2a: Oinkologne|def|1\n|\n|-heal|p2a: Oinkologne|339/361 tox|[from] item: Leftovers\n|-damage|p2a: Oinkologne|273/361 tox|[from] psn\n|upkeep\n|turn|22\n|\n|t:|1733859936\n|move|p1a: Glaceon|Protect|p1a: Glaceon\n|-singleturn|p1a: Glaceon|Protect\n|move|p2a: Oinkologne|Curse|p2a: Oinkologne\n|-unboost|p2a: Oinkologne|spe|1\n|-boost|p2a: Oinkologne|atk|1\n|-boost|p2a: Oinkologne|def|1\n|\n|-heal|p2a: Oinkologne|295/361 tox|[from] item: Leftovers\n|-damage|p2a: Oinkologne|207/361 tox|[from] psn\n|upkeep\n|turn|23\n|\n|t:|1733859946\n|move|p1a: Glaceon|Wish|p1a: Glaceon\n|move|p2a: Oinkologne|Curse|p2a: Oinkologne\n|-unboost|p2a: Oinkologne|spe|1\n|-boost|p2a: Oinkologne|atk|1\n|-boost|p2a: Oinkologne|def|1\n|\n|-heal|p2a: Oinkologne|229/361 tox|[from] item: Leftovers\n|-damage|p2a: Oinkologne|119/361 tox|[from] psn\n|upkeep\n|turn|24\n|\n|t:|1733859955\n|move|p1a: Glaceon|Protect|p1a: Glaceon\n|-singleturn|p1a: Glaceon|Protect\n|move|p2a: Oinkologne|Rest|p2a: Oinkologne\n|-status|p2a: Oinkologne|slp|[from] move: Rest\n|-heal|p2a: Oinkologne|361/361 slp|[silent]\n|\n|upkeep\n|turn|25\n|\n|t:|1733859965\n|switch|p1a: Quagsire|Quagsire, L84, F|255/297\n|cant|p2a: Oinkologne|slp\n|move|p2a: Oinkologne|Sleep Talk|p2a: Oinkologne\n|move|p2a: Oinkologne|Body Slam|p1a: Quagsire|[from]move: Sleep Talk\n|-damage|p1a: Quagsire|156/297\n|\n|-heal|p1a: Quagsire|174/297|[from] item: Leftovers\n|upkeep\n|turn|26\n|\n|t:|1733859975\n|move|p1a: Quagsire|Toxic||[still]\n|-fail|p1a: Quagsire\n|cant|p2a: Oinkologne|slp\n|move|p2a: Oinkologne|Sleep Talk|p2a: Oinkologne\n|move|p2a: Oinkologne|Body Slam|p1a: Quagsire|[from]move: Sleep Talk\n|-damage|p1a: Quagsire|65/297\n|\n|-heal|p1a: Quagsire|83/297|[from] item: Leftovers\n|upkeep\n|turn|27\n|\n|t:|1733859985\n|move|p1a: Quagsire|Recover|p1a: Quagsire\n|-heal|p1a: Quagsire|232/297\n|-curestatus|p2a: Oinkologne|slp|[msg]\n|move|p2a: Oinkologne|Sleep Talk||[still]\n|-fail|p2a: Oinkologne\n|\n|-heal|p1a: Quagsire|250/297|[from] item: Leftovers\n|upkeep\n|turn|28\n|\n|t:|1733859993\n|move|p1a: Quagsire|Toxic|p2a: Oinkologne\n|-status|p2a: Oinkologne|tox\n|move|p2a: Oinkologne|Body Slam|p1a: Quagsire\n|-damage|p1a: Quagsire|142/297\n|\n|-heal|p1a: Quagsire|160/297|[from] item: Leftovers\n|-damage|p2a: Oinkologne|339/361 tox|[from] psn\n|upkeep\n|turn|29\n|\n|t:|1733860001\n|move|p1a: Quagsire|Recover|p1a: Quagsire\n|-heal|p1a: Quagsire|297/297\n|move|p2a: Oinkologne|Body Slam|p1a: Quagsire\n|-damage|p1a: Quagsire|189/297\n|\n|-heal|p1a: Quagsire|207/297|[from] item: Leftovers\n|-heal|p2a: Oinkologne|361/361 tox|[from] item: Leftovers\n|-damage|p2a: Oinkologne|317/361 tox|[from] psn\n|upkeep\n|turn|30\n|\n|t:|1733860016\n|move|p1a: Quagsire|Earthquake|p2a: Oinkologne\n|-damage|p2a: Oinkologne|223/361 tox\n|move|p2a: Oinkologne|Curse|p2a: Oinkologne\n|-unboost|p2a: Oinkologne|spe|1\n|-boost|p2a: Oinkologne|atk|1\n|-boost|p2a: Oinkologne|def|1\n|\n|-heal|p1a: Quagsire|225/297|[from] item: Leftovers\n|-heal|p2a: Oinkologne|245/361 tox|[from] item: Leftovers\n|-damage|p2a: Oinkologne|179/361 tox|[from] psn\n|upkeep\n|turn|31\n|\n|t:|1733860030\n|move|p1a: Quagsire|Earthquake|p2a: Oinkologne\n|-damage|p2a: Oinkologne|71/361 tox\n|move|p2a: Oinkologne|Curse|p2a: Oinkologne\n|-unboost|p2a: Oinkologne|spe|1\n|-boost|p2a: Oinkologne|atk|1\n|-boost|p2a: Oinkologne|def|1\n|\n|-heal|p1a: Quagsire|243/297|[from] item: Leftovers\n|-heal|p2a: Oinkologne|93/361 tox|[from] item: Leftovers\n|-damage|p2a: Oinkologne|5/361 tox|[from] psn\n|upkeep\n|turn|32\n|c|\u2606krazy0|oops\n|\n|t:|1733860055\n|move|p1a: Quagsire|Ice Beam|p2a: Oinkologne\n|-damage|p2a: Oinkologne|0 fnt\n|faint|p2a: Oinkologne\n|\n|-heal|p1a: Quagsire|261/297|[from] item: Leftovers\n|upkeep\n|\n|t:|1733860064\n|switch|p2a: Yanmega|Yanmega, L82, M|129/275\n|turn|33\n|\n|t:|1733860073\n|switch|p1a: Glaceon|Glaceon, L94, M|275/275\n|move|p2a: Yanmega|Giga Drain|p1a: Glaceon\n|-damage|p1a: Glaceon|202/275\n|-heal|p2a: Yanmega|166/275|[from] drain|[of] p1a: Glaceon\n|\n|upkeep\n|turn|34\n|\n|t:|1733860087\n|switch|p2a: Palossand|Palossand, L89, F|150/296\n|move|p1a: Glaceon|Wish|p1a: Glaceon\n|\n|upkeep\n|turn|35\n|\n|t:|1733860093\n|move|p1a: Glaceon|Protect|p1a: Glaceon\n|-singleturn|p1a: Glaceon|Protect\n|move|p2a: Palossand|Earth Power|p1a: Glaceon\n|-activate|p1a: Glaceon|move: Protect\n|\n|-heal|p1a: Glaceon|275/275|[from] move: Wish|[wisher] Glaceon\n|upkeep\n|turn|36\n|\n|t:|1733860102\n|switch|p1a: Quagsire|Quagsire, L84, F|261/297\n|move|p2a: Palossand|Earth Power|p1a: Quagsire\n|-damage|p1a: Quagsire|122/297\n|\n|-heal|p1a: Quagsire|140/297|[from] item: Leftovers\n|upkeep\n|turn|37\n|\n|t:|1733860109\n|move|p2a: Palossand|Earth Power|p1a: Quagsire\n|-damage|p1a: Quagsire|4/297\n|move|p1a: Quagsire|Recover|p1a: Quagsire\n|-heal|p1a: Quagsire|153/297\n|\n|-heal|p1a: Quagsire|171/297|[from] item: Leftovers\n|upkeep\n|turn|38\n|\n|t:|1733860121\n|switch|p1a: Glaceon|Glaceon, L94, M|275/275\n|move|p2a: Palossand|Earth Power|p1a: Glaceon\n|-damage|p1a: Glaceon|187/275\n|\n|upkeep\n|turn|39\n|\n|t:|1733860131\n|move|p1a: Glaceon|Wish|p1a: Glaceon\n|move|p2a: Palossand|Sludge Bomb|p1a: Glaceon\n|-damage|p1a: Glaceon|125/275\n|\n|upkeep\n|turn|40\n|\n|t:|1733860138\n|move|p1a: Glaceon|Protect|p1a: Glaceon\n|-singleturn|p1a: Glaceon|Protect\n|move|p2a: Palossand|Sludge Bomb|p1a: Glaceon\n|-activate|p1a: Glaceon|move: Protect\n|\n|-heal|p1a: Glaceon|262/275|[from] move: Wish|[wisher] Glaceon\n|upkeep\n|turn|41\n|c|\u2606krazy0|what are we doing\n|\n|t:|1733860146\n|move|p1a: Glaceon|Freeze-Dry|p2a: Palossand\n|-supereffective|p2a: Palossand\n|-damage|p2a: Palossand|0 fnt\n|faint|p2a: Palossand\n|\n|upkeep\n|\n|t:|1733860151\n|switch|p2a: Espathra|Espathra, L80, M|283/283\n|turn|42\n|\n|t:|1733860168\n|switch|p1a: Quagsire|Quagsire, L84, F|171/297\n|move|p2a: Espathra|Calm Mind|p2a: Espathra\n|-boost|p2a: Espathra|spa|1\n|-boost|p2a: Espathra|spd|1\n|\n|-heal|p1a: Quagsire|189/297|[from] item: Leftovers\n|-ability|p2a: Espathra|Speed Boost|boost\n|-boost|p2a: Espathra|spe|1\n|upkeep\n|turn|43\n|\n|t:|1733860179\n|move|p2a: Espathra|Calm Mind|p2a: Espathra\n|-boost|p2a: Espathra|spa|1\n|-boost|p2a: Espathra|spd|1\n|move|p1a: Quagsire|Recover|p1a: Quagsire\n|-heal|p1a: Quagsire|297/297\n|\n|-ability|p2a: Espathra|Speed Boost|boost\n|-boost|p2a: Espathra|spe|1\n|upkeep\n|turn|44\n|\n|t:|1733860187\n|move|p2a: Espathra|Stored Power|p1a: Quagsire\n|-damage|p1a: Quagsire|125/297\n|move|p1a: Quagsire|Toxic|p2a: Espathra\n|-status|p2a: Espathra|tox\n|\n|-heal|p1a: Quagsire|143/297|[from] item: Leftovers\n|-damage|p2a: Espathra|266/283 tox|[from] psn\n|-ability|p2a: Espathra|Speed Boost|boost\n|-boost|p2a: Espathra|spe|1\n|upkeep\n|turn|45\n|\n|t:|1733860197\n|switch|p1a: Armarouge|Armarouge, L80, F|20/267\n|move|p2a: Espathra|Stored Power|p1a: Armarouge\n|-resisted|p1a: Armarouge\n|-damage|p1a: Armarouge|0 fnt\n|faint|p1a: Armarouge\n|\n|-heal|p2a: Espathra|283/283 tox|[from] item: Leftovers\n|-damage|p2a: Espathra|249/283 tox|[from] psn\n|-ability|p2a: Espathra|Speed Boost|boost\n|-boost|p2a: Espathra|spe|1\n|upkeep\n|\n|t:|1733860208\n|switch|p1a: Glaceon|Glaceon, L94, M|262/275\n|turn|46\n|\n|t:|1733860215\n|move|p2a: Espathra|Stored Power|p1a: Glaceon\n|-damage|p1a: Glaceon|0 fnt\n|faint|p1a: Glaceon\n|\n|-heal|p2a: Espathra|266/283 tox|[from] item: Leftovers\n|-damage|p2a: Espathra|215/283 tox|[from] psn\n|-ability|p2a: Espathra|Speed Boost|boost\n|-boost|p2a: Espathra|spe|1\n|upkeep\n|c|\u2606krazy0|finally\n|\n|t:|1733860223\n|switch|p1a: Quagsire|Quagsire, L84, F|143/297\n|turn|47\n|c|\u2606noskii999|gg\n|c|\u2606krazy0|lemme take a pick of this pokemons setup\n|c|\u2606krazy0|its good\n|\n|t:|1733860248\n|move|p2a: Espathra|Stored Power|p1a: Quagsire\n|-damage|p1a: Quagsire|0 fnt\n|faint|p1a: Quagsire\n|\n|win|krazy0\n|raw|noskii999's rating: 1120 &rarr; <strong>1097</strong><br />(-23 for losing)\n|raw|krazy0's rating: 1146 &rarr; <strong>1169</strong><br />(+23 for winning)\n", "inputlog": ">version bfd83cad13791eb5a5a409923076391caf6fb4d4\n>start {\"formatid\":\"gen9randombattle\",\"seed\":[50606,62393,32904,55986],\"rated\":\"Rated battle\"}\n>player p1 {\"name\":\"noskii999\",\"avatar\":\"170\",\"rating\":1120,\"seed\":[55122,34457,43316,32288]}\n>player p2 {\"name\":\"krazy0\",\"avatar\":\"gambler\",\"rating\":1146,\"seed\":[14327,22508,6421,61776]}\n>chat \u2606krazy0|omg\n>chat \u2606krazy0|i have a glaceon on my main team\n>p1 switch 4\n>p2 move swordsdance\n>chat \u2606krazy0|pls dont be a gimmick glaceon lol\n>p1 move leechlife\n>p2 move swordsdance terastallize\n>p1 move stickyweb\n>p2 move sacredsword\n>chat \u2606krazy0|life orb the goat\n>p1 switch 5\n>p1 move bodyslam terastallize\n>p2 move sacredsword\n>p1 move bodyslam\n>p2 move psychocut\n>p1 switch 4\n>chat \u2606krazy0|you got me\n>p1 move protect\n>p2 move psychocut\n>p1 switch 2\n>p2 move psychocut\n>p2 switch 6\n>p1 move energyball\n>p2 move wish\n>p1 move energyball\n>p2 move calmmind\n>p1 switch 6\n>p2 move calmmind\n>p1 move bulletpunch\n>p2 move protect\n>p1 move bulletpunch\n>p2 move hypervoice\n>p1 move bulletpunch\n>p2 move protect\n>p1 move bulletpunch\n>p2 move wish\n>p2 switch 5\n>p1 move knockoff\n>p2 move earthpower\n>p1 move knockoff\n>p2 move shoreup\n>p1 move knockoff\n>p2 move earthpower\n>p1 switch 3\n>p1 move icebeam\n>p2 switch 4\n>p1 move toxic\n>p2 move uturn\n>p2 switch 3\n>p1 switch 2\n>p2 move curse\n>p1 move wish\n>p2 move curse\n>p1 move protect\n>p2 move curse\n>p1 move wish\n>p2 move curse\n>p1 move protect\n>p2 move rest\n>p1 switch 2\n>p2 move sleeptalk\n>p1 move toxic\n>p2 move sleeptalk\n>p1 move recover\n>p2 move sleeptalk\n>p1 move toxic\n>p2 move bodyslam\n>p1 move recover\n>p2 move bodyslam\n>p1 move earthquake\n>p2 move curse\n>p1 move earthquake\n>p2 move curse\n>chat \u2606krazy0|oops\n>p1 move icebeam\n>p2 move rest\n>p2 switch 3\n>p1 switch 2\n>p2 move gigadrain\n>p1 move wish\n>p2 switch 4\n>p1 move protect\n>p2 move earthpower\n>p1 switch 2\n>p2 move earthpower\n>p1 move recover\n>p2 move earthpower\n>p1 switch 2\n>p2 move earthpower\n>p1 move wish\n>p2 move sludgebomb\n>p1 move protect\n>p2 move sludgebomb\n>chat \u2606krazy0|what are we doing\n>p1 move freezedry\n>p2 move shoreup\n>p2 switch 2\n>p1 switch 2\n>p2 move calmmind\n>p1 move recover\n>p2 move calmmind\n>p1 move toxic\n>p2 move storedpower\n>p1 switch 6\n>p2 move storedpower\n>p1 switch 2\n>p1 move wish\n>p2 move storedpower\n>chat \u2606krazy0|finally\n>p1 switch 6\n>chat \u2606noskii999|gg\n>chat \u2606krazy0|lemme take a pick of this pokemons setup\n>chat \u2606krazy0|its good\n>p1 move recover\n>p2 move storedpower", "uploadtime": 1733860259, "views": 1, "formatid": "gen9randombattle", "rating": 1097, "private": 0, "password": null}