{"id": "gen9randombattle-2259939489", "format": "[Gen 9] Random Battle", "players": ["Atumalacacaca", "meka1961"], "log": "|j|\u2606Atumalacacaca\n|j|\u2606meka1961\n|t:|1733782171\n|gametype|singles\n|player|p1|Atumalacacaca|red|1269\n|player|p2|meka1961|caitlin|1279\n|teamsize|p1|6\n|teamsize|p2|6\n|gen|9\n|tier|[Gen 9] Random Battle\n|rated|\n|rule|Species Clause: Limit one of each Pok\u00e9mon\n|rule|HP Percentage Mod: HP is shown in percentages\n|rule|Sleep Clause Mod: Limit one foe put to sleep\n|rule|Illusion Level Mod: Illusion disguises the Pok\u00e9mon's true level\n|\n|t:|1733782171\n|start\n|switch|p1a: Probopass|Probopass, L92, M|260/260\n|switch|p2a: Ho-Oh|Ho-Oh, L71|268/268\n|turn|1\n|inactive|Battle timer is ON: inactive players will automatically lose when time's up. (requested by Atumalacacaca)\n|inactive|meka1961 has 120 seconds left.\n|\n|t:|1733782209\n|move|p2a: Ho-Oh|Earthquake|p1a: Probopass\n|-supereffective|p1a: Probopass\n|-damage|p1a: Probopass|92/260\n|move|p1a: Probopass|Power Gem|p2a: Ho-Oh\n|-supereffective|p2a: Ho-Oh\n|-damage|p2a: Ho-Oh|4/268\n|\n|-heal|p1a: Probopass|108/260|[from] item: Leftovers\n|upkeep\n|turn|2\n|\n|t:|1733782222\n|switch|p1a: Delibird|Delibird, F|252/252\n|move|p2a: Ho-Oh|Earthquake|p1a: Delibird\n|-immune|p1a: Delibird\n|\n|upkeep\n|turn|3\n|inactive|meka1961 has 120 seconds left.\n|\n|t:|1733782278\n|switch|p2a: Granbull|Granbull, L88, M|302/302\n|-ability|p2a: Granbull|Intimidate|boost\n|-unboost|p1a: Delibird|atk|1\n|move|p1a: Delibird|Rapid Spin|p2a: Granbull\n|-crit|p2a: Granbull\n|-damage|p2a: Granbull|248/302\n|-boost|p1a: Delibird|spe|1\n|\n|-heal|p2a: Granbull|266/302|[from] item: Leftovers\n|upkeep\n|turn|4\n|inactive|Atumalacacaca has 120 seconds left.\n|\n|t:|1733782302\n|switch|p1a: Granbull|Granbull, L88, M|302/302\n|-ability|p1a: Granbull|Intimidate|boost\n|-unboost|p2a: Granbull|atk|1\n|move|p2a: Granbull|Thunder Wave|p1a: Granbull\n|-status|p1a: Granbull|par\n|\n|-heal|p2a: Granbull|284/302|[from] item: Leftovers\n|upkeep\n|turn|5\n|inactive|Atumalacacaca has 120 seconds left.\n|\n|t:|1733782313\n|move|p1a: Granbull|Thunder Wave|p2a: Granbull\n|-status|p2a: Granbull|par\n|move|p2a: Granbull|Roar|p1a: Granbull\n|drag|p1a: Gogoat|Gogoat, L88, F|360/360\n|\n|-heal|p2a: Granbull|302/302 par|[from] item: Leftovers\n|upkeep\n|turn|6\n|\n|t:|1733782328\n|switch|p1a: Granbull|Granbull, L88, M|302/302 par\n|-ability|p1a: Granbull|Intimidate|boost\n|-unboost|p2a: Granbull|atk|1\n|move|p2a: Granbull|Thunder Wave|p1a: Granbull\n|-fail|p1a: Granbull|par\n|\n|upkeep\n|turn|7\n|\n|t:|1733782339\n|switch|p2a: Ho-Oh|Ho-Oh, L71|93/268\n|cant|p1a: Granbull|par\n|\n|upkeep\n|turn|8\n|\n|t:|1733782346\n|move|p2a: Ho-Oh|Recover|p2a: Ho-Oh\n|-heal|p2a: Ho-Oh|227/268\n|cant|p1a: Granbull|par\n|\n|upkeep\n|turn|9\n|\n|t:|1733782350\n|move|p2a: Ho-Oh|Sacred Fire|p1a: Granbull\n|-damage|p1a: Granbull|188/302 par\n|move|p1a: Granbull|Thunder Wave|p2a: Ho-Oh\n|-status|p2a: Ho-Oh|par\n|\n|-heal|p1a: Granbull|206/302 par|[from] item: Leftovers\n|upkeep\n|turn|10\n|inactive|meka1961 has 120 seconds left.\n|\n|t:|1733782371\n|switch|p1a: Clawitzer|Clawitzer, L87, M|265/265\n|move|p2a: Ho-Oh|Sacred Fire|p1a: Clawitzer\n|-resisted|p1a: Clawitzer\n|-damage|p1a: Clawitzer|214/265\n|\n|upkeep\n|turn|11\n|\n|t:|1733782380\n|switch|p2a: Lilligant|Lilligant-Hisui, L79, F|240/240\n|move|p1a: Clawitzer|Water Pulse|p2a: Lilligant\n|-resisted|p2a: Lilligant\n|-damage|p2a: Lilligant|129/240\n|\n|upkeep\n|turn|12\n|inactive|meka1961 has 120 seconds left.\n|\n|t:|1733782391\n|switch|p1a: Delibird|Delibird, F|252/252\n|move|p2a: Lilligant|Sleep Powder|p1a: Delibird|[miss]\n|-miss|p2a: Lilligant|p1a: Delibird\n|\n|upkeep\n|turn|13\n|inactive|meka1961 has 120 seconds left.\n|\n|t:|1733782402\n|move|p2a: Lilligant|Sleep Powder|p1a: Delibird|[miss]\n|-miss|p2a: Lilligant|p1a: Delibird\n|move|p1a: Delibird|Brave Bird|p2a: Lilligant\n|-supereffective|p2a: Lilligant\n|-damage|p2a: Lilligant|0 fnt\n|faint|p2a: Lilligant\n|-damage|p1a: Delibird|209/252|[from] Recoil\n|\n|upkeep\n|\n|t:|1733782410\n|switch|p2a: Granbull|Granbull, L88, M|302/302 par\n|-ability|p2a: Granbull|Intimidate|boost\n|-unboost|p1a: Delibird|atk|1\n|turn|14\n|\n|t:|1733782420\n|switch|p1a: Granbull|Granbull, L88, M|206/302 par\n|-ability|p1a: Granbull|Intimidate|boost\n|-unboost|p2a: Granbull|atk|1\n|move|p2a: Granbull|Thunder Wave|p1a: Granbull\n|-fail|p1a: Granbull|par\n|\n|-heal|p1a: Granbull|224/302 par|[from] item: Leftovers\n|upkeep\n|turn|15\n|\n|t:|1733782433\n|switch|p2a: Ho-Oh|Ho-Oh, L71|268/268 par\n|cant|p1a: Granbull|par\n|\n|-heal|p1a: Granbull|242/302 par|[from] item: Leftovers\n|upkeep\n|turn|16\n|\n|t:|1733782445\n|move|p2a: Ho-Oh|Earthquake|p1a: Granbull\n|-damage|p1a: Granbull|171/302 par\n|move|p1a: Granbull|Play Rough|p2a: Ho-Oh|[miss]\n|-miss|p1a: Granbull|p2a: Ho-Oh\n|\n|-heal|p1a: Granbull|189/302 par|[from] item: Leftovers\n|upkeep\n|turn|17\n|inactive|meka1961 has 120 seconds left.\n|\n|t:|1733782476\n|move|p2a: Ho-Oh|Earthquake|p1a: Granbull\n|-damage|p1a: Granbull|119/302 par\n|move|p1a: Granbull|Play Rough|p2a: Ho-Oh\n|-resisted|p2a: Ho-Oh\n|-damage|p2a: Ho-Oh|202/268 par\n|\n|-heal|p1a: Granbull|137/302 par|[from] item: Leftovers\n|upkeep\n|turn|18\n|\n|t:|1733782484\n|move|p2a: Ho-Oh|Earthquake|p1a: Granbull\n|-damage|p1a: Granbull|61/302 par\n|move|p1a: Granbull|Play Rough|p2a: Ho-Oh\n|-resisted|p2a: Ho-Oh\n|-damage|p2a: Ho-Oh|128/268 par\n|\n|-heal|p1a: Granbull|79/302 par|[from] item: Leftovers\n|upkeep\n|turn|19\n|\n|t:|1733782490\n|cant|p2a: Ho-Oh|par\n|move|p1a: Granbull|Play Rough|p2a: Ho-Oh\n|-resisted|p2a: Ho-Oh\n|-damage|p2a: Ho-Oh|56/268 par\n|\n|-heal|p1a: Granbull|97/302 par|[from] item: Leftovers\n|upkeep\n|turn|20\n|\n|t:|1733782494\n|move|p2a: Ho-Oh|Recover|p2a: Ho-Oh\n|-heal|p2a: Ho-Oh|190/268 par\n|move|p1a: Granbull|Play Rough|p2a: Ho-Oh\n|-resisted|p2a: Ho-Oh\n|-damage|p2a: Ho-Oh|124/268 par\n|\n|-heal|p1a: Granbull|115/302 par|[from] item: Leftovers\n|upkeep\n|turn|21\n|\n|t:|1733782497\n|move|p2a: Ho-Oh|Recover|p2a: Ho-Oh\n|-heal|p2a: Ho-Oh|258/268 par\n|move|p1a: Granbull|Play Rough|p2a: Ho-Oh\n|-resisted|p2a: Ho-Oh\n|-damage|p2a: Ho-Oh|190/268 par\n|\n|-heal|p1a: Granbull|133/302 par|[from] item: Leftovers\n|upkeep\n|turn|22\n|\n|t:|1733782501\n|move|p2a: Ho-Oh|Earthquake|p1a: Granbull\n|-damage|p1a: Granbull|60/302 par\n|move|p1a: Granbull|Play Rough|p2a: Ho-Oh\n|-resisted|p2a: Ho-Oh\n|-damage|p2a: Ho-Oh|116/268 par\n|\n|-heal|p1a: Granbull|78/302 par|[from] item: Leftovers\n|upkeep\n|turn|23\n|\n|t:|1733782510\n|move|p2a: Ho-Oh|Recover|p2a: Ho-Oh\n|-heal|p2a: Ho-Oh|250/268 par\n|move|p1a: Granbull|Play Rough|p2a: Ho-Oh\n|-resisted|p2a: Ho-Oh\n|-damage|p2a: Ho-Oh|181/268 par\n|\n|-heal|p1a: Granbull|96/302 par|[from] item: Leftovers\n|upkeep\n|turn|24\n|\n|t:|1733782513\n|cant|p2a: Ho-Oh|par\n|cant|p1a: Granbull|par\n|\n|-heal|p1a: Granbull|114/302 par|[from] item: Leftovers\n|upkeep\n|turn|25\n|\n|t:|1733782515\n|move|p2a: Ho-Oh|Earthquake|p1a: Granbull\n|-damage|p1a: Granbull|40/302 par\n|move|p1a: Granbull|Play Rough|p2a: Ho-Oh\n|-resisted|p2a: Ho-Oh\n|-crit|p2a: Ho-Oh\n|-damage|p2a: Ho-Oh|68/268 par\n|\n|-heal|p1a: Granbull|58/302 par|[from] item: Leftovers\n|upkeep\n|turn|26\n|\n|t:|1733782519\n|move|p2a: Ho-Oh|Recover|p2a: Ho-Oh\n|-heal|p2a: Ho-Oh|202/268 par\n|move|p1a: Granbull|Encore|p2a: Ho-Oh\n|-start|p2a: Ho-Oh|Encore\n|\n|-heal|p1a: Granbull|76/302 par|[from] item: Leftovers\n|upkeep\n|turn|27\n|\n|t:|1733782535\n|switch|p2a: Granbull|Granbull, L88, M|302/302 par\n|-ability|p2a: Granbull|Intimidate|boost\n|-unboost|p1a: Granbull|atk|1\n|switch|p1a: Clawitzer|Clawitzer, L87, M|214/265\n|\n|upkeep\n|turn|28\n|\n|t:|1733782547\n|move|p1a: Clawitzer|U-turn|p2a: Granbull\n|-resisted|p2a: Granbull\n|-damage|p2a: Granbull|278/302 par\n|\n|t:|1733782557\n|switch|p1a: Granbull|Granbull, L88, M|76/302 par|[from] U-turn\n|-ability|p1a: Granbull|Intimidate|boost\n|-unboost|p2a: Granbull|atk|1\n|move|p2a: Granbull|Play Rough|p1a: Granbull\n|-damage|p1a: Granbull|0 fnt\n|faint|p1a: Granbull\n|\n|-heal|p2a: Granbull|296/302 par|[from] item: Leftovers\n|upkeep\n|\n|t:|1733782576\n|switch|p1a: Salamence|Salamence, L77, M|273/273\n|turn|29\n|\n|t:|1733782588\n|-terastallize|p1a: Salamence|Steel\n|move|p1a: Salamence|Dragon Dance|p1a: Salamence\n|-boost|p1a: Salamence|atk|1\n|-boost|p1a: Salamence|spe|1\n|cant|p2a: Granbull|par\n|\n|-heal|p2a: Granbull|302/302 par|[from] item: Leftovers\n|upkeep\n|turn|30\n|\n|t:|1733782607\n|move|p1a: Salamence|Dual Wingbeat|p2a: Granbull\n|-damage|p2a: Granbull|226/302 par\n|-damage|p2a: Granbull|150/302 par\n|-hitcount|p2a: Granbull|2\n|move|p2a: Granbull|Thunder Wave|p1a: Salamence\n|-status|p1a: Salamence|par\n|\n|-heal|p2a: Granbull|168/302 par|[from] item: Leftovers\n|upkeep\n|turn|31\n|\n|t:|1733782634\n|move|p1a: Salamence|Dragon Dance|p1a: Salamence\n|-boost|p1a: Salamence|atk|1\n|-boost|p1a: Salamence|spe|1\n|move|p2a: Granbull|Roar|p1a: Salamence\n|drag|p1a: Gogoat|Gogoat, L88, F|360/360\n|\n|-heal|p2a: Granbull|186/302 par|[from] item: Leftovers\n|upkeep\n|turn|32\n|inactive|Atumalacacaca has 120 seconds left.\n|\n|t:|1733782657\n|switch|p2a: Ditto|Ditto, L87|225/225\n|-transform|p2a: Ditto|p1a: Gogoat|[from] ability: Imposter\n|move|p1a: Gogoat|Earthquake|p2a: Ditto\n|-resisted|p2a: Ditto\n|-damage|p2a: Ditto|172/225\n|\n|upkeep\n|turn|33\n|\n|t:|1733782668\n|switch|p1a: Delibird|Delibird, F|209/252\n|move|p2a: Ditto|Bulk Up|p2a: Ditto\n|-boost|p2a: Ditto|atk|1\n|-boost|p2a: Ditto|def|1\n|\n|upkeep\n|turn|34\n|inactive|meka1961 has 120 seconds left.\n|\n|t:|1733782691\n|switch|p2a: Granbull|Granbull, L88, M|186/302 par\n|-ability|p2a: Granbull|Intimidate|boost\n|-unboost|p1a: Delibird|atk|1\n|move|p1a: Delibird|Freeze-Dry|p2a: Granbull\n|-damage|p2a: Granbull|83/302 par\n|\n|-heal|p2a: Granbull|101/302 par|[from] item: Leftovers\n|upkeep\n|turn|35\n|\n|t:|1733782696\n|move|p1a: Delibird|Freeze-Dry|p2a: Granbull\n|-damage|p2a: Granbull|0 fnt\n|faint|p2a: Granbull\n|\n|upkeep\n|\n|t:|1733782705\n|switch|p2a: Ditto|Ditto, L87|172/225\n|-transform|p2a: Ditto|p1a: Delibird|[from] ability: Imposter\n|turn|36\n|\n|t:|1733782717\n|switch|p1a: Probopass|Probopass, L92, M|108/260\n|move|p2a: Ditto|Spikes|p1a: Probopass\n|-sidestart|p1: Atumalacacaca|Spikes\n|\n|-heal|p1a: Probopass|124/260|[from] item: Leftovers\n|upkeep\n|turn|37\n|\n|t:|1733782725\n|switch|p2a: Vaporeon|Vaporeon, L86, M|364/364\n|move|p1a: Probopass|Power Gem|p2a: Vaporeon\n|-damage|p2a: Vaporeon|291/364\n|\n|-heal|p2a: Vaporeon|313/364|[from] item: Leftovers\n|-heal|p1a: Probopass|140/260|[from] item: Leftovers\n|upkeep\n|turn|38\n|\n|t:|1733782737\n|switch|p1a: Gogoat|Gogoat, L88, F|360/360\n|-damage|p1a: Gogoat|315/360|[from] Spikes\n|move|p2a: Vaporeon|Scald|p1a: Gogoat\n|-resisted|p1a: Gogoat\n|-damage|p1a: Gogoat|269/360\n|-status|p1a: Gogoat|brn\n|\n|-heal|p1a: Gogoat|291/360 brn|[from] item: Leftovers\n|-heal|p2a: Vaporeon|335/364|[from] item: Leftovers\n|-damage|p1a: Gogoat|269/360 brn|[from] brn\n|upkeep\n|turn|39\n|\n|t:|1733782752\n|move|p1a: Gogoat|Horn Leech|p2a: Vaporeon\n|-supereffective|p2a: Vaporeon\n|-damage|p2a: Vaporeon|223/364\n|-heal|p1a: Gogoat|325/360 brn|[from] drain|[of] p2a: Vaporeon\n|move|p2a: Vaporeon|Calm Mind|p2a: Vaporeon\n|-boost|p2a: Vaporeon|spa|1\n|-boost|p2a: Vaporeon|spd|1\n|\n|-heal|p1a: Gogoat|347/360 brn|[from] item: Leftovers\n|-heal|p2a: Vaporeon|245/364|[from] item: Leftovers\n|-damage|p1a: Gogoat|325/360 brn|[from] brn\n|upkeep\n|turn|40\n|\n|t:|1733782762\n|move|p1a: Gogoat|Horn Leech|p2a: Vaporeon\n|-supereffective|p2a: Vaporeon\n|-damage|p2a: Vaporeon|124/364\n|-heal|p1a: Gogoat|360/360 brn|[from] drain|[of] p2a: Vaporeon\n|move|p2a: Vaporeon|Wish|p2a: Vaporeon\n|\n|-heal|p2a: Vaporeon|146/364|[from] item: Leftovers\n|-damage|p1a: Gogoat|338/360 brn|[from] brn\n|upkeep\n|turn|41\n|\n|t:|1733782772\n|move|p2a: Vaporeon|Protect|p2a: Vaporeon\n|-singleturn|p2a: Vaporeon|Protect\n|move|p1a: Gogoat|Horn Leech|p2a: Vaporeon\n|-activate|p2a: Vaporeon|move: Protect\n|\n|-heal|p2a: Vaporeon|328/364|[from] move: Wish|[wisher] Vaporeon\n|-heal|p1a: Gogoat|360/360 brn|[from] item: Leftovers\n|-heal|p2a: Vaporeon|350/364|[from] item: Leftovers\n|-damage|p1a: Gogoat|338/360 brn|[from] brn\n|upkeep\n|turn|42\n|\n|t:|1733782782\n|move|p1a: Gogoat|Bulk Up|p1a: Gogoat\n|-boost|p1a: Gogoat|atk|1\n|-boost|p1a: Gogoat|def|1\n|move|p2a: Vaporeon|Calm Mind|p2a: Vaporeon\n|-boost|p2a: Vaporeon|spa|1\n|-boost|p2a: Vaporeon|spd|1\n|\n|-heal|p1a: Gogoat|360/360 brn|[from] item: Leftovers\n|-heal|p2a: Vaporeon|364/364|[from] item: Leftovers\n|-damage|p1a: Gogoat|338/360 brn|[from] brn\n|upkeep\n|turn|43\n|\n|t:|1733782791\n|move|p1a: Gogoat|Bulk Up|p1a: Gogoat\n|-boost|p1a: Gogoat|atk|1\n|-boost|p1a: Gogoat|def|1\n|move|p2a: Vaporeon|Calm Mind|p2a: Vaporeon\n|-boost|p2a: Vaporeon|spa|1\n|-boost|p2a: Vaporeon|spd|1\n|\n|-heal|p1a: Gogoat|360/360 brn|[from] item: Leftovers\n|-damage|p1a: Gogoat|338/360 brn|[from] brn\n|upkeep\n|turn|44\n|\n|t:|1733782800\n|move|p1a: Gogoat|Horn Leech|p2a: Vaporeon\n|-supereffective|p2a: Vaporeon\n|-damage|p2a: Vaporeon|138/364\n|-heal|p1a: Gogoat|360/360 brn|[from] drain|[of] p2a: Vaporeon\n|move|p2a: Vaporeon|Scald|p1a: Gogoat\n|-resisted|p1a: Gogoat\n|-damage|p1a: Gogoat|237/360 brn\n|\n|-heal|p1a: Gogoat|259/360 brn|[from] item: Leftovers\n|-heal|p2a: Vaporeon|160/364|[from] item: Leftovers\n|-damage|p1a: Gogoat|237/360 brn|[from] brn\n|upkeep\n|turn|45\n|\n|t:|1733782816\n|-terastallize|p2a: Vaporeon|Poison\n|move|p1a: Gogoat|Horn Leech|p2a: Vaporeon\n|-resisted|p2a: Vaporeon\n|-damage|p2a: Vaporeon|106/364\n|-heal|p1a: Gogoat|264/360 brn|[from] drain|[of] p2a: Vaporeon\n|move|p2a: Vaporeon|Wish|p2a: Vaporeon\n|\n|-heal|p1a: Gogoat|286/360 brn|[from] item: Leftovers\n|-heal|p2a: Vaporeon|128/364|[from] item: Leftovers\n|-damage|p1a: Gogoat|264/360 brn|[from] brn\n|upkeep\n|turn|46\n|\n|t:|1733782825\n|move|p2a: Vaporeon|Protect|p2a: Vaporeon\n|-singleturn|p2a: Vaporeon|Protect\n|move|p1a: Gogoat|Bulk Up|p1a: Gogoat\n|-boost|p1a: Gogoat|atk|1\n|-boost|p1a: Gogoat|def|1\n|\n|-heal|p2a: Vaporeon|310/364|[from] move: Wish|[wisher] Vaporeon\n|-heal|p1a: Gogoat|286/360 brn|[from] item: Leftovers\n|-heal|p2a: Vaporeon|332/364|[from] item: Leftovers\n|-damage|p1a: Gogoat|264/360 brn|[from] brn\n|upkeep\n|turn|47\n|\n|t:|1733782830\n|move|p1a: Gogoat|Earthquake|p2a: Vaporeon\n|-supereffective|p2a: Vaporeon\n|-damage|p2a: Vaporeon|86/364\n|move|p2a: Vaporeon|Scald|p1a: Gogoat\n|-resisted|p1a: Gogoat\n|-damage|p1a: Gogoat|132/360 brn\n|\n|-heal|p1a: Gogoat|154/360 brn|[from] item: Leftovers\n|-heal|p2a: Vaporeon|108/364|[from] item: Leftovers\n|-damage|p1a: Gogoat|132/360 brn|[from] brn\n|upkeep\n|turn|48\n|\n|t:|1733782840\n|switch|p2a: Zamazenta|Zamazenta, L71|248/248\n|-ability|p2a: Zamazenta|Dauntless Shield|boost\n|-boost|p2a: Zamazenta|def|1\n|move|p1a: Gogoat|Earthquake|p2a: Zamazenta\n|-damage|p2a: Zamazenta|181/248\n|\n|-heal|p1a: Gogoat|154/360 brn|[from] item: Leftovers\n|-damage|p1a: Gogoat|132/360 brn|[from] brn\n|upkeep\n|turn|49\n|\n|t:|1733782855\n|switch|p2a: Ho-Oh|Ho-Oh, L71|268/268 par\n|move|p1a: Gogoat|Milk Drink|p1a: Gogoat\n|-heal|p1a: Gogoat|312/360 brn\n|\n|-heal|p1a: Gogoat|334/360 brn|[from] item: Leftovers\n|-damage|p1a: Gogoat|312/360 brn|[from] brn\n|upkeep\n|turn|50\n|\n|t:|1733782867\n|switch|p1a: Clawitzer|Clawitzer, L87, M|214/265\n|-damage|p1a: Clawitzer|181/265|[from] Spikes\n|move|p2a: Ho-Oh|Sacred Fire|p1a: Clawitzer\n|-resisted|p1a: Clawitzer\n|-damage|p1a: Clawitzer|133/265\n|\n|upkeep\n|turn|51\n|\n|t:|1733782878\n|switch|p2a: Ditto|Ditto, L87|172/225\n|-transform|p2a: Ditto|p1a: Clawitzer|[from] ability: Imposter\n|move|p1a: Clawitzer|Dragon Pulse|p2a: Ditto\n|-damage|p2a: Ditto|0 fnt\n|faint|p2a: Ditto\n|\n|upkeep\n|\n|t:|1733782883\n|switch|p2a: Vaporeon|Vaporeon, L86, M, tera:Poison|108/364\n|turn|52\n|\n|t:|1733782890\n|move|p2a: Vaporeon|Wish|p2a: Vaporeon\n|move|p1a: Clawitzer|Dragon Pulse|p2a: Vaporeon\n|-damage|p2a: Vaporeon|0 fnt\n|faint|p2a: Vaporeon\n|\n|upkeep\n|\n|t:|1733782892\n|switch|p2a: Zamazenta|Zamazenta, L71|181/248\n|turn|53\n|\n|t:|1733782900\n|move|p2a: Zamazenta|Stone Edge|p1a: Clawitzer\n|-damage|p1a: Clawitzer|53/265\n|move|p1a: Clawitzer|Dragon Pulse|p2a: Zamazenta\n|-damage|p2a: Zamazenta|8/248\n|\n|-heal|p2a: Zamazenta|190/248|[from] move: Wish|[wisher] Vaporeon\n|upkeep\n|turn|54\n|\n|t:|1733782909\n|move|p2a: Zamazenta|Stone Edge|p1a: Clawitzer\n|-damage|p1a: Clawitzer|0 fnt\n|faint|p1a: Clawitzer\n|\n|upkeep\n|\n|t:|1733782919\n|switch|p1a: Gogoat|Gogoat, L88, F|312/360 brn\n|-damage|p1a: Gogoat|267/360 brn|[from] Spikes\n|turn|55\n|\n|t:|1733782923\n|switch|p2a: Ho-Oh|Ho-Oh, L71|268/268 par\n|move|p1a: Gogoat|Bulk Up|p1a: Gogoat\n|-boost|p1a: Gogoat|atk|1\n|-boost|p1a: Gogoat|def|1\n|\n|-heal|p1a: Gogoat|289/360 brn|[from] item: Leftovers\n|-damage|p1a: Gogoat|267/360 brn|[from] brn\n|upkeep\n|turn|56\n|inactive|Atumalacacaca has 120 seconds left.\n|\n|t:|1733782953\n|move|p1a: Gogoat|Horn Leech|p2a: Ho-Oh\n|-resisted|p2a: Ho-Oh\n|-damage|p2a: Ho-Oh|248/268 par\n|-heal|p1a: Gogoat|277/360 brn|[from] drain|[of] p2a: Ho-Oh\n|move|p2a: Ho-Oh|Sacred Fire|p1a: Gogoat\n|-supereffective|p1a: Gogoat\n|-damage|p1a: Gogoat|113/360 brn\n|\n|-heal|p1a: Gogoat|135/360 brn|[from] item: Leftovers\n|-damage|p1a: Gogoat|113/360 brn|[from] brn\n|upkeep\n|turn|57\n|\n|t:|1733782959\n|move|p1a: Gogoat|Milk Drink|p1a: Gogoat\n|-heal|p1a: Gogoat|293/360 brn\n|move|p2a: Ho-Oh|Sacred Fire|p1a: Gogoat\n|-supereffective|p1a: Gogoat\n|-damage|p1a: Gogoat|125/360 brn\n|\n|-heal|p1a: Gogoat|147/360 brn|[from] item: Leftovers\n|-damage|p1a: Gogoat|125/360 brn|[from] brn\n|upkeep\n|turn|58\n|\n|t:|1733782963\n|move|p1a: Gogoat|Milk Drink|p1a: Gogoat\n|-heal|p1a: Gogoat|305/360 brn\n|cant|p2a: Ho-Oh|par\n|\n|-heal|p1a: Gogoat|327/360 brn|[from] item: Leftovers\n|-damage|p1a: Gogoat|305/360 brn|[from] brn\n|upkeep\n|turn|59\n|\n|t:|1733782968\n|move|p1a: Gogoat|Bulk Up|p1a: Gogoat\n|-boost|p1a: Gogoat|atk|1\n|-boost|p1a: Gogoat|def|1\n|cant|p2a: Ho-Oh|par\n|\n|-heal|p1a: Gogoat|327/360 brn|[from] item: Leftovers\n|-damage|p1a: Gogoat|305/360 brn|[from] brn\n|upkeep\n|turn|60\n|\n|t:|1733782971\n|move|p1a: Gogoat|Horn Leech|p2a: Ho-Oh\n|-resisted|p2a: Ho-Oh\n|-damage|p2a: Ho-Oh|224/268 par\n|-heal|p1a: Gogoat|317/360 brn|[from] drain|[of] p2a: Ho-Oh\n|move|p2a: Ho-Oh|Brave Bird|p1a: Gogoat\n|-supereffective|p1a: Gogoat\n|-crit|p1a: Gogoat\n|-damage|p1a: Gogoat|0 fnt\n|faint|p1a: Gogoat\n|-damage|p2a: Ho-Oh|119/268 par|[from] Recoil\n|\n|upkeep\n|\n|t:|1733782997\n|switch|p1a: Probopass|Probopass, L92, M|140/260\n|-damage|p1a: Probopass|108/260|[from] Spikes\n|turn|61\n|\n|t:|1733783010\n|move|p1a: Probopass|Power Gem|p2a: Ho-Oh\n|-supereffective|p2a: Ho-Oh\n|-damage|p2a: Ho-Oh|0 fnt\n|faint|p2a: Ho-Oh\n|\n|-heal|p1a: Probopass|124/260|[from] item: Leftovers\n|upkeep\n|\n|t:|1733783012\n|switch|p2a: Zamazenta|Zamazenta, L71|190/248\n|turn|62\n|\n|t:|1733783039\n|move|p2a: Zamazenta|Close Combat|p1a: Probopass\n|-supereffective|p1a: Probopass\n|-damage|p1a: Probopass|0 fnt\n|-unboost|p2a: Zamazenta|def|1\n|-unboost|p2a: Zamazenta|spd|1\n|faint|p1a: Probopass\n|\n|upkeep\n|\n|t:|1733783056\n|switch|p1a: Salamence|Salamence, L77, M, tera:Steel|273/273 par\n|turn|63\n|\n|t:|1733783059\n|move|p2a: Zamazenta|Close Combat|p1a: Salamence\n|-supereffective|p1a: Salamence\n|-damage|p1a: Salamence|0 fnt\n|-unboost|p2a: Zamazenta|def|1\n|-unboost|p2a: Zamazenta|spd|1\n|faint|p1a: Salamence\n|\n|upkeep\n|\n|t:|1733783062\n|switch|p1a: Delibird|Delibird, F|209/252\n|turn|64\n|\n|t:|1733783064\n|move|p2a: Zamazenta|Close Combat|p1a: Delibird\n|-damage|p1a: Delibird|0 fnt\n|-unboost|p2a: Zamazenta|def|1\n|-unboost|p2a: Zamazenta|spd|1\n|faint|p1a: Delibird\n|\n|win|meka1961\n|raw|Atumalacacaca's rating: 1269 &rarr; <strong>1245</strong><br />(-24 for losing)\n|raw|meka1961's rating: 1279 &rarr; <strong>1303</strong><br />(+24 for winning)\n|l|\u2606Atumalacacaca\n|player|p1|\n", "inputlog": ">version bfd83cad13791eb5a5a409923076391caf6fb4d4\n>start {\"formatid\":\"gen9randombattle\",\"seed\":[60982,32963,15409,15058],\"rated\":\"Rated battle\"}\n>player p1 {\"name\":\"Atumalacacaca\",\"avatar\":\"red\",\"rating\":1269,\"seed\":[279,5302,39406,44466]}\n>player p2 {\"name\":\"meka1961\",\"avatar\":\"caitlin\",\"rating\":1279,\"seed\":[29280,35616,16930,44609]}\n>p1 move powergem\n>p2 move earthquake\n>p1 switch 4\n>p2 move earthquake\n>p1 move rapidspin\n>p2 switch 2\n>p1 switch 6\n>p2 move thunderwave\n>p1 move thunderwave\n>p2 move roar\n>p1 switch 3\n>p2 move thunderwave\n>p1 move encore\n>p2 switch 2\n>p1 move thunderwave\n>p2 move recover\n>p1 move thunderwave\n>p2 move sacredfire\n>p1 switch 2\n>p2 move sacredfire\n>p1 move waterpulse\n>p2 switch 4\n>p1 switch 6\n>p2 move sleeppowder\n>p1 move bravebird\n>p2 move sleeppowder\n>p2 switch 2\n>p1 switch 2\n>p2 move thunderwave\n>p1 move playrough\n>p2 switch 4\n>p1 move playrough\n>p2 move earthquake\n>p1 move playrough\n>p2 move earthquake\n>p1 move playrough\n>p2 move earthquake\n>p1 move playrough\n>p2 move bravebird\n>p1 move playrough\n>p2 move recover\n>p1 move playrough\n>p2 move recover\n>p1 move playrough\n>p2 move earthquake\n>p1 move playrough\n>p2 move recover\n>p1 move playrough\n>p2 move earthquake\n>p1 move playrough\n>p2 move earthquake\n>p1 move encore\n>p2 move recover\n>p1 switch 6\n>p2 switch 4\n>p1 move uturn\n>p2 move playrough\n>p1 switch 6\n>p1 switch 5\n>p1 move dragondance terastallize\n>p2 move thunderwave\n>p1 move dualwingbeat\n>p2 move thunderwave\n>p1 move dragondance\n>p2 move roar\n>p1 move earthquake\n>p2 switch 5\n>p1 switch 2\n>p2 move bulkup\n>p1 move freezedry\n>p2 switch 5\n>p1 move freezedry\n>p2 move thunderwave\n>p2 switch 5\n>p1 switch 4\n>p2 move spikes\n>p1 move powergem\n>p2 switch 6\n>p1 switch 2\n>p2 move scald\n>p1 move hornleech\n>p2 move calmmind\n>p1 move hornleech\n>p2 move wish\n>p1 move hornleech\n>p2 move protect\n>p1 move bulkup\n>p2 move calmmind\n>p1 move bulkup\n>p2 move calmmind\n>p1 move hornleech\n>p2 move scald\n>p1 move hornleech\n>p2 move wish terastallize\n>p1 move bulkup\n>p2 move protect\n>p1 move earthquake\n>p2 move scald\n>p1 move earthquake\n>p2 switch 3\n>p1 move milkdrink\n>p2 switch 4\n>p1 switch 6\n>p2 move sacredfire\n>p1 move dragonpulse\n>p2 switch 6\n>p2 switch 3\n>p1 move dragonpulse\n>p2 move wish\n>p2 switch 4\n>p1 move dragonpulse\n>p2 move stoneedge\n>p1 move dragonpulse\n>p2 move stoneedge\n>p1 switch 6\n>p1 move bulkup\n>p2 switch 6\n>p1 move hornleech\n>p2 move sacredfire\n>p1 move milkdrink\n>p2 move sacredfire\n>p1 move milkdrink\n>p2 move sacredfire\n>p1 move bulkup\n>p2 move bravebird\n>p1 move hornleech\n>p2 move bravebird\n>p1 switch 2\n>p1 move powergem\n>p2 move earthquake\n>p2 switch 6\n>p1 move bodypress\n>p2 move closecombat\n>p1 switch 3\n>p1 move dualwingbeat\n>p2 move closecombat\n>p1 switch 4\n>p1 move bravebird\n>p2 move closecombat", "uploadtime": 1733783074, "views": 19, "formatid": "gen9randombattle", "rating": 1245, "private": 0, "password": null}