{"id": "gen9randombattle-2225828804", "format": "[Gen 9] Random Battle", "players": ["nocomment3", "sidd750"], "log": "|badge|p1|bronze|gen9randombattle|100-3\n|uhtml|medal-msg|<div class=\"broadcast-blue\">Curious what those medals under the avatar are? PS now has Ladder Seasons! For more information, check out the <a href=\"https://www.smogon.com/forums/threads/3740067/\">thread on Smogon.</a></div>\n|j|\u2606nocomment3\n|j|\u2606sidd750\n|t:|1729273324\n|gametype|singles\n|player|p1|nocomment3|169|2255\n|player|p2|sidd750|dawn|2269\n|teamsize|p1|6\n|teamsize|p2|6\n|gen|9\n|tier|[Gen 9] Random Battle\n|rated|\n|rule|Species Clause: Limit one of each Pok\u00e9mon\n|rule|HP Percentage Mod: HP is shown in percentages\n|rule|Sleep Clause Mod: Limit one foe put to sleep\n|rule|Illusion Level Mod: Illusion disguises the Pok\u00e9mon's true level\n|\n|t:|1729273324\n|start\n|switch|p1a: Mew|Mew, L82|298/298\n|switch|p2a: Raging Bolt|Raging Bolt, L78|323/323\n|turn|1\n|\n|t:|1729273332\n|move|p1a: Mew|Nasty Plot|p1a: Mew\n|-boost|p1a: Mew|spa|2\n|move|p2a: Raging Bolt|Volt Switch|p1a: Mew\n|-damage|p1a: Mew|222/298\n|\n|t:|1729273345\n|-end|p2a: Raging Bolt|Protosynthesis|[silent]\n|switch|p2a: Hypno|Hypno, L95, F|315/315|[from] Volt Switch\n|\n|upkeep\n|turn|2\n|\n|t:|1729273352\n|-terastallize|p1a: Mew|Ground\n|move|p1a: Mew|Earth Power|p2a: Hypno\n|-damage|p2a: Hypno|134/315\n|-damage|p1a: Mew|193/298|[from] item: Life Orb\n|move|p2a: Hypno|Thunder Wave|p1a: Mew\n|-immune|p1a: Mew\n|\n|-heal|p2a: Hypno|153/315|[from] item: Leftovers\n|upkeep\n|turn|3\n|\n|t:|1729273364\n|move|p1a: Mew|Earth Power|p2a: Hypno\n|-damage|p2a: Hypno|0 fnt\n|faint|p2a: Hypno\n|-damage|p1a: Mew|164/298|[from] item: Life Orb\n|\n|upkeep\n|\n|t:|1729273387\n|switch|p2a: Shiftry|Shiftry, L89, F|305/305\n|turn|4\n|\n|t:|1729273394\n|switch|p1a: Entei|Entei, L78|307/307\n|move|p2a: Shiftry|Tailwind|p2a: Shiftry\n|-sidestart|p2: sidd750|move: Tailwind\n|-ability|p2a: Shiftry|Wind Rider|boost\n|-boost|p2a: Shiftry|atk|1\n|\n|upkeep\n|turn|5\n|\n|t:|1729273410\n|move|p2a: Shiftry|Knock Off|p1a: Entei\n|-damage|p1a: Entei|72/307\n|-enditem|p1a: Entei|Choice Band|[from] move: Knock Off|[of] p2a: Shiftry\n|-damage|p2a: Shiftry|275/305|[from] item: Life Orb\n|move|p1a: Entei|Sacred Fire|p2a: Shiftry\n|-supereffective|p2a: Shiftry\n|-damage|p2a: Shiftry|0 fnt\n|faint|p2a: Shiftry\n|\n|upkeep\n|\n|t:|1729273415\n|switch|p2a: Raging Bolt|Raging Bolt, L78|323/323\n|turn|6\n|\n|t:|1729273423\n|move|p1a: Entei|Extreme Speed|p2a: Raging Bolt\n|-damage|p2a: Raging Bolt|266/323\n|move|p2a: Raging Bolt|Draco Meteor|p1a: Entei\n|-damage|p1a: Entei|0 fnt\n|-unboost|p2a: Raging Bolt|spa|2\n|faint|p1a: Entei\n|\n|upkeep\n|\n|t:|1729273428\n|switch|p1a: Mew|Mew, L82, tera:Ground|164/298\n|turn|7\n|\n|t:|1729273451\n|-end|p2a: Raging Bolt|Protosynthesis|[silent]\n|switch|p2a: Farigiraf|Farigiraf, L91, M|366/366\n|move|p1a: Mew|Nasty Plot|p1a: Mew\n|-boost|p1a: Mew|spa|2\n|\n|-sideend|p2: sidd750|move: Tailwind\n|upkeep\n|turn|8\n|\n|t:|1729273458\n|move|p1a: Mew|Earth Power|p2a: Farigiraf\n|-damage|p2a: Farigiraf|93/366\n|-damage|p1a: Mew|135/298|[from] item: Life Orb\n|move|p2a: Farigiraf|Body Slam|p1a: Mew\n|-damage|p1a: Mew|45/298\n|\n|-heal|p2a: Farigiraf|115/366|[from] item: Leftovers\n|upkeep\n|turn|9\n|\n|t:|1729273467\n|move|p2a: Farigiraf|Protect|p2a: Farigiraf\n|-singleturn|p2a: Farigiraf|Protect\n|move|p1a: Mew|Earth Power|p2a: Farigiraf\n|-activate|p2a: Farigiraf|move: Protect\n|\n|-heal|p2a: Farigiraf|137/366|[from] item: Leftovers\n|upkeep\n|turn|10\n|\n|t:|1729273473\n|switch|p2a: Mudsdale|Mudsdale, L84, F|305/305\n|move|p1a: Mew|Earth Power|p2a: Mudsdale\n|-damage|p2a: Mudsdale|74/305\n|-ability|p2a: Mudsdale|Stamina|boost\n|-boost|p2a: Mudsdale|def|1\n|-damage|p1a: Mew|16/298|[from] item: Life Orb\n|\n|-heal|p2a: Mudsdale|93/305|[from] item: Leftovers\n|upkeep\n|turn|11\n|\n|t:|1729273480\n|move|p1a: Mew|Earth Power|p2a: Mudsdale\n|-damage|p2a: Mudsdale|0 fnt\n|faint|p2a: Mudsdale\n|-damage|p1a: Mew|0 fnt|[from] item: Life Orb\n|faint|p1a: Mew\n|\n|upkeep\n|\n|t:|1729273489\n|switch|p1a: Mesprit|Mesprit, L85|275/275\n|switch|p2a: Raging Bolt|Raging Bolt, L78|266/323\n|turn|12\n|\n|t:|1729273493\n|move|p1a: Mesprit|Ice Beam|p2a: Raging Bolt\n|-supereffective|p2a: Raging Bolt\n|-damage|p2a: Raging Bolt|162/323\n|-status|p2a: Raging Bolt|frz\n|cant|p2a: Raging Bolt|frz\n|\n|upkeep\n|turn|13\n|\n|t:|1729273497\n|move|p1a: Mesprit|Ice Beam|p2a: Raging Bolt\n|-supereffective|p2a: Raging Bolt\n|-damage|p2a: Raging Bolt|56/323 frz\n|-curestatus|p2a: Raging Bolt|frz|[msg]\n|move|p2a: Raging Bolt|Discharge|p1a: Mesprit\n|-damage|p1a: Mesprit|188/275\n|\n|-heal|p1a: Mesprit|205/275|[from] item: Leftovers\n|upkeep\n|turn|14\n|\n|t:|1729273502\n|move|p1a: Mesprit|Ice Beam|p2a: Raging Bolt\n|-supereffective|p2a: Raging Bolt\n|-damage|p2a: Raging Bolt|0 fnt\n|faint|p2a: Raging Bolt\n|-end|p2a: Raging Bolt|Protosynthesis|[silent]\n|\n|-heal|p1a: Mesprit|222/275|[from] item: Leftovers\n|upkeep\n|\n|t:|1729273509\n|switch|p2a: Registeel|Registeel, L81|262/262\n|turn|15\n|\n|t:|1729273518\n|move|p1a: Mesprit|Thunder Wave|p2a: Registeel\n|-status|p2a: Registeel|par\n|move|p2a: Registeel|Thunder Wave|p1a: Mesprit\n|-status|p1a: Mesprit|par\n|\n|-heal|p1a: Mesprit|239/275 par|[from] item: Leftovers\n|upkeep\n|turn|16\n|\n|t:|1729273524\n|move|p1a: Mesprit|Knock Off|p2a: Registeel\n|-damage|p2a: Registeel|213/262 par\n|-enditem|p2a: Registeel|Leftovers|[from] move: Knock Off|[of] p1a: Mesprit\n|move|p2a: Registeel|Iron Defense|p2a: Registeel\n|-boost|p2a: Registeel|def|2\n|\n|-heal|p1a: Mesprit|256/275 par|[from] item: Leftovers\n|upkeep\n|turn|17\n|\n|t:|1729273530\n|switch|p1a: Cinderace|Cinderace, L77, M|249/249\n|move|p2a: Registeel|Iron Defense|p2a: Registeel\n|-boost|p2a: Registeel|def|2\n|\n|upkeep\n|turn|18\n|\n|t:|1729273534\n|move|p1a: Cinderace|High Jump Kick|p2a: Registeel\n|-start|p1a: Cinderace|typechange|Fighting|[from] ability: Libero\n|-supereffective|p2a: Registeel\n|-damage|p2a: Registeel|123/262 par\n|cant|p2a: Registeel|par\n|\n|upkeep\n|turn|19\n|\n|t:|1729273542\n|move|p1a: Cinderace|High Jump Kick|p2a: Registeel\n|-supereffective|p2a: Registeel\n|-damage|p2a: Registeel|27/262 par\n|move|p2a: Registeel|Body Press|p1a: Cinderace\n|-damage|p1a: Cinderace|0 fnt\n|faint|p1a: Cinderace\n|\n|upkeep\n|\n|t:|1729273549\n|switch|p1a: Probopass|Probopass, L92, F|260/260\n|turn|20\n|\n|t:|1729273554\n|-terastallize|p2a: Registeel|Fighting\n|move|p1a: Probopass|Body Press|p2a: Registeel\n|-damage|p2a: Registeel|3/262 par\n|move|p2a: Registeel|Body Press|p1a: Probopass\n|-supereffective|p1a: Probopass\n|-damage|p1a: Probopass|0 fnt\n|faint|p1a: Probopass\n|\n|upkeep\n|\n|t:|1729273566\n|switch|p1a: Mesprit|Mesprit, L85|256/275 par\n|turn|21\n|\n|t:|1729273571\n|cant|p1a: Mesprit|par\n|move|p2a: Registeel|Body Press|p1a: Mesprit\n|-resisted|p1a: Mesprit\n|-damage|p1a: Mesprit|110/275 par\n|\n|-heal|p1a: Mesprit|127/275 par|[from] item: Leftovers\n|upkeep\n|turn|22\n|\n|t:|1729273576\n|cant|p1a: Mesprit|par\n|move|p2a: Registeel|Body Press|p1a: Mesprit\n|-resisted|p1a: Mesprit\n|-damage|p1a: Mesprit|0 fnt\n|faint|p1a: Mesprit\n|\n|upkeep\n|\n|t:|1729273578\n|switch|p1a: Vileplume|Vileplume, L86, F|269/269\n|turn|23\n|\n|t:|1729273584\n|move|p1a: Vileplume|Sludge Bomb|p2a: Registeel\n|-crit|p2a: Registeel\n|-damage|p2a: Registeel|0 fnt\n|faint|p2a: Registeel\n|\n|upkeep\n|\n|t:|1729273586\n|switch|p2a: Farigiraf|Farigiraf, L91, M|137/366\n|turn|24\n|\n|t:|1729273594\n|move|p2a: Farigiraf|Protect|p2a: Farigiraf\n|-singleturn|p2a: Farigiraf|Protect\n|move|p1a: Vileplume|Sludge Bomb|p2a: Farigiraf\n|-activate|p2a: Farigiraf|move: Protect\n|\n|-heal|p2a: Farigiraf|159/366|[from] item: Leftovers\n|upkeep\n|turn|25\n|\n|t:|1729273602\n|move|p2a: Farigiraf|Psychic Noise|p1a: Vileplume\n|-supereffective|p1a: Vileplume\n|-damage|p1a: Vileplume|69/269\n|-start|p1a: Vileplume|move: Heal Block\n|move|p1a: Vileplume|Sludge Bomb|p2a: Farigiraf\n|-damage|p2a: Farigiraf|29/366\n|\n|-heal|p2a: Farigiraf|51/366|[from] item: Leftovers\n|upkeep\n|turn|26\n|-message|nocomment3 forfeited.\n|\n|win|sidd750\n|raw|nocomment3's rating: 2255 &rarr; <strong>2236</strong><br />(-19 for losing)\n|raw|sidd750's rating: 2269 &rarr; <strong>2288</strong><br />(+19 for winning)\n|l|\u2606nocomment3\n|player|p1|\n", "inputlog": ">version 24b5ea12b3dbe77b1f0aa07975a48e3bd4b94ca5\n>start {\"formatid\":\"gen9randombattle\",\"seed\":[4085,18963,6648,40460],\"rated\":\"Rated battle\"}\n>player p1 {\"name\":\"nocomment3\",\"avatar\":\"169\",\"rating\":2255,\"seed\":[41247,62082,18673,35889]}\n>player p2 {\"name\":\"sidd750\",\"avatar\":\"dawn\",\"rating\":2269,\"seed\":[4659,53810,2179,4704]}\n>p1 move nastyplot\n>p2 move voltswitch\n>p2 switch 4\n>p1 move earthpower terastallize\n>p2 move thunderwave\n>p1 move earthpower\n>p2 move encore\n>p2 switch 5\n>p1 switch 4\n>p2 move tailwind\n>p1 move sacredfire\n>p2 move knockoff\n>p2 switch 4\n>p1 move extremespeed\n>p2 move dracometeor\n>p1 switch 4\n>p1 move nastyplot\n>p2 switch 2\n>p1 move earthpower\n>p2 move bodyslam\n>p1 move earthpower\n>p2 move protect\n>p1 move earthpower\n>p2 switch 3\n>p1 move earthpower\n>p2 move stealthrock\n>p1 switch 5\n>p2 switch 2\n>p1 move icebeam\n>p2 move discharge\n>p1 move icebeam\n>p2 move discharge\n>p1 move icebeam\n>p2 move voltswitch\n>p2 switch 6\n>p1 move thunderwave\n>p2 move thunderwave\n>p1 move knockoff\n>p2 move irondefense\n>p1 switch 3\n>p2 move irondefense\n>p1 move highjumpkick\n>p2 move bodypress\n>p1 move highjumpkick\n>p2 move bodypress\n>p1 switch 2\n>p1 move bodypress\n>p2 move bodypress terastallize\n>p1 switch 3\n>p1 move psychicnoise\n>p2 move bodypress\n>p1 move psychicnoise\n>p2 move bodypress\n>p1 switch 6\n>p1 move sludgebomb\n>p2 move thunderwave\n>p2 switch 3\n>p1 move sludgebomb\n>p2 move protect\n>p1 move sludgebomb\n>p2 move psychicnoise\n>forcelose p1", "uploadtime": 1729273622, "views": 54, "formatid": "gen9randombattle", "rating": 2236, "private": 0, "password": null}