{"id": "gen9randombattle-2260477239", "format": "[Gen 9] Random Battle", "players": ["KenintheKlouds", "chillbidoof"], "log": "|j|\u2606KenintheKlouds\n|j|\u2606chillbidoof\n|t:|1733855395\n|gametype|singles\n|player|p1|KenintheKlouds|n|1294\n|player|p2|chillbidoof|clerkf|1313\n|teamsize|p1|6\n|teamsize|p2|6\n|gen|9\n|tier|[Gen 9] Random Battle\n|rated|\n|rule|Species Clause: Limit one of each Pok\u00e9mon\n|rule|HP Percentage Mod: HP is shown in percentages\n|rule|Sleep Clause Mod: Limit one foe put to sleep\n|rule|Illusion Level Mod: Illusion disguises the Pok\u00e9mon's true level\n|\n|t:|1733855395\n|start\n|switch|p1a: Seviper|Seviper, L93, M|287/287\n|switch|p2a: Basculin|Basculin-Blue-Striped, L86, M|261/261\n|turn|1\n|inactive|Battle timer is ON: inactive players will automatically lose when time's up. (requested by KenintheKlouds)\n|c|\u2606KenintheKlouds|glhf\n|\n|t:|1733855415\n|move|p2a: Basculin|Wave Crash|p1a: Seviper\n|-damage|p1a: Seviper|0 fnt\n|faint|p1a: Seviper\n|-damage|p2a: Basculin|166/261|[from] Recoil\n|\n|upkeep\n|\n|t:|1733855427\n|switch|p1a: Cacturne|Cacturne, L92, F|278/278\n|turn|2\n|\n|t:|1733855440\n|switch|p2a: Infernape|Infernape, L82, M|259/259\n|move|p1a: Cacturne|Seed Bomb|p2a: Infernape\n|-resisted|p2a: Infernape\n|-damage|p2a: Infernape|168/259\n|-damage|p1a: Cacturne|251/278|[from] item: Life Orb\n|\n|upkeep\n|turn|3\n|\n|t:|1733855455\n|switch|p1a: Grumpig|Grumpig, L92, M|297/297\n|move|p2a: Infernape|Gunk Shot|p1a: Grumpig\n|-damage|p1a: Grumpig|175/297\n|-damage|p2a: Infernape|143/259|[from] item: Life Orb\n|\n|-heal|p1a: Grumpig|193/297|[from] item: Leftovers\n|upkeep\n|turn|4\n|\n|t:|1733855479\n|switch|p2a: Urshifu|Urshifu, L74, M|270/270\n|move|p1a: Grumpig|Psychic|p2a: Urshifu\n|-immune|p2a: Urshifu\n|\n|-heal|p1a: Grumpig|211/297|[from] item: Leftovers\n|upkeep\n|turn|5\n|\n|t:|1733855488\n|-terastallize|p1a: Grumpig|Fairy\n|move|p1a: Grumpig|Dazzling Gleam|p2a: Urshifu\n|-supereffective|p2a: Urshifu\n|-damage|p2a: Urshifu|0 fnt\n|faint|p2a: Urshifu\n|\n|-heal|p1a: Grumpig|229/297|[from] item: Leftovers\n|upkeep\n|\n|t:|1733855497\n|switch|p2a: Iron Crown|Iron Crown, L78|268/268\n|turn|6\n|\n|t:|1733855507\n|move|p1a: Grumpig|Nasty Plot|p1a: Grumpig\n|-boost|p1a: Grumpig|spa|2\n|move|p2a: Iron Crown|Tachyon Cutter|p1a: Grumpig\n|-supereffective|p1a: Grumpig\n|-crit|p1a: Grumpig\n|-damage|p1a: Grumpig|95/297\n|-supereffective|p1a: Grumpig\n|-damage|p1a: Grumpig|9/297\n|-hitcount|p1a: Grumpig|2\n|\n|-heal|p1a: Grumpig|27/297|[from] item: Leftovers\n|upkeep\n|turn|7\n|\n|t:|1733855520\n|-end|p2a: Iron Crown|Quark Drive|[silent]\n|switch|p2a: Infernape|Infernape, L82, M|143/259\n|move|p1a: Grumpig|Earth Power|p2a: Infernape\n|-supereffective|p2a: Infernape\n|-damage|p2a: Infernape|0 fnt\n|faint|p2a: Infernape\n|\n|-heal|p1a: Grumpig|45/297|[from] item: Leftovers\n|upkeep\n|c|\u2606chillbidoof|u2\n|\n|t:|1733855538\n|switch|p2a: Basculin|Basculin-Blue-Striped, L86, M|166/261\n|turn|8\n|\n|t:|1733855552\n|switch|p1a: Cacturne|Cacturne, L92, F|251/278\n|move|p2a: Basculin|Flip Turn|p1a: Cacturne\n|-heal|p1a: Cacturne|278/278|[from] ability: Water Absorb|[of] p2a: Basculin\n|\n|upkeep\n|turn|9\n|\n|t:|1733855571\n|switch|p2a: Iron Crown|Iron Crown, L78|268/268\n|move|p1a: Cacturne|Swords Dance|p1a: Cacturne\n|-boost|p1a: Cacturne|atk|2\n|\n|upkeep\n|turn|10\n|\n|t:|1733855585\n|move|p1a: Cacturne|Sucker Punch|p2a: Iron Crown\n|-supereffective|p2a: Iron Crown\n|-damage|p2a: Iron Crown|0 fnt\n|faint|p2a: Iron Crown\n|-end|p2a: Iron Crown|Quark Drive|[silent]\n|-damage|p1a: Cacturne|251/278|[from] item: Life Orb\n|\n|upkeep\n|\n|t:|1733855594\n|switch|p2a: Regieleki|Regieleki, L79|256/256\n|turn|11\n|\n|t:|1733855598\n|switch|p1a: Scream Tail|Scream Tail, L84|330/330\n|-terastallize|p2a: Regieleki|Ice\n|move|p2a: Regieleki|Tera Blast|p1a: Scream Tail|[anim] Tera Blast Ice\n|-damage|p1a: Scream Tail|263/330\n|\n|-heal|p1a: Scream Tail|283/330|[from] item: Leftovers\n|upkeep\n|turn|12\n|\n|t:|1733855618\n|move|p2a: Regieleki|Volt Switch|p1a: Scream Tail\n|-damage|p1a: Scream Tail|201/330\n|\n|t:|1733855630\n|switch|p2a: Basculin|Basculin-Blue-Striped, L86, M|166/261|[from] Volt Switch\n|move|p1a: Scream Tail|Dazzling Gleam|p2a: Basculin\n|-crit|p2a: Basculin\n|-damage|p2a: Basculin|27/261\n|\n|-heal|p1a: Scream Tail|221/330|[from] item: Leftovers\n|upkeep\n|turn|13\n|\n|t:|1733855639\n|move|p1a: Scream Tail|Dazzling Gleam|p2a: Basculin\n|-damage|p2a: Basculin|0 fnt\n|faint|p2a: Basculin\n|\n|-heal|p1a: Scream Tail|241/330|[from] item: Leftovers\n|upkeep\n|\n|t:|1733855645\n|switch|p2a: Dragonite|Dragonite, L74, F|257/257\n|turn|14\n|\n|t:|1733855652\n|move|p1a: Scream Tail|Dazzling Gleam|p2a: Dragonite\n|-supereffective|p2a: Dragonite\n|-damage|p2a: Dragonite|191/257\n|move|p2a: Dragonite|Earthquake|p1a: Scream Tail\n|-damage|p1a: Scream Tail|171/330\n|\n|-heal|p1a: Scream Tail|191/330|[from] item: Leftovers\n|upkeep\n|turn|15\n|\n|t:|1733855667\n|move|p1a: Scream Tail|Wish|p1a: Scream Tail\n|move|p2a: Dragonite|Earthquake|p1a: Scream Tail\n|-damage|p1a: Scream Tail|126/330\n|\n|-heal|p1a: Scream Tail|146/330|[from] item: Leftovers\n|upkeep\n|turn|16\n|\n|t:|1733855673\n|move|p1a: Scream Tail|Dazzling Gleam|p2a: Dragonite\n|-supereffective|p2a: Dragonite\n|-damage|p2a: Dragonite|51/257\n|move|p2a: Dragonite|Dragon Dance|p2a: Dragonite\n|-boost|p2a: Dragonite|atk|1\n|-boost|p2a: Dragonite|spe|1\n|\n|-heal|p1a: Scream Tail|311/330|[from] move: Wish|[wisher] Scream Tail\n|-heal|p1a: Scream Tail|330/330|[from] item: Leftovers\n|upkeep\n|turn|17\n|\n|t:|1733855682\n|move|p2a: Dragonite|Earthquake|p1a: Scream Tail\n|-crit|p1a: Scream Tail\n|-damage|p1a: Scream Tail|195/330\n|move|p1a: Scream Tail|Dazzling Gleam|p2a: Dragonite\n|-supereffective|p2a: Dragonite\n|-damage|p2a: Dragonite|0 fnt\n|faint|p2a: Dragonite\n|\n|-heal|p1a: Scream Tail|215/330|[from] item: Leftovers\n|upkeep\n|\n|t:|1733855685\n|switch|p2a: Regieleki|Regieleki, L79, tera:Ice|256/256\n|turn|18\n|\n|t:|1733855693\n|move|p2a: Regieleki|Thunderbolt|p1a: Scream Tail\n|-crit|p1a: Scream Tail\n|-damage|p1a: Scream Tail|53/330\n|move|p1a: Scream Tail|Dazzling Gleam|p2a: Regieleki\n|-damage|p2a: Regieleki|150/256\n|\n|-heal|p1a: Scream Tail|73/330|[from] item: Leftovers\n|upkeep\n|turn|19\n|\n|t:|1733855708\n|move|p2a: Regieleki|Thunderbolt|p1a: Scream Tail\n|-damage|p1a: Scream Tail|0 fnt\n|faint|p1a: Scream Tail\n|-end|p1a: Scream Tail|Protosynthesis|[silent]\n|\n|upkeep\n|inactive|KenintheKlouds has 120 seconds left.\n|\n|t:|1733855734\n|switch|p1a: Iron Jugulis|Iron Jugulis, L78|275/275\n|turn|20\n|\n|t:|1733855744\n|move|p2a: Regieleki|Thunderbolt|p1a: Iron Jugulis\n|-supereffective|p1a: Iron Jugulis\n|-damage|p1a: Iron Jugulis|0 fnt\n|faint|p1a: Iron Jugulis\n|-end|p1a: Iron Jugulis|Quark Drive|[silent]\n|\n|upkeep\n|\n|t:|1733855747\n|switch|p1a: Koraidon|Koraidon, L64|235/235\n|-weather|SunnyDay|[from] ability: Orichalcum Pulse|[of] p1a: Koraidon\n|-activate|p1a: Koraidon|Orichalcum Pulse|[source]\n|turn|21\n|\n|t:|1733855765\n|move|p2a: Regieleki|Tera Blast|p1a: Koraidon|[anim] Tera Blast Ice\n|-supereffective|p1a: Koraidon\n|-damage|p1a: Koraidon|61/235\n|move|p1a: Koraidon|Flare Blitz|p2a: Regieleki\n|-supereffective|p2a: Regieleki\n|-damage|p2a: Regieleki|0 fnt\n|faint|p2a: Regieleki\n|-damage|p1a: Koraidon|11/235|[from] Recoil\n|\n|win|KenintheKlouds\n|raw|KenintheKlouds's rating: 1294 &rarr; <strong>1320</strong><br />(+26 for winning)\n|raw|chillbidoof's rating: 1313 &rarr; <strong>1292</strong><br />(-21 for losing)\n|c|\u2606KenintheKlouds|gg\n|l|\u2606chillbidoof\n|player|p2|\n", "inputlog": ">version bfd83cad13791eb5a5a409923076391caf6fb4d4\n>start {\"formatid\":\"gen9randombattle\",\"seed\":[63865,19087,12957,27524],\"rated\":\"Rated battle\"}\n>player p1 {\"name\":\"KenintheKlouds\",\"avatar\":\"n\",\"rating\":1294,\"seed\":[26772,48378,42293,35561]}\n>player p2 {\"name\":\"chillbidoof\",\"avatar\":\"clerkf\",\"rating\":1313,\"seed\":[54757,23926,6539,18307]}\n>chat \u2606KenintheKlouds|glhf\n>p1 move gigadrain\n>p2 move wavecrash\n>p1 switch 4\n>p1 move seedbomb\n>p2 switch 3\n>p1 switch 5\n>p2 move gunkshot\n>p1 move psychic\n>p2 switch 5\n>p1 move dazzlinggleam terastallize\n>p2 move wickedblow\n>p2 switch 2\n>p1 move nastyplot\n>p2 move tachyoncutter\n>p1 move earthpower\n>p2 switch 5\n>chat \u2606chillbidoof|u2\n>p2 switch 3\n>p1 switch 5\n>p2 move flipturn\n>p1 move swordsdance\n>p2 switch 5\n>p1 move suckerpunch\n>p2 move focusblast\n>p2 switch 4\n>p1 switch 3\n>p2 move terablast terastallize\n>p1 move dazzlinggleam\n>p2 move voltswitch\n>p2 switch 5\n>p1 move dazzlinggleam\n>p2 move wavecrash\n>p2 switch 6\n>p1 move dazzlinggleam\n>p2 move earthquake\n>p1 move wish\n>p2 move earthquake\n>p1 move dazzlinggleam\n>p2 move dragondance\n>p1 move dazzlinggleam\n>p2 move earthquake\n>p2 switch 5\n>p1 move dazzlinggleam\n>p2 move thunderbolt\n>p1 move wish\n>p2 move thunderbolt\n>p1 switch 2\n>p1 move earthpower\n>p2 move thunderbolt\n>p1 switch 6\n>p1 move flareblitz\n>p2 move terablast", "uploadtime": 1733855823, "views": 2, "formatid": "gen9randombattle", "rating": 1292, "private": 0, "password": null}