{"id": "gen9randombattle-2260093822", "format": "[Gen 9] Random Battle", "players": ["Bne1", "zyolite"], "log": "|j|\u2606Bne1\n|j|\u2606zyolite\n|t:|1733801509\n|gametype|singles\n|player|p1|Bne1|2|\n|player|p2|zyolite|102|\n|teamsize|p1|6\n|teamsize|p2|6\n|gen|9\n|tier|[Gen 9] Random Battle\n|rule|Species Clause: Limit one of each Pok\u00e9mon\n|rule|HP Percentage Mod: HP is shown in percentages\n|rule|Sleep Clause Mod: Limit one foe put to sleep\n|rule|Illusion Level Mod: Illusion disguises the Pok\u00e9mon's true level\n|\n|t:|1733801509\n|start\n|switch|p1a: Skarmory|Skarmory, L80, M|235/235\n|switch|p2a: Bellossom|Bellossom, L84, F|263/263\n|turn|1\n|l|\u2606zyolite\n|player|p2|\n|l|\u2606Bne1\n|player|p1|\n|j|\u2606zyolite\n|player|p2|zyolite|102|\n|j|\u2606Bne1\n|player|p1|Bne1|2|\n|\n|t:|1733801546\n|move|p1a: Skarmory|Spikes|p2a: Bellossom\n|-sidestart|p2: zyolite|Spikes\n|move|p2a: Bellossom|Quiver Dance|p2a: Bellossom\n|-boost|p2a: Bellossom|spa|1\n|-boost|p2a: Bellossom|spd|1\n|-boost|p2a: Bellossom|spe|1\n|\n|upkeep\n|turn|2\n|\n|t:|1733801554\n|move|p2a: Bellossom|Giga Drain|p1a: Skarmory\n|-resisted|p1a: Skarmory\n|-damage|p1a: Skarmory|199/235\n|move|p1a: Skarmory|Brave Bird|p2a: Bellossom\n|-supereffective|p2a: Bellossom\n|-damage|p2a: Bellossom|83/263\n|-damage|p1a: Skarmory|140/235|[from] Recoil\n|\n|-heal|p2a: Bellossom|99/263|[from] item: Leftovers\n|upkeep\n|turn|3\n|\n|t:|1733801564\n|move|p2a: Bellossom|Strength Sap|p1a: Skarmory\n|-unboost|p1a: Skarmory|atk|1\n|-heal|p2a: Bellossom|263/263\n|move|p1a: Skarmory|Brave Bird|p2a: Bellossom\n|-supereffective|p2a: Bellossom\n|-damage|p2a: Bellossom|143/263\n|-damage|p1a: Skarmory|100/235|[from] Recoil\n|\n|-heal|p2a: Bellossom|159/263|[from] item: Leftovers\n|upkeep\n|turn|4\n|\n|t:|1733801575\n|move|p2a: Bellossom|Strength Sap|p1a: Skarmory\n|-unboost|p1a: Skarmory|atk|1\n|-heal|p2a: Bellossom|263/263\n|move|p1a: Skarmory|Spikes|p2a: Bellossom\n|-sidestart|p2: zyolite|Spikes\n|\n|upkeep\n|turn|5\n|\n|t:|1733801583\n|move|p2a: Bellossom|Tera Blast|p1a: Skarmory\n|-resisted|p1a: Skarmory\n|-damage|p1a: Skarmory|49/235\n|move|p1a: Skarmory|Spikes|p2a: Bellossom\n|-sidestart|p2: zyolite|Spikes\n|\n|upkeep\n|turn|6\n|\n|t:|1733801589\n|move|p2a: Bellossom|Strength Sap|p1a: Skarmory\n|-unboost|p1a: Skarmory|atk|1\n|move|p1a: Skarmory|Spikes||[still]\n|-fail|p1a: Skarmory\n|\n|upkeep\n|turn|7\n|\n|t:|1733801598\n|-terastallize|p1a: Skarmory|Dragon\n|move|p2a: Bellossom|Giga Drain|p1a: Skarmory\n|-resisted|p1a: Skarmory\n|-damage|p1a: Skarmory|0 fnt\n|faint|p1a: Skarmory\n|\n|upkeep\n|\n|t:|1733801611\n|switch|p1a: Tauros|Tauros-Paldea-Combat, L82, M|257/257\n|-ability|p1a: Tauros|Intimidate|boost\n|-unboost|p2a: Bellossom|atk|1\n|turn|8\n|\n|t:|1733801621\n|move|p1a: Tauros|Stone Edge|p2a: Bellossom\n|-damage|p2a: Bellossom|175/263\n|-damage|p1a: Tauros|232/257|[from] item: Life Orb\n|move|p2a: Bellossom|Giga Drain|p1a: Tauros\n|-damage|p1a: Tauros|97/257\n|-heal|p2a: Bellossom|243/263|[from] drain|[of] p1a: Tauros\n|\n|-heal|p2a: Bellossom|259/263|[from] item: Leftovers\n|upkeep\n|turn|9\n|\n|t:|1733801635\n|move|p1a: Tauros|Close Combat|p2a: Bellossom\n|-damage|p2a: Bellossom|106/263\n|-unboost|p1a: Tauros|def|1\n|-unboost|p1a: Tauros|spd|1\n|-damage|p1a: Tauros|72/257|[from] item: Life Orb\n|move|p2a: Bellossom|Giga Drain|p1a: Tauros\n|-damage|p1a: Tauros|0 fnt\n|-heal|p2a: Bellossom|142/263|[from] drain|[of] p1a: Tauros\n|faint|p1a: Tauros\n|\n|-heal|p2a: Bellossom|158/263|[from] item: Leftovers\n|upkeep\n|\n|t:|1733801650\n|switch|p1a: Malamar|Malamar, L82, M|275/275\n|turn|10\n|\n|t:|1733801658\n|move|p2a: Bellossom|Giga Drain|p1a: Malamar\n|-damage|p1a: Malamar|152/275\n|-heal|p2a: Bellossom|220/263|[from] drain|[of] p1a: Malamar\n|move|p1a: Malamar|Superpower|p2a: Bellossom\n|-damage|p2a: Bellossom|151/263\n|-boost|p1a: Malamar|atk|1\n|-boost|p1a: Malamar|def|1\n|\n|-heal|p2a: Bellossom|167/263|[from] item: Leftovers\n|-heal|p1a: Malamar|169/275|[from] item: Leftovers\n|upkeep\n|turn|11\n|\n|t:|1733801681\n|move|p2a: Bellossom|Giga Drain|p1a: Malamar\n|-damage|p1a: Malamar|46/275\n|-heal|p2a: Bellossom|229/263|[from] drain|[of] p1a: Malamar\n|move|p1a: Malamar|Knock Off|p2a: Bellossom\n|-damage|p2a: Bellossom|93/263\n|-enditem|p2a: Bellossom|Leftovers|[from] move: Knock Off|[of] p1a: Malamar\n|\n|-heal|p1a: Malamar|63/275|[from] item: Leftovers\n|upkeep\n|turn|12\n|\n|t:|1733801691\n|switch|p2a: Rayquaza|Rayquaza, L72|270/270\n|-ability|p2a: Rayquaza|Air Lock\n|move|p1a: Malamar|Knock Off|p2a: Rayquaza\n|-damage|p2a: Rayquaza|107/270\n|-enditem|p2a: Rayquaza|Choice Band|[from] move: Knock Off|[of] p1a: Malamar\n|\n|-heal|p1a: Malamar|80/275|[from] item: Leftovers\n|upkeep\n|turn|13\n|\n|t:|1733801703\n|move|p2a: Rayquaza|U-turn|p1a: Malamar\n|-supereffective|p1a: Malamar\n|-damage|p1a: Malamar|0 fnt\n|faint|p1a: Malamar\n|\n|t:|1733801707\n|switch|p2a: Bellossom|Bellossom, L84, F|93/263|[from] U-turn\n|-damage|p2a: Bellossom|28/263|[from] Spikes\n|\n|upkeep\n|\n|t:|1733801713\n|switch|p1a: Minun|Minun, L95, F|268/268\n|turn|14\n|\n|t:|1733801721\n|move|p1a: Minun|Thunderbolt|p2a: Bellossom\n|-resisted|p2a: Bellossom\n|-damage|p2a: Bellossom|0 fnt\n|faint|p2a: Bellossom\n|-damage|p1a: Minun|242/268|[from] item: Life Orb\n|\n|upkeep\n|\n|t:|1733801732\n|switch|p2a: Blaziken|Blaziken, L76, F|247/247\n|-damage|p2a: Blaziken|186/247|[from] Spikes\n|turn|15\n|\n|t:|1733801741\n|move|p1a: Minun|Thunderbolt|p2a: Blaziken\n|-damage|p2a: Blaziken|1/247\n|-damage|p1a: Minun|216/268|[from] item: Life Orb\n|move|p2a: Blaziken|Flare Blitz|p1a: Minun\n|-damage|p1a: Minun|0 fnt\n|faint|p1a: Minun\n|-damage|p2a: Blaziken|0 fnt|[from] Recoil\n|faint|p2a: Blaziken\n|\n|upkeep\n|\n|t:|1733801751\n|switch|p1a: Gothitelle|Gothitelle, L90, F|272/272\n|switch|p2a: Ampharos|Ampharos, L88, F|302/302\n|-damage|p2a: Ampharos|227/302|[from] Spikes\n|turn|16\n|\n|t:|1733801763\n|move|p1a: Gothitelle|Dark Pulse|p2a: Ampharos\n|-damage|p2a: Ampharos|184/302\n|cant|p2a: Ampharos|flinch\n|\n|upkeep\n|turn|17\n|\n|t:|1733801769\n|move|p1a: Gothitelle|Focus Blast|p2a: Ampharos|[miss]\n|-miss|p1a: Gothitelle|p2a: Ampharos\n|move|p2a: Ampharos|Dragon Tail|p1a: Gothitelle\n|-damage|p1a: Gothitelle|238/272\n|drag|p1a: Samurott|Samurott, L88, M|310/310\n|\n|upkeep\n|turn|18\n|\n|t:|1733801780\n|move|p1a: Samurott|Swords Dance|p1a: Samurott\n|-boost|p1a: Samurott|atk|2\n|move|p2a: Ampharos|Volt Switch|p1a: Samurott\n|-supereffective|p1a: Samurott\n|-damage|p1a: Samurott|110/310\n|\n|t:|1733801786\n|switch|p2a: Trevenant|Trevenant, L88, F|293/293|[from] Volt Switch\n|-damage|p2a: Trevenant|220/293|[from] Spikes\n|\n|upkeep\n|turn|19\n|\n|t:|1733801796\n|move|p1a: Samurott|Liquidation|p2a: Trevenant\n|-resisted|p2a: Trevenant\n|-damage|p2a: Trevenant|90/293\n|-damage|p1a: Samurott|79/310|[from] item: Life Orb\n|move|p2a: Trevenant|Wood Hammer|p1a: Samurott\n|-supereffective|p1a: Samurott\n|-damage|p1a: Samurott|0 fnt\n|faint|p1a: Samurott\n|-damage|p2a: Trevenant|64/293|[from] Recoil\n|-damage|p2a: Trevenant|35/293|[from] item: Life Orb\n|\n|upkeep\n|\n|t:|1733801807\n|switch|p1a: Gothitelle|Gothitelle, L90, F|238/272\n|turn|20\n|\n|t:|1733801813\n|move|p1a: Gothitelle|Dark Pulse|p2a: Trevenant\n|-supereffective|p2a: Trevenant\n|-damage|p2a: Trevenant|0 fnt\n|faint|p2a: Trevenant\n|\n|-heal|p1a: Gothitelle|255/272|[from] item: Leftovers\n|upkeep\n|\n|t:|1733801821\n|switch|p2a: Ampharos|Ampharos, L88, F|184/302\n|-damage|p2a: Ampharos|109/302|[from] Spikes\n|turn|21\n|\n|t:|1733801828\n|move|p1a: Gothitelle|Psychic Noise|p2a: Ampharos\n|-crit|p2a: Ampharos\n|-damage|p2a: Ampharos|28/302\n|-start|p2a: Ampharos|move: Heal Block\n|move|p2a: Ampharos|Volt Switch|p1a: Gothitelle\n|-crit|p1a: Gothitelle\n|-damage|p1a: Gothitelle|149/272\n|\n|t:|1733801836\n|switch|p2a: Rayquaza|Rayquaza, L72|107/270|[from] Volt Switch\n|-ability|p2a: Rayquaza|Air Lock\n|\n|-heal|p1a: Gothitelle|166/272|[from] item: Leftovers\n|upkeep\n|turn|22\n|\n|t:|1733801844\n|-terastallize|p2a: Rayquaza|Normal\n|move|p2a: Rayquaza|Dragon Ascent|p1a: Gothitelle\n|-damage|p1a: Gothitelle|46/272\n|-unboost|p2a: Rayquaza|def|1\n|-unboost|p2a: Rayquaza|spd|1\n|move|p1a: Gothitelle|Dark Pulse|p2a: Rayquaza\n|-damage|p2a: Rayquaza|0 fnt\n|faint|p2a: Rayquaza\n|\n|-heal|p1a: Gothitelle|63/272|[from] item: Leftovers\n|upkeep\n|\n|t:|1733801857\n|switch|p2a: Wigglytuff|Wigglytuff, L96, M|424/424\n|-damage|p2a: Wigglytuff|318/424|[from] Spikes\n|turn|23\n|\n|t:|1733801869\n|move|p1a: Gothitelle|Dark Pulse|p2a: Wigglytuff\n|-resisted|p2a: Wigglytuff\n|-damage|p2a: Wigglytuff|279/424\n|move|p2a: Wigglytuff|Fire Blast|p1a: Gothitelle\n|-damage|p1a: Gothitelle|0 fnt\n|faint|p1a: Gothitelle\n|\n|win|zyolite\n", "inputlog": ">version bfd83cad13791eb5a5a409923076391caf6fb4d4\n>start {\"formatid\":\"gen9randombattle\",\"seed\":[45492,56101,3628,12981]}\n>player p1 {\"name\":\"Bne1\",\"avatar\":\"2\",\"rating\":0,\"seed\":[53504,48160,18072,12374]}\n>player p2 {\"name\":\"zyolite\",\"avatar\":\"102\",\"rating\":0,\"seed\":[55613,42757,26683,17291]}\n>p1 move spikes\n>p2 move quiverdance\n>p1 move bravebird\n>p2 move gigadrain\n>p1 move bravebird\n>p2 move strengthsap\n>p1 move spikes\n>p2 move strengthsap\n>p1 move spikes\n>p2 move terablast\n>p1 move spikes\n>p2 move strengthsap\n>p1 move bravebird terastallize\n>p2 move gigadrain\n>p1 switch 5\n>p1 move stoneedge\n>p2 move gigadrain\n>p1 move closecombat\n>p2 move gigadrain\n>p1 switch 6\n>p1 move superpower\n>p2 move gigadrain\n>p1 move knockoff\n>p2 move gigadrain\n>p1 move knockoff\n>p2 switch 5\n>p1 move knockoff\n>p2 move uturn\n>p2 switch 5\n>p1 switch 4\n>p1 move thunderbolt\n>p2 move strengthsap\n>p2 switch 6\n>p1 move thunderbolt\n>p2 move flareblitz\n>p1 switch 3\n>p2 switch 3\n>p1 move darkpulse\n>p2 move dazzlinggleam\n>p1 move focusblast\n>p2 move dragontail\n>p1 move swordsdance\n>p2 move voltswitch\n>p2 switch 2\n>p1 move liquidation\n>p2 move woodhammer\n>p1 switch 2\n>p1 move darkpulse\n>p2 move woodhammer\n>p2 switch 2\n>p1 move psychicnoise\n>p2 move voltswitch\n>p2 switch 5\n>p1 move darkpulse\n>p2 move dragonascent terastallize\n>p2 switch 4\n>p1 move darkpulse\n>p2 move fireblast", "uploadtime": 1733801877, "views": 18, "formatid": "gen9randombattle", "rating": null, "private": 0, "password": null}