{"id": "gen9randombattle-2260500811", "format": "[Gen 9] Random Battle", "players": ["adult summers", "Huguito10"], "log": "|j|\u2606adult summers\n|j|\u2606Huguito10\n|t:|1733857654\n|gametype|singles\n|player|p1|adult summers|youngn|1557\n|player|p2|Huguito10|cynthia-gen4|1544\n|teamsize|p1|6\n|teamsize|p2|6\n|gen|9\n|tier|[Gen 9] Random Battle\n|rated|\n|rule|Species Clause: Limit one of each Pok\u00e9mon\n|rule|HP Percentage Mod: HP is shown in percentages\n|rule|Sleep Clause Mod: Limit one foe put to sleep\n|rule|Illusion Level Mod: Illusion disguises the Pok\u00e9mon's true level\n|\n|t:|1733857654\n|start\n|switch|p1a: Slaking|Slaking, L84, F|389/389\n|switch|p2a: Hydreigon|Hydreigon, L79, M|275/275\n|turn|1\n|inactive|Battle timer is ON: inactive players will automatically lose when time's up. (requested by Huguito10)\n|\n|t:|1733857663\n|move|p1a: Slaking|Giga Impact|p2a: Hydreigon\n|-damage|p2a: Hydreigon|0 fnt\n|-mustrecharge|p1a: Slaking\n|faint|p2a: Hydreigon\n|\n|upkeep\n|\n|t:|1733857684\n|switch|p2a: Farigiraf|Farigiraf, L91, M|366/366\n|turn|2\n|\n|t:|1733857695\n|cant|p1a: Slaking|recharge\n|move|p2a: Farigiraf|Hyper Voice|p1a: Slaking\n|-damage|p1a: Slaking|242/389\n|\n|upkeep\n|turn|3\n|\n|t:|1733857711\n|switch|p1a: Goodra|Goodra-Hisui, L82, M|265/265\n|move|p2a: Farigiraf|Protect||[still]\n|-fail|p2a: Farigiraf\n|\n|upkeep\n|turn|4\n|\n|t:|1733857724\n|move|p2a: Farigiraf|Future Sight|p1a: Goodra\n|-start|p2a: Farigiraf|move: Future Sight\n|move|p1a: Goodra|Fire Blast|p2a: Farigiraf\n|-damage|p2a: Farigiraf|276/366\n|\n|-heal|p2a: Farigiraf|298/366|[from] item: Leftovers\n|upkeep\n|turn|5\n|\n|t:|1733857733\n|move|p2a: Farigiraf|Wish|p2a: Farigiraf\n|move|p1a: Goodra|Fire Blast|p2a: Farigiraf\n|-damage|p2a: Farigiraf|213/366\n|\n|-heal|p2a: Farigiraf|235/366|[from] item: Leftovers\n|upkeep\n|turn|6\n|\n|t:|1733857740\n|move|p2a: Farigiraf|Hyper Voice|p1a: Goodra\n|-resisted|p1a: Goodra\n|-damage|p1a: Goodra|235/265\n|move|p1a: Goodra|Fire Blast|p2a: Farigiraf\n|-damage|p2a: Farigiraf|144/366\n|\n|-end|p1a: Goodra|move: Future Sight\n|-resisted|p1a: Goodra\n|-damage|p1a: Goodra|198/265\n|-heal|p2a: Farigiraf|327/366|[from] move: Wish|[wisher] Farigiraf\n|-heal|p2a: Farigiraf|349/366|[from] item: Leftovers\n|upkeep\n|turn|7\n|\n|t:|1733857753\n|move|p2a: Farigiraf|Wish|p2a: Farigiraf\n|move|p1a: Goodra|Fire Blast|p2a: Farigiraf\n|-crit|p2a: Farigiraf\n|-damage|p2a: Farigiraf|206/366\n|\n|-heal|p2a: Farigiraf|228/366|[from] item: Leftovers\n|upkeep\n|turn|8\n|\n|t:|1733857768\n|move|p2a: Farigiraf|Hyper Voice|p1a: Goodra\n|-resisted|p1a: Goodra\n|-damage|p1a: Goodra|171/265\n|move|p1a: Goodra|Fire Blast|p2a: Farigiraf|[miss]\n|-miss|p1a: Goodra|p2a: Farigiraf\n|\n|-heal|p2a: Farigiraf|366/366|[from] move: Wish|[wisher] Farigiraf\n|upkeep\n|turn|9\n|\n|t:|1733857794\n|move|p2a: Farigiraf|Future Sight|p1a: Goodra\n|-start|p2a: Farigiraf|move: Future Sight\n|move|p1a: Goodra|Fire Blast|p2a: Farigiraf\n|-damage|p2a: Farigiraf|269/366\n|-status|p2a: Farigiraf|brn\n|\n|-heal|p2a: Farigiraf|291/366 brn|[from] item: Leftovers\n|-damage|p2a: Farigiraf|269/366 brn|[from] brn\n|upkeep\n|turn|10\n|\n|t:|1733857805\n|move|p2a: Farigiraf|Wish|p2a: Farigiraf\n|move|p1a: Goodra|Heavy Slam|p2a: Farigiraf\n|-damage|p2a: Farigiraf|199/366 brn\n|\n|-heal|p2a: Farigiraf|221/366 brn|[from] item: Leftovers\n|-damage|p2a: Farigiraf|199/366 brn|[from] brn\n|upkeep\n|turn|11\n|\n|t:|1733857823\n|-terastallize|p1a: Goodra|Dragon\n|move|p2a: Farigiraf|Hyper Voice|p1a: Goodra\n|-crit|p1a: Goodra\n|-damage|p1a: Goodra|92/265\n|move|p1a: Goodra|Draco Meteor|p2a: Farigiraf\n|-damage|p2a: Farigiraf|0 fnt\n|-unboost|p1a: Goodra|spa|2\n|faint|p2a: Farigiraf\n|\n|-end|p1a: Goodra|move: Future Sight\n|-damage|p1a: Goodra|11/265\n|upkeep\n|\n|t:|1733857844\n|switch|p2a: Trevenant|Trevenant, L88, M|293/293\n|turn|12\n|\n|t:|1733857854\n|move|p2a: Trevenant|Drain Punch|p1a: Goodra\n|-damage|p1a: Goodra|0 fnt\n|faint|p1a: Goodra\n|\n|upkeep\n|\n|t:|1733857873\n|switch|p1a: Slither Wing|Slither Wing, L81|270/270\n|turn|13\n|\n|t:|1733857883\n|move|p1a: Slither Wing|Will-O-Wisp|p2a: Trevenant\n|-status|p2a: Trevenant|brn\n|move|p2a: Trevenant|Toxic|p1a: Slither Wing\n|-status|p1a: Slither Wing|tox\n|\n|-damage|p1a: Slither Wing|254/270 tox|[from] psn\n|-damage|p2a: Trevenant|275/293 brn|[from] brn\n|upkeep\n|turn|14\n|\n|t:|1733857893\n|move|p1a: Slither Wing|U-turn|p2a: Trevenant\n|-damage|p2a: Trevenant|182/293 brn\n|\n|t:|1733857901\n|-end|p1a: Slither Wing|Protosynthesis|[silent]\n|switch|p1a: Slaking|Slaking, L84, F|242/389|[from] U-turn\n|move|p2a: Trevenant|Poltergeist|p1a: Slaking\n|-immune|p1a: Slaking\n|\n|-damage|p2a: Trevenant|164/293 brn|[from] brn\n|upkeep\n|turn|15\n|\n|t:|1733857910\n|switch|p1a: Gengar|Gengar, L81, M|230/230\n|move|p2a: Trevenant|Protect||[still]\n|-fail|p2a: Trevenant\n|\n|-damage|p2a: Trevenant|146/293 brn|[from] brn\n|upkeep\n|-enditem|p2a: Trevenant|Sitrus Berry|[eat]\n|-heal|p2a: Trevenant|219/293 brn|[from] item: Sitrus Berry\n|turn|16\n|\n|t:|1733857919\n|move|p1a: Gengar|Sludge Wave|p2a: Trevenant\n|-damage|p2a: Trevenant|67/293 brn\n|-damage|p1a: Gengar|207/230|[from] item: Life Orb\n|move|p2a: Trevenant|Poltergeist|p1a: Gengar\n|-activate|p1a: Gengar|move: Poltergeist|Life Orb\n|-supereffective|p1a: Gengar\n|-damage|p1a: Gengar|18/230\n|\n|-damage|p2a: Trevenant|49/293 brn|[from] brn\n|-item|p2a: Trevenant|Sitrus Berry|[from] ability: Harvest\n|upkeep\n|-enditem|p2a: Trevenant|Sitrus Berry|[eat]\n|-heal|p2a: Trevenant|122/293 brn|[from] item: Sitrus Berry\n|turn|17\n|\n|t:|1733857932\n|move|p1a: Gengar|Shadow Ball|p2a: Trevenant\n|-supereffective|p2a: Trevenant\n|-damage|p2a: Trevenant|0 fnt\n|faint|p2a: Trevenant\n|-damage|p1a: Gengar|0 fnt|[from] item: Life Orb\n|faint|p1a: Gengar\n|\n|upkeep\n|\n|t:|1733857948\n|switch|p1a: Slither Wing|Slither Wing, L81|254/270 tox\n|switch|p2a: Delphox|Delphox, L84, M|263/263\n|turn|18\n|\n|t:|1733857958\n|move|p2a: Delphox|Fire Blast|p1a: Slither Wing\n|-supereffective|p1a: Slither Wing\n|-damage|p1a: Slither Wing|0 fnt\n|faint|p1a: Slither Wing\n|-end|p1a: Slither Wing|Protosynthesis|[silent]\n|\n|upkeep\n|\n|t:|1733857976\n|switch|p1a: Slaking|Slaking, L84, F|242/389\n|turn|19\n|\n|t:|1733857980\n|move|p2a: Delphox|Focus Blast|p1a: Slaking\n|-supereffective|p1a: Slaking\n|-damage|p1a: Slaking|0 fnt\n|faint|p1a: Slaking\n|\n|upkeep\n|c|\u2606adult summers|damn you are hitting some ranges haha\n|\n|t:|1733857992\n|switch|p1a: Ogerpon|Ogerpon-Wellspring, L76, F|247/247\n|turn|20\n|\n|t:|1733857998\n|move|p2a: Delphox|Fire Blast|p1a: Ogerpon\n|-damage|p1a: Ogerpon|115/247\n|move|p1a: Ogerpon|Ivy Cudgel|p2a: Delphox|[anim] Ivy Cudgel Water\n|-supereffective|p2a: Delphox\n|-damage|p2a: Delphox|0 fnt\n|faint|p2a: Delphox\n|\n|upkeep\n|\n|t:|1733858005\n|switch|p2a: Kilowattrel|Kilowattrel, L83, F|252/252\n|turn|21\n|\n|t:|1733858017\n|switch|p1a: Snorlax|Snorlax, L82, F|397/397\n|move|p2a: Kilowattrel|Thunderbolt|p1a: Snorlax\n|-damage|p1a: Snorlax|315/397\n|\n|-heal|p1a: Snorlax|339/397|[from] item: Leftovers\n|upkeep\n|turn|22\n|\n|t:|1733858027\n|move|p2a: Kilowattrel|Thunder Wave|p1a: Snorlax\n|-status|p1a: Snorlax|par\n|move|p1a: Snorlax|Curse|p1a: Snorlax\n|-unboost|p1a: Snorlax|spe|1\n|-boost|p1a: Snorlax|atk|1\n|-boost|p1a: Snorlax|def|1\n|\n|-heal|p1a: Snorlax|363/397 par|[from] item: Leftovers\n|upkeep\n|turn|23\n|\n|t:|1733858037\n|move|p2a: Kilowattrel|U-turn|p1a: Snorlax\n|-damage|p1a: Snorlax|332/397 par\n|\n|t:|1733858039\n|switch|p2a: Magearna|Magearna-Original, L77|250/250|[from] U-turn\n|cant|p1a: Snorlax|par\n|\n|-heal|p1a: Snorlax|356/397 par|[from] item: Leftovers\n|upkeep\n|turn|24\n|\n|t:|1733858052\n|-terastallize|p2a: Magearna|Ground\n|move|p2a: Magearna|Shift Gear|p2a: Magearna\n|-boost|p2a: Magearna|spe|2\n|-boost|p2a: Magearna|atk|1\n|cant|p1a: Snorlax|par\n|\n|-heal|p1a: Snorlax|380/397 par|[from] item: Leftovers\n|upkeep\n|turn|25\n|\n|t:|1733858068\n|move|p2a: Magearna|Fleur Cannon|p1a: Snorlax\n|-damage|p1a: Snorlax|245/397 par\n|-unboost|p2a: Magearna|spa|2\n|move|p1a: Snorlax|Body Slam|p2a: Magearna\n|-damage|p2a: Magearna|117/250\n|\n|-heal|p1a: Snorlax|269/397 par|[from] item: Leftovers\n|upkeep\n|turn|26\n|\n|t:|1733858077\n|move|p2a: Magearna|Iron Head|p1a: Snorlax\n|-damage|p1a: Snorlax|179/397 par\n|move|p1a: Snorlax|Body Slam|p2a: Magearna\n|-damage|p2a: Magearna|0 fnt\n|faint|p2a: Magearna\n|\n|-heal|p1a: Snorlax|203/397 par|[from] item: Leftovers\n|upkeep\n|\n|t:|1733858082\n|switch|p2a: Kilowattrel|Kilowattrel, L83, F|252/252\n|turn|27\n|\n|t:|1733858091\n|move|p2a: Kilowattrel|Hurricane|p1a: Snorlax\n|-damage|p1a: Snorlax|107/397 par\n|move|p1a: Snorlax|Rest|p1a: Snorlax\n|-status|p1a: Snorlax|slp|[from] move: Rest\n|-heal|p1a: Snorlax|397/397 slp|[silent]\n|\n|upkeep\n|turn|28\n|\n|t:|1733858099\n|move|p2a: Kilowattrel|Hurricane|p1a: Snorlax\n|-damage|p1a: Snorlax|292/397 slp\n|cant|p1a: Snorlax|slp\n|move|p1a: Snorlax|Sleep Talk|p1a: Snorlax\n|move|p1a: Snorlax|Body Slam|p2a: Kilowattrel|[from]move: Sleep Talk\n|-damage|p2a: Kilowattrel|48/252\n|\n|-heal|p1a: Snorlax|316/397 slp|[from] item: Leftovers\n|upkeep\n|turn|29\n|c|\u2606Huguito10|Gg\n|\n|t:|1733858108\n|move|p2a: Kilowattrel|Hurricane|p1a: Snorlax\n|-damage|p1a: Snorlax|210/397 slp\n|-start|p1a: Snorlax|confusion\n|cant|p1a: Snorlax|slp\n|-activate|p1a: Snorlax|confusion\n|move|p1a: Snorlax|Sleep Talk|p1a: Snorlax\n|move|p1a: Snorlax|Curse|p1a: Snorlax|[from]move: Sleep Talk\n|-unboost|p1a: Snorlax|spe|1\n|-boost|p1a: Snorlax|atk|1\n|-boost|p1a: Snorlax|def|1\n|\n|-heal|p1a: Snorlax|234/397 slp|[from] item: Leftovers\n|upkeep\n|turn|30\n|l|\u2606adult summers\n|inactive|adult summers disconnected and has a minute to reconnect!\n|player|p1|\n|inactive|adult summers has 30 seconds to reconnect!\n|inactive|adult summers has 20 seconds to reconnect!\n|inactive|adult summers has 15 seconds to reconnect!\n|j|\u2606adult summers\n|inactive|adult summers reconnected and has 90 seconds left.\n|player|p1|adult summers|youngn|\n|\n|t:|1733858175\n|move|p2a: Kilowattrel|Hurricane|p1a: Snorlax\n|-damage|p1a: Snorlax|120/397 slp\n|-curestatus|p1a: Snorlax|slp|[msg]\n|-end|p1a: Snorlax|confusion\n|move|p1a: Snorlax|Sleep Talk||[still]\n|-fail|p1a: Snorlax\n|\n|-heal|p1a: Snorlax|144/397|[from] item: Leftovers\n|upkeep\n|turn|31\n|inactive|adult summers has 90 seconds left.\n|c|\u2606adult summers|im so sorry my browser crashed\n|\n|t:|1733858185\n|move|p2a: Kilowattrel|Hurricane|p1a: Snorlax\n|-crit|p1a: Snorlax\n|-damage|p1a: Snorlax|0 fnt\n|faint|p1a: Snorlax\n|\n|upkeep\n|\n|t:|1733858190\n|switch|p1a: Ogerpon|Ogerpon-Wellspring, L76, F|115/247\n|turn|32\n|inactive|Huguito10 has 120 seconds left.\n|c|\u2606Huguito10|If i go with tbolt\n|c|\u2606Huguito10|I loose\n|inactive|Huguito10 has 90 seconds left.\n|c|\u2606adult summers|Flip it!\n|c|\u2606Huguito10|I have to risk with hurricanw\n|\n|t:|1733858255\n|move|p2a: Kilowattrel|Hurricane|p1a: Ogerpon\n|-supereffective|p1a: Ogerpon\n|-damage|p1a: Ogerpon|0 fnt\n|faint|p1a: Ogerpon\n|\n|win|Huguito10\n|raw|adult summers's rating: 1557 &rarr; <strong>1536</strong><br />(-21 for losing)\n|raw|Huguito10's rating: 1544 &rarr; <strong>1565</strong><br />(+21 for winning)\n|c|\u2606adult summers|I believe\n|c|\u2606adult summers|hahahaha\n|c|\u2606adult summers|gg!!\n|c|\u2606Huguito10|Gg bro\n|l|\u2606adult summers\n|player|p1|\n", "inputlog": ">version bfd83cad13791eb5a5a409923076391caf6fb4d4\n>start {\"formatid\":\"gen9randombattle\",\"seed\":[15477,19837,26431,1086],\"rated\":\"Rated battle\"}\n>player p1 {\"name\":\"adult summers\",\"avatar\":\"youngn\",\"rating\":1557,\"seed\":[9308,49406,14773,41364]}\n>player p2 {\"name\":\"Huguito10\",\"avatar\":\"cynthia-gen4\",\"rating\":1544,\"seed\":[5609,56189,19249,37747]}\n>p1 move gigaimpact\n>p2 move darkpulse\n>p2 switch 3\n>p1 move recharge\n>p2 move hypervoice\n>p1 switch 4\n>p2 move protect\n>p1 move fireblast\n>p2 move futuresight\n>p1 move fireblast\n>p2 move wish\n>p1 move fireblast\n>p2 move hypervoice\n>p1 move fireblast\n>p2 move wish\n>p1 move fireblast\n>p2 move hypervoice\n>p1 move fireblast\n>p2 move futuresight\n>p1 move heavyslam\n>p2 move wish\n>p1 move dracometeor terastallize\n>p2 move hypervoice\n>p2 switch 4\n>p1 move fireblast\n>p2 move drainpunch\n>p1 switch 5\n>p1 move willowisp\n>p2 move toxic\n>p1 move uturn\n>p2 move poltergeist\n>p1 switch 4\n>p1 switch 6\n>p2 move protect\n>p1 move sludgewave\n>p2 move poltergeist\n>p1 move shadowball\n>p2 move poltergeist\n>p1 switch 4\n>p2 switch 6\n>p1 move uturn\n>p2 move fireblast\n>p1 switch 6\n>p1 move earthquake\n>p2 move focusblast\n>chat \u2606adult summers|damn you are hitting some ranges haha\n>p1 switch 3\n>p1 move ivycudgel\n>p2 move fireblast\n>p2 switch 5\n>p1 switch 2\n>p2 move thunderbolt\n>p1 move curse\n>p2 move thunderwave\n>p1 move bodyslam\n>p2 move uturn\n>p2 switch 2\n>p1 move bodyslam\n>p2 move shiftgear terastallize\n>p1 move bodyslam\n>p2 move fleurcannon\n>p1 move bodyslam\n>p2 move ironhead\n>p2 switch 2\n>p1 move rest\n>p2 move hurricane\n>p1 move sleeptalk\n>p2 move hurricane\n>chat \u2606Huguito10|Gg\n>p1 move sleeptalk\n>p2 move hurricane\n>p1 move sleeptalk\n>p2 move hurricane\n>chat \u2606adult summers|im so sorry my browser crashed\n>p1 move bodyslam\n>p2 move hurricane\n>p1 switch 2\n>chat \u2606Huguito10|If i go with tbolt\n>chat \u2606Huguito10|I loose\n>chat \u2606adult summers|Flip it!\n>chat \u2606Huguito10|I have to risk with hurricanw\n>p1 move ivycudgel\n>p2 move hurricane", "uploadtime": 1733858271, "views": 1, "formatid": "gen9randombattle", "rating": 1536, "private": 0, "password": null}