{"id": "gen9randombattle-2260624525", "format": "[Gen 9] Random Battle", "players": ["dagingerkid", "MikanGJ"], "log": "|j|\u2606dagingerkid\n|j|\u2606MikanGJ\n|t:|1733870665\n|gametype|singles\n|player|p1|dagingerkid|102|1040\n|player|p2|MikanGJ|rocketgruntf|1048\n|teamsize|p1|6\n|teamsize|p2|6\n|gen|9\n|tier|[Gen 9] Random Battle\n|rated|\n|rule|Species Clause: Limit one of each Pok\u00e9mon\n|rule|HP Percentage Mod: HP is shown in percentages\n|rule|Sleep Clause Mod: Limit one foe put to sleep\n|rule|Illusion Level Mod: Illusion disguises the Pok\u00e9mon's true level\n|\n|t:|1733870665\n|start\n|switch|p1a: Scyther|Scyther, L82, M|249/249\n|switch|p2a: Barraskewda|Barraskewda, L81, M|231/231\n|turn|1\n|inactive|Battle timer is ON: inactive players will automatically lose when time's up. (requested by dagingerkid)\n|inactive|dagingerkid has 120 seconds left.\n|l|\u2606dagingerkid\n|inactive|dagingerkid disconnected and has a minute to reconnect!\n|player|p1|\n|j|\u2606dagingerkid\n|inactive|dagingerkid reconnected and has 90 seconds left.\n|player|p1|dagingerkid|102|\n|\n|t:|1733870732\n|switch|p1a: Grafaiai|Grafaiai, L86, M|249/249\n|move|p2a: Barraskewda|Flip Turn|p1a: Grafaiai\n|-damage|p1a: Grafaiai|122/249\n|\n|t:|1733870746\n|switch|p2a: Garchomp|Garchomp, L74, F|282/282|[from] Flip Turn\n|\n|upkeep\n|turn|2\n|\n|t:|1733870755\n|switch|p1a: Virizion|Virizion, L82|283/283\n|move|p2a: Garchomp|Earthquake|p1a: Virizion\n|-resisted|p1a: Virizion\n|-damage|p1a: Virizion|223/283\n|\n|upkeep\n|turn|3\n|\n|t:|1733870765\n|move|p1a: Virizion|Swords Dance|p1a: Virizion\n|-boost|p1a: Virizion|atk|2\n|move|p2a: Garchomp|Spikes|p1a: Virizion\n|-sidestart|p1: dagingerkid|Spikes\n|\n|upkeep\n|turn|4\n|\n|t:|1733870775\n|move|p1a: Virizion|Leaf Blade|p2a: Garchomp\n|-damage|p2a: Garchomp|27/282\n|-damage|p1a: Virizion|188/283|[from] ability: Rough Skin|[of] p2a: Garchomp\n|-damage|p1a: Virizion|141/283|[from] item: Rocky Helmet|[of] p2a: Garchomp\n|-damage|p1a: Virizion|113/283|[from] item: Life Orb\n|move|p2a: Garchomp|Outrage|p1a: Virizion\n|-damage|p1a: Virizion|0 fnt\n|faint|p1a: Virizion\n|\n|upkeep\n|\n|t:|1733870795\n|switch|p1a: Hitmontop|Hitmontop, L88, M|231/231\n|-damage|p1a: Hitmontop|203/231|[from] Spikes\n|-ability|p1a: Hitmontop|Intimidate|boost\n|-unboost|p2a: Garchomp|atk|1\n|turn|5\n|\n|t:|1733870802\n|move|p1a: Hitmontop|Sucker Punch|p2a: Garchomp\n|-damage|p2a: Garchomp|0 fnt\n|-damage|p1a: Hitmontop|175/231|[from] ability: Rough Skin|[of] p2a: Garchomp\n|-damage|p1a: Hitmontop|137/231|[from] item: Rocky Helmet|[of] p2a: Garchomp\n|faint|p2a: Garchomp\n|\n|upkeep\n|\n|t:|1733870810\n|switch|p2a: Barraskewda|Barraskewda, L81, M|231/231\n|turn|6\n|\n|t:|1733870817\n|move|p1a: Hitmontop|Sucker Punch|p2a: Barraskewda\n|-damage|p2a: Barraskewda|124/231\n|move|p2a: Barraskewda|Psychic Fangs|p1a: Hitmontop\n|-supereffective|p1a: Hitmontop\n|-damage|p1a: Hitmontop|0 fnt\n|faint|p1a: Hitmontop\n|\n|upkeep\n|\n|t:|1733870846\n|switch|p1a: Scyther|Scyther, L82, M|249/249\n|turn|7\n|\n|t:|1733870858\n|switch|p2a: Cryogonal|Cryogonal, L89|287/287\n|move|p1a: Scyther|Dual Wingbeat|p2a: Cryogonal\n|-damage|p2a: Cryogonal|197/287\n|-damage|p2a: Cryogonal|103/287\n|-hitcount|p2a: Cryogonal|2\n|\n|upkeep\n|turn|8\n|inactive|dagingerkid has 120 seconds left.\n|\n|t:|1733870875\n|switch|p1a: Volcanion|Volcanion, L79|255/255\n|-damage|p1a: Volcanion|224/255|[from] Spikes\n|move|p2a: Cryogonal|Ice Beam|p1a: Volcanion\n|-resisted|p1a: Volcanion\n|-damage|p1a: Volcanion|198/255\n|\n|upkeep\n|turn|9\n|inactive|dagingerkid has 120 seconds left.\n|\n|t:|1733870891\n|-terastallize|p2a: Cryogonal|Electric\n|move|p2a: Cryogonal|Tera Blast|p1a: Volcanion|[anim] Tera Blast Electric\n|-supereffective|p1a: Volcanion\n|-damage|p1a: Volcanion|0 fnt\n|faint|p1a: Volcanion\n|\n|upkeep\n|\n|t:|1733870903\n|switch|p1a: Grafaiai|Grafaiai, L86, M|122/249\n|turn|10\n|\n|t:|1733870928\n|move|p2a: Cryogonal|Tera Blast|p1a: Grafaiai|[anim] Tera Blast Electric\n|-damage|p1a: Grafaiai|13/249\n|move|p1a: Grafaiai|Gunk Shot|p2a: Cryogonal|[miss]\n|-miss|p1a: Grafaiai|p2a: Cryogonal\n|\n|upkeep\n|turn|11\n|\n|t:|1733870934\n|move|p1a: Grafaiai|Gunk Shot|p2a: Cryogonal\n|-damage|p2a: Cryogonal|0 fnt\n|faint|p2a: Cryogonal\n|\n|upkeep\n|\n|t:|1733870941\n|switch|p2a: Barraskewda|Barraskewda, L81, M|124/231\n|turn|12\n|\n|t:|1733870954\n|move|p2a: Barraskewda|Psychic Fangs|p1a: Grafaiai\n|-supereffective|p1a: Grafaiai\n|-damage|p1a: Grafaiai|0 fnt\n|faint|p1a: Grafaiai\n|\n|upkeep\n|\n|t:|1733870962\n|switch|p1a: Scyther|Scyther, L82, M|249/249\n|turn|13\n|\n|t:|1733870976\n|switch|p2a: Cyclizar|Cyclizar, L83, F|252/252\n|move|p1a: Scyther|Dual Wingbeat|p2a: Cyclizar\n|-crit|p2a: Cyclizar\n|-damage|p2a: Cyclizar|131/252\n|-damage|p2a: Cyclizar|50/252\n|-hitcount|p2a: Cyclizar|2\n|\n|upkeep\n|turn|14\n|inactive|dagingerkid has 120 seconds left.\n|\n|t:|1733870996\n|move|p2a: Cyclizar|Knock Off|p1a: Scyther\n|-damage|p1a: Scyther|177/249\n|-enditem|p1a: Scyther|Heavy-Duty Boots|[from] move: Knock Off|[of] p2a: Cyclizar\n|move|p1a: Scyther|U-turn|p2a: Cyclizar\n|-damage|p2a: Cyclizar|0 fnt\n|faint|p2a: Cyclizar\n|\n|t:|1733871010\n|switch|p1a: Arceus|Arceus-Ghost, L69|280/280|[from] U-turn\n|-damage|p1a: Arceus|245/280|[from] Spikes\n|\n|upkeep\n|\n|t:|1733871021\n|switch|p2a: Falinks|Falinks, L84|246/246\n|turn|15\n|inactive|dagingerkid has 120 seconds left.\n|\n|t:|1733871034\n|move|p1a: Arceus|Judgment|p2a: Falinks\n|-damage|p2a: Falinks|119/246\n|move|p2a: Falinks|Knock Off|p1a: Arceus\n|-supereffective|p1a: Arceus\n|-damage|p1a: Arceus|125/280\n|-damage|p2a: Falinks|95/246|[from] item: Life Orb\n|\n|upkeep\n|turn|16\n|inactive|dagingerkid has 120 seconds left.\n|\n|t:|1733871046\n|move|p1a: Arceus|Judgment|p2a: Falinks\n|-damage|p2a: Falinks|0 fnt\n|faint|p2a: Falinks\n|\n|upkeep\n|\n|t:|1733871054\n|switch|p2a: Carbink|Carbink, L90|236/236\n|turn|17\n|inactive|dagingerkid has 120 seconds left.\n|inactive|dagingerkid has 90 seconds left.\n|\n|t:|1733871101\n|move|p1a: Arceus|Judgment|p2a: Carbink\n|-damage|p2a: Carbink|176/236\n|move|p2a: Carbink|Iron Defense|p2a: Carbink\n|-boost|p2a: Carbink|def|2\n|\n|upkeep\n|turn|18\n|\n|t:|1733871109\n|move|p1a: Arceus|Recover|p1a: Arceus\n|-heal|p1a: Arceus|265/280\n|move|p2a: Carbink|Iron Defense|p2a: Carbink\n|-boost|p2a: Carbink|def|2\n|\n|upkeep\n|turn|19\n|\n|t:|1733871114\n|move|p1a: Arceus|Focus Blast|p2a: Carbink\n|-damage|p2a: Carbink|136/236\n|move|p2a: Carbink|Iron Defense|p2a: Carbink\n|-boost|p2a: Carbink|def|2\n|\n|upkeep\n|turn|20\n|\n|t:|1733871119\n|move|p1a: Arceus|Will-O-Wisp|p2a: Carbink\n|-status|p2a: Carbink|brn\n|move|p2a: Carbink|Body Press|p1a: Arceus\n|-immune|p1a: Arceus\n|\n|-damage|p2a: Carbink|122/236 brn|[from] brn\n|upkeep\n|turn|21\n|\n|t:|1733871127\n|move|p1a: Arceus|Focus Blast|p2a: Carbink|[miss]\n|-miss|p1a: Arceus|p2a: Carbink\n|move|p2a: Carbink|Moonblast|p1a: Arceus\n|-damage|p1a: Arceus|201/280\n|\n|-damage|p2a: Carbink|108/236 brn|[from] brn\n|upkeep\n|turn|22\n|inactive|dagingerkid has 120 seconds left.\n|\n|t:|1733871143\n|move|p1a: Arceus|Judgment|p2a: Carbink\n|-damage|p2a: Carbink|50/236 brn\n|move|p2a: Carbink|Moonblast|p1a: Arceus\n|-damage|p1a: Arceus|135/280\n|\n|-damage|p2a: Carbink|36/236 brn|[from] brn\n|upkeep\n|turn|23\n|\n|t:|1733871149\n|move|p1a: Arceus|Recover|p1a: Arceus\n|-heal|p1a: Arceus|275/280\n|move|p2a: Carbink|Rest|p2a: Carbink\n|-status|p2a: Carbink|slp|[from] move: Rest\n|-heal|p2a: Carbink|236/236 slp|[silent]\n|-enditem|p2a: Carbink|Chesto Berry|[eat]\n|-curestatus|p2a: Carbink|slp|[msg]\n|\n|upkeep\n|turn|24\n|inactive|dagingerkid has 120 seconds left.\n|\n|t:|1733871159\n|move|p1a: Arceus|Will-O-Wisp|p2a: Carbink\n|-status|p2a: Carbink|brn\n|move|p2a: Carbink|Moonblast|p1a: Arceus\n|-damage|p1a: Arceus|202/280\n|-unboost|p1a: Arceus|spa|1\n|\n|-damage|p2a: Carbink|222/236 brn|[from] brn\n|upkeep\n|turn|25\n|inactive|dagingerkid has 120 seconds left.\n|\n|t:|1733871170\n|move|p1a: Arceus|Judgment|p2a: Carbink\n|-damage|p2a: Carbink|179/236 brn\n|move|p2a: Carbink|Moonblast|p1a: Arceus\n|-damage|p1a: Arceus|127/280\n|\n|-damage|p2a: Carbink|165/236 brn|[from] brn\n|upkeep\n|turn|26\n|\n|t:|1733871179\n|move|p1a: Arceus|Judgment|p2a: Carbink\n|-damage|p2a: Carbink|125/236 brn\n|move|p2a: Carbink|Moonblast|p1a: Arceus\n|-damage|p1a: Arceus|60/280\n|\n|-damage|p2a: Carbink|111/236 brn|[from] brn\n|upkeep\n|turn|27\n|\n|t:|1733871184\n|move|p1a: Arceus|Recover|p1a: Arceus\n|-heal|p1a: Arceus|200/280\n|move|p2a: Carbink|Moonblast|p1a: Arceus\n|-damage|p1a: Arceus|128/280\n|\n|-damage|p2a: Carbink|97/236 brn|[from] brn\n|upkeep\n|turn|28\n|\n|t:|1733871189\n|move|p1a: Arceus|Recover|p1a: Arceus\n|-heal|p1a: Arceus|268/280\n|move|p2a: Carbink|Moonblast|p1a: Arceus\n|-damage|p1a: Arceus|198/280\n|-unboost|p1a: Arceus|spa|1\n|\n|-damage|p2a: Carbink|83/236 brn|[from] brn\n|upkeep\n|turn|29\n|\n|t:|1733871196\n|move|p1a: Arceus|Judgment|p2a: Carbink\n|-damage|p2a: Carbink|52/236 brn\n|move|p2a: Carbink|Moonblast|p1a: Arceus\n|-damage|p1a: Arceus|132/280\n|\n|-damage|p2a: Carbink|38/236 brn|[from] brn\n|upkeep\n|turn|30\n|\n|t:|1733871202\n|move|p1a: Arceus|Judgment|p2a: Carbink\n|-damage|p2a: Carbink|5/236 brn\n|move|p2a: Carbink|Rest|p2a: Carbink\n|-status|p2a: Carbink|slp|[from] move: Rest\n|-heal|p2a: Carbink|236/236 slp|[silent]\n|\n|upkeep\n|turn|31\n|\n|t:|1733871209\n|move|p1a: Arceus|Will-O-Wisp||[still]\n|-fail|p1a: Arceus\n|cant|p2a: Carbink|slp\n|\n|upkeep\n|turn|32\n|inactive|MikanGJ has 120 seconds left.\n|inactive|MikanGJ has 90 seconds left.\n|\n|t:|1733871280\n|move|p1a: Arceus|Recover|p1a: Arceus\n|-heal|p1a: Arceus|272/280\n|cant|p2a: Carbink|slp\n|\n|upkeep\n|turn|33\n|\n|t:|1733871286\n|switch|p1a: Scyther|Scyther, L82, M|177/249\n|-curestatus|p2a: Carbink|slp|[msg]\n|move|p2a: Carbink|Moonblast|p1a: Scyther\n|-damage|p1a: Scyther|102/249\n|\n|upkeep\n|turn|34\n|inactive|MikanGJ has 90 seconds left.\n|\n|t:|1733871307\n|move|p1a: Scyther|Dual Wingbeat|p2a: Carbink|[miss]\n|-miss|p1a: Scyther|p2a: Carbink\n|move|p2a: Carbink|Moonblast|p1a: Scyther\n|-damage|p1a: Scyther|15/249\n|-unboost|p1a: Scyther|spa|1\n|\n|upkeep\n|turn|35\n|\n|t:|1733871314\n|move|p1a: Scyther|U-turn|p2a: Carbink\n|-resisted|p2a: Carbink\n|-damage|p2a: Carbink|230/236\n|\n|t:|1733871317\n|switch|p1a: Arceus|Arceus-Ghost, L69|272/280|[from] U-turn\n|-damage|p1a: Arceus|237/280|[from] Spikes\n|move|p2a: Carbink|Moonblast|p1a: Arceus\n|-damage|p1a: Arceus|168/280\n|\n|upkeep\n|turn|36\n|\n|t:|1733871325\n|move|p1a: Arceus|Will-O-Wisp|p2a: Carbink|[miss]\n|-miss|p1a: Arceus|p2a: Carbink\n|move|p2a: Carbink|Moonblast|p1a: Arceus\n|-damage|p1a: Arceus|102/280\n|\n|upkeep\n|turn|37\n|\n|t:|1733871330\n|move|p1a: Arceus|Recover|p1a: Arceus\n|-heal|p1a: Arceus|242/280\n|move|p2a: Carbink|Moonblast|p1a: Arceus\n|-damage|p1a: Arceus|170/280\n|\n|upkeep\n|turn|38\n|inactive|MikanGJ has 120 seconds left.\n|\n|t:|1733871335\n|move|p1a: Arceus|Will-O-Wisp|p2a: Carbink\n|-status|p2a: Carbink|brn\n|move|p2a: Carbink|Moonblast|p1a: Arceus\n|-damage|p1a: Arceus|98/280\n|\n|-damage|p2a: Carbink|216/236 brn|[from] brn\n|upkeep\n|turn|39\n|\n|t:|1733871341\n|move|p1a: Arceus|Judgment|p2a: Carbink\n|-crit|p2a: Carbink\n|-damage|p2a: Carbink|129/236 brn\n|move|p2a: Carbink|Moonblast|p1a: Arceus\n|-damage|p1a: Arceus|28/280\n|-unboost|p1a: Arceus|spa|1\n|\n|-damage|p2a: Carbink|115/236 brn|[from] brn\n|upkeep\n|turn|40\n|\n|t:|1733871348\n|move|p1a: Arceus|Recover|p1a: Arceus\n|-heal|p1a: Arceus|168/280\n|move|p2a: Carbink|Moonblast|p1a: Arceus\n|-damage|p1a: Arceus|95/280\n|\n|-damage|p2a: Carbink|101/236 brn|[from] brn\n|upkeep\n|turn|41\n|\n|t:|1733871353\n|move|p1a: Arceus|Recover|p1a: Arceus\n|-heal|p1a: Arceus|235/280\n|move|p2a: Carbink|Moonblast|p1a: Arceus\n|-damage|p1a: Arceus|166/280\n|\n|-damage|p2a: Carbink|87/236 brn|[from] brn\n|upkeep\n|turn|42\n|\n|t:|1733871360\n|move|p1a: Arceus|Judgment|p2a: Carbink\n|-damage|p2a: Carbink|42/236 brn\n|move|p2a: Carbink|Moonblast|p1a: Arceus\n|-damage|p1a: Arceus|97/280\n|\n|-damage|p2a: Carbink|28/236 brn|[from] brn\n|upkeep\n|turn|43\n|\n|t:|1733871369\n|move|p1a: Arceus|Judgment|p2a: Carbink\n|-damage|p2a: Carbink|0 fnt\n|faint|p2a: Carbink\n|\n|upkeep\n|\n|t:|1733871374\n|switch|p2a: Barraskewda|Barraskewda, L81, M|124/231\n|turn|44\n|\n|t:|1733871388\n|move|p2a: Barraskewda|Waterfall|p1a: Arceus\n|-damage|p1a: Arceus|0 fnt\n|faint|p1a: Arceus\n|\n|upkeep\n|\n|t:|1733871391\n|switch|p1a: Scyther|Scyther, L82, M|15/249\n|turn|45\n|\n|t:|1733871394\n|move|p2a: Barraskewda|Waterfall|p1a: Scyther\n|-damage|p1a: Scyther|0 fnt\n|faint|p1a: Scyther\n|\n|win|MikanGJ\n|raw|dagingerkid's rating: 1040 &rarr; <strong>1024</strong><br />(-16 for losing)\n|raw|MikanGJ's rating: 1048 &rarr; <strong>1080</strong><br />(+32 for winning)\n|l|\u2606dagingerkid\n|player|p1|\n|c|\u2606MikanGJ|REST MOONBLAST\n", "inputlog": ">version bfd83cad13791eb5a5a409923076391caf6fb4d4\n>start {\"formatid\":\"gen9randombattle\",\"seed\":[31804,53100,59812,61864],\"rated\":\"Rated battle\"}\n>player p1 {\"name\":\"dagingerkid\",\"avatar\":\"102\",\"rating\":1040,\"seed\":[12706,63984,56086,57336]}\n>player p2 {\"name\":\"MikanGJ\",\"avatar\":\"rocketgruntf\",\"rating\":1048,\"seed\":[49340,5082,6748,42416]}\n>p1 switch 2\n>p2 move flipturn\n>p2 switch 2\n>p1 switch 3\n>p2 move earthquake\n>p1 move swordsdance\n>p2 move spikes\n>p1 move leafblade\n>p2 move outrage\n>p1 switch 5\n>p1 move suckerpunch\n>p2 move outrage\n>p2 switch 2\n>p1 move suckerpunch\n>p2 move psychicfangs\n>p1 switch 2\n>p1 move dualwingbeat\n>p2 switch 6\n>p1 switch 4\n>p2 move icebeam\n>p1 move flamethrower\n>p2 move terablast terastallize\n>p1 switch 3\n>p1 move gunkshot\n>p2 move terablast\n>p1 move gunkshot\n>p2 move recover\n>p2 switch 6\n>p1 move gunkshot\n>p2 move psychicfangs\n>p1 switch 4\n>p1 move dualwingbeat\n>p2 switch 3\n>p1 move uturn\n>p2 move knockoff\n>p1 switch 6\n>p2 switch 5\n>p1 move judgment\n>p2 move knockoff\n>p1 move judgment\n>p2 move knockoff\n>p2 switch 4\n>p1 move judgment\n>p2 move irondefense\n>p1 move recover\n>p2 move irondefense\n>p1 move focusblast\n>p2 move irondefense\n>p1 move willowisp\n>p2 move bodypress\n>p1 move focusblast\n>p2 move moonblast\n>p1 move judgment\n>p2 move moonblast\n>p1 move recover\n>p2 move rest\n>p1 move willowisp\n>p2 move moonblast\n>p1 move judgment\n>p2 move moonblast\n>p1 move judgment\n>p2 move moonblast\n>p1 move recover\n>p2 move moonblast\n>p1 move recover\n>p2 move moonblast\n>p1 move judgment\n>p2 move moonblast\n>p1 move judgment\n>p2 move rest\n>p1 move willowisp\n>p2 move moonblast\n>p1 move recover\n>p2 move moonblast\n>p1 switch 6\n>p2 move moonblast\n>p1 move dualwingbeat\n>p2 move moonblast\n>p1 move uturn\n>p2 move moonblast\n>p1 switch 6\n>p1 move willowisp\n>p2 move moonblast\n>p1 move recover\n>p2 move moonblast\n>p1 move willowisp\n>p2 move moonblast\n>p1 move judgment\n>p2 move moonblast\n>p1 move recover\n>p2 move moonblast\n>p1 move recover\n>p2 move moonblast\n>p1 move judgment\n>p2 move moonblast\n>p1 move judgment\n>p2 move rest\n>p2 switch 3\n>p1 move willowisp\n>p2 move waterfall\n>p1 switch 6\n>p1 move dualwingbeat\n>p2 move waterfall", "uploadtime": 1733871421, "views": 1, "formatid": "gen9randombattle", "rating": 1024, "private": 0, "password": null}