{"id": "gen9randombattle-2223906929", "format": "[Gen 9] Random Battle", "players": ["Meat pie dealer", "barretjd"], "log": "|badge|p2|bronze|gen9randombattle|100-3\n|uhtml|medal-msg|<div class=\"broadcast-blue\">Curious what those medals under the avatar are? PS now has Ladder Seasons! For more information, check out the <a href=\"https://www.smogon.com/forums/threads/3740067/\">thread on Smogon.</a></div>\n|j|\u2606Meat pie dealer\n|j|\u2606barretjd\n|t:|1729047660\n|gametype|singles\n|player|p1|Meat pie dealer|swimmer|2200\n|player|p2|barretjd|102|2299\n|teamsize|p1|6\n|teamsize|p2|6\n|gen|9\n|tier|[Gen 9] Random Battle\n|rated|\n|rule|Species Clause: Limit one of each Pok\u00e9mon\n|rule|HP Percentage Mod: HP is shown in percentages\n|rule|Sleep Clause Mod: Limit one foe put to sleep\n|rule|Illusion Level Mod: Illusion disguises the Pok\u00e9mon's true level\n|\n|t:|1729047660\n|start\n|switch|p1a: Palkia|Palkia, L75|259/259\n|switch|p2a: Tornadus|Tornadus, L82, M|264/264\n|-ability|p1a: Palkia|Pressure\n|turn|1\n|inactive|Battle timer is ON: inactive players will automatically lose when time's up. (requested by Meat pie dealer)\n|\n|t:|1729047710\n|switch|p2a: Chimecho|Chimecho, L94, F|293/293\n|move|p1a: Palkia|Thunder Wave|p2a: Chimecho\n|-status|p2a: Chimecho|par\n|\n|upkeep\n|turn|2\n|\n|t:|1729047727\n|move|p1a: Palkia|Spacial Rend|p2a: Chimecho\n|-damage|p2a: Chimecho|157/293 par\n|move|p2a: Chimecho|Cosmic Power|p2a: Chimecho\n|-boost|p2a: Chimecho|def|1\n|-boost|p2a: Chimecho|spd|1\n|\n|-heal|p2a: Chimecho|175/293 par|[from] item: Leftovers\n|upkeep\n|turn|3\n|\n|t:|1729047740\n|move|p1a: Palkia|Spacial Rend|p2a: Chimecho\n|-damage|p2a: Chimecho|94/293 par\n|move|p2a: Chimecho|Recover|p2a: Chimecho\n|-heal|p2a: Chimecho|241/293 par\n|\n|-heal|p2a: Chimecho|259/293 par|[from] item: Leftovers\n|upkeep\n|turn|4\n|\n|t:|1729047746\n|switch|p1a: Kingambit|Kingambit, L74, M|270/270\n|move|p2a: Chimecho|Cosmic Power|p2a: Chimecho\n|-boost|p2a: Chimecho|def|1\n|-boost|p2a: Chimecho|spd|1\n|\n|-heal|p2a: Chimecho|277/293 par|[from] item: Leftovers\n|upkeep\n|turn|5\n|\n|t:|1729047763\n|switch|p2a: Cinderace|Cinderace, L77, F|249/249\n|move|p1a: Kingambit|Swords Dance|p1a: Kingambit\n|-boost|p1a: Kingambit|atk|2\n|\n|upkeep\n|turn|6\n|\n|t:|1729047767\n|-end|p1a: Kingambit|fallenundefined|[silent]\n|switch|p1a: Donphan|Donphan, L84, M|288/288\n|move|p2a: Cinderace|High Jump Kick|p1a: Donphan\n|-start|p2a: Cinderace|typechange|Fighting|[from] ability: Libero\n|-damage|p1a: Donphan|180/288\n|\n|-heal|p1a: Donphan|198/288|[from] item: Leftovers\n|upkeep\n|turn|7\n|inactive|barretjd has 120 seconds left.\n|\n|t:|1729047803\n|switch|p2a: Tornadus|Tornadus, L82, M|264/264\n|move|p1a: Donphan|Earthquake|p2a: Tornadus\n|-immune|p2a: Tornadus\n|\n|-heal|p1a: Donphan|216/288|[from] item: Leftovers\n|upkeep\n|turn|8\n|\n|t:|1729047817\n|switch|p1a: Regice|Regice, L88|284/284\n|move|p2a: Tornadus|Grass Knot|p1a: Regice\n|-damage|p1a: Regice|247/284\n|\n|upkeep\n|turn|9\n|inactive|barretjd has 120 seconds left.\n|\n|t:|1729047859\n|switch|p2a: Cinderace|Cinderace, L77, F|249/249\n|move|p1a: Regice|Thunderbolt|p2a: Cinderace\n|-damage|p2a: Cinderace|157/249\n|\n|upkeep\n|turn|10\n|\n|t:|1729047874\n|switch|p1a: Wigglytuff|Wigglytuff, L96, M|424/424\n|move|p2a: Cinderace|High Jump Kick|p1a: Wigglytuff\n|-start|p2a: Cinderace|typechange|Fighting|[from] ability: Libero\n|-damage|p1a: Wigglytuff|225/424\n|\n|-heal|p1a: Wigglytuff|251/424|[from] item: Leftovers\n|upkeep\n|turn|11\n|\n|t:|1729047891\n|switch|p2a: Duraludon|Duraludon, L82, M|249/249\n|move|p1a: Wigglytuff|Protect||[still]\n|-fail|p1a: Wigglytuff\n|\n|-heal|p1a: Wigglytuff|277/424|[from] item: Leftovers\n|upkeep\n|turn|12\n|\n|t:|1729047901\n|move|p2a: Duraludon|Body Press|p1a: Wigglytuff\n|-damage|p1a: Wigglytuff|188/424\n|move|p1a: Wigglytuff|Wish|p1a: Wigglytuff\n|\n|-heal|p1a: Wigglytuff|214/424|[from] item: Leftovers\n|upkeep\n|turn|13\n|\n|t:|1729047906\n|move|p1a: Wigglytuff|Protect|p1a: Wigglytuff\n|-singleturn|p1a: Wigglytuff|Protect\n|move|p2a: Duraludon|Flash Cannon|p1a: Wigglytuff\n|-activate|p1a: Wigglytuff|move: Protect\n|\n|-heal|p1a: Wigglytuff|424/424|[from] move: Wish|[wisher] Wigglytuff\n|upkeep\n|turn|14\n|\n|t:|1729047914\n|move|p2a: Duraludon|Flash Cannon|p1a: Wigglytuff\n|-supereffective|p1a: Wigglytuff\n|-damage|p1a: Wigglytuff|188/424\n|-unboost|p1a: Wigglytuff|spd|1\n|-ability|p1a: Wigglytuff|Competitive|boost\n|-boost|p1a: Wigglytuff|spa|2\n|move|p1a: Wigglytuff|Wish|p1a: Wigglytuff\n|\n|-heal|p1a: Wigglytuff|214/424|[from] item: Leftovers\n|upkeep\n|turn|15\n|inactive|barretjd has 120 seconds left.\n|\n|t:|1729047926\n|move|p1a: Wigglytuff|Protect|p1a: Wigglytuff\n|-singleturn|p1a: Wigglytuff|Protect\n|move|p2a: Duraludon|Iron Defense|p2a: Duraludon\n|-boost|p2a: Duraludon|def|2\n|\n|-heal|p1a: Wigglytuff|424/424|[from] move: Wish|[wisher] Wigglytuff\n|upkeep\n|turn|16\n|\n|t:|1729047931\n|move|p2a: Duraludon|Flash Cannon|p1a: Wigglytuff\n|-supereffective|p1a: Wigglytuff\n|-damage|p1a: Wigglytuff|50/424\n|move|p1a: Wigglytuff|Alluring Voice|p2a: Duraludon\n|-damage|p2a: Duraludon|51/249\n|\n|-heal|p1a: Wigglytuff|76/424|[from] item: Leftovers\n|upkeep\n|turn|17\n|\n|t:|1729047938\n|move|p2a: Duraludon|Body Press|p1a: Wigglytuff\n|-damage|p1a: Wigglytuff|0 fnt\n|faint|p1a: Wigglytuff\n|\n|upkeep\n|\n|t:|1729047944\n|switch|p1a: Palkia|Palkia, L75|259/259\n|-ability|p1a: Palkia|Pressure\n|turn|18\n|inactive|barretjd has 120 seconds left.\n|\n|t:|1729047985\n|move|p1a: Palkia|Spacial Rend|p2a: Duraludon\n|-crit|p2a: Duraludon\n|-damage|p2a: Duraludon|0 fnt\n|faint|p2a: Duraludon\n|\n|upkeep\n|inactive|barretjd has 90 seconds left.\n|\n|t:|1729048009\n|switch|p2a: Bombirdier|Bombirdier, L85, F|258/258\n|turn|19\n|\n|t:|1729048018\n|move|p1a: Palkia|Thunder Wave|p2a: Bombirdier\n|-status|p2a: Bombirdier|par\n|move|p2a: Bombirdier|Knock Off|p1a: Palkia\n|-damage|p1a: Palkia|138/259\n|-enditem|p1a: Palkia|Lustrous Orb|[from] move: Knock Off|[of] p2a: Bombirdier\n|\n|upkeep\n|turn|20\n|\n|t:|1729048034\n|move|p1a: Palkia|Spacial Rend|p2a: Bombirdier\n|-damage|p2a: Bombirdier|128/258 par\n|move|p2a: Bombirdier|Brave Bird|p1a: Palkia\n|-damage|p1a: Palkia|0 fnt\n|faint|p1a: Palkia\n|-damage|p2a: Bombirdier|82/258 par|[from] Recoil\n|\n|upkeep\n|\n|t:|1729048049\n|switch|p1a: Donphan|Donphan, L84, M|216/288\n|turn|21\n|\n|t:|1729048067\n|move|p1a: Donphan|Ice Spinner|p2a: Bombirdier\n|-supereffective|p2a: Bombirdier\n|-damage|p2a: Bombirdier|0 fnt\n|faint|p2a: Bombirdier\n|\n|-heal|p1a: Donphan|234/288|[from] item: Leftovers\n|upkeep\n|\n|t:|1729048081\n|switch|p2a: Electrode|Electrode-Hisui, L87|246/246\n|turn|22\n|\n|t:|1729048090\n|switch|p1a: Regice|Regice, L88|247/284\n|move|p2a: Electrode|Volt Switch|p1a: Regice\n|-damage|p1a: Regice|200/284\n|-damage|p2a: Electrode|222/246|[from] item: Life Orb\n|\n|t:|1729048097\n|switch|p2a: Cinderace|Cinderace, L77, F|157/249|[from] Volt Switch\n|\n|upkeep\n|turn|23\n|\n|t:|1729048103\n|switch|p1a: Donphan|Donphan, L84, M|234/288\n|move|p2a: Cinderace|Pyro Ball|p1a: Donphan\n|-damage|p1a: Donphan|140/288\n|\n|-heal|p1a: Donphan|158/288|[from] item: Leftovers\n|upkeep\n|turn|24\n|\n|t:|1729048118\n|switch|p2a: Tornadus|Tornadus, L82, M|264/264\n|move|p1a: Donphan|Earthquake|p2a: Tornadus\n|-immune|p2a: Tornadus\n|\n|-heal|p1a: Donphan|176/288|[from] item: Leftovers\n|upkeep\n|turn|25\n|inactive|barretjd has 120 seconds left.\n|\n|t:|1729048127\n|switch|p1a: Regice|Regice, L88|200/284\n|move|p2a: Tornadus|Nasty Plot|p2a: Tornadus\n|-boost|p2a: Tornadus|spa|2\n|\n|upkeep\n|turn|26\n|\n|t:|1729048136\n|move|p2a: Tornadus|Nasty Plot|p2a: Tornadus\n|-boost|p2a: Tornadus|spa|2\n|move|p1a: Regice|Thunder Wave|p2a: Tornadus\n|-status|p2a: Tornadus|par\n|\n|upkeep\n|turn|27\n|\n|t:|1729048140\n|move|p1a: Regice|Ice Beam|p2a: Tornadus\n|-supereffective|p2a: Tornadus\n|-damage|p2a: Tornadus|24/264 par\n|move|p2a: Tornadus|Heat Wave|p1a: Regice\n|-supereffective|p1a: Regice\n|-damage|p1a: Regice|0 fnt\n|faint|p1a: Regice\n|\n|upkeep\n|\n|t:|1729048148\n|switch|p1a: Donphan|Donphan, L84, M|176/288\n|turn|28\n|inactive|barretjd has 120 seconds left.\n|\n|t:|1729048196\n|move|p1a: Donphan|Ice Spinner|p2a: Tornadus\n|-supereffective|p2a: Tornadus\n|-damage|p2a: Tornadus|0 fnt\n|faint|p2a: Tornadus\n|\n|-heal|p1a: Donphan|194/288|[from] item: Leftovers\n|upkeep\n|\n|t:|1729048199\n|switch|p2a: Electrode|Electrode-Hisui, L87|222/246\n|turn|29\n|\n|t:|1729048218\n|move|p2a: Electrode|Leaf Storm|p1a: Donphan\n|-supereffective|p1a: Donphan\n|-damage|p1a: Donphan|0 fnt\n|-unboost|p2a: Electrode|spa|2\n|faint|p1a: Donphan\n|-damage|p2a: Electrode|198/246|[from] item: Life Orb\n|\n|upkeep\n|\n|t:|1729048220\n|switch|p1a: Kingambit|Kingambit, L74, M|270/270\n|-activate|p1a: Kingambit|ability: Supreme Overlord\n|-start|p1a: Kingambit|fallen4|[silent]\n|turn|30\n|inactive|barretjd has 120 seconds left.\n|\n|t:|1729048237\n|move|p2a: Electrode|Taunt|p1a: Kingambit\n|-start|p1a: Kingambit|move: Taunt\n|cant|p1a: Kingambit|move: Taunt|Swords Dance\n|\n|upkeep\n|turn|31\n|\n|t:|1729048245\n|move|p2a: Electrode|Volt Switch|p1a: Kingambit\n|-damage|p1a: Kingambit|214/270\n|-damage|p2a: Electrode|174/246|[from] item: Life Orb\n|\n|t:|1729048252\n|switch|p2a: Chimecho|Chimecho, L94, F|277/293 par|[from] Volt Switch\n|move|p1a: Kingambit|Kowtow Cleave|p2a: Chimecho\n|-supereffective|p2a: Chimecho\n|-damage|p2a: Chimecho|29/293 par\n|\n|-heal|p1a: Kingambit|230/270|[from] item: Leftovers\n|-heal|p2a: Chimecho|47/293 par|[from] item: Leftovers\n|upkeep\n|turn|32\n|\n|t:|1729048270\n|move|p1a: Kingambit|Sucker Punch|p2a: Chimecho\n|-supereffective|p2a: Chimecho\n|-damage|p2a: Chimecho|0 fnt\n|faint|p2a: Chimecho\n|\n|-heal|p1a: Kingambit|246/270|[from] item: Leftovers\n|-end|p1a: Kingambit|move: Taunt\n|upkeep\n|\n|t:|1729048277\n|switch|p2a: Cinderace|Cinderace, L77, F|157/249\n|turn|33\n|\n|t:|1729048294\n|-terastallize|p1a: Kingambit|Dark\n|move|p1a: Kingambit|Sucker Punch|p2a: Cinderace\n|-damage|p2a: Cinderace|0 fnt\n|faint|p2a: Cinderace\n|\n|-heal|p1a: Kingambit|262/270|[from] item: Leftovers\n|upkeep\n|\n|t:|1729048300\n|switch|p2a: Electrode|Electrode-Hisui, L87|174/246\n|turn|34\n|\n|t:|1729048306\n|-terastallize|p2a: Electrode|Grass\n|move|p2a: Electrode|Leaf Storm|p1a: Kingambit\n|-damage|p1a: Kingambit|0 fnt\n|-unboost|p2a: Electrode|spa|2\n|faint|p1a: Kingambit\n|-end|p1a: Kingambit|fallen4|[silent]\n|-damage|p2a: Electrode|150/246|[from] item: Life Orb\n|\n|upkeep\n|\n|t:|1729048310\n|switch|p1a: Hitmonchan|Hitmonchan, L87, M|229/229\n|turn|35\n|\n|t:|1729048319\n|move|p2a: Electrode|Leaf Storm|p1a: Hitmonchan\n|-damage|p1a: Hitmonchan|135/229\n|-unboost|p2a: Electrode|spa|2\n|-damage|p2a: Electrode|126/246|[from] item: Life Orb\n|move|p1a: Hitmonchan|Poison Jab|p2a: Electrode\n|-supereffective|p2a: Electrode\n|-damage|p2a: Electrode|0 fnt\n|faint|p2a: Electrode\n|\n|win|Meat pie dealer\n|raw|Meat pie dealer's rating: 2200 &rarr; <strong>2226</strong><br />(+26 for winning)\n|raw|barretjd's rating: 2299 &rarr; <strong>2273</strong><br />(-26 for losing)\n|c|\u2606Meat pie dealer|gg\n", "inputlog": ">version 24b5ea12b3dbe77b1f0aa07975a48e3bd4b94ca5\n>start {\"formatid\":\"gen9randombattle\",\"seed\":[54596,42066,48541,43145],\"rated\":\"Rated battle\"}\n>player p1 {\"name\":\"Meat pie dealer\",\"avatar\":\"swimmer\",\"rating\":2200,\"seed\":[51400,59479,42104,1109]}\n>player p2 {\"name\":\"barretjd\",\"avatar\":\"102\",\"rating\":2299,\"seed\":[3090,15622,38560,487]}\n>p1 move thunderwave\n>p2 switch 4\n>p1 move spacialrend\n>p2 move cosmicpower\n>p1 move spacialrend\n>p2 move recover\n>p1 switch 4\n>p2 move cosmicpower\n>p1 move swordsdance\n>p2 switch 6\n>p1 switch 3\n>p2 move highjumpkick\n>p1 move earthquake\n>p2 switch 4\n>p1 switch 2\n>p2 move grassknot\n>p1 move thunderbolt\n>p2 switch 4\n>p1 switch 6\n>p2 move highjumpkick\n>p1 move protect\n>p2 switch 5\n>p1 move wish\n>p2 move bodypress\n>p1 move protect\n>p2 move flashcannon\n>p1 move wish\n>p2 move flashcannon\n>p1 move protect\n>p2 move irondefense\n>p1 move alluringvoice\n>p2 move flashcannon\n>p1 move alluringvoice\n>p2 move bodypress\n>p1 switch 4\n>p1 move spacialrend\n>p2 move bodypress\n>p2 switch 2\n>p1 move thunderwave\n>p2 move knockoff\n>p1 move spacialrend\n>p2 move bravebird\n>p1 switch 2\n>p1 move icespinner\n>p2 move roost\n>p2 switch 3\n>p1 switch 6\n>p2 move voltswitch\n>p2 switch 5\n>p1 switch 6\n>p2 move pyroball\n>p1 move earthquake\n>p2 switch 4\n>p1 switch 6\n>p2 move nastyplot\n>p1 move thunderwave\n>p2 move nastyplot\n>p1 move icebeam\n>p2 move heatwave\n>p1 switch 6\n>p1 move icespinner\n>p2 move grassknot\n>p2 switch 5\n>p1 move icespinner\n>p2 move leafstorm\n>p1 switch 3\n>p1 move swordsdance\n>p2 move taunt\n>p1 move kowtowcleave\n>p2 move voltswitch\n>p2 switch 6\n>p1 move suckerpunch\n>p2 move dazzlinggleam\n>p2 switch 4\n>p1 move suckerpunch terastallize\n>p2 move highjumpkick\n>p2 switch 6\n>p1 move kowtowcleave\n>p2 move leafstorm terastallize\n>p1 switch 5\n>p1 move poisonjab\n>p2 move leafstorm", "uploadtime": 1729048330, "views": 70, "formatid": "gen9randombattle", "rating": 2226, "private": 0, "password": null}