{"id": "gen9randombattle-2260518147", "format": "[Gen 9] Random Battle", "players": ["UziBoii", "butterscotch69"], "log": "|j|\u2606UziBoii\n|j|\u2606butterscotch69\n|t:|1733859362\n|gametype|singles\n|player|p1|UziBoii|ethan|1464\n|player|p2|butterscotch69|2|1443\n|teamsize|p1|6\n|teamsize|p2|6\n|gen|9\n|tier|[Gen 9] Random Battle\n|rated|\n|rule|Species Clause: Limit one of each Pok\u00e9mon\n|rule|HP Percentage Mod: HP is shown in percentages\n|rule|Sleep Clause Mod: Limit one foe put to sleep\n|rule|Illusion Level Mod: Illusion disguises the Pok\u00e9mon's true level\n|\n|t:|1733859362\n|start\n|switch|p1a: Ribombee|Ribombee, L82, F|233/233\n|switch|p2a: Politoed|Politoed, L88, M|302/302\n|-weather|RainDance|[from] ability: Drizzle|[of] p2a: Politoed\n|turn|1\n|inactive|Battle timer is ON: inactive players will automatically lose when time's up. (requested by UziBoii)\n|\n|t:|1733859371\n|move|p1a: Ribombee|Quiver Dance|p1a: Ribombee\n|-boost|p1a: Ribombee|spa|1\n|-boost|p1a: Ribombee|spd|1\n|-boost|p1a: Ribombee|spe|1\n|move|p2a: Politoed|Ice Beam|p1a: Ribombee\n|-damage|p1a: Ribombee|181/233\n|\n|-weather|RainDance|[upkeep]\n|upkeep\n|turn|2\n|\n|t:|1733859389\n|move|p1a: Ribombee|Quiver Dance|p1a: Ribombee\n|-boost|p1a: Ribombee|spa|1\n|-boost|p1a: Ribombee|spd|1\n|-boost|p1a: Ribombee|spe|1\n|move|p2a: Politoed|Haze|p2a: Politoed\n|-clearallboost\n|\n|-weather|RainDance|[upkeep]\n|upkeep\n|turn|3\n|\n|t:|1733859393\n|switch|p1a: Electrode|Electrode-Hisui, L87|246/246\n|move|p2a: Politoed|Ice Beam|p1a: Electrode\n|-supereffective|p1a: Electrode\n|-damage|p1a: Electrode|108/246\n|\n|-weather|RainDance|[upkeep]\n|-heal|p1a: Electrode|123/246|[from] item: Leftovers\n|upkeep\n|turn|4\n|\n|t:|1733859400\n|switch|p2a: Revavroom|Revavroom, L79, M|256/256\n|move|p1a: Electrode|Giga Drain|p2a: Revavroom\n|-resisted|p2a: Revavroom\n|-damage|p2a: Revavroom|234/256\n|-heal|p1a: Electrode|134/246|[from] drain|[of] p2a: Revavroom\n|\n|-weather|RainDance|[upkeep]\n|-heal|p1a: Electrode|149/246|[from] item: Leftovers\n|upkeep\n|turn|5\n|\n|t:|1733859407\n|move|p1a: Electrode|Substitute|p1a: Electrode\n|-start|p1a: Electrode|Substitute\n|-damage|p1a: Electrode|88/246\n|move|p2a: Revavroom|Shift Gear|p2a: Revavroom\n|-boost|p2a: Revavroom|spe|2\n|-boost|p2a: Revavroom|atk|1\n|\n|-weather|none\n|-heal|p1a: Electrode|103/246|[from] item: Leftovers\n|upkeep\n|turn|6\n|\n|t:|1733859410\n|move|p2a: Revavroom|Iron Head|p1a: Electrode\n|-resisted|p1a: Electrode\n|-end|p1a: Electrode|Substitute\n|-damage|p2a: Revavroom|209/256|[from] item: Life Orb\n|move|p1a: Electrode|Thunderbolt|p2a: Revavroom\n|-damage|p2a: Revavroom|100/256\n|\n|-heal|p1a: Electrode|118/246|[from] item: Leftovers\n|upkeep\n|turn|7\n|\n|t:|1733859415\n|move|p2a: Revavroom|Gunk Shot|p1a: Electrode\n|-supereffective|p1a: Electrode\n|-damage|p1a: Electrode|0 fnt\n|faint|p1a: Electrode\n|-damage|p2a: Revavroom|75/256|[from] item: Life Orb\n|\n|upkeep\n|\n|t:|1733859424\n|switch|p1a: Avalugg|Avalugg-Hisui, L90, F|317/317\n|turn|8\n|\n|t:|1733859428\n|move|p2a: Revavroom|Iron Head|p1a: Avalugg\n|-supereffective|p1a: Avalugg\n|-ability|p1a: Avalugg|Sturdy\n|-damage|p1a: Avalugg|1/317\n|-damage|p2a: Revavroom|50/256|[from] item: Life Orb\n|cant|p1a: Avalugg|flinch\n|\n|upkeep\n|turn|9\n|\n|t:|1733859432\n|move|p2a: Revavroom|Iron Head|p1a: Avalugg\n|-supereffective|p1a: Avalugg\n|-damage|p1a: Avalugg|0 fnt\n|faint|p1a: Avalugg\n|-damage|p2a: Revavroom|25/256|[from] item: Life Orb\n|\n|upkeep\n|\n|t:|1733859434\n|switch|p1a: Copperajah|Copperajah, L86, F|350/350\n|turn|10\n|\n|t:|1733859437\n|move|p2a: Revavroom|High Horsepower|p1a: Copperajah\n|-supereffective|p1a: Copperajah\n|-damage|p1a: Copperajah|54/350\n|-damage|p2a: Revavroom|0 fnt|[from] item: Life Orb\n|faint|p2a: Revavroom\n|move|p1a: Copperajah|Knock Off|p2: Revavroom|[notarget]\n|-fail|p1a: Copperajah\n|\n|upkeep\n|\n|t:|1733859443\n|switch|p2a: Tauros|Tauros-Paldea-Combat, L82, M|257/257\n|-ability|p2a: Tauros|Intimidate|boost\n|-unboost|p1a: Copperajah|atk|1\n|turn|11\n|\n|t:|1733859448\n|move|p2a: Tauros|Earthquake|p1a: Copperajah\n|-supereffective|p1a: Copperajah\n|-damage|p1a: Copperajah|0 fnt\n|faint|p1a: Copperajah\n|\n|upkeep\n|\n|t:|1733859452\n|switch|p1a: Veluza|Veluza, L85, M|292/292\n|turn|12\n|\n|t:|1733859456\n|switch|p2a: Iron Jugulis|Iron Jugulis, L78|275/275\n|move|p1a: Veluza|Fillet Away|p1a: Veluza\n|-boost|p1a: Veluza|atk|2\n|-boost|p1a: Veluza|spa|2\n|-boost|p1a: Veluza|spe|2\n|-damage|p1a: Veluza|146/292\n|-enditem|p1a: Veluza|Sitrus Berry|[eat]\n|-heal|p1a: Veluza|219/292|[from] item: Sitrus Berry\n|\n|upkeep\n|turn|13\n|\n|t:|1733859467\n|move|p1a: Veluza|Aqua Cutter|p2a: Iron Jugulis\n|-damage|p2a: Iron Jugulis|20/275\n|move|p2a: Iron Jugulis|Dark Pulse|p1a: Veluza\n|-supereffective|p1a: Veluza\n|-damage|p1a: Veluza|0 fnt\n|faint|p1a: Veluza\n|\n|upkeep\n|\n|t:|1733859470\n|switch|p1a: Ribombee|Ribombee, L82, F|181/233\n|turn|14\n|\n|t:|1733859477\n|-end|p2a: Iron Jugulis|Quark Drive|[silent]\n|switch|p2a: Politoed|Politoed, L88, M|302/302\n|-weather|RainDance|[from] ability: Drizzle|[of] p2a: Politoed\n|move|p1a: Ribombee|Quiver Dance|p1a: Ribombee\n|-boost|p1a: Ribombee|spa|1\n|-boost|p1a: Ribombee|spd|1\n|-boost|p1a: Ribombee|spe|1\n|\n|-weather|RainDance|[upkeep]\n|upkeep\n|turn|15\n|\n|t:|1733859479\n|move|p1a: Ribombee|Moonblast|p2a: Politoed\n|-damage|p2a: Politoed|182/302\n|move|p2a: Politoed|Haze|p2a: Politoed\n|-clearallboost\n|\n|-weather|RainDance|[upkeep]\n|upkeep\n|turn|16\n|\n|t:|1733859483\n|move|p1a: Ribombee|Quiver Dance|p1a: Ribombee\n|-boost|p1a: Ribombee|spa|1\n|-boost|p1a: Ribombee|spd|1\n|-boost|p1a: Ribombee|spe|1\n|move|p2a: Politoed|Ice Beam|p1a: Ribombee\n|-damage|p1a: Ribombee|125/233\n|\n|-weather|RainDance|[upkeep]\n|upkeep\n|turn|17\n|\n|t:|1733859487\n|move|p1a: Ribombee|Moonblast|p2a: Politoed\n|-damage|p2a: Politoed|65/302\n|move|p2a: Politoed|Haze|p2a: Politoed\n|-clearallboost\n|\n|-weather|RainDance|[upkeep]\n|upkeep\n|turn|18\n|\n|t:|1733859490\n|move|p1a: Ribombee|Quiver Dance|p1a: Ribombee\n|-boost|p1a: Ribombee|spa|1\n|-boost|p1a: Ribombee|spd|1\n|-boost|p1a: Ribombee|spe|1\n|move|p2a: Politoed|Rest|p2a: Politoed\n|-status|p2a: Politoed|slp|[from] move: Rest\n|-heal|p2a: Politoed|302/302 slp|[silent]\n|-enditem|p2a: Politoed|Chesto Berry|[eat]\n|-curestatus|p2a: Politoed|slp|[msg]\n|\n|-weather|none\n|upkeep\n|turn|19\n|\n|t:|1733859493\n|move|p1a: Ribombee|Moonblast|p2a: Politoed\n|-damage|p2a: Politoed|187/302\n|move|p2a: Politoed|Haze|p2a: Politoed\n|-clearallboost\n|\n|upkeep\n|turn|20\n|\n|t:|1733859496\n|move|p1a: Ribombee|Quiver Dance|p1a: Ribombee\n|-boost|p1a: Ribombee|spa|1\n|-boost|p1a: Ribombee|spd|1\n|-boost|p1a: Ribombee|spe|1\n|move|p2a: Politoed|Ice Beam|p1a: Ribombee\n|-damage|p1a: Ribombee|73/233\n|\n|upkeep\n|turn|21\n|\n|t:|1733859497\n|move|p1a: Ribombee|Moonblast|p2a: Politoed\n|-damage|p2a: Politoed|72/302\n|move|p2a: Politoed|Ice Beam|p1a: Ribombee\n|-damage|p1a: Ribombee|14/233\n|\n|upkeep\n|turn|22\n|\n|t:|1733859500\n|move|p1a: Ribombee|Moonblast|p2a: Politoed\n|-damage|p2a: Politoed|0 fnt\n|faint|p2a: Politoed\n|\n|upkeep\n|\n|t:|1733859503\n|switch|p2a: Regieleki|Regieleki, L79|256/256\n|turn|23\n|\n|t:|1733859509\n|-terastallize|p1a: Ribombee|Ground\n|move|p1a: Ribombee|Tera Blast|p2a: Regieleki|[anim] Tera Blast Ground\n|-supereffective|p2a: Regieleki\n|-damage|p2a: Regieleki|0 fnt\n|faint|p2a: Regieleki\n|\n|upkeep\n|\n|t:|1733859513\n|switch|p2a: Mewtwo|Mewtwo, L72|272/272\n|-ability|p2a: Mewtwo|Unnerve\n|turn|24\n|\n|t:|1733859517\n|move|p1a: Ribombee|Bug Buzz|p2a: Mewtwo\n|-supereffective|p2a: Mewtwo\n|-damage|p2a: Mewtwo|0 fnt\n|faint|p2a: Mewtwo\n|\n|upkeep\n|\n|t:|1733859520\n|switch|p2a: Tauros|Tauros-Paldea-Combat, L82, M|257/257\n|-ability|p2a: Tauros|Intimidate|boost\n|-unboost|p1a: Ribombee|atk|1\n|turn|25\n|\n|t:|1733859524\n|move|p1a: Ribombee|Moonblast|p2a: Tauros\n|-supereffective|p2a: Tauros\n|-damage|p2a: Tauros|0 fnt\n|faint|p2a: Tauros\n|\n|upkeep\n|\n|t:|1733859526\n|switch|p2a: Iron Jugulis|Iron Jugulis, L78|20/275\n|turn|26\n|\n|t:|1733859528\n|move|p1a: Ribombee|Moonblast|p2a: Iron Jugulis\n|-supereffective|p2a: Iron Jugulis\n|-damage|p2a: Iron Jugulis|0 fnt\n|faint|p2a: Iron Jugulis\n|-end|p2a: Iron Jugulis|Quark Drive|[silent]\n|\n|win|UziBoii\n|raw|UziBoii's rating: 1464 &rarr; <strong>1483</strong><br />(+19 for winning)\n|raw|butterscotch69's rating: 1443 &rarr; <strong>1424</strong><br />(-19 for losing)\n|l|\u2606butterscotch69\n|player|p2|\n|c|\u2606UziBoii|gg\n", "inputlog": ">version bfd83cad13791eb5a5a409923076391caf6fb4d4\n>start {\"formatid\":\"gen9randombattle\",\"seed\":[59946,57142,7062,54711],\"rated\":\"Rated battle\"}\n>player p1 {\"name\":\"UziBoii\",\"avatar\":\"ethan\",\"rating\":1464,\"seed\":[4013,46995,454,32421]}\n>player p2 {\"name\":\"butterscotch69\",\"avatar\":\"2\",\"rating\":1443,\"seed\":[2023,59958,44692,52214]}\n>p1 move quiverdance\n>p2 move icebeam\n>p1 move quiverdance\n>p2 move haze\n>p1 switch 5\n>p2 move icebeam\n>p1 move gigadrain\n>p2 switch 3\n>p1 move substitute\n>p2 move shiftgear\n>p1 move thunderbolt\n>p2 move ironhead\n>p1 move thunderbolt\n>p2 move gunkshot\n>p1 switch 4\n>p1 move bodypress\n>p2 move ironhead\n>p1 move bodypress\n>p2 move ironhead\n>p1 switch 2\n>p1 move knockoff\n>p2 move highhorsepower\n>p2 switch 6\n>p1 move knockoff\n>p2 move earthquake\n>p1 switch 6\n>p1 move filletaway\n>p2 switch 4\n>p1 move aquacutter\n>p2 move darkpulse\n>p1 switch 5\n>p1 move quiverdance\n>p2 switch 3\n>p1 move moonblast\n>p2 move haze\n>p1 move quiverdance\n>p2 move icebeam\n>p1 move moonblast\n>p2 move haze\n>p1 move quiverdance\n>p2 move rest\n>p1 move moonblast\n>p2 move haze\n>p1 move quiverdance\n>p2 move icebeam\n>p1 move moonblast\n>p2 move icebeam\n>p1 move moonblast\n>p2 move icebeam\n>p2 switch 5\n>p1 move terablast terastallize\n>p2 move thunderbolt\n>p2 switch 2\n>p1 move bugbuzz\n>p2 move psystrike\n>p2 switch 4\n>p1 move moonblast\n>p2 move earthquake\n>p2 switch 3\n>p1 move moonblast\n>p2 move earthpower", "uploadtime": 1733859535, "views": 1, "formatid": "gen9randombattle", "rating": 1424, "private": 0, "password": null}