{"id": "gen9randombattle-2205488397", "format": "[Gen 9] Random Battle", "players": ["RB2T LW", "Qiuescent"], "log": "|raw|<div class=\"broadcast-blue\"><strong>This battle is required to be public due to a player having a name starting with 'rb2t'.</div>\n|j|\u2606RB2T LW\n|j|\u203dQiuescent\n|t:|1726791963\n|gametype|singles\n|player|p1|RB2T LW|klara|2267\n|player|p2|Qiuescent|266|2289\n|teamsize|p1|6\n|teamsize|p2|6\n|gen|9\n|tier|[Gen 9] Random Battle\n|rated|\n|rule|Species Clause: Limit one of each Pok\u00e9mon\n|rule|HP Percentage Mod: HP is shown in percentages\n|rule|Sleep Clause Mod: Limit one foe put to sleep\n|rule|Illusion Level Mod: Illusion disguises the Pok\u00e9mon's true level\n|\n|t:|1726791963\n|start\n|switch|p1a: Staraptor|Staraptor, L79, M|263/263\n|switch|p2a: Froslass|Froslass, L87, F|263/263\n|turn|1\n|inactive|Battle timer is ON: inactive players will automatically lose when time's up. (requested by RB2T LW)\n|\n|t:|1726791980\n|switch|p1a: Primarina|Primarina, L83, F|268/268\n|move|p2a: Froslass|Triple Axel|p1a: Primarina\n|-resisted|p1a: Primarina\n|-damage|p1a: Primarina|256/268\n|-resisted|p1a: Primarina\n|-damage|p1a: Primarina|233/268\n|-resisted|p1a: Primarina\n|-damage|p1a: Primarina|197/268\n|-hitcount|p1a: Primarina|3\n|\n|-heal|p1a: Primarina|213/268|[from] item: Leftovers\n|upkeep\n|turn|2\n|\n|t:|1726791986\n|move|p2a: Froslass|Poltergeist|p1a: Primarina\n|-activate|p1a: Primarina|move: Poltergeist|Leftovers\n|-damage|p1a: Primarina|96/268\n|move|p1a: Primarina|Sparkling Aria|p2a: Froslass\n|-damage|p2a: Froslass|140/263\n|\n|-heal|p1a: Primarina|112/268|[from] item: Leftovers\n|upkeep\n|turn|3\n|\n|t:|1726792001\n|switch|p1a: Staraptor|Staraptor, L79, M|263/263\n|move|p2a: Froslass|Spikes|p1a: Staraptor\n|-sidestart|p1: RB2T LW|Spikes\n|\n|upkeep\n|turn|4\n|\n|t:|1726792004\n|switch|p1a: Glalie|Glalie, L96, F|309/309\n|move|p2a: Froslass|Triple Axel|p1a: Glalie\n|-resisted|p1a: Glalie\n|-damage|p1a: Glalie|299/309\n|-resisted|p1a: Glalie\n|-crit|p1a: Glalie\n|-damage|p1a: Glalie|270/309\n|-resisted|p1a: Glalie\n|-crit|p1a: Glalie\n|-damage|p1a: Glalie|229/309\n|-hitcount|p1a: Glalie|3\n|\n|upkeep\n|turn|5\n|\n|t:|1726792007\n|move|p2a: Froslass|Spikes|p1a: Glalie\n|-sidestart|p1: RB2T LW|Spikes\n|move|p1a: Glalie|Spikes|p2a: Froslass\n|-sidestart|p2: Qiuescent|Spikes\n|\n|upkeep\n|turn|6\n|\n|t:|1726792009\n|move|p2a: Froslass|Poltergeist|p1a: Glalie\n|-activate|p1a: Glalie|move: Poltergeist|Heavy-Duty Boots\n|-damage|p1a: Glalie|120/309\n|move|p1a: Glalie|Spikes|p2a: Froslass\n|-sidestart|p2: Qiuescent|Spikes\n|\n|upkeep\n|turn|7\n|\n|t:|1726792016\n|move|p2a: Froslass|Poltergeist|p1a: Glalie\n|-activate|p1a: Glalie|move: Poltergeist|Heavy-Duty Boots\n|-damage|p1a: Glalie|21/309\n|move|p1a: Glalie|Earthquake|p2a: Froslass\n|-damage|p2a: Froslass|50/263\n|\n|upkeep\n|turn|8\n|\n|t:|1726792020\n|move|p2a: Froslass|Triple Axel|p1a: Glalie\n|-resisted|p1a: Glalie\n|-damage|p1a: Glalie|12/309\n|-resisted|p1a: Glalie\n|-damage|p1a: Glalie|0 fnt\n|faint|p1a: Glalie\n|-hitcount|p1: Glalie|2\n|\n|upkeep\n|\n|t:|1726792022\n|switch|p1a: Gothitelle|Gothitelle, L90, F|272/272\n|-damage|p1a: Gothitelle|227/272|[from] Spikes\n|turn|9\n|\n|t:|1726792025\n|move|p1a: Gothitelle|Dark Pulse|p2a: Froslass\n|-supereffective|p2a: Froslass\n|-damage|p2a: Froslass|0 fnt\n|faint|p2a: Froslass\n|\n|upkeep\n|\n|t:|1726792027\n|switch|p2a: Samurott|Samurott-Hisui, L77, F|265/265\n|-damage|p2a: Samurott|221/265|[from] Spikes\n|turn|10\n|\n|t:|1726792032\n|switch|p1a: Primarina|Primarina, L83, F|112/268\n|-damage|p1a: Primarina|68/268|[from] Spikes\n|move|p2a: Samurott|Ceaseless Edge|p1a: Primarina\n|-resisted|p1a: Primarina\n|-damage|p1a: Primarina|13/268\n|-sidestart|p1: RB2T LW|Spikes\n|\n|-heal|p1a: Primarina|29/268|[from] item: Leftovers\n|upkeep\n|turn|11\n|\n|t:|1726792035\n|move|p2a: Samurott|Ceaseless Edge|p1a: Primarina|[miss]\n|-miss|p2a: Samurott|p1a: Primarina\n|move|p1a: Primarina|Draining Kiss|p2a: Samurott\n|-supereffective|p2a: Samurott\n|-damage|p2a: Samurott|57/265\n|-heal|p1a: Primarina|152/268|[from] drain|[of] p2a: Samurott\n|\n|-heal|p1a: Primarina|168/268|[from] item: Leftovers\n|upkeep\n|turn|12\n|\n|t:|1726792042\n|switch|p2a: Lapras|Lapras, L87, F|368/368\n|move|p1a: Primarina|Sparkling Aria|p2a: Lapras\n|-immune|p2a: Lapras|[from] ability: Water Absorb\n|\n|-heal|p1a: Primarina|184/268|[from] item: Leftovers\n|upkeep\n|turn|13\n|\n|t:|1726792045\n|switch|p1a: Gothitelle|Gothitelle, L90, F|227/272\n|-damage|p1a: Gothitelle|159/272|[from] Spikes\n|move|p2a: Lapras|Freeze-Dry|p1a: Gothitelle\n|-damage|p1a: Gothitelle|104/272\n|\n|upkeep\n|turn|14\n|\n|t:|1726792056\n|move|p1a: Gothitelle|Trick|p2a: Lapras\n|-activate|p1a: Gothitelle|move: Trick|[of] p2a: Lapras\n|-item|p2a: Lapras|Choice Scarf|[from] move: Trick\n|-item|p1a: Gothitelle|Heavy-Duty Boots|[from] move: Trick\n|move|p2a: Lapras|Sparkling Aria|p1a: Gothitelle\n|-damage|p1a: Gothitelle|37/272\n|\n|upkeep\n|turn|15\n|\n|t:|1726792061\n|move|p2a: Lapras|Sparkling Aria|p1a: Gothitelle\n|-damage|p1a: Gothitelle|0 fnt\n|faint|p1a: Gothitelle\n|\n|upkeep\n|\n|t:|1726792065\n|switch|p1a: Sinistcha|Sinistcha, L83|254/254\n|-damage|p1a: Sinistcha|191/254|[from] Spikes\n|turn|16\n|\n|t:|1726792070\n|switch|p2a: Samurott|Samurott-Hisui, L77, F|57/265\n|-damage|p2a: Samurott|13/265|[from] Spikes\n|move|p1a: Sinistcha|Shadow Ball|p2a: Samurott\n|-resisted|p2a: Samurott\n|-damage|p2a: Samurott|0 fnt\n|faint|p2a: Samurott\n|\n|-heal|p1a: Sinistcha|206/254|[from] item: Leftovers\n|upkeep\n|inactive|Qiuescent has 120 seconds left.\n|\n|t:|1726792128\n|switch|p2a: Jolteon|Jolteon, L84, F|246/246\n|-damage|p2a: Jolteon|205/246|[from] Spikes\n|turn|17\n|\n|t:|1726792136\n|-terastallize|p2a: Jolteon|Ice\n|-terastallize|p1a: Sinistcha|Steel\n|move|p2a: Jolteon|Tera Blast|p1a: Sinistcha|[anim] Tera Blast Ice\n|-resisted|p1a: Sinistcha\n|-damage|p1a: Sinistcha|152/254\n|move|p1a: Sinistcha|Calm Mind|p1a: Sinistcha\n|-boost|p1a: Sinistcha|spa|1\n|-boost|p1a: Sinistcha|spd|1\n|\n|-heal|p2a: Jolteon|220/246|[from] item: Leftovers\n|-heal|p1a: Sinistcha|167/254|[from] item: Leftovers\n|upkeep\n|turn|18\n|\n|t:|1726792151\n|move|p2a: Jolteon|Calm Mind|p2a: Jolteon\n|-boost|p2a: Jolteon|spa|1\n|-boost|p2a: Jolteon|spd|1\n|move|p1a: Sinistcha|Matcha Gotcha|p2a: Jolteon|[miss]\n|-miss|p1a: Sinistcha|p2a: Jolteon\n|\n|-heal|p2a: Jolteon|235/246|[from] item: Leftovers\n|-heal|p1a: Sinistcha|182/254|[from] item: Leftovers\n|upkeep\n|turn|19\n|\n|t:|1726792158\n|move|p2a: Jolteon|Calm Mind|p2a: Jolteon\n|-boost|p2a: Jolteon|spa|1\n|-boost|p2a: Jolteon|spd|1\n|move|p1a: Sinistcha|Matcha Gotcha|p2a: Jolteon\n|-damage|p2a: Jolteon|169/246\n|-heal|p1a: Sinistcha|215/254|[from] drain|[of] p2a: Jolteon\n|\n|-heal|p2a: Jolteon|184/246|[from] item: Leftovers\n|-heal|p1a: Sinistcha|230/254|[from] item: Leftovers\n|upkeep\n|turn|20\n|j| nelsoNJ\n|\n|t:|1726792161\n|move|p2a: Jolteon|Thunderbolt|p1a: Sinistcha\n|-damage|p1a: Sinistcha|65/254\n|move|p1a: Sinistcha|Calm Mind|p1a: Sinistcha\n|-boost|p1a: Sinistcha|spa|1\n|-boost|p1a: Sinistcha|spd|1\n|\n|-heal|p2a: Jolteon|199/246|[from] item: Leftovers\n|-heal|p1a: Sinistcha|80/254|[from] item: Leftovers\n|upkeep\n|turn|21\n|\n|t:|1726792165\n|move|p2a: Jolteon|Thunderbolt|p1a: Sinistcha\n|-damage|p1a: Sinistcha|0 fnt\n|faint|p1a: Sinistcha\n|\n|-heal|p2a: Jolteon|214/246|[from] item: Leftovers\n|upkeep\n|\n|t:|1726792169\n|switch|p1a: Staraptor|Staraptor, L79, M|263/263\n|turn|22\n|\n|t:|1726792171\n|move|p1a: Staraptor|Quick Attack|p2a: Jolteon\n|-damage|p2a: Jolteon|123/246\n|move|p2a: Jolteon|Thunderbolt|p1a: Staraptor\n|-supereffective|p1a: Staraptor\n|-damage|p1a: Staraptor|0 fnt\n|faint|p1a: Staraptor\n|\n|-heal|p2a: Jolteon|138/246|[from] item: Leftovers\n|upkeep\n|\n|t:|1726792172\n|switch|p1a: Arceus|Arceus-Psychic, L69|280/280\n|-damage|p1a: Arceus|210/280|[from] Spikes\n|turn|23\n|\n|t:|1726792175\n|move|p2a: Jolteon|Thunderbolt|p1a: Arceus\n|-damage|p1a: Arceus|14/280\n|move|p1a: Arceus|Body Press|p2a: Jolteon\n|-supereffective|p2a: Jolteon\n|-damage|p2a: Jolteon|18/246\n|\n|-heal|p2a: Jolteon|33/246|[from] item: Leftovers\n|upkeep\n|turn|24\n|-message|RB2T LW forfeited.\n|\n|win|Qiuescent\n|raw|RB2T LW's rating: 2267 &rarr; <strong>2248</strong><br />(-19 for losing)\n|raw|Qiuescent's rating: 2289 &rarr; <strong>2308</strong><br />(+19 for winning)\n|l|\u2606RB2T LW\n|player|p1|\n", "inputlog": ">version ddf5848a381b6afa3b8db755b9bdef59b522c4eb\n>start {\"formatid\":\"gen9randombattle\",\"seed\":[18649,13234,60801,44342],\"rated\":\"Rated battle\"}\n>player p1 {\"name\":\"RB2T LW\",\"avatar\":\"klara\",\"rating\":2267,\"seed\":[30295,3247,45933,10380]}\n>player p2 {\"name\":\"Qiuescent\",\"avatar\":\"266\",\"rating\":2289,\"seed\":[14007,38708,2172,9766]}\n>p1 switch 3\n>p2 move tripleaxel\n>p1 move sparklingaria\n>p2 move poltergeist\n>p1 switch 3\n>p2 move spikes\n>p1 switch 5\n>p2 move tripleaxel\n>p1 move spikes\n>p2 move spikes\n>p1 move spikes\n>p2 move poltergeist\n>p1 move earthquake\n>p2 move poltergeist\n>p1 move spikes\n>p2 move tripleaxel\n>p1 switch 4\n>p1 move darkpulse\n>p2 move poltergeist\n>p2 switch 2\n>p1 switch 3\n>p2 move ceaselessedge\n>p1 move drainingkiss\n>p2 move ceaselessedge\n>p1 move sparklingaria\n>p2 switch 3\n>p1 switch 3\n>p2 move freezedry\n>p1 move trick\n>p2 move sparklingaria\n>p1 move focusblast\n>p2 move sparklingaria\n>p1 switch 6\n>p1 move shadowball\n>p2 switch 3\n>p2 switch 6\n>p1 move calmmind terastallize\n>p2 move terablast terastallize\n>p1 move matchagotcha\n>p2 move calmmind\n>p1 move matchagotcha\n>p2 move calmmind\n>p1 move calmmind\n>p2 move thunderbolt\n>p1 move matchagotcha\n>p2 move thunderbolt\n>p1 switch 5\n>p1 move quickattack\n>p2 move thunderbolt\n>p1 switch 2\n>p1 move bodypress\n>p2 move thunderbolt\n>forcelose p1", "uploadtime": 1726792180, "views": 96, "formatid": "gen9randombattle", "rating": 2248, "private": 0, "password": null}