{"id": "gen9randombattle-2103100982", "format": "[Gen 9] Random Battle", "players": ["Lucius artor", "MichaelderBeste2"], "log": "|badge|p1|silver|gen9randombattle|30-1\n|uhtml|medal-msg|<div class=\"broadcast-blue\">Curious what those medals under the avatar are? PS now has Ladder Seasons! For more information, check out the <a href=\"https://www.smogon.com/forums/threads/3740067/\">thread on Smogon.</a></div>\n|badge|p2|silver|gen9randombattle|30-1\n|uhtml|medal-msg|<div class=\"broadcast-blue\">Curious what those medals under the avatar are? PS now has Ladder Seasons! For more information, check out the <a href=\"https://www.smogon.com/forums/threads/3740067/\">thread on Smogon.</a></div>\n|j|\u2606Lucius artor\n|j|\u2606MichaelderBeste2\n|t:|1713087040\n|gametype|singles\n|player|p1|Lucius artor|unknown|2452\n|player|p2|MichaelderBeste2|#rbtt7teamdarkrai|2451\n|teamsize|p1|6\n|teamsize|p2|6\n|gen|9\n|tier|[Gen 9] Random Battle\n|rated|\n|rule|Species Clause: Limit one of each Pok\u00e9mon\n|rule|HP Percentage Mod: HP is shown in percentages\n|rule|Sleep Clause Mod: Limit one foe put to sleep\n|rule|Illusion Level Mod: Illusion disguises the Pok\u00e9mon's true level\n|\n|t:|1713087040\n|start\n|switch|p1a: Mimikyu|Mimikyu, L79, M, shiny|216/216\n|switch|p2a: Jolteon|Jolteon, L84, M|246/246\n|turn|1\n|inactive|Battle timer is ON: inactive players will automatically lose when time's up. (requested by Lucius artor)\n|\n|t:|1713087051\n|move|p2a: Jolteon|Thunderbolt|p1a: Mimikyu\n|-activate|p1a: Mimikyu|ability: Disguise\n|-damage|p1a: Mimikyu|216/216\n|detailschange|p1a: Mimikyu|Mimikyu-Busted, L79, M, shiny\n|-damage|p1a: Mimikyu|189/216|[from] pokemon: Mimikyu-Busted\n|move|p1a: Mimikyu|Swords Dance|p1a: Mimikyu\n|-boost|p1a: Mimikyu|atk|2\n|\n|upkeep\n|turn|2\n|\n|t:|1713087065\n|move|p2a: Jolteon|Substitute|p2a: Jolteon\n|-start|p2a: Jolteon|Substitute\n|-damage|p2a: Jolteon|185/246\n|move|p1a: Mimikyu|Play Rough|p2a: Jolteon\n|-end|p2a: Jolteon|Substitute\n|-damage|p1a: Mimikyu|168/216|[from] item: Life Orb\n|\n|-heal|p2a: Jolteon|200/246|[from] item: Leftovers\n|upkeep\n|turn|3\n|\n|t:|1713087073\n|move|p2a: Jolteon|Substitute|p2a: Jolteon\n|-start|p2a: Jolteon|Substitute\n|-damage|p2a: Jolteon|139/246\n|move|p1a: Mimikyu|Drain Punch|p2a: Jolteon\n|-end|p2a: Jolteon|Substitute\n|-heal|p1a: Mimikyu|199/216|[from] drain|[of] p2a: Jolteon\n|-damage|p1a: Mimikyu|178/216|[from] item: Life Orb\n|\n|-heal|p2a: Jolteon|154/246|[from] item: Leftovers\n|upkeep\n|turn|4\n|\n|t:|1713087077\n|move|p2a: Jolteon|Thunderbolt|p1a: Mimikyu\n|-damage|p1a: Mimikyu|85/216\n|move|p1a: Mimikyu|Drain Punch|p2a: Jolteon\n|-damage|p2a: Jolteon|6/246\n|-heal|p1a: Mimikyu|159/216|[from] drain|[of] p2a: Jolteon\n|-damage|p1a: Mimikyu|138/216|[from] item: Life Orb\n|\n|-heal|p2a: Jolteon|21/246|[from] item: Leftovers\n|upkeep\n|turn|5\n|\n|t:|1713087085\n|switch|p2a: Mabosstiff|Mabosstiff, L85, M|275/275\n|move|p1a: Mimikyu|Shadow Sneak|p2a: Mabosstiff\n|-resisted|p2a: Mabosstiff\n|-damage|p2a: Mabosstiff|232/275\n|-damage|p1a: Mimikyu|117/216|[from] item: Life Orb\n|\n|upkeep\n|turn|6\n|\n|t:|1713087089\n|switch|p2a: Jolteon|Jolteon, L84, M|21/246\n|-terastallize|p1a: Mimikyu|Fighting\n|move|p1a: Mimikyu|Drain Punch|p2a: Jolteon\n|-damage|p2a: Jolteon|0 fnt\n|-heal|p1a: Mimikyu|128/216|[from] drain|[of] p2a: Jolteon\n|faint|p2a: Jolteon\n|-damage|p1a: Mimikyu|107/216|[from] item: Life Orb\n|\n|upkeep\n|\n|t:|1713087114\n|switch|p2a: Enamorus|Enamorus, L79, F|247/247\n|turn|7\n|\n|t:|1713087119\n|move|p1a: Mimikyu|Shadow Sneak|p2a: Enamorus\n|-damage|p2a: Enamorus|126/247\n|-start|p1a: Mimikyu|Attract|[from] ability: Cute Charm|[of] p2a: Enamorus\n|-damage|p1a: Mimikyu|86/216|[from] item: Life Orb\n|move|p2a: Enamorus|Moonblast|p1a: Mimikyu\n|-supereffective|p1a: Mimikyu\n|-damage|p1a: Mimikyu|0 fnt\n|faint|p1a: Mimikyu\n|\n|-heal|p2a: Enamorus|141/247|[from] item: Leftovers\n|upkeep\n|\n|t:|1713087133\n|switch|p1a: Cryogonal|Cryogonal, L88|284/284\n|turn|8\n|\n|t:|1713087153\n|switch|p2a: Armarouge|Armarouge, L81, M|270/270\n|move|p1a: Cryogonal|Ice Beam|p2a: Armarouge\n|-resisted|p2a: Armarouge\n|-damage|p2a: Armarouge|207/270\n|\n|upkeep\n|turn|9\n|\n|t:|1713087162\n|move|p1a: Cryogonal|Tera Blast|p2a: Armarouge\n|-damage|p2a: Armarouge|133/270\n|move|p2a: Armarouge|Armor Cannon|p1a: Cryogonal\n|-supereffective|p1a: Cryogonal\n|-damage|p1a: Cryogonal|84/284\n|-unboost|p2a: Armarouge|def|1\n|-unboost|p2a: Armarouge|spd|1\n|\n|upkeep\n|turn|10\n|\n|t:|1713087191\n|move|p1a: Cryogonal|Recover|p1a: Cryogonal\n|-heal|p1a: Cryogonal|226/284\n|move|p2a: Armarouge|Armor Cannon|p1a: Cryogonal\n|-supereffective|p1a: Cryogonal\n|-damage|p1a: Cryogonal|26/284\n|-unboost|p2a: Armarouge|def|1\n|-unboost|p2a: Armarouge|spd|1\n|\n|upkeep\n|turn|11\n|\n|t:|1713087209\n|move|p1a: Cryogonal|Ice Beam|p2a: Armarouge\n|-resisted|p2a: Armarouge\n|-damage|p2a: Armarouge|19/270\n|move|p2a: Armarouge|Armor Cannon|p1a: Cryogonal\n|-supereffective|p1a: Cryogonal\n|-damage|p1a: Cryogonal|0 fnt\n|-unboost|p2a: Armarouge|def|1\n|-unboost|p2a: Armarouge|spd|1\n|faint|p1a: Cryogonal\n|\n|upkeep\n|\n|t:|1713087222\n|switch|p1a: Medicham|Medicham, L86, M|243/243\n|turn|12\n|\n|t:|1713087228\n|switch|p2a: Articuno|Articuno-Galar, L83|285/285\n|move|p1a: Medicham|Poison Jab|p2a: Articuno\n|-damage|p2a: Articuno|162/285\n|\n|upkeep\n|turn|13\n|\n|t:|1713087234\n|switch|p1a: Copperajah|Copperajah, L86, F|350/350\n|move|p2a: Articuno|Recover|p2a: Articuno\n|-heal|p2a: Articuno|285/285\n|\n|upkeep\n|turn|14\n|inactive|MichaelderBeste2 has 120 seconds left.\n|j| yellow file\n|inactive|MichaelderBeste2 has 90 seconds left.\n|\n|t:|1713087297\n|switch|p2a: Armarouge|Armarouge, L81, M|19/270\n|move|p1a: Copperajah|Stealth Rock|p2a: Armarouge\n|-sidestart|p2: MichaelderBeste2|move: Stealth Rock\n|\n|upkeep\n|turn|15\n|\n|t:|1713087302\n|switch|p1a: Medicham|Medicham, L86, M|243/243\n|move|p2a: Armarouge|Armor Cannon|p1a: Medicham\n|-damage|p1a: Medicham|96/243\n|-unboost|p2a: Armarouge|def|1\n|-unboost|p2a: Armarouge|spd|1\n|\n|upkeep\n|turn|16\n|\n|t:|1713087312\n|move|p1a: Medicham|Poison Jab|p2a: Armarouge\n|-damage|p2a: Armarouge|0 fnt\n|faint|p2a: Armarouge\n|\n|upkeep\n|\n|t:|1713087314\n|switch|p2a: Drednaw|Drednaw, L80, M|275/275\n|-damage|p2a: Drednaw|241/275|[from] Stealth Rock\n|turn|17\n|\n|t:|1713087318\n|switch|p1a: Hariyama|Hariyama, L87, M|392/392\n|move|p2a: Drednaw|Shell Smash|p2a: Drednaw\n|-unboost|p2a: Drednaw|def|1\n|-unboost|p2a: Drednaw|spd|1\n|-boost|p2a: Drednaw|atk|2\n|-boost|p2a: Drednaw|spa|2\n|-boost|p2a: Drednaw|spe|2\n|-enditem|p2a: Drednaw|White Herb\n|-clearnegativeboost|p2a: Drednaw|[silent]\n|\n|-status|p1a: Hariyama|brn|[from] item: Flame Orb\n|upkeep\n|turn|18\n|inactive|MichaelderBeste2 has 120 seconds left.\n|\n|t:|1713087324\n|-terastallize|p2a: Drednaw|Water\n|move|p2a: Drednaw|Liquidation|p1a: Hariyama\n|-damage|p1a: Hariyama|56/392 brn\n|move|p1a: Hariyama|Close Combat|p2a: Drednaw\n|-damage|p2a: Drednaw|0 fnt\n|-unboost|p1a: Hariyama|def|1\n|-unboost|p1a: Hariyama|spd|1\n|faint|p2a: Drednaw\n|\n|-damage|p1a: Hariyama|32/392 brn|[from] brn\n|upkeep\n|inactive|MichaelderBeste2 has 120 seconds left.\n|\n|t:|1713087336\n|switch|p2a: Mabosstiff|Mabosstiff, L85, M|232/275\n|-damage|p2a: Mabosstiff|198/275|[from] Stealth Rock\n|turn|19\n|inactive|MichaelderBeste2 has 120 seconds left.\n|\n|t:|1713087344\n|move|p2a: Mabosstiff|Crunch|p1a: Hariyama\n|-resisted|p1a: Hariyama\n|-damage|p1a: Hariyama|0 fnt\n|faint|p1a: Hariyama\n|\n|upkeep\n|l| yellow file\n|\n|t:|1713087360\n|switch|p1a: Medicham|Medicham, L86, M|96/243\n|turn|20\n|\n|t:|1713087368\n|move|p1a: Medicham|Bullet Punch|p2a: Mabosstiff\n|-damage|p2a: Mabosstiff|132/275\n|move|p2a: Mabosstiff|Crunch|p1a: Medicham\n|-damage|p1a: Medicham|0 fnt\n|faint|p1a: Medicham\n|\n|upkeep\n|\n|t:|1713087373\n|switch|p1a: Malamar|Malamar, L82, M|275/275\n|turn|21\n|\n|t:|1713087385\n|switch|p2a: Enamorus|Enamorus, L79, F|141/247\n|-damage|p2a: Enamorus|80/247|[from] Stealth Rock\n|move|p1a: Malamar|Superpower|p2a: Enamorus\n|-resisted|p2a: Enamorus\n|-damage|p2a: Enamorus|58/247\n|-boost|p1a: Malamar|atk|1\n|-boost|p1a: Malamar|def|1\n|\n|-heal|p2a: Enamorus|73/247|[from] item: Leftovers\n|upkeep\n|turn|22\n|\n|t:|1713087390\n|switch|p1a: Copperajah|Copperajah, L86, F|350/350\n|move|p2a: Enamorus|Moonblast|p1a: Copperajah\n|-resisted|p1a: Copperajah\n|-damage|p1a: Copperajah|287/350\n|-unboost|p1a: Copperajah|spa|1\n|\n|-heal|p2a: Enamorus|88/247|[from] item: Leftovers\n|upkeep\n|turn|23\n|\n|t:|1713087403\n|move|p2a: Enamorus|Earth Power|p1a: Copperajah\n|-supereffective|p1a: Copperajah\n|-damage|p1a: Copperajah|117/350\n|-unboost|p1a: Copperajah|spd|1\n|move|p1a: Copperajah|Iron Head|p2a: Enamorus\n|-supereffective|p2a: Enamorus\n|-damage|p2a: Enamorus|0 fnt\n|faint|p2a: Enamorus\n|\n|upkeep\n|\n|t:|1713087409\n|switch|p2a: Mabosstiff|Mabosstiff, L85, M|132/275\n|-damage|p2a: Mabosstiff|98/275|[from] Stealth Rock\n|turn|24\n|\n|t:|1713087415\n|move|p2a: Mabosstiff|Crunch|p1a: Copperajah\n|-damage|p1a: Copperajah|0 fnt\n|faint|p1a: Copperajah\n|\n|upkeep\n|\n|t:|1713087418\n|switch|p1a: Malamar|Malamar, L82, M|275/275\n|turn|25\n|\n|t:|1713087425\n|move|p2a: Mabosstiff|Crunch|p1a: Malamar\n|-damage|p1a: Malamar|101/275\n|move|p1a: Malamar|Superpower|p2a: Mabosstiff\n|-supereffective|p2a: Mabosstiff\n|-damage|p2a: Mabosstiff|0 fnt\n|-boost|p1a: Malamar|atk|1\n|-boost|p1a: Malamar|def|1\n|faint|p2a: Mabosstiff\n|\n|-heal|p1a: Malamar|118/275|[from] item: Leftovers\n|upkeep\n|\n|t:|1713087429\n|switch|p2a: Articuno|Articuno-Galar, L83|285/285\n|turn|26\n|\n|t:|1713087432\n|move|p2a: Articuno|Hurricane|p1a: Malamar|[miss]\n|-miss|p2a: Articuno|p1a: Malamar\n|move|p1a: Malamar|Knock Off|p2a: Articuno\n|-supereffective|p2a: Articuno\n|-crit|p2a: Articuno\n|-damage|p2a: Articuno|0 fnt\n|-enditem|p2a: Articuno|Heavy-Duty Boots|[from] move: Knock Off|[of] p1a: Malamar\n|faint|p2a: Articuno\n|\n|win|Lucius artor\n|raw|Lucius artor's rating: 2452 &rarr; <strong>2473</strong><br />(+21 for winning)\n|raw|MichaelderBeste2's rating: 2470 &rarr; <strong>2449</strong><br />(-21 for losing)\n|l|\u2606Lucius artor\n|player|p1|\n", "inputlog": ">version b6651202f5a3832abd892c3b5522277443c4870c\n>start {\"formatid\":\"gen9randombattle\",\"seed\":[57993,62640,9914,28127],\"rated\":\"Rated battle\"}\n>player p1 {\"name\":\"Lucius artor\",\"avatar\":\"unknown\",\"rating\":2452,\"seed\":[11499,37688,59303,6050]}\n>player p2 {\"name\":\"MichaelderBeste2\",\"avatar\":\"#rbtt7teamdarkrai\",\"rating\":2451,\"seed\":[42290,2320,41672,19135]}\n>p1 move swordsdance\n>p2 move thunderbolt\n>p1 move playrough\n>p2 move substitute\n>p1 move drainpunch\n>p2 move substitute\n>p1 move drainpunch\n>p2 move thunderbolt\n>p1 move shadowsneak\n>p2 switch 6\n>p1 move drainpunch terastallize\n>p2 switch 6\n>p2 switch 3\n>p1 move shadowsneak\n>p2 move moonblast\n>p1 switch 2\n>p1 move icebeam\n>p2 switch 2\n>p1 move terablast\n>p2 move armorcannon\n>p1 move recover\n>p2 move armorcannon\n>p1 move icebeam\n>p2 move armorcannon\n>p1 switch 6\n>p1 move poisonjab\n>p2 switch 4\n>p1 switch 3\n>p2 move recover\n>p1 move stealthrock\n>p2 switch 4\n>p1 switch 3\n>p2 move armorcannon\n>p1 move poisonjab\n>p2 move armorcannon\n>p2 switch 5\n>p1 switch 4\n>p2 move shellsmash\n>p1 move closecombat\n>p2 move liquidation terastallize\n>p2 switch 6\n>p1 move facade\n>p2 move crunch\n>p1 switch 4\n>p1 move bulletpunch\n>p2 move crunch\n>p1 switch 5\n>p1 move superpower\n>p2 switch 2\n>p1 switch 3\n>p2 move moonblast\n>p1 move ironhead\n>p2 move earthpower\n>p2 switch 2\n>p1 move ironhead\n>p2 move crunch\n>p1 switch 3\n>p1 move superpower\n>p2 move crunch\n>p2 switch 4\n>p1 move knockoff\n>p2 move hurricane", "uploadtime": 1713087440, "views": 305, "formatid": "gen9randombattle", "rating": 2449, "private": 0, "password": null}