{"id": "gen9randombattle-2260618514", "format": "[Gen 9] Random Battle", "players": ["joaozinho do pao", "AshQuimby"], "log": "|j|\u2606joaozinho do pao\n|j|\u2606AshQuimby\n|t:|1733869953\n|gametype|singles\n|player|p1|joaozinho do pao|fisherman-gen4|1031\n|player|p2|AshQuimby|roxie|1079\n|teamsize|p1|6\n|teamsize|p2|6\n|gen|9\n|tier|[Gen 9] Random Battle\n|rated|\n|rule|Species Clause: Limit one of each Pok\u00e9mon\n|rule|HP Percentage Mod: HP is shown in percentages\n|rule|Sleep Clause Mod: Limit one foe put to sleep\n|rule|Illusion Level Mod: Illusion disguises the Pok\u00e9mon's true level\n|\n|t:|1733869953\n|start\n|switch|p1a: Roaring Moon|Roaring Moon, L72|270/270\n|switch|p2a: Primarina|Primarina, L83, M|268/268\n|turn|1\n|\n|t:|1733869974\n|-end|p1a: Roaring Moon|Protosynthesis|[silent]\n|switch|p1a: Illumise|Illumise, L91, F|266/266\n|move|p2a: Primarina|Draining Kiss|p1a: Illumise\n|-damage|p1a: Illumise|206/266\n|\n|upkeep\n|turn|2\n|inactive|Battle timer is ON: inactive players will automatically lose when time's up. (requested by joaozinho do pao)\n|inactive|AshQuimby has 120 seconds left.\n|\n|t:|1733870009\n|switch|p2a: Lycanroc|Lycanroc, L86, M|269/269\n|move|p1a: Illumise|Thunder Wave|p2a: Lycanroc\n|-status|p2a: Lycanroc|par\n|\n|upkeep\n|turn|3\n|\n|t:|1733870021\n|move|p1a: Illumise|Bug Buzz|p2a: Lycanroc\n|-damage|p2a: Lycanroc|157/269 par\n|cant|p2a: Lycanroc|par\n|\n|upkeep\n|turn|4\n|\n|t:|1733870028\n|move|p1a: Illumise|Bug Buzz|p2a: Lycanroc\n|-damage|p2a: Lycanroc|37/269 par\n|move|p2a: Lycanroc|Stone Edge|p1a: Illumise\n|-supereffective|p1a: Illumise\n|-damage|p1a: Illumise|0 fnt\n|faint|p1a: Illumise\n|-damage|p2a: Lycanroc|11/269 par|[from] item: Life Orb\n|\n|upkeep\n|\n|t:|1733870037\n|switch|p1a: Baxcalibur|Baxcalibur, L75, M|295/295\n|turn|5\n|\n|t:|1733870065\n|switch|p2a: Infernape|Infernape, L82, M|259/259\n|move|p1a: Baxcalibur|Ice Shard|p2a: Infernape\n|-resisted|p2a: Infernape\n|-damage|p2a: Infernape|218/259\n|\n|upkeep\n|turn|6\n|\n|t:|1733870075\n|switch|p1a: Whiscash|Whiscash, L88, F|337/337\n|move|p2a: Infernape|Close Combat|p1a: Whiscash\n|-damage|p1a: Whiscash|126/337\n|-unboost|p2a: Infernape|def|1\n|-unboost|p2a: Infernape|spd|1\n|\n|-heal|p1a: Whiscash|147/337|[from] item: Leftovers\n|upkeep\n|turn|7\n|\n|t:|1733870085\n|move|p2a: Infernape|Close Combat|p1a: Whiscash\n|-damage|p1a: Whiscash|0 fnt\n|-unboost|p2a: Infernape|def|1\n|-unboost|p2a: Infernape|spd|1\n|faint|p1a: Whiscash\n|\n|upkeep\n|\n|t:|1733870108\n|switch|p1a: Deoxys|Deoxys, L74|196/196\n|-ability|p1a: Deoxys|Pressure\n|turn|8\n|\n|t:|1733870120\n|switch|p2a: Reuniclus|Reuniclus, L88, F|337/337\n|move|p1a: Deoxys|Psycho Boost|p2a: Reuniclus\n|-resisted|p2a: Reuniclus\n|-damage|p2a: Reuniclus|236/337\n|-unboost|p1a: Deoxys|spa|2\n|-damage|p1a: Deoxys|177/196|[from] item: Life Orb\n|\n|upkeep\n|turn|9\n|\n|t:|1733870136\n|move|p1a: Deoxys|Knock Off|p2a: Reuniclus\n|-supereffective|p2a: Reuniclus\n|-damage|p2a: Reuniclus|41/337\n|-enditem|p2a: Reuniclus|Life Orb|[from] move: Knock Off|[of] p1a: Deoxys\n|-damage|p1a: Deoxys|158/196|[from] item: Life Orb\n|move|p2a: Reuniclus|Calm Mind|p2a: Reuniclus\n|-boost|p2a: Reuniclus|spa|1\n|-boost|p2a: Reuniclus|spd|1\n|\n|upkeep\n|turn|10\n|\n|t:|1733870152\n|switch|p2a: Primarina|Primarina, L83, M|268/268\n|move|p1a: Deoxys|Extreme Speed|p2a: Primarina\n|-damage|p2a: Primarina|173/268\n|-damage|p1a: Deoxys|139/196|[from] item: Life Orb\n|\n|-heal|p2a: Primarina|189/268|[from] item: Leftovers\n|upkeep\n|turn|11\n|-message|joaozinho do pao forfeited.\n|\n|win|AshQuimby\n|raw|joaozinho do pao's rating: 1031 &rarr; <strong>1018</strong><br />(-13 for losing)\n|raw|AshQuimby's rating: 1079 &rarr; <strong>1103</strong><br />(+24 for winning)\n|l|\u2606joaozinho do pao\n|player|p1|\n", "inputlog": ">version bfd83cad13791eb5a5a409923076391caf6fb4d4\n>start {\"formatid\":\"gen9randombattle\",\"seed\":[15715,51046,3749,49086],\"rated\":\"Rated battle\"}\n>player p1 {\"name\":\"joaozinho do pao\",\"avatar\":\"fisherman-gen4\",\"rating\":1031,\"seed\":[2492,61358,49041,31405]}\n>player p2 {\"name\":\"AshQuimby\",\"avatar\":\"roxie\",\"rating\":1079,\"seed\":[4974,8023,32998,46709]}\n>p1 switch 3\n>p2 move drainingkiss\n>p1 move thunderwave\n>p2 switch 2\n>p1 move bugbuzz\n>p2 move stoneedge\n>p1 move bugbuzz\n>p2 move stoneedge\n>p1 switch 5\n>p1 move iceshard\n>p2 switch 5\n>p1 switch 2\n>p2 move closecombat\n>p1 move stealthrock\n>p2 move closecombat\n>p1 switch 4\n>p1 move psychoboost\n>p2 switch 6\n>p1 move knockoff\n>p2 move calmmind\n>p1 move extremespeed\n>p2 switch 2\n>forcelose p1", "uploadtime": 1733870175, "views": 2, "formatid": "gen9randombattle", "rating": 1018, "private": 0, "password": null}