{"id": "gen9randombattle-2260300207", "format": "[Gen 9] Random Battle", "players": ["fjhjgghg", "Katapusan"], "log": "|j|\u2606fjhjgghg\n|j|\u2606Katapusan\n|t:|1733837099\n|gametype|singles\n|player|p1|fjhjgghg|waiter-gen4|1472\n|player|p2|Katapusan|fisherman-gen4|1487\n|teamsize|p1|6\n|teamsize|p2|6\n|gen|9\n|tier|[Gen 9] Random Battle\n|rated|\n|rule|Species Clause: Limit one of each Pok\u00e9mon\n|rule|HP Percentage Mod: HP is shown in percentages\n|rule|Sleep Clause Mod: Limit one foe put to sleep\n|rule|Illusion Level Mod: Illusion disguises the Pok\u00e9mon's true level\n|\n|t:|1733837099\n|start\n|switch|p1a: Komala|Komala, L89, M|260/260\n|switch|p2a: Grimmsnarl|Grimmsnarl, L83, M|293/293\n|-ability|p1a: Komala|Comatose\n|turn|1\n|inactive|Battle timer is ON: inactive players will automatically lose when time's up. (requested by Katapusan)\n|\n|t:|1733837108\n|move|p2a: Grimmsnarl|Reflect|p2a: Grimmsnarl\n|-sidestart|p2: Katapusan|Reflect\n|move|p1a: Komala|Double-Edge|p2a: Grimmsnarl\n|-damage|p2a: Grimmsnarl|185/293\n|-damage|p1a: Komala|224/260|[from] Recoil\n|\n|upkeep\n|turn|2\n|\n|t:|1733837134\n|move|p2a: Grimmsnarl|Light Screen|p2a: Grimmsnarl\n|-sidestart|p2: Katapusan|move: Light Screen\n|move|p1a: Komala|Double-Edge|p2a: Grimmsnarl\n|-damage|p2a: Grimmsnarl|77/293\n|-damage|p1a: Komala|188/260|[from] Recoil\n|\n|upkeep\n|turn|3\n|\n|t:|1733837139\n|switch|p2a: Conkeldurr|Conkeldurr, L80, M|299/299\n|move|p1a: Komala|Double-Edge|p2a: Conkeldurr\n|-damage|p2a: Conkeldurr|221/299\n|-damage|p1a: Komala|162/260|[from] Recoil\n|\n|-status|p2a: Conkeldurr|brn|[from] item: Flame Orb\n|upkeep\n|turn|4\n|\n|t:|1733837150\n|switch|p1a: Toxtricity|Toxtricity, L82, F|257/257\n|move|p2a: Conkeldurr|Knock Off|p1a: Toxtricity\n|-damage|p1a: Toxtricity|98/257\n|-enditem|p1a: Toxtricity|Throat Spray|[from] move: Knock Off|[of] p2a: Conkeldurr\n|\n|-damage|p2a: Conkeldurr|203/299 brn|[from] brn\n|upkeep\n|turn|5\n|\n|t:|1733837158\n|move|p1a: Toxtricity|Overdrive|p2a: Conkeldurr\n|-damage|p2a: Conkeldurr|122/299 brn\n|move|p2a: Conkeldurr|Facade|p1a: Toxtricity\n|-damage|p1a: Toxtricity|0 fnt\n|faint|p1a: Toxtricity\n|\n|-damage|p2a: Conkeldurr|104/299 brn|[from] brn\n|upkeep\n|\n|t:|1733837173\n|switch|p1a: Palkia|Palkia, L75|259/259\n|-ability|p1a: Palkia|Pressure\n|turn|6\n|\n|t:|1733837178\n|move|p1a: Palkia|Spacial Rend|p2a: Conkeldurr\n|-damage|p2a: Conkeldurr|10/299 brn\n|move|p2a: Conkeldurr|Facade|p1a: Palkia\n|-damage|p1a: Palkia|69/259\n|\n|-damage|p2a: Conkeldurr|0 fnt|[from] brn\n|faint|p2a: Conkeldurr\n|upkeep\n|\n|t:|1733837186\n|switch|p2a: Ribombee|Ribombee, L82, M|233/233\n|turn|7\n|\n|t:|1733837193\n|move|p2a: Ribombee|Sticky Web|p1a: Palkia\n|-sidestart|p1: fjhjgghg|move: Sticky Web\n|move|p1a: Palkia|Thunder Wave|p2a: Ribombee\n|-status|p2a: Ribombee|par\n|\n|upkeep\n|turn|8\n|\n|t:|1733837201\n|switch|p1a: Reuniclus|Reuniclus, L88, M|337/337\n|-activate|p1a: Reuniclus|move: Sticky Web\n|-unboost|p1a: Reuniclus|spe|1\n|cant|p2a: Ribombee|par\n|\n|-sideend|p2: Katapusan|Reflect\n|upkeep\n|turn|9\n|\n|t:|1733837213\n|switch|p2a: Malamar|Malamar, L82, M|275/275\n|move|p1a: Reuniclus|Psychic|p2a: Malamar\n|-immune|p2a: Malamar\n|\n|-sideend|p2: Katapusan|move: Light Screen\n|upkeep\n|turn|10\n|\n|t:|1733837224\n|switch|p1a: Komala|Komala, L89, M|162/260\n|-activate|p1a: Komala|move: Sticky Web\n|-unboost|p1a: Komala|spe|1\n|-ability|p1a: Komala|Comatose\n|move|p2a: Malamar|Superpower|p1a: Komala\n|-supereffective|p1a: Komala\n|-damage|p1a: Komala|0 fnt\n|-boost|p2a: Malamar|atk|1\n|-boost|p2a: Malamar|def|1\n|faint|p1a: Komala\n|\n|upkeep\n|\n|t:|1733837228\n|switch|p1a: Reuniclus|Reuniclus, L88, M|337/337\n|-activate|p1a: Reuniclus|move: Sticky Web\n|-unboost|p1a: Reuniclus|spe|1\n|turn|11\n|\n|t:|1733837234\n|move|p2a: Malamar|Knock Off|p1a: Reuniclus\n|-supereffective|p1a: Reuniclus\n|-damage|p1a: Reuniclus|31/337\n|-enditem|p1a: Reuniclus|Life Orb|[from] move: Knock Off|[of] p2a: Malamar\n|move|p1a: Reuniclus|Focus Blast|p2a: Malamar\n|-damage|p2a: Malamar|138/275\n|\n|upkeep\n|turn|12\n|\n|t:|1733837242\n|move|p2a: Malamar|Knock Off|p1a: Reuniclus\n|-supereffective|p1a: Reuniclus\n|-damage|p1a: Reuniclus|0 fnt\n|faint|p1a: Reuniclus\n|\n|upkeep\n|\n|t:|1733837245\n|switch|p1a: Lycanroc|Lycanroc-Dusk, L80, F|251/251\n|-activate|p1a: Lycanroc|move: Sticky Web\n|-unboost|p1a: Lycanroc|spe|1\n|turn|13\n|\n|t:|1733837252\n|-terastallize|p2a: Malamar|Fighting\n|move|p1a: Lycanroc|Accelerock|p2a: Malamar\n|-resisted|p2a: Malamar\n|-damage|p2a: Malamar|105/275\n|move|p2a: Malamar|Superpower|p1a: Lycanroc\n|-supereffective|p1a: Lycanroc\n|-damage|p1a: Lycanroc|0 fnt\n|-boost|p2a: Malamar|atk|1\n|-boost|p2a: Malamar|def|1\n|faint|p1a: Lycanroc\n|\n|upkeep\n|-message|fjhjgghg forfeited.\n|\n|win|Katapusan\n|raw|fjhjgghg's rating: 1472 &rarr; <strong>1453</strong><br />(-19 for losing)\n|raw|Katapusan's rating: 1487 &rarr; <strong>1506</strong><br />(+19 for winning)\n|l|\u2606fjhjgghg\n|player|p1|\n|c|\u2606Katapusan|Gg\n", "inputlog": ">version bfd83cad13791eb5a5a409923076391caf6fb4d4\n>start {\"formatid\":\"gen9randombattle\",\"seed\":[45646,22244,7317,61512],\"rated\":\"Rated battle\"}\n>player p1 {\"name\":\"fjhjgghg\",\"avatar\":\"waiter-gen4\",\"rating\":1472,\"seed\":[54871,34387,59797,37993]}\n>player p2 {\"name\":\"Katapusan\",\"avatar\":\"fisherman-gen4\",\"rating\":1487,\"seed\":[30823,38993,31776,53345]}\n>p1 move doubleedge\n>p2 move reflect\n>p1 move doubleedge\n>p2 move lightscreen\n>p1 move doubleedge\n>p2 switch 5\n>p1 switch 5\n>p2 move knockoff\n>p1 move overdrive\n>p2 move facade\n>p1 switch 4\n>p1 move spacialrend\n>p2 move facade\n>p2 switch 4\n>p1 move thunderwave\n>p2 move stickyweb\n>p1 switch 6\n>p2 move moonblast\n>p1 move psychic\n>p2 switch 3\n>p1 switch 5\n>p2 move superpower\n>p1 switch 5\n>p1 move focusblast\n>p2 move knockoff\n>p1 move focusblast\n>p2 move knockoff\n>p1 switch 2\n>p1 move accelerock\n>p2 move superpower terastallize\n>forcelose p1", "uploadtime": 1733837272, "views": 1, "formatid": "gen9randombattle", "rating": 1453, "private": 0, "password": null}