{"id": "gen9randombattle-2166457894", "format": "[Gen 9] Random Battle", "players": ["AlegroOD", "mfssonsofbitches"], "log": "|badge|p2|bronze|gen9randombattle|100-2\n|uhtml|medal-msg|<div class=\"broadcast-blue\">Curious what those medals under the avatar are? PS now has Ladder Seasons! For more information, check out the <a href=\"https://www.smogon.com/forums/threads/3740067/\">thread on Smogon.</a></div>\n|j|\u2606AlegroOD\n|j|\u2606mfssonsofbitches\n|t:|1721806808\n|gametype|singles\n|player|p1|AlegroOD|170|2257\n|player|p2|mfssonsofbitches|265|2370\n|teamsize|p1|6\n|teamsize|p2|6\n|gen|9\n|tier|[Gen 9] Random Battle\n|rated|\n|rule|Species Clause: Limit one of each Pok\u00e9mon\n|rule|HP Percentage Mod: HP is shown in percentages\n|rule|Sleep Clause Mod: Limit one foe put to sleep\n|rule|Illusion Level Mod: Illusion disguises the Pok\u00e9mon's true level\n|\n|t:|1721806808\n|start\n|switch|p1a: Mimikyu|Mimikyu, L79, F|216/216\n|switch|p2a: Eternatus|Eternatus, L69|308/308\n|-ability|p2a: Eternatus|Pressure\n|turn|1\n|inactive|Battle timer is ON: inactive players will automatically lose when time's up. (requested by AlegroOD)\n|\n|t:|1721806825\n|switch|p1a: Dewgong|Dewgong, L93, F|318/318\n|move|p2a: Eternatus|Flamethrower|p1a: Dewgong\n|-damage|p1a: Dewgong|300/318\n|\n|upkeep\n|turn|2\n|\n|t:|1721806845\n|switch|p2a: Talonflame|Talonflame, L84, M|268/268\n|move|p1a: Dewgong|Knock Off|p2a: Talonflame\n|-damage|p2a: Talonflame|197/268\n|-enditem|p2a: Talonflame|Heavy-Duty Boots|[from] move: Knock Off|[of] p1a: Dewgong\n|\n|upkeep\n|turn|3\n|\n|t:|1721806854\n|move|p2a: Talonflame|Will-O-Wisp|p1a: Dewgong|[miss]\n|-miss|p2a: Talonflame|p1a: Dewgong\n|move|p1a: Dewgong|Surf|p2a: Talonflame\n|-supereffective|p2a: Talonflame\n|-damage|p2a: Talonflame|0 fnt\n|faint|p2a: Talonflame\n|\n|upkeep\n|\n|t:|1721806866\n|switch|p2a: Mightyena|Mightyena, L95, F|287/287\n|-ability|p2a: Mightyena|Intimidate|boost\n|-unboost|p1a: Dewgong|atk|1\n|turn|4\n|\n|t:|1721806873\n|switch|p1a: Scream Tail|Scream Tail, L84|330/330\n|move|p2a: Mightyena|Throat Chop|p1a: Scream Tail\n|-damage|p1a: Scream Tail|197/330\n|-start|p1a: Scream Tail|Throat Chop|[silent]\n|\n|-heal|p1a: Scream Tail|217/330|[from] item: Leftovers\n|upkeep\n|turn|5\n|\n|t:|1721806880\n|switch|p2a: Eternatus|Eternatus, L69|308/308\n|-ability|p2a: Eternatus|Pressure\n|move|p1a: Scream Tail|Wish|p1a: Scream Tail\n|\n|-heal|p1a: Scream Tail|237/330|[from] item: Leftovers\n|-end|p1a: Scream Tail|Throat Chop|[silent]\n|upkeep\n|turn|6\n|\n|t:|1721806884\n|-end|p1a: Scream Tail|Protosynthesis|[silent]\n|switch|p1a: Dewgong|Dewgong, L93, F|300/318\n|move|p2a: Eternatus|Toxic Spikes|p1a: Dewgong\n|-sidestart|p1: AlegroOD|move: Toxic Spikes\n|\n|-heal|p1a: Dewgong|318/318|[from] move: Wish|[wisher] Scream Tail\n|upkeep\n|turn|7\n|\n|t:|1721806892\n|switch|p2a: Beartic|Beartic, L90, M|317/317\n|move|p1a: Dewgong|Triple Axel|p2a: Beartic\n|-resisted|p2a: Beartic\n|-damage|p2a: Beartic|307/317\n|-resisted|p2a: Beartic\n|-damage|p2a: Beartic|284/317\n|-resisted|p2a: Beartic\n|-damage|p2a: Beartic|251/317\n|-hitcount|p2a: Beartic|3\n|\n|upkeep\n|turn|8\n|\n|t:|1721806907\n|move|p1a: Dewgong|Flip Turn|p2a: Beartic\n|-damage|p2a: Beartic|191/317\n|\n|t:|1721806912\n|switch|p1a: Scream Tail|Scream Tail, L84|237/330|[from] Flip Turn\n|-status|p1a: Scream Tail|psn\n|move|p2a: Beartic|Swords Dance|p2a: Beartic\n|-boost|p2a: Beartic|atk|2\n|\n|-heal|p1a: Scream Tail|257/330 psn|[from] item: Leftovers\n|-damage|p1a: Scream Tail|216/330 psn|[from] psn\n|upkeep\n|turn|9\n|\n|t:|1721806917\n|move|p1a: Scream Tail|Encore|p2a: Beartic\n|-start|p2a: Beartic|Encore\n|move|p2a: Beartic|Swords Dance|p2a: Beartic\n|-boost|p2a: Beartic|atk|2\n|\n|-heal|p1a: Scream Tail|236/330 psn|[from] item: Leftovers\n|-damage|p1a: Scream Tail|195/330 psn|[from] psn\n|upkeep\n|turn|10\n|\n|t:|1721806921\n|move|p1a: Scream Tail|Wish|p1a: Scream Tail\n|move|p2a: Beartic|Swords Dance|p2a: Beartic\n|-boost|p2a: Beartic|atk|2\n|\n|-heal|p1a: Scream Tail|215/330 psn|[from] item: Leftovers\n|-damage|p1a: Scream Tail|174/330 psn|[from] psn\n|upkeep\n|turn|11\n|\n|t:|1721806927\n|switch|p2a: Eternatus|Eternatus, L69|308/308\n|-ability|p2a: Eternatus|Pressure\n|move|p1a: Scream Tail|Play Rough|p2a: Eternatus\n|-damage|p2a: Eternatus|227/308\n|-damage|p1a: Scream Tail|119/330 psn|[from] item: Rocky Helmet|[of] p2a: Eternatus\n|\n|-heal|p1a: Scream Tail|284/330 psn|[from] move: Wish|[wisher] Scream Tail\n|-heal|p1a: Scream Tail|304/330 psn|[from] item: Leftovers\n|-damage|p1a: Scream Tail|263/330 psn|[from] psn\n|upkeep\n|turn|12\n|\n|t:|1721806940\n|move|p1a: Scream Tail|Wish|p1a: Scream Tail\n|move|p2a: Eternatus|Toxic Spikes|p1a: Scream Tail\n|-sidestart|p1: AlegroOD|move: Toxic Spikes\n|\n|-heal|p1a: Scream Tail|283/330 psn|[from] item: Leftovers\n|-damage|p1a: Scream Tail|242/330 psn|[from] psn\n|upkeep\n|turn|13\n|\n|t:|1721806947\n|move|p1a: Scream Tail|Encore|p2a: Eternatus\n|-start|p2a: Eternatus|Encore\n|move|p2a: Eternatus|Toxic Spikes||[still]\n|-fail|p2a: Eternatus\n|\n|-heal|p1a: Scream Tail|330/330 psn|[from] move: Wish|[wisher] Scream Tail\n|-damage|p1a: Scream Tail|289/330 psn|[from] psn\n|upkeep\n|turn|14\n|\n|t:|1721806951\n|-end|p1a: Scream Tail|Protosynthesis|[silent]\n|switch|p1a: Sandslash|Sandslash-Alola, L88, F|275/275\n|switch|p2a: Deoxys|Deoxys-Defense, L86|226/226\n|-ability|p2a: Deoxys|Pressure\n|\n|upkeep\n|turn|15\n|\n|t:|1721806962\n|move|p2a: Deoxys|Knock Off|p1a: Sandslash\n|-crit|p1a: Sandslash\n|-damage|p1a: Sandslash|214/275\n|-enditem|p1a: Sandslash|Assault Vest|[from] move: Knock Off|[of] p2a: Deoxys\n|move|p1a: Sandslash|Rapid Spin|p2a: Deoxys\n|-damage|p2a: Deoxys|200/226\n|-boost|p1a: Sandslash|spe|1\n|-sideend|p1: AlegroOD|Toxic Spikes|[from] move: Rapid Spin|[of] p1a: Sandslash\n|\n|-heal|p2a: Deoxys|214/226|[from] item: Leftovers\n|upkeep\n|turn|16\n|\n|t:|1721806968\n|move|p1a: Sandslash|Triple Axel|p2a: Deoxys\n|-damage|p2a: Deoxys|198/226\n|-damage|p2a: Deoxys|170/226\n|-damage|p2a: Deoxys|130/226\n|-hitcount|p2a: Deoxys|3\n|move|p2a: Deoxys|Psychic Noise|p1a: Sandslash\n|-resisted|p1a: Sandslash\n|-damage|p1a: Sandslash|175/275\n|-start|p1a: Sandslash|move: Heal Block\n|\n|-heal|p2a: Deoxys|144/226|[from] item: Leftovers\n|upkeep\n|turn|17\n|\n|t:|1721806975\n|move|p1a: Sandslash|Triple Axel|p2a: Deoxys\n|-crit|p2a: Deoxys\n|-damage|p2a: Deoxys|119/226\n|-damage|p2a: Deoxys|91/226\n|-damage|p2a: Deoxys|45/226\n|-hitcount|p2a: Deoxys|3\n|move|p2a: Deoxys|Recover|p2a: Deoxys\n|-heal|p2a: Deoxys|158/226\n|\n|-heal|p2a: Deoxys|172/226|[from] item: Leftovers\n|-end|p1a: Sandslash|move: Heal Block\n|upkeep\n|turn|18\n|\n|t:|1721806981\n|move|p1a: Sandslash|Iron Head|p2a: Deoxys\n|-damage|p2a: Deoxys|111/226\n|move|p2a: Deoxys|Psychic Noise|p1a: Sandslash\n|-resisted|p1a: Sandslash\n|-damage|p1a: Sandslash|137/275\n|-start|p1a: Sandslash|move: Heal Block\n|\n|-heal|p2a: Deoxys|125/226|[from] item: Leftovers\n|upkeep\n|turn|19\n|\n|t:|1721806995\n|switch|p1a: Scream Tail|Scream Tail, L84|289/330 psn\n|move|p2a: Deoxys|Recover|p2a: Deoxys\n|-heal|p2a: Deoxys|226/226\n|\n|-heal|p1a: Scream Tail|309/330 psn|[from] item: Leftovers\n|-damage|p1a: Scream Tail|268/330 psn|[from] psn\n|upkeep\n|turn|20\n|\n|t:|1721807010\n|-end|p1a: Scream Tail|Protosynthesis|[silent]\n|switch|p1a: Dewgong|Dewgong, L93, F|318/318\n|switch|p2a: Wugtrio|Wugtrio, L91, F|212/212\n|\n|upkeep\n|turn|21\n|\n|t:|1721807037\n|switch|p2a: Mightyena|Mightyena, L95, F|287/287\n|-ability|p2a: Mightyena|Intimidate|boost\n|-unboost|p1a: Dewgong|atk|1\n|move|p1a: Dewgong|Flip Turn|p2a: Mightyena\n|-damage|p2a: Mightyena|242/287\n|\n|t:|1721807047\n|switch|p1a: Mimikyu|Mimikyu, L79, F|216/216|[from] Flip Turn\n|\n|upkeep\n|turn|22\n|\n|t:|1721807061\n|move|p1a: Mimikyu|Play Rough|p2a: Mightyena\n|-supereffective|p2a: Mightyena\n|-damage|p2a: Mightyena|13/287\n|-damage|p1a: Mimikyu|195/216|[from] item: Life Orb\n|move|p2a: Mightyena|Poison Fang|p1a: Mimikyu\n|-activate|p1a: Mimikyu|ability: Disguise\n|-damage|p1a: Mimikyu|195/216\n|-status|p1a: Mimikyu|tox\n|detailschange|p1a: Mimikyu|Mimikyu-Busted, L79, F\n|-damage|p1a: Mimikyu|168/216 tox|[from] pokemon: Mimikyu-Busted\n|\n|-damage|p1a: Mimikyu|155/216 tox|[from] psn\n|upkeep\n|turn|23\n|\n|t:|1721807068\n|switch|p2a: Deoxys|Deoxys-Defense, L86|226/226\n|-ability|p2a: Deoxys|Pressure\n|move|p1a: Mimikyu|Shadow Sneak|p2a: Deoxys\n|-supereffective|p2a: Deoxys\n|-damage|p2a: Deoxys|169/226\n|-damage|p1a: Mimikyu|134/216 tox|[from] item: Life Orb\n|\n|-heal|p2a: Deoxys|183/226|[from] item: Leftovers\n|-damage|p1a: Mimikyu|108/216 tox|[from] psn\n|upkeep\n|turn|24\n|\n|t:|1721807077\n|move|p2a: Deoxys|Psychic Noise|p1a: Mimikyu\n|-damage|p1a: Mimikyu|44/216 tox\n|-start|p1a: Mimikyu|move: Heal Block\n|move|p1a: Mimikyu|Shadow Claw|p2a: Deoxys\n|-supereffective|p2a: Deoxys\n|-damage|p2a: Deoxys|79/226\n|-damage|p1a: Mimikyu|23/216 tox|[from] item: Life Orb\n|\n|-heal|p2a: Deoxys|93/226|[from] item: Leftovers\n|-damage|p1a: Mimikyu|0 fnt|[from] psn\n|faint|p1a: Mimikyu\n|upkeep\n|\n|t:|1721807084\n|switch|p1a: Dewgong|Dewgong, L93, F|318/318\n|turn|25\n|\n|t:|1721807106\n|move|p2a: Deoxys|Recover|p2a: Deoxys\n|-heal|p2a: Deoxys|206/226\n|move|p1a: Dewgong|Knock Off|p2a: Deoxys\n|-supereffective|p2a: Deoxys\n|-damage|p2a: Deoxys|132/226\n|-enditem|p2a: Deoxys|Leftovers|[from] move: Knock Off|[of] p1a: Dewgong\n|\n|upkeep\n|turn|26\n|\n|t:|1721807113\n|move|p2a: Deoxys|Knock Off|p1a: Dewgong\n|-damage|p1a: Dewgong|258/318\n|-enditem|p1a: Dewgong|Assault Vest|[from] move: Knock Off|[of] p2a: Deoxys\n|move|p1a: Dewgong|Triple Axel|p2a: Deoxys\n|-damage|p2a: Deoxys|119/226\n|-damage|p2a: Deoxys|95/226\n|-damage|p2a: Deoxys|58/226\n|-hitcount|p2a: Deoxys|3\n|\n|upkeep\n|turn|27\n|\n|t:|1721807117\n|move|p2a: Deoxys|Recover|p2a: Deoxys\n|-heal|p2a: Deoxys|171/226\n|move|p1a: Dewgong|Flip Turn|p2a: Deoxys\n|-damage|p2a: Deoxys|131/226\n|\n|t:|1721807119\n|switch|p1a: Scream Tail|Scream Tail, L84|268/330 psn|[from] Flip Turn\n|\n|-heal|p1a: Scream Tail|288/330 psn|[from] item: Leftovers\n|-damage|p1a: Scream Tail|247/330 psn|[from] psn\n|upkeep\n|turn|28\n|\n|t:|1721807123\n|move|p1a: Scream Tail|Play Rough|p2a: Deoxys\n|-damage|p2a: Deoxys|89/226\n|-unboost|p2a: Deoxys|atk|1\n|move|p2a: Deoxys|Knock Off|p1a: Scream Tail\n|-damage|p1a: Scream Tail|211/330 psn\n|-enditem|p1a: Scream Tail|Leftovers|[from] move: Knock Off|[of] p2a: Deoxys\n|\n|-damage|p1a: Scream Tail|170/330 psn|[from] psn\n|upkeep\n|turn|29\n|\n|t:|1721807129\n|switch|p2a: Eternatus|Eternatus, L69|227/308\n|-ability|p2a: Eternatus|Pressure\n|move|p1a: Scream Tail|Encore||[still]\n|-fail|p1a: Scream Tail\n|\n|-damage|p1a: Scream Tail|129/330 psn|[from] psn\n|upkeep\n|turn|30\n|\n|t:|1721807134\n|move|p1a: Scream Tail|Wish|p1a: Scream Tail\n|move|p2a: Eternatus|Toxic Spikes|p1a: Scream Tail\n|-sidestart|p1: AlegroOD|move: Toxic Spikes\n|\n|-damage|p1a: Scream Tail|88/330 psn|[from] psn\n|upkeep\n|turn|31\n|\n|t:|1721807140\n|move|p1a: Scream Tail|Encore|p2a: Eternatus\n|-start|p2a: Eternatus|Encore\n|move|p2a: Eternatus|Toxic Spikes|p1a: Scream Tail\n|-sidestart|p1: AlegroOD|move: Toxic Spikes\n|\n|-heal|p1a: Scream Tail|253/330 psn|[from] move: Wish|[wisher] Scream Tail\n|-damage|p1a: Scream Tail|212/330 psn|[from] psn\n|upkeep\n|turn|32\n|\n|t:|1721807145\n|switch|p2a: Wugtrio|Wugtrio, L91, F|212/212\n|move|p1a: Scream Tail|Wish|p1a: Scream Tail\n|\n|-damage|p1a: Scream Tail|171/330 psn|[from] psn\n|upkeep\n|turn|33\n|\n|t:|1721807154\n|move|p1a: Scream Tail|Protect|p1a: Scream Tail\n|-singleturn|p1a: Scream Tail|Protect\n|move|p2a: Wugtrio|Stomping Tantrum|p1a: Scream Tail\n|-activate|p1a: Scream Tail|move: Protect\n|\n|-heal|p1a: Scream Tail|330/330 psn|[from] move: Wish|[wisher] Scream Tail\n|-damage|p1a: Scream Tail|289/330 psn|[from] psn\n|upkeep\n|turn|34\n|\n|t:|1721807160\n|switch|p2a: Eternatus|Eternatus, L69|227/308\n|-ability|p2a: Eternatus|Pressure\n|move|p1a: Scream Tail|Wish|p1a: Scream Tail\n|\n|-damage|p1a: Scream Tail|248/330 psn|[from] psn\n|upkeep\n|turn|35\n|\n|t:|1721807168\n|move|p1a: Scream Tail|Play Rough|p2a: Eternatus\n|-damage|p2a: Eternatus|142/308\n|-damage|p1a: Scream Tail|193/330 psn|[from] item: Rocky Helmet|[of] p2a: Eternatus\n|move|p2a: Eternatus|Flamethrower|p1a: Scream Tail\n|-damage|p1a: Scream Tail|144/330 psn\n|\n|-heal|p1a: Scream Tail|309/330 psn|[from] move: Wish|[wisher] Scream Tail\n|-damage|p1a: Scream Tail|268/330 psn|[from] psn\n|upkeep\n|turn|36\n|\n|t:|1721807175\n|move|p1a: Scream Tail|Play Rough|p2a: Eternatus\n|-damage|p2a: Eternatus|58/308\n|-damage|p1a: Scream Tail|213/330 psn|[from] item: Rocky Helmet|[of] p2a: Eternatus\n|move|p2a: Eternatus|Flamethrower|p1a: Scream Tail\n|-damage|p1a: Scream Tail|162/330 psn\n|\n|-damage|p1a: Scream Tail|121/330 psn|[from] psn\n|upkeep\n|turn|37\n|\n|t:|1721807181\n|move|p1a: Scream Tail|Play Rough|p2a: Eternatus\n|-crit|p2a: Eternatus\n|-damage|p2a: Eternatus|0 fnt\n|-damage|p1a: Scream Tail|66/330 psn|[from] item: Rocky Helmet|[of] p2a: Eternatus\n|faint|p2a: Eternatus\n|\n|-damage|p1a: Scream Tail|25/330 psn|[from] psn\n|upkeep\n|\n|t:|1721807196\n|switch|p2a: Wugtrio|Wugtrio, L91, F|212/212\n|turn|38\n|\n|t:|1721807213\n|move|p2a: Wugtrio|Liquidation|p1a: Scream Tail\n|-damage|p1a: Scream Tail|0 fnt\n|faint|p1a: Scream Tail\n|-end|p1a: Scream Tail|Protosynthesis|[silent]\n|\n|upkeep\n|\n|t:|1721807219\n|switch|p1a: Sandslash|Sandslash-Alola, L88, F|137/275\n|turn|39\n|\n|t:|1721807246\n|move|p2a: Wugtrio|Liquidation|p1a: Sandslash\n|-damage|p1a: Sandslash|20/275\n|move|p1a: Sandslash|Rapid Spin|p2a: Wugtrio\n|-damage|p2a: Wugtrio|158/212\n|-boost|p1a: Sandslash|spe|1\n|-ability|p2a: Wugtrio|Gooey\n|-unboost|p1a: Sandslash|spe|1\n|-sideend|p1: AlegroOD|Toxic Spikes|[from] move: Rapid Spin|[of] p1a: Sandslash\n|\n|upkeep\n|turn|40\n|\n|t:|1721807259\n|switch|p1a: Dewgong|Dewgong, L93, F|258/318\n|move|p2a: Wugtrio|Liquidation|p1a: Dewgong\n|-resisted|p1a: Dewgong\n|-damage|p1a: Dewgong|175/318\n|\n|upkeep\n|turn|41\n|\n|t:|1721807267\n|switch|p2a: Deoxys|Deoxys-Defense, L86|89/226\n|-ability|p2a: Deoxys|Pressure\n|move|p1a: Dewgong|Triple Axel|p2a: Deoxys|[miss]\n|-miss|p1a: Dewgong|p2a: Deoxys\n|\n|upkeep\n|turn|42\n|\n|t:|1721807273\n|move|p2a: Deoxys|Recover|p2a: Deoxys\n|-heal|p2a: Deoxys|202/226\n|move|p1a: Dewgong|Triple Axel|p2a: Deoxys\n|-damage|p2a: Deoxys|189/226\n|-damage|p2a: Deoxys|161/226\n|-damage|p2a: Deoxys|122/226\n|-hitcount|p2a: Deoxys|3\n|\n|upkeep\n|turn|43\n|\n|t:|1721807281\n|move|p2a: Deoxys|Psychic Noise|p1a: Dewgong\n|-damage|p1a: Dewgong|117/318\n|-start|p1a: Dewgong|move: Heal Block\n|move|p1a: Dewgong|Flip Turn|p2a: Deoxys\n|-damage|p2a: Deoxys|83/226\n|\n|t:|1721807284\n|switch|p1a: Armarouge|Armarouge, L80, M|267/267|[from] Flip Turn\n|\n|upkeep\n|turn|44\n|\n|t:|1721807296\n|move|p2a: Deoxys|Knock Off|p1a: Armarouge\n|-supereffective|p1a: Armarouge\n|-damage|p1a: Armarouge|167/267\n|-ability|p1a: Armarouge|Weak Armor|boost\n|-unboost|p1a: Armarouge|def|1\n|-boost|p1a: Armarouge|spe|2\n|-enditem|p1a: Armarouge|Choice Specs|[from] move: Knock Off|[of] p2a: Deoxys\n|move|p1a: Armarouge|Armor Cannon|p2a: Deoxys\n|-damage|p2a: Deoxys|1/226\n|-unboost|p1a: Armarouge|def|1\n|-unboost|p1a: Armarouge|spd|1\n|\n|upkeep\n|turn|45\n|\n|t:|1721807308\n|switch|p2a: Beartic|Beartic, L90, M|191/317\n|move|p1a: Armarouge|Energy Ball|p2a: Beartic\n|-damage|p2a: Beartic|124/317\n|\n|upkeep\n|turn|46\n|\n|t:|1721807316\n|move|p1a: Armarouge|Armor Cannon|p2a: Beartic\n|-supereffective|p2a: Beartic\n|-damage|p2a: Beartic|0 fnt\n|-unboost|p1a: Armarouge|def|1\n|-unboost|p1a: Armarouge|spd|1\n|faint|p2a: Beartic\n|\n|upkeep\n|\n|t:|1721807323\n|switch|p2a: Mightyena|Mightyena, L95, F|13/287\n|-ability|p2a: Mightyena|Intimidate|boost\n|-unboost|p1a: Armarouge|atk|1\n|turn|47\n|\n|t:|1721807329\n|switch|p1a: Sandslash|Sandslash-Alola, L88, F|20/275\n|move|p2a: Mightyena|Sucker Punch||[still]\n|-fail|p2a: Mightyena\n|\n|upkeep\n|turn|48\n|\n|t:|1721807334\n|switch|p2a: Wugtrio|Wugtrio, L91, F|158/212\n|switch|p1a: Great Tusk|Great Tusk, L77|304/304\n|-enditem|p1a: Great Tusk|Booster Energy\n|-activate|p1a: Great Tusk|ability: Protosynthesis|[fromitem]\n|-start|p1a: Great Tusk|protosynthesisatk\n|\n|upkeep\n|turn|49\n|\n|t:|1721807342\n|-terastallize|p1a: Great Tusk|Steel\n|move|p2a: Wugtrio|Liquidation|p1a: Great Tusk\n|-damage|p1a: Great Tusk|165/304\n|move|p1a: Great Tusk|Earthquake|p2a: Wugtrio\n|-damage|p2a: Wugtrio|0 fnt\n|faint|p2a: Wugtrio\n|\n|upkeep\n|\n|t:|1721807354\n|switch|p2a: Deoxys|Deoxys-Defense, L86|1/226\n|-ability|p2a: Deoxys|Pressure\n|turn|50\n|\n|t:|1721807368\n|move|p2a: Deoxys|Recover|p2a: Deoxys\n|-heal|p2a: Deoxys|114/226\n|move|p1a: Great Tusk|Earthquake|p2a: Deoxys\n|-damage|p2a: Deoxys|23/226\n|\n|upkeep\n|turn|51\n|\n|t:|1721807382\n|move|p2a: Deoxys|Recover|p2a: Deoxys\n|-heal|p2a: Deoxys|136/226\n|move|p1a: Great Tusk|Earthquake|p2a: Deoxys\n|-damage|p2a: Deoxys|45/226\n|\n|upkeep\n|turn|52\n|\n|t:|1721807386\n|move|p2a: Deoxys|Recover|p2a: Deoxys\n|-heal|p2a: Deoxys|158/226\n|move|p1a: Great Tusk|Earthquake|p2a: Deoxys\n|-damage|p2a: Deoxys|71/226\n|\n|upkeep\n|turn|53\n|\n|t:|1721807395\n|-end|p1a: Great Tusk|Protosynthesis|[silent]\n|switch|p1a: Sandslash|Sandslash-Alola, L88, F|20/275\n|move|p2a: Deoxys|Psychic Noise|p1a: Sandslash\n|-resisted|p1a: Sandslash\n|-damage|p1a: Sandslash|0 fnt\n|faint|p1a: Sandslash\n|\n|upkeep\n|\n|t:|1721807398\n|switch|p1a: Armarouge|Armarouge, L80, M|167/267\n|turn|54\n|\n|t:|1721807416\n|move|p2a: Deoxys|Spikes|p1a: Armarouge\n|-sidestart|p1: AlegroOD|Spikes\n|move|p1a: Armarouge|Armor Cannon|p2a: Deoxys\n|-damage|p2a: Deoxys|0 fnt\n|-unboost|p1a: Armarouge|def|1\n|-unboost|p1a: Armarouge|spd|1\n|faint|p2a: Deoxys\n|\n|upkeep\n|\n|t:|1721807418\n|switch|p2a: Mightyena|Mightyena, L95, F|13/287\n|-ability|p2a: Mightyena|Intimidate|boost\n|-unboost|p1a: Armarouge|atk|1\n|turn|55\n|\n|t:|1721807425\n|move|p2a: Mightyena|Throat Chop|p1a: Armarouge\n|-supereffective|p1a: Armarouge\n|-damage|p1a: Armarouge|0 fnt\n|faint|p1a: Armarouge\n|\n|upkeep\n|\n|t:|1721807430\n|switch|p1a: Great Tusk|Great Tusk, L77, tera:Steel|165/304\n|-damage|p1a: Great Tusk|127/304|[from] Spikes\n|turn|56\n|c|\u2606mfssonsofbitches|25% pwease\n|\n|t:|1721807435\n|move|p2a: Mightyena|Throat Chop|p1a: Great Tusk\n|-damage|p1a: Great Tusk|10/304\n|-start|p1a: Great Tusk|Throat Chop|[silent]\n|move|p1a: Great Tusk|Earthquake|p2a: Mightyena\n|-damage|p2a: Mightyena|0 fnt\n|faint|p2a: Mightyena\n|\n|win|AlegroOD\n|raw|AlegroOD's rating: 2257 &rarr; <strong>2283</strong><br />(+26 for winning)\n|raw|mfssonsofbitches's rating: 2370 &rarr; <strong>2344</strong><br />(-26 for losing)\n|c|\u2606mfssonsofbitches|gg\n", "inputlog": ">version 16d9ffe07e6bc8e4f1c17d5198fc9cfb3141ab0a\n>start {\"formatid\":\"gen9randombattle\",\"seed\":[40734,256,48428,41359],\"rated\":\"Rated battle\"}\n>player p1 {\"name\":\"AlegroOD\",\"avatar\":\"170\",\"rating\":2257,\"seed\":[58755,43781,8610,458]}\n>player p2 {\"name\":\"mfssonsofbitches\",\"avatar\":\"265\",\"rating\":2370,\"seed\":[20544,63991,58438,11174]}\n>p1 switch 5\n>p2 move flamethrower\n>p1 move knockoff\n>p2 switch 4\n>p1 move surf\n>p2 move willowisp\n>p2 switch 3\n>p1 switch 6\n>p2 move throatchop\n>p1 move wish\n>p2 switch 4\n>p1 switch 6\n>p2 move toxicspikes\n>p1 move tripleaxel\n>p2 switch 2\n>p1 move flipturn\n>p2 move swordsdance\n>p1 switch 6\n>p1 move encore\n>p2 move iciclecrash\n>p1 move wish\n>p2 move swordsdance\n>p1 move playrough\n>p2 switch 2\n>p1 move wish\n>p2 move toxicspikes\n>p1 move encore\n>p2 move flamethrower\n>p1 switch 3\n>p2 switch 6\n>p1 move rapidspin\n>p2 move knockoff\n>p1 move tripleaxel\n>p2 move psychicnoise\n>p1 move tripleaxel\n>p2 move recover\n>p1 move ironhead\n>p2 move psychicnoise\n>p1 switch 3\n>p2 move recover\n>p1 switch 6\n>p2 switch 5\n>p1 move flipturn\n>p2 switch 4\n>p1 switch 5\n>p1 move playrough\n>p2 move poisonfang\n>p1 move shadowsneak\n>p2 switch 5\n>p1 move shadowclaw\n>p2 move psychicnoise\n>p1 switch 5\n>p1 move knockoff\n>p2 move recover\n>p1 move tripleaxel\n>p2 move knockoff\n>p1 move flipturn\n>p2 move recover\n>p1 switch 6\n>p1 move playrough\n>p2 move knockoff\n>p1 move encore\n>p2 switch 6\n>p1 move wish\n>p2 move toxicspikes\n>p1 move encore\n>p2 move flamethrower\n>p1 move wish\n>p2 switch 4\n>p1 move protect\n>p2 move stompingtantrum\n>p1 move wish\n>p2 switch 4\n>p1 move playrough\n>p2 move flamethrower\n>p1 move playrough\n>p2 move flamethrower\n>p1 move playrough\n>p2 move flamethrower\n>p2 switch 4\n>p1 move wish\n>p2 move liquidation\n>p1 switch 3\n>p1 move rapidspin\n>p2 move liquidation\n>p1 switch 6\n>p2 move liquidation\n>p1 move tripleaxel\n>p2 switch 6\n>p1 move tripleaxel\n>p2 move recover\n>p1 move flipturn\n>p2 move psychicnoise\n>p1 switch 2\n>p1 move armorcannon\n>p2 move knockoff\n>p1 move energyball\n>p2 switch 2\n>p1 move armorcannon\n>p2 move earthquake\n>p2 switch 5\n>p1 switch 6\n>p2 move suckerpunch\n>p1 switch 4\n>p2 switch 6\n>p1 move earthquake terastallize\n>p2 move liquidation\n>p2 switch 2\n>p1 move earthquake\n>p2 move recover\n>p1 move earthquake\n>p2 move recover\n>p1 move earthquake\n>p2 move recover\n>p1 switch 4\n>p2 move psychicnoise\n>p1 switch 6\n>p1 move armorcannon\n>p2 move spikes\n>p2 switch 6\n>p1 move energyball\n>p2 move throatchop\n>p1 switch 4\n>chat \u2606mfssonsofbitches|25% pwease\n>p1 move earthquake\n>p2 move throatchop", "uploadtime": 1721807439, "views": 161, "formatid": "gen9randombattle", "rating": 2283, "private": 0, "password": null}