{"id": "gen9randombattle-2251479157", "format": "[Gen 9] Random Battle", "players": ["ncht ryk", "useemstohavefun"], "log": "|badge|p2|bronze|gen9randombattle|100-3\n|uhtml|medal-msg|<div class=\"broadcast-blue\">Curious what those medals under the avatar are? PS now has Ladder Seasons! For more information, check out the <a href=\"https://www.smogon.com/forums/threads/3740067/\">thread on Smogon.</a></div>\n|j|\u2606ncht ryk\n|j|\u2606useemstohavefun\n|t:|1732634117\n|gametype|singles\n|player|p1|ncht ryk|170|2262\n|player|p2|useemstohavefun|thorton|2352\n|teamsize|p1|6\n|teamsize|p2|6\n|gen|9\n|tier|[Gen 9] Random Battle\n|rated|\n|rule|Species Clause: Limit one of each Pok\u00e9mon\n|rule|HP Percentage Mod: HP is shown in percentages\n|rule|Sleep Clause Mod: Limit one foe put to sleep\n|rule|Illusion Level Mod: Illusion disguises the Pok\u00e9mon's true level\n|\n|t:|1732634117\n|start\n|switch|p1a: Chansey|Chansey, L85, F|564/564\n|switch|p2a: Eiscue|Eiscue, L88, M|274/274\n|turn|1\n|inactive|Battle timer is ON: inactive players will automatically lose when time's up. (requested by useemstohavefun)\n|\n|t:|1732634145\n|switch|p2a: Pikachu|Pikachu-World, L93, M|216/216\n|switch|p1a: Infernape|Infernape, L82, F|259/259\n|\n|upkeep\n|turn|2\n|\n|t:|1732634163\n|switch|p1a: Zekrom|Zekrom, L71|259/259\n|-ability|p1a: Zekrom|Teravolt\n|switch|p2a: Spiritomb|Spiritomb, L89, F|234/234\n|\n|upkeep\n|turn|3\n|\n|t:|1732634170\n|move|p1a: Zekrom|Substitute|p1a: Zekrom\n|-start|p1a: Zekrom|Substitute\n|-damage|p1a: Zekrom|195/259\n|move|p2a: Spiritomb|Will-O-Wisp|p1a: Zekrom\n|-status|p1a: Zekrom|brn\n|\n|-heal|p1a: Zekrom|211/259 brn|[from] item: Leftovers\n|-damage|p1a: Zekrom|195/259 brn|[from] brn\n|upkeep\n|turn|4\n|\n|t:|1732634188\n|move|p1a: Zekrom|Bolt Strike|p2a: Spiritomb\n|-damage|p2a: Spiritomb|180/234\n|move|p2a: Spiritomb|Foul Play|p1a: Zekrom\n|-damage|p1a: Zekrom|86/259 brn\n|\n|-heal|p1a: Zekrom|102/259 brn|[from] item: Leftovers\n|-heal|p2a: Spiritomb|194/234|[from] item: Leftovers\n|-damage|p1a: Zekrom|86/259 brn|[from] brn\n|upkeep\n|turn|5\n|\n|t:|1732634196\n|switch|p1a: Chansey|Chansey, L85, F|564/564\n|move|p2a: Spiritomb|Foul Play|p1a: Chansey\n|-damage|p1a: Chansey|549/564\n|\n|-heal|p2a: Spiritomb|208/234|[from] item: Leftovers\n|upkeep\n|turn|6\n|\n|t:|1732634201\n|switch|p2a: Pikachu|Pikachu-World, L93, M|216/216\n|move|p1a: Chansey|Heal Bell|p1a: Chansey\n|-activate|p1a: Chansey|move: Heal Bell\n|-curestatus|p1: Zekrom|brn|[msg]\n|\n|upkeep\n|turn|7\n|\n|t:|1732634205\n|switch|p1a: Zekrom|Zekrom, L71|86/259\n|-ability|p1a: Zekrom|Teravolt\n|move|p2a: Pikachu|Knock Off|p1a: Zekrom\n|-damage|p1a: Zekrom|0 fnt\n|-enditem|p1a: Zekrom|Leftovers|[from] move: Knock Off|[of] p2a: Pikachu\n|faint|p1a: Zekrom\n|\n|upkeep\n|\n|t:|1732634217\n|switch|p1a: Greedent|Greedent, L86, F|347/347\n|turn|8\n|\n|t:|1732634224\n|move|p2a: Pikachu|Volt Switch|p1a: Greedent\n|-damage|p1a: Greedent|217/347\n|\n|t:|1732634227\n|switch|p2a: Spiritomb|Spiritomb, L89, F|208/234|[from] Volt Switch\n|move|p1a: Greedent|Knock Off|p2a: Spiritomb\n|-damage|p2a: Spiritomb|154/234\n|-enditem|p2a: Spiritomb|Leftovers|[from] move: Knock Off|[of] p1a: Greedent\n|\n|upkeep\n|turn|9\n|\n|t:|1732634237\n|switch|p1a: Chansey|Chansey, L85, F|549/564\n|move|p2a: Spiritomb|Poltergeist|p1a: Chansey\n|-immune|p1a: Chansey\n|\n|upkeep\n|turn|10\n|\n|t:|1732634241\n|move|p1a: Chansey|Seismic Toss|p2a: Spiritomb\n|-immune|p2a: Spiritomb\n|move|p2a: Spiritomb|Will-O-Wisp|p1a: Chansey|[miss]\n|-miss|p2a: Spiritomb|p1a: Chansey\n|\n|upkeep\n|turn|11\n|\n|t:|1732634245\n|move|p1a: Chansey|Seismic Toss|p2a: Spiritomb\n|-immune|p2a: Spiritomb\n|move|p2a: Spiritomb|Pain Split|p1a: Chansey\n|-sethp|p1a: Chansey|351/564|[from] move: Pain Split|[silent]\n|-sethp|p2a: Spiritomb|234/234|[from] move: Pain Split\n|\n|upkeep\n|turn|12\n|\n|t:|1732634249\n|move|p1a: Chansey|Seismic Toss|p2a: Spiritomb\n|-immune|p2a: Spiritomb\n|move|p2a: Spiritomb|Will-O-Wisp|p1a: Chansey\n|-status|p1a: Chansey|brn\n|\n|-damage|p1a: Chansey|316/564 brn|[from] brn\n|upkeep\n|turn|13\n|\n|t:|1732634257\n|switch|p2a: Pikachu|Pikachu-World, L93, M|216/216\n|move|p1a: Chansey|Seismic Toss|p2a: Pikachu\n|-damage|p2a: Pikachu|131/216\n|\n|-damage|p1a: Chansey|281/564 brn|[from] brn\n|upkeep\n|turn|14\n|\n|t:|1732634268\n|-curestatus|p1a: Chansey|brn|[from] ability: Natural Cure\n|switch|p1a: Greedent|Greedent, L86, F|217/347\n|move|p2a: Pikachu|Knock Off|p1a: Greedent\n|-damage|p1a: Greedent|114/347\n|-enditem|p1a: Greedent|Sitrus Berry|[from] move: Knock Off|[of] p2a: Pikachu\n|\n|upkeep\n|turn|15\n|\n|t:|1732634286\n|switch|p2a: Spiritomb|Spiritomb, L89, F|234/234\n|move|p1a: Greedent|Earthquake|p2a: Spiritomb\n|-damage|p2a: Spiritomb|173/234\n|\n|upkeep\n|turn|16\n|\n|t:|1732634291\n|move|p2a: Spiritomb|Foul Play|p1a: Greedent\n|-damage|p1a: Greedent|11/347\n|move|p1a: Greedent|Earthquake|p2a: Spiritomb\n|-damage|p2a: Spiritomb|118/234\n|\n|upkeep\n|turn|17\n|\n|t:|1732634295\n|move|p2a: Spiritomb|Foul Play|p1a: Greedent\n|-damage|p1a: Greedent|0 fnt\n|faint|p1a: Greedent\n|\n|upkeep\n|\n|t:|1732634312\n|switch|p1a: Kleavor|Kleavor, L78, M|237/237\n|turn|18\n|\n|t:|1732634316\n|move|p1a: Kleavor|Stone Axe|p2a: Spiritomb\n|-damage|p2a: Spiritomb|28/234\n|-sidestart|p2: useemstohavefun|move: Stealth Rock\n|move|p2a: Spiritomb|Will-O-Wisp|p1a: Kleavor\n|-status|p1a: Kleavor|brn\n|\n|-damage|p1a: Kleavor|223/237 brn|[from] brn\n|upkeep\n|turn|19\n|\n|t:|1732634322\n|move|p1a: Kleavor|X-Scissor|p2a: Spiritomb\n|-damage|p2a: Spiritomb|0 fnt\n|faint|p2a: Spiritomb\n|\n|-damage|p1a: Kleavor|209/237 brn|[from] brn\n|upkeep\n|\n|t:|1732634326\n|switch|p2a: Eiscue|Eiscue, L88, M|274/274\n|-damage|p2a: Eiscue|206/274|[from] Stealth Rock\n|turn|20\n|\n|t:|1732634330\n|switch|p1a: Infernape|Infernape, L82, F|259/259\n|move|p2a: Eiscue|Belly Drum|p2a: Eiscue\n|-damage|p2a: Eiscue|69/274\n|-setboost|p2a: Eiscue|atk|6|[from] move: Belly Drum\n|-enditem|p2a: Eiscue|Sitrus Berry|[eat]\n|-heal|p2a: Eiscue|137/274|[from] item: Sitrus Berry\n|\n|upkeep\n|turn|21\n|\n|t:|1732634336\n|-terastallize|p2a: Eiscue|Water\n|move|p1a: Infernape|Overheat|p2a: Eiscue|[miss]\n|-miss|p1a: Infernape|p2a: Eiscue\n|move|p2a: Eiscue|Liquidation|p1a: Infernape\n|-supereffective|p1a: Infernape\n|-damage|p1a: Infernape|0 fnt\n|faint|p1a: Infernape\n|\n|upkeep\n|\n|t:|1732634342\n|switch|p1a: Bronzong|Bronzong, L88|261/261\n|turn|22\n|\n|t:|1732634347\n|move|p2a: Eiscue|Liquidation|p1a: Bronzong\n|-damage|p1a: Bronzong|0 fnt\n|faint|p1a: Bronzong\n|\n|upkeep\n|\n|t:|1732634350\n|switch|p1a: Kleavor|Kleavor, L78, M|209/237 brn\n|turn|23\n|\n|t:|1732634353\n|move|p1a: Kleavor|X-Scissor|p2a: Eiscue\n|-activate|p2a: Eiscue|ability: Ice Face\n|-damage|p2a: Eiscue|137/274\n|detailschange|p2a: Eiscue|Eiscue-Noice, L88, M, tera:Water\n|move|p2a: Eiscue|Liquidation|p1a: Kleavor\n|-supereffective|p1a: Kleavor\n|-damage|p1a: Kleavor|0 fnt\n|faint|p1a: Kleavor\n|\n|upkeep\n|\n|t:|1732634355\n|switch|p1a: Chansey|Chansey, L85, F|281/564\n|turn|24\n|\n|t:|1732634367\n|move|p2a: Eiscue|Iron Head|p1a: Chansey\n|-damage|p1a: Chansey|0 fnt\n|faint|p1a: Chansey\n|\n|win|useemstohavefun\n|raw|ncht ryk's rating: 2262 &rarr; <strong>2247</strong><br />(-15 for losing)\n|raw|useemstohavefun's rating: 2352 &rarr; <strong>2367</strong><br />(+15 for winning)\n|l|\u2606ncht ryk\n|player|p1|\n|c|\u2606useemstohavefun|gg\n", "inputlog": ">version baf9aa68cbe18cf25f290680a08c9ad9c5e3e828\n>start {\"formatid\":\"gen9randombattle\",\"seed\":[21976,11926,3062,55014],\"rated\":\"Rated battle\"}\n>player p1 {\"name\":\"ncht ryk\",\"avatar\":\"170\",\"rating\":2262,\"seed\":[50379,34602,26295,60486]}\n>player p2 {\"name\":\"useemstohavefun\",\"avatar\":\"thorton\",\"rating\":2352,\"seed\":[19471,44288,21775,841]}\n>p1 switch 4\n>p2 switch 5\n>p1 switch 3\n>p2 switch 2\n>p1 move substitute\n>p2 move willowisp\n>p1 move boltstrike\n>p2 move foulplay\n>p1 switch 4\n>p2 move foulplay\n>p1 move healbell\n>p2 switch 2\n>p1 switch 4\n>p2 move knockoff\n>p1 switch 6\n>p1 move knockoff\n>p2 move voltswitch\n>p2 switch 2\n>p1 switch 4\n>p2 move poltergeist\n>p1 move seismictoss\n>p2 move willowisp\n>p1 move seismictoss\n>p2 move painsplit\n>p1 move seismictoss\n>p2 move willowisp\n>p1 move seismictoss\n>p2 switch 2\n>p1 switch 4\n>p2 move knockoff\n>p1 move earthquake\n>p2 switch 2\n>p1 move earthquake\n>p2 move foulplay\n>p1 move earthquake\n>p2 move foulplay\n>p1 switch 2\n>p1 move stoneaxe\n>p2 move willowisp\n>p1 move xscissor\n>p2 move painsplit\n>p2 switch 5\n>p1 switch 3\n>p2 move bellydrum\n>p1 move overheat\n>p2 move liquidation terastallize\n>p1 switch 5\n>p1 move irondefense\n>p2 move liquidation\n>p1 switch 3\n>p1 move xscissor\n>p2 move liquidation\n>p1 switch 4\n>p1 move seismictoss\n>p2 move ironhead", "uploadtime": 1732634377, "views": 15, "formatid": "gen9randombattle", "rating": 2247, "private": 0, "password": null}