{"id": "gen9randombattle-2260347915", "format": "[Gen 9] Random Battle", "players": ["hilmiltank", "gnjjnrsthst"], "log": "|j|\u2606hilmiltank\n|j|\u2606gnjjnrsthst\n|t:|1733842592\n|gametype|singles\n|player|p1|hilmiltank|101|1052\n|player|p2|gnjjnrsthst|2|1035\n|teamsize|p1|6\n|teamsize|p2|6\n|gen|9\n|tier|[Gen 9] Random Battle\n|rated|\n|rule|Species Clause: Limit one of each Pok\u00e9mon\n|rule|HP Percentage Mod: HP is shown in percentages\n|rule|Sleep Clause Mod: Limit one foe put to sleep\n|rule|Illusion Level Mod: Illusion disguises the Pok\u00e9mon's true level\n|\n|t:|1733842592\n|start\n|switch|p1a: Breloom|Breloom, L82, M|233/233\n|switch|p2a: Tsareena|Tsareena, L87, F|267/267\n|turn|1\n|\n|t:|1733842611\n|move|p2a: Tsareena|U-turn|p1a: Breloom\n|-damage|p1a: Breloom|161/233\n|\n|t:|1733842623\n|switch|p2a: Rayquaza|Rayquaza, L72|270/270|[from] U-turn\n|-ability|p2a: Rayquaza|Air Lock\n|move|p1a: Breloom|Rock Tomb|p2a: Rayquaza\n|-supereffective|p2a: Rayquaza\n|-damage|p2a: Rayquaza|49/270\n|-unboost|p2a: Rayquaza|spe|1\n|-damage|p1a: Breloom|138/233|[from] item: Life Orb\n|\n|upkeep\n|turn|2\n|\n|t:|1733842641\n|switch|p2a: Dedenne|Dedenne, L88, F|261/261\n|move|p1a: Breloom|Rock Tomb|p2a: Dedenne\n|-damage|p2a: Dedenne|126/261\n|-unboost|p2a: Dedenne|spe|1\n|-enditem|p2a: Dedenne|Sitrus Berry|[eat]\n|-heal|p2a: Dedenne|191/261|[from] item: Sitrus Berry\n|-heal|p2a: Dedenne|261/261|[from] ability: Cheek Pouch\n|-damage|p1a: Breloom|115/233|[from] item: Life Orb\n|\n|upkeep\n|turn|3\n|l|\u2606hilmiltank\n|player|p1|\n|j|\u2606hilmiltank\n|player|p1|hilmiltank|101|\n|inactive|Battle timer is ON: inactive players will automatically lose when time's up. (requested by gnjjnrsthst)\n|\n|t:|1733842692\n|move|p1a: Breloom|Rock Tomb|p2a: Dedenne\n|-damage|p2a: Dedenne|130/261\n|-unboost|p2a: Dedenne|spe|1\n|-damage|p1a: Breloom|92/233|[from] item: Life Orb\n|move|p2a: Dedenne|Dazzling Gleam|p1a: Breloom\n|-supereffective|p1a: Breloom\n|-damage|p1a: Breloom|0 fnt\n|faint|p1a: Breloom\n|\n|upkeep\n|inactiveoff|Battle timer is now OFF.\n|\n|t:|1733842703\n|switch|p1a: Scovillain|Scovillain, L91, M|266/266\n|turn|4\n|\n|t:|1733842713\n|move|p1a: Scovillain|Flamethrower|p2a: Dedenne\n|-damage|p2a: Dedenne|0 fnt\n|faint|p2a: Dedenne\n|\n|upkeep\n|\n|t:|1733842721\n|switch|p2a: Girafarig|Girafarig, L89, M|269/269\n|turn|5\n|\n|t:|1733842735\n|move|p2a: Girafarig|Nasty Plot|p2a: Girafarig\n|-boost|p2a: Girafarig|spa|2\n|move|p1a: Scovillain|Flamethrower|p2a: Girafarig\n|-damage|p2a: Girafarig|175/269\n|\n|upkeep\n|turn|6\n|\n|t:|1733842744\n|move|p2a: Girafarig|Psyshock|p1a: Scovillain\n|-damage|p1a: Scovillain|62/266\n|move|p1a: Scovillain|Leech Seed|p2a: Girafarig\n|-ability|p2a: Girafarig|Sap Sipper|boost\n|-boost|p2a: Girafarig|atk|1\n|\n|-heal|p1a: Scovillain|78/266|[from] item: Leftovers\n|upkeep\n|turn|7\n|\n|t:|1733842779\n|move|p2a: Girafarig|Psyshock|p1a: Scovillain\n|-damage|p1a: Scovillain|0 fnt\n|faint|p1a: Scovillain\n|\n|upkeep\n|\n|t:|1733842783\n|switch|p1a: Persian|Persian, L92, M|269/269\n|turn|8\n|\n|t:|1733842795\n|move|p1a: Persian|Knock Off|p2a: Girafarig\n|-supereffective|p2a: Girafarig\n|-crit|p2a: Girafarig\n|-damage|p2a: Girafarig|0 fnt\n|-enditem|p2a: Girafarig|Eviolite|[from] move: Knock Off|[of] p1a: Persian\n|faint|p2a: Girafarig\n|\n|upkeep\n|\n|t:|1733842807\n|switch|p2a: Tsareena|Tsareena, L87, F|267/267\n|turn|9\n|\n|t:|1733842812\n|move|p1a: Persian|Knock Off|p2a: Tsareena\n|-damage|p2a: Tsareena|183/267\n|-enditem|p2a: Tsareena|Assault Vest|[from] move: Knock Off|[of] p1a: Persian\n|move|p2a: Tsareena|High Jump Kick|p1a: Persian\n|-supereffective|p1a: Persian\n|-damage|p1a: Persian|0 fnt\n|faint|p1a: Persian\n|\n|upkeep\n|\n|t:|1733842844\n|switch|p1a: Galvantula|Galvantula, L82, F|249/249\n|turn|10\n|\n|t:|1733842855\n|move|p1a: Galvantula|Sticky Web|p2a: Tsareena\n|-sidestart|p2: gnjjnrsthst|move: Sticky Web\n|move|p2a: Tsareena|U-turn|p1a: Galvantula\n|-damage|p1a: Galvantula|160/249\n|\n|t:|1733842860\n|switch|p2a: Rayquaza|Rayquaza, L72|49/270|[from] U-turn\n|-ability|p2a: Rayquaza|Air Lock\n|\n|upkeep\n|turn|11\n|\n|t:|1733842878\n|move|p1a: Galvantula|Thunder|p2a: Rayquaza|[miss]\n|-miss|p1a: Galvantula|p2a: Rayquaza\n|move|p2a: Rayquaza|Dragon Ascent|p1a: Galvantula\n|-damage|p1a: Galvantula|0 fnt\n|-unboost|p2a: Rayquaza|def|1\n|-unboost|p2a: Rayquaza|spd|1\n|faint|p1a: Galvantula\n|\n|upkeep\n|\n|t:|1733842888\n|switch|p1a: Zamazenta|Zamazenta, L71|248/248\n|-ability|p1a: Zamazenta|Dauntless Shield|boost\n|-boost|p1a: Zamazenta|def|1\n|turn|12\n|\n|t:|1733842895\n|move|p1a: Zamazenta|Crunch|p2a: Rayquaza\n|-damage|p2a: Rayquaza|0 fnt\n|faint|p2a: Rayquaza\n|\n|upkeep\n|\n|t:|1733842901\n|switch|p2a: Tsareena|Tsareena, L87, F|183/267\n|-activate|p2a: Tsareena|move: Sticky Web\n|-unboost|p2a: Tsareena|spe|1\n|turn|13\n|\n|t:|1733842907\n|move|p1a: Zamazenta|Crunch|p2a: Tsareena\n|-damage|p2a: Tsareena|120/267\n|move|p2a: Tsareena|Power Whip|p1a: Zamazenta\n|-damage|p1a: Zamazenta|140/248\n|\n|upkeep\n|turn|14\n|\n|t:|1733842913\n|move|p1a: Zamazenta|Crunch|p2a: Tsareena\n|-damage|p2a: Tsareena|54/267\n|move|p2a: Tsareena|Power Whip|p1a: Zamazenta|[miss]\n|-miss|p2a: Tsareena|p1a: Zamazenta\n|\n|upkeep\n|turn|15\n|\n|t:|1733842918\n|move|p1a: Zamazenta|Crunch|p2a: Tsareena\n|-damage|p2a: Tsareena|0 fnt\n|faint|p2a: Tsareena\n|\n|upkeep\n|\n|t:|1733842922\n|switch|p2a: Sceptile|Sceptile, L87, F|264/264\n|-activate|p2a: Sceptile|move: Sticky Web\n|-unboost|p2a: Sceptile|spe|1\n|turn|16\n|\n|t:|1733842929\n|move|p1a: Zamazenta|Crunch|p2a: Sceptile\n|-damage|p2a: Sceptile|173/264\n|move|p2a: Sceptile|Giga Drain|p1a: Zamazenta\n|-damage|p1a: Zamazenta|58/248\n|-heal|p2a: Sceptile|214/264|[from] drain|[of] p1a: Zamazenta\n|\n|-heal|p2a: Sceptile|230/264|[from] item: Leftovers\n|upkeep\n|turn|17\n|\n|t:|1733842937\n|move|p1a: Zamazenta|Crunch|p2a: Sceptile\n|-damage|p2a: Sceptile|138/264\n|-unboost|p2a: Sceptile|def|1\n|move|p2a: Sceptile|Giga Drain|p1a: Zamazenta\n|-damage|p1a: Zamazenta|0 fnt\n|-heal|p2a: Sceptile|167/264|[from] drain|[of] p1a: Zamazenta\n|faint|p1a: Zamazenta\n|\n|-heal|p2a: Sceptile|183/264|[from] item: Leftovers\n|upkeep\n|\n|t:|1733842947\n|switch|p1a: Snorlax|Snorlax, L82, F|397/397\n|turn|18\n|\n|t:|1733842952\n|move|p2a: Sceptile|Substitute|p2a: Sceptile\n|-start|p2a: Sceptile|Substitute\n|-damage|p2a: Sceptile|117/264\n|move|p1a: Snorlax|Body Slam|p2a: Sceptile\n|-end|p2a: Sceptile|Substitute\n|\n|-heal|p2a: Sceptile|133/264|[from] item: Leftovers\n|upkeep\n|turn|19\n|\n|t:|1733842959\n|move|p2a: Sceptile|Focus Blast|p1a: Snorlax|[miss]\n|-miss|p2a: Sceptile|p1a: Snorlax\n|move|p1a: Snorlax|Body Slam|p2a: Sceptile\n|-damage|p2a: Sceptile|0 fnt\n|faint|p2a: Sceptile\n|\n|upkeep\n|\n|t:|1733842966\n|switch|p2a: Metagross|Metagross, L79|256/256\n|-activate|p2a: Metagross|move: Sticky Web\n|-fail|p2a: Metagross|unboost|[from] ability: Clear Body|[of] p2a: Metagross\n|turn|20\n|\n|t:|1733842974\n|move|p2a: Metagross|Earthquake|p1a: Snorlax\n|-damage|p1a: Snorlax|291/397\n|move|p1a: Snorlax|Curse|p1a: Snorlax\n|-unboost|p1a: Snorlax|spe|1\n|-boost|p1a: Snorlax|atk|1\n|-boost|p1a: Snorlax|def|1\n|\n|-heal|p1a: Snorlax|315/397|[from] item: Leftovers\n|upkeep\n|turn|21\n|\n|t:|1733842982\n|move|p2a: Metagross|Earthquake|p1a: Snorlax\n|-damage|p1a: Snorlax|246/397\n|move|p1a: Snorlax|Body Slam|p2a: Metagross\n|-resisted|p2a: Metagross\n|-damage|p2a: Metagross|205/256\n|\n|-heal|p1a: Snorlax|270/397|[from] item: Leftovers\n|upkeep\n|turn|22\n|\n|t:|1733842996\n|-terastallize|p2a: Metagross|Ground\n|move|p2a: Metagross|Earthquake|p1a: Snorlax\n|-damage|p1a: Snorlax|174/397\n|move|p1a: Snorlax|Body Slam|p2a: Metagross\n|-damage|p2a: Metagross|97/256\n|\n|-heal|p1a: Snorlax|198/397|[from] item: Leftovers\n|upkeep\n|turn|23\n|\n|t:|1733843006\n|move|p2a: Metagross|Earthquake|p1a: Snorlax\n|-damage|p1a: Snorlax|96/397\n|move|p1a: Snorlax|Body Slam|p2a: Metagross\n|-damage|p2a: Metagross|0 fnt\n|faint|p2a: Metagross\n|\n|win|hilmiltank\n|raw|hilmiltank's rating: 1052 &rarr; <strong>1083</strong><br />(+31 for winning)\n|raw|gnjjnrsthst's rating: 1035 &rarr; <strong>1020</strong><br />(-15 for losing)\n|l|\u2606gnjjnrsthst\n|player|p2|\n", "inputlog": ">version bfd83cad13791eb5a5a409923076391caf6fb4d4\n>start {\"formatid\":\"gen9randombattle\",\"seed\":[50081,45385,25332,36210],\"rated\":\"Rated battle\"}\n>player p1 {\"name\":\"hilmiltank\",\"avatar\":\"101\",\"rating\":1052,\"seed\":[21495,30904,23356,20336]}\n>player p2 {\"name\":\"gnjjnrsthst\",\"avatar\":\"2\",\"rating\":1035,\"seed\":[26988,52774,56595,44493]}\n>p1 move rocktomb\n>p2 move uturn\n>p2 switch 3\n>p1 move rocktomb\n>p2 switch 2\n>p1 move rocktomb\n>p2 move dazzlinggleam\n>p1 switch 6\n>p1 move flamethrower\n>p2 move nuzzle\n>p2 switch 4\n>p1 move flamethrower\n>p2 move nastyplot\n>p1 move leechseed\n>p2 move psyshock\n>p1 move flamethrower\n>p2 move psyshock\n>p1 switch 4\n>p1 move knockoff\n>p2 move psyshock\n>p2 switch 3\n>p1 move knockoff\n>p2 move highjumpkick\n>p1 switch 3\n>p1 move stickyweb\n>p2 move uturn\n>p2 switch 2\n>p1 move thunder\n>p2 move dragonascent\n>p1 switch 2\n>p1 move crunch\n>p2 move dragonascent\n>p2 switch 2\n>p1 move crunch\n>p2 move powerwhip\n>p1 move crunch\n>p2 move powerwhip\n>p1 move crunch\n>p2 move powerwhip\n>p2 switch 6\n>p1 move crunch\n>p2 move gigadrain\n>p1 move crunch\n>p2 move gigadrain\n>p1 switch 5\n>p1 move bodyslam\n>p2 move substitute\n>p1 move bodyslam\n>p2 move focusblast\n>p2 switch 5\n>p1 move curse\n>p2 move earthquake\n>p1 move bodyslam\n>p2 move earthquake\n>p1 move bodyslam\n>p2 move earthquake terastallize\n>p1 move bodyslam\n>p2 move earthquake", "uploadtime": 1733843013, "views": 1, "formatid": "gen9randombattle", "rating": 1020, "private": 0, "password": null}