{"id": "gen9randombattle-2260887953", "format": "[Gen 9] Random Battle", "players": ["ferguma", "Magikarpitalism"], "log": "|j|\u2606ferguma\n|j|\u2606Magikarpitalism\n|t:|1733911223\n|gametype|singles\n|player|p1|ferguma|2|2210\n|player|p2|Magikarpitalism|adaman|2245\n|teamsize|p1|6\n|teamsize|p2|6\n|gen|9\n|tier|[Gen 9] Random Battle\n|rated|\n|rule|Species Clause: Limit one of each Pok\u00e9mon\n|rule|HP Percentage Mod: HP is shown in percentages\n|rule|Sleep Clause Mod: Limit one foe put to sleep\n|rule|Illusion Level Mod: Illusion disguises the Pok\u00e9mon's true level\n|\n|t:|1733911223\n|start\n|switch|p1a: Clawitzer|Clawitzer, L87, M|265/265\n|switch|p2a: Persian|Persian-Alola, L86, F|252/252\n|turn|1\n|inactive|Battle timer is ON: inactive players will automatically lose when time's up. (requested by Magikarpitalism)\n|inactive|ferguma has 120 seconds left.\n|\n|t:|1733911305\n|switch|p2a: Leavanny|Leavanny, L86, F|269/269\n|move|p1a: Clawitzer|Water Pulse|p2a: Leavanny\n|-resisted|p2a: Leavanny\n|-damage|p2a: Leavanny|180/269\n|-start|p2a: Leavanny|confusion\n|\n|upkeep\n|turn|2\n|\n|t:|1733911313\n|switch|p1a: Forretress|Forretress, L84, F|263/263\n|-activate|p2a: Leavanny|confusion\n|-damage|p2a: Leavanny|148/269|[from] confusion\n|\n|upkeep\n|turn|3\n|\n|t:|1733911327\n|-activate|p2a: Leavanny|confusion\n|move|p2a: Leavanny|Sticky Web|p1a: Forretress\n|-sidestart|p1: ferguma|move: Sticky Web\n|move|p1a: Forretress|Spikes|p2a: Leavanny\n|-sidestart|p2: Magikarpitalism|Spikes\n|\n|upkeep\n|turn|4\n|\n|t:|1733911334\n|switch|p2a: Houndstone|Houndstone, L86, F|264/264\n|-damage|p2a: Houndstone|231/264|[from] Spikes\n|move|p1a: Forretress|Rapid Spin|p2a: Houndstone\n|-immune|p2a: Houndstone\n|\n|upkeep\n|turn|5\n|\n|t:|1733911338\n|switch|p1a: Honchkrow|Honchkrow, L86, F|312/312\n|move|p2a: Houndstone|Poltergeist|p1a: Honchkrow\n|-activate|p1a: Honchkrow|move: Poltergeist|Heavy-Duty Boots\n|-resisted|p1a: Honchkrow\n|-damage|p1a: Honchkrow|227/312\n|\n|upkeep\n|turn|6\n|\n|t:|1733911343\n|switch|p2a: Persian|Persian-Alola, L86, F|252/252\n|move|p1a: Honchkrow|Lash Out|p2a: Persian\n|-resisted|p2a: Persian\n|-damage|p2a: Persian|222/252\n|\n|upkeep\n|turn|7\n|\n|t:|1733911348\n|switch|p1a: Clawitzer|Clawitzer, L87, M|265/265\n|-activate|p1a: Clawitzer|move: Sticky Web\n|-unboost|p1a: Clawitzer|spe|1\n|move|p2a: Persian|Thunder Wave|p1a: Clawitzer\n|-status|p1a: Clawitzer|par\n|\n|upkeep\n|turn|8\n|\n|t:|1733911352\n|move|p2a: Persian|Knock Off|p1a: Clawitzer\n|-damage|p1a: Clawitzer|196/265 par\n|-enditem|p1a: Clawitzer|Choice Specs|[from] move: Knock Off|[of] p2a: Persian\n|cant|p1a: Clawitzer|par\n|\n|upkeep\n|turn|9\n|\n|t:|1733911356\n|move|p2a: Persian|Parting Shot|p1a: Clawitzer\n|-unboost|p1a: Clawitzer|atk|1\n|-unboost|p1a: Clawitzer|spa|1\n|\n|t:|1733911357\n|switch|p2a: Leavanny|Leavanny, L86, F|148/269|[from] Parting Shot\n|move|p1a: Clawitzer|Aura Sphere|p2a: Leavanny\n|-resisted|p2a: Leavanny\n|-damage|p2a: Leavanny|114/269\n|\n|upkeep\n|turn|10\n|\n|t:|1733911360\n|switch|p1a: Forretress|Forretress, L84, F|263/263\n|-activate|p1a: Forretress|move: Sticky Web\n|-unboost|p1a: Forretress|spe|1\n|move|p2a: Leavanny|Knock Off|p1a: Forretress\n|-damage|p1a: Forretress|210/263\n|-enditem|p1a: Forretress|Leftovers|[from] move: Knock Off|[of] p2a: Leavanny\n|\n|upkeep\n|turn|11\n|\n|t:|1733911365\n|switch|p2a: Houndstone|Houndstone, L86, F|231/264\n|-damage|p2a: Houndstone|198/264|[from] Spikes\n|move|p1a: Forretress|Spikes|p2a: Houndstone\n|-sidestart|p2: Magikarpitalism|Spikes\n|\n|upkeep\n|turn|12\n|\n|t:|1733911370\n|move|p2a: Houndstone|Play Rough|p1a: Forretress\n|-resisted|p1a: Forretress\n|-damage|p1a: Forretress|186/263\n|move|p1a: Forretress|Spikes|p2a: Houndstone\n|-sidestart|p2: Magikarpitalism|Spikes\n|\n|upkeep\n|turn|13\n|\n|t:|1733911373\n|switch|p1a: Glaceon|Glaceon, L94, M|275/275\n|move|p2a: Houndstone|Poltergeist|p1a: Glaceon\n|-activate|p1a: Glaceon|move: Poltergeist|Heavy-Duty Boots\n|-damage|p1a: Glaceon|182/275\n|\n|upkeep\n|turn|14\n|\n|t:|1733911377\n|move|p1a: Glaceon|Wish|p1a: Glaceon\n|move|p2a: Houndstone|Body Press|p1a: Glaceon\n|-supereffective|p1a: Glaceon\n|-damage|p1a: Glaceon|88/275\n|\n|upkeep\n|turn|15\n|\n|t:|1733911381\n|move|p1a: Glaceon|Protect|p1a: Glaceon\n|-singleturn|p1a: Glaceon|Protect\n|move|p2a: Houndstone|Play Rough|p1a: Glaceon\n|-activate|p1a: Glaceon|move: Protect\n|\n|-heal|p1a: Glaceon|225/275|[from] move: Wish|[wisher] Glaceon\n|upkeep\n|turn|16\n|\n|t:|1733911391\n|switch|p2a: Regieleki|Regieleki, L79|256/256\n|-damage|p2a: Regieleki|192/256|[from] Spikes\n|move|p1a: Glaceon|Freeze-Dry|p2a: Regieleki\n|-damage|p2a: Regieleki|5/256\n|\n|upkeep\n|turn|17\n|\n|t:|1733911402\n|move|p2a: Regieleki|Rapid Spin|p1a: Glaceon\n|-damage|p1a: Glaceon|200/275\n|-boost|p2a: Regieleki|spe|1\n|-sideend|p2: Magikarpitalism|Spikes|[from] move: Rapid Spin|[of] p2a: Regieleki\n|move|p1a: Glaceon|Freeze-Dry|p2a: Regieleki\n|-crit|p2a: Regieleki\n|-damage|p2a: Regieleki|0 fnt\n|faint|p2a: Regieleki\n|\n|upkeep\n|\n|t:|1733911412\n|switch|p2a: Leavanny|Leavanny, L86, F|114/269\n|turn|18\n|inactive|ferguma has 120 seconds left.\n|\n|t:|1733911467\n|switch|p1a: Forretress|Forretress, L84, F|186/263\n|-activate|p1a: Forretress|move: Sticky Web\n|-unboost|p1a: Forretress|spe|1\n|move|p2a: Leavanny|Leaf Blade|p1a: Forretress\n|-resisted|p1a: Forretress\n|-damage|p1a: Forretress|170/263\n|\n|upkeep\n|turn|19\n|\n|t:|1733911472\n|switch|p2a: Houndstone|Houndstone, L86, F|198/264\n|move|p1a: Forretress|Spikes|p2a: Houndstone\n|-sidestart|p2: Magikarpitalism|Spikes\n|\n|upkeep\n|turn|20\n|\n|t:|1733911477\n|move|p2a: Houndstone|Poltergeist||[still]\n|-fail|p2a: Houndstone\n|move|p1a: Forretress|Spikes|p2a: Houndstone\n|-sidestart|p2: Magikarpitalism|Spikes\n|\n|upkeep\n|turn|21\n|\n|t:|1733911479\n|move|p2a: Houndstone|Body Press|p1a: Forretress\n|-damage|p1a: Forretress|130/263\n|move|p1a: Forretress|Spikes|p2a: Houndstone\n|-sidestart|p2: Magikarpitalism|Spikes\n|\n|upkeep\n|turn|22\n|\n|t:|1733911483\n|switch|p1a: Clawitzer|Clawitzer, L87, M|196/265 par\n|-activate|p1a: Clawitzer|move: Sticky Web\n|-unboost|p1a: Clawitzer|spe|1\n|move|p2a: Houndstone|Body Press|p1a: Clawitzer\n|-damage|p1a: Clawitzer|142/265 par\n|\n|upkeep\n|turn|23\n|\n|t:|1733911489\n|move|p2a: Houndstone|Play Rough|p1a: Clawitzer\n|-damage|p1a: Clawitzer|70/265 par\n|cant|p1a: Clawitzer|par\n|\n|upkeep\n|turn|24\n|\n|t:|1733911493\n|move|p2a: Houndstone|Play Rough|p1a: Clawitzer|[miss]\n|-miss|p2a: Houndstone|p1a: Clawitzer\n|cant|p1a: Clawitzer|par\n|\n|upkeep\n|turn|25\n|\n|t:|1733911494\n|move|p2a: Houndstone|Play Rough|p1a: Clawitzer\n|-damage|p1a: Clawitzer|0 fnt\n|faint|p1a: Clawitzer\n|\n|upkeep\n|\n|t:|1733911499\n|switch|p1a: Honchkrow|Honchkrow, L86, F|227/312\n|turn|26\n|\n|t:|1733911505\n|move|p1a: Honchkrow|Brave Bird|p2a: Houndstone\n|-damage|p2a: Houndstone|123/264\n|-damage|p1a: Honchkrow|202/312|[from] Recoil\n|move|p2a: Houndstone|Play Rough|p1a: Honchkrow\n|-supereffective|p1a: Honchkrow\n|-damage|p1a: Honchkrow|0 fnt\n|faint|p1a: Honchkrow\n|\n|upkeep\n|\n|t:|1733911509\n|switch|p1a: Iron Bundle|Iron Bundle, L77|213/213\n|turn|27\n|\n|t:|1733911513\n|move|p1a: Iron Bundle|Hydro Pump|p2a: Houndstone\n|-damage|p2a: Houndstone|54/264\n|move|p2a: Houndstone|Body Press|p1a: Iron Bundle\n|-supereffective|p1a: Iron Bundle\n|-damage|p1a: Iron Bundle|113/213\n|\n|upkeep\n|turn|28\n|\n|t:|1733911517\n|move|p1a: Iron Bundle|Hydro Pump|p2a: Houndstone|[miss]\n|-miss|p1a: Iron Bundle|p2a: Houndstone\n|move|p2a: Houndstone|Body Press|p1a: Iron Bundle\n|-supereffective|p1a: Iron Bundle\n|-damage|p1a: Iron Bundle|0 fnt\n|faint|p1a: Iron Bundle\n|-end|p1a: Iron Bundle|Quark Drive|[silent]\n|\n|upkeep\n|\n|t:|1733911521\n|switch|p1a: Glaceon|Glaceon, L94, M|200/275\n|turn|29\n|\n|t:|1733911522\n|move|p1a: Glaceon|Wish|p1a: Glaceon\n|move|p2a: Houndstone|Body Press|p1a: Glaceon\n|-supereffective|p1a: Glaceon\n|-damage|p1a: Glaceon|108/275\n|\n|upkeep\n|turn|30\n|\n|t:|1733911525\n|move|p1a: Glaceon|Freeze-Dry|p2a: Houndstone\n|-damage|p2a: Houndstone|0 fnt\n|faint|p2a: Houndstone\n|\n|-heal|p1a: Glaceon|245/275|[from] move: Wish|[wisher] Glaceon\n|upkeep\n|\n|t:|1733911527\n|switch|p2a: Minior|Minior-Blue, L79|224/224\n|-formechange|p2a: Minior|Minior-Meteor||[from] ability: Shields Down\n|turn|31\n|\n|t:|1733911534\n|move|p1a: Glaceon|Freeze-Dry|p2a: Minior\n|-supereffective|p2a: Minior\n|-damage|p2a: Minior|12/224\n|move|p2a: Minior|Shell Smash|p2a: Minior\n|-unboost|p2a: Minior|def|1\n|-unboost|p2a: Minior|spd|1\n|-boost|p2a: Minior|atk|2\n|-boost|p2a: Minior|spa|2\n|-boost|p2a: Minior|spe|2\n|-enditem|p2a: Minior|White Herb\n|-clearnegativeboost|p2a: Minior|[silent]\n|\n|-formechange|p2a: Minior|Minior-Blue||[from] ability: Shields Down\n|upkeep\n|turn|32\n|\n|t:|1733911539\n|move|p1a: Glaceon|Protect|p1a: Glaceon\n|-singleturn|p1a: Glaceon|Protect\n|move|p2a: Minior|Power Gem|p1a: Glaceon\n|-activate|p1a: Glaceon|move: Protect\n|\n|upkeep\n|turn|33\n|\n|t:|1733911542\n|-terastallize|p1a: Glaceon|Ground\n|move|p2a: Minior|Power Gem|p1a: Glaceon\n|-resisted|p1a: Glaceon\n|-damage|p1a: Glaceon|180/275\n|move|p1a: Glaceon|Freeze-Dry|p2a: Minior\n|-supereffective|p2a: Minior\n|-damage|p2a: Minior|0 fnt\n|faint|p2a: Minior\n|\n|upkeep\n|\n|t:|1733911545\n|switch|p2a: Leavanny|Leavanny, L86, F|114/269\n|turn|34\n|\n|t:|1733911555\n|switch|p2a: Lanturn|Lanturn, L89, M|367/367\n|switch|p1a: Forretress|Forretress, L84, F|130/263\n|-activate|p1a: Forretress|move: Sticky Web\n|-unboost|p1a: Forretress|spe|1\n|\n|upkeep\n|turn|35\n|\n|t:|1733911563\n|move|p2a: Lanturn|Scald|p1a: Forretress\n|-damage|p1a: Forretress|36/263\n|-status|p1a: Forretress|brn\n|move|p1a: Forretress|Rapid Spin|p2a: Lanturn\n|-damage|p2a: Lanturn|348/367\n|-boost|p1a: Forretress|spe|1\n|-sideend|p1: ferguma|Sticky Web|[from] move: Rapid Spin|[of] p1a: Forretress\n|\n|-damage|p1a: Forretress|20/263 brn|[from] brn\n|upkeep\n|turn|36\n|\n|t:|1733911571\n|move|p2a: Lanturn|Scald|p1a: Forretress\n|-damage|p1a: Forretress|0 fnt\n|faint|p1a: Forretress\n|\n|upkeep\n|\n|t:|1733911574\n|switch|p1a: Stonjourner|Stonjourner, L91, M|330/330\n|turn|37\n|\n|t:|1733911579\n|-terastallize|p2a: Lanturn|Flying\n|move|p1a: Stonjourner|Earthquake|p2a: Lanturn\n|-immune|p2a: Lanturn\n|move|p2a: Lanturn|Scald|p1a: Stonjourner\n|-supereffective|p1a: Stonjourner\n|-damage|p1a: Stonjourner|0 fnt\n|faint|p1a: Stonjourner\n|\n|upkeep\n|\n|t:|1733911581\n|switch|p1a: Glaceon|Glaceon, L94, M, tera:Ground|180/275\n|turn|38\n|\n|t:|1733911582\n|move|p1a: Glaceon|Freeze-Dry|p2a: Lanturn\n|-supereffective|p2a: Lanturn\n|-damage|p2a: Lanturn|88/367\n|move|p2a: Lanturn|Scald|p1a: Glaceon\n|-supereffective|p1a: Glaceon\n|-damage|p1a: Glaceon|42/275\n|\n|upkeep\n|turn|39\n|\n|t:|1733911587\n|move|p1a: Glaceon|Freeze-Dry|p2a: Lanturn\n|-supereffective|p2a: Lanturn\n|-damage|p2a: Lanturn|0 fnt\n|faint|p2a: Lanturn\n|\n|upkeep\n|\n|t:|1733911589\n|switch|p2a: Leavanny|Leavanny, L86, F|114/269\n|turn|40\n|\n|t:|1733911591\n|move|p2a: Leavanny|Leaf Blade|p1a: Glaceon\n|-supereffective|p1a: Glaceon\n|-crit|p1a: Glaceon\n|-damage|p1a: Glaceon|0 fnt\n|faint|p1a: Glaceon\n|\n|win|Magikarpitalism\n|raw|ferguma's rating: 2210 &rarr; <strong>2192</strong><br />(-18 for losing)\n|raw|Magikarpitalism's rating: 2245 &rarr; <strong>2263</strong><br />(+18 for winning)\n|l|\u2606ferguma\n|player|p1|\n", "inputlog": ">version bfd83cad13791eb5a5a409923076391caf6fb4d4\n>start {\"formatid\":\"gen9randombattle\",\"seed\":[15391,55225,21382,57504],\"rated\":\"Rated battle\"}\n>player p1 {\"name\":\"ferguma\",\"avatar\":\"2\",\"rating\":2210,\"seed\":[55494,9417,20727,16779]}\n>player p2 {\"name\":\"Magikarpitalism\",\"avatar\":\"adaman\",\"rating\":2245,\"seed\":[16288,23721,12439,39159]}\n>p1 move waterpulse\n>p2 switch 6\n>p1 switch 6\n>p2 move stickyweb\n>p1 move spikes\n>p2 move stickyweb\n>p1 move rapidspin\n>p2 switch 2\n>p1 switch 4\n>p2 move poltergeist\n>p1 move lashout\n>p2 switch 6\n>p1 switch 6\n>p2 move thunderwave\n>p1 move waterpulse\n>p2 move knockoff\n>p1 move aurasphere\n>p2 move partingshot\n>p2 switch 2\n>p1 switch 4\n>p2 move knockoff\n>p1 move spikes\n>p2 switch 6\n>p1 move spikes\n>p2 move playrough\n>p1 switch 5\n>p2 move poltergeist\n>p1 move wish\n>p2 move bodypress\n>p1 move protect\n>p2 move playrough\n>p1 move freezedry\n>p2 switch 4\n>p1 move freezedry\n>p2 move rapidspin\n>p2 switch 6\n>p1 switch 5\n>p2 move leafblade\n>p1 move spikes\n>p2 switch 4\n>p1 move spikes\n>p2 move poltergeist\n>p1 move spikes\n>p2 move bodypress\n>p1 switch 4\n>p2 move bodypress\n>p1 move waterpulse\n>p2 move playrough\n>p1 move waterpulse\n>p2 move playrough\n>p1 move waterpulse\n>p2 move playrough\n>p1 switch 6\n>p1 move bravebird\n>p2 move playrough\n>p1 switch 2\n>p1 move hydropump\n>p2 move bodypress\n>p1 move hydropump\n>p2 move bodypress\n>p1 switch 5\n>p1 move wish\n>p2 move bodypress\n>p1 move freezedry\n>p2 move bodypress\n>p2 switch 5\n>p1 move freezedry\n>p2 move shellsmash\n>p1 move protect\n>p2 move powergem\n>p1 move freezedry terastallize\n>p2 move powergem\n>p2 switch 4\n>p1 switch 4\n>p2 switch 3\n>p1 move rapidspin\n>p2 move scald\n>p1 move bodypress\n>p2 move scald\n>p1 switch 3\n>p1 move earthquake\n>p2 move scald terastallize\n>p1 switch 4\n>p1 move freezedry\n>p2 move scald\n>p1 move freezedry\n>p2 move scald\n>p2 switch 3\n>p1 move freezedry\n>p2 move leafblade", "uploadtime": 1733911594, "views": 1, "formatid": "gen9randombattle", "rating": 2192, "private": 0, "password": null}