{"id": "gen9randombattle-2260917147", "format": "[Gen 9] Random Battle", "players": ["hiroakiruby", "Chargedcoin"], "log": "|j|\u2606hiroakiruby\n|j|\u2606Chargedcoin\n|t:|1733916388\n|gametype|singles\n|player|p1|hiroakiruby|265|1727\n|player|p2|Chargedcoin|170|1697\n|teamsize|p1|6\n|teamsize|p2|6\n|gen|9\n|tier|[Gen 9] Random Battle\n|rated|\n|rule|Species Clause: Limit one of each Pok\u00e9mon\n|rule|HP Percentage Mod: HP is shown in percentages\n|rule|Sleep Clause Mod: Limit one foe put to sleep\n|rule|Illusion Level Mod: Illusion disguises the Pok\u00e9mon's true level\n|\n|t:|1733916388\n|start\n|switch|p1a: Ribombee|Ribombee, L82, F|233/233\n|switch|p2a: Lugia|Lugia, L72|272/272\n|turn|1\n|inactive|Battle timer is ON: inactive players will automatically lose when time's up. (requested by Chargedcoin)\n|\n|t:|1733916417\n|switch|p2a: Camerupt|Camerupt, L91, M|275/275\n|-terastallize|p1a: Ribombee|Ground\n|move|p1a: Ribombee|Quiver Dance|p1a: Ribombee\n|-boost|p1a: Ribombee|spa|1\n|-boost|p1a: Ribombee|spd|1\n|-boost|p1a: Ribombee|spe|1\n|\n|upkeep\n|turn|2\n|\n|t:|1733916442\n|move|p1a: Ribombee|Tera Blast|p2a: Camerupt|[anim] Tera Blast Ground\n|-supereffective|p2a: Camerupt\n|-damage|p2a: Camerupt|103/275\n|move|p2a: Camerupt|Earthquake|p1a: Ribombee\n|-damage|p1a: Ribombee|71/233\n|\n|-heal|p2a: Camerupt|120/275|[from] item: Leftovers\n|upkeep\n|turn|3\n|\n|t:|1733916454\n|switch|p2a: Eelektross|Eelektross, L87, M|290/290\n|move|p1a: Ribombee|Tera Blast|p2a: Eelektross|[anim] Tera Blast Ground\n|-immune|p2a: Eelektross|[from] ability: Levitate\n|\n|upkeep\n|turn|4\n|\n|t:|1733916464\n|move|p1a: Ribombee|Moonblast|p2a: Eelektross\n|-damage|p2a: Eelektross|187/290\n|move|p2a: Eelektross|Giga Drain|p1a: Ribombee\n|-supereffective|p1a: Ribombee\n|-damage|p1a: Ribombee|0 fnt\n|-heal|p2a: Eelektross|223/290|[from] drain|[of] p1a: Ribombee\n|faint|p1a: Ribombee\n|\n|upkeep\n|\n|t:|1733916479\n|switch|p1a: Hoopa|Hoopa-Unbound, L80|259/259\n|turn|5\n|\n|t:|1733916494\n|move|p1a: Hoopa|Gunk Shot|p2a: Eelektross\n|-damage|p2a: Eelektross|110/290\n|move|p2a: Eelektross|U-turn|p1a: Hoopa\n|-supereffective|p1a: Hoopa\n|-damage|p1a: Hoopa|0 fnt\n|faint|p1a: Hoopa\n|\n|t:|1733916508\n|switch|p2a: Camerupt|Camerupt, L91, M|120/275|[from] U-turn\n|\n|-heal|p2a: Camerupt|137/275|[from] item: Leftovers\n|upkeep\n|\n|t:|1733916519\n|switch|p1a: Donphan|Donphan, L84, F|288/288\n|turn|6\n|\n|t:|1733916524\n|move|p1a: Donphan|Knock Off|p2a: Camerupt\n|-damage|p2a: Camerupt|50/275\n|-enditem|p2a: Camerupt|Leftovers|[from] move: Knock Off|[of] p1a: Donphan\n|move|p2a: Camerupt|Will-O-Wisp|p1a: Donphan\n|-status|p1a: Donphan|brn\n|\n|-damage|p1a: Donphan|270/288 brn|[from] brn\n|upkeep\n|turn|7\n|\n|t:|1733916531\n|move|p1a: Donphan|Stealth Rock|p2a: Camerupt\n|-sidestart|p2: Chargedcoin|move: Stealth Rock\n|move|p2a: Camerupt|Overheat|p1a: Donphan\n|-damage|p1a: Donphan|51/288 brn\n|-unboost|p2a: Camerupt|spa|2\n|\n|-heal|p1a: Donphan|69/288 brn|[from] item: Leftovers\n|-damage|p1a: Donphan|51/288 brn|[from] brn\n|upkeep\n|turn|8\n|\n|t:|1733916541\n|move|p1a: Donphan|Earthquake|p2a: Camerupt\n|-supereffective|p2a: Camerupt\n|-damage|p2a: Camerupt|0 fnt\n|faint|p2a: Camerupt\n|\n|-heal|p1a: Donphan|69/288 brn|[from] item: Leftovers\n|-damage|p1a: Donphan|51/288 brn|[from] brn\n|upkeep\n|\n|t:|1733916551\n|switch|p2a: Galvantula|Galvantula, L82, M|249/249\n|turn|9\n|\n|t:|1733916556\n|move|p2a: Galvantula|Sticky Web|p1a: Donphan\n|-sidestart|p1: hiroakiruby|move: Sticky Web\n|move|p1a: Donphan|Rapid Spin|p2a: Galvantula\n|-damage|p2a: Galvantula|223/249\n|-boost|p1a: Donphan|spe|1\n|-sideend|p1: hiroakiruby|Sticky Web|[from] move: Rapid Spin|[of] p1a: Donphan\n|\n|-heal|p1a: Donphan|69/288 brn|[from] item: Leftovers\n|-damage|p1a: Donphan|51/288 brn|[from] brn\n|upkeep\n|turn|10\n|\n|t:|1733916575\n|move|p2a: Galvantula|Giga Drain|p1a: Donphan\n|-supereffective|p1a: Donphan\n|-damage|p1a: Donphan|0 fnt\n|-heal|p2a: Galvantula|249/249|[from] drain|[of] p1a: Donphan\n|faint|p1a: Donphan\n|\n|upkeep\n|\n|t:|1733916583\n|switch|p1a: Iron Moth|Iron Moth, L78|253/253\n|turn|11\n|\n|t:|1733916593\n|move|p2a: Galvantula|Thunder|p1a: Iron Moth\n|-damage|p1a: Iron Moth|150/253\n|-status|p1a: Iron Moth|par\n|move|p1a: Iron Moth|Fiery Dance|p2a: Galvantula\n|-supereffective|p2a: Galvantula\n|-damage|p2a: Galvantula|0 fnt\n|faint|p2a: Galvantula\n|\n|upkeep\n|\n|t:|1733916601\n|switch|p2a: Breloom|Breloom, L82, M|233/233\n|-damage|p2a: Breloom|219/233|[from] Stealth Rock\n|turn|12\n|\n|t:|1733916606\n|move|p2a: Breloom|Rock Tomb|p1a: Iron Moth\n|-supereffective|p1a: Iron Moth\n|-damage|p1a: Iron Moth|0 fnt\n|faint|p1a: Iron Moth\n|-end|p1a: Iron Moth|Quark Drive|[silent]\n|-damage|p2a: Breloom|196/233|[from] item: Life Orb\n|\n|upkeep\n|\n|t:|1733916613\n|switch|p1a: Seviper|Seviper, L93, M|287/287\n|turn|13\n|\n|t:|1733916621\n|-terastallize|p2a: Breloom|Rock\n|move|p1a: Seviper|Gunk Shot|p2a: Breloom\n|-resisted|p2a: Breloom\n|-damage|p2a: Breloom|113/233\n|move|p2a: Breloom|Swords Dance|p2a: Breloom\n|-boost|p2a: Breloom|atk|2\n|\n|upkeep\n|turn|14\n|\n|t:|1733916629\n|move|p1a: Seviper|Earthquake|p2a: Breloom\n|-supereffective|p2a: Breloom\n|-damage|p2a: Breloom|0 fnt\n|faint|p2a: Breloom\n|\n|upkeep\n|\n|t:|1733916636\n|switch|p2a: Lugia|Lugia, L72|272/272\n|turn|15\n|\n|t:|1733916642\n|move|p2a: Lugia|Earth Power|p1a: Seviper\n|-supereffective|p1a: Seviper\n|-damage|p1a: Seviper|181/287\n|move|p1a: Seviper|Gunk Shot|p2a: Lugia\n|-damage|p2a: Lugia|206/272\n|\n|-heal|p1a: Seviper|198/287|[from] item: Leftovers\n|upkeep\n|turn|16\n|\n|t:|1733916650\n|move|p2a: Lugia|Calm Mind|p2a: Lugia\n|-boost|p2a: Lugia|spa|1\n|-boost|p2a: Lugia|spd|1\n|move|p1a: Seviper|Gunk Shot|p2a: Lugia\n|-damage|p2a: Lugia|65/272\n|-status|p2a: Lugia|psn\n|\n|-heal|p1a: Seviper|215/287|[from] item: Leftovers\n|-damage|p2a: Lugia|31/272 psn|[from] psn\n|upkeep\n|turn|17\n|\n|t:|1733916663\n|move|p2a: Lugia|Earth Power|p1a: Seviper\n|-supereffective|p1a: Seviper\n|-damage|p1a: Seviper|57/287\n|move|p1a: Seviper|Gunk Shot|p2a: Lugia\n|-damage|p2a: Lugia|0 fnt\n|faint|p2a: Lugia\n|\n|-heal|p1a: Seviper|74/287|[from] item: Leftovers\n|upkeep\n|\n|t:|1733916670\n|switch|p2a: Muk|Muk, L86, F|321/321\n|-damage|p2a: Muk|281/321|[from] Stealth Rock\n|turn|18\n|\n|t:|1733916677\n|move|p1a: Seviper|Earthquake|p2a: Muk\n|-supereffective|p2a: Muk\n|-damage|p2a: Muk|95/321\n|move|p2a: Muk|Drain Punch|p1a: Seviper\n|-resisted|p1a: Seviper\n|-damage|p1a: Seviper|20/287\n|-heal|p2a: Muk|122/321|[from] drain|[of] p1a: Seviper\n|\n|-heal|p1a: Seviper|37/287|[from] item: Leftovers\n|upkeep\n|turn|19\n|\n|t:|1733916684\n|move|p1a: Seviper|Earthquake|p2a: Muk\n|-supereffective|p2a: Muk\n|-damage|p2a: Muk|0 fnt\n|faint|p2a: Muk\n|\n|-heal|p1a: Seviper|54/287|[from] item: Leftovers\n|upkeep\n|\n|t:|1733916686\n|switch|p2a: Eelektross|Eelektross, L87, M|110/290\n|-damage|p2a: Eelektross|74/290|[from] Stealth Rock\n|turn|20\n|\n|t:|1733916690\n|move|p1a: Seviper|Gunk Shot|p2a: Eelektross\n|-damage|p2a: Eelektross|0 fnt\n|faint|p2a: Eelektross\n|\n|win|hiroakiruby\n|raw|hiroakiruby's rating: 1727 &rarr; <strong>1745</strong><br />(+18 for winning)\n|raw|Chargedcoin's rating: 1697 &rarr; <strong>1679</strong><br />(-18 for losing)\n|l|\u2606Chargedcoin\n|player|p2|\n", "inputlog": ">version bfd83cad13791eb5a5a409923076391caf6fb4d4\n>start {\"formatid\":\"gen9randombattle\",\"seed\":[62301,14788,8949,34067],\"rated\":\"Rated battle\"}\n>player p1 {\"name\":\"hiroakiruby\",\"avatar\":\"265\",\"rating\":1727,\"seed\":[54551,34280,8951,41621]}\n>player p2 {\"name\":\"Chargedcoin\",\"avatar\":\"170\",\"rating\":1697,\"seed\":[26459,35905,49061,3664]}\n>p1 move quiverdance terastallize\n>p2 switch 5\n>p1 move terablast\n>p2 move earthquake\n>p1 move terablast\n>p2 switch 6\n>p1 move moonblast\n>p2 move gigadrain\n>p1 switch 2\n>p1 move gunkshot\n>p2 move uturn\n>p2 switch 6\n>p1 switch 6\n>p1 move knockoff\n>p2 move willowisp\n>p1 move stealthrock\n>p2 move overheat\n>p1 move earthquake\n>p2 move earthquake\n>p2 switch 4\n>p1 move rapidspin\n>p2 move stickyweb\n>p1 move rapidspin\n>p2 move gigadrain\n>p1 switch 3\n>p1 move fierydance\n>p2 move thunder\n>p2 switch 3\n>p1 move fierydance\n>p2 move rocktomb\n>p1 switch 4\n>p1 move gunkshot\n>p2 move swordsdance terastallize\n>p1 move earthquake\n>p2 move rocktomb\n>p2 switch 5\n>p1 move gunkshot\n>p2 move earthpower\n>p1 move gunkshot\n>p2 move calmmind\n>p1 move gunkshot\n>p2 move earthpower\n>p2 switch 2\n>p1 move earthquake\n>p2 move drainpunch\n>p1 move earthquake\n>p2 move drainpunch\n>p2 switch 6\n>p1 move gunkshot\n>p2 move discharge", "uploadtime": 1733916697, "views": 2, "formatid": "gen9randombattle", "rating": 1679, "private": 0, "password": null}