{"id": "gen9randombattle-2260828910", "format": "[Gen 9] Random Battle", "players": ["voltairejoestar", "caca1050"], "log": "|j|\u2606voltairejoestar\n|j|\u2606caca1050\n|t:|1733899684\n|gametype|singles\n|player|p1|voltairejoestar|266|\n|player|p2|caca1050|2|\n|teamsize|p1|6\n|teamsize|p2|6\n|gen|9\n|tier|[Gen 9] Random Battle\n|rule|Species Clause: Limit one of each Pok\u00e9mon\n|rule|HP Percentage Mod: HP is shown in percentages\n|rule|Sleep Clause Mod: Limit one foe put to sleep\n|rule|Illusion Level Mod: Illusion disguises the Pok\u00e9mon's true level\n|\n|t:|1733899684\n|start\n|switch|p1a: Dusknoir|Dusknoir, L89, M|225/225\n|switch|p2a: Sandaconda|Sandaconda, L84, F|258/258\n|-item|p2a: Sandaconda|Loaded Dice|[from] ability: Frisk|[of] p1a: Dusknoir\n|turn|1\n|\n|t:|1733899705\n|move|p2a: Sandaconda|Coil|p2a: Sandaconda\n|-boost|p2a: Sandaconda|atk|1\n|-boost|p2a: Sandaconda|def|1\n|-boost|p2a: Sandaconda|accuracy|1\n|move|p1a: Dusknoir|Will-O-Wisp|p2a: Sandaconda|[miss]\n|-miss|p1a: Dusknoir|p2a: Sandaconda\n|\n|upkeep\n|turn|2\n|\n|t:|1733899720\n|move|p2a: Sandaconda|Earthquake|p1a: Dusknoir\n|-damage|p1a: Dusknoir|108/225\n|move|p1a: Dusknoir|Will-O-Wisp|p2a: Sandaconda|[miss]\n|-miss|p1a: Dusknoir|p2a: Sandaconda\n|\n|-heal|p1a: Dusknoir|122/225|[from] item: Leftovers\n|upkeep\n|turn|3\n|\n|t:|1733899731\n|move|p2a: Sandaconda|Rock Blast|p1a: Dusknoir\n|-damage|p1a: Dusknoir|101/225\n|-damage|p1a: Dusknoir|82/225\n|-damage|p1a: Dusknoir|63/225\n|-damage|p1a: Dusknoir|43/225\n|-hitcount|p1a: Dusknoir|4\n|move|p1a: Dusknoir|Will-O-Wisp|p2a: Sandaconda\n|-status|p2a: Sandaconda|brn\n|\n|-heal|p1a: Dusknoir|57/225|[from] item: Leftovers\n|-damage|p2a: Sandaconda|242/258 brn|[from] brn\n|upkeep\n|turn|4\n|\n|t:|1733899752\n|move|p2a: Sandaconda|Earthquake|p1a: Dusknoir\n|-damage|p1a: Dusknoir|0 fnt\n|faint|p1a: Dusknoir\n|\n|-damage|p2a: Sandaconda|226/258 brn|[from] brn\n|upkeep\n|\n|t:|1733899763\n|switch|p1a: Toedscruel|Toedscruel, L87, M|281/281\n|turn|5\n|\n|t:|1733899769\n|move|p1a: Toedscruel|Leaf Storm|p2a: Sandaconda|[miss]\n|-miss|p1a: Toedscruel|p2a: Sandaconda\n|move|p2a: Sandaconda|Scale Shot|p1a: Toedscruel\n|-damage|p1a: Toedscruel|264/281\n|-damage|p1a: Toedscruel|248/281\n|-damage|p1a: Toedscruel|230/281\n|-damage|p1a: Toedscruel|214/281\n|-damage|p1a: Toedscruel|196/281\n|-hitcount|p1a: Toedscruel|5\n|-unboost|p2a: Sandaconda|def|1\n|-boost|p2a: Sandaconda|spe|1\n|\n|-heal|p1a: Toedscruel|213/281|[from] item: Leftovers\n|-damage|p2a: Sandaconda|210/258 brn|[from] brn\n|upkeep\n|turn|6\n|\n|t:|1733899798\n|move|p2a: Sandaconda|Rock Blast|p1a: Toedscruel\n|-resisted|p1a: Toedscruel\n|-damage|p1a: Toedscruel|204/281\n|-resisted|p1a: Toedscruel\n|-damage|p1a: Toedscruel|195/281\n|-resisted|p1a: Toedscruel\n|-damage|p1a: Toedscruel|187/281\n|-resisted|p1a: Toedscruel\n|-damage|p1a: Toedscruel|179/281\n|-resisted|p1a: Toedscruel\n|-damage|p1a: Toedscruel|171/281\n|-hitcount|p1a: Toedscruel|5\n|move|p1a: Toedscruel|Leaf Storm|p2a: Sandaconda\n|-supereffective|p2a: Sandaconda\n|-damage|p2a: Sandaconda|0 fnt\n|-unboost|p1a: Toedscruel|spa|2\n|faint|p2a: Sandaconda\n|\n|-heal|p1a: Toedscruel|188/281|[from] item: Leftovers\n|upkeep\n|\n|t:|1733899827\n|switch|p2a: Lapras|Lapras, L87, M|367/367\n|turn|7\n|\n|t:|1733899839\n|switch|p1a: Minun|Minun, L95, M|268/268\n|-terastallize|p2a: Lapras|Ice\n|move|p2a: Lapras|Ice Beam|p1a: Minun\n|-damage|p1a: Minun|110/268\n|\n|upkeep\n|turn|8\n|\n|t:|1733899851\n|move|p1a: Minun|Thunderbolt|p2a: Lapras\n|-damage|p2a: Lapras|250/367\n|-damage|p1a: Minun|84/268|[from] item: Life Orb\n|move|p2a: Lapras|Ice Beam|p1a: Minun\n|-damage|p1a: Minun|0 fnt\n|faint|p1a: Minun\n|\n|upkeep\n|\n|t:|1733899862\n|switch|p1a: Illumise|Illumise, L91, F|266/266\n|turn|9\n|\n|t:|1733899869\n|move|p1a: Illumise|Thunder Wave|p2a: Lapras\n|-status|p2a: Lapras|par\n|move|p2a: Lapras|Ice Beam|p1a: Illumise\n|-damage|p1a: Illumise|84/266\n|\n|upkeep\n|turn|10\n|\n|t:|1733899880\n|-terastallize|p1a: Illumise|Steel\n|move|p1a: Illumise|Roost|p1a: Illumise\n|-heal|p1a: Illumise|217/266\n|cant|p2a: Lapras|par\n|\n|upkeep\n|turn|11\n|\n|t:|1733899893\n|move|p1a: Illumise|Encore|p2a: Lapras\n|-start|p2a: Lapras|Encore\n|move|p2a: Lapras|Ice Beam|p1a: Illumise\n|-resisted|p1a: Illumise\n|-damage|p1a: Illumise|124/266\n|-status|p1a: Illumise|frz\n|\n|upkeep\n|turn|12\n|\n|t:|1733899903\n|cant|p1a: Illumise|frz\n|move|p2a: Lapras|Ice Beam|p1a: Illumise\n|-resisted|p1a: Illumise\n|-damage|p1a: Illumise|38/266 frz\n|\n|upkeep\n|turn|13\n|\n|t:|1733899912\n|-curestatus|p1a: Illumise|frz|[msg]\n|move|p1a: Illumise|Roost|p1a: Illumise\n|-heal|p1a: Illumise|171/266\n|move|p2a: Lapras|Ice Beam|p1a: Illumise\n|-resisted|p1a: Illumise\n|-damage|p1a: Illumise|90/266\n|\n|-end|p2a: Lapras|Encore\n|upkeep\n|turn|14\n|\n|t:|1733899925\n|move|p1a: Illumise|Roost|p1a: Illumise\n|-heal|p1a: Illumise|223/266\n|move|p2a: Lapras|Ice Beam|p1a: Illumise\n|-resisted|p1a: Illumise\n|-damage|p1a: Illumise|140/266\n|\n|upkeep\n|turn|15\n|\n|t:|1733899934\n|move|p1a: Illumise|Roost|p1a: Illumise\n|-heal|p1a: Illumise|266/266\n|move|p2a: Lapras|Ice Beam|p1a: Illumise\n|-resisted|p1a: Illumise\n|-damage|p1a: Illumise|176/266\n|\n|upkeep\n|turn|16\n|\n|t:|1733899943\n|move|p1a: Illumise|Roost|p1a: Illumise\n|-heal|p1a: Illumise|266/266\n|cant|p2a: Lapras|par\n|\n|upkeep\n|turn|17\n|\n|t:|1733899952\n|move|p1a: Illumise|Encore|p2a: Lapras\n|-start|p2a: Lapras|Encore\n|cant|p2a: Lapras|par\n|\n|upkeep\n|turn|18\n|\n|t:|1733899959\n|move|p1a: Illumise|Bug Buzz|p2a: Lapras\n|-damage|p2a: Lapras|168/367 par\n|move|p2a: Lapras|Ice Beam|p1a: Illumise\n|-resisted|p1a: Illumise\n|-damage|p1a: Illumise|186/266\n|\n|upkeep\n|turn|19\n|\n|t:|1733899969\n|move|p1a: Illumise|Bug Buzz|p2a: Lapras\n|-damage|p2a: Lapras|90/367 par\n|-unboost|p2a: Lapras|spd|1\n|move|p2a: Lapras|Ice Beam|p1a: Illumise\n|-resisted|p1a: Illumise\n|-damage|p1a: Illumise|96/266\n|\n|-end|p2a: Lapras|Encore\n|upkeep\n|turn|20\n|\n|t:|1733899982\n|move|p1a: Illumise|Roost|p1a: Illumise\n|-heal|p1a: Illumise|229/266\n|cant|p2a: Lapras|par\n|\n|upkeep\n|turn|21\n|\n|t:|1733899992\n|move|p1a: Illumise|Bug Buzz|p2a: Lapras\n|-damage|p2a: Lapras|0 fnt\n|faint|p2a: Lapras\n|\n|upkeep\n|\n|t:|1733900031\n|switch|p2a: Gothitelle|Gothitelle, L90, F|272/272\n|turn|22\n|\n|t:|1733900045\n|move|p1a: Illumise|Bug Buzz|p2a: Gothitelle\n|-supereffective|p2a: Gothitelle\n|-damage|p2a: Gothitelle|138/272\n|move|p2a: Gothitelle|Focus Blast|p1a: Illumise\n|-supereffective|p1a: Illumise\n|-damage|p1a: Illumise|37/266\n|\n|-heal|p2a: Gothitelle|155/272|[from] item: Leftovers\n|upkeep\n|turn|23\n|\n|t:|1733900064\n|move|p1a: Illumise|Roost|p1a: Illumise\n|-heal|p1a: Illumise|170/266\n|move|p2a: Gothitelle|Focus Blast|p1a: Illumise\n|-supereffective|p1a: Illumise\n|-damage|p1a: Illumise|0 fnt\n|faint|p1a: Illumise\n|\n|-heal|p2a: Gothitelle|172/272|[from] item: Leftovers\n|upkeep\n|\n|t:|1733900081\n|switch|p1a: Pecharunt|Pecharunt, L77|262/262\n|turn|24\n|\n|t:|1733900087\n|move|p1a: Pecharunt|Shadow Ball|p2a: Gothitelle\n|-supereffective|p2a: Gothitelle\n|-damage|p2a: Gothitelle|74/272\n|-unboost|p2a: Gothitelle|spd|1\n|move|p2a: Gothitelle|Thunder Wave|p1a: Pecharunt\n|-status|p1a: Pecharunt|par\n|\n|-heal|p2a: Gothitelle|91/272|[from] item: Leftovers\n|upkeep\n|turn|25\n|\n|t:|1733900111\n|move|p2a: Gothitelle|Psychic Noise|p1a: Pecharunt\n|-supereffective|p1a: Pecharunt\n|-damage|p1a: Pecharunt|62/262 par\n|-start|p1a: Pecharunt|move: Heal Block\n|cant|p1a: Pecharunt|par\n|\n|-heal|p2a: Gothitelle|108/272|[from] item: Leftovers\n|upkeep\n|turn|26\n|\n|t:|1733900127\n|switch|p1a: Masquerain|Masquerain, L87, F|264/264\n|-ability|p1a: Masquerain|Intimidate|boost\n|-unboost|p2a: Gothitelle|atk|1\n|move|p2a: Gothitelle|Psychic Noise|p1a: Masquerain\n|-damage|p1a: Masquerain|168/264\n|-start|p1a: Masquerain|move: Heal Block\n|\n|-heal|p2a: Gothitelle|125/272|[from] item: Leftovers\n|upkeep\n|turn|27\n|\n|t:|1733900157\n|move|p1a: Masquerain|Bug Buzz|p2a: Gothitelle\n|-supereffective|p2a: Gothitelle\n|-damage|p2a: Gothitelle|0 fnt\n|faint|p2a: Gothitelle\n|\n|-end|p1a: Masquerain|move: Heal Block\n|upkeep\n|\n|t:|1733900168\n|switch|p2a: Mesprit|Mesprit, L85|275/275\n|turn|28\n|\n|t:|1733900177\n|move|p1a: Masquerain|Bug Buzz|p2a: Mesprit\n|-supereffective|p2a: Mesprit\n|-damage|p2a: Mesprit|105/275\n|move|p2a: Mesprit|Thunder Wave|p1a: Masquerain\n|-status|p1a: Masquerain|par\n|\n|-heal|p2a: Mesprit|122/275|[from] item: Leftovers\n|upkeep\n|turn|29\n|\n|t:|1733900229\n|move|p2a: Mesprit|Knock Off|p1a: Masquerain\n|-damage|p1a: Masquerain|71/264 par\n|-enditem|p1a: Masquerain|Heavy-Duty Boots|[from] move: Knock Off|[of] p2a: Mesprit\n|move|p1a: Masquerain|Bug Buzz|p2a: Mesprit\n|-supereffective|p2a: Mesprit\n|-damage|p2a: Mesprit|0 fnt\n|faint|p2a: Mesprit\n|\n|upkeep\n|\n|t:|1733900239\n|switch|p2a: Terapagos|Terapagos, L76, F|262/262\n|-activate|p2a: Terapagos|ability: Tera Shift\n|detailschange|p2a: Terapagos|Terapagos-Terastal, L76, F\n|-heal|p2a: Terapagos|269/269|[silent]\n|turn|30\n|\n|t:|1733900254\n|move|p2a: Terapagos|Dark Pulse|p1a: Masquerain\n|-damage|p1a: Masquerain|16/264 par\n|move|p1a: Masquerain|Sticky Web|p2a: Terapagos\n|-sidestart|p2: caca1050|move: Sticky Web\n|\n|upkeep\n|turn|31\n|\n|t:|1733900265\n|move|p2a: Terapagos|Dark Pulse|p1a: Masquerain\n|-damage|p1a: Masquerain|0 fnt\n|faint|p1a: Masquerain\n|\n|upkeep\n|\n|t:|1733900276\n|switch|p1a: Pecharunt|Pecharunt, L77|62/262 par\n|turn|32\n|\n|t:|1733900287\n|move|p2a: Terapagos|Dark Pulse|p1a: Pecharunt\n|-supereffective|p1a: Pecharunt\n|-damage|p1a: Pecharunt|0 fnt\n|faint|p1a: Pecharunt\n|\n|upkeep\n|\n|t:|1733900297\n|switch|p1a: Toedscruel|Toedscruel, L87, M|188/281\n|turn|33\n|\n|t:|1733900318\n|move|p2a: Terapagos|Tera Starstorm|p1a: Toedscruel\n|-damage|p1a: Toedscruel|95/281\n|move|p1a: Toedscruel|Toxic|p2a: Terapagos\n|-status|p2a: Terapagos|tox\n|\n|-heal|p1a: Toedscruel|112/281|[from] item: Leftovers\n|-damage|p2a: Terapagos|253/269 tox|[from] psn\n|upkeep\n|turn|34\n|\n|t:|1733900343\n|move|p1a: Toedscruel|Leaf Storm|p2a: Terapagos\n|-damage|p2a: Terapagos|129/269 tox\n|-unboost|p1a: Toedscruel|spa|2\n|move|p2a: Terapagos|Tera Starstorm|p1a: Toedscruel\n|-damage|p1a: Toedscruel|27/281\n|\n|-heal|p1a: Toedscruel|44/281|[from] item: Leftovers\n|-damage|p2a: Terapagos|97/269 tox|[from] psn\n|upkeep\n|turn|35\n|\n|t:|1733900377\n|move|p1a: Toedscruel|Leaf Storm|p2a: Terapagos\n|-damage|p2a: Terapagos|37/269 tox\n|-unboost|p1a: Toedscruel|spa|2\n|move|p2a: Terapagos|Tera Starstorm|p1a: Toedscruel\n|-damage|p1a: Toedscruel|0 fnt\n|faint|p1a: Toedscruel\n|\n|win|caca1050\n", "inputlog": ">version bfd83cad13791eb5a5a409923076391caf6fb4d4\n>start {\"formatid\":\"gen9randombattle\",\"seed\":[10516,40917,17677,47446]}\n>player p1 {\"name\":\"voltairejoestar\",\"avatar\":\"266\",\"rating\":0,\"seed\":[45879,29392,15600,16087]}\n>player p2 {\"name\":\"caca1050\",\"avatar\":\"2\",\"rating\":0,\"seed\":[64162,34312,160,29348]}\n>p1 move willowisp\n>p2 move coil\n>p1 move willowisp\n>p2 move earthquake\n>p1 move willowisp\n>p2 move rockblast\n>p1 move poltergeist\n>p2 move earthquake\n>p1 switch 5\n>p1 move leafstorm\n>p2 move scaleshot\n>p1 move leafstorm\n>p2 move rockblast\n>p2 switch 4\n>p1 switch 2\n>p2 move icebeam terastallize\n>p1 move thunderbolt\n>p2 move icebeam\n>p1 switch 4\n>p1 move thunderwave\n>p2 move icebeam\n>p1 move roost terastallize\n>p2 move icebeam\n>p1 move encore\n>p2 move icebeam\n>p1 move roost\n>p2 move icebeam\n>p1 move roost\n>p2 move icebeam\n>p1 move roost\n>p2 move icebeam\n>p1 move roost\n>p2 move icebeam\n>p1 move roost\n>p2 move icebeam\n>p1 move encore\n>p2 move icebeam\n>p1 move bugbuzz\n>p2 move icebeam\n>p1 move bugbuzz\n>p2 move icebeam\n>p1 move roost\n>p2 move icebeam\n>p1 move bugbuzz\n>p2 move icebeam\n>p2 switch 3\n>p1 move bugbuzz\n>p2 move focusblast\n>p1 move roost\n>p2 move focusblast\n>p1 switch 6\n>p1 move shadowball\n>p2 move thunderwave\n>p1 move shadowball\n>p2 move psychicnoise\n>p1 switch 3\n>p2 move psychicnoise\n>p1 move bugbuzz\n>p2 move thunderwave\n>p2 switch 2\n>p1 move bugbuzz\n>p2 move thunderwave\n>p1 move bugbuzz\n>p2 move knockoff\n>p2 switch 5\n>p1 move stickyweb\n>p2 move darkpulse\n>p1 move hurricane\n>p2 move darkpulse\n>p1 switch 3\n>p1 move malignantchain\n>p2 move darkpulse\n>p1 switch 2\n>p1 move toxic\n>p2 move terastarstorm\n>p1 move leafstorm\n>p2 move terastarstorm\n>p1 move leafstorm\n>p2 move terastarstorm", "uploadtime": 1733900393, "views": 1, "formatid": "gen9randombattle", "rating": null, "private": 0, "password": null}