{"id": "gen9randombattle-2230527212", "format": "[Gen 9] Random Battle", "players": ["garlash daddy", "merry24"], "log": "|j|\u2606garlash daddy\n|j|\u2606merry24\n|t:|1729846912\n|gametype|singles\n|player|p1|garlash daddy|clair|2199\n|player|p2|merry24|clerkf|2282\n|teamsize|p1|6\n|teamsize|p2|6\n|gen|9\n|tier|[Gen 9] Random Battle\n|rated|\n|rule|Species Clause: Limit one of each Pok\u00e9mon\n|rule|HP Percentage Mod: HP is shown in percentages\n|rule|Sleep Clause Mod: Limit one foe put to sleep\n|rule|Illusion Level Mod: Illusion disguises the Pok\u00e9mon's true level\n|\n|t:|1729846912\n|start\n|switch|p1a: Hitmonlee|Hitmonlee, L85, M|224/224\n|switch|p2a: Victreebel|Victreebel, L90, M|290/290\n|turn|1\n|inactive|Battle timer is ON: inactive players will automatically lose when time's up. (requested by garlash daddy)\n|inactive|garlash daddy has 120 seconds left.\n|\n|t:|1729846942\n|switch|p1a: Fezandipiti|Fezandipiti, L82, M|278/278\n|move|p2a: Victreebel|Sunny Day|p2a: Victreebel\n|-weather|SunnyDay\n|\n|-weather|SunnyDay|[upkeep]\n|upkeep\n|turn|2\n|\n|t:|1729846954\n|move|p2a: Victreebel|Weather Ball|p1a: Fezandipiti\n|-damage|p1a: Fezandipiti|195/278\n|-damage|p2a: Victreebel|261/290|[from] item: Life Orb\n|move|p1a: Fezandipiti|Heat Wave|p2a: Victreebel\n|-supereffective|p2a: Victreebel\n|-crit|p2a: Victreebel\n|-damage|p2a: Victreebel|25/290\n|\n|-weather|SunnyDay|[upkeep]\n|upkeep\n|turn|3\n|\n|t:|1729846960\n|move|p2a: Victreebel|Weather Ball|p1a: Fezandipiti\n|-damage|p1a: Fezandipiti|116/278\n|-damage|p2a: Victreebel|0 fnt|[from] item: Life Orb\n|faint|p2a: Victreebel\n|move|p1a: Fezandipiti|Beat Up|p2: Victreebel|[notarget]\n|-fail|p1a: Fezandipiti\n|\n|-weather|SunnyDay|[upkeep]\n|upkeep\n|\n|t:|1729846966\n|switch|p2a: Kleavor|Kleavor, L78, F|237/237\n|turn|4\n|\n|t:|1729846983\n|switch|p1a: Rhydon|Rhydon, L85, M|317/317\n|move|p2a: Kleavor|Stone Axe|p1a: Rhydon\n|-resisted|p1a: Rhydon\n|-damage|p1a: Rhydon|287/317\n|-sidestart|p1: garlash daddy|move: Stealth Rock\n|\n|-weather|SunnyDay|[upkeep]\n|upkeep\n|turn|5\n|\n|t:|1729846989\n|switch|p2a: Donphan|Donphan, L84, F|288/288\n|move|p1a: Rhydon|Stealth Rock|p2a: Donphan\n|-sidestart|p2: merry24|move: Stealth Rock\n|\n|-weather|none\n|upkeep\n|turn|6\n|\n|t:|1729846994\n|switch|p1a: Araquanid|Araquanid, L82, F|246/246\n|move|p2a: Donphan|Rapid Spin|p1a: Araquanid\n|-damage|p1a: Araquanid|206/246\n|-boost|p2a: Donphan|spe|1\n|-sideend|p2: merry24|Stealth Rock|[from] move: Rapid Spin|[of] p2a: Donphan\n|\n|upkeep\n|turn|7\n|\n|t:|1729847003\n|switch|p2a: Kleavor|Kleavor, L78, F|237/237\n|move|p1a: Araquanid|Hydro Pump|p2a: Kleavor\n|-supereffective|p2a: Kleavor\n|-crit|p2a: Kleavor\n|-damage|p2a: Kleavor|0 fnt\n|faint|p2a: Kleavor\n|\n|upkeep\n|\n|t:|1729847013\n|switch|p2a: Vigoroth|Vigoroth, L85, M|275/275\n|turn|8\n|\n|t:|1729847021\n|switch|p1a: Fezandipiti|Fezandipiti, L82, M|116/278\n|-damage|p1a: Fezandipiti|82/278|[from] Stealth Rock\n|move|p2a: Vigoroth|Bulk Up|p2a: Vigoroth\n|-boost|p2a: Vigoroth|atk|1\n|-boost|p2a: Vigoroth|def|1\n|\n|upkeep\n|turn|9\n|\n|t:|1729847044\n|move|p1a: Fezandipiti|Beat Up|p2a: Vigoroth\n|-damage|p2a: Vigoroth|270/275\n|-damage|p2a: Vigoroth|264/275\n|-damage|p2a: Vigoroth|259/275\n|-status|p2a: Vigoroth|tox|[from] ability: Toxic Chain|[of] p1a: Fezandipiti\n|-damage|p2a: Vigoroth|253/275 tox\n|-damage|p2a: Vigoroth|249/275 tox\n|-damage|p2a: Vigoroth|244/275 tox\n|-hitcount|p2a: Vigoroth|6\n|move|p2a: Vigoroth|Body Slam|p1a: Fezandipiti\n|-damage|p1a: Fezandipiti|0 fnt\n|faint|p1a: Fezandipiti\n|\n|-damage|p2a: Vigoroth|227/275 tox|[from] psn\n|upkeep\n|\n|t:|1729847056\n|switch|p1a: Rhydon|Rhydon, L85, M|287/317\n|-damage|p1a: Rhydon|268/317|[from] Stealth Rock\n|turn|10\n|\n|t:|1729847059\n|move|p2a: Vigoroth|Knock Off|p1a: Rhydon\n|-damage|p1a: Rhydon|217/317\n|-enditem|p1a: Rhydon|Eviolite|[from] move: Knock Off|[of] p2a: Vigoroth\n|move|p1a: Rhydon|Earthquake|p2a: Vigoroth\n|-damage|p2a: Vigoroth|161/275 tox\n|\n|-damage|p2a: Vigoroth|127/275 tox|[from] psn\n|upkeep\n|turn|11\n|\n|t:|1729847072\n|move|p2a: Vigoroth|Body Slam|p1a: Rhydon\n|-resisted|p1a: Rhydon\n|-damage|p1a: Rhydon|172/317\n|move|p1a: Rhydon|Stealth Rock|p2a: Vigoroth\n|-sidestart|p2: merry24|move: Stealth Rock\n|\n|-damage|p2a: Vigoroth|76/275 tox|[from] psn\n|upkeep\n|turn|12\n|\n|t:|1729847077\n|move|p2a: Vigoroth|Body Slam|p1a: Rhydon\n|-resisted|p1a: Rhydon\n|-damage|p1a: Rhydon|123/317\n|move|p1a: Rhydon|Earthquake|p2a: Vigoroth\n|-damage|p2a: Vigoroth|9/275 tox\n|\n|-damage|p2a: Vigoroth|0 fnt|[from] psn\n|faint|p2a: Vigoroth\n|upkeep\n|\n|t:|1729847085\n|switch|p2a: Donphan|Donphan, L84, F|288/288\n|-damage|p2a: Donphan|270/288|[from] Stealth Rock\n|turn|13\n|\n|t:|1729847088\n|switch|p1a: Araquanid|Araquanid, L82, F|206/246\n|move|p2a: Donphan|Rapid Spin|p1a: Araquanid\n|-crit|p1a: Araquanid\n|-damage|p1a: Araquanid|147/246\n|-boost|p2a: Donphan|spe|1\n|-sideend|p2: merry24|Stealth Rock|[from] move: Rapid Spin|[of] p2a: Donphan\n|\n|-heal|p2a: Donphan|288/288|[from] item: Leftovers\n|upkeep\n|turn|14\n|\n|t:|1729847098\n|move|p2a: Donphan|Earthquake|p1a: Araquanid\n|-resisted|p1a: Araquanid\n|-damage|p1a: Araquanid|89/246\n|move|p1a: Araquanid|Liquidation|p2a: Donphan\n|-supereffective|p2a: Donphan\n|-damage|p2a: Donphan|64/288\n|\n|-heal|p2a: Donphan|82/288|[from] item: Leftovers\n|upkeep\n|turn|15\n|\n|t:|1729847105\n|move|p2a: Donphan|Earthquake|p1a: Araquanid\n|-resisted|p1a: Araquanid\n|-damage|p1a: Araquanid|25/246\n|move|p1a: Araquanid|Liquidation|p2a: Donphan\n|-supereffective|p2a: Donphan\n|-damage|p2a: Donphan|0 fnt\n|faint|p2a: Donphan\n|\n|upkeep\n|\n|t:|1729847110\n|switch|p2a: Gothitelle|Gothitelle, L90, M|272/272\n|turn|16\n|\n|t:|1729847118\n|move|p2a: Gothitelle|Psychic Noise|p1a: Araquanid\n|-damage|p1a: Araquanid|0 fnt\n|faint|p1a: Araquanid\n|\n|upkeep\n|\n|t:|1729847125\n|switch|p1a: Enamorus|Enamorus-Therian, L83, F|259/259\n|-damage|p1a: Enamorus|195/259|[from] Stealth Rock\n|turn|17\n|\n|t:|1729847154\n|move|p2a: Gothitelle|Calm Mind|p2a: Gothitelle\n|-boost|p2a: Gothitelle|spa|1\n|-boost|p2a: Gothitelle|spd|1\n|move|p1a: Enamorus|Moonblast|p2a: Gothitelle\n|-damage|p2a: Gothitelle|206/272\n|-unboost|p2a: Gothitelle|spa|1\n|\n|-heal|p2a: Gothitelle|223/272|[from] item: Leftovers\n|upkeep\n|turn|18\n|\n|t:|1729847168\n|move|p2a: Gothitelle|Calm Mind|p2a: Gothitelle\n|-boost|p2a: Gothitelle|spa|1\n|-boost|p2a: Gothitelle|spd|1\n|move|p1a: Enamorus|Moonblast|p2a: Gothitelle\n|-damage|p2a: Gothitelle|172/272\n|\n|-heal|p2a: Gothitelle|189/272|[from] item: Leftovers\n|upkeep\n|turn|19\n|\n|t:|1729847175\n|move|p2a: Gothitelle|Thunderbolt|p1a: Enamorus\n|-supereffective|p1a: Enamorus\n|-damage|p1a: Enamorus|55/259\n|move|p1a: Enamorus|Moonblast|p2a: Gothitelle\n|-damage|p2a: Gothitelle|132/272\n|-unboost|p2a: Gothitelle|spa|1\n|\n|-heal|p2a: Gothitelle|149/272|[from] item: Leftovers\n|upkeep\n|turn|20\n|\n|t:|1729847184\n|move|p2a: Gothitelle|Thunderbolt|p1a: Enamorus\n|-supereffective|p1a: Enamorus\n|-damage|p1a: Enamorus|0 fnt\n|faint|p1a: Enamorus\n|\n|-heal|p2a: Gothitelle|166/272|[from] item: Leftovers\n|upkeep\n|\n|t:|1729847187\n|switch|p1a: Hitmonlee|Hitmonlee, L85, M|224/224\n|-damage|p1a: Hitmonlee|210/224|[from] Stealth Rock\n|turn|21\n|inactive|garlash daddy has 120 seconds left.\n|\n|t:|1729847242\n|move|p1a: Hitmonlee|Knock Off|p2a: Gothitelle\n|-supereffective|p2a: Gothitelle\n|-crit|p2a: Gothitelle\n|-damage|p2a: Gothitelle|0 fnt\n|-enditem|p2a: Gothitelle|Leftovers|[from] move: Knock Off|[of] p1a: Hitmonlee\n|faint|p2a: Gothitelle\n|\n|upkeep\n|\n|t:|1729847246\n|switch|p2a: Minior|Minior-Green, L79|224/224\n|-formechange|p2a: Minior|Minior-Meteor||[from] ability: Shields Down\n|turn|22\n|\n|t:|1729847251\n|move|p1a: Hitmonlee|Close Combat|p2a: Minior\n|-damage|p2a: Minior|83/224\n|-unboost|p1a: Hitmonlee|def|1\n|-unboost|p1a: Hitmonlee|spd|1\n|-enditem|p1a: Hitmonlee|White Herb\n|-clearnegativeboost|p1a: Hitmonlee|[silent]\n|move|p2a: Minior|Shell Smash|p2a: Minior\n|-unboost|p2a: Minior|def|1\n|-unboost|p2a: Minior|spd|1\n|-boost|p2a: Minior|atk|2\n|-boost|p2a: Minior|spa|2\n|-boost|p2a: Minior|spe|2\n|-enditem|p2a: Minior|White Herb\n|-clearnegativeboost|p2a: Minior|[silent]\n|\n|-formechange|p2a: Minior|Minior-Green||[from] ability: Shields Down\n|upkeep\n|turn|23\n|inactive|garlash daddy has 120 seconds left.\n|\n|t:|1729847278\n|move|p2a: Minior|Acrobatics|p1a: Hitmonlee\n|-supereffective|p1a: Hitmonlee\n|-damage|p1a: Hitmonlee|0 fnt\n|faint|p1a: Hitmonlee\n|\n|upkeep\n|\n|t:|1729847280\n|switch|p1a: Clodsire|Clodsire, L81, F|343/343\n|-damage|p1a: Clodsire|322/343|[from] Stealth Rock\n|turn|24\n|\n|t:|1729847284\n|-terastallize|p2a: Minior|Ground\n|-terastallize|p1a: Clodsire|Flying\n|move|p2a: Minior|Earthquake|p1a: Clodsire\n|-immune|p1a: Clodsire\n|move|p1a: Clodsire|Toxic|p2a: Minior\n|-status|p2a: Minior|tox\n|\n|-heal|p1a: Clodsire|343/343|[from] item: Leftovers\n|-damage|p2a: Minior|69/224 tox|[from] psn\n|upkeep\n|turn|25\n|\n|t:|1729847292\n|move|p2a: Minior|Power Gem|p1a: Clodsire\n|-supereffective|p1a: Clodsire\n|-damage|p1a: Clodsire|49/343\n|move|p1a: Clodsire|Recover|p1a: Clodsire\n|-heal|p1a: Clodsire|221/343\n|\n|-heal|p1a: Clodsire|242/343|[from] item: Leftovers\n|-damage|p2a: Minior|41/224 tox|[from] psn\n|upkeep\n|turn|26\n|\n|t:|1729847302\n|move|p2a: Minior|Power Gem|p1a: Clodsire\n|-supereffective|p1a: Clodsire\n|-damage|p1a: Clodsire|0 fnt\n|faint|p1a: Clodsire\n|\n|-damage|p2a: Minior|0 fnt|[from] psn\n|faint|p2a: Minior\n|\n|win|garlash daddy\n|upkeep\n|raw|garlash daddy's rating: 2199 &rarr; <strong>2224</strong><br />(+25 for winning)\n|raw|merry24's rating: 2282 &rarr; <strong>2257</strong><br />(-25 for losing)\n", "inputlog": ">version f848a9fd958ec8f1ca6a9f7c452a4b12c3110db6\n>start {\"formatid\":\"gen9randombattle\",\"seed\":[8919,33200,6115,30300],\"rated\":\"Rated battle\"}\n>player p1 {\"name\":\"garlash daddy\",\"avatar\":\"clair\",\"rating\":2199,\"seed\":[20205,7064,10213,5114]}\n>player p2 {\"name\":\"merry24\",\"avatar\":\"clerkf\",\"rating\":2282,\"seed\":[33573,31324,47149,31847]}\n>p1 switch 2\n>p2 move sunnyday\n>p1 move heatwave\n>p2 move weatherball\n>p1 move beatup\n>p2 move weatherball\n>p2 switch 6\n>p1 switch 5\n>p2 move stoneaxe\n>p1 move stealthrock\n>p2 switch 3\n>p1 switch 4\n>p2 move rapidspin\n>p1 move hydropump\n>p2 switch 3\n>p2 switch 2\n>p1 switch 5\n>p2 move bulkup\n>p1 move beatup\n>p2 move bodyslam\n>p1 switch 4\n>p1 move earthquake\n>p2 move knockoff\n>p1 move stealthrock\n>p2 move bodyslam\n>p1 move earthquake\n>p2 move bodyslam\n>p2 switch 3\n>p1 switch 5\n>p2 move rapidspin\n>p1 move liquidation\n>p2 move earthquake\n>p1 move liquidation\n>p2 move earthquake\n>p2 switch 5\n>p1 move leechlife\n>p2 move psychicnoise\n>p1 switch 6\n>p1 move moonblast\n>p2 move calmmind\n>p1 move moonblast\n>p2 move calmmind\n>p1 move moonblast\n>p2 move thunderbolt\n>p1 move moonblast\n>p2 move thunderbolt\n>p1 switch 2\n>p1 move knockoff\n>p2 move psychicnoise\n>p2 switch 4\n>p1 move closecombat\n>p2 move shellsmash\n>p1 move closecombat\n>p2 move acrobatics\n>p1 switch 3\n>p1 move toxic terastallize\n>p2 move earthquake terastallize\n>p1 move recover\n>p2 move powergem\n>p1 move recover\n>p2 move powergem", "uploadtime": 1729847308, "views": 49, "formatid": "gen9randombattle", "rating": 2224, "private": 0, "password": null}