{"id": "gen9randombattle-2166738785", "format": "[Gen 9] Random Battle", "players": ["nocomment3", "Max Schrbr"], "log": "|badge|p1|silver|gen9randombattle|30-2\n|uhtml|medal-msg|<div class=\"broadcast-blue\">Curious what those medals under the avatar are? PS now has Ladder Seasons! For more information, check out the <a href=\"https://www.smogon.com/forums/threads/3740067/\">thread on Smogon.</a></div>\n|badge|p2|bronze|gen9randombattle|100-2\n|uhtml|medal-msg|<div class=\"broadcast-blue\">Curious what those medals under the avatar are? PS now has Ladder Seasons! For more information, check out the <a href=\"https://www.smogon.com/forums/threads/3740067/\">thread on Smogon.</a></div>\n|j|\u2606nocomment3\n|j|\u2606Max Schrbr\n|t:|1721846469\n|gametype|singles\n|player|p1|nocomment3|265|2460\n|player|p2|Max Schrbr|101|2354\n|teamsize|p1|6\n|teamsize|p2|6\n|gen|9\n|tier|[Gen 9] Random Battle\n|rated|\n|rule|Species Clause: Limit one of each Pok\u00e9mon\n|rule|HP Percentage Mod: HP is shown in percentages\n|rule|Sleep Clause Mod: Limit one foe put to sleep\n|rule|Illusion Level Mod: Illusion disguises the Pok\u00e9mon's true level\n|\n|t:|1721846469\n|start\n|switch|p1a: Plusle|Plusle, L95, F|268/268\n|switch|p2a: Indeedee|Indeedee-F, L90, F|272/272\n|-fieldstart|move: Psychic Terrain|[from] ability: Psychic Surge|[of] p2a: Indeedee\n|turn|1\n|inactive|Battle timer is ON: inactive players will automatically lose when time's up. (requested by Max Schrbr)\n|c|\u2606Max Schrbr|gl hf\n|\n|t:|1721846492\n|switch|p1a: Chien-Pao|Chien-Pao, L72|234/234\n|-ability|p1a: Chien-Pao|Sword of Ruin\n|move|p2a: Indeedee|Psychic|p1a: Chien-Pao\n|-immune|p1a: Chien-Pao\n|\n|upkeep\n|turn|2\n|\n|t:|1721846508\n|switch|p2a: Skarmory|Skarmory, L80, M|235/235\n|move|p1a: Chien-Pao|Swords Dance|p1a: Chien-Pao\n|-boost|p1a: Chien-Pao|atk|2\n|\n|upkeep\n|turn|3\n|inactive|nocomment3 has 120 seconds left.\n|j| meinol3\n|\n|t:|1721846543\n|switch|p1a: Plusle|Plusle, L95, F|268/268\n|move|p2a: Skarmory|Stealth Rock|p1a: Plusle\n|-sidestart|p1: nocomment3|move: Stealth Rock\n|\n|upkeep\n|turn|4\n|\n|t:|1721846555\n|switch|p2a: Rillaboom|Rillaboom, L79, F|288/288\n|-fieldstart|move: Grassy Terrain|[from] ability: Grassy Surge|[of] p2a: Rillaboom\n|move|p1a: Plusle|Thunderbolt|p2a: Rillaboom\n|-resisted|p2a: Rillaboom\n|-damage|p2a: Rillaboom|191/288\n|-status|p2a: Rillaboom|par\n|-damage|p1a: Plusle|242/268|[from] item: Life Orb\n|\n|-heal|p1a: Plusle|258/268|[from] Grassy Terrain\n|-heal|p2a: Rillaboom|209/288 par|[from] Grassy Terrain\n|upkeep\n|turn|5\n|\n|t:|1721846565\n|switch|p1a: Arceus|Arceus-Bug, L73|295/295\n|-damage|p1a: Arceus|222/295|[from] Stealth Rock\n|move|p2a: Rillaboom|U-turn|p1a: Arceus\n|-damage|p1a: Arceus|155/295\n|\n|t:|1721846571\n|switch|p2a: Skarmory|Skarmory, L80, M|235/235|[from] U-turn\n|\n|-heal|p1a: Arceus|173/295|[from] Grassy Terrain\n|upkeep\n|turn|6\n|\n|t:|1721846578\n|switch|p1a: Vaporeon|Vaporeon, L86, M|364/364\n|-damage|p1a: Vaporeon|319/364|[from] Stealth Rock\n|move|p2a: Skarmory|Spikes|p1a: Vaporeon\n|-sidestart|p1: nocomment3|Spikes\n|\n|-heal|p1a: Vaporeon|341/364|[from] Grassy Terrain\n|-heal|p1a: Vaporeon|363/364|[from] item: Leftovers\n|upkeep\n|turn|7\n|\n|t:|1721846588\n|switch|p2a: Rillaboom|Rillaboom, L79, F|209/288 par\n|move|p1a: Vaporeon|Scald|p2a: Rillaboom\n|-resisted|p2a: Rillaboom\n|-damage|p2a: Rillaboom|144/288 par\n|\n|-heal|p1a: Vaporeon|364/364|[from] Grassy Terrain\n|-heal|p2a: Rillaboom|162/288 par|[from] Grassy Terrain\n|upkeep\n|turn|8\n|j| CutePokesOnly\n|\n|t:|1721846594\n|move|p1a: Vaporeon|Protect|p1a: Vaporeon\n|-singleturn|p1a: Vaporeon|Protect\n|move|p2a: Rillaboom|U-turn|p1a: Vaporeon\n|-activate|p1a: Vaporeon|move: Protect\n|\n|-heal|p2a: Rillaboom|180/288 par|[from] Grassy Terrain\n|-fieldend|move: Grassy Terrain\n|upkeep\n|turn|9\n|\n|t:|1721846600\n|move|p1a: Vaporeon|Scald|p2a: Rillaboom\n|-resisted|p2a: Rillaboom\n|-damage|p2a: Rillaboom|117/288 par\n|cant|p2a: Rillaboom|par\n|\n|upkeep\n|turn|10\n|\n|t:|1721846605\n|move|p1a: Vaporeon|Scald|p2a: Rillaboom\n|-resisted|p2a: Rillaboom\n|-damage|p2a: Rillaboom|52/288 par\n|move|p2a: Rillaboom|U-turn|p1a: Vaporeon\n|-damage|p1a: Vaporeon|256/364\n|\n|t:|1721846617\n|switch|p2a: Victreebel|Victreebel, L90, F|290/290|[from] U-turn\n|\n|-heal|p1a: Vaporeon|278/364|[from] item: Leftovers\n|upkeep\n|turn|11\n|\n|t:|1721846634\n|move|p2a: Victreebel|Power Whip|p1a: Vaporeon|[miss]\n|-miss|p2a: Victreebel|p1a: Vaporeon\n|move|p1a: Vaporeon|Scald|p2a: Victreebel\n|-resisted|p2a: Victreebel\n|-damage|p2a: Victreebel|231/290\n|\n|-heal|p1a: Vaporeon|300/364|[from] item: Leftovers\n|upkeep\n|turn|12\n|\n|t:|1721846638\n|switch|p1a: Arceus|Arceus-Bug, L73|173/295\n|-damage|p1a: Arceus|100/295|[from] Stealth Rock\n|-damage|p1a: Arceus|64/295|[from] Spikes\n|move|p2a: Victreebel|Sunny Day|p2a: Victreebel\n|-weather|SunnyDay\n|\n|-weather|SunnyDay|[upkeep]\n|upkeep\n|turn|13\n|\n|t:|1721846645\n|move|p2a: Victreebel|Sludge Wave|p1a: Arceus\n|-damage|p1a: Arceus|0 fnt\n|faint|p1a: Arceus\n|-damage|p2a: Victreebel|202/290|[from] item: Life Orb\n|\n|-weather|SunnyDay|[upkeep]\n|upkeep\n|\n|t:|1721846649\n|switch|p1a: Bellossom|Bellossom, L84, F|263/263\n|-damage|p1a: Bellossom|231/263|[from] Stealth Rock\n|-damage|p1a: Bellossom|199/263|[from] Spikes\n|turn|14\n|inactive|nocomment3 has 120 seconds left.\n|\n|t:|1721846679\n|-terastallize|p2a: Victreebel|Fire\n|-terastallize|p1a: Bellossom|Poison\n|move|p2a: Victreebel|Weather Ball|p1a: Bellossom\n|-damage|p1a: Bellossom|0 fnt\n|faint|p1a: Bellossom\n|-damage|p2a: Victreebel|173/290|[from] item: Life Orb\n|\n|-weather|SunnyDay|[upkeep]\n|upkeep\n|inactive|nocomment3 has 120 seconds left.\n|\n|t:|1721846688\n|switch|p1a: Vaporeon|Vaporeon, L86, M|300/364\n|-damage|p1a: Vaporeon|255/364|[from] Stealth Rock\n|-damage|p1a: Vaporeon|210/364|[from] Spikes\n|turn|15\n|\n|t:|1721846694\n|switch|p2a: Rillaboom|Rillaboom, L79, F|52/288 par\n|-fieldstart|move: Grassy Terrain|[from] ability: Grassy Surge|[of] p2a: Rillaboom\n|move|p1a: Vaporeon|Protect||[still]\n|-fail|p1a: Vaporeon\n|\n|-weather|SunnyDay|[upkeep]\n|-heal|p1a: Vaporeon|232/364|[from] Grassy Terrain\n|-heal|p1a: Vaporeon|254/364|[from] item: Leftovers\n|-heal|p2a: Rillaboom|70/288 par|[from] Grassy Terrain\n|upkeep\n|turn|16\n|\n|t:|1721846702\n|move|p1a: Vaporeon|Scald|p2a: Rillaboom\n|-resisted|p2a: Rillaboom\n|-damage|p2a: Rillaboom|42/288 par\n|move|p2a: Rillaboom|Wood Hammer|p1a: Vaporeon\n|-supereffective|p1a: Vaporeon\n|-damage|p1a: Vaporeon|0 fnt\n|faint|p1a: Vaporeon\n|-damage|p2a: Rillaboom|0 fnt|[from] Recoil\n|faint|p2a: Rillaboom\n|\n|-weather|none\n|upkeep\n|\n|t:|1721846715\n|switch|p2a: Skarmory|Skarmory, L80, M|235/235\n|switch|p1a: Plusle|Plusle, L95, F|258/268\n|-damage|p1a: Plusle|225/268|[from] Stealth Rock\n|-damage|p1a: Plusle|192/268|[from] Spikes\n|turn|17\n|\n|t:|1721846726\n|switch|p2a: Indeedee|Indeedee-F, L90, F|272/272\n|-fieldstart|move: Psychic Terrain|[from] ability: Psychic Surge|[of] p2a: Indeedee\n|move|p1a: Plusle|Thunderbolt|p2a: Indeedee\n|-damage|p2a: Indeedee|159/272\n|-status|p2a: Indeedee|par\n|-damage|p1a: Plusle|166/268|[from] item: Life Orb\n|\n|upkeep\n|turn|18\n|\n|t:|1721846732\n|move|p1a: Plusle|Nasty Plot|p1a: Plusle\n|-boost|p1a: Plusle|spa|2\n|cant|p2a: Indeedee|par\n|\n|upkeep\n|turn|19\n|inactive|Max Schrbr has 120 seconds left.\n|inactive|Max Schrbr has 90 seconds left.\n|l|\u2606nocomment3\n|inactive|nocomment3 disconnected and has a minute to reconnect!\n|player|p1|\n|j|\u2606nocomment3\n|inactive|nocomment3 reconnected.\n|player|p1|nocomment3|265|\n|\n|t:|1721846812\n|switch|p2a: Victreebel|Victreebel, L90, F, tera:Fire|173/290\n|move|p1a: Plusle|Thunderbolt|p2a: Victreebel\n|-damage|p2a: Victreebel|0 fnt\n|faint|p2a: Victreebel\n|-damage|p1a: Plusle|140/268|[from] item: Life Orb\n|\n|upkeep\n|\n|t:|1721846816\n|switch|p2a: Skarmory|Skarmory, L80, M|235/235\n|turn|20\n|\n|t:|1721846822\n|move|p1a: Plusle|Thunderbolt|p2a: Skarmory\n|-supereffective|p2a: Skarmory\n|-ability|p2a: Skarmory|Sturdy\n|-damage|p2a: Skarmory|1/235\n|-damage|p1a: Plusle|114/268|[from] item: Life Orb\n|move|p2a: Skarmory|Brave Bird|p1a: Plusle\n|-resisted|p1a: Plusle\n|-damage|p1a: Plusle|34/268\n|-damage|p2a: Skarmory|0 fnt|[from] Recoil\n|faint|p2a: Skarmory\n|\n|upkeep\n|\n|t:|1721846836\n|switch|p2a: Dondozo|Dondozo, L78, M|362/362\n|turn|21\n|\n|t:|1721846840\n|switch|p2a: Morpeko|Morpeko, L88, M|245/245\n|move|p1a: Plusle|Thunderbolt|p2a: Morpeko\n|-resisted|p2a: Morpeko\n|-damage|p2a: Morpeko|64/245\n|-damage|p1a: Plusle|8/268|[from] item: Life Orb\n|\n|-heal|p2a: Morpeko|79/245|[from] item: Leftovers\n|-fieldend|move: Psychic Terrain\n|-formechange|p2a: Morpeko|Morpeko-Hangry||[from] ability: Hunger Switch\n|upkeep\n|turn|22\n|\n|t:|1721846860\n|switch|p2a: Indeedee|Indeedee-F, L90, F|159/272 par\n|-fieldstart|move: Psychic Terrain|[from] ability: Psychic Surge|[of] p2a: Indeedee\n|move|p1a: Plusle|Thunderbolt|p2a: Indeedee\n|-damage|p2a: Indeedee|0 fnt\n|faint|p2a: Indeedee\n|-damage|p1a: Plusle|0 fnt|[from] item: Life Orb\n|faint|p1a: Plusle\n|\n|upkeep\n|\n|t:|1721846874\n|switch|p1a: Hitmonlee|Hitmonlee, L84, M|221/221\n|switch|p2a: Morpeko|Morpeko, L88, M|79/245\n|-damage|p1a: Hitmonlee|208/221|[from] Stealth Rock\n|-damage|p1a: Hitmonlee|181/221|[from] Spikes\n|turn|23\n|\n|t:|1721846880\n|move|p2a: Morpeko|Aura Wheel|p1a: Hitmonlee\n|-damage|p1a: Hitmonlee|9/221\n|-boost|p2a: Morpeko|spe|1\n|move|p1a: Hitmonlee|Close Combat|p2a: Morpeko\n|-supereffective|p2a: Morpeko\n|-damage|p2a: Morpeko|0 fnt\n|-unboost|p1a: Hitmonlee|def|1\n|-unboost|p1a: Hitmonlee|spd|1\n|-enditem|p1a: Hitmonlee|White Herb\n|-clearnegativeboost|p1a: Hitmonlee|[silent]\n|faint|p2a: Morpeko\n|\n|upkeep\n|\n|t:|1721846885\n|switch|p2a: Dondozo|Dondozo, L78, M|362/362\n|turn|24\n|\n|t:|1721846888\n|move|p1a: Hitmonlee|Knock Off|p2a: Dondozo\n|-damage|p2a: Dondozo|293/362\n|-enditem|p2a: Dondozo|Leftovers|[from] move: Knock Off|[of] p1a: Hitmonlee\n|move|p2a: Dondozo|Curse|p2a: Dondozo\n|-unboost|p2a: Dondozo|spe|1\n|-boost|p2a: Dondozo|atk|1\n|-boost|p2a: Dondozo|def|1\n|\n|upkeep\n|turn|25\n|\n|t:|1721846895\n|move|p1a: Hitmonlee|Poison Jab|p2a: Dondozo\n|-damage|p2a: Dondozo|255/362\n|move|p2a: Dondozo|Wave Crash|p1a: Hitmonlee\n|-damage|p1a: Hitmonlee|0 fnt\n|faint|p1a: Hitmonlee\n|-damage|p2a: Dondozo|252/362|[from] Recoil\n|\n|upkeep\n|\n|t:|1721846901\n|switch|p1a: Chien-Pao|Chien-Pao, L72|234/234\n|-ability|p1a: Chien-Pao|Sword of Ruin\n|turn|26\n|\n|t:|1721846906\n|move|p1a: Chien-Pao|Throat Chop|p2a: Dondozo\n|-damage|p2a: Dondozo|198/362\n|-start|p2a: Dondozo|Throat Chop|[silent]\n|move|p2a: Dondozo|Wave Crash|p1a: Chien-Pao\n|-damage|p1a: Chien-Pao|35/234\n|-damage|p2a: Dondozo|132/362|[from] Recoil\n|\n|-fieldend|move: Psychic Terrain\n|upkeep\n|turn|27\n|c|\u2606Max Schrbr|gg\n|\n|t:|1721846913\n|move|p1a: Chien-Pao|Icicle Crash|p2a: Dondozo\n|-resisted|p2a: Dondozo\n|-damage|p2a: Dondozo|101/362\n|move|p2a: Dondozo|Wave Crash|p1a: Chien-Pao\n|-damage|p1a: Chien-Pao|0 fnt\n|faint|p1a: Chien-Pao\n|-damage|p2a: Dondozo|89/362|[from] Recoil\n|\n|win|Max Schrbr\n|raw|nocomment3's rating: 2460 &rarr; <strong>2434</strong><br />(-26 for losing)\n|raw|Max Schrbr's rating: 2354 &rarr; <strong>2380</strong><br />(+26 for winning)\n|l|\u2606nocomment3\n|player|p1|\n|l| CutePokesOnly\n", "inputlog": ">version e8361dfa7636e84b87e7a2c993580ab47c51022d\n>start {\"formatid\":\"gen9randombattle\",\"seed\":[8129,27747,23696,56161],\"rated\":\"Rated battle\"}\n>player p1 {\"name\":\"nocomment3\",\"avatar\":\"265\",\"rating\":2460,\"seed\":[23654,13343,50917,39186]}\n>player p2 {\"name\":\"Max Schrbr\",\"avatar\":\"101\",\"rating\":2354,\"seed\":[54371,19394,23428,52992]}\n>chat \u2606Max Schrbr|gl hf\n>p1 switch 5\n>p2 move psychic\n>p1 move swordsdance\n>p2 switch 4\n>p1 switch 5\n>p2 move stealthrock\n>p1 move thunderbolt\n>p2 switch 5\n>p1 switch 3\n>p2 move uturn\n>p2 switch 5\n>p1 switch 4\n>p2 move spikes\n>p1 move scald\n>p2 switch 5\n>p1 move protect\n>p2 move uturn\n>p1 move scald\n>p2 move uturn\n>p1 move scald\n>p2 move uturn\n>p2 switch 2\n>p1 move scald\n>p2 move powerwhip\n>p1 switch 4\n>p2 move sunnyday\n>p1 move judgment\n>p2 move sludgewave\n>p1 switch 2\n>p1 move quiverdance terastallize\n>p2 move weatherball terastallize\n>p1 switch 4\n>p1 move protect\n>p2 switch 2\n>p1 move scald\n>p2 move woodhammer\n>p1 switch 3\n>p2 switch 5\n>p1 move thunderbolt\n>p2 switch 4\n>p1 move nastyplot\n>p2 move psychic\n>p1 move thunderbolt\n>p2 switch 2\n>p2 switch 4\n>p1 move thunderbolt\n>p2 move bravebird\n>p2 switch 3\n>p1 move thunderbolt\n>p2 switch 6\n>p1 move thunderbolt\n>p2 switch 2\n>p1 switch 6\n>p2 switch 2\n>p1 move closecombat\n>p2 move aurawheel\n>p2 switch 6\n>p1 move knockoff\n>p2 move curse\n>p1 move poisonjab\n>p2 move wavecrash\n>p1 switch 5\n>p1 move throatchop\n>p2 move wavecrash\n>chat \u2606Max Schrbr|gg\n>p1 move iciclecrash\n>p2 move wavecrash", "uploadtime": 1721846944, "views": 146, "formatid": "gen9randombattle", "rating": 2380, "private": 0, "password": null}