{"id": "gen9randombattle-2260547475", "format": "[Gen 9] Random Battle", "players": ["Regangster", "Okami_6"], "log": "|j|\u2606Regangster\n|j|\u2606Okami_6\n|t:|1733862298\n|gametype|singles\n|player|p1|Regangster|marshal|1579\n|player|p2|Okami_6|perrin|1568\n|teamsize|p1|6\n|teamsize|p2|6\n|gen|9\n|tier|[Gen 9] Random Battle\n|rated|\n|rule|Species Clause: Limit one of each Pok\u00e9mon\n|rule|HP Percentage Mod: HP is shown in percentages\n|rule|Sleep Clause Mod: Limit one foe put to sleep\n|rule|Illusion Level Mod: Illusion disguises the Pok\u00e9mon's true level\n|\n|t:|1733862298\n|start\n|switch|p1a: Forretress|Forretress, L84, F|263/263\n|switch|p2a: Polteageist|Polteageist, L79|224/224\n|turn|1\n|inactive|Battle timer is ON: inactive players will automatically lose when time's up. (requested by Regangster)\n|inactive|Regangster has 120 seconds left.\n|\n|t:|1733862342\n|switch|p1a: Furret|Furret, L94, F|312/312\n|-item|p2a: Polteageist|White Herb|[from] ability: Frisk|[of] p1a: Furret\n|move|p2a: Polteageist|Shell Smash|p2a: Polteageist\n|-unboost|p2a: Polteageist|def|1\n|-unboost|p2a: Polteageist|spd|1\n|-boost|p2a: Polteageist|atk|2\n|-boost|p2a: Polteageist|spa|2\n|-boost|p2a: Polteageist|spe|2\n|-enditem|p2a: Polteageist|White Herb\n|-clearnegativeboost|p2a: Polteageist|[silent]\n|\n|upkeep\n|turn|2\n|\n|t:|1733862352\n|move|p2a: Polteageist|Strength Sap|p1a: Furret\n|-unboost|p1a: Furret|atk|1\n|move|p1a: Furret|Trick|p2a: Polteageist\n|-activate|p1a: Furret|move: Trick|[of] p2a: Polteageist\n|-item|p2a: Polteageist|Choice Band|[from] move: Trick\n|-enditem|p1a: Furret|Choice Band|[silent]|[from] move: Trick\n|\n|upkeep\n|turn|3\n|\n|t:|1733862366\n|-terastallize|p2a: Polteageist|Fighting\n|move|p2a: Polteageist|Tera Blast|p1a: Furret|[anim] Tera Blast Fighting\n|-supereffective|p1a: Furret\n|-damage|p1a: Furret|0 fnt\n|faint|p1a: Furret\n|\n|upkeep\n|\n|t:|1733862373\n|switch|p1a: Houndstone|Houndstone, L86, M|264/264\n|turn|4\n|c|\u2606Okami_6|worth it\n|\n|t:|1733862393\n|switch|p2a: Arbok|Arbok, L87, M|246/246\n|-ability|p2a: Arbok|Intimidate|boost\n|-unboost|p1a: Houndstone|atk|1\n|move|p1a: Houndstone|Poltergeist|p2a: Arbok\n|-activate|p2a: Arbok|move: Poltergeist|Leftovers\n|-damage|p2a: Arbok|146/246\n|\n|-heal|p2a: Arbok|161/246|[from] item: Leftovers\n|upkeep\n|turn|5\n|c|\u2606Regangster|I should\u2019ve switched off the rat tbf\n|\n|t:|1733862412\n|move|p2a: Arbok|Coil|p2a: Arbok\n|-boost|p2a: Arbok|atk|1\n|-boost|p2a: Arbok|def|1\n|-boost|p2a: Arbok|accuracy|1\n|move|p1a: Houndstone|Will-O-Wisp|p2a: Arbok\n|-status|p2a: Arbok|brn\n|\n|-heal|p2a: Arbok|176/246 brn|[from] item: Leftovers\n|-damage|p2a: Arbok|161/246 brn|[from] brn\n|upkeep\n|turn|6\n|c|\u2606Okami_6|i mean tbf you also werent expecting me to burn tera turn 3\n|c|\u2606Okami_6|this has most likely bit me in the ass\n|c|\u2606Regangster|Also true\n|inactive|Okami_6 has 120 seconds left.\n|c|\u2606Regangster|We\u2019ll see\n|c|\u2606Okami_6|and also the fact i keep forgetting houndstone gets willo\n|\n|t:|1733862463\n|move|p2a: Arbok|Coil|p2a: Arbok\n|-boost|p2a: Arbok|atk|1\n|-boost|p2a: Arbok|def|1\n|-boost|p2a: Arbok|accuracy|1\n|move|p1a: Houndstone|Poltergeist|p2a: Arbok\n|-activate|p2a: Arbok|move: Poltergeist|Leftovers\n|-damage|p2a: Arbok|112/246 brn\n|\n|-heal|p2a: Arbok|127/246 brn|[from] item: Leftovers\n|-damage|p2a: Arbok|112/246 brn|[from] brn\n|upkeep\n|turn|7\n|c|\u2606Regangster|That little candle on his head\n|\n|t:|1733862479\n|switch|p1a: Forretress|Forretress, L84, F|263/263\n|move|p2a: Arbok|Earthquake|p1a: Forretress\n|-damage|p1a: Forretress|213/263\n|\n|-heal|p2a: Arbok|127/246 brn|[from] item: Leftovers\n|-heal|p1a: Forretress|229/263|[from] item: Leftovers\n|-damage|p2a: Arbok|112/246 brn|[from] brn\n|upkeep\n|turn|8\n|\n|t:|1733862493\n|switch|p2a: Lucario|Lucario, L84, M|255/255\n|move|p1a: Forretress|Toxic Spikes|p2a: Lucario\n|-sidestart|p2: Okami_6|move: Toxic Spikes\n|\n|-heal|p1a: Forretress|245/263|[from] item: Leftovers\n|upkeep\n|turn|9\n|\n|t:|1733862511\n|move|p2a: Lucario|Nasty Plot|p2a: Lucario\n|-boost|p2a: Lucario|spa|2\n|move|p1a: Forretress|Stealth Rock|p2a: Lucario\n|-sidestart|p2: Okami_6|move: Stealth Rock\n|\n|-heal|p1a: Forretress|261/263|[from] item: Leftovers\n|upkeep\n|turn|10\n|\n|t:|1733862524\n|switch|p1a: Bombirdier|Bombirdier, L85, F|258/258\n|move|p2a: Lucario|Nasty Plot|p2a: Lucario\n|-boost|p2a: Lucario|spa|2\n|\n|upkeep\n|turn|11\n|inactive|Regangster has 120 seconds left.\n|\n|t:|1733862555\n|move|p2a: Lucario|Flash Cannon|p1a: Bombirdier\n|-damage|p1a: Bombirdier|0 fnt\n|faint|p1a: Bombirdier\n|-damage|p2a: Lucario|230/255|[from] item: Life Orb\n|\n|upkeep\n|inactive|Regangster has 120 seconds left.\n|c|\u2606Regangster|Sir\n|c|\u2606Regangster|thats too much damage\n|c|\u2606Okami_6|oops\n|\n|t:|1733862568\n|switch|p1a: Sneasler|Sneasler, L74, F|240/240\n|turn|12\n|inactive|Regangster has 120 seconds left.\n|\n|t:|1733862577\n|switch|p2a: Arbok|Arbok, L87, M|112/246 brn\n|-sideend|p2: Okami_6|move: Toxic Spikes|[of] p2a: Arbok\n|-damage|p2a: Arbok|82/246 brn|[from] Stealth Rock\n|-ability|p2a: Arbok|Intimidate|boost\n|-unboost|p1a: Sneasler|atk|1\n|-enditem|p1a: Sneasler|White Herb\n|-clearnegativeboost|p1a: Sneasler|[silent]\n|move|p1a: Sneasler|Close Combat|p2a: Arbok\n|-resisted|p2a: Arbok\n|-damage|p2a: Arbok|10/246 brn\n|-unboost|p1a: Sneasler|def|1\n|-unboost|p1a: Sneasler|spd|1\n|\n|-heal|p2a: Arbok|25/246 brn|[from] item: Leftovers\n|-damage|p2a: Arbok|10/246 brn|[from] brn\n|upkeep\n|turn|13\n|inactive|Okami_6 has 120 seconds left.\n|\n|t:|1733862587\n|move|p1a: Sneasler|Acrobatics|p2a: Arbok\n|-damage|p2a: Arbok|0 fnt\n|faint|p2a: Arbok\n|\n|upkeep\n|\n|t:|1733862595\n|switch|p2a: Polteageist|Polteageist, L79, tera:Fighting|224/224\n|-damage|p2a: Polteageist|210/224|[from] Stealth Rock\n|turn|14\n|\n|t:|1733862602\n|move|p1a: Sneasler|Acrobatics|p2a: Polteageist\n|-supereffective|p2a: Polteageist\n|-crit|p2a: Polteageist\n|-damage|p2a: Polteageist|0 fnt\n|-start|p1a: Sneasler|Disable|Acrobatics|[from] ability: Cursed Body|[of] p2a: Polteageist\n|faint|p2a: Polteageist\n|\n|upkeep\n|inactive|Okami_6 has 120 seconds left.\n|\n|t:|1733862613\n|switch|p2a: Falinks|Falinks, L84|246/246\n|-damage|p2a: Falinks|231/246|[from] Stealth Rock\n|turn|15\n|\n|t:|1733862621\n|move|p1a: Sneasler|Gunk Shot|p2a: Falinks\n|-crit|p2a: Falinks\n|-damage|p2a: Falinks|68/246\n|move|p2a: Falinks|No Retreat|p2a: Falinks\n|-boost|p2a: Falinks|atk|1\n|-boost|p2a: Falinks|def|1\n|-boost|p2a: Falinks|spa|1\n|-boost|p2a: Falinks|spd|1\n|-boost|p2a: Falinks|spe|1\n|-start|p2a: Falinks|move: No Retreat\n|\n|upkeep\n|turn|16\n|c|\u2606Okami_6|STOP CRITTING!!!!\n|\n|t:|1733862629\n|move|p1a: Sneasler|Close Combat|p2a: Falinks\n|-damage|p2a: Falinks|0 fnt\n|-unboost|p1a: Sneasler|def|1\n|-unboost|p1a: Sneasler|spd|1\n|faint|p2a: Falinks\n|\n|upkeep\n|\n|t:|1733862637\n|switch|p2a: Stonjourner|Stonjourner, L91, M|330/330\n|-damage|p2a: Stonjourner|289/330|[from] Stealth Rock\n|turn|17\n|c|\u2606Regangster|Yeah that sucks\n|\n|t:|1733862655\n|switch|p1a: Houndstone|Houndstone, L86, M|264/264\n|move|p2a: Stonjourner|Earthquake|p1a: Houndstone\n|-crit|p1a: Houndstone\n|-damage|p1a: Houndstone|79/264\n|-damage|p2a: Stonjourner|256/330|[from] item: Life Orb\n|\n|-heal|p1a: Houndstone|95/264|[from] item: Leftovers\n|upkeep\n|turn|18\n|c|\u2606Okami_6|okk nvm i take back what i said\n|\n|t:|1733862670\n|move|p2a: Stonjourner|Earthquake|p1a: Houndstone\n|-damage|p1a: Houndstone|0 fnt\n|faint|p1a: Houndstone\n|-damage|p2a: Stonjourner|223/330|[from] item: Life Orb\n|\n|upkeep\n|\n|t:|1733862689\n|switch|p1a: Minun|Minun, L95, F|268/268\n|turn|19\n|\n|t:|1733862707\n|switch|p2a: Palkia|Palkia, L75|259/259\n|-damage|p2a: Palkia|227/259|[from] Stealth Rock\n|-ability|p2a: Palkia|Pressure\n|move|p1a: Minun|Thunderbolt|p2a: Palkia\n|-damage|p2a: Palkia|113/259\n|-damage|p1a: Minun|242/268|[from] item: Life Orb\n|\n|upkeep\n|turn|20\n|\n|t:|1733862717\n|move|p1a: Minun|Alluring Voice|p2a: Palkia\n|-supereffective|p2a: Palkia\n|-damage|p2a: Palkia|0 fnt\n|faint|p2a: Palkia\n|-damage|p1a: Minun|216/268|[from] item: Life Orb\n|\n|upkeep\n|\n|t:|1733862725\n|switch|p2a: Lucario|Lucario, L84, M|230/255\n|-damage|p2a: Lucario|223/255|[from] Stealth Rock\n|turn|21\n|c|\u2606Regangster|I think my second rat might win it\n|\n|t:|1733862733\n|move|p1a: Minun|Thunderbolt|p2a: Lucario\n|-damage|p2a: Lucario|54/255\n|-status|p2a: Lucario|par\n|-damage|p1a: Minun|190/268|[from] item: Life Orb\n|cant|p2a: Lucario|par\n|\n|upkeep\n|turn|22\n|c|\u2606Okami_6|nah\n|c|\u2606Okami_6|unless i hit\n|c|\u2606Okami_6|or that\n|c|\u2606Regangster|Omg\n|c|\u2606Okami_6|nvm\n|c|\u2606Okami_6|ggs\n|c|\u2606Regangster|Gg\n|c|\u2606Okami_6|was gonna say the weasel was gonna win LMAO\n|\n|t:|1733862752\n|move|p1a: Minun|Thunderbolt|p2a: Lucario\n|-damage|p2a: Lucario|0 fnt\n|faint|p2a: Lucario\n|-damage|p1a: Minun|164/268|[from] item: Life Orb\n|\n|upkeep\n|\n|t:|1733862754\n|switch|p2a: Stonjourner|Stonjourner, L91, M|223/330\n|-damage|p2a: Stonjourner|182/330|[from] Stealth Rock\n|turn|23\n|\n|t:|1733862758\n|move|p1a: Minun|Grass Knot|p2a: Stonjourner\n|-supereffective|p2a: Stonjourner\n|-damage|p2a: Stonjourner|0 fnt\n|faint|p2a: Stonjourner\n|-damage|p1a: Minun|138/268|[from] item: Life Orb\n|\n|win|Regangster\n|raw|Regangster's rating: 1579 &rarr; <strong>1598</strong><br />(+19 for winning)\n|raw|Okami_6's rating: 1568 &rarr; <strong>1549</strong><br />(-19 for losing)\n|c|\u2606Okami_6|wp\n|c|\u2606Okami_6|have fun laddering\n|c|\u2606Regangster|Gg wp\n|c|\u2606Regangster|you too\n|l|\u2606Regangster\n|player|p1|\n", "inputlog": ">version bfd83cad13791eb5a5a409923076391caf6fb4d4\n>start {\"formatid\":\"gen9randombattle\",\"seed\":[61204,17457,7887,42496],\"rated\":\"Rated battle\"}\n>player p1 {\"name\":\"Regangster\",\"avatar\":\"marshal\",\"rating\":1579,\"seed\":[18409,10064,60697,28293]}\n>player p2 {\"name\":\"Okami_6\",\"avatar\":\"perrin\",\"rating\":1568,\"seed\":[33176,22558,40049,3243]}\n>p1 switch 3\n>p2 move shellsmash\n>p1 move trick\n>p2 move strengthsap\n>p1 move uturn\n>p2 move terablast terastallize\n>p1 switch 4\n>chat \u2606Okami_6|worth it \n>p1 move poltergeist\n>p2 switch 6\n>chat \u2606Regangster|I should\u2019ve switched off the rat tbf\n>p1 move willowisp\n>p2 move coil\n>chat \u2606Okami_6|i mean tbf you also werent expecting me to burn tera turn 3 \n>chat \u2606Okami_6|this has most likely bit me in the ass \n>chat \u2606Regangster|Also true\n>chat \u2606Regangster|We\u2019ll see\n>chat \u2606Okami_6|and also the fact i keep forgetting houndstone gets willo \n>p1 move poltergeist\n>p2 move coil\n>chat \u2606Regangster|That little candle on his head\n>p1 switch 3\n>p2 move earthquake\n>p1 move toxicspikes\n>p2 switch 4\n>p1 move stealthrock\n>p2 move nastyplot\n>p1 switch 6\n>p2 move nastyplot\n>p1 move bravebird\n>p2 move flashcannon\n>chat \u2606Regangster|Sir\n>chat \u2606Regangster|thats too much damage\n>chat \u2606Okami_6|oops\n>p1 switch 5\n>p1 move closecombat\n>p2 switch 4\n>p1 move acrobatics\n>p2 move earthquake\n>p2 switch 6\n>p1 move acrobatics\n>p2 move shadowball\n>p2 switch 3\n>p1 move gunkshot\n>p2 move noretreat\n>chat \u2606Okami_6|STOP CRITTING!!!!\n>p1 move closecombat\n>p2 move closecombat\n>p2 switch 2\n>chat \u2606Regangster|Yeah that sucks\n>p1 switch 3\n>p2 move earthquake\n>chat \u2606Okami_6|okk nvm i take back what i said\n>p1 move willowisp\n>p2 move earthquake\n>p1 switch 2\n>p1 move thunderbolt\n>p2 switch 5\n>p1 move alluringvoice\n>p2 move hydropump\n>p2 switch 4\n>chat \u2606Regangster|I think my second rat might win it\n>p1 move thunderbolt\n>p2 move focusblast\n>chat \u2606Okami_6|nah \n>chat \u2606Okami_6|unless i hit \n>chat \u2606Okami_6|or that\n>chat \u2606Regangster|Omg\n>chat \u2606Okami_6|nvm \n>chat \u2606Okami_6|ggs\n>chat \u2606Regangster|Gg\n>chat \u2606Okami_6|was gonna say the weasel was gonna win LMAO \n>p1 move thunderbolt\n>p2 move focusblast\n>p2 switch 5\n>p1 move grassknot\n>p2 move earthquake", "uploadtime": 1733862774, "views": 2, "formatid": "gen9randombattle", "rating": 1549, "private": 0, "password": null}