{"id": "gen9randombattle-2260798115", "format": "[Gen 9] Random Battle", "players": ["Wahbit", "RoboWahbit"], "log": "|j|\u2606Wahbit\n|j|\u2606RoboWahbit\n|t:|1733893861\n|gametype|singles\n|player|p1|Wahbit|169|\n|player|p2|RoboWahbit|101|\n|teamsize|p1|6\n|teamsize|p2|6\n|gen|9\n|tier|[Gen 9] Random Battle\n|rule|Species Clause: Limit one of each Pok\u00e9mon\n|rule|HP Percentage Mod: HP is shown in percentages\n|rule|Sleep Clause Mod: Limit one foe put to sleep\n|rule|Illusion Level Mod: Illusion disguises the Pok\u00e9mon's true level\n|\n|t:|1733893861\n|start\n|switch|p1a: Hydreigon|Hydreigon, L79, F|275/275\n|switch|p2a: Golduck|Golduck, L90, F|290/290\n|-ability|p2a: Golduck|Cloud Nine\n|turn|1\n|c|\u2606RoboWahbit|hf\n|inactive|Battle timer is ON: inactive players will automatically lose when time's up. (requested by RoboWahbit)\n|\n|t:|1733893873\n|move|p2a: Golduck|Ice Beam|p1a: Hydreigon\n|-supereffective|p1a: Hydreigon\n|-damage|p1a: Hydreigon|59/275\n|move|p1a: Hydreigon|U-turn|p2a: Golduck\n|-damage|p2a: Golduck|243/290\n|\n|t:|1733893884\n|switch|p1a: Dusknoir|Dusknoir, L89, F|225/225|[from] U-turn\n|-item|p2a: Golduck|Choice Specs|[from] ability: Frisk|[of] p1a: Dusknoir\n|\n|upkeep\n|turn|2\n|\n|t:|1733893886\n|move|p2a: Golduck|Ice Beam|p1a: Dusknoir\n|-damage|p1a: Dusknoir|156/225\n|-status|p1a: Dusknoir|frz\n|cant|p1a: Dusknoir|frz\n|\n|-heal|p1a: Dusknoir|170/225 frz|[from] item: Leftovers\n|upkeep\n|turn|3\n|\n|t:|1733893891\n|move|p2a: Golduck|Ice Beam|p1a: Dusknoir\n|-damage|p1a: Dusknoir|90/225 frz\n|cant|p1a: Dusknoir|frz\n|\n|-heal|p1a: Dusknoir|104/225 frz|[from] item: Leftovers\n|upkeep\n|turn|4\n|\n|t:|1733893893\n|move|p2a: Golduck|Ice Beam|p1a: Dusknoir\n|-damage|p1a: Dusknoir|25/225 frz\n|cant|p1a: Dusknoir|frz\n|\n|-heal|p1a: Dusknoir|39/225 frz|[from] item: Leftovers\n|upkeep\n|turn|5\n|\n|t:|1733893894\n|move|p2a: Golduck|Ice Beam|p1a: Dusknoir\n|-damage|p1a: Dusknoir|0 fnt\n|faint|p1a: Dusknoir\n|\n|upkeep\n|\n|t:|1733893901\n|switch|p1a: Magmortar|Magmortar, L88, F|275/275\n|turn|6\n|\n|t:|1733893916\n|switch|p2a: Lugia|Lugia, L72|272/272\n|switch|p1a: Ursaring|Ursaring, L84, M|288/288\n|\n|upkeep\n|turn|7\n|\n|t:|1733893929\n|move|p2a: Lugia|Aeroblast|p1a: Ursaring\n|-damage|p1a: Ursaring|228/288\n|move|p1a: Ursaring|Body Slam|p2a: Lugia\n|-damage|p2a: Lugia|225/272\n|\n|upkeep\n|turn|8\n|\n|t:|1733893935\n|move|p2a: Lugia|Recover|p2a: Lugia\n|-heal|p2a: Lugia|272/272\n|move|p1a: Ursaring|Body Slam|p2a: Lugia\n|-damage|p2a: Lugia|227/272\n|\n|upkeep\n|turn|9\n|\n|t:|1733893941\n|move|p2a: Lugia|Recover|p2a: Lugia\n|-heal|p2a: Lugia|272/272\n|move|p1a: Ursaring|Body Slam|p2a: Lugia\n|-damage|p2a: Lugia|227/272\n|\n|upkeep\n|turn|10\n|\n|t:|1733893943\n|move|p2a: Lugia|Recover|p2a: Lugia\n|-heal|p2a: Lugia|272/272\n|move|p1a: Ursaring|Body Slam|p2a: Lugia\n|-damage|p2a: Lugia|225/272\n|\n|upkeep\n|turn|11\n|\n|t:|1733893945\n|move|p2a: Lugia|Recover|p2a: Lugia\n|-heal|p2a: Lugia|272/272\n|move|p1a: Ursaring|Body Slam|p2a: Lugia\n|-damage|p2a: Lugia|222/272\n|-status|p2a: Lugia|par\n|\n|upkeep\n|turn|12\n|\n|t:|1733893952\n|switch|p1a: Raichu|Raichu-Alola, L87, F|246/246\n|move|p2a: Lugia|Calm Mind|p2a: Lugia\n|-boost|p2a: Lugia|spa|1\n|-boost|p2a: Lugia|spd|1\n|\n|upkeep\n|turn|13\n|\n|t:|1733893960\n|move|p1a: Raichu|Thunderbolt|p2a: Lugia\n|-supereffective|p2a: Lugia\n|-damage|p2a: Lugia|89/272 par\n|-damage|p1a: Raichu|222/246|[from] item: Life Orb\n|cant|p2a: Lugia|par\n|\n|upkeep\n|turn|14\n|\n|t:|1733893965\n|move|p1a: Raichu|Thunderbolt|p2a: Lugia\n|-supereffective|p2a: Lugia\n|-damage|p2a: Lugia|0 fnt\n|faint|p2a: Lugia\n|-damage|p1a: Raichu|198/246|[from] item: Life Orb\n|\n|upkeep\n|\n|t:|1733893965\n|switch|p2a: Pecharunt|Pecharunt, L77|262/262\n|turn|15\n|\n|t:|1733893984\n|switch|p1a: Ursaring|Ursaring, L84, M|228/288\n|move|p2a: Pecharunt|Parting Shot|p1a: Ursaring\n|-unboost|p1a: Ursaring|atk|1\n|-unboost|p1a: Ursaring|spa|1\n|\n|t:|1733893984\n|switch|p2a: Rhydon|Rhydon, L85, M|317/317|[from] Parting Shot\n|\n|upkeep\n|turn|16\n|\n|t:|1733893993\n|switch|p1a: Hydreigon|Hydreigon, L79, F|59/275\n|move|p2a: Rhydon|Megahorn|p1a: Hydreigon\n|-supereffective|p1a: Hydreigon\n|-damage|p1a: Hydreigon|0 fnt\n|faint|p1a: Hydreigon\n|\n|upkeep\n|\n|t:|1733894002\n|switch|p1a: Ursaring|Ursaring, L84, M|228/288\n|turn|17\n|\n|t:|1733894005\n|move|p1a: Ursaring|Earthquake|p2a: Rhydon\n|-supereffective|p2a: Rhydon\n|-damage|p2a: Rhydon|221/317\n|move|p2a: Rhydon|Earthquake|p1a: Ursaring\n|-damage|p1a: Ursaring|120/288\n|\n|upkeep\n|turn|18\n|\n|t:|1733894014\n|move|p1a: Ursaring|Earthquake|p2a: Rhydon\n|-supereffective|p2a: Rhydon\n|-damage|p2a: Rhydon|127/317\n|move|p2a: Rhydon|Earthquake|p1a: Ursaring\n|-damage|p1a: Ursaring|6/288\n|\n|upkeep\n|turn|19\n|\n|t:|1733894017\n|move|p1a: Ursaring|Rest|p1a: Ursaring\n|-status|p1a: Ursaring|slp|[from] move: Rest\n|-heal|p1a: Ursaring|288/288 slp|[silent]\n|move|p2a: Rhydon|Earthquake|p1a: Ursaring\n|-damage|p1a: Ursaring|180/288 slp\n|\n|upkeep\n|turn|20\n|\n|t:|1733894020\n|cant|p1a: Ursaring|slp\n|move|p1a: Ursaring|Sleep Talk|p1a: Ursaring\n|move|p1a: Ursaring|Rest||[from]move: Sleep Talk|[still]\n|-fail|p1a: Ursaring\n|move|p2a: Rhydon|Earthquake|p1a: Ursaring\n|-damage|p1a: Ursaring|74/288 slp\n|\n|upkeep\n|turn|21\n|\n|t:|1733894024\n|cant|p1a: Ursaring|slp\n|move|p1a: Ursaring|Sleep Talk|p1a: Ursaring\n|move|p1a: Ursaring|Rest||[from]move: Sleep Talk|[still]\n|-fail|p1a: Ursaring\n|move|p2a: Rhydon|Earthquake|p1a: Ursaring\n|-damage|p1a: Ursaring|0 fnt\n|faint|p1a: Ursaring\n|\n|upkeep\n|\n|t:|1733894042\n|switch|p1a: Gothitelle|Gothitelle, L90, M|272/272\n|turn|22\n|\n|t:|1733894045\n|move|p1a: Gothitelle|Focus Blast|p2a: Rhydon\n|-supereffective|p2a: Rhydon\n|-damage|p2a: Rhydon|0 fnt\n|faint|p2a: Rhydon\n|\n|upkeep\n|\n|t:|1733894045\n|switch|p2a: Pecharunt|Pecharunt, L77|262/262\n|turn|23\n|\n|t:|1733894054\n|move|p2a: Pecharunt|Malignant Chain|p1a: Gothitelle\n|-damage|p1a: Gothitelle|200/272\n|move|p1a: Gothitelle|Psychic Noise|p2a: Pecharunt\n|-supereffective|p2a: Pecharunt\n|-damage|p2a: Pecharunt|62/262\n|-start|p2a: Pecharunt|move: Heal Block\n|\n|-heal|p1a: Gothitelle|217/272|[from] item: Leftovers\n|upkeep\n|turn|24\n|\n|t:|1733894065\n|move|p2a: Pecharunt|Malignant Chain|p1a: Gothitelle\n|-damage|p1a: Gothitelle|150/272\n|move|p1a: Gothitelle|Psychic Noise|p2a: Pecharunt\n|-supereffective|p2a: Pecharunt\n|-damage|p2a: Pecharunt|0 fnt\n|faint|p2a: Pecharunt\n|\n|-heal|p1a: Gothitelle|167/272|[from] item: Leftovers\n|upkeep\n|\n|t:|1733894065\n|switch|p2a: Scizor|Scizor, L79, F|240/240\n|turn|25\n|\n|t:|1733894069\n|move|p1a: Gothitelle|Focus Blast|p2a: Scizor\n|-damage|p2a: Scizor|123/240\n|move|p2a: Scizor|Bug Bite|p1a: Gothitelle\n|-supereffective|p1a: Gothitelle\n|-damage|p1a: Gothitelle|0 fnt\n|faint|p1a: Gothitelle\n|-damage|p2a: Scizor|99/240|[from] item: Life Orb\n|\n|upkeep\n|\n|t:|1733894073\n|switch|p1a: Magmortar|Magmortar, L88, F|275/275\n|turn|26\n|\n|t:|1733894076\n|move|p2a: Scizor|Bullet Punch|p1a: Magmortar\n|-resisted|p1a: Magmortar\n|-damage|p1a: Magmortar|217/275\n|-damage|p2a: Scizor|75/240|[from] item: Life Orb\n|move|p1a: Magmortar|Fire Blast|p2a: Scizor\n|-supereffective|p2a: Scizor\n|-damage|p2a: Scizor|0 fnt\n|faint|p2a: Scizor\n|\n|upkeep\n|\n|t:|1733894076\n|switch|p2a: Golduck|Golduck, L90, F|243/290\n|-ability|p2a: Golduck|Cloud Nine\n|turn|27\n|\n|t:|1733894083\n|-terastallize|p1a: Magmortar|Electric\n|move|p2a: Golduck|Hydro Pump|p1a: Magmortar\n|-damage|p1a: Magmortar|48/275\n|move|p1a: Magmortar|Thunderbolt|p2a: Golduck\n|-supereffective|p2a: Golduck\n|-damage|p2a: Golduck|0 fnt\n|faint|p2a: Golduck\n|\n|upkeep\n|\n|t:|1733894083\n|switch|p2a: Lapras|Lapras, L87, F|368/368\n|turn|28\n|\n|t:|1733894090\n|-terastallize|p2a: Lapras|Ground\n|move|p1a: Magmortar|Thunderbolt|p2a: Lapras\n|-immune|p2a: Lapras\n|move|p2a: Lapras|Sparkling Aria|p1a: Magmortar\n|-damage|p1a: Magmortar|0 fnt\n|faint|p1a: Magmortar\n|\n|upkeep\n|\n|t:|1733894096\n|switch|p1a: Raichu|Raichu-Alola, L87, F|198/246\n|turn|29\n|\n|t:|1733894111\n|move|p1a: Raichu|Psyshock|p2a: Lapras\n|-damage|p2a: Lapras|247/368\n|-damage|p1a: Raichu|174/246|[from] item: Life Orb\n|move|p2a: Lapras|Freeze-Dry|p1a: Raichu\n|-damage|p1a: Raichu|98/246\n|\n|upkeep\n|turn|30\n|\n|t:|1733894118\n|move|p1a: Raichu|Nasty Plot|p1a: Raichu\n|-boost|p1a: Raichu|spa|2\n|move|p2a: Lapras|Sparkling Aria|p1a: Raichu\n|-damage|p1a: Raichu|8/246\n|\n|upkeep\n|turn|31\n|\n|t:|1733894125\n|move|p1a: Raichu|Psyshock|p2a: Lapras\n|-damage|p2a: Lapras|17/368\n|-damage|p1a: Raichu|0 fnt|[from] item: Life Orb\n|faint|p1a: Raichu\n|\n|win|RoboWahbit\n|c|\u2606RoboWahbit|gg\n", "inputlog": ">version bfd83cad13791eb5a5a409923076391caf6fb4d4\n>start {\"formatid\":\"gen9randombattle\",\"seed\":[4107,21382,64494,53082]}\n>player p1 {\"name\":\"Wahbit\",\"avatar\":\"169\",\"rating\":0,\"seed\":[62931,57546,56131,59452]}\n>player p2 {\"name\":\"RoboWahbit\",\"avatar\":\"101\",\"rating\":0,\"seed\":[11449,3624,30564,58767]}\n>chat \u2606RoboWahbit|hf\n>p1 move uturn\n>p2 move icebeam\n>p1 switch 2\n>p1 move willowisp\n>p2 move icebeam\n>p1 move willowisp\n>p2 move icebeam\n>p1 move willowisp\n>p2 move icebeam\n>p1 move willowisp\n>p2 move icebeam\n>p1 switch 6\n>p1 switch 4\n>p2 switch 6\n>p1 move bodyslam\n>p2 move aeroblast\n>p1 move bodyslam\n>p2 move recover\n>p1 move bodyslam\n>p2 move recover\n>p1 move bodyslam\n>p2 move recover\n>p1 move bodyslam\n>p2 move recover\n>p1 switch 5\n>p2 move calmmind\n>p1 move thunderbolt\n>p2 move recover\n>p1 move thunderbolt\n>p2 move earthpower\n>p2 switch 2\n>p1 switch 5\n>p2 move partingshot\n>p2 switch 3\n>p1 switch 2\n>p2 move megahorn\n>p1 switch 2\n>p1 move earthquake\n>p2 move earthquake\n>p1 move earthquake\n>p2 move earthquake\n>p1 move rest\n>p2 move earthquake\n>p1 move sleeptalk\n>p2 move earthquake\n>p1 move sleeptalk\n>p2 move earthquake\n>p1 switch 3\n>p1 move focusblast\n>p2 move megahorn\n>p2 switch 3\n>p1 move psychicnoise\n>p2 move malignantchain\n>p1 move psychicnoise\n>p2 move malignantchain\n>p2 switch 4\n>p1 move focusblast\n>p2 move bugbite\n>p1 switch 4\n>p1 move fireblast\n>p2 move bulletpunch\n>p2 switch 6\n>p1 move thunderbolt terastallize\n>p2 move hydropump\n>p2 switch 5\n>p1 move thunderbolt\n>p2 move sparklingaria terastallize\n>p1 switch 5\n>p1 move psyshock\n>p2 move freezedry\n>p1 move nastyplot\n>p2 move sparklingaria\n>p1 move psyshock\n>p2 move sparklingaria", "uploadtime": 1733894126, "views": 1, "formatid": "gen9randombattle", "rating": null, "private": 0, "password": null}