{"id": "gen9randombattle-2258642294", "format": "[Gen 9] Random Battle", "players": ["Gloriousplays", "Qiuescent"], "log": "|badge|p1|bronze|gen9doublesou|100-3\n|uhtml|medal-msg|<div class=\"broadcast-blue\">Curious what those medals under the avatar are? PS now has Ladder Seasons! For more information, check out the <a href=\"https://www.smogon.com/forums/threads/3740067/\">thread on Smogon.</a></div>\n|badge|p2|bronze|gen9randombattle|100-3\n|uhtml|medal-msg|<div class=\"broadcast-blue\">Curious what those medals under the avatar are? PS now has Ladder Seasons! For more information, check out the <a href=\"https://www.smogon.com/forums/threads/3740067/\">thread on Smogon.</a></div>\n|j|\u2606Gloriousplays\n|j|\u203dQiuescent\n|t:|1733598585\n|gametype|singles\n|player|p1|Gloriousplays|ash|2231\n|player|p2|Qiuescent|169|2330\n|teamsize|p1|6\n|teamsize|p2|6\n|gen|9\n|tier|[Gen 9] Random Battle\n|rated|\n|rule|Species Clause: Limit one of each Pok\u00e9mon\n|rule|HP Percentage Mod: HP is shown in percentages\n|rule|Sleep Clause Mod: Limit one foe put to sleep\n|rule|Illusion Level Mod: Illusion disguises the Pok\u00e9mon's true level\n|\n|t:|1733598585\n|start\n|switch|p1a: Gengar|Gengar, L81, M|230/230\n|switch|p2a: Arcanine|Arcanine-Hisui, L80, F|283/283\n|turn|1\n|\n|t:|1733598596\n|move|p1a: Gengar|Focus Blast|p2a: Arcanine|[miss]\n|-miss|p1a: Gengar|p2a: Arcanine\n|move|p2a: Arcanine|Flare Blitz|p1a: Gengar\n|-damage|p1a: Gengar|38/230\n|-start|p2a: Arcanine|Disable|Flare Blitz|[from] ability: Cursed Body|[of] p1a: Gengar\n|\n|upkeep\n|turn|2\n|\n|t:|1733598603\n|move|p1a: Gengar|Focus Blast|p2a: Arcanine\n|-supereffective|p2a: Arcanine\n|-damage|p2a: Arcanine|13/283\n|-damage|p1a: Gengar|15/230|[from] item: Life Orb\n|move|p2a: Arcanine|Head Smash|p1a: Gengar|[miss]\n|-miss|p2a: Arcanine|p1a: Gengar\n|\n|upkeep\n|turn|3\n|\n|t:|1733598608\n|move|p1a: Gengar|Shadow Ball|p2a: Arcanine\n|-damage|p2a: Arcanine|0 fnt\n|faint|p2a: Arcanine\n|-damage|p1a: Gengar|0 fnt|[from] item: Life Orb\n|faint|p1a: Gengar\n|\n|upkeep\n|\n|t:|1733598614\n|switch|p1a: Ursaring|Ursaring, L84, M|288/288\n|switch|p2a: Rampardos|Rampardos, L90, F|321/321\n|turn|4\n|\n|t:|1733598620\n|move|p2a: Rampardos|Head Smash|p1a: Ursaring\n|-damage|p1a: Ursaring|72/288\n|-damage|p2a: Rampardos|213/321|[from] Recoil\n|move|p1a: Ursaring|Earthquake|p2a: Rampardos\n|-supereffective|p2a: Rampardos\n|-damage|p2a: Rampardos|11/321\n|\n|upkeep\n|turn|5\n|\n|t:|1733598625\n|move|p2a: Rampardos|Head Smash|p1a: Ursaring\n|-crit|p1a: Ursaring\n|-damage|p1a: Ursaring|0 fnt\n|faint|p1a: Ursaring\n|-damage|p2a: Rampardos|0 fnt|[from] Recoil\n|faint|p2a: Rampardos\n|\n|upkeep\n|\n|t:|1733598628\n|switch|p2a: Passimian|Passimian, L83, F|302/302\n|switch|p1a: Inteleon|Inteleon, L81, F|246/246\n|turn|6\n|\n|t:|1733598636\n|switch|p1a: Bombirdier|Bombirdier, L85, M|258/258\n|move|p2a: Passimian|Close Combat|p1a: Bombirdier\n|-damage|p1a: Bombirdier|47/258\n|-unboost|p2a: Passimian|def|1\n|-unboost|p2a: Passimian|spd|1\n|\n|upkeep\n|turn|7\n|\n|t:|1733598643\n|switch|p2a: Rotom|Rotom-Wash, L82|216/216\n|move|p1a: Bombirdier|Knock Off|p2a: Rotom\n|-damage|p2a: Rotom|114/216\n|-enditem|p2a: Rotom|Leftovers|[from] move: Knock Off|[of] p1a: Bombirdier\n|\n|upkeep\n|turn|8\n|\n|t:|1733598650\n|move|p1a: Bombirdier|Stone Edge|p2a: Rotom\n|-damage|p2a: Rotom|10/216\n|move|p2a: Rotom|Thunderbolt|p1a: Bombirdier\n|-supereffective|p1a: Bombirdier\n|-damage|p1a: Bombirdier|0 fnt\n|faint|p1a: Bombirdier\n|\n|upkeep\n|\n|t:|1733598665\n|switch|p1a: Terapagos|Terapagos, L76, F|262/262\n|-activate|p1a: Terapagos|ability: Tera Shift\n|detailschange|p1a: Terapagos|Terapagos-Terastal, L76, F\n|-heal|p1a: Terapagos|269/269|[silent]\n|turn|9\n|\n|t:|1733598671\n|move|p2a: Rotom|Pain Split|p1a: Terapagos\n|-sethp|p1a: Terapagos|139/269|[from] move: Pain Split|[silent]\n|-sethp|p2a: Rotom|139/216|[from] move: Pain Split\n|move|p1a: Terapagos|Calm Mind|p1a: Terapagos\n|-boost|p1a: Terapagos|spa|1\n|-boost|p1a: Terapagos|spd|1\n|\n|upkeep\n|turn|10\n|\n|t:|1733598674\n|switch|p2a: Illumise|Illumise, L91, F|266/266\n|move|p1a: Terapagos|Rapid Spin|p2a: Illumise\n|-damage|p2a: Illumise|218/266\n|-boost|p1a: Terapagos|spe|1\n|\n|upkeep\n|turn|11\n|\n|t:|1733598676\n|move|p2a: Illumise|Encore|p1a: Terapagos\n|-start|p1a: Terapagos|Encore\n|move|p1a: Terapagos|Rapid Spin|p2a: Illumise\n|-damage|p2a: Illumise|173/266\n|-boost|p1a: Terapagos|spe|1\n|\n|upkeep\n|turn|12\n|\n|t:|1733598682\n|move|p2a: Illumise|Roost|p2a: Illumise\n|-heal|p2a: Illumise|266/266\n|-singleturn|p2a: Illumise|move: Roost\n|move|p1a: Terapagos|Rapid Spin|p2a: Illumise\n|-damage|p2a: Illumise|221/266\n|-boost|p1a: Terapagos|spe|1\n|\n|upkeep\n|turn|13\n|\n|t:|1733598686\n|move|p2a: Illumise|Thunder Wave|p1a: Terapagos\n|-status|p1a: Terapagos|par\n|move|p1a: Terapagos|Rapid Spin|p2a: Illumise\n|-damage|p2a: Illumise|176/266\n|-boost|p1a: Terapagos|spe|1\n|\n|-end|p1a: Terapagos|Encore\n|upkeep\n|turn|14\n|\n|t:|1733598691\n|move|p2a: Illumise|Encore|p1a: Terapagos\n|-start|p1a: Terapagos|Encore\n|move|p1a: Terapagos|Rapid Spin|p2a: Illumise\n|-damage|p2a: Illumise|133/266\n|-boost|p1a: Terapagos|spe|1\n|\n|upkeep\n|turn|15\n|\n|t:|1733598693\n|move|p2a: Illumise|Roost|p2a: Illumise\n|-heal|p2a: Illumise|266/266\n|-singleturn|p2a: Illumise|move: Roost\n|move|p1a: Terapagos|Rapid Spin|p2a: Illumise\n|-damage|p2a: Illumise|218/266\n|-boost|p1a: Terapagos|spe|1\n|\n|upkeep\n|turn|16\n|\n|t:|1733598695\n|move|p1a: Terapagos|Rapid Spin|p2a: Illumise\n|-damage|p2a: Illumise|170/266\n|move|p2a: Illumise|Bug Buzz|p1a: Terapagos\n|-damage|p1a: Terapagos|85/269 par\n|\n|-end|p1a: Terapagos|Encore\n|upkeep\n|turn|17\n|\n|t:|1733598699\n|move|p2a: Illumise|Encore|p1a: Terapagos\n|-start|p1a: Terapagos|Encore\n|cant|p1a: Terapagos|par\n|\n|upkeep\n|turn|18\n|\n|t:|1733598702\n|move|p1a: Terapagos|Rapid Spin|p2a: Illumise\n|-damage|p2a: Illumise|122/266\n|move|p2a: Illumise|Bug Buzz|p1a: Terapagos\n|-damage|p1a: Terapagos|22/269 par\n|\n|upkeep\n|turn|19\n|\n|t:|1733598704\n|switch|p1a: Heatran|Heatran, L79, F|273/273\n|-item|p1a: Heatran|Air Balloon\n|move|p2a: Illumise|Roost|p2a: Illumise\n|-heal|p2a: Illumise|255/266\n|-singleturn|p2a: Illumise|move: Roost\n|\n|upkeep\n|turn|20\n|\n|t:|1733598720\n|switch|p2a: Rotom|Rotom-Wash, L82|139/216\n|move|p1a: Heatran|Lava Plume|p2a: Rotom\n|-resisted|p2a: Rotom\n|-damage|p2a: Rotom|100/216\n|\n|upkeep\n|turn|21\n|\n|t:|1733598722\n|switch|p1a: Terapagos|Terapagos-Terastal, L76, F|22/269 par\n|move|p2a: Rotom|Thunderbolt|p1a: Terapagos\n|-damage|p1a: Terapagos|0 fnt\n|faint|p1a: Terapagos\n|\n|upkeep\n|inactive|Battle timer is ON: inactive players will automatically lose when time's up. (requested by Qiuescent)\n|\n|t:|1733598747\n|switch|p1a: Inteleon|Inteleon, L81, F|246/246\n|turn|22\n|\n|t:|1733598749\n|-terastallize|p1a: Inteleon|Water\n|move|p1a: Inteleon|Hydro Pump|p2a: Rotom\n|-resisted|p2a: Rotom\n|-damage|p2a: Rotom|0 fnt\n|faint|p2a: Rotom\n|\n|upkeep\n|\n|t:|1733598753\n|switch|p2a: Illumise|Illumise, L91, F|255/266\n|turn|23\n|\n|t:|1733598755\n|switch|p1a: Heatran|Heatran, L79, F|273/273\n|-item|p1a: Heatran|Air Balloon\n|move|p2a: Illumise|Thunder Wave|p1a: Heatran\n|-status|p1a: Heatran|par\n|\n|upkeep\n|turn|24\n|\n|t:|1733598775\n|switch|p2a: Gardevoir|Gardevoir, L83, M|249/249\n|-ability|p2a: Gardevoir|Flash Fire|[from] ability: Trace|[of] p1a: Heatran\n|cant|p1a: Heatran|par\n|\n|upkeep\n|turn|25\n|\n|t:|1733598784\n|switch|p2a: Passimian|Passimian, L83, F|302/302\n|move|p1a: Heatran|Heavy Slam|p2a: Passimian\n|-damage|p2a: Passimian|187/302\n|\n|upkeep\n|turn|26\n|\n|t:|1733598788\n|move|p2a: Passimian|Close Combat|p1a: Heatran\n|-supereffective|p1a: Heatran\n|-damage|p1a: Heatran|0 fnt\n|-unboost|p2a: Passimian|def|1\n|-unboost|p2a: Passimian|spd|1\n|-enditem|p1a: Heatran|Air Balloon\n|faint|p1a: Heatran\n|\n|upkeep\n|\n|t:|1733598789\n|switch|p1a: Inteleon|Inteleon, L81, F, tera:Water|246/246\n|turn|27\n|j| joylar\n|\n|t:|1733598795\n|move|p1a: Inteleon|Hydro Pump|p2a: Passimian\n|-damage|p2a: Passimian|0 fnt\n|faint|p2a: Passimian\n|\n|upkeep\n|\n|t:|1733598796\n|switch|p2a: Illumise|Illumise, L91, F|255/266\n|turn|28\n|\n|t:|1733598801\n|move|p2a: Illumise|Thunder Wave|p1a: Inteleon\n|-status|p1a: Inteleon|par\n|cant|p1a: Inteleon|par\n|\n|upkeep\n|turn|29\n|\n|t:|1733598803\n|move|p2a: Illumise|Bug Buzz|p1a: Inteleon\n|-damage|p1a: Inteleon|122/246 par\n|cant|p1a: Inteleon|par\n|\n|upkeep\n|turn|30\n|-message|Gloriousplays forfeited.\n|\n|win|Qiuescent\n|raw|Gloriousplays's rating: 2231 &rarr; <strong>2217</strong><br />(-14 for losing)\n|raw|Qiuescent's rating: 2330 &rarr; <strong>2344</strong><br />(+14 for winning)\n|l|\u2606Gloriousplays\n|player|p1|\n", "inputlog": ">version 233a96b70f833eb131bd84157cd6ea1f74f01810\n>start {\"formatid\":\"gen9randombattle\",\"seed\":[57278,43490,4457,47516],\"rated\":\"Rated battle\"}\n>player p1 {\"name\":\"Gloriousplays\",\"avatar\":\"ash\",\"rating\":2231,\"seed\":[52474,55101,21872,53403]}\n>player p2 {\"name\":\"Qiuescent\",\"avatar\":\"169\",\"rating\":2330,\"seed\":[65104,6740,1370,22483]}\n>p1 move focusblast\n>p2 move flareblitz\n>p1 move focusblast\n>p2 move headsmash\n>p1 move shadowball\n>p2 move morningsun\n>p1 switch 6\n>p2 switch 2\n>p1 move earthquake\n>p2 move headsmash\n>p1 move rest\n>p2 move headsmash\n>p1 switch 4\n>p2 switch 6\n>p1 switch 5\n>p2 move closecombat\n>p1 move knockoff\n>p2 switch 5\n>p1 move stoneedge\n>p2 move thunderbolt\n>p1 switch 2\n>p1 move calmmind\n>p2 move painsplit\n>p1 move rapidspin\n>p2 switch 4\n>p1 move rapidspin\n>p2 move encore\n>p1 move rapidspin\n>p2 move roost\n>p1 move rapidspin\n>p2 move thunderwave\n>p1 move terastarstorm\n>p2 move encore\n>p1 move rapidspin\n>p2 move roost\n>p1 move rapidspin\n>p2 move bugbuzz\n>p1 move rapidspin\n>p2 move encore\n>p1 move rapidspin\n>p2 move bugbuzz\n>p1 switch 3\n>p2 move roost\n>p1 move lavaplume\n>p2 switch 4\n>p1 switch 3\n>p2 move thunderbolt\n>p1 switch 5\n>p1 move hydropump terastallize\n>p2 move thunderbolt\n>p2 switch 4\n>p1 switch 3\n>p2 move thunderwave\n>p1 move lavaplume\n>p2 switch 3\n>p1 move heavyslam\n>p2 switch 5\n>p1 move lavaplume\n>p2 move closecombat\n>p1 switch 3\n>p1 move hydropump\n>p2 move closecombat\n>p2 switch 3\n>p1 move hydropump\n>p2 move thunderwave\n>p1 move hydropump\n>p2 move bugbuzz\n>forcelose p1", "uploadtime": 1733598812, "views": 4, "formatid": "gen9randombattle", "rating": 2217, "private": 0, "password": null}