{"id": "gen9randombattle-2101275618", "format": "[Gen 9] Random Battle", "players": ["LT_Alt1", "scyther225"], "log": "|badge|p1|silver|gen9randombattle|30-1\n|uhtml|medal-msg|<div class=\"broadcast-blue\">Curious what those medals under the avatar are? PS now has Ladder Seasons! For more information, check out the <a href=\"https://www.smogon.com/forums/threads/3740067/\">thread on Smogon.</a></div>\n|badge|p2|silver|gen9randombattle|30-1\n|uhtml|medal-msg|<div class=\"broadcast-blue\">Curious what those medals under the avatar are? PS now has Ladder Seasons! For more information, check out the <a href=\"https://www.smogon.com/forums/threads/3740067/\">thread on Smogon.</a></div>\n|j|\u2606LT_Alt1\n|j|\u2606scyther225\n|t:|1712861313\n|gametype|singles\n|player|p1|LT_Alt1|101|2423\n|player|p2|scyther225|acetrainer-gen4dp|2387\n|teamsize|p1|6\n|teamsize|p2|6\n|gen|9\n|tier|[Gen 9] Random Battle\n|rated|\n|rule|Species Clause: Limit one of each Pok\u00e9mon\n|rule|HP Percentage Mod: HP is shown in percentages\n|rule|Sleep Clause Mod: Limit one foe put to sleep\n|rule|Illusion Level Mod: Illusion disguises the Pok\u00e9mon's true level\n|\n|t:|1712861313\n|start\n|switch|p1a: Scream Tail|Scream Tail, L84|330/330\n|switch|p2a: Fezandipiti|Fezandipiti, L81, M|275/275\n|turn|1\n|j| yeuphuonganhh\n|\n|t:|1712861325\n|-end|p1a: Scream Tail|Protosynthesis|[silent]\n|switch|p1a: Bastiodon|Bastiodon, L89, F|252/252\n|move|p2a: Fezandipiti|Beat Up|p1a: Bastiodon\n|-damage|p1a: Bastiodon|246/252\n|-damage|p1a: Bastiodon|241/252\n|-damage|p1a: Bastiodon|234/252\n|-damage|p1a: Bastiodon|229/252\n|-damage|p1a: Bastiodon|225/252\n|-damage|p1a: Bastiodon|219/252\n|-hitcount|p1a: Bastiodon|6\n|\n|upkeep\n|turn|2\n|\n|t:|1712861335\n|move|p2a: Fezandipiti|U-turn|p1a: Bastiodon\n|-resisted|p1a: Bastiodon\n|-damage|p1a: Bastiodon|205/252\n|\n|t:|1712861339\n|switch|p2a: Golduck|Golduck, L90, M|290/290|[from] U-turn\n|-ability|p2a: Golduck|Cloud Nine\n|move|p1a: Bastiodon|Foul Play|p2a: Golduck\n|-damage|p2a: Golduck|235/290\n|\n|-heal|p2a: Golduck|253/290|[from] item: Leftovers\n|upkeep\n|turn|3\n|\n|t:|1712861348\n|switch|p1a: Scream Tail|Scream Tail, L84|330/330\n|move|p2a: Golduck|Nasty Plot|p2a: Golduck\n|-boost|p2a: Golduck|spa|2\n|\n|-heal|p2a: Golduck|271/290|[from] item: Leftovers\n|upkeep\n|turn|4\n|\n|t:|1712861352\n|move|p1a: Scream Tail|Encore|p2a: Golduck\n|-start|p2a: Golduck|Encore\n|move|p2a: Golduck|Nasty Plot|p2a: Golduck\n|-boost|p2a: Golduck|spa|2\n|\n|-heal|p2a: Golduck|289/290|[from] item: Leftovers\n|upkeep\n|turn|5\n|\n|t:|1712861362\n|-end|p1a: Scream Tail|Protosynthesis|[silent]\n|switch|p1a: Feraligatr|Feraligatr, L80, F|267/267\n|switch|p2a: Fezandipiti|Fezandipiti, L81, M|275/275\n|\n|upkeep\n|turn|6\n|\n|t:|1712861368\n|move|p2a: Fezandipiti|Beat Up|p1a: Feraligatr\n|-damage|p1a: Feraligatr|258/267\n|-status|p1a: Feraligatr|tox|[from] ability: Toxic Chain|[of] p2a: Fezandipiti\n|-damage|p1a: Feraligatr|250/267 tox\n|-damage|p1a: Feraligatr|240/267 tox\n|-damage|p1a: Feraligatr|233/267 tox\n|-damage|p1a: Feraligatr|227/267 tox\n|-damage|p1a: Feraligatr|214/267 tox\n|-hitcount|p1a: Feraligatr|6\n|move|p1a: Feraligatr|Liquidation|p2a: Fezandipiti\n|-damage|p2a: Fezandipiti|118/275\n|\n|-damage|p1a: Feraligatr|198/267 tox|[from] psn\n|upkeep\n|turn|7\n|\n|t:|1712861375\n|move|p2a: Fezandipiti|U-turn|p1a: Feraligatr\n|-damage|p1a: Feraligatr|155/267 tox\n|\n|t:|1712861376\n|switch|p2a: Golduck|Golduck, L90, M|289/290|[from] U-turn\n|-ability|p2a: Golduck|Cloud Nine\n|move|p1a: Feraligatr|Liquidation|p2a: Golduck\n|-resisted|p2a: Golduck\n|-damage|p2a: Golduck|218/290\n|\n|-heal|p2a: Golduck|236/290|[from] item: Leftovers\n|-damage|p1a: Feraligatr|123/267 tox|[from] psn\n|upkeep\n|turn|8\n|\n|t:|1712861381\n|switch|p1a: Scream Tail|Scream Tail, L84|330/330\n|move|p2a: Golduck|Hydro Pump|p1a: Scream Tail|[miss]\n|-miss|p2a: Golduck|p1a: Scream Tail\n|\n|-heal|p2a: Golduck|254/290|[from] item: Leftovers\n|upkeep\n|turn|9\n|\n|t:|1712861384\n|switch|p2a: Fezandipiti|Fezandipiti, L81, M|118/275\n|move|p1a: Scream Tail|Wish|p1a: Scream Tail\n|\n|upkeep\n|turn|10\n|\n|t:|1712861387\n|-end|p1a: Scream Tail|Protosynthesis|[silent]\n|switch|p1a: Feraligatr|Feraligatr, L80, F|123/267 tox\n|move|p2a: Fezandipiti|U-turn|p1a: Feraligatr\n|-damage|p1a: Feraligatr|79/267 tox\n|\n|t:|1712861392\n|switch|p2a: Palafin|Palafin, L77, F|281/281|[from] U-turn\n|\n|-heal|p1a: Feraligatr|244/267 tox|[from] move: Wish|[wisher] Scream Tail\n|-damage|p1a: Feraligatr|228/267 tox|[from] psn\n|upkeep\n|turn|11\n|\n|t:|1712861398\n|detailschange|p2a: Palafin|Palafin-Hero, L77, F\n|switch|p2a: Golduck|Golduck, L90, M|254/290\n|-ability|p2a: Golduck|Cloud Nine\n|move|p1a: Feraligatr|Liquidation|p2a: Golduck\n|-resisted|p2a: Golduck\n|-damage|p2a: Golduck|176/290\n|\n|-heal|p2a: Golduck|194/290|[from] item: Leftovers\n|-damage|p1a: Feraligatr|196/267 tox|[from] psn\n|upkeep\n|turn|12\n|\n|t:|1712861401\n|switch|p1a: Scream Tail|Scream Tail, L84|330/330\n|move|p2a: Golduck|Hydro Pump|p1a: Scream Tail|[miss]\n|-miss|p2a: Golduck|p1a: Scream Tail\n|\n|-heal|p2a: Golduck|212/290|[from] item: Leftovers\n|upkeep\n|turn|13\n|\n|t:|1712861405\n|switch|p2a: Fezandipiti|Fezandipiti, L81, M|118/275\n|move|p1a: Scream Tail|Wish|p1a: Scream Tail\n|\n|upkeep\n|turn|14\n|\n|t:|1712861421\n|-end|p1a: Scream Tail|Protosynthesis|[silent]\n|switch|p1a: Feraligatr|Feraligatr, L80, F|196/267 tox\n|move|p2a: Fezandipiti|Gunk Shot|p1a: Feraligatr\n|-damage|p1a: Feraligatr|79/267 tox\n|\n|-heal|p1a: Feraligatr|244/267 tox|[from] move: Wish|[wisher] Scream Tail\n|-damage|p1a: Feraligatr|228/267 tox|[from] psn\n|upkeep\n|turn|15\n|c|\u2606scyther225|i think hydro pump might have lowest accuracy in the game\n|\n|t:|1712861432\n|move|p2a: Fezandipiti|U-turn|p1a: Feraligatr\n|-damage|p1a: Feraligatr|189/267 tox\n|\n|t:|1712861433\n|switch|p2a: Golduck|Golduck, L90, M|212/290|[from] U-turn\n|-ability|p2a: Golduck|Cloud Nine\n|move|p1a: Feraligatr|Liquidation|p2a: Golduck\n|-resisted|p2a: Golduck\n|-damage|p2a: Golduck|130/290\n|\n|-heal|p2a: Golduck|148/290|[from] item: Leftovers\n|-damage|p1a: Feraligatr|157/267 tox|[from] psn\n|upkeep\n|turn|16\n|\n|t:|1712861438\n|switch|p1a: Scream Tail|Scream Tail, L84|330/330\n|move|p2a: Golduck|Hydro Pump|p1a: Scream Tail\n|-damage|p1a: Scream Tail|219/330\n|\n|-heal|p1a: Scream Tail|239/330|[from] item: Leftovers\n|-heal|p2a: Golduck|166/290|[from] item: Leftovers\n|upkeep\n|turn|17\n|\n|t:|1712861442\n|switch|p2a: Fezandipiti|Fezandipiti, L81, M|118/275\n|move|p1a: Scream Tail|Wish|p1a: Scream Tail\n|\n|-heal|p1a: Scream Tail|259/330|[from] item: Leftovers\n|upkeep\n|turn|18\n|\n|t:|1712861448\n|-end|p1a: Scream Tail|Protosynthesis|[silent]\n|switch|p1a: Feraligatr|Feraligatr, L80, F|157/267 tox\n|move|p2a: Fezandipiti|Gunk Shot|p1a: Feraligatr\n|-damage|p1a: Feraligatr|55/267 tox\n|\n|-heal|p1a: Feraligatr|220/267 tox|[from] move: Wish|[wisher] Scream Tail\n|-damage|p1a: Feraligatr|204/267 tox|[from] psn\n|upkeep\n|turn|19\n|\n|t:|1712861453\n|move|p2a: Fezandipiti|U-turn|p1a: Feraligatr\n|-damage|p1a: Feraligatr|163/267 tox\n|\n|t:|1712861455\n|switch|p2a: Golduck|Golduck, L90, M|166/290|[from] U-turn\n|-ability|p2a: Golduck|Cloud Nine\n|move|p1a: Feraligatr|Liquidation|p2a: Golduck\n|-resisted|p2a: Golduck\n|-damage|p2a: Golduck|85/290\n|\n|-heal|p2a: Golduck|103/290|[from] item: Leftovers\n|-damage|p1a: Feraligatr|131/267 tox|[from] psn\n|upkeep\n|turn|20\n|\n|t:|1712861462\n|switch|p1a: Scream Tail|Scream Tail, L84|259/330\n|move|p2a: Golduck|Hydro Pump|p1a: Scream Tail|[miss]\n|-miss|p2a: Golduck|p1a: Scream Tail\n|\n|-heal|p1a: Scream Tail|279/330|[from] item: Leftovers\n|-heal|p2a: Golduck|121/290|[from] item: Leftovers\n|upkeep\n|turn|21\n|\n|t:|1712861466\n|switch|p2a: Fezandipiti|Fezandipiti, L81, M|118/275\n|move|p1a: Scream Tail|Wish|p1a: Scream Tail\n|\n|-heal|p1a: Scream Tail|299/330|[from] item: Leftovers\n|upkeep\n|turn|22\n|c| yeuphuonganhh|=))\n|\n|t:|1712861471\n|-end|p1a: Scream Tail|Protosynthesis|[silent]\n|switch|p1a: Feraligatr|Feraligatr, L80, F|131/267 tox\n|move|p2a: Fezandipiti|U-turn|p1a: Feraligatr\n|-damage|p1a: Feraligatr|86/267 tox\n|\n|t:|1712861474\n|switch|p2a: Palafin|Palafin-Hero, L77, F|281/281|[from] U-turn\n|-activate|p2a: Palafin|ability: Zero to Hero\n|\n|-heal|p1a: Feraligatr|251/267 tox|[from] move: Wish|[wisher] Scream Tail\n|-damage|p1a: Feraligatr|235/267 tox|[from] psn\n|upkeep\n|turn|23\n|\n|t:|1712861482\n|switch|p1a: Scream Tail|Scream Tail, L84|299/330\n|move|p2a: Palafin|Bulk Up|p2a: Palafin\n|-boost|p2a: Palafin|atk|1\n|-boost|p2a: Palafin|def|1\n|\n|-heal|p1a: Scream Tail|319/330|[from] item: Leftovers\n|upkeep\n|turn|24\n|\n|t:|1712861487\n|move|p1a: Scream Tail|Encore|p2a: Palafin\n|-start|p2a: Palafin|Encore\n|move|p2a: Palafin|Bulk Up|p2a: Palafin\n|-boost|p2a: Palafin|atk|1\n|-boost|p2a: Palafin|def|1\n|\n|-heal|p1a: Scream Tail|330/330|[from] item: Leftovers\n|upkeep\n|turn|25\n|\n|t:|1712861503\n|-end|p1a: Scream Tail|Protosynthesis|[silent]\n|switch|p1a: Altaria|Altaria, L88, F|275/275\n|move|p2a: Palafin|Bulk Up|p2a: Palafin\n|-boost|p2a: Palafin|atk|1\n|-boost|p2a: Palafin|def|1\n|\n|upkeep\n|turn|26\n|\n|t:|1712861507\n|move|p2a: Palafin|Bulk Up|p2a: Palafin\n|-boost|p2a: Palafin|atk|1\n|-boost|p2a: Palafin|def|1\n|move|p1a: Altaria|Haze|p1a: Altaria\n|-clearallboost\n|\n|-end|p2a: Palafin|Encore\n|upkeep\n|turn|27\n|\n|t:|1712861512\n|switch|p1a: Scream Tail|Scream Tail, L84|330/330\n|move|p2a: Palafin|Bulk Up|p2a: Palafin\n|-boost|p2a: Palafin|atk|1\n|-boost|p2a: Palafin|def|1\n|\n|upkeep\n|turn|28\n|\n|t:|1712861519\n|move|p2a: Palafin|Jet Punch|p1a: Scream Tail\n|-damage|p1a: Scream Tail|224/330\n|move|p1a: Scream Tail|Encore|p2a: Palafin\n|-start|p2a: Palafin|Encore\n|\n|-heal|p1a: Scream Tail|244/330|[from] item: Leftovers\n|upkeep\n|turn|29\n|\n|t:|1712861523\n|move|p2a: Palafin|Jet Punch|p1a: Scream Tail\n|-damage|p1a: Scream Tail|139/330\n|move|p1a: Scream Tail|Wish|p1a: Scream Tail\n|\n|-heal|p1a: Scream Tail|159/330|[from] item: Leftovers\n|upkeep\n|turn|30\n|j| TalonTFlame\n|\n|t:|1712861530\n|switch|p2a: Golduck|Golduck, L90, M|121/290\n|-ability|p2a: Golduck|Cloud Nine\n|move|p1a: Scream Tail|Protect||[still]\n|-fail|p1a: Scream Tail\n|\n|-heal|p1a: Scream Tail|324/330|[from] move: Wish|[wisher] Scream Tail\n|-heal|p1a: Scream Tail|330/330|[from] item: Leftovers\n|-heal|p2a: Golduck|139/290|[from] item: Leftovers\n|upkeep\n|turn|31\n|\n|t:|1712861533\n|switch|p2a: Fezandipiti|Fezandipiti, L81, M|118/275\n|move|p1a: Scream Tail|Play Rough|p2a: Fezandipiti\n|-resisted|p2a: Fezandipiti\n|-damage|p2a: Fezandipiti|81/275\n|-unboost|p2a: Fezandipiti|atk|1\n|\n|upkeep\n|turn|32\n|\n|t:|1712861540\n|-end|p1a: Scream Tail|Protosynthesis|[silent]\n|switch|p1a: Bastiodon|Bastiodon, L89, F|205/252\n|move|p2a: Fezandipiti|Gunk Shot|p1a: Bastiodon\n|-immune|p1a: Bastiodon\n|\n|upkeep\n|turn|33\n|\n|t:|1712861546\n|move|p2a: Fezandipiti|U-turn|p1a: Bastiodon\n|-resisted|p1a: Bastiodon\n|-damage|p1a: Bastiodon|196/252\n|\n|t:|1712861547\n|switch|p2a: Palafin|Palafin-Hero, L77, F|281/281|[from] U-turn\n|move|p1a: Bastiodon|Body Press|p2a: Palafin\n|-damage|p2a: Palafin|188/281\n|\n|-heal|p2a: Palafin|205/281|[from] item: Leftovers\n|upkeep\n|turn|34\n|\n|t:|1712861555\n|switch|p1a: Scream Tail|Scream Tail, L84|330/330\n|move|p2a: Palafin|Bulk Up|p2a: Palafin\n|-boost|p2a: Palafin|atk|1\n|-boost|p2a: Palafin|def|1\n|\n|-heal|p2a: Palafin|222/281|[from] item: Leftovers\n|upkeep\n|turn|35\n|\n|t:|1712861564\n|move|p1a: Scream Tail|Encore|p2a: Palafin\n|-start|p2a: Palafin|Encore\n|move|p2a: Palafin|Bulk Up|p2a: Palafin\n|-boost|p2a: Palafin|atk|1\n|-boost|p2a: Palafin|def|1\n|\n|-heal|p2a: Palafin|239/281|[from] item: Leftovers\n|upkeep\n|turn|36\n|\n|t:|1712861568\n|-end|p1a: Scream Tail|Protosynthesis|[silent]\n|switch|p1a: Altaria|Altaria, L88, F|275/275\n|move|p2a: Palafin|Bulk Up|p2a: Palafin\n|-boost|p2a: Palafin|atk|1\n|-boost|p2a: Palafin|def|1\n|\n|-heal|p2a: Palafin|256/281|[from] item: Leftovers\n|upkeep\n|turn|37\n|\n|t:|1712861572\n|move|p2a: Palafin|Bulk Up|p2a: Palafin\n|-boost|p2a: Palafin|atk|1\n|-boost|p2a: Palafin|def|1\n|move|p1a: Altaria|Haze|p1a: Altaria\n|-clearallboost\n|\n|-heal|p2a: Palafin|273/281|[from] item: Leftovers\n|-end|p2a: Palafin|Encore\n|upkeep\n|turn|38\n|\n|t:|1712861583\n|switch|p2a: Gouging Fire|Gouging Fire, L74|277/277\n|switch|p1a: Volbeat|Volbeat, L90, M|263/263\n|\n|upkeep\n|turn|39\n|\n|t:|1712861591\n|move|p1a: Volbeat|U-turn|p2a: Gouging Fire\n|-resisted|p2a: Gouging Fire\n|-damage|p2a: Gouging Fire|245/277\n|\n|t:|1712861594\n|switch|p1a: Politoed|Politoed, L88, F|302/302|[from] U-turn\n|-weather|RainDance|[from] ability: Drizzle|[of] p1a: Politoed\n|move|p2a: Gouging Fire|Heat Crash|p1a: Politoed\n|-resisted|p1a: Politoed\n|-damage|p1a: Politoed|272/302\n|\n|-weather|RainDance|[upkeep]\n|upkeep\n|turn|40\n|\n|t:|1712861604\n|-end|p2a: Gouging Fire|Protosynthesis|[silent]\n|switch|p2a: Golduck|Golduck, L90, M|139/290\n|-ability|p2a: Golduck|Cloud Nine\n|move|p1a: Politoed|Surf|p2a: Golduck\n|-resisted|p2a: Golduck\n|-damage|p2a: Golduck|91/290\n|\n|-weather|RainDance|[upkeep]\n|-heal|p2a: Golduck|109/290|[from] item: Leftovers\n|upkeep\n|turn|41\n|\n|t:|1712861618\n|move|p2a: Golduck|Nasty Plot|p2a: Golduck\n|-boost|p2a: Golduck|spa|2\n|move|p1a: Politoed|Encore|p2a: Golduck\n|-start|p2a: Golduck|Encore\n|\n|-weather|RainDance|[upkeep]\n|-heal|p2a: Golduck|127/290|[from] item: Leftovers\n|upkeep\n|turn|42\n|\n|t:|1712861621\n|move|p2a: Golduck|Nasty Plot|p2a: Golduck\n|-boost|p2a: Golduck|spa|2\n|move|p1a: Politoed|Surf|p2a: Golduck\n|-resisted|p2a: Golduck\n|-damage|p2a: Golduck|79/290\n|\n|-weather|RainDance|[upkeep]\n|-heal|p2a: Golduck|97/290|[from] item: Leftovers\n|upkeep\n|turn|43\n|l| TalonTFlame\n|\n|t:|1712861627\n|switch|p2a: Fezandipiti|Fezandipiti, L81, M|81/275\n|switch|p1a: Volbeat|Volbeat, L90, M|263/263\n|\n|-weather|none\n|upkeep\n|turn|44\n|\n|t:|1712861633\n|switch|p1a: Bastiodon|Bastiodon, L89, F|196/252\n|move|p2a: Fezandipiti|Beat Up|p1a: Bastiodon\n|-damage|p1a: Bastiodon|190/252\n|-damage|p1a: Bastiodon|184/252\n|-damage|p1a: Bastiodon|176/252\n|-damage|p1a: Bastiodon|170/252\n|-damage|p1a: Bastiodon|166/252\n|-damage|p1a: Bastiodon|160/252\n|-hitcount|p1a: Bastiodon|6\n|\n|upkeep\n|turn|45\n|\n|t:|1712861638\n|move|p2a: Fezandipiti|U-turn|p1a: Bastiodon\n|-resisted|p1a: Bastiodon\n|-damage|p1a: Bastiodon|147/252\n|\n|t:|1712861641\n|switch|p2a: Palafin|Palafin-Hero, L77, F|273/281|[from] U-turn\n|move|p1a: Bastiodon|Body Press|p2a: Palafin\n|-damage|p2a: Palafin|171/281\n|\n|-heal|p2a: Palafin|188/281|[from] item: Leftovers\n|upkeep\n|turn|46\n|\n|t:|1712861647\n|switch|p2a: Fezandipiti|Fezandipiti, L81, M|81/275\n|switch|p1a: Volbeat|Volbeat, L90, M|263/263\n|\n|upkeep\n|turn|47\n|\n|t:|1712861652\n|switch|p1a: Bastiodon|Bastiodon, L89, F|147/252\n|move|p2a: Fezandipiti|Beat Up|p1a: Bastiodon\n|-damage|p1a: Bastiodon|141/252\n|-damage|p1a: Bastiodon|135/252\n|-damage|p1a: Bastiodon|127/252\n|-damage|p1a: Bastiodon|122/252\n|-damage|p1a: Bastiodon|118/252\n|-damage|p1a: Bastiodon|111/252\n|-hitcount|p1a: Bastiodon|6\n|\n|upkeep\n|turn|48\n|\n|t:|1712861657\n|move|p2a: Fezandipiti|U-turn|p1a: Bastiodon\n|-resisted|p1a: Bastiodon\n|-damage|p1a: Bastiodon|100/252\n|\n|t:|1712861659\n|switch|p2a: Golduck|Golduck, L90, M|97/290|[from] U-turn\n|-ability|p2a: Golduck|Cloud Nine\n|move|p1a: Bastiodon|Body Press|p2a: Golduck\n|-damage|p2a: Golduck|0 fnt\n|faint|p2a: Golduck\n|\n|upkeep\n|\n|t:|1712861666\n|switch|p2a: Gouging Fire|Gouging Fire, L74|245/277\n|turn|49\n|\n|t:|1712861670\n|switch|p1a: Politoed|Politoed, L88, F|272/302\n|-weather|RainDance|[from] ability: Drizzle|[of] p1a: Politoed\n|move|p2a: Gouging Fire|Heat Crash|p1a: Politoed\n|-resisted|p1a: Politoed\n|-damage|p1a: Politoed|240/302\n|\n|-weather|RainDance|[upkeep]\n|upkeep\n|turn|50\n|\n|t:|1712861674\n|move|p2a: Gouging Fire|Dragon Dance|p2a: Gouging Fire\n|-boost|p2a: Gouging Fire|atk|1\n|-boost|p2a: Gouging Fire|spe|1\n|move|p1a: Politoed|Surf|p2a: Gouging Fire\n|-damage|p2a: Gouging Fire|77/277\n|\n|-weather|RainDance|[upkeep]\n|upkeep\n|turn|51\n|\n|t:|1712861678\n|move|p2a: Gouging Fire|Outrage|p1a: Politoed\n|-damage|p1a: Politoed|53/302\n|move|p1a: Politoed|Surf|p2a: Gouging Fire\n|-damage|p2a: Gouging Fire|0 fnt\n|faint|p2a: Gouging Fire\n|-end|p2a: Gouging Fire|Protosynthesis|[silent]\n|\n|-weather|RainDance|[upkeep]\n|upkeep\n|\n|t:|1712861680\n|switch|p2a: Palafin|Palafin-Hero, L77, F|188/281\n|turn|52\n|\n|t:|1712861689\n|move|p2a: Palafin|Bulk Up|p2a: Palafin\n|-boost|p2a: Palafin|atk|1\n|-boost|p2a: Palafin|def|1\n|move|p1a: Politoed|Encore|p2a: Palafin\n|-start|p2a: Palafin|Encore\n|\n|-weather|RainDance|[upkeep]\n|-heal|p2a: Palafin|205/281|[from] item: Leftovers\n|upkeep\n|turn|53\n|\n|t:|1712861695\n|switch|p1a: Volbeat|Volbeat, L90, M|263/263\n|move|p2a: Palafin|Bulk Up|p2a: Palafin\n|-boost|p2a: Palafin|atk|1\n|-boost|p2a: Palafin|def|1\n|\n|-weather|none\n|-heal|p2a: Palafin|222/281|[from] item: Leftovers\n|upkeep\n|turn|54\n|\n|t:|1712861700\n|switch|p2a: Fezandipiti|Fezandipiti, L81, M|81/275\n|move|p1a: Volbeat|Thunder Wave|p2a: Fezandipiti\n|-status|p2a: Fezandipiti|par\n|\n|upkeep\n|turn|55\n|\n|t:|1712861703\n|move|p1a: Volbeat|U-turn|p2a: Fezandipiti\n|-resisted|p2a: Fezandipiti\n|-damage|p2a: Fezandipiti|63/275 par\n|\n|t:|1712861707\n|switch|p1a: Bastiodon|Bastiodon, L89, F|100/252|[from] U-turn\n|move|p2a: Fezandipiti|U-turn|p1a: Bastiodon\n|-resisted|p1a: Bastiodon\n|-damage|p1a: Bastiodon|88/252\n|\n|t:|1712861713\n|switch|p2a: Beartic|Beartic, L90, M|317/317|[from] U-turn\n|\n|upkeep\n|turn|56\n|\n|t:|1712861720\n|switch|p1a: Scream Tail|Scream Tail, L84|330/330\n|move|p2a: Beartic|Earthquake|p1a: Scream Tail\n|-damage|p1a: Scream Tail|232/330\n|\n|-heal|p1a: Scream Tail|252/330|[from] item: Leftovers\n|upkeep\n|turn|57\n|c|\u2606scyther225|cant imagine a more annoying team\n|\n|t:|1712861727\n|switch|p2a: Fezandipiti|Fezandipiti, L81, M|63/275 par\n|move|p1a: Scream Tail|Play Rough|p2a: Fezandipiti|[miss]\n|-miss|p1a: Scream Tail|p2a: Fezandipiti\n|\n|-heal|p1a: Scream Tail|272/330|[from] item: Leftovers\n|upkeep\n|turn|58\n|\n|t:|1712861733\n|move|p1a: Scream Tail|Protect|p1a: Scream Tail\n|-singleturn|p1a: Scream Tail|Protect\n|cant|p2a: Fezandipiti|par\n|\n|-heal|p1a: Scream Tail|292/330|[from] item: Leftovers\n|upkeep\n|turn|59\n|\n|t:|1712861736\n|-end|p1a: Scream Tail|Protosynthesis|[silent]\n|switch|p1a: Bastiodon|Bastiodon, L89, F|88/252\n|move|p2a: Fezandipiti|U-turn|p1a: Bastiodon\n|-resisted|p1a: Bastiodon\n|-damage|p1a: Bastiodon|76/252\n|\n|t:|1712861748\n|switch|p2a: Palafin|Palafin-Hero, L77, F|222/281|[from] U-turn\n|\n|-heal|p2a: Palafin|239/281|[from] item: Leftovers\n|upkeep\n|turn|60\n|\n|t:|1712861752\n|switch|p1a: Volbeat|Volbeat, L90, M|263/263\n|move|p2a: Palafin|Bulk Up|p2a: Palafin\n|-boost|p2a: Palafin|atk|1\n|-boost|p2a: Palafin|def|1\n|\n|-heal|p2a: Palafin|256/281|[from] item: Leftovers\n|upkeep\n|turn|61\n|\n|t:|1712861756\n|switch|p2a: Fezandipiti|Fezandipiti, L81, M|63/275 par\n|move|p1a: Volbeat|Encore||[still]\n|-fail|p1a: Volbeat\n|\n|upkeep\n|turn|62\n|\n|t:|1712861759\n|move|p1a: Volbeat|U-turn|p2a: Fezandipiti\n|-resisted|p2a: Fezandipiti\n|-crit|p2a: Fezandipiti\n|-damage|p2a: Fezandipiti|33/275 par\n|\n|t:|1712861762\n|switch|p1a: Bastiodon|Bastiodon, L89, F|76/252|[from] U-turn\n|cant|p2a: Fezandipiti|par\n|\n|upkeep\n|turn|63\n|\n|t:|1712861769\n|switch|p2a: Palafin|Palafin-Hero, L77, F|256/281\n|move|p1a: Bastiodon|Rest|p1a: Bastiodon\n|-status|p1a: Bastiodon|slp|[from] move: Rest\n|-heal|p1a: Bastiodon|252/252 slp|[silent]\n|-enditem|p1a: Bastiodon|Chesto Berry|[eat]\n|-curestatus|p1a: Bastiodon|slp|[msg]\n|\n|-heal|p2a: Palafin|273/281|[from] item: Leftovers\n|upkeep\n|turn|64\n|\n|t:|1712861773\n|switch|p1a: Volbeat|Volbeat, L90, M|263/263\n|move|p2a: Palafin|Jet Punch|p1a: Volbeat\n|-damage|p1a: Volbeat|184/263\n|\n|-heal|p2a: Palafin|281/281|[from] item: Leftovers\n|upkeep\n|turn|65\n|\n|t:|1712861777\n|switch|p2a: Fezandipiti|Fezandipiti, L81, M|33/275 par\n|move|p1a: Volbeat|Thunder Wave|p2a: Fezandipiti\n|-fail|p2a: Fezandipiti|par\n|\n|upkeep\n|turn|66\n|\n|t:|1712861780\n|move|p1a: Volbeat|U-turn|p2a: Fezandipiti\n|-resisted|p2a: Fezandipiti\n|-damage|p2a: Fezandipiti|15/275 par\n|\n|t:|1712861783\n|switch|p1a: Bastiodon|Bastiodon, L89, F|252/252|[from] U-turn\n|move|p2a: Fezandipiti|U-turn|p1a: Bastiodon\n|-resisted|p1a: Bastiodon\n|-damage|p1a: Bastiodon|239/252\n|\n|t:|1712861787\n|switch|p2a: Palafin|Palafin-Hero, L77, F|281/281|[from] U-turn\n|\n|upkeep\n|turn|67\n|\n|t:|1712861790\n|switch|p1a: Volbeat|Volbeat, L90, M|184/263\n|move|p2a: Palafin|Bulk Up|p2a: Palafin\n|-boost|p2a: Palafin|atk|1\n|-boost|p2a: Palafin|def|1\n|\n|upkeep\n|turn|68\n|\n|t:|1712861794\n|move|p1a: Volbeat|Encore|p2a: Palafin\n|-start|p2a: Palafin|Encore\n|move|p2a: Palafin|Bulk Up|p2a: Palafin\n|-boost|p2a: Palafin|atk|1\n|-boost|p2a: Palafin|def|1\n|\n|upkeep\n|turn|69\n|\n|t:|1712861797\n|move|p1a: Volbeat|Thunder Wave|p2a: Palafin\n|-status|p2a: Palafin|par\n|move|p2a: Palafin|Bulk Up|p2a: Palafin\n|-boost|p2a: Palafin|atk|1\n|-boost|p2a: Palafin|def|1\n|\n|upkeep\n|turn|70\n|\n|t:|1712861801\n|move|p1a: Volbeat|Roost|p1a: Volbeat\n|-heal|p1a: Volbeat|263/263\n|-singleturn|p1a: Volbeat|move: Roost\n|cant|p2a: Palafin|par\n|\n|-end|p2a: Palafin|Encore\n|upkeep\n|turn|71\n|\n|t:|1712861803\n|move|p1a: Volbeat|Encore|p2a: Palafin\n|-start|p2a: Palafin|Encore\n|cant|p2a: Palafin|par\n|\n|upkeep\n|turn|72\n|\n|t:|1712861806\n|move|p1a: Volbeat|U-turn|p2a: Palafin\n|-damage|p2a: Palafin|251/281 par\n|\n|t:|1712861810\n|switch|p1a: Altaria|Altaria, L88, F|275/275|[from] U-turn\n|move|p2a: Palafin|Bulk Up|p2a: Palafin\n|-boost|p2a: Palafin|atk|1\n|-boost|p2a: Palafin|def|1\n|\n|-heal|p2a: Palafin|268/281 par|[from] item: Leftovers\n|upkeep\n|turn|73\n|\n|t:|1712861816\n|switch|p2a: Beartic|Beartic, L90, M|317/317\n|move|p1a: Altaria|Haze|p1a: Altaria\n|-clearallboost\n|\n|upkeep\n|turn|74\n|c|\u2606scyther225|this is literally so dumb\n|c|\u2606scyther225|three encores\n|\n|t:|1712861831\n|switch|p1a: Feraligatr|Feraligatr, L80, F|235/267 tox\n|move|p2a: Beartic|Swords Dance|p2a: Beartic\n|-boost|p2a: Beartic|atk|2\n|\n|-damage|p1a: Feraligatr|219/267 tox|[from] psn\n|upkeep\n|turn|75\n|c|\u2606scyther225|haze t wave\n|\n|t:|1712861835\n|move|p1a: Feraligatr|Liquidation|p2a: Beartic\n|-damage|p2a: Beartic|177/317\n|move|p2a: Beartic|Earthquake|p1a: Feraligatr\n|-damage|p1a: Feraligatr|27/267 tox\n|\n|-damage|p1a: Feraligatr|0 fnt|[from] psn\n|faint|p1a: Feraligatr\n|upkeep\n|\n|t:|1712861841\n|switch|p1a: Volbeat|Volbeat, L90, M|263/263\n|turn|76\n|j| MikeFlem12326171\n|\n|t:|1712861844\n|move|p1a: Volbeat|Encore|p2a: Beartic\n|-start|p2a: Beartic|Encore\n|move|p2a: Beartic|Earthquake|p1a: Volbeat\n|-resisted|p1a: Volbeat\n|-damage|p1a: Volbeat|162/263\n|\n|upkeep\n|turn|77\n|\n|t:|1712861847\n|move|p1a: Volbeat|U-turn|p2a: Beartic\n|-damage|p2a: Beartic|107/317\n|\n|t:|1712861850\n|switch|p1a: Altaria|Altaria, L88, F|275/275|[from] U-turn\n|move|p2a: Beartic|Earthquake|p1a: Altaria\n|-immune|p1a: Altaria\n|\n|upkeep\n|turn|78\n|\n|t:|1712861855\n|switch|p2a: Fezandipiti|Fezandipiti, L81, M|15/275 par\n|move|p1a: Altaria|Brave Bird|p2a: Fezandipiti\n|-damage|p2a: Fezandipiti|0 fnt\n|faint|p2a: Fezandipiti\n|-damage|p1a: Altaria|270/275|[from] Recoil\n|\n|upkeep\n|\n|t:|1712861856\n|switch|p2a: Beartic|Beartic, L90, M|107/317\n|turn|79\n|\n|t:|1712861867\n|switch|p1a: Scream Tail|Scream Tail, L84|292/330\n|move|p2a: Beartic|Icicle Crash|p1a: Scream Tail\n|-crit|p1a: Scream Tail\n|-damage|p1a: Scream Tail|126/330\n|\n|-heal|p1a: Scream Tail|146/330|[from] item: Leftovers\n|upkeep\n|turn|80\n|\n|t:|1712861874\n|move|p1a: Scream Tail|Protect|p1a: Scream Tail\n|-singleturn|p1a: Scream Tail|Protect\n|move|p2a: Beartic|Icicle Crash|p1a: Scream Tail\n|-activate|p1a: Scream Tail|move: Protect\n|\n|-heal|p1a: Scream Tail|166/330|[from] item: Leftovers\n|upkeep\n|turn|81\n|\n|t:|1712861877\n|move|p1a: Scream Tail|Wish|p1a: Scream Tail\n|move|p2a: Beartic|Icicle Crash|p1a: Scream Tail\n|-damage|p1a: Scream Tail|48/330\n|\n|-heal|p1a: Scream Tail|68/330|[from] item: Leftovers\n|upkeep\n|turn|82\n|\n|t:|1712861891\n|move|p1a: Scream Tail|Protect|p1a: Scream Tail\n|-singleturn|p1a: Scream Tail|Protect\n|move|p2a: Beartic|Earthquake|p1a: Scream Tail\n|-activate|p1a: Scream Tail|move: Protect\n|\n|-heal|p1a: Scream Tail|233/330|[from] move: Wish|[wisher] Scream Tail\n|-heal|p1a: Scream Tail|253/330|[from] item: Leftovers\n|upkeep\n|turn|83\n|\n|t:|1712861895\n|move|p1a: Scream Tail|Wish|p1a: Scream Tail\n|move|p2a: Beartic|Icicle Crash|p1a: Scream Tail|[miss]\n|-miss|p2a: Beartic|p1a: Scream Tail\n|\n|-heal|p1a: Scream Tail|273/330|[from] item: Leftovers\n|upkeep\n|turn|84\n|\n|t:|1712861898\n|move|p1a: Scream Tail|Play Rough|p2a: Beartic\n|-damage|p2a: Beartic|37/317\n|move|p2a: Beartic|Icicle Crash|p1a: Scream Tail\n|-damage|p1a: Scream Tail|153/330\n|\n|-heal|p1a: Scream Tail|318/330|[from] move: Wish|[wisher] Scream Tail\n|-heal|p1a: Scream Tail|330/330|[from] item: Leftovers\n|upkeep\n|turn|85\n|\n|t:|1712861906\n|move|p1a: Scream Tail|Play Rough|p2a: Beartic|[miss]\n|-miss|p1a: Scream Tail|p2a: Beartic\n|move|p2a: Beartic|Icicle Crash|p1a: Scream Tail\n|-damage|p1a: Scream Tail|210/330\n|\n|-heal|p1a: Scream Tail|230/330|[from] item: Leftovers\n|upkeep\n|turn|86\n|\n|t:|1712861909\n|switch|p2a: Bastiodon|Bastiodon, L89, F|252/252\n|move|p1a: Scream Tail|Protect||[still]\n|-fail|p1a: Scream Tail\n|\n|-heal|p1a: Scream Tail|250/330|[from] item: Leftovers\n|upkeep\n|turn|87\n|\n|t:|1712861915\n|move|p1a: Scream Tail|Wish|p1a: Scream Tail\n|move|p2a: Bastiodon|Foul Play|p1a: Scream Tail\n|-damage|p1a: Scream Tail|202/330\n|\n|-heal|p1a: Scream Tail|222/330|[from] item: Leftovers\n|upkeep\n|turn|88\n|\n|t:|1712861922\n|move|p1a: Scream Tail|Encore|p2a: Bastiodon\n|-start|p2a: Bastiodon|Encore\n|move|p2a: Bastiodon|Foul Play|p1a: Scream Tail\n|-damage|p1a: Scream Tail|172/330\n|\n|-heal|p1a: Scream Tail|330/330|[from] move: Wish|[wisher] Scream Tail\n|upkeep\n|turn|89\n|\n|t:|1712861928\n|-end|p1a: Scream Tail|Protosynthesis|[silent]\n|switch|p1a: Volbeat|Volbeat, L90, M|162/263\n|move|p2a: Bastiodon|Foul Play|p1a: Volbeat\n|-damage|p1a: Volbeat|95/263\n|\n|upkeep\n|turn|90\n|\n|t:|1712861936\n|move|p1a: Volbeat|Roost|p1a: Volbeat\n|-heal|p1a: Volbeat|227/263\n|-singleturn|p1a: Volbeat|move: Roost\n|move|p2a: Bastiodon|Foul Play|p1a: Volbeat\n|-damage|p1a: Volbeat|159/263\n|\n|-end|p2a: Bastiodon|Encore\n|upkeep\n|turn|91\n|\n|t:|1712861942\n|move|p1a: Volbeat|Thunder Wave|p2a: Bastiodon|[miss]\n|-miss|p1a: Volbeat|p2a: Bastiodon\n|move|p2a: Bastiodon|Foul Play|p1a: Volbeat\n|-damage|p1a: Volbeat|98/263\n|\n|upkeep\n|turn|92\n|\n|t:|1712861948\n|move|p1a: Volbeat|Roost|p1a: Volbeat\n|-heal|p1a: Volbeat|230/263\n|-singleturn|p1a: Volbeat|move: Roost\n|move|p2a: Bastiodon|Foul Play|p1a: Volbeat\n|-damage|p1a: Volbeat|169/263\n|\n|upkeep\n|turn|93\n|\n|t:|1712861955\n|move|p1a: Volbeat|U-turn|p2a: Bastiodon\n|-resisted|p2a: Bastiodon\n|-damage|p2a: Bastiodon|232/252\n|\n|t:|1712861958\n|switch|p1a: Scream Tail|Scream Tail, L84|330/330|[from] U-turn\n|move|p2a: Bastiodon|Iron Defense|p2a: Bastiodon\n|-boost|p2a: Bastiodon|def|2\n|\n|upkeep\n|turn|94\n|\n|t:|1712861961\n|switch|p2a: Palafin|Palafin-Hero, L77, F|268/281 par\n|move|p1a: Scream Tail|Encore||[still]\n|-fail|p1a: Scream Tail\n|\n|-heal|p2a: Palafin|281/281 par|[from] item: Leftovers\n|upkeep\n|turn|95\n|\n|t:|1712861968\n|switch|p2a: Bastiodon|Bastiodon, L89, F|232/252\n|move|p1a: Scream Tail|Wish|p1a: Scream Tail\n|\n|upkeep\n|turn|96\n|\n|t:|1712861972\n|-end|p1a: Scream Tail|Protosynthesis|[silent]\n|switch|p1a: Volbeat|Volbeat, L90, M|169/263\n|move|p2a: Bastiodon|Iron Defense|p2a: Bastiodon\n|-boost|p2a: Bastiodon|def|2\n|\n|-heal|p1a: Volbeat|263/263|[from] move: Wish|[wisher] Scream Tail\n|upkeep\n|turn|97\n|\n|t:|1712861978\n|switch|p2a: Palafin|Palafin-Hero, L77, F|281/281 par\n|move|p1a: Volbeat|Encore||[still]\n|-fail|p1a: Volbeat\n|\n|upkeep\n|turn|98\n|\n|t:|1712861980\n|switch|p2a: Bastiodon|Bastiodon, L89, F|232/252\n|move|p1a: Volbeat|U-turn|p2a: Bastiodon\n|-resisted|p2a: Bastiodon\n|-damage|p2a: Bastiodon|214/252\n|\n|t:|1712861982\n|switch|p1a: Politoed|Politoed, L88, F|53/302|[from] U-turn\n|-weather|RainDance|[from] ability: Drizzle|[of] p1a: Politoed\n|\n|-weather|RainDance|[upkeep]\n|upkeep\n|turn|99\n|\n|t:|1712861988\n|-terastallize|p2a: Bastiodon|Fighting\n|move|p1a: Politoed|Rest|p1a: Politoed\n|-status|p1a: Politoed|slp|[from] move: Rest\n|-heal|p1a: Politoed|302/302 slp|[silent]\n|-enditem|p1a: Politoed|Chesto Berry|[eat]\n|-curestatus|p1a: Politoed|slp|[msg]\n|move|p2a: Bastiodon|Body Press|p1a: Politoed\n|-damage|p1a: Politoed|139/302\n|\n|-weather|RainDance|[upkeep]\n|upkeep\n|turn|100\n|\n|t:|1712861993\n|switch|p1a: Scream Tail|Scream Tail, L84|330/330\n|move|p2a: Bastiodon|Iron Defense|p2a: Bastiodon\n|-boost|p2a: Bastiodon|def|2\n|\n|-weather|RainDance|[upkeep]\n|upkeep\n|turn|101\n|\n|t:|1712862001\n|move|p1a: Scream Tail|Play Rough|p2a: Bastiodon\n|-supereffective|p2a: Bastiodon\n|-damage|p2a: Bastiodon|170/252\n|move|p2a: Bastiodon|Iron Defense|p2a: Bastiodon\n|-boost|p2a: Bastiodon|def|2\n|\n|-weather|RainDance|[upkeep]\n|upkeep\n|turn|102\n|\n|t:|1712862005\n|move|p1a: Scream Tail|Encore|p2a: Bastiodon\n|-start|p2a: Bastiodon|Encore\n|move|p2a: Bastiodon|Iron Defense|p2a: Bastiodon\n|-boost|p2a: Bastiodon|def|2\n|\n|-weather|none\n|upkeep\n|turn|103\n|\n|t:|1712862012\n|move|p1a: Scream Tail|Play Rough|p2a: Bastiodon\n|-supereffective|p2a: Bastiodon\n|-damage|p2a: Bastiodon|146/252\n|move|p2a: Bastiodon|Iron Defense|p2a: Bastiodon\n|-boost|p2a: Bastiodon|def|0\n|\n|upkeep\n|turn|104\n|\n|t:|1712862016\n|move|p1a: Scream Tail|Play Rough|p2a: Bastiodon\n|-supereffective|p2a: Bastiodon\n|-damage|p2a: Bastiodon|126/252\n|move|p2a: Bastiodon|Iron Defense|p2a: Bastiodon\n|-boost|p2a: Bastiodon|def|0\n|\n|-end|p2a: Bastiodon|Encore\n|upkeep\n|turn|105\n|\n|t:|1712862019\n|move|p1a: Scream Tail|Encore|p2a: Bastiodon\n|-start|p2a: Bastiodon|Encore\n|move|p2a: Bastiodon|Iron Defense|p2a: Bastiodon\n|-boost|p2a: Bastiodon|def|0\n|\n|upkeep\n|turn|106\n|\n|t:|1712862021\n|-end|p1a: Scream Tail|Protosynthesis|[silent]\n|switch|p1a: Politoed|Politoed, L88, F|139/302\n|-weather|RainDance|[from] ability: Drizzle|[of] p1a: Politoed\n|move|p2a: Bastiodon|Iron Defense|p2a: Bastiodon\n|-boost|p2a: Bastiodon|def|0\n|\n|-weather|RainDance|[upkeep]\n|upkeep\n|turn|107\n|\n|t:|1712862023\n|switch|p2a: Palafin|Palafin-Hero, L77, F|281/281 par\n|move|p1a: Politoed|Surf|p2a: Palafin\n|-resisted|p2a: Palafin\n|-damage|p2a: Palafin|197/281 par\n|\n|-weather|RainDance|[upkeep]\n|-heal|p2a: Palafin|214/281 par|[from] item: Leftovers\n|upkeep\n|turn|108\n|\n|t:|1712862028\n|move|p1a: Politoed|Surf|p2a: Palafin\n|-resisted|p2a: Palafin\n|-crit|p2a: Palafin\n|-damage|p2a: Palafin|95/281 par\n|move|p2a: Palafin|Bulk Up|p2a: Palafin\n|-boost|p2a: Palafin|atk|1\n|-boost|p2a: Palafin|def|1\n|\n|-weather|RainDance|[upkeep]\n|-heal|p2a: Palafin|112/281 par|[from] item: Leftovers\n|upkeep\n|turn|109\n|\n|t:|1712862033\n|move|p2a: Palafin|Jet Punch|p1a: Politoed\n|-resisted|p1a: Politoed\n|-damage|p1a: Politoed|49/302\n|move|p1a: Politoed|Encore|p2a: Palafin\n|-start|p2a: Palafin|Encore\n|\n|-weather|RainDance|[upkeep]\n|-heal|p2a: Palafin|129/281 par|[from] item: Leftovers\n|upkeep\n|turn|110\n|\n|t:|1712862037\n|switch|p1a: Altaria|Altaria, L88, F|270/275\n|move|p2a: Palafin|Jet Punch|p1a: Altaria\n|-resisted|p1a: Altaria\n|-damage|p1a: Altaria|192/275\n|\n|-weather|none\n|-heal|p2a: Palafin|146/281 par|[from] item: Leftovers\n|upkeep\n|turn|111\n|\n|t:|1712862041\n|move|p2a: Palafin|Jet Punch|p1a: Altaria\n|-resisted|p1a: Altaria\n|-damage|p1a: Altaria|138/275\n|move|p1a: Altaria|Defog|p2a: Palafin\n|-unboost|p2a: Palafin|evasion|1\n|\n|-heal|p2a: Palafin|163/281 par|[from] item: Leftovers\n|upkeep\n|turn|112\n|\n|t:|1712862050\n|switch|p1a: Volbeat|Volbeat, L90, M|263/263\n|move|p2a: Palafin|Jet Punch|p1a: Volbeat\n|-damage|p1a: Volbeat|125/263\n|\n|-heal|p2a: Palafin|180/281 par|[from] item: Leftovers\n|-end|p2a: Palafin|Encore\n|upkeep\n|turn|113\n|\n|t:|1712862057\n|move|p1a: Volbeat|Roost|p1a: Volbeat\n|-heal|p1a: Volbeat|257/263\n|-singleturn|p1a: Volbeat|move: Roost\n|move|p2a: Palafin|Jet Punch|p1a: Volbeat\n|-damage|p1a: Volbeat|128/263\n|\n|-heal|p2a: Palafin|197/281 par|[from] item: Leftovers\n|upkeep\n|turn|114\n|\n|t:|1712862066\n|move|p1a: Volbeat|Roost|p1a: Volbeat\n|-heal|p1a: Volbeat|260/263\n|-singleturn|p1a: Volbeat|move: Roost\n|move|p2a: Palafin|Bulk Up|p2a: Palafin\n|-boost|p2a: Palafin|atk|1\n|-boost|p2a: Palafin|def|1\n|\n|-heal|p2a: Palafin|214/281 par|[from] item: Leftovers\n|upkeep\n|turn|115\n|\n|t:|1712862072\n|switch|p2a: Bastiodon|Bastiodon, L89, F, tera:Fighting|126/252\n|move|p1a: Volbeat|Encore||[still]\n|-fail|p1a: Volbeat\n|\n|upkeep\n|turn|116\n|\n|t:|1712862076\n|move|p1a: Volbeat|U-turn|p2a: Bastiodon\n|-resisted|p2a: Bastiodon\n|-damage|p2a: Bastiodon|108/252\n|\n|t:|1712862082\n|switch|p1a: Politoed|Politoed, L88, F|49/302|[from] U-turn\n|-weather|RainDance|[from] ability: Drizzle|[of] p1a: Politoed\n|move|p2a: Bastiodon|Rest|p2a: Bastiodon\n|-status|p2a: Bastiodon|slp|[from] move: Rest\n|-heal|p2a: Bastiodon|252/252 slp|[silent]\n|-enditem|p2a: Bastiodon|Chesto Berry|[eat]\n|-curestatus|p2a: Bastiodon|slp|[msg]\n|\n|-weather|RainDance|[upkeep]\n|upkeep\n|turn|117\n|\n|t:|1712862088\n|move|p1a: Politoed|Encore|p2a: Bastiodon\n|-start|p2a: Bastiodon|Encore\n|move|p2a: Bastiodon|Rest|p2a: Bastiodon\n|-fail|p2a: Bastiodon|heal\n|\n|-weather|RainDance|[upkeep]\n|upkeep\n|turn|118\n|\n|t:|1712862093\n|switch|p2a: Palafin|Palafin-Hero, L77, F|214/281 par\n|move|p1a: Politoed|Surf|p2a: Palafin\n|-resisted|p2a: Palafin\n|-damage|p2a: Palafin|139/281 par\n|\n|-weather|RainDance|[upkeep]\n|-heal|p2a: Palafin|156/281 par|[from] item: Leftovers\n|upkeep\n|turn|119\n|\n|t:|1712862098\n|switch|p1a: Altaria|Altaria, L88, F|138/275\n|move|p2a: Palafin|Jet Punch|p1a: Altaria\n|-resisted|p1a: Altaria\n|-damage|p1a: Altaria|77/275\n|\n|-weather|RainDance|[upkeep]\n|-heal|p2a: Palafin|173/281 par|[from] item: Leftovers\n|upkeep\n|turn|120\n|\n|t:|1712862107\n|move|p1a: Altaria|Roost|p1a: Altaria\n|-heal|p1a: Altaria|215/275\n|-singleturn|p1a: Altaria|move: Roost\n|move|p2a: Palafin|Bulk Up|p2a: Palafin\n|-boost|p2a: Palafin|atk|1\n|-boost|p2a: Palafin|def|1\n|\n|-weather|none\n|-heal|p2a: Palafin|190/281 par|[from] item: Leftovers\n|upkeep\n|turn|121\n|\n|t:|1712862113\n|move|p1a: Altaria|Haze|p1a: Altaria\n|-clearallboost\n|cant|p2a: Palafin|par\n|\n|-heal|p2a: Palafin|207/281 par|[from] item: Leftovers\n|upkeep\n|turn|122\n|\n|t:|1712862118\n|move|p1a: Altaria|Brave Bird|p2a: Palafin\n|-damage|p2a: Palafin|93/281 par\n|-damage|p1a: Altaria|177/275|[from] Recoil\n|move|p2a: Palafin|Ice Punch|p1a: Altaria\n|-supereffective|p1a: Altaria\n|-damage|p1a: Altaria|0 fnt\n|faint|p1a: Altaria\n|\n|-heal|p2a: Palafin|110/281 par|[from] item: Leftovers\n|upkeep\n|\n|t:|1712862125\n|switch|p1a: Scream Tail|Scream Tail, L84|330/330\n|turn|123\n|\n|t:|1712862132\n|switch|p2a: Bastiodon|Bastiodon, L89, F, tera:Fighting|252/252\n|move|p1a: Scream Tail|Play Rough|p2a: Bastiodon\n|-supereffective|p2a: Bastiodon\n|-damage|p2a: Bastiodon|178/252\n|\n|upkeep\n|turn|124\n|\n|t:|1712862141\n|move|p1a: Scream Tail|Play Rough|p2a: Bastiodon\n|-supereffective|p2a: Bastiodon\n|-damage|p2a: Bastiodon|94/252\n|move|p2a: Bastiodon|Iron Defense|p2a: Bastiodon\n|-boost|p2a: Bastiodon|def|2\n|\n|upkeep\n|turn|125\n|\n|t:|1712862148\n|move|p1a: Scream Tail|Play Rough|p2a: Bastiodon\n|-supereffective|p2a: Bastiodon\n|-damage|p2a: Bastiodon|50/252\n|move|p2a: Bastiodon|Rest|p2a: Bastiodon\n|-status|p2a: Bastiodon|slp|[from] move: Rest\n|-heal|p2a: Bastiodon|252/252 slp|[silent]\n|\n|upkeep\n|turn|126\n|\n|t:|1712862153\n|-end|p1a: Scream Tail|Protosynthesis|[silent]\n|switch|p1a: Politoed|Politoed, L88, F|49/302\n|-weather|RainDance|[from] ability: Drizzle|[of] p1a: Politoed\n|cant|p2a: Bastiodon|slp\n|\n|-weather|RainDance|[upkeep]\n|upkeep\n|turn|127\n|\n|t:|1712862157\n|switch|p2a: Beartic|Beartic, L90, M|37/317\n|move|p1a: Politoed|Surf|p2a: Beartic\n|-damage|p2a: Beartic|0 fnt\n|faint|p2a: Beartic\n|\n|-weather|RainDance|[upkeep]\n|upkeep\n|\n|t:|1712862158\n|switch|p2a: Palafin|Palafin-Hero, L77, F|110/281 par\n|turn|128\n|\n|t:|1712862167\n|switch|p1a: Volbeat|Volbeat, L90, M|260/263\n|cant|p2a: Palafin|par\n|\n|-weather|RainDance|[upkeep]\n|-heal|p2a: Palafin|127/281 par|[from] item: Leftovers\n|upkeep\n|turn|129\n|\n|t:|1712862171\n|switch|p2a: Bastiodon|Bastiodon, L89, F, tera:Fighting|252/252 slp\n|move|p1a: Volbeat|U-turn|p2a: Bastiodon\n|-resisted|p2a: Bastiodon\n|-damage|p2a: Bastiodon|233/252 slp\n|\n|t:|1712862174\n|switch|p1a: Politoed|Politoed, L88, F|49/302|[from] U-turn\n|\n|-weather|RainDance|[upkeep]\n|upkeep\n|turn|130\n|\n|t:|1712862178\n|switch|p2a: Palafin|Palafin-Hero, L77, F|127/281 par\n|move|p1a: Politoed|Surf|p2a: Palafin\n|-resisted|p2a: Palafin\n|-damage|p2a: Palafin|46/281 par\n|\n|-weather|none\n|-heal|p2a: Palafin|63/281 par|[from] item: Leftovers\n|upkeep\n|turn|131\n|\n|t:|1712862189\n|switch|p1a: Scream Tail|Scream Tail, L84|330/330\n|move|p2a: Palafin|Jet Punch|p1a: Scream Tail\n|-damage|p1a: Scream Tail|261/330\n|\n|-heal|p1a: Scream Tail|281/330|[from] item: Leftovers\n|-heal|p2a: Palafin|80/281 par|[from] item: Leftovers\n|upkeep\n|turn|132\n|\n|t:|1712862193\n|switch|p2a: Bastiodon|Bastiodon, L89, F, tera:Fighting|233/252 slp\n|move|p1a: Scream Tail|Play Rough|p2a: Bastiodon\n|-supereffective|p2a: Bastiodon\n|-damage|p2a: Bastiodon|147/252 slp\n|\n|-heal|p1a: Scream Tail|301/330|[from] item: Leftovers\n|upkeep\n|turn|133\n|\n|t:|1712862197\n|move|p1a: Scream Tail|Play Rough|p2a: Bastiodon\n|-supereffective|p2a: Bastiodon\n|-damage|p2a: Bastiodon|67/252 slp\n|cant|p2a: Bastiodon|slp\n|\n|-heal|p1a: Scream Tail|321/330|[from] item: Leftovers\n|upkeep\n|turn|134\n|\n|t:|1712862202\n|move|p1a: Scream Tail|Play Rough|p2a: Bastiodon\n|-supereffective|p2a: Bastiodon\n|-damage|p2a: Bastiodon|0 fnt\n|faint|p2a: Bastiodon\n|\n|-heal|p1a: Scream Tail|330/330|[from] item: Leftovers\n|upkeep\n|c|\u2606scyther225|i knew i lost 80 turns ago so idk why i tried\n|c|\u2606scyther225|not exaggerating perhaps the most annoying team i've ever played against\n|-message|scyther225 forfeited.\n|\n|win|LT_Alt1\n|raw|LT_Alt1's rating: 2423 &rarr; <strong>2441</strong><br />(+18 for winning)\n|raw|scyther225's rating: 2387 &rarr; <strong>2369</strong><br />(-18 for losing)\n|l|\u2606scyther225\n|player|p2|\n", "inputlog": ">version 3a5338d38dc0bb363dd203110c27f40e04e176a8\n>start {\"formatid\":\"gen9randombattle\",\"seed\":[33151,17110,10115,43796],\"rated\":\"Rated battle\"}\n>player p1 {\"name\":\"LT_Alt1\",\"avatar\":\"101\",\"rating\":2423,\"seed\":[8600,38076,63563,59065]}\n>player p2 {\"name\":\"scyther225\",\"avatar\":\"acetrainer-gen4dp\",\"rating\":2387,\"seed\":[10135,1961,16933,6751]}\n>p1 switch 5\n>p2 move beatup\n>p1 move foulplay\n>p2 move uturn\n>p2 switch 2\n>p1 switch 5\n>p2 move nastyplot\n>p1 move encore\n>p2 move hydropump\n>p1 switch 6\n>p2 switch 2\n>p1 move liquidation\n>p2 move beatup\n>p1 move liquidation\n>p2 move uturn\n>p2 switch 2\n>p1 switch 6\n>p2 move hydropump\n>p1 move wish\n>p2 switch 2\n>p1 switch 6\n>p2 move uturn\n>p2 switch 4\n>p1 move liquidation\n>p2 switch 2\n>p1 switch 6\n>p2 move hydropump\n>p1 move wish\n>p2 switch 4\n>p1 switch 6\n>p2 move gunkshot\n>chat \u2606scyther225|i think hydro pump might have lowest accuracy in the game\n>p1 move liquidation\n>p2 move uturn\n>p2 switch 4\n>p1 switch 6\n>p2 move hydropump\n>p1 move wish\n>p2 switch 4\n>p1 switch 6\n>p2 move gunkshot\n>p1 move liquidation\n>p2 move uturn\n>p2 switch 4\n>p1 switch 6\n>p2 move hydropump\n>p1 move wish\n>p2 switch 4\n>chat  yeuphuonganhh|=))\n>p1 switch 6\n>p2 move uturn\n>p2 switch 2\n>p1 switch 6\n>p2 move bulkup\n>p1 move encore\n>p2 move bulkup\n>p1 switch 2\n>p2 move bulkup\n>p1 move haze\n>p2 move bulkup\n>p1 switch 2\n>p2 move bulkup\n>p1 move encore\n>p2 move jetpunch\n>p1 move wish\n>p2 move jetpunch\n>p1 move protect\n>p2 switch 4\n>p1 move playrough\n>p2 switch 2\n>p1 switch 5\n>p2 move gunkshot\n>p1 move bodypress\n>p2 move uturn\n>p2 switch 4\n>p1 switch 5\n>p2 move bulkup\n>p1 move encore\n>p2 move bulkup\n>p1 switch 2\n>p2 move bulkup\n>p1 move haze\n>p2 move bulkup\n>p1 switch 3\n>p2 switch 3\n>p1 move uturn\n>p2 move heatcrash\n>p1 switch 4\n>p1 move surf\n>p2 switch 2\n>p1 move encore\n>p2 move nastyplot\n>p1 move surf\n>p2 move nastyplot\n>p1 switch 4\n>p2 switch 4\n>p1 switch 5\n>p2 move beatup\n>p1 move bodypress\n>p2 move uturn\n>p2 switch 3\n>p1 switch 5\n>p2 switch 3\n>p1 switch 5\n>p2 move beatup\n>p1 move bodypress\n>p2 move uturn\n>p2 switch 4\n>p2 switch 2\n>p1 switch 4\n>p2 move heatcrash\n>p1 move surf\n>p2 move dragondance\n>p1 move surf\n>p2 move outrage\n>p2 switch 3\n>p1 move encore\n>p2 move bulkup\n>p1 switch 5\n>p2 move bulkup\n>p1 move thunderwave\n>p2 switch 4\n>p1 move uturn\n>p2 move uturn\n>p1 switch 4\n>p2 switch 6\n>p1 switch 2\n>p2 move earthquake\n>chat \u2606scyther225|cant imagine a more annoying team\n>p1 move playrough\n>p2 switch 6\n>p1 move protect\n>p2 move uturn\n>p1 switch 2\n>p2 move uturn\n>p2 switch 4\n>p1 switch 4\n>p2 move bulkup\n>p1 move encore\n>p2 switch 4\n>p1 move uturn\n>p2 move uturn\n>p1 switch 4\n>p1 move rest\n>p2 switch 4\n>p1 switch 4\n>p2 move jetpunch\n>p1 move thunderwave\n>p2 switch 4\n>p1 move uturn\n>p2 move uturn\n>p1 switch 4\n>p2 switch 4\n>p1 switch 4\n>p2 move bulkup\n>p1 move encore\n>p2 move bulkup\n>p1 move thunderwave\n>p2 move bulkup\n>p1 move roost\n>p2 move bulkup\n>p1 move encore\n>p2 move jetpunch\n>p1 move uturn\n>p2 move bulkup\n>p1 switch 3\n>p1 move haze\n>p2 switch 6\n>chat \u2606scyther225|this is literally so dumb\n>chat \u2606scyther225|three encores\n>p1 switch 6\n>p2 move swordsdance\n>chat \u2606scyther225|haze t wave\n>p1 move liquidation\n>p2 move earthquake\n>p1 switch 3\n>p1 move encore\n>p2 move iciclecrash\n>p1 move uturn\n>p2 move earthquake\n>p1 switch 6\n>p1 move bravebird\n>p2 switch 4\n>p2 switch 4\n>p1 switch 2\n>p2 move iciclecrash\n>p1 move protect\n>p2 move iciclecrash\n>p1 move wish\n>p2 move iciclecrash\n>p1 move protect\n>p2 move earthquake\n>p1 move wish\n>p2 move iciclecrash\n>p1 move playrough\n>p2 move iciclecrash\n>p1 move playrough\n>p2 move iciclecrash\n>p1 move protect\n>p2 switch 5\n>p1 move wish\n>p2 move foulplay\n>p1 move encore\n>p2 move bodypress\n>p1 switch 6\n>p2 move foulplay\n>p1 move roost\n>p2 move foulplay\n>p1 move thunderwave\n>p2 move foulplay\n>p1 move roost\n>p2 move foulplay\n>p1 move uturn\n>p2 move irondefense\n>p1 switch 6\n>p1 move encore\n>p2 switch 6\n>p1 move wish\n>p2 switch 6\n>p1 switch 6\n>p2 move irondefense\n>p1 move encore\n>p2 switch 6\n>p1 move uturn\n>p2 switch 6\n>p1 switch 5\n>p1 move rest\n>p2 move bodypress terastallize\n>p1 switch 6\n>p2 move irondefense\n>p1 move playrough\n>p2 move irondefense\n>p1 move encore\n>p2 move bodypress\n>p1 move playrough\n>p2 move irondefense\n>p1 move playrough\n>p2 move irondefense\n>p1 move encore\n>p2 move bodypress\n>p1 switch 6\n>p2 move irondefense\n>p1 move surf\n>p2 switch 6\n>p1 move surf\n>p2 move bulkup\n>p1 move encore\n>p2 move jetpunch\n>p1 switch 2\n>p2 move jetpunch\n>p1 move defog\n>p2 move jetpunch\n>p1 switch 5\n>p2 move jetpunch\n>p1 move roost\n>p2 move jetpunch\n>p1 move roost\n>p2 move bulkup\n>p1 move encore\n>p2 switch 6\n>p1 move uturn\n>p2 move rest\n>p1 switch 2\n>p1 move encore\n>p2 move bodypress\n>p1 move surf\n>p2 switch 6\n>p1 switch 5\n>p2 move jetpunch\n>p1 move roost\n>p2 move bulkup\n>p1 move haze\n>p2 move icepunch\n>p1 move bravebird\n>p2 move icepunch\n>p1 switch 6\n>p1 move playrough\n>p2 switch 6\n>p1 move playrough\n>p2 move irondefense\n>p1 move playrough\n>p2 move rest\n>p1 switch 5\n>p2 move irondefense\n>p1 move surf\n>p2 switch 5\n>p2 switch 6\n>p1 switch 2\n>p2 move jetpunch\n>p1 move uturn\n>p2 switch 5\n>p1 switch 2\n>p1 move surf\n>p2 switch 5\n>p1 switch 5\n>p2 move jetpunch\n>p1 move playrough\n>p2 switch 5\n>p1 move playrough\n>p2 move irondefense\n>p1 move playrough\n>p2 move rest\n>chat \u2606scyther225|i knew i lost 80 turns ago so idk why i tried\n>chat \u2606scyther225|not exaggerating perhaps the most annoying team i've ever played against\n>forcelose p2", "uploadtime": 1712862238, "views": 249, "formatid": "gen9randombattle", "rating": 2369, "private": 0, "password": null}