{"id": "gen9randombattle-2260764635", "format": "[Gen 9] Random Battle", "players": ["crackasarethedevil", "weioioio"], "log": "|j|\u203dcrackasarethedevil\n|j|\u2606weioioio\n|t:|1733888663\n|gametype|singles\n|player|p1|crackasarethedevil|lenora|1257\n|player|p2|weioioio|wallace|1243\n|teamsize|p1|6\n|teamsize|p2|6\n|gen|9\n|tier|[Gen 9] Random Battle\n|rated|\n|rule|Species Clause: Limit one of each Pok\u00e9mon\n|rule|HP Percentage Mod: HP is shown in percentages\n|rule|Sleep Clause Mod: Limit one foe put to sleep\n|rule|Illusion Level Mod: Illusion disguises the Pok\u00e9mon's true level\n|\n|t:|1733888663\n|start\n|switch|p1a: Bastiodon|Bastiodon, L89, M|252/252\n|switch|p2a: Minior|Minior-Blue, L79|224/224\n|-formechange|p2a: Minior|Minior-Meteor||[from] ability: Shields Down\n|turn|1\n|inactive|Battle timer is ON: inactive players will automatically lose when time's up. (requested by weioioio)\n|inactive|crackasarethedevil also wants the timer to be on.\n|\n|t:|1733888677\n|move|p2a: Minior|Shell Smash|p2a: Minior\n|-unboost|p2a: Minior|def|1\n|-unboost|p2a: Minior|spd|1\n|-boost|p2a: Minior|atk|2\n|-boost|p2a: Minior|spa|2\n|-boost|p2a: Minior|spe|2\n|-enditem|p2a: Minior|White Herb\n|-clearnegativeboost|p2a: Minior|[silent]\n|move|p1a: Bastiodon|Iron Defense|p1a: Bastiodon\n|-boost|p1a: Bastiodon|def|2\n|\n|upkeep\n|turn|2\n|\n|t:|1733888689\n|move|p2a: Minior|Earthquake|p1a: Bastiodon\n|-supereffective|p1a: Bastiodon\n|-damage|p1a: Bastiodon|156/252\n|move|p1a: Bastiodon|Foul Play|p2a: Minior\n|-damage|p2a: Minior|130/224\n|\n|upkeep\n|turn|3\n|\n|t:|1733888698\n|move|p2a: Minior|Earthquake|p1a: Bastiodon\n|-supereffective|p1a: Bastiodon\n|-damage|p1a: Bastiodon|52/252\n|move|p1a: Bastiodon|Body Press|p2a: Minior\n|-damage|p2a: Minior|0 fnt\n|faint|p2a: Minior\n|\n|upkeep\n|\n|t:|1733888708\n|switch|p2a: Mesprit|Mesprit, L85|275/275\n|turn|4\n|\n|t:|1733888716\n|switch|p1a: Houndstone|Houndstone, L86, M|264/264\n|move|p2a: Mesprit|Psychic|p1a: Houndstone\n|-damage|p1a: Houndstone|177/264\n|-unboost|p1a: Houndstone|spd|1\n|-damage|p2a: Mesprit|248/275|[from] item: Life Orb\n|\n|upkeep\n|turn|5\n|\n|t:|1733888727\n|move|p1a: Houndstone|Shadow Sneak|p2a: Mesprit\n|-supereffective|p2a: Mesprit\n|-damage|p2a: Mesprit|174/275\n|move|p2a: Mesprit|Psychic|p1a: Houndstone\n|-damage|p1a: Houndstone|55/264\n|-damage|p2a: Mesprit|147/275|[from] item: Life Orb\n|\n|upkeep\n|turn|6\n|\n|t:|1733888737\n|move|p1a: Houndstone|Shadow Sneak|p2a: Mesprit\n|-supereffective|p2a: Mesprit\n|-damage|p2a: Mesprit|69/275\n|move|p2a: Mesprit|Psychic|p1a: Houndstone\n|-damage|p1a: Houndstone|0 fnt\n|faint|p1a: Houndstone\n|-damage|p2a: Mesprit|42/275|[from] item: Life Orb\n|\n|upkeep\n|\n|t:|1733888750\n|switch|p1a: Snorlax|Snorlax, L82, M|397/397\n|turn|7\n|\n|t:|1733888764\n|move|p2a: Mesprit|Psychic|p1a: Snorlax\n|-damage|p1a: Snorlax|287/397\n|-damage|p2a: Mesprit|15/275|[from] item: Life Orb\n|move|p1a: Snorlax|Curse|p1a: Snorlax\n|-unboost|p1a: Snorlax|spe|1\n|-boost|p1a: Snorlax|atk|1\n|-boost|p1a: Snorlax|def|1\n|\n|-heal|p1a: Snorlax|311/397|[from] item: Leftovers\n|upkeep\n|turn|8\n|\n|t:|1733888770\n|move|p2a: Mesprit|Psychic|p1a: Snorlax\n|-damage|p1a: Snorlax|189/397\n|-damage|p2a: Mesprit|0 fnt|[from] item: Life Orb\n|faint|p2a: Mesprit\n|move|p1a: Snorlax|Curse|p1a: Snorlax\n|-unboost|p1a: Snorlax|spe|1\n|-boost|p1a: Snorlax|atk|1\n|-boost|p1a: Snorlax|def|1\n|\n|-heal|p1a: Snorlax|213/397|[from] item: Leftovers\n|upkeep\n|\n|t:|1733888784\n|switch|p2a: Umbreon|Umbreon, L84, M|297/297\n|turn|9\n|\n|t:|1733888788\n|move|p2a: Umbreon|Toxic|p1a: Snorlax\n|-status|p1a: Snorlax|tox\n|move|p1a: Snorlax|Body Slam||[still]\n|-damage|p2a: Umbreon|146/297\n|-status|p2a: Umbreon|par\n|-activate|p2a: Umbreon|ability: Synchronize\n|-fail|p2a: Umbreon\n|\n|-heal|p2a: Umbreon|164/297 par|[from] item: Leftovers\n|-heal|p1a: Snorlax|237/397 tox|[from] item: Leftovers\n|-damage|p1a: Snorlax|213/397 tox|[from] psn\n|upkeep\n|turn|10\n|\n|t:|1733888794\n|move|p2a: Umbreon|Protect|p2a: Umbreon\n|-singleturn|p2a: Umbreon|Protect\n|move|p1a: Snorlax|Body Slam|p2a: Umbreon\n|-activate|p2a: Umbreon|move: Protect\n|\n|-heal|p2a: Umbreon|182/297 par|[from] item: Leftovers\n|-heal|p1a: Snorlax|237/397 tox|[from] item: Leftovers\n|-damage|p1a: Snorlax|189/397 tox|[from] psn\n|upkeep\n|turn|11\n|\n|t:|1733888803\n|move|p2a: Umbreon|Wish|p2a: Umbreon\n|move|p1a: Snorlax|Body Slam|p2a: Umbreon\n|-damage|p2a: Umbreon|32/297 par\n|\n|-heal|p2a: Umbreon|50/297 par|[from] item: Leftovers\n|-heal|p1a: Snorlax|213/397 tox|[from] item: Leftovers\n|-damage|p1a: Snorlax|141/397 tox|[from] psn\n|upkeep\n|turn|12\n|\n|t:|1733888807\n|move|p2a: Umbreon|Protect|p2a: Umbreon\n|-singleturn|p2a: Umbreon|Protect\n|move|p1a: Snorlax|Curse|p1a: Snorlax\n|-unboost|p1a: Snorlax|spe|1\n|-boost|p1a: Snorlax|atk|1\n|-boost|p1a: Snorlax|def|1\n|\n|-heal|p2a: Umbreon|198/297 par|[from] move: Wish|[wisher] Umbreon\n|-heal|p2a: Umbreon|216/297 par|[from] item: Leftovers\n|-heal|p1a: Snorlax|165/397 tox|[from] item: Leftovers\n|-damage|p1a: Snorlax|69/397 tox|[from] psn\n|upkeep\n|turn|13\n|\n|t:|1733888821\n|cant|p2a: Umbreon|par\n|move|p1a: Snorlax|Body Slam|p2a: Umbreon\n|-damage|p2a: Umbreon|33/297 par\n|\n|-heal|p2a: Umbreon|51/297 par|[from] item: Leftovers\n|-heal|p1a: Snorlax|93/397 tox|[from] item: Leftovers\n|-damage|p1a: Snorlax|0 fnt|[from] psn\n|faint|p1a: Snorlax\n|upkeep\n|\n|t:|1733888831\n|switch|p1a: Bastiodon|Bastiodon, L89, M|52/252\n|turn|14\n|\n|t:|1733888837\n|move|p1a: Bastiodon|Rest|p1a: Bastiodon\n|-status|p1a: Bastiodon|slp|[from] move: Rest\n|-heal|p1a: Bastiodon|252/252 slp|[silent]\n|-enditem|p1a: Bastiodon|Chesto Berry|[eat]\n|-curestatus|p1a: Bastiodon|slp|[msg]\n|move|p2a: Umbreon|Foul Play|p1a: Bastiodon\n|-damage|p1a: Bastiodon|225/252\n|\n|-heal|p2a: Umbreon|69/297 par|[from] item: Leftovers\n|upkeep\n|turn|15\n|\n|t:|1733888841\n|move|p1a: Bastiodon|Iron Defense|p1a: Bastiodon\n|-boost|p1a: Bastiodon|def|2\n|cant|p2a: Umbreon|par\n|\n|-heal|p2a: Umbreon|87/297 par|[from] item: Leftovers\n|upkeep\n|turn|16\n|\n|t:|1733888846\n|move|p1a: Bastiodon|Body Press|p2a: Umbreon\n|-supereffective|p2a: Umbreon\n|-damage|p2a: Umbreon|0 fnt\n|faint|p2a: Umbreon\n|\n|upkeep\n|-message|weioioio forfeited.\n|\n|win|crackasarethedevil\n|raw|crackasarethedevil's rating: 1257 &rarr; <strong>1281</strong><br />(+24 for winning)\n|raw|weioioio's rating: 1243 &rarr; <strong>1219</strong><br />(-24 for losing)\n|l|\u2606weioioio\n|player|p2|\n", "inputlog": ">version bfd83cad13791eb5a5a409923076391caf6fb4d4\n>start {\"formatid\":\"gen9randombattle\",\"seed\":[42040,40705,28972,10184],\"rated\":\"Rated battle\"}\n>player p1 {\"name\":\"crackasarethedevil\",\"avatar\":\"lenora\",\"rating\":1257,\"seed\":[61499,62890,20759,13735]}\n>player p2 {\"name\":\"weioioio\",\"avatar\":\"wallace\",\"rating\":1243,\"seed\":[39521,32877,64344,59309]}\n>p1 move irondefense\n>p2 move shellsmash\n>p1 move foulplay\n>p2 move earthquake\n>p1 move bodypress\n>p2 move earthquake\n>p2 switch 2\n>p1 switch 5\n>p2 move psychic\n>p1 move shadowsneak\n>p2 move psychic\n>p1 move shadowsneak\n>p2 move psychic\n>p1 switch 6\n>p1 move curse\n>p2 move psychic\n>p1 move curse\n>p2 move psychic\n>p2 switch 6\n>p1 move bodyslam\n>p2 move toxic\n>p1 move bodyslam\n>p2 move protect\n>p1 move bodyslam\n>p2 move wish\n>p1 move curse\n>p2 move protect\n>p1 move bodyslam\n>p2 move foulplay\n>p1 switch 5\n>p1 move rest\n>p2 move foulplay\n>p1 move irondefense\n>p2 move wish\n>p1 move bodypress\n>p2 move wish\n>forcelose p2", "uploadtime": 1733888858, "views": 9, "formatid": "gen9randombattle", "rating": 1219, "private": 0, "password": null}