{"id": "gen9randombattle-2128428574", "format": "[Gen 9] Random Battle", "players": ["Slim Workshop", "MichaelderBeste2"], "log": "|badge|p1|bronze|gen9randombattle|100-1\n|uhtml|medal-msg|<div class=\"broadcast-blue\">Curious what those medals under the avatar are? PS now has Ladder Seasons! For more information, check out the <a href=\"https://www.smogon.com/forums/threads/3740067/\">thread on Smogon.</a></div>\n|badge|p2|silver|gen9randombattle|30-1\n|uhtml|medal-msg|<div class=\"broadcast-blue\">Curious what those medals under the avatar are? PS now has Ladder Seasons! For more information, check out the <a href=\"https://www.smogon.com/forums/threads/3740067/\">thread on Smogon.</a></div>\n|j|\u203dSlim Workshop\n|j|\u2606MichaelderBeste2\n|t:|1716408909\n|gametype|singles\n|player|p1|Slim Workshop|102|2246\n|player|p2|MichaelderBeste2|#scl1platoon|2491\n|teamsize|p1|6\n|teamsize|p2|6\n|gen|9\n|tier|[Gen 9] Random Battle\n|rated|\n|rule|Species Clause: Limit one of each Pok\u00e9mon\n|rule|HP Percentage Mod: HP is shown in percentages\n|rule|Sleep Clause Mod: Limit one foe put to sleep\n|rule|Illusion Level Mod: Illusion disguises the Pok\u00e9mon's true level\n|\n|t:|1716408909\n|start\n|switch|p1a: Abomasnow|Abomasnow, L85, M|291/291\n|switch|p2a: Cryogonal|Cryogonal, L89|287/287\n|-weather|Snow|[from] ability: Snow Warning|[of] p1a: Abomasnow\n|turn|1\n|\n|t:|1716408969\n|move|p2a: Cryogonal|Flash Cannon|p1a: Abomasnow\n|-supereffective|p1a: Abomasnow\n|-damage|p1a: Abomasnow|209/291\n|move|p1a: Abomasnow|Wood Hammer|p2a: Cryogonal\n|-damage|p2a: Cryogonal|173/287\n|-damage|p1a: Abomasnow|171/291|[from] Recoil\n|\n|-weather|Snow|[upkeep]\n|upkeep\n|turn|2\n|\n|t:|1716408981\n|switch|p1a: Iron Leaves|Iron Leaves, L80|275/275\n|move|p2a: Cryogonal|Recover|p2a: Cryogonal\n|-heal|p2a: Cryogonal|287/287\n|\n|-weather|Snow|[upkeep]\n|upkeep\n|turn|3\n|\n|t:|1716408990\n|-terastallize|p1a: Iron Leaves|Fighting\n|move|p2a: Cryogonal|Freeze-Dry|p1a: Iron Leaves\n|-damage|p1a: Iron Leaves|202/275\n|move|p1a: Iron Leaves|Close Combat|p2a: Cryogonal\n|-supereffective|p2a: Cryogonal\n|-damage|p2a: Cryogonal|0 fnt\n|-unboost|p1a: Iron Leaves|def|1\n|-unboost|p1a: Iron Leaves|spd|1\n|faint|p2a: Cryogonal\n|-damage|p1a: Iron Leaves|175/275|[from] item: Life Orb\n|\n|-weather|Snow|[upkeep]\n|upkeep\n|\n|t:|1716408996\n|switch|p2a: Ampharos|Ampharos, L88, M|302/302\n|turn|4\n|\n|t:|1716409010\n|-end|p1a: Iron Leaves|Quark Drive|[silent]\n|switch|p1a: Sandy Shocks|Sandy Shocks, L80|267/267\n|move|p2a: Ampharos|Agility|p2a: Ampharos\n|-boost|p2a: Ampharos|spe|2\n|\n|-weather|Snow|[upkeep]\n|upkeep\n|turn|5\n|\n|t:|1716409013\n|move|p2a: Ampharos|Focus Blast|p1a: Sandy Shocks|[miss]\n|-miss|p2a: Ampharos|p1a: Sandy Shocks\n|move|p1a: Sandy Shocks|Earth Power|p2a: Ampharos\n|-supereffective|p2a: Ampharos\n|-crit|p2a: Ampharos\n|-damage|p2a: Ampharos|14/302\n|\n|-weather|none\n|upkeep\n|turn|6\n|\n|t:|1716409016\n|move|p2a: Ampharos|Focus Blast|p1a: Sandy Shocks|[miss]\n|-miss|p2a: Ampharos|p1a: Sandy Shocks\n|move|p1a: Sandy Shocks|Spikes|p2a: Ampharos\n|-sidestart|p2: MichaelderBeste2|Spikes\n|\n|upkeep\n|turn|7\n|\n|t:|1716409022\n|move|p2a: Ampharos|Focus Blast|p1a: Sandy Shocks|[miss]\n|-miss|p2a: Ampharos|p1a: Sandy Shocks\n|move|p1a: Sandy Shocks|Spikes|p2a: Ampharos\n|-sidestart|p2: MichaelderBeste2|Spikes\n|\n|upkeep\n|turn|8\n|\n|t:|1716409024\n|move|p2a: Ampharos|Focus Blast|p1a: Sandy Shocks\n|-damage|p1a: Sandy Shocks|105/267\n|-damage|p2a: Ampharos|0 fnt|[from] item: Life Orb\n|faint|p2a: Ampharos\n|move|p1a: Sandy Shocks|Spikes|p2: Ampharos\n|-sidestart|p2: MichaelderBeste2|Spikes\n|\n|upkeep\n|\n|t:|1716409027\n|switch|p2a: Sandy Shocks|Sandy Shocks, L80|267/267\n|turn|9\n|\n|t:|1716409031\n|move|p1a: Sandy Shocks|Earth Power|p2a: Sandy Shocks\n|-supereffective|p2a: Sandy Shocks\n|-damage|p2a: Sandy Shocks|43/267\n|move|p2a: Sandy Shocks|Earth Power|p1a: Sandy Shocks\n|-supereffective|p1a: Sandy Shocks\n|-damage|p1a: Sandy Shocks|0 fnt\n|faint|p1a: Sandy Shocks\n|-end|p1a: Sandy Shocks|Protosynthesis|[silent]\n|\n|upkeep\n|\n|t:|1716409042\n|switch|p1a: Iron Leaves|Iron Leaves, L80, tera:Fighting|175/275\n|turn|10\n|\n|t:|1716409046\n|move|p1a: Iron Leaves|Psyblade|p2a: Sandy Shocks\n|-damage|p2a: Sandy Shocks|0 fnt\n|faint|p2a: Sandy Shocks\n|-end|p2a: Sandy Shocks|Protosynthesis|[silent]\n|-damage|p1a: Iron Leaves|148/275|[from] item: Life Orb\n|\n|upkeep\n|\n|t:|1716409047\n|switch|p2a: Ariados|Ariados, L94, F|284/284\n|turn|11\n|\n|t:|1716409054\n|-terastallize|p2a: Ariados|Steel\n|move|p1a: Iron Leaves|Psyblade|p2a: Ariados\n|-resisted|p2a: Ariados\n|-damage|p2a: Ariados|210/284\n|-damage|p1a: Iron Leaves|121/275|[from] item: Life Orb\n|move|p2a: Ariados|Poison Jab|p1a: Iron Leaves\n|-damage|p1a: Iron Leaves|10/275\n|\n|upkeep\n|turn|12\n|\n|t:|1716409058\n|move|p2a: Ariados|Sucker Punch|p1a: Iron Leaves\n|-resisted|p1a: Iron Leaves\n|-damage|p1a: Iron Leaves|0 fnt\n|faint|p1a: Iron Leaves\n|-end|p1a: Iron Leaves|Quark Drive|[silent]\n|\n|upkeep\n|\n|t:|1716409066\n|switch|p1a: Glalie|Glalie, L96, M|309/309\n|turn|13\n|\n|t:|1716409080\n|move|p1a: Glalie|Earthquake|p2a: Ariados\n|-supereffective|p2a: Ariados\n|-damage|p2a: Ariados|56/284\n|move|p2a: Ariados|Sticky Web|p1a: Glalie\n|-sidestart|p1: Slim Workshop|move: Sticky Web\n|\n|upkeep\n|turn|14\n|\n|t:|1716409082\n|move|p2a: Ariados|Sucker Punch|p1a: Glalie\n|-damage|p1a: Glalie|250/309\n|move|p1a: Glalie|Earthquake|p2a: Ariados\n|-supereffective|p2a: Ariados\n|-damage|p2a: Ariados|0 fnt\n|faint|p2a: Ariados\n|\n|upkeep\n|\n|t:|1716409084\n|switch|p2a: Lilligant|Lilligant-Hisui, L80, F|243/243\n|-damage|p2a: Lilligant|183/243|[from] Spikes\n|turn|15\n|\n|t:|1716409087\n|move|p2a: Lilligant|Close Combat|p1a: Glalie|[miss]\n|-miss|p2a: Lilligant|p1a: Glalie\n|move|p1a: Glalie|Freeze-Dry|p2a: Lilligant\n|-supereffective|p2a: Lilligant\n|-damage|p2a: Lilligant|0 fnt\n|faint|p2a: Lilligant\n|\n|upkeep\n|inactive|Battle timer is ON: inactive players will automatically lose when time's up. (requested by Slim Workshop)\n|\n|t:|1716409089\n|switch|p2a: Oinkologne|Oinkologne, L92, M|352/352\n|-damage|p2a: Oinkologne|264/352|[from] Spikes\n|turn|16\n|\n|t:|1716409091\n|move|p1a: Glalie|Taunt|p2a: Oinkologne\n|-start|p2a: Oinkologne|move: Taunt\n|cant|p2a: Oinkologne|move: Taunt|Curse\n|\n|-heal|p2a: Oinkologne|286/352|[from] item: Leftovers\n|upkeep\n|turn|17\n|\n|t:|1716409093\n|move|p1a: Glalie|Earthquake|p2a: Oinkologne\n|-damage|p2a: Oinkologne|201/352\n|move|p2a: Oinkologne|Body Slam|p1a: Glalie\n|-damage|p1a: Glalie|142/309\n|\n|-heal|p2a: Oinkologne|223/352|[from] item: Leftovers\n|upkeep\n|turn|18\n|\n|t:|1716409095\n|move|p1a: Glalie|Earthquake|p2a: Oinkologne\n|-damage|p2a: Oinkologne|143/352\n|move|p2a: Oinkologne|Body Slam|p1a: Glalie\n|-damage|p1a: Glalie|31/309\n|\n|-heal|p2a: Oinkologne|165/352|[from] item: Leftovers\n|-end|p2a: Oinkologne|move: Taunt\n|upkeep\n|turn|19\n|\n|t:|1716409096\n|move|p1a: Glalie|Taunt|p2a: Oinkologne\n|-start|p2a: Oinkologne|move: Taunt\n|move|p2a: Oinkologne|Body Slam|p1a: Glalie\n|-damage|p1a: Glalie|0 fnt\n|faint|p1a: Glalie\n|\n|-heal|p2a: Oinkologne|187/352|[from] item: Leftovers\n|upkeep\n|\n|t:|1716409100\n|switch|p1a: Abomasnow|Abomasnow, L85, M|171/291\n|-activate|p1a: Abomasnow|move: Sticky Web\n|-unboost|p1a: Abomasnow|spe|1\n|-weather|Snow|[from] ability: Snow Warning|[of] p1a: Abomasnow\n|turn|20\n|\n|t:|1716409101\n|move|p2a: Oinkologne|Body Slam|p1a: Abomasnow\n|-damage|p1a: Abomasnow|87/291\n|move|p1a: Abomasnow|Wood Hammer|p2a: Oinkologne\n|-damage|p2a: Oinkologne|63/352\n|-damage|p1a: Abomasnow|46/291|[from] Recoil\n|\n|-weather|Snow|[upkeep]\n|-heal|p2a: Oinkologne|85/352|[from] item: Leftovers\n|upkeep\n|turn|21\n|\n|t:|1716409104\n|move|p2a: Oinkologne|Body Slam|p1a: Abomasnow\n|-damage|p1a: Abomasnow|0 fnt\n|faint|p1a: Abomasnow\n|\n|-weather|Snow|[upkeep]\n|-heal|p2a: Oinkologne|107/352|[from] item: Leftovers\n|-end|p2a: Oinkologne|move: Taunt\n|upkeep\n|\n|t:|1716409107\n|switch|p1a: Swanna|Swanna, L88, F|275/275\n|turn|22\n|\n|t:|1716409108\n|move|p1a: Swanna|Brave Bird|p2a: Oinkologne\n|-damage|p2a: Oinkologne|0 fnt\n|faint|p2a: Oinkologne\n|-damage|p1a: Swanna|240/275|[from] Recoil\n|\n|win|Slim Workshop\n|raw|Slim Workshop's rating: 2264 &rarr; <strong>2295</strong><br />(+31 for winning)\n|raw|MichaelderBeste2's rating: 2491 &rarr; <strong>2460</strong><br />(-31 for losing)\n|l|\u2606MichaelderBeste2\n|player|p2|\n", "inputlog": ">version 7158ead19aeac8750849df2840eabb6dbec77df6\n>start {\"formatid\":\"gen9randombattle\",\"seed\":[58572,3802,13373,64522],\"rated\":\"Rated battle\"}\n>player p1 {\"name\":\"Slim Workshop\",\"avatar\":\"102\",\"rating\":2246,\"seed\":[14795,55946,59385,12244]}\n>player p2 {\"name\":\"MichaelderBeste2\",\"avatar\":\"#scl1platoon\",\"rating\":2491,\"seed\":[15089,46793,48758,43793]}\n>p1 move woodhammer\n>p2 move flashcannon\n>p1 switch 4\n>p2 move recover\n>p1 move closecombat terastallize\n>p2 move freezedry\n>p2 switch 2\n>p1 switch 2\n>p2 move agility\n>p1 move earthpower\n>p2 move focusblast\n>p1 move spikes\n>p2 move focusblast\n>p1 move spikes\n>p2 move focusblast\n>p1 move spikes\n>p2 move focusblast\n>p2 switch 5\n>p1 move earthpower\n>p2 move earthpower\n>p1 switch 2\n>p1 move psyblade\n>p2 move thunderwave\n>p2 switch 6\n>p1 move psyblade\n>p2 move poisonjab terastallize\n>p1 move closecombat\n>p2 move suckerpunch\n>p1 switch 3\n>p1 move earthquake\n>p2 move stickyweb\n>p1 move earthquake\n>p2 move suckerpunch\n>p2 switch 4\n>p1 move freezedry\n>p2 move closecombat\n>p2 switch 3\n>p1 move taunt\n>p2 move curse\n>p1 move earthquake\n>p2 move bodyslam\n>p1 move earthquake\n>p2 move bodyslam\n>p1 move taunt\n>p2 move bodyslam\n>p1 switch 4\n>p1 move woodhammer\n>p2 move bodyslam\n>p1 move woodhammer\n>p2 move bodyslam\n>p1 switch 5\n>p1 move bravebird\n>p2 move bodyslam", "uploadtime": 1716409114, "views": 225, "formatid": "gen9randombattle", "rating": 2295, "private": 0, "password": null}