{"id": "gen9randombattle-2260526133", "format": "[Gen 9] Random Battle", "players": ["egg sams", "Fault_Kris"], "log": "|j|\u2606egg sams\n|j|\u2606Fault_Kris\n|t:|1733860135\n|gametype|singles\n|player|p1|egg sams|dawn|1154\n|player|p2|Fault_Kris|hoopster|1177\n|teamsize|p1|6\n|teamsize|p2|6\n|gen|9\n|tier|[Gen 9] Random Battle\n|rated|\n|rule|Species Clause: Limit one of each Pok\u00e9mon\n|rule|HP Percentage Mod: HP is shown in percentages\n|rule|Sleep Clause Mod: Limit one foe put to sleep\n|rule|Illusion Level Mod: Illusion disguises the Pok\u00e9mon's true level\n|\n|t:|1733860135\n|start\n|switch|p1a: Brambleghast|Brambleghast, L88, F|240/240\n|switch|p2a: Noctowl|Noctowl, L95, F|344/344\n|turn|1\n|inactive|Battle timer is ON: inactive players will automatically lose when time's up. (requested by egg sams)\n|\n|t:|1733860157\n|move|p1a: Brambleghast|Power Whip|p2a: Noctowl\n|-resisted|p2a: Noctowl\n|-damage|p2a: Noctowl|230/344\n|move|p2a: Noctowl|Calm Mind|p2a: Noctowl\n|-boost|p2a: Noctowl|spa|1\n|-boost|p2a: Noctowl|spd|1\n|\n|upkeep\n|turn|2\n|\n|t:|1733860167\n|move|p1a: Brambleghast|Leech Seed|p2a: Noctowl|[miss]\n|-miss|p1a: Brambleghast|p2a: Noctowl\n|move|p2a: Noctowl|Hurricane|p1a: Brambleghast\n|-ability|p1a: Brambleghast|Wind Rider|boost\n|-boost|p1a: Brambleghast|atk|1\n|\n|upkeep\n|turn|3\n|\n|t:|1733860186\n|move|p1a: Brambleghast|Power Whip|p2a: Noctowl\n|-resisted|p2a: Noctowl\n|-damage|p2a: Noctowl|76/344\n|move|p2a: Noctowl|Hyper Voice|p1a: Brambleghast\n|-immune|p1a: Brambleghast\n|\n|upkeep\n|turn|4\n|\n|t:|1733860198\n|switch|p2a: Kyogre|Kyogre, L71|259/259\n|-weather|RainDance|[from] ability: Drizzle|[of] p2a: Kyogre\n|move|p1a: Brambleghast|Power Whip|p2a: Kyogre|[miss]\n|-miss|p1a: Brambleghast|p2a: Kyogre\n|\n|-weather|RainDance|[upkeep]\n|upkeep\n|turn|5\n|\n|t:|1733860207\n|move|p2a: Kyogre|Ice Beam|p1a: Brambleghast\n|-supereffective|p1a: Brambleghast\n|-damage|p1a: Brambleghast|92/240\n|move|p1a: Brambleghast|Leech Seed|p2a: Kyogre|[miss]\n|-miss|p1a: Brambleghast|p2a: Kyogre\n|\n|-weather|RainDance|[upkeep]\n|-heal|p1a: Brambleghast|107/240|[from] item: Leftovers\n|upkeep\n|turn|6\n|\n|t:|1733860217\n|move|p2a: Kyogre|Ice Beam|p1a: Brambleghast\n|-supereffective|p1a: Brambleghast\n|-damage|p1a: Brambleghast|0 fnt\n|faint|p1a: Brambleghast\n|\n|-weather|RainDance|[upkeep]\n|upkeep\n|\n|t:|1733860225\n|switch|p1a: Bellibolt|Bellibolt, L84, F|320/320\n|turn|7\n|\n|t:|1733860245\n|move|p2a: Kyogre|Ice Beam|p1a: Bellibolt\n|-damage|p1a: Bellibolt|255/320\n|-start|p1a: Bellibolt|Charge|Ice Beam|[from] ability: Electromorphosis\n|move|p1a: Bellibolt|Thunderbolt|p2a: Kyogre\n|-supereffective|p2a: Kyogre\n|-damage|p2a: Kyogre|0 fnt\n|faint|p2a: Kyogre\n|-end|p1a: Bellibolt|Charge|[silent]\n|\n|-weather|RainDance|[upkeep]\n|-heal|p1a: Bellibolt|275/320|[from] item: Leftovers\n|upkeep\n|\n|t:|1733860263\n|switch|p2a: Noctowl|Noctowl, L95, F|76/344\n|turn|8\n|inactive|Fault_Kris has 120 seconds left.\n|\n|t:|1733860278\n|move|p2a: Noctowl|Hurricane|p1a: Bellibolt\n|-resisted|p1a: Bellibolt\n|-damage|p1a: Bellibolt|139/320\n|-start|p1a: Bellibolt|Charge|Hurricane|[from] ability: Electromorphosis\n|move|p1a: Bellibolt|Thunderbolt|p2a: Noctowl\n|-supereffective|p2a: Noctowl\n|-damage|p2a: Noctowl|0 fnt\n|faint|p2a: Noctowl\n|-end|p1a: Bellibolt|Charge|[silent]\n|\n|-weather|none\n|-heal|p1a: Bellibolt|159/320|[from] item: Leftovers\n|upkeep\n|inactive|Fault_Kris has 120 seconds left.\n|\n|t:|1733860293\n|switch|p2a: Drednaw|Drednaw, L81, F|278/278\n|turn|9\n|\n|t:|1733860296\n|move|p2a: Drednaw|Stone Edge|p1a: Bellibolt\n|-damage|p1a: Bellibolt|47/320\n|-start|p1a: Bellibolt|Charge|Stone Edge|[from] ability: Electromorphosis\n|move|p1a: Bellibolt|Thunderbolt|p2a: Drednaw\n|-supereffective|p2a: Drednaw\n|-damage|p2a: Drednaw|0 fnt\n|faint|p2a: Drednaw\n|-end|p1a: Bellibolt|Charge|[silent]\n|\n|-heal|p1a: Bellibolt|67/320|[from] item: Leftovers\n|upkeep\n|inactive|Fault_Kris has 120 seconds left.\n|\n|t:|1733860309\n|switch|p2a: Serperior|Serperior, L79, F|248/248\n|turn|10\n|\n|t:|1733860316\n|move|p2a: Serperior|Leaf Storm|p1a: Bellibolt\n|-damage|p1a: Bellibolt|0 fnt\n|-boost|p2a: Serperior|spa|2\n|faint|p1a: Bellibolt\n|-damage|p2a: Serperior|224/248|[from] item: Life Orb\n|\n|upkeep\n|\n|t:|1733860325\n|switch|p1a: Gouging Fire|Gouging Fire, L74|277/277\n|turn|11\n|\n|t:|1733860333\n|move|p2a: Serperior|Dragon Pulse|p1a: Gouging Fire\n|-supereffective|p1a: Gouging Fire\n|-damage|p1a: Gouging Fire|9/277\n|-damage|p2a: Serperior|200/248|[from] item: Life Orb\n|move|p1a: Gouging Fire|Heat Crash|p2a: Serperior\n|-supereffective|p2a: Serperior\n|-damage|p2a: Serperior|0 fnt\n|faint|p2a: Serperior\n|\n|upkeep\n|\n|t:|1733860342\n|switch|p2a: Cryogonal|Cryogonal, L89|287/287\n|turn|12\n|\n|t:|1733860348\n|move|p2a: Cryogonal|Ice Beam|p1a: Gouging Fire\n|-damage|p1a: Gouging Fire|0 fnt\n|faint|p1a: Gouging Fire\n|-end|p1a: Gouging Fire|Protosynthesis|[silent]\n|\n|upkeep\n|\n|t:|1733860355\n|switch|p1a: Scream Tail|Scream Tail, L84|330/330\n|turn|13\n|\n|t:|1733860362\n|-terastallize|p2a: Cryogonal|Electric\n|move|p2a: Cryogonal|Tera Blast|p1a: Scream Tail|[anim] Tera Blast Electric\n|-damage|p1a: Scream Tail|251/330\n|move|p1a: Scream Tail|Dazzling Gleam|p2a: Cryogonal\n|-damage|p2a: Cryogonal|244/287\n|\n|-heal|p1a: Scream Tail|271/330|[from] item: Leftovers\n|upkeep\n|turn|14\n|\n|t:|1733860371\n|move|p2a: Cryogonal|Ice Beam|p1a: Scream Tail\n|-damage|p1a: Scream Tail|193/330\n|move|p1a: Scream Tail|Dazzling Gleam|p2a: Cryogonal\n|-damage|p2a: Cryogonal|201/287\n|\n|-heal|p1a: Scream Tail|213/330|[from] item: Leftovers\n|upkeep\n|turn|15\n|\n|t:|1733860378\n|move|p2a: Cryogonal|Ice Beam|p1a: Scream Tail\n|-damage|p1a: Scream Tail|131/330\n|move|p1a: Scream Tail|Wish|p1a: Scream Tail\n|\n|-heal|p1a: Scream Tail|151/330|[from] item: Leftovers\n|upkeep\n|turn|16\n|\n|t:|1733860383\n|move|p2a: Cryogonal|Ice Beam|p1a: Scream Tail\n|-damage|p1a: Scream Tail|64/330\n|move|p1a: Scream Tail|Dazzling Gleam|p2a: Cryogonal\n|-damage|p2a: Cryogonal|158/287\n|\n|-heal|p1a: Scream Tail|229/330|[from] move: Wish|[wisher] Scream Tail\n|-heal|p1a: Scream Tail|249/330|[from] item: Leftovers\n|upkeep\n|turn|17\n|\n|t:|1733860397\n|move|p2a: Cryogonal|Ice Beam|p1a: Scream Tail\n|-crit|p1a: Scream Tail\n|-damage|p1a: Scream Tail|123/330\n|move|p1a: Scream Tail|Dazzling Gleam|p2a: Cryogonal\n|-damage|p2a: Cryogonal|112/287\n|\n|-heal|p1a: Scream Tail|143/330|[from] item: Leftovers\n|upkeep\n|turn|18\n|\n|t:|1733860404\n|move|p2a: Cryogonal|Ice Beam|p1a: Scream Tail\n|-damage|p1a: Scream Tail|65/330\n|move|p1a: Scream Tail|Wish|p1a: Scream Tail\n|\n|-heal|p1a: Scream Tail|85/330|[from] item: Leftovers\n|upkeep\n|turn|19\n|\n|t:|1733860410\n|move|p2a: Cryogonal|Ice Beam|p1a: Scream Tail\n|-damage|p1a: Scream Tail|0 fnt\n|faint|p1a: Scream Tail\n|-end|p1a: Scream Tail|Protosynthesis|[silent]\n|\n|upkeep\n|\n|t:|1733860415\n|switch|p1a: Iron Jugulis|Iron Jugulis, L78|275/275\n|turn|20\n|\n|t:|1733860420\n|move|p2a: Cryogonal|Recover|p2a: Cryogonal\n|-heal|p2a: Cryogonal|256/287\n|move|p1a: Iron Jugulis|Earth Power|p2a: Cryogonal\n|-immune|p2a: Cryogonal|[from] ability: Levitate\n|\n|upkeep\n|turn|21\n|\n|t:|1733860426\n|move|p2a: Cryogonal|Ice Beam|p1a: Iron Jugulis\n|-supereffective|p1a: Iron Jugulis\n|-damage|p1a: Iron Jugulis|33/275\n|move|p1a: Iron Jugulis|Dark Pulse|p2a: Cryogonal\n|-damage|p2a: Cryogonal|195/287\n|\n|upkeep\n|turn|22\n|\n|t:|1733860433\n|move|p2a: Cryogonal|Tera Blast|p1a: Iron Jugulis|[anim] Tera Blast Electric\n|-supereffective|p1a: Iron Jugulis\n|-crit|p1a: Iron Jugulis\n|-damage|p1a: Iron Jugulis|0 fnt\n|faint|p1a: Iron Jugulis\n|-end|p1a: Iron Jugulis|Quark Drive|[silent]\n|\n|upkeep\n|\n|t:|1733860439\n|switch|p1a: Iron Thorns|Iron Thorns, L83|302/302\n|-enditem|p1a: Iron Thorns|Booster Energy\n|-activate|p1a: Iron Thorns|ability: Quark Drive|[fromitem]\n|-start|p1a: Iron Thorns|quarkdriveatk\n|turn|23\n|\n|t:|1733860447\n|move|p2a: Cryogonal|Ice Beam|p1a: Iron Thorns\n|-damage|p1a: Iron Thorns|188/302\n|move|p1a: Iron Thorns|Stone Edge|p2a: Cryogonal\n|-damage|p2a: Cryogonal|0 fnt\n|faint|p2a: Cryogonal\n|\n|upkeep\n|\n|t:|1733860454\n|switch|p2a: Darkrai|Darkrai, L77|234/234\n|turn|24\n|c|\u2606Fault_Kris|!weakness Iron Thorns\n|c| Fault_Kris|/raw <div class=\"infobox\">Iron Thorns (ignoring abilities):<br /><span class=\"message-effect-weak\">Weaknesses</span>: Fighting, Grass, <b>Ground</b>, Water<br /><span class=\"message-effect-resist\">Resistances</span>: Electric, Fire, <b>Flying</b>, Normal, Poison<br /><span class=\"message-effect-immune\">Immunities</span>: Paralysis, Sandstorm damage</div>\n|\n|t:|1733860480\n|move|p2a: Darkrai|Focus Blast|p1a: Iron Thorns\n|-supereffective|p1a: Iron Thorns\n|-damage|p1a: Iron Thorns|0 fnt\n|faint|p1a: Iron Thorns\n|-end|p1a: Iron Thorns|Quark Drive|[silent]\n|-damage|p2a: Darkrai|211/234|[from] item: Life Orb\n|\n|win|Fault_Kris\n|raw|egg sams's rating: 1154 &rarr; <strong>1131</strong><br />(-23 for losing)\n|raw|Fault_Kris's rating: 1177 &rarr; <strong>1200</strong><br />(+23 for winning)\n|l|\u2606Fault_Kris\n|player|p2|\n", "inputlog": ">version bfd83cad13791eb5a5a409923076391caf6fb4d4\n>start {\"formatid\":\"gen9randombattle\",\"seed\":[30778,39060,43683,35381],\"rated\":\"Rated battle\"}\n>player p1 {\"name\":\"egg sams\",\"avatar\":\"dawn\",\"rating\":1154,\"seed\":[59883,63929,62371,53881]}\n>player p2 {\"name\":\"Fault_Kris\",\"avatar\":\"hoopster\",\"rating\":1177,\"seed\":[24112,25868,33928,7583]}\n>p1 move powerwhip\n>p2 move calmmind\n>p1 move leechseed\n>p2 move hurricane\n>p1 move powerwhip\n>p2 move hypervoice\n>p1 move powerwhip\n>p2 switch 3\n>p1 move leechseed\n>p2 move icebeam\n>p1 move leechseed\n>p2 move icebeam\n>p1 switch 3\n>p1 move thunderbolt\n>p2 move icebeam\n>p2 switch 3\n>p1 move thunderbolt\n>p2 move hurricane\n>p2 switch 4\n>p1 move thunderbolt\n>p2 move stoneedge\n>p2 switch 6\n>p1 move toxic\n>p2 move leafstorm\n>p1 switch 5\n>p1 move heatcrash\n>p2 move dragonpulse\n>p2 switch 2\n>p1 move heatcrash\n>p2 move icebeam\n>p1 switch 4\n>p1 move dazzlinggleam\n>p2 move terablast terastallize\n>p1 move dazzlinggleam\n>p2 move icebeam\n>p1 move wish\n>p2 move icebeam\n>p1 move dazzlinggleam\n>p2 move icebeam\n>p1 move dazzlinggleam\n>p2 move icebeam\n>p1 move wish\n>p2 move icebeam\n>p1 move dazzlinggleam\n>p2 move icebeam\n>p1 switch 6\n>p1 move earthpower\n>p2 move recover\n>p1 move darkpulse\n>p2 move icebeam\n>p1 move meteorbeam\n>p2 move terablast\n>p1 switch 2\n>p1 move stoneedge\n>p2 move icebeam\n>p2 switch 5\n>chat \u2606Fault_Kris|!weakness Iron Thorns\n>p1 move wildcharge\n>p2 move focusblast", "uploadtime": 1733860494, "views": 1, "formatid": "gen9randombattle", "rating": 1131, "private": 0, "password": null}