{"id": "gen9randombattle-2260659894", "format": "[Gen 9] Random Battle", "players": ["PsychoLotus", "bellenguer2"], "log": "|j|\u2606PsychoLotus\n|j|\u2606bellenguer2\n|t:|1733875016\n|gametype|singles\n|player|p1|PsychoLotus|265|1666\n|player|p2|bellenguer2|dawn|1615\n|teamsize|p1|6\n|teamsize|p2|6\n|gen|9\n|tier|[Gen 9] Random Battle\n|rated|\n|rule|Species Clause: Limit one of each Pok\u00e9mon\n|rule|HP Percentage Mod: HP is shown in percentages\n|rule|Sleep Clause Mod: Limit one foe put to sleep\n|rule|Illusion Level Mod: Illusion disguises the Pok\u00e9mon's true level\n|\n|t:|1733875016\n|start\n|switch|p1a: Suicune|Suicune, L82|298/298\n|switch|p2a: Clefable|Clefable, L83, F|293/293\n|-ability|p1a: Suicune|Pressure\n|turn|1\n|inactive|Battle timer is ON: inactive players will automatically lose when time's up. (requested by bellenguer2)\n|\n|t:|1733875053\n|move|p1a: Suicune|Calm Mind|p1a: Suicune\n|-boost|p1a: Suicune|spa|1\n|-boost|p1a: Suicune|spd|1\n|move|p2a: Clefable|Calm Mind|p2a: Clefable\n|-boost|p2a: Clefable|spa|1\n|-boost|p2a: Clefable|spd|1\n|\n|upkeep\n|turn|2\n|inactive|PsychoLotus has 120 seconds left.\n|\n|t:|1733875095\n|move|p1a: Suicune|Calm Mind|p1a: Suicune\n|-boost|p1a: Suicune|spa|1\n|-boost|p1a: Suicune|spd|1\n|move|p2a: Clefable|Calm Mind|p2a: Clefable\n|-boost|p2a: Clefable|spa|1\n|-boost|p2a: Clefable|spd|1\n|\n|upkeep\n|turn|3\n|\n|t:|1733875104\n|move|p1a: Suicune|Calm Mind|p1a: Suicune\n|-boost|p1a: Suicune|spa|1\n|-boost|p1a: Suicune|spd|1\n|move|p2a: Clefable|Calm Mind|p2a: Clefable\n|-boost|p2a: Clefable|spa|1\n|-boost|p2a: Clefable|spd|1\n|\n|upkeep\n|turn|4\n|inactive|PsychoLotus has 120 seconds left.\n|\n|t:|1733875111\n|move|p1a: Suicune|Scald|p2a: Clefable\n|-damage|p2a: Clefable|215/293\n|-status|p2a: Clefable|brn\n|move|p2a: Clefable|Calm Mind|p2a: Clefable\n|-boost|p2a: Clefable|spa|1\n|-boost|p2a: Clefable|spd|1\n|\n|upkeep\n|turn|5\n|\n|t:|1733875118\n|move|p1a: Suicune|Calm Mind|p1a: Suicune\n|-boost|p1a: Suicune|spa|1\n|-boost|p1a: Suicune|spd|1\n|move|p2a: Clefable|Calm Mind|p2a: Clefable\n|-boost|p2a: Clefable|spa|1\n|-boost|p2a: Clefable|spd|1\n|\n|upkeep\n|turn|6\n|\n|t:|1733875126\n|move|p1a: Suicune|Calm Mind|p1a: Suicune\n|-boost|p1a: Suicune|spa|1\n|-boost|p1a: Suicune|spd|1\n|move|p2a: Clefable|Calm Mind|p2a: Clefable\n|-boost|p2a: Clefable|spa|1\n|-boost|p2a: Clefable|spd|1\n|\n|upkeep\n|turn|7\n|\n|t:|1733875132\n|move|p1a: Suicune|Calm Mind|p1a: Suicune\n|-boost|p1a: Suicune|spa|1\n|-boost|p1a: Suicune|spd|1\n|move|p2a: Clefable|Moonblast|p1a: Suicune\n|-crit|p1a: Suicune\n|-damage|p1a: Suicune|0 fnt\n|faint|p1a: Suicune\n|\n|upkeep\n|c|\u2606PsychoLotus|lol\n|inactive|PsychoLotus has 120 seconds left.\n|\n|t:|1733875152\n|switch|p1a: Maushold|Maushold, L76|238/238\n|turn|8\n|\n|t:|1733875182\n|switch|p2a: Incineroar|Incineroar, L82, M|290/290\n|-ability|p2a: Incineroar|Intimidate|boost\n|-unboost|p1a: Maushold|atk|1\n|move|p1a: Maushold|Population Bomb|p2a: Incineroar\n|-damage|p2a: Incineroar|274/290\n|-damage|p2a: Incineroar|256/290\n|-damage|p2a: Incineroar|241/290\n|-damage|p2a: Incineroar|226/290\n|-damage|p2a: Incineroar|211/290\n|-damage|p2a: Incineroar|195/290\n|-damage|p2a: Incineroar|179/290\n|-damage|p2a: Incineroar|164/290\n|-damage|p2a: Incineroar|148/290\n|-damage|p2a: Incineroar|132/290\n|-hitcount|p2a: Incineroar|10\n|\n|upkeep\n|turn|9\n|inactive|PsychoLotus has 120 seconds left.\n|\n|t:|1733875199\n|move|p1a: Maushold|Population Bomb|p2a: Incineroar\n|-damage|p2a: Incineroar|116/290\n|-damage|p2a: Incineroar|100/290\n|-damage|p2a: Incineroar|85/290\n|-damage|p2a: Incineroar|69/290\n|-damage|p2a: Incineroar|54/290\n|-damage|p2a: Incineroar|38/290\n|-damage|p2a: Incineroar|22/290\n|-damage|p2a: Incineroar|6/290\n|-damage|p2a: Incineroar|0 fnt\n|faint|p2a: Incineroar\n|-hitcount|p2: Incineroar|9\n|\n|upkeep\n|\n|t:|1733875209\n|switch|p2a: Clawitzer|Clawitzer, L87, M|265/265\n|turn|10\n|\n|t:|1733875218\n|switch|p1a: Sinistcha|Sinistcha, L83|254/254\n|move|p2a: Clawitzer|Aura Sphere|p1a: Sinistcha\n|-immune|p1a: Sinistcha\n|\n|upkeep\n|turn|11\n|\n|t:|1733875228\n|switch|p2a: Leavanny|Leavanny, L86, F|269/269\n|move|p1a: Sinistcha|Calm Mind|p1a: Sinistcha\n|-boost|p1a: Sinistcha|spa|1\n|-boost|p1a: Sinistcha|spd|1\n|\n|upkeep\n|turn|12\n|\n|t:|1733875236\n|-terastallize|p1a: Sinistcha|Steel\n|move|p2a: Leavanny|Knock Off|p1a: Sinistcha\n|-damage|p1a: Sinistcha|186/254\n|-enditem|p1a: Sinistcha|Leftovers|[from] move: Knock Off|[of] p2a: Leavanny\n|move|p1a: Sinistcha|Matcha Gotcha|p2a: Leavanny\n|-resisted|p2a: Leavanny\n|-damage|p2a: Leavanny|227/269\n|-heal|p1a: Sinistcha|207/254|[from] drain|[of] p2a: Leavanny\n|-status|p2a: Leavanny|brn\n|\n|-damage|p2a: Leavanny|211/269 brn|[from] brn\n|upkeep\n|turn|13\n|\n|t:|1733875252\n|switch|p2a: Reuniclus|Reuniclus, L88, F|337/337\n|move|p1a: Sinistcha|Calm Mind|p1a: Sinistcha\n|-boost|p1a: Sinistcha|spa|1\n|-boost|p1a: Sinistcha|spd|1\n|\n|upkeep\n|turn|14\n|\n|t:|1733875260\n|move|p1a: Sinistcha|Shadow Ball|p2a: Reuniclus\n|-supereffective|p2a: Reuniclus\n|-damage|p2a: Reuniclus|0 fnt\n|faint|p2a: Reuniclus\n|\n|upkeep\n|c|\u2606PsychoLotus|gg\n|\n|t:|1733875269\n|switch|p2a: Medicham|Medicham, L86, M|243/243\n|turn|15\n|\n|t:|1733875281\n|switch|p1a: Yanmega|Yanmega, L82, M|275/275\n|-terastallize|p2a: Medicham|Fighting\n|move|p2a: Medicham|Close Combat|p1a: Yanmega\n|-resisted|p1a: Yanmega\n|-damage|p1a: Yanmega|184/275\n|-unboost|p2a: Medicham|def|1\n|-unboost|p2a: Medicham|spd|1\n|\n|upkeep\n|turn|16\n|inactive|bellenguer2 has 120 seconds left.\n|\n|t:|1733875317\n|switch|p2a: Leavanny|Leavanny, L86, F|211/269 brn\n|move|p1a: Yanmega|Air Slash|p2a: Leavanny\n|-supereffective|p2a: Leavanny\n|-damage|p2a: Leavanny|0 fnt\n|faint|p2a: Leavanny\n|\n|upkeep\n|\n|t:|1733875323\n|switch|p2a: Clefable|Clefable, L83, F|215/293 brn\n|turn|17\n|\n|t:|1733875327\n|move|p1a: Yanmega|Air Slash|p2a: Clefable\n|-damage|p2a: Clefable|97/293 brn\n|move|p2a: Clefable|Fire Blast|p1a: Yanmega\n|-supereffective|p1a: Yanmega\n|-damage|p1a: Yanmega|0 fnt\n|faint|p1a: Yanmega\n|\n|upkeep\n|\n|t:|1733875338\n|switch|p1a: Garganacl|Garganacl, L80, F|291/291\n|turn|18\n|inactive|bellenguer2 has 120 seconds left.\n|l|\u2606bellenguer2\n|inactive|bellenguer2 disconnected and has a minute to reconnect!\n|player|p2|\n|inactive|bellenguer2 has 30 seconds to reconnect!\n|inactive|bellenguer2 has 20 seconds to reconnect!\n|inactive|bellenguer2 has 15 seconds to reconnect!\n|inactive|bellenguer2 has 10 seconds to reconnect!\n|inactive|bellenguer2 has 5 seconds to reconnect!\n|-message|bellenguer2 lost due to inactivity.\n|\n|win|PsychoLotus\n|raw|PsychoLotus's rating: 1666 &rarr; <strong>1683</strong><br />(+17 for winning)\n|raw|bellenguer2's rating: 1615 &rarr; <strong>1598</strong><br />(-17 for losing)\n|l|\u2606PsychoLotus\n|player|p1|\n|j|\u2606bellenguer2\n|player|p2|bellenguer2|dawn|\n", "inputlog": ">version bfd83cad13791eb5a5a409923076391caf6fb4d4\n>start {\"formatid\":\"gen9randombattle\",\"seed\":[29908,7470,15616,41671],\"rated\":\"Rated battle\"}\n>player p1 {\"name\":\"PsychoLotus\",\"avatar\":\"265\",\"rating\":1666,\"seed\":[5604,23540,44316,5661]}\n>player p2 {\"name\":\"bellenguer2\",\"avatar\":\"dawn\",\"rating\":1615,\"seed\":[32364,20152,17994,7792]}\n>p1 move calmmind\n>p2 move calmmind\n>p1 move calmmind\n>p2 move calmmind\n>p1 move calmmind\n>p2 move calmmind\n>p1 move scald\n>p2 move calmmind\n>p1 move calmmind\n>p2 move calmmind\n>p1 move calmmind\n>p2 move calmmind\n>p1 move calmmind\n>p2 move moonblast\n>chat \u2606PsychoLotus|lol\n>p1 switch 6\n>p1 move populationbomb\n>p2 switch 2\n>p1 move populationbomb\n>p2 move flareblitz\n>p2 switch 6\n>p1 switch 3\n>p2 move aurasphere\n>p1 move calmmind\n>p2 switch 5\n>p1 move matchagotcha terastallize\n>p2 move knockoff\n>p1 move calmmind\n>p2 switch 3\n>p1 move shadowball\n>p2 move focusblast\n>chat \u2606PsychoLotus|gg\n>p2 switch 4\n>p1 switch 4\n>p2 move closecombat terastallize\n>p1 move airslash\n>p2 switch 3\n>p2 switch 2\n>p1 move airslash\n>p2 move fireblast\n>p1 switch 2\n>forcelose p2", "uploadtime": 1733875446, "views": 1, "formatid": "gen9randombattle", "rating": 1598, "private": 0, "password": null}