{"id": "gen9randombattle-2260608241", "format": "[Gen 9] Random Battle", "players": ["ratburg007", "Top10HayDayPro"], "log": "|j|\u2606ratburg007\n|j|\u2606Top10HayDayPro\n|t:|1733868748\n|gametype|singles\n|player|p1|ratburg007|lucas|1173\n|player|p2|Top10HayDayPro|colress|1165\n|teamsize|p1|6\n|teamsize|p2|6\n|gen|9\n|tier|[Gen 9] Random Battle\n|rated|\n|rule|Species Clause: Limit one of each Pok\u00e9mon\n|rule|HP Percentage Mod: HP is shown in percentages\n|rule|Sleep Clause Mod: Limit one foe put to sleep\n|rule|Illusion Level Mod: Illusion disguises the Pok\u00e9mon's true level\n|\n|t:|1733868748\n|start\n|switch|p1a: Lanturn|Lanturn, L89, F|367/367\n|switch|p2a: Scizor|Scizor, L79, M|240/240\n|turn|1\n|inactive|Battle timer is ON: inactive players will automatically lose when time's up. (requested by ratburg007)\n|inactive|Top10HayDayPro has 120 seconds left.\n|\n|t:|1733868781\n|move|p1a: Lanturn|Scald|p2a: Scizor\n|-damage|p2a: Scizor|144/240\n|move|p2a: Scizor|Knock Off|p1a: Lanturn\n|-damage|p1a: Lanturn|275/367\n|-enditem|p1a: Lanturn|Leftovers|[from] move: Knock Off|[of] p2a: Scizor\n|\n|-heal|p2a: Scizor|159/240|[from] item: Leftovers\n|upkeep\n|turn|2\n|\n|t:|1733868792\n|move|p2a: Scizor|Bullet Punch|p1a: Lanturn\n|-resisted|p1a: Lanturn\n|-damage|p1a: Lanturn|254/367\n|move|p1a: Lanturn|Scald|p2a: Scizor\n|-damage|p2a: Scizor|63/240\n|-status|p2a: Scizor|brn\n|\n|-heal|p2a: Scizor|78/240 brn|[from] item: Leftovers\n|-damage|p2a: Scizor|63/240 brn|[from] brn\n|upkeep\n|turn|3\n|\n|t:|1733868805\n|move|p1a: Lanturn|Volt Switch|p2a: Scizor\n|-damage|p2a: Scizor|0 fnt\n|faint|p2a: Scizor\n|\n|t:|1733868809\n|switch|p1a: Galvantula|Galvantula, L82, F|249/249|[from] Volt Switch\n|\n|upkeep\n|\n|t:|1733868813\n|switch|p2a: Kricketune|Kricketune, L99, M|312/312\n|turn|4\n|\n|t:|1733868822\n|move|p1a: Galvantula|Sticky Web|p2a: Kricketune\n|-sidestart|p2: Top10HayDayPro|move: Sticky Web\n|move|p2a: Kricketune|Sticky Web|p1a: Galvantula\n|-sidestart|p1: ratburg007|move: Sticky Web\n|\n|upkeep\n|turn|5\n|\n|t:|1733868830\n|move|p1a: Galvantula|Thunder|p2a: Kricketune\n|-damage|p2a: Kricketune|168/312\n|move|p2a: Kricketune|Knock Off|p1a: Galvantula\n|-damage|p1a: Galvantula|127/249\n|-enditem|p1a: Galvantula|Heavy-Duty Boots|[from] move: Knock Off|[of] p2a: Kricketune\n|\n|upkeep\n|turn|6\n|\n|t:|1733868838\n|move|p1a: Galvantula|Thunder|p2a: Kricketune\n|-damage|p2a: Kricketune|24/312\n|-status|p2a: Kricketune|par\n|cant|p2a: Kricketune|par\n|\n|upkeep\n|turn|7\n|\n|t:|1733868846\n|move|p1a: Galvantula|Giga Drain|p2a: Kricketune\n|-resisted|p2a: Kricketune\n|-damage|p2a: Kricketune|0 fnt\n|-heal|p1a: Galvantula|139/249|[from] drain|[of] p2a: Kricketune\n|faint|p2a: Kricketune\n|\n|upkeep\n|\n|t:|1733868860\n|switch|p2a: Bombirdier|Bombirdier, L85, F|258/258\n|turn|8\n|\n|t:|1733868867\n|move|p1a: Galvantula|Thunder|p2a: Bombirdier|[miss]\n|-miss|p1a: Galvantula|p2a: Bombirdier\n|move|p2a: Bombirdier|Brave Bird|p1a: Galvantula\n|-damage|p1a: Galvantula|0 fnt\n|faint|p1a: Galvantula\n|-damage|p2a: Bombirdier|212/258|[from] Recoil\n|\n|upkeep\n|\n|t:|1733868873\n|switch|p1a: Diancie|Diancie, L82|216/216\n|-activate|p1a: Diancie|move: Sticky Web\n|-fail|p1a: Diancie|unboost|[from] ability: Clear Body|[of] p1a: Diancie\n|turn|9\n|\n|t:|1733868883\n|move|p2a: Bombirdier|Brave Bird|p1a: Diancie\n|-resisted|p1a: Diancie\n|-damage|p1a: Diancie|150/216\n|-damage|p2a: Bombirdier|190/258|[from] Recoil\n|move|p1a: Diancie|Calm Mind|p1a: Diancie\n|-boost|p1a: Diancie|spa|1\n|-boost|p1a: Diancie|spd|1\n|\n|-heal|p1a: Diancie|163/216|[from] item: Leftovers\n|upkeep\n|turn|10\n|\n|t:|1733868891\n|move|p2a: Bombirdier|Brave Bird|p1a: Diancie\n|-resisted|p1a: Diancie\n|-damage|p1a: Diancie|100/216\n|-damage|p2a: Bombirdier|169/258|[from] Recoil\n|move|p1a: Diancie|Diamond Storm|p2a: Bombirdier\n|-supereffective|p2a: Bombirdier\n|-damage|p2a: Bombirdier|0 fnt\n|-boost|p1a: Diancie|def|2\n|faint|p2a: Bombirdier\n|\n|-heal|p1a: Diancie|113/216|[from] item: Leftovers\n|upkeep\n|\n|t:|1733868907\n|switch|p2a: Dondozo|Dondozo, L78, F|362/362\n|-activate|p2a: Dondozo|move: Sticky Web\n|-unboost|p2a: Dondozo|spe|1\n|turn|11\n|\n|t:|1733868916\n|switch|p1a: Lanturn|Lanturn, L89, F|254/367\n|-activate|p1a: Lanturn|move: Sticky Web\n|-unboost|p1a: Lanturn|spe|1\n|move|p2a: Dondozo|Wave Crash|p1a: Lanturn\n|-resisted|p1a: Lanturn\n|-damage|p1a: Lanturn|183/367\n|-damage|p2a: Dondozo|339/362|[from] Recoil\n|\n|-heal|p2a: Dondozo|361/362|[from] item: Leftovers\n|upkeep\n|turn|12\n|\n|t:|1733868938\n|move|p1a: Lanturn|Thunder Wave|p2a: Dondozo\n|-status|p2a: Dondozo|par\n|move|p2a: Dondozo|Curse|p2a: Dondozo\n|-unboost|p2a: Dondozo|spe|1\n|-boost|p2a: Dondozo|atk|1\n|-boost|p2a: Dondozo|def|1\n|\n|-heal|p2a: Dondozo|362/362 par|[from] item: Leftovers\n|upkeep\n|turn|13\n|\n|t:|1733868946\n|move|p1a: Lanturn|Thunderbolt|p2a: Dondozo\n|-supereffective|p2a: Dondozo\n|-damage|p2a: Dondozo|114/362 par\n|move|p2a: Dondozo|Curse|p2a: Dondozo\n|-unboost|p2a: Dondozo|spe|1\n|-boost|p2a: Dondozo|atk|1\n|-boost|p2a: Dondozo|def|1\n|\n|-heal|p2a: Dondozo|136/362 par|[from] item: Leftovers\n|upkeep\n|turn|14\n|\n|t:|1733868955\n|move|p1a: Lanturn|Volt Switch|p2a: Dondozo\n|-supereffective|p2a: Dondozo\n|-damage|p2a: Dondozo|0 fnt\n|faint|p2a: Dondozo\n|\n|t:|1733868961\n|switch|p1a: Diancie|Diancie, L82|113/216|[from] Volt Switch\n|-activate|p1a: Diancie|move: Sticky Web\n|-fail|p1a: Diancie|unboost|[from] ability: Clear Body|[of] p1a: Diancie\n|\n|-heal|p1a: Diancie|126/216|[from] item: Leftovers\n|upkeep\n|\n|t:|1733868972\n|switch|p2a: Kyogre|Kyogre, L71|259/259\n|-activate|p2a: Kyogre|move: Sticky Web\n|-unboost|p2a: Kyogre|spe|1\n|-weather|RainDance|[from] ability: Drizzle|[of] p2a: Kyogre\n|turn|15\n|\n|t:|1733868984\n|switch|p1a: Ogerpon|Ogerpon-Wellspring, L76, F|247/247\n|-activate|p1a: Ogerpon|move: Sticky Web\n|-unboost|p1a: Ogerpon|spe|1\n|move|p2a: Kyogre|Calm Mind|p2a: Kyogre\n|-boost|p2a: Kyogre|spa|1\n|-boost|p2a: Kyogre|spd|1\n|\n|-weather|RainDance|[upkeep]\n|upkeep\n|turn|16\n|\n|t:|1733868992\n|-terastallize|p1a: Ogerpon|Water\n|detailschange|p1a: Ogerpon|Ogerpon-Wellspring-Tera, L76, F, tera:Water\n|-ability|p1a: Ogerpon|Embody Aspect (Wellspring)|boost\n|-boost|p1a: Ogerpon|spd|1\n|move|p1a: Ogerpon|Wood Hammer|p2a: Kyogre\n|-supereffective|p2a: Kyogre\n|-damage|p2a: Kyogre|0 fnt\n|faint|p2a: Kyogre\n|-damage|p1a: Ogerpon|162/247|[from] Recoil\n|\n|-weather|RainDance|[upkeep]\n|upkeep\n|\n|t:|1733869002\n|switch|p2a: Breloom|Breloom, L82, F|233/233\n|-activate|p2a: Breloom|move: Sticky Web\n|-unboost|p2a: Breloom|spe|1\n|turn|17\n|\n|t:|1733869009\n|move|p1a: Ogerpon|Ivy Cudgel|p2a: Breloom|[anim] Ivy Cudgel Water\n|-resisted|p2a: Breloom\n|-damage|p2a: Breloom|87/233\n|move|p2a: Breloom|Bullet Seed|p1a: Ogerpon\n|-supereffective|p1a: Ogerpon\n|-damage|p1a: Ogerpon|22/247\n|-supereffective|p1a: Ogerpon\n|-damage|p1a: Ogerpon|0 fnt\n|faint|p1a: Ogerpon\n|-hitcount|p1: Ogerpon|2\n|-damage|p2a: Breloom|64/233|[from] item: Life Orb\n|\n|-weather|RainDance|[upkeep]\n|upkeep\n|\n|t:|1733869020\n|switch|p1a: Diancie|Diancie, L82|126/216\n|-activate|p1a: Diancie|move: Sticky Web\n|-fail|p1a: Diancie|unboost|[from] ability: Clear Body|[of] p1a: Diancie\n|turn|18\n|\n|t:|1733869026\n|move|p1a: Diancie|Draining Kiss|p2a: Breloom\n|-supereffective|p2a: Breloom\n|-damage|p2a: Breloom|0 fnt\n|-heal|p1a: Diancie|174/216|[from] drain|[of] p2a: Breloom\n|faint|p2a: Breloom\n|\n|win|ratburg007\n|raw|ratburg007's rating: 1173 &rarr; <strong>1197</strong><br />(+24 for winning)\n|raw|Top10HayDayPro's rating: 1165 &rarr; <strong>1141</strong><br />(-24 for losing)\n|l|\u2606Top10HayDayPro\n|player|p2|\n", "inputlog": ">version bfd83cad13791eb5a5a409923076391caf6fb4d4\n>start {\"formatid\":\"gen9randombattle\",\"seed\":[15385,14291,11226,27938],\"rated\":\"Rated battle\"}\n>player p1 {\"name\":\"ratburg007\",\"avatar\":\"lucas\",\"rating\":1173,\"seed\":[36642,3425,54113,32506]}\n>player p2 {\"name\":\"Top10HayDayPro\",\"avatar\":\"colress\",\"rating\":1165,\"seed\":[38035,64694,13846,25940]}\n>p1 move scald\n>p2 move knockoff\n>p1 move scald\n>p2 move bulletpunch\n>p1 move voltswitch\n>p2 move closecombat\n>p1 switch 3\n>p2 switch 3\n>p1 move stickyweb\n>p2 move stickyweb\n>p1 move thunder\n>p2 move knockoff\n>p1 move thunder\n>p2 move pounce\n>p1 move gigadrain\n>p2 move pounce\n>p2 switch 2\n>p1 move thunder\n>p2 move bravebird\n>p1 switch 4\n>p1 move calmmind\n>p2 move bravebird\n>p1 move diamondstorm\n>p2 move bravebird\n>p2 switch 6\n>p1 switch 3\n>p2 move wavecrash\n>p1 move thunderwave\n>p2 move curse\n>p1 move thunderbolt\n>p2 move curse\n>p1 move voltswitch\n>p2 move rest\n>p1 switch 3\n>p2 switch 5\n>p1 switch 5\n>p2 move calmmind\n>p1 move woodhammer terastallize\n>p2 move icebeam\n>p2 switch 4\n>p1 move ivycudgel\n>p2 move bulletseed\n>p1 switch 5\n>p1 move drainingkiss\n>p2 move bulletseed", "uploadtime": 1733869042, "views": 2, "formatid": "gen9randombattle", "rating": 1141, "private": 0, "password": null}