{"id": "gen9randombattle-2123765013", "format": "[Gen 9] Random Battle", "players": ["smokyaim", "moenke"], "log": "|badge|p2|silver|gen9randombattle|30-1\n|uhtml|medal-msg|<div class=\"broadcast-blue\">Curious what those medals under the avatar are? PS now has Ladder Seasons! For more information, check out the <a href=\"https://www.smogon.com/forums/threads/3740067/\">thread on Smogon.</a></div>\n|j|\u203dsmokyaim\n|j|\u2606moenke\n|t:|1715607733\n|gametype|singles\n|player|p1|smokyaim|1|2267\n|player|p2|moenke|medium|2394\n|teamsize|p1|6\n|teamsize|p2|6\n|gen|9\n|tier|[Gen 9] Random Battle\n|rated|\n|rule|Species Clause: Limit one of each Pok\u00e9mon\n|rule|HP Percentage Mod: HP is shown in percentages\n|rule|Sleep Clause Mod: Limit one foe put to sleep\n|rule|Illusion Level Mod: Illusion disguises the Pok\u00e9mon's true level\n|\n|t:|1715607733\n|start\n|switch|p1a: Squawkabilly|Squawkabilly, L85, F|278/278\n|switch|p2a: Gallade|Gallade, L82, M|246/246\n|turn|1\n|j| WaxvyZ\n|\n|t:|1715607744\n|switch|p2a: Empoleon|Empoleon, L84, M|278/278\n|move|p1a: Squawkabilly|Brave Bird|p2a: Empoleon\n|-resisted|p2a: Empoleon\n|-damage|p2a: Empoleon|215/278\n|-damage|p1a: Squawkabilly|257/278|[from] Recoil\n|\n|-heal|p2a: Empoleon|232/278|[from] item: Leftovers\n|-status|p1a: Squawkabilly|brn|[from] item: Flame Orb\n|upkeep\n|turn|2\n|l| WaxvyZ\n|j| xsuged jj\n|\n|t:|1715607755\n|switch|p1a: Meowscarada|Meowscarada, L78, M|247/247\n|move|p2a: Empoleon|Knock Off|p1a: Meowscarada\n|-resisted|p1a: Meowscarada\n|-damage|p1a: Meowscarada|211/247\n|-enditem|p1a: Meowscarada|Choice Band|[from] move: Knock Off|[of] p2a: Empoleon\n|\n|-heal|p2a: Empoleon|249/278|[from] item: Leftovers\n|upkeep\n|turn|3\n|c| xsuged jj|monley\n|\n|t:|1715607775\n|move|p1a: Meowscarada|Knock Off|p2a: Empoleon\n|-start|p1a: Meowscarada|typechange|Dark|[from] ability: Protean\n|-damage|p2a: Empoleon|156/278\n|-enditem|p2a: Empoleon|Leftovers|[from] move: Knock Off|[of] p1a: Meowscarada\n|move|p2a: Empoleon|Ice Beam|p1a: Meowscarada\n|-damage|p1a: Meowscarada|114/247\n|\n|upkeep\n|turn|4\n|inactive|Battle timer is ON: inactive players will automatically lose when time's up. (requested by moenke)\n|l| xsuged jj\n|inactive|smokyaim has 120 seconds left.\n|\n|t:|1715607821\n|move|p1a: Meowscarada|U-turn|p2a: Empoleon\n|-resisted|p2a: Empoleon\n|-damage|p2a: Empoleon|131/278\n|\n|t:|1715607823\n|switch|p1a: Pikachu|Pikachu-Hoenn, L93, M|216/216|[from] U-turn\n|move|p2a: Empoleon|Roost|p2a: Empoleon\n|-heal|p2a: Empoleon|270/278\n|-singleturn|p2a: Empoleon|move: Roost\n|\n|upkeep\n|turn|5\n|\n|t:|1715607827\n|switch|p2a: Giratina|Giratina, L75|349/349\n|-ability|p2a: Giratina|Pressure\n|move|p1a: Pikachu|Knock Off|p2a: Giratina\n|-supereffective|p2a: Giratina\n|-damage|p2a: Giratina|159/349\n|-enditem|p2a: Giratina|Leftovers|[from] move: Knock Off|[of] p1a: Pikachu\n|\n|upkeep\n|turn|6\n|\n|t:|1715607834\n|move|p1a: Pikachu|Knock Off|p2a: Giratina\n|-supereffective|p2a: Giratina\n|-damage|p2a: Giratina|27/349\n|move|p2a: Giratina|Rest|p2a: Giratina\n|-status|p2a: Giratina|slp|[from] move: Rest\n|-heal|p2a: Giratina|349/349 slp|[silent]\n|\n|upkeep\n|turn|7\n|\n|t:|1715607838\n|move|p1a: Pikachu|Knock Off|p2a: Giratina\n|-supereffective|p2a: Giratina\n|-damage|p2a: Giratina|221/349 slp\n|cant|p2a: Giratina|slp\n|\n|upkeep\n|turn|8\n|\n|t:|1715607845\n|move|p1a: Pikachu|Knock Off|p2a: Giratina\n|-supereffective|p2a: Giratina\n|-damage|p2a: Giratina|99/349 slp\n|cant|p2a: Giratina|slp\n|\n|upkeep\n|turn|9\n|\n|t:|1715607852\n|switch|p2a: Toxapex|Toxapex, L82, F|216/216\n|move|p1a: Pikachu|Knock Off|p2a: Toxapex\n|-damage|p2a: Toxapex|137/216\n|-damage|p1a: Pikachu|180/216|[from] item: Rocky Helmet|[of] p2a: Toxapex\n|-enditem|p2a: Toxapex|Rocky Helmet|[from] move: Knock Off|[of] p1a: Pikachu\n|\n|upkeep\n|turn|10\n|\n|t:|1715607862\n|switch|p2a: Toxtricity|Toxtricity, L82, M|257/257\n|move|p1a: Pikachu|Volt Tackle|p2a: Toxtricity\n|-resisted|p2a: Toxtricity\n|-damage|p2a: Toxtricity|130/257\n|-damage|p1a: Pikachu|138/216|[from] Recoil\n|\n|upkeep\n|turn|11\n|\n|t:|1715607868\n|move|p1a: Pikachu|Knock Off|p2a: Toxtricity\n|-damage|p2a: Toxtricity|1/257\n|-enditem|p2a: Toxtricity|Choice Specs|[from] move: Knock Off|[of] p1a: Pikachu\n|move|p2a: Toxtricity|Boomburst|p1a: Pikachu\n|-damage|p1a: Pikachu|0 fnt\n|faint|p1a: Pikachu\n|\n|upkeep\n|\n|t:|1715607875\n|switch|p1a: Kleavor|Kleavor, L78, M|237/237\n|turn|12\n|\n|t:|1715607888\n|switch|p2a: Empoleon|Empoleon, L84, M|270/278\n|move|p1a: Kleavor|Stone Axe|p2a: Empoleon\n|-resisted|p2a: Empoleon\n|-damage|p2a: Empoleon|209/278\n|-sidestart|p2: moenke|move: Stealth Rock\n|\n|upkeep\n|turn|13\n|\n|t:|1715607896\n|move|p1a: Kleavor|U-turn|p2a: Empoleon\n|-resisted|p2a: Empoleon\n|-damage|p2a: Empoleon|170/278\n|\n|t:|1715607901\n|switch|p1a: Chimecho|Chimecho, L94, M|293/293|[from] U-turn\n|move|p2a: Empoleon|Surf|p1a: Chimecho\n|-damage|p1a: Chimecho|208/293\n|\n|-heal|p1a: Chimecho|226/293|[from] item: Leftovers\n|upkeep\n|turn|14\n|\n|t:|1715607906\n|move|p1a: Chimecho|Psychic Noise|p2a: Empoleon\n|-resisted|p2a: Empoleon\n|-damage|p2a: Empoleon|124/278\n|-start|p2a: Empoleon|move: Heal Block\n|move|p2a: Empoleon|Knock Off|p1a: Chimecho\n|-supereffective|p1a: Chimecho\n|-damage|p1a: Chimecho|102/293\n|-enditem|p1a: Chimecho|Leftovers|[from] move: Knock Off|[of] p2a: Empoleon\n|\n|upkeep\n|turn|15\n|\n|t:|1715607914\n|move|p1a: Chimecho|Recover|p1a: Chimecho\n|-heal|p1a: Chimecho|249/293\n|move|p2a: Empoleon|Surf|p1a: Chimecho\n|-damage|p1a: Chimecho|164/293\n|\n|-end|p2a: Empoleon|move: Heal Block\n|upkeep\n|turn|16\n|\n|t:|1715607918\n|move|p1a: Chimecho|Psychic Noise|p2a: Empoleon\n|-resisted|p2a: Empoleon\n|-damage|p2a: Empoleon|83/278\n|-start|p2a: Empoleon|move: Heal Block\n|move|p2a: Empoleon|Knock Off|p1a: Chimecho\n|-supereffective|p1a: Chimecho\n|-damage|p1a: Chimecho|88/293\n|\n|upkeep\n|turn|17\n|\n|t:|1715607928\n|move|p1a: Chimecho|Recover|p1a: Chimecho\n|-heal|p1a: Chimecho|235/293\n|move|p2a: Empoleon|Knock Off|p1a: Chimecho\n|-supereffective|p1a: Chimecho\n|-damage|p1a: Chimecho|153/293\n|\n|-end|p2a: Empoleon|move: Heal Block\n|upkeep\n|turn|18\n|\n|t:|1715607933\n|move|p1a: Chimecho|Psychic Noise|p2a: Empoleon\n|-resisted|p2a: Empoleon\n|-damage|p2a: Empoleon|41/278\n|-start|p2a: Empoleon|move: Heal Block\n|move|p2a: Empoleon|Knock Off|p1a: Chimecho\n|-supereffective|p1a: Chimecho\n|-damage|p1a: Chimecho|73/293\n|\n|upkeep\n|turn|19\n|\n|t:|1715607940\n|move|p1a: Chimecho|Recover|p1a: Chimecho\n|-heal|p1a: Chimecho|220/293\n|move|p2a: Empoleon|Knock Off|p1a: Chimecho\n|-supereffective|p1a: Chimecho\n|-damage|p1a: Chimecho|134/293\n|\n|-end|p2a: Empoleon|move: Heal Block\n|upkeep\n|turn|20\n|\n|t:|1715607942\n|move|p1a: Chimecho|Psychic Noise|p2a: Empoleon\n|-resisted|p2a: Empoleon\n|-damage|p2a: Empoleon|0 fnt\n|faint|p2a: Empoleon\n|\n|upkeep\n|\n|t:|1715607946\n|switch|p2a: Gumshoos|Gumshoos, L95, F|321/321\n|-damage|p2a: Gumshoos|281/321|[from] Stealth Rock\n|turn|21\n|\n|t:|1715607951\n|move|p1a: Chimecho|Psychic Noise|p2a: Gumshoos\n|-damage|p2a: Gumshoos|163/321\n|-start|p2a: Gumshoos|move: Heal Block\n|move|p2a: Gumshoos|U-turn|p1a: Chimecho\n|-supereffective|p1a: Chimecho\n|-damage|p1a: Chimecho|0 fnt\n|faint|p1a: Chimecho\n|\n|t:|1715607963\n|switch|p2a: Toxtricity|Toxtricity, L82, M|1/257|[from] U-turn\n|-damage|p2a: Toxtricity|0 fnt|[from] Stealth Rock\n|faint|p2a: Toxtricity\n|\n|upkeep\n|\n|t:|1715607972\n|switch|p1a: Squawkabilly|Squawkabilly, L85, F|257/278 brn\n|switch|p2a: Gumshoos|Gumshoos, L95, F|163/321\n|-damage|p2a: Gumshoos|123/321|[from] Stealth Rock\n|turn|22\n|\n|t:|1715607980\n|move|p1a: Squawkabilly|Facade|p2a: Gumshoos\n|-damage|p2a: Gumshoos|0 fnt\n|faint|p2a: Gumshoos\n|\n|-damage|p1a: Squawkabilly|240/278 brn|[from] brn\n|upkeep\n|\n|t:|1715607982\n|switch|p2a: Toxapex|Toxapex, L82, F|209/216\n|-damage|p2a: Toxapex|182/216|[from] Stealth Rock\n|turn|23\n|\n|t:|1715607990\n|move|p1a: Squawkabilly|Facade|p2a: Toxapex\n|-damage|p2a: Toxapex|26/216\n|move|p2a: Toxapex|Liquidation|p1a: Squawkabilly\n|-crit|p1a: Squawkabilly\n|-damage|p1a: Squawkabilly|107/278 brn\n|\n|-damage|p1a: Squawkabilly|90/278 brn|[from] brn\n|upkeep\n|turn|24\n|\n|t:|1715608006\n|switch|p2a: Giratina|Giratina, L75|99/349 slp\n|-damage|p2a: Giratina|56/349 slp|[from] Stealth Rock\n|-ability|p2a: Giratina|Pressure\n|move|p1a: Squawkabilly|Brave Bird|p2a: Giratina\n|-damage|p2a: Giratina|0 fnt\n|faint|p2a: Giratina\n|-damage|p1a: Squawkabilly|72/278 brn|[from] Recoil\n|\n|-damage|p1a: Squawkabilly|55/278 brn|[from] brn\n|upkeep\n|\n|t:|1715608009\n|switch|p2a: Toxapex|Toxapex, L82, F|98/216\n|-damage|p2a: Toxapex|71/216|[from] Stealth Rock\n|turn|25\n|j| hansinho\n|\n|t:|1715608021\n|-terastallize|p2a: Toxapex|Steel\n|move|p1a: Squawkabilly|Facade|p2a: Toxapex\n|-resisted|p2a: Toxapex\n|-damage|p2a: Toxapex|0 fnt\n|faint|p2a: Toxapex\n|\n|-damage|p1a: Squawkabilly|38/278 brn|[from] brn\n|upkeep\n|-message|moenke forfeited.\n|\n|win|smokyaim\n|raw|smokyaim's rating: 2267 &rarr; <strong>2294</strong><br />(+27 for winning)\n|raw|moenke's rating: 2394 &rarr; <strong>2367</strong><br />(-27 for losing)\n|l|\u2606moenke\n|player|p2|\n|l|\u203dsmokyaim\n|player|p1|\n", "inputlog": ">version 80ea9d1f890aa30f79744790e00b820c91be1203\n>start {\"formatid\":\"gen9randombattle\",\"seed\":[10046,41416,24126,19427],\"rated\":\"Rated battle\"}\n>player p1 {\"name\":\"smokyaim\",\"avatar\":\"1\",\"rating\":2267,\"seed\":[65339,55472,36301,30579]}\n>player p2 {\"name\":\"moenke\",\"avatar\":\"medium\",\"rating\":2394,\"seed\":[43355,54192,59101,23113]}\n>p1 move bravebird\n>p2 switch 5\n>p1 switch 5\n>p2 move knockoff\n>chat  xsuged jj|monley\n>p1 move knockoff\n>p2 move icebeam\n>p1 move uturn\n>p2 move roost\n>p1 switch 6\n>p1 move knockoff\n>p2 switch 3\n>p1 move knockoff\n>p2 move rest\n>p1 move knockoff\n>p2 move calmmind\n>p1 move knockoff\n>p2 move calmmind\n>p1 move knockoff\n>p2 switch 6\n>p1 move volttackle\n>p2 switch 4\n>p1 move knockoff\n>p2 move boomburst\n>p1 switch 4\n>p1 move stoneaxe\n>p2 switch 3\n>p1 move uturn\n>p2 move surf\n>p1 switch 3\n>p1 move psychicnoise\n>p2 move knockoff\n>p1 move recover\n>p2 move surf\n>p1 move psychicnoise\n>p2 move knockoff\n>p1 move recover\n>p2 move knockoff\n>p1 move psychicnoise\n>p2 move knockoff\n>p1 move recover\n>p2 move knockoff\n>p1 move psychicnoise\n>p2 move knockoff\n>p2 switch 2\n>p1 move psychicnoise\n>p2 move uturn\n>p2 switch 3\n>p1 switch 5\n>p2 switch 3\n>p1 move facade\n>p2 move uturn\n>p2 switch 4\n>p1 move facade\n>p2 move liquidation\n>p1 move bravebird\n>p2 switch 6\n>p2 switch 6\n>p1 move facade\n>p2 move recover terastallize\n>forcelose p2", "uploadtime": 1715608034, "views": 226, "formatid": "gen9randombattle", "rating": 2294, "private": 0, "password": null}