{"id": "gen9randombattle-2259989571", "format": "[Gen 9] Random Battle", "players": ["RJOE133", "pewpew777"], "log": "|j|\u2606RJOE133\n|j|\u2606pewpew777\n|t:|1733788148\n|gametype|singles\n|player|p1|RJOE133|cress|1124\n|player|p2|pewpew777|169|1151\n|teamsize|p1|6\n|teamsize|p2|6\n|gen|9\n|tier|[Gen 9] Random Battle\n|rated|\n|rule|Species Clause: Limit one of each Pok\u00e9mon\n|rule|HP Percentage Mod: HP is shown in percentages\n|rule|Sleep Clause Mod: Limit one foe put to sleep\n|rule|Illusion Level Mod: Illusion disguises the Pok\u00e9mon's true level\n|\n|t:|1733788148\n|start\n|switch|p1a: Electivire|Electivire, L84, F|263/263\n|switch|p2a: Tauros|Tauros-Paldea-Blaze, L81, M|252/252\n|turn|1\n|inactive|Battle timer is ON: inactive players will automatically lose when time's up. (requested by RJOE133)\n|\n|t:|1733788171\n|move|p2a: Tauros|Bulk Up|p2a: Tauros\n|-boost|p2a: Tauros|atk|1\n|-boost|p2a: Tauros|def|1\n|move|p1a: Electivire|Bulk Up|p1a: Electivire\n|-boost|p1a: Electivire|atk|1\n|-boost|p1a: Electivire|def|1\n|\n|upkeep\n|turn|2\n|\n|t:|1733788180\n|move|p2a: Tauros|Close Combat|p1a: Electivire\n|-damage|p1a: Electivire|109/263\n|-unboost|p2a: Tauros|def|1\n|-unboost|p2a: Tauros|spd|1\n|move|p1a: Electivire|Bulk Up|p1a: Electivire\n|-boost|p1a: Electivire|atk|1\n|-boost|p1a: Electivire|def|1\n|\n|upkeep\n|turn|3\n|\n|t:|1733788195\n|move|p2a: Tauros|Close Combat|p1a: Electivire\n|-damage|p1a: Electivire|0 fnt\n|-unboost|p2a: Tauros|def|1\n|-unboost|p2a: Tauros|spd|1\n|faint|p1a: Electivire\n|\n|upkeep\n|\n|t:|1733788206\n|switch|p1a: Slowking|Slowking-Galar, L85, F|300/300\n|turn|4\n|\n|t:|1733788238\n|switch|p2a: Hydreigon|Hydreigon, L79, M|275/275\n|move|p1a: Slowking|Psychic Noise|p2a: Hydreigon\n|-immune|p2a: Hydreigon\n|\n|upkeep\n|turn|5\n|\n|t:|1733788247\n|move|p2a: Hydreigon|Dark Pulse|p1a: Slowking\n|-supereffective|p1a: Slowking\n|-damage|p1a: Slowking|142/300\n|move|p1a: Slowking|Chilly Reception|p1a: Slowking\n|-weather|Snow\n|inactive|RJOE133 has 120 seconds left.\n|\n|t:|1733788264\n|switch|p1a: Hydreigon|Hydreigon, L79, M|275/275|[from] Chilly Reception\n|\n|-weather|Snow|[upkeep]\n|upkeep\n|turn|6\n|inactive|RJOE133 has 120 seconds left.\n|\n|t:|1733788281\n|move|p2a: Hydreigon|Dark Pulse|p1a: Hydreigon\n|-resisted|p1a: Hydreigon\n|-crit|p1a: Hydreigon\n|-damage|p1a: Hydreigon|201/275\n|cant|p1a: Hydreigon|flinch\n|\n|-weather|Snow|[upkeep]\n|upkeep\n|turn|7\n|\n|t:|1733788303\n|move|p2a: Hydreigon|Dark Pulse|p1a: Hydreigon\n|-resisted|p1a: Hydreigon\n|-damage|p1a: Hydreigon|153/275\n|move|p1a: Hydreigon|Draco Meteor|p2a: Hydreigon\n|-supereffective|p2a: Hydreigon\n|-damage|p2a: Hydreigon|0 fnt\n|-unboost|p1a: Hydreigon|spa|2\n|faint|p2a: Hydreigon\n|-damage|p1a: Hydreigon|126/275|[from] item: Life Orb\n|\n|-weather|Snow|[upkeep]\n|upkeep\n|inactive|pewpew777 has 120 seconds left.\n|\n|t:|1733788320\n|switch|p2a: Glaceon|Glaceon, L94, F|275/275\n|turn|8\n|inactive|pewpew777 has 120 seconds left.\n|\n|t:|1733788329\n|switch|p1a: Slowking|Slowking-Galar, L85, F|242/300\n|move|p2a: Glaceon|Freeze-Dry|p1a: Slowking\n|-damage|p1a: Slowking|145/300\n|\n|-weather|Snow|[upkeep]\n|upkeep\n|turn|9\n|\n|t:|1733788344\n|move|p2a: Glaceon|Mud Shot|p1a: Slowking\n|-supereffective|p1a: Slowking\n|-damage|p1a: Slowking|37/300\n|-unboost|p1a: Slowking|spe|1\n|move|p1a: Slowking|Slack Off|p1a: Slowking\n|-heal|p1a: Slowking|187/300\n|\n|-weather|none\n|upkeep\n|turn|10\n|\n|t:|1733788356\n|move|p2a: Glaceon|Mud Shot|p1a: Slowking\n|-supereffective|p1a: Slowking\n|-damage|p1a: Slowking|81/300\n|-unboost|p1a: Slowking|spe|1\n|move|p1a: Slowking|Sludge Bomb|p2a: Glaceon\n|-damage|p2a: Glaceon|178/275\n|-status|p2a: Glaceon|psn\n|\n|-damage|p2a: Glaceon|144/275 psn|[from] psn\n|upkeep\n|turn|11\n|\n|t:|1733788372\n|move|p2a: Glaceon|Mud Shot|p1a: Slowking\n|-supereffective|p1a: Slowking\n|-damage|p1a: Slowking|0 fnt\n|faint|p1a: Slowking\n|\n|-damage|p2a: Glaceon|110/275 psn|[from] psn\n|upkeep\n|\n|t:|1733788386\n|switch|p1a: Jolteon|Jolteon, L84, M|246/246\n|turn|12\n|inactive|RJOE133 has 120 seconds left.\n|\n|t:|1733788406\n|switch|p1a: Hydreigon|Hydreigon, L79, M|126/275\n|move|p2a: Glaceon|Wish|p2a: Glaceon\n|\n|-damage|p2a: Glaceon|76/275 psn|[from] psn\n|upkeep\n|turn|13\n|\n|t:|1733788416\n|move|p2a: Glaceon|Protect|p2a: Glaceon\n|-singleturn|p2a: Glaceon|Protect\n|move|p1a: Hydreigon|Nasty Plot|p1a: Hydreigon\n|-boost|p1a: Hydreigon|spa|2\n|\n|-heal|p2a: Glaceon|213/275 psn|[from] move: Wish|[wisher] Glaceon\n|-damage|p2a: Glaceon|179/275 psn|[from] psn\n|upkeep\n|turn|14\n|\n|t:|1733788427\n|move|p1a: Hydreigon|Draco Meteor|p2a: Glaceon\n|-damage|p2a: Glaceon|0 fnt\n|-unboost|p1a: Hydreigon|spa|2\n|faint|p2a: Glaceon\n|-damage|p1a: Hydreigon|99/275|[from] item: Life Orb\n|\n|upkeep\n|\n|t:|1733788436\n|switch|p2a: Vespiquen|Vespiquen, L98, F|296/296\n|-ability|p2a: Vespiquen|Pressure\n|turn|15\n|\n|t:|1733788442\n|move|p1a: Hydreigon|Draco Meteor|p2a: Vespiquen\n|-damage|p2a: Vespiquen|148/296\n|-unboost|p1a: Hydreigon|spa|2\n|-damage|p1a: Hydreigon|72/275|[from] item: Life Orb\n|move|p2a: Vespiquen|U-turn|p1a: Hydreigon\n|-supereffective|p1a: Hydreigon\n|-damage|p1a: Hydreigon|0 fnt\n|faint|p1a: Hydreigon\n|\n|t:|1733788456\n|switch|p2a: Tauros|Tauros-Paldea-Blaze, L81, M|252/252|[from] U-turn\n|\n|upkeep\n|\n|t:|1733788473\n|switch|p1a: Jolteon|Jolteon, L84, M|246/246\n|turn|16\n|\n|t:|1733788490\n|move|p1a: Jolteon|Calm Mind|p1a: Jolteon\n|-boost|p1a: Jolteon|spa|1\n|-boost|p1a: Jolteon|spd|1\n|move|p2a: Tauros|Raging Bull|p1a: Jolteon\n|-damage|p1a: Jolteon|105/246\n|\n|-heal|p1a: Jolteon|120/246|[from] item: Leftovers\n|upkeep\n|turn|17\n|\n|t:|1733788502\n|move|p1a: Jolteon|Thunderbolt|p2a: Tauros\n|-damage|p2a: Tauros|54/252\n|-enditem|p2a: Tauros|Sitrus Berry|[eat]\n|-heal|p2a: Tauros|117/252|[from] item: Sitrus Berry\n|move|p2a: Tauros|Raging Bull|p1a: Jolteon\n|-damage|p1a: Jolteon|0 fnt\n|faint|p1a: Jolteon\n|\n|upkeep\n|\n|t:|1733788508\n|switch|p1a: Lurantis|Lurantis, L87, M|264/264\n|turn|18\n|\n|t:|1733788521\n|-terastallize|p1a: Lurantis|Fighting\n|move|p2a: Tauros|Raging Bull|p1a: Lurantis\n|-damage|p1a: Lurantis|168/264\n|move|p1a: Lurantis|Superpower|p2a: Tauros\n|-damage|p2a: Tauros|0 fnt\n|-boost|p1a: Lurantis|atk|1\n|-boost|p1a: Lurantis|def|1\n|faint|p2a: Tauros\n|\n|-heal|p1a: Lurantis|184/264|[from] item: Leftovers\n|upkeep\n|\n|t:|1733788532\n|switch|p2a: Vespiquen|Vespiquen, L98, F|148/296\n|-ability|p2a: Vespiquen|Pressure\n|turn|19\n|\n|t:|1733788541\n|move|p2a: Vespiquen|Roost|p2a: Vespiquen\n|-heal|p2a: Vespiquen|296/296\n|-singleturn|p2a: Vespiquen|move: Roost\n|move|p1a: Lurantis|Superpower|p2a: Vespiquen\n|-resisted|p2a: Vespiquen\n|-damage|p2a: Vespiquen|213/296\n|-boost|p1a: Lurantis|atk|1\n|-boost|p1a: Lurantis|def|1\n|\n|-heal|p1a: Lurantis|200/264|[from] item: Leftovers\n|upkeep\n|turn|20\n|\n|t:|1733788554\n|move|p2a: Vespiquen|Toxic|p1a: Lurantis\n|-status|p1a: Lurantis|tox\n|move|p1a: Lurantis|Superpower|p2a: Vespiquen\n|-resisted|p2a: Vespiquen\n|-crit|p2a: Vespiquen\n|-damage|p2a: Vespiquen|131/296\n|-boost|p1a: Lurantis|atk|1\n|-boost|p1a: Lurantis|def|1\n|\n|-heal|p1a: Lurantis|216/264 tox|[from] item: Leftovers\n|-damage|p1a: Lurantis|200/264 tox|[from] psn\n|upkeep\n|turn|21\n|\n|t:|1733788568\n|move|p2a: Vespiquen|Roost|p2a: Vespiquen\n|-heal|p2a: Vespiquen|279/296\n|-singleturn|p2a: Vespiquen|move: Roost\n|move|p1a: Lurantis|Superpower|p2a: Vespiquen\n|-resisted|p2a: Vespiquen\n|-damage|p2a: Vespiquen|150/296\n|-boost|p1a: Lurantis|atk|1\n|-boost|p1a: Lurantis|def|1\n|\n|-heal|p1a: Lurantis|216/264 tox|[from] item: Leftovers\n|-damage|p1a: Lurantis|184/264 tox|[from] psn\n|upkeep\n|turn|22\n|\n|t:|1733788583\n|move|p2a: Vespiquen|Hurricane|p1a: Lurantis\n|-supereffective|p1a: Lurantis\n|-crit|p1a: Lurantis\n|-damage|p1a: Lurantis|0 fnt\n|faint|p1a: Lurantis\n|\n|upkeep\n|\n|t:|1733788590\n|switch|p1a: Noctowl|Noctowl, L95, M|344/344\n|turn|23\n|inactive|pewpew777 has 120 seconds left.\n|\n|t:|1733788639\n|-terastallize|p2a: Vespiquen|Steel\n|move|p1a: Noctowl|Nasty Plot|p1a: Noctowl\n|-boost|p1a: Noctowl|spa|2\n|move|p2a: Vespiquen|Roost|p2a: Vespiquen\n|-heal|p2a: Vespiquen|296/296\n|\n|upkeep\n|turn|24\n|\n|t:|1733788651\n|move|p1a: Noctowl|Nasty Plot|p1a: Noctowl\n|-boost|p1a: Noctowl|spa|2\n|move|p2a: Vespiquen|Toxic|p1a: Noctowl\n|-status|p1a: Noctowl|tox\n|\n|-damage|p1a: Noctowl|323/344 tox|[from] psn\n|upkeep\n|turn|25\n|\n|t:|1733788668\n|move|p1a: Noctowl|Hurricane|p2a: Vespiquen\n|-resisted|p2a: Vespiquen\n|-damage|p2a: Vespiquen|0 fnt\n|faint|p2a: Vespiquen\n|\n|-damage|p1a: Noctowl|281/344 tox|[from] psn\n|upkeep\n|\n|t:|1733788676\n|switch|p2a: Volcanion|Volcanion, L79|256/256\n|turn|26\n|\n|t:|1733788683\n|move|p1a: Noctowl|Hurricane|p2a: Volcanion\n|-damage|p2a: Volcanion|0 fnt\n|faint|p2a: Volcanion\n|\n|-damage|p1a: Noctowl|218/344 tox|[from] psn\n|upkeep\n|\n|t:|1733788689\n|switch|p2a: Decidueye|Decidueye, L88, M|281/281\n|turn|27\n|inactive|pewpew777 has 120 seconds left.\n|\n|t:|1733788695\n|move|p1a: Noctowl|Hurricane|p2a: Decidueye\n|-supereffective|p2a: Decidueye\n|-damage|p2a: Decidueye|0 fnt\n|faint|p2a: Decidueye\n|\n|win|RJOE133\n|raw|RJOE133's rating: 1124 &rarr; <strong>1151</strong><br />(+27 for winning)\n|raw|pewpew777's rating: 1151 &rarr; <strong>1124</strong><br />(-27 for losing)\n|l|\u2606pewpew777\n|player|p2|\n", "inputlog": ">version bfd83cad13791eb5a5a409923076391caf6fb4d4\n>start {\"formatid\":\"gen9randombattle\",\"seed\":[21261,46712,61503,36938],\"rated\":\"Rated battle\"}\n>player p1 {\"name\":\"RJOE133\",\"avatar\":\"cress\",\"rating\":1124,\"seed\":[9070,13938,62613,41777]}\n>player p2 {\"name\":\"pewpew777\",\"avatar\":\"169\",\"rating\":1151,\"seed\":[49561,3973,24982,38553]}\n>p1 move bulkup\n>p2 move bulkup\n>p1 move bulkup\n>p2 move closecombat\n>p1 move earthquake\n>p2 move closecombat\n>p1 switch 5\n>p1 move psychicnoise\n>p2 switch 3\n>p1 move chillyreception\n>p2 move darkpulse\n>p1 switch 2\n>p1 move dracometeor\n>p2 move darkpulse\n>p1 move dracometeor\n>p2 move darkpulse\n>p2 switch 6\n>p1 switch 2\n>p2 move freezedry\n>p1 move slackoff\n>p2 move mudshot\n>p1 move sludgebomb\n>p2 move mudshot\n>p1 move sludgebomb\n>p2 move mudshot\n>p1 switch 3\n>p1 switch 2\n>p2 move wish\n>p1 move nastyplot\n>p2 move protect\n>p1 move dracometeor\n>p2 move freezedry\n>p2 switch 4\n>p1 move dracometeor\n>p2 move uturn\n>p2 switch 3\n>p1 switch 2\n>p1 move calmmind\n>p2 move ragingbull\n>p1 move thunderbolt\n>p2 move ragingbull\n>p1 switch 6\n>p1 move superpower terastallize\n>p2 move ragingbull\n>p2 switch 3\n>p1 move superpower\n>p2 move roost\n>p1 move superpower\n>p2 move toxic\n>p1 move superpower\n>p2 move roost\n>p1 move superpower\n>p2 move hurricane\n>p1 switch 4\n>p1 move nastyplot\n>p2 move roost terastallize\n>p1 move nastyplot\n>p2 move toxic\n>p1 move hurricane\n>p2 move hurricane\n>p2 switch 5\n>p1 move hurricane\n>p2 move haze\n>p2 switch 2\n>p1 move hurricane\n>p2 move leafblade", "uploadtime": 1733788702, "views": 10, "formatid": "gen9randombattle", "rating": 1124, "private": 0, "password": null}