{"id": "gen9randombattle-2260465425", "format": "[Gen 9] Random Battle", "players": ["Cutik1tty", "UziBoii"], "log": "|j|\u2606Cutik1tty\n|j|\u2606UziBoii\n|t:|1733854270\n|gametype|singles\n|player|p1|Cutik1tty|102|1426\n|player|p2|UziBoii|ethan|1384\n|teamsize|p1|6\n|teamsize|p2|6\n|gen|9\n|tier|[Gen 9] Random Battle\n|rated|\n|rule|Species Clause: Limit one of each Pok\u00e9mon\n|rule|HP Percentage Mod: HP is shown in percentages\n|rule|Sleep Clause Mod: Limit one foe put to sleep\n|rule|Illusion Level Mod: Illusion disguises the Pok\u00e9mon's true level\n|\n|t:|1733854270\n|start\n|switch|p1a: Great Tusk|Great Tusk, L77|304/304\n|switch|p2a: Torkoal|Torkoal, L88, M|266/266\n|-weather|SunnyDay|[from] ability: Drought|[of] p2a: Torkoal\n|-activate|p1a: Great Tusk|ability: Protosynthesis\n|-start|p1a: Great Tusk|protosynthesisatk\n|turn|1\n|inactive|Battle timer is ON: inactive players will automatically lose when time's up. (requested by UziBoii)\n|inactive|Cutik1tty has 120 seconds left.\n|\n|t:|1733854315\n|switch|p2a: Misdreavus|Misdreavus, L90, F|254/254\n|move|p1a: Great Tusk|Headlong Rush|p2a: Misdreavus\n|-immune|p2a: Misdreavus|[from] ability: Levitate\n|\n|-weather|SunnyDay|[upkeep]\n|upkeep\n|turn|2\n|\n|t:|1733854334\n|-end|p1a: Great Tusk|Protosynthesis|[silent]\n|switch|p1a: Crawdaunt|Crawdaunt, L84, F|243/243\n|move|p2a: Misdreavus|Will-O-Wisp|p1a: Crawdaunt\n|-status|p1a: Crawdaunt|brn\n|\n|-weather|SunnyDay|[upkeep]\n|-damage|p1a: Crawdaunt|228/243 brn|[from] brn\n|upkeep\n|turn|3\n|\n|t:|1733854340\n|switch|p2a: Torkoal|Torkoal, L88, M|266/266\n|move|p1a: Crawdaunt|Dragon Dance|p1a: Crawdaunt\n|-boost|p1a: Crawdaunt|atk|1\n|-boost|p1a: Crawdaunt|spe|1\n|\n|-weather|SunnyDay|[upkeep]\n|-damage|p1a: Crawdaunt|213/243 brn|[from] brn\n|upkeep\n|turn|4\n|inactive|Cutik1tty has 120 seconds left.\n|\n|t:|1733854374\n|move|p1a: Crawdaunt|Knock Off|p2a: Torkoal\n|-damage|p2a: Torkoal|154/266\n|-enditem|p2a: Torkoal|Heavy-Duty Boots|[from] move: Knock Off|[of] p1a: Crawdaunt\n|-damage|p1a: Crawdaunt|189/243 brn|[from] item: Life Orb\n|move|p2a: Torkoal|Solar Beam||[still]\n|-prepare|p2a: Torkoal|Solar Beam\n|-anim|p2a: Torkoal|Solar Beam|p1a: Crawdaunt\n|-supereffective|p1a: Crawdaunt\n|-damage|p1a: Crawdaunt|0 fnt\n|faint|p1a: Crawdaunt\n|\n|-weather|SunnyDay|[upkeep]\n|upkeep\n|inactive|Cutik1tty has 120 seconds left.\n|\n|t:|1733854386\n|switch|p1a: Great Tusk|Great Tusk, L77|304/304\n|-activate|p1a: Great Tusk|ability: Protosynthesis\n|-start|p1a: Great Tusk|protosynthesisatk\n|turn|5\n|inactive|Cutik1tty has 120 seconds left.\n|\n|t:|1733854396\n|switch|p2a: Misdreavus|Misdreavus, L90, F|254/254\n|move|p1a: Great Tusk|Headlong Rush|p2a: Misdreavus\n|-immune|p2a: Misdreavus|[from] ability: Levitate\n|\n|-weather|none\n|-end|p1a: Great Tusk|Protosynthesis\n|upkeep\n|turn|6\n|inactive|Cutik1tty has 120 seconds left.\n|\n|t:|1733854404\n|-end|p1a: Great Tusk|Protosynthesis|[silent]\n|switch|p1a: Oranguru|Oranguru, L92, M|315/315\n|move|p2a: Misdreavus|Calm Mind|p2a: Misdreavus\n|-boost|p2a: Misdreavus|spa|1\n|-boost|p2a: Misdreavus|spd|1\n|\n|upkeep\n|turn|7\n|inactive|Cutik1tty has 120 seconds left.\n|\n|t:|1733854420\n|move|p2a: Misdreavus|Calm Mind|p2a: Misdreavus\n|-boost|p2a: Misdreavus|spa|1\n|-boost|p2a: Misdreavus|spd|1\n|move|p1a: Oranguru|Thunderbolt|p2a: Misdreavus\n|-damage|p2a: Misdreavus|229/254\n|\n|upkeep\n|turn|8\n|inactive|Cutik1tty has 120 seconds left.\n|\n|t:|1733854444\n|move|p2a: Misdreavus|Draining Kiss|p1a: Oranguru\n|-damage|p1a: Oranguru|254/315\n|-heal|p2a: Misdreavus|254/254|[from] drain|[of] p1a: Oranguru\n|move|p1a: Oranguru|Psyshock|p2a: Misdreavus\n|-damage|p2a: Misdreavus|172/254\n|\n|-heal|p1a: Oranguru|273/315|[from] item: Leftovers\n|upkeep\n|turn|9\n|\n|t:|1733854454\n|move|p2a: Misdreavus|Will-O-Wisp|p1a: Oranguru\n|-status|p1a: Oranguru|brn\n|move|p1a: Oranguru|Psyshock|p2a: Misdreavus\n|-damage|p2a: Misdreavus|96/254\n|\n|-heal|p1a: Oranguru|292/315 brn|[from] item: Leftovers\n|-damage|p1a: Oranguru|273/315 brn|[from] brn\n|upkeep\n|turn|10\n|\n|t:|1733854457\n|move|p2a: Misdreavus|Draining Kiss|p1a: Oranguru\n|-damage|p1a: Oranguru|212/315 brn\n|-heal|p2a: Misdreavus|142/254|[from] drain|[of] p1a: Oranguru\n|move|p1a: Oranguru|Nasty Plot|p1a: Oranguru\n|-boost|p1a: Oranguru|spa|2\n|\n|-heal|p1a: Oranguru|231/315 brn|[from] item: Leftovers\n|-damage|p1a: Oranguru|212/315 brn|[from] brn\n|upkeep\n|turn|11\n|inactive|Cutik1tty has 120 seconds left.\n|\n|t:|1733854477\n|move|p2a: Misdreavus|Draining Kiss|p1a: Oranguru\n|-damage|p1a: Oranguru|151/315 brn\n|-heal|p2a: Misdreavus|188/254|[from] drain|[of] p1a: Oranguru\n|move|p1a: Oranguru|Nasty Plot|p1a: Oranguru\n|-boost|p1a: Oranguru|spa|2\n|\n|-heal|p1a: Oranguru|170/315 brn|[from] item: Leftovers\n|-damage|p1a: Oranguru|151/315 brn|[from] brn\n|upkeep\n|turn|12\n|\n|t:|1733854482\n|move|p2a: Misdreavus|Draining Kiss|p1a: Oranguru\n|-damage|p1a: Oranguru|96/315 brn\n|-heal|p2a: Misdreavus|229/254|[from] drain|[of] p1a: Oranguru\n|move|p1a: Oranguru|Psyshock|p2a: Misdreavus\n|-damage|p2a: Misdreavus|1/254\n|\n|-heal|p1a: Oranguru|115/315 brn|[from] item: Leftovers\n|-damage|p1a: Oranguru|96/315 brn|[from] brn\n|upkeep\n|turn|13\n|inactive|Cutik1tty has 120 seconds left.\n|\n|t:|1733854488\n|move|p2a: Misdreavus|Draining Kiss|p1a: Oranguru\n|-crit|p1a: Oranguru\n|-damage|p1a: Oranguru|16/315 brn\n|-heal|p2a: Misdreavus|61/254|[from] drain|[of] p1a: Oranguru\n|move|p1a: Oranguru|Psyshock|p2a: Misdreavus\n|-damage|p2a: Misdreavus|0 fnt\n|faint|p2a: Misdreavus\n|\n|-heal|p1a: Oranguru|35/315 brn|[from] item: Leftovers\n|-damage|p1a: Oranguru|16/315 brn|[from] brn\n|upkeep\n|\n|t:|1733854501\n|switch|p2a: Meowscarada|Meowscarada, L78, F|247/247\n|turn|14\n|inactive|Cutik1tty has 120 seconds left.\n|\n|t:|1733854518\n|move|p2a: Meowscarada|Knock Off|p1a: Oranguru\n|-start|p2a: Meowscarada|typechange|Dark|[from] ability: Protean\n|-supereffective|p1a: Oranguru\n|-damage|p1a: Oranguru|0 fnt\n|-enditem|p1a: Oranguru|Leftovers|[from] move: Knock Off|[of] p2a: Meowscarada\n|faint|p1a: Oranguru\n|-damage|p2a: Meowscarada|223/247|[from] item: Life Orb\n|\n|upkeep\n|inactive|Cutik1tty has 120 seconds left.\n|\n|t:|1733854539\n|switch|p1a: Kyurem|Kyurem-Black, L71|295/295\n|-ability|p1a: Kyurem|Teravolt\n|turn|15\n|\n|t:|1733854548\n|switch|p2a: Electrode|Electrode, L92|260/260\n|move|p1a: Kyurem|Icicle Spear|p2a: Electrode\n|-damage|p2a: Electrode|229/260\n|-damage|p2a: Electrode|198/260\n|-damage|p2a: Electrode|162/260\n|-damage|p2a: Electrode|128/260\n|-damage|p2a: Electrode|97/260\n|-hitcount|p2a: Electrode|5\n|\n|upkeep\n|turn|16\n|inactive|Cutik1tty has 120 seconds left.\n|\n|t:|1733854583\n|move|p2a: Electrode|Thunderbolt|p1a: Kyurem\n|-resisted|p1a: Kyurem\n|-damage|p1a: Kyurem|241/295\n|-status|p1a: Kyurem|par\n|move|p1a: Kyurem|Icicle Spear|p2a: Electrode\n|-damage|p2a: Electrode|64/260\n|-damage|p2a: Electrode|27/260\n|-damage|p2a: Electrode|0 fnt\n|faint|p2a: Electrode\n|-hitcount|p2: Electrode|3\n|\n|upkeep\n|\n|t:|1733854594\n|switch|p2a: Torkoal|Torkoal, L88, M|154/266\n|-weather|SunnyDay|[from] ability: Drought|[of] p2a: Torkoal\n|turn|17\n|\n|t:|1733854605\n|switch|p1a: Great Tusk|Great Tusk, L77|304/304\n|-activate|p1a: Great Tusk|ability: Protosynthesis\n|-start|p1a: Great Tusk|protosynthesisatk\n|move|p2a: Torkoal|Stealth Rock|p1a: Great Tusk\n|-sidestart|p1: Cutik1tty|move: Stealth Rock\n|\n|-weather|SunnyDay|[upkeep]\n|upkeep\n|turn|18\n|inactive|UziBoii has 120 seconds left.\n|inactive|UziBoii has 90 seconds left.\n|\n|t:|1733854664\n|switch|p2a: Ho-Oh|Ho-Oh, L71|268/268\n|move|p1a: Great Tusk|Headlong Rush|p2a: Ho-Oh\n|-immune|p2a: Ho-Oh\n|\n|-weather|SunnyDay|[upkeep]\n|upkeep\n|turn|19\n|\n|t:|1733854670\n|move|p1a: Great Tusk|Rapid Spin|p2a: Ho-Oh\n|-damage|p2a: Ho-Oh|207/268\n|-boost|p1a: Great Tusk|spe|1\n|-sideend|p1: Cutik1tty|Stealth Rock|[from] move: Rapid Spin|[of] p1a: Great Tusk\n|move|p2a: Ho-Oh|Sacred Fire|p1a: Great Tusk\n|-damage|p1a: Great Tusk|183/304\n|\n|-weather|SunnyDay|[upkeep]\n|upkeep\n|turn|20\n|inactive|UziBoii has 90 seconds left.\n|\n|t:|1733854702\n|move|p1a: Great Tusk|Ice Spinner|p2a: Ho-Oh\n|-damage|p2a: Ho-Oh|121/268\n|move|p2a: Ho-Oh|Sacred Fire|p1a: Great Tusk\n|-damage|p1a: Great Tusk|71/304\n|\n|-weather|SunnyDay|[upkeep]\n|upkeep\n|turn|21\n|\n|t:|1733854709\n|move|p1a: Great Tusk|Ice Spinner|p2a: Ho-Oh\n|-damage|p2a: Ho-Oh|31/268\n|move|p2a: Ho-Oh|Recover|p2a: Ho-Oh\n|-heal|p2a: Ho-Oh|165/268\n|\n|-weather|none\n|-end|p1a: Great Tusk|Protosynthesis\n|upkeep\n|turn|22\n|inactive|UziBoii has 90 seconds left.\n|\n|t:|1733854728\n|move|p1a: Great Tusk|Ice Spinner|p2a: Ho-Oh\n|-damage|p2a: Ho-Oh|96/268\n|move|p2a: Ho-Oh|Recover|p2a: Ho-Oh\n|-heal|p2a: Ho-Oh|230/268\n|\n|upkeep\n|turn|23\n|\n|t:|1733854736\n|move|p1a: Great Tusk|Ice Spinner|p2a: Ho-Oh\n|-damage|p2a: Ho-Oh|158/268\n|move|p2a: Ho-Oh|Brave Bird|p1a: Great Tusk\n|-supereffective|p1a: Great Tusk\n|-damage|p1a: Great Tusk|0 fnt\n|faint|p1a: Great Tusk\n|-end|p1a: Great Tusk|Protosynthesis|[silent]\n|-damage|p2a: Ho-Oh|135/268|[from] Recoil\n|\n|upkeep\n|\n|t:|1733854741\n|switch|p1a: Electrode|Electrode-Hisui, L87|246/246\n|turn|24\n|\n|t:|1733854755\n|move|p1a: Electrode|Substitute|p1a: Electrode\n|-start|p1a: Electrode|Substitute\n|-damage|p1a: Electrode|185/246\n|move|p2a: Ho-Oh|Sacred Fire|p1a: Electrode\n|-supereffective|p1a: Electrode\n|-end|p1a: Electrode|Substitute\n|\n|-heal|p1a: Electrode|200/246|[from] item: Leftovers\n|upkeep\n|turn|25\n|\n|t:|1733854762\n|move|p1a: Electrode|Thunderbolt|p2a: Ho-Oh\n|-supereffective|p2a: Ho-Oh\n|-damage|p2a: Ho-Oh|1/268\n|move|p2a: Ho-Oh|Recover|p2a: Ho-Oh\n|-heal|p2a: Ho-Oh|135/268\n|\n|-heal|p1a: Electrode|215/246|[from] item: Leftovers\n|upkeep\n|turn|26\n|inactive|UziBoii has 120 seconds left.\n|\n|t:|1733854773\n|move|p1a: Electrode|Thunderbolt|p2a: Ho-Oh\n|-supereffective|p2a: Ho-Oh\n|-damage|p2a: Ho-Oh|3/268\n|move|p2a: Ho-Oh|Recover|p2a: Ho-Oh\n|-heal|p2a: Ho-Oh|137/268\n|\n|-heal|p1a: Electrode|230/246|[from] item: Leftovers\n|upkeep\n|turn|27\n|inactive|UziBoii has 120 seconds left.\n|\n|t:|1733854783\n|switch|p2a: Torkoal|Torkoal, L88, M|154/266\n|-weather|SunnyDay|[from] ability: Drought|[of] p2a: Torkoal\n|move|p1a: Electrode|Leech Seed|p2a: Torkoal\n|-start|p2a: Torkoal|move: Leech Seed\n|\n|-weather|SunnyDay|[upkeep]\n|-heal|p1a: Electrode|245/246|[from] item: Leftovers\n|-damage|p2a: Torkoal|121/266|[from] Leech Seed|[of] p1a: Electrode\n|-heal|p1a: Electrode|246/246|[silent]\n|upkeep\n|turn|28\n|\n|t:|1733854791\n|move|p1a: Electrode|Substitute|p1a: Electrode\n|-start|p1a: Electrode|Substitute\n|-damage|p1a: Electrode|185/246\n|move|p2a: Torkoal|Lava Plume|p1a: Electrode\n|-supereffective|p1a: Electrode\n|-end|p1a: Electrode|Substitute\n|\n|-weather|SunnyDay|[upkeep]\n|-heal|p1a: Electrode|200/246|[from] item: Leftovers\n|-damage|p2a: Torkoal|88/266|[from] Leech Seed|[of] p1a: Electrode\n|-heal|p1a: Electrode|233/246|[silent]\n|upkeep\n|turn|29\n|\n|t:|1733854798\n|switch|p2a: Espeon|Espeon, L84, M|246/246\n|move|p1a: Electrode|Substitute|p1a: Electrode\n|-start|p1a: Electrode|Substitute\n|-damage|p1a: Electrode|172/246\n|\n|-weather|SunnyDay|[upkeep]\n|-heal|p1a: Electrode|187/246|[from] item: Leftovers\n|upkeep\n|turn|30\n|\n|t:|1733854813\n|move|p1a: Electrode|Thunderbolt|p2a: Espeon\n|-damage|p2a: Espeon|164/246\n|-status|p2a: Espeon|par\n|move|p2a: Espeon|Psyshock|p1a: Electrode\n|-end|p1a: Electrode|Substitute\n|\n|-weather|SunnyDay|[upkeep]\n|-heal|p1a: Electrode|202/246|[from] item: Leftovers\n|upkeep\n|turn|31\n|\n|t:|1733854825\n|switch|p2a: Meowscarada|Meowscarada, L78, F|223/247\n|move|p1a: Electrode|Leech Seed|p2a: Meowscarada\n|-immune|p2a: Meowscarada\n|\n|-weather|none\n|-heal|p1a: Electrode|217/246|[from] item: Leftovers\n|upkeep\n|turn|32\n|\n|t:|1733854849\n|switch|p1a: Kyurem|Kyurem-Black, L71|241/295 par\n|-ability|p1a: Kyurem|Teravolt\n|move|p2a: Meowscarada|Triple Axel|p1a: Kyurem\n|-start|p2a: Meowscarada|typechange|Ice|[from] ability: Protean\n|-damage|p1a: Kyurem|214/295 par\n|-hitcount|p1a: Kyurem|1\n|-damage|p2a: Meowscarada|199/247|[from] item: Life Orb\n|\n|upkeep\n|turn|33\n|\n|t:|1733854860\n|switch|p2a: Torkoal|Torkoal, L88, M|88/266\n|-weather|SunnyDay|[from] ability: Drought|[of] p2a: Torkoal\n|move|p1a: Kyurem|Dragon Dance|p1a: Kyurem\n|-boost|p1a: Kyurem|atk|1\n|-boost|p1a: Kyurem|spe|1\n|\n|-weather|SunnyDay|[upkeep]\n|upkeep\n|turn|34\n|\n|t:|1733854875\n|move|p1a: Kyurem|Scale Shot|p2a: Torkoal\n|-damage|p2a: Torkoal|54/266\n|-damage|p2a: Torkoal|21/266\n|-damage|p2a: Torkoal|0 fnt\n|faint|p2a: Torkoal\n|-hitcount|p2: Torkoal|3\n|-unboost|p1a: Kyurem|def|1\n|-boost|p1a: Kyurem|spe|1\n|\n|-weather|SunnyDay|[upkeep]\n|upkeep\n|\n|t:|1733854883\n|switch|p2a: Espeon|Espeon, L84, M|164/246 par\n|turn|35\n|\n|t:|1733854888\n|move|p1a: Kyurem|Scale Shot|p2a: Espeon\n|-damage|p2a: Espeon|107/246 par\n|-damage|p2a: Espeon|43/246 par\n|-crit|p2a: Espeon\n|-damage|p2a: Espeon|0 fnt\n|faint|p2a: Espeon\n|-hitcount|p2: Espeon|3\n|-unboost|p1a: Kyurem|def|1\n|-boost|p1a: Kyurem|spe|1\n|\n|-weather|SunnyDay|[upkeep]\n|upkeep\n|\n|t:|1733854891\n|switch|p2a: Ho-Oh|Ho-Oh, L71|226/268\n|turn|36\n|\n|t:|1733854899\n|-terastallize|p2a: Ho-Oh|Steel\n|cant|p1a: Kyurem|par\n|move|p2a: Ho-Oh|Sacred Fire|p1a: Kyurem\n|-damage|p1a: Kyurem|0 fnt\n|faint|p1a: Kyurem\n|\n|-weather|SunnyDay|[upkeep]\n|upkeep\n|\n|t:|1733854908\n|switch|p1a: Swampert|Swampert, L83, F|302/302\n|turn|37\n|\n|t:|1733854920\n|switch|p2a: Meowscarada|Meowscarada, L78, F|199/247\n|move|p1a: Swampert|Stealth Rock|p2a: Meowscarada\n|-sidestart|p2: UziBoii|move: Stealth Rock\n|\n|-weather|none\n|upkeep\n|turn|38\n|\n|t:|1733854925\n|switch|p1a: Electrode|Electrode-Hisui, L87|217/246\n|move|p2a: Meowscarada|Knock Off|p1a: Electrode\n|-start|p2a: Meowscarada|typechange|Dark|[from] ability: Protean\n|-damage|p1a: Electrode|79/246\n|-enditem|p1a: Electrode|Leftovers|[from] move: Knock Off|[of] p2a: Meowscarada\n|-damage|p2a: Meowscarada|175/247|[from] item: Life Orb\n|\n|upkeep\n|turn|39\n|\n|t:|1733854945\n|move|p1a: Electrode|Leech Seed|p2a: Meowscarada\n|-start|p2a: Meowscarada|move: Leech Seed\n|move|p2a: Meowscarada|Triple Axel|p1a: Electrode\n|-supereffective|p1a: Electrode\n|-damage|p1a: Electrode|35/246\n|-supereffective|p1a: Electrode\n|-damage|p1a: Electrode|0 fnt\n|faint|p1a: Electrode\n|-hitcount|p1: Electrode|2\n|-damage|p2a: Meowscarada|151/247|[from] item: Life Orb\n|\n|upkeep\n|\n|t:|1733854950\n|switch|p1a: Swampert|Swampert, L83, F|302/302\n|turn|40\n|\n|t:|1733854960\n|switch|p2a: Ho-Oh|Ho-Oh, L71, tera:Steel|268/268\n|-terastallize|p1a: Swampert|Poison\n|move|p1a: Swampert|Earthquake|p2a: Ho-Oh\n|-supereffective|p2a: Ho-Oh\n|-damage|p2a: Ho-Oh|22/268\n|\n|upkeep\n|turn|41\n|\n|t:|1733854976\n|move|p2a: Ho-Oh|Sacred Fire|p1a: Swampert\n|-crit|p1a: Swampert\n|-damage|p1a: Swampert|148/302\n|move|p1a: Swampert|Earthquake|p2a: Ho-Oh\n|-supereffective|p2a: Ho-Oh\n|-damage|p2a: Ho-Oh|0 fnt\n|faint|p2a: Ho-Oh\n|\n|-heal|p1a: Swampert|166/302|[from] item: Leftovers\n|upkeep\n|\n|t:|1733854980\n|switch|p2a: Meowscarada|Meowscarada, L78, F|151/247\n|-damage|p2a: Meowscarada|121/247|[from] Stealth Rock\n|turn|42\n|\n|t:|1733854998\n|move|p2a: Meowscarada|Triple Axel|p1a: Swampert\n|-start|p2a: Meowscarada|typechange|Ice|[from] ability: Protean\n|-damage|p1a: Swampert|141/302\n|-damage|p1a: Swampert|86/302\n|-crit|p1a: Swampert\n|-damage|p1a: Swampert|0 fnt\n|faint|p1a: Swampert\n|-hitcount|p1: Swampert|3\n|-damage|p2a: Meowscarada|97/247|[from] item: Life Orb\n|\n|win|UziBoii\n|raw|Cutik1tty's rating: 1426 &rarr; <strong>1404</strong><br />(-22 for losing)\n|raw|UziBoii's rating: 1384 &rarr; <strong>1406</strong><br />(+22 for winning)\n", "inputlog": ">version bfd83cad13791eb5a5a409923076391caf6fb4d4\n>start {\"formatid\":\"gen9randombattle\",\"seed\":[25950,14312,11842,19340],\"rated\":\"Rated battle\"}\n>player p1 {\"name\":\"Cutik1tty\",\"avatar\":\"102\",\"rating\":1426,\"seed\":[40262,27123,42661,6072]}\n>player p2 {\"name\":\"UziBoii\",\"avatar\":\"ethan\",\"rating\":1384,\"seed\":[23435,27734,47976,25904]}\n>p1 move headlongrush\n>p2 switch 2\n>p1 switch 4\n>p2 move willowisp\n>p1 move dragondance\n>p2 switch 2\n>p1 move knockoff\n>p2 move solarbeam\n>p1 switch 4\n>p1 move headlongrush\n>p2 switch 2\n>p1 switch 6\n>p2 move calmmind\n>p1 move thunderbolt\n>p2 move calmmind\n>p1 move psyshock\n>p2 move drainingkiss\n>p1 move psyshock\n>p2 move willowisp\n>p1 move nastyplot\n>p2 move drainingkiss\n>p1 move nastyplot\n>p2 move drainingkiss\n>p1 move psyshock\n>p2 move drainingkiss\n>p1 move psyshock\n>p2 move drainingkiss\n>p2 switch 5\n>p1 move focusblast\n>p2 move knockoff\n>p1 switch 2\n>p1 move iciclespear\n>p2 switch 4\n>p1 move iciclespear\n>p2 move thunderbolt\n>p2 switch 2\n>p1 switch 6\n>p2 move stealthrock\n>p1 move headlongrush\n>p2 switch 3\n>p1 move rapidspin\n>p2 move sacredfire\n>p1 move icespinner\n>p2 move sacredfire\n>p1 move icespinner\n>p2 move recover\n>p1 move icespinner\n>p2 move recover\n>p1 move icespinner\n>p2 move bravebird\n>p1 switch 3\n>p1 move substitute\n>p2 move sacredfire\n>p1 move thunderbolt\n>p2 move recover\n>p1 move thunderbolt\n>p2 move recover\n>p1 move leechseed\n>p2 switch 3\n>p1 move substitute\n>p2 move lavaplume\n>p1 move substitute\n>p2 switch 6\n>p1 move thunderbolt\n>p2 move psyshock\n>p1 move leechseed\n>p2 switch 4\n>p1 switch 6\n>p2 move tripleaxel\n>p1 move dragondance\n>p2 switch 6\n>p1 move scaleshot\n>p2 move lavaplume\n>p2 switch 4\n>p1 move scaleshot\n>p2 move trick\n>p2 switch 3\n>p1 move scaleshot\n>p2 move sacredfire terastallize\n>p1 switch 5\n>p1 move stealthrock\n>p2 switch 6\n>p1 switch 6\n>p2 move knockoff\n>p1 move leechseed\n>p2 move tripleaxel\n>p1 switch 6\n>p1 move earthquake terastallize\n>p2 switch 6\n>p1 move earthquake\n>p2 move sacredfire\n>p2 switch 6\n>p1 move knockoff\n>p2 move tripleaxel", "uploadtime": 1733855006, "views": 1, "formatid": "gen9randombattle", "rating": 1404, "private": 0, "password": null}