{"id": "gen9randombattle-2211693248", "format": "[Gen 9] Random Battle", "players": ["R3LT Theologos", "r3lt michi"], "log": "|badge|p1|bronze|gen9randombattle|100-2\n|html|<div class=\"broadcast-red\"><strong>This battle is required to be public due to one or more player having a season medal.</strong><br />During the public phase, you can discuss the state of the ladder <a href=\"/seasondiscussion\">in a special chatroom.</a></div>\n|uhtml|medal-msg|<div class=\"broadcast-blue\">Curious what those medals under the avatar are? PS now has Ladder Seasons! For more information, check out the <a href=\"https://www.smogon.com/forums/threads/3740067/\">thread on Smogon.</a></div>\n|badge|p2|bronze|gen9randombattle|100-2\n|uhtml|medal-msg|<div class=\"broadcast-blue\">Curious what those medals under the avatar are? PS now has Ladder Seasons! For more information, check out the <a href=\"https://www.smogon.com/forums/threads/3740067/\">thread on Smogon.</a></div>\n|j|\u2606R3LT Theologos\n|j|\u2606r3lt michi\n|t:|1727550840\n|gametype|singles\n|player|p1|R3LT Theologos|artist|2356\n|player|p2|r3lt michi|169|2348\n|teamsize|p1|6\n|teamsize|p2|6\n|gen|9\n|tier|[Gen 9] Random Battle\n|rated|\n|rule|Species Clause: Limit one of each Pok\u00e9mon\n|rule|HP Percentage Mod: HP is shown in percentages\n|rule|Sleep Clause Mod: Limit one foe put to sleep\n|rule|Illusion Level Mod: Illusion disguises the Pok\u00e9mon's true level\n|\n|t:|1727550840\n|start\n|switch|p1a: Wigglytuff|Wigglytuff, L96, M|424/424\n|switch|p2a: Noctowl|Noctowl, L95, M|344/344\n|turn|1\n|inactive|Battle timer is ON: inactive players will automatically lose when time's up. (requested by r3lt michi)\n|\n|t:|1727550857\n|switch|p2a: Dudunsparce|Dudunsparce-Three-Segment, L82, F|339/339\n|switch|p1a: Dodrio|Dodrio, L86, F|243/243\n|\n|upkeep\n|turn|2\n|\n|t:|1727550872\n|switch|p1a: Trevenant|Trevenant, L88, M|293/293\n|move|p2a: Dudunsparce|Glare|p1a: Trevenant\n|-status|p1a: Trevenant|par\n|\n|upkeep\n|turn|3\n|\n|t:|1727550880\n|switch|p2a: Tsareena|Tsareena, L87, F|267/267\n|move|p1a: Trevenant|Will-O-Wisp|p2a: Tsareena\n|-status|p2a: Tsareena|brn\n|\n|-damage|p2a: Tsareena|251/267 brn|[from] brn\n|upkeep\n|turn|4\n|\n|t:|1727550884\n|-curestatus|p1a: Trevenant|par|[from] ability: Natural Cure\n|switch|p1a: Ho-Oh|Ho-Oh, L71|268/268\n|move|p2a: Tsareena|Knock Off|p1a: Ho-Oh\n|-damage|p1a: Ho-Oh|196/268\n|-enditem|p1a: Ho-Oh|Heavy-Duty Boots|[from] move: Knock Off|[of] p2a: Tsareena\n|\n|-damage|p2a: Tsareena|235/267 brn|[from] brn\n|upkeep\n|turn|5\n|\n|t:|1727550895\n|switch|p2a: Noctowl|Noctowl, L95, M|344/344\n|move|p1a: Ho-Oh|Sacred Fire|p2a: Noctowl\n|-damage|p2a: Noctowl|209/344\n|\n|upkeep\n|turn|6\n|\n|t:|1727550901\n|move|p2a: Noctowl|Hurricane|p1a: Ho-Oh\n|-damage|p1a: Ho-Oh|87/268\n|move|p1a: Ho-Oh|Sacred Fire|p2a: Noctowl\n|-damage|p2a: Noctowl|71/344\n|-status|p2a: Noctowl|brn\n|\n|-damage|p2a: Noctowl|50/344 brn|[from] brn\n|upkeep\n|turn|7\n|\n|t:|1727550907\n|switch|p1a: Wigglytuff|Wigglytuff, L96, M|424/424\n|move|p2a: Noctowl|Hurricane|p1a: Wigglytuff|[miss]\n|-miss|p2a: Noctowl|p1a: Wigglytuff\n|\n|-damage|p2a: Noctowl|29/344 brn|[from] brn\n|upkeep\n|turn|8\n|j| ShaneTheShroomish\n|\n|t:|1727550912\n|move|p2a: Noctowl|Hurricane|p1a: Wigglytuff\n|-damage|p1a: Wigglytuff|247/424\n|move|p1a: Wigglytuff|Knock Off|p2a: Noctowl\n|-damage|p2a: Noctowl|0 fnt\n|-enditem|p2a: Noctowl|Heavy-Duty Boots|[from] move: Knock Off|[of] p1a: Wigglytuff\n|faint|p2a: Noctowl\n|\n|-heal|p1a: Wigglytuff|273/424|[from] item: Leftovers\n|upkeep\n|\n|t:|1727550922\n|switch|p2a: Sceptile|Sceptile, L87, M|264/264\n|turn|9\n|\n|t:|1727550932\n|move|p2a: Sceptile|Rock Slide|p1a: Wigglytuff\n|-crit|p1a: Wigglytuff\n|-damage|p1a: Wigglytuff|137/424\n|-damage|p2a: Sceptile|238/264|[from] item: Life Orb\n|move|p1a: Wigglytuff|Dazzling Gleam|p2a: Sceptile\n|-damage|p2a: Sceptile|144/264\n|\n|-heal|p1a: Wigglytuff|163/424|[from] item: Leftovers\n|upkeep\n|turn|10\n|\n|t:|1727550938\n|switch|p1a: Trevenant|Trevenant, L88, M|293/293\n|move|p2a: Sceptile|Leaf Storm|p1a: Trevenant\n|-resisted|p1a: Trevenant\n|-damage|p1a: Trevenant|184/293\n|-unboost|p2a: Sceptile|spa|2\n|-damage|p2a: Sceptile|118/264|[from] item: Life Orb\n|\n|upkeep\n|turn|11\n|\n|t:|1727550945\n|switch|p2a: Tsareena|Tsareena, L87, F|235/267 brn\n|move|p1a: Trevenant|Drain Punch|p2a: Tsareena\n|-damage|p2a: Tsareena|157/267 brn\n|-heal|p1a: Trevenant|223/293|[from] drain|[of] p2a: Tsareena\n|-damage|p1a: Trevenant|194/293|[from] item: Life Orb\n|\n|-damage|p2a: Tsareena|141/267 brn|[from] brn\n|upkeep\n|turn|12\n|\n|t:|1727550951\n|switch|p1a: Ho-Oh|Ho-Oh, L71|176/268\n|move|p2a: Tsareena|U-turn|p1a: Ho-Oh\n|-resisted|p1a: Ho-Oh\n|-damage|p1a: Ho-Oh|163/268\n|\n|t:|1727550957\n|switch|p2a: Sceptile|Sceptile, L87, M|118/264|[from] U-turn\n|\n|upkeep\n|turn|13\n|\n|t:|1727550963\n|switch|p1a: Breloom|Breloom, L82, F|233/233\n|move|p2a: Sceptile|Rock Slide|p1a: Breloom\n|-resisted|p1a: Breloom\n|-damage|p1a: Breloom|199/233\n|-damage|p2a: Sceptile|92/264|[from] item: Life Orb\n|\n|upkeep\n|turn|14\n|c| ShaneTheShroomish|hooh being useful\n|c|\u2606R3LT Theologos|ye\n|c|\u2606R3LT Theologos|rare\n|\n|t:|1727550974\n|switch|p2a: Rabsca|Rabsca, L91, M|284/284\n|move|p1a: Breloom|Mach Punch|p2a: Rabsca\n|-resisted|p2a: Rabsca\n|-damage|p2a: Rabsca|259/284\n|-damage|p1a: Breloom|176/233|[from] item: Life Orb\n|\n|upkeep\n|turn|15\n|\n|t:|1727550983\n|move|p1a: Breloom|Spore|p2a: Rabsca\n|-status|p2a: Rabsca|slp|[from] move: Spore\n|cant|p2a: Rabsca|slp\n|\n|upkeep\n|turn|16\n|c| ShaneTheShroomish|i told you that my friend would foil your plans mich\n|\n|t:|1727550986\n|move|p1a: Breloom|Rock Tomb|p2a: Rabsca\n|-supereffective|p2a: Rabsca\n|-damage|p2a: Rabsca|61/284 slp\n|-unboost|p2a: Rabsca|spe|1\n|-damage|p1a: Breloom|153/233|[from] item: Life Orb\n|cant|p2a: Rabsca|slp\n|\n|upkeep\n|turn|17\n|c| ShaneTheShroomish|give up now\n|c|\u2606r3lt michi|bro my team gets walled to hell\n|c| ShaneTheShroomish|theologos is a beast\n|c| ShaneTheShroomish|hes gonna get the #1 seed this round\n|\n|t:|1727551015\n|switch|p2a: Grimmsnarl|Grimmsnarl, L83, M|293/293\n|move|p1a: Breloom|Bullet Seed|p2a: Grimmsnarl\n|-damage|p2a: Grimmsnarl|218/293\n|-damage|p2a: Grimmsnarl|140/293\n|-damage|p2a: Grimmsnarl|57/293\n|-hitcount|p2a: Grimmsnarl|3\n|-damage|p1a: Breloom|130/233|[from] item: Life Orb\n|\n|upkeep\n|turn|18\n|\n|t:|1727551022\n|move|p1a: Breloom|Mach Punch|p2a: Grimmsnarl\n|-damage|p2a: Grimmsnarl|0 fnt\n|faint|p2a: Grimmsnarl\n|-damage|p1a: Breloom|107/233|[from] item: Life Orb\n|\n|upkeep\n|c|\u2606R3LT Theologos|gg\n|\n|t:|1727551026\n|switch|p2a: Tsareena|Tsareena, L87, F|141/267 brn\n|turn|19\n|\n|t:|1727551032\n|switch|p1a: Ho-Oh|Ho-Oh, L71|252/268\n|move|p2a: Tsareena|Triple Axel|p1a: Ho-Oh|[miss]\n|-miss|p2a: Tsareena|p1a: Ho-Oh\n|\n|-damage|p2a: Tsareena|125/267 brn|[from] brn\n|upkeep\n|turn|20\n|\n|t:|1727551040\n|switch|p2a: Rabsca|Rabsca, L91, M|61/284 slp\n|move|p1a: Ho-Oh|Sacred Fire|p2a: Rabsca\n|-supereffective|p2a: Rabsca\n|-damage|p2a: Rabsca|0 fnt\n|faint|p2a: Rabsca\n|\n|upkeep\n|\n|t:|1727551044\n|switch|p2a: Sceptile|Sceptile, L87, M|92/264\n|turn|21\n|c| ShaneTheShroomish|you may be better than michael and pokeblade but theologos is a different beast\n|c| ShaneTheShroomish|that 1000 dollars is his\n|\n|t:|1727551067\n|switch|p1a: Dodrio|Dodrio, L86, F|243/243\n|move|p2a: Sceptile|Focus Blast|p1a: Dodrio\n|-crit|p1a: Dodrio\n|-damage|p1a: Dodrio|23/243\n|-damage|p2a: Sceptile|66/264|[from] item: Life Orb\n|\n|upkeep\n|turn|22\n|\n|t:|1727551073\n|move|p2a: Sceptile|Rock Slide|p1a: Dodrio\n|-supereffective|p1a: Dodrio\n|-damage|p1a: Dodrio|0 fnt\n|faint|p1a: Dodrio\n|-damage|p2a: Sceptile|40/264|[from] item: Life Orb\n|\n|upkeep\n|\n|t:|1727551079\n|switch|p1a: Breloom|Breloom, L82, F|107/233\n|turn|23\n|\n|t:|1727551084\n|switch|p2a: Tsareena|Tsareena, L87, F|125/267 brn\n|move|p1a: Breloom|Mach Punch||[still]\n|cant|p2a: Tsareena|ability: Queenly Majesty|Mach Punch|[of] p1a: Breloom\n|\n|-damage|p2a: Tsareena|109/267 brn|[from] brn\n|upkeep\n|turn|24\n|\n|t:|1727551095\n|switch|p1a: Ho-Oh|Ho-Oh, L71|268/268\n|move|p2a: Tsareena|U-turn|p1a: Ho-Oh\n|-resisted|p1a: Ho-Oh\n|-damage|p1a: Ho-Oh|254/268\n|\n|t:|1727551098\n|switch|p2a: Sceptile|Sceptile, L87, M|40/264|[from] U-turn\n|\n|upkeep\n|turn|25\n|\n|t:|1727551104\n|switch|p1a: Breloom|Breloom, L82, F|107/233\n|move|p2a: Sceptile|Leaf Storm|p1a: Breloom\n|-resisted|p1a: Breloom\n|-damage|p1a: Breloom|0 fnt\n|-unboost|p2a: Sceptile|spa|2\n|faint|p1a: Breloom\n|-damage|p2a: Sceptile|14/264|[from] item: Life Orb\n|\n|upkeep\n|\n|t:|1727551107\n|switch|p1a: Wigglytuff|Wigglytuff, L96, M|163/424\n|turn|26\n|\n|t:|1727551116\n|switch|p2a: Dudunsparce|Dudunsparce-Three-Segment, L82, F|339/339\n|move|p1a: Wigglytuff|Protect||[still]\n|-fail|p1a: Wigglytuff\n|\n|-heal|p1a: Wigglytuff|189/424|[from] item: Leftovers\n|upkeep\n|turn|27\n|\n|t:|1727551122\n|move|p1a: Wigglytuff|Protect|p1a: Wigglytuff\n|-singleturn|p1a: Wigglytuff|Protect\n|move|p2a: Dudunsparce|Glare|p1a: Wigglytuff\n|-activate|p1a: Wigglytuff|move: Protect\n|\n|-heal|p1a: Wigglytuff|215/424|[from] item: Leftovers\n|upkeep\n|turn|28\n|\n|t:|1727551127\n|move|p1a: Wigglytuff|Knock Off|p2a: Dudunsparce\n|-damage|p2a: Dudunsparce|263/339\n|-enditem|p2a: Dudunsparce|Leftovers|[from] move: Knock Off|[of] p1a: Wigglytuff\n|move|p2a: Dudunsparce|Glare|p1a: Wigglytuff\n|-status|p1a: Wigglytuff|par\n|\n|-heal|p1a: Wigglytuff|241/424 par|[from] item: Leftovers\n|upkeep\n|turn|29\n|\n|t:|1727551131\n|move|p1a: Wigglytuff|Protect|p1a: Wigglytuff\n|-singleturn|p1a: Wigglytuff|Protect\n|move|p2a: Dudunsparce|Glare|p1a: Wigglytuff\n|-activate|p1a: Wigglytuff|move: Protect\n|\n|-heal|p1a: Wigglytuff|267/424 par|[from] item: Leftovers\n|upkeep\n|turn|30\n|\n|t:|1727551134\n|switch|p1a: Trevenant|Trevenant, L88, M|194/293\n|move|p2a: Dudunsparce|Headbutt|p1a: Trevenant\n|-immune|p1a: Trevenant\n|\n|upkeep\n|turn|31\n|\n|t:|1727551141\n|switch|p2a: Tsareena|Tsareena, L87, F|109/267 brn\n|move|p1a: Trevenant|Drain Punch|p2a: Tsareena\n|-damage|p2a: Tsareena|36/267 brn\n|-heal|p1a: Trevenant|231/293|[from] drain|[of] p2a: Tsareena\n|-damage|p1a: Trevenant|202/293|[from] item: Life Orb\n|\n|-damage|p2a: Tsareena|20/267 brn|[from] brn\n|upkeep\n|turn|32\n|\n|t:|1727551148\n|switch|p1a: Ho-Oh|Ho-Oh, L71|268/268\n|move|p2a: Tsareena|U-turn|p1a: Ho-Oh\n|-resisted|p1a: Ho-Oh\n|-damage|p1a: Ho-Oh|254/268\n|\n|t:|1727551150\n|switch|p2a: Sceptile|Sceptile, L87, M|14/264|[from] U-turn\n|\n|upkeep\n|turn|33\n|\n|t:|1727551154\n|switch|p1a: Primarina|Primarina, L83, M|268/268\n|move|p2a: Sceptile|Leaf Storm|p1a: Primarina\n|-supereffective|p1a: Primarina\n|-damage|p1a: Primarina|0 fnt\n|-unboost|p2a: Sceptile|spa|2\n|faint|p1a: Primarina\n|-damage|p2a: Sceptile|0 fnt|[from] item: Life Orb\n|faint|p2a: Sceptile\n|\n|upkeep\n|\n|t:|1727551166\n|switch|p2a: Dudunsparce|Dudunsparce-Three-Segment, L82, F|263/339\n|switch|p1a: Ho-Oh|Ho-Oh, L71|268/268\n|turn|34\n|\n|t:|1727551171\n|move|p1a: Ho-Oh|Sacred Fire|p2a: Dudunsparce\n|-damage|p2a: Dudunsparce|158/339\n|-status|p2a: Dudunsparce|brn\n|move|p2a: Dudunsparce|Glare|p1a: Ho-Oh\n|-status|p1a: Ho-Oh|par\n|\n|-damage|p2a: Dudunsparce|137/339 brn|[from] brn\n|upkeep\n|turn|35\n|\n|t:|1727551176\n|move|p2a: Dudunsparce|Roost|p2a: Dudunsparce\n|-heal|p2a: Dudunsparce|307/339 brn\n|-singleturn|p2a: Dudunsparce|move: Roost\n|cant|p1a: Ho-Oh|par\n|\n|-damage|p2a: Dudunsparce|286/339 brn|[from] brn\n|upkeep\n|turn|36\n|\n|t:|1727551179\n|move|p2a: Dudunsparce|Headbutt|p1a: Ho-Oh\n|-damage|p1a: Ho-Oh|226/268 par\n|cant|p1a: Ho-Oh|flinch\n|\n|-damage|p2a: Dudunsparce|265/339 brn|[from] brn\n|upkeep\n|turn|37\n|\n|t:|1727551181\n|move|p2a: Dudunsparce|Headbutt|p1a: Ho-Oh\n|-damage|p1a: Ho-Oh|187/268 par\n|cant|p1a: Ho-Oh|flinch\n|\n|-damage|p2a: Dudunsparce|244/339 brn|[from] brn\n|upkeep\n|turn|38\n|\n|t:|1727551183\n|move|p2a: Dudunsparce|Headbutt|p1a: Ho-Oh\n|-damage|p1a: Ho-Oh|142/268 par\n|move|p1a: Ho-Oh|Recover|p1a: Ho-Oh\n|-heal|p1a: Ho-Oh|268/268 par\n|\n|-damage|p2a: Dudunsparce|223/339 brn|[from] brn\n|upkeep\n|turn|39\n|\n|t:|1727551185\n|move|p2a: Dudunsparce|Headbutt|p1a: Ho-Oh\n|-damage|p1a: Ho-Oh|224/268 par\n|cant|p1a: Ho-Oh|flinch\n|\n|-damage|p2a: Dudunsparce|202/339 brn|[from] brn\n|upkeep\n|turn|40\n|\n|t:|1727551187\n|move|p2a: Dudunsparce|Headbutt|p1a: Ho-Oh\n|-damage|p1a: Ho-Oh|179/268 par\n|cant|p1a: Ho-Oh|par\n|\n|-damage|p2a: Dudunsparce|181/339 brn|[from] brn\n|upkeep\n|turn|41\n|\n|t:|1727551189\n|switch|p1a: Trevenant|Trevenant, L88, M|202/293\n|move|p2a: Dudunsparce|Headbutt|p1a: Trevenant\n|-immune|p1a: Trevenant\n|\n|-damage|p2a: Dudunsparce|160/339 brn|[from] brn\n|upkeep\n|turn|42\n|\n|t:|1727551195\n|move|p1a: Trevenant|Wood Hammer|p2a: Dudunsparce\n|-damage|p2a: Dudunsparce|0 fnt\n|faint|p2a: Dudunsparce\n|-damage|p1a: Trevenant|149/293|[from] Recoil\n|-damage|p1a: Trevenant|120/293|[from] item: Life Orb\n|\n|upkeep\n|\n|t:|1727551198\n|switch|p2a: Tsareena|Tsareena, L87, F|20/267 brn\n|turn|43\n|\n|t:|1727551202\n|move|p2a: Tsareena|Triple Axel|p1a: Trevenant|[miss]\n|-miss|p2a: Tsareena|p1a: Trevenant\n|move|p1a: Trevenant|Poltergeist|p2a: Tsareena\n|-activate|p2a: Tsareena|move: Poltergeist|Choice Band\n|-damage|p2a: Tsareena|0 fnt\n|faint|p2a: Tsareena\n|-damage|p1a: Trevenant|91/293|[from] item: Life Orb\n|\n|win|R3LT Theologos\n|raw|R3LT Theologos's rating: 2356 &rarr; <strong>2376</strong><br />(+20 for winning)\n|raw|r3lt michi's rating: 2348 &rarr; <strong>2328</strong><br />(-20 for losing)\n", "inputlog": ">version 69ff0b2f47ddc97367302b06f7f2ae172fb214dd\n>start {\"formatid\":\"gen9randombattle\",\"seed\":[55760,23641,1348,43681],\"rated\":\"Rated battle\"}\n>player p1 {\"name\":\"R3LT Theologos\",\"avatar\":\"artist\",\"rating\":2356,\"seed\":[36594,59089,17286,45241]}\n>player p2 {\"name\":\"r3lt michi\",\"avatar\":\"169\",\"rating\":2348,\"seed\":[1282,16165,24972,5658]}\n>p1 switch 5\n>p2 switch 6\n>p1 switch 6\n>p2 move glare\n>p1 move willowisp\n>p2 switch 5\n>p1 switch 4\n>p2 move knockoff\n>p1 move sacredfire\n>p2 switch 6\n>p1 move sacredfire\n>p2 move hurricane\n>p1 switch 5\n>p2 move hurricane\n>p1 move knockoff\n>p2 move hurricane\n>p2 switch 3\n>p1 move dazzlinggleam\n>p2 move rockslide\n>p1 switch 4\n>p2 move leafstorm\n>p1 move drainpunch\n>p2 switch 6\n>p1 switch 5\n>p2 move uturn\n>p2 switch 6\n>p1 switch 3\n>p2 move rockslide\n>chat  ShaneTheShroomish|hooh being useful\n>chat \u2606R3LT Theologos|ye\n>chat \u2606R3LT Theologos|rare\n>p1 move machpunch\n>p2 switch 4\n>p1 move spore\n>p2 move psychic\n>chat  ShaneTheShroomish|i told you that my friend would foil your plans mich\n>p1 move rocktomb\n>p2 move psychic\n>chat  ShaneTheShroomish|give up now\n>chat \u2606r3lt michi|bro my team gets walled to hell\n>chat  ShaneTheShroomish|theologos is a beast\n>chat  ShaneTheShroomish|hes gonna get the #1 seed this round\n>p1 move bulletseed\n>p2 switch 2\n>p1 move machpunch\n>p2 move spiritbreak\n>chat \u2606R3LT Theologos|gg\n>p2 switch 6\n>p1 switch 3\n>p2 move tripleaxel\n>p1 move sacredfire\n>p2 switch 2\n>p2 switch 4\n>chat  ShaneTheShroomish|you may be better than michael and pokeblade but theologos is a different beast\n>chat  ShaneTheShroomish|that 1000 dollars is his\n>p1 switch 6\n>p2 move focusblast\n>p1 move bravebird\n>p2 move rockslide\n>p1 switch 3\n>p1 move machpunch\n>p2 switch 2\n>p1 switch 6\n>p2 move uturn\n>p2 switch 2\n>p1 switch 6\n>p2 move leafstorm\n>p1 switch 4\n>p1 move protect\n>p2 switch 5\n>p1 move protect\n>p2 move glare\n>p1 move knockoff\n>p2 move glare\n>p1 move protect\n>p2 move glare\n>p1 switch 5\n>p2 move headbutt\n>p1 move drainpunch\n>p2 switch 2\n>p1 switch 6\n>p2 move uturn\n>p2 switch 5\n>p1 switch 2\n>p2 move leafstorm\n>p1 switch 2\n>p2 switch 2\n>p1 move sacredfire\n>p2 move glare\n>p1 move bravebird\n>p2 move roost\n>p1 move bravebird\n>p2 move headbutt\n>p1 move bravebird\n>p2 move headbutt\n>p1 move recover\n>p2 move headbutt\n>p1 move bravebird\n>p2 move headbutt\n>p1 move bravebird\n>p2 move headbutt\n>p1 switch 6\n>p2 move headbutt\n>p1 move woodhammer\n>p2 move glare\n>p2 switch 5\n>p1 move poltergeist\n>p2 move tripleaxel", "uploadtime": 1727551206, "views": 82, "formatid": "gen9randombattle", "rating": 2328, "private": 0, "password": null}