{"id": "gen9randombattle-2260434636", "format": "[Gen 9] Random Battle", "players": ["sandy12345", "dylanstr"], "log": "|j|\u2606sandy12345\n|j|\u2606dylanstr\n|t:|1733851278\n|gametype|singles\n|player|p1|sandy12345|roughneck-gen4|\n|player|p2|dylanstr|1|\n|teamsize|p1|6\n|teamsize|p2|6\n|gen|9\n|tier|[Gen 9] Random Battle\n|rule|Species Clause: Limit one of each Pok\u00e9mon\n|rule|HP Percentage Mod: HP is shown in percentages\n|rule|Sleep Clause Mod: Limit one foe put to sleep\n|rule|Illusion Level Mod: Illusion disguises the Pok\u00e9mon's true level\n|\n|t:|1733851278\n|start\n|switch|p1a: Mamoswine|Mamoswine, L81, M|311/311\n|switch|p2a: Pelipper|Pelipper, L86, M|243/243\n|-weather|RainDance|[from] ability: Drizzle|[of] p2a: Pelipper\n|turn|1\n|inactive|Battle timer is ON: inactive players will automatically lose when time's up. (requested by dylanstr)\n|\n|t:|1733851306\n|switch|p2a: Tinkaton|Tinkaton, L82, F|274/274\n|-ability|p2a: Tinkaton|Mold Breaker\n|move|p1a: Mamoswine|Knock Off|p2a: Tinkaton\n|-resisted|p2a: Tinkaton\n|-damage|p2a: Tinkaton|200/274\n|-enditem|p2a: Tinkaton|Leftovers|[from] move: Knock Off|[of] p1a: Mamoswine\n|\n|-weather|RainDance|[upkeep]\n|upkeep\n|turn|2\n|\n|t:|1733851318\n|move|p2a: Tinkaton|Encore|p1a: Mamoswine\n|-start|p1a: Mamoswine|Encore\n|move|p1a: Mamoswine|Knock Off|p2a: Tinkaton\n|-resisted|p2a: Tinkaton\n|-damage|p2a: Tinkaton|154/274\n|\n|-weather|RainDance|[upkeep]\n|upkeep\n|turn|3\n|\n|t:|1733851324\n|move|p2a: Tinkaton|Stealth Rock|p1a: Mamoswine\n|-sidestart|p1: sandy12345|move: Stealth Rock\n|move|p1a: Mamoswine|Knock Off|p2a: Tinkaton\n|-resisted|p2a: Tinkaton\n|-damage|p2a: Tinkaton|110/274\n|\n|-weather|RainDance|[upkeep]\n|upkeep\n|turn|4\n|\n|t:|1733851331\n|move|p2a: Tinkaton|Gigaton Hammer|p1a: Mamoswine\n|-supereffective|p1a: Mamoswine\n|-damage|p1a: Mamoswine|27/311\n|move|p1a: Mamoswine|Knock Off|p2a: Tinkaton\n|-resisted|p2a: Tinkaton\n|-damage|p2a: Tinkaton|65/274\n|\n|-weather|RainDance|[upkeep]\n|-end|p1a: Mamoswine|Encore\n|upkeep\n|turn|5\n|\n|t:|1733851345\n|switch|p1a: Armarouge|Armarouge, L80, M|267/267\n|-damage|p1a: Armarouge|201/267|[from] Stealth Rock\n|move|p2a: Tinkaton|Play Rough|p1a: Armarouge\n|-resisted|p1a: Armarouge\n|-damage|p1a: Armarouge|165/267\n|-ability|p1a: Armarouge|Weak Armor|boost\n|-unboost|p1a: Armarouge|def|1\n|-boost|p1a: Armarouge|spe|2\n|\n|-weather|none\n|upkeep\n|turn|6\n|\n|t:|1733851362\n|switch|p2a: Pelipper|Pelipper, L86, M|243/243\n|-weather|RainDance|[from] ability: Drizzle|[of] p2a: Pelipper\n|move|p1a: Armarouge|Armor Cannon|p2a: Pelipper\n|-resisted|p2a: Pelipper\n|-damage|p2a: Pelipper|178/243\n|-unboost|p1a: Armarouge|def|1\n|-unboost|p1a: Armarouge|spd|1\n|\n|-weather|RainDance|[upkeep]\n|upkeep\n|turn|7\n|\n|t:|1733851377\n|switch|p1a: Quaquaval|Quaquaval, L79, M|264/264\n|-damage|p1a: Quaquaval|248/264|[from] Stealth Rock\n|move|p2a: Pelipper|Surf|p1a: Quaquaval\n|-resisted|p1a: Quaquaval\n|-damage|p1a: Quaquaval|187/264\n|\n|-weather|RainDance|[upkeep]\n|upkeep\n|turn|8\n|\n|t:|1733851390\n|move|p1a: Quaquaval|Triple Axel|p2a: Pelipper\n|-damage|p2a: Pelipper|165/243\n|-damage|p2a: Pelipper|138/243\n|-damage|p2a: Pelipper|95/243\n|-hitcount|p2a: Pelipper|3\n|move|p2a: Pelipper|Hurricane|p1a: Quaquaval\n|-supereffective|p1a: Quaquaval\n|-damage|p1a: Quaquaval|0 fnt\n|faint|p1a: Quaquaval\n|\n|-weather|RainDance|[upkeep]\n|upkeep\n|\n|t:|1733851403\n|switch|p1a: Cyclizar|Cyclizar, L83, M|252/252\n|turn|9\n|\n|t:|1733851416\n|move|p1a: Cyclizar|Taunt|p2a: Pelipper\n|-start|p2a: Pelipper|move: Taunt\n|move|p2a: Pelipper|U-turn|p1a: Cyclizar\n|-damage|p1a: Cyclizar|212/252\n|\n|t:|1733851429\n|switch|p2a: Annihilape|Annihilape, L76, F|292/292|[from] U-turn\n|\n|-weather|RainDance|[upkeep]\n|upkeep\n|turn|10\n|\n|t:|1733851437\n|move|p1a: Cyclizar|Draco Meteor|p2a: Annihilape\n|-damage|p2a: Annihilape|151/292\n|-unboost|p1a: Cyclizar|spa|2\n|move|p2a: Annihilape|Bulk Up|p2a: Annihilape\n|-boost|p2a: Annihilape|atk|1\n|-boost|p2a: Annihilape|def|1\n|\n|-weather|none\n|-heal|p2a: Annihilape|169/292|[from] item: Leftovers\n|upkeep\n|turn|11\n|\n|t:|1733851451\n|move|p1a: Cyclizar|Draco Meteor|p2a: Annihilape\n|-damage|p2a: Annihilape|96/292\n|-unboost|p1a: Cyclizar|spa|2\n|move|p2a: Annihilape|Drain Punch|p1a: Cyclizar\n|-supereffective|p1a: Cyclizar\n|-damage|p1a: Cyclizar|0 fnt\n|-heal|p2a: Annihilape|202/292|[from] drain|[of] p1a: Cyclizar\n|faint|p1a: Cyclizar\n|\n|-heal|p2a: Annihilape|220/292|[from] item: Leftovers\n|upkeep\n|\n|t:|1733851464\n|switch|p1a: Cresselia|Cresselia, L80, F|323/323\n|-damage|p1a: Cresselia|283/323|[from] Stealth Rock\n|turn|12\n|\n|t:|1733851478\n|-terastallize|p2a: Annihilape|Fairy\n|move|p1a: Cresselia|Calm Mind|p1a: Cresselia\n|-boost|p1a: Cresselia|spa|1\n|-boost|p1a: Cresselia|spd|1\n|move|p2a: Annihilape|Bulk Up|p2a: Annihilape\n|-boost|p2a: Annihilape|atk|1\n|-boost|p2a: Annihilape|def|1\n|\n|-heal|p1a: Cresselia|303/323|[from] item: Leftovers\n|-heal|p2a: Annihilape|238/292|[from] item: Leftovers\n|upkeep\n|turn|13\n|\n|t:|1733851498\n|move|p1a: Cresselia|Calm Mind|p1a: Cresselia\n|-boost|p1a: Cresselia|spa|1\n|-boost|p1a: Cresselia|spd|1\n|move|p2a: Annihilape|Rage Fist|p1a: Cresselia\n|-supereffective|p1a: Cresselia\n|-damage|p1a: Cresselia|0 fnt\n|faint|p1a: Cresselia\n|\n|-heal|p2a: Annihilape|256/292|[from] item: Leftovers\n|upkeep\n|\n|t:|1733851508\n|switch|p1a: Armarouge|Armarouge, L80, M|165/267\n|-damage|p1a: Armarouge|99/267|[from] Stealth Rock\n|turn|14\n|\n|t:|1733851516\n|move|p2a: Annihilape|Rage Fist|p1a: Armarouge\n|-supereffective|p1a: Armarouge\n|-damage|p1a: Armarouge|0 fnt\n|faint|p1a: Armarouge\n|\n|-heal|p2a: Annihilape|274/292|[from] item: Leftovers\n|upkeep\n|\n|t:|1733851522\n|switch|p1a: Glalie|Glalie, L96, F|309/309\n|turn|15\n|\n|t:|1733851528\n|-terastallize|p1a: Glalie|Ghost\n|move|p1a: Glalie|Earthquake|p2a: Annihilape\n|-damage|p2a: Annihilape|227/292\n|move|p2a: Annihilape|Drain Punch|p1a: Glalie\n|-immune|p1a: Glalie\n|\n|-heal|p2a: Annihilape|245/292|[from] item: Leftovers\n|upkeep\n|turn|16\n|\n|t:|1733851537\n|move|p1a: Glalie|Freeze-Dry|p2a: Annihilape\n|-damage|p2a: Annihilape|161/292\n|move|p2a: Annihilape|Rage Fist|p1a: Glalie\n|-supereffective|p1a: Glalie\n|-damage|p1a: Glalie|0 fnt\n|faint|p1a: Glalie\n|\n|-heal|p2a: Annihilape|179/292|[from] item: Leftovers\n|upkeep\n|\n|t:|1733851545\n|switch|p1a: Mamoswine|Mamoswine, L81, M|27/311\n|-damage|p1a: Mamoswine|0 fnt|[from] Stealth Rock\n|faint|p1a: Mamoswine\n|\n|win|dylanstr\n|l|\u2606sandy12345\n|player|p1|\n", "inputlog": ">version bfd83cad13791eb5a5a409923076391caf6fb4d4\n>start {\"formatid\":\"gen9randombattle\",\"seed\":[55585,8372,58267,30137]}\n>player p1 {\"name\":\"sandy12345\",\"avatar\":\"roughneck-gen4\",\"rating\":0,\"seed\":[46589,40085,7447,34345]}\n>player p2 {\"name\":\"dylanstr\",\"avatar\":\"1\",\"rating\":0,\"seed\":[15966,11551,45119,34724]}\n>p1 move knockoff\n>p2 switch 3\n>p1 move knockoff\n>p2 move encore\n>p1 move knockoff\n>p2 move stealthrock\n>p1 move knockoff\n>p2 move gigatonhammer\n>p1 switch 2\n>p2 move playrough\n>p1 move armorcannon\n>p2 switch 3\n>p1 switch 4\n>p2 move surf\n>p1 move tripleaxel\n>p2 move hurricane\n>p1 switch 5\n>p1 move taunt\n>p2 move uturn\n>p2 switch 6\n>p1 move dracometeor\n>p2 move bulkup\n>p1 move dracometeor\n>p2 move drainpunch\n>p1 switch 3\n>p1 move calmmind\n>p2 move bulkup terastallize\n>p1 move calmmind\n>p2 move ragefist\n>p1 switch 4\n>p1 move armorcannon\n>p2 move ragefist\n>p1 switch 6\n>p1 move earthquake terastallize\n>p2 move drainpunch\n>p1 move freezedry\n>p2 move ragefist\n>p1 switch 2", "uploadtime": 1733851591, "views": 21, "formatid": "gen9randombattle", "rating": null, "private": 0, "password": null}