{"id": "gen9randombattle-2097573499", "format": "[Gen 9] Random Battle", "players": ["aarvark2pt0", "Aqua"], "log": "|badge|p1|silver|gen9randombattle|30-1\n|uhtml|medal-msg|<div class=\"broadcast-blue\">Curious what those medals under the avatar are? PS now has Ladder Seasons! For more information, check out the <a href=\"https://www.smogon.com/forums/threads/3740067/\">thread on Smogon.</a></div>\n|badge|p2|gold|gen9randombattle|3-1\n|uhtml|medal-msg|<div class=\"broadcast-blue\">Curious what those medals under the avatar are? PS now has Ladder Seasons! For more information, check out the <a href=\"https://www.smogon.com/forums/threads/3740067/\">thread on Smogon.</a></div>\n|j|\u2606aarvark2pt0\n|j|\u2606Aqua\n|t:|1712437649\n|gametype|singles\n|player|p1|aarvark2pt0|skier|2381\n|player|p2|Aqua|#rbtt6teamlatias|2506\n|teamsize|p1|6\n|teamsize|p2|6\n|gen|9\n|tier|[Gen 9] Random Battle\n|rated|\n|rule|Species Clause: Limit one of each Pok\u00e9mon\n|rule|HP Percentage Mod: HP is shown in percentages\n|rule|Sleep Clause Mod: Limit one foe put to sleep\n|rule|Illusion Level Mod: Illusion disguises the Pok\u00e9mon's true level\n|\n|t:|1712437649\n|start\n|switch|p1a: Luvdisc|Luvdisc, F|247/247\n|switch|p2a: Muk|Muk, L86, M|321/321\n|turn|1\n|inactive|Battle timer is ON: inactive players will automatically lose when time's up. (requested by aarvark2pt0)\n|\n|t:|1712437668\n|switch|p1a: Duraludon|Duraludon, L82, M|249/249\n|move|p2a: Muk|Knock Off|p1a: Duraludon\n|-damage|p1a: Duraludon|208/249\n|-enditem|p1a: Duraludon|Eviolite|[from] move: Knock Off|[of] p2a: Muk\n|\n|upkeep\n|turn|2\n|c|\u2606aarvark2pt0|the gold badge looks so much better than the silver one\n|j| Referrals\n|inactive|Aqua has 120 seconds left.\n|c|\u2606Aqua|ye haha\n|c|\u2606Aqua|hi ref\n|\n|t:|1712437707\n|move|p1a: Duraludon|Thunder Wave|p2a: Muk\n|-status|p2a: Muk|par\n|move|p2a: Muk|Ice Punch|p1a: Duraludon\n|-damage|p1a: Duraludon|162/249\n|\n|upkeep\n|turn|3\n|inactive|Aqua has 120 seconds left.\n|c| Referrals|sup!\n|\n|t:|1712437714\n|move|p1a: Duraludon|Flash Cannon|p2a: Muk\n|-damage|p2a: Muk|261/321 par\n|move|p2a: Muk|Ice Punch|p1a: Duraludon\n|-damage|p1a: Duraludon|114/249\n|-status|p1a: Duraludon|frz\n|\n|upkeep\n|turn|4\n|\n|t:|1712437723\n|cant|p1a: Duraludon|frz\n|cant|p2a: Muk|par\n|\n|upkeep\n|turn|5\n|\n|t:|1712437726\n|cant|p1a: Duraludon|frz\n|cant|p2a: Muk|par\n|\n|upkeep\n|turn|6\n|\n|t:|1712437728\n|cant|p1a: Duraludon|frz\n|cant|p2a: Muk|par\n|\n|upkeep\n|turn|7\n|c|\u2606Aqua|fruitful\n|\n|t:|1712437732\n|cant|p1a: Duraludon|frz\n|move|p2a: Muk|Knock Off|p1a: Duraludon\n|-damage|p1a: Duraludon|67/249 frz\n|\n|upkeep\n|turn|8\n|\n|t:|1712437736\n|cant|p1a: Duraludon|frz\n|move|p2a: Muk|Ice Punch|p1a: Duraludon\n|-damage|p1a: Duraludon|21/249 frz\n|\n|upkeep\n|turn|9\n|\n|t:|1712437739\n|cant|p1a: Duraludon|frz\n|cant|p2a: Muk|par\n|\n|upkeep\n|turn|10\n|\n|t:|1712437745\n|cant|p1a: Duraludon|frz\n|move|p2a: Muk|Ice Punch|p1a: Duraludon\n|-damage|p1a: Duraludon|0 fnt\n|faint|p1a: Duraludon\n|\n|upkeep\n|c| Referrals|lmao what a sequence of turns that was\n|\n|t:|1712437762\n|switch|p1a: Raichu|Raichu-Alola, L87, M|246/246\n|turn|11\n|\n|t:|1712437771\n|switch|p2a: Meganium|Meganium, L90, M|290/290\n|move|p1a: Raichu|Psyshock|p2a: Meganium\n|-damage|p2a: Meganium|191/290\n|-damage|p1a: Raichu|222/246|[from] item: Life Orb\n|\n|-heal|p2a: Meganium|209/290|[from] item: Leftovers\n|upkeep\n|turn|12\n|\n|t:|1712437785\n|switch|p1a: Luvdisc|Luvdisc, F|247/247\n|move|p2a: Meganium|Knock Off|p1a: Luvdisc\n|-damage|p1a: Luvdisc|164/247\n|-enditem|p1a: Luvdisc|Heavy-Duty Boots|[from] move: Knock Off|[of] p2a: Meganium\n|\n|-heal|p2a: Meganium|227/290|[from] item: Leftovers\n|upkeep\n|turn|13\n|\n|t:|1712437799\n|move|p1a: Luvdisc|Substitute|p1a: Luvdisc\n|-start|p1a: Luvdisc|Substitute\n|-damage|p1a: Luvdisc|103/247\n|move|p2a: Meganium|Encore|p1a: Luvdisc\n|-start|p1a: Luvdisc|Encore\n|\n|-heal|p2a: Meganium|245/290|[from] item: Leftovers\n|upkeep\n|turn|14\n|\n|t:|1712437804\n|move|p1a: Luvdisc|Substitute|p1a: Luvdisc\n|-fail|p1a: Luvdisc|move: Substitute\n|move|p2a: Meganium|Energy Ball|p1a: Luvdisc\n|-supereffective|p1a: Luvdisc\n|-end|p1a: Luvdisc|Substitute\n|\n|-heal|p2a: Meganium|263/290|[from] item: Leftovers\n|upkeep\n|turn|15\n|\n|t:|1712437810\n|move|p1a: Luvdisc|Substitute|p1a: Luvdisc\n|-start|p1a: Luvdisc|Substitute\n|-damage|p1a: Luvdisc|42/247\n|move|p2a: Meganium|Energy Ball|p1a: Luvdisc\n|-supereffective|p1a: Luvdisc\n|-end|p1a: Luvdisc|Substitute\n|\n|-heal|p2a: Meganium|281/290|[from] item: Leftovers\n|upkeep\n|turn|16\n|\n|t:|1712437818\n|switch|p1a: Girafarig|Girafarig, L89, M|269/269\n|move|p2a: Meganium|Energy Ball|p1a: Girafarig\n|-ability|p1a: Girafarig|Sap Sipper|boost\n|-boost|p1a: Girafarig|atk|1\n|\n|-heal|p2a: Meganium|290/290|[from] item: Leftovers\n|upkeep\n|turn|17\n|j| Rydako\n|\n|t:|1712437847\n|move|p1a: Girafarig|Nasty Plot|p1a: Girafarig\n|-boost|p1a: Girafarig|spa|2\n|move|p2a: Meganium|Knock Off|p1a: Girafarig\n|-supereffective|p1a: Girafarig\n|-damage|p1a: Girafarig|167/269\n|-enditem|p1a: Girafarig|Eviolite|[from] move: Knock Off|[of] p2a: Meganium\n|\n|upkeep\n|turn|18\n|\n|t:|1712437862\n|move|p1a: Girafarig|Psyshock|p2a: Meganium\n|-damage|p2a: Meganium|142/290\n|move|p2a: Meganium|Encore|p1a: Girafarig\n|-start|p1a: Girafarig|Encore\n|\n|-heal|p2a: Meganium|160/290|[from] item: Leftovers\n|upkeep\n|turn|19\n|inactive|Aqua has 120 seconds left.\n|\n|t:|1712437887\n|switch|p1a: Gumshoos|Gumshoos, L95, M|321/321\n|switch|p2a: Empoleon|Empoleon, L84, M, shiny|278/278\n|\n|upkeep\n|turn|20\n|\n|t:|1712437901\n|move|p2a: Empoleon|Flip Turn|p1a: Gumshoos\n|-damage|p1a: Gumshoos|255/321\n|\n|t:|1712437910\n|switch|p2a: Granbull|Granbull, L88, M|302/302|[from] Flip Turn\n|-ability|p2a: Granbull|Intimidate|boost\n|-unboost|p1a: Gumshoos|atk|1\n|move|p1a: Gumshoos|Earthquake|p2a: Granbull\n|-damage|p2a: Granbull|190/302\n|\n|-heal|p2a: Granbull|208/302|[from] item: Leftovers\n|upkeep\n|turn|21\n|\n|t:|1712437921\n|switch|p1a: Luvdisc|Luvdisc, F|42/247\n|move|p2a: Granbull|Earthquake|p1a: Luvdisc\n|-damage|p1a: Luvdisc|0 fnt\n|faint|p1a: Luvdisc\n|\n|-heal|p2a: Granbull|226/302|[from] item: Leftovers\n|upkeep\n|c|\u2606aarvark2pt0|my team is kinda really horrible\n|c|\u2606Aqua|yeah that's quite awful\n|\n|t:|1712437930\n|switch|p1a: Gumshoos|Gumshoos, L95, M|255/321\n|turn|22\n|inactive|Aqua has 120 seconds left.\n|c|\u2606Aqua|but I'm also kind of cteaming\n|\n|t:|1712437945\n|switch|p2a: Drifblim|Drifblim, L86, F|398/398\n|move|p1a: Gumshoos|Double-Edge|p2a: Drifblim\n|-immune|p2a: Drifblim\n|\n|upkeep\n|turn|23\n|\n|t:|1712437970\n|switch|p1a: Girafarig|Girafarig, L89, M|167/269\n|move|p2a: Drifblim|Air Slash|p1a: Girafarig\n|-damage|p1a: Girafarig|73/269\n|\n|upkeep\n|turn|24\n|\n|t:|1712437977\n|move|p1a: Girafarig|Thunderbolt|p2a: Drifblim\n|-supereffective|p2a: Drifblim\n|-damage|p2a: Drifblim|218/398\n|move|p2a: Drifblim|Air Slash|p1a: Girafarig\n|-damage|p1a: Girafarig|0 fnt\n|faint|p1a: Girafarig\n|\n|upkeep\n|l| Rydako\n|inactive|aarvark2pt0 has 120 seconds left.\n|\n|t:|1712438021\n|switch|p1a: Raichu|Raichu-Alola, L87, M|222/246\n|turn|25\n|inactive|Aqua has 120 seconds left.\n|\n|t:|1712438032\n|-terastallize|p1a: Raichu|Grass\n|move|p1a: Raichu|Nasty Plot|p1a: Raichu\n|-boost|p1a: Raichu|spa|2\n|move|p2a: Drifblim|Shadow Ball|p1a: Raichu\n|-damage|p1a: Raichu|137/246\n|\n|upkeep\n|turn|26\n|inactive|Aqua has 120 seconds left.\n|\n|t:|1712438049\n|move|p1a: Raichu|Psyshock|p2a: Drifblim\n|-damage|p2a: Drifblim|0 fnt\n|faint|p2a: Drifblim\n|-damage|p1a: Raichu|113/246|[from] item: Life Orb\n|\n|upkeep\n|\n|t:|1712438074\n|switch|p2a: Empoleon|Empoleon, L84, M, shiny|278/278\n|turn|27\n|inactive|aarvark2pt0 has 90 seconds left.\n|\n|t:|1712438125\n|-terastallize|p2a: Empoleon|Grass\n|move|p1a: Raichu|Thunderbolt|p2a: Empoleon\n|-resisted|p2a: Empoleon\n|-damage|p2a: Empoleon|165/278\n|-damage|p1a: Raichu|89/246|[from] item: Life Orb\n|move|p2a: Empoleon|Ice Beam|p1a: Raichu\n|-supereffective|p1a: Raichu\n|-damage|p1a: Raichu|0 fnt\n|faint|p1a: Raichu\n|\n|-heal|p2a: Empoleon|182/278|[from] item: Leftovers\n|upkeep\n|\n|t:|1712438137\n|switch|p1a: Gumshoos|Gumshoos, L95, M|255/321\n|turn|28\n|inactive|Aqua has 120 seconds left.\n|inactive|Aqua has 90 seconds left.\n|inactive|Aqua has 60 seconds left.\n|\n|t:|1712438205\n|move|p2a: Empoleon|Surf|p1a: Gumshoos\n|-damage|p1a: Gumshoos|129/321\n|move|p1a: Gumshoos|U-turn|p2a: Empoleon\n|-supereffective|p2a: Empoleon\n|-damage|p2a: Empoleon|0 fnt\n|faint|p2a: Empoleon\n|inactive|aarvark2pt0 has 60 seconds left.\n|\n|t:|1712438226\n|switch|p1a: Mamoswine|Mamoswine, L81, F|311/311|[from] U-turn\n|\n|upkeep\n|inactive|Aqua has 60 seconds left.\n|\n|t:|1712438251\n|switch|p2a: Vivillon|Vivillon-Jungle, L86, F|278/278\n|turn|29\n|\n|t:|1712438256\n|move|p1a: Mamoswine|Ice Shard|p2a: Vivillon\n|-supereffective|p2a: Vivillon\n|-crit|p2a: Vivillon\n|-damage|p2a: Vivillon|0 fnt\n|faint|p2a: Vivillon\n|\n|upkeep\n|\n|t:|1712438263\n|switch|p2a: Granbull|Granbull, L88, M|226/302\n|-ability|p2a: Granbull|Intimidate|boost\n|-unboost|p1a: Mamoswine|atk|1\n|turn|30\n|inactive|Aqua has 60 seconds left.\n|\n|t:|1712438269\n|switch|p1a: Gumshoos|Gumshoos, L95, M|129/321\n|move|p2a: Granbull|Play Rough|p1a: Gumshoos\n|-damage|p1a: Gumshoos|0 fnt\n|faint|p1a: Gumshoos\n|\n|-heal|p2a: Granbull|244/302|[from] item: Leftovers\n|upkeep\n|\n|t:|1712438271\n|switch|p1a: Mamoswine|Mamoswine, L81, F|311/311\n|turn|31\n|inactive|aarvark2pt0 has 90 seconds left.\n|\n|t:|1712438292\n|switch|p2a: Muk|Muk, L86, M|261/321 par\n|move|p1a: Mamoswine|Icicle Crash|p2a: Muk\n|-damage|p2a: Muk|95/321 par\n|\n|upkeep\n|turn|32\n|\n|t:|1712438297\n|move|p2a: Muk|Shadow Sneak|p1a: Mamoswine\n|-damage|p1a: Mamoswine|274/311\n|move|p1a: Mamoswine|Icicle Crash|p2a: Muk\n|-damage|p2a: Muk|0 fnt\n|faint|p2a: Muk\n|\n|upkeep\n|\n|t:|1712438306\n|switch|p2a: Granbull|Granbull, L88, M|244/302\n|-ability|p2a: Granbull|Intimidate|boost\n|-unboost|p1a: Mamoswine|atk|1\n|turn|33\n|\n|t:|1712438311\n|move|p1a: Mamoswine|Icicle Crash|p2a: Granbull|[miss]\n|-miss|p1a: Mamoswine|p2a: Granbull\n|move|p2a: Granbull|Earthquake|p1a: Mamoswine\n|-damage|p1a: Mamoswine|180/311\n|\n|-heal|p2a: Granbull|262/302|[from] item: Leftovers\n|upkeep\n|turn|34\n|c|\u2606aarvark2pt0|gg\n|\n|t:|1712438315\n|move|p1a: Mamoswine|Icicle Crash|p2a: Granbull\n|-damage|p2a: Granbull|145/302\n|cant|p2a: Granbull|flinch\n|\n|-heal|p2a: Granbull|163/302|[from] item: Leftovers\n|upkeep\n|turn|35\n|c|\u2606Aqua|gg\n|\n|t:|1712438319\n|move|p1a: Mamoswine|Icicle Crash|p2a: Granbull\n|-damage|p2a: Granbull|58/302\n|move|p2a: Granbull|Earthquake|p1a: Mamoswine\n|-damage|p1a: Mamoswine|74/311\n|\n|-heal|p2a: Granbull|76/302|[from] item: Leftovers\n|upkeep\n|turn|36\n|\n|t:|1712438323\n|move|p1a: Mamoswine|Icicle Crash|p2a: Granbull\n|-crit|p2a: Granbull\n|-damage|p2a: Granbull|0 fnt\n|faint|p2a: Granbull\n|\n|upkeep\n|\n|t:|1712438324\n|switch|p2a: Meganium|Meganium, L90, M|160/290\n|turn|37\n|\n|t:|1712438327\n|move|p2a: Meganium|Energy Ball|p1a: Mamoswine\n|-supereffective|p1a: Mamoswine\n|-damage|p1a: Mamoswine|0 fnt\n|faint|p1a: Mamoswine\n|\n|win|Aqua\n|raw|aarvark2pt0's rating: 2381 &rarr; <strong>2368</strong><br />(-13 for losing)\n|raw|Aqua's rating: 2506 &rarr; <strong>2519</strong><br />(+13 for winning)\n|l| Referrals\n|l|\u2606aarvark2pt0\n|player|p1|\n", "inputlog": ">version 5e6884075e425dc5b64255756e621f094dcccacd\n>start {\"formatid\":\"gen9randombattle\",\"seed\":[21192,46891,11075,5439],\"rated\":\"Rated battle\"}\n>player p1 {\"name\":\"aarvark2pt0\",\"avatar\":\"skier\",\"rating\":2381,\"seed\":[50427,57137,29473,45509]}\n>player p2 {\"name\":\"Aqua\",\"avatar\":\"#rbtt6teamlatias\",\"rating\":2506,\"seed\":[56806,8600,34758,44357]}\n>p1 switch 4\n>p2 move knockoff\n>chat \u2606aarvark2pt0|the gold badge looks so much better than the silver one\n>chat \u2606Aqua|ye haha\n>chat \u2606Aqua|hi ref\n>p1 move thunderwave\n>p2 move icepunch\n>chat  Referrals|sup!\n>p1 move flashcannon\n>p2 move icepunch\n>p1 move dracometeor\n>p2 move knockoff\n>p1 move dracometeor\n>p2 move knockoff\n>p1 move flashcannon\n>p2 move knockoff\n>chat \u2606Aqua|fruitful\n>p1 move flashcannon\n>p2 move knockoff\n>p1 move flashcannon\n>p2 move icepunch\n>p1 move dracometeor\n>p2 move icepunch\n>p1 move dracometeor\n>p2 move icepunch\n>chat  Referrals|lmao what a sequence of turns that was\n>p1 switch 3\n>p1 move psyshock\n>p2 switch 2\n>p1 switch 4\n>p2 move knockoff\n>p1 move substitute\n>p2 move encore\n>p1 move substitute\n>p2 move energyball\n>p1 move substitute\n>p2 move energyball\n>p1 switch 6\n>p2 move energyball\n>p1 move nastyplot\n>p2 move knockoff\n>p1 move psyshock\n>p2 move encore\n>p1 switch 5\n>p2 switch 3\n>p1 move earthquake\n>p2 move flipturn\n>p2 switch 4\n>p1 switch 6\n>p2 move earthquake\n>chat \u2606aarvark2pt0|my team is kinda really horrible\n>chat \u2606Aqua|yeah that's quite awful\n>p1 switch 6\n>chat \u2606Aqua|but I'm also kind of cteaming\n>p1 move doubleedge\n>p2 switch 5\n>p1 switch 5\n>p2 move airslash\n>p1 move thunderbolt\n>p2 move airslash\n>p1 switch 4\n>p1 move nastyplot terastallize\n>p2 move shadowball\n>p1 move psyshock\n>p2 move airslash\n>p2 switch 4\n>p1 move thunderbolt\n>p2 move icebeam terastallize\n>p1 switch 5\n>p1 move uturn\n>p2 move surf\n>p1 switch 2\n>p2 switch 6\n>p1 move iceshard\n>p2 move sleeppowder\n>p2 switch 5\n>p1 switch 2\n>p2 move playrough\n>p1 switch 2\n>p1 move iciclecrash\n>p2 switch 2\n>p1 move iciclecrash\n>p2 move shadowsneak\n>p2 switch 2\n>p1 move iciclecrash\n>p2 move earthquake\n>chat \u2606aarvark2pt0|gg\n>p1 move iciclecrash\n>p2 move earthquake\n>chat \u2606Aqua|gg\n>p1 move iciclecrash\n>p2 move earthquake\n>p1 move iciclecrash\n>p2 move earthquake\n>p2 switch 3\n>p1 move iciclecrash\n>p2 move energyball", "uploadtime": 1712438333, "views": 246, "formatid": "gen9randombattle", "rating": 2368, "private": 0, "password": null}