{"id": "gen9randombattle-2259952800", "format": "[Gen 9] Random Battle", "players": ["sNills", "Sharks178"], "log": "|j|\u2606sNills\n|j|\u2606Sharks178\n|t:|1733783668\n|gametype|singles\n|player|p1|sNills|rosa|1539\n|player|p2|Sharks178|cyrus|1523\n|teamsize|p1|6\n|teamsize|p2|6\n|gen|9\n|tier|[Gen 9] Random Battle\n|rated|\n|rule|Species Clause: Limit one of each Pok\u00e9mon\n|rule|HP Percentage Mod: HP is shown in percentages\n|rule|Sleep Clause Mod: Limit one foe put to sleep\n|rule|Illusion Level Mod: Illusion disguises the Pok\u00e9mon's true level\n|\n|t:|1733783668\n|start\n|switch|p1a: Regidrago|Regidrago, L77|435/435\n|switch|p2a: Shaymin|Shaymin-Sky, L73|266/266\n|turn|1\n|inactive|Battle timer is ON: inactive players will automatically lose when time's up. (requested by Sharks178)\n|\n|t:|1733783685\n|switch|p2a: Alcremie|Alcremie-Lemon-Cream, L90, F|263/263\n|move|p1a: Regidrago|Dragon Energy|p2a: Alcremie\n|-immune|p2a: Alcremie\n|\n|upkeep\n|turn|2\n|\n|t:|1733783691\n|switch|p1a: Metagross|Metagross, L79|256/256\n|move|p2a: Alcremie|Calm Mind|p2a: Alcremie\n|-boost|p2a: Alcremie|spa|1\n|-boost|p2a: Alcremie|spd|1\n|\n|upkeep\n|turn|3\n|\n|t:|1733783707\n|switch|p2a: Ho-Oh|Ho-Oh, L71|268/268\n|move|p1a: Metagross|Heavy Slam|p2a: Ho-Oh\n|-resisted|p2a: Ho-Oh\n|-damage|p2a: Ho-Oh|223/268\n|\n|upkeep\n|turn|4\n|\n|t:|1733783722\n|switch|p1a: Lycanroc|Lycanroc-Dusk, L80, F|251/251\n|move|p2a: Ho-Oh|Sacred Fire|p1a: Lycanroc\n|-resisted|p1a: Lycanroc\n|-damage|p1a: Lycanroc|185/251\n|-status|p1a: Lycanroc|brn\n|\n|-damage|p1a: Lycanroc|170/251 brn|[from] brn\n|upkeep\n|turn|5\n|\n|t:|1733783732\n|switch|p2a: Leafeon|Leafeon, L88, F|258/258\n|move|p1a: Lycanroc|Stone Edge|p2a: Leafeon\n|-damage|p2a: Leafeon|194/258\n|\n|-damage|p1a: Lycanroc|155/251 brn|[from] brn\n|upkeep\n|turn|6\n|\n|t:|1733783741\n|switch|p1a: Sinistcha|Sinistcha, L83|254/254\n|move|p2a: Leafeon|Leaf Blade|p1a: Sinistcha\n|-resisted|p1a: Sinistcha\n|-damage|p1a: Sinistcha|188/254\n|-damage|p2a: Leafeon|169/258|[from] item: Life Orb\n|\n|-heal|p1a: Sinistcha|203/254|[from] item: Leftovers\n|upkeep\n|turn|7\n|\n|t:|1733783746\n|switch|p2a: Ho-Oh|Ho-Oh, L71|268/268\n|move|p1a: Sinistcha|Calm Mind|p1a: Sinistcha\n|-boost|p1a: Sinistcha|spa|1\n|-boost|p1a: Sinistcha|spd|1\n|\n|-heal|p1a: Sinistcha|218/254|[from] item: Leftovers\n|upkeep\n|turn|8\n|\n|t:|1733783755\n|move|p2a: Ho-Oh|Sacred Fire|p1a: Sinistcha\n|-supereffective|p1a: Sinistcha\n|-damage|p1a: Sinistcha|138/254\n|-status|p1a: Sinistcha|brn\n|move|p1a: Sinistcha|Shadow Ball|p2a: Ho-Oh\n|-damage|p2a: Ho-Oh|162/268\n|\n|-heal|p1a: Sinistcha|153/254 brn|[from] item: Leftovers\n|-damage|p1a: Sinistcha|146/254 brn|[from] brn\n|upkeep\n|turn|9\n|\n|t:|1733783767\n|move|p2a: Ho-Oh|Brave Bird|p1a: Sinistcha\n|-supereffective|p1a: Sinistcha\n|-damage|p1a: Sinistcha|0 fnt\n|faint|p1a: Sinistcha\n|-damage|p2a: Ho-Oh|114/268|[from] Recoil\n|\n|upkeep\n|\n|t:|1733783771\n|switch|p1a: Cyclizar|Cyclizar, L83, F|252/252\n|turn|10\n|\n|t:|1733783776\n|move|p1a: Cyclizar|Knock Off|p2a: Ho-Oh\n|-damage|p2a: Ho-Oh|35/268\n|-enditem|p2a: Ho-Oh|Heavy-Duty Boots|[from] move: Knock Off|[of] p1a: Cyclizar\n|move|p2a: Ho-Oh|Recover|p2a: Ho-Oh\n|-heal|p2a: Ho-Oh|169/268\n|\n|upkeep\n|turn|11\n|\n|t:|1733783780\n|move|p1a: Cyclizar|Shed Tail|p1a: Cyclizar\n|-start|p1a: Cyclizar|Substitute|[from] move: Shed Tail\n|-damage|p1a: Cyclizar|126/252\n|\n|t:|1733783783\n|switch|p1a: Magnezone|Magnezone, L85|258/258|[from] Shed Tail\n|move|p2a: Ho-Oh|Brave Bird|p1a: Magnezone\n|-resisted|p1a: Magnezone\n|-activate|p1a: Magnezone|move: Substitute|[damage]\n|-damage|p2a: Ho-Oh|161/268|[from] Recoil|[of] p1a: Magnezone\n|\n|upkeep\n|turn|12\n|\n|t:|1733783789\n|switch|p2a: Leafeon|Leafeon, L88, F|169/258\n|move|p1a: Magnezone|Thunderbolt|p2a: Leafeon\n|-resisted|p2a: Leafeon\n|-damage|p2a: Leafeon|76/258\n|\n|upkeep\n|turn|13\n|\n|t:|1733783796\n|move|p2a: Leafeon|Leaf Blade|p1a: Magnezone\n|-resisted|p1a: Magnezone\n|-crit|p1a: Magnezone\n|-end|p1a: Magnezone|Substitute\n|-damage|p2a: Leafeon|51/258|[from] item: Life Orb\n|move|p1a: Magnezone|Thunderbolt|p2a: Leafeon\n|-resisted|p2a: Leafeon\n|-damage|p2a: Leafeon|0 fnt\n|faint|p2a: Leafeon\n|\n|upkeep\n|\n|t:|1733783817\n|switch|p2a: Alcremie|Alcremie-Lemon-Cream, L90, F|263/263\n|turn|14\n|\n|t:|1733783830\n|move|p2a: Alcremie|Calm Mind|p2a: Alcremie\n|-boost|p2a: Alcremie|spa|1\n|-boost|p2a: Alcremie|spd|1\n|move|p1a: Magnezone|Flash Cannon|p2a: Alcremie\n|-supereffective|p2a: Alcremie\n|-damage|p2a: Alcremie|119/263\n|\n|-heal|p2a: Alcremie|135/263|[from] item: Leftovers\n|upkeep\n|turn|15\n|\n|t:|1733783835\n|move|p2a: Alcremie|Calm Mind|p2a: Alcremie\n|-boost|p2a: Alcremie|spa|1\n|-boost|p2a: Alcremie|spd|1\n|move|p1a: Magnezone|Flash Cannon|p2a: Alcremie\n|-supereffective|p2a: Alcremie\n|-damage|p2a: Alcremie|37/263\n|\n|-heal|p2a: Alcremie|53/263|[from] item: Leftovers\n|upkeep\n|turn|16\n|\n|t:|1733783839\n|move|p2a: Alcremie|Recover|p2a: Alcremie\n|-heal|p2a: Alcremie|185/263\n|move|p1a: Magnezone|Flash Cannon|p2a: Alcremie\n|-supereffective|p2a: Alcremie\n|-damage|p2a: Alcremie|71/263\n|\n|-heal|p2a: Alcremie|87/263|[from] item: Leftovers\n|upkeep\n|turn|17\n|\n|t:|1733783842\n|move|p2a: Alcremie|Recover|p2a: Alcremie\n|-heal|p2a: Alcremie|219/263\n|move|p1a: Magnezone|Flash Cannon|p2a: Alcremie\n|-supereffective|p2a: Alcremie\n|-damage|p2a: Alcremie|115/263\n|\n|-heal|p2a: Alcremie|131/263|[from] item: Leftovers\n|upkeep\n|turn|18\n|\n|t:|1733783845\n|move|p2a: Alcremie|Calm Mind|p2a: Alcremie\n|-boost|p2a: Alcremie|spa|1\n|-boost|p2a: Alcremie|spd|1\n|move|p1a: Magnezone|Flash Cannon|p2a: Alcremie\n|-supereffective|p2a: Alcremie\n|-damage|p2a: Alcremie|41/263\n|\n|-heal|p2a: Alcremie|57/263|[from] item: Leftovers\n|upkeep\n|turn|19\n|\n|t:|1733783847\n|move|p2a: Alcremie|Recover|p2a: Alcremie\n|-heal|p2a: Alcremie|189/263\n|move|p1a: Magnezone|Flash Cannon|p2a: Alcremie\n|-supereffective|p2a: Alcremie\n|-damage|p2a: Alcremie|97/263\n|\n|-heal|p2a: Alcremie|113/263|[from] item: Leftovers\n|upkeep\n|turn|20\n|\n|t:|1733783849\n|move|p2a: Alcremie|Recover|p2a: Alcremie\n|-heal|p2a: Alcremie|245/263\n|move|p1a: Magnezone|Flash Cannon|p2a: Alcremie\n|-supereffective|p2a: Alcremie\n|-damage|p2a: Alcremie|159/263\n|\n|-heal|p2a: Alcremie|175/263|[from] item: Leftovers\n|upkeep\n|turn|21\n|\n|t:|1733783851\n|move|p2a: Alcremie|Calm Mind|p2a: Alcremie\n|-boost|p2a: Alcremie|spa|1\n|-boost|p2a: Alcremie|spd|1\n|move|p1a: Magnezone|Flash Cannon|p2a: Alcremie\n|-supereffective|p2a: Alcremie\n|-damage|p2a: Alcremie|101/263\n|\n|-heal|p2a: Alcremie|117/263|[from] item: Leftovers\n|upkeep\n|turn|22\n|\n|t:|1733783854\n|move|p2a: Alcremie|Alluring Voice|p1a: Magnezone\n|-resisted|p1a: Magnezone\n|-damage|p1a: Magnezone|153/258\n|move|p1a: Magnezone|Flash Cannon|p2a: Alcremie\n|-supereffective|p2a: Alcremie\n|-damage|p2a: Alcremie|43/263\n|-unboost|p2a: Alcremie|spd|1\n|\n|-heal|p2a: Alcremie|59/263|[from] item: Leftovers\n|upkeep\n|turn|23\n|\n|t:|1733783858\n|move|p2a: Alcremie|Recover|p2a: Alcremie\n|-heal|p2a: Alcremie|191/263\n|move|p1a: Magnezone|Mirror Coat||[still]\n|-fail|p1a: Magnezone\n|\n|-heal|p2a: Alcremie|207/263|[from] item: Leftovers\n|upkeep\n|turn|24\n|\n|t:|1733783861\n|move|p2a: Alcremie|Calm Mind|p2a: Alcremie\n|-boost|p2a: Alcremie|spa|1\n|-boost|p2a: Alcremie|spd|1\n|move|p1a: Magnezone|Mirror Coat||[still]\n|-fail|p1a: Magnezone\n|\n|-heal|p2a: Alcremie|223/263|[from] item: Leftovers\n|upkeep\n|turn|25\n|\n|t:|1733783864\n|move|p2a: Alcremie|Calm Mind|p2a: Alcremie\n|-boost|p2a: Alcremie|spa|1\n|-boost|p2a: Alcremie|spd|1\n|move|p1a: Magnezone|Flash Cannon|p2a: Alcremie\n|-supereffective|p2a: Alcremie\n|-damage|p2a: Alcremie|161/263\n|\n|-heal|p2a: Alcremie|177/263|[from] item: Leftovers\n|upkeep\n|turn|26\n|\n|t:|1733783866\n|move|p2a: Alcremie|Calm Mind|p2a: Alcremie\n|-boost|p2a: Alcremie|spa|0\n|-boost|p2a: Alcremie|spd|1\n|move|p1a: Magnezone|Mirror Coat||[still]\n|-fail|p1a: Magnezone\n|\n|-heal|p2a: Alcremie|193/263|[from] item: Leftovers\n|upkeep\n|turn|27\n|\n|t:|1733783870\n|move|p2a: Alcremie|Recover|p2a: Alcremie\n|-heal|p2a: Alcremie|263/263\n|move|p1a: Magnezone|Mirror Coat||[still]\n|-fail|p1a: Magnezone\n|\n|upkeep\n|turn|28\n|\n|t:|1733783872\n|move|p2a: Alcremie|Alluring Voice|p1a: Magnezone\n|-resisted|p1a: Magnezone\n|-damage|p1a: Magnezone|5/258\n|move|p1a: Magnezone|Mirror Coat|p2a: Alcremie\n|-damage|p2a: Alcremie|0 fnt\n|faint|p2a: Alcremie\n|\n|upkeep\n|\n|t:|1733783883\n|switch|p2a: Tentacruel|Tentacruel, L84, M|272/272\n|turn|29\n|\n|t:|1733783890\n|switch|p1a: Lycanroc|Lycanroc-Dusk, L80, F|155/251 brn\n|move|p2a: Tentacruel|Rapid Spin|p1a: Lycanroc\n|-resisted|p1a: Lycanroc\n|-damage|p1a: Lycanroc|137/251 brn\n|-boost|p2a: Tentacruel|spe|1\n|\n|-damage|p1a: Lycanroc|122/251 brn|[from] brn\n|upkeep\n|turn|30\n|\n|t:|1733783894\n|move|p2a: Tentacruel|Surf|p1a: Lycanroc\n|-supereffective|p1a: Lycanroc\n|-damage|p1a: Lycanroc|0 fnt\n|faint|p1a: Lycanroc\n|\n|upkeep\n|\n|t:|1733783917\n|switch|p1a: Metagross|Metagross, L79|256/256\n|turn|31\n|\n|t:|1733783925\n|move|p2a: Tentacruel|Surf|p1a: Metagross\n|-damage|p1a: Metagross|175/256\n|move|p1a: Metagross|Psychic Fangs|p2a: Tentacruel\n|-supereffective|p2a: Tentacruel\n|-damage|p2a: Tentacruel|18/272\n|\n|-heal|p2a: Tentacruel|35/272|[from] item: Leftovers\n|upkeep\n|turn|32\n|\n|t:|1733783931\n|move|p2a: Tentacruel|Surf|p1a: Metagross\n|-damage|p1a: Metagross|94/256\n|move|p1a: Metagross|Psychic Fangs|p2a: Tentacruel\n|-supereffective|p2a: Tentacruel\n|-damage|p2a: Tentacruel|0 fnt\n|faint|p2a: Tentacruel\n|\n|upkeep\n|\n|t:|1733783933\n|switch|p2a: Ho-Oh|Ho-Oh, L71|250/268\n|turn|33\n|\n|t:|1733783940\n|switch|p1a: Cyclizar|Cyclizar, L83, F|210/252\n|move|p2a: Ho-Oh|Sacred Fire|p1a: Cyclizar\n|-resisted|p1a: Cyclizar\n|-damage|p1a: Cyclizar|152/252\n|-status|p1a: Cyclizar|brn\n|\n|-damage|p1a: Cyclizar|137/252 brn|[from] brn\n|upkeep\n|turn|34\n|\n|t:|1733783945\n|move|p1a: Cyclizar|Draco Meteor|p2a: Ho-Oh\n|-damage|p2a: Ho-Oh|157/268\n|-unboost|p1a: Cyclizar|spa|2\n|move|p2a: Ho-Oh|Brave Bird|p1a: Cyclizar\n|-damage|p1a: Cyclizar|0 fnt\n|faint|p1a: Cyclizar\n|-damage|p2a: Ho-Oh|112/268|[from] Recoil\n|\n|upkeep\n|\n|t:|1733783948\n|switch|p1a: Regidrago|Regidrago, L77|435/435\n|turn|35\n|\n|t:|1733783952\n|switch|p2a: Kricketune|Kricketune, L99, F|312/312\n|move|p1a: Regidrago|Dragon Energy|p2a: Kricketune\n|-damage|p2a: Kricketune|68/312\n|\n|upkeep\n|turn|36\n|\n|t:|1733783962\n|move|p1a: Regidrago|Dragon Energy|p2a: Kricketune\n|-damage|p2a: Kricketune|0 fnt\n|faint|p2a: Kricketune\n|\n|upkeep\n|\n|t:|1733783985\n|switch|p2a: Ho-Oh|Ho-Oh, L71|201/268\n|turn|37\n|\n|t:|1733783995\n|-terastallize|p2a: Ho-Oh|Steel\n|move|p1a: Regidrago|Dragon Energy|p2a: Ho-Oh\n|-resisted|p2a: Ho-Oh\n|-damage|p2a: Ho-Oh|126/268\n|move|p2a: Ho-Oh|Recover|p2a: Ho-Oh\n|-heal|p2a: Ho-Oh|260/268\n|\n|upkeep\n|turn|38\n|\n|t:|1733784003\n|switch|p1a: Magnezone|Magnezone, L85|5/258\n|move|p2a: Ho-Oh|Brave Bird|p1a: Magnezone\n|-resisted|p1a: Magnezone\n|-damage|p1a: Magnezone|0 fnt\n|faint|p1a: Magnezone\n|-damage|p2a: Ho-Oh|258/268|[from] Recoil\n|\n|upkeep\n|\n|t:|1733784018\n|switch|p1a: Metagross|Metagross, L79|94/256\n|turn|39\n|\n|t:|1733784022\n|move|p1a: Metagross|Earthquake|p2a: Ho-Oh\n|-supereffective|p2a: Ho-Oh\n|-damage|p2a: Ho-Oh|60/268\n|move|p2a: Ho-Oh|Earthquake|p1a: Metagross\n|-supereffective|p1a: Metagross\n|-damage|p1a: Metagross|0 fnt\n|faint|p1a: Metagross\n|\n|upkeep\n|\n|t:|1733784027\n|switch|p1a: Regidrago|Regidrago, L77|435/435\n|turn|40\n|\n|t:|1733784033\n|switch|p2a: Shaymin|Shaymin-Sky, L73|266/266\n|-terastallize|p1a: Regidrago|Dragon\n|move|p1a: Regidrago|Dragon Energy|p2a: Shaymin\n|-damage|p2a: Shaymin|0 fnt\n|faint|p2a: Shaymin\n|\n|upkeep\n|\n|t:|1733784038\n|switch|p2a: Ho-Oh|Ho-Oh, L71, tera:Steel|149/268\n|turn|41\n|\n|t:|1733784043\n|move|p1a: Regidrago|Dragon Energy|p2a: Ho-Oh\n|-resisted|p2a: Ho-Oh\n|-damage|p2a: Ho-Oh|48/268\n|move|p2a: Ho-Oh|Recover|p2a: Ho-Oh\n|-heal|p2a: Ho-Oh|182/268\n|\n|upkeep\n|turn|42\n|\n|t:|1733784047\n|move|p1a: Regidrago|Dragon Energy|p2a: Ho-Oh\n|-resisted|p2a: Ho-Oh\n|-damage|p2a: Ho-Oh|85/268\n|move|p2a: Ho-Oh|Recover|p2a: Ho-Oh\n|-heal|p2a: Ho-Oh|219/268\n|\n|upkeep\n|turn|43\n|\n|t:|1733784049\n|move|p1a: Regidrago|Dragon Energy|p2a: Ho-Oh\n|-resisted|p2a: Ho-Oh\n|-damage|p2a: Ho-Oh|114/268\n|move|p2a: Ho-Oh|Brave Bird|p1a: Regidrago\n|-damage|p1a: Regidrago|242/435\n|-damage|p2a: Ho-Oh|50/268|[from] Recoil\n|\n|upkeep\n|turn|44\n|c|\u2606sNills|ggwp\n|\n|t:|1733784055\n|-activate|p1a: Regidrago|move: Struggle\n|move|p1a: Regidrago|Struggle|p2a: Ho-Oh\n|-damage|p2a: Ho-Oh|15/268\n|-damage|p1a: Regidrago|133/435|[from] recoil\n|move|p2a: Ho-Oh|Recover|p2a: Ho-Oh\n|-heal|p2a: Ho-Oh|149/268\n|\n|upkeep\n|turn|45\n|\n|t:|1733784059\n|-activate|p1a: Regidrago|move: Struggle\n|move|p1a: Regidrago|Struggle|p2a: Ho-Oh\n|-damage|p2a: Ho-Oh|115/268\n|-damage|p1a: Regidrago|24/435|[from] recoil\n|move|p2a: Ho-Oh|Recover|p2a: Ho-Oh\n|-heal|p2a: Ho-Oh|249/268\n|\n|upkeep\n|turn|46\n|c|\u2606Sharks178|forgot about that ngl\n|\n|t:|1733784063\n|-activate|p1a: Regidrago|move: Struggle\n|move|p1a: Regidrago|Struggle|p2a: Ho-Oh\n|-damage|p2a: Ho-Oh|213/268\n|-damage|p1a: Regidrago|0 fnt|[from] recoil\n|faint|p1a: Regidrago\n|\n|win|Sharks178\n|raw|sNills's rating: 1539 &rarr; <strong>1518</strong><br />(-21 for losing)\n|raw|Sharks178's rating: 1523 &rarr; <strong>1544</strong><br />(+21 for winning)\n|c|\u2606Sharks178|ggwp\n|l|\u2606sNills\n|player|p1|\n", "inputlog": ">version bfd83cad13791eb5a5a409923076391caf6fb4d4\n>start {\"formatid\":\"gen9randombattle\",\"seed\":[30017,9424,23428,60181],\"rated\":\"Rated battle\"}\n>player p1 {\"name\":\"sNills\",\"avatar\":\"rosa\",\"rating\":1539,\"seed\":[380,19403,64202,58798]}\n>player p2 {\"name\":\"Sharks178\",\"avatar\":\"cyrus\",\"rating\":1523,\"seed\":[22242,28860,38151,26823]}\n>p1 move dragonenergy\n>p2 switch 3\n>p1 switch 6\n>p2 move calmmind\n>p1 move heavyslam\n>p2 switch 5\n>p1 switch 5\n>p2 move sacredfire\n>p1 move stoneedge\n>p2 switch 4\n>p1 switch 3\n>p2 move leafblade\n>p1 move calmmind\n>p2 switch 4\n>p1 move shadowball\n>p2 move sacredfire\n>p1 move strengthsap\n>p2 move bravebird\n>p1 switch 2\n>p1 move knockoff\n>p2 move recover\n>p1 move shedtail\n>p2 move bravebird\n>p1 switch 4\n>p1 move thunderbolt\n>p2 switch 4\n>p1 move thunderbolt\n>p2 move leafblade\n>p2 switch 5\n>p1 move flashcannon\n>p2 move calmmind\n>p1 move flashcannon\n>p2 move calmmind\n>p1 move flashcannon\n>p2 move recover\n>p1 move flashcannon\n>p2 move recover\n>p1 move flashcannon\n>p2 move calmmind\n>p1 move flashcannon\n>p2 move recover\n>p1 move flashcannon\n>p2 move recover\n>p1 move flashcannon\n>p2 move calmmind\n>p1 move flashcannon\n>p2 move alluringvoice\n>p1 move mirrorcoat\n>p2 move recover\n>p1 move mirrorcoat\n>p2 move calmmind\n>p1 move flashcannon\n>p2 move calmmind\n>p1 move mirrorcoat\n>p2 move calmmind\n>p1 move mirrorcoat\n>p2 move recover\n>p1 move mirrorcoat\n>p2 move alluringvoice\n>p2 switch 6\n>p1 switch 3\n>p2 move rapidspin\n>p1 move psychicfangs\n>p2 move surf\n>p1 switch 5\n>p1 move psychicfangs\n>p2 move surf\n>p1 move psychicfangs\n>p2 move surf\n>p2 switch 4\n>p1 switch 4\n>p2 move sacredfire\n>p1 move dracometeor\n>p2 move bravebird\n>p1 switch 6\n>p1 move dragonenergy\n>p2 switch 2\n>p1 move dragonenergy\n>p2 move stickyweb\n>p2 switch 2\n>p1 move dragonenergy\n>p2 move recover terastallize\n>p1 switch 3\n>p2 move bravebird\n>p1 switch 4\n>p1 move earthquake\n>p2 move earthquake\n>p1 switch 3\n>p1 move dragonenergy terastallize\n>p2 switch 3\n>p2 switch 3\n>p1 move dragonenergy\n>p2 move recover\n>p1 move dragonenergy\n>p2 move recover\n>p1 move dragonenergy\n>p2 move bravebird\n>chat \u2606sNills|ggwp\n>p1 move struggle\n>p2 move recover\n>p1 move struggle\n>p2 move recover\n>chat \u2606Sharks178|forgot about that ngl\n>p1 move struggle\n>p2 move bravebird", "uploadtime": 1733784075, "views": 3, "formatid": "gen9randombattle", "rating": 1518, "private": 0, "password": null}