{"id": "gen9randombattle-2260681113", "format": "[Gen 9] Random Battle", "players": ["wisdom8390", "hyyygftb"], "log": "|j|\u2606wisdom8390\n|j|\u2606hyyygftb\n|t:|1733877705\n|gametype|singles\n|player|p1|wisdom8390|169|1000\n|player|p2|hyyygftb|1|1000\n|teamsize|p1|6\n|teamsize|p2|6\n|gen|9\n|tier|[Gen 9] Random Battle\n|rated|\n|rule|Species Clause: Limit one of each Pok\u00e9mon\n|rule|HP Percentage Mod: HP is shown in percentages\n|rule|Sleep Clause Mod: Limit one foe put to sleep\n|rule|Illusion Level Mod: Illusion disguises the Pok\u00e9mon's true level\n|\n|t:|1733877705\n|start\n|switch|p1a: Conkeldurr|Conkeldurr, L80, F|299/299\n|switch|p2a: Dodrio|Dodrio, L86, F|243/243\n|turn|1\n|\n|t:|1733877735\n|move|p2a: Dodrio|Swords Dance|p2a: Dodrio\n|-boost|p2a: Dodrio|atk|2\n|move|p1a: Conkeldurr|Knock Off|p2a: Dodrio\n|-crit|p2a: Dodrio\n|-damage|p2a: Dodrio|107/243\n|-enditem|p2a: Dodrio|Heavy-Duty Boots|[from] move: Knock Off|[of] p1a: Conkeldurr\n|\n|-status|p1a: Conkeldurr|brn|[from] item: Flame Orb\n|upkeep\n|turn|2\n|\n|t:|1733877751\n|-terastallize|p1a: Conkeldurr|Normal\n|move|p2a: Dodrio|Knock Off|p1a: Conkeldurr\n|-damage|p1a: Conkeldurr|151/299 brn\n|-enditem|p1a: Conkeldurr|Flame Orb|[from] move: Knock Off|[of] p2a: Dodrio\n|move|p1a: Conkeldurr|Facade|p2a: Dodrio\n|-damage|p2a: Dodrio|0 fnt\n|faint|p2a: Dodrio\n|\n|-damage|p1a: Conkeldurr|133/299 brn|[from] brn\n|upkeep\n|\n|t:|1733877765\n|switch|p2a: Clefable|Clefable, L83, F|293/293\n|turn|3\n|\n|t:|1733877771\n|move|p2a: Clefable|Thunder Wave||[still]\n|-fail|p2a: Clefable\n|move|p1a: Conkeldurr|Facade|p2a: Clefable\n|-damage|p2a: Clefable|0 fnt\n|faint|p2a: Clefable\n|\n|-damage|p1a: Conkeldurr|115/299 brn|[from] brn\n|upkeep\n|inactive|Battle timer is ON: inactive players will automatically lose when time's up. (requested by wisdom8390)\n|\n|t:|1733877781\n|switch|p2a: Delphox|Delphox, L84, M|263/263\n|turn|4\n|\n|t:|1733877786\n|move|p2a: Delphox|Focus Blast|p1a: Conkeldurr|[miss]\n|-miss|p2a: Delphox|p1a: Conkeldurr\n|move|p1a: Conkeldurr|Facade|p2a: Delphox\n|-damage|p2a: Delphox|0 fnt\n|faint|p2a: Delphox\n|\n|-damage|p1a: Conkeldurr|97/299 brn|[from] brn\n|upkeep\n|\n|t:|1733877798\n|switch|p2a: Gothitelle|Gothitelle, L90, F|272/272\n|turn|5\n|\n|t:|1733877807\n|move|p2a: Gothitelle|Trick|p1a: Conkeldurr\n|-activate|p2a: Gothitelle|move: Trick|[of] p1a: Conkeldurr\n|-item|p1a: Conkeldurr|Choice Scarf|[from] move: Trick\n|-enditem|p2a: Gothitelle|Choice Scarf|[silent]|[from] move: Trick\n|move|p1a: Conkeldurr|Facade|p2a: Gothitelle\n|-damage|p2a: Gothitelle|29/272\n|\n|-damage|p1a: Conkeldurr|79/299 brn|[from] brn\n|upkeep\n|turn|6\n|\n|t:|1733877817\n|switch|p2a: Politoed|Politoed, L88, F|302/302\n|-weather|RainDance|[from] ability: Drizzle|[of] p2a: Politoed\n|move|p1a: Conkeldurr|Facade|p2a: Politoed\n|-damage|p2a: Politoed|0 fnt\n|faint|p2a: Politoed\n|\n|-weather|RainDance|[upkeep]\n|-damage|p1a: Conkeldurr|61/299 brn|[from] brn\n|upkeep\n|\n|t:|1733877830\n|switch|p2a: Kilowattrel|Kilowattrel, L83, M|252/252\n|turn|7\n|\n|t:|1733877834\n|move|p2a: Kilowattrel|Roost||[still]\n|-fail|p2a: Kilowattrel|heal\n|move|p1a: Conkeldurr|Facade|p2a: Kilowattrel\n|-damage|p2a: Kilowattrel|0 fnt\n|faint|p2a: Kilowattrel\n|\n|-weather|RainDance|[upkeep]\n|-damage|p1a: Conkeldurr|43/299 brn|[from] brn\n|upkeep\n|\n|t:|1733877844\n|switch|p2a: Gothitelle|Gothitelle, L90, F|29/272\n|turn|8\n|\n|t:|1733877848\n|move|p1a: Conkeldurr|Facade|p2a: Gothitelle\n|-damage|p2a: Gothitelle|0 fnt\n|faint|p2a: Gothitelle\n|\n|win|wisdom8390\n|raw|wisdom8390's rating: 1000 &rarr; <strong>1040</strong><br />(+40 for winning)\n|raw|hyyygftb's rating: 1000 &rarr; <strong>1000</strong><br />(+0 for losing)\n|l|\u2606wisdom8390\n|player|p1|\n", "inputlog": ">version bfd83cad13791eb5a5a409923076391caf6fb4d4\n>start {\"formatid\":\"gen9randombattle\",\"seed\":[6768,23870,36090,60205],\"rated\":\"Rated battle\"}\n>player p1 {\"name\":\"wisdom8390\",\"avatar\":\"169\",\"rating\":1000,\"seed\":[14785,33426,9036,62665]}\n>player p2 {\"name\":\"hyyygftb\",\"avatar\":\"1\",\"rating\":1000,\"seed\":[19485,16026,4364,15627]}\n>p1 move knockoff\n>p2 move swordsdance\n>p1 move facade terastallize\n>p2 move knockoff\n>p2 switch 4\n>p1 move facade\n>p2 move thunderwave\n>p2 switch 3\n>p1 move facade\n>p2 move focusblast\n>p2 switch 6\n>p1 move facade\n>p2 move trick\n>p1 move facade\n>p2 switch 5\n>p2 switch 2\n>p1 move facade\n>p2 move roost\n>p2 switch 5\n>p1 move facade\n>p2 move darkpulse", "uploadtime": 1733877869, "views": 1, "formatid": "gen9randombattle", "rating": 1000, "private": 0, "password": null}