{"id": "gen9randombattle-2146255517", "format": "[Gen 9] Random Battle", "players": ["ThisIsSamsAccount", "villains dont die"], "log": "|j|\u2606ThisIsSamsAccount\n|j|\u2606villains dont die\n|t:|1718809941\n|gametype|singles\n|player|p1|ThisIsSamsAccount|2|2265\n|player|p2|villains dont die|unknown|2232\n|teamsize|p1|6\n|teamsize|p2|6\n|gen|9\n|tier|[Gen 9] Random Battle\n|rated|\n|rule|Species Clause: Limit one of each Pok\u00e9mon\n|rule|HP Percentage Mod: HP is shown in percentages\n|rule|Sleep Clause Mod: Limit one foe put to sleep\n|rule|Illusion Level Mod: Illusion disguises the Pok\u00e9mon's true level\n|\n|t:|1718809941\n|start\n|switch|p1a: Ninetales|Ninetales, L85, M|263/263\n|switch|p2a: Iron Thorns|Iron Thorns, L83|302/302\n|-weather|SunnyDay|[from] ability: Drought|[of] p1a: Ninetales\n|-item|p2a: Iron Thorns|Air Balloon\n|turn|1\n|inactive|Battle timer is ON: inactive players will automatically lose when time's up. (requested by ThisIsSamsAccount)\n|\n|t:|1718809967\n|move|p1a: Ninetales|Nasty Plot|p1a: Ninetales\n|-boost|p1a: Ninetales|spa|2\n|move|p2a: Iron Thorns|Stone Edge|p1a: Ninetales\n|-supereffective|p1a: Ninetales\n|-damage|p1a: Ninetales|0 fnt\n|faint|p1a: Ninetales\n|\n|-weather|SunnyDay|[upkeep]\n|upkeep\n|c|\u2606villains dont die|\ud83d\ude2d\ud83d\ude02\u270c\ud83c\udffd\n|\n|t:|1718809978\n|switch|p1a: Swampert|Swampert, L83, M|302/302\n|turn|2\n|c|\u2606ThisIsSamsAccount|Really thought I'd have fun reading the stealth rock or spike\n|\n|t:|1718810001\n|-end|p2a: Iron Thorns|Quark Drive|[silent]\n|switch|p2a: Grumpig|Grumpig, L92, F|297/297\n|move|p1a: Swampert|Flip Turn|p2a: Grumpig\n|-damage|p2a: Grumpig|258/297\n|\n|t:|1718810010\n|switch|p1a: Chansey|Chansey, L85, F|564/564|[from] Flip Turn\n|\n|-weather|SunnyDay|[upkeep]\n|upkeep\n|turn|3\n|\n|t:|1718810018\n|move|p2a: Grumpig|Trick|p1a: Chansey\n|-activate|p2a: Grumpig|move: Trick|[of] p1a: Chansey\n|-item|p1a: Chansey|Choice Scarf|[from] move: Trick\n|-item|p2a: Grumpig|Eviolite|[from] move: Trick\n|move|p1a: Chansey|Seismic Toss|p2a: Grumpig\n|-damage|p2a: Grumpig|173/297\n|\n|-weather|SunnyDay|[upkeep]\n|upkeep\n|turn|4\n|\n|t:|1718810025\n|move|p1a: Chansey|Seismic Toss|p2a: Grumpig\n|-damage|p2a: Grumpig|88/297\n|move|p2a: Grumpig|Psyshock|p1a: Chansey\n|-damage|p1a: Chansey|231/564\n|\n|-weather|SunnyDay|[upkeep]\n|upkeep\n|turn|5\n|\n|t:|1718810034\n|move|p1a: Chansey|Seismic Toss|p2a: Grumpig\n|-damage|p2a: Grumpig|3/297\n|move|p2a: Grumpig|Psyshock|p1a: Chansey\n|-damage|p1a: Chansey|0 fnt\n|faint|p1a: Chansey\n|\n|-weather|none\n|upkeep\n|\n|t:|1718810046\n|switch|p1a: Swampert|Swampert, L83, M|302/302\n|turn|6\n|c|\u2606villains dont die|Nah twin this da high ladder gotta know evb here play aggressive\n|j| nazar13bee\n|inactive|villains dont die has 120 seconds left.\n|c|\u2606villains dont die|No more of that passive stuff that\u2019s for low ladder\n|\n|t:|1718810095\n|move|p2a: Grumpig|Psyshock|p1a: Swampert\n|-damage|p1a: Swampert|209/302\n|move|p1a: Swampert|Knock Off|p2a: Grumpig\n|-supereffective|p2a: Grumpig\n|-damage|p2a: Grumpig|0 fnt\n|-enditem|p2a: Grumpig|Eviolite|[from] move: Knock Off|[of] p1a: Swampert\n|faint|p2a: Grumpig\n|\n|upkeep\n|\n|t:|1718810100\n|switch|p2a: Incineroar|Incineroar, L84, F|297/297\n|-ability|p2a: Incineroar|Intimidate|boost\n|-unboost|p1a: Swampert|atk|1\n|turn|7\n|\n|t:|1718810123\n|switch|p1a: Hydrapple|Hydrapple, L83, M|312/312\n|move|p2a: Incineroar|Swords Dance|p2a: Incineroar\n|-boost|p2a: Incineroar|atk|2\n|\n|upkeep\n|turn|8\n|inactive|villains dont die has 120 seconds left.\n|\n|t:|1718810132\n|move|p2a: Incineroar|Knock Off|p1a: Hydrapple\n|-damage|p1a: Hydrapple|110/312\n|-enditem|p1a: Hydrapple|Assault Vest|[from] move: Knock Off|[of] p2a: Incineroar\n|move|p1a: Hydrapple|Dragon Tail|p2a: Incineroar\n|-damage|p2a: Incineroar|243/297\n|drag|p2a: Flareon|Flareon, L90, M|263/263\n|\n|-status|p2a: Flareon|tox|[from] item: Toxic Orb\n|upkeep\n|turn|9\n|\n|t:|1718810144\n|switch|p1a: Swampert|Swampert, L83, M|209/302\n|move|p2a: Flareon|Facade|p1a: Swampert\n|-damage|p1a: Swampert|0 fnt\n|faint|p1a: Swampert\n|\n|-damage|p2a: Flareon|247/263 tox|[from] psn\n|upkeep\n|\n|t:|1718810146\n|switch|p1a: Politoed|Politoed, L88, F|302/302\n|-weather|RainDance|[from] ability: Drizzle|[of] p1a: Politoed\n|turn|10\n|j| Shaky3\n|\n|t:|1718810170\n|switch|p1a: Hydrapple|Hydrapple, L83, M|214/312\n|switch|p2a: Iron Jugulis|Iron Jugulis, L78|275/275\n|\n|-weather|RainDance|[upkeep]\n|upkeep\n|turn|11\n|\n|t:|1718810180\n|switch|p1a: Perrserker|Perrserker, L89, M|269/269\n|move|p2a: Iron Jugulis|Hurricane|p1a: Perrserker\n|-resisted|p1a: Perrserker\n|-damage|p1a: Perrserker|196/269\n|\n|-weather|RainDance|[upkeep]\n|upkeep\n|turn|12\n|\n|t:|1718810189\n|move|p2a: Iron Jugulis|Hurricane|p1a: Perrserker\n|-resisted|p1a: Perrserker\n|-damage|p1a: Perrserker|123/269\n|move|p1a: Perrserker|Stealth Rock|p2a: Iron Jugulis\n|-sidestart|p2: villains dont die|move: Stealth Rock\n|\n|-weather|RainDance|[upkeep]\n|upkeep\n|turn|13\n|\n|t:|1718810197\n|move|p2a: Iron Jugulis|Hurricane|p1a: Perrserker\n|-resisted|p1a: Perrserker\n|-damage|p1a: Perrserker|43/269\n|-start|p1a: Perrserker|confusion\n|-activate|p1a: Perrserker|confusion\n|move|p1a: Perrserker|Iron Head|p2a: Iron Jugulis\n|-crit|p2a: Iron Jugulis\n|-damage|p2a: Iron Jugulis|0 fnt\n|faint|p2a: Iron Jugulis\n|-end|p2a: Iron Jugulis|Quark Drive|[silent]\n|-damage|p1a: Perrserker|17/269|[from] item: Life Orb\n|\n|-weather|RainDance|[upkeep]\n|upkeep\n|\n|t:|1718810210\n|switch|p2a: Flareon|Flareon, L90, M|247/263 tox\n|-damage|p2a: Flareon|182/263 tox|[from] Stealth Rock\n|turn|14\n|\n|t:|1718810215\n|move|p2a: Flareon|Trailblaze|p1a: Perrserker\n|-resisted|p1a: Perrserker\n|-damage|p1a: Perrserker|0 fnt\n|-boost|p2a: Flareon|spe|1\n|faint|p1a: Perrserker\n|\n|-weather|none\n|-damage|p2a: Flareon|166/263 tox|[from] psn\n|upkeep\n|\n|t:|1718810219\n|switch|p1a: Hydrapple|Hydrapple, L83, M|312/312\n|turn|15\n|\n|t:|1718810233\n|move|p2a: Flareon|Flare Blitz|p1a: Hydrapple\n|-damage|p1a: Hydrapple|87/312\n|-damage|p2a: Flareon|92/263 tox|[from] Recoil\n|move|p1a: Hydrapple|Dragon Tail|p2a: Flareon\n|-damage|p2a: Flareon|31/263 tox\n|drag|p2a: Latios|Latios, L78, M|253/253\n|-damage|p2a: Latios|222/253|[from] Stealth Rock\n|\n|upkeep\n|turn|16\n|\n|t:|1718810251\n|move|p2a: Latios|Psyshock|p1a: Hydrapple\n|-damage|p1a: Hydrapple|0 fnt\n|faint|p1a: Hydrapple\n|\n|upkeep\n|\n|t:|1718810253\n|switch|p1a: Politoed|Politoed, L88, F|302/302\n|-weather|RainDance|[from] ability: Drizzle|[of] p1a: Politoed\n|turn|17\n|\n|t:|1718810258\n|move|p2a: Latios|Calm Mind|p2a: Latios\n|-boost|p2a: Latios|spa|1\n|-boost|p2a: Latios|spd|1\n|move|p1a: Politoed|Hypnosis|p2a: Latios\n|-status|p2a: Latios|slp|[from] move: Hypnosis\n|\n|-weather|RainDance|[upkeep]\n|upkeep\n|turn|18\n|\n|t:|1718810280\n|cant|p2a: Latios|slp\n|move|p1a: Politoed|Ice Beam|p2a: Latios\n|-supereffective|p2a: Latios\n|-damage|p2a: Latios|136/253 slp\n|\n|-weather|RainDance|[upkeep]\n|upkeep\n|turn|19\n|\n|t:|1718810285\n|cant|p2a: Latios|slp\n|move|p1a: Politoed|Encore|p2a: Latios\n|-start|p2a: Latios|Encore\n|\n|-weather|RainDance|[upkeep]\n|upkeep\n|turn|20\n|\n|t:|1718810288\n|-curestatus|p2a: Latios|slp|[msg]\n|move|p2a: Latios|Calm Mind|p2a: Latios\n|-boost|p2a: Latios|spa|1\n|-boost|p2a: Latios|spd|1\n|move|p1a: Politoed|Ice Beam|p2a: Latios\n|-supereffective|p2a: Latios\n|-damage|p2a: Latios|70/253\n|\n|-weather|RainDance|[upkeep]\n|upkeep\n|turn|21\n|\n|t:|1718810291\n|move|p2a: Latios|Calm Mind|p2a: Latios\n|-boost|p2a: Latios|spa|1\n|-boost|p2a: Latios|spd|1\n|move|p1a: Politoed|Ice Beam|p2a: Latios\n|-supereffective|p2a: Latios\n|-damage|p2a: Latios|20/253\n|\n|-weather|none\n|upkeep\n|turn|22\n|\n|t:|1718810298\n|-terastallize|p2a: Latios|Steel\n|move|p2a: Latios|Calm Mind|p2a: Latios\n|-boost|p2a: Latios|spa|1\n|-boost|p2a: Latios|spd|1\n|move|p1a: Politoed|Ice Beam|p2a: Latios\n|-resisted|p2a: Latios\n|-damage|p2a: Latios|11/253\n|\n|-end|p2a: Latios|Encore\n|upkeep\n|turn|23\n|c|\u2606ThisIsSamsAccount|gg\n|\n|t:|1718810311\n|-terastallize|p1a: Politoed|Water\n|move|p2a: Latios|Psyshock|p1a: Politoed\n|-damage|p1a: Politoed|0 fnt\n|faint|p1a: Politoed\n|\n|win|villains dont die\n|raw|ThisIsSamsAccount's rating: 2265 &rarr; <strong>2243</strong><br />(-22 for losing)\n|raw|villains dont die's rating: 2232 &rarr; <strong>2254</strong><br />(+22 for winning)\n|l| Shaky3\n|l|\u2606ThisIsSamsAccount\n|player|p1|\n|c|\u2606villains dont die|u too\n", "inputlog": ">version 8819e60f9a01cede7471b534a2fb53a3a85674fc\n>start {\"formatid\":\"gen9randombattle\",\"seed\":[26987,35680,36677,40994],\"rated\":\"Rated battle\"}\n>player p1 {\"name\":\"ThisIsSamsAccount\",\"avatar\":\"2\",\"rating\":2265,\"seed\":[45731,36315,274,26880]}\n>player p2 {\"name\":\"villains dont die\",\"avatar\":\"unknown\",\"rating\":2232,\"seed\":[24940,47110,2060,58678]}\n>p1 move nastyplot\n>p2 move stoneedge\n>chat \u2606villains dont die|\ud83d\ude2d\ud83d\ude02\u270c\ud83c\udffd\n>p1 switch 6\n>chat \u2606ThisIsSamsAccount|Really thought I'd have fun reading the stealth rock or spike\n>p1 move flipturn\n>p2 switch 2\n>p1 switch 3\n>p1 move seismictoss\n>p2 move trick\n>p1 move seismictoss\n>p2 move psyshock\n>p1 move seismictoss\n>p2 move psyshock\n>p1 switch 3\n>chat \u2606villains dont die|Nah twin this da high ladder gotta know evb here play aggressive\n>chat \u2606villains dont die|No more of that passive stuff that\u2019s for low ladder\n>p1 move knockoff\n>p2 move psyshock\n>p2 switch 4\n>p1 switch 4\n>p2 move swordsdance\n>p1 move dragontail\n>p2 move knockoff\n>p1 switch 4\n>p2 move facade\n>p1 switch 5\n>p1 switch 4\n>p2 switch 3\n>p1 switch 2\n>p2 move hurricane\n>p1 move stealthrock\n>p2 move hurricane\n>p1 move ironhead\n>p2 move hurricane\n>p2 switch 3\n>p1 move knockoff\n>p2 move trailblaze\n>p1 switch 2\n>p1 move dragontail\n>p2 move flareblitz\n>p1 move dragontail\n>p2 move psyshock\n>p1 switch 4\n>p1 move hypnosis\n>p2 move calmmind\n>p1 move icebeam\n>p2 move calmmind\n>p1 move encore\n>p2 move recover\n>p1 move icebeam\n>p2 move calmmind\n>p1 move icebeam\n>p2 move calmmind\n>p1 move icebeam\n>p2 move calmmind terastallize\n>chat \u2606ThisIsSamsAccount|gg\n>p1 move hypnosis terastallize\n>p2 move psyshock", "uploadtime": 1718810324, "views": 184, "formatid": "gen9randombattle", "rating": 2243, "private": 0, "password": null}