{"id": "gen9randombattle-2204235803", "format": "[Gen 9] Random Battle", "players": ["Vasilivonholtz", "BananenSoep"], "log": "|j|\u2606Vasilivonholtz\n|j|\u2606BananenSoep\n|t:|1726656991\n|gametype|singles\n|player|p1|Vasilivonholtz|266|2254\n|player|p2|BananenSoep|larry|2243\n|teamsize|p1|6\n|teamsize|p2|6\n|gen|9\n|tier|[Gen 9] Random Battle\n|rated|\n|rule|Species Clause: Limit one of each Pok\u00e9mon\n|rule|HP Percentage Mod: HP is shown in percentages\n|rule|Sleep Clause Mod: Limit one foe put to sleep\n|rule|Illusion Level Mod: Illusion disguises the Pok\u00e9mon's true level\n|\n|t:|1726656991\n|start\n|switch|p1a: Dachsbun|Dachsbun, L91, F|252/252\n|switch|p2a: Dugtrio|Dugtrio-Alola, L84, M|196/196\n|turn|1\n|inactive|Battle timer is ON: inactive players will automatically lose when time's up. (requested by Vasilivonholtz)\n|inactive|Vasilivonholtz has 120 seconds left.\n|inactive|Vasilivonholtz has 90 seconds left.\n|\n|t:|1726657062\n|switch|p1a: Walking Wake|Walking Wake, L79|286/286\n|move|p2a: Dugtrio|Stealth Rock|p1a: Walking Wake\n|-sidestart|p1: Vasilivonholtz|move: Stealth Rock\n|\n|upkeep\n|turn|2\n|\n|t:|1726657091\n|switch|p2a: Oranguru|Oranguru, L92, F|315/315\n|move|p1a: Walking Wake|Hydro Pump|p2a: Oranguru\n|-damage|p2a: Oranguru|170/315\n|\n|upkeep\n|turn|3\n|\n|t:|1726657099\n|move|p1a: Walking Wake|Hydro Pump|p2a: Oranguru\n|-damage|p2a: Oranguru|31/315\n|move|p2a: Oranguru|Hyper Voice|p1a: Walking Wake\n|-damage|p1a: Walking Wake|137/286\n|-damage|p2a: Oranguru|0 fnt|[from] item: Life Orb\n|faint|p2a: Oranguru\n|\n|upkeep\n|\n|t:|1726657108\n|switch|p2a: Dugtrio|Dugtrio-Alola, L84, M|196/196\n|turn|4\n|\n|t:|1726657112\n|move|p2a: Dugtrio|Earthquake|p1a: Walking Wake\n|-damage|p1a: Walking Wake|0 fnt\n|faint|p1a: Walking Wake\n|-end|p1a: Walking Wake|Protosynthesis|[silent]\n|-damage|p2a: Dugtrio|177/196|[from] item: Life Orb\n|\n|upkeep\n|\n|t:|1726657127\n|switch|p1a: Vigoroth|Vigoroth, L85, F|275/275\n|-damage|p1a: Vigoroth|241/275|[from] Stealth Rock\n|turn|5\n|\n|t:|1726657145\n|move|p2a: Dugtrio|Iron Head|p1a: Vigoroth\n|-damage|p1a: Vigoroth|158/275\n|-damage|p2a: Dugtrio|158/196|[from] item: Life Orb\n|move|p1a: Vigoroth|Earthquake|p2a: Dugtrio\n|-supereffective|p2a: Dugtrio\n|-damage|p2a: Dugtrio|0 fnt\n|faint|p2a: Dugtrio\n|\n|upkeep\n|\n|t:|1726657152\n|switch|p2a: Banette|Banette, L93, M|270/270\n|-item|p1a: Vigoroth|Eviolite|[from] ability: Frisk|[of] p2a: Banette\n|turn|6\n|\n|t:|1726657168\n|move|p1a: Vigoroth|Earthquake|p2a: Banette\n|-damage|p2a: Banette|204/270\n|move|p2a: Banette|Swords Dance|p2a: Banette\n|-boost|p2a: Banette|atk|2\n|\n|upkeep\n|turn|7\n|\n|t:|1726657173\n|move|p1a: Vigoroth|Earthquake|p2a: Banette\n|-damage|p2a: Banette|138/270\n|move|p2a: Banette|Gunk Shot|p1a: Vigoroth|[miss]\n|-miss|p2a: Banette|p1a: Vigoroth\n|\n|upkeep\n|turn|8\n|\n|t:|1726657178\n|move|p1a: Vigoroth|Earthquake|p2a: Banette\n|-damage|p2a: Banette|65/270\n|move|p2a: Banette|Gunk Shot|p1a: Vigoroth\n|-damage|p1a: Vigoroth|0 fnt\n|faint|p1a: Vigoroth\n|-damage|p2a: Banette|38/270|[from] item: Life Orb\n|\n|upkeep\n|\n|t:|1726657183\n|switch|p1a: Girafarig|Girafarig, L89, F|269/269\n|-damage|p1a: Girafarig|236/269|[from] Stealth Rock\n|turn|9\n|\n|t:|1726657191\n|move|p1a: Girafarig|Psychic|p2a: Banette\n|-damage|p2a: Banette|0 fnt\n|faint|p2a: Banette\n|\n|upkeep\n|\n|t:|1726657195\n|switch|p2a: Typhlosion|Typhlosion, L84, F|267/267\n|turn|10\n|\n|t:|1726657210\n|move|p2a: Typhlosion|Scorching Sands|p1a: Girafarig\n|-damage|p1a: Girafarig|176/269\n|move|p1a: Girafarig|Psychic|p2a: Typhlosion\n|-damage|p2a: Typhlosion|164/267\n|\n|upkeep\n|turn|11\n|\n|t:|1726657218\n|move|p2a: Typhlosion|Scorching Sands|p1a: Girafarig\n|-damage|p1a: Girafarig|111/269\n|-status|p1a: Girafarig|brn\n|move|p1a: Girafarig|Psychic|p2a: Typhlosion\n|-damage|p2a: Typhlosion|61/267\n|\n|-damage|p1a: Girafarig|95/269 brn|[from] brn\n|upkeep\n|turn|12\n|\n|t:|1726657223\n|move|p2a: Typhlosion|Scorching Sands|p1a: Girafarig\n|-damage|p1a: Girafarig|33/269 brn\n|move|p1a: Girafarig|Psychic|p2a: Typhlosion\n|-damage|p2a: Typhlosion|0 fnt\n|faint|p2a: Typhlosion\n|\n|-damage|p1a: Girafarig|17/269 brn|[from] brn\n|upkeep\n|\n|t:|1726657233\n|switch|p2a: Salamence|Salamence, L77, M|273/273\n|-ability|p2a: Salamence|Intimidate|boost\n|-unboost|p1a: Girafarig|atk|1\n|turn|13\n|\n|t:|1726657240\n|move|p1a: Girafarig|Psychic|p2a: Salamence\n|-damage|p2a: Salamence|156/273\n|move|p2a: Salamence|Dragon Dance|p2a: Salamence\n|-boost|p2a: Salamence|atk|1\n|-boost|p2a: Salamence|spe|1\n|\n|-damage|p1a: Girafarig|1/269 brn|[from] brn\n|upkeep\n|turn|14\n|\n|t:|1726657262\n|move|p2a: Salamence|Roost|p2a: Salamence\n|-heal|p2a: Salamence|273/273\n|-singleturn|p2a: Salamence|move: Roost\n|move|p1a: Girafarig|Psychic|p2a: Salamence\n|-damage|p2a: Salamence|156/273\n|\n|-damage|p1a: Girafarig|0 fnt|[from] brn\n|faint|p1a: Girafarig\n|upkeep\n|\n|t:|1726657275\n|switch|p1a: Iron Hands|Iron Hands, L79|373/373\n|-damage|p1a: Iron Hands|350/373|[from] Stealth Rock\n|turn|15\n|\n|t:|1726657292\n|-terastallize|p2a: Salamence|Dragon\n|move|p2a: Salamence|Roost|p2a: Salamence\n|-heal|p2a: Salamence|273/273\n|move|p1a: Iron Hands|Ice Punch|p2a: Salamence\n|-supereffective|p2a: Salamence\n|-damage|p2a: Salamence|119/273\n|\n|-heal|p1a: Iron Hands|373/373|[from] item: Leftovers\n|upkeep\n|turn|16\n|\n|t:|1726657304\n|move|p2a: Salamence|Roost|p2a: Salamence\n|-heal|p2a: Salamence|256/273\n|move|p1a: Iron Hands|Ice Punch|p2a: Salamence\n|-supereffective|p2a: Salamence\n|-damage|p2a: Salamence|120/273\n|\n|upkeep\n|turn|17\n|-message|BananenSoep forfeited.\n|\n|win|Vasilivonholtz\n|raw|Vasilivonholtz's rating: 2254 &rarr; <strong>2273</strong><br />(+19 for winning)\n|raw|BananenSoep's rating: 2243 &rarr; <strong>2224</strong><br />(-19 for losing)\n|l|\u2606BananenSoep\n|player|p2|\n", "inputlog": ">version ddf5848a381b6afa3b8db755b9bdef59b522c4eb\n>start {\"formatid\":\"gen9randombattle\",\"seed\":[14145,32606,34431,9301],\"rated\":\"Rated battle\"}\n>player p1 {\"name\":\"Vasilivonholtz\",\"avatar\":\"266\",\"rating\":2254,\"seed\":[7929,59212,28666,16009]}\n>player p2 {\"name\":\"BananenSoep\",\"avatar\":\"larry\",\"rating\":2243,\"seed\":[20579,61028,49583,60866]}\n>p1 switch 4\n>p2 move stealthrock\n>p1 move hydropump\n>p2 switch 5\n>p1 move hydropump\n>p2 move hypervoice\n>p2 switch 5\n>p1 move hydropump\n>p2 move earthquake\n>p1 switch 6\n>p1 move earthquake\n>p2 move ironhead\n>p2 switch 6\n>p1 move earthquake\n>p2 move swordsdance\n>p1 move earthquake\n>p2 move gunkshot\n>p1 move earthquake\n>p2 move gunkshot\n>p1 switch 5\n>p1 move psychic\n>p2 move gunkshot\n>p2 switch 3\n>p1 move psychic\n>p2 move scorchingsands\n>p1 move psychic\n>p2 move scorchingsands\n>p1 move psychic\n>p2 move scorchingsands\n>p2 switch 2\n>p1 move psychic\n>p2 move dragondance\n>p1 move psychic\n>p2 move roost\n>p1 switch 3\n>p1 move icepunch\n>p2 move roost terastallize\n>p1 move icepunch\n>p2 move roost\n>forcelose p2", "uploadtime": 1726657358, "views": 92, "formatid": "gen9randombattle", "rating": 2224, "private": 0, "password": null}