{"id": "gen9randombattle-2259927670", "format": "[Gen 9] Random Battle", "players": ["code red ccxx", "allhailweegee"], "log": "|j|\u2606code red ccxx\n|j|\u2606allhailweegee\n|t:|1733780864\n|gametype|singles\n|player|p1|code red ccxx|guzma|\n|player|p2|allhailweegee|shauntal|\n|teamsize|p1|6\n|teamsize|p2|6\n|gen|9\n|tier|[Gen 9] Random Battle\n|rule|Species Clause: Limit one of each Pok\u00e9mon\n|rule|HP Percentage Mod: HP is shown in percentages\n|rule|Sleep Clause Mod: Limit one foe put to sleep\n|rule|Illusion Level Mod: Illusion disguises the Pok\u00e9mon's true level\n|\n|t:|1733780864\n|start\n|switch|p1a: Lurantis|Lurantis, L87, M|264/264\n|switch|p2a: Hydrapple|Hydrapple, L83, F|312/312\n|turn|1\n|\n|t:|1733780880\n|move|p1a: Lurantis|Superpower|p2a: Hydrapple\n|-damage|p2a: Hydrapple|232/312\n|-boost|p1a: Lurantis|atk|1\n|-boost|p1a: Lurantis|def|1\n|move|p2a: Hydrapple|Dragon Tail|p1a: Lurantis\n|-damage|p1a: Lurantis|225/264\n|drag|p1a: Dudunsparce|Dudunsparce, L83, M|343/343\n|\n|upkeep\n|turn|2\n|\n|t:|1733780892\n|switch|p1a: Skuntank|Skuntank, L84, F|310/310\n|move|p2a: Hydrapple|Fickle Beam|p1a: Skuntank\n|-damage|p1a: Skuntank|189/310\n|\n|upkeep\n|turn|3\n|\n|t:|1733780903\n|switch|p2a: Tyranitar|Tyranitar, L79, M|288/288\n|-weather|Sandstorm|[from] ability: Sand Stream|[of] p2a: Tyranitar\n|move|p1a: Skuntank|Gunk Shot|p2a: Tyranitar\n|-resisted|p2a: Tyranitar\n|-damage|p2a: Tyranitar|222/288\n|-damage|p1a: Skuntank|158/310|[from] item: Life Orb\n|\n|-weather|Sandstorm|[upkeep]\n|-damage|p1a: Skuntank|139/310|[from] Sandstorm\n|-heal|p2a: Tyranitar|240/288|[from] item: Leftovers\n|upkeep\n|turn|4\n|\n|t:|1733780910\n|move|p1a: Skuntank|Taunt|p2a: Tyranitar\n|-start|p2a: Tyranitar|move: Taunt\n|cant|p2a: Tyranitar|move: Taunt|Dragon Dance\n|\n|-weather|Sandstorm|[upkeep]\n|-damage|p1a: Skuntank|120/310|[from] Sandstorm\n|-heal|p2a: Tyranitar|258/288|[from] item: Leftovers\n|upkeep\n|turn|5\n|\n|t:|1733780916\n|switch|p1a: Sandslash|Sandslash, L88, M|275/275\n|move|p2a: Tyranitar|Earthquake|p1a: Sandslash\n|-damage|p1a: Sandslash|206/275\n|\n|-weather|Sandstorm|[upkeep]\n|-heal|p1a: Sandslash|223/275|[from] item: Leftovers\n|-heal|p2a: Tyranitar|276/288|[from] item: Leftovers\n|upkeep\n|turn|6\n|\n|t:|1733780921\n|move|p1a: Sandslash|Swords Dance|p1a: Sandslash\n|-boost|p1a: Sandslash|atk|2\n|move|p2a: Tyranitar|Knock Off|p1a: Sandslash\n|-damage|p1a: Sandslash|127/275\n|-enditem|p1a: Sandslash|Leftovers|[from] move: Knock Off|[of] p2a: Tyranitar\n|\n|-weather|Sandstorm|[upkeep]\n|-heal|p2a: Tyranitar|288/288|[from] item: Leftovers\n|-end|p2a: Tyranitar|move: Taunt\n|upkeep\n|turn|7\n|\n|t:|1733780931\n|switch|p2a: Hydrapple|Hydrapple, L83, F|312/312\n|move|p1a: Sandslash|Earthquake|p2a: Hydrapple\n|-resisted|p2a: Hydrapple\n|-damage|p2a: Hydrapple|204/312\n|\n|-weather|none\n|upkeep\n|turn|8\n|\n|t:|1733780936\n|move|p1a: Sandslash|Stone Edge|p2a: Hydrapple\n|-damage|p2a: Hydrapple|69/312\n|move|p2a: Hydrapple|Giga Drain|p1a: Sandslash\n|-supereffective|p1a: Sandslash\n|-damage|p1a: Sandslash|0 fnt\n|-heal|p2a: Hydrapple|133/312|[from] drain|[of] p1a: Sandslash\n|faint|p1a: Sandslash\n|\n|upkeep\n|\n|t:|1733780940\n|switch|p1a: Skuntank|Skuntank, L84, F|120/310\n|turn|9\n|\n|t:|1733780943\n|switch|p2a: Tyranitar|Tyranitar, L79, M|288/288\n|-weather|Sandstorm|[from] ability: Sand Stream|[of] p2a: Tyranitar\n|move|p1a: Skuntank|Gunk Shot|p2a: Tyranitar\n|-resisted|p2a: Tyranitar\n|-damage|p2a: Tyranitar|214/288\n|-status|p2a: Tyranitar|psn\n|-damage|p1a: Skuntank|89/310|[from] item: Life Orb\n|\n|-weather|Sandstorm|[upkeep]\n|-damage|p1a: Skuntank|70/310|[from] Sandstorm\n|-heal|p2a: Tyranitar|232/288 psn|[from] item: Leftovers\n|-damage|p2a: Tyranitar|196/288 psn|[from] psn\n|upkeep\n|turn|10\n|\n|t:|1733780952\n|move|p1a: Skuntank|Taunt|p2a: Tyranitar\n|-start|p2a: Tyranitar|move: Taunt\n|move|p2a: Tyranitar|Earthquake|p1a: Skuntank\n|-supereffective|p1a: Skuntank\n|-damage|p1a: Skuntank|0 fnt\n|faint|p1a: Skuntank\n|\n|-weather|Sandstorm|[upkeep]\n|-heal|p2a: Tyranitar|214/288 psn|[from] item: Leftovers\n|-damage|p2a: Tyranitar|178/288 psn|[from] psn\n|upkeep\n|\n|t:|1733780957\n|switch|p1a: Lurantis|Lurantis, L87, M|225/264\n|turn|11\n|\n|t:|1733780960\n|move|p2a: Tyranitar|Knock Off|p1a: Lurantis\n|-damage|p1a: Lurantis|104/264\n|-enditem|p1a: Lurantis|Assault Vest|[from] move: Knock Off|[of] p2a: Tyranitar\n|move|p1a: Lurantis|Superpower|p2a: Tyranitar\n|-supereffective|p2a: Tyranitar\n|-damage|p2a: Tyranitar|0 fnt\n|-boost|p1a: Lurantis|atk|1\n|-boost|p1a: Lurantis|def|1\n|faint|p2a: Tyranitar\n|\n|-weather|Sandstorm|[upkeep]\n|-damage|p1a: Lurantis|88/264|[from] Sandstorm\n|upkeep\n|\n|t:|1733780967\n|switch|p2a: Iron Bundle|Iron Bundle, L77|213/213\n|turn|12\n|\n|t:|1733780973\n|-terastallize|p1a: Lurantis|Water\n|move|p2a: Iron Bundle|Ice Beam|p1a: Lurantis\n|-resisted|p1a: Lurantis\n|-damage|p1a: Lurantis|46/264\n|move|p1a: Lurantis|Leech Life|p2a: Iron Bundle\n|-damage|p2a: Iron Bundle|126/213\n|-heal|p1a: Lurantis|90/264|[from] drain|[of] p2a: Iron Bundle\n|\n|-weather|Sandstorm|[upkeep]\n|-damage|p2a: Iron Bundle|113/213|[from] Sandstorm\n|-damage|p1a: Lurantis|74/264|[from] Sandstorm\n|upkeep\n|turn|13\n|\n|t:|1733780976\n|move|p2a: Iron Bundle|Freeze-Dry|p1a: Lurantis\n|-supereffective|p1a: Lurantis\n|-damage|p1a: Lurantis|0 fnt\n|faint|p1a: Lurantis\n|\n|-weather|none\n|upkeep\n|\n|t:|1733780981\n|switch|p1a: Snorlax|Snorlax, L82, F|397/397\n|turn|14\n|\n|t:|1733780987\n|-end|p2a: Iron Bundle|Quark Drive|[silent]\n|switch|p2a: Spectrier|Spectrier, L75|274/274\n|move|p1a: Snorlax|Body Slam|p2a: Spectrier\n|-immune|p2a: Spectrier\n|\n|upkeep\n|turn|15\n|\n|t:|1733780993\n|switch|p1a: Dudunsparce|Dudunsparce, L83, M|343/343\n|move|p2a: Spectrier|Will-O-Wisp|p1a: Dudunsparce\n|-status|p1a: Dudunsparce|brn\n|\n|-damage|p1a: Dudunsparce|322/343 brn|[from] brn\n|upkeep\n|turn|16\n|\n|t:|1733781000\n|switch|p2a: Tatsugiri|Tatsugiri-Droopy, L87, F|260/260\n|move|p1a: Dudunsparce|Calm Mind|p1a: Dudunsparce\n|-boost|p1a: Dudunsparce|spa|1\n|-boost|p1a: Dudunsparce|spd|1\n|\n|-heal|p1a: Dudunsparce|343/343 brn|[from] item: Leftovers\n|-damage|p1a: Dudunsparce|322/343 brn|[from] brn\n|upkeep\n|turn|17\n|\n|t:|1733781004\n|move|p2a: Tatsugiri|Nasty Plot|p2a: Tatsugiri\n|-boost|p2a: Tatsugiri|spa|2\n|move|p1a: Dudunsparce|Calm Mind|p1a: Dudunsparce\n|-boost|p1a: Dudunsparce|spa|1\n|-boost|p1a: Dudunsparce|spd|1\n|\n|-heal|p1a: Dudunsparce|343/343 brn|[from] item: Leftovers\n|-damage|p1a: Dudunsparce|322/343 brn|[from] brn\n|upkeep\n|turn|18\n|\n|t:|1733781008\n|move|p2a: Tatsugiri|Draco Meteor|p1a: Dudunsparce|[miss]\n|-miss|p2a: Tatsugiri|p1a: Dudunsparce\n|move|p1a: Dudunsparce|Calm Mind|p1a: Dudunsparce\n|-boost|p1a: Dudunsparce|spa|1\n|-boost|p1a: Dudunsparce|spd|1\n|\n|-heal|p1a: Dudunsparce|343/343 brn|[from] item: Leftovers\n|-damage|p1a: Dudunsparce|322/343 brn|[from] brn\n|upkeep\n|turn|19\n|\n|t:|1733781014\n|move|p2a: Tatsugiri|Draco Meteor|p1a: Dudunsparce\n|-damage|p1a: Dudunsparce|163/343 brn\n|-unboost|p2a: Tatsugiri|spa|2\n|move|p1a: Dudunsparce|Roost|p1a: Dudunsparce\n|-heal|p1a: Dudunsparce|335/343 brn\n|-singleturn|p1a: Dudunsparce|move: Roost\n|\n|-heal|p1a: Dudunsparce|343/343 brn|[from] item: Leftovers\n|-damage|p1a: Dudunsparce|322/343 brn|[from] brn\n|upkeep\n|turn|20\n|\n|t:|1733781018\n|move|p2a: Tatsugiri|Draco Meteor|p1a: Dudunsparce\n|-damage|p1a: Dudunsparce|240/343 brn\n|-unboost|p2a: Tatsugiri|spa|2\n|move|p1a: Dudunsparce|Calm Mind|p1a: Dudunsparce\n|-boost|p1a: Dudunsparce|spa|1\n|-boost|p1a: Dudunsparce|spd|1\n|\n|-heal|p1a: Dudunsparce|261/343 brn|[from] item: Leftovers\n|-damage|p1a: Dudunsparce|240/343 brn|[from] brn\n|upkeep\n|turn|21\n|\n|t:|1733781028\n|switch|p2a: Regice|Regice, L88|284/284\n|move|p1a: Dudunsparce|Roost|p1a: Dudunsparce\n|-heal|p1a: Dudunsparce|343/343 brn\n|-singleturn|p1a: Dudunsparce|move: Roost\n|\n|-damage|p1a: Dudunsparce|322/343 brn|[from] brn\n|upkeep\n|turn|22\n|\n|t:|1733781031\n|move|p1a: Dudunsparce|Calm Mind|p1a: Dudunsparce\n|-boost|p1a: Dudunsparce|spa|1\n|-boost|p1a: Dudunsparce|spd|1\n|move|p2a: Regice|Body Press|p1a: Dudunsparce\n|-supereffective|p1a: Dudunsparce\n|-damage|p1a: Dudunsparce|178/343 brn\n|\n|-heal|p1a: Dudunsparce|199/343 brn|[from] item: Leftovers\n|-damage|p1a: Dudunsparce|178/343 brn|[from] brn\n|upkeep\n|turn|23\n|\n|t:|1733781037\n|move|p1a: Dudunsparce|Roost|p1a: Dudunsparce\n|-heal|p1a: Dudunsparce|343/343 brn\n|-singleturn|p1a: Dudunsparce|move: Roost\n|move|p2a: Regice|Body Press|p1a: Dudunsparce\n|-supereffective|p1a: Dudunsparce\n|-damage|p1a: Dudunsparce|213/343 brn\n|\n|-heal|p1a: Dudunsparce|234/343 brn|[from] item: Leftovers\n|-damage|p1a: Dudunsparce|213/343 brn|[from] brn\n|upkeep\n|turn|24\n|\n|t:|1733781039\n|move|p1a: Dudunsparce|Boomburst|p2a: Regice\n|-damage|p2a: Regice|47/284\n|move|p2a: Regice|Body Press|p1a: Dudunsparce\n|-supereffective|p1a: Dudunsparce\n|-damage|p1a: Dudunsparce|69/343 brn\n|\n|-heal|p1a: Dudunsparce|90/343 brn|[from] item: Leftovers\n|-damage|p1a: Dudunsparce|69/343 brn|[from] brn\n|upkeep\n|turn|25\n|\n|t:|1733781044\n|move|p1a: Dudunsparce|Roost|p1a: Dudunsparce\n|-heal|p1a: Dudunsparce|241/343 brn\n|-singleturn|p1a: Dudunsparce|move: Roost\n|move|p2a: Regice|Body Press|p1a: Dudunsparce\n|-supereffective|p1a: Dudunsparce\n|-damage|p1a: Dudunsparce|89/343 brn\n|\n|-heal|p1a: Dudunsparce|110/343 brn|[from] item: Leftovers\n|-damage|p1a: Dudunsparce|89/343 brn|[from] brn\n|upkeep\n|turn|26\n|\n|t:|1733781048\n|move|p1a: Dudunsparce|Roost|p1a: Dudunsparce\n|-heal|p1a: Dudunsparce|261/343 brn\n|-singleturn|p1a: Dudunsparce|move: Roost\n|move|p2a: Regice|Body Press|p1a: Dudunsparce\n|-supereffective|p1a: Dudunsparce\n|-damage|p1a: Dudunsparce|129/343 brn\n|\n|-heal|p1a: Dudunsparce|150/343 brn|[from] item: Leftovers\n|-damage|p1a: Dudunsparce|129/343 brn|[from] brn\n|upkeep\n|turn|27\n|\n|t:|1733781052\n|move|p1a: Dudunsparce|Boomburst|p2a: Regice\n|-damage|p2a: Regice|0 fnt\n|faint|p2a: Regice\n|\n|-heal|p1a: Dudunsparce|150/343 brn|[from] item: Leftovers\n|-damage|p1a: Dudunsparce|129/343 brn|[from] brn\n|upkeep\n|\n|t:|1733781060\n|switch|p2a: Iron Bundle|Iron Bundle, L77|113/213\n|turn|28\n|\n|t:|1733781062\n|move|p2a: Iron Bundle|Encore|p1a: Dudunsparce\n|-start|p1a: Dudunsparce|Encore\n|move|p1a: Dudunsparce|Boomburst|p2a: Iron Bundle\n|-damage|p2a: Iron Bundle|0 fnt\n|faint|p2a: Iron Bundle\n|-end|p2a: Iron Bundle|Quark Drive|[silent]\n|\n|-heal|p1a: Dudunsparce|150/343 brn|[from] item: Leftovers\n|-damage|p1a: Dudunsparce|129/343 brn|[from] brn\n|upkeep\n|\n|t:|1733781064\n|switch|p2a: Spectrier|Spectrier, L75|274/274\n|turn|29\n|\n|t:|1733781068\n|move|p2a: Spectrier|Dark Pulse|p1a: Dudunsparce\n|-damage|p1a: Dudunsparce|99/343 brn\n|-ability|p1a: Dudunsparce|Rattled|boost\n|-boost|p1a: Dudunsparce|spe|1\n|-damage|p2a: Spectrier|247/274|[from] item: Life Orb\n|cant|p1a: Dudunsparce|flinch\n|\n|-heal|p1a: Dudunsparce|120/343 brn|[from] item: Leftovers\n|-damage|p1a: Dudunsparce|99/343 brn|[from] brn\n|upkeep\n|turn|30\n|\n|t:|1733781071\n|move|p2a: Spectrier|Dark Pulse|p1a: Dudunsparce\n|-damage|p1a: Dudunsparce|70/343 brn\n|-ability|p1a: Dudunsparce|Rattled|boost\n|-boost|p1a: Dudunsparce|spe|1\n|-damage|p2a: Spectrier|220/274|[from] item: Life Orb\n|cant|p1a: Dudunsparce|flinch\n|\n|-heal|p1a: Dudunsparce|91/343 brn|[from] item: Leftovers\n|-damage|p1a: Dudunsparce|70/343 brn|[from] brn\n|-end|p1a: Dudunsparce|Encore\n|upkeep\n|turn|31\n|\n|t:|1733781076\n|-terastallize|p2a: Spectrier|Dark\n|move|p1a: Dudunsparce|Roost|p1a: Dudunsparce\n|-heal|p1a: Dudunsparce|242/343 brn\n|-singleturn|p1a: Dudunsparce|move: Roost\n|move|p2a: Spectrier|Dark Pulse|p1a: Dudunsparce\n|-damage|p1a: Dudunsparce|199/343 brn\n|-ability|p1a: Dudunsparce|Rattled|boost\n|-boost|p1a: Dudunsparce|spe|1\n|-damage|p2a: Spectrier|193/274|[from] item: Life Orb\n|\n|-heal|p1a: Dudunsparce|220/343 brn|[from] item: Leftovers\n|-damage|p1a: Dudunsparce|199/343 brn|[from] brn\n|upkeep\n|turn|32\n|-message|allhailweegee forfeited.\n|\n|win|code red ccxx\n|l|\u2606allhailweegee\n|player|p2|\n", "inputlog": ">version bfd83cad13791eb5a5a409923076391caf6fb4d4\n>start {\"formatid\":\"gen9randombattle\",\"seed\":[42231,19560,10436,48140]}\n>player p1 {\"name\":\"code red ccxx\",\"avatar\":\"guzma\",\"rating\":0,\"seed\":[33976,59108,41878,47159]}\n>player p2 {\"name\":\"allhailweegee\",\"avatar\":\"shauntal\",\"rating\":0,\"seed\":[45338,55982,39753,3756]}\n>p1 move superpower\n>p2 move dragontail\n>p1 switch 4\n>p2 move ficklebeam\n>p1 move gunkshot\n>p2 switch 3\n>p1 move taunt\n>p2 move dragondance\n>p1 switch 5\n>p2 move earthquake\n>p1 move swordsdance\n>p2 move knockoff\n>p1 move earthquake\n>p2 switch 3\n>p1 move stoneedge\n>p2 move gigadrain\n>p1 switch 5\n>p1 move gunkshot\n>p2 switch 3\n>p1 move taunt\n>p2 move earthquake\n>p1 switch 3\n>p1 move superpower\n>p2 move knockoff\n>p2 switch 4\n>p1 move leechlife terastallize\n>p2 move icebeam\n>p1 move leechlife\n>p2 move freezedry\n>p1 switch 2\n>p1 move bodyslam\n>p2 switch 5\n>p1 switch 4\n>p2 move willowisp\n>p1 move calmmind\n>p2 switch 2\n>p1 move calmmind\n>p2 move nastyplot\n>p1 move calmmind\n>p2 move dracometeor\n>p1 move roost\n>p2 move dracometeor\n>p1 move calmmind\n>p2 move dracometeor\n>p1 move roost\n>p2 switch 6\n>p1 move calmmind\n>p2 move bodypress\n>p1 move roost\n>p2 move bodypress\n>p1 move boomburst\n>p2 move bodypress\n>p1 move roost\n>p2 move bodypress\n>p1 move roost\n>p2 move bodypress\n>p1 move boomburst\n>p2 move bodypress\n>p2 switch 5\n>p1 move roost\n>p2 move encore\n>p2 switch 2\n>p1 move boomburst\n>p2 move darkpulse\n>p1 move boomburst\n>p2 move darkpulse\n>p1 move roost\n>p2 move darkpulse terastallize\n>forcelose p2", "uploadtime": 1733781095, "views": 2, "formatid": "gen9randombattle", "rating": null, "private": 0, "password": null}