{"id": "gen9randombattle-2260634502", "format": "[Gen 9] Random Battle", "players": ["Jdjjjgjg", "DFGHJDFG"], "log": "|j|\u2606Jdjjjgjg\n|j|\u2606DFGHJDFG\n|t:|1733871856\n|gametype|singles\n|player|p1|Jdjjjgjg|102|1000\n|player|p2|DFGHJDFG|170|1000\n|teamsize|p1|6\n|teamsize|p2|6\n|gen|9\n|tier|[Gen 9] Random Battle\n|rated|\n|rule|Species Clause: Limit one of each Pok\u00e9mon\n|rule|HP Percentage Mod: HP is shown in percentages\n|rule|Sleep Clause Mod: Limit one foe put to sleep\n|rule|Illusion Level Mod: Illusion disguises the Pok\u00e9mon's true level\n|\n|t:|1733871856\n|start\n|switch|p1a: Weavile|Weavile, L79, M|239/239\n|switch|p2a: Farigiraf|Farigiraf, L91, M|366/366\n|turn|1\n|\n|t:|1733871870\n|move|p1a: Weavile|Knock Off|p2a: Farigiraf\n|-supereffective|p2a: Farigiraf\n|-damage|p2a: Farigiraf|0 fnt\n|-enditem|p2a: Farigiraf|Leftovers|[from] move: Knock Off|[of] p1a: Weavile\n|faint|p2a: Farigiraf\n|\n|upkeep\n|\n|t:|1733871875\n|switch|p2a: Hippowdon|Hippowdon, L82, M|311/311\n|-weather|Sandstorm|[from] ability: Sand Stream|[of] p2a: Hippowdon\n|turn|2\n|\n|t:|1733871882\n|switch|p1a: Amoonguss|Amoonguss, L82, M|321/321\n|move|p2a: Hippowdon|Stone Edge|p1a: Amoonguss\n|-damage|p1a: Amoonguss|228/321\n|\n|-weather|Sandstorm|[upkeep]\n|-damage|p1a: Amoonguss|208/321|[from] Sandstorm\n|-heal|p1a: Amoonguss|228/321|[from] item: Leftovers\n|upkeep\n|turn|3\n|\n|t:|1733871895\n|move|p2a: Hippowdon|Curse|p2a: Hippowdon\n|-unboost|p2a: Hippowdon|spe|1\n|-boost|p2a: Hippowdon|atk|1\n|-boost|p2a: Hippowdon|def|1\n|move|p1a: Amoonguss|Toxic|p2a: Hippowdon\n|-status|p2a: Hippowdon|tox\n|\n|-weather|Sandstorm|[upkeep]\n|-damage|p1a: Amoonguss|208/321|[from] Sandstorm\n|-heal|p1a: Amoonguss|228/321|[from] item: Leftovers\n|-damage|p2a: Hippowdon|292/311 tox|[from] psn\n|upkeep\n|turn|4\n|\n|t:|1733871907\n|move|p1a: Amoonguss|Giga Drain|p2a: Hippowdon\n|-supereffective|p2a: Hippowdon\n|-damage|p2a: Hippowdon|124/311 tox\n|-heal|p1a: Amoonguss|312/321|[from] drain|[of] p2a: Hippowdon\n|move|p2a: Hippowdon|Earthquake|p1a: Amoonguss\n|-damage|p1a: Amoonguss|105/321\n|\n|-weather|Sandstorm|[upkeep]\n|-damage|p1a: Amoonguss|85/321|[from] Sandstorm\n|-heal|p1a: Amoonguss|105/321|[from] item: Leftovers\n|-heal|p2a: Hippowdon|143/311 tox|[from] item: Leftovers\n|-damage|p2a: Hippowdon|105/311 tox|[from] psn\n|upkeep\n|turn|5\n|\n|t:|1733871923\n|move|p1a: Amoonguss|Giga Drain|p2a: Hippowdon\n|-supereffective|p2a: Hippowdon\n|-damage|p2a: Hippowdon|0 fnt\n|-heal|p1a: Amoonguss|158/321|[from] drain|[of] p2a: Hippowdon\n|faint|p2a: Hippowdon\n|\n|-weather|Sandstorm|[upkeep]\n|-damage|p1a: Amoonguss|138/321|[from] Sandstorm\n|-heal|p1a: Amoonguss|158/321|[from] item: Leftovers\n|upkeep\n|\n|t:|1733871934\n|switch|p2a: Ribombee|Ribombee, L82, F|233/233\n|turn|6\n|\n|t:|1733871938\n|move|p2a: Ribombee|Moonblast|p1a: Amoonguss\n|-resisted|p1a: Amoonguss\n|-damage|p1a: Amoonguss|107/321\n|move|p1a: Amoonguss|Spore|p2a: Ribombee\n|-status|p2a: Ribombee|slp|[from] move: Spore\n|\n|-weather|none\n|-heal|p1a: Amoonguss|127/321|[from] item: Leftovers\n|upkeep\n|turn|7\n|-message|DFGHJDFG forfeited.\n|\n|win|Jdjjjgjg\n|raw|Jdjjjgjg's rating: 1045 &rarr; <strong>1074</strong><br />(+29 for winning)\n|raw|DFGHJDFG's rating: 1000 &rarr; <strong>1000</strong><br />(+0 for losing)\n|l|\u2606DFGHJDFG\n|player|p2|\n", "inputlog": ">version bfd83cad13791eb5a5a409923076391caf6fb4d4\n>start {\"formatid\":\"gen9randombattle\",\"seed\":[43128,14797,15054,13049],\"rated\":\"Rated battle\"}\n>player p1 {\"name\":\"Jdjjjgjg\",\"avatar\":\"102\",\"rating\":1000,\"seed\":[27609,36121,2499,49972]}\n>player p2 {\"name\":\"DFGHJDFG\",\"avatar\":\"170\",\"rating\":1000,\"seed\":[60516,14325,64712,25328]}\n>p1 move knockoff\n>p2 move bodyslam\n>p2 switch 2\n>p1 switch 6\n>p2 move stoneedge\n>p1 move toxic\n>p2 move curse\n>p1 move gigadrain\n>p2 move earthquake\n>p1 move gigadrain\n>p2 move earthquake\n>p2 switch 3\n>p1 move spore\n>p2 move moonblast\n>forcelose p2", "uploadtime": 1733871965, "views": 1, "formatid": "gen9randombattle", "rating": 1000, "private": 0, "password": null}