{"id": "gen9randombattle-2132475240", "format": "[Gen 9] Random Battle", "players": ["Miss Galaxy Note 7", "Emily in Paris"], "log": "|badge|p2|bronze|gen9randombattle|100-1\n|html|<div class=\"broadcast-red\"><strong>This battle is required to be public due to one or more player having a season medal.</strong><br />During the public phase, you can discuss the state of the ladder <a href=\"/seasondiscussion\">in a special chatroom.</a></div>\n|uhtml|medal-msg|<div class=\"broadcast-blue\">Curious what those medals under the avatar are? PS now has Ladder Seasons! For more information, check out the <a href=\"https://www.smogon.com/forums/threads/3740067/\">thread on Smogon.</a></div>\n|j|\u2606Miss Galaxy Note 7\n|j|\u2606Emily in Paris\n|t:|1716936780\n|gametype|singles\n|player|p1|Miss Galaxy Note 7|caitlin|2248\n|player|p2|Emily in Paris|yancy|2409\n|teamsize|p1|6\n|teamsize|p2|6\n|gen|9\n|tier|[Gen 9] Random Battle\n|rated|\n|rule|Species Clause: Limit one of each Pok\u00e9mon\n|rule|HP Percentage Mod: HP is shown in percentages\n|rule|Sleep Clause Mod: Limit one foe put to sleep\n|rule|Illusion Level Mod: Illusion disguises the Pok\u00e9mon's true level\n|\n|t:|1716936780\n|start\n|switch|p1a: Tentacruel|Tentacruel, L84, F|272/272\n|switch|p2a: Komala|Komala, L89, M|260/260\n|-ability|p2a: Komala|Comatose\n|turn|1\n|inactive|Battle timer is ON: inactive players will automatically lose when time's up. (requested by Emily in Paris)\n|j| Popkid20\n|\n|t:|1716936820\n|move|p1a: Tentacruel|Sludge Bomb|p2a: Komala\n|-damage|p2a: Komala|181/260\n|move|p2a: Komala|Knock Off|p1a: Tentacruel\n|-damage|p1a: Tentacruel|100/272\n|-enditem|p1a: Tentacruel|Leftovers|[from] move: Knock Off|[of] p2a: Komala\n|\n|upkeep\n|turn|2\n|\n|t:|1716936839\n|move|p1a: Tentacruel|Sludge Bomb|p2a: Komala\n|-damage|p2a: Komala|114/260\n|move|p2a: Komala|Knock Off|p1a: Tentacruel\n|-damage|p1a: Tentacruel|0 fnt\n|faint|p1a: Tentacruel\n|\n|upkeep\n|\n|t:|1716936847\n|switch|p1a: Sylveon|Sylveon, L85, M|300/300\n|turn|3\n|j| cowboyoctopus\n|l| cowboyoctopus\n|\n|t:|1716936862\n|switch|p2a: Plusle|Plusle, L95, M|268/268\n|move|p1a: Sylveon|Calm Mind|p1a: Sylveon\n|-boost|p1a: Sylveon|spa|1\n|-boost|p1a: Sylveon|spd|1\n|\n|upkeep\n|turn|4\n|\n|t:|1716936868\n|move|p2a: Plusle|Nasty Plot|p2a: Plusle\n|-boost|p2a: Plusle|spa|2\n|move|p1a: Sylveon|Hyper Voice|p2a: Plusle\n|-damage|p2a: Plusle|79/268\n|\n|upkeep\n|turn|5\n|\n|t:|1716936882\n|move|p2a: Plusle|Thunderbolt|p1a: Sylveon\n|-damage|p1a: Sylveon|158/300\n|-damage|p2a: Plusle|53/268|[from] item: Life Orb\n|move|p1a: Sylveon|Wish|p1a: Sylveon\n|\n|-heal|p1a: Sylveon|176/300|[from] item: Leftovers\n|upkeep\n|turn|6\n|\n|t:|1716936891\n|move|p2a: Plusle|Thunderbolt|p1a: Sylveon\n|-damage|p1a: Sylveon|46/300\n|-damage|p2a: Plusle|27/268|[from] item: Life Orb\n|move|p1a: Sylveon|Hyper Voice|p2a: Plusle\n|-damage|p2a: Plusle|0 fnt\n|faint|p2a: Plusle\n|\n|-heal|p1a: Sylveon|196/300|[from] move: Wish|[wisher] Sylveon\n|-heal|p1a: Sylveon|214/300|[from] item: Leftovers\n|upkeep\n|\n|t:|1716936895\n|switch|p2a: Komala|Komala, L89, M|114/260\n|-ability|p2a: Komala|Comatose\n|turn|7\n|\n|t:|1716936897\n|move|p1a: Sylveon|Protect|p1a: Sylveon\n|-singleturn|p1a: Sylveon|Protect\n|move|p2a: Komala|Double-Edge|p1a: Sylveon\n|-activate|p1a: Sylveon|move: Protect\n|\n|-heal|p1a: Sylveon|232/300|[from] item: Leftovers\n|upkeep\n|turn|8\n|\n|t:|1716936909\n|-terastallize|p1a: Sylveon|Steel\n|move|p2a: Komala|Double-Edge|p1a: Sylveon\n|-resisted|p1a: Sylveon\n|-damage|p1a: Sylveon|88/300\n|-damage|p2a: Komala|66/260|[from] Recoil\n|move|p1a: Sylveon|Hyper Voice|p2a: Komala\n|-crit|p2a: Komala\n|-damage|p2a: Komala|0 fnt\n|faint|p2a: Komala\n|\n|-heal|p1a: Sylveon|106/300|[from] item: Leftovers\n|upkeep\n|\n|t:|1716936927\n|switch|p2a: Chien-Pao|Chien-Pao, L72|234/234\n|-ability|p2a: Chien-Pao|Sword of Ruin\n|turn|9\n|\n|t:|1716936945\n|switch|p1a: Zacian|Zacian, L69|241/241\n|-ability|p1a: Zacian|Intrepid Sword|boost\n|-boost|p1a: Zacian|atk|1\n|move|p2a: Chien-Pao|Throat Chop|p1a: Zacian\n|-resisted|p1a: Zacian\n|-damage|p1a: Zacian|164/241\n|-start|p1a: Zacian|Throat Chop|[silent]\n|\n|upkeep\n|turn|10\n|\n|t:|1716936955\n|switch|p2a: Yanmega|Yanmega, L82, F|275/275\n|move|p1a: Zacian|Play Rough|p2a: Yanmega\n|-crit|p2a: Yanmega\n|-damage|p2a: Yanmega|22/275\n|\n|-end|p1a: Zacian|Throat Chop|[silent]\n|upkeep\n|turn|11\n|\n|t:|1716936963\n|move|p1a: Zacian|Play Rough|p2a: Yanmega\n|-damage|p2a: Yanmega|0 fnt\n|faint|p2a: Yanmega\n|\n|upkeep\n|\n|t:|1716936975\n|switch|p2a: Porygon-Z|Porygon-Z, L83|277/277\n|-ability|p2a: Porygon-Z|Download|boost\n|-boost|p2a: Porygon-Z|spa|1\n|turn|12\n|\n|t:|1716936987\n|move|p1a: Zacian|Play Rough|p2a: Porygon-Z\n|-damage|p2a: Porygon-Z|58/277\n|move|p2a: Porygon-Z|Tera Blast|p1a: Zacian\n|-damage|p1a: Zacian|0 fnt\n|faint|p1a: Zacian\n|-damage|p2a: Porygon-Z|31/277|[from] item: Life Orb\n|\n|upkeep\n|\n|t:|1716936992\n|switch|p1a: Raikou|Raikou, L81|278/278\n|-ability|p1a: Raikou|Pressure\n|turn|13\n|\n|t:|1716937007\n|move|p1a: Raikou|Scald|p2a: Porygon-Z\n|-damage|p2a: Porygon-Z|0 fnt\n|faint|p2a: Porygon-Z\n|\n|upkeep\n|\n|t:|1716937015\n|switch|p2a: Chien-Pao|Chien-Pao, L72|234/234\n|-ability|p2a: Chien-Pao|Sword of Ruin\n|turn|14\n|j| nelsoNJ\n|\n|t:|1716937025\n|move|p2a: Chien-Pao|Throat Chop|p1a: Raikou\n|-damage|p1a: Raikou|107/278\n|-start|p1a: Raikou|Throat Chop|[silent]\n|move|p1a: Raikou|Thunderbolt|p2a: Chien-Pao\n|-damage|p2a: Chien-Pao|92/234\n|-status|p2a: Chien-Pao|par\n|\n|-heal|p1a: Raikou|124/278|[from] item: Leftovers\n|upkeep\n|turn|15\n|\n|t:|1716937030\n|move|p1a: Raikou|Thunderbolt|p2a: Chien-Pao\n|-damage|p2a: Chien-Pao|0 fnt\n|faint|p2a: Chien-Pao\n|\n|-heal|p1a: Raikou|141/278|[from] item: Leftovers\n|-end|p1a: Raikou|Throat Chop|[silent]\n|upkeep\n|\n|t:|1716937031\n|switch|p2a: Koraidon|Koraidon, L64|235/235\n|-weather|SunnyDay|[from] ability: Orichalcum Pulse|[of] p2a: Koraidon\n|-activate|p2a: Koraidon|Orichalcum Pulse|[source]\n|turn|16\n|\n|t:|1716937045\n|move|p1a: Raikou|Thunderbolt|p2a: Koraidon\n|-resisted|p2a: Koraidon\n|-damage|p2a: Koraidon|178/235\n|move|p2a: Koraidon|Swords Dance|p2a: Koraidon\n|-boost|p2a: Koraidon|atk|2\n|\n|-weather|SunnyDay|[upkeep]\n|-heal|p1a: Raikou|158/278|[from] item: Leftovers\n|upkeep\n|turn|17\n|\n|t:|1716937057\n|move|p1a: Raikou|Thunderbolt|p2a: Koraidon\n|-resisted|p2a: Koraidon\n|-damage|p2a: Koraidon|113/235\n|move|p2a: Koraidon|Scale Shot|p1a: Raikou\n|-damage|p1a: Raikou|91/278\n|-damage|p1a: Raikou|22/278\n|-damage|p1a: Raikou|0 fnt\n|faint|p1a: Raikou\n|-hitcount|p1: Raikou|3\n|-unboost|p2a: Koraidon|def|1\n|-boost|p2a: Koraidon|spe|1\n|\n|-weather|SunnyDay|[upkeep]\n|upkeep\n|\n|t:|1716937068\n|switch|p1a: Sylveon|Sylveon, L85, M, tera:Steel|106/300\n|turn|18\n|\n|t:|1716937074\n|move|p2a: Koraidon|Collision Course|p1a: Sylveon\n|-supereffective|p1a: Sylveon\n|-damage|p1a: Sylveon|0 fnt\n|faint|p1a: Sylveon\n|\n|-weather|SunnyDay|[upkeep]\n|upkeep\n|\n|t:|1716937076\n|switch|p1a: Mabosstiff|Mabosstiff, L86, F|278/278\n|turn|19\n|\n|t:|1716937085\n|move|p2a: Koraidon|Collision Course|p1a: Mabosstiff\n|-supereffective|p1a: Mabosstiff\n|-damage|p1a: Mabosstiff|0 fnt\n|faint|p1a: Mabosstiff\n|\n|-weather|SunnyDay|[upkeep]\n|upkeep\n|\n|t:|1716937086\n|switch|p1a: Vigoroth|Vigoroth, L85, M|275/275\n|turn|20\n|\n|t:|1716937107\n|move|p2a: Koraidon|Collision Course|p1a: Vigoroth\n|-supereffective|p1a: Vigoroth\n|-damage|p1a: Vigoroth|0 fnt\n|faint|p1a: Vigoroth\n|\n|win|Emily in Paris\n|raw|Miss Galaxy Note 7's rating: 2248 &rarr; <strong>2237</strong><br />(-11 for losing)\n|raw|Emily in Paris's rating: 2409 &rarr; <strong>2420</strong><br />(+11 for winning)\n|l|\u2606Miss Galaxy Note 7\n|player|p1|\n", "inputlog": ">version 7158ead19aeac8750849df2840eabb6dbec77df6\n>start {\"formatid\":\"gen9randombattle\",\"seed\":[30952,23648,782,20184],\"rated\":\"Rated battle\"}\n>player p1 {\"name\":\"Miss Galaxy Note 7\",\"avatar\":\"caitlin\",\"rating\":2248,\"seed\":[48554,47534,7324,37896]}\n>player p2 {\"name\":\"Emily in Paris\",\"avatar\":\"yancy\",\"rating\":2409,\"seed\":[41447,4124,38381,35816]}\n>p1 move sludgebomb\n>p2 move knockoff\n>p1 move sludgebomb\n>p2 move knockoff\n>p1 switch 6\n>p1 move calmmind\n>p2 switch 6\n>p1 move hypervoice\n>p2 move nastyplot\n>p1 move wish\n>p2 move thunderbolt\n>p1 move hypervoice\n>p2 move thunderbolt\n>p2 switch 6\n>p1 move protect\n>p2 move doubleedge\n>p1 move hypervoice terastallize\n>p2 move doubleedge\n>p2 switch 4\n>p1 switch 4\n>p2 move throatchop\n>p1 move playrough\n>p2 switch 5\n>p1 move playrough\n>p2 move bugbuzz\n>p2 switch 3\n>p1 move playrough\n>p2 move terablast\n>p1 switch 3\n>p1 move scald\n>p2 move terablast\n>p2 switch 5\n>p1 move thunderbolt\n>p2 move throatchop\n>p1 move thunderbolt\n>p2 move throatchop\n>p2 switch 2\n>p1 move thunderbolt\n>p2 move swordsdance\n>p1 move thunderbolt\n>p2 move scaleshot\n>p1 switch 4\n>p1 move hypervoice\n>p2 move collisioncourse\n>p1 switch 2\n>p1 move retaliate\n>p2 move collisioncourse\n>p1 switch 5\n>p1 move bodyslam\n>p2 move collisioncourse", "uploadtime": 1716937149, "views": 220, "formatid": "gen9randombattle", "rating": 2237, "private": 0, "password": null}