{"id": "gen9randombattle-2259906518", "format": "[Gen 9] Random Battle", "players": ["Katapusan", "Joevandy92"], "log": "|j|\u2606Katapusan\n|j|\u2606Joevandy92\n|t:|1733778614\n|gametype|singles\n|player|p1|Katapusan|fisherman-gen4|1380\n|player|p2|Joevandy92|266|1383\n|teamsize|p1|6\n|teamsize|p2|6\n|gen|9\n|tier|[Gen 9] Random Battle\n|rated|\n|rule|Species Clause: Limit one of each Pok\u00e9mon\n|rule|HP Percentage Mod: HP is shown in percentages\n|rule|Sleep Clause Mod: Limit one foe put to sleep\n|rule|Illusion Level Mod: Illusion disguises the Pok\u00e9mon's true level\n|\n|t:|1733778614\n|start\n|switch|p1a: Flutter Mane|Flutter Mane, L74|203/203\n|switch|p2a: Oranguru|Oranguru, L92, F|315/315\n|turn|1\n|inactive|Battle timer is ON: inactive players will automatically lose when time's up. (requested by Joevandy92)\n|inactive|Katapusan also wants the timer to be on.\n|\n|t:|1733778639\n|-end|p1a: Flutter Mane|Protosynthesis|[silent]\n|switch|p1a: Mabosstiff|Mabosstiff, L86, M|278/278\n|move|p2a: Oranguru|Nasty Plot|p2a: Oranguru\n|-boost|p2a: Oranguru|spa|2\n|\n|upkeep\n|turn|2\n|\n|t:|1733778648\n|-terastallize|p2a: Oranguru|Electric\n|move|p1a: Mabosstiff|Crunch|p2a: Oranguru\n|-damage|p2a: Oranguru|218/315\n|move|p2a: Oranguru|Thunderbolt|p1a: Mabosstiff\n|-damage|p1a: Mabosstiff|16/278\n|\n|-heal|p2a: Oranguru|237/315|[from] item: Leftovers\n|upkeep\n|turn|3\n|\n|t:|1733778660\n|switch|p1a: Camerupt|Camerupt, L91, M|275/275\n|move|p2a: Oranguru|Thunderbolt|p1a: Camerupt\n|-immune|p1a: Camerupt\n|\n|-heal|p2a: Oranguru|256/315|[from] item: Leftovers\n|upkeep\n|turn|4\n|\n|t:|1733778675\n|move|p2a: Oranguru|Psyshock|p1a: Camerupt\n|-crit|p1a: Camerupt\n|-damage|p1a: Camerupt|0 fnt\n|faint|p1a: Camerupt\n|\n|-heal|p2a: Oranguru|275/315|[from] item: Leftovers\n|upkeep\n|\n|t:|1733778679\n|switch|p1a: Victreebel|Victreebel, L90, M|290/290\n|turn|5\n|\n|t:|1733778691\n|-terastallize|p1a: Victreebel|Steel\n|move|p1a: Victreebel|Sleep Powder|p2a: Oranguru|[miss]\n|-miss|p1a: Victreebel|p2a: Oranguru\n|move|p2a: Oranguru|Psyshock|p1a: Victreebel\n|-resisted|p1a: Victreebel\n|-damage|p1a: Victreebel|181/290\n|\n|-heal|p2a: Oranguru|294/315|[from] item: Leftovers\n|upkeep\n|turn|6\n|\n|t:|1733778704\n|move|p1a: Victreebel|Sleep Powder|p2a: Oranguru\n|-status|p2a: Oranguru|slp|[from] move: Sleep Powder\n|cant|p2a: Oranguru|slp\n|\n|-heal|p2a: Oranguru|313/315 slp|[from] item: Leftovers\n|upkeep\n|turn|7\n|\n|t:|1733778712\n|move|p1a: Victreebel|Power Whip|p2a: Oranguru\n|-damage|p2a: Oranguru|125/315 slp\n|-damage|p1a: Victreebel|152/290|[from] item: Life Orb\n|cant|p2a: Oranguru|slp\n|\n|-heal|p2a: Oranguru|144/315 slp|[from] item: Leftovers\n|upkeep\n|turn|8\n|\n|t:|1733778726\n|move|p1a: Victreebel|Power Whip|p2a: Oranguru\n|-damage|p2a: Oranguru|0 fnt\n|faint|p2a: Oranguru\n|-damage|p1a: Victreebel|123/290|[from] item: Life Orb\n|\n|upkeep\n|\n|t:|1733778742\n|switch|p2a: Zangoose|Zangoose, L85, M|263/263\n|turn|9\n|\n|t:|1733778758\n|move|p2a: Zangoose|Close Combat|p1a: Victreebel\n|-supereffective|p1a: Victreebel\n|-damage|p1a: Victreebel|0 fnt\n|-unboost|p2a: Zangoose|def|1\n|-unboost|p2a: Zangoose|spd|1\n|faint|p1a: Victreebel\n|\n|-status|p2a: Zangoose|tox|[from] item: Toxic Orb\n|upkeep\n|\n|t:|1733778761\n|switch|p1a: Flutter Mane|Flutter Mane, L74|203/203\n|turn|10\n|\n|t:|1733778773\n|move|p1a: Flutter Mane|Moonblast|p2a: Zangoose\n|-damage|p2a: Zangoose|0 fnt\n|faint|p2a: Zangoose\n|\n|upkeep\n|\n|t:|1733778778\n|switch|p2a: Archaludon|Archaludon, L78, M|268/268\n|turn|11\n|\n|t:|1733778784\n|move|p1a: Flutter Mane|Moonblast|p2a: Archaludon\n|-damage|p2a: Archaludon|46/268\n|-ability|p2a: Archaludon|Stamina|boost\n|-boost|p2a: Archaludon|def|1\n|move|p2a: Archaludon|Swords Dance|p2a: Archaludon\n|-boost|p2a: Archaludon|atk|2\n|\n|upkeep\n|turn|12\n|\n|t:|1733778793\n|move|p1a: Flutter Mane|Moonblast|p2a: Archaludon\n|-damage|p2a: Archaludon|0 fnt\n|faint|p2a: Archaludon\n|\n|upkeep\n|\n|t:|1733778799\n|switch|p2a: Skuntank|Skuntank, L84, F|310/310\n|turn|13\n|\n|t:|1733778817\n|-end|p1a: Flutter Mane|Protosynthesis|[silent]\n|switch|p1a: Regirock|Regirock, L83|268/268\n|move|p2a: Skuntank|Gunk Shot|p1a: Regirock\n|-resisted|p1a: Regirock\n|-damage|p1a: Regirock|224/268\n|-status|p1a: Regirock|psn\n|-damage|p2a: Skuntank|279/310|[from] item: Life Orb\n|\n|-heal|p1a: Regirock|240/268 psn|[from] item: Leftovers\n|-damage|p1a: Regirock|207/268 psn|[from] psn\n|upkeep\n|turn|14\n|\n|t:|1733778834\n|switch|p2a: Passimian|Passimian, L83, M|302/302\n|move|p1a: Regirock|Thunder Wave|p2a: Passimian\n|-status|p2a: Passimian|par\n|\n|-heal|p1a: Regirock|223/268 psn|[from] item: Leftovers\n|-damage|p1a: Regirock|190/268 psn|[from] psn\n|upkeep\n|turn|15\n|\n|t:|1733778845\n|move|p1a: Regirock|Stealth Rock|p2a: Passimian\n|-sidestart|p2: Joevandy92|move: Stealth Rock\n|move|p2a: Passimian|Bulk Up|p2a: Passimian\n|-boost|p2a: Passimian|atk|1\n|-boost|p2a: Passimian|def|1\n|\n|-heal|p1a: Regirock|206/268 psn|[from] item: Leftovers\n|-damage|p1a: Regirock|173/268 psn|[from] psn\n|upkeep\n|turn|16\n|\n|t:|1733778858\n|switch|p1a: Mabosstiff|Mabosstiff, L86, M|16/278\n|cant|p2a: Passimian|par\n|\n|upkeep\n|turn|17\n|\n|t:|1733778868\n|move|p1a: Mabosstiff|Play Rough|p2a: Passimian\n|-supereffective|p2a: Passimian\n|-damage|p2a: Passimian|196/302 par\n|-unboost|p2a: Passimian|atk|1\n|-ability|p2a: Passimian|Defiant|boost\n|-boost|p2a: Passimian|atk|2\n|move|p2a: Passimian|Bulk Up|p2a: Passimian\n|-boost|p2a: Passimian|atk|1\n|-boost|p2a: Passimian|def|1\n|\n|-heal|p2a: Passimian|214/302 par|[from] item: Leftovers\n|upkeep\n|turn|18\n|\n|t:|1733778878\n|move|p1a: Mabosstiff|Play Rough|p2a: Passimian\n|-supereffective|p2a: Passimian\n|-damage|p2a: Passimian|130/302 par\n|move|p2a: Passimian|Drain Punch|p1a: Mabosstiff\n|-supereffective|p1a: Mabosstiff\n|-damage|p1a: Mabosstiff|0 fnt\n|-heal|p2a: Passimian|138/302 par|[from] drain|[of] p1a: Mabosstiff\n|faint|p1a: Mabosstiff\n|\n|-heal|p2a: Passimian|156/302 par|[from] item: Leftovers\n|upkeep\n|\n|t:|1733778885\n|switch|p1a: Flutter Mane|Flutter Mane, L74|203/203\n|turn|19\n|\n|t:|1733778889\n|move|p1a: Flutter Mane|Moonblast|p2a: Passimian\n|-supereffective|p2a: Passimian\n|-damage|p2a: Passimian|0 fnt\n|faint|p2a: Passimian\n|\n|upkeep\n|\n|t:|1733778892\n|switch|p2a: Skuntank|Skuntank, L84, F|279/310\n|-damage|p2a: Skuntank|241/310|[from] Stealth Rock\n|turn|20\n|\n|t:|1733778900\n|-end|p1a: Flutter Mane|Protosynthesis|[silent]\n|switch|p1a: Regirock|Regirock, L83|173/268 psn\n|move|p2a: Skuntank|Knock Off|p1a: Regirock\n|-crit|p1a: Regirock\n|-damage|p1a: Regirock|79/268 psn\n|-enditem|p1a: Regirock|Leftovers|[from] move: Knock Off|[of] p2a: Skuntank\n|-damage|p2a: Skuntank|210/310|[from] item: Life Orb\n|\n|-damage|p1a: Regirock|46/268 psn|[from] psn\n|upkeep\n|turn|21\n|\n|t:|1733778911\n|move|p2a: Skuntank|Toxic Spikes|p1a: Regirock\n|-sidestart|p1: Katapusan|move: Toxic Spikes\n|move|p1a: Regirock|Thunder Wave|p2a: Skuntank\n|-status|p2a: Skuntank|par\n|\n|-damage|p1a: Regirock|13/268 psn|[from] psn\n|upkeep\n|turn|22\n|\n|t:|1733778921\n|move|p1a: Regirock|Body Press|p2a: Skuntank\n|-damage|p2a: Skuntank|86/310 par\n|move|p2a: Skuntank|Toxic Spikes|p1a: Regirock\n|-sidestart|p1: Katapusan|move: Toxic Spikes\n|\n|-damage|p1a: Regirock|0 fnt|[from] psn\n|faint|p1a: Regirock\n|upkeep\n|\n|t:|1733778926\n|switch|p1a: Garganacl|Garganacl, L80, F|291/291\n|turn|23\n|\n|t:|1733778937\n|move|p1a: Garganacl|Iron Defense|p1a: Garganacl\n|-boost|p1a: Garganacl|def|2\n|move|p2a: Skuntank|Knock Off|p1a: Garganacl\n|-damage|p1a: Garganacl|236/291\n|-enditem|p1a: Garganacl|Leftovers|[from] move: Knock Off|[of] p2a: Skuntank\n|-damage|p2a: Skuntank|55/310 par|[from] item: Life Orb\n|\n|upkeep\n|turn|24\n|\n|t:|1733778945\n|move|p1a: Garganacl|Body Press|p2a: Skuntank\n|-crit|p2a: Skuntank\n|-damage|p2a: Skuntank|0 fnt\n|-damage|p1a: Garganacl|164/291|[from] ability: Aftermath|[of] p2a: Skuntank\n|faint|p2a: Skuntank\n|\n|upkeep\n|\n|t:|1733778950\n|switch|p2a: Articuno|Articuno, L86|295/295\n|-ability|p2a: Articuno|Pressure\n|turn|25\n|\n|t:|1733778957\n|move|p2a: Articuno|Haze|p2a: Articuno\n|-clearallboost\n|move|p1a: Garganacl|Recover|p1a: Garganacl\n|-heal|p1a: Garganacl|291/291\n|\n|upkeep\n|turn|26\n|\n|t:|1733778964\n|move|p2a: Articuno|Freeze-Dry|p1a: Garganacl\n|-damage|p1a: Garganacl|215/291\n|move|p1a: Garganacl|Salt Cure|p2a: Articuno\n|-supereffective|p2a: Articuno\n|-damage|p2a: Articuno|151/295\n|-start|p2a: Articuno|Salt Cure\n|\n|-damage|p2a: Articuno|115/295|[from] Salt Cure\n|upkeep\n|turn|27\n|-message|Joevandy92 forfeited.\n|\n|win|Katapusan\n|raw|Katapusan's rating: 1380 &rarr; <strong>1400</strong><br />(+20 for winning)\n|raw|Joevandy92's rating: 1383 &rarr; <strong>1363</strong><br />(-20 for losing)\n|l|\u2606Joevandy92\n|player|p2|\n|c|\u2606Katapusan|Gg\n", "inputlog": ">version bfd83cad13791eb5a5a409923076391caf6fb4d4\n>start {\"formatid\":\"gen9randombattle\",\"seed\":[64991,41034,51855,43708],\"rated\":\"Rated battle\"}\n>player p1 {\"name\":\"Katapusan\",\"avatar\":\"fisherman-gen4\",\"rating\":1380,\"seed\":[24526,58289,13381,51249]}\n>player p2 {\"name\":\"Joevandy92\",\"avatar\":\"266\",\"rating\":1383,\"seed\":[28630,52783,30808,48104]}\n>p1 switch 3\n>p2 move nastyplot\n>p1 move crunch\n>p2 move thunderbolt terastallize\n>p1 switch 6\n>p2 move thunderbolt\n>p1 move roar\n>p2 move psyshock\n>p1 switch 5\n>p1 move sleeppowder terastallize\n>p2 move psyshock\n>p1 move sleeppowder\n>p2 move focusblast\n>p1 move powerwhip\n>p2 move focusblast\n>p1 move powerwhip\n>p2 move focusblast\n>p2 switch 5\n>p1 move sleeppowder\n>p2 move closecombat\n>p1 switch 3\n>p1 move moonblast\n>p2 move knockoff\n>p2 switch 6\n>p1 move moonblast\n>p2 move swordsdance\n>p1 move moonblast\n>p2 move ironhead\n>p2 switch 2\n>p1 switch 4\n>p2 move gunkshot\n>p1 move thunderwave\n>p2 switch 4\n>p1 move stealthrock\n>p2 move bulkup\n>p1 switch 6\n>p2 move bulkup\n>p1 move playrough\n>p2 move bulkup\n>p1 move playrough\n>p2 move drainpunch\n>p1 switch 4\n>p1 move moonblast\n>p2 move gunkshot\n>p2 switch 4\n>p1 switch 6\n>p2 move knockoff\n>p1 move thunderwave\n>p2 move toxicspikes\n>p1 move bodypress\n>p2 move toxicspikes\n>p1 switch 2\n>p1 move irondefense\n>p2 move knockoff\n>p1 move bodypress\n>p2 move gunkshot\n>p2 switch 3\n>p1 move recover\n>p2 move haze\n>p1 move saltcure\n>p2 move freezedry\n>forcelose p2", "uploadtime": 1733778977, "views": 1, "formatid": "gen9randombattle", "rating": 1363, "private": 0, "password": null}