{"id": "gen9randombattle-2259767878", "format": "[Gen 9] Random Battle", "players": ["steelixprismgx", "distant world star"], "log": "|j|\u2606steelixprismgx\n|j|\u2606distant world star\n|t:|1733764775\n|gametype|singles\n|player|p1|steelixprismgx|colress|1750\n|player|p2|distant world star|169|1796\n|teamsize|p1|6\n|teamsize|p2|6\n|gen|9\n|tier|[Gen 9] Random Battle\n|rated|\n|rule|Species Clause: Limit one of each Pok\u00e9mon\n|rule|HP Percentage Mod: HP is shown in percentages\n|rule|Sleep Clause Mod: Limit one foe put to sleep\n|rule|Illusion Level Mod: Illusion disguises the Pok\u00e9mon's true level\n|\n|t:|1733764775\n|start\n|switch|p1a: Weezing|Weezing, L88, F|258/258\n|switch|p2a: Okidogi|Okidogi, L77, M|262/262\n|turn|1\n|inactive|Battle timer is ON: inactive players will automatically lose when time's up. (requested by steelixprismgx)\n|inactive|steelixprismgx has 120 seconds left.\n|\n|t:|1733764815\n|switch|p2a: Oranguru|Oranguru, L92, F|315/315\n|switch|p1a: Dugtrio|Dugtrio, L84, F|196/196\n|\n|upkeep\n|turn|2\n|\n|t:|1733764842\n|switch|p1a: Shiftry|Shiftry, L89, M|305/305\n|move|p2a: Oranguru|Nasty Plot|p2a: Oranguru\n|-boost|p2a: Oranguru|spa|2\n|\n|upkeep\n|turn|3\n|\n|t:|1733764848\n|switch|p2a: Okidogi|Okidogi, L77, M|262/262\n|move|p1a: Shiftry|Knock Off|p2a: Okidogi\n|-resisted|p2a: Okidogi\n|-crit|p2a: Okidogi\n|-damage|p2a: Okidogi|167/262\n|-enditem|p2a: Okidogi|Assault Vest|[from] move: Knock Off|[of] p1a: Shiftry\n|-damage|p1a: Shiftry|275/305|[from] item: Life Orb\n|\n|upkeep\n|turn|4\n|\n|t:|1733764856\n|switch|p1a: Dugtrio|Dugtrio, L84, F|196/196\n|move|p2a: Okidogi|Knock Off|p1a: Dugtrio\n|-damage|p1a: Dugtrio|83/196\n|-status|p1a: Dugtrio|tox|[from] ability: Toxic Chain|[of] p2a: Okidogi\n|-enditem|p1a: Dugtrio|Choice Band|[from] move: Knock Off|[of] p2a: Okidogi\n|\n|-damage|p1a: Dugtrio|71/196 tox|[from] psn\n|upkeep\n|turn|5\n|\n|t:|1733764861\n|move|p1a: Dugtrio|Earthquake|p2a: Okidogi\n|-supereffective|p2a: Okidogi\n|-damage|p2a: Okidogi|0 fnt\n|faint|p2a: Okidogi\n|\n|-damage|p1a: Dugtrio|47/196 tox|[from] psn\n|upkeep\n|\n|t:|1733764868\n|switch|p2a: Basculin|Basculin, L86, F|261/261\n|turn|6\n|\n|t:|1733764872\n|move|p1a: Dugtrio|Earthquake|p2a: Basculin\n|-damage|p2a: Basculin|135/261\n|move|p2a: Basculin|Flip Turn|p1a: Dugtrio\n|-supereffective|p1a: Dugtrio\n|-damage|p1a: Dugtrio|0 fnt\n|faint|p1a: Dugtrio\n|\n|t:|1733764880\n|switch|p2a: Lurantis|Lurantis, L87, M|264/264|[from] Flip Turn\n|\n|upkeep\n|\n|t:|1733764884\n|switch|p1a: Weezing|Weezing, L88, F|258/258\n|turn|7\n|\n|t:|1733764888\n|switch|p2a: Oranguru|Oranguru, L92, F|315/315\n|move|p1a: Weezing|Gunk Shot|p2a: Oranguru\n|-damage|p2a: Oranguru|180/315\n|\n|-heal|p2a: Oranguru|199/315|[from] item: Leftovers\n|upkeep\n|turn|8\n|inactive|steelixprismgx has 120 seconds left.\n|\n|t:|1733764918\n|move|p2a: Oranguru|Focus Blast|p1a: Weezing|[miss]\n|-miss|p2a: Oranguru|p1a: Weezing\n|move|p1a: Weezing|Toxic Spikes|p2a: Oranguru\n|-sidestart|p2: distant world star|move: Toxic Spikes\n|\n|-heal|p2a: Oranguru|218/315|[from] item: Leftovers\n|upkeep\n|turn|9\n|\n|t:|1733764929\n|move|p2a: Oranguru|Focus Blast|p1a: Weezing\n|-resisted|p1a: Weezing\n|-damage|p1a: Weezing|202/258\n|move|p1a: Weezing|Toxic Spikes|p2a: Oranguru\n|-sidestart|p2: distant world star|move: Toxic Spikes\n|\n|-heal|p2a: Oranguru|237/315|[from] item: Leftovers\n|-heal|p1a: Weezing|218/258|[from] item: Leftovers\n|upkeep\n|turn|10\n|\n|t:|1733764934\n|move|p2a: Oranguru|Focus Blast|p1a: Weezing\n|-resisted|p1a: Weezing\n|-damage|p1a: Weezing|166/258\n|-unboost|p1a: Weezing|spd|1\n|move|p1a: Weezing|Gunk Shot|p2a: Oranguru|[miss]\n|-miss|p1a: Weezing|p2a: Oranguru\n|\n|-heal|p2a: Oranguru|256/315|[from] item: Leftovers\n|-heal|p1a: Weezing|182/258|[from] item: Leftovers\n|upkeep\n|turn|11\n|\n|t:|1733764951\n|move|p2a: Oranguru|Psyshock|p1a: Weezing\n|-supereffective|p1a: Weezing\n|-damage|p1a: Weezing|50/258\n|move|p1a: Weezing|Pain Split|p2a: Oranguru\n|-sethp|p2a: Oranguru|153/315|[from] move: Pain Split|[silent]\n|-sethp|p1a: Weezing|153/258|[from] move: Pain Split\n|\n|-heal|p2a: Oranguru|172/315|[from] item: Leftovers\n|-heal|p1a: Weezing|169/258|[from] item: Leftovers\n|upkeep\n|turn|12\n|\n|t:|1733764962\n|move|p2a: Oranguru|Psyshock|p1a: Weezing\n|-supereffective|p1a: Weezing\n|-damage|p1a: Weezing|23/258\n|move|p1a: Weezing|Gunk Shot|p2a: Oranguru\n|-damage|p2a: Oranguru|33/315\n|\n|-heal|p2a: Oranguru|52/315|[from] item: Leftovers\n|-heal|p1a: Weezing|39/258|[from] item: Leftovers\n|upkeep\n|turn|13\n|\n|t:|1733764974\n|switch|p1a: Shiftry|Shiftry, L89, M|275/305\n|move|p2a: Oranguru|Thunderbolt|p1a: Shiftry\n|-resisted|p1a: Shiftry\n|-damage|p1a: Shiftry|233/305\n|\n|-heal|p2a: Oranguru|71/315|[from] item: Leftovers\n|upkeep\n|turn|14\n|\n|t:|1733764980\n|move|p1a: Shiftry|Knock Off|p2a: Oranguru\n|-supereffective|p2a: Oranguru\n|-damage|p2a: Oranguru|0 fnt\n|-enditem|p2a: Oranguru|Leftovers|[from] move: Knock Off|[of] p1a: Shiftry\n|faint|p2a: Oranguru\n|-damage|p1a: Shiftry|203/305|[from] item: Life Orb\n|\n|upkeep\n|\n|t:|1733764985\n|switch|p2a: Toxtricity|Toxtricity, L82, F|257/257\n|-sideend|p2: distant world star|move: Toxic Spikes|[of] p2a: Toxtricity\n|turn|15\n|\n|t:|1733764992\n|switch|p1a: Solgaleo|Solgaleo, L74|325/325\n|switch|p2a: Lurantis|Lurantis, L87, M|264/264\n|\n|upkeep\n|turn|16\n|\n|t:|1733765000\n|switch|p1a: Weezing|Weezing, L88, F|39/258\n|move|p2a: Lurantis|Superpower|p1a: Weezing\n|-resisted|p1a: Weezing\n|-damage|p1a: Weezing|3/258\n|-boost|p2a: Lurantis|atk|1\n|-boost|p2a: Lurantis|def|1\n|\n|-heal|p1a: Weezing|19/258|[from] item: Leftovers\n|upkeep\n|turn|17\n|\n|t:|1733765008\n|move|p1a: Weezing|Pain Split|p2a: Lurantis\n|-sethp|p2a: Lurantis|141/264|[from] move: Pain Split|[silent]\n|-sethp|p1a: Weezing|141/258|[from] move: Pain Split\n|move|p2a: Lurantis|Leaf Storm|p1a: Weezing\n|-resisted|p1a: Weezing\n|-damage|p1a: Weezing|72/258\n|-boost|p2a: Lurantis|spa|2\n|\n|-heal|p1a: Weezing|88/258|[from] item: Leftovers\n|upkeep\n|turn|18\n|\n|t:|1733765015\n|move|p1a: Weezing|Gunk Shot|p2a: Lurantis\n|-supereffective|p2a: Lurantis\n|-damage|p2a: Lurantis|0 fnt\n|faint|p2a: Lurantis\n|\n|-heal|p1a: Weezing|104/258|[from] item: Leftovers\n|upkeep\n|\n|t:|1733765019\n|switch|p2a: Toxtricity|Toxtricity, L82, F|257/257\n|turn|19\n|\n|t:|1733765024\n|move|p2a: Toxtricity|Shift Gear|p2a: Toxtricity\n|-boost|p2a: Toxtricity|spe|2\n|-boost|p2a: Toxtricity|atk|1\n|move|p1a: Weezing|Pain Split|p2a: Toxtricity\n|-sethp|p2a: Toxtricity|180/257|[from] move: Pain Split|[silent]\n|-sethp|p1a: Weezing|180/258|[from] move: Pain Split\n|\n|-heal|p1a: Weezing|196/258|[from] item: Leftovers\n|upkeep\n|turn|20\n|\n|t:|1733765030\n|move|p2a: Toxtricity|Overdrive|p1a: Weezing\n|-damage|p1a: Weezing|72/258\n|-enditem|p2a: Toxtricity|Throat Spray\n|-boost|p2a: Toxtricity|spa|1|[from] item: Throat Spray\n|move|p1a: Weezing|Fire Blast|p2a: Toxtricity\n|-damage|p2a: Toxtricity|78/257\n|\n|-heal|p1a: Weezing|88/258|[from] item: Leftovers\n|upkeep\n|turn|21\n|\n|t:|1733765038\n|move|p2a: Toxtricity|Overdrive|p1a: Weezing\n|-damage|p1a: Weezing|0 fnt\n|faint|p1a: Weezing\n|\n|upkeep\n|\n|t:|1733765043\n|switch|p1a: Shiftry|Shiftry, L89, M|203/305\n|turn|22\n|\n|t:|1733765048\n|move|p1a: Shiftry|Sucker Punch||[still]\n|-fail|p1a: Shiftry\n|move|p2a: Toxtricity|Shift Gear|p2a: Toxtricity\n|-boost|p2a: Toxtricity|spe|2\n|-boost|p2a: Toxtricity|atk|1\n|\n|upkeep\n|turn|23\n|\n|t:|1733765055\n|move|p1a: Shiftry|Sucker Punch||[still]\n|-fail|p1a: Shiftry\n|move|p2a: Toxtricity|Shift Gear|p2a: Toxtricity\n|-boost|p2a: Toxtricity|spe|2\n|-boost|p2a: Toxtricity|atk|1\n|\n|upkeep\n|turn|24\n|\n|t:|1733765058\n|move|p1a: Shiftry|Sucker Punch||[still]\n|-fail|p1a: Shiftry\n|move|p2a: Toxtricity|Shift Gear|p2a: Toxtricity\n|-boost|p2a: Toxtricity|spe|0\n|-boost|p2a: Toxtricity|atk|1\n|\n|upkeep\n|turn|25\n|\n|t:|1733765066\n|move|p1a: Shiftry|Sucker Punch||[still]\n|-fail|p1a: Shiftry\n|move|p2a: Toxtricity|Shift Gear|p2a: Toxtricity\n|-boost|p2a: Toxtricity|spe|0\n|-boost|p2a: Toxtricity|atk|1\n|\n|upkeep\n|turn|26\n|\n|t:|1733765076\n|switch|p1a: Solgaleo|Solgaleo, L74|325/325\n|move|p2a: Toxtricity|Shift Gear|p2a: Toxtricity\n|-boost|p2a: Toxtricity|spe|0\n|-boost|p2a: Toxtricity|atk|1\n|\n|upkeep\n|turn|27\n|\n|t:|1733765101\n|-terastallize|p2a: Toxtricity|Normal\n|move|p2a: Toxtricity|Overdrive|p1a: Solgaleo\n|-damage|p1a: Solgaleo|111/325\n|move|p1a: Solgaleo|Flame Charge|p2a: Toxtricity\n|-damage|p2a: Toxtricity|33/257\n|-boost|p1a: Solgaleo|spe|1\n|\n|upkeep\n|turn|28\n|\n|t:|1733765112\n|move|p2a: Toxtricity|Overdrive|p1a: Solgaleo\n|-crit|p1a: Solgaleo\n|-damage|p1a: Solgaleo|0 fnt\n|faint|p1a: Solgaleo\n|\n|upkeep\n|\n|t:|1733765114\n|switch|p1a: Shiftry|Shiftry, L89, M|203/305\n|turn|29\n|\n|t:|1733765117\n|move|p1a: Shiftry|Sucker Punch||[still]\n|-fail|p1a: Shiftry\n|move|p2a: Toxtricity|Shift Gear|p2a: Toxtricity\n|-boost|p2a: Toxtricity|spe|0\n|-boost|p2a: Toxtricity|atk|0\n|\n|upkeep\n|turn|30\n|\n|t:|1733765124\n|move|p1a: Shiftry|Sucker Punch||[still]\n|-fail|p1a: Shiftry\n|move|p2a: Toxtricity|Shift Gear|p2a: Toxtricity\n|-boost|p2a: Toxtricity|spe|0\n|-boost|p2a: Toxtricity|atk|0\n|\n|upkeep\n|turn|31\n|c|\u2606steelixprismgx|bro just fucking attack\n|\n|t:|1733765140\n|move|p1a: Shiftry|Sucker Punch|p2a: Toxtricity\n|-damage|p2a: Toxtricity|0 fnt\n|faint|p2a: Toxtricity\n|-damage|p1a: Shiftry|173/305|[from] item: Life Orb\n|\n|upkeep\n|\n|t:|1733765144\n|switch|p2a: Bellibolt|Bellibolt, L84, M|320/320\n|turn|32\n|c|\u2606steelixprismgx|THERE WE GO\n|\n|t:|1733765151\n|move|p1a: Shiftry|Swords Dance|p1a: Shiftry\n|-boost|p1a: Shiftry|atk|2\n|move|p2a: Bellibolt|Thunderbolt|p1a: Shiftry\n|-resisted|p1a: Shiftry\n|-damage|p1a: Shiftry|106/305\n|\n|upkeep\n|turn|33\n|\n|t:|1733765163\n|move|p1a: Shiftry|Knock Off|p2a: Bellibolt\n|-damage|p2a: Bellibolt|0 fnt\n|-enditem|p2a: Bellibolt|Leftovers|[from] move: Knock Off|[of] p1a: Shiftry\n|faint|p2a: Bellibolt\n|-damage|p1a: Shiftry|76/305|[from] item: Life Orb\n|\n|upkeep\n|\n|t:|1733765166\n|switch|p2a: Basculin|Basculin, L86, F|135/261\n|turn|34\n|\n|t:|1733765171\n|move|p2a: Basculin|Aqua Jet|p1a: Shiftry\n|-resisted|p1a: Shiftry\n|-damage|p1a: Shiftry|21/305\n|move|p1a: Shiftry|Sucker Punch||[still]\n|-fail|p1a: Shiftry\n|\n|upkeep\n|turn|35\n|\n|t:|1733765176\n|move|p2a: Basculin|Aqua Jet|p1a: Shiftry\n|-resisted|p1a: Shiftry\n|-damage|p1a: Shiftry|0 fnt\n|faint|p1a: Shiftry\n|\n|upkeep\n|\n|t:|1733765179\n|switch|p1a: Ogerpon|Ogerpon-Wellspring, L76, F|247/247\n|turn|36\n|-message|distant world star forfeited.\n|\n|win|steelixprismgx\n|raw|steelixprismgx's rating: 1768 &rarr; <strong>1790</strong><br />(+22 for winning)\n|raw|distant world star's rating: 1796 &rarr; <strong>1774</strong><br />(-22 for losing)\n|l|\u2606distant world star\n|player|p2|\n|c|\u2606steelixprismgx|lol\n", "inputlog": ">version bfd83cad13791eb5a5a409923076391caf6fb4d4\n>start {\"formatid\":\"gen9randombattle\",\"seed\":[42914,21582,12118,26964],\"rated\":\"Rated battle\"}\n>player p1 {\"name\":\"steelixprismgx\",\"avatar\":\"colress\",\"rating\":1750,\"seed\":[31133,27800,59393,7592]}\n>player p2 {\"name\":\"distant world star\",\"avatar\":\"169\",\"rating\":1796,\"seed\":[3759,22638,11800,56211]}\n>p1 switch 3\n>p2 switch 4\n>p1 switch 6\n>p2 move nastyplot\n>p1 move knockoff\n>p2 switch 4\n>p1 switch 6\n>p2 move knockoff\n>p1 move earthquake\n>p2 move drainpunch\n>p2 switch 6\n>p1 move earthquake\n>p2 move flipturn\n>p2 switch 2\n>p1 switch 3\n>p1 move gunkshot\n>p2 switch 4\n>p1 move toxicspikes\n>p2 move focusblast\n>p1 move toxicspikes\n>p2 move focusblast\n>p1 move gunkshot\n>p2 move focusblast\n>p1 move painsplit\n>p2 move psyshock\n>p1 move gunkshot\n>p2 move psyshock\n>p1 switch 6\n>p2 move thunderbolt\n>p1 move knockoff\n>p2 move focusblast\n>p2 switch 3\n>p1 switch 2\n>p2 switch 4\n>p1 switch 6\n>p2 move superpower\n>p1 move painsplit\n>p2 move leafstorm\n>p1 move gunkshot\n>p2 move leafstorm\n>p2 switch 4\n>p1 move painsplit\n>p2 move shiftgear\n>p1 move fireblast\n>p2 move overdrive\n>p1 move fireblast\n>p2 move overdrive\n>p1 switch 2\n>p1 move suckerpunch\n>p2 move shiftgear\n>p1 move suckerpunch\n>p2 move shiftgear\n>p1 move suckerpunch\n>p2 move shiftgear\n>p1 move suckerpunch\n>p2 move shiftgear\n>p1 switch 6\n>p2 move shiftgear\n>p1 move flamecharge\n>p2 move overdrive terastallize\n>p1 move flamecharge\n>p2 move overdrive\n>p1 switch 6\n>p1 move suckerpunch\n>p2 move shiftgear\n>p1 move suckerpunch\n>p2 move shiftgear\n>chat \u2606steelixprismgx|bro just fucking attack\n>p1 move suckerpunch\n>p2 move boomburst\n>p2 switch 5\n>chat \u2606steelixprismgx|THERE WE GO\n>p1 move swordsdance\n>p2 move thunderbolt\n>p1 move knockoff\n>p2 move voltswitch\n>p2 switch 2\n>p1 move suckerpunch\n>p2 move aquajet\n>p1 move knockoff\n>p2 move aquajet\n>p1 switch 4\n>forcelose p2", "uploadtime": 1733765189, "views": 2, "formatid": "gen9randombattle", "rating": 1774, "private": 0, "password": null}