{"id": "gen9randombattle-2260645914", "format": "[Gen 9] Random Battle", "players": ["horse95", "vlado.17"], "log": "|j|\u2606horse95\n|j|\u2606vlado.17\n|t:|1733873279\n|gametype|singles\n|player|p1|horse95|colress-gen7|1540\n|player|p2|vlado.17|biker-gen4|1536\n|teamsize|p1|6\n|teamsize|p2|6\n|gen|9\n|tier|[Gen 9] Random Battle\n|rated|\n|rule|Species Clause: Limit one of each Pok\u00e9mon\n|rule|HP Percentage Mod: HP is shown in percentages\n|rule|Sleep Clause Mod: Limit one foe put to sleep\n|rule|Illusion Level Mod: Illusion disguises the Pok\u00e9mon's true level\n|\n|t:|1733873279\n|start\n|switch|p1a: Sawsbuck|Sawsbuck, L88, M|284/284\n|switch|p2a: Decidueye|Decidueye-Hisui, L87, F|295/295\n|turn|1\n|inactive|Battle timer is ON: inactive players will automatically lose when time's up. (requested by horse95)\n|\n|t:|1733873317\n|switch|p1a: Armarouge|Armarouge, L80, F|267/267\n|move|p2a: Decidueye|U-turn|p1a: Armarouge\n|-crit|p1a: Armarouge\n|-damage|p1a: Armarouge|187/267\n|-ability|p1a: Armarouge|Weak Armor|boost\n|-unboost|p1a: Armarouge|def|1\n|-boost|p1a: Armarouge|spe|2\n|\n|t:|1733873335\n|switch|p2a: Dusknoir|Dusknoir, L89, M|225/225|[from] U-turn\n|-item|p1a: Armarouge|Choice Specs|[from] ability: Frisk|[of] p2a: Dusknoir\n|\n|upkeep\n|turn|2\n|\n|t:|1733873357\n|switch|p1a: Sawsbuck|Sawsbuck, L88, M|284/284\n|-singleturn|p2a: Dusknoir|move: Focus Punch\n|move|p2a: Dusknoir|Focus Punch|p1a: Sawsbuck\n|-supereffective|p1a: Sawsbuck\n|-damage|p1a: Sawsbuck|4/284\n|\n|upkeep\n|turn|3\n|\n|t:|1733873379\n|switch|p2a: Archaludon|Archaludon, L78, M|268/268\n|move|p1a: Sawsbuck|Horn Leech|p2a: Archaludon\n|-resisted|p2a: Archaludon\n|-damage|p2a: Archaludon|245/268\n|-heal|p1a: Sawsbuck|16/284|[from] drain|[of] p2a: Archaludon\n|-ability|p2a: Archaludon|Stamina|boost\n|-boost|p2a: Archaludon|def|1\n|-damage|p1a: Sawsbuck|0 fnt|[from] item: Life Orb\n|faint|p1a: Sawsbuck\n|\n|-heal|p2a: Archaludon|261/268|[from] item: Leftovers\n|upkeep\n|inactive|horse95 has 120 seconds left.\n|\n|t:|1733873402\n|switch|p1a: Charizard|Charizard, L85, F|271/271\n|turn|4\n|\n|t:|1733873407\n|move|p1a: Charizard|Will-O-Wisp|p2a: Archaludon\n|-status|p2a: Archaludon|brn\n|move|p2a: Archaludon|Thunder Wave|p1a: Charizard\n|-status|p1a: Charizard|par\n|\n|-heal|p2a: Archaludon|268/268 brn|[from] item: Leftovers\n|-damage|p2a: Archaludon|252/268 brn|[from] brn\n|upkeep\n|turn|5\n|c|\u2606vlado.17|battle of creeples\n|inactive|horse95 has 120 seconds left.\n|\n|t:|1733873424\n|move|p2a: Archaludon|Draco Meteor|p1a: Charizard\n|-damage|p1a: Charizard|127/271 par\n|-unboost|p2a: Archaludon|spa|2\n|cant|p1a: Charizard|par\n|\n|-heal|p2a: Archaludon|268/268 brn|[from] item: Leftovers\n|-damage|p2a: Archaludon|252/268 brn|[from] brn\n|upkeep\n|turn|6\n|inactive|horse95 has 120 seconds left.\n|\n|t:|1733873443\n|switch|p2a: Slowking|Slowking, L88, M|310/310\n|move|p1a: Charizard|Focus Blast|p2a: Slowking|[miss]\n|-miss|p1a: Charizard|p2a: Slowking\n|\n|upkeep\n|turn|7\n|\n|t:|1733873450\n|switch|p1a: Mesprit|Mesprit, L85|275/275\n|move|p2a: Slowking|Scald|p1a: Mesprit\n|-damage|p1a: Mesprit|188/275\n|-status|p1a: Mesprit|brn\n|\n|-damage|p1a: Mesprit|171/275 brn|[from] brn\n|upkeep\n|turn|8\n|\n|t:|1733873461\n|move|p1a: Mesprit|Thunderbolt|p2a: Slowking\n|-supereffective|p2a: Slowking\n|-damage|p2a: Slowking|190/310\n|move|p2a: Slowking|Scald|p1a: Mesprit\n|-damage|p1a: Mesprit|89/275 brn\n|\n|-heal|p2a: Slowking|209/310|[from] item: Leftovers\n|-damage|p1a: Mesprit|72/275 brn|[from] brn\n|upkeep\n|turn|9\n|\n|t:|1733873475\n|switch|p1a: Slither Wing|Slither Wing, L81|270/270\n|switch|p2a: Archaludon|Archaludon, L78, M|252/268 brn\n|\n|-heal|p2a: Archaludon|268/268 brn|[from] item: Leftovers\n|-damage|p2a: Archaludon|252/268 brn|[from] brn\n|upkeep\n|turn|10\n|inactive|vlado.17 has 120 seconds left.\n|\n|t:|1733873524\n|move|p2a: Archaludon|Thunder Wave|p1a: Slither Wing\n|-status|p1a: Slither Wing|par\n|move|p1a: Slither Wing|Close Combat|p2a: Archaludon\n|-supereffective|p2a: Archaludon\n|-crit|p2a: Archaludon\n|-damage|p2a: Archaludon|0 fnt\n|-unboost|p1a: Slither Wing|def|1\n|-unboost|p1a: Slither Wing|spd|1\n|faint|p2a: Archaludon\n|-damage|p1a: Slither Wing|243/270 par|[from] item: Life Orb\n|\n|upkeep\n|inactive|vlado.17 has 90 seconds left.\n|\n|t:|1733873552\n|switch|p2a: Dusknoir|Dusknoir, L89, M|225/225\n|-item|p1a: Slither Wing|Life Orb|[from] ability: Frisk|[of] p2a: Dusknoir\n|turn|11\n|inactive|horse95 has 120 seconds left.\n|\n|t:|1733873582\n|-end|p1a: Slither Wing|Protosynthesis|[silent]\n|switch|p1a: Whimsicott|Whimsicott, L85, M|241/241\n|move|p2a: Dusknoir|Poltergeist|p1a: Whimsicott\n|-activate|p1a: Whimsicott|move: Poltergeist|Heavy-Duty Boots\n|-damage|p1a: Whimsicott|105/241\n|\n|upkeep\n|turn|12\n|inactive|vlado.17 has 90 seconds left.\n|\n|t:|1733873611\n|switch|p2a: Tsareena|Tsareena, L87, F|267/267\n|move|p1a: Whimsicott|Giga Drain|p2a: Tsareena\n|-resisted|p2a: Tsareena\n|-damage|p2a: Tsareena|234/267\n|-heal|p1a: Whimsicott|122/241|[from] drain|[of] p2a: Tsareena\n|\n|upkeep\n|turn|13\n|\n|t:|1733873620\n|move|p1a: Whimsicott|U-turn|p2a: Tsareena\n|-supereffective|p2a: Tsareena\n|-damage|p2a: Tsareena|162/267\n|\n|t:|1733873626\n|switch|p1a: Slither Wing|Slither Wing, L81|243/270 par|[from] U-turn\n|move|p2a: Tsareena|Triple Axel|p1a: Slither Wing\n|-damage|p1a: Slither Wing|217/270 par\n|-damage|p1a: Slither Wing|169/270 par\n|-damage|p1a: Slither Wing|96/270 par\n|-hitcount|p1a: Slither Wing|3\n|-damage|p2a: Tsareena|136/267|[from] item: Life Orb\n|\n|upkeep\n|turn|14\n|\n|t:|1733873637\n|move|p1a: Slither Wing|First Impression||[still]\n|cant|p2a: Tsareena|ability: Queenly Majesty|First Impression|[of] p1a: Slither Wing\n|move|p2a: Tsareena|Triple Axel|p1a: Slither Wing\n|-damage|p1a: Slither Wing|70/270 par\n|-damage|p1a: Slither Wing|14/270 par\n|-damage|p1a: Slither Wing|0 fnt\n|faint|p1a: Slither Wing\n|-end|p1a: Slither Wing|Protosynthesis|[silent]\n|-hitcount|p1: Slither Wing|3\n|-damage|p2a: Tsareena|110/267|[from] item: Life Orb\n|\n|upkeep\n|\n|t:|1733873647\n|switch|p1a: Mesprit|Mesprit, L85|72/275 brn\n|turn|15\n|inactive|vlado.17 has 90 seconds left.\n|\n|t:|1733873697\n|switch|p2a: Slowking|Slowking, L88, M|310/310\n|move|p1a: Mesprit|Ice Beam|p2a: Slowking\n|-resisted|p2a: Slowking\n|-damage|p2a: Slowking|279/310\n|\n|-heal|p2a: Slowking|298/310|[from] item: Leftovers\n|-damage|p1a: Mesprit|55/275 brn|[from] brn\n|upkeep\n|turn|16\n|inactive|horse95 has 120 seconds left.\n|\n|t:|1733873716\n|switch|p1a: Charizard|Charizard, L85, F|127/271 par\n|move|p2a: Slowking|Scald|p1a: Charizard\n|-supereffective|p1a: Charizard\n|-damage|p1a: Charizard|0 fnt\n|faint|p1a: Charizard\n|\n|-heal|p2a: Slowking|310/310|[from] item: Leftovers\n|upkeep\n|\n|t:|1733873725\n|switch|p1a: Whimsicott|Whimsicott, L85, M|122/241\n|turn|17\n|\n|t:|1733873742\n|move|p1a: Whimsicott|Giga Drain|p2a: Slowking\n|-supereffective|p2a: Slowking\n|-crit|p2a: Slowking\n|-damage|p2a: Slowking|148/310\n|-heal|p1a: Whimsicott|203/241|[from] drain|[of] p2a: Slowking\n|move|p2a: Slowking|Psychic Noise|p1a: Whimsicott\n|-damage|p1a: Whimsicott|110/241\n|-start|p1a: Whimsicott|move: Heal Block\n|\n|-heal|p2a: Slowking|167/310|[from] item: Leftovers\n|upkeep\n|turn|18\n|inactive|horse95 has 120 seconds left.\n|\n|t:|1733873761\n|move|p1a: Whimsicott|U-turn|p2a: Slowking\n|-supereffective|p2a: Slowking\n|-damage|p2a: Slowking|91/310\n|\n|t:|1733873767\n|switch|p1a: Mesprit|Mesprit, L85|55/275 brn|[from] U-turn\n|move|p2a: Slowking|Scald|p1a: Mesprit\n|-damage|p1a: Mesprit|0 fnt\n|faint|p1a: Mesprit\n|\n|-heal|p2a: Slowking|110/310|[from] item: Leftovers\n|upkeep\n|\n|t:|1733873776\n|switch|p1a: Armarouge|Armarouge, L80, F|187/267\n|turn|19\n|inactive|vlado.17 has 90 seconds left.\n|\n|t:|1733873804\n|move|p1a: Armarouge|Energy Ball|p2a: Slowking\n|-supereffective|p2a: Slowking\n|-damage|p2a: Slowking|0 fnt\n|faint|p2a: Slowking\n|\n|upkeep\n|\n|t:|1733873810\n|switch|p2a: Dusknoir|Dusknoir, L89, M|225/225\n|-item|p1a: Armarouge|Choice Specs|[from] ability: Frisk|[of] p2a: Dusknoir\n|turn|20\n|inactive|horse95 has 120 seconds left.\n|\n|t:|1733873845\n|-terastallize|p1a: Armarouge|Grass\n|move|p1a: Armarouge|Energy Ball|p2a: Dusknoir\n|-damage|p2a: Dusknoir|125/225\n|move|p2a: Dusknoir|Poltergeist|p1a: Armarouge\n|-activate|p1a: Armarouge|move: Poltergeist|Choice Specs\n|-crit|p1a: Armarouge\n|-damage|p1a: Armarouge|0 fnt\n|faint|p1a: Armarouge\n|\n|-heal|p2a: Dusknoir|139/225|[from] item: Leftovers\n|upkeep\n|\n|t:|1733873853\n|switch|p1a: Whimsicott|Whimsicott, L85, M|110/241\n|turn|21\n|inactive|vlado.17 has 90 seconds left.\n|\n|t:|1733873862\n|move|p1a: Whimsicott|Stun Spore|p2a: Dusknoir\n|-status|p2a: Dusknoir|par\n|cant|p2a: Dusknoir|par\n|\n|-heal|p2a: Dusknoir|153/225 par|[from] item: Leftovers\n|upkeep\n|turn|22\n|\n|t:|1733873873\n|move|p1a: Whimsicott|Giga Drain|p2a: Dusknoir\n|-damage|p2a: Dusknoir|101/225 par\n|-heal|p1a: Whimsicott|136/241|[from] drain|[of] p2a: Dusknoir\n|cant|p2a: Dusknoir|par\n|\n|-heal|p2a: Dusknoir|115/225 par|[from] item: Leftovers\n|upkeep\n|turn|23\n|\n|t:|1733873882\n|move|p1a: Whimsicott|Giga Drain|p2a: Dusknoir\n|-damage|p2a: Dusknoir|64/225 par\n|-heal|p1a: Whimsicott|162/241|[from] drain|[of] p2a: Dusknoir\n|move|p2a: Dusknoir|Poltergeist|p1a: Whimsicott\n|-activate|p1a: Whimsicott|move: Poltergeist|Heavy-Duty Boots\n|-damage|p1a: Whimsicott|15/241\n|\n|-heal|p2a: Dusknoir|78/225 par|[from] item: Leftovers\n|upkeep\n|turn|24\n|\n|t:|1733873894\n|move|p1a: Whimsicott|Giga Drain|p2a: Dusknoir\n|-damage|p2a: Dusknoir|33/225 par\n|-heal|p1a: Whimsicott|38/241|[from] drain|[of] p2a: Dusknoir\n|move|p2a: Dusknoir|Poltergeist|p1a: Whimsicott|[miss]\n|-miss|p2a: Dusknoir|p1a: Whimsicott\n|\n|-heal|p2a: Dusknoir|47/225 par|[from] item: Leftovers\n|upkeep\n|turn|25\n|inactive|vlado.17 has 120 seconds left.\n|\n|t:|1733873905\n|move|p1a: Whimsicott|Moonblast|p2a: Dusknoir\n|-damage|p2a: Dusknoir|0 fnt\n|faint|p2a: Dusknoir\n|\n|upkeep\n|inactive|vlado.17 has 120 seconds left.\n|\n|t:|1733873916\n|switch|p2a: Tsareena|Tsareena, L87, F|110/267\n|turn|26\n|inactive|horse95 has 120 seconds left.\n|\n|t:|1733873927\n|move|p1a: Whimsicott|Moonblast|p2a: Tsareena\n|-damage|p2a: Tsareena|28/267\n|-unboost|p2a: Tsareena|spa|1\n|move|p2a: Tsareena|Triple Axel|p1a: Whimsicott\n|-supereffective|p1a: Whimsicott\n|-damage|p1a: Whimsicott|0 fnt\n|faint|p1a: Whimsicott\n|-hitcount|p1: Whimsicott|1\n|-damage|p2a: Tsareena|2/267|[from] item: Life Orb\n|\n|win|vlado.17\n|raw|horse95's rating: 1540 &rarr; <strong>1520</strong><br />(-20 for losing)\n|raw|vlado.17's rating: 1536 &rarr; <strong>1556</strong><br />(+20 for winning)\n|l|\u2606horse95\n|player|p1|\n", "inputlog": ">version bfd83cad13791eb5a5a409923076391caf6fb4d4\n>start {\"formatid\":\"gen9randombattle\",\"seed\":[64985,5028,19324,43921],\"rated\":\"Rated battle\"}\n>player p1 {\"name\":\"horse95\",\"avatar\":\"colress-gen7\",\"rating\":1540,\"seed\":[59925,9582,27009,43856]}\n>player p2 {\"name\":\"vlado.17\",\"avatar\":\"biker-gen4\",\"rating\":1536,\"seed\":[59222,31670,34429,58072]}\n>p1 switch 2\n>p2 move uturn\n>p2 switch 5\n>p1 switch 2\n>p2 move focuspunch\n>p1 move hornleech\n>p2 switch 4\n>p1 switch 6\n>p1 move willowisp\n>p2 move thunderwave\n>chat \u2606vlado.17|battle of creeples\n>p1 move focusblast\n>p2 move dracometeor\n>p1 move focusblast\n>p2 switch 3\n>p1 switch 5\n>p2 move scald\n>p1 move thunderbolt\n>p2 move scald\n>p1 switch 4\n>p2 switch 3\n>p1 move closecombat\n>p2 move thunderwave\n>p2 switch 4\n>p1 switch 3\n>p2 move poltergeist\n>p1 move gigadrain\n>p2 switch 6\n>p1 move uturn\n>p2 move tripleaxel\n>p1 switch 3\n>p1 move firstimpression\n>p2 move tripleaxel\n>p1 switch 4\n>p1 move icebeam\n>p2 switch 3\n>p1 switch 5\n>p2 move scald\n>p1 switch 3\n>p1 move gigadrain\n>p2 move psychicnoise\n>p1 move uturn\n>p2 move scald\n>p1 switch 5\n>p1 switch 2\n>p1 move energyball\n>p2 move scald\n>p2 switch 6\n>p1 move energyball terastallize\n>p2 move poltergeist\n>p1 switch 5\n>p1 move stunspore\n>p2 move poltergeist\n>p1 move gigadrain\n>p2 move poltergeist\n>p1 move gigadrain\n>p2 move poltergeist\n>p1 move gigadrain\n>p2 move poltergeist\n>p1 move moonblast\n>p2 move poltergeist\n>p2 switch 3\n>p1 move moonblast\n>p2 move tripleaxel", "uploadtime": 1733873937, "views": 1, "formatid": "gen9randombattle", "rating": 1520, "private": 0, "password": null}