{"id": "gen9randombattle-2260545277", "format": "[Gen 9] Random Battle", "players": ["poulctf", "Vihtos"], "log": "|j|\u2606poulctf\n|j|\u2606Vihtos\n|t:|1733862077\n|gametype|singles\n|player|p1|poulctf|2|1143\n|player|p2|Vihtos|nate|1176\n|teamsize|p1|6\n|teamsize|p2|6\n|gen|9\n|tier|[Gen 9] Random Battle\n|rated|\n|rule|Species Clause: Limit one of each Pok\u00e9mon\n|rule|HP Percentage Mod: HP is shown in percentages\n|rule|Sleep Clause Mod: Limit one foe put to sleep\n|rule|Illusion Level Mod: Illusion disguises the Pok\u00e9mon's true level\n|\n|t:|1733862077\n|start\n|switch|p1a: Iron Hands|Iron Hands, L79|373/373\n|switch|p2a: Kilowattrel|Kilowattrel, L83, M|252/252\n|turn|1\n|\n|t:|1733862102\n|switch|p2a: Bellibolt|Bellibolt, L84, F|320/320\n|move|p1a: Iron Hands|Fake Out|p2a: Bellibolt\n|-damage|p2a: Bellibolt|285/320\n|-start|p2a: Bellibolt|Charge|Fake Out|[from] ability: Electromorphosis\n|\n|-heal|p2a: Bellibolt|305/320|[from] item: Leftovers\n|upkeep\n|turn|2\n|\n|t:|1733862113\n|move|p1a: Iron Hands|Drain Punch|p2a: Bellibolt\n|-damage|p2a: Bellibolt|218/320\n|-start|p2a: Bellibolt|Charge|Drain Punch|[from] ability: Electromorphosis\n|move|p2a: Bellibolt|Muddy Water|p1a: Iron Hands\n|-crit|p1a: Iron Hands\n|-damage|p1a: Iron Hands|281/373\n|\n|-heal|p2a: Bellibolt|238/320|[from] item: Leftovers\n|upkeep\n|turn|3\n|\n|t:|1733862122\n|move|p1a: Iron Hands|Drain Punch|p2a: Bellibolt\n|-damage|p2a: Bellibolt|142/320\n|-heal|p1a: Iron Hands|329/373|[from] drain|[of] p2a: Bellibolt\n|-start|p2a: Bellibolt|Charge|Drain Punch|[from] ability: Electromorphosis\n|move|p2a: Bellibolt|Muddy Water|p1a: Iron Hands\n|-damage|p1a: Iron Hands|276/373\n|\n|-heal|p2a: Bellibolt|162/320|[from] item: Leftovers\n|upkeep\n|turn|4\n|\n|t:|1733862138\n|move|p1a: Iron Hands|Drain Punch|p2a: Bellibolt\n|-damage|p2a: Bellibolt|75/320\n|-heal|p1a: Iron Hands|320/373|[from] drain|[of] p2a: Bellibolt\n|-start|p2a: Bellibolt|Charge|Drain Punch|[from] ability: Electromorphosis\n|move|p2a: Bellibolt|Slack Off|p2a: Bellibolt\n|-heal|p2a: Bellibolt|235/320\n|\n|-heal|p2a: Bellibolt|255/320|[from] item: Leftovers\n|upkeep\n|turn|5\n|\n|t:|1733862157\n|switch|p2a: Charizard|Charizard, L85, M|271/271\n|move|p1a: Iron Hands|Drain Punch|p2a: Charizard\n|-resisted|p2a: Charizard\n|-damage|p2a: Charizard|216/271\n|-heal|p1a: Iron Hands|348/373|[from] drain|[of] p2a: Charizard\n|\n|upkeep\n|turn|6\n|\n|t:|1733862166\n|-terastallize|p2a: Charizard|Dragon\n|move|p2a: Charizard|Earthquake|p1a: Iron Hands\n|-supereffective|p1a: Iron Hands\n|-damage|p1a: Iron Hands|224/373\n|move|p1a: Iron Hands|Thunder Punch|p2a: Charizard\n|-resisted|p2a: Charizard\n|-damage|p2a: Charizard|162/271\n|\n|upkeep\n|turn|7\n|\n|t:|1733862175\n|-end|p1a: Iron Hands|Quark Drive|[silent]\n|switch|p1a: Wigglytuff|Wigglytuff, L96, M|424/424\n|move|p2a: Charizard|Swords Dance|p2a: Charizard\n|-boost|p2a: Charizard|atk|2\n|\n|upkeep\n|turn|8\n|inactive|Battle timer is ON: inactive players will automatically lose when time's up. (requested by poulctf)\n|\n|t:|1733862200\n|switch|p2a: Bellibolt|Bellibolt, L84, F|255/320\n|move|p1a: Wigglytuff|Dazzling Gleam|p2a: Bellibolt\n|-damage|p2a: Bellibolt|147/320\n|-start|p2a: Bellibolt|Charge|Dazzling Gleam|[from] ability: Electromorphosis\n|\n|-heal|p2a: Bellibolt|167/320|[from] item: Leftovers\n|upkeep\n|turn|9\n|\n|t:|1733862212\n|move|p1a: Wigglytuff|Dazzling Gleam|p2a: Bellibolt\n|-damage|p2a: Bellibolt|55/320\n|-start|p2a: Bellibolt|Charge|Dazzling Gleam|[from] ability: Electromorphosis\n|move|p2a: Bellibolt|Thunderbolt|p1a: Wigglytuff\n|-damage|p1a: Wigglytuff|165/424\n|-end|p2a: Bellibolt|Charge|[silent]\n|\n|-heal|p1a: Wigglytuff|191/424|[from] item: Leftovers\n|-heal|p2a: Bellibolt|75/320|[from] item: Leftovers\n|upkeep\n|turn|10\n|\n|t:|1733862221\n|move|p1a: Wigglytuff|Dazzling Gleam|p2a: Bellibolt\n|-damage|p2a: Bellibolt|0 fnt\n|faint|p2a: Bellibolt\n|\n|-heal|p1a: Wigglytuff|217/424|[from] item: Leftovers\n|upkeep\n|\n|t:|1733862232\n|switch|p2a: Basculegion|Basculegion-F, L83, F|335/335\n|turn|11\n|\n|t:|1733862256\n|switch|p1a: Kingambit|Kingambit, L74, F|270/270\n|move|p2a: Basculegion|Hydro Pump|p1a: Kingambit\n|-damage|p1a: Kingambit|98/270\n|\n|-heal|p1a: Kingambit|114/270|[from] item: Leftovers\n|upkeep\n|turn|12\n|\n|t:|1733862273\n|move|p1a: Kingambit|Sucker Punch|p2a: Basculegion\n|-supereffective|p2a: Basculegion\n|-damage|p2a: Basculegion|149/335\n|move|p2a: Basculegion|Hydro Pump|p1a: Kingambit\n|-damage|p1a: Kingambit|0 fnt\n|faint|p1a: Kingambit\n|-end|p1a: Kingambit|fallenundefined|[silent]\n|\n|upkeep\n|\n|t:|1733862281\n|switch|p1a: Iron Hands|Iron Hands, L79|224/373\n|turn|13\n|\n|t:|1733862286\n|move|p2a: Basculegion|Flip Turn|p1a: Iron Hands\n|-damage|p1a: Iron Hands|148/373\n|\n|t:|1733862297\n|switch|p2a: Kilowattrel|Kilowattrel, L83, M|252/252|[from] Flip Turn\n|move|p1a: Iron Hands|Thunder Punch|p2a: Kilowattrel\n|-immune|p2a: Kilowattrel|[from] ability: Volt Absorb\n|\n|upkeep\n|turn|14\n|\n|t:|1733862316\n|move|p2a: Kilowattrel|Hurricane|p1a: Iron Hands\n|-damage|p1a: Iron Hands|43/373\n|move|p1a: Iron Hands|Drain Punch|p2a: Kilowattrel\n|-resisted|p2a: Kilowattrel\n|-damage|p2a: Kilowattrel|191/252\n|-heal|p1a: Iron Hands|74/373|[from] drain|[of] p2a: Kilowattrel\n|\n|upkeep\n|turn|15\n|\n|t:|1733862324\n|move|p1a: Iron Hands|Fake Out||[still]\n|-hint|Fake Out only works on your first turn out.\n|-fail|p1a: Iron Hands\n|move|p2a: Kilowattrel|Hurricane|p1a: Iron Hands|[miss]\n|-miss|p2a: Kilowattrel|p1a: Iron Hands\n|\n|upkeep\n|turn|16\n|\n|t:|1733862330\n|move|p1a: Iron Hands|Fake Out||[still]\n|-hint|Fake Out only works on your first turn out.\n|-fail|p1a: Iron Hands\n|move|p2a: Kilowattrel|Hurricane|p1a: Iron Hands\n|-damage|p1a: Iron Hands|0 fnt\n|faint|p1a: Iron Hands\n|-end|p1a: Iron Hands|Quark Drive|[silent]\n|\n|upkeep\n|\n|t:|1733862336\n|switch|p1a: Wigglytuff|Wigglytuff, L96, M|217/424\n|turn|17\n|\n|t:|1733862343\n|move|p2a: Kilowattrel|Thunder Wave|p1a: Wigglytuff\n|-status|p1a: Wigglytuff|par\n|move|p1a: Wigglytuff|Dazzling Gleam|p2a: Kilowattrel\n|-damage|p2a: Kilowattrel|62/252\n|\n|-heal|p1a: Wigglytuff|243/424 par|[from] item: Leftovers\n|upkeep\n|turn|18\n|\n|t:|1733862357\n|move|p2a: Kilowattrel|Roost|p2a: Kilowattrel\n|-heal|p2a: Kilowattrel|188/252\n|-singleturn|p2a: Kilowattrel|move: Roost\n|move|p1a: Wigglytuff|Dazzling Gleam|p2a: Kilowattrel\n|-damage|p2a: Kilowattrel|49/252\n|\n|-heal|p1a: Wigglytuff|269/424 par|[from] item: Leftovers\n|upkeep\n|turn|19\n|\n|t:|1733862366\n|move|p2a: Kilowattrel|Roost|p2a: Kilowattrel\n|-heal|p2a: Kilowattrel|175/252\n|-singleturn|p2a: Kilowattrel|move: Roost\n|move|p1a: Wigglytuff|Dazzling Gleam|p2a: Kilowattrel\n|-damage|p2a: Kilowattrel|36/252\n|\n|-heal|p1a: Wigglytuff|295/424 par|[from] item: Leftovers\n|upkeep\n|turn|20\n|\n|t:|1733862375\n|move|p2a: Kilowattrel|Hurricane|p1a: Wigglytuff\n|-damage|p1a: Wigglytuff|123/424 par\n|move|p1a: Wigglytuff|Dazzling Gleam|p2a: Kilowattrel\n|-damage|p2a: Kilowattrel|0 fnt\n|faint|p2a: Kilowattrel\n|\n|-heal|p1a: Wigglytuff|149/424 par|[from] item: Leftovers\n|upkeep\n|\n|t:|1733862384\n|switch|p2a: Basculegion|Basculegion-F, L83, F|149/335\n|turn|21\n|\n|t:|1733862390\n|move|p2a: Basculegion|Hydro Pump|p1a: Wigglytuff\n|-damage|p1a: Wigglytuff|0 fnt\n|faint|p1a: Wigglytuff\n|\n|upkeep\n|\n|t:|1733862395\n|switch|p1a: Breloom|Breloom, L82, F|233/233\n|turn|22\n|\n|t:|1733862418\n|move|p2a: Basculegion|Flip Turn|p1a: Breloom\n|-resisted|p1a: Breloom\n|-damage|p1a: Breloom|184/233\n|\n|t:|1733862425\n|switch|p2a: Charizard|Charizard, L85, M, tera:Dragon|162/271|[from] Flip Turn\n|move|p1a: Breloom|Bullet Seed|p2a: Charizard\n|-resisted|p2a: Charizard\n|-damage|p2a: Charizard|131/271\n|-resisted|p2a: Charizard\n|-damage|p2a: Charizard|96/271\n|-resisted|p2a: Charizard\n|-crit|p2a: Charizard\n|-damage|p2a: Charizard|48/271\n|-resisted|p2a: Charizard\n|-damage|p2a: Charizard|13/271\n|-hitcount|p2a: Charizard|4\n|-damage|p1a: Breloom|161/233|[from] item: Life Orb\n|\n|upkeep\n|turn|23\n|\n|t:|1733862439\n|move|p1a: Breloom|Mach Punch|p2a: Charizard\n|-damage|p2a: Charizard|0 fnt\n|faint|p2a: Charizard\n|-damage|p1a: Breloom|138/233|[from] item: Life Orb\n|\n|upkeep\n|\n|t:|1733862445\n|switch|p2a: Ludicolo|Ludicolo, L90, F|290/290\n|turn|24\n|\n|t:|1733862469\n|move|p2a: Ludicolo|Ice Beam|p1a: Breloom\n|-supereffective|p1a: Breloom\n|-damage|p1a: Breloom|0 fnt\n|faint|p1a: Breloom\n|-damage|p2a: Ludicolo|261/290|[from] item: Life Orb\n|\n|upkeep\n|\n|t:|1733862475\n|switch|p1a: Bronzong|Bronzong, L88|261/261\n|turn|25\n|\n|t:|1733862486\n|move|p2a: Ludicolo|Hydro Pump|p1a: Bronzong|[miss]\n|-miss|p2a: Ludicolo|p1a: Bronzong\n|move|p1a: Bronzong|Stealth Rock|p2a: Ludicolo\n|-sidestart|p2: Vihtos|move: Stealth Rock\n|\n|upkeep\n|turn|26\n|\n|t:|1733862492\n|move|p2a: Ludicolo|Hydro Pump|p1a: Bronzong|[miss]\n|-miss|p2a: Ludicolo|p1a: Bronzong\n|move|p1a: Bronzong|Hypnosis|p2a: Ludicolo|[miss]\n|-miss|p1a: Bronzong|p2a: Ludicolo\n|\n|upkeep\n|turn|27\n|\n|t:|1733862497\n|move|p2a: Ludicolo|Hydro Pump|p1a: Bronzong\n|-damage|p1a: Bronzong|143/261\n|-damage|p2a: Ludicolo|232/290|[from] item: Life Orb\n|move|p1a: Bronzong|Hypnosis|p2a: Ludicolo|[miss]\n|-miss|p1a: Bronzong|p2a: Ludicolo\n|\n|-heal|p1a: Bronzong|159/261|[from] item: Leftovers\n|upkeep\n|turn|28\n|\n|t:|1733862507\n|move|p2a: Ludicolo|Hydro Pump|p1a: Bronzong\n|-damage|p1a: Bronzong|41/261\n|-damage|p2a: Ludicolo|203/290|[from] item: Life Orb\n|move|p1a: Bronzong|Psychic Noise|p2a: Ludicolo\n|-damage|p2a: Ludicolo|136/290\n|-start|p2a: Ludicolo|move: Heal Block\n|\n|-heal|p1a: Bronzong|57/261|[from] item: Leftovers\n|upkeep\n|turn|29\n|\n|t:|1733862517\n|move|p2a: Ludicolo|Hydro Pump|p1a: Bronzong\n|-damage|p1a: Bronzong|0 fnt\n|faint|p1a: Bronzong\n|-damage|p2a: Ludicolo|107/290|[from] item: Life Orb\n|\n|-end|p2a: Ludicolo|move: Heal Block\n|upkeep\n|\n|t:|1733862524\n|switch|p1a: Zacian|Zacian, L69|241/241\n|-ability|p1a: Zacian|Intrepid Sword|boost\n|-boost|p1a: Zacian|atk|1\n|turn|30\n|\n|t:|1733862531\n|move|p1a: Zacian|Wild Charge|p2a: Ludicolo\n|-damage|p2a: Ludicolo|0 fnt\n|faint|p2a: Ludicolo\n|-damage|p1a: Zacian|214/241|[from] Recoil\n|\n|upkeep\n|\n|t:|1733862544\n|switch|p2a: Chien-Pao|Chien-Pao, L72|234/234\n|-ability|p2a: Chien-Pao|Sword of Ruin\n|turn|31\n|\n|t:|1733862556\n|move|p2a: Chien-Pao|Icicle Crash|p1a: Zacian\n|-damage|p1a: Zacian|108/241\n|cant|p1a: Zacian|flinch\n|\n|upkeep\n|turn|32\n|\n|t:|1733862566\n|move|p2a: Chien-Pao|Icicle Crash|p1a: Zacian\n|-damage|p1a: Zacian|14/241\n|move|p1a: Zacian|Wild Charge|p2a: Chien-Pao\n|-damage|p2a: Chien-Pao|93/234\n|-damage|p1a: Zacian|0 fnt|[from] Recoil\n|faint|p1a: Zacian\n|\n|win|Vihtos\n|raw|poulctf's rating: 1143 &rarr; <strong>1120</strong><br />(-23 for losing)\n|raw|Vihtos's rating: 1176 &rarr; <strong>1199</strong><br />(+23 for winning)\n|l|\u2606poulctf\n|player|p1|\n|c|\u2606Vihtos|gg\n", "inputlog": ">version bfd83cad13791eb5a5a409923076391caf6fb4d4\n>start {\"formatid\":\"gen9randombattle\",\"seed\":[42687,17285,47295,58700],\"rated\":\"Rated battle\"}\n>player p1 {\"name\":\"poulctf\",\"avatar\":\"2\",\"rating\":1143,\"seed\":[343,37537,50899,9769]}\n>player p2 {\"name\":\"Vihtos\",\"avatar\":\"nate\",\"rating\":1176,\"seed\":[5192,27845,17449,18838]}\n>p1 move fakeout\n>p2 switch 3\n>p1 move drainpunch\n>p2 move muddywater\n>p1 move drainpunch\n>p2 move muddywater\n>p1 move drainpunch\n>p2 move slackoff\n>p1 move drainpunch\n>p2 switch 2\n>p1 move thunderpunch\n>p2 move earthquake terastallize\n>p1 switch 6\n>p2 move swordsdance\n>p1 move dazzlinggleam\n>p2 switch 2\n>p1 move dazzlinggleam\n>p2 move thunderbolt\n>p1 move dazzlinggleam\n>p2 move slackoff\n>p2 switch 4\n>p1 switch 5\n>p2 move hydropump\n>p1 move suckerpunch\n>p2 move hydropump\n>p1 switch 6\n>p1 move thunderpunch\n>p2 move flipturn\n>p2 switch 3\n>p1 move drainpunch\n>p2 move hurricane\n>p1 move fakeout\n>p2 move hurricane\n>p1 move fakeout\n>p2 move hurricane\n>p1 switch 5\n>p1 move dazzlinggleam\n>p2 move thunderwave\n>p1 move dazzlinggleam\n>p2 move roost\n>p1 move dazzlinggleam\n>p2 move roost\n>p1 move dazzlinggleam\n>p2 move hurricane\n>p2 switch 3\n>p1 move knockoff\n>p2 move hydropump\n>p1 switch 3\n>p1 move bulletseed\n>p2 move flipturn\n>p2 switch 2\n>p1 move machpunch\n>p2 move flareblitz\n>p2 switch 5\n>p1 move rocktomb\n>p2 move icebeam\n>p1 switch 4\n>p1 move stealthrock\n>p2 move hydropump\n>p1 move hypnosis\n>p2 move hydropump\n>p1 move hypnosis\n>p2 move hydropump\n>p1 move psychicnoise\n>p2 move hydropump\n>p1 move ironhead\n>p2 move hydropump\n>p1 switch 2\n>p1 move wildcharge\n>p2 move gigadrain\n>p2 switch 6\n>p1 move wildcharge\n>p2 move iciclecrash\n>p1 move wildcharge\n>p2 move iciclecrash", "uploadtime": 1733862584, "views": 10, "formatid": "gen9randombattle", "rating": 1120, "private": 0, "password": null}