{"id": "gen9randombattle-2260291264", "format": "[Gen 9] Random Battle", "players": ["Dhdhshshdxhx", "Zenm236"], "log": "|j|\u2606Dhdhshshdxhx\n|j|\u2606Zenm236\n|t:|1733835940\n|gametype|singles\n|player|p1|Dhdhshshdxhx|2|\n|player|p2|Zenm236|steven|\n|teamsize|p1|6\n|teamsize|p2|6\n|gen|9\n|tier|[Gen 9] Random Battle\n|rule|Species Clause: Limit one of each Pok\u00e9mon\n|rule|HP Percentage Mod: HP is shown in percentages\n|rule|Sleep Clause Mod: Limit one foe put to sleep\n|rule|Illusion Level Mod: Illusion disguises the Pok\u00e9mon's true level\n|\n|t:|1733835940\n|start\n|switch|p1a: Moltres|Moltres, L81|278/278\n|switch|p2a: Lokix|Lokix, L82, M|251/251\n|turn|1\n|inactive|Battle timer is ON: inactive players will automatically lose when time's up. (requested by Zenm236)\n|inactive|Zenm236 has 270 seconds left.\n|\n|t:|1733835973\n|switch|p2a: Kingdra|Kingdra, L84, M|263/263\n|move|p1a: Moltres|Fire Blast|p2a: Kingdra\n|-resisted|p2a: Kingdra\n|-damage|p2a: Kingdra|232/263\n|\n|upkeep\n|turn|2\n|\n|t:|1733835985\n|switch|p1a: Lurantis|Lurantis, L87, M|264/264\n|move|p2a: Kingdra|Dragon Dance|p2a: Kingdra\n|-boost|p2a: Kingdra|atk|1\n|-boost|p2a: Kingdra|spe|1\n|\n|upkeep\n|turn|3\n|\n|t:|1733835996\n|switch|p2a: Lokix|Lokix, L82, M|251/251\n|move|p1a: Lurantis|Leaf Storm|p2a: Lokix\n|-resisted|p2a: Lokix\n|-damage|p2a: Lokix|158/251\n|-boost|p1a: Lurantis|spa|2\n|\n|upkeep\n|turn|4\n|\n|t:|1733836006\n|switch|p1a: Moltres|Moltres, L81|278/278\n|move|p2a: Lokix|Leech Life|p1a: Moltres\n|-resisted|p1a: Moltres\n|-damage|p1a: Moltres|221/278\n|-heal|p2a: Lokix|187/251|[from] drain|[of] p1a: Moltres\n|-damage|p2a: Lokix|162/251|[from] item: Life Orb\n|\n|upkeep\n|turn|5\n|\n|t:|1733836018\n|switch|p2a: Kingdra|Kingdra, L84, M|232/263\n|move|p1a: Moltres|Brave Bird|p2a: Kingdra\n|-damage|p2a: Kingdra|112/263\n|-damage|p1a: Moltres|181/278|[from] Recoil\n|\n|upkeep\n|turn|6\n|\n|t:|1733836040\n|switch|p2a: Flutter Mane|Flutter Mane, L74|203/203\n|move|p1a: Moltres|Brave Bird|p2a: Flutter Mane\n|-damage|p2a: Flutter Mane|14/203\n|-damage|p1a: Moltres|119/278|[from] Recoil\n|\n|upkeep\n|turn|7\n|inactive|Dhdhshshdxhx has 270 seconds left.\n|\n|t:|1733836067\n|switch|p1a: Empoleon|Empoleon, L84, M|278/278\n|move|p2a: Flutter Mane|Thunderbolt|p1a: Empoleon\n|-supereffective|p1a: Empoleon\n|-damage|p1a: Empoleon|135/278\n|-status|p1a: Empoleon|par\n|-damage|p2a: Flutter Mane|0 fnt|[from] item: Life Orb\n|faint|p2a: Flutter Mane\n|-end|p2a: Flutter Mane|Protosynthesis|[silent]\n|\n|-heal|p1a: Empoleon|152/278 par|[from] item: Leftovers\n|upkeep\n|\n|t:|1733836083\n|switch|p2a: Porygon2|Porygon2, L82|274/274\n|-ability|p2a: Porygon2|Download|boost\n|-boost|p2a: Porygon2|atk|1\n|turn|8\n|\n|t:|1733836097\n|switch|p1a: Lurantis|Lurantis, L87, M|264/264\n|move|p2a: Porygon2|Discharge|p1a: Lurantis\n|-resisted|p1a: Lurantis\n|-damage|p1a: Lurantis|237/264\n|\n|-heal|p1a: Lurantis|253/264|[from] item: Leftovers\n|upkeep\n|turn|9\n|\n|t:|1733836110\n|switch|p2a: Abomasnow|Abomasnow, L85, M|291/291\n|-weather|Snow|[from] ability: Snow Warning|[of] p2a: Abomasnow\n|-terastallize|p1a: Lurantis|Fighting\n|move|p1a: Lurantis|Superpower|p2a: Abomasnow\n|-supereffective|p2a: Abomasnow\n|-damage|p2a: Abomasnow|73/291\n|-boost|p1a: Lurantis|atk|1\n|-boost|p1a: Lurantis|def|1\n|\n|-weather|Snow|[upkeep]\n|-heal|p1a: Lurantis|264/264|[from] item: Leftovers\n|upkeep\n|turn|10\n|inactive|Zenm236 has 270 seconds left.\n|\n|t:|1733836131\n|move|p2a: Abomasnow|Aurora Veil|p2a: Abomasnow\n|-sidestart|p2: Zenm236|move: Aurora Veil\n|move|p1a: Lurantis|Superpower|p2a: Abomasnow\n|-supereffective|p2a: Abomasnow\n|-damage|p2a: Abomasnow|0 fnt\n|-boost|p1a: Lurantis|atk|1\n|-boost|p1a: Lurantis|def|1\n|faint|p2a: Abomasnow\n|\n|-weather|Snow|[upkeep]\n|upkeep\n|\n|t:|1733836139\n|switch|p2a: Lokix|Lokix, L82, M|162/251\n|turn|11\n|inactive|Zenm236 has 270 seconds left.\n|\n|t:|1733836147\n|move|p2a: Lokix|Swords Dance|p2a: Lokix\n|-boost|p2a: Lokix|atk|2\n|move|p1a: Lurantis|Superpower|p2a: Lokix\n|-damage|p2a: Lokix|5/251\n|-boost|p1a: Lurantis|atk|1\n|-boost|p1a: Lurantis|def|1\n|\n|-weather|Snow|[upkeep]\n|upkeep\n|turn|12\n|inactive|Zenm236 has 270 seconds left.\n|\n|t:|1733836158\n|move|p2a: Lokix|Knock Off|p1a: Lurantis\n|-resisted|p1a: Lurantis\n|-damage|p1a: Lurantis|168/264\n|-enditem|p1a: Lurantis|Leftovers|[from] move: Knock Off|[of] p2a: Lokix\n|-damage|p2a: Lokix|0 fnt|[from] item: Life Orb\n|faint|p2a: Lokix\n|move|p1a: Lurantis|Superpower|p2: Lokix|[notarget]\n|-fail|p1a: Lurantis\n|\n|-weather|Snow|[upkeep]\n|upkeep\n|inactive|Zenm236 has 270 seconds left.\n|\n|t:|1733836168\n|switch|p2a: Zamazenta|Zamazenta-Crowned, L68|238/238\n|-ability|p2a: Zamazenta|Dauntless Shield|boost\n|-boost|p2a: Zamazenta|def|1\n|turn|13\n|inactive|Dhdhshshdxhx has 270 seconds left.\n|\n|t:|1733836217\n|move|p2a: Zamazenta|Iron Defense|p2a: Zamazenta\n|-boost|p2a: Zamazenta|def|2\n|move|p1a: Lurantis|Superpower|p2a: Zamazenta\n|-supereffective|p2a: Zamazenta\n|-damage|p2a: Zamazenta|124/238\n|-boost|p1a: Lurantis|atk|1\n|-boost|p1a: Lurantis|def|1\n|\n|-weather|none\n|upkeep\n|turn|14\n|\n|t:|1733836231\n|move|p2a: Zamazenta|Body Press|p1a: Lurantis\n|-damage|p1a: Lurantis|105/264\n|move|p1a: Lurantis|Superpower|p2a: Zamazenta\n|-supereffective|p2a: Zamazenta\n|-damage|p2a: Zamazenta|0 fnt\n|-boost|p1a: Lurantis|atk|1\n|-boost|p1a: Lurantis|def|1\n|faint|p2a: Zamazenta\n|\n|upkeep\n|\n|t:|1733836240\n|switch|p2a: Porygon2|Porygon2, L82|274/274\n|-ability|p2a: Porygon2|Download|boost\n|-boost|p2a: Porygon2|spa|1\n|turn|15\n|inactive|Dhdhshshdxhx has 270 seconds left.\n|\n|t:|1733836259\n|move|p2a: Porygon2|Discharge|p1a: Lurantis\n|-damage|p1a: Lurantis|24/264\n|move|p1a: Lurantis|Superpower|p2a: Porygon2\n|-supereffective|p2a: Porygon2\n|-damage|p2a: Porygon2|0 fnt\n|-boost|p1a: Lurantis|atk|1\n|-boost|p1a: Lurantis|def|1\n|faint|p2a: Porygon2\n|\n|upkeep\n|\n|t:|1733836268\n|switch|p2a: Kingdra|Kingdra, L84, M|112/263\n|turn|16\n|inactive|Dhdhshshdxhx has 270 seconds left.\n|\n|t:|1733836287\n|switch|p1a: Moltres|Moltres, L81|119/278\n|move|p2a: Kingdra|Waterfall|p1a: Moltres\n|-supereffective|p1a: Moltres\n|-damage|p1a: Moltres|0 fnt\n|faint|p1a: Moltres\n|\n|upkeep\n|\n|t:|1733836295\n|switch|p1a: Palafin|Palafin, L77, M|281/281\n|turn|17\n|\n|t:|1733836303\n|move|p1a: Palafin|Bulk Up|p1a: Palafin\n|-boost|p1a: Palafin|atk|1\n|-boost|p1a: Palafin|def|1\n|move|p2a: Kingdra|Dragon Dance|p2a: Kingdra\n|-boost|p2a: Kingdra|atk|1\n|-boost|p2a: Kingdra|spe|1\n|\n|-sideend|p2: Zenm236|move: Aurora Veil\n|upkeep\n|turn|18\n|inactive|Dhdhshshdxhx has 270 seconds left.\n|\n|t:|1733836322\n|move|p2a: Kingdra|Dragon Dance|p2a: Kingdra\n|-boost|p2a: Kingdra|atk|1\n|-boost|p2a: Kingdra|spe|1\n|move|p1a: Palafin|Ice Punch|p2a: Kingdra\n|-damage|p2a: Kingdra|63/263\n|\n|upkeep\n|turn|19\n|\n|t:|1733836330\n|move|p2a: Kingdra|Outrage|p1a: Palafin\n|-damage|p1a: Palafin|82/281\n|move|p1a: Palafin|Bulk Up|p1a: Palafin\n|-boost|p1a: Palafin|atk|1\n|-boost|p1a: Palafin|def|1\n|\n|-heal|p1a: Palafin|99/281|[from] item: Leftovers\n|upkeep\n|turn|20\n|inactive|Dhdhshshdxhx has 270 seconds left.\n|\n|t:|1733836339\n|move|p2a: Kingdra|Outrage|p1a: Palafin|[from]lockedmove\n|-damage|p1a: Palafin|0 fnt\n|faint|p1a: Palafin\n|-start|p2a: Kingdra|confusion|[fatigue]\n|-enditem|p2a: Kingdra|Lum Berry|[eat]\n|-end|p2a: Kingdra|confusion\n|\n|upkeep\n|inactive|Dhdhshshdxhx has 270 seconds left.\n|\n|t:|1733836349\n|switch|p1a: Zebstrika|Zebstrika, L87, M|272/272\n|turn|21\n|\n|t:|1733836361\n|-terastallize|p2a: Kingdra|Water\n|move|p2a: Kingdra|Waterfall|p1a: Zebstrika\n|-damage|p1a: Zebstrika|0 fnt\n|faint|p1a: Zebstrika\n|\n|upkeep\n|\n|t:|1733836368\n|switch|p1a: Empoleon|Empoleon, L84, M|152/278 par\n|turn|22\n|\n|t:|1733836374\n|move|p2a: Kingdra|Waterfall|p1a: Empoleon\n|-resisted|p1a: Empoleon\n|-damage|p1a: Empoleon|42/278 par\n|move|p1a: Empoleon|Knock Off|p2a: Kingdra\n|-damage|p2a: Kingdra|23/263\n|\n|-heal|p1a: Empoleon|59/278 par|[from] item: Leftovers\n|upkeep\n|turn|23\n|\n|t:|1733836385\n|move|p2a: Kingdra|Waterfall|p1a: Empoleon\n|-resisted|p1a: Empoleon\n|-damage|p1a: Empoleon|0 fnt\n|faint|p1a: Empoleon\n|\n|upkeep\n|\n|t:|1733836391\n|switch|p1a: Slither Wing|Slither Wing, L81|270/270\n|turn|24\n|\n|t:|1733836397\n|move|p2a: Kingdra|Waterfall|p1a: Slither Wing\n|-damage|p1a: Slither Wing|0 fnt\n|faint|p1a: Slither Wing\n|-end|p1a: Slither Wing|Protosynthesis|[silent]\n|\n|upkeep\n|\n|t:|1733836402\n|switch|p1a: Lurantis|Lurantis, L87, M, tera:Fighting|24/264\n|turn|25\n|\n|t:|1733836408\n|move|p2a: Kingdra|Waterfall|p1a: Lurantis\n|-damage|p1a: Lurantis|0 fnt\n|faint|p1a: Lurantis\n|\n|win|Zenm236\n", "inputlog": ">version bfd83cad13791eb5a5a409923076391caf6fb4d4\n>start {\"formatid\":\"gen9randombattle\",\"seed\":[24423,57369,29995,55147]}\n>player p1 {\"name\":\"Dhdhshshdxhx\",\"avatar\":\"2\",\"rating\":0,\"seed\":[13434,8202,35972,28565]}\n>player p2 {\"name\":\"Zenm236\",\"avatar\":\"steven\",\"rating\":0,\"seed\":[10008,51139,39403,65222]}\n>p1 move fireblast\n>p2 switch 2\n>p1 switch 6\n>p2 move dragondance\n>p1 move leafstorm\n>p2 switch 2\n>p1 switch 6\n>p2 move leechlife\n>p1 move bravebird\n>p2 switch 2\n>p1 move bravebird\n>p2 switch 3\n>p1 switch 4\n>p2 move thunderbolt\n>p2 switch 4\n>p1 switch 6\n>p2 move discharge\n>p1 move superpower terastallize\n>p2 switch 5\n>p1 move superpower\n>p2 move auroraveil\n>p2 switch 2\n>p1 move superpower\n>p2 move swordsdance\n>p1 move superpower\n>p2 move knockoff\n>p2 switch 6\n>p1 move superpower\n>p2 move irondefense\n>p1 move superpower\n>p2 move bodypress\n>p2 switch 5\n>p1 move superpower\n>p2 move discharge\n>p2 switch 3\n>p1 switch 4\n>p2 move waterfall\n>p1 switch 3\n>p1 move bulkup\n>p2 move dragondance\n>p1 move icepunch\n>p2 move dragondance\n>p1 move bulkup\n>p2 move outrage\n>p1 move icepunch\n>p2 move outrage\n>p1 switch 5\n>p1 move supercellslam\n>p2 move waterfall terastallize\n>p1 switch 6\n>p1 move knockoff\n>p2 move waterfall\n>p1 move icebeam\n>p2 move waterfall\n>p1 switch 2\n>p1 move wildcharge\n>p2 move waterfall\n>p1 switch 4\n>p1 move superpower\n>p2 move waterfall", "uploadtime": 1733836416, "views": 14, "formatid": "gen9randombattle", "rating": null, "private": 0, "password": null}