{"id": "gen9randombattle-2259909875", "format": "[Gen 9] Random Battle", "players": ["Gilviscleidson", "yeeeyt"], "log": "|j|\u2606Gilviscleidson\n|j|\u2606yeeeyt\n|t:|1733778969\n|gametype|singles\n|player|p1|Gilviscleidson|265|1450\n|player|p2|yeeeyt|1|1466\n|teamsize|p1|6\n|teamsize|p2|6\n|gen|9\n|tier|[Gen 9] Random Battle\n|rated|\n|rule|Species Clause: Limit one of each Pok\u00e9mon\n|rule|HP Percentage Mod: HP is shown in percentages\n|rule|Sleep Clause Mod: Limit one foe put to sleep\n|rule|Illusion Level Mod: Illusion disguises the Pok\u00e9mon's true level\n|\n|t:|1733778969\n|start\n|switch|p1a: Necrozma|Necrozma-Dusk-Mane, L69|248/248\n|switch|p2a: Maushold|Maushold-Four, L76|238/238\n|turn|1\n|inactive|Battle timer is ON: inactive players will automatically lose when time's up. (requested by yeeeyt)\n|\n|t:|1733778992\n|move|p2a: Maushold|Bite|p1a: Necrozma\n|-supereffective|p1a: Necrozma\n|-damage|p1a: Necrozma|184/248\n|-enditem|p1a: Necrozma|Weakness Policy\n|-boost|p1a: Necrozma|atk|2|[from] item: Weakness Policy\n|-boost|p1a: Necrozma|spa|2|[from] item: Weakness Policy\n|move|p1a: Necrozma|Sunsteel Strike|p2a: Maushold\n|-damage|p2a: Maushold|0 fnt\n|faint|p2a: Maushold\n|\n|upkeep\n|\n|t:|1733778998\n|switch|p2a: Medicham|Medicham, L86, F|243/243\n|turn|2\n|\n|t:|1733779004\n|move|p2a: Medicham|Close Combat|p1a: Necrozma\n|-damage|p1a: Necrozma|0 fnt\n|-unboost|p2a: Medicham|def|1\n|-unboost|p2a: Medicham|spd|1\n|faint|p1a: Necrozma\n|\n|upkeep\n|\n|t:|1733779014\n|switch|p1a: Calyrex|Calyrex-Shadow, L64|235/235\n|-ability|p1a: Calyrex|As One\n|-ability|p1a: Calyrex|Unnerve\n|turn|3\n|\n|t:|1733779027\n|switch|p2a: Skarmory|Skarmory, L80, F|235/235\n|move|p1a: Calyrex|Astral Barrage|p2a: Skarmory\n|-damage|p2a: Skarmory|24/235\n|\n|-heal|p2a: Skarmory|38/235|[from] item: Leftovers\n|upkeep\n|turn|4\n|\n|t:|1733779035\n|move|p1a: Calyrex|Astral Barrage|p2a: Skarmory\n|-damage|p2a: Skarmory|0 fnt\n|faint|p2a: Skarmory\n|-ability|p1a: Calyrex|Grim Neigh|boost\n|-boost|p1a: Calyrex|spa|1\n|\n|upkeep\n|\n|t:|1733779044\n|switch|p2a: Azelf|Azelf, L82|257/257\n|turn|5\n|\n|t:|1733779052\n|switch|p1a: Zapdos|Zapdos, L78|268/268\n|move|p2a: Azelf|Psychic|p1a: Zapdos\n|-damage|p1a: Zapdos|84/268\n|\n|upkeep\n|turn|6\n|\n|t:|1733779061\n|switch|p1a: Basculegion|Basculegion, L81, M|327/327\n|move|p2a: Azelf|Psychic|p1a: Basculegion\n|-damage|p1a: Basculegion|191/327\n|-unboost|p1a: Basculegion|spd|1\n|\n|upkeep\n|turn|7\n|\n|t:|1733779068\n|move|p2a: Azelf|Psychic|p1a: Basculegion\n|-damage|p1a: Basculegion|0 fnt\n|faint|p1a: Basculegion\n|\n|upkeep\n|\n|t:|1733779072\n|switch|p1a: Calyrex|Calyrex-Shadow, L64|235/235\n|-ability|p1a: Calyrex|As One\n|-ability|p1a: Calyrex|Unnerve\n|turn|8\n|\n|t:|1733779079\n|switch|p2a: Azumarill|Azumarill, L82, F|298/298\n|move|p1a: Calyrex|Astral Barrage|p2a: Azumarill\n|-damage|p2a: Azumarill|124/298\n|\n|upkeep\n|turn|9\n|\n|t:|1733779087\n|-terastallize|p2a: Azumarill|Water\n|move|p2a: Azumarill|Aqua Jet|p1a: Calyrex\n|-damage|p1a: Calyrex|87/235\n|move|p1a: Calyrex|Astral Barrage|p2a: Azumarill\n|-damage|p2a: Azumarill|0 fnt\n|faint|p2a: Azumarill\n|-ability|p1a: Calyrex|Grim Neigh|boost\n|-boost|p1a: Calyrex|spa|1\n|\n|upkeep\n|\n|t:|1733779097\n|switch|p2a: Azelf|Azelf, L82|257/257\n|turn|10\n|\n|t:|1733779104\n|switch|p1a: Arboliva|Arboliva, L91, M|290/290\n|move|p2a: Azelf|Thunderbolt|p1a: Arboliva\n|-resisted|p1a: Arboliva\n|-damage|p1a: Arboliva|244/290\n|-fieldstart|move: Grassy Terrain|[from] ability: Seed Sower|[of] p1a: Arboliva\n|\n|-heal|p1a: Arboliva|262/290|[from] Grassy Terrain\n|-heal|p1a: Arboliva|280/290|[from] item: Leftovers\n|upkeep\n|turn|11\n|\n|t:|1733779115\n|switch|p2a: Medicham|Medicham, L86, F|243/243\n|move|p1a: Arboliva|Energy Ball|p2a: Medicham\n|-damage|p2a: Medicham|32/243\n|\n|-heal|p2a: Medicham|47/243|[from] Grassy Terrain\n|-heal|p1a: Arboliva|290/290|[from] Grassy Terrain\n|upkeep\n|turn|12\n|\n|t:|1733779123\n|switch|p1a: Zapdos|Zapdos, L78|84/268\n|move|p2a: Medicham|Ice Punch|p1a: Zapdos\n|-supereffective|p1a: Zapdos\n|-damage|p1a: Zapdos|0 fnt\n|faint|p1a: Zapdos\n|\n|-heal|p2a: Medicham|62/243|[from] Grassy Terrain\n|upkeep\n|\n|t:|1733779132\n|switch|p1a: Calyrex|Calyrex-Shadow, L64|87/235\n|-ability|p1a: Calyrex|As One\n|-ability|p1a: Calyrex|Unnerve\n|turn|13\n|\n|t:|1733779141\n|move|p1a: Calyrex|Astral Barrage|p2a: Medicham\n|-supereffective|p2a: Medicham\n|-damage|p2a: Medicham|0 fnt\n|faint|p2a: Medicham\n|-ability|p1a: Calyrex|Grim Neigh|boost\n|-boost|p1a: Calyrex|spa|1\n|\n|-heal|p1a: Calyrex|101/235|[from] Grassy Terrain\n|upkeep\n|\n|t:|1733779142\n|switch|p2a: Azelf|Azelf, L82|257/257\n|turn|14\n|\n|t:|1733779150\n|move|p2a: Azelf|Thunderbolt|p1a: Calyrex\n|-damage|p1a: Calyrex|0 fnt\n|faint|p1a: Calyrex\n|\n|-fieldend|move: Grassy Terrain\n|upkeep\n|\n|t:|1733779155\n|switch|p1a: Appletun|Appletun, L92, F|352/352\n|turn|15\n|\n|t:|1733779158\n|switch|p2a: Floatzel|Floatzel, L85, F|283/283\n|move|p1a: Appletun|Leech Seed|p2a: Floatzel|[miss]\n|-miss|p1a: Appletun|p2a: Floatzel\n|\n|upkeep\n|turn|16\n|\n|t:|1733779165\n|move|p2a: Floatzel|Ice Spinner|p1a: Appletun\n|-supereffective|p1a: Appletun\n|-damage|p1a: Appletun|168/352\n|move|p1a: Appletun|Apple Acid|p2a: Floatzel\n|-supereffective|p2a: Floatzel\n|-damage|p2a: Floatzel|0 fnt\n|faint|p2a: Floatzel\n|\n|-heal|p1a: Appletun|190/352|[from] item: Leftovers\n|upkeep\n|\n|t:|1733779167\n|switch|p2a: Azelf|Azelf, L82|257/257\n|turn|17\n|\n|t:|1733779174\n|move|p2a: Azelf|Psychic|p1a: Appletun\n|-damage|p1a: Appletun|28/352\n|move|p1a: Appletun|Apple Acid|p2a: Azelf\n|-damage|p2a: Azelf|137/257\n|-unboost|p2a: Azelf|spd|1\n|\n|-heal|p1a: Appletun|50/352|[from] item: Leftovers\n|upkeep\n|turn|18\n|\n|t:|1733779183\n|move|p2a: Azelf|Psychic|p1a: Appletun\n|-damage|p1a: Appletun|0 fnt\n|faint|p1a: Appletun\n|\n|upkeep\n|\n|t:|1733779187\n|switch|p1a: Arboliva|Arboliva, L91, M|290/290\n|turn|19\n|\n|t:|1733779191\n|-terastallize|p1a: Arboliva|Grass\n|move|p2a: Azelf|Psychic|p1a: Arboliva\n|-damage|p1a: Arboliva|172/290\n|-fieldstart|move: Grassy Terrain|[from] ability: Seed Sower|[of] p1a: Arboliva\n|move|p1a: Arboliva|Energy Ball|p2a: Azelf\n|-damage|p2a: Azelf|0 fnt\n|faint|p2a: Azelf\n|\n|win|Gilviscleidson\n|raw|Gilviscleidson's rating: 1450 &rarr; <strong>1471</strong><br />(+21 for winning)\n|raw|yeeeyt's rating: 1466 &rarr; <strong>1445</strong><br />(-21 for losing)\n", "inputlog": ">version bfd83cad13791eb5a5a409923076391caf6fb4d4\n>start {\"formatid\":\"gen9randombattle\",\"seed\":[889,19268,13531,43253],\"rated\":\"Rated battle\"}\n>player p1 {\"name\":\"Gilviscleidson\",\"avatar\":\"265\",\"rating\":1450,\"seed\":[64284,33193,4128,25839]}\n>player p2 {\"name\":\"yeeeyt\",\"avatar\":\"1\",\"rating\":1466,\"seed\":[59916,44523,27756,11134]}\n>p1 move sunsteelstrike\n>p2 move bite\n>p2 switch 6\n>p1 move sunsteelstrike\n>p2 move closecombat\n>p1 switch 6\n>p1 move astralbarrage\n>p2 switch 2\n>p1 move astralbarrage\n>p2 move bravebird\n>p2 switch 3\n>p1 switch 4\n>p2 move psychic\n>p1 switch 5\n>p2 move psychic\n>p1 move shadowball\n>p2 move psychic\n>p1 switch 4\n>p1 move astralbarrage\n>p2 switch 4\n>p1 move astralbarrage\n>p2 move aquajet terastallize\n>p2 switch 4\n>p1 switch 2\n>p2 move thunderbolt\n>p1 move energyball\n>p2 switch 2\n>p1 switch 5\n>p2 move icepunch\n>p1 switch 2\n>p1 move astralbarrage\n>p2 move icepunch\n>p2 switch 2\n>p1 move astralbarrage\n>p2 move thunderbolt\n>p1 switch 3\n>p1 move leechseed\n>p2 switch 5\n>p1 move appleacid\n>p2 move icespinner\n>p2 switch 5\n>p1 move appleacid\n>p2 move psychic\n>p1 move appleacid\n>p2 move psychic\n>p1 switch 5\n>p1 move energyball terastallize\n>p2 move psychic", "uploadtime": 1733779199, "views": 1, "formatid": "gen9randombattle", "rating": 1445, "private": 0, "password": null}