{"id": "gen9randombattle-2260389824", "format": "[Gen 9] Random Battle", "players": ["shxrtii", "cial chat ro"], "log": "|j|\u2606shxrtii\n|j|\u2606cial chat ro\n|t:|1733846883\n|gametype|singles\n|player|p1|shxrtii|volkner|1252\n|player|p2|cial chat ro|blackbelt-gen4dp|1256\n|teamsize|p1|6\n|teamsize|p2|6\n|gen|9\n|tier|[Gen 9] Random Battle\n|rated|\n|rule|Species Clause: Limit one of each Pok\u00e9mon\n|rule|HP Percentage Mod: HP is shown in percentages\n|rule|Sleep Clause Mod: Limit one foe put to sleep\n|rule|Illusion Level Mod: Illusion disguises the Pok\u00e9mon's true level\n|\n|t:|1733846883\n|start\n|switch|p1a: Umbreon|Umbreon, L84, M|297/297\n|switch|p2a: Avalugg|Avalugg, L88, F|310/310\n|turn|1\n|inactive|Battle timer is ON: inactive players will automatically lose when time's up. (requested by shxrtii)\n|\n|t:|1733846890\n|move|p1a: Umbreon|Toxic|p2a: Avalugg\n|-status|p2a: Avalugg|tox\n|move|p2a: Avalugg|Rapid Spin|p1a: Umbreon\n|-damage|p1a: Umbreon|260/297\n|-boost|p2a: Avalugg|spe|1\n|\n|-heal|p1a: Umbreon|278/297|[from] item: Leftovers\n|-damage|p2a: Avalugg|291/310 tox|[from] psn\n|upkeep\n|turn|2\n|\n|t:|1733846899\n|move|p1a: Umbreon|Foul Play|p2a: Avalugg\n|-damage|p2a: Avalugg|225/310 tox\n|move|p2a: Avalugg|Body Press|p1a: Umbreon\n|-supereffective|p1a: Umbreon\n|-damage|p1a: Umbreon|102/297\n|\n|-heal|p1a: Umbreon|120/297|[from] item: Leftovers\n|-damage|p2a: Avalugg|187/310 tox|[from] psn\n|upkeep\n|turn|3\n|\n|t:|1733846907\n|move|p1a: Umbreon|Protect|p1a: Umbreon\n|-singleturn|p1a: Umbreon|Protect\n|move|p2a: Avalugg|Rapid Spin|p1a: Umbreon\n|-activate|p1a: Umbreon|move: Protect\n|\n|-heal|p1a: Umbreon|138/297|[from] item: Leftovers\n|-damage|p2a: Avalugg|130/310 tox|[from] psn\n|upkeep\n|turn|4\n|\n|t:|1733846917\n|switch|p1a: Gholdengo|Gholdengo, L77|261/261\n|move|p2a: Avalugg|Body Press|p1a: Gholdengo\n|-immune|p1a: Gholdengo\n|\n|-damage|p2a: Avalugg|54/310 tox|[from] psn\n|upkeep\n|turn|5\n|\n|t:|1733846927\n|move|p1a: Gholdengo|Nasty Plot|p1a: Gholdengo\n|-boost|p1a: Gholdengo|spa|2\n|move|p2a: Avalugg|Avalanche|p1a: Gholdengo\n|-resisted|p1a: Gholdengo\n|-damage|p1a: Gholdengo|221/261\n|\n|-heal|p1a: Gholdengo|237/261|[from] item: Leftovers\n|-damage|p2a: Avalugg|0 fnt|[from] psn\n|faint|p2a: Avalugg\n|upkeep\n|\n|t:|1733846938\n|switch|p2a: Typhlosion|Typhlosion, L84, M|267/267\n|turn|6\n|\n|t:|1733846946\n|move|p2a: Typhlosion|Eruption|p1a: Gholdengo\n|-supereffective|p1a: Gholdengo\n|-damage|p1a: Gholdengo|0 fnt\n|faint|p1a: Gholdengo\n|\n|upkeep\n|\n|t:|1733846958\n|switch|p1a: Umbreon|Umbreon, L84, M|138/297\n|turn|7\n|\n|t:|1733846960\n|move|p2a: Typhlosion|Eruption|p1a: Umbreon\n|-damage|p1a: Umbreon|0 fnt\n|faint|p1a: Umbreon\n|\n|upkeep\n|\n|t:|1733846981\n|switch|p1a: Hypno|Hypno, L95, M|315/315\n|turn|8\n|\n|t:|1733846996\n|switch|p2a: Pawmot|Pawmot, L80, F|243/243\n|move|p1a: Hypno|Thunder Wave|p2a: Pawmot\n|-immune|p2a: Pawmot|[from] ability: Volt Absorb\n|\n|upkeep\n|turn|9\n|\n|t:|1733847021\n|-terastallize|p2a: Pawmot|Electric\n|move|p2a: Pawmot|Double Shock|p1a: Hypno\n|-damage|p1a: Hypno|127/315\n|-start|p2a: Pawmot|typechange|Electric|[from] move: Double Shock\n|move|p1a: Hypno|Psychic Noise|p2a: Pawmot\n|-damage|p2a: Pawmot|122/243\n|-start|p2a: Pawmot|move: Heal Block\n|\n|-heal|p1a: Hypno|146/315|[from] item: Leftovers\n|upkeep\n|turn|10\n|\n|t:|1733847033\n|move|p2a: Pawmot|Double Shock|p1a: Hypno\n|-damage|p1a: Hypno|0 fnt\n|-start|p2a: Pawmot|typechange|Electric|[from] move: Double Shock\n|faint|p1a: Hypno\n|\n|-end|p2a: Pawmot|move: Heal Block\n|upkeep\n|\n|t:|1733847040\n|switch|p1a: Pincurchin|Pincurchin, F|258/258\n|-fieldstart|move: Electric Terrain|[from] ability: Electric Surge|[of] p1a: Pincurchin\n|turn|11\n|\n|t:|1733847047\n|move|p2a: Pawmot|Revival Blessing|p2a: Pawmot\n|-enditem|p2a: Pawmot|Leppa Berry|[eat]\n|-activate|p2a: Pawmot|item: Leppa Berry|Revival Blessing|[consumed]\n|\n|t:|1733847050\n|-heal|p2: Avalugg|155/310|[from] move: Revival Blessing\n|move|p1a: Pincurchin|Curse|p1a: Pincurchin\n|-unboost|p1a: Pincurchin|spe|1\n|-boost|p1a: Pincurchin|atk|1\n|-boost|p1a: Pincurchin|def|1\n|\n|upkeep\n|turn|12\n|\n|t:|1733847070\n|switch|p2a: Gardevoir|Gardevoir, L83, F|249/249\n|-ability|p2a: Gardevoir|Electric Surge|[from] ability: Trace|[of] p1a: Pincurchin\n|move|p1a: Pincurchin|Curse|p1a: Pincurchin\n|-unboost|p1a: Pincurchin|spe|1\n|-boost|p1a: Pincurchin|atk|1\n|-boost|p1a: Pincurchin|def|1\n|\n|upkeep\n|turn|13\n|\n|t:|1733847082\n|move|p2a: Gardevoir|Moonblast|p1a: Pincurchin\n|-damage|p1a: Pincurchin|153/258\n|move|p1a: Pincurchin|Zing Zap|p2a: Gardevoir\n|-damage|p2a: Gardevoir|0 fnt\n|faint|p2a: Gardevoir\n|\n|-heal|p1a: Pincurchin|169/258|[from] item: Leftovers\n|upkeep\n|\n|t:|1733847102\n|switch|p2a: Typhlosion|Typhlosion, L84, M|267/267\n|turn|14\n|\n|t:|1733847106\n|move|p2a: Typhlosion|Eruption|p1a: Pincurchin\n|-damage|p1a: Pincurchin|0 fnt\n|faint|p1a: Pincurchin\n|\n|upkeep\n|\n|t:|1733847109\n|switch|p1a: Dudunsparce|Dudunsparce-Three-Segment, L83, M|343/343\n|turn|15\n|\n|t:|1733847114\n|switch|p2a: Avalugg|Avalugg, L88, F|155/310\n|move|p1a: Dudunsparce|Earthquake|p2a: Avalugg\n|-damage|p2a: Avalugg|115/310\n|\n|-fieldend|move: Electric Terrain\n|upkeep\n|turn|16\n|-message|shxrtii forfeited.\n|\n|win|cial chat ro\n|raw|shxrtii's rating: 1252 &rarr; <strong>1227</strong><br />(-25 for losing)\n|raw|cial chat ro's rating: 1256 &rarr; <strong>1281</strong><br />(+25 for winning)\n|l|\u2606shxrtii\n|player|p1|\n", "inputlog": ">version bfd83cad13791eb5a5a409923076391caf6fb4d4\n>start {\"formatid\":\"gen9randombattle\",\"seed\":[4137,53459,39198,33409],\"rated\":\"Rated battle\"}\n>player p1 {\"name\":\"shxrtii\",\"avatar\":\"volkner\",\"rating\":1252,\"seed\":[65005,28299,7643,10471]}\n>player p2 {\"name\":\"cial chat ro\",\"avatar\":\"blackbelt-gen4dp\",\"rating\":1256,\"seed\":[24479,60740,11644,16969]}\n>p1 move toxic\n>p2 move rapidspin\n>p1 move foulplay\n>p2 move bodypress\n>p1 move protect\n>p2 move rapidspin\n>p1 switch 2\n>p2 move bodypress\n>p1 move nastyplot\n>p2 move avalanche\n>p2 switch 2\n>p1 move shadowball\n>p2 move eruption\n>p1 switch 2\n>p1 move toxic\n>p2 move eruption\n>p1 switch 3\n>p1 move thunderwave\n>p2 switch 6\n>p1 move psychicnoise\n>p2 move doubleshock terastallize\n>p1 move knockoff\n>p2 move doubleshock\n>p1 switch 6\n>p1 move curse\n>p2 move revivalblessing\n>p2 switch 2\n>p1 move curse\n>p2 switch 4\n>p1 move zingzap\n>p2 move moonblast\n>p2 switch 6\n>p1 move recover\n>p2 move eruption\n>p1 switch 5\n>p1 move earthquake\n>p2 switch 2\n>forcelose p1", "uploadtime": 1733847133, "views": 1, "formatid": "gen9randombattle", "rating": 1227, "private": 0, "password": null}