{"id": "gen9randombattle-2260701894", "format": "[Gen 9] Random Battle", "players": ["MixGree", "16dht"], "log": "|j|\u2606MixGree\n|j|\u260616dht\n|t:|1733880344\n|gametype|singles\n|player|p1|MixGree|caitlin|\n|player|p2|16dht|169|\n|teamsize|p1|6\n|teamsize|p2|6\n|gen|9\n|tier|[Gen 9] Random Battle\n|rule|Species Clause: Limit one of each Pok\u00e9mon\n|rule|HP Percentage Mod: HP is shown in percentages\n|rule|Sleep Clause Mod: Limit one foe put to sleep\n|rule|Illusion Level Mod: Illusion disguises the Pok\u00e9mon's true level\n|\n|t:|1733880344\n|start\n|switch|p1a: Chimecho|Chimecho, L93, M|290/290\n|switch|p2a: Iron Valiant|Iron Valiant, L78|244/244\n|turn|1\n|\n|t:|1733880354\n|move|p2a: Iron Valiant|Knock Off|p1a: Chimecho\n|-supereffective|p1a: Chimecho\n|-damage|p1a: Chimecho|103/290\n|-enditem|p1a: Chimecho|Leftovers|[from] move: Knock Off|[of] p2a: Iron Valiant\n|-damage|p2a: Iron Valiant|220/244|[from] item: Life Orb\n|move|p1a: Chimecho|Cosmic Power|p1a: Chimecho\n|-boost|p1a: Chimecho|def|1\n|-boost|p1a: Chimecho|spd|1\n|\n|upkeep\n|turn|2\n|\n|t:|1733880373\n|move|p2a: Iron Valiant|Close Combat|p1a: Chimecho\n|-resisted|p1a: Chimecho\n|-crit|p1a: Chimecho\n|-damage|p1a: Chimecho|0 fnt\n|-unboost|p2a: Iron Valiant|def|1\n|-unboost|p2a: Iron Valiant|spd|1\n|faint|p1a: Chimecho\n|-damage|p2a: Iron Valiant|196/244|[from] item: Life Orb\n|\n|upkeep\n|\n|t:|1733880382\n|switch|p1a: Corviknight|Corviknight, L80, F|288/288\n|turn|3\n|\n|t:|1733880396\n|move|p2a: Iron Valiant|Spirit Break|p1a: Corviknight\n|-resisted|p1a: Corviknight\n|-damage|p1a: Corviknight|239/288\n|-ability|p1a: Corviknight|Mirror Armor\n|-unboost|p2a: Iron Valiant|spa|1\n|-damage|p2a: Iron Valiant|156/244|[from] item: Rocky Helmet|[of] p1a: Corviknight\n|-damage|p2a: Iron Valiant|132/244|[from] item: Life Orb\n|move|p1a: Corviknight|Brave Bird|p2a: Iron Valiant\n|-supereffective|p2a: Iron Valiant\n|-damage|p2a: Iron Valiant|0 fnt\n|faint|p2a: Iron Valiant\n|-end|p2a: Iron Valiant|Quark Drive|[silent]\n|-damage|p1a: Corviknight|195/288|[from] Recoil\n|\n|upkeep\n|\n|t:|1733880411\n|switch|p2a: Heracross|Heracross, L80, F|259/259\n|turn|4\n|\n|t:|1733880417\n|move|p2a: Heracross|Knock Off|p1a: Corviknight\n|-damage|p1a: Corviknight|128/288\n|-damage|p2a: Heracross|216/259|[from] item: Rocky Helmet|[of] p1a: Corviknight\n|-enditem|p1a: Corviknight|Rocky Helmet|[from] move: Knock Off|[of] p2a: Heracross\n|move|p1a: Corviknight|U-turn|p2a: Heracross\n|-resisted|p2a: Heracross\n|-damage|p2a: Heracross|191/259\n|\n|t:|1733880425\n|switch|p1a: Deoxys|Deoxys-Defense, L84|221/221|[from] U-turn\n|-ability|p1a: Deoxys|Pressure\n|\n|-status|p2a: Heracross|brn|[from] item: Flame Orb\n|upkeep\n|turn|5\n|\n|t:|1733880449\n|move|p1a: Deoxys|Stealth Rock|p2a: Heracross\n|-sidestart|p2: 16dht|move: Stealth Rock\n|move|p2a: Heracross|Close Combat|p1a: Deoxys\n|-resisted|p1a: Deoxys\n|-damage|p1a: Deoxys|156/221\n|-unboost|p2a: Heracross|def|1\n|-unboost|p2a: Heracross|spd|1\n|-damage|p2a: Heracross|148/259 brn|[from] item: Rocky Helmet|[of] p1a: Deoxys\n|\n|-damage|p2a: Heracross|132/259 brn|[from] brn\n|upkeep\n|turn|6\n|\n|t:|1733880464\n|move|p1a: Deoxys|Psychic Noise|p2a: Heracross\n|-supereffective|p2a: Heracross\n|-damage|p2a: Heracross|0 fnt\n|faint|p2a: Heracross\n|\n|upkeep\n|\n|t:|1733880471\n|switch|p2a: Kleavor|Kleavor, L78, F|237/237\n|turn|7\n|\n|t:|1733880478\n|move|p1a: Deoxys|Psychic Noise|p2a: Kleavor\n|-damage|p2a: Kleavor|150/237\n|-start|p2a: Kleavor|move: Heal Block\n|move|p2a: Kleavor|Stone Axe|p1a: Deoxys\n|-damage|p1a: Deoxys|81/221\n|-damage|p2a: Kleavor|111/237|[from] item: Rocky Helmet|[of] p1a: Deoxys\n|-sidestart|p1: MixGree|move: Stealth Rock\n|\n|upkeep\n|turn|8\n|\n|t:|1733880489\n|move|p1a: Deoxys|Recover|p1a: Deoxys\n|-heal|p1a: Deoxys|192/221\n|move|p2a: Kleavor|X-Scissor|p1a: Deoxys\n|-supereffective|p1a: Deoxys\n|-damage|p1a: Deoxys|28/221\n|-damage|p2a: Kleavor|72/237|[from] item: Rocky Helmet|[of] p1a: Deoxys\n|\n|-end|p2a: Kleavor|move: Heal Block\n|upkeep\n|turn|9\n|\n|t:|1733880499\n|move|p1a: Deoxys|Recover|p1a: Deoxys\n|-heal|p1a: Deoxys|139/221\n|move|p2a: Kleavor|X-Scissor|p1a: Deoxys\n|-supereffective|p1a: Deoxys\n|-damage|p1a: Deoxys|0 fnt\n|-damage|p2a: Kleavor|33/237|[from] item: Rocky Helmet|[of] p1a: Deoxys\n|faint|p1a: Deoxys\n|\n|upkeep\n|\n|t:|1733880509\n|switch|p1a: Corviknight|Corviknight, L80, F|128/288\n|-damage|p1a: Corviknight|92/288|[from] Stealth Rock\n|turn|10\n|\n|t:|1733880516\n|move|p2a: Kleavor|X-Scissor|p1a: Corviknight\n|-resisted|p1a: Corviknight\n|-damage|p1a: Corviknight|62/288\n|move|p1a: Corviknight|Brave Bird|p2a: Kleavor\n|-damage|p2a: Kleavor|0 fnt\n|faint|p2a: Kleavor\n|-damage|p1a: Corviknight|51/288|[from] Recoil\n|\n|upkeep\n|\n|t:|1733880526\n|switch|p2a: Ambipom|Ambipom, L84, M|263/263\n|-damage|p2a: Ambipom|231/263|[from] Stealth Rock\n|turn|11\n|\n|t:|1733880532\n|move|p2a: Ambipom|U-turn|p1a: Corviknight\n|-resisted|p1a: Corviknight\n|-damage|p1a: Corviknight|34/288\n|\n|t:|1733880547\n|switch|p2a: Cresselia|Cresselia, L80, F|323/323|[from] U-turn\n|-damage|p2a: Cresselia|283/323|[from] Stealth Rock\n|move|p1a: Corviknight|U-turn|p2a: Cresselia\n|-supereffective|p2a: Cresselia\n|-damage|p2a: Cresselia|215/323\n|\n|t:|1733880557\n|switch|p1a: Koraidon|Koraidon, L64|235/235|[from] U-turn\n|-damage|p1a: Koraidon|221/235|[from] Stealth Rock\n|-weather|SunnyDay|[from] ability: Orichalcum Pulse|[of] p1a: Koraidon\n|-activate|p1a: Koraidon|Orichalcum Pulse|[source]\n|\n|-weather|SunnyDay|[upkeep]\n|-heal|p2a: Cresselia|235/323|[from] item: Leftovers\n|upkeep\n|turn|12\n|\n|t:|1733880571\n|move|p1a: Koraidon|Swords Dance|p1a: Koraidon\n|-boost|p1a: Koraidon|atk|2\n|move|p2a: Cresselia|Moonlight|p2a: Cresselia\n|-heal|p2a: Cresselia|323/323\n|\n|-weather|SunnyDay|[upkeep]\n|upkeep\n|turn|13\n|\n|t:|1733880583\n|move|p1a: Koraidon|Scale Shot|p2a: Cresselia\n|-damage|p2a: Cresselia|275/323\n|-damage|p2a: Cresselia|224/323\n|-damage|p2a: Cresselia|175/323\n|-damage|p2a: Cresselia|129/323\n|-hitcount|p2a: Cresselia|4\n|-unboost|p1a: Koraidon|def|1\n|-boost|p1a: Koraidon|spe|1\n|move|p2a: Cresselia|Moonblast|p1a: Koraidon\n|-supereffective|p1a: Koraidon\n|-damage|p1a: Koraidon|0 fnt\n|faint|p1a: Koraidon\n|\n|-weather|SunnyDay|[upkeep]\n|-heal|p2a: Cresselia|149/323|[from] item: Leftovers\n|upkeep\n|\n|t:|1733880601\n|switch|p1a: Corviknight|Corviknight, L80, F|34/288\n|-damage|p1a: Corviknight|0 fnt|[from] Stealth Rock\n|faint|p1a: Corviknight\n|\n|t:|1733880606\n|switch|p1a: Zebstrika|Zebstrika, L87, M|272/272\n|-damage|p1a: Zebstrika|238/272|[from] Stealth Rock\n|turn|14\n|\n|t:|1733880616\n|move|p1a: Zebstrika|High Horsepower|p2a: Cresselia\n|-immune|p2a: Cresselia|[from] ability: Levitate\n|move|p2a: Cresselia|Psyshock|p1a: Zebstrika\n|-damage|p1a: Zebstrika|160/272\n|\n|-weather|SunnyDay|[upkeep]\n|-heal|p2a: Cresselia|169/323|[from] item: Leftovers\n|upkeep\n|turn|15\n|\n|t:|1733880628\n|move|p1a: Zebstrika|Overheat|p2a: Cresselia\n|-damage|p2a: Cresselia|40/323\n|-unboost|p1a: Zebstrika|spa|2\n|-damage|p1a: Zebstrika|133/272|[from] item: Life Orb\n|move|p2a: Cresselia|Calm Mind|p2a: Cresselia\n|-boost|p2a: Cresselia|spa|1\n|-boost|p2a: Cresselia|spd|1\n|\n|-weather|none\n|-heal|p2a: Cresselia|60/323|[from] item: Leftovers\n|upkeep\n|turn|16\n|\n|t:|1733880641\n|move|p1a: Zebstrika|Supercell Slam|p2a: Cresselia\n|-damage|p2a: Cresselia|0 fnt\n|faint|p2a: Cresselia\n|-damage|p1a: Zebstrika|106/272|[from] item: Life Orb\n|\n|upkeep\n|\n|t:|1733880651\n|switch|p2a: Ceruledge|Ceruledge, L78, M|245/245\n|turn|17\n|\n|t:|1733880659\n|move|p1a: Zebstrika|High Horsepower|p2a: Ceruledge\n|-supereffective|p2a: Ceruledge\n|-damage|p2a: Ceruledge|32/245\n|-ability|p2a: Ceruledge|Weak Armor|boost\n|-unboost|p2a: Ceruledge|def|1\n|-boost|p2a: Ceruledge|spe|2\n|-damage|p1a: Zebstrika|79/272|[from] item: Life Orb\n|move|p2a: Ceruledge|Close Combat|p1a: Zebstrika\n|-damage|p1a: Zebstrika|0 fnt\n|-unboost|p2a: Ceruledge|def|1\n|-unboost|p2a: Ceruledge|spd|1\n|faint|p1a: Zebstrika\n|\n|upkeep\n|\n|t:|1733880672\n|switch|p1a: Rotom|Rotom, L88|231/231\n|-damage|p1a: Rotom|203/231|[from] Stealth Rock\n|turn|18\n|\n|t:|1733880679\n|move|p2a: Ceruledge|Poltergeist|p1a: Rotom\n|-activate|p1a: Rotom|move: Poltergeist|Life Orb\n|-supereffective|p1a: Rotom\n|-damage|p1a: Rotom|0 fnt\n|faint|p1a: Rotom\n|\n|win|16dht\n|l|\u2606MixGree\n|player|p1|\n", "inputlog": ">version bfd83cad13791eb5a5a409923076391caf6fb4d4\n>start {\"formatid\":\"gen9randombattle\",\"seed\":[50186,57220,346,2259]}\n>player p1 {\"name\":\"MixGree\",\"avatar\":\"caitlin\",\"rating\":0,\"seed\":[22026,18299,14973,34657]}\n>player p2 {\"name\":\"16dht\",\"avatar\":\"169\",\"rating\":0,\"seed\":[32441,27206,45866,28018]}\n>p1 move cosmicpower\n>p2 move knockoff\n>p1 move recover\n>p2 move closecombat\n>p1 switch 5\n>p1 move bravebird\n>p2 move spiritbreak\n>p2 switch 2\n>p1 move uturn\n>p2 move knockoff\n>p1 switch 2\n>p1 move stealthrock\n>p2 move closecombat\n>p1 move psychicnoise\n>p2 move knockoff\n>p2 switch 3\n>p1 move psychicnoise\n>p2 move stoneaxe\n>p1 move recover\n>p2 move xscissor\n>p1 move recover\n>p2 move xscissor\n>p1 switch 2\n>p1 move bravebird\n>p2 move xscissor\n>p2 switch 4\n>p1 move uturn\n>p2 move uturn\n>p2 switch 6\n>p1 switch 4\n>p1 move swordsdance\n>p2 move moonlight\n>p1 move scaleshot\n>p2 move moonblast\n>p1 switch 4\n>p1 switch 6\n>p1 move highhorsepower\n>p2 move psyshock\n>p1 move overheat\n>p2 move calmmind\n>p1 move supercellslam\n>p2 move moonlight\n>p2 switch 5\n>p1 move highhorsepower\n>p2 move closecombat\n>p1 switch 3\n>p1 move thunderbolt\n>p2 move poltergeist", "uploadtime": 1733880693, "views": 2, "formatid": "gen9randombattle", "rating": null, "private": 0, "password": null}