{"id": "gen9randombattle-2260705977", "format": "[Gen 9] Random Battle", "players": ["luiscbc", "grassychan"], "log": "|j|\u2606luiscbc\n|j|\u2606grassychan\n|t:|1733880868\n|gametype|singles\n|player|p1|luiscbc|102|1331\n|player|p2|grassychan|1|1297\n|teamsize|p1|6\n|teamsize|p2|6\n|gen|9\n|tier|[Gen 9] Random Battle\n|rated|\n|rule|Species Clause: Limit one of each Pok\u00e9mon\n|rule|HP Percentage Mod: HP is shown in percentages\n|rule|Sleep Clause Mod: Limit one foe put to sleep\n|rule|Illusion Level Mod: Illusion disguises the Pok\u00e9mon's true level\n|\n|t:|1733880868\n|start\n|switch|p1a: Articuno|Articuno-Galar, L84|288/288\n|switch|p2a: Sylveon|Sylveon, L85, M|300/300\n|turn|1\n|\n|t:|1733880911\n|move|p1a: Articuno|Calm Mind|p1a: Articuno\n|-boost|p1a: Articuno|spa|1\n|-boost|p1a: Articuno|spd|1\n|move|p2a: Sylveon|Calm Mind|p2a: Sylveon\n|-boost|p2a: Sylveon|spa|1\n|-boost|p2a: Sylveon|spd|1\n|\n|upkeep\n|turn|2\n|\n|t:|1733880924\n|switch|p1a: Hoopa|Hoopa, L85|275/275\n|move|p2a: Sylveon|Calm Mind|p2a: Sylveon\n|-boost|p2a: Sylveon|spa|1\n|-boost|p2a: Sylveon|spd|1\n|\n|upkeep\n|turn|3\n|\n|t:|1733880933\n|move|p1a: Hoopa|Trick|p2a: Sylveon\n|-activate|p1a: Hoopa|move: Trick|[of] p2a: Sylveon\n|-item|p2a: Sylveon|Choice Scarf|[from] move: Trick\n|-item|p1a: Hoopa|Leftovers|[from] move: Trick\n|move|p2a: Sylveon|Hyper Voice|p1a: Hoopa\n|-damage|p1a: Hoopa|83/275\n|\n|-heal|p1a: Hoopa|100/275|[from] item: Leftovers\n|upkeep\n|turn|4\n|c|\u2606grassychan|c mamo\n|\n|t:|1733880957\n|switch|p1a: Magearna|Magearna, L77|250/250\n|move|p2a: Sylveon|Hyper Voice|p1a: Magearna\n|-resisted|p1a: Magearna\n|-damage|p1a: Magearna|127/250\n|\n|upkeep\n|turn|5\n|c|\u2606grassychan|nvm\n|\n|t:|1733880969\n|move|p2a: Sylveon|Hyper Voice|p1a: Magearna\n|-resisted|p1a: Magearna\n|-damage|p1a: Magearna|4/250\n|move|p1a: Magearna|Iron Head|p2a: Sylveon\n|-supereffective|p2a: Sylveon\n|-damage|p2a: Sylveon|126/300\n|\n|upkeep\n|turn|6\n|\n|t:|1733880981\n|move|p2a: Sylveon|Hyper Voice|p1a: Magearna\n|-resisted|p1a: Magearna\n|-damage|p1a: Magearna|0 fnt\n|faint|p1a: Magearna\n|\n|upkeep\n|\n|t:|1733880988\n|switch|p1a: Tropius|Tropius, L91, M|328/328\n|turn|7\n|\n|t:|1733880995\n|move|p2a: Sylveon|Hyper Voice|p1a: Tropius\n|-damage|p1a: Tropius|105/328\n|-enditem|p1a: Tropius|Sitrus Berry|[eat]\n|-heal|p1a: Tropius|187/328|[from] item: Sitrus Berry\n|move|p1a: Tropius|Leech Seed|p2a: Sylveon\n|-start|p2a: Sylveon|move: Leech Seed\n|\n|-damage|p2a: Sylveon|89/300|[from] Leech Seed|[of] p1a: Tropius\n|-heal|p1a: Tropius|224/328|[silent]\n|upkeep\n|turn|8\n|\n|t:|1733881005\n|move|p1a: Tropius|Protect|p1a: Tropius\n|-singleturn|p1a: Tropius|Protect\n|move|p2a: Sylveon|Hyper Voice|p1a: Tropius\n|-activate|p1a: Tropius|move: Protect\n|\n|-damage|p2a: Sylveon|52/300|[from] Leech Seed|[of] p1a: Tropius\n|-heal|p1a: Tropius|261/328|[silent]\n|upkeep\n|turn|9\n|\n|t:|1733881029\n|move|p2a: Sylveon|Hyper Voice|p1a: Tropius\n|-damage|p1a: Tropius|35/328\n|move|p1a: Tropius|Air Slash|p2a: Sylveon\n|-damage|p2a: Sylveon|25/300\n|\n|-damage|p2a: Sylveon|0 fnt|[from] Leech Seed|[of] p1a: Tropius\n|-heal|p1a: Tropius|60/328|[silent]\n|faint|p2a: Sylveon\n|-item|p1a: Tropius|Sitrus Berry|[from] ability: Harvest\n|upkeep\n|-enditem|p1a: Tropius|Sitrus Berry|[eat]\n|-heal|p1a: Tropius|142/328|[from] item: Sitrus Berry\n|\n|t:|1733881041\n|switch|p2a: Lapras|Lapras, L87, M|367/367\n|turn|10\n|\n|t:|1733881055\n|move|p1a: Tropius|Protect|p1a: Tropius\n|-singleturn|p1a: Tropius|Protect\n|move|p2a: Lapras|Ice Beam|p1a: Tropius\n|-activate|p1a: Tropius|move: Protect\n|\n|-item|p1a: Tropius|Sitrus Berry|[from] ability: Harvest\n|upkeep\n|-enditem|p1a: Tropius|Sitrus Berry|[eat]\n|-heal|p1a: Tropius|224/328|[from] item: Sitrus Berry\n|turn|11\n|\n|t:|1733881068\n|-terastallize|p1a: Tropius|Steel\n|move|p2a: Lapras|Ice Beam|p1a: Tropius\n|-resisted|p1a: Tropius\n|-damage|p1a: Tropius|158/328\n|move|p1a: Tropius|Leech Seed|p2a: Lapras\n|-start|p2a: Lapras|move: Leech Seed\n|\n|-damage|p2a: Lapras|322/367|[from] Leech Seed|[of] p1a: Tropius\n|-heal|p1a: Tropius|203/328|[silent]\n|-item|p1a: Tropius|Sitrus Berry|[from] ability: Harvest\n|upkeep\n|turn|12\n|\n|t:|1733881081\n|switch|p2a: Heracross|Heracross, L80, F|259/259\n|move|p1a: Tropius|Substitute|p1a: Tropius\n|-start|p1a: Tropius|Substitute\n|-damage|p1a: Tropius|121/328\n|-enditem|p1a: Tropius|Sitrus Berry|[eat]\n|-heal|p1a: Tropius|203/328|[from] item: Sitrus Berry\n|\n|-status|p2a: Heracross|brn|[from] item: Flame Orb\n|-item|p1a: Tropius|Sitrus Berry|[from] ability: Harvest\n|upkeep\n|turn|13\n|\n|t:|1733881096\n|move|p2a: Heracross|Facade|p1a: Tropius\n|-resisted|p1a: Tropius\n|-end|p1a: Tropius|Substitute\n|move|p1a: Tropius|Leech Seed|p2a: Heracross\n|-start|p2a: Heracross|move: Leech Seed\n|\n|-damage|p2a: Heracross|227/259 brn|[from] Leech Seed|[of] p1a: Tropius\n|-heal|p1a: Tropius|235/328|[silent]\n|-damage|p2a: Heracross|211/259 brn|[from] brn\n|upkeep\n|turn|14\n|\n|t:|1733881117\n|switch|p2a: Minior|Minior-Green, L79|224/224\n|-formechange|p2a: Minior|Minior-Meteor||[from] ability: Shields Down\n|move|p1a: Tropius|Protect||[still]\n|-fail|p1a: Tropius\n|\n|upkeep\n|turn|15\n|\n|t:|1733881124\n|move|p1a: Tropius|Leech Seed|p2a: Minior\n|-start|p2a: Minior|move: Leech Seed\n|move|p2a: Minior|Earthquake|p1a: Tropius\n|-supereffective|p1a: Tropius\n|-damage|p1a: Tropius|149/328\n|-enditem|p1a: Tropius|Sitrus Berry|[eat]\n|-heal|p1a: Tropius|231/328|[from] item: Sitrus Berry\n|\n|-damage|p2a: Minior|196/224|[from] Leech Seed|[of] p1a: Tropius\n|-heal|p1a: Tropius|259/328|[silent]\n|-item|p1a: Tropius|Sitrus Berry|[from] ability: Harvest\n|upkeep\n|turn|16\n|\n|t:|1733881145\n|switch|p2a: Brute Bonnet|Brute Bonnet, L81|312/312\n|move|p1a: Tropius|Substitute|p1a: Tropius\n|-start|p1a: Tropius|Substitute\n|-damage|p1a: Tropius|177/328\n|\n|upkeep\n|turn|17\n|\n|t:|1733881156\n|move|p1a: Tropius|Air Slash|p2a: Brute Bonnet\n|-supereffective|p2a: Brute Bonnet\n|-damage|p2a: Brute Bonnet|160/312\n|cant|p2a: Brute Bonnet|flinch\n|\n|-heal|p2a: Brute Bonnet|179/312|[from] item: Leftovers\n|upkeep\n|turn|18\n|\n|t:|1733881175\n|move|p1a: Tropius|Air Slash|p2a: Brute Bonnet\n|-supereffective|p2a: Brute Bonnet\n|-damage|p2a: Brute Bonnet|23/312\n|move|p2a: Brute Bonnet|Close Combat|p1a: Tropius\n|-supereffective|p1a: Tropius\n|-end|p1a: Tropius|Substitute\n|-unboost|p2a: Brute Bonnet|def|1\n|-unboost|p2a: Brute Bonnet|spd|1\n|\n|-heal|p2a: Brute Bonnet|42/312|[from] item: Leftovers\n|upkeep\n|turn|19\n|\n|t:|1733881188\n|move|p1a: Tropius|Air Slash|p2a: Brute Bonnet\n|-supereffective|p2a: Brute Bonnet\n|-damage|p2a: Brute Bonnet|0 fnt\n|faint|p2a: Brute Bonnet\n|-end|p2a: Brute Bonnet|Protosynthesis|[silent]\n|\n|upkeep\n|\n|t:|1733881192\n|switch|p2a: Heracross|Heracross, L80, F|211/259 brn\n|turn|20\n|\n|t:|1733881200\n|move|p1a: Tropius|Protect|p1a: Tropius\n|-singleturn|p1a: Tropius|Protect\n|move|p2a: Heracross|Close Combat|p1a: Tropius\n|-activate|p1a: Tropius|move: Protect\n|\n|-damage|p2a: Heracross|195/259 brn|[from] brn\n|upkeep\n|turn|21\n|\n|t:|1733881212\n|switch|p1a: Brambleghast|Brambleghast, L88, M|240/240\n|move|p2a: Heracross|Close Combat|p1a: Brambleghast\n|-immune|p1a: Brambleghast\n|\n|-damage|p2a: Heracross|179/259 brn|[from] brn\n|upkeep\n|turn|22\n|\n|t:|1733881223\n|move|p1a: Brambleghast|Leech Seed|p2a: Heracross\n|-start|p2a: Heracross|move: Leech Seed\n|move|p2a: Heracross|Knock Off|p1a: Brambleghast\n|-supereffective|p1a: Brambleghast\n|-damage|p1a: Brambleghast|0 fnt\n|-enditem|p1a: Brambleghast|Leftovers|[from] move: Knock Off|[of] p2a: Heracross\n|faint|p1a: Brambleghast\n|\n|-damage|p2a: Heracross|163/259 brn|[from] brn\n|upkeep\n|\n|t:|1733881239\n|switch|p1a: Hoopa|Hoopa, L85|100/275\n|turn|23\n|\n|t:|1733881246\n|move|p2a: Heracross|Knock Off|p1a: Hoopa\n|-supereffective|p1a: Hoopa\n|-damage|p1a: Hoopa|0 fnt\n|-enditem|p1a: Hoopa|Leftovers|[from] move: Knock Off|[of] p2a: Heracross\n|faint|p1a: Hoopa\n|\n|-damage|p2a: Heracross|147/259 brn|[from] brn\n|upkeep\n|\n|t:|1733881259\n|switch|p1a: Tropius|Tropius, L91, M, tera:Steel|177/328\n|turn|24\n|\n|t:|1733881264\n|move|p1a: Tropius|Protect|p1a: Tropius\n|-singleturn|p1a: Tropius|Protect\n|move|p2a: Heracross|Close Combat|p1a: Tropius\n|-activate|p1a: Tropius|move: Protect\n|\n|-damage|p2a: Heracross|115/259 brn|[from] Leech Seed|[of] p1a: Tropius\n|-heal|p1a: Tropius|209/328|[silent]\n|-damage|p2a: Heracross|99/259 brn|[from] brn\n|upkeep\n|turn|25\n|\n|t:|1733881278\n|switch|p2a: Minior|Minior-Green, L79|196/224\n|-formechange|p2a: Minior|Minior-Meteor||[from] ability: Shields Down\n|move|p1a: Tropius|Air Slash|p2a: Minior\n|-resisted|p2a: Minior\n|-damage|p2a: Minior|162/224\n|\n|upkeep\n|turn|26\n|\n|t:|1733881292\n|move|p1a: Tropius|Leech Seed|p2a: Minior\n|-start|p2a: Minior|move: Leech Seed\n|move|p2a: Minior|Shell Smash|p2a: Minior\n|-unboost|p2a: Minior|def|1\n|-unboost|p2a: Minior|spd|1\n|-boost|p2a: Minior|atk|2\n|-boost|p2a: Minior|spa|2\n|-boost|p2a: Minior|spe|2\n|-enditem|p2a: Minior|White Herb\n|-clearnegativeboost|p2a: Minior|[silent]\n|\n|-damage|p2a: Minior|134/224|[from] Leech Seed|[of] p1a: Tropius\n|-heal|p1a: Tropius|237/328|[silent]\n|upkeep\n|turn|27\n|\n|t:|1733881305\n|move|p1a: Tropius|Protect|p1a: Tropius\n|-singleturn|p1a: Tropius|Protect\n|move|p2a: Minior|Shell Smash|p2a: Minior\n|-unboost|p2a: Minior|def|1\n|-unboost|p2a: Minior|spd|1\n|-boost|p2a: Minior|atk|2\n|-boost|p2a: Minior|spa|2\n|-boost|p2a: Minior|spe|2\n|\n|-damage|p2a: Minior|106/224|[from] Leech Seed|[of] p1a: Tropius\n|-heal|p1a: Tropius|265/328|[silent]\n|-formechange|p2a: Minior|Minior-Green||[from] ability: Shields Down\n|upkeep\n|turn|28\n|\n|t:|1733881320\n|move|p2a: Minior|Earthquake|p1a: Tropius\n|-supereffective|p1a: Tropius\n|-damage|p1a: Tropius|0 fnt\n|faint|p1a: Tropius\n|\n|upkeep\n|\n|t:|1733881327\n|switch|p1a: Articuno|Articuno-Galar, L84|288/288\n|turn|29\n|\n|t:|1733881333\n|move|p2a: Minior|Power Gem|p1a: Articuno\n|-supereffective|p1a: Articuno\n|-damage|p1a: Articuno|0 fnt\n|faint|p1a: Articuno\n|\n|upkeep\n|n|!grassychan|grassychan\n|\n|t:|1733881338\n|switch|p1a: Sylveon|Sylveon, L85, M|300/300\n|turn|30\n|\n|t:|1733881346\n|move|p1a: Sylveon|Protect|p1a: Sylveon\n|-singleturn|p1a: Sylveon|Protect\n|move|p2a: Minior|Power Gem|p1a: Sylveon\n|-activate|p1a: Sylveon|move: Protect\n|\n|-damage|p2a: Minior|78/224|[from] Leech Seed|[of] p1a: Sylveon\n|upkeep\n|turn|31\n|\n|t:|1733881358\n|move|p2a: Minior|Acrobatics|p1a: Sylveon\n|-damage|p1a: Sylveon|0 fnt\n|faint|p1a: Sylveon\n|\n|win|grassychan\n", "inputlog": ">version bfd83cad13791eb5a5a409923076391caf6fb4d4\n>start {\"formatid\":\"gen9randombattle\",\"seed\":[2227,38290,29808,8718],\"rated\":\"Rated battle\"}\n>player p1 {\"name\":\"luiscbc\",\"avatar\":\"102\",\"rating\":1331,\"seed\":[49678,32167,29980,33375]}\n>player p2 {\"name\":\"grassychan\",\"avatar\":\"1\",\"rating\":1297,\"seed\":[1685,11963,33018,14531]}\n>p1 move calmmind\n>p2 move calmmind\n>p1 switch 4\n>p2 move calmmind\n>p1 move trick\n>p2 move hypervoice\n>chat \u2606grassychan|c mamo\n>p1 switch 6\n>p2 move hypervoice\n>chat \u2606grassychan|nvm\n>p1 move ironhead\n>p2 move hypervoice\n>p1 move ironhead\n>p2 move hypervoice\n>p1 switch 2\n>p1 move leechseed\n>p2 move hypervoice\n>p1 move protect\n>p2 move hypervoice\n>p1 move airslash\n>p2 move hypervoice\n>p2 switch 5\n>p1 move protect\n>p2 move icebeam\n>p1 move leechseed terastallize\n>p2 move icebeam\n>p1 move substitute\n>p2 switch 2\n>p1 move leechseed\n>p2 move facade\n>p1 move protect\n>p2 switch 6\n>p1 move leechseed\n>p2 move earthquake\n>p1 move substitute\n>p2 switch 4\n>p1 move airslash\n>p2 move closecombat\n>p1 move airslash\n>p2 move closecombat\n>p1 move airslash\n>p2 move closecombat\n>p2 switch 6\n>p1 move protect\n>p2 move closecombat\n>p1 switch 3\n>p2 move closecombat\n>p1 move leechseed\n>p2 move knockoff\n>p1 switch 6\n>p1 move psychic\n>p2 move knockoff\n>p1 switch 3\n>p1 move protect\n>p2 move closecombat\n>p1 move airslash\n>p2 switch 4\n>p1 move leechseed\n>p2 move shellsmash\n>p1 move protect\n>p2 move shellsmash\n>p1 move substitute\n>p2 move earthquake\n>p1 switch 4\n>p1 move freezingglare\n>p2 move powergem\n>chat \u2606grassychan|fuck u\n>p1 switch 5\n>p1 move protect\n>p2 move powergem\n>p1 move hypervoice\n>p2 move acrobatics", "uploadtime": 1733881336, "views": 1, "formatid": "gen9randombattle", "rating": null, "private": 0, "password": null}