{"id": "gen9randombattle-2259899747", "format": "[Gen 9] Random Battle", "players": ["nemoauditur", "skippyjonez"], "log": "|j|\u2606nemoauditur\n|j|\u2606skippyjonez\n|t:|1733777887\n|gametype|singles\n|player|p1|nemoauditur|#nemoauditur|2019\n|player|p2|skippyjonez|cameraman|1999\n|teamsize|p1|6\n|teamsize|p2|6\n|gen|9\n|tier|[Gen 9] Random Battle\n|rated|\n|rule|Species Clause: Limit one of each Pok\u00e9mon\n|rule|HP Percentage Mod: HP is shown in percentages\n|rule|Sleep Clause Mod: Limit one foe put to sleep\n|rule|Illusion Level Mod: Illusion disguises the Pok\u00e9mon's true level\n|\n|t:|1733777887\n|start\n|switch|p1a: Tsareena|Tsareena, L87, F|267/267\n|switch|p2a: Krookodile|Krookodile, L80, M|283/283\n|-ability|p2a: Krookodile|Intimidate|boost\n|-unboost|p1a: Tsareena|atk|1\n|turn|1\n|inactive|Battle timer is ON: inactive players will automatically lose when time's up. (requested by nemoauditur)\n|\n|t:|1733777916\n|switch|p2a: Archaludon|Archaludon, L78, M|268/268\n|move|p1a: Tsareena|Knock Off|p2a: Archaludon\n|-damage|p2a: Archaludon|207/268\n|-ability|p2a: Archaludon|Stamina|boost\n|-boost|p2a: Archaludon|def|1\n|-enditem|p2a: Archaludon|Lum Berry|[from] move: Knock Off|[of] p1a: Tsareena\n|-damage|p1a: Tsareena|241/267|[from] item: Life Orb\n|\n|upkeep\n|turn|2\n|\n|t:|1733777944\n|switch|p1a: Mienshao|Mienshao, L83, F|244/244\n|move|p2a: Archaludon|Swords Dance|p2a: Archaludon\n|-boost|p2a: Archaludon|atk|2\n|\n|upkeep\n|turn|3\n|j| MDILL97@!\n|c| MDILL97|ok lets see it mr.rbtt\n|inactive|nemoauditur has 120 seconds left.\n|\n|t:|1733777966\n|switch|p2a: Mimikyu|Mimikyu, L79, F|216/216\n|move|p1a: Mienshao|Fake Out|p2a: Mimikyu\n|-immune|p2a: Mimikyu\n|\n|upkeep\n|turn|4\n|inactive|nemoauditur has 120 seconds left.\n|\n|t:|1733777973\n|move|p1a: Mienshao|Knock Off|p2a: Mimikyu\n|-activate|p2a: Mimikyu|ability: Disguise\n|-damage|p2a: Mimikyu|216/216\n|-enditem|p2a: Mimikyu|Life Orb|[from] move: Knock Off|[of] p1a: Mienshao\n|detailschange|p2a: Mimikyu|Mimikyu-Busted, L79, F\n|-damage|p2a: Mimikyu|189/216|[from] pokemon: Mimikyu-Busted\n|move|p2a: Mimikyu|Play Rough|p1a: Mienshao\n|-supereffective|p1a: Mienshao\n|-damage|p1a: Mienshao|16/244\n|\n|upkeep\n|turn|5\n|inactive|nemoauditur has 120 seconds left.\n|\n|t:|1733777989\n|switch|p1a: Iron Moth|Iron Moth, L78|253/253\n|move|p2a: Mimikyu|Shadow Sneak|p1a: Iron Moth\n|-damage|p1a: Iron Moth|207/253\n|\n|upkeep\n|turn|6\n|inactive|nemoauditur has 120 seconds left.\n|\n|t:|1733778004\n|switch|p2a: Archaludon|Archaludon, L78, M|207/268\n|move|p1a: Iron Moth|Fire Blast|p2a: Archaludon\n|-damage|p2a: Archaludon|39/268\n|-ability|p2a: Archaludon|Stamina|boost\n|-boost|p2a: Archaludon|def|1\n|\n|upkeep\n|turn|7\n|inactive|nemoauditur has 120 seconds left.\n|\n|t:|1733778010\n|move|p1a: Iron Moth|Fire Blast|p2a: Archaludon\n|-crit|p2a: Archaludon\n|-damage|p2a: Archaludon|0 fnt\n|faint|p2a: Archaludon\n|\n|upkeep\n|c|\u2606nemoauditur|Like a moth drawn to a flaem\n|\n|t:|1733778025\n|switch|p2a: Krookodile|Krookodile, L80, M|283/283\n|-ability|p2a: Krookodile|Intimidate|boost\n|-unboost|p1a: Iron Moth|atk|1\n|turn|8\n|inactive|nemoauditur has 120 seconds left.\n|\n|t:|1733778044\n|-end|p1a: Iron Moth|Quark Drive|[silent]\n|switch|p1a: Tsareena|Tsareena, L87, F|241/267\n|move|p2a: Krookodile|Stealth Rock|p1a: Tsareena\n|-sidestart|p1: nemoauditur|move: Stealth Rock\n|\n|upkeep\n|turn|9\n|\n|t:|1733778066\n|move|p2a: Krookodile|Gunk Shot|p1a: Tsareena\n|-supereffective|p1a: Tsareena\n|-damage|p1a: Tsareena|46/267\n|-damage|p2a: Krookodile|255/283|[from] item: Life Orb\n|move|p1a: Tsareena|Power Whip|p2a: Krookodile|[miss]\n|-miss|p1a: Tsareena|p2a: Krookodile\n|\n|upkeep\n|turn|10\n|\n|t:|1733778075\n|move|p2a: Krookodile|Knock Off|p1a: Tsareena\n|-damage|p1a: Tsareena|0 fnt\n|-enditem|p1a: Tsareena|Life Orb|[from] move: Knock Off|[of] p2a: Krookodile\n|faint|p1a: Tsareena\n|-damage|p2a: Krookodile|227/283|[from] item: Life Orb\n|\n|upkeep\n|\n|t:|1733778079\n|switch|p1a: Lucario|Lucario, L84, F|255/255\n|-damage|p1a: Lucario|248/255|[from] Stealth Rock\n|turn|11\n|\n|t:|1733778098\n|switch|p2a: Azumarill|Azumarill, L82, F|298/298\n|move|p1a: Lucario|Close Combat|p2a: Azumarill\n|-resisted|p2a: Azumarill\n|-damage|p2a: Azumarill|201/298\n|-unboost|p1a: Lucario|def|1\n|-unboost|p1a: Lucario|spd|1\n|-damage|p1a: Lucario|223/255|[from] item: Life Orb\n|\n|upkeep\n|turn|12\n|\n|t:|1733778116\n|move|p1a: Lucario|Meteor Mash|p2a: Azumarill\n|-damage|p2a: Azumarill|49/298\n|-damage|p1a: Lucario|198/255|[from] item: Life Orb\n|move|p2a: Azumarill|Liquidation|p1a: Lucario\n|-damage|p1a: Lucario|0 fnt\n|faint|p1a: Lucario\n|\n|upkeep\n|inactive|nemoauditur has 120 seconds left.\n|\n|t:|1733778133\n|switch|p1a: Mienshao|Mienshao, L83, F|97/244\n|-damage|p1a: Mienshao|82/244|[from] Stealth Rock\n|turn|13\n|\n|t:|1733778143\n|switch|p2a: Mimikyu|Mimikyu-Busted, L79, F|189/216\n|move|p1a: Mienshao|Fake Out|p2a: Mimikyu\n|-immune|p2a: Mimikyu\n|\n|upkeep\n|turn|14\n|\n|t:|1733778156\n|move|p1a: Mienshao|U-turn|p2a: Mimikyu\n|-resisted|p2a: Mimikyu\n|-damage|p2a: Mimikyu|173/216\n|\n|t:|1733778161\n|switch|p1a: Iron Moth|Iron Moth, L78|207/253|[from] U-turn\n|move|p2a: Mimikyu|Play Rough|p1a: Iron Moth\n|-resisted|p1a: Iron Moth\n|-crit|p1a: Iron Moth\n|-damage|p1a: Iron Moth|166/253\n|\n|upkeep\n|turn|15\n|\n|t:|1733778174\n|move|p2a: Mimikyu|Shadow Sneak|p1a: Iron Moth\n|-damage|p1a: Iron Moth|118/253\n|move|p1a: Iron Moth|Morning Sun|p1a: Iron Moth\n|-heal|p1a: Iron Moth|244/253\n|\n|upkeep\n|turn|16\n|\n|t:|1733778197\n|move|p1a: Iron Moth|Sludge Wave|p2a: Mimikyu\n|-damage|p2a: Mimikyu|68/216\n|move|p2a: Mimikyu|Swords Dance|p2a: Mimikyu\n|-boost|p2a: Mimikyu|atk|2\n|\n|upkeep\n|turn|17\n|\n|t:|1733778210\n|move|p2a: Mimikyu|Shadow Sneak|p1a: Iron Moth\n|-damage|p1a: Iron Moth|151/253\n|move|p1a: Iron Moth|Sludge Wave|p2a: Mimikyu\n|-damage|p2a: Mimikyu|0 fnt\n|faint|p2a: Mimikyu\n|\n|upkeep\n|\n|t:|1733778214\n|switch|p2a: Azumarill|Azumarill, L82, F|49/298\n|turn|18\n|\n|t:|1733778219\n|-end|p1a: Iron Moth|Quark Drive|[silent]\n|switch|p1a: Crawdaunt|Crawdaunt, L84, F|243/243\n|-damage|p1a: Crawdaunt|213/243|[from] Stealth Rock\n|move|p2a: Azumarill|Aqua Jet|p1a: Crawdaunt\n|-resisted|p1a: Crawdaunt\n|-damage|p1a: Crawdaunt|172/243\n|\n|upkeep\n|turn|19\n|\n|t:|1733778234\n|switch|p2a: Serperior|Serperior, L79, M|248/248\n|move|p1a: Crawdaunt|Knock Off|p2a: Serperior\n|-damage|p2a: Serperior|35/248\n|-enditem|p2a: Serperior|Leftovers|[from] move: Knock Off|[of] p1a: Crawdaunt\n|-damage|p1a: Crawdaunt|148/243|[from] item: Life Orb\n|\n|upkeep\n|turn|20\n|\n|t:|1733778247\n|move|p1a: Crawdaunt|Aqua Jet|p2a: Serperior\n|-resisted|p2a: Serperior\n|-damage|p2a: Serperior|0 fnt\n|faint|p2a: Serperior\n|-damage|p1a: Crawdaunt|124/243|[from] item: Life Orb\n|\n|upkeep\n|\n|t:|1733778259\n|switch|p2a: Krookodile|Krookodile, L80, M|227/283\n|-ability|p2a: Krookodile|Intimidate|boost\n|-unboost|p1a: Crawdaunt|atk|1\n|turn|21\n|l| MDILL97\n|\n|t:|1733778288\n|switch|p2a: Azumarill|Azumarill, L82, F|49/298\n|move|p1a: Crawdaunt|Aqua Jet|p2a: Azumarill\n|-resisted|p2a: Azumarill\n|-damage|p2a: Azumarill|15/298\n|-damage|p1a: Crawdaunt|100/243|[from] item: Life Orb\n|\n|upkeep\n|turn|22\n|\n|t:|1733778296\n|move|p1a: Crawdaunt|Aqua Jet|p2a: Azumarill\n|-resisted|p2a: Azumarill\n|-damage|p2a: Azumarill|0 fnt\n|faint|p2a: Azumarill\n|-damage|p1a: Crawdaunt|76/243|[from] item: Life Orb\n|\n|upkeep\n|\n|t:|1733778301\n|switch|p2a: Krookodile|Krookodile, L80, M|227/283\n|-ability|p2a: Krookodile|Intimidate|boost\n|-unboost|p1a: Crawdaunt|atk|1\n|turn|23\n|\n|t:|1733778311\n|move|p1a: Crawdaunt|Aqua Jet|p2a: Krookodile\n|-supereffective|p2a: Krookodile\n|-damage|p2a: Krookodile|128/283\n|-damage|p1a: Crawdaunt|52/243|[from] item: Life Orb\n|move|p2a: Krookodile|Earthquake|p1a: Crawdaunt\n|-damage|p1a: Crawdaunt|0 fnt\n|faint|p1a: Crawdaunt\n|-damage|p2a: Krookodile|100/283|[from] item: Life Orb\n|\n|upkeep\n|\n|t:|1733778315\n|switch|p1a: Mienshao|Mienshao, L83, F|163/244\n|-damage|p1a: Mienshao|148/244|[from] Stealth Rock\n|turn|24\n|\n|t:|1733778323\n|move|p1a: Mienshao|U-turn|p2a: Krookodile\n|-supereffective|p2a: Krookodile\n|-damage|p2a: Krookodile|0 fnt\n|faint|p2a: Krookodile\n|\n|t:|1733778325\n|switch|p1a: Iron Moth|Iron Moth, L78|151/253|[from] U-turn\n|\n|upkeep\n|\n|t:|1733778327\n|switch|p2a: Feraligatr|Feraligatr, L79, M|264/264\n|turn|25\n|\n|t:|1733778331\n|-terastallize|p2a: Feraligatr|Dragon\n|move|p1a: Iron Moth|U-turn|p2a: Feraligatr\n|-damage|p2a: Feraligatr|232/264\n|\n|t:|1733778337\n|-end|p1a: Iron Moth|Quark Drive|[silent]\n|switch|p1a: Mienshao|Mienshao, L83, F|229/244|[from] U-turn\n|-damage|p1a: Mienshao|214/244|[from] Stealth Rock\n|move|p2a: Feraligatr|Dragon Dance|p2a: Feraligatr\n|-boost|p2a: Feraligatr|atk|1\n|-boost|p2a: Feraligatr|spe|1\n|\n|upkeep\n|turn|26\n|\n|t:|1733778342\n|move|p1a: Mienshao|Fake Out|p2a: Feraligatr\n|-damage|p2a: Feraligatr|198/264\n|cant|p2a: Feraligatr|flinch\n|\n|upkeep\n|turn|27\n|\n|t:|1733778348\n|move|p2a: Feraligatr|Liquidation|p1a: Mienshao\n|-damage|p1a: Mienshao|0 fnt\n|faint|p1a: Mienshao\n|\n|upkeep\n|\n|t:|1733778359\n|switch|p1a: Raikou|Raikou, L81|278/278\n|-damage|p1a: Raikou|244/278|[from] Stealth Rock\n|-ability|p1a: Raikou|Pressure\n|turn|28\n|\n|t:|1733778371\n|-terastallize|p1a: Raikou|Water\n|move|p2a: Feraligatr|Liquidation|p1a: Raikou\n|-resisted|p1a: Raikou\n|-damage|p1a: Raikou|118/278\n|move|p1a: Raikou|Scald|p2a: Feraligatr\n|-resisted|p2a: Feraligatr\n|-damage|p2a: Feraligatr|150/264\n|\n|-heal|p1a: Raikou|135/278|[from] item: Leftovers\n|upkeep\n|turn|29\n|j| MDILL97@!\n|c| MDILL97|is it over?\n|c| MDILL97|eqw\n|c| MDILL97|I see\n|\n|t:|1733778389\n|move|p2a: Feraligatr|Crunch|p1a: Raikou\n|-damage|p1a: Raikou|0 fnt\n|faint|p1a: Raikou\n|\n|upkeep\n|\n|t:|1733778391\n|switch|p1a: Iron Moth|Iron Moth, L78|151/253\n|turn|30\n|\n|t:|1733778393\n|move|p2a: Feraligatr|Liquidation|p1a: Iron Moth\n|-supereffective|p1a: Iron Moth\n|-damage|p1a: Iron Moth|0 fnt\n|faint|p1a: Iron Moth\n|-end|p1a: Iron Moth|Quark Drive|[silent]\n|\n|win|skippyjonez\n|raw|nemoauditur's rating: 2019 &rarr; <strong>1998</strong><br />(-21 for losing)\n|raw|skippyjonez's rating: 1999 &rarr; <strong>2020</strong><br />(+21 for winning)\n|c| MDILL97|yea I got fucked over with para para para in my baby rands game\n|c| MDILL97|I feel you\n|l| MDILL97\n|c|\u2606skippyjonez|gg\n|l|\u2606skippyjonez\n|player|p2|\n|l|\u2606nemoauditur\n|player|p1|\n|j|\u2606nemoauditur\n|player|p1|nemoauditur|#nemoauditur|\n", "inputlog": ">version bfd83cad13791eb5a5a409923076391caf6fb4d4\n>start {\"formatid\":\"gen9randombattle\",\"seed\":[40902,43736,22516,35628],\"rated\":\"Rated battle\"}\n>player p1 {\"name\":\"nemoauditur\",\"avatar\":\"#nemoauditur\",\"rating\":2019,\"seed\":[58420,40399,40829,15898]}\n>player p2 {\"name\":\"skippyjonez\",\"avatar\":\"cameraman\",\"rating\":1999,\"seed\":[13692,10320,35720,10299]}\n>p1 move knockoff\n>p2 switch 6\n>p1 switch 2\n>p2 move swordsdance\n>chat  MDILL97|ok lets see it mr.rbtt\n>p1 move fakeout\n>p2 switch 4\n>p1 move knockoff\n>p2 move playrough\n>p1 switch 3\n>p2 move shadowsneak\n>p1 move fireblast\n>p2 switch 4\n>p1 move fireblast\n>p2 move earthquake\n>chat \u2606nemoauditur|Like a moth drawn to a flaem\n>p2 switch 6\n>p1 switch 2\n>p2 move stealthrock\n>p1 move powerwhip\n>p2 move gunkshot\n>p1 move powerwhip\n>p2 move knockoff\n>p1 switch 4\n>p1 move closecombat\n>p2 switch 2\n>p1 move meteormash\n>p2 move liquidation\n>p1 switch 3\n>p1 move fakeout\n>p2 switch 4\n>p1 move uturn\n>p2 move playrough\n>p1 switch 2\n>p1 move morningsun\n>p2 move shadowsneak\n>p1 move sludgewave\n>p2 move swordsdance\n>p1 move sludgewave\n>p2 move shadowsneak\n>p2 switch 4\n>p1 switch 5\n>p2 move aquajet\n>p1 move knockoff\n>p2 switch 5\n>p1 move aquajet\n>p2 move leafstorm\n>p2 switch 2\n>p1 move aquajet\n>p2 switch 5\n>p1 move aquajet\n>p2 move playrough\n>p2 switch 5\n>p1 move aquajet\n>p2 move earthquake\n>p1 switch 2\n>p1 move uturn\n>p2 move earthquake\n>p1 switch 5\n>p2 switch 3\n>p1 move uturn\n>p2 move dragondance terastallize\n>p1 switch 5\n>p1 move fakeout\n>p2 move liquidation\n>p1 move knockoff\n>p2 move liquidation\n>p1 switch 6\n>p1 move scald terastallize\n>p2 move liquidation\n>chat  MDILL97|is it over?\n>chat  MDILL97|eqw\n>chat  MDILL97|I see\n>p1 move scald\n>p2 move crunch\n>p1 switch 5\n>p1 move fireblast\n>p2 move liquidation", "uploadtime": 1733778542, "views": 20, "formatid": "gen9randombattle", "rating": 1998, "private": 0, "password": null}