{"id": "gen9randombattle-2258342311", "format": "[Gen 9] Random Battle", "players": ["duuhhao", "Az1anSensation2"], "log": "|j|\u2606duuhhao\n|j|\u2606Az1anSensation2\n|t:|1733547920\n|gametype|singles\n|player|p1|duuhhao|clerk-boss|2259\n|player|p2|Az1anSensation2|266|2213\n|teamsize|p1|6\n|teamsize|p2|6\n|gen|9\n|tier|[Gen 9] Random Battle\n|rated|\n|rule|Species Clause: Limit one of each Pok\u00e9mon\n|rule|HP Percentage Mod: HP is shown in percentages\n|rule|Sleep Clause Mod: Limit one foe put to sleep\n|rule|Illusion Level Mod: Illusion disguises the Pok\u00e9mon's true level\n|\n|t:|1733547920\n|start\n|switch|p1a: Delphox|Delphox, L84, F|263/263\n|switch|p2a: Corviknight|Corviknight, L80, M|288/288\n|turn|1\n|inactive|Battle timer is ON: inactive players will automatically lose when time's up. (requested by Az1anSensation2)\n|j| avias23\n|\n|t:|1733547949\n|switch|p2a: Ting-Lu|Ting-Lu, L78|370/370\n|-ability|p2a: Ting-Lu|Vessel of Ruin\n|move|p1a: Delphox|Fire Blast|p2a: Ting-Lu\n|-damage|p2a: Ting-Lu|250/370\n|\n|-heal|p2a: Ting-Lu|273/370|[from] item: Leftovers\n|upkeep\n|turn|2\n|\n|t:|1733547967\n|switch|p1a: Leafeon|Leafeon, L88, F|258/258\n|move|p2a: Ting-Lu|Payback|p1a: Leafeon\n|-damage|p1a: Leafeon|219/258\n|\n|-heal|p1a: Leafeon|235/258|[from] item: Leftovers\n|-heal|p2a: Ting-Lu|296/370|[from] item: Leftovers\n|upkeep\n|turn|3\n|\n|t:|1733547978\n|switch|p1a: Delphox|Delphox, L84, F|263/263\n|switch|p2a: Corviknight|Corviknight, L80, M|288/288\n|\n|upkeep\n|turn|4\n|inactive|Az1anSensation2 has 120 seconds left.\n|\n|t:|1733548038\n|-terastallize|p2a: Corviknight|Dragon\n|move|p1a: Delphox|Fire Blast|p2a: Corviknight\n|-resisted|p2a: Corviknight\n|-damage|p2a: Corviknight|220/288\n|move|p2a: Corviknight|Brave Bird|p1a: Delphox\n|-damage|p1a: Delphox|145/263\n|-damage|p2a: Corviknight|181/288|[from] Recoil\n|\n|-heal|p2a: Corviknight|199/288|[from] item: Leftovers\n|upkeep\n|turn|5\n|\n|t:|1733548050\n|switch|p1a: Carbink|Carbink, L90|236/236\n|move|p2a: Corviknight|U-turn|p1a: Carbink\n|-resisted|p1a: Carbink\n|-damage|p1a: Carbink|224/236\n|inactive|Az1anSensation2 has 90 seconds left.\n|\n|t:|1733548081\n|switch|p2a: Eternatus|Eternatus, L69|308/308|[from] U-turn\n|-ability|p2a: Eternatus|Pressure\n|\n|-heal|p1a: Carbink|236/236|[from] item: Leftovers\n|upkeep\n|turn|6\n|\n|t:|1733548087\n|switch|p1a: Munkidori|Munkidori, L79, M|269/269\n|move|p2a: Eternatus|Toxic|p1a: Munkidori\n|-immune|p1a: Munkidori\n|\n|upkeep\n|turn|7\n|\n|t:|1733548101\n|switch|p2a: Ting-Lu|Ting-Lu, L78|296/370\n|-ability|p2a: Ting-Lu|Vessel of Ruin\n|move|p1a: Munkidori|Psychic Noise|p2a: Ting-Lu\n|-immune|p2a: Ting-Lu\n|\n|-heal|p2a: Ting-Lu|319/370|[from] item: Leftovers\n|upkeep\n|turn|8\n|\n|t:|1733548108\n|move|p1a: Munkidori|U-turn|p2a: Ting-Lu\n|-supereffective|p2a: Ting-Lu\n|-damage|p2a: Ting-Lu|255/370\n|\n|t:|1733548111\n|switch|p1a: Leafeon|Leafeon, L88, F|235/258|[from] U-turn\n|move|p2a: Ting-Lu|Stealth Rock|p1a: Leafeon\n|-sidestart|p1: duuhhao|move: Stealth Rock\n|\n|-heal|p1a: Leafeon|251/258|[from] item: Leftovers\n|-heal|p2a: Ting-Lu|278/370|[from] item: Leftovers\n|upkeep\n|turn|9\n|inactive|Az1anSensation2 has 90 seconds left.\n|\n|t:|1733548132\n|switch|p2a: Eternatus|Eternatus, L69|308/308\n|-ability|p2a: Eternatus|Pressure\n|move|p1a: Leafeon|Swords Dance|p1a: Leafeon\n|-boost|p1a: Leafeon|atk|2\n|\n|-heal|p1a: Leafeon|258/258|[from] item: Leftovers\n|upkeep\n|turn|10\n|inactive|Az1anSensation2 has 60 seconds left.\n|\n|t:|1733548180\n|switch|p1a: Munkidori|Munkidori, L79, M|269/269\n|-damage|p1a: Munkidori|236/269|[from] Stealth Rock\n|move|p2a: Eternatus|Flamethrower|p1a: Munkidori\n|-damage|p1a: Munkidori|190/269\n|\n|upkeep\n|turn|11\n|\n|t:|1733548200\n|switch|p2a: Ting-Lu|Ting-Lu, L78|278/370\n|-ability|p2a: Ting-Lu|Vessel of Ruin\n|move|p1a: Munkidori|Psychic Noise|p2a: Ting-Lu\n|-immune|p2a: Ting-Lu\n|\n|-heal|p2a: Ting-Lu|301/370|[from] item: Leftovers\n|upkeep\n|turn|12\n|\n|t:|1733548216\n|move|p1a: Munkidori|Sludge Wave|p2a: Ting-Lu\n|-resisted|p2a: Ting-Lu\n|-damage|p2a: Ting-Lu|249/370\n|move|p2a: Ting-Lu|Payback|p1a: Munkidori\n|-supereffective|p1a: Munkidori\n|-damage|p1a: Munkidori|0 fnt\n|faint|p1a: Munkidori\n|\n|-heal|p2a: Ting-Lu|272/370|[from] item: Leftovers\n|upkeep\n|\n|t:|1733548221\n|switch|p1a: Passimian|Passimian, L83, M|302/302\n|-damage|p1a: Passimian|284/302|[from] Stealth Rock\n|turn|13\n|\n|t:|1733548241\n|switch|p2a: Eternatus|Eternatus, L69|308/308\n|-ability|p2a: Eternatus|Pressure\n|move|p1a: Passimian|Knock Off|p2a: Eternatus\n|-damage|p2a: Eternatus|219/308\n|-enditem|p2a: Eternatus|Leftovers|[from] move: Knock Off|[of] p1a: Passimian\n|\n|upkeep\n|turn|14\n|\n|t:|1733548257\n|switch|p1a: Delphox|Delphox, L84, F|145/263\n|move|p2a: Eternatus|Dynamax Cannon|p1a: Delphox\n|-damage|p1a: Delphox|54/263\n|\n|upkeep\n|turn|15\n|\n|t:|1733548275\n|switch|p2a: Corviknight|Corviknight, L80, M, tera:Dragon|199/288\n|move|p1a: Delphox|Nasty Plot|p1a: Delphox\n|-boost|p1a: Delphox|spa|2\n|\n|-heal|p2a: Corviknight|217/288|[from] item: Leftovers\n|upkeep\n|turn|16\n|inactive|Az1anSensation2 has 30 seconds left.\n|\n|t:|1733548303\n|move|p1a: Delphox|Psyshock|p2a: Corviknight\n|-damage|p2a: Corviknight|27/288\n|move|p2a: Corviknight|U-turn|p1a: Delphox\n|-damage|p1a: Delphox|2/263\n|inactive|Az1anSensation2 has 30 seconds left this turn.\n|\n|t:|1733548312\n|switch|p2a: Meowstic|Meowstic-F, L89, F|277/277|[from] U-turn\n|\n|upkeep\n|turn|17\n|inactive|Az1anSensation2 has 30 seconds left.\n|\n|t:|1733548320\n|move|p2a: Meowstic|Psychic|p1a: Delphox\n|-resisted|p1a: Delphox\n|-damage|p1a: Delphox|0 fnt\n|faint|p1a: Delphox\n|-damage|p2a: Meowstic|250/277|[from] item: Life Orb\n|\n|upkeep\n|\n|t:|1733548322\n|switch|p1a: Carbink|Carbink, L90|236/236\n|-damage|p1a: Carbink|207/236|[from] Stealth Rock\n|turn|18\n|\n|t:|1733548335\n|move|p2a: Meowstic|Nasty Plot|p2a: Meowstic\n|-boost|p2a: Meowstic|spa|2\n|move|p1a: Carbink|Rock Polish|p1a: Carbink\n|-boost|p1a: Carbink|spe|2\n|\n|-heal|p1a: Carbink|221/236|[from] item: Leftovers\n|upkeep\n|turn|19\n|inactive|Az1anSensation2 has 30 seconds left.\n|\n|t:|1733548357\n|move|p1a: Carbink|Moonblast|p2a: Meowstic\n|-damage|p2a: Meowstic|171/277\n|move|p2a: Meowstic|Psychic|p1a: Carbink\n|-damage|p1a: Carbink|61/236\n|-damage|p2a: Meowstic|144/277|[from] item: Life Orb\n|\n|-heal|p1a: Carbink|75/236|[from] item: Leftovers\n|upkeep\n|turn|20\n|inactive|Az1anSensation2 has 30 seconds left.\n|-message|duuhhao forfeited.\n|\n|win|Az1anSensation2\n|raw|duuhhao's rating: 2259 &rarr; <strong>2236</strong><br />(-23 for losing)\n|raw|Az1anSensation2's rating: 2213 &rarr; <strong>2236</strong><br />(+23 for winning)\n|l|\u2606duuhhao\n|player|p1|\n", "inputlog": ">version 233a96b70f833eb131bd84157cd6ea1f74f01810\n>start {\"formatid\":\"gen9randombattle\",\"seed\":[11998,7168,18364,56298],\"rated\":\"Rated battle\"}\n>player p1 {\"name\":\"duuhhao\",\"avatar\":\"clerk-boss\",\"rating\":2259,\"seed\":[37864,26056,28469,49805]}\n>player p2 {\"name\":\"Az1anSensation2\",\"avatar\":\"266\",\"rating\":2213,\"seed\":[24586,37903,56156,53561]}\n>p1 move fireblast\n>p2 switch 2\n>p1 switch 5\n>p2 move payback\n>p1 switch 5\n>p2 switch 2\n>p1 move fireblast\n>p2 move bravebird terastallize\n>p1 switch 4\n>p2 move uturn\n>p2 switch 5\n>p1 switch 6\n>p2 move toxic\n>p1 move psychicnoise\n>p2 switch 2\n>p1 move uturn\n>p2 move stealthrock\n>p1 switch 5\n>p1 move swordsdance\n>p2 switch 2\n>p1 switch 5\n>p2 move flamethrower\n>p1 move psychicnoise\n>p2 switch 2\n>p1 move sludgewave\n>p2 move payback\n>p1 switch 3\n>p1 move knockoff\n>p2 switch 2\n>p1 switch 4\n>p2 move dynamaxcannon\n>p1 move nastyplot\n>p2 switch 5\n>p1 move psyshock\n>p2 move uturn\n>p2 switch 4\n>p1 move fireblast\n>p2 move psychic\n>p1 switch 6\n>p1 move rockpolish\n>p2 move nastyplot\n>p1 move moonblast\n>p2 move psychic\n>forcelose p1", "uploadtime": 1733548371, "views": 7, "formatid": "gen9randombattle", "rating": 2236, "private": 0, "password": null}