{"id": "gen9randombattle-2260512082", "format": "[Gen 9] Random Battle", "players": ["Mellow_69", "Scrubland"], "log": "|j|\u2606Mellow_69\n|j|\u2606Scrubland\n|t:|1733858752\n|gametype|singles\n|player|p1|Mellow_69|acetrainerf-gen4|1638\n|player|p2|Scrubland|gentleman-gen4|1641\n|teamsize|p1|6\n|teamsize|p2|6\n|gen|9\n|tier|[Gen 9] Random Battle\n|rated|\n|rule|Species Clause: Limit one of each Pok\u00e9mon\n|rule|HP Percentage Mod: HP is shown in percentages\n|rule|Sleep Clause Mod: Limit one foe put to sleep\n|rule|Illusion Level Mod: Illusion disguises the Pok\u00e9mon's true level\n|\n|t:|1733858752\n|start\n|switch|p1a: Uxie|Uxie, L83|260/260\n|switch|p2a: Volbeat|Volbeat, L90, M|263/263\n|turn|1\n|\n|t:|1733858770\n|switch|p2a: Greedent|Greedent, L86, F|347/347\n|move|p1a: Uxie|Stealth Rock|p2a: Greedent\n|-sidestart|p2: Scrubland|move: Stealth Rock\n|\n|upkeep\n|turn|2\n|inactive|Battle timer is ON: inactive players will automatically lose when time's up. (requested by Scrubland)\n|\n|t:|1733858782\n|move|p1a: Uxie|Yawn|p2a: Greedent\n|-start|p2a: Greedent|move: Yawn|[of] p1a: Uxie\n|move|p2a: Greedent|Knock Off|p1a: Uxie\n|-supereffective|p1a: Uxie\n|-crit|p1a: Uxie\n|-damage|p1a: Uxie|96/260\n|-enditem|p1a: Uxie|Leftovers|[from] move: Knock Off|[of] p2a: Greedent\n|\n|upkeep\n|turn|3\n|\n|t:|1733858789\n|switch|p1a: Quaquaval|Quaquaval, L79, F|264/264\n|switch|p2a: Volbeat|Volbeat, L90, M|263/263\n|\n|upkeep\n|turn|4\n|\n|t:|1733858797\n|move|p2a: Volbeat|Thunder Wave|p1a: Quaquaval\n|-status|p1a: Quaquaval|par\n|cant|p1a: Quaquaval|par\n|\n|upkeep\n|turn|5\n|\n|t:|1733858809\n|move|p2a: Volbeat|U-turn|p1a: Quaquaval\n|-resisted|p1a: Quaquaval\n|-damage|p1a: Quaquaval|224/264 par\n|\n|t:|1733858819\n|switch|p2a: Hatterene|Hatterene, L85, F|236/236|[from] U-turn\n|-damage|p2a: Hatterene|207/236|[from] Stealth Rock\n|move|p1a: Quaquaval|Aqua Step|p2a: Hatterene\n|-damage|p2a: Hatterene|119/236\n|-boost|p1a: Quaquaval|spe|1\n|\n|-heal|p2a: Hatterene|133/236|[from] item: Leftovers\n|upkeep\n|turn|6\n|\n|t:|1733858832\n|cant|p1a: Quaquaval|par\n|move|p2a: Hatterene|Psychic|p1a: Quaquaval\n|-supereffective|p1a: Quaquaval\n|-damage|p1a: Quaquaval|0 fnt\n|faint|p1a: Quaquaval\n|\n|-heal|p2a: Hatterene|147/236|[from] item: Leftovers\n|upkeep\n|\n|t:|1733858839\n|switch|p1a: Bellibolt|Bellibolt, L84, M|320/320\n|turn|7\n|\n|t:|1733858844\n|move|p1a: Bellibolt|Thunderbolt|p2a: Hatterene\n|-damage|p2a: Hatterene|59/236\n|move|p2a: Hatterene|Calm Mind|p2a: Hatterene\n|-boost|p2a: Hatterene|spa|1\n|-boost|p2a: Hatterene|spd|1\n|\n|-heal|p2a: Hatterene|73/236|[from] item: Leftovers\n|upkeep\n|turn|8\n|\n|t:|1733858858\n|move|p1a: Bellibolt|Thunderbolt|p2a: Hatterene\n|-damage|p2a: Hatterene|15/236\n|move|p2a: Hatterene|Draining Kiss|p1a: Bellibolt\n|-damage|p1a: Bellibolt|203/320\n|-heal|p2a: Hatterene|103/236|[from] drain|[of] p1a: Bellibolt\n|-start|p1a: Bellibolt|Charge|Draining Kiss|[from] ability: Electromorphosis\n|\n|-heal|p1a: Bellibolt|223/320|[from] item: Leftovers\n|-heal|p2a: Hatterene|117/236|[from] item: Leftovers\n|upkeep\n|turn|9\n|\n|t:|1733858865\n|-terastallize|p1a: Bellibolt|Electric\n|move|p1a: Bellibolt|Thunderbolt|p2a: Hatterene\n|-damage|p2a: Hatterene|0 fnt\n|faint|p2a: Hatterene\n|-end|p1a: Bellibolt|Charge|[silent]\n|\n|-heal|p1a: Bellibolt|243/320|[from] item: Leftovers\n|upkeep\n|\n|t:|1733858871\n|switch|p2a: Greedent|Greedent, L86, F|347/347\n|-damage|p2a: Greedent|304/347|[from] Stealth Rock\n|turn|10\n|\n|t:|1733858877\n|move|p1a: Bellibolt|Volt Switch|p2a: Greedent\n|-damage|p2a: Greedent|192/347\n|\n|t:|1733858882\n|switch|p1a: Abomasnow|Abomasnow, L85, M|291/291|[from] Volt Switch\n|-weather|Snow|[from] ability: Snow Warning|[of] p1a: Abomasnow\n|move|p2a: Greedent|Knock Off|p1a: Abomasnow\n|-damage|p1a: Abomasnow|235/291\n|-enditem|p1a: Abomasnow|Light Clay|[from] move: Knock Off|[of] p2a: Greedent\n|\n|-weather|Snow|[upkeep]\n|upkeep\n|turn|11\n|\n|t:|1733858887\n|move|p1a: Abomasnow|Blizzard|p2a: Greedent\n|-damage|p2a: Greedent|62/347\n|-enditem|p2a: Greedent|Sitrus Berry|[eat]\n|-heal|p2a: Greedent|148/347|[from] item: Sitrus Berry\n|-heal|p2a: Greedent|263/347|[from] ability: Cheek Pouch\n|move|p2a: Greedent|Double-Edge|p1a: Abomasnow\n|-damage|p1a: Abomasnow|138/291\n|-damage|p2a: Greedent|231/347|[from] Recoil\n|\n|-weather|Snow|[upkeep]\n|upkeep\n|turn|12\n|\n|t:|1733858896\n|move|p1a: Abomasnow|Aurora Veil|p1a: Abomasnow\n|-sidestart|p1: Mellow_69|move: Aurora Veil\n|move|p2a: Greedent|Double-Edge|p1a: Abomasnow\n|-damage|p1a: Abomasnow|87/291\n|-damage|p2a: Greedent|214/347|[from] Recoil\n|\n|-weather|Snow|[upkeep]\n|upkeep\n|turn|13\n|\n|t:|1733858902\n|move|p1a: Abomasnow|Blizzard|p2a: Greedent\n|-damage|p2a: Greedent|90/347\n|move|p2a: Greedent|Swords Dance|p2a: Greedent\n|-boost|p2a: Greedent|atk|2\n|\n|-weather|Snow|[upkeep]\n|upkeep\n|turn|14\n|\n|t:|1733858910\n|move|p1a: Abomasnow|Blizzard|p2a: Greedent\n|-damage|p2a: Greedent|0 fnt\n|faint|p2a: Greedent\n|\n|-weather|none\n|upkeep\n|\n|t:|1733858934\n|switch|p2a: Lapras|Lapras, L87, M|367/367\n|-damage|p2a: Lapras|276/367|[from] Stealth Rock\n|turn|15\n|\n|t:|1733858943\n|move|p2a: Lapras|Ice Beam|p1a: Abomasnow\n|-damage|p1a: Abomasnow|22/291\n|move|p1a: Abomasnow|Wood Hammer|p2a: Lapras\n|-supereffective|p2a: Lapras\n|-damage|p2a: Lapras|16/367\n|-damage|p1a: Abomasnow|0 fnt|[from] Recoil\n|faint|p1a: Abomasnow\n|\n|upkeep\n|\n|t:|1733858953\n|switch|p1a: Malamar|Malamar, L82, F|275/275\n|turn|16\n|\n|t:|1733858957\n|switch|p2a: Volbeat|Volbeat, L90, M|263/263\n|move|p1a: Malamar|Superpower|p2a: Volbeat\n|-resisted|p2a: Volbeat\n|-damage|p2a: Volbeat|223/263\n|-boost|p1a: Malamar|atk|1\n|-boost|p1a: Malamar|def|1\n|\n|-sideend|p1: Mellow_69|move: Aurora Veil\n|upkeep\n|turn|17\n|\n|t:|1733858962\n|move|p2a: Volbeat|U-turn|p1a: Malamar\n|-supereffective|p1a: Malamar\n|-damage|p1a: Malamar|79/275\n|\n|t:|1733858965\n|switch|p2a: Lapras|Lapras, L87, M|16/367|[from] U-turn\n|-damage|p2a: Lapras|0 fnt|[from] Stealth Rock\n|faint|p2a: Lapras\n|move|p1a: Malamar|Knock Off|p2: Lapras|[notarget]\n|-fail|p1a: Malamar\n|\n|-heal|p1a: Malamar|96/275|[from] item: Leftovers\n|upkeep\n|\n|t:|1733858967\n|switch|p2a: Volbeat|Volbeat, L90, M|223/263\n|turn|18\n|\n|t:|1733858977\n|move|p2a: Volbeat|U-turn|p1a: Malamar\n|-supereffective|p1a: Malamar\n|-damage|p1a: Malamar|0 fnt\n|faint|p1a: Malamar\n|\n|t:|1733858982\n|switch|p2a: Grafaiai|Grafaiai, L86, M|249/249|[from] U-turn\n|-damage|p2a: Grafaiai|218/249|[from] Stealth Rock\n|\n|upkeep\n|\n|t:|1733858989\n|switch|p1a: Uxie|Uxie, L83|96/260\n|turn|19\n|\n|t:|1733859003\n|move|p2a: Grafaiai|Knock Off|p1a: Uxie\n|-supereffective|p1a: Uxie\n|-damage|p1a: Uxie|5/260\n|-damage|p2a: Grafaiai|194/249|[from] item: Life Orb\n|move|p1a: Uxie|Psychic Noise|p2a: Grafaiai\n|-supereffective|p2a: Grafaiai\n|-damage|p2a: Grafaiai|48/249\n|-start|p2a: Grafaiai|move: Heal Block\n|\n|upkeep\n|turn|20\n|\n|t:|1733859021\n|move|p2a: Grafaiai|Knock Off|p1a: Uxie\n|-supereffective|p1a: Uxie\n|-damage|p1a: Uxie|0 fnt\n|faint|p1a: Uxie\n|-damage|p2a: Grafaiai|24/249|[from] item: Life Orb\n|\n|-end|p2a: Grafaiai|move: Heal Block\n|upkeep\n|\n|t:|1733859023\n|switch|p1a: Bellibolt|Bellibolt, L84, M, tera:Electric|243/320\n|turn|21\n|\n|t:|1733859030\n|move|p2a: Grafaiai|Knock Off|p1a: Bellibolt\n|-damage|p1a: Bellibolt|146/320\n|-start|p1a: Bellibolt|Charge|Knock Off|[from] ability: Electromorphosis\n|-status|p1a: Bellibolt|psn|[from] ability: Poison Touch|[of] p2a: Grafaiai\n|-enditem|p1a: Bellibolt|Leftovers|[from] move: Knock Off|[of] p2a: Grafaiai\n|-damage|p2a: Grafaiai|0 fnt|[from] item: Life Orb\n|faint|p2a: Grafaiai\n|move|p1a: Bellibolt|Slack Off|p1a: Bellibolt\n|-heal|p1a: Bellibolt|306/320 psn\n|\n|-damage|p1a: Bellibolt|266/320 psn|[from] psn\n|upkeep\n|\n|t:|1733859041\n|switch|p2a: Volbeat|Volbeat, L90, M|223/263\n|turn|22\n|\n|t:|1733859044\n|move|p2a: Volbeat|Encore|p1a: Bellibolt\n|-start|p1a: Bellibolt|Encore\n|move|p1a: Bellibolt|Slack Off|p1a: Bellibolt\n|-heal|p1a: Bellibolt|320/320 psn\n|\n|-damage|p1a: Bellibolt|280/320 psn|[from] psn\n|upkeep\n|turn|23\n|\n|t:|1733859049\n|switch|p1a: Poliwrath|Poliwrath, L88, F|302/302\n|move|p2a: Volbeat|U-turn|p1a: Poliwrath\n|-resisted|p1a: Poliwrath\n|-damage|p1a: Poliwrath|272/302\n|\n|t:|1733859051\n|switch|p2a: Scrafty|Scrafty, L84, M|246/246|[from] U-turn\n|-damage|p2a: Scrafty|231/246|[from] Stealth Rock\n|-ability|p2a: Scrafty|Intimidate|boost\n|-unboost|p1a: Poliwrath|atk|1\n|\n|upkeep\n|turn|24\n|\n|t:|1733859057\n|switch|p2a: Volbeat|Volbeat, L90, M|223/263\n|move|p1a: Poliwrath|Rain Dance|p1a: Poliwrath\n|-weather|RainDance\n|\n|-weather|RainDance|[upkeep]\n|upkeep\n|turn|25\n|\n|t:|1733859061\n|switch|p1a: Bellibolt|Bellibolt, L84, M, tera:Electric|280/320 psn\n|move|p2a: Volbeat|Encore||[still]\n|-fail|p2a: Volbeat\n|\n|-weather|RainDance|[upkeep]\n|-damage|p1a: Bellibolt|240/320 psn|[from] psn\n|upkeep\n|turn|26\n|\n|t:|1733859069\n|move|p2a: Volbeat|Roost|p2a: Volbeat\n|-heal|p2a: Volbeat|263/263\n|-singleturn|p2a: Volbeat|move: Roost\n|move|p1a: Bellibolt|Thunderbolt|p2a: Volbeat\n|-damage|p2a: Volbeat|129/263\n|\n|-weather|RainDance|[upkeep]\n|-damage|p1a: Bellibolt|200/320 psn|[from] psn\n|upkeep\n|turn|27\n|\n|t:|1733859076\n|move|p2a: Volbeat|Roost|p2a: Volbeat\n|-heal|p2a: Volbeat|261/263\n|-singleturn|p2a: Volbeat|move: Roost\n|move|p1a: Bellibolt|Thunderbolt|p2a: Volbeat\n|-damage|p2a: Volbeat|133/263\n|\n|-weather|RainDance|[upkeep]\n|-damage|p1a: Bellibolt|160/320 psn|[from] psn\n|upkeep\n|turn|28\n|\n|t:|1733859087\n|move|p2a: Volbeat|Encore|p1a: Bellibolt\n|-start|p1a: Bellibolt|Encore\n|move|p1a: Bellibolt|Thunderbolt|p2a: Volbeat\n|-damage|p2a: Volbeat|11/263\n|\n|-weather|none\n|-damage|p1a: Bellibolt|120/320 psn|[from] psn\n|upkeep\n|turn|29\n|\n|t:|1733859092\n|switch|p1a: Poliwrath|Poliwrath, L88, F|272/302\n|move|p2a: Volbeat|Roost|p2a: Volbeat\n|-heal|p2a: Volbeat|143/263\n|-singleturn|p2a: Volbeat|move: Roost\n|\n|upkeep\n|turn|30\n|\n|t:|1733859095\n|move|p2a: Volbeat|Thunder Wave|p1a: Poliwrath\n|-status|p1a: Poliwrath|par\n|move|p1a: Poliwrath|Rain Dance|p1a: Poliwrath\n|-weather|RainDance\n|\n|-weather|RainDance|[upkeep]\n|upkeep\n|turn|31\n|\n|t:|1733859102\n|switch|p1a: Bellibolt|Bellibolt, L84, M, tera:Electric|120/320 psn\n|move|p2a: Volbeat|U-turn|p1a: Bellibolt\n|-damage|p1a: Bellibolt|48/320 psn\n|-start|p1a: Bellibolt|Charge|U-turn|[from] ability: Electromorphosis\n|\n|t:|1733859104\n|switch|p2a: Scrafty|Scrafty, L84, M|231/246|[from] U-turn\n|-damage|p2a: Scrafty|216/246|[from] Stealth Rock\n|-ability|p2a: Scrafty|Intimidate|boost\n|-unboost|p1a: Bellibolt|atk|1\n|\n|-weather|RainDance|[upkeep]\n|-damage|p1a: Bellibolt|8/320 psn|[from] psn\n|upkeep\n|turn|32\n|\n|t:|1733859111\n|move|p2a: Scrafty|Knock Off|p1a: Bellibolt\n|-damage|p1a: Bellibolt|0 fnt\n|faint|p1a: Bellibolt\n|-damage|p2a: Scrafty|192/246|[from] item: Life Orb\n|\n|-weather|RainDance|[upkeep]\n|upkeep\n|\n|t:|1733859115\n|switch|p1a: Poliwrath|Poliwrath, L88, F|272/302 par\n|turn|33\n|\n|t:|1733859120\n|switch|p2a: Volbeat|Volbeat, L90, M|143/263\n|move|p1a: Poliwrath|Liquidation|p2a: Volbeat\n|-damage|p2a: Volbeat|0 fnt\n|faint|p2a: Volbeat\n|-damage|p1a: Poliwrath|242/302 par|[from] item: Life Orb\n|\n|-weather|RainDance|[upkeep]\n|upkeep\n|\n|t:|1733859125\n|switch|p2a: Scrafty|Scrafty, L84, M|192/246\n|-damage|p2a: Scrafty|177/246|[from] Stealth Rock\n|-ability|p2a: Scrafty|Intimidate|boost\n|-unboost|p1a: Poliwrath|atk|1\n|turn|34\n|\n|t:|1733859131\n|move|p1a: Poliwrath|Liquidation|p2a: Scrafty\n|-damage|p2a: Scrafty|70/246\n|-damage|p1a: Poliwrath|212/302 par|[from] item: Life Orb\n|move|p2a: Scrafty|Close Combat|p1a: Poliwrath\n|-damage|p1a: Poliwrath|66/302 par\n|-unboost|p2a: Scrafty|def|1\n|-unboost|p2a: Scrafty|spd|1\n|-damage|p2a: Scrafty|46/246|[from] item: Life Orb\n|\n|-weather|none\n|upkeep\n|turn|35\n|\n|t:|1733859138\n|move|p2a: Scrafty|Close Combat|p1a: Poliwrath\n|-damage|p1a: Poliwrath|0 fnt\n|-unboost|p2a: Scrafty|def|1\n|-unboost|p2a: Scrafty|spd|1\n|faint|p1a: Poliwrath\n|-damage|p2a: Scrafty|22/246|[from] item: Life Orb\n|\n|win|Scrubland\n|raw|Mellow_69's rating: 1638 &rarr; <strong>1618</strong><br />(-20 for losing)\n|raw|Scrubland's rating: 1641 &rarr; <strong>1661</strong><br />(+20 for winning)\n|l|\u2606Mellow_69\n|player|p1|\n", "inputlog": ">version bfd83cad13791eb5a5a409923076391caf6fb4d4\n>start {\"formatid\":\"gen9randombattle\",\"seed\":[53659,13585,40177,20709],\"rated\":\"Rated battle\"}\n>player p1 {\"name\":\"Mellow_69\",\"avatar\":\"acetrainerf-gen4\",\"rating\":1638,\"seed\":[63122,35598,18386,60329]}\n>player p2 {\"name\":\"Scrubland\",\"avatar\":\"gentleman-gen4\",\"rating\":1641,\"seed\":[32842,20777,65090,23691]}\n>p1 move stealthrock\n>p2 switch 6\n>p1 move yawn\n>p2 move knockoff\n>p1 switch 4\n>p2 switch 6\n>p1 move aquastep\n>p2 move thunderwave\n>p1 move aquastep\n>p2 move uturn\n>p2 switch 4\n>p1 move aquastep\n>p2 move psychic\n>p1 switch 3\n>p1 move thunderbolt\n>p2 move calmmind\n>p1 move thunderbolt\n>p2 move drainingkiss\n>p1 move thunderbolt terastallize\n>p2 move drainingkiss\n>p2 switch 6\n>p1 move voltswitch\n>p2 move knockoff\n>p1 switch 6\n>p1 move blizzard\n>p2 move doubleedge\n>p1 move auroraveil\n>p2 move doubleedge\n>p1 move blizzard\n>p2 move swordsdance\n>p1 move blizzard\n>p2 move doubleedge\n>p2 switch 2\n>p1 move woodhammer\n>p2 move icebeam\n>p1 switch 5\n>p1 move superpower\n>p2 switch 4\n>p1 move knockoff\n>p2 move uturn\n>p2 switch 4\n>p2 switch 4\n>p1 move knockoff\n>p2 move uturn\n>p2 switch 5\n>p1 switch 4\n>p1 move psychicnoise\n>p2 move knockoff\n>p1 move psychicnoise\n>p2 move knockoff\n>p1 switch 6\n>p1 move slackoff\n>p2 move knockoff\n>p2 switch 5\n>p1 move thunderbolt\n>p2 move encore\n>p1 switch 2\n>p2 move uturn\n>p2 switch 3\n>p1 move raindance\n>p2 switch 3\n>p1 switch 2\n>p2 move encore\n>p1 move thunderbolt\n>p2 move roost\n>p1 move thunderbolt\n>p2 move roost\n>p1 move slackoff\n>p2 move encore\n>p1 switch 2\n>p2 move roost\n>p1 move raindance\n>p2 move thunderwave\n>p1 switch 2\n>p2 move uturn\n>p2 switch 3\n>p1 move thunderbolt\n>p2 move knockoff\n>p1 switch 2\n>p1 move liquidation\n>p2 switch 3\n>p2 switch 3\n>p1 move liquidation\n>p2 move closecombat\n>p1 move closecombat\n>p2 move closecombat", "uploadtime": 1733859145, "views": 1, "formatid": "gen9randombattle", "rating": 1618, "private": 0, "password": null}