{"id": "gen9randombattle-2260791177", "format": "[Gen 9] Random Battle", "players": ["Majoras_Mask4343", "jus1234"], "log": "|j|\u2606Majoras_Mask4343\n|j|\u2606jus1234\n|t:|1733892676\n|gametype|singles\n|player|p1|Majoras_Mask4343|n|1519\n|player|p2|jus1234|hilbert|1492\n|teamsize|p1|6\n|teamsize|p2|6\n|gen|9\n|tier|[Gen 9] Random Battle\n|rated|\n|rule|Species Clause: Limit one of each Pok\u00e9mon\n|rule|HP Percentage Mod: HP is shown in percentages\n|rule|Sleep Clause Mod: Limit one foe put to sleep\n|rule|Illusion Level Mod: Illusion disguises the Pok\u00e9mon's true level\n|\n|t:|1733892676\n|start\n|switch|p1a: Tsareena|Tsareena, L87, F|267/267\n|switch|p2a: Meloetta|Meloetta, L82|298/298\n|turn|1\n|inactive|Battle timer is ON: inactive players will automatically lose when time's up. (requested by Majoras_Mask4343)\n|\n|t:|1733892695\n|switch|p2a: Amoonguss|Amoonguss, L82, F|321/321\n|switch|p1a: Umbreon|Umbreon, L84, F|297/297\n|\n|upkeep\n|turn|2\n|\n|t:|1733892708\n|switch|p1a: Klawf|Klawf, L90, F|272/272\n|move|p2a: Amoonguss|Toxic|p1a: Klawf\n|-status|p1a: Klawf|tox\n|\n|-damage|p1a: Klawf|255/272 tox|[from] psn\n|upkeep\n|turn|3\n|\n|t:|1733892718\n|move|p1a: Klawf|Knock Off|p2a: Amoonguss\n|-damage|p2a: Amoonguss|188/321\n|-enditem|p2a: Amoonguss|Leftovers|[from] move: Knock Off|[of] p1a: Klawf\n|-damage|p1a: Klawf|228/272 tox|[from] item: Life Orb\n|move|p2a: Amoonguss|Giga Drain|p1a: Klawf\n|-supereffective|p1a: Klawf\n|-damage|p1a: Klawf|40/272 tox\n|-heal|p2a: Amoonguss|282/321|[from] drain|[of] p1a: Klawf\n|\n|-damage|p1a: Klawf|6/272 tox|[from] psn\n|upkeep\n|turn|4\n|\n|t:|1733892733\n|move|p1a: Klawf|Stealth Rock|p2a: Amoonguss\n|-sidestart|p2: jus1234|move: Stealth Rock\n|move|p2a: Amoonguss|Giga Drain|p1a: Klawf\n|-supereffective|p1a: Klawf\n|-damage|p1a: Klawf|0 fnt\n|-heal|p2a: Amoonguss|285/321|[from] drain|[of] p1a: Klawf\n|faint|p1a: Klawf\n|\n|upkeep\n|\n|t:|1733892744\n|switch|p1a: Volcarona|Volcarona, L77, M|257/257\n|turn|5\n|\n|t:|1733892754\n|move|p1a: Volcarona|Fiery Dance|p2a: Amoonguss\n|-supereffective|p2a: Amoonguss\n|-damage|p2a: Amoonguss|73/321\n|move|p2a: Amoonguss|Toxic|p1a: Volcarona\n|-status|p1a: Volcarona|tox\n|\n|-damage|p1a: Volcarona|241/257 tox|[from] psn\n|upkeep\n|turn|6\n|inactive|Majoras_Mask4343 has 120 seconds left.\n|\n|t:|1733892786\n|switch|p2a: Overqwil|Overqwil, L82, F|274/274\n|-damage|p2a: Overqwil|240/274|[from] Stealth Rock\n|-ability|p2a: Overqwil|Intimidate|boost\n|-unboost|p1a: Volcarona|atk|1\n|move|p1a: Volcarona|Fiery Dance|p2a: Overqwil\n|-damage|p2a: Overqwil|116/274\n|\n|-damage|p1a: Volcarona|209/257 tox|[from] psn\n|upkeep\n|turn|7\n|inactive|jus1234 has 120 seconds left.\n|\n|t:|1733892819\n|switch|p1a: Umbreon|Umbreon, L84, F|297/297\n|move|p2a: Overqwil|Gunk Shot|p1a: Umbreon|[miss]\n|-miss|p2a: Overqwil|p1a: Umbreon\n|\n|upkeep\n|turn|8\n|inactive|jus1234 has 120 seconds left.\n|inactive|Majoras_Mask4343 has 120 seconds left.\n|\n|t:|1733892861\n|move|p2a: Overqwil|Gunk Shot|p1a: Umbreon|[miss]\n|-miss|p2a: Overqwil|p1a: Umbreon\n|move|p1a: Umbreon|Foul Play|p2a: Overqwil\n|-resisted|p2a: Overqwil\n|-damage|p2a: Overqwil|65/274\n|\n|upkeep\n|turn|9\n|inactive|jus1234 has 120 seconds left.\n|\n|t:|1733892881\n|move|p2a: Overqwil|Scale Shot|p1a: Umbreon\n|-damage|p1a: Umbreon|279/297\n|-damage|p1a: Umbreon|262/297\n|-damage|p1a: Umbreon|244/297\n|-damage|p1a: Umbreon|226/297\n|-damage|p1a: Umbreon|210/297\n|-hitcount|p1a: Umbreon|5\n|-unboost|p2a: Overqwil|def|1\n|-boost|p2a: Overqwil|spe|1\n|move|p1a: Umbreon|Wish|p1a: Umbreon\n|\n|-heal|p1a: Umbreon|228/297|[from] item: Leftovers\n|upkeep\n|turn|10\n|inactive|Majoras_Mask4343 has 90 seconds left.\n|\n|t:|1733892912\n|move|p2a: Overqwil|Swords Dance|p2a: Overqwil\n|-boost|p2a: Overqwil|atk|2\n|move|p1a: Umbreon|Foul Play|p2a: Overqwil\n|-resisted|p2a: Overqwil\n|-damage|p2a: Overqwil|0 fnt\n|faint|p2a: Overqwil\n|\n|-heal|p1a: Umbreon|297/297|[from] move: Wish|[wisher] Umbreon\n|upkeep\n|inactive|jus1234 has 90 seconds left.\n|\n|t:|1733892937\n|switch|p2a: Electrode|Electrode, L92|260/260\n|-damage|p2a: Electrode|228/260|[from] Stealth Rock\n|turn|11\n|inactive|jus1234 has 90 seconds left.\n|inactive|Majoras_Mask4343 has 90 seconds left.\n|\n|t:|1733892952\n|move|p1a: Umbreon|Protect|p1a: Umbreon\n|-singleturn|p1a: Umbreon|Protect\n|move|p2a: Electrode|Taunt|p1a: Umbreon\n|-activate|p1a: Umbreon|move: Protect\n|\n|upkeep\n|turn|12\n|\n|t:|1733892961\n|move|p2a: Electrode|Volt Switch|p1a: Umbreon\n|-damage|p1a: Umbreon|223/297\n|-damage|p2a: Electrode|202/260|[from] item: Life Orb\n|\n|t:|1733892966\n|switch|p2a: Amoonguss|Amoonguss, L82, F|180/321|[from] Volt Switch\n|-damage|p2a: Amoonguss|140/321|[from] Stealth Rock\n|move|p1a: Umbreon|Foul Play|p2a: Amoonguss\n|-damage|p2a: Amoonguss|50/321\n|\n|-heal|p1a: Umbreon|241/297|[from] item: Leftovers\n|upkeep\n|turn|13\n|\n|t:|1733892980\n|move|p1a: Umbreon|Foul Play|p2a: Amoonguss\n|-damage|p2a: Amoonguss|0 fnt\n|faint|p2a: Amoonguss\n|\n|-heal|p1a: Umbreon|259/297|[from] item: Leftovers\n|upkeep\n|inactive|jus1234 has 90 seconds left.\n|\n|t:|1733892997\n|switch|p2a: Rabsca|Rabsca, L91, M|284/284\n|turn|14\n|inactive|Majoras_Mask4343 has 120 seconds left.\n|inactive|jus1234 has 90 seconds left.\n|inactive|Majoras_Mask4343 has 90 seconds left.\n|inactive|Majoras_Mask4343 has 60 seconds left.\n|\n|t:|1733893075\n|-terastallize|p2a: Rabsca|Steel\n|move|p1a: Umbreon|Toxic|p2a: Rabsca|[miss]\n|-miss|p1a: Umbreon|p2a: Rabsca\n|move|p2a: Rabsca|Trick Room|p2a: Rabsca\n|-fieldstart|move: Trick Room|[of] p2a: Rabsca\n|\n|-heal|p1a: Umbreon|277/297|[from] item: Leftovers\n|upkeep\n|turn|15\n|inactive|jus1234 has 90 seconds left.\n|\n|t:|1733893086\n|move|p1a: Umbreon|Protect|p1a: Umbreon\n|-singleturn|p1a: Umbreon|Protect\n|move|p2a: Rabsca|Bug Buzz|p1a: Umbreon\n|-activate|p1a: Umbreon|move: Protect\n|\n|-heal|p1a: Umbreon|295/297|[from] item: Leftovers\n|upkeep\n|turn|16\n|inactive|Majoras_Mask4343 has 60 seconds left.\n|\n|t:|1733893095\n|switch|p1a: Porygon2|Porygon2, L82|274/274\n|-ability|p1a: Porygon2|Download|boost\n|-boost|p1a: Porygon2|atk|1\n|move|p2a: Rabsca|Psychic|p1a: Porygon2\n|-damage|p1a: Porygon2|193/274\n|-unboost|p1a: Porygon2|spd|1\n|\n|upkeep\n|turn|17\n|\n|t:|1733893105\n|switch|p1a: Umbreon|Umbreon, L84, F|295/297\n|move|p2a: Rabsca|Revival Blessing|p2a: Rabsca\n|\n|t:|1733893115\n|-heal|p2: Overqwil|137/274|[from] move: Revival Blessing\n|\n|-heal|p1a: Umbreon|297/297|[from] item: Leftovers\n|upkeep\n|turn|18\n|\n|t:|1733893123\n|move|p1a: Umbreon|Protect|p1a: Umbreon\n|-singleturn|p1a: Umbreon|Protect\n|move|p2a: Rabsca|Bug Buzz|p1a: Umbreon\n|-activate|p1a: Umbreon|move: Protect\n|\n|-fieldend|move: Trick Room\n|upkeep\n|turn|19\n|\n|t:|1733893131\n|switch|p1a: Porygon2|Porygon2, L82|193/274\n|-ability|p1a: Porygon2|Download|boost\n|-boost|p1a: Porygon2|atk|1\n|move|p2a: Rabsca|Trick Room|p2a: Rabsca\n|-fieldstart|move: Trick Room|[of] p2a: Rabsca\n|\n|upkeep\n|turn|20\n|inactive|Majoras_Mask4343 has 90 seconds left.\n|\n|t:|1733893140\n|move|p2a: Rabsca|Psychic|p1a: Porygon2\n|-damage|p1a: Porygon2|109/274\n|move|p1a: Porygon2|Recover|p1a: Porygon2\n|-heal|p1a: Porygon2|246/274\n|\n|upkeep\n|turn|21\n|inactive|jus1234 has 120 seconds left.\n|\n|t:|1733893148\n|move|p2a: Rabsca|Bug Buzz|p1a: Porygon2\n|-damage|p1a: Porygon2|170/274\n|move|p1a: Porygon2|Tri Attack|p2a: Rabsca\n|-resisted|p2a: Rabsca\n|-damage|p2a: Rabsca|248/284\n|-status|p2a: Rabsca|par\n|-activate|p2a: Rabsca|ability: Synchronize\n|-status|p1a: Porygon2|par\n|\n|upkeep\n|turn|22\n|inactive|jus1234 has 120 seconds left.\n|\n|t:|1733893161\n|move|p2a: Rabsca|Psychic|p1a: Porygon2\n|-damage|p1a: Porygon2|94/274 par\n|cant|p1a: Porygon2|par\n|\n|upkeep\n|turn|23\n|\n|t:|1733893167\n|move|p2a: Rabsca|Psychic|p1a: Porygon2\n|-damage|p1a: Porygon2|4/274 par\n|move|p1a: Porygon2|Recover|p1a: Porygon2\n|-heal|p1a: Porygon2|141/274 par\n|\n|-fieldend|move: Trick Room\n|upkeep\n|turn|24\n|\n|t:|1733893177\n|move|p1a: Porygon2|Recover|p1a: Porygon2\n|-heal|p1a: Porygon2|274/274 par\n|move|p2a: Rabsca|Trick Room|p2a: Rabsca\n|-fieldstart|move: Trick Room|[of] p2a: Rabsca\n|\n|upkeep\n|turn|25\n|\n|t:|1733893185\n|move|p2a: Rabsca|Bug Buzz|p1a: Porygon2\n|-damage|p1a: Porygon2|192/274 par\n|move|p1a: Porygon2|Discharge|p2a: Rabsca\n|-damage|p2a: Rabsca|197/284 par\n|\n|upkeep\n|turn|26\n|\n|t:|1733893193\n|move|p2a: Rabsca|Psychic|p1a: Porygon2\n|-damage|p1a: Porygon2|107/274 par\n|move|p1a: Porygon2|Recover|p1a: Porygon2\n|-heal|p1a: Porygon2|244/274 par\n|\n|upkeep\n|turn|27\n|\n|t:|1733893217\n|cant|p2a: Rabsca|par\n|move|p1a: Porygon2|Discharge|p2a: Rabsca\n|-damage|p2a: Rabsca|153/284 par\n|\n|upkeep\n|turn|28\n|inactive|Majoras_Mask4343 has 120 seconds left.\n|\n|t:|1733893253\n|switch|p2a: Bellossom|Bellossom, L84, M|263/263\n|-damage|p2a: Bellossom|231/263|[from] Stealth Rock\n|cant|p1a: Porygon2|par\n|\n|-heal|p2a: Bellossom|247/263|[from] item: Leftovers\n|-fieldend|move: Trick Room\n|upkeep\n|turn|29\n|inactive|Majoras_Mask4343 has 120 seconds left.\n|\n|t:|1733893265\n|switch|p1a: Umbreon|Umbreon, L84, F|297/297\n|move|p2a: Bellossom|Quiver Dance|p2a: Bellossom\n|-boost|p2a: Bellossom|spa|1\n|-boost|p2a: Bellossom|spd|1\n|-boost|p2a: Bellossom|spe|1\n|\n|-heal|p2a: Bellossom|263/263|[from] item: Leftovers\n|upkeep\n|turn|30\n|\n|t:|1733893278\n|move|p2a: Bellossom|Sludge Bomb|p1a: Umbreon\n|-damage|p1a: Umbreon|234/297\n|move|p1a: Umbreon|Toxic|p2a: Bellossom\n|-status|p2a: Bellossom|tox\n|\n|-heal|p1a: Umbreon|252/297|[from] item: Leftovers\n|-damage|p2a: Bellossom|247/263 tox|[from] psn\n|upkeep\n|turn|31\n|\n|t:|1733893289\n|switch|p2a: Rabsca|Rabsca, L91, M, tera:Steel|153/284 par\n|switch|p1a: Porygon2|Porygon2, L82|244/274 par\n|-ability|p1a: Porygon2|Download|boost\n|-boost|p1a: Porygon2|atk|1\n|\n|upkeep\n|turn|32\n|\n|t:|1733893300\n|move|p1a: Porygon2|Discharge|p2a: Rabsca\n|-damage|p2a: Rabsca|101/284 par\n|move|p2a: Rabsca|Psychic|p1a: Porygon2\n|-damage|p1a: Porygon2|159/274 par\n|\n|upkeep\n|turn|33\n|\n|t:|1733893309\n|switch|p2a: Overqwil|Overqwil, L82, F|137/274\n|-damage|p2a: Overqwil|103/274|[from] Stealth Rock\n|-ability|p2a: Overqwil|Intimidate|boost\n|-unboost|p1a: Porygon2|atk|1\n|move|p1a: Porygon2|Recover|p1a: Porygon2\n|-heal|p1a: Porygon2|274/274 par\n|\n|upkeep\n|turn|34\n|\n|t:|1733893318\n|move|p2a: Overqwil|Swords Dance|p2a: Overqwil\n|-boost|p2a: Overqwil|atk|2\n|move|p1a: Porygon2|Tri Attack|p2a: Overqwil\n|-damage|p2a: Overqwil|0 fnt\n|faint|p2a: Overqwil\n|\n|upkeep\n|\n|t:|1733893334\n|switch|p2a: Bellossom|Bellossom, L84, M|247/263 tox\n|-damage|p2a: Bellossom|215/263 tox|[from] Stealth Rock\n|turn|35\n|\n|t:|1733893339\n|move|p2a: Bellossom|Quiver Dance|p2a: Bellossom\n|-boost|p2a: Bellossom|spa|1\n|-boost|p2a: Bellossom|spd|1\n|-boost|p2a: Bellossom|spe|1\n|move|p1a: Porygon2|Ice Beam|p2a: Bellossom\n|-supereffective|p2a: Bellossom\n|-damage|p2a: Bellossom|139/263 tox\n|\n|-heal|p2a: Bellossom|155/263 tox|[from] item: Leftovers\n|-damage|p2a: Bellossom|139/263 tox|[from] psn\n|upkeep\n|turn|36\n|\n|t:|1733893350\n|move|p2a: Bellossom|Quiver Dance|p2a: Bellossom\n|-boost|p2a: Bellossom|spa|1\n|-boost|p2a: Bellossom|spd|1\n|-boost|p2a: Bellossom|spe|1\n|move|p1a: Porygon2|Ice Beam|p2a: Bellossom\n|-supereffective|p2a: Bellossom\n|-damage|p2a: Bellossom|77/263 tox\n|\n|-heal|p2a: Bellossom|93/263 tox|[from] item: Leftovers\n|-damage|p2a: Bellossom|61/263 tox|[from] psn\n|upkeep\n|turn|37\n|\n|t:|1733893363\n|move|p2a: Bellossom|Strength Sap|p1a: Porygon2\n|-unboost|p1a: Porygon2|atk|1\n|-heal|p2a: Bellossom|197/263 tox\n|cant|p1a: Porygon2|par\n|\n|-heal|p2a: Bellossom|213/263 tox|[from] item: Leftovers\n|-damage|p2a: Bellossom|165/263 tox|[from] psn\n|upkeep\n|turn|38\n|\n|t:|1733893375\n|move|p2a: Bellossom|Giga Drain|p1a: Porygon2\n|-damage|p1a: Porygon2|177/274 par\n|-heal|p2a: Bellossom|214/263 tox|[from] drain|[of] p1a: Porygon2\n|move|p1a: Porygon2|Ice Beam|p2a: Bellossom\n|-supereffective|p2a: Bellossom\n|-damage|p2a: Bellossom|154/263 tox\n|\n|-heal|p2a: Bellossom|170/263 tox|[from] item: Leftovers\n|-damage|p2a: Bellossom|106/263 tox|[from] psn\n|upkeep\n|turn|39\n|\n|t:|1733893392\n|switch|p2a: Rabsca|Rabsca, L91, M, tera:Steel|101/284 par\n|cant|p1a: Porygon2|par\n|\n|upkeep\n|turn|40\n|\n|t:|1733893400\n|cant|p1a: Porygon2|par\n|move|p2a: Rabsca|Trick Room|p2a: Rabsca\n|-fieldstart|move: Trick Room|[of] p2a: Rabsca\n|\n|upkeep\n|turn|41\n|\n|t:|1733893405\n|move|p2a: Rabsca|Psychic|p1a: Porygon2\n|-damage|p1a: Porygon2|99/274 par\n|cant|p1a: Porygon2|par\n|\n|upkeep\n|turn|42\n|\n|t:|1733893412\n|cant|p2a: Rabsca|par\n|move|p1a: Porygon2|Recover|p1a: Porygon2\n|-heal|p1a: Porygon2|236/274 par\n|\n|upkeep\n|turn|43\n|\n|t:|1733893418\n|move|p2a: Rabsca|Psychic|p1a: Porygon2\n|-damage|p1a: Porygon2|152/274 par\n|move|p1a: Porygon2|Discharge|p2a: Rabsca\n|-damage|p2a: Rabsca|55/284 par\n|\n|upkeep\n|turn|44\n|\n|t:|1733893426\n|move|p2a: Rabsca|Psychic|p1a: Porygon2\n|-damage|p1a: Porygon2|65/274 par\n|move|p1a: Porygon2|Discharge|p2a: Rabsca\n|-damage|p2a: Rabsca|5/284 par\n|\n|-fieldend|move: Trick Room\n|upkeep\n|turn|45\n|\n|t:|1733893437\n|move|p1a: Porygon2|Discharge|p2a: Rabsca\n|-damage|p2a: Rabsca|0 fnt\n|faint|p2a: Rabsca\n|\n|upkeep\n|\n|t:|1733893443\n|switch|p2a: Meloetta|Meloetta, L82|298/298\n|-damage|p2a: Meloetta|261/298|[from] Stealth Rock\n|turn|46\n|\n|t:|1733893449\n|move|p2a: Meloetta|Calm Mind|p2a: Meloetta\n|-boost|p2a: Meloetta|spa|1\n|-boost|p2a: Meloetta|spd|1\n|cant|p1a: Porygon2|par\n|\n|upkeep\n|turn|47\n|\n|t:|1733893456\n|switch|p1a: Umbreon|Umbreon, L84, F|252/297\n|move|p2a: Meloetta|Calm Mind|p2a: Meloetta\n|-boost|p2a: Meloetta|spa|1\n|-boost|p2a: Meloetta|spd|1\n|\n|-heal|p1a: Umbreon|270/297|[from] item: Leftovers\n|upkeep\n|turn|48\n|\n|t:|1733893465\n|move|p2a: Meloetta|Focus Blast|p1a: Umbreon\n|-supereffective|p1a: Umbreon\n|-damage|p1a: Umbreon|0 fnt\n|faint|p1a: Umbreon\n|-damage|p2a: Meloetta|232/298|[from] item: Life Orb\n|\n|upkeep\n|\n|t:|1733893478\n|switch|p1a: Tsareena|Tsareena, L87, F|267/267\n|turn|49\n|inactive|jus1234 has 120 seconds left.\n|\n|t:|1733893536\n|move|p2a: Meloetta|Hyper Voice|p1a: Tsareena\n|-damage|p1a: Tsareena|16/267\n|-damage|p2a: Meloetta|203/298|[from] item: Life Orb\n|move|p1a: Tsareena|Power Whip|p2a: Meloetta\n|-damage|p2a: Meloetta|31/298\n|\n|upkeep\n|turn|50\n|\n|t:|1733893546\n|move|p2a: Meloetta|Hyper Voice|p1a: Tsareena\n|-damage|p1a: Tsareena|0 fnt\n|faint|p1a: Tsareena\n|-damage|p2a: Meloetta|2/298|[from] item: Life Orb\n|\n|upkeep\n|\n|t:|1733893550\n|switch|p1a: Porygon2|Porygon2, L82|65/274 par\n|-ability|p1a: Porygon2|Download|boost\n|-boost|p1a: Porygon2|atk|1\n|turn|51\n|\n|t:|1733893563\n|move|p2a: Meloetta|Hyper Voice|p1a: Porygon2\n|-damage|p1a: Porygon2|0 fnt\n|faint|p1a: Porygon2\n|-damage|p2a: Meloetta|0 fnt|[from] item: Life Orb\n|faint|p2a: Meloetta\n|\n|upkeep\n|\n|t:|1733893571\n|switch|p2a: Electrode|Electrode, L92|202/260\n|switch|p1a: Drifblim|Drifblim, L86, M|396/396\n|-damage|p2a: Electrode|170/260|[from] Stealth Rock\n|turn|52\n|\n|t:|1733893582\n|-terastallize|p1a: Drifblim|Fairy\n|move|p2a: Electrode|Thunderbolt|p1a: Drifblim\n|-damage|p1a: Drifblim|205/396\n|-damage|p2a: Electrode|144/260|[from] item: Life Orb\n|move|p1a: Drifblim|Calm Mind|p1a: Drifblim\n|-boost|p1a: Drifblim|spa|1\n|-boost|p1a: Drifblim|spd|1\n|\n|upkeep\n|turn|53\n|\n|t:|1733893592\n|move|p2a: Electrode|Taunt|p1a: Drifblim\n|-start|p1a: Drifblim|move: Taunt\n|move|p1a: Drifblim|Shadow Ball|p2a: Electrode\n|-damage|p2a: Electrode|29/260\n|\n|upkeep\n|turn|54\n|\n|t:|1733893602\n|move|p2a: Electrode|Thunderbolt|p1a: Drifblim\n|-damage|p1a: Drifblim|79/396\n|-enditem|p1a: Drifblim|Sitrus Berry|[eat]\n|-heal|p1a: Drifblim|178/396|[from] item: Sitrus Berry\n|-damage|p2a: Electrode|3/260|[from] item: Life Orb\n|move|p1a: Drifblim|Shadow Ball|p2a: Electrode\n|-damage|p2a: Electrode|0 fnt\n|faint|p2a: Electrode\n|\n|upkeep\n|c|\u2606Majoras_Mask4343|gg\n|\n|t:|1733893613\n|switch|p2a: Bellossom|Bellossom, L84, M|106/263 tox\n|-damage|p2a: Bellossom|74/263 tox|[from] Stealth Rock\n|turn|55\n|\n|t:|1733893619\n|move|p1a: Drifblim|Shadow Ball|p2a: Bellossom\n|-damage|p2a: Bellossom|0 fnt\n|faint|p2a: Bellossom\n|\n|win|Majoras_Mask4343\n|raw|Majoras_Mask4343's rating: 1519 &rarr; <strong>1537</strong><br />(+18 for winning)\n|raw|jus1234's rating: 1492 &rarr; <strong>1474</strong><br />(-18 for losing)\n", "inputlog": ">version bfd83cad13791eb5a5a409923076391caf6fb4d4\n>start {\"formatid\":\"gen9randombattle\",\"seed\":[43663,2339,64672,3317],\"rated\":\"Rated battle\"}\n>player p1 {\"name\":\"Majoras_Mask4343\",\"avatar\":\"n\",\"rating\":1519,\"seed\":[40983,34030,40556,14971]}\n>player p2 {\"name\":\"jus1234\",\"avatar\":\"hilbert\",\"rating\":1492,\"seed\":[51004,57069,12196,24043]}\n>p1 switch 5\n>p2 switch 3\n>p1 switch 4\n>p2 move toxic\n>p1 move knockoff\n>p2 move gigadrain\n>p1 move stealthrock\n>p2 move gigadrain\n>p1 switch 6\n>p1 move fierydance\n>p2 move toxic\n>p1 move fierydance\n>p2 switch 4\n>p1 switch 4\n>p2 move gunkshot\n>p1 move foulplay\n>p2 move gunkshot\n>p1 move wish\n>p2 move scaleshot\n>p1 move foulplay\n>p2 move swordsdance\n>p2 switch 6\n>p1 move protect\n>p2 move taunt\n>p1 move foulplay\n>p2 move voltswitch\n>p2 switch 4\n>p1 move foulplay\n>p2 move gigadrain\n>p2 switch 2\n>p1 move toxic\n>p2 move trickroom terastallize\n>p1 move protect\n>p2 move bugbuzz\n>p1 switch 3\n>p2 move psychic\n>p1 switch 3\n>p2 move revivalblessing\n>p2 switch 6\n>p1 move protect\n>p2 move bugbuzz\n>p1 switch 3\n>p2 move trickroom\n>p1 move recover\n>p2 move psychic\n>p1 move triattack\n>p2 move bugbuzz\n>p1 move recover\n>p2 move psychic\n>p1 move recover\n>p2 move psychic\n>p1 move recover\n>p2 move trickroom\n>p1 move discharge\n>p2 move bugbuzz\n>p1 move recover\n>p2 move psychic\n>p1 move discharge\n>p2 move psychic\n>p1 move discharge\n>p2 switch 5\n>p1 switch 3\n>p2 move quiverdance\n>p1 move toxic\n>p2 move sludgebomb\n>p1 switch 3\n>p2 switch 5\n>p1 move discharge\n>p2 move psychic\n>p1 move recover\n>p2 switch 6\n>p1 move triattack\n>p2 move swordsdance\n>p2 switch 5\n>p1 move icebeam\n>p2 move quiverdance\n>p1 move icebeam\n>p2 move quiverdance\n>p1 move icebeam\n>p2 move strengthsap\n>p1 move icebeam\n>p2 move gigadrain\n>p1 move recover\n>p2 switch 6\n>p1 move discharge\n>p2 move trickroom\n>p1 move discharge\n>p2 move psychic\n>p1 move recover\n>p2 move psychic\n>p1 move discharge\n>p2 move psychic\n>p1 move discharge\n>p2 move psychic\n>p1 move discharge\n>p2 move psychic\n>p2 switch 3\n>p1 move recover\n>p2 move calmmind\n>p1 switch 3\n>p2 move calmmind\n>p1 move toxic\n>p2 move focusblast\n>p1 switch 5\n>p1 move powerwhip\n>p2 move hypervoice\n>p1 move synthesis\n>p2 move hypervoice\n>p1 switch 3\n>p1 move recover\n>p2 move hypervoice\n>p1 switch 2\n>p2 switch 4\n>p1 move calmmind terastallize\n>p2 move thunderbolt\n>p1 move shadowball\n>p2 move taunt\n>p1 move shadowball\n>p2 move thunderbolt\n>chat \u2606Majoras_Mask4343|gg\n>p2 switch 6\n>p1 move shadowball\n>p2 move strengthsap", "uploadtime": 1733893622, "views": 15, "formatid": "gen9randombattle", "rating": 1474, "private": 0, "password": null}