{"id": "gen9randombattle-2260583319", "format": "[Gen 9] Random Battle", "players": ["mcai888", "Avide C."], "log": "|j|\u2606mcai888\n|j|\u2606Avide C.\n|t:|1733866027\n|gametype|singles\n|player|p1|mcai888|riley|1632\n|player|p2|Avide C.|acetrainer-gen4dp|1659\n|teamsize|p1|6\n|teamsize|p2|6\n|gen|9\n|tier|[Gen 9] Random Battle\n|rated|\n|rule|Species Clause: Limit one of each Pok\u00e9mon\n|rule|HP Percentage Mod: HP is shown in percentages\n|rule|Sleep Clause Mod: Limit one foe put to sleep\n|rule|Illusion Level Mod: Illusion disguises the Pok\u00e9mon's true level\n|\n|t:|1733866027\n|start\n|switch|p1a: Kingambit|Kingambit, L74, M|270/270\n|switch|p2a: Luvdisc|Luvdisc, M|247/247\n|turn|1\n|inactive|Battle timer is ON: inactive players will automatically lose when time's up. (requested by mcai888)\n|\n|t:|1733866039\n|-end|p1a: Kingambit|fallenundefined|[silent]\n|switch|p1a: Cacturne|Cacturne, L92, F|278/278\n|move|p2a: Luvdisc|Surf|p1a: Cacturne\n|-immune|p1a: Cacturne|[from] ability: Water Absorb\n|\n|upkeep\n|turn|2\n|\n|t:|1733866044\n|switch|p2a: Overqwil|Overqwil, L82, F|274/274\n|-ability|p2a: Overqwil|Intimidate|boost\n|-unboost|p1a: Cacturne|atk|1\n|move|p1a: Cacturne|Knock Off|p2a: Overqwil\n|-resisted|p2a: Overqwil\n|-damage|p2a: Overqwil|213/274\n|-enditem|p2a: Overqwil|Loaded Dice|[from] move: Knock Off|[of] p1a: Cacturne\n|-damage|p1a: Cacturne|251/278|[from] item: Life Orb\n|\n|upkeep\n|turn|3\n|\n|t:|1733866061\n|switch|p2a: Muk|Muk-Alola, L82, F|306/306\n|switch|p1a: Entei|Entei, L78|307/307\n|\n|upkeep\n|turn|4\n|\n|t:|1733866066\n|move|p1a: Entei|Sacred Fire|p2a: Muk\n|-damage|p2a: Muk|114/306\n|move|p2a: Muk|Gunk Shot|p1a: Entei\n|-damage|p1a: Entei|159/307\n|\n|upkeep\n|turn|5\n|\n|t:|1733866076\n|switch|p2a: Luvdisc|Luvdisc, M|247/247\n|move|p1a: Entei|Sacred Fire|p2a: Luvdisc\n|-resisted|p2a: Luvdisc\n|-damage|p2a: Luvdisc|148/247\n|-status|p2a: Luvdisc|brn\n|\n|-damage|p2a: Luvdisc|133/247 brn|[from] brn\n|upkeep\n|turn|6\n|\n|t:|1733866080\n|switch|p1a: Cacturne|Cacturne, L92, F|251/278\n|move|p2a: Luvdisc|Substitute|p2a: Luvdisc\n|-start|p2a: Luvdisc|Substitute\n|-damage|p2a: Luvdisc|72/247 brn\n|\n|-damage|p2a: Luvdisc|57/247 brn|[from] brn\n|upkeep\n|turn|7\n|\n|t:|1733866089\n|move|p2a: Luvdisc|Endeavor|p1a: Cacturne\n|-damage|p1a: Cacturne|57/278\n|move|p1a: Cacturne|Knock Off|p2a: Luvdisc\n|-end|p2a: Luvdisc|Substitute\n|-damage|p1a: Cacturne|30/278|[from] item: Life Orb\n|\n|-damage|p2a: Luvdisc|42/247 brn|[from] brn\n|upkeep\n|turn|8\n|\n|t:|1733866099\n|switch|p1a: Misdreavus|Misdreavus, L90, F|254/254\n|move|p2a: Luvdisc|Endeavor|p1a: Misdreavus\n|-immune|p1a: Misdreavus\n|\n|-damage|p2a: Luvdisc|27/247 brn|[from] brn\n|upkeep\n|turn|9\n|\n|t:|1733866109\n|switch|p2a: Muk|Muk-Alola, L82, F|114/306\n|switch|p1a: Cacturne|Cacturne, L92, F|30/278\n|\n|upkeep\n|turn|10\n|\n|t:|1733866115\n|move|p1a: Cacturne|Knock Off|p2a: Muk\n|-resisted|p2a: Muk\n|-damage|p2a: Muk|5/306\n|-enditem|p2a: Muk|Assault Vest|[from] move: Knock Off|[of] p1a: Cacturne\n|-damage|p1a: Cacturne|3/278|[from] item: Life Orb\n|move|p2a: Muk|Knock Off|p1a: Cacturne\n|-resisted|p1a: Cacturne\n|-damage|p1a: Cacturne|0 fnt\n|-enditem|p1a: Cacturne|Life Orb|[from] move: Knock Off|[of] p2a: Muk\n|faint|p1a: Cacturne\n|\n|upkeep\n|\n|t:|1733866125\n|switch|p1a: Entei|Entei, L78|159/307\n|turn|11\n|\n|t:|1733866130\n|move|p1a: Entei|Extreme Speed|p2a: Muk\n|-damage|p2a: Muk|0 fnt\n|faint|p2a: Muk\n|\n|upkeep\n|\n|t:|1733866160\n|switch|p2a: Overqwil|Overqwil, L82, F|213/274\n|-ability|p2a: Overqwil|Intimidate|boost\n|-fail|p1a: Entei|unboost|Attack|[from] ability: Inner Focus|[of] p1a: Entei\n|turn|12\n|\n|t:|1733866170\n|switch|p1a: Regirock|Regirock, L83|268/268\n|switch|p2a: Feraligatr|Feraligatr, L79, M|264/264\n|\n|upkeep\n|turn|13\n|inactive|Avide C. has 120 seconds left.\n|\n|t:|1733866189\n|switch|p1a: Sunflora|Sunflora, F|312/312\n|move|p2a: Feraligatr|Dragon Dance|p2a: Feraligatr\n|-boost|p2a: Feraligatr|atk|1\n|-boost|p2a: Feraligatr|spe|1\n|\n|upkeep\n|turn|14\n|inactive|Avide C. has 120 seconds left.\n|\n|t:|1733866200\n|switch|p2a: Overqwil|Overqwil, L82, F|213/274\n|-ability|p2a: Overqwil|Intimidate|boost\n|-unboost|p1a: Sunflora|atk|1\n|move|p1a: Sunflora|Leaf Storm|p2a: Overqwil\n|-resisted|p2a: Overqwil\n|-damage|p2a: Overqwil|11/274\n|-unboost|p1a: Sunflora|spa|2\n|\n|upkeep\n|turn|15\n|\n|t:|1733866205\n|move|p2a: Overqwil|Crunch|p1a: Sunflora\n|-damage|p1a: Sunflora|210/312\n|move|p1a: Sunflora|Leaf Storm|p2a: Overqwil\n|-resisted|p2a: Overqwil\n|-damage|p2a: Overqwil|0 fnt\n|-unboost|p1a: Sunflora|spa|2\n|faint|p2a: Overqwil\n|\n|upkeep\n|\n|t:|1733866210\n|switch|p2a: Feraligatr|Feraligatr, L79, M|264/264\n|turn|16\n|\n|t:|1733866215\n|switch|p1a: Misdreavus|Misdreavus, L90, F|254/254\n|move|p2a: Feraligatr|Dragon Dance|p2a: Feraligatr\n|-boost|p2a: Feraligatr|atk|1\n|-boost|p2a: Feraligatr|spe|1\n|\n|upkeep\n|turn|17\n|\n|t:|1733866219\n|move|p2a: Feraligatr|Crunch|p1a: Misdreavus\n|-supereffective|p1a: Misdreavus\n|-damage|p1a: Misdreavus|38/254\n|move|p1a: Misdreavus|Will-O-Wisp|p2a: Feraligatr|[miss]\n|-miss|p1a: Misdreavus|p2a: Feraligatr\n|\n|upkeep\n|turn|18\n|\n|t:|1733866230\n|move|p2a: Feraligatr|Ice Punch|p1a: Misdreavus\n|-damage|p1a: Misdreavus|0 fnt\n|faint|p1a: Misdreavus\n|\n|upkeep\n|\n|t:|1733866233\n|switch|p1a: Sunflora|Sunflora, F|210/312\n|turn|19\n|\n|t:|1733866255\n|move|p2a: Feraligatr|Ice Punch|p1a: Sunflora\n|-supereffective|p1a: Sunflora\n|-damage|p1a: Sunflora|0 fnt\n|faint|p1a: Sunflora\n|\n|upkeep\n|\n|t:|1733866264\n|switch|p1a: Regirock|Regirock, L83|268/268\n|turn|20\n|\n|t:|1733866271\n|-terastallize|p2a: Feraligatr|Water\n|move|p2a: Feraligatr|Liquidation|p1a: Regirock\n|-supereffective|p1a: Regirock\n|-damage|p1a: Regirock|0 fnt\n|faint|p1a: Regirock\n|\n|upkeep\n|\n|t:|1733866276\n|switch|p1a: Entei|Entei, L78|159/307\n|turn|21\n|\n|t:|1733866280\n|move|p1a: Entei|Extreme Speed|p2a: Feraligatr\n|-damage|p2a: Feraligatr|182/264\n|move|p2a: Feraligatr|Liquidation|p1a: Entei\n|-supereffective|p1a: Entei\n|-damage|p1a: Entei|0 fnt\n|faint|p1a: Entei\n|\n|upkeep\n|\n|t:|1733866283\n|switch|p1a: Kingambit|Kingambit, L74, M|270/270\n|-activate|p1a: Kingambit|ability: Supreme Overlord\n|-start|p1a: Kingambit|fallen5|[silent]\n|turn|22\n|\n|t:|1733866291\n|move|p2a: Feraligatr|Liquidation|p1a: Kingambit\n|-damage|p1a: Kingambit|7/270\n|move|p1a: Kingambit|Swords Dance|p1a: Kingambit\n|-boost|p1a: Kingambit|atk|2\n|\n|-heal|p1a: Kingambit|23/270|[from] item: Leftovers\n|upkeep\n|turn|23\n|\n|t:|1733866297\n|move|p1a: Kingambit|Sucker Punch|p2a: Feraligatr\n|-damage|p2a: Feraligatr|0 fnt\n|faint|p2a: Feraligatr\n|\n|-heal|p1a: Kingambit|39/270|[from] item: Leftovers\n|upkeep\n|\n|t:|1733866305\n|switch|p2a: Sudowoodo|Sudowoodo, L94, F|284/284\n|turn|24\n|\n|t:|1733866308\n|move|p1a: Kingambit|Sucker Punch|p2a: Sudowoodo\n|-damage|p2a: Sudowoodo|113/284\n|move|p2a: Sudowoodo|Earthquake|p1a: Kingambit\n|-supereffective|p1a: Kingambit\n|-damage|p1a: Kingambit|0 fnt\n|faint|p1a: Kingambit\n|-end|p1a: Kingambit|fallen5|[silent]\n|\n|win|Avide C.\n|raw|mcai888's rating: 1632 &rarr; <strong>1614</strong><br />(-18 for losing)\n|raw|Avide C.'s rating: 1659 &rarr; <strong>1677</strong><br />(+18 for winning)\n", "inputlog": ">version bfd83cad13791eb5a5a409923076391caf6fb4d4\n>start {\"formatid\":\"gen9randombattle\",\"seed\":[16763,19571,29920,50864],\"rated\":\"Rated battle\"}\n>player p1 {\"name\":\"mcai888\",\"avatar\":\"riley\",\"rating\":1632,\"seed\":[42941,5150,16785,41216]}\n>player p2 {\"name\":\"Avide C.\",\"avatar\":\"acetrainer-gen4dp\",\"rating\":1659,\"seed\":[45424,21528,18223,44876]}\n>p1 switch 2\n>p2 move surf\n>p1 move knockoff\n>p2 switch 5\n>p1 switch 4\n>p2 switch 2\n>p1 move sacredfire\n>p2 move gunkshot\n>p1 move sacredfire\n>p2 switch 5\n>p1 switch 4\n>p2 move substitute\n>p1 move knockoff\n>p2 move endeavor\n>p1 switch 6\n>p2 move endeavor\n>p1 switch 6\n>p2 switch 5\n>p1 move knockoff\n>p2 move knockoff\n>p1 switch 4\n>p1 move extremespeed\n>p2 move shadowsneak\n>p2 switch 2\n>p1 switch 3\n>p2 switch 6\n>p1 switch 5\n>p2 move dragondance\n>p1 move leafstorm\n>p2 switch 6\n>p1 move leafstorm\n>p2 move crunch\n>p2 switch 6\n>p1 switch 6\n>p2 move dragondance\n>p1 move willowisp\n>p2 move crunch\n>p1 move willowisp\n>p2 move icepunch\n>p1 switch 6\n>p1 move leafstorm\n>p2 move icepunch\n>p1 switch 5\n>p1 move curse\n>p2 move liquidation terastallize\n>p1 switch 3\n>p1 move extremespeed\n>p2 move liquidation\n>p1 switch 2\n>p1 move swordsdance\n>p2 move liquidation\n>p1 move suckerpunch\n>p2 move liquidation\n>p2 switch 4\n>p1 move suckerpunch\n>p2 move earthquake", "uploadtime": 1733866310, "views": 2, "formatid": "gen9randombattle", "rating": 1614, "private": 0, "password": null}