{"id": "gen9randombattle-2260296543", "format": "[Gen 9] Random Battle", "players": ["MagicsOfThisWorld", "Il Falco"], "log": "|j|\u2606MagicsOfThisWorld\n|j|\u2606Il Falco\n|t:|1733836629\n|gametype|singles\n|player|p1|MagicsOfThisWorld|caitlin|1405\n|player|p2|Il Falco|pokemonranger-gen4|1404\n|teamsize|p1|6\n|teamsize|p2|6\n|gen|9\n|tier|[Gen 9] Random Battle\n|rated|\n|rule|Species Clause: Limit one of each Pok\u00e9mon\n|rule|HP Percentage Mod: HP is shown in percentages\n|rule|Sleep Clause Mod: Limit one foe put to sleep\n|rule|Illusion Level Mod: Illusion disguises the Pok\u00e9mon's true level\n|\n|t:|1733836629\n|start\n|switch|p1a: Chien-Pao|Chien-Pao, L72|234/234\n|switch|p2a: Furret|Furret, L94, F|312/312\n|-ability|p1a: Chien-Pao|Sword of Ruin\n|-item|p1a: Chien-Pao|Heavy-Duty Boots|[from] ability: Frisk|[of] p2a: Furret\n|turn|1\n|inactive|Battle timer is ON: inactive players will automatically lose when time's up. (requested by Il Falco)\n|\n|t:|1733836671\n|switch|p1a: Scream Tail|Scream Tail, L84|330/330\n|move|p2a: Furret|Tidy Up|p2a: Furret\n|-boost|p2a: Furret|atk|1\n|-boost|p2a: Furret|spe|1\n|\n|upkeep\n|turn|2\n|\n|t:|1733836680\n|move|p2a: Furret|Knock Off|p1a: Scream Tail\n|-damage|p1a: Scream Tail|204/330\n|-enditem|p1a: Scream Tail|Leftovers|[from] move: Knock Off|[of] p2a: Furret\n|-damage|p2a: Furret|281/312|[from] item: Life Orb\n|move|p1a: Scream Tail|Encore|p2a: Furret\n|-start|p2a: Furret|Encore\n|\n|upkeep\n|turn|3\n|\n|t:|1733836694\n|move|p2a: Furret|Knock Off|p1a: Scream Tail\n|-damage|p1a: Scream Tail|125/330\n|-damage|p2a: Furret|250/312|[from] item: Life Orb\n|move|p1a: Scream Tail|Wish|p1a: Scream Tail\n|\n|upkeep\n|turn|4\n|\n|t:|1733836702\n|-end|p1a: Scream Tail|Protosynthesis|[silent]\n|switch|p1a: Zamazenta|Zamazenta-Crowned, L68|238/238\n|-ability|p1a: Zamazenta|Dauntless Shield|boost\n|-boost|p1a: Zamazenta|def|1\n|move|p2a: Furret|Knock Off|p1a: Zamazenta\n|-resisted|p1a: Zamazenta\n|-damage|p1a: Zamazenta|213/238\n|-damage|p2a: Furret|219/312|[from] item: Life Orb\n|\n|-heal|p1a: Zamazenta|238/238|[from] move: Wish|[wisher] Scream Tail\n|upkeep\n|turn|5\n|\n|t:|1733836724\n|switch|p2a: Trevenant|Trevenant, L88, F|293/293\n|move|p1a: Zamazenta|Iron Defense|p1a: Zamazenta\n|-boost|p1a: Zamazenta|def|2\n|\n|upkeep\n|turn|6\n|\n|t:|1733836733\n|move|p1a: Zamazenta|Crunch|p2a: Trevenant\n|-supereffective|p2a: Trevenant\n|-damage|p2a: Trevenant|187/293\n|move|p2a: Trevenant|Drain Punch|p1a: Zamazenta\n|-supereffective|p1a: Zamazenta\n|-damage|p1a: Zamazenta|196/238\n|-heal|p2a: Trevenant|208/293|[from] drain|[of] p1a: Zamazenta\n|\n|upkeep\n|turn|7\n|\n|t:|1733836742\n|move|p1a: Zamazenta|Iron Defense|p1a: Zamazenta\n|-boost|p1a: Zamazenta|def|2\n|move|p2a: Trevenant|Drain Punch|p1a: Zamazenta\n|-supereffective|p1a: Zamazenta\n|-damage|p1a: Zamazenta|166/238\n|-heal|p2a: Trevenant|223/293|[from] drain|[of] p1a: Zamazenta\n|\n|upkeep\n|turn|8\n|\n|t:|1733836754\n|move|p1a: Zamazenta|Iron Defense|p1a: Zamazenta\n|-boost|p1a: Zamazenta|def|1\n|move|p2a: Trevenant|Drain Punch|p1a: Zamazenta\n|-supereffective|p1a: Zamazenta\n|-damage|p1a: Zamazenta|136/238\n|-heal|p2a: Trevenant|238/293|[from] drain|[of] p1a: Zamazenta\n|\n|upkeep\n|turn|9\n|\n|t:|1733836762\n|move|p1a: Zamazenta|Crunch|p2a: Trevenant\n|-supereffective|p2a: Trevenant\n|-damage|p2a: Trevenant|134/293\n|-enditem|p2a: Trevenant|Sitrus Berry|[eat]\n|-heal|p2a: Trevenant|207/293|[from] item: Sitrus Berry\n|move|p2a: Trevenant|Drain Punch|p1a: Zamazenta\n|-supereffective|p1a: Zamazenta\n|-damage|p1a: Zamazenta|106/238\n|-heal|p2a: Trevenant|222/293|[from] drain|[of] p1a: Zamazenta\n|\n|-item|p2a: Trevenant|Sitrus Berry|[from] ability: Harvest\n|upkeep\n|turn|10\n|\n|t:|1733836786\n|move|p1a: Zamazenta|Crunch|p2a: Trevenant\n|-supereffective|p2a: Trevenant\n|-damage|p2a: Trevenant|120/293\n|-enditem|p2a: Trevenant|Sitrus Berry|[eat]\n|-heal|p2a: Trevenant|193/293|[from] item: Sitrus Berry\n|move|p2a: Trevenant|Drain Punch|p1a: Zamazenta\n|-supereffective|p1a: Zamazenta\n|-crit|p1a: Zamazenta\n|-damage|p1a: Zamazenta|0 fnt\n|-heal|p2a: Trevenant|246/293|[from] drain|[of] p1a: Zamazenta\n|faint|p1a: Zamazenta\n|\n|-item|p2a: Trevenant|Sitrus Berry|[from] ability: Harvest\n|upkeep\n|inactive|MagicsOfThisWorld has 120 seconds left.\n|\n|t:|1733836806\n|switch|p1a: Eternatus|Eternatus, L69|308/308\n|-ability|p1a: Eternatus|Pressure\n|turn|11\n|\n|t:|1733836811\n|move|p1a: Eternatus|Toxic|p2a: Trevenant\n|-status|p2a: Trevenant|tox\n|move|p2a: Trevenant|Poltergeist|p1a: Eternatus\n|-activate|p1a: Eternatus|move: Poltergeist|Rocky Helmet\n|-damage|p1a: Eternatus|134/308\n|\n|-damage|p2a: Trevenant|228/293 tox|[from] psn\n|upkeep\n|turn|12\n|\n|t:|1733836823\n|move|p1a: Eternatus|Recover|p1a: Eternatus\n|-heal|p1a: Eternatus|288/308\n|move|p2a: Trevenant|Poltergeist|p1a: Eternatus\n|-activate|p1a: Eternatus|move: Poltergeist|Rocky Helmet\n|-damage|p1a: Eternatus|137/308\n|\n|-damage|p2a: Trevenant|192/293 tox|[from] psn\n|upkeep\n|turn|13\n|inactive|Il Falco has 120 seconds left.\n|\n|t:|1733836854\n|move|p1a: Eternatus|Recover|p1a: Eternatus\n|-heal|p1a: Eternatus|291/308\n|move|p2a: Trevenant|Poltergeist|p1a: Eternatus\n|-activate|p1a: Eternatus|move: Poltergeist|Rocky Helmet\n|-damage|p1a: Eternatus|140/308\n|\n|-damage|p2a: Trevenant|138/293 tox|[from] psn\n|upkeep\n|-enditem|p2a: Trevenant|Sitrus Berry|[eat]\n|-heal|p2a: Trevenant|211/293 tox|[from] item: Sitrus Berry\n|turn|14\n|inactive|Il Falco has 120 seconds left.\n|inactive|MagicsOfThisWorld has 120 seconds left.\n|\n|t:|1733836882\n|switch|p2a: Overqwil|Overqwil, L82, M|274/274\n|-ability|p2a: Overqwil|Intimidate|boost\n|-unboost|p1a: Eternatus|atk|1\n|move|p1a: Eternatus|Recover|p1a: Eternatus\n|-heal|p1a: Eternatus|294/308\n|\n|upkeep\n|turn|15\n|inactive|MagicsOfThisWorld has 120 seconds left.\n|\n|t:|1733836894\n|move|p1a: Eternatus|Dynamax Cannon|p2a: Overqwil\n|-damage|p2a: Overqwil|150/274\n|move|p2a: Overqwil|Scale Shot|p1a: Eternatus\n|-supereffective|p1a: Eternatus\n|-damage|p1a: Eternatus|248/308\n|-supereffective|p1a: Eternatus\n|-damage|p1a: Eternatus|200/308\n|-supereffective|p1a: Eternatus\n|-damage|p1a: Eternatus|154/308\n|-supereffective|p1a: Eternatus\n|-damage|p1a: Eternatus|110/308\n|-supereffective|p1a: Eternatus\n|-damage|p1a: Eternatus|68/308\n|-hitcount|p1a: Eternatus|5\n|-unboost|p2a: Overqwil|def|1\n|-boost|p2a: Overqwil|spe|1\n|\n|upkeep\n|turn|16\n|inactive|MagicsOfThisWorld has 120 seconds left.\n|\n|t:|1733836923\n|move|p2a: Overqwil|Scale Shot|p1a: Eternatus\n|-supereffective|p1a: Eternatus\n|-damage|p1a: Eternatus|20/308\n|-supereffective|p1a: Eternatus\n|-damage|p1a: Eternatus|0 fnt\n|faint|p1a: Eternatus\n|-hitcount|p1: Eternatus|2\n|-unboost|p2a: Overqwil|def|1\n|-boost|p2a: Overqwil|spe|1\n|\n|upkeep\n|\n|t:|1733836925\n|switch|p1a: Scream Tail|Scream Tail, L84|125/330\n|turn|17\n|\n|t:|1733836936\n|move|p2a: Overqwil|Gunk Shot|p1a: Scream Tail|[miss]\n|-miss|p2a: Overqwil|p1a: Scream Tail\n|move|p1a: Scream Tail|Wish|p1a: Scream Tail\n|\n|upkeep\n|turn|18\n|inactive|MagicsOfThisWorld has 120 seconds left.\n|\n|t:|1733836955\n|-end|p1a: Scream Tail|Protosynthesis|[silent]\n|switch|p1a: Snorlax|Snorlax, L82, F|397/397\n|move|p2a: Overqwil|Crunch|p1a: Snorlax\n|-damage|p1a: Snorlax|285/397\n|\n|-heal|p1a: Snorlax|397/397|[from] move: Wish|[wisher] Scream Tail\n|upkeep\n|turn|19\n|\n|t:|1733836968\n|switch|p2a: Trevenant|Trevenant, L88, F|211/293 tox\n|move|p1a: Snorlax|Crunch|p2a: Trevenant\n|-supereffective|p2a: Trevenant\n|-damage|p2a: Trevenant|73/293 tox\n|\n|-damage|p2a: Trevenant|55/293 tox|[from] psn\n|upkeep\n|turn|20\n|\n|t:|1733836987\n|-terastallize|p1a: Snorlax|Ground\n|move|p2a: Trevenant|Drain Punch|p1a: Snorlax\n|-damage|p1a: Snorlax|312/397\n|-heal|p2a: Trevenant|98/293 tox|[from] drain|[of] p1a: Snorlax\n|move|p1a: Snorlax|Crunch|p2a: Trevenant\n|-supereffective|p2a: Trevenant\n|-damage|p2a: Trevenant|0 fnt\n|faint|p2a: Trevenant\n|\n|-heal|p1a: Snorlax|336/397|[from] item: Leftovers\n|upkeep\n|inactive|Il Falco has 120 seconds left.\n|\n|t:|1733837013\n|switch|p2a: Appletun|Appletun, L92, M|352/352\n|turn|21\n|\n|t:|1733837030\n|switch|p1a: Scream Tail|Scream Tail, L84|125/330\n|move|p2a: Appletun|Leech Seed|p1a: Scream Tail\n|-start|p1a: Scream Tail|move: Leech Seed\n|\n|-damage|p1a: Scream Tail|84/330|[from] Leech Seed|[of] p2a: Appletun\n|upkeep\n|turn|22\n|\n|t:|1733837040\n|move|p1a: Scream Tail|Encore|p2a: Appletun\n|-start|p2a: Appletun|Encore\n|move|p2a: Appletun|Leech Seed|p1a: Scream Tail|[miss]\n|-miss|p2a: Appletun|p1a: Scream Tail\n|\n|-damage|p1a: Scream Tail|43/330|[from] Leech Seed|[of] p2a: Appletun\n|upkeep\n|turn|23\n|inactive|MagicsOfThisWorld has 120 seconds left.\n|\n|t:|1733837065\n|switch|p2a: Flamigo|Flamigo, L82, M|269/269\n|move|p1a: Scream Tail|Wish|p1a: Scream Tail\n|\n|-damage|p1a: Scream Tail|2/330|[from] Leech Seed|[of] p2a: Flamigo\n|upkeep\n|turn|24\n|\n|t:|1733837080\n|-end|p1a: Scream Tail|Protosynthesis|[silent]\n|switch|p1a: Slowbro|Slowbro-Galar, L87, M|307/307\n|move|p2a: Flamigo|Brave Bird|p1a: Slowbro\n|-damage|p1a: Slowbro|184/307\n|-damage|p2a: Flamigo|228/269|[from] Recoil\n|\n|-heal|p1a: Slowbro|307/307|[from] move: Wish|[wisher] Scream Tail\n|upkeep\n|turn|25\n|inactive|MagicsOfThisWorld has 90 seconds left.\n|\n|t:|1733837122\n|switch|p2a: Overqwil|Overqwil, L82, M|150/274\n|-ability|p2a: Overqwil|Intimidate|boost\n|-unboost|p1a: Slowbro|atk|1\n|move|p1a: Slowbro|Shell Side Arm|p2a: Overqwil|[anim] Shell Side Arm Special\n|-resisted|p2a: Overqwil\n|-damage|p2a: Overqwil|82/274\n|-hint|Special Shell Side Arm\n|\n|upkeep\n|turn|26\n|\n|t:|1733837142\n|move|p2a: Overqwil|Scale Shot|p1a: Slowbro\n|-damage|p1a: Slowbro|289/307\n|-damage|p1a: Slowbro|270/307\n|-damage|p1a: Slowbro|252/307\n|-damage|p1a: Slowbro|235/307\n|-hitcount|p1a: Slowbro|4\n|-unboost|p2a: Overqwil|def|1\n|-boost|p2a: Overqwil|spe|1\n|move|p1a: Slowbro|Shell Side Arm|p2a: Overqwil|[anim] Shell Side Arm Special\n|-resisted|p2a: Overqwil\n|-damage|p2a: Overqwil|16/274\n|-hint|Special Shell Side Arm\n|\n|upkeep\n|turn|27\n|\n|t:|1733837160\n|move|p2a: Overqwil|Crunch|p1a: Slowbro\n|-supereffective|p1a: Slowbro\n|-damage|p1a: Slowbro|73/307\n|move|p1a: Slowbro|Shell Side Arm|p2a: Overqwil|[anim] Shell Side Arm Special\n|-resisted|p2a: Overqwil\n|-damage|p2a: Overqwil|0 fnt\n|-hint|Special Shell Side Arm\n|faint|p2a: Overqwil\n|\n|upkeep\n|inactive|Il Falco has 90 seconds left.\n|\n|t:|1733837179\n|switch|p2a: Flamigo|Flamigo, L82, M|228/269\n|turn|28\n|inactive|Il Falco has 90 seconds left.\n|\n|t:|1733837185\n|move|p2a: Flamigo|Brave Bird|p1a: Slowbro\n|-damage|p1a: Slowbro|0 fnt\n|faint|p1a: Slowbro\n|-damage|p2a: Flamigo|204/269|[from] Recoil\n|\n|upkeep\n|\n|t:|1733837195\n|switch|p1a: Snorlax|Snorlax, L82, F, tera:Ground|336/397\n|turn|29\n|\n|t:|1733837212\n|move|p2a: Flamigo|Brave Bird|p1a: Snorlax\n|-damage|p1a: Snorlax|171/397\n|-damage|p2a: Flamigo|150/269|[from] Recoil\n|move|p1a: Snorlax|Body Slam|p2a: Flamigo\n|-damage|p2a: Flamigo|44/269\n|-status|p2a: Flamigo|par\n|\n|-heal|p1a: Snorlax|195/397|[from] item: Leftovers\n|upkeep\n|turn|30\n|\n|t:|1733837225\n|move|p2a: Flamigo|Brave Bird|p1a: Snorlax\n|-damage|p1a: Snorlax|8/397\n|-damage|p2a: Flamigo|0 fnt|[from] Recoil\n|faint|p2a: Flamigo\n|move|p1a: Snorlax|Body Slam|p2: Flamigo|[notarget]\n|-fail|p1a: Snorlax\n|\n|-heal|p1a: Snorlax|32/397|[from] item: Leftovers\n|upkeep\n|\n|t:|1733837238\n|switch|p2a: Furret|Furret, L94, F|219/312\n|-item|p1a: Snorlax|Leftovers|[from] ability: Frisk|[of] p2a: Furret\n|turn|31\n|\n|t:|1733837246\n|move|p2a: Furret|Double-Edge|p1a: Snorlax\n|-damage|p1a: Snorlax|0 fnt\n|faint|p1a: Snorlax\n|-damage|p2a: Furret|208/312|[from] Recoil\n|-damage|p2a: Furret|177/312|[from] item: Life Orb\n|\n|upkeep\n|\n|t:|1733837252\n|switch|p1a: Chien-Pao|Chien-Pao, L72|234/234\n|-ability|p1a: Chien-Pao|Sword of Ruin\n|turn|32\n|\n|t:|1733837267\n|move|p1a: Chien-Pao|Sacred Sword|p2a: Furret\n|-supereffective|p2a: Furret\n|-damage|p2a: Furret|23/312\n|move|p2a: Furret|Brick Break|p1a: Chien-Pao\n|-supereffective|p1a: Chien-Pao\n|-damage|p1a: Chien-Pao|0 fnt\n|faint|p1a: Chien-Pao\n|-damage|p2a: Furret|0 fnt|[from] item: Life Orb\n|faint|p2a: Furret\n|\n|upkeep\n|inactive|Il Falco has 120 seconds left.\n|-message|MagicsOfThisWorld forfeited.\n|\n|win|Il Falco\n|raw|MagicsOfThisWorld's rating: 1405 &rarr; <strong>1385</strong><br />(-20 for losing)\n|raw|Il Falco's rating: 1404 &rarr; <strong>1424</strong><br />(+20 for winning)\n|l|\u2606MagicsOfThisWorld\n|player|p1|\n", "inputlog": ">version bfd83cad13791eb5a5a409923076391caf6fb4d4\n>start {\"formatid\":\"gen9randombattle\",\"seed\":[18914,12425,10492,56075],\"rated\":\"Rated battle\"}\n>player p1 {\"name\":\"MagicsOfThisWorld\",\"avatar\":\"caitlin\",\"rating\":1405,\"seed\":[52091,12932,53904,46148]}\n>player p2 {\"name\":\"Il Falco\",\"avatar\":\"pokemonranger-gen4\",\"rating\":1404,\"seed\":[36934,46817,61934,54035]}\n>p1 switch 5\n>p2 move tidyup\n>p1 move encore\n>p2 move knockoff\n>p1 move wish\n>p2 move knockoff\n>p1 switch 2\n>p2 move knockoff\n>p1 move irondefense\n>p2 switch 3\n>p1 move crunch\n>p2 move drainpunch\n>p1 move irondefense\n>p2 move drainpunch\n>p1 move irondefense\n>p2 move drainpunch\n>p1 move crunch\n>p2 move drainpunch\n>p1 move crunch\n>p2 move drainpunch\n>p1 switch 6\n>p1 move toxic\n>p2 move poltergeist\n>p1 move recover\n>p2 move poltergeist\n>p1 move recover\n>p2 move poltergeist\n>p1 move recover\n>p2 switch 6\n>p1 move dynamaxcannon\n>p2 move scaleshot\n>p1 move dynamaxcannon\n>p2 move scaleshot\n>p1 switch 2\n>p1 move wish\n>p2 move gunkshot\n>p1 switch 4\n>p2 move crunch\n>p1 move crunch\n>p2 switch 6\n>p1 move crunch terastallize\n>p2 move drainpunch\n>p2 switch 4\n>p1 switch 4\n>p2 move leechseed\n>p1 move encore\n>p2 move appleacid\n>p1 move wish\n>p2 switch 2\n>p1 switch 3\n>p2 move bravebird\n>p1 move shellsidearm\n>p2 switch 6\n>p1 move shellsidearm\n>p2 move scaleshot\n>p1 move shellsidearm\n>p2 move crunch\n>p2 switch 6\n>p1 move psychic\n>p2 move bravebird\n>p1 switch 4\n>p1 move bodyslam\n>p2 move bravebird\n>p1 move bodyslam\n>p2 move bravebird\n>p2 switch 3\n>p1 move bodyslam\n>p2 move doubleedge\n>p1 switch 5\n>p1 move sacredsword\n>p2 move brickbreak\n>forcelose p1", "uploadtime": 1733837289, "views": 3, "formatid": "gen9randombattle", "rating": 1385, "private": 0, "password": null}