{"id": "gen9randombattle-2260726285", "format": "[Gen 9] Random Battle", "players": ["mthalmann", "FantasyWind"], "log": "|j|\u2606mthalmann\n|j|\u203dFantasyWind\n|t:|1733883496\n|gametype|singles\n|player|p1|mthalmann|170|1391\n|player|p2|FantasyWind|hilda|1429\n|teamsize|p1|6\n|teamsize|p2|6\n|gen|9\n|tier|[Gen 9] Random Battle\n|rated|\n|rule|Species Clause: Limit one of each Pok\u00e9mon\n|rule|HP Percentage Mod: HP is shown in percentages\n|rule|Sleep Clause Mod: Limit one foe put to sleep\n|rule|Illusion Level Mod: Illusion disguises the Pok\u00e9mon's true level\n|\n|t:|1733883496\n|start\n|switch|p1a: Furret|Furret, L94, F|312/312\n|switch|p2a: Rotom|Rotom-Wash, L82|216/216\n|-item|p2a: Rotom|Leftovers|[from] ability: Frisk|[of] p1a: Furret\n|turn|1\n|inactive|Battle timer is ON: inactive players will automatically lose when time's up. (requested by FantasyWind)\n|\n|t:|1733883508\n|move|p1a: Furret|Trick|p2a: Rotom\n|-activate|p1a: Furret|move: Trick|[of] p2a: Rotom\n|-item|p2a: Rotom|Choice Band|[from] move: Trick\n|-item|p1a: Furret|Leftovers|[from] move: Trick\n|move|p2a: Rotom|Will-O-Wisp|p1a: Furret\n|-status|p1a: Furret|brn\n|\n|-damage|p1a: Furret|293/312 brn|[from] brn\n|upkeep\n|turn|2\n|\n|t:|1733883521\n|move|p1a: Furret|Knock Off|p2a: Rotom\n|-damage|p2a: Rotom|187/216\n|-enditem|p2a: Rotom|Choice Band|[from] move: Knock Off|[of] p1a: Furret\n|move|p2a: Rotom|Will-O-Wisp|p1a: Furret\n|-fail|p1a: Furret|brn\n|\n|-heal|p1a: Furret|312/312 brn|[from] item: Leftovers\n|-damage|p1a: Furret|293/312 brn|[from] brn\n|upkeep\n|turn|3\n|\n|t:|1733883526\n|move|p1a: Furret|Double-Edge|p2a: Rotom\n|-damage|p2a: Rotom|127/216\n|-damage|p1a: Furret|273/312 brn|[from] Recoil\n|move|p2a: Rotom|Hydro Pump|p1a: Furret\n|-damage|p1a: Furret|114/312 brn\n|\n|-heal|p1a: Furret|133/312 brn|[from] item: Leftovers\n|-damage|p1a: Furret|114/312 brn|[from] brn\n|upkeep\n|turn|4\n|\n|t:|1733883530\n|move|p1a: Furret|Double-Edge|p2a: Rotom\n|-damage|p2a: Rotom|64/216\n|-damage|p1a: Furret|93/312 brn|[from] Recoil\n|move|p2a: Rotom|Hydro Pump|p1a: Furret\n|-damage|p1a: Furret|0 fnt\n|faint|p1a: Furret\n|\n|upkeep\n|\n|t:|1733883539\n|switch|p1a: Decidueye|Decidueye, L88, M|281/281\n|turn|5\n|\n|t:|1733883546\n|move|p2a: Rotom|Will-O-Wisp|p1a: Decidueye\n|-status|p1a: Decidueye|brn\n|move|p1a: Decidueye|Leaf Blade|p2a: Rotom\n|-supereffective|p2a: Rotom\n|-crit|p2a: Rotom\n|-damage|p2a: Rotom|0 fnt\n|faint|p2a: Rotom\n|-damage|p1a: Decidueye|253/281 brn|[from] item: Life Orb\n|\n|-damage|p1a: Decidueye|236/281 brn|[from] brn\n|upkeep\n|\n|t:|1733883563\n|switch|p2a: Tyranitar|Tyranitar, L79, F|288/288\n|-weather|Sandstorm|[from] ability: Sand Stream|[of] p2a: Tyranitar\n|turn|6\n|inactive|mthalmann has 120 seconds left.\n|\n|t:|1733883610\n|move|p1a: Decidueye|Leaf Blade|p2a: Tyranitar\n|-supereffective|p2a: Tyranitar\n|-damage|p2a: Tyranitar|158/288\n|-damage|p1a: Decidueye|208/281 brn|[from] item: Life Orb\n|move|p2a: Tyranitar|Knock Off|p1a: Decidueye\n|-supereffective|p1a: Decidueye\n|-damage|p1a: Decidueye|0 fnt\n|-enditem|p1a: Decidueye|Life Orb|[from] move: Knock Off|[of] p2a: Tyranitar\n|faint|p1a: Decidueye\n|\n|-weather|Sandstorm|[upkeep]\n|upkeep\n|\n|t:|1733883627\n|switch|p1a: Politoed|Politoed, L88, M|302/302\n|-weather|RainDance|[from] ability: Drizzle|[of] p1a: Politoed\n|turn|7\n|\n|t:|1733883632\n|switch|p2a: Lapras|Lapras, L87, M|368/368\n|move|p1a: Politoed|Surf|p2a: Lapras\n|-immune|p2a: Lapras|[from] ability: Water Absorb\n|\n|-weather|RainDance|[upkeep]\n|upkeep\n|turn|8\n|\n|t:|1733883641\n|switch|p1a: Annihilape|Annihilape, L76, F|292/292\n|move|p2a: Lapras|Sparkling Aria|p1a: Annihilape\n|-damage|p1a: Annihilape|142/292\n|\n|-weather|RainDance|[upkeep]\n|-heal|p1a: Annihilape|160/292|[from] item: Leftovers\n|upkeep\n|turn|9\n|\n|t:|1733883654\n|switch|p2a: Mesprit|Mesprit, L85|275/275\n|move|p1a: Annihilape|Drain Punch|p2a: Mesprit\n|-resisted|p2a: Mesprit\n|-damage|p2a: Mesprit|240/275\n|-heal|p1a: Annihilape|178/292|[from] drain|[of] p2a: Mesprit\n|\n|-weather|RainDance|[upkeep]\n|-heal|p2a: Mesprit|257/275|[from] item: Leftovers\n|-heal|p1a: Annihilape|196/292|[from] item: Leftovers\n|upkeep\n|turn|10\n|inactive|mthalmann has 120 seconds left.\n|\n|t:|1733883663\n|move|p2a: Mesprit|Encore|p1a: Annihilape\n|-start|p1a: Annihilape|Encore\n|move|p1a: Annihilape|Drain Punch|p2a: Mesprit\n|-resisted|p2a: Mesprit\n|-damage|p2a: Mesprit|224/275\n|-heal|p1a: Annihilape|213/292|[from] drain|[of] p2a: Mesprit\n|\n|-weather|RainDance|[upkeep]\n|-heal|p2a: Mesprit|241/275|[from] item: Leftovers\n|-heal|p1a: Annihilape|231/292|[from] item: Leftovers\n|upkeep\n|turn|11\n|\n|t:|1733883670\n|switch|p1a: Grumpig|Grumpig, L92, F|297/297\n|move|p2a: Mesprit|Psychic Noise|p1a: Grumpig\n|-resisted|p1a: Grumpig\n|-damage|p1a: Grumpig|262/297\n|-start|p1a: Grumpig|move: Heal Block\n|\n|-weather|none\n|-heal|p2a: Mesprit|258/275|[from] item: Leftovers\n|upkeep\n|turn|12\n|\n|t:|1733883673\n|move|p1a: Grumpig|Nasty Plot|p1a: Grumpig\n|-boost|p1a: Grumpig|spa|2\n|move|p2a: Mesprit|U-turn|p1a: Grumpig\n|-supereffective|p1a: Grumpig\n|-damage|p1a: Grumpig|130/297\n|\n|t:|1733883679\n|switch|p2a: Ambipom|Ambipom, L84, F|263/263|[from] U-turn\n|\n|-end|p1a: Grumpig|move: Heal Block\n|upkeep\n|turn|13\n|\n|t:|1733883693\n|move|p2a: Ambipom|Knock Off|p1a: Grumpig\n|-supereffective|p1a: Grumpig\n|-damage|p1a: Grumpig|0 fnt\n|-enditem|p1a: Grumpig|Leftovers|[from] move: Knock Off|[of] p2a: Ambipom\n|faint|p1a: Grumpig\n|\n|upkeep\n|\n|t:|1733883696\n|switch|p1a: Annihilape|Annihilape, L76, F|231/292\n|turn|14\n|\n|t:|1733883705\n|move|p2a: Ambipom|Knock Off|p1a: Annihilape\n|-damage|p1a: Annihilape|99/292\n|-enditem|p1a: Annihilape|Leftovers|[from] move: Knock Off|[of] p2a: Ambipom\n|move|p1a: Annihilape|Drain Punch|p2a: Ambipom\n|-supereffective|p2a: Ambipom\n|-damage|p2a: Ambipom|69/263\n|-heal|p1a: Annihilape|196/292|[from] drain|[of] p2a: Ambipom\n|\n|upkeep\n|turn|15\n|\n|t:|1733883714\n|switch|p2a: Mesprit|Mesprit, L85|258/275\n|move|p1a: Annihilape|Drain Punch|p2a: Mesprit\n|-resisted|p2a: Mesprit\n|-damage|p2a: Mesprit|225/275\n|-heal|p1a: Annihilape|213/292|[from] drain|[of] p2a: Mesprit\n|\n|-heal|p2a: Mesprit|242/275|[from] item: Leftovers\n|upkeep\n|turn|16\n|\n|t:|1733883721\n|move|p2a: Mesprit|Encore|p1a: Annihilape\n|-start|p1a: Annihilape|Encore\n|move|p1a: Annihilape|Drain Punch|p2a: Mesprit\n|-resisted|p2a: Mesprit\n|-damage|p2a: Mesprit|212/275\n|-heal|p1a: Annihilape|228/292|[from] drain|[of] p2a: Mesprit\n|\n|-heal|p2a: Mesprit|229/275|[from] item: Leftovers\n|upkeep\n|turn|17\n|\n|t:|1733883725\n|switch|p1a: Politoed|Politoed, L88, M|302/302\n|-weather|RainDance|[from] ability: Drizzle|[of] p1a: Politoed\n|move|p2a: Mesprit|Psychic Noise|p1a: Politoed\n|-crit|p1a: Politoed\n|-damage|p1a: Politoed|179/302\n|-start|p1a: Politoed|move: Heal Block\n|\n|-weather|RainDance|[upkeep]\n|-heal|p2a: Mesprit|246/275|[from] item: Leftovers\n|upkeep\n|turn|18\n|\n|t:|1733883731\n|move|p2a: Mesprit|U-turn|p1a: Politoed\n|-damage|p1a: Politoed|117/302\n|\n|t:|1733883733\n|switch|p2a: Lapras|Lapras, L87, M|368/368|[from] U-turn\n|move|p1a: Politoed|Ice Beam|p2a: Lapras\n|-resisted|p2a: Lapras\n|-damage|p2a: Lapras|353/368\n|\n|-weather|RainDance|[upkeep]\n|-end|p1a: Politoed|move: Heal Block\n|upkeep\n|turn|19\n|\n|t:|1733883737\n|switch|p1a: Lucario|Lucario, L84, M|255/255\n|move|p2a: Lapras|Freeze-Dry|p1a: Lucario\n|-resisted|p1a: Lucario\n|-damage|p1a: Lucario|210/255\n|\n|-weather|RainDance|[upkeep]\n|upkeep\n|turn|20\n|\n|t:|1733883741\n|-terastallize|p2a: Lapras|Ghost\n|move|p1a: Lucario|Nasty Plot|p1a: Lucario\n|-boost|p1a: Lucario|spa|2\n|move|p2a: Lapras|Sparkling Aria|p1a: Lucario\n|-damage|p1a: Lucario|48/255\n|\n|-weather|RainDance|[upkeep]\n|upkeep\n|turn|21\n|\n|t:|1733883749\n|move|p1a: Lucario|Flash Cannon|p2a: Lapras\n|-damage|p2a: Lapras|114/368\n|-damage|p1a: Lucario|23/255|[from] item: Life Orb\n|move|p2a: Lapras|Sparkling Aria|p1a: Lucario\n|-damage|p1a: Lucario|0 fnt\n|faint|p1a: Lucario\n|\n|-weather|none\n|upkeep\n|\n|t:|1733883753\n|switch|p1a: Annihilape|Annihilape, L76, F|228/292\n|turn|22\n|\n|t:|1733883761\n|switch|p2a: Ambipom|Ambipom, L84, F|69/263\n|move|p1a: Annihilape|Rage Fist|p2a: Ambipom\n|-immune|p2a: Ambipom\n|\n|upkeep\n|turn|23\n|\n|t:|1733883775\n|move|p2a: Ambipom|Triple Axel|p1a: Annihilape\n|-damage|p1a: Annihilape|190/292\n|-damage|p1a: Annihilape|108/292\n|-damage|p1a: Annihilape|0 fnt\n|faint|p1a: Annihilape\n|-hitcount|p1: Annihilape|3\n|\n|upkeep\n|\n|t:|1733883779\n|switch|p1a: Politoed|Politoed, L88, M|117/302\n|-weather|RainDance|[from] ability: Drizzle|[of] p1a: Politoed\n|turn|24\n|\n|t:|1733883784\n|switch|p2a: Lapras|Lapras, L87, M, tera:Ghost|114/368\n|move|p1a: Politoed|Surf|p2a: Lapras\n|-heal|p2a: Lapras|206/368|[from] ability: Water Absorb|[of] p1a: Politoed\n|\n|-weather|RainDance|[upkeep]\n|upkeep\n|turn|25\n|\n|t:|1733883787\n|move|p1a: Politoed|Ice Beam|p2a: Lapras\n|-damage|p2a: Lapras|143/368\n|-status|p2a: Lapras|frz\n|cant|p2a: Lapras|frz\n|\n|-weather|RainDance|[upkeep]\n|upkeep\n|turn|26\n|\n|t:|1733883791\n|move|p1a: Politoed|Ice Beam|p2a: Lapras\n|-damage|p2a: Lapras|77/368 frz\n|cant|p2a: Lapras|frz\n|\n|-weather|RainDance|[upkeep]\n|upkeep\n|turn|27\n|\n|t:|1733883795\n|move|p1a: Politoed|Ice Beam|p2a: Lapras\n|-damage|p2a: Lapras|18/368 frz\n|cant|p2a: Lapras|frz\n|\n|-weather|RainDance|[upkeep]\n|upkeep\n|turn|28\n|\n|t:|1733883797\n|move|p1a: Politoed|Ice Beam|p2a: Lapras\n|-damage|p2a: Lapras|0 fnt\n|faint|p2a: Lapras\n|\n|-weather|none\n|upkeep\n|\n|t:|1733883801\n|switch|p2a: Tyranitar|Tyranitar, L79, F|158/288\n|-weather|Sandstorm|[from] ability: Sand Stream|[of] p2a: Tyranitar\n|turn|29\n|\n|t:|1733883803\n|move|p1a: Politoed|Rest|p1a: Politoed\n|-status|p1a: Politoed|slp|[from] move: Rest\n|-heal|p1a: Politoed|302/302 slp|[silent]\n|-enditem|p1a: Politoed|Chesto Berry|[eat]\n|-curestatus|p1a: Politoed|slp|[msg]\n|move|p2a: Tyranitar|Knock Off|p1a: Politoed\n|-damage|p1a: Politoed|220/302\n|\n|-weather|Sandstorm|[upkeep]\n|-damage|p1a: Politoed|202/302|[from] Sandstorm\n|upkeep\n|turn|30\n|\n|t:|1733883806\n|move|p1a: Politoed|Surf|p2a: Tyranitar\n|-supereffective|p2a: Tyranitar\n|-damage|p2a: Tyranitar|78/288\n|move|p2a: Tyranitar|Stone Edge|p1a: Politoed\n|-damage|p1a: Politoed|63/302\n|\n|-weather|Sandstorm|[upkeep]\n|-damage|p1a: Politoed|45/302|[from] Sandstorm\n|upkeep\n|turn|31\n|\n|t:|1733883809\n|move|p1a: Politoed|Surf|p2a: Tyranitar\n|-supereffective|p2a: Tyranitar\n|-damage|p2a: Tyranitar|0 fnt\n|faint|p2a: Tyranitar\n|\n|-weather|Sandstorm|[upkeep]\n|-damage|p1a: Politoed|27/302|[from] Sandstorm\n|upkeep\n|\n|t:|1733883811\n|switch|p2a: Deoxys|Deoxys-Speed, L82|216/216\n|-ability|p2a: Deoxys|Pressure\n|turn|32\n|\n|t:|1733883813\n|move|p2a: Deoxys|Knock Off|p1a: Politoed\n|-damage|p1a: Politoed|0 fnt\n|faint|p1a: Politoed\n|-damage|p2a: Deoxys|195/216|[from] item: Life Orb\n|\n|win|FantasyWind\n|raw|mthalmann's rating: 1391 &rarr; <strong>1373</strong><br />(-18 for losing)\n|raw|FantasyWind's rating: 1429 &rarr; <strong>1447</strong><br />(+18 for winning)\n|l|\u2606mthalmann\n|player|p1|\n", "inputlog": ">version bfd83cad13791eb5a5a409923076391caf6fb4d4\n>start {\"formatid\":\"gen9randombattle\",\"seed\":[5953,60357,46553,4912],\"rated\":\"Rated battle\"}\n>player p1 {\"name\":\"mthalmann\",\"avatar\":\"170\",\"rating\":1391,\"seed\":[61473,1297,59597,11571]}\n>player p2 {\"name\":\"FantasyWind\",\"avatar\":\"hilda\",\"rating\":1429,\"seed\":[49754,57948,35452,53545]}\n>p1 move trick\n>p2 move willowisp\n>p1 move knockoff\n>p2 move willowisp\n>p1 move doubleedge\n>p2 move hydropump\n>p1 move doubleedge\n>p2 move hydropump\n>p1 switch 6\n>p1 move leafblade\n>p2 move willowisp\n>p2 switch 3\n>p1 move leafblade\n>p2 move knockoff\n>p1 switch 5\n>p1 move surf\n>p2 switch 4\n>p1 switch 3\n>p2 move sparklingaria\n>p1 move drainpunch\n>p2 switch 6\n>p1 move ragefist\n>p2 move encore\n>p1 switch 4\n>p2 move psychicnoise\n>p1 move nastyplot\n>p2 move uturn\n>p2 switch 5\n>p1 move psychic\n>p2 move knockoff\n>p1 switch 4\n>p1 move drainpunch\n>p2 move knockoff\n>p1 move drainpunch\n>p2 switch 5\n>p1 move ragefist\n>p2 move encore\n>p1 switch 3\n>p2 move psychicnoise\n>p1 move icebeam\n>p2 move uturn\n>p2 switch 6\n>p1 switch 2\n>p2 move freezedry\n>p1 move nastyplot\n>p2 move sparklingaria terastallize\n>p1 move flashcannon\n>p2 move sparklingaria\n>p1 switch 3\n>p1 move ragefist\n>p2 switch 5\n>p1 move drainpunch\n>p2 move tripleaxel\n>p1 switch 2\n>p1 move surf\n>p2 switch 5\n>p1 move icebeam\n>p2 move freezedry\n>p1 move icebeam\n>p2 move rest\n>p1 move icebeam\n>p2 move rest\n>p1 move icebeam\n>p2 move rest\n>p2 switch 4\n>p1 move rest\n>p2 move knockoff\n>p1 move surf\n>p2 move stoneedge\n>p1 move surf\n>p2 move stoneedge\n>p2 switch 2\n>p1 move rest\n>p2 move knockoff", "uploadtime": 1733883815, "views": 3, "formatid": "gen9randombattle", "rating": 1373, "private": 0, "password": null}