{"id": "gen9randombattle-2237227817", "format": "[Gen 9] Random Battle", "players": ["mrkah23", "schizoryan"], "log": "|badge|p2|bronze|gen9randombattle|100-3\n|uhtml|medal-msg|<div class=\"broadcast-blue\">Curious what those medals under the avatar are? PS now has Ladder Seasons! For more information, check out the <a href=\"https://www.smogon.com/forums/threads/3740067/\">thread on Smogon.</a></div>\n|j|\u2606mrkah23\n|j|\u2606schizoryan\n|t:|1730735043\n|gametype|singles\n|player|p1|mrkah23|101|2203\n|player|p2|schizoryan|unknown|2305\n|teamsize|p1|6\n|teamsize|p2|6\n|gen|9\n|tier|[Gen 9] Random Battle\n|rated|\n|rule|Species Clause: Limit one of each Pok\u00e9mon\n|rule|HP Percentage Mod: HP is shown in percentages\n|rule|Sleep Clause Mod: Limit one foe put to sleep\n|rule|Illusion Level Mod: Illusion disguises the Pok\u00e9mon's true level\n|\n|t:|1730735044\n|start\n|switch|p1a: Toxapex|Toxapex, L82, F|216/216\n|switch|p2a: Sneasler|Sneasler, L74, M|240/240\n|turn|1\n|inactive|Battle timer is ON: inactive players will automatically lose when time's up. (requested by mrkah23)\n|inactive|mrkah23 has 120 seconds left.\n|\n|t:|1730735076\n|move|p2a: Sneasler|U-turn|p1a: Toxapex\n|-resisted|p1a: Toxapex\n|-damage|p1a: Toxapex|191/216\n|\n|t:|1730735079\n|switch|p2a: Gliscor|Gliscor, L76, F|239/239|[from] U-turn\n|move|p1a: Toxapex|Liquidation|p2a: Gliscor\n|-supereffective|p2a: Gliscor\n|-damage|p2a: Gliscor|135/239\n|\n|-heal|p1a: Toxapex|204/216|[from] item: Leftovers\n|-status|p2a: Gliscor|tox|[from] item: Toxic Orb\n|upkeep\n|turn|2\n|\n|t:|1730735091\n|move|p2a: Gliscor|Protect|p2a: Gliscor\n|-singleturn|p2a: Gliscor|Protect\n|move|p1a: Toxapex|Liquidation|p2a: Gliscor\n|-activate|p2a: Gliscor|move: Protect\n|\n|-heal|p1a: Toxapex|216/216|[from] item: Leftovers\n|-heal|p2a: Gliscor|164/239 tox|[from] ability: Poison Heal\n|upkeep\n|turn|3\n|\n|t:|1730735097\n|move|p2a: Gliscor|Earthquake|p1a: Toxapex\n|-supereffective|p1a: Toxapex\n|-damage|p1a: Toxapex|90/216\n|move|p1a: Toxapex|Liquidation|p2a: Gliscor\n|-supereffective|p2a: Gliscor\n|-damage|p2a: Gliscor|54/239 tox\n|\n|-heal|p1a: Toxapex|103/216|[from] item: Leftovers\n|-heal|p2a: Gliscor|83/239 tox|[from] ability: Poison Heal\n|upkeep\n|turn|4\n|\n|t:|1730735108\n|move|p2a: Gliscor|Earthquake|p1a: Toxapex\n|-supereffective|p1a: Toxapex\n|-damage|p1a: Toxapex|0 fnt\n|faint|p1a: Toxapex\n|\n|-heal|p2a: Gliscor|112/239 tox|[from] ability: Poison Heal\n|upkeep\n|\n|t:|1730735119\n|switch|p1a: Venomoth|Venomoth, L84, F|255/255\n|turn|5\n|\n|t:|1730735134\n|move|p1a: Venomoth|Quiver Dance|p1a: Venomoth\n|-boost|p1a: Venomoth|spa|1\n|-boost|p1a: Venomoth|spd|1\n|-boost|p1a: Venomoth|spe|1\n|move|p2a: Gliscor|Earthquake|p1a: Venomoth\n|-damage|p1a: Venomoth|140/255\n|\n|-heal|p2a: Gliscor|141/239 tox|[from] ability: Poison Heal\n|upkeep\n|turn|6\n|j|+duck\n|inactive|schizoryan has 120 seconds left.\n|\n|t:|1730735161\n|switch|p2a: Mandibuzz|Mandibuzz, L85, F|326/326\n|move|p1a: Venomoth|Sludge Wave|p2a: Mandibuzz\n|-damage|p2a: Mandibuzz|190/326\n|\n|upkeep\n|turn|7\n|\n|t:|1730735179\n|move|p1a: Venomoth|Sleep Powder|p2a: Mandibuzz\n|-immune|p2a: Mandibuzz|[from] ability: Overcoat\n|move|p2a: Mandibuzz|U-turn|p1a: Venomoth\n|-resisted|p1a: Venomoth\n|-damage|p1a: Venomoth|115/255\n|\n|t:|1730735184\n|switch|p2a: Basculegion|Basculegion, L81, M|327/327|[from] U-turn\n|\n|upkeep\n|turn|8\n|\n|t:|1730735191\n|switch|p2a: Mandibuzz|Mandibuzz, L85, F|190/326\n|move|p1a: Venomoth|Sleep Powder|p2a: Mandibuzz\n|-immune|p2a: Mandibuzz|[from] ability: Overcoat\n|\n|upkeep\n|turn|9\n|\n|t:|1730735204\n|move|p1a: Venomoth|Sludge Wave|p2a: Mandibuzz\n|-damage|p2a: Mandibuzz|58/326\n|move|p2a: Mandibuzz|Foul Play|p1a: Venomoth\n|-damage|p1a: Venomoth|43/255\n|\n|upkeep\n|turn|10\n|\n|t:|1730735208\n|move|p1a: Venomoth|Sludge Wave|p2a: Mandibuzz\n|-damage|p2a: Mandibuzz|0 fnt\n|faint|p2a: Mandibuzz\n|\n|upkeep\n|\n|t:|1730735209\n|switch|p2a: Basculegion|Basculegion, L81, M|327/327\n|turn|11\n|\n|t:|1730735214\n|switch|p1a: Mandibuzz|Mandibuzz, L85, F|326/326\n|move|p2a: Basculegion|Aqua Jet|p1a: Mandibuzz\n|-damage|p1a: Mandibuzz|270/326\n|\n|upkeep\n|turn|12\n|l|+duck\n|\n|t:|1730735230\n|switch|p2a: Gliscor|Gliscor, L76, F|141/239 tox\n|move|p1a: Mandibuzz|Brave Bird|p2a: Gliscor\n|-damage|p2a: Gliscor|54/239 tox\n|-damage|p1a: Mandibuzz|241/326|[from] Recoil\n|\n|-heal|p2a: Gliscor|83/239 tox|[from] ability: Poison Heal\n|upkeep\n|turn|13\n|\n|t:|1730735238\n|switch|p1a: Venomoth|Venomoth, L84, F|43/255\n|move|p2a: Gliscor|Protect||[still]\n|-fail|p2a: Gliscor\n|\n|-heal|p2a: Gliscor|112/239 tox|[from] ability: Poison Heal\n|upkeep\n|turn|14\n|\n|t:|1730735245\n|move|p2a: Gliscor|Protect|p2a: Gliscor\n|-singleturn|p2a: Gliscor|Protect\n|move|p1a: Venomoth|Sludge Wave|p2a: Gliscor\n|-activate|p2a: Gliscor|move: Protect\n|\n|-heal|p2a: Gliscor|141/239 tox|[from] ability: Poison Heal\n|upkeep\n|turn|15\n|\n|t:|1730735248\n|switch|p2a: Basculegion|Basculegion, L81, M|327/327\n|move|p1a: Venomoth|Sludge Wave|p2a: Basculegion\n|-resisted|p2a: Basculegion\n|-damage|p2a: Basculegion|247/327\n|\n|upkeep\n|turn|16\n|\n|t:|1730735256\n|switch|p1a: Mandibuzz|Mandibuzz, L85, F|241/326\n|move|p2a: Basculegion|Flip Turn|p1a: Mandibuzz\n|-damage|p1a: Mandibuzz|157/326\n|\n|t:|1730735267\n|switch|p2a: Sneasler|Sneasler, L74, M|240/240|[from] Flip Turn\n|\n|upkeep\n|turn|17\n|j| jorn lande\n|\n|t:|1730735282\n|switch|p1a: Skeledirge|Skeledirge, L79, M|294/294\n|move|p2a: Sneasler|Close Combat|p1a: Skeledirge\n|-immune|p1a: Skeledirge\n|\n|upkeep\n|turn|18\n|\n|t:|1730735291\n|switch|p2a: Arceus|Arceus-Dark, L71|288/288\n|move|p1a: Skeledirge|Hex|p2a: Arceus\n|-resisted|p2a: Arceus\n|-damage|p2a: Arceus|256/288\n|\n|upkeep\n|turn|19\n|\n|t:|1730735312\n|switch|p2a: Gliscor|Gliscor, L76, F|141/239 tox\n|switch|p1a: Garganacl|Garganacl, L80, F|291/291\n|\n|-heal|p2a: Gliscor|170/239 tox|[from] ability: Poison Heal\n|upkeep\n|turn|20\n|\n|t:|1730735321\n|move|p2a: Gliscor|Earthquake|p1a: Garganacl\n|-supereffective|p1a: Garganacl\n|-damage|p1a: Garganacl|153/291\n|move|p1a: Garganacl|Stealth Rock|p2a: Gliscor\n|-sidestart|p2: schizoryan|move: Stealth Rock\n|\n|-heal|p1a: Garganacl|171/291|[from] item: Leftovers\n|-heal|p2a: Gliscor|199/239 tox|[from] ability: Poison Heal\n|upkeep\n|turn|21\n|\n|t:|1730735326\n|switch|p1a: Mandibuzz|Mandibuzz, L85, F|157/326\n|move|p2a: Gliscor|Earthquake|p1a: Mandibuzz\n|-immune|p1a: Mandibuzz\n|\n|-heal|p2a: Gliscor|228/239 tox|[from] ability: Poison Heal\n|upkeep\n|turn|22\n|\n|t:|1730735329\n|move|p2a: Gliscor|Toxic|p1a: Mandibuzz\n|-status|p1a: Mandibuzz|tox\n|move|p1a: Mandibuzz|Roost|p1a: Mandibuzz\n|-heal|p1a: Mandibuzz|320/326 tox\n|-singleturn|p1a: Mandibuzz|move: Roost\n|\n|-heal|p2a: Gliscor|239/239 tox|[from] ability: Poison Heal\n|-damage|p1a: Mandibuzz|300/326 tox|[from] psn\n|upkeep\n|turn|23\n|\n|t:|1730735340\n|move|p2a: Gliscor|Knock Off|p1a: Mandibuzz\n|-resisted|p1a: Mandibuzz\n|-damage|p1a: Mandibuzz|275/326 tox\n|-enditem|p1a: Mandibuzz|Heavy-Duty Boots|[from] move: Knock Off|[of] p2a: Gliscor\n|move|p1a: Mandibuzz|Brave Bird|p2a: Gliscor\n|-damage|p2a: Gliscor|154/239 tox\n|-damage|p1a: Mandibuzz|247/326 tox|[from] Recoil\n|\n|-heal|p2a: Gliscor|183/239 tox|[from] ability: Poison Heal\n|-damage|p1a: Mandibuzz|207/326 tox|[from] psn\n|upkeep\n|turn|24\n|\n|t:|1730735350\n|switch|p1a: Venomoth|Venomoth, L84, F|43/255\n|move|p2a: Gliscor|Knock Off|p1a: Venomoth\n|-damage|p1a: Venomoth|0 fnt\n|-enditem|p1a: Venomoth|Heavy-Duty Boots|[from] move: Knock Off|[of] p2a: Gliscor\n|faint|p1a: Venomoth\n|\n|-heal|p2a: Gliscor|212/239 tox|[from] ability: Poison Heal\n|upkeep\n|\n|t:|1730735358\n|switch|p1a: Skeledirge|Skeledirge, L79, M|294/294\n|turn|25\n|\n|t:|1730735366\n|move|p2a: Gliscor|Toxic|p1a: Skeledirge\n|-status|p1a: Skeledirge|tox\n|move|p1a: Skeledirge|Hex|p2a: Gliscor\n|-damage|p2a: Gliscor|50/239 tox\n|\n|-heal|p2a: Gliscor|79/239 tox|[from] ability: Poison Heal\n|-damage|p1a: Skeledirge|276/294 tox|[from] psn\n|upkeep\n|turn|26\n|\n|t:|1730735371\n|move|p2a: Gliscor|Protect|p2a: Gliscor\n|-singleturn|p2a: Gliscor|Protect\n|move|p1a: Skeledirge|Torch Song|p2a: Gliscor\n|-activate|p2a: Gliscor|move: Protect\n|\n|-heal|p2a: Gliscor|108/239 tox|[from] ability: Poison Heal\n|-damage|p1a: Skeledirge|240/294 tox|[from] psn\n|upkeep\n|turn|27\n|\n|t:|1730735383\n|switch|p2a: Basculegion|Basculegion, L81, M|247/327\n|-damage|p2a: Basculegion|207/327|[from] Stealth Rock\n|move|p1a: Skeledirge|Torch Song|p2a: Basculegion\n|-resisted|p2a: Basculegion\n|-damage|p2a: Basculegion|177/327\n|-boost|p1a: Skeledirge|spa|1\n|\n|-damage|p1a: Skeledirge|186/294 tox|[from] psn\n|upkeep\n|turn|28\n|\n|t:|1730735391\n|move|p2a: Basculegion|Wave Crash|p1a: Skeledirge\n|-supereffective|p1a: Skeledirge\n|-damage|p1a: Skeledirge|0 fnt\n|faint|p1a: Skeledirge\n|-damage|p2a: Basculegion|116/327|[from] Recoil\n|\n|upkeep\n|\n|t:|1730735405\n|switch|p1a: Smeargle|Smeargle, L95, M|258/258\n|turn|29\n|\n|t:|1730735430\n|switch|p2a: Arceus|Arceus-Dark, L71|256/288\n|-damage|p2a: Arceus|220/288|[from] Stealth Rock\n|move|p1a: Smeargle|Shell Smash|p1a: Smeargle\n|-unboost|p1a: Smeargle|def|1\n|-unboost|p1a: Smeargle|spd|1\n|-boost|p1a: Smeargle|atk|2\n|-boost|p1a: Smeargle|spa|2\n|-boost|p1a: Smeargle|spe|2\n|\n|upkeep\n|turn|30\n|\n|t:|1730735440\n|move|p1a: Smeargle|Population Bomb|p2a: Arceus\n|-damage|p2a: Arceus|190/288\n|-damage|p2a: Arceus|160/288\n|-damage|p2a: Arceus|132/288\n|-crit|p2a: Arceus\n|-damage|p2a: Arceus|89/288\n|-damage|p2a: Arceus|61/288\n|-damage|p2a: Arceus|31/288\n|-damage|p2a: Arceus|0 fnt\n|faint|p2a: Arceus\n|-hitcount|p2: Arceus|7\n|\n|upkeep\n|\n|t:|1730735446\n|switch|p2a: Basculegion|Basculegion, L81, M|116/327\n|-damage|p2a: Basculegion|76/327|[from] Stealth Rock\n|turn|31\n|inactive|schizoryan has 120 seconds left.\n|\n|t:|1730735477\n|move|p2a: Basculegion|Aqua Jet|p1a: Smeargle\n|-damage|p1a: Smeargle|108/258\n|move|p1a: Smeargle|Power Trip|p2a: Basculegion\n|-supereffective|p2a: Basculegion\n|-damage|p2a: Basculegion|0 fnt\n|faint|p2a: Basculegion\n|\n|upkeep\n|\n|t:|1730735486\n|switch|p2a: Palossand|Palossand, L89, M|296/296\n|-damage|p2a: Palossand|278/296|[from] Stealth Rock\n|turn|32\n|inactive|schizoryan has 120 seconds left.\n|\n|t:|1730735500\n|switch|p2a: Sneasler|Sneasler, L74, M|240/240\n|-damage|p2a: Sneasler|225/240|[from] Stealth Rock\n|move|p1a: Smeargle|Spore|p2a: Sneasler\n|-status|p2a: Sneasler|slp|[from] move: Spore\n|\n|upkeep\n|turn|33\n|inactive|schizoryan has 120 seconds left.\n|\n|t:|1730735519\n|switch|p2a: Palossand|Palossand, L89, M|278/296\n|-damage|p2a: Palossand|260/296|[from] Stealth Rock\n|move|p1a: Smeargle|Shell Smash|p1a: Smeargle\n|-unboost|p1a: Smeargle|def|1\n|-unboost|p1a: Smeargle|spd|1\n|-boost|p1a: Smeargle|atk|2\n|-boost|p1a: Smeargle|spa|2\n|-boost|p1a: Smeargle|spe|2\n|\n|-heal|p2a: Palossand|278/296|[from] item: Leftovers\n|upkeep\n|turn|34\n|inactive|schizoryan has 120 seconds left.\n|\n|t:|1730735529\n|-terastallize|p2a: Palossand|Poison\n|move|p1a: Smeargle|Population Bomb|p2a: Palossand\n|-damage|p2a: Palossand|239/296\n|-damage|p2a: Palossand|199/296\n|-damage|p2a: Palossand|162/296\n|-damage|p2a: Palossand|125/296\n|-damage|p2a: Palossand|89/296\n|-damage|p2a: Palossand|53/296\n|-damage|p2a: Palossand|17/296\n|-damage|p2a: Palossand|0 fnt\n|faint|p2a: Palossand\n|-hitcount|p2: Palossand|8\n|\n|upkeep\n|-message|schizoryan forfeited.\n|\n|win|mrkah23\n|raw|mrkah23's rating: 2203 &rarr; <strong>2229</strong><br />(+26 for winning)\n|raw|schizoryan's rating: 2305 &rarr; <strong>2279</strong><br />(-26 for losing)\n|l|\u2606schizoryan\n|player|p2|\n", "inputlog": ">version a4f42d48c0ba8c19aa1220fc847216ad1267a0d1\n>start {\"formatid\":\"gen9randombattle\",\"seed\":[7106,32970,50401,17264],\"rated\":\"Rated battle\"}\n>player p1 {\"name\":\"mrkah23\",\"avatar\":\"101\",\"rating\":2203,\"seed\":[49184,50691,21237,36353]}\n>player p2 {\"name\":\"schizoryan\",\"avatar\":\"unknown\",\"rating\":2305,\"seed\":[48012,26286,22444,9798]}\n>p1 move liquidation\n>p2 move uturn\n>p2 switch 3\n>p1 move liquidation\n>p2 move protect\n>p1 move liquidation\n>p2 move earthquake\n>p1 move liquidation\n>p2 move earthquake\n>p1 switch 3\n>p1 move quiverdance\n>p2 move earthquake\n>p1 move sludgewave\n>p2 switch 4\n>p1 move sleeppowder\n>p2 move uturn\n>p2 switch 5\n>p1 move sleeppowder\n>p2 switch 5\n>p1 move sludgewave\n>p2 move foulplay\n>p1 move sludgewave\n>p2 move foulplay\n>p2 switch 5\n>p1 switch 2\n>p2 move aquajet\n>p1 move bravebird\n>p2 switch 4\n>p1 switch 2\n>p2 move protect\n>p1 move sludgewave\n>p2 move protect\n>p1 move sludgewave\n>p2 switch 4\n>p1 switch 2\n>p2 move flipturn\n>p2 switch 3\n>p1 switch 6\n>p2 move closecombat\n>p1 move hex\n>p2 switch 6\n>p1 switch 5\n>p2 switch 4\n>p1 move stealthrock\n>p2 move earthquake\n>p1 switch 6\n>p2 move earthquake\n>p1 move roost\n>p2 move toxic\n>p1 move bravebird\n>p2 move knockoff\n>p1 switch 2\n>p2 move knockoff\n>p1 switch 5\n>p1 move hex\n>p2 move toxic\n>p1 move torchsong\n>p2 move protect\n>p1 move torchsong\n>p2 switch 3\n>p1 move hex\n>p2 move wavecrash\n>p1 switch 4\n>p1 move shellsmash\n>p2 switch 4\n>p1 move populationbomb\n>p2 move judgment\n>p2 switch 4\n>p1 move powertrip\n>p2 move aquajet\n>p2 switch 2\n>p1 move spore\n>p2 switch 6\n>p1 move shellsmash\n>p2 switch 6\n>p1 move populationbomb\n>p2 move earthpower terastallize\n>forcelose p2", "uploadtime": 1730735551, "views": 37, "formatid": "gen9randombattle", "rating": 2229, "private": 0, "password": null}