{"id": "gen9randombattle-2259991650", "format": "[Gen 9] Random Battle", "players": ["pingly", "catyCLAW"], "log": "|j|\u2606pingly\n|j|\u2606catyCLAW\n|t:|1733788408\n|gametype|singles\n|player|p1|pingly|biker-gen4|1350\n|player|p2|catyCLAW|102|1332\n|teamsize|p1|6\n|teamsize|p2|6\n|gen|9\n|tier|[Gen 9] Random Battle\n|rated|\n|rule|Species Clause: Limit one of each Pok\u00e9mon\n|rule|HP Percentage Mod: HP is shown in percentages\n|rule|Sleep Clause Mod: Limit one foe put to sleep\n|rule|Illusion Level Mod: Illusion disguises the Pok\u00e9mon's true level\n|\n|t:|1733788408\n|start\n|switch|p1a: Comfey|Comfey, L85, F|225/225\n|switch|p2a: Leavanny|Leavanny, L86, F|269/269\n|turn|1\n|inactive|Battle timer is ON: inactive players will automatically lose when time's up. (requested by pingly)\n|\n|t:|1733788427\n|move|p1a: Comfey|Calm Mind|p1a: Comfey\n|-boost|p1a: Comfey|spa|1\n|-boost|p1a: Comfey|spd|1\n|move|p2a: Leavanny|Knock Off|p1a: Comfey\n|-resisted|p1a: Comfey\n|-damage|p1a: Comfey|190/225\n|-enditem|p1a: Comfey|Leftovers|[from] move: Knock Off|[of] p2a: Leavanny\n|\n|upkeep\n|turn|2\n|\n|t:|1733788442\n|switch|p2a: Swalot|Swalot, L90, F|326/326\n|move|p1a: Comfey|Calm Mind|p1a: Comfey\n|-boost|p1a: Comfey|spa|1\n|-boost|p1a: Comfey|spd|1\n|\n|upkeep\n|turn|3\n|\n|t:|1733788463\n|-terastallize|p1a: Comfey|Ground\n|-terastallize|p2a: Swalot|Dark\n|move|p1a: Comfey|Tera Blast|p2a: Swalot|[anim] Tera Blast Ground\n|-damage|p2a: Swalot|185/326\n|move|p2a: Swalot|Swords Dance|p2a: Swalot\n|-boost|p2a: Swalot|atk|2\n|\n|-heal|p2a: Swalot|205/326|[from] item: Leftovers\n|upkeep\n|turn|4\n|\n|t:|1733788477\n|move|p1a: Comfey|Draining Kiss|p2a: Swalot\n|-supereffective|p2a: Swalot\n|-damage|p2a: Swalot|19/326\n|-damage|p1a: Comfey|50/225|[from] ability: Liquid Ooze|[of] p2a: Swalot\n|move|p2a: Swalot|Earthquake|p1a: Comfey\n|-damage|p1a: Comfey|0 fnt\n|faint|p1a: Comfey\n|\n|-heal|p2a: Swalot|39/326|[from] item: Leftovers\n|upkeep\n|c|\u2606pingly|Completely forgot about that\n|inactive|pingly has 120 seconds left.\n|c|\u2606catyCLAW|everyone forgets dont worry\n|\n|t:|1733788521\n|switch|p1a: Cobalion|Cobalion, L80|277/277\n|turn|5\n|\n|t:|1733788529\n|move|p1a: Cobalion|Vacuum Wave|p2a: Swalot\n|-supereffective|p2a: Swalot\n|-damage|p2a: Swalot|0 fnt\n|faint|p2a: Swalot\n|\n|upkeep\n|\n|t:|1733788548\n|switch|p2a: Medicham|Medicham, L86, F|243/243\n|turn|6\n|inactive|pingly has 120 seconds left.\n|\n|t:|1733788559\n|move|p1a: Cobalion|Calm Mind|p1a: Cobalion\n|-boost|p1a: Cobalion|spa|1\n|-boost|p1a: Cobalion|spd|1\n|move|p2a: Medicham|Close Combat|p1a: Cobalion\n|-supereffective|p1a: Cobalion\n|-damage|p1a: Cobalion|0 fnt\n|-unboost|p2a: Medicham|def|1\n|-unboost|p2a: Medicham|spd|1\n|faint|p1a: Cobalion\n|\n|upkeep\n|\n|t:|1733788580\n|switch|p1a: Passimian|Passimian, L83, F|302/302\n|turn|7\n|\n|t:|1733788608\n|switch|p2a: Rotom|Rotom-Fan, L86|226/226\n|move|p1a: Passimian|Knock Off|p2a: Rotom\n|-damage|p2a: Rotom|157/226\n|-enditem|p2a: Rotom|Heavy-Duty Boots|[from] move: Knock Off|[of] p1a: Passimian\n|\n|upkeep\n|turn|8\n|\n|t:|1733788630\n|switch|p1a: Cinccino|Cinccino, L83, M|260/260\n|move|p2a: Rotom|Will-O-Wisp|p1a: Cinccino\n|-status|p1a: Cinccino|brn\n|\n|-damage|p1a: Cinccino|244/260 brn|[from] brn\n|upkeep\n|turn|9\n|inactive|catyCLAW has 120 seconds left.\n|\n|t:|1733788657\n|move|p1a: Cinccino|Triple Axel|p2a: Rotom\n|-supereffective|p2a: Rotom\n|-damage|p2a: Rotom|140/226\n|-supereffective|p2a: Rotom\n|-damage|p2a: Rotom|107/226\n|-supereffective|p2a: Rotom\n|-damage|p2a: Rotom|54/226\n|-hitcount|p2a: Rotom|3\n|move|p2a: Rotom|Thunderbolt|p1a: Cinccino\n|-damage|p1a: Cinccino|102/260 brn\n|\n|-damage|p1a: Cinccino|86/260 brn|[from] brn\n|upkeep\n|turn|10\n|inactive|catyCLAW has 120 seconds left.\n|inactive|pingly has 90 seconds left.\n|\n|t:|1733788673\n|switch|p2a: Magcargo|Magcargo, L95, M|268/268\n|move|p1a: Cinccino|Tail Slap|p2a: Magcargo\n|-resisted|p2a: Magcargo\n|-damage|p2a: Magcargo|262/268\n|-ability|p2a: Magcargo|Weak Armor|boost\n|-unboost|p2a: Magcargo|def|1\n|-boost|p2a: Magcargo|spe|2\n|-resisted|p2a: Magcargo\n|-damage|p2a: Magcargo|253/268\n|-ability|p2a: Magcargo|Weak Armor|boost\n|-unboost|p2a: Magcargo|def|1\n|-boost|p2a: Magcargo|spe|2\n|-resisted|p2a: Magcargo\n|-damage|p2a: Magcargo|241/268\n|-ability|p2a: Magcargo|Weak Armor|boost\n|-unboost|p2a: Magcargo|def|1\n|-boost|p2a: Magcargo|spe|2\n|-resisted|p2a: Magcargo\n|-damage|p2a: Magcargo|225/268\n|-ability|p2a: Magcargo|Weak Armor|boost\n|-unboost|p2a: Magcargo|def|1\n|-resisted|p2a: Magcargo\n|-damage|p2a: Magcargo|206/268\n|-ability|p2a: Magcargo|Weak Armor|boost\n|-unboost|p2a: Magcargo|def|1\n|-hitcount|p2a: Magcargo|5\n|\n|-damage|p1a: Cinccino|70/260 brn|[from] brn\n|upkeep\n|turn|11\n|inactive|catyCLAW has 120 seconds left.\n|inactive|pingly has 90 seconds left.\n|c|\u2606pingly|Woag\n|c|\u2606pingly|Fastest snail alive\n|inactive|pingly has 60 seconds left.\n|\n|t:|1733788713\n|move|p2a: Magcargo|Shell Smash|p2a: Magcargo\n|-unboost|p2a: Magcargo|def|1\n|-unboost|p2a: Magcargo|spd|1\n|-boost|p2a: Magcargo|atk|2\n|-boost|p2a: Magcargo|spa|2\n|-boost|p2a: Magcargo|spe|0\n|move|p1a: Cinccino|Bullet Seed|p2a: Magcargo\n|-damage|p2a: Magcargo|168/268\n|-damage|p2a: Magcargo|135/268\n|-damage|p2a: Magcargo|99/268\n|-damage|p2a: Magcargo|61/268\n|-damage|p2a: Magcargo|27/268\n|-hitcount|p2a: Magcargo|5\n|\n|-damage|p1a: Cinccino|54/260 brn|[from] brn\n|upkeep\n|turn|12\n|inactive|pingly has 60 seconds left.\n|\n|t:|1733788731\n|move|p2a: Magcargo|Earth Power|p1a: Cinccino\n|-damage|p1a: Cinccino|0 fnt\n|faint|p1a: Cinccino\n|\n|upkeep\n|\n|t:|1733788750\n|switch|p1a: Passimian|Passimian, L83, F|302/302\n|turn|13\n|\n|t:|1733788756\n|move|p2a: Magcargo|Fire Blast|p1a: Passimian\n|-damage|p1a: Passimian|0 fnt\n|faint|p1a: Passimian\n|\n|upkeep\n|\n|t:|1733788772\n|switch|p1a: Toedscruel|Toedscruel, L87, F|281/281\n|turn|14\n|\n|t:|1733788781\n|move|p2a: Magcargo|Fire Blast|p1a: Toedscruel|[miss]\n|-miss|p2a: Magcargo|p1a: Toedscruel\n|move|p1a: Toedscruel|Earth Power|p2a: Magcargo\n|-supereffective|p2a: Magcargo\n|-damage|p2a: Magcargo|0 fnt\n|faint|p2a: Magcargo\n|\n|upkeep\n|\n|t:|1733788791\n|switch|p2a: Leavanny|Leavanny, L86, F|269/269\n|turn|15\n|inactive|catyCLAW has 120 seconds left.\n|\n|t:|1733788806\n|move|p1a: Toedscruel|Knock Off|p2a: Leavanny\n|-damage|p2a: Leavanny|209/269\n|-enditem|p2a: Leavanny|Heavy-Duty Boots|[from] move: Knock Off|[of] p1a: Toedscruel\n|move|p2a: Leavanny|Knock Off|p1a: Toedscruel\n|-damage|p1a: Toedscruel|184/281\n|-enditem|p1a: Toedscruel|Assault Vest|[from] move: Knock Off|[of] p2a: Leavanny\n|\n|upkeep\n|turn|16\n|inactive|catyCLAW has 120 seconds left.\n|\n|t:|1733788828\n|move|p1a: Toedscruel|Rapid Spin|p2a: Leavanny\n|-damage|p2a: Leavanny|175/269\n|-boost|p1a: Toedscruel|spe|1\n|move|p2a: Leavanny|Lunge|p1a: Toedscruel\n|-supereffective|p1a: Toedscruel\n|-damage|p1a: Toedscruel|0 fnt\n|faint|p1a: Toedscruel\n|\n|upkeep\n|\n|t:|1733788836\n|switch|p1a: Gardevoir|Gardevoir, L83, F|249/249\n|-ability|p1a: Gardevoir|Swarm|[from] ability: Trace|[of] p2a: Leavanny\n|turn|17\n|inactive|catyCLAW has 120 seconds left.\n|\n|t:|1733788849\n|move|p1a: Gardevoir|Psychic|p2a: Leavanny\n|-damage|p2a: Leavanny|55/269\n|move|p2a: Leavanny|Knock Off|p1a: Gardevoir\n|-damage|p1a: Gardevoir|153/249\n|-enditem|p1a: Gardevoir|Choice Scarf|[from] move: Knock Off|[of] p2a: Leavanny\n|\n|upkeep\n|turn|18\n|inactive|catyCLAW has 120 seconds left.\n|c|\u2606pingly|Ggs\n|c|\u2606pingly|I got reamed\n|c|\u2606catyCLAW|gg\n|c|\u2606catyCLAW|wp\n|\n|t:|1733788872\n|move|p2a: Leavanny|Lunge|p1a: Gardevoir\n|-damage|p1a: Gardevoir|0 fnt\n|faint|p1a: Gardevoir\n|\n|win|catyCLAW\n|raw|pingly's rating: 1350 &rarr; <strong>1329</strong><br />(-21 for losing)\n|raw|catyCLAW's rating: 1332 &rarr; <strong>1353</strong><br />(+21 for winning)\n", "inputlog": ">version bfd83cad13791eb5a5a409923076391caf6fb4d4\n>start {\"formatid\":\"gen9randombattle\",\"seed\":[42557,27023,31748,28689],\"rated\":\"Rated battle\"}\n>player p1 {\"name\":\"pingly\",\"avatar\":\"biker-gen4\",\"rating\":1350,\"seed\":[51516,37140,28258,28583]}\n>player p2 {\"name\":\"catyCLAW\",\"avatar\":\"102\",\"rating\":1332,\"seed\":[24513,55384,4425,12110]}\n>p1 move calmmind\n>p2 move knockoff\n>p1 move calmmind\n>p2 switch 6\n>p1 move terablast terastallize\n>p2 move swordsdance terastallize\n>p1 move drainingkiss\n>p2 move earthquake\n>chat \u2606pingly|Completely forgot about that\n>chat \u2606catyCLAW|everyone forgets dont worry\n>p1 switch 2\n>p1 move vacuumwave\n>p2 move earthquake\n>p2 switch 4\n>p1 move calmmind\n>p2 move closecombat\n>p1 switch 3\n>p1 move knockoff\n>p2 switch 3\n>p1 switch 5\n>p2 move willowisp\n>p1 move tripleaxel\n>p2 move thunderbolt\n>p1 move tailslap\n>p2 switch 5\n>chat \u2606pingly|Woag\n>chat \u2606pingly|Fastest snail alive\n>p1 move bulletseed\n>p2 move shellsmash\n>p1 move bulletseed\n>p2 move earthpower\n>p1 switch 5\n>p1 move drainpunch\n>p2 move fireblast\n>p1 switch 4\n>p1 move earthpower\n>p2 move fireblast\n>p2 switch 6\n>p1 move knockoff\n>p2 move knockoff\n>p1 move rapidspin\n>p2 move lunge\n>p1 switch 6\n>p1 move psychic\n>p2 move knockoff\n>chat \u2606pingly|Ggs\n>chat \u2606pingly|I got reamed\n>chat \u2606catyCLAW|gg\n>chat \u2606catyCLAW|wp\n>p1 move psychic\n>p2 move lunge", "uploadtime": 1733788884, "views": 3, "formatid": "gen9randombattle", "rating": 1329, "private": 0, "password": null}