{"id": "gen9randombattle-2260735723", "format": "[Gen 9] Random Battle", "players": ["Jsjwjwjejndndndhd", "NeeYoDeeO"], "log": "|j|\u2606Jsjwjwjejndndndhd\n|j|\u2606NeeYoDeeO\n|t:|1733884724\n|gametype|singles\n|player|p1|Jsjwjwjejndndndhd|adaman|1000\n|player|p2|NeeYoDeeO|266|1048\n|teamsize|p1|6\n|teamsize|p2|6\n|gen|9\n|tier|[Gen 9] Random Battle\n|rated|\n|rule|Species Clause: Limit one of each Pok\u00e9mon\n|rule|HP Percentage Mod: HP is shown in percentages\n|rule|Sleep Clause Mod: Limit one foe put to sleep\n|rule|Illusion Level Mod: Illusion disguises the Pok\u00e9mon's true level\n|\n|t:|1733884724\n|start\n|switch|p1a: Spectrier|Spectrier, L75|274/274\n|switch|p2a: Cobalion|Cobalion, L80|277/277\n|turn|1\n|inactive|Battle timer is ON: inactive players will automatically lose when time's up. (requested by Jsjwjwjejndndndhd)\n|\n|t:|1733884745\n|switch|p2a: Golurk|Golurk, L87|297/297\n|move|p1a: Spectrier|Will-O-Wisp|p2a: Golurk\n|-status|p2a: Golurk|brn\n|\n|-damage|p2a: Golurk|279/297 brn|[from] brn\n|upkeep\n|turn|2\n|\n|t:|1733884772\n|switch|p1a: Garganacl|Garganacl, L80, M|291/291\n|move|p2a: Golurk|Stone Edge|p1a: Garganacl\n|-damage|p1a: Garganacl|248/291\n|-damage|p2a: Golurk|250/297 brn|[from] item: Life Orb\n|\n|-heal|p1a: Garganacl|266/291|[from] item: Leftovers\n|-damage|p2a: Golurk|232/297 brn|[from] brn\n|upkeep\n|turn|3\n|\n|t:|1733884784\n|move|p2a: Golurk|Earthquake|p1a: Garganacl\n|-supereffective|p1a: Garganacl\n|-damage|p1a: Garganacl|124/291\n|-damage|p2a: Golurk|203/297 brn|[from] item: Life Orb\n|move|p1a: Garganacl|Salt Cure|p2a: Golurk\n|-resisted|p2a: Golurk\n|-damage|p2a: Golurk|182/297 brn\n|-start|p2a: Golurk|Salt Cure\n|\n|-heal|p1a: Garganacl|142/291|[from] item: Leftovers\n|-damage|p2a: Golurk|164/297 brn|[from] brn\n|-damage|p2a: Golurk|127/297 brn|[from] Salt Cure\n|upkeep\n|turn|4\n|\n|t:|1733884797\n|move|p1a: Garganacl|Protect|p1a: Garganacl\n|-singleturn|p1a: Garganacl|Protect\n|move|p2a: Golurk|Earthquake|p1a: Garganacl\n|-activate|p1a: Garganacl|move: Protect\n|\n|-heal|p1a: Garganacl|160/291|[from] item: Leftovers\n|-damage|p2a: Golurk|109/297 brn|[from] brn\n|-damage|p2a: Golurk|72/297 brn|[from] Salt Cure\n|upkeep\n|turn|5\n|inactive|NeeYoDeeO has 120 seconds left.\n|\n|t:|1733884813\n|switch|p2a: Ursaluna|Ursaluna-Bloodmoon, L79, M|308/308\n|move|p1a: Garganacl|Recover|p1a: Garganacl\n|-heal|p1a: Garganacl|291/291\n|\n|upkeep\n|turn|6\n|\n|t:|1733884822\n|switch|p1a: Bruxish|Bruxish, L85, F|254/254\n|move|p2a: Ursaluna|Calm Mind|p2a: Ursaluna\n|-boost|p2a: Ursaluna|spa|1\n|-boost|p2a: Ursaluna|spd|1\n|\n|upkeep\n|turn|7\n|inactive|NeeYoDeeO has 120 seconds left.\n|\n|t:|1733884841\n|-terastallize|p2a: Ursaluna|Ghost\n|move|p1a: Bruxish|Wave Crash|p2a: Ursaluna\n|-damage|p2a: Ursaluna|139/308\n|-damage|p1a: Bruxish|198/254|[from] Recoil\n|move|p2a: Ursaluna|Blood Moon|p1a: Bruxish\n|-damage|p1a: Bruxish|0 fnt\n|faint|p1a: Bruxish\n|\n|-heal|p2a: Ursaluna|158/308|[from] item: Leftovers\n|upkeep\n|\n|t:|1733884855\n|switch|p1a: Mewtwo|Mewtwo, L72|272/272\n|-ability|p1a: Mewtwo|Unnerve\n|turn|8\n|\n|t:|1733884869\n|-terastallize|p1a: Mewtwo|Psychic\n|move|p1a: Mewtwo|Psystrike|p2a: Ursaluna\n|-damage|p2a: Ursaluna|5/308\n|-damage|p1a: Mewtwo|245/272|[from] item: Life Orb\n|move|p2a: Ursaluna|Earth Power|p1a: Mewtwo\n|-damage|p1a: Mewtwo|47/272\n|\n|-heal|p2a: Ursaluna|24/308|[from] item: Leftovers\n|upkeep\n|turn|9\n|inactive|NeeYoDeeO has 120 seconds left.\n|\n|t:|1733884894\n|move|p1a: Mewtwo|Psystrike|p2a: Ursaluna\n|-damage|p2a: Ursaluna|0 fnt\n|faint|p2a: Ursaluna\n|-damage|p1a: Mewtwo|20/272|[from] item: Life Orb\n|\n|upkeep\n|\n|t:|1733884914\n|switch|p2a: Orthworm|Orthworm, L88, M|266/266\n|turn|10\n|\n|t:|1733884925\n|move|p1a: Mewtwo|Fire Blast|p2a: Orthworm\n|-supereffective|p2a: Orthworm\n|-damage|p2a: Orthworm|0 fnt\n|faint|p2a: Orthworm\n|-damage|p1a: Mewtwo|0 fnt|[from] item: Life Orb\n|faint|p1a: Mewtwo\n|\n|upkeep\n|\n|t:|1733884935\n|switch|p1a: Hydrapple|Hydrapple, L83, M|312/312\n|switch|p2a: Golurk|Golurk, L87|72/297 brn\n|turn|11\n|\n|t:|1733884952\n|move|p2a: Golurk|Stealth Rock|p1a: Hydrapple\n|-sidestart|p1: Jsjwjwjejndndndhd|move: Stealth Rock\n|move|p1a: Hydrapple|Fickle Beam|p2a: Golurk\n|-crit|p2a: Golurk\n|-damage|p2a: Golurk|0 fnt\n|faint|p2a: Golurk\n|\n|upkeep\n|\n|t:|1733884961\n|switch|p2a: Cobalion|Cobalion, L80|277/277\n|turn|12\n|\n|t:|1733884973\n|switch|p1a: Toxapex|Toxapex, L82, M|216/216\n|-damage|p1a: Toxapex|189/216|[from] Stealth Rock\n|move|p2a: Cobalion|Iron Head|p1a: Toxapex\n|-resisted|p1a: Toxapex\n|-damage|p1a: Toxapex|158/216\n|-damage|p2a: Cobalion|250/277|[from] item: Life Orb\n|\n|-heal|p1a: Toxapex|171/216|[from] item: Leftovers\n|upkeep\n|turn|13\n|inactive|NeeYoDeeO has 90 seconds left.\n|\n|t:|1733885004\n|move|p2a: Cobalion|Swords Dance|p2a: Cobalion\n|-boost|p2a: Cobalion|atk|2\n|move|p1a: Toxapex|Toxic Spikes|p2a: Cobalion\n|-sidestart|p2: NeeYoDeeO|move: Toxic Spikes\n|\n|-heal|p1a: Toxapex|184/216|[from] item: Leftovers\n|upkeep\n|turn|14\n|\n|t:|1733885018\n|move|p2a: Cobalion|Stone Edge|p1a: Toxapex\n|-damage|p1a: Toxapex|72/216\n|-damage|p2a: Cobalion|223/277|[from] item: Life Orb\n|move|p1a: Toxapex|Haze|p1a: Toxapex\n|-clearallboost\n|\n|-heal|p1a: Toxapex|85/216|[from] item: Leftovers\n|upkeep\n|turn|15\n|\n|t:|1733885030\n|move|p2a: Cobalion|Close Combat|p1a: Toxapex\n|-resisted|p1a: Toxapex\n|-damage|p1a: Toxapex|34/216\n|-unboost|p2a: Cobalion|def|1\n|-unboost|p2a: Cobalion|spd|1\n|-damage|p2a: Cobalion|196/277|[from] item: Life Orb\n|move|p1a: Toxapex|Recover|p1a: Toxapex\n|-heal|p1a: Toxapex|142/216\n|\n|-heal|p1a: Toxapex|155/216|[from] item: Leftovers\n|upkeep\n|turn|16\n|\n|t:|1733885044\n|move|p2a: Cobalion|Iron Head|p1a: Toxapex\n|-resisted|p1a: Toxapex\n|-damage|p1a: Toxapex|124/216\n|-damage|p2a: Cobalion|169/277|[from] item: Life Orb\n|cant|p1a: Toxapex|flinch\n|\n|-heal|p1a: Toxapex|137/216|[from] item: Leftovers\n|upkeep\n|turn|17\n|\n|t:|1733885054\n|switch|p2a: Flapple|Flapple, L88, M|266/266\n|-status|p2a: Flapple|psn\n|-enditem|p2a: Flapple|Lum Berry|[eat]\n|-curestatus|p2a: Flapple|psn|[msg]\n|move|p1a: Toxapex|Recover|p1a: Toxapex\n|-heal|p1a: Toxapex|216/216\n|\n|upkeep\n|turn|18\n|\n|t:|1733885065\n|move|p2a: Flapple|Grav Apple|p1a: Toxapex\n|-damage|p1a: Toxapex|110/216\n|-unboost|p1a: Toxapex|def|1\n|move|p1a: Toxapex|Haze|p1a: Toxapex\n|-clearallboost\n|\n|-heal|p1a: Toxapex|123/216|[from] item: Leftovers\n|upkeep\n|turn|19\n|\n|t:|1733885079\n|switch|p1a: Hydrapple|Hydrapple, L83, M|312/312\n|-damage|p1a: Hydrapple|273/312|[from] Stealth Rock\n|move|p2a: Flapple|Dragon Dance|p2a: Flapple\n|-boost|p2a: Flapple|atk|1\n|-boost|p2a: Flapple|spe|1\n|\n|upkeep\n|turn|20\n|\n|t:|1733885088\n|move|p2a: Flapple|Outrage|p1a: Hydrapple|[miss]\n|-miss|p2a: Flapple|p1a: Hydrapple\n|move|p1a: Hydrapple|Fickle Beam|p2a: Flapple|[anim] Fickle Beam All Out\n|-activate|p1a: Hydrapple|move: Fickle Beam\n|-supereffective|p2a: Flapple\n|-damage|p2a: Flapple|0 fnt\n|faint|p2a: Flapple\n|\n|upkeep\n|c|\u2606Jsjwjwjejndndndhd|Lmao oh no\n|\n|t:|1733885106\n|switch|p2a: Annihilape|Annihilape, L76, F|292/292\n|-status|p2a: Annihilape|psn\n|turn|21\n|c|\u2606Jsjwjwjejndndndhd|bad hustle I guess\n|\n|t:|1733885125\n|move|p2a: Annihilape|Taunt|p1a: Hydrapple\n|-start|p1a: Hydrapple|move: Taunt\n|move|p1a: Hydrapple|Fickle Beam|p2a: Annihilape\n|-damage|p2a: Annihilape|126/292 psn\n|\n|-heal|p2a: Annihilape|144/292 psn|[from] item: Leftovers\n|-damage|p2a: Annihilape|108/292 psn|[from] psn\n|upkeep\n|turn|22\n|\n|t:|1733885135\n|move|p2a: Annihilape|Rage Fist|p1a: Hydrapple\n|-damage|p1a: Hydrapple|195/312\n|move|p1a: Hydrapple|Fickle Beam|p2a: Annihilape|[anim] Fickle Beam All Out\n|-activate|p1a: Hydrapple|move: Fickle Beam\n|-damage|p2a: Annihilape|0 fnt\n|faint|p2a: Annihilape\n|\n|upkeep\n|\n|t:|1733885143\n|switch|p2a: Cobalion|Cobalion, L80|169/277\n|turn|23\n|\n|t:|1733885150\n|move|p2a: Cobalion|Close Combat|p1a: Hydrapple\n|-damage|p1a: Hydrapple|70/312\n|-unboost|p2a: Cobalion|def|1\n|-unboost|p2a: Cobalion|spd|1\n|-damage|p2a: Cobalion|142/277|[from] item: Life Orb\n|move|p1a: Hydrapple|Fickle Beam|p2a: Cobalion\n|-resisted|p2a: Cobalion\n|-damage|p2a: Cobalion|14/277\n|\n|-end|p1a: Hydrapple|move: Taunt\n|upkeep\n|turn|24\n|\n|t:|1733885161\n|switch|p1a: Toxapex|Toxapex, L82, M|195/216\n|-damage|p1a: Toxapex|168/216|[from] Stealth Rock\n|move|p2a: Cobalion|Close Combat|p1a: Toxapex\n|-resisted|p1a: Toxapex\n|-damage|p1a: Toxapex|121/216\n|-unboost|p2a: Cobalion|def|1\n|-unboost|p2a: Cobalion|spd|1\n|-damage|p2a: Cobalion|0 fnt|[from] item: Life Orb\n|faint|p2a: Cobalion\n|\n|win|Jsjwjwjejndndndhd\n|raw|Jsjwjwjejndndndhd's rating: 1000 &rarr; <strong>1045</strong><br />(+45 for winning)\n|raw|NeeYoDeeO's rating: 1048 &rarr; <strong>1028</strong><br />(-20 for losing)\n|l|\u2606NeeYoDeeO\n|player|p2|\n", "inputlog": ">version bfd83cad13791eb5a5a409923076391caf6fb4d4\n>start {\"formatid\":\"gen9randombattle\",\"seed\":[3064,52049,57248,5452],\"rated\":\"Rated battle\"}\n>player p1 {\"name\":\"Jsjwjwjejndndndhd\",\"avatar\":\"adaman\",\"rating\":1000,\"seed\":[7774,13454,28375,35891]}\n>player p2 {\"name\":\"NeeYoDeeO\",\"avatar\":\"266\",\"rating\":1048,\"seed\":[13237,33905,44650,61063]}\n>p1 move willowisp\n>p2 switch 3\n>p1 switch 4\n>p2 move stoneedge\n>p1 move saltcure\n>p2 move earthquake\n>p1 move protect\n>p2 move earthquake\n>p1 move recover\n>p2 switch 2\n>p1 switch 3\n>p2 move calmmind\n>p1 move wavecrash\n>p2 move bloodmoon terastallize\n>p1 switch 6\n>p1 move psystrike terastallize\n>p2 move earthpower\n>p1 move psystrike\n>p2 move earthpower\n>p2 switch 5\n>p1 move fireblast\n>p2 move heavyslam\n>p1 switch 2\n>p2 switch 2\n>p1 move ficklebeam\n>p2 move stealthrock\n>p2 switch 3\n>p1 switch 5\n>p2 move ironhead\n>p1 move toxicspikes\n>p2 move swordsdance\n>p1 move haze\n>p2 move stoneedge\n>p1 move recover\n>p2 move closecombat\n>p1 move toxicspikes\n>p2 move ironhead\n>p1 move recover\n>p2 switch 6\n>p1 move haze\n>p2 move gravapple\n>p1 switch 5\n>p2 move dragondance\n>p1 move ficklebeam\n>p2 move outrage\n>chat \u2606Jsjwjwjejndndndhd|Lmao oh no\n>p2 switch 4\n>chat \u2606Jsjwjwjejndndndhd|bad hustle I guess \n>p1 move ficklebeam\n>p2 move taunt\n>p1 move ficklebeam\n>p2 move ragefist\n>p2 switch 6\n>p1 move ficklebeam\n>p2 move closecombat\n>p1 switch 5\n>p2 move closecombat", "uploadtime": 1733885168, "views": 5, "formatid": "gen9randombattle", "rating": 1028, "private": 0, "password": null}