{"id": "gen9randombattle-2054182025", "format": "[Gen 9] Random Battle", "players": ["Micael Lopes", "scyther225"], "log": "|j|\u2606Micael Lopes\n|j|\u2606scyther225\n|t:|1707341412\n|gametype|singles\n|player|p1|Micael Lopes|benga|2267\n|player|p2|scyther225|acetrainer-gen4dp|2222\n|teamsize|p1|6\n|teamsize|p2|6\n|gen|9\n|tier|[Gen 9] Random Battle\n|rated|\n|rule|Species Clause: Limit one of each Pok\u00e9mon\n|rule|HP Percentage Mod: HP is shown in percentages\n|rule|Sleep Clause Mod: Limit one foe put to sleep\n|rule|Illusion Level Mod: Illusion disguises the Pok\u00e9mon's true level\n|\n|t:|1707341412\n|start\n|switch|p1a: Slowbro|Slowbro-Galar, L87, M|307/307\n|switch|p2a: Plusle|Plusle, L94, M|265/265\n|turn|1\n|inactive|Battle timer is ON: inactive players will automatically lose when time's up. (requested by Micael Lopes)\n|j| AsianSeaTurtle\n|j| Tredix\n|\n|t:|1707341438\n|switch|p2a: Palossand|Palossand, L88, M|293/293\n|switch|p1a: Bellibolt|Bellibolt, L84, F|320/320\n|\n|upkeep\n|turn|2\n|\n|t:|1707341442\n|move|p1a: Bellibolt|Toxic|p2a: Palossand\n|-status|p2a: Palossand|tox\n|move|p2a: Palossand|Stealth Rock|p1a: Bellibolt\n|-sidestart|p1: Micael Lopes|move: Stealth Rock\n|\n|-damage|p2a: Palossand|275/293 tox|[from] psn\n|upkeep\n|turn|3\n|j| Shaky3\n|\n|t:|1707341462\n|switch|p1a: Brute Bonnet|Brute Bonnet, L81|312/312\n|-damage|p1a: Brute Bonnet|273/312|[from] Stealth Rock\n|move|p2a: Palossand|Shadow Ball|p1a: Brute Bonnet\n|-resisted|p1a: Brute Bonnet\n|-damage|p1a: Brute Bonnet|230/312\n|-unboost|p1a: Brute Bonnet|spd|1\n|\n|-heal|p2a: Palossand|293/293 tox|[from] item: Leftovers\n|-damage|p2a: Palossand|257/293 tox|[from] psn\n|upkeep\n|turn|4\n|\n|t:|1707341471\n|switch|p2a: Fezandipiti|Fezandipiti, L81, M|275/275\n|move|p1a: Brute Bonnet|Crunch|p2a: Fezandipiti\n|-resisted|p2a: Fezandipiti\n|-damage|p2a: Fezandipiti|188/275\n|\n|-heal|p2a: Fezandipiti|205/275|[from] item: Leftovers\n|upkeep\n|turn|5\n|\n|t:|1707341479\n|switch|p2a: Dugtrio|Dugtrio-Alola, L85, M|198/198\n|-end|p1a: Brute Bonnet|Protosynthesis|[silent]\n|switch|p1a: Slowbro|Slowbro-Galar, L87, M|307/307\n|-damage|p1a: Slowbro|269/307|[from] Stealth Rock\n|\n|upkeep\n|turn|6\n|\n|t:|1707341490\n|move|p2a: Dugtrio|Swords Dance|p2a: Dugtrio\n|-boost|p2a: Dugtrio|atk|2\n|move|p1a: Slowbro|Trick Room|p1a: Slowbro\n|-fieldstart|move: Trick Room|[of] p1a: Slowbro\n|\n|upkeep\n|turn|7\n|\n|t:|1707341493\n|move|p1a: Slowbro|Fire Blast|p2a: Dugtrio\n|-supereffective|p2a: Dugtrio\n|-damage|p2a: Dugtrio|0 fnt\n|faint|p2a: Dugtrio\n|-damage|p1a: Slowbro|239/307|[from] item: Life Orb\n|\n|upkeep\n|\n|t:|1707341500\n|switch|p2a: Palossand|Palossand, L88, M|257/293 tox\n|turn|8\n|\n|t:|1707341516\n|move|p1a: Slowbro|Psyshock|p2a: Palossand\n|-damage|p2a: Palossand|162/293 tox\n|-damage|p1a: Slowbro|209/307|[from] item: Life Orb\n|move|p2a: Palossand|Earth Power|p1a: Slowbro\n|-supereffective|p1a: Slowbro\n|-damage|p1a: Slowbro|0 fnt\n|faint|p1a: Slowbro\n|\n|-heal|p2a: Palossand|180/293 tox|[from] item: Leftovers\n|-damage|p2a: Palossand|162/293 tox|[from] psn\n|upkeep\n|\n|t:|1707341529\n|switch|p1a: Brute Bonnet|Brute Bonnet, L81|230/312\n|-damage|p1a: Brute Bonnet|191/312|[from] Stealth Rock\n|turn|9\n|inactive|Micael Lopes has 120 seconds left.\n|inactive|scyther225 has 120 seconds left.\n|\n|t:|1707341563\n|switch|p2a: Fezandipiti|Fezandipiti, L81, M|205/275\n|-end|p1a: Brute Bonnet|Protosynthesis|[silent]\n|switch|p1a: Grimmsnarl|Grimmsnarl, L83, M|293/293\n|-damage|p1a: Grimmsnarl|257/293|[from] Stealth Rock\n|\n|-heal|p2a: Fezandipiti|222/275|[from] item: Leftovers\n|upkeep\n|turn|10\n|j| randbat alt v2\n|\n|t:|1707341569\n|move|p1a: Grimmsnarl|Reflect|p1a: Grimmsnarl\n|-sidestart|p1: Micael Lopes|Reflect\n|move|p2a: Fezandipiti|Play Rough|p1a: Grimmsnarl|[miss]\n|-miss|p2a: Fezandipiti|p1a: Grimmsnarl\n|\n|-heal|p2a: Fezandipiti|239/275|[from] item: Leftovers\n|-fieldend|move: Trick Room\n|upkeep\n|turn|11\n|\n|t:|1707341574\n|move|p1a: Grimmsnarl|Light Screen|p1a: Grimmsnarl\n|-sidestart|p1: Micael Lopes|move: Light Screen\n|move|p2a: Fezandipiti|Play Rough|p1a: Grimmsnarl\n|-supereffective|p1a: Grimmsnarl\n|-damage|p1a: Grimmsnarl|152/293\n|\n|-heal|p2a: Fezandipiti|256/275|[from] item: Leftovers\n|upkeep\n|turn|12\n|\n|t:|1707341577\n|move|p1a: Grimmsnarl|Parting Shot|p2a: Fezandipiti\n|-unboost|p2a: Fezandipiti|atk|1\n|-unboost|p2a: Fezandipiti|spa|1\n|\n|t:|1707341586\n|switch|p1a: Vivillon|Vivillon-Archipelago, L86, F|278/278|[from] Parting Shot\n|move|p2a: Fezandipiti|Play Rough|p1a: Vivillon\n|-damage|p1a: Vivillon|238/278\n|-status|p1a: Vivillon|tox|[from] ability: Toxic Chain|[of] p2a: Fezandipiti\n|\n|-heal|p2a: Fezandipiti|273/275|[from] item: Leftovers\n|-damage|p1a: Vivillon|221/278 tox|[from] psn\n|upkeep\n|turn|13\n|\n|t:|1707341591\n|switch|p2a: Regigigas|Regigigas, L84|322/322\n|-start|p2a: Regigigas|ability: Slow Start\n|move|p1a: Vivillon|Quiver Dance|p1a: Vivillon\n|-boost|p1a: Vivillon|spa|1\n|-boost|p1a: Vivillon|spd|1\n|-boost|p1a: Vivillon|spe|1\n|\n|-damage|p1a: Vivillon|187/278 tox|[from] psn\n|upkeep\n|turn|14\n|\n|t:|1707341599\n|move|p1a: Vivillon|Sleep Powder|p2a: Regigigas\n|-status|p2a: Regigigas|slp|[from] move: Sleep Powder\n|cant|p2a: Regigigas|slp\n|\n|-damage|p1a: Vivillon|136/278 tox|[from] psn\n|upkeep\n|turn|15\n|\n|t:|1707341603\n|move|p1a: Vivillon|Hurricane|p2a: Regigigas\n|-damage|p2a: Regigigas|181/322 slp\n|cant|p2a: Regigigas|slp\n|move|p2a: Regigigas|Sleep Talk|p2a: Regigigas\n|move|p2a: Regigigas|Body Slam|p1a: Vivillon|[from]move: Sleep Talk\n|-damage|p1a: Vivillon|85/278 tox\n|\n|-heal|p2a: Regigigas|201/322 slp|[from] item: Leftovers\n|-damage|p1a: Vivillon|17/278 tox|[from] psn\n|upkeep\n|turn|16\n|\n|t:|1707341611\n|move|p1a: Vivillon|Hurricane|p2a: Regigigas\n|-damage|p2a: Regigigas|57/322 slp\n|-curestatus|p2a: Regigigas|slp|[msg]\n|move|p2a: Regigigas|Rest|p2a: Regigigas\n|-status|p2a: Regigigas|slp|[from] move: Rest\n|-heal|p2a: Regigigas|322/322 slp|[silent]\n|\n|-damage|p1a: Vivillon|0 fnt|[from] psn\n|faint|p1a: Vivillon\n|upkeep\n|\n|t:|1707341626\n|switch|p1a: Mienshao|Mienshao, L83, F|243/243\n|-damage|p1a: Mienshao|228/243|[from] Stealth Rock\n|turn|17\n|c| Tredix|toxic saved your ass from a sweep\n|inactive|scyther225 has 120 seconds left.\n|\n|t:|1707341664\n|-end|p2a: Regigigas|Slow Start|[silent]\n|switch|p2a: Fezandipiti|Fezandipiti, L81, M|273/275\n|move|p1a: Mienshao|Knock Off|p2a: Fezandipiti\n|-resisted|p2a: Fezandipiti\n|-damage|p2a: Fezandipiti|202/275\n|-enditem|p2a: Fezandipiti|Leftovers|[from] move: Knock Off|[of] p1a: Mienshao\n|\n|-sideend|p1: Micael Lopes|Reflect\n|upkeep\n|turn|18\n|\n|t:|1707341672\n|switch|p1a: Bellibolt|Bellibolt, L84, F|320/320\n|-damage|p1a: Bellibolt|280/320|[from] Stealth Rock\n|move|p2a: Fezandipiti|Play Rough|p1a: Bellibolt\n|-damage|p1a: Bellibolt|190/320\n|-start|p1a: Bellibolt|Charge|Play Rough|[from] ability: Electromorphosis\n|\n|-heal|p1a: Bellibolt|210/320|[from] item: Leftovers\n|-sideend|p1: Micael Lopes|move: Light Screen\n|upkeep\n|turn|19\n|\n|t:|1707341679\n|switch|p2a: Palossand|Palossand, L88, M|162/293 tox\n|switch|p1a: Grimmsnarl|Grimmsnarl, L83, M|152/293\n|-damage|p1a: Grimmsnarl|116/293|[from] Stealth Rock\n|\n|-heal|p2a: Palossand|180/293 tox|[from] item: Leftovers\n|-damage|p2a: Palossand|162/293 tox|[from] psn\n|upkeep\n|turn|20\n|c|\u2606scyther225|yup thats why i did it\n|\n|t:|1707341684\n|switch|p2a: Fezandipiti|Fezandipiti, L81, M|202/275\n|move|p1a: Grimmsnarl|Light Screen|p1a: Grimmsnarl\n|-sidestart|p1: Micael Lopes|move: Light Screen\n|\n|upkeep\n|turn|21\n|l| Shaky3\n|l| randbat alt v2\n|\n|t:|1707341696\n|move|p1a: Grimmsnarl|Reflect|p1a: Grimmsnarl\n|-sidestart|p1: Micael Lopes|Reflect\n|move|p2a: Fezandipiti|Play Rough|p1a: Grimmsnarl\n|-supereffective|p1a: Grimmsnarl\n|-damage|p1a: Grimmsnarl|13/293\n|-unboost|p1a: Grimmsnarl|atk|1\n|\n|upkeep\n|turn|22\n|\n|t:|1707341703\n|move|p1a: Grimmsnarl|Parting Shot|p2a: Fezandipiti\n|-unboost|p2a: Fezandipiti|atk|1\n|-unboost|p2a: Fezandipiti|spa|1\n|\n|t:|1707341708\n|switch|p1a: Bellibolt|Bellibolt, L84, F|210/320|[from] Parting Shot\n|-damage|p1a: Bellibolt|170/320|[from] Stealth Rock\n|move|p2a: Fezandipiti|Roost|p2a: Fezandipiti\n|-heal|p2a: Fezandipiti|275/275\n|-singleturn|p2a: Fezandipiti|move: Roost\n|\n|-heal|p1a: Bellibolt|190/320|[from] item: Leftovers\n|upkeep\n|turn|23\n|\n|t:|1707341712\n|switch|p2a: Palossand|Palossand, L88, M|162/293 tox\n|move|p1a: Bellibolt|Muddy Water|p2a: Palossand|[miss]\n|-miss|p1a: Bellibolt|p2a: Palossand\n|\n|-heal|p1a: Bellibolt|210/320|[from] item: Leftovers\n|-heal|p2a: Palossand|180/293 tox|[from] item: Leftovers\n|-damage|p2a: Palossand|162/293 tox|[from] psn\n|upkeep\n|turn|24\n|\n|t:|1707341716\n|move|p1a: Bellibolt|Muddy Water|p2a: Palossand\n|-supereffective|p2a: Palossand\n|-damage|p2a: Palossand|22/293 tox\n|-ability|p2a: Palossand|Water Compaction|boost\n|-boost|p2a: Palossand|def|2\n|move|p2a: Palossand|Earth Power|p1a: Bellibolt\n|-supereffective|p1a: Bellibolt\n|-damage|p1a: Bellibolt|90/320\n|-start|p1a: Bellibolt|Charge|Earth Power|[from] ability: Electromorphosis\n|\n|-heal|p1a: Bellibolt|110/320|[from] item: Leftovers\n|-heal|p2a: Palossand|40/293 tox|[from] item: Leftovers\n|-damage|p2a: Palossand|4/293 tox|[from] psn\n|upkeep\n|turn|25\n|j| ArtistsRendition\n|\n|t:|1707341721\n|move|p1a: Bellibolt|Muddy Water|p2a: Palossand\n|-supereffective|p2a: Palossand\n|-damage|p2a: Palossand|0 fnt\n|faint|p2a: Palossand\n|\n|-heal|p1a: Bellibolt|130/320|[from] item: Leftovers\n|upkeep\n|\n|t:|1707341726\n|switch|p2a: Regigigas|Regigigas, L84|322/322 slp\n|-start|p2a: Regigigas|ability: Slow Start\n|turn|26\n|\n|t:|1707341730\n|move|p1a: Bellibolt|Slack Off|p1a: Bellibolt\n|-heal|p1a: Bellibolt|290/320\n|cant|p2a: Regigigas|slp\n|move|p2a: Regigigas|Sleep Talk|p2a: Regigigas\n|move|p2a: Regigigas|Rest||[from]move: Sleep Talk|[still]\n|-fail|p2a: Regigigas\n|\n|-heal|p1a: Bellibolt|310/320|[from] item: Leftovers\n|upkeep\n|turn|27\n|\n|t:|1707341734\n|switch|p1a: Mienshao|Mienshao, L83, F|228/243\n|-damage|p1a: Mienshao|213/243|[from] Stealth Rock\n|cant|p2a: Regigigas|slp\n|move|p2a: Regigigas|Sleep Talk|p2a: Regigigas\n|move|p2a: Regigigas|Rest||[from]move: Sleep Talk|[still]\n|-fail|p2a: Regigigas\n|\n|-sideend|p1: Micael Lopes|move: Light Screen\n|upkeep\n|turn|28\n|\n|t:|1707341748\n|-end|p2a: Regigigas|Slow Start|[silent]\n|switch|p2a: Fezandipiti|Fezandipiti, L81, M|275/275\n|move|p1a: Mienshao|High Jump Kick|p2a: Fezandipiti\n|-resisted|p2a: Fezandipiti\n|-damage|p2a: Fezandipiti|188/275\n|\n|-sideend|p1: Micael Lopes|Reflect\n|upkeep\n|turn|29\n|\n|t:|1707341752\n|switch|p1a: Brute Bonnet|Brute Bonnet, L81|191/312\n|-damage|p1a: Brute Bonnet|152/312|[from] Stealth Rock\n|move|p2a: Fezandipiti|Play Rough|p1a: Brute Bonnet\n|-supereffective|p1a: Brute Bonnet\n|-damage|p1a: Brute Bonnet|0 fnt\n|faint|p1a: Brute Bonnet\n|-end|p1a: Brute Bonnet|Protosynthesis|[silent]\n|\n|upkeep\n|\n|t:|1707341756\n|switch|p1a: Bellibolt|Bellibolt, L84, F|310/320\n|-damage|p1a: Bellibolt|270/320|[from] Stealth Rock\n|turn|30\n|\n|t:|1707341761\n|move|p2a: Fezandipiti|Beat Up|p1a: Bellibolt\n|-damage|p1a: Bellibolt|260/320\n|-start|p1a: Bellibolt|Charge|Beat Up|[from] ability: Electromorphosis\n|-damage|p1a: Bellibolt|253/320\n|-start|p1a: Bellibolt|Charge|Beat Up|[from] ability: Electromorphosis\n|-damage|p1a: Bellibolt|243/320\n|-start|p1a: Bellibolt|Charge|Beat Up|[from] ability: Electromorphosis\n|-hitcount|p1a: Bellibolt|3\n|move|p1a: Bellibolt|Muddy Water|p2a: Fezandipiti\n|-damage|p2a: Fezandipiti|138/275\n|\n|-heal|p1a: Bellibolt|263/320|[from] item: Leftovers\n|upkeep\n|turn|31\n|\n|t:|1707341771\n|switch|p2a: Plusle|Plusle, L94, M|265/265\n|move|p1a: Bellibolt|Thunderbolt|p2a: Plusle\n|-ability|p2a: Plusle|Lightning Rod|boost\n|-boost|p2a: Plusle|spa|1\n|-end|p1a: Bellibolt|Charge|[silent]\n|\n|-heal|p1a: Bellibolt|283/320|[from] item: Leftovers\n|upkeep\n|turn|32\n|\n|t:|1707341785\n|switch|p1a: Grimmsnarl|Grimmsnarl, L83, M|13/293\n|-damage|p1a: Grimmsnarl|0 fnt|[from] Stealth Rock\n|faint|p1a: Grimmsnarl\n|move|p2a: Plusle|Nasty Plot|p2a: Plusle\n|-boost|p2a: Plusle|spa|2\n|\n|upkeep\n|\n|t:|1707341789\n|switch|p1a: Bellibolt|Bellibolt, L84, F|283/320\n|-damage|p1a: Bellibolt|243/320|[from] Stealth Rock\n|turn|33\n|\n|t:|1707341792\n|-terastallize|p2a: Plusle|Fairy\n|move|p2a: Plusle|Alluring Voice|p1a: Bellibolt\n|-damage|p1a: Bellibolt|0 fnt\n|faint|p1a: Bellibolt\n|-damage|p2a: Plusle|239/265|[from] item: Life Orb\n|\n|upkeep\n|-message|Micael Lopes forfeited.\n|\n|win|scyther225\n|raw|Micael Lopes's rating: 2246 &rarr; <strong>2225</strong><br />(-21 for losing)\n|raw|scyther225's rating: 2222 &rarr; <strong>2243</strong><br />(+21 for winning)\n|l|\u2606Micael Lopes\n|player|p1|\n|l|\u2606scyther225\n|player|p2|\n|l| AsianSeaTurtle\n|j| Weakness to what\n|c| Tredix|gg\n|l| Tredix\n|c| Weakness to what|sexy game xd!!!\n", "inputlog": ">version 3c31c0fa45f6e7960912a41a53961f1af98ec26e\n>start {\"formatid\":\"gen9randombattle\",\"seed\":[61406,47390,2300,53375],\"rated\":\"Rated battle\"}\n>player p1 {\"name\":\"Micael Lopes\",\"avatar\":\"benga\",\"rating\":2267,\"seed\":[27186,56856,44554,57449]}\n>player p2 {\"name\":\"scyther225\",\"avatar\":\"acetrainer-gen4dp\",\"rating\":2222,\"seed\":[15348,10281,61102,51313]}\n>p1 switch 2\n>p2 switch 2\n>p1 move toxic\n>p2 move stealthrock\n>p1 switch 6\n>p2 move shadowball\n>p1 move crunch\n>p2 switch 4\n>p1 switch 2\n>p2 switch 6\n>p1 move trickroom\n>p2 move swordsdance\n>p1 move fireblast\n>p2 move earthquake\n>p2 switch 4\n>p1 move psyshock\n>p2 move earthpower\n>p1 switch 2\n>p1 switch 3\n>p2 switch 6\n>p1 move reflect\n>p2 move playrough\n>p1 move lightscreen\n>p2 move playrough\n>p1 move partingshot\n>p2 move playrough\n>p1 switch 4\n>p1 move quiverdance\n>p2 switch 5\n>p1 move sleeppowder\n>p2 move knockoff\n>p1 move hurricane\n>p2 move sleeptalk\n>p1 move hurricane\n>p2 move rest\n>p1 switch 5\n>chat  Tredix|toxic saved your ass from a sweep\n>p1 move knockoff\n>p2 switch 5\n>p1 switch 6\n>p2 move playrough\n>p1 switch 4\n>p2 switch 6\n>chat \u2606scyther225|yup thats why i did it\n>p1 move lightscreen\n>p2 switch 6\n>p1 move reflect\n>p2 move playrough\n>p1 move partingshot\n>p2 move roost\n>p1 switch 4\n>p1 move muddywater\n>p2 switch 6\n>p1 move muddywater\n>p2 move earthpower\n>p1 move muddywater\n>p2 move earthpower\n>p2 switch 5\n>p1 move slackoff\n>p2 move sleeptalk\n>p1 switch 6\n>p2 move sleeptalk\n>p1 move highjumpkick\n>p2 switch 6\n>p1 switch 3\n>p2 move playrough\n>p1 switch 6\n>p1 move muddywater\n>p2 move beatup\n>p1 move thunderbolt\n>p2 switch 2\n>p1 switch 4\n>p2 move nastyplot\n>p1 switch 4\n>p1 move toxic\n>p2 move alluringvoice terastallize\n>forcelose p1", "uploadtime": 1707341832, "views": 257, "formatid": "gen9randombattle", "rating": 2225, "private": 0, "password": null}