{"id": "gen9randombattle-2260763357", "format": "[Gen 9] Random Battle", "players": ["cauak", "RockLee69"], "log": "|j|\u2606cauak\n|j|\u2606RockLee69\n|t:|1733888483\n|gametype|singles\n|player|p1|cauak|170|1547\n|player|p2|RockLee69|170|1539\n|teamsize|p1|6\n|teamsize|p2|6\n|gen|9\n|tier|[Gen 9] Random Battle\n|rated|\n|rule|Species Clause: Limit one of each Pok\u00e9mon\n|rule|HP Percentage Mod: HP is shown in percentages\n|rule|Sleep Clause Mod: Limit one foe put to sleep\n|rule|Illusion Level Mod: Illusion disguises the Pok\u00e9mon's true level\n|\n|t:|1733888483\n|start\n|switch|p1a: Dachsbun|Dachsbun, L92, M|254/254\n|switch|p2a: Jirachi|Jirachi, L80|291/291\n|turn|1\n|inactive|Battle timer is ON: inactive players will automatically lose when time's up. (requested by cauak)\n|\n|t:|1733888497\n|move|p1a: Dachsbun|Stomping Tantrum|p2a: Jirachi\n|-supereffective|p2a: Jirachi\n|-damage|p2a: Jirachi|177/291\n|move|p2a: Jirachi|Iron Head|p1a: Dachsbun\n|-supereffective|p1a: Dachsbun\n|-damage|p1a: Dachsbun|122/254\n|\n|-heal|p1a: Dachsbun|137/254|[from] item: Leftovers\n|-heal|p2a: Jirachi|195/291|[from] item: Leftovers\n|upkeep\n|turn|2\n|inactive|cauak has 120 seconds left.\n|\n|t:|1733888532\n|switch|p1a: Pecharunt|Pecharunt, L77|262/262\n|move|p2a: Jirachi|Iron Head|p1a: Pecharunt\n|-damage|p1a: Pecharunt|208/262\n|\n|-heal|p2a: Jirachi|213/291|[from] item: Leftovers\n|-heal|p1a: Pecharunt|224/262|[from] item: Leftovers\n|upkeep\n|turn|3\n|inactive|cauak has 120 seconds left.\n|\n|t:|1733888542\n|switch|p2a: Mabosstiff|Mabosstiff, L86, M|278/278\n|move|p1a: Pecharunt|Nasty Plot|p1a: Pecharunt\n|-boost|p1a: Pecharunt|spa|2\n|\n|-heal|p1a: Pecharunt|240/262|[from] item: Leftovers\n|upkeep\n|turn|4\n|inactive|cauak has 120 seconds left.\n|\n|t:|1733888560\n|-terastallize|p1a: Pecharunt|Dark\n|move|p2a: Mabosstiff|Psychic Fangs|p1a: Pecharunt\n|-immune|p1a: Pecharunt\n|move|p1a: Pecharunt|Malignant Chain|p2a: Mabosstiff\n|-damage|p2a: Mabosstiff|92/278\n|-status|p2a: Mabosstiff|tox\n|-start|p2a: Mabosstiff|confusion|[from] ability: Poison Puppeteer|[of] p1a: Pecharunt\n|\n|-heal|p1a: Pecharunt|256/262|[from] item: Leftovers\n|-damage|p2a: Mabosstiff|75/278 tox|[from] psn\n|upkeep\n|turn|5\n|inactive|cauak has 120 seconds left.\n|\n|t:|1733888578\n|switch|p2a: Jirachi|Jirachi, L80|213/291\n|switch|p1a: Dachsbun|Dachsbun, L92, M|137/254\n|\n|-heal|p1a: Dachsbun|152/254|[from] item: Leftovers\n|-heal|p2a: Jirachi|231/291|[from] item: Leftovers\n|upkeep\n|turn|6\n|\n|t:|1733888594\n|move|p1a: Dachsbun|Wish|p1a: Dachsbun\n|move|p2a: Jirachi|Iron Head|p1a: Dachsbun\n|-supereffective|p1a: Dachsbun\n|-damage|p1a: Dachsbun|38/254\n|\n|-heal|p1a: Dachsbun|53/254|[from] item: Leftovers\n|-heal|p2a: Jirachi|249/291|[from] item: Leftovers\n|upkeep\n|turn|7\n|\n|t:|1733888603\n|move|p1a: Dachsbun|Protect|p1a: Dachsbun\n|-singleturn|p1a: Dachsbun|Protect\n|move|p2a: Jirachi|Wish|p2a: Jirachi\n|\n|-heal|p1a: Dachsbun|180/254|[from] move: Wish|[wisher] Dachsbun\n|-heal|p1a: Dachsbun|195/254|[from] item: Leftovers\n|-heal|p2a: Jirachi|267/291|[from] item: Leftovers\n|upkeep\n|turn|8\n|\n|t:|1733888613\n|switch|p1a: Pecharunt|Pecharunt, L77, tera:Dark|256/262\n|move|p2a: Jirachi|Iron Head|p1a: Pecharunt\n|-damage|p1a: Pecharunt|204/262\n|\n|-heal|p2a: Jirachi|291/291|[from] move: Wish|[wisher] Jirachi\n|-heal|p1a: Pecharunt|220/262|[from] item: Leftovers\n|upkeep\n|turn|9\n|\n|t:|1733888624\n|move|p2a: Jirachi|Iron Head|p1a: Pecharunt\n|-damage|p1a: Pecharunt|165/262\n|cant|p1a: Pecharunt|flinch\n|\n|-heal|p1a: Pecharunt|181/262|[from] item: Leftovers\n|upkeep\n|turn|10\n|\n|t:|1733888631\n|move|p2a: Jirachi|Iron Head|p1a: Pecharunt\n|-damage|p1a: Pecharunt|130/262\n|cant|p1a: Pecharunt|flinch\n|\n|-heal|p1a: Pecharunt|146/262|[from] item: Leftovers\n|upkeep\n|turn|11\n|inactive|cauak has 120 seconds left.\n|\n|t:|1733888639\n|move|p2a: Jirachi|Iron Head|p1a: Pecharunt\n|-damage|p1a: Pecharunt|92/262\n|move|p1a: Pecharunt|Recover|p1a: Pecharunt\n|-heal|p1a: Pecharunt|223/262\n|\n|-heal|p1a: Pecharunt|239/262|[from] item: Leftovers\n|upkeep\n|turn|12\n|\n|t:|1733888647\n|move|p2a: Jirachi|Iron Head|p1a: Pecharunt\n|-damage|p1a: Pecharunt|187/262\n|cant|p1a: Pecharunt|flinch\n|\n|-heal|p1a: Pecharunt|203/262|[from] item: Leftovers\n|upkeep\n|turn|13\n|\n|t:|1733888654\n|move|p2a: Jirachi|Iron Head|p1a: Pecharunt\n|-damage|p1a: Pecharunt|151/262\n|cant|p1a: Pecharunt|flinch\n|\n|-heal|p1a: Pecharunt|167/262|[from] item: Leftovers\n|upkeep\n|turn|14\n|\n|t:|1733888663\n|move|p2a: Jirachi|Iron Head|p1a: Pecharunt\n|-damage|p1a: Pecharunt|116/262\n|move|p1a: Pecharunt|Nasty Plot|p1a: Pecharunt\n|-boost|p1a: Pecharunt|spa|2\n|\n|-heal|p1a: Pecharunt|132/262|[from] item: Leftovers\n|upkeep\n|turn|15\n|\n|t:|1733888671\n|move|p2a: Jirachi|Iron Head|p1a: Pecharunt\n|-damage|p1a: Pecharunt|80/262\n|cant|p1a: Pecharunt|flinch\n|\n|-heal|p1a: Pecharunt|96/262|[from] item: Leftovers\n|upkeep\n|turn|16\n|\n|t:|1733888679\n|move|p2a: Jirachi|Iron Head|p1a: Pecharunt\n|-damage|p1a: Pecharunt|45/262\n|cant|p1a: Pecharunt|flinch\n|\n|-heal|p1a: Pecharunt|61/262|[from] item: Leftovers\n|upkeep\n|turn|17\n|\n|t:|1733888686\n|move|p2a: Jirachi|Iron Head|p1a: Pecharunt\n|-damage|p1a: Pecharunt|4/262\n|cant|p1a: Pecharunt|flinch\n|\n|-heal|p1a: Pecharunt|20/262|[from] item: Leftovers\n|upkeep\n|turn|18\n|\n|t:|1733888708\n|switch|p1a: Chesnaught|Chesnaught, L84, F|285/285\n|move|p2a: Jirachi|Iron Head|p1a: Chesnaught\n|-damage|p1a: Chesnaught|218/285\n|-damage|p2a: Jirachi|243/291|[from] item: Rocky Helmet|[of] p1a: Chesnaught\n|\n|-heal|p2a: Jirachi|261/291|[from] item: Leftovers\n|upkeep\n|turn|19\n|c|\u2606RockLee69|Yes sir lol\n|\n|t:|1733888720\n|move|p2a: Jirachi|Psychic|p1a: Chesnaught\n|-supereffective|p1a: Chesnaught\n|-damage|p1a: Chesnaught|0 fnt\n|faint|p1a: Chesnaught\n|\n|-heal|p2a: Jirachi|279/291|[from] item: Leftovers\n|upkeep\n|\n|t:|1733888729\n|switch|p1a: Iron Jugulis|Iron Jugulis, L78|275/275\n|turn|20\n|\n|t:|1733888737\n|switch|p2a: Mabosstiff|Mabosstiff, L86, M|75/278 tox\n|move|p1a: Iron Jugulis|Meteor Beam||[still]\n|-prepare|p1a: Iron Jugulis|Meteor Beam\n|-boost|p1a: Iron Jugulis|spa|1\n|-enditem|p1a: Iron Jugulis|Power Herb\n|-anim|p1a: Iron Jugulis|Meteor Beam|p2a: Mabosstiff\n|-damage|p2a: Mabosstiff|0 fnt\n|faint|p2a: Mabosstiff\n|\n|upkeep\n|\n|t:|1733888752\n|switch|p2a: Sylveon|Sylveon, L85, F|300/300\n|turn|21\n|\n|t:|1733888768\n|move|p1a: Iron Jugulis|Hurricane|p2a: Sylveon\n|-damage|p2a: Sylveon|171/300\n|-start|p2a: Sylveon|confusion\n|-activate|p2a: Sylveon|confusion\n|move|p2a: Sylveon|Calm Mind|p2a: Sylveon\n|-boost|p2a: Sylveon|spa|1\n|-boost|p2a: Sylveon|spd|1\n|\n|-heal|p2a: Sylveon|189/300|[from] item: Leftovers\n|upkeep\n|turn|22\n|\n|t:|1733888779\n|-end|p2a: Sylveon|confusion\n|move|p2a: Sylveon|Protect|p2a: Sylveon\n|-singleturn|p2a: Sylveon|Protect\n|move|p1a: Iron Jugulis|Hurricane|p2a: Sylveon\n|-activate|p2a: Sylveon|move: Protect\n|\n|-heal|p2a: Sylveon|207/300|[from] item: Leftovers\n|upkeep\n|turn|23\n|\n|t:|1733888789\n|move|p1a: Iron Jugulis|Hurricane|p2a: Sylveon|[miss]\n|-miss|p1a: Iron Jugulis|p2a: Sylveon\n|move|p2a: Sylveon|Calm Mind|p2a: Sylveon\n|-boost|p2a: Sylveon|spa|1\n|-boost|p2a: Sylveon|spd|1\n|\n|-heal|p2a: Sylveon|225/300|[from] item: Leftovers\n|upkeep\n|turn|24\n|\n|t:|1733888798\n|move|p1a: Iron Jugulis|Hurricane|p2a: Sylveon\n|-damage|p2a: Sylveon|162/300\n|move|p2a: Sylveon|Calm Mind|p2a: Sylveon\n|-boost|p2a: Sylveon|spa|1\n|-boost|p2a: Sylveon|spd|1\n|\n|-heal|p2a: Sylveon|180/300|[from] item: Leftovers\n|upkeep\n|turn|25\n|\n|t:|1733888807\n|move|p1a: Iron Jugulis|Hurricane|p2a: Sylveon\n|-damage|p2a: Sylveon|128/300\n|move|p2a: Sylveon|Wish|p2a: Sylveon\n|\n|-heal|p2a: Sylveon|146/300|[from] item: Leftovers\n|upkeep\n|turn|26\n|\n|t:|1733888815\n|-end|p1a: Iron Jugulis|Quark Drive|[silent]\n|switch|p1a: Pecharunt|Pecharunt, L77, tera:Dark|20/262\n|move|p2a: Sylveon|Calm Mind|p2a: Sylveon\n|-boost|p2a: Sylveon|spa|1\n|-boost|p2a: Sylveon|spd|1\n|\n|-heal|p2a: Sylveon|296/300|[from] move: Wish|[wisher] Sylveon\n|-heal|p1a: Pecharunt|36/262|[from] item: Leftovers\n|-heal|p2a: Sylveon|300/300|[from] item: Leftovers\n|upkeep\n|turn|27\n|\n|t:|1733888827\n|-terastallize|p2a: Sylveon|Steel\n|move|p1a: Pecharunt|Malignant Chain|p2a: Sylveon\n|-immune|p2a: Sylveon\n|move|p2a: Sylveon|Hyper Voice|p1a: Pecharunt\n|-supereffective|p1a: Pecharunt\n|-damage|p1a: Pecharunt|0 fnt\n|faint|p1a: Pecharunt\n|\n|upkeep\n|\n|t:|1733888841\n|switch|p1a: Dachsbun|Dachsbun, L92, M|195/254\n|turn|28\n|\n|t:|1733888848\n|move|p1a: Dachsbun|Stomping Tantrum|p2a: Sylveon\n|-supereffective|p2a: Sylveon\n|-damage|p2a: Sylveon|158/300\n|move|p2a: Sylveon|Hyper Voice|p1a: Dachsbun\n|-damage|p1a: Dachsbun|0 fnt\n|faint|p1a: Dachsbun\n|\n|-heal|p2a: Sylveon|176/300|[from] item: Leftovers\n|upkeep\n|-message|cauak forfeited.\n|\n|win|RockLee69\n|raw|cauak's rating: 1547 &rarr; <strong>1527</strong><br />(-20 for losing)\n|raw|RockLee69's rating: 1539 &rarr; <strong>1559</strong><br />(+20 for winning)\n|l|\u2606cauak\n|player|p1|\n", "inputlog": ">version bfd83cad13791eb5a5a409923076391caf6fb4d4\n>start {\"formatid\":\"gen9randombattle\",\"seed\":[19762,53807,27452,54924],\"rated\":\"Rated battle\"}\n>player p1 {\"name\":\"cauak\",\"avatar\":\"170\",\"rating\":1547,\"seed\":[19134,46682,381,3338]}\n>player p2 {\"name\":\"RockLee69\",\"avatar\":\"170\",\"rating\":1539,\"seed\":[46075,11691,4574,33782]}\n>p1 move stompingtantrum\n>p2 move ironhead\n>p1 switch 5\n>p2 move ironhead\n>p1 move nastyplot\n>p2 switch 5\n>p1 move malignantchain terastallize\n>p2 move psychicfangs\n>p1 switch 5\n>p2 switch 5\n>p1 move wish\n>p2 move ironhead\n>p1 move protect\n>p2 move wish\n>p1 switch 5\n>p2 move ironhead\n>p1 move nastyplot\n>p2 move ironhead\n>p1 move nastyplot\n>p2 move ironhead\n>p1 move recover\n>p2 move ironhead\n>p1 move nastyplot\n>p2 move ironhead\n>p1 move nastyplot\n>p2 move ironhead\n>p1 move nastyplot\n>p2 move ironhead\n>p1 move recover\n>p2 move ironhead\n>p1 move recover\n>p2 move ironhead\n>p1 move recover\n>p2 move ironhead\n>p1 switch 4\n>p2 move ironhead\n>chat \u2606RockLee69|Yes sir lol\n>p1 move spikes\n>p2 move psychic\n>p1 switch 6\n>p1 move meteorbeam\n>p2 switch 5\n>p2 switch 4\n>p1 move hurricane\n>p2 move calmmind\n>p1 move hurricane\n>p2 move protect\n>p1 move hurricane\n>p2 move calmmind\n>p1 move hurricane\n>p2 move calmmind\n>p1 move hurricane\n>p2 move wish\n>p1 switch 4\n>p2 move calmmind\n>p1 move malignantchain\n>p2 move hypervoice terastallize\n>p1 switch 5\n>p1 move stompingtantrum\n>p2 move hypervoice\n>forcelose p1", "uploadtime": 1733888856, "views": 9, "formatid": "gen9randombattle", "rating": 1527, "private": 0, "password": null}