{"id": "gen9randombattle-2168075182", "format": "[Gen 9] Random Battle", "players": ["Testingtesting", "plant synchro"], "log": "|j|\u2606Testingtesting\n|j|\u2606plant synchro\n|t:|1722034139\n|gametype|singles\n|player|p1|Testingtesting|170|2243\n|player|p2|plant synchro|cynthia|2288\n|teamsize|p1|6\n|teamsize|p2|6\n|gen|9\n|tier|[Gen 9] Random Battle\n|rated|\n|rule|Species Clause: Limit one of each Pok\u00e9mon\n|rule|HP Percentage Mod: HP is shown in percentages\n|rule|Sleep Clause Mod: Limit one foe put to sleep\n|rule|Illusion Level Mod: Illusion disguises the Pok\u00e9mon's true level\n|\n|t:|1722034139\n|start\n|switch|p1a: Sneasler|Sneasler, L74, F|240/240\n|switch|p2a: Flareon|Flareon, L90, M|263/263\n|turn|1\n|inactive|Battle timer is ON: inactive players will automatically lose when time's up. (requested by plant synchro)\n|\n|t:|1722034160\n|move|p1a: Sneasler|Close Combat|p2a: Flareon\n|-damage|p2a: Flareon|112/263\n|-unboost|p1a: Sneasler|def|1\n|-unboost|p1a: Sneasler|spd|1\n|-enditem|p1a: Sneasler|White Herb\n|-clearnegativeboost|p1a: Sneasler|[silent]\n|move|p2a: Flareon|Flare Blitz|p1a: Sneasler\n|-crit|p1a: Sneasler\n|-damage|p1a: Sneasler|0 fnt\n|faint|p1a: Sneasler\n|-damage|p2a: Flareon|33/263|[from] Recoil\n|\n|-status|p2a: Flareon|tox|[from] item: Toxic Orb\n|upkeep\n|\n|t:|1722034181\n|switch|p1a: Mesprit|Mesprit, L85|275/275\n|turn|2\n|\n|t:|1722034190\n|move|p2a: Flareon|Quick Attack|p1a: Mesprit\n|-damage|p1a: Mesprit|220/275\n|move|p1a: Mesprit|Psychic Noise|p2a: Flareon\n|-damage|p2a: Flareon|0 fnt\n|faint|p2a: Flareon\n|\n|-heal|p1a: Mesprit|237/275|[from] item: Leftovers\n|upkeep\n|\n|t:|1722034209\n|switch|p2a: Calyrex|Calyrex-Shadow, L64|235/235\n|-ability|p2a: Calyrex|As One\n|-ability|p2a: Calyrex|Unnerve\n|turn|3\n|\n|t:|1722034230\n|switch|p1a: Wyrdeer|Wyrdeer, L87, M|321/321\n|-ability|p1a: Wyrdeer|Intimidate|boost\n|-unboost|p2a: Calyrex|atk|1\n|move|p2a: Calyrex|Astral Barrage|p1a: Wyrdeer\n|-immune|p1a: Wyrdeer\n|\n|upkeep\n|turn|4\n|inactive|plant synchro has 120 seconds left.\n|\n|t:|1722034265\n|switch|p2a: Minior|Minior-Orange, L79|223/223\n|-formechange|p2a: Minior|Minior-Meteor||[from] ability: Shields Down\n|move|p1a: Wyrdeer|Thunder Wave|p2a: Minior\n|-immune|p2a: Minior|[from] ability: Shields Down\n|\n|upkeep\n|turn|5\n|inactive|plant synchro has 120 seconds left.\n|\n|t:|1722034273\n|switch|p1a: Primarina|Primarina, L83, F|268/268\n|switch|p2a: Furret|Furret, L93, F|309/309\n|-item|p1a: Primarina|Choice Specs|[from] ability: Frisk|[of] p2a: Furret|[identify]\n|\n|upkeep\n|turn|6\n|inactive|plant synchro has 120 seconds left.\n|inactive|plant synchro has 90 seconds left.\n|\n|t:|1722034333\n|switch|p1a: Wyrdeer|Wyrdeer, L87, M|321/321\n|-ability|p1a: Wyrdeer|Intimidate|boost\n|-unboost|p2a: Furret|atk|1\n|-terastallize|p2a: Furret|Normal\n|move|p2a: Furret|Double-Edge|p1a: Wyrdeer\n|-damage|p1a: Wyrdeer|135/321\n|-damage|p2a: Furret|248/309|[from] Recoil\n|\n|-heal|p1a: Wyrdeer|155/321|[from] item: Leftovers\n|upkeep\n|turn|7\n|j| nelsoNJ\n|inactive|Testingtesting has 120 seconds left.\n|\n|t:|1722034370\n|move|p2a: Furret|Double-Edge|p1a: Wyrdeer\n|-damage|p1a: Wyrdeer|0 fnt\n|faint|p1a: Wyrdeer\n|-damage|p2a: Furret|197/309|[from] Recoil\n|\n|upkeep\n|\n|t:|1722034387\n|switch|p1a: Volcarona|Volcarona, L77, F|257/257\n|turn|8\n|inactive|plant synchro has 90 seconds left.\n|\n|t:|1722034399\n|move|p2a: Furret|Double-Edge|p1a: Volcarona\n|-damage|p1a: Volcarona|41/257\n|-status|p2a: Furret|brn|[from] ability: Flame Body|[of] p1a: Volcarona\n|-damage|p2a: Furret|126/309 brn|[from] Recoil\n|move|p1a: Volcarona|Quiver Dance|p1a: Volcarona\n|-boost|p1a: Volcarona|spa|1\n|-boost|p1a: Volcarona|spd|1\n|-boost|p1a: Volcarona|spe|1\n|\n|-damage|p2a: Furret|107/309 brn|[from] brn\n|upkeep\n|turn|9\n|inactive|plant synchro has 90 seconds left.\n|\n|t:|1722034414\n|move|p1a: Volcarona|Giga Drain|p2a: Furret\n|-damage|p2a: Furret|0 fnt\n|-heal|p1a: Volcarona|95/257|[from] drain|[of] p2a: Furret\n|faint|p2a: Furret\n|\n|upkeep\n|inactive|plant synchro has 90 seconds left.\n|\n|t:|1722034425\n|switch|p2a: Araquanid|Araquanid, L82, M|246/246\n|turn|10\n|\n|t:|1722034431\n|switch|p1a: Glalie|Glalie, L96, M|309/309\n|move|p2a: Araquanid|Liquidation|p1a: Glalie\n|-damage|p1a: Glalie|192/309\n|\n|upkeep\n|turn|11\n|inactive|Testingtesting has 120 seconds left.\n|inactive|plant synchro has 90 seconds left.\n|\n|t:|1722034476\n|move|p1a: Glalie|Freeze-Dry|p2a: Araquanid\n|-supereffective|p2a: Araquanid\n|-damage|p2a: Araquanid|126/246\n|move|p2a: Araquanid|Liquidation|p1a: Glalie\n|-damage|p1a: Glalie|54/309\n|-unboost|p1a: Glalie|def|1\n|\n|upkeep\n|turn|12\n|inactive|Testingtesting has 120 seconds left.\n|\n|t:|1722034491\n|move|p1a: Glalie|Freeze-Dry|p2a: Araquanid\n|-supereffective|p2a: Araquanid\n|-damage|p2a: Araquanid|0 fnt\n|faint|p2a: Araquanid\n|\n|upkeep\n|\n|t:|1722034493\n|switch|p2a: Calyrex|Calyrex-Shadow, L64|235/235\n|-ability|p2a: Calyrex|As One\n|-ability|p2a: Calyrex|Unnerve\n|turn|13\n|inactive|Testingtesting has 120 seconds left.\n|\n|t:|1722034509\n|move|p2a: Calyrex|Astral Barrage|p1a: Glalie\n|-damage|p1a: Glalie|0 fnt\n|faint|p1a: Glalie\n|-ability|p2a: Calyrex|Grim Neigh|boost\n|-boost|p2a: Calyrex|spa|1\n|\n|upkeep\n|\n|t:|1722034513\n|switch|p1a: Mesprit|Mesprit, L85|237/275\n|turn|14\n|\n|t:|1722034519\n|switch|p2a: Minior|Minior-Orange, L79|223/223\n|-formechange|p2a: Minior|Minior-Meteor||[from] ability: Shields Down\n|-terastallize|p1a: Mesprit|Dark\n|move|p1a: Mesprit|Knock Off|p2a: Minior\n|-damage|p2a: Minior|123/223\n|-enditem|p2a: Minior|White Herb|[from] move: Knock Off|[of] p1a: Mesprit\n|\n|-heal|p1a: Mesprit|254/275|[from] item: Leftovers\n|upkeep\n|turn|15\n|\n|t:|1722034525\n|switch|p1a: Primarina|Primarina, L83, F|268/268\n|move|p2a: Minior|Shell Smash|p2a: Minior\n|-unboost|p2a: Minior|def|1\n|-unboost|p2a: Minior|spd|1\n|-boost|p2a: Minior|atk|2\n|-boost|p2a: Minior|spa|2\n|-boost|p2a: Minior|spe|2\n|\n|upkeep\n|turn|16\n|\n|t:|1722034535\n|move|p2a: Minior|Acrobatics|p1a: Primarina\n|-damage|p1a: Primarina|97/268\n|move|p1a: Primarina|Hydro Pump|p2a: Minior\n|-supereffective|p2a: Minior\n|-damage|p2a: Minior|0 fnt\n|faint|p2a: Minior\n|\n|upkeep\n|\n|t:|1722034554\n|switch|p2a: Dragalge|Dragalge, L88, M|258/258\n|turn|17\n|\n|t:|1722034559\n|switch|p1a: Volcarona|Volcarona, L77, F|95/257\n|move|p2a: Dragalge|Sludge Wave|p1a: Volcarona\n|-damage|p1a: Volcarona|0 fnt\n|faint|p1a: Volcarona\n|\n|upkeep\n|\n|t:|1722034566\n|switch|p1a: Primarina|Primarina, L83, F|97/268\n|turn|18\n|\n|t:|1722034572\n|switch|p2a: Calyrex|Calyrex-Shadow, L64|235/235\n|-ability|p2a: Calyrex|As One\n|-ability|p2a: Calyrex|Unnerve\n|move|p1a: Primarina|Moonblast|p2a: Calyrex\n|-damage|p2a: Calyrex|28/235\n|-unboost|p2a: Calyrex|spa|1\n|\n|upkeep\n|turn|19\n|inactive|plant synchro has 120 seconds left.\n|\n|t:|1722034585\n|switch|p2a: Dragalge|Dragalge, L88, M|258/258\n|switch|p1a: Mesprit|Mesprit, L85, tera:Dark|254/275\n|\n|-heal|p1a: Mesprit|271/275|[from] item: Leftovers\n|upkeep\n|turn|20\n|inactive|plant synchro has 120 seconds left.\n|\n|t:|1722034594\n|move|p1a: Mesprit|Knock Off|p2a: Dragalge\n|-damage|p2a: Dragalge|156/258\n|-enditem|p2a: Dragalge|Choice Specs|[from] move: Knock Off|[of] p1a: Mesprit\n|move|p2a: Dragalge|Sludge Wave|p1a: Mesprit\n|-damage|p1a: Mesprit|149/275\n|\n|-heal|p1a: Mesprit|166/275|[from] item: Leftovers\n|upkeep\n|turn|21\n|\n|t:|1722034600\n|move|p1a: Mesprit|Psychic Noise|p2a: Dragalge\n|-supereffective|p2a: Dragalge\n|-damage|p2a: Dragalge|18/258\n|-start|p2a: Dragalge|move: Heal Block\n|move|p2a: Dragalge|Draco Meteor|p1a: Mesprit\n|-damage|p1a: Mesprit|0 fnt\n|-unboost|p2a: Dragalge|spa|2\n|faint|p1a: Mesprit\n|\n|upkeep\n|\n|t:|1722034613\n|switch|p1a: Primarina|Primarina, L83, F|97/268\n|turn|22\n|\n|t:|1722034616\n|move|p1a: Primarina|Moonblast|p2a: Dragalge\n|-damage|p2a: Dragalge|0 fnt\n|faint|p2a: Dragalge\n|\n|upkeep\n|\n|t:|1722034617\n|switch|p2a: Calyrex|Calyrex-Shadow, L64|28/235\n|-ability|p2a: Calyrex|As One\n|-ability|p2a: Calyrex|Unnerve\n|turn|23\n|\n|t:|1722034620\n|move|p2a: Calyrex|Astral Barrage|p1a: Primarina\n|-damage|p1a: Primarina|0 fnt\n|faint|p1a: Primarina\n|\n|win|plant synchro\n|raw|Testingtesting's rating: 2243 &rarr; <strong>2226</strong><br />(-17 for losing)\n|raw|plant synchro's rating: 2288 &rarr; <strong>2305</strong><br />(+17 for winning)\n|c|\u2606plant synchro|ggs\n", "inputlog": ">version 3c8c0ba6a3441824201ce9f0cf68dcc094963845\n>start {\"formatid\":\"gen9randombattle\",\"seed\":[46421,10780,24551,22086],\"rated\":\"Rated battle\"}\n>player p1 {\"name\":\"Testingtesting\",\"avatar\":\"170\",\"rating\":2243,\"seed\":[8994,35267,49592,38643]}\n>player p2 {\"name\":\"plant synchro\",\"avatar\":\"cynthia\",\"rating\":2288,\"seed\":[9247,60392,55704,28805]}\n>p1 move closecombat\n>p2 move flareblitz\n>p1 switch 3\n>p1 move psychicnoise\n>p2 move quickattack\n>p2 switch 2\n>p1 switch 2\n>p2 move astralbarrage\n>p1 move thunderwave\n>p2 switch 4\n>p1 switch 5\n>p2 switch 3\n>p1 switch 5\n>p2 move doubleedge terastallize\n>p1 move thunderwave\n>p2 move doubleedge\n>p1 switch 4\n>p1 move quiverdance\n>p2 move doubleedge\n>p1 move gigadrain\n>p2 move doubleedge\n>p2 switch 5\n>p1 switch 6\n>p2 move liquidation\n>p1 move freezedry\n>p2 move liquidation\n>p1 move freezedry\n>p2 move leechlife\n>p2 switch 4\n>p1 move spikes\n>p2 move astralbarrage\n>p1 switch 2\n>p1 move knockoff terastallize\n>p2 switch 3\n>p1 switch 5\n>p2 move shellsmash\n>p1 move hydropump\n>p2 move acrobatics\n>p2 switch 6\n>p1 switch 6\n>p2 move sludgewave\n>p1 switch 6\n>p1 move moonblast\n>p2 switch 3\n>p1 switch 5\n>p2 switch 3\n>p1 move knockoff\n>p2 move sludgewave\n>p1 move psychicnoise\n>p2 move dracometeor\n>p1 switch 5\n>p1 move moonblast\n>p2 move sludgewave\n>p2 switch 3\n>p1 move moonblast\n>p2 move astralbarrage", "uploadtime": 1722034624, "views": 147, "formatid": "gen9randombattle", "rating": 2226, "private": 0, "password": null}