{"id": "gen9randombattle-2260625274", "format": "[Gen 9] Random Battle", "players": ["zarexrtcy", "fflpmg"], "log": "|j|\u2606zarexrtcy\n|j|\u2606fflpmg\n|t:|1733870754\n|gametype|singles\n|player|p1|zarexrtcy|101|1094\n|player|p2|fflpmg|backpacker|1117\n|teamsize|p1|6\n|teamsize|p2|6\n|gen|9\n|tier|[Gen 9] Random Battle\n|rated|\n|rule|Species Clause: Limit one of each Pok\u00e9mon\n|rule|HP Percentage Mod: HP is shown in percentages\n|rule|Sleep Clause Mod: Limit one foe put to sleep\n|rule|Illusion Level Mod: Illusion disguises the Pok\u00e9mon's true level\n|\n|t:|1733870754\n|start\n|switch|p1a: Cetitan|Cetitan, L82, M|412/412\n|switch|p2a: Hypno|Hypno, L95, M|315/315\n|turn|1\n|inactive|Battle timer is ON: inactive players will automatically lose when time's up. (requested by zarexrtcy)\n|\n|t:|1733870779\n|switch|p2a: Salazzle|Salazzle, L83, F|249/249\n|switch|p1a: Ting-Lu|Ting-Lu, L78|370/370\n|-ability|p1a: Ting-Lu|Vessel of Ruin\n|\n|upkeep\n|turn|2\n|\n|t:|1733870798\n|move|p2a: Salazzle|Substitute|p2a: Salazzle\n|-start|p2a: Salazzle|Substitute\n|-damage|p2a: Salazzle|187/249\n|move|p1a: Ting-Lu|Earthquake|p2a: Salazzle\n|-supereffective|p2a: Salazzle\n|-end|p2a: Salazzle|Substitute\n|\n|-heal|p2a: Salazzle|202/249|[from] item: Leftovers\n|upkeep\n|turn|3\n|\n|t:|1733870810\n|move|p2a: Salazzle|Protect|p2a: Salazzle\n|-singleturn|p2a: Salazzle|Protect\n|move|p1a: Ting-Lu|Earthquake|p2a: Salazzle\n|-activate|p2a: Salazzle|move: Protect\n|\n|-heal|p2a: Salazzle|217/249|[from] item: Leftovers\n|upkeep\n|turn|4\n|\n|t:|1733870817\n|move|p2a: Salazzle|Protect||[still]\n|-fail|p2a: Salazzle\n|move|p1a: Ting-Lu|Earthquake|p2a: Salazzle\n|-supereffective|p2a: Salazzle\n|-damage|p2a: Salazzle|0 fnt\n|faint|p2a: Salazzle\n|\n|upkeep\n|\n|t:|1733870829\n|switch|p2a: Slowbro|Slowbro, L85, F|300/300\n|turn|5\n|\n|t:|1733870843\n|-terastallize|p2a: Slowbro|Fighting\n|move|p1a: Ting-Lu|Ruination|p2a: Slowbro\n|-damage|p2a: Slowbro|150/300\n|move|p2a: Slowbro|Body Press|p1a: Ting-Lu\n|-supereffective|p1a: Ting-Lu\n|-damage|p1a: Ting-Lu|224/370\n|\n|-heal|p2a: Slowbro|168/300|[from] item: Leftovers\n|upkeep\n|turn|6\n|\n|t:|1733870856\n|move|p1a: Ting-Lu|Payback|p2a: Slowbro\n|-resisted|p2a: Slowbro\n|-damage|p2a: Slowbro|145/300\n|move|p2a: Slowbro|Scald|p1a: Ting-Lu\n|-supereffective|p1a: Ting-Lu\n|-damage|p1a: Ting-Lu|116/370\n|\n|-heal|p2a: Slowbro|163/300|[from] item: Leftovers\n|upkeep\n|turn|7\n|\n|t:|1733870881\n|switch|p1a: Jumpluff|Jumpluff, L87, M|271/271\n|move|p2a: Slowbro|Body Press|p1a: Jumpluff\n|-resisted|p1a: Jumpluff\n|-damage|p1a: Jumpluff|214/271\n|\n|-heal|p2a: Slowbro|181/300|[from] item: Leftovers\n|upkeep\n|turn|8\n|\n|t:|1733870893\n|switch|p2a: Bellossom|Bellossom, L84, M|263/263\n|move|p1a: Jumpluff|Acrobatics|p2a: Bellossom\n|-supereffective|p2a: Bellossom\n|-damage|p2a: Bellossom|101/263\n|\n|-heal|p2a: Bellossom|117/263|[from] item: Leftovers\n|upkeep\n|turn|9\n|\n|t:|1733870906\n|move|p1a: Jumpluff|Acrobatics|p2a: Bellossom\n|-supereffective|p2a: Bellossom\n|-crit|p2a: Bellossom\n|-damage|p2a: Bellossom|0 fnt\n|faint|p2a: Bellossom\n|\n|upkeep\n|\n|t:|1733870919\n|switch|p2a: Oinkologne|Oinkologne-F, L92, F|361/361\n|turn|10\n|\n|t:|1733870939\n|move|p1a: Jumpluff|Strength Sap|p2a: Oinkologne\n|-unboost|p2a: Oinkologne|atk|1\n|-heal|p1a: Jumpluff|271/271\n|move|p2a: Oinkologne|Curse|p2a: Oinkologne\n|-unboost|p2a: Oinkologne|spe|1\n|-boost|p2a: Oinkologne|atk|1\n|-boost|p2a: Oinkologne|def|1\n|\n|upkeep\n|turn|11\n|inactive|zarexrtcy has 120 seconds left.\n|\n|t:|1733870975\n|move|p1a: Jumpluff|Strength Sap|p2a: Oinkologne\n|-unboost|p2a: Oinkologne|atk|1\n|move|p2a: Oinkologne|Body Slam|p1a: Jumpluff\n|-damage|p1a: Jumpluff|190/271\n|\n|upkeep\n|turn|12\n|\n|t:|1733870983\n|move|p1a: Jumpluff|Strength Sap|p2a: Oinkologne\n|-unboost|p2a: Oinkologne|atk|1\n|-heal|p1a: Jumpluff|271/271\n|move|p2a: Oinkologne|Body Slam|p1a: Jumpluff\n|-damage|p1a: Jumpluff|213/271\n|\n|upkeep\n|turn|13\n|\n|t:|1733870992\n|move|p1a: Jumpluff|Acrobatics|p2a: Oinkologne\n|-damage|p2a: Oinkologne|298/361\n|move|p2a: Oinkologne|Body Slam|p1a: Jumpluff\n|-damage|p1a: Jumpluff|153/271\n|-status|p1a: Jumpluff|par\n|\n|-heal|p2a: Oinkologne|320/361|[from] item: Leftovers\n|upkeep\n|turn|14\n|\n|t:|1733871000\n|move|p1a: Jumpluff|Strength Sap|p2a: Oinkologne\n|-unboost|p2a: Oinkologne|atk|1\n|-heal|p1a: Jumpluff|262/271 par\n|move|p2a: Oinkologne|Body Slam|p1a: Jumpluff\n|-damage|p1a: Jumpluff|217/271 par\n|\n|-heal|p2a: Oinkologne|342/361|[from] item: Leftovers\n|upkeep\n|turn|15\n|inactive|zarexrtcy has 120 seconds left.\n|\n|t:|1733871009\n|switch|p1a: Reuniclus|Reuniclus, L88, F|337/337\n|move|p2a: Oinkologne|Body Slam|p1a: Reuniclus\n|-damage|p1a: Reuniclus|291/337\n|-status|p1a: Reuniclus|par\n|\n|-heal|p2a: Oinkologne|361/361|[from] item: Leftovers\n|upkeep\n|turn|16\n|\n|t:|1733871020\n|switch|p2a: Hypno|Hypno, L95, M|315/315\n|cant|p1a: Reuniclus|par\n|\n|upkeep\n|turn|17\n|inactive|zarexrtcy has 120 seconds left.\n|\n|t:|1733871047\n|switch|p1a: Ting-Lu|Ting-Lu, L78|116/370\n|-ability|p1a: Ting-Lu|Vessel of Ruin\n|move|p2a: Hypno|Knock Off|p1a: Ting-Lu\n|-resisted|p1a: Ting-Lu\n|-damage|p1a: Ting-Lu|87/370\n|-enditem|p1a: Ting-Lu|Assault Vest|[from] move: Knock Off|[of] p2a: Hypno\n|\n|upkeep\n|turn|18\n|\n|t:|1733871059\n|switch|p2a: Slowbro|Slowbro, L85, F, tera:Fighting|281/300\n|move|p1a: Ting-Lu|Payback|p2a: Slowbro\n|-resisted|p2a: Slowbro\n|-damage|p2a: Slowbro|261/300\n|\n|-heal|p2a: Slowbro|279/300|[from] item: Leftovers\n|upkeep\n|turn|19\n|inactive|zarexrtcy has 120 seconds left.\n|\n|t:|1733871090\n|switch|p1a: Jumpluff|Jumpluff, L87, M|217/271 par\n|move|p2a: Slowbro|Body Press|p1a: Jumpluff\n|-resisted|p1a: Jumpluff\n|-damage|p1a: Jumpluff|159/271 par\n|\n|-heal|p2a: Slowbro|297/300|[from] item: Leftovers\n|upkeep\n|turn|20\n|\n|t:|1733871102\n|switch|p2a: Hypno|Hypno, L95, M|315/315\n|cant|p1a: Jumpluff|par\n|\n|upkeep\n|turn|21\n|\n|t:|1733871114\n|move|p2a: Hypno|Knock Off|p1a: Jumpluff\n|-damage|p1a: Jumpluff|108/271 par\n|move|p1a: Jumpluff|U-turn|p2a: Hypno\n|-supereffective|p2a: Hypno\n|-damage|p2a: Hypno|233/315\n|\n|t:|1733871132\n|switch|p1a: Wugtrio|Wugtrio, L91, F|212/212|[from] U-turn\n|\n|-heal|p2a: Hypno|252/315|[from] item: Leftovers\n|upkeep\n|turn|22\n|\n|t:|1733871138\n|move|p1a: Wugtrio|Throat Chop|p2a: Hypno\n|-supereffective|p2a: Hypno\n|-damage|p2a: Hypno|38/315\n|-start|p2a: Hypno|Throat Chop|[silent]\n|move|p2a: Hypno|Thunder Wave|p1a: Wugtrio\n|-status|p1a: Wugtrio|par\n|\n|-heal|p2a: Hypno|57/315|[from] item: Leftovers\n|upkeep\n|turn|23\n|\n|t:|1733871149\n|move|p2a: Hypno|Knock Off|p1a: Wugtrio\n|-damage|p1a: Wugtrio|110/212 par\n|-ability|p1a: Wugtrio|Gooey\n|-unboost|p2a: Hypno|spe|1\n|-enditem|p1a: Wugtrio|Choice Band|[from] move: Knock Off|[of] p2a: Hypno\n|move|p1a: Wugtrio|Throat Chop|p2a: Hypno\n|-supereffective|p2a: Hypno\n|-damage|p2a: Hypno|0 fnt\n|faint|p2a: Hypno\n|\n|upkeep\n|\n|t:|1733871161\n|switch|p2a: Slowbro|Slowbro, L85, F, tera:Fighting|300/300\n|turn|24\n|inactive|zarexrtcy has 120 seconds left.\n|\n|t:|1733871176\n|move|p1a: Wugtrio|Liquidation|p2a: Slowbro\n|-damage|p2a: Slowbro|207/300\n|move|p2a: Slowbro|Body Press|p1a: Wugtrio\n|-damage|p1a: Wugtrio|0 fnt\n|-ability|p1a: Wugtrio|Gooey\n|-unboost|p2a: Slowbro|spe|1\n|faint|p1a: Wugtrio\n|\n|-heal|p2a: Slowbro|225/300|[from] item: Leftovers\n|upkeep\n|inactive|zarexrtcy has 120 seconds left.\n|\n|t:|1733871188\n|switch|p1a: Jumpluff|Jumpluff, L87, M|108/271 par\n|turn|25\n|inactive|zarexrtcy has 120 seconds left.\n|\n|t:|1733871200\n|switch|p2a: Oinkologne|Oinkologne-F, L92, F|361/361\n|move|p1a: Jumpluff|Strength Sap|p2a: Oinkologne\n|-unboost|p2a: Oinkologne|atk|1\n|-heal|p1a: Jumpluff|271/271 par\n|\n|upkeep\n|turn|26\n|inactive|zarexrtcy has 120 seconds left.\n|\n|t:|1733871214\n|move|p2a: Oinkologne|Body Slam|p1a: Jumpluff\n|-damage|p1a: Jumpluff|189/271 par\n|move|p1a: Jumpluff|Acrobatics|p2a: Oinkologne\n|-crit|p2a: Oinkologne\n|-damage|p2a: Oinkologne|219/361\n|\n|-heal|p2a: Oinkologne|241/361|[from] item: Leftovers\n|upkeep\n|turn|27\n|\n|t:|1733871222\n|move|p2a: Oinkologne|Body Slam|p1a: Jumpluff\n|-damage|p1a: Jumpluff|116/271 par\n|move|p1a: Jumpluff|Strength Sap|p2a: Oinkologne\n|-unboost|p2a: Oinkologne|atk|1\n|-heal|p1a: Jumpluff|261/271 par\n|\n|-heal|p2a: Oinkologne|263/361|[from] item: Leftovers\n|upkeep\n|turn|28\n|\n|t:|1733871237\n|switch|p2a: Dialga|Dialga, L73|266/266\n|-ability|p2a: Dialga|Pressure\n|move|p1a: Jumpluff|Acrobatics|p2a: Dialga\n|-resisted|p2a: Dialga\n|-damage|p2a: Dialga|228/266\n|\n|-heal|p2a: Dialga|244/266|[from] item: Leftovers\n|upkeep\n|turn|29\n|inactive|zarexrtcy has 120 seconds left.\n|\n|t:|1733871262\n|move|p2a: Dialga|Stealth Rock|p1a: Jumpluff\n|-sidestart|p1: zarexrtcy|move: Stealth Rock\n|move|p1a: Jumpluff|Sleep Powder|p2a: Dialga|[miss]\n|-miss|p1a: Jumpluff|p2a: Dialga\n|\n|-heal|p2a: Dialga|260/266|[from] item: Leftovers\n|upkeep\n|turn|30\n|inactive|zarexrtcy has 120 seconds left.\n|\n|t:|1733871278\n|move|p2a: Dialga|Heavy Slam|p1a: Jumpluff\n|-damage|p1a: Jumpluff|135/271 par\n|move|p1a: Jumpluff|Sleep Powder|p2a: Dialga\n|-status|p2a: Dialga|slp|[from] move: Sleep Powder\n|\n|-heal|p2a: Dialga|266/266 slp|[from] item: Leftovers\n|upkeep\n|turn|31\n|\n|t:|1733871290\n|cant|p2a: Dialga|slp\n|move|p1a: Jumpluff|Strength Sap|p2a: Dialga\n|-unboost|p2a: Dialga|atk|1\n|-heal|p1a: Jumpluff|271/271 par\n|\n|upkeep\n|turn|32\n|\n|t:|1733871303\n|switch|p1a: Ting-Lu|Ting-Lu, L78|87/370\n|-damage|p1a: Ting-Lu|64/370|[from] Stealth Rock\n|-ability|p1a: Ting-Lu|Vessel of Ruin\n|cant|p2a: Dialga|slp\n|\n|upkeep\n|turn|33\n|\n|t:|1733871311\n|cant|p2a: Dialga|slp\n|move|p1a: Ting-Lu|Earthquake|p2a: Dialga\n|-supereffective|p2a: Dialga\n|-damage|p2a: Dialga|80/266 slp\n|\n|-heal|p2a: Dialga|96/266 slp|[from] item: Leftovers\n|upkeep\n|turn|34\n|\n|t:|1733871319\n|-curestatus|p2a: Dialga|slp|[msg]\n|move|p2a: Dialga|Heavy Slam|p1a: Ting-Lu\n|-damage|p1a: Ting-Lu|42/370\n|move|p1a: Ting-Lu|Earthquake|p2a: Dialga\n|-supereffective|p2a: Dialga\n|-damage|p2a: Dialga|0 fnt\n|faint|p2a: Dialga\n|\n|upkeep\n|\n|t:|1733871330\n|switch|p2a: Slowbro|Slowbro, L85, F, tera:Fighting|300/300\n|turn|35\n|\n|t:|1733871340\n|move|p1a: Ting-Lu|Ruination|p2a: Slowbro|[miss]\n|-miss|p1a: Ting-Lu|p2a: Slowbro\n|move|p2a: Slowbro|Scald|p1a: Ting-Lu\n|-supereffective|p1a: Ting-Lu\n|-damage|p1a: Ting-Lu|0 fnt\n|faint|p1a: Ting-Lu\n|\n|upkeep\n|\n|t:|1733871356\n|switch|p1a: Jumpluff|Jumpluff, L87, M|271/271 par\n|-damage|p1a: Jumpluff|204/271 par|[from] Stealth Rock\n|turn|36\n|\n|t:|1733871366\n|cant|p1a: Jumpluff|par\n|move|p2a: Slowbro|Scald|p1a: Jumpluff\n|-resisted|p1a: Jumpluff\n|-damage|p1a: Jumpluff|165/271 par\n|\n|upkeep\n|turn|37\n|\n|t:|1733871377\n|move|p1a: Jumpluff|Strength Sap|p2a: Slowbro\n|-unboost|p2a: Slowbro|atk|1\n|-heal|p1a: Jumpluff|271/271 par\n|move|p2a: Slowbro|Body Press|p1a: Jumpluff\n|-resisted|p1a: Jumpluff\n|-damage|p1a: Jumpluff|211/271 par\n|\n|upkeep\n|turn|38\n|\n|t:|1733871386\n|move|p1a: Jumpluff|Sleep Powder|p2a: Slowbro\n|-status|p2a: Slowbro|slp|[from] move: Sleep Powder\n|cant|p2a: Slowbro|slp\n|\n|upkeep\n|turn|39\n|\n|t:|1733871394\n|cant|p1a: Jumpluff|par\n|cant|p2a: Slowbro|slp\n|\n|upkeep\n|turn|40\n|\n|t:|1733871398\n|move|p1a: Jumpluff|Acrobatics|p2a: Slowbro\n|-supereffective|p2a: Slowbro\n|-damage|p2a: Slowbro|156/300 slp\n|-curestatus|p2a: Slowbro|slp|[msg]\n|move|p2a: Slowbro|Iron Defense|p2a: Slowbro\n|-boost|p2a: Slowbro|def|2\n|\n|-heal|p2a: Slowbro|174/300|[from] item: Leftovers\n|upkeep\n|turn|41\n|\n|t:|1733871416\n|cant|p1a: Jumpluff|par\n|move|p2a: Slowbro|Body Press|p1a: Jumpluff\n|-resisted|p1a: Jumpluff\n|-damage|p1a: Jumpluff|107/271 par\n|\n|-heal|p2a: Slowbro|192/300|[from] item: Leftovers\n|upkeep\n|turn|42\n|\n|t:|1733871424\n|move|p1a: Jumpluff|Strength Sap|p2a: Slowbro\n|-unboost|p2a: Slowbro|atk|1\n|-heal|p1a: Jumpluff|195/271 par\n|move|p2a: Slowbro|Iron Defense|p2a: Slowbro\n|-boost|p2a: Slowbro|def|2\n|\n|-heal|p2a: Slowbro|210/300|[from] item: Leftovers\n|upkeep\n|turn|43\n|\n|t:|1733871436\n|move|p1a: Jumpluff|Sleep Powder|p2a: Slowbro\n|-status|p2a: Slowbro|slp|[from] move: Sleep Powder\n|cant|p2a: Slowbro|slp\n|\n|-heal|p2a: Slowbro|228/300 slp|[from] item: Leftovers\n|upkeep\n|turn|44\n|\n|t:|1733871454\n|move|p1a: Jumpluff|U-turn|p2a: Slowbro\n|-resisted|p2a: Slowbro\n|-damage|p2a: Slowbro|223/300 slp\n|\n|t:|1733871464\n|switch|p1a: Reuniclus|Reuniclus, L88, F|291/337 par|[from] U-turn\n|cant|p2a: Slowbro|slp\n|\n|-heal|p2a: Slowbro|241/300 slp|[from] item: Leftovers\n|upkeep\n|turn|45\n|\n|t:|1733871471\n|-curestatus|p2a: Slowbro|slp|[msg]\n|move|p2a: Slowbro|Body Press|p1a: Reuniclus\n|-resisted|p1a: Reuniclus\n|-damage|p1a: Reuniclus|146/337 par\n|move|p1a: Reuniclus|Psyshock|p2a: Slowbro\n|-supereffective|p2a: Slowbro\n|-damage|p2a: Slowbro|153/300\n|\n|-heal|p2a: Slowbro|171/300|[from] item: Leftovers\n|upkeep\n|turn|46\n|\n|t:|1733871481\n|move|p2a: Slowbro|Body Press|p1a: Reuniclus\n|-resisted|p1a: Reuniclus\n|-damage|p1a: Reuniclus|0 fnt\n|faint|p1a: Reuniclus\n|\n|-heal|p2a: Slowbro|189/300|[from] item: Leftovers\n|upkeep\n|\n|t:|1733871505\n|switch|p1a: Seviper|Seviper, L93, M|287/287\n|-damage|p1a: Seviper|252/287|[from] Stealth Rock\n|turn|47\n|inactive|zarexrtcy has 120 seconds left.\n|\n|t:|1733871527\n|move|p1a: Seviper|Earthquake|p2a: Slowbro\n|-damage|p2a: Slowbro|161/300\n|move|p2a: Slowbro|Body Press|p1a: Seviper\n|-resisted|p1a: Seviper\n|-damage|p1a: Seviper|75/287\n|\n|-heal|p1a: Seviper|92/287|[from] item: Leftovers\n|-heal|p2a: Slowbro|179/300|[from] item: Leftovers\n|upkeep\n|turn|48\n|\n|t:|1733871554\n|move|p1a: Seviper|Gunk Shot|p2a: Slowbro\n|-damage|p2a: Slowbro|133/300\n|move|p2a: Slowbro|Body Press|p1a: Seviper\n|-resisted|p1a: Seviper\n|-damage|p1a: Seviper|0 fnt\n|faint|p1a: Seviper\n|\n|-heal|p2a: Slowbro|151/300|[from] item: Leftovers\n|upkeep\n|inactive|zarexrtcy has 120 seconds left.\n|\n|t:|1733871577\n|switch|p1a: Jumpluff|Jumpluff, L87, M|195/271 par\n|-damage|p1a: Jumpluff|128/271 par|[from] Stealth Rock\n|turn|49\n|\n|t:|1733871585\n|move|p1a: Jumpluff|Sleep Powder|p2a: Slowbro\n|-status|p2a: Slowbro|slp|[from] move: Sleep Powder\n|cant|p2a: Slowbro|slp\n|\n|-heal|p2a: Slowbro|169/300 slp|[from] item: Leftovers\n|upkeep\n|turn|50\n|inactive|zarexrtcy has 120 seconds left.\n|\n|t:|1733871600\n|move|p1a: Jumpluff|Strength Sap|p2a: Slowbro\n|-unboost|p2a: Slowbro|atk|1\n|-heal|p1a: Jumpluff|194/271 par\n|cant|p2a: Slowbro|slp\n|\n|-heal|p2a: Slowbro|187/300 slp|[from] item: Leftovers\n|upkeep\n|turn|51\n|\n|t:|1733871608\n|cant|p1a: Jumpluff|par\n|cant|p2a: Slowbro|slp\n|\n|-heal|p2a: Slowbro|205/300 slp|[from] item: Leftovers\n|upkeep\n|turn|52\n|\n|t:|1733871613\n|cant|p1a: Jumpluff|par\n|-curestatus|p2a: Slowbro|slp|[msg]\n|move|p2a: Slowbro|Body Press|p1a: Jumpluff\n|-resisted|p1a: Jumpluff\n|-damage|p1a: Jumpluff|41/271 par\n|\n|-heal|p2a: Slowbro|223/300|[from] item: Leftovers\n|upkeep\n|turn|53\n|\n|t:|1733871622\n|cant|p1a: Jumpluff|par\n|move|p2a: Slowbro|Body Press|p1a: Jumpluff\n|-resisted|p1a: Jumpluff\n|-damage|p1a: Jumpluff|0 fnt\n|faint|p1a: Jumpluff\n|\n|-heal|p2a: Slowbro|241/300|[from] item: Leftovers\n|upkeep\n|\n|t:|1733871624\n|switch|p1a: Cetitan|Cetitan, L82, M|412/412\n|-damage|p1a: Cetitan|309/412|[from] Stealth Rock\n|turn|54\n|c|\u2606fflpmg|fvck you and your jumpluff\n|c|\u2606fflpmg|give me the points\n|\n|t:|1733871639\n|move|p1a: Cetitan|Earthquake|p2a: Slowbro\n|-damage|p2a: Slowbro|219/300\n|move|p2a: Slowbro|Body Press|p1a: Cetitan\n|-supereffective|p1a: Cetitan\n|-crit|p1a: Cetitan\n|-damage|p1a: Cetitan|0 fnt\n|faint|p1a: Cetitan\n|\n|win|fflpmg\n", "inputlog": ">version bfd83cad13791eb5a5a409923076391caf6fb4d4\n>start {\"formatid\":\"gen9randombattle\",\"seed\":[24006,24628,26732,58074],\"rated\":\"Rated battle\"}\n>player p1 {\"name\":\"zarexrtcy\",\"avatar\":\"101\",\"rating\":1094,\"seed\":[13944,530,16677,49356]}\n>player p2 {\"name\":\"fflpmg\",\"avatar\":\"backpacker\",\"rating\":1117,\"seed\":[32108,26814,13028,21241]}\n>p1 switch 2\n>p2 switch 3\n>p1 move earthquake\n>p2 move substitute\n>p1 move earthquake\n>p2 move protect\n>p1 move earthquake\n>p2 move protect\n>p2 switch 4\n>p1 move ruination\n>p2 move bodypress terastallize\n>p1 move payback\n>p2 move scald\n>p1 switch 4\n>p2 move bodypress\n>p1 move acrobatics\n>p2 switch 6\n>p1 move acrobatics\n>p2 move sleeppowder\n>p2 switch 2\n>p1 move strengthsap\n>p2 move curse\n>p1 move strengthsap\n>p2 move bodyslam\n>p1 move strengthsap\n>p2 move bodyslam\n>p1 move acrobatics\n>p2 move bodyslam\n>p1 move strengthsap\n>p2 move bodyslam\n>p1 switch 3\n>p2 move bodyslam\n>p1 move focusblast\n>p2 switch 3\n>p1 switch 4\n>p2 move knockoff\n>p1 move payback\n>p2 switch 6\n>p1 switch 3\n>p2 move bodypress\n>p1 move acrobatics\n>p2 switch 6\n>p1 move uturn\n>p2 move knockoff\n>p1 switch 6\n>p1 move throatchop\n>p2 move thunderwave\n>p1 move throatchop\n>p2 move knockoff\n>p2 switch 6\n>p1 move liquidation\n>p2 move bodypress\n>p1 switch 6\n>p1 move strengthsap\n>p2 switch 3\n>p1 move acrobatics\n>p2 move bodyslam\n>p1 move strengthsap\n>p2 move bodyslam\n>p1 move acrobatics\n>p2 switch 5\n>p1 move sleeppowder\n>p2 move stealthrock\n>p1 move sleeppowder\n>p2 move heavyslam\n>p1 move strengthsap\n>p2 move heavyslam\n>p1 switch 3\n>p2 move dracometeor\n>p1 move earthquake\n>p2 move heavyslam\n>p1 move earthquake\n>p2 move heavyslam\n>p2 switch 3\n>p1 move ruination\n>p2 move scald\n>p1 switch 3\n>p1 move strengthsap\n>p2 move scald\n>p1 move strengthsap\n>p2 move bodypress\n>p1 move sleeppowder\n>p2 move scald\n>p1 move acrobatics\n>p2 move irondefense\n>p1 move acrobatics\n>p2 move irondefense\n>p1 move strengthsap\n>p2 move bodypress\n>p1 move strengthsap\n>p2 move irondefense\n>p1 move sleeppowder\n>p2 move bodypress\n>p1 move uturn\n>p2 move bodypress\n>p1 switch 4\n>p1 move psyshock\n>p2 move bodypress\n>p1 move recover\n>p2 move bodypress\n>p1 switch 5\n>p1 move earthquake\n>p2 move bodypress\n>p1 move gunkshot\n>p2 move bodypress\n>p1 switch 4\n>p1 move sleeppowder\n>p2 move bodypress\n>p1 move strengthsap\n>p2 move bodypress\n>p1 move acrobatics\n>p2 move bodypress\n>p1 move acrobatics\n>p2 move bodypress\n>p1 move sleeppowder\n>p2 move bodypress\n>p1 switch 2\n>chat \u2606fflpmg|fvck you and your jumpluff\n>chat \u2606fflpmg|give me the points\n>p1 move earthquake\n>p2 move bodypress", "uploadtime": 1733871635, "views": 1, "formatid": "gen9randombattle", "rating": null, "private": 0, "password": null}