{"id": "gen9randombattle-2211410231", "format": "[Gen 9] Random Battle", "players": ["BeeChanoknan", "R3LT woxihuanni"], "log": "|raw|<div class=\"broadcast-blue\"><strong>This battle is required to be public due to a player having a name starting with 'r3lt'.</div>\n|j|\u2606BeeChanoknan\n|j|\u2606R3LT woxihuanni\n|t:|1727511672\n|gametype|singles\n|player|p1|BeeChanoknan|lucas-gen4pt|2187\n|player|p2|R3LT woxihuanni|lucas|2271\n|teamsize|p1|6\n|teamsize|p2|6\n|gen|9\n|tier|[Gen 9] Random Battle\n|rated|\n|rule|Species Clause: Limit one of each Pok\u00e9mon\n|rule|HP Percentage Mod: HP is shown in percentages\n|rule|Sleep Clause Mod: Limit one foe put to sleep\n|rule|Illusion Level Mod: Illusion disguises the Pok\u00e9mon's true level\n|\n|t:|1727511672\n|start\n|switch|p1a: Dachsbun|Dachsbun, L91, M|252/252\n|switch|p2a: Ampharos|Ampharos, L88, F|302/302\n|turn|1\n|\n|t:|1727511693\n|move|p1a: Dachsbun|Stomping Tantrum|p2a: Ampharos\n|-supereffective|p2a: Ampharos\n|-damage|p2a: Ampharos|204/302\n|move|p2a: Ampharos|Focus Blast|p1a: Dachsbun\n|-resisted|p1a: Dachsbun\n|-damage|p1a: Dachsbun|186/252\n|-unboost|p1a: Dachsbun|spd|1\n|-damage|p2a: Ampharos|174/302|[from] item: Life Orb\n|\n|-heal|p1a: Dachsbun|201/252|[from] item: Leftovers\n|upkeep\n|turn|2\n|\n|t:|1727511707\n|move|p1a: Dachsbun|Protect|p1a: Dachsbun\n|-singleturn|p1a: Dachsbun|Protect\n|move|p2a: Ampharos|Agility|p2a: Ampharos\n|-boost|p2a: Ampharos|spe|2\n|\n|-heal|p1a: Dachsbun|216/252|[from] item: Leftovers\n|upkeep\n|turn|3\n|\n|t:|1727511720\n|switch|p1a: Scream Tail|Scream Tail, L84|330/330\n|move|p2a: Ampharos|Thunderbolt|p1a: Scream Tail\n|-damage|p1a: Scream Tail|208/330\n|-damage|p2a: Ampharos|144/302|[from] item: Life Orb\n|\n|-heal|p1a: Scream Tail|228/330|[from] item: Leftovers\n|upkeep\n|turn|4\n|\n|t:|1727511731\n|move|p2a: Ampharos|Thunderbolt|p1a: Scream Tail\n|-damage|p1a: Scream Tail|103/330\n|-damage|p2a: Ampharos|114/302|[from] item: Life Orb\n|move|p1a: Scream Tail|Wish|p1a: Scream Tail\n|\n|-heal|p1a: Scream Tail|123/330|[from] item: Leftovers\n|upkeep\n|turn|5\n|\n|t:|1727511743\n|switch|p2a: Coalossal|Coalossal, L89, F|341/341\n|move|p1a: Scream Tail|Protect||[still]\n|-fail|p1a: Scream Tail\n|\n|-heal|p1a: Scream Tail|288/330|[from] move: Wish|[wisher] Scream Tail\n|-heal|p1a: Scream Tail|308/330|[from] item: Leftovers\n|upkeep\n|turn|6\n|\n|t:|1727511755\n|move|p1a: Scream Tail|Thunder Wave|p2a: Coalossal\n|-status|p2a: Coalossal|par\n|move|p2a: Coalossal|Spikes|p1a: Scream Tail\n|-sidestart|p1: BeeChanoknan|Spikes\n|\n|-heal|p1a: Scream Tail|328/330|[from] item: Leftovers\n|upkeep\n|turn|7\n|\n|t:|1727511766\n|-end|p1a: Scream Tail|Protosynthesis|[silent]\n|switch|p1a: Mudsdale|Mudsdale, L84, M|305/305\n|-damage|p1a: Mudsdale|267/305|[from] Spikes\n|move|p2a: Coalossal|Spikes|p1a: Mudsdale\n|-sidestart|p1: BeeChanoknan|Spikes\n|\n|-heal|p1a: Mudsdale|286/305|[from] item: Leftovers\n|upkeep\n|turn|8\n|\n|t:|1727511775\n|switch|p2a: Vileplume|Vileplume, L86, F|269/269\n|move|p1a: Mudsdale|Stealth Rock|p2a: Vileplume\n|-sidestart|p2: R3LT woxihuanni|move: Stealth Rock\n|\n|-heal|p1a: Mudsdale|305/305|[from] item: Leftovers\n|upkeep\n|turn|9\n|\n|t:|1727511789\n|switch|p1a: Magnezone|Magnezone, L85|258/258\n|-damage|p1a: Magnezone|215/258|[from] Spikes\n|move|p2a: Vileplume|Sludge Bomb|p1a: Magnezone\n|-immune|p1a: Magnezone\n|\n|upkeep\n|turn|10\n|\n|t:|1727511797\n|move|p1a: Magnezone|Flash Cannon|p2a: Vileplume\n|-damage|p2a: Vileplume|158/269\n|-unboost|p2a: Vileplume|spd|1\n|move|p2a: Vileplume|Sleep Powder|p1a: Magnezone\n|-status|p1a: Magnezone|slp|[from] move: Sleep Powder\n|\n|-heal|p2a: Vileplume|174/269|[from] item: Leftovers\n|upkeep\n|turn|11\n|\n|t:|1727511808\n|switch|p2a: Coalossal|Coalossal, L89, F|341/341 par\n|cant|p1a: Magnezone|slp\n|\n|upkeep\n|turn|12\n|\n|t:|1727511815\n|-curestatus|p1a: Magnezone|slp|[msg]\n|move|p1a: Magnezone|Volt Switch|p2a: Coalossal\n|-damage|p2a: Coalossal|257/341 par\n|\n|t:|1727511817\n|switch|p1a: Mudsdale|Mudsdale, L84, M|305/305|[from] Volt Switch\n|-damage|p1a: Mudsdale|255/305|[from] Spikes\n|move|p2a: Coalossal|Rapid Spin|p1a: Mudsdale\n|-damage|p1a: Mudsdale|225/305\n|-boost|p2a: Coalossal|spe|1\n|-ability|p1a: Mudsdale|Stamina|boost\n|-boost|p1a: Mudsdale|def|1\n|-sideend|p2: R3LT woxihuanni|Stealth Rock|[from] move: Rapid Spin|[of] p2a: Coalossal\n|\n|-heal|p1a: Mudsdale|244/305|[from] item: Leftovers\n|upkeep\n|turn|13\n|\n|t:|1727511832\n|switch|p2a: Articuno|Articuno, L86|295/295\n|-ability|p2a: Articuno|Pressure\n|move|p1a: Mudsdale|Stealth Rock|p2a: Articuno\n|-sidestart|p2: R3LT woxihuanni|move: Stealth Rock\n|\n|-heal|p1a: Mudsdale|263/305|[from] item: Leftovers\n|upkeep\n|turn|14\n|\n|t:|1727511843\n|switch|p1a: Magnezone|Magnezone, L85|215/258\n|-damage|p1a: Magnezone|172/258|[from] Spikes\n|move|p2a: Articuno|Freeze-Dry|p1a: Magnezone\n|-resisted|p1a: Magnezone\n|-damage|p1a: Magnezone|147/258\n|-status|p1a: Magnezone|frz\n|\n|upkeep\n|turn|15\n|\n|t:|1727511860\n|switch|p2a: Vileplume|Vileplume, L86, F|174/269\n|-damage|p2a: Vileplume|141/269|[from] Stealth Rock\n|cant|p1a: Magnezone|frz\n|\n|-heal|p2a: Vileplume|157/269|[from] item: Leftovers\n|upkeep\n|turn|16\n|\n|t:|1727511869\n|cant|p1a: Magnezone|frz\n|move|p2a: Vileplume|Strength Sap|p1a: Magnezone\n|-unboost|p1a: Magnezone|atk|1\n|-heal|p2a: Vileplume|269/269\n|\n|upkeep\n|turn|17\n|\n|t:|1727511880\n|switch|p2a: Regigigas|Regigigas, L84|322/322\n|-damage|p2a: Regigigas|282/322|[from] Stealth Rock\n|-start|p2a: Regigigas|ability: Slow Start\n|cant|p1a: Magnezone|frz\n|\n|-heal|p2a: Regigigas|302/322|[from] item: Leftovers\n|upkeep\n|turn|18\n|\n|t:|1727511891\n|switch|p1a: Scream Tail|Scream Tail, L84|328/330\n|-damage|p1a: Scream Tail|273/330|[from] Spikes\n|move|p2a: Regigigas|Knock Off|p1a: Scream Tail\n|-damage|p1a: Scream Tail|228/330\n|-enditem|p1a: Scream Tail|Leftovers|[from] move: Knock Off|[of] p2a: Regigigas\n|\n|-heal|p2a: Regigigas|322/322|[from] item: Leftovers\n|upkeep\n|turn|19\n|\n|t:|1727511902\n|-end|p2a: Regigigas|Slow Start|[silent]\n|switch|p2a: Coalossal|Coalossal, L89, F|257/341 par\n|move|p1a: Scream Tail|Wish|p1a: Scream Tail\n|\n|upkeep\n|turn|20\n|\n|t:|1727511909\n|-end|p1a: Scream Tail|Protosynthesis|[silent]\n|switch|p1a: Maushold|Maushold-Four, L76|238/238\n|-damage|p1a: Maushold|199/238|[from] Spikes\n|move|p2a: Coalossal|Overheat|p1a: Maushold|[miss]\n|-miss|p2a: Coalossal|p1a: Maushold\n|\n|-heal|p1a: Maushold|238/238|[from] move: Wish|[wisher] Scream Tail\n|upkeep\n|turn|21\n|\n|t:|1727511920\n|move|p1a: Maushold|Tidy Up|p1a: Maushold\n|-sideend|p1: BeeChanoknan|Spikes\n|-sideend|p2: R3LT woxihuanni|Stealth Rock\n|-activate|p1a: Maushold|move: Tidy Up\n|-boost|p1a: Maushold|atk|1\n|-boost|p1a: Maushold|spe|1\n|move|p2a: Coalossal|Spikes|p1a: Maushold\n|-sidestart|p1: BeeChanoknan|Spikes\n|\n|upkeep\n|turn|22\n|\n|t:|1727511934\n|switch|p2a: Ampharos|Ampharos, L88, F|114/302\n|move|p1a: Maushold|Encore||[still]\n|-fail|p1a: Maushold\n|\n|upkeep\n|turn|23\n|\n|t:|1727511941\n|move|p1a: Maushold|Population Bomb|p2a: Ampharos\n|-damage|p2a: Ampharos|84/302\n|-status|p1a: Maushold|par|[from] ability: Static|[of] p2a: Ampharos\n|-damage|p2a: Ampharos|53/302\n|-damage|p2a: Ampharos|22/302\n|-damage|p2a: Ampharos|0 fnt\n|faint|p2a: Ampharos\n|-hitcount|p2: Ampharos|4\n|\n|upkeep\n|\n|t:|1727511957\n|switch|p2a: Coalossal|Coalossal, L89, F|257/341 par\n|turn|24\n|\n|t:|1727511962\n|move|p1a: Maushold|Tidy Up|p1a: Maushold\n|-sideend|p1: BeeChanoknan|Spikes\n|-activate|p1a: Maushold|move: Tidy Up\n|-boost|p1a: Maushold|atk|1\n|-boost|p1a: Maushold|spe|1\n|move|p2a: Coalossal|Stone Edge|p1a: Maushold\n|-crit|p1a: Maushold\n|-damage|p1a: Maushold|49/238 par\n|\n|upkeep\n|turn|25\n|\n|t:|1727511972\n|move|p1a: Maushold|Population Bomb|p2a: Coalossal\n|-resisted|p2a: Coalossal\n|-damage|p2a: Coalossal|240/341 par\n|-resisted|p2a: Coalossal\n|-damage|p2a: Coalossal|224/341 par\n|-resisted|p2a: Coalossal\n|-damage|p2a: Coalossal|208/341 par\n|-resisted|p2a: Coalossal\n|-damage|p2a: Coalossal|193/341 par\n|-resisted|p2a: Coalossal\n|-damage|p2a: Coalossal|178/341 par\n|-resisted|p2a: Coalossal\n|-damage|p2a: Coalossal|163/341 par\n|-resisted|p2a: Coalossal\n|-damage|p2a: Coalossal|147/341 par\n|-resisted|p2a: Coalossal\n|-damage|p2a: Coalossal|131/341 par\n|-resisted|p2a: Coalossal\n|-damage|p2a: Coalossal|114/341 par\n|-resisted|p2a: Coalossal\n|-damage|p2a: Coalossal|97/341 par\n|-hitcount|p2a: Coalossal|10\n|move|p2a: Coalossal|Overheat|p1a: Maushold\n|-damage|p1a: Maushold|0 fnt\n|-unboost|p2a: Coalossal|spa|2\n|faint|p1a: Maushold\n|\n|upkeep\n|\n|t:|1727511982\n|switch|p1a: Dialga|Dialga, L73|266/266\n|-ability|p1a: Dialga|Pressure\n|turn|26\n|\n|t:|1727512001\n|move|p1a: Dialga|Draco Meteor|p2a: Coalossal\n|-damage|p2a: Coalossal|0 fnt\n|-unboost|p1a: Dialga|spa|2\n|faint|p2a: Coalossal\n|\n|upkeep\n|\n|t:|1727512014\n|switch|p2a: Articuno|Articuno, L86|295/295\n|-ability|p2a: Articuno|Pressure\n|turn|27\n|\n|t:|1727512020\n|move|p2a: Articuno|Substitute|p2a: Articuno\n|-start|p2a: Articuno|Substitute\n|-damage|p2a: Articuno|222/295\n|move|p1a: Dialga|Heavy Slam|p2a: Articuno\n|-supereffective|p2a: Articuno\n|-crit|p2a: Articuno\n|-end|p2a: Articuno|Substitute\n|\n|upkeep\n|turn|28\n|\n|t:|1727512028\n|switch|p2a: Vileplume|Vileplume, L86, F|269/269\n|move|p1a: Dialga|Heavy Slam|p2a: Vileplume\n|-damage|p2a: Vileplume|155/269\n|-status|p1a: Dialga|par|[from] ability: Effect Spore|[of] p2a: Vileplume\n|\n|-heal|p2a: Vileplume|171/269|[from] item: Leftovers\n|upkeep\n|turn|29\n|\n|t:|1727512040\n|switch|p1a: Magnezone|Magnezone, L85|147/258 frz\n|move|p2a: Vileplume|Strength Sap|p1a: Magnezone\n|-unboost|p1a: Magnezone|atk|1\n|-heal|p2a: Vileplume|269/269\n|\n|upkeep\n|turn|30\n|\n|t:|1727512050\n|switch|p2a: Regigigas|Regigigas, L84|322/322\n|-start|p2a: Regigigas|ability: Slow Start\n|-curestatus|p1a: Magnezone|frz|[msg]\n|move|p1a: Magnezone|Flash Cannon|p2a: Regigigas\n|-damage|p2a: Regigigas|192/322\n|\n|-heal|p2a: Regigigas|212/322|[from] item: Leftovers\n|upkeep\n|turn|31\n|\n|t:|1727512063\n|move|p1a: Magnezone|Discharge|p2a: Regigigas\n|-damage|p2a: Regigigas|124/322\n|-status|p2a: Regigigas|par\n|move|p2a: Regigigas|Rest|p2a: Regigigas\n|-status|p2a: Regigigas|slp|[from] move: Rest\n|-heal|p2a: Regigigas|322/322 slp|[silent]\n|\n|upkeep\n|turn|32\n|\n|t:|1727512075\n|move|p1a: Magnezone|Volt Switch|p2a: Regigigas\n|-damage|p2a: Regigigas|234/322 slp\n|\n|t:|1727512079\n|switch|p1a: Mudsdale|Mudsdale, L84, M|263/305|[from] Volt Switch\n|cant|p2a: Regigigas|slp\n|move|p2a: Regigigas|Sleep Talk|p2a: Regigigas\n|move|p2a: Regigigas|Body Slam|p1a: Mudsdale|[from]move: Sleep Talk\n|-damage|p1a: Mudsdale|199/305\n|-ability|p1a: Mudsdale|Stamina|boost\n|-boost|p1a: Mudsdale|def|1\n|\n|-heal|p2a: Regigigas|254/322 slp|[from] item: Leftovers\n|-heal|p1a: Mudsdale|218/305|[from] item: Leftovers\n|upkeep\n|turn|33\n|\n|t:|1727512096\n|cant|p2a: Regigigas|slp\n|move|p2a: Regigigas|Sleep Talk|p2a: Regigigas\n|move|p2a: Regigigas|Rest||[from]move: Sleep Talk|[still]\n|-fail|p2a: Regigigas\n|move|p1a: Mudsdale|Stealth Rock|p2a: Regigigas\n|-sidestart|p2: R3LT woxihuanni|move: Stealth Rock\n|\n|-heal|p2a: Regigigas|274/322 slp|[from] item: Leftovers\n|-heal|p1a: Mudsdale|237/305|[from] item: Leftovers\n|upkeep\n|turn|34\n|\n|t:|1727512108\n|-curestatus|p2a: Regigigas|slp|[msg]\n|move|p2a: Regigigas|Knock Off|p1a: Mudsdale\n|-damage|p1a: Mudsdale|207/305\n|-ability|p1a: Mudsdale|Stamina|boost\n|-boost|p1a: Mudsdale|def|1\n|-enditem|p1a: Mudsdale|Leftovers|[from] move: Knock Off|[of] p2a: Regigigas\n|move|p1a: Mudsdale|Body Press|p2a: Regigigas\n|-supereffective|p2a: Regigigas\n|-damage|p2a: Regigigas|86/322\n|\n|-heal|p2a: Regigigas|106/322|[from] item: Leftovers\n|upkeep\n|turn|35\n|\n|t:|1727512123\n|move|p2a: Regigigas|Body Slam|p1a: Mudsdale\n|-damage|p1a: Mudsdale|174/305\n|-ability|p1a: Mudsdale|Stamina|boost\n|-boost|p1a: Mudsdale|def|1\n|move|p1a: Mudsdale|Earthquake|p2a: Regigigas\n|-damage|p2a: Regigigas|3/322\n|\n|-heal|p2a: Regigigas|23/322|[from] item: Leftovers\n|-end|p2a: Regigigas|Slow Start\n|upkeep\n|turn|36\n|\n|t:|1727512135\n|move|p2a: Regigigas|Body Slam|p1a: Mudsdale\n|-damage|p1a: Mudsdale|129/305\n|-ability|p1a: Mudsdale|Stamina|boost\n|-boost|p1a: Mudsdale|def|1\n|move|p1a: Mudsdale|Body Press|p2a: Regigigas\n|-supereffective|p2a: Regigigas\n|-damage|p2a: Regigigas|0 fnt\n|faint|p2a: Regigigas\n|-end|p2a: Regigigas|Slow Start|[silent]\n|\n|upkeep\n|\n|t:|1727512145\n|switch|p2a: Vileplume|Vileplume, L86, F|269/269\n|-damage|p2a: Vileplume|236/269|[from] Stealth Rock\n|turn|37\n|\n|t:|1727512151\n|switch|p1a: Dialga|Dialga, L73|266/266 par\n|-ability|p1a: Dialga|Pressure\n|move|p2a: Vileplume|Giga Drain|p1a: Dialga\n|-resisted|p1a: Dialga\n|-damage|p1a: Dialga|251/266 par\n|-heal|p2a: Vileplume|244/269|[from] drain|[of] p1a: Dialga\n|\n|-heal|p2a: Vileplume|260/269|[from] item: Leftovers\n|upkeep\n|turn|38\n|\n|t:|1727512163\n|switch|p2a: Articuno|Articuno, L86|222/295\n|-ability|p2a: Articuno|Pressure\n|move|p1a: Dialga|Fire Blast|p2a: Articuno|[miss]\n|-miss|p1a: Dialga|p2a: Articuno\n|\n|upkeep\n|turn|39\n|\n|t:|1727512173\n|switch|p1a: Scream Tail|Scream Tail, L84|228/330\n|move|p2a: Articuno|Freeze-Dry|p1a: Scream Tail\n|-damage|p1a: Scream Tail|168/330\n|\n|upkeep\n|turn|40\n|\n|t:|1727512180\n|switch|p2a: Vileplume|Vileplume, L86, F|260/269\n|-damage|p2a: Vileplume|227/269|[from] Stealth Rock\n|move|p1a: Scream Tail|Wish|p1a: Scream Tail\n|\n|-heal|p2a: Vileplume|243/269|[from] item: Leftovers\n|upkeep\n|turn|41\n|\n|t:|1727512189\n|move|p1a: Scream Tail|Protect|p1a: Scream Tail\n|-singleturn|p1a: Scream Tail|Protect\n|move|p2a: Vileplume|Giga Drain|p1a: Scream Tail\n|-activate|p1a: Scream Tail|move: Protect\n|\n|-heal|p1a: Scream Tail|330/330|[from] move: Wish|[wisher] Scream Tail\n|-heal|p2a: Vileplume|259/269|[from] item: Leftovers\n|upkeep\n|turn|42\n|\n|t:|1727512199\n|-end|p1a: Scream Tail|Protosynthesis|[silent]\n|switch|p1a: Dialga|Dialga, L73|251/266 par\n|-ability|p1a: Dialga|Pressure\n|move|p2a: Vileplume|Sludge Bomb|p1a: Dialga\n|-immune|p1a: Dialga\n|\n|-heal|p2a: Vileplume|269/269|[from] item: Leftovers\n|upkeep\n|turn|43\n|\n|t:|1727512212\n|switch|p2a: Articuno|Articuno, L86|222/295\n|-ability|p2a: Articuno|Pressure\n|cant|p1a: Dialga|par\n|\n|upkeep\n|turn|44\n|\n|t:|1727512219\n|move|p2a: Articuno|Freeze-Dry|p1a: Dialga\n|-damage|p1a: Dialga|196/266 par\n|move|p1a: Dialga|Heavy Slam|p2a: Articuno\n|-supereffective|p2a: Articuno\n|-crit|p2a: Articuno\n|-damage|p2a: Articuno|0 fnt\n|faint|p2a: Articuno\n|\n|upkeep\n|\n|t:|1727512228\n|switch|p2a: Smeargle|Smeargle, L95, M|258/258\n|-damage|p2a: Smeargle|226/258|[from] Stealth Rock\n|turn|45\n|\n|t:|1727512235\n|move|p2a: Smeargle|Shell Smash|p2a: Smeargle\n|-unboost|p2a: Smeargle|def|1\n|-unboost|p2a: Smeargle|spd|1\n|-boost|p2a: Smeargle|atk|2\n|-boost|p2a: Smeargle|spa|2\n|-boost|p2a: Smeargle|spe|2\n|move|p1a: Dialga|Dragon Tail|p2a: Smeargle\n|-damage|p2a: Smeargle|79/258\n|drag|p2a: Vileplume|Vileplume, L86, F|269/269\n|-damage|p2a: Vileplume|236/269|[from] Stealth Rock\n|\n|-heal|p2a: Vileplume|252/269|[from] item: Leftovers\n|upkeep\n|turn|46\n|-message|R3LT woxihuanni forfeited.\n|\n|win|BeeChanoknan\n|raw|BeeChanoknan's rating: 2187 &rarr; <strong>2212</strong><br />(+25 for winning)\n|raw|R3LT woxihuanni's rating: 2271 &rarr; <strong>2246</strong><br />(-25 for losing)\n|l|\u2606R3LT woxihuanni\n|player|p2|\n", "inputlog": ">version 69ff0b2f47ddc97367302b06f7f2ae172fb214dd\n>start {\"formatid\":\"gen9randombattle\",\"seed\":[10481,751,63046,55024],\"rated\":\"Rated battle\"}\n>player p1 {\"name\":\"BeeChanoknan\",\"avatar\":\"lucas-gen4pt\",\"rating\":2187,\"seed\":[65142,20275,61480,3577]}\n>player p2 {\"name\":\"R3LT woxihuanni\",\"avatar\":\"lucas\",\"rating\":2271,\"seed\":[64381,1569,33227,62604]}\n>p1 move stompingtantrum\n>p2 move focusblast\n>p1 move protect\n>p2 move agility\n>p1 switch 2\n>p2 move thunderbolt\n>p1 move wish\n>p2 move thunderbolt\n>p1 move protect\n>p2 switch 3\n>p1 move thunderwave\n>p2 move spikes\n>p1 switch 6\n>p2 move spikes\n>p1 move stealthrock\n>p2 switch 4\n>p1 switch 4\n>p2 move sludgebomb\n>p1 move flashcannon\n>p2 move sleeppowder\n>p1 move flashcannon\n>p2 switch 4\n>p1 move voltswitch\n>p2 move rapidspin\n>p1 switch 4\n>p1 move stealthrock\n>p2 switch 6\n>p1 switch 4\n>p2 move freezedry\n>p1 move voltswitch\n>p2 switch 4\n>p1 move flashcannon\n>p2 move strengthsap\n>p1 move flashcannon\n>p2 switch 5\n>p1 switch 6\n>p2 move knockoff\n>p1 move wish\n>p2 switch 6\n>p1 switch 5\n>p2 move overheat\n>p1 move tidyup\n>p2 move spikes\n>p1 move encore\n>p2 switch 3\n>p1 move populationbomb\n>p2 move thunderbolt\n>p2 switch 3\n>p1 move tidyup\n>p2 move stoneedge\n>p1 move populationbomb\n>p2 move overheat\n>p1 switch 3\n>p1 move dracometeor\n>p2 move spikes\n>p2 switch 4\n>p1 move heavyslam\n>p2 move substitute\n>p1 move heavyslam\n>p2 switch 5\n>p1 switch 6\n>p2 move strengthsap\n>p1 move flashcannon\n>p2 switch 6\n>p1 move discharge\n>p2 move rest\n>p1 move voltswitch\n>p2 move sleeptalk\n>p1 switch 4\n>p1 move stealthrock\n>p2 move sleeptalk\n>p1 move bodypress\n>p2 move knockoff\n>p1 move earthquake\n>p2 move bodyslam\n>p1 move bodypress\n>p2 move bodyslam\n>p2 switch 6\n>p1 switch 6\n>p2 move gigadrain\n>p1 move fireblast\n>p2 switch 5\n>p1 switch 5\n>p2 move freezedry\n>p1 move wish\n>p2 switch 5\n>p1 move protect\n>p2 move gigadrain\n>p1 switch 5\n>p2 move sludgebomb\n>p1 move heavyslam\n>p2 switch 5\n>p1 move heavyslam\n>p2 move freezedry\n>p2 switch 2\n>p1 move dragontail\n>p2 move shellsmash\n>forcelose p2", "uploadtime": 1727512248, "views": 79, "formatid": "gen9randombattle", "rating": 2212, "private": 0, "password": null}