{"id": "gen9randombattle-2260428925", "format": "[Gen 9] Random Battle", "players": ["cc126", "antoxx09new"], "log": "|j|\u203dcc126\n|j|\u203dantoxx09new\n|t:|1733850730\n|gametype|singles\n|player|p1|cc126|acetrainer-gen4|1719\n|player|p2|antoxx09new|2|1741\n|teamsize|p1|6\n|teamsize|p2|6\n|gen|9\n|tier|[Gen 9] Random Battle\n|rated|\n|rule|Species Clause: Limit one of each Pok\u00e9mon\n|rule|HP Percentage Mod: HP is shown in percentages\n|rule|Sleep Clause Mod: Limit one foe put to sleep\n|rule|Illusion Level Mod: Illusion disguises the Pok\u00e9mon's true level\n|\n|t:|1733850730\n|start\n|switch|p1a: Houndstone|Houndstone, L86, F|264/264\n|switch|p2a: Ditto|Ditto, L87|225/225\n|-transform|p2a: Ditto|p1a: Houndstone|[from] ability: Imposter\n|turn|1\n|inactive|Battle timer is ON: inactive players will automatically lose when time's up. (requested by cc126)\n|inactive|cc126 has 120 seconds left.\n|\n|t:|1733850788\n|switch|p2a: Ambipom|Ambipom, L84, M|263/263\n|move|p1a: Houndstone|Poltergeist|p2a: Ambipom\n|-immune|p2a: Ambipom\n|\n|upkeep\n|turn|2\n|\n|t:|1733850802\n|switch|p1a: Sandslash|Sandslash-Alola, L88, M|275/275\n|move|p2a: Ambipom|Knock Off|p1a: Sandslash\n|-damage|p1a: Sandslash|189/275\n|-enditem|p1a: Sandslash|Leftovers|[from] move: Knock Off|[of] p2a: Ambipom\n|\n|upkeep\n|turn|3\n|\n|t:|1733850810\n|switch|p2a: Bronzong|Bronzong, L88|261/261\n|move|p1a: Sandslash|Swords Dance|p1a: Sandslash\n|-boost|p1a: Sandslash|atk|2\n|\n|upkeep\n|turn|4\n|inactive|antoxx09new has 120 seconds left.\n|\n|t:|1733850851\n|-terastallize|p1a: Sandslash|Ground\n|move|p1a: Sandslash|Swords Dance|p1a: Sandslash\n|-boost|p1a: Sandslash|atk|2\n|move|p2a: Bronzong|Earthquake|p1a: Sandslash\n|-damage|p1a: Sandslash|137/275\n|\n|upkeep\n|turn|5\n|\n|t:|1733850860\n|move|p1a: Sandslash|Triple Axel|p2a: Bronzong|[miss]\n|-miss|p1a: Sandslash|p2a: Bronzong\n|move|p2a: Bronzong|Psychic Noise|p1a: Sandslash\n|-damage|p1a: Sandslash|40/275\n|-start|p1a: Sandslash|move: Heal Block\n|\n|upkeep\n|turn|6\n|inactive|antoxx09new has 120 seconds left.\n|\n|t:|1733850865\n|move|p1a: Sandslash|Triple Axel|p2a: Bronzong\n|-resisted|p2a: Bronzong\n|-damage|p2a: Bronzong|231/261\n|-resisted|p2a: Bronzong\n|-damage|p2a: Bronzong|174/261\n|-resisted|p2a: Bronzong\n|-damage|p2a: Bronzong|87/261\n|-hitcount|p2a: Bronzong|3\n|move|p2a: Bronzong|Psychic Noise|p1a: Sandslash\n|-damage|p1a: Sandslash|0 fnt\n|faint|p1a: Sandslash\n|\n|-heal|p2a: Bronzong|103/261|[from] item: Leftovers\n|upkeep\n|\n|t:|1733850874\n|switch|p1a: Bellossom|Bellossom, L84, F|263/263\n|turn|7\n|inactive|antoxx09new has 120 seconds left.\n|\n|t:|1733850889\n|move|p1a: Bellossom|Quiver Dance|p1a: Bellossom\n|-boost|p1a: Bellossom|spa|1\n|-boost|p1a: Bellossom|spd|1\n|-boost|p1a: Bellossom|spe|1\n|move|p2a: Bronzong|Iron Head|p1a: Bellossom\n|-damage|p1a: Bellossom|176/263\n|\n|-heal|p1a: Bellossom|192/263|[from] item: Leftovers\n|-heal|p2a: Bronzong|119/261|[from] item: Leftovers\n|upkeep\n|turn|8\n|\n|t:|1733850895\n|move|p1a: Bellossom|Quiver Dance|p1a: Bellossom\n|-boost|p1a: Bellossom|spa|1\n|-boost|p1a: Bellossom|spd|1\n|-boost|p1a: Bellossom|spe|1\n|move|p2a: Bronzong|Iron Head|p1a: Bellossom\n|-damage|p1a: Bellossom|102/263\n|\n|-heal|p1a: Bellossom|118/263|[from] item: Leftovers\n|-heal|p2a: Bronzong|135/261|[from] item: Leftovers\n|upkeep\n|turn|9\n|\n|t:|1733850898\n|move|p1a: Bellossom|Strength Sap|p2a: Bronzong\n|-unboost|p2a: Bronzong|atk|1\n|-heal|p1a: Bellossom|263/263\n|move|p2a: Bronzong|Iron Head|p1a: Bellossom\n|-damage|p1a: Bellossom|202/263\n|\n|-heal|p1a: Bellossom|218/263|[from] item: Leftovers\n|-heal|p2a: Bronzong|151/261|[from] item: Leftovers\n|upkeep\n|turn|10\n|\n|t:|1733850902\n|move|p1a: Bellossom|Quiver Dance|p1a: Bellossom\n|-boost|p1a: Bellossom|spa|1\n|-boost|p1a: Bellossom|spd|1\n|-boost|p1a: Bellossom|spe|1\n|move|p2a: Bronzong|Psychic Noise|p1a: Bellossom\n|-damage|p1a: Bellossom|191/263\n|-start|p1a: Bellossom|move: Heal Block\n|\n|-heal|p2a: Bronzong|167/261|[from] item: Leftovers\n|upkeep\n|turn|11\n|\n|t:|1733850907\n|move|p1a: Bellossom|Quiver Dance|p1a: Bellossom\n|-boost|p1a: Bellossom|spa|1\n|-boost|p1a: Bellossom|spd|1\n|-boost|p1a: Bellossom|spe|1\n|move|p2a: Bronzong|Stealth Rock|p1a: Bellossom\n|-sidestart|p1: cc126|move: Stealth Rock\n|\n|-heal|p2a: Bronzong|183/261|[from] item: Leftovers\n|-end|p1a: Bellossom|move: Heal Block\n|upkeep\n|turn|12\n|\n|t:|1733850910\n|move|p1a: Bellossom|Strength Sap|p2a: Bronzong\n|-unboost|p2a: Bronzong|atk|1\n|-heal|p1a: Bellossom|263/263\n|move|p2a: Bronzong|Iron Head|p1a: Bellossom\n|-damage|p1a: Bellossom|218/263\n|\n|-heal|p1a: Bellossom|234/263|[from] item: Leftovers\n|-heal|p2a: Bronzong|199/261|[from] item: Leftovers\n|upkeep\n|turn|13\n|\n|t:|1733850924\n|move|p1a: Bellossom|Giga Drain|p2a: Bronzong\n|-resisted|p2a: Bronzong\n|-damage|p2a: Bronzong|108/261\n|-heal|p1a: Bellossom|263/263|[from] drain|[of] p2a: Bronzong\n|move|p2a: Bronzong|Psychic Noise|p1a: Bellossom\n|-damage|p1a: Bellossom|238/263\n|-start|p1a: Bellossom|move: Heal Block\n|\n|-heal|p2a: Bronzong|124/261|[from] item: Leftovers\n|upkeep\n|turn|14\n|\n|t:|1733850930\n|move|p1a: Bellossom|Quiver Dance|p1a: Bellossom\n|-boost|p1a: Bellossom|spa|1\n|-boost|p1a: Bellossom|spd|1\n|-boost|p1a: Bellossom|spe|1\n|move|p2a: Bronzong|Psychic Noise|p1a: Bellossom\n|-damage|p1a: Bellossom|217/263\n|\n|-heal|p2a: Bronzong|140/261|[from] item: Leftovers\n|-end|p1a: Bellossom|move: Heal Block\n|upkeep\n|turn|15\n|\n|t:|1733850932\n|move|p1a: Bellossom|Giga Drain|p2a: Bronzong\n|-resisted|p2a: Bronzong\n|-damage|p2a: Bronzong|46/261\n|-heal|p1a: Bellossom|263/263|[from] drain|[of] p2a: Bronzong\n|move|p2a: Bronzong|Psychic Noise|p1a: Bellossom\n|-damage|p1a: Bellossom|244/263\n|-start|p1a: Bellossom|move: Heal Block\n|\n|-heal|p2a: Bronzong|62/261|[from] item: Leftovers\n|upkeep\n|turn|16\n|\n|t:|1733850936\n|move|p1a: Bellossom|Quiver Dance|p1a: Bellossom\n|-boost|p1a: Bellossom|spa|1\n|-boost|p1a: Bellossom|spd|1\n|-boost|p1a: Bellossom|spe|1\n|move|p2a: Bronzong|Psychic Noise|p1a: Bellossom\n|-damage|p1a: Bellossom|225/263\n|\n|-heal|p2a: Bronzong|78/261|[from] item: Leftovers\n|-end|p1a: Bellossom|move: Heal Block\n|upkeep\n|turn|17\n|\n|t:|1733850941\n|move|p1a: Bellossom|Giga Drain|p2a: Bronzong\n|-resisted|p2a: Bronzong\n|-damage|p2a: Bronzong|0 fnt\n|-heal|p1a: Bellossom|263/263|[from] drain|[of] p2a: Bronzong\n|faint|p2a: Bronzong\n|\n|upkeep\n|\n|t:|1733850954\n|switch|p2a: Klefki|Klefki, L84, F|233/233\n|turn|18\n|\n|t:|1733850960\n|move|p2a: Klefki|Thunder Wave|p1a: Bellossom\n|-status|p1a: Bellossom|par\n|move|p1a: Bellossom|Giga Drain|p2a: Klefki\n|-resisted|p2a: Klefki\n|-crit|p2a: Klefki\n|-damage|p2a: Klefki|0 fnt\n|faint|p2a: Klefki\n|\n|upkeep\n|\n|t:|1733850964\n|switch|p2a: Ditto|Ditto, L87|225/225\n|-transform|p2a: Ditto|p1a: Bellossom|[from] ability: Imposter\n|turn|19\n|\n|t:|1733850971\n|move|p2a: Ditto|Sludge Bomb|p1a: Bellossom\n|-supereffective|p1a: Bellossom\n|-damage|p1a: Bellossom|151/263 par\n|move|p1a: Bellossom|Sludge Bomb|p2a: Ditto\n|-supereffective|p2a: Ditto\n|-damage|p2a: Ditto|119/225\n|-status|p2a: Ditto|psn\n|\n|-heal|p1a: Bellossom|167/263 par|[from] item: Leftovers\n|-damage|p2a: Ditto|91/225 psn|[from] psn\n|upkeep\n|turn|20\n|\n|t:|1733850975\n|move|p2a: Ditto|Sludge Bomb|p1a: Bellossom\n|-supereffective|p1a: Bellossom\n|-damage|p1a: Bellossom|63/263 par\n|move|p1a: Bellossom|Strength Sap|p2a: Ditto\n|-unboost|p2a: Ditto|atk|1\n|-heal|p1a: Bellossom|202/263 par\n|\n|-heal|p1a: Bellossom|218/263 par|[from] item: Leftovers\n|-damage|p2a: Ditto|63/225 psn|[from] psn\n|upkeep\n|turn|21\n|\n|t:|1733850980\n|move|p2a: Ditto|Sludge Bomb|p1a: Bellossom\n|-supereffective|p1a: Bellossom\n|-damage|p1a: Bellossom|106/263 par\n|move|p1a: Bellossom|Strength Sap|p2a: Ditto\n|-unboost|p2a: Ditto|atk|1\n|-heal|p1a: Bellossom|198/263 par\n|\n|-heal|p1a: Bellossom|214/263 par|[from] item: Leftovers\n|-damage|p2a: Ditto|35/225 psn|[from] psn\n|upkeep\n|turn|22\n|\n|t:|1733850983\n|move|p2a: Ditto|Sludge Bomb|p1a: Bellossom\n|-supereffective|p1a: Bellossom\n|-damage|p1a: Bellossom|98/263 par\n|move|p1a: Bellossom|Strength Sap|p2a: Ditto\n|-unboost|p2a: Ditto|atk|1\n|-heal|p1a: Bellossom|167/263 par\n|\n|-heal|p1a: Bellossom|183/263 par|[from] item: Leftovers\n|-damage|p2a: Ditto|7/225 psn|[from] psn\n|upkeep\n|turn|23\n|\n|t:|1733850985\n|move|p2a: Ditto|Sludge Bomb|p1a: Bellossom\n|-supereffective|p1a: Bellossom\n|-damage|p1a: Bellossom|69/263 par\n|move|p1a: Bellossom|Strength Sap|p2a: Ditto\n|-unboost|p2a: Ditto|atk|1\n|-heal|p1a: Bellossom|124/263 par\n|\n|-heal|p1a: Bellossom|140/263 par|[from] item: Leftovers\n|-damage|p2a: Ditto|0 fnt|[from] psn\n|faint|p2a: Ditto\n|upkeep\n|\n|t:|1733850989\n|switch|p2a: Rotom|Rotom-Heat, L83|219/219\n|turn|24\n|\n|t:|1733850997\n|-terastallize|p2a: Rotom|Fire\n|move|p1a: Bellossom|Giga Drain|p2a: Rotom\n|-resisted|p2a: Rotom\n|-damage|p2a: Rotom|90/219\n|-heal|p1a: Bellossom|205/263 par|[from] drain|[of] p2a: Rotom\n|move|p2a: Rotom|Overheat|p1a: Bellossom\n|-supereffective|p1a: Bellossom\n|-damage|p1a: Bellossom|113/263 par\n|-unboost|p2a: Rotom|spa|2\n|\n|-heal|p1a: Bellossom|129/263 par|[from] item: Leftovers\n|upkeep\n|turn|25\n|\n|t:|1733851001\n|move|p1a: Bellossom|Giga Drain|p2a: Rotom\n|-resisted|p2a: Rotom\n|-damage|p2a: Rotom|0 fnt\n|-heal|p1a: Bellossom|174/263 par|[from] drain|[of] p2a: Rotom\n|faint|p2a: Rotom\n|\n|-heal|p1a: Bellossom|190/263 par|[from] item: Leftovers\n|upkeep\n|-message|antoxx09new forfeited.\n|\n|win|cc126\n|raw|cc126's rating: 1719 &rarr; <strong>1741</strong><br />(+22 for winning)\n|raw|antoxx09new's rating: 1760 &rarr; <strong>1738</strong><br />(-22 for losing)\n|l|\u203dantoxx09new\n|player|p2|\n", "inputlog": ">version bfd83cad13791eb5a5a409923076391caf6fb4d4\n>start {\"formatid\":\"gen9randombattle\",\"seed\":[12329,43328,50041,40478],\"rated\":\"Rated battle\"}\n>player p1 {\"name\":\"cc126\",\"avatar\":\"acetrainer-gen4\",\"rating\":1719,\"seed\":[56990,65521,38534,50455]}\n>player p2 {\"name\":\"antoxx09new\",\"avatar\":\"2\",\"rating\":1741,\"seed\":[32172,7373,25675,13941]}\n>p1 move poltergeist\n>p2 switch 2\n>p1 switch 5\n>p2 move knockoff\n>p1 move swordsdance\n>p2 switch 5\n>p1 move swordsdance terastallize\n>p2 move earthquake\n>p1 move tripleaxel\n>p2 move psychicnoise\n>p1 move tripleaxel\n>p2 move psychicnoise\n>p1 switch 2\n>p1 move quiverdance\n>p2 move ironhead\n>p1 move quiverdance\n>p2 move ironhead\n>p1 move strengthsap\n>p2 move ironhead\n>p1 move quiverdance\n>p2 move psychicnoise\n>p1 move quiverdance\n>p2 move stealthrock\n>p1 move strengthsap\n>p2 move ironhead\n>p1 move gigadrain\n>p2 move psychicnoise\n>p1 move quiverdance\n>p2 move psychicnoise\n>p1 move gigadrain\n>p2 move psychicnoise\n>p1 move quiverdance\n>p2 move psychicnoise\n>p1 move gigadrain\n>p2 move psychicnoise\n>p2 switch 3\n>p1 move gigadrain\n>p2 move thunderwave\n>p2 switch 2\n>p1 move sludgebomb\n>p2 move sludgebomb\n>p1 move strengthsap\n>p2 move sludgebomb\n>p1 move strengthsap\n>p2 move sludgebomb\n>p1 move strengthsap\n>p2 move sludgebomb\n>p1 move strengthsap\n>p2 move sludgebomb\n>p2 switch 4\n>p1 move gigadrain\n>p2 move overheat terastallize\n>p1 move gigadrain\n>p2 move overheat\n>forcelose p2", "uploadtime": 1733851006, "views": 1, "formatid": "gen9randombattle", "rating": 1738, "private": 0, "password": null}