{"id": "gen9randombattle-2259924967", "format": "[Gen 9] Random Battle", "players": ["Celine Fion", "Laritate"], "log": "|j|\u2606Celine Fion\n|j|\u2606Laritate\n|t:|1733780570\n|gametype|singles\n|player|p1|Celine Fion|will|1818\n|player|p2|Laritate|102|1837\n|teamsize|p1|6\n|teamsize|p2|6\n|gen|9\n|tier|[Gen 9] Random Battle\n|rated|\n|rule|Species Clause: Limit one of each Pok\u00e9mon\n|rule|HP Percentage Mod: HP is shown in percentages\n|rule|Sleep Clause Mod: Limit one foe put to sleep\n|rule|Illusion Level Mod: Illusion disguises the Pok\u00e9mon's true level\n|\n|t:|1733780570\n|start\n|switch|p1a: Hatterene|Hatterene, L85, F|236/236\n|switch|p2a: Tauros|Tauros-Paldea-Blaze, L81, M|252/252\n|turn|1\n|inactive|Battle timer is ON: inactive players will automatically lose when time's up. (requested by Laritate)\n|\n|t:|1733780585\n|move|p2a: Tauros|Substitute|p2a: Tauros\n|-start|p2a: Tauros|Substitute\n|-damage|p2a: Tauros|189/252\n|move|p1a: Hatterene|Nuzzle|p2a: Tauros\n|-activate|p2a: Tauros|move: Substitute|[damage]\n|\n|upkeep\n|turn|2\n|\n|t:|1733780590\n|move|p2a: Tauros|Bulk Up|p2a: Tauros\n|-boost|p2a: Tauros|atk|1\n|-boost|p2a: Tauros|def|1\n|move|p1a: Hatterene|Psychic|p2a: Tauros\n|-supereffective|p2a: Tauros\n|-end|p2a: Tauros|Substitute\n|\n|upkeep\n|turn|3\n|\n|t:|1733780598\n|move|p2a: Tauros|Raging Bull|p1a: Hatterene\n|-damage|p1a: Hatterene|104/236\n|move|p1a: Hatterene|Psychic|p2a: Tauros\n|-supereffective|p2a: Tauros\n|-damage|p2a: Tauros|0 fnt\n|faint|p2a: Tauros\n|\n|upkeep\n|\n|t:|1733780602\n|switch|p2a: Cacturne|Cacturne, L92, M|278/278\n|turn|4\n|\n|t:|1733780613\n|switch|p1a: Magmortar|Magmortar, L88, F|275/275\n|move|p2a: Cacturne|Knock Off|p1a: Magmortar\n|-damage|p1a: Magmortar|79/275\n|-enditem|p1a: Magmortar|Heavy-Duty Boots|[from] move: Knock Off|[of] p2a: Cacturne\n|-damage|p2a: Cacturne|251/278|[from] item: Life Orb\n|\n|upkeep\n|turn|5\n|\n|t:|1733780625\n|switch|p2a: Arceus|Arceus-Rock, L74|300/300\n|move|p1a: Magmortar|Will-O-Wisp|p2a: Arceus\n|-status|p2a: Arceus|brn\n|\n|-damage|p2a: Arceus|282/300 brn|[from] brn\n|upkeep\n|turn|6\n|\n|t:|1733780643\n|switch|p1a: Alomomola|Alomomola, L87, F|429/429\n|move|p2a: Arceus|Judgment|p1a: Alomomola\n|-damage|p1a: Alomomola|234/429\n|\n|-damage|p2a: Arceus|264/300 brn|[from] brn\n|upkeep\n|turn|7\n|\n|t:|1733780649\n|switch|p2a: Cacturne|Cacturne, L92, M|251/278\n|move|p1a: Alomomola|Flip Turn|p2a: Cacturne\n|-heal|p2a: Cacturne|278/278|[from] ability: Water Absorb|[of] p1a: Alomomola\n|\n|upkeep\n|turn|8\n|\n|t:|1733780662\n|switch|p1a: Magmortar|Magmortar, L88, F|79/275\n|move|p2a: Cacturne|Toxic Spikes|p1a: Magmortar\n|-sidestart|p1: Celine Fion|move: Toxic Spikes\n|\n|upkeep\n|turn|9\n|\n|t:|1733780671\n|switch|p2a: Arceus|Arceus-Rock, L74|264/300 brn\n|move|p1a: Magmortar|Earthquake|p2a: Arceus\n|-supereffective|p2a: Arceus\n|-damage|p2a: Arceus|126/300 brn\n|\n|-damage|p2a: Arceus|108/300 brn|[from] brn\n|upkeep\n|turn|10\n|\n|t:|1733780683\n|switch|p1a: Alomomola|Alomomola, L87, F|377/429\n|-status|p1a: Alomomola|psn\n|move|p2a: Arceus|Recover|p2a: Arceus\n|-heal|p2a: Arceus|258/300 brn\n|\n|-damage|p1a: Alomomola|324/429 psn|[from] psn\n|-damage|p2a: Arceus|240/300 brn|[from] brn\n|upkeep\n|turn|11\n|\n|t:|1733780689\n|switch|p2a: Cacturne|Cacturne, L92, M|278/278\n|move|p1a: Alomomola|Protect||[still]\n|-fail|p1a: Alomomola\n|\n|-damage|p1a: Alomomola|271/429 psn|[from] psn\n|upkeep\n|turn|12\n|\n|t:|1733780691\n|move|p1a: Alomomola|Wish|p1a: Alomomola\n|move|p2a: Cacturne|Toxic Spikes|p1a: Alomomola\n|-sidestart|p1: Celine Fion|move: Toxic Spikes\n|\n|-damage|p1a: Alomomola|218/429 psn|[from] psn\n|upkeep\n|turn|13\n|\n|t:|1733780695\n|switch|p1a: Magmortar|Magmortar, L88, F|79/275\n|-status|p1a: Magmortar|tox\n|move|p2a: Cacturne|Knock Off|p1a: Magmortar\n|-damage|p1a: Magmortar|0 fnt\n|faint|p1a: Magmortar\n|-damage|p2a: Cacturne|251/278|[from] item: Life Orb\n|\n|upkeep\n|\n|t:|1733780720\n|switch|p1a: Iron Leaves|Iron Leaves, L80|275/275\n|-status|p1a: Iron Leaves|tox\n|turn|14\n|\n|t:|1733780729\n|switch|p2a: Tropius|Tropius, L91, F|328/328\n|move|p1a: Iron Leaves|Close Combat|p2a: Tropius\n|-resisted|p2a: Tropius\n|-damage|p2a: Tropius|267/328\n|-unboost|p1a: Iron Leaves|def|1\n|-unboost|p1a: Iron Leaves|spd|1\n|-damage|p1a: Iron Leaves|248/275 tox|[from] item: Life Orb\n|\n|-damage|p1a: Iron Leaves|231/275 tox|[from] psn\n|upkeep\n|turn|15\n|\n|t:|1733780743\n|-end|p1a: Iron Leaves|Quark Drive|[silent]\n|switch|p1a: Clawitzer|Clawitzer, L87, F|265/265\n|-status|p1a: Clawitzer|tox\n|move|p2a: Tropius|Dual Wingbeat|p1a: Clawitzer\n|-damage|p1a: Clawitzer|229/265 tox\n|-damage|p1a: Clawitzer|187/265 tox\n|-hitcount|p1a: Clawitzer|2\n|\n|-damage|p1a: Clawitzer|171/265 tox|[from] psn\n|upkeep\n|turn|16\n|\n|t:|1733780756\n|move|p1a: Clawitzer|Dragon Pulse|p2a: Tropius\n|-damage|p2a: Tropius|120/328\n|-enditem|p2a: Tropius|Sitrus Berry|[eat]\n|-heal|p2a: Tropius|202/328|[from] item: Sitrus Berry\n|move|p2a: Tropius|Dragon Dance|p2a: Tropius\n|-boost|p2a: Tropius|atk|1\n|-boost|p2a: Tropius|spe|1\n|\n|-damage|p1a: Clawitzer|139/265 tox|[from] psn\n|-item|p2a: Tropius|Sitrus Berry|[from] ability: Harvest\n|upkeep\n|turn|17\n|\n|t:|1733780762\n|move|p2a: Tropius|Synthesis|p2a: Tropius\n|-heal|p2a: Tropius|328/328\n|move|p1a: Clawitzer|Dragon Pulse|p2a: Tropius\n|-damage|p2a: Tropius|158/328\n|-enditem|p2a: Tropius|Sitrus Berry|[eat]\n|-heal|p2a: Tropius|240/328|[from] item: Sitrus Berry\n|\n|-damage|p1a: Clawitzer|91/265 tox|[from] psn\n|-item|p2a: Tropius|Sitrus Berry|[from] ability: Harvest\n|upkeep\n|turn|18\n|\n|t:|1733780767\n|move|p2a: Tropius|Synthesis|p2a: Tropius\n|-heal|p2a: Tropius|328/328\n|move|p1a: Clawitzer|Dragon Pulse|p2a: Tropius\n|-damage|p2a: Tropius|158/328\n|-enditem|p2a: Tropius|Sitrus Berry|[eat]\n|-heal|p2a: Tropius|240/328|[from] item: Sitrus Berry\n|\n|-damage|p1a: Clawitzer|27/265 tox|[from] psn\n|upkeep\n|turn|19\n|\n|t:|1733780771\n|move|p2a: Tropius|Dual Wingbeat|p1a: Clawitzer|[miss]\n|-miss|p2a: Tropius|p1a: Clawitzer\n|move|p1a: Clawitzer|Dragon Pulse|p2a: Tropius\n|-damage|p2a: Tropius|86/328\n|\n|-damage|p1a: Clawitzer|0 fnt|[from] psn\n|faint|p1a: Clawitzer\n|upkeep\n|\n|t:|1733780778\n|switch|p1a: Iron Leaves|Iron Leaves, L80|231/275 tox\n|turn|20\n|\n|t:|1733780781\n|move|p2a: Tropius|Dual Wingbeat|p1a: Iron Leaves\n|-supereffective|p1a: Iron Leaves\n|-crit|p1a: Iron Leaves\n|-damage|p1a: Iron Leaves|39/275 tox\n|-supereffective|p1a: Iron Leaves\n|-damage|p1a: Iron Leaves|0 fnt\n|faint|p1a: Iron Leaves\n|-end|p1a: Iron Leaves|Quark Drive|[silent]\n|-hitcount|p1: Iron Leaves|2\n|\n|upkeep\n|l|\u2606Celine Fion\n|inactive|Celine Fion disconnected and has a minute to reconnect!\n|player|p1|\n|inactive|Celine Fion has 30 seconds to reconnect!\n|inactive|Celine Fion has 20 seconds to reconnect!\n|inactive|Celine Fion has 15 seconds to reconnect!\n|inactive|Celine Fion has 10 seconds to reconnect!\n|inactive|Celine Fion has 5 seconds to reconnect!\n|-message|Celine Fion lost due to inactivity.\n|\n|win|Laritate\n|raw|Celine Fion's rating: 1818 &rarr; <strong>1799</strong><br />(-19 for losing)\n|raw|Laritate's rating: 1837 &rarr; <strong>1856</strong><br />(+19 for winning)\n", "inputlog": ">version bfd83cad13791eb5a5a409923076391caf6fb4d4\n>start {\"formatid\":\"gen9randombattle\",\"seed\":[2442,5953,46612,17821],\"rated\":\"Rated battle\"}\n>player p1 {\"name\":\"Celine Fion\",\"avatar\":\"will\",\"rating\":1818,\"seed\":[61971,26504,48413,56290]}\n>player p2 {\"name\":\"Laritate\",\"avatar\":\"102\",\"rating\":1837,\"seed\":[50670,43980,40751,11491]}\n>p1 move nuzzle\n>p2 move substitute\n>p1 move psychic\n>p2 move bulkup\n>p1 move psychic\n>p2 move ragingbull\n>p2 switch 3\n>p1 switch 3\n>p2 move knockoff\n>p1 move willowisp\n>p2 switch 4\n>p1 switch 4\n>p2 move judgment\n>p1 move flipturn\n>p2 switch 4\n>p1 switch 4\n>p2 move toxicspikes\n>p1 move earthquake\n>p2 switch 4\n>p1 switch 4\n>p2 move recover\n>p1 move protect\n>p2 switch 4\n>p1 move wish\n>p2 move toxicspikes\n>p1 switch 4\n>p2 move knockoff\n>p1 switch 5\n>p1 move closecombat\n>p2 switch 2\n>p1 switch 2\n>p2 move dualwingbeat\n>p1 move dragonpulse\n>p2 move dragondance\n>p1 move dragonpulse\n>p2 move synthesis\n>p1 move dragonpulse\n>p2 move synthesis\n>p1 move dragonpulse\n>p2 move dualwingbeat\n>p1 switch 2\n>p1 move psyblade\n>p2 move dualwingbeat\n>forcelose p1", "uploadtime": 1733780851, "views": 1, "formatid": "gen9randombattle", "rating": 1799, "private": 0, "password": null}