{"id": "gen9randombattle-2260609854", "format": "[Gen 9] Random Battle", "players": ["ddddddabai", "Darkest_Nero"], "log": "|j|\u2606ddddddabai\n|j|\u203dDarkest_Nero\n|t:|1733868928\n|gametype|singles\n|player|p1|ddddddabai|ghetsis|1159\n|player|p2|Darkest_Nero|red|1129\n|teamsize|p1|6\n|teamsize|p2|6\n|gen|9\n|tier|[Gen 9] Random Battle\n|rated|\n|rule|Species Clause: Limit one of each Pok\u00e9mon\n|rule|HP Percentage Mod: HP is shown in percentages\n|rule|Sleep Clause Mod: Limit one foe put to sleep\n|rule|Illusion Level Mod: Illusion disguises the Pok\u00e9mon's true level\n|\n|t:|1733868928\n|start\n|switch|p1a: Tornadus|Tornadus, L82, M|263/263\n|switch|p2a: Arceus|Arceus-Steel, L70|284/284\n|turn|1\n|\n|t:|1733868956\n|switch|p1a: Magearna|Magearna-Original, L77|250/250\n|move|p2a: Arceus|Calm Mind|p2a: Arceus\n|-boost|p2a: Arceus|spa|1\n|-boost|p2a: Arceus|spd|1\n|\n|upkeep\n|turn|2\n|\n|t:|1733868976\n|move|p2a: Arceus|Earth Power|p1a: Magearna\n|-supereffective|p1a: Magearna\n|-damage|p1a: Magearna|116/250\n|move|p1a: Magearna|Calm Mind|p1a: Magearna\n|-boost|p1a: Magearna|spa|1\n|-boost|p1a: Magearna|spd|1\n|\n|-heal|p1a: Magearna|131/250|[from] item: Leftovers\n|upkeep\n|turn|3\n|\n|t:|1733868988\n|-terastallize|p1a: Magearna|Flying\n|move|p2a: Arceus|Calm Mind|p2a: Arceus\n|-boost|p2a: Arceus|spa|1\n|-boost|p2a: Arceus|spd|1\n|move|p1a: Magearna|Calm Mind|p1a: Magearna\n|-boost|p1a: Magearna|spa|1\n|-boost|p1a: Magearna|spd|1\n|\n|-heal|p1a: Magearna|146/250|[from] item: Leftovers\n|upkeep\n|turn|4\n|\n|t:|1733869003\n|move|p2a: Arceus|Judgment|p1a: Magearna\n|-damage|p1a: Magearna|59/250\n|move|p1a: Magearna|Fleur Cannon|p2a: Arceus\n|-resisted|p2a: Arceus\n|-crit|p2a: Arceus\n|-damage|p2a: Arceus|92/284\n|-unboost|p1a: Magearna|spa|2\n|\n|-heal|p1a: Magearna|74/250|[from] item: Leftovers\n|upkeep\n|turn|5\n|\n|t:|1733869029\n|move|p2a: Arceus|Judgment|p1a: Magearna\n|-crit|p1a: Magearna\n|-damage|p1a: Magearna|0 fnt\n|faint|p1a: Magearna\n|\n|upkeep\n|inactive|Battle timer is ON: inactive players will automatically lose when time's up. (requested by Darkest_Nero)\n|\n|t:|1733869064\n|switch|p1a: Zebstrika|Zebstrika, L87, F|272/272\n|turn|6\n|\n|t:|1733869074\n|move|p1a: Zebstrika|Supercell Slam|p2a: Arceus\n|-damage|p2a: Arceus|0 fnt\n|faint|p2a: Arceus\n|-damage|p1a: Zebstrika|245/272|[from] item: Life Orb\n|\n|upkeep\n|\n|t:|1733869093\n|switch|p2a: Slaking|Slaking, L84, F|389/389\n|turn|7\n|\n|t:|1733869107\n|move|p2a: Slaking|Earthquake|p1a: Zebstrika\n|-supereffective|p1a: Zebstrika\n|-damage|p1a: Zebstrika|0 fnt\n|faint|p1a: Zebstrika\n|\n|upkeep\n|\n|t:|1733869118\n|switch|p1a: Roaring Moon|Roaring Moon, L72|270/270\n|turn|8\n|\n|t:|1733869124\n|cant|p2a: Slaking|ability: Truant\n|move|p1a: Roaring Moon|Dragon Dance|p1a: Roaring Moon\n|-boost|p1a: Roaring Moon|atk|1\n|-boost|p1a: Roaring Moon|spe|1\n|\n|upkeep\n|turn|9\n|\n|t:|1733869131\n|move|p2a: Slaking|Earthquake|p1a: Roaring Moon\n|-damage|p1a: Roaring Moon|114/270\n|move|p1a: Roaring Moon|Outrage|p2a: Slaking\n|-damage|p2a: Slaking|220/389\n|\n|upkeep\n|turn|10\n|\n|t:|1733869138\n|cant|p2a: Slaking|ability: Truant\n|move|p1a: Roaring Moon|Outrage|p2a: Slaking|[from]lockedmove\n|-damage|p2a: Slaking|63/389\n|\n|upkeep\n|turn|11\n|\n|t:|1733869144\n|move|p2a: Slaking|Earthquake|p1a: Roaring Moon\n|-damage|p1a: Roaring Moon|0 fnt\n|faint|p1a: Roaring Moon\n|-end|p1a: Roaring Moon|Protosynthesis|[silent]\n|\n|upkeep\n|\n|t:|1733869150\n|switch|p1a: Rabsca|Rabsca, L91, M|284/284\n|turn|12\n|\n|t:|1733869168\n|cant|p2a: Slaking|ability: Truant\n|move|p1a: Rabsca|Psychic|p2a: Slaking\n|-damage|p2a: Slaking|0 fnt\n|faint|p2a: Slaking\n|\n|upkeep\n|inactive|Darkest_Nero has 120 seconds left.\n|\n|t:|1733869190\n|switch|p2a: Hawlucha|Hawlucha, L80, F|256/256\n|turn|13\n|\n|t:|1733869198\n|move|p2a: Hawlucha|Swords Dance|p2a: Hawlucha\n|-boost|p2a: Hawlucha|atk|2\n|move|p1a: Rabsca|Revival Blessing|p1a: Rabsca\n|\n|t:|1733869201\n|-heal|p1: Magearna|125/250|[from] move: Revival Blessing\n|\n|upkeep\n|turn|14\n|\n|t:|1733869210\n|move|p2a: Hawlucha|Acrobatics|p1a: Rabsca\n|-supereffective|p1a: Rabsca\n|-damage|p1a: Rabsca|102/284\n|move|p1a: Rabsca|Psychic|p2a: Hawlucha\n|-supereffective|p2a: Hawlucha\n|-damage|p2a: Hawlucha|0 fnt\n|faint|p2a: Hawlucha\n|\n|upkeep\n|\n|t:|1733869222\n|switch|p2a: Necrozma|Necrozma-Dawn-Wings, L76|272/272\n|turn|15\n|\n|t:|1733869231\n|switch|p1a: Lurantis|Lurantis, L87, F|264/264\n|move|p2a: Necrozma|Dragon Dance|p2a: Necrozma\n|-boost|p2a: Necrozma|atk|1\n|-boost|p2a: Necrozma|spe|1\n|\n|upkeep\n|turn|16\n|\n|t:|1733869245\n|move|p2a: Necrozma|Dragon Dance|p2a: Necrozma\n|-boost|p2a: Necrozma|atk|1\n|-boost|p2a: Necrozma|spe|1\n|move|p1a: Lurantis|Knock Off|p2a: Necrozma\n|-supereffective|p2a: Necrozma\n|-damage|p2a: Necrozma|50/272\n|-enditem|p2a: Necrozma|Life Orb|[from] move: Knock Off|[of] p1a: Lurantis\n|\n|upkeep\n|turn|17\n|inactive|Darkest_Nero has 120 seconds left.\n|\n|t:|1733869286\n|move|p2a: Necrozma|Moongeist Beam|p1a: Lurantis\n|-damage|p1a: Lurantis|146/264\n|move|p1a: Lurantis|Knock Off|p2a: Necrozma\n|-supereffective|p2a: Necrozma\n|-damage|p2a: Necrozma|0 fnt\n|faint|p2a: Necrozma\n|\n|-heal|p1a: Lurantis|162/264|[from] item: Leftovers\n|upkeep\n|\n|t:|1733869300\n|switch|p2a: Tatsugiri|Tatsugiri-Droopy, L87, F|260/260\n|turn|18\n|\n|t:|1733869306\n|move|p2a: Tatsugiri|Draco Meteor|p1a: Lurantis|[miss]\n|-miss|p2a: Tatsugiri|p1a: Lurantis\n|move|p1a: Lurantis|Leaf Storm|p2a: Tatsugiri\n|-damage|p2a: Tatsugiri|139/260\n|-boost|p1a: Lurantis|spa|2\n|\n|-heal|p1a: Lurantis|178/264|[from] item: Leftovers\n|upkeep\n|turn|19\n|\n|t:|1733869318\n|move|p2a: Tatsugiri|Nasty Plot|p2a: Tatsugiri\n|-boost|p2a: Tatsugiri|spa|2\n|move|p1a: Lurantis|Superpower|p2a: Tatsugiri\n|-damage|p2a: Tatsugiri|27/260\n|-boost|p1a: Lurantis|atk|1\n|-boost|p1a: Lurantis|def|1\n|\n|-heal|p1a: Lurantis|194/264|[from] item: Leftovers\n|upkeep\n|turn|20\n|\n|t:|1733869329\n|move|p2a: Tatsugiri|Draco Meteor|p1a: Lurantis\n|-damage|p1a: Lurantis|0 fnt\n|-unboost|p2a: Tatsugiri|spa|2\n|faint|p1a: Lurantis\n|\n|upkeep\n|\n|t:|1733869333\n|switch|p1a: Tornadus|Tornadus, L82, M|263/263\n|turn|21\n|\n|t:|1733869341\n|move|p1a: Tornadus|Bleakwind Storm|p2a: Tatsugiri\n|-damage|p2a: Tatsugiri|0 fnt\n|faint|p2a: Tatsugiri\n|\n|upkeep\n|\n|t:|1733869345\n|switch|p2a: Mimikyu|Mimikyu, L79, M|216/216\n|turn|22\n|\n|t:|1733869353\n|move|p1a: Tornadus|Bleakwind Storm|p2a: Mimikyu|[miss]\n|-miss|p1a: Tornadus|p2a: Mimikyu\n|move|p2a: Mimikyu|Swords Dance|p2a: Mimikyu\n|-boost|p2a: Mimikyu|atk|2\n|\n|upkeep\n|turn|23\n|inactive|Darkest_Nero has 120 seconds left.\n|\n|t:|1733869376\n|move|p1a: Tornadus|Bleakwind Storm|p2a: Mimikyu\n|-activate|p2a: Mimikyu|ability: Disguise\n|-damage|p2a: Mimikyu|216/216\n|-unboost|p2a: Mimikyu|spe|1\n|detailschange|p2a: Mimikyu|Mimikyu-Busted, L79, M\n|-damage|p2a: Mimikyu|189/216|[from] pokemon: Mimikyu-Busted\n|move|p2a: Mimikyu|Swords Dance|p2a: Mimikyu\n|-boost|p2a: Mimikyu|atk|2\n|\n|upkeep\n|turn|24\n|inactive|Darkest_Nero has 120 seconds left.\n|\n|t:|1733869387\n|switch|p1a: Rabsca|Rabsca, L91, M|102/284\n|move|p2a: Mimikyu|Shadow Sneak|p1a: Rabsca\n|-supereffective|p1a: Rabsca\n|-damage|p1a: Rabsca|0 fnt\n|faint|p1a: Rabsca\n|-damage|p2a: Mimikyu|168/216|[from] item: Life Orb\n|\n|upkeep\n|\n|t:|1733869390\n|switch|p1a: Tornadus|Tornadus, L82, M|263/263\n|turn|25\n|\n|t:|1733869398\n|move|p2a: Mimikyu|Shadow Sneak|p1a: Tornadus\n|-damage|p1a: Tornadus|103/263\n|-damage|p2a: Mimikyu|147/216|[from] item: Life Orb\n|move|p1a: Tornadus|Bleakwind Storm|p2a: Mimikyu\n|-damage|p2a: Mimikyu|0 fnt\n|faint|p2a: Mimikyu\n|\n|win|ddddddabai\n|raw|ddddddabai's rating: 1159 &rarr; <strong>1182</strong><br />(+23 for winning)\n|raw|Darkest_Nero's rating: 1129 &rarr; <strong>1106</strong><br />(-23 for losing)\n|l|\u203dDarkest_Nero\n|player|p2|\n", "inputlog": ">version bfd83cad13791eb5a5a409923076391caf6fb4d4\n>start {\"formatid\":\"gen9randombattle\",\"seed\":[1628,50372,44058,40985],\"rated\":\"Rated battle\"}\n>player p1 {\"name\":\"ddddddabai\",\"avatar\":\"ghetsis\",\"rating\":1159,\"seed\":[8918,53681,17618,23981]}\n>player p2 {\"name\":\"Darkest_Nero\",\"avatar\":\"red\",\"rating\":1129,\"seed\":[39408,10554,50047,36334]}\n>p1 switch 5\n>p2 move calmmind\n>p1 move calmmind\n>p2 move earthpower\n>p1 move calmmind terastallize\n>p2 move calmmind\n>p1 move fleurcannon\n>p2 move judgment\n>p1 move calmmind\n>p2 move judgment\n>p1 switch 3\n>p1 move supercellslam\n>p2 move recover\n>p2 switch 4\n>p1 move voltswitch\n>p2 move earthquake\n>p1 switch 2\n>p1 move dragondance\n>p2 move earthquake\n>p1 move outrage\n>p2 move earthquake\n>p1 move outrage\n>p2 move earthquake\n>p1 move outrage\n>p2 move earthquake\n>p1 switch 6\n>p1 move psychic\n>p2 move earthquake\n>p2 switch 3\n>p1 move revivalblessing\n>p2 move swordsdance\n>p1 switch 3\n>p1 move psychic\n>p2 move acrobatics\n>p2 switch 2\n>p1 switch 4\n>p2 move dragondance\n>p1 move knockoff\n>p2 move dragondance\n>p1 move knockoff\n>p2 move moongeistbeam\n>p2 switch 5\n>p1 move leafstorm\n>p2 move dracometeor\n>p1 move superpower\n>p2 move nastyplot\n>p1 move leafstorm\n>p2 move dracometeor\n>p1 switch 5\n>p1 move bleakwindstorm\n>p2 move dracometeor\n>p2 switch 6\n>p1 move bleakwindstorm\n>p2 move swordsdance\n>p1 move bleakwindstorm\n>p2 move swordsdance\n>p1 switch 4\n>p2 move shadowsneak\n>p1 switch 4\n>p1 move bleakwindstorm\n>p2 move shadowsneak", "uploadtime": 1733869406, "views": 13, "formatid": "gen9randombattle", "rating": 1106, "private": 0, "password": null}