{"id": "gen9randombattle-2127725615", "format": "[Gen 9] Random Battle", "players": ["nocomment3", "LizarDune"], "log": "|badge|p1|bronze|gen9randombattle|100-1\n|uhtml|medal-msg|<div class=\"broadcast-blue\">Curious what those medals under the avatar are? PS now has Ladder Seasons! For more information, check out the <a href=\"https://www.smogon.com/forums/threads/3740067/\">thread on Smogon.</a></div>\n|badge|p2|silver|gen9randombattle|30-1\n|uhtml|medal-msg|<div class=\"broadcast-blue\">Curious what those medals under the avatar are? PS now has Ladder Seasons! For more information, check out the <a href=\"https://www.smogon.com/forums/threads/3740067/\">thread on Smogon.</a></div>\n|j|\u2606nocomment3\n|j|\u2606LizarDune\n|t:|1716323777\n|gametype|singles\n|player|p1|nocomment3|170|2318\n|player|p2|LizarDune|musician|2434\n|teamsize|p1|6\n|teamsize|p2|6\n|gen|9\n|tier|[Gen 9] Random Battle\n|rated|\n|rule|Species Clause: Limit one of each Pok\u00e9mon\n|rule|HP Percentage Mod: HP is shown in percentages\n|rule|Sleep Clause Mod: Limit one foe put to sleep\n|rule|Illusion Level Mod: Illusion disguises the Pok\u00e9mon's true level\n|\n|t:|1716323777\n|start\n|switch|p1a: Deoxys|Deoxys-Defense, L86|226/226\n|switch|p2a: Meowstic|Meowstic, L89, M|277/277\n|-ability|p1a: Deoxys|Pressure\n|turn|1\n|inactive|Battle timer is ON: inactive players will automatically lose when time's up. (requested by LizarDune)\n|inactive|LizarDune has 120 seconds left.\n|\n|t:|1716323821\n|move|p2a: Meowstic|Light Screen|p2a: Meowstic\n|-sidestart|p2: LizarDune|move: Light Screen\n|move|p1a: Deoxys|Night Shade|p2a: Meowstic\n|-damage|p2a: Meowstic|191/277\n|\n|upkeep\n|turn|2\n|\n|t:|1716323850\n|switch|p2a: Scizor|Scizor, L79, F|240/240\n|move|p1a: Deoxys|Night Shade|p2a: Scizor\n|-damage|p2a: Scizor|154/240\n|\n|-heal|p2a: Scizor|169/240|[from] item: Leftovers\n|upkeep\n|turn|3\n|\n|t:|1716323856\n|switch|p1a: Corviknight|Corviknight, L80, F|288/288\n|move|p2a: Scizor|Knock Off|p1a: Corviknight\n|-damage|p1a: Corviknight|222/288\n|-enditem|p1a: Corviknight|Leftovers|[from] move: Knock Off|[of] p2a: Scizor\n|\n|-heal|p2a: Scizor|184/240|[from] item: Leftovers\n|upkeep\n|turn|4\n|\n|t:|1716323865\n|switch|p2a: Magmortar|Magmortar, L88, F|275/275\n|move|p1a: Corviknight|Defog|p2a: Magmortar\n|-unboost|p2a: Magmortar|evasion|1\n|-sideend|p2: LizarDune|move: Light Screen\n|\n|upkeep\n|turn|5\n|\n|t:|1716323874\n|switch|p1a: Clawitzer|Clawitzer, L86, F|262/262\n|move|p2a: Magmortar|Knock Off|p1a: Clawitzer\n|-damage|p1a: Clawitzer|193/262\n|-enditem|p1a: Clawitzer|Choice Specs|[from] move: Knock Off|[of] p2a: Magmortar\n|\n|upkeep\n|turn|6\n|inactive|LizarDune has 120 seconds left.\n|\n|t:|1716323920\n|switch|p2a: Dragalge|Dragalge, L88, F|258/258\n|move|p1a: Clawitzer|Water Pulse|p2a: Dragalge\n|-resisted|p2a: Dragalge\n|-crit|p2a: Dragalge\n|-damage|p2a: Dragalge|198/258\n|\n|-heal|p2a: Dragalge|214/258|[from] item: Leftovers\n|upkeep\n|turn|7\n|\n|t:|1716323928\n|move|p1a: Clawitzer|Dragon Pulse|p2a: Dragalge\n|-supereffective|p2a: Dragalge\n|-damage|p2a: Dragalge|40/258\n|move|p2a: Dragalge|Hydro Pump|p1a: Clawitzer\n|-resisted|p1a: Clawitzer\n|-damage|p1a: Clawitzer|154/262\n|\n|-heal|p2a: Dragalge|56/258|[from] item: Leftovers\n|upkeep\n|turn|8\n|\n|t:|1716323937\n|move|p1a: Clawitzer|Water Pulse|p2a: Dragalge\n|-resisted|p2a: Dragalge\n|-crit|p2a: Dragalge\n|-damage|p2a: Dragalge|0 fnt\n|faint|p2a: Dragalge\n|\n|upkeep\n|\n|t:|1716323951\n|switch|p2a: Magmortar|Magmortar, L88, F|275/275\n|turn|9\n|\n|t:|1716323954\n|move|p2a: Magmortar|Thunderbolt|p1a: Clawitzer\n|-supereffective|p1a: Clawitzer\n|-damage|p1a: Clawitzer|0 fnt\n|faint|p1a: Clawitzer\n|\n|upkeep\n|\n|t:|1716323971\n|switch|p1a: Dunsparce|Dunsparce, L86, M|312/312\n|turn|10\n|\n|t:|1716323981\n|move|p2a: Magmortar|Knock Off|p1a: Dunsparce\n|-crit|p1a: Dunsparce\n|-damage|p1a: Dunsparce|222/312\n|-enditem|p1a: Dunsparce|Eviolite|[from] move: Knock Off|[of] p2a: Magmortar\n|move|p1a: Dunsparce|Body Slam|p2a: Magmortar\n|-damage|p2a: Magmortar|185/275\n|-status|p1a: Dunsparce|brn|[from] ability: Flame Body|[of] p2a: Magmortar\n|\n|-damage|p1a: Dunsparce|203/312 brn|[from] brn\n|upkeep\n|turn|11\n|inactive|LizarDune has 120 seconds left.\n|l|\u2606nocomment3\n|inactive|nocomment3 disconnected and has a minute to reconnect!\n|player|p1|\n|j|\u2606nocomment3\n|inactive|nocomment3 reconnected.\n|player|p1|nocomment3|170|\n|\n|t:|1716324023\n|switch|p2a: Scizor|Scizor, L79, F|184/240\n|move|p1a: Dunsparce|Body Slam|p2a: Scizor\n|-resisted|p2a: Scizor\n|-damage|p2a: Scizor|167/240\n|-status|p2a: Scizor|par\n|\n|-heal|p2a: Scizor|182/240 par|[from] item: Leftovers\n|-damage|p1a: Dunsparce|184/312 brn|[from] brn\n|upkeep\n|turn|12\n|\n|t:|1716324033\n|switch|p1a: Corviknight|Corviknight, L80, F|222/288\n|move|p2a: Scizor|Close Combat|p1a: Corviknight\n|-damage|p1a: Corviknight|130/288\n|-unboost|p2a: Scizor|def|1\n|-unboost|p2a: Scizor|spd|1\n|\n|-heal|p2a: Scizor|197/240 par|[from] item: Leftovers\n|upkeep\n|turn|13\n|\n|t:|1716324040\n|switch|p2a: Magmortar|Magmortar, L88, F|185/275\n|move|p1a: Corviknight|Roost|p1a: Corviknight\n|-heal|p1a: Corviknight|274/288\n|-singleturn|p1a: Corviknight|move: Roost\n|\n|upkeep\n|turn|14\n|\n|t:|1716324054\n|switch|p1a: Deoxys|Deoxys-Defense, L86|226/226\n|-ability|p1a: Deoxys|Pressure\n|move|p2a: Magmortar|Fire Blast|p1a: Deoxys\n|-damage|p1a: Deoxys|136/226\n|\n|upkeep\n|turn|15\n|inactive|LizarDune has 120 seconds left.\n|\n|t:|1716324068\n|switch|p2a: Scizor|Scizor, L79, F|197/240 par\n|move|p1a: Deoxys|Stealth Rock|p2a: Scizor\n|-sidestart|p2: LizarDune|move: Stealth Rock\n|\n|-heal|p2a: Scizor|212/240 par|[from] item: Leftovers\n|upkeep\n|turn|16\n|\n|t:|1716324077\n|move|p1a: Deoxys|Recover|p1a: Deoxys\n|-heal|p1a: Deoxys|226/226\n|move|p2a: Scizor|Knock Off|p1a: Deoxys\n|-supereffective|p1a: Deoxys\n|-damage|p1a: Deoxys|124/226\n|-damage|p2a: Scizor|172/240 par|[from] item: Rocky Helmet|[of] p1a: Deoxys\n|-enditem|p1a: Deoxys|Rocky Helmet|[from] move: Knock Off|[of] p2a: Scizor\n|\n|-heal|p2a: Scizor|187/240 par|[from] item: Leftovers\n|upkeep\n|turn|17\n|inactive|LizarDune has 120 seconds left.\n|j| Zeonder\n|l|\u2606nocomment3\n|inactive|nocomment3 disconnected and has a minute to reconnect!\n|player|p1|\n|j|\u2606nocomment3\n|inactive|nocomment3 reconnected.\n|player|p1|nocomment3|170|\n|\n|t:|1716324116\n|switch|p2a: Quagsire|Quagsire, L84, M|297/297\n|-damage|p2a: Quagsire|279/297|[from] Stealth Rock\n|move|p1a: Deoxys|Recover|p1a: Deoxys\n|-heal|p1a: Deoxys|226/226\n|\n|-heal|p2a: Quagsire|297/297|[from] item: Leftovers\n|upkeep\n|turn|18\n|\n|t:|1716324124\n|move|p1a: Deoxys|Spikes|p2a: Quagsire\n|-sidestart|p2: LizarDune|Spikes\n|move|p2a: Quagsire|Toxic|p1a: Deoxys\n|-status|p1a: Deoxys|tox\n|\n|-damage|p1a: Deoxys|212/226 tox|[from] psn\n|upkeep\n|turn|19\n|\n|t:|1716324132\n|move|p1a: Deoxys|Spikes|p2a: Quagsire\n|-sidestart|p2: LizarDune|Spikes\n|move|p2a: Quagsire|Earthquake|p1a: Deoxys\n|-damage|p1a: Deoxys|149/226 tox\n|\n|-damage|p1a: Deoxys|121/226 tox|[from] psn\n|upkeep\n|turn|20\n|\n|t:|1716324138\n|switch|p1a: Arboliva|Arboliva, L91, F|288/288\n|switch|p2a: Scizor|Scizor, L79, F|187/240 par\n|-damage|p2a: Scizor|157/240 par|[from] Stealth Rock\n|-damage|p2a: Scizor|117/240 par|[from] Spikes\n|\n|-heal|p2a: Scizor|132/240 par|[from] item: Leftovers\n|upkeep\n|turn|21\n|\n|t:|1716324154\n|move|p1a: Arboliva|Hyper Voice|p2a: Scizor\n|-resisted|p2a: Scizor\n|-damage|p2a: Scizor|55/240 par\n|move|p2a: Scizor|Defog|p1a: Arboliva\n|-unboost|p1a: Arboliva|evasion|1\n|-sideend|p2: LizarDune|Spikes|[from] move: Defog|[of] p2a: Scizor\n|-sideend|p2: LizarDune|Stealth Rock|[from] move: Defog|[of] p2a: Scizor\n|\n|-heal|p2a: Scizor|70/240 par|[from] item: Leftovers\n|upkeep\n|turn|22\n|inactive|LizarDune has 120 seconds left.\n|\n|t:|1716324170\n|move|p2a: Scizor|Bullet Punch|p1a: Arboliva\n|-damage|p1a: Arboliva|228/288\n|move|p1a: Arboliva|Hyper Voice|p2a: Scizor\n|-resisted|p2a: Scizor\n|-damage|p2a: Scizor|0 fnt\n|faint|p2a: Scizor\n|\n|upkeep\n|inactive|LizarDune has 120 seconds left.\n|\n|t:|1716324198\n|switch|p2a: Magmortar|Magmortar, L88, F|185/275\n|turn|23\n|inactive|nocomment3 has 120 seconds left.\n|l|\u2606nocomment3\n|inactive|nocomment3 disconnected and has a minute to reconnect!\n|player|p1|\n|j|\u2606nocomment3\n|inactive|nocomment3 reconnected and has 85 seconds left.\n|player|p1|nocomment3|170|\n|\n|t:|1716324272\n|-terastallize|p1a: Arboliva|Poison\n|move|p2a: Magmortar|Knock Off|p1a: Arboliva\n|-damage|p1a: Arboliva|163/288\n|-enditem|p1a: Arboliva|Sitrus Berry|[from] move: Knock Off|[of] p2a: Magmortar\n|move|p1a: Arboliva|Hyper Voice|p2a: Magmortar\n|-damage|p2a: Magmortar|64/275\n|\n|upkeep\n|turn|24\n|inactive|LizarDune has 90 seconds left.\n|\n|t:|1716324317\n|move|p2a: Magmortar|Fire Blast|p1a: Arboliva\n|-damage|p1a: Arboliva|48/288\n|move|p1a: Arboliva|Hyper Voice|p2a: Magmortar\n|-damage|p2a: Magmortar|0 fnt\n|faint|p2a: Magmortar\n|\n|upkeep\n|\n|t:|1716324333\n|switch|p2a: Meowstic|Meowstic, L89, M|191/277\n|turn|25\n|\n|t:|1716324341\n|move|p2a: Meowstic|Psychic Noise|p1a: Arboliva\n|-supereffective|p1a: Arboliva\n|-damage|p1a: Arboliva|0 fnt\n|faint|p1a: Arboliva\n|\n|upkeep\n|inactive|nocomment3 has 90 seconds left.\n|\n|t:|1716324364\n|switch|p1a: Corviknight|Corviknight, L80, F|274/288\n|turn|26\n|\n|t:|1716324374\n|move|p2a: Meowstic|Reflect|p2a: Meowstic\n|-sidestart|p2: LizarDune|Reflect\n|move|p1a: Corviknight|Brave Bird|p2a: Meowstic\n|-damage|p2a: Meowstic|138/277\n|-damage|p1a: Corviknight|257/288|[from] Recoil\n|\n|upkeep\n|turn|27\n|\n|t:|1716324387\n|switch|p2a: Quagsire|Quagsire, L84, M|297/297\n|move|p1a: Corviknight|Defog|p2a: Quagsire\n|-unboost|p2a: Quagsire|evasion|1\n|-sideend|p2: LizarDune|Reflect\n|\n|upkeep\n|turn|28\n|\n|t:|1716324392\n|switch|p1a: Dunsparce|Dunsparce, L86, M|184/312 brn\n|move|p2a: Quagsire|Ice Beam|p1a: Dunsparce\n|-damage|p1a: Dunsparce|122/312 brn\n|\n|-damage|p1a: Dunsparce|103/312 brn|[from] brn\n|upkeep\n|turn|29\n|\n|t:|1716324398\n|switch|p2a: Meowstic|Meowstic, L89, M|138/277\n|move|p1a: Dunsparce|Roost|p1a: Dunsparce\n|-heal|p1a: Dunsparce|259/312 brn\n|-singleturn|p1a: Dunsparce|move: Roost\n|\n|-damage|p1a: Dunsparce|240/312 brn|[from] brn\n|upkeep\n|turn|30\n|\n|t:|1716324401\n|move|p2a: Meowstic|Psychic Noise|p1a: Dunsparce\n|-damage|p1a: Dunsparce|144/312 brn\n|-start|p1a: Dunsparce|move: Heal Block\n|move|p1a: Dunsparce|Body Slam|p2a: Meowstic\n|-damage|p2a: Meowstic|99/277\n|-status|p2a: Meowstic|par\n|\n|-damage|p1a: Dunsparce|125/312 brn|[from] brn\n|upkeep\n|turn|31\n|\n|t:|1716324406\n|switch|p1a: Corviknight|Corviknight, L80, F|257/288\n|move|p2a: Meowstic|Psychic Noise|p1a: Corviknight\n|-resisted|p1a: Corviknight\n|-damage|p1a: Corviknight|214/288\n|-start|p1a: Corviknight|move: Heal Block\n|\n|upkeep\n|turn|32\n|inactive|LizarDune has 120 seconds left.\n|l| Zeonder\n|\n|t:|1716324433\n|switch|p2a: Quagsire|Quagsire, L84, M|297/297\n|move|p1a: Corviknight|Brave Bird|p2a: Quagsire\n|-damage|p2a: Quagsire|183/297\n|-damage|p1a: Corviknight|176/288|[from] Recoil\n|\n|-heal|p2a: Quagsire|201/297|[from] item: Leftovers\n|-end|p1a: Corviknight|move: Heal Block\n|upkeep\n|turn|33\n|\n|t:|1716324445\n|switch|p1a: Deoxys|Deoxys-Defense, L86|121/226 tox\n|-ability|p1a: Deoxys|Pressure\n|move|p2a: Quagsire|Earthquake|p1a: Deoxys\n|-damage|p1a: Deoxys|63/226 tox\n|\n|-heal|p2a: Quagsire|219/297|[from] item: Leftovers\n|-damage|p1a: Deoxys|49/226 tox|[from] psn\n|upkeep\n|turn|34\n|inactive|LizarDune has 90 seconds left.\n|\n|t:|1716324469\n|switch|p2a: Zarude|Zarude-Dada, L78|292/292\n|move|p1a: Deoxys|Night Shade|p2a: Zarude\n|-damage|p2a: Zarude|206/292\n|\n|-damage|p1a: Deoxys|21/226 tox|[from] psn\n|upkeep\n|turn|35\n|\n|t:|1716324487\n|move|p2a: Zarude|Swords Dance|p2a: Zarude\n|-boost|p2a: Zarude|atk|2\n|move|p1a: Deoxys|Night Shade|p2a: Zarude\n|-damage|p2a: Zarude|120/292\n|\n|-damage|p1a: Deoxys|0 fnt|[from] psn\n|faint|p1a: Deoxys\n|upkeep\n|\n|t:|1716324500\n|switch|p1a: Gardevoir|Gardevoir, L83, F|249/249\n|-ability|p1a: Gardevoir|Leaf Guard|[from] ability: Trace|[of] p2a: Zarude\n|turn|36\n|inactive|LizarDune has 90 seconds left.\n|\n|t:|1716324523\n|move|p2a: Zarude|Knock Off|p1a: Gardevoir\n|-damage|p1a: Gardevoir|0 fnt\n|-enditem|p1a: Gardevoir|Life Orb|[from] move: Knock Off|[of] p2a: Zarude\n|faint|p1a: Gardevoir\n|-damage|p2a: Zarude|91/292|[from] item: Life Orb\n|\n|upkeep\n|-message|nocomment3 forfeited.\n|\n|win|LizarDune\n|raw|nocomment3's rating: 2318 &rarr; <strong>2304</strong><br />(-14 for losing)\n|raw|LizarDune's rating: 2434 &rarr; <strong>2448</strong><br />(+14 for winning)\n|l|\u2606nocomment3\n|player|p1|\n", "inputlog": ">version 7158ead19aeac8750849df2840eabb6dbec77df6\n>start {\"formatid\":\"gen9randombattle\",\"seed\":[36200,38546,8639,18163],\"rated\":\"Rated battle\"}\n>player p1 {\"name\":\"nocomment3\",\"avatar\":\"170\",\"rating\":2318,\"seed\":[52579,61604,54623,15062]}\n>player p2 {\"name\":\"LizarDune\",\"avatar\":\"musician\",\"rating\":2434,\"seed\":[42545,38382,17342,39136]}\n>p1 move nightshade\n>p2 move lightscreen\n>p1 move nightshade\n>p2 switch 2\n>p1 switch 4\n>p2 move knockoff\n>p1 move defog\n>p2 switch 5\n>p1 switch 6\n>p2 move knockoff\n>p1 move waterpulse\n>p2 switch 3\n>p1 move dragonpulse\n>p2 move hydropump\n>p1 move waterpulse\n>p2 move dracometeor\n>p2 switch 3\n>p1 move waterpulse\n>p2 move thunderbolt\n>p1 switch 2\n>p1 move bodyslam\n>p2 move knockoff\n>p1 move bodyslam\n>p2 switch 5\n>p1 switch 6\n>p2 move closecombat\n>p1 move roost\n>p2 switch 5\n>p1 switch 4\n>p2 move fireblast\n>p1 move stealthrock\n>p2 switch 5\n>p1 move recover\n>p2 move knockoff\n>p1 move recover\n>p2 switch 4\n>p1 move spikes\n>p2 move toxic\n>p1 move spikes\n>p2 move earthquake\n>p1 switch 3\n>p2 switch 4\n>p1 move hypervoice\n>p2 move defog\n>p1 move hypervoice\n>p2 move bulletpunch\n>p2 switch 5\n>p1 move hypervoice terastallize\n>p2 move knockoff\n>p1 move hypervoice\n>p2 move fireblast\n>p2 switch 2\n>p1 move hypervoice\n>p2 move psychicnoise\n>p1 switch 4\n>p1 move bravebird\n>p2 move reflect\n>p1 move defog\n>p2 switch 4\n>p1 switch 6\n>p2 move icebeam\n>p1 move roost\n>p2 switch 4\n>p1 move bodyslam\n>p2 move psychicnoise\n>p1 switch 6\n>p2 move psychicnoise\n>p1 move bravebird\n>p2 switch 4\n>p1 switch 3\n>p2 move earthquake\n>p1 move nightshade\n>p2 switch 6\n>p1 move nightshade\n>p2 move swordsdance\n>p1 switch 5\n>p1 move moonblast\n>p2 move knockoff\n>forcelose p1", "uploadtime": 1716324530, "views": 211, "formatid": "gen9randombattle", "rating": 2304, "private": 0, "password": null}