{"id": "gen9randombattle-2260720000", "format": "[Gen 9] Random Battle", "players": ["BigBossJnack", "Tommy951005"], "log": "|j|\u2606BigBossJnack\n|j|\u2606Tommy951005\n|t:|1733882659\n|gametype|singles\n|player|p1|BigBossJnack|170|1975\n|player|p2|Tommy951005|102|1978\n|teamsize|p1|6\n|teamsize|p2|6\n|gen|9\n|tier|[Gen 9] Random Battle\n|rated|\n|rule|Species Clause: Limit one of each Pok\u00e9mon\n|rule|HP Percentage Mod: HP is shown in percentages\n|rule|Sleep Clause Mod: Limit one foe put to sleep\n|rule|Illusion Level Mod: Illusion disguises the Pok\u00e9mon's true level\n|\n|t:|1733882659\n|start\n|switch|p1a: Skuntank|Skuntank, L84, M|310/310\n|switch|p2a: Espeon|Espeon, L84, M|246/246\n|turn|1\n|\n|t:|1733882670\n|switch|p2a: Masquerain|Masquerain, L87, F|264/264\n|-ability|p2a: Masquerain|Intimidate|boost\n|-unboost|p1a: Skuntank|atk|1\n|move|p1a: Skuntank|Knock Off|p2a: Masquerain\n|-damage|p2a: Masquerain|151/264\n|-enditem|p2a: Masquerain|Heavy-Duty Boots|[from] move: Knock Off|[of] p1a: Skuntank\n|-damage|p1a: Skuntank|279/310|[from] item: Life Orb\n|\n|upkeep\n|turn|2\n|\n|t:|1733882674\n|switch|p1a: Espeon|Espeon, L84, M|246/246\n|move|p2a: Masquerain|Sticky Web|p1a: Espeon\n|move|p1a: Espeon|Sticky Web|p2a: Masquerain|[from]ability: Magic Bounce\n|-sidestart|p2: Tommy951005|move: Sticky Web\n|\n|upkeep\n|turn|3\n|\n|t:|1733882678\n|move|p1a: Espeon|Psyshock|p2a: Masquerain\n|-damage|p2a: Masquerain|0 fnt\n|faint|p2a: Masquerain\n|\n|upkeep\n|\n|t:|1733882682\n|switch|p2a: Cinderace|Cinderace, L77, F|249/249\n|-activate|p2a: Cinderace|move: Sticky Web\n|-unboost|p2a: Cinderace|spe|1\n|turn|4\n|\n|t:|1733882687\n|move|p1a: Espeon|Psyshock|p2a: Cinderace\n|-damage|p2a: Cinderace|66/249\n|move|p2a: Cinderace|U-turn|p1a: Espeon\n|-start|p2a: Cinderace|typechange|Bug|[from] ability: Libero\n|-supereffective|p1a: Espeon\n|-damage|p1a: Espeon|0 fnt\n|faint|p1a: Espeon\n|\n|t:|1733882694\n|switch|p2a: Maushold|Maushold-Four, L76|238/238|[from] U-turn\n|-activate|p2a: Maushold|move: Sticky Web\n|-unboost|p2a: Maushold|spe|1\n|\n|upkeep\n|\n|t:|1733882706\n|switch|p1a: Skuntank|Skuntank, L84, M|279/310\n|turn|5\n|\n|t:|1733882710\n|move|p1a: Skuntank|Knock Off|p2a: Maushold\n|-crit|p2a: Maushold\n|-damage|p2a: Maushold|0 fnt\n|-enditem|p2a: Maushold|Wide Lens|[from] move: Knock Off|[of] p1a: Skuntank\n|faint|p2a: Maushold\n|-damage|p1a: Skuntank|248/310|[from] item: Life Orb\n|\n|upkeep\n|\n|t:|1733882722\n|switch|p2a: Kommo-o|Kommo-o, L78, F|245/245\n|-activate|p2a: Kommo-o|move: Sticky Web\n|-unboost|p2a: Kommo-o|spe|1\n|turn|6\n|\n|t:|1733882727\n|move|p1a: Skuntank|Taunt|p2a: Kommo-o\n|-start|p2a: Kommo-o|move: Taunt\n|move|p2a: Kommo-o|Clanging Scales|p1a: Skuntank\n|-damage|p1a: Skuntank|106/310\n|-unboost|p2a: Kommo-o|def|1\n|-enditem|p2a: Kommo-o|Throat Spray\n|-boost|p2a: Kommo-o|spa|1|[from] item: Throat Spray\n|\n|upkeep\n|turn|7\n|\n|t:|1733882734\n|switch|p1a: Clefable|Clefable, L83, M|293/293\n|move|p2a: Kommo-o|Clanging Scales|p1a: Clefable\n|-immune|p1a: Clefable\n|\n|upkeep\n|turn|8\n|\n|t:|1733882740\n|switch|p2a: Espeon|Espeon, L84, M|246/246\n|-activate|p2a: Espeon|move: Sticky Web\n|-unboost|p2a: Espeon|spe|1\n|move|p1a: Clefable|Moonblast|p2a: Espeon\n|-damage|p2a: Espeon|129/246\n|\n|upkeep\n|turn|9\n|\n|t:|1733882748\n|move|p2a: Espeon|Alluring Voice|p1a: Clefable\n|-damage|p1a: Clefable|193/293\n|-damage|p2a: Espeon|105/246|[from] item: Life Orb\n|move|p1a: Clefable|Moonblast|p2a: Espeon\n|-damage|p2a: Espeon|0 fnt\n|faint|p2a: Espeon\n|\n|upkeep\n|\n|t:|1733882755\n|switch|p2a: Kommo-o|Kommo-o, L78, F|245/245\n|-activate|p2a: Kommo-o|move: Sticky Web\n|-unboost|p2a: Kommo-o|spe|1\n|turn|10\n|\n|t:|1733882760\n|-terastallize|p2a: Kommo-o|Steel\n|move|p1a: Clefable|Moonblast|p2a: Kommo-o\n|-resisted|p2a: Kommo-o\n|-damage|p2a: Kommo-o|183/245\n|move|p2a: Kommo-o|Clangorous Soul|p2a: Kommo-o\n|-boost|p2a: Kommo-o|atk|1\n|-boost|p2a: Kommo-o|def|1\n|-boost|p2a: Kommo-o|spa|1\n|-boost|p2a: Kommo-o|spd|1\n|-boost|p2a: Kommo-o|spe|1\n|-damage|p2a: Kommo-o|103/245\n|\n|upkeep\n|turn|11\n|\n|t:|1733882769\n|switch|p1a: Skuntank|Skuntank, L84, M|106/310\n|move|p2a: Kommo-o|Iron Head|p1a: Skuntank\n|-damage|p1a: Skuntank|0 fnt\n|-damage|p2a: Kommo-o|42/245|[from] ability: Aftermath|[of] p1a: Skuntank\n|faint|p1a: Skuntank\n|\n|upkeep\n|\n|t:|1733882774\n|switch|p1a: Meganium|Meganium, L90, F|290/290\n|turn|12\n|\n|t:|1733882777\n|move|p1a: Meganium|Earthquake|p2a: Kommo-o\n|-supereffective|p2a: Kommo-o\n|-damage|p2a: Kommo-o|0 fnt\n|faint|p2a: Kommo-o\n|-damage|p1a: Meganium|261/290|[from] item: Life Orb\n|\n|upkeep\n|\n|t:|1733882780\n|switch|p2a: Flapple|Flapple, L88, M|266/266\n|-activate|p2a: Flapple|move: Sticky Web\n|-unboost|p2a: Flapple|spe|1\n|turn|13\n|\n|t:|1733882789\n|move|p1a: Meganium|Knock Off|p2a: Flapple\n|-damage|p2a: Flapple|180/266\n|-enditem|p2a: Flapple|Wide Lens|[from] move: Knock Off|[of] p1a: Meganium\n|-damage|p1a: Meganium|232/290|[from] item: Life Orb\n|move|p2a: Flapple|Dragon Dance|p2a: Flapple\n|-boost|p2a: Flapple|atk|1\n|-boost|p2a: Flapple|spe|1\n|\n|upkeep\n|turn|14\n|\n|t:|1733882797\n|switch|p1a: Vespiquen|Vespiquen, L98, F|296/296\n|-ability|p1a: Vespiquen|Pressure\n|move|p2a: Flapple|Dragon Dance|p2a: Flapple\n|-boost|p2a: Flapple|atk|1\n|-boost|p2a: Flapple|spe|1\n|\n|upkeep\n|turn|15\n|\n|t:|1733882805\n|move|p2a: Flapple|Outrage|p1a: Vespiquen\n|-damage|p1a: Vespiquen|0 fnt\n|faint|p1a: Vespiquen\n|\n|upkeep\n|\n|t:|1733882808\n|switch|p1a: Clefable|Clefable, L83, M|193/293\n|turn|16\n|\n|t:|1733882810\n|move|p2a: Flapple|Outrage|p1a: Clefable|[from]lockedmove\n|-immune|p1a: Clefable\n|move|p1a: Clefable|Moonblast|p2a: Flapple\n|-supereffective|p2a: Flapple\n|-damage|p2a: Flapple|0 fnt\n|faint|p2a: Flapple\n|\n|upkeep\n|\n|t:|1733882814\n|switch|p2a: Cinderace|Cinderace, L77, F|66/249\n|-activate|p2a: Cinderace|move: Sticky Web\n|-unboost|p2a: Cinderace|spe|1\n|turn|17\n|\n|t:|1733882819\n|move|p2a: Cinderace|Gunk Shot|p1a: Clefable\n|-start|p2a: Cinderace|typechange|Poison|[from] ability: Libero\n|-supereffective|p1a: Clefable\n|-damage|p1a: Clefable|0 fnt\n|faint|p1a: Clefable\n|\n|upkeep\n|\n|t:|1733882822\n|switch|p1a: Dewgong|Dewgong, L94, F|322/322\n|turn|18\n|\n|t:|1733882825\n|move|p1a: Dewgong|Knock Off|p2a: Cinderace\n|-damage|p2a: Cinderace|0 fnt\n|-enditem|p2a: Cinderace|Choice Band|[from] move: Knock Off|[of] p1a: Dewgong\n|faint|p2a: Cinderace\n|\n|win|BigBossJnack\n|raw|BigBossJnack's rating: 1975 &rarr; <strong>1995</strong><br />(+20 for winning)\n|raw|Tommy951005's rating: 1978 &rarr; <strong>1958</strong><br />(-20 for losing)\n|l|\u2606Tommy951005\n|player|p2|\n", "inputlog": ">version bfd83cad13791eb5a5a409923076391caf6fb4d4\n>start {\"formatid\":\"gen9randombattle\",\"seed\":[54609,21313,16597,29333],\"rated\":\"Rated battle\"}\n>player p1 {\"name\":\"BigBossJnack\",\"avatar\":\"170\",\"rating\":1975,\"seed\":[53443,20429,36331,1552]}\n>player p2 {\"name\":\"Tommy951005\",\"avatar\":\"102\",\"rating\":1978,\"seed\":[5869,21591,2357,12791]}\n>p1 move knockoff\n>p2 switch 5\n>p1 switch 5\n>p2 move stickyweb\n>p1 move psyshock\n>p2 move bugbuzz\n>p2 switch 6\n>p1 move psyshock\n>p2 move uturn\n>p2 switch 3\n>p1 switch 5\n>p1 move knockoff\n>p2 move tidyup\n>p2 switch 4\n>p1 move taunt\n>p2 move clangingscales\n>p1 switch 4\n>p2 move clangingscales\n>p1 move moonblast\n>p2 switch 5\n>p1 move moonblast\n>p2 move alluringvoice\n>p2 switch 5\n>p1 move moonblast\n>p2 move clangoroussoul terastallize\n>p1 switch 4\n>p2 move ironhead\n>p1 switch 2\n>p1 move earthquake\n>p2 move clangoroussoul\n>p2 switch 2\n>p1 move knockoff\n>p2 move dragondance\n>p1 switch 3\n>p2 move dragondance\n>p1 move hurricane\n>p2 move outrage\n>p1 switch 4\n>p1 move moonblast\n>p2 move outrage\n>p2 switch 3\n>p1 move moonblast\n>p2 move gunkshot\n>p1 switch 6\n>p1 move knockoff\n>p2 move gunkshot", "uploadtime": 1733882830, "views": 1, "formatid": "gen9randombattle", "rating": 1958, "private": 0, "password": null}