{"id": "gen9randombattle-2200228409", "format": "[Gen 9] Random Battle", "players": ["Hnj123", "RBLT Unstoppable"], "log": "|raw|<div class=\"broadcast-blue\"><strong>This battle is required to be public due to a player having a name starting with 'rblt'.</div>\n|j|\u2606Hnj123\n|j|\u203dRBLT Unstoppable\n|t:|1726165392\n|gametype|singles\n|player|p1|Hnj123|psychic-gen4|2244\n|player|p2|RBLT Unstoppable|jasmine|2243\n|teamsize|p1|6\n|teamsize|p2|6\n|gen|9\n|tier|[Gen 9] Random Battle\n|rated|\n|rule|Species Clause: Limit one of each Pok\u00e9mon\n|rule|HP Percentage Mod: HP is shown in percentages\n|rule|Sleep Clause Mod: Limit one foe put to sleep\n|rule|Illusion Level Mod: Illusion disguises the Pok\u00e9mon's true level\n|\n|t:|1726165392\n|start\n|switch|p1a: Scream Tail|Scream Tail, L84|330/330\n|switch|p2a: Hitmonlee|Hitmonlee, L85, M|223/223\n|turn|1\n|inactive|Battle timer is ON: inactive players will automatically lose when time's up. (requested by Hnj123)\n|l|\u203dRBLT Unstoppable\n|inactive|RBLT Unstoppable disconnected and has a minute to reconnect!\n|player|p2|\n|inactive|RBLT Unstoppable has 30 seconds to reconnect!\n|inactive|RBLT Unstoppable has 20 seconds to reconnect!\n|j|\u203dRBLT Unstoppable\n|inactive|RBLT Unstoppable reconnected and has 105 seconds left.\n|player|p2|RBLT Unstoppable|jasmine|\n|inactive|RBLT Unstoppable also wants the timer to be on.\n|inactive|RBLT Unstoppable has 90 seconds left.\n|\n|t:|1726165467\n|switch|p2a: Arboliva|Arboliva, L91, F|288/288\n|move|p1a: Scream Tail|Play Rough|p2a: Arboliva\n|-damage|p2a: Arboliva|224/288\n|\n|upkeep\n|turn|2\n|\n|t:|1726165482\n|move|p1a: Scream Tail|Wish|p1a: Scream Tail\n|move|p2a: Arboliva|Leech Seed|p1a: Scream Tail\n|-start|p1a: Scream Tail|move: Leech Seed\n|\n|-damage|p1a: Scream Tail|289/330|[from] Leech Seed|[of] p2a: Arboliva\n|-heal|p2a: Arboliva|265/288|[silent]\n|upkeep\n|turn|3\n|\n|t:|1726165488\n|-end|p1a: Scream Tail|Protosynthesis|[silent]\n|switch|p1a: Shaymin|Shaymin, L82|298/298\n|move|p2a: Arboliva|Substitute|p2a: Arboliva\n|-start|p2a: Arboliva|Substitute\n|-damage|p2a: Arboliva|193/288\n|\n|upkeep\n|turn|4\n|\n|t:|1726165496\n|move|p1a: Shaymin|Air Slash|p2a: Arboliva\n|-supereffective|p2a: Arboliva\n|-end|p2a: Arboliva|Substitute\n|move|p2a: Arboliva|Hyper Voice|p1a: Shaymin\n|-crit|p1a: Shaymin\n|-damage|p1a: Shaymin|106/298\n|\n|-heal|p1a: Shaymin|124/298|[from] item: Leftovers\n|upkeep\n|turn|5\n|\n|t:|1726165507\n|move|p1a: Shaymin|Synthesis|p1a: Shaymin\n|-heal|p1a: Shaymin|273/298\n|move|p2a: Arboliva|Hyper Voice|p1a: Shaymin\n|-damage|p1a: Shaymin|156/298\n|\n|-heal|p1a: Shaymin|174/298|[from] item: Leftovers\n|upkeep\n|turn|6\n|\n|t:|1726165517\n|switch|p2a: Galvantula|Galvantula, L82, M|249/249\n|move|p1a: Shaymin|Air Slash|p2a: Galvantula\n|-damage|p2a: Galvantula|186/249\n|\n|-heal|p1a: Shaymin|192/298|[from] item: Leftovers\n|upkeep\n|turn|7\n|\n|t:|1726165524\n|switch|p1a: Cinderace|Cinderace, L77, M|249/249\n|move|p2a: Galvantula|Sticky Web|p1a: Cinderace\n|-sidestart|p1: Hnj123|move: Sticky Web\n|\n|upkeep\n|turn|8\n|\n|t:|1726165534\n|switch|p2a: Golem|Golem-Alola, L93, M|300/300\n|move|p1a: Cinderace|Pyro Ball|p2a: Golem\n|-resisted|p2a: Golem\n|-damage|p2a: Golem|258/300\n|\n|upkeep\n|turn|9\n|\n|t:|1726165544\n|move|p1a: Cinderace|Court Change|p1a: Cinderace\n|-start|p1a: Cinderace|typechange|Normal|[from] ability: Libero\n|-swapsideconditions\n|-activate|p1a: Cinderace|move: Court Change\n|move|p2a: Golem|Double-Edge|p1a: Cinderace\n|-damage|p1a: Cinderace|0 fnt\n|faint|p1a: Cinderace\n|-damage|p2a: Golem|176/300|[from] Recoil\n|\n|upkeep\n|\n|t:|1726165556\n|switch|p1a: Shaymin|Shaymin, L82|192/298\n|turn|10\n|\n|t:|1726165562\n|switch|p2a: Galvantula|Galvantula, L82, M|186/249\n|move|p1a: Shaymin|Earth Power|p2a: Galvantula\n|-damage|p2a: Galvantula|96/249\n|\n|-heal|p1a: Shaymin|210/298|[from] item: Leftovers\n|upkeep\n|turn|11\n|\n|t:|1726165571\n|switch|p1a: Dragapult|Dragapult, L77, M|262/262\n|move|p2a: Galvantula|Sticky Web|p1a: Dragapult\n|-sidestart|p1: Hnj123|move: Sticky Web\n|\n|upkeep\n|turn|12\n|\n|t:|1726165581\n|switch|p2a: Whimsicott|Whimsicott, L85, F|241/241\n|-activate|p2a: Whimsicott|move: Sticky Web\n|-unboost|p2a: Whimsicott|spe|1\n|move|p1a: Dragapult|Dragon Dance|p1a: Dragapult\n|-boost|p1a: Dragapult|atk|1\n|-boost|p1a: Dragapult|spe|1\n|\n|upkeep\n|turn|13\n|\n|t:|1726165586\n|move|p2a: Whimsicott|Encore|p1a: Dragapult\n|-start|p1a: Dragapult|Encore\n|move|p1a: Dragapult|Dragon Dance|p1a: Dragapult\n|-boost|p1a: Dragapult|atk|1\n|-boost|p1a: Dragapult|spe|1\n|\n|upkeep\n|turn|14\n|\n|t:|1726165592\n|switch|p1a: Gengar|Gengar, L81, F|230/230\n|-activate|p1a: Gengar|move: Sticky Web\n|-unboost|p1a: Gengar|spe|1\n|move|p2a: Whimsicott|Moonblast|p1a: Gengar\n|-resisted|p1a: Gengar\n|-damage|p1a: Gengar|178/230\n|-unboost|p1a: Gengar|spa|1\n|\n|upkeep\n|turn|15\n|inactive|RBLT Unstoppable has 120 seconds left.\n|inactive|RBLT Unstoppable has 90 seconds left.\n|\n|t:|1726165668\n|switch|p2a: Golem|Golem-Alola, L93, M|176/300\n|-activate|p2a: Golem|move: Sticky Web\n|-unboost|p2a: Golem|spe|1\n|move|p1a: Gengar|Focus Blast|p2a: Golem|[miss]\n|-miss|p1a: Gengar|p2a: Golem\n|\n|upkeep\n|turn|16\n|\n|t:|1726165676\n|switch|p1a: Shaymin|Shaymin, L82|210/298\n|-activate|p1a: Shaymin|move: Sticky Web\n|-unboost|p1a: Shaymin|spe|1\n|move|p2a: Golem|Double-Edge|p1a: Shaymin\n|-resisted|p1a: Shaymin\n|-damage|p1a: Shaymin|56/298\n|-damage|p2a: Golem|125/300|[from] Recoil\n|\n|-heal|p1a: Shaymin|74/298|[from] item: Leftovers\n|upkeep\n|turn|17\n|\n|t:|1726165685\n|switch|p2a: Galvantula|Galvantula, L82, M|96/249\n|move|p1a: Shaymin|Synthesis|p1a: Shaymin\n|-heal|p1a: Shaymin|223/298\n|\n|-heal|p1a: Shaymin|241/298|[from] item: Leftovers\n|upkeep\n|turn|18\n|\n|t:|1726165690\n|switch|p1a: Dragapult|Dragapult, L77, M|262/262\n|-activate|p1a: Dragapult|move: Sticky Web\n|-fail|p1a: Dragapult|unboost|[from] ability: Clear Body|[of] p1a: Dragapult\n|move|p2a: Galvantula|Bug Buzz|p1a: Dragapult\n|-resisted|p1a: Dragapult\n|-damage|p1a: Dragapult|206/262\n|\n|upkeep\n|turn|19\n|\n|t:|1726165694\n|move|p1a: Dragapult|Fire Blast|p2a: Galvantula\n|-supereffective|p2a: Galvantula\n|-damage|p2a: Galvantula|0 fnt\n|faint|p2a: Galvantula\n|-damage|p1a: Dragapult|180/262|[from] item: Life Orb\n|\n|upkeep\n|\n|t:|1726165701\n|switch|p2a: Whimsicott|Whimsicott, L85, F|241/241\n|-activate|p2a: Whimsicott|move: Sticky Web\n|-unboost|p2a: Whimsicott|spe|1\n|turn|20\n|\n|t:|1726165705\n|move|p2a: Whimsicott|Stun Spore|p1a: Dragapult\n|-status|p1a: Dragapult|par\n|move|p1a: Dragapult|Fire Blast|p2a: Whimsicott\n|-supereffective|p2a: Whimsicott\n|-damage|p2a: Whimsicott|59/241\n|-damage|p1a: Dragapult|154/262 par|[from] item: Life Orb\n|\n|-heal|p2a: Whimsicott|74/241|[from] item: Leftovers\n|upkeep\n|turn|21\n|\n|t:|1726165712\n|move|p2a: Whimsicott|Moonblast|p1a: Dragapult\n|-supereffective|p1a: Dragapult\n|-damage|p1a: Dragapult|0 fnt\n|faint|p1a: Dragapult\n|\n|-heal|p2a: Whimsicott|89/241|[from] item: Leftovers\n|upkeep\n|\n|t:|1726165723\n|switch|p1a: Gengar|Gengar, L81, F|178/230\n|-activate|p1a: Gengar|move: Sticky Web\n|-unboost|p1a: Gengar|spe|1\n|turn|22\n|\n|t:|1726165726\n|move|p2a: Whimsicott|Stun Spore|p1a: Gengar\n|-status|p1a: Gengar|par\n|move|p1a: Gengar|Sludge Wave|p2a: Whimsicott\n|-supereffective|p2a: Whimsicott\n|-damage|p2a: Whimsicott|0 fnt\n|faint|p2a: Whimsicott\n|\n|upkeep\n|\n|t:|1726165746\n|switch|p2a: Hitmonlee|Hitmonlee, L85, M|223/223\n|-activate|p2a: Hitmonlee|move: Sticky Web\n|-unboost|p2a: Hitmonlee|spe|1\n|turn|23\n|\n|t:|1726165750\n|move|p2a: Hitmonlee|Knock Off|p1a: Gengar\n|-supereffective|p1a: Gengar\n|-damage|p1a: Gengar|0 fnt\n|-enditem|p1a: Gengar|Choice Specs|[from] move: Knock Off|[of] p2a: Hitmonlee\n|faint|p1a: Gengar\n|\n|upkeep\n|\n|t:|1726165756\n|switch|p1a: Shaymin|Shaymin, L82|241/298\n|-activate|p1a: Shaymin|move: Sticky Web\n|-unboost|p1a: Shaymin|spe|1\n|turn|24\n|\n|t:|1726165765\n|switch|p2a: Staraptor|Staraptor, L79, F|263/263\n|move|p1a: Shaymin|Seed Flare|p2a: Staraptor\n|-resisted|p2a: Staraptor\n|-damage|p2a: Staraptor|172/263\n|-unboost|p2a: Staraptor|spd|2\n|\n|-heal|p1a: Shaymin|259/298|[from] item: Leftovers\n|upkeep\n|turn|25\n|\n|t:|1726165792\n|-terastallize|p2a: Staraptor|Flying\n|-terastallize|p1a: Shaymin|Steel\n|move|p2a: Staraptor|Brave Bird|p1a: Shaymin\n|-resisted|p1a: Shaymin\n|-damage|p1a: Shaymin|109/298\n|-damage|p2a: Staraptor|122/263|[from] Recoil\n|move|p1a: Shaymin|Air Slash|p2a: Staraptor|[miss]\n|-miss|p1a: Shaymin|p2a: Staraptor\n|\n|-heal|p1a: Shaymin|127/298|[from] item: Leftovers\n|upkeep\n|turn|26\n|\n|t:|1726165799\n|move|p2a: Staraptor|Brave Bird|p1a: Shaymin\n|-resisted|p1a: Shaymin\n|-damage|p1a: Shaymin|0 fnt\n|faint|p1a: Shaymin\n|-damage|p2a: Staraptor|80/263|[from] Recoil\n|\n|upkeep\n|\n|t:|1726165805\n|switch|p1a: Scream Tail|Scream Tail, L84|289/330\n|-activate|p1a: Scream Tail|move: Sticky Web\n|-unboost|p1a: Scream Tail|spe|1\n|turn|27\n|\n|t:|1726165809\n|move|p2a: Staraptor|Brave Bird|p1a: Scream Tail\n|-damage|p1a: Scream Tail|0 fnt\n|faint|p1a: Scream Tail\n|-end|p1a: Scream Tail|Protosynthesis|[silent]\n|-damage|p2a: Staraptor|0 fnt|[from] Recoil\n|faint|p2a: Staraptor\n|\n|upkeep\n|\n|t:|1726165813\n|switch|p1a: Reshiram|Reshiram, L76|277/277\n|switch|p2a: Hitmonlee|Hitmonlee, L85, M|223/223\n|-activate|p2a: Hitmonlee|move: Sticky Web\n|-unboost|p2a: Hitmonlee|spe|1\n|-ability|p1a: Reshiram|Turboblaze\n|turn|28\n|\n|t:|1726165818\n|move|p1a: Reshiram|Dragon Dance|p1a: Reshiram\n|-boost|p1a: Reshiram|atk|1\n|-boost|p1a: Reshiram|spe|1\n|move|p2a: Hitmonlee|High Jump Kick|p1a: Reshiram\n|-damage|p1a: Reshiram|0 fnt\n|faint|p1a: Reshiram\n|\n|win|RBLT Unstoppable\n|raw|Hnj123's rating: 2244 &rarr; <strong>2224</strong><br />(-20 for losing)\n|raw|RBLT Unstoppable's rating: 2243 &rarr; <strong>2263</strong><br />(+20 for winning)\n", "inputlog": ">version abcf08933808d3fb39dbc2b54a8665d830b47482\n>start {\"formatid\":\"gen9randombattle\",\"seed\":[55731,38072,3012,24291],\"rated\":\"Rated battle\"}\n>player p1 {\"name\":\"Hnj123\",\"avatar\":\"psychic-gen4\",\"rating\":2244,\"seed\":[50029,22414,49117,43091]}\n>player p2 {\"name\":\"RBLT Unstoppable\",\"avatar\":\"jasmine\",\"rating\":2243,\"seed\":[42890,4388,50409,40085]}\n>p1 move playrough\n>p2 switch 3\n>p1 move wish\n>p2 move leechseed\n>p1 switch 6\n>p2 move substitute\n>p1 move airslash\n>p2 move hypervoice\n>p1 move synthesis\n>p2 move hypervoice\n>p1 move airslash\n>p2 switch 5\n>p1 switch 4\n>p2 move stickyweb\n>p1 move pyroball\n>p2 switch 6\n>p1 move courtchange\n>p2 move doubleedge\n>p1 switch 4\n>p1 move earthpower\n>p2 switch 6\n>p1 switch 2\n>p2 move stickyweb\n>p1 move dragondance\n>p2 switch 4\n>p1 move fireblast\n>p2 move encore\n>p1 switch 3\n>p2 move moonblast\n>p1 move focusblast\n>p2 switch 6\n>p1 switch 2\n>p2 move doubleedge\n>p1 move synthesis\n>p2 switch 4\n>p1 switch 3\n>p2 move bugbuzz\n>p1 move fireblast\n>p2 move voltswitch\n>p2 switch 6\n>p1 move fireblast\n>p2 move stunspore\n>p1 move terablast\n>p2 move moonblast\n>p1 switch 2\n>p1 move sludgewave\n>p2 move stunspore\n>p2 switch 3\n>p1 move sludgewave\n>p2 move knockoff\n>p1 switch 3\n>p1 move seedflare\n>p2 switch 2\n>p1 move airslash terastallize\n>p2 move bravebird terastallize\n>p1 move airslash\n>p2 move bravebird\n>p1 switch 6\n>p1 move playrough\n>p2 move bravebird\n>p1 switch 5\n>p2 switch 2\n>p1 move dragondance\n>p2 move highjumpkick", "uploadtime": 1726165820, "views": 92, "formatid": "gen9randombattle", "rating": 2224, "private": 0, "password": null}