{"id": "gen9randombattle-2148513039", "format": "[Gen 9] Random Battle", "players": ["bomby23", "Michielleus"], "log": "|badge|p1|bronze|gen9randombattle|100-1\n|uhtml|medal-msg|<div class=\"broadcast-blue\">Curious what those medals under the avatar are? PS now has Ladder Seasons! For more information, check out the <a href=\"https://www.smogon.com/forums/threads/3740067/\">thread on Smogon.</a></div>\n|badge|p2|silver|gen9randombattle|30-1\n|uhtml|medal-msg|<div class=\"broadcast-blue\">Curious what those medals under the avatar are? PS now has Ladder Seasons! For more information, check out the <a href=\"https://www.smogon.com/forums/threads/3740067/\">thread on Smogon.</a></div>\n|j|\u2606bomby23\n|j|\u2606Michielleus\n|t:|1719141257\n|gametype|singles\n|player|p1|bomby23|nate|2380\n|player|p2|Michielleus|#michielleus|2398\n|teamsize|p1|6\n|teamsize|p2|6\n|gen|9\n|tier|[Gen 9] Random Battle\n|rated|\n|rule|Species Clause: Limit one of each Pok\u00e9mon\n|rule|HP Percentage Mod: HP is shown in percentages\n|rule|Sleep Clause Mod: Limit one foe put to sleep\n|rule|Illusion Level Mod: Illusion disguises the Pok\u00e9mon's true level\n|\n|t:|1719141257\n|start\n|switch|p1a: Lokix|Lokix, L82, F|251/251\n|switch|p2a: Giratina|Giratina-Origin, L72|335/335\n|turn|1\n|inactive|Battle timer is ON: inactive players will automatically lose when time's up. (requested by Michielleus)\n|\n|t:|1719141272\n|switch|p2a: Illumise|Illumise, L91, F|266/266\n|move|p1a: Lokix|Knock Off|p2a: Illumise\n|-damage|p2a: Illumise|137/266\n|-enditem|p2a: Illumise|Heavy-Duty Boots|[from] move: Knock Off|[of] p1a: Lokix\n|-damage|p1a: Lokix|226/251|[from] item: Life Orb\n|\n|upkeep\n|turn|2\n|inactive|bomby23 has 120 seconds left.\n|inactive|bomby23 has 90 seconds left.\n|\n|t:|1719141341\n|switch|p1a: Oinkologne|Oinkologne-F, L92, F|361/361\n|move|p2a: Illumise|Roost|p2a: Illumise\n|-heal|p2a: Illumise|266/266\n|-singleturn|p2a: Illumise|move: Roost\n|\n|upkeep\n|turn|3\n|\n|t:|1719141353\n|move|p2a: Illumise|Thunder Wave|p1a: Oinkologne\n|-status|p1a: Oinkologne|par\n|move|p1a: Oinkologne|Lash Out|p2a: Illumise\n|-damage|p2a: Illumise|205/266\n|\n|upkeep\n|turn|4\n|\n|t:|1719141360\n|move|p2a: Illumise|Bug Buzz|p1a: Oinkologne\n|-damage|p1a: Oinkologne|283/361 par\n|move|p1a: Oinkologne|Lash Out|p2a: Illumise\n|-damage|p2a: Illumise|144/266\n|\n|-heal|p1a: Oinkologne|305/361 par|[from] item: Leftovers\n|upkeep\n|turn|5\n|\n|t:|1719141365\n|move|p2a: Illumise|Bug Buzz|p1a: Oinkologne\n|-damage|p1a: Oinkologne|217/361 par\n|move|p1a: Oinkologne|Double-Edge|p2a: Illumise\n|-damage|p2a: Illumise|0 fnt\n|faint|p2a: Illumise\n|-damage|p1a: Oinkologne|169/361 par|[from] Recoil\n|\n|-heal|p1a: Oinkologne|191/361 par|[from] item: Leftovers\n|upkeep\n|\n|t:|1719141372\n|switch|p2a: Lucario|Lucario, L84, M|255/255\n|turn|6\n|\n|t:|1719141376\n|move|p2a: Lucario|Nasty Plot|p2a: Lucario\n|-boost|p2a: Lucario|spa|2\n|cant|p1a: Oinkologne|par\n|\n|-heal|p1a: Oinkologne|213/361 par|[from] item: Leftovers\n|upkeep\n|turn|7\n|\n|t:|1719141384\n|move|p2a: Lucario|Flash Cannon|p1a: Oinkologne\n|-damage|p1a: Oinkologne|2/361 par\n|-damage|p2a: Lucario|230/255|[from] item: Life Orb\n|move|p1a: Oinkologne|High Horsepower|p2a: Lucario\n|-supereffective|p2a: Lucario\n|-crit|p2a: Lucario\n|-damage|p2a: Lucario|0 fnt\n|faint|p2a: Lucario\n|\n|-heal|p1a: Oinkologne|24/361 par|[from] item: Leftovers\n|upkeep\n|\n|t:|1719141396\n|switch|p2a: Bastiodon|Bastiodon, L89, F|252/252\n|turn|8\n|\n|t:|1719141408\n|switch|p1a: Vaporeon|Vaporeon, L86, F|364/364\n|move|p2a: Bastiodon|Iron Defense|p2a: Bastiodon\n|-boost|p2a: Bastiodon|def|2\n|\n|upkeep\n|turn|9\n|\n|t:|1719141412\n|switch|p2a: Ditto|Ditto, L87|225/225\n|-transform|p2a: Ditto|p1a: Vaporeon|[from] ability: Imposter\n|move|p1a: Vaporeon|Scald|p2a: Ditto\n|-immune|p2a: Ditto|[from] ability: Water Absorb\n|\n|upkeep\n|turn|10\n|\n|t:|1719141423\n|switch|p2a: Giratina|Giratina-Origin, L72|335/335\n|move|p1a: Vaporeon|Flip Turn|p2a: Giratina\n|-resisted|p2a: Giratina\n|-damage|p2a: Giratina|311/335\n|\n|t:|1719141427\n|switch|p1a: Lokix|Lokix, L82, F|226/251|[from] Flip Turn\n|\n|upkeep\n|turn|11\n|\n|t:|1719141430\n|move|p1a: Lokix|Knock Off|p2a: Giratina\n|-supereffective|p2a: Giratina\n|-damage|p2a: Giratina|137/335\n|-damage|p1a: Lokix|201/251|[from] item: Life Orb\n|move|p2a: Giratina|Draco Meteor|p1a: Lokix\n|-damage|p1a: Lokix|0 fnt\n|-unboost|p2a: Giratina|spa|2\n|faint|p1a: Lokix\n|\n|upkeep\n|\n|t:|1719141438\n|switch|p1a: Mandibuzz|Mandibuzz, L85, F|326/326\n|turn|12\n|\n|t:|1719141444\n|switch|p2a: Bastiodon|Bastiodon, L89, F|252/252\n|move|p1a: Mandibuzz|Foul Play|p2a: Bastiodon\n|-damage|p2a: Bastiodon|222/252\n|\n|upkeep\n|turn|13\n|\n|t:|1719141446\n|switch|p2a: Raichu|Raichu-Alola, L87, F|246/246\n|move|p1a: Mandibuzz|U-turn|p2a: Raichu\n|-supereffective|p2a: Raichu\n|-damage|p2a: Raichu|136/246\n|\n|t:|1719141452\n|switch|p1a: Ogerpon|Ogerpon, L80, F|259/259|[from] U-turn\n|\n|upkeep\n|turn|14\n|\n|t:|1719141456\n|move|p2a: Raichu|Psyshock|p1a: Ogerpon\n|-damage|p1a: Ogerpon|121/259\n|move|p1a: Ogerpon|Knock Off|p2a: Raichu\n|-supereffective|p2a: Raichu\n|-damage|p2a: Raichu|0 fnt\n|-enditem|p2a: Raichu|Choice Specs|[from] move: Knock Off|[of] p1a: Ogerpon\n|faint|p2a: Raichu\n|-damage|p1a: Ogerpon|96/259|[from] item: Life Orb\n|\n|upkeep\n|\n|t:|1719141459\n|switch|p2a: Ditto|Ditto, L87|225/225\n|-transform|p2a: Ditto|p1a: Ogerpon|[from] ability: Imposter\n|turn|15\n|\n|t:|1719141461\n|switch|p1a: Oinkologne|Oinkologne-F, L92, F|24/361 par\n|move|p2a: Ditto|Ivy Cudgel|p1a: Oinkologne\n|-damage|p1a: Oinkologne|0 fnt\n|faint|p1a: Oinkologne\n|\n|upkeep\n|\n|t:|1719141465\n|switch|p1a: Mandibuzz|Mandibuzz, L85, F|326/326\n|turn|16\n|-message|Michielleus forfeited.\n|\n|win|bomby23\n|raw|bomby23's rating: 2380 &rarr; <strong>2401</strong><br />(+21 for winning)\n|raw|Michielleus's rating: 2398 &rarr; <strong>2377</strong><br />(-21 for losing)\n|l|\u2606Michielleus\n|player|p2|\n", "inputlog": ">version fa2fcbefacd9ec28b920d1fe3a63da14f50ab6c0\n>start {\"formatid\":\"gen9randombattle\",\"seed\":[40876,62426,42979,12577],\"rated\":\"Rated battle\"}\n>player p1 {\"name\":\"bomby23\",\"avatar\":\"nate\",\"rating\":2380,\"seed\":[23547,62735,59177,48269]}\n>player p2 {\"name\":\"Michielleus\",\"avatar\":\"#michielleus\",\"rating\":2398,\"seed\":[56390,35498,41237,28867]}\n>p1 move knockoff\n>p2 switch 5\n>p1 switch 5\n>p2 move roost\n>p1 move lashout\n>p2 move thunderwave\n>p1 move lashout\n>p2 move bugbuzz\n>p1 move doubleedge\n>p2 move bugbuzz\n>p2 switch 4\n>p1 move highhorsepower\n>p2 move nastyplot\n>p1 move highhorsepower\n>p2 move flashcannon\n>p2 switch 3\n>p1 switch 6\n>p2 move irondefense\n>p1 move scald\n>p2 switch 2\n>p1 move flipturn\n>p2 switch 5\n>p1 switch 5\n>p1 move knockoff\n>p2 move dracometeor\n>p1 switch 4\n>p1 move foulplay\n>p2 switch 2\n>p1 move uturn\n>p2 switch 6\n>p1 switch 2\n>p1 move knockoff\n>p2 move psyshock\n>p2 switch 5\n>p1 switch 6\n>p2 move ivycudgel\n>p1 switch 2\n>forcelose p2", "uploadtime": 1719141479, "views": 185, "formatid": "gen9randombattle", "rating": 2377, "private": 0, "password": null}