{"id": "gen9randombattle-2207175218", "format": "[Gen 9] Random Battle", "players": ["Lucky Solte", "RB2T Unstoppable"], "log": "|badge|p2|bronze|gen9randombattle|100-2\n|uhtml|medal-msg|<div class=\"broadcast-blue\">Curious what those medals under the avatar are? PS now has Ladder Seasons! For more information, check out the <a href=\"https://www.smogon.com/forums/threads/3740067/\">thread on Smogon.</a></div>\n|raw|<div class=\"broadcast-blue\"><strong>This battle is required to be public due to a player having a name starting with 'rb2t'.</div>\n|j|\u2606Lucky Solte\n|j|\u203dRB2T Unstoppable\n|t:|1727012859\n|gametype|singles\n|player|p1|Lucky Solte|pokekid|2298\n|player|p2|RB2T Unstoppable|dawn|2371\n|teamsize|p1|6\n|teamsize|p2|6\n|gen|9\n|tier|[Gen 9] Random Battle\n|rated|\n|rule|Species Clause: Limit one of each Pok\u00e9mon\n|rule|HP Percentage Mod: HP is shown in percentages\n|rule|Sleep Clause Mod: Limit one foe put to sleep\n|rule|Illusion Level Mod: Illusion disguises the Pok\u00e9mon's true level\n|\n|t:|1727012859\n|start\n|switch|p1a: Dugtrio|Dugtrio-Alola, L84, M|196/196\n|switch|p2a: Staraptor|Staraptor, L79, M|263/263\n|turn|1\n|inactive|Battle timer is ON: inactive players will automatically lose when time's up. (requested by Lucky Solte)\n|inactive|RB2T Unstoppable also wants the timer to be on.\n|\n|t:|1727012880\n|switch|p1a: Mesprit|Mesprit, L85|275/275\n|move|p2a: Staraptor|Close Combat|p1a: Mesprit\n|-resisted|p1a: Mesprit\n|-damage|p1a: Mesprit|213/275\n|-unboost|p2a: Staraptor|def|1\n|-unboost|p2a: Staraptor|spd|1\n|\n|upkeep\n|turn|2\n|inactive|RB2T Unstoppable has 120 seconds left.\n|\n|t:|1727012915\n|switch|p2a: Cryogonal|Cryogonal, L89|287/287\n|move|p1a: Mesprit|Psychic|p2a: Cryogonal\n|-damage|p2a: Cryogonal|192/287\n|-damage|p1a: Mesprit|186/275|[from] item: Life Orb\n|\n|upkeep\n|turn|3\n|inactive|RB2T Unstoppable has 120 seconds left.\n|\n|t:|1727012927\n|switch|p1a: Gurdurr|Gurdurr, L85, M|283/283\n|move|p2a: Cryogonal|Ice Beam|p1a: Gurdurr\n|-damage|p1a: Gurdurr|178/283\n|\n|upkeep\n|turn|4\n|inactive|RB2T Unstoppable has 120 seconds left.\n|\n|t:|1727012939\n|switch|p2a: Iron Valiant|Iron Valiant, L79|247/247\n|move|p1a: Gurdurr|Drain Punch|p2a: Iron Valiant\n|-resisted|p2a: Iron Valiant\n|-damage|p2a: Iron Valiant|202/247\n|-heal|p1a: Gurdurr|201/283|[from] drain|[of] p2a: Iron Valiant\n|\n|upkeep\n|turn|5\n|\n|t:|1727012952\n|switch|p1a: Arceus|Arceus-Flying, L69|279/279\n|move|p2a: Iron Valiant|Knock Off|p1a: Arceus\n|-damage|p1a: Arceus|213/279\n|-damage|p2a: Iron Valiant|178/247|[from] item: Life Orb\n|\n|upkeep\n|turn|6\n|inactive|RB2T Unstoppable has 120 seconds left.\n|\n|t:|1727012974\n|-end|p2a: Iron Valiant|Quark Drive|[silent]\n|switch|p2a: Lapras|Lapras, L87, M|367/367\n|switch|p1a: Gurdurr|Gurdurr, L85, M|201/283\n|\n|upkeep\n|turn|7\n|\n|t:|1727012981\n|switch|p2a: Iron Valiant|Iron Valiant, L79|178/247\n|move|p1a: Gurdurr|Drain Punch|p2a: Iron Valiant\n|-resisted|p2a: Iron Valiant\n|-damage|p2a: Iron Valiant|133/247\n|-heal|p1a: Gurdurr|224/283|[from] drain|[of] p2a: Iron Valiant\n|\n|upkeep\n|turn|8\n|\n|t:|1727012997\n|switch|p1a: Dugtrio|Dugtrio-Alola, L84, M|196/196\n|move|p2a: Iron Valiant|Moonblast|p1a: Dugtrio\n|-resisted|p1a: Dugtrio\n|-damage|p1a: Dugtrio|109/196\n|-damage|p2a: Iron Valiant|109/247|[from] item: Life Orb\n|\n|upkeep\n|turn|9\n|inactive|RB2T Unstoppable has 120 seconds left.\n|\n|t:|1727013017\n|-end|p2a: Iron Valiant|Quark Drive|[silent]\n|switch|p2a: Lapras|Lapras, L87, M|367/367\n|move|p1a: Dugtrio|Iron Head|p2a: Lapras\n|-damage|p2a: Lapras|249/367\n|-damage|p1a: Dugtrio|90/196|[from] item: Life Orb\n|\n|upkeep\n|turn|10\n|\n|t:|1727013029\n|switch|p1a: Gurdurr|Gurdurr, L85, M|224/283\n|move|p2a: Lapras|Ice Beam|p1a: Gurdurr\n|-damage|p1a: Gurdurr|89/283\n|\n|upkeep\n|turn|11\n|\n|t:|1727013038\n|switch|p1a: Vaporeon|Vaporeon, L86, F|364/364\n|move|p2a: Lapras|Ice Beam|p1a: Vaporeon\n|-resisted|p1a: Vaporeon\n|-damage|p1a: Vaporeon|304/364\n|\n|-heal|p1a: Vaporeon|326/364|[from] item: Leftovers\n|upkeep\n|turn|12\n|\n|t:|1727013046\n|switch|p2a: Zekrom|Zekrom, L71|259/259\n|-ability|p2a: Zekrom|Teravolt\n|move|p1a: Vaporeon|Wish|p1a: Vaporeon\n|\n|-heal|p1a: Vaporeon|348/364|[from] item: Leftovers\n|upkeep\n|turn|13\n|\n|t:|1727013063\n|switch|p1a: Dugtrio|Dugtrio-Alola, L84, M|90/196\n|move|p2a: Zekrom|Dragon Dance|p2a: Zekrom\n|-boost|p2a: Zekrom|atk|1\n|-boost|p2a: Zekrom|spe|1\n|\n|-heal|p1a: Dugtrio|196/196|[from] move: Wish|[wisher] Vaporeon\n|upkeep\n|turn|14\n|\n|t:|1727013073\n|move|p2a: Zekrom|Substitute|p2a: Zekrom\n|-start|p2a: Zekrom|Substitute\n|-damage|p2a: Zekrom|195/259\n|move|p1a: Dugtrio|Swords Dance|p1a: Dugtrio\n|-boost|p1a: Dugtrio|atk|2\n|\n|-heal|p2a: Zekrom|211/259|[from] item: Leftovers\n|upkeep\n|turn|15\n|\n|t:|1727013085\n|move|p2a: Zekrom|Dragon Dance|p2a: Zekrom\n|-boost|p2a: Zekrom|atk|1\n|-boost|p2a: Zekrom|spe|1\n|move|p1a: Dugtrio|Earthquake|p2a: Zekrom\n|-supereffective|p2a: Zekrom\n|-end|p2a: Zekrom|Substitute\n|-damage|p1a: Dugtrio|177/196|[from] item: Life Orb\n|\n|-heal|p2a: Zekrom|227/259|[from] item: Leftovers\n|upkeep\n|turn|16\n|j| talon543\n|\n|t:|1727013091\n|move|p2a: Zekrom|Substitute|p2a: Zekrom\n|-start|p2a: Zekrom|Substitute\n|-damage|p2a: Zekrom|163/259\n|move|p1a: Dugtrio|Earthquake|p2a: Zekrom\n|-supereffective|p2a: Zekrom\n|-end|p2a: Zekrom|Substitute\n|-damage|p1a: Dugtrio|158/196|[from] item: Life Orb\n|\n|-heal|p2a: Zekrom|179/259|[from] item: Leftovers\n|upkeep\n|turn|17\n|\n|t:|1727013103\n|move|p1a: Dugtrio|Sucker Punch|p2a: Zekrom\n|-damage|p2a: Zekrom|52/259\n|-damage|p1a: Dugtrio|139/196|[from] item: Life Orb\n|move|p2a: Zekrom|Outrage|p1a: Dugtrio\n|-resisted|p1a: Dugtrio\n|-damage|p1a: Dugtrio|0 fnt\n|-ability|p1a: Dugtrio|Tangling Hair\n|-unboost|p2a: Zekrom|spe|1\n|faint|p1a: Dugtrio\n|\n|-heal|p2a: Zekrom|68/259|[from] item: Leftovers\n|upkeep\n|\n|t:|1727013117\n|switch|p1a: Vaporeon|Vaporeon, L86, F|348/364\n|turn|18\n|\n|t:|1727013120\n|move|p2a: Zekrom|Outrage|p1a: Vaporeon|[from]lockedmove\n|-damage|p1a: Vaporeon|8/364\n|-start|p2a: Zekrom|confusion|[fatigue]\n|move|p1a: Vaporeon|Scald|p2a: Zekrom\n|-resisted|p2a: Zekrom\n|-damage|p2a: Zekrom|18/259\n|-status|p2a: Zekrom|brn\n|\n|-heal|p2a: Zekrom|34/259 brn|[from] item: Leftovers\n|-heal|p1a: Vaporeon|30/364|[from] item: Leftovers\n|-damage|p2a: Zekrom|18/259 brn|[from] brn\n|upkeep\n|turn|19\n|\n|t:|1727013133\n|-activate|p2a: Zekrom|confusion\n|move|p2a: Zekrom|Bolt Strike|p1a: Vaporeon\n|-supereffective|p1a: Vaporeon\n|-damage|p1a: Vaporeon|0 fnt\n|faint|p1a: Vaporeon\n|\n|-heal|p2a: Zekrom|34/259 brn|[from] item: Leftovers\n|-damage|p2a: Zekrom|18/259 brn|[from] brn\n|upkeep\n|\n|t:|1727013135\n|switch|p1a: Gurdurr|Gurdurr, L85, M|89/283\n|turn|20\n|\n|t:|1727013138\n|move|p1a: Gurdurr|Mach Punch|p2a: Zekrom\n|-damage|p2a: Zekrom|0 fnt\n|faint|p2a: Zekrom\n|\n|upkeep\n|\n|t:|1727013142\n|switch|p2a: Iron Valiant|Iron Valiant, L79|109/247\n|turn|21\n|\n|t:|1727013147\n|move|p1a: Gurdurr|Mach Punch|p2a: Iron Valiant\n|-resisted|p2a: Iron Valiant\n|-damage|p2a: Iron Valiant|84/247\n|move|p2a: Iron Valiant|Moonblast|p1a: Gurdurr\n|-supereffective|p1a: Gurdurr\n|-damage|p1a: Gurdurr|0 fnt\n|faint|p1a: Gurdurr\n|-damage|p2a: Iron Valiant|60/247|[from] item: Life Orb\n|\n|upkeep\n|\n|t:|1727013153\n|switch|p1a: Arceus|Arceus-Flying, L69|213/279\n|turn|22\n|\n|t:|1727013157\n|move|p2a: Iron Valiant|Moonblast|p1a: Arceus\n|-damage|p1a: Arceus|91/279\n|-damage|p2a: Iron Valiant|36/247|[from] item: Life Orb\n|move|p1a: Arceus|Judgment|p2a: Iron Valiant\n|-supereffective|p2a: Iron Valiant\n|-damage|p2a: Iron Valiant|0 fnt\n|faint|p2a: Iron Valiant\n|-end|p2a: Iron Valiant|Quark Drive|[silent]\n|\n|upkeep\n|\n|t:|1727013162\n|switch|p2a: Cryogonal|Cryogonal, L89|192/287\n|turn|23\n|\n|t:|1727013178\n|switch|p1a: Mesprit|Mesprit, L85|186/275\n|move|p2a: Cryogonal|Ice Beam|p1a: Mesprit\n|-crit|p1a: Mesprit\n|-damage|p1a: Mesprit|44/275\n|\n|upkeep\n|turn|24\n|\n|t:|1727013183\n|move|p2a: Cryogonal|Ice Beam|p1a: Mesprit\n|-damage|p1a: Mesprit|0 fnt\n|faint|p1a: Mesprit\n|\n|upkeep\n|\n|t:|1727013185\n|switch|p1a: Exeggutor|Exeggutor-Alola, L89, F|314/314\n|-item|p2a: Cryogonal|Heavy-Duty Boots|[from] ability: Frisk|[of] p1a: Exeggutor\n|turn|25\n|inactive|RB2T Unstoppable has 120 seconds left.\n|\n|t:|1727013215\n|-terastallize|p1a: Exeggutor|Fire\n|move|p2a: Cryogonal|Ice Beam|p1a: Exeggutor\n|-resisted|p1a: Exeggutor\n|-damage|p1a: Exeggutor|278/314\n|move|p1a: Exeggutor|Flamethrower|p2a: Cryogonal\n|-supereffective|p2a: Cryogonal\n|-crit|p2a: Cryogonal\n|-damage|p2a: Cryogonal|0 fnt\n|faint|p2a: Cryogonal\n|\n|upkeep\n|inactive|RB2T Unstoppable has 120 seconds left.\n|inactive|RB2T Unstoppable has 90 seconds left.\n|\n|t:|1727013257\n|switch|p2a: Lapras|Lapras, L87, M|249/367\n|turn|26\n|inactive|RB2T Unstoppable has 90 seconds left.\n|\n|t:|1727013269\n|-terastallize|p2a: Lapras|Water\n|move|p2a: Lapras|Sparkling Aria|p1a: Exeggutor\n|-supereffective|p1a: Exeggutor\n|-damage|p1a: Exeggutor|38/314\n|move|p1a: Exeggutor|Giga Drain|p2a: Lapras\n|-supereffective|p2a: Lapras\n|-damage|p2a: Lapras|37/367\n|-heal|p1a: Exeggutor|144/314|[from] drain|[of] p2a: Lapras\n|\n|upkeep\n|turn|27\n|\n|t:|1727013274\n|move|p2a: Lapras|Sparkling Aria|p1a: Exeggutor\n|-supereffective|p1a: Exeggutor\n|-damage|p1a: Exeggutor|0 fnt\n|faint|p1a: Exeggutor\n|\n|upkeep\n|\n|t:|1727013276\n|switch|p1a: Arceus|Arceus-Flying, L69|91/279\n|turn|28\n|\n|t:|1727013284\n|move|p1a: Arceus|Judgment|p2a: Lapras\n|-damage|p2a: Lapras|0 fnt\n|faint|p2a: Lapras\n|\n|upkeep\n|\n|t:|1727013287\n|switch|p2a: Staraptor|Staraptor, L79, M|263/263\n|turn|29\n|\n|t:|1727013292\n|move|p1a: Arceus|Recover|p1a: Arceus\n|-heal|p1a: Arceus|231/279\n|move|p2a: Staraptor|Brave Bird|p1a: Arceus\n|-damage|p1a: Arceus|18/279\n|-damage|p2a: Staraptor|193/263|[from] Recoil\n|\n|upkeep\n|turn|30\n|\n|t:|1727013297\n|move|p1a: Arceus|Judgment|p2a: Staraptor\n|-damage|p2a: Staraptor|57/263\n|move|p2a: Staraptor|Brave Bird|p1a: Arceus\n|-damage|p1a: Arceus|0 fnt\n|faint|p1a: Arceus\n|-damage|p2a: Staraptor|51/263|[from] Recoil\n|\n|win|RB2T Unstoppable\n|raw|Lucky Solte's rating: 2298 &rarr; <strong>2282</strong><br />(-16 for losing)\n|raw|RB2T Unstoppable's rating: 2371 &rarr; <strong>2387</strong><br />(+16 for winning)\n|l|\u2606Lucky Solte\n|player|p1|\n", "inputlog": ">version ddf5848a381b6afa3b8db755b9bdef59b522c4eb\n>start {\"formatid\":\"gen9randombattle\",\"seed\":[23609,17432,23586,21280],\"rated\":\"Rated battle\"}\n>player p1 {\"name\":\"Lucky Solte\",\"avatar\":\"pokekid\",\"rating\":2298,\"seed\":[59249,45381,23565,57374]}\n>player p2 {\"name\":\"RB2T Unstoppable\",\"avatar\":\"dawn\",\"rating\":2371,\"seed\":[18012,38110,60657,24167]}\n>p1 switch 4\n>p2 move closecombat\n>p1 move psychic\n>p2 switch 3\n>p1 switch 3\n>p2 move icebeam\n>p1 move drainpunch\n>p2 switch 2\n>p1 switch 2\n>p2 move knockoff\n>p1 switch 2\n>p2 switch 5\n>p1 move drainpunch\n>p2 switch 5\n>p1 switch 4\n>p2 move moonblast\n>p1 move ironhead\n>p2 switch 5\n>p1 switch 4\n>p2 move icebeam\n>p1 switch 6\n>p2 move icebeam\n>p1 move wish\n>p2 switch 6\n>p1 switch 4\n>p2 move dragondance\n>p1 move swordsdance\n>p2 move substitute\n>p1 move earthquake\n>p2 move dragondance\n>p1 move earthquake\n>p2 move substitute\n>p1 move suckerpunch\n>p2 move outrage\n>p1 switch 4\n>p1 move scald\n>p2 move outrage\n>p1 move wish\n>p2 move boltstrike\n>p1 switch 6\n>p1 move machpunch\n>p2 move boltstrike\n>p2 switch 5\n>p1 move machpunch\n>p2 move moonblast\n>p1 switch 2\n>p1 move judgment\n>p2 move moonblast\n>p2 switch 2\n>p1 switch 3\n>p2 move icebeam\n>p1 move psychic\n>p2 move icebeam\n>p1 switch 5\n>p1 move flamethrower terastallize\n>p2 move icebeam\n>p2 switch 6\n>p1 move gigadrain\n>p2 move sparklingaria terastallize\n>p1 move gigadrain\n>p2 move sparklingaria\n>p1 switch 3\n>p1 move judgment\n>p2 move sparklingaria\n>p2 switch 3\n>p1 move recover\n>p2 move bravebird\n>p1 move judgment\n>p2 move bravebird", "uploadtime": 1727013300, "views": 85, "formatid": "gen9randombattle", "rating": 2282, "private": 0, "password": null}