{"id": "gen9randombattle-2220984051", "format": "[Gen 9] Random Battle", "players": ["Merry24", "Norman2!"], "log": "|badge|p1|silver|gen9randombattle|30-3\n|uhtml|medal-msg|<div class=\"broadcast-blue\">Curious what those medals under the avatar are? PS now has Ladder Seasons! For more information, check out the <a href=\"https://www.smogon.com/forums/threads/3740067/\">thread on Smogon.</a></div>\n|j|\u2606Merry24\n|j|\u203dNorman2!\n|t:|1728678123\n|gametype|singles\n|player|p1|Merry24|acetrainersnowf|2360\n|player|p2|Norman2!|2|2195\n|teamsize|p1|6\n|teamsize|p2|6\n|gen|9\n|tier|[Gen 9] Random Battle\n|rated|\n|rule|Species Clause: Limit one of each Pok\u00e9mon\n|rule|HP Percentage Mod: HP is shown in percentages\n|rule|Sleep Clause Mod: Limit one foe put to sleep\n|rule|Illusion Level Mod: Illusion disguises the Pok\u00e9mon's true level\n|\n|t:|1728678123\n|start\n|switch|p1a: Lunala|Lunala, L70|308/308\n|switch|p2a: Feraligatr|Feraligatr, L79, F|264/264\n|turn|1\n|inactive|Battle timer is ON: inactive players will automatically lose when time's up. (requested by Merry24)\n|\n|t:|1728678143\n|switch|p1a: Rotom|Rotom-Wash, L82|216/216\n|switch|p2a: Indeedee|Indeedee-F, L90, F|272/272\n|-fieldstart|move: Psychic Terrain|[from] ability: Psychic Surge|[of] p2a: Indeedee\n|\n|upkeep\n|turn|2\n|\n|t:|1728678157\n|move|p2a: Indeedee|Psychic|p1a: Rotom\n|-damage|p1a: Rotom|96/216\n|move|p1a: Rotom|Pain Split|p2a: Indeedee\n|-sethp|p2a: Indeedee|184/272|[from] move: Pain Split|[silent]\n|-sethp|p1a: Rotom|184/216|[from] move: Pain Split\n|\n|-heal|p1a: Rotom|197/216|[from] item: Leftovers\n|upkeep\n|turn|3\n|\n|t:|1728678166\n|switch|p1a: Necrozma|Necrozma, L81|290/290\n|move|p2a: Indeedee|Psychic|p1a: Necrozma\n|-resisted|p1a: Necrozma\n|-damage|p1a: Necrozma|212/290\n|\n|-heal|p1a: Necrozma|230/290|[from] item: Leftovers\n|upkeep\n|turn|4\n|\n|t:|1728678179\n|switch|p2a: Basculegion|Basculegion-F, L83, F|335/335\n|move|p1a: Necrozma|Photon Geyser|p2a: Basculegion\n|-damage|p2a: Basculegion|169/335\n|\n|-heal|p1a: Necrozma|248/290|[from] item: Leftovers\n|upkeep\n|turn|5\n|\n|t:|1728678189\n|switch|p1a: Rotom|Rotom-Wash, L82|197/216\n|move|p2a: Basculegion|Flip Turn|p1a: Rotom\n|-resisted|p1a: Rotom\n|-damage|p1a: Rotom|162/216\n|\n|t:|1728678192\n|switch|p2a: Indeedee|Indeedee-F, L90, F|184/272|[from] Flip Turn\n|\n|-heal|p1a: Rotom|175/216|[from] item: Leftovers\n|-fieldend|move: Psychic Terrain\n|upkeep\n|turn|6\n|\n|t:|1728678198\n|switch|p1a: Necrozma|Necrozma, L81|248/290\n|move|p2a: Indeedee|Hyper Voice|p1a: Necrozma\n|-damage|p1a: Necrozma|145/290\n|\n|-heal|p1a: Necrozma|163/290|[from] item: Leftovers\n|upkeep\n|turn|7\n|\n|t:|1728678206\n|switch|p2a: Basculegion|Basculegion-F, L83, F|169/335\n|move|p1a: Necrozma|Photon Geyser|p2a: Basculegion\n|-damage|p2a: Basculegion|24/335\n|\n|-heal|p1a: Necrozma|181/290|[from] item: Leftovers\n|upkeep\n|turn|8\n|\n|t:|1728678209\n|switch|p1a: Rotom|Rotom-Wash, L82|175/216\n|move|p2a: Basculegion|Shadow Ball|p1a: Rotom\n|-damage|p1a: Rotom|23/216\n|\n|-heal|p1a: Rotom|36/216|[from] item: Leftovers\n|upkeep\n|turn|9\n|\n|t:|1728678216\n|move|p1a: Rotom|Thunderbolt|p2a: Basculegion\n|-supereffective|p2a: Basculegion\n|-damage|p2a: Basculegion|0 fnt\n|faint|p2a: Basculegion\n|\n|-heal|p1a: Rotom|49/216|[from] item: Leftovers\n|upkeep\n|\n|t:|1728678223\n|switch|p2a: Indeedee|Indeedee-F, L90, F|184/272\n|-fieldstart|move: Psychic Terrain|[from] ability: Psychic Surge|[of] p2a: Indeedee\n|turn|10\n|\n|t:|1728678230\n|move|p2a: Indeedee|Psychic|p1a: Rotom\n|-damage|p1a: Rotom|0 fnt\n|faint|p1a: Rotom\n|\n|upkeep\n|\n|t:|1728678231\n|switch|p1a: Necrozma|Necrozma, L81|181/290\n|turn|11\n|\n|t:|1728678236\n|switch|p2a: Meowstic|Meowstic-F, L89, F|277/277\n|move|p1a: Necrozma|Calm Mind|p1a: Necrozma\n|-boost|p1a: Necrozma|spa|1\n|-boost|p1a: Necrozma|spd|1\n|\n|-heal|p1a: Necrozma|199/290|[from] item: Leftovers\n|upkeep\n|turn|12\n|\n|t:|1728678240\n|move|p2a: Meowstic|Nasty Plot|p2a: Meowstic\n|-boost|p2a: Meowstic|spa|2\n|move|p1a: Necrozma|Photon Geyser|p2a: Meowstic\n|-resisted|p2a: Meowstic\n|-damage|p2a: Meowstic|158/277\n|\n|-heal|p1a: Necrozma|217/290|[from] item: Leftovers\n|upkeep\n|turn|13\n|\n|t:|1728678245\n|move|p2a: Meowstic|Thunderbolt|p1a: Necrozma\n|-damage|p1a: Necrozma|95/290\n|-damage|p2a: Meowstic|131/277|[from] item: Life Orb\n|move|p1a: Necrozma|Earth Power|p2a: Meowstic\n|-damage|p2a: Meowstic|23/277\n|\n|-heal|p1a: Necrozma|113/290|[from] item: Leftovers\n|upkeep\n|turn|14\n|\n|t:|1728678250\n|move|p2a: Meowstic|Thunderbolt|p1a: Necrozma\n|-damage|p1a: Necrozma|5/290\n|-damage|p2a: Meowstic|0 fnt|[from] item: Life Orb\n|faint|p2a: Meowstic\n|move|p1a: Necrozma|Moonlight|p1a: Necrozma\n|-heal|p1a: Necrozma|150/290\n|\n|-heal|p1a: Necrozma|168/290|[from] item: Leftovers\n|-fieldend|move: Psychic Terrain\n|upkeep\n|\n|t:|1728678268\n|switch|p2a: Klawf|Klawf, L90, F|272/272\n|turn|15\n|\n|t:|1728678279\n|move|p2a: Klawf|Swords Dance|p2a: Klawf\n|-boost|p2a: Klawf|atk|2\n|move|p1a: Necrozma|Photon Geyser|p2a: Klawf\n|-damage|p2a: Klawf|34/272\n|-ability|p2a: Klawf|Anger Shell|boost\n|-boost|p2a: Klawf|atk|1\n|-boost|p2a: Klawf|spa|1\n|-boost|p2a: Klawf|spe|1\n|-unboost|p2a: Klawf|def|1\n|-unboost|p2a: Klawf|spd|1\n|\n|-heal|p1a: Necrozma|186/290|[from] item: Leftovers\n|upkeep\n|turn|16\n|\n|t:|1728678290\n|move|p2a: Klawf|Knock Off|p1a: Necrozma\n|-supereffective|p1a: Necrozma\n|-crit|p1a: Necrozma\n|-damage|p1a: Necrozma|0 fnt\n|-enditem|p1a: Necrozma|Leftovers|[from] move: Knock Off|[of] p2a: Klawf\n|faint|p1a: Necrozma\n|\n|upkeep\n|\n|t:|1728678295\n|switch|p1a: Lunala|Lunala, L70|308/308\n|turn|17\n|\n|t:|1728678299\n|-terastallize|p1a: Lunala|Fairy\n|move|p2a: Klawf|Stone Edge|p1a: Lunala\n|-damage|p1a: Lunala|109/308\n|move|p1a: Lunala|Moongeist Beam|p2a: Klawf\n|-damage|p2a: Klawf|0 fnt\n|faint|p2a: Klawf\n|\n|-heal|p1a: Lunala|128/308|[from] item: Leftovers\n|upkeep\n|\n|t:|1728678305\n|switch|p2a: Indeedee|Indeedee-F, L90, F|184/272\n|-fieldstart|move: Psychic Terrain|[from] ability: Psychic Surge|[of] p2a: Indeedee\n|turn|18\n|\n|t:|1728678311\n|move|p2a: Indeedee|Psychic|p1a: Lunala\n|-damage|p1a: Lunala|0 fnt\n|faint|p1a: Lunala\n|\n|upkeep\n|\n|t:|1728678314\n|switch|p1a: Pincurchin|Pincurchin, F|258/258\n|-fieldstart|move: Electric Terrain|[from] ability: Electric Surge|[of] p1a: Pincurchin\n|turn|19\n|\n|t:|1728678326\n|move|p2a: Indeedee|Psychic|p1a: Pincurchin\n|-damage|p1a: Pincurchin|168/258\n|move|p1a: Pincurchin|Toxic Spikes|p2a: Indeedee\n|-sidestart|p2: Norman2!|move: Toxic Spikes\n|\n|-heal|p1a: Pincurchin|184/258|[from] item: Leftovers\n|upkeep\n|turn|20\n|\n|t:|1728678332\n|switch|p2a: Mienshao|Mienshao, L83, F|244/244\n|-status|p2a: Mienshao|psn\n|move|p1a: Pincurchin|Thunderbolt|p2a: Mienshao\n|-damage|p2a: Mienshao|16/244 psn\n|\n|-heal|p1a: Pincurchin|200/258|[from] item: Leftovers\n|-damage|p2a: Mienshao|0 fnt|[from] psn\n|faint|p2a: Mienshao\n|upkeep\n|\n|t:|1728678341\n|switch|p2a: Indeedee|Indeedee-F, L90, F|184/272\n|-status|p2a: Indeedee|psn\n|-fieldstart|move: Psychic Terrain|[from] ability: Psychic Surge|[of] p2a: Indeedee\n|turn|21\n|\n|t:|1728678350\n|switch|p1a: Basculegion|Basculegion-F, L83, F|335/335\n|move|p2a: Indeedee|Psychic|p1a: Basculegion\n|-damage|p1a: Basculegion|226/335\n|\n|-damage|p2a: Indeedee|150/272 psn|[from] psn\n|upkeep\n|turn|22\n|\n|t:|1728678355\n|move|p2a: Indeedee|Psychic|p1a: Basculegion\n|-damage|p1a: Basculegion|124/335\n|move|p1a: Basculegion|Flip Turn|p2a: Indeedee\n|-damage|p2a: Indeedee|62/272 psn\n|\n|t:|1728678358\n|switch|p1a: Pincurchin|Pincurchin, F|200/258|[from] Flip Turn\n|-fieldstart|move: Electric Terrain|[from] ability: Electric Surge|[of] p1a: Pincurchin\n|\n|-heal|p1a: Pincurchin|216/258|[from] item: Leftovers\n|-damage|p2a: Indeedee|28/272 psn|[from] psn\n|upkeep\n|turn|23\n|\n|t:|1728678361\n|switch|p1a: Basculegion|Basculegion-F, L83, F|124/335\n|move|p2a: Indeedee|Psychic|p1a: Basculegion\n|-damage|p1a: Basculegion|46/335\n|\n|-damage|p2a: Indeedee|0 fnt|[from] psn\n|faint|p2a: Indeedee\n|upkeep\n|\n|t:|1728678363\n|switch|p2a: Feraligatr|Feraligatr, L79, F|264/264\n|-status|p2a: Feraligatr|psn\n|turn|24\n|\n|t:|1728678365\n|move|p1a: Basculegion|Shadow Ball|p2a: Feraligatr\n|-damage|p2a: Feraligatr|130/264 psn\n|-unboost|p2a: Feraligatr|spd|1\n|move|p2a: Feraligatr|Dragon Dance|p2a: Feraligatr\n|-boost|p2a: Feraligatr|atk|1\n|-boost|p2a: Feraligatr|spe|1\n|\n|-damage|p2a: Feraligatr|97/264 psn|[from] psn\n|upkeep\n|turn|25\n|\n|t:|1728678373\n|move|p2a: Feraligatr|Liquidation|p1a: Basculegion\n|-resisted|p1a: Basculegion\n|-damage|p1a: Basculegion|0 fnt\n|faint|p1a: Basculegion\n|\n|-damage|p2a: Feraligatr|64/264 psn|[from] psn\n|upkeep\n|\n|t:|1728678379\n|switch|p1a: Pincurchin|Pincurchin, F|216/258\n|turn|26\n|\n|t:|1728678383\n|switch|p1a: Mudsdale|Mudsdale, L84, F|305/305\n|-terastallize|p2a: Feraligatr|Water\n|move|p2a: Feraligatr|Liquidation|p1a: Mudsdale\n|-supereffective|p1a: Mudsdale\n|-damage|p1a: Mudsdale|0 fnt\n|faint|p1a: Mudsdale\n|\n|-damage|p2a: Feraligatr|31/264 psn|[from] psn\n|-fieldend|move: Electric Terrain\n|upkeep\n|\n|t:|1728678385\n|switch|p1a: Pincurchin|Pincurchin, F|216/258\n|-fieldstart|move: Electric Terrain|[from] ability: Electric Surge|[of] p1a: Pincurchin\n|turn|27\n|\n|t:|1728678387\n|move|p2a: Feraligatr|Liquidation|p1a: Pincurchin\n|-damage|p1a: Pincurchin|0 fnt\n|faint|p1a: Pincurchin\n|\n|win|Norman2!\n|raw|Merry24's rating: 2360 &rarr; <strong>2331</strong><br />(-29 for losing)\n|raw|Norman2!'s rating: 2195 &rarr; <strong>2224</strong><br />(+29 for winning)\n|l|\u2606Merry24\n|player|p1|\n", "inputlog": ">version 07a496376195f222b7c6b2699e264b68c37d3bc4\n>start {\"formatid\":\"gen9randombattle\",\"seed\":[49799,35463,44125,35767],\"rated\":\"Rated battle\"}\n>player p1 {\"name\":\"Merry24\",\"avatar\":\"acetrainersnowf\",\"rating\":2360,\"seed\":[52552,54499,52909,7147]}\n>player p2 {\"name\":\"Norman2!\",\"avatar\":\"2\",\"rating\":2195,\"seed\":[46420,42734,22765,20318]}\n>p1 switch 3\n>p2 switch 3\n>p1 move painsplit\n>p2 move psychic\n>p1 switch 6\n>p2 move psychic\n>p1 move photongeyser\n>p2 switch 2\n>p1 switch 6\n>p2 move flipturn\n>p2 switch 2\n>p1 switch 6\n>p2 move hypervoice\n>p1 move photongeyser\n>p2 switch 2\n>p1 switch 6\n>p2 move shadowball\n>p1 move thunderbolt\n>p2 move shadowball\n>p2 switch 2\n>p1 move thunderbolt\n>p2 move psychic\n>p1 switch 6\n>p1 move calmmind\n>p2 switch 5\n>p1 move photongeyser\n>p2 move nastyplot\n>p1 move earthpower\n>p2 move thunderbolt\n>p1 move moonlight\n>p2 move thunderbolt\n>p2 switch 4\n>p1 move photongeyser\n>p2 move swordsdance\n>p1 move earthpower\n>p2 move knockoff\n>p1 switch 3\n>p1 move moongeistbeam terastallize\n>p2 move stoneedge\n>p2 switch 5\n>p1 move moonlight\n>p2 move psychic\n>p1 switch 5\n>p1 move toxicspikes\n>p2 move psychic\n>p1 move thunderbolt\n>p2 switch 6\n>p2 switch 6\n>p1 switch 4\n>p2 move psychic\n>p1 move flipturn\n>p2 move psychic\n>p1 switch 4\n>p1 switch 4\n>p2 move psychic\n>p2 switch 3\n>p1 move shadowball\n>p2 move dragondance\n>p1 move shadowball\n>p2 move liquidation\n>p1 switch 4\n>p1 switch 2\n>p2 move liquidation terastallize\n>p1 switch 2\n>p1 move thunderbolt\n>p2 move liquidation", "uploadtime": 1728678392, "views": 61, "formatid": "gen9randombattle", "rating": 2224, "private": 0, "password": null}