{"id": "gen9randombattle-2247369245", "format": "[Gen 9] Random Battle", "players": ["20 Million GXE", "Qiuescent"], "log": "|j|\u260620 Million GXE\n|j|\u203dQiuescent\n|t:|1732076637\n|gametype|singles\n|player|p1|20 Million GXE|turo-ai|2221\n|player|p2|Qiuescent|169|2219\n|teamsize|p1|6\n|teamsize|p2|6\n|gen|9\n|tier|[Gen 9] Random Battle\n|rated|\n|rule|Species Clause: Limit one of each Pok\u00e9mon\n|rule|HP Percentage Mod: HP is shown in percentages\n|rule|Sleep Clause Mod: Limit one foe put to sleep\n|rule|Illusion Level Mod: Illusion disguises the Pok\u00e9mon's true level\n|\n|t:|1732076637\n|start\n|switch|p1a: Lanturn|Lanturn, L89, M|367/367\n|switch|p2a: Revavroom|Revavroom, L79, M|256/256\n|turn|1\n|inactive|Battle timer is ON: inactive players will automatically lose when time's up. (requested by 20 Million GXE)\n|\n|t:|1732076651\n|move|p2a: Revavroom|High Horsepower|p1a: Lanturn\n|-supereffective|p1a: Lanturn\n|-damage|p1a: Lanturn|117/367\n|-damage|p2a: Revavroom|231/256|[from] item: Life Orb\n|move|p1a: Lanturn|Volt Switch|p2a: Revavroom\n|-damage|p2a: Revavroom|107/256\n|j| LightFlair\n|\n|t:|1732076668\n|switch|p1a: Whiscash|Whiscash, L88, F|337/337|[from] Volt Switch\n|\n|upkeep\n|turn|2\n|\n|t:|1732076673\n|switch|p2a: Espeon|Espeon, L84, F|246/246\n|move|p1a: Whiscash|Stealth Rock|p2a: Espeon\n|move|p2a: Espeon|Stealth Rock|p1a: Whiscash|[from]ability: Magic Bounce\n|-sidestart|p1: 20 Million GXE|move: Stealth Rock\n|\n|upkeep\n|turn|3\n|\n|t:|1732076679\n|move|p2a: Espeon|Psychic|p1a: Whiscash\n|-damage|p1a: Whiscash|127/337\n|move|p1a: Whiscash|Earthquake|p2a: Espeon\n|-damage|p2a: Espeon|123/246\n|\n|-heal|p1a: Whiscash|148/337|[from] item: Leftovers\n|upkeep\n|turn|4\n|\n|t:|1732076683\n|switch|p1a: Sableye|Sableye, L90, F|236/236\n|-damage|p1a: Sableye|207/236|[from] Stealth Rock\n|move|p2a: Espeon|Psychic|p1a: Sableye\n|-immune|p1a: Sableye\n|\n|-heal|p1a: Sableye|221/236|[from] item: Leftovers\n|upkeep\n|turn|5\n|\n|t:|1732076696\n|switch|p2a: Revavroom|Revavroom, L79, M|107/256\n|move|p1a: Sableye|Knock Off|p2a: Revavroom\n|-damage|p2a: Revavroom|0 fnt\n|-enditem|p2a: Revavroom|Life Orb|[from] move: Knock Off|[of] p1a: Sableye\n|faint|p2a: Revavroom\n|\n|-heal|p1a: Sableye|235/236|[from] item: Leftovers\n|upkeep\n|\n|t:|1732076720\n|switch|p2a: Espeon|Espeon, L84, F|123/246\n|turn|6\n|\n|t:|1732076725\n|switch|p1a: Metagross|Metagross, L79|256/256\n|-damage|p1a: Metagross|240/256|[from] Stealth Rock\n|move|p2a: Espeon|Alluring Voice|p1a: Metagross\n|-resisted|p1a: Metagross\n|-crit|p1a: Metagross\n|-damage|p1a: Metagross|164/256\n|\n|upkeep\n|turn|7\n|\n|t:|1732076729\n|switch|p2a: Skeledirge|Skeledirge, L79, M|294/294\n|move|p1a: Metagross|Heavy Slam|p2a: Skeledirge\n|-resisted|p2a: Skeledirge\n|-damage|p2a: Skeledirge|261/294\n|\n|upkeep\n|turn|8\n|\n|t:|1732076740\n|switch|p1a: Whiscash|Whiscash, L88, F|148/337\n|-damage|p1a: Whiscash|127/337|[from] Stealth Rock\n|move|p2a: Skeledirge|Hex|p1a: Whiscash\n|-damage|p1a: Whiscash|57/337\n|\n|-heal|p1a: Whiscash|78/337|[from] item: Leftovers\n|upkeep\n|turn|9\n|\n|t:|1732076747\n|switch|p2a: Serperior|Serperior, L79, M|248/248\n|move|p1a: Whiscash|Hydro Pump|p2a: Serperior\n|-resisted|p2a: Serperior\n|-damage|p2a: Serperior|191/248\n|\n|-heal|p2a: Serperior|206/248|[from] item: Leftovers\n|-heal|p1a: Whiscash|99/337|[from] item: Leftovers\n|upkeep\n|turn|10\n|\n|t:|1732076755\n|move|p2a: Serperior|Leaf Storm|p1a: Whiscash|[miss]\n|-miss|p2a: Serperior|p1a: Whiscash\n|move|p1a: Whiscash|Ice Beam|p2a: Serperior\n|-supereffective|p2a: Serperior\n|-damage|p2a: Serperior|94/248\n|\n|-heal|p2a: Serperior|109/248|[from] item: Leftovers\n|-heal|p1a: Whiscash|120/337|[from] item: Leftovers\n|upkeep\n|turn|11\n|\n|t:|1732076758\n|move|p2a: Serperior|Leaf Storm|p1a: Whiscash\n|-supereffective|p1a: Whiscash\n|-damage|p1a: Whiscash|0 fnt\n|-boost|p2a: Serperior|spa|2\n|faint|p1a: Whiscash\n|\n|-heal|p2a: Serperior|124/248|[from] item: Leftovers\n|upkeep\n|\n|t:|1732076768\n|switch|p1a: Metagross|Metagross, L79|164/256\n|-damage|p1a: Metagross|148/256|[from] Stealth Rock\n|turn|12\n|l| LightFlair\n|\n|t:|1732076777\n|switch|p2a: Slither Wing|Slither Wing, L81|270/270\n|move|p1a: Metagross|Heavy Slam|p2a: Slither Wing\n|-damage|p2a: Slither Wing|45/270\n|\n|upkeep\n|turn|13\n|\n|t:|1732076786\n|move|p2a: Slither Wing|Flare Blitz|p1a: Metagross\n|-supereffective|p1a: Metagross\n|-damage|p1a: Metagross|0 fnt\n|faint|p1a: Metagross\n|-damage|p2a: Slither Wing|0 fnt|[from] Recoil\n|faint|p2a: Slither Wing\n|-end|p2a: Slither Wing|Protosynthesis|[silent]\n|\n|upkeep\n|\n|t:|1732076796\n|switch|p2a: Serperior|Serperior, L79, M|124/248\n|switch|p1a: Sableye|Sableye, L90, F|235/236\n|-damage|p1a: Sableye|206/236|[from] Stealth Rock\n|turn|14\n|\n|t:|1732076801\n|move|p2a: Serperior|Leaf Storm|p1a: Sableye\n|-damage|p1a: Sableye|80/236\n|-boost|p2a: Serperior|spa|2\n|move|p1a: Sableye|Knock Off|p2a: Serperior\n|-damage|p2a: Serperior|34/248\n|-enditem|p2a: Serperior|Leftovers|[from] move: Knock Off|[of] p1a: Sableye\n|\n|-heal|p1a: Sableye|94/236|[from] item: Leftovers\n|upkeep\n|turn|15\n|\n|t:|1732076819\n|move|p1a: Sableye|Will-O-Wisp|p2a: Serperior|[miss]\n|-miss|p1a: Sableye|p2a: Serperior\n|move|p2a: Serperior|Leaf Storm|p1a: Sableye\n|-damage|p1a: Sableye|0 fnt\n|-boost|p2a: Serperior|spa|2\n|faint|p1a: Sableye\n|\n|upkeep\n|\n|t:|1732076822\n|switch|p1a: Kommo-o|Kommo-o, L78, M|245/245\n|-damage|p1a: Kommo-o|230/245|[from] Stealth Rock\n|turn|16\n|\n|t:|1732076828\n|-terastallize|p1a: Kommo-o|Steel\n|move|p2a: Serperior|Tera Blast|p1a: Kommo-o\n|-resisted|p1a: Kommo-o\n|-damage|p1a: Kommo-o|175/245\n|move|p1a: Kommo-o|Clangorous Soul|p1a: Kommo-o\n|-boost|p1a: Kommo-o|atk|1\n|-boost|p1a: Kommo-o|def|1\n|-boost|p1a: Kommo-o|spa|1\n|-boost|p1a: Kommo-o|spd|1\n|-boost|p1a: Kommo-o|spe|1\n|-damage|p1a: Kommo-o|95/245\n|-enditem|p1a: Kommo-o|Throat Spray\n|-boost|p1a: Kommo-o|spa|1|[from] item: Throat Spray\n|\n|upkeep\n|turn|17\n|\n|t:|1732076836\n|move|p1a: Kommo-o|Clanging Scales|p2a: Serperior\n|-damage|p2a: Serperior|0 fnt\n|faint|p2a: Serperior\n|-unboost|p1a: Kommo-o|def|1\n|\n|upkeep\n|\n|t:|1732076838\n|switch|p2a: Skeledirge|Skeledirge, L79, M|261/294\n|turn|18\n|\n|t:|1732076845\n|move|p1a: Kommo-o|Clanging Scales|p2a: Skeledirge\n|-damage|p2a: Skeledirge|146/294\n|-unboost|p1a: Kommo-o|def|1\n|move|p2a: Skeledirge|Torch Song|p1a: Kommo-o\n|-immune|p1a: Kommo-o|[from] ability: Soundproof\n|\n|upkeep\n|turn|19\n|\n|t:|1732076853\n|move|p1a: Kommo-o|Iron Head|p2a: Skeledirge\n|-resisted|p2a: Skeledirge\n|-damage|p2a: Skeledirge|110/294\n|move|p2a: Skeledirge|Slack Off|p2a: Skeledirge\n|-heal|p2a: Skeledirge|257/294\n|\n|upkeep\n|turn|20\n|\n|t:|1732076857\n|move|p1a: Kommo-o|Clanging Scales|p2a: Skeledirge\n|-damage|p2a: Skeledirge|122/294\n|-unboost|p1a: Kommo-o|def|1\n|move|p2a: Skeledirge|Will-O-Wisp|p1a: Kommo-o\n|-status|p1a: Kommo-o|brn\n|\n|-damage|p1a: Kommo-o|80/245 brn|[from] brn\n|upkeep\n|turn|21\n|\n|t:|1732076862\n|move|p1a: Kommo-o|Clanging Scales|p2a: Skeledirge\n|-damage|p2a: Skeledirge|8/294\n|-unboost|p1a: Kommo-o|def|1\n|move|p2a: Skeledirge|Slack Off|p2a: Skeledirge\n|-heal|p2a: Skeledirge|155/294\n|\n|-damage|p1a: Kommo-o|65/245 brn|[from] brn\n|upkeep\n|turn|22\n|\n|t:|1732076892\n|-terastallize|p2a: Skeledirge|Fairy\n|move|p1a: Kommo-o|Clanging Scales|p2a: Skeledirge\n|-immune|p2a: Skeledirge\n|move|p2a: Skeledirge|Slack Off|p2a: Skeledirge\n|-heal|p2a: Skeledirge|294/294\n|\n|-damage|p1a: Kommo-o|50/245 brn|[from] brn\n|upkeep\n|turn|23\n|\n|t:|1732076898\n|move|p1a: Kommo-o|Iron Head|p2a: Skeledirge\n|-supereffective|p2a: Skeledirge\n|-damage|p2a: Skeledirge|215/294\n|move|p2a: Skeledirge|Hex|p1a: Kommo-o\n|-damage|p1a: Kommo-o|0 fnt\n|faint|p1a: Kommo-o\n|\n|upkeep\n|\n|t:|1732076902\n|switch|p1a: Lanturn|Lanturn, L89, M|117/367\n|-damage|p1a: Lanturn|72/367|[from] Stealth Rock\n|turn|24\n|\n|t:|1732076907\n|switch|p2a: Pawmot|Pawmot, L80, F|243/243\n|move|p1a: Lanturn|Thunderbolt|p2a: Pawmot\n|-resisted|p2a: Pawmot\n|-damage|p2a: Pawmot|147/243\n|\n|upkeep\n|turn|25\n|\n|t:|1732076910\n|move|p2a: Pawmot|Close Combat|p1a: Lanturn\n|-crit|p1a: Lanturn\n|-damage|p1a: Lanturn|0 fnt\n|-unboost|p2a: Pawmot|def|1\n|-unboost|p2a: Pawmot|spd|1\n|faint|p1a: Lanturn\n|-damage|p2a: Pawmot|123/243|[from] item: Life Orb\n|\n|upkeep\n|\n|t:|1732076912\n|switch|p1a: Klawf|Klawf, L90, M|272/272\n|-damage|p1a: Klawf|238/272|[from] Stealth Rock\n|turn|26\n|\n|t:|1732076921\n|move|p2a: Pawmot|Close Combat|p1a: Klawf\n|-supereffective|p1a: Klawf\n|-damage|p1a: Klawf|0 fnt\n|-unboost|p2a: Pawmot|def|1\n|-unboost|p2a: Pawmot|spd|1\n|faint|p1a: Klawf\n|-damage|p2a: Pawmot|99/243|[from] item: Life Orb\n|\n|win|Qiuescent\n|raw|20 Million GXE's rating: 2221 &rarr; <strong>2201</strong><br />(-20 for losing)\n|raw|Qiuescent's rating: 2219 &rarr; <strong>2239</strong><br />(+20 for winning)\n", "inputlog": ">version baf9aa68cbe18cf25f290680a08c9ad9c5e3e828\n>start {\"formatid\":\"gen9randombattle\",\"seed\":[38542,11940,32544,16042],\"rated\":\"Rated battle\"}\n>player p1 {\"name\":\"20 Million GXE\",\"avatar\":\"turo-ai\",\"rating\":2221,\"seed\":[22475,57222,37907,2307]}\n>player p2 {\"name\":\"Qiuescent\",\"avatar\":\"169\",\"rating\":2219,\"seed\":[53383,12248,71,44789]}\n>p1 move voltswitch\n>p2 move highhorsepower\n>p1 switch 5\n>p1 move stealthrock\n>p2 switch 6\n>p1 move earthquake\n>p2 move psychic\n>p1 switch 2\n>p2 move psychic\n>p1 move knockoff\n>p2 switch 6\n>p2 switch 6\n>p1 switch 3\n>p2 move alluringvoice\n>p1 move heavyslam\n>p2 switch 2\n>p1 switch 2\n>p2 move hex\n>p1 move hydropump\n>p2 switch 3\n>p1 move icebeam\n>p2 move leafstorm\n>p1 move icebeam\n>p2 move leafstorm\n>p1 switch 2\n>p1 move heavyslam\n>p2 switch 5\n>p1 move heavyslam\n>p2 move flareblitz\n>p1 switch 3\n>p2 switch 5\n>p1 move knockoff\n>p2 move leafstorm\n>p1 move willowisp\n>p2 move leafstorm\n>p1 switch 4\n>p1 move clangoroussoul terastallize\n>p2 move terablast\n>p1 move clangingscales\n>p2 move terablast\n>p2 switch 3\n>p1 move clangingscales\n>p2 move torchsong\n>p1 move ironhead\n>p2 move slackoff\n>p1 move clangingscales\n>p2 move willowisp\n>p1 move clangingscales\n>p2 move slackoff\n>p1 move clangingscales\n>p2 move slackoff terastallize\n>p1 move ironhead\n>p2 move hex\n>p1 switch 5\n>p1 move thunderbolt\n>p2 switch 4\n>p1 move thunderbolt\n>p2 move closecombat\n>p1 switch 6\n>p1 move highhorsepower\n>p2 move closecombat", "uploadtime": 1732076923, "views": 38, "formatid": "gen9randombattle", "rating": 2201, "private": 0, "password": null}