{"id": "gen9randombattle-2260333389", "format": "[Gen 9] Random Battle", "players": ["Temp6t9", "Jakewater"], "log": "|j|\u2606Temp6t9\n|j|\u2606Jakewater\n|t:|1733841014\n|gametype|singles\n|player|p1|Temp6t9|erika|1375\n|player|p2|Jakewater|blue|1425\n|teamsize|p1|6\n|teamsize|p2|6\n|gen|9\n|tier|[Gen 9] Random Battle\n|rated|\n|rule|Species Clause: Limit one of each Pok\u00e9mon\n|rule|HP Percentage Mod: HP is shown in percentages\n|rule|Sleep Clause Mod: Limit one foe put to sleep\n|rule|Illusion Level Mod: Illusion disguises the Pok\u00e9mon's true level\n|\n|t:|1733841014\n|start\n|switch|p1a: Ariados|Ariados, L95, M|287/287\n|switch|p2a: Whimsicott|Whimsicott, L85, F|241/241\n|turn|1\n|inactive|Battle timer is ON: inactive players will automatically lose when time's up. (requested by Temp6t9)\n|\n|t:|1733841040\n|move|p2a: Whimsicott|Stun Spore|p1a: Ariados\n|-status|p1a: Ariados|par\n|move|p1a: Ariados|Sticky Web|p2a: Whimsicott\n|-sidestart|p2: Jakewater|move: Sticky Web\n|\n|upkeep\n|turn|2\n|\n|t:|1733841047\n|move|p2a: Whimsicott|Encore|p1a: Ariados\n|-start|p1a: Ariados|Encore\n|cant|p1a: Ariados|par\n|\n|upkeep\n|turn|3\n|\n|t:|1733841060\n|switch|p2a: Grafaiai|Grafaiai, L86, M|249/249\n|-activate|p2a: Grafaiai|move: Sticky Web\n|-unboost|p2a: Grafaiai|spe|1\n|switch|p1a: Sinistcha|Sinistcha, L83|254/254\n|\n|upkeep\n|turn|4\n|\n|t:|1733841079\n|move|p1a: Sinistcha|Calm Mind|p1a: Sinistcha\n|-boost|p1a: Sinistcha|spa|1\n|-boost|p1a: Sinistcha|spd|1\n|move|p2a: Grafaiai|Knock Off|p1a: Sinistcha\n|-supereffective|p1a: Sinistcha\n|-damage|p1a: Sinistcha|85/254\n|-enditem|p1a: Sinistcha|Leftovers|[from] move: Knock Off|[of] p2a: Grafaiai\n|-damage|p2a: Grafaiai|225/249|[from] item: Life Orb\n|\n|upkeep\n|turn|5\n|\n|t:|1733841090\n|move|p1a: Sinistcha|Strength Sap|p2a: Grafaiai\n|-unboost|p2a: Grafaiai|atk|1\n|-heal|p1a: Sinistcha|254/254\n|move|p2a: Grafaiai|Gunk Shot|p1a: Sinistcha\n|-damage|p1a: Sinistcha|159/254\n|-status|p1a: Sinistcha|psn\n|-damage|p2a: Grafaiai|201/249|[from] item: Life Orb\n|\n|-damage|p1a: Sinistcha|128/254 psn|[from] psn\n|upkeep\n|turn|6\n|\n|t:|1733841102\n|switch|p2a: Whimsicott|Whimsicott, L85, F|241/241\n|-activate|p2a: Whimsicott|move: Sticky Web\n|-unboost|p2a: Whimsicott|spe|1\n|move|p1a: Sinistcha|Strength Sap|p2a: Whimsicott\n|-unboost|p2a: Whimsicott|atk|1\n|-heal|p1a: Sinistcha|246/254 psn\n|\n|-damage|p1a: Sinistcha|215/254 psn|[from] psn\n|upkeep\n|turn|7\n|\n|t:|1733841118\n|switch|p1a: Ariados|Ariados, L95, M|287/287 par\n|move|p2a: Whimsicott|Moonblast|p1a: Ariados\n|-resisted|p1a: Ariados\n|-damage|p1a: Ariados|245/287 par\n|\n|upkeep\n|turn|8\n|\n|t:|1733841126\n|switch|p2a: Grafaiai|Grafaiai, L86, M|201/249\n|-activate|p2a: Grafaiai|move: Sticky Web\n|-unboost|p2a: Grafaiai|spe|1\n|cant|p1a: Ariados|par\n|\n|upkeep\n|turn|9\n|\n|t:|1733841137\n|move|p2a: Grafaiai|Knock Off|p1a: Ariados\n|-damage|p1a: Ariados|148/287 par\n|-enditem|p1a: Ariados|Focus Sash|[from] move: Knock Off|[of] p2a: Grafaiai\n|-damage|p2a: Grafaiai|177/249|[from] item: Life Orb\n|move|p1a: Ariados|Knock Off|p2a: Grafaiai\n|-damage|p2a: Grafaiai|81/249\n|-enditem|p2a: Grafaiai|Life Orb|[from] move: Knock Off|[of] p1a: Ariados\n|\n|upkeep\n|turn|10\n|\n|t:|1733841152\n|move|p2a: Grafaiai|Gunk Shot|p1a: Ariados\n|-resisted|p1a: Ariados\n|-damage|p1a: Ariados|76/287 par\n|move|p1a: Ariados|Poison Jab|p2a: Grafaiai\n|-resisted|p2a: Grafaiai\n|-damage|p2a: Grafaiai|16/249\n|\n|upkeep\n|turn|11\n|\n|t:|1733841162\n|move|p2a: Grafaiai|Gunk Shot|p1a: Ariados\n|-resisted|p1a: Ariados\n|-crit|p1a: Ariados\n|-damage|p1a: Ariados|0 fnt\n|faint|p1a: Ariados\n|\n|upkeep\n|\n|t:|1733841171\n|switch|p1a: Breloom|Breloom, L82, M|233/233\n|turn|12\n|\n|t:|1733841183\n|move|p1a: Breloom|Mach Punch|p2a: Grafaiai\n|-damage|p2a: Grafaiai|0 fnt\n|faint|p2a: Grafaiai\n|-damage|p1a: Breloom|210/233|[from] item: Life Orb\n|\n|upkeep\n|\n|t:|1733841199\n|switch|p2a: Whimsicott|Whimsicott, L85, F|241/241\n|-activate|p2a: Whimsicott|move: Sticky Web\n|-unboost|p2a: Whimsicott|spe|1\n|turn|13\n|\n|t:|1733841206\n|switch|p1a: Sinistcha|Sinistcha, L83|215/254 psn\n|move|p2a: Whimsicott|Moonblast|p1a: Sinistcha\n|-damage|p1a: Sinistcha|112/254 psn\n|\n|-damage|p1a: Sinistcha|81/254 psn|[from] psn\n|upkeep\n|turn|14\n|\n|t:|1733841215\n|move|p2a: Whimsicott|Moonblast|p1a: Sinistcha\n|-damage|p1a: Sinistcha|0 fnt\n|faint|p1a: Sinistcha\n|\n|upkeep\n|\n|t:|1733841220\n|switch|p1a: Ho-Oh|Ho-Oh, L71|268/268\n|turn|15\n|\n|t:|1733841228\n|move|p2a: Whimsicott|Stun Spore|p1a: Ho-Oh\n|-status|p1a: Ho-Oh|par\n|move|p1a: Ho-Oh|Sacred Fire|p2a: Whimsicott\n|-supereffective|p2a: Whimsicott\n|-damage|p2a: Whimsicott|37/241\n|\n|-heal|p2a: Whimsicott|52/241|[from] item: Leftovers\n|upkeep\n|turn|16\n|\n|t:|1733841241\n|move|p2a: Whimsicott|Moonblast|p1a: Ho-Oh\n|-resisted|p1a: Ho-Oh\n|-damage|p1a: Ho-Oh|232/268 par\n|-unboost|p1a: Ho-Oh|spa|1\n|move|p1a: Ho-Oh|Brave Bird|p2a: Whimsicott\n|-supereffective|p2a: Whimsicott\n|-damage|p2a: Whimsicott|0 fnt\n|faint|p2a: Whimsicott\n|-damage|p1a: Ho-Oh|215/268 par|[from] Recoil\n|\n|upkeep\n|\n|t:|1733841261\n|switch|p2a: Tauros|Tauros-Paldea-Aqua, L81, M|254/254\n|-activate|p2a: Tauros|move: Sticky Web\n|-unboost|p2a: Tauros|spe|1\n|-ability|p2a: Tauros|Intimidate|boost\n|-unboost|p1a: Ho-Oh|atk|1\n|turn|17\n|\n|t:|1733841270\n|switch|p1a: Breloom|Breloom, L82, M|210/233\n|-terastallize|p2a: Tauros|Water\n|move|p2a: Tauros|Liquidation|p1a: Breloom\n|-resisted|p1a: Breloom\n|-damage|p1a: Breloom|113/233\n|-damage|p2a: Tauros|229/254|[from] item: Life Orb\n|\n|upkeep\n|turn|18\n|\n|t:|1733841282\n|switch|p2a: Dusknoir|Dusknoir, L89, F|225/225\n|-activate|p2a: Dusknoir|move: Sticky Web\n|-unboost|p2a: Dusknoir|spe|1\n|-item|p1a: Breloom|Life Orb|[from] ability: Frisk|[of] p2a: Dusknoir\n|move|p1a: Breloom|Swords Dance|p1a: Breloom\n|-boost|p1a: Breloom|atk|2\n|\n|upkeep\n|turn|19\n|\n|t:|1733841293\n|move|p1a: Breloom|Rock Tomb|p2a: Dusknoir|[miss]\n|-miss|p1a: Breloom|p2a: Dusknoir\n|move|p2a: Dusknoir|Poltergeist|p1a: Breloom\n|-activate|p1a: Breloom|move: Poltergeist|Life Orb\n|-damage|p1a: Breloom|0 fnt\n|faint|p1a: Breloom\n|\n|upkeep\n|\n|t:|1733841305\n|switch|p1a: Golurk|Golurk, L87|297/297\n|turn|20\n|\n|t:|1733841309\n|move|p1a: Golurk|Poltergeist|p2a: Dusknoir\n|-activate|p2a: Dusknoir|move: Poltergeist|Leftovers\n|-supereffective|p2a: Dusknoir\n|-damage|p2a: Dusknoir|0 fnt\n|faint|p2a: Dusknoir\n|-damage|p1a: Golurk|268/297|[from] item: Life Orb\n|\n|upkeep\n|\n|t:|1733841320\n|switch|p2a: Tauros|Tauros-Paldea-Aqua, L81, M, tera:Water|229/254\n|-activate|p2a: Tauros|move: Sticky Web\n|-unboost|p2a: Tauros|spe|1\n|-ability|p2a: Tauros|Intimidate|boost\n|-unboost|p1a: Golurk|atk|1\n|turn|21\n|\n|t:|1733841327\n|switch|p1a: Ho-Oh|Ho-Oh, L71|268/268 par\n|move|p2a: Tauros|Liquidation|p1a: Ho-Oh\n|-supereffective|p1a: Ho-Oh\n|-damage|p1a: Ho-Oh|0 fnt\n|faint|p1a: Ho-Oh\n|-damage|p2a: Tauros|204/254|[from] item: Life Orb\n|\n|upkeep\n|\n|t:|1733841335\n|switch|p1a: Terapagos|Terapagos, L76, M|262/262\n|-activate|p1a: Terapagos|ability: Tera Shift\n|detailschange|p1a: Terapagos|Terapagos-Terastal, L76, M\n|-heal|p1a: Terapagos|269/269|[silent]\n|turn|22\n|\n|t:|1733841345\n|-terastallize|p1a: Terapagos|Stellar\n|detailschange|p1a: Terapagos|Terapagos-Stellar, L76, M, tera:Stellar\n|-heal|p1a: Terapagos|368/368|[silent]\n|move|p1a: Terapagos|Calm Mind|p1a: Terapagos\n|-boost|p1a: Terapagos|spa|1\n|-boost|p1a: Terapagos|spd|1\n|move|p2a: Tauros|Liquidation|p1a: Terapagos\n|-crit|p1a: Terapagos\n|-damage|p1a: Terapagos|147/368\n|-damage|p2a: Tauros|179/254|[from] item: Life Orb\n|\n|upkeep\n|turn|23\n|\n|t:|1733841361\n|move|p2a: Tauros|Aqua Jet|p1a: Terapagos\n|-damage|p1a: Terapagos|74/368\n|-damage|p2a: Tauros|154/254|[from] item: Life Orb\n|move|p1a: Terapagos|Tera Starstorm|p2a: Tauros\n|-supereffective|p2a: Tauros\n|-damage|p2a: Tauros|0 fnt\n|faint|p2a: Tauros\n|\n|upkeep\n|\n|t:|1733841370\n|switch|p2a: Hariyama|Hariyama, L87, F|392/392\n|-activate|p2a: Hariyama|move: Sticky Web\n|-unboost|p2a: Hariyama|spe|1\n|turn|24\n|\n|t:|1733841377\n|move|p2a: Hariyama|Bullet Punch|p1a: Terapagos\n|-damage|p1a: Terapagos|41/368\n|move|p1a: Terapagos|Tera Starstorm|p2a: Hariyama\n|-damage|p2a: Hariyama|268/392\n|\n|upkeep\n|turn|25\n|\n|t:|1733841385\n|move|p1a: Terapagos|Tera Starstorm|p2a: Hariyama\n|-crit|p2a: Hariyama\n|-damage|p2a: Hariyama|69/392\n|move|p2a: Hariyama|Knock Off|p1a: Terapagos\n|-damage|p1a: Terapagos|0 fnt\n|-enditem|p1a: Terapagos|Heavy-Duty Boots|[from] move: Knock Off|[of] p2a: Hariyama\n|faint|p1a: Terapagos\n|\n|upkeep\n|\n|t:|1733841394\n|switch|p1a: Golurk|Golurk, L87|268/297\n|turn|26\n|\n|t:|1733841400\n|move|p1a: Golurk|Poltergeist|p2a: Hariyama\n|-activate|p2a: Hariyama|move: Poltergeist|Assault Vest\n|-damage|p2a: Hariyama|0 fnt\n|faint|p2a: Hariyama\n|-damage|p1a: Golurk|239/297|[from] item: Life Orb\n|\n|upkeep\n|\n|t:|1733841406\n|switch|p2a: Kingambit|Kingambit, L74, M|270/270\n|-activate|p2a: Kingambit|move: Sticky Web\n|-unboost|p2a: Kingambit|spe|1\n|-activate|p2a: Kingambit|ability: Supreme Overlord\n|-start|p2a: Kingambit|fallen5|[silent]\n|turn|27\n|\n|t:|1733841414\n|move|p1a: Golurk|Dynamic Punch|p2a: Kingambit\n|-supereffective|p2a: Kingambit\n|-damage|p2a: Kingambit|0 fnt\n|faint|p2a: Kingambit\n|-end|p2a: Kingambit|fallen5|[silent]\n|-damage|p1a: Golurk|210/297|[from] item: Life Orb\n|\n|win|Temp6t9\n|raw|Temp6t9's rating: 1375 &rarr; <strong>1398</strong><br />(+23 for winning)\n|raw|Jakewater's rating: 1425 &rarr; <strong>1402</strong><br />(-23 for losing)\n|c|\u2606Temp6t9|Gg\n|l|\u2606Jakewater\n|player|p2|\n", "inputlog": ">version bfd83cad13791eb5a5a409923076391caf6fb4d4\n>start {\"formatid\":\"gen9randombattle\",\"seed\":[53476,7122,26418,54662],\"rated\":\"Rated battle\"}\n>player p1 {\"name\":\"Temp6t9\",\"avatar\":\"erika\",\"rating\":1375,\"seed\":[33758,10847,5473,11601]}\n>player p2 {\"name\":\"Jakewater\",\"avatar\":\"blue\",\"rating\":1425,\"seed\":[62279,27057,19328,678]}\n>p1 move stickyweb\n>p2 move stunspore\n>p1 move poisonjab\n>p2 move encore\n>p1 switch 6\n>p2 switch 5\n>p1 move calmmind\n>p2 move knockoff\n>p1 move strengthsap\n>p2 move gunkshot\n>p1 move strengthsap\n>p2 switch 5\n>p1 switch 6\n>p2 move moonblast\n>p1 move poisonjab\n>p2 switch 5\n>p1 move knockoff\n>p2 move knockoff\n>p1 move poisonjab\n>p2 move gunkshot\n>p1 move poisonjab\n>p2 move gunkshot\n>p1 switch 2\n>p1 move machpunch\n>p2 move gunkshot\n>p2 switch 5\n>p1 switch 6\n>p2 move moonblast\n>p1 move shadowball\n>p2 move moonblast\n>p1 switch 4\n>p1 move sacredfire\n>p2 move stunspore\n>p1 move bravebird\n>p2 move moonblast\n>p2 switch 2\n>p1 switch 6\n>p2 move liquidation terastallize\n>p1 move swordsdance\n>p2 switch 4\n>p1 move rocktomb\n>p2 move poltergeist\n>p1 switch 3\n>p1 move poltergeist\n>p2 move poltergeist\n>p2 switch 4\n>p1 switch 6\n>p2 move liquidation\n>p1 switch 5\n>p1 move calmmind terastallize\n>p2 move liquidation\n>p1 move terastarstorm\n>p2 move aquajet\n>p2 switch 3\n>p1 move terastarstorm\n>p2 move bulletpunch\n>p1 move terastarstorm\n>p2 move knockoff\n>p1 switch 6\n>p1 move poltergeist\n>p2 move knockoff\n>p2 switch 6\n>p1 move dynamicpunch\n>p2 move kowtowcleave", "uploadtime": 1733841433, "views": 1, "formatid": "gen9randombattle", "rating": 1398, "private": 0, "password": null}