{"id": "gen9randombattle-2260306905", "format": "[Gen 9] Random Battle", "players": ["piqueno", "notgonnadothat"], "log": "|j|\u2606piqueno\n|j|\u2606notgonnadothat\n|t:|1733837929\n|gametype|singles\n|player|p1|piqueno|265|1360\n|player|p2|notgonnadothat|265|1320\n|teamsize|p1|6\n|teamsize|p2|6\n|gen|9\n|tier|[Gen 9] Random Battle\n|rated|\n|rule|Species Clause: Limit one of each Pok\u00e9mon\n|rule|HP Percentage Mod: HP is shown in percentages\n|rule|Sleep Clause Mod: Limit one foe put to sleep\n|rule|Illusion Level Mod: Illusion disguises the Pok\u00e9mon's true level\n|\n|t:|1733837929\n|start\n|switch|p1a: Pachirisu|Pachirisu, L96, M|271/271\n|switch|p2a: Lanturn|Lanturn, L89, F|367/367\n|turn|1\n|\n|t:|1733837956\n|move|p1a: Pachirisu|Super Fang|p2a: Lanturn\n|-damage|p2a: Lanturn|184/367\n|move|p2a: Lanturn|Scald|p1a: Pachirisu\n|-damage|p1a: Pachirisu|205/271\n|\n|upkeep\n|turn|2\n|\n|t:|1733837970\n|move|p1a: Pachirisu|Super Fang|p2a: Lanturn\n|-damage|p2a: Lanturn|92/367\n|move|p2a: Lanturn|Scald|p1a: Pachirisu\n|-damage|p1a: Pachirisu|142/271\n|\n|upkeep\n|turn|3\n|\n|t:|1733837984\n|move|p1a: Pachirisu|Super Fang|p2a: Lanturn|[miss]\n|-miss|p1a: Pachirisu|p2a: Lanturn\n|move|p2a: Lanturn|Scald|p1a: Pachirisu\n|-damage|p1a: Pachirisu|70/271\n|\n|upkeep\n|turn|4\n|\n|t:|1733838038\n|move|p1a: Pachirisu|U-turn|p2a: Lanturn\n|-damage|p2a: Lanturn|43/367\n|\n|t:|1733838043\n|switch|p1a: Virizion|Virizion, L82|283/283|[from] U-turn\n|move|p2a: Lanturn|Scald|p1a: Virizion\n|-resisted|p1a: Virizion\n|-damage|p1a: Virizion|253/283\n|-status|p1a: Virizion|brn\n|\n|-damage|p1a: Virizion|236/283 brn|[from] brn\n|upkeep\n|turn|5\n|\n|t:|1733838054\n|move|p1a: Virizion|Swords Dance|p1a: Virizion\n|-boost|p1a: Virizion|atk|2\n|move|p2a: Lanturn|Volt Switch|p1a: Virizion\n|-resisted|p1a: Virizion\n|-damage|p1a: Virizion|210/283 brn\n|\n|t:|1733838065\n|switch|p2a: Espeon|Espeon, L84, F|246/246|[from] Volt Switch\n|\n|-damage|p1a: Virizion|193/283 brn|[from] brn\n|upkeep\n|turn|6\n|\n|t:|1733838082\n|move|p2a: Espeon|Psyshock|p1a: Virizion\n|-supereffective|p1a: Virizion\n|-damage|p1a: Virizion|0 fnt\n|faint|p1a: Virizion\n|\n|upkeep\n|\n|t:|1733838087\n|switch|p1a: Sandslash|Sandslash, L88, F|275/275\n|turn|7\n|\n|t:|1733838119\n|switch|p2a: Lanturn|Lanturn, L89, F|43/367\n|move|p1a: Sandslash|Knock Off|p2a: Lanturn\n|-damage|p2a: Lanturn|0 fnt\n|-enditem|p2a: Lanturn|Heavy-Duty Boots|[from] move: Knock Off|[of] p1a: Sandslash\n|faint|p2a: Lanturn\n|\n|upkeep\n|\n|t:|1733838141\n|switch|p2a: Basculegion|Basculegion-F, L83, F|335/335\n|turn|8\n|\n|t:|1733838187\n|-terastallize|p1a: Sandslash|Water\n|move|p2a: Basculegion|Flip Turn|p1a: Sandslash\n|-resisted|p1a: Sandslash\n|-damage|p1a: Sandslash|245/275\n|\n|t:|1733838196\n|switch|p2a: Flygon|Flygon, L82, M|265/265|[from] Flip Turn\n|move|p1a: Sandslash|Knock Off|p2a: Flygon\n|-crit|p2a: Flygon\n|-damage|p2a: Flygon|132/265\n|-enditem|p2a: Flygon|Choice Band|[from] move: Knock Off|[of] p1a: Sandslash\n|\n|-heal|p1a: Sandslash|262/275|[from] item: Leftovers\n|upkeep\n|turn|9\n|\n|t:|1733838211\n|switch|p1a: Torterra|Torterra, L78, M|276/276\n|move|p2a: Flygon|Earthquake|p1a: Torterra\n|-resisted|p1a: Torterra\n|-damage|p1a: Torterra|228/276\n|\n|upkeep\n|turn|10\n|\n|t:|1733838223\n|move|p2a: Flygon|Outrage|p1a: Torterra\n|-damage|p1a: Torterra|102/276\n|move|p1a: Torterra|Shell Smash|p1a: Torterra\n|-unboost|p1a: Torterra|def|1\n|-unboost|p1a: Torterra|spd|1\n|-boost|p1a: Torterra|atk|2\n|-boost|p1a: Torterra|spa|2\n|-boost|p1a: Torterra|spe|2\n|\n|upkeep\n|turn|11\n|\n|t:|1733838236\n|move|p1a: Torterra|Bullet Seed|p2a: Flygon\n|-damage|p2a: Flygon|75/265\n|-damage|p2a: Flygon|23/265\n|-damage|p2a: Flygon|0 fnt\n|faint|p2a: Flygon\n|-hitcount|p2: Flygon|3\n|\n|upkeep\n|\n|t:|1733838259\n|switch|p2a: Kingambit|Kingambit, L74, M|270/270\n|-activate|p2a: Kingambit|ability: Supreme Overlord\n|-start|p2a: Kingambit|fallen2|[silent]\n|turn|12\n|\n|t:|1733838273\n|-terastallize|p2a: Kingambit|Flying\n|move|p1a: Torterra|Shell Smash|p1a: Torterra\n|-unboost|p1a: Torterra|def|1\n|-unboost|p1a: Torterra|spd|1\n|-boost|p1a: Torterra|atk|2\n|-boost|p1a: Torterra|spa|2\n|-boost|p1a: Torterra|spe|2\n|move|p2a: Kingambit|Kowtow Cleave|p1a: Torterra\n|-damage|p1a: Torterra|0 fnt\n|faint|p1a: Torterra\n|\n|upkeep\n|\n|t:|1733838280\n|switch|p1a: Iron Hands|Iron Hands, L79|373/373\n|turn|13\n|\n|t:|1733838294\n|-end|p2a: Kingambit|fallen2|[silent]\n|switch|p2a: Stonjourner|Stonjourner, L91, F|330/330\n|move|p1a: Iron Hands|Swords Dance|p1a: Iron Hands\n|-boost|p1a: Iron Hands|atk|2\n|\n|upkeep\n|turn|14\n|\n|t:|1733838317\n|move|p2a: Stonjourner|Earthquake|p1a: Iron Hands\n|-supereffective|p1a: Iron Hands\n|-damage|p1a: Iron Hands|134/373\n|-damage|p2a: Stonjourner|297/330|[from] item: Life Orb\n|move|p1a: Iron Hands|Drain Punch|p2a: Stonjourner\n|-supereffective|p2a: Stonjourner\n|-damage|p2a: Stonjourner|33/330\n|-heal|p1a: Iron Hands|266/373|[from] drain|[of] p2a: Stonjourner\n|\n|-heal|p1a: Iron Hands|289/373|[from] item: Leftovers\n|upkeep\n|turn|15\n|\n|t:|1733838362\n|move|p2a: Stonjourner|Earthquake|p1a: Iron Hands\n|-supereffective|p1a: Iron Hands\n|-damage|p1a: Iron Hands|39/373\n|-damage|p2a: Stonjourner|0 fnt|[from] item: Life Orb\n|faint|p2a: Stonjourner\n|move|p1a: Iron Hands|Drain Punch|p2: Stonjourner|[notarget]\n|-fail|p1a: Iron Hands\n|\n|-heal|p1a: Iron Hands|62/373|[from] item: Leftovers\n|upkeep\n|\n|t:|1733838390\n|switch|p2a: Espeon|Espeon, L84, F|246/246\n|turn|16\n|\n|t:|1733838410\n|move|p2a: Espeon|Psyshock|p1a: Iron Hands\n|-supereffective|p1a: Iron Hands\n|-damage|p1a: Iron Hands|0 fnt\n|faint|p1a: Iron Hands\n|-end|p1a: Iron Hands|Quark Drive|[silent]\n|\n|upkeep\n|\n|t:|1733838415\n|switch|p1a: Sandslash|Sandslash, L88, F, tera:Water|262/275\n|turn|17\n|\n|t:|1733838437\n|move|p2a: Espeon|Psyshock|p1a: Sandslash\n|-damage|p1a: Sandslash|123/275\n|move|p1a: Sandslash|Swords Dance|p1a: Sandslash\n|-boost|p1a: Sandslash|atk|2\n|\n|-heal|p1a: Sandslash|140/275|[from] item: Leftovers\n|upkeep\n|turn|18\n|\n|t:|1733838446\n|move|p2a: Espeon|Psyshock|p1a: Sandslash\n|-damage|p1a: Sandslash|4/275\n|move|p1a: Sandslash|Rapid Spin|p2a: Espeon\n|-damage|p2a: Espeon|136/246\n|-boost|p1a: Sandslash|spe|1\n|\n|-heal|p1a: Sandslash|21/275|[from] item: Leftovers\n|upkeep\n|turn|19\n|\n|t:|1733838456\n|move|p1a: Sandslash|Knock Off|p2a: Espeon\n|-supereffective|p2a: Espeon\n|-damage|p2a: Espeon|0 fnt\n|-enditem|p2a: Espeon|Choice Specs|[from] move: Knock Off|[of] p1a: Sandslash\n|faint|p2a: Espeon\n|\n|-heal|p1a: Sandslash|38/275|[from] item: Leftovers\n|upkeep\n|\n|t:|1733838466\n|switch|p2a: Kingambit|Kingambit, L74, M, tera:Flying|270/270\n|-activate|p2a: Kingambit|ability: Supreme Overlord\n|-start|p2a: Kingambit|fallen4|[silent]\n|turn|20\n|\n|t:|1733838471\n|move|p2a: Kingambit|Sucker Punch||[still]\n|-fail|p2a: Kingambit\n|move|p1a: Sandslash|Swords Dance|p1a: Sandslash\n|-boost|p1a: Sandslash|atk|2\n|\n|-heal|p1a: Sandslash|55/275|[from] item: Leftovers\n|upkeep\n|turn|21\n|\n|t:|1733838478\n|move|p2a: Kingambit|Sucker Punch||[still]\n|-fail|p2a: Kingambit\n|move|p1a: Sandslash|Swords Dance|p1a: Sandslash\n|-boost|p1a: Sandslash|atk|2\n|\n|-heal|p1a: Sandslash|72/275|[from] item: Leftovers\n|upkeep\n|turn|22\n|\n|t:|1733838484\n|move|p2a: Kingambit|Sucker Punch||[still]\n|-fail|p2a: Kingambit\n|move|p1a: Sandslash|Swords Dance|p1a: Sandslash\n|-boost|p1a: Sandslash|atk|0\n|\n|-heal|p1a: Sandslash|89/275|[from] item: Leftovers\n|upkeep\n|turn|23\n|\n|t:|1733838491\n|move|p1a: Sandslash|Knock Off|p2a: Kingambit\n|-damage|p2a: Kingambit|0 fnt\n|-enditem|p2a: Kingambit|Leftovers|[from] move: Knock Off|[of] p1a: Sandslash\n|faint|p2a: Kingambit\n|-end|p2a: Kingambit|fallen4|[silent]\n|\n|-heal|p1a: Sandslash|106/275|[from] item: Leftovers\n|upkeep\n|-message|notgonnadothat forfeited.\n|\n|win|piqueno\n|raw|piqueno's rating: 1360 &rarr; <strong>1378</strong><br />(+18 for winning)\n|raw|notgonnadothat's rating: 1320 &rarr; <strong>1302</strong><br />(-18 for losing)\n|l|\u2606notgonnadothat\n|player|p2|\n|c|\u2606piqueno|izi\n", "inputlog": ">version bfd83cad13791eb5a5a409923076391caf6fb4d4\n>start {\"formatid\":\"gen9randombattle\",\"seed\":[48342,62567,40990,57960],\"rated\":\"Rated battle\"}\n>player p1 {\"name\":\"piqueno\",\"avatar\":\"265\",\"rating\":1360,\"seed\":[63629,34877,1092,6808]}\n>player p2 {\"name\":\"notgonnadothat\",\"avatar\":\"265\",\"rating\":1320,\"seed\":[25439,24123,44616,33281]}\n>p1 move superfang\n>p2 move scald\n>p1 move superfang\n>p2 move scald\n>p1 move superfang\n>p2 move scald\n>p1 move uturn\n>p2 move scald\n>p1 switch 6\n>p1 move swordsdance\n>p2 move voltswitch\n>p2 switch 6\n>p1 move leafblade\n>p2 move psyshock\n>p1 switch 4\n>p1 move knockoff\n>p2 switch 6\n>p2 switch 4\n>p1 move knockoff terastallize\n>p2 move flipturn\n>p2 switch 5\n>p1 switch 2\n>p2 move earthquake\n>p1 move shellsmash\n>p2 move outrage\n>p1 move bulletseed\n>p2 move outrage\n>p2 switch 3\n>p1 move shellsmash\n>p2 move kowtowcleave terastallize\n>p1 switch 5\n>p1 move swordsdance\n>p2 switch 2\n>p1 move drainpunch\n>p2 move earthquake\n>p1 move drainpunch\n>p2 move earthquake\n>p2 switch 6\n>p1 move thunderpunch\n>p2 move psyshock\n>p1 switch 2\n>p1 move swordsdance\n>p2 move psyshock\n>p1 move rapidspin\n>p2 move psyshock\n>p1 move knockoff\n>p2 move psyshock\n>p2 switch 2\n>p1 move swordsdance\n>p2 move suckerpunch\n>p1 move swordsdance\n>p2 move suckerpunch\n>p1 move swordsdance\n>p2 move suckerpunch\n>p1 move knockoff\n>p2 move kowtowcleave\n>forcelose p2", "uploadtime": 1733838574, "views": 3, "formatid": "gen9randombattle", "rating": 1302, "private": 0, "password": null}