{"id": "gen9randombattle-2112555012", "format": "[Gen 9] Random Battle", "players": ["Qiuescent", "CasualCynic"], "log": "|j|\u203dQiuescent\n|j|\u2606CasualCynic\n|t:|1714199100\n|gametype|singles\n|player|p1|Qiuescent|2|2250\n|player|p2|CasualCynic|janitor|2233\n|teamsize|p1|6\n|teamsize|p2|6\n|gen|9\n|tier|[Gen 9] Random Battle\n|rated|\n|rule|Species Clause: Limit one of each Pok\u00e9mon\n|rule|HP Percentage Mod: HP is shown in percentages\n|rule|Sleep Clause Mod: Limit one foe put to sleep\n|rule|Illusion Level Mod: Illusion disguises the Pok\u00e9mon's true level\n|\n|t:|1714199100\n|start\n|switch|p1a: Victreebel|Victreebel, L90, M|290/290\n|switch|p2a: Darkrai|Darkrai, L76|231/231\n|turn|1\n|inactive|Battle timer is ON: inactive players will automatically lose when time's up. (requested by CasualCynic)\n|l|\u2606CasualCynic\n|inactive|CasualCynic disconnected and has a minute to reconnect!\n|player|p2|\n|inactive|Qiuescent has 120 seconds left.\n|\n|t:|1714199131\n|move|p2a: Darkrai|Nasty Plot|p2a: Darkrai\n|-boost|p2a: Darkrai|spa|2\n|move|p1a: Victreebel|Sleep Powder|p2a: Darkrai\n|-status|p2a: Darkrai|slp|[from] move: Sleep Powder\n|\n|upkeep\n|turn|2\n|j|\u2606CasualCynic\n|inactive|CasualCynic reconnected and has 150 seconds left.\n|player|p2|CasualCynic|janitor|\n|\n|t:|1714199141\n|switch|p2a: Swalot|Swalot, L90, F|326/326\n|move|p1a: Victreebel|Sludge Wave|p2a: Swalot\n|-resisted|p2a: Swalot\n|-damage|p2a: Swalot|248/326\n|-damage|p1a: Victreebel|261/290|[from] item: Life Orb\n|\n|-heal|p2a: Swalot|268/326|[from] item: Leftovers\n|upkeep\n|turn|3\n|\n|t:|1714199155\n|switch|p1a: Groudon|Groudon, L72|263/263\n|-weather|SunnyDay|[from] ability: Drought|[of] p1a: Groudon\n|move|p2a: Swalot|Gunk Shot|p1a: Groudon\n|-resisted|p1a: Groudon\n|-damage|p1a: Groudon|219/263\n|-status|p1a: Groudon|psn\n|\n|-weather|SunnyDay|[upkeep]\n|-heal|p1a: Groudon|235/263 psn|[from] item: Leftovers\n|-heal|p2a: Swalot|288/326|[from] item: Leftovers\n|-damage|p1a: Groudon|203/263 psn|[from] psn\n|upkeep\n|turn|4\n|\n|t:|1714199170\n|switch|p2a: Toedscruel|Toedscruel, L87, F|281/281\n|move|p1a: Groudon|Precipice Blades|p2a: Toedscruel\n|-resisted|p2a: Toedscruel\n|-damage|p2a: Toedscruel|203/281\n|\n|-weather|SunnyDay|[upkeep]\n|-heal|p2a: Toedscruel|220/281|[from] item: Leftovers\n|-heal|p1a: Groudon|219/263 psn|[from] item: Leftovers\n|-damage|p1a: Groudon|187/263 psn|[from] psn\n|upkeep\n|turn|5\n|\n|t:|1714199175\n|switch|p1a: Zapdos|Zapdos, L78|268/268\n|move|p2a: Toedscruel|Giga Drain|p1a: Zapdos\n|-resisted|p1a: Zapdos\n|-damage|p1a: Zapdos|232/268\n|-heal|p2a: Toedscruel|238/281|[from] drain|[of] p1a: Zapdos\n|\n|-weather|SunnyDay|[upkeep]\n|-heal|p2a: Toedscruel|255/281|[from] item: Leftovers\n|upkeep\n|turn|6\n|\n|t:|1714199184\n|switch|p1a: Victreebel|Victreebel, L90, M|261/290\n|move|p2a: Toedscruel|Toxic|p1a: Victreebel\n|-immune|p1a: Victreebel\n|\n|-weather|SunnyDay|[upkeep]\n|-heal|p2a: Toedscruel|272/281|[from] item: Leftovers\n|upkeep\n|turn|7\n|\n|t:|1714199194\n|switch|p2a: Swalot|Swalot, L90, F|288/326\n|move|p1a: Victreebel|Knock Off|p2a: Swalot\n|-damage|p2a: Swalot|174/326\n|-enditem|p2a: Swalot|Leftovers|[from] move: Knock Off|[of] p1a: Victreebel\n|-damage|p1a: Victreebel|232/290|[from] item: Life Orb\n|\n|-weather|none\n|upkeep\n|turn|8\n|\n|t:|1714199205\n|switch|p1a: Groudon|Groudon, L72|187/263 psn\n|-weather|SunnyDay|[from] ability: Drought|[of] p1a: Groudon\n|move|p2a: Swalot|Earthquake|p1a: Groudon\n|-damage|p1a: Groudon|131/263 psn\n|\n|-weather|SunnyDay|[upkeep]\n|-heal|p1a: Groudon|147/263 psn|[from] item: Leftovers\n|-damage|p1a: Groudon|115/263 psn|[from] psn\n|upkeep\n|turn|9\n|\n|t:|1714199215\n|move|p1a: Groudon|Heat Crash|p2a: Swalot\n|-damage|p2a: Swalot|46/326\n|move|p2a: Swalot|Knock Off|p1a: Groudon\n|-damage|p1a: Groudon|62/263 psn\n|-enditem|p1a: Groudon|Leftovers|[from] move: Knock Off|[of] p2a: Swalot\n|\n|-weather|SunnyDay|[upkeep]\n|-damage|p1a: Groudon|30/263 psn|[from] psn\n|upkeep\n|turn|10\n|\n|t:|1714199225\n|move|p1a: Groudon|Heat Crash|p2a: Swalot\n|-damage|p2a: Swalot|0 fnt\n|faint|p2a: Swalot\n|\n|-weather|SunnyDay|[upkeep]\n|-damage|p1a: Groudon|0 fnt|[from] psn\n|faint|p1a: Groudon\n|upkeep\n|\n|t:|1714199233\n|switch|p1a: Conkeldurr|Conkeldurr, L80, M|299/299\n|switch|p2a: Infernape|Infernape, L82, M|259/259\n|turn|11\n|\n|t:|1714199239\n|move|p2a: Infernape|Overheat|p1a: Conkeldurr\n|-damage|p1a: Conkeldurr|0 fnt\n|-unboost|p2a: Infernape|spa|2\n|faint|p1a: Conkeldurr\n|-damage|p2a: Infernape|234/259|[from] item: Life Orb\n|\n|-weather|SunnyDay|[upkeep]\n|upkeep\n|\n|t:|1714199244\n|switch|p1a: Florges|Florges-Blue, L85, F|271/271\n|turn|12\n|\n|t:|1714199247\n|move|p2a: Infernape|Gunk Shot|p1a: Florges|[miss]\n|-miss|p2a: Infernape|p1a: Florges\n|move|p1a: Florges|Calm Mind|p1a: Florges\n|-boost|p1a: Florges|spa|1\n|-boost|p1a: Florges|spd|1\n|\n|-weather|none\n|upkeep\n|turn|13\n|\n|t:|1714199254\n|switch|p2a: Toedscruel|Toedscruel, L87, F|272/281\n|move|p1a: Florges|Protect||[still]\n|-fail|p1a: Florges\n|\n|-heal|p2a: Toedscruel|281/281|[from] item: Leftovers\n|upkeep\n|turn|14\n|\n|t:|1714199260\n|move|p1a: Florges|Moonblast|p2a: Toedscruel\n|-damage|p2a: Toedscruel|140/281\n|move|p2a: Toedscruel|Toxic|p1a: Florges\n|-status|p1a: Florges|tox\n|\n|-heal|p2a: Toedscruel|157/281|[from] item: Leftovers\n|-damage|p1a: Florges|255/271 tox|[from] psn\n|upkeep\n|turn|15\n|\n|t:|1714199270\n|move|p2a: Toedscruel|Giga Drain|p1a: Florges\n|-damage|p1a: Florges|225/271 tox\n|-heal|p2a: Toedscruel|172/281|[from] drain|[of] p1a: Florges\n|move|p1a: Florges|Moonblast|p2a: Toedscruel\n|-damage|p2a: Toedscruel|36/281\n|\n|-heal|p2a: Toedscruel|53/281|[from] item: Leftovers\n|-heal|p1a: Florges|241/271 tox|[from] item: Leftovers\n|-damage|p1a: Florges|209/271 tox|[from] psn\n|upkeep\n|turn|16\n|\n|t:|1714199273\n|move|p2a: Toedscruel|Giga Drain|p1a: Florges\n|-damage|p1a: Florges|176/271 tox\n|-heal|p2a: Toedscruel|70/281|[from] drain|[of] p1a: Florges\n|move|p1a: Florges|Moonblast|p2a: Toedscruel\n|-damage|p2a: Toedscruel|0 fnt\n|faint|p2a: Toedscruel\n|\n|-heal|p1a: Florges|192/271 tox|[from] item: Leftovers\n|-damage|p1a: Florges|144/271 tox|[from] psn\n|upkeep\n|\n|t:|1714199279\n|switch|p2a: Zamazenta|Zamazenta-Crowned, L68|238/238\n|-ability|p2a: Zamazenta|Dauntless Shield|boost\n|-boost|p2a: Zamazenta|def|1\n|turn|17\n|\n|t:|1714199284\n|move|p2a: Zamazenta|Heavy Slam|p1a: Florges\n|-supereffective|p1a: Florges\n|-damage|p1a: Florges|0 fnt\n|faint|p1a: Florges\n|\n|upkeep\n|\n|t:|1714199288\n|switch|p1a: Zapdos|Zapdos, L78|232/268\n|turn|18\n|\n|t:|1714199291\n|move|p2a: Zamazenta|Stone Edge|p1a: Zapdos\n|-supereffective|p1a: Zapdos\n|-damage|p1a: Zapdos|102/268\n|move|p1a: Zapdos|Discharge|p2a: Zamazenta\n|-damage|p2a: Zamazenta|163/238\n|\n|upkeep\n|turn|19\n|\n|t:|1714199301\n|move|p2a: Zamazenta|Stone Edge|p1a: Zapdos\n|-supereffective|p1a: Zapdos\n|-damage|p1a: Zapdos|0 fnt\n|faint|p1a: Zapdos\n|\n|upkeep\n|\n|t:|1714199303\n|switch|p1a: Eiscue|Eiscue, L87, F|272/272\n|turn|20\n|\n|t:|1714199313\n|move|p2a: Zamazenta|Iron Defense|p2a: Zamazenta\n|-boost|p2a: Zamazenta|def|2\n|move|p1a: Eiscue|Belly Drum|p1a: Eiscue\n|-damage|p1a: Eiscue|136/272\n|-setboost|p1a: Eiscue|atk|6|[from] move: Belly Drum\n|-enditem|p1a: Eiscue|Sitrus Berry|[eat]\n|-heal|p1a: Eiscue|204/272|[from] item: Sitrus Berry\n|\n|upkeep\n|turn|21\n|\n|t:|1714199321\n|-terastallize|p1a: Eiscue|Water\n|move|p2a: Zamazenta|Iron Defense|p2a: Zamazenta\n|-boost|p2a: Zamazenta|def|2\n|move|p1a: Eiscue|Liquidation|p2a: Zamazenta\n|-damage|p2a: Zamazenta|87/238\n|\n|upkeep\n|turn|22\n|inactive|CasualCynic has 120 seconds left.\n|\n|t:|1714199372\n|move|p2a: Zamazenta|Iron Defense|p2a: Zamazenta\n|-boost|p2a: Zamazenta|def|1\n|move|p1a: Eiscue|Liquidation|p2a: Zamazenta\n|-damage|p2a: Zamazenta|12/238\n|\n|upkeep\n|turn|23\n|\n|t:|1714199376\n|move|p2a: Zamazenta|Iron Defense|p2a: Zamazenta\n|-boost|p2a: Zamazenta|def|0\n|move|p1a: Eiscue|Liquidation|p2a: Zamazenta\n|-damage|p2a: Zamazenta|0 fnt\n|faint|p2a: Zamazenta\n|\n|upkeep\n|\n|t:|1714199391\n|switch|p2a: Darkrai|Darkrai, L76|231/231 slp\n|turn|24\n|\n|t:|1714199394\n|cant|p2a: Darkrai|slp\n|move|p1a: Eiscue|Liquidation|p2a: Darkrai\n|-damage|p2a: Darkrai|0 fnt\n|faint|p2a: Darkrai\n|\n|upkeep\n|\n|t:|1714199397\n|switch|p2a: Weavile|Weavile, L79, M|240/240\n|turn|25\n|inactive|CasualCynic has 120 seconds left.\n|\n|t:|1714199403\n|move|p2a: Weavile|Triple Axel|p1a: Eiscue\n|-activate|p1a: Eiscue|ability: Ice Face\n|-damage|p1a: Eiscue|204/272\n|detailschange|p1a: Eiscue|Eiscue-Noice, L87, F, tera:Water\n|-resisted|p1a: Eiscue\n|-damage|p1a: Eiscue|177/272\n|-resisted|p1a: Eiscue\n|-damage|p1a: Eiscue|135/272\n|-hitcount|p1a: Eiscue|3\n|move|p1a: Eiscue|Liquidation|p2a: Weavile\n|-damage|p2a: Weavile|0 fnt\n|faint|p2a: Weavile\n|\n|upkeep\n|inactive|CasualCynic has 120 seconds left.\n|\n|t:|1714199411\n|switch|p2a: Infernape|Infernape, L82, M|234/259\n|turn|26\n|\n|t:|1714199414\n|-terastallize|p2a: Infernape|Fighting\n|move|p2a: Infernape|Mach Punch|p1a: Eiscue\n|-damage|p1a: Eiscue|26/272\n|-damage|p2a: Infernape|209/259|[from] item: Life Orb\n|move|p1a: Eiscue|Liquidation|p2a: Infernape\n|-damage|p2a: Infernape|0 fnt\n|faint|p2a: Infernape\n|\n|win|Qiuescent\n|raw|Qiuescent's rating: 2228 &rarr; <strong>2248</strong><br />(+20 for winning)\n|raw|CasualCynic's rating: 2233 &rarr; <strong>2213</strong><br />(-20 for losing)\n", "inputlog": ">version 56c3b69fcd3b113ffc796eb8c36c032ea017d75b\n>start {\"formatid\":\"gen9randombattle\",\"seed\":[27858,28037,34670,43999],\"rated\":\"Rated battle\"}\n>player p1 {\"name\":\"Qiuescent\",\"avatar\":\"2\",\"rating\":2250,\"seed\":[57007,10937,39217,49264]}\n>player p2 {\"name\":\"CasualCynic\",\"avatar\":\"janitor\",\"rating\":2233,\"seed\":[6365,49482,32897,62646]}\n>p1 move sleeppowder\n>p2 move nastyplot\n>p1 move sludgewave\n>p2 switch 6\n>p1 switch 3\n>p2 move gunkshot\n>p1 move precipiceblades\n>p2 switch 4\n>p1 switch 4\n>p2 move gigadrain\n>p1 switch 3\n>p2 move toxic\n>p1 move knockoff\n>p2 switch 4\n>p1 switch 4\n>p2 move earthquake\n>p1 move heatcrash\n>p2 move knockoff\n>p1 move heatcrash\n>p2 move knockoff\n>p1 switch 2\n>p2 switch 5\n>p1 move closecombat\n>p2 move overheat\n>p1 switch 5\n>p1 move calmmind\n>p2 move gunkshot\n>p1 move protect\n>p2 switch 4\n>p1 move moonblast\n>p2 move toxic\n>p1 move moonblast\n>p2 move gigadrain\n>p1 move moonblast\n>p2 move gigadrain\n>p2 switch 2\n>p1 move moonblast\n>p2 move heavyslam\n>p1 switch 3\n>p1 move discharge\n>p2 move stoneedge\n>p1 move discharge\n>p2 move stoneedge\n>p1 switch 6\n>p1 move bellydrum\n>p2 move irondefense\n>p1 move liquidation terastallize\n>p2 move irondefense\n>p1 move liquidation\n>p2 move irondefense\n>p1 move liquidation\n>p2 move irondefense\n>p2 switch 6\n>p1 move liquidation\n>p2 move darkpulse\n>p2 switch 3\n>p1 move liquidation\n>p2 move tripleaxel\n>p2 switch 4\n>p1 move liquidation\n>p2 move machpunch terastallize", "uploadtime": 1714199418, "views": 225, "formatid": "gen9randombattle", "rating": 2213, "private": 0, "password": null}