{"id": "gen9randombattle-2260340535", "format": "[Gen 9] Random Battle", "players": ["Xadiym", "nbajnova"], "log": "|j|\u2606Xadiym\n|j|\u2606nbajnova\n|t:|1733841801\n|gametype|singles\n|player|p1|Xadiym|pokemaniac|\n|player|p2|nbajnova|169|\n|teamsize|p1|6\n|teamsize|p2|6\n|gen|9\n|tier|[Gen 9] Random Battle\n|rule|Species Clause: Limit one of each Pok\u00e9mon\n|rule|HP Percentage Mod: HP is shown in percentages\n|rule|Sleep Clause Mod: Limit one foe put to sleep\n|rule|Illusion Level Mod: Illusion disguises the Pok\u00e9mon's true level\n|\n|t:|1733841801\n|start\n|switch|p1a: Lilligant|Lilligant, L86, F|261/261\n|switch|p2a: Arboliva|Arboliva, L91, M|288/288\n|turn|1\n|\n|t:|1733841817\n|switch|p2a: Cinccino|Cinccino, L83, M|260/260\n|move|p1a: Lilligant|Sleep Powder|p2a: Cinccino\n|-status|p2a: Cinccino|slp|[from] move: Sleep Powder\n|\n|upkeep\n|turn|2\n|\n|t:|1733841833\n|cant|p2a: Cinccino|slp\n|move|p1a: Lilligant|Quiver Dance|p1a: Lilligant\n|-boost|p1a: Lilligant|spa|1\n|-boost|p1a: Lilligant|spd|1\n|-boost|p1a: Lilligant|spe|1\n|\n|upkeep\n|turn|3\n|\n|t:|1733841841\n|move|p1a: Lilligant|Quiver Dance|p1a: Lilligant\n|-boost|p1a: Lilligant|spa|1\n|-boost|p1a: Lilligant|spd|1\n|-boost|p1a: Lilligant|spe|1\n|cant|p2a: Cinccino|slp\n|\n|upkeep\n|turn|4\n|\n|t:|1733841850\n|move|p1a: Lilligant|Quiver Dance|p1a: Lilligant\n|-boost|p1a: Lilligant|spa|1\n|-boost|p1a: Lilligant|spd|1\n|-boost|p1a: Lilligant|spe|1\n|cant|p2a: Cinccino|slp\n|\n|upkeep\n|turn|5\n|\n|t:|1733841857\n|move|p1a: Lilligant|Quiver Dance|p1a: Lilligant\n|-boost|p1a: Lilligant|spa|1\n|-boost|p1a: Lilligant|spd|1\n|-boost|p1a: Lilligant|spe|1\n|-curestatus|p2a: Cinccino|slp|[msg]\n|move|p2a: Cinccino|Tail Slap|p1a: Lilligant\n|-damage|p1a: Lilligant|219/261\n|-damage|p1a: Lilligant|180/261\n|-damage|p1a: Lilligant|137/261\n|-damage|p1a: Lilligant|94/261\n|-damage|p1a: Lilligant|49/261\n|-hitcount|p1a: Lilligant|5\n|\n|upkeep\n|turn|6\n|\n|t:|1733841877\n|move|p1a: Lilligant|Giga Drain|p2a: Cinccino\n|-damage|p2a: Cinccino|0 fnt\n|-heal|p1a: Lilligant|179/261|[from] drain|[of] p2a: Cinccino\n|faint|p2a: Cinccino\n|-damage|p1a: Lilligant|153/261|[from] item: Life Orb\n|\n|upkeep\n|\n|t:|1733841887\n|switch|p2a: Talonflame|Talonflame, L83, M|265/265\n|turn|7\n|\n|t:|1733841911\n|move|p1a: Lilligant|Tera Blast|p2a: Talonflame\n|-damage|p2a: Talonflame|0 fnt\n|faint|p2a: Talonflame\n|-damage|p1a: Lilligant|127/261|[from] item: Life Orb\n|\n|upkeep\n|\n|t:|1733841920\n|switch|p2a: Hoopa|Hoopa, L85|275/275\n|turn|8\n|\n|t:|1733841928\n|move|p1a: Lilligant|Giga Drain|p2a: Hoopa\n|-damage|p2a: Hoopa|32/275\n|-heal|p1a: Lilligant|249/261|[from] drain|[of] p2a: Hoopa\n|-damage|p1a: Lilligant|223/261|[from] item: Life Orb\n|move|p2a: Hoopa|Shadow Ball|p1a: Lilligant\n|-damage|p1a: Lilligant|161/261\n|-damage|p2a: Hoopa|5/275|[from] item: Life Orb\n|\n|upkeep\n|turn|9\n|\n|t:|1733841938\n|move|p1a: Lilligant|Tera Blast|p2a: Hoopa\n|-immune|p2a: Hoopa\n|move|p2a: Hoopa|Focus Blast|p1a: Lilligant\n|-damage|p1a: Lilligant|104/261\n|-damage|p2a: Hoopa|0 fnt|[from] item: Life Orb\n|faint|p2a: Hoopa\n|\n|upkeep\n|\n|t:|1733841947\n|switch|p2a: Donphan|Donphan, L84, F|288/288\n|turn|10\n|\n|t:|1733841955\n|move|p2a: Donphan|Ice Shard|p1a: Lilligant\n|-supereffective|p1a: Lilligant\n|-damage|p1a: Lilligant|34/261\n|move|p1a: Lilligant|Giga Drain|p2a: Donphan\n|-supereffective|p2a: Donphan\n|-ability|p2a: Donphan|Sturdy\n|-damage|p2a: Donphan|1/288\n|-heal|p1a: Lilligant|178/261|[from] drain|[of] p2a: Donphan\n|-damage|p1a: Lilligant|152/261|[from] item: Life Orb\n|\n|upkeep\n|turn|11\n|\n|t:|1733841968\n|move|p1a: Lilligant|Giga Drain|p2a: Donphan\n|-supereffective|p2a: Donphan\n|-damage|p2a: Donphan|0 fnt\n|-heal|p1a: Lilligant|153/261|[from] drain|[of] p2a: Donphan\n|faint|p2a: Donphan\n|-damage|p1a: Lilligant|127/261|[from] item: Life Orb\n|\n|upkeep\n|\n|t:|1733841977\n|switch|p2a: Arboliva|Arboliva, L91, M|288/288\n|turn|12\n|\n|t:|1733841981\n|move|p1a: Lilligant|Giga Drain|p2a: Arboliva\n|-resisted|p2a: Arboliva\n|-crit|p2a: Arboliva\n|-damage|p2a: Arboliva|61/288\n|-heal|p1a: Lilligant|241/261|[from] drain|[of] p2a: Arboliva\n|-enditem|p2a: Arboliva|Sitrus Berry|[eat]\n|-heal|p2a: Arboliva|133/288|[from] item: Sitrus Berry\n|-damage|p1a: Lilligant|215/261|[from] item: Life Orb\n|move|p2a: Arboliva|Leech Seed|p1a: Lilligant\n|-immune|p1a: Lilligant\n|\n|upkeep\n|turn|13\n|\n|t:|1733841996\n|move|p1a: Lilligant|Giga Drain|p2a: Arboliva\n|-resisted|p2a: Arboliva\n|-damage|p2a: Arboliva|0 fnt\n|-heal|p1a: Lilligant|261/261|[from] drain|[of] p2a: Arboliva\n|faint|p2a: Arboliva\n|-damage|p1a: Lilligant|235/261|[from] item: Life Orb\n|\n|upkeep\n|\n|t:|1733842002\n|switch|p2a: Keldeo|Keldeo-Resolute, L79|273/273\n|turn|14\n|\n|t:|1733842019\n|move|p1a: Lilligant|Giga Drain|p2a: Keldeo\n|-supereffective|p2a: Keldeo\n|-damage|p2a: Keldeo|0 fnt\n|-heal|p1a: Lilligant|261/261|[from] drain|[of] p2a: Keldeo\n|faint|p2a: Keldeo\n|-damage|p1a: Lilligant|235/261|[from] item: Life Orb\n|\n|win|Xadiym\n", "inputlog": ">version bfd83cad13791eb5a5a409923076391caf6fb4d4\n>start {\"formatid\":\"gen9randombattle\",\"seed\":[50109,7606,58758,32753]}\n>player p1 {\"name\":\"Xadiym\",\"avatar\":\"pokemaniac\",\"rating\":0,\"seed\":[15432,51667,46019,33573]}\n>player p2 {\"name\":\"nbajnova\",\"avatar\":\"169\",\"rating\":0,\"seed\":[35710,47037,25359,58]}\n>p1 move sleeppowder\n>p2 switch 6\n>p1 move quiverdance\n>p2 move tailslap\n>p1 move quiverdance\n>p2 move tailslap\n>p1 move quiverdance\n>p2 move tailslap\n>p1 move quiverdance\n>p2 move tailslap\n>p1 move gigadrain\n>p2 move bulletseed\n>p2 switch 5\n>p1 move terablast\n>p2 move flareblitz\n>p2 switch 4\n>p1 move gigadrain\n>p2 move shadowball\n>p1 move terablast\n>p2 move focusblast\n>p2 switch 3\n>p1 move gigadrain\n>p2 move iceshard\n>p1 move gigadrain\n>p2 move earthquake\n>p2 switch 6\n>p1 move gigadrain\n>p2 move leechseed\n>p1 move gigadrain\n>p2 move hypervoice\n>p2 switch 2\n>p1 move gigadrain\n>p2 move surf", "uploadtime": 1733842027, "views": 8, "formatid": "gen9randombattle", "rating": null, "private": 0, "password": null}