{"id": "gen9randombattle-2260395877", "format": "[Gen 9] Random Battle", "players": ["signor beppone", "ilusionista11"], "log": "|j|\u203dsignor beppone\n|j|\u2606ilusionista11\n|t:|1733847488\n|gametype|singles\n|player|p1|signor beppone|101|1991\n|player|p2|ilusionista11|karen|1924\n|teamsize|p1|6\n|teamsize|p2|6\n|gen|9\n|tier|[Gen 9] Random Battle\n|rated|\n|rule|Species Clause: Limit one of each Pok\u00e9mon\n|rule|HP Percentage Mod: HP is shown in percentages\n|rule|Sleep Clause Mod: Limit one foe put to sleep\n|rule|Illusion Level Mod: Illusion disguises the Pok\u00e9mon's true level\n|\n|t:|1733847488\n|start\n|switch|p1a: Gliscor|Gliscor, L76, F|239/239\n|switch|p2a: Dachsbun|Dachsbun, L92, M|254/254\n|turn|1\n|inactive|Battle timer is ON: inactive players will automatically lose when time's up. (requested by ilusionista11)\n|\n|t:|1733847508\n|switch|p2a: Galvantula|Galvantula, L82, F|249/249\n|move|p1a: Gliscor|Substitute|p1a: Gliscor\n|-start|p1a: Gliscor|Substitute\n|-damage|p1a: Gliscor|180/239\n|\n|-status|p1a: Gliscor|tox|[from] item: Toxic Orb\n|upkeep\n|turn|2\n|\n|t:|1733847522\n|move|p2a: Galvantula|Sticky Web|p1a: Gliscor\n|-sidestart|p1: signor beppone|move: Sticky Web\n|move|p1a: Gliscor|Toxic|p2a: Galvantula\n|-status|p2a: Galvantula|tox\n|\n|-damage|p2a: Galvantula|234/249 tox|[from] psn\n|-heal|p1a: Gliscor|209/239 tox|[from] ability: Poison Heal\n|upkeep\n|turn|3\n|\n|t:|1733847540\n|switch|p2a: Spidops|Spidops, L96, M|271/271\n|move|p1a: Gliscor|Protect||[still]\n|-fail|p1a: Gliscor\n|\n|-heal|p1a: Gliscor|238/239 tox|[from] ability: Poison Heal\n|upkeep\n|turn|4\n|\n|t:|1733847543\n|move|p1a: Gliscor|Toxic|p2a: Spidops\n|-status|p2a: Spidops|tox\n|move|p2a: Spidops|Toxic Spikes|p1a: Gliscor\n|-sidestart|p1: signor beppone|move: Toxic Spikes\n|\n|-heal|p1a: Gliscor|239/239 tox|[from] ability: Poison Heal\n|-damage|p2a: Spidops|255/271 tox|[from] psn\n|upkeep\n|turn|5\n|\n|t:|1733847564\n|move|p1a: Gliscor|Earthquake|p2a: Spidops\n|-resisted|p2a: Spidops\n|-damage|p2a: Spidops|219/271 tox\n|move|p2a: Spidops|Toxic Spikes|p1a: Gliscor\n|-sidestart|p1: signor beppone|move: Toxic Spikes\n|\n|-damage|p2a: Spidops|187/271 tox|[from] psn\n|upkeep\n|turn|6\n|\n|t:|1733847567\n|move|p1a: Gliscor|Protect|p1a: Gliscor\n|-singleturn|p1a: Gliscor|Protect\n|move|p2a: Spidops|Knock Off|p1a: Gliscor\n|-activate|p1a: Gliscor|move: Protect\n|\n|-damage|p2a: Spidops|139/271 tox|[from] psn\n|upkeep\n|turn|7\n|\n|t:|1733847573\n|move|p1a: Gliscor|Earthquake|p2a: Spidops\n|-resisted|p2a: Spidops\n|-damage|p2a: Spidops|103/271 tox\n|move|p2a: Spidops|Knock Off|p1a: Gliscor\n|-end|p1a: Gliscor|Substitute\n|\n|-damage|p2a: Spidops|39/271 tox|[from] psn\n|upkeep\n|turn|8\n|\n|t:|1733847576\n|move|p1a: Gliscor|Substitute|p1a: Gliscor\n|-start|p1a: Gliscor|Substitute\n|-damage|p1a: Gliscor|180/239 tox\n|move|p2a: Spidops|Knock Off|p1a: Gliscor\n|-end|p1a: Gliscor|Substitute\n|\n|-heal|p1a: Gliscor|209/239 tox|[from] ability: Poison Heal\n|-damage|p2a: Spidops|0 fnt|[from] psn\n|faint|p2a: Spidops\n|upkeep\n|\n|t:|1733847581\n|switch|p2a: Galvantula|Galvantula, L82, F|234/249 tox\n|turn|9\n|\n|t:|1733847587\n|move|p1a: Gliscor|Protect|p1a: Gliscor\n|-singleturn|p1a: Gliscor|Protect\n|move|p2a: Galvantula|Giga Drain|p1a: Gliscor\n|-activate|p1a: Gliscor|move: Protect\n|\n|-damage|p2a: Galvantula|219/249 tox|[from] psn\n|-heal|p1a: Gliscor|238/239 tox|[from] ability: Poison Heal\n|upkeep\n|turn|10\n|\n|t:|1733847591\n|move|p2a: Galvantula|Bug Buzz|p1a: Gliscor\n|-resisted|p1a: Gliscor\n|-damage|p1a: Gliscor|179/239 tox\n|move|p1a: Gliscor|Substitute|p1a: Gliscor\n|-start|p1a: Gliscor|Substitute\n|-damage|p1a: Gliscor|120/239 tox\n|\n|-damage|p2a: Galvantula|189/249 tox|[from] psn\n|-heal|p1a: Gliscor|149/239 tox|[from] ability: Poison Heal\n|upkeep\n|turn|11\n|\n|t:|1733847606\n|move|p1a: Gliscor|Protect|p1a: Gliscor\n|-singleturn|p1a: Gliscor|Protect\n|move|p2a: Galvantula|Giga Drain|p1a: Gliscor\n|-activate|p1a: Gliscor|move: Protect\n|\n|-damage|p2a: Galvantula|144/249 tox|[from] psn\n|-heal|p1a: Gliscor|178/239 tox|[from] ability: Poison Heal\n|upkeep\n|turn|12\n|\n|t:|1733847613\n|move|p2a: Galvantula|Giga Drain|p1a: Gliscor\n|-end|p1a: Gliscor|Substitute\n|-heal|p2a: Galvantula|174/249 tox|[from] drain|[of] p1a: Gliscor\n|move|p1a: Gliscor|Substitute|p1a: Gliscor\n|-start|p1a: Gliscor|Substitute\n|-damage|p1a: Gliscor|119/239 tox\n|\n|-damage|p2a: Galvantula|114/249 tox|[from] psn\n|-heal|p1a: Gliscor|148/239 tox|[from] ability: Poison Heal\n|upkeep\n|turn|13\n|\n|t:|1733847620\n|switch|p2a: Eiscue|Eiscue, L88, F|274/274\n|move|p1a: Gliscor|Protect||[still]\n|-fail|p1a: Gliscor\n|\n|-heal|p1a: Gliscor|177/239 tox|[from] ability: Poison Heal\n|upkeep\n|turn|14\n|\n|t:|1733847624\n|move|p1a: Gliscor|Toxic|p2a: Eiscue|[miss]\n|-miss|p1a: Gliscor|p2a: Eiscue\n|move|p2a: Eiscue|Belly Drum|p2a: Eiscue\n|-damage|p2a: Eiscue|137/274\n|-setboost|p2a: Eiscue|atk|6|[from] move: Belly Drum\n|-enditem|p2a: Eiscue|Sitrus Berry|[eat]\n|-heal|p2a: Eiscue|205/274|[from] item: Sitrus Berry\n|\n|-heal|p1a: Gliscor|206/239 tox|[from] ability: Poison Heal\n|upkeep\n|turn|15\n|\n|t:|1733847633\n|move|p1a: Gliscor|Toxic|p2a: Eiscue\n|-status|p2a: Eiscue|tox\n|move|p2a: Eiscue|Ice Spinner|p1a: Gliscor\n|-supereffective|p1a: Gliscor\n|-end|p1a: Gliscor|Substitute\n|\n|-heal|p1a: Gliscor|235/239 tox|[from] ability: Poison Heal\n|-damage|p2a: Eiscue|188/274 tox|[from] psn\n|upkeep\n|turn|16\n|\n|t:|1733847638\n|move|p1a: Gliscor|Protect|p1a: Gliscor\n|-singleturn|p1a: Gliscor|Protect\n|move|p2a: Eiscue|Ice Spinner|p1a: Gliscor\n|-activate|p1a: Gliscor|move: Protect\n|\n|-heal|p1a: Gliscor|239/239 tox|[from] ability: Poison Heal\n|-damage|p2a: Eiscue|154/274 tox|[from] psn\n|upkeep\n|turn|17\n|\n|t:|1733847653\n|move|p1a: Gliscor|Substitute|p1a: Gliscor\n|-start|p1a: Gliscor|Substitute\n|-damage|p1a: Gliscor|180/239 tox\n|move|p2a: Eiscue|Ice Spinner|p1a: Gliscor\n|-supereffective|p1a: Gliscor\n|-end|p1a: Gliscor|Substitute\n|\n|-heal|p1a: Gliscor|209/239 tox|[from] ability: Poison Heal\n|-damage|p2a: Eiscue|103/274 tox|[from] psn\n|upkeep\n|turn|18\n|\n|t:|1733847657\n|move|p1a: Gliscor|Protect|p1a: Gliscor\n|-singleturn|p1a: Gliscor|Protect\n|move|p2a: Eiscue|Ice Spinner|p1a: Gliscor\n|-activate|p1a: Gliscor|move: Protect\n|\n|-heal|p1a: Gliscor|238/239 tox|[from] ability: Poison Heal\n|-damage|p2a: Eiscue|35/274 tox|[from] psn\n|upkeep\n|turn|19\n|\n|t:|1733847659\n|move|p1a: Gliscor|Substitute|p1a: Gliscor\n|-start|p1a: Gliscor|Substitute\n|-damage|p1a: Gliscor|179/239 tox\n|move|p2a: Eiscue|Ice Spinner|p1a: Gliscor\n|-supereffective|p1a: Gliscor\n|-end|p1a: Gliscor|Substitute\n|\n|-heal|p1a: Gliscor|208/239 tox|[from] ability: Poison Heal\n|-damage|p2a: Eiscue|0 fnt|[from] psn\n|faint|p2a: Eiscue\n|upkeep\n|c|\u2606ilusionista11|nothing I can do\n|\n|t:|1733847669\n|switch|p2a: Dachsbun|Dachsbun, L92, M|254/254\n|turn|20\n|\n|t:|1733847672\n|move|p2a: Dachsbun|Play Rough|p1a: Gliscor\n|-damage|p1a: Gliscor|126/239 tox\n|move|p1a: Gliscor|Toxic|p2a: Dachsbun\n|-status|p2a: Dachsbun|tox\n|\n|-damage|p2a: Dachsbun|239/254 tox|[from] psn\n|-heal|p1a: Gliscor|155/239 tox|[from] ability: Poison Heal\n|upkeep\n|turn|21\n|\n|t:|1733847677\n|move|p2a: Dachsbun|Play Rough|p1a: Gliscor\n|-damage|p1a: Gliscor|76/239 tox\n|move|p1a: Gliscor|Substitute|p1a: Gliscor\n|-start|p1a: Gliscor|Substitute\n|-damage|p1a: Gliscor|17/239 tox\n|\n|-heal|p2a: Dachsbun|254/254 tox|[from] item: Leftovers\n|-damage|p2a: Dachsbun|224/254 tox|[from] psn\n|-heal|p1a: Gliscor|46/239 tox|[from] ability: Poison Heal\n|upkeep\n|turn|22\n|-message|ilusionista11 forfeited.\n|\n|win|signor beppone\n|raw|signor beppone's rating: 1991 &rarr; <strong>2007</strong><br />(+16 for winning)\n|raw|ilusionista11's rating: 1924 &rarr; <strong>1908</strong><br />(-16 for losing)\n|l|\u2606ilusionista11\n|player|p2|\n|l|\u203dsignor beppone\n|player|p1|\n|j|\u2606ilusionista11\n|player|p2|ilusionista11|karen|\n", "inputlog": ">version bfd83cad13791eb5a5a409923076391caf6fb4d4\n>start {\"formatid\":\"gen9randombattle\",\"seed\":[42569,51147,18035,29716],\"rated\":\"Rated battle\"}\n>player p1 {\"name\":\"signor beppone\",\"avatar\":\"101\",\"rating\":1991,\"seed\":[42538,11088,11292,4421]}\n>player p2 {\"name\":\"ilusionista11\",\"avatar\":\"karen\",\"rating\":1924,\"seed\":[10199,36313,14953,33456]}\n>p1 move substitute\n>p2 switch 3\n>p1 move toxic\n>p2 move stickyweb\n>p1 move protect\n>p2 switch 6\n>p1 move toxic\n>p2 move toxicspikes\n>p1 move earthquake\n>p2 move toxicspikes\n>p1 move protect\n>p2 move knockoff\n>p1 move earthquake\n>p2 move knockoff\n>p1 move substitute\n>p2 move knockoff\n>p2 switch 6\n>p1 move protect\n>p2 move gigadrain\n>p1 move substitute\n>p2 move bugbuzz\n>p1 move protect\n>p2 move gigadrain\n>p1 move substitute\n>p2 move gigadrain\n>p1 move protect\n>p2 switch 4\n>p1 move toxic\n>p2 move bellydrum\n>p1 move toxic\n>p2 move icespinner\n>p1 move protect\n>p2 move icespinner\n>p1 move substitute\n>p2 move icespinner\n>p1 move protect\n>p2 move icespinner\n>p1 move substitute\n>p2 move icespinner\n>chat \u2606ilusionista11|nothing I can do\n>p2 switch 3\n>p1 move toxic\n>p2 move playrough\n>p1 move substitute\n>p2 move playrough\n>forcelose p2", "uploadtime": 1733847712, "views": 2, "formatid": "gen9randombattle", "rating": 1908, "private": 0, "password": null}