{"id": "gen9randombattle-2260823276", "format": "[Gen 9] Random Battle", "players": ["Ian597", "Fantastico39"], "log": "|j|\u2606Ian597\n|j|\u2606Fantastico39\n|t:|1733898554\n|gametype|singles\n|player|p1|Ian597|170|1486\n|player|p2|Fantastico39|101|1438\n|teamsize|p1|6\n|teamsize|p2|6\n|gen|9\n|tier|[Gen 9] Random Battle\n|rated|\n|rule|Species Clause: Limit one of each Pok\u00e9mon\n|rule|HP Percentage Mod: HP is shown in percentages\n|rule|Sleep Clause Mod: Limit one foe put to sleep\n|rule|Illusion Level Mod: Illusion disguises the Pok\u00e9mon's true level\n|\n|t:|1733898554\n|start\n|switch|p1a: Beartic|Beartic, L91, F|321/321\n|switch|p2a: Mightyena|Mightyena, L95, F|287/287\n|-ability|p2a: Mightyena|Intimidate|boost\n|-unboost|p1a: Beartic|atk|1\n|turn|1\n|inactive|Battle timer is ON: inactive players will automatically lose when time's up. (requested by Ian597)\n|\n|t:|1733898576\n|switch|p1a: Arcanine|Arcanine, L84, M|288/288\n|-ability|p1a: Arcanine|Intimidate|boost\n|-unboost|p2a: Mightyena|atk|1\n|move|p2a: Mightyena|Poison Fang|p1a: Arcanine\n|-damage|p1a: Arcanine|241/288\n|\n|upkeep\n|turn|2\n|\n|t:|1733898582\n|move|p1a: Arcanine|Flare Blitz|p2a: Mightyena\n|-damage|p2a: Mightyena|134/287\n|-status|p2a: Mightyena|brn\n|-damage|p1a: Arcanine|191/288|[from] Recoil\n|move|p2a: Mightyena|Poison Fang|p1a: Arcanine\n|-damage|p1a: Arcanine|169/288\n|\n|-damage|p2a: Mightyena|117/287 brn|[from] brn\n|upkeep\n|turn|3\n|\n|t:|1733898587\n|move|p1a: Arcanine|Morning Sun|p1a: Arcanine\n|-heal|p1a: Arcanine|288/288\n|move|p2a: Mightyena|Poison Fang|p1a: Arcanine\n|-damage|p1a: Arcanine|266/288\n|-status|p1a: Arcanine|tox\n|\n|-damage|p1a: Arcanine|248/288 tox|[from] psn\n|-damage|p2a: Mightyena|100/287 brn|[from] brn\n|upkeep\n|turn|4\n|\n|t:|1733898595\n|move|p1a: Arcanine|Flare Blitz|p2a: Mightyena\n|-damage|p2a: Mightyena|0 fnt\n|faint|p2a: Mightyena\n|-damage|p1a: Arcanine|215/288 tox|[from] Recoil\n|\n|-damage|p1a: Arcanine|179/288 tox|[from] psn\n|upkeep\n|\n|t:|1733898598\n|switch|p2a: Whiscash|Whiscash, L88, F|337/337\n|turn|5\n|\n|t:|1733898602\n|switch|p1a: Gogoat|Gogoat, L88, F|360/360\n|move|p2a: Whiscash|Dragon Dance|p2a: Whiscash\n|-boost|p2a: Whiscash|atk|1\n|-boost|p2a: Whiscash|spe|1\n|\n|upkeep\n|turn|6\n|\n|t:|1733898607\n|switch|p2a: Shaymin|Shaymin-Sky, L73|266/266\n|move|p1a: Gogoat|Horn Leech|p2a: Shaymin\n|-resisted|p2a: Shaymin\n|-damage|p2a: Shaymin|239/266\n|\n|-heal|p2a: Shaymin|255/266|[from] item: Leftovers\n|upkeep\n|turn|7\n|\n|t:|1733898618\n|switch|p1a: Uxie|Uxie, L83|260/260\n|move|p2a: Shaymin|Substitute|p2a: Shaymin\n|-start|p2a: Shaymin|Substitute\n|-damage|p2a: Shaymin|189/266\n|\n|-heal|p2a: Shaymin|205/266|[from] item: Leftovers\n|upkeep\n|turn|8\n|\n|t:|1733898627\n|move|p2a: Shaymin|Leech Seed|p1a: Uxie\n|-start|p1a: Uxie|move: Leech Seed\n|move|p1a: Uxie|Psychic Noise|p2a: Shaymin\n|-damage|p2a: Shaymin|126/266\n|-start|p2a: Shaymin|move: Heal Block\n|\n|-damage|p1a: Uxie|228/260|[from] Leech Seed|[of] p2a: Shaymin\n|upkeep\n|turn|9\n|\n|t:|1733898634\n|move|p2a: Shaymin|Air Slash|p1a: Uxie\n|-damage|p1a: Uxie|177/260\n|move|p1a: Uxie|Psychic Noise|p2a: Shaymin\n|-damage|p2a: Shaymin|36/266\n|\n|-heal|p1a: Uxie|193/260|[from] item: Leftovers\n|-damage|p1a: Uxie|161/260|[from] Leech Seed|[of] p2a: Shaymin\n|-end|p2a: Shaymin|move: Heal Block\n|upkeep\n|turn|10\n|\n|t:|1733898644\n|move|p2a: Shaymin|Seed Flare|p1a: Uxie\n|-damage|p1a: Uxie|74/260\n|-unboost|p1a: Uxie|spd|2\n|move|p1a: Uxie|Psychic Noise|p2a: Shaymin\n|-damage|p2a: Shaymin|0 fnt\n|faint|p2a: Shaymin\n|\n|-heal|p1a: Uxie|90/260|[from] item: Leftovers\n|upkeep\n|\n|t:|1733898664\n|switch|p2a: Feraligatr|Feraligatr, L79, F|264/264\n|turn|11\n|\n|t:|1733898677\n|switch|p1a: Arcanine|Arcanine, L84, M|179/288 tox\n|-ability|p1a: Arcanine|Intimidate|boost\n|-unboost|p2a: Feraligatr|atk|1\n|move|p2a: Feraligatr|Dragon Dance|p2a: Feraligatr\n|-boost|p2a: Feraligatr|atk|1\n|-boost|p2a: Feraligatr|spe|1\n|\n|-damage|p1a: Arcanine|161/288 tox|[from] psn\n|upkeep\n|turn|12\n|\n|t:|1733898685\n|move|p2a: Feraligatr|Liquidation|p1a: Arcanine\n|-supereffective|p1a: Arcanine\n|-damage|p1a: Arcanine|0 fnt\n|faint|p1a: Arcanine\n|\n|upkeep\n|\n|t:|1733898689\n|switch|p1a: Gogoat|Gogoat, L88, F|360/360\n|turn|13\n|inactive|Fantastico39 has 120 seconds left.\n|inactive|Fantastico39 has 90 seconds left.\n|\n|t:|1733898749\n|move|p2a: Feraligatr|Ice Punch|p1a: Gogoat\n|-supereffective|p1a: Gogoat\n|-damage|p1a: Gogoat|160/360\n|move|p1a: Gogoat|Horn Leech|p2a: Feraligatr\n|-supereffective|p2a: Feraligatr\n|-damage|p2a: Feraligatr|88/264\n|-heal|p1a: Gogoat|248/360|[from] drain|[of] p2a: Feraligatr\n|\n|-heal|p1a: Gogoat|270/360|[from] item: Leftovers\n|upkeep\n|turn|14\n|\n|t:|1733898755\n|switch|p2a: Dodrio|Dodrio, L86, M|243/243\n|move|p1a: Gogoat|Horn Leech|p2a: Dodrio\n|-resisted|p2a: Dodrio\n|-damage|p2a: Dodrio|192/243\n|-heal|p1a: Gogoat|296/360|[from] drain|[of] p2a: Dodrio\n|\n|-heal|p1a: Gogoat|318/360|[from] item: Leftovers\n|upkeep\n|turn|15\n|\n|t:|1733898762\n|switch|p1a: Uxie|Uxie, L83|90/260\n|move|p2a: Dodrio|Swords Dance|p2a: Dodrio\n|-boost|p2a: Dodrio|atk|2\n|\n|-heal|p1a: Uxie|106/260|[from] item: Leftovers\n|upkeep\n|turn|16\n|inactive|Fantastico39 has 90 seconds left.\n|\n|t:|1733898804\n|-terastallize|p1a: Uxie|Steel\n|move|p2a: Dodrio|Knock Off|p1a: Uxie\n|-damage|p1a: Uxie|0 fnt\n|-enditem|p1a: Uxie|Leftovers|[from] move: Knock Off|[of] p2a: Dodrio\n|faint|p1a: Uxie\n|\n|upkeep\n|\n|t:|1733898816\n|switch|p1a: Wugtrio|Wugtrio, L91, F|212/212\n|turn|17\n|\n|t:|1733898825\n|move|p1a: Wugtrio|Liquidation|p2a: Dodrio\n|-damage|p2a: Dodrio|9/243\n|move|p2a: Dodrio|Brave Bird|p1a: Wugtrio\n|-damage|p1a: Wugtrio|0 fnt\n|-ability|p1a: Wugtrio|Gooey\n|-unboost|p2a: Dodrio|spe|1\n|faint|p1a: Wugtrio\n|-damage|p2a: Dodrio|0 fnt|[from] Recoil\n|faint|p2a: Dodrio\n|\n|upkeep\n|inactive|Fantastico39 has 90 seconds left.\n|\n|t:|1733898836\n|switch|p1a: Gogoat|Gogoat, L88, F|318/360\n|switch|p2a: Dudunsparce|Dudunsparce, L83, F|343/343\n|turn|18\n|inactive|Fantastico39 has 90 seconds left.\n|inactive|Fantastico39 has 60 seconds left.\n|\n|t:|1733898883\n|switch|p1a: Hawlucha|Hawlucha, L80, F|256/256\n|move|p2a: Dudunsparce|Calm Mind|p2a: Dudunsparce\n|-boost|p2a: Dudunsparce|spa|1\n|-boost|p2a: Dudunsparce|spd|1\n|\n|upkeep\n|turn|19\n|inactive|Fantastico39 has 60 seconds left.\n|\n|t:|1733898892\n|-terastallize|p2a: Dudunsparce|Fairy\n|move|p1a: Hawlucha|Throat Chop|p2a: Dudunsparce\n|-resisted|p2a: Dudunsparce\n|-damage|p2a: Dudunsparce|316/343\n|-start|p2a: Dudunsparce|Throat Chop|[silent]\n|-ability|p2a: Dudunsparce|Rattled|boost\n|-boost|p2a: Dudunsparce|spe|1\n|cant|p2a: Dudunsparce|move: Throat Chop\n|\n|-heal|p2a: Dudunsparce|337/343|[from] item: Leftovers\n|upkeep\n|turn|20\n|\n|t:|1733898900\n|move|p1a: Hawlucha|Brave Bird|p2a: Dudunsparce\n|-damage|p2a: Dudunsparce|220/343\n|-damage|p1a: Hawlucha|217/256|[from] Recoil\n|move|p2a: Dudunsparce|Calm Mind|p2a: Dudunsparce\n|-boost|p2a: Dudunsparce|spa|1\n|-boost|p2a: Dudunsparce|spd|1\n|\n|-heal|p2a: Dudunsparce|241/343|[from] item: Leftovers\n|-end|p2a: Dudunsparce|Throat Chop|[silent]\n|upkeep\n|turn|21\n|\n|t:|1733898906\n|move|p1a: Hawlucha|Brave Bird|p2a: Dudunsparce\n|-damage|p2a: Dudunsparce|124/343\n|-damage|p1a: Hawlucha|178/256|[from] Recoil\n|move|p2a: Dudunsparce|Boomburst|p1a: Hawlucha\n|-damage|p1a: Hawlucha|0 fnt\n|faint|p1a: Hawlucha\n|\n|-heal|p2a: Dudunsparce|145/343|[from] item: Leftovers\n|upkeep\n|\n|t:|1733898912\n|switch|p1a: Beartic|Beartic, L91, F|321/321\n|turn|22\n|\n|t:|1733898915\n|move|p2a: Dudunsparce|Boomburst|p1a: Beartic\n|-damage|p1a: Beartic|68/321\n|move|p1a: Beartic|Icicle Crash|p2a: Dudunsparce\n|-damage|p2a: Dudunsparce|6/343\n|\n|-heal|p2a: Dudunsparce|27/343|[from] item: Leftovers\n|upkeep\n|turn|23\n|\n|t:|1733898918\n|move|p2a: Dudunsparce|Boomburst|p1a: Beartic\n|-damage|p1a: Beartic|0 fnt\n|faint|p1a: Beartic\n|\n|-heal|p2a: Dudunsparce|48/343|[from] item: Leftovers\n|upkeep\n|\n|t:|1733898920\n|switch|p1a: Gogoat|Gogoat, L88, F|318/360\n|turn|24\n|\n|t:|1733898923\n|move|p2a: Dudunsparce|Boomburst|p1a: Gogoat\n|-damage|p1a: Gogoat|32/360\n|move|p1a: Gogoat|Horn Leech|p2a: Dudunsparce\n|-damage|p2a: Dudunsparce|0 fnt\n|-heal|p1a: Gogoat|56/360|[from] drain|[of] p2a: Dudunsparce\n|faint|p2a: Dudunsparce\n|\n|-heal|p1a: Gogoat|78/360|[from] item: Leftovers\n|upkeep\n|\n|t:|1733898927\n|switch|p2a: Feraligatr|Feraligatr, L79, F|88/264\n|turn|25\n|inactive|Fantastico39 has 120 seconds left.\n|\n|t:|1733898934\n|move|p1a: Gogoat|Horn Leech|p2a: Feraligatr\n|-supereffective|p2a: Feraligatr\n|-damage|p2a: Feraligatr|0 fnt\n|-heal|p1a: Gogoat|122/360|[from] drain|[of] p2a: Feraligatr\n|faint|p2a: Feraligatr\n|\n|-heal|p1a: Gogoat|144/360|[from] item: Leftovers\n|upkeep\n|-message|Fantastico39 forfeited.\n|\n|win|Ian597\n|raw|Ian597's rating: 1486 &rarr; <strong>1503</strong><br />(+17 for winning)\n|raw|Fantastico39's rating: 1438 &rarr; <strong>1421</strong><br />(-17 for losing)\n|l|\u2606Fantastico39\n|player|p2|\n", "inputlog": ">version bfd83cad13791eb5a5a409923076391caf6fb4d4\n>start {\"formatid\":\"gen9randombattle\",\"seed\":[13893,23473,25886,5100],\"rated\":\"Rated battle\"}\n>player p1 {\"name\":\"Ian597\",\"avatar\":\"170\",\"rating\":1486,\"seed\":[47101,16191,21988,36676]}\n>player p2 {\"name\":\"Fantastico39\",\"avatar\":\"101\",\"rating\":1438,\"seed\":[39937,15537,53573,44681]}\n>p1 switch 4\n>p2 move poisonfang\n>p1 move flareblitz\n>p2 move poisonfang\n>p1 move morningsun\n>p2 move poisonfang\n>p1 move flareblitz\n>p2 move poisonfang\n>p2 switch 5\n>p1 switch 5\n>p2 move dragondance\n>p1 move hornleech\n>p2 switch 6\n>p1 switch 3\n>p2 move substitute\n>p1 move psychicnoise\n>p2 move leechseed\n>p1 move psychicnoise\n>p2 move airslash\n>p1 move psychicnoise\n>p2 move seedflare\n>p2 switch 3\n>p1 switch 5\n>p2 move dragondance\n>p1 move wildcharge\n>p2 move liquidation\n>p1 switch 3\n>p1 move hornleech\n>p2 move icepunch\n>p1 move hornleech\n>p2 switch 2\n>p1 switch 5\n>p2 move swordsdance\n>p1 move thunderwave terastallize\n>p2 move knockoff\n>p1 switch 2\n>p1 move liquidation\n>p2 move bravebird\n>p1 switch 5\n>p2 switch 4\n>p1 switch 6\n>p2 move calmmind\n>p1 move throatchop\n>p2 move boomburst terastallize\n>p1 move bravebird\n>p2 move calmmind\n>p1 move bravebird\n>p2 move boomburst\n>p1 switch 4\n>p1 move iciclecrash\n>p2 move boomburst\n>p1 move earthquake\n>p2 move boomburst\n>p1 switch 6\n>p1 move hornleech\n>p2 move boomburst\n>p2 switch 2\n>p1 move hornleech\n>p2 move icepunch\n>forcelose p2", "uploadtime": 1733898939, "views": 2, "formatid": "gen9randombattle", "rating": 1421, "private": 0, "password": null}