{"id": "gen9randombattle-2259938570", "format": "[Gen 9] Random Battle", "players": ["Iamcoronaking", "BunnyG10"], "log": "|j|\u2606Iamcoronaking\n|j|\u2606BunnyG10\n|t:|1733782066\n|gametype|singles\n|player|p1|Iamcoronaking|1|1501\n|player|p2|BunnyG10|lucas|1460\n|teamsize|p1|6\n|teamsize|p2|6\n|gen|9\n|tier|[Gen 9] Random Battle\n|rated|\n|rule|Species Clause: Limit one of each Pok\u00e9mon\n|rule|HP Percentage Mod: HP is shown in percentages\n|rule|Sleep Clause Mod: Limit one foe put to sleep\n|rule|Illusion Level Mod: Illusion disguises the Pok\u00e9mon's true level\n|\n|t:|1733782066\n|start\n|switch|p1a: Wigglytuff|Wigglytuff, L96, F|424/424\n|switch|p2a: Iron Jugulis|Iron Jugulis, L78|275/275\n|turn|1\n|\n|t:|1733782075\n|-end|p2a: Iron Jugulis|Quark Drive|[silent]\n|switch|p2a: Florges|Florges-Blue, L85, F|271/271\n|move|p1a: Wigglytuff|Thunder Wave|p2a: Florges\n|-status|p2a: Florges|par\n|\n|upkeep\n|turn|2\n|\n|t:|1733782082\n|switch|p1a: Qwilfish|Qwilfish, L86, F|252/252\n|-ability|p1a: Qwilfish|Intimidate|boost\n|-unboost|p2a: Florges|atk|1\n|move|p2a: Florges|Calm Mind|p2a: Florges\n|-boost|p2a: Florges|spa|1\n|-boost|p2a: Florges|spd|1\n|\n|upkeep\n|turn|3\n|\n|t:|1733782086\n|move|p1a: Qwilfish|Gunk Shot|p2a: Florges\n|-supereffective|p2a: Florges\n|-damage|p2a: Florges|0 fnt\n|faint|p2a: Florges\n|\n|upkeep\n|\n|t:|1733782090\n|switch|p2a: Electivire|Electivire, L84, M|263/263\n|turn|4\n|\n|t:|1733782101\n|switch|p1a: Stonjourner|Stonjourner, L91, M|330/330\n|move|p2a: Electivire|Supercell Slam|p1a: Stonjourner\n|-damage|p1a: Stonjourner|225/330\n|-damage|p2a: Electivire|237/263|[from] item: Life Orb\n|\n|upkeep\n|turn|5\n|\n|t:|1733782110\n|switch|p2a: Iron Jugulis|Iron Jugulis, L78|275/275\n|move|p1a: Stonjourner|Stone Edge|p2a: Iron Jugulis\n|-supereffective|p2a: Iron Jugulis\n|-damage|p2a: Iron Jugulis|0 fnt\n|faint|p2a: Iron Jugulis\n|-end|p2a: Iron Jugulis|Quark Drive|[silent]\n|-damage|p1a: Stonjourner|192/330|[from] item: Life Orb\n|\n|upkeep\n|\n|t:|1733782118\n|switch|p2a: Electivire|Electivire, L84, M|237/263\n|turn|6\n|\n|t:|1733782122\n|move|p2a: Electivire|Earthquake|p1a: Stonjourner\n|-supereffective|p1a: Stonjourner\n|-damage|p1a: Stonjourner|57/330\n|-damage|p2a: Electivire|211/263|[from] item: Life Orb\n|move|p1a: Stonjourner|Earthquake|p2a: Electivire\n|-supereffective|p2a: Electivire\n|-damage|p2a: Electivire|0 fnt\n|faint|p2a: Electivire\n|-damage|p1a: Stonjourner|24/330|[from] item: Life Orb\n|\n|upkeep\n|inactive|Battle timer is ON: inactive players will automatically lose when time's up. (requested by Iamcoronaking)\n|\n|t:|1733782135\n|switch|p2a: Squawkabilly|Squawkabilly-White, L89, F|291/291\n|turn|7\n|\n|t:|1733782139\n|move|p2a: Squawkabilly|Foul Play|p1a: Stonjourner\n|-damage|p1a: Stonjourner|0 fnt\n|faint|p1a: Stonjourner\n|\n|upkeep\n|\n|t:|1733782151\n|switch|p1a: Qwilfish|Qwilfish, L86, F|252/252\n|-ability|p1a: Qwilfish|Intimidate|boost\n|-unboost|p2a: Squawkabilly|atk|1\n|turn|8\n|\n|t:|1733782161\n|switch|p2a: Rabsca|Rabsca, L91, F|284/284\n|move|p1a: Qwilfish|Thunder Wave|p2a: Rabsca\n|-status|p2a: Rabsca|par\n|-activate|p2a: Rabsca|ability: Synchronize\n|-status|p1a: Qwilfish|par\n|\n|upkeep\n|turn|9\n|\n|t:|1733782168\n|move|p1a: Qwilfish|Waterfall|p2a: Rabsca\n|-damage|p2a: Rabsca|208/284 par\n|cant|p2a: Rabsca|flinch\n|\n|upkeep\n|turn|10\n|\n|t:|1733782172\n|cant|p1a: Qwilfish|par\n|move|p2a: Rabsca|Revival Blessing|p2a: Rabsca\n|\n|t:|1733782185\n|-heal|p2: Electivire|131/263|[from] move: Revival Blessing\n|\n|upkeep\n|turn|11\n|\n|t:|1733782192\n|cant|p1a: Qwilfish|par\n|move|p2a: Rabsca|Psychic|p1a: Qwilfish\n|-supereffective|p1a: Qwilfish\n|-damage|p1a: Qwilfish|0 fnt\n|faint|p1a: Qwilfish\n|\n|upkeep\n|\n|t:|1733782202\n|switch|p1a: Braviary|Braviary-Hisui, L85, M|326/326\n|turn|12\n|\n|t:|1733782209\n|move|p1a: Braviary|Esper Wing|p2a: Rabsca\n|-resisted|p2a: Rabsca\n|-damage|p2a: Rabsca|128/284 par\n|-boost|p1a: Braviary|spe|1\n|move|p2a: Rabsca|Bug Buzz|p1a: Braviary\n|-damage|p1a: Braviary|164/326\n|\n|upkeep\n|turn|13\n|\n|t:|1733782218\n|move|p1a: Braviary|Hurricane|p2a: Rabsca|[miss]\n|-miss|p1a: Braviary|p2a: Rabsca\n|move|p2a: Rabsca|Bug Buzz|p1a: Braviary\n|-damage|p1a: Braviary|22/326\n|\n|upkeep\n|turn|14\n|\n|t:|1733782222\n|move|p1a: Braviary|Hurricane|p2a: Rabsca|[miss]\n|-miss|p1a: Braviary|p2a: Rabsca\n|move|p2a: Rabsca|Bug Buzz|p1a: Braviary\n|-damage|p1a: Braviary|0 fnt\n|faint|p1a: Braviary\n|\n|upkeep\n|-message|Iamcoronaking forfeited.\n|\n|win|BunnyG10\n|raw|Iamcoronaking's rating: 1501 &rarr; <strong>1479</strong><br />(-22 for losing)\n|raw|BunnyG10's rating: 1460 &rarr; <strong>1482</strong><br />(+22 for winning)\n|l|\u2606Iamcoronaking\n|player|p1|\n", "inputlog": ">version bfd83cad13791eb5a5a409923076391caf6fb4d4\n>start {\"formatid\":\"gen9randombattle\",\"seed\":[46887,48807,17526,40755],\"rated\":\"Rated battle\"}\n>player p1 {\"name\":\"Iamcoronaking\",\"avatar\":\"1\",\"rating\":1501,\"seed\":[5372,63548,58081,3742]}\n>player p2 {\"name\":\"BunnyG10\",\"avatar\":\"lucas\",\"rating\":1460,\"seed\":[1805,9982,52227,10461]}\n>p1 move thunderwave\n>p2 switch 2\n>p1 switch 3\n>p2 move calmmind\n>p1 move gunkshot\n>p2 move moonblast\n>p2 switch 4\n>p1 switch 2\n>p2 move supercellslam\n>p1 move stoneedge\n>p2 switch 2\n>p2 switch 2\n>p1 move earthquake\n>p2 move earthquake\n>p2 switch 3\n>p1 move stealthrock\n>p2 move foulplay\n>p1 switch 2\n>p1 move thunderwave\n>p2 switch 6\n>p1 move waterfall\n>p2 move revivalblessing\n>p1 move waterfall\n>p2 move revivalblessing\n>p2 switch 3\n>p1 move waterfall\n>p2 move psychic\n>p1 switch 6\n>p1 move esperwing\n>p2 move bugbuzz\n>p1 move hurricane\n>p2 move bugbuzz\n>p1 move hurricane\n>p2 move bugbuzz\n>forcelose p1", "uploadtime": 1733782241, "views": 1, "formatid": "gen9randombattle", "rating": 1479, "private": 0, "password": null}