{"id": "gen9randombattle-2260770854", "format": "[Gen 9] Random Battle", "players": ["marleau2112", "PowerOutage273"], "log": "|j|\u2606marleau2112\n|j|\u2606PowerOutage273\n|t:|1733889545\n|gametype|singles\n|player|p1|marleau2112|170|1682\n|player|p2|PowerOutage273|volkner|1674\n|teamsize|p1|6\n|teamsize|p2|6\n|gen|9\n|tier|[Gen 9] Random Battle\n|rated|\n|rule|Species Clause: Limit one of each Pok\u00e9mon\n|rule|HP Percentage Mod: HP is shown in percentages\n|rule|Sleep Clause Mod: Limit one foe put to sleep\n|rule|Illusion Level Mod: Illusion disguises the Pok\u00e9mon's true level\n|\n|t:|1733889545\n|start\n|switch|p1a: Darkrai|Darkrai, L77|234/234\n|switch|p2a: Skeledirge|Skeledirge, L79, M|294/294\n|turn|1\n|inactive|Battle timer is ON: inactive players will automatically lose when time's up. (requested by PowerOutage273)\n|\n|t:|1733889551\n|switch|p2a: Okidogi|Okidogi, L77, M|262/262\n|move|p1a: Darkrai|Dark Pulse|p2a: Okidogi\n|-resisted|p2a: Okidogi\n|-damage|p2a: Okidogi|193/262\n|-damage|p1a: Darkrai|211/234|[from] item: Life Orb\n|\n|-heal|p2a: Okidogi|209/262|[from] item: Leftovers\n|upkeep\n|turn|2\n|\n|t:|1733889558\n|switch|p1a: Articuno|Articuno-Galar, L84|288/288\n|move|p2a: Okidogi|Bulk Up|p2a: Okidogi\n|-boost|p2a: Okidogi|atk|1\n|-boost|p2a: Okidogi|def|1\n|\n|-heal|p2a: Okidogi|225/262|[from] item: Leftovers\n|upkeep\n|turn|3\n|\n|t:|1733889585\n|-terastallize|p2a: Okidogi|Dark\n|move|p1a: Articuno|Freezing Glare|p2a: Okidogi\n|-immune|p2a: Okidogi\n|move|p2a: Okidogi|Knock Off|p1a: Articuno\n|-supereffective|p1a: Articuno\n|-damage|p1a: Articuno|0 fnt\n|-enditem|p1a: Articuno|Heavy-Duty Boots|[from] move: Knock Off|[of] p2a: Okidogi\n|faint|p1a: Articuno\n|\n|-heal|p2a: Okidogi|241/262|[from] item: Leftovers\n|upkeep\n|\n|t:|1733889600\n|switch|p1a: Annihilape|Annihilape, L76, M|292/292\n|turn|4\n|\n|t:|1733889613\n|move|p1a: Annihilape|Bulk Up|p1a: Annihilape\n|-boost|p1a: Annihilape|atk|1\n|-boost|p1a: Annihilape|def|1\n|move|p2a: Okidogi|Bulk Up|p2a: Okidogi\n|-boost|p2a: Okidogi|atk|1\n|-boost|p2a: Okidogi|def|1\n|\n|-heal|p2a: Okidogi|257/262|[from] item: Leftovers\n|upkeep\n|turn|5\n|\n|t:|1733889617\n|move|p1a: Annihilape|Bulk Up|p1a: Annihilape\n|-boost|p1a: Annihilape|atk|1\n|-boost|p1a: Annihilape|def|1\n|move|p2a: Okidogi|Bulk Up|p2a: Okidogi\n|-boost|p2a: Okidogi|atk|1\n|-boost|p2a: Okidogi|def|1\n|\n|-heal|p2a: Okidogi|262/262|[from] item: Leftovers\n|upkeep\n|turn|6\n|\n|t:|1733889620\n|move|p1a: Annihilape|Bulk Up|p1a: Annihilape\n|-boost|p1a: Annihilape|atk|1\n|-boost|p1a: Annihilape|def|1\n|move|p2a: Okidogi|Bulk Up|p2a: Okidogi\n|-boost|p2a: Okidogi|atk|1\n|-boost|p2a: Okidogi|def|1\n|\n|upkeep\n|turn|7\n|\n|t:|1733889623\n|move|p1a: Annihilape|Taunt|p2a: Okidogi\n|-start|p2a: Okidogi|move: Taunt\n|cant|p2a: Okidogi|move: Taunt|Bulk Up\n|\n|upkeep\n|turn|8\n|\n|t:|1733889627\n|move|p1a: Annihilape|Bulk Up|p1a: Annihilape\n|-boost|p1a: Annihilape|atk|1\n|-boost|p1a: Annihilape|def|1\n|move|p2a: Okidogi|Knock Off|p1a: Annihilape\n|-damage|p1a: Annihilape|160/292\n|-status|p1a: Annihilape|tox|[from] ability: Toxic Chain|[of] p2a: Okidogi\n|-enditem|p1a: Annihilape|Leftovers|[from] move: Knock Off|[of] p2a: Okidogi\n|\n|-damage|p1a: Annihilape|142/292 tox|[from] psn\n|upkeep\n|turn|9\n|\n|t:|1733889637\n|move|p1a: Annihilape|Drain Punch|p2a: Okidogi\n|-supereffective|p2a: Okidogi\n|-damage|p2a: Okidogi|134/262\n|-heal|p1a: Annihilape|206/292 tox|[from] drain|[of] p2a: Okidogi\n|move|p2a: Okidogi|Knock Off|p1a: Annihilape\n|-crit|p1a: Annihilape\n|-damage|p1a: Annihilape|0 fnt\n|faint|p1a: Annihilape\n|\n|-heal|p2a: Okidogi|150/262|[from] item: Leftovers\n|-end|p2a: Okidogi|move: Taunt\n|upkeep\n|\n|t:|1733889643\n|switch|p1a: Darkrai|Darkrai, L77|211/234\n|turn|10\n|\n|t:|1733889646\n|move|p1a: Darkrai|Focus Blast|p2a: Okidogi\n|-supereffective|p2a: Okidogi\n|-crit|p2a: Okidogi\n|-damage|p2a: Okidogi|0 fnt\n|faint|p2a: Okidogi\n|-damage|p1a: Darkrai|188/234|[from] item: Life Orb\n|\n|upkeep\n|\n|t:|1733889654\n|switch|p2a: Ariados|Ariados, L95, F|287/287\n|turn|11\n|\n|t:|1733889678\n|switch|p1a: Donphan|Donphan, L84, M|288/288\n|move|p2a: Ariados|Sticky Web|p1a: Donphan\n|-sidestart|p1: marleau2112|move: Sticky Web\n|\n|upkeep\n|turn|12\n|\n|t:|1733889685\n|switch|p2a: Exeggutor|Exeggutor, L89, F|312/312\n|move|p1a: Donphan|Knock Off|p2a: Exeggutor\n|-supereffective|p2a: Exeggutor\n|-damage|p2a: Exeggutor|156/312\n|-enditem|p2a: Exeggutor|Sitrus Berry|[from] move: Knock Off|[of] p1a: Donphan\n|\n|upkeep\n|turn|13\n|\n|t:|1733889698\n|-terastallize|p1a: Donphan|Dragon\n|move|p2a: Exeggutor|Sleep Powder|p1a: Donphan|[miss]\n|-miss|p2a: Exeggutor|p1a: Donphan\n|move|p1a: Donphan|Rapid Spin|p2a: Exeggutor\n|-damage|p2a: Exeggutor|112/312\n|-boost|p1a: Donphan|spe|1\n|-sideend|p1: marleau2112|Sticky Web|[from] move: Rapid Spin|[of] p1a: Donphan\n|\n|upkeep\n|turn|14\n|\n|t:|1733889709\n|move|p1a: Donphan|Stealth Rock|p2a: Exeggutor\n|-sidestart|p2: PowerOutage273|move: Stealth Rock\n|move|p2a: Exeggutor|Psychic Noise|p1a: Donphan\n|-damage|p1a: Donphan|146/288\n|-start|p1a: Donphan|move: Heal Block\n|\n|upkeep\n|turn|15\n|\n|t:|1733889712\n|move|p1a: Donphan|Knock Off|p2a: Exeggutor\n|-supereffective|p2a: Exeggutor\n|-damage|p2a: Exeggutor|0 fnt\n|faint|p2a: Exeggutor\n|\n|-end|p1a: Donphan|move: Heal Block\n|upkeep\n|\n|t:|1733889716\n|switch|p2a: Ariados|Ariados, L95, F|287/287\n|turn|16\n|\n|t:|1733889725\n|move|p1a: Donphan|Earthquake|p2a: Ariados\n|-damage|p2a: Ariados|148/287\n|move|p2a: Ariados|Poison Jab|p1a: Donphan\n|-damage|p1a: Donphan|68/288\n|\n|-heal|p1a: Donphan|86/288|[from] item: Leftovers\n|upkeep\n|turn|17\n|\n|t:|1733889739\n|move|p1a: Donphan|Earthquake|p2a: Ariados\n|-crit|p2a: Ariados\n|-damage|p2a: Ariados|0 fnt\n|faint|p2a: Ariados\n|\n|-heal|p1a: Donphan|104/288|[from] item: Leftovers\n|upkeep\n|\n|t:|1733889744\n|switch|p2a: Regidrago|Regidrago, L77|435/435\n|-damage|p2a: Regidrago|381/435|[from] Stealth Rock\n|turn|18\n|\n|t:|1733889753\n|move|p1a: Donphan|Knock Off|p2a: Regidrago\n|-damage|p2a: Regidrago|259/435\n|-enditem|p2a: Regidrago|Life Orb|[from] move: Knock Off|[of] p1a: Donphan\n|move|p2a: Regidrago|Dragon Dance|p2a: Regidrago\n|-boost|p2a: Regidrago|atk|1\n|-boost|p2a: Regidrago|spe|1\n|\n|-heal|p1a: Donphan|122/288|[from] item: Leftovers\n|upkeep\n|turn|19\n|\n|t:|1733889758\n|move|p2a: Regidrago|Dragon Claw|p1a: Donphan\n|-supereffective|p1a: Donphan\n|-damage|p1a: Donphan|0 fnt\n|faint|p1a: Donphan\n|\n|upkeep\n|\n|t:|1733889768\n|switch|p1a: Swalot|Swalot, L90, M|326/326\n|turn|20\n|\n|t:|1733889774\n|move|p2a: Regidrago|Earthquake|p1a: Swalot\n|-supereffective|p1a: Swalot\n|-damage|p1a: Swalot|138/326\n|move|p1a: Swalot|Gunk Shot|p2a: Regidrago\n|-damage|p2a: Regidrago|70/435\n|\n|-heal|p1a: Swalot|158/326|[from] item: Leftovers\n|upkeep\n|turn|21\n|\n|t:|1733889782\n|move|p2a: Regidrago|Earthquake|p1a: Swalot\n|-supereffective|p1a: Swalot\n|-damage|p1a: Swalot|0 fnt\n|faint|p1a: Swalot\n|\n|upkeep\n|\n|t:|1733889800\n|switch|p1a: Kyogre|Kyogre, L71|259/259\n|-weather|RainDance|[from] ability: Drizzle|[of] p1a: Kyogre\n|turn|22\n|\n|t:|1733889804\n|move|p2a: Regidrago|Dragon Claw|p1a: Kyogre\n|-damage|p1a: Kyogre|75/259\n|move|p1a: Kyogre|Ice Beam|p2a: Regidrago\n|-supereffective|p2a: Regidrago\n|-damage|p2a: Regidrago|0 fnt\n|faint|p2a: Regidrago\n|\n|-weather|RainDance|[upkeep]\n|-heal|p1a: Kyogre|91/259|[from] item: Leftovers\n|upkeep\n|\n|t:|1733889815\n|switch|p2a: Gouging Fire|Gouging Fire, L74|277/277\n|turn|23\n|\n|t:|1733889820\n|move|p2a: Gouging Fire|Outrage|p1a: Kyogre\n|-damage|p1a: Kyogre|0 fnt\n|faint|p1a: Kyogre\n|\n|-weather|RainDance|[upkeep]\n|upkeep\n|\n|t:|1733889823\n|switch|p1a: Darkrai|Darkrai, L77|188/234\n|turn|24\n|\n|t:|1733889836\n|move|p1a: Darkrai|Dark Pulse|p2a: Gouging Fire\n|-damage|p2a: Gouging Fire|155/277\n|-damage|p1a: Darkrai|165/234|[from] item: Life Orb\n|cant|p2a: Gouging Fire|flinch\n|\n|-weather|RainDance|[upkeep]\n|upkeep\n|turn|25\n|\n|t:|1733889842\n|move|p1a: Darkrai|Dark Pulse|p2a: Gouging Fire\n|-damage|p2a: Gouging Fire|13/277\n|-damage|p1a: Darkrai|142/234|[from] item: Life Orb\n|move|p2a: Gouging Fire|Outrage|p1a: Darkrai\n|-damage|p1a: Darkrai|21/234\n|\n|-weather|RainDance|[upkeep]\n|upkeep\n|turn|26\n|\n|t:|1733889848\n|move|p1a: Darkrai|Dark Pulse|p2a: Gouging Fire\n|-damage|p2a: Gouging Fire|0 fnt\n|faint|p2a: Gouging Fire\n|-end|p2a: Gouging Fire|Protosynthesis|[silent]\n|-damage|p1a: Darkrai|0 fnt|[from] item: Life Orb\n|faint|p1a: Darkrai\n|\n|win|PowerOutage273\n|raw|marleau2112's rating: 1682 &rarr; <strong>1662</strong><br />(-20 for losing)\n|raw|PowerOutage273's rating: 1674 &rarr; <strong>1694</strong><br />(+20 for winning)\n", "inputlog": ">version bfd83cad13791eb5a5a409923076391caf6fb4d4\n>start {\"formatid\":\"gen9randombattle\",\"seed\":[25338,62523,41863,29120],\"rated\":\"Rated battle\"}\n>player p1 {\"name\":\"marleau2112\",\"avatar\":\"170\",\"rating\":1682,\"seed\":[40875,48702,39365,2975]}\n>player p2 {\"name\":\"PowerOutage273\",\"avatar\":\"volkner\",\"rating\":1674,\"seed\":[38312,63590,13879,27187]}\n>p1 move darkpulse\n>p2 switch 6\n>p1 switch 3\n>p2 move bulkup\n>p1 move freezingglare\n>p2 move knockoff terastallize\n>p1 switch 2\n>p1 move bulkup\n>p2 move bulkup\n>p1 move bulkup\n>p2 move bulkup\n>p1 move bulkup\n>p2 move bulkup\n>p1 move taunt\n>p2 move bulkup\n>p1 move bulkup\n>p2 move knockoff\n>p1 move drainpunch\n>p2 move knockoff\n>p1 switch 3\n>p1 move focusblast\n>p2 move drainpunch\n>p2 switch 4\n>p1 switch 4\n>p2 move stickyweb\n>p1 move knockoff\n>p2 switch 5\n>p1 move rapidspin terastallize\n>p2 move sleeppowder\n>p1 move stealthrock\n>p2 move psychicnoise\n>p1 move knockoff\n>p2 move sleeppowder\n>p2 switch 5\n>p1 move earthquake\n>p2 move poisonjab\n>p1 move earthquake\n>p2 move stickyweb\n>p2 switch 2\n>p1 move knockoff\n>p2 move dragondance\n>p1 move earthquake\n>p2 move dragonclaw\n>p1 switch 6\n>p1 move gunkshot\n>p2 move earthquake\n>p1 move earthquake\n>p2 move earthquake\n>p1 switch 5\n>p1 move icebeam\n>p2 move dragonclaw\n>p2 switch 3\n>p1 move originpulse\n>p2 move outrage\n>p1 switch 4\n>p1 move darkpulse\n>p2 move outrage\n>p1 move darkpulse\n>p2 move outrage\n>p1 move darkpulse\n>p2 move outrage", "uploadtime": 1733889851, "views": 10, "formatid": "gen9randombattle", "rating": 1662, "private": 0, "password": null}