{"id": "gen9randombattle-2260869001", "format": "[Gen 9] Random Battle", "players": ["nihalnoel", "Anderkorta"], "log": "|j|\u2606nihalnoel\n|j|\u2606Anderkorta\n|t:|1733907662\n|gametype|singles\n|player|p1|nihalnoel|266|1319\n|player|p2|Anderkorta|169|1367\n|teamsize|p1|6\n|teamsize|p2|6\n|gen|9\n|tier|[Gen 9] Random Battle\n|rated|\n|rule|Species Clause: Limit one of each Pok\u00e9mon\n|rule|HP Percentage Mod: HP is shown in percentages\n|rule|Sleep Clause Mod: Limit one foe put to sleep\n|rule|Illusion Level Mod: Illusion disguises the Pok\u00e9mon's true level\n|\n|t:|1733907662\n|start\n|switch|p1a: Dusknoir|Dusknoir, L89, F|225/225\n|switch|p2a: Araquanid|Araquanid, L82, F|246/246\n|-item|p2a: Araquanid|Heavy-Duty Boots|[from] ability: Frisk|[of] p1a: Dusknoir\n|turn|1\n|inactive|Battle timer is ON: inactive players will automatically lose when time's up. (requested by Anderkorta)\n|inactive|nihalnoel has 120 seconds left.\n|\n|t:|1733907701\n|move|p1a: Dusknoir|Earthquake|p2a: Araquanid\n|-resisted|p2a: Araquanid\n|-damage|p2a: Araquanid|199/246\n|-damage|p1a: Dusknoir|203/225|[from] item: Life Orb\n|move|p2a: Araquanid|Sticky Web|p1a: Dusknoir\n|-sidestart|p1: nihalnoel|move: Sticky Web\n|\n|upkeep\n|turn|2\n|\n|t:|1733907729\n|move|p1a: Dusknoir|Poltergeist|p2a: Araquanid|[miss]\n|-miss|p1a: Dusknoir|p2a: Araquanid\n|move|p2a: Araquanid|Liquidation|p1a: Dusknoir\n|-damage|p1a: Dusknoir|109/225\n|\n|upkeep\n|turn|3\n|\n|t:|1733907756\n|move|p1a: Dusknoir|Poltergeist|p2a: Araquanid\n|-activate|p2a: Araquanid|move: Poltergeist|Heavy-Duty Boots\n|-damage|p2a: Araquanid|31/246\n|-damage|p1a: Dusknoir|87/225|[from] item: Life Orb\n|move|p2a: Araquanid|Liquidation|p1a: Dusknoir\n|-damage|p1a: Dusknoir|0 fnt\n|faint|p1a: Dusknoir\n|\n|upkeep\n|inactive|nihalnoel has 120 seconds left.\n|\n|t:|1733907777\n|switch|p1a: Furret|Furret, L94, F|312/312\n|-activate|p1a: Furret|move: Sticky Web\n|-unboost|p1a: Furret|spe|1\n|-item|p2a: Araquanid|Heavy-Duty Boots|[from] ability: Frisk|[of] p1a: Furret\n|turn|4\n|inactive|nihalnoel has 120 seconds left.\n|\n|t:|1733907793\n|move|p1a: Furret|Knock Off|p2a: Araquanid\n|-damage|p2a: Araquanid|0 fnt\n|-enditem|p2a: Araquanid|Heavy-Duty Boots|[from] move: Knock Off|[of] p1a: Furret\n|faint|p2a: Araquanid\n|\n|upkeep\n|\n|t:|1733907804\n|switch|p2a: Volcarona|Volcarona, L77, M|257/257\n|turn|5\n|inactive|nihalnoel has 120 seconds left.\n|\n|t:|1733907839\n|switch|p1a: Vespiquen|Vespiquen, L98, F|296/296\n|-ability|p1a: Vespiquen|Pressure\n|move|p2a: Volcarona|Quiver Dance|p2a: Volcarona\n|-boost|p2a: Volcarona|spa|1\n|-boost|p2a: Volcarona|spd|1\n|-boost|p2a: Volcarona|spe|1\n|\n|upkeep\n|turn|6\n|inactive|Anderkorta has 120 seconds left.\n|inactive|Anderkorta has 90 seconds left.\n|\n|t:|1733907902\n|move|p2a: Volcarona|Fire Blast|p1a: Vespiquen\n|-supereffective|p1a: Vespiquen\n|-damage|p1a: Vespiquen|12/296\n|-status|p1a: Vespiquen|brn\n|move|p1a: Vespiquen|Air Slash|p2a: Volcarona\n|-supereffective|p2a: Volcarona\n|-damage|p2a: Volcarona|135/257\n|\n|-damage|p1a: Vespiquen|0 fnt|[from] brn\n|faint|p1a: Vespiquen\n|upkeep\n|inactive|nihalnoel has 90 seconds left.\n|\n|t:|1733907921\n|switch|p1a: Dachsbun|Dachsbun, L92, F|254/254\n|-activate|p1a: Dachsbun|move: Sticky Web\n|-unboost|p1a: Dachsbun|spe|1\n|turn|7\n|inactive|nihalnoel has 90 seconds left.\n|\n|t:|1733907931\n|move|p2a: Volcarona|Morning Sun|p2a: Volcarona\n|-heal|p2a: Volcarona|257/257\n|move|p1a: Dachsbun|Play Rough|p2a: Volcarona\n|-resisted|p2a: Volcarona\n|-damage|p2a: Volcarona|188/257\n|\n|upkeep\n|turn|8\n|inactive|nihalnoel has 90 seconds left.\n|\n|t:|1733907962\n|move|p2a: Volcarona|Quiver Dance|p2a: Volcarona\n|-boost|p2a: Volcarona|spa|1\n|-boost|p2a: Volcarona|spd|1\n|-boost|p2a: Volcarona|spe|1\n|move|p1a: Dachsbun|Stomping Tantrum|p2a: Volcarona\n|-damage|p2a: Volcarona|118/257\n|\n|upkeep\n|turn|9\n|inactive|Anderkorta has 90 seconds left.\n|\n|t:|1733908001\n|move|p2a: Volcarona|Morning Sun|p2a: Volcarona\n|-heal|p2a: Volcarona|246/257\n|move|p1a: Dachsbun|Stomping Tantrum|p2a: Volcarona\n|-damage|p2a: Volcarona|177/257\n|\n|upkeep\n|turn|10\n|\n|t:|1733908016\n|move|p2a: Volcarona|Bug Buzz|p1a: Dachsbun\n|-resisted|p1a: Dachsbun\n|-damage|p1a: Dachsbun|159/254\n|move|p1a: Dachsbun|Stomping Tantrum|p2a: Volcarona\n|-damage|p2a: Volcarona|105/257\n|\n|-heal|p1a: Dachsbun|174/254|[from] item: Leftovers\n|upkeep\n|turn|11\n|inactive|Anderkorta has 90 seconds left.\n|\n|t:|1733908025\n|move|p2a: Volcarona|Quiver Dance|p2a: Volcarona\n|-boost|p2a: Volcarona|spa|1\n|-boost|p2a: Volcarona|spd|1\n|-boost|p2a: Volcarona|spe|1\n|move|p1a: Dachsbun|Wish|p1a: Dachsbun\n|\n|-heal|p1a: Dachsbun|189/254|[from] item: Leftovers\n|upkeep\n|turn|12\n|\n|t:|1733908034\n|move|p2a: Volcarona|Quiver Dance|p2a: Volcarona\n|-boost|p2a: Volcarona|spa|1\n|-boost|p2a: Volcarona|spd|1\n|-boost|p2a: Volcarona|spe|1\n|move|p1a: Dachsbun|Stomping Tantrum|p2a: Volcarona\n|-damage|p2a: Volcarona|33/257\n|\n|-heal|p1a: Dachsbun|254/254|[from] move: Wish|[wisher] Dachsbun\n|upkeep\n|turn|13\n|inactive|nihalnoel has 90 seconds left.\n|\n|t:|1733908045\n|move|p2a: Volcarona|Morning Sun|p2a: Volcarona\n|-heal|p2a: Volcarona|161/257\n|move|p1a: Dachsbun|Stomping Tantrum|p2a: Volcarona\n|-crit|p2a: Volcarona\n|-damage|p2a: Volcarona|56/257\n|\n|upkeep\n|turn|14\n|inactive|nihalnoel has 90 seconds left.\n|\n|t:|1733908054\n|move|p2a: Volcarona|Morning Sun|p2a: Volcarona\n|-heal|p2a: Volcarona|184/257\n|move|p1a: Dachsbun|Stomping Tantrum|p2a: Volcarona\n|-damage|p2a: Volcarona|116/257\n|\n|upkeep\n|turn|15\n|\n|t:|1733908063\n|move|p2a: Volcarona|Morning Sun|p2a: Volcarona\n|-heal|p2a: Volcarona|244/257\n|move|p1a: Dachsbun|Play Rough|p2a: Volcarona\n|-resisted|p2a: Volcarona\n|-damage|p2a: Volcarona|176/257\n|\n|upkeep\n|turn|16\n|inactive|Anderkorta has 120 seconds left.\n|\n|t:|1733908082\n|move|p2a: Volcarona|Bug Buzz|p1a: Dachsbun\n|-resisted|p1a: Dachsbun\n|-damage|p1a: Dachsbun|109/254\n|move|p1a: Dachsbun|Stomping Tantrum|p2a: Volcarona\n|-damage|p2a: Volcarona|108/257\n|\n|-heal|p1a: Dachsbun|124/254|[from] item: Leftovers\n|upkeep\n|turn|17\n|\n|t:|1733908092\n|move|p2a: Volcarona|Bug Buzz|p1a: Dachsbun\n|-resisted|p1a: Dachsbun\n|-damage|p1a: Dachsbun|0 fnt\n|faint|p1a: Dachsbun\n|\n|upkeep\n|\n|t:|1733908102\n|switch|p1a: Sinistcha|Sinistcha-Masterpiece, L83|254/254\n|-activate|p1a: Sinistcha|move: Sticky Web\n|-unboost|p1a: Sinistcha|spe|1\n|turn|18\n|inactive|Anderkorta has 120 seconds left.\n|\n|t:|1733908119\n|-terastallize|p2a: Volcarona|Steel\n|move|p2a: Volcarona|Bug Buzz|p1a: Sinistcha\n|-damage|p1a: Sinistcha|0 fnt\n|faint|p1a: Sinistcha\n|\n|upkeep\n|\n|t:|1733908125\n|switch|p1a: Florges|Florges-Blue, L85, F|271/271\n|-activate|p1a: Florges|move: Sticky Web\n|-unboost|p1a: Florges|spe|1\n|turn|19\n|\n|t:|1733908135\n|move|p2a: Volcarona|Morning Sun|p2a: Volcarona\n|-heal|p2a: Volcarona|236/257\n|move|p1a: Florges|Calm Mind|p1a: Florges\n|-boost|p1a: Florges|spa|1\n|-boost|p1a: Florges|spd|1\n|\n|upkeep\n|turn|20\n|\n|t:|1733908144\n|move|p2a: Volcarona|Quiver Dance|p2a: Volcarona\n|-boost|p2a: Volcarona|spa|1\n|-boost|p2a: Volcarona|spd|1\n|-boost|p2a: Volcarona|spe|1\n|move|p1a: Florges|Calm Mind|p1a: Florges\n|-boost|p1a: Florges|spa|1\n|-boost|p1a: Florges|spd|1\n|\n|upkeep\n|turn|21\n|\n|t:|1733908150\n|move|p2a: Volcarona|Bug Buzz|p1a: Florges\n|-resisted|p1a: Florges\n|-damage|p1a: Florges|217/271\n|-unboost|p1a: Florges|spd|1\n|move|p1a: Florges|Calm Mind|p1a: Florges\n|-boost|p1a: Florges|spa|1\n|-boost|p1a: Florges|spd|1\n|\n|-heal|p1a: Florges|233/271|[from] item: Leftovers\n|upkeep\n|turn|22\n|\n|t:|1733908160\n|move|p2a: Volcarona|Quiver Dance|p2a: Volcarona\n|-boost|p2a: Volcarona|spa|1\n|-boost|p2a: Volcarona|spd|1\n|-boost|p2a: Volcarona|spe|1\n|move|p1a: Florges|Wish|p1a: Florges\n|\n|-heal|p1a: Florges|249/271|[from] item: Leftovers\n|upkeep\n|turn|23\n|inactive|nihalnoel has 120 seconds left.\n|\n|t:|1733908167\n|move|p2a: Volcarona|Fire Blast|p1a: Florges\n|-damage|p1a: Florges|95/271\n|-status|p1a: Florges|brn\n|move|p1a: Florges|Calm Mind|p1a: Florges\n|-boost|p1a: Florges|spa|1\n|-boost|p1a: Florges|spd|1\n|\n|-heal|p1a: Florges|230/271 brn|[from] move: Wish|[wisher] Florges\n|-heal|p1a: Florges|246/271 brn|[from] item: Leftovers\n|-damage|p1a: Florges|230/271 brn|[from] brn\n|upkeep\n|turn|24\n|inactive|nihalnoel has 120 seconds left.\n|\n|t:|1733908183\n|move|p2a: Volcarona|Bug Buzz|p1a: Florges\n|-resisted|p1a: Florges\n|-damage|p1a: Florges|181/271 brn\n|move|p1a: Florges|Calm Mind|p1a: Florges\n|-boost|p1a: Florges|spa|1\n|-boost|p1a: Florges|spd|1\n|\n|-heal|p1a: Florges|197/271 brn|[from] item: Leftovers\n|-damage|p1a: Florges|181/271 brn|[from] brn\n|upkeep\n|turn|25\n|inactive|nihalnoel has 120 seconds left.\n|\n|t:|1733908192\n|move|p1a: Florges|Protect|p1a: Florges\n|-singleturn|p1a: Florges|Protect\n|move|p2a: Volcarona|Bug Buzz|p1a: Florges\n|-activate|p1a: Florges|move: Protect\n|\n|-heal|p1a: Florges|197/271 brn|[from] item: Leftovers\n|-damage|p1a: Florges|181/271 brn|[from] brn\n|upkeep\n|turn|26\n|\n|t:|1733908205\n|move|p2a: Volcarona|Bug Buzz|p1a: Florges\n|-resisted|p1a: Florges\n|-damage|p1a: Florges|138/271 brn\n|move|p1a: Florges|Wish|p1a: Florges\n|\n|-heal|p1a: Florges|154/271 brn|[from] item: Leftovers\n|-damage|p1a: Florges|138/271 brn|[from] brn\n|upkeep\n|turn|27\n|\n|t:|1733908214\n|move|p2a: Volcarona|Bug Buzz|p1a: Florges\n|-resisted|p1a: Florges\n|-damage|p1a: Florges|95/271 brn\n|move|p1a: Florges|Calm Mind|p1a: Florges\n|-boost|p1a: Florges|spa|1\n|-boost|p1a: Florges|spd|1\n|\n|-heal|p1a: Florges|230/271 brn|[from] move: Wish|[wisher] Florges\n|-heal|p1a: Florges|246/271 brn|[from] item: Leftovers\n|-damage|p1a: Florges|230/271 brn|[from] brn\n|upkeep\n|turn|28\n|\n|t:|1733908227\n|move|p2a: Volcarona|Bug Buzz|p1a: Florges\n|-resisted|p1a: Florges\n|-damage|p1a: Florges|195/271 brn\n|move|p1a: Florges|Moonblast|p2a: Volcarona\n|-resisted|p2a: Volcarona\n|-damage|p2a: Volcarona|179/257\n|-unboost|p2a: Volcarona|spa|1\n|\n|-heal|p1a: Florges|211/271 brn|[from] item: Leftovers\n|-damage|p1a: Florges|195/271 brn|[from] brn\n|upkeep\n|turn|29\n|\n|t:|1733908245\n|move|p2a: Volcarona|Fire Blast|p1a: Florges\n|-damage|p1a: Florges|111/271 brn\n|move|p1a: Florges|Wish|p1a: Florges\n|\n|-heal|p1a: Florges|127/271 brn|[from] item: Leftovers\n|-damage|p1a: Florges|111/271 brn|[from] brn\n|upkeep\n|turn|30\n|\n|t:|1733908253\n|move|p1a: Florges|Protect|p1a: Florges\n|-singleturn|p1a: Florges|Protect\n|move|p2a: Volcarona|Fire Blast|p1a: Florges\n|-activate|p1a: Florges|move: Protect\n|\n|-heal|p1a: Florges|246/271 brn|[from] move: Wish|[wisher] Florges\n|-heal|p1a: Florges|262/271 brn|[from] item: Leftovers\n|-damage|p1a: Florges|246/271 brn|[from] brn\n|upkeep\n|turn|31\n|\n|t:|1733908264\n|move|p2a: Volcarona|Fire Blast|p1a: Florges\n|-damage|p1a: Florges|159/271 brn\n|move|p1a: Florges|Moonblast|p2a: Volcarona\n|-resisted|p2a: Volcarona\n|-damage|p2a: Volcarona|122/257\n|\n|-heal|p1a: Florges|175/271 brn|[from] item: Leftovers\n|-damage|p1a: Florges|159/271 brn|[from] brn\n|upkeep\n|turn|32\n|\n|t:|1733908280\n|move|p2a: Volcarona|Fire Blast|p1a: Florges\n|-damage|p1a: Florges|77/271 brn\n|move|p1a: Florges|Wish|p1a: Florges\n|\n|-heal|p1a: Florges|93/271 brn|[from] item: Leftovers\n|-damage|p1a: Florges|77/271 brn|[from] brn\n|upkeep\n|turn|33\n|\n|t:|1733908302\n|move|p1a: Florges|Protect|p1a: Florges\n|-singleturn|p1a: Florges|Protect\n|move|p2a: Volcarona|Fire Blast|p1a: Florges\n|-activate|p1a: Florges|move: Protect\n|\n|-heal|p1a: Florges|212/271 brn|[from] move: Wish|[wisher] Florges\n|-heal|p1a: Florges|228/271 brn|[from] item: Leftovers\n|-damage|p1a: Florges|212/271 brn|[from] brn\n|upkeep\n|turn|34\n|\n|t:|1733908313\n|move|p2a: Volcarona|Morning Sun|p2a: Volcarona\n|-heal|p2a: Volcarona|250/257\n|move|p1a: Florges|Wish|p1a: Florges\n|\n|-heal|p1a: Florges|228/271 brn|[from] item: Leftovers\n|-damage|p1a: Florges|212/271 brn|[from] brn\n|upkeep\n|turn|35\n|\n|t:|1733908321\n|move|p2a: Volcarona|Bug Buzz|p1a: Florges\n|-resisted|p1a: Florges\n|-damage|p1a: Florges|178/271 brn\n|-unboost|p1a: Florges|spd|1\n|move|p1a: Florges|Moonblast|p2a: Volcarona\n|-resisted|p2a: Volcarona\n|-damage|p2a: Volcarona|197/257\n|\n|-heal|p1a: Florges|271/271 brn|[from] move: Wish|[wisher] Florges\n|-damage|p1a: Florges|255/271 brn|[from] brn\n|upkeep\n|turn|36\n|\n|t:|1733908331\n|move|p2a: Volcarona|Bug Buzz|p1a: Florges\n|-resisted|p1a: Florges\n|-damage|p1a: Florges|219/271 brn\n|move|p1a: Florges|Moonblast|p2a: Volcarona\n|-resisted|p2a: Volcarona\n|-damage|p2a: Volcarona|140/257\n|-unboost|p2a: Volcarona|spa|1\n|\n|-heal|p1a: Florges|235/271 brn|[from] item: Leftovers\n|-damage|p1a: Florges|219/271 brn|[from] brn\n|upkeep\n|turn|37\n|\n|t:|1733908344\n|move|p2a: Volcarona|Bug Buzz|p1a: Florges\n|-resisted|p1a: Florges\n|-damage|p1a: Florges|187/271 brn\n|move|p1a: Florges|Moonblast|p2a: Volcarona\n|-resisted|p2a: Volcarona\n|-damage|p2a: Volcarona|88/257\n|-unboost|p2a: Volcarona|spa|1\n|\n|-heal|p1a: Florges|203/271 brn|[from] item: Leftovers\n|-damage|p1a: Florges|187/271 brn|[from] brn\n|upkeep\n|turn|38\n|\n|t:|1733908355\n|move|p2a: Volcarona|Quiver Dance|p2a: Volcarona\n|-boost|p2a: Volcarona|spa|1\n|-boost|p2a: Volcarona|spd|0\n|-boost|p2a: Volcarona|spe|0\n|move|p1a: Florges|Wish|p1a: Florges\n|\n|-heal|p1a: Florges|203/271 brn|[from] item: Leftovers\n|-damage|p1a: Florges|187/271 brn|[from] brn\n|upkeep\n|turn|39\n|\n|t:|1733908362\n|move|p2a: Volcarona|Quiver Dance|p2a: Volcarona\n|-boost|p2a: Volcarona|spa|1\n|-boost|p2a: Volcarona|spd|0\n|-boost|p2a: Volcarona|spe|0\n|move|p1a: Florges|Moonblast|p2a: Volcarona\n|-resisted|p2a: Volcarona\n|-damage|p2a: Volcarona|31/257\n|\n|-heal|p1a: Florges|271/271 brn|[from] move: Wish|[wisher] Florges\n|-damage|p1a: Florges|255/271 brn|[from] brn\n|upkeep\n|turn|40\n|\n|t:|1733908372\n|move|p2a: Volcarona|Morning Sun|p2a: Volcarona\n|-heal|p2a: Volcarona|159/257\n|move|p1a: Florges|Moonblast|p2a: Volcarona\n|-resisted|p2a: Volcarona\n|-damage|p2a: Volcarona|101/257\n|\n|-heal|p1a: Florges|271/271 brn|[from] item: Leftovers\n|-damage|p1a: Florges|255/271 brn|[from] brn\n|upkeep\n|turn|41\n|\n|t:|1733908381\n|move|p2a: Volcarona|Bug Buzz|p1a: Florges\n|-resisted|p1a: Florges\n|-damage|p1a: Florges|214/271 brn\n|move|p1a: Florges|Moonblast|p2a: Volcarona\n|-resisted|p2a: Volcarona\n|-damage|p2a: Volcarona|49/257\n|-unboost|p2a: Volcarona|spa|1\n|\n|-heal|p1a: Florges|230/271 brn|[from] item: Leftovers\n|-damage|p1a: Florges|214/271 brn|[from] brn\n|upkeep\n|turn|42\n|\n|t:|1733908391\n|move|p2a: Volcarona|Bug Buzz|p1a: Florges\n|-resisted|p1a: Florges\n|-damage|p1a: Florges|165/271 brn\n|move|p1a: Florges|Moonblast|p2a: Volcarona\n|-resisted|p2a: Volcarona\n|-damage|p2a: Volcarona|0 fnt\n|faint|p2a: Volcarona\n|\n|-heal|p1a: Florges|181/271 brn|[from] item: Leftovers\n|-damage|p1a: Florges|165/271 brn|[from] brn\n|upkeep\n|\n|t:|1733908400\n|switch|p2a: Regirock|Regirock, L83|268/268\n|turn|43\n|\n|t:|1733908409\n|move|p2a: Regirock|Stone Edge|p1a: Florges\n|-damage|p1a: Florges|30/271 brn\n|move|p1a: Florges|Wish|p1a: Florges\n|\n|-heal|p1a: Florges|46/271 brn|[from] item: Leftovers\n|-damage|p1a: Florges|30/271 brn|[from] brn\n|upkeep\n|turn|44\n|\n|t:|1733908422\n|move|p1a: Florges|Protect|p1a: Florges\n|-singleturn|p1a: Florges|Protect\n|move|p2a: Regirock|Stone Edge|p1a: Florges\n|-activate|p1a: Florges|move: Protect\n|\n|-heal|p1a: Florges|165/271 brn|[from] move: Wish|[wisher] Florges\n|-heal|p1a: Florges|181/271 brn|[from] item: Leftovers\n|-damage|p1a: Florges|165/271 brn|[from] brn\n|upkeep\n|turn|45\n|\n|t:|1733908431\n|move|p2a: Regirock|Stone Edge|p1a: Florges\n|-damage|p1a: Florges|32/271 brn\n|move|p1a: Florges|Moonblast|p2a: Regirock\n|-crit|p2a: Regirock\n|-damage|p2a: Regirock|0 fnt\n|faint|p2a: Regirock\n|\n|-heal|p1a: Florges|48/271 brn|[from] item: Leftovers\n|-damage|p1a: Florges|32/271 brn|[from] brn\n|upkeep\n|\n|t:|1733908454\n|switch|p2a: Polteageist|Polteageist, L79|224/224\n|turn|46\n|\n|t:|1733908465\n|move|p1a: Florges|Protect|p1a: Florges\n|-singleturn|p1a: Florges|Protect\n|move|p2a: Polteageist|Shadow Ball|p1a: Florges\n|-activate|p1a: Florges|move: Protect\n|\n|-heal|p1a: Florges|48/271 brn|[from] item: Leftovers\n|-damage|p1a: Florges|32/271 brn|[from] brn\n|upkeep\n|turn|47\n|\n|t:|1733908475\n|move|p2a: Polteageist|Shadow Ball|p1a: Florges\n|-damage|p1a: Florges|11/271 brn\n|-unboost|p1a: Florges|spd|1\n|move|p1a: Florges|Wish|p1a: Florges\n|\n|-heal|p1a: Florges|27/271 brn|[from] item: Leftovers\n|-damage|p1a: Florges|11/271 brn|[from] brn\n|upkeep\n|turn|48\n|\n|t:|1733908483\n|move|p1a: Florges|Protect|p1a: Florges\n|-singleturn|p1a: Florges|Protect\n|move|p2a: Polteageist|Shell Smash|p2a: Polteageist\n|-unboost|p2a: Polteageist|def|1\n|-unboost|p2a: Polteageist|spd|1\n|-boost|p2a: Polteageist|atk|2\n|-boost|p2a: Polteageist|spa|2\n|-boost|p2a: Polteageist|spe|2\n|-enditem|p2a: Polteageist|White Herb\n|-clearnegativeboost|p2a: Polteageist|[silent]\n|\n|-heal|p1a: Florges|146/271 brn|[from] move: Wish|[wisher] Florges\n|-heal|p1a: Florges|162/271 brn|[from] item: Leftovers\n|-damage|p1a: Florges|146/271 brn|[from] brn\n|upkeep\n|turn|49\n|\n|t:|1733908496\n|move|p2a: Polteageist|Stored Power|p1a: Florges\n|-damage|p1a: Florges|87/271 brn\n|move|p1a: Florges|Wish|p1a: Florges\n|\n|-heal|p1a: Florges|103/271 brn|[from] item: Leftovers\n|-damage|p1a: Florges|87/271 brn|[from] brn\n|upkeep\n|turn|50\n|\n|t:|1733908503\n|move|p1a: Florges|Protect|p1a: Florges\n|-singleturn|p1a: Florges|Protect\n|move|p2a: Polteageist|Shell Smash|p2a: Polteageist\n|-unboost|p2a: Polteageist|def|1\n|-unboost|p2a: Polteageist|spd|1\n|-boost|p2a: Polteageist|atk|2\n|-boost|p2a: Polteageist|spa|2\n|-boost|p2a: Polteageist|spe|2\n|\n|-heal|p1a: Florges|222/271 brn|[from] move: Wish|[wisher] Florges\n|-heal|p1a: Florges|238/271 brn|[from] item: Leftovers\n|-damage|p1a: Florges|222/271 brn|[from] brn\n|upkeep\n|turn|51\n|\n|t:|1733908515\n|move|p2a: Polteageist|Stored Power|p1a: Florges\n|-damage|p1a: Florges|63/271 brn\n|move|p1a: Florges|Moonblast|p2a: Polteageist\n|-damage|p2a: Polteageist|0 fnt\n|faint|p2a: Polteageist\n|\n|-heal|p1a: Florges|79/271 brn|[from] item: Leftovers\n|-damage|p1a: Florges|63/271 brn|[from] brn\n|upkeep\n|\n|t:|1733908524\n|switch|p2a: Uxie|Uxie, L83|260/260\n|turn|52\n|\n|t:|1733908536\n|move|p2a: Uxie|Psychic Noise|p1a: Florges\n|-damage|p1a: Florges|45/271 brn\n|-start|p1a: Florges|move: Heal Block\n|cant|p1a: Florges|move: Heal Block|Wish\n|\n|-damage|p1a: Florges|29/271 brn|[from] brn\n|upkeep\n|turn|53\n|\n|t:|1733908551\n|move|p2a: Uxie|U-turn|p1a: Florges\n|-resisted|p1a: Florges\n|-damage|p1a: Florges|7/271 brn\n|\n|t:|1733908554\n|switch|p2a: Girafarig|Girafarig, L89, F|269/269|[from] U-turn\n|move|p1a: Florges|Moonblast|p2a: Girafarig\n|-damage|p2a: Girafarig|0 fnt\n|faint|p2a: Girafarig\n|\n|-damage|p1a: Florges|0 fnt|[from] brn\n|faint|p1a: Florges\n|upkeep\n|\n|t:|1733908564\n|switch|p2a: Uxie|Uxie, L83|260/260\n|switch|p1a: Furret|Furret, L94, F|312/312\n|-activate|p1a: Furret|move: Sticky Web\n|-unboost|p1a: Furret|spe|1\n|-item|p2a: Uxie|Leftovers|[from] ability: Frisk|[of] p1a: Furret\n|turn|54\n|\n|t:|1733908575\n|move|p2a: Uxie|Thunder Wave|p1a: Furret|[miss]\n|-miss|p2a: Uxie|p1a: Furret\n|move|p1a: Furret|Knock Off|p2a: Uxie\n|-supereffective|p2a: Uxie\n|-damage|p2a: Uxie|92/260\n|-enditem|p2a: Uxie|Leftovers|[from] move: Knock Off|[of] p1a: Furret\n|\n|upkeep\n|turn|55\n|\n|t:|1733908584\n|-terastallize|p1a: Furret|Ghost\n|move|p2a: Uxie|Thunder Wave|p1a: Furret\n|-status|p1a: Furret|par\n|move|p1a: Furret|Knock Off|p2a: Uxie\n|-supereffective|p2a: Uxie\n|-damage|p2a: Uxie|0 fnt\n|faint|p2a: Uxie\n|\n|win|nihalnoel\n|raw|nihalnoel's rating: 1319 &rarr; <strong>1342</strong><br />(+23 for winning)\n|raw|Anderkorta's rating: 1367 &rarr; <strong>1344</strong><br />(-23 for losing)\n|l|\u2606Anderkorta\n|player|p2|\n|c|\u2606nihalnoel|gg\n", "inputlog": ">version bfd83cad13791eb5a5a409923076391caf6fb4d4\n>start {\"formatid\":\"gen9randombattle\",\"seed\":[38051,30667,20581,2584],\"rated\":\"Rated battle\"}\n>player p1 {\"name\":\"nihalnoel\",\"avatar\":\"266\",\"rating\":1319,\"seed\":[64375,39232,17424,37392]}\n>player p2 {\"name\":\"Anderkorta\",\"avatar\":\"169\",\"rating\":1367,\"seed\":[16811,33879,5026,3382]}\n>p1 move earthquake\n>p2 move stickyweb\n>p1 move poltergeist\n>p2 move liquidation\n>p1 move poltergeist\n>p2 move liquidation\n>p1 switch 5\n>p1 move knockoff\n>p2 move liquidation\n>p2 switch 2\n>p1 switch 4\n>p2 move quiverdance\n>p1 move airslash\n>p2 move fireblast\n>p1 switch 6\n>p1 move playrough\n>p2 move morningsun\n>p1 move stompingtantrum\n>p2 move quiverdance\n>p1 move stompingtantrum\n>p2 move morningsun\n>p1 move stompingtantrum\n>p2 move bugbuzz\n>p1 move wish\n>p2 move quiverdance\n>p1 move stompingtantrum\n>p2 move quiverdance\n>p1 move stompingtantrum\n>p2 move morningsun\n>p1 move stompingtantrum\n>p2 move morningsun\n>p1 move playrough\n>p2 move morningsun\n>p1 move stompingtantrum\n>p2 move bugbuzz\n>p1 move wish\n>p2 move bugbuzz\n>p1 switch 2\n>p1 move strengthsap\n>p2 move bugbuzz terastallize\n>p1 switch 3\n>p1 move calmmind\n>p2 move morningsun\n>p1 move calmmind\n>p2 move quiverdance\n>p1 move calmmind\n>p2 move bugbuzz\n>p1 move wish\n>p2 move quiverdance\n>p1 move calmmind\n>p2 move fireblast\n>p1 move calmmind\n>p2 move bugbuzz\n>p1 move protect\n>p2 move bugbuzz\n>p1 move wish\n>p2 move bugbuzz\n>p1 move calmmind\n>p2 move bugbuzz\n>p1 move moonblast\n>p2 move bugbuzz\n>p1 move wish\n>p2 move fireblast\n>p1 move protect\n>p2 move fireblast\n>p1 move moonblast\n>p2 move fireblast\n>p1 move wish\n>p2 move fireblast\n>p1 move protect\n>p2 move fireblast\n>p1 move wish\n>p2 move morningsun\n>p1 move moonblast\n>p2 move bugbuzz\n>p1 move moonblast\n>p2 move bugbuzz\n>p1 move moonblast\n>p2 move bugbuzz\n>p1 move wish\n>p2 move quiverdance\n>p1 move moonblast\n>p2 move quiverdance\n>p1 move moonblast\n>p2 move morningsun\n>p1 move moonblast\n>p2 move bugbuzz\n>p1 move moonblast\n>p2 move bugbuzz\n>p2 switch 6\n>p1 move wish\n>p2 move stoneedge\n>p1 move protect\n>p2 move stoneedge\n>p1 move moonblast\n>p2 move stoneedge\n>p2 switch 4\n>p1 move protect\n>p2 move shadowball\n>p1 move wish\n>p2 move shadowball\n>p1 move protect\n>p2 move shellsmash\n>p1 move wish\n>p2 move storedpower\n>p1 move protect\n>p2 move shellsmash\n>p1 move moonblast\n>p2 move storedpower\n>p2 switch 3\n>p1 move wish\n>p2 move psychicnoise\n>p1 move moonblast\n>p2 move uturn\n>p2 switch 5\n>p1 switch 4\n>p2 switch 5\n>p1 move knockoff\n>p2 move thunderwave\n>p1 move knockoff terastallize\n>p2 move thunderwave", "uploadtime": 1733908601, "views": 1, "formatid": "gen9randombattle", "rating": 1342, "private": 0, "password": null}