{"id": "gen9randombattle-2142496504", "format": "[Gen 9] Random Battle", "players": ["Alfhan", "cucumber311"], "log": "|j|\u2606Alfhan\n|j|\u2606cucumber311\n|t:|1718280997\n|gametype|singles\n|player|p1|Alfhan|acetrainer-gen4dp|2203\n|player|p2|cucumber311|lillie-masters|2258\n|teamsize|p1|6\n|teamsize|p2|6\n|gen|9\n|tier|[Gen 9] Random Battle\n|rated|\n|rule|Species Clause: Limit one of each Pok\u00e9mon\n|rule|HP Percentage Mod: HP is shown in percentages\n|rule|Sleep Clause Mod: Limit one foe put to sleep\n|rule|Illusion Level Mod: Illusion disguises the Pok\u00e9mon's true level\n|\n|t:|1718280997\n|start\n|switch|p1a: Archaludon|Archaludon, L78, M|268/268\n|switch|p2a: Dragapult|Dragapult, L77, F|262/262\n|turn|1\n|\n|t:|1718281015\n|switch|p2a: Oranguru|Oranguru, L92, M|315/315\n|move|p1a: Archaludon|Draco Meteor|p2a: Oranguru\n|-damage|p2a: Oranguru|200/315\n|-unboost|p1a: Archaludon|spa|2\n|\n|upkeep\n|turn|2\n|inactive|Battle timer is ON: inactive players will automatically lose when time's up. (requested by cucumber311)\n|inactive|Alfhan has 120 seconds left.\n|\n|t:|1718281094\n|switch|p1a: Zebstrika|Zebstrika, L88, M|275/275\n|move|p2a: Oranguru|Hyper Voice|p1a: Zebstrika\n|-damage|p1a: Zebstrika|65/275\n|\n|upkeep\n|turn|3\n|\n|t:|1718281115\n|move|p1a: Zebstrika|Volt Switch|p2a: Oranguru\n|-damage|p2a: Oranguru|134/315\n|-damage|p1a: Zebstrika|38/275|[from] item: Life Orb\n|inactive|Alfhan has 120 seconds left.\n|\n|t:|1718281131\n|switch|p1a: Annihilape|Annihilape, L76, M|292/292|[from] Volt Switch\n|move|p2a: Oranguru|Hyper Voice|p1a: Annihilape\n|-immune|p1a: Annihilape\n|\n|upkeep\n|turn|4\n|inactive|Alfhan has 120 seconds left.\n|\n|t:|1718281158\n|switch|p1a: Zebstrika|Zebstrika, L88, M|38/275\n|switch|p2a: Victreebel|Victreebel, L90, F|290/290\n|\n|upkeep\n|turn|5\n|\n|t:|1718281164\n|move|p2a: Victreebel|Sucker Punch|p1a: Zebstrika\n|-damage|p1a: Zebstrika|0 fnt\n|faint|p1a: Zebstrika\n|-damage|p2a: Victreebel|261/290|[from] item: Life Orb\n|\n|upkeep\n|\n|t:|1718281171\n|switch|p1a: Rayquaza|Rayquaza, L72|270/270\n|-ability|p1a: Rayquaza|Air Lock\n|turn|6\n|\n|t:|1718281184\n|switch|p2a: Dewgong|Dewgong, L93, M|318/318\n|move|p1a: Rayquaza|Dragon Ascent|p2a: Dewgong\n|-damage|p2a: Dewgong|189/318\n|-unboost|p1a: Rayquaza|def|1\n|-unboost|p1a: Rayquaza|spd|1\n|\n|upkeep\n|turn|7\n|\n|t:|1718281194\n|switch|p1a: Registeel|Registeel, L82|265/265\n|move|p2a: Dewgong|Ice Beam|p1a: Registeel\n|-resisted|p1a: Registeel\n|-damage|p1a: Registeel|233/265\n|\n|upkeep\n|turn|8\n|\n|t:|1718281205\n|move|p2a: Dewgong|Knock Off|p1a: Registeel\n|-damage|p1a: Registeel|192/265\n|-enditem|p1a: Registeel|Chesto Berry|[from] move: Knock Off|[of] p2a: Dewgong\n|move|p1a: Registeel|Iron Head|p2a: Dewgong\n|-damage|p2a: Dewgong|128/318\n|\n|upkeep\n|turn|9\n|\n|t:|1718281216\n|move|p2a: Dewgong|Surf|p1a: Registeel\n|-damage|p1a: Registeel|135/265\n|move|p1a: Registeel|Iron Head|p2a: Dewgong\n|-crit|p2a: Dewgong\n|-damage|p2a: Dewgong|29/318\n|\n|upkeep\n|turn|10\n|\n|t:|1718281227\n|move|p2a: Dewgong|Surf|p1a: Registeel\n|-damage|p1a: Registeel|68/265\n|move|p1a: Registeel|Iron Head|p2a: Dewgong\n|-damage|p2a: Dewgong|0 fnt\n|faint|p2a: Dewgong\n|\n|upkeep\n|\n|t:|1718281238\n|switch|p2a: Dragapult|Dragapult, L77, F|262/262\n|turn|11\n|\n|t:|1718281250\n|move|p2a: Dragapult|Fire Blast|p1a: Registeel\n|-supereffective|p1a: Registeel\n|-damage|p1a: Registeel|0 fnt\n|faint|p1a: Registeel\n|-damage|p2a: Dragapult|236/262|[from] item: Life Orb\n|\n|upkeep\n|\n|t:|1718281255\n|switch|p1a: Archaludon|Archaludon, L78, M|268/268\n|turn|12\n|\n|t:|1718281259\n|switch|p2a: Perrserker|Perrserker, L89, F|269/269\n|move|p1a: Archaludon|Draco Meteor|p2a: Perrserker\n|-resisted|p2a: Perrserker\n|-damage|p2a: Perrserker|185/269\n|-unboost|p1a: Archaludon|spa|2\n|\n|upkeep\n|turn|13\n|\n|t:|1718281268\n|switch|p1a: Annihilape|Annihilape, L76, M|292/292\n|move|p2a: Perrserker|Iron Head|p1a: Annihilape\n|-damage|p1a: Annihilape|88/292\n|-damage|p2a: Perrserker|159/269|[from] item: Life Orb\n|\n|-heal|p1a: Annihilape|106/292|[from] item: Leftovers\n|upkeep\n|turn|14\n|\n|t:|1718281276\n|move|p1a: Annihilape|Drain Punch|p2a: Perrserker\n|-supereffective|p2a: Perrserker\n|-damage|p2a: Perrserker|27/269\n|-heal|p1a: Annihilape|172/292|[from] drain|[of] p2a: Perrserker\n|move|p2a: Perrserker|Iron Head|p1a: Annihilape\n|-damage|p1a: Annihilape|0 fnt\n|faint|p1a: Annihilape\n|-damage|p2a: Perrserker|1/269|[from] item: Life Orb\n|\n|upkeep\n|\n|t:|1718281290\n|switch|p1a: Rayquaza|Rayquaza, L72|270/270\n|-ability|p1a: Rayquaza|Air Lock\n|turn|15\n|\n|t:|1718281301\n|switch|p1a: Archaludon|Archaludon, L78, M|268/268\n|move|p2a: Perrserker|Iron Head|p1a: Archaludon\n|-resisted|p1a: Archaludon\n|-damage|p1a: Archaludon|202/268\n|-ability|p1a: Archaludon|Stamina|boost\n|-boost|p1a: Archaludon|def|1\n|-damage|p2a: Perrserker|0 fnt|[from] item: Life Orb\n|faint|p2a: Perrserker\n|\n|upkeep\n|\n|t:|1718281313\n|switch|p2a: Oranguru|Oranguru, L92, M|134/315\n|turn|16\n|\n|t:|1718281321\n|move|p1a: Archaludon|Flash Cannon|p2a: Oranguru\n|-damage|p2a: Oranguru|61/315\n|move|p2a: Oranguru|Focus Blast|p1a: Archaludon\n|-supereffective|p1a: Archaludon\n|-damage|p1a: Archaludon|0 fnt\n|faint|p1a: Archaludon\n|\n|upkeep\n|\n|t:|1718281326\n|switch|p1a: Rayquaza|Rayquaza, L72|270/270\n|-ability|p1a: Rayquaza|Air Lock\n|turn|17\n|\n|t:|1718281332\n|move|p1a: Rayquaza|Dragon Dance|p1a: Rayquaza\n|-boost|p1a: Rayquaza|atk|1\n|-boost|p1a: Rayquaza|spe|1\n|move|p2a: Oranguru|Focus Blast|p1a: Rayquaza\n|-resisted|p1a: Rayquaza\n|-damage|p1a: Rayquaza|183/270\n|\n|upkeep\n|turn|18\n|\n|t:|1718281340\n|move|p1a: Rayquaza|Earthquake|p2a: Oranguru\n|-damage|p2a: Oranguru|0 fnt\n|faint|p2a: Oranguru\n|\n|upkeep\n|\n|t:|1718281345\n|switch|p2a: Victreebel|Victreebel, L90, F|261/290\n|turn|19\n|\n|t:|1718281349\n|-terastallize|p1a: Rayquaza|Flying\n|move|p1a: Rayquaza|Dragon Ascent|p2a: Victreebel\n|-supereffective|p2a: Victreebel\n|-damage|p2a: Victreebel|0 fnt\n|-unboost|p1a: Rayquaza|def|1\n|-unboost|p1a: Rayquaza|spd|1\n|faint|p2a: Victreebel\n|\n|upkeep\n|\n|t:|1718281366\n|switch|p2a: Dragapult|Dragapult, L77, F|236/262\n|turn|20\n|\n|t:|1718281371\n|move|p1a: Rayquaza|Dragon Ascent|p2a: Dragapult\n|-damage|p2a: Dragapult|0 fnt\n|-unboost|p1a: Rayquaza|def|1\n|-unboost|p1a: Rayquaza|spd|1\n|faint|p2a: Dragapult\n|\n|upkeep\n|\n|t:|1718281377\n|switch|p2a: Zekrom|Zekrom, L71|259/259\n|-ability|p2a: Zekrom|Teravolt\n|turn|21\n|\n|t:|1718281386\n|-terastallize|p2a: Zekrom|Electric\n|move|p1a: Rayquaza|Outrage|p2a: Zekrom\n|-damage|p2a: Zekrom|84/259\n|move|p2a: Zekrom|Dragon Dance|p2a: Zekrom\n|-boost|p2a: Zekrom|atk|1\n|-boost|p2a: Zekrom|spe|1\n|\n|-heal|p2a: Zekrom|100/259|[from] item: Leftovers\n|upkeep\n|turn|22\n|c|\u2606Alfhan|gg\n|\n|t:|1718281396\n|move|p1a: Rayquaza|Outrage|p2a: Zekrom|[from]lockedmove\n|-damage|p2a: Zekrom|0 fnt\n|faint|p2a: Zekrom\n|-start|p1a: Rayquaza|confusion|[fatigue]\n|\n|win|Alfhan\n|raw|Alfhan's rating: 2203 &rarr; <strong>2226</strong><br />(+23 for winning)\n|raw|cucumber311's rating: 2258 &rarr; <strong>2235</strong><br />(-23 for losing)\n|l|\u2606cucumber311\n|player|p2|\n|l|\u2606Alfhan\n|player|p1|\n", "inputlog": ">version e046c5ea766451ca9500a73fe72ec774e92e6f7e\n>start {\"formatid\":\"gen9randombattle\",\"seed\":[64584,46766,62124,34750],\"rated\":\"Rated battle\"}\n>player p1 {\"name\":\"Alfhan\",\"avatar\":\"acetrainer-gen4dp\",\"rating\":2203,\"seed\":[61889,30267,25445,9727]}\n>player p2 {\"name\":\"cucumber311\",\"avatar\":\"lillie-masters\",\"rating\":2258,\"seed\":[17384,13678,55343,21003]}\n>p1 move dracometeor\n>p2 switch 5\n>p1 switch 2\n>p2 move hypervoice\n>p1 move voltswitch\n>p2 move hypervoice\n>p1 switch 4\n>p1 switch 4\n>p2 switch 3\n>p1 move overheat\n>p2 move suckerpunch\n>p1 switch 5\n>p1 move dragonascent\n>p2 switch 2\n>p1 switch 3\n>p2 move icebeam\n>p1 move ironhead\n>p2 move knockoff\n>p1 move ironhead\n>p2 move surf\n>p1 move ironhead\n>p2 move surf\n>p2 switch 5\n>p1 move ironhead\n>p2 move fireblast\n>p1 switch 2\n>p1 move dracometeor\n>p2 switch 6\n>p1 switch 4\n>p2 move ironhead\n>p1 move drainpunch\n>p2 move ironhead\n>p1 switch 3\n>p1 switch 4\n>p2 move ironhead\n>p2 switch 3\n>p1 move flashcannon\n>p2 move focusblast\n>p1 switch 4\n>p1 move dragondance\n>p2 move focusblast\n>p1 move earthquake\n>p2 move focusblast\n>p2 switch 2\n>p1 move dragonascent terastallize\n>p2 move sleeppowder\n>p2 switch 6\n>p1 move dragonascent\n>p2 move dragondarts\n>p2 switch 4\n>p1 move outrage\n>p2 move dragondance terastallize\n>chat \u2606Alfhan|gg\n>p1 move outrage\n>p2 move boltstrike", "uploadtime": 1718281409, "views": 180, "formatid": "gen9randombattle", "rating": 2226, "private": 0, "password": null}