{"id": "gen9randombattle-2156999443", "format": "[Gen 9] Random Battle", "players": ["i plead the 5", "Overlord0"], "log": "|j|\u203di plead the 5\n|j|\u2606Overlord0\n|t:|1720401737\n|gametype|singles\n|player|p1|i plead the 5|lucas|2287\n|player|p2|Overlord0|102|2234\n|teamsize|p1|6\n|teamsize|p2|6\n|gen|9\n|tier|[Gen 9] Random Battle\n|rated|\n|rule|Species Clause: Limit one of each Pok\u00e9mon\n|rule|HP Percentage Mod: HP is shown in percentages\n|rule|Sleep Clause Mod: Limit one foe put to sleep\n|rule|Illusion Level Mod: Illusion disguises the Pok\u00e9mon's true level\n|\n|t:|1720401737\n|start\n|switch|p1a: Iron Leaves|Iron Leaves, L80|275/275\n|switch|p2a: Barraskewda|Barraskewda, L81, M|231/231\n|turn|1\n|inactive|Battle timer is ON: inactive players will automatically lose when time's up. (requested by i plead the 5)\n|c|\u2606Overlord0|hf\n|\n|t:|1720401760\n|move|p2a: Barraskewda|Flip Turn|p1a: Iron Leaves\n|-resisted|p1a: Iron Leaves\n|-crit|p1a: Iron Leaves\n|-damage|p1a: Iron Leaves|187/275\n|\n|t:|1720401770\n|switch|p2a: Dipplin|Dipplin, L88, M|284/284|[from] Flip Turn\n|move|p1a: Iron Leaves|Leaf Blade|p2a: Dipplin\n|-resisted|p2a: Dipplin\n|-damage|p2a: Dipplin|262/284\n|\n|upkeep\n|turn|2\n|\n|t:|1720401777\n|-end|p1a: Iron Leaves|Quark Drive|[silent]\n|switch|p1a: Furret|Furret, L93, M|309/309\n|-item|p2a: Dipplin|Eviolite|[from] ability: Frisk|[of] p1a: Furret|[identify]\n|move|p2a: Dipplin|Dragon Pulse|p1a: Furret\n|-damage|p1a: Furret|180/309\n|\n|upkeep\n|turn|3\n|\n|t:|1720401782\n|move|p1a: Furret|Double-Edge|p2a: Dipplin\n|-damage|p2a: Dipplin|157/284\n|-damage|p1a: Furret|145/309|[from] Recoil\n|move|p2a: Dipplin|Giga Drain|p1a: Furret\n|-damage|p1a: Furret|33/309\n|-heal|p2a: Dipplin|213/284|[from] drain|[of] p1a: Furret\n|\n|upkeep\n|turn|4\n|inactive|i plead the 5 has 120 seconds left.\n|\n|t:|1720401815\n|switch|p1a: Kommo-o|Kommo-o, L78, M|245/245\n|move|p2a: Dipplin|Recover|p2a: Dipplin\n|-heal|p2a: Dipplin|284/284\n|\n|upkeep\n|turn|5\n|\n|t:|1720401820\n|move|p1a: Kommo-o|Clanging Scales|p2a: Dipplin\n|-supereffective|p2a: Dipplin\n|-damage|p2a: Dipplin|126/284\n|-unboost|p1a: Kommo-o|def|1\n|-enditem|p1a: Kommo-o|Throat Spray\n|-boost|p1a: Kommo-o|spa|1|[from] item: Throat Spray\n|move|p2a: Dipplin|Dragon Pulse|p1a: Kommo-o\n|-supereffective|p1a: Kommo-o\n|-damage|p1a: Kommo-o|53/245\n|\n|upkeep\n|turn|6\n|inactive|i plead the 5 has 120 seconds left.\n|\n|t:|1720401845\n|switch|p2a: Comfey|Comfey, L85, M|225/225\n|move|p1a: Kommo-o|Close Combat|p2a: Comfey\n|-resisted|p2a: Comfey\n|-damage|p2a: Comfey|168/225\n|-unboost|p1a: Kommo-o|def|1\n|-unboost|p1a: Kommo-o|spd|1\n|\n|-heal|p2a: Comfey|182/225|[from] item: Leftovers\n|upkeep\n|turn|7\n|inactive|i plead the 5 has 120 seconds left.\n|\n|t:|1720401855\n|switch|p2a: Sandy Shocks|Sandy Shocks, L80|267/267\n|switch|p1a: Iron Leaves|Iron Leaves, L80|187/275\n|\n|upkeep\n|turn|8\n|\n|t:|1720401863\n|-end|p2a: Sandy Shocks|Protosynthesis|[silent]\n|switch|p2a: Dipplin|Dipplin, L88, M|126/284\n|move|p1a: Iron Leaves|Psyblade|p2a: Dipplin\n|-damage|p2a: Dipplin|42/284\n|\n|upkeep\n|turn|9\n|\n|t:|1720401873\n|move|p1a: Iron Leaves|Psyblade|p2a: Dipplin\n|-damage|p2a: Dipplin|0 fnt\n|faint|p2a: Dipplin\n|\n|upkeep\n|inactive|Overlord0 has 120 seconds left.\n|\n|t:|1720401924\n|switch|p2a: Annihilape|Annihilape, L76, M|292/292\n|turn|10\n|\n|t:|1720401944\n|-end|p1a: Iron Leaves|Quark Drive|[silent]\n|switch|p1a: Furret|Furret, L93, M|33/309\n|-item|p2a: Annihilape|Chesto Berry|[from] ability: Frisk|[of] p1a: Furret|[identify]\n|-terastallize|p2a: Annihilape|Steel\n|move|p2a: Annihilape|Bulk Up|p2a: Annihilape\n|-boost|p2a: Annihilape|atk|1\n|-boost|p2a: Annihilape|def|1\n|\n|upkeep\n|turn|11\n|\n|t:|1720401949\n|move|p1a: Furret|Trick|p2a: Annihilape\n|-activate|p1a: Furret|move: Trick|[of] p2a: Annihilape\n|-item|p2a: Annihilape|Choice Band|[from] move: Trick\n|-item|p1a: Furret|Chesto Berry|[from] move: Trick\n|move|p2a: Annihilape|Bulk Up|p2a: Annihilape\n|-boost|p2a: Annihilape|atk|1\n|-boost|p2a: Annihilape|def|1\n|\n|upkeep\n|turn|12\n|inactive|Overlord0 has 120 seconds left.\n|\n|t:|1720401978\n|switch|p2a: Barraskewda|Barraskewda, L81, M|231/231\n|move|p1a: Furret|Double-Edge|p2a: Barraskewda\n|-damage|p2a: Barraskewda|65/231\n|-damage|p1a: Furret|0 fnt|[from] Recoil\n|faint|p1a: Furret\n|\n|upkeep\n|\n|t:|1720401984\n|switch|p1a: Basculin|Basculin-Blue-Striped, L86, F|261/261\n|turn|13\n|\n|t:|1720401992\n|move|p2a: Barraskewda|Close Combat|p1a: Basculin\n|-damage|p1a: Basculin|76/261\n|-unboost|p2a: Barraskewda|def|1\n|-unboost|p2a: Barraskewda|spd|1\n|move|p1a: Basculin|Flip Turn|p2a: Barraskewda\n|-resisted|p2a: Barraskewda\n|-damage|p2a: Barraskewda|0 fnt\n|faint|p2a: Barraskewda\n|\n|t:|1720401996\n|switch|p1a: Iron Leaves|Iron Leaves, L80|187/275|[from] Flip Turn\n|\n|upkeep\n|\n|t:|1720402004\n|switch|p2a: Annihilape|Annihilape, L76, M, tera:Steel|292/292\n|turn|14\n|\n|t:|1720402007\n|move|p1a: Iron Leaves|Close Combat|p2a: Annihilape\n|-supereffective|p2a: Annihilape\n|-damage|p2a: Annihilape|0 fnt\n|-unboost|p1a: Iron Leaves|def|1\n|-unboost|p1a: Iron Leaves|spd|1\n|faint|p2a: Annihilape\n|\n|upkeep\n|\n|t:|1720402010\n|switch|p2a: Plusle|Plusle, L95, F|268/268\n|turn|15\n|\n|t:|1720402013\n|move|p2a: Plusle|Nasty Plot|p2a: Plusle\n|-boost|p2a: Plusle|spa|2\n|move|p1a: Iron Leaves|Close Combat|p2a: Plusle\n|-damage|p2a: Plusle|61/268\n|-unboost|p1a: Iron Leaves|def|1\n|-unboost|p1a: Iron Leaves|spd|1\n|\n|upkeep\n|turn|16\n|\n|t:|1720402015\n|move|p2a: Plusle|Thunderbolt|p1a: Iron Leaves\n|-resisted|p1a: Iron Leaves\n|-damage|p1a: Iron Leaves|0 fnt\n|faint|p1a: Iron Leaves\n|-end|p1a: Iron Leaves|Quark Drive|[silent]\n|-damage|p2a: Plusle|35/268|[from] item: Life Orb\n|\n|upkeep\n|\n|t:|1720402020\n|switch|p1a: Basculin|Basculin-Blue-Striped, L86, F|76/261\n|turn|17\n|j| Rubiaa\n|\n|t:|1720402027\n|move|p1a: Basculin|Aqua Jet|p2a: Plusle\n|-damage|p2a: Plusle|0 fnt\n|faint|p2a: Plusle\n|\n|upkeep\n|\n|t:|1720402029\n|switch|p2a: Comfey|Comfey, L85, M|182/225\n|turn|18\n|\n|t:|1720402032\n|switch|p1a: Sawsbuck|Sawsbuck-Winter, L88, M|284/284\n|move|p2a: Comfey|Calm Mind|p2a: Comfey\n|-boost|p2a: Comfey|spa|1\n|-boost|p2a: Comfey|spd|1\n|\n|-heal|p2a: Comfey|196/225|[from] item: Leftovers\n|upkeep\n|turn|19\n|\n|t:|1720402036\n|move|p2a: Comfey|Calm Mind|p2a: Comfey\n|-boost|p2a: Comfey|spa|1\n|-boost|p2a: Comfey|spd|1\n|move|p1a: Sawsbuck|Horn Leech|p2a: Comfey\n|-damage|p2a: Comfey|86/225\n|-damage|p1a: Sawsbuck|256/284|[from] item: Life Orb\n|\n|-heal|p2a: Comfey|100/225|[from] item: Leftovers\n|upkeep\n|turn|20\n|\n|t:|1720402044\n|move|p2a: Comfey|Draining Kiss|p1a: Sawsbuck\n|-damage|p1a: Sawsbuck|148/284\n|-heal|p2a: Comfey|181/225|[from] drain|[of] p1a: Sawsbuck\n|move|p1a: Sawsbuck|Horn Leech|p2a: Comfey\n|-damage|p2a: Comfey|68/225\n|-heal|p1a: Sawsbuck|205/284|[from] drain|[of] p2a: Comfey\n|-damage|p1a: Sawsbuck|177/284|[from] item: Life Orb\n|\n|-heal|p2a: Comfey|82/225|[from] item: Leftovers\n|upkeep\n|turn|21\n|\n|t:|1720402049\n|move|p2a: Comfey|Stored Power|p1a: Sawsbuck\n|-damage|p1a: Sawsbuck|26/284\n|move|p1a: Sawsbuck|Horn Leech|p2a: Comfey\n|-damage|p2a: Comfey|0 fnt\n|-heal|p1a: Sawsbuck|67/284|[from] drain|[of] p2a: Comfey\n|faint|p2a: Comfey\n|-damage|p1a: Sawsbuck|39/284|[from] item: Life Orb\n|\n|upkeep\n|-message|Overlord0 forfeited.\n|\n|win|i plead the 5\n|raw|i plead the 5's rating: 2287 &rarr; <strong>2304</strong><br />(+17 for winning)\n|raw|Overlord0's rating: 2234 &rarr; <strong>2217</strong><br />(-17 for losing)\n|l|\u2606Overlord0\n|player|p2|\n|l| Rubiaa\n", "inputlog": ">version af772da565c298f7defb52ad404ceab59c4a1c7b\n>start {\"formatid\":\"gen9randombattle\",\"seed\":[10740,36243,10131,25397],\"rated\":\"Rated battle\"}\n>player p1 {\"name\":\"i plead the 5\",\"avatar\":\"lucas\",\"rating\":2287,\"seed\":[62620,9026,45152,18635]}\n>player p2 {\"name\":\"Overlord0\",\"avatar\":\"102\",\"rating\":2234,\"seed\":[53945,42630,49071,22043]}\n>chat \u2606Overlord0|hf\n>p1 move leafblade\n>p2 move flipturn\n>p2 switch 4\n>p1 switch 3\n>p2 move dragonpulse\n>p1 move doubleedge\n>p2 move gigadrain\n>p1 switch 5\n>p2 move recover\n>p1 move clangingscales\n>p2 move dragonpulse\n>p1 move closecombat\n>p2 switch 5\n>p1 switch 3\n>p2 switch 2\n>p1 move psyblade\n>p2 switch 5\n>p1 move psyblade\n>p2 move recover\n>p2 switch 6\n>p1 switch 5\n>p2 move bulkup terastallize\n>p1 move trick\n>p2 move bulkup\n>p1 move doubleedge\n>p2 switch 4\n>p1 switch 4\n>p1 move flipturn\n>p2 move closecombat\n>p1 switch 5\n>p2 switch 4\n>p1 move closecombat\n>p2 move ragefist\n>p2 switch 3\n>p1 move closecombat\n>p2 move nastyplot\n>p1 move closecombat\n>p2 move thunderbolt\n>p1 switch 5\n>p1 move aquajet\n>p2 move thunderbolt\n>p2 switch 2\n>p1 switch 2\n>p2 move calmmind\n>p1 move hornleech\n>p2 move calmmind\n>p1 move hornleech\n>p2 move drainingkiss\n>p1 move hornleech\n>p2 move storedpower\n>forcelose p2", "uploadtime": 1720402062, "views": 164, "formatid": "gen9randombattle", "rating": 2217, "private": 0, "password": null}