{"id": "gen9randombattle-2144656982", "format": "[Gen 9] Random Battle", "players": ["Superpascal", "makemegowalnuts"], "log": "|j|\u2606Superpascal\n|j|\u2606makemegowalnuts\n|t:|1718584397\n|gametype|singles\n|player|p1|Superpascal|blue|2214\n|player|p2|makemegowalnuts|2|2259\n|teamsize|p1|6\n|teamsize|p2|6\n|gen|9\n|tier|[Gen 9] Random Battle\n|rated|\n|rule|Species Clause: Limit one of each Pok\u00e9mon\n|rule|HP Percentage Mod: HP is shown in percentages\n|rule|Sleep Clause Mod: Limit one foe put to sleep\n|rule|Illusion Level Mod: Illusion disguises the Pok\u00e9mon's true level\n|\n|t:|1718584397\n|start\n|switch|p1a: Tatsugiri|Tatsugiri-Droopy, L86, F|257/257\n|switch|p2a: Arceus|Arceus-Rock, L73|296/296\n|turn|1\n|\n|t:|1718584413\n|switch|p2a: Victreebel|Victreebel, L90, M|290/290\n|move|p1a: Tatsugiri|Surf|p2a: Victreebel\n|-resisted|p2a: Victreebel\n|-damage|p2a: Victreebel|230/290\n|\n|upkeep\n|turn|2\n|\n|t:|1718584426\n|move|p1a: Tatsugiri|Draco Meteor|p2a: Victreebel\n|-damage|p2a: Victreebel|50/290\n|-unboost|p1a: Tatsugiri|spa|2\n|move|p2a: Victreebel|Sludge Wave|p1a: Tatsugiri\n|-damage|p1a: Tatsugiri|121/257\n|-damage|p2a: Victreebel|21/290|[from] item: Life Orb\n|\n|upkeep\n|turn|3\n|\n|t:|1718584439\n|move|p1a: Tatsugiri|Draco Meteor|p2a: Victreebel\n|-damage|p2a: Victreebel|0 fnt\n|-unboost|p1a: Tatsugiri|spa|2\n|faint|p2a: Victreebel\n|\n|upkeep\n|\n|t:|1718584441\n|switch|p2a: Ribombee|Ribombee, L82, F|233/233\n|turn|4\n|\n|t:|1718584467\n|switch|p1a: Amoonguss|Amoonguss, L82, F|321/321\n|move|p2a: Ribombee|Sticky Web|p1a: Amoonguss\n|-sidestart|p1: Superpascal|move: Sticky Web\n|\n|upkeep\n|turn|5\n|\n|t:|1718584476\n|switch|p2a: Dudunsparce|Dudunsparce, L82, M|339/339\n|move|p1a: Amoonguss|Spore|p2a: Dudunsparce\n|-status|p2a: Dudunsparce|slp|[from] move: Spore\n|\n|upkeep\n|turn|6\n|\n|t:|1718584481\n|cant|p2a: Dudunsparce|slp\n|move|p1a: Amoonguss|Sludge Bomb|p2a: Dudunsparce\n|-damage|p2a: Dudunsparce|249/339 slp\n|\n|-heal|p2a: Dudunsparce|270/339 slp|[from] item: Leftovers\n|upkeep\n|turn|7\n|\n|t:|1718584491\n|switch|p1a: Hitmontop|Hitmontop, L88, M|231/231\n|-activate|p1a: Hitmontop|move: Sticky Web\n|-unboost|p1a: Hitmontop|spe|1\n|-ability|p1a: Hitmontop|Intimidate|boost\n|-unboost|p2a: Dudunsparce|atk|1\n|cant|p2a: Dudunsparce|slp\n|\n|-heal|p2a: Dudunsparce|291/339 slp|[from] item: Leftovers\n|upkeep\n|turn|8\n|\n|t:|1718584501\n|-terastallize|p2a: Dudunsparce|Ghost\n|-curestatus|p2a: Dudunsparce|slp|[msg]\n|move|p2a: Dudunsparce|Glare|p1a: Hitmontop\n|-status|p1a: Hitmontop|par\n|move|p1a: Hitmontop|Close Combat|p2a: Dudunsparce\n|-immune|p2a: Dudunsparce\n|\n|-heal|p2a: Dudunsparce|312/339|[from] item: Leftovers\n|upkeep\n|turn|9\n|\n|t:|1718584521\n|switch|p2a: Ribombee|Ribombee, L82, F|233/233\n|switch|p1a: Amoonguss|Amoonguss, L82, F|321/321\n|-activate|p1a: Amoonguss|move: Sticky Web\n|-unboost|p1a: Amoonguss|spe|1\n|\n|upkeep\n|turn|10\n|\n|t:|1718584530\n|switch|p2a: Dudunsparce|Dudunsparce, L82, M, tera:Ghost|312/339\n|move|p1a: Amoonguss|Spore|p2a: Dudunsparce\n|-status|p2a: Dudunsparce|slp|[from] move: Spore\n|\n|-heal|p2a: Dudunsparce|333/339 slp|[from] item: Leftovers\n|upkeep\n|turn|11\n|\n|t:|1718584550\n|switch|p1a: Tatsugiri|Tatsugiri-Droopy, L86, F|121/257\n|cant|p2a: Dudunsparce|slp\n|\n|-heal|p2a: Dudunsparce|339/339 slp|[from] item: Leftovers\n|upkeep\n|turn|12\n|\n|t:|1718584558\n|move|p1a: Tatsugiri|Nasty Plot|p1a: Tatsugiri\n|-boost|p1a: Tatsugiri|spa|2\n|-curestatus|p2a: Dudunsparce|slp|[msg]\n|move|p2a: Dudunsparce|Glare|p1a: Tatsugiri\n|-status|p1a: Tatsugiri|par\n|\n|upkeep\n|turn|13\n|\n|t:|1718584563\n|move|p2a: Dudunsparce|Headbutt|p1a: Tatsugiri\n|-damage|p1a: Tatsugiri|31/257 par\n|cant|p1a: Tatsugiri|flinch\n|\n|upkeep\n|turn|14\n|\n|t:|1718584566\n|move|p2a: Dudunsparce|Headbutt|p1a: Tatsugiri\n|-damage|p1a: Tatsugiri|0 fnt\n|faint|p1a: Tatsugiri\n|\n|upkeep\n|\n|t:|1718584569\n|switch|p1a: Amoonguss|Amoonguss, L82, F|321/321\n|-activate|p1a: Amoonguss|move: Sticky Web\n|-unboost|p1a: Amoonguss|spe|1\n|turn|15\n|\n|t:|1718584572\n|move|p2a: Dudunsparce|Glare|p1a: Amoonguss\n|-status|p1a: Amoonguss|par\n|move|p1a: Amoonguss|Spore|p2a: Dudunsparce\n|-status|p2a: Dudunsparce|slp|[from] move: Spore\n|\n|upkeep\n|turn|16\n|\n|t:|1718584574\n|switch|p1a: Salazzle|Salazzle, L82, F|246/246\n|-activate|p1a: Salazzle|move: Sticky Web\n|-unboost|p1a: Salazzle|spe|1\n|cant|p2a: Dudunsparce|slp\n|\n|upkeep\n|turn|17\n|\n|t:|1718584578\n|move|p1a: Salazzle|Substitute|p1a: Salazzle\n|-start|p1a: Salazzle|Substitute\n|-damage|p1a: Salazzle|185/246\n|cant|p2a: Dudunsparce|slp\n|\n|-heal|p1a: Salazzle|200/246|[from] item: Leftovers\n|upkeep\n|turn|18\n|\n|t:|1718584586\n|switch|p2a: Infernape|Infernape, L82, F|259/259\n|move|p1a: Salazzle|Protect||[still]\n|-fail|p1a: Salazzle\n|\n|-heal|p1a: Salazzle|215/246|[from] item: Leftovers\n|upkeep\n|turn|19\n|\n|t:|1718584589\n|move|p2a: Infernape|Knock Off|p1a: Salazzle\n|-end|p1a: Salazzle|Substitute\n|move|p1a: Salazzle|Toxic|p2a: Infernape\n|-status|p2a: Infernape|tox\n|\n|-heal|p1a: Salazzle|230/246|[from] item: Leftovers\n|-damage|p2a: Infernape|243/259 tox|[from] psn\n|upkeep\n|turn|20\n|\n|t:|1718584592\n|move|p1a: Salazzle|Protect|p1a: Salazzle\n|-singleturn|p1a: Salazzle|Protect\n|move|p2a: Infernape|Knock Off|p1a: Salazzle\n|-activate|p1a: Salazzle|move: Protect\n|\n|-heal|p1a: Salazzle|245/246|[from] item: Leftovers\n|-damage|p2a: Infernape|211/259 tox|[from] psn\n|upkeep\n|turn|21\n|\n|t:|1718584602\n|switch|p1a: Ninetales|Ninetales-Alola, L79, F|245/245\n|-activate|p1a: Ninetales|move: Sticky Web\n|-unboost|p1a: Ninetales|spe|1\n|-weather|Snow|[from] ability: Snow Warning|[of] p1a: Ninetales\n|move|p2a: Infernape|Knock Off|p1a: Ninetales\n|-resisted|p1a: Ninetales\n|-damage|p1a: Ninetales|207/245\n|-enditem|p1a: Ninetales|Light Clay|[from] move: Knock Off|[of] p2a: Infernape\n|\n|-weather|Snow|[upkeep]\n|-damage|p2a: Infernape|163/259 tox|[from] psn\n|upkeep\n|turn|22\n|\n|t:|1718584619\n|switch|p2a: Arceus|Arceus-Rock, L73|296/296\n|move|p1a: Ninetales|Aurora Veil|p1a: Ninetales\n|-sidestart|p1: Superpascal|move: Aurora Veil\n|\n|-weather|Snow|[upkeep]\n|upkeep\n|turn|23\n|\n|t:|1718584627\n|switch|p1a: Hitmontop|Hitmontop, L88, M|231/231 par\n|-activate|p1a: Hitmontop|move: Sticky Web\n|-unboost|p1a: Hitmontop|spe|1\n|-ability|p1a: Hitmontop|Intimidate|boost\n|-unboost|p2a: Arceus|atk|1\n|move|p2a: Arceus|Judgment|p1a: Hitmontop\n|-resisted|p1a: Hitmontop\n|-damage|p1a: Hitmontop|207/231 par\n|\n|-weather|Snow|[upkeep]\n|upkeep\n|turn|24\n|\n|t:|1718584637\n|switch|p2a: Dudunsparce|Dudunsparce, L82, M, tera:Ghost|339/339 slp\n|move|p1a: Hitmontop|Earthquake|p2a: Dudunsparce\n|-damage|p2a: Dudunsparce|220/339 slp\n|\n|-weather|Snow|[upkeep]\n|-heal|p2a: Dudunsparce|241/339 slp|[from] item: Leftovers\n|upkeep\n|turn|25\n|\n|t:|1718584642\n|switch|p1a: Salazzle|Salazzle, L82, F|245/246\n|-activate|p1a: Salazzle|move: Sticky Web\n|-unboost|p1a: Salazzle|spe|1\n|cant|p2a: Dudunsparce|slp\n|\n|-weather|none\n|-heal|p1a: Salazzle|246/246|[from] item: Leftovers\n|-heal|p2a: Dudunsparce|262/339 slp|[from] item: Leftovers\n|upkeep\n|turn|26\n|\n|t:|1718584647\n|switch|p2a: Infernape|Infernape, L82, F|163/259 tox\n|move|p1a: Salazzle|Substitute|p1a: Salazzle\n|-start|p1a: Salazzle|Substitute\n|-damage|p1a: Salazzle|185/246\n|\n|-heal|p1a: Salazzle|200/246|[from] item: Leftovers\n|-damage|p2a: Infernape|147/259 tox|[from] psn\n|-sideend|p1: Superpascal|move: Aurora Veil\n|upkeep\n|turn|27\n|\n|t:|1718584649\n|move|p1a: Salazzle|Protect|p1a: Salazzle\n|-singleturn|p1a: Salazzle|Protect\n|move|p2a: Infernape|Knock Off|p1a: Salazzle\n|-activate|p1a: Salazzle|move: Protect\n|\n|-heal|p1a: Salazzle|215/246|[from] item: Leftovers\n|-damage|p2a: Infernape|115/259 tox|[from] psn\n|upkeep\n|turn|28\n|\n|t:|1718584655\n|move|p2a: Infernape|Knock Off|p1a: Salazzle\n|-end|p1a: Salazzle|Substitute\n|move|p1a: Salazzle|Substitute|p1a: Salazzle\n|-start|p1a: Salazzle|Substitute\n|-damage|p1a: Salazzle|154/246\n|\n|-heal|p1a: Salazzle|169/246|[from] item: Leftovers\n|-damage|p2a: Infernape|67/259 tox|[from] psn\n|upkeep\n|turn|29\n|\n|t:|1718584660\n|move|p1a: Salazzle|Protect|p1a: Salazzle\n|-singleturn|p1a: Salazzle|Protect\n|move|p2a: Infernape|Knock Off|p1a: Salazzle\n|-activate|p1a: Salazzle|move: Protect\n|\n|-heal|p1a: Salazzle|184/246|[from] item: Leftovers\n|-damage|p2a: Infernape|3/259 tox|[from] psn\n|upkeep\n|turn|30\n|\n|t:|1718584663\n|move|p2a: Infernape|Knock Off|p1a: Salazzle\n|-crit|p1a: Salazzle\n|-end|p1a: Salazzle|Substitute\n|move|p1a: Salazzle|Substitute|p1a: Salazzle\n|-start|p1a: Salazzle|Substitute\n|-damage|p1a: Salazzle|123/246\n|\n|-heal|p1a: Salazzle|138/246|[from] item: Leftovers\n|-damage|p2a: Infernape|0 fnt|[from] psn\n|faint|p2a: Infernape\n|upkeep\n|\n|t:|1718584673\n|switch|p2a: Arceus|Arceus-Rock, L73|296/296\n|turn|31\n|\n|t:|1718584677\n|move|p2a: Arceus|Earth Power|p1a: Salazzle\n|-supereffective|p1a: Salazzle\n|-end|p1a: Salazzle|Substitute\n|move|p1a: Salazzle|Toxic|p2a: Arceus\n|-status|p2a: Arceus|tox\n|\n|-heal|p1a: Salazzle|153/246|[from] item: Leftovers\n|-damage|p2a: Arceus|278/296 tox|[from] psn\n|upkeep\n|turn|32\n|\n|t:|1718584691\n|switch|p1a: Hitmontop|Hitmontop, L88, M|207/231 par\n|-activate|p1a: Hitmontop|move: Sticky Web\n|-unboost|p1a: Hitmontop|spe|1\n|-ability|p1a: Hitmontop|Intimidate|boost\n|-unboost|p2a: Arceus|atk|1\n|move|p2a: Arceus|Earth Power|p1a: Hitmontop\n|-damage|p1a: Hitmontop|163/231 par\n|\n|-damage|p2a: Arceus|242/296 tox|[from] psn\n|upkeep\n|turn|33\n|\n|t:|1718584718\n|switch|p2a: Ribombee|Ribombee, L82, F|233/233\n|switch|p1a: Salazzle|Salazzle, L82, F|153/246\n|-activate|p1a: Salazzle|move: Sticky Web\n|-unboost|p1a: Salazzle|spe|1\n|\n|-heal|p1a: Salazzle|168/246|[from] item: Leftovers\n|upkeep\n|turn|34\n|\n|t:|1718584727\n|move|p1a: Salazzle|Protect|p1a: Salazzle\n|-singleturn|p1a: Salazzle|Protect\n|move|p2a: Ribombee|Stun Spore|p1a: Salazzle\n|-activate|p1a: Salazzle|move: Protect\n|\n|-heal|p1a: Salazzle|183/246|[from] item: Leftovers\n|upkeep\n|turn|35\n|\n|t:|1718584733\n|switch|p1a: Amoonguss|Amoonguss, L82, F|321/321 par\n|-activate|p1a: Amoonguss|move: Sticky Web\n|-unboost|p1a: Amoonguss|spe|1\n|move|p2a: Ribombee|Stun Spore|p1a: Amoonguss\n|-immune|p1a: Amoonguss\n|\n|upkeep\n|turn|36\n|\n|t:|1718584764\n|switch|p2a: Dudunsparce|Dudunsparce, L82, M, tera:Ghost|262/339 slp\n|switch|p1a: Salazzle|Salazzle, L82, F|183/246\n|-activate|p1a: Salazzle|move: Sticky Web\n|-unboost|p1a: Salazzle|spe|1\n|\n|-heal|p1a: Salazzle|198/246|[from] item: Leftovers\n|-heal|p2a: Dudunsparce|283/339 slp|[from] item: Leftovers\n|upkeep\n|turn|37\n|\n|t:|1718584769\n|move|p1a: Salazzle|Substitute|p1a: Salazzle\n|-start|p1a: Salazzle|Substitute\n|-damage|p1a: Salazzle|137/246\n|-curestatus|p2a: Dudunsparce|slp|[msg]\n|move|p2a: Dudunsparce|Earthquake|p1a: Salazzle\n|-supereffective|p1a: Salazzle\n|-end|p1a: Salazzle|Substitute\n|\n|-heal|p1a: Salazzle|152/246|[from] item: Leftovers\n|-heal|p2a: Dudunsparce|304/339|[from] item: Leftovers\n|upkeep\n|turn|38\n|\n|t:|1718584776\n|switch|p2a: Arceus|Arceus-Rock, L73|242/296 tox\n|move|p1a: Salazzle|Protect||[still]\n|-fail|p1a: Salazzle\n|\n|-heal|p1a: Salazzle|167/246|[from] item: Leftovers\n|-damage|p2a: Arceus|224/296 tox|[from] psn\n|upkeep\n|turn|39\n|\n|t:|1718584784\n|switch|p1a: Hitmontop|Hitmontop, L88, M|163/231 par\n|-activate|p1a: Hitmontop|move: Sticky Web\n|-unboost|p1a: Hitmontop|spe|1\n|-ability|p1a: Hitmontop|Intimidate|boost\n|-unboost|p2a: Arceus|atk|1\n|move|p2a: Arceus|Earth Power|p1a: Hitmontop\n|-damage|p1a: Hitmontop|119/231 par\n|\n|-damage|p2a: Arceus|188/296 tox|[from] psn\n|upkeep\n|turn|40\n|\n|t:|1718584796\n|switch|p2a: Dudunsparce|Dudunsparce, L82, M, tera:Ghost|304/339\n|move|p1a: Hitmontop|Earthquake|p2a: Dudunsparce\n|-damage|p2a: Dudunsparce|185/339\n|\n|-heal|p2a: Dudunsparce|206/339|[from] item: Leftovers\n|upkeep\n|turn|41\n|\n|t:|1718584809\n|switch|p1a: Ninetales|Ninetales-Alola, L79, F|207/245\n|-activate|p1a: Ninetales|move: Sticky Web\n|-unboost|p1a: Ninetales|spe|1\n|-weather|Snow|[from] ability: Snow Warning|[of] p1a: Ninetales\n|move|p2a: Dudunsparce|Earthquake|p1a: Ninetales\n|-damage|p1a: Ninetales|153/245\n|\n|-weather|Snow|[upkeep]\n|-heal|p2a: Dudunsparce|227/339|[from] item: Leftovers\n|upkeep\n|turn|42\n|\n|t:|1718584835\n|move|p1a: Ninetales|Aurora Veil|p1a: Ninetales\n|-sidestart|p1: Superpascal|move: Aurora Veil\n|move|p2a: Dudunsparce|Glare|p1a: Ninetales\n|-status|p1a: Ninetales|par\n|\n|-weather|Snow|[upkeep]\n|-heal|p2a: Dudunsparce|248/339|[from] item: Leftovers\n|upkeep\n|turn|43\n|\n|t:|1718584841\n|switch|p1a: Amoonguss|Amoonguss, L82, F|321/321 par\n|-activate|p1a: Amoonguss|move: Sticky Web\n|-unboost|p1a: Amoonguss|spe|1\n|move|p2a: Dudunsparce|Earthquake|p1a: Amoonguss\n|-damage|p1a: Amoonguss|277/321 par\n|\n|-weather|Snow|[upkeep]\n|-heal|p2a: Dudunsparce|269/339|[from] item: Leftovers\n|-heal|p1a: Amoonguss|297/321 par|[from] item: Leftovers\n|upkeep\n|turn|44\n|\n|t:|1718584848\n|move|p2a: Dudunsparce|Headbutt|p1a: Amoonguss\n|-damage|p1a: Amoonguss|251/321 par\n|cant|p1a: Amoonguss|flinch\n|\n|-weather|Snow|[upkeep]\n|-heal|p2a: Dudunsparce|290/339|[from] item: Leftovers\n|-heal|p1a: Amoonguss|271/321 par|[from] item: Leftovers\n|upkeep\n|turn|45\n|\n|t:|1718584850\n|move|p2a: Dudunsparce|Headbutt|p1a: Amoonguss\n|-damage|p1a: Amoonguss|229/321 par\n|cant|p1a: Amoonguss|flinch\n|\n|-weather|none\n|-heal|p2a: Dudunsparce|311/339|[from] item: Leftovers\n|-heal|p1a: Amoonguss|249/321 par|[from] item: Leftovers\n|upkeep\n|turn|46\n|\n|t:|1718584852\n|move|p2a: Dudunsparce|Headbutt|p1a: Amoonguss\n|-damage|p1a: Amoonguss|205/321 par\n|cant|p1a: Amoonguss|par\n|\n|-heal|p2a: Dudunsparce|332/339|[from] item: Leftovers\n|-heal|p1a: Amoonguss|225/321 par|[from] item: Leftovers\n|-sideend|p1: Superpascal|move: Aurora Veil\n|upkeep\n|turn|47\n|\n|t:|1718584855\n|move|p2a: Dudunsparce|Headbutt|p1a: Amoonguss\n|-damage|p1a: Amoonguss|143/321 par\n|cant|p1a: Amoonguss|flinch\n|\n|-heal|p2a: Dudunsparce|339/339|[from] item: Leftovers\n|-heal|p1a: Amoonguss|163/321 par|[from] item: Leftovers\n|upkeep\n|turn|48\n|\n|t:|1718584859\n|move|p2a: Dudunsparce|Headbutt|p1a: Amoonguss\n|-damage|p1a: Amoonguss|70/321 par\n|cant|p1a: Amoonguss|flinch\n|\n|-heal|p1a: Amoonguss|90/321 par|[from] item: Leftovers\n|upkeep\n|turn|49\n|\n|t:|1718584862\n|switch|p1a: Hitmontop|Hitmontop, L88, M|119/231 par\n|-activate|p1a: Hitmontop|move: Sticky Web\n|-unboost|p1a: Hitmontop|spe|1\n|-ability|p1a: Hitmontop|Intimidate|boost\n|-unboost|p2a: Dudunsparce|atk|1\n|move|p2a: Dudunsparce|Earthquake|p1a: Hitmontop\n|-damage|p1a: Hitmontop|76/231 par\n|\n|upkeep\n|turn|50\n|\n|t:|1718584867\n|switch|p1a: Amoonguss|Amoonguss, L82, F|197/321 par\n|-activate|p1a: Amoonguss|move: Sticky Web\n|-unboost|p1a: Amoonguss|spe|1\n|move|p2a: Dudunsparce|Headbutt|p1a: Amoonguss\n|-damage|p1a: Amoonguss|137/321 par\n|\n|-heal|p1a: Amoonguss|157/321 par|[from] item: Leftovers\n|upkeep\n|turn|51\n|\n|t:|1718584872\n|switch|p2a: Arceus|Arceus-Rock, L73|188/296 tox\n|move|p1a: Amoonguss|Spore||[still]\n|-fail|p1a: Amoonguss\n|\n|-heal|p1a: Amoonguss|177/321 par|[from] item: Leftovers\n|-damage|p2a: Arceus|170/296 tox|[from] psn\n|upkeep\n|turn|52\n|\n|t:|1718584876\n|move|p2a: Arceus|Earth Power|p1a: Amoonguss\n|-damage|p1a: Amoonguss|115/321 par\n|move|p1a: Amoonguss|Giga Drain|p2a: Arceus\n|-supereffective|p2a: Arceus\n|-damage|p2a: Arceus|44/296 tox\n|-heal|p1a: Amoonguss|178/321 par|[from] drain|[of] p2a: Arceus\n|\n|-heal|p1a: Amoonguss|198/321 par|[from] item: Leftovers\n|-damage|p2a: Arceus|8/296 tox|[from] psn\n|upkeep\n|turn|53\n|\n|t:|1718584887\n|move|p2a: Arceus|Judgment|p1a: Amoonguss\n|-damage|p1a: Amoonguss|59/321 par\n|cant|p1a: Amoonguss|par\n|\n|-heal|p1a: Amoonguss|79/321 par|[from] item: Leftovers\n|-damage|p2a: Arceus|0 fnt|[from] psn\n|faint|p2a: Arceus\n|upkeep\n|\n|t:|1718584889\n|switch|p2a: Dudunsparce|Dudunsparce, L82, M, tera:Ghost|339/339\n|turn|54\n|\n|t:|1718584892\n|switch|p1a: Hitmontop|Hitmontop, L88, M|76/231 par\n|-activate|p1a: Hitmontop|move: Sticky Web\n|-unboost|p1a: Hitmontop|spe|1\n|-ability|p1a: Hitmontop|Intimidate|boost\n|-unboost|p2a: Dudunsparce|atk|1\n|move|p2a: Dudunsparce|Headbutt|p1a: Hitmontop\n|-damage|p1a: Hitmontop|34/231 par\n|\n|upkeep\n|turn|55\n|\n|t:|1718584900\n|switch|p1a: Amoonguss|Amoonguss, L82, F|186/321 par\n|-activate|p1a: Amoonguss|move: Sticky Web\n|-unboost|p1a: Amoonguss|spe|1\n|move|p2a: Dudunsparce|Earthquake|p1a: Amoonguss\n|-damage|p1a: Amoonguss|129/321 par\n|\n|-heal|p1a: Amoonguss|149/321 par|[from] item: Leftovers\n|upkeep\n|turn|56\n|\n|t:|1718584903\n|move|p2a: Dudunsparce|Headbutt|p1a: Amoonguss\n|-damage|p1a: Amoonguss|88/321 par\n|move|p1a: Amoonguss|Spore|p2a: Dudunsparce\n|-status|p2a: Dudunsparce|slp|[from] move: Spore\n|\n|-heal|p1a: Amoonguss|108/321 par|[from] item: Leftovers\n|upkeep\n|turn|57\n|\n|t:|1718584905\n|switch|p1a: Salazzle|Salazzle, L82, F|167/246\n|-activate|p1a: Salazzle|move: Sticky Web\n|-unboost|p1a: Salazzle|spe|1\n|cant|p2a: Dudunsparce|slp\n|\n|-heal|p1a: Salazzle|182/246|[from] item: Leftovers\n|upkeep\n|turn|58\n|\n|t:|1718584908\n|move|p1a: Salazzle|Substitute|p1a: Salazzle\n|-start|p1a: Salazzle|Substitute\n|-damage|p1a: Salazzle|121/246\n|-curestatus|p2a: Dudunsparce|slp|[msg]\n|move|p2a: Dudunsparce|Earthquake|p1a: Salazzle\n|-supereffective|p1a: Salazzle\n|-end|p1a: Salazzle|Substitute\n|\n|-heal|p1a: Salazzle|136/246|[from] item: Leftovers\n|upkeep\n|turn|59\n|\n|t:|1718584912\n|switch|p2a: Avalugg|Avalugg-Hisui, L90, M|317/317\n|move|p1a: Salazzle|Protect||[still]\n|-fail|p1a: Salazzle\n|\n|-heal|p1a: Salazzle|151/246|[from] item: Leftovers\n|upkeep\n|turn|60\n|\n|t:|1718584921\n|move|p1a: Salazzle|Protect|p1a: Salazzle\n|-singleturn|p1a: Salazzle|Protect\n|move|p2a: Avalugg|Stone Edge|p1a: Salazzle\n|-activate|p1a: Salazzle|move: Protect\n|\n|-heal|p1a: Salazzle|166/246|[from] item: Leftovers\n|upkeep\n|turn|61\n|\n|t:|1718584946\n|move|p1a: Salazzle|Substitute|p1a: Salazzle\n|-start|p1a: Salazzle|Substitute\n|-damage|p1a: Salazzle|105/246\n|move|p2a: Avalugg|Stone Edge|p1a: Salazzle|[miss]\n|-miss|p2a: Avalugg|p1a: Salazzle\n|\n|-heal|p1a: Salazzle|120/246|[from] item: Leftovers\n|upkeep\n|turn|62\n|\n|t:|1718584952\n|move|p1a: Salazzle|Toxic|p2a: Avalugg\n|-status|p2a: Avalugg|tox\n|move|p2a: Avalugg|Body Press|p1a: Salazzle\n|-resisted|p1a: Salazzle\n|-end|p1a: Salazzle|Substitute\n|\n|-heal|p1a: Salazzle|135/246|[from] item: Leftovers\n|-damage|p2a: Avalugg|298/317 tox|[from] psn\n|upkeep\n|turn|63\n|\n|t:|1718584957\n|switch|p2a: Dudunsparce|Dudunsparce, L82, M, tera:Ghost|339/339\n|move|p1a: Salazzle|Protect||[still]\n|-fail|p1a: Salazzle\n|\n|-heal|p1a: Salazzle|150/246|[from] item: Leftovers\n|upkeep\n|turn|64\n|\n|t:|1718584966\n|-terastallize|p1a: Salazzle|Grass\n|move|p1a: Salazzle|Toxic|p2a: Dudunsparce\n|-status|p2a: Dudunsparce|tox\n|move|p2a: Dudunsparce|Earthquake|p1a: Salazzle\n|-resisted|p1a: Salazzle\n|-damage|p1a: Salazzle|106/246\n|\n|-heal|p1a: Salazzle|121/246|[from] item: Leftovers\n|-damage|p2a: Dudunsparce|318/339 tox|[from] psn\n|upkeep\n|turn|65\n|\n|t:|1718584973\n|switch|p2a: Ribombee|Ribombee, L82, F|233/233\n|move|p1a: Salazzle|Protect||[still]\n|-fail|p1a: Salazzle\n|\n|-heal|p1a: Salazzle|136/246|[from] item: Leftovers\n|upkeep\n|turn|66\n|\n|t:|1718584978\n|switch|p1a: Amoonguss|Amoonguss, L82, F|215/321 par\n|-activate|p1a: Amoonguss|move: Sticky Web\n|-unboost|p1a: Amoonguss|spe|1\n|move|p2a: Ribombee|Bug Buzz|p1a: Amoonguss\n|-damage|p1a: Amoonguss|113/321 par\n|\n|-heal|p1a: Amoonguss|133/321 par|[from] item: Leftovers\n|upkeep\n|turn|67\n|\n|t:|1718584993\n|move|p2a: Ribombee|Bug Buzz|p1a: Amoonguss\n|-damage|p1a: Amoonguss|31/321 par\n|cant|p1a: Amoonguss|par\n|\n|-heal|p1a: Amoonguss|51/321 par|[from] item: Leftovers\n|upkeep\n|turn|68\n|c|\u2606Superpascal|dang that was game right there\n|\n|t:|1718585006\n|switch|p1a: Noctowl|Noctowl, L95, M|344/344\n|move|p2a: Ribombee|Moonblast|p1a: Noctowl\n|-damage|p1a: Noctowl|271/344\n|\n|upkeep\n|turn|69\n|\n|t:|1718585016\n|move|p2a: Ribombee|Stun Spore|p1a: Noctowl\n|-status|p1a: Noctowl|par\n|move|p1a: Noctowl|Hurricane|p2a: Ribombee\n|-supereffective|p2a: Ribombee\n|-damage|p2a: Ribombee|0 fnt\n|faint|p2a: Ribombee\n|\n|upkeep\n|\n|t:|1718585019\n|switch|p2a: Avalugg|Avalugg-Hisui, L90, M|298/317 tox\n|turn|70\n|\n|t:|1718585042\n|switch|p1a: Hitmontop|Hitmontop, L88, M|34/231 par\n|-activate|p1a: Hitmontop|move: Sticky Web\n|-unboost|p1a: Hitmontop|spe|1\n|-ability|p1a: Hitmontop|Intimidate|boost\n|-unboost|p2a: Avalugg|atk|1\n|move|p2a: Avalugg|Avalanche|p1a: Hitmontop\n|-damage|p1a: Hitmontop|0 fnt\n|faint|p1a: Hitmontop\n|\n|-damage|p2a: Avalugg|279/317 tox|[from] psn\n|upkeep\n|\n|t:|1718585046\n|switch|p1a: Salazzle|Salazzle, L82, F, tera:Grass|136/246\n|-activate|p1a: Salazzle|move: Sticky Web\n|-unboost|p1a: Salazzle|spe|1\n|turn|71\n|\n|t:|1718585056\n|move|p1a: Salazzle|Substitute|p1a: Salazzle\n|-start|p1a: Salazzle|Substitute\n|-damage|p1a: Salazzle|75/246\n|move|p2a: Avalugg|Avalanche|p1a: Salazzle\n|-supereffective|p1a: Salazzle\n|-end|p1a: Salazzle|Substitute\n|\n|-heal|p1a: Salazzle|90/246|[from] item: Leftovers\n|-damage|p2a: Avalugg|241/317 tox|[from] psn\n|upkeep\n|turn|72\n|\n|t:|1718585059\n|move|p1a: Salazzle|Protect|p1a: Salazzle\n|-singleturn|p1a: Salazzle|Protect\n|move|p2a: Avalugg|Avalanche|p1a: Salazzle\n|-activate|p1a: Salazzle|move: Protect\n|\n|-heal|p1a: Salazzle|105/246|[from] item: Leftovers\n|-damage|p2a: Avalugg|184/317 tox|[from] psn\n|upkeep\n|turn|73\n|\n|t:|1718585066\n|move|p1a: Salazzle|Substitute|p1a: Salazzle\n|-start|p1a: Salazzle|Substitute\n|-damage|p1a: Salazzle|44/246\n|move|p2a: Avalugg|Avalanche|p1a: Salazzle\n|-supereffective|p1a: Salazzle\n|-end|p1a: Salazzle|Substitute\n|\n|-heal|p1a: Salazzle|59/246|[from] item: Leftovers\n|-damage|p2a: Avalugg|108/317 tox|[from] psn\n|upkeep\n|turn|74\n|\n|t:|1718585070\n|move|p1a: Salazzle|Protect|p1a: Salazzle\n|-singleturn|p1a: Salazzle|Protect\n|move|p2a: Avalugg|Recover|p2a: Avalugg\n|-heal|p2a: Avalugg|267/317 tox\n|\n|-heal|p1a: Salazzle|74/246|[from] item: Leftovers\n|-damage|p2a: Avalugg|172/317 tox|[from] psn\n|upkeep\n|turn|75\n|l|\u2606makemegowalnuts\n|player|p2|\n|\n|t:|1718585087\n|move|p1a: Salazzle|Substitute|p1a: Salazzle\n|-start|p1a: Salazzle|Substitute\n|-damage|p1a: Salazzle|13/246\n|move|p2a: Avalugg|Avalanche|p1a: Salazzle\n|-supereffective|p1a: Salazzle\n|-end|p1a: Salazzle|Substitute\n|\n|-heal|p1a: Salazzle|28/246|[from] item: Leftovers\n|-damage|p2a: Avalugg|58/317 tox|[from] psn\n|upkeep\n|turn|76\n|inactive|Battle timer is ON: inactive players will automatically lose when time's up. (requested by Superpascal)\n|inactive|makemegowalnuts has 30 seconds to reconnect!\n|inactive|makemegowalnuts has 20 seconds to reconnect!\n|inactive|makemegowalnuts has 15 seconds to reconnect!\n|inactive|makemegowalnuts has 10 seconds to reconnect!\n|inactive|makemegowalnuts has 5 seconds to reconnect!\n|-message|makemegowalnuts lost due to inactivity.\n|\n|win|Superpascal\n|raw|Superpascal's rating: 2214 &rarr; <strong>2237</strong><br />(+23 for winning)\n|raw|makemegowalnuts's rating: 2259 &rarr; <strong>2236</strong><br />(-23 for losing)\n", "inputlog": ">version f332f6e66c888c6399c77e4ee9d4d682fcd18d40\n>start {\"formatid\":\"gen9randombattle\",\"seed\":[34296,48589,26986,15876],\"rated\":\"Rated battle\"}\n>player p1 {\"name\":\"Superpascal\",\"avatar\":\"blue\",\"rating\":2214,\"seed\":[6957,50970,49362,59080]}\n>player p2 {\"name\":\"makemegowalnuts\",\"avatar\":\"2\",\"rating\":2259,\"seed\":[52368,50334,7664,45219]}\n>p1 move surf\n>p2 switch 2\n>p1 move dracometeor\n>p2 move sludgewave\n>p1 move dracometeor\n>p2 move sludgewave\n>p2 switch 6\n>p1 switch 2\n>p2 move stickyweb\n>p1 move spore\n>p2 switch 5\n>p1 move sludgebomb\n>p2 move glare\n>p1 switch 3\n>p2 move glare\n>p1 move closecombat\n>p2 move glare terastallize\n>p1 switch 3\n>p2 switch 5\n>p1 move spore\n>p2 switch 5\n>p1 switch 2\n>p2 move glare\n>p1 move nastyplot\n>p2 move glare\n>p1 move dracometeor\n>p2 move headbutt\n>p1 move dracometeor\n>p2 move headbutt\n>p1 switch 2\n>p1 move spore\n>p2 move glare\n>p1 switch 6\n>p2 move headbutt\n>p1 move substitute\n>p2 move earthquake\n>p1 move protect\n>p2 switch 4\n>p1 move toxic\n>p2 move knockoff\n>p1 move protect\n>p2 move knockoff\n>p1 switch 4\n>p2 move knockoff\n>p1 move auroraveil\n>p2 switch 2\n>p1 switch 3\n>p2 move judgment\n>p1 move earthquake\n>p2 switch 4\n>p1 switch 4\n>p2 move glare\n>p1 move substitute\n>p2 switch 2\n>p1 move protect\n>p2 move knockoff\n>p1 move substitute\n>p2 move knockoff\n>p1 move protect\n>p2 move knockoff\n>p1 move substitute\n>p2 move knockoff\n>p2 switch 4\n>p1 move toxic\n>p2 move earthpower\n>p1 switch 4\n>p2 move earthpower\n>p1 switch 4\n>p2 switch 5\n>p1 move protect\n>p2 move stunspore\n>p1 switch 6\n>p2 move stunspore\n>p1 switch 6\n>p2 switch 2\n>p1 move substitute\n>p2 move earthquake\n>p1 move protect\n>p2 switch 5\n>p1 switch 4\n>p2 move earthpower\n>p1 move earthquake\n>p2 switch 5\n>p1 switch 3\n>p2 move earthquake\n>p1 move auroraveil\n>p2 move glare\n>p1 switch 6\n>p2 move earthquake\n>p1 move spore\n>p2 move headbutt\n>p1 move spore\n>p2 move headbutt\n>p1 move spore\n>p2 move headbutt\n>p1 move spore\n>p2 move headbutt\n>p1 move spore\n>p2 move headbutt\n>p1 switch 3\n>p2 move earthquake\n>p1 switch 3\n>p2 move headbutt\n>p1 move spore\n>p2 switch 5\n>p1 move gigadrain\n>p2 move earthpower\n>p1 move gigadrain\n>p2 move judgment\n>p2 switch 5\n>p1 switch 3\n>p2 move headbutt\n>p1 switch 3\n>p2 move earthquake\n>p1 move spore\n>p2 move headbutt\n>p1 switch 4\n>p2 move headbutt\n>p1 move substitute\n>p2 move earthquake\n>p1 move protect\n>p2 switch 3\n>p1 move protect\n>p2 move stoneedge\n>p1 move substitute\n>p2 move stoneedge\n>p1 move toxic\n>p2 move bodypress\n>p1 move protect\n>p2 switch 3\n>p1 move toxic terastallize\n>p2 move earthquake\n>p1 move protect\n>p2 switch 2\n>p1 switch 4\n>p2 move bugbuzz\n>p1 move gigadrain\n>p2 move bugbuzz\n>chat \u2606Superpascal|dang that was game right there\n>p1 switch 5\n>p2 move moonblast\n>p1 move hurricane\n>p2 move stunspore\n>p2 switch 3\n>p1 switch 3\n>p2 move avalanche\n>p1 switch 4\n>p1 move substitute\n>p2 move avalanche\n>p1 move protect\n>p2 move avalanche\n>p1 move substitute\n>p2 move avalanche\n>p1 move protect\n>p2 move recover\n>p1 move substitute\n>p2 move avalanche\n>forcelose p2", "uploadtime": 1718585256, "views": 185, "formatid": "gen9randombattle", "rating": 2236, "private": 0, "password": null}