{"id": "gen9randombattle-2260442612", "format": "[Gen 9] Random Battle", "players": ["ectra", "I see four"], "log": "|j|\u2606ectra\n|j|\u2606I see four\n|t:|1733852052\n|gametype|singles\n|player|p1|ectra|teamrocket|1635\n|player|p2|I see four|gentleman|1593\n|teamsize|p1|6\n|teamsize|p2|6\n|gen|9\n|tier|[Gen 9] Random Battle\n|rated|\n|rule|Species Clause: Limit one of each Pok\u00e9mon\n|rule|HP Percentage Mod: HP is shown in percentages\n|rule|Sleep Clause Mod: Limit one foe put to sleep\n|rule|Illusion Level Mod: Illusion disguises the Pok\u00e9mon's true level\n|\n|t:|1733852052\n|start\n|switch|p1a: Rillaboom|Rillaboom, L79, F|288/288\n|switch|p2a: Dewgong|Dewgong, L94, F|322/322\n|-fieldstart|move: Grassy Terrain|[from] ability: Grassy Surge|[of] p1a: Rillaboom\n|turn|1\n|inactive|Battle timer is ON: inactive players will automatically lose when time's up. (requested by ectra)\n|inactive|I see four also wants the timer to be on.\n|\n|t:|1733852078\n|switch|p2a: Luxray|Luxray, L88, M|283/283\n|move|p1a: Rillaboom|Swords Dance|p1a: Rillaboom\n|-boost|p1a: Rillaboom|atk|2\n|\n|-status|p2a: Luxray|brn|[from] item: Flame Orb\n|upkeep\n|turn|2\n|\n|t:|1733852088\n|move|p1a: Rillaboom|Grassy Glide|p2a: Luxray\n|-damage|p2a: Luxray|61/283 brn\n|-damage|p1a: Rillaboom|260/288|[from] item: Life Orb\n|move|p2a: Luxray|Trailblaze|p1a: Rillaboom\n|-resisted|p1a: Rillaboom\n|-crit|p1a: Rillaboom\n|-damage|p1a: Rillaboom|187/288\n|-boost|p2a: Luxray|spe|1\n|\n|-heal|p2a: Luxray|78/283 brn|[from] Grassy Terrain\n|-heal|p1a: Rillaboom|205/288|[from] Grassy Terrain\n|-damage|p2a: Luxray|61/283 brn|[from] brn\n|upkeep\n|turn|3\n|\n|t:|1733852098\n|move|p1a: Rillaboom|Grassy Glide|p2a: Luxray\n|-damage|p2a: Luxray|0 fnt\n|faint|p2a: Luxray\n|-damage|p1a: Rillaboom|177/288|[from] item: Life Orb\n|\n|-heal|p1a: Rillaboom|195/288|[from] Grassy Terrain\n|upkeep\n|\n|t:|1733852108\n|switch|p2a: Lokix|Lokix, L82, F|251/251\n|turn|4\n|\n|t:|1733852118\n|switch|p1a: Dudunsparce|Dudunsparce, L83, M|343/343\n|move|p2a: Lokix|Knock Off|p1a: Dudunsparce\n|-damage|p1a: Dudunsparce|199/343\n|-ability|p1a: Dudunsparce|Rattled|boost\n|-boost|p1a: Dudunsparce|spe|1\n|-enditem|p1a: Dudunsparce|Leftovers|[from] move: Knock Off|[of] p2a: Lokix\n|-damage|p2a: Lokix|226/251|[from] item: Life Orb\n|\n|-heal|p1a: Dudunsparce|220/343|[from] Grassy Terrain\n|-heal|p2a: Lokix|241/251|[from] Grassy Terrain\n|upkeep\n|turn|5\n|\n|t:|1733852136\n|switch|p2a: Araquanid|Araquanid, L82, M|246/246\n|move|p1a: Dudunsparce|Roost|p1a: Dudunsparce\n|-heal|p1a: Dudunsparce|343/343\n|-singleturn|p1a: Dudunsparce|move: Roost\n|\n|-fieldend|move: Grassy Terrain\n|upkeep\n|turn|6\n|\n|t:|1733852148\n|move|p1a: Dudunsparce|Boomburst|p2a: Araquanid\n|-damage|p2a: Araquanid|155/246\n|move|p2a: Araquanid|Sticky Web|p1a: Dudunsparce\n|-sidestart|p1: ectra|move: Sticky Web\n|\n|upkeep\n|turn|7\n|\n|t:|1733852166\n|move|p1a: Dudunsparce|Calm Mind|p1a: Dudunsparce\n|-boost|p1a: Dudunsparce|spa|1\n|-boost|p1a: Dudunsparce|spd|1\n|move|p2a: Araquanid|Leech Life|p1a: Dudunsparce\n|-damage|p1a: Dudunsparce|268/343\n|-heal|p2a: Araquanid|193/246|[from] drain|[of] p1a: Dudunsparce\n|-ability|p1a: Dudunsparce|Rattled|boost\n|-boost|p1a: Dudunsparce|spe|1\n|\n|upkeep\n|turn|8\n|\n|t:|1733852179\n|switch|p2a: Garganacl|Garganacl, L80, F|291/291\n|move|p1a: Dudunsparce|Boomburst|p2a: Garganacl\n|-resisted|p2a: Garganacl\n|-damage|p2a: Garganacl|187/291\n|\n|-heal|p2a: Garganacl|205/291|[from] item: Leftovers\n|upkeep\n|turn|9\n|\n|t:|1733852185\n|move|p1a: Dudunsparce|Shadow Ball|p2a: Garganacl\n|-damage|p2a: Garganacl|167/291\n|-unboost|p2a: Garganacl|spd|1\n|move|p2a: Garganacl|Salt Cure|p1a: Dudunsparce\n|-damage|p1a: Dudunsparce|223/343\n|-start|p1a: Dudunsparce|Salt Cure\n|\n|-heal|p2a: Garganacl|185/291|[from] item: Leftovers\n|-damage|p1a: Dudunsparce|181/343|[from] Salt Cure\n|upkeep\n|turn|10\n|\n|t:|1733852200\n|switch|p2a: Dewgong|Dewgong, L94, F|322/322\n|move|p1a: Dudunsparce|Boomburst|p2a: Dewgong\n|-damage|p2a: Dewgong|216/322\n|\n|-damage|p1a: Dudunsparce|139/343|[from] Salt Cure\n|upkeep\n|turn|11\n|\n|t:|1733852211\n|switch|p1a: Hitmonlee|Hitmonlee, L85, M|223/223\n|-activate|p1a: Hitmonlee|move: Sticky Web\n|-unboost|p1a: Hitmonlee|spe|1\n|move|p2a: Dewgong|Flip Turn|p1a: Hitmonlee\n|-damage|p1a: Hitmonlee|139/223\n|\n|t:|1733852222\n|switch|p2a: Araquanid|Araquanid, L82, M|193/246|[from] Flip Turn\n|\n|upkeep\n|turn|12\n|\n|t:|1733852234\n|move|p1a: Hitmonlee|High Jump Kick|p2a: Araquanid|[miss]\n|-miss|p1a: Hitmonlee|p2a: Araquanid\n|-damage|p1a: Hitmonlee|28/223|[from] highjumpkick\n|move|p2a: Araquanid|Liquidation|p1a: Hitmonlee\n|-damage|p1a: Hitmonlee|0 fnt\n|faint|p1a: Hitmonlee\n|\n|upkeep\n|c|\u2606ectra|Lmao\n|\n|t:|1733852257\n|switch|p1a: Rillaboom|Rillaboom, L79, F|195/288\n|-activate|p1a: Rillaboom|move: Sticky Web\n|-unboost|p1a: Rillaboom|spe|1\n|-fieldstart|move: Grassy Terrain|[from] ability: Grassy Surge|[of] p1a: Rillaboom\n|turn|13\n|\n|t:|1733852261\n|move|p1a: Rillaboom|Wood Hammer|p2a: Araquanid\n|-damage|p2a: Araquanid|0 fnt\n|faint|p2a: Araquanid\n|-damage|p1a: Rillaboom|131/288|[from] Recoil\n|-damage|p1a: Rillaboom|103/288|[from] item: Life Orb\n|\n|-heal|p1a: Rillaboom|121/288|[from] Grassy Terrain\n|upkeep\n|\n|t:|1733852268\n|switch|p2a: Lokix|Lokix, L82, F|241/251\n|turn|14\n|\n|t:|1733852280\n|switch|p1a: Dudunsparce|Dudunsparce, L83, M|139/343\n|-activate|p1a: Dudunsparce|move: Sticky Web\n|-unboost|p1a: Dudunsparce|spe|1\n|move|p2a: Lokix|Swords Dance|p2a: Lokix\n|-boost|p2a: Lokix|atk|2\n|\n|-heal|p2a: Lokix|251/251|[from] Grassy Terrain\n|-heal|p1a: Dudunsparce|160/343|[from] Grassy Terrain\n|upkeep\n|turn|15\n|\n|t:|1733852285\n|move|p2a: Lokix|Leech Life|p1a: Dudunsparce\n|-damage|p1a: Dudunsparce|0 fnt\n|faint|p1a: Dudunsparce\n|-damage|p2a: Lokix|226/251|[from] item: Life Orb\n|\n|-heal|p2a: Lokix|241/251|[from] Grassy Terrain\n|upkeep\n|\n|t:|1733852289\n|switch|p1a: Delphox|Delphox, L84, F|263/263\n|turn|16\n|\n|t:|1733852294\n|-terastallize|p1a: Delphox|Fire\n|move|p2a: Lokix|Sucker Punch|p1a: Delphox\n|-damage|p1a: Delphox|32/263\n|-damage|p2a: Lokix|216/251|[from] item: Life Orb\n|move|p1a: Delphox|Fire Blast|p2a: Lokix\n|-supereffective|p2a: Lokix\n|-damage|p2a: Lokix|0 fnt\n|faint|p2a: Lokix\n|\n|-heal|p1a: Delphox|48/263|[from] Grassy Terrain\n|upkeep\n|\n|t:|1733852300\n|switch|p2a: Haxorus|Haxorus, L77, F|244/244\n|-ability|p2a: Haxorus|Mold Breaker\n|turn|17\n|\n|t:|1733852309\n|move|p1a: Delphox|Psyshock|p2a: Haxorus\n|-damage|p2a: Haxorus|132/244\n|move|p2a: Haxorus|Swords Dance|p2a: Haxorus\n|-boost|p2a: Haxorus|atk|2\n|\n|-heal|p1a: Delphox|64/263|[from] Grassy Terrain\n|-heal|p2a: Haxorus|147/244|[from] Grassy Terrain\n|-fieldend|move: Grassy Terrain\n|upkeep\n|turn|18\n|\n|t:|1733852320\n|move|p1a: Delphox|Fire Blast|p2a: Haxorus\n|-resisted|p2a: Haxorus\n|-damage|p2a: Haxorus|0 fnt\n|faint|p2a: Haxorus\n|\n|upkeep\n|\n|t:|1733852328\n|switch|p2a: Dewgong|Dewgong, L94, F|216/322\n|turn|19\n|\n|t:|1733852338\n|move|p1a: Delphox|Fire Blast|p2a: Dewgong|[miss]\n|-miss|p1a: Delphox|p2a: Dewgong\n|move|p2a: Dewgong|Surf|p1a: Delphox\n|-supereffective|p1a: Delphox\n|-damage|p1a: Delphox|0 fnt\n|faint|p1a: Delphox\n|\n|upkeep\n|\n|t:|1733852341\n|switch|p1a: Rillaboom|Rillaboom, L79, F|121/288\n|-activate|p1a: Rillaboom|move: Sticky Web\n|-unboost|p1a: Rillaboom|spe|1\n|-fieldstart|move: Grassy Terrain|[from] ability: Grassy Surge|[of] p1a: Rillaboom\n|turn|20\n|\n|t:|1733852346\n|-terastallize|p2a: Dewgong|Poison\n|move|p1a: Rillaboom|Grassy Glide|p2a: Dewgong\n|-resisted|p2a: Dewgong\n|-damage|p2a: Dewgong|161/322\n|-damage|p1a: Rillaboom|93/288|[from] item: Life Orb\n|move|p2a: Dewgong|Triple Axel|p1a: Rillaboom\n|-supereffective|p1a: Rillaboom\n|-damage|p1a: Rillaboom|49/288\n|-supereffective|p1a: Rillaboom\n|-damage|p1a: Rillaboom|0 fnt\n|faint|p1a: Rillaboom\n|-hitcount|p1: Rillaboom|2\n|\n|-heal|p2a: Dewgong|181/322|[from] Grassy Terrain\n|upkeep\n|\n|t:|1733852354\n|switch|p1a: Hydreigon|Hydreigon, L79, M|275/275\n|turn|21\n|\n|t:|1733852356\n|move|p1a: Hydreigon|Draco Meteor|p2a: Dewgong\n|-damage|p2a: Dewgong|61/322\n|-unboost|p1a: Hydreigon|spa|2\n|move|p2a: Dewgong|Triple Axel|p1a: Hydreigon\n|-supereffective|p1a: Hydreigon\n|-damage|p1a: Hydreigon|233/275\n|-supereffective|p1a: Hydreigon\n|-damage|p1a: Hydreigon|143/275\n|-supereffective|p1a: Hydreigon\n|-damage|p1a: Hydreigon|9/275\n|-hitcount|p1a: Hydreigon|3\n|\n|-heal|p2a: Dewgong|81/322|[from] Grassy Terrain\n|upkeep\n|turn|22\n|\n|t:|1733852368\n|move|p1a: Hydreigon|Draco Meteor|p2a: Dewgong\n|-damage|p2a: Dewgong|21/322\n|-unboost|p1a: Hydreigon|spa|2\n|move|p2a: Dewgong|Knock Off|p1a: Hydreigon\n|-resisted|p1a: Hydreigon\n|-damage|p1a: Hydreigon|0 fnt\n|-enditem|p1a: Hydreigon|Choice Specs|[from] move: Knock Off|[of] p2a: Dewgong\n|faint|p1a: Hydreigon\n|\n|-heal|p2a: Dewgong|41/322|[from] Grassy Terrain\n|upkeep\n|\n|t:|1733852370\n|switch|p1a: Torterra|Torterra, L78, M|276/276\n|-activate|p1a: Torterra|move: Sticky Web\n|-unboost|p1a: Torterra|spe|1\n|turn|23\n|\n|t:|1733852373\n|move|p2a: Dewgong|Triple Axel|p1a: Torterra\n|-supereffective|p1a: Torterra\n|-damage|p1a: Torterra|204/276\n|-supereffective|p1a: Torterra\n|-damage|p1a: Torterra|56/276\n|-supereffective|p1a: Torterra\n|-damage|p1a: Torterra|0 fnt\n|faint|p1a: Torterra\n|-hitcount|p1: Torterra|3\n|\n|win|I see four\n|raw|ectra's rating: 1635 &rarr; <strong>1613</strong><br />(-22 for losing)\n|raw|I see four's rating: 1593 &rarr; <strong>1615</strong><br />(+22 for winning)\n|l|\u2606ectra\n|player|p1|\n", "inputlog": ">version bfd83cad13791eb5a5a409923076391caf6fb4d4\n>start {\"formatid\":\"gen9randombattle\",\"seed\":[4229,23503,53883,3227],\"rated\":\"Rated battle\"}\n>player p1 {\"name\":\"ectra\",\"avatar\":\"teamrocket\",\"rating\":1635,\"seed\":[31493,29071,38346,62916]}\n>player p2 {\"name\":\"I see four\",\"avatar\":\"gentleman\",\"rating\":1593,\"seed\":[7408,56569,47116,40798]}\n>p1 move swordsdance\n>p2 switch 3\n>p1 move grassyglide\n>p2 move trailblaze\n>p1 move grassyglide\n>p2 move facade\n>p2 switch 6\n>p1 switch 2\n>p2 move knockoff\n>p1 move roost\n>p2 switch 4\n>p1 move boomburst\n>p2 move stickyweb\n>p1 move calmmind\n>p2 move leechlife\n>p1 move boomburst\n>p2 switch 2\n>p1 move shadowball\n>p2 move saltcure\n>p1 move boomburst\n>p2 switch 3\n>p1 switch 4\n>p2 move flipturn\n>p2 switch 2\n>p1 move highjumpkick\n>p2 move liquidation\n>chat \u2606ectra|Lmao\n>p1 switch 2\n>p1 move woodhammer\n>p2 move leechlife\n>p2 switch 4\n>p1 switch 4\n>p2 move swordsdance\n>p1 move roost\n>p2 move leechlife\n>p1 switch 6\n>p1 move fireblast terastallize\n>p2 move suckerpunch\n>p2 switch 5\n>p1 move psyshock\n>p2 move swordsdance\n>p1 move fireblast\n>p2 move ironhead\n>p2 switch 2\n>p1 move fireblast\n>p2 move surf\n>p1 switch 4\n>p1 move grassyglide\n>p2 move tripleaxel terastallize\n>p1 switch 3\n>p1 move dracometeor\n>p2 move tripleaxel\n>p1 move dracometeor\n>p2 move knockoff\n>p1 switch 5\n>p1 move shellsmash\n>p2 move tripleaxel", "uploadtime": 1733852388, "views": 2, "formatid": "gen9randombattle", "rating": 1613, "private": 0, "password": null}