{"id": "gen9randombattle-2260528982", "format": "[Gen 9] Random Battle", "players": ["norager", "Graygami3"], "log": "|j|\u2606norager\n|j|\u2606Graygami3\n|t:|1733860415\n|gametype|singles\n|player|p1|norager|n|1320\n|player|p2|Graygami3|birdkeeper-gen4dp|1362\n|teamsize|p1|6\n|teamsize|p2|6\n|gen|9\n|tier|[Gen 9] Random Battle\n|rated|\n|rule|Species Clause: Limit one of each Pok\u00e9mon\n|rule|HP Percentage Mod: HP is shown in percentages\n|rule|Sleep Clause Mod: Limit one foe put to sleep\n|rule|Illusion Level Mod: Illusion disguises the Pok\u00e9mon's true level\n|\n|t:|1733860415\n|start\n|switch|p1a: Palafin|Palafin, L77, M|238/238\n|switch|p2a: Slowbro|Slowbro-Galar, L87, F|307/307\n|turn|1\n|\n|t:|1733860432\n|move|p1a: Palafin|Dark Pulse|p2a: Slowbro\n|-supereffective|p2a: Slowbro\n|-damage|p2a: Slowbro|3/307\n|-damage|p1a: Palafin|215/238|[from] item: Life Orb\n|move|p2a: Slowbro|Shell Side Arm|p1a: Palafin|[anim] Shell Side Arm Physical\n|-damage|p1a: Palafin|79/238\n|-hint|Physical Shell Side Arm\n|replace|p1a: Zoroark|Zoroark, L84, M\n|-end|p1a: Zoroark|Illusion\n|-hint|Illusion Level Mod is active, so this Pok\u00e9mon's true level was hidden.\n|\n|-heal|p2a: Slowbro|22/307|[from] item: Leftovers\n|upkeep\n|turn|2\n|\n|t:|1733860452\n|switch|p2a: Hydreigon|Hydreigon, L79, F|275/275\n|move|p1a: Zoroark|Dark Pulse|p2a: Hydreigon\n|-resisted|p2a: Hydreigon\n|-damage|p2a: Hydreigon|206/275\n|-damage|p1a: Zoroark|56/238|[from] item: Life Orb\n|\n|upkeep\n|turn|3\n|\n|t:|1733860463\n|move|p2a: Hydreigon|Flash Cannon|p1a: Zoroark\n|-damage|p1a: Zoroark|0 fnt\n|faint|p1a: Zoroark\n|\n|upkeep\n|c|\u2606Graygami3|quite the surprise\n|\n|t:|1733860472\n|switch|p1a: Palafin|Palafin, L77, M|281/281\n|turn|4\n|\n|t:|1733860486\n|switch|p2a: Slowbro|Slowbro-Galar, L87, F|124/307\n|detailschange|p1a: Palafin|Palafin-Hero, L77, M\n|switch|p1a: Baxcalibur|Baxcalibur, L75, M|295/295\n|\n|-heal|p2a: Slowbro|143/307|[from] item: Leftovers\n|upkeep\n|turn|5\n|\n|t:|1733860499\n|switch|p2a: Araquanid|Araquanid, L82, M|246/246\n|move|p1a: Baxcalibur|Earthquake|p2a: Araquanid\n|-resisted|p2a: Araquanid\n|-damage|p2a: Araquanid|210/246\n|\n|upkeep\n|turn|6\n|\n|t:|1733860509\n|move|p1a: Baxcalibur|Icicle Spear|p2a: Araquanid\n|-resisted|p2a: Araquanid\n|-damage|p2a: Araquanid|195/246\n|-resisted|p2a: Araquanid\n|-damage|p2a: Araquanid|180/246\n|-resisted|p2a: Araquanid\n|-damage|p2a: Araquanid|165/246\n|-resisted|p2a: Araquanid\n|-damage|p2a: Araquanid|150/246\n|-hitcount|p2a: Araquanid|4\n|move|p2a: Araquanid|Sticky Web|p1a: Baxcalibur\n|-sidestart|p1: norager|move: Sticky Web\n|\n|upkeep\n|turn|7\n|\n|t:|1733860523\n|move|p1a: Baxcalibur|Swords Dance|p1a: Baxcalibur\n|-boost|p1a: Baxcalibur|atk|2\n|move|p2a: Araquanid|Leech Life|p1a: Baxcalibur\n|-damage|p1a: Baxcalibur|229/295\n|-heal|p2a: Araquanid|183/246|[from] drain|[of] p1a: Baxcalibur\n|\n|upkeep\n|turn|8\n|\n|t:|1733860533\n|move|p1a: Baxcalibur|Swords Dance|p1a: Baxcalibur\n|-boost|p1a: Baxcalibur|atk|2\n|move|p2a: Araquanid|Liquidation|p1a: Baxcalibur\n|-resisted|p1a: Baxcalibur\n|-damage|p1a: Baxcalibur|153/295\n|\n|upkeep\n|turn|9\n|\n|t:|1733860560\n|move|p1a: Baxcalibur|Scale Shot|p2a: Araquanid\n|-damage|p2a: Araquanid|92/246\n|-damage|p2a: Araquanid|7/246\n|-damage|p2a: Araquanid|0 fnt\n|faint|p2a: Araquanid\n|-hitcount|p2: Araquanid|3\n|-unboost|p1a: Baxcalibur|def|1\n|-boost|p1a: Baxcalibur|spe|1\n|\n|upkeep\n|\n|t:|1733860571\n|switch|p2a: Hydreigon|Hydreigon, L79, F|206/275\n|turn|10\n|\n|t:|1733860580\n|move|p2a: Hydreigon|Draco Meteor|p1a: Baxcalibur\n|-supereffective|p1a: Baxcalibur\n|-damage|p1a: Baxcalibur|0 fnt\n|-unboost|p2a: Hydreigon|spa|2\n|faint|p1a: Baxcalibur\n|\n|upkeep\n|\n|t:|1733860593\n|switch|p1a: Palafin|Palafin-Hero, L77, M|281/281\n|-activate|p1a: Palafin|move: Sticky Web\n|-unboost|p1a: Palafin|spe|1\n|-activate|p1a: Palafin|ability: Zero to Hero\n|turn|11\n|\n|t:|1733860604\n|switch|p2a: Palossand|Palossand, L89, M|296/296\n|move|p1a: Palafin|Ice Punch|p2a: Palossand\n|-supereffective|p2a: Palossand\n|-damage|p2a: Palossand|190/296\n|\n|-heal|p2a: Palossand|208/296|[from] item: Leftovers\n|upkeep\n|turn|12\n|\n|t:|1733860618\n|-terastallize|p2a: Palossand|Water\n|move|p1a: Palafin|Bulk Up|p1a: Palafin\n|-boost|p1a: Palafin|atk|1\n|-boost|p1a: Palafin|def|1\n|move|p2a: Palossand|Shore Up|p2a: Palossand\n|-heal|p2a: Palossand|296/296\n|\n|upkeep\n|turn|13\n|\n|t:|1733860627\n|move|p1a: Palafin|Bulk Up|p1a: Palafin\n|-boost|p1a: Palafin|atk|1\n|-boost|p1a: Palafin|def|1\n|move|p2a: Palossand|Shadow Ball|p1a: Palafin\n|-damage|p1a: Palafin|172/281\n|\n|-heal|p1a: Palafin|189/281|[from] item: Leftovers\n|upkeep\n|turn|14\n|\n|t:|1733860638\n|move|p1a: Palafin|Bulk Up|p1a: Palafin\n|-boost|p1a: Palafin|atk|1\n|-boost|p1a: Palafin|def|1\n|move|p2a: Palossand|Shadow Ball|p1a: Palafin\n|-damage|p1a: Palafin|84/281\n|\n|-heal|p1a: Palafin|101/281|[from] item: Leftovers\n|upkeep\n|turn|15\n|\n|t:|1733860647\n|move|p1a: Palafin|Drain Punch|p2a: Palossand\n|-damage|p2a: Palossand|156/296\n|-heal|p1a: Palafin|171/281|[from] drain|[of] p2a: Palossand\n|move|p2a: Palossand|Shadow Ball|p1a: Palafin\n|-damage|p1a: Palafin|59/281\n|\n|-heal|p1a: Palafin|76/281|[from] item: Leftovers\n|-heal|p2a: Palossand|174/296|[from] item: Leftovers\n|upkeep\n|turn|16\n|\n|t:|1733860659\n|move|p1a: Palafin|Drain Punch|p2a: Palossand\n|-damage|p2a: Palossand|42/296\n|-heal|p1a: Palafin|142/281|[from] drain|[of] p2a: Palossand\n|move|p2a: Palossand|Shadow Ball|p1a: Palafin\n|-damage|p1a: Palafin|27/281\n|-unboost|p1a: Palafin|spd|1\n|\n|-heal|p1a: Palafin|44/281|[from] item: Leftovers\n|-heal|p2a: Palossand|60/296|[from] item: Leftovers\n|upkeep\n|turn|17\n|\n|t:|1733860672\n|move|p1a: Palafin|Drain Punch|p2a: Palossand\n|-damage|p2a: Palossand|0 fnt\n|-heal|p1a: Palafin|74/281|[from] drain|[of] p2a: Palossand\n|faint|p2a: Palossand\n|\n|-heal|p1a: Palafin|91/281|[from] item: Leftovers\n|upkeep\n|\n|t:|1733860684\n|switch|p2a: Hydreigon|Hydreigon, L79, F|206/275\n|turn|18\n|\n|t:|1733860689\n|move|p1a: Palafin|Jet Punch|p2a: Hydreigon\n|-resisted|p2a: Hydreigon\n|-damage|p2a: Hydreigon|98/275\n|move|p2a: Hydreigon|Dark Pulse|p1a: Palafin\n|-damage|p1a: Palafin|0 fnt\n|faint|p1a: Palafin\n|\n|upkeep\n|\n|t:|1733860706\n|switch|p1a: Misdreavus|Misdreavus, L90, M|254/254\n|turn|19\n|\n|t:|1733860716\n|switch|p2a: Slowbro|Slowbro-Galar, L87, F|245/307\n|move|p1a: Misdreavus|Draining Kiss|p2a: Slowbro\n|-resisted|p2a: Slowbro\n|-damage|p2a: Slowbro|224/307\n|\n|-heal|p2a: Slowbro|243/307|[from] item: Leftovers\n|upkeep\n|turn|20\n|\n|t:|1733860730\n|move|p1a: Misdreavus|Will-O-Wisp|p2a: Slowbro\n|-status|p2a: Slowbro|brn\n|move|p2a: Slowbro|Shell Side Arm|p1a: Misdreavus|[anim] Shell Side Arm Physical\n|-resisted|p1a: Misdreavus\n|-damage|p1a: Misdreavus|235/254\n|-hint|Physical Shell Side Arm\n|\n|-heal|p2a: Slowbro|262/307 brn|[from] item: Leftovers\n|-damage|p2a: Slowbro|243/307 brn|[from] brn\n|upkeep\n|turn|21\n|\n|t:|1733860741\n|move|p1a: Misdreavus|Calm Mind|p1a: Misdreavus\n|-boost|p1a: Misdreavus|spa|1\n|-boost|p1a: Misdreavus|spd|1\n|move|p2a: Slowbro|Shell Side Arm|p1a: Misdreavus|[anim] Shell Side Arm Physical\n|-resisted|p1a: Misdreavus\n|-damage|p1a: Misdreavus|215/254\n|-hint|Physical Shell Side Arm\n|\n|-heal|p2a: Slowbro|262/307 brn|[from] item: Leftovers\n|-damage|p2a: Slowbro|243/307 brn|[from] brn\n|upkeep\n|turn|22\n|\n|t:|1733860751\n|move|p1a: Misdreavus|Calm Mind|p1a: Misdreavus\n|-boost|p1a: Misdreavus|spa|1\n|-boost|p1a: Misdreavus|spd|1\n|move|p2a: Slowbro|Shell Side Arm|p1a: Misdreavus|[anim] Shell Side Arm Physical\n|-resisted|p1a: Misdreavus\n|-damage|p1a: Misdreavus|193/254\n|-hint|Physical Shell Side Arm\n|-status|p1a: Misdreavus|psn\n|\n|-heal|p2a: Slowbro|262/307 brn|[from] item: Leftovers\n|-damage|p1a: Misdreavus|162/254 psn|[from] psn\n|-damage|p2a: Slowbro|243/307 brn|[from] brn\n|upkeep\n|turn|23\n|\n|t:|1733860766\n|switch|p2a: Muk|Muk-Alola, L82, M|306/306\n|move|p1a: Misdreavus|Shadow Ball|p2a: Muk\n|-resisted|p2a: Muk\n|-damage|p2a: Muk|254/306\n|\n|-damage|p1a: Misdreavus|131/254 psn|[from] psn\n|upkeep\n|turn|24\n|\n|t:|1733860785\n|switch|p1a: Tatsugiri|Tatsugiri, L87, F|260/260\n|move|p2a: Muk|Knock Off|p1a: Tatsugiri\n|-damage|p1a: Tatsugiri|130/260\n|-enditem|p1a: Tatsugiri|Heavy-Duty Boots|[from] move: Knock Off|[of] p2a: Muk\n|\n|upkeep\n|turn|25\n|\n|t:|1733860796\n|switch|p2a: Iron Leaves|Iron Leaves, L80|275/275\n|move|p1a: Tatsugiri|Rapid Spin|p2a: Iron Leaves\n|-damage|p2a: Iron Leaves|250/275\n|-boost|p1a: Tatsugiri|spe|1\n|-sideend|p1: norager|Sticky Web|[from] move: Rapid Spin|[of] p1a: Tatsugiri\n|\n|upkeep\n|turn|26\n|\n|t:|1733860810\n|move|p1a: Tatsugiri|Draco Meteor|p2a: Iron Leaves\n|-damage|p2a: Iron Leaves|108/275\n|-unboost|p1a: Tatsugiri|spa|2\n|move|p2a: Iron Leaves|Leaf Blade|p1a: Tatsugiri\n|-damage|p1a: Tatsugiri|0 fnt\n|faint|p1a: Tatsugiri\n|-damage|p2a: Iron Leaves|81/275|[from] item: Life Orb\n|\n|upkeep\n|\n|t:|1733860821\n|switch|p1a: Skeledirge|Skeledirge, L79, F|294/294\n|turn|27\n|\n|t:|1733860828\n|move|p2a: Iron Leaves|Psyblade|p1a: Skeledirge\n|-damage|p1a: Skeledirge|181/294\n|-damage|p2a: Iron Leaves|54/275|[from] item: Life Orb\n|move|p1a: Skeledirge|Flame Charge|p2a: Iron Leaves\n|-supereffective|p2a: Iron Leaves\n|-damage|p2a: Iron Leaves|0 fnt\n|-boost|p1a: Skeledirge|spe|1\n|faint|p2a: Iron Leaves\n|-end|p2a: Iron Leaves|Quark Drive|[silent]\n|\n|upkeep\n|\n|t:|1733860836\n|switch|p2a: Hydreigon|Hydreigon, L79, F|98/275\n|turn|28\n|\n|t:|1733860843\n|-terastallize|p1a: Skeledirge|Water\n|move|p2a: Hydreigon|Dark Pulse|p1a: Skeledirge\n|-damage|p1a: Skeledirge|69/294\n|move|p1a: Skeledirge|Torch Song|p2a: Hydreigon\n|-resisted|p2a: Hydreigon\n|-damage|p2a: Hydreigon|56/275\n|-boost|p1a: Skeledirge|spa|1\n|\n|upkeep\n|turn|29\n|\n|t:|1733860854\n|move|p2a: Hydreigon|Dark Pulse|p1a: Skeledirge\n|-damage|p1a: Skeledirge|0 fnt\n|faint|p1a: Skeledirge\n|\n|upkeep\n|\n|t:|1733860859\n|switch|p1a: Misdreavus|Misdreavus, L90, M|131/254 psn\n|turn|30\n|\n|t:|1733860865\n|move|p2a: Hydreigon|Dark Pulse|p1a: Misdreavus\n|-supereffective|p1a: Misdreavus\n|-damage|p1a: Misdreavus|21/254 psn\n|move|p1a: Misdreavus|Calm Mind|p1a: Misdreavus\n|-boost|p1a: Misdreavus|spa|1\n|-boost|p1a: Misdreavus|spd|1\n|\n|-damage|p1a: Misdreavus|0 fnt|[from] psn\n|faint|p1a: Misdreavus\n|\n|win|Graygami3\n|upkeep\n|raw|norager's rating: 1320 &rarr; <strong>1302</strong><br />(-18 for losing)\n|raw|Graygami3's rating: 1362 &rarr; <strong>1380</strong><br />(+18 for winning)\n|c|\u2606Graygami3|gg\n|l|\u2606norager\n|player|p1|\n", "inputlog": ">version bfd83cad13791eb5a5a409923076391caf6fb4d4\n>start {\"formatid\":\"gen9randombattle\",\"seed\":[63680,7959,35207,47100],\"rated\":\"Rated battle\"}\n>player p1 {\"name\":\"norager\",\"avatar\":\"n\",\"rating\":1320,\"seed\":[55511,29466,35319,63877]}\n>player p2 {\"name\":\"Graygami3\",\"avatar\":\"birdkeeper-gen4dp\",\"rating\":1362,\"seed\":[21985,47265,34259,36710]}\n>p1 move darkpulse\n>p2 move shellsidearm\n>p1 move darkpulse\n>p2 switch 4\n>p1 move psychic\n>p2 move flashcannon\n>chat \u2606Graygami3|quite the surprise\n>p1 switch 6\n>p1 switch 4\n>p2 switch 4\n>p1 move earthquake\n>p2 switch 5\n>p1 move iciclespear\n>p2 move stickyweb\n>p1 move swordsdance\n>p2 move leechlife\n>p1 move swordsdance\n>p2 move liquidation\n>p1 move scaleshot\n>p2 move liquidation\n>p2 switch 4\n>p1 move scaleshot\n>p2 move dracometeor\n>p1 switch 4\n>p1 move icepunch\n>p2 switch 3\n>p1 move bulkup\n>p2 move shoreup terastallize\n>p1 move bulkup\n>p2 move shadowball\n>p1 move bulkup\n>p2 move shadowball\n>p1 move drainpunch\n>p2 move shadowball\n>p1 move drainpunch\n>p2 move shadowball\n>p1 move drainpunch\n>p2 move shadowball\n>p2 switch 3\n>p1 move jetpunch\n>p2 move darkpulse\n>p1 switch 5\n>p1 move drainingkiss\n>p2 switch 5\n>p1 move willowisp\n>p2 move shellsidearm\n>p1 move calmmind\n>p2 move shellsidearm\n>p1 move calmmind\n>p2 move shellsidearm\n>p1 move shadowball\n>p2 switch 6\n>p1 switch 3\n>p2 move knockoff\n>p1 move rapidspin\n>p2 switch 2\n>p1 move dracometeor\n>p2 move leafblade\n>p1 switch 2\n>p1 move flamecharge\n>p2 move psyblade\n>p2 switch 5\n>p1 move torchsong terastallize\n>p2 move darkpulse\n>p1 move slackoff\n>p2 move darkpulse\n>p1 switch 3\n>p1 move calmmind\n>p2 move darkpulse", "uploadtime": 1733860915, "views": 1, "formatid": "gen9randombattle", "rating": 1302, "private": 0, "password": null}