{"id": "gen9randombattle-2259783374", "format": "[Gen 9] Random Battle", "players": ["Deli(NotReal)", "yeknod"], "log": "|j|\u2606Deli(NotReal)\n|j|\u2606yeknod\n|t:|1733766300\n|gametype|singles\n|player|p1|Deli(NotReal)|steven-gen6|1571\n|player|p2|yeknod|1|1627\n|teamsize|p1|6\n|teamsize|p2|6\n|gen|9\n|tier|[Gen 9] Random Battle\n|rated|\n|rule|Species Clause: Limit one of each Pok\u00e9mon\n|rule|HP Percentage Mod: HP is shown in percentages\n|rule|Sleep Clause Mod: Limit one foe put to sleep\n|rule|Illusion Level Mod: Illusion disguises the Pok\u00e9mon's true level\n|\n|t:|1733766300\n|start\n|switch|p1a: Toedscruel|Toedscruel, L87, F|281/281\n|switch|p2a: Iron Moth|Iron Moth, L78|253/253\n|turn|1\n|inactive|Battle timer is ON: inactive players will automatically lose when time's up. (requested by Deli(NotReal))\n|\n|t:|1733766323\n|-end|p2a: Iron Moth|Quark Drive|[silent]\n|switch|p2a: Masquerain|Masquerain, L87, M|264/264\n|-ability|p2a: Masquerain|Intimidate|boost\n|-unboost|p1a: Toedscruel|atk|1\n|move|p1a: Toedscruel|Earth Power|p2a: Masquerain\n|-immune|p2a: Masquerain\n|\n|upkeep\n|turn|2\n|\n|t:|1733766330\n|move|p2a: Masquerain|Quiver Dance|p2a: Masquerain\n|-boost|p2a: Masquerain|spa|1\n|-boost|p2a: Masquerain|spd|1\n|-boost|p2a: Masquerain|spe|1\n|move|p1a: Toedscruel|Toxic|p2a: Masquerain\n|-status|p2a: Masquerain|tox\n|\n|-damage|p2a: Masquerain|248/264 tox|[from] psn\n|upkeep\n|turn|3\n|\n|t:|1733766337\n|move|p2a: Masquerain|Hurricane|p1a: Toedscruel\n|-supereffective|p1a: Toedscruel\n|-damage|p1a: Toedscruel|3/281\n|move|p1a: Toedscruel|Rapid Spin|p2a: Masquerain\n|-damage|p2a: Masquerain|223/264 tox\n|-boost|p1a: Toedscruel|spe|1\n|\n|-heal|p1a: Toedscruel|20/281|[from] item: Leftovers\n|-damage|p2a: Masquerain|191/264 tox|[from] psn\n|upkeep\n|turn|4\n|\n|t:|1733766358\n|move|p1a: Toedscruel|Rapid Spin|p2a: Masquerain\n|-damage|p2a: Masquerain|165/264 tox\n|-boost|p1a: Toedscruel|spe|1\n|move|p2a: Masquerain|Bug Buzz|p1a: Toedscruel\n|-supereffective|p1a: Toedscruel\n|-crit|p1a: Toedscruel\n|-damage|p1a: Toedscruel|0 fnt\n|faint|p1a: Toedscruel\n|\n|-damage|p2a: Masquerain|117/264 tox|[from] psn\n|upkeep\n|\n|t:|1733766362\n|switch|p1a: Toxapex|Toxapex, L82, F|216/216\n|turn|5\n|\n|t:|1733766366\n|move|p2a: Masquerain|Hurricane|p1a: Toxapex\n|-damage|p1a: Toxapex|90/216\n|-start|p1a: Toxapex|confusion\n|-activate|p1a: Toxapex|confusion\n|move|p1a: Toxapex|Recover|p1a: Toxapex\n|-heal|p1a: Toxapex|198/216\n|\n|-heal|p1a: Toxapex|211/216|[from] item: Leftovers\n|-damage|p2a: Masquerain|53/264 tox|[from] psn\n|upkeep\n|turn|6\n|\n|t:|1733766372\n|move|p2a: Masquerain|Hurricane|p1a: Toxapex\n|-damage|p1a: Toxapex|66/216\n|-end|p1a: Toxapex|confusion\n|move|p1a: Toxapex|Recover|p1a: Toxapex\n|-heal|p1a: Toxapex|174/216\n|\n|-heal|p1a: Toxapex|187/216|[from] item: Leftovers\n|-damage|p2a: Masquerain|0 fnt|[from] psn\n|faint|p2a: Masquerain\n|upkeep\n|\n|t:|1733766379\n|switch|p2a: Illumise|Illumise, L91, F|266/266\n|turn|7\n|\n|t:|1733766385\n|switch|p1a: Quagsire|Quagsire, L84, M|297/297\n|move|p2a: Illumise|Thunder Wave|p1a: Quagsire\n|-immune|p1a: Quagsire\n|\n|upkeep\n|turn|8\n|\n|t:|1733766397\n|move|p2a: Illumise|Bug Buzz|p1a: Quagsire\n|-crit|p1a: Quagsire\n|-damage|p1a: Quagsire|123/297\n|move|p1a: Quagsire|Toxic|p2a: Illumise\n|-status|p2a: Illumise|tox\n|\n|-heal|p1a: Quagsire|141/297|[from] item: Leftovers\n|-damage|p2a: Illumise|250/266 tox|[from] psn\n|upkeep\n|turn|9\n|\n|t:|1733766403\n|move|p2a: Illumise|Encore|p1a: Quagsire\n|-start|p1a: Quagsire|Encore\n|move|p1a: Quagsire|Toxic|p2a: Illumise\n|-fail|p2a: Illumise|tox\n|\n|-heal|p1a: Quagsire|159/297|[from] item: Leftovers\n|-damage|p2a: Illumise|218/266 tox|[from] psn\n|upkeep\n|turn|10\n|\n|t:|1733766416\n|switch|p1a: Toxapex|Toxapex, L82, F|216/216\n|move|p2a: Illumise|Bug Buzz|p1a: Toxapex\n|-resisted|p1a: Toxapex\n|-damage|p1a: Toxapex|184/216\n|\n|-heal|p1a: Toxapex|197/216|[from] item: Leftovers\n|-damage|p2a: Illumise|170/266 tox|[from] psn\n|upkeep\n|turn|11\n|\n|t:|1733766423\n|move|p2a: Illumise|Thunder Wave|p1a: Toxapex|[miss]\n|-miss|p2a: Illumise|p1a: Toxapex\n|move|p1a: Toxapex|Liquidation|p2a: Illumise\n|-crit|p2a: Illumise\n|-damage|p2a: Illumise|73/266 tox\n|\n|-heal|p1a: Toxapex|210/216|[from] item: Leftovers\n|-damage|p2a: Illumise|9/266 tox|[from] psn\n|upkeep\n|turn|12\n|\n|t:|1733766437\n|switch|p1a: Quagsire|Quagsire, L84, M|159/297\n|move|p2a: Illumise|Thunder Wave|p1a: Quagsire\n|-immune|p1a: Quagsire\n|\n|-heal|p1a: Quagsire|177/297|[from] item: Leftovers\n|-damage|p2a: Illumise|0 fnt|[from] psn\n|faint|p2a: Illumise\n|upkeep\n|inactive|yeknod has 120 seconds left.\n|\n|t:|1733766468\n|switch|p2a: Ampharos|Ampharos, L88, F|302/302\n|turn|13\n|inactive|yeknod has 120 seconds left.\n|\n|t:|1733766476\n|move|p2a: Ampharos|Dazzling Gleam|p1a: Quagsire\n|-damage|p1a: Quagsire|82/297\n|move|p1a: Quagsire|Toxic|p2a: Ampharos\n|-status|p2a: Ampharos|tox\n|\n|-heal|p1a: Quagsire|100/297|[from] item: Leftovers\n|-damage|p2a: Ampharos|284/302 tox|[from] psn\n|upkeep\n|turn|14\n|\n|t:|1733766491\n|move|p1a: Quagsire|Recover|p1a: Quagsire\n|-heal|p1a: Quagsire|249/297\n|move|p2a: Ampharos|Dragon Tail|p1a: Quagsire\n|-damage|p1a: Quagsire|210/297\n|drag|p1a: Lokix|Lokix, L82, F|251/251\n|\n|-damage|p2a: Ampharos|248/302 tox|[from] psn\n|upkeep\n|turn|15\n|\n|t:|1733766504\n|switch|p1a: Quagsire|Quagsire, L84, M|210/297\n|move|p2a: Ampharos|Discharge|p1a: Quagsire\n|-immune|p1a: Quagsire\n|\n|-heal|p1a: Quagsire|228/297|[from] item: Leftovers\n|-damage|p2a: Ampharos|194/302 tox|[from] psn\n|upkeep\n|turn|16\n|\n|t:|1733766510\n|move|p2a: Ampharos|Dazzling Gleam|p1a: Quagsire\n|-damage|p1a: Quagsire|145/297\n|move|p1a: Quagsire|Recover|p1a: Quagsire\n|-heal|p1a: Quagsire|294/297\n|\n|-heal|p1a: Quagsire|297/297|[from] item: Leftovers\n|-damage|p2a: Ampharos|122/302 tox|[from] psn\n|upkeep\n|turn|17\n|\n|t:|1733766515\n|move|p2a: Ampharos|Dazzling Gleam|p1a: Quagsire\n|-damage|p1a: Quagsire|208/297\n|move|p1a: Quagsire|Earthquake|p2a: Ampharos\n|-supereffective|p2a: Ampharos\n|-damage|p2a: Ampharos|0 fnt\n|faint|p2a: Ampharos\n|\n|-heal|p1a: Quagsire|226/297|[from] item: Leftovers\n|upkeep\n|\n|t:|1733766535\n|switch|p2a: Arceus|Arceus-Fighting, L70|284/284\n|turn|18\n|\n|t:|1733766539\n|-terastallize|p2a: Arceus|Steel\n|move|p2a: Arceus|Iron Defense|p2a: Arceus\n|-boost|p2a: Arceus|def|2\n|move|p1a: Quagsire|Toxic|p2a: Arceus\n|-immune|p2a: Arceus\n|\n|-heal|p1a: Quagsire|244/297|[from] item: Leftovers\n|upkeep\n|turn|19\n|\n|t:|1733766557\n|switch|p1a: Toxapex|Toxapex, L82, F|216/216\n|move|p2a: Arceus|Body Press|p1a: Toxapex\n|-resisted|p1a: Toxapex\n|-damage|p1a: Toxapex|163/216\n|\n|-heal|p1a: Toxapex|176/216|[from] item: Leftovers\n|upkeep\n|turn|20\n|\n|t:|1733766563\n|move|p2a: Arceus|Iron Defense|p2a: Arceus\n|-boost|p2a: Arceus|def|2\n|move|p1a: Toxapex|Haze|p1a: Toxapex\n|-clearallboost\n|\n|-heal|p1a: Toxapex|189/216|[from] item: Leftovers\n|upkeep\n|turn|21\n|\n|t:|1733766566\n|move|p2a: Arceus|Iron Defense|p2a: Arceus\n|-boost|p2a: Arceus|def|2\n|move|p1a: Toxapex|Toxic Spikes|p2a: Arceus\n|-sidestart|p2: yeknod|move: Toxic Spikes\n|\n|-heal|p1a: Toxapex|202/216|[from] item: Leftovers\n|upkeep\n|turn|22\n|\n|t:|1733766569\n|move|p2a: Arceus|Iron Defense|p2a: Arceus\n|-boost|p2a: Arceus|def|2\n|move|p1a: Toxapex|Haze|p1a: Toxapex\n|-clearallboost\n|\n|-heal|p1a: Toxapex|215/216|[from] item: Leftovers\n|upkeep\n|turn|23\n|\n|t:|1733766572\n|move|p2a: Arceus|Iron Defense|p2a: Arceus\n|-boost|p2a: Arceus|def|2\n|move|p1a: Toxapex|Toxic Spikes|p2a: Arceus\n|-sidestart|p2: yeknod|move: Toxic Spikes\n|\n|-heal|p1a: Toxapex|216/216|[from] item: Leftovers\n|upkeep\n|turn|24\n|\n|t:|1733766579\n|move|p2a: Arceus|Shadow Ball|p1a: Toxapex\n|-damage|p1a: Toxapex|180/216\n|move|p1a: Toxapex|Haze|p1a: Toxapex\n|-clearallboost\n|\n|-heal|p1a: Toxapex|193/216|[from] item: Leftovers\n|upkeep\n|turn|25\n|\n|t:|1733766587\n|move|p2a: Arceus|Shadow Ball|p1a: Toxapex\n|-damage|p1a: Toxapex|158/216\n|-unboost|p1a: Toxapex|spd|1\n|move|p1a: Toxapex|Liquidation|p2a: Arceus\n|-damage|p2a: Arceus|230/284\n|\n|-heal|p1a: Toxapex|171/216|[from] item: Leftovers\n|upkeep\n|turn|26\n|\n|t:|1733766596\n|move|p2a: Arceus|Iron Defense|p2a: Arceus\n|-boost|p2a: Arceus|def|2\n|move|p1a: Toxapex|Haze|p1a: Toxapex\n|-clearallboost\n|\n|-heal|p1a: Toxapex|184/216|[from] item: Leftovers\n|upkeep\n|turn|27\n|\n|t:|1733766599\n|move|p2a: Arceus|Iron Defense|p2a: Arceus\n|-boost|p2a: Arceus|def|2\n|move|p1a: Toxapex|Liquidation|p2a: Arceus\n|-damage|p2a: Arceus|200/284\n|-unboost|p2a: Arceus|def|1\n|\n|-heal|p1a: Toxapex|197/216|[from] item: Leftovers\n|upkeep\n|turn|28\n|\n|t:|1733766608\n|move|p2a: Arceus|Shadow Ball|p1a: Toxapex\n|-damage|p1a: Toxapex|165/216\n|move|p1a: Toxapex|Haze|p1a: Toxapex\n|-clearallboost\n|\n|-heal|p1a: Toxapex|178/216|[from] item: Leftovers\n|upkeep\n|turn|29\n|\n|t:|1733766619\n|move|p2a: Arceus|Recover|p2a: Arceus\n|-heal|p2a: Arceus|284/284\n|move|p1a: Toxapex|Liquidation|p2a: Arceus\n|-damage|p2a: Arceus|221/284\n|\n|-heal|p1a: Toxapex|191/216|[from] item: Leftovers\n|upkeep\n|turn|30\n|\n|t:|1733766629\n|switch|p2a: Iron Moth|Iron Moth, L78|253/253\n|-sideend|p2: yeknod|move: Toxic Spikes|[of] p2a: Iron Moth\n|move|p1a: Toxapex|Liquidation|p2a: Iron Moth\n|-supereffective|p2a: Iron Moth\n|-damage|p2a: Iron Moth|67/253\n|\n|-heal|p1a: Toxapex|204/216|[from] item: Leftovers\n|upkeep\n|turn|31\n|\n|t:|1733766639\n|move|p2a: Iron Moth|U-turn|p1a: Toxapex\n|-resisted|p1a: Toxapex\n|-damage|p1a: Toxapex|193/216\n|\n|t:|1733766641\n|-end|p2a: Iron Moth|Quark Drive|[silent]\n|switch|p2a: Arceus|Arceus-Fighting, L70, tera:Steel|221/284|[from] U-turn\n|move|p1a: Toxapex|Liquidation|p2a: Arceus\n|-damage|p2a: Arceus|163/284\n|\n|-heal|p1a: Toxapex|206/216|[from] item: Leftovers\n|upkeep\n|turn|32\n|\n|t:|1733766650\n|move|p2a: Arceus|Iron Defense|p2a: Arceus\n|-boost|p2a: Arceus|def|2\n|move|p1a: Toxapex|Liquidation|p2a: Arceus\n|-damage|p2a: Arceus|130/284\n|\n|-heal|p1a: Toxapex|216/216|[from] item: Leftovers\n|upkeep\n|turn|33\n|\n|t:|1733766654\n|move|p2a: Arceus|Recover|p2a: Arceus\n|-heal|p2a: Arceus|272/284\n|move|p1a: Toxapex|Haze|p1a: Toxapex\n|-clearallboost\n|\n|upkeep\n|turn|34\n|\n|t:|1733766658\n|move|p2a: Arceus|Shadow Ball|p1a: Toxapex\n|-damage|p1a: Toxapex|182/216\n|move|p1a: Toxapex|Liquidation|p2a: Arceus\n|-damage|p2a: Arceus|212/284\n|\n|-heal|p1a: Toxapex|195/216|[from] item: Leftovers\n|upkeep\n|turn|35\n|\n|t:|1733766663\n|move|p2a: Arceus|Shadow Ball|p1a: Toxapex\n|-damage|p1a: Toxapex|161/216\n|move|p1a: Toxapex|Liquidation|p2a: Arceus\n|-damage|p2a: Arceus|157/284\n|\n|-heal|p1a: Toxapex|174/216|[from] item: Leftovers\n|upkeep\n|turn|36\n|\n|t:|1733766670\n|switch|p1a: Quagsire|Quagsire, L84, M|244/297\n|move|p2a: Arceus|Iron Defense|p2a: Arceus\n|-boost|p2a: Arceus|def|2\n|\n|-heal|p1a: Quagsire|262/297|[from] item: Leftovers\n|upkeep\n|turn|37\n|\n|t:|1733766674\n|move|p2a: Arceus|Body Press|p1a: Quagsire\n|-damage|p1a: Quagsire|180/297\n|move|p1a: Quagsire|Earthquake|p2a: Arceus\n|-supereffective|p2a: Arceus\n|-damage|p2a: Arceus|0 fnt\n|faint|p2a: Arceus\n|\n|-heal|p1a: Quagsire|198/297|[from] item: Leftovers\n|upkeep\n|-message|yeknod forfeited.\n|\n|win|Deli(NotReal)\n|raw|Deli(NotReal)'s rating: 1571 &rarr; <strong>1594</strong><br />(+23 for winning)\n|raw|yeknod's rating: 1627 &rarr; <strong>1604</strong><br />(-23 for losing)\n|l|\u2606yeknod\n|player|p2|\n", "inputlog": ">version bfd83cad13791eb5a5a409923076391caf6fb4d4\n>start {\"formatid\":\"gen9randombattle\",\"seed\":[26905,13662,54610,40618],\"rated\":\"Rated battle\"}\n>player p1 {\"name\":\"Deli(NotReal)\",\"avatar\":\"steven-gen6\",\"rating\":1571,\"seed\":[52229,34874,39040,64589]}\n>player p2 {\"name\":\"yeknod\",\"avatar\":\"1\",\"rating\":1627,\"seed\":[52264,47246,49860,34029]}\n>p1 move earthpower\n>p2 switch 3\n>p1 move toxic\n>p2 move quiverdance\n>p1 move rapidspin\n>p2 move hurricane\n>p1 move rapidspin\n>p2 move bugbuzz\n>p1 switch 5\n>p1 move recover\n>p2 move hurricane\n>p1 move recover\n>p2 move hurricane\n>p2 switch 4\n>p1 switch 3\n>p2 move thunderwave\n>p1 move toxic\n>p2 move bugbuzz\n>p1 move recover\n>p2 move encore\n>p1 switch 3\n>p2 move bugbuzz\n>p1 move liquidation\n>p2 move thunderwave\n>p1 switch 3\n>p2 move thunderwave\n>p2 switch 6\n>p1 move toxic\n>p2 move dazzlinggleam\n>p1 move recover\n>p2 move dragontail\n>p1 switch 2\n>p2 move discharge\n>p1 move recover\n>p2 move dazzlinggleam\n>p1 move earthquake\n>p2 move dazzlinggleam\n>p2 switch 5\n>p1 move toxic\n>p2 move irondefense terastallize\n>p1 switch 3\n>p2 move bodypress\n>p1 move haze\n>p2 move irondefense\n>p1 move toxicspikes\n>p2 move irondefense\n>p1 move haze\n>p2 move irondefense\n>p1 move toxicspikes\n>p2 move irondefense\n>p1 move haze\n>p2 move shadowball\n>p1 move liquidation\n>p2 move shadowball\n>p1 move haze\n>p2 move irondefense\n>p1 move liquidation\n>p2 move irondefense\n>p1 move haze\n>p2 move shadowball\n>p1 move liquidation\n>p2 move recover\n>p1 move liquidation\n>p2 switch 3\n>p1 move liquidation\n>p2 move uturn\n>p2 switch 3\n>p1 move liquidation\n>p2 move irondefense\n>p1 move haze\n>p2 move recover\n>p1 move liquidation\n>p2 move shadowball\n>p1 move liquidation\n>p2 move shadowball\n>p1 switch 3\n>p2 move irondefense\n>p1 move earthquake\n>p2 move bodypress\n>forcelose p2", "uploadtime": 1733766689, "views": 6, "formatid": "gen9randombattle", "rating": 1594, "private": 0, "password": null}