{"id": "gen9randombattle-2260843101", "format": "[Gen 9] Random Battle", "players": ["56i645i5s", "wwhu"], "log": "|j|\u260656i645i5s\n|j|\u2606wwhu\n|t:|1733902542\n|gametype|singles\n|player|p1|56i645i5s|2|1211\n|player|p2|wwhu|265|1245\n|teamsize|p1|6\n|teamsize|p2|6\n|gen|9\n|tier|[Gen 9] Random Battle\n|rated|\n|rule|Species Clause: Limit one of each Pok\u00e9mon\n|rule|HP Percentage Mod: HP is shown in percentages\n|rule|Sleep Clause Mod: Limit one foe put to sleep\n|rule|Illusion Level Mod: Illusion disguises the Pok\u00e9mon's true level\n|\n|t:|1733902542\n|start\n|switch|p1a: Kyurem|Kyurem, L77|319/319\n|switch|p2a: Snorlax|Snorlax, L82, F|397/397\n|-ability|p1a: Kyurem|Pressure\n|turn|1\n|inactive|Battle timer is ON: inactive players will automatically lose when time's up. (requested by 56i645i5s)\n|\n|t:|1733902572\n|move|p1a: Kyurem|Dragon Dance|p1a: Kyurem\n|-boost|p1a: Kyurem|atk|1\n|-boost|p1a: Kyurem|spe|1\n|move|p2a: Snorlax|Curse|p2a: Snorlax\n|-unboost|p2a: Snorlax|spe|1\n|-boost|p2a: Snorlax|atk|1\n|-boost|p2a: Snorlax|def|1\n|\n|upkeep\n|turn|2\n|\n|t:|1733902585\n|move|p1a: Kyurem|Icicle Spear|p2a: Snorlax\n|-damage|p2a: Snorlax|379/397\n|-damage|p2a: Snorlax|360/397\n|-damage|p2a: Snorlax|341/397\n|-damage|p2a: Snorlax|323/397\n|-damage|p2a: Snorlax|304/397\n|-hitcount|p2a: Snorlax|5\n|move|p2a: Snorlax|Body Slam|p1a: Kyurem\n|-damage|p1a: Kyurem|175/319\n|\n|-heal|p2a: Snorlax|328/397|[from] item: Leftovers\n|upkeep\n|turn|3\n|\n|t:|1733902601\n|switch|p1a: Arceus|Arceus-Ghost, L69|280/280\n|move|p2a: Snorlax|Curse|p2a: Snorlax\n|-unboost|p2a: Snorlax|spe|1\n|-boost|p2a: Snorlax|atk|1\n|-boost|p2a: Snorlax|def|1\n|\n|-heal|p2a: Snorlax|352/397|[from] item: Leftovers\n|upkeep\n|turn|4\n|inactive|wwhu has 120 seconds left.\n|\n|t:|1733902627\n|switch|p2a: Mimikyu|Mimikyu, L79, M|216/216\n|move|p1a: Arceus|Will-O-Wisp|p2a: Mimikyu\n|-status|p2a: Mimikyu|brn\n|\n|-damage|p2a: Mimikyu|203/216 brn|[from] brn\n|upkeep\n|turn|5\n|inactive|wwhu has 120 seconds left.\n|\n|t:|1733902662\n|switch|p1a: Indeedee|Indeedee, L84, M|238/238\n|-fieldstart|move: Psychic Terrain|[from] ability: Psychic Surge|[of] p1a: Indeedee\n|move|p2a: Mimikyu|Swords Dance|p2a: Mimikyu\n|-boost|p2a: Mimikyu|atk|2\n|\n|-damage|p2a: Mimikyu|190/216 brn|[from] brn\n|upkeep\n|turn|6\n|\n|t:|1733902675\n|move|p1a: Indeedee|Expanding Force|p2a: Mimikyu\n|-activate|p2a: Mimikyu|ability: Disguise\n|-damage|p2a: Mimikyu|190/216 brn\n|detailschange|p2a: Mimikyu|Mimikyu-Busted, L79, M\n|-damage|p2a: Mimikyu|163/216 brn|[from] pokemon: Mimikyu-Busted\n|move|p2a: Mimikyu|Swords Dance|p2a: Mimikyu\n|-boost|p2a: Mimikyu|atk|2\n|\n|-damage|p2a: Mimikyu|150/216 brn|[from] brn\n|upkeep\n|turn|7\n|\n|t:|1733902687\n|move|p1a: Indeedee|Expanding Force|p2a: Mimikyu\n|-damage|p2a: Mimikyu|0 fnt\n|faint|p2a: Mimikyu\n|\n|upkeep\n|\n|t:|1733902694\n|switch|p2a: Krookodile|Krookodile, L80, M|283/283\n|-ability|p2a: Krookodile|Intimidate|boost\n|-unboost|p1a: Indeedee|atk|1\n|turn|8\n|\n|t:|1733902704\n|switch|p1a: Keldeo|Keldeo-Resolute, L79|273/273\n|move|p2a: Krookodile|Knock Off|p1a: Keldeo\n|-resisted|p1a: Keldeo\n|-damage|p1a: Keldeo|188/273\n|-ability|p1a: Keldeo|Justified|boost\n|-boost|p1a: Keldeo|atk|1\n|-enditem|p1a: Keldeo|Choice Specs|[from] move: Knock Off|[of] p2a: Krookodile\n|\n|upkeep\n|turn|9\n|\n|t:|1733902720\n|switch|p2a: Masquerain|Masquerain, L87, F|264/264\n|-ability|p2a: Masquerain|Intimidate|boost\n|-unboost|p1a: Keldeo|atk|1\n|move|p1a: Keldeo|Secret Sword|p2a: Masquerain\n|-resisted|p2a: Masquerain\n|-damage|p2a: Masquerain|235/264\n|\n|-fieldend|move: Psychic Terrain\n|upkeep\n|turn|10\n|\n|t:|1733902734\n|move|p1a: Keldeo|Flip Turn|p2a: Masquerain\n|-damage|p2a: Masquerain|181/264\n|inactive|56i645i5s has 120 seconds left.\n|\n|t:|1733902780\n|switch|p1a: Dialga|Dialga-Origin, L73|266/266|[from] Flip Turn\n|-ability|p1a: Dialga|Pressure\n|move|p2a: Masquerain|Stun Spore|p1a: Dialga\n|-status|p1a: Dialga|par\n|\n|upkeep\n|turn|11\n|\n|t:|1733902794\n|move|p2a: Masquerain|Sticky Web|p1a: Dialga\n|-sidestart|p1: 56i645i5s|move: Sticky Web\n|move|p1a: Dialga|Draco Meteor|p2a: Masquerain\n|-damage|p2a: Masquerain|4/264\n|-unboost|p1a: Dialga|spa|2\n|\n|upkeep\n|turn|12\n|inactive|56i645i5s has 120 seconds left.\n|\n|t:|1733902806\n|switch|p2a: Ditto|Ditto, L87|225/225\n|-transform|p2a: Ditto|p1a: Dialga|[from] ability: Imposter\n|-ability|p2a: Ditto|Pressure\n|move|p1a: Dialga|Heavy Slam|p2a: Ditto\n|-resisted|p2a: Ditto\n|-damage|p2a: Ditto|208/225\n|\n|upkeep\n|turn|13\n|inactive|56i645i5s has 120 seconds left.\n|\n|t:|1733902823\n|move|p2a: Ditto|Fire Blast|p1a: Dialga\n|-damage|p1a: Dialga|224/266 par\n|cant|p1a: Dialga|par\n|\n|upkeep\n|turn|14\n|inactive|56i645i5s has 120 seconds left.\n|\n|t:|1733902837\n|switch|p2a: Krookodile|Krookodile, L80, M|283/283\n|-ability|p2a: Krookodile|Intimidate|boost\n|-unboost|p1a: Dialga|atk|1\n|switch|p1a: Keldeo|Keldeo-Resolute, L79|188/273\n|-activate|p1a: Keldeo|move: Sticky Web\n|-unboost|p1a: Keldeo|spe|1\n|\n|upkeep\n|turn|15\n|inactive|56i645i5s has 120 seconds left.\n|inactive|wwhu has 90 seconds left.\n|\n|t:|1733902862\n|move|p2a: Krookodile|Stone Edge|p1a: Keldeo\n|-resisted|p1a: Keldeo\n|-damage|p1a: Keldeo|129/273\n|move|p1a: Keldeo|Flip Turn|p2a: Krookodile\n|-supereffective|p2a: Krookodile\n|-damage|p2a: Krookodile|173/283\n|\n|t:|1733902869\n|switch|p1a: Whiscash|Whiscash, L88, F|337/337|[from] Flip Turn\n|-activate|p1a: Whiscash|move: Sticky Web\n|-unboost|p1a: Whiscash|spe|1\n|\n|upkeep\n|turn|16\n|inactive|wwhu has 90 seconds left.\n|\n|t:|1733902880\n|switch|p2a: Ditto|Ditto, L87|208/225\n|-transform|p2a: Ditto|p1a: Whiscash|[from] ability: Imposter\n|move|p1a: Whiscash|Liquidation|p2a: Ditto\n|-damage|p2a: Ditto|87/225\n|-damage|p1a: Whiscash|304/337|[from] item: Life Orb\n|\n|upkeep\n|turn|17\n|inactive|wwhu has 90 seconds left.\n|\n|t:|1733902896\n|move|p2a: Ditto|Liquidation|p1a: Whiscash\n|-damage|p1a: Whiscash|213/337\n|move|p1a: Whiscash|Liquidation|p2a: Ditto\n|-damage|p2a: Ditto|0 fnt\n|faint|p2a: Ditto\n|-damage|p1a: Whiscash|180/337|[from] item: Life Orb\n|\n|upkeep\n|\n|t:|1733902912\n|switch|p2a: Masquerain|Masquerain, L87, F|4/264\n|-ability|p2a: Masquerain|Intimidate|boost\n|-fail|p1a: Whiscash|unboost|Attack|[from] ability: Oblivious|[of] p1a: Whiscash\n|turn|18\n|inactive|56i645i5s has 120 seconds left.\n|\n|t:|1733902935\n|move|p2a: Masquerain|Stun Spore|p1a: Whiscash|[miss]\n|-miss|p2a: Masquerain|p1a: Whiscash\n|move|p1a: Whiscash|Liquidation|p2a: Masquerain\n|-damage|p2a: Masquerain|0 fnt\n|faint|p2a: Masquerain\n|-damage|p1a: Whiscash|147/337|[from] item: Life Orb\n|\n|upkeep\n|\n|t:|1733902947\n|switch|p2a: Krookodile|Krookodile, L80, M|173/283\n|-ability|p2a: Krookodile|Intimidate|boost\n|-fail|p1a: Whiscash|unboost|Attack|[from] ability: Oblivious|[of] p1a: Whiscash\n|turn|19\n|\n|t:|1733902954\n|move|p2a: Krookodile|Knock Off|p1a: Whiscash\n|-damage|p1a: Whiscash|0 fnt\n|-enditem|p1a: Whiscash|Life Orb|[from] move: Knock Off|[of] p2a: Krookodile\n|faint|p1a: Whiscash\n|\n|upkeep\n|\n|t:|1733902964\n|switch|p1a: Keldeo|Keldeo-Resolute, L79|129/273\n|-activate|p1a: Keldeo|move: Sticky Web\n|-unboost|p1a: Keldeo|spe|1\n|turn|20\n|inactive|wwhu has 90 seconds left.\n|\n|t:|1733902969\n|switch|p2a: Palossand|Palossand, L89, M|296/296\n|move|p1a: Keldeo|Secret Sword|p2a: Palossand\n|-immune|p2a: Palossand\n|\n|upkeep\n|turn|21\n|inactive|wwhu has 90 seconds left.\n|\n|t:|1733902981\n|move|p1a: Keldeo|Flip Turn|p2a: Palossand\n|-supereffective|p2a: Palossand\n|-damage|p2a: Palossand|228/296\n|-ability|p2a: Palossand|Water Compaction|boost\n|-boost|p2a: Palossand|def|2\n|\n|t:|1733902991\n|switch|p1a: Indeedee|Indeedee, L84, M|238/238|[from] Flip Turn\n|-activate|p1a: Indeedee|move: Sticky Web\n|-unboost|p1a: Indeedee|spe|1\n|-fieldstart|move: Psychic Terrain|[from] ability: Psychic Surge|[of] p1a: Indeedee\n|move|p2a: Palossand|Stealth Rock|p1a: Indeedee\n|-sidestart|p1: 56i645i5s|move: Stealth Rock\n|\n|-heal|p2a: Palossand|246/296|[from] item: Leftovers\n|upkeep\n|turn|22\n|inactive|wwhu has 90 seconds left.\n|\n|t:|1733903009\n|switch|p2a: Krookodile|Krookodile, L80, M|173/283\n|-ability|p2a: Krookodile|Intimidate|boost\n|-unboost|p1a: Indeedee|atk|1\n|move|p1a: Indeedee|Dazzling Gleam|p2a: Krookodile\n|-supereffective|p2a: Krookodile\n|-damage|p2a: Krookodile|0 fnt\n|faint|p2a: Krookodile\n|\n|upkeep\n|inactive|wwhu has 90 seconds left.\n|-message|wwhu forfeited.\n|\n|win|56i645i5s\n|raw|56i645i5s's rating: 1211 &rarr; <strong>1238</strong><br />(+27 for winning)\n|raw|wwhu's rating: 1245 &rarr; <strong>1218</strong><br />(-27 for losing)\n|l|\u2606wwhu\n|player|p2|\n", "inputlog": ">version bfd83cad13791eb5a5a409923076391caf6fb4d4\n>start {\"formatid\":\"gen9randombattle\",\"seed\":[50102,16193,33254,39542],\"rated\":\"Rated battle\"}\n>player p1 {\"name\":\"56i645i5s\",\"avatar\":\"2\",\"rating\":1211,\"seed\":[20217,25488,49856,51502]}\n>player p2 {\"name\":\"wwhu\",\"avatar\":\"265\",\"rating\":1245,\"seed\":[6130,38440,8604,39535]}\n>p1 move dragondance\n>p2 move curse\n>p1 move iciclespear\n>p2 move bodyslam\n>p1 switch 4\n>p2 move curse\n>p1 move willowisp\n>p2 switch 5\n>p1 switch 6\n>p2 move swordsdance\n>p1 move expandingforce\n>p2 move swordsdance\n>p1 move expandingforce\n>p2 move playrough\n>p2 switch 4\n>p1 switch 2\n>p2 move knockoff\n>p1 move secretsword\n>p2 switch 2\n>p1 move flipturn\n>p2 move stunspore\n>p1 switch 3\n>p1 move dracometeor\n>p2 move stickyweb\n>p1 move heavyslam\n>p2 switch 3\n>p1 move dragontail\n>p2 move fireblast\n>p1 switch 3\n>p2 switch 2\n>p1 move flipturn\n>p2 move stoneedge\n>p1 switch 5\n>p1 move liquidation\n>p2 switch 2\n>p1 move liquidation\n>p2 move liquidation\n>p2 switch 3\n>p1 move liquidation\n>p2 move stunspore\n>p2 switch 2\n>p1 move liquidation\n>p2 move knockoff\n>p1 switch 5\n>p1 move secretsword\n>p2 switch 6\n>p1 move flipturn\n>p2 move stealthrock\n>p1 switch 2\n>p1 move dazzlinggleam\n>p2 switch 6\n>forcelose p2", "uploadtime": 1733903022, "views": 1, "formatid": "gen9randombattle", "rating": 1218, "private": 0, "password": null}