{"id": "gen9randombattle-2259955754", "format": "[Gen 9] Random Battle", "players": ["dxcfvyguhiokp", "Martin12Funlife"], "log": "|j|\u2606dxcfvyguhiokp\n|j|\u2606Martin12Funlife\n|t:|1733784008\n|gametype|singles\n|player|p1|dxcfvyguhiokp|preschooler|1070\n|player|p2|Martin12Funlife|pokemaniac|1117\n|teamsize|p1|6\n|teamsize|p2|6\n|gen|9\n|tier|[Gen 9] Random Battle\n|rated|\n|rule|Species Clause: Limit one of each Pok\u00e9mon\n|rule|HP Percentage Mod: HP is shown in percentages\n|rule|Sleep Clause Mod: Limit one foe put to sleep\n|rule|Illusion Level Mod: Illusion disguises the Pok\u00e9mon's true level\n|\n|t:|1733784008\n|start\n|switch|p1a: Flutter Mane|Flutter Mane, L74|203/203\n|switch|p2a: Arboliva|Arboliva, L91, M|288/288\n|turn|1\n|inactive|Battle timer is ON: inactive players will automatically lose when time's up. (requested by dxcfvyguhiokp)\n|\n|t:|1733784026\n|move|p1a: Flutter Mane|Mystical Fire|p2a: Arboliva\n|-supereffective|p2a: Arboliva\n|-damage|p2a: Arboliva|172/288\n|-unboost|p2a: Arboliva|spa|1\n|move|p2a: Arboliva|Leech Seed|p1a: Flutter Mane\n|-start|p1a: Flutter Mane|move: Leech Seed\n|\n|-damage|p1a: Flutter Mane|178/203|[from] Leech Seed|[of] p2a: Arboliva\n|-heal|p2a: Arboliva|197/288|[silent]\n|upkeep\n|turn|2\n|\n|t:|1733784041\n|-end|p1a: Flutter Mane|Protosynthesis|[silent]\n|switch|p1a: Pincurchin|Pincurchin, M|258/258\n|-fieldstart|move: Electric Terrain|[from] ability: Electric Surge|[of] p1a: Pincurchin\n|move|p2a: Arboliva|Hyper Voice|p1a: Pincurchin\n|-damage|p1a: Pincurchin|177/258\n|\n|-heal|p1a: Pincurchin|193/258|[from] item: Leftovers\n|upkeep\n|turn|3\n|\n|t:|1733784051\n|move|p2a: Arboliva|Leech Seed|p1a: Pincurchin|[miss]\n|-miss|p2a: Arboliva|p1a: Pincurchin\n|move|p1a: Pincurchin|Toxic Spikes|p2a: Arboliva\n|-sidestart|p2: Martin12Funlife|move: Toxic Spikes\n|\n|-heal|p1a: Pincurchin|209/258|[from] item: Leftovers\n|upkeep\n|turn|4\n|\n|t:|1733784058\n|move|p2a: Arboliva|Leech Seed|p1a: Pincurchin\n|-start|p1a: Pincurchin|move: Leech Seed\n|move|p1a: Pincurchin|Toxic Spikes|p2a: Arboliva\n|-sidestart|p2: Martin12Funlife|move: Toxic Spikes\n|\n|-heal|p1a: Pincurchin|225/258|[from] item: Leftovers\n|-damage|p1a: Pincurchin|193/258|[from] Leech Seed|[of] p2a: Arboliva\n|-heal|p2a: Arboliva|229/288|[silent]\n|upkeep\n|turn|5\n|\n|t:|1733784066\n|switch|p1a: Flutter Mane|Flutter Mane, L74|178/203\n|move|p2a: Arboliva|Hyper Voice|p1a: Flutter Mane\n|-immune|p1a: Flutter Mane\n|\n|upkeep\n|turn|6\n|\n|t:|1733784074\n|move|p1a: Flutter Mane|Mystical Fire|p2a: Arboliva\n|-supereffective|p2a: Arboliva\n|-damage|p2a: Arboliva|105/288\n|-unboost|p2a: Arboliva|spa|1\n|-enditem|p2a: Arboliva|Sitrus Berry|[eat]\n|-heal|p2a: Arboliva|177/288|[from] item: Sitrus Berry\n|move|p2a: Arboliva|Leech Seed|p1a: Flutter Mane\n|-start|p1a: Flutter Mane|move: Leech Seed\n|\n|-damage|p1a: Flutter Mane|153/203|[from] Leech Seed|[of] p2a: Arboliva\n|-heal|p2a: Arboliva|202/288|[silent]\n|-fieldend|move: Electric Terrain\n|-item|p2a: Arboliva|Sitrus Berry|[from] ability: Harvest\n|upkeep\n|turn|7\n|\n|t:|1733784088\n|move|p2a: Arboliva|Protect|p2a: Arboliva\n|-singleturn|p2a: Arboliva|Protect\n|move|p1a: Flutter Mane|Mystical Fire|p2a: Arboliva\n|-activate|p2a: Arboliva|move: Protect\n|\n|-damage|p1a: Flutter Mane|128/203|[from] Leech Seed|[of] p2a: Arboliva\n|-heal|p2a: Arboliva|227/288|[silent]\n|upkeep\n|turn|8\n|\n|t:|1733784112\n|move|p2a: Arboliva|Protect||[still]\n|-fail|p2a: Arboliva\n|move|p1a: Flutter Mane|Mystical Fire|p2a: Arboliva\n|-supereffective|p2a: Arboliva\n|-damage|p2a: Arboliva|99/288\n|-unboost|p2a: Arboliva|spa|1\n|-enditem|p2a: Arboliva|Sitrus Berry|[eat]\n|-heal|p2a: Arboliva|171/288|[from] item: Sitrus Berry\n|\n|-damage|p1a: Flutter Mane|103/203|[from] Leech Seed|[of] p2a: Arboliva\n|-heal|p2a: Arboliva|196/288|[silent]\n|upkeep\n|turn|9\n|\n|t:|1733784122\n|-end|p1a: Flutter Mane|Protosynthesis|[silent]\n|switch|p1a: Mesprit|Mesprit, L85|275/275\n|move|p2a: Arboliva|Substitute|p2a: Arboliva\n|-start|p2a: Arboliva|Substitute\n|-damage|p2a: Arboliva|124/288\n|\n|upkeep\n|turn|10\n|\n|t:|1733784129\n|move|p1a: Mesprit|Psychic Noise|p2a: Arboliva\n|-damage|p2a: Arboliva|58/288\n|-start|p2a: Arboliva|move: Heal Block\n|move|p2a: Arboliva|Leech Seed|p1a: Mesprit\n|-start|p1a: Mesprit|move: Leech Seed\n|\n|-damage|p1a: Mesprit|241/275|[from] Leech Seed|[of] p2a: Arboliva\n|-item|p2a: Arboliva|Sitrus Berry|[from] ability: Harvest\n|upkeep\n|turn|11\n|\n|t:|1733784140\n|move|p1a: Mesprit|Psychic Noise|p2a: Arboliva\n|-damage|p2a: Arboliva|0 fnt\n|faint|p2a: Arboliva\n|\n|-heal|p1a: Mesprit|258/275|[from] item: Leftovers\n|upkeep\n|\n|t:|1733784156\n|switch|p2a: Drifblim|Drifblim, L86, M|396/396\n|turn|12\n|\n|t:|1733784161\n|move|p2a: Drifblim|Shadow Ball|p1a: Mesprit\n|-supereffective|p1a: Mesprit\n|-damage|p1a: Mesprit|114/275\n|move|p1a: Mesprit|Knock Off|p2a: Drifblim\n|-supereffective|p2a: Drifblim\n|-damage|p2a: Drifblim|158/396\n|-enditem|p2a: Drifblim|Sitrus Berry|[from] move: Knock Off|[of] p1a: Mesprit\n|\n|-heal|p1a: Mesprit|131/275|[from] item: Leftovers\n|-damage|p1a: Mesprit|97/275|[from] Leech Seed|[of] p2a: Drifblim\n|-heal|p2a: Drifblim|192/396|[silent]\n|upkeep\n|turn|13\n|\n|t:|1733784172\n|switch|p1a: Girafarig|Girafarig, L89, F|269/269\n|move|p2a: Drifblim|Shadow Ball|p1a: Girafarig\n|-immune|p1a: Girafarig\n|\n|upkeep\n|turn|14\n|\n|t:|1733784183\n|move|p2a: Drifblim|Strength Sap|p1a: Girafarig\n|-ability|p1a: Girafarig|Sap Sipper|boost\n|-boost|p1a: Girafarig|atk|1\n|move|p1a: Girafarig|Thunderbolt|p2a: Drifblim\n|-supereffective|p2a: Drifblim\n|-damage|p2a: Drifblim|2/396\n|\n|upkeep\n|turn|15\n|\n|t:|1733784193\n|move|p2a: Drifblim|Air Slash|p1a: Girafarig|[miss]\n|-miss|p2a: Drifblim|p1a: Girafarig\n|move|p1a: Girafarig|Nasty Plot|p1a: Girafarig\n|-boost|p1a: Girafarig|spa|2\n|\n|upkeep\n|turn|16\n|\n|t:|1733784199\n|move|p2a: Drifblim|Air Slash|p1a: Girafarig\n|-damage|p1a: Girafarig|211/269\n|move|p1a: Girafarig|Thunderbolt|p2a: Drifblim\n|-supereffective|p2a: Drifblim\n|-damage|p2a: Drifblim|0 fnt\n|faint|p2a: Drifblim\n|\n|upkeep\n|\n|t:|1733784216\n|switch|p2a: Spidops|Spidops, L96, F|271/271\n|turn|17\n|\n|t:|1733784223\n|move|p1a: Girafarig|Psychic|p2a: Spidops\n|-damage|p2a: Spidops|78/271\n|move|p2a: Spidops|Sticky Web|p1a: Girafarig\n|-sidestart|p1: dxcfvyguhiokp|move: Sticky Web\n|\n|upkeep\n|turn|18\n|\n|t:|1733784236\n|move|p1a: Girafarig|Psychic|p2a: Spidops\n|-damage|p2a: Spidops|0 fnt\n|faint|p2a: Spidops\n|\n|upkeep\n|\n|t:|1733784241\n|switch|p2a: Oranguru|Oranguru, L92, M|315/315\n|-status|p2a: Oranguru|tox\n|turn|19\n|\n|t:|1733784247\n|move|p1a: Girafarig|Nasty Plot|p1a: Girafarig\n|-boost|p1a: Girafarig|spa|2\n|move|p2a: Oranguru|Focus Blast|p1a: Girafarig|[miss]\n|-miss|p2a: Oranguru|p1a: Girafarig\n|\n|-damage|p2a: Oranguru|296/315 tox|[from] psn\n|upkeep\n|turn|20\n|\n|t:|1733784258\n|-terastallize|p2a: Oranguru|Electric\n|move|p1a: Girafarig|Thunderbolt|p2a: Oranguru\n|-resisted|p2a: Oranguru\n|-damage|p2a: Oranguru|225/315 tox\n|move|p2a: Oranguru|Focus Blast|p1a: Girafarig\n|-damage|p1a: Girafarig|141/269\n|\n|-heal|p2a: Oranguru|244/315 tox|[from] item: Leftovers\n|-damage|p2a: Oranguru|206/315 tox|[from] psn\n|upkeep\n|turn|21\n|\n|t:|1733784271\n|-terastallize|p1a: Girafarig|Psychic\n|move|p1a: Girafarig|Psychic|p2a: Oranguru\n|-damage|p2a: Oranguru|0 fnt\n|faint|p2a: Oranguru\n|\n|upkeep\n|\n|t:|1733784277\n|switch|p2a: Swampert|Swampert, L83, F|302/302\n|-status|p2a: Swampert|tox\n|turn|22\n|-message|Martin12Funlife forfeited.\n|\n|win|dxcfvyguhiokp\n|raw|dxcfvyguhiokp's rating: 1070 &rarr; <strong>1103</strong><br />(+33 for winning)\n|raw|Martin12Funlife's rating: 1117 &rarr; <strong>1089</strong><br />(-28 for losing)\n|l|\u2606Martin12Funlife\n|player|p2|\n", "inputlog": ">version bfd83cad13791eb5a5a409923076391caf6fb4d4\n>start {\"formatid\":\"gen9randombattle\",\"seed\":[24081,28104,16458,21890],\"rated\":\"Rated battle\"}\n>player p1 {\"name\":\"dxcfvyguhiokp\",\"avatar\":\"preschooler\",\"rating\":1070,\"seed\":[543,9701,8769,30499]}\n>player p2 {\"name\":\"Martin12Funlife\",\"avatar\":\"pokemaniac\",\"rating\":1117,\"seed\":[22558,14019,35836,7331]}\n>p1 move mysticalfire\n>p2 move leechseed\n>p1 switch 3\n>p2 move hypervoice\n>p1 move toxicspikes\n>p2 move leechseed\n>p1 move toxicspikes\n>p2 move leechseed\n>p1 switch 3\n>p2 move hypervoice\n>p1 move mysticalfire\n>p2 move leechseed\n>p1 move mysticalfire\n>p2 move protect\n>p1 move mysticalfire\n>p2 move protect\n>p1 switch 4\n>p2 move substitute\n>p1 move psychicnoise\n>p2 move leechseed\n>p1 move psychicnoise\n>p2 move hypervoice\n>p2 switch 6\n>p1 move knockoff\n>p2 move shadowball\n>p1 switch 5\n>p2 move shadowball\n>p1 move thunderbolt\n>p2 move strengthsap\n>p1 move nastyplot\n>p2 move airslash\n>p1 move thunderbolt\n>p2 move airslash\n>p2 switch 5\n>p1 move psychic\n>p2 move stickyweb\n>p1 move psychic\n>p2 move circlethrow\n>p2 switch 3\n>p1 move nastyplot\n>p2 move focusblast\n>p1 move thunderbolt\n>p2 move focusblast terastallize\n>p1 move psychic terastallize\n>p2 move psychic\n>p2 switch 2\n>forcelose p2", "uploadtime": 1733784283, "views": 1, "formatid": "gen9randombattle", "rating": 1089, "private": 0, "password": null}