{"id": "gen9randombattle-2259896402", "format": "[Gen 9] Random Battle", "players": ["Jdjdjjf", "Kingmoke"], "log": "|j|\u2606Jdjdjjf\n|j|\u2606Kingmoke\n|t:|1733777534\n|gametype|singles\n|player|p1|Jdjdjjf|101|1108\n|player|p2|Kingmoke|swimmerf|1100\n|teamsize|p1|6\n|teamsize|p2|6\n|gen|9\n|tier|[Gen 9] Random Battle\n|rated|\n|rule|Species Clause: Limit one of each Pok\u00e9mon\n|rule|HP Percentage Mod: HP is shown in percentages\n|rule|Sleep Clause Mod: Limit one foe put to sleep\n|rule|Illusion Level Mod: Illusion disguises the Pok\u00e9mon's true level\n|\n|t:|1733777534\n|start\n|switch|p1a: Glimmora|Glimmora, L75, M|248/248\n|switch|p2a: Annihilape|Annihilape, L76, M|292/292\n|turn|1\n|inactive|Battle timer is ON: inactive players will automatically lose when time's up. (requested by Jdjdjjf)\n|\n|t:|1733777552\n|move|p2a: Annihilape|Taunt|p1a: Glimmora\n|-start|p1a: Glimmora|move: Taunt\n|move|p1a: Glimmora|Mortal Spin|p2a: Annihilape\n|-resisted|p2a: Annihilape\n|-crit|p2a: Annihilape\n|-damage|p2a: Annihilape|277/292\n|-status|p2a: Annihilape|psn\n|\n|-heal|p2a: Annihilape|292/292 psn|[from] item: Leftovers\n|-damage|p2a: Annihilape|256/292 psn|[from] psn\n|upkeep\n|turn|2\n|\n|t:|1733777569\n|switch|p1a: Granbull|Granbull, L88, F|302/302\n|-ability|p1a: Granbull|Intimidate|boost\n|-unboost|p2a: Annihilape|atk|1\n|-ability|p2a: Annihilape|Defiant|boost\n|-boost|p2a: Annihilape|atk|2\n|move|p2a: Annihilape|Drain Punch|p1a: Granbull\n|-resisted|p1a: Granbull\n|-damage|p1a: Granbull|246/302\n|-heal|p2a: Annihilape|284/292 psn|[from] drain|[of] p1a: Granbull\n|\n|-heal|p2a: Annihilape|292/292 psn|[from] item: Leftovers\n|-heal|p1a: Granbull|264/302|[from] item: Leftovers\n|-damage|p2a: Annihilape|256/292 psn|[from] psn\n|upkeep\n|turn|3\n|\n|t:|1733777598\n|-terastallize|p2a: Annihilape|Steel\n|move|p2a: Annihilape|Rage Fist|p1a: Granbull\n|-damage|p1a: Granbull|93/302\n|move|p1a: Granbull|Play Rough|p2a: Annihilape\n|-resisted|p2a: Annihilape\n|-damage|p2a: Annihilape|187/292 psn\n|\n|-heal|p2a: Annihilape|205/292 psn|[from] item: Leftovers\n|-heal|p1a: Granbull|111/302|[from] item: Leftovers\n|-damage|p2a: Annihilape|169/292 psn|[from] psn\n|upkeep\n|turn|4\n|\n|t:|1733777613\n|switch|p1a: Glimmora|Glimmora, L75, M|248/248\n|move|p2a: Annihilape|Rage Fist|p1a: Glimmora\n|-damage|p1a: Glimmora|2/248\n|-activate|p1a: Glimmora|ability: Toxic Debris\n|-sidestart|p2: Kingmoke|move: Toxic Spikes\n|\n|-heal|p2a: Annihilape|187/292 psn|[from] item: Leftovers\n|-damage|p2a: Annihilape|151/292 psn|[from] psn\n|upkeep\n|turn|5\n|\n|t:|1733777626\n|move|p2a: Annihilape|Drain Punch|p1a: Glimmora\n|-damage|p1a: Glimmora|0 fnt\n|-heal|p2a: Annihilape|152/292 psn|[from] drain|[of] p1a: Glimmora\n|-activate|p1a: Glimmora|ability: Toxic Debris\n|-sidestart|p2: Kingmoke|move: Toxic Spikes\n|faint|p1a: Glimmora\n|\n|-heal|p2a: Annihilape|170/292 psn|[from] item: Leftovers\n|-damage|p2a: Annihilape|134/292 psn|[from] psn\n|upkeep\n|inactive|Jdjdjjf has 120 seconds left.\n|\n|t:|1733777645\n|switch|p1a: Staraptor|Staraptor, L79, F|263/263\n|turn|6\n|\n|t:|1733777658\n|switch|p2a: Delphox|Delphox, L84, M|263/263\n|-status|p2a: Delphox|tox\n|move|p1a: Staraptor|Close Combat|p2a: Delphox\n|-resisted|p2a: Delphox\n|-damage|p2a: Delphox|185/263 tox\n|-unboost|p1a: Staraptor|def|1\n|-unboost|p1a: Staraptor|spd|1\n|\n|-damage|p2a: Delphox|169/263 tox|[from] psn\n|upkeep\n|turn|7\n|\n|t:|1733777671\n|switch|p1a: Phione|Phione, L91|293/293\n|move|p2a: Delphox|Fire Blast|p1a: Phione\n|-resisted|p1a: Phione\n|-damage|p1a: Phione|203/293\n|\n|-heal|p1a: Phione|221/293|[from] item: Leftovers\n|-damage|p2a: Delphox|137/263 tox|[from] psn\n|upkeep\n|turn|8\n|\n|t:|1733777685\n|switch|p2a: Sunflora|Sunflora, F|312/312\n|-status|p2a: Sunflora|tox\n|move|p1a: Phione|Take Heart|p1a: Phione\n|-boost|p1a: Phione|spa|1\n|-boost|p1a: Phione|spd|1\n|\n|-heal|p1a: Phione|239/293|[from] item: Leftovers\n|-damage|p2a: Sunflora|293/312 tox|[from] psn\n|upkeep\n|turn|9\n|\n|t:|1733777702\n|move|p1a: Phione|Take Heart|p1a: Phione\n|-boost|p1a: Phione|spa|1\n|-boost|p1a: Phione|spd|1\n|move|p2a: Sunflora|Solar Beam||[still]\n|-prepare|p2a: Sunflora|Solar Beam\n|\n|-heal|p1a: Phione|257/293|[from] item: Leftovers\n|-damage|p2a: Sunflora|255/312 tox|[from] psn\n|upkeep\n|turn|10\n|\n|t:|1733777712\n|-terastallize|p1a: Phione|Dragon\n|move|p1a: Phione|Take Heart|p1a: Phione\n|-boost|p1a: Phione|spa|1\n|-boost|p1a: Phione|spd|1\n|move|p2a: Sunflora|Solar Beam|p1a: Phione|[from]lockedmove\n|-resisted|p1a: Phione\n|-damage|p1a: Phione|210/293\n|-damage|p2a: Sunflora|224/312 tox|[from] item: Life Orb\n|\n|-heal|p1a: Phione|228/293|[from] item: Leftovers\n|-damage|p2a: Sunflora|167/312 tox|[from] psn\n|upkeep\n|turn|11\n|\n|t:|1733777731\n|switch|p2a: Meganium|Meganium, L90, M|290/290\n|-status|p2a: Meganium|tox\n|move|p1a: Phione|Take Heart|p1a: Phione\n|-boost|p1a: Phione|spa|1\n|-boost|p1a: Phione|spd|1\n|\n|-heal|p1a: Phione|246/293|[from] item: Leftovers\n|-damage|p2a: Meganium|272/290 tox|[from] psn\n|upkeep\n|turn|12\n|\n|t:|1733777744\n|move|p1a: Phione|Scald|p2a: Meganium\n|-resisted|p2a: Meganium\n|-damage|p2a: Meganium|161/290 tox\n|move|p2a: Meganium|Swords Dance|p2a: Meganium\n|-boost|p2a: Meganium|atk|2\n|\n|-heal|p1a: Phione|264/293|[from] item: Leftovers\n|-damage|p2a: Meganium|125/290 tox|[from] psn\n|upkeep\n|turn|13\n|\n|t:|1733777756\n|move|p1a: Phione|Scald|p2a: Meganium\n|-resisted|p2a: Meganium\n|-damage|p2a: Meganium|16/290 tox\n|move|p2a: Meganium|Petal Blizzard|p1a: Phione\n|-resisted|p1a: Phione\n|-damage|p1a: Phione|83/293\n|-damage|p2a: Meganium|0 fnt|[from] item: Life Orb\n|faint|p2a: Meganium\n|\n|-heal|p1a: Phione|101/293|[from] item: Leftovers\n|upkeep\n|\n|t:|1733777770\n|switch|p2a: Sunflora|Sunflora, F|167/312 tox\n|turn|14\n|\n|t:|1733777780\n|move|p1a: Phione|Rest|p1a: Phione\n|-status|p1a: Phione|slp|[from] move: Rest\n|-heal|p1a: Phione|293/293 slp|[silent]\n|move|p2a: Sunflora|Earth Power|p1a: Phione\n|-damage|p1a: Phione|251/293 slp\n|-unboost|p1a: Phione|spd|1\n|-damage|p2a: Sunflora|136/312 tox|[from] item: Life Orb\n|\n|-heal|p1a: Phione|269/293 slp|[from] item: Leftovers\n|-damage|p2a: Sunflora|117/312 tox|[from] psn\n|upkeep\n|turn|15\n|\n|t:|1733777794\n|cant|p1a: Phione|slp\n|move|p1a: Phione|Sleep Talk|p1a: Phione\n|move|p1a: Phione|Scald|p2a: Sunflora|[from]move: Sleep Talk\n|-resisted|p2a: Sunflora\n|-damage|p2a: Sunflora|12/312 tox\n|move|p2a: Sunflora|Sunny Day|p2a: Sunflora\n|-weather|SunnyDay\n|\n|-weather|SunnyDay|[upkeep]\n|-heal|p1a: Phione|287/293 slp|[from] item: Leftovers\n|-damage|p2a: Sunflora|0 fnt|[from] psn\n|faint|p2a: Sunflora\n|upkeep\n|\n|t:|1733777806\n|switch|p2a: Ditto|Ditto, L87|225/225\n|-status|p2a: Ditto|tox\n|-transform|p2a: Ditto|p1a: Phione|[from] ability: Imposter\n|-start|p2a: Ditto|typechange|Water|[silent]\n|turn|16\n|inactive|Kingmoke has 120 seconds left.\n|\n|t:|1733777823\n|move|p2a: Ditto|Scald|p1a: Phione\n|-resisted|p1a: Phione\n|-damage|p1a: Phione|265/293 slp\n|cant|p1a: Phione|slp\n|move|p1a: Phione|Sleep Talk|p1a: Phione\n|move|p1a: Phione|Take Heart|p1a: Phione|[from]move: Sleep Talk\n|-boost|p1a: Phione|spa|1\n|-boost|p1a: Phione|spd|1\n|-curestatus|p1a: Phione|slp|[msg]\n|\n|-weather|SunnyDay|[upkeep]\n|-heal|p1a: Phione|283/293|[from] item: Leftovers\n|-damage|p2a: Ditto|211/225 tox|[from] psn\n|upkeep\n|turn|17\n|inactive|Kingmoke has 120 seconds left.\n|\n|t:|1733777844\n|switch|p2a: Annihilape|Annihilape, L76, M, tera:Steel|134/292 psn\n|move|p1a: Phione|Scald|p2a: Annihilape\n|-damage|p2a: Annihilape|0 fnt\n|faint|p2a: Annihilape\n|\n|-weather|SunnyDay|[upkeep]\n|-heal|p1a: Phione|293/293|[from] item: Leftovers\n|upkeep\n|-message|Kingmoke forfeited.\n|\n|win|Jdjdjjf\n|raw|Jdjdjjf's rating: 1108 &rarr; <strong>1132</strong><br />(+24 for winning)\n|raw|Kingmoke's rating: 1100 &rarr; <strong>1076</strong><br />(-24 for losing)\n|l|\u2606Kingmoke\n|player|p2|\n", "inputlog": ">version bfd83cad13791eb5a5a409923076391caf6fb4d4\n>start {\"formatid\":\"gen9randombattle\",\"seed\":[19313,41454,25731,63752],\"rated\":\"Rated battle\"}\n>player p1 {\"name\":\"Jdjdjjf\",\"avatar\":\"101\",\"rating\":1108,\"seed\":[32519,15121,15400,5223]}\n>player p2 {\"name\":\"Kingmoke\",\"avatar\":\"swimmerf\",\"rating\":1100,\"seed\":[43822,29027,21576,44379]}\n>p1 move mortalspin\n>p2 move taunt\n>p1 switch 2\n>p2 move drainpunch\n>p1 move playrough\n>p2 move ragefist terastallize\n>p1 switch 2\n>p2 move ragefist\n>p1 move spikes\n>p2 move drainpunch\n>p1 switch 6\n>p1 move closecombat\n>p2 switch 2\n>p1 switch 5\n>p2 move fireblast\n>p1 move takeheart\n>p2 switch 4\n>p1 move takeheart\n>p2 move solarbeam\n>p1 move takeheart terastallize\n>p2 move solarbeam\n>p1 move takeheart\n>p2 switch 6\n>p1 move scald\n>p2 move swordsdance\n>p1 move scald\n>p2 move petalblizzard\n>p2 switch 6\n>p1 move rest\n>p2 move earthpower\n>p1 move sleeptalk\n>p2 move sunnyday\n>p2 switch 3\n>p1 move sleeptalk\n>p2 move scald\n>p1 move scald\n>p2 switch 2\n>forcelose p2", "uploadtime": 1733777886, "views": 1, "formatid": "gen9randombattle", "rating": 1076, "private": 0, "password": null}