{"id": "gen9randombattle-2152280676", "format": "[Gen 9] Random Battle", "players": ["Plaessynplaeae", "MichaelderBesteVGC"], "log": "|badge|p2|bronze|gen9randombattle|100-1\n|html|<div class=\"broadcast-red\"><strong>This battle is required to be public due to one or more player having a season medal.</strong><br />During the public phase, you can discuss the state of the ladder <a href=\"/seasondiscussion\">in a special chatroom.</a></div>\n|uhtml|medal-msg|<div class=\"broadcast-blue\">Curious what those medals under the avatar are? PS now has Ladder Seasons! For more information, check out the <a href=\"https://www.smogon.com/forums/threads/3740067/\">thread on Smogon.</a></div>\n|j|\u2606Plaessynplaeae\n|j|\u2606MichaelderBesteVGC\n|t:|1719687300\n|gametype|singles\n|player|p1|Plaessynplaeae|skier|2278\n|player|p2|MichaelderBesteVGC|#scl3platoon2|2345\n|teamsize|p1|6\n|teamsize|p2|6\n|gen|9\n|tier|[Gen 9] Random Battle\n|rated|\n|rule|Species Clause: Limit one of each Pok\u00e9mon\n|rule|HP Percentage Mod: HP is shown in percentages\n|rule|Sleep Clause Mod: Limit one foe put to sleep\n|rule|Illusion Level Mod: Illusion disguises the Pok\u00e9mon's true level\n|\n|t:|1719687300\n|start\n|switch|p1a: Lurantis|Lurantis, L87, F|264/264\n|switch|p2a: Probopass|Probopass, L92, F|260/260\n|turn|1\n|inactive|Battle timer is ON: inactive players will automatically lose when time's up. (requested by Plaessynplaeae)\n|inactive|MichaelderBesteVGC has 120 seconds left.\n|inactive|MichaelderBesteVGC has 90 seconds left.\n|\n|t:|1719687390\n|switch|p2a: Hatterene|Hatterene, L85, F|236/236\n|move|p1a: Lurantis|Superpower|p2a: Hatterene\n|-resisted|p2a: Hatterene\n|-damage|p2a: Hatterene|214/236\n|-boost|p1a: Lurantis|atk|1\n|-boost|p1a: Lurantis|def|1\n|\n|upkeep\n|turn|2\n|\n|t:|1719687397\n|move|p1a: Lurantis|Knock Off|p2a: Hatterene\n|-damage|p2a: Hatterene|97/236\n|-enditem|p2a: Hatterene|Assault Vest|[from] move: Knock Off|[of] p1a: Lurantis\n|move|p2a: Hatterene|Nuzzle|p1a: Lurantis\n|-resisted|p1a: Lurantis\n|-damage|p1a: Lurantis|259/264\n|-status|p1a: Lurantis|par\n|\n|upkeep\n|turn|3\n|\n|t:|1719687418\n|move|p2a: Hatterene|Draining Kiss|p1a: Lurantis\n|-damage|p1a: Lurantis|211/264 par\n|-heal|p2a: Hatterene|133/236|[from] drain|[of] p1a: Lurantis\n|move|p1a: Lurantis|Leaf Storm|p2a: Hatterene\n|-damage|p2a: Hatterene|25/236\n|-boost|p1a: Lurantis|spa|2\n|\n|upkeep\n|turn|4\n|\n|t:|1719687427\n|move|p2a: Hatterene|Mystical Fire|p1a: Lurantis\n|-supereffective|p1a: Lurantis\n|-damage|p1a: Lurantis|123/264 par\n|-boost|p1a: Lurantis|spa|1\n|move|p1a: Lurantis|Leaf Storm|p2a: Hatterene\n|-damage|p2a: Hatterene|0 fnt\n|-boost|p1a: Lurantis|spa|2\n|faint|p2a: Hatterene\n|\n|upkeep\n|\n|t:|1719687434\n|switch|p2a: Flareon|Flareon, L90, M|263/263\n|turn|5\n|\n|t:|1719687437\n|move|p2a: Flareon|Flare Blitz|p1a: Lurantis\n|-supereffective|p1a: Lurantis\n|-damage|p1a: Lurantis|0 fnt\n|faint|p1a: Lurantis\n|-damage|p2a: Flareon|222/263|[from] Recoil\n|\n|-status|p2a: Flareon|tox|[from] item: Toxic Orb\n|upkeep\n|\n|t:|1719687444\n|switch|p1a: Palkia|Palkia, L75|259/259\n|-ability|p1a: Palkia|Pressure\n|turn|6\n|\n|t:|1719687448\n|switch|p2a: Lumineon|Lumineon, L93, M|279/279\n|move|p1a: Palkia|Draco Meteor|p2a: Lumineon\n|-damage|p2a: Lumineon|75/279\n|-unboost|p1a: Palkia|spa|2\n|\n|upkeep\n|turn|7\n|\n|t:|1719687452\n|move|p2a: Lumineon|U-turn|p1a: Palkia\n|-damage|p1a: Palkia|208/259\n|\n|t:|1719687458\n|switch|p2a: Probopass|Probopass, L92, F|260/260|[from] U-turn\n|move|p1a: Palkia|Draco Meteor|p2a: Probopass\n|-resisted|p2a: Probopass\n|-damage|p2a: Probopass|224/260\n|-unboost|p1a: Palkia|spa|2\n|\n|-heal|p2a: Probopass|240/260|[from] item: Leftovers\n|upkeep\n|turn|8\n|\n|t:|1719687462\n|switch|p1a: Landorus|Landorus, L75, M|257/257\n|move|p2a: Probopass|Iron Defense|p2a: Probopass\n|-boost|p2a: Probopass|def|2\n|\n|-heal|p2a: Probopass|256/260|[from] item: Leftovers\n|upkeep\n|turn|9\n|\n|t:|1719687467\n|switch|p2a: Salamence|Salamence, L77, F|273/273\n|-ability|p2a: Salamence|Intimidate|boost\n|-unboost|p1a: Landorus|atk|1\n|move|p1a: Landorus|Earth Power|p2a: Salamence\n|-immune|p2a: Salamence\n|\n|upkeep\n|turn|10\n|\n|t:|1719687474\n|move|p2a: Salamence|Dual Wingbeat|p1a: Landorus\n|-damage|p1a: Landorus|209/257\n|-damage|p1a: Landorus|158/257\n|-hitcount|p1a: Landorus|2\n|move|p1a: Landorus|Sludge Wave|p2a: Salamence\n|-damage|p2a: Salamence|144/273\n|\n|upkeep\n|turn|11\n|\n|t:|1719687482\n|move|p2a: Salamence|Dual Wingbeat|p1a: Landorus\n|-damage|p1a: Landorus|106/257\n|-damage|p1a: Landorus|57/257\n|-hitcount|p1a: Landorus|2\n|move|p1a: Landorus|Sludge Wave|p2a: Salamence\n|-damage|p2a: Salamence|18/273\n|\n|upkeep\n|turn|12\n|\n|t:|1719687485\n|switch|p1a: Pachirisu|Pachirisu, L96, M|271/271\n|move|p2a: Salamence|Dual Wingbeat|p1a: Pachirisu\n|-resisted|p1a: Pachirisu\n|-damage|p1a: Pachirisu|247/271\n|-resisted|p1a: Pachirisu\n|-damage|p1a: Pachirisu|223/271\n|-hitcount|p1a: Pachirisu|2\n|\n|upkeep\n|turn|13\n|\n|t:|1719687488\n|switch|p2a: Probopass|Probopass, L92, F|256/260\n|move|p1a: Pachirisu|Thunderbolt|p2a: Probopass\n|-damage|p2a: Probopass|210/260\n|\n|-heal|p2a: Probopass|226/260|[from] item: Leftovers\n|upkeep\n|turn|14\n|\n|t:|1719687494\n|move|p1a: Pachirisu|U-turn|p2a: Probopass\n|-resisted|p2a: Probopass\n|-damage|p2a: Probopass|214/260\n|\n|t:|1719687495\n|switch|p1a: Palkia|Palkia, L75|208/259|[from] U-turn\n|-ability|p1a: Palkia|Pressure\n|move|p2a: Probopass|Power Gem|p1a: Palkia\n|-damage|p1a: Palkia|139/259\n|\n|-heal|p2a: Probopass|230/260|[from] item: Leftovers\n|upkeep\n|turn|15\n|\n|t:|1719687500\n|switch|p2a: Salamence|Salamence, L77, F|18/273\n|-ability|p2a: Salamence|Intimidate|boost\n|-unboost|p1a: Palkia|atk|1\n|move|p1a: Palkia|Hydro Pump|p2a: Salamence|[miss]\n|-miss|p1a: Palkia|p2a: Salamence\n|\n|upkeep\n|turn|16\n|\n|t:|1719687505\n|move|p2a: Salamence|Roost|p2a: Salamence\n|-heal|p2a: Salamence|155/273\n|-singleturn|p2a: Salamence|move: Roost\n|move|p1a: Palkia|Hydro Pump|p2a: Salamence\n|-resisted|p2a: Salamence\n|-damage|p2a: Salamence|45/273\n|\n|upkeep\n|turn|17\n|\n|t:|1719687508\n|switch|p1a: Excadrill|Excadrill, L80, F|307/307\n|-ability|p1a: Excadrill|Mold Breaker\n|move|p2a: Salamence|Roost|p2a: Salamence\n|-heal|p2a: Salamence|182/273\n|-singleturn|p2a: Salamence|move: Roost\n|\n|upkeep\n|turn|18\n|\n|t:|1719687516\n|switch|p2a: Probopass|Probopass, L92, F|230/260\n|move|p1a: Excadrill|Rapid Spin|p2a: Probopass\n|-resisted|p2a: Probopass\n|-damage|p2a: Probopass|224/260\n|-boost|p1a: Excadrill|spe|1\n|\n|-heal|p2a: Probopass|240/260|[from] item: Leftovers\n|upkeep\n|turn|19\n|\n|t:|1719687523\n|-terastallize|p1a: Excadrill|Ground\n|-terastallize|p2a: Probopass|Fighting\n|move|p1a: Excadrill|Swords Dance|p1a: Excadrill\n|-boost|p1a: Excadrill|atk|2\n|move|p2a: Probopass|Body Press|p1a: Excadrill\n|-damage|p1a: Excadrill|108/307\n|\n|-heal|p1a: Excadrill|127/307|[from] item: Leftovers\n|-heal|p2a: Probopass|256/260|[from] item: Leftovers\n|upkeep\n|turn|20\n|\n|t:|1719687527\n|move|p1a: Excadrill|Earthquake|p2a: Probopass\n|-damage|p2a: Probopass|46/260\n|move|p2a: Probopass|Body Press|p1a: Excadrill\n|-damage|p1a: Excadrill|0 fnt\n|faint|p1a: Excadrill\n|\n|-heal|p2a: Probopass|62/260|[from] item: Leftovers\n|upkeep\n|\n|t:|1719687539\n|switch|p1a: Palkia|Palkia, L75|139/259\n|-ability|p1a: Palkia|Pressure\n|turn|21\n|\n|t:|1719687544\n|move|p1a: Palkia|Spacial Rend|p2a: Probopass\n|-damage|p2a: Probopass|0 fnt\n|faint|p2a: Probopass\n|\n|upkeep\n|\n|t:|1719687546\n|switch|p2a: Flareon|Flareon, L90, M|222/263 tox\n|turn|22\n|\n|t:|1719687552\n|move|p1a: Palkia|Spacial Rend|p2a: Flareon\n|-damage|p2a: Flareon|81/263 tox\n|move|p2a: Flareon|Trailblaze|p1a: Palkia\n|-damage|p1a: Palkia|66/259\n|-boost|p2a: Flareon|spe|1\n|\n|-damage|p2a: Flareon|65/263 tox|[from] psn\n|upkeep\n|turn|23\n|\n|t:|1719687559\n|move|p2a: Flareon|Facade|p1a: Palkia\n|-damage|p1a: Palkia|0 fnt\n|faint|p1a: Palkia\n|\n|-damage|p2a: Flareon|33/263 tox|[from] psn\n|upkeep\n|\n|t:|1719687561\n|switch|p1a: Landorus|Landorus, L75, M|57/257\n|turn|24\n|\n|t:|1719687564\n|move|p2a: Flareon|Flare Blitz|p1a: Landorus\n|-damage|p1a: Landorus|0 fnt\n|faint|p1a: Landorus\n|-damage|p2a: Flareon|14/263 tox|[from] Recoil\n|\n|-damage|p2a: Flareon|0 fnt|[from] psn\n|faint|p2a: Flareon\n|upkeep\n|\n|t:|1719687568\n|switch|p1a: Pachirisu|Pachirisu, L96, M|223/271\n|switch|p2a: Orthworm|Orthworm, L88, F|266/266\n|turn|25\n|\n|t:|1719687594\n|move|p1a: Pachirisu|Super Fang|p2a: Orthworm\n|-damage|p2a: Orthworm|133/266\n|move|p2a: Orthworm|Body Press|p1a: Pachirisu\n|-damage|p1a: Pachirisu|130/271\n|\n|upkeep\n|turn|26\n|\n|t:|1719687602\n|move|p1a: Pachirisu|Thunderbolt|p2a: Orthworm\n|-damage|p2a: Orthworm|31/266\n|move|p2a: Orthworm|Body Press|p1a: Pachirisu\n|-damage|p1a: Pachirisu|42/271\n|\n|upkeep\n|turn|27\n|\n|t:|1719687605\n|move|p1a: Pachirisu|Thunderbolt|p2a: Orthworm\n|-damage|p2a: Orthworm|0 fnt\n|faint|p2a: Orthworm\n|\n|upkeep\n|\n|t:|1719687606\n|switch|p2a: Salamence|Salamence, L77, F|182/273\n|-ability|p2a: Salamence|Intimidate|boost\n|-unboost|p1a: Pachirisu|atk|1\n|turn|28\n|\n|t:|1719687609\n|move|p1a: Pachirisu|Nuzzle|p2a: Salamence\n|-damage|p2a: Salamence|169/273\n|-status|p2a: Salamence|par\n|move|p2a: Salamence|Dragon Dance|p2a: Salamence\n|-boost|p2a: Salamence|atk|1\n|-boost|p2a: Salamence|spe|1\n|\n|upkeep\n|turn|29\n|\n|t:|1719687612\n|move|p1a: Pachirisu|Thunderbolt|p2a: Salamence\n|-damage|p2a: Salamence|81/273 par\n|move|p2a: Salamence|Roost|p2a: Salamence\n|-heal|p2a: Salamence|218/273 par\n|-singleturn|p2a: Salamence|move: Roost\n|\n|upkeep\n|turn|30\n|\n|t:|1719687616\n|move|p1a: Pachirisu|Thunderbolt|p2a: Salamence\n|-damage|p2a: Salamence|128/273 par\n|move|p2a: Salamence|Roost|p2a: Salamence\n|-heal|p2a: Salamence|265/273 par\n|-singleturn|p2a: Salamence|move: Roost\n|\n|upkeep\n|turn|31\n|\n|t:|1719687618\n|move|p1a: Pachirisu|Thunderbolt|p2a: Salamence\n|-damage|p2a: Salamence|175/273 par\n|move|p2a: Salamence|Dual Wingbeat|p1a: Pachirisu\n|-resisted|p1a: Pachirisu\n|-damage|p1a: Pachirisu|6/271\n|-resisted|p1a: Pachirisu\n|-damage|p1a: Pachirisu|0 fnt\n|faint|p1a: Pachirisu\n|-hitcount|p1: Pachirisu|2\n|\n|upkeep\n|\n|t:|1719687620\n|switch|p1a: Darkrai|Darkrai, L76|231/231\n|turn|32\n|\n|t:|1719687624\n|move|p1a: Darkrai|Dark Pulse|p2a: Salamence\n|-damage|p2a: Salamence|42/273 par\n|-damage|p1a: Darkrai|208/231|[from] item: Life Orb\n|cant|p2a: Salamence|par\n|\n|upkeep\n|turn|33\n|\n|t:|1719687629\n|move|p1a: Darkrai|Dark Pulse|p2a: Salamence\n|-damage|p2a: Salamence|0 fnt\n|faint|p2a: Salamence\n|-damage|p1a: Darkrai|185/231|[from] item: Life Orb\n|\n|upkeep\n|\n|t:|1719687630\n|switch|p2a: Lumineon|Lumineon, L93, M|75/279\n|turn|34\n|\n|t:|1719687633\n|move|p1a: Darkrai|Dark Pulse|p2a: Lumineon\n|-damage|p2a: Lumineon|0 fnt\n|faint|p2a: Lumineon\n|-damage|p1a: Darkrai|162/231|[from] item: Life Orb\n|\n|win|Plaessynplaeae\n|raw|Plaessynplaeae's rating: 2278 &rarr; <strong>2302</strong><br />(+24 for winning)\n|raw|MichaelderBesteVGC's rating: 2345 &rarr; <strong>2321</strong><br />(-24 for losing)\n", "inputlog": ">version 021bb6b4147d783a3aa9da22896c4e1e173f1b61\n>start {\"formatid\":\"gen9randombattle\",\"seed\":[13668,40783,62540,32148],\"rated\":\"Rated battle\"}\n>player p1 {\"name\":\"Plaessynplaeae\",\"avatar\":\"skier\",\"rating\":2278,\"seed\":[40823,9674,43002,10657]}\n>player p2 {\"name\":\"MichaelderBesteVGC\",\"avatar\":\"#scl3platoon2\",\"rating\":2345,\"seed\":[12495,15362,15102,20647]}\n>p1 move superpower\n>p2 switch 5\n>p1 move knockoff\n>p2 move nuzzle\n>p1 move leafstorm\n>p2 move drainingkiss\n>p1 move leafstorm\n>p2 move mysticalfire\n>p2 switch 4\n>p1 move knockoff\n>p2 move flareblitz\n>p1 switch 4\n>p1 move dracometeor\n>p2 switch 6\n>p1 move dracometeor\n>p2 move uturn\n>p2 switch 5\n>p1 switch 6\n>p2 move irondefense\n>p1 move earthpower\n>p2 switch 2\n>p1 move sludgewave\n>p2 move dualwingbeat\n>p1 move sludgewave\n>p2 move dualwingbeat\n>p1 switch 2\n>p2 move dualwingbeat\n>p1 move thunderbolt\n>p2 switch 2\n>p1 move uturn\n>p2 move powergem\n>p1 switch 6\n>p1 move hydropump\n>p2 switch 2\n>p1 move hydropump\n>p2 move roost\n>p1 switch 5\n>p2 move roost\n>p1 move rapidspin\n>p2 switch 2\n>p1 move swordsdance terastallize\n>p2 move bodypress terastallize\n>p1 move earthquake\n>p2 move bodypress\n>p1 switch 5\n>p1 move spacialrend\n>p2 move bodypress\n>p2 switch 6\n>p1 move spacialrend\n>p2 move trailblaze\n>p1 move spacialrend\n>p2 move facade\n>p1 switch 2\n>p1 move sludgewave\n>p2 move flareblitz\n>p1 switch 6\n>p2 switch 3\n>p1 move superfang\n>p2 move bodypress\n>p1 move thunderbolt\n>p2 move bodypress\n>p1 move thunderbolt\n>p2 move bodypress\n>p2 switch 2\n>p1 move nuzzle\n>p2 move dragondance\n>p1 move thunderbolt\n>p2 move roost\n>p1 move thunderbolt\n>p2 move roost\n>p1 move thunderbolt\n>p2 move dualwingbeat\n>p1 switch 3\n>p1 move darkpulse\n>p2 move outrage\n>p1 move darkpulse\n>p2 move outrage\n>p2 switch 5\n>p1 move darkpulse\n>p2 move alluringvoice", "uploadtime": 1719687635, "views": 218, "formatid": "gen9randombattle", "rating": 2302, "private": 0, "password": null}