{"id": "gen9randombattle-2260347289", "format": "[Gen 9] Random Battle", "players": ["Bobbay John", "MJHoops"], "log": "|j|\u2606Bobbay John\n|j|\u2606MJHoops\n|t:|1733842524\n|gametype|singles\n|player|p1|Bobbay John|169|1172\n|player|p2|MJHoops|unknown|1184\n|teamsize|p1|6\n|teamsize|p2|6\n|gen|9\n|tier|[Gen 9] Random Battle\n|rated|\n|rule|Species Clause: Limit one of each Pok\u00e9mon\n|rule|HP Percentage Mod: HP is shown in percentages\n|rule|Sleep Clause Mod: Limit one foe put to sleep\n|rule|Illusion Level Mod: Illusion disguises the Pok\u00e9mon's true level\n|\n|t:|1733842524\n|start\n|switch|p1a: Ludicolo|Ludicolo, L90, M|290/290\n|switch|p2a: Magmortar|Magmortar, L88, F|275/275\n|turn|1\n|inactive|Battle timer is ON: inactive players will automatically lose when time's up. (requested by MJHoops)\n|\n|t:|1733842571\n|switch|p2a: Ambipom|Ambipom, L84, M|263/263\n|move|p1a: Ludicolo|Hydro Pump|p2a: Ambipom\n|-damage|p2a: Ambipom|23/263\n|\n|upkeep\n|turn|2\n|\n|t:|1733842579\n|switch|p1a: Dusknoir|Dusknoir, L89, M|225/225\n|-item|p2a: Ambipom|Silk Scarf|[from] ability: Frisk|[of] p1a: Dusknoir\n|move|p2a: Ambipom|Fake Out|p1a: Dusknoir\n|-immune|p1a: Dusknoir\n|\n|upkeep\n|turn|3\n|\n|t:|1733842599\n|move|p2a: Ambipom|Knock Off|p1a: Dusknoir\n|-supereffective|p1a: Dusknoir\n|-damage|p1a: Dusknoir|123/225\n|-enditem|p1a: Dusknoir|Leftovers|[from] move: Knock Off|[of] p2a: Ambipom\n|move|p1a: Dusknoir|Earthquake|p2a: Ambipom\n|-damage|p2a: Ambipom|0 fnt\n|faint|p2a: Ambipom\n|\n|upkeep\n|\n|t:|1733842609\n|switch|p2a: Houndoom|Houndoom, L87, F|272/272\n|turn|4\n|inactive|Bobbay John has 120 seconds left.\n|\n|t:|1733842643\n|switch|p1a: Golem|Golem, L87, M|281/281\n|move|p2a: Houndoom|Nasty Plot|p2a: Houndoom\n|-boost|p2a: Houndoom|spa|2\n|\n|upkeep\n|turn|5\n|\n|t:|1733842662\n|move|p2a: Houndoom|Dark Pulse|p1a: Golem\n|-damage|p1a: Golem|52/281\n|move|p1a: Golem|Stealth Rock|p2a: Houndoom\n|-sidestart|p2: MJHoops|move: Stealth Rock\n|\n|upkeep\n|turn|6\n|-enditem|p1a: Golem|Custap Berry|[eat]\n|-activate|p1a: Golem|item: Custap Berry|[consumed]\n|\n|t:|1733842674\n|move|p1a: Golem|Earthquake|p2a: Houndoom\n|-supereffective|p2a: Houndoom\n|-damage|p2a: Houndoom|0 fnt\n|faint|p2a: Houndoom\n|\n|upkeep\n|\n|t:|1733842685\n|switch|p2a: Palafin|Palafin, L77, F|281/281\n|-damage|p2a: Palafin|246/281|[from] Stealth Rock\n|turn|7\n|\n|t:|1733842699\n|move|p2a: Palafin|Jet Punch|p1a: Golem\n|-supereffective|p1a: Golem\n|-damage|p1a: Golem|0 fnt\n|faint|p1a: Golem\n|\n|-heal|p2a: Palafin|263/281|[from] item: Leftovers\n|upkeep\n|\n|t:|1733842707\n|switch|p1a: Gyarados|Gyarados, L79, F|280/280\n|turn|8\n|inactive|MJHoops has 120 seconds left.\n|\n|t:|1733842734\n|detailschange|p2a: Palafin|Palafin-Hero, L77, F\n|switch|p2a: Magmortar|Magmortar, L88, F|275/275\n|move|p1a: Gyarados|Dragon Dance|p1a: Gyarados\n|-boost|p1a: Gyarados|atk|1\n|-boost|p1a: Gyarados|spe|1\n|\n|upkeep\n|turn|9\n|inactive|MJHoops has 120 seconds left.\n|inactive|Bobbay John has 120 seconds left.\n|\n|t:|1733842779\n|-terastallize|p1a: Gyarados|Ground\n|move|p1a: Gyarados|Dragon Dance|p1a: Gyarados\n|-boost|p1a: Gyarados|atk|1\n|-boost|p1a: Gyarados|spe|1\n|move|p2a: Magmortar|Thunderbolt|p1a: Gyarados\n|-immune|p1a: Gyarados\n|\n|upkeep\n|turn|10\n|\n|t:|1733842792\n|move|p1a: Gyarados|Earthquake|p2a: Magmortar\n|-supereffective|p2a: Magmortar\n|-damage|p2a: Magmortar|0 fnt\n|faint|p2a: Magmortar\n|-ability|p1a: Gyarados|Moxie|boost\n|-boost|p1a: Gyarados|atk|1\n|\n|upkeep\n|\n|t:|1733842799\n|switch|p2a: Palafin|Palafin-Hero, L77, F|263/281\n|-damage|p2a: Palafin|228/281|[from] Stealth Rock\n|-activate|p2a: Palafin|ability: Zero to Hero\n|turn|11\n|\n|t:|1733842815\n|move|p2a: Palafin|Jet Punch|p1a: Gyarados\n|-supereffective|p1a: Gyarados\n|-damage|p1a: Gyarados|82/280\n|move|p1a: Gyarados|Earthquake|p2a: Palafin\n|-damage|p2a: Palafin|0 fnt\n|faint|p2a: Palafin\n|-ability|p1a: Gyarados|Moxie|boost\n|-boost|p1a: Gyarados|atk|1\n|\n|upkeep\n|c|\u2606Bobbay John|gg\n|c|\u2606Bobbay John|gyaaaaaaaraaaaaadoooooooos\n|inactive|MJHoops has 90 seconds left.\n|\n|t:|1733842837\n|switch|p2a: Giratina|Giratina, L75|349/349\n|-damage|p2a: Giratina|306/349|[from] Stealth Rock\n|-ability|p2a: Giratina|Pressure\n|turn|12\n|-message|MJHoops forfeited.\n|\n|win|Bobbay John\n", "inputlog": ">version bfd83cad13791eb5a5a409923076391caf6fb4d4\n>start {\"formatid\":\"gen9randombattle\",\"seed\":[19795,56834,48504,17003],\"rated\":\"Rated battle\"}\n>player p1 {\"name\":\"Bobbay John\",\"avatar\":\"169\",\"rating\":1172,\"seed\":[22014,26203,40824,26546]}\n>player p2 {\"name\":\"MJHoops\",\"avatar\":\"unknown\",\"rating\":1184,\"seed\":[19090,62147,26418,47787]}\n>p1 move hydropump\n>p2 switch 6\n>p1 switch 2\n>p2 move fakeout\n>p1 move earthquake\n>p2 move knockoff\n>p2 switch 3\n>p1 switch 6\n>p2 move nastyplot\n>p1 move stealthrock\n>p2 move darkpulse\n>p1 move earthquake\n>p2 move darkpulse\n>p2 switch 4\n>p1 move explosion\n>p2 move jetpunch\n>p1 switch 4\n>p1 move dragondance\n>p2 switch 6\n>p1 move dragondance terastallize\n>p2 move thunderbolt\n>p1 move earthquake\n>p2 move fireblast\n>p2 switch 6\n>p1 move earthquake\n>p2 move jetpunch\n>chat \u2606Bobbay John|gg\n>chat \u2606Bobbay John|gyaaaaaaaraaaaaadoooooooos\n>p2 switch 2\n>forcelose p2", "uploadtime": 1733842828, "views": 1, "formatid": "gen9randombattle", "rating": null, "private": 0, "password": null}