{"id": "gen9randombattle-2259963648", "format": "[Gen 9] Random Battle", "players": ["Aleckaytovich", "vuybiuyvbinn."], "log": "|j|\u2606Aleckaytovich\n|j|\u2606vuybiuyvbinn.\n|t:|1733784944\n|gametype|singles\n|player|p1|Aleckaytovich|rood|1050\n|player|p2|vuybiuyvbinn.|266|1000\n|teamsize|p1|6\n|teamsize|p2|6\n|gen|9\n|tier|[Gen 9] Random Battle\n|rated|\n|rule|Species Clause: Limit one of each Pok\u00e9mon\n|rule|HP Percentage Mod: HP is shown in percentages\n|rule|Sleep Clause Mod: Limit one foe put to sleep\n|rule|Illusion Level Mod: Illusion disguises the Pok\u00e9mon's true level\n|\n|t:|1733784944\n|start\n|switch|p1a: Magmortar|Magmortar, L88, M|275/275\n|switch|p2a: Terrakion|Terrakion, L79|273/273\n|turn|1\n|\n|t:|1733784956\n|move|p2a: Terrakion|Stone Edge|p1a: Magmortar\n|-supereffective|p1a: Magmortar\n|-crit|p1a: Magmortar\n|-damage|p1a: Magmortar|0 fnt\n|faint|p1a: Magmortar\n|\n|upkeep\n|\n|t:|1733784968\n|switch|p1a: Flutter Mane|Flutter Mane, L74|203/203\n|turn|2\n|\n|t:|1733784975\n|move|p1a: Flutter Mane|Moonblast|p2a: Terrakion\n|-supereffective|p2a: Terrakion\n|-damage|p2a: Terrakion|0 fnt\n|faint|p2a: Terrakion\n|-damage|p1a: Flutter Mane|183/203|[from] item: Life Orb\n|\n|upkeep\n|\n|t:|1733784989\n|switch|p2a: Garganacl|Garganacl, L80, F|291/291\n|turn|3\n|\n|t:|1733785015\n|move|p1a: Flutter Mane|Shadow Ball|p2a: Garganacl\n|-damage|p2a: Garganacl|236/291\n|-damage|p1a: Flutter Mane|163/203|[from] item: Life Orb\n|move|p2a: Garganacl|Salt Cure|p1a: Flutter Mane\n|-damage|p1a: Flutter Mane|97/203\n|-start|p1a: Flutter Mane|Salt Cure\n|\n|-heal|p2a: Garganacl|254/291|[from] item: Leftovers\n|-damage|p1a: Flutter Mane|72/203|[from] Salt Cure\n|upkeep\n|turn|4\n|\n|t:|1733785040\n|move|p1a: Flutter Mane|Moonblast|p2a: Garganacl\n|-damage|p2a: Garganacl|106/291\n|-unboost|p2a: Garganacl|spa|1\n|-damage|p1a: Flutter Mane|52/203|[from] item: Life Orb\n|move|p2a: Garganacl|Stealth Rock|p1a: Flutter Mane\n|-sidestart|p1: Aleckaytovich|move: Stealth Rock\n|\n|-heal|p2a: Garganacl|124/291|[from] item: Leftovers\n|-damage|p1a: Flutter Mane|27/203|[from] Salt Cure\n|upkeep\n|turn|5\n|inactive|Battle timer is ON: inactive players will automatically lose when time's up. (requested by Aleckaytovich)\n|\n|t:|1733785051\n|move|p2a: Garganacl|Protect|p2a: Garganacl\n|-singleturn|p2a: Garganacl|Protect\n|move|p1a: Flutter Mane|Moonblast|p2a: Garganacl\n|-activate|p2a: Garganacl|move: Protect\n|\n|-heal|p2a: Garganacl|142/291|[from] item: Leftovers\n|-damage|p1a: Flutter Mane|2/203|[from] Salt Cure\n|upkeep\n|turn|6\n|\n|t:|1733785064\n|switch|p2a: Skarmory|Skarmory, L80, F|235/235\n|move|p1a: Flutter Mane|Moonblast|p2a: Skarmory\n|-resisted|p2a: Skarmory\n|-damage|p2a: Skarmory|149/235\n|-unboost|p2a: Skarmory|spa|1\n|-damage|p1a: Flutter Mane|0 fnt|[from] item: Life Orb\n|faint|p1a: Flutter Mane\n|-end|p1a: Flutter Mane|Protosynthesis|[silent]\n|\n|-heal|p2a: Skarmory|163/235|[from] item: Leftovers\n|upkeep\n|\n|t:|1733785080\n|switch|p1a: Raging Bolt|Raging Bolt, L78|323/323\n|-damage|p1a: Raging Bolt|283/323|[from] Stealth Rock\n|turn|7\n|\n|t:|1733785088\n|switch|p2a: Gliscor|Gliscor, L76, M|239/239\n|move|p1a: Raging Bolt|Thunderclap||[still]\n|-fail|p1a: Raging Bolt\n|\n|-heal|p1a: Raging Bolt|303/323|[from] item: Leftovers\n|-status|p2a: Gliscor|tox|[from] item: Toxic Orb\n|upkeep\n|turn|8\n|\n|t:|1733785099\n|move|p2a: Gliscor|Toxic|p1a: Raging Bolt\n|-status|p1a: Raging Bolt|tox\n|move|p1a: Raging Bolt|Dragon Pulse|p2a: Gliscor\n|-damage|p2a: Gliscor|106/239 tox\n|\n|-heal|p1a: Raging Bolt|323/323 tox|[from] item: Leftovers\n|-heal|p2a: Gliscor|135/239 tox|[from] ability: Poison Heal\n|-damage|p1a: Raging Bolt|303/323 tox|[from] psn\n|upkeep\n|turn|9\n|\n|t:|1733785108\n|switch|p2a: Skarmory|Skarmory, L80, F|163/235\n|move|p1a: Raging Bolt|Dragon Pulse|p2a: Skarmory\n|-resisted|p2a: Skarmory\n|-damage|p2a: Skarmory|96/235\n|\n|-heal|p1a: Raging Bolt|323/323 tox|[from] item: Leftovers\n|-heal|p2a: Skarmory|110/235|[from] item: Leftovers\n|-damage|p1a: Raging Bolt|283/323 tox|[from] psn\n|upkeep\n|turn|10\n|\n|t:|1733785117\n|switch|p2a: Gliscor|Gliscor, L76, M|135/239 tox\n|move|p1a: Raging Bolt|Dragon Pulse|p2a: Gliscor\n|-damage|p2a: Gliscor|14/239 tox\n|\n|-heal|p1a: Raging Bolt|303/323 tox|[from] item: Leftovers\n|-heal|p2a: Gliscor|43/239 tox|[from] ability: Poison Heal\n|-damage|p1a: Raging Bolt|243/323 tox|[from] psn\n|upkeep\n|turn|11\n|\n|t:|1733785127\n|move|p2a: Gliscor|Protect|p2a: Gliscor\n|-singleturn|p2a: Gliscor|Protect\n|move|p1a: Raging Bolt|Thunderbolt|p2a: Gliscor\n|-activate|p2a: Gliscor|move: Protect\n|\n|-heal|p1a: Raging Bolt|263/323 tox|[from] item: Leftovers\n|-heal|p2a: Gliscor|72/239 tox|[from] ability: Poison Heal\n|-damage|p1a: Raging Bolt|183/323 tox|[from] psn\n|upkeep\n|turn|12\n|\n|t:|1733785142\n|switch|p2a: Skarmory|Skarmory, L80, F|110/235\n|move|p1a: Raging Bolt|Dragon Pulse|p2a: Skarmory\n|-resisted|p2a: Skarmory\n|-damage|p2a: Skarmory|49/235\n|\n|-heal|p1a: Raging Bolt|203/323 tox|[from] item: Leftovers\n|-heal|p2a: Skarmory|63/235|[from] item: Leftovers\n|-damage|p1a: Raging Bolt|103/323 tox|[from] psn\n|upkeep\n|turn|13\n|\n|t:|1733785153\n|move|p1a: Raging Bolt|Thunderclap||[still]\n|-fail|p1a: Raging Bolt\n|move|p2a: Skarmory|Roost|p2a: Skarmory\n|-heal|p2a: Skarmory|181/235\n|-singleturn|p2a: Skarmory|move: Roost\n|\n|-heal|p1a: Raging Bolt|123/323 tox|[from] item: Leftovers\n|-heal|p2a: Skarmory|195/235|[from] item: Leftovers\n|-damage|p1a: Raging Bolt|3/323 tox|[from] psn\n|upkeep\n|turn|14\n|\n|t:|1733785169\n|move|p1a: Raging Bolt|Thunderbolt|p2a: Skarmory\n|-supereffective|p2a: Skarmory\n|-damage|p2a: Skarmory|0 fnt\n|faint|p2a: Skarmory\n|\n|-heal|p1a: Raging Bolt|23/323 tox|[from] item: Leftovers\n|-damage|p1a: Raging Bolt|0 fnt|[from] psn\n|faint|p1a: Raging Bolt\n|-end|p1a: Raging Bolt|Protosynthesis|[silent]\n|upkeep\n|\n|t:|1733785180\n|switch|p1a: Appletun|Appletun, L92, F|352/352\n|switch|p2a: Garganacl|Garganacl, L80, F|142/291\n|-damage|p1a: Appletun|308/352|[from] Stealth Rock\n|turn|15\n|\n|t:|1733785196\n|switch|p2a: Giratina|Giratina-Origin, L72|335/335\n|move|p1a: Appletun|Apple Acid|p2a: Giratina\n|-resisted|p2a: Giratina\n|-damage|p2a: Giratina|282/335\n|-unboost|p2a: Giratina|spd|1\n|\n|-heal|p1a: Appletun|330/352|[from] item: Leftovers\n|upkeep\n|turn|16\n|\n|t:|1733785207\n|move|p2a: Giratina|Draco Meteor|p1a: Appletun\n|-supereffective|p1a: Appletun\n|-damage|p1a: Appletun|40/352\n|-unboost|p2a: Giratina|spa|2\n|move|p1a: Appletun|Dragon Pulse|p2a: Giratina\n|-supereffective|p2a: Giratina\n|-damage|p2a: Giratina|0 fnt\n|faint|p2a: Giratina\n|\n|-heal|p1a: Appletun|62/352|[from] item: Leftovers\n|upkeep\n|\n|t:|1733785218\n|switch|p2a: Iron Valiant|Iron Valiant, L78|244/244\n|turn|17\n|\n|t:|1733785232\n|move|p2a: Iron Valiant|Moonblast|p1a: Appletun\n|-supereffective|p1a: Appletun\n|-damage|p1a: Appletun|0 fnt\n|faint|p1a: Appletun\n|-damage|p2a: Iron Valiant|220/244|[from] item: Life Orb\n|\n|upkeep\n|\n|t:|1733785242\n|switch|p1a: Malamar|Malamar, L82, M|275/275\n|-damage|p1a: Malamar|241/275|[from] Stealth Rock\n|turn|18\n|\n|t:|1733785254\n|move|p2a: Iron Valiant|Moonblast|p1a: Malamar\n|-supereffective|p1a: Malamar\n|-damage|p1a: Malamar|0 fnt\n|faint|p1a: Malamar\n|-damage|p2a: Iron Valiant|196/244|[from] item: Life Orb\n|\n|upkeep\n|\n|t:|1733785261\n|switch|p1a: Vikavolt|Vikavolt, L83, F|263/263\n|turn|19\n|\n|t:|1733785271\n|move|p2a: Iron Valiant|Moonblast|p1a: Vikavolt\n|-damage|p1a: Vikavolt|114/263\n|-damage|p2a: Iron Valiant|172/244|[from] item: Life Orb\n|move|p1a: Vikavolt|Discharge|p2a: Iron Valiant\n|-damage|p2a: Iron Valiant|12/244\n|-status|p2a: Iron Valiant|par\n|\n|upkeep\n|turn|20\n|\n|t:|1733785283\n|-end|p2a: Iron Valiant|Quark Drive|[silent]\n|switch|p2a: Gliscor|Gliscor, L76, M|72/239 tox\n|move|p1a: Vikavolt|Energy Ball|p2a: Gliscor\n|-damage|p2a: Gliscor|0 fnt\n|faint|p2a: Gliscor\n|\n|upkeep\n|\n|t:|1733785291\n|switch|p2a: Garganacl|Garganacl, L80, F|142/291\n|turn|21\n|\n|t:|1733785301\n|-terastallize|p2a: Garganacl|Dragon\n|move|p1a: Vikavolt|Energy Ball|p2a: Garganacl\n|-resisted|p2a: Garganacl\n|-damage|p2a: Garganacl|96/291\n|move|p2a: Garganacl|Salt Cure|p1a: Vikavolt\n|-supereffective|p1a: Vikavolt\n|-damage|p1a: Vikavolt|34/263\n|-start|p1a: Vikavolt|Salt Cure\n|\n|-heal|p2a: Garganacl|114/291|[from] item: Leftovers\n|-damage|p1a: Vikavolt|2/263|[from] Salt Cure\n|upkeep\n|turn|22\n|\n|t:|1733785316\n|-terastallize|p1a: Vikavolt|Electric\n|move|p1a: Vikavolt|Discharge|p2a: Garganacl\n|-resisted|p2a: Garganacl\n|-damage|p2a: Garganacl|38/291\n|move|p2a: Garganacl|Recover|p2a: Garganacl\n|-heal|p2a: Garganacl|184/291\n|\n|-heal|p2a: Garganacl|202/291|[from] item: Leftovers\n|-damage|p1a: Vikavolt|0 fnt|[from] Salt Cure\n|faint|p1a: Vikavolt\n|\n|win|vuybiuyvbinn.\n|upkeep\n|raw|Aleckaytovich's rating: 1050 &rarr; <strong>1030</strong><br />(-20 for losing)\n|raw|vuybiuyvbinn.'s rating: 1000 &rarr; <strong>1046</strong><br />(+46 for winning)\n|l|\u2606Aleckaytovich\n|player|p1|\n", "inputlog": ">version bfd83cad13791eb5a5a409923076391caf6fb4d4\n>start {\"formatid\":\"gen9randombattle\",\"seed\":[17887,42044,3445,22133],\"rated\":\"Rated battle\"}\n>player p1 {\"name\":\"Aleckaytovich\",\"avatar\":\"rood\",\"rating\":1050,\"seed\":[2035,106,44022,22251]}\n>player p2 {\"name\":\"vuybiuyvbinn.\",\"avatar\":\"266\",\"rating\":1000,\"seed\":[12199,42410,9515,29332]}\n>p1 move earthquake\n>p2 move stoneedge\n>p1 switch 2\n>p1 move moonblast\n>p2 move stoneedge\n>p2 switch 3\n>p1 move shadowball\n>p2 move saltcure\n>p1 move moonblast\n>p2 move stealthrock\n>p1 move moonblast\n>p2 move protect\n>p1 move moonblast\n>p2 switch 5\n>p1 switch 3\n>p1 move thunderclap\n>p2 switch 6\n>p1 move dragonpulse\n>p2 move toxic\n>p1 move dragonpulse\n>p2 switch 6\n>p1 move dragonpulse\n>p2 switch 6\n>p1 move thunderbolt\n>p2 move protect\n>p1 move dragonpulse\n>p2 switch 6\n>p1 move thunderclap\n>p2 move roost\n>p1 move thunderbolt\n>p2 move roost\n>p1 switch 4\n>p2 switch 5\n>p1 move appleacid\n>p2 switch 2\n>p1 move dragonpulse\n>p2 move dracometeor\n>p2 switch 4\n>p1 move appleacid\n>p2 move moonblast\n>p1 switch 5\n>p1 move superpower\n>p2 move moonblast\n>p1 switch 6\n>p1 move discharge\n>p2 move moonblast\n>p1 move energyball\n>p2 switch 6\n>p2 switch 2\n>p1 move energyball\n>p2 move saltcure terastallize\n>p1 move discharge terastallize\n>p2 move recover", "uploadtime": 1733785329, "views": 1, "formatid": "gen9randombattle", "rating": 1030, "private": 0, "password": null}