{"id": "gen9randombattle-2239207090", "format": "[Gen 9] Random Battle", "players": ["articoo \u263e", "loko1"], "log": "|badge|p1|bronze|gen9randombattle|100-3\n|uhtml|medal-msg|<div class=\"broadcast-blue\">Curious what those medals under the avatar are? PS now has Ladder Seasons! For more information, check out the <a href=\"https://www.smogon.com/forums/threads/3740067/\">thread on Smogon.</a></div>\n|j|\u2606articoo \u263e\n|j|\u2606loko1\n|t:|1730985625\n|gametype|singles\n|player|p1|articoo \u263e|#rbtt6teamchienpao|2333\n|player|p2|loko1|102|2210\n|teamsize|p1|6\n|teamsize|p2|6\n|gen|9\n|tier|[Gen 9] Random Battle\n|rated|\n|rule|Species Clause: Limit one of each Pok\u00e9mon\n|rule|HP Percentage Mod: HP is shown in percentages\n|rule|Sleep Clause Mod: Limit one foe put to sleep\n|rule|Illusion Level Mod: Illusion disguises the Pok\u00e9mon's true level\n|\n|t:|1730985625\n|start\n|switch|p1a: Falinks|Falinks, L84|246/246\n|switch|p2a: Empoleon|Empoleon, L84, M|278/278\n|turn|1\n|inactive|Battle timer is ON: inactive players will automatically lose when time's up. (requested by articoo \u263e)\n|c|\u2606articoo \u263e|glhf\n|c|\u2606loko1|you too buddy-o!\n|\n|t:|1730985641\n|switch|p2a: Heracross|Heracross, L80, M|259/259\n|move|p1a: Falinks|Knock Off|p2a: Heracross\n|-resisted|p2a: Heracross\n|-damage|p2a: Heracross|204/259\n|-enditem|p2a: Heracross|Choice Scarf|[from] move: Knock Off|[of] p1a: Falinks\n|-damage|p1a: Falinks|222/246|[from] item: Life Orb\n|\n|upkeep\n|turn|2\n|\n|t:|1730985665\n|switch|p1a: Iron Moth|Iron Moth, L78|253/253\n|move|p2a: Heracross|Close Combat|p1a: Iron Moth\n|-resisted|p1a: Iron Moth\n|-damage|p1a: Iron Moth|154/253\n|-unboost|p2a: Heracross|def|1\n|-unboost|p2a: Heracross|spd|1\n|\n|upkeep\n|turn|3\n|\n|t:|1730985677\n|switch|p2a: Diancie|Diancie, L82|216/216\n|move|p1a: Iron Moth|Toxic Spikes|p2a: Diancie\n|-sidestart|p2: loko1|move: Toxic Spikes\n|\n|upkeep\n|turn|4\n|\n|t:|1730985690\n|-end|p1a: Iron Moth|Quark Drive|[silent]\n|switch|p1a: Goodra|Goodra-Hisui, L82, M|265/265\n|move|p2a: Diancie|Diamond Storm|p1a: Goodra\n|-resisted|p1a: Goodra\n|-damage|p1a: Goodra|215/265\n|\n|upkeep\n|turn|5\n|\n|t:|1730985711\n|switch|p2a: Empoleon|Empoleon, L84, M|278/278\n|move|p1a: Goodra|Dragon Tail|p2a: Empoleon\n|-resisted|p2a: Empoleon\n|-damage|p2a: Empoleon|249/278\n|drag|p2a: Chi-Yu|Chi-Yu, L77|211/211\n|-ability|p2a: Chi-Yu|Beads of Ruin\n|\n|upkeep\n|turn|6\n|j| Tupi7\n|\n|t:|1730985722\n|move|p2a: Chi-Yu|Fire Blast|p1a: Goodra\n|-damage|p1a: Goodra|143/265\n|move|p1a: Goodra|Draco Meteor|p2a: Chi-Yu\n|-damage|p2a: Chi-Yu|76/211\n|-unboost|p1a: Goodra|spa|2\n|\n|upkeep\n|turn|7\n|\n|t:|1730985731\n|switch|p2a: Empoleon|Empoleon, L84, M|249/278\n|move|p1a: Goodra|Dragon Tail|p2a: Empoleon\n|-resisted|p2a: Empoleon\n|-damage|p2a: Empoleon|220/278\n|drag|p2a: Enamorus|Enamorus, L79, F|247/247\n|\n|upkeep\n|turn|8\n|\n|t:|1730985741\n|switch|p2a: Empoleon|Empoleon, L84, M|220/278\n|switch|p1a: Iron Moth|Iron Moth, L78|154/253\n|\n|-heal|p2a: Empoleon|237/278|[from] item: Leftovers\n|upkeep\n|turn|9\n|\n|t:|1730985751\n|-end|p1a: Iron Moth|Quark Drive|[silent]\n|switch|p1a: Braviary|Braviary, L85, M|309/309\n|move|p2a: Empoleon|Surf|p1a: Braviary\n|-damage|p1a: Braviary|192/309\n|\n|-heal|p2a: Empoleon|254/278|[from] item: Leftovers\n|upkeep\n|turn|10\n|\n|t:|1730985759\n|move|p1a: Braviary|Bulk Up|p1a: Braviary\n|-boost|p1a: Braviary|atk|1\n|-boost|p1a: Braviary|def|1\n|move|p2a: Empoleon|Ice Beam|p1a: Braviary\n|-supereffective|p1a: Braviary\n|-damage|p1a: Braviary|26/309\n|\n|-heal|p2a: Empoleon|271/278|[from] item: Leftovers\n|upkeep\n|turn|11\n|\n|t:|1730985776\n|switch|p2a: Heracross|Heracross, L80, M|204/259\n|-status|p2a: Heracross|psn\n|move|p1a: Braviary|Roost|p1a: Braviary\n|-heal|p1a: Braviary|181/309\n|-singleturn|p1a: Braviary|move: Roost\n|\n|-damage|p2a: Heracross|172/259 psn|[from] psn\n|upkeep\n|turn|12\n|\n|t:|1730985785\n|move|p1a: Braviary|Roost|p1a: Braviary\n|-heal|p1a: Braviary|309/309\n|-singleturn|p1a: Braviary|move: Roost\n|move|p2a: Heracross|Close Combat|p1a: Braviary\n|-supereffective|p1a: Braviary\n|-damage|p1a: Braviary|75/309\n|-unboost|p2a: Heracross|def|1\n|-unboost|p2a: Heracross|spd|1\n|\n|-damage|p2a: Heracross|140/259 psn|[from] psn\n|upkeep\n|turn|13\n|\n|t:|1730985797\n|move|p1a: Braviary|Close Combat|p2a: Heracross\n|-resisted|p2a: Heracross\n|-damage|p2a: Heracross|0 fnt\n|-unboost|p1a: Braviary|def|1\n|-unboost|p1a: Braviary|spd|1\n|faint|p2a: Heracross\n|\n|upkeep\n|\n|t:|1730985803\n|switch|p2a: Enamorus|Enamorus, L79, F|247/247\n|turn|14\n|\n|t:|1730985809\n|move|p2a: Enamorus|Superpower|p1a: Braviary\n|-damage|p1a: Braviary|0 fnt\n|-boost|p2a: Enamorus|atk|1\n|-boost|p2a: Enamorus|def|1\n|faint|p1a: Braviary\n|\n|upkeep\n|\n|t:|1730985817\n|switch|p1a: Iron Moth|Iron Moth, L78|154/253\n|turn|15\n|\n|t:|1730985826\n|switch|p2a: Empoleon|Empoleon, L84, M|271/278\n|move|p1a: Iron Moth|Sludge Wave|p2a: Empoleon\n|-immune|p2a: Empoleon\n|\n|-heal|p2a: Empoleon|278/278|[from] item: Leftovers\n|upkeep\n|turn|16\n|\n|t:|1730985838\n|-end|p1a: Iron Moth|Quark Drive|[silent]\n|switch|p1a: Goodra|Goodra-Hisui, L82, M|143/265\n|move|p2a: Empoleon|Surf|p1a: Goodra\n|-resisted|p1a: Goodra\n|-damage|p1a: Goodra|122/265\n|\n|upkeep\n|turn|17\n|\n|t:|1730985842\n|move|p2a: Empoleon|Ice Beam|p1a: Goodra\n|-damage|p1a: Goodra|92/265\n|move|p1a: Goodra|Dragon Tail|p2a: Empoleon\n|-resisted|p2a: Empoleon\n|-damage|p2a: Empoleon|245/278\n|drag|p2a: Diancie|Diancie, L82|216/216\n|-status|p2a: Diancie|psn\n|\n|-damage|p2a: Diancie|189/216 psn|[from] psn\n|upkeep\n|turn|18\n|\n|t:|1730985853\n|switch|p2a: Empoleon|Empoleon, L84, M|245/278\n|move|p1a: Goodra|Dragon Tail|p2a: Empoleon\n|-resisted|p2a: Empoleon\n|-damage|p2a: Empoleon|216/278\n|drag|p2a: Chi-Yu|Chi-Yu, L77|76/211\n|-ability|p2a: Chi-Yu|Beads of Ruin\n|\n|upkeep\n|turn|19\n|\n|t:|1730985872\n|switch|p2a: Empoleon|Empoleon, L84, M|216/278\n|move|p1a: Goodra|Draco Meteor|p2a: Empoleon\n|-resisted|p2a: Empoleon\n|-damage|p2a: Empoleon|154/278\n|-unboost|p1a: Goodra|spa|2\n|\n|-heal|p2a: Empoleon|171/278|[from] item: Leftovers\n|upkeep\n|turn|20\n|\n|t:|1730985877\n|switch|p1a: Falinks|Falinks, L84|222/246\n|move|p2a: Empoleon|Roost|p2a: Empoleon\n|-heal|p2a: Empoleon|278/278\n|-singleturn|p2a: Empoleon|move: Roost\n|\n|upkeep\n|turn|21\n|\n|t:|1730985885\n|move|p1a: Falinks|No Retreat|p1a: Falinks\n|-boost|p1a: Falinks|atk|1\n|-boost|p1a: Falinks|def|1\n|-boost|p1a: Falinks|spa|1\n|-boost|p1a: Falinks|spd|1\n|-boost|p1a: Falinks|spe|1\n|-start|p1a: Falinks|move: No Retreat\n|move|p2a: Empoleon|Roar|p1a: Falinks\n|drag|p1a: Rampardos|Rampardos, L90, F|321/321\n|\n|upkeep\n|turn|22\n|\n|t:|1730985893\n|move|p1a: Rampardos|Earthquake|p2a: Empoleon\n|-supereffective|p2a: Empoleon\n|-damage|p2a: Empoleon|0 fnt\n|faint|p2a: Empoleon\n|-damage|p1a: Rampardos|289/321|[from] item: Life Orb\n|\n|upkeep\n|j| RoFnA\n|inactive|loko1 has 120 seconds left.\n|l| RoFnA\n|\n|t:|1730985951\n|switch|p2a: Chi-Yu|Chi-Yu, L77|76/211\n|-ability|p2a: Chi-Yu|Beads of Ruin\n|turn|23\n|\n|t:|1730985970\n|switch|p1a: Iron Moth|Iron Moth, L78|154/253\n|move|p2a: Chi-Yu|Dark Pulse|p1a: Iron Moth\n|-damage|p1a: Iron Moth|42/253\n|\n|upkeep\n|turn|24\n|\n|t:|1730985988\n|switch|p2a: Quagsire|Quagsire, L84, F|297/297\n|-status|p2a: Quagsire|psn\n|move|p1a: Iron Moth|Sludge Wave|p2a: Quagsire\n|-resisted|p2a: Quagsire\n|-damage|p2a: Quagsire|225/297 psn\n|\n|-heal|p2a: Quagsire|243/297 psn|[from] item: Leftovers\n|-damage|p2a: Quagsire|206/297 psn|[from] psn\n|upkeep\n|turn|25\n|\n|t:|1730985996\n|move|p1a: Iron Moth|Energy Ball|p2a: Quagsire\n|-supereffective|p2a: Quagsire\n|-damage|p2a: Quagsire|0 fnt\n|faint|p2a: Quagsire\n|\n|upkeep\n|\n|t:|1730986001\n|switch|p2a: Diancie|Diancie, L82|189/216 psn\n|turn|26\n|\n|t:|1730986011\n|move|p1a: Iron Moth|Energy Ball|p2a: Diancie\n|-supereffective|p2a: Diancie\n|-damage|p2a: Diancie|85/216 psn\n|move|p2a: Diancie|Earth Power|p1a: Iron Moth\n|-supereffective|p1a: Iron Moth\n|-damage|p1a: Iron Moth|0 fnt\n|faint|p1a: Iron Moth\n|-end|p1a: Iron Moth|Quark Drive|[silent]\n|\n|-heal|p2a: Diancie|98/216 psn|[from] item: Leftovers\n|-damage|p2a: Diancie|71/216 psn|[from] psn\n|upkeep\n|\n|t:|1730986028\n|switch|p1a: Goodra|Goodra-Hisui, L82, M|92/265\n|turn|27\n|\n|t:|1730986032\n|move|p1a: Goodra|Heavy Slam|p2a: Diancie\n|-supereffective|p2a: Diancie\n|-damage|p2a: Diancie|0 fnt\n|faint|p2a: Diancie\n|\n|upkeep\n|\n|t:|1730986035\n|switch|p2a: Enamorus|Enamorus, L79, F|247/247\n|turn|28\n|\n|t:|1730986048\n|move|p2a: Enamorus|Superpower|p1a: Goodra\n|-supereffective|p1a: Goodra\n|-damage|p1a: Goodra|0 fnt\n|-boost|p2a: Enamorus|atk|1\n|-boost|p2a: Enamorus|def|1\n|faint|p1a: Goodra\n|\n|upkeep\n|\n|t:|1730986057\n|switch|p1a: Rampardos|Rampardos, L90, F|289/321\n|turn|29\n|\n|t:|1730986071\n|-terastallize|p1a: Rampardos|Psychic\n|move|p2a: Enamorus|Substitute|p2a: Enamorus\n|-start|p2a: Enamorus|Substitute\n|-damage|p2a: Enamorus|186/247\n|move|p1a: Rampardos|Zen Headbutt|p2a: Enamorus\n|-end|p2a: Enamorus|Substitute\n|\n|-heal|p2a: Enamorus|201/247|[from] item: Leftovers\n|upkeep\n|turn|30\n|\n|t:|1730986088\n|move|p2a: Enamorus|Substitute|p2a: Enamorus\n|-start|p2a: Enamorus|Substitute\n|-damage|p2a: Enamorus|140/247\n|move|p1a: Rampardos|Rock Slide|p2a: Enamorus|[miss]\n|-miss|p1a: Rampardos|p2a: Enamorus\n|\n|-heal|p2a: Enamorus|155/247|[from] item: Leftovers\n|upkeep\n|turn|31\n|\n|t:|1730986105\n|move|p2a: Enamorus|Play Rough|p1a: Rampardos\n|-crit|p1a: Rampardos\n|-damage|p1a: Rampardos|18/321\n|move|p1a: Rampardos|Fire Punch|p2a: Enamorus\n|-end|p2a: Enamorus|Substitute\n|\n|-heal|p2a: Enamorus|170/247|[from] item: Leftovers\n|upkeep\n|turn|32\n|\n|t:|1730986110\n|move|p2a: Enamorus|Superpower|p1a: Rampardos\n|-resisted|p1a: Rampardos\n|-damage|p1a: Rampardos|0 fnt\n|-boost|p2a: Enamorus|atk|1\n|-boost|p2a: Enamorus|def|1\n|faint|p1a: Rampardos\n|\n|-heal|p2a: Enamorus|185/247|[from] item: Leftovers\n|upkeep\n|\n|t:|1730986113\n|switch|p1a: Falinks|Falinks, L84|222/246\n|turn|33\n|\n|t:|1730986128\n|-terastallize|p2a: Enamorus|Fighting\n|move|p2a: Enamorus|Superpower|p1a: Falinks\n|-damage|p1a: Falinks|0 fnt\n|-boost|p2a: Enamorus|atk|1\n|-boost|p2a: Enamorus|def|1\n|faint|p1a: Falinks\n|\n|-heal|p2a: Enamorus|200/247|[from] item: Leftovers\n|upkeep\n|\n|t:|1730986130\n|switch|p1a: Kyurem|Kyurem, L77|319/319\n|-ability|p1a: Kyurem|Pressure\n|turn|34\n|\n|t:|1730986135\n|move|p2a: Enamorus|Superpower|p1a: Kyurem\n|-supereffective|p1a: Kyurem\n|-damage|p1a: Kyurem|0 fnt\n|-boost|p2a: Enamorus|atk|1\n|-boost|p2a: Enamorus|def|1\n|faint|p1a: Kyurem\n|\n|win|loko1\n|raw|articoo \u263e's rating: 2333 &rarr; <strong>2306</strong><br />(-27 for losing)\n|raw|loko1's rating: 2210 &rarr; <strong>2237</strong><br />(+27 for winning)\n|c|\u2606loko1|gg\n|c|\u2606articoo \u263e|gg\n|l|\u2606articoo \u263e\n|player|p1|\n|l| Tupi7\n", "inputlog": ">version 6cf2ed9506aaf20327444a00a9388215acbf9fb2\n>start {\"formatid\":\"gen9randombattle\",\"seed\":[30507,38764,23172,53964],\"rated\":\"Rated battle\"}\n>player p1 {\"name\":\"articoo \u263e\",\"avatar\":\"#rbtt6teamchienpao\",\"rating\":2333,\"seed\":[21382,30292,24048,61014]}\n>player p2 {\"name\":\"loko1\",\"avatar\":\"102\",\"rating\":2210,\"seed\":[8390,14538,4851,55651]}\n>chat \u2606articoo \u263e|glhf\n>chat \u2606loko1|you too buddy-o!\n>p1 move knockoff\n>p2 switch 3\n>p1 switch 4\n>p2 move closecombat\n>p1 move toxicspikes\n>p2 switch 4\n>p1 switch 3\n>p2 move diamondstorm\n>p1 move dragontail\n>p2 switch 3\n>p1 move dracometeor\n>p2 move fireblast\n>p1 move dragontail\n>p2 switch 2\n>p1 switch 3\n>p2 switch 6\n>p1 switch 6\n>p2 move surf\n>p1 move bulkup\n>p2 move icebeam\n>p1 move roost\n>p2 switch 4\n>p1 move roost\n>p2 move closecombat\n>p1 move closecombat\n>p2 move closecombat\n>p2 switch 6\n>p1 move bravebird\n>p2 move superpower\n>p1 switch 6\n>p1 move sludgewave\n>p2 switch 4\n>p1 switch 3\n>p2 move surf\n>p1 move dragontail\n>p2 move icebeam\n>p1 move dragontail\n>p2 switch 3\n>p1 move dracometeor\n>p2 switch 2\n>p1 switch 4\n>p2 move roost\n>p1 move noretreat\n>p2 move roar\n>p1 move earthquake\n>p2 move surf\n>p2 switch 2\n>p1 switch 3\n>p2 move darkpulse\n>p1 move sludgewave\n>p2 switch 5\n>p1 move energyball\n>p2 move earthquake\n>p2 switch 3\n>p1 move energyball\n>p2 move earthpower\n>p1 switch 4\n>p1 move heavyslam\n>p2 move earthpower\n>p2 switch 4\n>p1 move heavyslam\n>p2 move superpower\n>p1 switch 3\n>p1 move zenheadbutt terastallize\n>p2 move substitute\n>p1 move rockslide\n>p2 move substitute\n>p1 move firepunch\n>p2 move playrough\n>p1 move zenheadbutt\n>p2 move superpower\n>p1 switch 2\n>p1 move noretreat\n>p2 move superpower terastallize\n>p1 switch 5\n>p1 move dracometeor\n>p2 move superpower", "uploadtime": 1730986152, "views": 35, "formatid": "gen9randombattle", "rating": 2237, "private": 0, "password": null}