{"id": "gen9randombattle-2037946834", "format": "[Gen 9] Random Battle", "players": ["thanvas89", "Dogebonk"], "log": "|j|\u2606thanvas89\n|j|\u2606Dogebonk\n|t:|1705564614\n|gametype|singles\n|player|p1|thanvas89|1|2254\n|player|p2|Dogebonk|102|2315\n|teamsize|p1|6\n|teamsize|p2|6\n|gen|9\n|tier|[Gen 9] Random Battle\n|rated|\n|rule|Species Clause: Limit one of each Pok\u00e9mon\n|rule|HP Percentage Mod: HP is shown in percentages\n|rule|Sleep Clause Mod: Limit one foe put to sleep\n|rule|Illusion Level Mod: Illusion disguises the Pok\u00e9mon's true level\n|\n|t:|1705564614\n|start\n|switch|p1a: Mightyena|Mightyena, L95, M|287/287\n|switch|p2a: Hydreigon|Hydreigon, L79, F|275/275\n|-ability|p1a: Mightyena|Intimidate|boost\n|-unboost|p2a: Hydreigon|atk|1\n|turn|1\n|\n|t:|1705564631\n|move|p2a: Hydreigon|Draco Meteor|p1a: Mightyena\n|-crit|p1a: Mightyena\n|-damage|p1a: Mightyena|0 fnt\n|-unboost|p2a: Hydreigon|spa|2\n|faint|p1a: Mightyena\n|-damage|p2a: Hydreigon|248/275|[from] item: Life Orb\n|\n|upkeep\n|\n|t:|1705564678\n|switch|p1a: Ribombee|Ribombee, L82, M|233/233\n|turn|2\n|\n|t:|1705564687\n|switch|p2a: Tentacruel|Tentacruel, L85, M|275/275\n|move|p1a: Ribombee|Moonblast|p2a: Tentacruel\n|-resisted|p2a: Tentacruel\n|-damage|p2a: Tentacruel|252/275\n|\n|upkeep\n|turn|3\n|inactive|Battle timer is ON: inactive players will automatically lose when time's up. (requested by Dogebonk)\n|inactiveoff|Battle timer is now OFF.\n|\n|t:|1705564710\n|switch|p1a: Dugtrio|Dugtrio, L84, M|196/196\n|move|p2a: Tentacruel|Flip Turn|p1a: Dugtrio\n|-supereffective|p1a: Dugtrio\n|-damage|p1a: Dugtrio|52/196\n|inactive|Battle timer is ON: inactive players will automatically lose when time's up. (requested by thanvas89)\n|\n|t:|1705564728\n|switch|p2a: Bronzong|Bronzong, L88|261/261|[from] Flip Turn\n|\n|upkeep\n|turn|4\n|\n|t:|1705564742\n|switch|p1a: Oricorio|Oricorio-Sensu, L85, F|266/266\n|move|p2a: Bronzong|Body Press|p1a: Oricorio\n|-immune|p1a: Oricorio\n|\n|upkeep\n|turn|5\n|\n|t:|1705564769\n|switch|p2a: Dialga|Dialga, L74|270/270\n|-ability|p2a: Dialga|Pressure\n|move|p1a: Oricorio|Quiver Dance|p1a: Oricorio\n|-boost|p1a: Oricorio|spa|1\n|-boost|p1a: Oricorio|spd|1\n|-boost|p1a: Oricorio|spe|1\n|\n|upkeep\n|turn|6\n|inactive|thanvas89 has 120 seconds left.\n|\n|t:|1705564790\n|switch|p1a: Dugtrio|Dugtrio, L84, M|52/196\n|move|p2a: Dialga|Heavy Slam|p1a: Dugtrio\n|-damage|p1a: Dugtrio|0 fnt\n|faint|p1a: Dugtrio\n|\n|upkeep\n|\n|t:|1705564798\n|switch|p1a: Cresselia|Cresselia, L80, F|323/323\n|turn|7\n|inactive|thanvas89 has 120 seconds left.\n|inactive|Dogebonk has 120 seconds left.\n|\n|t:|1705564836\n|switch|p2a: Hydreigon|Hydreigon, L79, F|248/275\n|move|p1a: Cresselia|Calm Mind|p1a: Cresselia\n|-boost|p1a: Cresselia|spa|1\n|-boost|p1a: Cresselia|spd|1\n|\n|upkeep\n|turn|8\n|inactive|thanvas89 has 120 seconds left.\n|j| Jelly Cookie\n|\n|t:|1705564850\n|move|p2a: Hydreigon|Nasty Plot|p2a: Hydreigon\n|-boost|p2a: Hydreigon|spa|2\n|move|p1a: Cresselia|Moonlight|p1a: Cresselia\n|-fail|p1a: Cresselia|heal\n|\n|upkeep\n|turn|9\n|\n|t:|1705564856\n|-terastallize|p1a: Cresselia|Poison\n|move|p2a: Hydreigon|Dark Pulse|p1a: Cresselia\n|-damage|p1a: Cresselia|194/323\n|-damage|p2a: Hydreigon|221/275|[from] item: Life Orb\n|move|p1a: Cresselia|Calm Mind|p1a: Cresselia\n|-boost|p1a: Cresselia|spa|1\n|-boost|p1a: Cresselia|spd|1\n|\n|-heal|p1a: Cresselia|214/323|[from] item: Leftovers\n|upkeep\n|turn|10\n|\n|t:|1705564865\n|move|p2a: Hydreigon|Nasty Plot|p2a: Hydreigon\n|-boost|p2a: Hydreigon|spa|2\n|move|p1a: Cresselia|Calm Mind|p1a: Cresselia\n|-boost|p1a: Cresselia|spa|1\n|-boost|p1a: Cresselia|spd|1\n|\n|-heal|p1a: Cresselia|234/323|[from] item: Leftovers\n|upkeep\n|turn|11\n|\n|t:|1705564867\n|move|p2a: Hydreigon|Nasty Plot|p2a: Hydreigon\n|-boost|p2a: Hydreigon|spa|2\n|move|p1a: Cresselia|Calm Mind|p1a: Cresselia\n|-boost|p1a: Cresselia|spa|1\n|-boost|p1a: Cresselia|spd|1\n|\n|-heal|p1a: Cresselia|254/323|[from] item: Leftovers\n|upkeep\n|turn|12\n|\n|t:|1705564895\n|move|p2a: Hydreigon|Dark Pulse|p1a: Cresselia\n|-damage|p1a: Cresselia|133/323\n|-damage|p2a: Hydreigon|194/275|[from] item: Life Orb\n|move|p1a: Cresselia|Calm Mind|p1a: Cresselia\n|-boost|p1a: Cresselia|spa|1\n|-boost|p1a: Cresselia|spd|1\n|\n|-heal|p1a: Cresselia|153/323|[from] item: Leftovers\n|upkeep\n|turn|13\n|\n|t:|1705564907\n|-terastallize|p2a: Hydreigon|Dragon\n|move|p2a: Hydreigon|Draco Meteor|p1a: Cresselia\n|-crit|p1a: Cresselia\n|-damage|p1a: Cresselia|0 fnt\n|-unboost|p2a: Hydreigon|spa|2\n|faint|p1a: Cresselia\n|-damage|p2a: Hydreigon|167/275|[from] item: Life Orb\n|\n|upkeep\n|inactive|thanvas89 has 120 seconds left.\n|inactive|thanvas89 has 90 seconds left.\n|\n|t:|1705564970\n|switch|p1a: Ribombee|Ribombee, L82, M|233/233\n|turn|14\n|\n|t:|1705564976\n|switch|p1a: Oricorio|Oricorio-Sensu, L85, F|266/266\n|switch|p2a: Bronzong|Bronzong, L88|261/261\n|\n|upkeep\n|turn|15\n|\n|t:|1705564984\n|switch|p2a: Dialga|Dialga, L74|270/270\n|-ability|p2a: Dialga|Pressure\n|move|p1a: Oricorio|Quiver Dance|p1a: Oricorio\n|-boost|p1a: Oricorio|spa|1\n|-boost|p1a: Oricorio|spd|1\n|-boost|p1a: Oricorio|spe|1\n|\n|upkeep\n|turn|16\n|\n|t:|1705564986\n|move|p1a: Oricorio|Revelation Dance|p2a: Dialga\n|-damage|p2a: Dialga|107/270\n|move|p2a: Dialga|Heavy Slam|p1a: Oricorio\n|-damage|p1a: Oricorio|134/266\n|\n|-heal|p2a: Dialga|123/270|[from] item: Leftovers\n|upkeep\n|turn|17\n|\n|t:|1705564999\n|move|p1a: Oricorio|Revelation Dance|p2a: Dialga\n|-damage|p2a: Dialga|0 fnt\n|faint|p2a: Dialga\n|\n|upkeep\n|\n|t:|1705565005\n|switch|p2a: Hydreigon|Hydreigon, L79, F, tera:Dragon|167/275\n|turn|18\n|inactive|thanvas89 has 120 seconds left.\n|\n|t:|1705565025\n|move|p1a: Oricorio|Roost|p1a: Oricorio\n|-heal|p1a: Oricorio|266/266\n|-singleturn|p1a: Oricorio|move: Roost\n|move|p2a: Hydreigon|Dark Pulse|p1a: Oricorio\n|-supereffective|p1a: Oricorio\n|-damage|p1a: Oricorio|71/266\n|-damage|p2a: Hydreigon|140/275|[from] item: Life Orb\n|\n|upkeep\n|turn|19\n|\n|t:|1705565032\n|move|p1a: Oricorio|Revelation Dance|p2a: Hydreigon\n|-damage|p2a: Hydreigon|0 fnt\n|faint|p2a: Hydreigon\n|\n|upkeep\n|l| Jelly Cookie\n|\n|t:|1705565059\n|switch|p2a: Blastoise|Blastoise, L81, M|261/261\n|turn|20\n|inactive|thanvas89 has 120 seconds left.\n|\n|t:|1705565102\n|move|p1a: Oricorio|Roost|p1a: Oricorio\n|-heal|p1a: Oricorio|204/266\n|-singleturn|p1a: Oricorio|move: Roost\n|move|p2a: Blastoise|Shell Smash|p2a: Blastoise\n|-unboost|p2a: Blastoise|def|1\n|-unboost|p2a: Blastoise|spd|1\n|-boost|p2a: Blastoise|atk|2\n|-boost|p2a: Blastoise|spa|2\n|-boost|p2a: Blastoise|spe|2\n|-enditem|p2a: Blastoise|White Herb\n|-clearnegativeboost|p2a: Blastoise|[silent]\n|\n|upkeep\n|turn|21\n|\n|t:|1705565110\n|move|p2a: Blastoise|Ice Beam|p1a: Oricorio\n|-supereffective|p1a: Oricorio\n|-crit|p1a: Oricorio\n|-damage|p1a: Oricorio|0 fnt\n|faint|p1a: Oricorio\n|\n|upkeep\n|c|\u2606thanvas89|yea dude\n|inactive|thanvas89 has 90 seconds left.\n|\n|t:|1705565151\n|switch|p1a: Ribombee|Ribombee, L82, M|233/233\n|turn|22\n|\n|t:|1705565156\n|move|p2a: Blastoise|Hydro Pump|p1a: Ribombee\n|-damage|p1a: Ribombee|0 fnt\n|faint|p1a: Ribombee\n|\n|upkeep\n|c|\u2606thanvas89|gg\n|-message|thanvas89 forfeited.\n|\n|win|Dogebonk\n|raw|thanvas89's rating: 2254 &rarr; <strong>2237</strong><br />(-17 for losing)\n|raw|Dogebonk's rating: 2315 &rarr; <strong>2332</strong><br />(+17 for winning)\n|l|\u2606thanvas89\n|player|p1|\n", "inputlog": ">version a88d373770ac4166f4d3053aa83cdbb2d9e25317\n>start {\"formatid\":\"gen9randombattle\",\"seed\":[61602,4097,10190,55966],\"rated\":\"Rated battle\"}\n>player p1 {\"name\":\"thanvas89\",\"avatar\":\"1\",\"rating\":2254,\"seed\":[16595,53729,49232,36836]}\n>player p2 {\"name\":\"Dogebonk\",\"avatar\":\"102\",\"rating\":2315,\"seed\":[39743,36691,3763,37356]}\n>p1 move poisonfang\n>p2 move dracometeor\n>p1 switch 5\n>p1 move moonblast\n>p2 switch 5\n>p1 switch 2\n>p2 move flipturn\n>p2 switch 3\n>p1 switch 6\n>p2 move bodypress\n>p1 move quiverdance\n>p2 switch 4\n>p1 switch 6\n>p2 move heavyslam\n>p1 switch 3\n>p1 move calmmind\n>p2 switch 5\n>p1 move moonlight\n>p2 move nastyplot\n>p1 move calmmind terastallize\n>p2 move darkpulse\n>p1 move calmmind\n>p2 move nastyplot\n>p1 move calmmind\n>p2 move nastyplot\n>p1 move calmmind\n>p2 move darkpulse\n>p1 move moonlight\n>p2 move dracometeor terastallize\n>p1 switch 2\n>p1 switch 6\n>p2 switch 4\n>p1 move quiverdance\n>p2 switch 5\n>p1 move revelationdance\n>p2 move heavyslam\n>p1 move revelationdance\n>p2 move heavyslam\n>p2 switch 4\n>p1 move roost\n>p2 move darkpulse\n>p1 move revelationdance\n>p2 move darkpulse\n>p2 switch 2\n>p1 move roost\n>p2 move shellsmash\n>p1 move quiverdance\n>p2 move icebeam\n>chat \u2606thanvas89|yea dude\n>p1 switch 6\n>p1 move quiverdance\n>p2 move hydropump\n>chat \u2606thanvas89|gg\n>forcelose p1", "uploadtime": 1705565164, "views": 254, "formatid": "gen9randombattle", "rating": 2237, "private": 0, "password": null}