{"id": "gen9randombattle-2260725784", "format": "[Gen 9] Random Battle", "players": ["YourTeamTrashAsYou", "Sryder9"], "log": "|j|\u2606YourTeamTrashAsYou\n|j|\u2606Sryder9\n|t:|1733883433\n|gametype|singles\n|player|p1|YourTeamTrashAsYou|ninjaboy|1546\n|player|p2|Sryder9|102|1556\n|teamsize|p1|6\n|teamsize|p2|6\n|gen|9\n|tier|[Gen 9] Random Battle\n|rated|\n|rule|Species Clause: Limit one of each Pok\u00e9mon\n|rule|HP Percentage Mod: HP is shown in percentages\n|rule|Sleep Clause Mod: Limit one foe put to sleep\n|rule|Illusion Level Mod: Illusion disguises the Pok\u00e9mon's true level\n|\n|t:|1733883433\n|start\n|switch|p1a: Tinkaton|Tinkaton, L82, F|274/274\n|switch|p2a: Entei|Entei, L78|307/307\n|-ability|p1a: Tinkaton|Mold Breaker\n|turn|1\n|\n|t:|1733883454\n|switch|p1a: Stonjourner|Stonjourner, L91, M|330/330\n|move|p2a: Entei|Sacred Fire|p1a: Stonjourner\n|-resisted|p1a: Stonjourner\n|-damage|p1a: Stonjourner|274/330\n|\n|upkeep\n|turn|2\n|inactive|Battle timer is ON: inactive players will automatically lose when time's up. (requested by Sryder9)\n|\n|t:|1733883469\n|switch|p2a: Jirachi|Jirachi, L80|291/291\n|move|p1a: Stonjourner|Rock Polish|p1a: Stonjourner\n|-boost|p1a: Stonjourner|spe|2\n|\n|upkeep\n|turn|3\n|\n|t:|1733883478\n|move|p1a: Stonjourner|Earthquake|p2a: Jirachi\n|-supereffective|p2a: Jirachi\n|-damage|p2a: Jirachi|47/291\n|-damage|p1a: Stonjourner|241/330|[from] item: Life Orb\n|move|p2a: Jirachi|U-turn|p1a: Stonjourner\n|-damage|p1a: Stonjourner|212/330\n|\n|t:|1733883483\n|switch|p2a: Phione|Phione, L91|293/293|[from] U-turn\n|\n|upkeep\n|turn|4\n|\n|t:|1733883488\n|switch|p1a: Delibird|Delibird, M|252/252\n|move|p2a: Phione|Scald|p1a: Delibird\n|-damage|p1a: Delibird|128/252\n|\n|upkeep\n|turn|5\n|\n|t:|1733883495\n|switch|p2a: Entei|Entei, L78|307/307\n|move|p1a: Delibird|Spikes|p2a: Entei\n|-sidestart|p2: Sryder9|Spikes\n|\n|upkeep\n|turn|6\n|\n|t:|1733883502\n|move|p1a: Delibird|Spikes|p2a: Entei\n|-sidestart|p2: Sryder9|Spikes\n|move|p2a: Entei|Flare Blitz|p1a: Delibird\n|-supereffective|p1a: Delibird\n|-damage|p1a: Delibird|0 fnt\n|faint|p1a: Delibird\n|-damage|p2a: Entei|265/307|[from] Recoil\n|\n|upkeep\n|\n|t:|1733883508\n|switch|p1a: Stonjourner|Stonjourner, L91, M|212/330\n|turn|7\n|\n|t:|1733883510\n|move|p2a: Entei|Flare Blitz|p1a: Stonjourner\n|-resisted|p1a: Stonjourner\n|-damage|p1a: Stonjourner|155/330\n|-damage|p2a: Entei|246/307|[from] Recoil\n|move|p1a: Stonjourner|Rock Polish|p1a: Stonjourner\n|-boost|p1a: Stonjourner|spe|2\n|\n|upkeep\n|turn|8\n|\n|t:|1733883522\n|switch|p2a: Jirachi|Jirachi, L80|47/291\n|-damage|p2a: Jirachi|0 fnt|[from] Spikes\n|faint|p2a: Jirachi\n|move|p1a: Stonjourner|Stone Edge|p2: Jirachi|[notarget]\n|-fail|p1a: Stonjourner\n|\n|upkeep\n|\n|t:|1733883528\n|switch|p2a: Phione|Phione, L91|293/293\n|-damage|p2a: Phione|245/293|[from] Spikes\n|turn|9\n|\n|t:|1733883536\n|switch|p1a: Bombirdier|Bombirdier, L85, F|258/258\n|move|p2a: Phione|Scald|p1a: Bombirdier\n|-damage|p1a: Bombirdier|164/258\n|\n|-heal|p2a: Phione|263/293|[from] item: Leftovers\n|upkeep\n|turn|10\n|\n|t:|1733883551\n|-terastallize|p2a: Phione|Steel\n|move|p2a: Phione|Take Heart|p2a: Phione\n|-boost|p2a: Phione|spa|1\n|-boost|p2a: Phione|spd|1\n|move|p1a: Bombirdier|Knock Off|p2a: Phione\n|-damage|p2a: Phione|149/293\n|-enditem|p2a: Phione|Leftovers|[from] move: Knock Off|[of] p1a: Bombirdier\n|\n|upkeep\n|turn|11\n|\n|t:|1733883560\n|move|p2a: Phione|Ice Beam|p1a: Bombirdier\n|-supereffective|p1a: Bombirdier\n|-damage|p1a: Bombirdier|0 fnt\n|faint|p1a: Bombirdier\n|\n|upkeep\n|\n|t:|1733883567\n|switch|p1a: Sneasler|Sneasler, L74, F|240/240\n|turn|12\n|\n|t:|1733883576\n|switch|p2a: Scream Tail|Scream Tail, L84|330/330\n|-damage|p2a: Scream Tail|275/330|[from] Spikes\n|move|p1a: Sneasler|Close Combat|p2a: Scream Tail\n|-resisted|p2a: Scream Tail\n|-damage|p2a: Scream Tail|235/330\n|-unboost|p1a: Sneasler|def|1\n|-unboost|p1a: Sneasler|spd|1\n|\n|-heal|p2a: Scream Tail|255/330|[from] item: Leftovers\n|upkeep\n|turn|13\n|\n|t:|1733883583\n|switch|p1a: Espeon|Espeon, L84, F|246/246\n|move|p2a: Scream Tail|Encore|p1a: Espeon\n|move|p1a: Espeon|Encore||[from]ability: Magic Bounce|[still]\n|-fail|p1a: Espeon\n|\n|-heal|p2a: Scream Tail|275/330|[from] item: Leftovers\n|upkeep\n|turn|14\n|\n|t:|1733883592\n|switch|p1a: Tinkaton|Tinkaton, L82, F|274/274\n|-ability|p1a: Tinkaton|Mold Breaker\n|move|p2a: Scream Tail|Wish|p2a: Scream Tail\n|\n|-heal|p2a: Scream Tail|295/330|[from] item: Leftovers\n|upkeep\n|turn|15\n|\n|t:|1733883603\n|-end|p2a: Scream Tail|Protosynthesis|[silent]\n|switch|p2a: Entei|Entei, L78|246/307\n|-damage|p2a: Entei|195/307|[from] Spikes\n|switch|p1a: Sneasler|Sneasler, L74, F|240/240\n|\n|-heal|p2a: Entei|307/307|[from] move: Wish|[wisher] Scream Tail\n|upkeep\n|turn|16\n|\n|t:|1733883617\n|switch|p1a: Stonjourner|Stonjourner, L91, M|155/330\n|move|p2a: Entei|Stomping Tantrum|p1a: Stonjourner\n|-supereffective|p1a: Stonjourner\n|-damage|p1a: Stonjourner|49/330\n|\n|upkeep\n|turn|17\n|\n|t:|1733883622\n|switch|p1a: Espeon|Espeon, L84, F|246/246\n|move|p2a: Entei|Stomping Tantrum|p1a: Espeon\n|-damage|p1a: Espeon|139/246\n|\n|upkeep\n|turn|18\n|\n|t:|1733883630\n|move|p1a: Espeon|Calm Mind|p1a: Espeon\n|-boost|p1a: Espeon|spa|1\n|-boost|p1a: Espeon|spd|1\n|move|p2a: Entei|Stomping Tantrum|p1a: Espeon\n|-damage|p1a: Espeon|43/246\n|\n|upkeep\n|turn|19\n|\n|t:|1733883632\n|move|p1a: Espeon|Morning Sun|p1a: Espeon\n|-heal|p1a: Espeon|166/246\n|move|p2a: Entei|Stomping Tantrum|p1a: Espeon\n|-damage|p1a: Espeon|55/246\n|\n|upkeep\n|turn|20\n|\n|t:|1733883639\n|switch|p2a: Gurdurr|Gurdurr, L85, F|283/283\n|-damage|p2a: Gurdurr|236/283|[from] Spikes\n|move|p1a: Espeon|Morning Sun|p1a: Espeon\n|-heal|p1a: Espeon|178/246\n|\n|upkeep\n|turn|21\n|\n|t:|1733883646\n|move|p1a: Espeon|Psychic|p2a: Gurdurr\n|-supereffective|p2a: Gurdurr\n|-damage|p2a: Gurdurr|0 fnt\n|faint|p2a: Gurdurr\n|-damage|p1a: Espeon|154/246|[from] item: Life Orb\n|\n|upkeep\n|\n|t:|1733883652\n|switch|p2a: Zekrom|Zekrom, L71|259/259\n|-damage|p2a: Zekrom|216/259|[from] Spikes\n|-ability|p2a: Zekrom|Teravolt\n|turn|22\n|\n|t:|1733883657\n|move|p1a: Espeon|Alluring Voice|p2a: Zekrom\n|-supereffective|p2a: Zekrom\n|-damage|p2a: Zekrom|0 fnt\n|faint|p2a: Zekrom\n|-damage|p1a: Espeon|130/246|[from] item: Life Orb\n|\n|upkeep\n|\n|t:|1733883662\n|switch|p2a: Entei|Entei, L78|307/307\n|-damage|p2a: Entei|256/307|[from] Spikes\n|turn|23\n|\n|t:|1733883669\n|-terastallize|p1a: Espeon|Psychic\n|move|p2a: Entei|Extreme Speed|p1a: Espeon\n|-damage|p1a: Espeon|14/246\n|move|p1a: Espeon|Psychic|p2a: Entei\n|-damage|p2a: Entei|0 fnt\n|faint|p2a: Entei\n|-damage|p1a: Espeon|0 fnt|[from] item: Life Orb\n|faint|p1a: Espeon\n|\n|upkeep\n|c|\u2606Sryder9|gg\n|\n|t:|1733883684\n|switch|p1a: Tinkaton|Tinkaton, L82, F|274/274\n|switch|p2a: Scream Tail|Scream Tail, L84|295/330\n|-damage|p2a: Scream Tail|240/330|[from] Spikes\n|-ability|p1a: Tinkaton|Mold Breaker\n|turn|24\n|\n|t:|1733883687\n|move|p2a: Scream Tail|Wish|p2a: Scream Tail\n|move|p1a: Tinkaton|Gigaton Hammer|p2a: Scream Tail\n|-supereffective|p2a: Scream Tail\n|-damage|p2a: Scream Tail|0 fnt\n|faint|p2a: Scream Tail\n|-end|p2a: Scream Tail|Protosynthesis|[silent]\n|-damage|p1a: Tinkaton|247/274|[from] item: Life Orb\n|\n|upkeep\n|\n|t:|1733883691\n|switch|p2a: Phione|Phione, L91, tera:Steel|149/293\n|-damage|p2a: Phione|101/293|[from] Spikes\n|turn|25\n|\n|t:|1733883696\n|move|p1a: Tinkaton|Knock Off|p2a: Phione\n|-damage|p2a: Phione|52/293\n|-damage|p1a: Tinkaton|220/274|[from] item: Life Orb\n|move|p2a: Phione|Take Heart|p2a: Phione\n|-boost|p2a: Phione|spa|1\n|-boost|p2a: Phione|spd|1\n|\n|-heal|p2a: Phione|217/293|[from] move: Wish|[wisher] Scream Tail\n|upkeep\n|turn|26\n|\n|t:|1733883700\n|move|p1a: Tinkaton|Swords Dance|p1a: Tinkaton\n|-boost|p1a: Tinkaton|atk|2\n|move|p2a: Phione|Scald|p1a: Tinkaton\n|-damage|p1a: Tinkaton|103/274\n|\n|upkeep\n|turn|27\n|\n|t:|1733883706\n|move|p1a: Tinkaton|Gigaton Hammer|p2a: Phione\n|-resisted|p2a: Phione\n|-damage|p2a: Phione|53/293\n|-damage|p1a: Tinkaton|76/274|[from] item: Life Orb\n|move|p2a: Phione|Scald|p1a: Tinkaton\n|-damage|p1a: Tinkaton|0 fnt\n|faint|p1a: Tinkaton\n|\n|upkeep\n|\n|t:|1733883711\n|switch|p1a: Sneasler|Sneasler, L74, F|240/240\n|turn|28\n|\n|t:|1733883719\n|move|p1a: Sneasler|Close Combat|p2a: Phione\n|-supereffective|p2a: Phione\n|-damage|p2a: Phione|0 fnt\n|-unboost|p1a: Sneasler|def|1\n|-unboost|p1a: Sneasler|spd|1\n|faint|p2a: Phione\n|\n|win|YourTeamTrashAsYou\n|raw|YourTeamTrashAsYou's rating: 1546 &rarr; <strong>1567</strong><br />(+21 for winning)\n|raw|Sryder9's rating: 1556 &rarr; <strong>1535</strong><br />(-21 for losing)\n|l|\u2606Sryder9\n|player|p2|\n", "inputlog": ">version bfd83cad13791eb5a5a409923076391caf6fb4d4\n>start {\"formatid\":\"gen9randombattle\",\"seed\":[38573,25730,33918,58013],\"rated\":\"Rated battle\"}\n>player p1 {\"name\":\"YourTeamTrashAsYou\",\"avatar\":\"ninjaboy\",\"rating\":1546,\"seed\":[19404,40307,63702,28594]}\n>player p2 {\"name\":\"Sryder9\",\"avatar\":\"102\",\"rating\":1556,\"seed\":[27771,59332,38789,5059]}\n>p1 switch 5\n>p2 move sacredfire\n>p1 move rockpolish\n>p2 switch 3\n>p1 move earthquake\n>p2 move uturn\n>p2 switch 6\n>p1 switch 2\n>p2 move scald\n>p1 move spikes\n>p2 switch 3\n>p1 move spikes\n>p2 move flareblitz\n>p1 switch 2\n>p1 move rockpolish\n>p2 move flareblitz\n>p1 move stoneedge\n>p2 switch 6\n>p2 switch 3\n>p1 switch 4\n>p2 move scald\n>p1 move knockoff\n>p2 move takeheart terastallize\n>p1 move roost\n>p2 move icebeam\n>p1 switch 6\n>p1 move closecombat\n>p2 switch 4\n>p1 switch 3\n>p2 move encore\n>p1 switch 5\n>p2 move wish\n>p1 switch 3\n>p2 switch 6\n>p1 switch 4\n>p2 move stompingtantrum\n>p1 switch 5\n>p2 move stompingtantrum\n>p1 move calmmind\n>p2 move stompingtantrum\n>p1 move morningsun\n>p2 move stompingtantrum\n>p1 move morningsun\n>p2 switch 5\n>p1 move psychic\n>p2 move knockoff\n>p2 switch 2\n>p1 move alluringvoice\n>p2 move dragondance\n>p2 switch 5\n>p1 move psychic terastallize\n>p2 move extremespeed\n>chat \u2606Sryder9|gg\n>p1 switch 3\n>p2 switch 6\n>p1 move gigatonhammer\n>p2 move wish\n>p2 switch 4\n>p1 move knockoff\n>p2 move takeheart\n>p1 move swordsdance\n>p2 move scald\n>p1 move gigatonhammer\n>p2 move scald\n>p1 switch 4\n>p1 move closecombat\n>p2 move scald", "uploadtime": 1733883731, "views": 4, "formatid": "gen9randombattle", "rating": 1535, "private": 0, "password": null}