{"id": "gen9randombattle-2259808676", "format": "[Gen 9] Random Battle", "players": ["gabite-enjoyer2007", "houjo"], "log": "|j|\u2606gabite-enjoyer2007\n|j|\u2606houjo\n|t:|1733768791\n|gametype|singles\n|player|p1|gabite-enjoyer2007|birdkeeper-gen4dp|1385\n|player|p2|houjo|101|1385\n|teamsize|p1|6\n|teamsize|p2|6\n|gen|9\n|tier|[Gen 9] Random Battle\n|rated|\n|rule|Species Clause: Limit one of each Pok\u00e9mon\n|rule|HP Percentage Mod: HP is shown in percentages\n|rule|Sleep Clause Mod: Limit one foe put to sleep\n|rule|Illusion Level Mod: Illusion disguises the Pok\u00e9mon's true level\n|\n|t:|1733768791\n|start\n|switch|p1a: Leavanny|Leavanny, L86, F|269/269\n|switch|p2a: Leafeon|Leafeon, L88, F|258/258\n|turn|1\n|\n|t:|1733768802\n|switch|p2a: Spidops|Spidops, L96, M|271/271\n|move|p1a: Leavanny|Lunge|p2a: Spidops\n|-damage|p2a: Spidops|198/271\n|-unboost|p2a: Spidops|atk|1\n|\n|upkeep\n|turn|2\n|\n|t:|1733768816\n|move|p1a: Leavanny|Sticky Web|p2a: Spidops\n|-sidestart|p2: houjo|move: Sticky Web\n|move|p2a: Spidops|Sticky Web|p1a: Leavanny\n|-sidestart|p1: gabite-enjoyer2007|move: Sticky Web\n|\n|upkeep\n|turn|3\n|\n|t:|1733768829\n|move|p1a: Leavanny|Knock Off|p2a: Spidops\n|-damage|p2a: Spidops|129/271\n|-enditem|p2a: Spidops|Heavy-Duty Boots|[from] move: Knock Off|[of] p1a: Leavanny\n|move|p2a: Spidops|Toxic Spikes|p1a: Leavanny\n|-sidestart|p1: gabite-enjoyer2007|move: Toxic Spikes\n|\n|upkeep\n|turn|4\n|\n|t:|1733768837\n|move|p1a: Leavanny|Lunge|p2a: Spidops\n|-damage|p2a: Spidops|54/271\n|-unboost|p2a: Spidops|atk|1\n|move|p2a: Spidops|Spikes|p1a: Leavanny\n|-sidestart|p1: gabite-enjoyer2007|Spikes\n|\n|upkeep\n|turn|5\n|\n|t:|1733768848\n|move|p1a: Leavanny|Lunge|p2a: Spidops\n|-damage|p2a: Spidops|0 fnt\n|faint|p2a: Spidops\n|\n|upkeep\n|\n|t:|1733768861\n|switch|p2a: Mimikyu|Mimikyu, L79, M|216/216\n|-activate|p2a: Mimikyu|move: Sticky Web\n|-unboost|p2a: Mimikyu|spe|1\n|turn|6\n|\n|t:|1733768866\n|move|p1a: Leavanny|Knock Off|p2a: Mimikyu\n|-activate|p2a: Mimikyu|ability: Disguise\n|-damage|p2a: Mimikyu|216/216\n|-enditem|p2a: Mimikyu|Life Orb|[from] move: Knock Off|[of] p1a: Leavanny\n|detailschange|p2a: Mimikyu|Mimikyu-Busted, L79, M\n|-damage|p2a: Mimikyu|189/216|[from] pokemon: Mimikyu-Busted\n|move|p2a: Mimikyu|Swords Dance|p2a: Mimikyu\n|-boost|p2a: Mimikyu|atk|2\n|\n|upkeep\n|turn|7\n|\n|t:|1733768878\n|move|p1a: Leavanny|Leaf Blade|p2a: Mimikyu\n|-damage|p2a: Mimikyu|75/216\n|move|p2a: Mimikyu|Play Rough|p1a: Leavanny\n|-damage|p1a: Leavanny|92/269\n|\n|upkeep\n|turn|8\n|\n|t:|1733768886\n|move|p2a: Mimikyu|Shadow Sneak|p1a: Leavanny\n|-damage|p1a: Leavanny|11/269\n|move|p1a: Leavanny|Leaf Blade|p2a: Mimikyu\n|-damage|p2a: Mimikyu|0 fnt\n|faint|p2a: Mimikyu\n|\n|upkeep\n|\n|t:|1733768897\n|switch|p2a: Deoxys|Deoxys-Attack, L72|191/191\n|-activate|p2a: Deoxys|move: Sticky Web\n|-unboost|p2a: Deoxys|spe|1\n|-ability|p2a: Deoxys|Pressure\n|turn|9\n|\n|t:|1733768904\n|move|p1a: Leavanny|Lunge|p2a: Deoxys\n|-supereffective|p2a: Deoxys\n|-damage|p2a: Deoxys|0 fnt\n|faint|p2a: Deoxys\n|\n|upkeep\n|\n|t:|1733768911\n|switch|p2a: Leafeon|Leafeon, L88, F|258/258\n|-activate|p2a: Leafeon|move: Sticky Web\n|-unboost|p2a: Leafeon|spe|1\n|turn|10\n|\n|t:|1733768924\n|move|p1a: Leavanny|Lunge|p2a: Leafeon\n|-supereffective|p2a: Leafeon\n|-damage|p2a: Leafeon|54/258\n|-unboost|p2a: Leafeon|atk|1\n|move|p2a: Leafeon|Knock Off|p1a: Leavanny\n|-damage|p1a: Leavanny|0 fnt\n|-enditem|p1a: Leavanny|Heavy-Duty Boots|[from] move: Knock Off|[of] p2a: Leafeon\n|faint|p1a: Leavanny\n|-damage|p2a: Leafeon|29/258|[from] item: Life Orb\n|\n|upkeep\n|inactive|Battle timer is ON: inactive players will automatically lose when time's up. (requested by houjo)\n|\n|t:|1733768935\n|switch|p1a: Iron Moth|Iron Moth, L78|253/253\n|-sideend|p1: gabite-enjoyer2007|move: Toxic Spikes|[of] p1a: Iron Moth\n|turn|11\n|\n|t:|1733768945\n|move|p1a: Iron Moth|Sludge Wave|p2a: Leafeon\n|-supereffective|p2a: Leafeon\n|-damage|p2a: Leafeon|0 fnt\n|faint|p2a: Leafeon\n|\n|upkeep\n|\n|t:|1733768955\n|switch|p2a: Chansey|Chansey, L85, F|564/564\n|-activate|p2a: Chansey|move: Sticky Web\n|-unboost|p2a: Chansey|spe|1\n|turn|12\n|\n|t:|1733768970\n|-end|p1a: Iron Moth|Quark Drive|[silent]\n|switch|p1a: Electivire|Electivire, L84, F|263/263\n|-activate|p1a: Electivire|move: Sticky Web\n|-unboost|p1a: Electivire|spe|1\n|-damage|p1a: Electivire|231/263|[from] Spikes\n|move|p2a: Chansey|Stealth Rock|p1a: Electivire\n|-sidestart|p1: gabite-enjoyer2007|move: Stealth Rock\n|\n|upkeep\n|turn|13\n|\n|t:|1733768986\n|-terastallize|p2a: Chansey|Ghost\n|move|p1a: Electivire|Supercell Slam|p2a: Chansey\n|-damage|p2a: Chansey|165/564\n|-damage|p1a: Electivire|205/263|[from] item: Life Orb\n|move|p2a: Chansey|Seismic Toss|p1a: Electivire\n|-damage|p1a: Electivire|120/263\n|\n|upkeep\n|turn|14\n|-message|houjo forfeited.\n|\n|win|gabite-enjoyer2007\n|raw|gabite-enjoyer2007's rating: 1385 &rarr; <strong>1405</strong><br />(+20 for winning)\n|raw|houjo's rating: 1385 &rarr; <strong>1365</strong><br />(-20 for losing)\n|l|\u2606houjo\n|player|p2|\n", "inputlog": ">version bfd83cad13791eb5a5a409923076391caf6fb4d4\n>start {\"formatid\":\"gen9randombattle\",\"seed\":[59858,45334,58412,57341],\"rated\":\"Rated battle\"}\n>player p1 {\"name\":\"gabite-enjoyer2007\",\"avatar\":\"birdkeeper-gen4dp\",\"rating\":1385,\"seed\":[259,54102,21173,590]}\n>player p2 {\"name\":\"houjo\",\"avatar\":\"101\",\"rating\":1385,\"seed\":[17301,17728,3244,41179]}\n>p1 move lunge\n>p2 switch 3\n>p1 move stickyweb\n>p2 move stickyweb\n>p1 move knockoff\n>p2 move toxicspikes\n>p1 move lunge\n>p2 move spikes\n>p1 move lunge\n>p2 move spikes\n>p2 switch 4\n>p1 move knockoff\n>p2 move swordsdance\n>p1 move leafblade\n>p2 move playrough\n>p1 move leafblade\n>p2 move shadowsneak\n>p2 switch 6\n>p1 move lunge\n>p2 move icebeam\n>p2 switch 3\n>p1 move lunge\n>p2 move knockoff\n>p1 switch 5\n>p1 move sludgewave\n>p2 move knockoff\n>p2 switch 5\n>p1 switch 2\n>p2 move stealthrock\n>p1 move supercellslam\n>p2 move seismictoss terastallize\n>forcelose p2", "uploadtime": 1733768996, "views": 17, "formatid": "gen9randombattle", "rating": 1365, "private": 0, "password": null}