{"id": "gen9randombattle-2260718066", "format": "[Gen 9] Random Battle", "players": ["ensneno", "winifyourstupid"], "log": "|j|\u203densneno\n|j|\u203dwinifyourstupid\n|t:|1733882410\n|gametype|singles\n|player|p1|ensneno|pokemaniac|\n|player|p2|winifyourstupid|dragontamer|\n|teamsize|p1|6\n|teamsize|p2|6\n|gen|9\n|tier|[Gen 9] Random Battle\n|rule|Species Clause: Limit one of each Pok\u00e9mon\n|rule|HP Percentage Mod: HP is shown in percentages\n|rule|Sleep Clause Mod: Limit one foe put to sleep\n|rule|Illusion Level Mod: Illusion disguises the Pok\u00e9mon's true level\n|\n|t:|1733882410\n|start\n|switch|p1a: Alomomola|Alomomola, L87, F|429/429\n|switch|p2a: Grumpig|Grumpig, L92, F|297/297\n|turn|1\n|\n|t:|1733882428\n|move|p2a: Grumpig|Trick|p1a: Alomomola\n|-activate|p2a: Grumpig|move: Trick|[of] p1a: Alomomola\n|-item|p1a: Alomomola|Choice Scarf|[from] move: Trick\n|-item|p2a: Grumpig|Rocky Helmet|[from] move: Trick\n|move|p1a: Alomomola|Wish|p1a: Alomomola\n|\n|upkeep\n|turn|2\n|\n|t:|1733882452\n|switch|p1a: Serperior|Serperior, L79, F|248/248\n|move|p2a: Grumpig|Psyshock|p1a: Serperior\n|-damage|p1a: Serperior|145/248\n|\n|-heal|p1a: Serperior|248/248|[from] move: Wish|[wisher] Alomomola\n|upkeep\n|turn|3\n|inactive|Battle timer is ON: inactive players will automatically lose when time's up. (requested by ensneno)\n|\n|t:|1733882470\n|move|p1a: Serperior|Leech Seed|p2a: Grumpig\n|-start|p2a: Grumpig|move: Leech Seed\n|move|p2a: Grumpig|Shadow Ball|p1a: Serperior\n|-damage|p1a: Serperior|183/248\n|\n|-heal|p1a: Serperior|198/248|[from] item: Leftovers\n|-damage|p2a: Grumpig|260/297|[from] Leech Seed|[of] p1a: Serperior\n|-heal|p1a: Serperior|235/248|[silent]\n|upkeep\n|turn|4\n|\n|t:|1733882483\n|switch|p2a: Heracross|Heracross, L80, M|259/259\n|move|p1a: Serperior|Leaf Storm|p2a: Heracross\n|-resisted|p2a: Heracross\n|-damage|p2a: Heracross|211/259\n|-boost|p1a: Serperior|spa|2\n|\n|-heal|p1a: Serperior|248/248|[from] item: Leftovers\n|-status|p2a: Heracross|brn|[from] item: Flame Orb\n|upkeep\n|turn|5\n|\n|t:|1733882504\n|switch|p1a: Miraidon|Miraidon, L65|238/238\n|-fieldstart|move: Electric Terrain|[from] ability: Hadron Engine|[of] p1a: Miraidon\n|move|p2a: Heracross|Facade|p1a: Miraidon\n|-damage|p1a: Miraidon|57/238\n|\n|-damage|p2a: Heracross|195/259 brn|[from] brn\n|upkeep\n|turn|6\n|\n|t:|1733882516\n|move|p1a: Miraidon|Electro Drift|p2a: Heracross\n|-crit|p2a: Heracross\n|-damage|p2a: Heracross|0 fnt\n|faint|p2a: Heracross\n|\n|upkeep\n|\n|t:|1733882530\n|switch|p2a: Lokix|Lokix, L82, F|251/251\n|turn|7\n|\n|t:|1733882536\n|move|p2a: Lokix|Sucker Punch|p1a: Miraidon\n|-damage|p1a: Miraidon|0 fnt\n|faint|p1a: Miraidon\n|-damage|p2a: Lokix|226/251|[from] item: Life Orb\n|\n|upkeep\n|\n|t:|1733882544\n|switch|p1a: Pachirisu|Pachirisu, L96, F|271/271\n|turn|8\n|\n|t:|1733882553\n|move|p1a: Pachirisu|Nuzzle|p2a: Lokix\n|-damage|p2a: Lokix|201/251\n|-status|p2a: Lokix|par\n|move|p2a: Lokix|Knock Off|p1a: Pachirisu\n|-damage|p1a: Pachirisu|131/271\n|-enditem|p1a: Pachirisu|Assault Vest|[from] move: Knock Off|[of] p2a: Lokix\n|-damage|p2a: Lokix|176/251 par|[from] item: Life Orb\n|\n|upkeep\n|turn|9\n|\n|t:|1733882566\n|move|p1a: Pachirisu|Thunderbolt|p2a: Lokix\n|-damage|p2a: Lokix|52/251 par\n|move|p2a: Lokix|Leech Life|p1a: Pachirisu\n|-damage|p1a: Pachirisu|13/271\n|-heal|p2a: Lokix|111/251 par|[from] drain|[of] p1a: Pachirisu\n|-damage|p2a: Lokix|86/251 par|[from] item: Life Orb\n|\n|-fieldend|move: Electric Terrain\n|upkeep\n|turn|10\n|\n|t:|1733882577\n|cant|p2a: Lokix|par\n|move|p1a: Pachirisu|Thunderbolt|p2a: Lokix\n|-damage|p2a: Lokix|0 fnt\n|faint|p2a: Lokix\n|\n|upkeep\n|inactive|winifyourstupid has 270 seconds left.\n|\n|t:|1733882607\n|switch|p2a: Cinccino|Cinccino, L83, M|260/260\n|turn|11\n|inactive|winifyourstupid has 270 seconds left.\n|\n|t:|1733882616\n|move|p2a: Cinccino|Triple Axel|p1a: Pachirisu|[miss]\n|-miss|p2a: Cinccino|p1a: Pachirisu\n|move|p1a: Pachirisu|U-turn|p2a: Cinccino\n|-damage|p2a: Cinccino|207/260\n|\n|t:|1733882626\n|switch|p1a: Maushold|Maushold-Four, L76|238/238|[from] U-turn\n|\n|upkeep\n|turn|12\n|\n|t:|1733882636\n|move|p2a: Cinccino|Bullet Seed|p1a: Maushold\n|-damage|p1a: Maushold|202/238\n|-damage|p1a: Maushold|169/238\n|-damage|p1a: Maushold|137/238\n|-damage|p1a: Maushold|101/238\n|-damage|p1a: Maushold|65/238\n|-hitcount|p1a: Maushold|5\n|move|p1a: Maushold|Population Bomb|p2a: Cinccino\n|-damage|p2a: Cinccino|180/260\n|-damage|p2a: Cinccino|149/260\n|-damage|p2a: Cinccino|121/260\n|-damage|p2a: Cinccino|90/260\n|-damage|p2a: Cinccino|60/260\n|-damage|p2a: Cinccino|29/260\n|-damage|p2a: Cinccino|1/260\n|-damage|p2a: Cinccino|0 fnt\n|faint|p2a: Cinccino\n|-hitcount|p2: Cinccino|8\n|\n|upkeep\n|inactive|winifyourstupid has 270 seconds left.\n|\n|t:|1733882660\n|switch|p2a: Perrserker|Perrserker, L89, F|269/269\n|turn|13\n|\n|t:|1733882669\n|move|p1a: Maushold|Population Bomb|p2a: Perrserker\n|-resisted|p2a: Perrserker\n|-damage|p2a: Perrserker|259/269\n|-resisted|p2a: Perrserker\n|-damage|p2a: Perrserker|250/269\n|-resisted|p2a: Perrserker\n|-damage|p2a: Perrserker|241/269\n|-resisted|p2a: Perrserker\n|-damage|p2a: Perrserker|231/269\n|-resisted|p2a: Perrserker\n|-damage|p2a: Perrserker|222/269\n|-resisted|p2a: Perrserker\n|-damage|p2a: Perrserker|213/269\n|-resisted|p2a: Perrserker\n|-damage|p2a: Perrserker|203/269\n|-resisted|p2a: Perrserker\n|-damage|p2a: Perrserker|194/269\n|-resisted|p2a: Perrserker\n|-damage|p2a: Perrserker|185/269\n|-resisted|p2a: Perrserker\n|-damage|p2a: Perrserker|175/269\n|-hitcount|p2a: Perrserker|10\n|move|p2a: Perrserker|Iron Head|p1a: Maushold\n|-crit|p1a: Maushold\n|-damage|p1a: Maushold|0 fnt\n|faint|p1a: Maushold\n|-damage|p2a: Perrserker|149/269|[from] item: Life Orb\n|\n|upkeep\n|\n|t:|1733882675\n|switch|p1a: Alomomola|Alomomola, L87, F|429/429\n|turn|14\n|inactive|winifyourstupid has 270 seconds left.\n|\n|t:|1733882698\n|move|p1a: Alomomola|Wish|p1a: Alomomola\n|move|p2a: Perrserker|Stealth Rock|p1a: Alomomola\n|-sidestart|p1: ensneno|move: Stealth Rock\n|\n|upkeep\n|turn|15\n|\n|t:|1733882709\n|switch|p1a: Pachirisu|Pachirisu, L96, F|13/271\n|-damage|p1a: Pachirisu|0 fnt|[from] Stealth Rock\n|faint|p1a: Pachirisu\n|move|p2a: Perrserker|Iron Head|p1: Pachirisu|[notarget]\n|-fail|p2a: Perrserker\n|\n|upkeep\n|\n|t:|1733882716\n|switch|p1a: Alomomola|Alomomola, L87, F|429/429\n|-damage|p1a: Alomomola|376/429|[from] Stealth Rock\n|turn|16\n|\n|t:|1733882723\n|move|p1a: Alomomola|Scald|p2a: Perrserker\n|-damage|p2a: Perrserker|88/269\n|move|p2a: Perrserker|Iron Head|p1a: Alomomola\n|-resisted|p1a: Alomomola\n|-damage|p1a: Alomomola|285/429\n|-damage|p2a: Perrserker|62/269|[from] item: Life Orb\n|\n|upkeep\n|turn|17\n|\n|t:|1733882733\n|move|p1a: Alomomola|Scald|p2a: Perrserker\n|-damage|p2a: Perrserker|5/269\n|move|p2a: Perrserker|Close Combat|p1a: Alomomola\n|-damage|p1a: Alomomola|94/429\n|-unboost|p2a: Perrserker|def|1\n|-unboost|p2a: Perrserker|spd|1\n|-damage|p2a: Perrserker|0 fnt|[from] item: Life Orb\n|faint|p2a: Perrserker\n|\n|upkeep\n|\n|t:|1733882745\n|switch|p2a: Grumpig|Grumpig, L92, F|260/297\n|turn|18\n|\n|t:|1733882750\n|move|p1a: Alomomola|Scald|p2a: Grumpig\n|-damage|p2a: Grumpig|221/297\n|-status|p2a: Grumpig|brn\n|move|p2a: Grumpig|Psyshock|p1a: Alomomola\n|-damage|p1a: Alomomola|0 fnt\n|faint|p1a: Alomomola\n|\n|-damage|p2a: Grumpig|203/297 brn|[from] brn\n|upkeep\n|\n|t:|1733882759\n|switch|p1a: Serperior|Serperior, L79, F|248/248\n|-damage|p1a: Serperior|217/248|[from] Stealth Rock\n|turn|19\n|\n|t:|1733882766\n|move|p1a: Serperior|Substitute|p1a: Serperior\n|-start|p1a: Serperior|Substitute\n|-damage|p1a: Serperior|155/248\n|move|p2a: Grumpig|Shadow Ball|p1a: Serperior\n|-activate|p1a: Serperior|move: Substitute|[damage]\n|\n|-heal|p1a: Serperior|170/248|[from] item: Leftovers\n|-damage|p2a: Grumpig|185/297 brn|[from] brn\n|upkeep\n|turn|20\n|\n|t:|1733882782\n|move|p1a: Serperior|Leech Seed|p2a: Grumpig\n|-start|p2a: Grumpig|move: Leech Seed\n|move|p2a: Grumpig|Psyshock|p1a: Serperior\n|-crit|p1a: Serperior\n|-end|p1a: Serperior|Substitute\n|\n|-heal|p1a: Serperior|185/248|[from] item: Leftovers\n|-damage|p2a: Grumpig|148/297 brn|[from] Leech Seed|[of] p1a: Serperior\n|-heal|p1a: Serperior|222/248|[silent]\n|-damage|p2a: Grumpig|130/297 brn|[from] brn\n|upkeep\n|turn|21\n|\n|t:|1733882792\n|switch|p2a: Armarouge|Armarouge, L80, M|267/267\n|move|p1a: Serperior|Leaf Storm|p2a: Armarouge\n|-resisted|p2a: Armarouge\n|-damage|p2a: Armarouge|207/267\n|-boost|p1a: Serperior|spa|2\n|\n|-heal|p1a: Serperior|237/248|[from] item: Leftovers\n|upkeep\n|turn|22\n|\n|t:|1733882809\n|-terastallize|p1a: Serperior|Fire\n|move|p1a: Serperior|Substitute|p1a: Serperior\n|-start|p1a: Serperior|Substitute\n|-damage|p1a: Serperior|175/248\n|move|p2a: Armarouge|Armor Cannon|p1a: Serperior\n|-resisted|p1a: Serperior\n|-end|p1a: Serperior|Substitute\n|-unboost|p2a: Armarouge|def|1\n|-unboost|p2a: Armarouge|spd|1\n|\n|-heal|p1a: Serperior|190/248|[from] item: Leftovers\n|upkeep\n|turn|23\n|inactive|winifyourstupid has 270 seconds left.\n|\n|t:|1733882829\n|move|p1a: Serperior|Leech Seed|p2a: Armarouge\n|-start|p2a: Armarouge|move: Leech Seed\n|move|p2a: Armarouge|Armor Cannon|p1a: Serperior\n|-resisted|p1a: Serperior\n|-damage|p1a: Serperior|86/248\n|-unboost|p2a: Armarouge|def|1\n|-unboost|p2a: Armarouge|spd|1\n|\n|-heal|p1a: Serperior|101/248|[from] item: Leftovers\n|-damage|p2a: Armarouge|174/267|[from] Leech Seed|[of] p1a: Serperior\n|-heal|p1a: Serperior|134/248|[silent]\n|upkeep\n|turn|24\n|inactive|winifyourstupid has 270 seconds left.\n|\n|t:|1733882840\n|switch|p1a: Basculin|Basculin, L86, F|261/261\n|-damage|p1a: Basculin|229/261|[from] Stealth Rock\n|move|p2a: Armarouge|Armor Cannon|p1a: Basculin\n|-resisted|p1a: Basculin\n|-damage|p1a: Basculin|73/261\n|-unboost|p2a: Armarouge|def|1\n|-unboost|p2a: Armarouge|spd|1\n|\n|-damage|p2a: Armarouge|141/267|[from] Leech Seed|[of] p1a: Basculin\n|-heal|p1a: Basculin|106/261|[silent]\n|upkeep\n|turn|25\n|inactive|winifyourstupid has 270 seconds left.\n|\n|t:|1733882854\n|move|p1a: Basculin|Aqua Jet|p2a: Armarouge\n|-supereffective|p2a: Armarouge\n|-damage|p2a: Armarouge|0 fnt\n|faint|p2a: Armarouge\n|\n|upkeep\n|inactive|winifyourstupid has 270 seconds left.\n|\n|t:|1733882861\n|switch|p2a: Grumpig|Grumpig, L92, F|130/297 brn\n|turn|26\n|\n|t:|1733882867\n|-terastallize|p2a: Grumpig|Psychic\n|move|p1a: Basculin|Aqua Jet|p2a: Grumpig\n|-damage|p2a: Grumpig|28/297 brn\n|-damage|p1a: Basculin|63/261|[from] item: Rocky Helmet|[of] p2a: Grumpig\n|move|p2a: Grumpig|Psyshock|p1a: Basculin\n|-damage|p1a: Basculin|0 fnt\n|faint|p1a: Basculin\n|\n|-damage|p2a: Grumpig|10/297 brn|[from] brn\n|upkeep\n|\n|t:|1733882877\n|switch|p1a: Serperior|Serperior, L79, F, tera:Fire|134/248\n|-damage|p1a: Serperior|72/248|[from] Stealth Rock\n|turn|27\n|\n|t:|1733882890\n|move|p1a: Serperior|Leaf Storm|p2a: Grumpig\n|-damage|p2a: Grumpig|0 fnt\n|-boost|p1a: Serperior|spa|2\n|faint|p2a: Grumpig\n|\n|win|ensneno\n", "inputlog": ">version bfd83cad13791eb5a5a409923076391caf6fb4d4\n>start {\"formatid\":\"gen9randombattle\",\"seed\":[56813,32655,37864,24843]}\n>player p1 {\"name\":\"ensneno\",\"avatar\":\"pokemaniac\",\"rating\":0,\"seed\":[3011,52539,58828,12350]}\n>player p2 {\"name\":\"winifyourstupid\",\"avatar\":\"dragontamer\",\"rating\":0,\"seed\":[42948,23973,56307,26981]}\n>p1 move wish\n>p2 move trick\n>p1 switch 2\n>p2 move psyshock\n>p1 move leechseed\n>p2 move shadowball\n>p1 move leafstorm\n>p2 switch 4\n>p1 switch 4\n>p2 move facade\n>p1 move electrodrift\n>p2 move facade\n>p2 switch 2\n>p1 move electrodrift\n>p2 move suckerpunch\n>p1 switch 3\n>p1 move nuzzle\n>p2 move knockoff\n>p1 move thunderbolt\n>p2 move leechlife\n>p1 move thunderbolt\n>p2 move suckerpunch\n>p2 switch 3\n>p1 move uturn\n>p2 move tripleaxel\n>p1 switch 6\n>p1 move populationbomb\n>p2 move bulletseed\n>p2 switch 6\n>p1 move populationbomb\n>p2 move ironhead\n>p1 switch 2\n>p1 move wish\n>p2 move stealthrock\n>p1 switch 6\n>p2 move ironhead\n>p1 switch 6\n>p1 move scald\n>p2 move ironhead\n>p1 move scald\n>p2 move closecombat\n>p2 switch 4\n>p1 move scald\n>p2 move psyshock\n>p1 switch 4\n>p1 move substitute\n>p2 move shadowball\n>p1 move leechseed\n>p2 move psyshock\n>p1 move leafstorm\n>p2 switch 5\n>p1 move substitute terastallize\n>p2 move armorcannon\n>p1 move leechseed\n>p2 move armorcannon\n>p1 switch 5\n>p2 move armorcannon\n>p1 move aquajet\n>p2 move armorcannon\n>p2 switch 5\n>p1 move aquajet\n>p2 move psyshock terastallize\n>p1 switch 5\n>p1 move leafstorm\n>p2 move psyshock", "uploadtime": 1733882896, "views": 3, "formatid": "gen9randombattle", "rating": null, "private": 0, "password": null}