{"id": "gen9randombattle-2255018232", "format": "[Gen 9] Random Battle", "players": ["Qiuescent", "eldin"], "log": "|j|\u203dQiuescent\n|j|\u2606eldin\n|t:|1733123514\n|gametype|singles\n|player|p1|Qiuescent|102|2257\n|player|p2|eldin|102|2262\n|teamsize|p1|6\n|teamsize|p2|6\n|gen|9\n|tier|[Gen 9] Random Battle\n|rated|\n|rule|Species Clause: Limit one of each Pok\u00e9mon\n|rule|HP Percentage Mod: HP is shown in percentages\n|rule|Sleep Clause Mod: Limit one foe put to sleep\n|rule|Illusion Level Mod: Illusion disguises the Pok\u00e9mon's true level\n|\n|t:|1733123514\n|start\n|switch|p1a: Latias|Latias, L79, F|256/256\n|switch|p2a: Seviper|Seviper, L93, F|287/287\n|turn|1\n|inactive|Battle timer is ON: inactive players will automatically lose when time's up. (requested by Qiuescent)\n|inactive|eldin has 120 seconds left.\n|\n|t:|1733123567\n|move|p1a: Latias|Psyshock|p2a: Seviper\n|-supereffective|p2a: Seviper\n|-damage|p2a: Seviper|45/287\n|move|p2a: Seviper|Gunk Shot|p1a: Latias\n|-damage|p1a: Latias|94/256\n|\n|-heal|p2a: Seviper|62/287|[from] item: Leftovers\n|upkeep\n|turn|2\n|\n|t:|1733123576\n|move|p1a: Latias|Draco Meteor|p2a: Seviper\n|-damage|p2a: Seviper|0 fnt\n|-unboost|p1a: Latias|spa|2\n|faint|p2a: Seviper\n|\n|upkeep\n|\n|t:|1733123582\n|switch|p2a: Kricketune|Kricketune, L99, F|312/312\n|turn|3\n|\n|t:|1733123596\n|move|p1a: Latias|Recover|p1a: Latias\n|-heal|p1a: Latias|222/256\n|move|p2a: Kricketune|Pounce|p1a: Latias\n|-supereffective|p1a: Latias\n|-damage|p1a: Latias|24/256\n|-unboost|p1a: Latias|spe|1\n|\n|upkeep\n|turn|4\n|\n|t:|1733123602\n|switch|p1a: Dodrio|Dodrio, L86, M|243/243\n|move|p2a: Kricketune|Taunt|p1a: Dodrio\n|-start|p1a: Dodrio|move: Taunt\n|\n|upkeep\n|turn|5\n|\n|t:|1733123606\n|switch|p2a: Zebstrika|Zebstrika, L87, F|272/272\n|move|p1a: Dodrio|Brave Bird|p2a: Zebstrika\n|-resisted|p2a: Zebstrika\n|-crit|p2a: Zebstrika\n|-damage|p2a: Zebstrika|131/272\n|-damage|p1a: Dodrio|196/243|[from] Recoil\n|\n|upkeep\n|turn|6\n|\n|t:|1733123608\n|switch|p1a: Rhydon|Rhydon, L85, M|317/317\n|move|p2a: Zebstrika|Volt Switch|p1a: Rhydon\n|-ability|p1a: Rhydon|Lightning Rod|boost\n|-boost|p1a: Rhydon|spa|1\n|\n|upkeep\n|turn|7\n|\n|t:|1733123613\n|switch|p2a: Kricketune|Kricketune, L99, F|312/312\n|move|p1a: Rhydon|Stone Edge|p2a: Kricketune\n|-supereffective|p2a: Kricketune\n|-damage|p2a: Kricketune|0 fnt\n|faint|p2a: Kricketune\n|\n|upkeep\n|\n|t:|1733123618\n|switch|p2a: Barraskewda|Barraskewda, L81, F|231/231\n|turn|8\n|\n|t:|1733123638\n|move|p2a: Barraskewda|Flip Turn|p1a: Rhydon\n|-supereffective|p1a: Rhydon\n|-damage|p1a: Rhydon|109/317\n|\n|t:|1733123642\n|switch|p2a: Sinistcha|Sinistcha, L83|254/254|[from] Flip Turn\n|move|p1a: Rhydon|Earthquake|p2a: Sinistcha\n|-resisted|p2a: Sinistcha\n|-damage|p2a: Sinistcha|198/254\n|\n|-heal|p2a: Sinistcha|213/254|[from] item: Leftovers\n|upkeep\n|turn|9\n|\n|t:|1733123649\n|switch|p1a: Ariados|Ariados, L95, F|287/287\n|move|p2a: Sinistcha|Calm Mind|p2a: Sinistcha\n|-boost|p2a: Sinistcha|spa|1\n|-boost|p2a: Sinistcha|spd|1\n|\n|-heal|p2a: Sinistcha|228/254|[from] item: Leftovers\n|upkeep\n|turn|10\n|\n|t:|1733123656\n|move|p2a: Sinistcha|Calm Mind|p2a: Sinistcha\n|-boost|p2a: Sinistcha|spa|1\n|-boost|p2a: Sinistcha|spd|1\n|move|p1a: Ariados|Sticky Web|p2a: Sinistcha\n|-sidestart|p2: eldin|move: Sticky Web\n|\n|-heal|p2a: Sinistcha|243/254|[from] item: Leftovers\n|upkeep\n|turn|11\n|\n|t:|1733123658\n|move|p2a: Sinistcha|Shadow Ball|p1a: Ariados\n|-damage|p1a: Ariados|71/287\n|move|p1a: Ariados|Poison Jab|p2a: Sinistcha\n|-damage|p2a: Sinistcha|146/254\n|\n|-heal|p2a: Sinistcha|161/254|[from] item: Leftovers\n|upkeep\n|turn|12\n|\n|t:|1733123661\n|move|p2a: Sinistcha|Strength Sap|p1a: Ariados\n|-unboost|p1a: Ariados|atk|1\n|-heal|p2a: Sinistcha|254/254\n|move|p1a: Ariados|Poison Jab|p2a: Sinistcha\n|-damage|p2a: Sinistcha|196/254\n|\n|-heal|p2a: Sinistcha|211/254|[from] item: Leftovers\n|upkeep\n|turn|13\n|\n|t:|1733123670\n|move|p1a: Ariados|Sucker Punch|p2a: Sinistcha\n|-supereffective|p2a: Sinistcha\n|-damage|p2a: Sinistcha|137/254\n|move|p2a: Sinistcha|Shadow Ball|p1a: Ariados\n|-damage|p1a: Ariados|0 fnt\n|faint|p1a: Ariados\n|\n|-heal|p2a: Sinistcha|152/254|[from] item: Leftovers\n|upkeep\n|\n|t:|1733123673\n|switch|p1a: Dodrio|Dodrio, L86, M|196/243\n|turn|14\n|\n|t:|1733123676\n|-terastallize|p2a: Sinistcha|Steel\n|move|p1a: Dodrio|Swords Dance|p1a: Dodrio\n|-boost|p1a: Dodrio|atk|2\n|move|p2a: Sinistcha|Strength Sap|p1a: Dodrio\n|-unboost|p1a: Dodrio|atk|1\n|-heal|p2a: Sinistcha|254/254\n|\n|upkeep\n|turn|15\n|\n|t:|1733123679\n|move|p1a: Dodrio|Drill Run|p2a: Sinistcha\n|-supereffective|p2a: Sinistcha\n|-damage|p2a: Sinistcha|96/254\n|move|p2a: Sinistcha|Matcha Gotcha|p1a: Dodrio\n|-resisted|p1a: Dodrio\n|-damage|p1a: Dodrio|64/243\n|-heal|p2a: Sinistcha|162/254|[from] drain|[of] p1a: Dodrio\n|\n|-heal|p2a: Sinistcha|177/254|[from] item: Leftovers\n|upkeep\n|turn|16\n|\n|t:|1733123687\n|-terastallize|p1a: Dodrio|Ground\n|move|p1a: Dodrio|Drill Run|p2a: Sinistcha\n|-supereffective|p2a: Sinistcha\n|-damage|p2a: Sinistcha|0 fnt\n|faint|p2a: Sinistcha\n|\n|upkeep\n|\n|t:|1733123692\n|switch|p2a: Victreebel|Victreebel, L90, F|290/290\n|-activate|p2a: Victreebel|move: Sticky Web\n|-unboost|p2a: Victreebel|spe|1\n|turn|17\n|\n|t:|1733123702\n|move|p2a: Victreebel|Sucker Punch|p1a: Dodrio\n|-damage|p1a: Dodrio|0 fnt\n|faint|p1a: Dodrio\n|-damage|p2a: Victreebel|261/290|[from] item: Life Orb\n|\n|upkeep\n|\n|t:|1733123704\n|switch|p1a: Bastiodon|Bastiodon, L89, F|252/252\n|turn|18\n|\n|t:|1733123713\n|move|p2a: Victreebel|Swords Dance|p2a: Victreebel\n|-boost|p2a: Victreebel|atk|2\n|move|p1a: Bastiodon|Iron Defense|p1a: Bastiodon\n|-boost|p1a: Bastiodon|def|2\n|\n|upkeep\n|turn|19\n|\n|t:|1733123715\n|move|p2a: Victreebel|Swords Dance|p2a: Victreebel\n|-boost|p2a: Victreebel|atk|2\n|move|p1a: Bastiodon|Iron Defense|p1a: Bastiodon\n|-boost|p1a: Bastiodon|def|2\n|\n|upkeep\n|turn|20\n|\n|t:|1733123717\n|move|p2a: Victreebel|Swords Dance|p2a: Victreebel\n|-boost|p2a: Victreebel|atk|2\n|move|p1a: Bastiodon|Foul Play|p2a: Victreebel\n|-damage|p2a: Victreebel|0 fnt\n|faint|p2a: Victreebel\n|\n|upkeep\n|-message|eldin forfeited.\n|\n|win|Qiuescent\n|raw|Qiuescent's rating: 2257 &rarr; <strong>2277</strong><br />(+20 for winning)\n|raw|eldin's rating: 2262 &rarr; <strong>2242</strong><br />(-20 for losing)\n|l|\u2606eldin\n|player|p2|\n", "inputlog": ">version 15017e69104c52fac94bf5b037f20edc5ec8c1cf\n>start {\"formatid\":\"gen9randombattle\",\"seed\":[52346,14630,8270,61178],\"rated\":\"Rated battle\"}\n>player p1 {\"name\":\"Qiuescent\",\"avatar\":\"102\",\"rating\":2257,\"seed\":[14400,25525,13159,52610]}\n>player p2 {\"name\":\"eldin\",\"avatar\":\"102\",\"rating\":2262,\"seed\":[5698,1089,2922,43852]}\n>p1 move psyshock\n>p2 move gunkshot\n>p1 move dracometeor\n>p2 move trailblaze\n>p2 switch 4\n>p1 move recover\n>p2 move pounce\n>p1 switch 6\n>p2 move taunt\n>p1 move bravebird\n>p2 switch 5\n>p1 switch 2\n>p2 move voltswitch\n>p1 move stoneedge\n>p2 switch 5\n>p2 switch 2\n>p1 move earthquake\n>p2 move flipturn\n>p2 switch 6\n>p1 switch 3\n>p2 move calmmind\n>p1 move stickyweb\n>p2 move calmmind\n>p1 move poisonjab\n>p2 move shadowball\n>p1 move poisonjab\n>p2 move strengthsap\n>p1 move suckerpunch\n>p2 move shadowball\n>p1 switch 2\n>p1 move swordsdance\n>p2 move strengthsap terastallize\n>p1 move drillrun\n>p2 move matchagotcha\n>p1 move drillrun terastallize\n>p2 move strengthsap\n>p2 switch 3\n>p1 move bravebird\n>p2 move suckerpunch\n>p1 switch 5\n>p1 move irondefense\n>p2 move swordsdance\n>p1 move irondefense\n>p2 move swordsdance\n>p1 move foulplay\n>p2 move swordsdance\n>forcelose p2", "uploadtime": 1733123722, "views": 11, "formatid": "gen9randombattle", "rating": 2242, "private": 0, "password": null}