{"id": "gen9randombattle-2260608965", "format": "[Gen 9] Random Battle", "players": ["INZAR", "Phargava"], "log": "|j|\u2606INZAR\n|j|\u2606Phargava\n|t:|1733868828\n|gametype|singles\n|player|p1|INZAR|hilbert|1263\n|player|p2|Phargava|266|1247\n|teamsize|p1|6\n|teamsize|p2|6\n|gen|9\n|tier|[Gen 9] Random Battle\n|rated|\n|rule|Species Clause: Limit one of each Pok\u00e9mon\n|rule|HP Percentage Mod: HP is shown in percentages\n|rule|Sleep Clause Mod: Limit one foe put to sleep\n|rule|Illusion Level Mod: Illusion disguises the Pok\u00e9mon's true level\n|\n|t:|1733868828\n|start\n|switch|p1a: Brambleghast|Brambleghast, L88, M|240/240\n|switch|p2a: Clefable|Clefable, L83, M|293/293\n|turn|1\n|\n|t:|1733868836\n|move|p1a: Brambleghast|Substitute|p1a: Brambleghast\n|-start|p1a: Brambleghast|Substitute\n|-damage|p1a: Brambleghast|180/240\n|move|p2a: Clefable|Knock Off|p1a: Brambleghast\n|-supereffective|p1a: Brambleghast\n|-end|p1a: Brambleghast|Substitute\n|\n|-heal|p1a: Brambleghast|195/240|[from] item: Leftovers\n|upkeep\n|turn|2\n|\n|t:|1733868855\n|move|p1a: Brambleghast|Power Whip|p2a: Clefable\n|-damage|p2a: Clefable|95/293\n|move|p2a: Clefable|Knock Off|p1a: Brambleghast\n|-supereffective|p1a: Brambleghast\n|-damage|p1a: Brambleghast|83/240\n|-enditem|p1a: Brambleghast|Leftovers|[from] move: Knock Off|[of] p2a: Clefable\n|\n|-heal|p2a: Clefable|113/293|[from] item: Leftovers\n|upkeep\n|turn|3\n|\n|t:|1733868865\n|move|p1a: Brambleghast|Power Whip|p2a: Clefable\n|-damage|p2a: Clefable|0 fnt\n|faint|p2a: Clefable\n|\n|upkeep\n|inactive|Battle timer is ON: inactive players will automatically lose when time's up. (requested by Phargava)\n|\n|t:|1733868877\n|switch|p2a: Lumineon|Lumineon, L93, M|279/279\n|turn|4\n|inactive|INZAR has 120 seconds left.\n|inactive|INZAR has 90 seconds left.\n|inactive|INZAR has 60 seconds left.\n|\n|t:|1733868995\n|move|p2a: Lumineon|U-turn|p1a: Brambleghast\n|-damage|p1a: Brambleghast|31/240\n|inactive|Phargava has 120 seconds left.\n|\n|t:|1733869033\n|switch|p2a: Mesprit|Mesprit, L85|275/275|[from] U-turn\n|move|p1a: Brambleghast|Power Whip|p2a: Mesprit\n|-damage|p2a: Mesprit|130/275\n|\n|upkeep\n|turn|5\n|inactive|Phargava has 120 seconds left.\n|\n|t:|1733869047\n|move|p2a: Mesprit|Ice Beam|p1a: Brambleghast\n|-supereffective|p1a: Brambleghast\n|-damage|p1a: Brambleghast|0 fnt\n|faint|p1a: Brambleghast\n|\n|upkeep\n|\n|t:|1733869061\n|switch|p1a: Snorlax|Snorlax, L82, M|397/397\n|turn|6\n|\n|t:|1733869064\n|move|p2a: Mesprit|Ice Beam|p1a: Snorlax\n|-damage|p1a: Snorlax|365/397\n|move|p1a: Snorlax|Curse|p1a: Snorlax\n|-unboost|p1a: Snorlax|spe|1\n|-boost|p1a: Snorlax|atk|1\n|-boost|p1a: Snorlax|def|1\n|\n|-heal|p1a: Snorlax|389/397|[from] item: Leftovers\n|upkeep\n|turn|7\n|\n|t:|1733869093\n|move|p2a: Mesprit|Ice Beam|p1a: Snorlax\n|-damage|p1a: Snorlax|360/397\n|move|p1a: Snorlax|Curse|p1a: Snorlax\n|-unboost|p1a: Snorlax|spe|1\n|-boost|p1a: Snorlax|atk|1\n|-boost|p1a: Snorlax|def|1\n|\n|-heal|p1a: Snorlax|384/397|[from] item: Leftovers\n|upkeep\n|turn|8\n|\n|t:|1733869105\n|switch|p2a: Chi-Yu|Chi-Yu, L77|211/211\n|-ability|p2a: Chi-Yu|Beads of Ruin\n|move|p1a: Snorlax|Curse|p1a: Snorlax\n|-unboost|p1a: Snorlax|spe|1\n|-boost|p1a: Snorlax|atk|1\n|-boost|p1a: Snorlax|def|1\n|\n|-heal|p1a: Snorlax|397/397|[from] item: Leftovers\n|upkeep\n|turn|9\n|\n|t:|1733869117\n|move|p2a: Chi-Yu|Nasty Plot|p2a: Chi-Yu\n|-boost|p2a: Chi-Yu|spa|2\n|move|p1a: Snorlax|Body Slam|p2a: Chi-Yu\n|-damage|p2a: Chi-Yu|0 fnt\n|faint|p2a: Chi-Yu\n|\n|upkeep\n|c|\u2606Phargava|fiuck urself\n|inactive|Phargava has 120 seconds left.\n|-message|Phargava forfeited.\n|\n|win|INZAR\n", "inputlog": ">version bfd83cad13791eb5a5a409923076391caf6fb4d4\n>start {\"formatid\":\"gen9randombattle\",\"seed\":[1386,47180,24435,41773],\"rated\":\"Rated battle\"}\n>player p1 {\"name\":\"INZAR\",\"avatar\":\"hilbert\",\"rating\":1263,\"seed\":[28464,38737,35477,56254]}\n>player p2 {\"name\":\"Phargava\",\"avatar\":\"266\",\"rating\":1247,\"seed\":[64560,12716,47123,36654]}\n>p1 move substitute\n>p2 move knockoff\n>p1 move powerwhip\n>p2 move knockoff\n>p1 move powerwhip\n>p2 move thunderwave\n>p2 switch 2\n>p1 move powerwhip\n>p2 move uturn\n>p2 switch 4\n>p1 move poltergeist\n>p2 move icebeam\n>p1 switch 6\n>p1 move curse\n>p2 move icebeam\n>p1 move curse\n>p2 move icebeam\n>p1 move curse\n>p2 switch 3\n>p1 move bodyslam\n>p2 move nastyplot\n>chat \u2606Phargava|fiuck urself\n>forcelose p2", "uploadtime": 1733869126, "views": 1, "formatid": "gen9randombattle", "rating": null, "private": 0, "password": null}