{"id": "gen9randombattle-2129703865", "format": "[Gen 9] Random Battle", "players": ["bmence", "Rev Team"], "log": "|badge|p2|bronze|gen9randombattle|100-1\n|uhtml|medal-msg|<div class=\"broadcast-blue\">Curious what those medals under the avatar are? PS now has Ladder Seasons! For more information, check out the <a href=\"https://www.smogon.com/forums/threads/3740067/\">thread on Smogon.</a></div>\n|j|\u203dbmence\n|j|\u2606Rev Team\n|t:|1716568241\n|gametype|singles\n|player|p1|bmence|265|2304\n|player|p2|Rev Team|jasmine-gen2|2381\n|teamsize|p1|6\n|teamsize|p2|6\n|gen|9\n|tier|[Gen 9] Random Battle\n|rated|\n|rule|Species Clause: Limit one of each Pok\u00e9mon\n|rule|HP Percentage Mod: HP is shown in percentages\n|rule|Sleep Clause Mod: Limit one foe put to sleep\n|rule|Illusion Level Mod: Illusion disguises the Pok\u00e9mon's true level\n|\n|t:|1716568241\n|start\n|switch|p1a: Magmortar|Magmortar, L88, M|275/275\n|switch|p2a: Gumshoos|Gumshoos, L95, M|321/321\n|turn|1\n|inactive|Battle timer is ON: inactive players will automatically lose when time's up. (requested by Rev Team)\n|\n|t:|1716568272\n|move|p1a: Magmortar|Focus Blast|p2a: Gumshoos\n|-supereffective|p2a: Gumshoos\n|-damage|p2a: Gumshoos|0 fnt\n|faint|p2a: Gumshoos\n|\n|upkeep\n|inactive|Rev Team has 120 seconds left.\n|\n|t:|1716568312\n|switch|p2a: Shaymin|Shaymin, L83|302/302\n|turn|2\n|inactive|bmence has 120 seconds left.\n|\n|t:|1716568343\n|switch|p1a: Skuntank|Skuntank, L84, F|310/310\n|move|p2a: Shaymin|Seed Flare|p1a: Skuntank\n|-resisted|p1a: Skuntank\n|-damage|p1a: Skuntank|232/310\n|-unboost|p1a: Skuntank|spd|2\n|\n|upkeep\n|turn|3\n|inactive|Rev Team has 120 seconds left.\n|inactive|Rev Team has 90 seconds left.\n|inactive|Rev Team has 60 seconds left.\n|\n|t:|1716568417\n|switch|p1a: Shiftry|Shiftry, L89, F|305/305\n|-terastallize|p2a: Shaymin|Steel\n|move|p2a: Shaymin|Earth Power|p1a: Shiftry\n|-resisted|p1a: Shiftry\n|-damage|p1a: Shiftry|265/305\n|\n|upkeep\n|turn|4\n|\n|t:|1716568428\n|move|p2a: Shaymin|Air Slash|p1a: Shiftry\n|-supereffective|p1a: Shiftry\n|-damage|p1a: Shiftry|141/305\n|cant|p1a: Shiftry|flinch\n|\n|upkeep\n|turn|5\n|inactive|Rev Team has 60 seconds left.\n|\n|t:|1716568454\n|move|p2a: Shaymin|Air Slash|p1a: Shiftry\n|-supereffective|p1a: Shiftry\n|-damage|p1a: Shiftry|13/305\n|move|p1a: Shiftry|Knock Off|p2a: Shaymin\n|-damage|p2a: Shaymin|173/302\n|-enditem|p2a: Shaymin|Leftovers|[from] move: Knock Off|[of] p1a: Shiftry\n|-damage|p1a: Shiftry|0 fnt|[from] item: Life Orb\n|faint|p1a: Shiftry\n|\n|upkeep\n|\n|t:|1716568463\n|switch|p1a: Magmortar|Magmortar, L88, M|275/275\n|turn|6\n|inactive|Rev Team has 60 seconds left.\n|inactive|Rev Team has 30 seconds left.\n|inactive|Rev Team has 20 seconds left.\n|inactive|Rev Team has 15 seconds left.\n|\n|t:|1716568516\n|switch|p2a: Samurott|Samurott-Hisui, L77, M|265/265\n|move|p1a: Magmortar|Fire Blast|p2a: Samurott\n|-resisted|p2a: Samurott\n|-damage|p2a: Samurott|109/265\n|\n|upkeep\n|turn|7\n|inactive|Rev Team has 25 seconds left this turn.\n|inactive|Rev Team has 20 seconds left.\n|inactive|Rev Team has 15 seconds left.\n|inactive|Rev Team has 10 seconds left.\n|\n|t:|1716568541\n|move|p1a: Magmortar|Fire Blast|p2a: Samurott\n|-resisted|p2a: Samurott\n|-damage|p2a: Samurott|0 fnt\n|faint|p2a: Samurott\n|\n|upkeep\n|inactive|Rev Team has 15 seconds left this turn.\n|inactive|Rev Team has 10 seconds left.\n|\n|t:|1716568548\n|switch|p2a: Infernape|Infernape, L82, M|259/259\n|turn|8\n|inactive|Rev Team has 20 seconds left this turn.\n|inactive|Rev Team has 15 seconds left.\n|\n|t:|1716568556\n|switch|p1a: Skuntank|Skuntank, L84, F|232/310\n|move|p2a: Infernape|Close Combat|p1a: Skuntank\n|-damage|p1a: Skuntank|41/310\n|-unboost|p2a: Infernape|def|1\n|-unboost|p2a: Infernape|spd|1\n|-damage|p2a: Infernape|234/259|[from] item: Life Orb\n|\n|upkeep\n|turn|9\n|inactive|Rev Team has 25 seconds left this turn.\n|inactive|Rev Team has 20 seconds left.\n|\n|t:|1716568561\n|move|p1a: Skuntank|Sucker Punch|p2a: Infernape\n|-resisted|p2a: Infernape\n|-damage|p2a: Infernape|148/259\n|-damage|p1a: Skuntank|10/310|[from] item: Life Orb\n|move|p2a: Infernape|Close Combat|p1a: Skuntank\n|-damage|p1a: Skuntank|0 fnt\n|-unboost|p2a: Infernape|def|1\n|-unboost|p2a: Infernape|spd|1\n|-damage|p2a: Infernape|84/259|[from] ability: Aftermath|[of] p1a: Skuntank\n|faint|p1a: Skuntank\n|-damage|p2a: Infernape|59/259|[from] item: Life Orb\n|\n|upkeep\n|inactive|Rev Team has 25 seconds left this turn.\n|\n|t:|1716568565\n|switch|p1a: Wugtrio|Wugtrio, L91, M|212/212\n|turn|10\n|inactive|Rev Team has 30 seconds left.\n|\n|t:|1716568571\n|switch|p2a: Wyrdeer|Wyrdeer, L87, F|321/321\n|-ability|p2a: Wyrdeer|Intimidate|boost\n|-unboost|p1a: Wugtrio|atk|1\n|move|p1a: Wugtrio|Liquidation|p2a: Wyrdeer\n|-damage|p2a: Wyrdeer|203/321\n|\n|-heal|p2a: Wyrdeer|223/321|[from] item: Leftovers\n|upkeep\n|turn|11\n|\n|t:|1716568577\n|switch|p1a: Sudowoodo|Sudowoodo, L93, M|281/281\n|move|p2a: Wyrdeer|Thunder Wave|p1a: Sudowoodo\n|-status|p1a: Sudowoodo|par\n|\n|-heal|p2a: Wyrdeer|243/321|[from] item: Leftovers\n|upkeep\n|turn|12\n|\n|t:|1716568590\n|move|p2a: Wyrdeer|Earthquake|p1a: Sudowoodo\n|-supereffective|p1a: Sudowoodo\n|-damage|p1a: Sudowoodo|159/281 par\n|move|p1a: Sudowoodo|Head Smash|p2a: Wyrdeer\n|-damage|p2a: Wyrdeer|0 fnt\n|faint|p2a: Wyrdeer\n|\n|upkeep\n|\n|t:|1716568595\n|switch|p2a: Shaymin|Shaymin, L83, tera:Steel|173/302\n|turn|13\n|\n|t:|1716568601\n|move|p2a: Shaymin|Seed Flare|p1a: Sudowoodo\n|-supereffective|p1a: Sudowoodo\n|-crit|p1a: Sudowoodo\n|-damage|p1a: Sudowoodo|0 fnt\n|faint|p1a: Sudowoodo\n|\n|upkeep\n|\n|t:|1716568604\n|switch|p1a: Magmortar|Magmortar, L88, M|275/275\n|turn|14\n|inactive|bmence has 120 seconds left.\n|\n|t:|1716568637\n|move|p2a: Shaymin|Earth Power|p1a: Magmortar\n|-supereffective|p1a: Magmortar\n|-damage|p1a: Magmortar|151/275\n|move|p1a: Magmortar|Scorching Sands|p2a: Shaymin\n|-supereffective|p2a: Shaymin\n|-damage|p2a: Shaymin|0 fnt\n|faint|p2a: Shaymin\n|\n|upkeep\n|\n|t:|1716568657\n|switch|p2a: Infernape|Infernape, L82, M|59/259\n|turn|15\n|\n|t:|1716568663\n|move|p2a: Infernape|Close Combat|p1a: Magmortar\n|-damage|p1a: Magmortar|0 fnt\n|-unboost|p2a: Infernape|def|1\n|-unboost|p2a: Infernape|spd|1\n|faint|p1a: Magmortar\n|-damage|p2a: Infernape|34/259|[from] item: Life Orb\n|\n|upkeep\n|\n|t:|1716568667\n|switch|p1a: Wugtrio|Wugtrio, L91, M|212/212\n|turn|16\n|inactive|Rev Team has 60 seconds left.\n|\n|t:|1716568673\n|switch|p2a: Koraidon|Koraidon, L64|235/235\n|-weather|SunnyDay|[from] ability: Orichalcum Pulse|[of] p2a: Koraidon\n|-activate|p2a: Koraidon|Orichalcum Pulse|[source]\n|move|p1a: Wugtrio|Liquidation|p2a: Koraidon\n|-resisted|p2a: Koraidon\n|-damage|p2a: Koraidon|190/235\n|\n|-weather|SunnyDay|[upkeep]\n|upkeep\n|turn|17\n|inactive|Rev Team has 60 seconds left.\n|\n|t:|1716568686\n|move|p1a: Wugtrio|Liquidation|p2a: Koraidon\n|-resisted|p2a: Koraidon\n|-damage|p2a: Koraidon|145/235\n|move|p2a: Koraidon|Collision Course|p1a: Wugtrio\n|-damage|p1a: Wugtrio|0 fnt\n|-ability|p1a: Wugtrio|Gooey\n|-unboost|p2a: Koraidon|spe|1\n|faint|p1a: Wugtrio\n|\n|-weather|SunnyDay|[upkeep]\n|upkeep\n|\n|t:|1716568695\n|switch|p1a: Regidrago|Regidrago, L77|435/435\n|turn|18\n|inactive|Rev Team has 60 seconds left.\n|\n|t:|1716568736\n|switch|p2a: Infernape|Infernape, L82, M|34/259\n|move|p1a: Regidrago|Dragon Dance|p1a: Regidrago\n|-boost|p1a: Regidrago|atk|1\n|-boost|p1a: Regidrago|spe|1\n|\n|-weather|SunnyDay|[upkeep]\n|upkeep\n|turn|19\n|\n|t:|1716568746\n|move|p2a: Infernape|Mach Punch|p1a: Regidrago\n|-damage|p1a: Regidrago|325/435\n|-damage|p2a: Infernape|9/259|[from] item: Life Orb\n|move|p1a: Regidrago|Earthquake|p2a: Infernape\n|-supereffective|p2a: Infernape\n|-damage|p2a: Infernape|0 fnt\n|faint|p2a: Infernape\n|-damage|p1a: Regidrago|282/435|[from] item: Life Orb\n|\n|-weather|SunnyDay|[upkeep]\n|upkeep\n|\n|t:|1716568751\n|switch|p2a: Koraidon|Koraidon, L64|145/235\n|-activate|p2a: Koraidon|ability: Orichalcum Pulse\n|turn|20\n|\n|t:|1716568766\n|-terastallize|p1a: Regidrago|Dragon\n|move|p1a: Regidrago|Outrage|p2a: Koraidon\n|-supereffective|p2a: Koraidon\n|-damage|p2a: Koraidon|0 fnt\n|faint|p2a: Koraidon\n|-damage|p1a: Regidrago|239/435|[from] item: Life Orb\n|\n|win|bmence\n|raw|bmence's rating: 2304 &rarr; <strong>2328</strong><br />(+24 for winning)\n|raw|Rev Team's rating: 2381 &rarr; <strong>2357</strong><br />(-24 for losing)\n", "inputlog": ">version 7158ead19aeac8750849df2840eabb6dbec77df6\n>start {\"formatid\":\"gen9randombattle\",\"seed\":[36607,62059,25826,41224],\"rated\":\"Rated battle\"}\n>player p1 {\"name\":\"bmence\",\"avatar\":\"265\",\"rating\":2304,\"seed\":[9025,63805,3155,24288]}\n>player p2 {\"name\":\"Rev Team\",\"avatar\":\"jasmine-gen2\",\"rating\":2381,\"seed\":[58756,10772,14248,29703]}\n>p1 move focusblast\n>p2 move doubleedge\n>p2 switch 5\n>p1 switch 6\n>p2 move seedflare\n>p1 switch 4\n>p2 move earthpower terastallize\n>p1 move knockoff\n>p2 move airslash\n>p1 move knockoff\n>p2 move airslash\n>p1 switch 6\n>p1 move fireblast\n>p2 switch 3\n>p1 move fireblast\n>p2 move razorshell\n>p2 switch 6\n>p1 switch 4\n>p2 move closecombat\n>p1 move suckerpunch\n>p2 move closecombat\n>p1 switch 3\n>p1 move liquidation\n>p2 switch 2\n>p1 switch 2\n>p2 move thunderwave\n>p1 move headsmash\n>p2 move earthquake\n>p2 switch 3\n>p1 move headsmash\n>p2 move seedflare\n>p1 switch 4\n>p1 move scorchingsands\n>p2 move earthpower\n>p2 switch 2\n>p1 move scorchingsands\n>p2 move closecombat\n>p1 switch 2\n>p1 move liquidation\n>p2 switch 4\n>p1 move liquidation\n>p2 move collisioncourse\n>p1 switch 5\n>p1 move dragondance\n>p2 switch 4\n>p1 move earthquake\n>p2 move machpunch\n>p2 switch 4\n>p1 move outrage terastallize\n>p2 move outrage", "uploadtime": 1716568780, "views": 205, "formatid": "gen9randombattle", "rating": 2328, "private": 0, "password": null}