{"id": "gen9randombattle-2260603119", "format": "[Gen 9] Random Battle", "players": ["TuGfaEnTanga52", "mindreader105"], "log": "|j|\u2606TuGfaEnTanga52\n|j|\u2606mindreader105\n|t:|1733868182\n|gametype|singles\n|player|p1|TuGfaEnTanga52|2|1144\n|player|p2|mindreader105|169|1176\n|teamsize|p1|6\n|teamsize|p2|6\n|gen|9\n|tier|[Gen 9] Random Battle\n|rated|\n|rule|Species Clause: Limit one of each Pok\u00e9mon\n|rule|HP Percentage Mod: HP is shown in percentages\n|rule|Sleep Clause Mod: Limit one foe put to sleep\n|rule|Illusion Level Mod: Illusion disguises the Pok\u00e9mon's true level\n|\n|t:|1733868182\n|start\n|switch|p1a: Ninetales|Ninetales-Alola, L78, F|242/242\n|switch|p2a: Landorus|Landorus, L75, M|257/257\n|-weather|Snow|[from] ability: Snow Warning|[of] p1a: Ninetales\n|turn|1\n|inactive|Battle timer is ON: inactive players will automatically lose when time's up. (requested by mindreader105)\n|\n|t:|1733868201\n|move|p1a: Ninetales|Freeze-Dry|p2a: Landorus\n|-supereffective|p2a: Landorus\n|-damage|p2a: Landorus|0 fnt\n|faint|p2a: Landorus\n|\n|-weather|Snow|[upkeep]\n|upkeep\n|\n|t:|1733868215\n|switch|p2a: Mesprit|Mesprit, L85|275/275\n|turn|2\n|\n|t:|1733868219\n|move|p1a: Ninetales|Aurora Veil|p1a: Ninetales\n|-sidestart|p1: TuGfaEnTanga52|move: Aurora Veil\n|move|p2a: Mesprit|Drain Punch|p1a: Ninetales\n|-damage|p1a: Ninetales|219/242\n|\n|-weather|Snow|[upkeep]\n|upkeep\n|turn|3\n|\n|t:|1733868229\n|move|p1a: Ninetales|Blizzard|p2a: Mesprit\n|-damage|p2a: Mesprit|220/275\n|move|p2a: Mesprit|Psychic Noise|p1a: Ninetales\n|-damage|p1a: Ninetales|177/242\n|-start|p1a: Ninetales|move: Heal Block\n|\n|-weather|Snow|[upkeep]\n|upkeep\n|turn|4\n|\n|t:|1733868241\n|move|p1a: Ninetales|Blizzard|p2a: Mesprit\n|-damage|p2a: Mesprit|171/275\n|move|p2a: Mesprit|Thunderbolt|p1a: Ninetales\n|-damage|p1a: Ninetales|143/242\n|\n|-weather|Snow|[upkeep]\n|-end|p1a: Ninetales|move: Heal Block\n|upkeep\n|turn|5\n|\n|t:|1733868255\n|move|p1a: Ninetales|Blizzard|p2a: Mesprit\n|-damage|p2a: Mesprit|122/275\n|move|p2a: Mesprit|Thunderbolt|p1a: Ninetales\n|-damage|p1a: Ninetales|111/242\n|\n|-weather|none\n|upkeep\n|turn|6\n|\n|t:|1733868268\n|switch|p1a: Rhydon|Rhydon, L85, F|317/317\n|move|p2a: Mesprit|Thunderbolt|p1a: Rhydon\n|-ability|p1a: Rhydon|Lightning Rod|boost\n|-boost|p1a: Rhydon|spa|1\n|\n|upkeep\n|turn|7\n|\n|t:|1733868282\n|move|p2a: Mesprit|Ice Beam|p1a: Rhydon\n|-supereffective|p1a: Rhydon\n|-damage|p1a: Rhydon|247/317\n|move|p1a: Rhydon|Megahorn|p2a: Mesprit|[miss]\n|-miss|p1a: Rhydon|p2a: Mesprit\n|\n|upkeep\n|turn|8\n|\n|t:|1733868290\n|move|p2a: Mesprit|Drain Punch|p1a: Rhydon\n|-supereffective|p1a: Rhydon\n|-damage|p1a: Rhydon|217/317\n|-heal|p2a: Mesprit|137/275|[from] drain|[of] p1a: Rhydon\n|move|p1a: Rhydon|Megahorn|p2a: Mesprit\n|-supereffective|p2a: Mesprit\n|-damage|p2a: Mesprit|0 fnt\n|faint|p2a: Mesprit\n|\n|upkeep\n|\n|t:|1733868311\n|switch|p2a: Ribombee|Ribombee, L82, F|233/233\n|turn|9\n|\n|t:|1733868317\n|move|p2a: Ribombee|Quiver Dance|p2a: Ribombee\n|-boost|p2a: Ribombee|spa|1\n|-boost|p2a: Ribombee|spd|1\n|-boost|p2a: Ribombee|spe|1\n|move|p1a: Rhydon|Stone Edge|p2a: Ribombee|[miss]\n|-miss|p1a: Rhydon|p2a: Ribombee\n|\n|-sideend|p1: TuGfaEnTanga52|move: Aurora Veil\n|upkeep\n|turn|10\n|c|\u2606TuGfaEnTanga52|puto ciego de mierda\n|\n|t:|1733868329\n|move|p2a: Ribombee|Bug Buzz|p1a: Rhydon\n|-damage|p1a: Rhydon|88/317\n|move|p1a: Rhydon|Stone Edge|p2a: Ribombee\n|-supereffective|p2a: Ribombee\n|-damage|p2a: Ribombee|0 fnt\n|faint|p2a: Ribombee\n|\n|upkeep\n|\n|t:|1733868338\n|switch|p2a: Espeon|Espeon, L84, F|246/246\n|turn|11\n|\n|t:|1733868361\n|switch|p1a: Honchkrow|Honchkrow, L86, M|312/312\n|move|p2a: Espeon|Psyshock|p1a: Honchkrow\n|-immune|p1a: Honchkrow\n|\n|upkeep\n|turn|12\n|\n|t:|1733868371\n|switch|p2a: Rampardos|Rampardos, L90, F|321/321\n|move|p1a: Honchkrow|Sucker Punch||[still]\n|-fail|p1a: Honchkrow\n|\n|upkeep\n|turn|13\n|\n|t:|1733868379\n|switch|p1a: Rhydon|Rhydon, L85, F|88/317\n|move|p2a: Rampardos|Head Smash|p1a: Rhydon|[miss]\n|-miss|p2a: Rampardos|p1a: Rhydon\n|\n|upkeep\n|turn|14\n|\n|t:|1733868386\n|move|p2a: Rampardos|Head Smash|p1a: Rhydon\n|-resisted|p1a: Rhydon\n|-damage|p1a: Rhydon|13/317\n|-damage|p2a: Rampardos|283/321|[from] Recoil\n|move|p1a: Rhydon|Swords Dance|p1a: Rhydon\n|-boost|p1a: Rhydon|atk|2\n|\n|upkeep\n|turn|15\n|\n|t:|1733868395\n|move|p2a: Rampardos|Head Smash|p1a: Rhydon|[miss]\n|-miss|p2a: Rampardos|p1a: Rhydon\n|move|p1a: Rhydon|Earthquake|p2a: Rampardos\n|-supereffective|p2a: Rampardos\n|-damage|p2a: Rampardos|0 fnt\n|faint|p2a: Rampardos\n|\n|upkeep\n|-message|mindreader105 forfeited.\n|\n|win|TuGfaEnTanga52\n", "inputlog": ">version bfd83cad13791eb5a5a409923076391caf6fb4d4\n>start {\"formatid\":\"gen9randombattle\",\"seed\":[26747,43575,37616,60239],\"rated\":\"Rated battle\"}\n>player p1 {\"name\":\"TuGfaEnTanga52\",\"avatar\":\"2\",\"rating\":1144,\"seed\":[26863,62149,52608,50706]}\n>player p2 {\"name\":\"mindreader105\",\"avatar\":\"169\",\"rating\":1176,\"seed\":[21460,10557,17420,14925]}\n>p1 move freezedry\n>p2 move sludgewave\n>p2 switch 5\n>p1 move auroraveil\n>p2 move drainpunch\n>p1 move blizzard\n>p2 move psychicnoise\n>p1 move blizzard\n>p2 move thunderbolt\n>p1 move blizzard\n>p2 move thunderbolt\n>p1 switch 2\n>p2 move thunderbolt\n>p1 move megahorn\n>p2 move icebeam\n>p1 move megahorn\n>p2 move drainpunch\n>p2 switch 6\n>p1 move stoneedge\n>p2 move quiverdance\n>chat \u2606TuGfaEnTanga52|puto ciego de mierda\n>p1 move stoneedge\n>p2 move bugbuzz\n>p2 switch 4\n>p1 switch 6\n>p2 move psyshock\n>p1 move suckerpunch\n>p2 switch 3\n>p1 switch 6\n>p2 move headsmash\n>p1 move swordsdance\n>p2 move headsmash\n>p1 move earthquake\n>p2 move headsmash\n>forcelose p2", "uploadtime": 1733868328, "views": 1, "formatid": "gen9randombattle", "rating": null, "private": 0, "password": null}