{"id": "gen9randombattle-2260785850", "format": "[Gen 9] Random Battle", "players": ["datbigbootyguy", "Audinoenjoyer"], "log": "|j|\u2606datbigbootyguy\n|j|\u2606Audinoenjoyer\n|t:|1733891818\n|gametype|singles\n|player|p1|datbigbootyguy|169|\n|player|p2|Audinoenjoyer|2|\n|teamsize|p1|6\n|teamsize|p2|6\n|gen|9\n|tier|[Gen 9] Random Battle\n|rule|Species Clause: Limit one of each Pok\u00e9mon\n|rule|HP Percentage Mod: HP is shown in percentages\n|rule|Sleep Clause Mod: Limit one foe put to sleep\n|rule|Illusion Level Mod: Illusion disguises the Pok\u00e9mon's true level\n|\n|t:|1733891818\n|start\n|switch|p1a: Spiritomb|Spiritomb, L89, M|234/234\n|switch|p2a: Meloetta|Meloetta, L82|298/298\n|turn|1\n|inactive|Battle timer is ON: inactive players will automatically lose when time's up. (requested by datbigbootyguy)\n|j| ChadJA\n|inactive|Audinoenjoyer has 270 seconds left.\n|\n|t:|1733891873\n|switch|p2a: Persian|Persian, L92, F|269/269\n|move|p1a: Spiritomb|Will-O-Wisp|p2a: Persian\n|-status|p2a: Persian|brn\n|\n|-damage|p2a: Persian|253/269 brn|[from] brn\n|upkeep\n|turn|2\n|\n|t:|1733891884\n|move|p2a: Persian|Knock Off|p1a: Spiritomb\n|-damage|p1a: Spiritomb|196/234\n|-enditem|p1a: Spiritomb|Leftovers|[from] move: Knock Off|[of] p2a: Persian\n|move|p1a: Spiritomb|Foul Play|p2a: Persian\n|-damage|p2a: Persian|145/269 brn\n|\n|-damage|p2a: Persian|129/269 brn|[from] brn\n|upkeep\n|turn|3\n|\n|t:|1733891897\n|move|p2a: Persian|Knock Off|p1a: Spiritomb\n|-damage|p1a: Spiritomb|172/234\n|move|p1a: Spiritomb|Foul Play|p2a: Persian\n|-damage|p2a: Persian|11/269 brn\n|\n|-damage|p2a: Persian|0 fnt|[from] brn\n|faint|p2a: Persian\n|upkeep\n|\n|t:|1733891911\n|switch|p2a: Swalot|Swalot, L90, F|326/326\n|turn|4\n|\n|t:|1733891920\n|move|p2a: Swalot|Sludge Bomb|p1a: Spiritomb\n|-resisted|p1a: Spiritomb\n|-damage|p1a: Spiritomb|136/234\n|move|p1a: Spiritomb|Will-O-Wisp|p2a: Swalot\n|-status|p2a: Swalot|brn\n|\n|-damage|p2a: Swalot|306/326 brn|[from] brn\n|upkeep\n|turn|5\n|\n|t:|1733891933\n|move|p2a: Swalot|Sludge Bomb|p1a: Spiritomb\n|-resisted|p1a: Spiritomb\n|-damage|p1a: Spiritomb|102/234\n|-status|p1a: Spiritomb|psn\n|move|p1a: Spiritomb|Poltergeist|p2a: Swalot\n|-activate|p2a: Swalot|move: Poltergeist|Leftovers\n|-damage|p2a: Swalot|179/326 brn\n|\n|-heal|p2a: Swalot|199/326 brn|[from] item: Leftovers\n|-damage|p1a: Spiritomb|73/234 psn|[from] psn\n|-damage|p2a: Swalot|179/326 brn|[from] brn\n|upkeep\n|turn|6\n|\n|t:|1733891951\n|move|p2a: Swalot|Sludge Bomb|p1a: Spiritomb\n|-resisted|p1a: Spiritomb\n|-damage|p1a: Spiritomb|36/234 psn\n|move|p1a: Spiritomb|Foul Play|p2a: Swalot\n|-damage|p2a: Swalot|80/326 brn\n|\n|-heal|p2a: Swalot|100/326 brn|[from] item: Leftovers\n|-damage|p1a: Spiritomb|7/234 psn|[from] psn\n|-damage|p2a: Swalot|80/326 brn|[from] brn\n|upkeep\n|turn|7\n|\n|t:|1733891964\n|move|p1a: Spiritomb|Shadow Sneak|p2a: Swalot\n|-damage|p2a: Swalot|35/326 brn\n|move|p2a: Swalot|Sludge Bomb|p1a: Spiritomb\n|-resisted|p1a: Spiritomb\n|-damage|p1a: Spiritomb|0 fnt\n|faint|p1a: Spiritomb\n|\n|-heal|p2a: Swalot|55/326 brn|[from] item: Leftovers\n|-damage|p2a: Swalot|35/326 brn|[from] brn\n|upkeep\n|\n|t:|1733891982\n|switch|p1a: Bastiodon|Bastiodon, L89, M|252/252\n|turn|8\n|\n|t:|1733891988\n|move|p2a: Swalot|Knock Off|p1a: Bastiodon\n|-damage|p1a: Bastiodon|234/252\n|-enditem|p1a: Bastiodon|Chesto Berry|[from] move: Knock Off|[of] p2a: Swalot\n|move|p1a: Bastiodon|Iron Defense|p1a: Bastiodon\n|-boost|p1a: Bastiodon|def|2\n|\n|-heal|p2a: Swalot|55/326 brn|[from] item: Leftovers\n|-damage|p2a: Swalot|35/326 brn|[from] brn\n|upkeep\n|turn|9\n|\n|t:|1733892000\n|move|p2a: Swalot|Pain Split|p1a: Bastiodon\n|-sethp|p1a: Bastiodon|134/252|[from] move: Pain Split|[silent]\n|-sethp|p2a: Swalot|134/326 brn|[from] move: Pain Split\n|move|p1a: Bastiodon|Iron Defense|p1a: Bastiodon\n|-boost|p1a: Bastiodon|def|2\n|\n|-heal|p2a: Swalot|154/326 brn|[from] item: Leftovers\n|-damage|p2a: Swalot|134/326 brn|[from] brn\n|upkeep\n|turn|10\n|\n|t:|1733892010\n|move|p2a: Swalot|Encore|p1a: Bastiodon\n|-start|p1a: Bastiodon|Encore\n|move|p1a: Bastiodon|Iron Defense|p1a: Bastiodon\n|-boost|p1a: Bastiodon|def|2\n|\n|-heal|p2a: Swalot|154/326 brn|[from] item: Leftovers\n|-damage|p2a: Swalot|134/326 brn|[from] brn\n|upkeep\n|turn|11\n|\n|t:|1733892035\n|switch|p2a: Raikou|Raikou, L81|278/278\n|-ability|p2a: Raikou|Pressure\n|move|p1a: Bastiodon|Iron Defense|p1a: Bastiodon\n|-boost|p1a: Bastiodon|def|0\n|\n|upkeep\n|turn|12\n|inactive|Audinoenjoyer has 270 seconds left.\n|\n|t:|1733892067\n|move|p2a: Raikou|Substitute|p2a: Raikou\n|-start|p2a: Raikou|Substitute\n|-damage|p2a: Raikou|209/278\n|move|p1a: Bastiodon|Iron Defense|p1a: Bastiodon\n|-boost|p1a: Bastiodon|def|0\n|\n|-heal|p2a: Raikou|226/278|[from] item: Leftovers\n|-end|p1a: Bastiodon|Encore\n|upkeep\n|turn|13\n|\n|t:|1733892078\n|move|p2a: Raikou|Scald|p1a: Bastiodon\n|-supereffective|p1a: Bastiodon\n|-damage|p1a: Bastiodon|48/252\n|move|p1a: Bastiodon|Body Press|p2a: Raikou\n|-end|p2a: Raikou|Substitute\n|\n|-heal|p2a: Raikou|243/278|[from] item: Leftovers\n|upkeep\n|turn|14\n|inactive|Audinoenjoyer has 270 seconds left.\n|\n|t:|1733892088\n|move|p2a: Raikou|Scald|p1a: Bastiodon\n|-supereffective|p1a: Bastiodon\n|-damage|p1a: Bastiodon|0 fnt\n|faint|p1a: Bastiodon\n|\n|-heal|p2a: Raikou|260/278|[from] item: Leftovers\n|upkeep\n|\n|t:|1733892093\n|switch|p1a: Reuniclus|Reuniclus, L88, M|337/337\n|turn|15\n|\n|t:|1733892102\n|switch|p2a: Swalot|Swalot, L90, F|134/326 brn\n|move|p1a: Reuniclus|Calm Mind|p1a: Reuniclus\n|-boost|p1a: Reuniclus|spa|1\n|-boost|p1a: Reuniclus|spd|1\n|\n|-heal|p2a: Swalot|154/326 brn|[from] item: Leftovers\n|-damage|p2a: Swalot|134/326 brn|[from] brn\n|upkeep\n|turn|16\n|\n|t:|1733892112\n|move|p2a: Swalot|Knock Off|p1a: Reuniclus\n|-supereffective|p1a: Reuniclus\n|-damage|p1a: Reuniclus|272/337\n|-enditem|p1a: Reuniclus|Life Orb|[from] move: Knock Off|[of] p2a: Swalot\n|move|p1a: Reuniclus|Calm Mind|p1a: Reuniclus\n|-boost|p1a: Reuniclus|spa|1\n|-boost|p1a: Reuniclus|spd|1\n|\n|-heal|p2a: Swalot|154/326 brn|[from] item: Leftovers\n|-damage|p2a: Swalot|134/326 brn|[from] brn\n|upkeep\n|turn|17\n|\n|t:|1733892124\n|move|p2a: Swalot|Encore|p1a: Reuniclus\n|-start|p1a: Reuniclus|Encore\n|move|p1a: Reuniclus|Calm Mind|p1a: Reuniclus\n|-boost|p1a: Reuniclus|spa|1\n|-boost|p1a: Reuniclus|spd|1\n|\n|-heal|p2a: Swalot|154/326 brn|[from] item: Leftovers\n|-damage|p2a: Swalot|134/326 brn|[from] brn\n|upkeep\n|turn|18\n|\n|t:|1733892136\n|switch|p2a: Brute Bonnet|Brute Bonnet, L81|312/312\n|move|p1a: Reuniclus|Calm Mind|p1a: Reuniclus\n|-boost|p1a: Reuniclus|spa|1\n|-boost|p1a: Reuniclus|spd|1\n|\n|upkeep\n|turn|19\n|\n|t:|1733892158\n|switch|p1a: Tauros|Tauros-Paldea-Aqua, L81, M|252/252\n|move|p2a: Brute Bonnet|Spore|p1a: Tauros\n|-status|p1a: Tauros|slp|[from] move: Spore\n|\n|upkeep\n|turn|20\n|\n|t:|1733892173\n|cant|p1a: Tauros|slp\n|move|p2a: Brute Bonnet|Seed Bomb|p1a: Tauros\n|-supereffective|p1a: Tauros\n|-damage|p1a: Tauros|58/252 slp\n|-enditem|p1a: Tauros|Sitrus Berry|[eat]\n|-heal|p1a: Tauros|121/252 slp|[from] item: Sitrus Berry\n|\n|upkeep\n|turn|21\n|\n|t:|1733892181\n|-curestatus|p1a: Tauros|slp|[msg]\n|move|p1a: Tauros|Bulk Up|p1a: Tauros\n|-boost|p1a: Tauros|atk|1\n|-boost|p1a: Tauros|def|1\n|move|p2a: Brute Bonnet|Seed Bomb|p1a: Tauros\n|-supereffective|p1a: Tauros\n|-damage|p1a: Tauros|0 fnt\n|faint|p1a: Tauros\n|\n|upkeep\n|\n|t:|1733892187\n|switch|p1a: Oranguru|Oranguru, L92, F|315/315\n|turn|22\n|\n|t:|1733892196\n|move|p2a: Brute Bonnet|Sucker Punch|p1a: Oranguru\n|-supereffective|p1a: Oranguru\n|-damage|p1a: Oranguru|153/315\n|move|p1a: Oranguru|Focus Blast|p2a: Brute Bonnet\n|-supereffective|p2a: Brute Bonnet\n|-damage|p2a: Brute Bonnet|138/312\n|\n|-heal|p1a: Oranguru|172/315|[from] item: Leftovers\n|-heal|p2a: Brute Bonnet|157/312|[from] item: Leftovers\n|upkeep\n|turn|23\n|\n|t:|1733892208\n|move|p2a: Brute Bonnet|Sucker Punch|p1a: Oranguru\n|-supereffective|p1a: Oranguru\n|-damage|p1a: Oranguru|20/315\n|move|p1a: Oranguru|Focus Blast|p2a: Brute Bonnet\n|-supereffective|p2a: Brute Bonnet\n|-damage|p2a: Brute Bonnet|0 fnt\n|faint|p2a: Brute Bonnet\n|-end|p2a: Brute Bonnet|Protosynthesis|[silent]\n|\n|-heal|p1a: Oranguru|39/315|[from] item: Leftovers\n|upkeep\n|\n|t:|1733892221\n|switch|p2a: Raikou|Raikou, L81|260/278\n|-ability|p2a: Raikou|Pressure\n|turn|24\n|\n|t:|1733892228\n|move|p2a: Raikou|Thunderbolt|p1a: Oranguru\n|-damage|p1a: Oranguru|0 fnt\n|faint|p1a: Oranguru\n|\n|-heal|p2a: Raikou|277/278|[from] item: Leftovers\n|upkeep\n|\n|t:|1733892230\n|switch|p1a: Reuniclus|Reuniclus, L88, M|272/337\n|turn|25\n|\n|t:|1733892240\n|move|p2a: Raikou|Thunderbolt|p1a: Reuniclus\n|-damage|p1a: Reuniclus|176/337\n|move|p1a: Reuniclus|Psyshock|p2a: Raikou\n|-damage|p2a: Raikou|150/278\n|\n|-heal|p2a: Raikou|167/278|[from] item: Leftovers\n|upkeep\n|turn|26\n|\n|t:|1733892249\n|move|p2a: Raikou|Thunderbolt|p1a: Reuniclus\n|-damage|p1a: Reuniclus|70/337\n|move|p1a: Reuniclus|Recover|p1a: Reuniclus\n|-heal|p1a: Reuniclus|239/337\n|\n|-heal|p2a: Raikou|184/278|[from] item: Leftovers\n|upkeep\n|turn|27\n|\n|t:|1733892260\n|move|p2a: Raikou|Substitute|p2a: Raikou\n|-start|p2a: Raikou|Substitute\n|-damage|p2a: Raikou|115/278\n|move|p1a: Reuniclus|Calm Mind|p1a: Reuniclus\n|-boost|p1a: Reuniclus|spa|1\n|-boost|p1a: Reuniclus|spd|1\n|\n|-heal|p2a: Raikou|132/278|[from] item: Leftovers\n|upkeep\n|turn|28\n|inactive|Audinoenjoyer has 270 seconds left.\n|\n|t:|1733892297\n|move|p2a: Raikou|Calm Mind|p2a: Raikou\n|-boost|p2a: Raikou|spa|1\n|-boost|p2a: Raikou|spd|1\n|move|p1a: Reuniclus|Calm Mind|p1a: Reuniclus\n|-boost|p1a: Reuniclus|spa|1\n|-boost|p1a: Reuniclus|spd|1\n|\n|-heal|p2a: Raikou|149/278|[from] item: Leftovers\n|upkeep\n|turn|29\n|inactive|Audinoenjoyer has 270 seconds left.\n|\n|t:|1733892306\n|move|p2a: Raikou|Calm Mind|p2a: Raikou\n|-boost|p2a: Raikou|spa|1\n|-boost|p2a: Raikou|spd|1\n|move|p1a: Reuniclus|Calm Mind|p1a: Reuniclus\n|-boost|p1a: Reuniclus|spa|1\n|-boost|p1a: Reuniclus|spd|1\n|\n|-heal|p2a: Raikou|166/278|[from] item: Leftovers\n|upkeep\n|turn|30\n|\n|t:|1733892316\n|move|p2a: Raikou|Calm Mind|p2a: Raikou\n|-boost|p2a: Raikou|spa|1\n|-boost|p2a: Raikou|spd|1\n|move|p1a: Reuniclus|Calm Mind|p1a: Reuniclus\n|-boost|p1a: Reuniclus|spa|1\n|-boost|p1a: Reuniclus|spd|1\n|\n|-heal|p2a: Raikou|183/278|[from] item: Leftovers\n|upkeep\n|turn|31\n|\n|t:|1733892325\n|move|p2a: Raikou|Calm Mind|p2a: Raikou\n|-boost|p2a: Raikou|spa|1\n|-boost|p2a: Raikou|spd|1\n|move|p1a: Reuniclus|Psyshock|p2a: Raikou\n|-end|p2a: Raikou|Substitute\n|\n|-heal|p2a: Raikou|200/278|[from] item: Leftovers\n|upkeep\n|turn|32\n|\n|t:|1733892334\n|move|p2a: Raikou|Thunderbolt|p1a: Reuniclus\n|-damage|p1a: Reuniclus|143/337\n|-status|p1a: Reuniclus|par\n|move|p1a: Reuniclus|Psyshock|p2a: Raikou\n|-damage|p2a: Raikou|0 fnt\n|faint|p2a: Raikou\n|\n|upkeep\n|inactive|Audinoenjoyer has 270 seconds left.\n|\n|t:|1733892362\n|switch|p2a: Swalot|Swalot, L90, F|134/326 brn\n|turn|33\n|inactive|Audinoenjoyer has 270 seconds left.\n|\n|t:|1733892373\n|move|p2a: Swalot|Sludge Bomb|p1a: Reuniclus\n|-damage|p1a: Reuniclus|112/337 par\n|move|p1a: Reuniclus|Psyshock|p2a: Swalot\n|-supereffective|p2a: Swalot\n|-damage|p2a: Swalot|0 fnt\n|faint|p2a: Swalot\n|\n|upkeep\n|\n|t:|1733892384\n|switch|p2a: Meloetta|Meloetta, L82|298/298\n|turn|34\n|\n|t:|1733892395\n|move|p2a: Meloetta|Psyshock|p1a: Reuniclus\n|-resisted|p1a: Reuniclus\n|-damage|p1a: Reuniclus|44/337 par\n|-damage|p2a: Meloetta|269/298|[from] item: Life Orb\n|move|p1a: Reuniclus|Recover|p1a: Reuniclus\n|-heal|p1a: Reuniclus|213/337 par\n|\n|upkeep\n|turn|35\n|\n|t:|1733892403\n|move|p2a: Meloetta|Psyshock|p1a: Reuniclus\n|-resisted|p1a: Reuniclus\n|-damage|p1a: Reuniclus|147/337 par\n|-damage|p2a: Meloetta|240/298|[from] item: Life Orb\n|cant|p1a: Reuniclus|par\n|\n|upkeep\n|turn|36\n|inactive|Audinoenjoyer has 270 seconds left.\n|\n|t:|1733892410\n|move|p2a: Meloetta|Psyshock|p1a: Reuniclus\n|-resisted|p1a: Reuniclus\n|-damage|p1a: Reuniclus|77/337 par\n|-damage|p2a: Meloetta|211/298|[from] item: Life Orb\n|move|p1a: Reuniclus|Recover|p1a: Reuniclus\n|-heal|p1a: Reuniclus|246/337 par\n|\n|upkeep\n|turn|37\n|\n|t:|1733892419\n|move|p2a: Meloetta|Psyshock|p1a: Reuniclus\n|-resisted|p1a: Reuniclus\n|-damage|p1a: Reuniclus|178/337 par\n|-damage|p2a: Meloetta|182/298|[from] item: Life Orb\n|move|p1a: Reuniclus|Recover|p1a: Reuniclus\n|-heal|p1a: Reuniclus|337/337 par\n|\n|upkeep\n|turn|38\n|\n|t:|1733892430\n|move|p2a: Meloetta|Psyshock|p1a: Reuniclus\n|-resisted|p1a: Reuniclus\n|-damage|p1a: Reuniclus|263/337 par\n|-damage|p2a: Meloetta|153/298|[from] item: Life Orb\n|cant|p1a: Reuniclus|par\n|\n|upkeep\n|turn|39\n|\n|t:|1733892438\n|move|p2a: Meloetta|Psyshock|p1a: Reuniclus\n|-resisted|p1a: Reuniclus\n|-damage|p1a: Reuniclus|188/337 par\n|-damage|p2a: Meloetta|124/298|[from] item: Life Orb\n|cant|p1a: Reuniclus|par\n|\n|upkeep\n|turn|40\n|l| ChadJA\n|\n|t:|1733892446\n|move|p2a: Meloetta|Psyshock|p1a: Reuniclus\n|-resisted|p1a: Reuniclus\n|-damage|p1a: Reuniclus|123/337 par\n|-damage|p2a: Meloetta|95/298|[from] item: Life Orb\n|move|p1a: Reuniclus|Recover|p1a: Reuniclus\n|-heal|p1a: Reuniclus|292/337 par\n|\n|upkeep\n|turn|41\n|\n|t:|1733892454\n|move|p2a: Meloetta|Psyshock|p1a: Reuniclus\n|-resisted|p1a: Reuniclus\n|-damage|p1a: Reuniclus|223/337 par\n|-damage|p2a: Meloetta|66/298|[from] item: Life Orb\n|cant|p1a: Reuniclus|par\n|\n|upkeep\n|turn|42\n|\n|t:|1733892461\n|move|p2a: Meloetta|Psyshock|p1a: Reuniclus\n|-resisted|p1a: Reuniclus\n|-damage|p1a: Reuniclus|149/337 par\n|-damage|p2a: Meloetta|37/298|[from] item: Life Orb\n|cant|p1a: Reuniclus|par\n|\n|upkeep\n|turn|43\n|\n|t:|1733892468\n|move|p2a: Meloetta|Psyshock|p1a: Reuniclus\n|-resisted|p1a: Reuniclus\n|-damage|p1a: Reuniclus|84/337 par\n|-damage|p2a: Meloetta|8/298|[from] item: Life Orb\n|move|p1a: Reuniclus|Recover|p1a: Reuniclus\n|-heal|p1a: Reuniclus|253/337 par\n|\n|upkeep\n|turn|44\n|\n|t:|1733892476\n|move|p2a: Meloetta|Psyshock|p1a: Reuniclus\n|-resisted|p1a: Reuniclus\n|-damage|p1a: Reuniclus|178/337 par\n|-damage|p2a: Meloetta|0 fnt|[from] item: Life Orb\n|faint|p2a: Meloetta\n|move|p1a: Reuniclus|Recover|p1a: Reuniclus\n|-heal|p1a: Reuniclus|337/337 par\n|\n|upkeep\n|\n|t:|1733892484\n|switch|p2a: Arceus|Arceus-Electric, L70|284/284\n|turn|45\n|\n|t:|1733892497\n|move|p2a: Arceus|Calm Mind|p2a: Arceus\n|-boost|p2a: Arceus|spa|1\n|-boost|p2a: Arceus|spd|1\n|cant|p1a: Reuniclus|par\n|\n|upkeep\n|turn|46\n|\n|t:|1733892503\n|move|p2a: Arceus|Calm Mind|p2a: Arceus\n|-boost|p2a: Arceus|spa|1\n|-boost|p2a: Arceus|spd|1\n|move|p1a: Reuniclus|Psyshock|p2a: Arceus\n|-damage|p2a: Arceus|0 fnt\n|faint|p2a: Arceus\n|\n|win|datbigbootyguy\n", "inputlog": ">version bfd83cad13791eb5a5a409923076391caf6fb4d4\n>start {\"formatid\":\"gen9randombattle\",\"seed\":[54049,19338,54568,8570]}\n>player p1 {\"name\":\"datbigbootyguy\",\"avatar\":\"169\",\"rating\":0,\"seed\":[55775,38257,60813,44652]}\n>player p2 {\"name\":\"Audinoenjoyer\",\"avatar\":\"2\",\"rating\":0,\"seed\":[10006,44608,5783,9952]}\n>p1 move willowisp\n>p2 switch 5\n>p1 move foulplay\n>p2 move knockoff\n>p1 move foulplay\n>p2 move knockoff\n>p2 switch 2\n>p1 move willowisp\n>p2 move sludgebomb\n>p1 move poltergeist\n>p2 move sludgebomb\n>p1 move foulplay\n>p2 move sludgebomb\n>p1 move shadowsneak\n>p2 move sludgebomb\n>p1 switch 3\n>p1 move irondefense\n>p2 move knockoff\n>p1 move irondefense\n>p2 move painsplit\n>p1 move irondefense\n>p2 move encore\n>p1 move irondefense\n>p2 switch 4\n>p1 move irondefense\n>p2 move substitute\n>p1 move bodypress\n>p2 move scald\n>p1 move bodypress\n>p2 move scald\n>p1 switch 2\n>p1 move calmmind\n>p2 switch 4\n>p1 move calmmind\n>p2 move knockoff\n>p1 move calmmind\n>p2 move encore\n>p1 move calmmind\n>p2 switch 6\n>p1 switch 5\n>p2 move spore\n>p1 move substitute\n>p2 move seedbomb\n>p1 move bulkup\n>p2 move seedbomb\n>p1 switch 6\n>p1 move focusblast\n>p2 move suckerpunch\n>p1 move focusblast\n>p2 move suckerpunch\n>p2 switch 4\n>p1 move psychic\n>p2 move thunderbolt\n>p1 switch 5\n>p1 move psyshock\n>p2 move thunderbolt\n>p1 move recover\n>p2 move thunderbolt\n>p1 move calmmind\n>p2 move substitute\n>p1 move calmmind\n>p2 move calmmind\n>p1 move calmmind\n>p2 move calmmind\n>p1 move calmmind\n>p2 move calmmind\n>p1 move psyshock\n>p2 move calmmind\n>p1 move psyshock\n>p2 move thunderbolt\n>p2 switch 6\n>p1 move psyshock\n>p2 move sludgebomb\n>p2 switch 5\n>p1 move recover\n>p2 move psyshock\n>p1 move recover\n>p2 move psyshock\n>p1 move recover\n>p2 move psyshock\n>p1 move recover\n>p2 move psyshock\n>p1 move psyshock\n>p2 move psyshock\n>p1 move recover\n>p2 move psyshock\n>p1 move recover\n>p2 move psyshock\n>p1 move psyshock\n>p2 move psyshock\n>p1 move recover\n>p2 move psyshock\n>p1 move recover\n>p2 move psyshock\n>p1 move recover\n>p2 move psyshock\n>p2 switch 3\n>p1 move psyshock\n>p2 move calmmind\n>p1 move psyshock\n>p2 move calmmind", "uploadtime": 1733892506, "views": 14, "formatid": "gen9randombattle", "rating": null, "private": 0, "password": null}