{"id": "gen9randombattle-2259969992", "format": "[Gen 9] Random Battle", "players": ["Jdjifif", "TuIip"], "log": "|j|\u2606Jdjifif\n|j|\u2606TuIip\n|t:|1733785716\n|gametype|singles\n|player|p1|Jdjifif|102|1128\n|player|p2|TuIip|unknown|1094\n|teamsize|p1|6\n|teamsize|p2|6\n|gen|9\n|tier|[Gen 9] Random Battle\n|rated|\n|rule|Species Clause: Limit one of each Pok\u00e9mon\n|rule|HP Percentage Mod: HP is shown in percentages\n|rule|Sleep Clause Mod: Limit one foe put to sleep\n|rule|Illusion Level Mod: Illusion disguises the Pok\u00e9mon's true level\n|\n|t:|1733785716\n|start\n|switch|p1a: Cryogonal|Cryogonal, L89|287/287\n|switch|p2a: Falinks|Falinks, L84|246/246\n|turn|1\n|inactive|Battle timer is ON: inactive players will automatically lose when time's up. (requested by TuIip)\n|\n|t:|1733785732\n|move|p1a: Cryogonal|Freeze-Dry|p2a: Falinks\n|-damage|p2a: Falinks|129/246\n|move|p2a: Falinks|No Retreat|p2a: Falinks\n|-boost|p2a: Falinks|atk|1\n|-boost|p2a: Falinks|def|1\n|-boost|p2a: Falinks|spa|1\n|-boost|p2a: Falinks|spd|1\n|-boost|p2a: Falinks|spe|1\n|-start|p2a: Falinks|move: No Retreat\n|\n|upkeep\n|turn|2\n|\n|t:|1733785744\n|switch|p1a: Landorus|Landorus-Therian, L76, M|260/260\n|-ability|p1a: Landorus|Intimidate|boost\n|-unboost|p2a: Falinks|atk|1\n|-ability|p2a: Falinks|Defiant|boost\n|-boost|p2a: Falinks|atk|2\n|move|p2a: Falinks|Iron Head|p1a: Landorus\n|-crit|p1a: Landorus\n|-damage|p1a: Landorus|1/260\n|-damage|p2a: Falinks|105/246|[from] item: Life Orb\n|\n|-heal|p1a: Landorus|17/260|[from] item: Leftovers\n|upkeep\n|turn|3\n|\n|t:|1733785757\n|move|p2a: Falinks|Iron Head|p1a: Landorus\n|-damage|p1a: Landorus|0 fnt\n|faint|p1a: Landorus\n|-damage|p2a: Falinks|81/246|[from] item: Life Orb\n|\n|upkeep\n|\n|t:|1733785764\n|switch|p1a: Dondozo|Dondozo, L78, F|362/362\n|turn|4\n|\n|t:|1733785774\n|move|p2a: Falinks|Close Combat|p1a: Dondozo\n|-damage|p1a: Dondozo|209/362\n|-unboost|p2a: Falinks|def|1\n|-unboost|p2a: Falinks|spd|1\n|-damage|p2a: Falinks|57/246|[from] item: Life Orb\n|move|p1a: Dondozo|Curse|p1a: Dondozo\n|-unboost|p1a: Dondozo|spe|1\n|-boost|p1a: Dondozo|atk|1\n|-boost|p1a: Dondozo|def|1\n|\n|-heal|p1a: Dondozo|231/362|[from] item: Leftovers\n|upkeep\n|turn|5\n|\n|t:|1733785790\n|move|p2a: Falinks|Close Combat|p1a: Dondozo\n|-damage|p1a: Dondozo|122/362\n|-unboost|p2a: Falinks|def|1\n|-unboost|p2a: Falinks|spd|1\n|-damage|p2a: Falinks|33/246|[from] item: Life Orb\n|move|p1a: Dondozo|Curse|p1a: Dondozo\n|-unboost|p1a: Dondozo|spe|1\n|-boost|p1a: Dondozo|atk|1\n|-boost|p1a: Dondozo|def|1\n|\n|-heal|p1a: Dondozo|144/362|[from] item: Leftovers\n|upkeep\n|turn|6\n|\n|t:|1733785803\n|move|p2a: Falinks|Knock Off|p1a: Dondozo\n|-damage|p1a: Dondozo|104/362\n|-enditem|p1a: Dondozo|Leftovers|[from] move: Knock Off|[of] p2a: Falinks\n|-damage|p2a: Falinks|9/246|[from] item: Life Orb\n|move|p1a: Dondozo|Rest|p1a: Dondozo\n|-status|p1a: Dondozo|slp|[from] move: Rest\n|-heal|p1a: Dondozo|362/362 slp|[silent]\n|\n|upkeep\n|turn|7\n|\n|t:|1733785816\n|move|p2a: Falinks|Close Combat|p1a: Dondozo\n|-crit|p1a: Dondozo\n|-damage|p1a: Dondozo|138/362 slp\n|-unboost|p2a: Falinks|def|1\n|-unboost|p2a: Falinks|spd|1\n|-damage|p2a: Falinks|0 fnt|[from] item: Life Orb\n|faint|p2a: Falinks\n|cant|p1a: Dondozo|slp\n|move|p1a: Dondozo|Sleep Talk|p1a: Dondozo\n|move|p1a: Dondozo|Curse|p1a: Dondozo|[from]move: Sleep Talk\n|-unboost|p1a: Dondozo|spe|1\n|-boost|p1a: Dondozo|atk|1\n|-boost|p1a: Dondozo|def|1\n|\n|upkeep\n|\n|t:|1733785826\n|switch|p2a: Smeargle|Smeargle, L95, F|258/258\n|turn|8\n|\n|t:|1733785834\n|move|p2a: Smeargle|Shell Smash|p2a: Smeargle\n|-unboost|p2a: Smeargle|def|1\n|-unboost|p2a: Smeargle|spd|1\n|-boost|p2a: Smeargle|atk|2\n|-boost|p2a: Smeargle|spa|2\n|-boost|p2a: Smeargle|spe|2\n|cant|p1a: Dondozo|slp\n|move|p1a: Dondozo|Sleep Talk|p1a: Dondozo\n|move|p1a: Dondozo|Rest||[from]move: Sleep Talk|[still]\n|-fail|p1a: Dondozo\n|\n|upkeep\n|turn|9\n|\n|t:|1733785847\n|move|p2a: Smeargle|Population Bomb|p1a: Dondozo\n|-damage|p1a: Dondozo|132/362 slp\n|-crit|p1a: Dondozo\n|-damage|p1a: Dondozo|110/362 slp\n|-crit|p1a: Dondozo\n|-damage|p1a: Dondozo|89/362 slp\n|-damage|p1a: Dondozo|83/362 slp\n|-damage|p1a: Dondozo|77/362 slp\n|-damage|p1a: Dondozo|71/362 slp\n|-damage|p1a: Dondozo|65/362 slp\n|-damage|p1a: Dondozo|58/362 slp\n|-damage|p1a: Dondozo|52/362 slp\n|-damage|p1a: Dondozo|46/362 slp\n|-hitcount|p1a: Dondozo|10\n|-curestatus|p1a: Dondozo|slp|[msg]\n|move|p1a: Dondozo|Rest|p1a: Dondozo\n|-status|p1a: Dondozo|slp|[from] move: Rest\n|-heal|p1a: Dondozo|362/362 slp|[silent]\n|\n|upkeep\n|turn|10\n|\n|t:|1733785867\n|move|p2a: Smeargle|Power Trip|p1a: Dondozo\n|-damage|p1a: Dondozo|343/362 slp\n|cant|p1a: Dondozo|slp\n|move|p1a: Dondozo|Sleep Talk|p1a: Dondozo\n|move|p1a: Dondozo|Wave Crash|p2a: Smeargle|[from]move: Sleep Talk\n|-damage|p2a: Smeargle|0 fnt\n|faint|p2a: Smeargle\n|-damage|p1a: Dondozo|258/362 slp|[from] Recoil\n|\n|upkeep\n|\n|t:|1733785877\n|switch|p2a: Camerupt|Camerupt, L91, M|275/275\n|turn|11\n|\n|t:|1733785882\n|cant|p1a: Dondozo|slp\n|move|p1a: Dondozo|Sleep Talk|p1a: Dondozo\n|move|p1a: Dondozo|Curse|p1a: Dondozo|[from]move: Sleep Talk\n|-unboost|p1a: Dondozo|spe|1\n|-boost|p1a: Dondozo|atk|1\n|-boost|p1a: Dondozo|def|1\n|move|p2a: Camerupt|Roar|p1a: Dondozo\n|drag|p1a: Cryogonal|Cryogonal, L89|287/287\n|\n|upkeep\n|turn|12\n|\n|t:|1733785897\n|switch|p1a: Dondozo|Dondozo, L78, F|258/362 slp\n|move|p2a: Camerupt|Stealth Rock|p1a: Dondozo\n|-sidestart|p1: Jdjifif|move: Stealth Rock\n|\n|upkeep\n|turn|13\n|\n|t:|1733785906\n|switch|p2a: Iron Thorns|Iron Thorns, L83|302/302\n|-enditem|p2a: Iron Thorns|Booster Energy\n|-activate|p2a: Iron Thorns|ability: Quark Drive|[fromitem]\n|-start|p2a: Iron Thorns|quarkdriveatk\n|-curestatus|p1a: Dondozo|slp|[msg]\n|move|p1a: Dondozo|Wave Crash|p2a: Iron Thorns\n|-supereffective|p2a: Iron Thorns\n|-damage|p2a: Iron Thorns|114/302\n|-damage|p1a: Dondozo|196/362|[from] Recoil\n|\n|upkeep\n|turn|14\n|\n|t:|1733785921\n|switch|p1a: Slaking|Slaking, L84, F|389/389\n|-damage|p1a: Slaking|341/389|[from] Stealth Rock\n|move|p2a: Iron Thorns|Wild Charge|p1a: Slaking\n|-damage|p1a: Slaking|196/389\n|-damage|p2a: Iron Thorns|78/302|[from] Recoil\n|\n|upkeep\n|turn|15\n|\n|t:|1733785932\n|move|p1a: Slaking|Earthquake|p2a: Iron Thorns\n|-supereffective|p2a: Iron Thorns\n|-damage|p2a: Iron Thorns|0 fnt\n|faint|p2a: Iron Thorns\n|-end|p2a: Iron Thorns|Quark Drive|[silent]\n|\n|upkeep\n|\n|t:|1733785936\n|switch|p2a: Swanna|Swanna, L88, F|275/275\n|turn|16\n|\n|t:|1733785943\n|switch|p1a: Cryogonal|Cryogonal, L89|287/287\n|move|p2a: Swanna|Brave Bird|p1a: Cryogonal\n|-damage|p1a: Cryogonal|97/287\n|-damage|p2a: Swanna|212/275|[from] Recoil\n|\n|upkeep\n|turn|17\n|\n|t:|1733785955\n|move|p1a: Cryogonal|Recover|p1a: Cryogonal\n|-heal|p1a: Cryogonal|241/287\n|move|p2a: Swanna|Brave Bird|p1a: Cryogonal\n|-damage|p1a: Cryogonal|63/287\n|-damage|p2a: Swanna|153/275|[from] Recoil\n|\n|upkeep\n|turn|18\n|\n|t:|1733785963\n|move|p1a: Cryogonal|Freeze-Dry|p2a: Swanna\n|-supereffective|p2a: Swanna\n|-damage|p2a: Swanna|0 fnt\n|faint|p2a: Swanna\n|\n|upkeep\n|\n|t:|1733785966\n|switch|p2a: Camerupt|Camerupt, L91, M|275/275\n|turn|19\n|\n|t:|1733785972\n|move|p1a: Cryogonal|Rapid Spin|p2a: Camerupt\n|-damage|p2a: Camerupt|249/275\n|-boost|p1a: Cryogonal|spe|1\n|-sideend|p1: Jdjifif|Stealth Rock|[from] move: Rapid Spin|[of] p1a: Cryogonal\n|move|p2a: Camerupt|Earthquake|p1a: Cryogonal\n|-immune|p1a: Cryogonal|[from] ability: Levitate\n|\n|-heal|p2a: Camerupt|266/275|[from] item: Leftovers\n|upkeep\n|turn|20\n|\n|t:|1733785983\n|switch|p1a: Slaking|Slaking, L84, F|196/389\n|move|p2a: Camerupt|Overheat|p1a: Slaking\n|-damage|p1a: Slaking|0 fnt\n|-unboost|p2a: Camerupt|spa|2\n|faint|p1a: Slaking\n|\n|-heal|p2a: Camerupt|275/275|[from] item: Leftovers\n|upkeep\n|\n|t:|1733785994\n|switch|p1a: Wugtrio|Wugtrio, L91, M|212/212\n|turn|21\n|\n|t:|1733785998\n|move|p1a: Wugtrio|Liquidation|p2a: Camerupt\n|-supereffective|p2a: Camerupt\n|-damage|p2a: Camerupt|0 fnt\n|faint|p2a: Camerupt\n|\n|upkeep\n|\n|t:|1733786001\n|switch|p2a: Zamazenta|Zamazenta, L71|248/248\n|-ability|p2a: Zamazenta|Dauntless Shield|boost\n|-boost|p2a: Zamazenta|def|1\n|turn|22\n|\n|t:|1733786008\n|move|p1a: Wugtrio|Liquidation|p2a: Zamazenta\n|-damage|p2a: Zamazenta|143/248\n|move|p2a: Zamazenta|Iron Defense|p2a: Zamazenta\n|-boost|p2a: Zamazenta|def|2\n|\n|-heal|p2a: Zamazenta|158/248|[from] item: Leftovers\n|upkeep\n|turn|23\n|\n|t:|1733786018\n|-terastallize|p2a: Zamazenta|Steel\n|move|p1a: Wugtrio|Liquidation|p2a: Zamazenta\n|-damage|p2a: Zamazenta|97/248\n|move|p2a: Zamazenta|Substitute|p2a: Zamazenta\n|-start|p2a: Zamazenta|Substitute\n|-damage|p2a: Zamazenta|35/248\n|\n|-heal|p2a: Zamazenta|50/248|[from] item: Leftovers\n|upkeep\n|turn|24\n|\n|t:|1733786028\n|move|p1a: Wugtrio|Liquidation|p2a: Zamazenta\n|-activate|p2a: Zamazenta|move: Substitute|[damage]\n|move|p2a: Zamazenta|Iron Defense|p2a: Zamazenta\n|-boost|p2a: Zamazenta|def|2\n|\n|-heal|p2a: Zamazenta|65/248|[from] item: Leftovers\n|upkeep\n|turn|25\n|\n|t:|1733786037\n|move|p1a: Wugtrio|Liquidation|p2a: Zamazenta\n|-crit|p2a: Zamazenta\n|-end|p2a: Zamazenta|Substitute\n|move|p2a: Zamazenta|Body Press|p1a: Wugtrio\n|-damage|p1a: Wugtrio|0 fnt\n|-ability|p1a: Wugtrio|Gooey\n|-unboost|p2a: Zamazenta|spe|1\n|faint|p1a: Wugtrio\n|\n|-heal|p2a: Zamazenta|80/248|[from] item: Leftovers\n|upkeep\n|\n|t:|1733786058\n|switch|p1a: Cryogonal|Cryogonal, L89|63/287\n|turn|26\n|\n|t:|1733786066\n|move|p1a: Cryogonal|Flash Cannon|p2a: Zamazenta\n|-resisted|p2a: Zamazenta\n|-damage|p2a: Zamazenta|49/248\n|-unboost|p2a: Zamazenta|spd|1\n|move|p2a: Zamazenta|Iron Head|p1a: Cryogonal\n|-supereffective|p1a: Cryogonal\n|-damage|p1a: Cryogonal|0 fnt\n|faint|p1a: Cryogonal\n|\n|-heal|p2a: Zamazenta|64/248|[from] item: Leftovers\n|upkeep\n|\n|t:|1733786079\n|switch|p1a: Latias|Latias, L79, F|256/256\n|turn|27\n|\n|t:|1733786085\n|move|p1a: Latias|Draco Meteor|p2a: Zamazenta\n|-resisted|p2a: Zamazenta\n|-damage|p2a: Zamazenta|0 fnt\n|-unboost|p1a: Latias|spa|2\n|faint|p2a: Zamazenta\n|\n|win|Jdjifif\n|raw|Jdjifif's rating: 1128 &rarr; <strong>1151</strong><br />(+23 for winning)\n|raw|TuIip's rating: 1094 &rarr; <strong>1072</strong><br />(-22 for losing)\n|l|\u2606TuIip\n|player|p2|\n", "inputlog": ">version bfd83cad13791eb5a5a409923076391caf6fb4d4\n>start {\"formatid\":\"gen9randombattle\",\"seed\":[32403,116,60335,60443],\"rated\":\"Rated battle\"}\n>player p1 {\"name\":\"Jdjifif\",\"avatar\":\"102\",\"rating\":1128,\"seed\":[56841,48278,30732,50224]}\n>player p2 {\"name\":\"TuIip\",\"avatar\":\"unknown\",\"rating\":1094,\"seed\":[29537,13990,23189,3769]}\n>p1 move freezedry\n>p2 move noretreat\n>p1 switch 3\n>p2 move ironhead\n>p1 move stealthrock\n>p2 move ironhead\n>p1 switch 6\n>p1 move curse\n>p2 move closecombat\n>p1 move curse\n>p2 move closecombat\n>p1 move rest\n>p2 move knockoff\n>p1 move sleeptalk\n>p2 move closecombat\n>p2 switch 6\n>p1 move sleeptalk\n>p2 move shellsmash\n>p1 move rest\n>p2 move populationbomb\n>p1 move sleeptalk\n>p2 move powertrip\n>p2 switch 4\n>p1 move sleeptalk\n>p2 move roar\n>p1 switch 3\n>p2 move stealthrock\n>p1 move wavecrash\n>p2 switch 5\n>p1 switch 5\n>p2 move wildcharge\n>p1 move earthquake\n>p2 move wildcharge\n>p2 switch 3\n>p1 switch 3\n>p2 move bravebird\n>p1 move recover\n>p2 move bravebird\n>p1 move freezedry\n>p2 move bravebird\n>p2 switch 5\n>p1 move rapidspin\n>p2 move earthquake\n>p1 switch 3\n>p2 move overheat\n>p1 switch 2\n>p1 move liquidation\n>p2 move stealthrock\n>p2 switch 2\n>p1 move liquidation\n>p2 move irondefense\n>p1 move liquidation\n>p2 move substitute terastallize\n>p1 move liquidation\n>p2 move irondefense\n>p1 move liquidation\n>p2 move bodypress\n>p1 switch 3\n>p1 move flashcannon\n>p2 move ironhead\n>p1 switch 4\n>p1 move dracometeor\n>p2 move ironhead", "uploadtime": 1733786093, "views": 1, "formatid": "gen9randombattle", "rating": 1072, "private": 0, "password": null}