{"id": "gen9randombattle-2259966371", "format": "[Gen 9] Random Battle", "players": ["Fiery_eggroll", "ijkmnop"], "log": "|j|\u2606Fiery_eggroll\n|j|\u2606ijkmnop\n|t:|1733785274\n|gametype|singles\n|player|p1|Fiery_eggroll|101|1043\n|player|p2|ijkmnop|266|1000\n|teamsize|p1|6\n|teamsize|p2|6\n|gen|9\n|tier|[Gen 9] Random Battle\n|rated|\n|rule|Species Clause: Limit one of each Pok\u00e9mon\n|rule|HP Percentage Mod: HP is shown in percentages\n|rule|Sleep Clause Mod: Limit one foe put to sleep\n|rule|Illusion Level Mod: Illusion disguises the Pok\u00e9mon's true level\n|\n|t:|1733785274\n|start\n|switch|p1a: Houndstone|Houndstone, L86, F|264/264\n|switch|p2a: Venusaur|Venusaur, L84, F|272/272\n|turn|1\n|inactive|Battle timer is ON: inactive players will automatically lose when time's up. (requested by ijkmnop)\n|\n|t:|1733785289\n|move|p2a: Venusaur|Knock Off|p1a: Houndstone\n|-supereffective|p1a: Houndstone\n|-damage|p1a: Houndstone|207/264\n|-enditem|p1a: Houndstone|Assault Vest|[from] move: Knock Off|[of] p2a: Venusaur\n|move|p1a: Houndstone|Poltergeist|p2a: Venusaur\n|-activate|p2a: Venusaur|move: Poltergeist|Leftovers\n|-damage|p2a: Venusaur|143/272\n|\n|-heal|p2a: Venusaur|160/272|[from] item: Leftovers\n|upkeep\n|turn|2\n|\n|t:|1733785300\n|move|p2a: Venusaur|Sleep Powder|p1a: Houndstone|[miss]\n|-miss|p2a: Venusaur|p1a: Houndstone\n|move|p1a: Houndstone|Poltergeist|p2a: Venusaur\n|-activate|p2a: Venusaur|move: Poltergeist|Leftovers\n|-damage|p2a: Venusaur|36/272\n|\n|-heal|p2a: Venusaur|53/272|[from] item: Leftovers\n|upkeep\n|turn|3\n|\n|t:|1733785310\n|move|p1a: Houndstone|Shadow Sneak|p2a: Venusaur\n|-damage|p2a: Venusaur|4/272\n|move|p2a: Venusaur|Synthesis|p2a: Venusaur\n|-heal|p2a: Venusaur|140/272\n|\n|-heal|p2a: Venusaur|157/272|[from] item: Leftovers\n|upkeep\n|turn|4\n|\n|t:|1733785318\n|move|p2a: Venusaur|Sleep Powder|p1a: Houndstone\n|-status|p1a: Houndstone|slp|[from] move: Sleep Powder\n|cant|p1a: Houndstone|slp\n|\n|-heal|p2a: Venusaur|174/272|[from] item: Leftovers\n|upkeep\n|turn|5\n|\n|t:|1733785332\n|switch|p2a: Darkrai|Darkrai, L77|234/234\n|switch|p1a: Volbeat|Volbeat, L90, M|263/263\n|\n|upkeep\n|turn|6\n|\n|t:|1733785343\n|switch|p2a: Minun|Minun, L95, F|268/268\n|move|p1a: Volbeat|Encore||[still]\n|-fail|p1a: Volbeat\n|\n|upkeep\n|turn|7\n|\n|t:|1733785353\n|move|p2a: Minun|Thunderbolt|p1a: Volbeat\n|-damage|p1a: Volbeat|130/263\n|-damage|p2a: Minun|242/268|[from] item: Life Orb\n|move|p1a: Volbeat|Lunge|p2a: Minun\n|-crit|p2a: Minun\n|-damage|p2a: Minun|71/268\n|-unboost|p2a: Minun|atk|1\n|\n|upkeep\n|turn|8\n|\n|t:|1733785362\n|move|p1a: Volbeat|Roost|p1a: Volbeat\n|-heal|p1a: Volbeat|262/263\n|-singleturn|p1a: Volbeat|move: Roost\n|move|p2a: Minun|Thunderbolt|p1a: Volbeat\n|-damage|p1a: Volbeat|132/263\n|-damage|p2a: Minun|45/268|[from] item: Life Orb\n|\n|upkeep\n|turn|9\n|\n|t:|1733785379\n|switch|p2a: Gardevoir|Gardevoir, L83, F|249/249\n|-ability|p2a: Gardevoir|Prankster|[from] ability: Trace|[of] p1a: Volbeat\n|move|p1a: Volbeat|Roost|p1a: Volbeat\n|-heal|p1a: Volbeat|263/263\n|-singleturn|p1a: Volbeat|move: Roost\n|\n|upkeep\n|turn|10\n|\n|t:|1733785395\n|move|p2a: Gardevoir|Trick|p1a: Volbeat\n|-activate|p2a: Gardevoir|move: Trick|[of] p1a: Volbeat\n|-item|p1a: Volbeat|Choice Scarf|[from] move: Trick\n|-item|p2a: Gardevoir|Heavy-Duty Boots|[from] move: Trick\n|move|p1a: Volbeat|Thunder Wave|p2a: Gardevoir|[miss]\n|-miss|p1a: Volbeat|p2a: Gardevoir\n|\n|upkeep\n|turn|11\n|\n|t:|1733785413\n|switch|p1a: Houndstone|Houndstone, L86, F|207/264 slp\n|switch|p2a: Minun|Minun, L95, F|45/268\n|\n|upkeep\n|turn|12\n|\n|t:|1733785422\n|switch|p2a: Darkrai|Darkrai, L77|234/234\n|cant|p1a: Houndstone|slp\n|\n|-damage|p1a: Houndstone|174/264 slp|[from] ability: Bad Dreams|[of] p2a: Darkrai\n|upkeep\n|turn|13\n|\n|t:|1733785429\n|-curestatus|p1a: Houndstone|slp|[msg]\n|move|p1a: Houndstone|Shadow Sneak|p2a: Darkrai\n|-resisted|p2a: Darkrai\n|-damage|p2a: Darkrai|209/234\n|move|p2a: Darkrai|Dark Pulse|p1a: Houndstone\n|-supereffective|p1a: Houndstone\n|-damage|p1a: Houndstone|0 fnt\n|faint|p1a: Houndstone\n|-damage|p2a: Darkrai|186/234|[from] item: Life Orb\n|\n|upkeep\n|\n|t:|1733785446\n|switch|p1a: Volbeat|Volbeat, L90, M|263/263\n|turn|14\n|\n|t:|1733785452\n|switch|p2a: Gardevoir|Gardevoir, L83, F|249/249\n|-ability|p2a: Gardevoir|Prankster|[from] ability: Trace|[of] p1a: Volbeat\n|move|p1a: Volbeat|Lunge|p2a: Gardevoir\n|-damage|p2a: Gardevoir|149/249\n|-unboost|p2a: Gardevoir|atk|1\n|\n|upkeep\n|turn|15\n|\n|t:|1733785461\n|move|p1a: Volbeat|Lunge|p2a: Gardevoir\n|-damage|p2a: Gardevoir|53/249\n|-unboost|p2a: Gardevoir|atk|1\n|move|p2a: Gardevoir|Mystical Fire|p1a: Volbeat\n|-supereffective|p1a: Volbeat\n|-damage|p1a: Volbeat|145/263\n|-unboost|p1a: Volbeat|spa|1\n|\n|upkeep\n|turn|16\n|\n|t:|1733785473\n|move|p1a: Volbeat|Lunge|p2a: Gardevoir\n|-damage|p2a: Gardevoir|0 fnt\n|faint|p2a: Gardevoir\n|\n|upkeep\n|\n|t:|1733785475\n|switch|p2a: Venusaur|Venusaur, L84, F|174/272\n|turn|17\n|\n|t:|1733785484\n|move|p1a: Volbeat|Lunge|p2a: Venusaur\n|-damage|p2a: Venusaur|95/272\n|-unboost|p2a: Venusaur|atk|1\n|move|p2a: Venusaur|Synthesis|p2a: Venusaur\n|-heal|p2a: Venusaur|231/272\n|\n|-heal|p2a: Venusaur|248/272|[from] item: Leftovers\n|upkeep\n|turn|18\n|\n|t:|1733785493\n|move|p1a: Volbeat|Lunge|p2a: Venusaur\n|-damage|p2a: Venusaur|164/272\n|-unboost|p2a: Venusaur|atk|1\n|move|p2a: Venusaur|Sludge Bomb|p1a: Volbeat\n|-damage|p1a: Volbeat|52/263\n|\n|-heal|p2a: Venusaur|181/272|[from] item: Leftovers\n|upkeep\n|turn|19\n|\n|t:|1733785502\n|move|p1a: Volbeat|Lunge|p2a: Venusaur\n|-damage|p2a: Venusaur|105/272\n|-unboost|p2a: Venusaur|atk|1\n|move|p2a: Venusaur|Sludge Bomb|p1a: Volbeat\n|-damage|p1a: Volbeat|0 fnt\n|faint|p1a: Volbeat\n|\n|-heal|p2a: Venusaur|122/272|[from] item: Leftovers\n|upkeep\n|\n|t:|1733785516\n|switch|p1a: Sudowoodo|Sudowoodo, L94, F|284/284\n|turn|20\n|\n|t:|1733785523\n|move|p2a: Venusaur|Sleep Powder|p1a: Sudowoodo\n|-status|p1a: Sudowoodo|slp|[from] move: Sleep Powder\n|cant|p1a: Sudowoodo|slp\n|\n|-heal|p2a: Venusaur|139/272|[from] item: Leftovers\n|upkeep\n|turn|21\n|\n|t:|1733785532\n|switch|p2a: Lilligant|Lilligant-Hisui, L79, F|240/240\n|cant|p1a: Sudowoodo|slp\n|\n|upkeep\n|turn|22\n|\n|t:|1733785542\n|switch|p1a: Oranguru|Oranguru, L92, M|315/315\n|move|p2a: Lilligant|Victory Dance|p2a: Lilligant\n|-boost|p2a: Lilligant|atk|1\n|-boost|p2a: Lilligant|def|1\n|-boost|p2a: Lilligant|spe|1\n|\n|upkeep\n|turn|23\n|\n|t:|1733785550\n|-terastallize|p2a: Lilligant|Steel\n|-terastallize|p1a: Oranguru|Fighting\n|move|p2a: Lilligant|Leaf Blade|p1a: Oranguru\n|-damage|p1a: Oranguru|120/315\n|move|p1a: Oranguru|Psychic|p2a: Lilligant\n|-resisted|p2a: Lilligant\n|-damage|p2a: Lilligant|177/240\n|\n|-heal|p1a: Oranguru|139/315|[from] item: Leftovers\n|upkeep\n|turn|24\n|\n|t:|1733785563\n|move|p2a: Lilligant|Leaf Blade|p1a: Oranguru\n|-damage|p1a: Oranguru|0 fnt\n|faint|p1a: Oranguru\n|\n|upkeep\n|\n|t:|1733785567\n|switch|p1a: Rhyperior|Rhyperior, L82, F|323/323\n|turn|25\n|\n|t:|1733785574\n|move|p2a: Lilligant|Leaf Blade|p1a: Rhyperior\n|-supereffective|p1a: Rhyperior\n|-damage|p1a: Rhyperior|0 fnt\n|faint|p1a: Rhyperior\n|\n|upkeep\n|\n|t:|1733785578\n|switch|p1a: Venomoth|Venomoth, L84, F|255/255\n|turn|26\n|\n|t:|1733785586\n|move|p2a: Lilligant|Close Combat|p1a: Venomoth\n|-resisted|p1a: Venomoth\n|-damage|p1a: Venomoth|161/255\n|-unboost|p2a: Lilligant|def|1\n|-unboost|p2a: Lilligant|spd|1\n|move|p1a: Venomoth|Sleep Powder|p2a: Lilligant\n|-status|p2a: Lilligant|slp|[from] move: Sleep Powder\n|\n|upkeep\n|turn|27\n|\n|t:|1733785595\n|switch|p2a: Minun|Minun, L95, F|45/268\n|move|p1a: Venomoth|Sleep Powder|p2a: Minun\n|-message|Sleep Clause Mod activated.\n|-hint|Sleep Clause Mod prevents players from putting more than one of their opponent's Pok\u00e9mon to sleep at a time\n|\n|upkeep\n|turn|28\n|\n|t:|1733785600\n|move|p2a: Minun|Thunderbolt|p1a: Venomoth\n|-damage|p1a: Venomoth|23/255\n|-damage|p2a: Minun|19/268|[from] item: Life Orb\n|move|p1a: Venomoth|Bug Buzz|p2a: Minun\n|-crit|p2a: Minun\n|-damage|p2a: Minun|0 fnt\n|faint|p2a: Minun\n|\n|upkeep\n|\n|t:|1733785602\n|switch|p2a: Darkrai|Darkrai, L77|186/234\n|turn|29\n|\n|t:|1733785604\n|move|p2a: Darkrai|Dark Pulse|p1a: Venomoth\n|-damage|p1a: Venomoth|0 fnt\n|faint|p1a: Venomoth\n|-damage|p2a: Darkrai|163/234|[from] item: Life Orb\n|\n|upkeep\n|\n|t:|1733785608\n|switch|p1a: Sudowoodo|Sudowoodo, L94, F|284/284 slp\n|turn|30\n|l|\u2606Fiery_eggroll\n|inactive|Fiery_eggroll disconnected and has a minute to reconnect!\n|player|p1|\n|inactive|Fiery_eggroll has 30 seconds to reconnect!\n|inactive|Fiery_eggroll has 20 seconds to reconnect!\n|inactive|Fiery_eggroll has 15 seconds to reconnect!\n|inactive|Fiery_eggroll has 10 seconds to reconnect!\n|inactive|Fiery_eggroll has 5 seconds to reconnect!\n|-message|Fiery_eggroll lost due to inactivity.\n|\n|win|ijkmnop\n|raw|Fiery_eggroll's rating: 1043 &rarr; <strong>1025</strong><br />(-18 for losing)\n|raw|ijkmnop's rating: 1000 &rarr; <strong>1045</strong><br />(+45 for winning)\n", "inputlog": ">version bfd83cad13791eb5a5a409923076391caf6fb4d4\n>start {\"formatid\":\"gen9randombattle\",\"seed\":[28757,52289,10027,60342],\"rated\":\"Rated battle\"}\n>player p1 {\"name\":\"Fiery_eggroll\",\"avatar\":\"101\",\"rating\":1043,\"seed\":[31108,60693,61801,6909]}\n>player p2 {\"name\":\"ijkmnop\",\"avatar\":\"266\",\"rating\":1000,\"seed\":[50591,13105,61424,40373]}\n>p1 move poltergeist\n>p2 move knockoff\n>p1 move poltergeist\n>p2 move sleeppowder\n>p1 move shadowsneak\n>p2 move synthesis\n>p1 move poltergeist\n>p2 move sleeppowder\n>p1 switch 6\n>p2 switch 2\n>p1 move encore\n>p2 switch 3\n>p1 move lunge\n>p2 move thunderbolt\n>p1 move roost\n>p2 move thunderbolt\n>p1 move roost\n>p2 switch 5\n>p1 move thunderwave\n>p2 move trick\n>p1 switch 6\n>p2 switch 5\n>p1 move shadowsneak\n>p2 switch 3\n>p1 move shadowsneak\n>p2 move darkpulse\n>p1 switch 6\n>p1 move lunge\n>p2 switch 5\n>p1 move lunge\n>p2 move mysticalfire\n>p1 move lunge\n>p2 move mysticalfire\n>p2 switch 2\n>p1 move lunge\n>p2 move synthesis\n>p1 move lunge\n>p2 move sludgebomb\n>p1 move lunge\n>p2 move sludgebomb\n>p1 switch 5\n>p1 move headsmash\n>p2 move sleeppowder\n>p1 move headsmash\n>p2 switch 4\n>p1 switch 3\n>p2 move victorydance\n>p1 move psychic terastallize\n>p2 move leafblade terastallize\n>p1 move focusblast\n>p2 move leafblade\n>p1 switch 2\n>p1 move megahorn\n>p2 move leafblade\n>p1 switch 4\n>p1 move sleeppowder\n>p2 move closecombat\n>p1 move sleeppowder\n>p2 switch 3\n>p1 move bugbuzz\n>p2 move thunderbolt\n>p2 switch 5\n>p1 move quiverdance\n>p2 move darkpulse\n>p1 switch 3\n>forcelose p1", "uploadtime": 1733785671, "views": 1, "formatid": "gen9randombattle", "rating": 1025, "private": 0, "password": null}