{"id": "gen9randombattle-2260696456", "format": "[Gen 9] Random Battle", "players": ["Marowak Maniac", "ZaKeltiburon"], "log": "|j|\u2606Marowak Maniac\n|j|\u2606ZaKeltiburon\n|t:|1733879648\n|gametype|singles\n|player|p1|Marowak Maniac|101|1200\n|player|p2|ZaKeltiburon|2|1260\n|teamsize|p1|6\n|teamsize|p2|6\n|gen|9\n|tier|[Gen 9] Random Battle\n|rated|\n|rule|Species Clause: Limit one of each Pok\u00e9mon\n|rule|HP Percentage Mod: HP is shown in percentages\n|rule|Sleep Clause Mod: Limit one foe put to sleep\n|rule|Illusion Level Mod: Illusion disguises the Pok\u00e9mon's true level\n|\n|t:|1733879648\n|start\n|switch|p1a: Cloyster|Cloyster, L80, F|211/211\n|switch|p2a: Volcanion|Volcanion, L79|255/255\n|turn|1\n|inactive|Battle timer is ON: inactive players will automatically lose when time's up. (requested by Marowak Maniac)\n|inactive|ZaKeltiburon has 120 seconds left.\n|\n|t:|1733879696\n|move|p1a: Cloyster|Shell Smash|p1a: Cloyster\n|-unboost|p1a: Cloyster|def|1\n|-unboost|p1a: Cloyster|spd|1\n|-boost|p1a: Cloyster|atk|2\n|-boost|p1a: Cloyster|spa|2\n|-boost|p1a: Cloyster|spe|2\n|-enditem|p1a: Cloyster|White Herb\n|-clearnegativeboost|p1a: Cloyster|[silent]\n|move|p2a: Volcanion|Flamethrower|p1a: Cloyster\n|-damage|p1a: Cloyster|19/211\n|\n|upkeep\n|turn|2\n|\n|t:|1733879720\n|-terastallize|p1a: Cloyster|Ground\n|move|p1a: Cloyster|Drill Run|p2a: Volcanion\n|-supereffective|p2a: Volcanion\n|-damage|p2a: Volcanion|3/255\n|move|p2a: Volcanion|Flamethrower|p1a: Cloyster\n|-damage|p1a: Cloyster|0 fnt\n|faint|p1a: Cloyster\n|\n|upkeep\n|\n|t:|1733879732\n|switch|p1a: Cryogonal|Cryogonal, L89|287/287\n|turn|3\n|\n|t:|1733879740\n|move|p1a: Cryogonal|Rapid Spin|p2a: Volcanion\n|-damage|p2a: Volcanion|0 fnt\n|-boost|p1a: Cryogonal|spe|1\n|faint|p2a: Volcanion\n|\n|upkeep\n|\n|t:|1733879748\n|switch|p2a: Ho-Oh|Ho-Oh, L71|268/268\n|turn|4\n|\n|t:|1733879758\n|move|p1a: Cryogonal|Freeze-Dry|p2a: Ho-Oh\n|-damage|p2a: Ho-Oh|204/268\n|move|p2a: Ho-Oh|Sacred Fire|p1a: Cryogonal\n|-supereffective|p1a: Cryogonal\n|-damage|p1a: Cryogonal|0 fnt\n|faint|p1a: Cryogonal\n|\n|upkeep\n|\n|t:|1733879766\n|switch|p1a: Hatterene|Hatterene, L85, F|236/236\n|turn|5\n|\n|t:|1733879778\n|move|p2a: Ho-Oh|Recover|p2a: Ho-Oh\n|-heal|p2a: Ho-Oh|268/268\n|move|p1a: Hatterene|Calm Mind|p1a: Hatterene\n|-boost|p1a: Hatterene|spa|1\n|-boost|p1a: Hatterene|spd|1\n|\n|upkeep\n|turn|6\n|\n|t:|1733879787\n|move|p2a: Ho-Oh|Sacred Fire|p1a: Hatterene\n|-damage|p1a: Hatterene|146/236\n|-status|p1a: Hatterene|brn\n|move|p1a: Hatterene|Calm Mind|p1a: Hatterene\n|-boost|p1a: Hatterene|spa|1\n|-boost|p1a: Hatterene|spd|1\n|\n|-heal|p1a: Hatterene|160/236 brn|[from] item: Leftovers\n|-damage|p1a: Hatterene|146/236 brn|[from] brn\n|upkeep\n|turn|7\n|\n|t:|1733879808\n|move|p2a: Ho-Oh|Sacred Fire|p1a: Hatterene\n|-damage|p1a: Hatterene|56/236 brn\n|move|p1a: Hatterene|Draining Kiss|p2a: Ho-Oh\n|-resisted|p2a: Ho-Oh\n|-damage|p2a: Ho-Oh|216/268\n|-heal|p1a: Hatterene|95/236 brn|[from] drain|[of] p2a: Ho-Oh\n|\n|-heal|p1a: Hatterene|109/236 brn|[from] item: Leftovers\n|-damage|p1a: Hatterene|95/236 brn|[from] brn\n|upkeep\n|turn|8\n|\n|t:|1733879825\n|move|p2a: Ho-Oh|Brave Bird|p1a: Hatterene\n|-damage|p1a: Hatterene|0 fnt\n|faint|p1a: Hatterene\n|-damage|p2a: Ho-Oh|185/268|[from] Recoil\n|\n|upkeep\n|\n|t:|1733879829\n|switch|p1a: Wugtrio|Wugtrio, L91, F|212/212\n|turn|9\n|\n|t:|1733879838\n|switch|p2a: Zarude|Zarude, L78|292/292\n|move|p1a: Wugtrio|Stomping Tantrum|p2a: Zarude\n|-resisted|p2a: Zarude\n|-damage|p2a: Zarude|250/292\n|\n|upkeep\n|turn|10\n|\n|t:|1733879848\n|switch|p1a: Landorus|Landorus, L75, M|257/257\n|move|p2a: Zarude|Power Whip|p1a: Landorus|[miss]\n|-miss|p2a: Zarude|p1a: Landorus\n|\n|upkeep\n|turn|11\n|\n|t:|1733879864\n|move|p2a: Zarude|Power Whip|p1a: Landorus\n|-damage|p1a: Landorus|35/257\n|move|p1a: Landorus|Nasty Plot|p1a: Landorus\n|-boost|p1a: Landorus|spa|2\n|\n|upkeep\n|turn|12\n|\n|t:|1733879872\n|move|p2a: Zarude|Power Whip|p1a: Landorus\n|-damage|p1a: Landorus|0 fnt\n|faint|p1a: Landorus\n|\n|upkeep\n|\n|t:|1733879882\n|switch|p1a: Snorlax|Snorlax, L82, F|397/397\n|turn|13\n|\n|t:|1733879891\n|switch|p2a: Regigigas|Regigigas, L84|322/322\n|-start|p2a: Regigigas|ability: Slow Start\n|move|p1a: Snorlax|Body Slam|p2a: Regigigas\n|-damage|p2a: Regigigas|244/322\n|\n|-heal|p2a: Regigigas|264/322|[from] item: Leftovers\n|upkeep\n|turn|14\n|\n|t:|1733879911\n|switch|p1a: Wugtrio|Wugtrio, L91, F|212/212\n|move|p2a: Regigigas|Protect||[still]\n|-fail|p2a: Regigigas\n|\n|-heal|p2a: Regigigas|284/322|[from] item: Leftovers\n|upkeep\n|turn|15\n|\n|t:|1733879927\n|move|p1a: Wugtrio|Stomping Tantrum|p2a: Regigigas\n|-damage|p2a: Regigigas|209/322\n|move|p2a: Regigigas|Substitute|p2a: Regigigas\n|-start|p2a: Regigigas|Substitute\n|-damage|p2a: Regigigas|129/322\n|\n|-heal|p2a: Regigigas|149/322|[from] item: Leftovers\n|upkeep\n|turn|16\n|\n|t:|1733879940\n|move|p1a: Wugtrio|Stomping Tantrum|p2a: Regigigas\n|-crit|p2a: Regigigas\n|-end|p2a: Regigigas|Substitute\n|move|p2a: Regigigas|Body Slam|p1a: Wugtrio\n|-damage|p1a: Wugtrio|119/212\n|-status|p1a: Wugtrio|par\n|-ability|p1a: Wugtrio|Gooey\n|-unboost|p2a: Regigigas|spe|1\n|\n|-heal|p2a: Regigigas|169/322|[from] item: Leftovers\n|upkeep\n|turn|17\n|\n|t:|1733879953\n|move|p2a: Regigigas|Protect|p2a: Regigigas\n|-singleturn|p2a: Regigigas|Protect\n|cant|p1a: Wugtrio|par\n|\n|-heal|p2a: Regigigas|189/322|[from] item: Leftovers\n|upkeep\n|turn|18\n|\n|t:|1733879961\n|cant|p1a: Wugtrio|par\n|move|p2a: Regigigas|Body Slam|p1a: Wugtrio\n|-damage|p1a: Wugtrio|35/212 par\n|-ability|p1a: Wugtrio|Gooey\n|-unboost|p2a: Regigigas|spe|1\n|\n|-heal|p2a: Regigigas|209/322|[from] item: Leftovers\n|-end|p2a: Regigigas|Slow Start\n|upkeep\n|turn|19\n|\n|t:|1733879978\n|move|p2a: Regigigas|Protect|p2a: Regigigas\n|-singleturn|p2a: Regigigas|Protect\n|move|p1a: Wugtrio|Stomping Tantrum|p2a: Regigigas\n|-activate|p2a: Regigigas|move: Protect\n|\n|-heal|p2a: Regigigas|229/322|[from] item: Leftovers\n|upkeep\n|turn|20\n|\n|t:|1733879988\n|move|p1a: Wugtrio|Stomping Tantrum|p2a: Regigigas\n|-damage|p2a: Regigigas|148/322\n|move|p2a: Regigigas|Knock Off|p1a: Wugtrio\n|-damage|p1a: Wugtrio|0 fnt\n|-ability|p1a: Wugtrio|Gooey\n|-unboost|p2a: Regigigas|spe|1\n|-enditem|p1a: Wugtrio|Choice Band|[from] move: Knock Off|[of] p2a: Regigigas\n|faint|p1a: Wugtrio\n|\n|-heal|p2a: Regigigas|168/322|[from] item: Leftovers\n|upkeep\n|\n|t:|1733879992\n|switch|p1a: Snorlax|Snorlax, L82, F|397/397\n|turn|21\n|\n|t:|1733880003\n|move|p2a: Regigigas|Protect|p2a: Regigigas\n|-singleturn|p2a: Regigigas|Protect\n|move|p1a: Snorlax|Body Slam|p2a: Regigigas\n|-activate|p2a: Regigigas|move: Protect\n|\n|-heal|p2a: Regigigas|188/322|[from] item: Leftovers\n|upkeep\n|turn|22\n|\n|t:|1733880012\n|move|p1a: Snorlax|Body Slam|p2a: Regigigas\n|-damage|p2a: Regigigas|110/322\n|-status|p2a: Regigigas|par\n|move|p2a: Regigigas|Knock Off|p1a: Snorlax\n|-damage|p1a: Snorlax|269/397\n|-enditem|p1a: Snorlax|Leftovers|[from] move: Knock Off|[of] p2a: Regigigas\n|\n|-heal|p2a: Regigigas|130/322 par|[from] item: Leftovers\n|upkeep\n|turn|23\n|\n|t:|1733880023\n|move|p2a: Regigigas|Protect|p2a: Regigigas\n|-singleturn|p2a: Regigigas|Protect\n|move|p1a: Snorlax|Body Slam|p2a: Regigigas\n|-activate|p2a: Regigigas|move: Protect\n|\n|-heal|p2a: Regigigas|150/322 par|[from] item: Leftovers\n|upkeep\n|turn|24\n|\n|t:|1733880032\n|-terastallize|p2a: Regigigas|Ghost\n|move|p1a: Snorlax|Body Slam|p2a: Regigigas\n|-immune|p2a: Regigigas\n|cant|p2a: Regigigas|par\n|\n|-heal|p2a: Regigigas|170/322 par|[from] item: Leftovers\n|upkeep\n|turn|25\n|\n|t:|1733880044\n|move|p1a: Snorlax|Curse|p1a: Snorlax\n|-unboost|p1a: Snorlax|spe|1\n|-boost|p1a: Snorlax|atk|1\n|-boost|p1a: Snorlax|def|1\n|cant|p2a: Regigigas|par\n|\n|-heal|p2a: Regigigas|190/322 par|[from] item: Leftovers\n|upkeep\n|turn|26\n|\n|t:|1733880053\n|move|p1a: Snorlax|Body Slam|p2a: Regigigas\n|-immune|p2a: Regigigas\n|move|p2a: Regigigas|Body Slam|p1a: Snorlax\n|-damage|p1a: Snorlax|155/397\n|\n|-heal|p2a: Regigigas|210/322 par|[from] item: Leftovers\n|upkeep\n|turn|27\n|\n|t:|1733880062\n|move|p1a: Snorlax|Rest|p1a: Snorlax\n|-status|p1a: Snorlax|slp|[from] move: Rest\n|-heal|p1a: Snorlax|397/397 slp|[silent]\n|move|p2a: Regigigas|Body Slam|p1a: Snorlax\n|-damage|p1a: Snorlax|288/397 slp\n|\n|-heal|p2a: Regigigas|230/322 par|[from] item: Leftovers\n|upkeep\n|turn|28\n|\n|t:|1733880072\n|cant|p1a: Snorlax|slp\n|move|p1a: Snorlax|Sleep Talk|p1a: Snorlax\n|move|p1a: Snorlax|Curse|p1a: Snorlax|[from]move: Sleep Talk\n|-unboost|p1a: Snorlax|spe|1\n|-boost|p1a: Snorlax|atk|1\n|-boost|p1a: Snorlax|def|1\n|move|p2a: Regigigas|Body Slam|p1a: Snorlax\n|-damage|p1a: Snorlax|201/397 slp\n|\n|-heal|p2a: Regigigas|250/322 par|[from] item: Leftovers\n|upkeep\n|turn|29\n|\n|t:|1733880085\n|cant|p1a: Snorlax|slp\n|move|p1a: Snorlax|Sleep Talk|p1a: Snorlax\n|move|p1a: Snorlax|Curse|p1a: Snorlax|[from]move: Sleep Talk\n|-unboost|p1a: Snorlax|spe|1\n|-boost|p1a: Snorlax|atk|1\n|-boost|p1a: Snorlax|def|1\n|move|p2a: Regigigas|Body Slam|p1a: Snorlax\n|-damage|p1a: Snorlax|135/397 slp\n|\n|-heal|p2a: Regigigas|270/322 par|[from] item: Leftovers\n|upkeep\n|turn|30\n|\n|t:|1733880098\n|-end|p2a: Regigigas|Slow Start|[silent]\n|switch|p2a: Ho-Oh|Ho-Oh, L71|268/268\n|-curestatus|p1a: Snorlax|slp|[msg]\n|move|p1a: Snorlax|Sleep Talk||[still]\n|-fail|p1a: Snorlax\n|\n|upkeep\n|turn|31\n|\n|t:|1733880106\n|move|p2a: Ho-Oh|Sacred Fire|p1a: Snorlax\n|-damage|p1a: Snorlax|111/397\n|-status|p1a: Snorlax|brn\n|move|p1a: Snorlax|Rest|p1a: Snorlax\n|-status|p1a: Snorlax|slp|[from] move: Rest\n|-heal|p1a: Snorlax|397/397 slp|[silent]\n|\n|upkeep\n|turn|32\n|\n|t:|1733880119\n|move|p2a: Ho-Oh|Brave Bird|p1a: Snorlax\n|-crit|p1a: Snorlax\n|-damage|p1a: Snorlax|165/397 slp\n|-damage|p2a: Ho-Oh|191/268|[from] Recoil\n|cant|p1a: Snorlax|slp\n|move|p1a: Snorlax|Sleep Talk|p1a: Snorlax\n|move|p1a: Snorlax|Curse|p1a: Snorlax|[from]move: Sleep Talk\n|-unboost|p1a: Snorlax|spe|1\n|-boost|p1a: Snorlax|atk|1\n|-boost|p1a: Snorlax|def|1\n|\n|upkeep\n|turn|33\n|\n|t:|1733880131\n|move|p2a: Ho-Oh|Brave Bird|p1a: Snorlax\n|-damage|p1a: Snorlax|111/397 slp\n|-damage|p2a: Ho-Oh|173/268|[from] Recoil\n|cant|p1a: Snorlax|slp\n|move|p1a: Snorlax|Sleep Talk|p1a: Snorlax\n|move|p1a: Snorlax|Body Slam|p2a: Ho-Oh|[from]move: Sleep Talk\n|-damage|p2a: Ho-Oh|0 fnt\n|faint|p2a: Ho-Oh\n|\n|upkeep\n|\n|t:|1733880144\n|switch|p2a: Mabosstiff|Mabosstiff, L86, M|278/278\n|turn|34\n|\n|t:|1733880156\n|move|p2a: Mabosstiff|Wild Charge|p1a: Snorlax\n|-damage|p1a: Snorlax|78/397 slp\n|-damage|p2a: Mabosstiff|270/278|[from] Recoil\n|-curestatus|p1a: Snorlax|slp|[msg]\n|move|p1a: Snorlax|Rest|p1a: Snorlax\n|-status|p1a: Snorlax|slp|[from] move: Rest\n|-heal|p1a: Snorlax|397/397 slp|[silent]\n|\n|upkeep\n|turn|35\n|\n|t:|1733880169\n|move|p2a: Mabosstiff|Wild Charge|p1a: Snorlax\n|-damage|p1a: Snorlax|361/397 slp\n|-damage|p2a: Mabosstiff|261/278|[from] Recoil\n|cant|p1a: Snorlax|slp\n|move|p1a: Snorlax|Sleep Talk|p1a: Snorlax\n|move|p1a: Snorlax|Rest||[from]move: Sleep Talk|[still]\n|-fail|p1a: Snorlax\n|\n|upkeep\n|turn|36\n|\n|t:|1733880180\n|switch|p2a: Regigigas|Regigigas, L84, tera:Ghost|270/322 par\n|-start|p2a: Regigigas|ability: Slow Start\n|cant|p1a: Snorlax|slp\n|move|p1a: Snorlax|Sleep Talk|p1a: Snorlax\n|move|p1a: Snorlax|Curse|p1a: Snorlax|[from]move: Sleep Talk\n|-unboost|p1a: Snorlax|spe|1\n|-boost|p1a: Snorlax|atk|1\n|-boost|p1a: Snorlax|def|1\n|\n|-heal|p2a: Regigigas|290/322 par|[from] item: Leftovers\n|upkeep\n|turn|37\n|\n|t:|1733880195\n|move|p2a: Regigigas|Body Slam|p1a: Snorlax\n|-damage|p1a: Snorlax|337/397 slp\n|-curestatus|p1a: Snorlax|slp|[msg]\n|move|p1a: Snorlax|Sleep Talk||[still]\n|-fail|p1a: Snorlax\n|\n|-heal|p2a: Regigigas|310/322 par|[from] item: Leftovers\n|upkeep\n|turn|38\n|\n|t:|1733880205\n|move|p2a: Regigigas|Body Slam|p1a: Snorlax\n|-damage|p1a: Snorlax|312/397\n|move|p1a: Snorlax|Body Slam|p2a: Regigigas\n|-immune|p2a: Regigigas\n|\n|-heal|p2a: Regigigas|322/322 par|[from] item: Leftovers\n|upkeep\n|turn|39\n|\n|t:|1733880214\n|move|p2a: Regigigas|Body Slam|p1a: Snorlax\n|-damage|p1a: Snorlax|287/397\n|move|p1a: Snorlax|Body Slam|p2a: Regigigas\n|-immune|p2a: Regigigas\n|\n|upkeep\n|turn|40\n|\n|t:|1733880221\n|cant|p2a: Regigigas|par\n|move|p1a: Snorlax|Curse|p1a: Snorlax\n|-unboost|p1a: Snorlax|spe|1\n|-boost|p1a: Snorlax|atk|1\n|-boost|p1a: Snorlax|def|1\n|\n|upkeep\n|turn|41\n|\n|t:|1733880228\n|move|p2a: Regigigas|Body Slam|p1a: Snorlax\n|-damage|p1a: Snorlax|265/397\n|move|p1a: Snorlax|Curse|p1a: Snorlax\n|\n|-end|p2a: Regigigas|Slow Start\n|upkeep\n|turn|42\n|\n|t:|1733880236\n|cant|p2a: Regigigas|par\n|move|p1a: Snorlax|Curse|p1a: Snorlax\n|\n|upkeep\n|turn|43\n|\n|t:|1733880243\n|cant|p2a: Regigigas|par\n|move|p1a: Snorlax|Body Slam|p2a: Regigigas\n|-immune|p2a: Regigigas\n|\n|upkeep\n|turn|44\n|\n|t:|1733880249\n|move|p2a: Regigigas|Body Slam|p1a: Snorlax\n|-damage|p1a: Snorlax|220/397\n|move|p1a: Snorlax|Curse|p1a: Snorlax\n|\n|upkeep\n|turn|45\n|\n|t:|1733880255\n|move|p2a: Regigigas|Body Slam|p1a: Snorlax\n|-damage|p1a: Snorlax|178/397\n|move|p1a: Snorlax|Rest|p1a: Snorlax\n|-status|p1a: Snorlax|slp|[from] move: Rest\n|-heal|p1a: Snorlax|397/397 slp|[silent]\n|\n|upkeep\n|turn|46\n|c|\u2606ZaKeltiburon|XD ure so idiot\n|\n|t:|1733880284\n|move|p2a: Regigigas|Body Slam|p1a: Snorlax\n|-damage|p1a: Snorlax|352/397 slp\n|cant|p1a: Snorlax|slp\n|\n|upkeep\n|turn|47\n|inactive|Marowak Maniac has 120 seconds left.\n|c|\u2606Marowak Maniac|I will last\n|\n|t:|1733880311\n|move|p2a: Regigigas|Body Slam|p1a: Snorlax\n|-damage|p1a: Snorlax|312/397 slp\n|cant|p1a: Snorlax|slp\n|\n|upkeep\n|turn|48\n|\n|t:|1733880321\n|move|p2a: Regigigas|Body Slam|p1a: Snorlax\n|-damage|p1a: Snorlax|264/397 slp\n|-curestatus|p1a: Snorlax|slp|[msg]\n|move|p1a: Snorlax|Curse|p1a: Snorlax\n|\n|upkeep\n|turn|49\n|inactive|Marowak Maniac has 120 seconds left.\n|\n|t:|1733880343\n|move|p2a: Regigigas|Body Slam|p1a: Snorlax\n|-damage|p1a: Snorlax|219/397\n|-status|p1a: Snorlax|par\n|cant|p1a: Snorlax|par\n|\n|upkeep\n|turn|50\n|\n|t:|1733880352\n|cant|p2a: Regigigas|par\n|cant|p1a: Snorlax|par\n|\n|upkeep\n|turn|51\n|\n|t:|1733880362\n|move|p2a: Regigigas|Body Slam|p1a: Snorlax\n|-damage|p1a: Snorlax|179/397 par\n|move|p1a: Snorlax|Rest|p1a: Snorlax\n|-status|p1a: Snorlax|slp|[from] move: Rest\n|-heal|p1a: Snorlax|397/397 slp|[silent]\n|\n|upkeep\n|turn|52\n|\n|t:|1733880370\n|-end|p2a: Regigigas|Slow Start|[silent]\n|switch|p2a: Ribombee|Ribombee, L82, F|233/233\n|cant|p1a: Snorlax|slp\n|\n|upkeep\n|turn|53\n|inactive|Marowak Maniac has 120 seconds left.\n|\n|t:|1733880382\n|move|p2a: Ribombee|Bug Buzz|p1a: Snorlax\n|-damage|p1a: Snorlax|324/397 slp\n|cant|p1a: Snorlax|slp\n|move|p1a: Snorlax|Sleep Talk|p1a: Snorlax\n|move|p1a: Snorlax|Rest||[from]move: Sleep Talk|[still]\n|-fail|p1a: Snorlax\n|\n|upkeep\n|turn|54\n|\n|t:|1733880395\n|move|p2a: Ribombee|Moonblast|p1a: Snorlax\n|-damage|p1a: Snorlax|242/397 slp\n|-curestatus|p1a: Snorlax|slp|[msg]\n|move|p1a: Snorlax|Sleep Talk||[still]\n|-fail|p1a: Snorlax\n|\n|upkeep\n|turn|55\n|\n|t:|1733880403\n|switch|p2a: Regigigas|Regigigas, L84, tera:Ghost|322/322 par\n|-start|p2a: Regigigas|ability: Slow Start\n|move|p1a: Snorlax|Body Slam|p2a: Regigigas\n|-immune|p2a: Regigigas\n|\n|upkeep\n|turn|56\n|\n|t:|1733880412\n|cant|p2a: Regigigas|par\n|move|p1a: Snorlax|Curse|p1a: Snorlax\n|\n|upkeep\n|turn|57\n|\n|t:|1733880418\n|move|p2a: Regigigas|Body Slam|p1a: Snorlax\n|-damage|p1a: Snorlax|218/397\n|move|p1a: Snorlax|Curse|p1a: Snorlax\n|\n|upkeep\n|turn|58\n|\n|t:|1733880423\n|cant|p2a: Regigigas|par\n|move|p1a: Snorlax|Curse|p1a: Snorlax\n|\n|upkeep\n|turn|59\n|\n|t:|1733880431\n|move|p2a: Regigigas|Body Slam|p1a: Snorlax\n|-damage|p1a: Snorlax|193/397\n|move|p1a: Snorlax|Curse|p1a: Snorlax\n|\n|upkeep\n|turn|60\n|\n|t:|1733880444\n|cant|p2a: Regigigas|par\n|move|p1a: Snorlax|Curse|p1a: Snorlax\n|\n|-end|p2a: Regigigas|Slow Start\n|upkeep\n|turn|61\n|\n|t:|1733880456\n|move|p2a: Regigigas|Knock Off|p1a: Snorlax\n|-crit|p1a: Snorlax\n|-damage|p1a: Snorlax|54/397\n|move|p1a: Snorlax|Curse|p1a: Snorlax\n|\n|upkeep\n|turn|62\n|\n|t:|1733880461\n|move|p2a: Regigigas|Knock Off|p1a: Snorlax\n|-damage|p1a: Snorlax|30/397\n|move|p1a: Snorlax|Rest|p1a: Snorlax\n|-status|p1a: Snorlax|slp|[from] move: Rest\n|-heal|p1a: Snorlax|397/397 slp|[silent]\n|\n|upkeep\n|turn|63\n|inactive|Marowak Maniac has 120 seconds left.\n|c|\u2606ZaKeltiburon|U have to kiII urself\n|inactive|Marowak Maniac has 90 seconds left.\n|inactive|Marowak Maniac has 60 seconds left.\n|\n|t:|1733880564\n|-end|p2a: Regigigas|Slow Start|[silent]\n|switch|p2a: Ribombee|Ribombee, L82, F|233/233\n|cant|p1a: Snorlax|slp\n|\n|upkeep\n|turn|64\n|\n|t:|1733880582\n|move|p2a: Ribombee|Bug Buzz|p1a: Snorlax\n|-damage|p1a: Snorlax|315/397 slp\n|cant|p1a: Snorlax|slp\n|move|p1a: Snorlax|Sleep Talk|p1a: Snorlax\n|move|p1a: Snorlax|Body Slam|p2a: Ribombee|[from]move: Sleep Talk\n|-damage|p2a: Ribombee|0 fnt\n|faint|p2a: Ribombee\n|\n|upkeep\n|\n|t:|1733880600\n|switch|p2a: Zarude|Zarude, L78|250/292\n|turn|65\n|\n|t:|1733880618\n|move|p2a: Zarude|Close Combat|p1a: Snorlax\n|-supereffective|p1a: Snorlax\n|-damage|p1a: Snorlax|223/397 slp\n|-unboost|p2a: Zarude|def|1\n|-unboost|p2a: Zarude|spd|1\n|-curestatus|p1a: Snorlax|slp|[msg]\n|move|p1a: Snorlax|Body Slam|p2a: Zarude\n|-damage|p2a: Zarude|0 fnt\n|faint|p2a: Zarude\n|\n|upkeep\n|\n|t:|1733880629\n|switch|p2a: Mabosstiff|Mabosstiff, L86, M|261/278\n|turn|66\n|\n|t:|1733880654\n|move|p2a: Mabosstiff|Crunch|p1a: Snorlax\n|-damage|p1a: Snorlax|187/397\n|move|p1a: Snorlax|Body Slam|p2a: Mabosstiff\n|-damage|p2a: Mabosstiff|0 fnt\n|faint|p2a: Mabosstiff\n|\n|upkeep\n|\n|t:|1733880661\n|switch|p2a: Regigigas|Regigigas, L84, tera:Ghost|322/322 par\n|-start|p2a: Regigigas|ability: Slow Start\n|turn|67\n|\n|t:|1733880675\n|cant|p2a: Regigigas|par\n|move|p1a: Snorlax|Sleep Talk||[still]\n|-fail|p1a: Snorlax\n|\n|upkeep\n|turn|68\n|\n|t:|1733880680\n|move|p2a: Regigigas|Knock Off|p1a: Snorlax\n|-damage|p1a: Snorlax|175/397\n|move|p1a: Snorlax|Curse|p1a: Snorlax\n|\n|upkeep\n|turn|69\n|\n|t:|1733880686\n|cant|p2a: Regigigas|par\n|move|p1a: Snorlax|Curse|p1a: Snorlax\n|\n|upkeep\n|turn|70\n|inactive|Marowak Maniac has 60 seconds left.\n|\n|t:|1733880693\n|move|p2a: Regigigas|Body Slam|p1a: Snorlax\n|-damage|p1a: Snorlax|153/397\n|move|p1a: Snorlax|Curse|p1a: Snorlax\n|\n|upkeep\n|turn|71\n|\n|t:|1733880698\n|move|p2a: Regigigas|Body Slam|p1a: Snorlax\n|-damage|p1a: Snorlax|129/397\n|move|p1a: Snorlax|Curse|p1a: Snorlax\n|\n|-end|p2a: Regigigas|Slow Start\n|upkeep\n|turn|72\n|inactive|Marowak Maniac has 60 seconds left.\n|c|\u2606ZaKeltiburon|URE gonna loose, cuz u're a looser\n|inactive|Marowak Maniac has 30 seconds left.\n|\n|t:|1733880755\n|move|p2a: Regigigas|Body Slam|p1a: Snorlax\n|-damage|p1a: Snorlax|83/397\n|-status|p1a: Snorlax|par\n|move|p1a: Snorlax|Rest|p1a: Snorlax\n|-status|p1a: Snorlax|slp|[from] move: Rest\n|-heal|p1a: Snorlax|397/397 slp|[silent]\n|\n|upkeep\n|turn|73\n|inactive|Marowak Maniac has 30 seconds left.\n|inactive|Marowak Maniac has 20 seconds left.\n|\n|t:|1733880773\n|move|p2a: Regigigas|Knock Off|p1a: Snorlax\n|-damage|p1a: Snorlax|376/397 slp\n|cant|p1a: Snorlax|slp\n|\n|upkeep\n|turn|74\n|inactive|Marowak Maniac has 30 seconds left this turn.\n|\n|t:|1733880778\n|cant|p2a: Regigigas|par\n|cant|p1a: Snorlax|slp\n|\n|upkeep\n|turn|75\n|\n|t:|1733880783\n|move|p2a: Regigigas|Knock Off|p1a: Snorlax\n|-damage|p1a: Snorlax|352/397 slp\n|-curestatus|p1a: Snorlax|slp|[msg]\n|move|p1a: Snorlax|Body Slam|p2a: Regigigas\n|-immune|p2a: Regigigas\n|\n|upkeep\n|turn|76\n|\n|t:|1733880792\n|cant|p2a: Regigigas|par\n|move|p1a: Snorlax|Body Slam|p2a: Regigigas\n|-immune|p2a: Regigigas\n|\n|upkeep\n|turn|77\n|\n|t:|1733880798\n|move|p2a: Regigigas|Protect|p2a: Regigigas\n|-singleturn|p2a: Regigigas|Protect\n|move|p1a: Snorlax|Body Slam|p2a: Regigigas\n|-activate|p2a: Regigigas|move: Protect\n|\n|upkeep\n|turn|78\n|\n|t:|1733880808\n|cant|p2a: Regigigas|par\n|move|p1a: Snorlax|Sleep Talk||[still]\n|-fail|p1a: Snorlax\n|\n|upkeep\n|turn|79\n|\n|t:|1733880814\n|cant|p2a: Regigigas|par\n|move|p1a: Snorlax|Sleep Talk||[still]\n|-fail|p1a: Snorlax\n|\n|upkeep\n|turn|80\n|\n|t:|1733880821\n|move|p2a: Regigigas|Substitute|p2a: Regigigas\n|-start|p2a: Regigigas|Substitute\n|-damage|p2a: Regigigas|242/322 par\n|move|p1a: Snorlax|Sleep Talk||[still]\n|-fail|p1a: Snorlax\n|\n|-heal|p2a: Regigigas|262/322 par|[from] item: Leftovers\n|upkeep\n|turn|81\n|\n|t:|1733880833\n|cant|p2a: Regigigas|par\n|move|p1a: Snorlax|Body Slam|p2a: Regigigas\n|-immune|p2a: Regigigas\n|\n|-heal|p2a: Regigigas|282/322 par|[from] item: Leftovers\n|upkeep\n|turn|82\n|\n|t:|1733880842\n|move|p2a: Regigigas|Knock Off|p1a: Snorlax\n|-damage|p1a: Snorlax|330/397\n|move|p1a: Snorlax|Sleep Talk||[still]\n|-fail|p1a: Snorlax\n|\n|-heal|p2a: Regigigas|302/322 par|[from] item: Leftovers\n|upkeep\n|turn|83\n|inactive|Marowak Maniac has 60 seconds left.\n|c|\u2606ZaKeltiburon|l HOPE U DlE\n|inactive|Marowak Maniac has 30 seconds left.\n|\n|t:|1733880908\n|move|p2a: Regigigas|Knock Off|p1a: Snorlax\n|-damage|p1a: Snorlax|308/397\n|move|p1a: Snorlax|Body Slam|p2a: Regigigas\n|-immune|p2a: Regigigas\n|\n|-heal|p2a: Regigigas|322/322 par|[from] item: Leftovers\n|upkeep\n|turn|84\n|inactive|Marowak Maniac has 30 seconds left.\n|inactive|Marowak Maniac has 20 seconds left.\n|inactive|Marowak Maniac has 15 seconds left.\n|inactive|Marowak Maniac has 10 seconds left.\n|\n|t:|1733880934\n|cant|p2a: Regigigas|par\n|move|p1a: Snorlax|Body Slam|p2a: Regigigas\n|-immune|p2a: Regigigas\n|\n|upkeep\n|turn|85\n|inactive|Marowak Maniac has 20 seconds left this turn.\n|inactive|Marowak Maniac has 15 seconds left.\n|inactive|Marowak Maniac has 10 seconds left.\n|inactive|Marowak Maniac has 5 seconds left.\n|\n|t:|1733880949\n|move|p2a: Regigigas|Knock Off|p1a: Snorlax\n|-damage|p1a: Snorlax|285/397\n|move|p1a: Snorlax|Body Slam|p2a: Regigigas\n|-immune|p2a: Regigigas\n|\n|upkeep\n|turn|86\n|inactive|Marowak Maniac has 15 seconds left this turn.\n|inactive|Marowak Maniac has 10 seconds left.\n|inactive|Marowak Maniac has 5 seconds left.\n|\n|t:|1733880963\n|move|p2a: Regigigas|Knock Off|p1a: Snorlax\n|-damage|p1a: Snorlax|264/397\n|move|p1a: Snorlax|Body Slam|p2a: Regigigas\n|-immune|p2a: Regigigas\n|\n|upkeep\n|turn|87\n|inactive|Marowak Maniac has 15 seconds left this turn.\n|inactive|Marowak Maniac has 10 seconds left.\n|inactive|Marowak Maniac has 5 seconds left.\n|\n|t:|1733880978\n|move|p2a: Regigigas|Knock Off|p1a: Snorlax\n|-damage|p1a: Snorlax|241/397\n|move|p1a: Snorlax|Body Slam|p2a: Regigigas\n|-immune|p2a: Regigigas\n|\n|upkeep\n|turn|88\n|inactive|Marowak Maniac has 15 seconds left this turn.\n|inactive|Marowak Maniac has 10 seconds left.\n|inactive|Marowak Maniac has 5 seconds left.\n|\n|t:|1733880992\n|move|p2a: Regigigas|Knock Off|p1a: Snorlax\n|-damage|p1a: Snorlax|219/397\n|move|p1a: Snorlax|Body Slam|p2a: Regigigas\n|-immune|p2a: Regigigas\n|\n|upkeep\n|turn|89\n|inactive|Marowak Maniac has 15 seconds left this turn.\n|inactive|Marowak Maniac has 10 seconds left.\n|inactive|Marowak Maniac has 5 seconds left.\n|\n|t:|1733881006\n|move|p2a: Regigigas|Body Slam|p1a: Snorlax\n|-damage|p1a: Snorlax|174/397\n|-status|p1a: Snorlax|par\n|cant|p1a: Snorlax|par\n|\n|upkeep\n|turn|90\n|inactive|Marowak Maniac has 15 seconds left this turn.\n|inactive|Marowak Maniac has 10 seconds left.\n|inactive|Marowak Maniac has 5 seconds left.\n|\n|t:|1733881021\n|move|p2a: Regigigas|Knock Off|p1a: Snorlax\n|-damage|p1a: Snorlax|151/397 par\n|move|p1a: Snorlax|Rest|p1a: Snorlax\n|-status|p1a: Snorlax|slp|[from] move: Rest\n|-heal|p1a: Snorlax|397/397 slp|[silent]\n|\n|upkeep\n|turn|91\n|inactive|Marowak Maniac has 10 seconds left this turn.\n|n|\u203dZaKeltiburon|zakeltiburon\n|inactive|Marowak Maniac has 5 seconds left.\n|\n|t:|1733881035\n|move|p2a: Regigigas|Knock Off|p1a: Snorlax\n|-crit|p1a: Snorlax\n|-damage|p1a: Snorlax|258/397 slp\n|cant|p1a: Snorlax|slp\n|\n|upkeep\n|turn|92\n|inactive|Marowak Maniac has 10 seconds left this turn.\n|inactive|Marowak Maniac has 5 seconds left.\n|\n|t:|1733881042\n|cant|p2a: Regigigas|par\n|cant|p1a: Snorlax|slp\n|\n|upkeep\n|turn|93\n|inactive|Marowak Maniac has 10 seconds left this turn.\n|\n|t:|1733881047\n|cant|p2a: Regigigas|par\n|-curestatus|p1a: Snorlax|slp|[msg]\n|move|p1a: Snorlax|Body Slam|p2a: Regigigas\n|-immune|p2a: Regigigas\n|\n|upkeep\n|turn|94\n|inactive|Marowak Maniac has 15 seconds left this turn.\n|inactive|Marowak Maniac has 10 seconds left.\n|\n|t:|1733881054\n|move|p2a: Regigigas|Knock Off|p1a: Snorlax\n|-damage|p1a: Snorlax|235/397\n|move|p1a: Snorlax|Body Slam|p2a: Regigigas\n|-immune|p2a: Regigigas\n|\n|upkeep\n|turn|95\n|inactive|Marowak Maniac has 15 seconds left this turn.\n|inactive|Marowak Maniac has 10 seconds left.\n|inactive|Marowak Maniac has 5 seconds left.\n|\n|t:|1733881068\n|move|p2a: Regigigas|Body Slam|p1a: Snorlax\n|-damage|p1a: Snorlax|189/397\n|-activate|p1a: Snorlax|move: Struggle\n|move|p1a: Snorlax|Struggle|p2a: Regigigas\n|-end|p2a: Regigigas|Substitute\n|-damage|p1a: Snorlax|90/397|[from] recoil\n|\n|upkeep\n|turn|96\n|inactive|Marowak Maniac has 10 seconds left this turn.\n|inactive|Marowak Maniac has 5 seconds left.\n|\n|t:|1733881076\n|cant|p2a: Regigigas|par\n|-activate|p1a: Snorlax|move: Struggle\n|move|p1a: Snorlax|Struggle|p2a: Regigigas\n|-damage|p2a: Regigigas|208/322 par\n|-damage|p1a: Snorlax|0 fnt|[from] recoil\n|faint|p1a: Snorlax\n|\n|win|ZaKeltiburon\n|inactive|Marowak Maniac has 10 seconds left this turn.\n", "inputlog": ">version bfd83cad13791eb5a5a409923076391caf6fb4d4\n>start {\"formatid\":\"gen9randombattle\",\"seed\":[60884,47676,27197,19868],\"rated\":\"Rated battle\"}\n>player p1 {\"name\":\"Marowak Maniac\",\"avatar\":\"101\",\"rating\":1200,\"seed\":[28757,65522,51402,34278]}\n>player p2 {\"name\":\"ZaKeltiburon\",\"avatar\":\"2\",\"rating\":1260,\"seed\":[39417,46364,42448,59120]}\n>p1 move shellsmash\n>p2 move flamethrower\n>p1 move drillrun terastallize\n>p2 move flamethrower\n>p1 switch 3\n>p1 move rapidspin\n>p2 move flamethrower\n>p2 switch 2\n>p1 move freezedry\n>p2 move sacredfire\n>p1 switch 5\n>p1 move calmmind\n>p2 move recover\n>p1 move calmmind\n>p2 move sacredfire\n>p1 move drainingkiss\n>p2 move sacredfire\n>p1 move psychic\n>p2 move bravebird\n>p1 switch 6\n>p1 move stompingtantrum\n>p2 switch 3\n>p1 switch 2\n>p2 move powerwhip\n>p1 move nastyplot\n>p2 move powerwhip\n>p1 move sludgewave\n>p2 move powerwhip\n>p1 switch 4\n>p1 move bodyslam\n>p2 switch 5\n>p1 switch 2\n>p2 move protect\n>p1 move stompingtantrum\n>p2 move substitute\n>p1 move stompingtantrum\n>p2 move bodyslam\n>p1 move stompingtantrum\n>p2 move protect\n>p1 move stompingtantrum\n>p2 move bodyslam\n>p1 move stompingtantrum\n>p2 move protect\n>p1 move stompingtantrum\n>p2 move knockoff\n>p1 switch 2\n>p1 move bodyslam\n>p2 move protect\n>p1 move bodyslam\n>p2 move knockoff\n>p1 move bodyslam\n>p2 move protect\n>p1 move bodyslam\n>p2 move bodyslam terastallize\n>p1 move curse\n>p2 move bodyslam\n>p1 move bodyslam\n>p2 move bodyslam\n>p1 move rest\n>p2 move bodyslam\n>p1 move sleeptalk\n>p2 move bodyslam\n>p1 move sleeptalk\n>p2 move bodyslam\n>p1 move sleeptalk\n>p2 switch 3\n>p1 move rest\n>p2 move sacredfire\n>p1 move sleeptalk\n>p2 move bravebird\n>p1 move sleeptalk\n>p2 move bravebird\n>p2 switch 6\n>p1 move rest\n>p2 move wildcharge\n>p1 move sleeptalk\n>p2 move wildcharge\n>p1 move sleeptalk\n>p2 switch 3\n>p1 move sleeptalk\n>p2 move bodyslam\n>p1 move bodyslam\n>p2 move bodyslam\n>p1 move bodyslam\n>p2 move bodyslam\n>p1 move curse\n>p2 move bodyslam\n>p1 move curse\n>p2 move bodyslam\n>p1 move curse\n>p2 move bodyslam\n>p1 move bodyslam\n>p2 move bodyslam\n>p1 move curse\n>p2 move bodyslam\n>p1 move rest\n>p2 move bodyslam\n>chat \u2606ZaKeltiburon|XD ure so idiot\n>p1 move bodyslam\n>p2 move bodyslam\n>chat \u2606Marowak Maniac|I will last\n>p1 move bodyslam\n>p2 move bodyslam\n>p1 move curse\n>p2 move bodyslam\n>p1 move bodyslam\n>p2 move bodyslam\n>p1 move rest\n>p2 move bodyslam\n>p1 move rest\n>p2 move bodyslam\n>p1 move bodyslam\n>p2 switch 4\n>p1 move sleeptalk\n>p2 move bugbuzz\n>p1 move sleeptalk\n>p2 move moonblast\n>p1 move bodyslam\n>p2 switch 4\n>p1 move curse\n>p2 move bodyslam\n>p1 move curse\n>p2 move bodyslam\n>p1 move curse\n>p2 move bodyslam\n>p1 move curse\n>p2 move bodyslam\n>p1 move curse\n>p2 move knockoff\n>p1 move curse\n>p2 move knockoff\n>p1 move rest\n>p2 move knockoff\n>chat \u2606ZaKeltiburon|U have to kiII urself\n>p1 move bodyslam\n>p2 switch 4\n>p1 move sleeptalk\n>p2 move bugbuzz\n>p2 switch 5\n>p1 move bodyslam\n>p2 move closecombat\n>p2 switch 3\n>p1 move bodyslam\n>p2 move crunch\n>p2 switch 4\n>p1 move sleeptalk\n>p2 move knockoff\n>p1 move curse\n>p2 move knockoff\n>p1 move curse\n>p2 move bodyslam\n>p1 move curse\n>p2 move bodyslam\n>p1 move curse\n>p2 move bodyslam\n>chat \u2606ZaKeltiburon|URE gonna loose, cuz u're a looser\n>p1 move rest\n>p2 move bodyslam\n>p1 move bodyslam\n>p2 move knockoff\n>p1 move bodyslam\n>p2 move knockoff\n>p1 move bodyslam\n>p2 move knockoff\n>p1 move bodyslam\n>p2 move knockoff\n>p1 move bodyslam\n>p2 move protect\n>p1 move sleeptalk\n>p2 move substitute\n>p1 move sleeptalk\n>p2 move substitute\n>p1 move sleeptalk\n>p2 move substitute\n>p1 move bodyslam\n>p2 move bodyslam\n>p1 move sleeptalk\n>p2 move knockoff\n>chat \u2606ZaKeltiburon|l HOPE U DlE\n>p1 move bodyslam\n>p2 move knockoff\n>p1 move bodyslam\n>p2 move knockoff\n>p1 move bodyslam\n>p2 move knockoff\n>p1 move bodyslam\n>p2 move knockoff\n>p1 move bodyslam\n>p2 move knockoff\n>p1 move bodyslam\n>p2 move knockoff\n>p1 move bodyslam\n>p2 move bodyslam\n>p1 move rest\n>p2 move knockoff\n>p1 move bodyslam\n>p2 move knockoff\n>p1 move bodyslam\n>p2 move knockoff\n>p1 move bodyslam\n>p2 move knockoff\n>p1 move bodyslam\n>p2 move knockoff\n>p1 move struggle\n>p2 move bodyslam\n>p1 move struggle\n>p2 move knockoff", "uploadtime": 1733880745, "views": 1, "formatid": "gen9randombattle", "rating": null, "private": 0, "password": null}