{"id": "gen9randombattle-2260881816", "format": "[Gen 9] Random Battle", "players": ["ibamakoto", "Dillards"], "log": "|j|\u2606ibamakoto\n|j|\u2606Dillards\n|t:|1733910083\n|gametype|singles\n|player|p1|ibamakoto|erika|1336\n|player|p2|Dillards|169|1369\n|teamsize|p1|6\n|teamsize|p2|6\n|gen|9\n|tier|[Gen 9] Random Battle\n|rated|\n|rule|Species Clause: Limit one of each Pok\u00e9mon\n|rule|HP Percentage Mod: HP is shown in percentages\n|rule|Sleep Clause Mod: Limit one foe put to sleep\n|rule|Illusion Level Mod: Illusion disguises the Pok\u00e9mon's true level\n|\n|t:|1733910083\n|start\n|switch|p1a: Cacturne|Cacturne, L92, F|278/278\n|switch|p2a: Salamence|Salamence, L77, F|273/273\n|-ability|p2a: Salamence|Intimidate|boost\n|-unboost|p1a: Cacturne|atk|1\n|turn|1\n|inactive|Battle timer is ON: inactive players will automatically lose when time's up. (requested by Dillards)\n|\n|t:|1733910093\n|switch|p1a: Sableye|Sableye, L89, F|234/234\n|move|p2a: Salamence|Dragon Dance|p2a: Salamence\n|-boost|p2a: Salamence|atk|1\n|-boost|p2a: Salamence|spe|1\n|\n|upkeep\n|turn|2\n|\n|t:|1733910106\n|switch|p2a: Sandaconda|Sandaconda, L84, M|258/258\n|move|p1a: Sableye|Encore||[still]\n|-fail|p1a: Sableye\n|\n|upkeep\n|turn|3\n|\n|t:|1733910117\n|move|p1a: Sableye|Will-O-Wisp|p2a: Sandaconda\n|-status|p2a: Sandaconda|brn\n|move|p2a: Sandaconda|Stone Edge|p1a: Sableye\n|-damage|p1a: Sableye|190/234\n|\n|-heal|p1a: Sableye|204/234|[from] item: Leftovers\n|-damage|p2a: Sandaconda|242/258 brn|[from] brn\n|upkeep\n|turn|4\n|\n|t:|1733910128\n|move|p2a: Sandaconda|Glare|p1a: Sableye\n|-status|p1a: Sableye|par\n|move|p1a: Sableye|Knock Off|p2a: Sandaconda\n|-damage|p2a: Sandaconda|163/258 brn\n|-enditem|p2a: Sandaconda|Leftovers|[from] move: Knock Off|[of] p1a: Sableye\n|\n|-heal|p1a: Sableye|218/234 par|[from] item: Leftovers\n|-damage|p2a: Sandaconda|147/258 brn|[from] brn\n|upkeep\n|turn|5\n|\n|t:|1733910152\n|cant|p1a: Sableye|par\n|move|p2a: Sandaconda|Rest|p2a: Sandaconda\n|-status|p2a: Sandaconda|slp|[from] move: Rest\n|-heal|p2a: Sandaconda|258/258 slp|[silent]\n|\n|-heal|p1a: Sableye|232/234 par|[from] item: Leftovers\n|upkeep\n|turn|6\n|\n|t:|1733910175\n|switch|p2a: Ludicolo|Ludicolo, L90, M|290/290\n|switch|p1a: Lapras|Lapras, L87, F|367/367\n|\n|upkeep\n|turn|7\n|\n|t:|1733910189\n|move|p2a: Ludicolo|Giga Drain|p1a: Lapras\n|-supereffective|p1a: Lapras\n|-damage|p1a: Lapras|145/367\n|move|p1a: Lapras|Dragon Dance|p1a: Lapras\n|-boost|p1a: Lapras|atk|1\n|-boost|p1a: Lapras|spe|1\n|\n|upkeep\n|turn|8\n|\n|t:|1733910199\n|move|p1a: Lapras|Icicle Spear|p2a: Ludicolo\n|-damage|p2a: Ludicolo|247/290\n|-damage|p2a: Ludicolo|201/290\n|-damage|p2a: Ludicolo|161/290\n|-damage|p2a: Ludicolo|115/290\n|-hitcount|p2a: Ludicolo|4\n|move|p2a: Ludicolo|Giga Drain|p1a: Lapras\n|-supereffective|p1a: Lapras\n|-damage|p1a: Lapras|0 fnt\n|-heal|p2a: Ludicolo|188/290|[from] drain|[of] p1a: Lapras\n|faint|p1a: Lapras\n|\n|upkeep\n|inactive|ibamakoto has 120 seconds left.\n|\n|t:|1733910229\n|switch|p1a: Oranguru|Oranguru, L92, M|315/315\n|turn|9\n|\n|t:|1733910232\n|move|p2a: Ludicolo|Giga Drain|p1a: Oranguru\n|-damage|p1a: Oranguru|219/315\n|-heal|p2a: Ludicolo|236/290|[from] drain|[of] p1a: Oranguru\n|move|p1a: Oranguru|Nasty Plot|p1a: Oranguru\n|-boost|p1a: Oranguru|spa|2\n|\n|upkeep\n|turn|10\n|\n|t:|1733910241\n|move|p2a: Ludicolo|Giga Drain|p1a: Oranguru\n|-damage|p1a: Oranguru|119/315\n|-heal|p2a: Ludicolo|286/290|[from] drain|[of] p1a: Oranguru\n|move|p1a: Oranguru|Hyper Voice|p2a: Ludicolo\n|-damage|p2a: Ludicolo|39/290\n|-damage|p1a: Oranguru|88/315|[from] item: Life Orb\n|\n|upkeep\n|turn|11\n|\n|t:|1733910246\n|move|p2a: Ludicolo|Giga Drain|p1a: Oranguru\n|-damage|p1a: Oranguru|0 fnt\n|-heal|p2a: Ludicolo|83/290|[from] drain|[of] p1a: Oranguru\n|faint|p1a: Oranguru\n|\n|upkeep\n|\n|t:|1733910251\n|switch|p1a: Oricorio|Oricorio, L84, F|263/263\n|turn|12\n|\n|t:|1733910263\n|switch|p2a: Sandaconda|Sandaconda, L84, M|258/258 slp\n|move|p1a: Oricorio|Quiver Dance|p1a: Oricorio\n|-boost|p1a: Oricorio|spa|1\n|-boost|p1a: Oricorio|spd|1\n|-boost|p1a: Oricorio|spe|1\n|\n|upkeep\n|turn|13\n|\n|t:|1733910282\n|move|p1a: Oricorio|Quiver Dance|p1a: Oricorio\n|-boost|p1a: Oricorio|spa|1\n|-boost|p1a: Oricorio|spd|1\n|-boost|p1a: Oricorio|spe|1\n|cant|p2a: Sandaconda|slp\n|\n|upkeep\n|turn|14\n|\n|t:|1733910306\n|move|p1a: Oricorio|Quiver Dance|p1a: Oricorio\n|-boost|p1a: Oricorio|spa|1\n|-boost|p1a: Oricorio|spd|1\n|-boost|p1a: Oricorio|spe|1\n|cant|p2a: Sandaconda|slp\n|\n|-activate|p2a: Sandaconda|ability: Shed Skin\n|-curestatus|p2a: Sandaconda|slp|[msg]\n|upkeep\n|turn|15\n|\n|t:|1733910323\n|-terastallize|p1a: Oricorio|Ground\n|move|p1a: Oricorio|Revelation Dance|p2a: Sandaconda\n|-damage|p2a: Sandaconda|0 fnt\n|faint|p2a: Sandaconda\n|\n|upkeep\n|\n|t:|1733910334\n|switch|p2a: Ludicolo|Ludicolo, L90, M|83/290\n|turn|16\n|\n|t:|1733910341\n|move|p1a: Oricorio|Revelation Dance|p2a: Ludicolo\n|-resisted|p2a: Ludicolo\n|-damage|p2a: Ludicolo|0 fnt\n|faint|p2a: Ludicolo\n|\n|upkeep\n|\n|t:|1733910351\n|switch|p2a: Porygon2|Porygon2, L82|274/274\n|-ability|p2a: Porygon2|Download|boost\n|-boost|p2a: Porygon2|atk|1\n|turn|17\n|-message|Dillards forfeited.\n|\n|win|ibamakoto\n|raw|ibamakoto's rating: 1336 &rarr; <strong>1358</strong><br />(+22 for winning)\n|raw|Dillards's rating: 1369 &rarr; <strong>1347</strong><br />(-22 for losing)\n|l|\u2606Dillards\n|player|p2|\n", "inputlog": ">version bfd83cad13791eb5a5a409923076391caf6fb4d4\n>start {\"formatid\":\"gen9randombattle\",\"seed\":[63313,2687,35715,44784],\"rated\":\"Rated battle\"}\n>player p1 {\"name\":\"ibamakoto\",\"avatar\":\"erika\",\"rating\":1336,\"seed\":[34680,28132,4297,36276]}\n>player p2 {\"name\":\"Dillards\",\"avatar\":\"169\",\"rating\":1369,\"seed\":[37727,57736,12742,47048]}\n>p1 switch 2\n>p2 move dragondance\n>p1 move encore\n>p2 switch 5\n>p1 move willowisp\n>p2 move stoneedge\n>p1 move knockoff\n>p2 move glare\n>p1 move encore\n>p2 move rest\n>p1 switch 3\n>p2 switch 4\n>p1 move dragondance\n>p2 move gigadrain\n>p1 move iciclespear\n>p2 move gigadrain\n>p1 switch 5\n>p1 move nastyplot\n>p2 move gigadrain\n>p1 move hypervoice\n>p2 move gigadrain\n>p1 move hypervoice\n>p2 move gigadrain\n>p1 switch 6\n>p1 move quiverdance\n>p2 switch 4\n>p1 move quiverdance\n>p2 move stoneedge\n>p1 move quiverdance\n>p2 move stoneedge\n>p1 move revelationdance terastallize\n>p2 move stoneedge\n>p2 switch 4\n>p1 move revelationdance\n>p2 move gigadrain\n>p2 switch 2\n>forcelose p2", "uploadtime": 1733910365, "views": 1, "formatid": "gen9randombattle", "rating": 1347, "private": 0, "password": null}