{"id": "gen9randombattle-2260897886", "format": "[Gen 9] Random Battle", "players": ["Ksksksmwmsmdmns", "oikri"], "log": "|j|\u2606Ksksksmwmsmdmns\n|j|\u2606oikri\n|t:|1733913039\n|gametype|singles\n|player|p1|Ksksksmwmsmdmns|2|1000\n|player|p2|oikri|266|1000\n|teamsize|p1|6\n|teamsize|p2|6\n|gen|9\n|tier|[Gen 9] Random Battle\n|rated|\n|rule|Species Clause: Limit one of each Pok\u00e9mon\n|rule|HP Percentage Mod: HP is shown in percentages\n|rule|Sleep Clause Mod: Limit one foe put to sleep\n|rule|Illusion Level Mod: Illusion disguises the Pok\u00e9mon's true level\n|\n|t:|1733913039\n|start\n|switch|p1a: Mewtwo|Mewtwo, L72|272/272\n|switch|p2a: Gallade|Gallade, L81, M|243/243\n|-ability|p1a: Mewtwo|Unnerve\n|turn|1\n|\n|t:|1733913054\n|switch|p1a: Sableye|Sableye, L89, M|234/234\n|move|p2a: Gallade|Night Slash|p1a: Sableye\n|-damage|p1a: Sableye|112/234\n|-damage|p2a: Gallade|219/243|[from] item: Life Orb\n|\n|-heal|p1a: Sableye|126/234|[from] item: Leftovers\n|upkeep\n|turn|2\n|inactive|Battle timer is ON: inactive players will automatically lose when time's up. (requested by Ksksksmwmsmdmns)\n|\n|t:|1733913070\n|switch|p2a: Regice|Regice, L88|284/284\n|move|p1a: Sableye|Will-O-Wisp|p2a: Regice\n|-status|p2a: Regice|brn\n|\n|-heal|p1a: Sableye|140/234|[from] item: Leftovers\n|-damage|p2a: Regice|267/284 brn|[from] brn\n|upkeep\n|turn|3\n|\n|t:|1733913088\n|switch|p1a: Urshifu|Urshifu-Rapid-Strike, L75, M|274/274\n|move|p2a: Regice|Body Press|p1a: Urshifu\n|-damage|p1a: Urshifu|239/274\n|\n|-damage|p2a: Regice|250/284 brn|[from] brn\n|upkeep\n|turn|4\n|\n|t:|1733913100\n|switch|p2a: Slowking|Slowking-Galar, L85, M|300/300\n|move|p1a: Urshifu|Close Combat|p2a: Slowking\n|-resisted|p2a: Slowking\n|-damage|p2a: Slowking|258/300\n|-unboost|p1a: Urshifu|def|1\n|-unboost|p1a: Urshifu|spd|1\n|-damage|p1a: Urshifu|212/274|[from] item: Life Orb\n|\n|upkeep\n|turn|5\n|\n|t:|1733913112\n|switch|p1a: Darkrai|Darkrai, L77|234/234\n|move|p2a: Slowking|Surf|p1a: Darkrai\n|-damage|p1a: Darkrai|155/234\n|\n|-heal|p1a: Darkrai|169/234|[from] item: Leftovers\n|upkeep\n|turn|6\n|\n|t:|1733913129\n|switch|p2a: Tornadus|Tornadus, L82, M|264/264\n|move|p1a: Darkrai|Substitute|p1a: Darkrai\n|-start|p1a: Darkrai|Substitute\n|-damage|p1a: Darkrai|111/234\n|\n|-heal|p1a: Darkrai|125/234|[from] item: Leftovers\n|upkeep\n|turn|7\n|\n|t:|1733913147\n|move|p1a: Darkrai|Dark Pulse|p2a: Tornadus\n|-damage|p2a: Tornadus|171/264\n|move|p2a: Tornadus|Bleakwind Storm|p1a: Darkrai|[miss]\n|-miss|p2a: Tornadus|p1a: Darkrai\n|\n|-heal|p1a: Darkrai|139/234|[from] item: Leftovers\n|upkeep\n|turn|8\n|\n|t:|1733913159\n|move|p1a: Darkrai|Dark Pulse|p2a: Tornadus\n|-damage|p2a: Tornadus|78/264\n|move|p2a: Tornadus|U-turn|p1a: Darkrai\n|-supereffective|p1a: Darkrai\n|-end|p1a: Darkrai|Substitute\n|\n|t:|1733913168\n|switch|p2a: Regice|Regice, L88|250/284 brn|[from] U-turn\n|\n|-heal|p1a: Darkrai|153/234|[from] item: Leftovers\n|-damage|p2a: Regice|233/284 brn|[from] brn\n|upkeep\n|turn|9\n|\n|t:|1733913178\n|switch|p1a: Urshifu|Urshifu-Rapid-Strike, L75, M|212/274\n|move|p2a: Regice|Ice Beam|p1a: Urshifu\n|-resisted|p1a: Urshifu\n|-damage|p1a: Urshifu|139/274\n|\n|-damage|p2a: Regice|216/284 brn|[from] brn\n|upkeep\n|turn|10\n|\n|t:|1733913192\n|switch|p2a: Slowking|Slowking-Galar, L85, M|300/300\n|move|p1a: Urshifu|Surging Strikes|p2a: Slowking\n|-crit|p2a: Slowking\n|-damage|p2a: Slowking|242/300\n|-crit|p2a: Slowking\n|-damage|p2a: Slowking|182/300\n|-crit|p2a: Slowking\n|-damage|p2a: Slowking|124/300\n|-hitcount|p2a: Slowking|3\n|-damage|p1a: Urshifu|112/274|[from] item: Life Orb\n|\n|upkeep\n|turn|11\n|\n|t:|1733913215\n|move|p1a: Urshifu|Surging Strikes|p2a: Slowking\n|-crit|p2a: Slowking\n|-damage|p2a: Slowking|68/300\n|-crit|p2a: Slowking\n|-damage|p2a: Slowking|6/300\n|-crit|p2a: Slowking\n|-damage|p2a: Slowking|0 fnt\n|faint|p2a: Slowking\n|-hitcount|p2: Slowking|3\n|-damage|p1a: Urshifu|85/274|[from] item: Life Orb\n|\n|upkeep\n|inactive|oikri has 120 seconds left.\n|\n|t:|1733913227\n|switch|p2a: Blaziken|Blaziken, L76, M|247/247\n|turn|12\n|inactive|oikri has 120 seconds left.\n|\n|t:|1733913240\n|move|p1a: Urshifu|Surging Strikes|p2a: Blaziken\n|-supereffective|p2a: Blaziken\n|-crit|p2a: Blaziken\n|-damage|p2a: Blaziken|114/247\n|-supereffective|p2a: Blaziken\n|-crit|p2a: Blaziken\n|-damage|p2a: Blaziken|0 fnt\n|faint|p2a: Blaziken\n|-hitcount|p2: Blaziken|2\n|-damage|p1a: Urshifu|58/274|[from] item: Life Orb\n|\n|upkeep\n|inactive|oikri has 120 seconds left.\n|\n|t:|1733913252\n|switch|p2a: Lapras|Lapras, L87, F|367/367\n|turn|13\n|inactive|oikri has 120 seconds left.\n|\n|t:|1733913258\n|switch|p1a: Victreebel|Victreebel, L90, F|290/290\n|move|p2a: Lapras|Icicle Spear|p1a: Victreebel\n|-supereffective|p1a: Victreebel\n|-damage|p1a: Victreebel|228/290\n|-supereffective|p1a: Victreebel\n|-damage|p1a: Victreebel|172/290\n|-supereffective|p1a: Victreebel\n|-damage|p1a: Victreebel|112/290\n|-supereffective|p1a: Victreebel\n|-damage|p1a: Victreebel|52/290\n|-supereffective|p1a: Victreebel\n|-damage|p1a: Victreebel|0 fnt\n|faint|p1a: Victreebel\n|-hitcount|p1: Victreebel|5\n|\n|upkeep\n|\n|t:|1733913266\n|switch|p1a: Urshifu|Urshifu-Rapid-Strike, L75, M|58/274\n|turn|14\n|inactive|oikri has 120 seconds left.\n|\n|t:|1733913285\n|move|p1a: Urshifu|Close Combat|p2a: Lapras\n|-supereffective|p2a: Lapras\n|-damage|p2a: Lapras|24/367\n|-unboost|p1a: Urshifu|def|1\n|-unboost|p1a: Urshifu|spd|1\n|-damage|p1a: Urshifu|31/274|[from] item: Life Orb\n|move|p2a: Lapras|Icicle Spear|p1a: Urshifu\n|-resisted|p1a: Urshifu\n|-damage|p1a: Urshifu|12/274\n|-resisted|p1a: Urshifu\n|-damage|p1a: Urshifu|0 fnt\n|faint|p1a: Urshifu\n|-hitcount|p1: Urshifu|2\n|\n|upkeep\n|\n|t:|1733913290\n|switch|p1a: Darkrai|Darkrai, L77|153/234\n|turn|15\n|inactive|oikri has 120 seconds left.\n|\n|t:|1733913306\n|move|p1a: Darkrai|Dark Pulse|p2a: Lapras\n|-damage|p2a: Lapras|0 fnt\n|faint|p2a: Lapras\n|\n|-heal|p1a: Darkrai|167/234|[from] item: Leftovers\n|upkeep\n|inactive|oikri has 120 seconds left.\n|\n|t:|1733913322\n|switch|p2a: Regice|Regice, L88|216/284 brn\n|turn|16\n|\n|t:|1733913330\n|move|p1a: Darkrai|Dark Pulse|p2a: Regice\n|-damage|p2a: Regice|167/284 brn\n|move|p2a: Regice|Ice Beam|p1a: Darkrai\n|-damage|p1a: Darkrai|53/234\n|\n|-heal|p1a: Darkrai|67/234|[from] item: Leftovers\n|-damage|p2a: Regice|150/284 brn|[from] brn\n|upkeep\n|turn|17\n|inactive|oikri has 120 seconds left.\n|\n|t:|1733913356\n|move|p1a: Darkrai|Dark Pulse|p2a: Regice\n|-damage|p2a: Regice|101/284 brn\n|cant|p2a: Regice|flinch\n|\n|-heal|p1a: Darkrai|81/234|[from] item: Leftovers\n|-damage|p2a: Regice|84/284 brn|[from] brn\n|upkeep\n|turn|18\n|\n|t:|1733913368\n|move|p1a: Darkrai|Dark Pulse|p2a: Regice\n|-damage|p2a: Regice|36/284 brn\n|cant|p2a: Regice|flinch\n|\n|-heal|p1a: Darkrai|95/234|[from] item: Leftovers\n|-damage|p2a: Regice|19/284 brn|[from] brn\n|upkeep\n|turn|19\n|\n|t:|1733913376\n|move|p1a: Darkrai|Dark Pulse|p2a: Regice\n|-damage|p2a: Regice|0 fnt\n|faint|p2a: Regice\n|\n|-heal|p1a: Darkrai|109/234|[from] item: Leftovers\n|upkeep\n|\n|t:|1733913385\n|switch|p2a: Tornadus|Tornadus, L82, M|78/264\n|turn|20\n|\n|t:|1733913391\n|move|p1a: Darkrai|Dark Pulse|p2a: Tornadus\n|-damage|p2a: Tornadus|0 fnt\n|faint|p2a: Tornadus\n|\n|-heal|p1a: Darkrai|123/234|[from] item: Leftovers\n|upkeep\n|\n|t:|1733913401\n|switch|p2a: Gallade|Gallade, L81, M|219/243\n|turn|21\n|\n|t:|1733913410\n|move|p1a: Darkrai|Dark Pulse|p2a: Gallade\n|-damage|p2a: Gallade|134/243\n|move|p2a: Gallade|Psycho Cut|p1a: Darkrai\n|-immune|p1a: Darkrai\n|\n|-heal|p1a: Darkrai|137/234|[from] item: Leftovers\n|upkeep\n|turn|22\n|inactive|oikri has 120 seconds left.\n|\n|t:|1733913420\n|move|p1a: Darkrai|Dark Pulse|p2a: Gallade\n|-damage|p2a: Gallade|50/243\n|move|p2a: Gallade|Night Slash|p1a: Darkrai\n|-resisted|p1a: Darkrai\n|-crit|p1a: Darkrai\n|-damage|p1a: Darkrai|56/234\n|-damage|p2a: Gallade|26/243|[from] item: Life Orb\n|\n|-heal|p1a: Darkrai|70/234|[from] item: Leftovers\n|upkeep\n|turn|23\n|inactive|oikri has 120 seconds left.\n|\n|t:|1733913432\n|move|p1a: Darkrai|Substitute|p1a: Darkrai\n|-start|p1a: Darkrai|Substitute\n|-damage|p1a: Darkrai|12/234\n|move|p2a: Gallade|Sacred Sword|p1a: Darkrai\n|-supereffective|p1a: Darkrai\n|-end|p1a: Darkrai|Substitute\n|-damage|p2a: Gallade|2/243|[from] item: Life Orb\n|\n|-heal|p1a: Darkrai|26/234|[from] item: Leftovers\n|upkeep\n|turn|24\n|inactive|oikri has 120 seconds left.\n|\n|t:|1733913445\n|switch|p1a: Mismagius|Mismagius, L86, M|243/243\n|move|p2a: Gallade|Sacred Sword|p1a: Mismagius\n|-immune|p1a: Mismagius\n|\n|upkeep\n|turn|25\n|inactive|oikri has 120 seconds left.\n|\n|t:|1733913457\n|-terastallize|p2a: Gallade|Fighting\n|move|p1a: Mismagius|Shadow Ball|p2a: Gallade\n|-damage|p2a: Gallade|0 fnt\n|faint|p2a: Gallade\n|\n|win|Ksksksmwmsmdmns\n|raw|Ksksksmwmsmdmns's rating: 1000 &rarr; <strong>1040</strong><br />(+40 for winning)\n|raw|oikri's rating: 1000 &rarr; <strong>1000</strong><br />(+0 for losing)\n", "inputlog": ">version bfd83cad13791eb5a5a409923076391caf6fb4d4\n>start {\"formatid\":\"gen9randombattle\",\"seed\":[13108,50867,19562,54501],\"rated\":\"Rated battle\"}\n>player p1 {\"name\":\"Ksksksmwmsmdmns\",\"avatar\":\"2\",\"rating\":1000,\"seed\":[17426,43408,51167,16947]}\n>player p2 {\"name\":\"oikri\",\"avatar\":\"266\",\"rating\":1000,\"seed\":[59724,19010,63262,58432]}\n>p1 switch 6\n>p2 move nightslash\n>p1 move willowisp\n>p2 switch 5\n>p1 switch 2\n>p2 move bodypress\n>p1 move closecombat\n>p2 switch 2\n>p1 switch 3\n>p2 move surf\n>p1 move substitute\n>p2 switch 4\n>p1 move darkpulse\n>p2 move bleakwindstorm\n>p1 move darkpulse\n>p2 move uturn\n>p2 switch 2\n>p1 switch 3\n>p2 move icebeam\n>p1 move surgingstrikes\n>p2 switch 4\n>p1 move surgingstrikes\n>p2 move surf\n>p2 switch 6\n>p1 move surgingstrikes\n>p2 move knockoff\n>p2 switch 3\n>p1 switch 4\n>p2 move iciclespear\n>p1 switch 4\n>p1 move closecombat\n>p2 move iciclespear\n>p1 switch 3\n>p1 move darkpulse\n>p2 move waterfall\n>p2 switch 4\n>p1 move darkpulse\n>p2 move icebeam\n>p1 move darkpulse\n>p2 move icebeam\n>p1 move darkpulse\n>p2 move icebeam\n>p1 move darkpulse\n>p2 move thunderbolt\n>p2 switch 2\n>p1 move darkpulse\n>p2 move knockoff\n>p2 switch 5\n>p1 move darkpulse\n>p2 move psychocut\n>p1 move darkpulse\n>p2 move nightslash\n>p1 move substitute\n>p2 move sacredsword\n>p1 switch 5\n>p2 move sacredsword\n>p1 move shadowball\n>p2 move agility terastallize", "uploadtime": 1733913461, "views": 1, "formatid": "gen9randombattle", "rating": 1000, "private": 0, "password": null}