{"id": "gen9randombattle-2260739763", "format": "[Gen 9] Random Battle", "players": ["peachfurrr", "Arnav2309"], "log": "|j|\u2606peachfurrr\n|j|\u2606Arnav2309\n|t:|1733885264\n|gametype|singles\n|player|p1|peachfurrr|170|1054\n|player|p2|Arnav2309|102|1055\n|teamsize|p1|6\n|teamsize|p2|6\n|gen|9\n|tier|[Gen 9] Random Battle\n|rated|\n|rule|Species Clause: Limit one of each Pok\u00e9mon\n|rule|HP Percentage Mod: HP is shown in percentages\n|rule|Sleep Clause Mod: Limit one foe put to sleep\n|rule|Illusion Level Mod: Illusion disguises the Pok\u00e9mon's true level\n|\n|t:|1733885264\n|start\n|switch|p1a: Keldeo|Keldeo-Resolute, L79|273/273\n|switch|p2a: Inteleon|Inteleon, L81, M|246/246\n|turn|1\n|\n|t:|1733885285\n|switch|p1a: Trevenant|Trevenant, L88, F|293/293\n|move|p2a: Inteleon|U-turn|p1a: Trevenant\n|-damage|p1a: Trevenant|245/293\n|\n|t:|1733885299\n|switch|p2a: Toedscruel|Toedscruel, L87, M|281/281|[from] U-turn\n|\n|upkeep\n|turn|2\n|\n|t:|1733885311\n|move|p1a: Trevenant|Toxic|p2a: Toedscruel\n|-status|p2a: Toedscruel|tox\n|move|p2a: Toedscruel|Toxic|p1a: Trevenant\n|-status|p1a: Trevenant|tox\n|\n|-damage|p2a: Toedscruel|264/281 tox|[from] psn\n|-damage|p1a: Trevenant|227/293 tox|[from] psn\n|upkeep\n|turn|3\n|\n|t:|1733885320\n|move|p2a: Toedscruel|Giga Drain|p1a: Trevenant\n|-resisted|p1a: Trevenant\n|-damage|p1a: Trevenant|190/293 tox\n|-heal|p2a: Toedscruel|281/281 tox|[from] drain|[of] p1a: Trevenant\n|move|p1a: Trevenant|Poltergeist|p2a: Toedscruel\n|-activate|p2a: Toedscruel|move: Poltergeist|Leftovers\n|-damage|p2a: Toedscruel|124/281 tox\n|\n|-heal|p2a: Toedscruel|141/281 tox|[from] item: Leftovers\n|-damage|p2a: Toedscruel|107/281 tox|[from] psn\n|-damage|p1a: Trevenant|154/293 tox|[from] psn\n|upkeep\n|turn|4\n|\n|t:|1733885331\n|switch|p2a: Ambipom|Ambipom, L84, M|263/263\n|move|p1a: Trevenant|Poltergeist|p2a: Ambipom\n|-immune|p2a: Ambipom\n|\n|-damage|p1a: Trevenant|100/293 tox|[from] psn\n|upkeep\n|-enditem|p1a: Trevenant|Sitrus Berry|[eat]\n|-heal|p1a: Trevenant|173/293 tox|[from] item: Sitrus Berry\n|turn|5\n|\n|t:|1733885342\n|move|p2a: Ambipom|Knock Off|p1a: Trevenant\n|-supereffective|p1a: Trevenant\n|-damage|p1a: Trevenant|75/293 tox\n|move|p1a: Trevenant|Toxic|p2a: Ambipom\n|-status|p2a: Ambipom|tox\n|\n|-damage|p2a: Ambipom|247/263 tox|[from] psn\n|-damage|p1a: Trevenant|3/293 tox|[from] psn\n|upkeep\n|turn|6\n|\n|t:|1733885356\n|switch|p1a: Zacian|Zacian, L69|241/241\n|-ability|p1a: Zacian|Intrepid Sword|boost\n|-boost|p1a: Zacian|atk|1\n|move|p2a: Ambipom|U-turn|p1a: Zacian\n|-resisted|p1a: Zacian\n|-damage|p1a: Zacian|217/241\n|\n|t:|1733885374\n|switch|p2a: Inteleon|Inteleon, L81, M|246/246|[from] U-turn\n|\n|upkeep\n|turn|7\n|\n|t:|1733885391\n|switch|p1a: Salamence|Salamence, L77, F|273/273\n|-ability|p1a: Salamence|Intimidate|boost\n|-unboost|p2a: Inteleon|atk|1\n|move|p2a: Inteleon|Hydro Pump|p1a: Salamence|[miss]\n|-miss|p2a: Inteleon|p1a: Salamence\n|\n|upkeep\n|turn|8\n|\n|t:|1733885399\n|switch|p2a: Ambipom|Ambipom, L84, M|247/263 tox\n|move|p1a: Salamence|Dragon Dance|p1a: Salamence\n|-boost|p1a: Salamence|atk|1\n|-boost|p1a: Salamence|spe|1\n|\n|-damage|p2a: Ambipom|231/263 tox|[from] psn\n|upkeep\n|turn|9\n|\n|t:|1733885413\n|move|p2a: Ambipom|Fake Out|p1a: Salamence\n|-damage|p1a: Salamence|183/273\n|cant|p1a: Salamence|flinch\n|\n|-damage|p2a: Ambipom|199/263 tox|[from] psn\n|upkeep\n|turn|10\n|\n|t:|1733885426\n|move|p1a: Salamence|Earthquake|p2a: Ambipom\n|-damage|p2a: Ambipom|59/263 tox\n|move|p2a: Ambipom|Double-Edge|p1a: Salamence\n|-damage|p1a: Salamence|11/273\n|-damage|p2a: Ambipom|2/263 tox|[from] Recoil\n|\n|-damage|p2a: Ambipom|0 fnt|[from] psn\n|faint|p2a: Ambipom\n|upkeep\n|\n|t:|1733885432\n|switch|p2a: Inteleon|Inteleon, L81, M|246/246\n|turn|11\n|\n|t:|1733885440\n|move|p1a: Salamence|Outrage|p2a: Inteleon\n|-damage|p2a: Inteleon|0 fnt\n|faint|p2a: Inteleon\n|\n|upkeep\n|\n|t:|1733885445\n|switch|p2a: Cyclizar|Cyclizar, L83, M|252/252\n|turn|12\n|\n|t:|1733885448\n|-terastallize|p2a: Cyclizar|Fairy\n|move|p1a: Salamence|Outrage|p2a: Cyclizar|[from]lockedmove\n|-immune|p2a: Cyclizar\n|move|p2a: Cyclizar|Rapid Spin|p1a: Salamence\n|-damage|p1a: Salamence|0 fnt\n|-boost|p2a: Cyclizar|spe|1\n|faint|p1a: Salamence\n|\n|upkeep\n|\n|t:|1733885460\n|switch|p1a: Solgaleo|Solgaleo, L74|325/325\n|turn|13\n|\n|t:|1733885469\n|switch|p2a: Toedscruel|Toedscruel, L87, M|107/281 tox\n|move|p1a: Solgaleo|Knock Off|p2a: Toedscruel\n|-damage|p2a: Toedscruel|22/281 tox\n|-enditem|p2a: Toedscruel|Leftovers|[from] move: Knock Off|[of] p1a: Solgaleo\n|\n|-damage|p2a: Toedscruel|5/281 tox|[from] psn\n|upkeep\n|turn|14\n|\n|t:|1733885484\n|move|p2a: Toedscruel|Earth Power|p1a: Solgaleo\n|-supereffective|p1a: Solgaleo\n|-damage|p1a: Solgaleo|121/325\n|-enditem|p1a: Solgaleo|Weakness Policy\n|-boost|p1a: Solgaleo|atk|2|[from] item: Weakness Policy\n|-boost|p1a: Solgaleo|spa|2|[from] item: Weakness Policy\n|move|p1a: Solgaleo|Knock Off|p2a: Toedscruel\n|-damage|p2a: Toedscruel|0 fnt\n|faint|p2a: Toedscruel\n|\n|upkeep\n|\n|t:|1733885498\n|switch|p2a: Crawdaunt|Crawdaunt, L84, F|243/243\n|turn|15\n|\n|t:|1733885505\n|move|p1a: Solgaleo|Close Combat|p2a: Crawdaunt\n|-supereffective|p2a: Crawdaunt\n|-damage|p2a: Crawdaunt|0 fnt\n|-unboost|p1a: Solgaleo|def|1\n|-unboost|p1a: Solgaleo|spd|1\n|faint|p2a: Crawdaunt\n|\n|upkeep\n|inactive|Battle timer is ON: inactive players will automatically lose when time's up. (requested by Arnav2309)\n|-message|Arnav2309 forfeited.\n|\n|win|peachfurrr\n|raw|peachfurrr's rating: 1054 &rarr; <strong>1086</strong><br />(+32 for winning)\n|raw|Arnav2309's rating: 1055 &rarr; <strong>1037</strong><br />(-18 for losing)\n|l|\u2606Arnav2309\n|player|p2|\n", "inputlog": ">version bfd83cad13791eb5a5a409923076391caf6fb4d4\n>start {\"formatid\":\"gen9randombattle\",\"seed\":[34720,32036,53121,7595],\"rated\":\"Rated battle\"}\n>player p1 {\"name\":\"peachfurrr\",\"avatar\":\"170\",\"rating\":1054,\"seed\":[43167,60054,880,11034]}\n>player p2 {\"name\":\"Arnav2309\",\"avatar\":\"102\",\"rating\":1055,\"seed\":[11939,38125,15142,29789]}\n>p1 switch 4\n>p2 move uturn\n>p2 switch 6\n>p1 move toxic\n>p2 move toxic\n>p1 move poltergeist\n>p2 move gigadrain\n>p1 move poltergeist\n>p2 switch 2\n>p1 move toxic\n>p2 move knockoff\n>p1 switch 5\n>p2 move uturn\n>p2 switch 6\n>p1 switch 6\n>p2 move hydropump\n>p1 move dragondance\n>p2 switch 6\n>p1 move earthquake\n>p2 move fakeout\n>p1 move earthquake\n>p2 move doubleedge\n>p2 switch 6\n>p1 move outrage\n>p2 move uturn\n>p2 switch 4\n>p1 move outrage\n>p2 move rapidspin terastallize\n>p1 switch 3\n>p1 move knockoff\n>p2 switch 2\n>p1 move knockoff\n>p2 move earthpower\n>p2 switch 3\n>p1 move closecombat\n>p2 move dragondance\n>forcelose p2", "uploadtime": 1733885512, "views": 7, "formatid": "gen9randombattle", "rating": 1037, "private": 0, "password": null}