{"id": "gen9randombattle-2259963010", "format": "[Gen 9] Random Battle", "players": ["argentino1144", "Skullmonkey"], "log": "|j|\u2606argentino1144\n|j|\u2606Skullmonkey\n|t:|1733784866\n|gametype|singles\n|player|p1|argentino1144|2|1488\n|player|p2|Skullmonkey|li|1533\n|teamsize|p1|6\n|teamsize|p2|6\n|gen|9\n|tier|[Gen 9] Random Battle\n|rated|\n|rule|Species Clause: Limit one of each Pok\u00e9mon\n|rule|HP Percentage Mod: HP is shown in percentages\n|rule|Sleep Clause Mod: Limit one foe put to sleep\n|rule|Illusion Level Mod: Illusion disguises the Pok\u00e9mon's true level\n|\n|t:|1733784866\n|start\n|switch|p1a: Komala|Komala, L89, F|260/260\n|switch|p2a: Vaporeon|Vaporeon, L86, M|364/364\n|-ability|p1a: Komala|Comatose\n|turn|1\n|\n|t:|1733784878\n|move|p1a: Komala|Knock Off|p2a: Vaporeon\n|-damage|p2a: Vaporeon|188/364\n|-enditem|p2a: Vaporeon|Leftovers|[from] move: Knock Off|[of] p1a: Komala\n|move|p2a: Vaporeon|Scald|p1a: Komala\n|-damage|p1a: Komala|179/260\n|\n|upkeep\n|turn|2\n|\n|t:|1733784887\n|move|p1a: Komala|Knock Off|p2a: Vaporeon\n|-damage|p2a: Vaporeon|69/364\n|move|p2a: Vaporeon|Wish|p2a: Vaporeon\n|\n|upkeep\n|turn|3\n|\n|t:|1733784897\n|switch|p1a: Hoopa|Hoopa, L85|275/275\n|move|p2a: Vaporeon|Protect||[still]\n|-fail|p2a: Vaporeon\n|\n|-heal|p2a: Vaporeon|251/364|[from] move: Wish|[wisher] Vaporeon\n|upkeep\n|turn|4\n|\n|t:|1733784909\n|move|p1a: Hoopa|Psychic|p2a: Vaporeon\n|-damage|p2a: Vaporeon|112/364\n|move|p2a: Vaporeon|Calm Mind|p2a: Vaporeon\n|-boost|p2a: Vaporeon|spa|1\n|-boost|p2a: Vaporeon|spd|1\n|\n|upkeep\n|turn|5\n|\n|t:|1733784915\n|move|p1a: Hoopa|Psychic|p2a: Vaporeon\n|-damage|p2a: Vaporeon|18/364\n|move|p2a: Vaporeon|Wish|p2a: Vaporeon\n|\n|upkeep\n|turn|6\n|\n|t:|1733784922\n|switch|p1a: Komala|Komala, L89, F|179/260\n|-ability|p1a: Komala|Comatose\n|move|p2a: Vaporeon|Protect||[still]\n|-fail|p2a: Vaporeon\n|\n|-heal|p2a: Vaporeon|200/364|[from] move: Wish|[wisher] Vaporeon\n|upkeep\n|turn|7\n|\n|t:|1733784931\n|move|p2a: Vaporeon|Protect|p2a: Vaporeon\n|-singleturn|p2a: Vaporeon|Protect\n|move|p1a: Komala|Wood Hammer|p2a: Vaporeon\n|-activate|p2a: Vaporeon|move: Protect\n|\n|upkeep\n|turn|8\n|inactive|Battle timer is ON: inactive players will automatically lose when time's up. (requested by argentino1144)\n|\n|t:|1733784938\n|switch|p2a: Qwilfish|Qwilfish, L86, F|252/252\n|-ability|p2a: Qwilfish|Intimidate|boost\n|-unboost|p1a: Komala|atk|1\n|move|p1a: Komala|Wood Hammer|p2a: Qwilfish\n|-damage|p2a: Qwilfish|138/252\n|-damage|p1a: Komala|141/260|[from] Recoil\n|\n|-heal|p2a: Qwilfish|153/252|[from] item: Leftovers\n|upkeep\n|turn|9\n|\n|t:|1733784951\n|switch|p1a: Hoopa|Hoopa, L85|275/275\n|move|p2a: Qwilfish|Spikes|p1a: Hoopa\n|-sidestart|p1: argentino1144|Spikes\n|\n|-heal|p2a: Qwilfish|168/252|[from] item: Leftovers\n|upkeep\n|turn|10\n|\n|t:|1733784958\n|move|p1a: Hoopa|Trick|p2a: Qwilfish\n|-activate|p1a: Hoopa|move: Trick|[of] p2a: Qwilfish\n|-item|p2a: Qwilfish|Choice Scarf|[from] move: Trick\n|-item|p1a: Hoopa|Leftovers|[from] move: Trick\n|move|p2a: Qwilfish|Taunt|p1a: Hoopa\n|-start|p1a: Hoopa|move: Taunt\n|\n|upkeep\n|turn|11\n|\n|t:|1733784964\n|switch|p2a: Vaporeon|Vaporeon, L86, M|200/364\n|move|p1a: Hoopa|Psychic|p2a: Vaporeon\n|-damage|p2a: Vaporeon|61/364\n|-unboost|p2a: Vaporeon|spd|1\n|\n|upkeep\n|turn|12\n|\n|t:|1733784972\n|switch|p2a: Chimecho|Chimecho, L93, F|290/290\n|move|p1a: Hoopa|Psychic|p2a: Chimecho\n|-resisted|p2a: Chimecho\n|-damage|p2a: Chimecho|224/290\n|\n|-heal|p2a: Chimecho|242/290|[from] item: Leftovers\n|upkeep\n|turn|13\n|\n|t:|1733784997\n|switch|p1a: Komala|Komala, L89, F|141/260\n|-damage|p1a: Komala|109/260|[from] Spikes\n|-ability|p1a: Komala|Comatose\n|move|p2a: Chimecho|Calm Mind|p2a: Chimecho\n|-boost|p2a: Chimecho|spa|1\n|-boost|p2a: Chimecho|spd|1\n|\n|-heal|p2a: Chimecho|260/290|[from] item: Leftovers\n|upkeep\n|turn|14\n|\n|t:|1733785006\n|move|p2a: Chimecho|Psyshock|p1a: Komala\n|-damage|p1a: Komala|0 fnt\n|faint|p1a: Komala\n|\n|-heal|p2a: Chimecho|278/290|[from] item: Leftovers\n|upkeep\n|\n|t:|1733785023\n|switch|p1a: Hoopa|Hoopa, L85|275/275\n|-damage|p1a: Hoopa|241/275|[from] Spikes\n|turn|15\n|\n|t:|1733785028\n|-terastallize|p1a: Hoopa|Ghost\n|move|p2a: Chimecho|Calm Mind|p2a: Chimecho\n|-boost|p2a: Chimecho|spa|1\n|-boost|p2a: Chimecho|spd|1\n|move|p1a: Hoopa|Shadow Ball|p2a: Chimecho\n|-supereffective|p2a: Chimecho\n|-damage|p2a: Chimecho|118/290\n|\n|-heal|p2a: Chimecho|136/290|[from] item: Leftovers\n|-heal|p1a: Hoopa|258/275|[from] item: Leftovers\n|upkeep\n|turn|16\n|\n|t:|1733785040\n|move|p2a: Chimecho|Recover|p2a: Chimecho\n|-heal|p2a: Chimecho|281/290\n|move|p1a: Hoopa|Shadow Ball|p2a: Chimecho\n|-supereffective|p2a: Chimecho\n|-damage|p2a: Chimecho|141/290\n|\n|-heal|p2a: Chimecho|159/290|[from] item: Leftovers\n|-heal|p1a: Hoopa|275/275|[from] item: Leftovers\n|upkeep\n|turn|17\n|\n|t:|1733785049\n|move|p2a: Chimecho|Calm Mind|p2a: Chimecho\n|-boost|p2a: Chimecho|spa|1\n|-boost|p2a: Chimecho|spd|1\n|move|p1a: Hoopa|Shadow Ball|p2a: Chimecho\n|-supereffective|p2a: Chimecho\n|-damage|p2a: Chimecho|31/290\n|\n|-heal|p2a: Chimecho|49/290|[from] item: Leftovers\n|upkeep\n|turn|18\n|\n|t:|1733785057\n|move|p2a: Chimecho|Recover|p2a: Chimecho\n|-heal|p2a: Chimecho|194/290\n|move|p1a: Hoopa|Shadow Ball|p2a: Chimecho\n|-supereffective|p2a: Chimecho\n|-damage|p2a: Chimecho|66/290\n|\n|-heal|p2a: Chimecho|84/290|[from] item: Leftovers\n|upkeep\n|turn|19\n|\n|t:|1733785064\n|move|p2a: Chimecho|Recover|p2a: Chimecho\n|-heal|p2a: Chimecho|229/290\n|move|p1a: Hoopa|Shadow Ball|p2a: Chimecho\n|-supereffective|p2a: Chimecho\n|-damage|p2a: Chimecho|113/290\n|-unboost|p2a: Chimecho|spd|1\n|\n|-heal|p2a: Chimecho|131/290|[from] item: Leftovers\n|upkeep\n|turn|20\n|\n|t:|1733785074\n|move|p2a: Chimecho|Recover|p2a: Chimecho\n|-heal|p2a: Chimecho|276/290\n|move|p1a: Hoopa|Shadow Ball|p2a: Chimecho\n|-supereffective|p2a: Chimecho\n|-damage|p2a: Chimecho|128/290\n|\n|-heal|p2a: Chimecho|146/290|[from] item: Leftovers\n|upkeep\n|turn|21\n|\n|t:|1733785083\n|move|p2a: Chimecho|Calm Mind|p2a: Chimecho\n|-boost|p2a: Chimecho|spa|1\n|-boost|p2a: Chimecho|spd|1\n|move|p1a: Hoopa|Shadow Ball|p2a: Chimecho\n|-supereffective|p2a: Chimecho\n|-damage|p2a: Chimecho|18/290\n|-unboost|p2a: Chimecho|spd|1\n|\n|-heal|p2a: Chimecho|36/290|[from] item: Leftovers\n|upkeep\n|turn|22\n|\n|t:|1733785091\n|move|p2a: Chimecho|Recover|p2a: Chimecho\n|-heal|p2a: Chimecho|181/290\n|move|p1a: Hoopa|Shadow Ball|p2a: Chimecho\n|-supereffective|p2a: Chimecho\n|-damage|p2a: Chimecho|33/290\n|\n|-heal|p2a: Chimecho|51/290|[from] item: Leftovers\n|upkeep\n|turn|23\n|\n|t:|1733785099\n|move|p2a: Chimecho|Recover|p2a: Chimecho\n|-heal|p2a: Chimecho|196/290\n|move|p1a: Hoopa|Shadow Ball|p2a: Chimecho\n|-supereffective|p2a: Chimecho\n|-damage|p2a: Chimecho|36/290\n|\n|-heal|p2a: Chimecho|54/290|[from] item: Leftovers\n|upkeep\n|turn|24\n|\n|t:|1733785106\n|move|p2a: Chimecho|Recover|p2a: Chimecho\n|-heal|p2a: Chimecho|199/290\n|move|p1a: Hoopa|Shadow Ball|p2a: Chimecho\n|-supereffective|p2a: Chimecho\n|-damage|p2a: Chimecho|47/290\n|\n|-heal|p2a: Chimecho|65/290|[from] item: Leftovers\n|upkeep\n|turn|25\n|\n|t:|1733785114\n|move|p2a: Chimecho|Psyshock|p1a: Hoopa\n|-damage|p1a: Hoopa|0 fnt\n|faint|p1a: Hoopa\n|\n|-heal|p2a: Chimecho|83/290|[from] item: Leftovers\n|upkeep\n|\n|t:|1733785126\n|switch|p1a: Pecharunt|Pecharunt, L77|262/262\n|-damage|p1a: Pecharunt|230/262|[from] Spikes\n|turn|26\n|\n|t:|1733785137\n|move|p1a: Pecharunt|Shadow Ball|p2a: Chimecho\n|-supereffective|p2a: Chimecho\n|-damage|p2a: Chimecho|21/290\n|-unboost|p2a: Chimecho|spd|1\n|move|p2a: Chimecho|Recover|p2a: Chimecho\n|-heal|p2a: Chimecho|166/290\n|\n|-heal|p1a: Pecharunt|246/262|[from] item: Leftovers\n|-heal|p2a: Chimecho|184/290|[from] item: Leftovers\n|upkeep\n|turn|27\n|\n|t:|1733785146\n|move|p1a: Pecharunt|Malignant Chain|p2a: Chimecho\n|-damage|p2a: Chimecho|139/290\n|move|p2a: Chimecho|Psyshock|p1a: Pecharunt\n|-supereffective|p1a: Pecharunt\n|-damage|p1a: Pecharunt|0 fnt\n|faint|p1a: Pecharunt\n|\n|-heal|p2a: Chimecho|157/290|[from] item: Leftovers\n|upkeep\n|\n|t:|1733785157\n|switch|p1a: Golem|Golem-Alola, L93, F|300/300\n|-damage|p1a: Golem|263/300|[from] Spikes\n|turn|28\n|\n|t:|1733785164\n|move|p2a: Chimecho|Psyshock|p1a: Golem\n|-damage|p1a: Golem|52/300\n|move|p1a: Golem|Double-Edge|p2a: Chimecho\n|-damage|p2a: Chimecho|0 fnt\n|faint|p2a: Chimecho\n|-damage|p1a: Golem|0 fnt|[from] Recoil\n|faint|p1a: Golem\n|\n|upkeep\n|\n|t:|1733785172\n|switch|p2a: Qwilfish|Qwilfish, L86, F|168/252\n|switch|p1a: Donphan|Donphan, L84, M|288/288\n|-ability|p2a: Qwilfish|Intimidate|boost\n|-unboost|p1a: Donphan|atk|1\n|-damage|p1a: Donphan|252/288|[from] Spikes\n|turn|29\n|\n|t:|1733785181\n|move|p2a: Qwilfish|Waterfall|p1a: Donphan\n|-supereffective|p1a: Donphan\n|-damage|p1a: Donphan|102/288\n|move|p1a: Donphan|Rapid Spin|p2a: Qwilfish\n|-damage|p2a: Qwilfish|141/252\n|-boost|p1a: Donphan|spe|1\n|-sideend|p1: argentino1144|Spikes|[from] move: Rapid Spin|[of] p1a: Donphan\n|\n|-heal|p1a: Donphan|120/288|[from] item: Leftovers\n|upkeep\n|turn|30\n|\n|t:|1733785189\n|move|p2a: Qwilfish|Waterfall|p1a: Donphan\n|-supereffective|p1a: Donphan\n|-damage|p1a: Donphan|0 fnt\n|faint|p1a: Donphan\n|\n|upkeep\n|\n|t:|1733785192\n|switch|p1a: Garganacl|Garganacl, L80, M|291/291\n|turn|31\n|\n|t:|1733785198\n|switch|p2a: Vaporeon|Vaporeon, L86, M|61/364\n|move|p1a: Garganacl|Earthquake|p2a: Vaporeon\n|-damage|p2a: Vaporeon|0 fnt\n|faint|p2a: Vaporeon\n|\n|upkeep\n|\n|t:|1733785204\n|switch|p2a: Iron Valiant|Iron Valiant, L78|244/244\n|turn|32\n|-message|argentino1144 forfeited.\n|\n|win|Skullmonkey\n|raw|argentino1144's rating: 1488 &rarr; <strong>1471</strong><br />(-17 for losing)\n|raw|Skullmonkey's rating: 1533 &rarr; <strong>1550</strong><br />(+17 for winning)\n|l|\u2606argentino1144\n|player|p1|\n", "inputlog": ">version bfd83cad13791eb5a5a409923076391caf6fb4d4\n>start {\"formatid\":\"gen9randombattle\",\"seed\":[53884,20137,15363,23671],\"rated\":\"Rated battle\"}\n>player p1 {\"name\":\"argentino1144\",\"avatar\":\"2\",\"rating\":1488,\"seed\":[26828,15044,56706,42566]}\n>player p2 {\"name\":\"Skullmonkey\",\"avatar\":\"li\",\"rating\":1533,\"seed\":[60040,14948,20621,17132]}\n>p1 move knockoff\n>p2 move scald\n>p1 move knockoff\n>p2 move wish\n>p1 switch 4\n>p2 move protect\n>p1 move psychic\n>p2 move calmmind\n>p1 move psychic\n>p2 move wish\n>p1 switch 4\n>p2 move protect\n>p1 move woodhammer\n>p2 move protect\n>p1 move woodhammer\n>p2 switch 2\n>p1 switch 4\n>p2 move spikes\n>p1 move trick\n>p2 move taunt\n>p1 move psychic\n>p2 switch 2\n>p1 move psychic\n>p2 switch 6\n>p1 switch 4\n>p2 move calmmind\n>p1 move knockoff\n>p2 move psyshock\n>p1 switch 4\n>p1 move shadowball terastallize\n>p2 move calmmind\n>p1 move shadowball\n>p2 move recover\n>p1 move shadowball\n>p2 move calmmind\n>p1 move shadowball\n>p2 move recover\n>p1 move shadowball\n>p2 move recover\n>p1 move shadowball\n>p2 move recover\n>p1 move shadowball\n>p2 move calmmind\n>p1 move shadowball\n>p2 move recover\n>p1 move shadowball\n>p2 move recover\n>p1 move shadowball\n>p2 move recover\n>p1 move shadowball\n>p2 move psyshock\n>p1 switch 3\n>p1 move shadowball\n>p2 move recover\n>p1 move malignantchain\n>p2 move psyshock\n>p1 switch 5\n>p1 move doubleedge\n>p2 move psyshock\n>p1 switch 6\n>p2 switch 2\n>p1 move rapidspin\n>p2 move waterfall\n>p1 move earthquake\n>p2 move waterfall\n>p1 switch 2\n>p1 move earthquake\n>p2 switch 6\n>p2 switch 5\n>forcelose p1", "uploadtime": 1733785211, "views": 1, "formatid": "gen9randombattle", "rating": 1471, "private": 0, "password": null}