{"id": "gen9randombattle-2259901578", "format": "[Gen 9] Random Battle", "players": ["bryannnnnnnnn", "raymi28"], "log": "|j|\u2606bryannnnnnnnn\n|j|\u2606raymi28\n|t:|1733778084\n|gametype|singles\n|player|p1|bryannnnnnnnn|101|\n|player|p2|raymi28|170|\n|teamsize|p1|6\n|teamsize|p2|6\n|gen|9\n|tier|[Gen 9] Random Battle\n|rule|Species Clause: Limit one of each Pok\u00e9mon\n|rule|HP Percentage Mod: HP is shown in percentages\n|rule|Sleep Clause Mod: Limit one foe put to sleep\n|rule|Illusion Level Mod: Illusion disguises the Pok\u00e9mon's true level\n|\n|t:|1733778084\n|start\n|switch|p1a: Lilligant|Lilligant, L86, F|261/261\n|switch|p2a: Noivern|Noivern, L82, F|274/274\n|turn|1\n|c|\u2606raymi28|hi\n|\n|t:|1733778126\n|switch|p1a: Hippowdon|Hippowdon, L82, F|311/311\n|-weather|Sandstorm|[from] ability: Sand Stream|[of] p1a: Hippowdon\n|move|p2a: Noivern|Flamethrower|p1a: Hippowdon\n|-damage|p1a: Hippowdon|213/311\n|\n|-weather|Sandstorm|[upkeep]\n|-damage|p2a: Noivern|257/274|[from] Sandstorm\n|-heal|p1a: Hippowdon|232/311|[from] item: Leftovers\n|upkeep\n|turn|2\n|\n|t:|1733778142\n|switch|p2a: Politoed|Politoed, L88, F|302/302\n|-weather|RainDance|[from] ability: Drizzle|[of] p2a: Politoed\n|move|p1a: Hippowdon|Stone Edge|p2a: Politoed|[miss]\n|-miss|p1a: Hippowdon|p2a: Politoed\n|\n|-weather|RainDance|[upkeep]\n|-heal|p1a: Hippowdon|251/311|[from] item: Leftovers\n|upkeep\n|turn|3\n|\n|t:|1733778154\n|switch|p2a: Noivern|Noivern, L82, F|257/274\n|switch|p1a: Mienshao|Mienshao, L83, F|244/244\n|\n|-weather|RainDance|[upkeep]\n|upkeep\n|turn|4\n|\n|t:|1733778170\n|move|p2a: Noivern|Hurricane|p1a: Mienshao\n|-supereffective|p1a: Mienshao\n|-damage|p1a: Mienshao|0 fnt\n|faint|p1a: Mienshao\n|\n|-weather|RainDance|[upkeep]\n|upkeep\n|\n|t:|1733778185\n|switch|p1a: Mismagius|Mismagius, L86, F|243/243\n|turn|5\n|\n|t:|1733778191\n|move|p2a: Noivern|Hurricane|p1a: Mismagius\n|-damage|p1a: Mismagius|105/243\n|move|p1a: Mismagius|Dazzling Gleam|p2a: Noivern\n|-supereffective|p2a: Noivern\n|-damage|p2a: Noivern|107/274\n|\n|-weather|RainDance|[upkeep]\n|-heal|p1a: Mismagius|120/243|[from] item: Leftovers\n|upkeep\n|turn|6\n|\n|t:|1733778204\n|move|p2a: Noivern|Hurricane|p1a: Mismagius\n|-damage|p1a: Mismagius|0 fnt\n|faint|p1a: Mismagius\n|\n|-weather|none\n|upkeep\n|\n|t:|1733778218\n|switch|p1a: Hippowdon|Hippowdon, L82, F|251/311\n|-weather|Sandstorm|[from] ability: Sand Stream|[of] p1a: Hippowdon\n|turn|7\n|\n|t:|1733778226\n|move|p2a: Noivern|Hurricane|p1a: Hippowdon\n|-damage|p1a: Hippowdon|62/311\n|move|p1a: Hippowdon|Stone Edge|p2a: Noivern|[miss]\n|-miss|p1a: Hippowdon|p2a: Noivern\n|\n|-weather|Sandstorm|[upkeep]\n|-damage|p2a: Noivern|90/274|[from] Sandstorm\n|-heal|p1a: Hippowdon|81/311|[from] item: Leftovers\n|upkeep\n|turn|8\n|\n|t:|1733778260\n|switch|p2a: Politoed|Politoed, L88, F|302/302\n|-weather|RainDance|[from] ability: Drizzle|[of] p2a: Politoed\n|switch|p1a: Lilligant|Lilligant, L86, F|261/261\n|\n|-weather|RainDance|[upkeep]\n|upkeep\n|turn|9\n|\n|t:|1733778276\n|move|p1a: Lilligant|Tera Blast|p2a: Politoed\n|-damage|p2a: Politoed|234/302\n|-damage|p1a: Lilligant|235/261|[from] item: Life Orb\n|move|p2a: Politoed|Ice Beam|p1a: Lilligant\n|-supereffective|p1a: Lilligant\n|-damage|p1a: Lilligant|21/261\n|\n|-weather|RainDance|[upkeep]\n|upkeep\n|turn|10\n|\n|t:|1733778287\n|move|p1a: Lilligant|Giga Drain|p2a: Politoed\n|-supereffective|p2a: Politoed\n|-damage|p2a: Politoed|29/302\n|-heal|p1a: Lilligant|124/261|[from] drain|[of] p2a: Politoed\n|-damage|p1a: Lilligant|98/261|[from] item: Life Orb\n|move|p2a: Politoed|Ice Beam|p1a: Lilligant\n|-supereffective|p1a: Lilligant\n|-damage|p1a: Lilligant|0 fnt\n|faint|p1a: Lilligant\n|\n|-weather|RainDance|[upkeep]\n|upkeep\n|\n|t:|1733778299\n|switch|p1a: Hippowdon|Hippowdon, L82, F|81/311\n|-weather|Sandstorm|[from] ability: Sand Stream|[of] p1a: Hippowdon\n|turn|11\n|\n|t:|1733778304\n|move|p2a: Politoed|Ice Beam|p1a: Hippowdon\n|-supereffective|p1a: Hippowdon\n|-damage|p1a: Hippowdon|0 fnt\n|faint|p1a: Hippowdon\n|\n|-weather|Sandstorm|[upkeep]\n|-damage|p2a: Politoed|11/302|[from] Sandstorm\n|upkeep\n|\n|t:|1733778323\n|switch|p1a: Hitmonchan|Hitmonchan, L87, M|229/229\n|turn|12\n|\n|t:|1733778328\n|move|p1a: Hitmonchan|Drain Punch|p2a: Politoed\n|-damage|p2a: Politoed|0 fnt\n|faint|p2a: Politoed\n|\n|-weather|Sandstorm|[upkeep]\n|-damage|p1a: Hitmonchan|215/229|[from] Sandstorm\n|-heal|p1a: Hitmonchan|229/229|[from] item: Leftovers\n|upkeep\n|\n|t:|1733778340\n|switch|p2a: Munkidori|Munkidori, L79, M|269/269\n|turn|13\n|\n|t:|1733778346\n|move|p2a: Munkidori|Fake Out|p1a: Hitmonchan\n|-damage|p1a: Hitmonchan|208/229\n|cant|p1a: Hitmonchan|flinch\n|\n|-weather|Sandstorm|[upkeep]\n|-damage|p2a: Munkidori|253/269|[from] Sandstorm\n|-damage|p1a: Hitmonchan|194/229|[from] Sandstorm\n|-heal|p1a: Hitmonchan|208/229|[from] item: Leftovers\n|upkeep\n|turn|14\n|\n|t:|1733778366\n|switch|p1a: Entei|Entei, L78|307/307\n|move|p2a: Munkidori|U-turn|p1a: Entei\n|-resisted|p1a: Entei\n|-crit|p1a: Entei\n|-damage|p1a: Entei|279/307\n|\n|t:|1733778374\n|switch|p2a: Arcanine|Arcanine-Hisui, L80, M|283/283|[from] U-turn\n|\n|-weather|Sandstorm|[upkeep]\n|-damage|p1a: Entei|260/307|[from] Sandstorm\n|upkeep\n|turn|15\n|\n|t:|1733778392\n|move|p1a: Entei|Stone Edge|p2a: Arcanine\n|-supereffective|p2a: Arcanine\n|-damage|p2a: Arcanine|25/283\n|move|p2a: Arcanine|Head Smash|p1a: Entei\n|-supereffective|p1a: Entei\n|-damage|p1a: Entei|0 fnt\n|faint|p1a: Entei\n|\n|-weather|none\n|upkeep\n|\n|t:|1733778402\n|switch|p1a: Hitmonchan|Hitmonchan, L87, M|208/229\n|turn|16\n|\n|t:|1733778408\n|move|p2a: Arcanine|Flare Blitz|p1a: Hitmonchan\n|-damage|p1a: Hitmonchan|58/229\n|move|p1a: Hitmonchan|Knock Off|p2a: Arcanine\n|-damage|p2a: Arcanine|0 fnt\n|-enditem|p2a: Arcanine|Heavy-Duty Boots|[from] move: Knock Off|[of] p1a: Hitmonchan\n|faint|p2a: Arcanine\n|\n|-heal|p1a: Hitmonchan|72/229|[from] item: Leftovers\n|upkeep\n|\n|t:|1733778420\n|switch|p2a: Porygon-Z|Porygon-Z, L83|277/277\n|-ability|p2a: Porygon-Z|Download|boost\n|-boost|p2a: Porygon-Z|atk|1\n|turn|17\n|\n|t:|1733778427\n|-terastallize|p2a: Porygon-Z|Electric\n|move|p2a: Porygon-Z|Nasty Plot|p2a: Porygon-Z\n|-boost|p2a: Porygon-Z|spa|2\n|move|p1a: Hitmonchan|Drain Punch|p2a: Porygon-Z\n|-damage|p2a: Porygon-Z|159/277\n|-heal|p1a: Hitmonchan|131/229|[from] drain|[of] p2a: Porygon-Z\n|\n|-heal|p1a: Hitmonchan|145/229|[from] item: Leftovers\n|upkeep\n|turn|18\n|\n|t:|1733778439\n|move|p2a: Porygon-Z|Nasty Plot|p2a: Porygon-Z\n|-boost|p2a: Porygon-Z|spa|2\n|move|p1a: Hitmonchan|Drain Punch|p2a: Porygon-Z\n|-damage|p2a: Porygon-Z|23/277\n|-heal|p1a: Hitmonchan|213/229|[from] drain|[of] p2a: Porygon-Z\n|\n|-heal|p1a: Hitmonchan|227/229|[from] item: Leftovers\n|upkeep\n|turn|19\n|\n|t:|1733778452\n|move|p2a: Porygon-Z|Thunderbolt|p1a: Hitmonchan\n|-damage|p1a: Hitmonchan|0 fnt\n|faint|p1a: Hitmonchan\n|-damage|p2a: Porygon-Z|0 fnt|[from] item: Life Orb\n|faint|p2a: Porygon-Z\n|\n|win|raymi28\n|l|\u2606raymi28\n|player|p2|\n", "inputlog": ">version bfd83cad13791eb5a5a409923076391caf6fb4d4\n>start {\"formatid\":\"gen9randombattle\",\"seed\":[7614,34610,1050,48582]}\n>player p1 {\"name\":\"bryannnnnnnnn\",\"avatar\":\"101\",\"rating\":0,\"seed\":[37560,16642,35571,40383]}\n>player p2 {\"name\":\"raymi28\",\"avatar\":\"170\",\"rating\":0,\"seed\":[26907,9440,54399,43857]}\n>chat \u2606raymi28|hi\n>p1 switch 3\n>p2 move flamethrower\n>p1 move stoneedge\n>p2 switch 5\n>p1 switch 4\n>p2 switch 5\n>p1 move closecombat\n>p2 move hurricane\n>p1 switch 6\n>p1 move dazzlinggleam\n>p2 move hurricane\n>p1 move shadowball\n>p2 move hurricane\n>p1 switch 4\n>p1 move stoneedge\n>p2 move hurricane\n>p1 switch 3\n>p2 switch 5\n>p1 move terablast\n>p2 move icebeam\n>p1 move gigadrain\n>p2 move icebeam\n>p1 switch 3\n>p1 move earthquake\n>p2 move icebeam\n>p1 switch 2\n>p1 move drainpunch\n>p2 move icebeam\n>p2 switch 4\n>p1 move drainpunch\n>p2 move fakeout\n>p1 switch 5\n>p2 move uturn\n>p2 switch 2\n>p1 move stoneedge\n>p2 move headsmash\n>p1 switch 5\n>p1 move knockoff\n>p2 move flareblitz\n>p2 switch 6\n>p1 move drainpunch\n>p2 move nastyplot terastallize\n>p1 move drainpunch\n>p2 move nastyplot\n>p1 move knockoff\n>p2 move thunderbolt", "uploadtime": 1733778477, "views": 1, "formatid": "gen9randombattle", "rating": null, "private": 0, "password": null}