{"id": "gen9randombattle-2260667554", "format": "[Gen 9] Random Battle", "players": ["Therocket02", "vegemite360"], "log": "|j|\u2606Therocket02\n|j|\u2606vegemite360\n|t:|1733875989\n|gametype|singles\n|player|p1|Therocket02|102|1963\n|player|p2|vegemite360|lance|1970\n|teamsize|p1|6\n|teamsize|p2|6\n|gen|9\n|tier|[Gen 9] Random Battle\n|rated|\n|rule|Species Clause: Limit one of each Pok\u00e9mon\n|rule|HP Percentage Mod: HP is shown in percentages\n|rule|Sleep Clause Mod: Limit one foe put to sleep\n|rule|Illusion Level Mod: Illusion disguises the Pok\u00e9mon's true level\n|\n|t:|1733875989\n|start\n|switch|p1a: Great Tusk|Great Tusk, L77|304/304\n|switch|p2a: Noivern|Noivern, L82, F|274/274\n|turn|1\n|inactive|Battle timer is ON: inactive players will automatically lose when time's up. (requested by vegemite360)\n|inactive|Therocket02 has 120 seconds left.\n|\n|t:|1733876037\n|-end|p1a: Great Tusk|Protosynthesis|[silent]\n|switch|p1a: Necrozma|Necrozma, L80|286/286\n|move|p2a: Noivern|Hurricane|p1a: Necrozma\n|-damage|p1a: Necrozma|177/286\n|\n|upkeep\n|turn|2\n|\n|t:|1733876047\n|move|p2a: Noivern|Hurricane|p1a: Necrozma|[miss]\n|-miss|p2a: Noivern|p1a: Necrozma\n|move|p1a: Necrozma|Photon Geyser|p2a: Noivern\n|-damage|p2a: Noivern|105/274\n|-damage|p1a: Necrozma|149/286|[from] item: Life Orb\n|\n|upkeep\n|turn|3\n|\n|t:|1733876075\n|switch|p2a: Orthworm|Orthworm, L88, M|266/266\n|move|p1a: Necrozma|Photon Geyser|p2a: Orthworm\n|-resisted|p2a: Orthworm\n|-damage|p2a: Orthworm|169/266\n|-damage|p1a: Necrozma|121/286|[from] item: Life Orb\n|\n|upkeep\n|turn|4\n|\n|t:|1733876087\n|move|p1a: Necrozma|Knock Off|p2a: Orthworm\n|-damage|p2a: Orthworm|114/266\n|-enditem|p2a: Orthworm|Chesto Berry|[from] move: Knock Off|[of] p1a: Necrozma\n|-damage|p1a: Necrozma|93/286|[from] item: Life Orb\n|move|p2a: Orthworm|Shed Tail|p2a: Orthworm\n|-fail|p2a: Orthworm|move: Shed Tail|[weak]\n|\n|upkeep\n|turn|5\n|\n|t:|1733876101\n|move|p1a: Necrozma|Photon Geyser|p2a: Orthworm\n|-resisted|p2a: Orthworm\n|-damage|p2a: Orthworm|1/266\n|-damage|p1a: Necrozma|65/286|[from] item: Life Orb\n|move|p2a: Orthworm|Heavy Slam|p1a: Necrozma\n|-damage|p1a: Necrozma|26/286\n|\n|upkeep\n|turn|6\n|\n|t:|1733876111\n|move|p1a: Necrozma|Knock Off|p2a: Orthworm\n|-damage|p2a: Orthworm|0 fnt\n|faint|p2a: Orthworm\n|-damage|p1a: Necrozma|0 fnt|[from] item: Life Orb\n|faint|p1a: Necrozma\n|\n|upkeep\n|\n|t:|1733876139\n|switch|p1a: Klawf|Klawf, L90, F|272/272\n|switch|p2a: Lilligant|Lilligant, L86, F|261/261\n|turn|7\n|\n|t:|1733876144\n|switch|p1a: Okidogi|Okidogi, L77, M|262/262\n|move|p2a: Lilligant|Sleep Powder|p1a: Okidogi\n|-status|p1a: Okidogi|slp|[from] move: Sleep Powder\n|\n|upkeep\n|turn|8\n|\n|t:|1733876151\n|switch|p2a: Sandy Shocks|Sandy Shocks, L80|267/267\n|cant|p1a: Okidogi|slp\n|\n|upkeep\n|turn|9\n|inactive|Therocket02 has 120 seconds left.\n|\n|t:|1733876192\n|move|p2a: Sandy Shocks|Earth Power|p1a: Okidogi\n|-supereffective|p1a: Okidogi\n|-crit|p1a: Okidogi\n|-damage|p1a: Okidogi|0 fnt\n|faint|p1a: Okidogi\n|\n|upkeep\n|inactive|Therocket02 has 90 seconds left.\n|\n|t:|1733876230\n|switch|p1a: Suicune|Suicune, L82|298/298\n|-ability|p1a: Suicune|Pressure\n|turn|10\n|\n|t:|1733876248\n|move|p2a: Sandy Shocks|Volt Switch|p1a: Suicune\n|-supereffective|p1a: Suicune\n|-damage|p1a: Suicune|158/298\n|\n|t:|1733876260\n|-end|p2a: Sandy Shocks|Protosynthesis|[silent]\n|switch|p2a: Mewtwo|Mewtwo, L72|272/272|[from] Volt Switch\n|-ability|p2a: Mewtwo|Unnerve\n|move|p1a: Suicune|Scald|p2a: Mewtwo\n|-damage|p2a: Mewtwo|191/272\n|\n|-heal|p1a: Suicune|176/298|[from] item: Leftovers\n|upkeep\n|turn|11\n|inactive|Therocket02 has 90 seconds left.\n|inactive|Therocket02 has 60 seconds left.\n|\n|t:|1733876311\n|move|p2a: Mewtwo|Nasty Plot|p2a: Mewtwo\n|-boost|p2a: Mewtwo|spa|2\n|move|p1a: Suicune|Scald|p2a: Mewtwo\n|-damage|p2a: Mewtwo|100/272\n|\n|-heal|p1a: Suicune|194/298|[from] item: Leftovers\n|upkeep\n|turn|12\n|inactive|vegemite360 has 120 seconds left.\n|\n|t:|1733876355\n|move|p2a: Mewtwo|Aura Sphere|p1a: Suicune\n|-damage|p1a: Suicune|72/298\n|-damage|p2a: Mewtwo|73/272|[from] item: Life Orb\n|move|p1a: Suicune|Scald|p2a: Mewtwo\n|-damage|p2a: Mewtwo|0 fnt\n|faint|p2a: Mewtwo\n|\n|-heal|p1a: Suicune|90/298|[from] item: Leftovers\n|upkeep\n|\n|t:|1733876359\n|switch|p2a: Sandy Shocks|Sandy Shocks, L80|267/267\n|turn|13\n|\n|t:|1733876362\n|move|p2a: Sandy Shocks|Volt Switch|p1a: Suicune\n|-supereffective|p1a: Suicune\n|-damage|p1a: Suicune|0 fnt\n|faint|p1a: Suicune\n|\n|t:|1733876367\n|-end|p2a: Sandy Shocks|Protosynthesis|[silent]\n|switch|p2a: Lilligant|Lilligant, L86, F|261/261|[from] Volt Switch\n|\n|upkeep\n|\n|t:|1733876376\n|switch|p1a: Iron Jugulis|Iron Jugulis, L78|275/275\n|turn|14\n|inactive|Therocket02 has 90 seconds left.\n|\n|t:|1733876394\n|switch|p2a: Tyranitar|Tyranitar, L79, F|288/288\n|-weather|Sandstorm|[from] ability: Sand Stream|[of] p2a: Tyranitar\n|move|p1a: Iron Jugulis|Dark Pulse|p2a: Tyranitar\n|-resisted|p2a: Tyranitar\n|-damage|p2a: Tyranitar|261/288\n|\n|-weather|Sandstorm|[upkeep]\n|-damage|p1a: Iron Jugulis|258/275|[from] Sandstorm\n|upkeep\n|turn|15\n|\n|t:|1733876407\n|-end|p1a: Iron Jugulis|Quark Drive|[silent]\n|switch|p1a: Great Tusk|Great Tusk, L77|304/304\n|move|p2a: Tyranitar|Dragon Tail|p1a: Great Tusk\n|-damage|p1a: Great Tusk|265/304\n|-end|p1a: Great Tusk|Protosynthesis|[silent]\n|drag|p1a: Iron Jugulis|Iron Jugulis, L78|258/275\n|\n|-weather|Sandstorm|[upkeep]\n|-damage|p1a: Iron Jugulis|241/275|[from] Sandstorm\n|upkeep\n|turn|16\n|\n|t:|1733876415\n|move|p1a: Iron Jugulis|Earth Power|p2a: Tyranitar\n|-supereffective|p2a: Tyranitar\n|-damage|p2a: Tyranitar|179/288\n|move|p2a: Tyranitar|Ice Beam|p1a: Iron Jugulis\n|-supereffective|p1a: Iron Jugulis\n|-damage|p1a: Iron Jugulis|109/275\n|\n|-weather|Sandstorm|[upkeep]\n|-damage|p1a: Iron Jugulis|92/275|[from] Sandstorm\n|upkeep\n|turn|17\n|\n|t:|1733876422\n|move|p1a: Iron Jugulis|Earth Power|p2a: Tyranitar\n|-supereffective|p2a: Tyranitar\n|-damage|p2a: Tyranitar|87/288\n|move|p2a: Tyranitar|Dragon Tail|p1a: Iron Jugulis\n|-damage|p1a: Iron Jugulis|36/275\n|-end|p1a: Iron Jugulis|Quark Drive|[silent]\n|drag|p1a: Klawf|Klawf, L90, F|272/272\n|\n|-weather|Sandstorm|[upkeep]\n|upkeep\n|turn|18\n|\n|t:|1733876432\n|move|p1a: Klawf|Swords Dance|p1a: Klawf\n|-boost|p1a: Klawf|atk|2\n|move|p2a: Tyranitar|Knock Off|p1a: Klawf\n|-damage|p1a: Klawf|185/272\n|-enditem|p1a: Klawf|Scope Lens|[from] move: Knock Off|[of] p2a: Tyranitar\n|\n|-weather|none\n|upkeep\n|turn|19\n|\n|t:|1733876452\n|move|p1a: Klawf|Swords Dance|p1a: Klawf\n|-boost|p1a: Klawf|atk|2\n|move|p2a: Tyranitar|Dragon Tail|p1a: Klawf\n|-damage|p1a: Klawf|149/272\n|drag|p1a: Iron Jugulis|Iron Jugulis, L78|36/275\n|\n|upkeep\n|turn|20\n|\n|t:|1733876461\n|-end|p1a: Iron Jugulis|Quark Drive|[silent]\n|switch|p1a: Klawf|Klawf, L90, F|149/272\n|switch|p2a: Noivern|Noivern, L82, F|105/274\n|\n|upkeep\n|turn|21\n|-message|Therocket02 forfeited.\n|\n|win|vegemite360\n|raw|Therocket02's rating: 1963 &rarr; <strong>1943</strong><br />(-20 for losing)\n|raw|vegemite360's rating: 1970 &rarr; <strong>1990</strong><br />(+20 for winning)\n|l|\u2606Therocket02\n|player|p1|\n", "inputlog": ">version bfd83cad13791eb5a5a409923076391caf6fb4d4\n>start {\"formatid\":\"gen9randombattle\",\"seed\":[33768,61650,53026,56979],\"rated\":\"Rated battle\"}\n>player p1 {\"name\":\"Therocket02\",\"avatar\":\"102\",\"rating\":1963,\"seed\":[20566,17016,39728,52015]}\n>player p2 {\"name\":\"vegemite360\",\"avatar\":\"lance\",\"rating\":1970,\"seed\":[62885,3004,5188,37870]}\n>p1 switch 3\n>p2 move hurricane\n>p1 move photongeyser\n>p2 move hurricane\n>p1 move photongeyser\n>p2 switch 5\n>p1 move knockoff\n>p2 move shedtail\n>p1 move photongeyser\n>p2 move heavyslam\n>p1 move knockoff\n>p2 move heavyslam\n>p1 switch 2\n>p2 switch 3\n>p1 switch 4\n>p2 move sleeppowder\n>p1 move gunkshot\n>p2 switch 4\n>p1 move knockoff\n>p2 move earthpower\n>p1 switch 6\n>p1 move scald\n>p2 move voltswitch\n>p2 switch 2\n>p1 move scald\n>p2 move nastyplot\n>p1 move scald\n>p2 move aurasphere\n>p2 switch 2\n>p1 move scald\n>p2 move voltswitch\n>p2 switch 4\n>p1 switch 5\n>p1 move darkpulse\n>p2 switch 6\n>p1 switch 3\n>p2 move dragontail\n>p1 move earthpower\n>p2 move icebeam\n>p1 move earthpower\n>p2 move dragontail\n>p1 move swordsdance\n>p2 move knockoff\n>p1 move swordsdance\n>p2 move dragontail\n>p1 switch 4\n>p2 switch 5\n>forcelose p1", "uploadtime": 1733876471, "views": 1, "formatid": "gen9randombattle", "rating": 1943, "private": 0, "password": null}