{"id": "gen9randombattle-2259989138", "format": "[Gen 9] Random Battle", "players": ["pballgabe13", "emangoat"], "log": "|j|\u2606pballgabe13\n|j|\u2606emangoat\n|t:|1733788094\n|gametype|singles\n|player|p1|pballgabe13|karen|\n|player|p2|emangoat|1|\n|teamsize|p1|6\n|teamsize|p2|6\n|gen|9\n|tier|[Gen 9] Random Battle\n|rule|Species Clause: Limit one of each Pok\u00e9mon\n|rule|HP Percentage Mod: HP is shown in percentages\n|rule|Sleep Clause Mod: Limit one foe put to sleep\n|rule|Illusion Level Mod: Illusion disguises the Pok\u00e9mon's true level\n|\n|t:|1733788094\n|start\n|switch|p1a: Maushold|Maushold, L76|238/238\n|switch|p2a: Arceus|Arceus-Ghost, L69|280/280\n|turn|1\n|\n|t:|1733788106\n|-terastallize|p2a: Arceus|Fighting\n|move|p1a: Maushold|Bite|p2a: Arceus\n|-resisted|p2a: Arceus\n|-damage|p2a: Arceus|258/280\n|move|p2a: Arceus|Focus Blast|p1a: Maushold\n|-supereffective|p1a: Maushold\n|-damage|p1a: Maushold|0 fnt\n|faint|p1a: Maushold\n|\n|upkeep\n|\n|t:|1733788119\n|switch|p1a: Spidops|Spidops, L96, F|271/271\n|turn|2\n|\n|t:|1733788123\n|move|p2a: Arceus|Judgment|p1a: Spidops\n|-damage|p1a: Spidops|174/271\n|move|p1a: Spidops|Sticky Web|p2a: Arceus\n|-sidestart|p2: emangoat|move: Sticky Web\n|\n|upkeep\n|turn|3\n|\n|t:|1733788131\n|move|p2a: Arceus|Focus Blast|p1a: Spidops|[miss]\n|-miss|p2a: Arceus|p1a: Spidops\n|move|p1a: Spidops|Circle Throw|p2a: Arceus\n|-damage|p2a: Arceus|210/280\n|drag|p2a: Golem|Golem-Alola, L93, M|300/300\n|-activate|p2a: Golem|move: Sticky Web\n|-unboost|p2a: Golem|spe|1\n|\n|upkeep\n|turn|4\n|\n|t:|1733788144\n|switch|p1a: Bastiodon|Bastiodon, L89, F|252/252\n|move|p2a: Golem|Earthquake|p1a: Bastiodon\n|-supereffective|p1a: Bastiodon\n|-damage|p1a: Bastiodon|0 fnt\n|faint|p1a: Bastiodon\n|-damage|p2a: Golem|270/300|[from] item: Life Orb\n|\n|upkeep\n|\n|t:|1733788154\n|switch|p1a: Hydrapple|Hydrapple, L83, F|312/312\n|turn|5\n|\n|t:|1733788167\n|move|p1a: Hydrapple|Nasty Plot|p1a: Hydrapple\n|-boost|p1a: Hydrapple|spa|2\n|move|p2a: Golem|Rock Polish|p2a: Golem\n|-boost|p2a: Golem|spe|2\n|\n|upkeep\n|turn|6\n|\n|t:|1733788175\n|move|p2a: Golem|Earthquake|p1a: Hydrapple\n|-resisted|p1a: Hydrapple\n|-crit|p1a: Hydrapple\n|-damage|p1a: Hydrapple|229/312\n|-damage|p2a: Golem|240/300|[from] item: Life Orb\n|move|p1a: Hydrapple|Giga Drain|p2a: Golem\n|-supereffective|p2a: Golem\n|-damage|p2a: Golem|0 fnt\n|-heal|p1a: Hydrapple|312/312|[from] drain|[of] p2a: Golem\n|faint|p2a: Golem\n|\n|upkeep\n|\n|t:|1733788188\n|switch|p2a: Glaceon|Glaceon, L94, F|275/275\n|turn|7\n|\n|t:|1733788196\n|-terastallize|p1a: Hydrapple|Steel\n|move|p2a: Glaceon|Freeze-Dry|p1a: Hydrapple\n|-resisted|p1a: Hydrapple\n|-damage|p1a: Hydrapple|243/312\n|move|p1a: Hydrapple|Fickle Beam|p2a: Glaceon\n|-damage|p2a: Glaceon|116/275\n|\n|-heal|p1a: Hydrapple|262/312|[from] item: Leftovers\n|upkeep\n|turn|8\n|\n|t:|1733788207\n|move|p2a: Glaceon|Calm Mind|p2a: Glaceon\n|-boost|p2a: Glaceon|spa|1\n|-boost|p2a: Glaceon|spd|1\n|move|p1a: Hydrapple|Fickle Beam|p2a: Glaceon\n|-damage|p2a: Glaceon|7/275\n|\n|-heal|p1a: Hydrapple|281/312|[from] item: Leftovers\n|upkeep\n|turn|9\n|\n|t:|1733788220\n|move|p2a: Glaceon|Wish|p2a: Glaceon\n|move|p1a: Hydrapple|Nasty Plot|p1a: Hydrapple\n|-boost|p1a: Hydrapple|spa|2\n|\n|-heal|p1a: Hydrapple|300/312|[from] item: Leftovers\n|upkeep\n|turn|10\n|\n|t:|1733788226\n|move|p2a: Glaceon|Freeze-Dry|p1a: Hydrapple\n|-resisted|p1a: Hydrapple\n|-damage|p1a: Hydrapple|206/312\n|move|p1a: Hydrapple|Nasty Plot|p1a: Hydrapple\n|-boost|p1a: Hydrapple|spa|2\n|\n|-heal|p2a: Glaceon|144/275|[from] move: Wish|[wisher] Glaceon\n|-heal|p1a: Hydrapple|225/312|[from] item: Leftovers\n|upkeep\n|turn|11\n|\n|t:|1733788235\n|move|p2a: Glaceon|Protect|p2a: Glaceon\n|-singleturn|p2a: Glaceon|Protect\n|move|p1a: Hydrapple|Fickle Beam|p2a: Glaceon\n|-activate|p2a: Glaceon|move: Protect\n|\n|-heal|p1a: Hydrapple|244/312|[from] item: Leftovers\n|upkeep\n|turn|12\n|\n|t:|1733788242\n|move|p2a: Glaceon|Freeze-Dry|p1a: Hydrapple\n|-resisted|p1a: Hydrapple\n|-damage|p1a: Hydrapple|157/312\n|move|p1a: Hydrapple|Fickle Beam|p2a: Glaceon\n|-damage|p2a: Glaceon|0 fnt\n|faint|p2a: Glaceon\n|\n|-heal|p1a: Hydrapple|176/312|[from] item: Leftovers\n|upkeep\n|\n|t:|1733788253\n|switch|p2a: Camerupt|Camerupt, L91, F|275/275\n|-activate|p2a: Camerupt|move: Sticky Web\n|-unboost|p2a: Camerupt|spe|1\n|turn|13\n|\n|t:|1733788260\n|move|p1a: Hydrapple|Giga Drain|p2a: Camerupt\n|-damage|p2a: Camerupt|0 fnt\n|-heal|p1a: Hydrapple|312/312|[from] drain|[of] p2a: Camerupt\n|faint|p2a: Camerupt\n|\n|upkeep\n|\n|t:|1733788266\n|switch|p2a: Torterra|Torterra, L78, F|276/276\n|-activate|p2a: Torterra|move: Sticky Web\n|-unboost|p2a: Torterra|spe|1\n|turn|14\n|\n|t:|1733788275\n|move|p1a: Hydrapple|Giga Drain|p2a: Torterra\n|-damage|p2a: Torterra|0 fnt\n|faint|p2a: Torterra\n|\n|upkeep\n|\n|t:|1733788279\n|switch|p2a: Electrode|Electrode-Hisui, L87|246/246\n|-activate|p2a: Electrode|move: Sticky Web\n|-unboost|p2a: Electrode|spe|1\n|turn|15\n|\n|t:|1733788284\n|move|p2a: Electrode|Thunderbolt|p1a: Hydrapple\n|-damage|p1a: Hydrapple|209/312\n|move|p1a: Hydrapple|Fickle Beam|p2a: Electrode\n|-damage|p2a: Electrode|0 fnt\n|faint|p2a: Electrode\n|\n|-heal|p1a: Hydrapple|228/312|[from] item: Leftovers\n|upkeep\n|\n|t:|1733788291\n|switch|p2a: Arceus|Arceus-Ghost, L69, tera:Fighting|210/280\n|-activate|p2a: Arceus|move: Sticky Web\n|-unboost|p2a: Arceus|spe|1\n|turn|16\n|\n|t:|1733788301\n|move|p2a: Arceus|Focus Blast|p1a: Hydrapple\n|-supereffective|p1a: Hydrapple\n|-crit|p1a: Hydrapple\n|-damage|p1a: Hydrapple|0 fnt\n|faint|p1a: Hydrapple\n|\n|upkeep\n|\n|t:|1733788306\n|switch|p1a: Volbeat|Volbeat, L90, M|263/263\n|turn|17\n|\n|t:|1733788311\n|move|p1a: Volbeat|Thunder Wave|p2a: Arceus\n|-status|p2a: Arceus|par\n|move|p2a: Arceus|Focus Blast|p1a: Volbeat\n|-resisted|p1a: Volbeat\n|-damage|p1a: Volbeat|215/263\n|\n|upkeep\n|turn|18\n|\n|t:|1733788317\n|move|p1a: Volbeat|Encore|p2a: Arceus\n|-start|p2a: Arceus|Encore\n|cant|p2a: Arceus|par\n|\n|upkeep\n|turn|19\n|\n|t:|1733788322\n|move|p1a: Volbeat|U-turn|p2a: Arceus\n|-resisted|p2a: Arceus\n|-damage|p2a: Arceus|175/280 par\n|\n|t:|1733788329\n|switch|p1a: Beartic|Beartic, L91, M|321/321|[from] U-turn\n|move|p2a: Arceus|Focus Blast|p1a: Beartic|[miss]\n|-miss|p2a: Arceus|p1a: Beartic\n|\n|upkeep\n|turn|20\n|\n|t:|1733788341\n|move|p1a: Beartic|Icicle Crash|p2a: Arceus\n|-damage|p2a: Arceus|54/280 par\n|move|p2a: Arceus|Focus Blast|p1a: Beartic\n|-supereffective|p1a: Beartic\n|-damage|p1a: Beartic|129/321\n|\n|-end|p2a: Arceus|Encore\n|upkeep\n|turn|21\n|\n|t:|1733788350\n|move|p1a: Beartic|Icicle Crash|p2a: Arceus\n|-damage|p2a: Arceus|0 fnt\n|faint|p2a: Arceus\n|\n|win|pballgabe13\n|l|\u2606emangoat\n|player|p2|\n", "inputlog": ">version bfd83cad13791eb5a5a409923076391caf6fb4d4\n>start {\"formatid\":\"gen9randombattle\",\"seed\":[41017,42686,29918,61566]}\n>player p1 {\"name\":\"pballgabe13\",\"avatar\":\"karen\",\"rating\":0,\"seed\":[8388,7821,28359,33250]}\n>player p2 {\"name\":\"emangoat\",\"avatar\":\"1\",\"rating\":0,\"seed\":[52206,51713,53402,45271]}\n>p1 move bite\n>p2 move focusblast terastallize\n>p1 switch 2\n>p1 move stickyweb\n>p2 move judgment\n>p1 move circlethrow\n>p2 move focusblast\n>p1 switch 5\n>p2 move earthquake\n>p1 switch 6\n>p1 move nastyplot\n>p2 move rockpolish\n>p1 move gigadrain\n>p2 move earthquake\n>p2 switch 4\n>p1 move ficklebeam terastallize\n>p2 move freezedry\n>p1 move ficklebeam\n>p2 move calmmind\n>p1 move nastyplot\n>p2 move wish\n>p1 move nastyplot\n>p2 move freezedry\n>p1 move ficklebeam\n>p2 move protect\n>p1 move ficklebeam\n>p2 move freezedry\n>p2 switch 6\n>p1 move gigadrain\n>p2 move overheat\n>p2 switch 5\n>p1 move gigadrain\n>p2 move headlongrush\n>p2 switch 2\n>p1 move ficklebeam\n>p2 move thunderbolt\n>p2 switch 3\n>p1 move gigadrain\n>p2 move focusblast\n>p1 switch 4\n>p1 move thunderwave\n>p2 move focusblast\n>p1 move encore\n>p2 move calmmind\n>p1 move uturn\n>p2 move focusblast\n>p1 switch 3\n>p1 move iciclecrash\n>p2 move focusblast\n>p1 move iciclecrash\n>p2 move recover", "uploadtime": 1733788432, "views": 3, "formatid": "gen9randombattle", "rating": null, "private": 0, "password": null}