{"id": "gen9randombattle-2259924788", "format": "[Gen 9] Random Battle", "players": ["quickez", "Az1anSensation2"], "log": "|j|\u2606quickez\n|j|\u203dAz1anSensation2\n|t:|1733780550\n|gametype|singles\n|player|p1|quickez|101|2027\n|player|p2|Az1anSensation2|2|2137\n|teamsize|p1|6\n|teamsize|p2|6\n|gen|9\n|tier|[Gen 9] Random Battle\n|rated|\n|rule|Species Clause: Limit one of each Pok\u00e9mon\n|rule|HP Percentage Mod: HP is shown in percentages\n|rule|Sleep Clause Mod: Limit one foe put to sleep\n|rule|Illusion Level Mod: Illusion disguises the Pok\u00e9mon's true level\n|\n|t:|1733780550\n|start\n|switch|p1a: Scrafty|Scrafty, L84, F|246/246\n|switch|p2a: Swanna|Swanna, L88, F|275/275\n|-ability|p1a: Scrafty|Intimidate|boost\n|-unboost|p2a: Swanna|atk|1\n|turn|1\n|inactive|Battle timer is ON: inactive players will automatically lose when time's up. (requested by Az1anSensation2)\n|inactive|quickez has 120 seconds left.\n|\n|t:|1733780599\n|switch|p1a: Raikou|Raikou, L81|278/278\n|-ability|p1a: Raikou|Pressure\n|move|p2a: Swanna|Brave Bird|p1a: Raikou\n|-resisted|p1a: Raikou\n|-damage|p1a: Raikou|226/278\n|-damage|p2a: Swanna|258/275|[from] Recoil\n|\n|-heal|p1a: Raikou|243/278|[from] item: Leftovers\n|upkeep\n|turn|2\n|inactive|Az1anSensation2 has 120 seconds left.\n|\n|t:|1733780640\n|switch|p2a: Overqwil|Overqwil, L82, F|274/274\n|-ability|p2a: Overqwil|Intimidate|boost\n|-unboost|p1a: Raikou|atk|1\n|move|p1a: Raikou|Calm Mind|p1a: Raikou\n|-boost|p1a: Raikou|spa|1\n|-boost|p1a: Raikou|spd|1\n|\n|-heal|p1a: Raikou|260/278|[from] item: Leftovers\n|upkeep\n|turn|3\n|\n|t:|1733780652\n|move|p1a: Raikou|Scald|p2a: Overqwil\n|-damage|p2a: Overqwil|152/274\n|move|p2a: Overqwil|Gunk Shot|p1a: Raikou\n|-damage|p1a: Raikou|17/278\n|\n|-heal|p1a: Raikou|34/278|[from] item: Leftovers\n|upkeep\n|turn|4\n|inactive|Az1anSensation2 has 90 seconds left.\n|\n|t:|1733780683\n|move|p1a: Raikou|Thunderbolt|p2a: Overqwil\n|-damage|p2a: Overqwil|0 fnt\n|faint|p2a: Overqwil\n|\n|-heal|p1a: Raikou|51/278|[from] item: Leftovers\n|upkeep\n|inactive|Az1anSensation2 has 90 seconds left.\n|\n|t:|1733780692\n|switch|p2a: Darkrai|Darkrai, L77|234/234\n|turn|5\n|inactive|quickez has 120 seconds left.\n|\n|t:|1733780723\n|switch|p1a: Brute Bonnet|Brute Bonnet, L81|312/312\n|move|p2a: Darkrai|Dark Pulse|p1a: Brute Bonnet\n|-resisted|p1a: Brute Bonnet\n|-damage|p1a: Brute Bonnet|266/312\n|\n|upkeep\n|turn|6\n|\n|t:|1733780732\n|move|p2a: Darkrai|Substitute|p2a: Darkrai\n|-start|p2a: Darkrai|Substitute\n|-damage|p2a: Darkrai|176/234\n|move|p1a: Brute Bonnet|Seed Bomb|p2a: Darkrai\n|-end|p2a: Darkrai|Substitute\n|\n|-heal|p2a: Darkrai|190/234|[from] item: Leftovers\n|upkeep\n|turn|7\n|inactive|Az1anSensation2 has 90 seconds left.\n|\n|t:|1733780762\n|move|p2a: Darkrai|Sludge Bomb|p1a: Brute Bonnet\n|-supereffective|p1a: Brute Bonnet\n|-damage|p1a: Brute Bonnet|122/312\n|-status|p1a: Brute Bonnet|psn\n|move|p1a: Brute Bonnet|Seed Bomb|p2a: Darkrai\n|-damage|p2a: Darkrai|42/234\n|\n|-heal|p2a: Darkrai|56/234|[from] item: Leftovers\n|-damage|p1a: Brute Bonnet|83/312 psn|[from] psn\n|upkeep\n|turn|8\n|\n|t:|1733780768\n|move|p2a: Darkrai|Sludge Bomb|p1a: Brute Bonnet\n|-supereffective|p1a: Brute Bonnet\n|-damage|p1a: Brute Bonnet|0 fnt\n|faint|p1a: Brute Bonnet\n|-end|p1a: Brute Bonnet|Protosynthesis|[silent]\n|\n|-heal|p2a: Darkrai|70/234|[from] item: Leftovers\n|upkeep\n|\n|t:|1733780776\n|switch|p1a: Pikachu|Pikachu-Unova, L93, M|216/216\n|turn|9\n|\n|t:|1733780787\n|move|p2a: Darkrai|Dark Pulse|p1a: Pikachu\n|-damage|p1a: Pikachu|93/216\n|move|p1a: Pikachu|Surf|p2a: Darkrai\n|-damage|p2a: Darkrai|0 fnt\n|faint|p2a: Darkrai\n|\n|upkeep\n|inactive|Az1anSensation2 has 90 seconds left.\n|\n|t:|1733780817\n|switch|p2a: Flutter Mane|Flutter Mane, L74|203/203\n|turn|10\n|\n|t:|1733780826\n|switch|p1a: Victreebel|Victreebel, L90, M|290/290\n|move|p2a: Flutter Mane|Moonblast|p1a: Victreebel\n|-resisted|p1a: Victreebel\n|-damage|p1a: Victreebel|198/290\n|\n|upkeep\n|turn|11\n|inactive|Az1anSensation2 has 90 seconds left.\n|\n|t:|1733780839\n|-end|p2a: Flutter Mane|Protosynthesis|[silent]\n|switch|p2a: Lunala|Lunala, L70|308/308\n|move|p1a: Victreebel|Power Whip|p2a: Lunala\n|-damage|p2a: Lunala|186/308\n|-damage|p1a: Victreebel|169/290|[from] item: Life Orb\n|\n|-heal|p2a: Lunala|205/308|[from] item: Leftovers\n|upkeep\n|turn|12\n|inactive|Az1anSensation2 has 90 seconds left.\n|\n|t:|1733780854\n|move|p2a: Lunala|Moonlight|p2a: Lunala\n|-heal|p2a: Lunala|308/308\n|move|p1a: Victreebel|Power Whip|p2a: Lunala\n|-damage|p2a: Lunala|190/308\n|-damage|p1a: Victreebel|140/290|[from] item: Life Orb\n|\n|-heal|p2a: Lunala|209/308|[from] item: Leftovers\n|upkeep\n|turn|13\n|\n|t:|1733780862\n|move|p1a: Victreebel|Power Whip|p2a: Lunala|[miss]\n|-miss|p1a: Victreebel|p2a: Lunala\n|move|p2a: Lunala|Moonlight|p2a: Lunala\n|-heal|p2a: Lunala|308/308\n|\n|upkeep\n|turn|14\n|inactive|Az1anSensation2 has 90 seconds left.\n|\n|t:|1733780870\n|move|p2a: Lunala|Moongeist Beam|p1a: Victreebel\n|-damage|p1a: Victreebel|34/290\n|move|p1a: Victreebel|Swords Dance|p1a: Victreebel\n|-boost|p1a: Victreebel|atk|2\n|\n|upkeep\n|turn|15\n|inactive|Az1anSensation2 has 90 seconds left.\n|\n|t:|1733780899\n|-terastallize|p2a: Lunala|Fairy\n|move|p1a: Victreebel|Sucker Punch|p2a: Lunala\n|-resisted|p2a: Lunala\n|-damage|p2a: Lunala|263/308\n|-damage|p1a: Victreebel|5/290|[from] item: Life Orb\n|move|p2a: Lunala|Moongeist Beam|p1a: Victreebel\n|-damage|p1a: Victreebel|0 fnt\n|faint|p1a: Victreebel\n|\n|-heal|p2a: Lunala|282/308|[from] item: Leftovers\n|upkeep\n|\n|t:|1733780911\n|switch|p1a: Pikachu|Pikachu-Unova, L93, M|93/216\n|turn|16\n|\n|t:|1733780925\n|move|p1a: Pikachu|Volt Tackle|p2a: Lunala\n|-damage|p2a: Lunala|30/308\n|-damage|p1a: Pikachu|10/216|[from] Recoil\n|move|p2a: Lunala|Moonblast|p1a: Pikachu\n|-damage|p1a: Pikachu|0 fnt\n|faint|p1a: Pikachu\n|\n|-heal|p2a: Lunala|49/308|[from] item: Leftovers\n|upkeep\n|\n|t:|1733780933\n|switch|p1a: Raikou|Raikou, L81|51/278\n|-ability|p1a: Raikou|Pressure\n|turn|17\n|inactive|Az1anSensation2 has 90 seconds left.\n|\n|t:|1733780940\n|move|p1a: Raikou|Thunderbolt|p2a: Lunala\n|-damage|p2a: Lunala|0 fnt\n|faint|p2a: Lunala\n|\n|-heal|p1a: Raikou|68/278|[from] item: Leftovers\n|upkeep\n|inactive|Az1anSensation2 has 90 seconds left.\n|\n|t:|1733780950\n|switch|p2a: Flutter Mane|Flutter Mane, L74|203/203\n|turn|18\n|\n|t:|1733780955\n|switch|p1a: Scrafty|Scrafty, L84, F|246/246\n|-ability|p1a: Scrafty|Intimidate|boost\n|-unboost|p2a: Flutter Mane|atk|1\n|move|p2a: Flutter Mane|Moonblast|p1a: Scrafty\n|-supereffective|p1a: Scrafty\n|-damage|p1a: Scrafty|0 fnt\n|faint|p1a: Scrafty\n|\n|upkeep\n|\n|t:|1733780957\n|switch|p1a: Ursaluna|Ursaluna-Bloodmoon, L79, M|308/308\n|turn|19\n|\n|t:|1733780973\n|move|p2a: Flutter Mane|Moonblast|p1a: Ursaluna\n|-damage|p1a: Ursaluna|89/308\n|move|p1a: Ursaluna|Blood Moon|p2a: Flutter Mane\n|-damage|p2a: Flutter Mane|62/203\n|\n|-heal|p1a: Ursaluna|108/308|[from] item: Leftovers\n|upkeep\n|turn|20\n|inactive|quickez has 120 seconds left.\n|\n|t:|1733781005\n|move|p1a: Ursaluna|Vacuum Wave|p2a: Flutter Mane\n|-resisted|p2a: Flutter Mane\n|-damage|p2a: Flutter Mane|49/203\n|move|p2a: Flutter Mane|Moonblast|p1a: Ursaluna\n|-damage|p1a: Ursaluna|0 fnt\n|faint|p1a: Ursaluna\n|\n|upkeep\n|\n|t:|1733781007\n|switch|p1a: Raikou|Raikou, L81|68/278\n|-ability|p1a: Raikou|Pressure\n|turn|21\n|\n|t:|1733781012\n|-terastallize|p1a: Raikou|Water\n|move|p2a: Flutter Mane|Moonblast|p1a: Raikou\n|-damage|p1a: Raikou|0 fnt\n|faint|p1a: Raikou\n|\n|win|Az1anSensation2\n|raw|quickez's rating: 2027 &rarr; <strong>2013</strong><br />(-14 for losing)\n|raw|Az1anSensation2's rating: 2137 &rarr; <strong>2151</strong><br />(+14 for winning)\n|l|\u2606quickez\n|player|p1|\n", "inputlog": ">version bfd83cad13791eb5a5a409923076391caf6fb4d4\n>start {\"formatid\":\"gen9randombattle\",\"seed\":[13330,62877,60405,39493],\"rated\":\"Rated battle\"}\n>player p1 {\"name\":\"quickez\",\"avatar\":\"101\",\"rating\":2027,\"seed\":[58785,31578,43703,39667]}\n>player p2 {\"name\":\"Az1anSensation2\",\"avatar\":\"2\",\"rating\":2137,\"seed\":[19210,29432,3079,41556]}\n>p1 switch 4\n>p2 move bravebird\n>p1 move calmmind\n>p2 switch 3\n>p1 move scald\n>p2 move gunkshot\n>p1 move thunderbolt\n>p2 move gunkshot\n>p2 switch 2\n>p1 switch 5\n>p2 move darkpulse\n>p1 move seedbomb\n>p2 move substitute\n>p1 move seedbomb\n>p2 move sludgebomb\n>p1 move seedbomb\n>p2 move sludgebomb\n>p1 switch 2\n>p1 move surf\n>p2 move darkpulse\n>p2 switch 6\n>p1 switch 6\n>p2 move moonblast\n>p1 move powerwhip\n>p2 switch 5\n>p1 move powerwhip\n>p2 move moonlight\n>p1 move powerwhip\n>p2 move moonlight\n>p1 move swordsdance\n>p2 move moongeistbeam\n>p1 move suckerpunch\n>p2 move moongeistbeam terastallize\n>p1 switch 6\n>p1 move volttackle\n>p2 move moonblast\n>p1 switch 5\n>p1 move thunderbolt\n>p2 move moongeistbeam\n>p2 switch 5\n>p1 switch 4\n>p2 move moonblast\n>p1 switch 3\n>p1 move bloodmoon\n>p2 move moonblast\n>p1 move vacuumwave\n>p2 move moonblast\n>p1 switch 4\n>p1 move thunderbolt terastallize\n>p2 move moonblast", "uploadtime": 1733781015, "views": 3, "formatid": "gen9randombattle", "rating": 2013, "private": 0, "password": null}