{"id": "gen9randombattle-2260612200", "format": "[Gen 9] Random Battle", "players": ["Nicopico33", "DiamondDiancie25"], "log": "|j|\u2606Nicopico33\n|j|\u2606DiamondDiancie25\n|t:|1733869199\n|gametype|singles\n|player|p1|Nicopico33|170|1379\n|player|p2|DiamondDiancie25|psychic-gen4|1426\n|teamsize|p1|6\n|teamsize|p2|6\n|gen|9\n|tier|[Gen 9] Random Battle\n|rated|\n|rule|Species Clause: Limit one of each Pok\u00e9mon\n|rule|HP Percentage Mod: HP is shown in percentages\n|rule|Sleep Clause Mod: Limit one foe put to sleep\n|rule|Illusion Level Mod: Illusion disguises the Pok\u00e9mon's true level\n|\n|t:|1733869199\n|start\n|switch|p1a: Kyurem|Kyurem-White, L73|303/303\n|switch|p2a: Meowstic|Meowstic, L89, M|277/277\n|-ability|p1a: Kyurem|Turboblaze\n|turn|1\n|inactive|Battle timer is ON: inactive players will automatically lose when time's up. (requested by Nicopico33)\n|\n|t:|1733869219\n|move|p2a: Meowstic|Thunder Wave|p1a: Kyurem\n|-status|p1a: Kyurem|par\n|move|p1a: Kyurem|Fusion Flare|p2a: Meowstic\n|-damage|p2a: Meowstic|190/277\n|\n|-heal|p2a: Meowstic|207/277|[from] item: Leftovers\n|upkeep\n|turn|2\n|inactive|DiamondDiancie25 has 120 seconds left.\n|\n|t:|1733869251\n|switch|p1a: Garganacl|Garganacl, L80, F|291/291\n|move|p2a: Meowstic|Alluring Voice|p1a: Garganacl\n|-damage|p1a: Garganacl|233/291\n|\n|-heal|p2a: Meowstic|224/277|[from] item: Leftovers\n|-heal|p1a: Garganacl|251/291|[from] item: Leftovers\n|upkeep\n|turn|3\n|\n|t:|1733869259\n|move|p2a: Meowstic|Psychic Noise|p1a: Garganacl\n|-damage|p1a: Garganacl|167/291\n|-start|p1a: Garganacl|move: Heal Block\n|move|p1a: Garganacl|Stealth Rock|p2a: Meowstic\n|-sidestart|p2: DiamondDiancie25|move: Stealth Rock\n|\n|-heal|p2a: Meowstic|241/277|[from] item: Leftovers\n|upkeep\n|turn|4\n|\n|t:|1733869269\n|switch|p2a: Masquerain|Masquerain, L87, F|264/264\n|-ability|p2a: Masquerain|Intimidate|boost\n|-unboost|p1a: Garganacl|atk|1\n|move|p1a: Garganacl|Salt Cure|p2a: Masquerain\n|-supereffective|p2a: Masquerain\n|-damage|p2a: Masquerain|120/264\n|-start|p2a: Masquerain|Salt Cure\n|\n|-damage|p2a: Masquerain|87/264|[from] Salt Cure\n|-end|p1a: Garganacl|move: Heal Block\n|upkeep\n|turn|5\n|\n|t:|1733869283\n|move|p2a: Masquerain|Hydro Pump|p1a: Garganacl\n|-supereffective|p1a: Garganacl\n|-damage|p1a: Garganacl|0 fnt\n|faint|p1a: Garganacl\n|\n|-damage|p2a: Masquerain|54/264|[from] Salt Cure\n|upkeep\n|inactive|Nicopico33 has 120 seconds left.\n|\n|t:|1733869329\n|switch|p1a: Kyurem|Kyurem-White, L73|303/303 par\n|-ability|p1a: Kyurem|Turboblaze\n|turn|6\n|\n|t:|1733869334\n|move|p2a: Masquerain|Sticky Web|p1a: Kyurem\n|-sidestart|p1: Nicopico33|move: Sticky Web\n|move|p1a: Kyurem|Fusion Flare|p2a: Masquerain\n|-supereffective|p2a: Masquerain\n|-damage|p2a: Masquerain|0 fnt\n|faint|p2a: Masquerain\n|\n|upkeep\n|\n|t:|1733869347\n|switch|p2a: Malamar|Malamar, L82, F|275/275\n|-damage|p2a: Malamar|241/275|[from] Stealth Rock\n|turn|7\n|inactive|Nicopico33 has 120 seconds left.\n|\n|t:|1733869372\n|move|p2a: Malamar|Superpower|p1a: Kyurem\n|-supereffective|p1a: Kyurem\n|-damage|p1a: Kyurem|121/303 par\n|-boost|p2a: Malamar|atk|1\n|-boost|p2a: Malamar|def|1\n|cant|p1a: Kyurem|par\n|\n|-heal|p2a: Malamar|258/275|[from] item: Leftovers\n|upkeep\n|turn|8\n|\n|t:|1733869380\n|move|p2a: Malamar|Superpower|p1a: Kyurem\n|-supereffective|p1a: Kyurem\n|-damage|p1a: Kyurem|0 fnt\n|-boost|p2a: Malamar|atk|1\n|-boost|p2a: Malamar|def|1\n|faint|p1a: Kyurem\n|\n|-heal|p2a: Malamar|275/275|[from] item: Leftovers\n|upkeep\n|\n|t:|1733869399\n|switch|p1a: Venomoth|Venomoth, L84, M|255/255\n|turn|9\n|\n|t:|1733869414\n|-terastallize|p2a: Malamar|Steel\n|move|p1a: Venomoth|Bug Buzz|p2a: Malamar\n|-resisted|p2a: Malamar\n|-damage|p2a: Malamar|167/275\n|move|p2a: Malamar|Knock Off|p1a: Venomoth\n|-damage|p1a: Venomoth|12/255\n|-enditem|p1a: Venomoth|Heavy-Duty Boots|[from] move: Knock Off|[of] p2a: Malamar\n|\n|-heal|p2a: Malamar|184/275|[from] item: Leftovers\n|upkeep\n|turn|10\n|inactive|Nicopico33 has 120 seconds left.\n|\n|t:|1733869423\n|move|p1a: Venomoth|Sleep Powder|p2a: Malamar\n|-status|p2a: Malamar|slp|[from] move: Sleep Powder\n|cant|p2a: Malamar|slp\n|\n|-heal|p2a: Malamar|201/275 slp|[from] item: Leftovers\n|upkeep\n|turn|11\n|\n|t:|1733869430\n|move|p1a: Venomoth|Quiver Dance|p1a: Venomoth\n|-boost|p1a: Venomoth|spa|1\n|-boost|p1a: Venomoth|spd|1\n|-boost|p1a: Venomoth|spe|1\n|cant|p2a: Malamar|slp\n|move|p2a: Malamar|Sleep Talk|p2a: Malamar\n|move|p2a: Malamar|Rest||[from]move: Sleep Talk|[still]\n|-fail|p2a: Malamar\n|\n|-heal|p2a: Malamar|218/275 slp|[from] item: Leftovers\n|upkeep\n|turn|12\n|inactive|Nicopico33 has 120 seconds left.\n|\n|t:|1733869462\n|move|p1a: Venomoth|Bug Buzz|p2a: Malamar\n|-resisted|p2a: Malamar\n|-damage|p2a: Malamar|54/275 slp\n|-curestatus|p2a: Malamar|slp|[msg]\n|move|p2a: Malamar|Knock Off|p1a: Venomoth\n|-damage|p1a: Venomoth|0 fnt\n|faint|p1a: Venomoth\n|\n|-heal|p2a: Malamar|71/275|[from] item: Leftovers\n|upkeep\n|\n|t:|1733869467\n|switch|p1a: Komala|Komala, L89, M|260/260\n|-activate|p1a: Komala|move: Sticky Web\n|-unboost|p1a: Komala|spe|1\n|-ability|p1a: Komala|Comatose\n|turn|13\n|\n|t:|1733869477\n|move|p2a: Malamar|Superpower|p1a: Komala\n|-supereffective|p1a: Komala\n|-damage|p1a: Komala|0 fnt\n|-boost|p2a: Malamar|atk|1\n|-boost|p2a: Malamar|def|1\n|faint|p1a: Komala\n|\n|-heal|p2a: Malamar|88/275|[from] item: Leftovers\n|upkeep\n|inactive|Nicopico33 has 120 seconds left.\n|\n|t:|1733869492\n|switch|p1a: Toucannon|Toucannon, L88, M|284/284\n|turn|14\n|\n|t:|1733869507\n|move|p2a: Malamar|Rest|p2a: Malamar\n|-status|p2a: Malamar|slp|[from] move: Rest\n|-heal|p2a: Malamar|275/275 slp|[silent]\n|move|p1a: Toucannon|Boomburst|p2a: Malamar\n|-resisted|p2a: Malamar\n|-damage|p2a: Malamar|197/275 slp\n|\n|-heal|p2a: Malamar|214/275 slp|[from] item: Leftovers\n|upkeep\n|turn|15\n|\n|t:|1733869519\n|cant|p2a: Malamar|slp\n|move|p2a: Malamar|Sleep Talk|p2a: Malamar\n|move|p2a: Malamar|Knock Off|p1a: Toucannon|[from]move: Sleep Talk\n|-damage|p1a: Toucannon|29/284\n|-enditem|p1a: Toucannon|Heavy-Duty Boots|[from] move: Knock Off|[of] p2a: Malamar\n|move|p1a: Toucannon|Boomburst|p2a: Malamar\n|-resisted|p2a: Malamar\n|-damage|p2a: Malamar|135/275 slp\n|\n|-heal|p2a: Malamar|152/275 slp|[from] item: Leftovers\n|upkeep\n|turn|16\n|\n|t:|1733869529\n|cant|p2a: Malamar|slp\n|move|p2a: Malamar|Sleep Talk|p2a: Malamar\n|move|p2a: Malamar|Superpower|p1a: Toucannon|[from]move: Sleep Talk\n|-damage|p1a: Toucannon|0 fnt\n|-boost|p2a: Malamar|atk|1\n|-boost|p2a: Malamar|def|1\n|faint|p1a: Toucannon\n|\n|-heal|p2a: Malamar|169/275 slp|[from] item: Leftovers\n|upkeep\n|\n|t:|1733869534\n|switch|p1a: Iron Crown|Iron Crown, L78|268/268\n|-activate|p1a: Iron Crown|move: Sticky Web\n|-unboost|p1a: Iron Crown|spe|1\n|turn|17\n|\n|t:|1733869544\n|-curestatus|p2a: Malamar|slp|[msg]\n|move|p2a: Malamar|Knock Off|p1a: Iron Crown\n|-supereffective|p1a: Iron Crown\n|-damage|p1a: Iron Crown|0 fnt\n|-enditem|p1a: Iron Crown|Leftovers|[from] move: Knock Off|[of] p2a: Malamar\n|faint|p1a: Iron Crown\n|-end|p1a: Iron Crown|Quark Drive|[silent]\n|\n|win|DiamondDiancie25\n|raw|Nicopico33's rating: 1399 &rarr; <strong>1381</strong><br />(-18 for losing)\n|raw|DiamondDiancie25's rating: 1426 &rarr; <strong>1444</strong><br />(+18 for winning)\n", "inputlog": ">version bfd83cad13791eb5a5a409923076391caf6fb4d4\n>start {\"formatid\":\"gen9randombattle\",\"seed\":[39268,55429,19026,44170],\"rated\":\"Rated battle\"}\n>player p1 {\"name\":\"Nicopico33\",\"avatar\":\"170\",\"rating\":1379,\"seed\":[41538,51555,12787,1524]}\n>player p2 {\"name\":\"DiamondDiancie25\",\"avatar\":\"psychic-gen4\",\"rating\":1426,\"seed\":[31963,39721,28450,34057]}\n>p1 move fusionflare\n>p2 move thunderwave\n>p1 switch 6\n>p2 move alluringvoice\n>p1 move stealthrock\n>p2 move psychicnoise\n>p1 move saltcure\n>p2 switch 2\n>p1 move saltcure\n>p2 move hydropump\n>p1 switch 6\n>p1 move fusionflare\n>p2 move stickyweb\n>p2 switch 6\n>p1 move fusionflare\n>p2 move superpower\n>p1 move fusionflare\n>p2 move superpower\n>p1 switch 5\n>p1 move bugbuzz\n>p2 move knockoff terastallize\n>p1 move sleeppowder\n>p2 move superpower\n>p1 move quiverdance\n>p2 move sleeptalk\n>p1 move bugbuzz\n>p2 move knockoff\n>p1 switch 4\n>p1 move doubleedge\n>p2 move superpower\n>p1 switch 3\n>p1 move boomburst\n>p2 move rest\n>p1 move boomburst\n>p2 move sleeptalk\n>p1 move boomburst\n>p2 move sleeptalk\n>p1 switch 2\n>p1 move focusblast\n>p2 move knockoff", "uploadtime": 1733869551, "views": 2, "formatid": "gen9randombattle", "rating": 1381, "private": 0, "password": null}