{"id": "gen9randombattle-2260522666", "format": "[Gen 9] Random Battle", "players": ["GymLeaderAtom", "Mzingalwa"], "log": "|j|\u2606GymLeaderAtom\n|j|\u2606Mzingalwa\n|t:|1733859805\n|gametype|singles\n|player|p1|GymLeaderAtom|yellow|1539\n|player|p2|Mzingalwa|170|1505\n|teamsize|p1|6\n|teamsize|p2|6\n|gen|9\n|tier|[Gen 9] Random Battle\n|rated|\n|rule|Species Clause: Limit one of each Pok\u00e9mon\n|rule|HP Percentage Mod: HP is shown in percentages\n|rule|Sleep Clause Mod: Limit one foe put to sleep\n|rule|Illusion Level Mod: Illusion disguises the Pok\u00e9mon's true level\n|\n|t:|1733859805\n|start\n|switch|p1a: Milotic|Milotic, L83, F|293/293\n|switch|p2a: Dialga|Dialga-Origin, L73|266/266\n|-ability|p2a: Dialga|Pressure\n|turn|1\n|inactive|Battle timer is ON: inactive players will automatically lose when time's up. (requested by Mzingalwa)\n|inactive|GymLeaderAtom also wants the timer to be on.\n|c|\u2606GymLeaderAtom|May the best win\n|c|\u2606GymLeaderAtom|Good luck\n|c|\u2606GymLeaderAtom|Have fun\n|\n|t:|1733859818\n|switch|p1a: Hariyama|Hariyama, L87, F|392/392\n|move|p2a: Dialga|Stealth Rock|p1a: Hariyama\n|-sidestart|p1: GymLeaderAtom|move: Stealth Rock\n|\n|upkeep\n|turn|2\n|\n|t:|1733859824\n|switch|p2a: Dragalge|Dragalge, L88, F|258/258\n|move|p1a: Hariyama|Knock Off|p2a: Dragalge\n|-damage|p2a: Dragalge|182/258\n|-enditem|p2a: Dragalge|Leftovers|[from] move: Knock Off|[of] p1a: Hariyama\n|\n|upkeep\n|turn|3\n|c|\u2606Mzingalwa|glhf\n|c|\u2606GymLeaderAtom|ty friend\n|\n|t:|1733859850\n|move|p1a: Hariyama|Stone Edge|p2a: Dragalge|[miss]\n|-miss|p1a: Hariyama|p2a: Dragalge\n|move|p2a: Dragalge|Toxic|p1a: Hariyama\n|-status|p1a: Hariyama|tox\n|\n|-damage|p1a: Hariyama|368/392 tox|[from] psn\n|upkeep\n|turn|4\n|\n|t:|1733859855\n|move|p1a: Hariyama|Stone Edge|p2a: Dragalge\n|-damage|p2a: Dragalge|93/258\n|move|p2a: Dragalge|Sludge Wave|p1a: Hariyama\n|-crit|p1a: Hariyama\n|-damage|p1a: Hariyama|190/392 tox\n|\n|-damage|p1a: Hariyama|142/392 tox|[from] psn\n|upkeep\n|turn|5\n|\n|t:|1733859864\n|move|p1a: Hariyama|Stone Edge|p2a: Dragalge\n|-damage|p2a: Dragalge|13/258\n|move|p2a: Dragalge|Sludge Wave|p1a: Hariyama\n|-damage|p1a: Hariyama|22/392 tox\n|\n|-damage|p1a: Hariyama|0 fnt|[from] psn\n|faint|p1a: Hariyama\n|upkeep\n|\n|t:|1733859873\n|switch|p1a: Milotic|Milotic, L83, F|293/293\n|-damage|p1a: Milotic|257/293|[from] Stealth Rock\n|turn|6\n|\n|t:|1733859875\n|move|p1a: Milotic|Ice Beam|p2a: Dragalge\n|-supereffective|p2a: Dragalge\n|-damage|p2a: Dragalge|0 fnt\n|faint|p2a: Dragalge\n|\n|-heal|p1a: Milotic|275/293|[from] item: Leftovers\n|upkeep\n|\n|t:|1733859884\n|switch|p2a: Poliwrath|Poliwrath, L88, M|302/302\n|turn|7\n|\n|t:|1733859897\n|move|p1a: Milotic|Scald|p2a: Poliwrath\n|-resisted|p2a: Poliwrath\n|-damage|p2a: Poliwrath|265/302\n|-status|p2a: Poliwrath|brn\n|move|p2a: Poliwrath|Rain Dance|p2a: Poliwrath\n|-weather|RainDance\n|\n|-weather|RainDance|[upkeep]\n|-heal|p1a: Milotic|293/293|[from] item: Leftovers\n|-damage|p2a: Poliwrath|247/302 brn|[from] brn\n|upkeep\n|turn|8\n|c|\u2606GymLeaderAtom|Gamble paid off\n|\n|t:|1733859923\n|move|p2a: Poliwrath|Knock Off|p1a: Milotic\n|-damage|p1a: Milotic|241/293\n|-enditem|p1a: Milotic|Leftovers|[from] move: Knock Off|[of] p2a: Poliwrath\n|-damage|p2a: Poliwrath|217/302 brn|[from] item: Life Orb\n|move|p1a: Milotic|Scald|p2a: Poliwrath\n|-resisted|p2a: Poliwrath\n|-damage|p2a: Poliwrath|153/302 brn\n|\n|-weather|RainDance|[upkeep]\n|-damage|p2a: Poliwrath|135/302 brn|[from] brn\n|upkeep\n|turn|9\n|\n|t:|1733859929\n|move|p2a: Poliwrath|Close Combat|p1a: Milotic\n|-damage|p1a: Milotic|141/293\n|-unboost|p2a: Poliwrath|def|1\n|-unboost|p2a: Poliwrath|spd|1\n|-damage|p2a: Poliwrath|105/302 brn|[from] item: Life Orb\n|move|p1a: Milotic|Recover|p1a: Milotic\n|-heal|p1a: Milotic|288/293\n|\n|-weather|RainDance|[upkeep]\n|-damage|p2a: Poliwrath|87/302 brn|[from] brn\n|upkeep\n|turn|10\n|\n|t:|1733859934\n|move|p2a: Poliwrath|Close Combat|p1a: Milotic\n|-damage|p1a: Milotic|183/293\n|-unboost|p2a: Poliwrath|def|1\n|-unboost|p2a: Poliwrath|spd|1\n|-damage|p2a: Poliwrath|57/302 brn|[from] item: Life Orb\n|move|p1a: Milotic|Scald|p2a: Poliwrath\n|-resisted|p2a: Poliwrath\n|-damage|p2a: Poliwrath|0 fnt\n|faint|p2a: Poliwrath\n|\n|-weather|RainDance|[upkeep]\n|upkeep\n|\n|t:|1733859948\n|switch|p2a: Toedscruel|Toedscruel, L87, M|281/281\n|turn|11\n|\n|t:|1733859954\n|-terastallize|p2a: Toedscruel|Water\n|move|p2a: Toedscruel|Giga Drain|p1a: Milotic\n|-supereffective|p1a: Milotic\n|-damage|p1a: Milotic|57/293\n|move|p1a: Milotic|Ice Beam|p2a: Toedscruel\n|-resisted|p2a: Toedscruel\n|-damage|p2a: Toedscruel|255/281\n|\n|-weather|none\n|-heal|p2a: Toedscruel|272/281|[from] item: Leftovers\n|upkeep\n|turn|12\n|\n|t:|1733859962\n|move|p1a: Milotic|Recover|p1a: Milotic\n|-heal|p1a: Milotic|204/293\n|move|p2a: Toedscruel|Toxic|p1a: Milotic\n|-status|p1a: Milotic|tox\n|\n|-heal|p2a: Toedscruel|281/281|[from] item: Leftovers\n|-damage|p1a: Milotic|186/293 tox|[from] psn\n|upkeep\n|turn|13\n|\n|t:|1733859969\n|move|p2a: Toedscruel|Giga Drain|p1a: Milotic\n|-supereffective|p1a: Milotic\n|-damage|p1a: Milotic|70/293 tox\n|move|p1a: Milotic|Scald|p2a: Toedscruel\n|-resisted|p2a: Toedscruel\n|-damage|p2a: Toedscruel|248/281\n|\n|-heal|p2a: Toedscruel|265/281|[from] item: Leftovers\n|-damage|p1a: Milotic|34/293 tox|[from] psn\n|upkeep\n|turn|14\n|\n|t:|1733859973\n|move|p2a: Toedscruel|Rapid Spin|p1a: Milotic\n|-damage|p1a: Milotic|4/293 tox\n|-boost|p2a: Toedscruel|spe|1\n|move|p1a: Milotic|Scald|p2a: Toedscruel\n|-resisted|p2a: Toedscruel\n|-damage|p2a: Toedscruel|234/281\n|\n|-heal|p2a: Toedscruel|251/281|[from] item: Leftovers\n|-damage|p1a: Milotic|0 fnt|[from] psn\n|faint|p1a: Milotic\n|upkeep\n|\n|t:|1733859978\n|switch|p1a: Maushold|Maushold, L76|238/238\n|-damage|p1a: Maushold|209/238|[from] Stealth Rock\n|turn|15\n|\n|t:|1733859983\n|move|p2a: Toedscruel|Earth Power|p1a: Maushold\n|-crit|p1a: Maushold\n|-damage|p1a: Maushold|49/238\n|move|p1a: Maushold|Tidy Up|p1a: Maushold\n|-sideend|p1: GymLeaderAtom|Stealth Rock\n|-activate|p1a: Maushold|move: Tidy Up\n|-boost|p1a: Maushold|atk|1\n|-boost|p1a: Maushold|spe|1\n|\n|-heal|p2a: Toedscruel|268/281|[from] item: Leftovers\n|upkeep\n|turn|16\n|\n|t:|1733859991\n|move|p2a: Toedscruel|Giga Drain|p1a: Maushold\n|-damage|p1a: Maushold|0 fnt\n|-heal|p2a: Toedscruel|281/281|[from] drain|[of] p1a: Maushold\n|faint|p1a: Maushold\n|\n|upkeep\n|\n|t:|1733859998\n|switch|p1a: Garganacl|Garganacl, L80, M|291/291\n|turn|17\n|c|\u2606Mzingalwa|glad I rapid spun\n|c|\u2606GymLeaderAtom|It was a good move\n|\n|t:|1733860015\n|-terastallize|p1a: Garganacl|Ghost\n|move|p2a: Toedscruel|Giga Drain|p1a: Garganacl\n|-damage|p1a: Garganacl|213/291\n|move|p1a: Garganacl|Salt Cure|p2a: Toedscruel\n|-damage|p2a: Toedscruel|233/281\n|-start|p2a: Toedscruel|Salt Cure\n|\n|-heal|p2a: Toedscruel|250/281|[from] item: Leftovers\n|-heal|p1a: Garganacl|231/291|[from] item: Leftovers\n|-damage|p2a: Toedscruel|180/281|[from] Salt Cure\n|upkeep\n|turn|18\n|c|\u2606GymLeaderAtom|And so was this\n|\n|t:|1733860028\n|switch|p2a: Feraligatr|Feraligatr, L79, F|264/264\n|move|p1a: Garganacl|Iron Defense|p1a: Garganacl\n|-boost|p1a: Garganacl|def|2\n|\n|-heal|p1a: Garganacl|249/291|[from] item: Leftovers\n|upkeep\n|turn|19\n|\n|t:|1733860034\n|move|p2a: Feraligatr|Crunch|p1a: Garganacl\n|-supereffective|p1a: Garganacl\n|-damage|p1a: Garganacl|179/291\n|move|p1a: Garganacl|Iron Defense|p1a: Garganacl\n|-boost|p1a: Garganacl|def|2\n|\n|-heal|p1a: Garganacl|197/291|[from] item: Leftovers\n|upkeep\n|turn|20\n|\n|t:|1733860040\n|switch|p2a: Dialga|Dialga-Origin, L73|266/266\n|-ability|p2a: Dialga|Pressure\n|move|p1a: Garganacl|Recover|p1a: Garganacl\n|-heal|p1a: Garganacl|291/291\n|\n|upkeep\n|turn|21\n|\n|t:|1733860049\n|move|p2a: Dialga|Flash Cannon|p1a: Garganacl\n|-damage|p1a: Garganacl|173/291\n|move|p1a: Garganacl|Body Press|p2a: Dialga\n|-supereffective|p2a: Dialga\n|-damage|p2a: Dialga|0 fnt\n|faint|p2a: Dialga\n|\n|-heal|p1a: Garganacl|191/291|[from] item: Leftovers\n|upkeep\n|c|\u2606Mzingalwa|gg\n|-message|Mzingalwa forfeited.\n|\n|win|GymLeaderAtom\n|raw|GymLeaderAtom's rating: 1539 &rarr; <strong>1557</strong><br />(+18 for winning)\n|raw|Mzingalwa's rating: 1505 &rarr; <strong>1487</strong><br />(-18 for losing)\n|c|\u2606GymLeaderAtom|gg friend\n|l|\u2606Mzingalwa\n|player|p2|\n", "inputlog": ">version bfd83cad13791eb5a5a409923076391caf6fb4d4\n>start {\"formatid\":\"gen9randombattle\",\"seed\":[23745,43610,17668,59900],\"rated\":\"Rated battle\"}\n>player p1 {\"name\":\"GymLeaderAtom\",\"avatar\":\"yellow\",\"rating\":1539,\"seed\":[920,25832,14200,60944]}\n>player p2 {\"name\":\"Mzingalwa\",\"avatar\":\"170\",\"rating\":1505,\"seed\":[29807,56139,19874,31897]}\n>chat \u2606GymLeaderAtom|May the best win\n>chat \u2606GymLeaderAtom|Good luck\n>chat \u2606GymLeaderAtom|Have fun\n>p1 switch 6\n>p2 move stealthrock\n>p1 move knockoff\n>p2 switch 6\n>chat \u2606Mzingalwa|glhf\n>chat \u2606GymLeaderAtom|ty friend\n>p1 move stoneedge\n>p2 move toxic\n>p1 move stoneedge\n>p2 move sludgewave\n>p1 move stoneedge\n>p2 move sludgewave\n>p1 switch 6\n>p1 move icebeam\n>p2 move toxic\n>p2 switch 5\n>p1 move scald\n>p2 move raindance\n>chat \u2606GymLeaderAtom|Gamble paid off\n>p1 move scald\n>p2 move knockoff\n>p1 move recover\n>p2 move closecombat\n>p1 move scald\n>p2 move closecombat\n>p2 switch 2\n>p1 move icebeam\n>p2 move gigadrain terastallize\n>p1 move recover\n>p2 move toxic\n>p1 move scald\n>p2 move gigadrain\n>p1 move scald\n>p2 move rapidspin\n>p1 switch 5\n>p1 move tidyup\n>p2 move earthpower\n>p1 move populationbomb\n>p2 move gigadrain\n>p1 switch 2\n>chat \u2606Mzingalwa|glad I rapid spun\n>chat \u2606GymLeaderAtom|It was a good move\n>p1 move saltcure terastallize\n>p2 move gigadrain\n>chat \u2606GymLeaderAtom|And so was this\n>p1 move irondefense\n>p2 switch 3\n>p1 move irondefense\n>p2 move crunch\n>p1 move recover\n>p2 switch 6\n>p1 move bodypress\n>p2 move flashcannon\n>chat \u2606Mzingalwa|gg\n>forcelose p2", "uploadtime": 1733860060, "views": 3, "formatid": "gen9randombattle", "rating": 1487, "private": 0, "password": null}