{"id": "gen9randombattle-2245655272", "format": "[Gen 9] Random Battle", "players": ["matt and his cat", "Gloriousplays"], "log": "|j|\u2606matt and his cat\n|j|\u2606Gloriousplays\n|t:|1731861059\n|gametype|singles\n|player|p1|matt and his cat|265|2219\n|player|p2|Gloriousplays|ash|2273\n|teamsize|p1|6\n|teamsize|p2|6\n|gen|9\n|tier|[Gen 9] Random Battle\n|rated|\n|rule|Species Clause: Limit one of each Pok\u00e9mon\n|rule|HP Percentage Mod: HP is shown in percentages\n|rule|Sleep Clause Mod: Limit one foe put to sleep\n|rule|Illusion Level Mod: Illusion disguises the Pok\u00e9mon's true level\n|\n|t:|1731861059\n|start\n|switch|p1a: Moltres|Moltres, L81|278/278\n|switch|p2a: Terrakion|Terrakion, L79|273/273\n|turn|1\n|inactive|Battle timer is ON: inactive players will automatically lose when time's up. (requested by matt and his cat)\n|\n|t:|1731861070\n|switch|p1a: Medicham|Medicham, L86, M|243/243\n|move|p2a: Terrakion|Swords Dance|p2a: Terrakion\n|-boost|p2a: Terrakion|atk|2\n|\n|upkeep\n|turn|2\n|inactive|Gloriousplays has 120 seconds left.\n|\n|t:|1731861103\n|-terastallize|p2a: Terrakion|Fighting\n|move|p1a: Medicham|Close Combat|p2a: Terrakion\n|-damage|p2a: Terrakion|66/273\n|-unboost|p1a: Medicham|def|1\n|-unboost|p1a: Medicham|spd|1\n|move|p2a: Terrakion|Close Combat|p1a: Medicham\n|-resisted|p1a: Medicham\n|-damage|p1a: Medicham|0 fnt\n|-unboost|p2a: Terrakion|def|1\n|-unboost|p2a: Terrakion|spd|1\n|faint|p1a: Medicham\n|-damage|p2a: Terrakion|39/273|[from] item: Life Orb\n|\n|upkeep\n|\n|t:|1731861114\n|switch|p1a: Jumpluff|Jumpluff, L87, M|271/271\n|turn|3\n|\n|t:|1731861119\n|switch|p2a: Glaceon|Glaceon, L94, F|275/275\n|move|p1a: Jumpluff|Substitute|p1a: Jumpluff\n|-start|p1a: Jumpluff|Substitute\n|-damage|p1a: Jumpluff|204/271\n|\n|upkeep\n|turn|4\n|\n|t:|1731861127\n|move|p1a: Jumpluff|Leech Seed|p2a: Glaceon\n|-start|p2a: Glaceon|move: Leech Seed\n|move|p2a: Glaceon|Wish|p2a: Glaceon\n|\n|-damage|p2a: Glaceon|241/275|[from] Leech Seed|[of] p1a: Jumpluff\n|-heal|p1a: Jumpluff|238/271|[silent]\n|upkeep\n|turn|5\n|\n|t:|1731861137\n|switch|p2a: Donphan|Donphan, L84, F|288/288\n|move|p1a: Jumpluff|Leech Seed|p2a: Donphan\n|-start|p2a: Donphan|move: Leech Seed\n|\n|-damage|p2a: Donphan|252/288|[from] Leech Seed|[of] p1a: Jumpluff\n|-heal|p1a: Jumpluff|271/271|[silent]\n|upkeep\n|turn|6\n|j| joylar\n|\n|t:|1731861146\n|move|p1a: Jumpluff|Acrobatics|p2a: Donphan\n|-damage|p2a: Donphan|189/288\n|move|p2a: Donphan|Rapid Spin|p1a: Jumpluff\n|-activate|p1a: Jumpluff|move: Substitute|[damage]\n|-end|p2a: Donphan|Leech Seed|[from] move: Rapid Spin|[of] p2a: Donphan\n|-boost|p2a: Donphan|spe|1\n|\n|upkeep\n|turn|7\n|\n|t:|1731861155\n|move|p1a: Jumpluff|Leech Seed|p2a: Donphan\n|-start|p2a: Donphan|move: Leech Seed\n|move|p2a: Donphan|Ice Spinner|p1a: Jumpluff\n|-supereffective|p1a: Jumpluff\n|-end|p1a: Jumpluff|Substitute\n|\n|-damage|p2a: Donphan|153/288|[from] Leech Seed|[of] p1a: Jumpluff\n|upkeep\n|turn|8\n|\n|t:|1731861165\n|move|p1a: Jumpluff|Substitute|p1a: Jumpluff\n|-start|p1a: Jumpluff|Substitute\n|-damage|p1a: Jumpluff|204/271\n|move|p2a: Donphan|Rapid Spin|p1a: Jumpluff\n|-activate|p1a: Jumpluff|move: Substitute|[damage]\n|-end|p2a: Donphan|Leech Seed|[from] move: Rapid Spin|[of] p2a: Donphan\n|-boost|p2a: Donphan|spe|1\n|\n|upkeep\n|turn|9\n|\n|t:|1731861168\n|move|p2a: Donphan|Ice Spinner|p1a: Jumpluff\n|-supereffective|p1a: Jumpluff\n|-end|p1a: Jumpluff|Substitute\n|move|p1a: Jumpluff|Acrobatics|p2a: Donphan\n|-damage|p2a: Donphan|90/288\n|\n|upkeep\n|turn|10\n|\n|t:|1731861171\n|switch|p1a: Moltres|Moltres, L81|278/278\n|move|p2a: Donphan|Ice Spinner|p1a: Moltres\n|-damage|p1a: Moltres|210/278\n|-status|p2a: Donphan|brn|[from] ability: Flame Body|[of] p1a: Moltres\n|\n|-damage|p2a: Donphan|72/288 brn|[from] brn\n|upkeep\n|turn|11\n|\n|t:|1731861182\n|move|p2a: Donphan|Knock Off|p1a: Moltres\n|-damage|p1a: Moltres|168/278\n|-enditem|p1a: Moltres|Heavy-Duty Boots|[from] move: Knock Off|[of] p2a: Donphan\n|move|p1a: Moltres|Roost|p1a: Moltres\n|-heal|p1a: Moltres|278/278\n|-singleturn|p1a: Moltres|move: Roost\n|\n|-damage|p2a: Donphan|54/288 brn|[from] brn\n|upkeep\n|turn|12\n|\n|t:|1731861193\n|switch|p2a: Regigigas|Regigigas, L84|322/322\n|-start|p2a: Regigigas|ability: Slow Start\n|move|p1a: Moltres|Brave Bird|p2a: Regigigas\n|-damage|p2a: Regigigas|223/322\n|-damage|p1a: Moltres|245/278|[from] Recoil\n|\n|-heal|p2a: Regigigas|243/322|[from] item: Leftovers\n|upkeep\n|turn|13\n|\n|t:|1731861202\n|move|p2a: Regigigas|Protect|p2a: Regigigas\n|-singleturn|p2a: Regigigas|Protect\n|move|p1a: Moltres|Scorching Sands|p2a: Regigigas\n|-activate|p2a: Regigigas|move: Protect\n|\n|-heal|p2a: Regigigas|263/322|[from] item: Leftovers\n|upkeep\n|turn|14\n|\n|t:|1731861206\n|move|p1a: Moltres|Scorching Sands|p2a: Regigigas\n|-damage|p2a: Regigigas|214/322\n|move|p2a: Regigigas|Substitute|p2a: Regigigas\n|-start|p2a: Regigigas|Substitute\n|-damage|p2a: Regigigas|134/322\n|\n|-heal|p2a: Regigigas|154/322|[from] item: Leftovers\n|upkeep\n|turn|15\n|\n|t:|1731861219\n|move|p2a: Regigigas|Protect|p2a: Regigigas\n|-singleturn|p2a: Regigigas|Protect\n|move|p1a: Moltres|Brave Bird|p2a: Regigigas\n|-activate|p2a: Regigigas|move: Protect\n|\n|-heal|p2a: Regigigas|174/322|[from] item: Leftovers\n|upkeep\n|turn|16\n|\n|t:|1731861221\n|move|p1a: Moltres|Brave Bird|p2a: Regigigas\n|-end|p2a: Regigigas|Substitute\n|-damage|p1a: Moltres|219/278|[from] Recoil|[of] p2a: Regigigas\n|move|p2a: Regigigas|Substitute|p2a: Regigigas\n|-start|p2a: Regigigas|Substitute\n|-damage|p2a: Regigigas|94/322\n|\n|-heal|p2a: Regigigas|114/322|[from] item: Leftovers\n|upkeep\n|turn|17\n|\n|t:|1731861232\n|move|p2a: Regigigas|Protect|p2a: Regigigas\n|-singleturn|p2a: Regigigas|Protect\n|move|p1a: Moltres|Brave Bird|p2a: Regigigas\n|-activate|p2a: Regigigas|move: Protect\n|\n|-heal|p2a: Regigigas|134/322|[from] item: Leftovers\n|-end|p2a: Regigigas|Slow Start\n|upkeep\n|turn|18\n|\n|t:|1731861234\n|move|p2a: Regigigas|Body Slam|p1a: Moltres\n|-damage|p1a: Moltres|74/278\n|move|p1a: Moltres|Brave Bird|p2a: Regigigas\n|-end|p2a: Regigigas|Substitute\n|-damage|p1a: Moltres|48/278|[from] Recoil|[of] p2a: Regigigas\n|\n|-heal|p2a: Regigigas|154/322|[from] item: Leftovers\n|upkeep\n|turn|19\n|\n|t:|1731861239\n|move|p2a: Regigigas|Body Slam|p1a: Moltres\n|-damage|p1a: Moltres|0 fnt\n|faint|p1a: Moltres\n|\n|-heal|p2a: Regigigas|174/322|[from] item: Leftovers\n|upkeep\n|\n|t:|1731861245\n|switch|p1a: Diancie|Diancie, L82|216/216\n|turn|20\n|\n|t:|1731861250\n|-end|p2a: Regigigas|Slow Start|[silent]\n|switch|p2a: Groudon|Groudon, L72|263/263\n|-weather|SunnyDay|[from] ability: Drought|[of] p2a: Groudon\n|move|p1a: Diancie|Diamond Storm|p2a: Groudon\n|-resisted|p2a: Groudon\n|-damage|p2a: Groudon|222/263\n|-boost|p1a: Diancie|def|2\n|\n|-weather|SunnyDay|[upkeep]\n|-heal|p2a: Groudon|238/263|[from] item: Leftovers\n|upkeep\n|turn|21\n|\n|t:|1731861265\n|-terastallize|p1a: Diancie|Water\n|move|p2a: Groudon|Thunder Wave|p1a: Diancie\n|-status|p1a: Diancie|par\n|cant|p1a: Diancie|par\n|\n|-weather|SunnyDay|[upkeep]\n|-heal|p2a: Groudon|254/263|[from] item: Leftovers\n|upkeep\n|turn|22\n|\n|t:|1731861269\n|move|p2a: Groudon|Stealth Rock|p1a: Diancie\n|-sidestart|p1: matt and his cat|move: Stealth Rock\n|move|p1a: Diancie|Calm Mind|p1a: Diancie\n|-boost|p1a: Diancie|spa|1\n|-boost|p1a: Diancie|spd|1\n|\n|-weather|SunnyDay|[upkeep]\n|-heal|p2a: Groudon|263/263|[from] item: Leftovers\n|upkeep\n|turn|23\n|\n|t:|1731861273\n|switch|p2a: Glaceon|Glaceon, L94, F|241/275\n|cant|p1a: Diancie|par\n|\n|-weather|SunnyDay|[upkeep]\n|upkeep\n|turn|24\n|\n|t:|1731861279\n|move|p2a: Glaceon|Freeze-Dry|p1a: Diancie\n|-supereffective|p1a: Diancie\n|-damage|p1a: Diancie|114/216 par\n|move|p1a: Diancie|Diamond Storm|p2a: Glaceon\n|-supereffective|p2a: Glaceon\n|-crit|p2a: Glaceon\n|-damage|p2a: Glaceon|5/275\n|\n|-weather|none\n|-heal|p1a: Diancie|127/216 par|[from] item: Leftovers\n|upkeep\n|turn|25\n|\n|t:|1731861287\n|move|p2a: Glaceon|Freeze-Dry|p1a: Diancie\n|-supereffective|p1a: Diancie\n|-crit|p1a: Diancie\n|-damage|p1a: Diancie|0 fnt\n|faint|p1a: Diancie\n|\n|upkeep\n|\n|t:|1731861292\n|switch|p1a: Tatsugiri|Tatsugiri-Droopy, L87, M|260/260\n|turn|26\n|\n|t:|1731861296\n|move|p1a: Tatsugiri|Rapid Spin|p2a: Glaceon\n|-damage|p2a: Glaceon|0 fnt\n|-boost|p1a: Tatsugiri|spe|1\n|-sideend|p1: matt and his cat|Stealth Rock|[from] move: Rapid Spin|[of] p1a: Tatsugiri\n|faint|p2a: Glaceon\n|\n|upkeep\n|\n|t:|1731861303\n|switch|p2a: Groudon|Groudon, L72|263/263\n|-weather|SunnyDay|[from] ability: Drought|[of] p2a: Groudon\n|turn|27\n|\n|t:|1731861309\n|move|p1a: Tatsugiri|Hydro Pump|p2a: Groudon\n|-supereffective|p2a: Groudon\n|-damage|p2a: Groudon|111/263\n|move|p2a: Groudon|Thunder Wave|p1a: Tatsugiri\n|-status|p1a: Tatsugiri|par\n|\n|-weather|SunnyDay|[upkeep]\n|-heal|p2a: Groudon|127/263|[from] item: Leftovers\n|upkeep\n|turn|28\n|\n|t:|1731861315\n|switch|p2a: Terrakion|Terrakion, L79, tera:Fighting|39/273\n|move|p1a: Tatsugiri|Rapid Spin|p2a: Terrakion\n|-damage|p2a: Terrakion|11/273\n|-boost|p1a: Tatsugiri|spe|1\n|\n|-weather|SunnyDay|[upkeep]\n|upkeep\n|turn|29\n|\n|t:|1731861322\n|switch|p1a: Jumpluff|Jumpluff, L87, M|204/271\n|move|p2a: Terrakion|Close Combat|p1a: Jumpluff\n|-resisted|p1a: Jumpluff\n|-damage|p1a: Jumpluff|57/271\n|-unboost|p2a: Terrakion|def|1\n|-unboost|p2a: Terrakion|spd|1\n|-damage|p2a: Terrakion|0 fnt|[from] item: Life Orb\n|faint|p2a: Terrakion\n|\n|-weather|SunnyDay|[upkeep]\n|upkeep\n|\n|t:|1731861329\n|switch|p2a: Groudon|Groudon, L72|127/263\n|turn|30\n|\n|t:|1731861334\n|move|p1a: Jumpluff|Strength Sap|p2a: Groudon\n|-unboost|p2a: Groudon|atk|1\n|-heal|p1a: Jumpluff|271/271\n|move|p2a: Groudon|Thunder Wave|p1a: Jumpluff\n|-status|p1a: Jumpluff|par\n|\n|-weather|SunnyDay|[upkeep]\n|-heal|p2a: Groudon|143/263|[from] item: Leftovers\n|upkeep\n|turn|31\n|\n|t:|1731861347\n|move|p2a: Groudon|Heat Crash|p1a: Jumpluff\n|-supereffective|p1a: Jumpluff\n|-damage|p1a: Jumpluff|61/271 par\n|cant|p1a: Jumpluff|par\n|\n|-weather|none\n|-heal|p2a: Groudon|159/263|[from] item: Leftovers\n|upkeep\n|turn|32\n|\n|t:|1731861354\n|move|p2a: Groudon|Heat Crash|p1a: Jumpluff\n|-supereffective|p1a: Jumpluff\n|-damage|p1a: Jumpluff|0 fnt\n|faint|p1a: Jumpluff\n|\n|-heal|p2a: Groudon|175/263|[from] item: Leftovers\n|upkeep\n|\n|t:|1731861359\n|switch|p1a: Tatsugiri|Tatsugiri-Droopy, L87, M|260/260 par\n|turn|33\n|\n|t:|1731861362\n|switch|p2a: Donphan|Donphan, L84, F|54/288 brn\n|move|p1a: Tatsugiri|Nasty Plot|p1a: Tatsugiri\n|-boost|p1a: Tatsugiri|spa|2\n|\n|-damage|p2a: Donphan|36/288 brn|[from] brn\n|upkeep\n|turn|34\n|\n|t:|1731861367\n|move|p2a: Donphan|Earthquake|p1a: Tatsugiri\n|-damage|p1a: Tatsugiri|187/260 par\n|move|p1a: Tatsugiri|Hydro Pump|p2a: Donphan\n|-supereffective|p2a: Donphan\n|-damage|p2a: Donphan|0 fnt\n|faint|p2a: Donphan\n|\n|upkeep\n|\n|t:|1731861374\n|switch|p2a: Regigigas|Regigigas, L84|174/322\n|-start|p2a: Regigigas|ability: Slow Start\n|turn|35\n|\n|t:|1731861383\n|switch|p1a: Florges|Florges, L85, F|271/271\n|move|p2a: Regigigas|Protect||[still]\n|-fail|p2a: Regigigas\n|\n|-heal|p2a: Regigigas|194/322|[from] item: Leftovers\n|upkeep\n|turn|36\n|\n|t:|1731861388\n|move|p1a: Florges|Calm Mind|p1a: Florges\n|-boost|p1a: Florges|spa|1\n|-boost|p1a: Florges|spd|1\n|move|p2a: Regigigas|Body Slam|p1a: Florges\n|-damage|p1a: Florges|195/271\n|\n|-heal|p1a: Florges|211/271|[from] item: Leftovers\n|-heal|p2a: Regigigas|214/322|[from] item: Leftovers\n|upkeep\n|turn|37\n|\n|t:|1731861392\n|move|p1a: Florges|Wish|p1a: Florges\n|move|p2a: Regigigas|Body Slam|p1a: Florges\n|-damage|p1a: Florges|136/271\n|\n|-heal|p1a: Florges|152/271|[from] item: Leftovers\n|-heal|p2a: Regigigas|234/322|[from] item: Leftovers\n|upkeep\n|turn|38\n|\n|t:|1731861395\n|move|p1a: Florges|Moonblast|p2a: Regigigas\n|-damage|p2a: Regigigas|95/322\n|-unboost|p2a: Regigigas|spa|1\n|move|p2a: Regigigas|Body Slam|p1a: Florges\n|-damage|p1a: Florges|76/271\n|-status|p1a: Florges|par\n|\n|-heal|p1a: Florges|211/271 par|[from] move: Wish|[wisher] Florges\n|-heal|p2a: Regigigas|115/322|[from] item: Leftovers\n|-heal|p1a: Florges|227/271 par|[from] item: Leftovers\n|upkeep\n|turn|39\n|\n|t:|1731861399\n|move|p2a: Regigigas|Protect|p2a: Regigigas\n|-singleturn|p2a: Regigigas|Protect\n|move|p1a: Florges|Moonblast|p2a: Regigigas\n|-activate|p2a: Regigigas|move: Protect\n|\n|-heal|p2a: Regigigas|135/322|[from] item: Leftovers\n|-heal|p1a: Florges|243/271 par|[from] item: Leftovers\n|-end|p2a: Regigigas|Slow Start\n|upkeep\n|turn|40\n|\n|t:|1731861401\n|move|p2a: Regigigas|Body Slam|p1a: Florges\n|-damage|p1a: Florges|68/271 par\n|move|p1a: Florges|Moonblast|p2a: Regigigas\n|-damage|p2a: Regigigas|0 fnt\n|faint|p2a: Regigigas\n|-end|p2a: Regigigas|Slow Start|[silent]\n|\n|-heal|p1a: Florges|84/271 par|[from] item: Leftovers\n|upkeep\n|\n|t:|1731861408\n|switch|p2a: Haxorus|Haxorus, L77, F|244/244\n|-ability|p2a: Haxorus|Mold Breaker\n|turn|41\n|\n|t:|1731861410\n|move|p1a: Florges|Protect|p1a: Florges\n|-singleturn|p1a: Florges|Protect\n|move|p2a: Haxorus|Iron Head|p1a: Florges\n|-activate|p1a: Florges|move: Protect\n|\n|-heal|p1a: Florges|100/271 par|[from] item: Leftovers\n|upkeep\n|turn|42\n|\n|t:|1731861415\n|switch|p2a: Groudon|Groudon, L72|175/263\n|-weather|SunnyDay|[from] ability: Drought|[of] p2a: Groudon\n|move|p1a: Florges|Moonblast|p2a: Groudon\n|-damage|p2a: Groudon|0 fnt\n|faint|p2a: Groudon\n|\n|-weather|SunnyDay|[upkeep]\n|-heal|p1a: Florges|116/271 par|[from] item: Leftovers\n|upkeep\n|\n|t:|1731861416\n|switch|p2a: Haxorus|Haxorus, L77, F|244/244\n|-ability|p2a: Haxorus|Mold Breaker\n|turn|43\n|\n|t:|1731861421\n|cant|p1a: Florges|par\n|move|p2a: Haxorus|Iron Head|p1a: Florges\n|-supereffective|p1a: Florges\n|-damage|p1a: Florges|0 fnt\n|faint|p1a: Florges\n|\n|-weather|SunnyDay|[upkeep]\n|upkeep\n|\n|t:|1731861424\n|switch|p1a: Tatsugiri|Tatsugiri-Droopy, L87, M|187/260 par\n|turn|44\n|\n|t:|1731861426\n|move|p2a: Haxorus|Outrage|p1a: Tatsugiri\n|-supereffective|p1a: Tatsugiri\n|-damage|p1a: Tatsugiri|0 fnt\n|faint|p1a: Tatsugiri\n|\n|win|Gloriousplays\n|raw|matt and his cat's rating: 2219 &rarr; <strong>2202</strong><br />(-17 for losing)\n|raw|Gloriousplays's rating: 2273 &rarr; <strong>2290</strong><br />(+17 for winning)\n|l|\u2606matt and his cat\n|player|p1|\n|l| joylar\n|l|\u2606Gloriousplays\n|player|p2|\n|j|\u2606Gloriousplays\n|player|p2|Gloriousplays|ash|\n", "inputlog": ">version 48604a2341c6e7bec58958c0f00ddbd3a745b6d0\n>start {\"formatid\":\"gen9randombattle\",\"seed\":[28414,54018,23785,14174],\"rated\":\"Rated battle\"}\n>player p1 {\"name\":\"matt and his cat\",\"avatar\":\"265\",\"rating\":2219,\"seed\":[3764,29381,37059,29944]}\n>player p2 {\"name\":\"Gloriousplays\",\"avatar\":\"ash\",\"rating\":2273,\"seed\":[23005,28496,3377,3446]}\n>p1 switch 2\n>p2 move swordsdance\n>p1 move closecombat\n>p2 move closecombat terastallize\n>p1 switch 5\n>p1 move substitute\n>p2 switch 2\n>p1 move leechseed\n>p2 move wish\n>p1 move leechseed\n>p2 switch 6\n>p1 move acrobatics\n>p2 move rapidspin\n>p1 move leechseed\n>p2 move icespinner\n>p1 move substitute\n>p2 move rapidspin\n>p1 move acrobatics\n>p2 move icespinner\n>p1 switch 2\n>p2 move icespinner\n>p1 move roost\n>p2 move knockoff\n>p1 move bravebird\n>p2 switch 4\n>p1 move scorchingsands\n>p2 move protect\n>p1 move scorchingsands\n>p2 move substitute\n>p1 move bravebird\n>p2 move protect\n>p1 move bravebird\n>p2 move substitute\n>p1 move bravebird\n>p2 move protect\n>p1 move bravebird\n>p2 move bodyslam\n>p1 move bravebird\n>p2 move bodyslam\n>p1 switch 6\n>p1 move diamondstorm\n>p2 switch 5\n>p1 move calmmind terastallize\n>p2 move thunderwave\n>p1 move calmmind\n>p2 move stealthrock\n>p1 move diamondstorm\n>p2 switch 6\n>p1 move diamondstorm\n>p2 move freezedry\n>p1 move drainingkiss\n>p2 move freezedry\n>p1 switch 3\n>p1 move rapidspin\n>p2 move mudshot\n>p2 switch 6\n>p1 move hydropump\n>p2 move thunderwave\n>p1 move rapidspin\n>p2 switch 2\n>p1 switch 2\n>p2 move closecombat\n>p2 switch 2\n>p1 move strengthsap\n>p2 move thunderwave\n>p1 move leechseed\n>p2 move heatcrash\n>p1 move leechseed\n>p2 move heatcrash\n>p1 switch 2\n>p1 move nastyplot\n>p2 switch 4\n>p1 move hydropump\n>p2 move earthquake\n>p2 switch 5\n>p1 switch 4\n>p2 move protect\n>p1 move calmmind\n>p2 move bodyslam\n>p1 move wish\n>p2 move bodyslam\n>p1 move moonblast\n>p2 move bodyslam\n>p1 move moonblast\n>p2 move protect\n>p1 move moonblast\n>p2 move bodyslam\n>p2 switch 3\n>p1 move protect\n>p2 move ironhead\n>p1 move moonblast\n>p2 switch 4\n>p2 switch 4\n>p1 move protect\n>p2 move ironhead\n>p1 switch 4\n>p1 move dracometeor\n>p2 move outrage", "uploadtime": 1731861729, "views": 31, "formatid": "gen9randombattle", "rating": 2202, "private": 0, "password": null}