{"id": "gen9randombattle-2260885900", "format": "[Gen 9] Random Battle", "players": ["Daigon Prime", "jonathan_sigma"], "log": "|j|\u2606Daigon Prime\n|j|\u2606jonathan_sigma\n|t:|1733910836\n|gametype|singles\n|player|p1|Daigon Prime|lance|\n|player|p2|jonathan_sigma|cyrus|\n|teamsize|p1|6\n|teamsize|p2|6\n|gen|9\n|tier|[Gen 9] Random Battle\n|rule|Species Clause: Limit one of each Pok\u00e9mon\n|rule|HP Percentage Mod: HP is shown in percentages\n|rule|Sleep Clause Mod: Limit one foe put to sleep\n|rule|Illusion Level Mod: Illusion disguises the Pok\u00e9mon's true level\n|\n|t:|1733910836\n|start\n|switch|p1a: Ribombee|Ribombee, L82, M|233/233\n|switch|p2a: Zarude|Zarude-Dada, L78|292/292\n|turn|1\n|\n|t:|1733910852\n|switch|p2a: Florges|Florges, L85, F|271/271\n|move|p1a: Ribombee|Quiver Dance|p1a: Ribombee\n|-boost|p1a: Ribombee|spa|1\n|-boost|p1a: Ribombee|spd|1\n|-boost|p1a: Ribombee|spe|1\n|\n|upkeep\n|turn|2\n|\n|t:|1733910866\n|move|p1a: Ribombee|Quiver Dance|p1a: Ribombee\n|-boost|p1a: Ribombee|spa|1\n|-boost|p1a: Ribombee|spd|1\n|-boost|p1a: Ribombee|spe|1\n|move|p2a: Florges|Calm Mind|p2a: Florges\n|-boost|p2a: Florges|spa|1\n|-boost|p2a: Florges|spd|1\n|\n|upkeep\n|turn|3\n|\n|t:|1733910874\n|move|p1a: Ribombee|Moonblast|p2a: Florges\n|-damage|p2a: Florges|196/271\n|move|p2a: Florges|Calm Mind|p2a: Florges\n|-boost|p2a: Florges|spa|1\n|-boost|p2a: Florges|spd|1\n|\n|-heal|p2a: Florges|212/271|[from] item: Leftovers\n|upkeep\n|turn|4\n|\n|t:|1733910882\n|move|p1a: Ribombee|Quiver Dance|p1a: Ribombee\n|-boost|p1a: Ribombee|spa|1\n|-boost|p1a: Ribombee|spd|1\n|-boost|p1a: Ribombee|spe|1\n|move|p2a: Florges|Calm Mind|p2a: Florges\n|-boost|p2a: Florges|spa|1\n|-boost|p2a: Florges|spd|1\n|\n|-heal|p2a: Florges|228/271|[from] item: Leftovers\n|upkeep\n|turn|5\n|\n|t:|1733910891\n|-terastallize|p1a: Ribombee|Ground\n|move|p1a: Ribombee|Tera Blast|p2a: Florges|[anim] Tera Blast Ground\n|-damage|p2a: Florges|177/271\n|move|p2a: Florges|Calm Mind|p2a: Florges\n|-boost|p2a: Florges|spa|1\n|-boost|p2a: Florges|spd|1\n|\n|-heal|p2a: Florges|193/271|[from] item: Leftovers\n|upkeep\n|turn|6\n|\n|t:|1733910912\n|move|p1a: Ribombee|Bug Buzz|p2a: Florges\n|-resisted|p2a: Florges\n|-damage|p2a: Florges|170/271\n|move|p2a: Florges|Calm Mind|p2a: Florges\n|-boost|p2a: Florges|spa|1\n|-boost|p2a: Florges|spd|1\n|\n|-heal|p2a: Florges|186/271|[from] item: Leftovers\n|upkeep\n|turn|7\n|\n|t:|1733910925\n|move|p1a: Ribombee|Bug Buzz|p2a: Florges\n|-resisted|p2a: Florges\n|-damage|p2a: Florges|165/271\n|move|p2a: Florges|Calm Mind|p2a: Florges\n|-boost|p2a: Florges|spa|1\n|-boost|p2a: Florges|spd|1\n|\n|-heal|p2a: Florges|181/271|[from] item: Leftovers\n|upkeep\n|turn|8\n|\n|t:|1733910936\n|move|p1a: Ribombee|Quiver Dance|p1a: Ribombee\n|-boost|p1a: Ribombee|spa|1\n|-boost|p1a: Ribombee|spd|1\n|-boost|p1a: Ribombee|spe|1\n|move|p2a: Florges|Moonblast|p1a: Ribombee\n|-damage|p1a: Ribombee|50/233\n|\n|-heal|p2a: Florges|197/271|[from] item: Leftovers\n|upkeep\n|turn|9\n|\n|t:|1733910950\n|move|p1a: Ribombee|Moonblast|p2a: Florges\n|-damage|p2a: Florges|154/271\n|move|p2a: Florges|Tera Blast|p1a: Ribombee\n|-crit|p1a: Ribombee\n|-damage|p1a: Ribombee|0 fnt\n|faint|p1a: Ribombee\n|\n|-heal|p2a: Florges|170/271|[from] item: Leftovers\n|upkeep\n|\n|t:|1733910953\n|switch|p1a: Glimmora|Glimmora, L75, M|248/248\n|turn|10\n|\n|t:|1733910969\n|move|p2a: Florges|Synthesis|p2a: Florges\n|-heal|p2a: Florges|271/271\n|move|p1a: Glimmora|Sludge Wave|p2a: Florges\n|-supereffective|p2a: Florges\n|-damage|p2a: Florges|239/271\n|\n|-heal|p2a: Florges|255/271|[from] item: Leftovers\n|upkeep\n|turn|11\n|\n|t:|1733910979\n|-terastallize|p2a: Florges|Ground\n|move|p2a: Florges|Tera Blast|p1a: Glimmora|[anim] Tera Blast Ground\n|-supereffective|p1a: Glimmora\n|-damage|p1a: Glimmora|0 fnt\n|faint|p1a: Glimmora\n|\n|-heal|p2a: Florges|271/271|[from] item: Leftovers\n|upkeep\n|\n|t:|1733910986\n|switch|p1a: Pikachu|Pikachu-Alola, L93, M|216/216\n|turn|12\n|\n|t:|1733910991\n|move|p1a: Pikachu|Fake Out|p2a: Florges\n|-damage|p2a: Florges|220/271\n|cant|p2a: Florges|flinch\n|\n|-heal|p2a: Florges|236/271|[from] item: Leftovers\n|upkeep\n|turn|13\n|\n|t:|1733911006\n|move|p1a: Pikachu|Volt Tackle|p2a: Florges\n|-immune|p2a: Florges\n|move|p2a: Florges|Moonblast|p1a: Pikachu\n|-damage|p1a: Pikachu|0 fnt\n|faint|p1a: Pikachu\n|\n|-heal|p2a: Florges|252/271|[from] item: Leftovers\n|upkeep\n|\n|t:|1733911013\n|switch|p1a: Furret|Furret, L94, F|312/312\n|-item|p2a: Florges|Leftovers|[from] ability: Frisk|[of] p1a: Furret\n|turn|14\n|-message|Daigon Prime forfeited.\n|\n|win|jonathan_sigma\n|l|\u2606Daigon Prime\n|player|p1|\n", "inputlog": ">version bfd83cad13791eb5a5a409923076391caf6fb4d4\n>start {\"formatid\":\"gen9randombattle\",\"seed\":[62092,13479,4873,40990]}\n>player p1 {\"name\":\"Daigon Prime\",\"avatar\":\"lance\",\"rating\":0,\"seed\":[5349,11207,12405,32892]}\n>player p2 {\"name\":\"jonathan_sigma\",\"avatar\":\"cyrus\",\"rating\":0,\"seed\":[26120,55876,21943,12903]}\n>p1 move quiverdance\n>p2 switch 4\n>p1 move quiverdance\n>p2 move calmmind\n>p1 move moonblast\n>p2 move calmmind\n>p1 move quiverdance\n>p2 move calmmind\n>p1 move terablast terastallize\n>p2 move calmmind\n>p1 move bugbuzz\n>p2 move calmmind\n>p1 move bugbuzz\n>p2 move calmmind\n>p1 move quiverdance\n>p2 move moonblast\n>p1 move moonblast\n>p2 move terablast\n>p1 switch 5\n>p1 move sludgewave\n>p2 move synthesis\n>p1 move meteorbeam\n>p2 move terablast terastallize\n>p1 switch 6\n>p1 move fakeout\n>p2 move moonblast\n>p1 move volttackle\n>p2 move moonblast\n>p1 switch 3\n>forcelose p1", "uploadtime": 1733911033, "views": 14, "formatid": "gen9randombattle", "rating": null, "private": 0, "password": null}