{"id": "gen9randombattle-2192471151", "format": "[Gen 9] Random Battle", "players": ["slim workshop", "Norman2!"], "log": "|badge|p2|silver|gen9randombattle|30-2\n|uhtml|medal-msg|<div class=\"broadcast-blue\">Curious what those medals under the avatar are? PS now has Ladder Seasons! For more information, check out the <a href=\"https://www.smogon.com/forums/threads/3740067/\">thread on Smogon.</a></div>\n|j|\u2606slim workshop\n|j|\u203dNorman2!\n|t:|1725215396\n|gametype|singles\n|player|p1|slim workshop|101|2255\n|player|p2|Norman2!|102|2374\n|teamsize|p1|6\n|teamsize|p2|6\n|gen|9\n|tier|[Gen 9] Random Battle\n|rated|\n|rule|Species Clause: Limit one of each Pok\u00e9mon\n|rule|HP Percentage Mod: HP is shown in percentages\n|rule|Sleep Clause Mod: Limit one foe put to sleep\n|rule|Illusion Level Mod: Illusion disguises the Pok\u00e9mon's true level\n|\n|t:|1725215396\n|start\n|switch|p1a: Yanmega|Yanmega, L82, M|275/275\n|switch|p2a: Skuntank|Skuntank, L84, M|310/310\n|turn|1\n|\n|t:|1725215402\n|move|p1a: Yanmega|Bug Buzz|p2a: Skuntank\n|-damage|p2a: Skuntank|171/310\n|move|p2a: Skuntank|Fire Blast|p1a: Yanmega\n|-supereffective|p1a: Yanmega\n|-damage|p1a: Yanmega|95/275\n|\n|-ability|p1a: Yanmega|Speed Boost|boost\n|-boost|p1a: Yanmega|spe|1\n|upkeep\n|turn|2\n|\n|t:|1725215407\n|move|p1a: Yanmega|Bug Buzz|p2a: Skuntank\n|-damage|p2a: Skuntank|27/310\n|-unboost|p2a: Skuntank|spd|1\n|move|p2a: Skuntank|Toxic Spikes|p1a: Yanmega\n|-sidestart|p1: slim workshop|move: Toxic Spikes\n|\n|-ability|p1a: Yanmega|Speed Boost|boost\n|-boost|p1a: Yanmega|spe|1\n|upkeep\n|turn|3\n|\n|t:|1725215412\n|switch|p2a: Coalossal|Coalossal, L89, F|341/341\n|move|p1a: Yanmega|Protect||[still]\n|-fail|p1a: Yanmega\n|\n|-ability|p1a: Yanmega|Speed Boost|boost\n|-boost|p1a: Yanmega|spe|1\n|upkeep\n|turn|4\n|\n|t:|1725215418\n|-terastallize|p1a: Yanmega|Ground\n|move|p1a: Yanmega|Tera Blast|p2a: Coalossal|[anim] Tera Blast Ground\n|-supereffective|p2a: Coalossal\n|-damage|p2a: Coalossal|5/341\n|move|p2a: Coalossal|Stealth Rock|p1a: Yanmega\n|-sidestart|p1: slim workshop|move: Stealth Rock\n|\n|-ability|p1a: Yanmega|Speed Boost|boost\n|-boost|p1a: Yanmega|spe|1\n|upkeep\n|turn|5\n|\n|t:|1725215423\n|move|p1a: Yanmega|Bug Buzz|p2a: Coalossal\n|-resisted|p2a: Coalossal\n|-damage|p2a: Coalossal|0 fnt\n|faint|p2a: Coalossal\n|\n|-ability|p1a: Yanmega|Speed Boost|boost\n|-boost|p1a: Yanmega|spe|1\n|upkeep\n|\n|t:|1725215428\n|switch|p2a: Lumineon|Lumineon, L93, F|279/279\n|turn|6\n|\n|t:|1725215433\n|move|p1a: Yanmega|Air Slash|p2a: Lumineon\n|-damage|p2a: Lumineon|201/279\n|cant|p2a: Lumineon|flinch\n|\n|-ability|p1a: Yanmega|Speed Boost|boost\n|-boost|p1a: Yanmega|spe|1\n|upkeep\n|turn|7\n|\n|t:|1725215437\n|move|p1a: Yanmega|Air Slash|p2a: Lumineon\n|-damage|p2a: Lumineon|114/279\n|move|p2a: Lumineon|Hydro Pump|p1a: Yanmega|[miss]\n|-miss|p2a: Lumineon|p1a: Yanmega\n|\n|upkeep\n|turn|8\n|\n|t:|1725215446\n|move|p1a: Yanmega|Air Slash|p2a: Lumineon\n|-damage|p2a: Lumineon|35/279\n|move|p2a: Lumineon|Hydro Pump|p1a: Yanmega\n|-supereffective|p1a: Yanmega\n|-damage|p1a: Yanmega|0 fnt\n|faint|p1a: Yanmega\n|\n|upkeep\n|\n|t:|1725215452\n|switch|p1a: Glimmora|Glimmora, L75, F|248/248\n|-sideend|p1: slim workshop|move: Toxic Spikes|[of] p1a: Glimmora\n|-damage|p1a: Glimmora|217/248|[from] Stealth Rock\n|turn|9\n|\n|t:|1725215457\n|switch|p1a: Whimsicott|Whimsicott, L85, M|241/241\n|-damage|p1a: Whimsicott|211/241|[from] Stealth Rock\n|move|p2a: Lumineon|Hydro Pump|p1a: Whimsicott|[miss]\n|-miss|p2a: Lumineon|p1a: Whimsicott\n|\n|-heal|p1a: Whimsicott|226/241|[from] item: Leftovers\n|upkeep\n|turn|10\n|\n|t:|1725215462\n|switch|p2a: Kricketune|Kricketune, L99, F|312/312\n|move|p1a: Whimsicott|Moonblast|p2a: Kricketune\n|-damage|p2a: Kricketune|197/312\n|\n|-heal|p1a: Whimsicott|241/241|[from] item: Leftovers\n|upkeep\n|turn|11\n|\n|t:|1725215467\n|move|p1a: Whimsicott|Moonblast|p2a: Kricketune\n|-damage|p2a: Kricketune|95/312\n|move|p2a: Kricketune|Pounce|p1a: Whimsicott\n|-damage|p1a: Whimsicott|133/241\n|-unboost|p1a: Whimsicott|spe|1\n|\n|-heal|p1a: Whimsicott|148/241|[from] item: Leftovers\n|upkeep\n|turn|12\n|\n|t:|1725215472\n|move|p1a: Whimsicott|Encore|p2a: Kricketune\n|-start|p2a: Kricketune|Encore\n|move|p2a: Kricketune|Pounce|p1a: Whimsicott\n|-damage|p1a: Whimsicott|46/241\n|-unboost|p1a: Whimsicott|spe|1\n|\n|-heal|p1a: Whimsicott|61/241|[from] item: Leftovers\n|upkeep\n|turn|13\n|\n|t:|1725215478\n|move|p1a: Whimsicott|Leech Seed|p2a: Kricketune\n|-start|p2a: Kricketune|move: Leech Seed\n|move|p2a: Kricketune|Pounce|p1a: Whimsicott\n|-crit|p1a: Whimsicott\n|-damage|p1a: Whimsicott|0 fnt\n|faint|p1a: Whimsicott\n|\n|upkeep\n|\n|t:|1725215486\n|switch|p1a: Ceruledge|Ceruledge, L78, M|245/245\n|turn|14\n|\n|t:|1725215497\n|switch|p2a: Skuntank|Skuntank, L84, M|27/310\n|move|p1a: Ceruledge|Bitter Blade|p2a: Skuntank\n|-damage|p2a: Skuntank|0 fnt\n|-damage|p1a: Ceruledge|184/245|[from] ability: Aftermath|[of] p2a: Skuntank\n|faint|p2a: Skuntank\n|\n|upkeep\n|\n|t:|1725215511\n|switch|p2a: Ludicolo|Ludicolo, L90, F|290/290\n|turn|15\n|\n|t:|1725215517\n|move|p1a: Ceruledge|Poltergeist|p2a: Ludicolo\n|-activate|p2a: Ludicolo|move: Poltergeist|Life Orb\n|-damage|p2a: Ludicolo|145/290\n|move|p2a: Ludicolo|Rain Dance|p2a: Ludicolo\n|-weather|RainDance\n|\n|-weather|RainDance|[upkeep]\n|upkeep\n|turn|16\n|\n|t:|1725215523\n|move|p2a: Ludicolo|Hydro Pump|p1a: Ceruledge\n|-supereffective|p1a: Ceruledge\n|-damage|p1a: Ceruledge|0 fnt\n|faint|p1a: Ceruledge\n|-damage|p2a: Ludicolo|116/290|[from] item: Life Orb\n|\n|-weather|RainDance|[upkeep]\n|upkeep\n|\n|t:|1725215526\n|switch|p1a: Lokix|Lokix, L82, M|251/251\n|-damage|p1a: Lokix|189/251|[from] Stealth Rock\n|turn|17\n|\n|t:|1725215541\n|switch|p2a: Lumineon|Lumineon, L93, F|35/279\n|move|p1a: Lokix|First Impression|p2a: Lumineon\n|-damage|p2a: Lumineon|0 fnt\n|faint|p2a: Lumineon\n|\n|-weather|RainDance|[upkeep]\n|upkeep\n|\n|t:|1725215543\n|switch|p2a: Ludicolo|Ludicolo, L90, F|116/290\n|turn|18\n|\n|t:|1725215548\n|switch|p1a: Glimmora|Glimmora, L75, F|217/248\n|-damage|p1a: Glimmora|186/248|[from] Stealth Rock\n|move|p2a: Ludicolo|Hydro Pump|p1a: Glimmora|[miss]\n|-miss|p2a: Ludicolo|p1a: Glimmora\n|\n|-weather|RainDance|[upkeep]\n|upkeep\n|turn|19\n|\n|t:|1725215553\n|move|p2a: Ludicolo|Hydro Pump|p1a: Glimmora\n|-supereffective|p1a: Glimmora\n|-damage|p1a: Glimmora|0 fnt\n|faint|p1a: Glimmora\n|-damage|p2a: Ludicolo|87/290|[from] item: Life Orb\n|\n|-weather|none\n|upkeep\n|\n|t:|1725215555\n|switch|p1a: Lokix|Lokix, L82, M|189/251\n|-damage|p1a: Lokix|127/251|[from] Stealth Rock\n|turn|20\n|\n|t:|1725215562\n|move|p1a: Lokix|Knock Off|p2a: Ludicolo\n|-damage|p2a: Ludicolo|0 fnt\n|-enditem|p2a: Ludicolo|Life Orb|[from] move: Knock Off|[of] p1a: Lokix\n|faint|p2a: Ludicolo\n|\n|upkeep\n|\n|t:|1725215568\n|switch|p2a: Mewtwo|Mewtwo, L72|272/272\n|-ability|p2a: Mewtwo|Unnerve\n|turn|21\n|\n|t:|1725215578\n|-terastallize|p2a: Mewtwo|Fire\n|move|p1a: Lokix|Sucker Punch|p2a: Mewtwo\n|-damage|p2a: Mewtwo|190/272\n|move|p2a: Mewtwo|Fire Blast|p1a: Lokix\n|-supereffective|p1a: Lokix\n|-damage|p1a: Lokix|0 fnt\n|faint|p1a: Lokix\n|-damage|p2a: Mewtwo|163/272|[from] item: Life Orb\n|\n|upkeep\n|\n|t:|1725215580\n|switch|p1a: Mudsdale|Mudsdale, L84, M|305/305\n|-damage|p1a: Mudsdale|286/305|[from] Stealth Rock\n|turn|22\n|\n|t:|1725215588\n|move|p2a: Mewtwo|Fire Blast|p1a: Mudsdale\n|-damage|p1a: Mudsdale|113/305\n|-ability|p1a: Mudsdale|Stamina|boost\n|-boost|p1a: Mudsdale|def|1\n|-damage|p2a: Mewtwo|136/272|[from] item: Life Orb\n|move|p1a: Mudsdale|Earthquake|p2a: Mewtwo\n|-supereffective|p2a: Mewtwo\n|-damage|p2a: Mewtwo|0 fnt\n|faint|p2a: Mewtwo\n|\n|-heal|p1a: Mudsdale|132/305|[from] item: Leftovers\n|upkeep\n|\n|t:|1725215590\n|switch|p2a: Kricketune|Kricketune, L99, F|95/312\n|turn|23\n|\n|t:|1725215593\n|move|p2a: Kricketune|Pounce|p1a: Mudsdale\n|-damage|p1a: Mudsdale|66/305\n|-unboost|p1a: Mudsdale|spe|1\n|-ability|p1a: Mudsdale|Stamina|boost\n|-boost|p1a: Mudsdale|def|1\n|move|p1a: Mudsdale|Heavy Slam|p2a: Kricketune\n|-damage|p2a: Kricketune|0 fnt\n|faint|p2a: Kricketune\n|\n|win|slim workshop\n|raw|slim workshop's rating: 2255 &rarr; <strong>2282</strong><br />(+27 for winning)\n|raw|Norman2!'s rating: 2374 &rarr; <strong>2347</strong><br />(-27 for losing)\n|l|\u203dNorman2!\n|player|p2|\n", "inputlog": ">version 1a96e9abe1ea080895700c6d9e3ae6957ac3a8b3\n>start {\"formatid\":\"gen9randombattle\",\"seed\":[11273,26472,41695,28513],\"rated\":\"Rated battle\"}\n>player p1 {\"name\":\"slim workshop\",\"avatar\":\"101\",\"rating\":2255,\"seed\":[18632,43306,61228,12634]}\n>player p2 {\"name\":\"Norman2!\",\"avatar\":\"102\",\"rating\":2374,\"seed\":[40089,24681,5171,26523]}\n>p1 move bugbuzz\n>p2 move fireblast\n>p1 move bugbuzz\n>p2 move toxicspikes\n>p1 move protect\n>p2 switch 6\n>p1 move terablast terastallize\n>p2 move stealthrock\n>p1 move bugbuzz\n>p2 move rapidspin\n>p2 switch 5\n>p1 move airslash\n>p2 move hydropump\n>p1 move airslash\n>p2 move hydropump\n>p1 move airslash\n>p2 move hydropump\n>p1 switch 3\n>p1 switch 5\n>p2 move hydropump\n>p1 move moonblast\n>p2 switch 2\n>p1 move moonblast\n>p2 move pounce\n>p1 move encore\n>p2 move stickyweb\n>p1 move leechseed\n>p2 move pounce\n>p1 switch 6\n>p1 move bitterblade\n>p2 switch 6\n>p2 switch 4\n>p1 move poltergeist\n>p2 move raindance\n>p1 move poltergeist\n>p2 move hydropump\n>p1 switch 2\n>p1 move firstimpression\n>p2 switch 2\n>p2 switch 2\n>p1 switch 5\n>p2 move hydropump\n>p1 move meteorbeam\n>p2 move hydropump\n>p1 switch 5\n>p1 move knockoff\n>p2 move raindance\n>p2 switch 3\n>p1 move suckerpunch\n>p2 move fireblast terastallize\n>p1 switch 4\n>p1 move earthquake\n>p2 move fireblast\n>p2 switch 6\n>p1 move heavyslam\n>p2 move pounce", "uploadtime": 1725215600, "views": 114, "formatid": "gen9randombattle", "rating": 2282, "private": 0, "password": null}