{"id": "gen9randombattle-2237835006", "format": "[Gen 9] Random Battle", "players": ["Guoyanan", "Yusei1789"], "log": "|j|\u2606Guoyanan\n|j|\u2606Yusei1789\n|t:|1730812038\n|gametype|singles\n|player|p1|Guoyanan|101|2218\n|player|p2|Yusei1789|170|2289\n|teamsize|p1|6\n|teamsize|p2|6\n|gen|9\n|tier|[Gen 9] Random Battle\n|rated|\n|rule|Species Clause: Limit one of each Pok\u00e9mon\n|rule|HP Percentage Mod: HP is shown in percentages\n|rule|Sleep Clause Mod: Limit one foe put to sleep\n|rule|Illusion Level Mod: Illusion disguises the Pok\u00e9mon's true level\n|\n|t:|1730812038\n|start\n|switch|p1a: Dudunsparce|Dudunsparce-Three-Segment, L83, F|343/343\n|switch|p2a: Leafeon|Leafeon, L88, F|258/258\n|turn|1\n|inactive|Battle timer is ON: inactive players will automatically lose when time's up. (requested by Yusei1789)\n|\n|t:|1730812053\n|move|p2a: Leafeon|Swords Dance|p2a: Leafeon\n|-boost|p2a: Leafeon|atk|2\n|move|p1a: Dudunsparce|Boomburst|p2a: Leafeon\n|-damage|p2a: Leafeon|93/258\n|\n|upkeep\n|turn|2\n|\n|t:|1730812072\n|move|p2a: Leafeon|Leaf Blade|p1a: Dudunsparce\n|-damage|p1a: Dudunsparce|26/343\n|-damage|p2a: Leafeon|68/258|[from] item: Life Orb\n|move|p1a: Dudunsparce|Boomburst|p2a: Leafeon\n|-damage|p2a: Leafeon|0 fnt\n|faint|p2a: Leafeon\n|\n|-heal|p1a: Dudunsparce|47/343|[from] item: Leftovers\n|upkeep\n|inactive|Yusei1789 has 120 seconds left.\n|\n|t:|1730812098\n|switch|p2a: Politoed|Politoed, L88, F|302/302\n|-weather|RainDance|[from] ability: Drizzle|[of] p2a: Politoed\n|turn|3\n|j| pioupioulepiou\n|\n|t:|1730812122\n|move|p2a: Politoed|Ice Beam|p1a: Dudunsparce\n|-damage|p1a: Dudunsparce|0 fnt\n|faint|p1a: Dudunsparce\n|\n|-weather|RainDance|[upkeep]\n|upkeep\n|\n|t:|1730812130\n|switch|p1a: Lucario|Lucario, L84, F|255/255\n|turn|4\n|\n|t:|1730812142\n|switch|p2a: Munkidori|Munkidori, L79, M|269/269\n|move|p1a: Lucario|Close Combat|p2a: Munkidori\n|-resisted|p2a: Munkidori\n|-damage|p2a: Munkidori|205/269\n|-unboost|p1a: Lucario|def|1\n|-unboost|p1a: Lucario|spd|1\n|\n|-weather|RainDance|[upkeep]\n|upkeep\n|turn|5\n|\n|t:|1730812154\n|switch|p1a: Slowbro|Slowbro-Galar, L87, M|307/307\n|move|p2a: Munkidori|Psyshock|p1a: Slowbro\n|-crit|p1a: Slowbro\n|-damage|p1a: Slowbro|105/307\n|\n|-weather|RainDance|[upkeep]\n|upkeep\n|turn|6\n|\n|t:|1730812166\n|switch|p1a: Abomasnow|Abomasnow, L85, F|291/291\n|-weather|Snow|[from] ability: Snow Warning|[of] p1a: Abomasnow\n|move|p2a: Munkidori|Psyshock|p1a: Abomasnow\n|-damage|p1a: Abomasnow|194/291\n|\n|-weather|Snow|[upkeep]\n|upkeep\n|turn|7\n|\n|t:|1730812184\n|move|p2a: Munkidori|Psyshock|p1a: Abomasnow\n|-damage|p1a: Abomasnow|92/291\n|-status|p1a: Abomasnow|tox|[from] ability: Toxic Chain|[of] p2a: Munkidori\n|move|p1a: Abomasnow|Earthquake|p2a: Munkidori\n|-supereffective|p2a: Munkidori\n|-damage|p2a: Munkidori|25/269\n|\n|-weather|Snow|[upkeep]\n|-damage|p1a: Abomasnow|74/291 tox|[from] psn\n|upkeep\n|turn|8\n|\n|t:|1730812196\n|move|p1a: Abomasnow|Ice Shard|p2a: Munkidori\n|-damage|p2a: Munkidori|0 fnt\n|faint|p2a: Munkidori\n|\n|-weather|Snow|[upkeep]\n|-damage|p1a: Abomasnow|38/291 tox|[from] psn\n|upkeep\n|\n|t:|1730812203\n|switch|p2a: Politoed|Politoed, L88, F|302/302\n|-weather|RainDance|[from] ability: Drizzle|[of] p2a: Politoed\n|turn|9\n|\n|t:|1730812208\n|move|p1a: Abomasnow|Ice Shard|p2a: Politoed\n|-resisted|p2a: Politoed\n|-crit|p2a: Politoed\n|-damage|p2a: Politoed|269/302\n|move|p2a: Politoed|Weather Ball|p1a: Abomasnow\n|-resisted|p1a: Abomasnow\n|-damage|p1a: Abomasnow|0 fnt\n|faint|p1a: Abomasnow\n|\n|-weather|RainDance|[upkeep]\n|upkeep\n|\n|t:|1730812216\n|switch|p1a: Lucario|Lucario, L84, F|255/255\n|turn|10\n|\n|t:|1730812220\n|move|p1a: Lucario|Close Combat|p2a: Politoed\n|-damage|p2a: Politoed|46/302\n|-unboost|p1a: Lucario|def|1\n|-unboost|p1a: Lucario|spd|1\n|move|p2a: Politoed|Weather Ball|p1a: Lucario\n|-damage|p1a: Lucario|0 fnt\n|faint|p1a: Lucario\n|\n|-weather|RainDance|[upkeep]\n|upkeep\n|\n|t:|1730812224\n|switch|p1a: Heracross|Heracross, L80, M|259/259\n|turn|11\n|\n|t:|1730812246\n|switch|p2a: Gogoat|Gogoat, L88, M|360/360\n|move|p1a: Heracross|Megahorn|p2a: Gogoat\n|-supereffective|p2a: Gogoat\n|-damage|p2a: Gogoat|10/360\n|\n|-weather|RainDance|[upkeep]\n|-heal|p2a: Gogoat|32/360|[from] item: Leftovers\n|upkeep\n|turn|12\n|\n|t:|1730812266\n|move|p1a: Heracross|Megahorn|p2a: Gogoat\n|-supereffective|p2a: Gogoat\n|-crit|p2a: Gogoat\n|-damage|p2a: Gogoat|0 fnt\n|faint|p2a: Gogoat\n|-ability|p1a: Heracross|Moxie|boost\n|-boost|p1a: Heracross|atk|1\n|\n|-weather|RainDance|[upkeep]\n|upkeep\n|\n|t:|1730812268\n|switch|p2a: Glastrier|Glastrier, L86|311/311\n|turn|13\n|\n|t:|1730812276\n|-terastallize|p2a: Glastrier|Steel\n|move|p1a: Heracross|Megahorn|p2a: Glastrier\n|-resisted|p2a: Glastrier\n|-damage|p2a: Glastrier|227/311\n|move|p2a: Glastrier|Heavy Slam|p1a: Heracross\n|-damage|p1a: Heracross|0 fnt\n|faint|p1a: Heracross\n|-ability|p2a: Glastrier|Chilling Neigh|boost\n|-boost|p2a: Glastrier|atk|1\n|\n|-weather|none\n|upkeep\n|\n|t:|1730812286\n|switch|p1a: Weezing|Weezing, L88, F|258/258\n|turn|14\n|\n|t:|1730812293\n|move|p1a: Weezing|Fire Blast|p2a: Glastrier\n|-supereffective|p2a: Glastrier\n|-damage|p2a: Glastrier|99/311\n|move|p2a: Glastrier|Heavy Slam|p1a: Weezing\n|-damage|p1a: Weezing|0 fnt\n|faint|p1a: Weezing\n|-ability|p2a: Glastrier|Chilling Neigh|boost\n|-boost|p2a: Glastrier|atk|1\n|\n|upkeep\n|-message|Guoyanan forfeited.\n|\n|win|Yusei1789\n|raw|Guoyanan's rating: 2218 &rarr; <strong>2202</strong><br />(-16 for losing)\n|raw|Yusei1789's rating: 2289 &rarr; <strong>2305</strong><br />(+16 for winning)\n|l|\u2606Guoyanan\n|player|p1|\n", "inputlog": ">version 2425f1364de080346313a8917b8af0a0670d3b0a\n>start {\"formatid\":\"gen9randombattle\",\"seed\":[29972,15430,40441,37083],\"rated\":\"Rated battle\"}\n>player p1 {\"name\":\"Guoyanan\",\"avatar\":\"101\",\"rating\":2218,\"seed\":[64037,38928,38055,24416]}\n>player p2 {\"name\":\"Yusei1789\",\"avatar\":\"170\",\"rating\":2289,\"seed\":[10019,30072,53833,13165]}\n>p1 move boomburst\n>p2 move swordsdance\n>p1 move boomburst\n>p2 move leafblade\n>p2 switch 4\n>p1 move boomburst\n>p2 move icebeam\n>p1 switch 2\n>p1 move closecombat\n>p2 switch 3\n>p1 switch 6\n>p2 move psyshock\n>p1 switch 3\n>p2 move psyshock\n>p1 move earthquake\n>p2 move psyshock\n>p1 move iceshard\n>p2 move psyshock\n>p2 switch 3\n>p1 move iceshard\n>p2 move weatherball\n>p1 switch 6\n>p1 move closecombat\n>p2 move weatherball\n>p1 switch 4\n>p1 move megahorn\n>p2 switch 2\n>p1 move megahorn\n>p2 move hornleech\n>p2 switch 6\n>p1 move megahorn\n>p2 move heavyslam terastallize\n>p1 switch 5\n>p1 move fireblast\n>p2 move heavyslam\n>forcelose p1", "uploadtime": 1730812304, "views": 37, "formatid": "gen9randombattle", "rating": 2202, "private": 0, "password": null}