{"id": "gen9randombattle-2260477480", "format": "[Gen 9] Random Battle", "players": ["rstay55", "cc126"], "log": "|j|\u2606rstay55\n|j|\u203dcc126\n|t:|1733855419\n|gametype|singles\n|player|p1|rstay55|wattson|1693\n|player|p2|cc126|acetrainer-gen4|1732\n|teamsize|p1|6\n|teamsize|p2|6\n|gen|9\n|tier|[Gen 9] Random Battle\n|rated|\n|rule|Species Clause: Limit one of each Pok\u00e9mon\n|rule|HP Percentage Mod: HP is shown in percentages\n|rule|Sleep Clause Mod: Limit one foe put to sleep\n|rule|Illusion Level Mod: Illusion disguises the Pok\u00e9mon's true level\n|\n|t:|1733855419\n|start\n|switch|p1a: Oricorio|Oricorio-Pa'u, L87, F|272/272\n|switch|p2a: Stonjourner|Stonjourner, L91, M|219/219\n|turn|1\n|inactive|Battle timer is ON: inactive players will automatically lose when time's up. (requested by cc126)\n|\n|t:|1733855439\n|switch|p1a: Sinistcha|Sinistcha-Masterpiece, L83|254/254\n|move|p2a: Stonjourner|Poltergeist|p1a: Sinistcha\n|-activate|p1a: Sinistcha|move: Poltergeist|Leftovers\n|-supereffective|p1a: Sinistcha\n|-damage|p1a: Sinistcha|0 fnt\n|faint|p1a: Sinistcha\n|-damage|p2a: Stonjourner|198/219|[from] item: Life Orb\n|\n|upkeep\n|\n|t:|1733855457\n|switch|p1a: Koraidon|Koraidon, L64|235/235\n|-weather|SunnyDay|[from] ability: Orichalcum Pulse|[of] p1a: Koraidon\n|-activate|p1a: Koraidon|Orichalcum Pulse|[source]\n|turn|2\n|\n|t:|1733855466\n|move|p2a: Stonjourner|Will-O-Wisp|p1a: Koraidon\n|-status|p1a: Koraidon|brn\n|move|p1a: Koraidon|Close Combat|p2a: Stonjourner\n|-immune|p2a: Stonjourner\n|\n|-weather|SunnyDay|[upkeep]\n|-damage|p1a: Koraidon|221/235 brn|[from] brn\n|upkeep\n|turn|3\n|c|\u2606rstay55|Oh yknow what that makes a little\n|c|\u2606rstay55|More sense\n|inactive|rstay55 has 120 seconds left.\n|\n|t:|1733855498\n|switch|p2a: Glimmora|Glimmora, L75, M|248/248\n|switch|p1a: Abomasnow|Abomasnow, L85, M|291/291\n|-weather|Snow|[from] ability: Snow Warning|[of] p1a: Abomasnow\n|\n|-weather|Snow|[upkeep]\n|upkeep\n|turn|4\n|\n|t:|1733855512\n|move|p2a: Glimmora|Stealth Rock|p1a: Abomasnow\n|-sidestart|p1: rstay55|move: Stealth Rock\n|move|p1a: Abomasnow|Aurora Veil|p1a: Abomasnow\n|-sidestart|p1: rstay55|move: Aurora Veil\n|\n|-weather|Snow|[upkeep]\n|upkeep\n|turn|5\n|\n|t:|1733855518\n|move|p2a: Glimmora|Mortal Spin|p1a: Abomasnow\n|-supereffective|p1a: Abomasnow\n|-damage|p1a: Abomasnow|276/291\n|-status|p1a: Abomasnow|psn\n|move|p1a: Abomasnow|Blizzard|p2a: Glimmora\n|-damage|p2a: Glimmora|103/248\n|-status|p2a: Glimmora|frz\n|\n|-weather|Snow|[upkeep]\n|-damage|p1a: Abomasnow|240/291 psn|[from] psn\n|upkeep\n|turn|6\n|\n|t:|1733855527\n|cant|p2a: Glimmora|frz\n|move|p1a: Abomasnow|Blizzard|p2a: Glimmora\n|-damage|p2a: Glimmora|0 fnt\n|faint|p2a: Glimmora\n|\n|-weather|Snow|[upkeep]\n|-damage|p1a: Abomasnow|204/291 psn|[from] psn\n|upkeep\n|\n|t:|1733855535\n|switch|p2a: Kingambit|Kingambit, L74, M|270/270\n|-activate|p2a: Kingambit|ability: Supreme Overlord\n|-start|p2a: Kingambit|fallen1|[silent]\n|turn|7\n|\n|t:|1733855553\n|switch|p1a: Koraidon|Koraidon, L64|221/235 brn\n|-damage|p1a: Koraidon|207/235 brn|[from] Stealth Rock\n|-weather|SunnyDay|[from] ability: Orichalcum Pulse|[of] p1a: Koraidon\n|-activate|p1a: Koraidon|Orichalcum Pulse|[source]\n|move|p2a: Kingambit|Iron Head|p1a: Koraidon\n|-damage|p1a: Koraidon|160/235 brn\n|\n|-weather|SunnyDay|[upkeep]\n|-damage|p1a: Koraidon|146/235 brn|[from] brn\n|upkeep\n|turn|8\n|\n|t:|1733855562\n|-end|p2a: Kingambit|fallen1|[silent]\n|switch|p2a: Stonjourner|Stonjourner, L91, M|198/219\n|move|p1a: Koraidon|Close Combat|p2a: Stonjourner\n|-immune|p2a: Stonjourner\n|\n|-weather|SunnyDay|[upkeep]\n|-damage|p1a: Koraidon|132/235 brn|[from] brn\n|upkeep\n|turn|9\n|\n|t:|1733855574\n|switch|p2a: Flamigo|Flamigo, L82, M|269/269\n|switch|p1a: Abomasnow|Abomasnow, L85, M|204/291 psn\n|-damage|p1a: Abomasnow|132/291 psn|[from] Stealth Rock\n|-weather|Snow|[from] ability: Snow Warning|[of] p1a: Abomasnow\n|\n|-weather|Snow|[upkeep]\n|-damage|p1a: Abomasnow|96/291 psn|[from] psn\n|upkeep\n|turn|10\n|\n|t:|1733855587\n|move|p1a: Abomasnow|Ice Shard|p2a: Flamigo\n|-supereffective|p2a: Flamigo\n|-damage|p2a: Flamigo|173/269\n|move|p2a: Flamigo|Brave Bird|p1a: Abomasnow\n|-supereffective|p1a: Abomasnow\n|-damage|p1a: Abomasnow|0 fnt\n|faint|p1a: Abomasnow\n|-damage|p2a: Flamigo|141/269|[from] Recoil\n|\n|-weather|Snow|[upkeep]\n|upkeep\n|\n|t:|1733855597\n|switch|p1a: Mew|Mew, L82|298/298\n|-damage|p1a: Mew|261/298|[from] Stealth Rock\n|turn|11\n|\n|t:|1733855612\n|switch|p2a: Kingambit|Kingambit, L74, M|270/270\n|-activate|p2a: Kingambit|ability: Supreme Overlord\n|-start|p2a: Kingambit|fallen1|[silent]\n|move|p1a: Mew|Nasty Plot|p1a: Mew\n|-boost|p1a: Mew|spa|2\n|\n|-weather|Snow|[upkeep]\n|-sideend|p1: rstay55|move: Aurora Veil\n|upkeep\n|turn|12\n|\n|t:|1733855616\n|move|p2a: Kingambit|Sucker Punch|p1a: Mew\n|-supereffective|p1a: Mew\n|-damage|p1a: Mew|99/298\n|move|p1a: Mew|Fire Blast|p2a: Kingambit\n|-supereffective|p2a: Kingambit\n|-damage|p2a: Kingambit|0 fnt\n|faint|p2a: Kingambit\n|-end|p2a: Kingambit|fallen1|[silent]\n|-damage|p1a: Mew|70/298|[from] item: Life Orb\n|\n|-weather|Snow|[upkeep]\n|upkeep\n|\n|t:|1733855622\n|switch|p2a: Stonjourner|Stonjourner, L91, M|330/330\n|turn|13\n|\n|t:|1733855632\n|move|p1a: Mew|Fire Blast|p2a: Stonjourner\n|-resisted|p2a: Stonjourner\n|-damage|p2a: Stonjourner|125/330\n|-damage|p1a: Mew|41/298|[from] item: Life Orb\n|move|p2a: Stonjourner|Earthquake|p1a: Mew\n|-damage|p1a: Mew|0 fnt\n|faint|p1a: Mew\n|-damage|p2a: Stonjourner|92/330|[from] item: Life Orb\n|\n|-weather|none\n|upkeep\n|\n|t:|1733855642\n|switch|p1a: Koraidon|Koraidon, L64|132/235 brn\n|-damage|p1a: Koraidon|118/235 brn|[from] Stealth Rock\n|-weather|SunnyDay|[from] ability: Orichalcum Pulse|[of] p1a: Koraidon\n|-activate|p1a: Koraidon|Orichalcum Pulse|[source]\n|turn|14\n|\n|t:|1733855649\n|switch|p2a: Swanna|Swanna, L88, F|198/219\n|move|p1a: Koraidon|Flare Blitz|p2a: Swanna\n|-crit|p2a: Swanna\n|-damage|p2a: Swanna|0 fnt\n|replace|p2a: Zoroark|Zoroark-Hisui, L80, F\n|-end|p2a: Zoroark|Illusion\n|-hint|Illusion Level Mod is active, so this Pok\u00e9mon's true level was hidden.\n|faint|p2a: Zoroark\n|-damage|p1a: Koraidon|53/235 brn|[from] Recoil\n|\n|-weather|SunnyDay|[upkeep]\n|-damage|p1a: Koraidon|39/235 brn|[from] brn\n|upkeep\n|\n|t:|1733855658\n|switch|p2a: Flamigo|Flamigo, L82, M|141/269\n|turn|15\n|\n|t:|1733855664\n|move|p2a: Flamigo|Brave Bird|p1a: Koraidon\n|-supereffective|p1a: Koraidon\n|-damage|p1a: Koraidon|0 fnt\n|faint|p1a: Koraidon\n|-damage|p2a: Flamigo|128/269|[from] Recoil\n|\n|-weather|SunnyDay|[upkeep]\n|upkeep\n|\n|t:|1733855671\n|switch|p1a: Chien-Pao|Chien-Pao, L72|234/234\n|-damage|p1a: Chien-Pao|176/234|[from] Stealth Rock\n|-ability|p1a: Chien-Pao|Sword of Ruin\n|turn|16\n|\n|t:|1733855679\n|switch|p2a: Stonjourner|Stonjourner, L91, M|92/330\n|move|p1a: Chien-Pao|Icicle Crash|p2a: Stonjourner\n|-damage|p2a: Stonjourner|0 fnt\n|faint|p2a: Stonjourner\n|\n|-weather|SunnyDay|[upkeep]\n|upkeep\n|\n|t:|1733855683\n|switch|p2a: Flamigo|Flamigo, L82, M|128/269\n|turn|17\n|\n|t:|1733855688\n|move|p2a: Flamigo|Close Combat|p1a: Chien-Pao\n|-supereffective|p1a: Chien-Pao\n|-damage|p1a: Chien-Pao|0 fnt\n|-unboost|p2a: Flamigo|def|1\n|-unboost|p2a: Flamigo|spd|1\n|faint|p1a: Chien-Pao\n|\n|-weather|SunnyDay|[upkeep]\n|upkeep\n|\n|t:|1733855690\n|switch|p1a: Oricorio|Oricorio-Pa'u, L87, F|272/272\n|turn|18\n|\n|t:|1733855717\n|switch|p2a: Swanna|Swanna, L88, F|275/275\n|move|p1a: Oricorio|Quiver Dance|p1a: Oricorio\n|-boost|p1a: Oricorio|spa|1\n|-boost|p1a: Oricorio|spd|1\n|-boost|p1a: Oricorio|spe|1\n|\n|-weather|none\n|upkeep\n|turn|19\n|\n|t:|1733855738\n|move|p1a: Oricorio|Revelation Dance|p2a: Swanna\n|-damage|p2a: Swanna|103/275\n|move|p2a: Swanna|Knock Off|p1a: Oricorio\n|-supereffective|p1a: Oricorio\n|-damage|p1a: Oricorio|116/272\n|-enditem|p1a: Oricorio|Heavy-Duty Boots|[from] move: Knock Off|[of] p2a: Swanna\n|\n|upkeep\n|turn|20\n|\n|t:|1733855749\n|-terastallize|p1a: Oricorio|Fighting\n|move|p1a: Oricorio|Roost|p1a: Oricorio\n|-heal|p1a: Oricorio|252/272\n|move|p2a: Swanna|Brave Bird|p1a: Oricorio\n|-supereffective|p1a: Oricorio\n|-damage|p1a: Oricorio|0 fnt\n|faint|p1a: Oricorio\n|-damage|p2a: Swanna|20/275|[from] Recoil\n|\n|win|cc126\n|raw|rstay55's rating: 1693 &rarr; <strong>1674</strong><br />(-19 for losing)\n|raw|cc126's rating: 1714 &rarr; <strong>1733</strong><br />(+19 for winning)\n", "inputlog": ">version bfd83cad13791eb5a5a409923076391caf6fb4d4\n>start {\"formatid\":\"gen9randombattle\",\"seed\":[58149,54065,17030,919],\"rated\":\"Rated battle\"}\n>player p1 {\"name\":\"rstay55\",\"avatar\":\"wattson\",\"rating\":1693,\"seed\":[64199,8287,14886,16495]}\n>player p2 {\"name\":\"cc126\",\"avatar\":\"acetrainer-gen4\",\"rating\":1732,\"seed\":[55827,11360,41817,32938]}\n>p1 switch 5\n>p2 move poltergeist\n>p1 switch 6\n>p1 move closecombat\n>p2 move willowisp\n>chat \u2606rstay55|Oh yknow what that makes a little\n>chat \u2606rstay55|More sense\n>p1 switch 2\n>p2 switch 3\n>p1 move auroraveil\n>p2 move stealthrock\n>p1 move blizzard\n>p2 move mortalspin\n>p1 move blizzard\n>p2 move sludgewave\n>p2 switch 5\n>p1 switch 2\n>p2 move ironhead\n>p1 move closecombat\n>p2 switch 3\n>p1 switch 2\n>p2 switch 2\n>p1 move iceshard\n>p2 move bravebird\n>p1 switch 4\n>p1 move nastyplot\n>p2 switch 3\n>p1 move fireblast\n>p2 move suckerpunch\n>p2 switch 6\n>p1 move fireblast\n>p2 move earthquake\n>p1 switch 2\n>p1 move flareblitz\n>p2 switch 2\n>p2 switch 3\n>p1 move flareblitz\n>p2 move bravebird\n>p1 switch 3\n>p1 move iciclecrash\n>p2 switch 2\n>p2 switch 2\n>p1 move iciclecrash\n>p2 move closecombat\n>p1 switch 5\n>p1 move quiverdance\n>p2 switch 4\n>p1 move revelationdance\n>p2 move knockoff\n>p1 move roost terastallize\n>p2 move bravebird", "uploadtime": 1733855754, "views": 1, "formatid": "gen9randombattle", "rating": 1674, "private": 0, "password": null}