{"id": "gen9randombattle-2122601434", "format": "[Gen 9] Random Battle", "players": ["Slim Workshop", "gokupichu"], "log": "|badge|p1|bronze|gen9randombattle|100-1\n|uhtml|medal-msg|<div class=\"broadcast-blue\">Curious what those medals under the avatar are? PS now has Ladder Seasons! For more information, check out the <a href=\"https://www.smogon.com/forums/threads/3740067/\">thread on Smogon.</a></div>\n|j|\u2606Slim Workshop\n|j|\u2606gokupichu\n|t:|1715444984\n|gametype|singles\n|player|p1|Slim Workshop|2|2317\n|player|p2|gokupichu|unknown|2265\n|teamsize|p1|6\n|teamsize|p2|6\n|gen|9\n|tier|[Gen 9] Random Battle\n|rated|\n|rule|Species Clause: Limit one of each Pok\u00e9mon\n|rule|HP Percentage Mod: HP is shown in percentages\n|rule|Sleep Clause Mod: Limit one foe put to sleep\n|rule|Illusion Level Mod: Illusion disguises the Pok\u00e9mon's true level\n|\n|t:|1715444984\n|start\n|switch|p1a: Braviary|Braviary, L85, M|309/309\n|switch|p2a: Noctowl|Noctowl, L95, F|344/344\n|turn|1\n|j| The Name's Novit\n|inactive|Battle timer is ON: inactive players will automatically lose when time's up. (requested by gokupichu)\n|\n|t:|1715445022\n|move|p2a: Noctowl|Hyper Voice|p1a: Braviary\n|-damage|p1a: Braviary|186/309\n|move|p1a: Braviary|Bulk Up|p1a: Braviary\n|-boost|p1a: Braviary|atk|1\n|-boost|p1a: Braviary|def|1\n|\n|upkeep\n|turn|2\n|\n|t:|1715445037\n|move|p2a: Noctowl|Hurricane|p1a: Braviary|[miss]\n|-miss|p2a: Noctowl|p1a: Braviary\n|move|p1a: Braviary|Brave Bird|p2a: Noctowl\n|-damage|p2a: Noctowl|29/344\n|-damage|p1a: Braviary|82/309|[from] Recoil\n|\n|upkeep\n|turn|3\n|\n|t:|1715445042\n|move|p2a: Noctowl|Hyper Voice|p1a: Braviary\n|-damage|p1a: Braviary|0 fnt\n|faint|p1a: Braviary\n|\n|upkeep\n|\n|t:|1715445044\n|switch|p1a: Walking Wake|Walking Wake, L79|286/286\n|turn|4\n|\n|t:|1715445046\n|move|p1a: Walking Wake|Flip Turn|p2a: Noctowl\n|-damage|p2a: Noctowl|0 fnt\n|faint|p2a: Noctowl\n|\n|t:|1715445053\n|-end|p1a: Walking Wake|Protosynthesis|[silent]\n|switch|p1a: Magmortar|Magmortar, L88, F|275/275|[from] Flip Turn\n|\n|upkeep\n|\n|t:|1715445059\n|switch|p2a: Samurott|Samurott-Hisui, L77, M|265/265\n|turn|5\n|\n|t:|1715445065\n|move|p1a: Magmortar|Will-O-Wisp|p2a: Samurott|[miss]\n|-miss|p1a: Magmortar|p2a: Samurott\n|move|p2a: Samurott|Ceaseless Edge|p1a: Magmortar\n|-damage|p1a: Magmortar|124/275\n|-sidestart|p1: Slim Workshop|Spikes\n|\n|upkeep\n|turn|6\n|\n|t:|1715445067\n|move|p1a: Magmortar|Thunderbolt|p2a: Samurott\n|-supereffective|p2a: Samurott\n|-damage|p2a: Samurott|21/265\n|move|p2a: Samurott|Ceaseless Edge|p1a: Magmortar\n|-damage|p1a: Magmortar|0 fnt\n|-status|p2a: Samurott|brn|[from] ability: Flame Body|[of] p1a: Magmortar\n|-sidestart|p1: Slim Workshop|Spikes\n|faint|p1a: Magmortar\n|\n|-damage|p2a: Samurott|5/265 brn|[from] brn\n|upkeep\n|\n|t:|1715445071\n|switch|p1a: Hawlucha|Hawlucha, L80, M|256/256\n|turn|7\n|\n|t:|1715445075\n|switch|p2a: Alcremie|Alcremie, L90, F|263/263\n|move|p1a: Hawlucha|Swords Dance|p1a: Hawlucha\n|-boost|p1a: Hawlucha|atk|2\n|\n|upkeep\n|turn|8\n|\n|t:|1715445082\n|-terastallize|p1a: Hawlucha|Flying\n|move|p1a: Hawlucha|Brave Bird|p2a: Alcremie\n|-damage|p2a: Alcremie|0 fnt\n|faint|p2a: Alcremie\n|-damage|p1a: Hawlucha|169/256|[from] Recoil\n|\n|upkeep\n|\n|t:|1715445094\n|switch|p2a: Iron Jugulis|Iron Jugulis, L78|275/275\n|turn|9\n|\n|t:|1715445099\n|move|p2a: Iron Jugulis|Dark Pulse|p1a: Hawlucha\n|-damage|p1a: Hawlucha|46/256\n|move|p1a: Hawlucha|Brave Bird|p2a: Iron Jugulis\n|-damage|p2a: Iron Jugulis|0 fnt\n|faint|p2a: Iron Jugulis\n|-end|p2a: Iron Jugulis|Quark Drive|[silent]\n|-damage|p1a: Hawlucha|0 fnt|[from] Recoil\n|faint|p1a: Hawlucha\n|\n|upkeep\n|\n|t:|1715445103\n|switch|p1a: Sylveon|Sylveon, L85, M|300/300\n|switch|p2a: Glastrier|Glastrier, L86|311/311\n|-damage|p1a: Sylveon|250/300|[from] Spikes\n|turn|10\n|\n|t:|1715445106\n|move|p1a: Sylveon|Protect|p1a: Sylveon\n|-singleturn|p1a: Sylveon|Protect\n|move|p2a: Glastrier|Heavy Slam|p1a: Sylveon\n|-activate|p1a: Sylveon|move: Protect\n|\n|-heal|p1a: Sylveon|268/300|[from] item: Leftovers\n|upkeep\n|turn|11\n|\n|t:|1715445110\n|switch|p1a: Walking Wake|Walking Wake, L79|286/286\n|-damage|p1a: Walking Wake|239/286|[from] Spikes\n|move|p2a: Glastrier|Heavy Slam|p1a: Walking Wake\n|-resisted|p1a: Walking Wake\n|-damage|p1a: Walking Wake|195/286\n|\n|upkeep\n|turn|12\n|\n|t:|1715445115\n|switch|p2a: Samurott|Samurott-Hisui, L77, M|5/265 brn\n|move|p1a: Walking Wake|Flip Turn|p2a: Samurott\n|-resisted|p2a: Samurott\n|-damage|p2a: Samurott|0 fnt\n|faint|p2a: Samurott\n|\n|t:|1715445116\n|-end|p1a: Walking Wake|Protosynthesis|[silent]\n|switch|p1a: Sylveon|Sylveon, L85, M|268/300|[from] Flip Turn\n|-damage|p1a: Sylveon|218/300|[from] Spikes\n|\n|-heal|p1a: Sylveon|236/300|[from] item: Leftovers\n|upkeep\n|\n|t:|1715445121\n|switch|p2a: Glastrier|Glastrier, L86|311/311\n|turn|13\n|\n|t:|1715445123\n|move|p1a: Sylveon|Protect|p1a: Sylveon\n|-singleturn|p1a: Sylveon|Protect\n|move|p2a: Glastrier|Icicle Crash|p1a: Sylveon\n|-activate|p1a: Sylveon|move: Protect\n|\n|-heal|p1a: Sylveon|254/300|[from] item: Leftovers\n|upkeep\n|turn|14\n|\n|t:|1715445126\n|move|p1a: Sylveon|Wish|p1a: Sylveon\n|move|p2a: Glastrier|Icicle Crash|p1a: Sylveon\n|-damage|p1a: Sylveon|7/300\n|\n|-heal|p1a: Sylveon|25/300|[from] item: Leftovers\n|upkeep\n|turn|15\n|\n|t:|1715445130\n|move|p1a: Sylveon|Protect|p1a: Sylveon\n|-singleturn|p1a: Sylveon|Protect\n|move|p2a: Glastrier|Icicle Crash|p1a: Sylveon\n|-activate|p1a: Sylveon|move: Protect\n|\n|-heal|p1a: Sylveon|175/300|[from] move: Wish|[wisher] Sylveon\n|-heal|p1a: Sylveon|193/300|[from] item: Leftovers\n|upkeep\n|turn|16\n|\n|t:|1715445133\n|move|p1a: Sylveon|Wish|p1a: Sylveon\n|move|p2a: Glastrier|Icicle Crash|p1a: Sylveon\n|-damage|p1a: Sylveon|0 fnt\n|faint|p1a: Sylveon\n|-ability|p2a: Glastrier|Chilling Neigh|boost\n|-boost|p2a: Glastrier|atk|1\n|\n|upkeep\n|\n|t:|1715445135\n|switch|p1a: Frosmoth|Frosmoth, L82, M|249/249\n|turn|17\n|\n|t:|1715445138\n|switch|p2a: Koraidon|Koraidon, L64|235/235\n|-weather|SunnyDay|[from] ability: Orichalcum Pulse|[of] p2a: Koraidon\n|-activate|p2a: Koraidon|Orichalcum Pulse|[source]\n|move|p1a: Frosmoth|Quiver Dance|p1a: Frosmoth\n|-boost|p1a: Frosmoth|spa|1\n|-boost|p1a: Frosmoth|spd|1\n|-boost|p1a: Frosmoth|spe|1\n|\n|-weather|SunnyDay|[upkeep]\n|upkeep\n|turn|18\n|\n|t:|1715445141\n|-terastallize|p2a: Koraidon|Fire\n|move|p1a: Frosmoth|Ice Beam|p2a: Koraidon\n|-resisted|p2a: Koraidon\n|-damage|p2a: Koraidon|146/235\n|move|p2a: Koraidon|Flare Blitz|p1a: Frosmoth\n|-supereffective|p1a: Frosmoth\n|-damage|p1a: Frosmoth|0 fnt\n|faint|p1a: Frosmoth\n|-damage|p2a: Koraidon|64/235|[from] Recoil\n|\n|-weather|SunnyDay|[upkeep]\n|upkeep\n|\n|t:|1715445143\n|switch|p1a: Walking Wake|Walking Wake, L79|195/286\n|-damage|p1a: Walking Wake|148/286|[from] Spikes\n|-activate|p1a: Walking Wake|ability: Protosynthesis\n|-start|p1a: Walking Wake|protosynthesisspa\n|turn|19\n|\n|t:|1715445147\n|move|p1a: Walking Wake|Flamethrower|p2a: Koraidon\n|-resisted|p2a: Koraidon\n|-damage|p2a: Koraidon|0 fnt\n|faint|p2a: Koraidon\n|\n|-weather|SunnyDay|[upkeep]\n|upkeep\n|\n|t:|1715445148\n|switch|p2a: Glastrier|Glastrier, L86|311/311\n|turn|20\n|\n|t:|1715445151\n|move|p1a: Walking Wake|Flamethrower|p2a: Glastrier\n|-supereffective|p2a: Glastrier\n|-damage|p2a: Glastrier|0 fnt\n|faint|p2a: Glastrier\n|\n|win|Slim Workshop\n|raw|Slim Workshop's rating: 2317 &rarr; <strong>2334</strong><br />(+17 for winning)\n|raw|gokupichu's rating: 2265 &rarr; <strong>2248</strong><br />(-17 for losing)\n", "inputlog": ">version 9ec7c4a3fde49e3a2a4c5d09e690aa38059aff9e\n>start {\"formatid\":\"gen9randombattle\",\"seed\":[23020,60146,30876,50825],\"rated\":\"Rated battle\"}\n>player p1 {\"name\":\"Slim Workshop\",\"avatar\":\"2\",\"rating\":2317,\"seed\":[35561,49102,50541,52959]}\n>player p2 {\"name\":\"gokupichu\",\"avatar\":\"unknown\",\"rating\":2265,\"seed\":[56015,2517,29432,37105]}\n>p1 move bulkup\n>p2 move hypervoice\n>p1 move bravebird\n>p2 move hurricane\n>p1 move closecombat\n>p2 move hypervoice\n>p1 switch 6\n>p1 move flipturn\n>p2 move hypervoice\n>p1 switch 2\n>p2 switch 6\n>p1 move willowisp\n>p2 move ceaselessedge\n>p1 move thunderbolt\n>p2 move ceaselessedge\n>p1 switch 3\n>p1 move swordsdance\n>p2 switch 4\n>p1 move bravebird terastallize\n>p2 move alluringvoice\n>p2 switch 2\n>p1 move bravebird\n>p2 move darkpulse\n>p1 switch 4\n>p2 switch 3\n>p1 move protect\n>p2 move heavyslam\n>p1 switch 2\n>p2 move heavyslam\n>p1 move flipturn\n>p2 switch 4\n>p1 switch 2\n>p2 switch 4\n>p1 move protect\n>p2 move iciclecrash\n>p1 move wish\n>p2 move iciclecrash\n>p1 move protect\n>p2 move iciclecrash\n>p1 move wish\n>p2 move iciclecrash\n>p1 switch 5\n>p1 move quiverdance\n>p2 switch 5\n>p1 move icebeam\n>p2 move flareblitz terastallize\n>p1 switch 2\n>p1 move flamethrower\n>p2 move scaleshot\n>p2 switch 5\n>p1 move flamethrower\n>p2 move highhorsepower", "uploadtime": 1715445156, "views": 221, "formatid": "gen9randombattle", "rating": 2248, "private": 0, "password": null}