{"id": "gen9randombattle-2145606477", "format": "[Gen 9] Random Battle", "players": ["villains dont die", "TechBuster"], "log": "|badge|p2|silver|gen9randombattle|30-1\n|uhtml|medal-msg|<div class=\"broadcast-blue\">Curious what those medals under the avatar are? PS now has Ladder Seasons! For more information, check out the <a href=\"https://www.smogon.com/forums/threads/3740067/\">thread on Smogon.</a></div>\n|j|\u2606villains dont die\n|j|\u2606TechBuster\n|t:|1718721755\n|gametype|singles\n|player|p1|villains dont die|unknown|2264\n|player|p2|TechBuster|cynthia|2444\n|teamsize|p1|6\n|teamsize|p2|6\n|gen|9\n|tier|[Gen 9] Random Battle\n|rated|\n|rule|Species Clause: Limit one of each Pok\u00e9mon\n|rule|HP Percentage Mod: HP is shown in percentages\n|rule|Sleep Clause Mod: Limit one foe put to sleep\n|rule|Illusion Level Mod: Illusion disguises the Pok\u00e9mon's true level\n|\n|t:|1718721755\n|start\n|switch|p1a: Medicham|Medicham, L86, F|243/243\n|switch|p2a: Duraludon|Duraludon, L82, F|249/249\n|turn|1\n|inactive|Battle timer is ON: inactive players will automatically lose when time's up. (requested by villains dont die)\n|\n|t:|1718721799\n|switch|p2a: Sableye|Sableye, L90, M|236/236\n|move|p1a: Medicham|Close Combat|p2a: Sableye\n|-immune|p2a: Sableye\n|\n|upkeep\n|turn|2\n|\n|t:|1718721817\n|switch|p1a: Mudsdale|Mudsdale, L84, F|305/305\n|move|p2a: Sableye|Will-O-Wisp|p1a: Mudsdale\n|-status|p1a: Mudsdale|brn\n|\n|-damage|p1a: Mudsdale|286/305 brn|[from] brn\n|upkeep\n|turn|3\n|\n|t:|1718721839\n|switch|p2a: Calyrex|Calyrex, L93|337/337\n|-ability|p2a: Calyrex|Unnerve\n|move|p1a: Mudsdale|Stealth Rock|p2a: Calyrex\n|-sidestart|p2: TechBuster|move: Stealth Rock\n|\n|-heal|p1a: Mudsdale|305/305 brn|[from] item: Leftovers\n|-damage|p1a: Mudsdale|286/305 brn|[from] brn\n|upkeep\n|turn|4\n|\n|t:|1718721850\n|switch|p1a: Vespiquen|Vespiquen, L98, F|296/296\n|-ability|p1a: Vespiquen|Pressure\n|move|p2a: Calyrex|Leech Seed|p1a: Vespiquen\n|-start|p1a: Vespiquen|move: Leech Seed\n|\n|-damage|p1a: Vespiquen|259/296|[from] Leech Seed|[of] p2a: Calyrex\n|upkeep\n|turn|5\n|inactive|TechBuster has 120 seconds left.\n|\n|t:|1718721889\n|switch|p2a: Sableye|Sableye, L90, M|236/236\n|-damage|p2a: Sableye|207/236|[from] Stealth Rock\n|move|p1a: Vespiquen|U-turn|p2a: Sableye\n|-damage|p2a: Sableye|114/236\n|\n|t:|1718721902\n|switch|p1a: Rabsca|Rabsca, L91, M|284/284|[from] U-turn\n|\n|-heal|p2a: Sableye|128/236|[from] item: Leftovers\n|upkeep\n|turn|6\n|\n|t:|1718721925\n|move|p2a: Sableye|Recover|p2a: Sableye\n|-heal|p2a: Sableye|236/236\n|move|p1a: Rabsca|Bug Buzz|p2a: Sableye\n|-damage|p2a: Sableye|92/236\n|-unboost|p2a: Sableye|spd|1\n|\n|-heal|p2a: Sableye|106/236|[from] item: Leftovers\n|upkeep\n|turn|7\n|inactive|TechBuster has 90 seconds left.\n|inactive|TechBuster has 60 seconds left.\n|\n|t:|1718721975\n|switch|p2a: Comfey|Comfey, L85, M|225/225\n|-damage|p2a: Comfey|197/225|[from] Stealth Rock\n|move|p1a: Rabsca|Bug Buzz|p2a: Comfey\n|-resisted|p2a: Comfey\n|-damage|p2a: Comfey|148/225\n|\n|-heal|p2a: Comfey|162/225|[from] item: Leftovers\n|upkeep\n|turn|8\n|inactive|TechBuster has 60 seconds left.\n|\n|t:|1718721986\n|switch|p1a: Excadrill|Excadrill, L80, M|307/307\n|-ability|p1a: Excadrill|Mold Breaker\n|move|p2a: Comfey|Calm Mind|p2a: Comfey\n|-boost|p2a: Comfey|spa|1\n|-boost|p2a: Comfey|spd|1\n|\n|-heal|p2a: Comfey|176/225|[from] item: Leftovers\n|upkeep\n|turn|9\n|inactive|TechBuster has 60 seconds left.\n|\n|t:|1718722005\n|switch|p2a: Calyrex|Calyrex, L93|337/337\n|-ability|p2a: Calyrex|Unnerve\n|-damage|p2a: Calyrex|295/337|[from] Stealth Rock\n|move|p1a: Excadrill|Earthquake|p2a: Calyrex\n|-resisted|p2a: Calyrex\n|-damage|p2a: Calyrex|209/337\n|-damage|p1a: Excadrill|277/307|[from] item: Life Orb\n|\n|-heal|p2a: Calyrex|230/337|[from] item: Leftovers\n|upkeep\n|turn|10\n|inactive|TechBuster has 60 seconds left.\n|\n|t:|1718722015\n|move|p2a: Calyrex|Leech Seed|p1a: Excadrill\n|-start|p1a: Excadrill|move: Leech Seed\n|move|p1a: Excadrill|Iron Head|p2a: Calyrex\n|-damage|p2a: Calyrex|101/337\n|-damage|p1a: Excadrill|247/307|[from] item: Life Orb\n|\n|-heal|p2a: Calyrex|122/337|[from] item: Leftovers\n|-damage|p1a: Excadrill|209/307|[from] Leech Seed|[of] p2a: Calyrex\n|-heal|p2a: Calyrex|160/337|[silent]\n|upkeep\n|turn|11\n|inactive|TechBuster has 60 seconds left.\n|\n|t:|1718722024\n|switch|p1a: Vespiquen|Vespiquen, L98, F|259/296\n|-ability|p1a: Vespiquen|Pressure\n|move|p2a: Calyrex|Giga Drain|p1a: Vespiquen\n|-resisted|p1a: Vespiquen\n|-crit|p1a: Vespiquen\n|-damage|p1a: Vespiquen|233/296\n|-heal|p2a: Calyrex|173/337|[from] drain|[of] p1a: Vespiquen\n|\n|-heal|p2a: Calyrex|194/337|[from] item: Leftovers\n|upkeep\n|turn|12\n|inactive|TechBuster has 60 seconds left.\n|\n|t:|1718722042\n|switch|p2a: Iron Treads|Iron Treads, L77|265/265\n|-damage|p2a: Iron Treads|257/265|[from] Stealth Rock\n|move|p1a: Vespiquen|Spikes|p2a: Iron Treads\n|-sidestart|p2: TechBuster|Spikes\n|\n|upkeep\n|turn|13\n|inactive|TechBuster has 60 seconds left.\n|\n|t:|1718722051\n|move|p2a: Iron Treads|Rapid Spin|p1a: Vespiquen\n|-damage|p1a: Vespiquen|208/296\n|-boost|p2a: Iron Treads|spe|1\n|-sideend|p2: TechBuster|Spikes|[from] move: Rapid Spin|[of] p2a: Iron Treads\n|-sideend|p2: TechBuster|Stealth Rock|[from] move: Rapid Spin|[of] p2a: Iron Treads\n|move|p1a: Vespiquen|Hurricane|p2a: Iron Treads\n|-resisted|p2a: Iron Treads\n|-damage|p2a: Iron Treads|194/265\n|\n|upkeep\n|turn|14\n|inactive|TechBuster has 60 seconds left.\n|\n|t:|1718722062\n|move|p2a: Iron Treads|Knock Off|p1a: Vespiquen\n|-damage|p1a: Vespiquen|157/296\n|-enditem|p1a: Vespiquen|Heavy-Duty Boots|[from] move: Knock Off|[of] p2a: Iron Treads\n|move|p1a: Vespiquen|Roost|p1a: Vespiquen\n|-heal|p1a: Vespiquen|296/296\n|-singleturn|p1a: Vespiquen|move: Roost\n|\n|upkeep\n|turn|15\n|\n|t:|1718722070\n|move|p2a: Iron Treads|Iron Head|p1a: Vespiquen\n|-damage|p1a: Vespiquen|232/296\n|move|p1a: Vespiquen|Hurricane|p2a: Iron Treads\n|-resisted|p2a: Iron Treads\n|-damage|p2a: Iron Treads|136/265\n|-start|p2a: Iron Treads|confusion\n|\n|upkeep\n|turn|16\n|inactive|TechBuster has 60 seconds left.\n|\n|t:|1718722086\n|-end|p2a: Iron Treads|Quark Drive|[silent]\n|switch|p2a: Duraludon|Duraludon, L82, F|249/249\n|move|p1a: Vespiquen|Hurricane|p2a: Duraludon\n|-resisted|p2a: Duraludon\n|-damage|p2a: Duraludon|178/249\n|-start|p2a: Duraludon|confusion\n|\n|upkeep\n|turn|17\n|\n|t:|1718722101\n|switch|p1a: Rabsca|Rabsca, L91, M|284/284\n|-activate|p2a: Duraludon|confusion\n|move|p2a: Duraludon|Thunder Wave|p1a: Rabsca\n|-status|p1a: Rabsca|par\n|-activate|p1a: Rabsca|ability: Synchronize\n|-status|p2a: Duraludon|par\n|\n|upkeep\n|turn|18\n|inactive|TechBuster has 60 seconds left.\n|inactive|villains dont die has 120 seconds left.\n|\n|t:|1718722137\n|switch|p2a: Latios|Latios, L78, M|253/253\n|move|p1a: Rabsca|Trick Room|p1a: Rabsca\n|-fieldstart|move: Trick Room|[of] p1a: Rabsca\n|\n|upkeep\n|turn|19\n|\n|t:|1718722153\n|switch|p2a: Duraludon|Duraludon, L82, F|178/249 par\n|move|p1a: Rabsca|Bug Buzz|p2a: Duraludon\n|-resisted|p2a: Duraludon\n|-damage|p2a: Duraludon|109/249 par\n|\n|upkeep\n|turn|20\n|\n|t:|1718722163\n|move|p1a: Rabsca|Bug Buzz|p2a: Duraludon\n|-resisted|p2a: Duraludon\n|-damage|p2a: Duraludon|47/249 par\n|move|p2a: Duraludon|Draco Meteor|p1a: Rabsca|[miss]\n|-miss|p2a: Duraludon|p1a: Rabsca\n|\n|upkeep\n|turn|21\n|\n|t:|1718722180\n|move|p1a: Rabsca|Bug Buzz|p2a: Duraludon\n|-resisted|p2a: Duraludon\n|-damage|p2a: Duraludon|0 fnt\n|faint|p2a: Duraludon\n|\n|upkeep\n|\n|t:|1718722184\n|switch|p2a: Iron Treads|Iron Treads, L77|136/265\n|turn|22\n|\n|t:|1718722213\n|switch|p1a: Vespiquen|Vespiquen, L98, F|232/296\n|-ability|p1a: Vespiquen|Pressure\n|move|p2a: Iron Treads|Knock Off|p1a: Vespiquen\n|-damage|p1a: Vespiquen|197/296\n|\n|-fieldend|move: Trick Room\n|upkeep\n|turn|23\n|\n|t:|1718722243\n|-end|p2a: Iron Treads|Quark Drive|[silent]\n|switch|p2a: Comfey|Comfey, L85, M|176/225\n|move|p1a: Vespiquen|Roost|p1a: Vespiquen\n|-heal|p1a: Vespiquen|296/296\n|-singleturn|p1a: Vespiquen|move: Roost\n|\n|-heal|p2a: Comfey|190/225|[from] item: Leftovers\n|upkeep\n|turn|24\n|\n|t:|1718722253\n|switch|p2a: Iron Treads|Iron Treads, L77|136/265\n|move|p1a: Vespiquen|U-turn|p2a: Iron Treads\n|-resisted|p2a: Iron Treads\n|-damage|p2a: Iron Treads|97/265\n|\n|t:|1718722279\n|switch|p1a: Medicham|Medicham, L86, F|243/243|[from] U-turn\n|\n|upkeep\n|turn|25\n|\n|t:|1718722295\n|move|p2a: Iron Treads|Iron Head|p1a: Medicham\n|-damage|p1a: Medicham|161/243\n|cant|p1a: Medicham|flinch\n|\n|upkeep\n|turn|26\n|\n|t:|1718722308\n|-end|p2a: Iron Treads|Quark Drive|[silent]\n|switch|p2a: Sableye|Sableye, L90, M|106/236\n|switch|p1a: Vespiquen|Vespiquen, L98, F|296/296\n|-ability|p1a: Vespiquen|Pressure\n|\n|-heal|p2a: Sableye|120/236|[from] item: Leftovers\n|upkeep\n|turn|27\n|inactive|TechBuster has 30 seconds left.\n|\n|t:|1718722343\n|switch|p1a: Mudsdale|Mudsdale, L84, F|286/305 brn\n|move|p2a: Sableye|Recover|p2a: Sableye\n|-heal|p2a: Sableye|236/236\n|\n|-heal|p1a: Mudsdale|305/305 brn|[from] item: Leftovers\n|-damage|p1a: Mudsdale|286/305 brn|[from] brn\n|upkeep\n|turn|28\n|\n|t:|1718722349\n|move|p2a: Sableye|Knock Off|p1a: Mudsdale\n|-damage|p1a: Mudsdale|199/305 brn\n|-ability|p1a: Mudsdale|Stamina|boost\n|-boost|p1a: Mudsdale|def|1\n|-enditem|p1a: Mudsdale|Leftovers|[from] move: Knock Off|[of] p2a: Sableye\n|move|p1a: Mudsdale|Stealth Rock|p2a: Sableye\n|-sidestart|p2: TechBuster|move: Stealth Rock\n|\n|-damage|p1a: Mudsdale|180/305 brn|[from] brn\n|upkeep\n|turn|29\n|\n|t:|1718722360\n|switch|p2a: Calyrex|Calyrex, L93|194/337\n|-ability|p2a: Calyrex|Unnerve\n|-damage|p2a: Calyrex|152/337|[from] Stealth Rock\n|move|p1a: Mudsdale|Earthquake|p2a: Calyrex\n|-resisted|p2a: Calyrex\n|-damage|p2a: Calyrex|119/337\n|\n|-heal|p2a: Calyrex|140/337|[from] item: Leftovers\n|-damage|p1a: Mudsdale|161/305 brn|[from] brn\n|upkeep\n|turn|30\n|inactive|TechBuster has 30 seconds left.\n|\n|t:|1718722383\n|switch|p2a: Latios|Latios, L78, M|253/253\n|-damage|p2a: Latios|222/253|[from] Stealth Rock\n|switch|p1a: Vespiquen|Vespiquen, L98, F|296/296\n|-ability|p1a: Vespiquen|Pressure\n|\n|upkeep\n|turn|31\n|inactive|TechBuster has 30 seconds left.\n|\n|t:|1718722393\n|move|p2a: Latios|Luster Purge|p1a: Vespiquen\n|-damage|p1a: Vespiquen|163/296\n|move|p1a: Vespiquen|U-turn|p2a: Latios\n|-supereffective|p2a: Latios\n|-damage|p2a: Latios|22/253\n|\n|t:|1718722401\n|switch|p1a: Rabsca|Rabsca, L91, M|284/284 par|[from] U-turn\n|\n|upkeep\n|turn|32\n|\n|t:|1718722407\n|switch|p2a: Iron Treads|Iron Treads, L77|97/265\n|-damage|p2a: Iron Treads|89/265|[from] Stealth Rock\n|move|p1a: Rabsca|Trick Room|p1a: Rabsca\n|-fieldstart|move: Trick Room|[of] p1a: Rabsca\n|\n|upkeep\n|turn|33\n|\n|t:|1718722412\n|move|p1a: Rabsca|Bug Buzz|p2a: Iron Treads\n|-resisted|p2a: Iron Treads\n|-damage|p2a: Iron Treads|32/265\n|move|p2a: Iron Treads|Rapid Spin|p1a: Rabsca\n|-damage|p1a: Rabsca|255/284 par\n|-boost|p2a: Iron Treads|spe|1\n|-sideend|p2: TechBuster|Stealth Rock|[from] move: Rapid Spin|[of] p2a: Iron Treads\n|\n|upkeep\n|turn|34\n|\n|t:|1718722420\n|-end|p2a: Iron Treads|Quark Drive|[silent]\n|switch|p2a: Comfey|Comfey, L85, M|190/225\n|move|p1a: Rabsca|Psychic|p2a: Comfey\n|-damage|p2a: Comfey|87/225\n|\n|-heal|p2a: Comfey|101/225|[from] item: Leftovers\n|upkeep\n|turn|35\n|\n|t:|1718722434\n|move|p2a: Comfey|Giga Drain|p1a: Rabsca\n|-resisted|p1a: Rabsca\n|-damage|p1a: Rabsca|234/284 par\n|-heal|p2a: Comfey|112/225|[from] drain|[of] p1a: Rabsca\n|cant|p1a: Rabsca|par\n|\n|-heal|p2a: Comfey|126/225|[from] item: Leftovers\n|upkeep\n|turn|36\n|\n|t:|1718722440\n|cant|p1a: Rabsca|par\n|move|p2a: Comfey|Calm Mind|p2a: Comfey\n|-boost|p2a: Comfey|spa|1\n|-boost|p2a: Comfey|spd|1\n|\n|-heal|p2a: Comfey|140/225|[from] item: Leftovers\n|-fieldend|move: Trick Room\n|upkeep\n|turn|37\n|inactive|TechBuster has 60 seconds left.\n|\n|t:|1718722459\n|switch|p1a: Excadrill|Excadrill, L80, M|209/307\n|-ability|p1a: Excadrill|Mold Breaker\n|move|p2a: Comfey|Giga Drain|p1a: Excadrill\n|-damage|p1a: Excadrill|111/307\n|-heal|p2a: Comfey|189/225|[from] drain|[of] p1a: Excadrill\n|\n|-heal|p2a: Comfey|203/225|[from] item: Leftovers\n|upkeep\n|turn|38\n|inactive|TechBuster has 60 seconds left.\n|inactive|TechBuster has 30 seconds left.\n|\n|t:|1718722504\n|switch|p2a: Sableye|Sableye, L90, M|236/236\n|move|p1a: Excadrill|Iron Head|p2a: Sableye\n|-damage|p2a: Sableye|100/236\n|-damage|p1a: Excadrill|81/307|[from] item: Life Orb\n|\n|-heal|p2a: Sableye|114/236|[from] item: Leftovers\n|upkeep\n|turn|39\n|inactive|TechBuster has 30 seconds left.\n|\n|t:|1718722520\n|switch|p1a: Mudsdale|Mudsdale, L84, F|161/305 brn\n|move|p2a: Sableye|Will-O-Wisp|p1a: Mudsdale\n|-fail|p1a: Mudsdale|brn\n|\n|-heal|p2a: Sableye|128/236|[from] item: Leftovers\n|-damage|p1a: Mudsdale|142/305 brn|[from] brn\n|upkeep\n|turn|40\n|inactive|TechBuster has 30 seconds left.\n|inactive|TechBuster has 20 seconds left.\n|inactive|TechBuster has 15 seconds left.\n|\n|t:|1718722546\n|switch|p2a: Latios|Latios, L78, M|22/253\n|move|p1a: Mudsdale|Stealth Rock|p2a: Latios\n|-sidestart|p2: TechBuster|move: Stealth Rock\n|\n|-damage|p1a: Mudsdale|123/305 brn|[from] brn\n|upkeep\n|turn|41\n|inactive|TechBuster has 25 seconds left this turn.\n|inactive|TechBuster has 20 seconds left.\n|inactive|TechBuster has 15 seconds left.\n|inactive|TechBuster has 10 seconds left.\n|\n|t:|1718722563\n|move|p2a: Latios|Luster Purge|p1a: Mudsdale\n|-damage|p1a: Mudsdale|0 fnt\n|faint|p1a: Mudsdale\n|\n|upkeep\n|inactive|TechBuster has 15 seconds left this turn.\n|\n|t:|1718722565\n|switch|p1a: Rabsca|Rabsca, L91, M|234/284 par\n|turn|42\n|inactive|TechBuster has 25 seconds left this turn.\n|inactive|TechBuster has 20 seconds left.\n|inactive|TechBuster has 15 seconds left.\n|\n|t:|1718722579\n|switch|p2a: Comfey|Comfey, L85, M|203/225\n|-damage|p2a: Comfey|175/225|[from] Stealth Rock\n|switch|p1a: Excadrill|Excadrill, L80, M|81/307\n|-ability|p1a: Excadrill|Mold Breaker\n|\n|-heal|p2a: Comfey|189/225|[from] item: Leftovers\n|upkeep\n|turn|43\n|inactive|TechBuster has 25 seconds left this turn.\n|inactive|TechBuster has 20 seconds left.\n|inactive|TechBuster has 15 seconds left.\n|inactive|TechBuster has 10 seconds left.\n|\n|t:|1718722597\n|switch|p2a: Calyrex|Calyrex, L93|140/337\n|-ability|p2a: Calyrex|Unnerve\n|-damage|p2a: Calyrex|98/337|[from] Stealth Rock\n|move|p1a: Excadrill|Iron Head|p2a: Calyrex\n|-damage|p2a: Calyrex|0 fnt\n|faint|p2a: Calyrex\n|-damage|p1a: Excadrill|51/307|[from] item: Life Orb\n|\n|upkeep\n|inactive|TechBuster has 15 seconds left this turn.\n|inactive|TechBuster has 10 seconds left.\n|\n|t:|1718722606\n|switch|p2a: Iron Treads|Iron Treads, L77|32/265\n|-damage|p2a: Iron Treads|24/265|[from] Stealth Rock\n|turn|44\n|inactive|TechBuster has 20 seconds left this turn.\n|\n|t:|1718722635\n|switch|p1a: Vespiquen|Vespiquen, L98, F|163/296\n|-ability|p1a: Vespiquen|Pressure\n|move|p2a: Iron Treads|Rapid Spin|p1a: Vespiquen\n|-damage|p1a: Vespiquen|135/296\n|-boost|p2a: Iron Treads|spe|1\n|-sideend|p2: TechBuster|Stealth Rock|[from] move: Rapid Spin|[of] p2a: Iron Treads\n|\n|upkeep\n|turn|45\n|inactive|TechBuster has 30 seconds left this turn.\n|inactive|TechBuster has 20 seconds left.\n|\n|t:|1718722645\n|move|p2a: Iron Treads|Iron Head|p1a: Vespiquen\n|-damage|p1a: Vespiquen|69/296\n|move|p1a: Vespiquen|Roost|p1a: Vespiquen\n|-heal|p1a: Vespiquen|217/296\n|-singleturn|p1a: Vespiquen|move: Roost\n|\n|upkeep\n|turn|46\n|inactive|TechBuster has 30 seconds left this turn.\n|j| Megaketsuban\n|\n|t:|1718722653\n|-end|p2a: Iron Treads|Quark Drive|[silent]\n|switch|p2a: Comfey|Comfey, L85, M|189/225\n|move|p1a: Vespiquen|Roost|p1a: Vespiquen\n|-heal|p1a: Vespiquen|296/296\n|-singleturn|p1a: Vespiquen|move: Roost\n|\n|-heal|p2a: Comfey|203/225|[from] item: Leftovers\n|upkeep\n|turn|47\n|inactive|TechBuster has 30 seconds left.\n|\n|t:|1718722659\n|move|p2a: Comfey|Calm Mind|p2a: Comfey\n|-boost|p2a: Comfey|spa|1\n|-boost|p2a: Comfey|spd|1\n|move|p1a: Vespiquen|U-turn|p2a: Comfey\n|-resisted|p2a: Comfey\n|-damage|p2a: Comfey|157/225\n|\n|t:|1718722661\n|switch|p1a: Eelektross|Eelektross, L87, M|290/290|[from] U-turn\n|\n|-heal|p2a: Comfey|171/225|[from] item: Leftovers\n|upkeep\n|turn|48\n|\n|t:|1718722669\n|move|p2a: Comfey|Calm Mind|p2a: Comfey\n|-boost|p2a: Comfey|spa|1\n|-boost|p2a: Comfey|spd|1\n|move|p1a: Eelektross|Coil|p1a: Eelektross\n|-boost|p1a: Eelektross|atk|1\n|-boost|p1a: Eelektross|def|1\n|-boost|p1a: Eelektross|accuracy|1\n|\n|-heal|p2a: Comfey|185/225|[from] item: Leftovers\n|upkeep\n|turn|49\n|inactive|TechBuster has 30 seconds left.\n|inactive|TechBuster has 20 seconds left.\n|inactive|TechBuster has 15 seconds left.\n|inactive|TechBuster has 10 seconds left.\n|\n|t:|1718722714\n|move|p2a: Comfey|Stored Power|p1a: Eelektross\n|-damage|p1a: Eelektross|163/290\n|move|p1a: Eelektross|Supercell Slam|p2a: Comfey\n|-damage|p2a: Comfey|5/225\n|\n|-heal|p2a: Comfey|19/225|[from] item: Leftovers\n|-heal|p1a: Eelektross|181/290|[from] item: Leftovers\n|upkeep\n|turn|50\n|inactive|TechBuster has 20 seconds left this turn.\n|inactive|TechBuster has 15 seconds left.\n|inactive|TechBuster has 10 seconds left.\n|\n|t:|1718722727\n|move|p2a: Comfey|Stored Power|p1a: Eelektross\n|-damage|p1a: Eelektross|51/290\n|move|p1a: Eelektross|Fire Punch|p2a: Comfey\n|-damage|p2a: Comfey|0 fnt\n|faint|p2a: Comfey\n|\n|-heal|p1a: Eelektross|69/290|[from] item: Leftovers\n|upkeep\n|inactive|TechBuster has 15 seconds left this turn.\n|inactive|TechBuster has 10 seconds left.\n|\n|t:|1718722736\n|switch|p2a: Latios|Latios, L78, M|22/253\n|turn|51\n|inactive|TechBuster has 20 seconds left this turn.\n|inactive|TechBuster has 15 seconds left.\n|inactive|TechBuster has 10 seconds left.\n|\n|t:|1718722747\n|switch|p1a: Excadrill|Excadrill, L80, M|51/307\n|-ability|p1a: Excadrill|Mold Breaker\n|move|p2a: Latios|Luster Purge|p1a: Excadrill\n|-resisted|p1a: Excadrill\n|-damage|p1a: Excadrill|0 fnt\n|faint|p1a: Excadrill\n|\n|upkeep\n|inactive|TechBuster has 15 seconds left this turn.\n|\n|t:|1718722755\n|switch|p1a: Rabsca|Rabsca, L91, M|234/284 par\n|turn|52\n|inactive|TechBuster has 25 seconds left this turn.\n|inactive|TechBuster has 20 seconds left.\n|inactive|TechBuster has 15 seconds left.\n|\n|t:|1718722775\n|switch|p2a: Iron Treads|Iron Treads, L77|24/265\n|move|p1a: Rabsca|Bug Buzz|p2a: Iron Treads\n|-resisted|p2a: Iron Treads\n|-damage|p2a: Iron Treads|0 fnt\n|faint|p2a: Iron Treads\n|-end|p2a: Iron Treads|Quark Drive|[silent]\n|\n|upkeep\n|inactive|TechBuster has 20 seconds left this turn.\n|\n|t:|1718722779\n|switch|p2a: Sableye|Sableye, L90, M|128/236\n|turn|53\n|inactive|TechBuster has 30 seconds left this turn.\n|inactive|TechBuster has 20 seconds left.\n|\n|t:|1718722792\n|switch|p1a: Eelektross|Eelektross, L87, M|69/290\n|move|p2a: Sableye|Recover|p2a: Sableye\n|-heal|p2a: Sableye|236/236\n|\n|-heal|p1a: Eelektross|87/290|[from] item: Leftovers\n|upkeep\n|turn|54\n|inactive|TechBuster has 30 seconds left this turn.\n|inactive|TechBuster has 20 seconds left.\n|l| Megaketsuban\n|\n|t:|1718722803\n|move|p2a: Sableye|Knock Off|p1a: Eelektross\n|-damage|p1a: Eelektross|0 fnt\n|-enditem|p1a: Eelektross|Leftovers|[from] move: Knock Off|[of] p2a: Sableye\n|faint|p1a: Eelektross\n|\n|upkeep\n|inactive|TechBuster has 25 seconds left this turn.\n|\n|t:|1718722806\n|switch|p1a: Vespiquen|Vespiquen, L98, F|296/296\n|-ability|p1a: Vespiquen|Pressure\n|turn|55\n|inactive|TechBuster has 30 seconds left.\n|inactive|TechBuster has 20 seconds left.\n|\n|t:|1718722835\n|switch|p1a: Medicham|Medicham, L86, F|161/243\n|move|p2a: Sableye|Will-O-Wisp|p1a: Medicham\n|-status|p1a: Medicham|brn\n|\n|-damage|p1a: Medicham|146/243 brn|[from] brn\n|upkeep\n|turn|56\n|inactive|TechBuster has 30 seconds left this turn.\n|\n|t:|1718722843\n|move|p1a: Medicham|Poison Jab|p2a: Sableye\n|-resisted|p2a: Sableye\n|-damage|p2a: Sableye|201/236\n|move|p2a: Sableye|Knock Off|p1a: Medicham\n|-damage|p1a: Medicham|44/243 brn\n|-enditem|p1a: Medicham|Choice Band|[from] move: Knock Off|[of] p2a: Sableye\n|\n|-heal|p2a: Sableye|215/236|[from] item: Leftovers\n|-damage|p1a: Medicham|29/243 brn|[from] brn\n|upkeep\n|turn|57\n|inactive|TechBuster has 30 seconds left.\n|\n|t:|1718722851\n|move|p1a: Medicham|Poison Jab|p2a: Sableye\n|-resisted|p2a: Sableye\n|-damage|p2a: Sableye|192/236\n|-status|p2a: Sableye|psn\n|move|p2a: Sableye|Knock Off|p1a: Medicham\n|-damage|p1a: Medicham|0 fnt\n|faint|p1a: Medicham\n|\n|-heal|p2a: Sableye|206/236 psn|[from] item: Leftovers\n|-damage|p2a: Sableye|177/236 psn|[from] psn\n|upkeep\n|\n|t:|1718722854\n|switch|p1a: Vespiquen|Vespiquen, L98, F|296/296\n|-ability|p1a: Vespiquen|Pressure\n|turn|58\n|\n|t:|1718722858\n|move|p2a: Sableye|Will-O-Wisp|p1a: Vespiquen\n|-status|p1a: Vespiquen|brn\n|move|p1a: Vespiquen|Hurricane|p2a: Sableye\n|-damage|p2a: Sableye|11/236 psn\n|\n|-heal|p2a: Sableye|25/236 psn|[from] item: Leftovers\n|-damage|p2a: Sableye|0 fnt|[from] psn\n|faint|p2a: Sableye\n|-damage|p1a: Vespiquen|278/296 brn|[from] brn\n|upkeep\n|\n|t:|1718722864\n|switch|p2a: Latios|Latios, L78, M|22/253\n|turn|59\n|inactive|TechBuster has 30 seconds left.\n|\n|t:|1718722899\n|move|p2a: Latios|Draco Meteor|p1a: Vespiquen\n|-damage|p1a: Vespiquen|118/296 brn\n|-unboost|p2a: Latios|spa|2\n|move|p1a: Vespiquen|U-turn|p2a: Latios\n|-supereffective|p2a: Latios\n|-damage|p2a: Latios|0 fnt\n|faint|p2a: Latios\n|\n|win|villains dont die\n|inactive|TechBuster has 30 seconds left this turn.\n|raw|villains dont die's rating: 2264 &rarr; <strong>2294</strong><br />(+30 for winning)\n|raw|TechBuster's rating: 2444 &rarr; <strong>2414</strong><br />(-30 for losing)\n|c|\u2606TechBuster|gg\n|l|\u2606villains dont die\n|player|p1|\n", "inputlog": ">version 8819e60f9a01cede7471b534a2fb53a3a85674fc\n>start {\"formatid\":\"gen9randombattle\",\"seed\":[4380,19131,54931,30790],\"rated\":\"Rated battle\"}\n>player p1 {\"name\":\"villains dont die\",\"avatar\":\"unknown\",\"rating\":2264,\"seed\":[6595,46711,17097,54036]}\n>player p2 {\"name\":\"TechBuster\",\"avatar\":\"cynthia\",\"rating\":2444,\"seed\":[35445,32821,54066,19675]}\n>p1 move closecombat\n>p2 switch 6\n>p1 switch 5\n>p2 move willowisp\n>p1 move stealthrock\n>p2 switch 2\n>p1 switch 4\n>p2 move leechseed\n>p1 move uturn\n>p2 switch 2\n>p1 switch 2\n>p1 move bugbuzz\n>p2 move recover\n>p1 move bugbuzz\n>p2 switch 4\n>p1 switch 3\n>p2 move calmmind\n>p1 move earthquake\n>p2 switch 2\n>p1 move ironhead\n>p2 move leechseed\n>p1 switch 2\n>p2 move gigadrain\n>p1 move spikes\n>p2 switch 3\n>p1 move hurricane\n>p2 move rapidspin\n>p1 move roost\n>p2 move knockoff\n>p1 move hurricane\n>p2 move ironhead\n>p1 move hurricane\n>p2 switch 6\n>p1 switch 3\n>p2 move thunderwave\n>p1 move trickroom\n>p2 switch 5\n>p1 move bugbuzz\n>p2 switch 5\n>p1 move bugbuzz\n>p2 move dracometeor\n>p1 move bugbuzz\n>p2 move dracometeor\n>p2 switch 6\n>p1 switch 3\n>p2 move knockoff\n>p1 move roost\n>p2 switch 2\n>p1 move uturn\n>p2 switch 2\n>p1 switch 5\n>p1 move icepunch\n>p2 move ironhead\n>p1 switch 5\n>p2 switch 4\n>p1 switch 4\n>p2 move recover\n>p1 move stealthrock\n>p2 move knockoff\n>p1 move earthquake\n>p2 switch 3\n>p1 switch 4\n>p2 switch 5\n>p1 move uturn\n>p2 move lusterpurge\n>p1 switch 3\n>p1 move trickroom\n>p2 switch 4\n>p1 move bugbuzz\n>p2 move rapidspin\n>p1 move psychic\n>p2 switch 2\n>p1 move psychic\n>p2 move gigadrain\n>p1 move psychic\n>p2 move calmmind\n>p1 switch 2\n>p2 move gigadrain\n>p1 move ironhead\n>p2 switch 3\n>p1 switch 4\n>p2 move willowisp\n>p1 move stealthrock\n>p2 switch 4\n>p1 move heavyslam\n>p2 move lusterpurge\n>p1 switch 2\n>p1 switch 4\n>p2 switch 3\n>p1 move ironhead\n>p2 switch 5\n>p2 switch 2\n>p1 switch 3\n>p2 move rapidspin\n>p1 move roost\n>p2 move ironhead\n>p1 move roost\n>p2 switch 5\n>p1 move uturn\n>p2 move calmmind\n>p1 switch 6\n>p1 move coil\n>p2 move calmmind\n>p1 move supercellslam\n>p2 move storedpower\n>p1 move firepunch\n>p2 move storedpower\n>p2 switch 3\n>p1 switch 3\n>p2 move lusterpurge\n>p1 switch 4\n>p1 move bugbuzz\n>p2 switch 5\n>p2 switch 4\n>p1 switch 3\n>p2 move recover\n>p1 move firepunch\n>p2 move knockoff\n>p1 switch 6\n>p1 switch 5\n>p2 move willowisp\n>p1 move poisonjab\n>p2 move knockoff\n>p1 move poisonjab\n>p2 move knockoff\n>p1 switch 5\n>p1 move hurricane\n>p2 move willowisp\n>p2 switch 5\n>p1 move uturn\n>p2 move dracometeor", "uploadtime": 1718722908, "views": 181, "formatid": "gen9randombattle", "rating": 2294, "private": 0, "password": null}