{"id": "gen9randombattle-2259711802", "format": "[Gen 9] Random Battle", "players": ["Magikarpitalism", "Star Wheel"], "log": "|badge|p1|bronze|gen9randombattle|100-3\n|uhtml|medal-msg|<div class=\"broadcast-blue\">Curious what those medals under the avatar are? PS now has Ladder Seasons! For more information, check out the <a href=\"https://www.smogon.com/forums/threads/3740067/\">thread on Smogon.</a></div>\n|j|\u2606Magikarpitalism\n|j|\u203dStar Wheel\n|t:|1733759035\n|gametype|singles\n|player|p1|Magikarpitalism|adaman|2222\n|player|p2|Star Wheel|darach-caitlin|2298\n|teamsize|p1|6\n|teamsize|p2|6\n|gen|9\n|tier|[Gen 9] Random Battle\n|rated|\n|rule|Species Clause: Limit one of each Pok\u00e9mon\n|rule|HP Percentage Mod: HP is shown in percentages\n|rule|Sleep Clause Mod: Limit one foe put to sleep\n|rule|Illusion Level Mod: Illusion disguises the Pok\u00e9mon's true level\n|\n|t:|1733759035\n|start\n|switch|p1a: Deoxys|Deoxys, L74|196/196\n|switch|p2a: Luxray|Luxray, L88, M|283/283\n|-ability|p1a: Deoxys|Pressure\n|turn|1\n|inactive|Battle timer is ON: inactive players will automatically lose when time's up. (requested by Star Wheel)\n|\n|t:|1733759055\n|move|p1a: Deoxys|Knock Off|p2a: Luxray\n|-damage|p2a: Luxray|176/283\n|-enditem|p2a: Luxray|Flame Orb|[from] move: Knock Off|[of] p1a: Deoxys\n|-damage|p1a: Deoxys|177/196|[from] item: Life Orb\n|move|p2a: Luxray|Supercell Slam|p1a: Deoxys\n|-damage|p1a: Deoxys|0 fnt\n|faint|p1a: Deoxys\n|\n|upkeep\n|\n|t:|1733759064\n|switch|p1a: Metagross|Metagross, L79|256/256\n|turn|2\n|\n|t:|1733759069\n|move|p2a: Luxray|Supercell Slam|p1a: Metagross\n|-damage|p1a: Metagross|145/256\n|move|p1a: Metagross|Agility|p1a: Metagross\n|-boost|p1a: Metagross|spe|2\n|\n|upkeep\n|turn|3\n|\n|t:|1733759073\n|switch|p2a: Qwilfish|Qwilfish-Hisui, L83, M|244/244\n|-ability|p2a: Qwilfish|Intimidate|boost\n|-fail|p1a: Metagross|unboost|[from] ability: Clear Body|[of] p1a: Metagross\n|move|p1a: Metagross|Earthquake|p2a: Qwilfish\n|-supereffective|p2a: Qwilfish\n|-damage|p2a: Qwilfish|136/244\n|\n|upkeep\n|turn|4\n|\n|t:|1733759086\n|switch|p2a: Jumpluff|Jumpluff, L87, M|271/271\n|move|p1a: Metagross|Earthquake|p2a: Jumpluff\n|-immune|p2a: Jumpluff\n|\n|upkeep\n|turn|5\n|\n|t:|1733759088\n|move|p1a: Metagross|Heavy Slam|p2a: Jumpluff\n|-damage|p2a: Jumpluff|114/271\n|move|p2a: Jumpluff|Leech Seed|p1a: Metagross\n|-start|p1a: Metagross|move: Leech Seed\n|\n|-damage|p1a: Metagross|113/256|[from] Leech Seed|[of] p2a: Jumpluff\n|-heal|p2a: Jumpluff|146/271|[silent]\n|upkeep\n|turn|6\n|\n|t:|1733759098\n|switch|p2a: Qwilfish|Qwilfish-Hisui, L83, M|136/244\n|-ability|p2a: Qwilfish|Intimidate|boost\n|-fail|p1a: Metagross|unboost|[from] ability: Clear Body|[of] p1a: Metagross\n|move|p1a: Metagross|Heavy Slam|p2a: Qwilfish\n|-damage|p2a: Qwilfish|43/244\n|\n|-damage|p1a: Metagross|81/256|[from] Leech Seed|[of] p2a: Qwilfish\n|-heal|p2a: Qwilfish|75/244|[silent]\n|upkeep\n|turn|7\n|\n|t:|1733759106\n|switch|p2a: Luxray|Luxray, L88, M|176/283\n|move|p1a: Metagross|Heavy Slam|p2a: Luxray\n|-resisted|p2a: Luxray\n|-damage|p2a: Luxray|105/283\n|\n|-damage|p1a: Metagross|49/256|[from] Leech Seed|[of] p2a: Luxray\n|-heal|p2a: Luxray|137/283|[silent]\n|upkeep\n|turn|8\n|\n|t:|1733759112\n|switch|p2a: Jumpluff|Jumpluff, L87, M|146/271\n|move|p1a: Metagross|Heavy Slam|p2a: Jumpluff\n|-damage|p2a: Jumpluff|0 fnt\n|faint|p2a: Jumpluff\n|\n|upkeep\n|\n|t:|1733759121\n|switch|p2a: Greninja|Greninja, L80, M|246/246\n|turn|9\n|\n|t:|1733759138\n|switch|p1a: Hariyama|Hariyama, L87, F|392/392\n|move|p2a: Greninja|Dark Pulse|p1a: Hariyama\n|-resisted|p1a: Hariyama\n|-damage|p1a: Hariyama|322/392\n|-damage|p2a: Greninja|222/246|[from] item: Life Orb\n|\n|-status|p1a: Hariyama|brn|[from] item: Flame Orb\n|upkeep\n|turn|10\n|\n|t:|1733759160\n|switch|p2a: Qwilfish|Qwilfish-Hisui, L83, M|75/244\n|-ability|p2a: Qwilfish|Intimidate|boost\n|-unboost|p1a: Hariyama|atk|1\n|move|p1a: Hariyama|Close Combat|p2a: Qwilfish\n|-damage|p2a: Qwilfish|0 fnt\n|-unboost|p1a: Hariyama|def|1\n|-unboost|p1a: Hariyama|spd|1\n|faint|p2a: Qwilfish\n|\n|-damage|p1a: Hariyama|298/392 brn|[from] brn\n|upkeep\n|\n|t:|1733759169\n|switch|p2a: Luxray|Luxray, L88, M|137/283\n|turn|11\n|\n|t:|1733759174\n|switch|p1a: Metagross|Metagross, L79|49/256\n|move|p2a: Luxray|Play Rough|p1a: Metagross\n|-resisted|p1a: Metagross\n|-damage|p1a: Metagross|17/256\n|\n|upkeep\n|turn|12\n|\n|t:|1733759186\n|move|p2a: Luxray|Facade|p1a: Metagross\n|-resisted|p1a: Metagross\n|-damage|p1a: Metagross|0 fnt\n|faint|p1a: Metagross\n|\n|upkeep\n|\n|t:|1733759189\n|switch|p1a: Porygon-Z|Porygon-Z, L83|277/277\n|turn|13\n|inactive|Star Wheel has 120 seconds left.\n|\n|t:|1733759231\n|move|p1a: Porygon-Z|Tri Attack|p2a: Luxray\n|-damage|p2a: Luxray|0 fnt\n|faint|p2a: Luxray\n|\n|upkeep\n|\n|t:|1733759235\n|switch|p2a: Kleavor|Kleavor, L78, F|237/237\n|turn|14\n|\n|t:|1733759252\n|switch|p1a: Hariyama|Hariyama, L87, F|298/392 brn\n|move|p2a: Kleavor|Stone Axe|p1a: Hariyama\n|-resisted|p1a: Hariyama\n|-damage|p1a: Hariyama|224/392 brn\n|-sidestart|p1: Magikarpitalism|move: Stealth Rock\n|\n|-damage|p1a: Hariyama|200/392 brn|[from] brn\n|upkeep\n|turn|15\n|\n|t:|1733759256\n|move|p2a: Kleavor|X-Scissor|p1a: Hariyama\n|-resisted|p1a: Hariyama\n|-damage|p1a: Hariyama|107/392 brn\n|move|p1a: Hariyama|Close Combat|p2a: Kleavor\n|-damage|p2a: Kleavor|0 fnt\n|-unboost|p1a: Hariyama|def|1\n|-unboost|p1a: Hariyama|spd|1\n|faint|p2a: Kleavor\n|\n|-damage|p1a: Hariyama|83/392 brn|[from] brn\n|upkeep\n|\n|t:|1733759259\n|switch|p2a: Greninja|Greninja, L80, M|222/246\n|turn|16\n|\n|t:|1733759262\n|switch|p1a: Electrode|Electrode-Hisui, L87|246/246\n|-damage|p1a: Electrode|216/246|[from] Stealth Rock\n|move|p2a: Greninja|Hydro Pump|p1a: Electrode\n|-resisted|p1a: Electrode\n|-damage|p1a: Electrode|142/246\n|-damage|p2a: Greninja|198/246|[from] item: Life Orb\n|\n|-heal|p1a: Electrode|157/246|[from] item: Leftovers\n|upkeep\n|turn|17\n|\n|t:|1733759266\n|switch|p2a: Delphox|Delphox, L84, F|263/263\n|move|p1a: Electrode|Substitute|p1a: Electrode\n|-start|p1a: Electrode|Substitute\n|-damage|p1a: Electrode|96/246\n|\n|-heal|p1a: Electrode|111/246|[from] item: Leftovers\n|upkeep\n|turn|18\n|\n|t:|1733759270\n|move|p1a: Electrode|Leech Seed|p2a: Delphox\n|-start|p2a: Delphox|move: Leech Seed\n|move|p2a: Delphox|Psyshock|p1a: Electrode\n|-end|p1a: Electrode|Substitute\n|\n|-heal|p1a: Electrode|126/246|[from] item: Leftovers\n|-damage|p2a: Delphox|231/263|[from] Leech Seed|[of] p1a: Electrode\n|-heal|p1a: Electrode|158/246|[silent]\n|upkeep\n|turn|19\n|\n|t:|1733759276\n|move|p1a: Electrode|Substitute|p1a: Electrode\n|-start|p1a: Electrode|Substitute\n|-damage|p1a: Electrode|97/246\n|move|p2a: Delphox|Psyshock|p1a: Electrode\n|-end|p1a: Electrode|Substitute\n|\n|-heal|p1a: Electrode|112/246|[from] item: Leftovers\n|-damage|p2a: Delphox|199/263|[from] Leech Seed|[of] p1a: Electrode\n|-heal|p1a: Electrode|144/246|[silent]\n|upkeep\n|turn|20\n|\n|t:|1733759289\n|move|p1a: Electrode|Substitute|p1a: Electrode\n|-start|p1a: Electrode|Substitute\n|-damage|p1a: Electrode|83/246\n|move|p2a: Delphox|Psyshock|p1a: Electrode\n|-end|p1a: Electrode|Substitute\n|\n|-heal|p1a: Electrode|98/246|[from] item: Leftovers\n|-damage|p2a: Delphox|167/263|[from] Leech Seed|[of] p1a: Electrode\n|-heal|p1a: Electrode|130/246|[silent]\n|upkeep\n|turn|21\n|\n|t:|1733759290\n|move|p1a: Electrode|Substitute|p1a: Electrode\n|-start|p1a: Electrode|Substitute\n|-damage|p1a: Electrode|69/246\n|move|p2a: Delphox|Psyshock|p1a: Electrode\n|-end|p1a: Electrode|Substitute\n|\n|-heal|p1a: Electrode|84/246|[from] item: Leftovers\n|-damage|p2a: Delphox|135/263|[from] Leech Seed|[of] p1a: Electrode\n|-heal|p1a: Electrode|116/246|[silent]\n|upkeep\n|turn|22\n|\n|t:|1733759292\n|move|p1a: Electrode|Substitute|p1a: Electrode\n|-start|p1a: Electrode|Substitute\n|-damage|p1a: Electrode|55/246\n|move|p2a: Delphox|Psyshock|p1a: Electrode\n|-end|p1a: Electrode|Substitute\n|\n|-heal|p1a: Electrode|70/246|[from] item: Leftovers\n|-damage|p2a: Delphox|103/263|[from] Leech Seed|[of] p1a: Electrode\n|-heal|p1a: Electrode|102/246|[silent]\n|upkeep\n|turn|23\n|\n|t:|1733759294\n|move|p1a: Electrode|Substitute|p1a: Electrode\n|-start|p1a: Electrode|Substitute\n|-damage|p1a: Electrode|41/246\n|move|p2a: Delphox|Psyshock|p1a: Electrode\n|-end|p1a: Electrode|Substitute\n|\n|-heal|p1a: Electrode|56/246|[from] item: Leftovers\n|-damage|p2a: Delphox|71/263|[from] Leech Seed|[of] p1a: Electrode\n|-heal|p1a: Electrode|88/246|[silent]\n|upkeep\n|turn|24\n|\n|t:|1733759296\n|move|p1a: Electrode|Substitute|p1a: Electrode\n|-start|p1a: Electrode|Substitute\n|-damage|p1a: Electrode|27/246\n|move|p2a: Delphox|Psyshock|p1a: Electrode\n|-end|p1a: Electrode|Substitute\n|\n|-heal|p1a: Electrode|42/246|[from] item: Leftovers\n|-damage|p2a: Delphox|39/263|[from] Leech Seed|[of] p1a: Electrode\n|-heal|p1a: Electrode|74/246|[silent]\n|upkeep\n|turn|25\n|\n|t:|1733759298\n|move|p1a: Electrode|Thunderbolt|p2a: Delphox\n|-damage|p2a: Delphox|0 fnt\n|faint|p2a: Delphox\n|\n|-heal|p1a: Electrode|89/246|[from] item: Leftovers\n|upkeep\n|\n|t:|1733759299\n|switch|p2a: Greninja|Greninja, L80, M|198/246\n|turn|26\n|\n|t:|1733759305\n|move|p1a: Electrode|Substitute|p1a: Electrode\n|-start|p1a: Electrode|Substitute\n|-damage|p1a: Electrode|28/246\n|move|p2a: Greninja|Ice Beam|p1a: Electrode\n|-supereffective|p1a: Electrode\n|-end|p1a: Electrode|Substitute\n|-damage|p2a: Greninja|174/246|[from] item: Life Orb\n|\n|-heal|p1a: Electrode|43/246|[from] item: Leftovers\n|upkeep\n|turn|27\n|\n|t:|1733759318\n|-terastallize|p1a: Electrode|Poison\n|move|p1a: Electrode|Giga Drain|p2a: Greninja\n|-supereffective|p2a: Greninja\n|-damage|p2a: Greninja|10/246\n|-heal|p1a: Electrode|125/246|[from] drain|[of] p2a: Greninja\n|move|p2a: Greninja|Dark Pulse|p1a: Electrode\n|-damage|p1a: Electrode|22/246\n|-damage|p2a: Greninja|0 fnt|[from] item: Life Orb\n|faint|p2a: Greninja\n|\n|win|Magikarpitalism\n|raw|Magikarpitalism's rating: 2222 &rarr; <strong>2247</strong><br />(+25 for winning)\n|raw|Star Wheel's rating: 2315 &rarr; <strong>2290</strong><br />(-25 for losing)\n", "inputlog": ">version bfd83cad13791eb5a5a409923076391caf6fb4d4\n>start {\"formatid\":\"gen9randombattle\",\"seed\":[11865,16279,47383,37874],\"rated\":\"Rated battle\"}\n>player p1 {\"name\":\"Magikarpitalism\",\"avatar\":\"adaman\",\"rating\":2222,\"seed\":[59631,29444,5100,24632]}\n>player p2 {\"name\":\"Star Wheel\",\"avatar\":\"darach-caitlin\",\"rating\":2298,\"seed\":[39801,12924,43954,53234]}\n>p1 move knockoff\n>p2 move supercellslam\n>p1 switch 4\n>p1 move agility\n>p2 move supercellslam\n>p1 move earthquake\n>p2 switch 4\n>p1 move earthquake\n>p2 switch 6\n>p1 move heavyslam\n>p2 move leechseed\n>p1 move heavyslam\n>p2 switch 6\n>p1 move heavyslam\n>p2 switch 4\n>p1 move heavyslam\n>p2 switch 6\n>p2 switch 5\n>p1 switch 6\n>p2 move darkpulse\n>p1 move closecombat\n>p2 switch 4\n>p2 switch 6\n>p1 switch 6\n>p2 move playrough\n>p1 move earthquake\n>p2 move facade\n>p1 switch 5\n>p1 move triattack\n>p2 move supercellslam\n>p2 switch 3\n>p1 switch 6\n>p2 move stoneaxe\n>p1 move closecombat\n>p2 move xscissor\n>p2 switch 4\n>p1 switch 2\n>p2 move hydropump\n>p1 move substitute\n>p2 switch 2\n>p1 move leechseed\n>p2 move psyshock\n>p1 move substitute\n>p2 move psyshock\n>p1 move substitute\n>p2 move psyshock\n>p1 move substitute\n>p2 move psyshock\n>p1 move substitute\n>p2 move psyshock\n>p1 move substitute\n>p2 move psyshock\n>p1 move substitute\n>p2 move psyshock\n>p1 move thunderbolt\n>p2 move psyshock\n>p2 switch 2\n>p1 move substitute\n>p2 move icebeam\n>p1 move gigadrain terastallize\n>p2 move darkpulse", "uploadtime": 1733759324, "views": 1, "formatid": "gen9randombattle", "rating": 2247, "private": 0, "password": null}