{"id": "gen9randombattle-2260854481", "format": "[Gen 9] Random Battle", "players": ["beonwq", "Rnred"], "log": "|j|\u2606beonwq\n|j|\u2606Rnred\n|t:|1733904797\n|gametype|singles\n|player|p1|beonwq|265|\n|player|p2|Rnred|102|\n|teamsize|p1|6\n|teamsize|p2|6\n|gen|9\n|tier|[Gen 9] Random Battle\n|rule|Species Clause: Limit one of each Pok\u00e9mon\n|rule|HP Percentage Mod: HP is shown in percentages\n|rule|Sleep Clause Mod: Limit one foe put to sleep\n|rule|Illusion Level Mod: Illusion disguises the Pok\u00e9mon's true level\n|\n|t:|1733904797\n|start\n|switch|p1a: Gardevoir|Gardevoir, L83, M|249/249\n|switch|p2a: Araquanid|Araquanid, L82, M|246/246\n|-ability|p1a: Gardevoir|Water Bubble|[from] ability: Trace|[of] p2a: Araquanid\n|turn|1\n|\n|t:|1733904818\n|-terastallize|p2a: Araquanid|Steel\n|move|p1a: Gardevoir|Focus Blast|p2a: Araquanid\n|-supereffective|p2a: Araquanid\n|-damage|p2a: Araquanid|106/246\n|move|p2a: Araquanid|Liquidation|p1a: Gardevoir\n|-damage|p1a: Gardevoir|87/249\n|\n|upkeep\n|turn|2\n|\n|t:|1733904839\n|-terastallize|p1a: Gardevoir|Fighting\n|move|p1a: Gardevoir|Focus Blast|p2a: Araquanid|[miss]\n|-miss|p1a: Gardevoir|p2a: Araquanid\n|move|p2a: Araquanid|Leech Life|p1a: Gardevoir\n|-resisted|p1a: Gardevoir\n|-crit|p1a: Gardevoir\n|-damage|p1a: Gardevoir|25/249\n|-heal|p2a: Araquanid|137/246|[from] drain|[of] p1a: Gardevoir\n|\n|upkeep\n|turn|3\n|\n|t:|1733904853\n|move|p1a: Gardevoir|Focus Blast|p2a: Araquanid\n|-supereffective|p2a: Araquanid\n|-damage|p2a: Araquanid|0 fnt\n|faint|p2a: Araquanid\n|\n|upkeep\n|\n|t:|1733904861\n|switch|p2a: Dodrio|Dodrio, L86, M|243/243\n|turn|4\n|\n|t:|1733904871\n|move|p1a: Gardevoir|Focus Blast|p2a: Dodrio\n|-damage|p2a: Dodrio|54/243\n|move|p2a: Dodrio|Brave Bird|p1a: Gardevoir\n|-supereffective|p1a: Gardevoir\n|-damage|p1a: Gardevoir|0 fnt\n|faint|p1a: Gardevoir\n|-damage|p2a: Dodrio|46/243|[from] Recoil\n|\n|upkeep\n|\n|t:|1733904884\n|switch|p1a: Jumpluff|Jumpluff, L87, M|271/271\n|turn|5\n|\n|t:|1733904896\n|move|p1a: Jumpluff|Strength Sap|p2a: Dodrio\n|-unboost|p2a: Dodrio|atk|1\n|move|p2a: Dodrio|Brave Bird|p1a: Jumpluff\n|-supereffective|p1a: Jumpluff\n|-crit|p1a: Jumpluff\n|-damage|p1a: Jumpluff|0 fnt\n|faint|p1a: Jumpluff\n|-damage|p2a: Dodrio|0 fnt|[from] Recoil\n|faint|p2a: Dodrio\n|\n|upkeep\n|\n|t:|1733904911\n|switch|p1a: Sinistcha|Sinistcha-Masterpiece, L83|254/254\n|switch|p2a: Sudowoodo|Sudowoodo, L94, F|284/284\n|turn|6\n|\n|t:|1733904930\n|move|p1a: Sinistcha|Calm Mind|p1a: Sinistcha\n|-boost|p1a: Sinistcha|spa|1\n|-boost|p1a: Sinistcha|spd|1\n|move|p2a: Sudowoodo|Head Smash|p1a: Sinistcha\n|-damage|p1a: Sinistcha|0 fnt\n|faint|p1a: Sinistcha\n|\n|upkeep\n|\n|t:|1733904939\n|switch|p1a: Mienshao|Mienshao, L83, M|244/244\n|turn|7\n|\n|t:|1733904946\n|move|p1a: Mienshao|Close Combat|p2a: Sudowoodo\n|-supereffective|p2a: Sudowoodo\n|-damage|p2a: Sudowoodo|0 fnt\n|-unboost|p1a: Mienshao|def|1\n|-unboost|p1a: Mienshao|spd|1\n|faint|p2a: Sudowoodo\n|-damage|p1a: Mienshao|220/244|[from] item: Life Orb\n|\n|upkeep\n|\n|t:|1733904957\n|switch|p2a: Hoopa|Hoopa, L85|275/275\n|turn|8\n|\n|t:|1733904962\n|move|p1a: Mienshao|Triple Axel|p2a: Hoopa\n|-damage|p2a: Hoopa|244/275\n|-damage|p2a: Hoopa|186/275\n|-damage|p2a: Hoopa|100/275\n|-hitcount|p2a: Hoopa|3\n|-damage|p1a: Mienshao|196/244|[from] item: Life Orb\n|move|p2a: Hoopa|Focus Blast|p1a: Mienshao\n|-damage|p1a: Mienshao|0 fnt\n|faint|p1a: Mienshao\n|-damage|p2a: Hoopa|73/275|[from] item: Life Orb\n|\n|upkeep\n|\n|t:|1733904975\n|switch|p1a: Snorlax|Snorlax, L82, M|397/397\n|turn|9\n|\n|t:|1733904985\n|move|p2a: Hoopa|Focus Blast|p1a: Snorlax|[miss]\n|-miss|p2a: Hoopa|p1a: Snorlax\n|move|p1a: Snorlax|Curse|p1a: Snorlax\n|-unboost|p1a: Snorlax|spe|1\n|-boost|p1a: Snorlax|atk|1\n|-boost|p1a: Snorlax|def|1\n|\n|upkeep\n|turn|10\n|\n|t:|1733904994\n|move|p2a: Hoopa|Focus Blast|p1a: Snorlax|[miss]\n|-miss|p2a: Hoopa|p1a: Snorlax\n|move|p1a: Snorlax|Earthquake|p2a: Hoopa\n|-damage|p2a: Hoopa|0 fnt\n|faint|p2a: Hoopa\n|\n|upkeep\n|\n|t:|1733905005\n|switch|p2a: Enamorus|Enamorus-Therian, L83, F|259/259\n|turn|11\n|\n|t:|1733905017\n|move|p2a: Enamorus|Moonblast|p1a: Snorlax\n|-damage|p1a: Snorlax|292/397\n|-unboost|p1a: Snorlax|spa|1\n|move|p1a: Snorlax|Curse|p1a: Snorlax\n|-unboost|p1a: Snorlax|spe|1\n|-boost|p1a: Snorlax|atk|1\n|-boost|p1a: Snorlax|def|1\n|\n|-heal|p1a: Snorlax|316/397|[from] item: Leftovers\n|upkeep\n|turn|12\n|\n|t:|1733905031\n|move|p2a: Enamorus|Psychic|p1a: Snorlax\n|-damage|p1a: Snorlax|250/397\n|move|p1a: Snorlax|Crunch|p2a: Enamorus\n|-resisted|p2a: Enamorus\n|-damage|p2a: Enamorus|210/259\n|\n|-heal|p1a: Snorlax|274/397|[from] item: Leftovers\n|upkeep\n|turn|13\n|\n|t:|1733905057\n|move|p2a: Enamorus|Moonblast|p1a: Snorlax\n|-damage|p1a: Snorlax|168/397\n|-unboost|p1a: Snorlax|spa|1\n|move|p1a: Snorlax|Body Slam|p2a: Enamorus\n|-damage|p2a: Enamorus|51/259\n|\n|-heal|p1a: Snorlax|192/397|[from] item: Leftovers\n|upkeep\n|turn|14\n|\n|t:|1733905072\n|move|p2a: Enamorus|Moonblast|p1a: Snorlax\n|-damage|p1a: Snorlax|80/397\n|move|p1a: Snorlax|Curse|p1a: Snorlax\n|-unboost|p1a: Snorlax|spe|1\n|-boost|p1a: Snorlax|atk|1\n|-boost|p1a: Snorlax|def|1\n|\n|-heal|p1a: Snorlax|104/397|[from] item: Leftovers\n|upkeep\n|turn|15\n|\n|t:|1733905081\n|move|p2a: Enamorus|Moonblast|p1a: Snorlax\n|-damage|p1a: Snorlax|1/397\n|-unboost|p1a: Snorlax|spa|1\n|move|p1a: Snorlax|Earthquake|p2a: Enamorus\n|-immune|p2a: Enamorus\n|\n|-heal|p1a: Snorlax|25/397|[from] item: Leftovers\n|upkeep\n|turn|16\n|\n|t:|1733905092\n|move|p2a: Enamorus|Moonblast|p1a: Snorlax\n|-damage|p1a: Snorlax|0 fnt\n|faint|p1a: Snorlax\n|\n|upkeep\n|\n|t:|1733905098\n|switch|p1a: Swampert|Swampert, L83, F|302/302\n|turn|17\n|\n|t:|1733905106\n|move|p1a: Swampert|Ice Beam|p2a: Enamorus\n|-supereffective|p2a: Enamorus\n|-damage|p2a: Enamorus|0 fnt\n|faint|p2a: Enamorus\n|\n|upkeep\n|\n|t:|1733905112\n|switch|p2a: Comfey|Comfey, L85, M|225/225\n|turn|18\n|\n|t:|1733905121\n|move|p2a: Comfey|Giga Drain|p1a: Swampert\n|-supereffective|p1a: Swampert\n|-damage|p1a: Swampert|106/302\n|move|p1a: Swampert|Stealth Rock|p2a: Comfey\n|-sidestart|p2: Rnred|move: Stealth Rock\n|\n|-heal|p1a: Swampert|124/302|[from] item: Leftovers\n|upkeep\n|turn|19\n|\n|t:|1733905131\n|move|p2a: Comfey|Giga Drain|p1a: Swampert\n|-supereffective|p1a: Swampert\n|-crit|p1a: Swampert\n|-damage|p1a: Swampert|0 fnt\n|faint|p1a: Swampert\n|\n|win|Rnred\n", "inputlog": ">version bfd83cad13791eb5a5a409923076391caf6fb4d4\n>start {\"formatid\":\"gen9randombattle\",\"seed\":[44109,32248,15624,19023]}\n>player p1 {\"name\":\"beonwq\",\"avatar\":\"265\",\"rating\":0,\"seed\":[30697,26724,57917,54522]}\n>player p2 {\"name\":\"Rnred\",\"avatar\":\"102\",\"rating\":0,\"seed\":[53967,60907,28024,18282]}\n>p1 move focusblast\n>p2 move liquidation terastallize\n>p1 move focusblast terastallize\n>p2 move leechlife\n>p1 move focusblast\n>p2 move stickyweb\n>p2 switch 4\n>p1 move focusblast\n>p2 move bravebird\n>p1 switch 4\n>p1 move strengthsap\n>p2 move bravebird\n>p1 switch 3\n>p2 switch 6\n>p1 move calmmind\n>p2 move headsmash\n>p1 switch 6\n>p1 move closecombat\n>p2 move headsmash\n>p2 switch 5\n>p1 move tripleaxel\n>p2 move focusblast\n>p1 switch 2\n>p1 move curse\n>p2 move focusblast\n>p1 move earthquake\n>p2 move focusblast\n>p2 switch 3\n>p1 move curse\n>p2 move moonblast\n>p1 move crunch\n>p2 move psychic\n>p1 move bodyslam\n>p2 move moonblast\n>p1 move curse\n>p2 move moonblast\n>p1 move earthquake\n>p2 move moonblast\n>p1 move crunch\n>p2 move moonblast\n>p1 switch 5\n>p1 move icebeam\n>p2 move mysticalfire\n>p2 switch 2\n>p1 move stealthrock\n>p2 move gigadrain\n>p1 move icebeam\n>p2 move gigadrain", "uploadtime": 1733905136, "views": 1, "formatid": "gen9randombattle", "rating": null, "private": 0, "password": null}