{"id": "gen9randombattle-2259926297", "format": "[Gen 9] Random Battle", "players": ["narugacuruga075", "bruddauuhhh"], "log": "|j|\u2606narugacuruga075\n|j|\u2606bruddauuhhh\n|t:|1733780716\n|gametype|singles\n|player|p1|narugacuruga075|2|1390\n|player|p2|bruddauuhhh|101|1360\n|teamsize|p1|6\n|teamsize|p2|6\n|gen|9\n|tier|[Gen 9] Random Battle\n|rated|\n|rule|Species Clause: Limit one of each Pok\u00e9mon\n|rule|HP Percentage Mod: HP is shown in percentages\n|rule|Sleep Clause Mod: Limit one foe put to sleep\n|rule|Illusion Level Mod: Illusion disguises the Pok\u00e9mon's true level\n|\n|t:|1733780716\n|start\n|switch|p1a: Salazzle|Salazzle, L83, F|249/249\n|switch|p2a: Lurantis|Lurantis, L87, F|264/264\n|turn|1\n|inactive|Battle timer is ON: inactive players will automatically lose when time's up. (requested by bruddauuhhh)\n|inactive|bruddauuhhh has 120 seconds left.\n|\n|t:|1733780756\n|switch|p2a: Urshifu|Urshifu-Rapid-Strike, L75, F|274/274\n|move|p1a: Salazzle|Toxic|p2a: Urshifu\n|-status|p2a: Urshifu|tox\n|\n|-damage|p2a: Urshifu|257/274 tox|[from] psn\n|upkeep\n|turn|2\n|\n|t:|1733780768\n|move|p1a: Salazzle|Protect|p1a: Salazzle\n|-singleturn|p1a: Salazzle|Protect\n|move|p2a: Urshifu|Surging Strikes|p1a: Salazzle\n|-supereffective|p1a: Salazzle\n|-crit|p1a: Salazzle\n|-damage|p1a: Salazzle|69/249\n|-supereffective|p1a: Salazzle\n|-crit|p1a: Salazzle\n|-damage|p1a: Salazzle|0 fnt\n|faint|p1a: Salazzle\n|-hitcount|p1: Salazzle|2\n|\n|-damage|p2a: Urshifu|223/274 tox|[from] psn\n|upkeep\n|\n|t:|1733780775\n|switch|p1a: Drifblim|Drifblim, L86, M|396/396\n|turn|3\n|\n|t:|1733780800\n|switch|p2a: Arcanine|Arcanine-Hisui, L80, F|283/283\n|move|p1a: Drifblim|Strength Sap|p2a: Arcanine\n|-unboost|p2a: Arcanine|atk|1\n|\n|upkeep\n|turn|4\n|\n|t:|1733780807\n|switch|p1a: Dunsparce|Dunsparce, L86, M|312/312\n|move|p2a: Arcanine|Head Smash|p1a: Dunsparce\n|-damage|p1a: Dunsparce|228/312\n|\n|upkeep\n|turn|5\n|inactive|bruddauuhhh has 120 seconds left.\n|\n|t:|1733780833\n|switch|p2a: Ceruledge|Ceruledge, L78, F|245/245\n|move|p1a: Dunsparce|Roost|p1a: Dunsparce\n|-heal|p1a: Dunsparce|312/312\n|-singleturn|p1a: Dunsparce|move: Roost\n|\n|upkeep\n|turn|6\n|inactive|bruddauuhhh has 120 seconds left.\n|\n|t:|1733780849\n|move|p2a: Ceruledge|Close Combat|p1a: Dunsparce\n|-supereffective|p1a: Dunsparce\n|-damage|p1a: Dunsparce|184/312\n|-unboost|p2a: Ceruledge|def|1\n|-unboost|p2a: Ceruledge|spd|1\n|move|p1a: Dunsparce|Coil|p1a: Dunsparce\n|-boost|p1a: Dunsparce|atk|1\n|-boost|p1a: Dunsparce|def|1\n|-boost|p1a: Dunsparce|accuracy|1\n|\n|upkeep\n|turn|7\n|inactive|bruddauuhhh has 120 seconds left.\n|\n|t:|1733780860\n|move|p2a: Ceruledge|Swords Dance|p2a: Ceruledge\n|-boost|p2a: Ceruledge|atk|2\n|move|p1a: Dunsparce|Coil|p1a: Dunsparce\n|-boost|p1a: Dunsparce|atk|1\n|-boost|p1a: Dunsparce|def|1\n|-boost|p1a: Dunsparce|accuracy|1\n|\n|upkeep\n|turn|8\n|inactive|bruddauuhhh has 120 seconds left.\n|\n|t:|1733780871\n|move|p2a: Ceruledge|Swords Dance|p2a: Ceruledge\n|-boost|p2a: Ceruledge|atk|2\n|move|p1a: Dunsparce|Earthquake|p2a: Ceruledge\n|-supereffective|p2a: Ceruledge\n|-crit|p2a: Ceruledge\n|-damage|p2a: Ceruledge|0 fnt\n|faint|p2a: Ceruledge\n|\n|upkeep\n|inactive|bruddauuhhh has 90 seconds left.\n|\n|t:|1733780909\n|switch|p2a: Gardevoir|Gardevoir, L83, F|249/249\n|-ability|p2a: Gardevoir|Serene Grace|[from] ability: Trace|[of] p1a: Dunsparce\n|turn|9\n|inactive|bruddauuhhh has 90 seconds left.\n|\n|t:|1733780918\n|move|p2a: Gardevoir|Moonblast|p1a: Dunsparce\n|-damage|p1a: Dunsparce|87/312\n|move|p1a: Dunsparce|Body Slam|p2a: Gardevoir\n|-damage|p2a: Gardevoir|78/249\n|-status|p2a: Gardevoir|par\n|\n|upkeep\n|turn|10\n|inactive|bruddauuhhh has 90 seconds left.\n|inactive|bruddauuhhh has 60 seconds left.\n|\n|t:|1733780962\n|switch|p2a: Arcanine|Arcanine-Hisui, L80, F|283/283\n|move|p1a: Dunsparce|Roost|p1a: Dunsparce\n|-heal|p1a: Dunsparce|243/312\n|-singleturn|p1a: Dunsparce|move: Roost\n|\n|upkeep\n|turn|11\n|\n|t:|1733780971\n|move|p2a: Arcanine|Head Smash|p1a: Dunsparce|[miss]\n|-miss|p2a: Arcanine|p1a: Dunsparce\n|move|p1a: Dunsparce|Earthquake|p2a: Arcanine\n|-supereffective|p2a: Arcanine\n|-damage|p2a: Arcanine|0 fnt\n|faint|p2a: Arcanine\n|\n|upkeep\n|\n|t:|1733780981\n|switch|p2a: Lurantis|Lurantis, L87, F|264/264\n|turn|12\n|\n|t:|1733780989\n|move|p2a: Lurantis|Superpower|p1a: Dunsparce\n|-supereffective|p1a: Dunsparce\n|-crit|p1a: Dunsparce\n|-damage|p1a: Dunsparce|7/312\n|-boost|p2a: Lurantis|atk|1\n|-boost|p2a: Lurantis|def|1\n|move|p1a: Dunsparce|Body Slam|p2a: Lurantis\n|-damage|p2a: Lurantis|162/264\n|-status|p2a: Lurantis|par\n|\n|-heal|p2a: Lurantis|178/264 par|[from] item: Leftovers\n|upkeep\n|turn|13\n|\n|t:|1733781007\n|move|p1a: Dunsparce|Roost|p1a: Dunsparce\n|-heal|p1a: Dunsparce|163/312\n|-singleturn|p1a: Dunsparce|move: Roost\n|cant|p2a: Lurantis|par\n|\n|-heal|p2a: Lurantis|194/264 par|[from] item: Leftovers\n|upkeep\n|turn|14\n|\n|t:|1733781012\n|move|p1a: Dunsparce|Body Slam|p2a: Lurantis\n|-damage|p2a: Lurantis|97/264 par\n|cant|p2a: Lurantis|par\n|\n|-heal|p2a: Lurantis|113/264 par|[from] item: Leftovers\n|upkeep\n|turn|15\n|\n|t:|1733781019\n|move|p1a: Dunsparce|Body Slam|p2a: Lurantis\n|-damage|p2a: Lurantis|17/264 par\n|move|p2a: Lurantis|Superpower|p1a: Dunsparce\n|-supereffective|p1a: Dunsparce\n|-damage|p1a: Dunsparce|49/312\n|-boost|p2a: Lurantis|atk|1\n|-boost|p2a: Lurantis|def|1\n|\n|-heal|p2a: Lurantis|33/264 par|[from] item: Leftovers\n|upkeep\n|turn|16\n|\n|t:|1733781041\n|move|p1a: Dunsparce|Roost|p1a: Dunsparce\n|-heal|p1a: Dunsparce|205/312\n|-singleturn|p1a: Dunsparce|move: Roost\n|move|p2a: Lurantis|Superpower|p1a: Dunsparce\n|-supereffective|p1a: Dunsparce\n|-damage|p1a: Dunsparce|65/312\n|-boost|p2a: Lurantis|atk|1\n|-boost|p2a: Lurantis|def|1\n|\n|-heal|p2a: Lurantis|49/264 par|[from] item: Leftovers\n|upkeep\n|turn|17\n|\n|t:|1733781058\n|move|p1a: Dunsparce|Roost|p1a: Dunsparce\n|-heal|p1a: Dunsparce|221/312\n|-singleturn|p1a: Dunsparce|move: Roost\n|cant|p2a: Lurantis|par\n|\n|-heal|p2a: Lurantis|65/264 par|[from] item: Leftovers\n|upkeep\n|turn|18\n|\n|t:|1733781062\n|move|p1a: Dunsparce|Body Slam|p2a: Lurantis\n|-damage|p2a: Lurantis|7/264 par\n|move|p2a: Lurantis|Synthesis|p2a: Lurantis\n|-heal|p2a: Lurantis|139/264 par\n|\n|-heal|p2a: Lurantis|155/264 par|[from] item: Leftovers\n|upkeep\n|turn|19\n|\n|t:|1733781071\n|move|p1a: Dunsparce|Body Slam|p2a: Lurantis\n|-damage|p2a: Lurantis|101/264 par\n|cant|p2a: Lurantis|par\n|\n|-heal|p2a: Lurantis|117/264 par|[from] item: Leftovers\n|upkeep\n|turn|20\n|\n|t:|1733781079\n|move|p1a: Dunsparce|Body Slam|p2a: Lurantis\n|-damage|p2a: Lurantis|62/264 par\n|cant|p2a: Lurantis|par\n|\n|-heal|p2a: Lurantis|78/264 par|[from] item: Leftovers\n|upkeep\n|turn|21\n|inactive|bruddauuhhh has 90 seconds left.\n|\n|t:|1733781084\n|move|p1a: Dunsparce|Body Slam|p2a: Lurantis\n|-crit|p2a: Lurantis\n|-damage|p2a: Lurantis|0 fnt\n|faint|p2a: Lurantis\n|\n|upkeep\n|inactive|bruddauuhhh has 90 seconds left.\n|\n|t:|1733781091\n|switch|p2a: Furret|Furret, L94, M|312/312\n|-item|p1a: Dunsparce|Eviolite|[from] ability: Frisk|[of] p2a: Furret\n|turn|22\n|\n|t:|1733781106\n|move|p2a: Furret|Knock Off|p1a: Dunsparce\n|-damage|p1a: Dunsparce|177/312\n|-enditem|p1a: Dunsparce|Eviolite|[from] move: Knock Off|[of] p2a: Furret\n|move|p1a: Dunsparce|Body Slam|p2a: Furret\n|-damage|p2a: Furret|138/312\n|\n|upkeep\n|turn|23\n|\n|t:|1733781113\n|switch|p2a: Urshifu|Urshifu-Rapid-Strike, L75, F|223/274 tox\n|move|p1a: Dunsparce|Roost|p1a: Dunsparce\n|-heal|p1a: Dunsparce|312/312\n|-singleturn|p1a: Dunsparce|move: Roost\n|\n|-damage|p2a: Urshifu|206/274 tox|[from] psn\n|upkeep\n|turn|24\n|\n|t:|1733781121\n|move|p2a: Urshifu|Close Combat|p1a: Dunsparce\n|-supereffective|p1a: Dunsparce\n|-damage|p1a: Dunsparce|82/312\n|-unboost|p2a: Urshifu|def|1\n|-unboost|p2a: Urshifu|spd|1\n|move|p1a: Dunsparce|Body Slam|p2a: Urshifu\n|-damage|p2a: Urshifu|0 fnt\n|faint|p2a: Urshifu\n|\n|upkeep\n|\n|t:|1733781128\n|switch|p2a: Furret|Furret, L94, M|138/312\n|turn|25\n|\n|t:|1733781131\n|move|p2a: Furret|Double-Edge|p1a: Dunsparce\n|-damage|p1a: Dunsparce|0 fnt\n|faint|p1a: Dunsparce\n|-damage|p2a: Furret|111/312|[from] Recoil\n|\n|upkeep\n|\n|t:|1733781139\n|switch|p1a: Clefable|Clefable, L83, F|293/293\n|turn|26\n|\n|t:|1733781144\n|move|p2a: Furret|Double-Edge|p1a: Clefable\n|-damage|p1a: Clefable|68/293\n|-damage|p2a: Furret|37/312|[from] Recoil\n|move|p1a: Clefable|Moonblast|p2a: Furret\n|-damage|p2a: Furret|0 fnt\n|faint|p2a: Furret\n|\n|upkeep\n|\n|t:|1733781149\n|switch|p2a: Gardevoir|Gardevoir, L83, F|78/249 par\n|-ability|p2a: Gardevoir|Magic Guard|[from] ability: Trace|[of] p1a: Clefable\n|turn|27\n|inactive|narugacuruga075 has 120 seconds left.\n|\n|t:|1733781180\n|move|p1a: Clefable|Moonlight|p1a: Clefable\n|-heal|p1a: Clefable|214/293\n|cant|p2a: Gardevoir|par\n|\n|upkeep\n|turn|28\n|-message|bruddauuhhh forfeited.\n|\n|win|narugacuruga075\n|raw|narugacuruga075's rating: 1390 &rarr; <strong>1408</strong><br />(+18 for winning)\n|raw|bruddauuhhh's rating: 1360 &rarr; <strong>1342</strong><br />(-18 for losing)\n|l|\u2606bruddauuhhh\n|player|p2|\n", "inputlog": ">version bfd83cad13791eb5a5a409923076391caf6fb4d4\n>start {\"formatid\":\"gen9randombattle\",\"seed\":[36552,50858,8821,63191],\"rated\":\"Rated battle\"}\n>player p1 {\"name\":\"narugacuruga075\",\"avatar\":\"2\",\"rating\":1390,\"seed\":[32778,38252,20261,613]}\n>player p2 {\"name\":\"bruddauuhhh\",\"avatar\":\"101\",\"rating\":1360,\"seed\":[45523,16892,33668,38625]}\n>p1 move toxic\n>p2 switch 5\n>p1 move protect\n>p2 move surgingstrikes\n>p1 switch 4\n>p1 move strengthsap\n>p2 switch 3\n>p1 switch 6\n>p2 move headsmash\n>p1 move roost\n>p2 switch 6\n>p1 move coil\n>p2 move closecombat\n>p1 move coil\n>p2 move swordsdance\n>p1 move earthquake\n>p2 move swordsdance\n>p2 switch 4\n>p1 move bodyslam\n>p2 move moonblast\n>p1 move roost\n>p2 switch 6\n>p1 move earthquake\n>p2 move headsmash\n>p2 switch 5\n>p1 move bodyslam\n>p2 move superpower\n>p1 move roost\n>p2 move superpower\n>p1 move bodyslam\n>p2 move superpower\n>p1 move bodyslam\n>p2 move superpower\n>p1 move roost\n>p2 move superpower\n>p1 move roost\n>p2 move knockoff\n>p1 move bodyslam\n>p2 move synthesis\n>p1 move bodyslam\n>p2 move leafstorm\n>p1 move bodyslam\n>p2 move knockoff\n>p1 move bodyslam\n>p2 move knockoff\n>p2 switch 2\n>p1 move bodyslam\n>p2 move knockoff\n>p1 move roost\n>p2 switch 3\n>p1 move bodyslam\n>p2 move closecombat\n>p2 switch 3\n>p1 move roost\n>p2 move doubleedge\n>p1 switch 2\n>p1 move moonblast\n>p2 move doubleedge\n>p2 switch 6\n>p1 move moonlight\n>p2 move psyshock\n>forcelose p2", "uploadtime": 1733781192, "views": 2, "formatid": "gen9randombattle", "rating": 1342, "private": 0, "password": null}