{"id": "gen9randombattle-2237704104", "format": "[Gen 9] Random Battle", "players": ["Qiuescent", "Astinov"], "log": "|badge|p1|bronze|gen9randombattle|100-3\n|uhtml|medal-msg|<div class=\"broadcast-blue\">Curious what those medals under the avatar are? PS now has Ladder Seasons! For more information, check out the <a href=\"https://www.smogon.com/forums/threads/3740067/\">thread on Smogon.</a></div>\n|j|\u203dQiuescent\n|j|\u2606Astinov\n|t:|1730789488\n|gametype|singles\n|player|p1|Qiuescent|265|2268\n|player|p2|Astinov|169|2219\n|teamsize|p1|6\n|teamsize|p2|6\n|gen|9\n|tier|[Gen 9] Random Battle\n|rated|\n|rule|Species Clause: Limit one of each Pok\u00e9mon\n|rule|HP Percentage Mod: HP is shown in percentages\n|rule|Sleep Clause Mod: Limit one foe put to sleep\n|rule|Illusion Level Mod: Illusion disguises the Pok\u00e9mon's true level\n|\n|t:|1730789488\n|start\n|switch|p1a: Altaria|Altaria, L88, F|275/275\n|switch|p2a: Coalossal|Coalossal, L89, F|341/341\n|turn|1\n|inactive|Battle timer is ON: inactive players will automatically lose when time's up. (requested by Qiuescent)\n|\n|t:|1730789506\n|switch|p1a: Walking Wake|Walking Wake, L79|286/286\n|move|p2a: Coalossal|Stealth Rock|p1a: Walking Wake\n|-sidestart|p1: Qiuescent|move: Stealth Rock\n|\n|upkeep\n|turn|2\n|\n|t:|1730789511\n|switch|p2a: Samurott|Samurott, L88, F|310/310\n|move|p1a: Walking Wake|Draco Meteor|p2a: Samurott\n|-damage|p2a: Samurott|133/310\n|-unboost|p1a: Walking Wake|spa|2\n|\n|upkeep\n|turn|3\n|\n|t:|1730789516\n|move|p1a: Walking Wake|Draco Meteor|p2a: Samurott\n|-damage|p2a: Samurott|54/310\n|-unboost|p1a: Walking Wake|spa|2\n|move|p2a: Samurott|Knock Off|p1a: Walking Wake\n|-crit|p1a: Walking Wake\n|-damage|p1a: Walking Wake|159/286\n|-enditem|p1a: Walking Wake|Choice Specs|[from] move: Knock Off|[of] p2a: Samurott\n|\n|upkeep\n|turn|4\n|\n|t:|1730789530\n|move|p1a: Walking Wake|Draco Meteor|p2a: Samurott\n|-damage|p2a: Samurott|18/310\n|-unboost|p1a: Walking Wake|spa|2\n|move|p2a: Samurott|Flip Turn|p1a: Walking Wake\n|-resisted|p1a: Walking Wake\n|-damage|p1a: Walking Wake|130/286\n|j| Jamtaviousiv\n|\n|t:|1730789548\n|switch|p2a: Mamoswine|Mamoswine, L81, F|311/311|[from] Flip Turn\n|\n|upkeep\n|turn|5\n|\n|t:|1730789552\n|move|p1a: Walking Wake|Flip Turn|p2a: Mamoswine\n|-supereffective|p2a: Mamoswine\n|-damage|p2a: Mamoswine|195/311\n|\n|t:|1730789569\n|-end|p1a: Walking Wake|Protosynthesis|[silent]\n|switch|p1a: Galvantula|Galvantula, L82, F|249/249|[from] Flip Turn\n|move|p2a: Mamoswine|Icicle Crash|p1a: Galvantula\n|-crit|p1a: Galvantula\n|-damage|p1a: Galvantula|0 fnt\n|faint|p1a: Galvantula\n|\n|upkeep\n|\n|t:|1730789586\n|switch|p1a: Walking Wake|Walking Wake, L79|130/286\n|-damage|p1a: Walking Wake|95/286|[from] Stealth Rock\n|turn|6\n|\n|t:|1730789592\n|switch|p2a: Samurott|Samurott, L88, F|18/310\n|move|p1a: Walking Wake|Hydro Pump|p2a: Samurott\n|-resisted|p2a: Samurott\n|-damage|p2a: Samurott|0 fnt\n|faint|p2a: Samurott\n|\n|upkeep\n|\n|t:|1730789594\n|switch|p2a: Pincurchin|Pincurchin, F|258/258\n|-fieldstart|move: Electric Terrain|[from] ability: Electric Surge|[of] p2a: Pincurchin\n|turn|7\n|\n|t:|1730789600\n|move|p1a: Walking Wake|Hydro Pump|p2a: Pincurchin\n|-damage|p2a: Pincurchin|140/258\n|move|p2a: Pincurchin|Zing Zap|p1a: Walking Wake\n|-damage|p1a: Walking Wake|0 fnt\n|faint|p1a: Walking Wake\n|-end|p1a: Walking Wake|Protosynthesis|[silent]\n|\n|-heal|p2a: Pincurchin|156/258|[from] item: Leftovers\n|upkeep\n|\n|t:|1730789606\n|switch|p1a: Rillaboom|Rillaboom, L79, F|288/288\n|-damage|p1a: Rillaboom|252/288|[from] Stealth Rock\n|-fieldstart|move: Grassy Terrain|[from] ability: Grassy Surge|[of] p1a: Rillaboom\n|turn|8\n|\n|t:|1730789632\n|switch|p2a: Coalossal|Coalossal, L89, F|341/341\n|move|p1a: Rillaboom|Wood Hammer|p2a: Coalossal\n|-damage|p2a: Coalossal|143/341\n|-damage|p1a: Rillaboom|187/288|[from] Recoil\n|\n|-heal|p1a: Rillaboom|205/288|[from] Grassy Terrain\n|-heal|p2a: Coalossal|164/341|[from] Grassy Terrain\n|upkeep\n|turn|9\n|\n|t:|1730789641\n|move|p1a: Rillaboom|Wood Hammer|p2a: Coalossal\n|-damage|p2a: Coalossal|0 fnt\n|faint|p2a: Coalossal\n|-damage|p1a: Rillaboom|151/288|[from] Recoil\n|\n|-heal|p1a: Rillaboom|169/288|[from] Grassy Terrain\n|upkeep\n|\n|t:|1730789648\n|switch|p2a: Iron Leaves|Iron Leaves, L80|275/275\n|turn|10\n|\n|t:|1730789657\n|move|p2a: Iron Leaves|Swords Dance|p2a: Iron Leaves\n|-boost|p2a: Iron Leaves|atk|2\n|move|p1a: Rillaboom|Wood Hammer|p2a: Iron Leaves\n|-resisted|p2a: Iron Leaves\n|-damage|p2a: Iron Leaves|140/275\n|-damage|p1a: Rillaboom|124/288|[from] Recoil\n|\n|-heal|p2a: Iron Leaves|157/275|[from] Grassy Terrain\n|-heal|p1a: Rillaboom|142/288|[from] Grassy Terrain\n|upkeep\n|turn|11\n|inactive|Astinov has 120 seconds left.\n|\n|t:|1730789691\n|switch|p1a: Altaria|Altaria, L88, F|275/275\n|move|p2a: Iron Leaves|Psyblade|p1a: Altaria\n|-damage|p1a: Altaria|32/275\n|-damage|p2a: Iron Leaves|130/275|[from] item: Life Orb\n|\n|-heal|p2a: Iron Leaves|147/275|[from] Grassy Terrain\n|upkeep\n|turn|12\n|\n|t:|1730789694\n|move|p2a: Iron Leaves|Psyblade|p1a: Altaria\n|-damage|p1a: Altaria|0 fnt\n|faint|p1a: Altaria\n|-damage|p2a: Iron Leaves|120/275|[from] item: Life Orb\n|\n|-heal|p2a: Iron Leaves|137/275|[from] Grassy Terrain\n|-fieldend|move: Grassy Terrain\n|upkeep\n|\n|t:|1730789696\n|switch|p1a: Furret|Furret, L94, M|312/312\n|-damage|p1a: Furret|273/312|[from] Stealth Rock\n|-item|p2a: Iron Leaves|Life Orb|[from] ability: Frisk|[of] p1a: Furret\n|turn|13\n|\n|t:|1730789700\n|-end|p2a: Iron Leaves|Quark Drive|[silent]\n|switch|p2a: Magmortar|Magmortar, L88, M|275/275\n|move|p1a: Furret|Knock Off|p2a: Magmortar\n|-damage|p2a: Magmortar|170/275\n|-enditem|p2a: Magmortar|Heavy-Duty Boots|[from] move: Knock Off|[of] p1a: Furret\n|-damage|p1a: Furret|242/312|[from] item: Life Orb\n|\n|upkeep\n|turn|14\n|\n|t:|1730789705\n|move|p1a: Furret|Double-Edge|p2a: Magmortar\n|-damage|p2a: Magmortar|0 fnt\n|-status|p1a: Furret|brn|[from] ability: Flame Body|[of] p2a: Magmortar\n|faint|p2a: Magmortar\n|-damage|p1a: Furret|186/312 brn|[from] Recoil\n|-damage|p1a: Furret|155/312 brn|[from] item: Life Orb\n|\n|-damage|p1a: Furret|136/312 brn|[from] brn\n|upkeep\n|\n|t:|1730789708\n|switch|p2a: Pincurchin|Pincurchin, F|156/258\n|-fieldstart|move: Electric Terrain|[from] ability: Electric Surge|[of] p2a: Pincurchin\n|turn|15\n|\n|t:|1730789718\n|switch|p1a: Rillaboom|Rillaboom, L79, F|142/288\n|-damage|p1a: Rillaboom|106/288|[from] Stealth Rock\n|-fieldstart|move: Grassy Terrain|[from] ability: Grassy Surge|[of] p1a: Rillaboom\n|move|p2a: Pincurchin|Curse|p2a: Pincurchin\n|-unboost|p2a: Pincurchin|spe|1\n|-boost|p2a: Pincurchin|atk|1\n|-boost|p2a: Pincurchin|def|1\n|\n|-heal|p1a: Rillaboom|124/288|[from] Grassy Terrain\n|-heal|p2a: Pincurchin|172/258|[from] Grassy Terrain\n|-heal|p2a: Pincurchin|188/258|[from] item: Leftovers\n|upkeep\n|turn|16\n|\n|t:|1730789739\n|move|p1a: Rillaboom|Wood Hammer|p2a: Pincurchin\n|-damage|p2a: Pincurchin|47/258\n|-damage|p1a: Rillaboom|77/288|[from] Recoil\n|move|p2a: Pincurchin|Recover|p2a: Pincurchin\n|-heal|p2a: Pincurchin|176/258\n|\n|-heal|p1a: Rillaboom|95/288|[from] Grassy Terrain\n|-heal|p2a: Pincurchin|192/258|[from] Grassy Terrain\n|-heal|p2a: Pincurchin|208/258|[from] item: Leftovers\n|upkeep\n|turn|17\n|inactive|Astinov has 120 seconds left.\n|\n|t:|1730789759\n|move|p1a: Rillaboom|Wood Hammer|p2a: Pincurchin\n|-damage|p2a: Pincurchin|75/258\n|-damage|p1a: Rillaboom|51/288|[from] Recoil\n|move|p2a: Pincurchin|Recover|p2a: Pincurchin\n|-heal|p2a: Pincurchin|204/258\n|\n|-heal|p1a: Rillaboom|69/288|[from] Grassy Terrain\n|-heal|p2a: Pincurchin|220/258|[from] Grassy Terrain\n|-heal|p2a: Pincurchin|236/258|[from] item: Leftovers\n|upkeep\n|turn|18\n|\n|t:|1730789764\n|switch|p1a: Chesnaught|Chesnaught, L84, F|285/285\n|-damage|p1a: Chesnaught|268/285|[from] Stealth Rock\n|move|p2a: Pincurchin|Recover|p2a: Pincurchin\n|-heal|p2a: Pincurchin|258/258\n|\n|-heal|p1a: Chesnaught|285/285|[from] Grassy Terrain\n|upkeep\n|turn|19\n|inactive|Astinov has 120 seconds left.\n|\n|t:|1730789780\n|move|p1a: Chesnaught|Trailblaze|p2a: Pincurchin\n|-damage|p2a: Pincurchin|219/258\n|-boost|p1a: Chesnaught|spe|1\n|move|p2a: Pincurchin|Curse|p2a: Pincurchin\n|-unboost|p2a: Pincurchin|spe|1\n|-boost|p2a: Pincurchin|atk|1\n|-boost|p2a: Pincurchin|def|1\n|\n|-heal|p2a: Pincurchin|235/258|[from] Grassy Terrain\n|-heal|p2a: Pincurchin|251/258|[from] item: Leftovers\n|-fieldend|move: Grassy Terrain\n|upkeep\n|turn|20\n|\n|t:|1730789785\n|move|p1a: Chesnaught|Iron Defense|p1a: Chesnaught\n|-boost|p1a: Chesnaught|def|2\n|move|p2a: Pincurchin|Curse|p2a: Pincurchin\n|-unboost|p2a: Pincurchin|spe|1\n|-boost|p2a: Pincurchin|atk|1\n|-boost|p2a: Pincurchin|def|1\n|\n|-heal|p2a: Pincurchin|258/258|[from] item: Leftovers\n|upkeep\n|turn|21\n|\n|t:|1730789787\n|move|p1a: Chesnaught|Iron Defense|p1a: Chesnaught\n|-boost|p1a: Chesnaught|def|2\n|move|p2a: Pincurchin|Curse|p2a: Pincurchin\n|-unboost|p2a: Pincurchin|spe|1\n|-boost|p2a: Pincurchin|atk|1\n|-boost|p2a: Pincurchin|def|1\n|\n|upkeep\n|turn|22\n|\n|t:|1730789788\n|move|p1a: Chesnaught|Iron Defense|p1a: Chesnaught\n|-boost|p1a: Chesnaught|def|2\n|move|p2a: Pincurchin|Curse|p2a: Pincurchin\n|-unboost|p2a: Pincurchin|spe|1\n|-boost|p2a: Pincurchin|atk|1\n|-boost|p2a: Pincurchin|def|1\n|\n|upkeep\n|turn|23\n|\n|t:|1730789803\n|move|p1a: Chesnaught|Iron Defense|p1a: Chesnaught\n|-boost|p1a: Chesnaught|def|0\n|move|p2a: Pincurchin|Curse|p2a: Pincurchin\n|-unboost|p2a: Pincurchin|spe|1\n|-boost|p2a: Pincurchin|atk|1\n|-boost|p2a: Pincurchin|def|1\n|\n|upkeep\n|turn|24\n|\n|t:|1730789813\n|move|p1a: Chesnaught|Body Press|p2a: Pincurchin\n|-damage|p2a: Pincurchin|179/258\n|move|p2a: Pincurchin|Liquidation|p1a: Chesnaught\n|-resisted|p1a: Chesnaught\n|-damage|p1a: Chesnaught|248/285\n|-unboost|p1a: Chesnaught|def|1\n|\n|-heal|p1a: Chesnaught|265/285|[from] item: Leftovers\n|-heal|p2a: Pincurchin|195/258|[from] item: Leftovers\n|upkeep\n|turn|25\n|\n|t:|1730789820\n|move|p1a: Chesnaught|Iron Defense|p1a: Chesnaught\n|-boost|p1a: Chesnaught|def|1\n|move|p2a: Pincurchin|Zing Zap|p1a: Chesnaught\n|-resisted|p1a: Chesnaught\n|-damage|p1a: Chesnaught|218/285\n|\n|-heal|p1a: Chesnaught|235/285|[from] item: Leftovers\n|-heal|p2a: Pincurchin|211/258|[from] item: Leftovers\n|upkeep\n|turn|26\n|\n|t:|1730789823\n|move|p1a: Chesnaught|Body Press|p2a: Pincurchin\n|-damage|p2a: Pincurchin|136/258\n|move|p2a: Pincurchin|Zing Zap|p1a: Chesnaught\n|-resisted|p1a: Chesnaught\n|-damage|p1a: Chesnaught|191/285\n|\n|-heal|p1a: Chesnaught|208/285|[from] item: Leftovers\n|-heal|p2a: Pincurchin|152/258|[from] item: Leftovers\n|upkeep\n|turn|27\n|\n|t:|1730789825\n|move|p1a: Chesnaught|Body Press|p2a: Pincurchin\n|-damage|p2a: Pincurchin|74/258\n|move|p2a: Pincurchin|Zing Zap|p1a: Chesnaught\n|-resisted|p1a: Chesnaught\n|-damage|p1a: Chesnaught|164/285\n|\n|-heal|p1a: Chesnaught|181/285|[from] item: Leftovers\n|-heal|p2a: Pincurchin|90/258|[from] item: Leftovers\n|upkeep\n|turn|28\n|\n|t:|1730789827\n|move|p1a: Chesnaught|Body Press|p2a: Pincurchin\n|-damage|p2a: Pincurchin|11/258\n|move|p2a: Pincurchin|Recover|p2a: Pincurchin\n|-heal|p2a: Pincurchin|140/258\n|\n|-heal|p1a: Chesnaught|198/285|[from] item: Leftovers\n|-heal|p2a: Pincurchin|156/258|[from] item: Leftovers\n|upkeep\n|turn|29\n|l|\u2606Astinov\n|inactive|Astinov disconnected and has a minute to reconnect!\n|player|p2|\n|j|\u2606Astinov\n|inactive|Astinov reconnected and has 145 seconds left.\n|player|p2|Astinov|169|\n|inactive|Astinov has 120 seconds left.\n|\n|t:|1730789868\n|move|p1a: Chesnaught|Body Press|p2a: Pincurchin\n|-damage|p2a: Pincurchin|71/258\n|move|p2a: Pincurchin|Zing Zap|p1a: Chesnaught\n|-resisted|p1a: Chesnaught\n|-damage|p1a: Chesnaught|147/285\n|\n|-heal|p1a: Chesnaught|164/285|[from] item: Leftovers\n|-heal|p2a: Pincurchin|87/258|[from] item: Leftovers\n|upkeep\n|turn|30\n|\n|t:|1730789871\n|move|p1a: Chesnaught|Body Press|p2a: Pincurchin\n|-damage|p2a: Pincurchin|12/258\n|move|p2a: Pincurchin|Recover|p2a: Pincurchin\n|-heal|p2a: Pincurchin|141/258\n|\n|-heal|p1a: Chesnaught|181/285|[from] item: Leftovers\n|-heal|p2a: Pincurchin|157/258|[from] item: Leftovers\n|upkeep\n|turn|31\n|\n|t:|1730789875\n|move|p1a: Chesnaught|Body Press|p2a: Pincurchin\n|-damage|p2a: Pincurchin|70/258\n|move|p2a: Pincurchin|Zing Zap|p1a: Chesnaught\n|-resisted|p1a: Chesnaught\n|-damage|p1a: Chesnaught|130/285\n|\n|-heal|p1a: Chesnaught|147/285|[from] item: Leftovers\n|-heal|p2a: Pincurchin|86/258|[from] item: Leftovers\n|upkeep\n|turn|32\n|\n|t:|1730789878\n|move|p1a: Chesnaught|Body Press|p2a: Pincurchin\n|-damage|p2a: Pincurchin|10/258\n|move|p2a: Pincurchin|Recover|p2a: Pincurchin\n|-heal|p2a: Pincurchin|139/258\n|\n|-heal|p1a: Chesnaught|164/285|[from] item: Leftovers\n|-heal|p2a: Pincurchin|155/258|[from] item: Leftovers\n|upkeep\n|turn|33\n|\n|t:|1730789902\n|move|p1a: Chesnaught|Synthesis|p1a: Chesnaught\n|-heal|p1a: Chesnaught|285/285\n|move|p2a: Pincurchin|Zing Zap|p1a: Chesnaught\n|-resisted|p1a: Chesnaught\n|-damage|p1a: Chesnaught|233/285\n|\n|-heal|p1a: Chesnaught|250/285|[from] item: Leftovers\n|-heal|p2a: Pincurchin|171/258|[from] item: Leftovers\n|upkeep\n|turn|34\n|\n|t:|1730789905\n|move|p1a: Chesnaught|Body Press|p2a: Pincurchin\n|-damage|p2a: Pincurchin|89/258\n|move|p2a: Pincurchin|Zing Zap|p1a: Chesnaught\n|-resisted|p1a: Chesnaught\n|-damage|p1a: Chesnaught|199/285\n|\n|-heal|p1a: Chesnaught|216/285|[from] item: Leftovers\n|-heal|p2a: Pincurchin|105/258|[from] item: Leftovers\n|upkeep\n|turn|35\n|\n|t:|1730789908\n|move|p1a: Chesnaught|Body Press|p2a: Pincurchin\n|-damage|p2a: Pincurchin|17/258\n|move|p2a: Pincurchin|Recover|p2a: Pincurchin\n|-heal|p2a: Pincurchin|146/258\n|\n|-heal|p1a: Chesnaught|233/285|[from] item: Leftovers\n|-heal|p2a: Pincurchin|162/258|[from] item: Leftovers\n|upkeep\n|turn|36\n|\n|t:|1730789910\n|move|p1a: Chesnaught|Body Press|p2a: Pincurchin\n|-damage|p2a: Pincurchin|83/258\n|move|p2a: Pincurchin|Zing Zap|p1a: Chesnaught\n|-resisted|p1a: Chesnaught\n|-damage|p1a: Chesnaught|187/285\n|\n|-heal|p1a: Chesnaught|204/285|[from] item: Leftovers\n|-heal|p2a: Pincurchin|99/258|[from] item: Leftovers\n|upkeep\n|turn|37\n|\n|t:|1730789913\n|move|p1a: Chesnaught|Body Press|p2a: Pincurchin\n|-damage|p2a: Pincurchin|18/258\n|move|p2a: Pincurchin|Recover|p2a: Pincurchin\n|-heal|p2a: Pincurchin|147/258\n|\n|-heal|p1a: Chesnaught|221/285|[from] item: Leftovers\n|-heal|p2a: Pincurchin|163/258|[from] item: Leftovers\n|upkeep\n|turn|38\n|\n|t:|1730789919\n|move|p1a: Chesnaught|Body Press|p2a: Pincurchin\n|-damage|p2a: Pincurchin|79/258\n|move|p2a: Pincurchin|Zing Zap|p1a: Chesnaught\n|-resisted|p1a: Chesnaught\n|-damage|p1a: Chesnaught|170/285\n|\n|-heal|p1a: Chesnaught|187/285|[from] item: Leftovers\n|-heal|p2a: Pincurchin|95/258|[from] item: Leftovers\n|upkeep\n|turn|39\n|\n|t:|1730789923\n|move|p1a: Chesnaught|Body Press|p2a: Pincurchin\n|-damage|p2a: Pincurchin|14/258\n|move|p2a: Pincurchin|Zing Zap|p1a: Chesnaught\n|-resisted|p1a: Chesnaught\n|-damage|p1a: Chesnaught|142/285\n|\n|-heal|p1a: Chesnaught|159/285|[from] item: Leftovers\n|-heal|p2a: Pincurchin|30/258|[from] item: Leftovers\n|upkeep\n|turn|40\n|\n|t:|1730789936\n|move|p1a: Chesnaught|Body Press|p2a: Pincurchin\n|-damage|p2a: Pincurchin|0 fnt\n|faint|p2a: Pincurchin\n|\n|-heal|p1a: Chesnaught|176/285|[from] item: Leftovers\n|upkeep\n|\n|t:|1730789942\n|switch|p2a: Mamoswine|Mamoswine, L81, F|195/311\n|turn|41\n|\n|t:|1730789952\n|-terastallize|p1a: Chesnaught|Steel\n|move|p2a: Mamoswine|Ice Shard|p1a: Chesnaught\n|-resisted|p1a: Chesnaught\n|-damage|p1a: Chesnaught|169/285\n|move|p1a: Chesnaught|Trailblaze|p2a: Mamoswine\n|-supereffective|p2a: Mamoswine\n|-damage|p2a: Mamoswine|73/311\n|-boost|p1a: Chesnaught|spe|1\n|\n|-heal|p1a: Chesnaught|186/285|[from] item: Leftovers\n|upkeep\n|turn|42\n|-message|Astinov forfeited.\n|\n|win|Qiuescent\n|raw|Qiuescent's rating: 2268 &rarr; <strong>2285</strong><br />(+17 for winning)\n|raw|Astinov's rating: 2219 &rarr; <strong>2202</strong><br />(-17 for losing)\n|l|\u2606Astinov\n|player|p2|\n", "inputlog": ">version 2425f1364de080346313a8917b8af0a0670d3b0a\n>start {\"formatid\":\"gen9randombattle\",\"seed\":[12683,63221,18760,6176],\"rated\":\"Rated battle\"}\n>player p1 {\"name\":\"Qiuescent\",\"avatar\":\"265\",\"rating\":2268,\"seed\":[23143,51802,31218,24412]}\n>player p2 {\"name\":\"Astinov\",\"avatar\":\"169\",\"rating\":2219,\"seed\":[4858,15047,30647,4061]}\n>p1 switch 2\n>p2 move stealthrock\n>p1 move dracometeor\n>p2 switch 4\n>p1 move dracometeor\n>p2 move knockoff\n>p1 move dracometeor\n>p2 move flipturn\n>p2 switch 5\n>p1 move flipturn\n>p2 move iciclecrash\n>p1 switch 4\n>p1 switch 4\n>p1 move hydropump\n>p2 switch 5\n>p2 switch 2\n>p1 move hydropump\n>p2 move zingzap\n>p1 switch 5\n>p1 move woodhammer\n>p2 switch 4\n>p1 move woodhammer\n>p2 move stoneedge\n>p2 switch 3\n>p1 move woodhammer\n>p2 move swordsdance\n>p1 switch 2\n>p2 move psyblade\n>p1 move bravebird\n>p2 move psyblade\n>p1 switch 3\n>p1 move knockoff\n>p2 switch 6\n>p1 move doubleedge\n>p2 move fireblast\n>p2 switch 4\n>p1 switch 2\n>p2 move curse\n>p1 move woodhammer\n>p2 move recover\n>p1 move woodhammer\n>p2 move recover\n>p1 switch 6\n>p2 move recover\n>p1 move trailblaze\n>p2 move curse\n>p1 move irondefense\n>p2 move curse\n>p1 move irondefense\n>p2 move curse\n>p1 move irondefense\n>p2 move curse\n>p1 move irondefense\n>p2 move curse\n>p1 move bodypress\n>p2 move liquidation\n>p1 move irondefense\n>p2 move zingzap\n>p1 move bodypress\n>p2 move zingzap\n>p1 move bodypress\n>p2 move zingzap\n>p1 move bodypress\n>p2 move recover\n>p1 move bodypress\n>p2 move zingzap\n>p1 move bodypress\n>p2 move recover\n>p1 move bodypress\n>p2 move zingzap\n>p1 move bodypress\n>p2 move recover\n>p1 move synthesis\n>p2 move zingzap\n>p1 move bodypress\n>p2 move zingzap\n>p1 move bodypress\n>p2 move recover\n>p1 move bodypress\n>p2 move zingzap\n>p1 move bodypress\n>p2 move recover\n>p1 move bodypress\n>p2 move zingzap\n>p1 move bodypress\n>p2 move zingzap\n>p1 move bodypress\n>p2 move zingzap\n>p2 switch 5\n>p1 move trailblaze terastallize\n>p2 move iceshard\n>forcelose p2", "uploadtime": 1730789959, "views": 37, "formatid": "gen9randombattle", "rating": 2202, "private": 0, "password": null}