{"id": "gen9randombattle-2194001043", "format": "[Gen 9] Random Battle", "players": ["nocomment3", "muddbud"], "log": "|badge|p1|bronze|gen9randombattle|100-2\n|uhtml|medal-msg|<div class=\"broadcast-blue\">Curious what those medals under the avatar are? PS now has Ladder Seasons! For more information, check out the <a href=\"https://www.smogon.com/forums/threads/3740067/\">thread on Smogon.</a></div>\n|badge|p2|silver|gen9randombattle|30-2\n|uhtml|medal-msg|<div class=\"broadcast-blue\">Curious what those medals under the avatar are? PS now has Ladder Seasons! For more information, check out the <a href=\"https://www.smogon.com/forums/threads/3740067/\">thread on Smogon.</a></div>\n|j|\u2606nocomment3\n|j|\u2606muddbud\n|t:|1725403149\n|gametype|singles\n|player|p1|nocomment3|170|2348\n|player|p2|muddbud|265|2356\n|teamsize|p1|6\n|teamsize|p2|6\n|gen|9\n|tier|[Gen 9] Random Battle\n|rated|\n|rule|Species Clause: Limit one of each Pok\u00e9mon\n|rule|HP Percentage Mod: HP is shown in percentages\n|rule|Sleep Clause Mod: Limit one foe put to sleep\n|rule|Illusion Level Mod: Illusion disguises the Pok\u00e9mon's true level\n|\n|t:|1725403149\n|start\n|switch|p1a: Falinks|Falinks, L85|249/249\n|switch|p2a: Emboar|Emboar, L84, F|322/322\n|turn|1\n|\n|t:|1725403163\n|move|p1a: Falinks|No Retreat|p1a: Falinks\n|-boost|p1a: Falinks|atk|1\n|-boost|p1a: Falinks|def|1\n|-boost|p1a: Falinks|spa|1\n|-boost|p1a: Falinks|spd|1\n|-boost|p1a: Falinks|spe|1\n|-start|p1a: Falinks|move: No Retreat\n|move|p2a: Emboar|Flare Blitz|p1a: Falinks\n|-damage|p1a: Falinks|131/249\n|-damage|p2a: Emboar|283/322|[from] Recoil\n|\n|upkeep\n|turn|2\n|l|\u2606nocomment3\n|player|p1|\n|j|\u2606nocomment3\n|player|p1|nocomment3|170|\n|inactive|Battle timer is ON: inactive players will automatically lose when time's up. (requested by nocomment3)\n|\n|t:|1725403275\n|move|p1a: Falinks|Close Combat|p2a: Emboar\n|-damage|p2a: Emboar|0 fnt\n|-unboost|p1a: Falinks|def|1\n|-unboost|p1a: Falinks|spd|1\n|faint|p2a: Emboar\n|-damage|p1a: Falinks|107/249|[from] item: Life Orb\n|\n|upkeep\n|\n|t:|1725403278\n|switch|p2a: Hippowdon|Hippowdon, L82, M|311/311\n|-weather|Sandstorm|[from] ability: Sand Stream|[of] p2a: Hippowdon\n|turn|3\n|\n|t:|1725403280\n|move|p1a: Falinks|Close Combat|p2a: Hippowdon\n|-damage|p2a: Hippowdon|108/311\n|-unboost|p1a: Falinks|def|1\n|-unboost|p1a: Falinks|spd|1\n|-damage|p1a: Falinks|83/249|[from] item: Life Orb\n|move|p2a: Hippowdon|Earthquake|p1a: Falinks\n|-damage|p1a: Falinks|0 fnt\n|faint|p1a: Falinks\n|\n|-weather|Sandstorm|[upkeep]\n|-heal|p2a: Hippowdon|127/311|[from] item: Leftovers\n|upkeep\n|\n|t:|1725403289\n|switch|p1a: Baxcalibur|Baxcalibur, L75, F|295/295\n|turn|4\n|\n|t:|1725403294\n|switch|p2a: Lanturn|Lanturn, L89, F|367/367\n|move|p1a: Baxcalibur|Swords Dance|p1a: Baxcalibur\n|-boost|p1a: Baxcalibur|atk|2\n|\n|-weather|Sandstorm|[upkeep]\n|-damage|p1a: Baxcalibur|277/295|[from] Sandstorm\n|-damage|p2a: Lanturn|345/367|[from] Sandstorm\n|-heal|p2a: Lanturn|367/367|[from] item: Leftovers\n|upkeep\n|turn|5\n|\n|t:|1725403313\n|-terastallize|p1a: Baxcalibur|Ground\n|-terastallize|p2a: Lanturn|Water\n|move|p1a: Baxcalibur|Earthquake|p2a: Lanturn\n|-damage|p2a: Lanturn|48/367\n|move|p2a: Lanturn|Thunder Wave|p1a: Baxcalibur\n|-immune|p1a: Baxcalibur\n|\n|-weather|Sandstorm|[upkeep]\n|-damage|p2a: Lanturn|26/367|[from] Sandstorm\n|-heal|p2a: Lanturn|48/367|[from] item: Leftovers\n|upkeep\n|turn|6\n|\n|t:|1725403322\n|move|p1a: Baxcalibur|Scale Shot|p2a: Lanturn|[miss]\n|-miss|p1a: Baxcalibur|p2a: Lanturn\n|move|p2a: Lanturn|Scald|p1a: Baxcalibur\n|-supereffective|p1a: Baxcalibur\n|-damage|p1a: Baxcalibur|33/295\n|\n|-weather|Sandstorm|[upkeep]\n|-damage|p2a: Lanturn|26/367|[from] Sandstorm\n|-heal|p2a: Lanturn|48/367|[from] item: Leftovers\n|upkeep\n|turn|7\n|\n|t:|1725403326\n|move|p1a: Baxcalibur|Scale Shot|p2a: Lanturn\n|-damage|p2a: Lanturn|0 fnt\n|faint|p2a: Lanturn\n|-hitcount|p2: Lanturn|1\n|-unboost|p1a: Baxcalibur|def|1\n|-boost|p1a: Baxcalibur|spe|1\n|\n|-weather|none\n|upkeep\n|\n|t:|1725403331\n|switch|p2a: Wigglytuff|Wigglytuff, L96, M|424/424\n|turn|8\n|\n|t:|1725403343\n|move|p1a: Baxcalibur|Icicle Spear|p2a: Wigglytuff\n|-damage|p2a: Wigglytuff|339/424\n|-damage|p2a: Wigglytuff|252/424\n|-damage|p2a: Wigglytuff|176/424\n|-damage|p2a: Wigglytuff|85/424\n|-damage|p2a: Wigglytuff|1/424\n|-hitcount|p2a: Wigglytuff|5\n|move|p2a: Wigglytuff|Dazzling Gleam|p1a: Baxcalibur\n|-damage|p1a: Baxcalibur|0 fnt\n|faint|p1a: Baxcalibur\n|\n|-heal|p2a: Wigglytuff|27/424|[from] item: Leftovers\n|upkeep\n|\n|t:|1725403356\n|switch|p1a: Toucannon|Toucannon, L88, F|284/284\n|turn|9\n|\n|t:|1725403371\n|move|p1a: Toucannon|Knock Off|p2a: Wigglytuff\n|-resisted|p2a: Wigglytuff\n|-damage|p2a: Wigglytuff|0 fnt\n|-enditem|p2a: Wigglytuff|Leftovers|[from] move: Knock Off|[of] p1a: Toucannon\n|faint|p2a: Wigglytuff\n|\n|upkeep\n|\n|t:|1725403373\n|switch|p2a: Revavroom|Revavroom, L79, F|256/256\n|turn|10\n|\n|t:|1725403379\n|move|p2a: Revavroom|Shift Gear|p2a: Revavroom\n|-boost|p2a: Revavroom|spe|2\n|-boost|p2a: Revavroom|atk|1\n|move|p1a: Toucannon|Knock Off|p2a: Revavroom\n|-damage|p2a: Revavroom|165/256\n|-enditem|p2a: Revavroom|Life Orb|[from] move: Knock Off|[of] p1a: Toucannon\n|\n|upkeep\n|turn|11\n|\n|t:|1725403384\n|-singleturn|p1a: Toucannon|move: Beak Blast\n|move|p2a: Revavroom|Shift Gear|p2a: Revavroom\n|-boost|p2a: Revavroom|spe|2\n|-boost|p2a: Revavroom|atk|1\n|move|p1a: Toucannon|Beak Blast|p2a: Revavroom\n|-resisted|p2a: Revavroom\n|-damage|p2a: Revavroom|98/256\n|\n|upkeep\n|turn|12\n|\n|t:|1725403388\n|-singleturn|p1a: Toucannon|move: Beak Blast\n|move|p2a: Revavroom|Gunk Shot|p1a: Toucannon\n|-damage|p1a: Toucannon|0 fnt\n|faint|p1a: Toucannon\n|\n|upkeep\n|\n|t:|1725403399\n|switch|p1a: Iron Treads|Iron Treads, L77|265/265\n|turn|13\n|\n|t:|1725403403\n|move|p2a: Revavroom|High Horsepower|p1a: Iron Treads\n|-supereffective|p1a: Iron Treads\n|-damage|p1a: Iron Treads|11/265\n|move|p1a: Iron Treads|Earthquake|p2a: Revavroom\n|-supereffective|p2a: Revavroom\n|-damage|p2a: Revavroom|0 fnt\n|faint|p2a: Revavroom\n|\n|upkeep\n|\n|t:|1725403407\n|switch|p2a: Toedscruel|Toedscruel, L87, F|281/281\n|turn|14\n|\n|t:|1725403412\n|move|p2a: Toedscruel|Giga Drain|p1a: Iron Treads\n|-damage|p1a: Iron Treads|0 fnt\n|faint|p1a: Iron Treads\n|-end|p1a: Iron Treads|Quark Drive|[silent]\n|\n|upkeep\n|\n|t:|1725403414\n|switch|p1a: Vikavolt|Vikavolt, L83, F|263/263\n|turn|15\n|\n|t:|1725403443\n|move|p1a: Vikavolt|Bug Buzz|p2a: Toedscruel\n|-supereffective|p2a: Toedscruel\n|-damage|p2a: Toedscruel|95/281\n|move|p2a: Toedscruel|Toxic|p1a: Vikavolt\n|-status|p1a: Vikavolt|tox\n|\n|-heal|p2a: Toedscruel|112/281|[from] item: Leftovers\n|-damage|p1a: Vikavolt|247/263 tox|[from] psn\n|upkeep\n|turn|16\n|\n|t:|1725403449\n|move|p2a: Toedscruel|Giga Drain|p1a: Vikavolt\n|-resisted|p1a: Vikavolt\n|-damage|p1a: Vikavolt|209/263 tox\n|-heal|p2a: Toedscruel|131/281|[from] drain|[of] p1a: Vikavolt\n|move|p1a: Vikavolt|Bug Buzz|p2a: Toedscruel\n|-supereffective|p2a: Toedscruel\n|-damage|p2a: Toedscruel|0 fnt\n|faint|p2a: Toedscruel\n|\n|-damage|p1a: Vikavolt|177/263 tox|[from] psn\n|upkeep\n|\n|t:|1725403452\n|switch|p2a: Hippowdon|Hippowdon, L82, M|127/311\n|-weather|Sandstorm|[from] ability: Sand Stream|[of] p2a: Hippowdon\n|turn|17\n|\n|t:|1725403454\n|move|p2a: Hippowdon|Slack Off|p2a: Hippowdon\n|-heal|p2a: Hippowdon|283/311\n|move|p1a: Vikavolt|Bug Buzz|p2a: Hippowdon\n|-damage|p2a: Hippowdon|130/311\n|\n|-weather|Sandstorm|[upkeep]\n|-damage|p1a: Vikavolt|161/263 tox|[from] Sandstorm\n|-heal|p2a: Hippowdon|149/311|[from] item: Leftovers\n|-damage|p1a: Vikavolt|113/263 tox|[from] psn\n|upkeep\n|turn|18\n|\n|t:|1725403461\n|move|p2a: Hippowdon|Stone Edge|p1a: Vikavolt\n|-supereffective|p1a: Vikavolt\n|-damage|p1a: Vikavolt|0 fnt\n|faint|p1a: Vikavolt\n|\n|-weather|Sandstorm|[upkeep]\n|-heal|p2a: Hippowdon|168/311|[from] item: Leftovers\n|upkeep\n|\n|t:|1725403465\n|switch|p1a: Solgaleo|Solgaleo, L74|325/325\n|turn|19\n|\n|t:|1725403469\n|move|p1a: Solgaleo|Knock Off|p2a: Hippowdon\n|-damage|p2a: Hippowdon|107/311\n|-enditem|p2a: Hippowdon|Leftovers|[from] move: Knock Off|[of] p1a: Solgaleo\n|move|p2a: Hippowdon|Slack Off|p2a: Hippowdon\n|-heal|p2a: Hippowdon|263/311\n|\n|-weather|Sandstorm|[upkeep]\n|upkeep\n|turn|20\n|-message|nocomment3 forfeited.\n|\n|win|muddbud\n|raw|nocomment3's rating: 2348 &rarr; <strong>2328</strong><br />(-20 for losing)\n|raw|muddbud's rating: 2356 &rarr; <strong>2376</strong><br />(+20 for winning)\n|l|\u2606nocomment3\n|player|p1|\n|l|\u2606muddbud\n|player|p2|\n", "inputlog": ">version fb38517c27254f3634e2780c496b6b56e66c1790\n>start {\"formatid\":\"gen9randombattle\",\"seed\":[39779,53280,13425,27808],\"rated\":\"Rated battle\"}\n>player p1 {\"name\":\"nocomment3\",\"avatar\":\"170\",\"rating\":2348,\"seed\":[8845,54142,3645,2374]}\n>player p2 {\"name\":\"muddbud\",\"avatar\":\"265\",\"rating\":2356,\"seed\":[45148,48414,26019,30996]}\n>p1 move noretreat\n>p2 move flareblitz\n>p1 move closecombat\n>p2 move flareblitz\n>p2 switch 3\n>p1 move closecombat\n>p2 move earthquake\n>p1 switch 5\n>p1 move swordsdance\n>p2 switch 4\n>p1 move earthquake terastallize\n>p2 move thunderwave terastallize\n>p1 move scaleshot\n>p2 move scald\n>p1 move scaleshot\n>p2 move scald\n>p2 switch 6\n>p1 move iciclespear\n>p2 move dazzlinggleam\n>p1 switch 4\n>p1 move knockoff\n>p2 move thunderwave\n>p2 switch 5\n>p1 move knockoff\n>p2 move shiftgear\n>p1 move beakblast\n>p2 move shiftgear\n>p1 move beakblast\n>p2 move gunkshot\n>p1 switch 2\n>p1 move earthquake\n>p2 move highhorsepower\n>p2 switch 2\n>p1 move knockoff\n>p2 move gigadrain\n>p1 switch 3\n>p1 move bugbuzz\n>p2 move toxic\n>p1 move bugbuzz\n>p2 move gigadrain\n>p2 switch 4\n>p1 move bugbuzz\n>p2 move slackoff\n>p1 move bugbuzz\n>p2 move stoneedge\n>p1 switch 6\n>p1 move knockoff\n>p2 move slackoff\n>forcelose p1", "uploadtime": 1725403640, "views": 101, "formatid": "gen9randombattle", "rating": 2328, "private": 0, "password": null}