{"id": "gen9randombattle-2210960883", "format": "[Gen 9] Random Battle", "players": ["Crimson98yf", "70to90gxe"], "log": "|badge|p1|silver|gen9randombattle|30-2\n|html|<div class=\"broadcast-red\"><strong>This battle is required to be public due to one or more player having a season medal.</strong><br />During the public phase, you can discuss the state of the ladder <a href=\"/seasondiscussion\">in a special chatroom.</a></div>\n|uhtml|medal-msg|<div class=\"broadcast-blue\">Curious what those medals under the avatar are? PS now has Ladder Seasons! For more information, check out the <a href=\"https://www.smogon.com/forums/threads/3740067/\">thread on Smogon.</a></div>\n|badge|p2|silver|gen9randombattle|30-2\n|uhtml|medal-msg|<div class=\"broadcast-blue\">Curious what those medals under the avatar are? PS now has Ladder Seasons! For more information, check out the <a href=\"https://www.smogon.com/forums/threads/3740067/\">thread on Smogon.</a></div>\n|raw|<div class=\"broadcast-blue\"><strong>This battle is required to be public due to a player having a name starting with 'medal'.</div>\n|j|\u2606Crimson98yf\n|j|\u260670to90gxe\n|t:|1727455024\n|gametype|singles\n|player|p1|Crimson98yf|cynthia-gen4|2343\n|player|p2|70to90gxe|#scl4terrors|2439\n|teamsize|p1|6\n|teamsize|p2|6\n|gen|9\n|tier|[Gen 9] Random Battle\n|rated|\n|rule|Species Clause: Limit one of each Pok\u00e9mon\n|rule|HP Percentage Mod: HP is shown in percentages\n|rule|Sleep Clause Mod: Limit one foe put to sleep\n|rule|Illusion Level Mod: Illusion disguises the Pok\u00e9mon's true level\n|\n|t:|1727455024\n|start\n|switch|p1a: Hoopa|Hoopa-Unbound, L80|259/259\n|switch|p2a: Golem|Golem, L87, M|281/281\n|turn|1\n|inactive|Battle timer is ON: inactive players will automatically lose when time's up. (requested by Crimson98yf)\n|l|\u260670to90gxe\n|inactive|70to90gxe disconnected and has a minute to reconnect!\n|player|p2|\n|j| addithegoat\n|l| addithegoat\n|j|\u260670to90gxe\n|inactive|70to90gxe reconnected and has 115 seconds left.\n|player|p2|70to90gxe|#scl4terrors|\n|\n|t:|1727455066\n|move|p1a: Hoopa|Trick|p2a: Golem\n|-activate|p1a: Hoopa|move: Trick|[of] p2a: Golem\n|-item|p2a: Golem|Choice Scarf|[from] move: Trick\n|-item|p1a: Hoopa|Weakness Policy|[from] move: Trick\n|move|p2a: Golem|Earthquake|p1a: Hoopa\n|-damage|p1a: Hoopa|84/259\n|\n|upkeep\n|turn|2\n|\n|t:|1727455076\n|switch|p1a: Kilowattrel|Kilowattrel, L83, F|252/252\n|move|p2a: Golem|Earthquake|p1a: Kilowattrel\n|-immune|p1a: Kilowattrel\n|\n|upkeep\n|turn|3\n|\n|t:|1727455079\n|switch|p2a: Dedenne|Dedenne, L88, F|261/261\n|move|p1a: Kilowattrel|Thunderbolt|p2a: Dedenne\n|-resisted|p2a: Dedenne\n|-damage|p2a: Dedenne|198/261\n|\n|upkeep\n|turn|4\n|\n|t:|1727455082\n|move|p1a: Kilowattrel|Thunderbolt|p2a: Dedenne\n|-resisted|p2a: Dedenne\n|-damage|p2a: Dedenne|138/261\n|move|p2a: Dedenne|Dazzling Gleam|p1a: Kilowattrel\n|-damage|p1a: Kilowattrel|140/252\n|\n|upkeep\n|turn|5\n|\n|t:|1727455085\n|move|p1a: Kilowattrel|Thunderbolt|p2a: Dedenne\n|-resisted|p2a: Dedenne\n|-damage|p2a: Dedenne|75/261\n|-enditem|p2a: Dedenne|Sitrus Berry|[eat]\n|-heal|p2a: Dedenne|140/261|[from] item: Sitrus Berry\n|-heal|p2a: Dedenne|227/261|[from] ability: Cheek Pouch\n|move|p2a: Dedenne|Dazzling Gleam|p1a: Kilowattrel\n|-damage|p1a: Kilowattrel|32/252\n|\n|upkeep\n|turn|6\n|\n|t:|1727455088\n|move|p1a: Kilowattrel|Roost|p1a: Kilowattrel\n|-heal|p1a: Kilowattrel|158/252\n|-singleturn|p1a: Kilowattrel|move: Roost\n|move|p2a: Dedenne|Dazzling Gleam|p1a: Kilowattrel\n|-damage|p1a: Kilowattrel|43/252\n|\n|upkeep\n|turn|7\n|\n|t:|1727455091\n|move|p1a: Kilowattrel|Roost|p1a: Kilowattrel\n|-heal|p1a: Kilowattrel|169/252\n|-singleturn|p1a: Kilowattrel|move: Roost\n|move|p2a: Dedenne|Dazzling Gleam|p1a: Kilowattrel\n|-damage|p1a: Kilowattrel|60/252\n|\n|upkeep\n|turn|8\n|\n|t:|1727455094\n|switch|p1a: Lapras|Lapras, L87, M|368/368\n|move|p2a: Dedenne|Dazzling Gleam|p1a: Lapras\n|-damage|p1a: Lapras|287/368\n|\n|upkeep\n|turn|9\n|\n|t:|1727455098\n|move|p2a: Dedenne|Thunderbolt|p1a: Lapras\n|-supereffective|p1a: Lapras\n|-damage|p1a: Lapras|107/368\n|move|p1a: Lapras|Sparkling Aria|p2a: Dedenne\n|-damage|p2a: Dedenne|127/261\n|\n|upkeep\n|turn|10\n|\n|t:|1727455103\n|move|p2a: Dedenne|Thunderbolt|p1a: Lapras\n|-supereffective|p1a: Lapras\n|-damage|p1a: Lapras|0 fnt\n|faint|p1a: Lapras\n|\n|upkeep\n|\n|t:|1727455109\n|switch|p1a: Kilowattrel|Kilowattrel, L83, F|60/252\n|turn|11\n|\n|t:|1727455111\n|move|p1a: Kilowattrel|Roost|p1a: Kilowattrel\n|-heal|p1a: Kilowattrel|186/252\n|-singleturn|p1a: Kilowattrel|move: Roost\n|move|p2a: Dedenne|Dazzling Gleam|p1a: Kilowattrel\n|-damage|p1a: Kilowattrel|75/252\n|\n|upkeep\n|turn|12\n|\n|t:|1727455113\n|move|p1a: Kilowattrel|Roost|p1a: Kilowattrel\n|-heal|p1a: Kilowattrel|201/252\n|-singleturn|p1a: Kilowattrel|move: Roost\n|move|p2a: Dedenne|Dazzling Gleam|p1a: Kilowattrel\n|-damage|p1a: Kilowattrel|101/252\n|\n|upkeep\n|turn|13\n|\n|t:|1727455116\n|move|p1a: Kilowattrel|Roost|p1a: Kilowattrel\n|-heal|p1a: Kilowattrel|227/252\n|-singleturn|p1a: Kilowattrel|move: Roost\n|move|p2a: Dedenne|Dazzling Gleam|p1a: Kilowattrel\n|-damage|p1a: Kilowattrel|115/252\n|\n|upkeep\n|turn|14\n|\n|t:|1727455120\n|move|p1a: Kilowattrel|Thunderbolt|p2a: Dedenne\n|-resisted|p2a: Dedenne\n|-damage|p2a: Dedenne|67/261\n|move|p2a: Dedenne|Dazzling Gleam|p1a: Kilowattrel\n|-damage|p1a: Kilowattrel|0 fnt\n|faint|p1a: Kilowattrel\n|\n|upkeep\n|\n|t:|1727455126\n|switch|p1a: Leafeon|Leafeon, L88, M|258/258\n|turn|15\n|\n|t:|1727455130\n|switch|p1a: Smeargle|Smeargle, L95, F|258/258\n|move|p2a: Dedenne|Nuzzle|p1a: Smeargle\n|-damage|p1a: Smeargle|228/258\n|-status|p1a: Smeargle|par\n|\n|upkeep\n|turn|16\n|\n|t:|1727455135\n|move|p2a: Dedenne|Thunderbolt|p1a: Smeargle\n|-damage|p1a: Smeargle|93/258 par\n|move|p1a: Smeargle|Spore|p2a: Dedenne\n|-status|p2a: Dedenne|slp|[from] move: Spore\n|\n|upkeep\n|turn|17\n|\n|t:|1727455139\n|switch|p2a: Darkrai|Darkrai, L76|231/231\n|cant|p1a: Smeargle|par\n|\n|upkeep\n|turn|18\n|\n|t:|1727455141\n|move|p2a: Darkrai|Nasty Plot|p2a: Darkrai\n|-boost|p2a: Darkrai|spa|2\n|move|p1a: Smeargle|Sticky Web|p2a: Darkrai\n|-sidestart|p2: 70to90gxe|move: Sticky Web\n|\n|upkeep\n|turn|19\n|c|\u2606Crimson98yf|excelent haxes haxes from ur side\n|\n|t:|1727455150\n|move|p2a: Darkrai|Dark Pulse|p1a: Smeargle\n|-damage|p1a: Smeargle|0 fnt\n|faint|p1a: Smeargle\n|-damage|p2a: Darkrai|208/231|[from] item: Life Orb\n|\n|upkeep\n|\n|t:|1727455154\n|switch|p1a: Kommo-o|Kommo-o, L78, F|245/245\n|turn|20\n|\n|t:|1727455166\n|move|p2a: Darkrai|Hypnosis|p1a: Kommo-o\n|-status|p1a: Kommo-o|slp|[from] move: Hypnosis\n|cant|p1a: Kommo-o|slp\n|\n|-damage|p1a: Kommo-o|215/245 slp|[from] ability: Bad Dreams|[of] p2a: Darkrai\n|upkeep\n|turn|21\n|\n|t:|1727455169\n|move|p2a: Darkrai|Dark Pulse|p1a: Kommo-o\n|-resisted|p1a: Kommo-o\n|-damage|p1a: Kommo-o|101/245 slp\n|-damage|p2a: Darkrai|185/231|[from] item: Life Orb\n|-curestatus|p1a: Kommo-o|slp|[msg]\n|move|p1a: Kommo-o|Boomburst|p2a: Darkrai\n|-damage|p2a: Darkrai|96/231\n|-enditem|p1a: Kommo-o|Throat Spray\n|-boost|p1a: Kommo-o|spa|1|[from] item: Throat Spray\n|\n|upkeep\n|turn|22\n|\n|t:|1727455173\n|move|p2a: Darkrai|Dark Pulse|p1a: Kommo-o\n|-resisted|p1a: Kommo-o\n|-crit|p1a: Kommo-o\n|-damage|p1a: Kommo-o|0 fnt\n|faint|p1a: Kommo-o\n|-damage|p2a: Darkrai|73/231|[from] item: Life Orb\n|\n|upkeep\n|inactive|Crimson98yf has 120 seconds left.\n|inactive|Crimson98yf has 90 seconds left.\n|inactive|Crimson98yf has 60 seconds left.\n|inactive|Crimson98yf has 30 seconds left.\n|inactive|Crimson98yf has 20 seconds left.\n|inactive|Crimson98yf has 15 seconds left.\n|inactive|Crimson98yf has 10 seconds left.\n|inactive|Crimson98yf has 5 seconds left.\n|-message|Crimson98yf lost due to inactivity.\n|\n|win|70to90gxe\n|raw|Crimson98yf's rating: 2343 &rarr; <strong>2328</strong><br />(-15 for losing)\n|raw|70to90gxe's rating: 2439 &rarr; <strong>2454</strong><br />(+15 for winning)\n", "inputlog": ">version 69ff0b2f47ddc97367302b06f7f2ae172fb214dd\n>start {\"formatid\":\"gen9randombattle\",\"seed\":[24195,23507,2205,61781],\"rated\":\"Rated battle\"}\n>player p1 {\"name\":\"Crimson98yf\",\"avatar\":\"cynthia-gen4\",\"rating\":2343,\"seed\":[54647,30218,59166,32044]}\n>player p2 {\"name\":\"70to90gxe\",\"avatar\":\"#scl4terrors\",\"rating\":2439,\"seed\":[5660,17310,17481,56722]}\n>p1 move trick\n>p2 move earthquake\n>p1 switch 3\n>p2 move earthquake\n>p1 move thunderbolt\n>p2 switch 3\n>p1 move thunderbolt\n>p2 move dazzlinggleam\n>p1 move thunderbolt\n>p2 move dazzlinggleam\n>p1 move roost\n>p2 move dazzlinggleam\n>p1 move roost\n>p2 move dazzlinggleam\n>p1 switch 2\n>p2 move dazzlinggleam\n>p1 move sparklingaria\n>p2 move thunderbolt\n>p1 move sparklingaria\n>p2 move thunderbolt\n>p1 switch 2\n>p1 move roost\n>p2 move dazzlinggleam\n>p1 move roost\n>p2 move dazzlinggleam\n>p1 move roost\n>p2 move dazzlinggleam\n>p1 move thunderbolt\n>p2 move dazzlinggleam\n>p1 switch 5\n>p1 switch 6\n>p2 move nuzzle\n>p1 move spore\n>p2 move thunderbolt\n>p1 move stickyweb\n>p2 switch 6\n>p1 move stickyweb\n>p2 move nastyplot\n>chat \u2606Crimson98yf|excelent haxes haxes from ur side\n>p1 move whirlwind\n>p2 move darkpulse\n>p1 switch 4\n>p1 move boomburst\n>p2 move hypnosis\n>p1 move boomburst\n>p2 move darkpulse\n>p1 move boomburst\n>p2 move darkpulse\n>forcelose p1", "uploadtime": 1727455326, "views": 85, "formatid": "gen9randombattle", "rating": 2328, "private": 0, "password": null}