{"id": "gen9randombattle-2033679794", "format": "[Gen 9] Random Battle", "players": ["Dracogon", "Dc inversion"], "log": "|j|\u2606Dracogon\n|j|\u2606Dc inversion\n|t:|1705097623\n|gametype|singles\n|player|p1|Dracogon|102|2298\n|player|p2|Dc inversion|266|2225\n|teamsize|p1|6\n|teamsize|p2|6\n|gen|9\n|tier|[Gen 9] Random Battle\n|rated|\n|rule|Species Clause: Limit one of each Pok\u00e9mon\n|rule|HP Percentage Mod: HP is shown in percentages\n|rule|Sleep Clause Mod: Limit one foe put to sleep\n|rule|Illusion Level Mod: Illusion disguises the Pok\u00e9mon's true level\n|\n|t:|1705097623\n|start\n|switch|p1a: Hitmontop|Hitmontop, L89, M|234/234\n|switch|p2a: Inteleon|Inteleon, L81, M|246/246\n|turn|1\n|inactive|Battle timer is ON: inactive players will automatically lose when time's up. (requested by Dracogon)\n|j| nugbughug\n|\n|t:|1705097648\n|move|p2a: Inteleon|Scald|p1a: Hitmontop\n|-damage|p1a: Hitmontop|128/234\n|move|p1a: Hitmontop|Close Combat|p2a: Inteleon\n|-damage|p2a: Inteleon|81/246\n|-unboost|p1a: Hitmontop|def|1\n|-unboost|p1a: Hitmontop|spd|1\n|\n|-heal|p1a: Hitmontop|142/234|[from] item: Leftovers\n|upkeep\n|turn|2\n|\n|t:|1705097664\n|switch|p1a: Misdreavus|Misdreavus, L90, F|254/254\n|move|p2a: Inteleon|Scald|p1a: Misdreavus\n|-damage|p1a: Misdreavus|124/254\n|-status|p1a: Misdreavus|brn\n|\n|-damage|p1a: Misdreavus|109/254 brn|[from] brn\n|upkeep\n|turn|3\n|\n|t:|1705097676\n|move|p2a: Inteleon|Scald|p1a: Misdreavus\n|-damage|p1a: Misdreavus|0 fnt\n|faint|p1a: Misdreavus\n|\n|upkeep\n|\n|t:|1705097682\n|switch|p1a: Dachsbun|Dachsbun, L90, M|249/249\n|turn|4\n|\n|t:|1705097689\n|move|p2a: Inteleon|Scald|p1a: Dachsbun\n|-damage|p1a: Dachsbun|32/249\n|move|p1a: Dachsbun|Play Rough|p2a: Inteleon\n|-damage|p2a: Inteleon|0 fnt\n|faint|p2a: Inteleon\n|\n|-heal|p1a: Dachsbun|47/249|[from] item: Leftovers\n|upkeep\n|\n|t:|1705097708\n|switch|p2a: Alomomola|Alomomola, L87, F|429/429\n|turn|5\n|\n|t:|1705097713\n|move|p1a: Dachsbun|Wish|p1a: Dachsbun\n|move|p2a: Alomomola|Scald|p1a: Dachsbun\n|-damage|p1a: Dachsbun|0 fnt\n|faint|p1a: Dachsbun\n|\n|upkeep\n|\n|t:|1705097717\n|switch|p1a: Victreebel|Victreebel, L90, M|290/290\n|turn|6\n|\n|t:|1705097723\n|switch|p2a: Goodra|Goodra, L85, M|292/292\n|move|p1a: Victreebel|Sleep Powder|p2a: Goodra\n|-ability|p2a: Goodra|Sap Sipper|boost\n|-boost|p2a: Goodra|atk|1\n|\n|upkeep\n|turn|7\n|\n|t:|1705097736\n|switch|p1a: Hitmontop|Hitmontop, L89, M|142/234\n|move|p2a: Goodra|Knock Off|p1a: Hitmontop\n|-resisted|p1a: Hitmontop\n|-damage|p1a: Hitmontop|96/234\n|-enditem|p1a: Hitmontop|Leftovers|[from] move: Knock Off|[of] p2a: Goodra\n|\n|upkeep\n|turn|8\n|\n|t:|1705097748\n|move|p2a: Goodra|Power Whip|p1a: Hitmontop\n|-damage|p1a: Hitmontop|0 fnt\n|faint|p1a: Hitmontop\n|\n|upkeep\n|\n|t:|1705097759\n|switch|p1a: Flygon|Flygon, L82, M|265/265\n|turn|9\n|\n|t:|1705097765\n|switch|p2a: Alomomola|Alomomola, L87, F|429/429\n|move|p1a: Flygon|Outrage|p2a: Alomomola\n|-damage|p2a: Alomomola|225/429\n|\n|-heal|p2a: Alomomola|251/429|[from] item: Leftovers\n|upkeep\n|turn|10\n|\n|t:|1705097771\n|move|p2a: Alomomola|Protect|p2a: Alomomola\n|-singleturn|p2a: Alomomola|Protect\n|move|p1a: Flygon|Outrage|p2a: Alomomola|[from]lockedmove\n|-activate|p2a: Alomomola|move: Protect\n|-start|p1a: Flygon|confusion|[fatigue]\n|\n|-heal|p2a: Alomomola|277/429|[from] item: Leftovers\n|upkeep\n|turn|11\n|\n|t:|1705097777\n|switch|p1a: Victreebel|Victreebel, L90, M|290/290\n|move|p2a: Alomomola|Wish|p2a: Alomomola\n|\n|-heal|p2a: Alomomola|303/429|[from] item: Leftovers\n|upkeep\n|turn|12\n|\n|t:|1705097781\n|switch|p2a: Goodra|Goodra, L85, M|292/292\n|move|p1a: Victreebel|Sludge Wave|p2a: Goodra\n|-damage|p2a: Goodra|222/292\n|-damage|p1a: Victreebel|261/290|[from] item: Life Orb\n|\n|-heal|p2a: Goodra|292/292|[from] move: Wish|[wisher] Alomomola\n|upkeep\n|turn|13\n|\n|t:|1705097788\n|switch|p1a: Iron Treads|Iron Treads, L77|265/265\n|move|p2a: Goodra|Draco Meteor|p1a: Iron Treads\n|-resisted|p1a: Iron Treads\n|-damage|p1a: Iron Treads|195/265\n|-unboost|p2a: Goodra|spa|2\n|\n|upkeep\n|turn|14\n|\n|t:|1705097797\n|switch|p2a: Alomomola|Alomomola, L87, F|429/429\n|move|p1a: Iron Treads|Volt Switch|p2a: Alomomola\n|-supereffective|p2a: Alomomola\n|-damage|p2a: Alomomola|331/429\n|\n|t:|1705097802\n|-end|p1a: Iron Treads|Quark Drive|[silent]\n|switch|p1a: Flygon|Flygon, L82, M|265/265|[from] Volt Switch\n|\n|-heal|p2a: Alomomola|357/429|[from] item: Leftovers\n|upkeep\n|turn|15\n|\n|t:|1705097806\n|move|p1a: Flygon|Earthquake|p2a: Alomomola\n|-damage|p2a: Alomomola|191/429\n|move|p2a: Alomomola|Flip Turn|p1a: Flygon\n|-damage|p1a: Flygon|202/265\n|\n|t:|1705097815\n|switch|p2a: Avalugg|Avalugg, L87, M|307/307|[from] Flip Turn\n|\n|upkeep\n|turn|16\n|\n|t:|1705097821\n|switch|p1a: Victreebel|Victreebel, L90, M|261/290\n|move|p2a: Avalugg|Avalanche|p1a: Victreebel\n|-supereffective|p1a: Victreebel\n|-damage|p1a: Victreebel|85/290\n|\n|upkeep\n|turn|17\n|\n|t:|1705097827\n|switch|p1a: Iron Treads|Iron Treads, L77|195/265\n|switch|p2a: Goodra|Goodra, L85, M|292/292\n|\n|upkeep\n|turn|18\n|\n|t:|1705097831\n|switch|p2a: Alomomola|Alomomola, L87, F|334/429\n|move|p1a: Iron Treads|Knock Off|p2a: Alomomola\n|-damage|p2a: Alomomola|268/429\n|-enditem|p2a: Alomomola|Leftovers|[from] move: Knock Off|[of] p1a: Iron Treads\n|\n|upkeep\n|turn|19\n|\n|t:|1705097839\n|move|p1a: Iron Treads|Volt Switch|p2a: Alomomola\n|-supereffective|p2a: Alomomola\n|-damage|p2a: Alomomola|168/429\n|\n|t:|1705097842\n|-end|p1a: Iron Treads|Quark Drive|[silent]\n|switch|p1a: Victreebel|Victreebel, L90, M|85/290|[from] Volt Switch\n|move|p2a: Alomomola|Flip Turn|p1a: Victreebel\n|-resisted|p1a: Victreebel\n|-damage|p1a: Victreebel|49/290\n|\n|t:|1705097846\n|switch|p2a: Goodra|Goodra, L85, M|292/292|[from] Flip Turn\n|\n|upkeep\n|turn|20\n|\n|t:|1705097850\n|switch|p1a: Iron Treads|Iron Treads, L77|195/265\n|move|p2a: Goodra|Knock Off|p1a: Iron Treads\n|-damage|p1a: Iron Treads|127/265\n|-enditem|p1a: Iron Treads|Assault Vest|[from] move: Knock Off|[of] p2a: Goodra\n|\n|upkeep\n|turn|21\n|\n|t:|1705097857\n|switch|p2a: Alomomola|Alomomola, L87, F|311/429\n|move|p1a: Iron Treads|Earthquake|p2a: Alomomola\n|-damage|p2a: Alomomola|212/429\n|\n|upkeep\n|turn|22\n|\n|t:|1705097862\n|move|p1a: Iron Treads|Volt Switch|p2a: Alomomola\n|-supereffective|p2a: Alomomola\n|-damage|p2a: Alomomola|108/429\n|-message|Dracogon forfeited.\n|\n|win|Dc inversion\n|raw|Dracogon's rating: 2298 &rarr; <strong>2274</strong><br />(-24 for losing)\n|raw|Dc inversion's rating: 2225 &rarr; <strong>2249</strong><br />(+24 for winning)\n|l|\u2606Dracogon\n|player|p1|\n", "inputlog": ">version 10f3b4290fed48f5e2de1c5bfa906fcf5641f22b\n>start {\"formatid\":\"gen9randombattle\",\"seed\":[43144,20983,62449,29073],\"rated\":\"Rated battle\"}\n>player p1 {\"name\":\"Dracogon\",\"avatar\":\"102\",\"rating\":2298,\"seed\":[39954,6374,29589,761]}\n>player p2 {\"name\":\"Dc inversion\",\"avatar\":\"266\",\"rating\":2225,\"seed\":[9634,10745,53969,41973]}\n>p1 move closecombat\n>p2 move scald\n>p1 switch 3\n>p2 move scald\n>p1 move shadowball\n>p2 move scald\n>p1 switch 6\n>p1 move playrough\n>p2 move scald\n>p2 switch 2\n>p1 move wish\n>p2 move scald\n>p1 switch 5\n>p1 move sleeppowder\n>p2 switch 4\n>p1 switch 3\n>p2 move knockoff\n>p1 move closecombat\n>p2 move powerwhip\n>p1 switch 2\n>p1 move outrage\n>p2 switch 4\n>p1 move outrage\n>p2 move protect\n>p1 switch 3\n>p2 move wish\n>p1 move sludgewave\n>p2 switch 4\n>p1 switch 4\n>p2 move dracometeor\n>p1 move voltswitch\n>p2 switch 4\n>p1 switch 3\n>p1 move earthquake\n>p2 move flipturn\n>p2 switch 6\n>p1 switch 4\n>p2 move avalanche\n>p1 switch 3\n>p2 switch 4\n>p1 move knockoff\n>p2 switch 6\n>p1 move voltswitch\n>p2 move flipturn\n>p1 switch 3\n>p2 switch 6\n>p1 switch 3\n>p2 move knockoff\n>p1 move earthquake\n>p2 switch 6\n>p1 move voltswitch\n>p2 move wish\n>forcelose p1", "uploadtime": 1705097869, "views": 255, "formatid": "gen9randombattle", "rating": 2249, "private": 0, "password": null}