{"id": "gen9randombattle-2260743330", "format": "[Gen 9] Random Battle", "players": ["5uwwu545wu", "AminitraboTTT"], "log": "|j|\u26065uwwu545wu\n|j|\u2606AminitraboTTT\n|t:|1733885746\n|gametype|singles\n|player|p1|5uwwu545wu|266|\n|player|p2|AminitraboTTT|supernerd|\n|teamsize|p1|6\n|teamsize|p2|6\n|gen|9\n|tier|[Gen 9] Random Battle\n|rule|Species Clause: Limit one of each Pok\u00e9mon\n|rule|HP Percentage Mod: HP is shown in percentages\n|rule|Sleep Clause Mod: Limit one foe put to sleep\n|rule|Illusion Level Mod: Illusion disguises the Pok\u00e9mon's true level\n|\n|t:|1733885746\n|start\n|switch|p1a: Zapdos|Zapdos, L78|268/268\n|switch|p2a: Plusle|Plusle, L95, M|268/268\n|turn|1\n|c|\u2606AminitraboTTT|Hola, soy AminitraboTTT, el bot de la sala Espa\u00f1ol. gl hf\n|inactive|Battle timer is ON: inactive players will automatically lose when time's up. (requested by AminitraboTTT)\n|\n|t:|1733885751\n|switch|p1a: Electivire|Electivire, L84, F|263/263\n|move|p2a: Plusle|Nasty Plot|p2a: Plusle\n|-boost|p2a: Plusle|spa|2\n|\n|upkeep\n|turn|2\n|\n|t:|1733885753\n|-terastallize|p2a: Plusle|Grass\n|move|p2a: Plusle|Grass Knot|p1a: Electivire\n|-damage|p1a: Electivire|0 fnt\n|faint|p1a: Electivire\n|-damage|p2a: Plusle|242/268|[from] item: Life Orb\n|\n|upkeep\n|\n|t:|1733885758\n|switch|p1a: Salazzle|Salazzle, L83, F|249/249\n|turn|3\n|\n|t:|1733885760\n|move|p1a: Salazzle|Substitute|p1a: Salazzle\n|-start|p1a: Salazzle|Substitute\n|-damage|p1a: Salazzle|187/249\n|move|p2a: Plusle|Thunderbolt|p1a: Salazzle\n|-end|p1a: Salazzle|Substitute\n|-damage|p2a: Plusle|216/268|[from] item: Life Orb\n|\n|-heal|p1a: Salazzle|202/249|[from] item: Leftovers\n|upkeep\n|turn|4\n|\n|t:|1733885761\n|move|p1a: Salazzle|Protect|p1a: Salazzle\n|-singleturn|p1a: Salazzle|Protect\n|move|p2a: Plusle|Thunderbolt|p1a: Salazzle\n|-activate|p1a: Salazzle|move: Protect\n|\n|-heal|p1a: Salazzle|217/249|[from] item: Leftovers\n|upkeep\n|turn|5\n|\n|t:|1733885782\n|move|p1a: Salazzle|Substitute|p1a: Salazzle\n|-start|p1a: Salazzle|Substitute\n|-damage|p1a: Salazzle|155/249\n|move|p2a: Plusle|Thunderbolt|p1a: Salazzle\n|-end|p1a: Salazzle|Substitute\n|-damage|p2a: Plusle|190/268|[from] item: Life Orb\n|\n|-heal|p1a: Salazzle|170/249|[from] item: Leftovers\n|upkeep\n|turn|6\n|\n|t:|1733885783\n|move|p1a: Salazzle|Protect|p1a: Salazzle\n|-singleturn|p1a: Salazzle|Protect\n|move|p2a: Plusle|Thunderbolt|p1a: Salazzle\n|-activate|p1a: Salazzle|move: Protect\n|\n|-heal|p1a: Salazzle|185/249|[from] item: Leftovers\n|upkeep\n|turn|7\n|\n|t:|1733885787\n|move|p1a: Salazzle|Flamethrower|p2a: Plusle\n|-supereffective|p2a: Plusle\n|-damage|p2a: Plusle|0 fnt\n|faint|p2a: Plusle\n|\n|-heal|p1a: Salazzle|200/249|[from] item: Leftovers\n|upkeep\n|\n|t:|1733885787\n|switch|p2a: Swalot|Swalot, L90, F|326/326\n|turn|8\n|\n|t:|1733885795\n|switch|p1a: Oinkologne|Oinkologne-F, L92, F|361/361\n|move|p2a: Swalot|Earthquake|p1a: Oinkologne\n|-damage|p1a: Oinkologne|295/361\n|\n|-heal|p1a: Oinkologne|317/361|[from] item: Leftovers\n|upkeep\n|turn|9\n|\n|t:|1733885797\n|switch|p2a: Excadrill|Excadrill, L79, M|303/303\n|-ability|p2a: Excadrill|Mold Breaker\n|move|p1a: Oinkologne|High Horsepower|p2a: Excadrill\n|-supereffective|p2a: Excadrill\n|-damage|p2a: Excadrill|85/303\n|\n|-heal|p1a: Oinkologne|339/361|[from] item: Leftovers\n|upkeep\n|turn|10\n|\n|t:|1733885798\n|move|p2a: Excadrill|Earthquake|p1a: Oinkologne\n|-damage|p1a: Oinkologne|218/361\n|move|p1a: Oinkologne|High Horsepower|p2a: Excadrill\n|-supereffective|p2a: Excadrill\n|-damage|p2a: Excadrill|0 fnt\n|faint|p2a: Excadrill\n|\n|-heal|p1a: Oinkologne|240/361|[from] item: Leftovers\n|upkeep\n|\n|t:|1733885799\n|switch|p2a: Flamigo|Flamigo, L82, M|269/269\n|turn|11\n|\n|t:|1733885801\n|switch|p1a: Zapdos|Zapdos, L78|268/268\n|move|p2a: Flamigo|Close Combat|p1a: Zapdos\n|-resisted|p1a: Zapdos\n|-damage|p1a: Zapdos|169/268\n|-unboost|p2a: Flamigo|def|1\n|-unboost|p2a: Flamigo|spd|1\n|-damage|p2a: Flamigo|243/269|[from] item: Life Orb\n|\n|upkeep\n|turn|12\n|\n|t:|1733885805\n|move|p1a: Zapdos|Thunderbolt|p2a: Flamigo\n|-supereffective|p2a: Flamigo\n|-damage|p2a: Flamigo|0 fnt\n|faint|p2a: Flamigo\n|\n|upkeep\n|\n|t:|1733885806\n|switch|p2a: Gumshoos|Gumshoos, L95, M|321/321\n|turn|13\n|\n|t:|1733885809\n|move|p1a: Zapdos|Thunderbolt|p2a: Gumshoos\n|-damage|p2a: Gumshoos|210/321\n|move|p2a: Gumshoos|Double-Edge|p1a: Zapdos\n|-damage|p1a: Zapdos|0 fnt\n|-status|p2a: Gumshoos|par|[from] ability: Static|[of] p1a: Zapdos\n|faint|p1a: Zapdos\n|-damage|p2a: Gumshoos|154/321 par|[from] Recoil\n|\n|upkeep\n|\n|t:|1733885816\n|switch|p1a: Braviary|Braviary-Hisui, L85, M|326/326\n|turn|14\n|\n|t:|1733885817\n|move|p1a: Braviary|Psychic|p2a: Gumshoos\n|-damage|p2a: Gumshoos|0 fnt\n|faint|p2a: Gumshoos\n|\n|upkeep\n|\n|t:|1733885817\n|switch|p2a: Scyther|Scyther, L82, F|249/249\n|turn|15\n|\n|t:|1733885819\n|move|p2a: Scyther|Dual Wingbeat|p1a: Braviary\n|-damage|p1a: Braviary|247/326\n|-damage|p1a: Braviary|166/326\n|-hitcount|p1a: Braviary|2\n|move|p1a: Braviary|Heat Wave|p2a: Scyther\n|-supereffective|p2a: Scyther\n|-damage|p2a: Scyther|0 fnt\n|faint|p2a: Scyther\n|\n|upkeep\n|\n|t:|1733885819\n|switch|p2a: Swalot|Swalot, L90, F|326/326\n|turn|16\n|\n|t:|1733885821\n|move|p1a: Braviary|Psychic|p2a: Swalot\n|-supereffective|p2a: Swalot\n|-crit|p2a: Swalot\n|-damage|p2a: Swalot|0 fnt\n|faint|p2a: Swalot\n|\n|win|5uwwu545wu\n|c|\u2606AminitraboTTT|gg wp\n|l|\u2606AminitraboTTT\n|player|p2|\n|c|\u26065uwwu545wu|/log 5uwwu545wu made this room public.\n", "inputlog": ">version bfd83cad13791eb5a5a409923076391caf6fb4d4\n>start {\"formatid\":\"gen9randombattle\",\"seed\":[4005,28102,33611,11095]}\n>player p1 {\"name\":\"5uwwu545wu\",\"avatar\":\"266\",\"rating\":0,\"seed\":[4988,31649,40139,49426]}\n>player p2 {\"name\":\"AminitraboTTT\",\"avatar\":\"supernerd\",\"rating\":0,\"seed\":[50021,44877,55558,34]}\n>chat \u2606AminitraboTTT|Hola, soy AminitraboTTT, el bot de la sala Espa\u00f1ol. gl hf\n>p1 switch 2\n>p2 move nastyplot\n>p1 move earthquake\n>p2 move grassknot terastallize\n>p1 switch 3\n>p1 move substitute\n>p2 move thunderbolt\n>p1 move protect\n>p2 move thunderbolt\n>p1 move substitute\n>p2 move thunderbolt\n>p1 move protect\n>p2 move thunderbolt\n>p1 move flamethrower\n>p2 move thunderbolt\n>p2 switch 5\n>p1 switch 6\n>p2 move earthquake\n>p1 move highhorsepower\n>p2 switch 6\n>p1 move highhorsepower\n>p2 move earthquake\n>p2 switch 4\n>p1 switch 2\n>p2 move closecombat\n>p1 move thunderbolt\n>p2 move swordsdance\n>p2 switch 3\n>p1 move thunderbolt\n>p2 move doubleedge\n>p1 switch 5\n>p1 move psychic\n>p2 move doubleedge\n>p2 switch 2\n>p1 move heatwave\n>p2 move dualwingbeat\n>p2 switch 6\n>p1 move psychic\n>p2 move toxic", "uploadtime": 1733885830, "views": 7, "formatid": "gen9randombattle", "rating": null, "private": 0, "password": null}