{"id": "gen9randombattle-2113384636", "format": "[Gen 9] Random Battle", "players": ["pokeblade\u2606101", "MichaelderBeste2"], "log": "|badge|p1|silver|gen9randombattle|30-1\n|html|<div class=\"broadcast-red\"><strong>This battle is required to be public due to one or more player having a season medal.</strong><br />During the public phase, you can discuss the state of the ladder <a href=\"/seasondiscussion\">in a special chatroom.</a></div>\n|uhtml|medal-msg|<div class=\"broadcast-blue\">Curious what those medals under the avatar are? PS now has Ladder Seasons! For more information, check out the <a href=\"https://www.smogon.com/forums/threads/3740067/\">thread on Smogon.</a></div>\n|badge|p2|gold|gen9randombattle|3-1\n|uhtml|medal-msg|<div class=\"broadcast-blue\">Curious what those medals under the avatar are? PS now has Ladder Seasons! For more information, check out the <a href=\"https://www.smogon.com/forums/threads/3740067/\">thread on Smogon.</a></div>\n|j|\u2606pokeblade\u2606101\n|j|\u2606MichaelderBeste2\n|t:|1714318320\n|gametype|singles\n|player|p1|pokeblade\u2606101|#rbtt7teamchiyu|2487\n|player|p2|MichaelderBeste2|#rbtt7teamdarkrai|2545\n|teamsize|p1|6\n|teamsize|p2|6\n|gen|9\n|tier|[Gen 9] Random Battle\n|rated|\n|rule|Species Clause: Limit one of each Pok\u00e9mon\n|rule|HP Percentage Mod: HP is shown in percentages\n|rule|Sleep Clause Mod: Limit one foe put to sleep\n|rule|Illusion Level Mod: Illusion disguises the Pok\u00e9mon's true level\n|\n|t:|1714318320\n|start\n|switch|p1a: Vileplume|Vileplume, L86, F|269/269\n|switch|p2a: Forretress|Forretress, L84, M|263/263\n|turn|1\n|j|+Aqua\n|c|+Aqua|as I expected\n|\n|t:|1714318347\n|move|p1a: Vileplume|Sleep Powder|p2a: Forretress\n|-status|p2a: Forretress|slp|[from] move: Sleep Powder\n|cant|p2a: Forretress|slp\n|\n|upkeep\n|turn|2\n|j| otterwise\n|\n|t:|1714318361\n|switch|p1a: Flareon|Flareon, L90, M|263/263\n|cant|p2a: Forretress|slp\n|\n|-status|p1a: Flareon|tox|[from] item: Toxic Orb\n|upkeep\n|turn|3\n|\n|t:|1714318368\n|move|p1a: Flareon|Flare Blitz|p2a: Forretress\n|-supereffective|p2a: Forretress\n|-ability|p2a: Forretress|Sturdy\n|-damage|p2a: Forretress|1/263 slp\n|-damage|p1a: Flareon|177/263 tox|[from] Recoil\n|-curestatus|p2a: Forretress|slp|[msg]\n|move|p2a: Forretress|Stealth Rock|p1a: Flareon\n|-sidestart|p1: pokeblade\u2606101|move: Stealth Rock\n|\n|-heal|p2a: Forretress|17/263|[from] item: Leftovers\n|-damage|p1a: Flareon|161/263 tox|[from] psn\n|upkeep\n|turn|4\n|\n|t:|1714318379\n|move|p1a: Flareon|Facade|p2a: Forretress\n|-resisted|p2a: Forretress\n|-damage|p2a: Forretress|0 fnt\n|faint|p2a: Forretress\n|\n|-damage|p1a: Flareon|129/263 tox|[from] psn\n|upkeep\n|\n|t:|1714318388\n|switch|p2a: Brambleghast|Brambleghast, L88, M|240/240\n|turn|5\n|\n|t:|1714318398\n|move|p2a: Brambleghast|Substitute|p2a: Brambleghast\n|-start|p2a: Brambleghast|Substitute\n|-damage|p2a: Brambleghast|180/240\n|move|p1a: Flareon|Flare Blitz|p2a: Brambleghast\n|-supereffective|p2a: Brambleghast\n|-end|p2a: Brambleghast|Substitute\n|-damage|p1a: Flareon|109/263 tox|[from] Recoil|[of] p2a: Brambleghast\n|\n|-heal|p2a: Brambleghast|195/240|[from] item: Leftovers\n|-damage|p1a: Flareon|61/263 tox|[from] psn\n|upkeep\n|turn|6\n|\n|t:|1714318408\n|move|p2a: Brambleghast|Power Whip|p1a: Flareon\n|-resisted|p1a: Flareon\n|-damage|p1a: Flareon|0 fnt\n|faint|p1a: Flareon\n|\n|-heal|p2a: Brambleghast|210/240|[from] item: Leftovers\n|upkeep\n|\n|t:|1714318418\n|switch|p1a: Vileplume|Vileplume, L86, F|269/269\n|-damage|p1a: Vileplume|236/269|[from] Stealth Rock\n|turn|7\n|\n|t:|1714318435\n|move|p2a: Brambleghast|Poltergeist|p1a: Vileplume\n|-activate|p1a: Vileplume|move: Poltergeist|Leftovers\n|-crit|p1a: Vileplume\n|-damage|p1a: Vileplume|16/269\n|move|p1a: Vileplume|Sludge Bomb|p2a: Brambleghast\n|-damage|p2a: Brambleghast|84/240\n|\n|-heal|p2a: Brambleghast|99/240|[from] item: Leftovers\n|-heal|p1a: Vileplume|32/269|[from] item: Leftovers\n|upkeep\n|turn|8\n|j| zekoby\n|j| Teres bahji\n|j| borida\n|c| borida|in\n|\n|t:|1714318459\n|move|p2a: Brambleghast|Poltergeist|p1a: Vileplume\n|-activate|p1a: Vileplume|move: Poltergeist|Leftovers\n|-damage|p1a: Vileplume|0 fnt\n|faint|p1a: Vileplume\n|\n|-heal|p2a: Brambleghast|114/240|[from] item: Leftovers\n|upkeep\n|\n|t:|1714318465\n|switch|p1a: Gardevoir|Gardevoir, L83, F|249/249\n|-damage|p1a: Gardevoir|218/249|[from] Stealth Rock\n|-ability|p1a: Gardevoir|Wind Rider|[from] ability: Trace|[of] p2a: Brambleghast\n|turn|9\n|\n|t:|1714318470\n|switch|p2a: Orthworm|Orthworm, L88, F|266/266\n|move|p1a: Gardevoir|Moonblast|p2a: Orthworm\n|-resisted|p2a: Orthworm\n|-damage|p2a: Orthworm|187/266\n|\n|upkeep\n|turn|10\n|\n|t:|1714318476\n|switch|p1a: Iron Crown|Iron Crown, L79|272/272\n|-damage|p1a: Iron Crown|255/272|[from] Stealth Rock\n|move|p2a: Orthworm|Body Press|p1a: Iron Crown\n|-damage|p1a: Iron Crown|170/272\n|\n|upkeep\n|turn|11\n|\n|t:|1714318483\n|move|p1a: Iron Crown|Volt Switch|p2a: Orthworm\n|-crit|p2a: Orthworm\n|-damage|p2a: Orthworm|30/266\n|\n|t:|1714318486\n|-end|p1a: Iron Crown|Quark Drive|[silent]\n|switch|p1a: Gardevoir|Gardevoir, L83, F|218/249|[from] Volt Switch\n|-damage|p1a: Gardevoir|187/249|[from] Stealth Rock\n|-ability|p1a: Gardevoir|Earth Eater|[from] ability: Trace|[of] p2a: Orthworm\n|move|p2a: Orthworm|Body Press|p1a: Gardevoir\n|-resisted|p1a: Gardevoir\n|-damage|p1a: Gardevoir|159/249\n|\n|upkeep\n|turn|12\n|\n|t:|1714318489\n|switch|p2a: Dunsparce|Dunsparce, L86, F|312/312\n|move|p1a: Gardevoir|Moonblast|p2a: Dunsparce\n|-damage|p2a: Dunsparce|216/312\n|\n|upkeep\n|turn|13\n|\n|t:|1714318496\n|switch|p1a: Houndstone|Houndstone, L86, F|264/264\n|-damage|p1a: Houndstone|231/264|[from] Stealth Rock\n|move|p2a: Dunsparce|Body Slam|p1a: Houndstone\n|-immune|p1a: Houndstone\n|\n|upkeep\n|turn|14\n|j| IAmACheat\n|\n|t:|1714318502\n|switch|p1a: Iron Crown|Iron Crown, L79|170/272\n|-damage|p1a: Iron Crown|153/272|[from] Stealth Rock\n|move|p2a: Dunsparce|Roost|p2a: Dunsparce\n|-heal|p2a: Dunsparce|312/312\n|-singleturn|p2a: Dunsparce|move: Roost\n|\n|upkeep\n|turn|15\n|\n|t:|1714318515\n|-terastallize|p1a: Iron Crown|Steel\n|move|p1a: Iron Crown|Tachyon Cutter|p2a: Dunsparce\n|-damage|p2a: Dunsparce|220/312\n|-damage|p2a: Dunsparce|124/312\n|-hitcount|p2a: Dunsparce|2\n|move|p2a: Dunsparce|Roost|p2a: Dunsparce\n|-heal|p2a: Dunsparce|280/312\n|-singleturn|p2a: Dunsparce|move: Roost\n|\n|upkeep\n|turn|16\n|\n|t:|1714318520\n|switch|p2a: Orthworm|Orthworm, L88, F|30/266\n|move|p1a: Iron Crown|Tachyon Cutter|p2a: Orthworm\n|-resisted|p2a: Orthworm\n|-damage|p2a: Orthworm|0 fnt\n|faint|p2a: Orthworm\n|-hitcount|p2: Orthworm|1\n|\n|upkeep\n|\n|t:|1714318524\n|switch|p2a: Blaziken|Blaziken, L76, F|247/247\n|turn|17\n|\n|t:|1714318529\n|-end|p1a: Iron Crown|Quark Drive|[silent]\n|switch|p1a: Dragonite|Dragonite, L74, M|257/257\n|move|p2a: Blaziken|Swords Dance|p2a: Blaziken\n|-boost|p2a: Blaziken|atk|2\n|\n|-ability|p2a: Blaziken|Speed Boost|boost\n|-boost|p2a: Blaziken|spe|1\n|upkeep\n|turn|18\n|j| HarryOtter69\n|\n|t:|1714318546\n|move|p2a: Blaziken|Knock Off|p1a: Dragonite\n|-damage|p1a: Dragonite|163/257\n|-enditem|p1a: Dragonite|Heavy-Duty Boots|[from] move: Knock Off|[of] p2a: Blaziken\n|-damage|p2a: Blaziken|223/247|[from] item: Life Orb\n|move|p1a: Dragonite|Roost|p1a: Dragonite\n|-heal|p1a: Dragonite|257/257\n|-singleturn|p1a: Dragonite|move: Roost\n|\n|-ability|p2a: Blaziken|Speed Boost|boost\n|-boost|p2a: Blaziken|spe|1\n|upkeep\n|turn|19\n|c| borida|lol\n|\n|t:|1714318556\n|move|p2a: Blaziken|Flare Blitz|p1a: Dragonite\n|-resisted|p1a: Dragonite\n|-damage|p1a: Dragonite|169/257\n|-damage|p2a: Blaziken|194/247|[from] Recoil\n|-damage|p2a: Blaziken|170/247|[from] item: Life Orb\n|move|p1a: Dragonite|Roost|p1a: Dragonite\n|-heal|p1a: Dragonite|257/257\n|-singleturn|p1a: Dragonite|move: Roost\n|\n|-ability|p2a: Blaziken|Speed Boost|boost\n|-boost|p2a: Blaziken|spe|1\n|upkeep\n|turn|20\n|\n|t:|1714318564\n|move|p2a: Blaziken|Flare Blitz|p1a: Dragonite\n|-resisted|p1a: Dragonite\n|-damage|p1a: Dragonite|165/257\n|-damage|p2a: Blaziken|140/247|[from] Recoil\n|-damage|p2a: Blaziken|116/247|[from] item: Life Orb\n|move|p1a: Dragonite|Earthquake|p2a: Blaziken\n|-supereffective|p2a: Blaziken\n|-damage|p2a: Blaziken|0 fnt\n|faint|p2a: Blaziken\n|\n|upkeep\n|\n|t:|1714318565\n|switch|p2a: Dunsparce|Dunsparce, L86, F|280/312\n|turn|21\n|\n|t:|1714318575\n|move|p1a: Dragonite|Dragon Dance|p1a: Dragonite\n|-boost|p1a: Dragonite|atk|1\n|-boost|p1a: Dragonite|spe|1\n|move|p2a: Dunsparce|Body Slam|p1a: Dragonite\n|-damage|p1a: Dragonite|89/257\n|\n|upkeep\n|turn|22\n|\n|t:|1714318579\n|move|p1a: Dragonite|Outrage|p2a: Dunsparce\n|-damage|p2a: Dunsparce|129/312\n|move|p2a: Dunsparce|Body Slam|p1a: Dragonite\n|-damage|p1a: Dragonite|10/257\n|\n|upkeep\n|turn|23\n|\n|t:|1714318588\n|switch|p2a: Brambleghast|Brambleghast, L88, M|114/240\n|move|p1a: Dragonite|Outrage|p2a: Brambleghast|[from]lockedmove\n|-damage|p2a: Brambleghast|0 fnt\n|faint|p2a: Brambleghast\n|\n|upkeep\n|\n|t:|1714318589\n|switch|p2a: Inteleon|Inteleon, L81, M|246/246\n|turn|24\n|\n|t:|1714318618\n|move|p1a: Dragonite|Outrage|p2a: Inteleon|[from]lockedmove\n|-damage|p2a: Inteleon|0 fnt\n|faint|p2a: Inteleon\n|-start|p1a: Dragonite|confusion|[fatigue]\n|\n|upkeep\n|\n|t:|1714318620\n|switch|p2a: Dunsparce|Dunsparce, L86, F|129/312\n|turn|25\n|\n|t:|1714318623\n|-activate|p1a: Dragonite|confusion\n|-damage|p1a: Dragonite|0 fnt|[from] confusion\n|faint|p1a: Dragonite\n|move|p2a: Dunsparce|Roost|p2a: Dunsparce\n|-heal|p2a: Dunsparce|285/312\n|-singleturn|p2a: Dunsparce|move: Roost\n|\n|upkeep\n|c| borida|classic\n|\n|t:|1714318627\n|switch|p1a: Iron Crown|Iron Crown, L79, tera:Steel|153/272\n|-damage|p1a: Iron Crown|136/272|[from] Stealth Rock\n|turn|26\n|\n|t:|1714318631\n|move|p1a: Iron Crown|Tachyon Cutter|p2a: Dunsparce\n|-damage|p2a: Dunsparce|191/312\n|-damage|p2a: Dunsparce|93/312\n|-hitcount|p2a: Dunsparce|2\n|move|p2a: Dunsparce|Body Slam|p1a: Iron Crown\n|-resisted|p1a: Iron Crown\n|-damage|p1a: Iron Crown|100/272\n|-status|p1a: Iron Crown|par\n|\n|upkeep\n|turn|27\n|\n|t:|1714318638\n|move|p2a: Dunsparce|Roost|p2a: Dunsparce\n|-heal|p2a: Dunsparce|249/312\n|-singleturn|p2a: Dunsparce|move: Roost\n|cant|p1a: Iron Crown|par\n|\n|upkeep\n|turn|28\n|c|\u2606pokeblade\u2606101|lol ok\n|c|\u2606pokeblade\u2606101|dunsparce does dunsparce things\n|c|\u2606MichaelderBeste2|you cant complain\n|c|\u2606MichaelderBeste2|tbh\n|\n|t:|1714318669\n|move|p2a: Dunsparce|Earthquake|p1a: Iron Crown\n|-supereffective|p1a: Iron Crown\n|-damage|p1a: Iron Crown|0 fnt\n|faint|p1a: Iron Crown\n|-end|p1a: Iron Crown|Quark Drive|[silent]\n|\n|upkeep\n|\n|t:|1714318675\n|switch|p1a: Gardevoir|Gardevoir, L83, F|159/249\n|-damage|p1a: Gardevoir|128/249|[from] Stealth Rock\n|-ability|p1a: Gardevoir|Serene Grace|[from] ability: Trace|[of] p2a: Dunsparce\n|turn|29\n|\n|t:|1714318680\n|move|p1a: Gardevoir|Focus Blast|p2a: Dunsparce\n|-supereffective|p2a: Dunsparce\n|-damage|p2a: Dunsparce|89/312\n|move|p2a: Dunsparce|Roost|p2a: Dunsparce\n|-heal|p2a: Dunsparce|245/312\n|-singleturn|p2a: Dunsparce|move: Roost\n|\n|upkeep\n|turn|30\n|\n|t:|1714318687\n|-terastallize|p2a: Dunsparce|Ground\n|move|p1a: Gardevoir|Focus Blast|p2a: Dunsparce\n|-damage|p2a: Dunsparce|160/312\n|-unboost|p2a: Dunsparce|spd|1\n|move|p2a: Dunsparce|Body Slam|p1a: Gardevoir\n|-damage|p1a: Gardevoir|41/249\n|\n|upkeep\n|turn|31\n|\n|t:|1714318693\n|move|p1a: Gardevoir|Focus Blast|p2a: Dunsparce\n|-damage|p2a: Dunsparce|35/312\n|move|p2a: Dunsparce|Roost|p2a: Dunsparce\n|-heal|p2a: Dunsparce|191/312\n|\n|upkeep\n|turn|32\n|\n|t:|1714318697\n|move|p1a: Gardevoir|Focus Blast|p2a: Dunsparce\n|-damage|p2a: Dunsparce|59/312\n|move|p2a: Dunsparce|Roost|p2a: Dunsparce\n|-heal|p2a: Dunsparce|215/312\n|\n|upkeep\n|turn|33\n|\n|t:|1714318701\n|move|p1a: Gardevoir|Focus Blast|p2a: Dunsparce|[miss]\n|-miss|p1a: Gardevoir|p2a: Dunsparce\n|move|p2a: Dunsparce|Earthquake|p1a: Gardevoir\n|-damage|p1a: Gardevoir|0 fnt\n|faint|p1a: Gardevoir\n|\n|upkeep\n|\n|t:|1714318704\n|switch|p1a: Houndstone|Houndstone, L86, F|231/264\n|-damage|p1a: Houndstone|198/264|[from] Stealth Rock\n|turn|34\n|\n|t:|1714318706\n|move|p1a: Houndstone|Poltergeist|p2a: Dunsparce\n|-activate|p2a: Dunsparce|move: Poltergeist|Eviolite\n|-damage|p2a: Dunsparce|110/312\n|move|p2a: Dunsparce|Coil|p2a: Dunsparce\n|-boost|p2a: Dunsparce|atk|1\n|-boost|p2a: Dunsparce|def|1\n|-boost|p2a: Dunsparce|accuracy|1\n|\n|upkeep\n|turn|35\n|\n|t:|1714318709\n|move|p1a: Houndstone|Poltergeist|p2a: Dunsparce|[miss]\n|-miss|p1a: Houndstone|p2a: Dunsparce\n|move|p2a: Dunsparce|Roost|p2a: Dunsparce\n|-heal|p2a: Dunsparce|266/312\n|\n|upkeep\n|turn|36\n|\n|t:|1714318711\n|move|p1a: Houndstone|Poltergeist|p2a: Dunsparce\n|-activate|p2a: Dunsparce|move: Poltergeist|Eviolite\n|-damage|p2a: Dunsparce|202/312\n|move|p2a: Dunsparce|Earthquake|p1a: Houndstone\n|-damage|p1a: Houndstone|90/264\n|\n|upkeep\n|turn|37\n|\n|t:|1714318712\n|move|p1a: Houndstone|Poltergeist|p2a: Dunsparce\n|-activate|p2a: Dunsparce|move: Poltergeist|Eviolite\n|-damage|p2a: Dunsparce|142/312\n|move|p2a: Dunsparce|Earthquake|p1a: Houndstone\n|-damage|p1a: Houndstone|0 fnt\n|faint|p1a: Houndstone\n|\n|win|MichaelderBeste2\n|raw|pokeblade\u2606101's rating: 2487 &rarr; <strong>2470</strong><br />(-17 for losing)\n|raw|MichaelderBeste2's rating: 2545 &rarr; <strong>2562</strong><br />(+17 for winning)\n|l|\u2606MichaelderBeste2\n|player|p2|\n|l| borida\n", "inputlog": ">version b84337b8f7878220839aa0c41b4e8e9021e31424\n>start {\"formatid\":\"gen9randombattle\",\"seed\":[42985,41568,47939,436],\"rated\":\"Rated battle\"}\n>player p1 {\"name\":\"pokeblade\u2606101\",\"avatar\":\"#rbtt7teamchiyu\",\"rating\":2487,\"seed\":[16087,44562,1162,33007]}\n>player p2 {\"name\":\"MichaelderBeste2\",\"avatar\":\"#rbtt7teamdarkrai\",\"rating\":2545,\"seed\":[47689,29065,59892,2643]}\n>chat +Aqua|as I expected\n>p1 move sleeppowder\n>p2 move stealthrock\n>p1 switch 2\n>p2 move stealthrock\n>p1 move flareblitz\n>p2 move stealthrock\n>p1 move facade\n>p2 move rapidspin\n>p2 switch 5\n>p1 move flareblitz\n>p2 move substitute\n>p1 move flareblitz\n>p2 move powerwhip\n>p1 switch 2\n>p1 move sludgebomb\n>p2 move poltergeist\n>chat  borida|in\n>p1 move sludgebomb\n>p2 move poltergeist\n>p1 switch 4\n>p1 move moonblast\n>p2 switch 2\n>p1 switch 3\n>p2 move bodypress\n>p1 move voltswitch\n>p2 move bodypress\n>p1 switch 3\n>p1 move moonblast\n>p2 switch 6\n>p1 switch 6\n>p2 move bodyslam\n>p1 switch 3\n>p2 move roost\n>p1 move tachyoncutter terastallize\n>p2 move roost\n>p1 move tachyoncutter\n>p2 switch 6\n>p2 switch 4\n>p1 switch 5\n>p2 move swordsdance\n>p1 move roost\n>p2 move knockoff\n>chat  borida|lol\n>p1 move roost\n>p2 move flareblitz\n>p1 move earthquake\n>p2 move flareblitz\n>p2 switch 6\n>p1 move dragondance\n>p2 move bodyslam\n>p1 move outrage\n>p2 move bodyslam\n>p1 move outrage\n>p2 switch 2\n>p2 switch 3\n>p1 move outrage\n>p2 move hydropump\n>p2 switch 2\n>p1 move outrage\n>p2 move roost\n>chat  borida|classic\n>p1 switch 5\n>p1 move tachyoncutter\n>p2 move bodyslam\n>p1 move tachyoncutter\n>p2 move roost\n>chat \u2606pokeblade\u2606101|lol ok\n>chat \u2606pokeblade\u2606101|dunsparce does dunsparce things\n>chat \u2606MichaelderBeste2|you cant complain\n>chat \u2606MichaelderBeste2|tbh\n>p1 move tachyoncutter\n>p2 move earthquake\n>p1 switch 6\n>p1 move focusblast\n>p2 move roost\n>p1 move focusblast\n>p2 move bodyslam terastallize\n>p1 move focusblast\n>p2 move roost\n>p1 move focusblast\n>p2 move roost\n>p1 move focusblast\n>p2 move earthquake\n>p1 switch 3\n>p1 move poltergeist\n>p2 move coil\n>p1 move poltergeist\n>p2 move roost\n>p1 move poltergeist\n>p2 move earthquake\n>p1 move poltergeist\n>p2 move earthquake", "uploadtime": 1714318722, "views": 276, "formatid": "gen9randombattle", "rating": 2470, "private": 0, "password": null}