{"id": "gen9randombattle-2260446295", "format": "[Gen 9] Random Battle", "players": ["ivi21", "luk1ta5"], "log": "|j|\u2606ivi21\n|j|\u2606luk1ta5\n|t:|1733852406\n|gametype|singles\n|player|p1|ivi21|170|1319\n|player|p2|luk1ta5|101|1311\n|teamsize|p1|6\n|teamsize|p2|6\n|gen|9\n|tier|[Gen 9] Random Battle\n|rated|\n|rule|Species Clause: Limit one of each Pok\u00e9mon\n|rule|HP Percentage Mod: HP is shown in percentages\n|rule|Sleep Clause Mod: Limit one foe put to sleep\n|rule|Illusion Level Mod: Illusion disguises the Pok\u00e9mon's true level\n|\n|t:|1733852406\n|start\n|switch|p1a: Azumarill|Azumarill, L82, F|298/298\n|switch|p2a: Volbeat|Volbeat, L90, M|263/263\n|turn|1\n|\n|t:|1733852417\n|switch|p1a: Gouging Fire|Gouging Fire, L74|277/277\n|move|p2a: Volbeat|Thunder Wave|p1a: Gouging Fire\n|-status|p1a: Gouging Fire|par\n|\n|upkeep\n|turn|2\n|inactive|Battle timer is ON: inactive players will automatically lose when time's up. (requested by luk1ta5)\n|c|\u2606luk1ta5|hola\n|c|\u2606luk1ta5|hello\n|c|\u2606ivi21|hi\n|inactive|luk1ta5 has 120 seconds left.\n|\n|t:|1733852454\n|switch|p2a: Diancie|Diancie, L82|216/216\n|move|p1a: Gouging Fire|Heat Crash|p2a: Diancie\n|-resisted|p2a: Diancie\n|-damage|p2a: Diancie|180/216\n|\n|-heal|p2a: Diancie|193/216|[from] item: Leftovers\n|upkeep\n|turn|3\n|c|\u2606luk1ta5|you are a girl or boy?\n|\n|t:|1733852484\n|-end|p1a: Gouging Fire|Protosynthesis|[silent]\n|switch|p1a: Azumarill|Azumarill, L82, F|298/298\n|move|p2a: Diancie|Moonblast|p1a: Azumarill\n|-damage|p1a: Azumarill|183/298\n|\n|-heal|p2a: Diancie|206/216|[from] item: Leftovers\n|upkeep\n|turn|4\n|\n|t:|1733852495\n|switch|p2a: Raichu|Raichu, L88, M|249/249\n|move|p1a: Azumarill|Liquidation|p2a: Raichu\n|-damage|p2a: Raichu|116/249\n|\n|upkeep\n|turn|5\n|c|\u2606ivi21|boy\n|c|\u2606ivi21|why?\n|c|\u2606luk1ta5|ok\n|inactive|luk1ta5 has 120 seconds left.\n|c|\u2606luk1ta5|this battle is a legendary\n|\n|t:|1733852523\n|switch|p1a: Ditto|Ditto, L87|225/225\n|-transform|p1a: Ditto|p2a: Raichu|[from] ability: Imposter\n|move|p2a: Raichu|Thunderbolt|p1a: Ditto\n|-ability|p1a: Ditto|Lightning Rod|boost\n|-boost|p1a: Ditto|spa|1\n|\n|upkeep\n|turn|6\n|\n|t:|1733852539\n|move|p1a: Ditto|Encore|p2a: Raichu\n|-start|p2a: Raichu|Encore\n|move|p2a: Raichu|Thunderbolt|p1a: Ditto\n|-ability|p1a: Ditto|Lightning Rod|boost\n|-boost|p1a: Ditto|spa|1\n|\n|upkeep\n|turn|7\n|\n|t:|1733852555\n|switch|p1a: Gouging Fire|Gouging Fire, L74|277/277 par\n|switch|p2a: Furret|Furret, L94, F|312/312\n|-item|p1a: Gouging Fire|Heavy-Duty Boots|[from] ability: Frisk|[of] p2a: Furret\n|\n|upkeep\n|turn|8\n|c|\u2606luk1ta5|oh fuck\n|c|\u2606luk1ta5|im lose\n|\n|t:|1733852574\n|move|p2a: Furret|Knock Off|p1a: Gouging Fire\n|-damage|p1a: Gouging Fire|202/277 par\n|-enditem|p1a: Gouging Fire|Heavy-Duty Boots|[from] move: Knock Off|[of] p2a: Furret\n|-damage|p2a: Furret|281/312|[from] item: Life Orb\n|move|p1a: Gouging Fire|Dragon Dance|p1a: Gouging Fire\n|-boost|p1a: Gouging Fire|atk|1\n|-boost|p1a: Gouging Fire|spe|1\n|\n|upkeep\n|turn|9\n|inactive|ivi21 has 120 seconds left.\n|\n|t:|1733852598\n|switch|p2a: Diancie|Diancie, L82|206/216\n|move|p1a: Gouging Fire|Heat Crash|p2a: Diancie\n|-resisted|p2a: Diancie\n|-damage|p2a: Diancie|154/216\n|\n|-heal|p2a: Diancie|167/216|[from] item: Leftovers\n|upkeep\n|turn|10\n|\n|t:|1733852603\n|move|p1a: Gouging Fire|Earthquake|p2a: Diancie\n|-supereffective|p2a: Diancie\n|-damage|p2a: Diancie|49/216\n|move|p2a: Diancie|Moonblast|p1a: Gouging Fire\n|-damage|p1a: Gouging Fire|93/277 par\n|-unboost|p1a: Gouging Fire|spa|1\n|\n|-heal|p2a: Diancie|62/216|[from] item: Leftovers\n|upkeep\n|turn|11\n|\n|t:|1733852608\n|cant|p1a: Gouging Fire|par\n|move|p2a: Diancie|Diamond Storm|p1a: Gouging Fire\n|-supereffective|p1a: Gouging Fire\n|-damage|p1a: Gouging Fire|0 fnt\n|faint|p1a: Gouging Fire\n|-end|p1a: Gouging Fire|Protosynthesis|[silent]\n|\n|-heal|p2a: Diancie|75/216|[from] item: Leftovers\n|upkeep\n|\n|t:|1733852610\n|switch|p1a: Azumarill|Azumarill, L82, F|183/298\n|turn|12\n|\n|t:|1733852618\n|move|p2a: Diancie|Moonblast|p1a: Azumarill\n|-damage|p1a: Azumarill|77/298\n|-enditem|p1a: Azumarill|Sitrus Berry|[eat]\n|-heal|p1a: Azumarill|151/298|[from] item: Sitrus Berry\n|move|p1a: Azumarill|Liquidation|p2a: Diancie\n|-supereffective|p2a: Diancie\n|-damage|p2a: Diancie|0 fnt\n|faint|p2a: Diancie\n|\n|upkeep\n|\n|t:|1733852624\n|switch|p2a: Raichu|Raichu, L88, M|116/249\n|turn|13\n|\n|t:|1733852642\n|switch|p2a: Furret|Furret, L94, F|281/312\n|switch|p1a: Ditto|Ditto, L87|225/225\n|-transform|p1a: Ditto|p2a: Furret|[from] ability: Imposter\n|-item|p2a: Furret|Life Orb|[from] ability: Frisk|[of] p1a: Ditto\n|\n|upkeep\n|turn|14\n|\n|t:|1733852651\n|move|p1a: Ditto|Brick Break|p2a: Furret\n|-supereffective|p2a: Furret\n|-damage|p2a: Furret|163/312\n|move|p2a: Furret|Tidy Up|p2a: Furret\n|-boost|p2a: Furret|atk|1\n|-boost|p2a: Furret|spe|1\n|\n|upkeep\n|turn|15\n|\n|t:|1733852659\n|-terastallize|p1a: Ditto|Psychic\n|move|p1a: Ditto|Brick Break|p2a: Furret\n|-supereffective|p2a: Furret\n|-damage|p2a: Furret|43/312\n|move|p2a: Furret|Brick Break|p1a: Ditto\n|-resisted|p1a: Ditto\n|-damage|p1a: Ditto|161/225\n|-damage|p2a: Furret|12/312|[from] item: Life Orb\n|\n|upkeep\n|turn|16\n|\n|t:|1733852668\n|move|p2a: Furret|Knock Off|p1a: Ditto\n|-supereffective|p1a: Ditto\n|-damage|p1a: Ditto|0 fnt\n|-enditem|p1a: Ditto|Choice Scarf|[from] move: Knock Off|[of] p2a: Furret\n|faint|p1a: Ditto\n|-damage|p2a: Furret|0 fnt|[from] item: Life Orb\n|faint|p2a: Furret\n|\n|upkeep\n|\n|t:|1733852675\n|switch|p2a: Raichu|Raichu, L88, M|116/249\n|switch|p1a: Dialga|Dialga-Origin, L73|266/266\n|-ability|p1a: Dialga|Pressure\n|turn|17\n|\n|t:|1733852692\n|switch|p2a: Talonflame|Talonflame, L83, F|265/265\n|move|p1a: Dialga|Heavy Slam|p2a: Talonflame\n|-resisted|p2a: Talonflame\n|-damage|p2a: Talonflame|190/265\n|\n|upkeep\n|turn|18\n|c|\u2606luk1ta5|como mierda mato eso\n|c|\u2606ivi21|no se haz algo\n|\n|t:|1733852710\n|switch|p1a: Poliwrath|Poliwrath, L88, M|302/302\n|move|p2a: Talonflame|Overheat|p1a: Poliwrath\n|-resisted|p1a: Poliwrath\n|-damage|p1a: Poliwrath|267/302\n|-unboost|p2a: Talonflame|spa|2\n|\n|upkeep\n|turn|19\n|c|\u2606luk1ta5|ah hablas espa\u00f1ol\n|c|\u2606luk1ta5|hijo de mil me hubieras dicho\n|c|\u2606ivi21|no i don't speack spanish\n|inactive|luk1ta5 has 120 seconds left.\n|c|\u2606ivi21|nono\n|c|\u2606luk1ta5|oh sorry\n|c|\u2606luk1ta5|jaja\n|c|\u2606ivi21|i got no idea how to speak spanish im sorry\n|\n|t:|1733852760\n|move|p2a: Talonflame|Brave Bird|p1a: Poliwrath\n|-supereffective|p1a: Poliwrath\n|-damage|p1a: Poliwrath|61/302\n|-damage|p2a: Talonflame|122/265|[from] Recoil\n|move|p1a: Poliwrath|Liquidation|p2a: Talonflame\n|-supereffective|p2a: Talonflame\n|-damage|p2a: Talonflame|0 fnt\n|faint|p2a: Talonflame\n|\n|upkeep\n|c|\u2606ivi21|na mentira manin\n|\n|t:|1733852765\n|switch|p2a: Volbeat|Volbeat, L90, M|263/263\n|turn|20\n|\n|t:|1733852781\n|move|p2a: Volbeat|Lunge|p1a: Poliwrath\n|-resisted|p1a: Poliwrath\n|-damage|p1a: Poliwrath|25/302\n|-unboost|p1a: Poliwrath|atk|1\n|move|p1a: Poliwrath|Knock Off|p2a: Volbeat\n|-damage|p2a: Volbeat|206/263\n|-enditem|p2a: Volbeat|Heavy-Duty Boots|[from] move: Knock Off|[of] p1a: Poliwrath\n|\n|upkeep\n|turn|21\n|c|\u2606luk1ta5|estoy complicado\n|\n|t:|1733852795\n|move|p2a: Volbeat|Lunge|p1a: Poliwrath\n|-resisted|p1a: Poliwrath\n|-damage|p1a: Poliwrath|0 fnt\n|faint|p1a: Poliwrath\n|\n|upkeep\n|c|\u2606ivi21|normal\n|\n|t:|1733852801\n|switch|p1a: Azumarill|Azumarill, L82, F|151/298\n|turn|22\n|\n|t:|1733852807\n|move|p2a: Volbeat|Thunder Wave|p1a: Azumarill\n|-status|p1a: Azumarill|par\n|move|p1a: Azumarill|Liquidation|p2a: Volbeat\n|-damage|p2a: Volbeat|98/263\n|\n|upkeep\n|turn|23\n|\n|t:|1733852818\n|move|p2a: Volbeat|Roost|p2a: Volbeat\n|-heal|p2a: Volbeat|230/263\n|-singleturn|p2a: Volbeat|move: Roost\n|move|p1a: Azumarill|Liquidation|p2a: Volbeat\n|-damage|p2a: Volbeat|115/263\n|\n|upkeep\n|turn|24\n|inactive|luk1ta5 has 120 seconds left.\n|c|\u2606luk1ta5|de donde spos\n|inactive|ivi21 has 120 seconds left.\n|\n|t:|1733852852\n|move|p2a: Volbeat|Roost|p2a: Volbeat\n|-heal|p2a: Volbeat|247/263\n|-singleturn|p2a: Volbeat|move: Roost\n|move|p1a: Azumarill|Liquidation|p2a: Volbeat\n|-damage|p2a: Volbeat|139/263\n|\n|upkeep\n|turn|25\n|inactive|ivi21 has 120 seconds left.\n|\n|t:|1733852878\n|move|p2a: Volbeat|Lunge|p1a: Azumarill\n|-resisted|p1a: Azumarill\n|-damage|p1a: Azumarill|103/298 par\n|-unboost|p1a: Azumarill|atk|1\n|cant|p1a: Azumarill|par\n|\n|upkeep\n|turn|26\n|c|\u2606ivi21|espa\u00f1a\n|\n|t:|1733852890\n|move|p2a: Volbeat|Roost|p2a: Volbeat\n|-heal|p2a: Volbeat|263/263\n|-singleturn|p2a: Volbeat|move: Roost\n|move|p1a: Azumarill|Aqua Jet|p2a: Volbeat\n|-damage|p2a: Volbeat|226/263\n|\n|upkeep\n|turn|27\n|inactive|luk1ta5 has 120 seconds left.\n|c|\u2606luk1ta5|ostia joder macho tio gilipollas me tienes hasta el rabo co\u00f1o\n|\n|t:|1733852917\n|move|p2a: Volbeat|Lunge|p1a: Azumarill\n|-resisted|p1a: Azumarill\n|-damage|p1a: Azumarill|60/298 par\n|-unboost|p1a: Azumarill|atk|1\n|move|p1a: Azumarill|Play Rough|p2a: Volbeat\n|-damage|p2a: Volbeat|163/263\n|\n|upkeep\n|turn|28\n|\n|t:|1733852922\n|move|p2a: Volbeat|Lunge|p1a: Azumarill\n|-resisted|p1a: Azumarill\n|-damage|p1a: Azumarill|16/298 par\n|-unboost|p1a: Azumarill|atk|1\n|cant|p1a: Azumarill|par\n|\n|upkeep\n|turn|29\n|\n|t:|1733852931\n|move|p2a: Volbeat|Roost|p2a: Volbeat\n|-heal|p2a: Volbeat|263/263\n|-singleturn|p2a: Volbeat|move: Roost\n|cant|p1a: Azumarill|par\n|\n|upkeep\n|turn|30\n|\n|t:|1733852945\n|move|p2a: Volbeat|Lunge|p1a: Azumarill\n|-resisted|p1a: Azumarill\n|-damage|p1a: Azumarill|0 fnt\n|faint|p1a: Azumarill\n|\n|upkeep\n|\n|t:|1733852957\n|switch|p1a: Falinks|Falinks, L84|246/246\n|turn|31\n|\n|t:|1733852961\n|move|p2a: Volbeat|Thunder Wave|p1a: Falinks\n|-status|p1a: Falinks|par\n|move|p1a: Falinks|No Retreat|p1a: Falinks\n|-boost|p1a: Falinks|atk|1\n|-boost|p1a: Falinks|def|1\n|-boost|p1a: Falinks|spa|1\n|-boost|p1a: Falinks|spd|1\n|-boost|p1a: Falinks|spe|1\n|-start|p1a: Falinks|move: No Retreat\n|\n|upkeep\n|turn|32\n|\n|t:|1733852971\n|move|p2a: Volbeat|Lunge|p1a: Falinks\n|-resisted|p1a: Falinks\n|-damage|p1a: Falinks|219/246 par\n|-unboost|p1a: Falinks|atk|1\n|-ability|p1a: Falinks|Defiant|boost\n|-boost|p1a: Falinks|atk|2\n|move|p1a: Falinks|Iron Head|p2a: Volbeat\n|-damage|p2a: Volbeat|117/263\n|-damage|p1a: Falinks|195/246 par|[from] item: Life Orb\n|\n|upkeep\n|turn|33\n|c|\u2606luk1ta5|mierda\n|\n|t:|1733852994\n|move|p2a: Volbeat|Roost|p2a: Volbeat\n|-heal|p2a: Volbeat|249/263\n|-singleturn|p2a: Volbeat|move: Roost\n|cant|p1a: Falinks|par\n|\n|upkeep\n|turn|34\n|\n|t:|1733852999\n|move|p2a: Volbeat|Lunge|p1a: Falinks\n|-resisted|p1a: Falinks\n|-damage|p1a: Falinks|172/246 par\n|-unboost|p1a: Falinks|atk|1\n|-ability|p1a: Falinks|Defiant|boost\n|-boost|p1a: Falinks|atk|2\n|move|p1a: Falinks|Iron Head|p2a: Volbeat\n|-damage|p2a: Volbeat|45/263\n|-damage|p1a: Falinks|148/246 par|[from] item: Life Orb\n|\n|upkeep\n|turn|35\n|\n|t:|1733853008\n|move|p2a: Volbeat|Roost|p2a: Volbeat\n|-heal|p2a: Volbeat|177/263\n|-singleturn|p2a: Volbeat|move: Roost\n|move|p1a: Falinks|Iron Head|p2a: Volbeat\n|-damage|p2a: Volbeat|0 fnt\n|faint|p2a: Volbeat\n|-damage|p1a: Falinks|124/246 par|[from] item: Life Orb\n|\n|upkeep\n|\n|t:|1733853017\n|switch|p2a: Raichu|Raichu, L88, M|116/249\n|turn|36\n|\n|t:|1733853047\n|move|p2a: Raichu|Thunderbolt|p1a: Falinks\n|-damage|p1a: Falinks|15/246 par\n|-damage|p2a: Raichu|92/249|[from] item: Life Orb\n|move|p1a: Falinks|Iron Head|p2a: Raichu\n|-resisted|p2a: Raichu\n|-damage|p2a: Raichu|0 fnt\n|faint|p2a: Raichu\n|-damage|p1a: Falinks|0 fnt|[from] item: Life Orb\n|faint|p1a: Falinks\n|\n|upkeep\n|\n|t:|1733853055\n|switch|p2a: Cetitan|Cetitan, L82, M|413/413\n|switch|p1a: Dialga|Dialga-Origin, L73|266/266\n|-ability|p1a: Dialga|Pressure\n|turn|37\n|c|\u2606luk1ta5|1 pa 1 sin camiseta\n|\n|t:|1733853076\n|-terastallize|p2a: Cetitan|Water\n|move|p1a: Dialga|Heavy Slam|p2a: Cetitan\n|-resisted|p2a: Cetitan\n|-damage|p2a: Cetitan|386/413\n|move|p2a: Cetitan|Icicle Crash|p1a: Dialga\n|-damage|p1a: Dialga|117/266\n|\n|upkeep\n|turn|38\n|\n|t:|1733853086\n|move|p1a: Dialga|Draco Meteor|p2a: Cetitan\n|-damage|p2a: Cetitan|122/413\n|-unboost|p1a: Dialga|spa|2\n|move|p2a: Cetitan|Icicle Crash|p1a: Dialga\n|-damage|p1a: Dialga|0 fnt\n|faint|p1a: Dialga\n|\n|win|luk1ta5\n", "inputlog": ">version bfd83cad13791eb5a5a409923076391caf6fb4d4\n>start {\"formatid\":\"gen9randombattle\",\"seed\":[46615,59861,44169,62151],\"rated\":\"Rated battle\"}\n>player p1 {\"name\":\"ivi21\",\"avatar\":\"170\",\"rating\":1319,\"seed\":[16135,44064,48431,31117]}\n>player p2 {\"name\":\"luk1ta5\",\"avatar\":\"101\",\"rating\":1311,\"seed\":[27929,14465,29813,18917]}\n>p1 switch 6\n>p2 move thunderwave\n>chat \u2606luk1ta5|hola\n>chat \u2606luk1ta5|hello\n>chat \u2606ivi21|hi\n>p1 move heatcrash\n>p2 switch 5\n>chat \u2606luk1ta5|you are a girl or boy?\n>p1 switch 6\n>p2 move moonblast\n>p1 move liquidation\n>p2 switch 6\n>chat \u2606ivi21|boy\n>chat \u2606ivi21|why?\n>chat \u2606luk1ta5|ok\n>chat \u2606luk1ta5|this battle is a legendary\n>p1 switch 5\n>p2 move thunderbolt\n>p1 move encore\n>p2 move encore\n>p1 switch 6\n>p2 switch 3\n>chat \u2606luk1ta5|oh fuck\n>chat \u2606luk1ta5|im lose\n>p1 move dragondance\n>p2 move knockoff\n>p1 move heatcrash\n>p2 switch 6\n>p1 move earthquake\n>p2 move moonblast\n>p1 move earthquake\n>p2 move diamondstorm\n>p1 switch 5\n>p1 move liquidation\n>p2 move moonblast\n>p2 switch 3\n>p1 switch 6\n>p2 switch 6\n>p1 move brickbreak\n>p2 move tidyup\n>p1 move brickbreak terastallize\n>p2 move brickbreak\n>p1 move brickbreak\n>p2 move knockoff\n>p1 switch 2\n>p2 switch 6\n>p1 move heavyslam\n>p2 switch 2\n>chat \u2606luk1ta5|como mierda mato eso\n>chat \u2606ivi21|no se haz algo\n>p1 switch 4\n>p2 move overheat\n>chat \u2606luk1ta5|ah hablas espa\u00f1ol\n>chat \u2606luk1ta5|hijo de mil me hubieras dicho\n>chat \u2606ivi21|no i don't speack spanish\n>chat \u2606ivi21|nono\n>chat \u2606luk1ta5|oh sorry\n>chat \u2606luk1ta5|jaja\n>chat \u2606ivi21|i got no idea how to speak spanish im sorry\n>p1 move liquidation\n>p2 move bravebird\n>chat \u2606ivi21|na mentira manin\n>p2 switch 5\n>p1 move knockoff\n>p2 move lunge\n>chat \u2606luk1ta5|estoy complicado\n>p1 move liquidation\n>p2 move lunge\n>chat \u2606ivi21|normal\n>p1 switch 6\n>p1 move liquidation\n>p2 move thunderwave\n>p1 move liquidation\n>p2 move roost\n>chat \u2606luk1ta5|de donde spos\n>p1 move liquidation\n>p2 move roost\n>p1 move liquidation\n>p2 move lunge\n>chat \u2606ivi21|espa\u00f1a\n>p1 move aquajet\n>p2 move roost\n>chat \u2606luk1ta5|ostia joder macho tio gilipollas me tienes hasta el rabo co\u00f1o\n>p1 move playrough\n>p2 move lunge\n>p1 move playrough\n>p2 move lunge\n>p1 move playrough\n>p2 move roost\n>p1 move playrough\n>p2 move lunge\n>p1 switch 3\n>p1 move noretreat\n>p2 move thunderwave\n>p1 move ironhead\n>p2 move lunge\n>chat \u2606luk1ta5|mierda\n>p1 move ironhead\n>p2 move roost\n>p1 move ironhead\n>p2 move lunge\n>p1 move ironhead\n>p2 move roost\n>p2 switch 2\n>p1 move ironhead\n>p2 move thunderbolt\n>p1 switch 4\n>p2 switch 4\n>chat \u2606luk1ta5|1 pa 1 sin camiseta\n>p1 move heavyslam\n>p2 move iciclecrash terastallize\n>p1 move dracometeor\n>p2 move iciclecrash", "uploadtime": 1733852913, "views": 1, "formatid": "gen9randombattle", "rating": null, "private": 0, "password": null}