{"id": "gen9randombattle-2260586849", "format": "[Gen 9] Random Battle", "players": ["GringoChileno", "Pattybro"], "log": "|j|\u2606GringoChileno\n|j|\u2606Pattybro\n|t:|1733866402\n|gametype|singles\n|player|p1|GringoChileno|juggler|1184\n|player|p2|Pattybro|102|1229\n|teamsize|p1|6\n|teamsize|p2|6\n|gen|9\n|tier|[Gen 9] Random Battle\n|rated|\n|rule|Species Clause: Limit one of each Pok\u00e9mon\n|rule|HP Percentage Mod: HP is shown in percentages\n|rule|Sleep Clause Mod: Limit one foe put to sleep\n|rule|Illusion Level Mod: Illusion disguises the Pok\u00e9mon's true level\n|\n|t:|1733866402\n|start\n|switch|p1a: Alcremie|Alcremie-Salted-Cream, L90, F|263/263\n|switch|p2a: Mimikyu|Mimikyu, L79, M|216/216\n|turn|1\n|inactive|Battle timer is ON: inactive players will automatically lose when time's up. (requested by Pattybro)\n|\n|t:|1733866411\n|move|p2a: Mimikyu|Swords Dance|p2a: Mimikyu\n|-boost|p2a: Mimikyu|atk|2\n|move|p1a: Alcremie|Calm Mind|p1a: Alcremie\n|-boost|p1a: Alcremie|spa|1\n|-boost|p1a: Alcremie|spd|1\n|\n|upkeep\n|turn|2\n|inactive|GringoChileno has 120 seconds left.\n|\n|t:|1733866445\n|move|p2a: Mimikyu|Swords Dance|p2a: Mimikyu\n|-boost|p2a: Mimikyu|atk|2\n|move|p1a: Alcremie|Calm Mind|p1a: Alcremie\n|-boost|p1a: Alcremie|spa|1\n|-boost|p1a: Alcremie|spd|1\n|\n|upkeep\n|turn|3\n|\n|t:|1733866456\n|move|p2a: Mimikyu|Play Rough|p1a: Alcremie\n|-damage|p1a: Alcremie|0 fnt\n|faint|p1a: Alcremie\n|-damage|p2a: Mimikyu|195/216|[from] item: Life Orb\n|\n|upkeep\n|\n|t:|1733866459\n|switch|p1a: Magnezone|Magnezone, L85|258/258\n|turn|4\n|\n|t:|1733866466\n|move|p2a: Mimikyu|Drain Punch|p1a: Magnezone\n|-supereffective|p1a: Magnezone\n|-damage|p1a: Magnezone|0 fnt\n|-heal|p2a: Mimikyu|216/216|[from] drain|[of] p1a: Magnezone\n|faint|p1a: Magnezone\n|-damage|p2a: Mimikyu|195/216|[from] item: Life Orb\n|\n|upkeep\n|\n|t:|1733866469\n|switch|p1a: Jolteon|Jolteon, L84, F|246/246\n|turn|5\n|\n|t:|1733866476\n|-terastallize|p1a: Jolteon|Ice\n|move|p2a: Mimikyu|Shadow Sneak|p1a: Jolteon\n|-damage|p1a: Jolteon|71/246\n|-damage|p2a: Mimikyu|174/216|[from] item: Life Orb\n|move|p1a: Jolteon|Calm Mind|p1a: Jolteon\n|-boost|p1a: Jolteon|spa|1\n|-boost|p1a: Jolteon|spd|1\n|\n|-heal|p1a: Jolteon|86/246|[from] item: Leftovers\n|upkeep\n|turn|6\n|\n|t:|1733866487\n|move|p2a: Mimikyu|Shadow Sneak|p1a: Jolteon\n|-crit|p1a: Jolteon\n|-damage|p1a: Jolteon|0 fnt\n|faint|p1a: Jolteon\n|-damage|p2a: Mimikyu|153/216|[from] item: Life Orb\n|\n|upkeep\n|\n|t:|1733866490\n|switch|p1a: Porygon-Z|Porygon-Z, L83|277/277\n|turn|7\n|\n|t:|1733866495\n|move|p1a: Porygon-Z|Nasty Plot|p1a: Porygon-Z\n|-boost|p1a: Porygon-Z|spa|2\n|move|p2a: Mimikyu|Drain Punch|p1a: Porygon-Z\n|-supereffective|p1a: Porygon-Z\n|-damage|p1a: Porygon-Z|0 fnt\n|-heal|p2a: Mimikyu|216/216|[from] drain|[of] p1a: Porygon-Z\n|faint|p1a: Porygon-Z\n|-damage|p2a: Mimikyu|195/216|[from] item: Life Orb\n|\n|upkeep\n|c|\u2606GringoChileno|welp\n|\n|t:|1733866511\n|switch|p1a: Palkia|Palkia, L75|259/259\n|-ability|p1a: Palkia|Pressure\n|turn|8\n|\n|t:|1733866515\n|move|p2a: Mimikyu|Play Rough|p1a: Palkia\n|-supereffective|p1a: Palkia\n|-damage|p1a: Palkia|0 fnt\n|faint|p1a: Palkia\n|-damage|p2a: Mimikyu|174/216|[from] item: Life Orb\n|\n|upkeep\n|\n|t:|1733866517\n|switch|p1a: Lugia|Lugia, L72|272/272\n|turn|9\n|\n|t:|1733866523\n|move|p2a: Mimikyu|Shadow Sneak|p1a: Lugia\n|-supereffective|p1a: Lugia\n|-damage|p1a: Lugia|142/272\n|-damage|p2a: Mimikyu|153/216|[from] item: Life Orb\n|move|p1a: Lugia|Earth Power|p2a: Mimikyu\n|-activate|p2a: Mimikyu|ability: Disguise\n|-damage|p2a: Mimikyu|153/216\n|detailschange|p2a: Mimikyu|Mimikyu-Busted, L79, M\n|-damage|p2a: Mimikyu|126/216|[from] pokemon: Mimikyu-Busted\n|\n|upkeep\n|turn|10\n|\n|t:|1733866534\n|move|p2a: Mimikyu|Shadow Sneak|p1a: Lugia\n|-supereffective|p1a: Lugia\n|-damage|p1a: Lugia|0 fnt\n|faint|p1a: Lugia\n|-damage|p2a: Mimikyu|105/216|[from] item: Life Orb\n|\n|win|Pattybro\n|raw|GringoChileno's rating: 1184 &rarr; <strong>1162</strong><br />(-22 for losing)\n|raw|Pattybro's rating: 1229 &rarr; <strong>1251</strong><br />(+22 for winning)\n|c|\u2606GringoChileno|VICOTRYYYYYyy'\n|l|\u2606GringoChileno\n|player|p1|\n", "inputlog": ">version bfd83cad13791eb5a5a409923076391caf6fb4d4\n>start {\"formatid\":\"gen9randombattle\",\"seed\":[61231,36606,19054,866],\"rated\":\"Rated battle\"}\n>player p1 {\"name\":\"GringoChileno\",\"avatar\":\"juggler\",\"rating\":1184,\"seed\":[28737,16124,29469,33929]}\n>player p2 {\"name\":\"Pattybro\",\"avatar\":\"102\",\"rating\":1229,\"seed\":[53259,55612,17395,48957]}\n>p1 move calmmind\n>p2 move swordsdance\n>p1 move calmmind\n>p2 move swordsdance\n>p1 move psyshock\n>p2 move playrough\n>p1 switch 2\n>p1 move flashcannon\n>p2 move drainpunch\n>p1 switch 4\n>p1 move calmmind terastallize\n>p2 move shadowsneak\n>p1 move thunderbolt\n>p2 move shadowsneak\n>p1 switch 6\n>p1 move nastyplot\n>p2 move drainpunch\n>chat \u2606GringoChileno|welp\n>p1 switch 5\n>p1 move thunderwave\n>p2 move playrough\n>p1 switch 3\n>p1 move earthpower\n>p2 move shadowsneak\n>p1 move earthpower\n>p2 move shadowsneak", "uploadtime": 1733866548, "views": 2, "formatid": "gen9randombattle", "rating": 1162, "private": 0, "password": null}