{"id": "gen9randombattle-2259891197", "format": "[Gen 9] Random Battle", "players": ["JackZack15", "k.h.wiik"], "log": "|j|\u2606JackZack15\n|j|\u2606k.h.wiik\n|t:|1733777003\n|gametype|singles\n|player|p1|JackZack15|lusamine-nihilego|1300\n|player|p2|k.h.wiik|266|1319\n|teamsize|p1|6\n|teamsize|p2|6\n|gen|9\n|tier|[Gen 9] Random Battle\n|rated|\n|rule|Species Clause: Limit one of each Pok\u00e9mon\n|rule|HP Percentage Mod: HP is shown in percentages\n|rule|Sleep Clause Mod: Limit one foe put to sleep\n|rule|Illusion Level Mod: Illusion disguises the Pok\u00e9mon's true level\n|\n|t:|1733777003\n|start\n|switch|p1a: Muk|Muk, L86, F|321/321\n|switch|p2a: Articuno|Articuno, L86|295/295\n|-ability|p2a: Articuno|Pressure\n|turn|1\n|inactive|Battle timer is ON: inactive players will automatically lose when time's up. (requested by JackZack15)\n|\n|t:|1733777026\n|move|p2a: Articuno|Substitute|p2a: Articuno\n|-start|p2a: Articuno|Substitute\n|-damage|p2a: Articuno|222/295\n|move|p1a: Muk|Knock Off|p2a: Articuno\n|-activate|p2a: Articuno|move: Substitute|[damage]\n|\n|upkeep\n|turn|2\n|\n|t:|1733777034\n|move|p2a: Articuno|Freeze-Dry|p1a: Muk\n|-damage|p1a: Muk|275/321\n|move|p1a: Muk|Poison Jab|p2a: Articuno\n|-end|p2a: Articuno|Substitute\n|\n|upkeep\n|turn|3\n|\n|t:|1733777046\n|move|p2a: Articuno|Substitute|p2a: Articuno\n|-start|p2a: Articuno|Substitute\n|-damage|p2a: Articuno|149/295\n|move|p1a: Muk|Poison Jab|p2a: Articuno\n|-end|p2a: Articuno|Substitute\n|\n|upkeep\n|turn|4\n|\n|t:|1733777057\n|move|p2a: Articuno|Brave Bird|p1a: Muk\n|-damage|p1a: Muk|145/321\n|-damage|p2a: Articuno|106/295|[from] Recoil\n|move|p1a: Muk|Poison Jab|p2a: Articuno\n|-damage|p2a: Articuno|28/295\n|-status|p2a: Articuno|psn|[from] ability: Poison Touch|[of] p1a: Muk\n|\n|-damage|p2a: Articuno|0 fnt|[from] psn\n|faint|p2a: Articuno\n|upkeep\n|\n|t:|1733777070\n|switch|p2a: Trevenant|Trevenant, L88, M|293/293\n|turn|5\n|\n|t:|1733777090\n|-terastallize|p1a: Muk|Dark\n|move|p2a: Trevenant|Poltergeist|p1a: Muk\n|-activate|p1a: Muk|move: Poltergeist|Assault Vest\n|-resisted|p1a: Muk\n|-crit|p1a: Muk\n|-damage|p1a: Muk|19/321\n|move|p1a: Muk|Knock Off|p2a: Trevenant\n|-supereffective|p2a: Trevenant\n|-damage|p2a: Trevenant|65/293\n|-enditem|p2a: Trevenant|Sitrus Berry|[from] move: Knock Off|[of] p1a: Muk\n|\n|upkeep\n|turn|6\n|\n|t:|1733777098\n|move|p2a: Trevenant|Drain Punch|p1a: Muk\n|-supereffective|p1a: Muk\n|-damage|p1a: Muk|0 fnt\n|-heal|p2a: Trevenant|75/293|[from] drain|[of] p1a: Muk\n|faint|p1a: Muk\n|\n|upkeep\n|\n|t:|1733777100\n|switch|p1a: Froslass|Froslass, L87, F|263/263\n|turn|7\n|\n|t:|1733777107\n|move|p1a: Froslass|Poltergeist||[still]\n|-fail|p1a: Froslass\n|move|p2a: Trevenant|Poltergeist|p1a: Froslass\n|-activate|p1a: Froslass|move: Poltergeist|Wide Lens\n|-supereffective|p1a: Froslass\n|-damage|p1a: Froslass|0 fnt\n|faint|p1a: Froslass\n|\n|upkeep\n|\n|t:|1733777117\n|switch|p1a: Furret|Furret, L94, M|312/312\n|turn|8\n|\n|t:|1733777143\n|move|p1a: Furret|Knock Off|p2a: Trevenant\n|-supereffective|p2a: Trevenant\n|-damage|p2a: Trevenant|0 fnt\n|faint|p2a: Trevenant\n|\n|upkeep\n|\n|t:|1733777152\n|switch|p2a: Umbreon|Umbreon, L84, F|297/297\n|turn|9\n|\n|t:|1733777158\n|move|p1a: Furret|Knock Off|p2a: Umbreon\n|-resisted|p2a: Umbreon\n|-damage|p2a: Umbreon|254/297\n|-enditem|p2a: Umbreon|Leftovers|[from] move: Knock Off|[of] p1a: Furret\n|move|p2a: Umbreon|Toxic|p1a: Furret\n|-status|p1a: Furret|tox\n|\n|-damage|p1a: Furret|293/312 tox|[from] psn\n|upkeep\n|turn|10\n|\n|t:|1733777164\n|switch|p1a: Alomomola|Alomomola, L87, F|429/429\n|move|p2a: Umbreon|Wish|p2a: Umbreon\n|\n|upkeep\n|turn|11\n|\n|t:|1733777169\n|move|p1a: Alomomola|Protect|p1a: Alomomola\n|-singleturn|p1a: Alomomola|Protect\n|move|p2a: Umbreon|Toxic|p1a: Alomomola\n|-activate|p1a: Alomomola|move: Protect\n|\n|-heal|p2a: Umbreon|297/297|[from] move: Wish|[wisher] Umbreon\n|upkeep\n|turn|12\n|\n|t:|1733777177\n|move|p1a: Alomomola|Flip Turn|p2a: Umbreon\n|-damage|p2a: Umbreon|251/297\n|\n|t:|1733777179\n|switch|p1a: Furret|Furret, L94, M|293/312 tox|[from] Flip Turn\n|move|p2a: Umbreon|Foul Play|p1a: Furret\n|-damage|p1a: Furret|196/312 tox\n|\n|-damage|p1a: Furret|177/312 tox|[from] psn\n|upkeep\n|turn|13\n|\n|t:|1733777187\n|move|p2a: Umbreon|Protect|p2a: Umbreon\n|-singleturn|p2a: Umbreon|Protect\n|move|p1a: Furret|Trick|p2a: Umbreon\n|-activate|p2a: Umbreon|move: Protect\n|\n|-damage|p1a: Furret|139/312 tox|[from] psn\n|upkeep\n|turn|14\n|\n|t:|1733777204\n|switch|p2a: Slaking|Slaking, L84, M|389/389\n|move|p1a: Furret|Trick|p2a: Slaking\n|-activate|p1a: Furret|move: Trick|[of] p2a: Slaking\n|-item|p2a: Slaking|Choice Band|[from] move: Trick\n|-item|p1a: Furret|Choice Band|[from] move: Trick\n|\n|-damage|p1a: Furret|82/312 tox|[from] psn\n|upkeep\n|turn|15\n|\n|t:|1733777216\n|move|p1a: Furret|Double-Edge|p2a: Slaking\n|-damage|p2a: Slaking|215/389\n|-damage|p1a: Furret|25/312 tox|[from] Recoil\n|move|p2a: Slaking|Giga Impact|p1a: Furret\n|-damage|p1a: Furret|0 fnt\n|-mustrecharge|p2a: Slaking\n|faint|p1a: Furret\n|\n|upkeep\n|\n|t:|1733777224\n|switch|p1a: Maushold|Maushold-Four, L76|238/238\n|turn|16\n|\n|t:|1733777229\n|cant|p2a: Slaking|recharge\n|move|p1a: Maushold|Tidy Up|p1a: Maushold\n|-boost|p1a: Maushold|atk|1\n|-boost|p1a: Maushold|spe|1\n|\n|upkeep\n|turn|17\n|\n|t:|1733777234\n|move|p1a: Maushold|Population Bomb|p2a: Slaking\n|-damage|p2a: Slaking|185/389\n|-damage|p2a: Slaking|155/389\n|-damage|p2a: Slaking|127/389\n|-damage|p2a: Slaking|97/389\n|-damage|p2a: Slaking|64/389\n|-damage|p2a: Slaking|33/389\n|-damage|p2a: Slaking|3/389\n|-damage|p2a: Slaking|0 fnt\n|faint|p2a: Slaking\n|-hitcount|p2: Slaking|8\n|\n|upkeep\n|\n|t:|1733777250\n|switch|p2a: Morpeko|Morpeko, L88, M|245/245\n|turn|18\n|\n|t:|1733777267\n|move|p1a: Maushold|Population Bomb|p2a: Morpeko\n|-damage|p2a: Morpeko|200/245\n|-damage|p2a: Morpeko|155/245\n|-damage|p2a: Morpeko|115/245\n|-damage|p2a: Morpeko|70/245\n|-damage|p2a: Morpeko|28/245\n|-crit|p2a: Morpeko\n|-damage|p2a: Morpeko|0 fnt\n|faint|p2a: Morpeko\n|-hitcount|p2: Morpeko|6\n|\n|upkeep\n|\n|t:|1733777281\n|switch|p2a: Umbreon|Umbreon, L84, F|251/297\n|turn|19\n|\n|t:|1733777290\n|move|p1a: Maushold|Tidy Up|p1a: Maushold\n|-boost|p1a: Maushold|atk|1\n|-boost|p1a: Maushold|spe|1\n|move|p2a: Umbreon|Foul Play|p1a: Maushold\n|-damage|p1a: Maushold|52/238\n|\n|upkeep\n|turn|20\n|\n|t:|1733777298\n|move|p1a: Maushold|Population Bomb|p2a: Umbreon\n|-damage|p2a: Umbreon|214/297\n|-damage|p2a: Umbreon|174/297\n|-damage|p2a: Umbreon|138/297\n|-damage|p2a: Umbreon|102/297\n|-damage|p2a: Umbreon|65/297\n|-damage|p2a: Umbreon|29/297\n|-damage|p2a: Umbreon|0 fnt\n|faint|p2a: Umbreon\n|-hitcount|p2: Umbreon|7\n|\n|upkeep\n|\n|t:|1733777301\n|switch|p2a: Slowking|Slowking, L88, F|310/310\n|turn|21\n|\n|t:|1733777309\n|move|p1a: Maushold|Population Bomb|p2a: Slowking\n|-damage|p2a: Slowking|268/310\n|-damage|p2a: Slowking|220/310\n|-damage|p2a: Slowking|177/310\n|-damage|p2a: Slowking|134/310\n|-damage|p2a: Slowking|92/310\n|-damage|p2a: Slowking|50/310\n|-damage|p2a: Slowking|4/310\n|-damage|p2a: Slowking|0 fnt\n|faint|p2a: Slowking\n|-hitcount|p2: Slowking|8\n|\n|win|JackZack15\n|raw|JackZack15's rating: 1300 &rarr; <strong>1326</strong><br />(+26 for winning)\n|raw|k.h.wiik's rating: 1319 &rarr; <strong>1298</strong><br />(-21 for losing)\n|l|\u2606k.h.wiik\n|player|p2|\n", "inputlog": ">version bfd83cad13791eb5a5a409923076391caf6fb4d4\n>start {\"formatid\":\"gen9randombattle\",\"seed\":[63465,45771,53241,29698],\"rated\":\"Rated battle\"}\n>player p1 {\"name\":\"JackZack15\",\"avatar\":\"lusamine-nihilego\",\"rating\":1300,\"seed\":[3685,51499,62070,11156]}\n>player p2 {\"name\":\"k.h.wiik\",\"avatar\":\"266\",\"rating\":1319,\"seed\":[62519,47255,59822,39162]}\n>p1 move knockoff\n>p2 move substitute\n>p1 move poisonjab\n>p2 move freezedry\n>p1 move poisonjab\n>p2 move substitute\n>p1 move poisonjab\n>p2 move bravebird\n>p2 switch 4\n>p1 move knockoff terastallize\n>p2 move poltergeist\n>p1 move knockoff\n>p2 move drainpunch\n>p1 switch 2\n>p1 move poltergeist\n>p2 move poltergeist\n>p1 switch 3\n>p1 move knockoff\n>p2 move drainpunch\n>p2 switch 2\n>p1 move knockoff\n>p2 move toxic\n>p1 switch 6\n>p2 move wish\n>p1 move protect\n>p2 move toxic\n>p1 move flipturn\n>p2 move foulplay\n>p1 switch 6\n>p1 move trick\n>p2 move protect\n>p1 move trick\n>p2 switch 6\n>p1 move doubleedge\n>p2 move gigaimpact\n>p1 switch 4\n>p1 move tidyup\n>p2 move recharge\n>p1 move populationbomb\n>p2 move gigaimpact\n>p2 switch 5\n>p1 move populationbomb\n>p2 move aurawheel\n>p2 switch 6\n>p1 move tidyup\n>p2 move foulplay\n>p1 move populationbomb\n>p2 move foulplay\n>p2 switch 3\n>p1 move populationbomb\n>p2 move scald", "uploadtime": 1733777314, "views": 2, "formatid": "gen9randombattle", "rating": 1298, "private": 0, "password": null}