{"id": "gen9randombattle-2260553479", "format": "[Gen 9] Random Battle", "players": ["bailey harrison", "sacred quill"], "log": "|j|\u2606bailey harrison\n|j|\u2606sacred quill\n|t:|1733862926\n|gametype|singles\n|player|p1|bailey harrison|102|1593\n|player|p2|sacred quill|266|1591\n|teamsize|p1|6\n|teamsize|p2|6\n|gen|9\n|tier|[Gen 9] Random Battle\n|rated|\n|rule|Species Clause: Limit one of each Pok\u00e9mon\n|rule|HP Percentage Mod: HP is shown in percentages\n|rule|Sleep Clause Mod: Limit one foe put to sleep\n|rule|Illusion Level Mod: Illusion disguises the Pok\u00e9mon's true level\n|\n|t:|1733862926\n|start\n|switch|p1a: Eelektross|Eelektross, L87, M|290/290\n|switch|p2a: Metagross|Metagross, L79|256/256\n|turn|1\n|\n|t:|1733862943\n|move|p2a: Metagross|Stealth Rock|p1a: Eelektross\n|-sidestart|p1: bailey harrison|move: Stealth Rock\n|move|p1a: Eelektross|Discharge|p2a: Metagross\n|-damage|p2a: Metagross|151/256\n|\n|-heal|p2a: Metagross|167/256|[from] item: Leftovers\n|upkeep\n|turn|2\n|\n|t:|1733862965\n|switch|p2a: Palossand|Palossand, L89, M|296/296\n|move|p1a: Eelektross|Discharge|p2a: Palossand\n|-immune|p2a: Palossand\n|\n|upkeep\n|turn|3\n|\n|t:|1733862970\n|move|p1a: Eelektross|Giga Drain|p2a: Palossand\n|-supereffective|p2a: Palossand\n|-damage|p2a: Palossand|162/296\n|move|p2a: Palossand|Shadow Ball|p1a: Eelektross\n|-crit|p1a: Eelektross\n|-damage|p1a: Eelektross|190/290\n|\n|-heal|p2a: Palossand|180/296|[from] item: Leftovers\n|upkeep\n|turn|4\n|\n|t:|1733862980\n|move|p1a: Eelektross|Giga Drain|p2a: Palossand\n|-supereffective|p2a: Palossand\n|-damage|p2a: Palossand|58/296\n|-heal|p1a: Eelektross|251/290|[from] drain|[of] p2a: Palossand\n|move|p2a: Palossand|Shadow Ball|p1a: Eelektross\n|-damage|p1a: Eelektross|185/290\n|-unboost|p1a: Eelektross|spd|1\n|\n|-heal|p2a: Palossand|76/296|[from] item: Leftovers\n|upkeep\n|turn|5\n|\n|t:|1733862991\n|-terastallize|p2a: Palossand|Poison\n|move|p1a: Eelektross|Giga Drain|p2a: Palossand\n|-resisted|p2a: Palossand\n|-damage|p2a: Palossand|45/296\n|-heal|p1a: Eelektross|201/290|[from] drain|[of] p2a: Palossand\n|move|p2a: Palossand|Shore Up|p2a: Palossand\n|-heal|p2a: Palossand|193/296\n|\n|-heal|p2a: Palossand|211/296|[from] item: Leftovers\n|upkeep\n|turn|6\n|\n|t:|1733862999\n|move|p1a: Eelektross|U-turn|p2a: Palossand\n|-resisted|p2a: Palossand\n|-damage|p2a: Palossand|186/296\n|\n|t:|1733863021\n|switch|p1a: Roaring Moon|Roaring Moon, L72|270/270|[from] U-turn\n|-damage|p1a: Roaring Moon|237/270|[from] Stealth Rock\n|move|p2a: Palossand|Shadow Ball|p1a: Roaring Moon\n|-resisted|p1a: Roaring Moon\n|-damage|p1a: Roaring Moon|183/270\n|\n|-heal|p2a: Palossand|204/296|[from] item: Leftovers\n|upkeep\n|turn|7\n|\n|t:|1733863048\n|move|p1a: Roaring Moon|Earthquake|p2a: Palossand\n|-supereffective|p2a: Palossand\n|-damage|p2a: Palossand|88/296\n|move|p2a: Palossand|Sludge Bomb|p1a: Roaring Moon\n|-damage|p1a: Roaring Moon|66/270\n|\n|-heal|p2a: Palossand|106/296|[from] item: Leftovers\n|upkeep\n|turn|8\n|c|\u2606bailey harrison|thats a rlly early tera\n|\n|t:|1733863056\n|move|p1a: Roaring Moon|Earthquake|p2a: Palossand\n|-supereffective|p2a: Palossand\n|-damage|p2a: Palossand|0 fnt\n|faint|p2a: Palossand\n|\n|upkeep\n|\n|t:|1733863063\n|switch|p2a: Iron Valiant|Iron Valiant, L78|244/244\n|turn|9\n|\n|t:|1733863070\n|move|p2a: Iron Valiant|Moonblast|p1a: Roaring Moon\n|-supereffective|p1a: Roaring Moon\n|-damage|p1a: Roaring Moon|0 fnt\n|faint|p1a: Roaring Moon\n|-end|p1a: Roaring Moon|Protosynthesis|[silent]\n|-damage|p2a: Iron Valiant|220/244|[from] item: Life Orb\n|\n|upkeep\n|inactive|Battle timer is ON: inactive players will automatically lose when time's up. (requested by sacred quill)\n|\n|t:|1733863104\n|switch|p1a: Eelektross|Eelektross, L87, M|201/290\n|-damage|p1a: Eelektross|165/290|[from] Stealth Rock\n|turn|10\n|\n|t:|1733863111\n|move|p2a: Iron Valiant|Knock Off|p1a: Eelektross\n|-damage|p1a: Eelektross|61/290\n|-enditem|p1a: Eelektross|Assault Vest|[from] move: Knock Off|[of] p2a: Iron Valiant\n|-damage|p2a: Iron Valiant|196/244|[from] item: Life Orb\n|move|p1a: Eelektross|Discharge|p2a: Iron Valiant\n|-damage|p2a: Iron Valiant|52/244\n|\n|upkeep\n|turn|11\n|\n|t:|1733863123\n|move|p2a: Iron Valiant|Moonblast|p1a: Eelektross\n|-damage|p1a: Eelektross|0 fnt\n|faint|p1a: Eelektross\n|-damage|p2a: Iron Valiant|28/244|[from] item: Life Orb\n|\n|upkeep\n|inactive|bailey harrison has 120 seconds left.\n|\n|t:|1733863154\n|switch|p1a: Leafeon|Leafeon, L88, F|258/258\n|-damage|p1a: Leafeon|226/258|[from] Stealth Rock\n|turn|12\n|inactive|bailey harrison has 120 seconds left.\n|\n|t:|1733863165\n|move|p2a: Iron Valiant|Knock Off|p1a: Leafeon\n|-damage|p1a: Leafeon|153/258\n|-enditem|p1a: Leafeon|Leftovers|[from] move: Knock Off|[of] p2a: Iron Valiant\n|-damage|p2a: Iron Valiant|4/244|[from] item: Life Orb\n|move|p1a: Leafeon|Leaf Blade|p2a: Iron Valiant\n|-damage|p2a: Iron Valiant|0 fnt\n|faint|p2a: Iron Valiant\n|-end|p2a: Iron Valiant|Quark Drive|[silent]\n|\n|upkeep\n|\n|t:|1733863181\n|switch|p2a: Metagross|Metagross, L79|167/256\n|turn|13\n|inactive|bailey harrison has 120 seconds left.\n|inactive|bailey harrison has 90 seconds left.\n|\n|t:|1733863244\n|move|p1a: Leafeon|Substitute|p1a: Leafeon\n|-start|p1a: Leafeon|Substitute\n|-damage|p1a: Leafeon|89/258\n|move|p2a: Metagross|Heavy Slam|p1a: Leafeon\n|-end|p1a: Leafeon|Substitute\n|\n|-heal|p2a: Metagross|183/256|[from] item: Leftovers\n|upkeep\n|turn|14\n|\n|t:|1733863254\n|switch|p1a: Gengar|Gengar, L81, M|230/230\n|-damage|p1a: Gengar|202/230|[from] Stealth Rock\n|move|p2a: Metagross|Heavy Slam|p1a: Gengar\n|-damage|p1a: Gengar|18/230\n|-start|p2a: Metagross|Disable|Heavy Slam|[from] ability: Cursed Body|[of] p1a: Gengar\n|\n|-heal|p2a: Metagross|199/256|[from] item: Leftovers\n|upkeep\n|turn|15\n|\n|t:|1733863261\n|move|p2a: Metagross|Bullet Punch|p1a: Gengar\n|-damage|p1a: Gengar|0 fnt\n|faint|p1a: Gengar\n|\n|-heal|p2a: Metagross|215/256|[from] item: Leftovers\n|upkeep\n|\n|t:|1733863270\n|switch|p1a: Hoopa|Hoopa, L85|275/275\n|-damage|p1a: Hoopa|241/275|[from] Stealth Rock\n|turn|16\n|\n|t:|1733863277\n|move|p1a: Hoopa|Shadow Ball|p2a: Metagross\n|-supereffective|p2a: Metagross\n|-damage|p2a: Metagross|0 fnt\n|faint|p2a: Metagross\n|-damage|p1a: Hoopa|214/275|[from] item: Life Orb\n|\n|upkeep\n|\n|t:|1733863290\n|switch|p2a: Haxorus|Haxorus, L77, M|244/244\n|-ability|p2a: Haxorus|Mold Breaker\n|turn|17\n|inactive|bailey harrison has 90 seconds left.\n|\n|t:|1733863308\n|move|p2a: Haxorus|Dragon Dance|p2a: Haxorus\n|-boost|p2a: Haxorus|atk|1\n|-boost|p2a: Haxorus|spe|1\n|move|p1a: Hoopa|Psychic|p2a: Haxorus\n|-damage|p2a: Haxorus|28/244\n|-damage|p1a: Hoopa|187/275|[from] item: Life Orb\n|\n|upkeep\n|turn|18\n|inactive|bailey harrison has 90 seconds left.\n|\n|t:|1733863319\n|move|p2a: Haxorus|Outrage|p1a: Hoopa\n|-damage|p1a: Hoopa|0 fnt\n|faint|p1a: Hoopa\n|\n|upkeep\n|\n|t:|1733863324\n|switch|p1a: Altaria|Altaria, L88, F|275/275\n|turn|19\n|inactive|bailey harrison has 90 seconds left.\n|\n|t:|1733863340\n|-terastallize|p1a: Altaria|Steel\n|move|p2a: Haxorus|Outrage|p1a: Altaria|[from]lockedmove\n|-resisted|p1a: Altaria\n|-damage|p1a: Altaria|173/275\n|-start|p2a: Haxorus|confusion|[fatigue]\n|-enditem|p2a: Haxorus|Lum Berry|[eat]\n|-end|p2a: Haxorus|confusion\n|move|p1a: Altaria|Brave Bird|p2a: Haxorus\n|-damage|p2a: Haxorus|0 fnt\n|faint|p2a: Haxorus\n|-damage|p1a: Altaria|164/275|[from] Recoil\n|\n|upkeep\n|\n|t:|1733863347\n|switch|p2a: Drednaw|Drednaw, L81, F|278/278\n|turn|20\n|inactive|bailey harrison has 90 seconds left.\n|\n|t:|1733863365\n|move|p1a: Altaria|Roost|p1a: Altaria\n|-heal|p1a: Altaria|275/275\n|move|p2a: Drednaw|Shell Smash|p2a: Drednaw\n|-unboost|p2a: Drednaw|def|1\n|-unboost|p2a: Drednaw|spd|1\n|-boost|p2a: Drednaw|atk|2\n|-boost|p2a: Drednaw|spa|2\n|-boost|p2a: Drednaw|spe|2\n|-enditem|p2a: Drednaw|White Herb\n|-clearnegativeboost|p2a: Drednaw|[silent]\n|\n|upkeep\n|turn|21\n|\n|t:|1733863369\n|move|p2a: Drednaw|Earthquake|p1a: Altaria\n|-supereffective|p1a: Altaria\n|-damage|p1a: Altaria|0 fnt\n|faint|p1a: Altaria\n|\n|upkeep\n|-message|bailey harrison forfeited.\n|\n|win|sacred quill\n|raw|bailey harrison's rating: 1593 &rarr; <strong>1573</strong><br />(-20 for losing)\n|raw|sacred quill's rating: 1591 &rarr; <strong>1611</strong><br />(+20 for winning)\n|l|\u2606bailey harrison\n|player|p1|\n", "inputlog": ">version bfd83cad13791eb5a5a409923076391caf6fb4d4\n>start {\"formatid\":\"gen9randombattle\",\"seed\":[12108,20210,58597,23323],\"rated\":\"Rated battle\"}\n>player p1 {\"name\":\"bailey harrison\",\"avatar\":\"102\",\"rating\":1593,\"seed\":[59043,35386,5225,3039]}\n>player p2 {\"name\":\"sacred quill\",\"avatar\":\"266\",\"rating\":1591,\"seed\":[19844,47251,61160,12952]}\n>p1 move discharge\n>p2 move stealthrock\n>p1 move discharge\n>p2 switch 6\n>p1 move gigadrain\n>p2 move shadowball\n>p1 move gigadrain\n>p2 move shadowball\n>p1 move gigadrain\n>p2 move shoreup terastallize\n>p1 move uturn\n>p2 move shadowball\n>p1 switch 2\n>p1 move earthquake\n>p2 move sludgebomb\n>chat \u2606bailey harrison|thats a rlly early tera\n>p1 move earthquake\n>p2 move shoreup\n>p2 switch 5\n>p1 move earthquake\n>p2 move moonblast\n>p1 switch 2\n>p1 move discharge\n>p2 move knockoff\n>p1 move discharge\n>p2 move moonblast\n>p1 switch 4\n>p1 move leafblade\n>p2 move knockoff\n>p2 switch 6\n>p1 move substitute\n>p2 move heavyslam\n>p1 switch 3\n>p2 move heavyslam\n>p1 move shadowball\n>p2 move bulletpunch\n>p1 switch 6\n>p1 move shadowball\n>p2 move earthquake\n>p2 switch 4\n>p1 move psychic\n>p2 move dragondance\n>p1 move psychic\n>p2 move outrage\n>p1 switch 5\n>p1 move bravebird terastallize\n>p2 move outrage\n>p2 switch 2\n>p1 move roost\n>p2 move shellsmash\n>p1 move haze\n>p2 move earthquake\n>forcelose p1", "uploadtime": 1733863378, "views": 1, "formatid": "gen9randombattle", "rating": 1573, "private": 0, "password": null}