{"id": "gen9randombattle-2260832292", "format": "[Gen 9] Random Battle", "players": ["Suster", "Goukesh D_017"], "log": "|j|\u2606Suster\n|j|\u2606Goukesh D_017\n|t:|1733900370\n|gametype|singles\n|player|p1|Suster|rancher|1352\n|player|p2|Goukesh D_017|gardenia|1337\n|teamsize|p1|6\n|teamsize|p2|6\n|gen|9\n|tier|[Gen 9] Random Battle\n|rated|\n|rule|Species Clause: Limit one of each Pok\u00e9mon\n|rule|HP Percentage Mod: HP is shown in percentages\n|rule|Sleep Clause Mod: Limit one foe put to sleep\n|rule|Illusion Level Mod: Illusion disguises the Pok\u00e9mon's true level\n|\n|t:|1733900370\n|start\n|switch|p1a: Okidogi|Okidogi, L77, M|262/262\n|switch|p2a: Eternatus|Eternatus, L69|308/308\n|-ability|p2a: Eternatus|Pressure\n|turn|1\n|inactive|Battle timer is ON: inactive players will automatically lose when time's up. (requested by Goukesh D_017)\n|\n|t:|1733900384\n|move|p2a: Eternatus|Dynamax Cannon|p1a: Okidogi\n|-damage|p1a: Okidogi|160/262\n|move|p1a: Okidogi|Bulk Up|p1a: Okidogi\n|-boost|p1a: Okidogi|atk|1\n|-boost|p1a: Okidogi|def|1\n|\n|-heal|p1a: Okidogi|176/262|[from] item: Leftovers\n|upkeep\n|turn|2\n|\n|t:|1733900396\n|move|p2a: Eternatus|Dynamax Cannon|p1a: Okidogi\n|-damage|p1a: Okidogi|62/262\n|move|p1a: Okidogi|Knock Off|p2a: Eternatus\n|-damage|p2a: Eternatus|183/308\n|-enditem|p2a: Eternatus|Leftovers|[from] move: Knock Off|[of] p1a: Okidogi\n|\n|-heal|p1a: Okidogi|78/262|[from] item: Leftovers\n|upkeep\n|turn|3\n|\n|t:|1733900403\n|move|p2a: Eternatus|Dynamax Cannon|p1a: Okidogi\n|-damage|p1a: Okidogi|0 fnt\n|faint|p1a: Okidogi\n|\n|upkeep\n|\n|t:|1733900415\n|switch|p1a: Dusknoir|Dusknoir, L89, M|225/225\n|turn|4\n|\n|t:|1733900438\n|switch|p2a: Grafaiai|Grafaiai, L86, M|249/249\n|move|p1a: Dusknoir|Poltergeist|p2a: Grafaiai\n|-immune|p2a: Grafaiai\n|\n|upkeep\n|turn|5\n|\n|t:|1733900449\n|move|p2a: Grafaiai|Encore|p1a: Dusknoir\n|-start|p1a: Dusknoir|Encore\n|move|p1a: Dusknoir|Poltergeist|p2a: Grafaiai\n|-immune|p2a: Grafaiai\n|\n|upkeep\n|turn|6\n|\n|t:|1733900456\n|switch|p1a: Mudsdale|Mudsdale, L84, F|305/305\n|move|p2a: Grafaiai|Knock Off|p1a: Mudsdale\n|-damage|p1a: Mudsdale|240/305\n|-ability|p1a: Mudsdale|Stamina|boost\n|-boost|p1a: Mudsdale|def|1\n|-enditem|p1a: Mudsdale|Leftovers|[from] move: Knock Off|[of] p2a: Grafaiai\n|\n|upkeep\n|turn|7\n|\n|t:|1733900464\n|switch|p2a: Hydrapple|Hydrapple, L83, F|312/312\n|move|p1a: Mudsdale|Earthquake|p2a: Hydrapple\n|-resisted|p2a: Hydrapple\n|-damage|p2a: Hydrapple|255/312\n|\n|-heal|p2a: Hydrapple|274/312|[from] item: Leftovers\n|upkeep\n|turn|8\n|\n|t:|1733900480\n|switch|p1a: Scyther|Scyther, L82, F|249/249\n|move|p2a: Hydrapple|Nasty Plot|p2a: Hydrapple\n|-boost|p2a: Hydrapple|spa|2\n|\n|-heal|p2a: Hydrapple|293/312|[from] item: Leftovers\n|upkeep\n|turn|9\n|\n|t:|1733900496\n|switch|p2a: Scream Tail|Scream Tail, L84|330/330\n|move|p1a: Scyther|Dual Wingbeat|p2a: Scream Tail\n|-damage|p2a: Scream Tail|269/330\n|-damage|p2a: Scream Tail|206/330\n|-hitcount|p2a: Scream Tail|2\n|\n|-heal|p2a: Scream Tail|226/330|[from] item: Leftovers\n|upkeep\n|turn|10\n|\n|t:|1733900504\n|move|p2a: Scream Tail|Play Rough|p1a: Scyther\n|-damage|p1a: Scyther|165/249\n|move|p1a: Scyther|U-turn|p2a: Scream Tail\n|-damage|p2a: Scream Tail|150/330\n|\n|t:|1733900511\n|switch|p1a: Mudsdale|Mudsdale, L84, F|240/305|[from] U-turn\n|\n|-heal|p2a: Scream Tail|170/330|[from] item: Leftovers\n|upkeep\n|turn|11\n|\n|t:|1733900526\n|move|p2a: Scream Tail|Protect|p2a: Scream Tail\n|-singleturn|p2a: Scream Tail|Protect\n|move|p1a: Mudsdale|Heavy Slam|p2a: Scream Tail\n|-activate|p2a: Scream Tail|move: Protect\n|\n|-heal|p2a: Scream Tail|190/330|[from] item: Leftovers\n|upkeep\n|turn|12\n|inactive|Goukesh D_017 has 120 seconds left.\n|\n|t:|1733900558\n|move|p2a: Scream Tail|Protect||[still]\n|-fail|p2a: Scream Tail\n|move|p1a: Mudsdale|Heavy Slam|p2a: Scream Tail\n|-supereffective|p2a: Scream Tail\n|-damage|p2a: Scream Tail|6/330\n|\n|-heal|p2a: Scream Tail|26/330|[from] item: Leftovers\n|upkeep\n|turn|13\n|inactive|Goukesh D_017 has 120 seconds left.\n|\n|t:|1733900568\n|-end|p2a: Scream Tail|Protosynthesis|[silent]\n|switch|p2a: Hydrapple|Hydrapple, L83, F|312/312\n|move|p1a: Mudsdale|Earthquake|p2a: Hydrapple\n|-resisted|p2a: Hydrapple\n|-damage|p2a: Hydrapple|258/312\n|\n|-heal|p2a: Hydrapple|277/312|[from] item: Leftovers\n|upkeep\n|turn|14\n|\n|t:|1733900575\n|move|p2a: Hydrapple|Nasty Plot|p2a: Hydrapple\n|-boost|p2a: Hydrapple|spa|2\n|move|p1a: Mudsdale|Roar|p2a: Hydrapple\n|drag|p2a: Scream Tail|Scream Tail, L84|26/330\n|\n|-heal|p2a: Scream Tail|46/330|[from] item: Leftovers\n|upkeep\n|turn|15\n|\n|t:|1733900579\n|move|p2a: Scream Tail|Wish|p2a: Scream Tail\n|move|p1a: Mudsdale|Heavy Slam|p2a: Scream Tail\n|-supereffective|p2a: Scream Tail\n|-damage|p2a: Scream Tail|0 fnt\n|faint|p2a: Scream Tail\n|-end|p2a: Scream Tail|Protosynthesis|[silent]\n|\n|upkeep\n|inactive|Goukesh D_017 has 120 seconds left.\n|\n|t:|1733900620\n|switch|p2a: Hydrapple|Hydrapple, L83, F|312/312\n|turn|16\n|\n|t:|1733900643\n|move|p2a: Hydrapple|Fickle Beam|p1a: Mudsdale|[anim] Fickle Beam All Out\n|-activate|p2a: Hydrapple|move: Fickle Beam\n|-damage|p1a: Mudsdale|54/305\n|-ability|p1a: Mudsdale|Stamina|boost\n|-boost|p1a: Mudsdale|def|1\n|move|p1a: Mudsdale|Roar|p2a: Hydrapple\n|drag|p2a: Hitmontop|Hitmontop, L88, M|231/231\n|-ability|p2a: Hitmontop|Intimidate|boost\n|-unboost|p1a: Mudsdale|atk|1\n|\n|upkeep\n|turn|17\n|\n|t:|1733900652\n|move|p2a: Hitmontop|Close Combat|p1a: Mudsdale\n|-damage|p1a: Mudsdale|0 fnt\n|-unboost|p2a: Hitmontop|def|1\n|-unboost|p2a: Hitmontop|spd|1\n|faint|p1a: Mudsdale\n|\n|upkeep\n|\n|t:|1733900655\n|switch|p1a: Scyther|Scyther, L82, F|165/249\n|turn|18\n|inactive|Goukesh D_017 has 120 seconds left.\n|\n|t:|1733900680\n|switch|p2a: Eternatus|Eternatus, L69|183/308\n|-ability|p2a: Eternatus|Pressure\n|move|p1a: Scyther|Dual Wingbeat|p2a: Eternatus\n|-damage|p2a: Eternatus|102/308\n|-damage|p2a: Eternatus|26/308\n|-hitcount|p2a: Eternatus|2\n|\n|upkeep\n|turn|19\n|\n|t:|1733900699\n|move|p2a: Eternatus|Fire Blast|p1a: Scyther|[miss]\n|-miss|p2a: Eternatus|p1a: Scyther\n|move|p1a: Scyther|Dual Wingbeat|p2a: Eternatus\n|-damage|p2a: Eternatus|0 fnt\n|faint|p2a: Eternatus\n|-hitcount|p2: Eternatus|1\n|\n|upkeep\n|inactive|Goukesh D_017 has 90 seconds left.\n|\n|t:|1733900721\n|switch|p2a: Hitmontop|Hitmontop, L88, M|231/231\n|-ability|p2a: Hitmontop|Intimidate|boost\n|-unboost|p1a: Scyther|atk|1\n|turn|20\n|inactive|Goukesh D_017 has 90 seconds left.\n|\n|t:|1733900737\n|switch|p1a: Dusknoir|Dusknoir, L89, M|225/225\n|-item|p2a: Hitmontop|Assault Vest|[from] ability: Frisk|[of] p1a: Dusknoir\n|-terastallize|p2a: Hitmontop|Steel\n|move|p2a: Hitmontop|Stone Edge|p1a: Dusknoir\n|-damage|p1a: Dusknoir|170/225\n|\n|-heal|p1a: Dusknoir|184/225|[from] item: Leftovers\n|upkeep\n|turn|21\n|inactive|Goukesh D_017 has 90 seconds left.\n|\n|t:|1733900757\n|switch|p2a: Hydrapple|Hydrapple, L83, F|312/312\n|-singleturn|p1a: Dusknoir|move: Focus Punch\n|move|p1a: Dusknoir|Focus Punch|p2a: Hydrapple\n|-damage|p2a: Hydrapple|216/312\n|\n|-heal|p1a: Dusknoir|198/225|[from] item: Leftovers\n|-heal|p2a: Hydrapple|235/312|[from] item: Leftovers\n|upkeep\n|turn|22\n|\n|t:|1733900769\n|move|p1a: Dusknoir|Poltergeist|p2a: Hydrapple\n|-activate|p2a: Hydrapple|move: Poltergeist|Leftovers\n|-crit|p2a: Hydrapple\n|-damage|p2a: Hydrapple|52/312\n|move|p2a: Hydrapple|Fickle Beam|p1a: Dusknoir\n|-damage|p1a: Dusknoir|126/225\n|\n|-heal|p1a: Dusknoir|140/225|[from] item: Leftovers\n|-heal|p2a: Hydrapple|71/312|[from] item: Leftovers\n|upkeep\n|turn|23\n|\n|t:|1733900779\n|move|p1a: Dusknoir|Poltergeist|p2a: Hydrapple|[miss]\n|-miss|p1a: Dusknoir|p2a: Hydrapple\n|move|p2a: Hydrapple|Recover|p2a: Hydrapple\n|-heal|p2a: Hydrapple|227/312\n|\n|-heal|p1a: Dusknoir|154/225|[from] item: Leftovers\n|-heal|p2a: Hydrapple|246/312|[from] item: Leftovers\n|upkeep\n|turn|24\n|inactive|Goukesh D_017 has 90 seconds left.\n|\n|t:|1733900802\n|switch|p2a: Grafaiai|Grafaiai, L86, M|249/249\n|move|p1a: Dusknoir|Substitute|p1a: Dusknoir\n|-start|p1a: Dusknoir|Substitute\n|-damage|p1a: Dusknoir|98/225\n|\n|-heal|p1a: Dusknoir|112/225|[from] item: Leftovers\n|upkeep\n|turn|25\n|\n|t:|1733900813\n|-singleturn|p1a: Dusknoir|move: Focus Punch\n|move|p2a: Grafaiai|Encore|p1a: Dusknoir\n|-start|p1a: Dusknoir|Encore\n|move|p1a: Dusknoir|Substitute|p1a: Dusknoir\n|-fail|p1a: Dusknoir|move: Substitute\n|\n|-heal|p1a: Dusknoir|126/225|[from] item: Leftovers\n|upkeep\n|turn|26\n|\n|t:|1733900832\n|switch|p1a: Scyther|Scyther, L82, F|165/249\n|move|p2a: Grafaiai|Knock Off|p1a: Scyther\n|-crit|p1a: Scyther\n|-damage|p1a: Scyther|46/249\n|-enditem|p1a: Scyther|Heavy-Duty Boots|[from] move: Knock Off|[of] p2a: Grafaiai\n|\n|upkeep\n|turn|27\n|inactive|Goukesh D_017 has 90 seconds left.\n|\n|t:|1733900841\n|move|p2a: Grafaiai|Gunk Shot|p1a: Scyther\n|-damage|p1a: Scyther|0 fnt\n|faint|p1a: Scyther\n|\n|upkeep\n|\n|t:|1733900851\n|switch|p1a: Scovillain|Scovillain, L91, F|266/266\n|turn|28\n|\n|t:|1733900863\n|move|p1a: Scovillain|Flamethrower|p2a: Grafaiai\n|-damage|p2a: Grafaiai|116/249\n|move|p2a: Grafaiai|Gunk Shot|p1a: Scovillain|[miss]\n|-miss|p2a: Grafaiai|p1a: Scovillain\n|\n|upkeep\n|turn|29\n|\n|t:|1733900877\n|switch|p2a: Braviary|Braviary, L85, M|309/309\n|move|p1a: Scovillain|Flamethrower|p2a: Braviary\n|-damage|p2a: Braviary|164/309\n|\n|upkeep\n|turn|30\n|\n|t:|1733900889\n|switch|p1a: Miraidon|Miraidon, L65|238/238\n|-fieldstart|move: Electric Terrain|[from] ability: Hadron Engine|[of] p1a: Miraidon\n|move|p2a: Braviary|Roost|p2a: Braviary\n|-heal|p2a: Braviary|309/309\n|-singleturn|p2a: Braviary|move: Roost\n|\n|upkeep\n|turn|31\n|inactive|Goukesh D_017 has 90 seconds left.\n|\n|t:|1733900912\n|switch|p2a: Hydrapple|Hydrapple, L83, F|312/312\n|move|p1a: Miraidon|Electro Drift|p2a: Hydrapple\n|-resisted|p2a: Hydrapple\n|-damage|p2a: Hydrapple|255/312\n|\n|-heal|p2a: Hydrapple|274/312|[from] item: Leftovers\n|upkeep\n|turn|32\n|inactive|Goukesh D_017 has 90 seconds left.\n|\n|t:|1733900919\n|switch|p1a: Dusknoir|Dusknoir, L89, M|126/225\n|-item|p2a: Hydrapple|Leftovers|[from] ability: Frisk|[of] p1a: Dusknoir\n|move|p2a: Hydrapple|Earth Power|p1a: Dusknoir\n|-damage|p1a: Dusknoir|76/225\n|\n|-heal|p1a: Dusknoir|90/225|[from] item: Leftovers\n|-heal|p2a: Hydrapple|293/312|[from] item: Leftovers\n|upkeep\n|turn|33\n|inactive|Goukesh D_017 has 90 seconds left.\n|\n|t:|1733900930\n|switch|p2a: Grafaiai|Grafaiai, L86, M|116/249\n|move|p1a: Dusknoir|Pain Split|p2a: Grafaiai\n|-sethp|p2a: Grafaiai|103/249|[from] move: Pain Split|[silent]\n|-sethp|p1a: Dusknoir|103/225|[from] move: Pain Split\n|\n|-heal|p1a: Dusknoir|117/225|[from] item: Leftovers\n|upkeep\n|turn|34\n|\n|t:|1733900936\n|switch|p1a: Scovillain|Scovillain, L91, F|266/266\n|move|p2a: Grafaiai|Gunk Shot|p1a: Scovillain\n|-supereffective|p1a: Scovillain\n|-damage|p1a: Scovillain|0 fnt\n|faint|p1a: Scovillain\n|\n|-fieldend|move: Electric Terrain\n|upkeep\n|\n|t:|1733900942\n|switch|p1a: Miraidon|Miraidon, L65|238/238\n|-fieldstart|move: Electric Terrain|[from] ability: Hadron Engine|[of] p1a: Miraidon\n|turn|35\n|\n|t:|1733900951\n|move|p2a: Grafaiai|Gunk Shot|p1a: Miraidon\n|-damage|p1a: Miraidon|79/238\n|move|p1a: Miraidon|Draco Meteor|p2a: Grafaiai\n|-damage|p2a: Grafaiai|0 fnt\n|-unboost|p1a: Miraidon|spa|2\n|faint|p2a: Grafaiai\n|\n|upkeep\n|-message|Suster forfeited.\n|\n|win|Goukesh D_017\n|raw|Suster's rating: 1352 &rarr; <strong>1331</strong><br />(-21 for losing)\n|raw|Goukesh D_017's rating: 1337 &rarr; <strong>1358</strong><br />(+21 for winning)\n|l|\u2606Suster\n|player|p1|\n", "inputlog": ">version bfd83cad13791eb5a5a409923076391caf6fb4d4\n>start {\"formatid\":\"gen9randombattle\",\"seed\":[12053,27954,16922,37929],\"rated\":\"Rated battle\"}\n>player p1 {\"name\":\"Suster\",\"avatar\":\"rancher\",\"rating\":1352,\"seed\":[57964,29535,60404,41293]}\n>player p2 {\"name\":\"Goukesh D_017\",\"avatar\":\"gardenia\",\"rating\":1337,\"seed\":[47707,12917,62671,39842]}\n>p1 move bulkup\n>p2 move dynamaxcannon\n>p1 move knockoff\n>p2 move dynamaxcannon\n>p1 move knockoff\n>p2 move dynamaxcannon\n>p1 switch 6\n>p1 move poltergeist\n>p2 switch 3\n>p1 move substitute\n>p2 move encore\n>p1 switch 2\n>p2 move knockoff\n>p1 move earthquake\n>p2 switch 2\n>p1 switch 4\n>p2 move nastyplot\n>p1 move dualwingbeat\n>p2 switch 6\n>p1 move uturn\n>p2 move playrough\n>p1 switch 4\n>p1 move heavyslam\n>p2 move protect\n>p1 move heavyslam\n>p2 move protect\n>p1 move earthquake\n>p2 switch 6\n>p1 move roar\n>p2 move nastyplot\n>p1 move heavyslam\n>p2 move wish\n>p2 switch 6\n>p1 move roar\n>p2 move ficklebeam\n>p1 move earthquake\n>p2 move closecombat\n>p1 switch 4\n>p1 move dualwingbeat\n>p2 switch 3\n>p1 move dualwingbeat\n>p2 move fireblast\n>p2 switch 3\n>p1 switch 2\n>p2 move stoneedge terastallize\n>p1 move focuspunch\n>p2 switch 5\n>p1 move poltergeist\n>p2 move ficklebeam\n>p1 move poltergeist\n>p2 move recover\n>p1 move substitute\n>p2 switch 2\n>p1 move focuspunch\n>p2 move encore\n>p1 switch 2\n>p2 move knockoff\n>p1 move dualwingbeat\n>p2 move gunkshot\n>p1 switch 5\n>p1 move flamethrower\n>p2 move gunkshot\n>p1 move flamethrower\n>p2 switch 4\n>p1 switch 3\n>p2 move roost\n>p1 move electrodrift\n>p2 switch 2\n>p1 switch 2\n>p2 move earthpower\n>p1 move painsplit\n>p2 switch 4\n>p1 switch 3\n>p2 move gunkshot\n>p1 switch 2\n>p1 move dracometeor\n>p2 move gunkshot\n>forcelose p1", "uploadtime": 1733900959, "views": 1, "formatid": "gen9randombattle", "rating": 1331, "private": 0, "password": null}