{"id": "gen9randombattle-2173893103", "format": "[Gen 9] Random Battle", "players": ["Delta 2777", "cacahue"], "log": "|badge|p1|silver|gen9randombattle|30-2\n|uhtml|medal-msg|<div class=\"broadcast-blue\">Curious what those medals under the avatar are? PS now has Ladder Seasons! For more information, check out the <a href=\"https://www.smogon.com/forums/threads/3740067/\">thread on Smogon.</a></div>\n|badge|p2|silver|gen9randombattle|30-2\n|uhtml|medal-msg|<div class=\"broadcast-blue\">Curious what those medals under the avatar are? PS now has Ladder Seasons! For more information, check out the <a href=\"https://www.smogon.com/forums/threads/3740067/\">thread on Smogon.</a></div>\n|j|\u2606Delta 2777\n|j|\u2606cacahue\n|t:|1722861155\n|gametype|singles\n|player|p1|Delta 2777|169|2485\n|player|p2|cacahue|101|2424\n|teamsize|p1|6\n|teamsize|p2|6\n|gen|9\n|tier|[Gen 9] Random Battle\n|rated|\n|rule|Species Clause: Limit one of each Pok\u00e9mon\n|rule|HP Percentage Mod: HP is shown in percentages\n|rule|Sleep Clause Mod: Limit one foe put to sleep\n|rule|Illusion Level Mod: Illusion disguises the Pok\u00e9mon's true level\n|\n|t:|1722861155\n|start\n|switch|p1a: Ludicolo|Ludicolo, L90, F|290/290\n|switch|p2a: Poliwrath|Poliwrath, L88, M|302/302\n|turn|1\n|inactive|Battle timer is ON: inactive players will automatically lose when time's up. (requested by Delta 2777)\n|\n|t:|1722861171\n|switch|p2a: Muk|Muk, L86, F|321/321\n|move|p1a: Ludicolo|Giga Drain|p2a: Muk\n|-resisted|p2a: Muk\n|-damage|p2a: Muk|269/321\n|-damage|p1a: Ludicolo|261/290|[from] item: Life Orb\n|\n|upkeep\n|turn|2\n|j| porschepoet\n|\n|t:|1722861181\n|switch|p1a: Corviknight|Corviknight, L80, F|288/288\n|move|p2a: Muk|Knock Off|p1a: Corviknight\n|-damage|p1a: Corviknight|176/288\n|-enditem|p1a: Corviknight|Leftovers|[from] move: Knock Off|[of] p2a: Muk\n|\n|upkeep\n|turn|3\n|inactive|cacahue has 120 seconds left.\n|\n|t:|1722861219\n|switch|p2a: Koraidon|Koraidon, L64|235/235\n|-weather|SunnyDay|[from] ability: Orichalcum Pulse|[of] p2a: Koraidon\n|-activate|p2a: Koraidon|Orichalcum Pulse|[source]\n|move|p1a: Corviknight|Roost|p1a: Corviknight\n|-heal|p1a: Corviknight|288/288\n|-singleturn|p1a: Corviknight|move: Roost\n|\n|-weather|SunnyDay|[upkeep]\n|upkeep\n|turn|4\n|\n|t:|1722861232\n|switch|p1a: Dewgong|Dewgong, L94, M|322/322\n|move|p2a: Koraidon|Swords Dance|p2a: Koraidon\n|-boost|p2a: Koraidon|atk|2\n|\n|-weather|SunnyDay|[upkeep]\n|upkeep\n|turn|5\n|\n|t:|1722861244\n|-terastallize|p2a: Koraidon|Fire\n|-terastallize|p1a: Dewgong|Ground\n|move|p2a: Koraidon|Scale Shot|p1a: Dewgong\n|-damage|p1a: Dewgong|268/322\n|-damage|p1a: Dewgong|213/322\n|-damage|p1a: Dewgong|161/322\n|-damage|p1a: Dewgong|107/322\n|-hitcount|p1a: Dewgong|4\n|-unboost|p2a: Koraidon|def|1\n|-boost|p2a: Koraidon|spe|1\n|move|p1a: Dewgong|Triple Axel|p2a: Koraidon\n|-resisted|p2a: Koraidon\n|-damage|p2a: Koraidon|220/235\n|-resisted|p2a: Koraidon\n|-damage|p2a: Koraidon|189/235\n|-resisted|p2a: Koraidon\n|-damage|p2a: Koraidon|137/235\n|-hitcount|p2a: Koraidon|3\n|\n|-weather|SunnyDay|[upkeep]\n|upkeep\n|turn|6\n|\n|t:|1722861255\n|move|p2a: Koraidon|Collision Course|p1a: Dewgong\n|-damage|p1a: Dewgong|0 fnt\n|faint|p1a: Dewgong\n|\n|-weather|SunnyDay|[upkeep]\n|upkeep\n|inactive|Delta 2777 has 120 seconds left.\n|\n|t:|1722861293\n|switch|p1a: Ludicolo|Ludicolo, L90, F|261/290\n|turn|7\n|j| TiltAccount2\n|\n|t:|1722861297\n|move|p2a: Koraidon|Scale Shot|p1a: Ludicolo\n|-damage|p1a: Ludicolo|201/290\n|-damage|p1a: Ludicolo|141/290\n|-damage|p1a: Ludicolo|86/290\n|-damage|p1a: Ludicolo|23/290\n|-hitcount|p1a: Ludicolo|4\n|-unboost|p2a: Koraidon|def|1\n|-boost|p2a: Koraidon|spe|1\n|move|p1a: Ludicolo|Hydro Pump|p2a: Koraidon\n|-supereffective|p2a: Koraidon\n|-damage|p2a: Koraidon|0 fnt\n|faint|p2a: Koraidon\n|-damage|p1a: Ludicolo|0 fnt|[from] item: Life Orb\n|faint|p1a: Ludicolo\n|\n|-weather|none\n|upkeep\n|inactive|Delta 2777 has 120 seconds left.\n|\n|t:|1722861318\n|switch|p2a: Noivern|Noivern, L82, F|274/274\n|switch|p1a: Shiftry|Shiftry, L89, M|305/305\n|turn|8\n|\n|t:|1722861327\n|switch|p1a: Ursaring|Ursaring, L84, F|288/288\n|move|p2a: Noivern|Flamethrower|p1a: Ursaring\n|-damage|p1a: Ursaring|220/288\n|\n|upkeep\n|turn|9\n|\n|t:|1722861331\n|switch|p2a: Tinkaton|Tinkaton, L82, F|274/274\n|-ability|p2a: Tinkaton|Mold Breaker\n|move|p1a: Ursaring|Body Slam|p2a: Tinkaton\n|-resisted|p2a: Tinkaton\n|-damage|p2a: Tinkaton|206/274\n|\n|upkeep\n|turn|10\n|\n|t:|1722861335\n|switch|p1a: Corviknight|Corviknight, L80, F|288/288\n|move|p2a: Tinkaton|Swords Dance|p2a: Tinkaton\n|-boost|p2a: Tinkaton|atk|2\n|\n|upkeep\n|turn|11\n|\n|t:|1722861340\n|move|p2a: Tinkaton|Swords Dance|p2a: Tinkaton\n|-boost|p2a: Tinkaton|atk|2\n|move|p1a: Corviknight|U-turn|p2a: Tinkaton\n|-resisted|p2a: Tinkaton\n|-damage|p2a: Tinkaton|194/274\n|\n|t:|1722861342\n|switch|p1a: Minun|Minun, L95, F|268/268|[from] U-turn\n|\n|upkeep\n|turn|12\n|\n|t:|1722861345\n|switch|p2a: Muk|Muk, L86, F|269/321\n|move|p1a: Minun|Nasty Plot|p1a: Minun\n|-boost|p1a: Minun|spa|2\n|\n|upkeep\n|turn|13\n|\n|t:|1722861368\n|move|p1a: Minun|Thunderbolt|p2a: Muk\n|-damage|p2a: Muk|34/321\n|-damage|p1a: Minun|242/268|[from] item: Life Orb\n|move|p2a: Muk|Poison Jab|p1a: Minun\n|-damage|p1a: Minun|68/268\n|\n|upkeep\n|turn|14\n|j| Azubuike\n|\n|t:|1722861374\n|switch|p1a: Corviknight|Corviknight, L80, F|288/288\n|move|p2a: Muk|Poison Jab|p1a: Corviknight\n|-immune|p1a: Corviknight\n|\n|upkeep\n|turn|15\n|\n|t:|1722861377\n|switch|p2a: Tinkaton|Tinkaton, L82, F|194/274\n|-ability|p2a: Tinkaton|Mold Breaker\n|move|p1a: Corviknight|Brave Bird|p2a: Tinkaton\n|-resisted|p2a: Tinkaton\n|-damage|p2a: Tinkaton|132/274\n|-damage|p1a: Corviknight|268/288|[from] Recoil\n|\n|upkeep\n|turn|16\n|\n|t:|1722861381\n|move|p2a: Tinkaton|Knock Off|p1a: Corviknight\n|-damage|p1a: Corviknight|224/288\n|-damage|p2a: Tinkaton|105/274|[from] item: Life Orb\n|move|p1a: Corviknight|U-turn|p2a: Tinkaton\n|-resisted|p2a: Tinkaton\n|-damage|p2a: Tinkaton|94/274\n|\n|t:|1722861387\n|switch|p1a: Minun|Minun, L95, F|68/268|[from] U-turn\n|\n|upkeep\n|turn|17\n|\n|t:|1722861390\n|switch|p2a: Muk|Muk, L86, F|34/321\n|move|p1a: Minun|Thunderbolt|p2a: Muk\n|-damage|p2a: Muk|0 fnt\n|faint|p2a: Muk\n|-damage|p1a: Minun|42/268|[from] item: Life Orb\n|\n|upkeep\n|\n|t:|1722861392\n|switch|p2a: Noivern|Noivern, L82, F|274/274\n|turn|18\n|\n|t:|1722861406\n|switch|p1a: Corviknight|Corviknight, L80, F|224/288\n|move|p2a: Noivern|Boomburst|p1a: Corviknight\n|-resisted|p1a: Corviknight\n|-damage|p1a: Corviknight|149/288\n|\n|upkeep\n|turn|19\n|\n|t:|1722861415\n|switch|p2a: Tinkaton|Tinkaton, L82, F|94/274\n|-ability|p2a: Tinkaton|Mold Breaker\n|move|p1a: Corviknight|Roost|p1a: Corviknight\n|-heal|p1a: Corviknight|288/288\n|-singleturn|p1a: Corviknight|move: Roost\n|\n|upkeep\n|turn|20\n|\n|t:|1722861424\n|move|p2a: Tinkaton|Swords Dance|p2a: Tinkaton\n|-boost|p2a: Tinkaton|atk|2\n|move|p1a: Corviknight|Brave Bird|p2a: Tinkaton\n|-resisted|p2a: Tinkaton\n|-damage|p2a: Tinkaton|31/274\n|-damage|p1a: Corviknight|267/288|[from] Recoil\n|\n|upkeep\n|turn|21\n|\n|t:|1722861427\n|move|p2a: Tinkaton|Knock Off|p1a: Corviknight\n|-damage|p1a: Corviknight|177/288\n|-damage|p2a: Tinkaton|4/274|[from] item: Life Orb\n|move|p1a: Corviknight|Roost|p1a: Corviknight\n|-heal|p1a: Corviknight|288/288\n|-singleturn|p1a: Corviknight|move: Roost\n|\n|upkeep\n|turn|22\n|\n|t:|1722861437\n|move|p2a: Tinkaton|Gigaton Hammer|p1a: Corviknight\n|-resisted|p1a: Corviknight\n|-damage|p1a: Corviknight|132/288\n|-damage|p2a: Tinkaton|0 fnt|[from] item: Life Orb\n|faint|p2a: Tinkaton\n|move|p1a: Corviknight|Roost|p1a: Corviknight\n|-heal|p1a: Corviknight|276/288\n|-singleturn|p1a: Corviknight|move: Roost\n|\n|upkeep\n|\n|t:|1722861441\n|switch|p2a: Noivern|Noivern, L82, F|274/274\n|turn|23\n|\n|t:|1722861446\n|switch|p1a: Ursaring|Ursaring, L84, F|220/288\n|move|p2a: Noivern|Boomburst|p1a: Ursaring\n|-damage|p1a: Ursaring|111/288\n|\n|upkeep\n|turn|24\n|\n|t:|1722861457\n|switch|p2a: Poliwrath|Poliwrath, L88, M|302/302\n|move|p1a: Ursaring|Rest|p1a: Ursaring\n|-status|p1a: Ursaring|slp|[from] move: Rest\n|-heal|p1a: Ursaring|288/288 slp|[silent]\n|\n|upkeep\n|turn|25\n|\n|t:|1722861462\n|switch|p1a: Corviknight|Corviknight, L80, F|276/288\n|move|p2a: Poliwrath|Circle Throw|p1a: Corviknight\n|-damage|p1a: Corviknight|212/288\n|drag|p1a: Shiftry|Shiftry, L89, M|305/305\n|\n|upkeep\n|turn|26\n|\n|t:|1722861475\n|move|p1a: Shiftry|Leaf Blade|p2a: Poliwrath\n|-supereffective|p2a: Poliwrath\n|-damage|p2a: Poliwrath|37/302\n|-damage|p1a: Shiftry|275/305|[from] item: Life Orb\n|move|p2a: Poliwrath|Close Combat|p1a: Shiftry\n|-supereffective|p1a: Shiftry\n|-damage|p1a: Shiftry|0 fnt\n|-unboost|p2a: Poliwrath|def|1\n|-unboost|p2a: Poliwrath|spd|1\n|faint|p1a: Shiftry\n|\n|upkeep\n|\n|t:|1722861481\n|switch|p1a: Minun|Minun, L95, F|42/268\n|turn|27\n|\n|t:|1722861484\n|switch|p2a: Noivern|Noivern, L82, F|274/274\n|move|p1a: Minun|Alluring Voice|p2a: Noivern\n|-supereffective|p2a: Noivern\n|-damage|p2a: Noivern|115/274\n|-damage|p1a: Minun|16/268|[from] item: Life Orb\n|\n|upkeep\n|turn|28\n|\n|t:|1722861494\n|move|p2a: Noivern|Flamethrower|p1a: Minun\n|-damage|p1a: Minun|0 fnt\n|faint|p1a: Minun\n|\n|upkeep\n|\n|t:|1722861497\n|switch|p1a: Ursaring|Ursaring, L84, F|288/288 slp\n|turn|29\n|\n|t:|1722861499\n|switch|p2a: Poliwrath|Poliwrath, L88, M|37/302\n|cant|p1a: Ursaring|slp\n|move|p1a: Ursaring|Sleep Talk|p1a: Ursaring\n|move|p1a: Ursaring|Rest||[from]move: Sleep Talk|[still]\n|-fail|p1a: Ursaring\n|\n|upkeep\n|turn|30\n|\n|t:|1722861506\n|move|p2a: Poliwrath|Close Combat|p1a: Ursaring\n|-supereffective|p1a: Ursaring\n|-damage|p1a: Ursaring|94/288 slp\n|-unboost|p2a: Poliwrath|def|1\n|-unboost|p2a: Poliwrath|spd|1\n|cant|p1a: Ursaring|slp\n|move|p1a: Ursaring|Sleep Talk|p1a: Ursaring\n|move|p1a: Ursaring|Earthquake|p2a: Poliwrath|[from]move: Sleep Talk\n|-damage|p2a: Poliwrath|0 fnt\n|faint|p2a: Poliwrath\n|\n|upkeep\n|\n|t:|1722861517\n|switch|p2a: Glastrier|Glastrier, L86|312/312\n|turn|31\n|\n|t:|1722861529\n|-curestatus|p1a: Ursaring|slp|[msg]\n|move|p1a: Ursaring|Body Slam|p2a: Glastrier\n|-damage|p2a: Glastrier|234/312\n|move|p2a: Glastrier|Icicle Crash|p1a: Ursaring\n|-damage|p1a: Ursaring|0 fnt\n|faint|p1a: Ursaring\n|-ability|p2a: Glastrier|Chilling Neigh|boost\n|-boost|p2a: Glastrier|atk|1\n|\n|upkeep\n|\n|t:|1722861537\n|switch|p1a: Corviknight|Corviknight, L80, F|212/288\n|turn|32\n|\n|t:|1722861540\n|move|p1a: Corviknight|Brave Bird|p2a: Glastrier\n|-damage|p2a: Glastrier|161/312\n|-damage|p1a: Corviknight|188/288|[from] Recoil\n|move|p2a: Glastrier|Icicle Crash|p1a: Corviknight\n|-damage|p1a: Corviknight|2/288\n|\n|upkeep\n|turn|33\n|-message|Delta 2777 forfeited.\n|\n|win|cacahue\n|raw|Delta 2777's rating: 2485 &rarr; <strong>2462</strong><br />(-23 for losing)\n|raw|cacahue's rating: 2424 &rarr; <strong>2447</strong><br />(+23 for winning)\n|l|\u2606Delta 2777\n|player|p1|\n", "inputlog": ">version 4360de0a8e68d59f2e365e61bed8c1683ebaca20\n>start {\"formatid\":\"gen9randombattle\",\"seed\":[31942,46652,40284,19204],\"rated\":\"Rated battle\"}\n>player p1 {\"name\":\"Delta 2777\",\"avatar\":\"169\",\"rating\":2485,\"seed\":[60653,25475,45622,21701]}\n>player p2 {\"name\":\"cacahue\",\"avatar\":\"101\",\"rating\":2424,\"seed\":[37135,17282,6157,27719]}\n>p1 move gigadrain\n>p2 switch 5\n>p1 switch 5\n>p2 move knockoff\n>p1 move roost\n>p2 switch 3\n>p1 switch 4\n>p2 move swordsdance\n>p1 move tripleaxel terastallize\n>p2 move scaleshot terastallize\n>p1 move tripleaxel\n>p2 move collisioncourse\n>p1 switch 5\n>p1 move hydropump\n>p2 move scaleshot\n>p1 switch 2\n>p2 switch 4\n>p1 switch 6\n>p2 move flamethrower\n>p1 move bodyslam\n>p2 switch 2\n>p1 switch 4\n>p2 move swordsdance\n>p1 move uturn\n>p2 move swordsdance\n>p1 switch 3\n>p1 move nastyplot\n>p2 switch 3\n>p1 move thunderbolt\n>p2 move poisonjab\n>p1 switch 3\n>p2 move poisonjab\n>p1 move bravebird\n>p2 switch 3\n>p1 move uturn\n>p2 move knockoff\n>p1 switch 3\n>p1 move thunderbolt\n>p2 switch 3\n>p2 switch 2\n>p1 switch 3\n>p2 move boomburst\n>p1 move roost\n>p2 switch 3\n>p1 move bravebird\n>p2 move swordsdance\n>p1 move roost\n>p2 move knockoff\n>p1 move roost\n>p2 move gigatonhammer\n>p2 switch 3\n>p1 switch 4\n>p2 move boomburst\n>p1 move rest\n>p2 switch 5\n>p1 switch 4\n>p2 move circlethrow\n>p1 move leafblade\n>p2 move closecombat\n>p1 switch 3\n>p1 move alluringvoice\n>p2 switch 5\n>p1 move alluringvoice\n>p2 move flamethrower\n>p1 switch 4\n>p1 move sleeptalk\n>p2 switch 5\n>p1 move sleeptalk\n>p2 move closecombat\n>p2 switch 6\n>p1 move bodyslam\n>p2 move iciclecrash\n>p1 switch 6\n>p1 move bravebird\n>p2 move iciclecrash\n>forcelose p1", "uploadtime": 1722861554, "views": 146, "formatid": "gen9randombattle", "rating": 2447, "private": 0, "password": null}