{"id": "gen9randombattle-2260857336", "format": "[Gen 9] Random Battle", "players": ["Guysbeforefrys", "U.Nhi"], "log": "|j|\u2606Guysbeforefrys\n|j|\u2606U.Nhi\n|t:|1733905379\n|gametype|singles\n|player|p1|Guysbeforefrys|rancher|1671\n|player|p2|U.Nhi|170|1643\n|teamsize|p1|6\n|teamsize|p2|6\n|gen|9\n|tier|[Gen 9] Random Battle\n|rated|\n|rule|Species Clause: Limit one of each Pok\u00e9mon\n|rule|HP Percentage Mod: HP is shown in percentages\n|rule|Sleep Clause Mod: Limit one foe put to sleep\n|rule|Illusion Level Mod: Illusion disguises the Pok\u00e9mon's true level\n|\n|t:|1733905379\n|start\n|switch|p1a: Stonjourner|Stonjourner, L91, F|330/330\n|switch|p2a: Porygon2|Porygon2, L82|274/274\n|-ability|p2a: Porygon2|Download|boost\n|-boost|p2a: Porygon2|spa|1\n|turn|1\n|\n|t:|1733905404\n|move|p1a: Stonjourner|Stone Edge|p2a: Porygon2|[miss]\n|-miss|p1a: Stonjourner|p2a: Porygon2\n|move|p2a: Porygon2|Discharge|p1a: Stonjourner\n|-crit|p1a: Stonjourner\n|-damage|p1a: Stonjourner|24/330\n|-status|p1a: Stonjourner|par\n|\n|upkeep\n|turn|2\n|inactive|Battle timer is ON: inactive players will automatically lose when time's up. (requested by Guysbeforefrys)\n|\n|t:|1733905420\n|move|p2a: Porygon2|Tri Attack|p1a: Stonjourner\n|-resisted|p1a: Stonjourner\n|-damage|p1a: Stonjourner|0 fnt\n|faint|p1a: Stonjourner\n|\n|upkeep\n|\n|t:|1733905424\n|switch|p1a: Dragalge|Dragalge, L88, M|258/258\n|turn|3\n|\n|t:|1733905430\n|move|p2a: Porygon2|Tri Attack|p1a: Dragalge\n|-damage|p1a: Dragalge|198/258\n|move|p1a: Dragalge|Focus Blast|p2a: Porygon2\n|-supereffective|p2a: Porygon2\n|-damage|p2a: Porygon2|148/274\n|\n|upkeep\n|turn|4\n|\n|t:|1733905441\n|move|p2a: Porygon2|Ice Beam|p1a: Dragalge\n|-supereffective|p1a: Dragalge\n|-damage|p1a: Dragalge|108/258\n|move|p1a: Dragalge|Focus Blast|p2a: Porygon2|[miss]\n|-miss|p1a: Dragalge|p2a: Porygon2\n|\n|upkeep\n|turn|5\n|\n|t:|1733905449\n|move|p2a: Porygon2|Ice Beam|p1a: Dragalge\n|-supereffective|p1a: Dragalge\n|-damage|p1a: Dragalge|14/258\n|move|p1a: Dragalge|Focus Blast|p2a: Porygon2|[miss]\n|-miss|p1a: Dragalge|p2a: Porygon2\n|\n|upkeep\n|turn|6\n|\n|t:|1733905457\n|move|p2a: Porygon2|Tri Attack|p1a: Dragalge\n|-damage|p1a: Dragalge|0 fnt\n|faint|p1a: Dragalge\n|\n|upkeep\n|\n|t:|1733905468\n|switch|p1a: Venusaur|Venusaur, L84, F|272/272\n|turn|7\n|\n|t:|1733905474\n|move|p1a: Venusaur|Sludge Bomb|p2a: Porygon2\n|-damage|p2a: Porygon2|90/274\n|move|p2a: Porygon2|Tri Attack|p1a: Venusaur\n|-damage|p1a: Venusaur|157/272\n|\n|-heal|p1a: Venusaur|174/272|[from] item: Leftovers\n|upkeep\n|turn|8\n|\n|t:|1733905486\n|move|p1a: Venusaur|Leech Seed|p2a: Porygon2|[miss]\n|-miss|p1a: Venusaur|p2a: Porygon2\n|move|p2a: Porygon2|Recover|p2a: Porygon2\n|-heal|p2a: Porygon2|227/274\n|\n|-heal|p1a: Venusaur|191/272|[from] item: Leftovers\n|upkeep\n|turn|9\n|\n|t:|1733905493\n|move|p1a: Venusaur|Leech Seed|p2a: Porygon2\n|-start|p2a: Porygon2|move: Leech Seed\n|move|p2a: Porygon2|Ice Beam|p1a: Venusaur\n|-supereffective|p1a: Venusaur\n|-damage|p1a: Venusaur|3/272\n|\n|-heal|p1a: Venusaur|20/272|[from] item: Leftovers\n|-damage|p2a: Porygon2|193/274|[from] Leech Seed|[of] p1a: Venusaur\n|-heal|p1a: Venusaur|54/272|[silent]\n|upkeep\n|turn|10\n|\n|t:|1733905502\n|move|p1a: Venusaur|Sleep Powder|p2a: Porygon2|[miss]\n|-miss|p1a: Venusaur|p2a: Porygon2\n|move|p2a: Porygon2|Tri Attack|p1a: Venusaur\n|-damage|p1a: Venusaur|0 fnt\n|faint|p1a: Venusaur\n|\n|upkeep\n|c|\u2606U.Nhi|Im so sorry\n|\n|t:|1733905510\n|switch|p1a: Pikachu|Pikachu-Original, L93, M|216/216\n|turn|11\n|\n|t:|1733905514\n|move|p1a: Pikachu|Volt Switch|p2a: Porygon2\n|-damage|p2a: Porygon2|123/274\n|\n|t:|1733905518\n|switch|p1a: Donphan|Donphan, L84, M|288/288|[from] Volt Switch\n|move|p2a: Porygon2|Tri Attack|p1a: Donphan\n|-damage|p1a: Donphan|131/288\n|\n|-heal|p1a: Donphan|149/288|[from] item: Leftovers\n|-damage|p2a: Porygon2|89/274|[from] Leech Seed|[of] p1a: Donphan\n|-heal|p1a: Donphan|183/288|[silent]\n|upkeep\n|turn|12\n|\n|t:|1733905527\n|move|p2a: Porygon2|Ice Beam|p1a: Donphan\n|-supereffective|p1a: Donphan\n|-damage|p1a: Donphan|0 fnt\n|faint|p1a: Donphan\n|\n|upkeep\n|\n|t:|1733905547\n|switch|p1a: Pikachu|Pikachu-Original, L93, M|216/216\n|turn|13\n|\n|t:|1733905554\n|move|p1a: Pikachu|Fake Out|p2a: Porygon2\n|-damage|p2a: Porygon2|55/274\n|cant|p2a: Porygon2|flinch\n|\n|-damage|p2a: Porygon2|21/274|[from] Leech Seed|[of] p1a: Pikachu\n|upkeep\n|turn|14\n|\n|t:|1733905559\n|move|p1a: Pikachu|Volt Switch|p2a: Porygon2\n|-damage|p2a: Porygon2|0 fnt\n|faint|p2a: Porygon2\n|\n|t:|1733905562\n|switch|p1a: Floatzel|Floatzel, L85, M|283/283|[from] Volt Switch\n|\n|upkeep\n|\n|t:|1733905579\n|switch|p2a: Zarude|Zarude-Dada, L78|292/292\n|turn|15\n|\n|t:|1733905584\n|-terastallize|p1a: Floatzel|Steel\n|move|p1a: Floatzel|Bulk Up|p1a: Floatzel\n|-boost|p1a: Floatzel|atk|1\n|-boost|p1a: Floatzel|def|1\n|move|p2a: Zarude|Power Whip|p1a: Floatzel\n|-resisted|p1a: Floatzel\n|-damage|p1a: Floatzel|190/283\n|\n|-heal|p1a: Floatzel|207/283|[from] item: Leftovers\n|upkeep\n|turn|16\n|\n|t:|1733905609\n|switch|p2a: Gouging Fire|Gouging Fire, L74|277/277\n|move|p1a: Floatzel|Ice Spinner|p2a: Gouging Fire\n|-damage|p2a: Gouging Fire|188/277\n|\n|-heal|p1a: Floatzel|224/283|[from] item: Leftovers\n|upkeep\n|turn|17\n|\n|t:|1733905618\n|move|p1a: Floatzel|Taunt|p2a: Gouging Fire\n|-start|p2a: Gouging Fire|move: Taunt\n|cant|p2a: Gouging Fire|move: Taunt|Dragon Dance\n|\n|-heal|p1a: Floatzel|241/283|[from] item: Leftovers\n|upkeep\n|turn|18\n|\n|t:|1733905633\n|move|p1a: Floatzel|Wave Crash|p2a: Gouging Fire\n|-damage|p2a: Gouging Fire|0 fnt\n|faint|p2a: Gouging Fire\n|-end|p2a: Gouging Fire|Protosynthesis|[silent]\n|-damage|p1a: Floatzel|179/283|[from] Recoil\n|\n|-heal|p1a: Floatzel|196/283|[from] item: Leftovers\n|upkeep\n|\n|t:|1733905647\n|switch|p2a: Eelektross|Eelektross, L87, F|290/290\n|turn|19\n|\n|t:|1733905658\n|move|p1a: Floatzel|Bulk Up|p1a: Floatzel\n|-boost|p1a: Floatzel|atk|1\n|-boost|p1a: Floatzel|def|1\n|move|p2a: Eelektross|Flamethrower|p1a: Floatzel\n|-supereffective|p1a: Floatzel\n|-damage|p1a: Floatzel|4/283\n|\n|-heal|p1a: Floatzel|21/283|[from] item: Leftovers\n|upkeep\n|turn|20\n|\n|t:|1733905676\n|move|p1a: Floatzel|Ice Spinner|p2a: Eelektross\n|-damage|p2a: Eelektross|162/290\n|move|p2a: Eelektross|Flamethrower|p1a: Floatzel\n|-supereffective|p1a: Floatzel\n|-damage|p1a: Floatzel|0 fnt\n|faint|p1a: Floatzel\n|\n|upkeep\n|\n|t:|1733905680\n|switch|p1a: Pikachu|Pikachu-Original, L93, M|216/216\n|turn|21\n|\n|t:|1733905686\n|move|p1a: Pikachu|Fake Out|p2a: Eelektross\n|-damage|p2a: Eelektross|112/290\n|cant|p2a: Eelektross|flinch\n|\n|upkeep\n|turn|22\n|\n|t:|1733905690\n|move|p1a: Pikachu|Volt Tackle|p2a: Eelektross\n|-resisted|p2a: Eelektross\n|-damage|p2a: Eelektross|2/290\n|-damage|p1a: Pikachu|180/216|[from] Recoil\n|move|p2a: Eelektross|Giga Drain|p1a: Pikachu\n|-damage|p1a: Pikachu|97/216\n|-heal|p2a: Eelektross|44/290|[from] drain|[of] p1a: Pikachu\n|\n|upkeep\n|turn|23\n|\n|t:|1733905699\n|move|p1a: Pikachu|Volt Tackle|p2a: Eelektross\n|-resisted|p2a: Eelektross\n|-damage|p2a: Eelektross|0 fnt\n|faint|p2a: Eelektross\n|-damage|p1a: Pikachu|82/216|[from] Recoil\n|\n|upkeep\n|\n|t:|1733905705\n|switch|p2a: Trevenant|Trevenant, L88, F|293/293\n|turn|24\n|\n|t:|1733905710\n|move|p1a: Pikachu|Volt Tackle|p2a: Trevenant\n|-resisted|p2a: Trevenant\n|-damage|p2a: Trevenant|177/293\n|-status|p2a: Trevenant|par\n|-damage|p1a: Pikachu|44/216|[from] Recoil\n|cant|p2a: Trevenant|par\n|\n|upkeep\n|turn|25\n|\n|t:|1733905724\n|move|p1a: Pikachu|Volt Switch|p2a: Trevenant\n|-resisted|p2a: Trevenant\n|-damage|p2a: Trevenant|125/293 par\n|-enditem|p2a: Trevenant|Sitrus Berry|[eat]\n|-heal|p2a: Trevenant|198/293 par|[from] item: Sitrus Berry\n|move|p2a: Trevenant|Drain Punch|p1a: Pikachu\n|-damage|p1a: Pikachu|0 fnt\n|-heal|p2a: Trevenant|220/293 par|[from] drain|[of] p1a: Pikachu\n|faint|p1a: Pikachu\n|\n|win|U.Nhi\n|raw|Guysbeforefrys's rating: 1671 &rarr; <strong>1649</strong><br />(-22 for losing)\n|raw|U.Nhi's rating: 1643 &rarr; <strong>1665</strong><br />(+22 for winning)\n|l|\u2606Guysbeforefrys\n|player|p1|\n", "inputlog": ">version bfd83cad13791eb5a5a409923076391caf6fb4d4\n>start {\"formatid\":\"gen9randombattle\",\"seed\":[3905,17886,19126,26635],\"rated\":\"Rated battle\"}\n>player p1 {\"name\":\"Guysbeforefrys\",\"avatar\":\"rancher\",\"rating\":1671,\"seed\":[32603,8164,63281,36321]}\n>player p2 {\"name\":\"U.Nhi\",\"avatar\":\"170\",\"rating\":1643,\"seed\":[53395,30326,4138,61171]}\n>p1 move stoneedge\n>p2 move discharge\n>p1 move stoneedge\n>p2 move triattack\n>p1 switch 3\n>p1 move focusblast\n>p2 move triattack\n>p1 move focusblast\n>p2 move icebeam\n>p1 move focusblast\n>p2 move icebeam\n>p1 move focusblast\n>p2 move triattack\n>p1 switch 6\n>p1 move sludgebomb\n>p2 move triattack\n>p1 move leechseed\n>p2 move recover\n>p1 move leechseed\n>p2 move icebeam\n>p1 move sleeppowder\n>p2 move triattack\n>chat \u2606U.Nhi|Im so sorry \n>p1 switch 4\n>p1 move voltswitch\n>p2 move triattack\n>p1 switch 2\n>p1 move rapidspin\n>p2 move icebeam\n>p1 switch 2\n>p1 move fakeout\n>p2 move triattack\n>p1 move voltswitch\n>p2 move triattack\n>p1 switch 5\n>p2 switch 4\n>p1 move bulkup terastallize\n>p2 move powerwhip\n>p1 move icespinner\n>p2 switch 2\n>p1 move taunt\n>p2 move dragondance\n>p1 move wavecrash\n>p2 move heatcrash\n>p2 switch 5\n>p1 move bulkup\n>p2 move flamethrower\n>p1 move icespinner\n>p2 move flamethrower\n>p1 switch 5\n>p1 move fakeout\n>p2 move uturn\n>p1 move volttackle\n>p2 move gigadrain\n>p1 move volttackle\n>p2 move gigadrain\n>p2 switch 6\n>p1 move volttackle\n>p2 move drainpunch\n>p1 move voltswitch\n>p2 move drainpunch", "uploadtime": 1733905737, "views": 1, "formatid": "gen9randombattle", "rating": 1649, "private": 0, "password": null}