{"id": "gen9randombattle-2260428892", "format": "[Gen 9] Random Battle", "players": ["moonisded", "FrozenKiller17"], "log": "|j|\u2606moonisded\n|j|\u2606FrozenKiller17\n|t:|1733850727\n|gametype|singles\n|player|p1|moonisded|hilbert-wonderlauncher|\n|player|p2|FrozenKiller17|265|\n|teamsize|p1|6\n|teamsize|p2|6\n|gen|9\n|tier|[Gen 9] Random Battle\n|rule|Species Clause: Limit one of each Pok\u00e9mon\n|rule|HP Percentage Mod: HP is shown in percentages\n|rule|Sleep Clause Mod: Limit one foe put to sleep\n|rule|Illusion Level Mod: Illusion disguises the Pok\u00e9mon's true level\n|\n|t:|1733850727\n|start\n|switch|p1a: Baxcalibur|Baxcalibur, L75, F|295/295\n|switch|p2a: Seviper|Seviper, L93, M|287/287\n|turn|1\n|\n|t:|1733850757\n|-terastallize|p1a: Baxcalibur|Ground\n|move|p1a: Baxcalibur|Earthquake|p2a: Seviper\n|-supereffective|p2a: Seviper\n|-damage|p2a: Seviper|27/287\n|move|p2a: Seviper|Earthquake|p1a: Baxcalibur\n|-damage|p1a: Baxcalibur|194/295\n|\n|-heal|p2a: Seviper|44/287|[from] item: Leftovers\n|upkeep\n|turn|2\n|\n|t:|1733850771\n|switch|p2a: Gothitelle|Gothitelle, L90, M|272/272\n|move|p1a: Baxcalibur|Earthquake|p2a: Gothitelle\n|-damage|p2a: Gothitelle|157/272\n|\n|-heal|p2a: Gothitelle|174/272|[from] item: Leftovers\n|upkeep\n|turn|3\n|\n|t:|1733850798\n|move|p1a: Baxcalibur|Swords Dance|p1a: Baxcalibur\n|-boost|p1a: Baxcalibur|atk|2\n|move|p2a: Gothitelle|Focus Blast|p1a: Baxcalibur\n|-damage|p1a: Baxcalibur|83/295\n|\n|-heal|p2a: Gothitelle|191/272|[from] item: Leftovers\n|upkeep\n|turn|4\n|\n|t:|1733850808\n|move|p1a: Baxcalibur|Earthquake|p2a: Gothitelle\n|-damage|p2a: Gothitelle|0 fnt\n|faint|p2a: Gothitelle\n|\n|upkeep\n|\n|t:|1733850815\n|switch|p2a: Seviper|Seviper, L93, M|44/287\n|turn|5\n|\n|t:|1733850827\n|move|p1a: Baxcalibur|Earthquake|p2a: Seviper\n|-supereffective|p2a: Seviper\n|-damage|p2a: Seviper|0 fnt\n|faint|p2a: Seviper\n|\n|upkeep\n|\n|t:|1733850835\n|switch|p2a: Regieleki|Regieleki, L79|256/256\n|turn|6\n|\n|t:|1733850842\n|move|p2a: Regieleki|Explosion|p1a: Baxcalibur\n|-damage|p1a: Baxcalibur|0 fnt\n|faint|p2a: Regieleki\n|faint|p1a: Baxcalibur\n|\n|upkeep\n|\n|t:|1733850852\n|switch|p2a: Polteageist|Polteageist, L79|224/224\n|switch|p1a: Kyurem|Kyurem, L77|319/319\n|-ability|p1a: Kyurem|Pressure\n|turn|7\n|\n|t:|1733850862\n|move|p1a: Kyurem|Dragon Dance|p1a: Kyurem\n|-boost|p1a: Kyurem|atk|1\n|-boost|p1a: Kyurem|spe|1\n|move|p2a: Polteageist|Shadow Ball|p1a: Kyurem\n|-damage|p1a: Kyurem|210/319\n|-unboost|p1a: Kyurem|spd|1\n|\n|upkeep\n|turn|8\n|\n|t:|1733850874\n|move|p1a: Kyurem|Scale Shot|p2a: Polteageist\n|-damage|p2a: Polteageist|170/224\n|-start|p1a: Kyurem|Disable|Scale Shot|[from] ability: Cursed Body|[of] p2a: Polteageist\n|-damage|p2a: Polteageist|113/224\n|-damage|p2a: Polteageist|61/224\n|-damage|p2a: Polteageist|6/224\n|-hitcount|p2a: Polteageist|4\n|-unboost|p1a: Kyurem|def|1\n|-boost|p1a: Kyurem|spe|1\n|move|p2a: Polteageist|Stored Power|p1a: Kyurem\n|-damage|p1a: Kyurem|184/319\n|\n|upkeep\n|turn|9\n|\n|t:|1733850915\n|move|p1a: Kyurem|Icicle Spear|p2a: Polteageist\n|-damage|p2a: Polteageist|0 fnt\n|faint|p2a: Polteageist\n|-hitcount|p2: Polteageist|1\n|\n|upkeep\n|\n|t:|1733850920\n|switch|p2a: Bellossom|Bellossom, L84, M|263/263\n|turn|10\n|\n|t:|1733850927\n|move|p1a: Kyurem|Icicle Spear|p2a: Bellossom\n|-supereffective|p2a: Bellossom\n|-damage|p2a: Bellossom|177/263\n|-supereffective|p2a: Bellossom\n|-damage|p2a: Bellossom|93/263\n|-supereffective|p2a: Bellossom\n|-damage|p2a: Bellossom|13/263\n|-supereffective|p2a: Bellossom\n|-damage|p2a: Bellossom|0 fnt\n|faint|p2a: Bellossom\n|-hitcount|p2: Bellossom|4\n|\n|upkeep\n|\n|t:|1733850938\n|switch|p2a: Cresselia|Cresselia, L80, F|323/323\n|turn|11\n|\n|t:|1733850963\n|move|p1a: Kyurem|Dragon Dance|p1a: Kyurem\n|-boost|p1a: Kyurem|atk|1\n|-boost|p1a: Kyurem|spe|1\n|move|p2a: Cresselia|Moonlight|p2a: Cresselia\n|-fail|p2a: Cresselia|heal\n|\n|-end|p1a: Kyurem|Disable\n|upkeep\n|turn|12\n|\n|t:|1733850977\n|move|p1a: Kyurem|Icicle Spear|p2a: Cresselia\n|-damage|p2a: Cresselia|277/323\n|-damage|p2a: Cresselia|222/323\n|-damage|p2a: Cresselia|171/323\n|-damage|p2a: Cresselia|120/323\n|-damage|p2a: Cresselia|68/323\n|-hitcount|p2a: Cresselia|5\n|move|p2a: Cresselia|Moonlight|p2a: Cresselia\n|-heal|p2a: Cresselia|229/323\n|\n|-heal|p2a: Cresselia|249/323|[from] item: Leftovers\n|upkeep\n|turn|13\n|\n|t:|1733850994\n|move|p1a: Kyurem|Icicle Spear|p2a: Cresselia\n|-damage|p2a: Cresselia|201/323\n|-damage|p2a: Cresselia|150/323\n|-damage|p2a: Cresselia|101/323\n|-damage|p2a: Cresselia|47/323\n|-hitcount|p2a: Cresselia|4\n|move|p2a: Cresselia|Thunderbolt|p1a: Kyurem\n|-resisted|p1a: Kyurem\n|-damage|p1a: Kyurem|146/319\n|\n|-heal|p2a: Cresselia|67/323|[from] item: Leftovers\n|upkeep\n|turn|14\n|\n|t:|1733851015\n|-terastallize|p2a: Cresselia|Electric\n|move|p1a: Kyurem|Icicle Spear|p2a: Cresselia\n|-damage|p2a: Cresselia|16/323\n|-damage|p2a: Cresselia|0 fnt\n|faint|p2a: Cresselia\n|-hitcount|p2: Cresselia|2\n|\n|win|moonisded\n", "inputlog": ">version bfd83cad13791eb5a5a409923076391caf6fb4d4\n>start {\"formatid\":\"gen9randombattle\",\"seed\":[47901,48115,4045,4157]}\n>player p1 {\"name\":\"moonisded\",\"avatar\":\"hilbert-wonderlauncher\",\"rating\":0,\"seed\":[36172,52676,63814,347]}\n>player p2 {\"name\":\"FrozenKiller17\",\"avatar\":\"265\",\"rating\":0,\"seed\":[11387,12228,25778,56294]}\n>p1 move earthquake terastallize\n>p2 move earthquake\n>p1 move earthquake\n>p2 switch 5\n>p1 move swordsdance\n>p2 move focusblast\n>p1 move earthquake\n>p2 move calmmind\n>p2 switch 5\n>p1 move earthquake\n>p2 move trailblaze\n>p2 switch 4\n>p1 move earthquake\n>p2 move explosion\n>p1 switch 2\n>p2 switch 2\n>p1 move dragondance\n>p2 move shadowball\n>p1 move scaleshot\n>p2 move storedpower\n>p1 move iciclespear\n>p2 move shadowball\n>p2 switch 6\n>p1 move iciclespear\n>p2 move quiverdance\n>p2 switch 3\n>p1 move dragondance\n>p2 move moonlight\n>p1 move iciclespear\n>p2 move moonlight\n>p1 move iciclespear\n>p2 move thunderbolt\n>p1 move iciclespear\n>p2 move psyshock terastallize", "uploadtime": 1733851035, "views": 2, "formatid": "gen9randombattle", "rating": null, "private": 0, "password": null}