{"id": "gen9randombattle-2260871211", "format": "[Gen 9] Random Battle", "players": ["ibamakoto", "maestro teki"], "log": "|j|\u2606ibamakoto\n|j|\u2606maestro teki\n|t:|1733908097\n|gametype|singles\n|player|p1|ibamakoto|erika|1342\n|player|p2|maestro teki|brock|1315\n|teamsize|p1|6\n|teamsize|p2|6\n|gen|9\n|tier|[Gen 9] Random Battle\n|rated|\n|rule|Species Clause: Limit one of each Pok\u00e9mon\n|rule|HP Percentage Mod: HP is shown in percentages\n|rule|Sleep Clause Mod: Limit one foe put to sleep\n|rule|Illusion Level Mod: Illusion disguises the Pok\u00e9mon's true level\n|\n|t:|1733908097\n|start\n|switch|p1a: Qwilfish|Qwilfish, L86, M|252/252\n|switch|p2a: Kyogre|Kyogre, L71|259/259\n|-weather|RainDance|[from] ability: Drizzle|[of] p2a: Kyogre\n|-ability|p1a: Qwilfish|Intimidate|boost\n|-unboost|p2a: Kyogre|atk|1\n|turn|1\n|\n|t:|1733908114\n|move|p2a: Kyogre|Thunder|p1a: Qwilfish\n|-supereffective|p1a: Qwilfish\n|-crit|p1a: Qwilfish\n|-damage|p1a: Qwilfish|0 fnt\n|faint|p1a: Qwilfish\n|\n|-weather|RainDance|[upkeep]\n|upkeep\n|inactive|Battle timer is ON: inactive players will automatically lose when time's up. (requested by maestro teki)\n|\n|t:|1733908130\n|switch|p1a: Spidops|Spidops, L96, F|271/271\n|turn|2\n|\n|t:|1733908149\n|move|p2a: Kyogre|Thunder|p1a: Spidops\n|-damage|p1a: Spidops|202/271\n|move|p1a: Spidops|Sticky Web|p2a: Kyogre\n|-sidestart|p2: maestro teki|move: Sticky Web\n|\n|-weather|RainDance|[upkeep]\n|upkeep\n|turn|3\n|\n|t:|1733908160\n|switch|p2a: Ho-Oh|Ho-Oh, L71|268/268\n|move|p1a: Spidops|Spikes|p2a: Ho-Oh\n|-sidestart|p2: maestro teki|Spikes\n|\n|-weather|RainDance|[upkeep]\n|upkeep\n|turn|4\n|\n|t:|1733908168\n|move|p2a: Ho-Oh|Brave Bird|p1a: Spidops\n|-supereffective|p1a: Spidops\n|-damage|p1a: Spidops|0 fnt\n|faint|p1a: Spidops\n|-damage|p2a: Ho-Oh|201/268|[from] Recoil\n|\n|-weather|RainDance|[upkeep]\n|upkeep\n|\n|t:|1733908191\n|switch|p1a: Lugia|Lugia, L72|272/272\n|turn|5\n|\n|t:|1733908200\n|move|p1a: Lugia|Calm Mind|p1a: Lugia\n|-boost|p1a: Lugia|spa|1\n|-boost|p1a: Lugia|spd|1\n|move|p2a: Ho-Oh|Recover|p2a: Ho-Oh\n|-heal|p2a: Ho-Oh|268/268\n|\n|-weather|none\n|upkeep\n|turn|6\n|\n|t:|1733908217\n|move|p1a: Lugia|Calm Mind|p1a: Lugia\n|-boost|p1a: Lugia|spa|1\n|-boost|p1a: Lugia|spd|1\n|move|p2a: Ho-Oh|Sacred Fire|p1a: Lugia\n|-damage|p1a: Lugia|232/272\n|\n|upkeep\n|turn|7\n|\n|t:|1733908232\n|switch|p2a: Kyogre|Kyogre, L71|259/259\n|-activate|p2a: Kyogre|move: Sticky Web\n|-unboost|p2a: Kyogre|spe|1\n|-damage|p2a: Kyogre|227/259|[from] Spikes\n|-weather|RainDance|[from] ability: Drizzle|[of] p2a: Kyogre\n|move|p1a: Lugia|Aeroblast|p2a: Kyogre\n|-damage|p2a: Kyogre|113/259\n|\n|-weather|RainDance|[upkeep]\n|upkeep\n|turn|8\n|\n|t:|1733908244\n|move|p1a: Lugia|Calm Mind|p1a: Lugia\n|-boost|p1a: Lugia|spa|1\n|-boost|p1a: Lugia|spd|1\n|move|p2a: Kyogre|Thunder|p1a: Lugia\n|-supereffective|p1a: Lugia\n|-damage|p1a: Lugia|182/272\n|\n|-weather|RainDance|[upkeep]\n|upkeep\n|turn|9\n|\n|t:|1733908253\n|move|p1a: Lugia|Recover|p1a: Lugia\n|-heal|p1a: Lugia|272/272\n|move|p2a: Kyogre|Thunder|p1a: Lugia\n|-supereffective|p1a: Lugia\n|-crit|p1a: Lugia\n|-damage|p1a: Lugia|185/272\n|\n|-weather|RainDance|[upkeep]\n|upkeep\n|turn|10\n|\n|t:|1733908261\n|move|p1a: Lugia|Recover|p1a: Lugia\n|-heal|p1a: Lugia|272/272\n|move|p2a: Kyogre|Thunder|p1a: Lugia\n|-supereffective|p1a: Lugia\n|-damage|p1a: Lugia|248/272\n|\n|-weather|RainDance|[upkeep]\n|upkeep\n|turn|11\n|-message|maestro teki forfeited.\n|\n|win|ibamakoto\n|raw|ibamakoto's rating: 1342 &rarr; <strong>1360</strong><br />(+18 for winning)\n|raw|maestro teki's rating: 1315 &rarr; <strong>1297</strong><br />(-18 for losing)\n|l|\u2606maestro teki\n|player|p2|\n", "inputlog": ">version bfd83cad13791eb5a5a409923076391caf6fb4d4\n>start {\"formatid\":\"gen9randombattle\",\"seed\":[54089,62510,2807,17699],\"rated\":\"Rated battle\"}\n>player p1 {\"name\":\"ibamakoto\",\"avatar\":\"erika\",\"rating\":1342,\"seed\":[30052,44575,59536,23782]}\n>player p2 {\"name\":\"maestro teki\",\"avatar\":\"brock\",\"rating\":1315,\"seed\":[4875,17408,5821,33698]}\n>p1 move waterfall\n>p2 move thunder\n>p1 switch 2\n>p1 move stickyweb\n>p2 move thunder\n>p1 move spikes\n>p2 switch 5\n>p1 move knockoff\n>p2 move bravebird\n>p1 switch 6\n>p1 move calmmind\n>p2 move recover\n>p1 move calmmind\n>p2 move sacredfire\n>p1 move aeroblast\n>p2 switch 5\n>p1 move calmmind\n>p2 move thunder\n>p1 move recover\n>p2 move thunder\n>p1 move recover\n>p2 move thunder\n>forcelose p2", "uploadtime": 1733908273, "views": 1, "formatid": "gen9randombattle", "rating": 1297, "private": 0, "password": null}