{"id": "gen9randombattle-2259910365", "format": "[Gen 9] Random Battle", "players": ["emaventu12", "Mles249"], "log": "|j|\u2606emaventu12\n|j|\u2606Mles249\n|t:|1733779018\n|gametype|singles\n|player|p1|emaventu12|169|1011\n|player|p2|Mles249|169|1002\n|teamsize|p1|6\n|teamsize|p2|6\n|gen|9\n|tier|[Gen 9] Random Battle\n|rated|\n|rule|Species Clause: Limit one of each Pok\u00e9mon\n|rule|HP Percentage Mod: HP is shown in percentages\n|rule|Sleep Clause Mod: Limit one foe put to sleep\n|rule|Illusion Level Mod: Illusion disguises the Pok\u00e9mon's true level\n|\n|t:|1733779018\n|start\n|switch|p1a: Jumpluff|Jumpluff, L87, M|271/271\n|switch|p2a: Mew|Mew, L82|298/298\n|turn|1\n|\n|t:|1733779031\n|switch|p1a: Wo-Chien|Wo-Chien, L83|277/277\n|-ability|p1a: Wo-Chien|Tablets of Ruin\n|switch|p2a: Magmortar|Magmortar, L88, M|275/275\n|\n|upkeep\n|turn|2\n|\n|t:|1733779040\n|switch|p1a: Tauros|Tauros-Paldea-Blaze, L81, M|252/252\n|move|p2a: Magmortar|Will-O-Wisp|p1a: Tauros\n|-immune|p1a: Tauros\n|\n|upkeep\n|turn|3\n|\n|t:|1733779065\n|switch|p2a: Granbull|Granbull, L88, F|302/302\n|-ability|p2a: Granbull|Intimidate|boost\n|-unboost|p1a: Tauros|atk|1\n|move|p1a: Tauros|Raging Bull|p2a: Granbull\n|-damage|p2a: Granbull|226/302\n|\n|-heal|p2a: Granbull|244/302|[from] item: Leftovers\n|upkeep\n|turn|4\n|\n|t:|1733779078\n|move|p1a: Tauros|Bulk Up|p1a: Tauros\n|-boost|p1a: Tauros|atk|1\n|-boost|p1a: Tauros|def|1\n|move|p2a: Granbull|Earthquake|p1a: Tauros\n|-supereffective|p1a: Tauros\n|-damage|p1a: Tauros|130/252\n|\n|-heal|p2a: Granbull|262/302|[from] item: Leftovers\n|upkeep\n|turn|5\n|\n|t:|1733779090\n|move|p1a: Tauros|Raging Bull|p2a: Granbull\n|-damage|p2a: Granbull|157/302\n|move|p2a: Granbull|Earthquake|p1a: Tauros\n|-supereffective|p1a: Tauros\n|-crit|p1a: Tauros\n|-damage|p1a: Tauros|0 fnt\n|faint|p1a: Tauros\n|\n|-heal|p2a: Granbull|175/302|[from] item: Leftovers\n|upkeep\n|\n|t:|1733779101\n|switch|p1a: Entei|Entei, L78|307/307\n|turn|6\n|\n|t:|1733779112\n|move|p1a: Entei|Flare Blitz|p2a: Granbull\n|-damage|p2a: Granbull|0 fnt\n|faint|p2a: Granbull\n|-damage|p1a: Entei|249/307|[from] Recoil\n|\n|upkeep\n|\n|t:|1733779117\n|switch|p2a: Greedent|Greedent, L86, F|347/347\n|turn|7\n|\n|t:|1733779135\n|switch|p1a: Jumpluff|Jumpluff, L87, M|271/271\n|move|p2a: Greedent|Earthquake|p1a: Jumpluff\n|-immune|p1a: Jumpluff\n|\n|upkeep\n|turn|8\n|\n|t:|1733779144\n|switch|p2a: Magmortar|Magmortar, L88, M|275/275\n|move|p1a: Jumpluff|Sleep Powder|p2a: Magmortar\n|-status|p2a: Magmortar|slp|[from] move: Sleep Powder\n|\n|upkeep\n|turn|9\n|\n|t:|1733779152\n|move|p1a: Jumpluff|Sleep Powder|p2a: Magmortar|[miss]\n|-miss|p1a: Jumpluff|p2a: Magmortar\n|cant|p2a: Magmortar|slp\n|\n|upkeep\n|turn|10\n|\n|t:|1733779160\n|move|p1a: Jumpluff|Strength Sap|p2a: Magmortar\n|-unboost|p2a: Magmortar|atk|1\n|cant|p2a: Magmortar|slp\n|\n|upkeep\n|turn|11\n|\n|t:|1733779169\n|move|p1a: Jumpluff|Acrobatics|p2a: Magmortar\n|-damage|p2a: Magmortar|170/275 slp\n|-status|p1a: Jumpluff|brn|[from] ability: Flame Body|[of] p2a: Magmortar\n|cant|p2a: Magmortar|slp\n|\n|-damage|p1a: Jumpluff|255/271 brn|[from] brn\n|upkeep\n|turn|12\n|\n|t:|1733779189\n|move|p1a: Jumpluff|U-turn|p2a: Magmortar\n|-resisted|p2a: Magmortar\n|-crit|p2a: Magmortar\n|-damage|p2a: Magmortar|156/275 slp\n|\n|t:|1733779194\n|switch|p1a: Dudunsparce|Dudunsparce-Three-Segment, L83, M|343/343|[from] U-turn\n|-curestatus|p2a: Magmortar|slp|[msg]\n|move|p2a: Magmortar|Fire Blast|p1a: Dudunsparce\n|-damage|p1a: Dudunsparce|166/343\n|\n|-heal|p1a: Dudunsparce|187/343|[from] item: Leftovers\n|upkeep\n|turn|13\n|\n|t:|1733779209\n|switch|p2a: Passimian|Passimian, L83, F|302/302\n|move|p1a: Dudunsparce|Calm Mind|p1a: Dudunsparce\n|-boost|p1a: Dudunsparce|spa|1\n|-boost|p1a: Dudunsparce|spd|1\n|\n|-heal|p1a: Dudunsparce|208/343|[from] item: Leftovers\n|upkeep\n|turn|14\n|\n|t:|1733779222\n|move|p2a: Passimian|Knock Off|p1a: Dudunsparce\n|-damage|p1a: Dudunsparce|117/343\n|-ability|p1a: Dudunsparce|Rattled|boost\n|-boost|p1a: Dudunsparce|spe|1\n|-enditem|p1a: Dudunsparce|Leftovers|[from] move: Knock Off|[of] p2a: Passimian\n|move|p1a: Dudunsparce|Roost|p1a: Dudunsparce\n|-heal|p1a: Dudunsparce|289/343\n|-singleturn|p1a: Dudunsparce|move: Roost\n|\n|upkeep\n|turn|15\n|\n|t:|1733779237\n|move|p1a: Dudunsparce|Roost|p1a: Dudunsparce\n|-heal|p1a: Dudunsparce|343/343\n|-singleturn|p1a: Dudunsparce|move: Roost\n|move|p2a: Passimian|Drain Punch|p1a: Dudunsparce\n|-supereffective|p1a: Dudunsparce\n|-damage|p1a: Dudunsparce|139/343\n|\n|upkeep\n|turn|16\n|\n|t:|1733779256\n|move|p1a: Dudunsparce|Roost|p1a: Dudunsparce\n|-heal|p1a: Dudunsparce|311/343\n|-singleturn|p1a: Dudunsparce|move: Roost\n|move|p2a: Passimian|Drain Punch|p1a: Dudunsparce\n|-supereffective|p1a: Dudunsparce\n|-damage|p1a: Dudunsparce|125/343\n|\n|upkeep\n|turn|17\n|\n|t:|1733779266\n|move|p1a: Dudunsparce|Roost|p1a: Dudunsparce\n|-heal|p1a: Dudunsparce|297/343\n|-singleturn|p1a: Dudunsparce|move: Roost\n|move|p2a: Passimian|Drain Punch|p1a: Dudunsparce\n|-supereffective|p1a: Dudunsparce\n|-damage|p1a: Dudunsparce|109/343\n|\n|upkeep\n|turn|18\n|\n|t:|1733779275\n|move|p1a: Dudunsparce|Roost|p1a: Dudunsparce\n|-heal|p1a: Dudunsparce|281/343\n|-singleturn|p1a: Dudunsparce|move: Roost\n|move|p2a: Passimian|Drain Punch|p1a: Dudunsparce\n|-supereffective|p1a: Dudunsparce\n|-damage|p1a: Dudunsparce|71/343\n|\n|upkeep\n|turn|19\n|\n|t:|1733779286\n|move|p1a: Dudunsparce|Boomburst|p2a: Passimian\n|-damage|p2a: Passimian|29/302\n|move|p2a: Passimian|Drain Punch|p1a: Dudunsparce\n|-supereffective|p1a: Dudunsparce\n|-damage|p1a: Dudunsparce|0 fnt\n|-heal|p2a: Passimian|65/302|[from] drain|[of] p1a: Dudunsparce\n|faint|p1a: Dudunsparce\n|\n|-heal|p2a: Passimian|83/302|[from] item: Leftovers\n|upkeep\n|\n|t:|1733779302\n|switch|p1a: Ambipom|Ambipom, L84, M|263/263\n|turn|20\n|\n|t:|1733779331\n|switch|p2a: Mew|Mew, L82|298/298\n|move|p1a: Ambipom|Low Kick|p2a: Mew\n|-resisted|p2a: Mew\n|-damage|p2a: Mew|287/298\n|\n|upkeep\n|turn|21\n|\n|t:|1733779342\n|move|p1a: Ambipom|Knock Off|p2a: Mew\n|-supereffective|p2a: Mew\n|-damage|p2a: Mew|147/298\n|-enditem|p2a: Mew|Life Orb|[from] move: Knock Off|[of] p1a: Ambipom\n|move|p2a: Mew|Close Combat|p1a: Ambipom\n|-supereffective|p1a: Ambipom\n|-damage|p1a: Ambipom|71/263\n|-unboost|p2a: Mew|def|1\n|-unboost|p2a: Mew|spd|1\n|\n|upkeep\n|turn|22\n|\n|t:|1733779355\n|move|p1a: Ambipom|Knock Off|p2a: Mew\n|-supereffective|p2a: Mew\n|-damage|p2a: Mew|5/298\n|move|p2a: Mew|Close Combat|p1a: Ambipom\n|-supereffective|p1a: Ambipom\n|-damage|p1a: Ambipom|0 fnt\n|-unboost|p2a: Mew|def|1\n|-unboost|p2a: Mew|spd|1\n|faint|p1a: Ambipom\n|\n|upkeep\n|\n|t:|1733779368\n|switch|p1a: Jumpluff|Jumpluff, L87, M|255/271 brn\n|turn|23\n|\n|t:|1733779376\n|switch|p2a: Magmortar|Magmortar, L88, M|156/275\n|move|p1a: Jumpluff|Sleep Powder|p2a: Magmortar\n|-status|p2a: Magmortar|slp|[from] move: Sleep Powder\n|\n|-damage|p1a: Jumpluff|239/271 brn|[from] brn\n|upkeep\n|turn|24\n|\n|t:|1733779386\n|move|p1a: Jumpluff|Acrobatics|p2a: Magmortar\n|-damage|p2a: Magmortar|108/275 slp\n|cant|p2a: Magmortar|slp\n|\n|-damage|p1a: Jumpluff|223/271 brn|[from] brn\n|upkeep\n|turn|25\n|\n|t:|1733779397\n|move|p1a: Jumpluff|Acrobatics|p2a: Magmortar\n|-damage|p2a: Magmortar|62/275 slp\n|cant|p2a: Magmortar|slp\n|\n|-damage|p1a: Jumpluff|207/271 brn|[from] brn\n|upkeep\n|turn|26\n|\n|t:|1733779407\n|move|p1a: Jumpluff|Acrobatics|p2a: Magmortar\n|-damage|p2a: Magmortar|10/275 slp\n|cant|p2a: Magmortar|slp\n|\n|-damage|p1a: Jumpluff|191/271 brn|[from] brn\n|upkeep\n|turn|27\n|\n|t:|1733779432\n|switch|p2a: Grimmsnarl|Grimmsnarl, L83, M|293/293\n|move|p1a: Jumpluff|Acrobatics|p2a: Grimmsnarl\n|-damage|p2a: Grimmsnarl|244/293\n|\n|-heal|p2a: Grimmsnarl|262/293|[from] item: Leftovers\n|-damage|p1a: Jumpluff|175/271 brn|[from] brn\n|upkeep\n|turn|28\n|\n|t:|1733779443\n|move|p2a: Grimmsnarl|Thunder Wave||[still]\n|-fail|p2a: Grimmsnarl\n|move|p1a: Jumpluff|Acrobatics|p2a: Grimmsnarl\n|-damage|p2a: Grimmsnarl|213/293\n|\n|-heal|p2a: Grimmsnarl|231/293|[from] item: Leftovers\n|-damage|p1a: Jumpluff|159/271 brn|[from] brn\n|upkeep\n|turn|29\n|\n|t:|1733779456\n|move|p2a: Grimmsnarl|Thunder Wave||[still]\n|-fail|p2a: Grimmsnarl\n|move|p1a: Jumpluff|Acrobatics|p2a: Grimmsnarl\n|-damage|p2a: Grimmsnarl|181/293\n|\n|-heal|p2a: Grimmsnarl|199/293|[from] item: Leftovers\n|-damage|p1a: Jumpluff|143/271 brn|[from] brn\n|upkeep\n|turn|30\n|\n|t:|1733779469\n|move|p1a: Jumpluff|Acrobatics|p2a: Grimmsnarl\n|-damage|p2a: Grimmsnarl|151/293\n|move|p2a: Grimmsnarl|Spirit Break|p1a: Jumpluff\n|-damage|p1a: Jumpluff|37/271 brn\n|-unboost|p1a: Jumpluff|spa|1\n|\n|-heal|p2a: Grimmsnarl|169/293|[from] item: Leftovers\n|-damage|p1a: Jumpluff|21/271 brn|[from] brn\n|upkeep\n|turn|31\n|\n|t:|1733779484\n|switch|p1a: Entei|Entei, L78|249/307\n|move|p2a: Grimmsnarl|Spirit Break|p1a: Entei\n|-resisted|p1a: Entei\n|-damage|p1a: Entei|201/307\n|-unboost|p1a: Entei|spa|1\n|\n|-heal|p2a: Grimmsnarl|187/293|[from] item: Leftovers\n|upkeep\n|turn|32\n|\n|t:|1733779498\n|switch|p2a: Greedent|Greedent, L86, F|347/347\n|move|p1a: Entei|Flare Blitz|p2a: Greedent\n|-damage|p2a: Greedent|170/347\n|-status|p2a: Greedent|brn\n|-enditem|p2a: Greedent|Sitrus Berry|[eat]\n|-heal|p2a: Greedent|256/347 brn|[from] item: Sitrus Berry\n|-heal|p2a: Greedent|347/347 brn|[from] ability: Cheek Pouch\n|-damage|p1a: Entei|143/307|[from] Recoil\n|\n|-damage|p2a: Greedent|326/347 brn|[from] brn\n|upkeep\n|turn|33\n|\n|t:|1733779515\n|-terastallize|p2a: Greedent|Ground\n|move|p1a: Entei|Flare Blitz|p2a: Greedent\n|-damage|p2a: Greedent|163/347 brn\n|-damage|p1a: Entei|89/307|[from] Recoil\n|move|p2a: Greedent|Earthquake|p1a: Entei\n|-supereffective|p1a: Entei\n|-damage|p1a: Entei|0 fnt\n|faint|p1a: Entei\n|\n|-damage|p2a: Greedent|142/347 brn|[from] brn\n|upkeep\n|\n|t:|1733779531\n|switch|p1a: Wo-Chien|Wo-Chien, L83|277/277\n|-ability|p1a: Wo-Chien|Tablets of Ruin\n|turn|34\n|\n|t:|1733779542\n|switch|p2a: Grimmsnarl|Grimmsnarl, L83, M|187/293\n|move|p1a: Wo-Chien|Leech Seed|p2a: Grimmsnarl\n|-start|p2a: Grimmsnarl|move: Leech Seed\n|\n|-heal|p2a: Grimmsnarl|205/293|[from] item: Leftovers\n|-damage|p2a: Grimmsnarl|169/293|[from] Leech Seed|[of] p1a: Wo-Chien\n|upkeep\n|turn|35\n|\n|t:|1733779554\n|move|p1a: Wo-Chien|Knock Off|p2a: Grimmsnarl\n|-resisted|p2a: Grimmsnarl\n|-damage|p2a: Grimmsnarl|140/293\n|-enditem|p2a: Grimmsnarl|Leftovers|[from] move: Knock Off|[of] p1a: Wo-Chien\n|move|p2a: Grimmsnarl|Spirit Break|p1a: Wo-Chien\n|-supereffective|p1a: Wo-Chien\n|-damage|p1a: Wo-Chien|145/277\n|-unboost|p1a: Wo-Chien|spa|1\n|\n|-heal|p1a: Wo-Chien|162/277|[from] item: Leftovers\n|-damage|p2a: Grimmsnarl|104/293|[from] Leech Seed|[of] p1a: Wo-Chien\n|-heal|p1a: Wo-Chien|198/277|[silent]\n|upkeep\n|turn|36\n|\n|t:|1733779571\n|move|p1a: Wo-Chien|Knock Off|p2a: Grimmsnarl\n|-resisted|p2a: Grimmsnarl\n|-damage|p2a: Grimmsnarl|85/293\n|move|p2a: Grimmsnarl|Spirit Break|p1a: Wo-Chien\n|-supereffective|p1a: Wo-Chien\n|-damage|p1a: Wo-Chien|72/277\n|-unboost|p1a: Wo-Chien|spa|1\n|\n|-heal|p1a: Wo-Chien|89/277|[from] item: Leftovers\n|-damage|p2a: Grimmsnarl|49/293|[from] Leech Seed|[of] p1a: Wo-Chien\n|-heal|p1a: Wo-Chien|125/277|[silent]\n|upkeep\n|turn|37\n|\n|t:|1733779586\n|move|p1a: Wo-Chien|Knock Off|p2a: Grimmsnarl\n|-resisted|p2a: Grimmsnarl\n|-damage|p2a: Grimmsnarl|31/293\n|move|p2a: Grimmsnarl|Spirit Break|p1a: Wo-Chien\n|-supereffective|p1a: Wo-Chien\n|-damage|p1a: Wo-Chien|0 fnt\n|faint|p1a: Wo-Chien\n|\n|upkeep\n|\n|t:|1733779596\n|switch|p1a: Jumpluff|Jumpluff, L87, M|21/271 brn\n|turn|38\n|\n|t:|1733779605\n|move|p2a: Grimmsnarl|Sucker Punch||[still]\n|-fail|p2a: Grimmsnarl\n|move|p1a: Jumpluff|Sleep Powder|p2a: Grimmsnarl|[miss]\n|-miss|p1a: Jumpluff|p2a: Grimmsnarl\n|\n|-damage|p2a: Grimmsnarl|0 fnt|[from] Leech Seed|[of] p1a: Jumpluff\n|-heal|p1a: Jumpluff|52/271 brn|[silent]\n|faint|p2a: Grimmsnarl\n|-damage|p1a: Jumpluff|36/271 brn|[from] brn\n|upkeep\n|\n|t:|1733779611\n|switch|p2a: Mew|Mew, L82|5/298\n|turn|39\n|\n|t:|1733779621\n|move|p1a: Jumpluff|Acrobatics|p2a: Mew\n|-damage|p2a: Mew|0 fnt\n|faint|p2a: Mew\n|\n|-damage|p1a: Jumpluff|20/271 brn|[from] brn\n|upkeep\n|\n|t:|1733779632\n|switch|p2a: Greedent|Greedent, L86, F, tera:Ground|142/347 brn\n|turn|40\n|\n|t:|1733779638\n|move|p1a: Jumpluff|Sleep Powder||[still]\n|-fail|p1a: Jumpluff\n|move|p2a: Greedent|Double-Edge|p1a: Jumpluff\n|-damage|p1a: Jumpluff|0 fnt\n|faint|p1a: Jumpluff\n|-damage|p2a: Greedent|135/347 brn|[from] Recoil\n|\n|win|Mles249\n|raw|emaventu12's rating: 1049 &rarr; <strong>1029</strong><br />(-20 for losing)\n|raw|Mles249's rating: 1002 &rarr; <strong>1047</strong><br />(+45 for winning)\n|c|\u2606Mles249|Gg\n|l|\u2606emaventu12\n|player|p1|\n", "inputlog": ">version bfd83cad13791eb5a5a409923076391caf6fb4d4\n>start {\"formatid\":\"gen9randombattle\",\"seed\":[1025,9721,47999,48196],\"rated\":\"Rated battle\"}\n>player p1 {\"name\":\"emaventu12\",\"avatar\":\"169\",\"rating\":1011,\"seed\":[47122,33907,8247,1404]}\n>player p2 {\"name\":\"Mles249\",\"avatar\":\"169\",\"rating\":1002,\"seed\":[20713,53086,14816,44647]}\n>p1 switch 2\n>p2 switch 4\n>p1 switch 3\n>p2 move willowisp\n>p1 move ragingbull\n>p2 switch 3\n>p1 move bulkup\n>p2 move earthquake\n>p1 move ragingbull\n>p2 move earthquake\n>p1 switch 4\n>p1 move flareblitz\n>p2 move earthquake\n>p2 switch 5\n>p1 switch 2\n>p2 move earthquake\n>p1 move sleeppowder\n>p2 switch 3\n>p1 move sleeppowder\n>p2 move fireblast\n>p1 move strengthsap\n>p2 move fireblast\n>p1 move acrobatics\n>p2 move fireblast\n>p1 move uturn\n>p2 move fireblast\n>p1 switch 6\n>p1 move calmmind\n>p2 switch 2\n>p1 move roost\n>p2 move knockoff\n>p1 move roost\n>p2 move drainpunch\n>p1 move roost\n>p2 move drainpunch\n>p1 move roost\n>p2 move drainpunch\n>p1 move roost\n>p2 move drainpunch\n>p1 move boomburst\n>p2 move drainpunch\n>p1 switch 5\n>p1 move lowkick\n>p2 switch 4\n>p1 move knockoff\n>p2 move closecombat\n>p1 move knockoff\n>p2 move closecombat\n>p1 switch 6\n>p1 move sleeppowder\n>p2 switch 2\n>p1 move acrobatics\n>p2 move fireblast\n>p1 move acrobatics\n>p2 move fireblast\n>p1 move acrobatics\n>p2 move fireblast\n>p1 move acrobatics\n>p2 switch 6\n>p1 move acrobatics\n>p2 move thunderwave\n>p1 move acrobatics\n>p2 move thunderwave\n>p1 move acrobatics\n>p2 move spiritbreak\n>p1 switch 2\n>p2 move spiritbreak\n>p1 move flareblitz\n>p2 switch 3\n>p1 move flareblitz\n>p2 move earthquake terastallize\n>p1 switch 3\n>p1 move leechseed\n>p2 switch 3\n>p1 move knockoff\n>p2 move spiritbreak\n>p1 move knockoff\n>p2 move spiritbreak\n>p1 move knockoff\n>p2 move spiritbreak\n>p1 switch 2\n>p1 move sleeppowder\n>p2 move suckerpunch\n>p2 switch 2\n>p1 move acrobatics\n>p2 move psychicfangs\n>p2 switch 3\n>p1 move sleeppowder\n>p2 move doubleedge", "uploadtime": 1733779655, "views": 36, "formatid": "gen9randombattle", "rating": 1029, "private": 0, "password": null}