{"id": "gen9randombattle-2260892711", "format": "[Gen 9] Random Battle", "players": ["krabbro", "ibamakoto"], "log": "|j|\u2606krabbro\n|j|\u2606ibamakoto\n|t:|1733912108\n|gametype|singles\n|player|p1|krabbro|firebreather|1345\n|player|p2|ibamakoto|erika|1379\n|teamsize|p1|6\n|teamsize|p2|6\n|gen|9\n|tier|[Gen 9] Random Battle\n|rated|\n|rule|Species Clause: Limit one of each Pok\u00e9mon\n|rule|HP Percentage Mod: HP is shown in percentages\n|rule|Sleep Clause Mod: Limit one foe put to sleep\n|rule|Illusion Level Mod: Illusion disguises the Pok\u00e9mon's true level\n|\n|t:|1733912108\n|start\n|switch|p1a: Grimmsnarl|Grimmsnarl, L83, M|293/293\n|switch|p2a: Okidogi|Okidogi, L77, M|262/262\n|turn|1\n|inactive|Battle timer is ON: inactive players will automatically lose when time's up. (requested by ibamakoto)\n|\n|t:|1733912130\n|switch|p1a: Farigiraf|Farigiraf, L91, F|366/366\n|move|p2a: Okidogi|Gunk Shot|p1a: Farigiraf\n|-damage|p1a: Farigiraf|221/366\n|-status|p1a: Farigiraf|tox|[from] ability: Toxic Chain|[of] p2a: Okidogi\n|\n|-heal|p1a: Farigiraf|243/366 tox|[from] item: Leftovers\n|-damage|p1a: Farigiraf|221/366 tox|[from] psn\n|upkeep\n|turn|2\n|inactive|ibamakoto has 120 seconds left.\n|\n|t:|1733912174\n|switch|p2a: Bruxish|Bruxish, L85, M|254/254\n|move|p1a: Farigiraf|Wish|p1a: Farigiraf\n|\n|-heal|p1a: Farigiraf|243/366 tox|[from] item: Leftovers\n|-damage|p1a: Farigiraf|199/366 tox|[from] psn\n|upkeep\n|turn|3\n|inactive|krabbro has 120 seconds left.\n|\n|t:|1733912201\n|switch|p1a: Brambleghast|Brambleghast, L88, F|240/240\n|move|p2a: Bruxish|Swords Dance|p2a: Bruxish\n|-boost|p2a: Bruxish|atk|2\n|\n|upkeep\n|turn|4\n|\n|t:|1733912222\n|move|p1a: Brambleghast|Poltergeist|p2a: Bruxish\n|-activate|p2a: Bruxish|move: Poltergeist|Life Orb\n|-supereffective|p2a: Bruxish\n|-damage|p2a: Bruxish|0 fnt\n|faint|p2a: Bruxish\n|\n|upkeep\n|inactive|ibamakoto has 90 seconds left.\n|\n|t:|1733912243\n|switch|p2a: Wigglytuff|Wigglytuff, L96, F|424/424\n|turn|5\n|\n|t:|1733912258\n|move|p1a: Brambleghast|Spikes|p2a: Wigglytuff\n|-sidestart|p2: ibamakoto|Spikes\n|move|p2a: Wigglytuff|Thunder Wave|p1a: Brambleghast\n|-status|p1a: Brambleghast|par\n|\n|upkeep\n|turn|6\n|inactive|ibamakoto has 90 seconds left.\n|inactive|krabbro has 120 seconds left.\n|inactive|ibamakoto has 60 seconds left.\n|\n|t:|1733912300\n|move|p2a: Wigglytuff|Alluring Voice|p1a: Brambleghast\n|-damage|p1a: Brambleghast|128/240 par\n|move|p1a: Brambleghast|Power Whip|p2a: Wigglytuff\n|-damage|p2a: Wigglytuff|201/424\n|\n|-heal|p2a: Wigglytuff|227/424|[from] item: Leftovers\n|-heal|p1a: Brambleghast|143/240 par|[from] item: Leftovers\n|upkeep\n|turn|7\n|inactive|ibamakoto has 60 seconds left.\n|inactive|krabbro has 120 seconds left.\n|\n|t:|1733912321\n|move|p2a: Wigglytuff|Wish|p2a: Wigglytuff\n|move|p1a: Brambleghast|Strength Sap|p2a: Wigglytuff\n|-unboost|p2a: Wigglytuff|atk|1\n|-ability|p2a: Wigglytuff|Competitive|boost\n|-boost|p2a: Wigglytuff|spa|2\n|-heal|p1a: Brambleghast|240/240 par\n|\n|-heal|p2a: Wigglytuff|253/424|[from] item: Leftovers\n|upkeep\n|turn|8\n|inactive|ibamakoto has 60 seconds left.\n|\n|t:|1733912346\n|move|p2a: Wigglytuff|Alluring Voice|p1a: Brambleghast\n|-damage|p1a: Brambleghast|11/240 par\n|move|p1a: Brambleghast|Power Whip|p2a: Wigglytuff\n|-damage|p2a: Wigglytuff|42/424\n|\n|-heal|p2a: Wigglytuff|254/424|[from] move: Wish|[wisher] Wigglytuff\n|-heal|p2a: Wigglytuff|280/424|[from] item: Leftovers\n|-heal|p1a: Brambleghast|26/240 par|[from] item: Leftovers\n|upkeep\n|turn|9\n|inactive|krabbro has 90 seconds left.\n|\n|t:|1733912396\n|switch|p1a: Lilligant|Lilligant, L86, F|261/261\n|move|p2a: Wigglytuff|Wish|p2a: Wigglytuff\n|\n|-heal|p2a: Wigglytuff|306/424|[from] item: Leftovers\n|upkeep\n|turn|10\n|\n|t:|1733912412\n|-terastallize|p1a: Lilligant|Rock\n|move|p1a: Lilligant|Quiver Dance|p1a: Lilligant\n|-boost|p1a: Lilligant|spa|1\n|-boost|p1a: Lilligant|spd|1\n|-boost|p1a: Lilligant|spe|1\n|move|p2a: Wigglytuff|Alluring Voice|p1a: Lilligant\n|-damage|p1a: Lilligant|107/261\n|-start|p1a: Lilligant|confusion\n|\n|-heal|p2a: Wigglytuff|424/424|[from] move: Wish|[wisher] Wigglytuff\n|upkeep\n|turn|11\n|\n|t:|1733912420\n|-activate|p1a: Lilligant|confusion\n|-damage|p1a: Lilligant|90/261|[from] confusion\n|move|p2a: Wigglytuff|Thunder Wave|p1a: Lilligant\n|-status|p1a: Lilligant|par\n|\n|upkeep\n|turn|12\n|\n|t:|1733912428\n|-activate|p1a: Lilligant|confusion\n|cant|p1a: Lilligant|par\n|move|p2a: Wigglytuff|Alluring Voice|p1a: Lilligant\n|-damage|p1a: Lilligant|0 fnt\n|faint|p1a: Lilligant\n|\n|upkeep\n|\n|t:|1733912446\n|switch|p1a: Lokix|Lokix, L82, F|251/251\n|turn|13\n|\n|t:|1733912456\n|move|p1a: Lokix|First Impression|p2a: Wigglytuff\n|-resisted|p2a: Wigglytuff\n|-damage|p2a: Wigglytuff|247/424\n|-damage|p1a: Lokix|226/251|[from] item: Life Orb\n|move|p2a: Wigglytuff|Wish|p2a: Wigglytuff\n|\n|-heal|p2a: Wigglytuff|273/424|[from] item: Leftovers\n|upkeep\n|turn|14\n|\n|t:|1733912467\n|move|p1a: Lokix|Knock Off|p2a: Wigglytuff\n|-resisted|p2a: Wigglytuff\n|-damage|p2a: Wigglytuff|91/424\n|-enditem|p2a: Wigglytuff|Leftovers|[from] move: Knock Off|[of] p1a: Lokix\n|-damage|p1a: Lokix|201/251|[from] item: Life Orb\n|move|p2a: Wigglytuff|Thunder Wave|p1a: Lokix\n|-status|p1a: Lokix|par\n|\n|-heal|p2a: Wigglytuff|303/424|[from] move: Wish|[wisher] Wigglytuff\n|upkeep\n|turn|15\n|\n|t:|1733912479\n|move|p2a: Wigglytuff|Alluring Voice|p1a: Lokix\n|-supereffective|p1a: Lokix\n|-damage|p1a: Lokix|0 fnt\n|faint|p1a: Lokix\n|\n|upkeep\n|-message|krabbro forfeited.\n|\n|win|ibamakoto\n|raw|krabbro's rating: 1345 &rarr; <strong>1327</strong><br />(-18 for losing)\n|raw|ibamakoto's rating: 1379 &rarr; <strong>1397</strong><br />(+18 for winning)\n|l|\u2606krabbro\n|player|p1|\n", "inputlog": ">version bfd83cad13791eb5a5a409923076391caf6fb4d4\n>start {\"formatid\":\"gen9randombattle\",\"seed\":[40471,46049,35423,65421],\"rated\":\"Rated battle\"}\n>player p1 {\"name\":\"krabbro\",\"avatar\":\"firebreather\",\"rating\":1345,\"seed\":[458,27945,9134,46543]}\n>player p2 {\"name\":\"ibamakoto\",\"avatar\":\"erika\",\"rating\":1379,\"seed\":[22138,96,62227,32955]}\n>p1 switch 3\n>p2 move gunkshot\n>chat \u2606krabbro|.\n>p1 move wish\n>p2 switch 2\n>p1 switch 4\n>p2 move swordsdance\n>p1 move poltergeist\n>p2 move psychicfangs\n>p2 switch 6\n>p1 move spikes\n>p2 move thunderwave\n>p1 move powerwhip\n>p2 move alluringvoice\n>p1 move strengthsap\n>p2 move wish\n>p1 move powerwhip\n>p2 move alluringvoice\n>p1 switch 2\n>p2 move wish\n>p1 move quiverdance terastallize\n>p2 move alluringvoice\n>p1 move gigadrain\n>p2 move thunderwave\n>p1 move sleeppowder\n>p2 move alluringvoice\n>p1 switch 5\n>p1 move firstimpression\n>p2 move wish\n>p1 move knockoff\n>p2 move thunderwave\n>p1 move leechlife\n>p2 move alluringvoice\n>forcelose p1", "uploadtime": 1733912487, "views": 1, "formatid": "gen9randombattle", "rating": 1327, "private": 0, "password": null}