{"id": "gen9randombattle-2207349925", "format": "[Gen 9] Random Battle", "players": ["Rb2t glow", "rb2t z123z"], "log": "|j|\u2606Rb2t glow\n|j|\u2606rb2t z123z\n|t:|1727033163\n|gametype|singles\n|player|p1|Rb2t glow|ash-kalos|2221\n|player|p2|rb2t z123z|102|2221\n|teamsize|p1|6\n|teamsize|p2|6\n|gen|9\n|tier|[Gen 9] Random Battle\n|rated|\n|rule|Species Clause: Limit one of each Pok\u00e9mon\n|rule|HP Percentage Mod: HP is shown in percentages\n|rule|Sleep Clause Mod: Limit one foe put to sleep\n|rule|Illusion Level Mod: Illusion disguises the Pok\u00e9mon's true level\n|\n|t:|1727033163\n|start\n|switch|p1a: Empoleon|Empoleon, L84, M|278/278\n|switch|p2a: Abomasnow|Abomasnow, L85, F|291/291\n|-weather|Snow|[from] ability: Snow Warning|[of] p2a: Abomasnow\n|turn|1\n|\n|t:|1727033203\n|move|p2a: Abomasnow|Aurora Veil|p2a: Abomasnow\n|-sidestart|p2: rb2t z123z|move: Aurora Veil\n|move|p1a: Empoleon|Stealth Rock|p2a: Abomasnow\n|-sidestart|p2: rb2t z123z|move: Stealth Rock\n|\n|-weather|Snow|[upkeep]\n|upkeep\n|turn|2\n|\n|t:|1727033225\n|move|p2a: Abomasnow|Wood Hammer|p1a: Empoleon\n|-damage|p1a: Empoleon|146/278\n|-damage|p2a: Abomasnow|247/291|[from] Recoil\n|move|p1a: Empoleon|Flip Turn|p2a: Abomasnow\n|-resisted|p2a: Abomasnow\n|-damage|p2a: Abomasnow|236/291\n|\n|t:|1727033233\n|switch|p1a: Chandelure|Chandelure, L83, F|235/235|[from] Flip Turn\n|\n|-weather|Snow|[upkeep]\n|upkeep\n|turn|3\n|\n|t:|1727033247\n|switch|p2a: Lanturn|Lanturn, L89, F|367/367\n|move|p1a: Chandelure|Fire Blast|p2a: Lanturn|[miss]\n|-miss|p1a: Chandelure|p2a: Lanturn\n|\n|-weather|Snow|[upkeep]\n|upkeep\n|turn|4\n|\n|t:|1727033271\n|switch|p1a: Gothitelle|Gothitelle, L90, M|272/272\n|move|p2a: Lanturn|Volt Switch|p1a: Gothitelle\n|-damage|p1a: Gothitelle|220/272\n|\n|t:|1727033308\n|switch|p2a: Mienshao|Mienshao, L83, M|244/244|[from] Volt Switch\n|-damage|p2a: Mienshao|229/244|[from] Stealth Rock\n|\n|-weather|Snow|[upkeep]\n|upkeep\n|turn|5\n|\n|t:|1727033315\n|move|p1a: Gothitelle|Psychic|p2a: Mienshao\n|-supereffective|p2a: Mienshao\n|-damage|p2a: Mienshao|132/244\n|move|p2a: Mienshao|Knock Off|p1a: Gothitelle\n|-supereffective|p1a: Gothitelle\n|-damage|p1a: Gothitelle|78/272\n|-enditem|p1a: Gothitelle|Choice Scarf|[from] move: Knock Off|[of] p2a: Mienshao\n|\n|-weather|none\n|upkeep\n|turn|6\n|\n|t:|1727033318\n|move|p2a: Mienshao|U-turn|p1a: Gothitelle\n|-supereffective|p1a: Gothitelle\n|-damage|p1a: Gothitelle|0 fnt\n|faint|p1a: Gothitelle\n|\n|t:|1727033321\n|switch|p2a: Lanturn|Lanturn, L89, F|367/367|[from] U-turn\n|\n|upkeep\n|\n|t:|1727033330\n|switch|p1a: Kricketune|Kricketune, L99, M|312/312\n|turn|7\n|\n|t:|1727033362\n|move|p1a: Kricketune|Sticky Web|p2a: Lanturn\n|-sidestart|p2: rb2t z123z|move: Sticky Web\n|move|p2a: Lanturn|Scald|p1a: Kricketune\n|-damage|p1a: Kricketune|206/312\n|\n|upkeep\n|turn|8\n|\n|t:|1727033377\n|switch|p1a: Empoleon|Empoleon, L84, M|146/278\n|move|p2a: Lanturn|Scald|p1a: Empoleon\n|-resisted|p1a: Empoleon\n|-damage|p1a: Empoleon|111/278\n|\n|-heal|p1a: Empoleon|128/278|[from] item: Leftovers\n|-sideend|p2: rb2t z123z|move: Aurora Veil\n|upkeep\n|turn|9\n|\n|t:|1727033383\n|move|p2a: Lanturn|Thunderbolt|p1a: Empoleon\n|-supereffective|p1a: Empoleon\n|-damage|p1a: Empoleon|0 fnt\n|faint|p1a: Empoleon\n|\n|upkeep\n|\n|t:|1727033402\n|switch|p1a: Scrafty|Scrafty, L84, M|246/246\n|turn|10\n|\n|t:|1727033420\n|move|p2a: Lanturn|Thunder Wave|p1a: Scrafty\n|-status|p1a: Scrafty|par\n|move|p1a: Scrafty|Bulk Up|p1a: Scrafty\n|-boost|p1a: Scrafty|atk|1\n|-boost|p1a: Scrafty|def|1\n|\n|-activate|p1a: Scrafty|ability: Shed Skin\n|-curestatus|p1a: Scrafty|par|[msg]\n|upkeep\n|turn|11\n|\n|t:|1727033433\n|move|p2a: Lanturn|Volt Switch|p1a: Scrafty\n|-damage|p1a: Scrafty|192/246\n|\n|t:|1727033451\n|switch|p2a: Latios|Latios, L78, M|253/253|[from] Volt Switch\n|-damage|p2a: Latios|222/253|[from] Stealth Rock\n|move|p1a: Scrafty|Bulk Up|p1a: Scrafty\n|-boost|p1a: Scrafty|atk|1\n|-boost|p1a: Scrafty|def|1\n|\n|-heal|p1a: Scrafty|207/246|[from] item: Leftovers\n|upkeep\n|turn|12\n|\n|t:|1727033457\n|move|p2a: Latios|Draco Meteor|p1a: Scrafty\n|-damage|p1a: Scrafty|66/246\n|-unboost|p2a: Latios|spa|2\n|move|p1a: Scrafty|Knock Off|p2a: Latios\n|-supereffective|p2a: Latios\n|-damage|p2a: Latios|0 fnt\n|-enditem|p2a: Latios|Soul Dew|[from] move: Knock Off|[of] p1a: Scrafty\n|faint|p2a: Latios\n|\n|-heal|p1a: Scrafty|81/246|[from] item: Leftovers\n|upkeep\n|j| FloSoup\n|\n|t:|1727033481\n|switch|p2a: Mienshao|Mienshao, L83, M|213/244\n|-damage|p2a: Mienshao|198/244|[from] Stealth Rock\n|-activate|p2a: Mienshao|move: Sticky Web\n|-unboost|p2a: Mienshao|spe|1\n|turn|13\n|\n|t:|1727033512\n|-terastallize|p1a: Scrafty|Poison\n|move|p2a: Mienshao|Fake Out|p1a: Scrafty\n|-damage|p1a: Scrafty|68/246\n|cant|p1a: Scrafty|flinch\n|\n|-heal|p1a: Scrafty|83/246|[from] item: Leftovers\n|upkeep\n|turn|14\n|\n|t:|1727033554\n|move|p2a: Mienshao|Knock Off|p1a: Scrafty\n|-damage|p1a: Scrafty|51/246\n|-enditem|p1a: Scrafty|Leftovers|[from] move: Knock Off|[of] p2a: Mienshao\n|move|p1a: Scrafty|Drain Punch|p2a: Mienshao\n|-damage|p2a: Mienshao|9/244\n|-heal|p1a: Scrafty|146/246|[from] drain|[of] p2a: Mienshao\n|\n|upkeep\n|turn|15\n|\n|t:|1727033562\n|move|p2a: Mienshao|U-turn|p1a: Scrafty\n|-resisted|p1a: Scrafty\n|-damage|p1a: Scrafty|134/246\n|\n|t:|1727033567\n|switch|p2a: Lanturn|Lanturn, L89, F|367/367|[from] U-turn\n|move|p1a: Scrafty|Drain Punch|p2a: Lanturn\n|-damage|p2a: Lanturn|181/367\n|-heal|p1a: Scrafty|227/246|[from] drain|[of] p2a: Lanturn\n|\n|upkeep\n|turn|16\n|\n|t:|1727033570\n|move|p2a: Lanturn|Thunderbolt|p1a: Scrafty\n|-damage|p1a: Scrafty|160/246\n|move|p1a: Scrafty|Drain Punch|p2a: Lanturn\n|-damage|p2a: Lanturn|7/367\n|-heal|p1a: Scrafty|246/246|[from] drain|[of] p2a: Lanturn\n|\n|upkeep\n|turn|17\n|\n|t:|1727033573\n|move|p2a: Lanturn|Thunderbolt|p1a: Scrafty\n|-damage|p1a: Scrafty|170/246\n|move|p1a: Scrafty|Drain Punch|p2a: Lanturn\n|-damage|p2a: Lanturn|0 fnt\n|-heal|p1a: Scrafty|174/246|[from] drain|[of] p2a: Lanturn\n|faint|p2a: Lanturn\n|\n|upkeep\n|\n|t:|1727033575\n|switch|p2a: Zamazenta|Zamazenta-Crowned, L68|238/238\n|-damage|p2a: Zamazenta|231/238|[from] Stealth Rock\n|-activate|p2a: Zamazenta|move: Sticky Web\n|-unboost|p2a: Zamazenta|spe|1\n|-ability|p2a: Zamazenta|Dauntless Shield|boost\n|-boost|p2a: Zamazenta|def|1\n|turn|18\n|\n|t:|1727033579\n|move|p1a: Scrafty|Drain Punch|p2a: Zamazenta\n|-supereffective|p2a: Zamazenta\n|-damage|p2a: Zamazenta|73/238\n|-heal|p1a: Scrafty|246/246|[from] drain|[of] p2a: Zamazenta\n|move|p2a: Zamazenta|Iron Defense|p2a: Zamazenta\n|-boost|p2a: Zamazenta|def|2\n|\n|upkeep\n|turn|19\n|-message|rb2t z123z forfeited.\n|\n|win|Rb2t glow\n|raw|Rb2t glow's rating: 2221 &rarr; <strong>2241</strong><br />(+20 for winning)\n|raw|rb2t z123z's rating: 2221 &rarr; <strong>2201</strong><br />(-20 for losing)\n", "inputlog": ">version 63968d011d93e8d5cceb21489defd986c9eec87e\n>start {\"formatid\":\"gen9randombattle\",\"seed\":[22605,3155,29625,49940],\"rated\":\"Rated battle\"}\n>player p1 {\"name\":\"Rb2t glow\",\"avatar\":\"ash-kalos\",\"rating\":2221,\"seed\":[57883,42909,44037,31469]}\n>player p2 {\"name\":\"rb2t z123z\",\"avatar\":\"102\",\"rating\":2221,\"seed\":[64223,30712,2442,45663]}\n>p1 move stealthrock\n>p2 move auroraveil\n>p1 move flipturn\n>p2 move woodhammer\n>p1 switch 6\n>p1 move fireblast\n>p2 switch 3\n>p1 switch 4\n>p2 move voltswitch\n>p2 switch 4\n>p1 move psychic\n>p2 move knockoff\n>p1 move psychic\n>p2 move uturn\n>p2 switch 4\n>p1 switch 3\n>p1 move stickyweb\n>p2 move scald\n>p1 switch 6\n>p2 move scald\n>p1 move flipturn\n>p2 move thunderbolt\n>p1 switch 5\n>p1 move bulkup\n>p2 move thunderwave\n>p1 move bulkup\n>p2 move voltswitch\n>p2 switch 2\n>p1 move knockoff\n>p2 move dracometeor\n>p2 switch 4\n>p1 move drainpunch terastallize\n>p2 move fakeout\n>p1 move drainpunch\n>p2 move knockoff\n>p1 move drainpunch\n>p2 move uturn\n>p2 switch 2\n>p1 move drainpunch\n>p2 move thunderbolt\n>p1 move drainpunch\n>p2 move thunderbolt\n>p2 switch 6\n>p1 move drainpunch\n>p2 move irondefense\n>forcelose p2", "uploadtime": 1727033590, "views": 83, "formatid": "gen9randombattle", "rating": 2201, "private": 0, "password": null}