{"id": "gen9randombattle-2260668868", "format": "[Gen 9] Random Battle", "players": ["Elovizer", "usegooglechrome"], "log": "|j|\u2606Elovizer\n|j|\u2606usegooglechrome\n|t:|1733876157\n|gametype|singles\n|player|p1|Elovizer|265|1617\n|player|p2|usegooglechrome|170|1587\n|teamsize|p1|6\n|teamsize|p2|6\n|gen|9\n|tier|[Gen 9] Random Battle\n|rated|\n|rule|Species Clause: Limit one of each Pok\u00e9mon\n|rule|HP Percentage Mod: HP is shown in percentages\n|rule|Sleep Clause Mod: Limit one foe put to sleep\n|rule|Illusion Level Mod: Illusion disguises the Pok\u00e9mon's true level\n|\n|t:|1733876157\n|start\n|switch|p1a: Wo-Chien|Wo-Chien, L83|277/277\n|switch|p2a: Brute Bonnet|Brute Bonnet, L81|312/312\n|-ability|p1a: Wo-Chien|Tablets of Ruin\n|turn|1\n|inactive|Battle timer is ON: inactive players will automatically lose when time's up. (requested by Elovizer)\n|\n|t:|1733876195\n|move|p1a: Wo-Chien|Stun Spore|p2a: Brute Bonnet\n|-immune|p2a: Brute Bonnet\n|move|p2a: Brute Bonnet|Close Combat|p1a: Wo-Chien\n|-supereffective|p1a: Wo-Chien\n|-damage|p1a: Wo-Chien|93/277\n|-unboost|p2a: Brute Bonnet|def|1\n|-unboost|p2a: Brute Bonnet|spd|1\n|\n|-heal|p1a: Wo-Chien|110/277|[from] item: Leftovers\n|upkeep\n|turn|2\n|\n|t:|1733876211\n|switch|p1a: Giratina|Giratina, L75|349/349\n|-ability|p1a: Giratina|Pressure\n|move|p2a: Brute Bonnet|Close Combat|p1a: Giratina\n|-immune|p1a: Giratina\n|\n|upkeep\n|turn|3\n|\n|t:|1733876223\n|-end|p2a: Brute Bonnet|Protosynthesis|[silent]\n|switch|p2a: Chandelure|Chandelure, L83, M|235/235\n|move|p1a: Giratina|Dragon Tail|p2a: Chandelure\n|-damage|p2a: Chandelure|183/235\n|drag|p2a: Kyurem|Kyurem-Black, L71|295/295\n|-ability|p2a: Kyurem|Teravolt\n|\n|upkeep\n|turn|4\n|\n|t:|1733876243\n|switch|p2a: Jirachi|Jirachi, L80|291/291\n|move|p1a: Giratina|Dragon Tail|p2a: Jirachi\n|-resisted|p2a: Jirachi\n|-damage|p2a: Jirachi|264/291\n|drag|p2a: Brute Bonnet|Brute Bonnet, L81|312/312\n|\n|upkeep\n|turn|5\n|\n|t:|1733876257\n|switch|p1a: Wo-Chien|Wo-Chien, L83|110/277\n|-ability|p1a: Wo-Chien|Tablets of Ruin\n|move|p2a: Brute Bonnet|Crunch|p1a: Wo-Chien\n|-resisted|p1a: Wo-Chien\n|-damage|p1a: Wo-Chien|60/277\n|\n|-heal|p1a: Wo-Chien|77/277|[from] item: Leftovers\n|upkeep\n|turn|6\n|\n|t:|1733876269\n|move|p1a: Wo-Chien|Knock Off|p2a: Brute Bonnet\n|-resisted|p2a: Brute Bonnet\n|-crit|p2a: Brute Bonnet\n|-damage|p2a: Brute Bonnet|248/312\n|-enditem|p2a: Brute Bonnet|Choice Band|[from] move: Knock Off|[of] p1a: Wo-Chien\n|move|p2a: Brute Bonnet|Crunch|p1a: Wo-Chien\n|-resisted|p1a: Wo-Chien\n|-damage|p1a: Wo-Chien|40/277\n|\n|-heal|p1a: Wo-Chien|57/277|[from] item: Leftovers\n|upkeep\n|turn|7\n|\n|t:|1733876286\n|move|p1a: Wo-Chien|Ruination|p2a: Brute Bonnet\n|-damage|p2a: Brute Bonnet|124/312\n|move|p2a: Brute Bonnet|Crunch|p1a: Wo-Chien\n|-resisted|p1a: Wo-Chien\n|-damage|p1a: Wo-Chien|24/277\n|\n|-heal|p1a: Wo-Chien|41/277|[from] item: Leftovers\n|upkeep\n|turn|8\n|\n|t:|1733876293\n|move|p1a: Wo-Chien|Ruination|p2a: Brute Bonnet\n|-damage|p2a: Brute Bonnet|62/312\n|move|p2a: Brute Bonnet|Crunch|p1a: Wo-Chien\n|-resisted|p1a: Wo-Chien\n|-damage|p1a: Wo-Chien|9/277\n|\n|-heal|p1a: Wo-Chien|26/277|[from] item: Leftovers\n|upkeep\n|turn|9\n|\n|t:|1733876308\n|move|p2a: Brute Bonnet|Sucker Punch|p1a: Wo-Chien\n|-resisted|p1a: Wo-Chien\n|-damage|p1a: Wo-Chien|0 fnt\n|faint|p1a: Wo-Chien\n|\n|upkeep\n|inactive|Elovizer has 120 seconds left.\n|\n|t:|1733876334\n|switch|p1a: Snorlax|Snorlax, L82, M|397/397\n|turn|10\n|inactive|Elovizer has 90 seconds left.\n|\n|t:|1733876367\n|switch|p1a: Houndstone|Houndstone, L86, F|264/264\n|move|p2a: Brute Bonnet|Close Combat|p1a: Houndstone\n|-immune|p1a: Houndstone\n|\n|upkeep\n|turn|11\n|inactive|Elovizer has 90 seconds left.\n|\n|t:|1733876380\n|move|p2a: Brute Bonnet|Sucker Punch|p1a: Houndstone\n|-supereffective|p1a: Houndstone\n|-damage|p1a: Houndstone|191/264\n|move|p1a: Houndstone|Body Press|p2a: Brute Bonnet\n|-supereffective|p2a: Brute Bonnet\n|-damage|p2a: Brute Bonnet|0 fnt\n|faint|p2a: Brute Bonnet\n|-end|p2a: Brute Bonnet|Protosynthesis|[silent]\n|\n|upkeep\n|\n|t:|1733876403\n|switch|p2a: Chandelure|Chandelure, L83, M|183/235\n|turn|12\n|inactive|Elovizer has 90 seconds left.\n|\n|t:|1733876432\n|move|p2a: Chandelure|Trick|p1a: Houndstone\n|-activate|p2a: Chandelure|move: Trick|[of] p1a: Houndstone\n|-item|p1a: Houndstone|Choice Scarf|[from] move: Trick\n|-item|p2a: Chandelure|Assault Vest|[from] move: Trick\n|move|p1a: Houndstone|Poltergeist|p2a: Chandelure\n|-activate|p2a: Chandelure|move: Poltergeist|Assault Vest\n|-supereffective|p2a: Chandelure\n|-damage|p2a: Chandelure|0 fnt\n|faint|p2a: Chandelure\n|\n|upkeep\n|\n|t:|1733876440\n|switch|p2a: Leafeon|Leafeon, L88, F|258/258\n|turn|13\n|\n|t:|1733876445\n|-terastallize|p2a: Leafeon|Normal\n|move|p1a: Houndstone|Poltergeist|p2a: Leafeon\n|-immune|p2a: Leafeon\n|move|p2a: Leafeon|Swords Dance|p2a: Leafeon\n|-boost|p2a: Leafeon|atk|2\n|\n|upkeep\n|turn|14\n|\n|t:|1733876454\n|switch|p1a: Giratina|Giratina, L75|349/349\n|-ability|p1a: Giratina|Pressure\n|move|p2a: Leafeon|Swords Dance|p2a: Leafeon\n|-boost|p2a: Leafeon|atk|2\n|\n|upkeep\n|turn|15\n|\n|t:|1733876463\n|move|p2a: Leafeon|Leaf Blade|p1a: Giratina\n|-resisted|p1a: Giratina\n|-damage|p1a: Giratina|146/349\n|-damage|p2a: Leafeon|233/258|[from] item: Life Orb\n|move|p1a: Giratina|Dragon Tail|p2a: Leafeon\n|-damage|p2a: Leafeon|193/258\n|drag|p2a: Medicham|Medicham, L86, M|243/243\n|\n|upkeep\n|turn|16\n|\n|t:|1733876484\n|move|p2a: Medicham|Ice Punch|p1a: Giratina\n|-supereffective|p1a: Giratina\n|-crit|p1a: Giratina\n|-damage|p1a: Giratina|0 fnt\n|faint|p1a: Giratina\n|\n|upkeep\n|\n|t:|1733876491\n|switch|p1a: Snorlax|Snorlax, L82, M|397/397\n|turn|17\n|\n|t:|1733876520\n|switch|p2a: Jirachi|Jirachi, L80|264/291\n|move|p1a: Snorlax|Curse|p1a: Snorlax\n|-unboost|p1a: Snorlax|spe|1\n|-boost|p1a: Snorlax|atk|1\n|-boost|p1a: Snorlax|def|1\n|\n|-heal|p2a: Jirachi|282/291|[from] item: Leftovers\n|upkeep\n|turn|18\n|\n|t:|1733876532\n|move|p2a: Jirachi|Iron Head|p1a: Snorlax\n|-damage|p1a: Snorlax|327/397\n|cant|p1a: Snorlax|flinch\n|\n|-heal|p2a: Jirachi|291/291|[from] item: Leftovers\n|-heal|p1a: Snorlax|351/397|[from] item: Leftovers\n|upkeep\n|turn|19\n|\n|t:|1733876538\n|move|p2a: Jirachi|Iron Head|p1a: Snorlax\n|-damage|p1a: Snorlax|281/397\n|cant|p1a: Snorlax|flinch\n|\n|-heal|p1a: Snorlax|305/397|[from] item: Leftovers\n|upkeep\n|turn|20\n|\n|t:|1733876558\n|move|p2a: Jirachi|Iron Head|p1a: Snorlax\n|-damage|p1a: Snorlax|235/397\n|cant|p1a: Snorlax|flinch\n|\n|-heal|p1a: Snorlax|259/397|[from] item: Leftovers\n|upkeep\n|turn|21\n|\n|t:|1733876563\n|move|p2a: Jirachi|Iron Head|p1a: Snorlax\n|-damage|p1a: Snorlax|190/397\n|move|p1a: Snorlax|Curse|p1a: Snorlax\n|-unboost|p1a: Snorlax|spe|1\n|-boost|p1a: Snorlax|atk|1\n|-boost|p1a: Snorlax|def|1\n|\n|-heal|p1a: Snorlax|214/397|[from] item: Leftovers\n|upkeep\n|turn|22\n|\n|t:|1733876571\n|move|p2a: Jirachi|U-turn|p1a: Snorlax\n|-damage|p1a: Snorlax|184/397\n|\n|t:|1733876572\n|switch|p2a: Medicham|Medicham, L86, M|243/243|[from] U-turn\n|move|p1a: Snorlax|Curse|p1a: Snorlax\n|-unboost|p1a: Snorlax|spe|1\n|-boost|p1a: Snorlax|atk|1\n|-boost|p1a: Snorlax|def|1\n|\n|-heal|p1a: Snorlax|208/397|[from] item: Leftovers\n|upkeep\n|turn|23\n|\n|t:|1733876579\n|move|p2a: Medicham|Close Combat|p1a: Snorlax\n|-supereffective|p1a: Snorlax\n|-damage|p1a: Snorlax|0 fnt\n|-unboost|p2a: Medicham|def|1\n|-unboost|p2a: Medicham|spd|1\n|faint|p1a: Snorlax\n|\n|upkeep\n|c|\u2606usegooglechrome|omnomnom\n|inactive|Elovizer has 120 seconds left.\n|\n|t:|1733876599\n|switch|p1a: Houndstone|Houndstone, L86, F|191/264\n|turn|24\n|inactive|Elovizer has 120 seconds left.\n|\n|t:|1733876606\n|switch|p2a: Jirachi|Jirachi, L80|291/291\n|move|p1a: Houndstone|Play Rough|p2a: Jirachi\n|-resisted|p2a: Jirachi\n|-damage|p2a: Jirachi|257/291\n|\n|-heal|p2a: Jirachi|275/291|[from] item: Leftovers\n|upkeep\n|turn|25\n|\n|t:|1733876621\n|switch|p1a: Vaporeon|Vaporeon, L86, M|364/364\n|move|p2a: Jirachi|U-turn|p1a: Vaporeon\n|-damage|p1a: Vaporeon|308/364\n|\n|t:|1733876624\n|switch|p2a: Leafeon|Leafeon, L88, F, tera:Normal|193/258|[from] U-turn\n|\n|-heal|p1a: Vaporeon|330/364|[from] item: Leftovers\n|upkeep\n|turn|26\n|\n|t:|1733876634\n|move|p2a: Leafeon|Swords Dance|p2a: Leafeon\n|-boost|p2a: Leafeon|atk|2\n|move|p1a: Vaporeon|Roar|p2a: Leafeon\n|drag|p2a: Jirachi|Jirachi, L80|275/291\n|\n|-heal|p2a: Jirachi|291/291|[from] item: Leftovers\n|-heal|p1a: Vaporeon|352/364|[from] item: Leftovers\n|upkeep\n|turn|27\n|\n|t:|1733876639\n|move|p2a: Jirachi|Wish|p2a: Jirachi\n|move|p1a: Vaporeon|Scald|p2a: Jirachi\n|-damage|p2a: Jirachi|194/291\n|\n|-heal|p2a: Jirachi|212/291|[from] item: Leftovers\n|-heal|p1a: Vaporeon|364/364|[from] item: Leftovers\n|upkeep\n|turn|28\n|\n|t:|1733876645\n|switch|p2a: Leafeon|Leafeon, L88, F, tera:Normal|193/258\n|move|p1a: Vaporeon|Scald|p2a: Leafeon\n|-damage|p2a: Leafeon|72/258\n|\n|-heal|p2a: Leafeon|217/258|[from] move: Wish|[wisher] Jirachi\n|upkeep\n|turn|29\n|\n|t:|1733876658\n|switch|p1a: Houndstone|Houndstone, L86, F|191/264\n|move|p2a: Leafeon|Leaf Blade|p1a: Houndstone\n|-damage|p1a: Houndstone|127/264\n|-damage|p2a: Leafeon|192/258|[from] item: Life Orb\n|\n|upkeep\n|turn|30\n|\n|t:|1733876677\n|switch|p2a: Medicham|Medicham, L86, M|243/243\n|move|p1a: Houndstone|Body Press|p2a: Medicham\n|-resisted|p2a: Medicham\n|-damage|p2a: Medicham|208/243\n|\n|upkeep\n|turn|31\n|\n|t:|1733876691\n|move|p1a: Houndstone|Body Press|p2a: Medicham\n|-resisted|p2a: Medicham\n|-damage|p2a: Medicham|177/243\n|move|p2a: Medicham|Zen Headbutt|p1a: Houndstone\n|-damage|p1a: Houndstone|46/264\n|\n|upkeep\n|turn|32\n|\n|t:|1733876700\n|switch|p1a: Vaporeon|Vaporeon, L86, M|364/364\n|move|p2a: Medicham|Zen Headbutt|p1a: Vaporeon|[miss]\n|-miss|p2a: Medicham|p1a: Vaporeon\n|\n|upkeep\n|turn|33\n|\n|t:|1733876708\n|move|p2a: Medicham|Zen Headbutt|p1a: Vaporeon\n|-damage|p1a: Vaporeon|135/364\n|move|p1a: Vaporeon|Wish|p1a: Vaporeon\n|\n|-heal|p1a: Vaporeon|157/364|[from] item: Leftovers\n|upkeep\n|turn|34\n|\n|t:|1733876719\n|move|p1a: Vaporeon|Protect|p1a: Vaporeon\n|-singleturn|p1a: Vaporeon|Protect\n|move|p2a: Medicham|Zen Headbutt|p1a: Vaporeon\n|-activate|p1a: Vaporeon|move: Protect\n|\n|-heal|p1a: Vaporeon|339/364|[from] move: Wish|[wisher] Vaporeon\n|-heal|p1a: Vaporeon|361/364|[from] item: Leftovers\n|upkeep\n|turn|35\n|\n|t:|1733876732\n|move|p2a: Medicham|Zen Headbutt|p1a: Vaporeon\n|-damage|p1a: Vaporeon|114/364\n|move|p1a: Vaporeon|Scald|p2a: Medicham\n|-damage|p2a: Medicham|62/243\n|-status|p2a: Medicham|brn\n|\n|-heal|p1a: Vaporeon|136/364|[from] item: Leftovers\n|-damage|p2a: Medicham|47/243 brn|[from] brn\n|upkeep\n|turn|36\n|\n|t:|1733876743\n|move|p1a: Vaporeon|Protect|p1a: Vaporeon\n|-singleturn|p1a: Vaporeon|Protect\n|move|p2a: Medicham|Zen Headbutt|p1a: Vaporeon\n|-activate|p1a: Vaporeon|move: Protect\n|\n|-heal|p1a: Vaporeon|158/364|[from] item: Leftovers\n|-damage|p2a: Medicham|32/243 brn|[from] brn\n|upkeep\n|turn|37\n|\n|t:|1733876751\n|move|p2a: Medicham|Zen Headbutt|p1a: Vaporeon\n|-damage|p1a: Vaporeon|41/364\n|move|p1a: Vaporeon|Scald|p2a: Medicham\n|-damage|p2a: Medicham|0 fnt\n|faint|p2a: Medicham\n|\n|-heal|p1a: Vaporeon|63/364|[from] item: Leftovers\n|upkeep\n|inactive|usegooglechrome has 120 seconds left.\n|inactive|usegooglechrome has 90 seconds left.\n|\n|t:|1733876811\n|switch|p2a: Kyurem|Kyurem-Black, L71|295/295\n|-ability|p2a: Kyurem|Teravolt\n|turn|38\n|\n|t:|1733876824\n|move|p2a: Kyurem|Scale Shot|p1a: Vaporeon\n|-damage|p1a: Vaporeon|21/364\n|-damage|p1a: Vaporeon|0 fnt\n|faint|p1a: Vaporeon\n|-hitcount|p1: Vaporeon|2\n|-unboost|p2a: Kyurem|def|1\n|-boost|p2a: Kyurem|spe|1\n|\n|upkeep\n|\n|t:|1733876837\n|switch|p1a: Houndstone|Houndstone, L86, F|46/264\n|turn|39\n|inactive|Elovizer has 120 seconds left.\n|inactive|usegooglechrome has 90 seconds left.\n|\n|t:|1733876884\n|move|p1a: Houndstone|Shadow Sneak|p2a: Kyurem\n|-damage|p2a: Kyurem|220/295\n|move|p2a: Kyurem|Icicle Spear|p1a: Houndstone\n|-damage|p1a: Houndstone|16/264\n|-damage|p1a: Houndstone|0 fnt\n|faint|p1a: Houndstone\n|-hitcount|p1: Houndstone|2\n|\n|upkeep\n|\n|t:|1733876894\n|switch|p1a: Ogerpon|Ogerpon, L80, F|259/259\n|turn|40\n|inactive|usegooglechrome has 90 seconds left.\n|inactive|Elovizer has 90 seconds left.\n|\n|t:|1733876921\n|-terastallize|p1a: Ogerpon|Grass\n|detailschange|p1a: Ogerpon|Ogerpon-Teal-Tera, L80, F, tera:Grass\n|-ability|p1a: Ogerpon|Embody Aspect (Teal)|boost\n|-boost|p1a: Ogerpon|spe|1\n|move|p1a: Ogerpon|Ivy Cudgel|p2a: Kyurem\n|-resisted|p2a: Kyurem\n|-damage|p2a: Kyurem|52/295\n|-damage|p1a: Ogerpon|234/259|[from] item: Life Orb\n|move|p2a: Kyurem|Icicle Spear|p1a: Ogerpon\n|-supereffective|p1a: Ogerpon\n|-damage|p1a: Ogerpon|162/259\n|-supereffective|p1a: Ogerpon\n|-damage|p1a: Ogerpon|96/259\n|-supereffective|p1a: Ogerpon\n|-damage|p1a: Ogerpon|24/259\n|-supereffective|p1a: Ogerpon\n|-damage|p1a: Ogerpon|0 fnt\n|faint|p1a: Ogerpon\n|-hitcount|p1: Ogerpon|4\n|\n|win|usegooglechrome\n|raw|Elovizer's rating: 1617 &rarr; <strong>1595</strong><br />(-22 for losing)\n|raw|usegooglechrome's rating: 1587 &rarr; <strong>1609</strong><br />(+22 for winning)\n", "inputlog": ">version bfd83cad13791eb5a5a409923076391caf6fb4d4\n>start {\"formatid\":\"gen9randombattle\",\"seed\":[61330,33045,4238,32480],\"rated\":\"Rated battle\"}\n>player p1 {\"name\":\"Elovizer\",\"avatar\":\"265\",\"rating\":1617,\"seed\":[14447,39973,8393,26953]}\n>player p2 {\"name\":\"usegooglechrome\",\"avatar\":\"170\",\"rating\":1587,\"seed\":[12995,41080,7979,15899]}\n>p1 move stunspore\n>p2 move closecombat\n>p1 switch 2\n>p2 move closecombat\n>p1 move dragontail\n>p2 switch 5\n>p1 move dragontail\n>p2 switch 3\n>p1 switch 2\n>p2 move crunch\n>p1 move knockoff\n>p2 move crunch\n>p1 move ruination\n>p2 move crunch\n>p1 move ruination\n>p2 move crunch\n>p1 move gigadrain\n>p2 move suckerpunch\n>p1 switch 5\n>p1 switch 6\n>p2 move closecombat\n>p1 move bodypress\n>p2 move suckerpunch\n>p2 switch 6\n>p1 move poltergeist\n>p2 move trick\n>p2 switch 2\n>p1 move poltergeist\n>p2 move swordsdance terastallize\n>p1 switch 2\n>p2 move swordsdance\n>p1 move dragontail\n>p2 move leafblade\n>p1 move shadowball\n>p2 move icepunch\n>p1 switch 6\n>p1 move curse\n>p2 switch 5\n>p1 move bodyslam\n>p2 move ironhead\n>p1 move bodyslam\n>p2 move ironhead\n>p1 move curse\n>p2 move ironhead\n>p1 move curse\n>p2 move ironhead\n>p1 move curse\n>p2 move uturn\n>p2 switch 5\n>p1 move bodyslam\n>p2 move closecombat\n>chat \u2606usegooglechrome|omnomnom\n>p1 switch 2\n>p1 move playrough\n>p2 switch 5\n>p1 switch 4\n>p2 move uturn\n>p2 switch 4\n>p1 move roar\n>p2 move swordsdance\n>p1 move scald\n>p2 move wish\n>p1 move scald\n>p2 switch 4\n>p1 switch 4\n>p2 move leafblade\n>p1 move bodypress\n>p2 switch 5\n>p1 move bodypress\n>p2 move zenheadbutt\n>p1 switch 4\n>p2 move zenheadbutt\n>p1 move wish\n>p2 move zenheadbutt\n>p1 move protect\n>p2 move zenheadbutt\n>p1 move scald\n>p2 move zenheadbutt\n>p1 move protect\n>p2 move zenheadbutt\n>p1 move scald\n>p2 move zenheadbutt\n>p2 switch 3\n>p1 move wish\n>p2 move scaleshot\n>p1 switch 4\n>p1 move shadowsneak\n>p2 move iciclespear\n>p1 switch 3\n>p1 move ivycudgel terastallize\n>p2 move iciclespear", "uploadtime": 1733876936, "views": 1, "formatid": "gen9randombattle", "rating": 1595, "private": 0, "password": null}