{"id": "gen9randombattle-2260844887", "format": "[Gen 9] Random Battle", "players": ["mathysocks", "Gnaig3"], "log": "|j|\u2606mathysocks\n|j|\u2606Gnaig3\n|t:|1733902885\n|gametype|singles\n|player|p1|mathysocks|170|1590\n|player|p2|Gnaig3|2|1635\n|teamsize|p1|6\n|teamsize|p2|6\n|gen|9\n|tier|[Gen 9] Random Battle\n|rated|\n|rule|Species Clause: Limit one of each Pok\u00e9mon\n|rule|HP Percentage Mod: HP is shown in percentages\n|rule|Sleep Clause Mod: Limit one foe put to sleep\n|rule|Illusion Level Mod: Illusion disguises the Pok\u00e9mon's true level\n|\n|t:|1733902885\n|start\n|switch|p1a: Basculin|Basculin-Blue-Striped, L86, F|261/261\n|switch|p2a: Electivire|Electivire, L84, F|263/263\n|turn|1\n|\n|t:|1733902891\n|move|p1a: Basculin|Flip Turn|p2a: Electivire\n|-damage|p2a: Electivire|113/263\n|inactive|Battle timer is ON: inactive players will automatically lose when time's up. (requested by Gnaig3)\n|\n|t:|1733902898\n|switch|p1a: Rampardos|Rampardos, L90, M|321/321|[from] Flip Turn\n|move|p2a: Electivire|Supercell Slam|p1a: Rampardos\n|-crit|p1a: Rampardos\n|-damage|p1a: Rampardos|0 fnt\n|faint|p1a: Rampardos\n|-damage|p2a: Electivire|87/263|[from] item: Life Orb\n|\n|upkeep\n|\n|t:|1733902903\n|switch|p1a: Basculin|Basculin-Blue-Striped, L86, F|261/261\n|turn|2\n|\n|t:|1733902908\n|switch|p2a: Hitmontop|Hitmontop, L88, M|231/231\n|-ability|p2a: Hitmontop|Intimidate|boost\n|-unboost|p1a: Basculin|atk|1\n|move|p1a: Basculin|Wave Crash|p2a: Hitmontop\n|-damage|p2a: Hitmontop|79/231\n|-damage|p1a: Basculin|211/261|[from] Recoil\n|\n|upkeep\n|turn|3\n|\n|t:|1733902912\n|switch|p2a: Golduck|Golduck, L90, F|290/290\n|-ability|p2a: Golduck|Cloud Nine\n|move|p1a: Basculin|Wave Crash|p2a: Golduck\n|-resisted|p2a: Golduck\n|-damage|p2a: Golduck|207/290\n|-damage|p1a: Basculin|184/261|[from] Recoil\n|\n|-heal|p2a: Golduck|225/290|[from] item: Leftovers\n|upkeep\n|turn|4\n|\n|t:|1733902921\n|switch|p1a: Oricorio|Oricorio-Sensu, L85, M|266/266\n|switch|p2a: Gothitelle|Gothitelle, L90, M|272/272\n|\n|upkeep\n|turn|5\n|\n|t:|1733902931\n|move|p2a: Gothitelle|Trick|p1a: Oricorio\n|-activate|p2a: Gothitelle|move: Trick|[of] p1a: Oricorio\n|-item|p1a: Oricorio|Choice Scarf|[from] move: Trick\n|-item|p2a: Gothitelle|Heavy-Duty Boots|[from] move: Trick\n|move|p1a: Oricorio|Quiver Dance|p1a: Oricorio\n|-boost|p1a: Oricorio|spa|1\n|-boost|p1a: Oricorio|spd|1\n|-boost|p1a: Oricorio|spe|1\n|\n|upkeep\n|turn|6\n|\n|t:|1733902935\n|switch|p1a: Comfey|Comfey, L85, M|225/225\n|move|p2a: Gothitelle|Dark Pulse|p1a: Comfey\n|-resisted|p1a: Comfey\n|-damage|p1a: Comfey|199/225\n|\n|-heal|p1a: Comfey|213/225|[from] item: Leftovers\n|upkeep\n|turn|7\n|\n|t:|1733902942\n|move|p1a: Comfey|Calm Mind|p1a: Comfey\n|-boost|p1a: Comfey|spa|1\n|-boost|p1a: Comfey|spd|1\n|move|p2a: Gothitelle|Trick|p1a: Comfey\n|-activate|p2a: Gothitelle|move: Trick|[of] p1a: Comfey\n|-item|p1a: Comfey|Heavy-Duty Boots|[from] move: Trick\n|-item|p2a: Gothitelle|Leftovers|[from] move: Trick\n|\n|upkeep\n|turn|8\n|\n|t:|1733902950\n|switch|p2a: Golduck|Golduck, L90, F|225/290\n|-ability|p2a: Golduck|Cloud Nine\n|move|p1a: Comfey|Calm Mind|p1a: Comfey\n|-boost|p1a: Comfey|spa|1\n|-boost|p1a: Comfey|spd|1\n|\n|-heal|p2a: Golduck|243/290|[from] item: Leftovers\n|upkeep\n|turn|9\n|\n|t:|1733902959\n|move|p1a: Comfey|Calm Mind|p1a: Comfey\n|-boost|p1a: Comfey|spa|1\n|-boost|p1a: Comfey|spd|1\n|move|p2a: Golduck|Encore|p1a: Comfey\n|-start|p1a: Comfey|Encore\n|\n|-heal|p2a: Golduck|261/290|[from] item: Leftovers\n|upkeep\n|turn|10\n|\n|t:|1733902964\n|move|p1a: Comfey|Calm Mind|p1a: Comfey\n|-boost|p1a: Comfey|spa|1\n|-boost|p1a: Comfey|spd|1\n|move|p2a: Golduck|Nasty Plot|p2a: Golduck\n|-boost|p2a: Golduck|spa|2\n|\n|-heal|p2a: Golduck|279/290|[from] item: Leftovers\n|upkeep\n|turn|11\n|\n|t:|1733902975\n|move|p1a: Comfey|Calm Mind|p1a: Comfey\n|-boost|p1a: Comfey|spa|1\n|-boost|p1a: Comfey|spd|1\n|move|p2a: Golduck|Hydro Pump|p1a: Comfey\n|-damage|p1a: Comfey|149/225\n|\n|-heal|p2a: Golduck|290/290|[from] item: Leftovers\n|upkeep\n|turn|12\n|\n|t:|1733902978\n|move|p1a: Comfey|Calm Mind|p1a: Comfey\n|-boost|p1a: Comfey|spa|1\n|-boost|p1a: Comfey|spd|1\n|move|p2a: Golduck|Hydro Pump|p1a: Comfey|[miss]\n|-miss|p2a: Golduck|p1a: Comfey\n|\n|-end|p1a: Comfey|Encore\n|upkeep\n|turn|13\n|\n|t:|1733902984\n|move|p1a: Comfey|Draining Kiss|p2a: Golduck\n|-damage|p2a: Golduck|109/290\n|-heal|p1a: Comfey|225/225|[from] drain|[of] p2a: Golduck\n|move|p2a: Golduck|Hydro Pump|p1a: Comfey\n|-damage|p1a: Comfey|174/225\n|\n|-heal|p2a: Golduck|127/290|[from] item: Leftovers\n|upkeep\n|turn|14\n|\n|t:|1733902991\n|move|p1a: Comfey|Draining Kiss|p2a: Golduck\n|-damage|p2a: Golduck|0 fnt\n|-heal|p1a: Comfey|225/225|[from] drain|[of] p2a: Golduck\n|faint|p2a: Golduck\n|\n|upkeep\n|-message|Gnaig3 forfeited.\n|\n|win|mathysocks\n|raw|mathysocks's rating: 1590 &rarr; <strong>1613</strong><br />(+23 for winning)\n|raw|Gnaig3's rating: 1635 &rarr; <strong>1612</strong><br />(-23 for losing)\n|l|\u2606Gnaig3\n|player|p2|\n", "inputlog": ">version bfd83cad13791eb5a5a409923076391caf6fb4d4\n>start {\"formatid\":\"gen9randombattle\",\"seed\":[31599,32341,46519,34706],\"rated\":\"Rated battle\"}\n>player p1 {\"name\":\"mathysocks\",\"avatar\":\"170\",\"rating\":1590,\"seed\":[25808,9918,54863,45139]}\n>player p2 {\"name\":\"Gnaig3\",\"avatar\":\"2\",\"rating\":1635,\"seed\":[57873,16816,42423,11539]}\n>p1 move flipturn\n>p2 move supercellslam\n>p1 switch 5\n>p1 switch 5\n>p1 move wavecrash\n>p2 switch 6\n>p1 move wavecrash\n>p2 switch 5\n>p1 switch 2\n>p2 switch 3\n>p1 move quiverdance\n>p2 move trick\n>p1 switch 4\n>p2 move darkpulse\n>p1 move calmmind\n>p2 move trick\n>p1 move calmmind\n>p2 switch 3\n>p1 move calmmind\n>p2 move encore\n>p1 move calmmind\n>p2 move nastyplot\n>p1 move calmmind\n>p2 move hydropump\n>p1 move calmmind\n>p2 move hydropump\n>p1 move drainingkiss\n>p2 move hydropump\n>p1 move drainingkiss\n>p2 move hydropump\n>forcelose p2", "uploadtime": 1733902996, "views": 1, "formatid": "gen9randombattle", "rating": 1612, "private": 0, "password": null}