{"id": "gen9randombattle-2260555553", "format": "[Gen 9] Random Battle", "players": ["asdasdasdfsdfdsf", "omomomomamoma"], "log": "|j|\u2606asdasdasdfsdfdsf\n|j|\u2606omomomomamoma\n|t:|1733863131\n|gametype|singles\n|player|p1|asdasdasdfsdfdsf|wattson|1747\n|player|p2|omomomomamoma|101|1763\n|teamsize|p1|6\n|teamsize|p2|6\n|gen|9\n|tier|[Gen 9] Random Battle\n|rated|\n|rule|Species Clause: Limit one of each Pok\u00e9mon\n|rule|HP Percentage Mod: HP is shown in percentages\n|rule|Sleep Clause Mod: Limit one foe put to sleep\n|rule|Illusion Level Mod: Illusion disguises the Pok\u00e9mon's true level\n|\n|t:|1733863131\n|start\n|switch|p1a: Exeggutor|Exeggutor-Alola, L89, M|314/314\n|switch|p2a: Bellossom|Bellossom, L84, F|263/263\n|-item|p2a: Bellossom|Leftovers|[from] ability: Frisk|[of] p1a: Exeggutor\n|turn|1\n|inactive|Battle timer is ON: inactive players will automatically lose when time's up. (requested by omomomomamoma)\n|inactive|asdasdasdfsdfdsf has 120 seconds left.\n|inactive|asdasdasdfsdfdsf has 90 seconds left.\n|\n|t:|1733863200\n|switch|p2a: Alcremie|Alcremie-Caramel-Swirl, L90, F|263/263\n|move|p1a: Exeggutor|Flamethrower|p2a: Alcremie\n|-damage|p2a: Alcremie|169/263\n|-status|p2a: Alcremie|brn\n|\n|-heal|p2a: Alcremie|185/263 brn|[from] item: Leftovers\n|-damage|p2a: Alcremie|169/263 brn|[from] brn\n|upkeep\n|turn|2\n|\n|t:|1733863213\n|move|p2a: Alcremie|Recover|p2a: Alcremie\n|-heal|p2a: Alcremie|263/263 brn\n|move|p1a: Exeggutor|Flamethrower|p2a: Alcremie\n|-damage|p2a: Alcremie|162/263 brn\n|\n|-heal|p2a: Alcremie|178/263 brn|[from] item: Leftovers\n|-damage|p2a: Alcremie|162/263 brn|[from] brn\n|upkeep\n|turn|3\n|\n|t:|1733863220\n|switch|p2a: Muk|Muk-Alola, L82, F|306/306\n|move|p1a: Exeggutor|Flamethrower|p2a: Muk\n|-damage|p2a: Muk|218/306\n|\n|upkeep\n|turn|4\n|\n|t:|1733863228\n|switch|p1a: Delibird|Delibird, M|252/252\n|move|p2a: Muk|Ice Punch|p1a: Delibird\n|-damage|p1a: Delibird|179/252\n|\n|upkeep\n|turn|5\n|\n|t:|1733863243\n|move|p1a: Delibird|Brave Bird|p2a: Muk\n|-damage|p2a: Muk|71/306\n|-damage|p1a: Delibird|130/252|[from] Recoil\n|move|p2a: Muk|Poison Jab|p1a: Delibird\n|-damage|p1a: Delibird|6/252\n|-status|p1a: Delibird|psn|[from] ability: Poison Touch|[of] p2a: Muk\n|\n|-damage|p1a: Delibird|0 fnt|[from] psn\n|faint|p1a: Delibird\n|upkeep\n|\n|t:|1733863258\n|switch|p1a: Exeggutor|Exeggutor-Alola, L89, M|314/314\n|-item|p2a: Muk|Assault Vest|[from] ability: Frisk|[of] p1a: Exeggutor\n|turn|6\n|\n|t:|1733863262\n|move|p1a: Exeggutor|Flamethrower|p2a: Muk\n|-damage|p2a: Muk|0 fnt\n|faint|p2a: Muk\n|\n|upkeep\n|\n|t:|1733863271\n|switch|p2a: Alcremie|Alcremie-Caramel-Swirl, L90, F|162/263 brn\n|turn|7\n|\n|t:|1733863274\n|move|p2a: Alcremie|Alluring Voice|p1a: Exeggutor\n|-supereffective|p1a: Exeggutor\n|-damage|p1a: Exeggutor|92/314\n|move|p1a: Exeggutor|Flamethrower|p2a: Alcremie\n|-damage|p2a: Alcremie|74/263 brn\n|\n|-heal|p2a: Alcremie|90/263 brn|[from] item: Leftovers\n|-damage|p2a: Alcremie|74/263 brn|[from] brn\n|upkeep\n|turn|8\n|\n|t:|1733863286\n|switch|p1a: Delphox|Delphox, L84, F|263/263\n|move|p2a: Alcremie|Alluring Voice|p1a: Delphox\n|-resisted|p1a: Delphox\n|-damage|p1a: Delphox|218/263\n|\n|-heal|p2a: Alcremie|90/263 brn|[from] item: Leftovers\n|-damage|p2a: Alcremie|74/263 brn|[from] brn\n|upkeep\n|turn|9\n|\n|t:|1733863295\n|move|p1a: Delphox|Fire Blast|p2a: Alcremie|[miss]\n|-miss|p1a: Delphox|p2a: Alcremie\n|move|p2a: Alcremie|Recover|p2a: Alcremie\n|-heal|p2a: Alcremie|206/263 brn\n|\n|-heal|p2a: Alcremie|222/263 brn|[from] item: Leftovers\n|-damage|p2a: Alcremie|206/263 brn|[from] brn\n|upkeep\n|turn|10\n|\n|t:|1733863298\n|-terastallize|p2a: Alcremie|Ground\n|move|p1a: Delphox|Fire Blast|p2a: Alcremie\n|-damage|p2a: Alcremie|53/263 brn\n|move|p2a: Alcremie|Tera Blast|p1a: Delphox|[anim] Tera Blast Ground\n|-supereffective|p1a: Delphox\n|-damage|p1a: Delphox|2/263\n|\n|-heal|p2a: Alcremie|69/263 brn|[from] item: Leftovers\n|-damage|p2a: Alcremie|53/263 brn|[from] brn\n|upkeep\n|turn|11\n|\n|t:|1733863302\n|move|p1a: Delphox|Fire Blast|p2a: Alcremie\n|-damage|p2a: Alcremie|0 fnt\n|faint|p2a: Alcremie\n|\n|upkeep\n|\n|t:|1733863303\n|switch|p2a: Banette|Banette, L93, F|270/270\n|turn|12\n|inactive|asdasdasdfsdfdsf has 120 seconds left.\n|\n|t:|1733863333\n|switch|p1a: Shiftry|Shiftry, L89, F|305/305\n|move|p2a: Banette|Shadow Sneak|p1a: Shiftry\n|-resisted|p1a: Shiftry\n|-damage|p1a: Shiftry|258/305\n|-damage|p2a: Banette|243/270|[from] item: Life Orb\n|\n|upkeep\n|turn|13\n|\n|t:|1733863347\n|switch|p2a: Bellossom|Bellossom, L84, F|263/263\n|move|p1a: Shiftry|Will-O-Wisp|p2a: Bellossom\n|-status|p2a: Bellossom|brn\n|\n|-damage|p2a: Bellossom|247/263 brn|[from] brn\n|upkeep\n|turn|14\n|\n|t:|1733863353\n|move|p1a: Shiftry|Knock Off|p2a: Bellossom\n|-damage|p2a: Bellossom|145/263 brn\n|-enditem|p2a: Bellossom|Leftovers|[from] move: Knock Off|[of] p1a: Shiftry\n|move|p2a: Bellossom|Quiver Dance|p2a: Bellossom\n|-boost|p2a: Bellossom|spa|1\n|-boost|p2a: Bellossom|spd|1\n|-boost|p2a: Bellossom|spe|1\n|\n|-damage|p2a: Bellossom|129/263 brn|[from] brn\n|upkeep\n|turn|15\n|\n|t:|1733863355\n|move|p2a: Bellossom|Strength Sap|p1a: Shiftry\n|-unboost|p1a: Shiftry|atk|1\n|-heal|p2a: Bellossom|263/263 brn\n|move|p1a: Shiftry|Knock Off|p2a: Bellossom\n|-damage|p2a: Bellossom|215/263 brn\n|\n|-damage|p2a: Bellossom|199/263 brn|[from] brn\n|upkeep\n|turn|16\n|\n|t:|1733863363\n|switch|p1a: Delphox|Delphox, L84, F|2/263\n|move|p2a: Bellossom|Giga Drain|p1a: Delphox\n|-resisted|p1a: Delphox\n|-damage|p1a: Delphox|0 fnt\n|-heal|p2a: Bellossom|200/263 brn|[from] drain|[of] p1a: Delphox\n|faint|p1a: Delphox\n|\n|-damage|p2a: Bellossom|184/263 brn|[from] brn\n|upkeep\n|\n|t:|1733863366\n|switch|p1a: Walking Wake|Walking Wake, L79|286/286\n|turn|17\n|\n|t:|1733863369\n|-terastallize|p1a: Walking Wake|Fire\n|move|p1a: Walking Wake|Sunny Day|p1a: Walking Wake\n|-weather|SunnyDay\n|-activate|p1a: Walking Wake|ability: Protosynthesis\n|-start|p1a: Walking Wake|protosynthesisspa\n|move|p2a: Bellossom|Sleep Powder|p1a: Walking Wake|[miss]\n|-miss|p2a: Bellossom|p1a: Walking Wake\n|\n|-weather|SunnyDay|[upkeep]\n|-damage|p2a: Bellossom|168/263 brn|[from] brn\n|upkeep\n|turn|18\n|\n|t:|1733863374\n|move|p2a: Bellossom|Sleep Powder|p1a: Walking Wake\n|-status|p1a: Walking Wake|slp|[from] move: Sleep Powder\n|cant|p1a: Walking Wake|slp\n|\n|-weather|SunnyDay|[upkeep]\n|-damage|p2a: Bellossom|152/263 brn|[from] brn\n|upkeep\n|turn|19\n|\n|t:|1733863393\n|move|p2a: Bellossom|Quiver Dance|p2a: Bellossom\n|-boost|p2a: Bellossom|spa|1\n|-boost|p2a: Bellossom|spd|1\n|-boost|p2a: Bellossom|spe|1\n|-curestatus|p1a: Walking Wake|slp|[msg]\n|move|p1a: Walking Wake|Flamethrower|p2a: Bellossom\n|-supereffective|p2a: Bellossom\n|-damage|p2a: Bellossom|0 fnt\n|faint|p2a: Bellossom\n|-damage|p1a: Walking Wake|258/286|[from] item: Life Orb\n|\n|-weather|SunnyDay|[upkeep]\n|upkeep\n|\n|t:|1733863404\n|switch|p2a: Dedenne|Dedenne, L88, F|261/261\n|turn|20\n|\n|t:|1733863413\n|move|p2a: Dedenne|Nuzzle|p1a: Walking Wake\n|-damage|p1a: Walking Wake|242/286\n|-status|p1a: Walking Wake|par\n|move|p1a: Walking Wake|Flamethrower|p2a: Dedenne\n|-crit|p2a: Dedenne\n|-damage|p2a: Dedenne|0 fnt\n|faint|p2a: Dedenne\n|-damage|p1a: Walking Wake|214/286 par|[from] item: Life Orb\n|\n|-weather|SunnyDay|[upkeep]\n|upkeep\n|\n|t:|1733863420\n|switch|p2a: Torterra|Torterra, L78, M|276/276\n|turn|21\n|\n|t:|1733863422\n|move|p2a: Torterra|Headlong Rush|p1a: Walking Wake\n|-supereffective|p1a: Walking Wake\n|-damage|p1a: Walking Wake|0 fnt\n|-unboost|p2a: Torterra|def|1\n|-unboost|p2a: Torterra|spd|1\n|faint|p1a: Walking Wake\n|-end|p1a: Walking Wake|Protosynthesis|[silent]\n|\n|-weather|none\n|upkeep\n|\n|t:|1733863449\n|switch|p1a: Exeggutor|Exeggutor-Alola, L89, M|92/314\n|-item|p2a: Torterra|Loaded Dice|[from] ability: Frisk|[of] p1a: Exeggutor\n|turn|22\n|\n|t:|1733863453\n|move|p2a: Torterra|Rock Blast|p1a: Exeggutor\n|-damage|p1a: Exeggutor|73/314\n|-damage|p1a: Exeggutor|55/314\n|-damage|p1a: Exeggutor|37/314\n|-damage|p1a: Exeggutor|19/314\n|-damage|p1a: Exeggutor|2/314\n|-hitcount|p1a: Exeggutor|5\n|move|p1a: Exeggutor|Flamethrower|p2a: Torterra\n|-supereffective|p2a: Torterra\n|-damage|p2a: Torterra|0 fnt\n|faint|p2a: Torterra\n|\n|upkeep\n|\n|t:|1733863457\n|switch|p2a: Banette|Banette, L93, F|243/270\n|turn|23\n|\n|t:|1733863463\n|switch|p1a: Shiftry|Shiftry, L89, F|258/305\n|move|p2a: Banette|Gunk Shot|p1a: Shiftry\n|-supereffective|p1a: Shiftry\n|-damage|p1a: Shiftry|0 fnt\n|faint|p1a: Shiftry\n|-damage|p2a: Banette|216/270|[from] item: Life Orb\n|\n|upkeep\n|c|\u2606asdasdasdfsdfdsf|good read\n|\n|t:|1733863472\n|switch|p1a: Exeggutor|Exeggutor-Alola, L89, M|2/314\n|-item|p2a: Banette|Life Orb|[from] ability: Frisk|[of] p1a: Exeggutor\n|turn|24\n|\n|t:|1733863476\n|move|p2a: Banette|Shadow Sneak|p1a: Exeggutor\n|-damage|p1a: Exeggutor|0 fnt\n|faint|p1a: Exeggutor\n|-damage|p2a: Banette|189/270|[from] item: Life Orb\n|\n|upkeep\n|\n|t:|1733863477\n|switch|p1a: Espeon|Espeon, L84, F|246/246\n|turn|25\n|c|\u2606asdasdasdfsdfdsf|gg\n|c|\u2606asdasdasdfsdfdsf|claw\n|c|\u2606asdasdasdfsdfdsf|or sneak\n|\n|t:|1733863502\n|move|p2a: Banette|Shadow Sneak|p1a: Espeon\n|-supereffective|p1a: Espeon\n|-damage|p1a: Espeon|51/246\n|-damage|p2a: Banette|162/270|[from] item: Life Orb\n|move|p1a: Espeon|Shadow Ball|p2a: Banette\n|-supereffective|p2a: Banette\n|-damage|p2a: Banette|0 fnt\n|-start|p1a: Espeon|Disable|Shadow Ball|[from] ability: Cursed Body|[of] p2a: Banette\n|faint|p2a: Banette\n|-damage|p1a: Espeon|27/246|[from] item: Life Orb\n|\n|win|asdasdasdfsdfdsf\n|raw|asdasdasdfsdfdsf's rating: 1747 &rarr; <strong>1768</strong><br />(+21 for winning)\n|raw|omomomomamoma's rating: 1763 &rarr; <strong>1742</strong><br />(-21 for losing)\n|l|\u2606omomomomamoma\n|player|p2|\n|c|\u2606asdasdasdfsdfdsf|how btw\n", "inputlog": ">version bfd83cad13791eb5a5a409923076391caf6fb4d4\n>start {\"formatid\":\"gen9randombattle\",\"seed\":[36313,17334,19402,45909],\"rated\":\"Rated battle\"}\n>player p1 {\"name\":\"asdasdasdfsdfdsf\",\"avatar\":\"wattson\",\"rating\":1747,\"seed\":[48978,27236,27274,58669]}\n>player p2 {\"name\":\"omomomomamoma\",\"avatar\":\"101\",\"rating\":1763,\"seed\":[2686,11374,12632,6780]}\n>p1 move flamethrower\n>p2 switch 3\n>p1 move flamethrower\n>p2 move recover\n>p1 move flamethrower\n>p2 switch 2\n>p1 switch 5\n>p2 move icepunch\n>p1 move bravebird\n>p2 move poisonjab\n>p1 switch 5\n>p1 move flamethrower\n>p2 move icepunch\n>p2 switch 2\n>p1 move flamethrower\n>p2 move alluringvoice\n>p1 switch 4\n>p2 move alluringvoice\n>p1 move fireblast\n>p2 move recover\n>p1 move fireblast\n>p2 move terablast terastallize\n>p1 move fireblast\n>p2 move terablast\n>p2 switch 5\n>p1 switch 2\n>p2 move shadowsneak\n>p1 move willowisp\n>p2 switch 3\n>p1 move knockoff\n>p2 move quiverdance\n>p1 move knockoff\n>p2 move strengthsap\n>p1 switch 2\n>p2 move gigadrain\n>p1 switch 6\n>p1 move sunnyday terastallize\n>p2 move sleeppowder\n>p1 move flamethrower\n>p2 move sleeppowder\n>p1 move flamethrower\n>p2 move quiverdance\n>p2 switch 4\n>p1 move flamethrower\n>p2 move nuzzle\n>p2 switch 6\n>p1 move flamethrower\n>p2 move headlongrush\n>p1 switch 4\n>p1 move flamethrower\n>p2 move rockblast\n>p2 switch 3\n>p1 switch 2\n>p2 move gunkshot\n>chat \u2606asdasdasdfsdfdsf|good read\n>p1 switch 2\n>p1 move leafstorm\n>p2 move shadowsneak\n>p1 switch 3\n>chat \u2606asdasdasdfsdfdsf|gg\n>chat \u2606asdasdasdfsdfdsf|claw\n>chat \u2606asdasdasdfsdfdsf|or sneak\n>p1 move shadowball\n>p2 move shadowsneak", "uploadtime": 1733863530, "views": 16, "formatid": "gen9randombattle", "rating": 1742, "private": 0, "password": null}