{"id": "gen9randombattle-2260433282", "format": "[Gen 9] Random Battle", "players": ["S1xxPy", "seleroni"], "log": "|j|\u2606S1xxPy\n|j|\u2606seleroni\n|t:|1733851148\n|gametype|singles\n|player|p1|S1xxPy|burglar|\n|player|p2|seleroni|1|\n|teamsize|p1|6\n|teamsize|p2|6\n|gen|9\n|tier|[Gen 9] Random Battle\n|rule|Species Clause: Limit one of each Pok\u00e9mon\n|rule|HP Percentage Mod: HP is shown in percentages\n|rule|Sleep Clause Mod: Limit one foe put to sleep\n|rule|Illusion Level Mod: Illusion disguises the Pok\u00e9mon's true level\n|\n|t:|1733851148\n|start\n|switch|p1a: Trevenant|Trevenant, L88, M|293/293\n|switch|p2a: Luvdisc|Luvdisc, M|247/247\n|turn|1\n|\n|t:|1733851169\n|move|p2a: Luvdisc|Whirlpool|p1a: Trevenant\n|-resisted|p1a: Trevenant\n|-damage|p1a: Trevenant|280/293\n|-activate|p1a: Trevenant|move: Whirlpool|[of] p2a: Luvdisc\n|move|p1a: Trevenant|Toxic|p2a: Luvdisc\n|-status|p2a: Luvdisc|tox\n|\n|-damage|p2a: Luvdisc|232/247 tox|[from] psn\n|-damage|p1a: Trevenant|244/293|[from] move: Whirlpool|[partiallytrapped]\n|upkeep\n|turn|2\n|\n|t:|1733851182\n|move|p2a: Luvdisc|Substitute|p2a: Luvdisc\n|-start|p2a: Luvdisc|Substitute\n|-damage|p2a: Luvdisc|171/247 tox\n|move|p1a: Trevenant|Poltergeist|p2a: Luvdisc\n|-activate|p2a: Luvdisc|move: Poltergeist|Heavy-Duty Boots\n|-end|p2a: Luvdisc|Substitute\n|\n|-damage|p2a: Luvdisc|141/247 tox|[from] psn\n|-damage|p1a: Trevenant|208/293|[from] move: Whirlpool|[partiallytrapped]\n|upkeep\n|turn|3\n|\n|t:|1733851212\n|move|p2a: Luvdisc|Endeavor|p1a: Trevenant\n|-immune|p1a: Trevenant\n|move|p1a: Trevenant|Poltergeist|p2a: Luvdisc\n|-activate|p2a: Luvdisc|move: Poltergeist|Heavy-Duty Boots\n|-damage|p2a: Luvdisc|0 fnt\n|faint|p2a: Luvdisc\n|\n|-end|p1a: Trevenant|Whirlpool|[partiallytrapped]|[silent]\n|upkeep\n|\n|t:|1733851215\n|switch|p2a: Probopass|Probopass, L92, F|260/260\n|turn|4\n|\n|t:|1733851229\n|move|p1a: Trevenant|Drain Punch|p2a: Probopass\n|-supereffective|p2a: Probopass\n|-damage|p2a: Probopass|88/260\n|-heal|p1a: Trevenant|293/293|[from] drain|[of] p2a: Probopass\n|move|p2a: Probopass|Thunder Wave|p1a: Trevenant\n|-status|p1a: Trevenant|par\n|\n|-heal|p2a: Probopass|104/260|[from] item: Leftovers\n|upkeep\n|turn|5\n|\n|t:|1733851239\n|move|p2a: Probopass|Flash Cannon|p1a: Trevenant\n|-damage|p1a: Trevenant|212/293 par\n|move|p1a: Trevenant|Drain Punch|p2a: Probopass\n|-supereffective|p2a: Probopass\n|-damage|p2a: Probopass|0 fnt\n|-heal|p1a: Trevenant|264/293 par|[from] drain|[of] p2a: Probopass\n|faint|p2a: Probopass\n|\n|upkeep\n|\n|t:|1733851242\n|switch|p2a: Haxorus|Haxorus, L77, F|244/244\n|-ability|p2a: Haxorus|Mold Breaker\n|turn|6\n|\n|t:|1733851249\n|-terastallize|p2a: Haxorus|Steel\n|move|p2a: Haxorus|Close Combat|p1a: Trevenant\n|-immune|p1a: Trevenant\n|move|p1a: Trevenant|Toxic|p2a: Haxorus\n|-immune|p2a: Haxorus\n|\n|upkeep\n|turn|7\n|\n|t:|1733851269\n|move|p2a: Haxorus|Swords Dance|p2a: Haxorus\n|-boost|p2a: Haxorus|atk|2\n|move|p1a: Trevenant|Poltergeist|p2a: Haxorus\n|-activate|p2a: Haxorus|move: Poltergeist|Loaded Dice\n|-damage|p2a: Haxorus|99/244\n|\n|upkeep\n|turn|8\n|inactive|Battle timer is ON: inactive players will automatically lose when time's up. (requested by seleroni)\n|c|\u2606seleroni|nhnhnhn\n|c|\u2606seleroni|hnhnhnhn\n|inactive|S1xxPy has 270 seconds left.\n|inactiveoff|Battle timer is now OFF.\n|\n|t:|1733852015\n|switch|p2a: Gothitelle|Gothitelle, L90, F|272/272\n|cant|p1a: Trevenant|par\n|\n|upkeep\n|turn|9\n|\n|t:|1733852027\n|move|p2a: Gothitelle|Thunder Wave|p1a: Trevenant\n|-fail|p1a: Trevenant|par\n|move|p1a: Trevenant|Poltergeist|p2a: Gothitelle\n|-activate|p2a: Gothitelle|move: Poltergeist|Leftovers\n|-supereffective|p2a: Gothitelle\n|-damage|p2a: Gothitelle|6/272\n|\n|-heal|p2a: Gothitelle|23/272|[from] item: Leftovers\n|upkeep\n|turn|10\n|\n|t:|1733852036\n|move|p2a: Gothitelle|Focus Blast|p1a: Trevenant\n|-immune|p1a: Trevenant\n|move|p1a: Trevenant|Toxic|p2a: Gothitelle|[miss]\n|-miss|p1a: Trevenant|p2a: Gothitelle\n|\n|-heal|p2a: Gothitelle|40/272|[from] item: Leftovers\n|upkeep\n|turn|11\n|\n|t:|1733852043\n|move|p2a: Gothitelle|Psychic Noise|p1a: Trevenant\n|-damage|p1a: Trevenant|174/293 par\n|-start|p1a: Trevenant|move: Heal Block\n|move|p1a: Trevenant|Toxic|p2a: Gothitelle\n|-status|p2a: Gothitelle|tox\n|\n|-heal|p2a: Gothitelle|57/272 tox|[from] item: Leftovers\n|-damage|p2a: Gothitelle|40/272 tox|[from] psn\n|upkeep\n|turn|12\n|\n|t:|1733852057\n|move|p2a: Gothitelle|Psychic Noise|p1a: Trevenant\n|-damage|p1a: Trevenant|80/293 par\n|move|p1a: Trevenant|Poltergeist|p2a: Gothitelle\n|-activate|p2a: Gothitelle|move: Poltergeist|Leftovers\n|-supereffective|p2a: Gothitelle\n|-damage|p2a: Gothitelle|0 fnt\n|faint|p2a: Gothitelle\n|\n|-end|p1a: Trevenant|move: Heal Block\n|upkeep\n|-enditem|p1a: Trevenant|Sitrus Berry|[eat]\n|-heal|p1a: Trevenant|153/293 par|[from] item: Sitrus Berry\n|\n|t:|1733852071\n|switch|p2a: Vespiquen|Vespiquen, L98, F|296/296\n|-ability|p2a: Vespiquen|Pressure\n|turn|13\n|\n|t:|1733852079\n|move|p2a: Vespiquen|Toxic Spikes|p1a: Trevenant\n|-sidestart|p1: S1xxPy|move: Toxic Spikes\n|move|p1a: Trevenant|Toxic|p2a: Vespiquen\n|-status|p2a: Vespiquen|tox\n|\n|-damage|p2a: Vespiquen|278/296 tox|[from] psn\n|-item|p1a: Trevenant|Sitrus Berry|[from] ability: Harvest\n|upkeep\n|turn|14\n|\n|t:|1733852088\n|move|p2a: Vespiquen|Hurricane|p1a: Trevenant\n|-supereffective|p1a: Trevenant\n|-damage|p1a: Trevenant|0 fnt\n|faint|p1a: Trevenant\n|\n|-damage|p2a: Vespiquen|242/296 tox|[from] psn\n|upkeep\n|\n|t:|1733852097\n|switch|p1a: Metagross|Metagross, L79|256/256\n|turn|15\n|\n|t:|1733852102\n|move|p1a: Metagross|Agility|p1a: Metagross\n|-boost|p1a: Metagross|spe|2\n|move|p2a: Vespiquen|Hurricane|p1a: Metagross\n|-resisted|p1a: Metagross\n|-damage|p1a: Metagross|187/256\n|\n|-damage|p2a: Vespiquen|188/296 tox|[from] psn\n|upkeep\n|turn|16\n|\n|t:|1733852113\n|move|p1a: Metagross|Heavy Slam|p2a: Vespiquen\n|-damage|p2a: Vespiquen|70/296 tox\n|move|p2a: Vespiquen|Hurricane|p1a: Metagross\n|-resisted|p1a: Metagross\n|-damage|p1a: Metagross|112/256\n|-start|p1a: Metagross|confusion\n|\n|-damage|p2a: Vespiquen|0 fnt|[from] psn\n|faint|p2a: Vespiquen\n|upkeep\n|\n|t:|1733852117\n|switch|p2a: Granbull|Granbull, L88, F|302/302\n|-ability|p2a: Granbull|Intimidate|boost\n|-fail|p1a: Metagross|unboost|[from] ability: Clear Body|[of] p1a: Metagross\n|turn|17\n|\n|t:|1733852129\n|-activate|p1a: Metagross|confusion\n|move|p1a: Metagross|Heavy Slam|p2a: Granbull\n|-supereffective|p2a: Granbull\n|-damage|p2a: Granbull|2/302\n|move|p2a: Granbull|Thunder Wave|p1a: Metagross\n|-status|p1a: Metagross|par\n|\n|-heal|p2a: Granbull|20/302|[from] item: Leftovers\n|upkeep\n|turn|18\n|\n|t:|1733852139\n|-activate|p1a: Metagross|confusion\n|move|p1a: Metagross|Knock Off|p2a: Granbull\n|-resisted|p2a: Granbull\n|-damage|p2a: Granbull|0 fnt\n|-enditem|p2a: Granbull|Leftovers|[from] move: Knock Off|[of] p1a: Metagross\n|faint|p2a: Granbull\n|\n|upkeep\n|\n|t:|1733852143\n|switch|p2a: Haxorus|Haxorus, L77, F, tera:Steel|99/244\n|-ability|p2a: Haxorus|Mold Breaker\n|turn|19\n|c|\u2606seleroni|;c\n|\n|t:|1733852150\n|-terastallize|p1a: Metagross|Ground\n|move|p2a: Haxorus|Close Combat|p1a: Metagross\n|-damage|p1a: Metagross|39/256 par\n|-unboost|p2a: Haxorus|def|1\n|-unboost|p2a: Haxorus|spd|1\n|-end|p1a: Metagross|confusion\n|move|p1a: Metagross|Earthquake|p2a: Haxorus\n|-supereffective|p2a: Haxorus\n|-damage|p2a: Haxorus|0 fnt\n|faint|p2a: Haxorus\n|\n|win|S1xxPy\n|l|\u2606seleroni\n|player|p2|\n", "inputlog": ">version bfd83cad13791eb5a5a409923076391caf6fb4d4\n>start {\"formatid\":\"gen9randombattle\",\"seed\":[56651,40621,17202,53411]}\n>player p1 {\"name\":\"S1xxPy\",\"avatar\":\"burglar\",\"rating\":0,\"seed\":[22299,14069,64277,43595]}\n>player p2 {\"name\":\"seleroni\",\"avatar\":\"1\",\"rating\":0,\"seed\":[48617,52065,20790,40852]}\n>p1 move toxic\n>p2 move whirlpool\n>p1 move poltergeist\n>p2 move substitute\n>p1 move poltergeist\n>p2 move endeavor\n>p2 switch 3\n>p1 move drainpunch\n>p2 move thunderwave\n>p1 move drainpunch\n>p2 move flashcannon\n>p2 switch 2\n>p1 move toxic\n>p2 move closecombat terastallize\n>p1 move poltergeist\n>p2 move swordsdance\n>chat \u2606seleroni|nhnhnhn\n>chat \u2606seleroni|hnhnhnhn\n>p1 move drainpunch\n>p2 switch 5\n>p1 move poltergeist\n>p2 move thunderwave\n>p1 move toxic\n>p2 move focusblast\n>p1 move toxic\n>p2 move psychicnoise\n>p1 move poltergeist\n>p2 move psychicnoise\n>p2 switch 4\n>p1 move toxic\n>p2 move toxicspikes\n>p1 move poltergeist\n>p2 move hurricane\n>p1 switch 3\n>p1 move agility\n>p2 move hurricane\n>p1 move heavyslam\n>p2 move hurricane\n>p2 switch 6\n>p1 move heavyslam\n>p2 move thunderwave\n>p1 move knockoff\n>p2 move playrough\n>p2 switch 5\n>chat \u2606seleroni|;c\n>p1 move earthquake terastallize\n>p2 move closecombat", "uploadtime": 1733852161, "views": 12, "formatid": "gen9randombattle", "rating": null, "private": 0, "password": null}