{"id": "gen9randombattle-2259781132", "format": "[Gen 9] Random Battle", "players": ["DAGL328", "Hunter1227"], "log": "|j|\u2606DAGL328\n|j|\u2606Hunter1227\n|t:|1733766077\n|gametype|singles\n|player|p1|DAGL328|hilbert-wonderlauncher|1125\n|player|p2|Hunter1227|1|1102\n|teamsize|p1|6\n|teamsize|p2|6\n|gen|9\n|tier|[Gen 9] Random Battle\n|rated|\n|rule|Species Clause: Limit one of each Pok\u00e9mon\n|rule|HP Percentage Mod: HP is shown in percentages\n|rule|Sleep Clause Mod: Limit one foe put to sleep\n|rule|Illusion Level Mod: Illusion disguises the Pok\u00e9mon's true level\n|\n|t:|1733766077\n|start\n|switch|p1a: Gallade|Gallade, L81, M|243/243\n|switch|p2a: Torkoal|Torkoal, L88, F|266/266\n|-weather|SunnyDay|[from] ability: Drought|[of] p2a: Torkoal\n|turn|1\n|\n|t:|1733766098\n|move|p1a: Gallade|Sacred Sword|p2a: Torkoal\n|-damage|p2a: Torkoal|163/266\n|move|p2a: Torkoal|Stealth Rock|p1a: Gallade\n|-sidestart|p1: DAGL328|move: Stealth Rock\n|\n|-weather|SunnyDay|[upkeep]\n|upkeep\n|turn|2\n|\n|t:|1733766122\n|switch|p1a: Seviper|Seviper, L93, M|287/287\n|-damage|p1a: Seviper|252/287|[from] Stealth Rock\n|move|p2a: Torkoal|Lava Plume|p1a: Seviper\n|-damage|p1a: Seviper|98/287\n|-status|p1a: Seviper|brn\n|\n|-weather|SunnyDay|[upkeep]\n|-heal|p1a: Seviper|115/287 brn|[from] item: Leftovers\n|-damage|p1a: Seviper|98/287 brn|[from] brn\n|upkeep\n|turn|3\n|\n|t:|1733766132\n|move|p1a: Seviper|Earthquake|p2a: Torkoal\n|-supereffective|p2a: Torkoal\n|-damage|p2a: Torkoal|108/266\n|move|p2a: Torkoal|Lava Plume|p1a: Seviper\n|-damage|p1a: Seviper|0 fnt\n|faint|p1a: Seviper\n|\n|-weather|SunnyDay|[upkeep]\n|upkeep\n|\n|t:|1733766143\n|switch|p1a: Arboliva|Arboliva, L91, M|290/290\n|-damage|p1a: Arboliva|254/290|[from] Stealth Rock\n|turn|4\n|\n|t:|1733766156\n|move|p1a: Arboliva|Earth Power|p2a: Torkoal\n|-supereffective|p2a: Torkoal\n|-damage|p2a: Torkoal|0 fnt\n|faint|p2a: Torkoal\n|\n|-weather|SunnyDay|[upkeep]\n|-heal|p1a: Arboliva|272/290|[from] item: Leftovers\n|upkeep\n|\n|t:|1733766167\n|switch|p2a: Oricorio|Oricorio-Sensu, L85, F|266/266\n|turn|5\n|\n|t:|1733766173\n|switch|p1a: Forretress|Forretress, L84, F|263/263\n|-damage|p1a: Forretress|231/263|[from] Stealth Rock\n|move|p2a: Oricorio|Quiver Dance|p2a: Oricorio\n|-boost|p2a: Oricorio|spa|1\n|-boost|p2a: Oricorio|spd|1\n|-boost|p2a: Oricorio|spe|1\n|\n|-weather|none\n|-heal|p1a: Forretress|247/263|[from] item: Leftovers\n|upkeep\n|turn|6\n|\n|t:|1733766184\n|move|p2a: Oricorio|Quiver Dance|p2a: Oricorio\n|-boost|p2a: Oricorio|spa|1\n|-boost|p2a: Oricorio|spd|1\n|-boost|p2a: Oricorio|spe|1\n|move|p1a: Forretress|Rapid Spin|p2a: Oricorio\n|-immune|p2a: Oricorio\n|\n|-heal|p1a: Forretress|263/263|[from] item: Leftovers\n|upkeep\n|turn|7\n|\n|t:|1733766208\n|move|p2a: Oricorio|Revelation Dance|p1a: Forretress\n|-ability|p1a: Forretress|Sturdy\n|-damage|p1a: Forretress|1/263\n|move|p1a: Forretress|Iron Head|p2a: Oricorio\n|-damage|p2a: Oricorio|175/266\n|\n|-heal|p1a: Forretress|17/263|[from] item: Leftovers\n|upkeep\n|turn|8\n|\n|t:|1733766218\n|move|p2a: Oricorio|Revelation Dance|p1a: Forretress\n|-damage|p1a: Forretress|0 fnt\n|faint|p1a: Forretress\n|\n|upkeep\n|\n|t:|1733766224\n|switch|p1a: Gallade|Gallade, L81, M|243/243\n|-damage|p1a: Gallade|228/243|[from] Stealth Rock\n|turn|9\n|\n|t:|1733766235\n|move|p2a: Oricorio|Revelation Dance|p1a: Gallade\n|-supereffective|p1a: Gallade\n|-damage|p1a: Gallade|0 fnt\n|faint|p1a: Gallade\n|\n|upkeep\n|\n|t:|1733766238\n|switch|p1a: Honchkrow|Honchkrow, L86, F|312/312\n|turn|10\n|\n|t:|1733766244\n|move|p1a: Honchkrow|Sucker Punch|p2a: Oricorio\n|-supereffective|p2a: Oricorio\n|-damage|p2a: Oricorio|0 fnt\n|faint|p2a: Oricorio\n|-ability|p1a: Honchkrow|Moxie|boost\n|-boost|p1a: Honchkrow|atk|1\n|\n|upkeep\n|\n|t:|1733766265\n|switch|p2a: Kyogre|Kyogre, L71|259/259\n|-weather|RainDance|[from] ability: Drizzle|[of] p2a: Kyogre\n|turn|11\n|\n|t:|1733766285\n|move|p1a: Honchkrow|Brave Bird|p2a: Kyogre\n|-damage|p2a: Kyogre|0 fnt\n|faint|p2a: Kyogre\n|-ability|p1a: Honchkrow|Moxie|boost\n|-boost|p1a: Honchkrow|atk|1\n|-damage|p1a: Honchkrow|227/312|[from] Recoil\n|\n|-weather|RainDance|[upkeep]\n|upkeep\n|\n|t:|1733766294\n|switch|p2a: Krookodile|Krookodile, L80, F|283/283\n|-ability|p2a: Krookodile|Intimidate|boost\n|-unboost|p1a: Honchkrow|atk|1\n|turn|12\n|\n|t:|1733766304\n|move|p2a: Krookodile|Stone Edge|p1a: Honchkrow\n|-supereffective|p1a: Honchkrow\n|-crit|p1a: Honchkrow\n|-damage|p1a: Honchkrow|0 fnt\n|faint|p1a: Honchkrow\n|\n|-weather|RainDance|[upkeep]\n|upkeep\n|\n|t:|1733766308\n|switch|p1a: Arboliva|Arboliva, L91, M|272/290\n|-damage|p1a: Arboliva|236/290|[from] Stealth Rock\n|turn|13\n|\n|t:|1733766316\n|switch|p2a: Whimsicott|Whimsicott, L85, M|241/241\n|move|p1a: Arboliva|Energy Ball|p2a: Whimsicott\n|-resisted|p2a: Whimsicott\n|-damage|p2a: Whimsicott|161/241\n|\n|-weather|RainDance|[upkeep]\n|-heal|p2a: Whimsicott|176/241|[from] item: Leftovers\n|-heal|p1a: Arboliva|254/290|[from] item: Leftovers\n|upkeep\n|turn|14\n|\n|t:|1733766329\n|move|p2a: Whimsicott|Hurricane|p1a: Arboliva\n|-supereffective|p1a: Arboliva\n|-damage|p1a: Arboliva|140/290\n|-fieldstart|move: Grassy Terrain|[from] ability: Seed Sower|[of] p1a: Arboliva\n|move|p1a: Arboliva|Hyper Voice|p2a: Whimsicott\n|-damage|p2a: Whimsicott|37/241\n|\n|-weather|RainDance|[upkeep]\n|-heal|p2a: Whimsicott|52/241|[from] Grassy Terrain\n|-heal|p2a: Whimsicott|67/241|[from] item: Leftovers\n|-heal|p1a: Arboliva|158/290|[from] Grassy Terrain\n|-heal|p1a: Arboliva|176/290|[from] item: Leftovers\n|upkeep\n|turn|15\n|\n|t:|1733766344\n|move|p2a: Whimsicott|Leech Seed|p1a: Arboliva\n|-immune|p1a: Arboliva\n|move|p1a: Arboliva|Hyper Voice|p2a: Whimsicott\n|-damage|p2a: Whimsicott|0 fnt\n|faint|p2a: Whimsicott\n|\n|-weather|none\n|-heal|p1a: Arboliva|194/290|[from] Grassy Terrain\n|-heal|p1a: Arboliva|212/290|[from] item: Leftovers\n|upkeep\n|\n|t:|1733766355\n|switch|p2a: Ursaring|Ursaring, L84, F|288/288\n|turn|16\n|\n|t:|1733766362\n|move|p2a: Ursaring|Body Slam|p1a: Arboliva\n|-damage|p1a: Arboliva|116/290\n|-status|p1a: Arboliva|par\n|move|p1a: Arboliva|Strength Sap|p2a: Ursaring\n|-unboost|p2a: Ursaring|atk|1\n|-heal|p1a: Arboliva|290/290 par\n|\n|upkeep\n|turn|17\n|\n|t:|1733766374\n|move|p2a: Ursaring|Body Slam|p1a: Arboliva\n|-damage|p1a: Arboliva|223/290 par\n|move|p1a: Arboliva|Strength Sap|p2a: Ursaring\n|-unboost|p2a: Ursaring|atk|1\n|-heal|p1a: Arboliva|290/290 par\n|\n|upkeep\n|turn|18\n|\n|t:|1733766384\n|move|p2a: Ursaring|Body Slam|p1a: Arboliva\n|-damage|p1a: Arboliva|239/290 par\n|move|p1a: Arboliva|Energy Ball|p2a: Ursaring\n|-damage|p2a: Ursaring|153/288\n|\n|-heal|p2a: Ursaring|171/288|[from] Grassy Terrain\n|-heal|p1a: Arboliva|257/290 par|[from] Grassy Terrain\n|-heal|p1a: Arboliva|275/290 par|[from] item: Leftovers\n|-fieldend|move: Grassy Terrain\n|upkeep\n|turn|19\n|\n|t:|1733766393\n|move|p2a: Ursaring|Body Slam|p1a: Arboliva\n|-damage|p1a: Arboliva|220/290 par\n|-fieldstart|move: Grassy Terrain|[from] ability: Seed Sower|[of] p1a: Arboliva\n|cant|p1a: Arboliva|par\n|\n|-heal|p2a: Ursaring|189/288|[from] Grassy Terrain\n|-heal|p1a: Arboliva|238/290 par|[from] Grassy Terrain\n|-heal|p1a: Arboliva|256/290 par|[from] item: Leftovers\n|upkeep\n|turn|20\n|\n|t:|1733766415\n|move|p2a: Ursaring|Body Slam|p1a: Arboliva\n|-damage|p1a: Arboliva|202/290 par\n|move|p1a: Arboliva|Earth Power|p2a: Ursaring\n|-damage|p2a: Ursaring|124/288\n|\n|-heal|p2a: Ursaring|142/288|[from] Grassy Terrain\n|-heal|p1a: Arboliva|220/290 par|[from] Grassy Terrain\n|-heal|p1a: Arboliva|238/290 par|[from] item: Leftovers\n|upkeep\n|turn|21\n|\n|t:|1733766426\n|switch|p2a: Krookodile|Krookodile, L80, F|283/283\n|-ability|p2a: Krookodile|Intimidate|boost\n|-unboost|p1a: Arboliva|atk|1\n|move|p1a: Arboliva|Energy Ball|p2a: Krookodile\n|-supereffective|p2a: Krookodile\n|-damage|p2a: Krookodile|0 fnt\n|faint|p2a: Krookodile\n|\n|-heal|p1a: Arboliva|256/290 par|[from] Grassy Terrain\n|-heal|p1a: Arboliva|274/290 par|[from] item: Leftovers\n|upkeep\n|\n|t:|1733766432\n|switch|p2a: Ursaring|Ursaring, L84, F|142/288\n|turn|22\n|\n|t:|1733766438\n|move|p2a: Ursaring|Body Slam|p1a: Arboliva\n|-damage|p1a: Arboliva|175/290 par\n|move|p1a: Arboliva|Strength Sap|p2a: Ursaring\n|-unboost|p2a: Ursaring|atk|1\n|-heal|p1a: Arboliva|290/290 par\n|\n|-heal|p2a: Ursaring|160/288|[from] Grassy Terrain\n|upkeep\n|turn|23\n|-message|Hunter1227 forfeited.\n|\n|win|DAGL328\n|raw|DAGL328's rating: 1125 &rarr; <strong>1148</strong><br />(+23 for winning)\n|raw|Hunter1227's rating: 1102 &rarr; <strong>1079</strong><br />(-23 for losing)\n|l|\u2606Hunter1227\n|player|p2|\n", "inputlog": ">version bfd83cad13791eb5a5a409923076391caf6fb4d4\n>start {\"formatid\":\"gen9randombattle\",\"seed\":[2054,31793,7721,63225],\"rated\":\"Rated battle\"}\n>player p1 {\"name\":\"DAGL328\",\"avatar\":\"hilbert-wonderlauncher\",\"rating\":1125,\"seed\":[13824,36493,35466,32335]}\n>player p2 {\"name\":\"Hunter1227\",\"avatar\":\"1\",\"rating\":1102,\"seed\":[22207,50156,28636,52278]}\n>p1 move sacredsword\n>p2 move stealthrock\n>p1 switch 5\n>p2 move lavaplume\n>p1 move earthquake\n>p2 move lavaplume\n>p1 switch 4\n>p1 move earthpower\n>p2 move solarbeam\n>p2 switch 4\n>p1 switch 3\n>p2 move quiverdance\n>p1 move rapidspin\n>p2 move quiverdance\n>p1 move ironhead\n>p2 move revelationdance\n>p1 move ironhead\n>p2 move revelationdance\n>p1 switch 5\n>p1 move nightslash\n>p2 move revelationdance\n>p1 switch 6\n>p1 move suckerpunch\n>p2 move hurricane\n>p2 switch 3\n>p1 move bravebird\n>p2 move calmmind\n>p2 switch 6\n>p1 move bravebird\n>p2 move stoneedge\n>p1 switch 3\n>p1 move energyball\n>p2 switch 2\n>p1 move hypervoice\n>p2 move hurricane\n>p1 move hypervoice\n>p2 move leechseed\n>p2 switch 5\n>p1 move strengthsap\n>p2 move bodyslam\n>p1 move strengthsap\n>p2 move bodyslam\n>p1 move energyball\n>p2 move bodyslam\n>p1 move energyball\n>p2 move bodyslam\n>p1 move earthpower\n>p2 move bodyslam\n>p1 move energyball\n>p2 switch 2\n>p2 switch 2\n>p1 move strengthsap\n>p2 move bodyslam\n>forcelose p2", "uploadtime": 1733766446, "views": 1, "formatid": "gen9randombattle", "rating": 1079, "private": 0, "password": null}