{"id": "gen9randombattle-2260548812", "format": "[Gen 9] Random Battle", "players": ["ToxicWyvern", "BigGreen0"], "log": "|j|\u2606ToxicWyvern\n|j|\u2606BigGreen0\n|t:|1733862440\n|gametype|singles\n|player|p1|ToxicWyvern|ethan|1678\n|player|p2|BigGreen0|n|1654\n|teamsize|p1|6\n|teamsize|p2|6\n|gen|9\n|tier|[Gen 9] Random Battle\n|rated|\n|rule|Species Clause: Limit one of each Pok\u00e9mon\n|rule|HP Percentage Mod: HP is shown in percentages\n|rule|Sleep Clause Mod: Limit one foe put to sleep\n|rule|Illusion Level Mod: Illusion disguises the Pok\u00e9mon's true level\n|\n|t:|1733862440\n|start\n|switch|p1a: Blaziken|Blaziken, L76, F|247/247\n|switch|p2a: Spidops|Spidops, L96, M|271/271\n|turn|1\n|inactive|Battle timer is ON: inactive players will automatically lose when time's up. (requested by BigGreen0)\n|\n|t:|1733862459\n|switch|p2a: Wugtrio|Wugtrio, L91, M|212/212\n|move|p1a: Blaziken|Flare Blitz|p2a: Wugtrio\n|-resisted|p2a: Wugtrio\n|-damage|p2a: Wugtrio|107/212\n|-ability|p2a: Wugtrio|Gooey\n|-unboost|p1a: Blaziken|spe|1\n|-damage|p1a: Blaziken|212/247|[from] Recoil\n|-damage|p1a: Blaziken|188/247|[from] item: Life Orb\n|\n|-ability|p1a: Blaziken|Speed Boost|boost\n|-boost|p1a: Blaziken|spe|1\n|upkeep\n|turn|2\n|\n|t:|1733862463\n|move|p1a: Blaziken|Protect|p1a: Blaziken\n|-singleturn|p1a: Blaziken|Protect\n|move|p2a: Wugtrio|Liquidation|p1a: Blaziken\n|-activate|p1a: Blaziken|move: Protect\n|\n|-ability|p1a: Blaziken|Speed Boost|boost\n|-boost|p1a: Blaziken|spe|1\n|upkeep\n|turn|3\n|\n|t:|1733862466\n|switch|p1a: Mightyena|Mightyena, L95, F|287/287\n|-ability|p1a: Mightyena|Intimidate|boost\n|-unboost|p2a: Wugtrio|atk|1\n|move|p2a: Wugtrio|Liquidation|p1a: Mightyena\n|-damage|p1a: Mightyena|172/287\n|\n|-heal|p1a: Mightyena|189/287|[from] item: Leftovers\n|upkeep\n|turn|4\n|\n|t:|1733862472\n|switch|p2a: Spidops|Spidops, L96, M|271/271\n|move|p1a: Mightyena|Crunch|p2a: Spidops\n|-damage|p2a: Spidops|187/271\n|-unboost|p2a: Spidops|def|1\n|\n|-heal|p1a: Mightyena|206/287|[from] item: Leftovers\n|upkeep\n|turn|5\n|\n|t:|1733862479\n|move|p1a: Mightyena|Taunt|p2a: Spidops\n|-start|p2a: Spidops|move: Taunt\n|cant|p2a: Spidops|move: Taunt|Sticky Web\n|\n|-heal|p1a: Mightyena|223/287|[from] item: Leftovers\n|upkeep\n|turn|6\n|\n|t:|1733862481\n|move|p1a: Mightyena|Crunch|p2a: Spidops\n|-damage|p2a: Spidops|66/271\n|move|p2a: Spidops|Circle Throw|p1a: Mightyena\n|-supereffective|p1a: Mightyena\n|-damage|p1a: Mightyena|125/287\n|drag|p1a: Magmortar|Magmortar, L88, M|275/275\n|\n|upkeep\n|turn|7\n|\n|t:|1733862487\n|move|p1a: Magmortar|Fire Blast|p2a: Spidops\n|-supereffective|p2a: Spidops\n|-damage|p2a: Spidops|0 fnt\n|faint|p2a: Spidops\n|\n|upkeep\n|\n|t:|1733862493\n|switch|p2a: Mabosstiff|Mabosstiff, L86, M|278/278\n|turn|8\n|\n|t:|1733862504\n|move|p2a: Mabosstiff|Psychic Fangs|p1a: Magmortar\n|-damage|p1a: Magmortar|181/275\n|move|p1a: Magmortar|Fire Blast|p2a: Mabosstiff\n|-crit|p2a: Mabosstiff\n|-damage|p2a: Mabosstiff|0 fnt\n|faint|p2a: Mabosstiff\n|\n|upkeep\n|\n|t:|1733862516\n|switch|p2a: Wugtrio|Wugtrio, L91, M|107/212\n|turn|9\n|\n|t:|1733862520\n|switch|p1a: Mightyena|Mightyena, L95, F|125/287\n|-ability|p1a: Mightyena|Intimidate|boost\n|-unboost|p2a: Wugtrio|atk|1\n|move|p2a: Wugtrio|Liquidation|p1a: Mightyena\n|-damage|p1a: Mightyena|11/287\n|-unboost|p1a: Mightyena|def|1\n|\n|-heal|p1a: Mightyena|28/287|[from] item: Leftovers\n|upkeep\n|turn|10\n|\n|t:|1733862531\n|switch|p2a: Dusknoir|Dusknoir, L89, F|225/225\n|-item|p1a: Mightyena|Leftovers|[from] ability: Frisk|[of] p2a: Dusknoir\n|move|p1a: Mightyena|Sucker Punch||[still]\n|-fail|p1a: Mightyena\n|\n|-heal|p1a: Mightyena|45/287|[from] item: Leftovers\n|upkeep\n|turn|11\n|\n|t:|1733862537\n|move|p2a: Dusknoir|Shadow Sneak|p1a: Mightyena\n|-resisted|p1a: Mightyena\n|-damage|p1a: Mightyena|5/287\n|move|p1a: Mightyena|Crunch|p2a: Dusknoir\n|-supereffective|p2a: Dusknoir\n|-damage|p2a: Dusknoir|73/225\n|\n|-heal|p1a: Mightyena|22/287|[from] item: Leftovers\n|-heal|p2a: Dusknoir|87/225|[from] item: Leftovers\n|upkeep\n|turn|12\n|\n|t:|1733862543\n|move|p1a: Mightyena|Sucker Punch|p2a: Dusknoir\n|-supereffective|p2a: Dusknoir\n|-damage|p2a: Dusknoir|0 fnt\n|faint|p2a: Dusknoir\n|\n|-heal|p1a: Mightyena|39/287|[from] item: Leftovers\n|upkeep\n|\n|t:|1733862558\n|switch|p2a: Wugtrio|Wugtrio, L91, M|107/212\n|turn|13\n|\n|t:|1733862560\n|move|p2a: Wugtrio|Aqua Jet|p1a: Mightyena\n|-damage|p1a: Mightyena|0 fnt\n|faint|p1a: Mightyena\n|\n|upkeep\n|\n|t:|1733862563\n|switch|p1a: Kricketune|Kricketune, L99, F|312/312\n|turn|14\n|\n|t:|1733862572\n|switch|p2a: Heracross|Heracross, L80, F|259/259\n|move|p1a: Kricketune|Sticky Web|p2a: Heracross\n|-sidestart|p2: BigGreen0|move: Sticky Web\n|\n|upkeep\n|turn|15\n|\n|t:|1733862597\n|move|p1a: Kricketune|Pounce|p2a: Heracross\n|-resisted|p2a: Heracross\n|-damage|p2a: Heracross|205/259\n|-unboost|p2a: Heracross|spe|1\n|move|p2a: Heracross|Stone Edge|p1a: Kricketune\n|-supereffective|p1a: Kricketune\n|-crit|p1a: Kricketune\n|-damage|p1a: Kricketune|0 fnt\n|faint|p1a: Kricketune\n|-ability|p2a: Heracross|Moxie|boost\n|-boost|p2a: Heracross|atk|1\n|\n|upkeep\n|\n|t:|1733862604\n|switch|p1a: Blaziken|Blaziken, L76, F|188/247\n|turn|16\n|\n|t:|1733862615\n|move|p1a: Blaziken|Flare Blitz|p2a: Heracross\n|-supereffective|p2a: Heracross\n|-damage|p2a: Heracross|0 fnt\n|faint|p2a: Heracross\n|-damage|p1a: Blaziken|120/247|[from] Recoil\n|-damage|p1a: Blaziken|96/247|[from] item: Life Orb\n|\n|-ability|p1a: Blaziken|Speed Boost|boost\n|-boost|p1a: Blaziken|spe|1\n|upkeep\n|\n|t:|1733862619\n|switch|p2a: Wugtrio|Wugtrio, L91, M|107/212\n|-activate|p2a: Wugtrio|move: Sticky Web\n|-unboost|p2a: Wugtrio|spe|1\n|turn|17\n|\n|t:|1733862622\n|move|p1a: Blaziken|Protect|p1a: Blaziken\n|-singleturn|p1a: Blaziken|Protect\n|move|p2a: Wugtrio|Aqua Jet|p1a: Blaziken\n|-activate|p1a: Blaziken|move: Protect\n|\n|-ability|p1a: Blaziken|Speed Boost|boost\n|-boost|p1a: Blaziken|spe|1\n|upkeep\n|turn|18\n|\n|t:|1733862626\n|switch|p1a: Sandslash|Sandslash-Alola, L88, F|275/275\n|move|p2a: Wugtrio|Aqua Jet|p1a: Sandslash\n|-damage|p1a: Sandslash|214/275\n|\n|upkeep\n|turn|19\n|\n|t:|1733862632\n|switch|p2a: Dialga|Dialga, L73|266/266\n|-activate|p2a: Dialga|move: Sticky Web\n|-unboost|p2a: Dialga|spe|1\n|-ability|p2a: Dialga|Pressure\n|move|p1a: Sandslash|Triple Axel|p2a: Dialga\n|-damage|p2a: Dialga|242/266\n|-damage|p2a: Dialga|196/266\n|-damage|p2a: Dialga|135/266\n|-hitcount|p2a: Dialga|3\n|\n|-heal|p2a: Dialga|151/266|[from] item: Leftovers\n|upkeep\n|turn|20\n|\n|t:|1733862646\n|move|p1a: Sandslash|Earthquake|p2a: Dialga\n|-supereffective|p2a: Dialga\n|-damage|p2a: Dialga|17/266\n|move|p2a: Dialga|Fire Blast|p1a: Sandslash\n|-supereffective|p1a: Sandslash\n|-damage|p1a: Sandslash|0 fnt\n|faint|p1a: Sandslash\n|\n|-heal|p2a: Dialga|33/266|[from] item: Leftovers\n|upkeep\n|\n|t:|1733862654\n|switch|p1a: Blaziken|Blaziken, L76, F|96/247\n|turn|21\n|\n|t:|1733862657\n|move|p1a: Blaziken|Flare Blitz|p2a: Dialga\n|-damage|p2a: Dialga|0 fnt\n|faint|p2a: Dialga\n|-damage|p1a: Blaziken|85/247|[from] Recoil\n|-damage|p1a: Blaziken|61/247|[from] item: Life Orb\n|\n|-ability|p1a: Blaziken|Speed Boost|boost\n|-boost|p1a: Blaziken|spe|1\n|upkeep\n|\n|t:|1733862659\n|switch|p2a: Wugtrio|Wugtrio, L91, M|107/212\n|-activate|p2a: Wugtrio|move: Sticky Web\n|-unboost|p2a: Wugtrio|spe|1\n|turn|22\n|\n|t:|1733862662\n|-terastallize|p2a: Wugtrio|Water\n|move|p2a: Wugtrio|Aqua Jet|p1a: Blaziken\n|-supereffective|p1a: Blaziken\n|-damage|p1a: Blaziken|0 fnt\n|faint|p1a: Blaziken\n|\n|upkeep\n|\n|t:|1733862665\n|switch|p1a: Magmortar|Magmortar, L88, M|181/275\n|turn|23\n|\n|t:|1733862667\n|-terastallize|p1a: Magmortar|Water\n|move|p2a: Wugtrio|Aqua Jet|p1a: Magmortar\n|-resisted|p1a: Magmortar\n|-damage|p1a: Magmortar|126/275\n|move|p1a: Magmortar|Earthquake|p2a: Wugtrio\n|-damage|p2a: Wugtrio|6/212\n|\n|upkeep\n|turn|24\n|\n|t:|1733862673\n|move|p2a: Wugtrio|Aqua Jet|p1a: Magmortar\n|-resisted|p1a: Magmortar\n|-damage|p1a: Magmortar|70/275\n|-status|p2a: Wugtrio|brn|[from] ability: Flame Body|[of] p1a: Magmortar\n|move|p1a: Magmortar|Earthquake|p2a: Wugtrio\n|-damage|p2a: Wugtrio|0 fnt\n|faint|p2a: Wugtrio\n|\n|win|ToxicWyvern\n|raw|ToxicWyvern's rating: 1678 &rarr; <strong>1697</strong><br />(+19 for winning)\n|raw|BigGreen0's rating: 1654 &rarr; <strong>1635</strong><br />(-19 for losing)\n|l|\u2606BigGreen0\n|player|p2|\n", "inputlog": ">version bfd83cad13791eb5a5a409923076391caf6fb4d4\n>start {\"formatid\":\"gen9randombattle\",\"seed\":[38773,46057,41627,42550],\"rated\":\"Rated battle\"}\n>player p1 {\"name\":\"ToxicWyvern\",\"avatar\":\"ethan\",\"rating\":1678,\"seed\":[38820,39803,30318,53537]}\n>player p2 {\"name\":\"BigGreen0\",\"avatar\":\"n\",\"rating\":1654,\"seed\":[7739,44270,10043,30521]}\n>p1 move flareblitz\n>p2 switch 6\n>p1 move protect\n>p2 move liquidation\n>p1 switch 3\n>p2 move liquidation\n>p1 move crunch\n>p2 switch 6\n>p1 move taunt\n>p2 move stickyweb\n>p1 move crunch\n>p2 move circlethrow\n>p1 move fireblast\n>p2 move knockoff\n>p2 switch 5\n>p1 move fireblast\n>p2 move psychicfangs\n>p2 switch 6\n>p1 switch 2\n>p2 move liquidation\n>p1 move suckerpunch\n>p2 switch 4\n>p1 move crunch\n>p2 move shadowsneak\n>p1 move suckerpunch\n>p2 move shadowsneak\n>p2 switch 4\n>p1 move suckerpunch\n>p2 move aquajet\n>p1 switch 4\n>p1 move stickyweb\n>p2 switch 2\n>p1 move pounce\n>p2 move stoneedge\n>p1 switch 3\n>p1 move flareblitz\n>p2 move stoneedge\n>p2 switch 2\n>p1 move protect\n>p2 move aquajet\n>p1 switch 6\n>p2 move aquajet\n>p1 move tripleaxel\n>p2 switch 3\n>p1 move earthquake\n>p2 move fireblast\n>p1 switch 6\n>p1 move flareblitz\n>p2 move stealthrock\n>p2 switch 3\n>p1 move closecombat\n>p2 move aquajet terastallize\n>p1 switch 2\n>p1 move earthquake terastallize\n>p2 move aquajet\n>p1 move earthquake\n>p2 move aquajet", "uploadtime": 1733862682, "views": 8, "formatid": "gen9randombattle", "rating": 1635, "private": 0, "password": null}