{"id": "gen9randombattle-2260341140", "format": "[Gen 9] Random Battle", "players": ["Li0nsHeart", "Nyndeed"], "log": "|j|\u2606Li0nsHeart\n|j|\u2606Nyndeed\n|t:|1733841863\n|gametype|singles\n|player|p1|Li0nsHeart|101|1863\n|player|p2|Nyndeed|palmer|1927\n|teamsize|p1|6\n|teamsize|p2|6\n|gen|9\n|tier|[Gen 9] Random Battle\n|rated|\n|rule|Species Clause: Limit one of each Pok\u00e9mon\n|rule|HP Percentage Mod: HP is shown in percentages\n|rule|Sleep Clause Mod: Limit one foe put to sleep\n|rule|Illusion Level Mod: Illusion disguises the Pok\u00e9mon's true level\n|\n|t:|1733841863\n|start\n|switch|p1a: Dachsbun|Dachsbun, L92, M|254/254\n|switch|p2a: Emboar|Emboar, L84, F|322/322\n|turn|1\n|inactive|Battle timer is ON: inactive players will automatically lose when time's up. (requested by Nyndeed)\n|inactive|Li0nsHeart also wants the timer to be on.\n|\n|t:|1733841890\n|switch|p2a: Palossand|Palossand, L89, F|296/296\n|move|p1a: Dachsbun|Wish|p1a: Dachsbun\n|\n|upkeep\n|turn|2\n|inactive|Li0nsHeart has 120 seconds left.\n|\n|t:|1733841935\n|switch|p1a: Articuno|Articuno, L86|295/295\n|-ability|p1a: Articuno|Pressure\n|move|p2a: Palossand|Sludge Bomb|p1a: Articuno\n|-damage|p1a: Articuno|236/295\n|-status|p1a: Articuno|psn\n|\n|-heal|p1a: Articuno|295/295 psn|[from] move: Wish|[wisher] Dachsbun\n|-damage|p1a: Articuno|259/295 psn|[from] psn\n|upkeep\n|turn|3\n|\n|t:|1733841942\n|switch|p2a: Duraludon|Duraludon, L82, F|249/249\n|move|p1a: Articuno|Freeze-Dry|p2a: Duraludon\n|-damage|p2a: Duraludon|168/249\n|\n|-damage|p1a: Articuno|223/295 psn|[from] psn\n|upkeep\n|turn|4\n|inactive|Li0nsHeart has 120 seconds left.\n|\n|t:|1733841960\n|switch|p1a: Ninetales|Ninetales, L85, F|263/263\n|-weather|SunnyDay|[from] ability: Drought|[of] p1a: Ninetales\n|move|p2a: Duraludon|Stealth Rock|p1a: Ninetales\n|-sidestart|p1: Li0nsHeart|move: Stealth Rock\n|\n|-weather|SunnyDay|[upkeep]\n|upkeep\n|turn|5\n|\n|t:|1733841971\n|move|p1a: Ninetales|Nasty Plot|p1a: Ninetales\n|-boost|p1a: Ninetales|spa|2\n|move|p2a: Duraludon|Draco Meteor|p1a: Ninetales\n|-damage|p1a: Ninetales|124/263\n|-unboost|p2a: Duraludon|spa|2\n|\n|-weather|SunnyDay|[upkeep]\n|upkeep\n|turn|6\n|inactive|Li0nsHeart has 120 seconds left.\n|\n|t:|1733842010\n|move|p1a: Ninetales|Fire Blast|p2a: Duraludon\n|-damage|p2a: Duraludon|0 fnt\n|faint|p2a: Duraludon\n|\n|-weather|SunnyDay|[upkeep]\n|upkeep\n|\n|t:|1733842025\n|switch|p2a: Oricorio|Oricorio-Sensu, L85, F|266/266\n|turn|7\n|inactive|Li0nsHeart has 90 seconds left.\n|\n|t:|1733842065\n|move|p1a: Ninetales|Fire Blast|p2a: Oricorio\n|-crit|p2a: Oricorio\n|-damage|p2a: Oricorio|0 fnt\n|faint|p2a: Oricorio\n|\n|-weather|SunnyDay|[upkeep]\n|upkeep\n|\n|t:|1733842074\n|switch|p2a: Baxcalibur|Baxcalibur, L75, F|295/295\n|turn|8\n|c|\u2606Nyndeed|my team sucks complete ass\n|inactive|Li0nsHeart has 60 seconds left.\n|\n|t:|1733842110\n|move|p1a: Ninetales|Scorching Sands|p2a: Baxcalibur\n|-damage|p2a: Baxcalibur|190/295\n|move|p2a: Baxcalibur|Earthquake|p1a: Ninetales\n|-supereffective|p1a: Ninetales\n|-damage|p1a: Ninetales|0 fnt\n|faint|p1a: Ninetales\n|\n|-weather|none\n|upkeep\n|\n|t:|1733842117\n|switch|p1a: Articuno|Articuno, L86|223/295 psn\n|-ability|p1a: Articuno|Pressure\n|turn|9\n|\n|t:|1733842123\n|switch|p2a: Eiscue|Eiscue, L88, F|272/272\n|move|p1a: Articuno|Freeze-Dry|p2a: Eiscue\n|-resisted|p2a: Eiscue\n|-damage|p2a: Eiscue|236/272\n|\n|-damage|p1a: Articuno|187/295 psn|[from] psn\n|upkeep\n|turn|10\n|\n|t:|1733842130\n|move|p1a: Articuno|Freeze-Dry|p2a: Eiscue\n|-resisted|p2a: Eiscue\n|-damage|p2a: Eiscue|200/272\n|move|p2a: Eiscue|Substitute|p2a: Eiscue\n|-start|p2a: Eiscue|Substitute\n|-damage|p2a: Eiscue|132/272\n|\n|-damage|p1a: Articuno|151/295 psn|[from] psn\n|upkeep\n|turn|11\n|\n|t:|1733842135\n|move|p1a: Articuno|Freeze-Dry|p2a: Eiscue\n|-resisted|p2a: Eiscue\n|-activate|p2a: Eiscue|move: Substitute|[damage]\n|move|p2a: Eiscue|Ice Spinner|p1a: Articuno\n|-crit|p1a: Articuno\n|-damage|p1a: Articuno|33/295 psn\n|\n|-damage|p1a: Articuno|0 fnt|[from] psn\n|faint|p1a: Articuno\n|upkeep\n|\n|t:|1733842140\n|switch|p1a: Dachsbun|Dachsbun, L92, M|254/254\n|-damage|p1a: Dachsbun|223/254|[from] Stealth Rock\n|turn|12\n|\n|t:|1733842145\n|move|p1a: Dachsbun|Body Press|p2a: Eiscue\n|-supereffective|p2a: Eiscue\n|-end|p2a: Eiscue|Substitute\n|move|p2a: Eiscue|Ice Spinner|p1a: Dachsbun\n|-damage|p1a: Dachsbun|166/254\n|\n|-heal|p1a: Dachsbun|181/254|[from] item: Leftovers\n|upkeep\n|turn|13\n|\n|t:|1733842152\n|switch|p2a: Palossand|Palossand, L89, F|296/296\n|move|p1a: Dachsbun|Wish|p1a: Dachsbun\n|\n|-heal|p1a: Dachsbun|196/254|[from] item: Leftovers\n|upkeep\n|turn|14\n|inactive|Li0nsHeart has 90 seconds left.\n|\n|t:|1733842157\n|switch|p1a: Iron Hands|Iron Hands, L79|373/373\n|-damage|p1a: Iron Hands|350/373|[from] Stealth Rock\n|move|p2a: Palossand|Sludge Bomb|p1a: Iron Hands\n|-damage|p1a: Iron Hands|289/373\n|-status|p1a: Iron Hands|psn\n|\n|-heal|p1a: Iron Hands|373/373 psn|[from] move: Wish|[wisher] Dachsbun\n|-damage|p1a: Iron Hands|327/373 psn|[from] psn\n|upkeep\n|turn|15\n|\n|t:|1733842165\n|-end|p1a: Iron Hands|Quark Drive|[silent]\n|switch|p1a: Dachsbun|Dachsbun, L92, M|196/254\n|-damage|p1a: Dachsbun|165/254|[from] Stealth Rock\n|move|p2a: Palossand|Earth Power|p1a: Dachsbun\n|-damage|p1a: Dachsbun|50/254\n|-unboost|p1a: Dachsbun|spd|1\n|\n|-heal|p1a: Dachsbun|65/254|[from] item: Leftovers\n|upkeep\n|turn|16\n|\n|t:|1733842168\n|move|p1a: Dachsbun|Wish|p1a: Dachsbun\n|move|p2a: Palossand|Earth Power|p1a: Dachsbun\n|-damage|p1a: Dachsbun|0 fnt\n|faint|p1a: Dachsbun\n|\n|upkeep\n|\n|t:|1733842172\n|switch|p1a: Gouging Fire|Gouging Fire, L74|277/277\n|turn|17\n|\n|t:|1733842176\n|move|p1a: Gouging Fire|Dragon Dance|p1a: Gouging Fire\n|-boost|p1a: Gouging Fire|atk|1\n|-boost|p1a: Gouging Fire|spe|1\n|move|p2a: Palossand|Earth Power|p1a: Gouging Fire\n|-supereffective|p1a: Gouging Fire\n|-damage|p1a: Gouging Fire|35/277\n|\n|-heal|p1a: Gouging Fire|162/277|[from] move: Wish|[wisher] Dachsbun\n|upkeep\n|turn|18\n|\n|t:|1733842179\n|move|p1a: Gouging Fire|Outrage|p2a: Palossand\n|-damage|p2a: Palossand|166/296\n|move|p2a: Palossand|Earth Power|p1a: Gouging Fire\n|-supereffective|p1a: Gouging Fire\n|-damage|p1a: Gouging Fire|0 fnt\n|faint|p1a: Gouging Fire\n|-end|p1a: Gouging Fire|Protosynthesis|[silent]\n|\n|-heal|p2a: Palossand|184/296|[from] item: Leftovers\n|upkeep\n|\n|t:|1733842186\n|switch|p1a: Latios|Latios, L78, M|253/253\n|-damage|p1a: Latios|222/253|[from] Stealth Rock\n|turn|19\n|\n|t:|1733842194\n|-terastallize|p1a: Latios|Steel\n|move|p1a: Latios|Calm Mind|p1a: Latios\n|-boost|p1a: Latios|spa|1\n|-boost|p1a: Latios|spd|1\n|move|p2a: Palossand|Shadow Ball|p1a: Latios\n|-damage|p1a: Latios|168/253\n|\n|-heal|p2a: Palossand|202/296|[from] item: Leftovers\n|upkeep\n|turn|20\n|\n|t:|1733842204\n|switch|p2a: Baxcalibur|Baxcalibur, L75, F|190/295\n|move|p1a: Latios|Calm Mind|p1a: Latios\n|-boost|p1a: Latios|spa|1\n|-boost|p1a: Latios|spd|1\n|\n|upkeep\n|turn|21\n|\n|t:|1733842214\n|move|p1a: Latios|Psyshock|p2a: Baxcalibur\n|-damage|p2a: Baxcalibur|0 fnt\n|faint|p2a: Baxcalibur\n|\n|upkeep\n|\n|t:|1733842217\n|switch|p2a: Emboar|Emboar, L84, F|322/322\n|turn|22\n|\n|t:|1733842221\n|move|p1a: Latios|Draco Meteor|p2a: Emboar\n|-damage|p2a: Emboar|0 fnt\n|-unboost|p1a: Latios|spa|2\n|faint|p2a: Emboar\n|\n|upkeep\n|\n|t:|1733842225\n|switch|p2a: Eiscue|Eiscue, L88, F|132/272\n|turn|23\n|\n|t:|1733842232\n|-terastallize|p2a: Eiscue|Water\n|move|p1a: Latios|Draco Meteor|p2a: Eiscue|[miss]\n|-miss|p1a: Latios|p2a: Eiscue\n|move|p2a: Eiscue|Liquidation|p1a: Latios\n|-damage|p1a: Latios|69/253\n|-unboost|p1a: Latios|def|1\n|\n|upkeep\n|turn|24\n|\n|t:|1733842239\n|move|p1a: Latios|Draco Meteor|p2a: Eiscue\n|-damage|p2a: Eiscue|0 fnt\n|-unboost|p1a: Latios|spa|2\n|faint|p2a: Eiscue\n|\n|upkeep\n|\n|t:|1733842241\n|switch|p2a: Palossand|Palossand, L89, F|202/296\n|turn|25\n|\n|t:|1733842243\n|move|p1a: Latios|Recover|p1a: Latios\n|-heal|p1a: Latios|196/253\n|move|p2a: Palossand|Shadow Ball|p1a: Latios\n|-damage|p1a: Latios|148/253\n|-unboost|p1a: Latios|spd|1\n|\n|-heal|p2a: Palossand|220/296|[from] item: Leftovers\n|upkeep\n|turn|26\n|\n|t:|1733842246\n|move|p1a: Latios|Calm Mind|p1a: Latios\n|-boost|p1a: Latios|spa|1\n|-boost|p1a: Latios|spd|1\n|move|p2a: Palossand|Shadow Ball|p1a: Latios\n|-damage|p1a: Latios|103/253\n|-unboost|p1a: Latios|spd|1\n|\n|-heal|p2a: Palossand|238/296|[from] item: Leftovers\n|upkeep\n|turn|27\n|-message|Nyndeed forfeited.\n|\n|win|Li0nsHeart\n", "inputlog": ">version bfd83cad13791eb5a5a409923076391caf6fb4d4\n>start {\"formatid\":\"gen9randombattle\",\"seed\":[51958,44071,15379,9609],\"rated\":\"Rated battle\"}\n>player p1 {\"name\":\"Li0nsHeart\",\"avatar\":\"101\",\"rating\":1863,\"seed\":[53787,12759,14739,29152]}\n>player p2 {\"name\":\"Nyndeed\",\"avatar\":\"palmer\",\"rating\":1927,\"seed\":[25846,25060,47402,48173]}\n>p1 move wish\n>p2 switch 2\n>p1 switch 4\n>p2 move sludgebomb\n>p1 move freezedry\n>p2 switch 5\n>p1 switch 3\n>p2 move stealthrock\n>p1 move nastyplot\n>p2 move dracometeor\n>p1 move fireblast\n>p2 move bodypress\n>p2 switch 6\n>p1 move fireblast\n>p2 move quiverdance\n>p2 switch 4\n>chat \u2606Nyndeed|my team sucks complete ass\n>p1 move scorchingsands\n>p2 move earthquake\n>p1 switch 3\n>p1 move freezedry\n>p2 switch 3\n>p1 move freezedry\n>p2 move substitute\n>p1 move freezedry\n>p2 move icespinner\n>p1 switch 4\n>p1 move bodypress\n>p2 move icespinner\n>p1 move wish\n>p2 switch 5\n>p1 switch 6\n>p2 move sludgebomb\n>p1 switch 6\n>p2 move earthpower\n>p1 move wish\n>p2 move earthpower\n>p1 switch 5\n>p1 move dragondance\n>p2 move earthpower\n>p1 move outrage\n>p2 move earthpower\n>p1 switch 2\n>p1 move calmmind terastallize\n>p2 move shadowball\n>p1 move calmmind\n>p2 switch 3\n>p1 move psyshock\n>p2 move glaiverush\n>p2 switch 2\n>p1 move dracometeor\n>p2 move flareblitz\n>p2 switch 5\n>p1 move dracometeor\n>p2 move liquidation terastallize\n>p1 move dracometeor\n>p2 move liquidation\n>p2 switch 3\n>p1 move recover\n>p2 move shadowball\n>p1 move calmmind\n>p2 move shadowball\n>forcelose p2", "uploadtime": 1733842093, "views": 1, "formatid": "gen9randombattle", "rating": null, "private": 0, "password": null}