{"id": "gen9randombattle-2211603360", "format": "[Gen 9] Random Battle", "players": ["r3lt ungaming", "Hallo15"], "log": "|badge|p1|gold|gen9randombattle|3-2\n|html|<div class=\"broadcast-red\"><strong>This battle is required to be public due to one or more player having a season medal.</strong><br />During the public phase, you can discuss the state of the ladder <a href=\"/seasondiscussion\">in a special chatroom.</a></div>\n|uhtml|medal-msg|<div class=\"broadcast-blue\">Curious what those medals under the avatar are? PS now has Ladder Seasons! For more information, check out the <a href=\"https://www.smogon.com/forums/threads/3740067/\">thread on Smogon.</a></div>\n|badge|p2|bronze|gen9randombattle|100-2\n|uhtml|medal-msg|<div class=\"broadcast-blue\">Curious what those medals under the avatar are? PS now has Ladder Seasons! For more information, check out the <a href=\"https://www.smogon.com/forums/threads/3740067/\">thread on Smogon.</a></div>\n|raw|<div class=\"broadcast-blue\"><strong>This battle is required to be public due to a player having a name starting with 'medal'.</div>\n|j|\u2606r3lt ungaming\n|j|\u2606Hallo15\n|t:|1727541032\n|gametype|singles\n|player|p1|r3lt ungaming|#hplivrcb|2449\n|player|p2|Hallo15|smasher|2354\n|teamsize|p1|6\n|teamsize|p2|6\n|gen|9\n|tier|[Gen 9] Random Battle\n|rated|\n|rule|Species Clause: Limit one of each Pok\u00e9mon\n|rule|HP Percentage Mod: HP is shown in percentages\n|rule|Sleep Clause Mod: Limit one foe put to sleep\n|rule|Illusion Level Mod: Illusion disguises the Pok\u00e9mon's true level\n|\n|t:|1727541032\n|start\n|switch|p1a: Greedent|Greedent, L86, F|347/347\n|switch|p2a: Rampardos|Rampardos, L90, M|321/321\n|turn|1\n|inactive|Battle timer is ON: inactive players will automatically lose when time's up. (requested by r3lt ungaming)\n|\n|t:|1727541051\n|switch|p2a: Spidops|Spidops, L96, M|271/271\n|switch|p1a: Palossand|Palossand, L89, F|296/296\n|\n|upkeep\n|turn|2\n|\n|t:|1727541061\n|switch|p1a: Flareon|Flareon, L90, F|263/263\n|move|p2a: Spidops|Sticky Web|p1a: Flareon\n|-sidestart|p1: r3lt ungaming|move: Sticky Web\n|\n|-status|p1a: Flareon|tox|[from] item: Toxic Orb\n|upkeep\n|turn|3\n|\n|t:|1727541081\n|move|p1a: Flareon|Flare Blitz|p2a: Spidops\n|-supereffective|p2a: Spidops\n|-damage|p2a: Spidops|0 fnt\n|faint|p2a: Spidops\n|-damage|p1a: Flareon|174/263 tox|[from] Recoil\n|\n|-damage|p1a: Flareon|158/263 tox|[from] psn\n|upkeep\n|\n|t:|1727541087\n|switch|p2a: Rampardos|Rampardos, L90, M|321/321\n|turn|4\n|\n|t:|1727541098\n|switch|p2a: Lurantis|Lurantis, L87, F|264/264\n|switch|p1a: Palossand|Palossand, L89, F|296/296\n|-activate|p1a: Palossand|move: Sticky Web\n|-unboost|p1a: Palossand|spe|1\n|\n|upkeep\n|turn|5\n|\n|t:|1727541110\n|switch|p1a: Walking Wake|Walking Wake, L79|286/286\n|-activate|p1a: Walking Wake|move: Sticky Web\n|-unboost|p1a: Walking Wake|spe|1\n|move|p2a: Lurantis|Leaf Storm|p1a: Walking Wake\n|-damage|p1a: Walking Wake|154/286\n|-boost|p2a: Lurantis|spa|2\n|\n|upkeep\n|turn|6\n|\n|t:|1727541120\n|-terastallize|p1a: Walking Wake|Fire\n|move|p1a: Walking Wake|Flamethrower|p2a: Lurantis\n|-supereffective|p2a: Lurantis\n|-damage|p2a: Lurantis|0 fnt\n|faint|p2a: Lurantis\n|\n|upkeep\n|\n|t:|1727541126\n|switch|p2a: Rayquaza|Rayquaza, L72|270/270\n|-ability|p2a: Rayquaza|Air Lock\n|turn|7\n|\n|t:|1727541142\n|-end|p1a: Walking Wake|Protosynthesis|[silent]\n|switch|p1a: Greedent|Greedent, L86, F|347/347\n|-activate|p1a: Greedent|move: Sticky Web\n|-unboost|p1a: Greedent|spe|1\n|move|p2a: Rayquaza|Swords Dance|p2a: Rayquaza\n|-boost|p2a: Rayquaza|atk|2\n|\n|upkeep\n|turn|8\n|\n|t:|1727541160\n|move|p2a: Rayquaza|Earthquake|p1a: Greedent\n|-damage|p1a: Greedent|206/347\n|move|p1a: Greedent|Double-Edge|p2a: Rayquaza\n|-damage|p2a: Rayquaza|128/270\n|-damage|p1a: Greedent|159/347|[from] Recoil\n|-enditem|p1a: Greedent|Sitrus Berry|[eat]\n|-heal|p1a: Greedent|245/347|[from] item: Sitrus Berry\n|-heal|p1a: Greedent|347/347|[from] ability: Cheek Pouch\n|\n|upkeep\n|turn|9\n|\n|t:|1727541167\n|move|p2a: Rayquaza|Dragon Ascent|p1a: Greedent\n|-damage|p1a: Greedent|107/347\n|-unboost|p2a: Rayquaza|def|1\n|-unboost|p2a: Rayquaza|spd|1\n|move|p1a: Greedent|Double-Edge|p2a: Rayquaza\n|-damage|p2a: Rayquaza|0 fnt\n|faint|p2a: Rayquaza\n|-damage|p1a: Greedent|65/347|[from] Recoil\n|\n|upkeep\n|\n|t:|1727541174\n|switch|p2a: Chimecho|Chimecho, L94, M|293/293\n|turn|10\n|\n|t:|1727541179\n|move|p2a: Chimecho|Psychic Noise|p1a: Greedent\n|-damage|p1a: Greedent|0 fnt\n|faint|p1a: Greedent\n|\n|upkeep\n|\n|t:|1727541195\n|switch|p1a: Flareon|Flareon, L90, F|158/263 tox\n|-activate|p1a: Flareon|move: Sticky Web\n|-unboost|p1a: Flareon|spe|1\n|turn|11\n|\n|t:|1727541212\n|switch|p2a: Rampardos|Rampardos, L90, M|321/321\n|move|p1a: Flareon|Trailblaze|p2a: Rampardos\n|-supereffective|p2a: Rampardos\n|-damage|p2a: Rampardos|143/321\n|-boost|p1a: Flareon|spe|1\n|\n|-damage|p1a: Flareon|142/263 tox|[from] psn\n|upkeep\n|turn|12\n|\n|t:|1727541219\n|move|p2a: Rampardos|Rock Slide|p1a: Flareon\n|-supereffective|p1a: Flareon\n|-crit|p1a: Flareon\n|-damage|p1a: Flareon|0 fnt\n|faint|p1a: Flareon\n|\n|upkeep\n|\n|t:|1727541225\n|switch|p1a: Palossand|Palossand, L89, F|296/296\n|-activate|p1a: Palossand|move: Sticky Web\n|-unboost|p1a: Palossand|spe|1\n|turn|13\n|\n|t:|1727541227\n|switch|p2a: Tsareena|Tsareena, L87, F|267/267\n|move|p1a: Palossand|Stealth Rock|p2a: Tsareena\n|-sidestart|p2: Hallo15|move: Stealth Rock\n|\n|upkeep\n|turn|14\n|\n|t:|1727541235\n|move|p2a: Tsareena|Power Whip|p1a: Palossand\n|-supereffective|p1a: Palossand\n|-damage|p1a: Palossand|48/296\n|move|p1a: Palossand|Shadow Ball|p2a: Tsareena\n|-damage|p2a: Tsareena|183/267\n|\n|-heal|p1a: Palossand|66/296|[from] item: Leftovers\n|upkeep\n|turn|15\n|\n|t:|1727541239\n|move|p2a: Tsareena|Power Whip|p1a: Palossand\n|-supereffective|p1a: Palossand\n|-damage|p1a: Palossand|0 fnt\n|faint|p1a: Palossand\n|\n|upkeep\n|\n|t:|1727541241\n|switch|p1a: Walking Wake|Walking Wake, L79, tera:Fire|154/286\n|-activate|p1a: Walking Wake|move: Sticky Web\n|-unboost|p1a: Walking Wake|spe|1\n|turn|16\n|\n|t:|1727541247\n|switch|p2a: Chimecho|Chimecho, L94, M|293/293\n|-damage|p2a: Chimecho|257/293|[from] Stealth Rock\n|move|p1a: Walking Wake|Flamethrower|p2a: Chimecho\n|-damage|p2a: Chimecho|115/293\n|\n|-heal|p2a: Chimecho|133/293|[from] item: Leftovers\n|upkeep\n|turn|17\n|\n|t:|1727541254\n|move|p2a: Chimecho|Recover|p2a: Chimecho\n|-heal|p2a: Chimecho|280/293\n|move|p1a: Walking Wake|Flamethrower|p2a: Chimecho\n|-damage|p2a: Chimecho|151/293\n|\n|-heal|p2a: Chimecho|169/293|[from] item: Leftovers\n|upkeep\n|turn|18\n|\n|t:|1727541259\n|move|p2a: Chimecho|Psychic Noise|p1a: Walking Wake\n|-damage|p1a: Walking Wake|49/286\n|-start|p1a: Walking Wake|move: Heal Block\n|move|p1a: Walking Wake|Flamethrower|p2a: Chimecho\n|-damage|p2a: Chimecho|39/293\n|\n|-heal|p2a: Chimecho|57/293|[from] item: Leftovers\n|upkeep\n|turn|19\n|\n|t:|1727541263\n|-end|p1a: Walking Wake|Protosynthesis|[silent]\n|switch|p1a: Alcremie|Alcremie-Rainbow-Swirl, L90, F|263/263\n|-activate|p1a: Alcremie|move: Sticky Web\n|-unboost|p1a: Alcremie|spe|1\n|move|p2a: Chimecho|Recover|p2a: Chimecho\n|-heal|p2a: Chimecho|204/293\n|\n|-heal|p2a: Chimecho|222/293|[from] item: Leftovers\n|upkeep\n|turn|20\n|\n|t:|1727541275\n|switch|p2a: Tsareena|Tsareena, L87, F|183/267\n|-damage|p2a: Tsareena|150/267|[from] Stealth Rock\n|move|p1a: Alcremie|Calm Mind|p1a: Alcremie\n|-boost|p1a: Alcremie|spa|1\n|-boost|p1a: Alcremie|spd|1\n|\n|upkeep\n|turn|21\n|\n|t:|1727541284\n|move|p2a: Tsareena|Power Whip|p1a: Alcremie\n|-damage|p1a: Alcremie|92/263\n|move|p1a: Alcremie|Alluring Voice|p2a: Tsareena\n|-damage|p2a: Tsareena|12/267\n|\n|-heal|p1a: Alcremie|108/263|[from] item: Leftovers\n|upkeep\n|turn|22\n|\n|t:|1727541292\n|switch|p1a: Walking Wake|Walking Wake, L79, tera:Fire|49/286\n|-activate|p1a: Walking Wake|move: Sticky Web\n|-unboost|p1a: Walking Wake|spe|1\n|move|p2a: Tsareena|Power Whip|p1a: Walking Wake\n|-resisted|p1a: Walking Wake\n|-damage|p1a: Walking Wake|0 fnt\n|faint|p1a: Walking Wake\n|-end|p1a: Walking Wake|Protosynthesis|[silent]\n|\n|upkeep\n|\n|t:|1727541294\n|switch|p1a: Alomomola|Alomomola, L87, F|429/429\n|turn|23\n|\n|t:|1727541302\n|move|p2a: Tsareena|Power Whip|p1a: Alomomola\n|-supereffective|p1a: Alomomola\n|-damage|p1a: Alomomola|115/429\n|move|p1a: Alomomola|Scald|p2a: Tsareena\n|-resisted|p2a: Tsareena\n|-damage|p2a: Tsareena|0 fnt\n|faint|p2a: Tsareena\n|\n|upkeep\n|\n|t:|1727541311\n|switch|p2a: Rampardos|Rampardos, L90, M|143/321\n|-damage|p2a: Rampardos|103/321|[from] Stealth Rock\n|turn|24\n|\n|t:|1727541314\n|move|p1a: Alomomola|Protect|p1a: Alomomola\n|-singleturn|p1a: Alomomola|Protect\n|move|p2a: Rampardos|Rock Slide|p1a: Alomomola\n|-activate|p1a: Alomomola|move: Protect\n|\n|upkeep\n|turn|25\n|\n|t:|1727541319\n|move|p2a: Rampardos|Rock Slide|p1a: Alomomola\n|-damage|p1a: Alomomola|0 fnt\n|faint|p1a: Alomomola\n|\n|upkeep\n|\n|t:|1727541321\n|switch|p1a: Alcremie|Alcremie-Rainbow-Swirl, L90, F|108/263\n|-activate|p1a: Alcremie|move: Sticky Web\n|-unboost|p1a: Alcremie|spe|1\n|turn|26\n|\n|t:|1727541328\n|move|p2a: Rampardos|Rock Slide|p1a: Alcremie\n|-damage|p1a: Alcremie|0 fnt\n|faint|p1a: Alcremie\n|\n|win|Hallo15\n|raw|r3lt ungaming's rating: 2449 &rarr; <strong>2424</strong><br />(-25 for losing)\n|raw|Hallo15's rating: 2354 &rarr; <strong>2379</strong><br />(+25 for winning)\n|c|\u2606Hallo15|Gg\n|c|\u2606Hallo15|Wp\n|l|\u2606r3lt ungaming\n|player|p1|\n", "inputlog": ">version 69ff0b2f47ddc97367302b06f7f2ae172fb214dd\n>start {\"formatid\":\"gen9randombattle\",\"seed\":[34925,50501,11319,27807],\"rated\":\"Rated battle\"}\n>player p1 {\"name\":\"r3lt ungaming\",\"avatar\":\"#hplivrcb\",\"rating\":2449,\"seed\":[35621,25065,51280,62819]}\n>player p2 {\"name\":\"Hallo15\",\"avatar\":\"smasher\",\"rating\":2354,\"seed\":[58847,60987,33941,26155]}\n>p1 switch 2\n>p2 switch 6\n>p1 switch 4\n>p2 move stickyweb\n>p1 move flareblitz\n>p2 move toxicspikes\n>p2 switch 6\n>p1 switch 4\n>p2 switch 2\n>p1 switch 5\n>p2 move leafstorm\n>p1 move flamethrower terastallize\n>p2 move leafstorm\n>p2 switch 3\n>p1 switch 2\n>p2 move swordsdance\n>p1 move doubleedge\n>p2 move earthquake\n>p1 move doubleedge\n>p2 move dragonascent\n>p2 switch 4\n>p1 move knockoff\n>p2 move psychicnoise\n>p1 switch 4\n>p1 move trailblaze\n>p2 switch 2\n>p1 move trailblaze\n>p2 move rockslide\n>p1 switch 5\n>p1 move stealthrock\n>p2 switch 5\n>p1 move shadowball\n>p2 move powerwhip\n>p1 move shadowball\n>p2 move powerwhip\n>p1 switch 2\n>p1 move flamethrower\n>p2 switch 2\n>p1 move flamethrower\n>p2 move recover\n>p1 move flamethrower\n>p2 move psychicnoise\n>p1 switch 3\n>p2 move recover\n>p1 move calmmind\n>p2 switch 2\n>p1 move alluringvoice\n>p2 move powerwhip\n>p1 switch 3\n>p2 move powerwhip\n>p1 switch 6\n>p1 move scald\n>p2 move powerwhip\n>p2 switch 5\n>p1 move protect\n>p2 move rockslide\n>p1 move flipturn\n>p2 move rockslide\n>p1 switch 3\n>p1 move alluringvoice\n>p2 move rockslide", "uploadtime": 1727541339, "views": 96, "formatid": "gen9randombattle", "rating": 2379, "private": 0, "password": null}