{"id": "gen9randombattle-2162683309", "format": "[Gen 9] Random Battle", "players": ["doggoking104", "LocalMetagross"], "log": "|j|\u2606doggoking104\n|j|\u2606LocalMetagross\n|t:|1721242296\n|gametype|singles\n|player|p1|doggoking104|hiker-gen4|2257\n|player|p2|LocalMetagross|akari|2282\n|teamsize|p1|6\n|teamsize|p2|6\n|gen|9\n|tier|[Gen 9] Random Battle\n|rated|\n|rule|Species Clause: Limit one of each Pok\u00e9mon\n|rule|HP Percentage Mod: HP is shown in percentages\n|rule|Sleep Clause Mod: Limit one foe put to sleep\n|rule|Illusion Level Mod: Illusion disguises the Pok\u00e9mon's true level\n|\n|t:|1721242296\n|start\n|switch|p1a: Smeargle|Smeargle, L94, M|256/256\n|switch|p2a: Hypno|Hypno, L95, M|315/315\n|turn|1\n|inactive|Battle timer is ON: inactive players will automatically lose when time's up. (requested by LocalMetagross)\n|\n|t:|1721242306\n|switch|p2a: Whimsicott|Whimsicott, L85, M|241/241\n|move|p1a: Smeargle|Spore|p2a: Whimsicott\n|-immune|p2a: Whimsicott\n|\n|upkeep\n|turn|2\n|\n|t:|1721242311\n|switch|p1a: Scizor|Scizor, L79, M|240/240\n|move|p2a: Whimsicott|Encore||[still]\n|-fail|p2a: Whimsicott\n|\n|upkeep\n|turn|3\n|\n|t:|1721242315\n|switch|p2a: Wyrdeer|Wyrdeer, L87, F, shiny|321/321\n|-ability|p2a: Wyrdeer|Intimidate|boost\n|-unboost|p1a: Scizor|atk|1\n|move|p1a: Scizor|Knock Off|p2a: Wyrdeer\n|-supereffective|p2a: Wyrdeer\n|-damage|p2a: Wyrdeer|195/321\n|-enditem|p2a: Wyrdeer|Leftovers|[from] move: Knock Off|[of] p1a: Scizor\n|\n|upkeep\n|turn|4\n|j| melloyollo\n|inactive|doggoking104 has 120 seconds left.\n|\n|t:|1721242346\n|switch|p1a: Smeargle|Smeargle, L94, M|256/256\n|move|p2a: Wyrdeer|Thunder Wave|p1a: Smeargle\n|-status|p1a: Smeargle|par\n|\n|upkeep\n|turn|5\n|\n|t:|1721242354\n|move|p2a: Wyrdeer|Body Slam|p1a: Smeargle\n|-damage|p1a: Smeargle|100/256 par\n|cant|p1a: Smeargle|par\n|\n|upkeep\n|turn|6\n|c|\u2606doggoking104|lol\n|\n|t:|1721242364\n|move|p2a: Wyrdeer|Earthquake|p1a: Smeargle\n|-damage|p1a: Smeargle|0 fnt\n|faint|p1a: Smeargle\n|\n|upkeep\n|\n|t:|1721242370\n|switch|p1a: Rillaboom|Rillaboom, L79, M|288/288\n|-fieldstart|move: Grassy Terrain|[from] ability: Grassy Surge|[of] p1a: Rillaboom\n|turn|7\n|\n|t:|1721242375\n|move|p1a: Rillaboom|Wood Hammer|p2a: Wyrdeer\n|-damage|p2a: Wyrdeer|0 fnt\n|faint|p2a: Wyrdeer\n|-damage|p1a: Rillaboom|224/288|[from] Recoil\n|-damage|p1a: Rillaboom|196/288|[from] item: Life Orb\n|\n|-heal|p1a: Rillaboom|214/288|[from] Grassy Terrain\n|upkeep\n|l| melloyollo\n|\n|t:|1721242388\n|switch|p2a: Whimsicott|Whimsicott, L85, M|241/241\n|turn|8\n|\n|t:|1721242403\n|move|p2a: Whimsicott|Substitute|p2a: Whimsicott\n|-start|p2a: Whimsicott|Substitute\n|-damage|p2a: Whimsicott|181/241\n|move|p1a: Rillaboom|Wood Hammer|p2a: Whimsicott\n|-resisted|p2a: Whimsicott\n|-end|p2a: Whimsicott|Substitute\n|-damage|p1a: Rillaboom|194/288|[from] Recoil|[of] p2a: Whimsicott\n|-damage|p1a: Rillaboom|166/288|[from] item: Life Orb\n|\n|-heal|p2a: Whimsicott|196/241|[from] Grassy Terrain\n|-heal|p2a: Whimsicott|211/241|[from] item: Leftovers\n|-heal|p1a: Rillaboom|184/288|[from] Grassy Terrain\n|upkeep\n|turn|9\n|\n|t:|1721242410\n|move|p2a: Whimsicott|Moonblast|p1a: Rillaboom\n|-damage|p1a: Rillaboom|82/288\n|move|p1a: Rillaboom|Wood Hammer|p2a: Whimsicott\n|-resisted|p2a: Whimsicott\n|-damage|p2a: Whimsicott|86/241\n|-damage|p1a: Rillaboom|41/288|[from] Recoil\n|-damage|p1a: Rillaboom|13/288|[from] item: Life Orb\n|\n|-heal|p2a: Whimsicott|101/241|[from] Grassy Terrain\n|-heal|p2a: Whimsicott|116/241|[from] item: Leftovers\n|-heal|p1a: Rillaboom|31/288|[from] Grassy Terrain\n|upkeep\n|turn|10\n|\n|t:|1721242414\n|move|p1a: Rillaboom|Grassy Glide|p2a: Whimsicott\n|-resisted|p2a: Whimsicott\n|-damage|p2a: Whimsicott|61/241\n|-damage|p1a: Rillaboom|3/288|[from] item: Life Orb\n|move|p2a: Whimsicott|Moonblast|p1a: Rillaboom\n|-damage|p1a: Rillaboom|0 fnt\n|faint|p1a: Rillaboom\n|\n|-heal|p2a: Whimsicott|76/241|[from] Grassy Terrain\n|-heal|p2a: Whimsicott|91/241|[from] item: Leftovers\n|upkeep\n|\n|t:|1721242417\n|switch|p1a: Scizor|Scizor, L79, M|240/240\n|turn|11\n|\n|t:|1721242420\n|move|p2a: Whimsicott|Substitute|p2a: Whimsicott\n|-start|p2a: Whimsicott|Substitute\n|-damage|p2a: Whimsicott|31/241\n|move|p1a: Scizor|Bullet Punch|p2a: Whimsicott\n|-supereffective|p2a: Whimsicott\n|-end|p2a: Whimsicott|Substitute\n|\n|-heal|p2a: Whimsicott|46/241|[from] Grassy Terrain\n|-heal|p2a: Whimsicott|61/241|[from] item: Leftovers\n|-fieldend|move: Grassy Terrain\n|upkeep\n|turn|12\n|\n|t:|1721242423\n|move|p2a: Whimsicott|Leech Seed|p1a: Scizor\n|-start|p1a: Scizor|move: Leech Seed\n|move|p1a: Scizor|Bullet Punch|p2a: Whimsicott\n|-supereffective|p2a: Whimsicott\n|-damage|p2a: Whimsicott|0 fnt\n|faint|p2a: Whimsicott\n|\n|upkeep\n|\n|t:|1721242426\n|switch|p2a: Milotic|Milotic, L83, F|293/293\n|turn|13\n|\n|t:|1721242438\n|switch|p1a: Rotom|Rotom-Fan, L86|226/226\n|move|p2a: Milotic|Scald|p1a: Rotom\n|-damage|p1a: Rotom|156/226\n|-status|p1a: Rotom|brn\n|\n|-damage|p1a: Rotom|142/226 brn|[from] brn\n|upkeep\n|turn|14\n|\n|t:|1721242451\n|switch|p2a: Hypno|Hypno, L95, M|315/315\n|move|p1a: Rotom|Thunderbolt|p2a: Hypno\n|-damage|p2a: Hypno|236/315\n|\n|-heal|p2a: Hypno|255/315|[from] item: Leftovers\n|-damage|p1a: Rotom|128/226 brn|[from] brn\n|upkeep\n|turn|15\n|\n|t:|1721242458\n|switch|p1a: Scizor|Scizor, L79, M|240/240\n|move|p2a: Hypno|Psychic Noise|p1a: Scizor\n|-resisted|p1a: Scizor\n|-damage|p1a: Scizor|189/240\n|-start|p1a: Scizor|move: Heal Block\n|\n|-heal|p2a: Hypno|274/315|[from] item: Leftovers\n|upkeep\n|turn|16\n|\n|t:|1721242469\n|move|p2a: Hypno|Knock Off|p1a: Scizor\n|-damage|p1a: Scizor|123/240\n|-enditem|p1a: Scizor|Leftovers|[from] move: Knock Off|[of] p2a: Hypno\n|move|p1a: Scizor|Knock Off|p2a: Hypno\n|-supereffective|p2a: Hypno\n|-damage|p2a: Hypno|124/315\n|-enditem|p2a: Hypno|Leftovers|[from] move: Knock Off|[of] p1a: Scizor\n|\n|-end|p1a: Scizor|move: Heal Block\n|upkeep\n|turn|17\n|\n|t:|1721242476\n|move|p2a: Hypno|Encore|p1a: Scizor\n|-start|p1a: Scizor|Encore\n|move|p1a: Scizor|Knock Off|p2a: Hypno\n|-supereffective|p2a: Hypno\n|-damage|p2a: Hypno|6/315\n|\n|upkeep\n|turn|18\n|\n|t:|1721242501\n|move|p2a: Hypno|Knock Off|p1a: Scizor\n|-damage|p1a: Scizor|75/240\n|move|p1a: Scizor|Knock Off|p2a: Hypno\n|-supereffective|p2a: Hypno\n|-damage|p2a: Hypno|0 fnt\n|faint|p2a: Hypno\n|\n|upkeep\n|\n|t:|1721242510\n|switch|p2a: Spectrier|Spectrier, L75|274/274\n|turn|19\n|\n|t:|1721242516\n|switch|p1a: Probopass|Probopass, L92, M|260/260\n|move|p2a: Spectrier|Shadow Ball|p1a: Probopass\n|-damage|p1a: Probopass|181/260\n|-damage|p2a: Spectrier|247/274|[from] item: Life Orb\n|\n|upkeep\n|turn|20\n|\n|t:|1721242523\n|move|p2a: Spectrier|Nasty Plot|p2a: Spectrier\n|-boost|p2a: Spectrier|spa|2\n|move|p1a: Probopass|Flash Cannon|p2a: Spectrier\n|-damage|p2a: Spectrier|156/274\n|\n|upkeep\n|turn|21\n|inactive|doggoking104 has 120 seconds left.\n|\n|t:|1721242553\n|move|p2a: Spectrier|Shadow Ball|p1a: Probopass\n|-damage|p1a: Probopass|43/260\n|-damage|p2a: Spectrier|129/274|[from] item: Life Orb\n|move|p1a: Probopass|Flash Cannon|p2a: Spectrier\n|-damage|p2a: Spectrier|21/274\n|\n|upkeep\n|turn|22\n|\n|t:|1721242568\n|move|p2a: Spectrier|Shadow Ball|p1a: Probopass\n|-damage|p1a: Probopass|0 fnt\n|faint|p1a: Probopass\n|-ability|p2a: Spectrier|Grim Neigh|boost\n|-boost|p2a: Spectrier|spa|1\n|-damage|p2a: Spectrier|0 fnt|[from] item: Life Orb\n|faint|p2a: Spectrier\n|\n|upkeep\n|\n|t:|1721242575\n|switch|p2a: Magearna|Magearna, L77|250/250\n|switch|p1a: Rotom|Rotom-Fan, L86|128/226 brn\n|turn|23\n|inactive|doggoking104 has 120 seconds left.\n|\n|t:|1721242604\n|move|p1a: Rotom|Nasty Plot|p1a: Rotom\n|-boost|p1a: Rotom|spa|2\n|move|p2a: Magearna|Shift Gear|p2a: Magearna\n|-boost|p2a: Magearna|spe|2\n|-boost|p2a: Magearna|atk|1\n|\n|-damage|p1a: Rotom|114/226 brn|[from] brn\n|upkeep\n|turn|24\n|\n|t:|1721242609\n|move|p2a: Magearna|Fleur Cannon|p1a: Rotom\n|-damage|p1a: Rotom|0 fnt\n|-unboost|p2a: Magearna|spa|2\n|faint|p1a: Rotom\n|-ability|p2a: Magearna|Soul-Heart|boost\n|-boost|p2a: Magearna|spa|1\n|\n|upkeep\n|inactive|doggoking104 has 120 seconds left.\n|\n|t:|1721242623\n|switch|p1a: Arceus|Arceus-Ghost, L69|280/280\n|turn|25\n|\n|t:|1721242649\n|move|p2a: Magearna|Shift Gear|p2a: Magearna\n|-boost|p2a: Magearna|spe|2\n|-boost|p2a: Magearna|atk|1\n|move|p1a: Arceus|Calm Mind|p1a: Arceus\n|-boost|p1a: Arceus|spa|1\n|-boost|p1a: Arceus|spd|1\n|\n|upkeep\n|turn|26\n|inactive|doggoking104 has 120 seconds left.\n|\n|t:|1721242673\n|move|p2a: Magearna|Iron Head|p1a: Arceus\n|-damage|p1a: Arceus|136/280\n|move|p1a: Arceus|Calm Mind|p1a: Arceus\n|-boost|p1a: Arceus|spa|1\n|-boost|p1a: Arceus|spd|1\n|\n|upkeep\n|turn|27\n|\n|t:|1721242681\n|move|p2a: Magearna|Iron Head|p1a: Arceus\n|-damage|p1a: Arceus|12/280\n|move|p1a: Arceus|Judgment|p2a: Magearna\n|-damage|p2a: Magearna|63/250\n|\n|upkeep\n|turn|28\n|\n|t:|1721242688\n|switch|p1a: Scizor|Scizor, L79, M|75/240\n|move|p2a: Magearna|Iron Head|p1a: Scizor\n|-resisted|p1a: Scizor\n|-damage|p1a: Scizor|3/240\n|\n|upkeep\n|turn|29\n|\n|t:|1721242694\n|move|p1a: Scizor|Bullet Punch|p2a: Magearna\n|-damage|p2a: Magearna|0 fnt\n|faint|p2a: Magearna\n|\n|upkeep\n|\n|t:|1721242697\n|switch|p2a: Milotic|Milotic, L83, F|293/293\n|turn|30\n|\n|t:|1721242700\n|move|p2a: Milotic|Ice Beam|p1a: Scizor\n|-resisted|p1a: Scizor\n|-damage|p1a: Scizor|0 fnt\n|faint|p1a: Scizor\n|\n|upkeep\n|inactive|doggoking104 has 120 seconds left.\n|\n|t:|1721242730\n|switch|p1a: Arceus|Arceus-Ghost, L69|12/280\n|turn|31\n|\n|t:|1721242734\n|-terastallize|p1a: Arceus|Ghost\n|move|p1a: Arceus|Recover|p1a: Arceus\n|-heal|p1a: Arceus|152/280\n|move|p2a: Milotic|Ice Beam|p1a: Arceus\n|-damage|p1a: Arceus|89/280\n|\n|upkeep\n|turn|32\n|\n|t:|1721242737\n|move|p1a: Arceus|Recover|p1a: Arceus\n|-heal|p1a: Arceus|229/280\n|move|p2a: Milotic|Ice Beam|p1a: Arceus\n|-damage|p1a: Arceus|166/280\n|-status|p1a: Arceus|frz\n|\n|upkeep\n|turn|33\n|\n|t:|1721242745\n|cant|p1a: Arceus|frz\n|move|p2a: Milotic|Ice Beam|p1a: Arceus\n|-damage|p1a: Arceus|100/280 frz\n|\n|upkeep\n|turn|34\n|\n|t:|1721242749\n|cant|p1a: Arceus|frz\n|move|p2a: Milotic|Ice Beam|p1a: Arceus\n|-damage|p1a: Arceus|34/280 frz\n|\n|upkeep\n|turn|35\n|\n|t:|1721242751\n|cant|p1a: Arceus|frz\n|move|p2a: Milotic|Ice Beam|p1a: Arceus\n|-damage|p1a: Arceus|0 fnt\n|faint|p1a: Arceus\n|\n|win|LocalMetagross\n|raw|doggoking104's rating: 2235 &rarr; <strong>2218</strong><br />(-17 for losing)\n|raw|LocalMetagross's rating: 2282 &rarr; <strong>2299</strong><br />(+17 for winning)\n|c|\u2606doggoking104|lmao\n", "inputlog": ">version 6541fcea21d467a9da79bdf33e2760bc1c0cf786\n>start {\"formatid\":\"gen9randombattle\",\"seed\":[42588,17602,24470,28654],\"rated\":\"Rated battle\"}\n>player p1 {\"name\":\"doggoking104\",\"avatar\":\"hiker-gen4\",\"rating\":2257,\"seed\":[53494,21150,728,45308]}\n>player p2 {\"name\":\"LocalMetagross\",\"avatar\":\"akari\",\"rating\":2282,\"seed\":[23606,1241,35465,37877]}\n>p1 move spore\n>p2 switch 3\n>p1 switch 5\n>p2 move encore\n>p1 move knockoff\n>p2 switch 5\n>p1 switch 5\n>p2 move thunderwave\n>p1 move stickyweb\n>p2 move bodyslam\n>chat \u2606doggoking104|lol\n>p1 move stickyweb\n>p2 move earthquake\n>p1 switch 3\n>p1 move woodhammer\n>p2 move thunderwave\n>p2 switch 5\n>p1 move woodhammer\n>p2 move substitute\n>p1 move woodhammer\n>p2 move moonblast\n>p1 move grassyglide\n>p2 move moonblast\n>p1 switch 5\n>p1 move bulletpunch\n>p2 move substitute\n>p1 move bulletpunch\n>p2 move leechseed\n>p2 switch 6\n>p1 switch 4\n>p2 move scald\n>p1 move thunderbolt\n>p2 switch 3\n>p1 switch 4\n>p2 move psychicnoise\n>p1 move knockoff\n>p2 move knockoff\n>p1 move knockoff\n>p2 move encore\n>p1 move knockoff\n>p2 move knockoff\n>p2 switch 4\n>p1 switch 2\n>p2 move shadowball\n>p1 move flashcannon\n>p2 move nastyplot\n>p1 move flashcannon\n>p2 move shadowball\n>p1 move flashcannon\n>p2 move shadowball\n>p1 switch 4\n>p2 switch 2\n>p1 move nastyplot\n>p2 move shiftgear\n>p1 move thunderbolt\n>p2 move fleurcannon\n>p1 switch 6\n>p1 move calmmind\n>p2 move shiftgear\n>p1 move calmmind\n>p2 move ironhead\n>p1 move judgment\n>p2 move ironhead\n>p1 switch 2\n>p2 move ironhead\n>p1 move bulletpunch\n>p2 move terablast\n>p2 switch 3\n>p1 move knockoff\n>p2 move icebeam\n>p1 switch 2\n>p1 move recover terastallize\n>p2 move icebeam\n>p1 move recover\n>p2 move icebeam\n>p1 move calmmind\n>p2 move icebeam\n>p1 move recover\n>p2 move icebeam\n>p1 move recover\n>p2 move icebeam", "uploadtime": 1721242754, "views": 154, "formatid": "gen9randombattle", "rating": 2218, "private": 0, "password": null}