{"id": "gen9randombattle-2260870354", "format": "[Gen 9] Random Battle", "players": ["moongo", "qiuescent"], "log": "|j|\u2606moongo\n|j|\u203dqiuescent\n|t:|1733907931\n|gametype|singles\n|player|p1|moongo|pokemonranger|2232\n|player|p2|qiuescent|266|2221\n|teamsize|p1|6\n|teamsize|p2|6\n|gen|9\n|tier|[Gen 9] Random Battle\n|rated|\n|rule|Species Clause: Limit one of each Pok\u00e9mon\n|rule|HP Percentage Mod: HP is shown in percentages\n|rule|Sleep Clause Mod: Limit one foe put to sleep\n|rule|Illusion Level Mod: Illusion disguises the Pok\u00e9mon's true level\n|\n|t:|1733907931\n|start\n|switch|p1a: Volbeat|Volbeat, L90, M|263/263\n|switch|p2a: Misdreavus|Misdreavus, L90, F|254/254\n|turn|1\n|\n|t:|1733907944\n|switch|p2a: Kilowattrel|Kilowattrel, L83, M|252/252\n|move|p1a: Volbeat|Thunder Wave|p2a: Kilowattrel\n|-immune|p2a: Kilowattrel|[from] ability: Volt Absorb\n|\n|upkeep\n|turn|2\n|\n|t:|1733907951\n|switch|p1a: Coalossal|Coalossal, L89, M|341/341\n|move|p2a: Kilowattrel|U-turn|p1a: Coalossal\n|-resisted|p1a: Coalossal\n|-damage|p1a: Coalossal|327/341\n|-status|p2a: Kilowattrel|brn|[from] ability: Flame Body|[of] p1a: Coalossal\n|\n|t:|1733907968\n|switch|p2a: Enamorus|Enamorus-Therian, L83, F|259/259|[from] U-turn\n|\n|upkeep\n|turn|3\n|\n|t:|1733907974\n|switch|p1a: Volbeat|Volbeat, L90, M|263/263\n|move|p2a: Enamorus|Earth Power|p1a: Volbeat\n|-resisted|p1a: Volbeat\n|-damage|p1a: Volbeat|226/263\n|\n|upkeep\n|turn|4\n|\n|t:|1733907981\n|switch|p2a: Kilowattrel|Kilowattrel, L83, M|252/252 brn\n|move|p1a: Volbeat|Encore||[still]\n|-fail|p1a: Volbeat\n|\n|-damage|p2a: Kilowattrel|237/252 brn|[from] brn\n|upkeep\n|turn|5\n|\n|t:|1733907991\n|switch|p1a: Coalossal|Coalossal, L89, M|327/341\n|move|p2a: Kilowattrel|U-turn|p1a: Coalossal\n|-resisted|p1a: Coalossal\n|-damage|p1a: Coalossal|320/341\n|\n|t:|1733907997\n|switch|p2a: Enamorus|Enamorus-Therian, L83, F|259/259|[from] U-turn\n|\n|upkeep\n|turn|6\n|\n|t:|1733908006\n|switch|p1a: Slaking|Slaking, L84, F|389/389\n|move|p2a: Enamorus|Earth Power|p1a: Slaking\n|-damage|p1a: Slaking|280/389\n|\n|upkeep\n|turn|7\n|\n|t:|1733908012\n|move|p1a: Slaking|Double-Edge|p2a: Enamorus\n|-damage|p2a: Enamorus|18/259\n|-damage|p1a: Slaking|200/389|[from] Recoil\n|move|p2a: Enamorus|Superpower|p1a: Slaking\n|-supereffective|p1a: Slaking\n|-damage|p1a: Slaking|24/389\n|-unboost|p2a: Enamorus|atk|1\n|-unboost|p2a: Enamorus|def|1\n|\n|upkeep\n|turn|8\n|\n|t:|1733908022\n|switch|p1a: Volbeat|Volbeat, L90, M|226/263\n|move|p2a: Enamorus|Moonblast|p1a: Volbeat\n|-damage|p1a: Volbeat|111/263\n|\n|upkeep\n|turn|9\n|\n|t:|1733908027\n|switch|p2a: Kilowattrel|Kilowattrel, L83, M|237/252 brn\n|move|p1a: Volbeat|Roost|p1a: Volbeat\n|-heal|p1a: Volbeat|243/263\n|-singleturn|p1a: Volbeat|move: Roost\n|\n|-damage|p2a: Kilowattrel|222/252 brn|[from] brn\n|upkeep\n|turn|10\n|\n|t:|1733908034\n|switch|p1a: Coalossal|Coalossal, L89, M|320/341\n|move|p2a: Kilowattrel|Thunderbolt|p1a: Coalossal\n|-damage|p1a: Coalossal|226/341\n|\n|-damage|p2a: Kilowattrel|207/252 brn|[from] brn\n|upkeep\n|turn|11\n|\n|t:|1733908044\n|move|p2a: Kilowattrel|U-turn|p1a: Coalossal\n|-resisted|p1a: Coalossal\n|-damage|p1a: Coalossal|219/341\n|\n|t:|1733908047\n|switch|p2a: Enamorus|Enamorus-Therian, L83, F|18/259|[from] U-turn\n|move|p1a: Coalossal|Flamethrower|p2a: Enamorus\n|-damage|p2a: Enamorus|0 fnt\n|faint|p2a: Enamorus\n|\n|upkeep\n|\n|t:|1733908050\n|switch|p2a: Entei|Entei, L78|307/307\n|turn|12\n|\n|t:|1733908055\n|switch|p1a: Volbeat|Volbeat, L90, M|243/263\n|move|p2a: Entei|Stomping Tantrum|p1a: Volbeat\n|-resisted|p1a: Volbeat\n|-crit|p1a: Volbeat\n|-damage|p1a: Volbeat|175/263\n|\n|upkeep\n|turn|13\n|\n|t:|1733908059\n|switch|p1a: Coalossal|Coalossal, L89, M|219/341\n|switch|p2a: Kilowattrel|Kilowattrel, L83, M|207/252 brn\n|\n|-damage|p2a: Kilowattrel|192/252 brn|[from] brn\n|upkeep\n|turn|14\n|\n|t:|1733908063\n|move|p2a: Kilowattrel|U-turn|p1a: Coalossal\n|-resisted|p1a: Coalossal\n|-damage|p1a: Coalossal|212/341\n|\n|t:|1733908066\n|switch|p2a: Iron Boulder|Iron Boulder, L77|265/265|[from] U-turn\n|-enditem|p2a: Iron Boulder|Booster Energy\n|-activate|p2a: Iron Boulder|ability: Quark Drive|[fromitem]\n|-start|p2a: Iron Boulder|quarkdrivespe\n|move|p1a: Coalossal|Stealth Rock|p2a: Iron Boulder\n|-sidestart|p2: qiuescent|move: Stealth Rock\n|\n|upkeep\n|turn|15\n|\n|t:|1733908079\n|move|p2a: Iron Boulder|Mighty Cleave|p1a: Coalossal\n|-supereffective|p1a: Coalossal\n|-crit|p1a: Coalossal\n|-damage|p1a: Coalossal|2/341\n|move|p1a: Coalossal|Flamethrower|p2a: Iron Boulder\n|-resisted|p2a: Iron Boulder\n|-damage|p2a: Iron Boulder|222/265\n|\n|upkeep\n|turn|16\n|\n|t:|1733908091\n|move|p2a: Iron Boulder|Mighty Cleave|p1a: Coalossal\n|-supereffective|p1a: Coalossal\n|-damage|p1a: Coalossal|0 fnt\n|faint|p1a: Coalossal\n|\n|upkeep\n|\n|t:|1733908102\n|switch|p1a: Volbeat|Volbeat, L90, M|175/263\n|turn|17\n|\n|t:|1733908104\n|move|p1a: Volbeat|Thunder Wave|p2a: Iron Boulder\n|-status|p2a: Iron Boulder|par\n|move|p2a: Iron Boulder|Mighty Cleave|p1a: Volbeat\n|-supereffective|p1a: Volbeat\n|-damage|p1a: Volbeat|0 fnt\n|faint|p1a: Volbeat\n|\n|upkeep\n|\n|t:|1733908112\n|switch|p1a: Iron Boulder|Iron Boulder, L77|265/265\n|-enditem|p1a: Iron Boulder|Booster Energy\n|-activate|p1a: Iron Boulder|ability: Quark Drive|[fromitem]\n|-start|p1a: Iron Boulder|quarkdrivespe\n|turn|18\n|\n|t:|1733908117\n|move|p1a: Iron Boulder|Swords Dance|p1a: Iron Boulder\n|-boost|p1a: Iron Boulder|atk|2\n|move|p2a: Iron Boulder|Close Combat|p1a: Iron Boulder\n|-damage|p1a: Iron Boulder|162/265\n|-unboost|p2a: Iron Boulder|def|1\n|-unboost|p2a: Iron Boulder|spd|1\n|\n|upkeep\n|turn|19\n|\n|t:|1733908127\n|move|p1a: Iron Boulder|Swords Dance|p1a: Iron Boulder\n|-boost|p1a: Iron Boulder|atk|2\n|move|p2a: Iron Boulder|Mighty Cleave|p1a: Iron Boulder\n|-damage|p1a: Iron Boulder|51/265\n|\n|upkeep\n|turn|20\n|\n|t:|1733908131\n|move|p1a: Iron Boulder|Mighty Cleave|p2a: Iron Boulder\n|-damage|p2a: Iron Boulder|0 fnt\n|faint|p2a: Iron Boulder\n|-end|p2a: Iron Boulder|Quark Drive|[silent]\n|\n|upkeep\n|\n|t:|1733908151\n|switch|p2a: Whimsicott|Whimsicott, L85, F|241/241\n|turn|21\n|\n|t:|1733908156\n|move|p2a: Whimsicott|Stun Spore|p1a: Iron Boulder\n|-status|p1a: Iron Boulder|par\n|move|p1a: Iron Boulder|Mighty Cleave|p2a: Whimsicott\n|-damage|p2a: Whimsicott|0 fnt\n|faint|p2a: Whimsicott\n|\n|upkeep\n|\n|t:|1733908159\n|switch|p2a: Kilowattrel|Kilowattrel, L83, M|192/252 brn\n|turn|22\n|\n|t:|1733908162\n|move|p2a: Kilowattrel|Thunderbolt|p1a: Iron Boulder\n|-damage|p1a: Iron Boulder|0 fnt\n|faint|p1a: Iron Boulder\n|-end|p1a: Iron Boulder|Quark Drive|[silent]\n|\n|-damage|p2a: Kilowattrel|177/252 brn|[from] brn\n|upkeep\n|\n|t:|1733908166\n|switch|p1a: Espeon|Espeon, L84, M|246/246\n|turn|23\n|\n|t:|1733908171\n|move|p2a: Kilowattrel|Hurricane|p1a: Espeon\n|-damage|p1a: Espeon|140/246\n|move|p1a: Espeon|Psychic|p2a: Kilowattrel\n|-damage|p2a: Kilowattrel|0 fnt\n|faint|p2a: Kilowattrel\n|\n|upkeep\n|\n|t:|1733908185\n|switch|p2a: Entei|Entei, L78|307/307\n|-damage|p2a: Entei|231/307|[from] Stealth Rock\n|turn|24\n|\n|t:|1733908190\n|-terastallize|p2a: Entei|Normal\n|move|p2a: Entei|Extreme Speed|p1a: Espeon\n|-damage|p1a: Espeon|0 fnt\n|faint|p1a: Espeon\n|\n|upkeep\n|\n|t:|1733908199\n|switch|p1a: Gyarados|Gyarados, L79, F|280/280\n|-ability|p1a: Gyarados|Intimidate|boost\n|-fail|p2a: Entei|unboost|Attack|[from] ability: Inner Focus|[of] p2a: Entei\n|turn|25\n|inactive|Battle timer is ON: inactive players will automatically lose when time's up. (requested by qiuescent)\n|\n|t:|1733908205\n|move|p2a: Entei|Extreme Speed|p1a: Gyarados\n|-damage|p1a: Gyarados|132/280\n|move|p1a: Gyarados|Waterfall|p2a: Entei\n|-damage|p2a: Entei|120/307\n|\n|upkeep\n|turn|26\n|\n|t:|1733908209\n|move|p2a: Entei|Extreme Speed|p1a: Gyarados\n|-damage|p1a: Gyarados|0 fnt\n|faint|p1a: Gyarados\n|\n|upkeep\n|-message|moongo forfeited.\n|\n|win|qiuescent\n|raw|moongo's rating: 2232 &rarr; <strong>2211</strong><br />(-21 for losing)\n|raw|qiuescent's rating: 2221 &rarr; <strong>2242</strong><br />(+21 for winning)\n|l|\u2606moongo\n|player|p1|\n", "inputlog": ">version bfd83cad13791eb5a5a409923076391caf6fb4d4\n>start {\"formatid\":\"gen9randombattle\",\"seed\":[11214,51934,14931,56473],\"rated\":\"Rated battle\"}\n>player p1 {\"name\":\"moongo\",\"avatar\":\"pokemonranger\",\"rating\":2232,\"seed\":[49647,20781,34261,56362]}\n>player p2 {\"name\":\"qiuescent\",\"avatar\":\"266\",\"rating\":2221,\"seed\":[46943,26669,52854,26816]}\n>p1 move thunderwave\n>p2 switch 6\n>p1 switch 4\n>p2 move uturn\n>p2 switch 5\n>p1 switch 4\n>p2 move earthpower\n>p1 move encore\n>p2 switch 5\n>p1 switch 4\n>p2 move uturn\n>p2 switch 5\n>p1 switch 5\n>p2 move earthpower\n>p1 move doubleedge\n>p2 move superpower\n>p1 switch 4\n>p2 move moonblast\n>p1 move roost\n>p2 switch 5\n>p1 switch 5\n>p2 move thunderbolt\n>p1 move flamethrower\n>p2 move uturn\n>p2 switch 5\n>p2 switch 2\n>p1 switch 5\n>p2 move stompingtantrum\n>p1 switch 5\n>p2 switch 5\n>p1 move stealthrock\n>p2 move uturn\n>p2 switch 4\n>p1 move flamethrower\n>p2 move mightycleave\n>p1 move flamethrower\n>p2 move mightycleave\n>p1 switch 5\n>p1 move thunderwave\n>p2 move mightycleave\n>p1 switch 2\n>p1 move swordsdance\n>p2 move closecombat\n>p1 move swordsdance\n>p2 move mightycleave\n>p1 move mightycleave\n>p2 move mightycleave\n>p2 switch 3\n>p1 move mightycleave\n>p2 move stunspore\n>p2 switch 4\n>p1 move mightycleave\n>p2 move thunderbolt\n>p1 switch 3\n>p1 move psychic\n>p2 move hurricane\n>p2 switch 5\n>p1 move psychic\n>p2 move extremespeed terastallize\n>p1 switch 6\n>p1 move waterfall\n>p2 move extremespeed\n>p1 move waterfall\n>p2 move extremespeed\n>forcelose p1", "uploadtime": 1733908214, "views": 1, "formatid": "gen9randombattle", "rating": 2211, "private": 0, "password": null}