{"id": "gen9randombattle-2260463355", "format": "[Gen 9] Random Battle", "players": ["zGanne", "BiggieCheese1501"], "log": "|j|\u2606zGanne\n|j|\u2606BiggieCheese1501\n|t:|1733854065\n|gametype|singles\n|player|p1|zGanne|n|1203\n|player|p2|BiggieCheese1501|169|1221\n|teamsize|p1|6\n|teamsize|p2|6\n|gen|9\n|tier|[Gen 9] Random Battle\n|rated|\n|rule|Species Clause: Limit one of each Pok\u00e9mon\n|rule|HP Percentage Mod: HP is shown in percentages\n|rule|Sleep Clause Mod: Limit one foe put to sleep\n|rule|Illusion Level Mod: Illusion disguises the Pok\u00e9mon's true level\n|\n|t:|1733854065\n|start\n|switch|p1a: Squawkabilly|Squawkabilly-White, L89, M|291/291\n|switch|p2a: Mudsdale|Mudsdale, L84, M|305/305\n|turn|1\n|\n|t:|1733854081\n|move|p1a: Squawkabilly|Parting Shot|p2a: Mudsdale\n|-unboost|p2a: Mudsdale|atk|1\n|-unboost|p2a: Mudsdale|spa|1\n|\n|t:|1733854106\n|switch|p1a: Corviknight|Corviknight, L80, F|288/288|[from] Parting Shot\n|-ability|p1a: Corviknight|Pressure\n|move|p2a: Mudsdale|Stone Edge|p1a: Corviknight|[miss]\n|-miss|p2a: Mudsdale|p1a: Corviknight\n|\n|upkeep\n|turn|2\n|inactive|Battle timer is ON: inactive players will automatically lose when time's up. (requested by zGanne)\n|\n|t:|1733854194\n|move|p1a: Corviknight|Brave Bird|p2a: Mudsdale\n|-damage|p2a: Mudsdale|203/305\n|-ability|p2a: Mudsdale|Stamina|boost\n|-boost|p2a: Mudsdale|def|1\n|-damage|p1a: Corviknight|254/288|[from] Recoil\n|move|p2a: Mudsdale|Roar|p1a: Corviknight\n|drag|p1a: Dudunsparce|Dudunsparce, L83, F|343/343\n|\n|-heal|p2a: Mudsdale|222/305|[from] item: Leftovers\n|upkeep\n|turn|3\n|\n|t:|1733854212\n|switch|p2a: Forretress|Forretress, L84, M|263/263\n|move|p1a: Dudunsparce|Calm Mind|p1a: Dudunsparce\n|-boost|p1a: Dudunsparce|spa|1\n|-boost|p1a: Dudunsparce|spd|1\n|\n|upkeep\n|turn|4\n|inactive|zGanne has 120 seconds left.\n|\n|t:|1733854242\n|move|p1a: Dudunsparce|Boomburst|p2a: Forretress\n|-resisted|p2a: Forretress\n|-damage|p2a: Forretress|140/263\n|move|p2a: Forretress|Spikes|p1a: Dudunsparce\n|-sidestart|p1: zGanne|Spikes\n|\n|-heal|p2a: Forretress|156/263|[from] item: Leftovers\n|upkeep\n|turn|5\n|inactive|zGanne has 120 seconds left.\n|\n|t:|1733854249\n|move|p1a: Dudunsparce|Calm Mind|p1a: Dudunsparce\n|-boost|p1a: Dudunsparce|spa|1\n|-boost|p1a: Dudunsparce|spd|1\n|move|p2a: Forretress|Spikes|p1a: Dudunsparce\n|-sidestart|p1: zGanne|Spikes\n|\n|-heal|p2a: Forretress|172/263|[from] item: Leftovers\n|upkeep\n|turn|6\n|\n|t:|1733854257\n|move|p1a: Dudunsparce|Calm Mind|p1a: Dudunsparce\n|-boost|p1a: Dudunsparce|spa|1\n|-boost|p1a: Dudunsparce|spd|1\n|move|p2a: Forretress|Iron Head|p1a: Dudunsparce\n|-damage|p1a: Dudunsparce|259/343\n|\n|-heal|p1a: Dudunsparce|280/343|[from] item: Leftovers\n|-heal|p2a: Forretress|188/263|[from] item: Leftovers\n|upkeep\n|turn|7\n|\n|t:|1733854265\n|move|p1a: Dudunsparce|Calm Mind|p1a: Dudunsparce\n|-boost|p1a: Dudunsparce|spa|1\n|-boost|p1a: Dudunsparce|spd|1\n|move|p2a: Forretress|Spikes|p1a: Dudunsparce\n|-sidestart|p1: zGanne|Spikes\n|\n|-heal|p1a: Dudunsparce|301/343|[from] item: Leftovers\n|-heal|p2a: Forretress|204/263|[from] item: Leftovers\n|upkeep\n|turn|8\n|\n|t:|1733854277\n|move|p1a: Dudunsparce|Calm Mind|p1a: Dudunsparce\n|-boost|p1a: Dudunsparce|spa|1\n|-boost|p1a: Dudunsparce|spd|1\n|move|p2a: Forretress|Stealth Rock|p1a: Dudunsparce\n|-sidestart|p1: zGanne|move: Stealth Rock\n|\n|-heal|p1a: Dudunsparce|322/343|[from] item: Leftovers\n|-heal|p2a: Forretress|220/263|[from] item: Leftovers\n|upkeep\n|turn|9\n|\n|t:|1733854286\n|move|p1a: Dudunsparce|Calm Mind|p1a: Dudunsparce\n|-boost|p1a: Dudunsparce|spa|1\n|-boost|p1a: Dudunsparce|spd|1\n|move|p2a: Forretress|Body Press|p1a: Dudunsparce\n|-supereffective|p1a: Dudunsparce\n|-damage|p1a: Dudunsparce|148/343\n|\n|-heal|p1a: Dudunsparce|169/343|[from] item: Leftovers\n|-heal|p2a: Forretress|236/263|[from] item: Leftovers\n|upkeep\n|turn|10\n|\n|t:|1733854298\n|move|p1a: Dudunsparce|Boomburst|p2a: Forretress\n|-resisted|p2a: Forretress\n|-damage|p2a: Forretress|0 fnt\n|faint|p2a: Forretress\n|\n|-heal|p1a: Dudunsparce|190/343|[from] item: Leftovers\n|upkeep\n|\n|t:|1733854308\n|switch|p2a: Hitmontop|Hitmontop, L88, M|231/231\n|turn|11\n|\n|t:|1733854329\n|-terastallize|p1a: Dudunsparce|Ghost\n|move|p2a: Hitmontop|Close Combat|p1a: Dudunsparce\n|-immune|p1a: Dudunsparce\n|move|p1a: Dudunsparce|Boomburst|p2a: Hitmontop\n|-damage|p2a: Hitmontop|0 fnt\n|faint|p2a: Hitmontop\n|\n|-heal|p1a: Dudunsparce|211/343|[from] item: Leftovers\n|upkeep\n|c|\u2606BiggieCheese1501|damn\n|c|\u2606zGanne|dudunsparce is the goat\n|inactive|BiggieCheese1501 has 120 seconds left.\n|\n|t:|1733854374\n|switch|p2a: Mudsdale|Mudsdale, L84, M|222/305\n|turn|12\n|\n|t:|1733854387\n|move|p1a: Dudunsparce|Shadow Ball|p2a: Mudsdale\n|-damage|p2a: Mudsdale|0 fnt\n|faint|p2a: Mudsdale\n|\n|-heal|p1a: Dudunsparce|232/343|[from] item: Leftovers\n|upkeep\n|c|\u2606BiggieCheese1501|gg\n|-message|BiggieCheese1501 forfeited.\n|\n|win|zGanne\n|raw|zGanne's rating: 1203 &rarr; <strong>1229</strong><br />(+26 for winning)\n|raw|BiggieCheese1501's rating: 1221 &rarr; <strong>1195</strong><br />(-26 for losing)\n|l|\u2606BiggieCheese1501\n|player|p2|\n|c|\u2606zGanne|gg\n", "inputlog": ">version bfd83cad13791eb5a5a409923076391caf6fb4d4\n>start {\"formatid\":\"gen9randombattle\",\"seed\":[5896,62393,52080,21828],\"rated\":\"Rated battle\"}\n>player p1 {\"name\":\"zGanne\",\"avatar\":\"n\",\"rating\":1203,\"seed\":[7352,8265,2475,18757]}\n>player p2 {\"name\":\"BiggieCheese1501\",\"avatar\":\"169\",\"rating\":1221,\"seed\":[48112,54009,8956,36985]}\n>p1 move partingshot\n>p2 move stoneedge\n>p1 switch 6\n>p1 move bravebird\n>p2 move roar\n>p1 move calmmind\n>p2 switch 5\n>p1 move boomburst\n>p2 move spikes\n>p1 move calmmind\n>p2 move spikes\n>p1 move calmmind\n>p2 move ironhead\n>p1 move calmmind\n>p2 move spikes\n>p1 move calmmind\n>p2 move stealthrock\n>p1 move calmmind\n>p2 move bodypress\n>p1 move boomburst\n>p2 move bodypress\n>p2 switch 3\n>p1 move boomburst terastallize\n>p2 move closecombat\n>chat \u2606BiggieCheese1501|damn\n>chat \u2606zGanne|dudunsparce is the goat\n>p2 switch 5\n>p1 move shadowball\n>p2 move roar\n>chat \u2606BiggieCheese1501|gg\n>forcelose p2", "uploadtime": 1733854403, "views": 3, "formatid": "gen9randombattle", "rating": 1195, "private": 0, "password": null}