{"id": "gen9randombattle-2260871470", "format": "[Gen 9] Random Battle", "players": ["Shivbabe", "T the kings slayer"], "log": "|j|\u2606Shivbabe\n|j|\u2606T the kings slayer\n|t:|1733908144\n|gametype|singles\n|player|p1|Shivbabe|2|\n|player|p2|T the kings slayer|red|\n|teamsize|p1|6\n|teamsize|p2|6\n|gen|9\n|tier|[Gen 9] Random Battle\n|rule|Species Clause: Limit one of each Pok\u00e9mon\n|rule|HP Percentage Mod: HP is shown in percentages\n|rule|Sleep Clause Mod: Limit one foe put to sleep\n|rule|Illusion Level Mod: Illusion disguises the Pok\u00e9mon's true level\n|\n|t:|1733908144\n|start\n|switch|p1a: Mewtwo|Mewtwo, L72|272/272\n|switch|p2a: Gogoat|Gogoat, L88, F|360/360\n|-ability|p1a: Mewtwo|Unnerve\n|turn|1\n|\n|t:|1733908169\n|move|p1a: Mewtwo|Fire Blast|p2a: Gogoat\n|-supereffective|p2a: Gogoat\n|-damage|p2a: Gogoat|108/360\n|move|p2a: Gogoat|Bulk Up|p2a: Gogoat\n|-boost|p2a: Gogoat|atk|1\n|-boost|p2a: Gogoat|def|1\n|\n|-heal|p2a: Gogoat|130/360|[from] item: Leftovers\n|upkeep\n|turn|2\n|\n|t:|1733908180\n|move|p1a: Mewtwo|Fire Blast|p2a: Gogoat\n|-supereffective|p2a: Gogoat\n|-damage|p2a: Gogoat|0 fnt\n|faint|p2a: Gogoat\n|\n|upkeep\n|\n|t:|1733908191\n|switch|p2a: Illumise|Illumise, L91, F|266/266\n|turn|3\n|\n|t:|1733908205\n|move|p1a: Mewtwo|Fire Blast|p2a: Illumise\n|-supereffective|p2a: Illumise\n|-damage|p2a: Illumise|36/266\n|move|p2a: Illumise|Bug Buzz|p1a: Mewtwo\n|-supereffective|p1a: Mewtwo\n|-damage|p1a: Mewtwo|54/272\n|\n|upkeep\n|turn|4\n|\n|t:|1733908215\n|move|p2a: Illumise|Roost|p2a: Illumise\n|-heal|p2a: Illumise|169/266\n|-singleturn|p2a: Illumise|move: Roost\n|move|p1a: Mewtwo|Fire Blast|p2a: Illumise|[miss]\n|-miss|p1a: Mewtwo|p2a: Illumise\n|\n|upkeep\n|turn|5\n|\n|t:|1733908230\n|move|p1a: Mewtwo|Fire Blast|p2a: Illumise\n|-supereffective|p2a: Illumise\n|-damage|p2a: Illumise|0 fnt\n|faint|p2a: Illumise\n|\n|upkeep\n|\n|t:|1733908234\n|switch|p2a: Lanturn|Lanturn, L89, F|367/367\n|turn|6\n|\n|t:|1733908280\n|move|p1a: Mewtwo|Fire Blast|p2a: Lanturn\n|-resisted|p2a: Lanturn\n|-damage|p2a: Lanturn|301/367\n|move|p2a: Lanturn|Thunderbolt|p1a: Mewtwo\n|-damage|p1a: Mewtwo|0 fnt\n|faint|p1a: Mewtwo\n|\n|-heal|p2a: Lanturn|323/367|[from] item: Leftovers\n|upkeep\n|\n|t:|1733908298\n|switch|p1a: Ludicolo|Ludicolo, L90, F|290/290\n|turn|7\n|\n|t:|1733908311\n|move|p1a: Ludicolo|Giga Drain|p2a: Lanturn\n|-supereffective|p2a: Lanturn\n|-damage|p2a: Lanturn|63/367\n|move|p2a: Lanturn|Thunderbolt|p1a: Ludicolo\n|-damage|p1a: Ludicolo|221/290\n|\n|-heal|p2a: Lanturn|85/367|[from] item: Leftovers\n|upkeep\n|turn|8\n|\n|t:|1733908322\n|move|p1a: Ludicolo|Giga Drain|p2a: Lanturn\n|-supereffective|p2a: Lanturn\n|-damage|p2a: Lanturn|0 fnt\n|-heal|p1a: Ludicolo|264/290|[from] drain|[of] p2a: Lanturn\n|faint|p2a: Lanturn\n|\n|upkeep\n|\n|t:|1733908329\n|switch|p2a: Skuntank|Skuntank, L84, M|310/310\n|turn|9\n|\n|t:|1733908342\n|move|p2a: Skuntank|Gunk Shot|p1a: Ludicolo\n|-supereffective|p1a: Ludicolo\n|-damage|p1a: Ludicolo|16/290\n|move|p1a: Ludicolo|Giga Drain|p2a: Skuntank\n|-resisted|p2a: Skuntank\n|-damage|p2a: Skuntank|255/310\n|-heal|p1a: Ludicolo|44/290|[from] drain|[of] p2a: Skuntank\n|\n|upkeep\n|turn|10\n|\n|t:|1733908357\n|switch|p1a: Amoonguss|Amoonguss, L82, F|321/321\n|move|p2a: Skuntank|Fire Blast|p1a: Amoonguss\n|-supereffective|p1a: Amoonguss\n|-damage|p1a: Amoonguss|183/321\n|\n|-heal|p1a: Amoonguss|203/321|[from] item: Leftovers\n|upkeep\n|turn|11\n|\n|t:|1733908373\n|move|p2a: Skuntank|Fire Blast|p1a: Amoonguss\n|-supereffective|p1a: Amoonguss\n|-damage|p1a: Amoonguss|63/321\n|move|p1a: Amoonguss|Sludge Bomb|p2a: Skuntank\n|-resisted|p2a: Skuntank\n|-damage|p2a: Skuntank|221/310\n|\n|-heal|p1a: Amoonguss|83/321|[from] item: Leftovers\n|upkeep\n|turn|12\n|\n|t:|1733908387\n|switch|p1a: Walking Wake|Walking Wake, L79|286/286\n|move|p2a: Skuntank|Fire Blast|p1a: Walking Wake\n|-resisted|p1a: Walking Wake\n|-crit|p1a: Walking Wake\n|-damage|p1a: Walking Wake|262/286\n|\n|upkeep\n|turn|13\n|\n|t:|1733908406\n|move|p2a: Skuntank|Sucker Punch|p1a: Walking Wake\n|-damage|p1a: Walking Wake|195/286\n|move|p1a: Walking Wake|Draco Meteor|p2a: Skuntank\n|-damage|p2a: Skuntank|65/310\n|-unboost|p1a: Walking Wake|spa|2\n|-damage|p1a: Walking Wake|167/286|[from] item: Life Orb\n|\n|upkeep\n|turn|14\n|\n|t:|1733908416\n|move|p2a: Skuntank|Sucker Punch|p1a: Walking Wake\n|-damage|p1a: Walking Wake|89/286\n|move|p1a: Walking Wake|Hydro Steam|p2a: Skuntank\n|-damage|p2a: Skuntank|9/310\n|-damage|p1a: Walking Wake|61/286|[from] item: Life Orb\n|\n|upkeep\n|turn|15\n|\n|t:|1733908426\n|move|p2a: Skuntank|Sucker Punch|p1a: Walking Wake\n|-damage|p1a: Walking Wake|0 fnt\n|faint|p1a: Walking Wake\n|-end|p1a: Walking Wake|Protosynthesis|[silent]\n|\n|upkeep\n|\n|t:|1733908435\n|switch|p1a: Bronzong|Bronzong, L88|261/261\n|turn|16\n|\n|t:|1733908445\n|move|p2a: Skuntank|Sucker Punch|p1a: Bronzong\n|-supereffective|p1a: Bronzong\n|-damage|p1a: Bronzong|145/261\n|move|p1a: Bronzong|Body Press|p2a: Skuntank\n|-damage|p2a: Skuntank|0 fnt\n|-damage|p1a: Bronzong|80/261|[from] ability: Aftermath|[of] p2a: Skuntank\n|faint|p2a: Skuntank\n|\n|upkeep\n|\n|t:|1733908458\n|switch|p2a: Houndstone|Houndstone, L86, M|264/264\n|turn|17\n|\n|t:|1733908470\n|move|p2a: Houndstone|Poltergeist|p1a: Bronzong\n|-activate|p1a: Bronzong|move: Poltergeist|Chesto Berry\n|-supereffective|p1a: Bronzong\n|-damage|p1a: Bronzong|0 fnt\n|faint|p1a: Bronzong\n|\n|upkeep\n|\n|t:|1733908479\n|switch|p1a: Archaludon|Archaludon, L78, F|268/268\n|turn|18\n|\n|t:|1733908493\n|move|p2a: Houndstone|Play Rough|p1a: Archaludon\n|-damage|p1a: Archaludon|216/268\n|-ability|p1a: Archaludon|Stamina|boost\n|-boost|p1a: Archaludon|def|1\n|move|p1a: Archaludon|Dragon Tail|p2a: Houndstone\n|-damage|p2a: Houndstone|238/264\n|drag|p2a: Klawf|Klawf, L90, M|272/272\n|\n|upkeep\n|turn|19\n|\n|t:|1733908508\n|move|p2a: Klawf|Swords Dance|p2a: Klawf\n|-boost|p2a: Klawf|atk|2\n|move|p1a: Archaludon|Draco Meteor|p2a: Klawf\n|-crit|p2a: Klawf\n|-damage|p2a: Klawf|0 fnt\n|-unboost|p1a: Archaludon|spa|2\n|faint|p2a: Klawf\n|\n|upkeep\n|\n|t:|1733908516\n|switch|p2a: Houndstone|Houndstone, L86, M|238/264\n|turn|20\n|\n|t:|1733908521\n|move|p1a: Archaludon|Draco Meteor|p2a: Houndstone\n|-damage|p2a: Houndstone|193/264\n|-unboost|p1a: Archaludon|spa|2\n|move|p2a: Houndstone|Body Press|p1a: Archaludon\n|-supereffective|p1a: Archaludon\n|-damage|p1a: Archaludon|154/268\n|-ability|p1a: Archaludon|Stamina|boost\n|-boost|p1a: Archaludon|def|1\n|\n|upkeep\n|turn|21\n|\n|t:|1733908534\n|-terastallize|p2a: Houndstone|Fighting\n|move|p1a: Archaludon|Flash Cannon|p2a: Houndstone\n|-damage|p2a: Houndstone|174/264\n|move|p2a: Houndstone|Body Press|p1a: Archaludon\n|-supereffective|p1a: Archaludon\n|-damage|p1a: Archaludon|80/268\n|-ability|p1a: Archaludon|Stamina|boost\n|-boost|p1a: Archaludon|def|1\n|\n|upkeep\n|turn|22\n|\n|t:|1733908548\n|move|p1a: Archaludon|Draco Meteor|p2a: Houndstone\n|-damage|p2a: Houndstone|143/264\n|-unboost|p1a: Archaludon|spa|2\n|move|p2a: Houndstone|Body Press|p1a: Archaludon\n|-supereffective|p1a: Archaludon\n|-damage|p1a: Archaludon|18/268\n|-ability|p1a: Archaludon|Stamina|boost\n|-boost|p1a: Archaludon|def|1\n|\n|upkeep\n|turn|23\n|\n|t:|1733908561\n|move|p1a: Archaludon|Body Press|p2a: Houndstone\n|-damage|p2a: Houndstone|55/264\n|move|p2a: Houndstone|Body Press|p1a: Archaludon\n|-supereffective|p1a: Archaludon\n|-crit|p1a: Archaludon\n|-damage|p1a: Archaludon|0 fnt\n|faint|p1a: Archaludon\n|\n|upkeep\n|\n|t:|1733908571\n|switch|p1a: Ludicolo|Ludicolo, L90, F|44/290\n|turn|24\n|\n|t:|1733908575\n|move|p2a: Houndstone|Shadow Sneak|p1a: Ludicolo\n|-damage|p1a: Ludicolo|0 fnt\n|faint|p1a: Ludicolo\n|\n|upkeep\n|\n|t:|1733908580\n|switch|p1a: Amoonguss|Amoonguss, L82, F|190/321\n|turn|25\n|\n|t:|1733908597\n|move|p2a: Houndstone|Poltergeist|p1a: Amoonguss\n|-activate|p1a: Amoonguss|move: Poltergeist|Leftovers\n|-damage|p1a: Amoonguss|31/321\n|move|p1a: Amoonguss|Giga Drain|p2a: Houndstone\n|-damage|p2a: Houndstone|10/264\n|-heal|p1a: Amoonguss|54/321|[from] drain|[of] p2a: Houndstone\n|\n|-heal|p1a: Amoonguss|74/321|[from] item: Leftovers\n|upkeep\n|turn|26\n|\n|t:|1733908610\n|move|p2a: Houndstone|Shadow Sneak|p1a: Amoonguss\n|-crit|p1a: Amoonguss\n|-damage|p1a: Amoonguss|0 fnt\n|faint|p1a: Amoonguss\n|\n|win|T the kings slayer\n", "inputlog": ">version bfd83cad13791eb5a5a409923076391caf6fb4d4\n>start {\"formatid\":\"gen9randombattle\",\"seed\":[25550,46403,13911,46924]}\n>player p1 {\"name\":\"Shivbabe\",\"avatar\":\"2\",\"rating\":0,\"seed\":[6508,34957,31017,35764]}\n>player p2 {\"name\":\"T the kings slayer\",\"avatar\":\"red\",\"rating\":0,\"seed\":[41306,5873,60143,18234]}\n>p1 move fireblast\n>p2 move bulkup\n>p1 move fireblast\n>p2 move milkdrink\n>p2 switch 5\n>p1 move fireblast\n>p2 move bugbuzz\n>p1 move fireblast\n>p2 move roost\n>p1 move fireblast\n>p2 move bugbuzz\n>p2 switch 4\n>p1 move fireblast\n>p2 move thunderbolt\n>p1 switch 4\n>p1 move gigadrain\n>p2 move thunderbolt\n>p1 move gigadrain\n>p2 move thunderwave\n>p2 switch 6\n>p1 move gigadrain\n>p2 move gunkshot\n>p1 switch 6\n>p2 move fireblast\n>p1 move sludgebomb\n>p2 move fireblast\n>p1 switch 5\n>p2 move fireblast\n>p1 move dracometeor\n>p2 move suckerpunch\n>p1 move hydrosteam\n>p2 move suckerpunch\n>p1 move dracometeor\n>p2 move suckerpunch\n>p1 switch 3\n>p1 move bodypress\n>p2 move suckerpunch\n>p2 switch 2\n>p1 move rest\n>p2 move poltergeist\n>p1 switch 2\n>p1 move dragontail\n>p2 move playrough\n>p1 move dracometeor\n>p2 move swordsdance\n>p2 switch 3\n>p1 move dracometeor\n>p2 move bodypress\n>p1 move flashcannon\n>p2 move bodypress terastallize\n>p1 move dracometeor\n>p2 move bodypress\n>p1 move bodypress\n>p2 move bodypress\n>p1 switch 6\n>p1 move gigadrain\n>p2 move shadowsneak\n>p1 switch 5\n>p1 move gigadrain\n>p2 move poltergeist\n>p1 move spore\n>p2 move shadowsneak", "uploadtime": 1733908616, "views": 1, "formatid": "gen9randombattle", "rating": null, "private": 0, "password": null}