{"id": "gen9randombattle-2260360983", "format": "[Gen 9] Random Battle", "players": ["iiI258_AM", "jmdf"], "log": "|j|\u203diiI258_AM\n|j|\u2606jmdf\n|t:|1733843952\n|gametype|singles\n|player|p1|iiI258_AM|170|1121\n|player|p2|jmdf|1|1096\n|teamsize|p1|6\n|teamsize|p2|6\n|gen|9\n|tier|[Gen 9] Random Battle\n|rated|\n|rule|Species Clause: Limit one of each Pok\u00e9mon\n|rule|HP Percentage Mod: HP is shown in percentages\n|rule|Sleep Clause Mod: Limit one foe put to sleep\n|rule|Illusion Level Mod: Illusion disguises the Pok\u00e9mon's true level\n|\n|t:|1733843952\n|start\n|switch|p1a: Clodsire|Clodsire, L81, F|343/343\n|switch|p2a: Rabsca|Rabsca, L91, M|284/284\n|turn|1\n|\n|t:|1733843979\n|switch|p1a: Landorus|Landorus-Therian, L76, M|260/260\n|-ability|p1a: Landorus|Intimidate|boost\n|-unboost|p2a: Rabsca|atk|1\n|move|p2a: Rabsca|Psychic|p1a: Landorus\n|-damage|p1a: Landorus|122/260\n|\n|-heal|p1a: Landorus|138/260|[from] item: Leftovers\n|upkeep\n|turn|2\n|inactive|Battle timer is ON: inactive players will automatically lose when time's up. (requested by jmdf)\n|\n|t:|1733844005\n|switch|p1a: Tauros|Tauros-Paldea-Blaze, L81, M|254/254\n|-ability|p1a: Tauros|Intimidate|boost\n|-unboost|p2a: Rabsca|atk|1\n|switch|p2a: Terapagos|Terapagos, L76, F|262/262\n|-activate|p2a: Terapagos|ability: Tera Shift\n|detailschange|p2a: Terapagos|Terapagos-Terastal, L76, F\n|-heal|p2a: Terapagos|269/269|[silent]\n|\n|upkeep\n|turn|3\n|\n|t:|1733844030\n|switch|p2a: Rabsca|Rabsca, L91, M|284/284\n|move|p1a: Tauros|Close Combat|p2a: Rabsca\n|-resisted|p2a: Rabsca\n|-damage|p2a: Rabsca|240/284\n|-unboost|p1a: Tauros|def|1\n|-unboost|p1a: Tauros|spd|1\n|\n|upkeep\n|turn|4\n|inactive|iiI258_AM has 120 seconds left.\n|\n|t:|1733844062\n|-terastallize|p1a: Tauros|Fighting\n|move|p1a: Tauros|Close Combat|p2a: Rabsca\n|-resisted|p2a: Rabsca\n|-damage|p2a: Rabsca|184/284\n|-unboost|p1a: Tauros|def|1\n|-unboost|p1a: Tauros|spd|1\n|move|p2a: Rabsca|Psychic|p1a: Tauros\n|-supereffective|p1a: Tauros\n|-damage|p1a: Tauros|0 fnt\n|faint|p1a: Tauros\n|\n|upkeep\n|inactive|iiI258_AM has 120 seconds left.\n|\n|t:|1733844080\n|switch|p1a: Landorus|Landorus-Therian, L76, M|138/260\n|-ability|p1a: Landorus|Intimidate|boost\n|-unboost|p2a: Rabsca|atk|1\n|turn|5\n|\n|t:|1733844087\n|switch|p2a: Terapagos|Terapagos-Terastal, L76, F|269/269\n|move|p1a: Landorus|Stealth Rock|p2a: Terapagos\n|-sidestart|p2: jmdf|move: Stealth Rock\n|\n|-heal|p1a: Landorus|154/260|[from] item: Leftovers\n|upkeep\n|turn|6\n|inactive|iiI258_AM has 120 seconds left.\n|\n|t:|1733844105\n|switch|p1a: Reshiram|Reshiram, L76|277/277\n|-ability|p1a: Reshiram|Turboblaze\n|-terastallize|p2a: Terapagos|Stellar\n|detailschange|p2a: Terapagos|Terapagos-Stellar, L76, F, tera:Stellar\n|-heal|p2a: Terapagos|368/368|[silent]\n|move|p2a: Terapagos|Calm Mind|p2a: Terapagos\n|-boost|p2a: Terapagos|spa|1\n|-boost|p2a: Terapagos|spd|1\n|\n|upkeep\n|turn|7\n|inactive|iiI258_AM has 90 seconds left.\n|inactive|iiI258_AM has 60 seconds left.\n|\n|t:|1733844166\n|move|p1a: Reshiram|Dragon Dance|p1a: Reshiram\n|-boost|p1a: Reshiram|atk|1\n|-boost|p1a: Reshiram|spe|1\n|move|p2a: Terapagos|Calm Mind|p2a: Terapagos\n|-boost|p2a: Terapagos|spa|1\n|-boost|p2a: Terapagos|spd|1\n|\n|upkeep\n|turn|8\n|inactive|iiI258_AM has 60 seconds left.\n|\n|t:|1733844181\n|move|p1a: Reshiram|Flare Blitz|p2a: Terapagos\n|-damage|p2a: Terapagos|194/368\n|-status|p2a: Terapagos|brn\n|-damage|p1a: Reshiram|220/277|[from] Recoil\n|move|p2a: Terapagos|Tera Starstorm|p1a: Reshiram\n|-damage|p1a: Reshiram|35/277\n|\n|-damage|p2a: Terapagos|171/368 brn|[from] brn\n|upkeep\n|turn|9\n|inactive|iiI258_AM has 60 seconds left.\n|l|\u2606jmdf\n|inactive|jmdf disconnected and has a minute to reconnect!\n|player|p2|\n|inactive|iiI258_AM has 30 seconds left.\n|\n|t:|1733844218\n|move|p1a: Reshiram|Stone Edge|p2a: Terapagos\n|-damage|p2a: Terapagos|77/368 brn\n|move|p2a: Terapagos|Tera Starstorm|p1a: Reshiram\n|-damage|p1a: Reshiram|0 fnt\n|faint|p1a: Reshiram\n|\n|-damage|p2a: Terapagos|54/368 brn|[from] brn\n|upkeep\n|inactive|iiI258_AM has 30 seconds left.\n|\n|t:|1733844226\n|switch|p1a: Snorlax|Snorlax, L82, F|397/397\n|turn|10\n|inactive|iiI258_AM has 30 seconds left.\n|inactive|jmdf has 30 seconds to reconnect!\n|inactive|jmdf has 20 seconds to reconnect!\n|inactive|jmdf has 15 seconds to reconnect!\n|inactive|jmdf has 10 seconds to reconnect!\n|inactive|jmdf has 5 seconds to reconnect!\n|-message|jmdf lost due to inactivity.\n|\n|win|iiI258_AM\n|raw|iiI258_AM's rating: 1121 &rarr; <strong>1144</strong><br />(+23 for winning)\n|raw|jmdf's rating: 1096 &rarr; <strong>1073</strong><br />(-23 for losing)\n", "inputlog": ">version bfd83cad13791eb5a5a409923076391caf6fb4d4\n>start {\"formatid\":\"gen9randombattle\",\"seed\":[892,44928,20907,27917],\"rated\":\"Rated battle\"}\n>player p1 {\"name\":\"iiI258_AM\",\"avatar\":\"170\",\"rating\":1121,\"seed\":[27030,64709,19378,38391]}\n>player p2 {\"name\":\"jmdf\",\"avatar\":\"1\",\"rating\":1096,\"seed\":[59389,46183,62134,60220]}\n>p1 switch 3\n>p2 move psychic\n>p1 switch 2\n>p2 switch 3\n>p1 move closecombat\n>p2 switch 3\n>p1 move closecombat terastallize\n>p2 move psychic\n>p1 switch 2\n>p1 move stealthrock\n>p2 switch 3\n>p1 switch 5\n>p2 move calmmind terastallize\n>p1 move dragondance\n>p2 move calmmind\n>p1 move flareblitz\n>p2 move terastarstorm\n>p1 move stoneedge\n>p2 move terastarstorm\n>p1 switch 6\n>forcelose p2", "uploadtime": 1733844321, "views": 1, "formatid": "gen9randombattle", "rating": 1073, "private": 0, "password": null}