{"id": "gen9randombattle-2260360769", "format": "[Gen 9] Random Battle", "players": ["TastySpinalFluid", "MrStarli"], "log": "|j|\u2606TastySpinalFluid\n|j|\u2606MrStarli\n|t:|1733843931\n|gametype|singles\n|player|p1|TastySpinalFluid|101|1420\n|player|p2|MrStarli|lucas|1420\n|teamsize|p1|6\n|teamsize|p2|6\n|gen|9\n|tier|[Gen 9] Random Battle\n|rated|\n|rule|Species Clause: Limit one of each Pok\u00e9mon\n|rule|HP Percentage Mod: HP is shown in percentages\n|rule|Sleep Clause Mod: Limit one foe put to sleep\n|rule|Illusion Level Mod: Illusion disguises the Pok\u00e9mon's true level\n|\n|t:|1733843931\n|start\n|switch|p1a: Roaring Moon|Roaring Moon, L72|270/270\n|switch|p2a: Probopass|Probopass, L92, F|260/260\n|turn|1\n|inactive|Battle timer is ON: inactive players will automatically lose when time's up. (requested by MrStarli)\n|\n|t:|1733843949\n|-end|p1a: Roaring Moon|Protosynthesis|[silent]\n|switch|p1a: Gurdurr|Gurdurr, L85, F|283/283\n|move|p2a: Probopass|Thunder Wave|p1a: Gurdurr\n|-status|p1a: Gurdurr|par\n|\n|upkeep\n|turn|2\n|\n|t:|1733843962\n|switch|p2a: Masquerain|Masquerain, L87, F|264/264\n|-ability|p2a: Masquerain|Intimidate|boost\n|-unboost|p1a: Gurdurr|atk|1\n|cant|p1a: Gurdurr|par\n|\n|upkeep\n|turn|3\n|\n|t:|1733843974\n|switch|p1a: Copperajah|Copperajah, L86, F|350/350\n|move|p2a: Masquerain|Quiver Dance|p2a: Masquerain\n|-boost|p2a: Masquerain|spa|1\n|-boost|p2a: Masquerain|spd|1\n|-boost|p2a: Masquerain|spe|1\n|\n|upkeep\n|turn|4\n|\n|t:|1733843981\n|move|p2a: Masquerain|Hydro Pump|p1a: Copperajah\n|-damage|p1a: Copperajah|195/350\n|move|p1a: Copperajah|Stone Edge|p2a: Masquerain|[miss]\n|-miss|p1a: Copperajah|p2a: Masquerain\n|\n|upkeep\n|turn|5\n|\n|t:|1733843989\n|-terastallize|p2a: Masquerain|Water\n|move|p2a: Masquerain|Hydro Pump|p1a: Copperajah|[miss]\n|-miss|p2a: Masquerain|p1a: Copperajah\n|move|p1a: Copperajah|Stone Edge|p2a: Masquerain\n|-damage|p2a: Masquerain|101/264\n|\n|upkeep\n|turn|6\n|\n|t:|1733844003\n|move|p2a: Masquerain|Hydro Pump|p1a: Copperajah|[miss]\n|-miss|p2a: Masquerain|p1a: Copperajah\n|move|p1a: Copperajah|Stone Edge|p2a: Masquerain|[miss]\n|-miss|p1a: Copperajah|p2a: Masquerain\n|\n|upkeep\n|turn|7\n|\n|t:|1733844010\n|move|p2a: Masquerain|Hydro Pump|p1a: Copperajah|[miss]\n|-miss|p2a: Masquerain|p1a: Copperajah\n|move|p1a: Copperajah|Stone Edge|p2a: Masquerain\n|-damage|p2a: Masquerain|0 fnt\n|faint|p2a: Masquerain\n|\n|upkeep\n|c|\u2606TastySpinalFluid|HAHAHAHAHAHA\n|\n|t:|1733844022\n|switch|p2a: Skeledirge|Skeledirge, L79, M|294/294\n|turn|8\n|c|\u2606MrStarli|...\n|\n|t:|1733844031\n|-terastallize|p1a: Copperajah|Fire\n|move|p2a: Skeledirge|Torch Song|p1a: Copperajah\n|-resisted|p1a: Copperajah\n|-damage|p1a: Copperajah|147/350\n|-boost|p2a: Skeledirge|spa|1\n|move|p1a: Copperajah|Stone Edge|p2a: Skeledirge\n|-supereffective|p2a: Skeledirge\n|-damage|p2a: Skeledirge|36/294\n|\n|upkeep\n|turn|9\n|\n|t:|1733844040\n|move|p2a: Skeledirge|Shadow Ball|p1a: Copperajah\n|-damage|p1a: Copperajah|0 fnt\n|faint|p1a: Copperajah\n|\n|upkeep\n|\n|t:|1733844065\n|switch|p1a: Roaring Moon|Roaring Moon, L72|270/270\n|turn|10\n|\n|t:|1733844081\n|move|p1a: Roaring Moon|Dragon Dance|p1a: Roaring Moon\n|-boost|p1a: Roaring Moon|atk|1\n|-boost|p1a: Roaring Moon|spe|1\n|move|p2a: Skeledirge|Torch Song|p1a: Roaring Moon\n|-resisted|p1a: Roaring Moon\n|-damage|p1a: Roaring Moon|202/270\n|-boost|p2a: Skeledirge|spa|1\n|\n|upkeep\n|turn|11\n|\n|t:|1733844090\n|move|p1a: Roaring Moon|Knock Off|p2a: Skeledirge\n|-supereffective|p2a: Skeledirge\n|-damage|p2a: Skeledirge|0 fnt\n|-enditem|p2a: Skeledirge|Heavy-Duty Boots|[from] move: Knock Off|[of] p1a: Roaring Moon\n|faint|p2a: Skeledirge\n|\n|upkeep\n|\n|t:|1733844097\n|switch|p2a: Probopass|Probopass, L92, F|260/260\n|turn|12\n|\n|t:|1733844104\n|-end|p1a: Roaring Moon|Protosynthesis|[silent]\n|switch|p1a: Gurdurr|Gurdurr, L85, F|283/283 par\n|move|p2a: Probopass|Thunder Wave|p1a: Gurdurr\n|-fail|p1a: Gurdurr|par\n|\n|upkeep\n|turn|13\n|\n|t:|1733844118\n|switch|p2a: Ninetales|Ninetales-Alola, L78, F|242/242\n|-weather|Snow|[from] ability: Snow Warning|[of] p2a: Ninetales\n|move|p1a: Gurdurr|Bulk Up|p1a: Gurdurr\n|-boost|p1a: Gurdurr|atk|1\n|-boost|p1a: Gurdurr|def|1\n|\n|-weather|Snow|[upkeep]\n|upkeep\n|turn|14\n|\n|t:|1733844128\n|move|p1a: Gurdurr|Mach Punch|p2a: Ninetales\n|-damage|p2a: Ninetales|163/242\n|move|p2a: Ninetales|Moonblast|p1a: Gurdurr\n|-supereffective|p1a: Gurdurr\n|-damage|p1a: Gurdurr|143/283 par\n|\n|-weather|Snow|[upkeep]\n|upkeep\n|turn|15\n|\n|t:|1733844136\n|move|p2a: Ninetales|Aurora Veil|p2a: Ninetales\n|-sidestart|p2: MrStarli|move: Aurora Veil\n|move|p1a: Gurdurr|Drain Punch|p2a: Ninetales\n|-damage|p2a: Ninetales|79/242\n|-heal|p1a: Gurdurr|185/283 par|[from] drain|[of] p2a: Ninetales\n|\n|-weather|Snow|[upkeep]\n|upkeep\n|turn|16\n|\n|t:|1733844150\n|move|p2a: Ninetales|Moonblast|p1a: Gurdurr\n|-supereffective|p1a: Gurdurr\n|-damage|p1a: Gurdurr|27/283 par\n|move|p1a: Gurdurr|Drain Punch|p2a: Ninetales\n|-damage|p2a: Ninetales|0 fnt\n|-heal|p1a: Gurdurr|67/283 par|[from] drain|[of] p2a: Ninetales\n|faint|p2a: Ninetales\n|\n|-weather|Snow|[upkeep]\n|upkeep\n|\n|t:|1733844163\n|switch|p2a: Palkia|Palkia-Origin, L72|249/249\n|-ability|p2a: Palkia|Pressure\n|turn|17\n|\n|t:|1733844173\n|move|p1a: Gurdurr|Mach Punch|p2a: Palkia\n|-damage|p2a: Palkia|197/249\n|move|p2a: Palkia|Spacial Rend|p1a: Gurdurr\n|-damage|p1a: Gurdurr|0 fnt\n|faint|p1a: Gurdurr\n|\n|-weather|none\n|upkeep\n|\n|t:|1733844196\n|switch|p1a: Honchkrow|Honchkrow, L86, M|312/312\n|turn|18\n|\n|t:|1733844204\n|move|p2a: Palkia|Thunder Wave|p1a: Honchkrow\n|-status|p1a: Honchkrow|par\n|move|p1a: Honchkrow|Brave Bird|p2a: Palkia\n|-damage|p2a: Palkia|107/249\n|-damage|p1a: Honchkrow|282/312 par|[from] Recoil\n|\n|upkeep\n|turn|19\n|\n|t:|1733844211\n|move|p2a: Palkia|Spacial Rend|p1a: Honchkrow\n|-damage|p1a: Honchkrow|83/312 par\n|move|p1a: Honchkrow|Brave Bird|p2a: Palkia\n|-damage|p2a: Palkia|22/249\n|-damage|p1a: Honchkrow|55/312 par|[from] Recoil\n|\n|upkeep\n|turn|20\n|\n|t:|1733844220\n|move|p1a: Honchkrow|Sucker Punch|p2a: Palkia\n|-damage|p2a: Palkia|0 fnt\n|faint|p2a: Palkia\n|-ability|p1a: Honchkrow|Moxie|boost\n|-boost|p1a: Honchkrow|atk|1\n|\n|upkeep\n|\n|t:|1733844226\n|switch|p2a: Probopass|Probopass, L92, F|260/260\n|turn|21\n|\n|t:|1733844234\n|move|p2a: Probopass|Iron Defense|p2a: Probopass\n|-boost|p2a: Probopass|def|2\n|move|p1a: Honchkrow|Heat Wave|p2a: Probopass\n|-damage|p2a: Probopass|238/260\n|\n|-heal|p2a: Probopass|254/260|[from] item: Leftovers\n|upkeep\n|turn|22\n|\n|t:|1733844243\n|move|p2a: Probopass|Iron Defense|p2a: Probopass\n|-boost|p2a: Probopass|def|2\n|cant|p1a: Honchkrow|par\n|\n|-heal|p2a: Probopass|260/260|[from] item: Leftovers\n|-sideend|p2: MrStarli|move: Aurora Veil\n|upkeep\n|turn|23\n|\n|t:|1733844250\n|move|p2a: Probopass|Body Press|p1a: Honchkrow\n|-damage|p1a: Honchkrow|0 fnt\n|faint|p1a: Honchkrow\n|\n|upkeep\n|\n|t:|1733844258\n|switch|p1a: Charizard|Charizard, L85, F|271/271\n|turn|24\n|\n|t:|1733844266\n|move|p1a: Charizard|Flamethrower|p2a: Probopass\n|-damage|p2a: Probopass|188/260\n|move|p2a: Probopass|Power Gem|p1a: Charizard\n|-supereffective|p1a: Charizard\n|-damage|p1a: Charizard|0 fnt\n|faint|p1a: Charizard\n|\n|-heal|p2a: Probopass|204/260|[from] item: Leftovers\n|upkeep\n|\n|t:|1733844269\n|switch|p1a: Pecharunt|Pecharunt, L77|262/262\n|turn|25\n|\n|t:|1733844282\n|move|p1a: Pecharunt|Nasty Plot|p1a: Pecharunt\n|-boost|p1a: Pecharunt|spa|2\n|move|p2a: Probopass|Thunder Wave|p1a: Pecharunt\n|-status|p1a: Pecharunt|par\n|\n|-heal|p2a: Probopass|220/260|[from] item: Leftovers\n|upkeep\n|turn|26\n|\n|t:|1733844291\n|move|p2a: Probopass|Power Gem|p1a: Pecharunt\n|-damage|p1a: Pecharunt|174/262 par\n|move|p1a: Pecharunt|Shadow Ball|p2a: Probopass\n|-damage|p2a: Probopass|142/260\n|-unboost|p2a: Probopass|spd|1\n|\n|-heal|p2a: Probopass|158/260|[from] item: Leftovers\n|-heal|p1a: Pecharunt|190/262 par|[from] item: Leftovers\n|upkeep\n|turn|27\n|\n|t:|1733844301\n|move|p2a: Probopass|Power Gem|p1a: Pecharunt\n|-damage|p1a: Pecharunt|102/262 par\n|move|p1a: Pecharunt|Shadow Ball|p2a: Probopass\n|-damage|p2a: Probopass|29/260\n|\n|-heal|p2a: Probopass|45/260|[from] item: Leftovers\n|-heal|p1a: Pecharunt|118/262 par|[from] item: Leftovers\n|upkeep\n|turn|28\n|\n|t:|1733844309\n|move|p2a: Probopass|Power Gem|p1a: Pecharunt\n|-damage|p1a: Pecharunt|24/262 par\n|move|p1a: Pecharunt|Recover|p1a: Pecharunt\n|-heal|p1a: Pecharunt|155/262 par\n|\n|-heal|p2a: Probopass|61/260|[from] item: Leftovers\n|-heal|p1a: Pecharunt|171/262 par|[from] item: Leftovers\n|upkeep\n|turn|29\n|\n|t:|1733844317\n|move|p2a: Probopass|Power Gem|p1a: Pecharunt\n|-damage|p1a: Pecharunt|84/262 par\n|cant|p1a: Pecharunt|par\n|\n|-heal|p2a: Probopass|77/260|[from] item: Leftovers\n|-heal|p1a: Pecharunt|100/262 par|[from] item: Leftovers\n|upkeep\n|turn|30\n|\n|t:|1733844327\n|move|p2a: Probopass|Power Gem|p1a: Pecharunt\n|-damage|p1a: Pecharunt|3/262 par\n|cant|p1a: Pecharunt|par\n|\n|-heal|p2a: Probopass|93/260|[from] item: Leftovers\n|-heal|p1a: Pecharunt|19/262 par|[from] item: Leftovers\n|upkeep\n|turn|31\n|c|\u2606MrStarli|hahahahahahahahah\n|\n|t:|1733844337\n|move|p2a: Probopass|Power Gem|p1a: Pecharunt\n|-damage|p1a: Pecharunt|0 fnt\n|faint|p1a: Pecharunt\n|\n|-heal|p2a: Probopass|109/260|[from] item: Leftovers\n|upkeep\n|\n|t:|1733844339\n|switch|p1a: Roaring Moon|Roaring Moon, L72|202/270\n|turn|32\n|\n|t:|1733844345\n|move|p1a: Roaring Moon|Knock Off|p2a: Probopass\n|-damage|p2a: Probopass|87/260\n|-enditem|p2a: Probopass|Leftovers|[from] move: Knock Off|[of] p1a: Roaring Moon\n|move|p2a: Probopass|Body Press|p1a: Roaring Moon\n|-supereffective|p1a: Roaring Moon\n|-damage|p1a: Roaring Moon|0 fnt\n|faint|p1a: Roaring Moon\n|-end|p1a: Roaring Moon|Protosynthesis|[silent]\n|\n|win|MrStarli\n|raw|TastySpinalFluid's rating: 1420 &rarr; <strong>1400</strong><br />(-20 for losing)\n|raw|MrStarli's rating: 1420 &rarr; <strong>1440</strong><br />(+20 for winning)\n|l|\u2606TastySpinalFluid\n|player|p1|\n|c|\u2606MrStarli|karma\n", "inputlog": ">version bfd83cad13791eb5a5a409923076391caf6fb4d4\n>start {\"formatid\":\"gen9randombattle\",\"seed\":[1615,346,54994,54683],\"rated\":\"Rated battle\"}\n>player p1 {\"name\":\"TastySpinalFluid\",\"avatar\":\"101\",\"rating\":1420,\"seed\":[24735,17711,28768,23530]}\n>player p2 {\"name\":\"MrStarli\",\"avatar\":\"lucas\",\"rating\":1420,\"seed\":[49863,821,18203,59363]}\n>p1 switch 3\n>p2 move thunderwave\n>p1 move bulkup\n>p2 switch 4\n>p1 switch 4\n>p2 move quiverdance\n>p1 move stoneedge\n>p2 move hydropump\n>p1 move stoneedge\n>p2 move hydropump terastallize\n>p1 move stoneedge\n>p2 move hydropump\n>p1 move stoneedge\n>p2 move hydropump\n>chat \u2606TastySpinalFluid|HAHAHAHAHAHA\n>p2 switch 3\n>chat \u2606MrStarli|...\n>p1 move stoneedge terastallize\n>p2 move torchsong\n>p1 move stoneedge\n>p2 move shadowball\n>p1 switch 3\n>p1 move dragondance\n>p2 move torchsong\n>p1 move knockoff\n>p2 move torchsong\n>p2 switch 4\n>p1 switch 4\n>p2 move thunderwave\n>p1 move bulkup\n>p2 switch 2\n>p1 move machpunch\n>p2 move moonblast\n>p1 move drainpunch\n>p2 move auroraveil\n>p1 move drainpunch\n>p2 move moonblast\n>p2 switch 5\n>p1 move machpunch\n>p2 move spacialrend\n>p1 switch 2\n>p1 move bravebird\n>p2 move thunderwave\n>p1 move bravebird\n>p2 move spacialrend\n>p1 move suckerpunch\n>p2 move spacialrend\n>p2 switch 2\n>p1 move heatwave\n>p2 move irondefense\n>p1 move heatwave\n>p2 move irondefense\n>p1 move heatwave\n>p2 move bodypress\n>p1 switch 5\n>p1 move flamethrower\n>p2 move powergem\n>p1 switch 6\n>p1 move nastyplot\n>p2 move thunderwave\n>p1 move shadowball\n>p2 move powergem\n>p1 move shadowball\n>p2 move powergem\n>p1 move recover\n>p2 move powergem\n>p1 move shadowball\n>p2 move powergem\n>p1 move shadowball\n>p2 move powergem\n>chat \u2606MrStarli|hahahahahahahahah\n>p1 move shadowball\n>p2 move powergem\n>p1 switch 4\n>p1 move knockoff\n>p2 move bodypress", "uploadtime": 1733844379, "views": 1, "formatid": "gen9randombattle", "rating": 1400, "private": 0, "password": null}