{"id": "gen9randombattle-2260864341", "format": "[Gen 9] Random Battle", "players": ["proutproutaxmax", "HYDRAx9000"], "log": "|j|\u2606proutproutaxmax\n|j|\u2606HYDRAx9000\n|t:|1733906750\n|gametype|singles\n|player|p1|proutproutaxmax|fisherman|2208\n|player|p2|HYDRAx9000|102|2151\n|teamsize|p1|6\n|teamsize|p2|6\n|gen|9\n|tier|[Gen 9] Random Battle\n|rated|\n|rule|Species Clause: Limit one of each Pok\u00e9mon\n|rule|HP Percentage Mod: HP is shown in percentages\n|rule|Sleep Clause Mod: Limit one foe put to sleep\n|rule|Illusion Level Mod: Illusion disguises the Pok\u00e9mon's true level\n|\n|t:|1733906750\n|start\n|switch|p1a: Brute Bonnet|Brute Bonnet, L81|312/312\n|switch|p2a: Eiscue|Eiscue, L88, M|272/272\n|turn|1\n|inactive|Battle timer is ON: inactive players will automatically lose when time's up. (requested by HYDRAx9000)\n|\n|t:|1733906758\n|move|p2a: Eiscue|Substitute|p2a: Eiscue\n|-start|p2a: Eiscue|Substitute\n|-damage|p2a: Eiscue|204/272\n|move|p1a: Brute Bonnet|Spore||[still]\n|-fail|p1a: Brute Bonnet\n|\n|upkeep\n|turn|2\n|\n|t:|1733906778\n|move|p2a: Eiscue|Belly Drum|p2a: Eiscue\n|-damage|p2a: Eiscue|68/272\n|-setboost|p2a: Eiscue|atk|6|[from] move: Belly Drum\n|-enditem|p2a: Eiscue|Salac Berry|[eat]\n|-boost|p2a: Eiscue|spe|1|[from] item: Salac Berry\n|move|p1a: Brute Bonnet|Seed Bomb|p2a: Eiscue\n|-end|p2a: Eiscue|Substitute\n|\n|upkeep\n|turn|3\n|\n|t:|1733906791\n|move|p1a: Brute Bonnet|Sucker Punch|p2a: Eiscue\n|-activate|p2a: Eiscue|ability: Ice Face\n|-damage|p2a: Eiscue|68/272\n|detailschange|p2a: Eiscue|Eiscue-Noice, L88, M\n|move|p2a: Eiscue|Ice Spinner|p1a: Brute Bonnet\n|-supereffective|p1a: Brute Bonnet\n|-damage|p1a: Brute Bonnet|0 fnt\n|faint|p1a: Brute Bonnet\n|-end|p1a: Brute Bonnet|Protosynthesis|[silent]\n|\n|upkeep\n|\n|t:|1733906800\n|switch|p1a: Conkeldurr|Conkeldurr, L80, F|299/299\n|turn|4\n|\n|t:|1733906815\n|-terastallize|p2a: Eiscue|Electric\n|move|p1a: Conkeldurr|Mach Punch|p2a: Eiscue\n|-damage|p2a: Eiscue|10/272\n|move|p2a: Eiscue|Ice Spinner|p1a: Conkeldurr\n|-damage|p1a: Conkeldurr|0 fnt\n|faint|p1a: Conkeldurr\n|\n|upkeep\n|\n|t:|1733906830\n|switch|p1a: Vigoroth|Vigoroth, L85, F|275/275\n|turn|5\n|\n|t:|1733906837\n|move|p2a: Eiscue|Tera Blast|p1a: Vigoroth|[anim] Tera Blast Electric\n|-damage|p1a: Vigoroth|49/275\n|move|p1a: Vigoroth|Body Slam|p2a: Eiscue\n|-damage|p2a: Eiscue|0 fnt\n|faint|p2a: Eiscue\n|\n|upkeep\n|\n|t:|1733906851\n|switch|p2a: Jirachi|Jirachi, L80|291/291\n|turn|6\n|\n|t:|1733906862\n|switch|p1a: Swalot|Swalot, L90, F|326/326\n|move|p2a: Jirachi|Iron Head|p1a: Swalot\n|-damage|p1a: Swalot|248/326\n|\n|-heal|p1a: Swalot|268/326|[from] item: Leftovers\n|upkeep\n|turn|7\n|\n|t:|1733906871\n|move|p2a: Jirachi|Body Slam|p1a: Swalot\n|-damage|p1a: Swalot|212/326\n|-status|p1a: Swalot|par\n|move|p1a: Swalot|Knock Off|p2a: Jirachi\n|-supereffective|p2a: Jirachi\n|-damage|p2a: Jirachi|179/291\n|-enditem|p2a: Jirachi|Leftovers|[from] move: Knock Off|[of] p1a: Swalot\n|\n|-heal|p1a: Swalot|232/326 par|[from] item: Leftovers\n|upkeep\n|turn|8\n|\n|t:|1733906883\n|move|p2a: Jirachi|Iron Head|p1a: Swalot\n|-damage|p1a: Swalot|153/326 par\n|cant|p1a: Swalot|flinch\n|\n|-heal|p1a: Swalot|173/326 par|[from] item: Leftovers\n|upkeep\n|turn|9\n|inactive|HYDRAx9000 has 120 seconds left.\n|\n|t:|1733906932\n|move|p2a: Jirachi|Iron Head|p1a: Swalot\n|-damage|p1a: Swalot|100/326 par\n|cant|p1a: Swalot|flinch\n|\n|-heal|p1a: Swalot|120/326 par|[from] item: Leftovers\n|upkeep\n|turn|10\n|\n|t:|1733906938\n|move|p2a: Jirachi|Wish|p2a: Jirachi\n|move|p1a: Swalot|Earthquake|p2a: Jirachi\n|-supereffective|p2a: Jirachi\n|-damage|p2a: Jirachi|55/291\n|\n|-heal|p1a: Swalot|140/326 par|[from] item: Leftovers\n|upkeep\n|turn|11\n|inactive|HYDRAx9000 has 120 seconds left.\n|\n|t:|1733906945\n|move|p2a: Jirachi|Iron Head|p1a: Swalot\n|-damage|p1a: Swalot|64/326 par\n|cant|p1a: Swalot|flinch\n|\n|-heal|p2a: Jirachi|200/291|[from] move: Wish|[wisher] Jirachi\n|-heal|p1a: Swalot|84/326 par|[from] item: Leftovers\n|upkeep\n|turn|12\n|\n|t:|1733906952\n|move|p2a: Jirachi|Iron Head|p1a: Swalot\n|-damage|p1a: Swalot|9/326 par\n|move|p1a: Swalot|Earthquake|p2a: Jirachi\n|-supereffective|p2a: Jirachi\n|-crit|p2a: Jirachi\n|-damage|p2a: Jirachi|18/291\n|\n|-heal|p1a: Swalot|29/326 par|[from] item: Leftovers\n|upkeep\n|turn|13\n|\n|t:|1733906962\n|move|p2a: Jirachi|Body Slam|p1a: Swalot\n|-damage|p1a: Swalot|0 fnt\n|faint|p1a: Swalot\n|\n|upkeep\n|\n|t:|1733906966\n|switch|p1a: Flutter Mane|Flutter Mane, L74|203/203\n|turn|14\n|inactive|HYDRAx9000 has 120 seconds left.\n|\n|t:|1733907021\n|-terastallize|p1a: Flutter Mane|Electric\n|move|p2a: Jirachi|Protect|p2a: Jirachi\n|-singleturn|p2a: Jirachi|Protect\n|move|p1a: Flutter Mane|Calm Mind|p1a: Flutter Mane\n|-boost|p1a: Flutter Mane|spa|1\n|-boost|p1a: Flutter Mane|spd|1\n|\n|upkeep\n|turn|15\n|\n|t:|1733907036\n|move|p1a: Flutter Mane|Calm Mind|p1a: Flutter Mane\n|-boost|p1a: Flutter Mane|spa|1\n|-boost|p1a: Flutter Mane|spd|1\n|move|p2a: Jirachi|Body Slam|p1a: Flutter Mane\n|-damage|p1a: Flutter Mane|110/203\n|\n|upkeep\n|turn|16\n|\n|t:|1733907043\n|switch|p2a: Oinkologne|Oinkologne, L92, M|352/352\n|move|p1a: Flutter Mane|Shadow Ball|p2a: Oinkologne\n|-immune|p2a: Oinkologne\n|\n|upkeep\n|turn|17\n|\n|t:|1733907050\n|move|p1a: Flutter Mane|Thunderbolt|p2a: Oinkologne\n|-damage|p2a: Oinkologne|126/352\n|-status|p2a: Oinkologne|par\n|-damage|p1a: Flutter Mane|90/203|[from] item: Life Orb\n|move|p2a: Oinkologne|Body Slam|p1a: Flutter Mane\n|-damage|p1a: Flutter Mane|0 fnt\n|faint|p1a: Flutter Mane\n|-end|p1a: Flutter Mane|Protosynthesis|[silent]\n|\n|-heal|p2a: Oinkologne|148/352 par|[from] item: Leftovers\n|upkeep\n|\n|t:|1733907061\n|switch|p1a: Vigoroth|Vigoroth, L85, F|49/275\n|turn|18\n|\n|t:|1733907065\n|move|p1a: Vigoroth|Slack Off|p1a: Vigoroth\n|-heal|p1a: Vigoroth|187/275\n|move|p2a: Oinkologne|Body Slam|p1a: Vigoroth\n|-crit|p1a: Vigoroth\n|-damage|p1a: Vigoroth|78/275\n|\n|-heal|p2a: Oinkologne|170/352 par|[from] item: Leftovers\n|upkeep\n|turn|19\n|\n|t:|1733907073\n|move|p1a: Vigoroth|Slack Off|p1a: Vigoroth\n|-heal|p1a: Vigoroth|216/275\n|move|p2a: Oinkologne|Body Slam|p1a: Vigoroth\n|-damage|p1a: Vigoroth|137/275\n|-status|p1a: Vigoroth|par\n|\n|-heal|p2a: Oinkologne|192/352 par|[from] item: Leftovers\n|upkeep\n|turn|20\n|\n|t:|1733907080\n|move|p1a: Vigoroth|Bulk Up|p1a: Vigoroth\n|-boost|p1a: Vigoroth|atk|1\n|-boost|p1a: Vigoroth|def|1\n|move|p2a: Oinkologne|Curse|p2a: Oinkologne\n|-unboost|p2a: Oinkologne|spe|1\n|-boost|p2a: Oinkologne|atk|1\n|-boost|p2a: Oinkologne|def|1\n|\n|-heal|p2a: Oinkologne|214/352 par|[from] item: Leftovers\n|upkeep\n|turn|21\n|\n|t:|1733907089\n|cant|p1a: Vigoroth|par\n|move|p2a: Oinkologne|Curse|p2a: Oinkologne\n|-unboost|p2a: Oinkologne|spe|1\n|-boost|p2a: Oinkologne|atk|1\n|-boost|p2a: Oinkologne|def|1\n|\n|-heal|p2a: Oinkologne|236/352 par|[from] item: Leftovers\n|upkeep\n|turn|22\n|\n|t:|1733907097\n|switch|p1a: Garganacl|Garganacl, L80, M|291/291\n|cant|p2a: Oinkologne|par\n|\n|-heal|p2a: Oinkologne|258/352 par|[from] item: Leftovers\n|upkeep\n|turn|23\n|j| sanylol\n|\n|t:|1733907103\n|move|p1a: Garganacl|Salt Cure|p2a: Oinkologne\n|-damage|p2a: Oinkologne|237/352 par\n|-start|p2a: Oinkologne|Salt Cure\n|cant|p2a: Oinkologne|par\n|\n|-heal|p2a: Oinkologne|259/352 par|[from] item: Leftovers\n|-damage|p2a: Oinkologne|215/352 par|[from] Salt Cure\n|upkeep\n|turn|24\n|\n|t:|1733907111\n|move|p1a: Garganacl|Stealth Rock|p2a: Oinkologne\n|-sidestart|p2: HYDRAx9000|move: Stealth Rock\n|move|p2a: Oinkologne|High Horsepower|p1a: Garganacl\n|-supereffective|p1a: Garganacl\n|-damage|p1a: Garganacl|59/291\n|\n|-heal|p1a: Garganacl|77/291|[from] item: Leftovers\n|-heal|p2a: Oinkologne|237/352 par|[from] item: Leftovers\n|-damage|p2a: Oinkologne|193/352 par|[from] Salt Cure\n|upkeep\n|turn|25\n|\n|t:|1733907120\n|move|p1a: Garganacl|Recover|p1a: Garganacl\n|-heal|p1a: Garganacl|223/291\n|move|p2a: Oinkologne|High Horsepower|p1a: Garganacl\n|-supereffective|p1a: Garganacl\n|-damage|p1a: Garganacl|0 fnt\n|faint|p1a: Garganacl\n|\n|-heal|p2a: Oinkologne|215/352 par|[from] item: Leftovers\n|-damage|p2a: Oinkologne|171/352 par|[from] Salt Cure\n|upkeep\n|\n|t:|1733907129\n|switch|p1a: Vigoroth|Vigoroth, L85, F|137/275 par\n|turn|26\n|\n|t:|1733907132\n|move|p1a: Vigoroth|Slack Off|p1a: Vigoroth\n|-heal|p1a: Vigoroth|275/275 par\n|cant|p2a: Oinkologne|par\n|\n|-heal|p2a: Oinkologne|193/352 par|[from] item: Leftovers\n|-damage|p2a: Oinkologne|149/352 par|[from] Salt Cure\n|upkeep\n|turn|27\n|\n|t:|1733907139\n|switch|p2a: Gurdurr|Gurdurr, L85, F|283/283\n|-damage|p2a: Gurdurr|266/283|[from] Stealth Rock\n|move|p1a: Vigoroth|Bulk Up|p1a: Vigoroth\n|-boost|p1a: Vigoroth|atk|1\n|-boost|p1a: Vigoroth|def|1\n|\n|upkeep\n|turn|28\n|\n|t:|1733907146\n|move|p2a: Gurdurr|Knock Off|p1a: Vigoroth\n|-damage|p1a: Vigoroth|237/275 par\n|-enditem|p1a: Vigoroth|Eviolite|[from] move: Knock Off|[of] p2a: Gurdurr\n|move|p1a: Vigoroth|Bulk Up|p1a: Vigoroth\n|-boost|p1a: Vigoroth|atk|1\n|-boost|p1a: Vigoroth|def|1\n|\n|upkeep\n|turn|29\n|\n|t:|1733907153\n|move|p2a: Gurdurr|Defog|p1a: Vigoroth\n|-unboost|p1a: Vigoroth|evasion|1\n|-sideend|p2: HYDRAx9000|Stealth Rock|[from] move: Defog|[of] p2a: Gurdurr\n|cant|p1a: Vigoroth|par\n|\n|upkeep\n|turn|30\n|\n|t:|1733907158\n|move|p2a: Gurdurr|Drain Punch|p1a: Vigoroth\n|-supereffective|p1a: Vigoroth\n|-damage|p1a: Vigoroth|141/275 par\n|-heal|p2a: Gurdurr|283/283|[from] drain|[of] p1a: Vigoroth\n|cant|p1a: Vigoroth|par\n|\n|upkeep\n|turn|31\n|\n|t:|1733907186\n|move|p2a: Gurdurr|Drain Punch|p1a: Vigoroth\n|-supereffective|p1a: Vigoroth\n|-damage|p1a: Vigoroth|43/275 par\n|move|p1a: Vigoroth|Bulk Up|p1a: Vigoroth\n|-boost|p1a: Vigoroth|atk|1\n|-boost|p1a: Vigoroth|def|1\n|\n|upkeep\n|turn|32\n|-message|proutproutaxmax forfeited.\n|\n|win|HYDRAx9000\n|raw|proutproutaxmax's rating: 2208 &rarr; <strong>2185</strong><br />(-23 for losing)\n|raw|HYDRAx9000's rating: 2151 &rarr; <strong>2174</strong><br />(+23 for winning)\n|l|\u2606proutproutaxmax\n|player|p1|\n", "inputlog": ">version bfd83cad13791eb5a5a409923076391caf6fb4d4\n>start {\"formatid\":\"gen9randombattle\",\"seed\":[25395,41431,50521,41604],\"rated\":\"Rated battle\"}\n>player p1 {\"name\":\"proutproutaxmax\",\"avatar\":\"fisherman\",\"rating\":2208,\"seed\":[450,35854,57678,25181]}\n>player p2 {\"name\":\"HYDRAx9000\",\"avatar\":\"102\",\"rating\":2151,\"seed\":[20064,26418,15628,39354]}\n>p1 move spore\n>p2 move substitute\n>p1 move seedbomb\n>p2 move bellydrum\n>p1 move suckerpunch\n>p2 move icespinner\n>p1 switch 4\n>p1 move machpunch\n>p2 move icespinner terastallize\n>p1 switch 2\n>p1 move bodyslam\n>p2 move terablast\n>p2 switch 4\n>p1 switch 5\n>p2 move ironhead\n>p1 move knockoff\n>p2 move bodyslam\n>p1 move swordsdance\n>p2 move ironhead\n>p1 move earthquake\n>p2 move ironhead\n>p1 move earthquake\n>p2 move wish\n>p1 move earthquake\n>p2 move ironhead\n>p1 move earthquake\n>p2 move ironhead\n>p1 move knockoff\n>p2 move bodyslam\n>p1 switch 3\n>p1 move calmmind terastallize\n>p2 move protect\n>p1 move calmmind\n>p2 move bodyslam\n>p1 move shadowball\n>p2 switch 3\n>p1 move thunderbolt\n>p2 move bodyslam\n>p1 switch 5\n>p1 move slackoff\n>p2 move bodyslam\n>p1 move slackoff\n>p2 move bodyslam\n>p1 move bulkup\n>p2 move curse\n>p1 move bulkup\n>p2 move curse\n>p1 switch 6\n>p2 move bodyslam\n>p1 move saltcure\n>p2 move highhorsepower\n>p1 move stealthrock\n>p2 move highhorsepower\n>p1 move recover\n>p2 move highhorsepower\n>p1 switch 6\n>p1 move slackoff\n>p2 move bodyslam\n>p1 move bulkup\n>p2 switch 2\n>p1 move bulkup\n>p2 move knockoff\n>p1 move bulkup\n>p2 move defog\n>p1 move bulkup\n>p2 move drainpunch\n>p1 move bulkup\n>p2 move drainpunch\n>forcelose p1", "uploadtime": 1733907195, "views": 1, "formatid": "gen9randombattle", "rating": 2174, "private": 0, "password": null}