{"id": "gen9randombattle-2260440486", "format": "[Gen 9] Random Battle", "players": ["Pattycakes_3", "Mattattac"], "log": "|j|\u2606Pattycakes_3\n|j|\u203dMattattac\n|t:|1733851845\n|gametype|singles\n|player|p1|Pattycakes_3|169|1652\n|player|p2|Mattattac|nate|1650\n|teamsize|p1|6\n|teamsize|p2|6\n|gen|9\n|tier|[Gen 9] Random Battle\n|rated|\n|rule|Species Clause: Limit one of each Pok\u00e9mon\n|rule|HP Percentage Mod: HP is shown in percentages\n|rule|Sleep Clause Mod: Limit one foe put to sleep\n|rule|Illusion Level Mod: Illusion disguises the Pok\u00e9mon's true level\n|\n|t:|1733851845\n|start\n|switch|p1a: Alcremie|Alcremie-Caramel-Swirl, L90, F|263/263\n|switch|p2a: Dragonite|Dragonite, L74, M|257/257\n|turn|1\n|inactive|Battle timer is ON: inactive players will automatically lose when time's up. (requested by Pattycakes_3)\n|inactive|Mattattac also wants the timer to be on.\n|inactive|Mattattac has 120 seconds left.\n|\n|t:|1733851903\n|switch|p2a: Amoonguss|Amoonguss, L82, F|321/321\n|move|p1a: Alcremie|Calm Mind|p1a: Alcremie\n|-boost|p1a: Alcremie|spa|1\n|-boost|p1a: Alcremie|spd|1\n|\n|upkeep\n|turn|2\n|\n|t:|1733851917\n|move|p1a: Alcremie|Psyshock|p2a: Amoonguss\n|-supereffective|p2a: Amoonguss\n|-damage|p2a: Amoonguss|63/321\n|move|p2a: Amoonguss|Toxic|p1a: Alcremie\n|-status|p1a: Alcremie|tox\n|\n|-damage|p1a: Alcremie|247/263 tox|[from] psn\n|upkeep\n|turn|3\n|\n|t:|1733851933\n|switch|p2a: Oranguru|Oranguru, L92, F|315/315\n|move|p1a: Alcremie|Psyshock|p2a: Oranguru\n|-resisted|p2a: Oranguru\n|-damage|p2a: Oranguru|263/315\n|\n|-heal|p1a: Alcremie|263/263 tox|[from] item: Leftovers\n|-damage|p1a: Alcremie|231/263 tox|[from] psn\n|upkeep\n|turn|4\n|\n|t:|1733851948\n|move|p1a: Alcremie|Alluring Voice|p2a: Oranguru\n|-damage|p2a: Oranguru|139/315\n|move|p2a: Oranguru|Nasty Plot|p2a: Oranguru\n|-boost|p2a: Oranguru|spa|2\n|\n|-heal|p1a: Alcremie|247/263 tox|[from] item: Leftovers\n|-damage|p1a: Alcremie|199/263 tox|[from] psn\n|upkeep\n|turn|5\n|\n|t:|1733851955\n|move|p1a: Alcremie|Alluring Voice|p2a: Oranguru\n|-damage|p2a: Oranguru|25/315\n|move|p2a: Oranguru|Psyshock|p1a: Alcremie\n|-damage|p1a: Alcremie|0 fnt\n|faint|p1a: Alcremie\n|-damage|p2a: Oranguru|0 fnt|[from] item: Life Orb\n|faint|p2a: Oranguru\n|\n|upkeep\n|\n|t:|1733851977\n|switch|p1a: Froslass|Froslass, L87, F|263/263\n|switch|p2a: Amoonguss|Amoonguss, L82, F|170/321\n|turn|6\n|\n|t:|1733851990\n|switch|p2a: Corviknight|Corviknight, L80, F|288/288\n|move|p1a: Froslass|Triple Axel|p2a: Corviknight\n|-damage|p2a: Corviknight|269/288\n|-damage|p1a: Froslass|220/263|[from] item: Rocky Helmet|[of] p2a: Corviknight\n|-damage|p2a: Corviknight|232/288\n|-damage|p1a: Froslass|177/263|[from] item: Rocky Helmet|[of] p2a: Corviknight\n|-damage|p2a: Corviknight|178/288\n|-damage|p1a: Froslass|134/263|[from] item: Rocky Helmet|[of] p2a: Corviknight\n|-hitcount|p2a: Corviknight|3\n|\n|upkeep\n|turn|7\n|\n|t:|1733851997\n|switch|p1a: Galvantula|Galvantula, L82, F|249/249\n|move|p2a: Corviknight|Roost|p2a: Corviknight\n|-heal|p2a: Corviknight|288/288\n|-singleturn|p2a: Corviknight|move: Roost\n|\n|upkeep\n|turn|8\n|\n|t:|1733852014\n|move|p1a: Galvantula|Thunder|p2a: Corviknight\n|-supereffective|p2a: Corviknight\n|-damage|p2a: Corviknight|58/288\n|move|p2a: Corviknight|U-turn|p1a: Galvantula\n|-damage|p1a: Galvantula|190/249\n|inactive|Mattattac has 120 seconds left.\n|\n|t:|1733852049\n|switch|p2a: Dragonite|Dragonite, L74, M|257/257|[from] U-turn\n|\n|upkeep\n|turn|9\n|\n|t:|1733852056\n|switch|p1a: Hippowdon|Hippowdon, L82, F|311/311\n|-weather|Sandstorm|[from] ability: Sand Stream|[of] p1a: Hippowdon\n|move|p2a: Dragonite|Dragon Dance|p2a: Dragonite\n|-boost|p2a: Dragonite|atk|1\n|-boost|p2a: Dragonite|spe|1\n|\n|-weather|Sandstorm|[upkeep]\n|-damage|p2a: Dragonite|241/257|[from] Sandstorm\n|upkeep\n|turn|10\n|inactive|Mattattac has 120 seconds left.\n|\n|t:|1733852070\n|move|p2a: Dragonite|Earthquake|p1a: Hippowdon\n|-damage|p1a: Hippowdon|231/311\n|move|p1a: Hippowdon|Stone Edge|p2a: Dragonite\n|-supereffective|p2a: Dragonite\n|-damage|p2a: Dragonite|79/257\n|\n|-weather|Sandstorm|[upkeep]\n|-damage|p2a: Dragonite|63/257|[from] Sandstorm\n|-heal|p1a: Hippowdon|250/311|[from] item: Leftovers\n|upkeep\n|turn|11\n|\n|t:|1733852076\n|move|p2a: Dragonite|Outrage|p1a: Hippowdon\n|-damage|p1a: Hippowdon|85/311\n|move|p1a: Hippowdon|Stone Edge|p2a: Dragonite\n|-supereffective|p2a: Dragonite\n|-damage|p2a: Dragonite|0 fnt\n|faint|p2a: Dragonite\n|\n|-weather|Sandstorm|[upkeep]\n|-heal|p1a: Hippowdon|104/311|[from] item: Leftovers\n|upkeep\n|\n|t:|1733852083\n|switch|p2a: Amoonguss|Amoonguss, L82, F|277/321\n|turn|12\n|inactive|Pattycakes_3 has 120 seconds left.\n|\n|t:|1733852125\n|move|p1a: Hippowdon|Stone Edge|p2a: Amoonguss\n|-damage|p2a: Amoonguss|194/321\n|move|p2a: Amoonguss|Giga Drain|p1a: Hippowdon\n|-supereffective|p1a: Hippowdon\n|-damage|p1a: Hippowdon|0 fnt\n|-heal|p2a: Amoonguss|246/321|[from] drain|[of] p1a: Hippowdon\n|faint|p1a: Hippowdon\n|\n|-weather|Sandstorm|[upkeep]\n|-damage|p2a: Amoonguss|226/321|[from] Sandstorm\n|upkeep\n|\n|t:|1733852127\n|switch|p1a: Froslass|Froslass, L87, F|134/263\n|turn|13\n|\n|t:|1733852136\n|-terastallize|p2a: Amoonguss|Water\n|move|p1a: Froslass|Triple Axel|p2a: Amoonguss\n|-resisted|p2a: Amoonguss\n|-damage|p2a: Amoonguss|215/321\n|-damage|p1a: Froslass|91/263|[from] item: Rocky Helmet|[of] p2a: Amoonguss\n|-resisted|p2a: Amoonguss\n|-damage|p2a: Amoonguss|191/321\n|-damage|p1a: Froslass|48/263|[from] item: Rocky Helmet|[of] p2a: Amoonguss\n|-resisted|p2a: Amoonguss\n|-damage|p2a: Amoonguss|158/321\n|-damage|p1a: Froslass|5/263|[from] item: Rocky Helmet|[of] p2a: Amoonguss\n|-hitcount|p2a: Amoonguss|3\n|move|p2a: Amoonguss|Spore|p1a: Froslass\n|-status|p1a: Froslass|slp|[from] move: Spore\n|\n|-weather|none\n|upkeep\n|turn|14\n|inactive|Pattycakes_3 has 120 seconds left.\n|\n|t:|1733852156\n|cant|p1a: Froslass|slp\n|move|p2a: Amoonguss|Giga Drain|p1a: Froslass\n|-damage|p1a: Froslass|0 fnt\n|-heal|p2a: Amoonguss|161/321|[from] drain|[of] p1a: Froslass\n|faint|p1a: Froslass\n|\n|upkeep\n|\n|t:|1733852158\n|switch|p1a: Serperior|Serperior, L79, M|248/248\n|turn|15\n|inactive|Mattattac has 120 seconds left.\n|\n|t:|1733852195\n|switch|p2a: Breloom|Breloom, L82, M|233/233\n|move|p1a: Serperior|Substitute|p1a: Serperior\n|-start|p1a: Serperior|Substitute\n|-damage|p1a: Serperior|186/248\n|\n|-heal|p1a: Serperior|201/248|[from] item: Leftovers\n|upkeep\n|turn|16\n|\n|t:|1733852209\n|move|p2a: Breloom|Mach Punch|p1a: Serperior\n|-end|p1a: Serperior|Substitute\n|-damage|p2a: Breloom|210/233|[from] item: Life Orb\n|move|p1a: Serperior|Leaf Storm|p2a: Breloom\n|-resisted|p2a: Breloom\n|-damage|p2a: Breloom|147/233\n|-boost|p1a: Serperior|spa|2\n|\n|-heal|p1a: Serperior|216/248|[from] item: Leftovers\n|upkeep\n|turn|17\n|\n|t:|1733852228\n|move|p1a: Serperior|Dragon Pulse|p2a: Breloom\n|-damage|p2a: Breloom|36/233\n|move|p2a: Breloom|Rock Tomb|p1a: Serperior\n|-damage|p1a: Serperior|115/248\n|-boost|p1a: Serperior|spe|1\n|-damage|p2a: Breloom|13/233|[from] item: Life Orb\n|\n|-heal|p1a: Serperior|130/248|[from] item: Leftovers\n|upkeep\n|turn|18\n|\n|t:|1733852237\n|move|p2a: Breloom|Mach Punch|p1a: Serperior\n|-damage|p1a: Serperior|31/248\n|-damage|p2a: Breloom|0 fnt|[from] item: Life Orb\n|faint|p2a: Breloom\n|move|p1a: Serperior|Leech Seed|p2: Breloom|[notarget]\n|-fail|p1a: Serperior\n|\n|-heal|p1a: Serperior|46/248|[from] item: Leftovers\n|upkeep\n|\n|t:|1733852243\n|switch|p2a: Mesprit|Mesprit, L85|275/275\n|turn|19\n|inactive|Mattattac has 120 seconds left.\n|\n|t:|1733852258\n|move|p1a: Serperior|Leaf Storm|p2a: Mesprit\n|-damage|p2a: Mesprit|113/275\n|-boost|p1a: Serperior|spa|2\n|move|p2a: Mesprit|Psychic|p1a: Serperior\n|-damage|p1a: Serperior|0 fnt\n|faint|p1a: Serperior\n|-damage|p2a: Mesprit|86/275|[from] item: Life Orb\n|\n|upkeep\n|\n|t:|1733852268\n|switch|p1a: Dragapult|Dragapult, L77, M|262/262\n|turn|20\n|\n|t:|1733852276\n|-terastallize|p1a: Dragapult|Ghost\n|move|p1a: Dragapult|Dragon Dance|p1a: Dragapult\n|-boost|p1a: Dragapult|atk|1\n|-boost|p1a: Dragapult|spe|1\n|move|p2a: Mesprit|Dazzling Gleam|p1a: Dragapult\n|-damage|p1a: Dragapult|159/262\n|-damage|p2a: Mesprit|59/275|[from] item: Life Orb\n|\n|upkeep\n|turn|21\n|\n|t:|1733852283\n|move|p1a: Dragapult|Tera Blast|p2a: Mesprit|[anim] Tera Blast Ghost\n|-supereffective|p2a: Mesprit\n|-damage|p2a: Mesprit|0 fnt\n|faint|p2a: Mesprit\n|-damage|p1a: Dragapult|133/262|[from] item: Life Orb\n|\n|upkeep\n|\n|t:|1733852294\n|switch|p2a: Amoonguss|Amoonguss, L82, F, tera:Water|268/321\n|turn|22\n|inactive|Mattattac has 120 seconds left.\n|\n|t:|1733852320\n|move|p1a: Dragapult|Dragon Darts|p2a: Amoonguss\n|-damage|p2a: Amoonguss|143/321\n|-anim|p1a: Dragapult|Dragon Darts|p2a: Amoonguss\n|-damage|p2a: Amoonguss|9/321\n|-damage|p1a: Dragapult|107/262|[from] item: Life Orb\n|move|p2a: Amoonguss|Spore|p1a: Dragapult\n|-status|p1a: Dragapult|slp|[from] move: Spore\n|\n|upkeep\n|turn|23\n|c|\u2606Pattycakes_3|This will be close\n|inactive|Mattattac has 120 seconds left.\n|\n|t:|1733852338\n|switch|p2a: Corviknight|Corviknight, L80, F|58/288\n|cant|p1a: Dragapult|slp\n|\n|upkeep\n|turn|24\n|\n|t:|1733852341\n|-curestatus|p1a: Dragapult|slp|[msg]\n|move|p1a: Dragapult|Fire Blast|p2a: Corviknight\n|-supereffective|p2a: Corviknight\n|-damage|p2a: Corviknight|0 fnt\n|faint|p2a: Corviknight\n|-damage|p1a: Dragapult|81/262|[from] item: Life Orb\n|\n|upkeep\n|\n|t:|1733852344\n|switch|p2a: Amoonguss|Amoonguss, L82, F, tera:Water|116/321\n|turn|25\n|c|\u2606Pattycakes_3|Do you get greedy\n|\n|t:|1733852347\n|move|p1a: Dragapult|Dragon Darts|p2a: Amoonguss\n|-damage|p2a: Amoonguss|0 fnt\n|faint|p2a: Amoonguss\n|-damage|p1a: Dragapult|55/262|[from] item: Life Orb\n|\n|win|Pattycakes_3\n|raw|Pattycakes_3's rating: 1652 &rarr; <strong>1672</strong><br />(+20 for winning)\n|raw|Mattattac's rating: 1650 &rarr; <strong>1630</strong><br />(-20 for losing)\n|c|\u2606Pattycakes_3|You did\n|c|\u2606Pattycakes_3|Gg\n|l|\u2606Pattycakes_3\n|player|p1|\n|l|\u203dMattattac\n|player|p2|\n|j|\u203dMattattac\n|player|p2|Mattattac|nate|\n", "inputlog": ">version bfd83cad13791eb5a5a409923076391caf6fb4d4\n>start {\"formatid\":\"gen9randombattle\",\"seed\":[55087,51091,38033,13921],\"rated\":\"Rated battle\"}\n>player p1 {\"name\":\"Pattycakes_3\",\"avatar\":\"169\",\"rating\":1652,\"seed\":[54539,65451,33333,29435]}\n>player p2 {\"name\":\"Mattattac\",\"avatar\":\"nate\",\"rating\":1650,\"seed\":[23788,44528,33531,56466]}\n>p1 move calmmind\n>p2 switch 2\n>p1 move psyshock\n>p2 move toxic\n>p1 move psyshock\n>p2 switch 3\n>p1 move alluringvoice\n>p2 move nastyplot\n>p1 move alluringvoice\n>p2 move psyshock\n>p1 switch 6\n>p2 switch 3\n>p1 move tripleaxel\n>p2 switch 4\n>p1 switch 5\n>p2 move roost\n>p1 move thunder\n>p2 move uturn\n>p2 switch 2\n>p1 switch 2\n>p2 move dragondance\n>p1 move stoneedge\n>p2 move earthquake\n>p1 move stoneedge\n>p2 move outrage\n>p2 switch 4\n>p1 move stoneedge\n>p2 move gigadrain\n>p1 switch 5\n>p1 move tripleaxel\n>p2 move spore terastallize\n>p1 move destinybond\n>p2 move gigadrain\n>p1 switch 4\n>p1 move substitute\n>p2 switch 6\n>p1 move leafstorm\n>p2 move machpunch\n>p1 move dragonpulse\n>p2 move rocktomb\n>p1 move leechseed\n>p2 move machpunch\n>p2 switch 5\n>p1 move leafstorm\n>p2 move psychic\n>p1 switch 3\n>p1 move dragondance terastallize\n>p2 move dazzlinggleam\n>p1 move terablast\n>p2 move shadowball\n>p2 switch 6\n>p1 move dragondarts\n>p2 move spore\n>chat \u2606Pattycakes_3|This will be close\n>p1 move dragondarts\n>p2 switch 2\n>p1 move fireblast\n>p2 move roost\n>p2 switch 2\n>chat \u2606Pattycakes_3|Do you get greedy \n>p1 move dragondarts\n>p2 move gigadrain", "uploadtime": 1733852351, "views": 4, "formatid": "gen9randombattle", "rating": 1630, "private": 0, "password": null}