{"id": "gen9randombattle-2260703674", "format": "[Gen 9] Random Battle", "players": ["spankymcnutt", "Emilpup"], "log": "|j|\u203dspankymcnutt\n|j|\u2606Emilpup\n|t:|1733880571\n|gametype|singles\n|player|p1|spankymcnutt|102|1470\n|player|p2|Emilpup|leon-tower|1467\n|teamsize|p1|6\n|teamsize|p2|6\n|gen|9\n|tier|[Gen 9] Random Battle\n|rated|\n|rule|Species Clause: Limit one of each Pok\u00e9mon\n|rule|HP Percentage Mod: HP is shown in percentages\n|rule|Sleep Clause Mod: Limit one foe put to sleep\n|rule|Illusion Level Mod: Illusion disguises the Pok\u00e9mon's true level\n|\n|t:|1733880571\n|start\n|switch|p1a: Lunala|Lunala, L70|308/308\n|switch|p2a: Mienshao|Mienshao, L83, M|243/243\n|turn|1\n|inactive|Battle timer is ON: inactive players will automatically lose when time's up. (requested by Emilpup)\n|\n|t:|1733880581\n|move|p2a: Mienshao|Knock Off|p1a: Lunala\n|-supereffective|p1a: Lunala\n|-damage|p1a: Lunala|2/308\n|-enditem|p1a: Lunala|Leftovers|[from] move: Knock Off|[of] p2a: Mienshao\n|move|p1a: Lunala|Calm Mind|p1a: Lunala\n|-boost|p1a: Lunala|spa|1\n|-boost|p1a: Lunala|spd|1\n|\n|upkeep\n|turn|2\n|inactive|spankymcnutt has 120 seconds left.\n|\n|t:|1733880613\n|switch|p1a: Jumpluff|Jumpluff, L87, F|271/271\n|move|p2a: Mienshao|Knock Off|p1a: Jumpluff\n|-damage|p1a: Jumpluff|184/271\n|\n|upkeep\n|turn|3\n|\n|t:|1733880625\n|switch|p2a: Archaludon|Archaludon, L78, M|268/268\n|move|p1a: Jumpluff|Sleep Powder|p2a: Archaludon\n|-status|p2a: Archaludon|slp|[from] move: Sleep Powder\n|-enditem|p2a: Archaludon|Lum Berry|[eat]\n|-curestatus|p2a: Archaludon|slp|[msg]\n|\n|upkeep\n|turn|4\n|\n|t:|1733880639\n|switch|p2a: Ribombee|Ribombee, L82, M|233/233\n|move|p1a: Jumpluff|Sleep Powder|p2a: Ribombee\n|-status|p2a: Ribombee|slp|[from] move: Sleep Powder\n|\n|upkeep\n|turn|5\n|\n|t:|1733880647\n|switch|p2a: Archaludon|Archaludon, L78, M|268/268\n|move|p1a: Jumpluff|Acrobatics|p2a: Archaludon\n|-resisted|p2a: Archaludon\n|-damage|p2a: Archaludon|238/268\n|-ability|p2a: Archaludon|Stamina|boost\n|-boost|p2a: Archaludon|def|1\n|\n|upkeep\n|turn|6\n|\n|t:|1733880657\n|move|p1a: Jumpluff|Strength Sap|p2a: Archaludon\n|-unboost|p2a: Archaludon|atk|1\n|-heal|p1a: Jumpluff|271/271\n|move|p2a: Archaludon|Swords Dance|p2a: Archaludon\n|-boost|p2a: Archaludon|atk|2\n|\n|upkeep\n|turn|7\n|\n|t:|1733880664\n|move|p1a: Jumpluff|Strength Sap|p2a: Archaludon\n|-unboost|p2a: Archaludon|atk|1\n|move|p2a: Archaludon|Swords Dance|p2a: Archaludon\n|-boost|p2a: Archaludon|atk|2\n|\n|upkeep\n|turn|8\n|\n|t:|1733880684\n|switch|p1a: Revavroom|Revavroom, L79, M|256/256\n|move|p2a: Archaludon|Swords Dance|p2a: Archaludon\n|-boost|p2a: Archaludon|atk|2\n|\n|upkeep\n|turn|9\n|\n|t:|1733880697\n|-terastallize|p1a: Revavroom|Ground\n|move|p1a: Revavroom|Shift Gear|p1a: Revavroom\n|-boost|p1a: Revavroom|spe|2\n|-boost|p1a: Revavroom|atk|1\n|move|p2a: Archaludon|Earthquake|p1a: Revavroom\n|-damage|p1a: Revavroom|41/256\n|\n|upkeep\n|turn|10\n|\n|t:|1733880705\n|-terastallize|p2a: Archaludon|Ground\n|move|p1a: Revavroom|High Horsepower|p2a: Archaludon\n|-damage|p2a: Archaludon|133/268\n|-ability|p2a: Archaludon|Stamina|boost\n|-boost|p2a: Archaludon|def|1\n|-damage|p1a: Revavroom|16/256|[from] item: Life Orb\n|move|p2a: Archaludon|Earthquake|p1a: Revavroom\n|-damage|p1a: Revavroom|0 fnt\n|faint|p1a: Revavroom\n|\n|upkeep\n|\n|t:|1733880717\n|switch|p1a: Jumpluff|Jumpluff, L87, F|271/271\n|turn|11\n|inactive|spankymcnutt has 120 seconds left.\n|\n|t:|1733880739\n|move|p1a: Jumpluff|U-turn|p2a: Archaludon\n|-damage|p2a: Archaludon|120/268\n|-ability|p2a: Archaludon|Stamina|boost\n|-boost|p2a: Archaludon|def|1\n|\n|t:|1733880744\n|switch|p1a: Hippowdon|Hippowdon, L82, F|311/311|[from] U-turn\n|-weather|Sandstorm|[from] ability: Sand Stream|[of] p1a: Hippowdon\n|move|p2a: Archaludon|Iron Head|p1a: Hippowdon\n|-damage|p1a: Hippowdon|127/311\n|-damage|p2a: Archaludon|76/268|[from] item: Rocky Helmet|[of] p1a: Hippowdon\n|\n|-weather|Sandstorm|[upkeep]\n|upkeep\n|turn|12\n|inactive|spankymcnutt has 120 seconds left.\n|\n|t:|1733880755\n|move|p2a: Archaludon|Earthquake|p1a: Hippowdon\n|-damage|p1a: Hippowdon|0 fnt\n|faint|p1a: Hippowdon\n|\n|-weather|Sandstorm|[upkeep]\n|upkeep\n|\n|t:|1733880761\n|switch|p1a: Sinistcha|Sinistcha, L83|254/254\n|turn|13\n|inactive|spankymcnutt has 120 seconds left.\n|\n|t:|1733880766\n|move|p2a: Archaludon|Outrage|p1a: Sinistcha\n|-damage|p1a: Sinistcha|0 fnt\n|faint|p1a: Sinistcha\n|\n|-weather|Sandstorm|[upkeep]\n|upkeep\n|inactive|spankymcnutt has 120 seconds left.\n|-message|spankymcnutt forfeited.\n|\n|win|Emilpup\n|raw|spankymcnutt's rating: 1470 &rarr; <strong>1450</strong><br />(-20 for losing)\n|raw|Emilpup's rating: 1467 &rarr; <strong>1487</strong><br />(+20 for winning)\n|l|\u203dspankymcnutt\n|player|p1|\n", "inputlog": ">version bfd83cad13791eb5a5a409923076391caf6fb4d4\n>start {\"formatid\":\"gen9randombattle\",\"seed\":[18257,30950,7390,6879],\"rated\":\"Rated battle\"}\n>player p1 {\"name\":\"spankymcnutt\",\"avatar\":\"102\",\"rating\":1470,\"seed\":[64273,32344,46787,53215]}\n>player p2 {\"name\":\"Emilpup\",\"avatar\":\"leon-tower\",\"rating\":1467,\"seed\":[50845,25349,6107,52625]}\n>p1 move calmmind\n>p2 move knockoff\n>p1 switch 4\n>p2 move knockoff\n>p1 move sleeppowder\n>p2 switch 6\n>p1 move sleeppowder\n>p2 switch 4\n>p1 move acrobatics\n>p2 switch 4\n>p1 move strengthsap\n>p2 move swordsdance\n>p1 move strengthsap\n>p2 move swordsdance\n>p1 switch 2\n>p2 move swordsdance\n>p1 move shiftgear terastallize\n>p2 move earthquake\n>p1 move highhorsepower\n>p2 move earthquake terastallize\n>p1 switch 2\n>p1 move uturn\n>p2 move ironhead\n>p1 switch 6\n>p1 move whirlwind\n>p2 move earthquake\n>p1 switch 3\n>p1 move matchagotcha\n>p2 move outrage\n>forcelose p1", "uploadtime": 1733880777, "views": 20, "formatid": "gen9randombattle", "rating": 1450, "private": 0, "password": null}