{"id": "gen9randombattle-2092127812", "format": "[Gen 9] Random Battle", "players": ["austraz", "ijhijh"], "log": "|j|\u2606austraz\n|j|\u2606ijhijh\n|t:|1711768972\n|gametype|singles\n|player|p1|austraz|cynthia-gen4|2196\n|player|p2|ijhijh|1|2377\n|teamsize|p1|6\n|teamsize|p2|6\n|gen|9\n|tier|[Gen 9] Random Battle\n|rated|\n|rule|Species Clause: Limit one of each Pok\u00e9mon\n|rule|HP Percentage Mod: HP is shown in percentages\n|rule|Sleep Clause Mod: Limit one foe put to sleep\n|rule|Illusion Level Mod: Illusion disguises the Pok\u00e9mon's true level\n|\n|t:|1711768972\n|start\n|switch|p1a: Dipplin|Dipplin, L88, M|284/284\n|switch|p2a: Serperior|Serperior, L80, F|251/251\n|turn|1\n|\n|t:|1711769027\n|switch|p2a: Iron Treads|Iron Treads, L77|265/265\n|move|p1a: Dipplin|Dragon Pulse|p2a: Iron Treads\n|-resisted|p2a: Iron Treads\n|-damage|p2a: Iron Treads|199/265\n|\n|-heal|p2a: Iron Treads|215/265|[from] item: Leftovers\n|upkeep\n|turn|2\n|\n|t:|1711769034\n|move|p2a: Iron Treads|Stealth Rock|p1a: Dipplin\n|-sidestart|p1: austraz|move: Stealth Rock\n|move|p1a: Dipplin|Giga Drain|p2a: Iron Treads\n|-damage|p2a: Iron Treads|101/265\n|\n|-heal|p2a: Iron Treads|117/265|[from] item: Leftovers\n|upkeep\n|turn|3\n|\n|t:|1711769039\n|-end|p2a: Iron Treads|Quark Drive|[silent]\n|switch|p2a: Arboliva|Arboliva, L91, F|288/288\n|move|p1a: Dipplin|Giga Drain|p2a: Arboliva\n|-resisted|p2a: Arboliva\n|-damage|p2a: Arboliva|255/288\n|\n|upkeep\n|turn|4\n|\n|t:|1711769060\n|move|p2a: Arboliva|Hyper Voice|p1a: Dipplin\n|-damage|p1a: Dipplin|196/284\n|move|p1a: Dipplin|Dragon Pulse|p2a: Arboliva\n|-damage|p2a: Arboliva|183/288\n|\n|upkeep\n|turn|5\n|\n|t:|1711769068\n|switch|p1a: Hoopa|Hoopa, L85|275/275\n|-damage|p1a: Hoopa|241/275|[from] Stealth Rock\n|move|p2a: Arboliva|Hyper Voice|p1a: Hoopa\n|-immune|p1a: Hoopa\n|\n|upkeep\n|turn|6\n|\n|t:|1711769082\n|switch|p2a: Mewtwo|Mewtwo, L72|272/272\n|-ability|p2a: Mewtwo|Unnerve\n|move|p1a: Hoopa|Trick|p2a: Mewtwo\n|-activate|p1a: Hoopa|move: Trick|[of] p2a: Mewtwo\n|-item|p2a: Mewtwo|Choice Scarf|[from] move: Trick\n|-item|p1a: Hoopa|Choice Specs|[from] move: Trick\n|\n|upkeep\n|turn|7\n|\n|t:|1711769093\n|move|p2a: Mewtwo|Psystrike|p1a: Hoopa\n|-resisted|p1a: Hoopa\n|-damage|p1a: Hoopa|166/275\n|move|p1a: Hoopa|Shadow Ball|p2a: Mewtwo\n|-supereffective|p2a: Mewtwo\n|-damage|p2a: Mewtwo|0 fnt\n|faint|p2a: Mewtwo\n|\n|upkeep\n|\n|t:|1711769100\n|switch|p2a: Urshifu|Urshifu, L74, F|270/270\n|turn|8\n|\n|t:|1711769121\n|move|p2a: Urshifu|Wicked Blow|p1a: Hoopa\n|-supereffective|p1a: Hoopa\n|-crit|p1a: Hoopa\n|-damage|p1a: Hoopa|0 fnt\n|faint|p1a: Hoopa\n|\n|upkeep\n|\n|t:|1711769138\n|switch|p1a: Avalugg|Avalugg-Hisui, L90, M|317/317\n|turn|9\n|inactive|Battle timer is ON: inactive players will automatically lose when time's up. (requested by austraz)\n|\n|t:|1711769240\n|switch|p2a: Serperior|Serperior, L80, F|251/251\n|move|p1a: Avalugg|Avalanche|p2a: Serperior\n|-supereffective|p2a: Serperior\n|-damage|p2a: Serperior|65/251\n|\n|-heal|p2a: Serperior|80/251|[from] item: Leftovers\n|upkeep\n|turn|10\n|\n|t:|1711769260\n|move|p2a: Serperior|Leaf Storm|p1a: Avalugg\n|-supereffective|p1a: Avalugg\n|-crit|p1a: Avalugg\n|-ability|p1a: Avalugg|Sturdy\n|-damage|p1a: Avalugg|1/317\n|-boost|p2a: Serperior|spa|2\n|move|p1a: Avalugg|Avalanche|p2a: Serperior\n|-supereffective|p2a: Serperior\n|-damage|p2a: Serperior|0 fnt\n|faint|p2a: Serperior\n|\n|upkeep\n|\n|t:|1711769272\n|switch|p2a: Spectrier|Spectrier, L75|274/274\n|turn|11\n|\n|t:|1711769289\n|move|p2a: Spectrier|Shadow Ball|p1a: Avalugg\n|-damage|p1a: Avalugg|0 fnt\n|faint|p1a: Avalugg\n|-ability|p2a: Spectrier|Grim Neigh|boost\n|-boost|p2a: Spectrier|spa|1\n|\n|upkeep\n|\n|t:|1711769292\n|switch|p1a: Dipplin|Dipplin, L88, M|196/284\n|-damage|p1a: Dipplin|161/284|[from] Stealth Rock\n|turn|12\n|\n|t:|1711769307\n|move|p2a: Spectrier|Shadow Ball|p1a: Dipplin\n|-damage|p1a: Dipplin|56/284\n|move|p1a: Dipplin|Recover|p1a: Dipplin\n|-heal|p1a: Dipplin|198/284\n|\n|upkeep\n|turn|13\n|\n|t:|1711769323\n|move|p2a: Spectrier|Shadow Ball|p1a: Dipplin\n|-damage|p1a: Dipplin|99/284\n|move|p1a: Dipplin|Giga Drain|p2a: Spectrier\n|-damage|p2a: Spectrier|163/274\n|-heal|p1a: Dipplin|155/284|[from] drain|[of] p2a: Spectrier\n|\n|-heal|p2a: Spectrier|180/274|[from] item: Leftovers\n|upkeep\n|turn|14\n|\n|t:|1711769338\n|move|p2a: Spectrier|Nasty Plot|p2a: Spectrier\n|-boost|p2a: Spectrier|spa|2\n|move|p1a: Dipplin|Giga Drain|p2a: Spectrier\n|-damage|p2a: Spectrier|77/274\n|-heal|p1a: Dipplin|207/284|[from] drain|[of] p2a: Spectrier\n|\n|-heal|p2a: Spectrier|94/274|[from] item: Leftovers\n|upkeep\n|turn|15\n|inactive|ijhijh has 120 seconds left.\n|\n|t:|1711769360\n|-terastallize|p2a: Spectrier|Fighting\n|move|p2a: Spectrier|Shadow Ball|p1a: Dipplin\n|-damage|p1a: Dipplin|44/284\n|move|p1a: Dipplin|Giga Drain|p2a: Spectrier\n|-damage|p2a: Spectrier|0 fnt\n|-heal|p1a: Dipplin|91/284|[from] drain|[of] p2a: Spectrier\n|faint|p2a: Spectrier\n|\n|upkeep\n|inactive|ijhijh has 120 seconds left.\n|\n|t:|1711769368\n|switch|p2a: Urshifu|Urshifu, L74, F|270/270\n|turn|16\n|\n|t:|1711769381\n|move|p1a: Dipplin|Sucker Punch|p2a: Urshifu\n|-resisted|p2a: Urshifu\n|-damage|p2a: Urshifu|258/270\n|move|p2a: Urshifu|Close Combat|p1a: Dipplin\n|-damage|p1a: Dipplin|25/284\n|-unboost|p2a: Urshifu|def|1\n|-unboost|p2a: Urshifu|spd|1\n|\n|upkeep\n|turn|17\n|\n|t:|1711769386\n|move|p2a: Urshifu|Close Combat|p1a: Dipplin\n|-damage|p1a: Dipplin|0 fnt\n|-unboost|p2a: Urshifu|def|1\n|-unboost|p2a: Urshifu|spd|1\n|faint|p1a: Dipplin\n|\n|upkeep\n|\n|t:|1711769398\n|switch|p1a: Kingdra|Kingdra, L84, M|263/263\n|-damage|p1a: Kingdra|231/263|[from] Stealth Rock\n|turn|18\n|\n|t:|1711769417\n|move|p2a: Urshifu|Close Combat|p1a: Kingdra\n|-damage|p1a: Kingdra|119/263\n|-unboost|p2a: Urshifu|def|1\n|-unboost|p2a: Urshifu|spd|1\n|move|p1a: Kingdra|Hurricane|p2a: Urshifu\n|-supereffective|p2a: Urshifu\n|-crit|p2a: Urshifu\n|-damage|p2a: Urshifu|0 fnt\n|faint|p2a: Urshifu\n|-damage|p1a: Kingdra|93/263|[from] item: Life Orb\n|\n|upkeep\n|\n|t:|1711769422\n|switch|p2a: Iron Treads|Iron Treads, L77|117/265\n|turn|19\n|\n|t:|1711769431\n|move|p2a: Iron Treads|Earthquake|p1a: Kingdra\n|-damage|p1a: Kingdra|8/263\n|move|p1a: Kingdra|Wave Crash|p2a: Iron Treads\n|-supereffective|p2a: Iron Treads\n|-damage|p2a: Iron Treads|0 fnt\n|faint|p2a: Iron Treads\n|-end|p2a: Iron Treads|Quark Drive|[silent]\n|-damage|p1a: Kingdra|0 fnt|[from] Recoil\n|faint|p1a: Kingdra\n|\n|upkeep\n|\n|t:|1711769437\n|switch|p2a: Arboliva|Arboliva, L91, F|183/288\n|switch|p1a: Hariyama|Hariyama, L87, M|392/392\n|-damage|p1a: Hariyama|368/392|[from] Stealth Rock\n|turn|20\n|\n|t:|1711769444\n|move|p1a: Hariyama|Close Combat|p2a: Arboliva\n|-supereffective|p2a: Arboliva\n|-damage|p2a: Arboliva|0 fnt\n|-unboost|p1a: Hariyama|def|1\n|-unboost|p1a: Hariyama|spd|1\n|faint|p2a: Arboliva\n|\n|win|austraz\n|raw|austraz's rating: 2196 &rarr; <strong>2226</strong><br />(+30 for winning)\n|raw|ijhijh's rating: 2377 &rarr; <strong>2347</strong><br />(-30 for losing)\n", "inputlog": ">version 2900dc167fef168b2118e614d150189f9391c44b\n>start {\"formatid\":\"gen9randombattle\",\"seed\":[9181,46784,43345,20131],\"rated\":\"Rated battle\"}\n>player p1 {\"name\":\"austraz\",\"avatar\":\"cynthia-gen4\",\"rating\":2196,\"seed\":[38367,11349,5194,10328]}\n>player p2 {\"name\":\"ijhijh\",\"avatar\":\"1\",\"rating\":2377,\"seed\":[26316,4811,51340,27790]}\n>p1 move dragonpulse\n>p2 switch 6\n>p1 move gigadrain\n>p2 move stealthrock\n>p1 move gigadrain\n>p2 switch 3\n>p1 move dragonpulse\n>p2 move hypervoice\n>p1 switch 5\n>p2 move hypervoice\n>p1 move trick\n>p2 switch 5\n>p1 move shadowball\n>p2 move psystrike\n>p2 switch 2\n>p1 move shadowball\n>p2 move wickedblow\n>p1 switch 6\n>p1 move avalanche\n>p2 switch 6\n>p1 move avalanche\n>p2 move leafstorm\n>p2 switch 4\n>p1 move avalanche\n>p2 move shadowball\n>p1 switch 5\n>p1 move recover\n>p2 move shadowball\n>p1 move gigadrain\n>p2 move shadowball\n>p1 move gigadrain\n>p2 move nastyplot\n>p1 move gigadrain\n>p2 move shadowball terastallize\n>p2 switch 6\n>p1 move suckerpunch\n>p2 move closecombat\n>p1 move recover\n>p2 move closecombat\n>p1 switch 4\n>p1 move hurricane\n>p2 move closecombat\n>p2 switch 3\n>p1 move wavecrash\n>p2 move earthquake\n>p1 switch 3\n>p2 switch 5\n>p1 move closecombat\n>p2 move leechseed", "uploadtime": 1711769450, "views": 254, "formatid": "gen9randombattle", "rating": 2226, "private": 0, "password": null}