{"id": "gen9randombattle-2260033612", "format": "[Gen 9] Random Battle", "players": ["Shuu0908", "Guildmarm18"], "log": "|j|\u2606Shuu0908\n|j|\u2606Guildmarm18\n|t:|1733793659\n|gametype|singles\n|player|p1|Shuu0908|n|1440\n|player|p2|Guildmarm18|clown|1482\n|teamsize|p1|6\n|teamsize|p2|6\n|gen|9\n|tier|[Gen 9] Random Battle\n|rated|\n|rule|Species Clause: Limit one of each Pok\u00e9mon\n|rule|HP Percentage Mod: HP is shown in percentages\n|rule|Sleep Clause Mod: Limit one foe put to sleep\n|rule|Illusion Level Mod: Illusion disguises the Pok\u00e9mon's true level\n|\n|t:|1733793659\n|start\n|switch|p1a: Floatzel|Floatzel, L85, F|283/283\n|switch|p2a: Blaziken|Blaziken, L76, F|247/247\n|turn|1\n|inactive|Battle timer is ON: inactive players will automatically lose when time's up. (requested by Shuu0908)\n|inactive|Guildmarm18 also wants the timer to be on.\n|\n|t:|1733793669\n|switch|p2a: Torkoal|Torkoal, L88, F|266/266\n|-weather|SunnyDay|[from] ability: Drought|[of] p2a: Torkoal\n|move|p1a: Floatzel|Bulk Up|p1a: Floatzel\n|-boost|p1a: Floatzel|atk|1\n|-boost|p1a: Floatzel|def|1\n|\n|-weather|SunnyDay|[upkeep]\n|upkeep\n|turn|2\n|\n|t:|1733793679\n|move|p1a: Floatzel|Wave Crash|p2a: Torkoal\n|-supereffective|p2a: Torkoal\n|-damage|p2a: Torkoal|140/266\n|-damage|p1a: Floatzel|241/283|[from] Recoil\n|move|p2a: Torkoal|Solar Beam||[still]\n|-prepare|p2a: Torkoal|Solar Beam\n|-anim|p2a: Torkoal|Solar Beam|p1a: Floatzel\n|-supereffective|p1a: Floatzel\n|-damage|p1a: Floatzel|0 fnt\n|faint|p1a: Floatzel\n|\n|-weather|SunnyDay|[upkeep]\n|upkeep\n|\n|t:|1733793691\n|switch|p1a: Ceruledge|Ceruledge, L78, M|245/245\n|turn|3\n|\n|t:|1733793706\n|move|p1a: Ceruledge|Swords Dance|p1a: Ceruledge\n|-boost|p1a: Ceruledge|atk|2\n|move|p2a: Torkoal|Stealth Rock|p1a: Ceruledge\n|-sidestart|p1: Shuu0908|move: Stealth Rock\n|\n|-weather|SunnyDay|[upkeep]\n|upkeep\n|turn|4\n|\n|t:|1733793712\n|switch|p2a: Flygon|Flygon, L82, F|265/265\n|move|p1a: Ceruledge|Poltergeist|p2a: Flygon\n|-activate|p2a: Flygon|move: Poltergeist|Choice Band\n|-damage|p2a: Flygon|0 fnt\n|faint|p2a: Flygon\n|\n|-weather|SunnyDay|[upkeep]\n|upkeep\n|\n|t:|1733793731\n|switch|p2a: Braviary|Braviary, L85, M|309/309\n|turn|5\n|\n|t:|1733793736\n|move|p2a: Braviary|Brave Bird|p1a: Ceruledge\n|-damage|p1a: Ceruledge|49/245\n|-ability|p1a: Ceruledge|Weak Armor|boost\n|-unboost|p1a: Ceruledge|def|1\n|-boost|p1a: Ceruledge|spe|2\n|-damage|p2a: Braviary|244/309|[from] Recoil\n|move|p1a: Ceruledge|Bitter Blade|p2a: Braviary\n|-damage|p2a: Braviary|0 fnt\n|-heal|p1a: Ceruledge|171/245|[from] drain|[of] p2a: Braviary\n|faint|p2a: Braviary\n|\n|-weather|none\n|upkeep\n|\n|t:|1733793758\n|switch|p2a: Blaziken|Blaziken, L76, F|247/247\n|turn|6\n|\n|t:|1733793762\n|-terastallize|p2a: Blaziken|Dark\n|move|p1a: Ceruledge|Poltergeist|p2a: Blaziken\n|-activate|p2a: Blaziken|move: Poltergeist|Life Orb\n|-resisted|p2a: Blaziken\n|-damage|p2a: Blaziken|99/247\n|move|p2a: Blaziken|Swords Dance|p2a: Blaziken\n|-boost|p2a: Blaziken|atk|2\n|\n|-ability|p2a: Blaziken|Speed Boost|boost\n|-boost|p2a: Blaziken|spe|1\n|upkeep\n|turn|7\n|\n|t:|1733793770\n|move|p1a: Ceruledge|Bitter Blade|p2a: Blaziken\n|-damage|p2a: Blaziken|0 fnt\n|-heal|p1a: Ceruledge|221/245|[from] drain|[of] p2a: Blaziken\n|faint|p2a: Blaziken\n|\n|upkeep\n|-message|Guildmarm18 forfeited.\n|\n|win|Shuu0908\n|raw|Shuu0908's rating: 1440 &rarr; <strong>1462</strong><br />(+22 for winning)\n|raw|Guildmarm18's rating: 1482 &rarr; <strong>1460</strong><br />(-22 for losing)\n|l|\u2606Guildmarm18\n|player|p2|\n", "inputlog": ">version bfd83cad13791eb5a5a409923076391caf6fb4d4\n>start {\"formatid\":\"gen9randombattle\",\"seed\":[56395,46225,593,10842],\"rated\":\"Rated battle\"}\n>player p1 {\"name\":\"Shuu0908\",\"avatar\":\"n\",\"rating\":1440,\"seed\":[36581,9480,15873,18034]}\n>player p2 {\"name\":\"Guildmarm18\",\"avatar\":\"clown\",\"rating\":1482,\"seed\":[36049,58330,44888,10614]}\n>p1 move bulkup\n>p2 switch 5\n>p1 move wavecrash\n>p2 move solarbeam\n>p1 switch 2\n>p1 move swordsdance\n>p2 move stealthrock\n>p1 move poltergeist\n>p2 switch 6\n>p2 switch 3\n>p1 move bitterblade\n>p2 move bravebird\n>p2 switch 5\n>p1 move poltergeist\n>p2 move swordsdance terastallize\n>p1 move bitterblade\n>p2 move knockoff\n>forcelose p2", "uploadtime": 1733793791, "views": 20, "formatid": "gen9randombattle", "rating": 1460, "private": 0, "password": null}