{"id": "gen9randombattle-2259924010", "format": "[Gen 9] Random Battle", "players": ["ahhvs", "MeciamoS"], "log": "|j|\u2606ahhvs\n|j|\u2606MeciamoS\n|t:|1733780465\n|gametype|singles\n|player|p1|ahhvs|silver|1873\n|player|p2|MeciamoS|169|1874\n|teamsize|p1|6\n|teamsize|p2|6\n|gen|9\n|tier|[Gen 9] Random Battle\n|rated|\n|rule|Species Clause: Limit one of each Pok\u00e9mon\n|rule|HP Percentage Mod: HP is shown in percentages\n|rule|Sleep Clause Mod: Limit one foe put to sleep\n|rule|Illusion Level Mod: Illusion disguises the Pok\u00e9mon's true level\n|\n|t:|1733780465\n|start\n|switch|p1a: Ampharos|Ampharos, L88, M|302/302\n|switch|p2a: Pelipper|Pelipper, L86, M|243/243\n|-weather|RainDance|[from] ability: Drizzle|[of] p2a: Pelipper\n|turn|1\n|inactive|Battle timer is ON: inactive players will automatically lose when time's up. (requested by MeciamoS)\n|\n|t:|1733780476\n|switch|p2a: Minun|Minun, L95, F|268/268\n|move|p1a: Ampharos|Volt Switch|p2a: Minun\n|-immune|p2a: Minun|[from] ability: Volt Absorb\n|\n|-weather|RainDance|[upkeep]\n|upkeep\n|turn|2\n|\n|t:|1733780485\n|switch|p1a: Venusaur|Venusaur, L84, M|272/272\n|move|p2a: Minun|Nasty Plot|p2a: Minun\n|-boost|p2a: Minun|spa|2\n|\n|-weather|RainDance|[upkeep]\n|upkeep\n|turn|3\n|\n|t:|1733780503\n|move|p2a: Minun|Thunderbolt|p1a: Venusaur\n|-resisted|p1a: Venusaur\n|-damage|p1a: Venusaur|158/272\n|-damage|p2a: Minun|242/268|[from] item: Life Orb\n|move|p1a: Venusaur|Sludge Bomb|p2a: Minun\n|-damage|p2a: Minun|160/268\n|\n|-weather|RainDance|[upkeep]\n|-heal|p1a: Venusaur|175/272|[from] item: Leftovers\n|upkeep\n|turn|4\n|\n|t:|1733780511\n|move|p2a: Minun|Nasty Plot|p2a: Minun\n|-boost|p2a: Minun|spa|2\n|move|p1a: Venusaur|Sludge Bomb|p2a: Minun\n|-damage|p2a: Minun|70/268\n|\n|-weather|RainDance|[upkeep]\n|-heal|p1a: Venusaur|192/272|[from] item: Leftovers\n|upkeep\n|turn|5\n|\n|t:|1733780533\n|move|p2a: Minun|Thunderbolt|p1a: Venusaur\n|-resisted|p1a: Venusaur\n|-damage|p1a: Venusaur|5/272\n|-status|p1a: Venusaur|par\n|-damage|p2a: Minun|44/268|[from] item: Life Orb\n|cant|p1a: Venusaur|par\n|\n|-weather|none\n|-heal|p1a: Venusaur|22/272 par|[from] item: Leftovers\n|upkeep\n|turn|6\n|\n|t:|1733780543\n|move|p2a: Minun|Thunderbolt|p1a: Venusaur\n|-resisted|p1a: Venusaur\n|-damage|p1a: Venusaur|0 fnt\n|faint|p1a: Venusaur\n|-damage|p2a: Minun|18/268|[from] item: Life Orb\n|\n|upkeep\n|\n|t:|1733780544\n|switch|p1a: Wugtrio|Wugtrio, L91, M|212/212\n|turn|7\n|\n|t:|1733780559\n|switch|p2a: Altaria|Altaria, L88, M|275/275\n|move|p1a: Wugtrio|Throat Chop|p2a: Altaria\n|-damage|p2a: Altaria|182/275\n|-start|p2a: Altaria|Throat Chop|[silent]\n|\n|upkeep\n|turn|8\n|\n|t:|1733780571\n|switch|p1a: Ampharos|Ampharos, L88, M|302/302\n|move|p2a: Altaria|Dragon Dance|p2a: Altaria\n|-boost|p2a: Altaria|atk|1\n|-boost|p2a: Altaria|spe|1\n|\n|-end|p2a: Altaria|Throat Chop|[silent]\n|upkeep\n|turn|9\n|c|\u2606ahhvs|why do you take 5 years for every move\n|inactive|MeciamoS has 120 seconds left.\n|\n|t:|1733780601\n|move|p2a: Altaria|Earthquake|p1a: Ampharos\n|-supereffective|p1a: Ampharos\n|-damage|p1a: Ampharos|108/302\n|move|p1a: Ampharos|Dazzling Gleam|p2a: Altaria\n|-supereffective|p2a: Altaria\n|-damage|p2a: Altaria|0 fnt\n|faint|p2a: Altaria\n|\n|upkeep\n|c|\u2606ahhvs|you fucking fatass\n|n|\u203dahhvs|ahhvs\n|c|~|/log ahhvs was locked from talking by Artemis. (\u2606ahhvs: you fucking fatass)\n|c|~|/raw <small>This action was done automatically. Want to learn more about the AI? <a href=\"https://www.smogon.com/forums/threads/3570628/#post-9056769\">Visit the information thread</a>.</small>\n|inactive|MeciamoS has 120 seconds left.\n|\n|t:|1733780616\n|switch|p2a: Gardevoir|Gardevoir, L83, M|249/249\n|-ability|p2a: Gardevoir|Static|[from] ability: Trace|[of] p1a: Ampharos\n|turn|10\n|inactive|MeciamoS has 120 seconds left.\n|\n|t:|1733780629\n|switch|p1a: Qwilfish|Qwilfish-Hisui, L83, F|244/244\n|-ability|p1a: Qwilfish|Intimidate|boost\n|-unboost|p2a: Gardevoir|atk|1\n|move|p2a: Gardevoir|Moonblast|p1a: Qwilfish\n|-damage|p1a: Qwilfish|102/244\n|-unboost|p1a: Qwilfish|spa|1\n|-damage|p2a: Gardevoir|225/249|[from] item: Life Orb\n|\n|upkeep\n|turn|11\n|inactive|MeciamoS has 120 seconds left.\n|\n|t:|1733780645\n|move|p1a: Qwilfish|Gunk Shot|p2a: Gardevoir\n|-supereffective|p2a: Gardevoir\n|-damage|p2a: Gardevoir|0 fnt\n|faint|p2a: Gardevoir\n|\n|upkeep\n|\n|t:|1733780656\n|switch|p2a: Golduck|Golduck, L90, F|290/290\n|turn|12\n|\n|t:|1733780665\n|move|p2a: Golduck|Nasty Plot|p2a: Golduck\n|-boost|p2a: Golduck|spa|2\n|move|p1a: Qwilfish|Gunk Shot|p2a: Golduck\n|-damage|p2a: Golduck|175/290\n|\n|upkeep\n|turn|13\n|inactive|MeciamoS has 120 seconds left.\n|\n|t:|1733780678\n|move|p2a: Golduck|Hydro Pump|p1a: Qwilfish\n|-damage|p1a: Qwilfish|0 fnt\n|faint|p1a: Qwilfish\n|-damage|p2a: Golduck|146/290|[from] item: Life Orb\n|\n|upkeep\n|\n|t:|1733780684\n|switch|p1a: Wugtrio|Wugtrio, L91, M|212/212\n|turn|14\n|\n|t:|1733780695\n|move|p1a: Wugtrio|Throat Chop|p2a: Golduck\n|-damage|p2a: Golduck|46/290\n|-start|p2a: Golduck|Throat Chop|[silent]\n|move|p2a: Golduck|Hydro Pump|p1a: Wugtrio\n|-resisted|p1a: Wugtrio\n|-damage|p1a: Wugtrio|34/212\n|-damage|p2a: Golduck|17/290|[from] item: Life Orb\n|\n|upkeep\n|turn|15\n|\n|t:|1733780703\n|move|p1a: Wugtrio|Throat Chop|p2a: Golduck\n|-damage|p2a: Golduck|0 fnt\n|faint|p2a: Golduck\n|\n|upkeep\n|\n|t:|1733780709\n|switch|p2a: Tauros|Tauros, L82, M|257/257\n|turn|16\n|\n|t:|1733780735\n|switch|p1a: Misdreavus|Misdreavus, L90, F|254/254\n|move|p2a: Tauros|Earthquake|p1a: Misdreavus\n|-immune|p1a: Misdreavus|[from] ability: Levitate\n|\n|upkeep\n|turn|17\n|\n|t:|1733780743\n|move|p2a: Tauros|Throat Chop|p1a: Misdreavus\n|-supereffective|p1a: Misdreavus\n|-damage|p1a: Misdreavus|93/254\n|move|p1a: Misdreavus|Will-O-Wisp|p2a: Tauros\n|-status|p2a: Tauros|brn\n|\n|-damage|p2a: Tauros|241/257 brn|[from] brn\n|upkeep\n|turn|18\n|\n|t:|1733780752\n|move|p2a: Tauros|Throat Chop|p1a: Misdreavus\n|-supereffective|p1a: Misdreavus\n|-damage|p1a: Misdreavus|19/254\n|move|p1a: Misdreavus|Draining Kiss|p2a: Tauros\n|-damage|p2a: Tauros|199/257 brn\n|-heal|p1a: Misdreavus|51/254|[from] drain|[of] p2a: Tauros\n|\n|-damage|p2a: Tauros|183/257 brn|[from] brn\n|upkeep\n|turn|19\n|\n|t:|1733780768\n|switch|p1a: Bombirdier|Bombirdier, L85, F|258/258\n|move|p2a: Tauros|Throat Chop|p1a: Bombirdier\n|-resisted|p1a: Bombirdier\n|-damage|p1a: Bombirdier|236/258\n|\n|-damage|p2a: Tauros|167/257 brn|[from] brn\n|upkeep\n|turn|20\n|\n|t:|1733780777\n|move|p2a: Tauros|Body Slam|p1a: Bombirdier\n|-damage|p1a: Bombirdier|162/258\n|move|p1a: Bombirdier|Stealth Rock|p2a: Tauros\n|-sidestart|p2: MeciamoS|move: Stealth Rock\n|\n|-damage|p2a: Tauros|151/257 brn|[from] brn\n|upkeep\n|turn|21\n|\n|t:|1733780797\n|move|p2a: Tauros|Body Slam|p1a: Bombirdier\n|-damage|p1a: Bombirdier|80/258\n|move|p1a: Bombirdier|Roost|p1a: Bombirdier\n|-heal|p1a: Bombirdier|209/258\n|-singleturn|p1a: Bombirdier|move: Roost\n|\n|-damage|p2a: Tauros|135/257 brn|[from] brn\n|upkeep\n|turn|22\n|\n|t:|1733780811\n|move|p2a: Tauros|Body Slam|p1a: Bombirdier\n|-damage|p1a: Bombirdier|134/258\n|move|p1a: Bombirdier|Brave Bird|p2a: Tauros\n|-damage|p2a: Tauros|0 fnt\n|faint|p2a: Tauros\n|-damage|p1a: Bombirdier|89/258|[from] Recoil\n|\n|upkeep\n|\n|t:|1733780821\n|switch|p2a: Minun|Minun, L95, F|18/268\n|-damage|p2a: Minun|0 fnt|[from] Stealth Rock\n|faint|p2a: Minun\n|inactive|MeciamoS has 120 seconds left.\n|\n|t:|1733780836\n|switch|p2a: Pelipper|Pelipper, L86, M|243/243\n|-weather|RainDance|[from] ability: Drizzle|[of] p2a: Pelipper\n|turn|23\n|\n|t:|1733780845\n|move|p1a: Bombirdier|Brave Bird|p2a: Pelipper\n|-damage|p2a: Pelipper|129/243\n|-damage|p1a: Bombirdier|51/258|[from] Recoil\n|move|p2a: Pelipper|Surf|p1a: Bombirdier\n|-damage|p1a: Bombirdier|0 fnt\n|faint|p1a: Bombirdier\n|\n|-weather|RainDance|[upkeep]\n|upkeep\n|\n|t:|1733780858\n|switch|p1a: Misdreavus|Misdreavus, L90, F|51/254\n|turn|24\n|\n|t:|1733780865\n|move|p1a: Misdreavus|Shadow Ball|p2a: Pelipper\n|-damage|p2a: Pelipper|26/243\n|move|p2a: Pelipper|Surf|p1a: Misdreavus\n|-damage|p1a: Misdreavus|0 fnt\n|faint|p1a: Misdreavus\n|\n|-weather|RainDance|[upkeep]\n|upkeep\n|\n|t:|1733780868\n|switch|p1a: Wugtrio|Wugtrio, L91, M|34/212\n|turn|25\n|inactive|MeciamoS has 120 seconds left.\n|\n|t:|1733780901\n|-terastallize|p2a: Pelipper|Water\n|move|p1a: Wugtrio|Throat Chop|p2a: Pelipper\n|-damage|p2a: Pelipper|0 fnt\n|faint|p2a: Pelipper\n|\n|win|ahhvs\n", "inputlog": ">version bfd83cad13791eb5a5a409923076391caf6fb4d4\n>start {\"formatid\":\"gen9randombattle\",\"seed\":[39621,50147,56852,20147],\"rated\":\"Rated battle\"}\n>player p1 {\"name\":\"ahhvs\",\"avatar\":\"silver\",\"rating\":1873,\"seed\":[7464,19739,17324,58848]}\n>player p2 {\"name\":\"MeciamoS\",\"avatar\":\"169\",\"rating\":1874,\"seed\":[32519,3213,47753,29757]}\n>p1 move voltswitch\n>p2 switch 3\n>p1 switch 2\n>p2 move nastyplot\n>p1 move sludgebomb\n>p2 move thunderbolt\n>p1 move sludgebomb\n>p2 move nastyplot\n>p1 move sludgebomb\n>p2 move thunderbolt\n>p1 move sludgebomb\n>p2 move thunderbolt\n>p1 switch 4\n>p1 move throatchop\n>p2 switch 4\n>p1 switch 2\n>p2 move dragondance\n>chat \u2606ahhvs|why do you take 5 years for every move\n>p1 move dazzlinggleam\n>p2 move earthquake\n>chat \u2606ahhvs|you fucking fatass\n>p2 switch 5\n>p1 switch 3\n>p2 move moonblast\n>p1 move gunkshot\n>p2 move psychic\n>p2 switch 2\n>p1 move gunkshot\n>p2 move nastyplot\n>p1 move gunkshot\n>p2 move hydropump\n>p1 switch 2\n>p1 move throatchop\n>p2 move hydropump\n>p1 move throatchop\n>p2 move hydropump\n>p2 switch 6\n>p1 switch 5\n>p2 move earthquake\n>p1 move willowisp\n>p2 move throatchop\n>p1 move drainingkiss\n>p2 move throatchop\n>p1 switch 6\n>p2 move throatchop\n>p1 move stealthrock\n>p2 move bodyslam\n>p1 move roost\n>p2 move bodyslam\n>p1 move bravebird\n>p2 move bodyslam\n>p2 switch 4\n>p2 switch 3\n>p1 move bravebird\n>p2 move surf\n>p1 switch 6\n>p1 move shadowball\n>p2 move surf\n>p1 switch 5\n>p1 move throatchop\n>p2 move hurricane terastallize", "uploadtime": 1733780602, "views": 1, "formatid": "gen9randombattle", "rating": null, "private": 0, "password": null}