{"id": "gen9randombattle-2260739936", "format": "[Gen 9] Random Battle", "players": ["89h589hg0h89", "AminitraboTTT"], "log": "|j|\u260689h589hg0h89\n|j|\u2606AminitraboTTT\n|t:|1733885287\n|gametype|singles\n|player|p1|89h589hg0h89|169|\n|player|p2|AminitraboTTT|supernerd|\n|teamsize|p1|6\n|teamsize|p2|6\n|gen|9\n|tier|[Gen 9] Random Battle\n|rule|Species Clause: Limit one of each Pok\u00e9mon\n|rule|HP Percentage Mod: HP is shown in percentages\n|rule|Sleep Clause Mod: Limit one foe put to sleep\n|rule|Illusion Level Mod: Illusion disguises the Pok\u00e9mon's true level\n|\n|t:|1733885287\n|start\n|switch|p1a: Skuntank|Skuntank, L84, F|310/310\n|switch|p2a: Houndoom|Houndoom, L87, M|272/272\n|turn|1\n|c|\u2606AminitraboTTT|Hola, soy AminitraboTTT, el bot de la sala Espa\u00f1ol. gl hf\n|inactive|Battle timer is ON: inactive players will automatically lose when time's up. (requested by AminitraboTTT)\n|\n|t:|1733885299\n|switch|p1a: Camerupt|Camerupt, L91, M|275/275\n|move|p2a: Houndoom|Fire Blast|p1a: Camerupt\n|-resisted|p1a: Camerupt\n|-damage|p1a: Camerupt|209/275\n|\n|-heal|p1a: Camerupt|226/275|[from] item: Leftovers\n|upkeep\n|turn|2\n|\n|t:|1733885302\n|-terastallize|p2a: Houndoom|Dark\n|move|p2a: Houndoom|Dark Pulse|p1a: Camerupt\n|-damage|p1a: Camerupt|76/275\n|move|p1a: Camerupt|Stealth Rock|p2a: Houndoom\n|-sidestart|p2: AminitraboTTT|move: Stealth Rock\n|\n|-heal|p1a: Camerupt|93/275|[from] item: Leftovers\n|upkeep\n|turn|3\n|\n|t:|1733885305\n|move|p2a: Houndoom|Dark Pulse|p1a: Camerupt\n|-damage|p1a: Camerupt|0 fnt\n|faint|p1a: Camerupt\n|\n|upkeep\n|\n|t:|1733885310\n|switch|p1a: Haxorus|Haxorus, L77, M|244/244\n|-ability|p1a: Haxorus|Mold Breaker\n|turn|4\n|\n|t:|1733885311\n|move|p2a: Houndoom|Dark Pulse|p1a: Haxorus\n|-damage|p1a: Haxorus|80/244\n|move|p1a: Haxorus|Scale Shot|p2a: Houndoom\n|-damage|p2a: Houndoom|226/272\n|-damage|p2a: Houndoom|178/272\n|-damage|p2a: Houndoom|132/272\n|-damage|p2a: Houndoom|90/272\n|-hitcount|p2a: Houndoom|4\n|-unboost|p1a: Haxorus|def|1\n|-boost|p1a: Haxorus|spe|1\n|\n|upkeep\n|turn|5\n|\n|t:|1733885312\n|move|p1a: Haxorus|Close Combat|p2a: Houndoom\n|-supereffective|p2a: Houndoom\n|-damage|p2a: Houndoom|0 fnt\n|-unboost|p1a: Haxorus|def|1\n|-unboost|p1a: Haxorus|spd|1\n|faint|p2a: Houndoom\n|\n|upkeep\n|\n|t:|1733885313\n|switch|p2a: Cryogonal|Cryogonal, L89|287/287\n|turn|6\n|\n|t:|1733885314\n|move|p1a: Haxorus|Close Combat|p2a: Cryogonal\n|-supereffective|p2a: Cryogonal\n|-damage|p2a: Cryogonal|33/287\n|-unboost|p1a: Haxorus|def|1\n|-unboost|p1a: Haxorus|spd|1\n|move|p2a: Cryogonal|Rapid Spin|p1a: Haxorus\n|-damage|p1a: Haxorus|16/244\n|-boost|p2a: Cryogonal|spe|1\n|-sideend|p2: AminitraboTTT|Stealth Rock|[from] move: Rapid Spin|[of] p2a: Cryogonal\n|\n|upkeep\n|turn|7\n|\n|t:|1733885316\n|move|p2a: Cryogonal|Tera Blast|p1a: Haxorus\n|-damage|p1a: Haxorus|0 fnt\n|faint|p1a: Haxorus\n|\n|upkeep\n|\n|t:|1733885318\n|switch|p1a: Electrode|Electrode, L92|260/260\n|turn|8\n|\n|t:|1733885320\n|switch|p2a: Sunflora|Sunflora, M|312/312\n|move|p1a: Electrode|Thunderbolt|p2a: Sunflora\n|-resisted|p2a: Sunflora\n|-damage|p2a: Sunflora|261/312\n|-damage|p1a: Electrode|234/260|[from] item: Life Orb\n|\n|upkeep\n|turn|9\n|\n|t:|1733885323\n|move|p1a: Electrode|Volt Switch|p2a: Sunflora\n|-resisted|p2a: Sunflora\n|-damage|p2a: Sunflora|218/312\n|-damage|p1a: Electrode|208/260|[from] item: Life Orb\n|\n|t:|1733885324\n|switch|p1a: Decidueye|Decidueye-Hisui, L87, M|295/295|[from] Volt Switch\n|move|p2a: Sunflora|Sunny Day|p2a: Sunflora\n|-weather|SunnyDay\n|\n|-weather|SunnyDay|[upkeep]\n|upkeep\n|turn|10\n|\n|t:|1733885333\n|switch|p2a: Annihilape|Annihilape, L76, F|292/292\n|switch|p1a: Toucannon|Toucannon, L88, M|284/284\n|\n|-weather|SunnyDay|[upkeep]\n|upkeep\n|turn|11\n|\n|t:|1733885336\n|switch|p2a: Dusknoir|Dusknoir, L89, F|225/225\n|-item|p1a: Toucannon|Heavy-Duty Boots|[from] ability: Frisk|[of] p2a: Dusknoir\n|-singleturn|p1a: Toucannon|move: Beak Blast\n|move|p1a: Toucannon|Beak Blast|p2a: Dusknoir\n|-damage|p2a: Dusknoir|132/225\n|\n|-weather|SunnyDay|[upkeep]\n|-heal|p2a: Dusknoir|146/225|[from] item: Leftovers\n|upkeep\n|turn|12\n|\n|t:|1733885338\n|-singleturn|p1a: Toucannon|move: Beak Blast\n|move|p2a: Dusknoir|Substitute|p2a: Dusknoir\n|-start|p2a: Dusknoir|Substitute\n|-damage|p2a: Dusknoir|90/225\n|move|p1a: Toucannon|Beak Blast|p2a: Dusknoir\n|-end|p2a: Dusknoir|Substitute\n|\n|-weather|SunnyDay|[upkeep]\n|-heal|p2a: Dusknoir|104/225|[from] item: Leftovers\n|upkeep\n|turn|13\n|\n|t:|1733885339\n|-singleturn|p1a: Toucannon|move: Beak Blast\n|move|p2a: Dusknoir|Pain Split|p1a: Toucannon\n|-sethp|p1a: Toucannon|194/284|[from] move: Pain Split|[silent]\n|-sethp|p2a: Dusknoir|194/225|[from] move: Pain Split\n|move|p1a: Toucannon|Beak Blast|p2a: Dusknoir\n|-damage|p2a: Dusknoir|98/225\n|\n|-weather|none\n|-heal|p2a: Dusknoir|112/225|[from] item: Leftovers\n|upkeep\n|turn|14\n|\n|t:|1733885340\n|-singleturn|p1a: Toucannon|move: Beak Blast\n|-singleturn|p2a: Dusknoir|move: Focus Punch\n|move|p1a: Toucannon|Beak Blast|p2a: Dusknoir\n|-damage|p2a: Dusknoir|10/225\n|cant|p2a: Dusknoir|Focus Punch|Focus Punch\n|\n|-heal|p2a: Dusknoir|24/225|[from] item: Leftovers\n|upkeep\n|turn|15\n|\n|t:|1733885341\n|-singleturn|p1a: Toucannon|move: Beak Blast\n|move|p2a: Dusknoir|Pain Split|p1a: Toucannon\n|-sethp|p1a: Toucannon|109/284|[from] move: Pain Split|[silent]\n|-sethp|p2a: Dusknoir|109/225|[from] move: Pain Split\n|move|p1a: Toucannon|Beak Blast|p2a: Dusknoir\n|-damage|p2a: Dusknoir|16/225\n|\n|-heal|p2a: Dusknoir|30/225|[from] item: Leftovers\n|upkeep\n|turn|16\n|\n|t:|1733885346\n|-singleturn|p1a: Toucannon|move: Beak Blast\n|move|p2a: Dusknoir|Pain Split|p1a: Toucannon\n|-sethp|p1a: Toucannon|69/284|[from] move: Pain Split|[silent]\n|-sethp|p2a: Dusknoir|69/225|[from] move: Pain Split\n|move|p1a: Toucannon|Beak Blast|p2a: Dusknoir\n|-damage|p2a: Dusknoir|0 fnt\n|faint|p2a: Dusknoir\n|\n|upkeep\n|\n|t:|1733885346\n|switch|p2a: Cryogonal|Cryogonal, L89|33/287\n|turn|17\n|\n|t:|1733885349\n|switch|p1a: Electrode|Electrode, L92|208/260\n|move|p2a: Cryogonal|Ice Beam|p1a: Electrode\n|-damage|p1a: Electrode|114/260\n|\n|upkeep\n|turn|18\n|\n|t:|1733885352\n|switch|p2a: Sunflora|Sunflora, M|218/312\n|-terastallize|p1a: Electrode|Ice\n|move|p1a: Electrode|Tera Blast|p2a: Sunflora|[anim] Tera Blast Ice\n|-supereffective|p2a: Sunflora\n|-damage|p2a: Sunflora|15/312\n|-damage|p1a: Electrode|88/260|[from] item: Life Orb\n|\n|upkeep\n|turn|19\n|\n|t:|1733885354\n|move|p1a: Electrode|Thunderbolt|p2a: Sunflora\n|-resisted|p2a: Sunflora\n|-damage|p2a: Sunflora|0 fnt\n|faint|p2a: Sunflora\n|-damage|p1a: Electrode|62/260|[from] item: Life Orb\n|\n|upkeep\n|\n|t:|1733885354\n|switch|p2a: Cryogonal|Cryogonal, L89|33/287\n|turn|20\n|\n|t:|1733885355\n|move|p1a: Electrode|Thunderbolt|p2a: Cryogonal\n|-damage|p2a: Cryogonal|0 fnt\n|faint|p2a: Cryogonal\n|-damage|p1a: Electrode|36/260|[from] item: Life Orb\n|\n|upkeep\n|\n|t:|1733885355\n|switch|p2a: Annihilape|Annihilape, L76, F|292/292\n|turn|21\n|\n|t:|1733885361\n|move|p1a: Electrode|Taunt|p2a: Annihilape\n|-start|p2a: Annihilape|move: Taunt\n|move|p2a: Annihilape|Rage Fist|p1a: Electrode\n|-damage|p1a: Electrode|0 fnt\n|faint|p1a: Electrode\n|\n|upkeep\n|\n|t:|1733885363\n|switch|p1a: Toucannon|Toucannon, L88, M|69/284\n|turn|22\n|\n|t:|1733885365\n|-singleturn|p1a: Toucannon|move: Beak Blast\n|move|p2a: Annihilape|Drain Punch|p1a: Toucannon\n|-damage|p1a: Toucannon|0 fnt\n|-status|p2a: Annihilape|brn\n|faint|p1a: Toucannon\n|\n|-damage|p2a: Annihilape|274/292 brn|[from] brn\n|upkeep\n|\n|t:|1733885366\n|switch|p1a: Skuntank|Skuntank, L84, F|310/310\n|turn|23\n|\n|t:|1733885368\n|move|p1a: Skuntank|Knock Off|p2a: Annihilape\n|-damage|p2a: Annihilape|148/292 brn\n|-enditem|p2a: Annihilape|Leftovers|[from] move: Knock Off|[of] p1a: Skuntank\n|move|p2a: Annihilape|Drain Punch|p1a: Skuntank\n|-damage|p1a: Skuntank|268/310\n|-heal|p2a: Annihilape|169/292 brn|[from] drain|[of] p1a: Skuntank\n|\n|-damage|p2a: Annihilape|151/292 brn|[from] brn\n|-end|p2a: Annihilape|move: Taunt\n|upkeep\n|turn|24\n|\n|t:|1733885374\n|move|p1a: Skuntank|Knock Off|p2a: Annihilape\n|-damage|p2a: Annihilape|79/292 brn\n|move|p2a: Annihilape|Rage Fist|p1a: Skuntank\n|-resisted|p1a: Skuntank\n|-damage|p1a: Skuntank|226/310\n|\n|-damage|p2a: Annihilape|61/292 brn|[from] brn\n|upkeep\n|turn|25\n|\n|t:|1733885375\n|move|p1a: Skuntank|Knock Off|p2a: Annihilape\n|-damage|p2a: Annihilape|0 fnt\n|faint|p2a: Annihilape\n|\n|upkeep\n|\n|t:|1733885375\n|switch|p2a: Hypno|Hypno, L95, F|315/315\n|turn|26\n|\n|t:|1733885377\n|move|p2a: Hypno|Protect|p2a: Hypno\n|-singleturn|p2a: Hypno|Protect\n|move|p1a: Skuntank|Knock Off|p2a: Hypno\n|-activate|p2a: Hypno|move: Protect\n|\n|upkeep\n|turn|27\n|\n|t:|1733885379\n|move|p1a: Skuntank|Knock Off|p2a: Hypno\n|-supereffective|p2a: Hypno\n|-damage|p2a: Hypno|99/315\n|-enditem|p2a: Hypno|Leftovers|[from] move: Knock Off|[of] p1a: Skuntank\n|move|p2a: Hypno|Focus Blast|p1a: Skuntank\n|-damage|p1a: Skuntank|104/310\n|\n|upkeep\n|turn|28\n|\n|t:|1733885381\n|move|p2a: Hypno|Protect|p2a: Hypno\n|-singleturn|p2a: Hypno|Protect\n|move|p1a: Skuntank|Knock Off|p2a: Hypno\n|-activate|p2a: Hypno|move: Protect\n|\n|upkeep\n|turn|29\n|\n|t:|1733885381\n|move|p1a: Skuntank|Knock Off|p2a: Hypno\n|-supereffective|p2a: Hypno\n|-damage|p2a: Hypno|0 fnt\n|faint|p2a: Hypno\n|\n|win|89h589hg0h89\n|c|\u2606AminitraboTTT|:(\n|l|\u2606AminitraboTTT\n|player|p2|\n|c|\u260689h589hg0h89|/log 89h589hg0h89 made this room public.\n", "inputlog": ">version bfd83cad13791eb5a5a409923076391caf6fb4d4\n>start {\"formatid\":\"gen9randombattle\",\"seed\":[54210,57542,18243,55696]}\n>player p1 {\"name\":\"89h589hg0h89\",\"avatar\":\"169\",\"rating\":0,\"seed\":[18186,36320,27779,5395]}\n>player p2 {\"name\":\"AminitraboTTT\",\"avatar\":\"supernerd\",\"rating\":0,\"seed\":[60149,36173,38515,26678]}\n>chat \u2606AminitraboTTT|Hola, soy AminitraboTTT, el bot de la sala Espa\u00f1ol. gl hf\n>p1 switch 6\n>p2 move fireblast\n>p1 move stealthrock\n>p2 move darkpulse terastallize\n>p1 move roar\n>p2 move darkpulse\n>p1 switch 2\n>p1 move scaleshot\n>p2 move darkpulse\n>p1 move closecombat\n>p2 move sludgebomb\n>p2 switch 2\n>p1 move closecombat\n>p2 move rapidspin\n>p1 move closecombat\n>p2 move terablast\n>p1 switch 4\n>p1 move thunderbolt\n>p2 switch 6\n>p1 move voltswitch\n>p2 move sunnyday\n>p1 switch 5\n>p1 switch 3\n>p2 switch 5\n>p1 move beakblast\n>p2 switch 4\n>p1 move beakblast\n>p2 move substitute\n>p1 move beakblast\n>p2 move painsplit\n>p1 move beakblast\n>p2 move focuspunch\n>p1 move beakblast\n>p2 move painsplit\n>p1 move beakblast\n>p2 move painsplit\n>p2 switch 6\n>p1 switch 5\n>p2 move icebeam\n>p1 move terablast terastallize\n>p2 switch 5\n>p1 move thunderbolt\n>p2 move solarbeam\n>p2 switch 5\n>p1 move thunderbolt\n>p2 move rapidspin\n>p2 switch 4\n>p1 move taunt\n>p2 move ragefist\n>p1 switch 5\n>p1 move beakblast\n>p2 move drainpunch\n>p1 switch 6\n>p1 move knockoff\n>p2 move drainpunch\n>p1 move knockoff\n>p2 move ragefist\n>p1 move knockoff\n>p2 move ragefist\n>p2 switch 3\n>p1 move knockoff\n>p2 move protect\n>p1 move knockoff\n>p2 move focusblast\n>p1 move knockoff\n>p2 move protect\n>p1 move knockoff\n>p2 move focusblast", "uploadtime": 1733885386, "views": 7, "formatid": "gen9randombattle", "rating": null, "private": 0, "password": null}