{"id": "gen9randombattle-2260676739", "format": "[Gen 9] Random Battle", "players": ["ixxscisix", "Wafeeer"], "log": "|j|\u2606ixxscisix\n|j|\u2606Wafeeer\n|t:|1733877159\n|gametype|singles\n|player|p1|ixxscisix|102|1277\n|player|p2|Wafeeer|266|1232\n|teamsize|p1|6\n|teamsize|p2|6\n|gen|9\n|tier|[Gen 9] Random Battle\n|rated|\n|rule|Species Clause: Limit one of each Pok\u00e9mon\n|rule|HP Percentage Mod: HP is shown in percentages\n|rule|Sleep Clause Mod: Limit one foe put to sleep\n|rule|Illusion Level Mod: Illusion disguises the Pok\u00e9mon's true level\n|\n|t:|1733877159\n|start\n|switch|p1a: Hawlucha|Hawlucha, L80, M|256/256\n|switch|p2a: Golurk|Golurk, L87|297/297\n|turn|1\n|inactive|Battle timer is ON: inactive players will automatically lose when time's up. (requested by ixxscisix)\n|\n|t:|1733877192\n|move|p1a: Hawlucha|Brave Bird|p2a: Golurk\n|-damage|p2a: Golurk|182/297\n|-damage|p1a: Hawlucha|218/256|[from] Recoil\n|move|p2a: Golurk|Dynamic Punch|p1a: Hawlucha\n|-resisted|p1a: Hawlucha\n|-damage|p1a: Hawlucha|137/256\n|-start|p1a: Hawlucha|confusion\n|\n|upkeep\n|turn|2\n|\n|t:|1733877206\n|-activate|p1a: Hawlucha|confusion\n|move|p1a: Hawlucha|Brave Bird|p2a: Golurk\n|-damage|p2a: Golurk|74/297\n|-damage|p1a: Hawlucha|101/256|[from] Recoil\n|move|p2a: Golurk|Dynamic Punch|p1a: Hawlucha\n|-resisted|p1a: Hawlucha\n|-damage|p1a: Hawlucha|20/256\n|\n|upkeep\n|turn|3\n|\n|t:|1733877235\n|-end|p1a: Hawlucha|confusion\n|move|p1a: Hawlucha|Brave Bird|p2a: Golurk\n|-damage|p2a: Golurk|0 fnt\n|faint|p2a: Golurk\n|-damage|p1a: Hawlucha|0 fnt|[from] Recoil\n|faint|p1a: Hawlucha\n|\n|upkeep\n|\n|t:|1733877242\n|switch|p1a: Dragonite|Dragonite, L74, M|257/257\n|switch|p2a: Grimmsnarl|Grimmsnarl, L83, M|293/293\n|turn|4\n|\n|t:|1733877253\n|-terastallize|p1a: Dragonite|Flying\n|move|p2a: Grimmsnarl|Reflect|p2a: Grimmsnarl\n|-sidestart|p2: Wafeeer|Reflect\n|move|p1a: Dragonite|Dragon Dance|p1a: Dragonite\n|-boost|p1a: Dragonite|atk|1\n|-boost|p1a: Dragonite|spe|1\n|\n|upkeep\n|turn|5\n|\n|t:|1733877258\n|move|p2a: Grimmsnarl|Parting Shot|p1a: Dragonite\n|-unboost|p1a: Dragonite|atk|1\n|-unboost|p1a: Dragonite|spa|1\n|\n|t:|1733877280\n|switch|p2a: Electrode|Electrode-Hisui, L87|246/246|[from] Parting Shot\n|move|p1a: Dragonite|Dragon Dance|p1a: Dragonite\n|-boost|p1a: Dragonite|atk|1\n|-boost|p1a: Dragonite|spe|1\n|\n|upkeep\n|turn|6\n|\n|t:|1733877292\n|move|p1a: Dragonite|Earthquake|p2a: Electrode\n|-damage|p2a: Electrode|182/246\n|move|p2a: Electrode|Thunderbolt|p1a: Dragonite\n|-supereffective|p1a: Dragonite\n|-damage|p1a: Dragonite|158/257\n|\n|-heal|p2a: Electrode|197/246|[from] item: Leftovers\n|upkeep\n|turn|7\n|\n|t:|1733877302\n|switch|p1a: Spidops|Spidops, L96, F|271/271\n|move|p2a: Electrode|Leech Seed|p1a: Spidops|[miss]\n|-miss|p2a: Electrode|p1a: Spidops\n|\n|-heal|p2a: Electrode|212/246|[from] item: Leftovers\n|upkeep\n|turn|8\n|\n|t:|1733877323\n|move|p2a: Electrode|Substitute|p2a: Electrode\n|-start|p2a: Electrode|Substitute\n|-damage|p2a: Electrode|151/246\n|move|p1a: Spidops|Sticky Web|p2a: Electrode\n|-sidestart|p2: Wafeeer|move: Sticky Web\n|\n|-heal|p2a: Electrode|166/246|[from] item: Leftovers\n|upkeep\n|turn|9\n|\n|t:|1733877331\n|move|p2a: Electrode|Leech Seed|p1a: Spidops\n|-start|p1a: Spidops|move: Leech Seed\n|move|p1a: Spidops|Toxic Spikes|p2a: Electrode\n|-sidestart|p2: Wafeeer|move: Toxic Spikes\n|\n|-heal|p2a: Electrode|181/246|[from] item: Leftovers\n|-damage|p1a: Spidops|238/271|[from] Leech Seed|[of] p2a: Electrode\n|-heal|p2a: Electrode|214/246|[silent]\n|upkeep\n|turn|10\n|\n|t:|1733877340\n|move|p2a: Electrode|Thunderbolt|p1a: Spidops\n|-damage|p1a: Spidops|154/271\n|move|p1a: Spidops|Toxic Spikes|p2a: Electrode\n|-sidestart|p2: Wafeeer|move: Toxic Spikes\n|\n|-heal|p2a: Electrode|229/246|[from] item: Leftovers\n|-damage|p1a: Spidops|121/271|[from] Leech Seed|[of] p2a: Electrode\n|-heal|p2a: Electrode|246/246|[silent]\n|upkeep\n|turn|11\n|\n|t:|1733877344\n|move|p2a: Electrode|Thunderbolt|p1a: Spidops\n|-damage|p1a: Spidops|42/271\n|move|p1a: Spidops|Toxic Spikes||[still]\n|-fail|p1a: Spidops\n|\n|-damage|p1a: Spidops|9/271|[from] Leech Seed|[of] p2a: Electrode\n|-sideend|p2: Wafeeer|Reflect\n|upkeep\n|turn|12\n|\n|t:|1733877351\n|move|p2a: Electrode|Thunderbolt|p1a: Spidops\n|-damage|p1a: Spidops|0 fnt\n|faint|p1a: Spidops\n|\n|upkeep\n|\n|t:|1733877360\n|switch|p1a: Incineroar|Incineroar, L82, M|290/290\n|-ability|p1a: Incineroar|Intimidate|boost\n|-immune|p2a: Electrode\n|turn|13\n|\n|t:|1733877368\n|move|p2a: Electrode|Leech Seed|p1a: Incineroar\n|-start|p1a: Incineroar|move: Leech Seed\n|move|p1a: Incineroar|Earthquake|p2a: Electrode\n|-end|p2a: Electrode|Substitute\n|\n|-damage|p1a: Incineroar|254/290|[from] Leech Seed|[of] p2a: Electrode\n|upkeep\n|turn|14\n|\n|t:|1733877373\n|move|p2a: Electrode|Substitute|p2a: Electrode\n|-start|p2a: Electrode|Substitute\n|-damage|p2a: Electrode|185/246\n|move|p1a: Incineroar|Earthquake|p2a: Electrode\n|-end|p2a: Electrode|Substitute\n|\n|-heal|p2a: Electrode|200/246|[from] item: Leftovers\n|-damage|p1a: Incineroar|218/290|[from] Leech Seed|[of] p2a: Electrode\n|-heal|p2a: Electrode|236/246|[silent]\n|upkeep\n|turn|15\n|\n|t:|1733877395\n|move|p2a: Electrode|Substitute|p2a: Electrode\n|-start|p2a: Electrode|Substitute\n|-damage|p2a: Electrode|175/246\n|move|p1a: Incineroar|Earthquake|p2a: Electrode\n|-end|p2a: Electrode|Substitute\n|\n|-heal|p2a: Electrode|190/246|[from] item: Leftovers\n|-damage|p1a: Incineroar|182/290|[from] Leech Seed|[of] p2a: Electrode\n|-heal|p2a: Electrode|226/246|[silent]\n|upkeep\n|turn|16\n|inactive|Wafeeer has 120 seconds left.\n|\n|t:|1733877431\n|switch|p1a: Falinks|Falinks, L84|246/246\n|move|p2a: Electrode|Substitute|p2a: Electrode\n|-start|p2a: Electrode|Substitute\n|-damage|p2a: Electrode|165/246\n|\n|-heal|p2a: Electrode|180/246|[from] item: Leftovers\n|upkeep\n|turn|17\n|\n|t:|1733877440\n|move|p2a: Electrode|Leech Seed|p1a: Falinks\n|-start|p1a: Falinks|move: Leech Seed\n|move|p1a: Falinks|Iron Head|p2a: Electrode\n|-resisted|p2a: Electrode\n|-crit|p2a: Electrode\n|-end|p2a: Electrode|Substitute\n|-damage|p1a: Falinks|222/246|[from] item: Life Orb\n|\n|-heal|p2a: Electrode|195/246|[from] item: Leftovers\n|-damage|p1a: Falinks|192/246|[from] Leech Seed|[of] p2a: Electrode\n|-heal|p2a: Electrode|225/246|[silent]\n|upkeep\n|turn|18\n|inactive|Wafeeer has 90 seconds left.\n|\n|t:|1733877482\n|switch|p1a: Incineroar|Incineroar, L82, M|182/290\n|-ability|p1a: Incineroar|Intimidate|boost\n|-unboost|p2a: Electrode|atk|1\n|move|p2a: Electrode|Substitute|p2a: Electrode\n|-start|p2a: Electrode|Substitute\n|-damage|p2a: Electrode|164/246\n|\n|-heal|p2a: Electrode|179/246|[from] item: Leftovers\n|upkeep\n|turn|19\n|\n|t:|1733877485\n|move|p2a: Electrode|Leech Seed|p1a: Incineroar\n|-start|p1a: Incineroar|move: Leech Seed\n|move|p1a: Incineroar|Earthquake|p2a: Electrode\n|-end|p2a: Electrode|Substitute\n|\n|-heal|p2a: Electrode|194/246|[from] item: Leftovers\n|-damage|p1a: Incineroar|146/290|[from] Leech Seed|[of] p2a: Electrode\n|-heal|p2a: Electrode|230/246|[silent]\n|upkeep\n|turn|20\n|\n|t:|1733877488\n|switch|p1a: Falinks|Falinks, L84|192/246\n|move|p2a: Electrode|Substitute|p2a: Electrode\n|-start|p2a: Electrode|Substitute\n|-damage|p2a: Electrode|169/246\n|\n|-heal|p2a: Electrode|184/246|[from] item: Leftovers\n|upkeep\n|turn|21\n|\n|t:|1733877493\n|move|p2a: Electrode|Leech Seed|p1a: Falinks|[miss]\n|-miss|p2a: Electrode|p1a: Falinks\n|move|p1a: Falinks|Iron Head|p2a: Electrode\n|-resisted|p2a: Electrode\n|-activate|p2a: Electrode|move: Substitute|[damage]\n|-damage|p1a: Falinks|168/246|[from] item: Life Orb\n|\n|-heal|p2a: Electrode|199/246|[from] item: Leftovers\n|upkeep\n|turn|22\n|\n|t:|1733877503\n|move|p2a: Electrode|Giga Drain|p1a: Falinks\n|-damage|p1a: Falinks|78/246\n|-heal|p2a: Electrode|244/246|[from] drain|[of] p1a: Falinks\n|move|p1a: Falinks|Iron Head|p2a: Electrode\n|-resisted|p2a: Electrode\n|-end|p2a: Electrode|Substitute\n|-damage|p1a: Falinks|54/246|[from] item: Life Orb\n|\n|-heal|p2a: Electrode|246/246|[from] item: Leftovers\n|upkeep\n|turn|23\n|inactive|Wafeeer has 120 seconds left.\n|\n|t:|1733877541\n|move|p2a: Electrode|Substitute|p2a: Electrode\n|-start|p2a: Electrode|Substitute\n|-damage|p2a: Electrode|185/246\n|move|p1a: Falinks|Close Combat|p2a: Electrode\n|-end|p2a: Electrode|Substitute\n|-unboost|p1a: Falinks|def|1\n|-unboost|p1a: Falinks|spd|1\n|-damage|p1a: Falinks|30/246|[from] item: Life Orb\n|\n|-heal|p2a: Electrode|200/246|[from] item: Leftovers\n|upkeep\n|turn|24\n|\n|t:|1733877550\n|move|p2a: Electrode|Thunderbolt|p1a: Falinks\n|-damage|p1a: Falinks|0 fnt\n|faint|p1a: Falinks\n|\n|-heal|p2a: Electrode|215/246|[from] item: Leftovers\n|upkeep\n|\n|t:|1733877559\n|switch|p1a: Incineroar|Incineroar, L82, M|146/290\n|-ability|p1a: Incineroar|Intimidate|boost\n|-unboost|p2a: Electrode|atk|1\n|turn|25\n|inactive|Wafeeer has 90 seconds left.\n|\n|t:|1733877591\n|move|p2a: Electrode|Substitute|p2a: Electrode\n|-start|p2a: Electrode|Substitute\n|-damage|p2a: Electrode|154/246\n|move|p1a: Incineroar|Earthquake|p2a: Electrode\n|-end|p2a: Electrode|Substitute\n|\n|-heal|p2a: Electrode|169/246|[from] item: Leftovers\n|upkeep\n|turn|26\n|inactive|Wafeeer has 90 seconds left.\n|\n|t:|1733877596\n|move|p2a: Electrode|Leech Seed|p1a: Incineroar|[miss]\n|-miss|p2a: Electrode|p1a: Incineroar\n|move|p1a: Incineroar|Earthquake|p2a: Electrode\n|-damage|p2a: Electrode|81/246\n|\n|-heal|p2a: Electrode|96/246|[from] item: Leftovers\n|upkeep\n|turn|27\n|inactive|Wafeeer has 90 seconds left.\n|\n|t:|1733877623\n|move|p2a: Electrode|Leech Seed|p1a: Incineroar\n|-start|p1a: Incineroar|move: Leech Seed\n|move|p1a: Incineroar|Earthquake|p2a: Electrode\n|-damage|p2a: Electrode|5/246\n|\n|-heal|p2a: Electrode|20/246|[from] item: Leftovers\n|-damage|p1a: Incineroar|110/290|[from] Leech Seed|[of] p2a: Electrode\n|-heal|p2a: Electrode|56/246|[silent]\n|upkeep\n|turn|28\n|\n|t:|1733877628\n|move|p2a: Electrode|Thunderbolt|p1a: Incineroar\n|-damage|p1a: Incineroar|19/290\n|move|p1a: Incineroar|Earthquake|p2a: Electrode\n|-damage|p2a: Electrode|0 fnt\n|faint|p2a: Electrode\n|\n|upkeep\n|inactive|Wafeeer has 60 seconds left.\n|\n|t:|1733877675\n|switch|p2a: Metagross|Metagross, L79|256/256\n|-activate|p2a: Metagross|move: Sticky Web\n|-fail|p2a: Metagross|unboost|[from] ability: Clear Body|[of] p2a: Metagross\n|turn|29\n|\n|t:|1733877681\n|move|p1a: Incineroar|Earthquake|p2a: Metagross\n|-supereffective|p2a: Metagross\n|-damage|p2a: Metagross|132/256\n|-enditem|p2a: Metagross|Weakness Policy\n|-boost|p2a: Metagross|atk|2|[from] item: Weakness Policy\n|-boost|p2a: Metagross|spa|2|[from] item: Weakness Policy\n|move|p2a: Metagross|Agility|p2a: Metagross\n|-boost|p2a: Metagross|spe|2\n|\n|-damage|p1a: Incineroar|0 fnt|[from] Leech Seed|[of] p2a: Metagross\n|-heal|p2a: Metagross|151/256|[silent]\n|faint|p1a: Incineroar\n|upkeep\n|\n|t:|1733877695\n|switch|p1a: Barraskewda|Barraskewda, L81, F|231/231\n|turn|30\n|inactive|Wafeeer has 60 seconds left.\n|c|\u2606ixxscisix|wow\\\n|inactive|Wafeeer has 30 seconds left.\n|inactive|Wafeeer has 20 seconds left.\n|\n|t:|1733877746\n|move|p2a: Metagross|Psychic Fangs|p1a: Barraskewda\n|-damage|p1a: Barraskewda|0 fnt\n|faint|p1a: Barraskewda\n|\n|upkeep\n|inactive|Wafeeer has 25 seconds left this turn.\n|\n|t:|1733877750\n|switch|p1a: Dragonite|Dragonite, L74, M, tera:Flying|158/257\n|turn|31\n|inactive|Wafeeer has 30 seconds left.\n|inactive|Wafeeer has 20 seconds left.\n|\n|t:|1733877768\n|move|p2a: Metagross|Psychic Fangs|p1a: Dragonite\n|-damage|p1a: Dragonite|0 fnt\n|faint|p1a: Dragonite\n|\n|win|Wafeeer\n|inactive|Wafeeer has 25 seconds left this turn.\n|raw|ixxscisix's rating: 1277 &rarr; <strong>1249</strong><br />(-28 for losing)\n|raw|Wafeeer's rating: 1232 &rarr; <strong>1260</strong><br />(+28 for winning)\n|l|\u2606Wafeeer\n|player|p2|\n|c|\u2606ixxscisix|fucking pathtic\n", "inputlog": ">version bfd83cad13791eb5a5a409923076391caf6fb4d4\n>start {\"formatid\":\"gen9randombattle\",\"seed\":[19023,48857,12639,1622],\"rated\":\"Rated battle\"}\n>player p1 {\"name\":\"ixxscisix\",\"avatar\":\"102\",\"rating\":1277,\"seed\":[20169,17838,44585,18714]}\n>player p2 {\"name\":\"Wafeeer\",\"avatar\":\"266\",\"rating\":1232,\"seed\":[33448,5761,22320,37306]}\n>p1 move bravebird\n>p2 move dynamicpunch\n>p1 move bravebird\n>p2 move dynamicpunch\n>p1 move bravebird\n>p2 move dynamicpunch\n>p1 switch 5\n>p2 switch 2\n>p1 move dragondance terastallize\n>p2 move reflect\n>p1 move dragondance\n>p2 move partingshot\n>p2 switch 6\n>p1 move earthquake\n>p2 move thunderbolt\n>p1 switch 2\n>p2 move leechseed\n>p1 move stickyweb\n>p2 move substitute\n>p1 move toxicspikes\n>p2 move leechseed\n>p1 move toxicspikes\n>p2 move thunderbolt\n>p1 move toxicspikes\n>p2 move thunderbolt\n>p1 move knockoff\n>p2 move thunderbolt\n>p1 switch 3\n>p1 move earthquake\n>p2 move leechseed\n>p1 move earthquake\n>p2 move substitute\n>p1 move earthquake\n>p2 move substitute\n>p1 switch 4\n>p2 move substitute\n>p1 move ironhead\n>p2 move leechseed\n>p1 switch 4\n>p2 move substitute\n>p1 move earthquake\n>p2 move leechseed\n>p1 switch 4\n>p2 move substitute\n>p1 move ironhead\n>p2 move leechseed\n>p1 move ironhead\n>p2 move gigadrain\n>p1 move closecombat\n>p2 move substitute\n>p1 move closecombat\n>p2 move thunderbolt\n>p1 switch 4\n>p1 move earthquake\n>p2 move substitute\n>p1 move earthquake\n>p2 move leechseed\n>p1 move earthquake\n>p2 move leechseed\n>p1 move earthquake\n>p2 move thunderbolt\n>p2 switch 5\n>p1 move earthquake\n>p2 move agility\n>p1 switch 6\n>chat \u2606ixxscisix|wow\\\n>p1 move closecombat\n>p2 move psychicfangs\n>p1 switch 2\n>p1 move earthquake\n>p2 move psychicfangs", "uploadtime": 1733878131, "views": 1, "formatid": "gen9randombattle", "rating": 1249, "private": 0, "password": null}