{"id": "gen9randombattle-2260393734", "format": "[Gen 9] Random Battle", "players": ["mrsss_mrsss", "Beanatron"], "log": "|j|\u2606mrsss_mrsss\n|j|\u2606Beanatron\n|t:|1733847275\n|gametype|singles\n|player|p1|mrsss_mrsss|2|1253\n|player|p2|Beanatron|169|1276\n|teamsize|p1|6\n|teamsize|p2|6\n|gen|9\n|tier|[Gen 9] Random Battle\n|rated|\n|rule|Species Clause: Limit one of each Pok\u00e9mon\n|rule|HP Percentage Mod: HP is shown in percentages\n|rule|Sleep Clause Mod: Limit one foe put to sleep\n|rule|Illusion Level Mod: Illusion disguises the Pok\u00e9mon's true level\n|\n|t:|1733847275\n|start\n|switch|p1a: Iron Thorns|Iron Thorns, L83|302/302\n|switch|p2a: Pikachu|Pikachu-Unova, L93, M|216/216\n|turn|1\n|\n|t:|1733847293\n|move|p2a: Pikachu|Knock Off|p1a: Iron Thorns\n|-damage|p1a: Iron Thorns|213/302\n|-enditem|p1a: Iron Thorns|Heavy-Duty Boots|[from] move: Knock Off|[of] p2a: Pikachu\n|move|p1a: Iron Thorns|Spikes|p2a: Pikachu\n|-sidestart|p2: Beanatron|Spikes\n|\n|upkeep\n|turn|2\n|\n|t:|1733847319\n|switch|p2a: Venusaur|Venusaur, L84, M|272/272\n|-damage|p2a: Venusaur|238/272|[from] Spikes\n|move|p1a: Iron Thorns|Spikes|p2a: Venusaur\n|-sidestart|p2: Beanatron|Spikes\n|\n|-heal|p2a: Venusaur|255/272|[from] item: Leftovers\n|upkeep\n|turn|3\n|\n|t:|1733847335\n|-end|p1a: Iron Thorns|Quark Drive|[silent]\n|switch|p1a: Glastrier|Glastrier, L86|312/312\n|move|p2a: Venusaur|Leech Seed|p1a: Glastrier\n|-start|p1a: Glastrier|move: Leech Seed\n|\n|-heal|p2a: Venusaur|272/272|[from] item: Leftovers\n|-damage|p1a: Glastrier|273/312|[from] Leech Seed|[of] p2a: Venusaur\n|upkeep\n|turn|4\n|\n|t:|1733847352\n|move|p2a: Venusaur|Substitute|p2a: Venusaur\n|-start|p2a: Venusaur|Substitute\n|-damage|p2a: Venusaur|204/272\n|move|p1a: Glastrier|Icicle Crash|p2a: Venusaur|[miss]\n|-miss|p1a: Glastrier|p2a: Venusaur\n|\n|-heal|p2a: Venusaur|221/272|[from] item: Leftovers\n|-damage|p1a: Glastrier|234/312|[from] Leech Seed|[of] p2a: Venusaur\n|-heal|p2a: Venusaur|260/272|[silent]\n|upkeep\n|turn|5\n|\n|t:|1733847364\n|move|p2a: Venusaur|Sludge Bomb|p1a: Glastrier\n|-damage|p1a: Glastrier|159/312\n|move|p1a: Glastrier|Icicle Crash|p2a: Venusaur\n|-supereffective|p2a: Venusaur\n|-end|p2a: Venusaur|Substitute\n|\n|-heal|p2a: Venusaur|272/272|[from] item: Leftovers\n|-damage|p1a: Glastrier|120/312|[from] Leech Seed|[of] p2a: Venusaur\n|upkeep\n|turn|6\n|inactive|Battle timer is ON: inactive players will automatically lose when time's up. (requested by Beanatron)\n|\n|t:|1733847382\n|move|p2a: Venusaur|Substitute|p2a: Venusaur\n|-start|p2a: Venusaur|Substitute\n|-damage|p2a: Venusaur|204/272\n|move|p1a: Glastrier|Icicle Crash|p2a: Venusaur\n|-supereffective|p2a: Venusaur\n|-end|p2a: Venusaur|Substitute\n|\n|-heal|p2a: Venusaur|221/272|[from] item: Leftovers\n|-damage|p1a: Glastrier|81/312|[from] Leech Seed|[of] p2a: Venusaur\n|-heal|p2a: Venusaur|260/272|[silent]\n|upkeep\n|turn|7\n|-message|mrsss_mrsss forfeited.\n|\n|win|Beanatron\n|raw|mrsss_mrsss's rating: 1253 &rarr; <strong>1230</strong><br />(-23 for losing)\n|raw|Beanatron's rating: 1276 &rarr; <strong>1299</strong><br />(+23 for winning)\n|l|\u2606mrsss_mrsss\n|player|p1|\n", "inputlog": ">version bfd83cad13791eb5a5a409923076391caf6fb4d4\n>start {\"formatid\":\"gen9randombattle\",\"seed\":[10974,3072,58098,50861],\"rated\":\"Rated battle\"}\n>player p1 {\"name\":\"mrsss_mrsss\",\"avatar\":\"2\",\"rating\":1253,\"seed\":[38538,13708,29742,27313]}\n>player p2 {\"name\":\"Beanatron\",\"avatar\":\"169\",\"rating\":1276,\"seed\":[40359,20482,41815,23282]}\n>p1 move spikes\n>p2 move knockoff\n>p1 move spikes\n>p2 switch 2\n>p1 switch 5\n>p2 move leechseed\n>p1 move iciclecrash\n>p2 move substitute\n>p1 move iciclecrash\n>p2 move sludgebomb\n>p1 move iciclecrash\n>p2 move substitute\n>forcelose p1", "uploadtime": 1733847390, "views": 9, "formatid": "gen9randombattle", "rating": 1230, "private": 0, "password": null}