{"id": "gen9randombattle-2260712674", "format": "[Gen 9] Random Battle", "players": ["tmreyafue", "bopo bopo"], "log": "|j|\u2606tmreyafue\n|j|\u2606bopo bopo\n|t:|1733881714\n|gametype|singles\n|player|p1|tmreyafue|169|1441\n|player|p2|bopo bopo|hugh|1392\n|teamsize|p1|6\n|teamsize|p2|6\n|gen|9\n|tier|[Gen 9] Random Battle\n|rated|\n|rule|Species Clause: Limit one of each Pok\u00e9mon\n|rule|HP Percentage Mod: HP is shown in percentages\n|rule|Sleep Clause Mod: Limit one foe put to sleep\n|rule|Illusion Level Mod: Illusion disguises the Pok\u00e9mon's true level\n|\n|t:|1733881714\n|start\n|switch|p1a: Minior|Minior-Green, L79|224/224\n|switch|p2a: Heracross|Heracross, L80, F|259/259\n|-formechange|p1a: Minior|Minior-Meteor||[from] ability: Shields Down\n|turn|1\n|inactive|Battle timer is ON: inactive players will automatically lose when time's up. (requested by tmreyafue)\n|\n|t:|1733881735\n|switch|p2a: Vikavolt|Vikavolt, L83, F|263/263\n|move|p1a: Minior|Shell Smash|p1a: Minior\n|-unboost|p1a: Minior|def|1\n|-unboost|p1a: Minior|spd|1\n|-boost|p1a: Minior|atk|2\n|-boost|p1a: Minior|spa|2\n|-boost|p1a: Minior|spe|2\n|-enditem|p1a: Minior|White Herb\n|-clearnegativeboost|p1a: Minior|[silent]\n|\n|upkeep\n|turn|2\n|\n|t:|1733881745\n|move|p1a: Minior|Acrobatics|p2a: Vikavolt\n|-damage|p2a: Vikavolt|112/263\n|move|p2a: Vikavolt|Thunderbolt|p1a: Minior\n|-supereffective|p1a: Minior\n|-damage|p1a: Minior|0 fnt\n|faint|p1a: Minior\n|\n|upkeep\n|\n|t:|1733881765\n|switch|p1a: Ariados|Ariados, L95, M|287/287\n|turn|3\n|\n|t:|1733881780\n|move|p1a: Ariados|Sticky Web|p2a: Vikavolt\n|-sidestart|p2: bopo bopo|move: Sticky Web\n|move|p2a: Vikavolt|Sticky Web|p1a: Ariados\n|-sidestart|p1: tmreyafue|move: Sticky Web\n|\n|upkeep\n|turn|4\n|\n|t:|1733881794\n|switch|p2a: Typhlosion|Typhlosion, L84, F|267/267\n|-activate|p2a: Typhlosion|move: Sticky Web\n|-unboost|p2a: Typhlosion|spe|1\n|move|p1a: Ariados|Poison Jab|p2a: Typhlosion\n|-damage|p2a: Typhlosion|164/267\n|\n|upkeep\n|turn|5\n|\n|t:|1733881809\n|move|p2a: Typhlosion|Fire Blast|p1a: Ariados\n|-supereffective|p1a: Ariados\n|-damage|p1a: Ariados|0 fnt\n|faint|p1a: Ariados\n|\n|upkeep\n|\n|t:|1733881817\n|switch|p1a: Hitmontop|Hitmontop, L88, M|231/231\n|-activate|p1a: Hitmontop|move: Sticky Web\n|-unboost|p1a: Hitmontop|spe|1\n|-ability|p1a: Hitmontop|Intimidate|boost\n|-unboost|p2a: Typhlosion|atk|1\n|turn|6\n|\n|t:|1733881826\n|move|p2a: Typhlosion|Fire Blast|p1a: Hitmontop\n|-damage|p1a: Hitmontop|126/231\n|move|p1a: Hitmontop|Rapid Spin|p2a: Typhlosion\n|-damage|p2a: Typhlosion|123/267\n|-boost|p1a: Hitmontop|spe|1\n|-sideend|p1: tmreyafue|Sticky Web|[from] move: Rapid Spin|[of] p1a: Hitmontop\n|\n|upkeep\n|turn|7\n|\n|t:|1733881837\n|move|p1a: Hitmontop|Sucker Punch|p2a: Typhlosion\n|-damage|p2a: Typhlosion|60/267\n|move|p2a: Typhlosion|Fire Blast|p1a: Hitmontop\n|-damage|p1a: Hitmontop|29/231\n|\n|upkeep\n|turn|8\n|\n|t:|1733881872\n|switch|p1a: Entei|Entei, L78|307/307\n|switch|p2a: Vikavolt|Vikavolt, L83, F|112/263\n|\n|upkeep\n|turn|9\n|inactive|tmreyafue has 120 seconds left.\n|\n|t:|1733881890\n|move|p1a: Entei|Sacred Fire|p2a: Vikavolt\n|-supereffective|p2a: Vikavolt\n|-damage|p2a: Vikavolt|0 fnt\n|faint|p2a: Vikavolt\n|\n|upkeep\n|inactive|bopo bopo has 120 seconds left.\n|\n|t:|1733881911\n|switch|p2a: Cinderace|Cinderace, L77, F|249/249\n|-activate|p2a: Cinderace|move: Sticky Web\n|-unboost|p2a: Cinderace|spe|1\n|turn|10\n|\n|t:|1733881925\n|switch|p1a: Hitmontop|Hitmontop, L88, M|29/231\n|-ability|p1a: Hitmontop|Intimidate|boost\n|-unboost|p2a: Cinderace|atk|1\n|switch|p2a: Typhlosion|Typhlosion, L84, F|60/267\n|-activate|p2a: Typhlosion|move: Sticky Web\n|-unboost|p2a: Typhlosion|spe|1\n|\n|upkeep\n|turn|11\n|\n|t:|1733881936\n|move|p1a: Hitmontop|Sucker Punch|p2a: Typhlosion\n|-damage|p2a: Typhlosion|4/267\n|move|p2a: Typhlosion|Scorching Sands|p1a: Hitmontop\n|-damage|p1a: Hitmontop|0 fnt\n|faint|p1a: Hitmontop\n|\n|upkeep\n|inactive|tmreyafue has 120 seconds left.\n|\n|t:|1733881960\n|switch|p1a: Hawlucha|Hawlucha, L80, F|256/256\n|turn|12\n|inactive|bopo bopo has 120 seconds left.\n|\n|t:|1733881970\n|switch|p2a: Sableye|Sableye, L89, F|234/234\n|-activate|p2a: Sableye|move: Sticky Web\n|-unboost|p2a: Sableye|spe|1\n|move|p1a: Hawlucha|Swords Dance|p1a: Hawlucha\n|-boost|p1a: Hawlucha|atk|2\n|\n|upkeep\n|turn|13\n|\n|t:|1733881984\n|move|p2a: Sableye|Encore|p1a: Hawlucha\n|-start|p1a: Hawlucha|Encore\n|move|p1a: Hawlucha|Swords Dance|p1a: Hawlucha\n|-boost|p1a: Hawlucha|atk|2\n|\n|upkeep\n|turn|14\n|\n|t:|1733881998\n|switch|p1a: Entei|Entei, L78|307/307\n|move|p2a: Sableye|Will-O-Wisp|p1a: Entei\n|-immune|p1a: Entei\n|\n|upkeep\n|turn|15\n|inactive|tmreyafue has 120 seconds left.\n|\n|t:|1733882016\n|move|p1a: Entei|Sacred Fire|p2a: Sableye\n|-damage|p2a: Sableye|51/234\n|-status|p2a: Sableye|brn\n|move|p2a: Sableye|Knock Off|p1a: Entei\n|-damage|p1a: Entei|256/307\n|-enditem|p1a: Entei|Choice Band|[from] move: Knock Off|[of] p2a: Sableye\n|\n|-heal|p2a: Sableye|65/234 brn|[from] item: Leftovers\n|-damage|p2a: Sableye|51/234 brn|[from] brn\n|upkeep\n|turn|16\n|inactive|tmreyafue has 120 seconds left.\n|\n|t:|1733882035\n|move|p2a: Sableye|Recover|p2a: Sableye\n|-heal|p2a: Sableye|168/234 brn\n|move|p1a: Entei|Flare Blitz|p2a: Sableye\n|-damage|p2a: Sableye|44/234 brn\n|-damage|p1a: Entei|215/307|[from] Recoil\n|\n|-heal|p2a: Sableye|58/234 brn|[from] item: Leftovers\n|-damage|p2a: Sableye|44/234 brn|[from] brn\n|upkeep\n|turn|17\n|inactive|tmreyafue has 120 seconds left.\n|\n|t:|1733882046\n|move|p2a: Sableye|Recover|p2a: Sableye\n|-heal|p2a: Sableye|161/234 brn\n|move|p1a: Entei|Sacred Fire|p2a: Sableye\n|-damage|p2a: Sableye|43/234 brn\n|\n|-heal|p2a: Sableye|57/234 brn|[from] item: Leftovers\n|-damage|p2a: Sableye|43/234 brn|[from] brn\n|upkeep\n|turn|18\n|inactive|tmreyafue has 120 seconds left.\n|\n|t:|1733882058\n|move|p1a: Entei|Sacred Fire|p2a: Sableye|[miss]\n|-miss|p1a: Entei|p2a: Sableye\n|move|p2a: Sableye|Knock Off|p1a: Entei\n|-damage|p1a: Entei|180/307\n|\n|-heal|p2a: Sableye|57/234 brn|[from] item: Leftovers\n|-damage|p2a: Sableye|43/234 brn|[from] brn\n|upkeep\n|turn|19\n|inactive|tmreyafue has 120 seconds left.\n|\n|t:|1733882067\n|move|p2a: Sableye|Recover|p2a: Sableye\n|-heal|p2a: Sableye|160/234 brn\n|move|p1a: Entei|Sacred Fire|p2a: Sableye\n|-damage|p2a: Sableye|52/234 brn\n|\n|-heal|p2a: Sableye|66/234 brn|[from] item: Leftovers\n|-damage|p2a: Sableye|52/234 brn|[from] brn\n|upkeep\n|turn|20\n|\n|t:|1733882077\n|move|p2a: Sableye|Encore|p1a: Entei\n|-start|p1a: Entei|Encore\n|move|p1a: Entei|Sacred Fire|p2a: Sableye\n|-damage|p2a: Sableye|0 fnt\n|faint|p2a: Sableye\n|\n|upkeep\n|\n|t:|1733882102\n|switch|p2a: Cinderace|Cinderace, L77, F|249/249\n|-activate|p2a: Cinderace|move: Sticky Web\n|-unboost|p2a: Cinderace|spe|1\n|turn|21\n|\n|t:|1733882106\n|move|p1a: Entei|Sacred Fire|p2a: Cinderace\n|-resisted|p2a: Cinderace\n|-damage|p2a: Cinderace|179/249\n|move|p2a: Cinderace|Gunk Shot|p1a: Entei\n|-start|p2a: Cinderace|typechange|Poison|[from] ability: Libero\n|-damage|p1a: Entei|0 fnt\n|faint|p1a: Entei\n|\n|upkeep\n|inactive|tmreyafue has 120 seconds left.\n|\n|t:|1733882144\n|switch|p1a: Eelektross|Eelektross, L87, M|290/290\n|turn|22\n|\n|t:|1733882157\n|-terastallize|p1a: Eelektross|Steel\n|move|p2a: Cinderace|Gunk Shot|p1a: Eelektross\n|-immune|p1a: Eelektross\n|move|p1a: Eelektross|Discharge|p2a: Cinderace\n|-damage|p2a: Cinderace|56/249\n|\n|upkeep\n|turn|23\n|\n|t:|1733882167\n|switch|p2a: Typhlosion|Typhlosion, L84, F|4/267\n|-activate|p2a: Typhlosion|move: Sticky Web\n|-unboost|p2a: Typhlosion|spe|1\n|move|p1a: Eelektross|Discharge|p2a: Typhlosion\n|-damage|p2a: Typhlosion|0 fnt\n|faint|p2a: Typhlosion\n|\n|upkeep\n|\n|t:|1733882173\n|switch|p2a: Cinderace|Cinderace, L77, F|56/249\n|-activate|p2a: Cinderace|move: Sticky Web\n|-unboost|p2a: Cinderace|spe|1\n|turn|24\n|\n|t:|1733882189\n|move|p2a: Cinderace|High Jump Kick|p1a: Eelektross\n|-start|p2a: Cinderace|typechange|Fighting|[from] ability: Libero\n|-supereffective|p1a: Eelektross\n|-damage|p1a: Eelektross|0 fnt\n|faint|p1a: Eelektross\n|\n|upkeep\n|\n|t:|1733882196\n|switch|p1a: Hawlucha|Hawlucha, L80, F|256/256\n|turn|25\n|\n|t:|1733882203\n|move|p1a: Hawlucha|Swords Dance|p1a: Hawlucha\n|-boost|p1a: Hawlucha|atk|2\n|move|p2a: Cinderace|High Jump Kick|p1a: Hawlucha\n|-resisted|p1a: Hawlucha\n|-damage|p1a: Hawlucha|136/256\n|\n|upkeep\n|turn|26\n|\n|t:|1733882210\n|move|p1a: Hawlucha|Close Combat|p2a: Cinderace\n|-damage|p2a: Cinderace|0 fnt\n|-unboost|p1a: Hawlucha|def|1\n|-unboost|p1a: Hawlucha|spd|1\n|-enditem|p1a: Hawlucha|White Herb\n|-clearnegativeboost|p1a: Hawlucha|[silent]\n|faint|p2a: Cinderace\n|\n|upkeep\n|\n|t:|1733882215\n|switch|p2a: Darkrai|Darkrai, L77|234/234\n|-activate|p2a: Darkrai|move: Sticky Web\n|-unboost|p2a: Darkrai|spe|1\n|turn|27\n|\n|t:|1733882227\n|-terastallize|p2a: Darkrai|Poison\n|move|p1a: Hawlucha|Brave Bird|p2a: Darkrai\n|-damage|p2a: Darkrai|0 fnt\n|faint|p2a: Darkrai\n|-damage|p1a: Hawlucha|59/256|[from] Recoil\n|\n|upkeep\n|\n|t:|1733882234\n|switch|p2a: Heracross|Heracross, L80, F|259/259\n|-activate|p2a: Heracross|move: Sticky Web\n|-unboost|p2a: Heracross|spe|1\n|turn|28\n|\n|t:|1733882244\n|move|p1a: Hawlucha|Brave Bird|p2a: Heracross\n|-supereffective|p2a: Heracross\n|-damage|p2a: Heracross|0 fnt\n|faint|p2a: Heracross\n|-damage|p1a: Hawlucha|0 fnt|[from] Recoil\n|faint|p1a: Hawlucha\n|\n|win|tmreyafue\n|raw|tmreyafue's rating: 1441 &rarr; <strong>1458</strong><br />(+17 for winning)\n|raw|bopo bopo's rating: 1392 &rarr; <strong>1375</strong><br />(-17 for losing)\n|l|\u2606bopo bopo\n|player|p2|\n|c|\u2606tmreyafue|Gg\n", "inputlog": ">version bfd83cad13791eb5a5a409923076391caf6fb4d4\n>start {\"formatid\":\"gen9randombattle\",\"seed\":[54548,53423,4499,54804],\"rated\":\"Rated battle\"}\n>player p1 {\"name\":\"tmreyafue\",\"avatar\":\"169\",\"rating\":1441,\"seed\":[15493,5751,29973,35749]}\n>player p2 {\"name\":\"bopo bopo\",\"avatar\":\"hugh\",\"rating\":1392,\"seed\":[26467,60591,26649,20093]}\n>p1 move shellsmash\n>p2 switch 6\n>p1 move acrobatics\n>p2 move thunderbolt\n>p1 switch 4\n>p1 move stickyweb\n>p2 move stickyweb\n>p1 move poisonjab\n>p2 switch 2\n>p1 move poisonjab\n>p2 move fireblast\n>p1 switch 5\n>p1 move rapidspin\n>p2 move fireblast\n>p1 move suckerpunch\n>p2 move fireblast\n>p1 switch 6\n>p2 switch 2\n>p1 move sacredfire\n>p2 move stickyweb\n>p2 switch 3\n>p1 switch 6\n>p2 switch 2\n>p1 move suckerpunch\n>p2 move scorchingsands\n>p1 switch 2\n>p1 move swordsdance\n>p2 switch 5\n>p1 move bravebird\n>p2 move encore\n>p1 switch 6\n>p2 move willowisp\n>p1 move sacredfire\n>p2 move knockoff\n>p1 move flareblitz\n>p2 move recover\n>p1 move sacredfire\n>p2 move recover\n>p1 move sacredfire\n>p2 move knockoff\n>p1 move sacredfire\n>p2 move recover\n>p1 move sacredfire\n>p2 move encore\n>p2 switch 2\n>p1 move sacredfire\n>p2 move gunkshot\n>p1 switch 3\n>p1 move discharge terastallize\n>p2 move gunkshot\n>p1 move discharge\n>p2 switch 5\n>p2 switch 5\n>p1 move discharge\n>p2 move highjumpkick\n>p1 switch 6\n>p1 move swordsdance\n>p2 move highjumpkick\n>p1 move closecombat\n>p2 move highjumpkick\n>p2 switch 4\n>p1 move bravebird\n>p2 move sludgebomb terastallize\n>p2 switch 6\n>p1 move bravebird\n>p2 move closecombat", "uploadtime": 1733882260, "views": 2, "formatid": "gen9randombattle", "rating": 1375, "private": 0, "password": null}