{"id": "gen9randombattle-2260720863", "format": "[Gen 9] Random Battle", "players": ["godd28229", "idkwaitingforstuff"], "log": "|j|\u2606godd28229\n|j|\u2606idkwaitingforstuff\n|t:|1733882777\n|gametype|singles\n|player|p1|godd28229|2|1024\n|player|p2|idkwaitingforstuff|169|1000\n|teamsize|p1|6\n|teamsize|p2|6\n|gen|9\n|tier|[Gen 9] Random Battle\n|rated|\n|rule|Species Clause: Limit one of each Pok\u00e9mon\n|rule|HP Percentage Mod: HP is shown in percentages\n|rule|Sleep Clause Mod: Limit one foe put to sleep\n|rule|Illusion Level Mod: Illusion disguises the Pok\u00e9mon's true level\n|\n|t:|1733882777\n|start\n|switch|p1a: Ariados|Ariados, L95, F|287/287\n|switch|p2a: Drifblim|Drifblim, L86, M|398/398\n|turn|1\n|\n|t:|1733882788\n|move|p2a: Drifblim|Air Slash|p1a: Ariados\n|-supereffective|p1a: Ariados\n|-damage|p1a: Ariados|131/287\n|move|p1a: Ariados|Sticky Web|p2a: Drifblim\n|-sidestart|p2: idkwaitingforstuff|move: Sticky Web\n|\n|upkeep\n|turn|2\n|\n|t:|1733882795\n|move|p2a: Drifblim|Air Slash|p1a: Ariados|[miss]\n|-miss|p2a: Drifblim|p1a: Ariados\n|move|p1a: Ariados|Megahorn|p2a: Drifblim\n|-resisted|p2a: Drifblim\n|-damage|p2a: Drifblim|341/398\n|\n|upkeep\n|turn|3\n|\n|t:|1733882807\n|move|p2a: Drifblim|Air Slash|p1a: Ariados\n|-supereffective|p1a: Ariados\n|-damage|p1a: Ariados|0 fnt\n|faint|p1a: Ariados\n|\n|upkeep\n|\n|t:|1733882813\n|switch|p1a: Ninetales|Ninetales-Alola, L78, F|242/242\n|-weather|Snow|[from] ability: Snow Warning|[of] p1a: Ninetales\n|turn|4\n|\n|t:|1733882826\n|switch|p2a: Excadrill|Excadrill, L79, M|303/303\n|-activate|p2a: Excadrill|move: Sticky Web\n|-unboost|p2a: Excadrill|spe|1\n|-ability|p2a: Excadrill|Mold Breaker\n|move|p1a: Ninetales|Freeze-Dry|p2a: Excadrill\n|-damage|p2a: Excadrill|251/303\n|\n|-weather|Snow|[upkeep]\n|upkeep\n|turn|5\n|\n|t:|1733882839\n|switch|p1a: Toxicroak|Toxicroak, L84, F|277/277\n|move|p2a: Excadrill|Iron Head|p1a: Toxicroak\n|-crit|p1a: Toxicroak\n|-damage|p1a: Toxicroak|100/277\n|\n|-weather|Snow|[upkeep]\n|upkeep\n|turn|6\n|\n|t:|1733882855\n|-terastallize|p2a: Excadrill|Grass\n|move|p1a: Toxicroak|Close Combat|p2a: Excadrill\n|-damage|p2a: Excadrill|0 fnt\n|-unboost|p1a: Toxicroak|def|1\n|-unboost|p1a: Toxicroak|spd|1\n|faint|p2a: Excadrill\n|-damage|p1a: Toxicroak|73/277|[from] item: Life Orb\n|\n|-weather|Snow|[upkeep]\n|upkeep\n|\n|t:|1733882870\n|switch|p2a: Drifblim|Drifblim, L86, M|341/398\n|turn|7\n|\n|t:|1733882874\n|move|p1a: Toxicroak|Sucker Punch|p2a: Drifblim\n|-supereffective|p2a: Drifblim\n|-damage|p2a: Drifblim|133/398\n|-damage|p1a: Toxicroak|46/277|[from] item: Life Orb\n|move|p2a: Drifblim|Air Slash|p1a: Toxicroak\n|-supereffective|p1a: Toxicroak\n|-damage|p1a: Toxicroak|0 fnt\n|faint|p1a: Toxicroak\n|\n|-weather|Snow|[upkeep]\n|upkeep\n|\n|t:|1733882880\n|switch|p1a: Ninetales|Ninetales-Alola, L78, F|242/242\n|turn|8\n|\n|t:|1733882892\n|move|p1a: Ninetales|Aurora Veil|p1a: Ninetales\n|-sidestart|p1: godd28229|move: Aurora Veil\n|move|p2a: Drifblim|Strength Sap|p1a: Ninetales\n|-unboost|p1a: Ninetales|atk|1\n|-heal|p2a: Drifblim|242/398\n|\n|-weather|none\n|upkeep\n|turn|9\n|\n|t:|1733882916\n|switch|p2a: Illumise|Illumise, L91, F|266/266\n|move|p1a: Ninetales|Freeze-Dry|p2a: Illumise\n|-damage|p2a: Illumise|214/266\n|\n|upkeep\n|turn|10\n|-message|idkwaitingforstuff forfeited.\n|\n|win|godd28229\n|raw|godd28229's rating: 1024 &rarr; <strong>1058</strong><br />(+34 for winning)\n|raw|idkwaitingforstuff's rating: 1000 &rarr; <strong>1000</strong><br />(+0 for losing)\n|l|\u2606idkwaitingforstuff\n|player|p2|\n", "inputlog": ">version bfd83cad13791eb5a5a409923076391caf6fb4d4\n>start {\"formatid\":\"gen9randombattle\",\"seed\":[40498,7149,1574,54320],\"rated\":\"Rated battle\"}\n>player p1 {\"name\":\"godd28229\",\"avatar\":\"2\",\"rating\":1024,\"seed\":[50870,10358,13831,35950]}\n>player p2 {\"name\":\"idkwaitingforstuff\",\"avatar\":\"169\",\"rating\":1000,\"seed\":[42578,28967,59704,51460]}\n>p1 move stickyweb\n>p2 move airslash\n>p1 move megahorn\n>p2 move airslash\n>p1 move knockoff\n>p2 move airslash\n>p1 switch 5\n>p1 move freezedry\n>p2 switch 6\n>p1 switch 4\n>p2 move ironhead\n>p1 move closecombat\n>p2 move ironhead terastallize\n>p2 switch 6\n>p1 move suckerpunch\n>p2 move airslash\n>p1 switch 4\n>p1 move auroraveil\n>p2 move strengthsap\n>p1 move freezedry\n>p2 switch 4\n>forcelose p2", "uploadtime": 1733882931, "views": 2, "formatid": "gen9randombattle", "rating": 1000, "private": 0, "password": null}