{"id": "gen9randombattle-2146259253", "format": "[Gen 9] Random Battle", "players": ["krausekusmin", "TechBuster"], "log": "|badge|p2|silver|gen9randombattle|30-1\n|uhtml|medal-msg|<div class=\"broadcast-blue\">Curious what those medals under the avatar are? PS now has Ladder Seasons! For more information, check out the <a href=\"https://www.smogon.com/forums/threads/3740067/\">thread on Smogon.</a></div>\n|j|\u2606krausekusmin\n|j|\u2606TechBuster\n|t:|1718810361\n|gametype|singles\n|player|p1|krausekusmin|cynthia-gen4|2210\n|player|p2|TechBuster|cynthia|2439\n|teamsize|p1|6\n|teamsize|p2|6\n|gen|9\n|tier|[Gen 9] Random Battle\n|rated|\n|rule|Species Clause: Limit one of each Pok\u00e9mon\n|rule|HP Percentage Mod: HP is shown in percentages\n|rule|Sleep Clause Mod: Limit one foe put to sleep\n|rule|Illusion Level Mod: Illusion disguises the Pok\u00e9mon's true level\n|\n|t:|1718810361\n|start\n|switch|p1a: Enamorus|Enamorus, L79, F|247/247\n|switch|p2a: Wyrdeer|Wyrdeer, L87, M|321/321\n|-ability|p2a: Wyrdeer|Intimidate|boost\n|-boost|p1a: Enamorus|atk|1\n|turn|1\n|inactive|Battle timer is ON: inactive players will automatically lose when time's up. (requested by krausekusmin)\n|\n|t:|1718810403\n|move|p1a: Enamorus|Superpower|p2a: Wyrdeer\n|-damage|p2a: Wyrdeer|166/321\n|-boost|p1a: Enamorus|atk|1\n|-boost|p1a: Enamorus|def|1\n|move|p2a: Wyrdeer|Body Slam|p1a: Enamorus\n|-damage|p1a: Enamorus|156/247\n|\n|-heal|p1a: Enamorus|171/247|[from] item: Leftovers\n|-heal|p2a: Wyrdeer|186/321|[from] item: Leftovers\n|upkeep\n|turn|2\n|\n|t:|1718810425\n|move|p1a: Enamorus|Superpower|p2a: Wyrdeer\n|-damage|p2a: Wyrdeer|0 fnt\n|-boost|p1a: Enamorus|atk|1\n|-boost|p1a: Enamorus|def|1\n|faint|p2a: Wyrdeer\n|\n|-heal|p1a: Enamorus|186/247|[from] item: Leftovers\n|upkeep\n|\n|t:|1718810432\n|switch|p2a: Vileplume|Vileplume, L86, F|269/269\n|turn|3\n|inactive|TechBuster has 120 seconds left.\n|inactive|krausekusmin has 120 seconds left.\n|\n|t:|1718810468\n|switch|p1a: Decidueye|Decidueye, L88, M|281/281\n|move|p2a: Vileplume|Sludge Bomb|p1a: Decidueye\n|-crit|p1a: Decidueye\n|-damage|p1a: Decidueye|128/281\n|-status|p1a: Decidueye|psn\n|\n|-damage|p1a: Decidueye|93/281 psn|[from] psn\n|upkeep\n|turn|4\n|\n|t:|1718810486\n|move|p1a: Decidueye|Poltergeist|p2a: Vileplume\n|-activate|p2a: Vileplume|move: Poltergeist|Leftovers\n|-damage|p2a: Vileplume|78/269\n|-damage|p1a: Decidueye|65/281 psn|[from] item: Life Orb\n|move|p2a: Vileplume|Sludge Bomb|p1a: Decidueye\n|-damage|p1a: Decidueye|0 fnt\n|faint|p1a: Decidueye\n|\n|-heal|p2a: Vileplume|94/269|[from] item: Leftovers\n|upkeep\n|\n|t:|1718810498\n|switch|p1a: Mamoswine|Mamoswine, L81, M|311/311\n|turn|5\n|inactive|TechBuster has 90 seconds left.\n|\n|t:|1718810548\n|move|p1a: Mamoswine|Earthquake|p2a: Vileplume\n|-damage|p2a: Vileplume|0 fnt\n|faint|p2a: Vileplume\n|-damage|p1a: Mamoswine|280/311|[from] item: Life Orb\n|\n|upkeep\n|inactive|TechBuster has 60 seconds left.\n|\n|t:|1718810565\n|switch|p2a: Lucario|Lucario, L84, M|255/255\n|turn|6\n|\n|t:|1718810574\n|switch|p1a: Zamazenta|Zamazenta, L72|251/251\n|-ability|p1a: Zamazenta|Dauntless Shield|boost\n|-boost|p1a: Zamazenta|def|1\n|move|p2a: Lucario|Meteor Mash|p1a: Zamazenta\n|-damage|p1a: Zamazenta|160/251\n|\n|-heal|p1a: Zamazenta|175/251|[from] item: Leftovers\n|upkeep\n|turn|7\n|\n|t:|1718810593\n|switch|p2a: Furret|Furret, L93, F|309/309\n|-item|p1a: Zamazenta|Leftovers|[from] ability: Frisk|[of] p2a: Furret|[identify]\n|move|p1a: Zamazenta|Iron Defense|p1a: Zamazenta\n|-boost|p1a: Zamazenta|def|2\n|\n|-heal|p1a: Zamazenta|190/251|[from] item: Leftovers\n|upkeep\n|turn|8\n|\n|t:|1718810600\n|-terastallize|p2a: Furret|Ghost\n|move|p1a: Zamazenta|Body Press|p2a: Furret\n|-immune|p2a: Furret\n|move|p2a: Furret|Trick|p1a: Zamazenta\n|-activate|p2a: Furret|move: Trick|[of] p1a: Zamazenta\n|-item|p1a: Zamazenta|Choice Band|[from] move: Trick\n|-item|p2a: Furret|Leftovers|[from] move: Trick\n|\n|upkeep\n|turn|9\n|inactive|krausekusmin has 120 seconds left.\n|\n|t:|1718810649\n|move|p1a: Zamazenta|Iron Head|p2a: Furret\n|-damage|p2a: Furret|225/309\n|move|p2a: Furret|U-turn|p1a: Zamazenta\n|-resisted|p1a: Zamazenta\n|-damage|p1a: Zamazenta|181/251\n|\n|t:|1718810660\n|switch|p2a: Jirachi|Jirachi, L80|291/291|[from] U-turn\n|\n|upkeep\n|turn|10\n|\n|t:|1718810669\n|switch|p1a: Enamorus|Enamorus, L79, F|186/247\n|move|p2a: Jirachi|Stealth Rock|p1a: Enamorus\n|-sidestart|p1: krausekusmin|move: Stealth Rock\n|\n|-heal|p1a: Enamorus|201/247|[from] item: Leftovers\n|upkeep\n|turn|11\n|inactive|krausekusmin has 120 seconds left.\n|\n|t:|1718810676\n|move|p1a: Enamorus|Superpower|p2a: Jirachi\n|-damage|p2a: Jirachi|205/291\n|-boost|p1a: Enamorus|atk|1\n|-boost|p1a: Enamorus|def|1\n|move|p2a: Jirachi|Iron Head|p1a: Enamorus\n|-supereffective|p1a: Enamorus\n|-damage|p1a: Enamorus|63/247\n|\n|-heal|p1a: Enamorus|78/247|[from] item: Leftovers\n|-heal|p2a: Jirachi|223/291|[from] item: Leftovers\n|upkeep\n|turn|12\n|\n|t:|1718810685\n|move|p1a: Enamorus|Superpower|p2a: Jirachi\n|-damage|p2a: Jirachi|103/291\n|-boost|p1a: Enamorus|atk|1\n|-boost|p1a: Enamorus|def|1\n|move|p2a: Jirachi|Iron Head|p1a: Enamorus\n|-supereffective|p1a: Enamorus\n|-damage|p1a: Enamorus|0 fnt\n|faint|p1a: Enamorus\n|\n|-heal|p2a: Jirachi|121/291|[from] item: Leftovers\n|upkeep\n|inactive|krausekusmin has 120 seconds left.\n|\n|t:|1718810712\n|switch|p1a: Registeel|Registeel, L82|265/265\n|-damage|p1a: Registeel|249/265|[from] Stealth Rock\n|turn|13\n|inactive|TechBuster has 90 seconds left.\n|\n|t:|1718810733\n|move|p2a: Jirachi|U-turn|p1a: Registeel\n|-resisted|p1a: Registeel\n|-crit|p1a: Registeel\n|-damage|p1a: Registeel|224/265\n|\n|t:|1718810752\n|switch|p2a: Lucario|Lucario, L84, M|255/255|[from] U-turn\n|move|p1a: Registeel|Thunder Wave|p2a: Lucario\n|-status|p2a: Lucario|par\n|\n|-heal|p1a: Registeel|240/265|[from] item: Leftovers\n|upkeep\n|turn|14\n|inactive|krausekusmin has 120 seconds left.\n|\n|t:|1718810763\n|move|p1a: Registeel|Iron Defense|p1a: Registeel\n|-boost|p1a: Registeel|def|2\n|cant|p2a: Lucario|par\n|\n|-heal|p1a: Registeel|256/265|[from] item: Leftovers\n|upkeep\n|turn|15\n|\n|t:|1718810774\n|move|p1a: Registeel|Iron Defense|p1a: Registeel\n|-boost|p1a: Registeel|def|2\n|cant|p2a: Lucario|par\n|\n|-heal|p1a: Registeel|265/265|[from] item: Leftovers\n|upkeep\n|turn|16\n|\n|t:|1718810782\n|move|p1a: Registeel|Body Press|p2a: Lucario\n|-supereffective|p2a: Lucario\n|-damage|p2a: Lucario|0 fnt\n|faint|p2a: Lucario\n|\n|upkeep\n|\n|t:|1718810797\n|switch|p2a: Furret|Furret, L93, F, tera:Ghost|225/309\n|-item|p1a: Registeel|Leftovers|[from] ability: Frisk|[of] p2a: Furret|[identify]\n|turn|17\n|\n|t:|1718810804\n|move|p2a: Furret|Knock Off|p1a: Registeel\n|-damage|p1a: Registeel|248/265\n|-enditem|p1a: Registeel|Leftovers|[from] move: Knock Off|[of] p2a: Furret\n|move|p1a: Registeel|Thunder Wave|p2a: Furret\n|-status|p2a: Furret|par\n|\n|-heal|p2a: Furret|244/309 par|[from] item: Leftovers\n|upkeep\n|turn|18\n|\n|t:|1718810814\n|move|p1a: Registeel|Iron Defense|p1a: Registeel\n|-boost|p1a: Registeel|def|2\n|move|p2a: Furret|Knock Off|p1a: Registeel\n|-damage|p1a: Registeel|239/265\n|\n|-heal|p2a: Furret|263/309 par|[from] item: Leftovers\n|upkeep\n|turn|19\n|inactive|TechBuster has 90 seconds left.\n|\n|t:|1718810823\n|move|p1a: Registeel|Iron Head|p2a: Furret\n|-damage|p2a: Furret|193/309 par\n|move|p2a: Furret|Knock Off|p1a: Registeel\n|-damage|p1a: Registeel|230/265\n|\n|-heal|p2a: Furret|212/309 par|[from] item: Leftovers\n|upkeep\n|turn|20\n|\n|t:|1718810830\n|switch|p2a: Jirachi|Jirachi, L80|121/291\n|move|p1a: Registeel|Iron Head|p2a: Jirachi\n|-resisted|p2a: Jirachi\n|-damage|p2a: Jirachi|92/291\n|\n|-heal|p2a: Jirachi|110/291|[from] item: Leftovers\n|upkeep\n|turn|21\n|\n|t:|1718810835\n|move|p2a: Jirachi|Iron Head|p1a: Registeel\n|-resisted|p1a: Registeel\n|-damage|p1a: Registeel|223/265\n|cant|p1a: Registeel|flinch\n|\n|-heal|p2a: Jirachi|128/291|[from] item: Leftovers\n|upkeep\n|turn|22\n|\n|t:|1718810840\n|move|p2a: Jirachi|U-turn|p1a: Registeel\n|-resisted|p1a: Registeel\n|-damage|p1a: Registeel|219/265\n|\n|t:|1718810842\n|switch|p2a: Furret|Furret, L93, F, tera:Ghost|212/309 par|[from] U-turn\n|move|p1a: Registeel|Body Press|p2a: Furret\n|-immune|p2a: Furret\n|\n|-heal|p2a: Furret|231/309 par|[from] item: Leftovers\n|upkeep\n|turn|23\n|inactive|TechBuster has 120 seconds left.\n|\n|t:|1718810851\n|move|p1a: Registeel|Iron Head|p2a: Furret\n|-damage|p2a: Furret|161/309 par\n|cant|p2a: Furret|flinch\n|\n|-heal|p2a: Furret|180/309 par|[from] item: Leftovers\n|upkeep\n|turn|24\n|\n|t:|1718810855\n|move|p1a: Registeel|Iron Head|p2a: Furret\n|-damage|p2a: Furret|108/309 par\n|cant|p2a: Furret|flinch\n|\n|-heal|p2a: Furret|127/309 par|[from] item: Leftovers\n|upkeep\n|turn|25\n|\n|t:|1718810859\n|switch|p2a: Jirachi|Jirachi, L80|128/291\n|move|p1a: Registeel|Iron Head|p2a: Jirachi\n|-resisted|p2a: Jirachi\n|-damage|p2a: Jirachi|95/291\n|\n|-heal|p2a: Jirachi|113/291|[from] item: Leftovers\n|upkeep\n|turn|26\n|\n|t:|1718810864\n|move|p2a: Jirachi|Iron Head|p1a: Registeel\n|-resisted|p1a: Registeel\n|-damage|p1a: Registeel|211/265\n|cant|p1a: Registeel|flinch\n|\n|-heal|p2a: Jirachi|131/291|[from] item: Leftovers\n|upkeep\n|turn|27\n|\n|t:|1718810871\n|move|p2a: Jirachi|U-turn|p1a: Registeel\n|-resisted|p1a: Registeel\n|-damage|p1a: Registeel|207/265\n|\n|t:|1718810873\n|switch|p2a: Furret|Furret, L93, F, tera:Ghost|127/309 par|[from] U-turn\n|move|p1a: Registeel|Thunder Wave|p2a: Furret\n|-fail|p2a: Furret|par\n|\n|-heal|p2a: Furret|146/309 par|[from] item: Leftovers\n|upkeep\n|turn|28\n|\n|t:|1718810881\n|move|p1a: Registeel|Iron Head|p2a: Furret\n|-damage|p2a: Furret|74/309 par\n|cant|p2a: Furret|flinch\n|\n|-heal|p2a: Furret|93/309 par|[from] item: Leftovers\n|upkeep\n|turn|29\n|\n|t:|1718810886\n|switch|p2a: Jirachi|Jirachi, L80|131/291\n|move|p1a: Registeel|Iron Head|p2a: Jirachi\n|-resisted|p2a: Jirachi\n|-damage|p2a: Jirachi|98/291\n|\n|-heal|p2a: Jirachi|116/291|[from] item: Leftovers\n|upkeep\n|turn|30\n|\n|t:|1718810893\n|move|p2a: Jirachi|Iron Head|p1a: Registeel\n|-resisted|p1a: Registeel\n|-damage|p1a: Registeel|201/265\n|cant|p1a: Registeel|flinch\n|\n|-heal|p2a: Jirachi|134/291|[from] item: Leftovers\n|upkeep\n|turn|31\n|\n|t:|1718810898\n|move|p2a: Jirachi|U-turn|p1a: Registeel\n|-resisted|p1a: Registeel\n|-damage|p1a: Registeel|197/265\n|\n|t:|1718810900\n|switch|p2a: Furret|Furret, L93, F, tera:Ghost|93/309 par|[from] U-turn\n|move|p1a: Registeel|Iron Head|p2a: Furret\n|-damage|p2a: Furret|18/309 par\n|\n|-heal|p2a: Furret|37/309 par|[from] item: Leftovers\n|upkeep\n|turn|32\n|\n|t:|1718810908\n|switch|p2a: Jirachi|Jirachi, L80|134/291\n|move|p1a: Registeel|Iron Head|p2a: Jirachi\n|-resisted|p2a: Jirachi\n|-damage|p2a: Jirachi|102/291\n|\n|-heal|p2a: Jirachi|120/291|[from] item: Leftovers\n|upkeep\n|turn|33\n|\n|t:|1718810913\n|move|p2a: Jirachi|Iron Head|p1a: Registeel\n|-resisted|p1a: Registeel\n|-damage|p1a: Registeel|191/265\n|move|p1a: Registeel|Thunder Wave|p2a: Jirachi\n|-status|p2a: Jirachi|par\n|\n|-heal|p2a: Jirachi|138/291 par|[from] item: Leftovers\n|upkeep\n|turn|34\n|\n|t:|1718810918\n|move|p1a: Registeel|Body Press|p2a: Jirachi\n|-damage|p2a: Jirachi|0 fnt\n|faint|p2a: Jirachi\n|\n|upkeep\n|\n|t:|1718810922\n|switch|p2a: Crawdaunt|Crawdaunt, L84, M|243/243\n|turn|35\n|\n|t:|1718810928\n|move|p2a: Crawdaunt|Crabhammer|p1a: Registeel\n|-damage|p1a: Registeel|152/265\n|-damage|p2a: Crawdaunt|219/243|[from] item: Life Orb\n|move|p1a: Registeel|Body Press|p2a: Crawdaunt\n|-supereffective|p2a: Crawdaunt\n|-damage|p2a: Crawdaunt|0 fnt\n|faint|p2a: Crawdaunt\n|\n|upkeep\n|\n|t:|1718810931\n|switch|p2a: Furret|Furret, L93, F, tera:Ghost|37/309 par\n|turn|36\n|\n|t:|1718810933\n|move|p1a: Registeel|Iron Head|p2a: Furret\n|-damage|p2a: Furret|0 fnt\n|faint|p2a: Furret\n|\n|win|krausekusmin\n|raw|krausekusmin's rating: 2210 &rarr; <strong>2242</strong><br />(+32 for winning)\n|raw|TechBuster's rating: 2439 &rarr; <strong>2407</strong><br />(-32 for losing)\n", "inputlog": ">version 8819e60f9a01cede7471b534a2fb53a3a85674fc\n>start {\"formatid\":\"gen9randombattle\",\"seed\":[46124,35055,20193,48905],\"rated\":\"Rated battle\"}\n>player p1 {\"name\":\"krausekusmin\",\"avatar\":\"cynthia-gen4\",\"rating\":2210,\"seed\":[38512,59284,21707,28700]}\n>player p2 {\"name\":\"TechBuster\",\"avatar\":\"cynthia\",\"rating\":2439,\"seed\":[53952,42167,27211,61550]}\n>p1 move superpower\n>p2 move bodyslam\n>p1 move superpower\n>p2 move thunderwave\n>p2 switch 5\n>p1 switch 6\n>p2 move sludgebomb\n>p1 move poltergeist\n>p2 move sludgebomb\n>p1 switch 2\n>p1 move earthquake\n>p2 move strengthsap\n>p2 switch 2\n>p1 switch 4\n>p2 move meteormash\n>p1 move irondefense\n>p2 switch 3\n>p1 move bodypress\n>p2 move trick terastallize\n>p1 move ironhead\n>p2 move uturn\n>p2 switch 6\n>p1 switch 6\n>p2 move stealthrock\n>p1 move superpower\n>p2 move ironhead\n>p1 move superpower\n>p2 move ironhead\n>p1 switch 5\n>p1 move thunderwave\n>p2 move uturn\n>p2 switch 3\n>p1 move irondefense\n>p2 move closecombat\n>p1 move irondefense\n>p2 move closecombat\n>p1 move bodypress\n>p2 move closecombat\n>p2 switch 6\n>p1 move thunderwave\n>p2 move knockoff\n>p1 move irondefense\n>p2 move knockoff\n>p1 move ironhead\n>p2 move knockoff\n>p1 move ironhead\n>p2 switch 3\n>p1 move bodypress\n>p2 move ironhead\n>p1 move bodypress\n>p2 move uturn\n>p2 switch 3\n>p1 move ironhead\n>p2 move knockoff\n>p1 move ironhead\n>p2 move uturn\n>p1 move ironhead\n>p2 switch 3\n>p1 move bodypress\n>p2 move ironhead\n>p1 move thunderwave\n>p2 move uturn\n>p2 switch 3\n>p1 move ironhead\n>p2 move uturn\n>p1 move ironhead\n>p2 switch 3\n>p1 move thunderwave\n>p2 move ironhead\n>p1 move ironhead\n>p2 move uturn\n>p2 switch 3\n>p1 move ironhead\n>p2 switch 3\n>p1 move thunderwave\n>p2 move ironhead\n>p1 move bodypress\n>p2 move uturn\n>p2 switch 4\n>p1 move bodypress\n>p2 move crabhammer\n>p2 switch 3\n>p1 move ironhead\n>p2 move uturn", "uploadtime": 1718810937, "views": 178, "formatid": "gen9randombattle", "rating": 2242, "private": 0, "password": null}