{"id": "gen9randombattle-2260459831", "format": "[Gen 9] Random Battle", "players": ["dejdejdjede", "f2theuck"], "log": "|j|\u2606dejdejdjede\n|j|\u2606f2theuck\n|t:|1733853729\n|gametype|singles\n|player|p1|dejdejdjede|2|1070\n|player|p2|f2theuck|red|1094\n|teamsize|p1|6\n|teamsize|p2|6\n|gen|9\n|tier|[Gen 9] Random Battle\n|rated|\n|rule|Species Clause: Limit one of each Pok\u00e9mon\n|rule|HP Percentage Mod: HP is shown in percentages\n|rule|Sleep Clause Mod: Limit one foe put to sleep\n|rule|Illusion Level Mod: Illusion disguises the Pok\u00e9mon's true level\n|\n|t:|1733853729\n|start\n|switch|p1a: Flamigo|Flamigo, L82, M|269/269\n|switch|p2a: Azelf|Azelf, L82|257/257\n|turn|1\n|\n|t:|1733853738\n|switch|p1a: Scrafty|Scrafty, L84, M|246/246\n|-ability|p1a: Scrafty|Intimidate|boost\n|-unboost|p2a: Azelf|atk|1\n|move|p2a: Azelf|Psyshock|p1a: Scrafty\n|-immune|p1a: Scrafty\n|\n|upkeep\n|turn|2\n|\n|t:|1733853751\n|switch|p2a: Houndstone|Houndstone, L86, M|264/264\n|move|p1a: Scrafty|Knock Off|p2a: Houndstone\n|-supereffective|p2a: Houndstone\n|-damage|p2a: Houndstone|155/264\n|-enditem|p2a: Houndstone|Leftovers|[from] move: Knock Off|[of] p1a: Scrafty\n|-damage|p1a: Scrafty|222/246|[from] item: Life Orb\n|\n|upkeep\n|turn|3\n|\n|t:|1733853758\n|switch|p1a: Palossand|Palossand, L89, F|296/296\n|move|p2a: Houndstone|Body Press|p1a: Palossand\n|-immune|p1a: Palossand\n|\n|upkeep\n|turn|4\n|\n|t:|1733853763\n|move|p2a: Houndstone|Poltergeist|p1a: Palossand\n|-activate|p1a: Palossand|move: Poltergeist|Leftovers\n|-supereffective|p1a: Palossand\n|-damage|p1a: Palossand|78/296\n|move|p1a: Palossand|Shadow Ball|p2a: Houndstone\n|-supereffective|p2a: Houndstone\n|-damage|p2a: Houndstone|0 fnt\n|faint|p2a: Houndstone\n|\n|-heal|p1a: Palossand|96/296|[from] item: Leftovers\n|upkeep\n|\n|t:|1733853767\n|switch|p2a: Azelf|Azelf, L82|257/257\n|turn|5\n|\n|t:|1733853782\n|move|p2a: Azelf|Dazzling Gleam|p1a: Palossand\n|-damage|p1a: Palossand|0 fnt\n|faint|p1a: Palossand\n|\n|upkeep\n|\n|t:|1733853790\n|switch|p1a: Mimikyu|Mimikyu, L79, M|216/216\n|turn|6\n|inactive|Battle timer is ON: inactive players will automatically lose when time's up. (requested by dejdejdjede)\n|\n|t:|1733853813\n|move|p2a: Azelf|Dazzling Gleam|p1a: Mimikyu\n|-activate|p1a: Mimikyu|ability: Disguise\n|-damage|p1a: Mimikyu|216/216\n|detailschange|p1a: Mimikyu|Mimikyu-Busted, L79, M\n|-damage|p1a: Mimikyu|189/216|[from] pokemon: Mimikyu-Busted\n|move|p1a: Mimikyu|Shadow Claw|p2a: Azelf\n|-supereffective|p2a: Azelf\n|-crit|p2a: Azelf\n|-damage|p2a: Azelf|0 fnt\n|faint|p2a: Azelf\n|-damage|p1a: Mimikyu|168/216|[from] item: Life Orb\n|\n|upkeep\n|\n|t:|1733853820\n|switch|p2a: Greedent|Greedent, L86, F|347/347\n|turn|7\n|\n|t:|1733853828\n|switch|p1a: Scrafty|Scrafty, L84, M|222/246\n|-ability|p1a: Scrafty|Intimidate|boost\n|-unboost|p2a: Greedent|atk|1\n|move|p2a: Greedent|Knock Off|p1a: Scrafty\n|-resisted|p1a: Scrafty\n|-damage|p1a: Scrafty|212/246\n|-enditem|p1a: Scrafty|Life Orb|[from] move: Knock Off|[of] p2a: Greedent\n|\n|upkeep\n|turn|8\n|\n|t:|1733853838\n|-terastallize|p2a: Greedent|Ground\n|move|p1a: Scrafty|Knock Off|p2a: Greedent\n|-damage|p2a: Greedent|250/347\n|-enditem|p2a: Greedent|Sitrus Berry|[from] move: Knock Off|[of] p1a: Scrafty\n|move|p2a: Greedent|Swords Dance|p2a: Greedent\n|-boost|p2a: Greedent|atk|2\n|\n|upkeep\n|turn|9\n|\n|t:|1733853847\n|move|p1a: Scrafty|Close Combat|p2a: Greedent\n|-damage|p2a: Greedent|132/347\n|-unboost|p1a: Scrafty|def|1\n|-unboost|p1a: Scrafty|spd|1\n|move|p2a: Greedent|Swords Dance|p2a: Greedent\n|-boost|p2a: Greedent|atk|2\n|\n|upkeep\n|turn|10\n|\n|t:|1733853853\n|move|p1a: Scrafty|Close Combat|p2a: Greedent\n|-damage|p2a: Greedent|18/347\n|-unboost|p1a: Scrafty|def|1\n|-unboost|p1a: Scrafty|spd|1\n|move|p2a: Greedent|Earthquake|p1a: Scrafty\n|-crit|p1a: Scrafty\n|-damage|p1a: Scrafty|0 fnt\n|faint|p1a: Scrafty\n|\n|upkeep\n|\n|t:|1733853855\n|switch|p1a: Palafin|Palafin, L77, M|281/281\n|turn|11\n|\n|t:|1733853862\n|move|p1a: Palafin|Jet Punch|p2a: Greedent\n|-supereffective|p2a: Greedent\n|-damage|p2a: Greedent|0 fnt\n|faint|p2a: Greedent\n|\n|upkeep\n|\n|t:|1733853864\n|switch|p2a: Lilligant|Lilligant, L86, F|261/261\n|turn|12\n|\n|t:|1733853872\n|detailschange|p1a: Palafin|Palafin-Hero, L77, M\n|switch|p1a: Flapple|Flapple, L88, M|266/266\n|move|p2a: Lilligant|Sleep Powder|p1a: Flapple\n|-immune|p1a: Flapple\n|\n|upkeep\n|turn|13\n|\n|t:|1733853880\n|move|p2a: Lilligant|Quiver Dance|p2a: Lilligant\n|-boost|p2a: Lilligant|spa|1\n|-boost|p2a: Lilligant|spd|1\n|-boost|p2a: Lilligant|spe|1\n|move|p1a: Flapple|Dragon Dance|p1a: Flapple\n|-boost|p1a: Flapple|atk|1\n|-boost|p1a: Flapple|spe|1\n|\n|upkeep\n|turn|14\n|\n|t:|1733853883\n|move|p2a: Lilligant|Quiver Dance|p2a: Lilligant\n|-boost|p2a: Lilligant|spa|1\n|-boost|p2a: Lilligant|spd|1\n|-boost|p2a: Lilligant|spe|1\n|move|p1a: Flapple|Outrage|p2a: Lilligant\n|-damage|p2a: Lilligant|0 fnt\n|faint|p2a: Lilligant\n|\n|upkeep\n|\n|t:|1733853890\n|switch|p2a: Ninetales|Ninetales, L85, F|263/263\n|-weather|SunnyDay|[from] ability: Drought|[of] p2a: Ninetales\n|turn|15\n|\n|t:|1733853892\n|move|p1a: Flapple|Outrage|p2a: Ninetales|[from]lockedmove\n|-damage|p2a: Ninetales|0 fnt\n|faint|p2a: Ninetales\n|\n|-weather|SunnyDay|[upkeep]\n|upkeep\n|\n|t:|1733853895\n|switch|p2a: Blaziken|Blaziken, L76, M|247/247\n|turn|16\n|\n|t:|1733853899\n|move|p1a: Flapple|Outrage|p2a: Blaziken|[from]lockedmove\n|-damage|p2a: Blaziken|0 fnt\n|faint|p2a: Blaziken\n|-start|p1a: Flapple|confusion|[fatigue]\n|\n|win|dejdejdjede\n|raw|dejdejdjede's rating: 1101 &rarr; <strong>1125</strong><br />(+24 for winning)\n|raw|f2theuck's rating: 1094 &rarr; <strong>1070</strong><br />(-24 for losing)\n", "inputlog": ">version bfd83cad13791eb5a5a409923076391caf6fb4d4\n>start {\"formatid\":\"gen9randombattle\",\"seed\":[31161,12924,22742,32693],\"rated\":\"Rated battle\"}\n>player p1 {\"name\":\"dejdejdjede\",\"avatar\":\"2\",\"rating\":1070,\"seed\":[6551,40102,56454,28213]}\n>player p2 {\"name\":\"f2theuck\",\"avatar\":\"red\",\"rating\":1094,\"seed\":[48594,63271,46945,23565]}\n>p1 switch 2\n>p2 move psyshock\n>p1 move knockoff\n>p2 switch 5\n>p1 switch 3\n>p2 move bodypress\n>p1 move shadowball\n>p2 move poltergeist\n>p2 switch 5\n>p1 move shoreup\n>p2 move dazzlinggleam\n>p1 switch 4\n>p1 move shadowclaw\n>p2 move dazzlinggleam\n>p2 switch 6\n>p1 switch 3\n>p2 move knockoff\n>p1 move knockoff\n>p2 move swordsdance terastallize\n>p1 move closecombat\n>p2 move swordsdance\n>p1 move closecombat\n>p2 move earthquake\n>p1 switch 6\n>p1 move jetpunch\n>p2 move doubleedge\n>p2 switch 3\n>p1 switch 5\n>p2 move sleeppowder\n>p1 move dragondance\n>p2 move quiverdance\n>p1 move outrage\n>p2 move quiverdance\n>p2 switch 4\n>p1 move outrage\n>p2 move fireblast\n>p2 switch 2\n>p1 move outrage\n>p2 move swordsdance", "uploadtime": 1733853901, "views": 1, "formatid": "gen9randombattle", "rating": 1070, "private": 0, "password": null}