{"id": "gen9randombattle-2260733367", "format": "[Gen 9] Random Battle", "players": ["BlitzBurn1992", "Micael Lopes"], "log": "|j|\u2606BlitzBurn1992\n|j|\u2606Micael Lopes\n|t:|1733884420\n|gametype|singles\n|player|p1|BlitzBurn1992|tate|1910\n|player|p2|Micael Lopes|benga|1924\n|teamsize|p1|6\n|teamsize|p2|6\n|gen|9\n|tier|[Gen 9] Random Battle\n|rated|\n|rule|Species Clause: Limit one of each Pok\u00e9mon\n|rule|HP Percentage Mod: HP is shown in percentages\n|rule|Sleep Clause Mod: Limit one foe put to sleep\n|rule|Illusion Level Mod: Illusion disguises the Pok\u00e9mon's true level\n|\n|t:|1733884420\n|start\n|switch|p1a: Sunflora|Sunflora, M|312/312\n|switch|p2a: Scyther|Scyther, L82, F|249/249\n|turn|1\n|inactive|Battle timer is ON: inactive players will automatically lose when time's up. (requested by Micael Lopes)\n|\n|t:|1733884434\n|switch|p1a: Stonjourner|Stonjourner, L91, M|330/330\n|move|p2a: Scyther|U-turn|p1a: Stonjourner\n|-damage|p1a: Stonjourner|275/330\n|\n|t:|1733884441\n|switch|p2a: Ting-Lu|Ting-Lu, L78|370/370|[from] U-turn\n|-ability|p2a: Ting-Lu|Vessel of Ruin\n|\n|upkeep\n|turn|2\n|\n|t:|1733884467\n|switch|p1a: Lokix|Lokix, L82, M|251/251\n|move|p2a: Ting-Lu|Stealth Rock|p1a: Lokix\n|-sidestart|p1: BlitzBurn1992|move: Stealth Rock\n|\n|upkeep\n|turn|3\n|\n|t:|1733884474\n|switch|p2a: Scyther|Scyther, L82, F|249/249\n|move|p1a: Lokix|First Impression|p2a: Scyther\n|-resisted|p2a: Scyther\n|-damage|p2a: Scyther|133/249\n|\n|upkeep\n|turn|4\n|\n|t:|1733884484\n|switch|p1a: Stonjourner|Stonjourner, L91, M|275/330\n|-damage|p1a: Stonjourner|234/330|[from] Stealth Rock\n|move|p2a: Scyther|Dual Wingbeat|p1a: Stonjourner\n|-resisted|p1a: Stonjourner\n|-damage|p1a: Stonjourner|211/330\n|-resisted|p1a: Stonjourner\n|-damage|p1a: Stonjourner|188/330\n|-hitcount|p1a: Stonjourner|2\n|\n|upkeep\n|turn|5\n|\n|t:|1733884490\n|-terastallize|p2a: Scyther|Fighting\n|move|p2a: Scyther|Close Combat|p1a: Stonjourner\n|-supereffective|p1a: Stonjourner\n|-damage|p1a: Stonjourner|12/330\n|-unboost|p2a: Scyther|def|1\n|-unboost|p2a: Scyther|spd|1\n|move|p1a: Stonjourner|Earthquake|p2a: Scyther\n|-damage|p2a: Scyther|0 fnt\n|faint|p2a: Scyther\n|-damage|p1a: Stonjourner|0 fnt|[from] item: Life Orb\n|faint|p1a: Stonjourner\n|\n|upkeep\n|\n|t:|1733884505\n|switch|p2a: Cryogonal|Cryogonal, L89|287/287\n|switch|p1a: Lokix|Lokix, L82, M|251/251\n|-damage|p1a: Lokix|189/251|[from] Stealth Rock\n|turn|6\n|\n|t:|1733884509\n|move|p1a: Lokix|First Impression|p2a: Cryogonal\n|-damage|p2a: Cryogonal|131/287\n|move|p2a: Cryogonal|Freeze-Dry|p1a: Lokix\n|-damage|p1a: Lokix|74/251\n|\n|upkeep\n|turn|7\n|\n|t:|1733884513\n|move|p1a: Lokix|Sucker Punch||[still]\n|-fail|p1a: Lokix\n|move|p2a: Cryogonal|Recover|p2a: Cryogonal\n|-heal|p2a: Cryogonal|275/287\n|\n|upkeep\n|turn|8\n|\n|t:|1733884520\n|move|p1a: Lokix|Sucker Punch|p2a: Cryogonal\n|-crit|p2a: Cryogonal\n|-damage|p2a: Cryogonal|130/287\n|move|p2a: Cryogonal|Freeze-Dry|p1a: Lokix\n|-damage|p1a: Lokix|0 fnt\n|faint|p1a: Lokix\n|\n|upkeep\n|\n|t:|1733884525\n|switch|p1a: Tentacruel|Tentacruel, L84, M|272/272\n|-damage|p1a: Tentacruel|238/272|[from] Stealth Rock\n|turn|9\n|\n|t:|1733884530\n|switch|p2a: Banette|Banette, L93, M|270/270\n|move|p1a: Tentacruel|Rapid Spin|p2a: Banette\n|-immune|p2a: Banette\n|\n|-heal|p1a: Tentacruel|255/272|[from] item: Leftovers\n|upkeep\n|turn|10\n|\n|t:|1733884540\n|move|p1a: Tentacruel|Toxic Spikes|p2a: Banette\n|-sidestart|p2: Micael Lopes|move: Toxic Spikes\n|move|p2a: Banette|Thunder Wave|p1a: Tentacruel|[miss]\n|-miss|p2a: Banette|p1a: Tentacruel\n|\n|-heal|p1a: Tentacruel|272/272|[from] item: Leftovers\n|upkeep\n|turn|11\n|\n|t:|1733884545\n|move|p1a: Tentacruel|Surf|p2a: Banette\n|-damage|p2a: Banette|171/270\n|move|p2a: Banette|Thunder Wave|p1a: Tentacruel\n|-status|p1a: Tentacruel|par\n|\n|upkeep\n|turn|12\n|\n|t:|1733884551\n|move|p2a: Banette|Poltergeist|p1a: Tentacruel\n|-activate|p1a: Tentacruel|move: Poltergeist|Leftovers\n|-damage|p1a: Tentacruel|0 fnt\n|faint|p1a: Tentacruel\n|-damage|p2a: Banette|144/270|[from] item: Life Orb\n|\n|upkeep\n|\n|t:|1733884559\n|switch|p1a: Sinistcha|Sinistcha-Masterpiece, L83|254/254\n|-damage|p1a: Sinistcha|223/254|[from] Stealth Rock\n|turn|13\n|\n|t:|1733884567\n|-terastallize|p1a: Sinistcha|Steel\n|move|p2a: Banette|Poltergeist|p1a: Sinistcha\n|-activate|p1a: Sinistcha|move: Poltergeist|Leftovers\n|-damage|p1a: Sinistcha|51/254\n|-damage|p2a: Banette|117/270|[from] item: Life Orb\n|move|p1a: Sinistcha|Strength Sap|p2a: Banette\n|-unboost|p2a: Banette|atk|1\n|-heal|p1a: Sinistcha|254/254\n|\n|upkeep\n|turn|14\n|\n|t:|1733884573\n|move|p2a: Banette|Thunder Wave|p1a: Sinistcha|[miss]\n|-miss|p2a: Banette|p1a: Sinistcha\n|move|p1a: Sinistcha|Matcha Gotcha|p2a: Banette\n|-damage|p2a: Banette|0 fnt\n|faint|p2a: Banette\n|\n|upkeep\n|\n|t:|1733884580\n|switch|p2a: Ting-Lu|Ting-Lu, L78|370/370\n|-status|p2a: Ting-Lu|psn\n|-ability|p2a: Ting-Lu|Vessel of Ruin\n|turn|15\n|\n|t:|1733884584\n|switch|p1a: Sunflora|Sunflora, M|312/312\n|-damage|p1a: Sunflora|273/312|[from] Stealth Rock\n|move|p2a: Ting-Lu|Earthquake|p1a: Sunflora\n|-resisted|p1a: Sunflora\n|-damage|p1a: Sunflora|210/312\n|\n|-damage|p2a: Ting-Lu|324/370 psn|[from] psn\n|upkeep\n|turn|16\n|\n|t:|1733884591\n|switch|p2a: Cryogonal|Cryogonal, L89|130/287\n|move|p1a: Sunflora|Leaf Storm|p2a: Cryogonal\n|-damage|p2a: Cryogonal|0 fnt\n|-unboost|p1a: Sunflora|spa|2\n|faint|p2a: Cryogonal\n|\n|upkeep\n|\n|t:|1733884596\n|switch|p2a: Beartic|Beartic, L91, M|321/321\n|turn|17\n|\n|t:|1733884606\n|switch|p1a: Slowbro|Slowbro-Galar, L87, F|307/307\n|-damage|p1a: Slowbro|269/307|[from] Stealth Rock\n|move|p2a: Beartic|Snowscape|p2a: Beartic\n|-weather|Snow\n|\n|-weather|Snow|[upkeep]\n|upkeep\n|turn|18\n|\n|t:|1733884610\n|move|p2a: Beartic|Swords Dance|p2a: Beartic\n|-boost|p2a: Beartic|atk|2\n|move|p1a: Slowbro|Trick Room|p1a: Slowbro\n|-fieldstart|move: Trick Room|[of] p1a: Slowbro\n|\n|-weather|Snow|[upkeep]\n|upkeep\n|turn|19\n|\n|t:|1733884614\n|move|p1a: Slowbro|Fire Blast|p2a: Beartic\n|-supereffective|p2a: Beartic\n|-damage|p2a: Beartic|100/321\n|-damage|p1a: Slowbro|239/307|[from] item: Life Orb\n|move|p2a: Beartic|Earthquake|p1a: Slowbro\n|-supereffective|p1a: Slowbro\n|-damage|p1a: Slowbro|0 fnt\n|faint|p1a: Slowbro\n|\n|-weather|Snow|[upkeep]\n|upkeep\n|\n|t:|1733884619\n|switch|p1a: Sunflora|Sunflora, M|210/312\n|-damage|p1a: Sunflora|171/312|[from] Stealth Rock\n|turn|20\n|\n|t:|1733884624\n|switch|p2a: Politoed|Politoed, L88, F|302/302\n|-status|p2a: Politoed|psn\n|-weather|RainDance|[from] ability: Drizzle|[of] p2a: Politoed\n|move|p1a: Sunflora|Dazzling Gleam|p2a: Politoed\n|-crit|p2a: Politoed\n|-damage|p2a: Politoed|142/302 psn\n|\n|-weather|RainDance|[upkeep]\n|-damage|p2a: Politoed|105/302 psn|[from] psn\n|upkeep\n|turn|21\n|\n|t:|1733884628\n|move|p1a: Sunflora|Dazzling Gleam|p2a: Politoed\n|-damage|p2a: Politoed|0 fnt\n|faint|p2a: Politoed\n|\n|-weather|RainDance|[upkeep]\n|upkeep\n|\n|t:|1733884632\n|switch|p2a: Ting-Lu|Ting-Lu, L78|324/370 psn\n|-ability|p2a: Ting-Lu|Vessel of Ruin\n|turn|22\n|\n|t:|1733884639\n|move|p2a: Ting-Lu|Throat Chop|p1a: Sunflora\n|-damage|p1a: Sunflora|71/312\n|-start|p1a: Sunflora|Throat Chop|[silent]\n|move|p1a: Sunflora|Dazzling Gleam|p2a: Ting-Lu\n|-supereffective|p2a: Ting-Lu\n|-damage|p2a: Ting-Lu|102/370 psn\n|\n|-weather|RainDance|[upkeep]\n|-heal|p2a: Ting-Lu|125/370 psn|[from] item: Leftovers\n|-damage|p2a: Ting-Lu|79/370 psn|[from] psn\n|-fieldend|move: Trick Room\n|upkeep\n|turn|23\n|\n|t:|1733884649\n|move|p1a: Sunflora|Dazzling Gleam|p2a: Ting-Lu\n|-supereffective|p2a: Ting-Lu\n|-damage|p2a: Ting-Lu|0 fnt\n|faint|p2a: Ting-Lu\n|\n|-weather|RainDance|[upkeep]\n|-end|p1a: Sunflora|Throat Chop|[silent]\n|upkeep\n|\n|t:|1733884651\n|switch|p2a: Beartic|Beartic, L91, M|100/321\n|turn|24\n|\n|t:|1733884660\n|move|p2a: Beartic|Icicle Crash|p1a: Sunflora\n|-supereffective|p1a: Sunflora\n|-damage|p1a: Sunflora|0 fnt\n|faint|p1a: Sunflora\n|\n|-weather|none\n|upkeep\n|\n|t:|1733884663\n|switch|p1a: Sinistcha|Sinistcha-Masterpiece, L83, tera:Steel|254/254\n|-damage|p1a: Sinistcha|239/254|[from] Stealth Rock\n|turn|25\n|\n|t:|1733884667\n|move|p1a: Sinistcha|Matcha Gotcha|p2a: Beartic|[miss]\n|-miss|p1a: Sinistcha|p2a: Beartic\n|move|p2a: Beartic|Snowscape|p2a: Beartic\n|-weather|Snow\n|\n|-weather|Snow|[upkeep]\n|-heal|p1a: Sinistcha|254/254|[from] item: Leftovers\n|upkeep\n|turn|26\n|\n|t:|1733884673\n|move|p2a: Beartic|Swords Dance|p2a: Beartic\n|-boost|p2a: Beartic|atk|2\n|move|p1a: Sinistcha|Strength Sap|p2a: Beartic\n|-unboost|p2a: Beartic|atk|1\n|\n|-weather|Snow|[upkeep]\n|upkeep\n|turn|27\n|\n|t:|1733884676\n|move|p2a: Beartic|Earthquake|p1a: Sinistcha\n|-supereffective|p1a: Sinistcha\n|-damage|p1a: Sinistcha|0 fnt\n|faint|p1a: Sinistcha\n|\n|win|Micael Lopes\n|raw|BlitzBurn1992's rating: 1910 &rarr; <strong>1891</strong><br />(-19 for losing)\n|raw|Micael Lopes's rating: 1924 &rarr; <strong>1943</strong><br />(+19 for winning)\n|c|\u2606Micael Lopes|**__Sexy game.__**\n|l|\u2606BlitzBurn1992\n|player|p1|\n", "inputlog": ">version bfd83cad13791eb5a5a409923076391caf6fb4d4\n>start {\"formatid\":\"gen9randombattle\",\"seed\":[22789,4211,38410,65251],\"rated\":\"Rated battle\"}\n>player p1 {\"name\":\"BlitzBurn1992\",\"avatar\":\"tate\",\"rating\":1910,\"seed\":[35428,18616,45087,60494]}\n>player p2 {\"name\":\"Micael Lopes\",\"avatar\":\"benga\",\"rating\":1924,\"seed\":[15023,29485,3630,17549]}\n>p1 switch 4\n>p2 move uturn\n>p2 switch 3\n>p1 switch 3\n>p2 move stealthrock\n>p1 move firstimpression\n>p2 switch 3\n>p1 switch 3\n>p2 move dualwingbeat\n>p1 move earthquake\n>p2 move closecombat terastallize\n>p1 switch 3\n>p2 switch 4\n>p1 move firstimpression\n>p2 move freezedry\n>p1 move suckerpunch\n>p2 move recover\n>p1 move suckerpunch\n>p2 move freezedry\n>p1 switch 5\n>p1 move rapidspin\n>p2 switch 6\n>p1 move toxicspikes\n>p2 move thunderwave\n>p1 move surf\n>p2 move thunderwave\n>p1 move surf\n>p2 move poltergeist\n>p1 switch 2\n>p1 move strengthsap terastallize\n>p2 move poltergeist\n>p1 move matchagotcha\n>p2 move thunderwave\n>p2 switch 3\n>p1 switch 4\n>p2 move earthquake\n>p1 move leafstorm\n>p2 switch 6\n>p2 switch 2\n>p1 switch 6\n>p2 move snowscape\n>p1 move trickroom\n>p2 move swordsdance\n>p1 move fireblast\n>p2 move earthquake\n>p1 switch 6\n>p1 move dazzlinggleam\n>p2 switch 5\n>p1 move dazzlinggleam\n>p2 move icebeam\n>p2 switch 6\n>p1 move dazzlinggleam\n>p2 move throatchop\n>p1 move dazzlinggleam\n>p2 move earthquake\n>p2 switch 5\n>p1 move dazzlinggleam\n>p2 move iciclecrash\n>p1 switch 4\n>p1 move matchagotcha\n>p2 move snowscape\n>p1 move strengthsap\n>p2 move swordsdance\n>p1 move matchagotcha\n>p2 move earthquake", "uploadtime": 1733884682, "views": 4, "formatid": "gen9randombattle", "rating": 1891, "private": 0, "password": null}