{"id": "gen9randombattle-2097105677", "format": "[Gen 9] Random Battle", "players": ["Boris Huang - YT", "Aqua"], "log": "|badge|p1|silver|gen9randombattle|30-1\n|uhtml|medal-msg|<div class=\"broadcast-blue\">Curious what those medals under the avatar are? PS now has Ladder Seasons! For more information, check out the <a href=\"https://www.smogon.com/forums/threads/3740067/\">thread on Smogon.</a></div>\n|badge|p2|gold|gen9randombattle|3-1\n|uhtml|medal-msg|<div class=\"broadcast-blue\">Curious what those medals under the avatar are? PS now has Ladder Seasons! For more information, check out the <a href=\"https://www.smogon.com/forums/threads/3740067/\">thread on Smogon.</a></div>\n|j|\u2606Boris Huang - YT\n|j|\u2606Aqua\n|t:|1712372647\n|gametype|singles\n|player|p1|Boris Huang - YT|265|2398\n|player|p2|Aqua|#rbtt6teamlatias|2448\n|teamsize|p1|6\n|teamsize|p2|6\n|gen|9\n|tier|[Gen 9] Random Battle\n|rated|\n|rule|Species Clause: Limit one of each Pok\u00e9mon\n|rule|HP Percentage Mod: HP is shown in percentages\n|rule|Sleep Clause Mod: Limit one foe put to sleep\n|rule|Illusion Level Mod: Illusion disguises the Pok\u00e9mon's true level\n|\n|t:|1712372647\n|start\n|switch|p1a: Politoed|Politoed, L88, F|302/302\n|switch|p2a: Ogerpon|Ogerpon-Cornerstone, L76, F|247/247\n|-weather|RainDance|[from] ability: Drizzle|[of] p1a: Politoed\n|turn|1\n|inactive|Battle timer is ON: inactive players will automatically lose when time's up. (requested by Boris Huang - YT)\n|c|\u2606Boris Huang - YT|in\n|c|\u2606Aqua|o dang\n|c|\u2606Aqua|I need to tryhard now...\n|inactive|Boris Huang - YT has 120 seconds left.\n|inactive|Aqua has 120 seconds left.\n|j|+pokeblade\u2606101\n|\n|t:|1712372691\n|switch|p1a: Muk|Muk, L86, F|321/321\n|move|p2a: Ogerpon|Spikes|p1a: Muk\n|-sidestart|p1: Boris Huang - YT|Spikes\n|\n|-weather|RainDance|[upkeep]\n|upkeep\n|turn|2\n|c|\u2606Boris Huang - YT|woah nice badge x__x\n|inactive|Aqua has 120 seconds left.\n|\n|t:|1712372721\n|switch|p2a: Corviknight|Corviknight, L80, F|288/288\n|move|p1a: Muk|Knock Off|p2a: Corviknight\n|-damage|p2a: Corviknight|212/288\n|-enditem|p2a: Corviknight|Leftovers|[from] move: Knock Off|[of] p1a: Muk\n|\n|-weather|RainDance|[upkeep]\n|upkeep\n|turn|3\n|c|\u2606Aqua|aye\n|inactive|Aqua has 120 seconds left.\n|inactive|Boris Huang - YT has 120 seconds left.\n|\n|t:|1712372780\n|move|p2a: Corviknight|Brave Bird|p1a: Muk\n|-damage|p1a: Muk|200/321\n|-damage|p2a: Corviknight|172/288|[from] Recoil\n|move|p1a: Muk|Drain Punch|p2a: Corviknight\n|-damage|p2a: Corviknight|120/288\n|-heal|p1a: Muk|226/321|[from] drain|[of] p2a: Corviknight\n|\n|-weather|RainDance|[upkeep]\n|upkeep\n|turn|4\n|inactive|Aqua has 120 seconds left.\n|c|\u2606Boris Huang - YT|we doin it like dis\n|c|\u2606Boris Huang - YT|hol up in a cs lobby\n|\n|t:|1712372811\n|move|p2a: Corviknight|Roost|p2a: Corviknight\n|-heal|p2a: Corviknight|264/288\n|-singleturn|p2a: Corviknight|move: Roost\n|move|p1a: Muk|Drain Punch|p2a: Corviknight\n|-supereffective|p2a: Corviknight\n|-damage|p2a: Corviknight|154/288\n|-heal|p1a: Muk|281/321|[from] drain|[of] p2a: Corviknight\n|\n|-weather|RainDance|[upkeep]\n|upkeep\n|turn|5\n|\n|t:|1712372823\n|move|p2a: Corviknight|Brave Bird|p1a: Muk\n|-crit|p1a: Muk\n|-damage|p1a: Muk|112/321\n|-damage|p2a: Corviknight|98/288|[from] Recoil\n|move|p1a: Muk|Drain Punch|p2a: Corviknight\n|-damage|p2a: Corviknight|46/288\n|-heal|p1a: Muk|138/321|[from] drain|[of] p2a: Corviknight\n|\n|-weather|none\n|upkeep\n|turn|6\n|\n|t:|1712372834\n|move|p2a: Corviknight|Brave Bird|p1a: Muk\n|-crit|p1a: Muk\n|-damage|p1a: Muk|0 fnt\n|faint|p1a: Muk\n|-damage|p2a: Corviknight|0 fnt|[from] Recoil\n|faint|p2a: Corviknight\n|\n|upkeep\n|inactive|Boris Huang - YT has 120 seconds left.\n|inactive|Aqua has 90 seconds left.\n|\n|t:|1712372851\n|switch|p2a: Porygon-Z|Porygon-Z, L83|277/277\n|switch|p1a: Mesprit|Mesprit, L85|275/275\n|turn|7\n|\n|t:|1712372860\n|move|p2a: Porygon-Z|Tri Attack|p1a: Mesprit\n|-damage|p1a: Mesprit|141/275\n|move|p1a: Mesprit|Knock Off|p2a: Porygon-Z\n|-damage|p2a: Porygon-Z|182/277\n|-enditem|p2a: Porygon-Z|Choice Specs|[from] move: Knock Off|[of] p1a: Mesprit\n|\n|upkeep\n|turn|8\n|inactive|Boris Huang - YT has 120 seconds left.\n|j| ponisceck\n|inactive|Aqua has 90 seconds left.\n|c| ponisceck|go aqua\n|inactive|Boris Huang - YT has 90 seconds left.\n|c| ponisceck|pog double aquA CRIITTT\n|inactive|Boris Huang - YT has 60 seconds left.\n|\n|t:|1712372945\n|switch|p2a: Luvdisc|Luvdisc, F|247/247\n|move|p1a: Mesprit|Psychic Noise|p2a: Luvdisc\n|-crit|p2a: Luvdisc\n|-damage|p2a: Luvdisc|115/247\n|-start|p2a: Luvdisc|move: Heal Block\n|\n|upkeep\n|turn|9\n|inactiveoff|Battle timer is now OFF.\n|\n|t:|1712372957\n|move|p2a: Luvdisc|Whirlpool|p1a: Mesprit\n|-damage|p1a: Mesprit|125/275\n|-activate|p1a: Mesprit|move: Whirlpool|[of] p2a: Luvdisc\n|move|p1a: Mesprit|Psychic Noise|p2a: Luvdisc\n|-damage|p2a: Luvdisc|28/247\n|-fail|p2a: Luvdisc|move: Heal Block\n|\n|-damage|p1a: Mesprit|91/275|[from] move: Whirlpool|[partiallytrapped]\n|-end|p2a: Luvdisc|move: Heal Block\n|upkeep\n|turn|10\n|c|\u2606Boris Huang - YT|im cringe\n|\n|t:|1712372966\n|move|p2a: Luvdisc|Surf|p1a: Mesprit\n|-damage|p1a: Mesprit|51/275\n|move|p1a: Mesprit|Psychic Noise|p2a: Luvdisc\n|-damage|p2a: Luvdisc|0 fnt\n|faint|p2a: Luvdisc\n|\n|-end|p1a: Mesprit|Whirlpool|[partiallytrapped]|[silent]\n|upkeep\n|c| ponisceck|ya u have yt in ur name LOL\n|\n|t:|1712372970\n|switch|p2a: Ogerpon|Ogerpon-Cornerstone, L76, F|247/247\n|turn|11\n|\n|t:|1712373053\n|move|p2a: Ogerpon|Ivy Cudgel|p1a: Mesprit|[anim] Ivy Cudgel Rock\n|-damage|p1a: Mesprit|0 fnt\n|faint|p1a: Mesprit\n|\n|upkeep\n|\n|t:|1712373064\n|switch|p1a: Mew|Mew, L82|298/298\n|-damage|p1a: Mew|261/298|[from] Spikes\n|turn|12\n|\n|t:|1712373087\n|move|p2a: Ogerpon|Ivy Cudgel|p1a: Mew|[anim] Ivy Cudgel Rock\n|-damage|p1a: Mew|152/298\n|move|p1a: Mew|Swords Dance|p1a: Mew\n|-boost|p1a: Mew|atk|2\n|\n|upkeep\n|turn|13\n|\n|t:|1712373129\n|-terastallize|p2a: Ogerpon|Rock\n|detailschange|p2a: Ogerpon|Ogerpon-Cornerstone-Tera, L76, F, tera:Rock\n|-ability|p2a: Ogerpon|Embody Aspect (Cornerstone)|boost\n|-boost|p2a: Ogerpon|def|1\n|move|p2a: Ogerpon|Ivy Cudgel|p1a: Mew|[anim] Ivy Cudgel Rock\n|-damage|p1a: Mew|0 fnt\n|faint|p1a: Mew\n|\n|upkeep\n|\n|t:|1712373144\n|switch|p1a: Shiftry|Shiftry, L89, M|305/305\n|turn|14\n|\n|t:|1712373153\n|switch|p2a: Breloom|Breloom, L82, M|233/233\n|move|p1a: Shiftry|Leaf Storm|p2a: Breloom\n|-resisted|p2a: Breloom\n|-damage|p2a: Breloom|129/233\n|-unboost|p1a: Shiftry|spa|2\n|\n|upkeep\n|turn|15\n|\n|t:|1712373178\n|move|p2a: Breloom|Mach Punch|p1a: Shiftry\n|-supereffective|p1a: Shiftry\n|-damage|p1a: Shiftry|55/305\n|-damage|p2a: Breloom|106/233|[from] item: Life Orb\n|move|p1a: Shiftry|Will-O-Wisp|p2a: Breloom\n|-status|p2a: Breloom|brn\n|\n|-damage|p2a: Breloom|92/233 brn|[from] brn\n|upkeep\n|turn|16\n|\n|t:|1712373190\n|switch|p1a: Politoed|Politoed, L88, F|302/302\n|-damage|p1a: Politoed|265/302|[from] Spikes\n|-weather|RainDance|[from] ability: Drizzle|[of] p1a: Politoed\n|move|p2a: Breloom|Mach Punch|p1a: Politoed\n|-damage|p1a: Politoed|210/302\n|-damage|p2a: Breloom|69/233 brn|[from] item: Life Orb\n|\n|-weather|RainDance|[upkeep]\n|-damage|p2a: Breloom|55/233 brn|[from] brn\n|upkeep\n|turn|17\n|\n|t:|1712373202\n|move|p1a: Politoed|Rest|p1a: Politoed\n|-status|p1a: Politoed|slp|[from] move: Rest\n|-heal|p1a: Politoed|302/302 slp|[silent]\n|-enditem|p1a: Politoed|Chesto Berry|[eat]\n|-curestatus|p1a: Politoed|slp|[msg]\n|move|p2a: Breloom|Bullet Seed|p1a: Politoed\n|-supereffective|p1a: Politoed\n|-damage|p1a: Politoed|231/302\n|-supereffective|p1a: Politoed\n|-damage|p1a: Politoed|163/302\n|-supereffective|p1a: Politoed\n|-damage|p1a: Politoed|101/302\n|-hitcount|p1a: Politoed|3\n|-damage|p2a: Breloom|32/233 brn|[from] item: Life Orb\n|\n|-weather|RainDance|[upkeep]\n|-damage|p2a: Breloom|18/233 brn|[from] brn\n|upkeep\n|turn|18\n|\n|t:|1712373209\n|move|p2a: Breloom|Mach Punch|p1a: Politoed\n|-damage|p1a: Politoed|49/302\n|-damage|p2a: Breloom|0 fnt|[from] item: Life Orb\n|faint|p2a: Breloom\n|move|p1a: Politoed|Ice Beam|p2: Breloom|[notarget]\n|-fail|p1a: Politoed\n|\n|-weather|RainDance|[upkeep]\n|upkeep\n|\n|t:|1712373231\n|switch|p2a: Ogerpon|Ogerpon-Cornerstone-Tera, L76, F, tera:Rock|247/247\n|-ability|p2a: Ogerpon|Embody Aspect (Cornerstone)|boost\n|-boost|p2a: Ogerpon|def|1\n|turn|19\n|\n|t:|1712373239\n|move|p2a: Ogerpon|Ivy Cudgel|p1a: Politoed|[anim] Ivy Cudgel Rock\n|-damage|p1a: Politoed|0 fnt\n|faint|p1a: Politoed\n|\n|-weather|RainDance|[upkeep]\n|upkeep\n|\n|t:|1712373247\n|switch|p1a: Altaria|Altaria, L88, M|275/275\n|turn|20\n|\n|t:|1712373267\n|switch|p2a: Beartic|Beartic, L90, M|317/317\n|-terastallize|p1a: Altaria|Ground\n|move|p1a: Altaria|Dragon Dance|p1a: Altaria\n|-boost|p1a: Altaria|atk|1\n|-boost|p1a: Altaria|spe|1\n|\n|-weather|none\n|upkeep\n|turn|21\n|\n|t:|1712373275\n|move|p1a: Altaria|Earthquake|p2a: Beartic\n|-damage|p2a: Beartic|190/317\n|move|p2a: Beartic|Icicle Crash|p1a: Altaria\n|-supereffective|p1a: Altaria\n|-damage|p1a: Altaria|39/275\n|\n|upkeep\n|turn|22\n|\n|t:|1712373285\n|move|p1a: Altaria|Earthquake|p2a: Beartic\n|-damage|p2a: Beartic|57/317\n|move|p2a: Beartic|Earthquake|p1a: Altaria\n|-damage|p1a: Altaria|0 fnt\n|faint|p1a: Altaria\n|\n|upkeep\n|c|\u2606Boris Huang - YT|gg\n|c|\u2606Aqua|gg\n|-message|Boris Huang - YT forfeited.\n|\n|win|Aqua\n|raw|Boris Huang - YT's rating: 2398 &rarr; <strong>2381</strong><br />(-17 for losing)\n|raw|Aqua's rating: 2448 &rarr; <strong>2465</strong><br />(+17 for winning)\n|l|\u2606Boris Huang - YT\n|player|p1|\n", "inputlog": ">version 5e6884075e425dc5b64255756e621f094dcccacd\n>start {\"formatid\":\"gen9randombattle\",\"seed\":[40855,57934,25263,18269],\"rated\":\"Rated battle\"}\n>player p1 {\"name\":\"Boris Huang - YT\",\"avatar\":\"265\",\"rating\":2398,\"seed\":[6563,3161,38034,30094]}\n>player p2 {\"name\":\"Aqua\",\"avatar\":\"#rbtt6teamlatias\",\"rating\":2448,\"seed\":[56779,20406,41005,23068]}\n>chat \u2606Boris Huang - YT|in\n>chat \u2606Aqua|o dang\n>chat \u2606Aqua|I need to tryhard now...\n>p1 switch 2\n>p2 move spikes\n>chat \u2606Boris Huang - YT|woah nice badge x__x\n>p1 move knockoff\n>p2 switch 6\n>chat \u2606Aqua|aye\n>p1 move drainpunch\n>p2 move bravebird\n>chat \u2606Boris Huang - YT|we doin it like dis\n>chat \u2606Boris Huang - YT|hol up in a cs lobby\n>p1 move drainpunch\n>p2 move roost\n>p1 move drainpunch\n>p2 move bravebird\n>p1 move drainpunch\n>p2 move bravebird\n>p1 switch 4\n>p2 switch 2\n>p1 move knockoff\n>p2 move triattack\n>chat  ponisceck|go aqua\n>chat  ponisceck|pog double aquA CRIITTT\n>p1 move psychicnoise\n>p2 switch 4\n>p1 move psychicnoise\n>p2 move whirlpool\n>chat \u2606Boris Huang - YT|im cringe\n>p1 move psychicnoise\n>p2 move surf\n>chat  ponisceck|ya u have yt in ur name LOL\n>p2 switch 6\n>p1 move psychicnoise\n>p2 move ivycudgel\n>p1 switch 6\n>p1 move swordsdance\n>p2 move ivycudgel\n>p1 move leechlife\n>p2 move ivycudgel terastallize\n>p1 switch 5\n>p1 move leafstorm\n>p2 switch 5\n>p1 move willowisp\n>p2 move machpunch\n>p1 switch 2\n>p2 move machpunch\n>p1 move rest\n>p2 move bulletseed\n>p1 move icebeam\n>p2 move machpunch\n>p2 switch 5\n>p1 move hydropump\n>p2 move ivycudgel\n>p1 switch 3\n>p1 move dragondance terastallize\n>p2 switch 3\n>p1 move earthquake\n>p2 move iciclecrash\n>p1 move earthquake\n>p2 move earthquake\n>chat \u2606Boris Huang - YT|gg\n>chat \u2606Aqua|gg\n>forcelose p1", "uploadtime": 1712373304, "views": 246, "formatid": "gen9randombattle", "rating": 2381, "private": 0, "password": null}