{"id": "gen9randombattle-2114667459", "format": "[Gen 9] Random Battle", "players": ["Norman2!", "sylvee1"], "log": "|badge|p1|silver|gen9randombattle|30-1\n|html|<div class=\"broadcast-red\"><strong>This battle is required to be public due to one or more player having a season medal.</strong><br />During the public phase, you can discuss the state of the ladder <a href=\"/seasondiscussion\">in a special chatroom.</a></div>\n|uhtml|medal-msg|<div class=\"broadcast-blue\">Curious what those medals under the avatar are? PS now has Ladder Seasons! For more information, check out the <a href=\"https://www.smogon.com/forums/threads/3740067/\">thread on Smogon.</a></div>\n|badge|p2|bronze|gen9randombattle|100-1\n|uhtml|medal-msg|<div class=\"broadcast-blue\">Curious what those medals under the avatar are? PS now has Ladder Seasons! For more information, check out the <a href=\"https://www.smogon.com/forums/threads/3740067/\">thread on Smogon.</a></div>\n|raw|<div class=\"broadcast-blue\"><strong>This battle is required to be public due to a player having a name starting with 'medal'.</div>\n|j|\u203dNorman2!\n|j|\u2606sylvee1\n|t:|1714471669\n|gametype|singles\n|player|p1|Norman2!|2|2416\n|player|p2|sylvee1|serena-masters2|2317\n|teamsize|p1|6\n|teamsize|p2|6\n|gen|9\n|tier|[Gen 9] Random Battle\n|rated|\n|rule|Species Clause: Limit one of each Pok\u00e9mon\n|rule|HP Percentage Mod: HP is shown in percentages\n|rule|Sleep Clause Mod: Limit one foe put to sleep\n|rule|Illusion Level Mod: Illusion disguises the Pok\u00e9mon's true level\n|\n|t:|1714471669\n|start\n|switch|p1a: Altaria|Altaria, L88, M|275/275\n|switch|p2a: Volcanion|Volcanion, L79|256/256\n|turn|1\n|inactive|Battle timer is ON: inactive players will automatically lose when time's up. (requested by sylvee1)\n|j| 2021585586l\n|c|\u2606sylvee1|glhf\n|\n|t:|1714471692\n|switch|p2a: Mightyena|Mightyena, L95, F|287/287\n|-ability|p2a: Mightyena|Intimidate|boost\n|-unboost|p1a: Altaria|atk|1\n|move|p1a: Altaria|Brave Bird|p2a: Mightyena\n|-damage|p2a: Mightyena|206/287\n|-damage|p1a: Altaria|248/275|[from] Recoil\n|\n|upkeep\n|turn|2\n|l| 2021585586l\n|inactive|Norman2! has 120 seconds left.\n|\n|t:|1714471724\n|switch|p1a: Archaludon|Archaludon, L78, M|268/268\n|move|p2a: Mightyena|Poison Fang|p1a: Archaludon\n|-immune|p1a: Archaludon\n|\n|upkeep\n|turn|3\n|\n|t:|1714471733\n|move|p2a: Mightyena|Taunt|p1a: Archaludon\n|-start|p1a: Archaludon|move: Taunt\n|cant|p1a: Archaludon|move: Taunt|Swords Dance\n|\n|upkeep\n|turn|4\n|inactive|Norman2! has 120 seconds left.\n|\n|t:|1714471756\n|move|p2a: Mightyena|Crunch|p1a: Archaludon\n|-damage|p1a: Archaludon|155/268\n|-ability|p1a: Archaludon|Stamina|boost\n|-boost|p1a: Archaludon|def|1\n|-damage|p2a: Mightyena|178/287|[from] item: Life Orb\n|move|p1a: Archaludon|Iron Head|p2a: Mightyena\n|-damage|p2a: Mightyena|97/287\n|\n|upkeep\n|turn|5\n|inactive|Norman2! has 120 seconds left.\n|\n|t:|1714471767\n|move|p2a: Mightyena|Crunch|p1a: Archaludon\n|-damage|p1a: Archaludon|77/268\n|-ability|p1a: Archaludon|Stamina|boost\n|-boost|p1a: Archaludon|def|1\n|-damage|p2a: Mightyena|69/287|[from] item: Life Orb\n|move|p1a: Archaludon|Iron Head|p2a: Mightyena\n|-damage|p2a: Mightyena|0 fnt\n|faint|p2a: Mightyena\n|\n|-end|p1a: Archaludon|move: Taunt\n|upkeep\n|\n|t:|1714471779\n|switch|p2a: Medicham|Medicham, L86, M|243/243\n|turn|6\n|inactive|Norman2! has 120 seconds left.\n|inactive|Norman2! has 90 seconds left.\n|\n|t:|1714471836\n|switch|p1a: Altaria|Altaria, L88, M|248/275\n|move|p2a: Medicham|Close Combat|p1a: Altaria\n|-resisted|p1a: Altaria\n|-damage|p1a: Altaria|109/275\n|-unboost|p2a: Medicham|def|1\n|-unboost|p2a: Medicham|spd|1\n|\n|upkeep\n|turn|7\n|\n|t:|1714471843\n|switch|p2a: Bastiodon|Bastiodon, L89, M|252/252\n|move|p1a: Altaria|Brave Bird|p2a: Bastiodon\n|-resisted|p2a: Bastiodon\n|-damage|p2a: Bastiodon|236/252\n|-damage|p1a: Altaria|104/275|[from] Recoil\n|\n|upkeep\n|turn|8\n|j| tyrantkingdad\n|\n|t:|1714471850\n|switch|p2a: Pelipper|Pelipper, L86, M|243/243\n|-weather|RainDance|[from] ability: Drizzle|[of] p2a: Pelipper\n|move|p1a: Altaria|Roost|p1a: Altaria\n|-heal|p1a: Altaria|242/275\n|-singleturn|p1a: Altaria|move: Roost\n|\n|-weather|RainDance|[upkeep]\n|upkeep\n|turn|9\n|\n|t:|1714471861\n|switch|p1a: Archaludon|Archaludon, L78, M|77/268\n|move|p2a: Pelipper|Hurricane|p1a: Archaludon\n|-resisted|p1a: Archaludon\n|-damage|p1a: Archaludon|0 fnt\n|faint|p1a: Archaludon\n|\n|-weather|RainDance|[upkeep]\n|upkeep\n|inactive|Norman2! has 90 seconds left.\n|\n|t:|1714471875\n|switch|p1a: Ambipom|Ambipom, L84, M|263/263\n|turn|10\n|\n|t:|1714471893\n|move|p1a: Ambipom|Knock Off|p2a: Pelipper\n|-damage|p2a: Pelipper|180/243\n|-enditem|p2a: Pelipper|Heavy-Duty Boots|[from] move: Knock Off|[of] p1a: Ambipom\n|move|p2a: Pelipper|Hurricane|p1a: Ambipom\n|-damage|p1a: Ambipom|116/263\n|\n|-weather|RainDance|[upkeep]\n|upkeep\n|turn|11\n|\n|t:|1714471908\n|move|p1a: Ambipom|Double-Edge|p2a: Pelipper\n|-damage|p2a: Pelipper|38/243\n|-damage|p1a: Ambipom|69/263|[from] Recoil\n|move|p2a: Pelipper|Roost|p2a: Pelipper\n|-heal|p2a: Pelipper|160/243\n|-singleturn|p2a: Pelipper|move: Roost\n|\n|-weather|RainDance|[upkeep]\n|upkeep\n|turn|12\n|\n|t:|1714471915\n|move|p1a: Ambipom|U-turn|p2a: Pelipper\n|-resisted|p2a: Pelipper\n|-damage|p2a: Pelipper|137/243\n|\n|t:|1714471917\n|switch|p1a: Altaria|Altaria, L88, M|242/275|[from] U-turn\n|move|p2a: Pelipper|Roost|p2a: Pelipper\n|-heal|p2a: Pelipper|243/243\n|-singleturn|p2a: Pelipper|move: Roost\n|\n|-weather|none\n|upkeep\n|turn|13\n|inactive|Norman2! has 120 seconds left.\n|\n|t:|1714471939\n|switch|p1a: Iron Moth|Iron Moth, L78|253/253\n|switch|p2a: Bastiodon|Bastiodon, L89, M|236/252\n|\n|upkeep\n|turn|14\n|\n|t:|1714471964\n|switch|p2a: Volcanion|Volcanion, L79|256/256\n|move|p1a: Iron Moth|Toxic Spikes|p2a: Volcanion\n|-sidestart|p2: sylvee1|move: Toxic Spikes\n|\n|upkeep\n|turn|15\n|\n|t:|1714471978\n|-end|p1a: Iron Moth|Quark Drive|[silent]\n|switch|p1a: Wo-Chien|Wo-Chien, L83|277/277\n|-ability|p1a: Wo-Chien|Tablets of Ruin\n|move|p2a: Volcanion|Steam Eruption|p1a: Wo-Chien\n|-resisted|p1a: Wo-Chien\n|-damage|p1a: Wo-Chien|232/277\n|-status|p1a: Wo-Chien|brn\n|\n|-heal|p1a: Wo-Chien|249/277 brn|[from] item: Leftovers\n|-damage|p1a: Wo-Chien|232/277 brn|[from] brn\n|upkeep\n|turn|16\n|\n|t:|1714471988\n|switch|p2a: Pelipper|Pelipper, L86, M|243/243\n|-weather|RainDance|[from] ability: Drizzle|[of] p2a: Pelipper\n|move|p1a: Wo-Chien|Stun Spore|p2a: Pelipper\n|-status|p2a: Pelipper|par\n|\n|-weather|RainDance|[upkeep]\n|-heal|p1a: Wo-Chien|249/277 brn|[from] item: Leftovers\n|-damage|p1a: Wo-Chien|232/277 brn|[from] brn\n|upkeep\n|turn|17\n|inactive|Norman2! has 120 seconds left.\n|\n|t:|1714472006\n|switch|p1a: Altaria|Altaria, L88, M|242/275\n|cant|p2a: Pelipper|par\n|\n|-weather|RainDance|[upkeep]\n|upkeep\n|turn|18\n|\n|t:|1714472028\n|switch|p1a: Iron Moth|Iron Moth, L78|253/253\n|move|p2a: Pelipper|Hurricane|p1a: Iron Moth\n|-damage|p1a: Iron Moth|145/253\n|\n|-weather|RainDance|[upkeep]\n|upkeep\n|turn|19\n|\n|t:|1714472034\n|move|p1a: Iron Moth|Sludge Wave|p2a: Pelipper\n|-damage|p2a: Pelipper|96/243 par\n|cant|p2a: Pelipper|par\n|\n|-weather|RainDance|[upkeep]\n|upkeep\n|turn|20\n|l| tyrantkingdad\n|\n|t:|1714472043\n|switch|p2a: Bastiodon|Bastiodon, L89, M|236/252\n|move|p1a: Iron Moth|Sludge Wave|p2a: Bastiodon\n|-immune|p2a: Bastiodon\n|\n|-weather|none\n|upkeep\n|turn|21\n|j| tyrantkingdad\n|\n|t:|1714472055\n|switch|p2a: Volcanion|Volcanion, L79|256/256\n|move|p1a: Iron Moth|Fiery Dance|p2a: Volcanion\n|-resisted|p2a: Volcanion\n|-crit|p2a: Volcanion\n|-damage|p2a: Volcanion|216/256\n|-boost|p1a: Iron Moth|spa|1\n|\n|upkeep\n|turn|22\n|\n|t:|1714472062\n|-end|p1a: Iron Moth|Quark Drive|[silent]\n|switch|p1a: Wo-Chien|Wo-Chien, L83|232/277 brn\n|-ability|p1a: Wo-Chien|Tablets of Ruin\n|move|p2a: Volcanion|Steam Eruption|p1a: Wo-Chien\n|-resisted|p1a: Wo-Chien\n|-damage|p1a: Wo-Chien|187/277 brn\n|\n|-heal|p1a: Wo-Chien|204/277 brn|[from] item: Leftovers\n|-damage|p1a: Wo-Chien|187/277 brn|[from] brn\n|upkeep\n|turn|23\n|\n|t:|1714472069\n|move|p1a: Wo-Chien|Giga Drain|p2a: Volcanion\n|-damage|p2a: Volcanion|128/256\n|-heal|p1a: Wo-Chien|231/277 brn|[from] drain|[of] p2a: Volcanion\n|move|p2a: Volcanion|Flamethrower|p1a: Wo-Chien\n|-supereffective|p1a: Wo-Chien\n|-damage|p1a: Wo-Chien|73/277 brn\n|\n|-heal|p1a: Wo-Chien|90/277 brn|[from] item: Leftovers\n|-damage|p1a: Wo-Chien|73/277 brn|[from] brn\n|upkeep\n|turn|24\n|\n|t:|1714472076\n|switch|p2a: Pelipper|Pelipper, L86, M|96/243 par\n|-weather|RainDance|[from] ability: Drizzle|[of] p2a: Pelipper\n|move|p1a: Wo-Chien|Giga Drain|p2a: Pelipper\n|-damage|p2a: Pelipper|14/243 par\n|-heal|p1a: Wo-Chien|114/277 brn|[from] drain|[of] p2a: Pelipper\n|\n|-weather|RainDance|[upkeep]\n|-heal|p1a: Wo-Chien|131/277 brn|[from] item: Leftovers\n|-damage|p1a: Wo-Chien|114/277 brn|[from] brn\n|upkeep\n|turn|25\n|\n|t:|1714472084\n|move|p1a: Wo-Chien|Giga Drain|p2a: Pelipper\n|-damage|p2a: Pelipper|0 fnt\n|-heal|p1a: Wo-Chien|121/277 brn|[from] drain|[of] p2a: Pelipper\n|faint|p2a: Pelipper\n|\n|-weather|RainDance|[upkeep]\n|-heal|p1a: Wo-Chien|138/277 brn|[from] item: Leftovers\n|-damage|p1a: Wo-Chien|121/277 brn|[from] brn\n|upkeep\n|\n|t:|1714472091\n|switch|p2a: Medicham|Medicham, L86, M|243/243\n|-status|p2a: Medicham|psn\n|turn|26\n|\n|t:|1714472106\n|-terastallize|p2a: Medicham|Fighting\n|move|p2a: Medicham|Close Combat|p1a: Wo-Chien\n|-supereffective|p1a: Wo-Chien\n|-damage|p1a: Wo-Chien|0 fnt\n|-unboost|p2a: Medicham|def|1\n|-unboost|p2a: Medicham|spd|1\n|faint|p1a: Wo-Chien\n|\n|-weather|RainDance|[upkeep]\n|-damage|p2a: Medicham|213/243 psn|[from] psn\n|upkeep\n|\n|t:|1714472115\n|switch|p1a: Altaria|Altaria, L88, M|242/275\n|turn|27\n|\n|t:|1714472120\n|switch|p2a: Bastiodon|Bastiodon, L89, M|236/252\n|move|p1a: Altaria|Brave Bird|p2a: Bastiodon\n|-resisted|p2a: Bastiodon\n|-damage|p2a: Bastiodon|220/252\n|-damage|p1a: Altaria|237/275|[from] Recoil\n|\n|-weather|RainDance|[upkeep]\n|upkeep\n|turn|28\n|\n|t:|1714472129\n|switch|p1a: Ambipom|Ambipom, L84, M|69/263\n|move|p2a: Bastiodon|Iron Defense|p2a: Bastiodon\n|-boost|p2a: Bastiodon|def|2\n|\n|-weather|none\n|upkeep\n|turn|29\n|\n|t:|1714472140\n|move|p1a: Ambipom|Knock Off|p2a: Bastiodon\n|-damage|p2a: Bastiodon|200/252\n|-enditem|p2a: Bastiodon|Chesto Berry|[from] move: Knock Off|[of] p1a: Ambipom\n|move|p2a: Bastiodon|Iron Defense|p2a: Bastiodon\n|-boost|p2a: Bastiodon|def|2\n|\n|upkeep\n|turn|30\n|\n|t:|1714472153\n|switch|p1a: Altaria|Altaria, L88, M|237/275\n|move|p2a: Bastiodon|Body Press|p1a: Altaria\n|-resisted|p1a: Altaria\n|-damage|p1a: Altaria|106/275\n|\n|upkeep\n|turn|31\n|\n|t:|1714472162\n|move|p1a: Altaria|Haze|p1a: Altaria\n|-clearallboost\n|move|p2a: Bastiodon|Body Press|p1a: Altaria\n|-resisted|p1a: Altaria\n|-damage|p1a: Altaria|63/275\n|\n|upkeep\n|turn|32\n|\n|t:|1714472166\n|move|p1a: Altaria|Roost|p1a: Altaria\n|-heal|p1a: Altaria|201/275\n|-singleturn|p1a: Altaria|move: Roost\n|move|p2a: Bastiodon|Iron Defense|p2a: Bastiodon\n|-boost|p2a: Bastiodon|def|2\n|\n|upkeep\n|turn|33\n|\n|t:|1714472179\n|move|p1a: Altaria|Haze|p1a: Altaria\n|-clearallboost\n|move|p2a: Bastiodon|Iron Defense|p2a: Bastiodon\n|-boost|p2a: Bastiodon|def|2\n|\n|upkeep\n|turn|34\n|\n|t:|1714472181\n|move|p1a: Altaria|Haze|p1a: Altaria\n|-clearallboost\n|move|p2a: Bastiodon|Iron Defense|p2a: Bastiodon\n|-boost|p2a: Bastiodon|def|2\n|\n|upkeep\n|turn|35\n|\n|t:|1714472184\n|move|p1a: Altaria|Haze|p1a: Altaria\n|-clearallboost\n|move|p2a: Bastiodon|Iron Defense|p2a: Bastiodon\n|-boost|p2a: Bastiodon|def|2\n|\n|upkeep\n|turn|36\n|\n|t:|1714472189\n|move|p1a: Altaria|Haze|p1a: Altaria\n|-clearallboost\n|move|p2a: Bastiodon|Foul Play|p1a: Altaria\n|-damage|p1a: Altaria|147/275\n|\n|upkeep\n|turn|37\n|\n|t:|1714472194\n|move|p1a: Altaria|Roost|p1a: Altaria\n|-heal|p1a: Altaria|275/275\n|-singleturn|p1a: Altaria|move: Roost\n|move|p2a: Bastiodon|Iron Defense|p2a: Bastiodon\n|-boost|p2a: Bastiodon|def|2\n|\n|upkeep\n|turn|38\n|\n|t:|1714472197\n|move|p1a: Altaria|Haze|p1a: Altaria\n|-clearallboost\n|move|p2a: Bastiodon|Foul Play|p1a: Altaria\n|-damage|p1a: Altaria|215/275\n|\n|upkeep\n|turn|39\n|\n|t:|1714472200\n|switch|p1a: Iron Moth|Iron Moth, L78|145/253\n|move|p2a: Bastiodon|Foul Play|p1a: Iron Moth\n|-damage|p1a: Iron Moth|73/253\n|\n|upkeep\n|turn|40\n|\n|t:|1714472203\n|move|p1a: Iron Moth|Fiery Dance|p2a: Bastiodon\n|-damage|p2a: Bastiodon|136/252\n|-boost|p1a: Iron Moth|spa|1\n|move|p2a: Bastiodon|Foul Play|p1a: Iron Moth\n|-damage|p1a: Iron Moth|1/253\n|\n|upkeep\n|turn|41\n|\n|t:|1714472214\n|move|p1a: Iron Moth|Fiery Dance|p2a: Bastiodon\n|-damage|p2a: Bastiodon|34/252\n|-boost|p1a: Iron Moth|spa|1\n|move|p2a: Bastiodon|Foul Play|p1a: Iron Moth\n|-damage|p1a: Iron Moth|0 fnt\n|faint|p1a: Iron Moth\n|-end|p1a: Iron Moth|Quark Drive|[silent]\n|\n|upkeep\n|\n|t:|1714472222\n|switch|p1a: Golduck|Golduck, L90, F|290/290\n|-ability|p1a: Golduck|Cloud Nine\n|turn|42\n|\n|t:|1714472227\n|switch|p2a: Volcanion|Volcanion, L79|128/256\n|move|p1a: Golduck|Grass Knot|p2a: Volcanion\n|-damage|p2a: Volcanion|23/256\n|-damage|p1a: Golduck|261/290|[from] item: Life Orb\n|\n|upkeep\n|turn|43\n|\n|t:|1714472235\n|move|p1a: Golduck|Grass Knot|p2a: Volcanion\n|-damage|p2a: Volcanion|0 fnt\n|faint|p2a: Volcanion\n|-damage|p1a: Golduck|232/290|[from] item: Life Orb\n|\n|upkeep\n|inactive|sylvee1 has 120 seconds left.\n|\n|t:|1714472266\n|switch|p2a: Medicham|Medicham, L86, M, tera:Fighting|213/243 psn\n|turn|44\n|\n|t:|1714472275\n|switch|p1a: Ambipom|Ambipom, L84, M|69/263\n|move|p2a: Medicham|Close Combat|p1a: Ambipom\n|-supereffective|p1a: Ambipom\n|-damage|p1a: Ambipom|0 fnt\n|-unboost|p2a: Medicham|def|1\n|-unboost|p2a: Medicham|spd|1\n|faint|p1a: Ambipom\n|\n|-damage|p2a: Medicham|183/243 psn|[from] psn\n|upkeep\n|\n|t:|1714472280\n|switch|p1a: Altaria|Altaria, L88, M|215/275\n|turn|45\n|\n|t:|1714472304\n|move|p1a: Altaria|Brave Bird|p2a: Medicham\n|-supereffective|p2a: Medicham\n|-damage|p2a: Medicham|0 fnt\n|faint|p2a: Medicham\n|-damage|p1a: Altaria|155/275|[from] Recoil\n|\n|upkeep\n|\n|t:|1714472311\n|switch|p2a: Bastiodon|Bastiodon, L89, M|34/252\n|turn|46\n|\n|t:|1714472315\n|switch|p1a: Golduck|Golduck, L90, F|232/290\n|-ability|p1a: Golduck|Cloud Nine\n|move|p2a: Bastiodon|Rest|p2a: Bastiodon\n|-status|p2a: Bastiodon|slp|[from] move: Rest\n|-heal|p2a: Bastiodon|252/252 slp|[silent]\n|\n|upkeep\n|turn|47\n|\n|t:|1714472334\n|move|p1a: Golduck|Nasty Plot|p1a: Golduck\n|-boost|p1a: Golduck|spa|2\n|cant|p2a: Bastiodon|slp\n|\n|upkeep\n|turn|48\n|\n|t:|1714472341\n|move|p1a: Golduck|Hydro Pump|p2a: Bastiodon\n|-supereffective|p2a: Bastiodon\n|-damage|p2a: Bastiodon|0 fnt\n|faint|p2a: Bastiodon\n|-damage|p1a: Golduck|203/290|[from] item: Life Orb\n|\n|upkeep\n|\n|t:|1714472344\n|switch|p2a: Hoopa|Hoopa, L85|275/275\n|-status|p2a: Hoopa|psn\n|turn|49\n|\n|t:|1714472352\n|-terastallize|p1a: Golduck|Water\n|move|p1a: Golduck|Hydro Pump|p2a: Hoopa\n|-damage|p2a: Hoopa|0 fnt\n|faint|p2a: Hoopa\n|-damage|p1a: Golduck|174/290|[from] item: Life Orb\n|\n|win|Norman2!\n|raw|Norman2!'s rating: 2416 &rarr; <strong>2430</strong><br />(+14 for winning)\n|raw|sylvee1's rating: 2317 &rarr; <strong>2303</strong><br />(-14 for losing)\n|c|\u2606sylvee1|gg\n|c|\u2606sylvee1|wp\n", "inputlog": ">version b84337b8f7878220839aa0c41b4e8e9021e31424\n>start {\"formatid\":\"gen9randombattle\",\"seed\":[9101,35058,31002,39351],\"rated\":\"Rated battle\"}\n>player p1 {\"name\":\"Norman2!\",\"avatar\":\"2\",\"rating\":2416,\"seed\":[47487,45699,59808,31830]}\n>player p2 {\"name\":\"sylvee1\",\"avatar\":\"serena-masters2\",\"rating\":2317,\"seed\":[39924,54272,9656,60918]}\n>chat \u2606sylvee1|glhf\n>p1 move bravebird\n>p2 switch 4\n>p1 switch 4\n>p2 move poisonfang\n>p1 move swordsdance\n>p2 move taunt\n>p1 move ironhead\n>p2 move crunch\n>p1 move ironhead\n>p2 move crunch\n>p2 switch 6\n>p1 switch 4\n>p2 move closecombat\n>p1 move bravebird\n>p2 switch 3\n>p1 move roost\n>p2 switch 2\n>p1 switch 4\n>p2 move hurricane\n>p1 switch 5\n>p1 move knockoff\n>p2 move hurricane\n>p1 move doubleedge\n>p2 move roost\n>p1 move uturn\n>p2 move roost\n>p1 switch 4\n>p1 switch 3\n>p2 switch 2\n>p1 move toxicspikes\n>p2 switch 4\n>p1 switch 2\n>p2 move steameruption\n>p1 move stunspore\n>p2 switch 2\n>p1 switch 3\n>p2 move hurricane\n>p1 switch 2\n>p2 move hurricane\n>p1 move sludgewave\n>p2 move surf\n>p1 move sludgewave\n>p2 switch 4\n>p1 move fierydance\n>p2 switch 2\n>p1 switch 3\n>p2 move steameruption\n>p1 move gigadrain\n>p2 move flamethrower\n>p1 move gigadrain\n>p2 switch 4\n>p1 move gigadrain\n>p2 move roost\n>p2 switch 3\n>p1 move knockoff\n>p2 move closecombat terastallize\n>p1 switch 2\n>p1 move bravebird\n>p2 switch 2\n>p1 switch 4\n>p2 move irondefense\n>p1 move knockoff\n>p2 move irondefense\n>p1 switch 4\n>p2 move bodypress\n>p1 move haze\n>p2 move bodypress\n>p1 move roost\n>p2 move irondefense\n>p1 move haze\n>p2 move irondefense\n>p1 move haze\n>p2 move irondefense\n>p1 move haze\n>p2 move irondefense\n>p1 move haze\n>p2 move foulplay\n>p1 move roost\n>p2 move irondefense\n>p1 move haze\n>p2 move foulplay\n>p1 switch 3\n>p2 move foulplay\n>p1 move fierydance\n>p2 move foulplay\n>p1 move fierydance\n>p2 move foulplay\n>p1 switch 6\n>p1 move grassknot\n>p2 switch 4\n>p1 move grassknot\n>p2 move steameruption\n>p2 switch 2\n>p1 switch 4\n>p2 move closecombat\n>p1 switch 3\n>p1 move bravebird\n>p2 move closecombat\n>p2 switch 4\n>p1 switch 4\n>p2 move rest\n>p1 move nastyplot\n>p2 move bodypress\n>p1 move hydropump\n>p2 move bodypress\n>p2 switch 5\n>p1 move hydropump terastallize\n>p2 move psyshock", "uploadtime": 1714472357, "views": 239, "formatid": "gen9randombattle", "rating": 2303, "private": 0, "password": null}