{"id": "gen9randombattle-2260353355", "format": "[Gen 9] Random Battle", "players": ["moongod123to", "RAFI3001"], "log": "|j|\u2606moongod123to\n|j|\u2606RAFI3001\n|t:|1733843161\n|gametype|singles\n|player|p1|moongod123to|2|1150\n|player|p2|RAFI3001|lance|1190\n|teamsize|p1|6\n|teamsize|p2|6\n|gen|9\n|tier|[Gen 9] Random Battle\n|rated|\n|rule|Species Clause: Limit one of each Pok\u00e9mon\n|rule|HP Percentage Mod: HP is shown in percentages\n|rule|Sleep Clause Mod: Limit one foe put to sleep\n|rule|Illusion Level Mod: Illusion disguises the Pok\u00e9mon's true level\n|\n|t:|1733843161\n|start\n|switch|p1a: Oricorio|Oricorio, L84, F|263/263\n|switch|p2a: Garganacl|Garganacl, L80, M|291/291\n|turn|1\n|inactive|Battle timer is ON: inactive players will automatically lose when time's up. (requested by moongod123to)\n|\n|t:|1733843179\n|switch|p1a: Glimmora|Glimmora, L75, F|248/248\n|move|p2a: Garganacl|Salt Cure|p1a: Glimmora\n|-damage|p1a: Glimmora|202/248\n|-start|p1a: Glimmora|Salt Cure\n|-activate|p1a: Glimmora|ability: Toxic Debris\n|-sidestart|p2: RAFI3001|move: Toxic Spikes\n|\n|-damage|p1a: Glimmora|171/248|[from] Salt Cure\n|upkeep\n|turn|2\n|\n|t:|1733843205\n|move|p1a: Glimmora|Earth Power|p2a: Garganacl\n|-supereffective|p2a: Garganacl\n|-damage|p2a: Garganacl|143/291\n|move|p2a: Garganacl|Stealth Rock|p1a: Glimmora\n|-sidestart|p1: moongod123to|move: Stealth Rock\n|\n|-heal|p2a: Garganacl|161/291|[from] item: Leftovers\n|-damage|p1a: Glimmora|140/248|[from] Salt Cure\n|upkeep\n|turn|3\n|\n|t:|1733843212\n|move|p1a: Glimmora|Mortal Spin|p2a: Garganacl\n|-resisted|p2a: Garganacl\n|-damage|p2a: Garganacl|155/291\n|-sideend|p1: moongod123to|Stealth Rock|[from] move: Mortal Spin|[of] p1a: Glimmora\n|move|p2a: Garganacl|Recover|p2a: Garganacl\n|-heal|p2a: Garganacl|291/291\n|\n|-damage|p1a: Glimmora|109/248|[from] Salt Cure\n|upkeep\n|turn|4\n|\n|t:|1733843233\n|switch|p1a: Regice|Regice, L88|284/284\n|move|p2a: Garganacl|Stealth Rock|p1a: Regice\n|-sidestart|p1: moongod123to|move: Stealth Rock\n|\n|upkeep\n|turn|5\n|\n|t:|1733843240\n|move|p1a: Regice|Thunder Wave|p2a: Garganacl\n|-immune|p2a: Garganacl|[from] ability: Purifying Salt\n|move|p2a: Garganacl|Salt Cure|p1a: Regice\n|-supereffective|p1a: Regice\n|-damage|p1a: Regice|216/284\n|-start|p1a: Regice|Salt Cure\n|\n|-damage|p1a: Regice|181/284|[from] Salt Cure\n|upkeep\n|turn|6\n|\n|t:|1733843254\n|move|p1a: Regice|Body Press|p2a: Garganacl\n|-supereffective|p2a: Garganacl\n|-damage|p2a: Garganacl|191/291\n|move|p2a: Garganacl|Salt Cure|p1a: Regice\n|-supereffective|p1a: Regice\n|-damage|p1a: Regice|107/284\n|\n|-heal|p2a: Garganacl|209/291|[from] item: Leftovers\n|-damage|p1a: Regice|72/284|[from] Salt Cure\n|upkeep\n|turn|7\n|\n|t:|1733843263\n|switch|p1a: Glimmora|Glimmora, L75, F|109/248\n|-damage|p1a: Glimmora|78/248|[from] Stealth Rock\n|move|p2a: Garganacl|Recover|p2a: Garganacl\n|-heal|p2a: Garganacl|291/291\n|\n|upkeep\n|turn|8\n|\n|t:|1733843269\n|move|p1a: Glimmora|Mortal Spin|p2a: Garganacl\n|-resisted|p2a: Garganacl\n|-damage|p2a: Garganacl|284/291\n|-sideend|p1: moongod123to|Stealth Rock|[from] move: Mortal Spin|[of] p1a: Glimmora\n|move|p2a: Garganacl|Salt Cure|p1a: Glimmora\n|-damage|p1a: Glimmora|30/248\n|-start|p1a: Glimmora|Salt Cure\n|-activate|p1a: Glimmora|ability: Toxic Debris\n|-sidestart|p2: RAFI3001|move: Toxic Spikes\n|\n|-heal|p2a: Garganacl|291/291|[from] item: Leftovers\n|-damage|p1a: Glimmora|0 fnt|[from] Salt Cure\n|faint|p1a: Glimmora\n|upkeep\n|\n|t:|1733843291\n|switch|p1a: Wigglytuff|Wigglytuff, L96, M|424/424\n|turn|9\n|\n|t:|1733843296\n|move|p1a: Wigglytuff|Protect|p1a: Wigglytuff\n|-singleturn|p1a: Wigglytuff|Protect\n|move|p2a: Garganacl|Salt Cure|p1a: Wigglytuff\n|-activate|p1a: Wigglytuff|move: Protect\n|\n|upkeep\n|turn|10\n|\n|t:|1733843303\n|move|p1a: Wigglytuff|Knock Off|p2a: Garganacl\n|-damage|p2a: Garganacl|235/291\n|-enditem|p2a: Garganacl|Leftovers|[from] move: Knock Off|[of] p1a: Wigglytuff\n|move|p2a: Garganacl|Salt Cure|p1a: Wigglytuff\n|-damage|p1a: Wigglytuff|367/424\n|-start|p1a: Wigglytuff|Salt Cure\n|\n|-heal|p1a: Wigglytuff|393/424|[from] item: Leftovers\n|-damage|p1a: Wigglytuff|340/424|[from] Salt Cure\n|upkeep\n|turn|11\n|\n|t:|1733843315\n|move|p1a: Wigglytuff|Wish|p1a: Wigglytuff\n|move|p2a: Garganacl|Stealth Rock|p1a: Wigglytuff\n|-sidestart|p1: moongod123to|move: Stealth Rock\n|\n|-heal|p1a: Wigglytuff|366/424|[from] item: Leftovers\n|-damage|p1a: Wigglytuff|313/424|[from] Salt Cure\n|upkeep\n|turn|12\n|\n|t:|1733843325\n|move|p1a: Wigglytuff|Dazzling Gleam|p2a: Garganacl\n|-damage|p2a: Garganacl|139/291\n|move|p2a: Garganacl|Salt Cure|p1a: Wigglytuff\n|-damage|p1a: Wigglytuff|252/424\n|\n|-heal|p1a: Wigglytuff|424/424|[from] move: Wish|[wisher] Wigglytuff\n|-damage|p1a: Wigglytuff|371/424|[from] Salt Cure\n|upkeep\n|turn|13\n|\n|t:|1733843334\n|move|p1a: Wigglytuff|Wish|p1a: Wigglytuff\n|move|p2a: Garganacl|Recover|p2a: Garganacl\n|-heal|p2a: Garganacl|285/291\n|\n|-heal|p1a: Wigglytuff|397/424|[from] item: Leftovers\n|-damage|p1a: Wigglytuff|344/424|[from] Salt Cure\n|upkeep\n|turn|14\n|\n|t:|1733843348\n|move|p2a: Garganacl|Protect|p2a: Garganacl\n|-singleturn|p2a: Garganacl|Protect\n|move|p1a: Wigglytuff|Knock Off|p2a: Garganacl\n|-activate|p2a: Garganacl|move: Protect\n|\n|-heal|p1a: Wigglytuff|424/424|[from] move: Wish|[wisher] Wigglytuff\n|-damage|p1a: Wigglytuff|371/424|[from] Salt Cure\n|upkeep\n|turn|15\n|inactive|RAFI3001 has 120 seconds left.\n|\n|t:|1733843385\n|move|p1a: Wigglytuff|Dazzling Gleam|p2a: Garganacl\n|-damage|p2a: Garganacl|176/291\n|move|p2a: Garganacl|Salt Cure|p1a: Wigglytuff\n|-damage|p1a: Wigglytuff|316/424\n|\n|-heal|p1a: Wigglytuff|342/424|[from] item: Leftovers\n|-damage|p1a: Wigglytuff|289/424|[from] Salt Cure\n|upkeep\n|turn|16\n|inactive|RAFI3001 has 120 seconds left.\n|\n|t:|1733843395\n|move|p1a: Wigglytuff|Wish|p1a: Wigglytuff\n|move|p2a: Garganacl|Recover|p2a: Garganacl\n|-heal|p2a: Garganacl|291/291\n|\n|-heal|p1a: Wigglytuff|315/424|[from] item: Leftovers\n|-damage|p1a: Wigglytuff|262/424|[from] Salt Cure\n|upkeep\n|turn|17\n|inactive|RAFI3001 has 120 seconds left.\n|inactive|RAFI3001 has 90 seconds left.\n|inactive|RAFI3001 has 60 seconds left.\n|\n|t:|1733843472\n|move|p2a: Garganacl|Protect|p2a: Garganacl\n|-singleturn|p2a: Garganacl|Protect\n|move|p1a: Wigglytuff|Dazzling Gleam|p2a: Garganacl\n|-activate|p2a: Garganacl|move: Protect\n|\n|-heal|p1a: Wigglytuff|424/424|[from] move: Wish|[wisher] Wigglytuff\n|-damage|p1a: Wigglytuff|371/424|[from] Salt Cure\n|upkeep\n|turn|18\n|inactive|RAFI3001 has 60 seconds left.\n|\n|t:|1733843494\n|switch|p2a: Sylveon|Sylveon, L85, M|300/300\n|-status|p2a: Sylveon|tox\n|move|p1a: Wigglytuff|Protect||[still]\n|-fail|p1a: Wigglytuff\n|\n|-heal|p1a: Wigglytuff|397/424|[from] item: Leftovers\n|-damage|p2a: Sylveon|282/300 tox|[from] psn\n|-damage|p1a: Wigglytuff|344/424|[from] Salt Cure\n|upkeep\n|turn|19\n|\n|t:|1733843508\n|move|p2a: Sylveon|Calm Mind|p2a: Sylveon\n|-boost|p2a: Sylveon|spa|1\n|-boost|p2a: Sylveon|spd|1\n|move|p1a: Wigglytuff|Wish|p1a: Wigglytuff\n|\n|-heal|p2a: Sylveon|300/300 tox|[from] item: Leftovers\n|-heal|p1a: Wigglytuff|370/424|[from] item: Leftovers\n|-damage|p2a: Sylveon|264/300 tox|[from] psn\n|-damage|p1a: Wigglytuff|317/424|[from] Salt Cure\n|upkeep\n|turn|20\n|\n|t:|1733843519\n|move|p2a: Sylveon|Calm Mind|p2a: Sylveon\n|-boost|p2a: Sylveon|spa|1\n|-boost|p2a: Sylveon|spd|1\n|move|p1a: Wigglytuff|Knock Off|p2a: Sylveon\n|-resisted|p2a: Sylveon\n|-damage|p2a: Sylveon|225/300 tox\n|-enditem|p2a: Sylveon|Leftovers|[from] move: Knock Off|[of] p1a: Wigglytuff\n|\n|-heal|p1a: Wigglytuff|424/424|[from] move: Wish|[wisher] Wigglytuff\n|-damage|p2a: Sylveon|171/300 tox|[from] psn\n|-damage|p1a: Wigglytuff|371/424|[from] Salt Cure\n|upkeep\n|turn|21\n|\n|t:|1733843537\n|move|p2a: Sylveon|Calm Mind|p2a: Sylveon\n|-boost|p2a: Sylveon|spa|1\n|-boost|p2a: Sylveon|spd|1\n|move|p1a: Wigglytuff|Dazzling Gleam|p2a: Sylveon\n|-crit|p2a: Sylveon\n|-damage|p2a: Sylveon|59/300 tox\n|\n|-heal|p1a: Wigglytuff|397/424|[from] item: Leftovers\n|-damage|p2a: Sylveon|0 fnt|[from] psn\n|faint|p2a: Sylveon\n|-damage|p1a: Wigglytuff|344/424|[from] Salt Cure\n|upkeep\n|\n|t:|1733843549\n|switch|p2a: Gouging Fire|Gouging Fire, L74|277/277\n|turn|22\n|\n|t:|1733843562\n|-terastallize|p2a: Gouging Fire|Ground\n|move|p2a: Gouging Fire|Dragon Dance|p2a: Gouging Fire\n|-boost|p2a: Gouging Fire|atk|1\n|-boost|p2a: Gouging Fire|spe|1\n|move|p1a: Wigglytuff|Dazzling Gleam|p2a: Gouging Fire\n|-damage|p2a: Gouging Fire|162/277\n|\n|-heal|p1a: Wigglytuff|370/424|[from] item: Leftovers\n|-damage|p1a: Wigglytuff|317/424|[from] Salt Cure\n|upkeep\n|turn|23\n|\n|t:|1733843572\n|move|p2a: Gouging Fire|Earthquake|p1a: Wigglytuff\n|-damage|p1a: Wigglytuff|131/424\n|move|p1a: Wigglytuff|Dazzling Gleam|p2a: Gouging Fire\n|-damage|p2a: Gouging Fire|60/277\n|\n|-heal|p1a: Wigglytuff|157/424|[from] item: Leftovers\n|-damage|p1a: Wigglytuff|104/424|[from] Salt Cure\n|upkeep\n|turn|24\n|\n|t:|1733843580\n|move|p2a: Gouging Fire|Earthquake|p1a: Wigglytuff\n|-damage|p1a: Wigglytuff|0 fnt\n|faint|p1a: Wigglytuff\n|\n|upkeep\n|\n|t:|1733843595\n|switch|p1a: Regice|Regice, L88|72/284\n|turn|25\n|\n|t:|1733843600\n|move|p2a: Gouging Fire|Earthquake|p1a: Regice\n|-damage|p1a: Regice|0 fnt\n|faint|p1a: Regice\n|\n|upkeep\n|\n|t:|1733843605\n|switch|p1a: Porygon-Z|Porygon-Z, L83|277/277\n|-damage|p1a: Porygon-Z|243/277|[from] Stealth Rock\n|turn|26\n|\n|t:|1733843618\n|move|p2a: Gouging Fire|Heat Crash|p1a: Porygon-Z\n|-damage|p1a: Porygon-Z|36/277\n|move|p1a: Porygon-Z|Shadow Ball|p2a: Gouging Fire\n|-damage|p2a: Gouging Fire|0 fnt\n|faint|p2a: Gouging Fire\n|-end|p2a: Gouging Fire|Protosynthesis|[silent]\n|-damage|p1a: Porygon-Z|9/277|[from] item: Life Orb\n|\n|upkeep\n|inactive|RAFI3001 has 60 seconds left.\n|\n|t:|1733843638\n|switch|p2a: Garganacl|Garganacl, L80, M|291/291\n|turn|27\n|inactive|RAFI3001 has 60 seconds left.\n|\n|t:|1733843646\n|move|p1a: Porygon-Z|Shadow Ball|p2a: Garganacl\n|-damage|p2a: Garganacl|239/291\n|-unboost|p2a: Garganacl|spd|1\n|-damage|p1a: Porygon-Z|0 fnt|[from] item: Life Orb\n|faint|p1a: Porygon-Z\n|move|p2a: Garganacl|Salt Cure|p1: Porygon-Z|[notarget]\n|-fail|p2a: Garganacl\n|\n|upkeep\n|\n|t:|1733843663\n|switch|p1a: Tropius|Tropius, L91, F|328/328\n|-damage|p1a: Tropius|246/328|[from] Stealth Rock\n|turn|28\n|\n|t:|1733843670\n|move|p1a: Tropius|Protect|p1a: Tropius\n|-singleturn|p1a: Tropius|Protect\n|move|p2a: Garganacl|Salt Cure|p1a: Tropius\n|-activate|p1a: Tropius|move: Protect\n|\n|upkeep\n|turn|29\n|\n|t:|1733843677\n|move|p1a: Tropius|Leech Seed|p2a: Garganacl\n|-start|p2a: Garganacl|move: Leech Seed\n|move|p2a: Garganacl|Salt Cure|p1a: Tropius\n|-supereffective|p1a: Tropius\n|-damage|p1a: Tropius|160/328\n|-start|p1a: Tropius|Salt Cure\n|-enditem|p1a: Tropius|Sitrus Berry|[eat]\n|-heal|p1a: Tropius|242/328|[from] item: Sitrus Berry\n|\n|-damage|p2a: Garganacl|203/291|[from] Leech Seed|[of] p1a: Tropius\n|-heal|p1a: Tropius|278/328|[silent]\n|-damage|p1a: Tropius|237/328|[from] Salt Cure\n|-item|p1a: Tropius|Sitrus Berry|[from] ability: Harvest\n|upkeep\n|turn|30\n|\n|t:|1733843695\n|switch|p2a: Miraidon|Miraidon, L65|238/238\n|-status|p2a: Miraidon|tox\n|-fieldstart|move: Electric Terrain|[from] ability: Hadron Engine|[of] p2a: Miraidon\n|move|p1a: Tropius|Substitute|p1a: Tropius\n|-start|p1a: Tropius|Substitute\n|-damage|p1a: Tropius|155/328\n|-enditem|p1a: Tropius|Sitrus Berry|[eat]\n|-heal|p1a: Tropius|237/328|[from] item: Sitrus Berry\n|\n|-damage|p2a: Miraidon|224/238 tox|[from] psn\n|-damage|p1a: Tropius|196/328|[from] Salt Cure\n|upkeep\n|turn|31\n|\n|t:|1733843711\n|move|p2a: Miraidon|Electro Drift|p1a: Tropius\n|-end|p1a: Tropius|Substitute\n|move|p1a: Tropius|Leech Seed|p2a: Miraidon\n|-start|p2a: Miraidon|move: Leech Seed\n|\n|-damage|p2a: Miraidon|195/238 tox|[from] Leech Seed|[of] p1a: Tropius\n|-heal|p1a: Tropius|225/328|[silent]\n|-damage|p2a: Miraidon|167/238 tox|[from] psn\n|-damage|p1a: Tropius|184/328|[from] Salt Cure\n|-item|p1a: Tropius|Sitrus Berry|[from] ability: Harvest\n|upkeep\n|turn|32\n|\n|t:|1733843726\n|move|p1a: Tropius|Protect|p1a: Tropius\n|-singleturn|p1a: Tropius|Protect\n|move|p2a: Miraidon|Electro Drift|p1a: Tropius\n|-activate|p1a: Tropius|move: Protect\n|\n|-damage|p2a: Miraidon|138/238 tox|[from] Leech Seed|[of] p1a: Tropius\n|-heal|p1a: Tropius|213/328|[silent]\n|-damage|p2a: Miraidon|96/238 tox|[from] psn\n|-damage|p1a: Tropius|172/328|[from] Salt Cure\n|upkeep\n|turn|33\n|\n|t:|1733843740\n|switch|p2a: Garganacl|Garganacl, L80, M|203/291\n|move|p1a: Tropius|Protect||[still]\n|-fail|p1a: Tropius\n|\n|-damage|p1a: Tropius|131/328|[from] Salt Cure\n|upkeep\n|-enditem|p1a: Tropius|Sitrus Berry|[eat]\n|-heal|p1a: Tropius|213/328|[from] item: Sitrus Berry\n|turn|34\n|\n|t:|1733843752\n|move|p1a: Tropius|Leech Seed|p2a: Garganacl|[miss]\n|-miss|p1a: Tropius|p2a: Garganacl\n|move|p2a: Garganacl|Salt Cure|p1a: Tropius\n|-supereffective|p1a: Tropius\n|-damage|p1a: Tropius|129/328\n|\n|-damage|p1a: Tropius|88/328|[from] Salt Cure\n|-fieldend|move: Electric Terrain\n|-item|p1a: Tropius|Sitrus Berry|[from] ability: Harvest\n|upkeep\n|-enditem|p1a: Tropius|Sitrus Berry|[eat]\n|-heal|p1a: Tropius|170/328|[from] item: Sitrus Berry\n|turn|35\n|\n|t:|1733843766\n|move|p1a: Tropius|Leech Seed|p2a: Garganacl\n|-start|p2a: Garganacl|move: Leech Seed\n|move|p2a: Garganacl|Salt Cure|p1a: Tropius\n|-supereffective|p1a: Tropius\n|-damage|p1a: Tropius|90/328\n|\n|-damage|p2a: Garganacl|167/291|[from] Leech Seed|[of] p1a: Tropius\n|-heal|p1a: Tropius|126/328|[silent]\n|-damage|p1a: Tropius|85/328|[from] Salt Cure\n|upkeep\n|turn|36\n|\n|t:|1733843776\n|switch|p2a: Miraidon|Miraidon, L65|96/238 tox\n|-fieldstart|move: Electric Terrain|[from] ability: Hadron Engine|[of] p2a: Miraidon\n|move|p1a: Tropius|Protect||[still]\n|-fail|p1a: Tropius\n|\n|-damage|p2a: Miraidon|82/238 tox|[from] psn\n|-damage|p1a: Tropius|44/328|[from] Salt Cure\n|-item|p1a: Tropius|Sitrus Berry|[from] ability: Harvest\n|upkeep\n|-enditem|p1a: Tropius|Sitrus Berry|[eat]\n|-heal|p1a: Tropius|126/328|[from] item: Sitrus Berry\n|turn|37\n|\n|t:|1733843788\n|move|p1a: Tropius|Protect|p1a: Tropius\n|-singleturn|p1a: Tropius|Protect\n|move|p2a: Miraidon|Electro Drift|p1a: Tropius\n|-activate|p1a: Tropius|move: Protect\n|\n|-damage|p2a: Miraidon|54/238 tox|[from] psn\n|-damage|p1a: Tropius|85/328|[from] Salt Cure\n|-item|p1a: Tropius|Sitrus Berry|[from] ability: Harvest\n|upkeep\n|-enditem|p1a: Tropius|Sitrus Berry|[eat]\n|-heal|p1a: Tropius|167/328|[from] item: Sitrus Berry\n|turn|38\n|\n|t:|1733843800\n|move|p1a: Tropius|Protect||[still]\n|-fail|p1a: Tropius\n|move|p2a: Miraidon|Electro Drift|p1a: Tropius\n|-damage|p1a: Tropius|0 fnt\n|faint|p1a: Tropius\n|\n|-damage|p2a: Miraidon|12/238 tox|[from] psn\n|upkeep\n|\n|t:|1733843805\n|switch|p1a: Oricorio|Oricorio, L84, F|263/263\n|turn|39\n|\n|t:|1733843810\n|-terastallize|p1a: Oricorio|Ground\n|move|p2a: Miraidon|Electro Drift|p1a: Oricorio\n|-immune|p1a: Oricorio\n|move|p1a: Oricorio|Quiver Dance|p1a: Oricorio\n|-boost|p1a: Oricorio|spa|1\n|-boost|p1a: Oricorio|spd|1\n|-boost|p1a: Oricorio|spe|1\n|\n|-damage|p2a: Miraidon|0 fnt|[from] psn\n|faint|p2a: Miraidon\n|upkeep\n|inactive|RAFI3001 has 90 seconds left.\n|\n|t:|1733843820\n|switch|p2a: Garganacl|Garganacl, L80, M|167/291\n|turn|40\n|\n|t:|1733843825\n|move|p1a: Oricorio|Quiver Dance|p1a: Oricorio\n|-boost|p1a: Oricorio|spa|1\n|-boost|p1a: Oricorio|spd|1\n|-boost|p1a: Oricorio|spe|1\n|move|p2a: Garganacl|Salt Cure|p1a: Oricorio\n|-resisted|p1a: Oricorio\n|-damage|p1a: Oricorio|239/263\n|-start|p1a: Oricorio|Salt Cure\n|\n|-damage|p1a: Oricorio|207/263|[from] Salt Cure\n|-fieldend|move: Electric Terrain\n|upkeep\n|turn|41\n|\n|t:|1733843836\n|move|p1a: Oricorio|Revelation Dance|p2a: Garganacl\n|-supereffective|p2a: Garganacl\n|-damage|p2a: Garganacl|0 fnt\n|faint|p2a: Garganacl\n|\n|-damage|p1a: Oricorio|175/263|[from] Salt Cure\n|upkeep\n|inactive|RAFI3001 has 90 seconds left.\n|\n|t:|1733843854\n|switch|p2a: Samurott|Samurott-Hisui, L77, M|265/265\n|-status|p2a: Samurott|tox\n|turn|42\n|inactive|RAFI3001 has 90 seconds left.\n|\n|t:|1733843865\n|move|p1a: Oricorio|Revelation Dance|p2a: Samurott\n|-damage|p2a: Samurott|0 fnt\n|faint|p2a: Samurott\n|\n|-damage|p1a: Oricorio|143/263|[from] Salt Cure\n|upkeep\n|\n|t:|1733843871\n|switch|p2a: Hoopa|Hoopa, L85|275/275\n|-status|p2a: Hoopa|tox\n|turn|43\n|inactive|RAFI3001 has 90 seconds left.\n|c|\u2606moongod123to|gg\n|\n|t:|1733843888\n|move|p1a: Oricorio|Revelation Dance|p2a: Hoopa\n|-damage|p2a: Hoopa|146/275 tox\n|move|p2a: Hoopa|Trick|p1a: Oricorio\n|-activate|p2a: Hoopa|move: Trick|[of] p1a: Oricorio\n|-item|p1a: Oricorio|Choice Scarf|[from] move: Trick\n|-item|p2a: Hoopa|Heavy-Duty Boots|[from] move: Trick\n|\n|-damage|p2a: Hoopa|129/275 tox|[from] psn\n|-damage|p1a: Oricorio|111/263|[from] Salt Cure\n|upkeep\n|turn|44\n|\n|t:|1733843903\n|move|p1a: Oricorio|Revelation Dance|p2a: Hoopa\n|-damage|p2a: Hoopa|0 fnt\n|faint|p2a: Hoopa\n|\n|win|moongod123to\n|raw|moongod123to's rating: 1150 &rarr; <strong>1178</strong><br />(+28 for winning)\n|raw|RAFI3001's rating: 1190 &rarr; <strong>1162</strong><br />(-28 for losing)\n|l|\u2606RAFI3001\n|player|p2|\n", "inputlog": ">version bfd83cad13791eb5a5a409923076391caf6fb4d4\n>start {\"formatid\":\"gen9randombattle\",\"seed\":[6459,21022,29649,42053],\"rated\":\"Rated battle\"}\n>player p1 {\"name\":\"moongod123to\",\"avatar\":\"2\",\"rating\":1150,\"seed\":[63172,47610,37123,47958]}\n>player p2 {\"name\":\"RAFI3001\",\"avatar\":\"lance\",\"rating\":1190,\"seed\":[29969,9227,39979,42510]}\n>p1 switch 2\n>p2 move saltcure\n>p1 move earthpower\n>p2 move stealthrock\n>p1 move mortalspin\n>p2 move recover\n>p1 switch 5\n>p2 move stealthrock\n>p1 move thunderwave\n>p2 move saltcure\n>p1 move bodypress\n>p2 move saltcure\n>p1 switch 5\n>p2 move recover\n>p1 move mortalspin\n>p2 move saltcure\n>p1 switch 6\n>p1 move protect\n>p2 move saltcure\n>p1 move knockoff\n>p2 move saltcure\n>p1 move wish\n>p2 move stealthrock\n>p1 move dazzlinggleam\n>p2 move saltcure\n>p1 move wish\n>p2 move recover\n>p1 move knockoff\n>p2 move protect\n>p1 move dazzlinggleam\n>p2 move saltcure\n>p1 move wish\n>p2 move recover\n>p1 move dazzlinggleam\n>p2 move protect\n>p1 move protect\n>p2 switch 5\n>p1 move wish\n>p2 move calmmind\n>p1 move knockoff\n>p2 move calmmind\n>p1 move dazzlinggleam\n>p2 move calmmind\n>p2 switch 2\n>p1 move dazzlinggleam\n>p2 move dragondance terastallize\n>p1 move dazzlinggleam\n>p2 move earthquake\n>p1 move wish\n>p2 move earthquake\n>p1 switch 5\n>p1 move icebeam\n>p2 move earthquake\n>p1 switch 4\n>p1 move shadowball\n>p2 move heatcrash\n>p2 switch 5\n>p1 move shadowball\n>p2 move saltcure\n>p1 switch 3\n>p1 move protect\n>p2 move saltcure\n>p1 move leechseed\n>p2 move saltcure\n>p1 move substitute\n>p2 switch 4\n>p1 move leechseed\n>p2 move electrodrift\n>p1 move protect\n>p2 move electrodrift\n>p1 move protect\n>p2 switch 4\n>p1 move leechseed\n>p2 move saltcure\n>p1 move leechseed\n>p2 move saltcure\n>p1 move protect\n>p2 switch 4\n>p1 move protect\n>p2 move electrodrift\n>p1 move protect\n>p2 move electrodrift\n>p1 switch 2\n>p1 move quiverdance terastallize\n>p2 move electrodrift\n>p2 switch 4\n>p1 move quiverdance\n>p2 move saltcure\n>p1 move revelationdance\n>p2 move recover\n>p2 switch 6\n>p1 move revelationdance\n>p2 move razorshell\n>p2 switch 3\n>chat \u2606moongod123to|gg\n>p1 move revelationdance\n>p2 move trick\n>p1 move revelationdance\n>p2 move shadowball", "uploadtime": 1733843940, "views": 2, "formatid": "gen9randombattle", "rating": 1162, "private": 0, "password": null}