{"id": "gen9randombattle-2259984390", "format": "[Gen 9] Random Battle", "players": ["Daimondhead2", "Ottermatic"], "log": "|j|\u2606Daimondhead2\n|j|\u2606Ottermatic\n|t:|1733787506\n|gametype|singles\n|player|p1|Daimondhead2|169|\n|player|p2|Ottermatic|102|\n|teamsize|p1|6\n|teamsize|p2|6\n|gen|9\n|tier|[Gen 9] Random Battle\n|rule|Species Clause: Limit one of each Pok\u00e9mon\n|rule|HP Percentage Mod: HP is shown in percentages\n|rule|Sleep Clause Mod: Limit one foe put to sleep\n|rule|Illusion Level Mod: Illusion disguises the Pok\u00e9mon's true level\n|\n|t:|1733787506\n|start\n|switch|p1a: Oinkologne|Oinkologne, L92, M|352/352\n|switch|p2a: Blissey|Blissey, L84, F|566/566\n|turn|1\n|\n|t:|1733787526\n|move|p1a: Oinkologne|Curse|p1a: Oinkologne\n|-unboost|p1a: Oinkologne|spe|1\n|-boost|p1a: Oinkologne|atk|1\n|-boost|p1a: Oinkologne|def|1\n|move|p2a: Blissey|Stealth Rock|p1a: Oinkologne\n|-sidestart|p1: Daimondhead2|move: Stealth Rock\n|\n|upkeep\n|turn|2\n|\n|t:|1733787532\n|switch|p2a: Gengar|Gengar, L81, F|230/230\n|move|p1a: Oinkologne|Body Slam|p2a: Gengar\n|-immune|p2a: Gengar\n|\n|upkeep\n|turn|3\n|\n|t:|1733787538\n|move|p2a: Gengar|Encore|p1a: Oinkologne\n|-start|p1a: Oinkologne|Encore\n|move|p1a: Oinkologne|Body Slam|p2a: Gengar\n|-immune|p2a: Gengar\n|\n|upkeep\n|turn|4\n|\n|t:|1733787545\n|move|p2a: Gengar|Sludge Wave|p1a: Oinkologne\n|-damage|p1a: Oinkologne|199/352\n|-damage|p2a: Gengar|207/230|[from] item: Life Orb\n|move|p1a: Oinkologne|Body Slam|p2a: Gengar\n|-immune|p2a: Gengar\n|\n|-heal|p1a: Oinkologne|221/352|[from] item: Leftovers\n|upkeep\n|turn|5\n|\n|t:|1733787556\n|move|p2a: Gengar|Shadow Ball|p1a: Oinkologne\n|-immune|p1a: Oinkologne\n|move|p1a: Oinkologne|Body Slam|p2a: Gengar\n|-immune|p2a: Gengar\n|\n|-heal|p1a: Oinkologne|243/352|[from] item: Leftovers\n|-end|p1a: Oinkologne|Encore\n|upkeep\n|turn|6\n|\n|t:|1733787574\n|move|p2a: Gengar|Encore|p1a: Oinkologne\n|-start|p1a: Oinkologne|Encore\n|move|p1a: Oinkologne|Body Slam|p2a: Gengar\n|-immune|p2a: Gengar\n|\n|-heal|p1a: Oinkologne|265/352|[from] item: Leftovers\n|upkeep\n|turn|7\n|\n|t:|1733787583\n|move|p2a: Gengar|Focus Blast|p1a: Oinkologne|[miss]\n|-miss|p2a: Gengar|p1a: Oinkologne\n|move|p1a: Oinkologne|Body Slam|p2a: Gengar\n|-immune|p2a: Gengar\n|\n|-heal|p1a: Oinkologne|287/352|[from] item: Leftovers\n|upkeep\n|turn|8\n|\n|t:|1733787590\n|move|p2a: Gengar|Sludge Wave|p1a: Oinkologne\n|-damage|p1a: Oinkologne|139/352\n|-damage|p2a: Gengar|184/230|[from] item: Life Orb\n|move|p1a: Oinkologne|Body Slam|p2a: Gengar\n|-immune|p2a: Gengar\n|\n|-heal|p1a: Oinkologne|161/352|[from] item: Leftovers\n|-end|p1a: Oinkologne|Encore\n|upkeep\n|turn|9\n|\n|t:|1733787600\n|move|p2a: Gengar|Encore|p1a: Oinkologne\n|-start|p1a: Oinkologne|Encore\n|move|p1a: Oinkologne|Body Slam|p2a: Gengar\n|-immune|p2a: Gengar\n|\n|-heal|p1a: Oinkologne|183/352|[from] item: Leftovers\n|upkeep\n|turn|10\n|\n|t:|1733787609\n|move|p2a: Gengar|Focus Blast|p1a: Oinkologne\n|-supereffective|p1a: Oinkologne\n|-damage|p1a: Oinkologne|0 fnt\n|faint|p1a: Oinkologne\n|-damage|p2a: Gengar|161/230|[from] item: Life Orb\n|\n|upkeep\n|\n|t:|1733787624\n|switch|p1a: Lycanroc|Lycanroc, L86, M|269/269\n|-damage|p1a: Lycanroc|236/269|[from] Stealth Rock\n|turn|11\n|c|\u2606Daimondhead2|7-%\n|c|\u2606Daimondhead2|0\n|c|\u2606Daimondhead2|70%\n|\n|t:|1733787682\n|switch|p2a: Abomasnow|Abomasnow, L85, M|291/291\n|-weather|Snow|[from] ability: Snow Warning|[of] p2a: Abomasnow\n|move|p1a: Lycanroc|Stone Edge|p2a: Abomasnow|[miss]\n|-miss|p1a: Lycanroc|p2a: Abomasnow\n|\n|-weather|Snow|[upkeep]\n|upkeep\n|turn|12\n|\n|t:|1733787705\n|move|p1a: Lycanroc|Close Combat|p2a: Abomasnow\n|-supereffective|p2a: Abomasnow\n|-damage|p2a: Abomasnow|96/291\n|-unboost|p1a: Lycanroc|def|1\n|-unboost|p1a: Lycanroc|spd|1\n|-damage|p1a: Lycanroc|210/269|[from] item: Life Orb\n|move|p2a: Abomasnow|Wood Hammer|p1a: Lycanroc\n|-supereffective|p1a: Lycanroc\n|-damage|p1a: Lycanroc|0 fnt\n|faint|p1a: Lycanroc\n|-damage|p2a: Abomasnow|27/291|[from] Recoil\n|\n|-weather|Snow|[upkeep]\n|upkeep\n|\n|t:|1733787718\n|switch|p1a: Talonflame|Talonflame, L83, M|265/265\n|turn|13\n|\n|t:|1733787727\n|move|p1a: Talonflame|Brave Bird|p2a: Abomasnow\n|-supereffective|p2a: Abomasnow\n|-damage|p2a: Abomasnow|0 fnt\n|faint|p2a: Abomasnow\n|-damage|p1a: Talonflame|256/265|[from] Recoil\n|\n|-weather|Snow|[upkeep]\n|upkeep\n|\n|t:|1733787740\n|switch|p2a: Rotom|Rotom, L88|231/231\n|turn|14\n|\n|t:|1733787752\n|-terastallize|p1a: Talonflame|Ground\n|move|p1a: Talonflame|Overheat|p2a: Rotom\n|-damage|p2a: Rotom|116/231\n|-unboost|p1a: Talonflame|spa|2\n|move|p2a: Rotom|Thunderbolt|p1a: Talonflame\n|-immune|p1a: Talonflame\n|\n|-weather|Snow|[upkeep]\n|upkeep\n|turn|15\n|\n|t:|1733787774\n|move|p1a: Talonflame|Will-O-Wisp|p2a: Rotom\n|-status|p2a: Rotom|brn\n|move|p2a: Rotom|Nasty Plot|p2a: Rotom\n|-boost|p2a: Rotom|spa|2\n|\n|-weather|none\n|-damage|p2a: Rotom|102/231 brn|[from] brn\n|upkeep\n|turn|16\n|\n|t:|1733787782\n|move|p1a: Talonflame|Brave Bird|p2a: Rotom\n|-resisted|p2a: Rotom\n|-damage|p2a: Rotom|46/231 brn\n|-damage|p1a: Talonflame|238/265|[from] Recoil\n|move|p2a: Rotom|Shadow Ball|p1a: Talonflame\n|-damage|p1a: Talonflame|0 fnt\n|faint|p1a: Talonflame\n|-damage|p2a: Rotom|23/231 brn|[from] item: Life Orb\n|\n|-damage|p2a: Rotom|9/231 brn|[from] brn\n|upkeep\n|\n|t:|1733787799\n|switch|p1a: Rayquaza|Rayquaza, L72|270/270\n|-ability|p1a: Rayquaza|Air Lock\n|turn|17\n|\n|t:|1733787808\n|move|p1a: Rayquaza|Extreme Speed|p2a: Rotom\n|-immune|p2a: Rotom\n|move|p2a: Rotom|Thunderbolt|p1a: Rayquaza\n|-damage|p1a: Rayquaza|0 fnt\n|faint|p1a: Rayquaza\n|-damage|p2a: Rotom|0 fnt|[from] item: Life Orb\n|faint|p2a: Rotom\n|\n|upkeep\n|\n|t:|1733787856\n|switch|p2a: Bastiodon|Bastiodon, L89, F|252/252\n|switch|p1a: Avalugg|Avalugg-Hisui, L90, F|317/317\n|turn|18\n|\n|t:|1733787863\n|move|p1a: Avalugg|Rapid Spin|p2a: Bastiodon\n|-resisted|p2a: Bastiodon\n|-damage|p2a: Bastiodon|245/252\n|-boost|p1a: Avalugg|spe|1\n|-sideend|p1: Daimondhead2|Stealth Rock|[from] move: Rapid Spin|[of] p1a: Avalugg\n|move|p2a: Bastiodon|Iron Defense|p2a: Bastiodon\n|-boost|p2a: Bastiodon|def|2\n|\n|upkeep\n|turn|19\n|\n|t:|1733787884\n|move|p1a: Avalugg|Stone Edge|p2a: Bastiodon|[miss]\n|-miss|p1a: Avalugg|p2a: Bastiodon\n|move|p2a: Bastiodon|Iron Defense|p2a: Bastiodon\n|-boost|p2a: Bastiodon|def|2\n|\n|upkeep\n|turn|20\n|\n|t:|1733787895\n|move|p2a: Bastiodon|Body Press|p1a: Avalugg\n|-supereffective|p1a: Avalugg\n|-ability|p1a: Avalugg|Sturdy\n|-damage|p1a: Avalugg|1/317\n|move|p1a: Avalugg|Avalanche|p2a: Bastiodon\n|-resisted|p2a: Bastiodon\n|-damage|p2a: Bastiodon|227/252\n|\n|upkeep\n|turn|21\n|c|\u2606Ottermatic|fr though this guy pressed espeed against a rotom\n|\n|t:|1733787907\n|move|p1a: Avalugg|Rapid Spin|p2a: Bastiodon\n|-resisted|p2a: Bastiodon\n|-damage|p2a: Bastiodon|225/252\n|-boost|p1a: Avalugg|spe|1\n|move|p2a: Bastiodon|Body Press|p1a: Avalugg\n|-supereffective|p1a: Avalugg\n|-damage|p1a: Avalugg|0 fnt\n|faint|p1a: Avalugg\n|\n|upkeep\n|\n|t:|1733787915\n|switch|p1a: Decidueye|Decidueye, L88, F|281/281\n|turn|22\n|\n|t:|1733787927\n|move|p1a: Decidueye|Spirit Shackle|p2a: Bastiodon\n|-damage|p2a: Bastiodon|198/252\n|-activate|p2a: Bastiodon|trapped\n|-damage|p1a: Decidueye|253/281|[from] item: Life Orb\n|move|p2a: Bastiodon|Foul Play|p1a: Decidueye\n|-supereffective|p1a: Decidueye\n|-damage|p1a: Decidueye|91/281\n|\n|upkeep\n|turn|23\n|\n|t:|1733787936\n|move|p1a: Decidueye|Leaf Storm|p2a: Bastiodon|[miss]\n|-miss|p1a: Decidueye|p2a: Bastiodon\n|move|p2a: Bastiodon|Foul Play|p1a: Decidueye\n|-supereffective|p1a: Decidueye\n|-damage|p1a: Decidueye|0 fnt\n|faint|p1a: Decidueye\n|\n|win|Ottermatic\n", "inputlog": ">version bfd83cad13791eb5a5a409923076391caf6fb4d4\n>start {\"formatid\":\"gen9randombattle\",\"seed\":[28042,58798,7760,23463]}\n>player p1 {\"name\":\"Daimondhead2\",\"avatar\":\"169\",\"rating\":0,\"seed\":[55104,53151,23551,35821]}\n>player p2 {\"name\":\"Ottermatic\",\"avatar\":\"102\",\"rating\":0,\"seed\":[14109,6403,44563,56312]}\n>p1 move curse\n>p2 move stealthrock\n>p1 move bodyslam\n>p2 switch 4\n>p1 move lashout\n>p2 move encore\n>p1 move bodyslam\n>p2 move sludgewave\n>p1 move bodyslam\n>p2 move shadowball\n>p1 move lashout\n>p2 move encore\n>p1 move bodyslam\n>p2 move focusblast\n>p1 move bodyslam\n>p2 move sludgewave\n>p1 move lashout\n>p2 move encore\n>p1 move bodyslam\n>p2 move focusblast\n>p1 switch 3\n>chat \u2606Daimondhead2|7-%\n>chat \u2606Daimondhead2|0\n>chat \u2606Daimondhead2|70%\n>p1 move stoneedge\n>p2 switch 6\n>p1 move closecombat\n>p2 move woodhammer\n>p1 switch 5\n>p1 move bravebird\n>p2 move blizzard\n>p2 switch 2\n>p1 move overheat terastallize\n>p2 move thunderbolt\n>p1 move willowisp\n>p2 move nastyplot\n>p1 move bravebird\n>p2 move shadowball\n>p1 switch 2\n>p1 move extremespeed\n>p2 move thunderbolt\n>p1 switch 4\n>p2 switch 3\n>p1 move rapidspin\n>p2 move irondefense\n>p1 move stoneedge\n>p2 move irondefense\n>p1 move avalanche\n>p2 move bodypress\n>chat \u2606Ottermatic|fr though this guy pressed espeed against a rotom\n>p1 move rapidspin\n>p2 move bodypress\n>p1 switch 6\n>p1 move spiritshackle\n>p2 move foulplay\n>p1 move leafstorm\n>p2 move foulplay", "uploadtime": 1733787940, "views": 3, "formatid": "gen9randombattle", "rating": null, "private": 0, "password": null}