{"id": "gen9randombattle-2259772278", "format": "[Gen 9] Random Battle", "players": ["segdxv", "Smajw"], "log": "|j|\u2606segdxv\n|j|\u2606Smajw\n|t:|1733765206\n|gametype|singles\n|player|p1|segdxv|li|1041\n|player|p2|Smajw|169|1028\n|teamsize|p1|6\n|teamsize|p2|6\n|gen|9\n|tier|[Gen 9] Random Battle\n|rated|\n|rule|Species Clause: Limit one of each Pok\u00e9mon\n|rule|HP Percentage Mod: HP is shown in percentages\n|rule|Sleep Clause Mod: Limit one foe put to sleep\n|rule|Illusion Level Mod: Illusion disguises the Pok\u00e9mon's true level\n|\n|t:|1733765206\n|start\n|switch|p1a: Urshifu|Urshifu-Rapid-Strike, L75, M|274/274\n|switch|p2a: Scrafty|Scrafty, L84, M|246/246\n|-ability|p2a: Scrafty|Intimidate|boost\n|-unboost|p1a: Urshifu|atk|1\n|turn|1\n|\n|t:|1733765238\n|move|p1a: Urshifu|Swords Dance|p1a: Urshifu\n|-boost|p1a: Urshifu|atk|2\n|move|p2a: Scrafty|Close Combat|p1a: Urshifu\n|-damage|p1a: Urshifu|110/274\n|-unboost|p2a: Scrafty|def|1\n|-unboost|p2a: Scrafty|spd|1\n|-damage|p2a: Scrafty|222/246|[from] item: Life Orb\n|\n|upkeep\n|turn|2\n|\n|t:|1733765249\n|move|p1a: Urshifu|Surging Strikes|p2a: Scrafty\n|-crit|p2a: Scrafty\n|-damage|p2a: Scrafty|121/246\n|-crit|p2a: Scrafty\n|-damage|p2a: Scrafty|22/246\n|-crit|p2a: Scrafty\n|-damage|p2a: Scrafty|0 fnt\n|faint|p2a: Scrafty\n|-hitcount|p2: Scrafty|3\n|-damage|p1a: Urshifu|83/274|[from] item: Life Orb\n|\n|upkeep\n|\n|t:|1733765260\n|switch|p2a: Metagross|Metagross, L79|256/256\n|turn|3\n|\n|t:|1733765273\n|move|p1a: Urshifu|Close Combat|p2a: Metagross\n|-damage|p2a: Metagross|60/256\n|-unboost|p1a: Urshifu|def|1\n|-unboost|p1a: Urshifu|spd|1\n|-damage|p1a: Urshifu|56/274|[from] item: Life Orb\n|move|p2a: Metagross|Psychic Fangs|p1a: Urshifu\n|-supereffective|p1a: Urshifu\n|-damage|p1a: Urshifu|0 fnt\n|faint|p1a: Urshifu\n|\n|upkeep\n|\n|t:|1733765297\n|switch|p1a: Grumpig|Grumpig, L92, F|297/297\n|turn|4\n|\n|t:|1733765314\n|switch|p2a: Klefki|Klefki, L84, M|233/233\n|move|p1a: Grumpig|Earth Power|p2a: Klefki\n|-supereffective|p2a: Klefki\n|-damage|p2a: Klefki|95/233\n|\n|-heal|p2a: Klefki|109/233|[from] item: Leftovers\n|upkeep\n|turn|5\n|\n|t:|1733765328\n|move|p1a: Grumpig|Earth Power|p2a: Klefki\n|-supereffective|p2a: Klefki\n|-damage|p2a: Klefki|0 fnt\n|faint|p2a: Klefki\n|\n|upkeep\n|\n|t:|1733765333\n|switch|p2a: Metagross|Metagross, L79|60/256\n|turn|6\n|\n|t:|1733765336\n|move|p1a: Grumpig|Earth Power|p2a: Metagross\n|-supereffective|p2a: Metagross\n|-damage|p2a: Metagross|0 fnt\n|faint|p2a: Metagross\n|\n|upkeep\n|\n|t:|1733765341\n|switch|p2a: Appletun|Appletun, L92, F|352/352\n|turn|7\n|\n|t:|1733765347\n|switch|p1a: Sylveon|Sylveon, L85, M|300/300\n|move|p2a: Appletun|Dragon Pulse|p1a: Sylveon\n|-immune|p1a: Sylveon\n|\n|upkeep\n|turn|8\n|\n|t:|1733765362\n|switch|p2a: Tyranitar|Tyranitar, L79, M|288/288\n|-weather|Sandstorm|[from] ability: Sand Stream|[of] p2a: Tyranitar\n|move|p1a: Sylveon|Calm Mind|p1a: Sylveon\n|-boost|p1a: Sylveon|spa|1\n|-boost|p1a: Sylveon|spd|1\n|\n|-weather|Sandstorm|[upkeep]\n|-damage|p1a: Sylveon|282/300|[from] Sandstorm\n|-heal|p1a: Sylveon|300/300|[from] item: Leftovers\n|upkeep\n|turn|9\n|\n|t:|1733765375\n|move|p1a: Sylveon|Hyper Voice|p2a: Tyranitar\n|-supereffective|p2a: Tyranitar\n|-damage|p2a: Tyranitar|28/288\n|move|p2a: Tyranitar|Knock Off|p1a: Sylveon\n|-resisted|p1a: Sylveon\n|-crit|p1a: Sylveon\n|-damage|p1a: Sylveon|198/300\n|-enditem|p1a: Sylveon|Leftovers|[from] move: Knock Off|[of] p2a: Tyranitar\n|\n|-weather|Sandstorm|[upkeep]\n|-damage|p1a: Sylveon|180/300|[from] Sandstorm\n|-heal|p2a: Tyranitar|46/288|[from] item: Leftovers\n|upkeep\n|turn|10\n|\n|t:|1733765389\n|-terastallize|p2a: Tyranitar|Ghost\n|move|p1a: Sylveon|Hyper Voice|p2a: Tyranitar\n|-damage|p2a: Tyranitar|0 fnt\n|faint|p2a: Tyranitar\n|\n|-weather|Sandstorm|[upkeep]\n|-damage|p1a: Sylveon|162/300|[from] Sandstorm\n|upkeep\n|\n|t:|1733765396\n|switch|p2a: Inteleon|Inteleon, L81, F|246/246\n|turn|11\n|\n|t:|1733765402\n|move|p2a: Inteleon|Ice Beam|p1a: Sylveon\n|-damage|p1a: Sylveon|109/300\n|move|p1a: Sylveon|Wish|p1a: Sylveon\n|\n|-weather|Sandstorm|[upkeep]\n|-damage|p2a: Inteleon|231/246|[from] Sandstorm\n|-damage|p1a: Sylveon|91/300|[from] Sandstorm\n|upkeep\n|turn|12\n|\n|t:|1733765413\n|move|p2a: Inteleon|Ice Beam|p1a: Sylveon\n|-damage|p1a: Sylveon|38/300\n|move|p1a: Sylveon|Calm Mind|p1a: Sylveon\n|-boost|p1a: Sylveon|spa|1\n|-boost|p1a: Sylveon|spd|1\n|\n|-weather|none\n|-heal|p1a: Sylveon|188/300|[from] move: Wish|[wisher] Sylveon\n|upkeep\n|turn|13\n|\n|t:|1733765423\n|move|p2a: Inteleon|Ice Beam|p1a: Sylveon\n|-damage|p1a: Sylveon|146/300\n|move|p1a: Sylveon|Hyper Voice|p2a: Inteleon\n|-damage|p2a: Inteleon|0 fnt\n|faint|p2a: Inteleon\n|\n|upkeep\n|\n|t:|1733765429\n|switch|p2a: Appletun|Appletun, L92, F|352/352\n|turn|14\n|\n|t:|1733765436\n|move|p1a: Sylveon|Hyper Voice|p2a: Appletun\n|-supereffective|p2a: Appletun\n|-damage|p2a: Appletun|0 fnt\n|faint|p2a: Appletun\n|\n|win|segdxv\n|raw|segdxv's rating: 1041 &rarr; <strong>1074</strong><br />(+33 for winning)\n|raw|Smajw's rating: 1028 &rarr; <strong>1014</strong><br />(-14 for losing)\n", "inputlog": ">version bfd83cad13791eb5a5a409923076391caf6fb4d4\n>start {\"formatid\":\"gen9randombattle\",\"seed\":[57914,20067,41159,37951],\"rated\":\"Rated battle\"}\n>player p1 {\"name\":\"segdxv\",\"avatar\":\"li\",\"rating\":1041,\"seed\":[36332,28459,21282,12421]}\n>player p2 {\"name\":\"Smajw\",\"avatar\":\"169\",\"rating\":1028,\"seed\":[47195,20892,13483,49761]}\n>p1 move swordsdance\n>p2 move closecombat\n>p1 move surgingstrikes\n>p2 move closecombat\n>p2 switch 5\n>p1 move closecombat\n>p2 move psychicfangs\n>p1 switch 6\n>p1 move earthpower\n>p2 switch 6\n>p1 move earthpower\n>p2 move foulplay\n>p2 switch 6\n>p1 move earthpower\n>p2 move psychicfangs\n>p2 switch 3\n>p1 switch 4\n>p2 move dragonpulse\n>p1 move calmmind\n>p2 switch 2\n>p1 move hypervoice\n>p2 move knockoff\n>p1 move hypervoice\n>p2 move earthquake terastallize\n>p2 switch 4\n>p1 move wish\n>p2 move icebeam\n>p1 move calmmind\n>p2 move icebeam\n>p1 move hypervoice\n>p2 move icebeam\n>p2 switch 2\n>p1 move hypervoice\n>p2 move appleacid", "uploadtime": 1733765441, "views": 1, "formatid": "gen9randombattle", "rating": 1014, "private": 0, "password": null}