{"id": "gen9randombattle-2260520023", "format": "[Gen 9] Random Battle", "players": ["ikey2", "Thefisher1108"], "log": "|j|\u2606ikey2\n|j|\u2606Thefisher1108\n|t:|1733859547\n|gametype|singles\n|player|p1|ikey2|backpackerf|1120\n|player|p2|Thefisher1108|blackbelt-gen4|1073\n|teamsize|p1|6\n|teamsize|p2|6\n|gen|9\n|tier|[Gen 9] Random Battle\n|rated|\n|rule|Species Clause: Limit one of each Pok\u00e9mon\n|rule|HP Percentage Mod: HP is shown in percentages\n|rule|Sleep Clause Mod: Limit one foe put to sleep\n|rule|Illusion Level Mod: Illusion disguises the Pok\u00e9mon's true level\n|\n|t:|1733859547\n|start\n|switch|p1a: Arboliva|Arboliva, L91, M|290/290\n|switch|p2a: Malamar|Malamar, L82, F|275/275\n|turn|1\n|\n|t:|1733859579\n|move|p2a: Malamar|Superpower|p1a: Arboliva\n|-supereffective|p1a: Arboliva\n|-damage|p1a: Arboliva|138/290\n|-boost|p2a: Malamar|atk|1\n|-boost|p2a: Malamar|def|1\n|-fieldstart|move: Grassy Terrain|[from] ability: Seed Sower|[of] p1a: Arboliva\n|move|p1a: Arboliva|Energy Ball|p2a: Malamar\n|-damage|p2a: Malamar|85/275\n|\n|-heal|p2a: Malamar|102/275|[from] Grassy Terrain\n|-heal|p2a: Malamar|119/275|[from] item: Leftovers\n|-heal|p1a: Arboliva|156/290|[from] Grassy Terrain\n|-heal|p1a: Arboliva|174/290|[from] item: Leftovers\n|upkeep\n|turn|2\n|\n|t:|1733859604\n|-terastallize|p2a: Malamar|Fighting\n|move|p2a: Malamar|Superpower|p1a: Arboliva\n|-supereffective|p1a: Arboliva\n|-damage|p1a: Arboliva|0 fnt\n|-boost|p2a: Malamar|atk|1\n|-boost|p2a: Malamar|def|1\n|faint|p1a: Arboliva\n|\n|-heal|p2a: Malamar|136/275|[from] Grassy Terrain\n|-heal|p2a: Malamar|153/275|[from] item: Leftovers\n|upkeep\n|\n|t:|1733859628\n|switch|p1a: Mamoswine|Mamoswine, L81, M|311/311\n|turn|3\n|\n|t:|1733859639\n|move|p1a: Mamoswine|Earthquake|p2a: Malamar\n|-damage|p2a: Malamar|99/275\n|move|p2a: Malamar|Rest|p2a: Malamar\n|-status|p2a: Malamar|slp|[from] move: Rest\n|-heal|p2a: Malamar|275/275 slp|[silent]\n|\n|upkeep\n|turn|4\n|\n|t:|1733859650\n|move|p1a: Mamoswine|Earthquake|p2a: Malamar\n|-damage|p2a: Malamar|230/275 slp\n|cant|p2a: Malamar|slp\n|move|p2a: Malamar|Sleep Talk|p2a: Malamar\n|move|p2a: Malamar|Rest||[from]move: Sleep Talk|[still]\n|-fail|p2a: Malamar\n|\n|-heal|p2a: Malamar|247/275 slp|[from] Grassy Terrain\n|-heal|p2a: Malamar|264/275 slp|[from] item: Leftovers\n|upkeep\n|turn|5\n|\n|t:|1733859664\n|move|p1a: Mamoswine|Earthquake|p2a: Malamar\n|-damage|p2a: Malamar|213/275 slp\n|cant|p2a: Malamar|slp\n|move|p2a: Malamar|Sleep Talk|p2a: Malamar\n|move|p2a: Malamar|Rest||[from]move: Sleep Talk|[still]\n|-fail|p2a: Malamar\n|\n|-heal|p2a: Malamar|230/275 slp|[from] Grassy Terrain\n|-heal|p2a: Malamar|247/275 slp|[from] item: Leftovers\n|-fieldend|move: Grassy Terrain\n|upkeep\n|turn|6\n|\n|t:|1733859680\n|move|p1a: Mamoswine|Earthquake|p2a: Malamar\n|-damage|p2a: Malamar|157/275 slp\n|-curestatus|p2a: Malamar|slp|[msg]\n|move|p2a: Malamar|Superpower|p1a: Mamoswine\n|-supereffective|p1a: Mamoswine\n|-damage|p1a: Mamoswine|0 fnt\n|-boost|p2a: Malamar|atk|1\n|-boost|p2a: Malamar|def|1\n|faint|p1a: Mamoswine\n|\n|-heal|p2a: Malamar|174/275|[from] item: Leftovers\n|upkeep\n|\n|t:|1733859713\n|switch|p1a: Sandy Shocks|Sandy Shocks, L80|267/267\n|turn|7\n|\n|t:|1733859728\n|move|p1a: Sandy Shocks|Thunderbolt|p2a: Malamar\n|-damage|p2a: Malamar|48/275\n|-status|p2a: Malamar|par\n|cant|p2a: Malamar|par\n|\n|-heal|p2a: Malamar|65/275 par|[from] item: Leftovers\n|upkeep\n|turn|8\n|\n|t:|1733859739\n|move|p1a: Sandy Shocks|Thunderbolt|p2a: Malamar\n|-damage|p2a: Malamar|0 fnt\n|faint|p2a: Malamar\n|\n|upkeep\n|\n|t:|1733859746\n|switch|p2a: Dugtrio|Dugtrio, L84, F|196/196\n|turn|9\n|\n|t:|1733859757\n|move|p2a: Dugtrio|Swords Dance|p2a: Dugtrio\n|-boost|p2a: Dugtrio|atk|2\n|move|p1a: Sandy Shocks|Earth Power|p2a: Dugtrio\n|-damage|p2a: Dugtrio|78/196\n|-unboost|p2a: Dugtrio|spd|1\n|\n|upkeep\n|turn|10\n|\n|t:|1733859777\n|-terastallize|p1a: Sandy Shocks|Grass\n|move|p2a: Dugtrio|Earthquake|p1a: Sandy Shocks\n|-resisted|p1a: Sandy Shocks\n|-damage|p1a: Sandy Shocks|129/267\n|-damage|p2a: Dugtrio|59/196|[from] item: Life Orb\n|move|p1a: Sandy Shocks|Earth Power|p2a: Dugtrio\n|-damage|p2a: Dugtrio|0 fnt\n|faint|p2a: Dugtrio\n|\n|-heal|p1a: Sandy Shocks|145/267|[from] item: Leftovers\n|upkeep\n|\n|t:|1733859795\n|switch|p2a: Rotom|Rotom-Mow, L86|226/226\n|turn|11\n|\n|t:|1733859804\n|-end|p1a: Sandy Shocks|Protosynthesis|[silent]\n|switch|p1a: Ursaring|Ursaring, L84, F|288/288\n|move|p2a: Rotom|Trick|p1a: Ursaring\n|-activate|p2a: Rotom|move: Trick|[of] p1a: Ursaring\n|-item|p1a: Ursaring|Choice Scarf|[from] move: Trick\n|-item|p2a: Rotom|Toxic Orb|[from] move: Trick\n|\n|-status|p2a: Rotom|tox|[from] item: Toxic Orb\n|upkeep\n|turn|12\n|\n|t:|1733859824\n|move|p1a: Ursaring|Close Combat|p2a: Rotom\n|-crit|p2a: Rotom\n|-damage|p2a: Rotom|88/226 tox\n|-unboost|p1a: Ursaring|def|1\n|-unboost|p1a: Ursaring|spd|1\n|move|p2a: Rotom|Volt Switch|p1a: Ursaring\n|-damage|p1a: Ursaring|155/288\n|\n|t:|1733859835\n|switch|p2a: Spectrier|Spectrier, L75|274/274|[from] Volt Switch\n|\n|upkeep\n|turn|13\n|\n|t:|1733859847\n|switch|p1a: Eelektross|Eelektross, L87, M|290/290\n|move|p2a: Spectrier|Nasty Plot|p2a: Spectrier\n|-boost|p2a: Spectrier|spa|2\n|\n|upkeep\n|turn|14\n|\n|t:|1733859858\n|move|p2a: Spectrier|Nasty Plot|p2a: Spectrier\n|-boost|p2a: Spectrier|spa|2\n|move|p1a: Eelektross|Knock Off|p2a: Spectrier\n|-supereffective|p2a: Spectrier\n|-damage|p2a: Spectrier|22/274\n|-enditem|p2a: Spectrier|Life Orb|[from] move: Knock Off|[of] p1a: Eelektross\n|\n|upkeep\n|turn|15\n|\n|t:|1733859871\n|move|p2a: Spectrier|Draining Kiss|p1a: Eelektross\n|-damage|p1a: Eelektross|161/290\n|-heal|p2a: Spectrier|119/274|[from] drain|[of] p1a: Eelektross\n|move|p1a: Eelektross|Supercell Slam|p2a: Spectrier\n|-damage|p2a: Spectrier|0 fnt\n|faint|p2a: Spectrier\n|\n|-heal|p1a: Eelektross|179/290|[from] item: Leftovers\n|upkeep\n|\n|t:|1733859886\n|switch|p2a: Rotom|Rotom-Mow, L86|88/226 tox\n|turn|16\n|\n|t:|1733859894\n|move|p2a: Rotom|Trick|p1a: Eelektross\n|-activate|p2a: Rotom|move: Trick|[of] p1a: Eelektross\n|-item|p1a: Eelektross|Toxic Orb|[from] move: Trick\n|-item|p2a: Rotom|Leftovers|[from] move: Trick\n|move|p1a: Eelektross|Knock Off|p2a: Rotom\n|-damage|p2a: Rotom|17/226 tox\n|-enditem|p2a: Rotom|Leftovers|[from] move: Knock Off|[of] p1a: Eelektross\n|\n|-damage|p2a: Rotom|3/226 tox|[from] psn\n|-status|p1a: Eelektross|tox|[from] item: Toxic Orb\n|upkeep\n|turn|17\n|\n|t:|1733859909\n|move|p2a: Rotom|Leaf Storm|p1a: Eelektross\n|-crit|p1a: Eelektross\n|-damage|p1a: Eelektross|0 fnt\n|-unboost|p2a: Rotom|spa|2\n|faint|p1a: Eelektross\n|\n|-damage|p2a: Rotom|0 fnt|[from] psn\n|faint|p2a: Rotom\n|upkeep\n|\n|t:|1733859926\n|switch|p2a: Pincurchin|Pincurchin, M|258/258\n|switch|p1a: Ursaring|Ursaring, L84, F|155/288\n|-fieldstart|move: Electric Terrain|[from] ability: Electric Surge|[of] p2a: Pincurchin\n|turn|18\n|\n|t:|1733859947\n|move|p1a: Ursaring|Close Combat|p2a: Pincurchin\n|-damage|p2a: Pincurchin|174/258\n|-unboost|p1a: Ursaring|def|1\n|-unboost|p1a: Ursaring|spd|1\n|move|p2a: Pincurchin|Liquidation|p1a: Ursaring\n|-damage|p1a: Ursaring|19/288\n|-unboost|p1a: Ursaring|def|1\n|\n|-heal|p2a: Pincurchin|190/258|[from] item: Leftovers\n|upkeep\n|turn|19\n|\n|t:|1733859961\n|move|p1a: Ursaring|Close Combat|p2a: Pincurchin\n|-damage|p2a: Pincurchin|106/258\n|-unboost|p1a: Ursaring|def|1\n|-unboost|p1a: Ursaring|spd|1\n|move|p2a: Pincurchin|Zing Zap|p1a: Ursaring\n|-damage|p1a: Ursaring|0 fnt\n|faint|p1a: Ursaring\n|\n|-heal|p2a: Pincurchin|122/258|[from] item: Leftovers\n|upkeep\n|\n|t:|1733859978\n|switch|p1a: Sandy Shocks|Sandy Shocks, L80, tera:Grass|145/267\n|turn|20\n|\n|t:|1733859988\n|move|p1a: Sandy Shocks|Earth Power|p2a: Pincurchin\n|-supereffective|p2a: Pincurchin\n|-damage|p2a: Pincurchin|0 fnt\n|faint|p2a: Pincurchin\n|\n|-heal|p1a: Sandy Shocks|161/267|[from] item: Leftovers\n|upkeep\n|\n|t:|1733859993\n|switch|p2a: Barraskewda|Barraskewda, L81, M|231/231\n|turn|21\n|\n|t:|1733860005\n|move|p2a: Barraskewda|Psychic Fangs|p1a: Sandy Shocks\n|-damage|p1a: Sandy Shocks|61/267\n|move|p1a: Sandy Shocks|Thunderbolt|p2a: Barraskewda\n|-supereffective|p2a: Barraskewda\n|-damage|p2a: Barraskewda|0 fnt\n|faint|p2a: Barraskewda\n|\n|win|ikey2\n|raw|ikey2's rating: 1120 &rarr; <strong>1142</strong><br />(+22 for winning)\n|raw|Thefisher1108's rating: 1073 &rarr; <strong>1055</strong><br />(-18 for losing)\n|c|\u2606ikey2|Gg\n|l|\u2606Thefisher1108\n|player|p2|\n", "inputlog": ">version bfd83cad13791eb5a5a409923076391caf6fb4d4\n>start {\"formatid\":\"gen9randombattle\",\"seed\":[27000,64977,23026,43292],\"rated\":\"Rated battle\"}\n>player p1 {\"name\":\"ikey2\",\"avatar\":\"backpackerf\",\"rating\":1120,\"seed\":[8663,16546,44612,13176]}\n>player p2 {\"name\":\"Thefisher1108\",\"avatar\":\"blackbelt-gen4\",\"rating\":1073,\"seed\":[61995,6078,11905,48393]}\n>p1 move energyball\n>p2 move superpower\n>p1 move energyball\n>p2 move superpower terastallize\n>p1 switch 6\n>p1 move earthquake\n>p2 move rest\n>p1 move earthquake\n>p2 move sleeptalk\n>p1 move earthquake\n>p2 move sleeptalk\n>p1 move earthquake\n>p2 move superpower\n>p1 switch 3\n>p1 move thunderbolt\n>p2 move rest\n>p1 move thunderbolt\n>p2 move rest\n>p2 switch 2\n>p1 move earthpower\n>p2 move swordsdance\n>p1 move earthpower terastallize\n>p2 move earthquake\n>p2 switch 5\n>p1 switch 2\n>p2 move trick\n>p1 move closecombat\n>p2 move voltswitch\n>p2 switch 3\n>p1 switch 5\n>p2 move nastyplot\n>p1 move knockoff\n>p2 move nastyplot\n>p1 move supercellslam\n>p2 move drainingkiss\n>p2 switch 3\n>p1 move knockoff\n>p2 move trick\n>p1 move drainpunch\n>p2 move leafstorm\n>p1 switch 5\n>p2 switch 4\n>p1 move closecombat\n>p2 move liquidation\n>p1 move closecombat\n>p2 move zingzap\n>p1 switch 2\n>p1 move earthpower\n>p2 move recover\n>p2 switch 6\n>p1 move thunderbolt\n>p2 move psychicfangs", "uploadtime": 1733860020, "views": 3, "formatid": "gen9randombattle", "rating": 1055, "private": 0, "password": null}