{"id": "gen9randombattle-2259918252", "format": "[Gen 9] Random Battle", "players": ["code red ccxx", "allhailweegee"], "log": "|j|\u2606code red ccxx\n|j|\u2606allhailweegee\n|t:|1733779847\n|gametype|singles\n|player|p1|code red ccxx|guzma|\n|player|p2|allhailweegee|shauntal|\n|teamsize|p1|6\n|teamsize|p2|6\n|gen|9\n|tier|[Gen 9] Random Battle\n|rule|Species Clause: Limit one of each Pok\u00e9mon\n|rule|HP Percentage Mod: HP is shown in percentages\n|rule|Sleep Clause Mod: Limit one foe put to sleep\n|rule|Illusion Level Mod: Illusion disguises the Pok\u00e9mon's true level\n|\n|t:|1733779847\n|start\n|switch|p1a: Toxapex|Toxapex, L82, F|216/216\n|switch|p2a: Gyarados|Gyarados, L79, F|280/280\n|turn|1\n|\n|t:|1733779855\n|switch|p2a: Bronzong|Bronzong, L88|261/261\n|move|p1a: Toxapex|Toxic|p2a: Bronzong\n|-immune|p2a: Bronzong\n|\n|upkeep\n|turn|2\n|\n|t:|1733779866\n|switch|p1a: Bronzong|Bronzong, L88|261/261\n|move|p2a: Bronzong|Stealth Rock|p1a: Bronzong\n|-sidestart|p1: code red ccxx|move: Stealth Rock\n|\n|upkeep\n|turn|3\n|\n|t:|1733779875\n|move|p1a: Bronzong|Stealth Rock|p2a: Bronzong\n|-sidestart|p2: allhailweegee|move: Stealth Rock\n|move|p2a: Bronzong|Psychic Noise|p1a: Bronzong\n|-resisted|p1a: Bronzong\n|-damage|p1a: Bronzong|247/261\n|-start|p1a: Bronzong|move: Heal Block\n|\n|upkeep\n|turn|4\n|\n|t:|1733779902\n|move|p1a: Bronzong|Hypnosis|p2a: Bronzong|[miss]\n|-miss|p1a: Bronzong|p2a: Bronzong\n|move|p2a: Bronzong|Iron Head|p1a: Bronzong\n|-resisted|p1a: Bronzong\n|-damage|p1a: Bronzong|213/261\n|\n|-end|p1a: Bronzong|move: Heal Block\n|upkeep\n|turn|5\n|\n|t:|1733779907\n|switch|p2a: Mesprit|Mesprit, L85|275/275\n|-damage|p2a: Mesprit|241/275|[from] Stealth Rock\n|move|p1a: Bronzong|Hypnosis|p2a: Mesprit\n|-status|p2a: Mesprit|slp|[from] move: Hypnosis\n|\n|-heal|p2a: Mesprit|258/275 slp|[from] item: Leftovers\n|-heal|p1a: Bronzong|229/261|[from] item: Leftovers\n|upkeep\n|turn|6\n|\n|t:|1733779913\n|switch|p1a: Ribombee|Ribombee, L82, F|233/233\n|cant|p2a: Mesprit|slp\n|\n|-heal|p2a: Mesprit|275/275 slp|[from] item: Leftovers\n|upkeep\n|turn|7\n|\n|t:|1733779919\n|switch|p2a: Iron Treads|Iron Treads, L77|265/265\n|-damage|p2a: Iron Treads|257/265|[from] Stealth Rock\n|move|p1a: Ribombee|Sticky Web|p2a: Iron Treads\n|-sidestart|p2: allhailweegee|move: Sticky Web\n|\n|upkeep\n|turn|8\n|\n|t:|1733779934\n|move|p1a: Ribombee|Stun Spore|p2a: Iron Treads\n|-status|p2a: Iron Treads|par\n|move|p2a: Iron Treads|Rapid Spin|p1a: Ribombee\n|-damage|p1a: Ribombee|187/233\n|-boost|p2a: Iron Treads|spe|1\n|-sideend|p2: allhailweegee|Stealth Rock|[from] move: Rapid Spin|[of] p2a: Iron Treads\n|-sideend|p2: allhailweegee|Sticky Web|[from] move: Rapid Spin|[of] p2a: Iron Treads\n|\n|upkeep\n|turn|9\n|\n|t:|1733779941\n|switch|p1a: Bronzong|Bronzong, L88|229/261\n|-damage|p1a: Bronzong|213/261|[from] Stealth Rock\n|move|p2a: Iron Treads|Iron Head|p1a: Bronzong\n|-resisted|p1a: Bronzong\n|-damage|p1a: Bronzong|183/261\n|\n|-heal|p1a: Bronzong|199/261|[from] item: Leftovers\n|upkeep\n|turn|10\n|\n|t:|1733779952\n|-end|p2a: Iron Treads|Quark Drive|[silent]\n|switch|p2a: Breloom|Breloom, L82, F|233/233\n|move|p1a: Bronzong|Stealth Rock|p2a: Breloom\n|-sidestart|p2: allhailweegee|move: Stealth Rock\n|\n|-heal|p1a: Bronzong|215/261|[from] item: Leftovers\n|upkeep\n|turn|11\n|\n|t:|1733779956\n|move|p2a: Breloom|Spore|p1a: Bronzong\n|-status|p1a: Bronzong|slp|[from] move: Spore\n|cant|p1a: Bronzong|slp\n|\n|-heal|p1a: Bronzong|231/261 slp|[from] item: Leftovers\n|upkeep\n|turn|12\n|\n|t:|1733779960\n|switch|p1a: Ribombee|Ribombee, L82, F|187/233\n|move|p2a: Breloom|Swords Dance|p2a: Breloom\n|-boost|p2a: Breloom|atk|2\n|\n|upkeep\n|turn|13\n|\n|t:|1733779968\n|switch|p2a: Bronzong|Bronzong, L88|261/261\n|-damage|p2a: Bronzong|245/261|[from] Stealth Rock\n|move|p1a: Ribombee|Moonblast|p2a: Bronzong\n|-resisted|p2a: Bronzong\n|-damage|p2a: Bronzong|208/261\n|-unboost|p2a: Bronzong|spa|1\n|\n|-heal|p2a: Bronzong|224/261|[from] item: Leftovers\n|upkeep\n|turn|14\n|\n|t:|1733779980\n|switch|p1a: Electrode|Electrode-Hisui, L87|246/246\n|-damage|p1a: Electrode|216/246|[from] Stealth Rock\n|move|p2a: Bronzong|Iron Head|p1a: Electrode\n|-resisted|p1a: Electrode\n|-damage|p1a: Electrode|170/246\n|\n|-heal|p2a: Bronzong|240/261|[from] item: Leftovers\n|upkeep\n|turn|15\n|\n|t:|1733779998\n|move|p1a: Electrode|Taunt|p2a: Bronzong\n|-start|p2a: Bronzong|move: Taunt\n|move|p2a: Bronzong|Psychic Noise|p1a: Electrode\n|-immune|p1a: Electrode|[from] ability: Soundproof\n|\n|-heal|p2a: Bronzong|256/261|[from] item: Leftovers\n|upkeep\n|turn|16\n|\n|t:|1733780005\n|move|p1a: Electrode|Thunder Wave|p2a: Bronzong\n|-status|p2a: Bronzong|par\n|cant|p2a: Bronzong|par\n|\n|-heal|p2a: Bronzong|261/261 par|[from] item: Leftovers\n|upkeep\n|turn|17\n|\n|t:|1733780013\n|move|p1a: Electrode|Thunderbolt|p2a: Bronzong\n|-damage|p2a: Bronzong|179/261 par\n|-damage|p1a: Electrode|146/246|[from] item: Life Orb\n|cant|p2a: Bronzong|par\n|\n|-heal|p2a: Bronzong|195/261 par|[from] item: Leftovers\n|-end|p2a: Bronzong|move: Taunt\n|upkeep\n|turn|18\n|\n|t:|1733780023\n|move|p1a: Electrode|Taunt|p2a: Bronzong\n|-start|p2a: Bronzong|move: Taunt\n|move|p2a: Bronzong|Earthquake|p1a: Electrode\n|-damage|p1a: Electrode|57/246\n|\n|-heal|p2a: Bronzong|211/261 par|[from] item: Leftovers\n|upkeep\n|turn|19\n|\n|t:|1733780030\n|move|p1a: Electrode|Thunderbolt|p2a: Bronzong\n|-damage|p2a: Bronzong|121/261 par\n|-damage|p1a: Electrode|33/246|[from] item: Life Orb\n|move|p2a: Bronzong|Earthquake|p1a: Electrode\n|-damage|p1a: Electrode|0 fnt\n|faint|p1a: Electrode\n|\n|-heal|p2a: Bronzong|137/261 par|[from] item: Leftovers\n|upkeep\n|\n|t:|1733780056\n|switch|p1a: Kyurem|Kyurem-Black, L71|295/295\n|-damage|p1a: Kyurem|222/295|[from] Stealth Rock\n|-ability|p1a: Kyurem|Teravolt\n|turn|20\n|\n|t:|1733780063\n|move|p1a: Kyurem|Dragon Dance|p1a: Kyurem\n|-boost|p1a: Kyurem|atk|1\n|-boost|p1a: Kyurem|spe|1\n|cant|p2a: Bronzong|par\n|\n|-heal|p2a: Bronzong|153/261 par|[from] item: Leftovers\n|-end|p2a: Bronzong|move: Taunt\n|upkeep\n|turn|21\n|\n|t:|1733780068\n|move|p1a: Kyurem|Dragon Dance|p1a: Kyurem\n|-boost|p1a: Kyurem|atk|1\n|-boost|p1a: Kyurem|spe|1\n|cant|p2a: Bronzong|par\n|\n|-heal|p2a: Bronzong|169/261 par|[from] item: Leftovers\n|upkeep\n|turn|22\n|\n|t:|1733780078\n|-terastallize|p1a: Kyurem|Electric\n|move|p1a: Kyurem|Dragon Dance|p1a: Kyurem\n|-boost|p1a: Kyurem|atk|1\n|-boost|p1a: Kyurem|spe|1\n|cant|p2a: Bronzong|par\n|\n|-heal|p2a: Bronzong|185/261 par|[from] item: Leftovers\n|upkeep\n|turn|23\n|\n|t:|1733780084\n|move|p1a: Kyurem|Fusion Bolt|p2a: Bronzong\n|-damage|p2a: Bronzong|0 fnt\n|faint|p2a: Bronzong\n|\n|upkeep\n|-message|allhailweegee forfeited.\n|\n|win|code red ccxx\n|l|\u2606allhailweegee\n|player|p2|\n|j|\u2606allhailweegee\n|player|p2|allhailweegee|shauntal|\n", "inputlog": ">version bfd83cad13791eb5a5a409923076391caf6fb4d4\n>start {\"formatid\":\"gen9randombattle\",\"seed\":[6241,30201,56275,11217]}\n>player p1 {\"name\":\"code red ccxx\",\"avatar\":\"guzma\",\"rating\":0,\"seed\":[9556,41803,58001,65469]}\n>player p2 {\"name\":\"allhailweegee\",\"avatar\":\"shauntal\",\"rating\":0,\"seed\":[5707,49185,4288,23122]}\n>p1 move toxic\n>p2 switch 2\n>p1 switch 3\n>p2 move stealthrock\n>p1 move stealthrock\n>p2 move psychicnoise\n>p1 move hypnosis\n>p2 move ironhead\n>p1 move hypnosis\n>p2 switch 3\n>p1 switch 4\n>p2 move thunderwave\n>p1 move stickyweb\n>p2 switch 6\n>p1 move stunspore\n>p2 move rapidspin\n>p1 switch 4\n>p2 move ironhead\n>p1 move stealthrock\n>p2 switch 5\n>p1 move psychic\n>p2 move spore\n>p1 switch 4\n>p2 move swordsdance\n>p1 move moonblast\n>p2 switch 3\n>p1 switch 6\n>p2 move ironhead\n>p1 move taunt\n>p2 move psychicnoise\n>p1 move thunderwave\n>p2 move earthquake\n>p1 move thunderbolt\n>p2 move earthquake\n>p1 move taunt\n>p2 move earthquake\n>p1 move thunderbolt\n>p2 move earthquake\n>p1 switch 2\n>p1 move dragondance\n>p2 move ironhead\n>p1 move dragondance\n>p2 move ironhead\n>p1 move dragondance terastallize\n>p2 move ironhead\n>p1 move fusionbolt\n>p2 move earthquake\n>forcelose p2", "uploadtime": 1733780092, "views": 2, "formatid": "gen9randombattle", "rating": null, "private": 0, "password": null}