{"id": "gen9randombattle-2144117768", "format": "[Gen 9] Random Battle", "players": ["TechBuster", "Astinov"], "log": "|j|\u2606TechBuster\n|j|\u2606Astinov\n|t:|1718503446\n|gametype|singles\n|player|p1|TechBuster|cynthia|2264\n|player|p2|Astinov|2|2216\n|teamsize|p1|6\n|teamsize|p2|6\n|gen|9\n|tier|[Gen 9] Random Battle\n|rated|\n|rule|Species Clause: Limit one of each Pok\u00e9mon\n|rule|HP Percentage Mod: HP is shown in percentages\n|rule|Sleep Clause Mod: Limit one foe put to sleep\n|rule|Illusion Level Mod: Illusion disguises the Pok\u00e9mon's true level\n|\n|t:|1718503446\n|start\n|switch|p1a: Krookodile|Krookodile, L80, M|283/283\n|switch|p2a: Toxapex|Toxapex, L82, M|216/216\n|-ability|p1a: Krookodile|Intimidate|boost\n|-unboost|p2a: Toxapex|atk|1\n|turn|1\n|\n|t:|1718503482\n|switch|p2a: Decidueye|Decidueye-Hisui, L87, F|295/295\n|move|p1a: Krookodile|Stealth Rock|p2a: Decidueye\n|-sidestart|p2: Astinov|move: Stealth Rock\n|\n|upkeep\n|turn|2\n|j| swift_mjw\n|\n|t:|1718503533\n|switch|p1a: Emboar|Emboar, L84, M|322/322\n|move|p2a: Decidueye|Triple Arrows|p1a: Emboar\n|-damage|p1a: Emboar|171/322\n|\n|upkeep\n|turn|3\n|\n|t:|1718503542\n|switch|p2a: Toxapex|Toxapex, L82, M|216/216\n|-damage|p2a: Toxapex|189/216|[from] Stealth Rock\n|move|p1a: Emboar|Flare Blitz|p2a: Toxapex\n|-resisted|p2a: Toxapex\n|-damage|p2a: Toxapex|133/216\n|-damage|p1a: Emboar|118/322|[from] item: Rocky Helmet|[of] p2a: Toxapex\n|-damage|p1a: Emboar|100/322|[from] Recoil\n|\n|upkeep\n|turn|4\n|\n|t:|1718503553\n|switch|p1a: Krookodile|Krookodile, L80, M|283/283\n|-ability|p1a: Krookodile|Intimidate|boost\n|-unboost|p2a: Toxapex|atk|1\n|move|p2a: Toxapex|Toxic Spikes|p1a: Krookodile\n|-sidestart|p1: TechBuster|move: Toxic Spikes\n|\n|upkeep\n|turn|5\n|j| wqeqwewq\n|\n|t:|1718503592\n|switch|p2a: Decidueye|Decidueye-Hisui, L87, F|295/295\n|-damage|p2a: Decidueye|277/295|[from] Stealth Rock\n|move|p1a: Krookodile|Gunk Shot|p2a: Decidueye\n|-supereffective|p2a: Decidueye\n|-damage|p2a: Decidueye|53/295\n|-damage|p1a: Krookodile|255/283|[from] item: Life Orb\n|\n|-heal|p2a: Decidueye|71/295|[from] item: Leftovers\n|upkeep\n|turn|6\n|\n|t:|1718503623\n|move|p1a: Krookodile|Earthquake|p2a: Decidueye\n|-resisted|p2a: Decidueye\n|-damage|p2a: Decidueye|0 fnt\n|faint|p2a: Decidueye\n|-damage|p1a: Krookodile|227/283|[from] item: Life Orb\n|\n|upkeep\n|\n|t:|1718503627\n|switch|p2a: Kleavor|Kleavor, L78, F|237/237\n|-damage|p2a: Kleavor|178/237|[from] Stealth Rock\n|turn|7\n|\n|t:|1718503660\n|switch|p1a: Conkeldurr|Conkeldurr, L80, F|299/299\n|-status|p1a: Conkeldurr|psn\n|move|p2a: Kleavor|X-Scissor|p1a: Conkeldurr\n|-resisted|p1a: Conkeldurr\n|-damage|p1a: Conkeldurr|224/299 psn\n|\n|-damage|p1a: Conkeldurr|187/299 psn|[from] psn\n|upkeep\n|turn|8\n|\n|t:|1718503680\n|switch|p2a: Pecharunt|Pecharunt, L77|262/262\n|-damage|p2a: Pecharunt|230/262|[from] Stealth Rock\n|move|p1a: Conkeldurr|Facade|p2a: Pecharunt\n|-immune|p2a: Pecharunt\n|\n|-heal|p2a: Pecharunt|246/262|[from] item: Leftovers\n|-damage|p1a: Conkeldurr|150/299 psn|[from] psn\n|upkeep\n|turn|9\n|\n|t:|1718503693\n|switch|p1a: Krookodile|Krookodile, L80, M|227/283\n|-status|p1a: Krookodile|psn\n|-ability|p1a: Krookodile|Intimidate|boost\n|-unboost|p2a: Pecharunt|atk|1\n|move|p2a: Pecharunt|Parting Shot|p1a: Krookodile\n|-unboost|p1a: Krookodile|atk|1\n|-unboost|p1a: Krookodile|spa|1\n|\n|t:|1718503695\n|switch|p2a: Kleavor|Kleavor, L78, F|178/237|[from] Parting Shot\n|-damage|p2a: Kleavor|119/237|[from] Stealth Rock\n|\n|-damage|p1a: Krookodile|192/283 psn|[from] psn\n|upkeep\n|turn|10\n|\n|t:|1718503707\n|switch|p1a: Mimikyu|Mimikyu, L79, F|216/216\n|-status|p1a: Mimikyu|psn\n|move|p2a: Kleavor|Stone Axe|p1a: Mimikyu\n|-activate|p1a: Mimikyu|ability: Disguise\n|-damage|p1a: Mimikyu|216/216 psn\n|-sidestart|p1: TechBuster|move: Stealth Rock\n|detailschange|p1a: Mimikyu|Mimikyu-Busted, L79, F\n|-damage|p1a: Mimikyu|189/216 psn|[from] pokemon: Mimikyu-Busted\n|\n|-damage|p1a: Mimikyu|162/216 psn|[from] psn\n|upkeep\n|turn|11\n|\n|t:|1718503721\n|switch|p2a: Toxapex|Toxapex, L82, M|205/216\n|-damage|p2a: Toxapex|178/216|[from] Stealth Rock\n|move|p1a: Mimikyu|Play Rough|p2a: Toxapex\n|-resisted|p2a: Toxapex\n|-damage|p2a: Toxapex|143/216\n|-damage|p1a: Mimikyu|126/216 psn|[from] item: Rocky Helmet|[of] p2a: Toxapex\n|-damage|p1a: Mimikyu|105/216 psn|[from] item: Life Orb\n|\n|-damage|p1a: Mimikyu|78/216 psn|[from] psn\n|upkeep\n|turn|12\n|\n|t:|1718503728\n|switch|p1a: Krookodile|Krookodile, L80, M|192/283 psn\n|-damage|p1a: Krookodile|175/283 psn|[from] Stealth Rock\n|-ability|p1a: Krookodile|Intimidate|boost\n|-unboost|p2a: Toxapex|atk|1\n|move|p2a: Toxapex|Recover|p2a: Toxapex\n|-heal|p2a: Toxapex|216/216\n|\n|-damage|p1a: Krookodile|140/283 psn|[from] psn\n|upkeep\n|turn|13\n|\n|t:|1718503735\n|switch|p2a: Braviary|Braviary, L85, M|309/309\n|move|p1a: Krookodile|Earthquake|p2a: Braviary\n|-immune|p2a: Braviary\n|\n|-damage|p1a: Krookodile|105/283 psn|[from] psn\n|upkeep\n|turn|14\n|\n|t:|1718503749\n|move|p1a: Krookodile|Knock Off|p2a: Braviary\n|-damage|p2a: Braviary|163/309\n|-enditem|p2a: Braviary|Heavy-Duty Boots|[from] move: Knock Off|[of] p1a: Krookodile\n|-damage|p1a: Krookodile|77/283 psn|[from] item: Life Orb\n|move|p2a: Braviary|Bulk Up|p2a: Braviary\n|-boost|p2a: Braviary|atk|1\n|-boost|p2a: Braviary|def|1\n|\n|-damage|p1a: Krookodile|42/283 psn|[from] psn\n|upkeep\n|turn|15\n|\n|t:|1718503811\n|move|p1a: Krookodile|Gunk Shot|p2a: Braviary\n|-damage|p2a: Braviary|73/309\n|-damage|p1a: Krookodile|14/283 psn|[from] item: Life Orb\n|move|p2a: Braviary|Roost|p2a: Braviary\n|-heal|p2a: Braviary|228/309\n|-singleturn|p2a: Braviary|move: Roost\n|\n|-damage|p1a: Krookodile|0 fnt|[from] psn\n|faint|p1a: Krookodile\n|upkeep\n|\n|t:|1718503821\n|switch|p1a: Mimikyu|Mimikyu-Busted, L79, F|78/216 psn\n|-damage|p1a: Mimikyu|51/216 psn|[from] Stealth Rock\n|turn|16\n|\n|t:|1718503837\n|move|p1a: Mimikyu|Play Rough|p2a: Braviary\n|-damage|p2a: Braviary|146/309\n|-unboost|p2a: Braviary|atk|1\n|-ability|p2a: Braviary|Defiant|boost\n|-boost|p2a: Braviary|atk|2\n|-damage|p1a: Mimikyu|30/216 psn|[from] item: Life Orb\n|move|p2a: Braviary|Bulk Up|p2a: Braviary\n|-boost|p2a: Braviary|atk|1\n|-boost|p2a: Braviary|def|1\n|\n|-damage|p1a: Mimikyu|3/216 psn|[from] psn\n|upkeep\n|turn|17\n|\n|t:|1718503848\n|move|p1a: Mimikyu|Play Rough|p2a: Braviary\n|-damage|p2a: Braviary|84/309\n|-damage|p1a: Mimikyu|0 fnt|[from] item: Life Orb\n|faint|p1a: Mimikyu\n|move|p2a: Braviary|Roost|p2a: Braviary\n|-heal|p2a: Braviary|239/309\n|-singleturn|p2a: Braviary|move: Roost\n|\n|upkeep\n|\n|t:|1718503866\n|switch|p1a: Espathra|Espathra, L80, M|283/283\n|-status|p1a: Espathra|psn\n|-damage|p1a: Espathra|248/283 psn|[from] Stealth Rock\n|turn|18\n|\n|t:|1718503884\n|move|p1a: Espathra|Substitute|p1a: Espathra\n|-start|p1a: Espathra|Substitute\n|-damage|p1a: Espathra|178/283 psn\n|move|p2a: Braviary|Brave Bird|p1a: Espathra\n|-crit|p1a: Espathra\n|-end|p1a: Espathra|Substitute\n|-damage|p2a: Braviary|216/309|[from] Recoil|[of] p1a: Espathra\n|\n|-heal|p1a: Espathra|195/283 psn|[from] item: Leftovers\n|-damage|p1a: Espathra|160/283 psn|[from] psn\n|-ability|p1a: Espathra|Speed Boost|boost\n|-boost|p1a: Espathra|spe|1\n|upkeep\n|turn|19\n|\n|t:|1718503900\n|move|p1a: Espathra|Substitute|p1a: Espathra\n|-start|p1a: Espathra|Substitute\n|-damage|p1a: Espathra|90/283 psn\n|move|p2a: Braviary|Brave Bird|p1a: Espathra\n|-end|p1a: Espathra|Substitute\n|-damage|p2a: Braviary|193/309|[from] Recoil|[of] p1a: Espathra\n|\n|-heal|p1a: Espathra|107/283 psn|[from] item: Leftovers\n|-damage|p1a: Espathra|72/283 psn|[from] psn\n|-ability|p1a: Espathra|Speed Boost|boost\n|-boost|p1a: Espathra|spe|1\n|upkeep\n|turn|20\n|\n|t:|1718503928\n|move|p1a: Espathra|Stored Power|p2a: Braviary\n|-damage|p2a: Braviary|130/309\n|move|p2a: Braviary|Roost|p2a: Braviary\n|-heal|p2a: Braviary|285/309\n|-singleturn|p2a: Braviary|move: Roost\n|\n|-heal|p1a: Espathra|89/283 psn|[from] item: Leftovers\n|-damage|p1a: Espathra|54/283 psn|[from] psn\n|-ability|p1a: Espathra|Speed Boost|boost\n|-boost|p1a: Espathra|spe|1\n|upkeep\n|turn|21\n|\n|t:|1718503936\n|move|p1a: Espathra|Stored Power|p2a: Braviary\n|-damage|p2a: Braviary|192/309\n|move|p2a: Braviary|Brave Bird|p1a: Espathra\n|-damage|p1a: Espathra|0 fnt\n|faint|p1a: Espathra\n|-damage|p2a: Braviary|174/309|[from] Recoil\n|\n|upkeep\n|\n|t:|1718503945\n|switch|p1a: Conkeldurr|Conkeldurr, L80, F|150/299 psn\n|-damage|p1a: Conkeldurr|132/299 psn|[from] Stealth Rock\n|turn|22\n|\n|t:|1718503963\n|move|p2a: Braviary|Brave Bird|p1a: Conkeldurr\n|-supereffective|p1a: Conkeldurr\n|-damage|p1a: Conkeldurr|0 fnt\n|faint|p1a: Conkeldurr\n|-damage|p2a: Braviary|130/309|[from] Recoil\n|\n|upkeep\n|\n|t:|1718503970\n|switch|p1a: Mightyena|Mightyena, L95, F|287/287\n|-status|p1a: Mightyena|psn\n|-damage|p1a: Mightyena|252/287 psn|[from] Stealth Rock\n|-ability|p1a: Mightyena|Intimidate|boost\n|-unboost|p2a: Braviary|atk|1\n|-ability|p2a: Braviary|Defiant|boost\n|-boost|p2a: Braviary|atk|2\n|turn|23\n|\n|t:|1718503979\n|-terastallize|p1a: Mightyena|Fairy\n|move|p1a: Mightyena|Play Rough|p2a: Braviary\n|-damage|p2a: Braviary|34/309\n|move|p2a: Braviary|Roost|p2a: Braviary\n|-heal|p2a: Braviary|189/309\n|-singleturn|p2a: Braviary|move: Roost\n|\n|-damage|p1a: Mightyena|217/287 psn|[from] psn\n|upkeep\n|turn|24\n|\n|t:|1718503986\n|move|p1a: Mightyena|Play Rough|p2a: Braviary\n|-damage|p2a: Braviary|92/309\n|move|p2a: Braviary|Roost|p2a: Braviary\n|-heal|p2a: Braviary|247/309\n|-singleturn|p2a: Braviary|move: Roost\n|\n|-damage|p1a: Mightyena|182/287 psn|[from] psn\n|upkeep\n|turn|25\n|\n|t:|1718503996\n|move|p1a: Mightyena|Play Rough|p2a: Braviary\n|-damage|p2a: Braviary|157/309\n|move|p2a: Braviary|Brave Bird|p1a: Mightyena\n|-damage|p1a: Mightyena|0 fnt\n|faint|p1a: Mightyena\n|-damage|p2a: Braviary|97/309|[from] Recoil\n|\n|upkeep\n|\n|t:|1718504000\n|switch|p1a: Emboar|Emboar, L84, M|100/322\n|-status|p1a: Emboar|psn\n|-damage|p1a: Emboar|60/322 psn|[from] Stealth Rock\n|turn|26\n|\n|t:|1718504003\n|move|p2a: Braviary|Brave Bird|p1a: Emboar\n|-supereffective|p1a: Emboar\n|-damage|p1a: Emboar|0 fnt\n|faint|p1a: Emboar\n|-damage|p2a: Braviary|77/309|[from] Recoil\n|\n|win|Astinov\n|raw|TechBuster's rating: 2264 &rarr; <strong>2243</strong><br />(-21 for losing)\n|raw|Astinov's rating: 2244 &rarr; <strong>2265</strong><br />(+21 for winning)\n", "inputlog": ">version f332f6e66c888c6399c77e4ee9d4d682fcd18d40\n>start {\"formatid\":\"gen9randombattle\",\"seed\":[57342,6401,18357,26517],\"rated\":\"Rated battle\"}\n>player p1 {\"name\":\"TechBuster\",\"avatar\":\"cynthia\",\"rating\":2264,\"seed\":[9323,53342,59823,2645]}\n>player p2 {\"name\":\"Astinov\",\"avatar\":\"2\",\"rating\":2216,\"seed\":[16900,9387,18487,64792]}\n>p1 move stealthrock\n>p2 switch 4\n>p1 switch 3\n>p2 move triplearrows\n>p1 move flareblitz\n>p2 switch 4\n>p1 switch 3\n>p2 move toxicspikes\n>p1 move gunkshot\n>p2 switch 4\n>p1 move earthquake\n>p2 move roost\n>p2 switch 6\n>p1 switch 6\n>p2 move xscissor\n>p1 move facade\n>p2 switch 5\n>p1 switch 6\n>p2 move partingshot\n>p2 switch 5\n>p1 switch 4\n>p2 move stoneaxe\n>p1 move playrough\n>p2 switch 4\n>p1 switch 4\n>p2 move recover\n>p1 move earthquake\n>p2 switch 3\n>p1 move knockoff\n>p2 move bulkup\n>p1 move gunkshot\n>p2 move roost\n>p1 switch 4\n>p1 move playrough\n>p2 move bulkup\n>p1 move playrough\n>p2 move roost\n>p1 switch 5\n>p1 move substitute\n>p2 move bravebird\n>p1 move substitute\n>p2 move bravebird\n>p1 move storedpower\n>p2 move roost\n>p1 move storedpower\n>p2 move bravebird\n>p1 switch 6\n>p1 move closecombat\n>p2 move bravebird\n>p1 switch 2\n>p1 move playrough terastallize\n>p2 move roost\n>p1 move playrough\n>p2 move roost\n>p1 move playrough\n>p2 move bravebird\n>p1 switch 3\n>p1 move flareblitz\n>p2 move bravebird", "uploadtime": 1718504005, "views": 186, "formatid": "gen9randombattle", "rating": 2243, "private": 0, "password": null}