{"id": "gen9randombattle-2030759613", "format": "[Gen 9] Random Battle", "players": ["Alfhan", "MichaelderBeste2"], "log": "|j|\u2606Alfhan\n|j|\u2606MichaelderBeste2\n|t:|1704806530\n|gametype|singles\n|player|p1|Alfhan|2|2219\n|player|p2|MichaelderBeste2|#rbtt7teamdarkraif|2389\n|teamsize|p1|6\n|teamsize|p2|6\n|gen|9\n|tier|[Gen 9] Random Battle\n|rated|\n|rule|Species Clause: Limit one of each Pok\u00e9mon\n|rule|HP Percentage Mod: HP is shown in percentages\n|rule|Sleep Clause Mod: Limit one foe put to sleep\n|rule|Illusion Level Mod: Illusion disguises the Pok\u00e9mon's true level\n|\n|t:|1704806530\n|start\n|switch|p1a: Luxray|Luxray, L88, F|284/284\n|switch|p2a: Iron Valiant|Iron Valiant, L79|247/247\n|turn|1\n|inactive|Battle timer is ON: inactive players will automatically lose when time's up. (requested by Alfhan)\n|\n|t:|1704806547\n|move|p2a: Iron Valiant|Close Combat|p1a: Luxray\n|-damage|p1a: Luxray|97/284\n|-unboost|p2a: Iron Valiant|def|1\n|-unboost|p2a: Iron Valiant|spd|1\n|-damage|p2a: Iron Valiant|223/247|[from] item: Life Orb\n|move|p1a: Luxray|Trailblaze|p2a: Iron Valiant\n|-damage|p2a: Iron Valiant|144/247\n|-boost|p1a: Luxray|spe|1\n|\n|-status|p1a: Luxray|brn|[from] item: Flame Orb\n|upkeep\n|turn|2\n|\n|t:|1704806550\n|-end|p2a: Iron Valiant|Quark Drive|[silent]\n|switch|p2a: Kingambit|Kingambit, L74, F|270/270\n|move|p1a: Luxray|Facade|p2a: Kingambit\n|-resisted|p2a: Kingambit\n|-damage|p2a: Kingambit|184/270\n|\n|-heal|p2a: Kingambit|200/270|[from] item: Leftovers\n|-damage|p1a: Luxray|80/284 brn|[from] brn\n|upkeep\n|turn|3\n|\n|t:|1704806575\n|switch|p1a: Houndoom|Houndoom, L86, F|269/269\n|move|p2a: Kingambit|Sucker Punch||[still]\n|-fail|p2a: Kingambit\n|\n|-heal|p2a: Kingambit|216/270|[from] item: Leftovers\n|upkeep\n|turn|4\n|\n|t:|1704806581\n|-end|p2a: Kingambit|fallenundefined|[silent]\n|switch|p2a: Cyclizar|Cyclizar, L83, M|252/252\n|move|p1a: Houndoom|Fire Blast|p2a: Cyclizar\n|-resisted|p2a: Cyclizar\n|-damage|p2a: Cyclizar|172/252\n|\n|upkeep\n|turn|5\n|j| Bela Lima\n|\n|t:|1704806604\n|move|p2a: Cyclizar|Shed Tail|p2a: Cyclizar\n|-start|p2a: Cyclizar|Substitute|[from] move: Shed Tail\n|-damage|p2a: Cyclizar|46/252\n|\n|t:|1704806607\n|switch|p2a: Iron Valiant|Iron Valiant, L79|144/247|[from] Shed Tail\n|move|p1a: Houndoom|Sludge Bomb|p2a: Iron Valiant\n|-supereffective|p2a: Iron Valiant\n|-end|p2a: Iron Valiant|Substitute\n|\n|upkeep\n|turn|6\n|j| Shinchan3279\n|\n|t:|1704806622\n|switch|p1a: Venusaur|Venusaur, L84, M|272/272\n|move|p2a: Iron Valiant|Close Combat|p1a: Venusaur\n|-resisted|p1a: Venusaur\n|-damage|p1a: Venusaur|180/272\n|-unboost|p2a: Iron Valiant|def|1\n|-unboost|p2a: Iron Valiant|spd|1\n|-damage|p2a: Iron Valiant|120/247|[from] item: Life Orb\n|\n|upkeep\n|turn|7\n|\n|t:|1704806629\n|move|p2a: Iron Valiant|Psychic|p1a: Venusaur\n|-supereffective|p1a: Venusaur\n|-damage|p1a: Venusaur|29/272\n|-damage|p2a: Iron Valiant|96/247|[from] item: Life Orb\n|move|p1a: Venusaur|Sunny Day|p1a: Venusaur\n|-weather|SunnyDay\n|\n|-weather|SunnyDay|[upkeep]\n|upkeep\n|turn|8\n|\n|t:|1704806637\n|-end|p2a: Iron Valiant|Quark Drive|[silent]\n|switch|p2a: Charizard|Charizard, L84, F|268/268\n|move|p1a: Venusaur|Weather Ball|p2a: Charizard\n|-resisted|p2a: Charizard\n|-damage|p2a: Charizard|197/268\n|-damage|p1a: Venusaur|2/272|[from] item: Life Orb\n|\n|-weather|SunnyDay|[upkeep]\n|upkeep\n|turn|9\n|\n|t:|1704806647\n|switch|p2a: Kingambit|Kingambit, L74, F|216/270\n|move|p1a: Venusaur|Weather Ball|p2a: Kingambit\n|-supereffective|p2a: Kingambit\n|-damage|p2a: Kingambit|0 fnt\n|faint|p2a: Kingambit\n|-end|p2a: Kingambit|fallenundefined|[silent]\n|-damage|p1a: Venusaur|0 fnt|[from] item: Life Orb\n|faint|p1a: Venusaur\n|\n|-weather|SunnyDay|[upkeep]\n|upkeep\n|\n|t:|1704806658\n|switch|p1a: Dedenne|Dedenne, L88, M|261/261\n|switch|p2a: Charizard|Charizard, L84, F|197/268\n|turn|10\n|\n|t:|1704806664\n|-terastallize|p2a: Charizard|Ground\n|move|p1a: Dedenne|Thunderbolt|p2a: Charizard\n|-immune|p2a: Charizard\n|move|p2a: Charizard|Earthquake|p1a: Dedenne\n|-supereffective|p1a: Dedenne\n|-damage|p1a: Dedenne|21/261\n|-enditem|p1a: Dedenne|Sitrus Berry|[eat]\n|-heal|p1a: Dedenne|86/261|[from] item: Sitrus Berry\n|-heal|p1a: Dedenne|173/261|[from] ability: Cheek Pouch\n|\n|-weather|SunnyDay|[upkeep]\n|upkeep\n|turn|11\n|c| Shinchan3279|nice predict\n|\n|t:|1704806673\n|move|p1a: Dedenne|U-turn|p2a: Charizard\n|-damage|p2a: Charizard|153/268\n|\n|t:|1704806675\n|switch|p1a: Luxray|Luxray, L88, F|80/284 brn|[from] U-turn\n|move|p2a: Charizard|Earthquake|p1a: Luxray\n|-supereffective|p1a: Luxray\n|-damage|p1a: Luxray|0 fnt\n|faint|p1a: Luxray\n|\n|-weather|none\n|upkeep\n|\n|t:|1704806682\n|switch|p1a: Zacian|Zacian, L69|241/241\n|-ability|p1a: Zacian|Intrepid Sword|boost\n|-boost|p1a: Zacian|atk|1\n|turn|12\n|\n|t:|1704806697\n|switch|p2a: Pachirisu|Pachirisu, L95, F|268/268\n|move|p1a: Zacian|Play Rough|p2a: Pachirisu\n|-damage|p2a: Pachirisu|84/268\n|\n|upkeep\n|turn|13\n|\n|t:|1704806705\n|switch|p1a: Dedenne|Dedenne, L88, M|173/261\n|move|p2a: Pachirisu|Nuzzle|p1a: Dedenne\n|-resisted|p1a: Dedenne\n|-damage|p1a: Dedenne|163/261\n|\n|upkeep\n|turn|14\n|\n|t:|1704806708\n|move|p2a: Pachirisu|Super Fang|p1a: Dedenne|[miss]\n|-miss|p2a: Pachirisu|p1a: Dedenne\n|move|p1a: Dedenne|Dazzling Gleam|p2a: Pachirisu\n|-damage|p2a: Pachirisu|35/268\n|\n|upkeep\n|turn|15\n|\n|t:|1704806710\n|move|p2a: Pachirisu|U-turn|p1a: Dedenne\n|-resisted|p1a: Dedenne\n|-damage|p1a: Dedenne|137/261\n|j| YallBeaches\n|\n|t:|1704806717\n|switch|p2a: Iron Valiant|Iron Valiant, L79|96/247|[from] U-turn\n|move|p1a: Dedenne|Dazzling Gleam|p2a: Iron Valiant\n|-supereffective|p2a: Iron Valiant\n|-damage|p2a: Iron Valiant|0 fnt\n|faint|p2a: Iron Valiant\n|-end|p2a: Iron Valiant|Quark Drive|[silent]\n|\n|upkeep\n|\n|t:|1704806719\n|switch|p2a: Charizard|Charizard, L84, F, tera:Ground|153/268\n|turn|16\n|\n|t:|1704806729\n|move|p1a: Dedenne|U-turn|p2a: Charizard\n|-damage|p2a: Charizard|113/268\n|\n|t:|1704806731\n|switch|p1a: Girafarig|Girafarig, L89, M|269/269|[from] U-turn\n|move|p2a: Charizard|Earthquake|p1a: Girafarig\n|-damage|p1a: Girafarig|197/269\n|\n|upkeep\n|turn|17\n|\n|t:|1704806738\n|move|p2a: Charizard|Earthquake|p1a: Girafarig\n|-damage|p1a: Girafarig|122/269\n|move|p1a: Girafarig|Psychic|p2a: Charizard\n|-damage|p2a: Charizard|14/268\n|\n|upkeep\n|turn|18\n|\n|t:|1704806750\n|move|p2a: Charizard|Flare Blitz|p1a: Girafarig\n|-damage|p1a: Girafarig|0 fnt\n|faint|p1a: Girafarig\n|-damage|p2a: Charizard|0 fnt|[from] Recoil\n|faint|p2a: Charizard\n|\n|upkeep\n|\n|t:|1704806762\n|switch|p2a: Lapras|Lapras, L88, F|372/372\n|switch|p1a: Houndoom|Houndoom, L86, F|269/269\n|turn|19\n|j|+GentleDnite\n|\n|t:|1704806784\n|switch|p1a: Zacian|Zacian, L69|241/241\n|move|p2a: Lapras|Sparkling Aria|p1a: Zacian\n|-damage|p1a: Zacian|139/241\n|\n|upkeep\n|turn|20\n|\n|t:|1704806791\n|-terastallize|p1a: Zacian|Fighting\n|move|p1a: Zacian|Close Combat|p2a: Lapras\n|-supereffective|p2a: Lapras\n|-damage|p2a: Lapras|54/372\n|-unboost|p1a: Zacian|def|1\n|-unboost|p1a: Zacian|spd|1\n|move|p2a: Lapras|Sparkling Aria|p1a: Zacian\n|-damage|p1a: Zacian|7/241\n|\n|upkeep\n|turn|21\n|\n|t:|1704806804\n|move|p1a: Zacian|Close Combat|p2a: Lapras\n|-supereffective|p2a: Lapras\n|-damage|p2a: Lapras|0 fnt\n|-unboost|p1a: Zacian|def|1\n|-unboost|p1a: Zacian|spd|1\n|faint|p2a: Lapras\n|\n|upkeep\n|j| brapinmymouth\n|\n|t:|1704806814\n|switch|p2a: Cyclizar|Cyclizar, L83, M|130/252\n|turn|22\n|\n|t:|1704806816\n|move|p2a: Cyclizar|Rapid Spin|p1a: Zacian\n|-damage|p1a: Zacian|0 fnt\n|-boost|p2a: Cyclizar|spe|1\n|faint|p1a: Zacian\n|\n|upkeep\n|\n|t:|1704806825\n|switch|p1a: Dedenne|Dedenne, L88, M|137/261\n|turn|23\n|\n|t:|1704806828\n|move|p2a: Cyclizar|Rapid Spin|p1a: Dedenne\n|-damage|p1a: Dedenne|76/261\n|-boost|p2a: Cyclizar|spe|1\n|move|p1a: Dedenne|Dazzling Gleam|p2a: Cyclizar\n|-supereffective|p2a: Cyclizar\n|-damage|p2a: Cyclizar|0 fnt\n|faint|p2a: Cyclizar\n|\n|upkeep\n|-message|MichaelderBeste2 forfeited.\n|\n|win|Alfhan\n|raw|Alfhan's rating: 2219 &rarr; <strong>2248</strong><br />(+29 for winning)\n|raw|MichaelderBeste2's rating: 2389 &rarr; <strong>2360</strong><br />(-29 for losing)\n|l|\u2606MichaelderBeste2\n|player|p2|\n|c|\u2606Alfhan|gg\n|l|+GentleDnite\n|c| YallBeaches|Gg\n|l| Shinchan3279\n|l| Bela Lima\n|l| YallBeaches\n|c|\u2606Alfhan|why do so many people join his games\n|c|\u2606Alfhan|it feels weird, sorry\n|c|\u2606Alfhan|kinda cult-ish\n", "inputlog": ">version 9ca7bcd4f019076c23a796170f12dec84fc24afc\n>start {\"formatid\":\"gen9randombattle\",\"seed\":[64830,19404,14225,39313],\"rated\":\"Rated battle\"}\n>player p1 {\"name\":\"Alfhan\",\"avatar\":\"2\",\"rating\":2219,\"seed\":[19107,58947,53523,57444]}\n>player p2 {\"name\":\"MichaelderBeste2\",\"avatar\":\"#rbtt7teamdarkraif\",\"rating\":2389,\"seed\":[4831,14676,24916,61280]}\n>p1 move trailblaze\n>p2 move closecombat\n>p1 move facade\n>p2 switch 2\n>p1 switch 3\n>p2 move suckerpunch\n>p1 move fireblast\n>p2 switch 4\n>p1 move sludgebomb\n>p2 move shedtail\n>p2 switch 2\n>p1 switch 5\n>p2 move closecombat\n>p1 move sunnyday\n>p2 move psychic\n>p1 move weatherball\n>p2 switch 6\n>p1 move weatherball\n>p2 switch 4\n>p1 switch 2\n>p2 switch 4\n>p1 move thunderbolt\n>p2 move earthquake terastallize\n>chat  Shinchan3279|nice predict\n>p1 move uturn\n>p2 move earthquake\n>p1 switch 3\n>p1 switch 4\n>p1 move playrough\n>p2 switch 5\n>p1 switch 3\n>p2 move nuzzle\n>p1 move dazzlinggleam\n>p2 move superfang\n>p1 move dazzlinggleam\n>p2 move uturn\n>p2 switch 6\n>p2 switch 5\n>p1 move uturn\n>p2 move earthquake\n>p1 switch 6\n>p1 move psychic\n>p2 move earthquake\n>p1 move psychic\n>p2 move flareblitz\n>p1 switch 5\n>p2 switch 3\n>p1 switch 3\n>p2 move sparklingaria\n>p1 move closecombat terastallize\n>p2 move sparklingaria\n>p1 move closecombat\n>p2 move rest\n>p2 switch 2\n>p1 move closecombat\n>p2 move rapidspin\n>p1 switch 6\n>p1 move dazzlinggleam\n>p2 move rapidspin\n>forcelose p2", "uploadtime": 1704806872, "views": 295, "formatid": "gen9randombattle", "rating": 2248, "private": 0, "password": null}