{"id": "gen9randombattle-2260506662", "format": "[Gen 9] Random Battle", "players": ["sdsdadsarew3243", "Hatagd"], "log": "|j|\u2606sdsdadsarew3243\n|j|\u2606Hatagd\n|t:|1733858225\n|gametype|singles\n|player|p1|sdsdadsarew3243|101|1074\n|player|p2|Hatagd|266|1027\n|teamsize|p1|6\n|teamsize|p2|6\n|gen|9\n|tier|[Gen 9] Random Battle\n|rated|\n|rule|Species Clause: Limit one of each Pok\u00e9mon\n|rule|HP Percentage Mod: HP is shown in percentages\n|rule|Sleep Clause Mod: Limit one foe put to sleep\n|rule|Illusion Level Mod: Illusion disguises the Pok\u00e9mon's true level\n|\n|t:|1733858225\n|start\n|switch|p1a: Breloom|Breloom, L82, M|233/233\n|switch|p2a: Oinkologne|Oinkologne, L92, M|352/352\n|turn|1\n|\n|t:|1733858234\n|switch|p2a: Conkeldurr|Conkeldurr, L80, M|299/299\n|move|p1a: Breloom|Swords Dance|p1a: Breloom\n|-boost|p1a: Breloom|atk|2\n|\n|-status|p2a: Conkeldurr|brn|[from] item: Flame Orb\n|upkeep\n|turn|2\n|\n|t:|1733858243\n|move|p1a: Breloom|Spore||[still]\n|-fail|p1a: Breloom\n|move|p2a: Conkeldurr|Facade|p1a: Breloom\n|-damage|p1a: Breloom|37/233\n|\n|-damage|p2a: Conkeldurr|281/299 brn|[from] brn\n|upkeep\n|turn|3\n|\n|t:|1733858252\n|move|p1a: Breloom|Mach Punch|p2a: Conkeldurr\n|-damage|p2a: Conkeldurr|74/299 brn\n|-damage|p1a: Breloom|14/233|[from] item: Life Orb\n|move|p2a: Conkeldurr|Mach Punch|p1a: Breloom\n|-damage|p1a: Breloom|0 fnt\n|faint|p1a: Breloom\n|\n|-damage|p2a: Conkeldurr|56/299 brn|[from] brn\n|upkeep\n|\n|t:|1733858264\n|switch|p1a: Noivern|Noivern, L82, F|274/274\n|turn|4\n|\n|t:|1733858269\n|move|p2a: Conkeldurr|Mach Punch|p1a: Noivern\n|-resisted|p1a: Noivern\n|-damage|p1a: Noivern|229/274\n|move|p1a: Noivern|Flamethrower|p2a: Conkeldurr\n|-damage|p2a: Conkeldurr|0 fnt\n|faint|p2a: Conkeldurr\n|\n|upkeep\n|inactive|Battle timer is ON: inactive players will automatically lose when time's up. (requested by sdsdadsarew3243)\n|\n|t:|1733858283\n|switch|p2a: Cyclizar|Cyclizar, L83, F|252/252\n|turn|5\n|\n|t:|1733858291\n|move|p1a: Noivern|Draco Meteor|p2a: Cyclizar\n|-supereffective|p2a: Cyclizar\n|-damage|p2a: Cyclizar|0 fnt\n|-unboost|p1a: Noivern|spa|2\n|faint|p2a: Cyclizar\n|\n|upkeep\n|\n|t:|1733858302\n|switch|p2a: Oinkologne|Oinkologne, L92, M|352/352\n|turn|6\n|\n|t:|1733858318\n|switch|p1a: Krookodile|Krookodile, L80, M|283/283\n|-ability|p1a: Krookodile|Intimidate|boost\n|-unboost|p2a: Oinkologne|atk|1\n|move|p2a: Oinkologne|Curse|p2a: Oinkologne\n|-unboost|p2a: Oinkologne|spe|1\n|-boost|p2a: Oinkologne|atk|1\n|-boost|p2a: Oinkologne|def|1\n|\n|upkeep\n|turn|7\n|\n|t:|1733858335\n|move|p1a: Krookodile|Knock Off|p2a: Oinkologne\n|-damage|p2a: Oinkologne|277/352\n|-enditem|p2a: Oinkologne|Leftovers|[from] move: Knock Off|[of] p1a: Krookodile\n|move|p2a: Oinkologne|Body Slam|p1a: Krookodile\n|-crit|p1a: Krookodile\n|-damage|p1a: Krookodile|88/283\n|\n|upkeep\n|turn|8\n|\n|t:|1733858341\n|move|p1a: Krookodile|Knock Off|p2a: Oinkologne\n|-damage|p2a: Oinkologne|225/352\n|move|p2a: Oinkologne|Body Slam|p1a: Krookodile\n|-damage|p1a: Krookodile|0 fnt\n|faint|p1a: Krookodile\n|\n|upkeep\n|\n|t:|1733858351\n|switch|p1a: Rampardos|Rampardos, L90, F|321/321\n|turn|9\n|\n|t:|1733858362\n|move|p1a: Rampardos|Fire Punch|p2a: Oinkologne\n|-damage|p2a: Oinkologne|181/352\n|move|p2a: Oinkologne|High Horsepower|p1a: Rampardos\n|-supereffective|p1a: Rampardos\n|-damage|p1a: Rampardos|131/321\n|\n|upkeep\n|turn|10\n|-message|sdsdadsarew3243 forfeited.\n|\n|win|Hatagd\n|raw|sdsdadsarew3243's rating: 1074 &rarr; <strong>1050</strong><br />(-24 for losing)\n|raw|Hatagd's rating: 1027 &rarr; <strong>1068</strong><br />(+41 for winning)\n|l|\u2606sdsdadsarew3243\n|player|p1|\n", "inputlog": ">version bfd83cad13791eb5a5a409923076391caf6fb4d4\n>start {\"formatid\":\"gen9randombattle\",\"seed\":[29591,43500,53311,15009],\"rated\":\"Rated battle\"}\n>player p1 {\"name\":\"sdsdadsarew3243\",\"avatar\":\"101\",\"rating\":1074,\"seed\":[15509,44780,26937,21049]}\n>player p2 {\"name\":\"Hatagd\",\"avatar\":\"266\",\"rating\":1027,\"seed\":[16880,48187,20270,43484]}\n>p1 move swordsdance\n>p2 switch 3\n>p1 move spore\n>p2 move facade\n>p1 move machpunch\n>p2 move machpunch\n>p1 switch 2\n>p1 move flamethrower\n>p2 move machpunch\n>p2 switch 5\n>p1 move dracometeor\n>p2 move shedtail\n>p2 switch 3\n>p1 switch 6\n>p2 move curse\n>p1 move knockoff\n>p2 move bodyslam\n>p1 move knockoff\n>p2 move bodyslam\n>p1 switch 3\n>p1 move firepunch\n>p2 move highhorsepower\n>forcelose p1", "uploadtime": 1733858371, "views": 1, "formatid": "gen9randombattle", "rating": 1050, "private": 0, "password": null}