{"id": "gen9randombattle-2003264390", "format": "[Gen 9] Random Battle", "players": ["bombom02", "Thick Room"], "log": "|j|\u2606bombom02\n|j|\u2606Thick Room\n|t:|1701538508\n|gametype|singles\n|player|p1|bombom02|marnie|2245\n|player|p2|Thick Room|janitor|2219\n|teamsize|p1|6\n|teamsize|p2|6\n|gen|9\n|tier|[Gen 9] Random Battle\n|rated|\n|rule|Species Clause: Limit one of each Pok\u00e9mon\n|rule|HP Percentage Mod: HP is shown in percentages\n|rule|Sleep Clause Mod: Limit one foe put to sleep\n|rule|Illusion Level Mod: Illusion disguises the Pok\u00e9mon's true level\n|\n|t:|1701538508\n|start\n|switch|p1a: Klefki|Klefki, L84, M|233/233\n|switch|p2a: Iron Jugulis|Iron Jugulis, L78|275/275\n|turn|1\n|inactive|Battle timer is ON: inactive players will automatically lose when time's up. (requested by bombom02)\n|\n|t:|1701538534\n|move|p1a: Klefki|Spikes|p2a: Iron Jugulis\n|-sidestart|p2: Thick Room|Spikes\n|move|p2a: Iron Jugulis|Fire Blast|p1a: Klefki\n|-supereffective|p1a: Klefki\n|-damage|p1a: Klefki|73/233\n|\n|-heal|p1a: Klefki|87/233|[from] item: Leftovers\n|upkeep\n|turn|2\n|\n|t:|1701538542\n|switch|p1a: Iron Moth|Iron Moth, L78|253/253\n|move|p2a: Iron Jugulis|Fire Blast|p1a: Iron Moth\n|-resisted|p1a: Iron Moth\n|-damage|p1a: Iron Moth|219/253\n|\n|upkeep\n|turn|3\n|j| Vitoran\n|\n|t:|1701538553\n|-end|p2a: Iron Jugulis|Quark Drive|[silent]\n|switch|p2a: Noivern|Noivern, L82, F|274/274\n|-end|p1a: Iron Moth|Quark Drive|[silent]\n|switch|p1a: Klefki|Klefki, L84, M|87/233\n|\n|-heal|p1a: Klefki|101/233|[from] item: Leftovers\n|upkeep\n|turn|4\n|\n|t:|1701538560\n|move|p2a: Noivern|Flamethrower|p1a: Klefki\n|-supereffective|p1a: Klefki\n|-damage|p1a: Klefki|0 fnt\n|faint|p1a: Klefki\n|\n|upkeep\n|\n|t:|1701538570\n|switch|p1a: Meloetta|Meloetta, L82|298/298\n|turn|5\n|\n|t:|1701538599\n|move|p2a: Noivern|Hurricane|p1a: Meloetta\n|-damage|p1a: Meloetta|210/298\n|-start|p1a: Meloetta|confusion\n|-activate|p1a: Meloetta|confusion\n|-damage|p1a: Meloetta|190/298|[from] confusion\n|\n|upkeep\n|turn|6\n|\n|t:|1701538605\n|move|p2a: Noivern|Draco Meteor|p1a: Meloetta\n|-damage|p1a: Meloetta|99/298\n|-unboost|p2a: Noivern|spa|2\n|-activate|p1a: Meloetta|confusion\n|move|p1a: Meloetta|Hyper Voice|p2a: Noivern\n|-damage|p2a: Noivern|106/274\n|-damage|p1a: Meloetta|70/298|[from] item: Life Orb\n|\n|upkeep\n|turn|7\n|\n|t:|1701538620\n|switch|p2a: Bronzong|Bronzong, L88|261/261\n|-end|p1a: Meloetta|confusion\n|move|p1a: Meloetta|Hyper Voice|p2a: Bronzong\n|-resisted|p2a: Bronzong\n|-damage|p2a: Bronzong|206/261\n|-damage|p1a: Meloetta|41/298|[from] item: Life Orb\n|\n|-heal|p2a: Bronzong|222/261|[from] item: Leftovers\n|upkeep\n|turn|8\n|\n|t:|1701538633\n|switch|p1a: Kricketune|Kricketune, L99, M|312/312\n|move|p2a: Bronzong|Iron Head|p1a: Kricketune\n|-damage|p1a: Kricketune|195/312\n|\n|-heal|p2a: Bronzong|238/261|[from] item: Leftovers\n|upkeep\n|turn|9\n|inactive|Thick Room has 120 seconds left.\n|\n|t:|1701538659\n|move|p1a: Kricketune|Sticky Web|p2a: Bronzong\n|-sidestart|p2: Thick Room|move: Sticky Web\n|move|p2a: Bronzong|Iron Head|p1a: Kricketune\n|-damage|p1a: Kricketune|77/312\n|\n|-heal|p2a: Bronzong|254/261|[from] item: Leftovers\n|upkeep\n|turn|10\n|\n|t:|1701538665\n|move|p1a: Kricketune|Knock Off|p2a: Bronzong\n|-supereffective|p2a: Bronzong\n|-damage|p2a: Bronzong|116/261\n|-enditem|p2a: Bronzong|Leftovers|[from] move: Knock Off|[of] p1a: Kricketune\n|move|p2a: Bronzong|Iron Head|p1a: Kricketune\n|-damage|p1a: Kricketune|0 fnt\n|faint|p1a: Kricketune\n|\n|upkeep\n|l| Vitoran\n|\n|t:|1701538669\n|switch|p1a: Iron Moth|Iron Moth, L78|219/253\n|turn|11\n|\n|t:|1701538674\n|move|p1a: Iron Moth|Fiery Dance|p2a: Bronzong\n|-supereffective|p2a: Bronzong\n|-damage|p2a: Bronzong|0 fnt\n|-boost|p1a: Iron Moth|spa|1\n|faint|p2a: Bronzong\n|\n|upkeep\n|\n|t:|1701538682\n|switch|p2a: Iron Jugulis|Iron Jugulis, L78|275/275\n|turn|12\n|\n|t:|1701538691\n|-end|p1a: Iron Moth|Quark Drive|[silent]\n|switch|p1a: Chesnaught|Chesnaught, L84, M|285/285\n|move|p2a: Iron Jugulis|Earth Power|p1a: Chesnaught\n|-resisted|p1a: Chesnaught\n|-damage|p1a: Chesnaught|250/285\n|\n|-heal|p1a: Chesnaught|267/285|[from] item: Leftovers\n|upkeep\n|turn|13\n|\n|t:|1701538700\n|-end|p2a: Iron Jugulis|Quark Drive|[silent]\n|switch|p2a: Venomoth|Venomoth, L85, F|258/258\n|move|p1a: Chesnaught|Trailblaze|p2a: Venomoth\n|-resisted|p2a: Venomoth\n|-damage|p2a: Venomoth|240/258\n|-boost|p1a: Chesnaught|spe|1\n|\n|-heal|p1a: Chesnaught|284/285|[from] item: Leftovers\n|upkeep\n|turn|14\n|\n|t:|1701538713\n|move|p1a: Chesnaught|Iron Defense|p1a: Chesnaught\n|-boost|p1a: Chesnaught|def|2\n|move|p2a: Venomoth|Quiver Dance|p2a: Venomoth\n|-boost|p2a: Venomoth|spa|1\n|-boost|p2a: Venomoth|spd|1\n|-boost|p2a: Venomoth|spe|1\n|\n|-heal|p1a: Chesnaught|285/285|[from] item: Leftovers\n|upkeep\n|turn|15\n|\n|t:|1701538720\n|move|p2a: Venomoth|Quiver Dance|p2a: Venomoth\n|-boost|p2a: Venomoth|spa|1\n|-boost|p2a: Venomoth|spd|1\n|-boost|p2a: Venomoth|spe|1\n|move|p1a: Chesnaught|Trailblaze|p2a: Venomoth\n|-resisted|p2a: Venomoth\n|-damage|p2a: Venomoth|223/258\n|-boost|p1a: Chesnaught|spe|1\n|\n|upkeep\n|turn|16\n|\n|t:|1701538729\n|move|p2a: Venomoth|Bug Buzz|p1a: Chesnaught\n|-damage|p1a: Chesnaught|78/285\n|move|p1a: Chesnaught|Iron Defense|p1a: Chesnaught\n|-boost|p1a: Chesnaught|def|2\n|\n|-heal|p1a: Chesnaught|95/285|[from] item: Leftovers\n|upkeep\n|turn|17\n|-message|bombom02 forfeited.\n|\n|win|Thick Room\n|raw|bombom02's rating: 2261 &rarr; <strong>2239</strong><br />(-22 for losing)\n|raw|Thick Room's rating: 2219 &rarr; <strong>2241</strong><br />(+22 for winning)\n", "inputlog": ">version 13c8c190640db44383e729cb060ae5378271d604\n>version-origin 603e3cd82fdfe84d212deced846c29c90e430d2b\n>start {\"formatid\":\"gen9randombattle\",\"seed\":[58106,35456,15986,27700],\"rated\":\"Rated battle\"}\n>player p1 {\"name\":\"bombom02\",\"avatar\":\"marnie\",\"rating\":2245,\"seed\":[65412,7095,28696,58586]}\n>player p2 {\"name\":\"Thick Room\",\"avatar\":\"janitor\",\"rating\":2219,\"seed\":[44520,57522,41917,41417]}\n>p1 move spikes\n>p2 move fireblast\n>p1 switch 4\n>p2 move fireblast\n>p1 switch 4\n>p2 switch 3\n>p1 move dazzlinggleam\n>p2 move flamethrower\n>p1 switch 6\n>p1 move hypervoice\n>p2 move hurricane\n>p1 move hypervoice\n>p2 move dracometeor\n>p1 move hypervoice\n>p2 switch 4\n>p1 switch 5\n>p2 move ironhead\n>p1 move stickyweb\n>p2 move ironhead\n>p1 move knockoff\n>p2 move ironhead\n>p1 switch 4\n>p1 move fierydance\n>p2 move psychic\n>p2 switch 3\n>p1 switch 3\n>p2 move earthpower\n>p1 move trailblaze\n>p2 switch 6\n>p1 move irondefense\n>p2 move quiverdance\n>p1 move trailblaze\n>p2 move quiverdance\n>p1 move irondefense\n>p2 move bugbuzz\n>forcelose p1", "uploadtime": 1701538734, "views": 251, "formatid": "gen9randombattle", "rating": 2239, "private": 0, "password": null}