{"id": "gen9randombattle-2260766985", "format": "[Gen 9] Random Battle", "players": ["xinyazhili", "Zara home 001"], "log": "|j|\u2606xinyazhili\n|j|\u2606Zara home 001\n|t:|1733888987\n|gametype|singles\n|player|p1|xinyazhili|170|\n|player|p2|Zara home 001|266|\n|teamsize|p1|6\n|teamsize|p2|6\n|gen|9\n|tier|[Gen 9] Random Battle\n|rule|Species Clause: Limit one of each Pok\u00e9mon\n|rule|HP Percentage Mod: HP is shown in percentages\n|rule|Sleep Clause Mod: Limit one foe put to sleep\n|rule|Illusion Level Mod: Illusion disguises the Pok\u00e9mon's true level\n|\n|t:|1733888987\n|start\n|switch|p1a: Magcargo|Magcargo, L95, M|268/268\n|switch|p2a: Muk|Muk, L86, F|321/321\n|turn|1\n|inactive|Battle timer is ON: inactive players will automatically lose when time's up. (requested by xinyazhili)\n|\n|t:|1733888998\n|move|p2a: Muk|Knock Off|p1a: Magcargo\n|-damage|p1a: Magcargo|212/268\n|-ability|p1a: Magcargo|Weak Armor|boost\n|-unboost|p1a: Magcargo|def|1\n|-boost|p1a: Magcargo|spe|2\n|-status|p1a: Magcargo|psn|[from] ability: Poison Touch|[of] p2a: Muk\n|-enditem|p1a: Magcargo|Heavy-Duty Boots|[from] move: Knock Off|[of] p2a: Muk\n|move|p1a: Magcargo|Shell Smash|p1a: Magcargo\n|-unboost|p1a: Magcargo|def|1\n|-unboost|p1a: Magcargo|spd|1\n|-boost|p1a: Magcargo|atk|2\n|-boost|p1a: Magcargo|spa|2\n|-boost|p1a: Magcargo|spe|2\n|\n|-damage|p1a: Magcargo|179/268 psn|[from] psn\n|upkeep\n|turn|2\n|\n|t:|1733889003\n|move|p1a: Magcargo|Earth Power|p2a: Muk\n|-supereffective|p2a: Muk\n|-damage|p2a: Muk|31/321\n|move|p2a: Muk|Poison Jab|p1a: Magcargo\n|-resisted|p1a: Magcargo\n|-crit|p1a: Magcargo\n|-damage|p1a: Magcargo|88/268 psn\n|-ability|p1a: Magcargo|Weak Armor|boost\n|-unboost|p1a: Magcargo|def|1\n|-boost|p1a: Magcargo|spe|2\n|\n|-heal|p2a: Muk|51/321|[from] item: Leftovers\n|-damage|p1a: Magcargo|55/268 psn|[from] psn\n|upkeep\n|turn|3\n|\n|t:|1733889009\n|move|p1a: Magcargo|Power Gem|p2a: Muk\n|-damage|p2a: Muk|0 fnt\n|faint|p2a: Muk\n|\n|-damage|p1a: Magcargo|22/268 psn|[from] psn\n|upkeep\n|\n|t:|1733889018\n|switch|p2a: Rotom|Rotom, L88|231/231\n|turn|4\n|\n|t:|1733889024\n|move|p1a: Magcargo|Fire Blast|p2a: Rotom\n|-damage|p2a: Rotom|0 fnt\n|faint|p2a: Rotom\n|\n|-damage|p1a: Magcargo|0 fnt|[from] psn\n|faint|p1a: Magcargo\n|upkeep\n|\n|t:|1733889033\n|switch|p2a: Mudsdale|Mudsdale, L84, F|305/305\n|switch|p1a: Honchkrow|Honchkrow, L86, M|312/312\n|turn|5\n|\n|t:|1733889038\n|move|p1a: Honchkrow|Thunder Wave|p2a: Mudsdale\n|-immune|p2a: Mudsdale\n|move|p2a: Mudsdale|Stealth Rock|p1a: Honchkrow\n|-sidestart|p1: xinyazhili|move: Stealth Rock\n|\n|upkeep\n|turn|6\n|\n|t:|1733889040\n|move|p1a: Honchkrow|Brave Bird|p2a: Mudsdale\n|-damage|p2a: Mudsdale|164/305\n|-ability|p2a: Mudsdale|Stamina|boost\n|-boost|p2a: Mudsdale|def|1\n|-damage|p1a: Honchkrow|265/312|[from] Recoil\n|move|p2a: Mudsdale|Stone Edge|p1a: Honchkrow|[miss]\n|-miss|p2a: Mudsdale|p1a: Honchkrow\n|\n|-heal|p2a: Mudsdale|183/305|[from] item: Leftovers\n|upkeep\n|turn|7\n|\n|t:|1733889044\n|move|p1a: Honchkrow|Brave Bird|p2a: Mudsdale\n|-damage|p2a: Mudsdale|80/305\n|-ability|p2a: Mudsdale|Stamina|boost\n|-boost|p2a: Mudsdale|def|1\n|-damage|p1a: Honchkrow|231/312|[from] Recoil\n|move|p2a: Mudsdale|Stone Edge|p1a: Honchkrow\n|-supereffective|p1a: Honchkrow\n|-damage|p1a: Honchkrow|0 fnt\n|faint|p1a: Honchkrow\n|\n|-heal|p2a: Mudsdale|99/305|[from] item: Leftovers\n|upkeep\n|\n|t:|1733889049\n|switch|p1a: Hoopa|Hoopa-Unbound, L80|259/259\n|-damage|p1a: Hoopa|227/259|[from] Stealth Rock\n|turn|8\n|\n|t:|1733889059\n|move|p1a: Hoopa|Psychic|p2a: Mudsdale\n|-damage|p2a: Mudsdale|0 fnt\n|faint|p2a: Mudsdale\n|\n|upkeep\n|\n|t:|1733889066\n|switch|p2a: Emboar|Emboar, L84, M|322/322\n|turn|9\n|\n|t:|1733889069\n|-terastallize|p2a: Emboar|Grass\n|move|p1a: Hoopa|Psychic|p2a: Emboar\n|-damage|p2a: Emboar|156/322\n|move|p2a: Emboar|Trailblaze|p1a: Hoopa\n|-damage|p1a: Hoopa|119/259\n|-boost|p2a: Emboar|spe|1\n|\n|-heal|p2a: Emboar|176/322|[from] item: Leftovers\n|upkeep\n|turn|10\n|\n|t:|1733889074\n|switch|p1a: Metagross|Metagross, L79|256/256\n|-damage|p1a: Metagross|240/256|[from] Stealth Rock\n|move|p2a: Emboar|Drain Punch|p1a: Metagross\n|-damage|p1a: Metagross|167/256\n|-heal|p2a: Emboar|213/322|[from] drain|[of] p1a: Metagross\n|\n|-heal|p2a: Emboar|233/322|[from] item: Leftovers\n|-heal|p1a: Metagross|183/256|[from] item: Leftovers\n|upkeep\n|turn|11\n|\n|t:|1733889082\n|-terastallize|p1a: Metagross|Water\n|move|p2a: Emboar|Bulk Up|p2a: Emboar\n|-boost|p2a: Emboar|atk|1\n|-boost|p2a: Emboar|def|1\n|move|p1a: Metagross|Heavy Slam|p2a: Emboar\n|-damage|p2a: Emboar|157/322\n|\n|-heal|p2a: Emboar|177/322|[from] item: Leftovers\n|-heal|p1a: Metagross|199/256|[from] item: Leftovers\n|upkeep\n|turn|12\n|\n|t:|1733889085\n|switch|p1a: Hoopa|Hoopa-Unbound, L80|119/259\n|-damage|p1a: Hoopa|87/259|[from] Stealth Rock\n|move|p2a: Emboar|Trailblaze|p1a: Hoopa\n|-damage|p1a: Hoopa|0 fnt\n|-boost|p2a: Emboar|spe|1\n|faint|p1a: Hoopa\n|\n|-heal|p2a: Emboar|197/322|[from] item: Leftovers\n|upkeep\n|\n|t:|1733889093\n|switch|p1a: Rotom|Rotom-Frost, L87|229/229\n|turn|13\n|\n|t:|1733889095\n|move|p2a: Emboar|Flare Blitz|p1a: Rotom\n|-supereffective|p1a: Rotom\n|-damage|p1a: Rotom|0 fnt\n|faint|p1a: Rotom\n|-damage|p2a: Emboar|121/322|[from] Recoil\n|\n|-heal|p2a: Emboar|141/322|[from] item: Leftovers\n|upkeep\n|\n|t:|1733889098\n|switch|p1a: Metagross|Metagross, L79, tera:Water|199/256\n|-damage|p1a: Metagross|167/256|[from] Stealth Rock\n|turn|14\n|\n|t:|1733889101\n|move|p2a: Emboar|Trailblaze|p1a: Metagross\n|-supereffective|p1a: Metagross\n|-damage|p1a: Metagross|0 fnt\n|-boost|p2a: Emboar|spe|1\n|faint|p1a: Metagross\n|\n|-heal|p2a: Emboar|161/322|[from] item: Leftovers\n|upkeep\n|\n|t:|1733889104\n|switch|p1a: Vigoroth|Vigoroth, L85, F|275/275\n|-damage|p1a: Vigoroth|241/275|[from] Stealth Rock\n|turn|15\n|\n|t:|1733889108\n|move|p2a: Emboar|Drain Punch|p1a: Vigoroth\n|-supereffective|p1a: Vigoroth\n|-damage|p1a: Vigoroth|53/275\n|-heal|p2a: Emboar|255/322|[from] drain|[of] p1a: Vigoroth\n|move|p1a: Vigoroth|Bulk Up|p1a: Vigoroth\n|-boost|p1a: Vigoroth|atk|1\n|-boost|p1a: Vigoroth|def|1\n|\n|-heal|p2a: Emboar|275/322|[from] item: Leftovers\n|upkeep\n|turn|16\n|\n|t:|1733889111\n|move|p2a: Emboar|Flare Blitz|p1a: Vigoroth\n|-damage|p1a: Vigoroth|0 fnt\n|faint|p1a: Vigoroth\n|-damage|p2a: Emboar|258/322|[from] Recoil\n|\n|win|Zara home 001\n|l|\u2606xinyazhili\n|player|p1|\n", "inputlog": ">version bfd83cad13791eb5a5a409923076391caf6fb4d4\n>start {\"formatid\":\"gen9randombattle\",\"seed\":[43073,10370,23007,18129]}\n>player p1 {\"name\":\"xinyazhili\",\"avatar\":\"170\",\"rating\":0,\"seed\":[4765,17649,2102,22337]}\n>player p2 {\"name\":\"Zara home 001\",\"avatar\":\"266\",\"rating\":0,\"seed\":[3466,52720,538,20814]}\n>p1 move shellsmash\n>p2 move knockoff\n>p1 move earthpower\n>p2 move poisonjab\n>p1 move powergem\n>p2 move haze\n>p2 switch 3\n>p1 move fireblast\n>p2 move voltswitch\n>p1 switch 2\n>p2 switch 6\n>p1 move thunderwave\n>p2 move stealthrock\n>p1 move bravebird\n>p2 move stoneedge\n>p1 move bravebird\n>p2 move stoneedge\n>p1 switch 3\n>p1 move psychic\n>p2 move earthquake\n>p2 switch 2\n>p1 move psychic\n>p2 move trailblaze terastallize\n>p1 switch 5\n>p2 move drainpunch\n>p1 move heavyslam terastallize\n>p2 move bulkup\n>p1 switch 5\n>p2 move trailblaze\n>p1 switch 4\n>p1 move blizzard\n>p2 move flareblitz\n>p1 switch 5\n>p1 move heavyslam\n>p2 move trailblaze\n>p1 switch 6\n>p1 move bulkup\n>p2 move drainpunch\n>p1 move slackoff\n>p2 move flareblitz", "uploadtime": 1733889113, "views": 9, "formatid": "gen9randombattle", "rating": null, "private": 0, "password": null}