{"id": "gen9randombattle-2260321952", "format": "[Gen 9] Random Battle", "players": ["spare_1", "ZRMNoise"], "log": "|j|\u2606spare_1\n|j|\u2606ZRMNoise\n|t:|1733839708\n|gametype|singles\n|player|p1|spare_1|hilda-wonderlauncher|\n|player|p2|ZRMNoise|170|\n|teamsize|p1|6\n|teamsize|p2|6\n|gen|9\n|tier|[Gen 9] Random Battle\n|rule|Species Clause: Limit one of each Pok\u00e9mon\n|rule|HP Percentage Mod: HP is shown in percentages\n|rule|Sleep Clause Mod: Limit one foe put to sleep\n|rule|Illusion Level Mod: Illusion disguises the Pok\u00e9mon's true level\n|\n|t:|1733839708\n|start\n|switch|p1a: Excadrill|Excadrill, L79, F|303/303\n|switch|p2a: Meloetta|Meloetta, L82|298/298\n|-ability|p1a: Excadrill|Mold Breaker\n|turn|1\n|\n|t:|1733839726\n|move|p2a: Meloetta|Focus Blast|p1a: Excadrill|[miss]\n|-miss|p2a: Meloetta|p1a: Excadrill\n|move|p1a: Excadrill|Swords Dance|p1a: Excadrill\n|-boost|p1a: Excadrill|atk|2\n|\n|upkeep\n|turn|2\n|\n|t:|1733839743\n|-terastallize|p1a: Excadrill|Water\n|move|p2a: Meloetta|Focus Blast|p1a: Excadrill\n|-damage|p1a: Excadrill|120/303\n|-damage|p2a: Meloetta|269/298|[from] item: Life Orb\n|move|p1a: Excadrill|Iron Head|p2a: Meloetta\n|-damage|p2a: Meloetta|65/298\n|\n|-heal|p1a: Excadrill|138/303|[from] item: Leftovers\n|upkeep\n|turn|3\n|\n|t:|1733839768\n|switch|p1a: Mimikyu|Mimikyu, L79, F|216/216\n|move|p2a: Meloetta|Hyper Voice|p1a: Mimikyu\n|-immune|p1a: Mimikyu\n|\n|upkeep\n|turn|4\n|\n|t:|1733839798\n|move|p1a: Mimikyu|Swords Dance|p1a: Mimikyu\n|-boost|p1a: Mimikyu|atk|2\n|move|p2a: Meloetta|Psyshock|p1a: Mimikyu\n|-activate|p1a: Mimikyu|ability: Disguise\n|-damage|p1a: Mimikyu|216/216\n|detailschange|p1a: Mimikyu|Mimikyu-Busted, L79, F\n|-damage|p1a: Mimikyu|189/216|[from] pokemon: Mimikyu-Busted\n|-damage|p2a: Meloetta|36/298|[from] item: Life Orb\n|\n|upkeep\n|turn|5\n|\n|t:|1733839823\n|switch|p2a: Victreebel|Victreebel, L90, F|290/290\n|move|p1a: Mimikyu|Play Rough|p2a: Victreebel\n|-resisted|p2a: Victreebel\n|-damage|p2a: Victreebel|174/290\n|-damage|p1a: Mimikyu|168/216|[from] item: Life Orb\n|\n|upkeep\n|turn|6\n|\n|t:|1733839875\n|switch|p1a: Toxicroak|Toxicroak, L84, M|277/277\n|move|p2a: Victreebel|Knock Off|p1a: Toxicroak\n|-resisted|p1a: Toxicroak\n|-damage|p1a: Toxicroak|207/277\n|-enditem|p1a: Toxicroak|Life Orb|[from] move: Knock Off|[of] p2a: Victreebel\n|-damage|p2a: Victreebel|145/290|[from] item: Life Orb\n|\n|upkeep\n|turn|7\n|\n|t:|1733839908\n|switch|p2a: Falinks|Falinks, L84|246/246\n|move|p1a: Toxicroak|Earthquake|p2a: Falinks\n|-damage|p2a: Falinks|175/246\n|\n|upkeep\n|turn|8\n|\n|t:|1733839942\n|move|p1a: Toxicroak|Earthquake|p2a: Falinks\n|-crit|p2a: Falinks\n|-damage|p2a: Falinks|76/246\n|move|p2a: Falinks|No Retreat|p2a: Falinks\n|-boost|p2a: Falinks|atk|1\n|-boost|p2a: Falinks|def|1\n|-boost|p2a: Falinks|spa|1\n|-boost|p2a: Falinks|spd|1\n|-boost|p2a: Falinks|spe|1\n|-start|p2a: Falinks|move: No Retreat\n|\n|upkeep\n|turn|9\n|\n|t:|1733839955\n|move|p2a: Falinks|Iron Head|p1a: Toxicroak\n|-damage|p1a: Toxicroak|59/277\n|-damage|p2a: Falinks|52/246|[from] item: Life Orb\n|move|p1a: Toxicroak|Close Combat|p2a: Falinks\n|-damage|p2a: Falinks|0 fnt\n|-unboost|p1a: Toxicroak|def|1\n|-unboost|p1a: Toxicroak|spd|1\n|faint|p2a: Falinks\n|\n|upkeep\n|\n|t:|1733839977\n|switch|p2a: Swanna|Swanna, L88, M|275/275\n|turn|10\n|\n|t:|1733840001\n|move|p2a: Swanna|Brave Bird|p1a: Toxicroak\n|-supereffective|p1a: Toxicroak\n|-damage|p1a: Toxicroak|0 fnt\n|faint|p1a: Toxicroak\n|-damage|p2a: Swanna|256/275|[from] Recoil\n|\n|upkeep\n|\n|t:|1733840022\n|switch|p1a: Haxorus|Haxorus, L77, F|244/244\n|-ability|p1a: Haxorus|Mold Breaker\n|turn|11\n|\n|t:|1733840062\n|move|p2a: Swanna|Brave Bird|p1a: Haxorus\n|-damage|p1a: Haxorus|106/244\n|-damage|p2a: Swanna|210/275|[from] Recoil\n|move|p1a: Haxorus|Scale Shot|p2a: Swanna\n|-damage|p2a: Swanna|174/275\n|-damage|p2a: Swanna|134/275\n|-damage|p2a: Swanna|98/275\n|-damage|p2a: Swanna|58/275\n|-hitcount|p2a: Swanna|4\n|-unboost|p1a: Haxorus|def|1\n|-boost|p1a: Haxorus|spe|1\n|\n|upkeep\n|turn|12\n|\n|t:|1733840098\n|move|p1a: Haxorus|Iron Head|p2a: Swanna\n|-resisted|p2a: Swanna\n|-damage|p2a: Swanna|15/275\n|move|p2a: Swanna|Brave Bird|p1a: Haxorus\n|-damage|p1a: Haxorus|0 fnt\n|faint|p1a: Haxorus\n|-damage|p2a: Swanna|0 fnt|[from] Recoil\n|faint|p2a: Swanna\n|\n|upkeep\n|\n|t:|1733840119\n|switch|p2a: Arceus|Arceus-Rock, L74|300/300\n|switch|p1a: Excadrill|Excadrill, L79, F, tera:Water|138/303\n|-ability|p1a: Excadrill|Mold Breaker\n|turn|13\n|\n|t:|1733840141\n|move|p2a: Arceus|Judgment|p1a: Excadrill\n|-damage|p1a: Excadrill|0 fnt\n|faint|p1a: Excadrill\n|\n|upkeep\n|\n|t:|1733840150\n|switch|p1a: Illumise|Illumise, L91, F|266/266\n|turn|14\n|\n|t:|1733840156\n|move|p1a: Illumise|Thunder Wave|p2a: Arceus\n|-status|p2a: Arceus|par\n|move|p2a: Arceus|Judgment|p1a: Illumise\n|-supereffective|p1a: Illumise\n|-damage|p1a: Illumise|30/266\n|\n|upkeep\n|turn|15\n|\n|t:|1733840174\n|move|p1a: Illumise|Roost|p1a: Illumise\n|-heal|p1a: Illumise|163/266\n|-singleturn|p1a: Illumise|move: Roost\n|move|p2a: Arceus|Judgment|p1a: Illumise\n|-supereffective|p1a: Illumise\n|-damage|p1a: Illumise|0 fnt\n|faint|p1a: Illumise\n|\n|upkeep\n|\n|t:|1733840183\n|switch|p1a: Infernape|Infernape, L82, M|259/259\n|turn|16\n|\n|t:|1733840195\n|-terastallize|p2a: Arceus|Ground\n|move|p1a: Infernape|Close Combat|p2a: Arceus\n|-damage|p2a: Arceus|166/300 par\n|-unboost|p1a: Infernape|def|1\n|-unboost|p1a: Infernape|spd|1\n|-damage|p1a: Infernape|234/259|[from] item: Life Orb\n|move|p2a: Arceus|Earth Power|p1a: Infernape\n|-supereffective|p1a: Infernape\n|-damage|p1a: Infernape|0 fnt\n|faint|p1a: Infernape\n|\n|upkeep\n|\n|t:|1733840208\n|switch|p1a: Mimikyu|Mimikyu-Busted, L79, F|168/216\n|turn|17\n|\n|t:|1733840215\n|move|p1a: Mimikyu|Shadow Claw|p2a: Arceus\n|-damage|p2a: Arceus|96/300 par\n|-damage|p1a: Mimikyu|147/216|[from] item: Life Orb\n|move|p2a: Arceus|Earth Power|p1a: Mimikyu\n|-damage|p1a: Mimikyu|68/216\n|\n|upkeep\n|turn|18\n|\n|t:|1733840225\n|move|p1a: Mimikyu|Play Rough|p2a: Arceus\n|-damage|p2a: Arceus|2/300 par\n|-damage|p1a: Mimikyu|47/216|[from] item: Life Orb\n|move|p2a: Arceus|Recover|p2a: Arceus\n|-heal|p2a: Arceus|152/300 par\n|\n|upkeep\n|turn|19\n|\n|t:|1733840234\n|move|p1a: Mimikyu|Play Rough|p2a: Arceus|[miss]\n|-miss|p1a: Mimikyu|p2a: Arceus\n|move|p2a: Arceus|Judgment|p1a: Mimikyu\n|-damage|p1a: Mimikyu|0 fnt\n|faint|p1a: Mimikyu\n|\n|win|ZRMNoise\n|l|\u2606spare_1\n|player|p1|\n", "inputlog": ">version bfd83cad13791eb5a5a409923076391caf6fb4d4\n>start {\"formatid\":\"gen9randombattle\",\"seed\":[17059,28450,64514,57666]}\n>player p1 {\"name\":\"spare_1\",\"avatar\":\"hilda-wonderlauncher\",\"rating\":0,\"seed\":[7951,8088,31616,42420]}\n>player p2 {\"name\":\"ZRMNoise\",\"avatar\":\"170\",\"rating\":0,\"seed\":[42322,59645,64705,37039]}\n>p1 move swordsdance\n>p2 move focusblast\n>p1 move ironhead terastallize\n>p2 move focusblast\n>p1 switch 6\n>p2 move hypervoice\n>p1 move swordsdance\n>p2 move psyshock\n>p1 move playrough\n>p2 switch 3\n>p1 switch 2\n>p2 move knockoff\n>p1 move earthquake\n>p2 switch 6\n>p1 move earthquake\n>p2 move noretreat\n>p1 move closecombat\n>p2 move ironhead\n>p2 switch 4\n>p1 move gunkshot\n>p2 move bravebird\n>p1 switch 5\n>p1 move scaleshot\n>p2 move bravebird\n>p1 move ironhead\n>p2 move bravebird\n>p1 switch 6\n>p2 switch 5\n>p1 move ironhead\n>p2 move judgment\n>p1 switch 3\n>p1 move thunderwave\n>p2 move judgment\n>p1 move roost\n>p2 move judgment\n>p1 switch 4\n>p1 move closecombat\n>p2 move earthpower terastallize\n>p1 switch 2\n>p1 move shadowclaw\n>p2 move earthpower\n>p1 move playrough\n>p2 move recover\n>p1 move playrough\n>p2 move judgment", "uploadtime": 1733840257, "views": 2, "formatid": "gen9randombattle", "rating": null, "private": 0, "password": null}