{"id": "gen9randombattle-2260780448", "format": "[Gen 9] Random Battle", "players": ["Fubios", "brickoclarke"], "log": "|j|\u2606Fubios\n|j|\u2606brickoclarke\n|t:|1733890972\n|gametype|singles\n|player|p1|Fubios|policeman-gen4|1429\n|player|p2|brickoclarke|101|1454\n|teamsize|p1|6\n|teamsize|p2|6\n|gen|9\n|tier|[Gen 9] Random Battle\n|rated|\n|rule|Species Clause: Limit one of each Pok\u00e9mon\n|rule|HP Percentage Mod: HP is shown in percentages\n|rule|Sleep Clause Mod: Limit one foe put to sleep\n|rule|Illusion Level Mod: Illusion disguises the Pok\u00e9mon's true level\n|\n|t:|1733890972\n|start\n|switch|p1a: Cetitan|Cetitan, L82, M|412/412\n|switch|p2a: Feraligatr|Feraligatr, L79, M|264/264\n|turn|1\n|inactive|Battle timer is ON: inactive players will automatically lose when time's up. (requested by brickoclarke)\n|inactive|Fubios also wants the timer to be on.\n|\n|t:|1733890997\n|switch|p1a: Conkeldurr|Conkeldurr, L80, F|299/299\n|move|p2a: Feraligatr|Dragon Dance|p2a: Feraligatr\n|-boost|p2a: Feraligatr|atk|1\n|-boost|p2a: Feraligatr|spe|1\n|\n|-status|p1a: Conkeldurr|brn|[from] item: Flame Orb\n|upkeep\n|turn|2\n|\n|t:|1733891022\n|move|p2a: Feraligatr|Liquidation|p1a: Conkeldurr\n|-damage|p1a: Conkeldurr|100/299 brn\n|move|p1a: Conkeldurr|Close Combat|p2a: Feraligatr\n|-damage|p2a: Feraligatr|18/264\n|-unboost|p1a: Conkeldurr|def|1\n|-unboost|p1a: Conkeldurr|spd|1\n|\n|-damage|p1a: Conkeldurr|82/299 brn|[from] brn\n|upkeep\n|turn|3\n|\n|t:|1733891031\n|move|p1a: Conkeldurr|Mach Punch|p2a: Feraligatr\n|-damage|p2a: Feraligatr|0 fnt\n|faint|p2a: Feraligatr\n|\n|-damage|p1a: Conkeldurr|64/299 brn|[from] brn\n|upkeep\n|\n|t:|1733891036\n|switch|p2a: Comfey|Comfey, L85, F|225/225\n|turn|4\n|\n|t:|1733891055\n|switch|p1a: Dachsbun|Dachsbun, L92, M|254/254\n|move|p2a: Comfey|Draining Kiss|p1a: Dachsbun\n|-damage|p1a: Dachsbun|208/254\n|\n|-heal|p1a: Dachsbun|223/254|[from] item: Leftovers\n|upkeep\n|turn|5\n|inactive|Fubios has 120 seconds left.\n|\n|t:|1733891079\n|switch|p2a: Iron Treads|Iron Treads, L77|265/265\n|move|p1a: Dachsbun|Wish|p1a: Dachsbun\n|\n|-heal|p1a: Dachsbun|238/254|[from] item: Leftovers\n|upkeep\n|turn|6\n|inactive|Fubios has 120 seconds left.\n|\n|t:|1733891093\n|switch|p1a: Rhyperior|Rhyperior, L82, F|323/323\n|move|p2a: Iron Treads|Earthquake|p1a: Rhyperior\n|-supereffective|p1a: Rhyperior\n|-damage|p1a: Rhyperior|202/323\n|-enditem|p1a: Rhyperior|Weakness Policy\n|-boost|p1a: Rhyperior|atk|2|[from] item: Weakness Policy\n|-boost|p1a: Rhyperior|spa|2|[from] item: Weakness Policy\n|\n|-heal|p1a: Rhyperior|323/323|[from] move: Wish|[wisher] Dachsbun\n|upkeep\n|turn|7\n|inactive|Fubios has 120 seconds left.\n|\n|t:|1733891106\n|move|p2a: Iron Treads|Iron Head|p1a: Rhyperior\n|-supereffective|p1a: Rhyperior\n|-damage|p1a: Rhyperior|241/323\n|move|p1a: Rhyperior|Rock Polish|p1a: Rhyperior\n|-boost|p1a: Rhyperior|spe|2\n|\n|upkeep\n|turn|8\n|\n|t:|1733891115\n|move|p1a: Rhyperior|Earthquake|p2a: Iron Treads\n|-supereffective|p2a: Iron Treads\n|-damage|p2a: Iron Treads|0 fnt\n|faint|p2a: Iron Treads\n|-end|p2a: Iron Treads|Quark Drive|[silent]\n|\n|upkeep\n|\n|t:|1733891119\n|switch|p2a: Skarmory|Skarmory, L80, M|235/235\n|turn|9\n|\n|t:|1733891125\n|move|p1a: Rhyperior|Stone Edge|p2a: Skarmory\n|-crit|p2a: Skarmory\n|-ability|p2a: Skarmory|Sturdy\n|-damage|p2a: Skarmory|1/235\n|move|p2a: Skarmory|Body Press|p1a: Rhyperior\n|-supereffective|p1a: Rhyperior\n|-damage|p1a: Rhyperior|157/323\n|\n|upkeep\n|turn|10\n|\n|t:|1733891139\n|move|p1a: Rhyperior|Megahorn|p2a: Skarmory\n|-resisted|p2a: Skarmory\n|-damage|p2a: Skarmory|0 fnt\n|-damage|p1a: Rhyperior|104/323|[from] item: Rocky Helmet|[of] p2a: Skarmory\n|faint|p2a: Skarmory\n|\n|upkeep\n|\n|t:|1733891141\n|switch|p2a: Comfey|Comfey, L85, F|225/225\n|turn|11\n|\n|t:|1733891151\n|-terastallize|p1a: Rhyperior|Bug\n|move|p2a: Comfey|Giga Drain|p1a: Rhyperior\n|-resisted|p1a: Rhyperior\n|-crit|p1a: Rhyperior\n|-damage|p1a: Rhyperior|48/323\n|move|p1a: Rhyperior|Earthquake|p2a: Comfey\n|-crit|p2a: Comfey\n|-damage|p2a: Comfey|0 fnt\n|faint|p2a: Comfey\n|\n|upkeep\n|\n|t:|1733891155\n|switch|p2a: Charizard|Charizard, L85, M|271/271\n|turn|12\n|\n|t:|1733891161\n|move|p1a: Rhyperior|Stone Edge|p2a: Charizard\n|-supereffective|p2a: Charizard\n|-damage|p2a: Charizard|0 fnt\n|faint|p2a: Charizard\n|\n|upkeep\n|-message|brickoclarke forfeited.\n|\n|win|Fubios\n|raw|Fubios's rating: 1429 &rarr; <strong>1450</strong><br />(+21 for winning)\n|raw|brickoclarke's rating: 1454 &rarr; <strong>1433</strong><br />(-21 for losing)\n|l|\u2606brickoclarke\n|player|p2|\n", "inputlog": ">version bfd83cad13791eb5a5a409923076391caf6fb4d4\n>start {\"formatid\":\"gen9randombattle\",\"seed\":[63825,36446,7031,44018],\"rated\":\"Rated battle\"}\n>player p1 {\"name\":\"Fubios\",\"avatar\":\"policeman-gen4\",\"rating\":1429,\"seed\":[3316,34667,23349,30947]}\n>player p2 {\"name\":\"brickoclarke\",\"avatar\":\"101\",\"rating\":1454,\"seed\":[3175,5618,31101,46467]}\n>p1 switch 3\n>p2 move dragondance\n>p1 move closecombat\n>p2 move liquidation\n>p1 move machpunch\n>p2 move liquidation\n>p2 switch 4\n>p1 switch 4\n>p2 move drainingkiss\n>p1 move wish\n>p2 switch 3\n>p1 switch 5\n>p2 move earthquake\n>p1 move rockpolish\n>p2 move ironhead\n>p1 move earthquake\n>p2 move earthquake\n>p2 switch 5\n>p1 move stoneedge\n>p2 move bodypress\n>p1 move megahorn\n>p2 move bodypress\n>p2 switch 3\n>p1 move earthquake terastallize\n>p2 move gigadrain\n>p2 switch 6\n>p1 move stoneedge\n>p2 move flamethrower\n>forcelose p2", "uploadtime": 1733891277, "views": 16, "formatid": "gen9randombattle", "rating": 1433, "private": 0, "password": null}