{"id": "gen9randombattle-2259888121", "format": "[Gen 9] Random Battle", "players": ["Rabotron", "Garri95"], "log": "|j|\u2606Rabotron\n|j|\u2606Garri95\n|t:|1733776687\n|gametype|singles\n|player|p1|Rabotron|li|\n|player|p2|Garri95|hiker-gen4|\n|teamsize|p1|6\n|teamsize|p2|6\n|gen|9\n|tier|[Gen 9] Random Battle\n|rule|Species Clause: Limit one of each Pok\u00e9mon\n|rule|HP Percentage Mod: HP is shown in percentages\n|rule|Sleep Clause Mod: Limit one foe put to sleep\n|rule|Illusion Level Mod: Illusion disguises the Pok\u00e9mon's true level\n|\n|t:|1733776687\n|start\n|switch|p1a: Swalot|Swalot, L90, F|326/326\n|switch|p2a: Heatran|Heatran, L79, F|273/273\n|-item|p2a: Heatran|Air Balloon\n|turn|1\n|inactive|Battle timer is ON: inactive players will automatically lose when time's up. (requested by Garri95)\n|\n|t:|1733776700\n|move|p2a: Heatran|Stealth Rock|p1a: Swalot\n|-sidestart|p1: Rabotron|move: Stealth Rock\n|move|p1a: Swalot|Knock Off|p2a: Heatran\n|-damage|p2a: Heatran|213/273\n|-enditem|p2a: Heatran|Air Balloon\n|\n|upkeep\n|turn|2\n|\n|t:|1733776708\n|move|p2a: Heatran|Earth Power|p1a: Swalot\n|-supereffective|p1a: Swalot\n|-damage|p1a: Swalot|190/326\n|move|p1a: Swalot|Earthquake|p2a: Heatran\n|-supereffective|p2a: Heatran\n|-damage|p2a: Heatran|0 fnt\n|faint|p2a: Heatran\n|\n|-heal|p1a: Swalot|210/326|[from] item: Leftovers\n|upkeep\n|\n|t:|1733776734\n|switch|p2a: Pachirisu|Pachirisu, L96, F|271/271\n|turn|3\n|\n|t:|1733776740\n|move|p2a: Pachirisu|U-turn|p1a: Swalot\n|-resisted|p1a: Swalot\n|-damage|p1a: Swalot|190/326\n|\n|t:|1733776747\n|switch|p2a: Leavanny|Leavanny, L86, F|269/269|[from] U-turn\n|move|p1a: Swalot|Toxic Spikes|p2a: Leavanny\n|-sidestart|p2: Garri95|move: Toxic Spikes\n|\n|-heal|p1a: Swalot|210/326|[from] item: Leftovers\n|upkeep\n|turn|4\n|\n|t:|1733776759\n|move|p2a: Leavanny|Sticky Web|p1a: Swalot\n|-sidestart|p1: Rabotron|move: Sticky Web\n|move|p1a: Swalot|Sludge Bomb|p2a: Leavanny\n|-supereffective|p2a: Leavanny\n|-damage|p2a: Leavanny|87/269\n|\n|-heal|p1a: Swalot|230/326|[from] item: Leftovers\n|upkeep\n|turn|5\n|\n|t:|1733776767\n|move|p2a: Leavanny|Knock Off|p1a: Swalot\n|-damage|p1a: Swalot|151/326\n|-enditem|p1a: Swalot|Leftovers|[from] move: Knock Off|[of] p2a: Leavanny\n|move|p1a: Swalot|Toxic Spikes|p2a: Leavanny\n|-sidestart|p2: Garri95|move: Toxic Spikes\n|\n|upkeep\n|turn|6\n|\n|t:|1733776775\n|move|p2a: Leavanny|Lunge|p1a: Swalot\n|-resisted|p1a: Swalot\n|-damage|p1a: Swalot|86/326\n|-unboost|p1a: Swalot|atk|1\n|move|p1a: Swalot|Sludge Bomb|p2a: Leavanny\n|-supereffective|p2a: Leavanny\n|-crit|p2a: Leavanny\n|-damage|p2a: Leavanny|0 fnt\n|faint|p2a: Leavanny\n|\n|upkeep\n|\n|t:|1733776794\n|switch|p2a: Dialga|Dialga, L73|266/266\n|-ability|p2a: Dialga|Pressure\n|turn|7\n|\n|t:|1733776801\n|move|p2a: Dialga|Heavy Slam|p1a: Swalot\n|-damage|p1a: Swalot|0 fnt\n|faint|p1a: Swalot\n|\n|upkeep\n|\n|t:|1733776829\n|switch|p1a: Lucario|Lucario, L84, F|255/255\n|-damage|p1a: Lucario|248/255|[from] Stealth Rock\n|-activate|p1a: Lucario|move: Sticky Web\n|-unboost|p1a: Lucario|spe|1\n|turn|8\n|inactive|Rabotron has 270 seconds left.\n|\n|t:|1733776845\n|move|p2a: Dialga|Fire Blast|p1a: Lucario\n|-supereffective|p1a: Lucario\n|-damage|p1a: Lucario|52/255\n|move|p1a: Lucario|Focus Blast|p2a: Dialga\n|-supereffective|p2a: Dialga\n|-damage|p2a: Dialga|0 fnt\n|faint|p2a: Dialga\n|-damage|p1a: Lucario|27/255|[from] item: Life Orb\n|\n|upkeep\n|\n|t:|1733776860\n|switch|p2a: Pachirisu|Pachirisu, L96, F|271/271\n|-status|p2a: Pachirisu|tox\n|turn|9\n|\n|t:|1733776869\n|move|p1a: Lucario|Vacuum Wave|p2a: Pachirisu\n|-damage|p2a: Pachirisu|236/271 tox\n|-damage|p1a: Lucario|2/255|[from] item: Life Orb\n|move|p2a: Pachirisu|Thunderbolt|p1a: Lucario\n|-damage|p1a: Lucario|0 fnt\n|faint|p1a: Lucario\n|\n|-damage|p2a: Pachirisu|220/271 tox|[from] psn\n|upkeep\n|inactive|Rabotron has 270 seconds left.\n|\n|t:|1733776900\n|switch|p1a: Regigigas|Regigigas, L84|322/322\n|-damage|p1a: Regigigas|282/322|[from] Stealth Rock\n|-activate|p1a: Regigigas|move: Sticky Web\n|-unboost|p1a: Regigigas|spe|1\n|-start|p1a: Regigigas|ability: Slow Start\n|turn|10\n|\n|t:|1733776910\n|move|p2a: Pachirisu|Nuzzle|p1a: Regigigas\n|-damage|p1a: Regigigas|267/322\n|-status|p1a: Regigigas|par\n|move|p1a: Regigigas|Body Slam|p2a: Pachirisu\n|-damage|p2a: Pachirisu|144/271 tox\n|\n|-heal|p1a: Regigigas|287/322 par|[from] item: Leftovers\n|-damage|p2a: Pachirisu|112/271 tox|[from] psn\n|upkeep\n|turn|11\n|\n|t:|1733776923\n|move|p2a: Pachirisu|Super Fang|p1a: Regigigas\n|-damage|p1a: Regigigas|144/322 par\n|move|p1a: Regigigas|Body Slam|p2a: Pachirisu\n|-damage|p2a: Pachirisu|45/271 tox\n|\n|-heal|p1a: Regigigas|164/322 par|[from] item: Leftovers\n|-damage|p2a: Pachirisu|0 fnt|[from] psn\n|faint|p2a: Pachirisu\n|upkeep\n|\n|t:|1733776934\n|switch|p2a: Zacian|Zacian, L69|241/241\n|-status|p2a: Zacian|tox\n|-ability|p2a: Zacian|Intrepid Sword|boost\n|-boost|p2a: Zacian|atk|1\n|turn|12\n|\n|t:|1733776944\n|-terastallize|p2a: Zacian|Fighting\n|move|p2a: Zacian|Close Combat|p1a: Regigigas\n|-supereffective|p1a: Regigigas\n|-damage|p1a: Regigigas|0 fnt\n|-unboost|p2a: Zacian|def|1\n|-unboost|p2a: Zacian|spd|1\n|faint|p1a: Regigigas\n|-end|p1a: Regigigas|Slow Start|[silent]\n|\n|-damage|p2a: Zacian|226/241 tox|[from] psn\n|upkeep\n|inactive|Rabotron has 240 seconds left.\n|\n|t:|1733776994\n|switch|p1a: Flareon|Flareon, L90, M|263/263\n|-damage|p1a: Flareon|198/263|[from] Stealth Rock\n|-activate|p1a: Flareon|move: Sticky Web\n|-unboost|p1a: Flareon|spe|1\n|turn|13\n|\n|t:|1733777003\n|move|p2a: Zacian|Close Combat|p1a: Flareon\n|-damage|p1a: Flareon|0 fnt\n|-unboost|p2a: Zacian|def|1\n|-unboost|p2a: Zacian|spd|1\n|faint|p1a: Flareon\n|\n|-damage|p2a: Zacian|196/241 tox|[from] psn\n|upkeep\n|\n|t:|1733777019\n|switch|p1a: Furret|Furret, L94, M|312/312\n|-damage|p1a: Furret|273/312|[from] Stealth Rock\n|-activate|p1a: Furret|move: Sticky Web\n|-unboost|p1a: Furret|spe|1\n|-item|p2a: Zacian|Choice Band|[from] ability: Frisk|[of] p1a: Furret\n|turn|14\n|\n|t:|1733777037\n|move|p2a: Zacian|Close Combat|p1a: Furret\n|-supereffective|p1a: Furret\n|-damage|p1a: Furret|0 fnt\n|-unboost|p2a: Zacian|def|1\n|-unboost|p2a: Zacian|spd|1\n|faint|p1a: Furret\n|\n|-damage|p2a: Zacian|151/241 tox|[from] psn\n|upkeep\n|\n|t:|1733777046\n|switch|p1a: Hydrapple|Hydrapple, L83, F|312/312\n|-damage|p1a: Hydrapple|273/312|[from] Stealth Rock\n|-activate|p1a: Hydrapple|move: Sticky Web\n|-unboost|p1a: Hydrapple|spe|1\n|turn|15\n|inactive|Rabotron has 210 seconds left.\n|\n|t:|1733777065\n|move|p2a: Zacian|Close Combat|p1a: Hydrapple\n|-damage|p1a: Hydrapple|80/312\n|-unboost|p2a: Zacian|def|1\n|-unboost|p2a: Zacian|spd|1\n|move|p1a: Hydrapple|Fickle Beam|p2a: Zacian|[anim] Fickle Beam All Out\n|-activate|p1a: Hydrapple|move: Fickle Beam\n|-damage|p2a: Zacian|0 fnt\n|faint|p2a: Zacian\n|\n|upkeep\n|\n|t:|1733777074\n|switch|p2a: Alcremie|Alcremie-Lemon-Cream, L90, F|263/263\n|-status|p2a: Alcremie|tox\n|turn|16\n|\n|t:|1733777080\n|-terastallize|p1a: Hydrapple|Steel\n|move|p2a: Alcremie|Alluring Voice|p1a: Hydrapple\n|-resisted|p1a: Hydrapple\n|-damage|p1a: Hydrapple|23/312\n|move|p1a: Hydrapple|Fickle Beam|p2a: Alcremie\n|-immune|p2a: Alcremie\n|\n|-damage|p2a: Alcremie|247/263 tox|[from] psn\n|upkeep\n|turn|17\n|\n|t:|1733777090\n|move|p2a: Alcremie|Alluring Voice|p1a: Hydrapple\n|-resisted|p1a: Hydrapple\n|-damage|p1a: Hydrapple|0 fnt\n|faint|p1a: Hydrapple\n|\n|win|Garri95\n|l|\u2606Garri95\n|player|p2|\n|l|\u2606Rabotron\n|player|p1|\n|j|\u2606Garri95\n|player|p2|Garri95|hiker-gen4|\n|l|\u2606Garri95\n|player|p2|\n|j|\u2606Garri95\n|player|p2|Garri95|hiker-gen4|\n", "inputlog": ">version bfd83cad13791eb5a5a409923076391caf6fb4d4\n>start {\"formatid\":\"gen9randombattle\",\"seed\":[39894,10,34521,11363]}\n>player p1 {\"name\":\"Rabotron\",\"avatar\":\"li\",\"rating\":0,\"seed\":[57048,513,32696,12218]}\n>player p2 {\"name\":\"Garri95\",\"avatar\":\"hiker-gen4\",\"rating\":0,\"seed\":[12737,18461,16018,40485]}\n>p1 move knockoff\n>p2 move stealthrock\n>p1 move earthquake\n>p2 move earthpower\n>p2 switch 4\n>p1 move toxicspikes\n>p2 move uturn\n>p2 switch 5\n>p1 move sludgebomb\n>p2 move stickyweb\n>p1 move toxicspikes\n>p2 move knockoff\n>p1 move sludgebomb\n>p2 move lunge\n>p2 switch 6\n>p1 move earthquake\n>p2 move heavyslam\n>p1 switch 6\n>p1 move focusblast\n>p2 move fireblast\n>p2 switch 5\n>p1 move vacuumwave\n>p2 move thunderbolt\n>p1 switch 2\n>p1 move bodyslam\n>p2 move nuzzle\n>p1 move bodyslam\n>p2 move superfang\n>p2 switch 2\n>p1 move rest\n>p2 move closecombat terastallize\n>p1 switch 4\n>p1 move willowisp\n>p2 move closecombat\n>p1 switch 3\n>p1 move doubleedge\n>p2 move closecombat\n>p1 switch 5\n>p1 move ficklebeam\n>p2 move closecombat\n>p2 switch 3\n>p1 move ficklebeam terastallize\n>p2 move alluringvoice\n>p1 move ficklebeam\n>p2 move alluringvoice", "uploadtime": 1733777151, "views": 17, "formatid": "gen9randombattle", "rating": null, "private": 0, "password": null}