{"id": "gen9randombattle-2260897329", "format": "[Gen 9] Random Battle", "players": ["Dhanush12", "qAleksandr"], "log": "|j|\u2606Dhanush12\n|j|\u2606qAleksandr\n|t:|1733912941\n|gametype|singles\n|player|p1|Dhanush12|wallace|\n|player|p2|qAleksandr|boarder|\n|teamsize|p1|6\n|teamsize|p2|6\n|gen|9\n|tier|[Gen 9] Random Battle\n|rule|Species Clause: Limit one of each Pok\u00e9mon\n|rule|HP Percentage Mod: HP is shown in percentages\n|rule|Sleep Clause Mod: Limit one foe put to sleep\n|rule|Illusion Level Mod: Illusion disguises the Pok\u00e9mon's true level\n|\n|t:|1733912941\n|start\n|switch|p1a: Altaria|Altaria, L88, F|275/275\n|switch|p2a: Magmortar|Magmortar, L88, M|275/275\n|turn|1\n|\n|t:|1733912979\n|switch|p2a: Beartic|Beartic, L91, M|321/321\n|move|p1a: Altaria|Earthquake|p2a: Beartic\n|-damage|p2a: Beartic|262/321\n|\n|upkeep\n|turn|2\n|j| pika11001102\n|c|\u2606qAleksandr|i ll talk here\n|\n|t:|1733913008\n|switch|p1a: Oricorio|Oricorio, L84, M|263/263\n|move|p2a: Beartic|Icicle Crash|p1a: Oricorio\n|-damage|p1a: Oricorio|115/263\n|\n|upkeep\n|turn|3\n|\n|t:|1733913030\n|switch|p2a: Milotic|Milotic, L83, F|293/293\n|move|p1a: Oricorio|Revelation Dance|p2a: Milotic\n|-resisted|p2a: Milotic\n|-damage|p2a: Milotic|260/293\n|\n|-heal|p2a: Milotic|278/293|[from] item: Leftovers\n|upkeep\n|turn|4\n|\n|t:|1733913042\n|move|p1a: Oricorio|Roost|p1a: Oricorio\n|-heal|p1a: Oricorio|247/263\n|-singleturn|p1a: Oricorio|move: Roost\n|move|p2a: Milotic|Scald|p1a: Oricorio\n|-supereffective|p1a: Oricorio\n|-damage|p1a: Oricorio|61/263\n|\n|-heal|p2a: Milotic|293/293|[from] item: Leftovers\n|upkeep\n|turn|5\n|\n|t:|1733913050\n|move|p1a: Oricorio|Roost|p1a: Oricorio\n|-heal|p1a: Oricorio|193/263\n|-singleturn|p1a: Oricorio|move: Roost\n|move|p2a: Milotic|Scald|p1a: Oricorio\n|-supereffective|p1a: Oricorio\n|-crit|p1a: Oricorio\n|-damage|p1a: Oricorio|0 fnt\n|faint|p1a: Oricorio\n|\n|upkeep\n|\n|t:|1733913059\n|switch|p1a: Gastrodon|Gastrodon-East, L86, M|331/331\n|turn|6\n|\n|t:|1733913078\n|switch|p2a: Jumpluff|Jumpluff, L87, F|271/271\n|move|p1a: Gastrodon|Spikes|p2a: Jumpluff\n|-sidestart|p2: qAleksandr|Spikes\n|\n|upkeep\n|turn|7\n|\n|t:|1733913090\n|move|p2a: Jumpluff|Strength Sap|p1a: Gastrodon\n|-unboost|p1a: Gastrodon|atk|1\n|move|p1a: Gastrodon|Ice Beam|p2a: Jumpluff\n|-supereffective|p2a: Jumpluff\n|-damage|p2a: Jumpluff|43/271\n|\n|upkeep\n|turn|8\n|\n|t:|1733913116\n|move|p2a: Jumpluff|Leech Seed|p1a: Gastrodon\n|-start|p1a: Gastrodon|move: Leech Seed\n|move|p1a: Gastrodon|Ice Beam|p2a: Jumpluff\n|-supereffective|p2a: Jumpluff\n|-damage|p2a: Jumpluff|0 fnt\n|faint|p2a: Jumpluff\n|\n|upkeep\n|\n|t:|1733913142\n|switch|p2a: Milotic|Milotic, L83, F|293/293\n|-damage|p2a: Milotic|257/293|[from] Spikes\n|turn|9\n|\n|t:|1733913160\n|move|p2a: Milotic|Scald|p1a: Gastrodon\n|-ability|p1a: Gastrodon|Storm Drain|boost\n|-boost|p1a: Gastrodon|spa|1\n|move|p1a: Gastrodon|Spikes|p2a: Milotic\n|-sidestart|p2: qAleksandr|Spikes\n|\n|-heal|p2a: Milotic|275/293|[from] item: Leftovers\n|-damage|p1a: Gastrodon|290/331|[from] Leech Seed|[of] p2a: Milotic\n|-heal|p2a: Milotic|293/293|[silent]\n|upkeep\n|turn|10\n|\n|t:|1733913202\n|switch|p1a: Altaria|Altaria, L88, F|275/275\n|move|p2a: Milotic|Ice Beam|p1a: Altaria\n|-supereffective|p1a: Altaria\n|-damage|p1a: Altaria|75/275\n|\n|upkeep\n|turn|11\n|\n|t:|1733913221\n|move|p1a: Altaria|Brave Bird|p2a: Milotic\n|-damage|p2a: Milotic|166/293\n|-damage|p1a: Altaria|33/275|[from] Recoil\n|move|p2a: Milotic|Ice Beam|p1a: Altaria\n|-supereffective|p1a: Altaria\n|-damage|p1a: Altaria|0 fnt\n|faint|p1a: Altaria\n|\n|-heal|p2a: Milotic|184/293|[from] item: Leftovers\n|upkeep\n|\n|t:|1733913225\n|switch|p1a: Gastrodon|Gastrodon-East, L86, M|290/331\n|turn|12\n|\n|t:|1733913258\n|switch|p2a: Muk|Muk, L86, M|321/321\n|-damage|p2a: Muk|268/321|[from] Spikes\n|move|p1a: Gastrodon|Earthquake|p2a: Muk\n|-supereffective|p2a: Muk\n|-damage|p2a: Muk|58/321\n|\n|-heal|p1a: Gastrodon|310/331|[from] item: Leftovers\n|upkeep\n|turn|13\n|\n|t:|1733913282\n|switch|p2a: Jirachi|Jirachi, L80|291/291\n|-damage|p2a: Jirachi|243/291|[from] Spikes\n|move|p1a: Gastrodon|Earthquake|p2a: Jirachi\n|-supereffective|p2a: Jirachi\n|-damage|p2a: Jirachi|57/291\n|\n|-heal|p1a: Gastrodon|330/331|[from] item: Leftovers\n|upkeep\n|turn|14\n|\n|t:|1733913308\n|move|p2a: Jirachi|Drain Punch|p1a: Gastrodon\n|-damage|p1a: Gastrodon|271/331\n|-heal|p2a: Jirachi|87/291|[from] drain|[of] p1a: Gastrodon\n|move|p1a: Gastrodon|Earthquake|p2a: Jirachi\n|-supereffective|p2a: Jirachi\n|-damage|p2a: Jirachi|0 fnt\n|faint|p2a: Jirachi\n|\n|-heal|p1a: Gastrodon|291/331|[from] item: Leftovers\n|upkeep\n|\n|t:|1733913323\n|switch|p2a: Milotic|Milotic, L83, F|184/293\n|-damage|p2a: Milotic|136/293|[from] Spikes\n|turn|15\n|\n|t:|1733913348\n|move|p2a: Milotic|Recover|p2a: Milotic\n|-heal|p2a: Milotic|283/293\n|move|p1a: Gastrodon|Spikes|p2a: Milotic\n|-sidestart|p2: qAleksandr|Spikes\n|\n|-heal|p2a: Milotic|293/293|[from] item: Leftovers\n|-heal|p1a: Gastrodon|311/331|[from] item: Leftovers\n|upkeep\n|turn|16\n|\n|t:|1733913356\n|move|p2a: Milotic|Scald|p1a: Gastrodon\n|-ability|p1a: Gastrodon|Storm Drain|boost\n|-boost|p1a: Gastrodon|spa|1\n|move|p1a: Gastrodon|Ice Beam|p2a: Milotic\n|-resisted|p2a: Milotic\n|-damage|p2a: Milotic|255/293\n|\n|-heal|p2a: Milotic|273/293|[from] item: Leftovers\n|-heal|p1a: Gastrodon|331/331|[from] item: Leftovers\n|upkeep\n|turn|17\n|\n|t:|1733913368\n|move|p2a: Milotic|Ice Beam|p1a: Gastrodon\n|-damage|p1a: Gastrodon|268/331\n|move|p1a: Gastrodon|Earthquake|p2a: Milotic\n|-damage|p2a: Milotic|155/293\n|\n|-heal|p2a: Milotic|173/293|[from] item: Leftovers\n|-heal|p1a: Gastrodon|288/331|[from] item: Leftovers\n|upkeep\n|turn|18\n|\n|t:|1733913377\n|move|p2a: Milotic|Ice Beam|p1a: Gastrodon\n|-damage|p1a: Gastrodon|221/331\n|move|p1a: Gastrodon|Earthquake|p2a: Milotic\n|-damage|p2a: Milotic|64/293\n|\n|-heal|p2a: Milotic|82/293|[from] item: Leftovers\n|-heal|p1a: Gastrodon|241/331|[from] item: Leftovers\n|upkeep\n|turn|19\n|\n|t:|1733913385\n|move|p2a: Milotic|Recover|p2a: Milotic\n|-heal|p2a: Milotic|229/293\n|move|p1a: Gastrodon|Earthquake|p2a: Milotic\n|-damage|p2a: Milotic|121/293\n|\n|-heal|p2a: Milotic|139/293|[from] item: Leftovers\n|-heal|p1a: Gastrodon|261/331|[from] item: Leftovers\n|upkeep\n|turn|20\n|\n|t:|1733913401\n|switch|p1a: Comfey|Comfey, L85, F|225/225\n|move|p2a: Milotic|Haze|p2a: Milotic\n|-clearallboost\n|\n|-heal|p2a: Milotic|157/293|[from] item: Leftovers\n|upkeep\n|turn|21\n|\n|t:|1733913423\n|-terastallize|p2a: Milotic|Steel\n|move|p1a: Comfey|Giga Drain|p2a: Milotic\n|-resisted|p2a: Milotic\n|-damage|p2a: Milotic|137/293\n|move|p2a: Milotic|Ice Beam|p1a: Comfey\n|-damage|p1a: Comfey|169/225\n|\n|-heal|p1a: Comfey|183/225|[from] item: Leftovers\n|-heal|p2a: Milotic|155/293|[from] item: Leftovers\n|upkeep\n|turn|22\n|\n|t:|1733913437\n|move|p1a: Comfey|Draining Kiss|p2a: Milotic\n|-resisted|p2a: Milotic\n|-damage|p2a: Milotic|135/293\n|-heal|p1a: Comfey|198/225|[from] drain|[of] p2a: Milotic\n|move|p2a: Milotic|Scald|p1a: Comfey\n|-damage|p1a: Comfey|131/225\n|\n|-heal|p1a: Comfey|145/225|[from] item: Leftovers\n|-heal|p2a: Milotic|153/293|[from] item: Leftovers\n|upkeep\n|turn|23\n|\n|t:|1733913447\n|move|p1a: Comfey|Calm Mind|p1a: Comfey\n|-boost|p1a: Comfey|spa|1\n|-boost|p1a: Comfey|spd|1\n|move|p2a: Milotic|Ice Beam|p1a: Comfey\n|-crit|p1a: Comfey\n|-damage|p1a: Comfey|62/225\n|\n|-heal|p1a: Comfey|76/225|[from] item: Leftovers\n|-heal|p2a: Milotic|171/293|[from] item: Leftovers\n|upkeep\n|turn|24\n|\n|t:|1733913456\n|move|p1a: Comfey|Stored Power|p2a: Milotic\n|-resisted|p2a: Milotic\n|-damage|p2a: Milotic|148/293\n|move|p2a: Milotic|Ice Beam|p1a: Comfey\n|-crit|p1a: Comfey\n|-damage|p1a: Comfey|0 fnt\n|faint|p1a: Comfey\n|\n|-heal|p2a: Milotic|166/293|[from] item: Leftovers\n|upkeep\n|\n|t:|1733913463\n|switch|p1a: Conkeldurr|Conkeldurr, L80, F|299/299\n|turn|25\n|\n|t:|1733913503\n|switch|p2a: Magmortar|Magmortar, L88, M|275/275\n|move|p1a: Conkeldurr|Close Combat|p2a: Magmortar\n|-damage|p2a: Magmortar|97/275\n|-unboost|p1a: Conkeldurr|def|1\n|-unboost|p1a: Conkeldurr|spd|1\n|-status|p1a: Conkeldurr|brn|[from] ability: Flame Body|[of] p2a: Magmortar\n|\n|-damage|p1a: Conkeldurr|281/299 brn|[from] brn\n|upkeep\n|turn|26\n|\n|t:|1733913542\n|move|p2a: Magmortar|Focus Blast|p1a: Conkeldurr|[miss]\n|-miss|p2a: Magmortar|p1a: Conkeldurr\n|move|p1a: Conkeldurr|Facade|p2a: Magmortar\n|-damage|p2a: Magmortar|0 fnt\n|faint|p2a: Magmortar\n|\n|-damage|p1a: Conkeldurr|263/299 brn|[from] brn\n|upkeep\n|\n|t:|1733913560\n|switch|p2a: Beartic|Beartic, L91, M|262/321\n|turn|27\n|\n|t:|1733913577\n|move|p2a: Beartic|Close Combat|p1a: Conkeldurr\n|-damage|p1a: Conkeldurr|63/299 brn\n|-unboost|p2a: Beartic|def|1\n|-unboost|p2a: Beartic|spd|1\n|move|p1a: Conkeldurr|Facade|p2a: Beartic\n|-damage|p2a: Beartic|0 fnt\n|faint|p2a: Beartic\n|\n|-damage|p1a: Conkeldurr|45/299 brn|[from] brn\n|upkeep\n|\n|t:|1733913586\n|switch|p2a: Milotic|Milotic, L83, F, tera:Steel|166/293\n|-damage|p2a: Milotic|93/293|[from] Spikes\n|turn|28\n|\n|t:|1733913590\n|move|p2a: Milotic|Recover|p2a: Milotic\n|-heal|p2a: Milotic|240/293\n|move|p1a: Conkeldurr|Close Combat|p2a: Milotic\n|-supereffective|p2a: Milotic\n|-damage|p2a: Milotic|0 fnt\n|-unboost|p1a: Conkeldurr|def|1\n|-unboost|p1a: Conkeldurr|spd|1\n|faint|p2a: Milotic\n|\n|-damage|p1a: Conkeldurr|27/299 brn|[from] brn\n|upkeep\n|\n|t:|1733913603\n|switch|p2a: Muk|Muk, L86, M|58/321\n|-damage|p2a: Muk|0 fnt|[from] Spikes\n|faint|p2a: Muk\n|\n|win|Dhanush12\n|c|\u2606Dhanush12|gg\n|c|\u2606qAleksandr|gg\n", "inputlog": ">version bfd83cad13791eb5a5a409923076391caf6fb4d4\n>start {\"formatid\":\"gen9randombattle\",\"seed\":[1062,10638,24702,61492]}\n>player p1 {\"name\":\"Dhanush12\",\"avatar\":\"wallace\",\"rating\":0,\"seed\":[41657,37711,55320,60868]}\n>player p2 {\"name\":\"qAleksandr\",\"avatar\":\"boarder\",\"rating\":0,\"seed\":[61107,43938,8216,49407]}\n>p1 move earthquake\n>p2 switch 4\n>chat \u2606qAleksandr|i ll talk here\n>p1 switch 5\n>p2 move iciclecrash\n>p1 move revelationdance\n>p2 switch 3\n>p1 move roost\n>p2 move scald\n>p1 move roost\n>p2 move scald\n>p1 switch 2\n>p1 move spikes\n>p2 switch 2\n>p1 move icebeam\n>p2 move strengthsap\n>p1 move icebeam\n>p2 move leechseed\n>p2 switch 2\n>p1 move spikes\n>p2 move scald\n>p1 switch 5\n>p2 move icebeam\n>p1 move bravebird\n>p2 move icebeam\n>p1 switch 5\n>p1 move earthquake\n>p2 switch 6\n>p1 move earthquake\n>p2 switch 5\n>p1 move earthquake\n>p2 move drainpunch\n>p2 switch 6\n>p1 move spikes\n>p2 move recover\n>p1 move icebeam\n>p2 move scald\n>p1 move earthquake\n>p2 move icebeam\n>p1 move earthquake\n>p2 move icebeam\n>p1 move earthquake\n>p2 move recover\n>p1 switch 6\n>p2 move haze\n>p1 move gigadrain\n>p2 move icebeam terastallize\n>p1 move drainingkiss\n>p2 move scald\n>p1 move calmmind\n>p2 move icebeam\n>p1 move storedpower\n>p2 move icebeam\n>p1 switch 3\n>p1 move closecombat\n>p2 switch 4\n>p1 move facade\n>p2 move focusblast\n>p2 switch 3\n>p1 move facade\n>p2 move closecombat\n>p2 switch 4\n>p1 move closecombat\n>p2 move recover\n>p2 switch 5", "uploadtime": 1733913610, "views": 9, "formatid": "gen9randombattle", "rating": null, "private": 0, "password": null}