{"id": "gen9randombattle-2119364768", "format": "[Gen 9] Random Battle", "players": ["Aqua", "Cocoon Evolution"], "log": "|badge|p1|silver|gen9randombattle|30-1\n|uhtml|medal-msg|<div class=\"broadcast-blue\">Curious what those medals under the avatar are? PS now has Ladder Seasons! For more information, check out the <a href=\"https://www.smogon.com/forums/threads/3740067/\">thread on Smogon.</a></div>\n|badge|p2|bronze|gen9randombattle|100-1\n|uhtml|medal-msg|<div class=\"broadcast-blue\">Curious what those medals under the avatar are? PS now has Ladder Seasons! For more information, check out the <a href=\"https://www.smogon.com/forums/threads/3740067/\">thread on Smogon.</a></div>\n|j|\u2606Aqua\n|j|\u203dCocoon Evolution\n|t:|1715042953\n|gametype|singles\n|player|p1|Aqua|#rbtt7teamdarkraif|2451\n|player|p2|Cocoon Evolution|wally|2355\n|teamsize|p1|6\n|teamsize|p2|6\n|gen|9\n|tier|[Gen 9] Random Battle\n|rated|\n|rule|Species Clause: Limit one of each Pok\u00e9mon\n|rule|HP Percentage Mod: HP is shown in percentages\n|rule|Sleep Clause Mod: Limit one foe put to sleep\n|rule|Illusion Level Mod: Illusion disguises the Pok\u00e9mon's true level\n|\n|t:|1715042953\n|start\n|switch|p1a: Cinccino|Cinccino, L83, M|260/260\n|switch|p2a: Lugia|Lugia, L72|272/272\n|turn|1\n|inactive|Battle timer is ON: inactive players will automatically lose when time's up. (requested by Aqua)\n|\n|t:|1715042973\n|switch|p2a: Klefki|Klefki, L84, F|233/233\n|move|p1a: Cinccino|Tail Slap|p2a: Klefki|[miss]\n|-miss|p1a: Cinccino|p2a: Klefki\n|\n|upkeep\n|turn|2\n|\n|t:|1715042991\n|switch|p1a: Toucannon|Toucannon, L88, F|284/284\n|move|p2a: Klefki|Spikes|p1a: Toucannon\n|-sidestart|p1: Aqua|Spikes\n|\n|upkeep\n|turn|3\n|\n|t:|1715042996\n|move|p2a: Klefki|Thunder Wave|p1a: Toucannon\n|-status|p1a: Toucannon|par\n|move|p1a: Toucannon|Boomburst|p2a: Klefki\n|-resisted|p2a: Klefki\n|-damage|p2a: Klefki|160/233\n|\n|-heal|p2a: Klefki|174/233|[from] item: Leftovers\n|upkeep\n|turn|4\n|\n|t:|1715043004\n|switch|p2a: Bellibolt|Bellibolt, L84, M|320/320\n|move|p1a: Toucannon|Boomburst|p2a: Bellibolt\n|-damage|p2a: Bellibolt|181/320\n|-start|p2a: Bellibolt|Charge|Boomburst|[from] ability: Electromorphosis\n|\n|-heal|p2a: Bellibolt|201/320|[from] item: Leftovers\n|upkeep\n|turn|5\n|\n|t:|1715043013\n|switch|p1a: Tropius|Tropius, L91, M|328/328\n|move|p2a: Bellibolt|Volt Switch|p1a: Tropius\n|-damage|p1a: Tropius|193/328\n|-end|p2a: Bellibolt|Charge|[silent]\n|\n|t:|1715043031\n|switch|p2a: Klefki|Klefki, L84, F|174/233|[from] Volt Switch\n|\n|-heal|p2a: Klefki|188/233|[from] item: Leftovers\n|upkeep\n|turn|6\n|\n|t:|1715043037\n|move|p2a: Klefki|Thunder Wave|p1a: Tropius|[miss]\n|-miss|p2a: Klefki|p1a: Tropius\n|move|p1a: Tropius|Leech Seed|p2a: Klefki\n|-start|p2a: Klefki|move: Leech Seed\n|\n|-heal|p2a: Klefki|202/233|[from] item: Leftovers\n|-damage|p2a: Klefki|173/233|[from] Leech Seed|[of] p1a: Tropius\n|-heal|p1a: Tropius|222/328|[silent]\n|upkeep\n|turn|7\n|\n|t:|1715043060\n|move|p2a: Klefki|Thunder Wave|p1a: Tropius\n|-status|p1a: Tropius|par\n|move|p1a: Tropius|Substitute|p1a: Tropius\n|-start|p1a: Tropius|Substitute\n|-damage|p1a: Tropius|140/328 par\n|-enditem|p1a: Tropius|Sitrus Berry|[eat]\n|-heal|p1a: Tropius|222/328 par|[from] item: Sitrus Berry\n|\n|-heal|p2a: Klefki|187/233|[from] item: Leftovers\n|-damage|p2a: Klefki|158/233|[from] Leech Seed|[of] p1a: Tropius\n|-heal|p1a: Tropius|251/328 par|[silent]\n|upkeep\n|turn|8\n|\n|t:|1715043070\n|switch|p2a: Hippowdon|Hippowdon, L82, F|311/311\n|-weather|Sandstorm|[from] ability: Sand Stream|[of] p2a: Hippowdon\n|move|p1a: Tropius|Air Slash|p2a: Hippowdon\n|-damage|p2a: Hippowdon|217/311\n|\n|-weather|Sandstorm|[upkeep]\n|-damage|p1a: Tropius|231/328 par|[from] Sandstorm\n|-item|p1a: Tropius|Sitrus Berry|[from] ability: Harvest\n|upkeep\n|turn|9\n|\n|t:|1715043074\n|move|p2a: Hippowdon|Stealth Rock|p1a: Tropius\n|-sidestart|p1: Aqua|move: Stealth Rock\n|move|p1a: Tropius|Leech Seed|p2a: Hippowdon\n|-start|p2a: Hippowdon|move: Leech Seed\n|\n|-weather|Sandstorm|[upkeep]\n|-damage|p1a: Tropius|211/328 par|[from] Sandstorm\n|-damage|p2a: Hippowdon|179/311|[from] Leech Seed|[of] p1a: Tropius\n|-heal|p1a: Tropius|249/328 par|[silent]\n|upkeep\n|turn|10\n|\n|t:|1715043079\n|switch|p2a: Bellibolt|Bellibolt, L84, M|201/320\n|move|p1a: Tropius|Air Slash|p2a: Bellibolt\n|-resisted|p2a: Bellibolt\n|-damage|p2a: Bellibolt|162/320\n|-start|p2a: Bellibolt|Charge|Air Slash|[from] ability: Electromorphosis\n|\n|-weather|Sandstorm|[upkeep]\n|-damage|p2a: Bellibolt|142/320|[from] Sandstorm\n|-damage|p1a: Tropius|229/328 par|[from] Sandstorm\n|-heal|p2a: Bellibolt|162/320|[from] item: Leftovers\n|upkeep\n|turn|11\n|\n|t:|1715043084\n|move|p2a: Bellibolt|Slack Off|p2a: Bellibolt\n|-heal|p2a: Bellibolt|320/320\n|move|p1a: Tropius|Leech Seed|p2a: Bellibolt\n|-start|p2a: Bellibolt|move: Leech Seed\n|\n|-weather|Sandstorm|[upkeep]\n|-damage|p2a: Bellibolt|300/320|[from] Sandstorm\n|-damage|p1a: Tropius|209/328 par|[from] Sandstorm\n|-heal|p2a: Bellibolt|320/320|[from] item: Leftovers\n|-damage|p2a: Bellibolt|280/320|[from] Leech Seed|[of] p1a: Tropius\n|-heal|p1a: Tropius|249/328 par|[silent]\n|upkeep\n|turn|12\n|\n|t:|1715043088\n|cant|p1a: Tropius|par\n|move|p2a: Bellibolt|Volt Switch|p1a: Tropius\n|-end|p1a: Tropius|Substitute\n|-end|p2a: Bellibolt|Charge|[silent]\n|\n|t:|1715043091\n|switch|p2a: Hippowdon|Hippowdon, L82, F|179/311|[from] Volt Switch\n|\n|-weather|none\n|upkeep\n|turn|13\n|\n|t:|1715043095\n|move|p1a: Tropius|Leech Seed|p2a: Hippowdon\n|-start|p2a: Hippowdon|move: Leech Seed\n|move|p2a: Hippowdon|Whirlwind|p1a: Tropius\n|drag|p1a: Venomoth|Venomoth, L85, F|258/258\n|\n|-damage|p2a: Hippowdon|141/311|[from] Leech Seed|[of] p1a: Venomoth\n|upkeep\n|turn|14\n|\n|t:|1715043103\n|switch|p2a: Klefki|Klefki, L84, F|158/233\n|move|p1a: Venomoth|Sleep Powder|p2a: Klefki\n|-status|p2a: Klefki|slp|[from] move: Sleep Powder\n|\n|-heal|p2a: Klefki|172/233 slp|[from] item: Leftovers\n|upkeep\n|turn|15\n|\n|t:|1715043120\n|switch|p2a: Lugia|Lugia, L72|272/272\n|move|p1a: Venomoth|Quiver Dance|p1a: Venomoth\n|-boost|p1a: Venomoth|spa|1\n|-boost|p1a: Venomoth|spd|1\n|-boost|p1a: Venomoth|spe|1\n|\n|upkeep\n|turn|16\n|\n|t:|1715043133\n|-terastallize|p2a: Lugia|Steel\n|move|p1a: Venomoth|Sludge Wave|p2a: Lugia\n|-immune|p2a: Lugia\n|move|p2a: Lugia|Calm Mind|p2a: Lugia\n|-boost|p2a: Lugia|spa|1\n|-boost|p2a: Lugia|spd|1\n|\n|upkeep\n|turn|17\n|\n|t:|1715043138\n|switch|p1a: Toucannon|Toucannon, L88, F|284/284 par\n|move|p2a: Lugia|Calm Mind|p2a: Lugia\n|-boost|p2a: Lugia|spa|1\n|-boost|p2a: Lugia|spd|1\n|\n|upkeep\n|turn|18\n|\n|t:|1715043145\n|move|p2a: Lugia|Calm Mind|p2a: Lugia\n|-boost|p2a: Lugia|spa|1\n|-boost|p2a: Lugia|spd|1\n|cant|p1a: Toucannon|par\n|\n|upkeep\n|turn|19\n|\n|t:|1715043148\n|move|p2a: Lugia|Aeroblast|p1a: Toucannon\n|-damage|p1a: Toucannon|97/284 par\n|move|p1a: Toucannon|U-turn|p2a: Lugia\n|-resisted|p2a: Lugia\n|-damage|p2a: Lugia|260/272\n|\n|t:|1715043152\n|switch|p1a: Iron Valiant|Iron Valiant, L79|247/247|[from] U-turn\n|-damage|p1a: Iron Valiant|217/247|[from] Spikes\n|-damage|p1a: Iron Valiant|202/247|[from] Stealth Rock\n|\n|upkeep\n|turn|20\n|\n|t:|1715043160\n|switch|p2a: Polteageist|Polteageist, L79|224/224\n|move|p1a: Iron Valiant|Calm Mind|p1a: Iron Valiant\n|-boost|p1a: Iron Valiant|spa|1\n|-boost|p1a: Iron Valiant|spd|1\n|\n|upkeep\n|turn|21\n|inactive|Aqua has 120 seconds left.\n|\n|t:|1715043198\n|move|p1a: Iron Valiant|Moonblast|p2a: Polteageist\n|-damage|p2a: Polteageist|43/224\n|-start|p1a: Iron Valiant|Disable|Moonblast|[from] ability: Cursed Body|[of] p2a: Polteageist\n|-damage|p1a: Iron Valiant|178/247|[from] item: Life Orb\n|move|p2a: Polteageist|Shell Smash|p2a: Polteageist\n|-unboost|p2a: Polteageist|def|1\n|-unboost|p2a: Polteageist|spd|1\n|-boost|p2a: Polteageist|atk|2\n|-boost|p2a: Polteageist|spa|2\n|-boost|p2a: Polteageist|spe|2\n|-enditem|p2a: Polteageist|White Herb\n|-clearnegativeboost|p2a: Polteageist|[silent]\n|\n|upkeep\n|turn|22\n|inactive|Aqua has 120 seconds left.\n|\n|t:|1715043214\n|-end|p1a: Iron Valiant|Quark Drive|[silent]\n|switch|p1a: Tropius|Tropius, L91, M|249/328 par\n|-damage|p1a: Tropius|167/328 par|[from] Stealth Rock\n|move|p2a: Polteageist|Shadow Ball|p1a: Tropius\n|-damage|p1a: Tropius|0 fnt\n|faint|p1a: Tropius\n|\n|upkeep\n|\n|t:|1715043229\n|switch|p1a: Cinccino|Cinccino, L83, M|260/260\n|-damage|p1a: Cinccino|228/260|[from] Spikes\n|-damage|p1a: Cinccino|196/260|[from] Stealth Rock\n|turn|23\n|\n|t:|1715043241\n|move|p2a: Polteageist|Giga Drain|p1a: Cinccino\n|-damage|p1a: Cinccino|39/260\n|-heal|p2a: Polteageist|122/224|[from] drain|[of] p1a: Cinccino\n|move|p1a: Cinccino|Tidy Up|p1a: Cinccino\n|-sideend|p1: Aqua|Spikes\n|-sideend|p1: Aqua|Stealth Rock\n|-activate|p1a: Cinccino|move: Tidy Up\n|-boost|p1a: Cinccino|atk|1\n|-boost|p1a: Cinccino|spe|1\n|\n|upkeep\n|turn|24\n|\n|t:|1715043251\n|switch|p2a: Hippowdon|Hippowdon, L82, F|141/311\n|-weather|Sandstorm|[from] ability: Sand Stream|[of] p2a: Hippowdon\n|move|p1a: Cinccino|Bullet Seed|p2a: Hippowdon\n|-supereffective|p2a: Hippowdon\n|-damage|p2a: Hippowdon|83/311\n|-supereffective|p2a: Hippowdon\n|-damage|p2a: Hippowdon|23/311\n|-supereffective|p2a: Hippowdon\n|-damage|p2a: Hippowdon|0 fnt\n|faint|p2a: Hippowdon\n|-hitcount|p2: Hippowdon|3\n|\n|-weather|Sandstorm|[upkeep]\n|-damage|p1a: Cinccino|23/260|[from] Sandstorm\n|upkeep\n|\n|t:|1715043259\n|switch|p2a: Klefki|Klefki, L84, F|172/233 slp\n|turn|25\n|\n|t:|1715043267\n|cant|p2a: Klefki|slp\n|move|p1a: Cinccino|Tail Slap|p2a: Klefki\n|-resisted|p2a: Klefki\n|-damage|p2a: Klefki|146/233 slp\n|-resisted|p2a: Klefki\n|-damage|p2a: Klefki|119/233 slp\n|-resisted|p2a: Klefki\n|-damage|p2a: Klefki|92/233 slp\n|-resisted|p2a: Klefki\n|-damage|p2a: Klefki|62/233 slp\n|-resisted|p2a: Klefki\n|-damage|p2a: Klefki|34/233 slp\n|-hitcount|p2a: Klefki|5\n|\n|-weather|Sandstorm|[upkeep]\n|-damage|p1a: Cinccino|7/260|[from] Sandstorm\n|-heal|p2a: Klefki|48/233 slp|[from] item: Leftovers\n|upkeep\n|turn|26\n|\n|t:|1715043271\n|cant|p2a: Klefki|slp\n|move|p1a: Cinccino|Bullet Seed|p2a: Klefki\n|-resisted|p2a: Klefki\n|-damage|p2a: Klefki|29/233 slp\n|-resisted|p2a: Klefki\n|-damage|p2a: Klefki|10/233 slp\n|-resisted|p2a: Klefki\n|-damage|p2a: Klefki|0 fnt\n|faint|p2a: Klefki\n|-hitcount|p2: Klefki|3\n|\n|-weather|Sandstorm|[upkeep]\n|-damage|p1a: Cinccino|0 fnt|[from] Sandstorm\n|faint|p1a: Cinccino\n|upkeep\n|\n|t:|1715043291\n|switch|p1a: Venomoth|Venomoth, L85, F|258/258\n|switch|p2a: Bellibolt|Bellibolt, L84, M|280/320\n|turn|27\n|\n|t:|1715043296\n|move|p1a: Venomoth|Sleep Powder|p2a: Bellibolt\n|-status|p2a: Bellibolt|slp|[from] move: Sleep Powder\n|cant|p2a: Bellibolt|slp\n|\n|-weather|Sandstorm|[upkeep]\n|-damage|p1a: Venomoth|242/258|[from] Sandstorm\n|-damage|p2a: Bellibolt|260/320 slp|[from] Sandstorm\n|-heal|p2a: Bellibolt|280/320 slp|[from] item: Leftovers\n|upkeep\n|turn|28\n|\n|t:|1715043300\n|switch|p2a: Lugia|Lugia, L72, tera:Steel|260/272\n|move|p1a: Venomoth|Quiver Dance|p1a: Venomoth\n|-boost|p1a: Venomoth|spa|1\n|-boost|p1a: Venomoth|spd|1\n|-boost|p1a: Venomoth|spe|1\n|\n|-weather|none\n|upkeep\n|turn|29\n|\n|t:|1715043308\n|move|p1a: Venomoth|Bug Buzz|p2a: Lugia\n|-resisted|p2a: Lugia\n|-damage|p2a: Lugia|150/272\n|move|p2a: Lugia|Calm Mind|p2a: Lugia\n|-boost|p2a: Lugia|spa|1\n|-boost|p2a: Lugia|spd|1\n|\n|upkeep\n|turn|30\n|\n|t:|1715043326\n|move|p1a: Venomoth|Quiver Dance|p1a: Venomoth\n|-boost|p1a: Venomoth|spa|1\n|-boost|p1a: Venomoth|spd|1\n|-boost|p1a: Venomoth|spe|1\n|move|p2a: Lugia|Recover|p2a: Lugia\n|-heal|p2a: Lugia|272/272\n|\n|upkeep\n|turn|31\n|\n|t:|1715043328\n|move|p1a: Venomoth|Bug Buzz|p2a: Lugia\n|-resisted|p2a: Lugia\n|-damage|p2a: Lugia|227/272\n|move|p2a: Lugia|Calm Mind|p2a: Lugia\n|-boost|p2a: Lugia|spa|1\n|-boost|p2a: Lugia|spd|1\n|\n|upkeep\n|turn|32\n|\n|t:|1715043333\n|switch|p1a: Zacian|Zacian, L69|241/241\n|-ability|p1a: Zacian|Intrepid Sword|boost\n|-boost|p1a: Zacian|atk|1\n|move|p2a: Lugia|Recover|p2a: Lugia\n|-heal|p2a: Lugia|272/272\n|\n|upkeep\n|turn|33\n|\n|t:|1715043344\n|move|p1a: Zacian|Close Combat|p2a: Lugia\n|-supereffective|p2a: Lugia\n|-damage|p2a: Lugia|138/272\n|-unboost|p1a: Zacian|def|1\n|-unboost|p1a: Zacian|spd|1\n|move|p2a: Lugia|Aeroblast|p1a: Zacian\n|-damage|p1a: Zacian|36/241\n|\n|upkeep\n|turn|34\n|\n|t:|1715043356\n|switch|p1a: Toucannon|Toucannon, L88, F|97/284 par\n|move|p2a: Lugia|Recover|p2a: Lugia\n|-heal|p2a: Lugia|272/272\n|\n|upkeep\n|turn|35\n|\n|t:|1715043362\n|move|p2a: Lugia|Aeroblast|p1a: Toucannon\n|-damage|p1a: Toucannon|0 fnt\n|faint|p1a: Toucannon\n|\n|upkeep\n|\n|t:|1715043364\n|switch|p1a: Venomoth|Venomoth, L85, F|242/258\n|turn|36\n|\n|t:|1715043370\n|move|p1a: Venomoth|Bug Buzz|p2a: Lugia\n|-resisted|p2a: Lugia\n|-damage|p2a: Lugia|255/272\n|move|p2a: Lugia|Calm Mind|p2a: Lugia\n|-boost|p2a: Lugia|spa|1\n|-boost|p2a: Lugia|spd|1\n|\n|upkeep\n|turn|37\n|j| nocomment3\n|\n|t:|1715043375\n|move|p1a: Venomoth|Bug Buzz|p2a: Lugia\n|-resisted|p2a: Lugia\n|-damage|p2a: Lugia|227/272\n|-unboost|p2a: Lugia|spd|1\n|move|p2a: Lugia|Calm Mind|p2a: Lugia\n|-boost|p2a: Lugia|spa|1\n|-boost|p2a: Lugia|spd|1\n|\n|upkeep\n|turn|38\n|\n|t:|1715043378\n|move|p1a: Venomoth|Bug Buzz|p2a: Lugia\n|-resisted|p2a: Lugia\n|-damage|p2a: Lugia|201/272\n|move|p2a: Lugia|Recover|p2a: Lugia\n|-heal|p2a: Lugia|272/272\n|\n|upkeep\n|turn|39\n|\n|t:|1715043381\n|move|p1a: Venomoth|Bug Buzz|p2a: Lugia\n|-resisted|p2a: Lugia\n|-damage|p2a: Lugia|257/272\n|-unboost|p2a: Lugia|spd|1\n|move|p2a: Lugia|Earth Power|p1a: Venomoth\n|-damage|p1a: Venomoth|98/258\n|\n|upkeep\n|turn|40\n|\n|t:|1715043389\n|move|p1a: Venomoth|Quiver Dance|p1a: Venomoth\n|-boost|p1a: Venomoth|spa|1\n|-boost|p1a: Venomoth|spd|1\n|-boost|p1a: Venomoth|spe|1\n|move|p2a: Lugia|Earth Power|p1a: Venomoth\n|-damage|p1a: Venomoth|0 fnt\n|faint|p1a: Venomoth\n|\n|upkeep\n|\n|t:|1715043391\n|switch|p1a: Iron Valiant|Iron Valiant, L79|178/247\n|turn|41\n|\n|t:|1715043410\n|move|p1a: Iron Valiant|Close Combat|p2a: Lugia\n|-supereffective|p2a: Lugia\n|-damage|p2a: Lugia|0 fnt\n|-unboost|p1a: Iron Valiant|def|1\n|-unboost|p1a: Iron Valiant|spd|1\n|faint|p2a: Lugia\n|-damage|p1a: Iron Valiant|154/247|[from] item: Life Orb\n|\n|upkeep\n|\n|t:|1715043426\n|switch|p2a: Suicune|Suicune, L82|298/298\n|-ability|p2a: Suicune|Pressure\n|turn|42\n|\n|t:|1715043432\n|-end|p1a: Iron Valiant|Quark Drive|[silent]\n|switch|p1a: Zacian|Zacian, L69|36/241\n|move|p2a: Suicune|Scald|p1a: Zacian\n|-damage|p1a: Zacian|0 fnt\n|faint|p1a: Zacian\n|\n|upkeep\n|\n|t:|1715043434\n|switch|p1a: Iron Valiant|Iron Valiant, L79|154/247\n|turn|43\n|\n|t:|1715043441\n|move|p1a: Iron Valiant|Moonblast|p2a: Suicune\n|-damage|p2a: Suicune|193/298\n|-damage|p1a: Iron Valiant|130/247|[from] item: Life Orb\n|move|p2a: Suicune|Calm Mind|p2a: Suicune\n|-boost|p2a: Suicune|spa|1\n|-boost|p2a: Suicune|spd|1\n|\n|-heal|p2a: Suicune|211/298|[from] item: Leftovers\n|upkeep\n|turn|44\n|\n|t:|1715043446\n|-terastallize|p1a: Iron Valiant|Fighting\n|move|p1a: Iron Valiant|Close Combat|p2a: Suicune\n|-damage|p2a: Suicune|0 fnt\n|-unboost|p1a: Iron Valiant|def|1\n|-unboost|p1a: Iron Valiant|spd|1\n|faint|p2a: Suicune\n|-damage|p1a: Iron Valiant|106/247|[from] item: Life Orb\n|\n|upkeep\n|\n|t:|1715043454\n|switch|p2a: Polteageist|Polteageist, L79|122/224\n|turn|45\n|\n|t:|1715043457\n|move|p1a: Iron Valiant|Moonblast|p2a: Polteageist\n|-damage|p2a: Polteageist|0 fnt\n|faint|p2a: Polteageist\n|-damage|p1a: Iron Valiant|82/247|[from] item: Life Orb\n|\n|upkeep\n|\n|t:|1715043461\n|switch|p2a: Bellibolt|Bellibolt, L84, M|280/320 slp\n|turn|46\n|\n|t:|1715043463\n|move|p1a: Iron Valiant|Close Combat|p2a: Bellibolt\n|-damage|p2a: Bellibolt|33/320 slp\n|-unboost|p1a: Iron Valiant|def|1\n|-unboost|p1a: Iron Valiant|spd|1\n|-start|p2a: Bellibolt|Charge|Close Combat|[from] ability: Electromorphosis\n|-damage|p1a: Iron Valiant|58/247|[from] item: Life Orb\n|-curestatus|p2a: Bellibolt|slp|[msg]\n|move|p2a: Bellibolt|Thunderbolt|p1a: Iron Valiant\n|-damage|p1a: Iron Valiant|0 fnt\n|faint|p1a: Iron Valiant\n|-end|p1a: Iron Valiant|Quark Drive|[silent]\n|-end|p2a: Bellibolt|Charge|[silent]\n|\n|win|Cocoon Evolution\n|raw|Aqua's rating: 2451 &rarr; <strong>2426</strong><br />(-25 for losing)\n|raw|Cocoon Evolution's rating: 2355 &rarr; <strong>2380</strong><br />(+25 for winning)\n|l|\u2606Aqua\n|player|p1|\n", "inputlog": ">version 2cc90ceb603322b9c7a55380fd27efd5fc357af5\n>start {\"formatid\":\"gen9randombattle\",\"seed\":[35918,18268,45220,47339],\"rated\":\"Rated battle\"}\n>player p1 {\"name\":\"Aqua\",\"avatar\":\"#rbtt7teamdarkraif\",\"rating\":2451,\"seed\":[40065,32429,39403,38798]}\n>player p2 {\"name\":\"Cocoon Evolution\",\"avatar\":\"wally\",\"rating\":2355,\"seed\":[52585,44654,32457,4939]}\n>p1 move tailslap\n>p2 switch 3\n>p1 switch 3\n>p2 move spikes\n>p1 move boomburst\n>p2 move thunderwave\n>p1 move boomburst\n>p2 switch 4\n>p1 switch 2\n>p2 move voltswitch\n>p2 switch 4\n>p1 move leechseed\n>p2 move thunderwave\n>p1 move substitute\n>p2 move thunderwave\n>p1 move airslash\n>p2 switch 2\n>p1 move leechseed\n>p2 move stealthrock\n>p1 move airslash\n>p2 switch 4\n>p1 move leechseed\n>p2 move slackoff\n>p1 move protect\n>p2 move voltswitch\n>p2 switch 4\n>p1 move leechseed\n>p2 move whirlwind\n>p1 move sleeppowder\n>p2 switch 2\n>p1 move quiverdance\n>p2 switch 3\n>p1 move sludgewave\n>p2 move calmmind terastallize\n>p1 switch 2\n>p2 move calmmind\n>p1 move uturn\n>p2 move calmmind\n>p1 move uturn\n>p2 move aeroblast\n>p1 switch 4\n>p1 move calmmind\n>p2 switch 5\n>p1 move moonblast\n>p2 move shellsmash\n>p1 switch 5\n>p2 move shadowball\n>p1 switch 3\n>p1 move tidyup\n>p2 move gigadrain\n>p1 move bulletseed\n>p2 switch 2\n>p2 switch 3\n>p1 move tailslap\n>p2 move spikes\n>p1 move bulletseed\n>p2 move spikes\n>p1 switch 2\n>p2 switch 4\n>p1 move sleeppowder\n>p2 move voltswitch\n>p1 move quiverdance\n>p2 switch 5\n>p1 move bugbuzz\n>p2 move calmmind\n>p1 move quiverdance\n>p2 move recover\n>p1 move bugbuzz\n>p2 move calmmind\n>p1 switch 6\n>p2 move recover\n>p1 move closecombat\n>p2 move aeroblast\n>p1 switch 4\n>p2 move recover\n>p1 move uturn\n>p2 move aeroblast\n>p1 switch 6\n>p1 move bugbuzz\n>p2 move calmmind\n>p1 move bugbuzz\n>p2 move calmmind\n>p1 move bugbuzz\n>p2 move recover\n>p1 move bugbuzz\n>p2 move earthpower\n>p1 move quiverdance\n>p2 move earthpower\n>p1 switch 5\n>p1 move closecombat\n>p2 move aeroblast\n>p2 switch 6\n>p1 switch 4\n>p2 move scald\n>p1 switch 4\n>p1 move moonblast\n>p2 move calmmind\n>p1 move closecombat terastallize\n>p2 move scald\n>p2 switch 2\n>p1 move moonblast\n>p2 move shadowball\n>p2 switch 5\n>p1 move closecombat\n>p2 move thunderbolt", "uploadtime": 1715043474, "views": 284, "formatid": "gen9randombattle", "rating": 2380, "private": 0, "password": null}