{"id": "gen9randombattle-2260898632", "format": "[Gen 9] Random Battle", "players": ["Evanston", "Jdjh777"], "log": "|j|\u203dEvanston\n|j|\u2606Jdjh777\n|t:|1733913173\n|gametype|singles\n|player|p1|Evanston|101|1799\n|player|p2|Jdjh777|169|1770\n|teamsize|p1|6\n|teamsize|p2|6\n|gen|9\n|tier|[Gen 9] Random Battle\n|rated|\n|rule|Species Clause: Limit one of each Pok\u00e9mon\n|rule|HP Percentage Mod: HP is shown in percentages\n|rule|Sleep Clause Mod: Limit one foe put to sleep\n|rule|Illusion Level Mod: Illusion disguises the Pok\u00e9mon's true level\n|\n|t:|1733913173\n|start\n|switch|p1a: Munkidori|Munkidori, L79, M|269/269\n|switch|p2a: Sneasler|Sneasler, L74, M|240/240\n|turn|1\n|\n|t:|1733913187\n|move|p2a: Sneasler|U-turn|p1a: Munkidori\n|-crit|p1a: Munkidori\n|-damage|p1a: Munkidori|120/269\n|inactive|Battle timer is ON: inactive players will automatically lose when time's up. (requested by Evanston)\n|\n|t:|1733913196\n|switch|p2a: Rotom|Rotom, L88|231/231|[from] U-turn\n|move|p1a: Munkidori|Nasty Plot|p1a: Munkidori\n|-boost|p1a: Munkidori|spa|2\n|\n|upkeep\n|turn|2\n|\n|t:|1733913203\n|move|p2a: Rotom|Shadow Ball|p1a: Munkidori\n|-supereffective|p1a: Munkidori\n|-damage|p1a: Munkidori|0 fnt\n|faint|p1a: Munkidori\n|\n|upkeep\n|\n|t:|1733913210\n|switch|p1a: Chesnaught|Chesnaught, L84, F|285/285\n|turn|3\n|\n|t:|1733913216\n|switch|p2a: Tauros|Tauros-Paldea-Combat, L82, M|257/257\n|-ability|p2a: Tauros|Intimidate|boost\n|-unboost|p1a: Chesnaught|atk|1\n|move|p1a: Chesnaught|Knock Off|p2a: Tauros\n|-resisted|p2a: Tauros\n|-damage|p2a: Tauros|233/257\n|-enditem|p2a: Tauros|Life Orb|[from] move: Knock Off|[of] p1a: Chesnaught\n|\n|upkeep\n|turn|4\n|\n|t:|1733913235\n|move|p2a: Tauros|Bulk Up|p2a: Tauros\n|-boost|p2a: Tauros|atk|1\n|-boost|p2a: Tauros|def|1\n|move|p1a: Chesnaught|Body Press|p2a: Tauros\n|-damage|p2a: Tauros|172/257\n|\n|upkeep\n|turn|5\n|\n|t:|1733913248\n|switch|p1a: Mesprit|Mesprit, L85|275/275\n|move|p2a: Tauros|Bulk Up|p2a: Tauros\n|-boost|p2a: Tauros|atk|1\n|-boost|p2a: Tauros|def|1\n|\n|upkeep\n|turn|6\n|\n|t:|1733913254\n|move|p2a: Tauros|Throat Chop|p1a: Mesprit\n|-supereffective|p1a: Mesprit\n|-damage|p1a: Mesprit|87/275\n|-start|p1a: Mesprit|Throat Chop|[silent]\n|move|p1a: Mesprit|Psychic|p2a: Tauros\n|-supereffective|p2a: Tauros\n|-damage|p2a: Tauros|0 fnt\n|faint|p2a: Tauros\n|\n|upkeep\n|\n|t:|1733913261\n|switch|p2a: Rotom|Rotom, L88|231/231\n|turn|7\n|\n|t:|1733913264\n|move|p2a: Rotom|Volt Switch|p1a: Mesprit\n|-damage|p1a: Mesprit|21/275\n|\n|t:|1733913270\n|switch|p2a: Vaporeon|Vaporeon, L86, M|364/364|[from] Volt Switch\n|move|p1a: Mesprit|Psychic|p2a: Vaporeon\n|-damage|p2a: Vaporeon|229/364\n|\n|-heal|p2a: Vaporeon|251/364|[from] item: Leftovers\n|-end|p1a: Mesprit|Throat Chop|[silent]\n|upkeep\n|turn|8\n|\n|t:|1733913285\n|switch|p1a: Tsareena|Tsareena, L87, F|267/267\n|move|p2a: Vaporeon|Wish|p2a: Vaporeon\n|\n|-heal|p2a: Vaporeon|273/364|[from] item: Leftovers\n|upkeep\n|turn|9\n|\n|t:|1733913293\n|switch|p2a: Lugia|Lugia, L72|272/272\n|move|p1a: Tsareena|U-turn|p2a: Lugia\n|-damage|p2a: Lugia|244/272\n|\n|t:|1733913297\n|switch|p1a: Pachirisu|Pachirisu, L96, F|271/271|[from] U-turn\n|\n|-heal|p2a: Lugia|272/272|[from] move: Wish|[wisher] Vaporeon\n|upkeep\n|turn|10\n|\n|t:|1733913317\n|switch|p2a: Rotom|Rotom, L88|231/231\n|move|p1a: Pachirisu|U-turn|p2a: Rotom\n|-resisted|p2a: Rotom\n|-damage|p2a: Rotom|211/231\n|\n|t:|1733913321\n|switch|p1a: Chesnaught|Chesnaught, L84, F|285/285|[from] U-turn\n|\n|upkeep\n|turn|11\n|\n|t:|1733913340\n|move|p2a: Rotom|Trick|p1a: Chesnaught\n|-activate|p2a: Rotom|move: Trick|[of] p1a: Chesnaught\n|-item|p1a: Chesnaught|Choice Scarf|[from] move: Trick\n|-item|p2a: Rotom|Leftovers|[from] move: Trick\n|move|p1a: Chesnaught|Knock Off|p2a: Rotom\n|-supereffective|p2a: Rotom\n|-damage|p2a: Rotom|45/231\n|-enditem|p2a: Rotom|Leftovers|[from] move: Knock Off|[of] p1a: Chesnaught\n|\n|upkeep\n|turn|12\n|\n|t:|1733913351\n|move|p1a: Chesnaught|Knock Off|p2a: Rotom\n|-supereffective|p2a: Rotom\n|-damage|p2a: Rotom|0 fnt\n|faint|p2a: Rotom\n|\n|upkeep\n|\n|t:|1733913360\n|switch|p2a: Sneasler|Sneasler, L74, M|240/240\n|turn|13\n|\n|t:|1733913365\n|move|p1a: Chesnaught|Knock Off|p2a: Sneasler\n|-resisted|p2a: Sneasler\n|-crit|p2a: Sneasler\n|-damage|p2a: Sneasler|163/240\n|-enditem|p2a: Sneasler|Choice Band|[from] move: Knock Off|[of] p1a: Chesnaught\n|move|p2a: Sneasler|Dire Claw|p1a: Chesnaught\n|-supereffective|p1a: Chesnaught\n|-damage|p1a: Chesnaught|157/285\n|\n|upkeep\n|turn|14\n|\n|t:|1733913373\n|move|p1a: Chesnaught|Knock Off|p2a: Sneasler\n|-resisted|p2a: Sneasler\n|-damage|p2a: Sneasler|128/240\n|move|p2a: Sneasler|Dire Claw|p1a: Chesnaught\n|-supereffective|p1a: Chesnaught\n|-damage|p1a: Chesnaught|19/285\n|\n|upkeep\n|turn|15\n|\n|t:|1733913394\n|switch|p1a: Mesprit|Mesprit, L85|21/275\n|move|p2a: Sneasler|Dire Claw|p1a: Mesprit\n|-damage|p1a: Mesprit|0 fnt\n|faint|p1a: Mesprit\n|\n|upkeep\n|inactive|Evanston has 120 seconds left.\n|\n|t:|1733913415\n|switch|p1a: Sneasler|Sneasler, L74, F|240/240\n|turn|16\n|inactive|Evanston has 120 seconds left.\n|\n|t:|1733913433\n|move|p1a: Sneasler|Acrobatics|p2a: Sneasler\n|-supereffective|p2a: Sneasler\n|-damage|p2a: Sneasler|6/240\n|move|p2a: Sneasler|Dire Claw|p1a: Sneasler\n|-resisted|p1a: Sneasler\n|-damage|p1a: Sneasler|180/240\n|-status|p1a: Sneasler|slp\n|\n|upkeep\n|turn|17\n|\n|t:|1733913443\n|move|p2a: Sneasler|U-turn|p1a: Sneasler\n|-resisted|p1a: Sneasler\n|-damage|p1a: Sneasler|163/240 slp\n|\n|t:|1733913447\n|switch|p2a: Lugia|Lugia, L72|272/272|[from] U-turn\n|cant|p1a: Sneasler|slp\n|\n|upkeep\n|turn|18\n|inactive|Evanston has 120 seconds left.\n|\n|t:|1733913459\n|switch|p1a: Pachirisu|Pachirisu, L96, F|271/271\n|move|p2a: Lugia|Aeroblast|p1a: Pachirisu\n|-resisted|p1a: Pachirisu\n|-damage|p1a: Pachirisu|249/271\n|\n|upkeep\n|turn|19\n|inactive|Evanston has 120 seconds left.\n|\n|t:|1733913468\n|-terastallize|p2a: Lugia|Ground\n|move|p1a: Pachirisu|Nuzzle|p2a: Lugia\n|-immune|p2a: Lugia\n|move|p2a: Lugia|Calm Mind|p2a: Lugia\n|-boost|p2a: Lugia|spa|1\n|-boost|p2a: Lugia|spd|1\n|\n|upkeep\n|turn|20\n|\n|t:|1733913474\n|move|p1a: Pachirisu|Super Fang|p2a: Lugia\n|-damage|p2a: Lugia|136/272\n|move|p2a: Lugia|Calm Mind|p2a: Lugia\n|-boost|p2a: Lugia|spa|1\n|-boost|p2a: Lugia|spd|1\n|\n|upkeep\n|turn|21\n|\n|t:|1733913478\n|move|p1a: Pachirisu|U-turn|p2a: Lugia\n|-damage|p2a: Lugia|106/272\n|\n|t:|1733913483\n|switch|p1a: Tsareena|Tsareena, L87, F|267/267|[from] U-turn\n|move|p2a: Lugia|Recover|p2a: Lugia\n|-heal|p2a: Lugia|242/272\n|\n|upkeep\n|turn|22\n|\n|t:|1733913491\n|-terastallize|p1a: Tsareena|Steel\n|move|p2a: Lugia|Aeroblast|p1a: Tsareena\n|-resisted|p1a: Tsareena\n|-damage|p1a: Tsareena|221/267\n|move|p1a: Tsareena|Power Whip|p2a: Lugia|[miss]\n|-miss|p1a: Tsareena|p2a: Lugia\n|\n|upkeep\n|turn|23\n|\n|t:|1733913500\n|move|p2a: Lugia|Earth Power|p1a: Tsareena\n|-supereffective|p1a: Tsareena\n|-damage|p1a: Tsareena|53/267\n|move|p1a: Tsareena|Power Whip|p2a: Lugia\n|-supereffective|p2a: Lugia\n|-damage|p2a: Lugia|0 fnt\n|faint|p2a: Lugia\n|\n|upkeep\n|\n|t:|1733913506\n|switch|p2a: Sneasler|Sneasler, L74, M|6/240\n|turn|24\n|inactive|Evanston has 120 seconds left.\n|\n|t:|1733913536\n|switch|p1a: Sneasler|Sneasler, L74, F|163/240 slp\n|move|p2a: Sneasler|Close Combat|p1a: Sneasler\n|-resisted|p1a: Sneasler\n|-crit|p1a: Sneasler\n|-damage|p1a: Sneasler|15/240 slp\n|-unboost|p2a: Sneasler|def|1\n|-unboost|p2a: Sneasler|spd|1\n|\n|upkeep\n|turn|25\n|\n|t:|1733913542\n|cant|p1a: Sneasler|slp\n|move|p2a: Sneasler|Dire Claw|p1a: Sneasler\n|-resisted|p1a: Sneasler\n|-damage|p1a: Sneasler|0 fnt\n|faint|p1a: Sneasler\n|\n|upkeep\n|\n|t:|1733913546\n|switch|p1a: Chesnaught|Chesnaught, L84, F|19/285\n|turn|26\n|\n|t:|1733913563\n|switch|p2a: Vaporeon|Vaporeon, L86, M|273/364\n|move|p1a: Chesnaught|Knock Off|p2a: Vaporeon\n|-damage|p2a: Vaporeon|179/364\n|-enditem|p2a: Vaporeon|Leftovers|[from] move: Knock Off|[of] p1a: Chesnaught\n|\n|upkeep\n|turn|27\n|\n|t:|1733913567\n|switch|p1a: Pachirisu|Pachirisu, L96, F|249/271\n|move|p2a: Vaporeon|Wish|p2a: Vaporeon\n|\n|upkeep\n|turn|28\n|\n|t:|1733913574\n|move|p2a: Vaporeon|Protect|p2a: Vaporeon\n|-singleturn|p2a: Vaporeon|Protect\n|move|p1a: Pachirisu|Nuzzle|p2a: Vaporeon\n|-activate|p2a: Vaporeon|move: Protect\n|\n|-heal|p2a: Vaporeon|361/364|[from] move: Wish|[wisher] Vaporeon\n|upkeep\n|turn|29\n|\n|t:|1733913584\n|move|p1a: Pachirisu|Nuzzle|p2a: Vaporeon\n|-supereffective|p2a: Vaporeon\n|-damage|p2a: Vaporeon|317/364\n|-status|p2a: Vaporeon|par\n|move|p2a: Vaporeon|Calm Mind|p2a: Vaporeon\n|-boost|p2a: Vaporeon|spa|1\n|-boost|p2a: Vaporeon|spd|1\n|\n|upkeep\n|turn|30\n|\n|t:|1733913591\n|move|p1a: Pachirisu|U-turn|p2a: Vaporeon\n|-damage|p2a: Vaporeon|272/364 par\n|\n|t:|1733913598\n|switch|p1a: Chesnaught|Chesnaught, L84, F|19/285|[from] U-turn\n|move|p2a: Vaporeon|Scald|p1a: Chesnaught\n|-resisted|p1a: Chesnaught\n|-damage|p1a: Chesnaught|0 fnt\n|faint|p1a: Chesnaught\n|\n|upkeep\n|\n|t:|1733913600\n|switch|p1a: Tsareena|Tsareena, L87, F, tera:Steel|53/267\n|turn|31\n|\n|t:|1733913607\n|move|p1a: Tsareena|Rapid Spin|p2a: Vaporeon\n|-damage|p2a: Vaporeon|213/364 par\n|-boost|p1a: Tsareena|spe|1\n|cant|p2a: Vaporeon|par\n|\n|upkeep\n|turn|32\n|\n|t:|1733913609\n|move|p1a: Tsareena|Power Whip|p2a: Vaporeon\n|-supereffective|p2a: Vaporeon\n|-crit|p2a: Vaporeon\n|-damage|p2a: Vaporeon|0 fnt\n|faint|p2a: Vaporeon\n|\n|upkeep\n|\n|t:|1733913613\n|switch|p2a: Politoed|Politoed, L88, F|302/302\n|-weather|RainDance|[from] ability: Drizzle|[of] p2a: Politoed\n|turn|33\n|\n|t:|1733913620\n|move|p1a: Tsareena|Power Whip|p2a: Politoed\n|-supereffective|p2a: Politoed\n|-damage|p2a: Politoed|0 fnt\n|faint|p2a: Politoed\n|\n|-weather|RainDance|[upkeep]\n|upkeep\n|\n|t:|1733913624\n|switch|p2a: Sneasler|Sneasler, L74, M|6/240\n|turn|34\n|\n|t:|1733913628\n|move|p1a: Tsareena|Rapid Spin|p2a: Sneasler\n|-damage|p2a: Sneasler|0 fnt\n|-boost|p1a: Tsareena|spe|1\n|faint|p2a: Sneasler\n|\n|win|Evanston\n|raw|Evanston's rating: 1799 &rarr; <strong>1817</strong><br />(+18 for winning)\n|raw|Jdjh777's rating: 1770 &rarr; <strong>1752</strong><br />(-18 for losing)\n|l|\u2606Jdjh777\n|player|p2|\n", "inputlog": ">version bfd83cad13791eb5a5a409923076391caf6fb4d4\n>start {\"formatid\":\"gen9randombattle\",\"seed\":[39517,37952,56359,16277],\"rated\":\"Rated battle\"}\n>player p1 {\"name\":\"Evanston\",\"avatar\":\"101\",\"rating\":1799,\"seed\":[5752,35438,52684,5662]}\n>player p2 {\"name\":\"Jdjh777\",\"avatar\":\"169\",\"rating\":1770,\"seed\":[44657,50761,24549,28299]}\n>p1 move nastyplot\n>p2 move uturn\n>p2 switch 3\n>p1 move psyshock\n>p2 move shadowball\n>p1 switch 4\n>p1 move knockoff\n>p2 switch 5\n>p1 move bodypress\n>p2 move bulkup\n>p1 switch 6\n>p2 move bulkup\n>p1 move psychic\n>p2 move throatchop\n>p2 switch 5\n>p1 move psychic\n>p2 move voltswitch\n>p2 switch 2\n>p1 switch 3\n>p2 move wish\n>p1 move uturn\n>p2 switch 4\n>p1 switch 5\n>p1 move uturn\n>p2 switch 2\n>p1 switch 6\n>p1 move knockoff\n>p2 move trick\n>p1 move knockoff\n>p2 move voltswitch\n>p2 switch 3\n>p1 move knockoff\n>p2 move direclaw\n>p1 move knockoff\n>p2 move direclaw\n>p1 switch 3\n>p2 move direclaw\n>p1 switch 2\n>p1 move acrobatics\n>p2 move direclaw\n>p1 move closecombat\n>p2 move uturn\n>p2 switch 2\n>p1 switch 6\n>p2 move aeroblast\n>p1 move nuzzle\n>p2 move calmmind terastallize\n>p1 move superfang\n>p2 move calmmind\n>p1 move uturn\n>p2 move recover\n>p1 switch 5\n>p1 move powerwhip terastallize\n>p2 move aeroblast\n>p1 move powerwhip\n>p2 move earthpower\n>p2 switch 2\n>p1 switch 6\n>p2 move closecombat\n>p1 move closecombat\n>p2 move direclaw\n>p1 switch 3\n>p1 move knockoff\n>p2 switch 4\n>p1 switch 5\n>p2 move wish\n>p1 move nuzzle\n>p2 move protect\n>p1 move nuzzle\n>p2 move calmmind\n>p1 move uturn\n>p2 move scald\n>p1 switch 5\n>p1 switch 6\n>p1 move rapidspin\n>p2 move scald\n>p1 move powerwhip\n>p2 move scald\n>p2 switch 6\n>p1 move powerwhip\n>p2 move weatherball\n>p2 switch 4\n>p1 move rapidspin\n>p2 move direclaw", "uploadtime": 1733913636, "views": 1, "formatid": "gen9randombattle", "rating": 1752, "private": 0, "password": null}