{"id": "gen9randombattle-2260810344", "format": "[Gen 9] Random Battle", "players": ["Xerstoren", "Modilazar_YT"], "log": "|j|\u2606Xerstoren\n|j|\u203dModilazar_YT\n|t:|1733896090\n|gametype|singles\n|player|p1|Xerstoren|hugh|1000\n|player|p2|Modilazar_YT|lucas|1040\n|teamsize|p1|6\n|teamsize|p2|6\n|gen|9\n|tier|[Gen 9] Random Battle\n|rated|\n|rule|Species Clause: Limit one of each Pok\u00e9mon\n|rule|HP Percentage Mod: HP is shown in percentages\n|rule|Sleep Clause Mod: Limit one foe put to sleep\n|rule|Illusion Level Mod: Illusion disguises the Pok\u00e9mon's true level\n|\n|t:|1733896090\n|start\n|switch|p1a: Yanmega|Yanmega, L82, F|275/275\n|switch|p2a: Chimecho|Chimecho, L93, F|290/290\n|turn|1\n|\n|t:|1733896100\n|move|p1a: Yanmega|Air Slash|p2a: Chimecho\n|-damage|p2a: Chimecho|218/290\n|move|p2a: Chimecho|Cosmic Power|p2a: Chimecho\n|-boost|p2a: Chimecho|def|1\n|-boost|p2a: Chimecho|spd|1\n|\n|-heal|p2a: Chimecho|236/290|[from] item: Leftovers\n|-ability|p1a: Yanmega|Speed Boost|boost\n|-boost|p1a: Yanmega|spe|1\n|upkeep\n|turn|2\n|\n|t:|1733896114\n|move|p1a: Yanmega|Bug Buzz|p2a: Chimecho\n|-supereffective|p2a: Chimecho\n|-damage|p2a: Chimecho|120/290\n|move|p2a: Chimecho|Cosmic Power|p2a: Chimecho\n|-boost|p2a: Chimecho|def|1\n|-boost|p2a: Chimecho|spd|1\n|\n|-heal|p2a: Chimecho|138/290|[from] item: Leftovers\n|-ability|p1a: Yanmega|Speed Boost|boost\n|-boost|p1a: Yanmega|spe|1\n|upkeep\n|turn|3\n|\n|t:|1733896130\n|move|p1a: Yanmega|Tera Blast|p2a: Chimecho\n|-damage|p2a: Chimecho|108/290\n|move|p2a: Chimecho|Recover|p2a: Chimecho\n|-heal|p2a: Chimecho|253/290\n|\n|-heal|p2a: Chimecho|271/290|[from] item: Leftovers\n|-ability|p1a: Yanmega|Speed Boost|boost\n|-boost|p1a: Yanmega|spe|1\n|upkeep\n|turn|4\n|\n|t:|1733896143\n|move|p1a: Yanmega|Bug Buzz|p2a: Chimecho\n|-supereffective|p2a: Chimecho\n|-damage|p2a: Chimecho|175/290\n|move|p2a: Chimecho|Cosmic Power|p2a: Chimecho\n|-boost|p2a: Chimecho|def|1\n|-boost|p2a: Chimecho|spd|1\n|\n|-heal|p2a: Chimecho|193/290|[from] item: Leftovers\n|-ability|p1a: Yanmega|Speed Boost|boost\n|-boost|p1a: Yanmega|spe|1\n|upkeep\n|turn|5\n|\n|t:|1733896154\n|move|p1a: Yanmega|Bug Buzz|p2a: Chimecho\n|-supereffective|p2a: Chimecho\n|-damage|p2a: Chimecho|115/290\n|move|p2a: Chimecho|Cosmic Power|p2a: Chimecho\n|-boost|p2a: Chimecho|def|1\n|-boost|p2a: Chimecho|spd|1\n|\n|-heal|p2a: Chimecho|133/290|[from] item: Leftovers\n|-ability|p1a: Yanmega|Speed Boost|boost\n|-boost|p1a: Yanmega|spe|1\n|upkeep\n|turn|6\n|\n|t:|1733896165\n|move|p1a: Yanmega|Bug Buzz|p2a: Chimecho\n|-supereffective|p2a: Chimecho\n|-damage|p2a: Chimecho|77/290\n|move|p2a: Chimecho|Recover|p2a: Chimecho\n|-heal|p2a: Chimecho|222/290\n|\n|-heal|p2a: Chimecho|240/290|[from] item: Leftovers\n|-ability|p1a: Yanmega|Speed Boost|boost\n|-boost|p1a: Yanmega|spe|1\n|upkeep\n|turn|7\n|\n|t:|1733896179\n|move|p1a: Yanmega|Bug Buzz|p2a: Chimecho\n|-supereffective|p2a: Chimecho\n|-damage|p2a: Chimecho|178/290\n|move|p2a: Chimecho|Cosmic Power|p2a: Chimecho\n|-boost|p2a: Chimecho|def|1\n|-boost|p2a: Chimecho|spd|1\n|\n|-heal|p2a: Chimecho|196/290|[from] item: Leftovers\n|upkeep\n|turn|8\n|\n|t:|1733896190\n|move|p1a: Yanmega|Air Slash|p2a: Chimecho\n|-damage|p2a: Chimecho|172/290\n|move|p2a: Chimecho|Cosmic Power|p2a: Chimecho\n|-boost|p2a: Chimecho|def|1\n|-boost|p2a: Chimecho|spd|1\n|\n|-heal|p2a: Chimecho|190/290|[from] item: Leftovers\n|upkeep\n|turn|9\n|\n|t:|1733896202\n|move|p1a: Yanmega|Tera Blast|p2a: Chimecho\n|-damage|p2a: Chimecho|175/290\n|move|p2a: Chimecho|Recover|p2a: Chimecho\n|-heal|p2a: Chimecho|290/290\n|\n|upkeep\n|turn|10\n|\n|t:|1733896214\n|-terastallize|p1a: Yanmega|Ground\n|move|p1a: Yanmega|Bug Buzz|p2a: Chimecho\n|-supereffective|p2a: Chimecho\n|-damage|p2a: Chimecho|240/290\n|move|p2a: Chimecho|Stored Power|p1a: Yanmega\n|-damage|p1a: Yanmega|0 fnt\n|faint|p1a: Yanmega\n|\n|-heal|p2a: Chimecho|258/290|[from] item: Leftovers\n|upkeep\n|\n|t:|1733896229\n|switch|p1a: Plusle|Plusle, L95, F|268/268\n|turn|11\n|\n|t:|1733896235\n|move|p1a: Plusle|Alluring Voice|p2a: Chimecho\n|-damage|p2a: Chimecho|237/290\n|-damage|p1a: Plusle|242/268|[from] item: Life Orb\n|move|p2a: Chimecho|Stored Power|p1a: Plusle\n|-damage|p1a: Plusle|0 fnt\n|faint|p1a: Plusle\n|\n|-heal|p2a: Chimecho|255/290|[from] item: Leftovers\n|upkeep\n|\n|t:|1733896247\n|switch|p1a: Cyclizar|Cyclizar, L83, M|252/252\n|turn|12\n|\n|t:|1733896254\n|move|p1a: Cyclizar|Shed Tail|p1a: Cyclizar\n|-start|p1a: Cyclizar|Substitute|[from] move: Shed Tail\n|-damage|p1a: Cyclizar|126/252\n|\n|t:|1733896263\n|switch|p1a: Ceruledge|Ceruledge, L78, F|245/245|[from] Shed Tail\n|move|p2a: Chimecho|Stored Power|p1a: Ceruledge\n|-end|p1a: Ceruledge|Substitute\n|\n|-heal|p2a: Chimecho|273/290|[from] item: Leftovers\n|upkeep\n|turn|13\n|\n|t:|1733896277\n|move|p1a: Ceruledge|Shadow Sneak|p2a: Chimecho\n|-supereffective|p2a: Chimecho\n|-damage|p2a: Chimecho|253/290\n|move|p2a: Chimecho|Stored Power|p1a: Ceruledge\n|-damage|p1a: Ceruledge|0 fnt\n|faint|p1a: Ceruledge\n|\n|-heal|p2a: Chimecho|271/290|[from] item: Leftovers\n|upkeep\n|\n|t:|1733896287\n|switch|p1a: Ariados|Ariados, L95, M|287/287\n|turn|14\n|\n|t:|1733896293\n|move|p2a: Chimecho|Stored Power|p1a: Ariados\n|-supereffective|p1a: Ariados\n|-damage|p1a: Ariados|0 fnt\n|faint|p1a: Ariados\n|\n|-heal|p2a: Chimecho|289/290|[from] item: Leftovers\n|upkeep\n|l|\u2606Xerstoren\n|player|p1|\n|inactive|Battle timer is ON: inactive players will automatically lose when time's up. (requested by Modilazar_YT)\n|inactive|Xerstoren has 30 seconds to reconnect!\n|inactive|Xerstoren has 20 seconds to reconnect!\n|inactive|Xerstoren has 15 seconds to reconnect!\n|inactive|Xerstoren has 10 seconds to reconnect!\n|inactive|Xerstoren has 5 seconds to reconnect!\n|-message|Xerstoren lost due to inactivity.\n|\n|win|Modilazar_YT\n|raw|Xerstoren's rating: 1000 &rarr; <strong>1000</strong><br />(+0 for losing)\n|raw|Modilazar_YT's rating: 1040 &rarr; <strong>1070</strong><br />(+30 for winning)\n", "inputlog": ">version bfd83cad13791eb5a5a409923076391caf6fb4d4\n>start {\"formatid\":\"gen9randombattle\",\"seed\":[36308,18419,13770,12061],\"rated\":\"Rated battle\"}\n>player p1 {\"name\":\"Xerstoren\",\"avatar\":\"hugh\",\"rating\":1000,\"seed\":[14537,59052,59493,48022]}\n>player p2 {\"name\":\"Modilazar_YT\",\"avatar\":\"lucas\",\"rating\":1040,\"seed\":[49784,9288,9832,22876]}\n>p1 move airslash\n>p2 move cosmicpower\n>p1 move bugbuzz\n>p2 move cosmicpower\n>p1 move terablast\n>p2 move recover\n>p1 move bugbuzz\n>p2 move cosmicpower\n>p1 move bugbuzz\n>p2 move cosmicpower\n>p1 move bugbuzz\n>p2 move recover\n>p1 move bugbuzz\n>p2 move cosmicpower\n>p1 move airslash\n>p2 move cosmicpower\n>p1 move terablast\n>p2 move recover\n>p1 move bugbuzz terastallize\n>p2 move storedpower\n>p1 switch 6\n>p1 move alluringvoice\n>p2 move storedpower\n>p1 switch 4\n>p1 move shedtail\n>p2 move storedpower\n>p1 switch 3\n>p1 move shadowsneak\n>p2 move storedpower\n>p1 switch 5\n>p1 move stickyweb\n>p2 move storedpower\n>forcelose p1", "uploadtime": 1733896420, "views": 1, "formatid": "gen9randombattle", "rating": 1000, "private": 0, "password": null}