{"id": "gen9randombattle-2260499751", "format": "[Gen 9] Random Battle", "players": ["scolipede44", "LTR098"], "log": "|j|\u2606scolipede44\n|j|\u2606LTR098\n|t:|1733857550\n|gametype|singles\n|player|p1|scolipede44|marshal|1494\n|player|p2|LTR098|170|1545\n|teamsize|p1|6\n|teamsize|p2|6\n|gen|9\n|tier|[Gen 9] Random Battle\n|rated|\n|rule|Species Clause: Limit one of each Pok\u00e9mon\n|rule|HP Percentage Mod: HP is shown in percentages\n|rule|Sleep Clause Mod: Limit one foe put to sleep\n|rule|Illusion Level Mod: Illusion disguises the Pok\u00e9mon's true level\n|\n|t:|1733857550\n|start\n|switch|p1a: Sceptile|Sceptile, L87, M|264/264\n|switch|p2a: Arceus|Arceus-Dark, L71|288/288\n|turn|1\n|inactive|Battle timer is ON: inactive players will automatically lose when time's up. (requested by LTR098)\n|inactive|scolipede44 also wants the timer to be on.\n|\n|t:|1733857570\n|switch|p1a: Perrserker|Perrserker, L89, F|269/269\n|switch|p2a: Meowstic|Meowstic, L89, M|277/277\n|\n|upkeep\n|turn|2\n|\n|t:|1733857576\n|move|p2a: Meowstic|Reflect|p2a: Meowstic\n|-sidestart|p2: LTR098|Reflect\n|move|p1a: Perrserker|Knock Off|p2a: Meowstic\n|-supereffective|p2a: Meowstic\n|-damage|p2a: Meowstic|135/277\n|-enditem|p2a: Meowstic|Light Clay|[from] move: Knock Off|[of] p1a: Perrserker\n|-damage|p1a: Perrserker|243/269|[from] item: Life Orb\n|\n|upkeep\n|turn|3\n|\n|t:|1733857580\n|move|p2a: Meowstic|Thunder Wave|p1a: Perrserker\n|-status|p1a: Perrserker|par\n|cant|p1a: Perrserker|par\n|\n|upkeep\n|turn|4\n|\n|t:|1733857585\n|switch|p2a: Infernape|Infernape, L82, F|259/259\n|move|p1a: Perrserker|Stealth Rock|p2a: Infernape\n|-sidestart|p2: LTR098|move: Stealth Rock\n|\n|upkeep\n|turn|5\n|\n|t:|1733857598\n|switch|p1a: Volcanion|Volcanion, L79|256/256\n|move|p2a: Infernape|Overheat|p1a: Volcanion\n|-resisted|p1a: Volcanion\n|-damage|p1a: Volcanion|208/256\n|-unboost|p2a: Infernape|spa|2\n|-damage|p2a: Infernape|234/259|[from] item: Life Orb\n|\n|upkeep\n|turn|6\n|\n|t:|1733857621\n|switch|p2a: Meowstic|Meowstic, L89, M|135/277\n|-damage|p2a: Meowstic|101/277|[from] Stealth Rock\n|move|p1a: Volcanion|Steam Eruption|p2a: Meowstic\n|-damage|p2a: Meowstic|0 fnt\n|faint|p2a: Meowstic\n|\n|upkeep\n|\n|t:|1733857623\n|switch|p2a: Raging Bolt|Raging Bolt, L78|323/323\n|-damage|p2a: Raging Bolt|283/323|[from] Stealth Rock\n|turn|7\n|\n|t:|1733857642\n|switch|p1a: Sceptile|Sceptile, L87, M|264/264\n|move|p2a: Raging Bolt|Thunderbolt|p1a: Sceptile\n|-resisted|p1a: Sceptile\n|-damage|p1a: Sceptile|210/264\n|-status|p1a: Sceptile|par\n|\n|upkeep\n|turn|8\n|\n|t:|1733857649\n|move|p2a: Raging Bolt|Draco Meteor|p1a: Sceptile\n|-damage|p1a: Sceptile|42/264 par\n|-unboost|p2a: Raging Bolt|spa|2\n|move|p1a: Sceptile|Shed Tail|p1a: Sceptile\n|-fail|p1a: Sceptile|move: Shed Tail|[weak]\n|\n|upkeep\n|turn|9\n|\n|t:|1733857655\n|move|p2a: Raging Bolt|Thunderbolt|p1a: Sceptile\n|-resisted|p1a: Sceptile\n|-damage|p1a: Sceptile|16/264 par\n|cant|p1a: Sceptile|par\n|\n|-sideend|p2: LTR098|Reflect\n|upkeep\n|turn|10\n|\n|t:|1733857659\n|move|p2a: Raging Bolt|Thunderbolt|p1a: Sceptile\n|-resisted|p1a: Sceptile\n|-damage|p1a: Sceptile|0 fnt\n|faint|p1a: Sceptile\n|\n|upkeep\n|\n|t:|1733857665\n|switch|p1a: Cetitan|Cetitan, L82, F|412/412\n|turn|11\n|\n|t:|1733857673\n|-end|p2a: Raging Bolt|Protosynthesis|[silent]\n|switch|p2a: Infernape|Infernape, L82, F|234/259\n|-damage|p2a: Infernape|202/259|[from] Stealth Rock\n|move|p1a: Cetitan|Belly Drum|p1a: Cetitan\n|-damage|p1a: Cetitan|206/412\n|-setboost|p1a: Cetitan|atk|6|[from] move: Belly Drum\n|-enditem|p1a: Cetitan|Sitrus Berry|[eat]\n|-heal|p1a: Cetitan|309/412|[from] item: Sitrus Berry\n|\n|upkeep\n|turn|12\n|\n|t:|1733857700\n|move|p2a: Infernape|Overheat|p1a: Cetitan\n|-supereffective|p1a: Cetitan\n|-damage|p1a: Cetitan|33/412\n|-unboost|p2a: Infernape|spa|2\n|-damage|p2a: Infernape|177/259|[from] item: Life Orb\n|move|p1a: Cetitan|Earthquake|p2a: Infernape\n|-supereffective|p2a: Infernape\n|-damage|p2a: Infernape|0 fnt\n|faint|p2a: Infernape\n|\n|upkeep\n|\n|t:|1733857710\n|switch|p2a: Raging Bolt|Raging Bolt, L78|283/323\n|-damage|p2a: Raging Bolt|243/323|[from] Stealth Rock\n|turn|13\n|\n|t:|1733857714\n|move|p1a: Cetitan|Ice Shard|p2a: Raging Bolt\n|-supereffective|p2a: Raging Bolt\n|-damage|p2a: Raging Bolt|0 fnt\n|faint|p2a: Raging Bolt\n|-end|p2a: Raging Bolt|Protosynthesis|[silent]\n|\n|upkeep\n|\n|t:|1733857730\n|switch|p2a: Kingambit|Kingambit, L74, F|270/270\n|-damage|p2a: Kingambit|254/270|[from] Stealth Rock\n|-activate|p2a: Kingambit|ability: Supreme Overlord\n|-start|p2a: Kingambit|fallen3|[silent]\n|turn|14\n|\n|t:|1733857736\n|move|p2a: Kingambit|Sucker Punch|p1a: Cetitan\n|-damage|p1a: Cetitan|0 fnt\n|faint|p1a: Cetitan\n|\n|-heal|p2a: Kingambit|270/270|[from] item: Leftovers\n|upkeep\n|\n|t:|1733857739\n|switch|p1a: Arcanine|Arcanine, L84, F|288/288\n|-ability|p1a: Arcanine|Intimidate|boost\n|-unboost|p2a: Kingambit|atk|1\n|turn|15\n|\n|t:|1733857745\n|-end|p2a: Kingambit|fallen3|[silent]\n|switch|p2a: Piloswine|Piloswine, L85, M|309/309\n|-damage|p2a: Piloswine|271/309|[from] Stealth Rock\n|move|p1a: Arcanine|Will-O-Wisp|p2a: Piloswine\n|-status|p2a: Piloswine|brn\n|\n|-damage|p2a: Piloswine|252/309 brn|[from] brn\n|upkeep\n|turn|16\n|\n|t:|1733857757\n|switch|p1a: Inteleon|Inteleon, L81, F|246/246\n|move|p2a: Piloswine|Stealth Rock|p1a: Inteleon\n|-sidestart|p1: scolipede44|move: Stealth Rock\n|\n|-damage|p2a: Piloswine|233/309 brn|[from] brn\n|upkeep\n|turn|17\n|\n|t:|1733857767\n|move|p1a: Inteleon|Hydro Pump|p2a: Piloswine\n|-supereffective|p2a: Piloswine\n|-damage|p2a: Piloswine|0 fnt\n|faint|p2a: Piloswine\n|\n|upkeep\n|\n|t:|1733857769\n|switch|p2a: Arceus|Arceus-Dark, L71|288/288\n|-damage|p2a: Arceus|252/288|[from] Stealth Rock\n|turn|18\n|\n|t:|1733857774\n|move|p1a: Inteleon|Hydro Pump|p2a: Arceus\n|-damage|p2a: Arceus|68/288\n|move|p2a: Arceus|Calm Mind|p2a: Arceus\n|-boost|p2a: Arceus|spa|1\n|-boost|p2a: Arceus|spd|1\n|\n|upkeep\n|turn|19\n|\n|t:|1733857780\n|move|p1a: Inteleon|Hydro Pump|p2a: Arceus\n|-damage|p2a: Arceus|0 fnt\n|faint|p2a: Arceus\n|\n|upkeep\n|\n|t:|1733857782\n|switch|p2a: Kingambit|Kingambit, L74, F|270/270\n|-damage|p2a: Kingambit|254/270|[from] Stealth Rock\n|-activate|p2a: Kingambit|ability: Supreme Overlord\n|-start|p2a: Kingambit|fallen5|[silent]\n|turn|20\n|\n|t:|1733857791\n|move|p1a: Inteleon|Hydro Pump|p2a: Kingambit|[miss]\n|-miss|p1a: Inteleon|p2a: Kingambit\n|move|p2a: Kingambit|Swords Dance|p2a: Kingambit\n|-boost|p2a: Kingambit|atk|2\n|\n|-heal|p2a: Kingambit|270/270|[from] item: Leftovers\n|upkeep\n|turn|21\n|\n|t:|1733857796\n|move|p2a: Kingambit|Sucker Punch|p1a: Inteleon\n|-damage|p1a: Inteleon|0 fnt\n|faint|p1a: Inteleon\n|\n|upkeep\n|\n|t:|1733857800\n|switch|p1a: Arcanine|Arcanine, L84, F|288/288\n|-ability|p1a: Arcanine|Intimidate|boost\n|-unboost|p2a: Kingambit|atk|1\n|turn|22\n|\n|t:|1733857809\n|move|p1a: Arcanine|Will-O-Wisp|p2a: Kingambit\n|-status|p2a: Kingambit|brn\n|move|p2a: Kingambit|Kowtow Cleave|p1a: Arcanine\n|-damage|p1a: Arcanine|174/288\n|\n|-damage|p2a: Kingambit|254/270 brn|[from] brn\n|upkeep\n|turn|23\n|\n|t:|1733857819\n|switch|p1a: Perrserker|Perrserker, L89, F|243/269 par\n|-damage|p1a: Perrserker|227/269 par|[from] Stealth Rock\n|move|p2a: Kingambit|Sucker Punch||[still]\n|-fail|p2a: Kingambit\n|\n|-heal|p2a: Kingambit|270/270 brn|[from] item: Leftovers\n|-damage|p2a: Kingambit|254/270 brn|[from] brn\n|upkeep\n|turn|24\n|\n|t:|1733857825\n|-terastallize|p2a: Kingambit|Flying\n|move|p2a: Kingambit|Swords Dance|p2a: Kingambit\n|-boost|p2a: Kingambit|atk|2\n|move|p1a: Perrserker|Close Combat|p2a: Kingambit\n|-resisted|p2a: Kingambit\n|-damage|p2a: Kingambit|176/270 brn\n|-unboost|p1a: Perrserker|def|1\n|-unboost|p1a: Perrserker|spd|1\n|-damage|p1a: Perrserker|201/269 par|[from] item: Life Orb\n|\n|-heal|p2a: Kingambit|192/270 brn|[from] item: Leftovers\n|-damage|p2a: Kingambit|176/270 brn|[from] brn\n|upkeep\n|turn|25\n|\n|t:|1733857837\n|move|p2a: Kingambit|Swords Dance|p2a: Kingambit\n|-boost|p2a: Kingambit|atk|2\n|move|p1a: Perrserker|Knock Off|p2a: Kingambit\n|-damage|p2a: Kingambit|41/270 brn\n|-enditem|p2a: Kingambit|Leftovers|[from] move: Knock Off|[of] p1a: Perrserker\n|-damage|p1a: Perrserker|175/269 par|[from] item: Life Orb\n|\n|-damage|p2a: Kingambit|25/270 brn|[from] brn\n|upkeep\n|turn|26\n|\n|t:|1733857853\n|move|p2a: Kingambit|Kowtow Cleave|p1a: Perrserker\n|-damage|p1a: Perrserker|0 fnt\n|faint|p1a: Perrserker\n|\n|-damage|p2a: Kingambit|9/270 brn|[from] brn\n|upkeep\n|\n|t:|1733857855\n|switch|p1a: Arcanine|Arcanine, L84, F|174/288\n|-ability|p1a: Arcanine|Intimidate|boost\n|-unboost|p2a: Kingambit|atk|1\n|turn|27\n|\n|t:|1733857858\n|move|p2a: Kingambit|Sucker Punch||[still]\n|-fail|p2a: Kingambit\n|move|p1a: Arcanine|Morning Sun|p1a: Arcanine\n|-heal|p1a: Arcanine|288/288\n|\n|-damage|p2a: Kingambit|0 fnt|[from] brn\n|faint|p2a: Kingambit\n|-end|p2a: Kingambit|fallen5|[silent]\n|\n|win|scolipede44\n|upkeep\n|raw|scolipede44's rating: 1494 &rarr; <strong>1517</strong><br />(+23 for winning)\n|raw|LTR098's rating: 1545 &rarr; <strong>1522</strong><br />(-23 for losing)\n|l|\u2606LTR098\n|player|p2|\n|c|\u2606scolipede44|gg\n", "inputlog": ">version bfd83cad13791eb5a5a409923076391caf6fb4d4\n>start {\"formatid\":\"gen9randombattle\",\"seed\":[28278,36582,40257,30052],\"rated\":\"Rated battle\"}\n>player p1 {\"name\":\"scolipede44\",\"avatar\":\"marshal\",\"rating\":1494,\"seed\":[33396,40257,32386,1953]}\n>player p2 {\"name\":\"LTR098\",\"avatar\":\"170\",\"rating\":1545,\"seed\":[23833,20801,60664,4]}\n>p1 switch 2\n>p2 switch 3\n>p1 move knockoff\n>p2 move reflect\n>p1 move stealthrock\n>p2 move thunderwave\n>p1 move stealthrock\n>p2 switch 4\n>p1 switch 5\n>p2 move overheat\n>p1 move steameruption\n>p2 switch 4\n>p2 switch 5\n>p1 switch 2\n>p2 move thunderbolt\n>p1 move shedtail\n>p2 move dracometeor\n>p1 move earthquake\n>p2 move thunderbolt\n>p1 move earthquake\n>p2 move thunderbolt\n>p1 switch 6\n>p1 move bellydrum\n>p2 switch 4\n>p1 move earthquake\n>p2 move overheat\n>p2 switch 4\n>p1 move iceshard\n>p2 move thunderclap\n>p2 switch 2\n>p1 move earthquake\n>p2 move suckerpunch\n>p1 switch 3\n>p1 move willowisp\n>p2 switch 6\n>p1 switch 4\n>p2 move stealthrock\n>p1 move hydropump\n>p2 move roar\n>p2 switch 3\n>p1 move hydropump\n>p2 move calmmind\n>p1 move hydropump\n>p2 move judgment\n>p2 switch 6\n>p1 move hydropump\n>p2 move swordsdance\n>p1 move hydropump\n>p2 move suckerpunch\n>p1 switch 4\n>p1 move willowisp\n>p2 move kowtowcleave\n>p1 switch 5\n>p2 move suckerpunch\n>p1 move closecombat\n>p2 move swordsdance terastallize\n>p1 move knockoff\n>p2 move swordsdance\n>p1 move ironhead\n>p2 move kowtowcleave\n>p1 switch 5\n>p1 move morningsun\n>p2 move suckerpunch", "uploadtime": 1733857867, "views": 8, "formatid": "gen9randombattle", "rating": 1517, "private": 0, "password": null}