{"id": "gen9randombattle-2260346339", "format": "[Gen 9] Random Battle", "players": ["vvuu", "5miao"], "log": "|j|\u2606vvuu\n|j|\u26065miao\n|t:|1733842422\n|gametype|singles\n|player|p1|vvuu|pokemonbreederf-gen4|1577\n|player|p2|5miao|170|1562\n|teamsize|p1|6\n|teamsize|p2|6\n|gen|9\n|tier|[Gen 9] Random Battle\n|rated|\n|rule|Species Clause: Limit one of each Pok\u00e9mon\n|rule|HP Percentage Mod: HP is shown in percentages\n|rule|Sleep Clause Mod: Limit one foe put to sleep\n|rule|Illusion Level Mod: Illusion disguises the Pok\u00e9mon's true level\n|\n|t:|1733842422\n|start\n|switch|p1a: Sableye|Sableye, L89, M|234/234\n|switch|p2a: Raging Bolt|Raging Bolt, L78|323/323\n|turn|1\n|\n|t:|1733842435\n|-end|p2a: Raging Bolt|Protosynthesis|[silent]\n|switch|p2a: Lokix|Lokix, L82, F|251/251\n|move|p1a: Sableye|Knock Off|p2a: Lokix\n|-resisted|p2a: Lokix\n|-damage|p2a: Lokix|197/251\n|-enditem|p2a: Lokix|Life Orb|[from] move: Knock Off|[of] p1a: Sableye\n|\n|upkeep\n|turn|2\n|inactive|Battle timer is ON: inactive players will automatically lose when time's up. (requested by 5miao)\n|\n|t:|1733842447\n|switch|p1a: Rhyperior|Rhyperior, L82, M|323/323\n|move|p2a: Lokix|Swords Dance|p2a: Lokix\n|-boost|p2a: Lokix|atk|2\n|\n|upkeep\n|turn|3\n|\n|t:|1733842457\n|switch|p2a: Iron Leaves|Iron Leaves, L80|275/275\n|move|p1a: Rhyperior|Stone Edge|p2a: Iron Leaves\n|-damage|p2a: Iron Leaves|131/275\n|\n|upkeep\n|turn|4\n|\n|t:|1733842470\n|switch|p1a: Sableye|Sableye, L89, M|234/234\n|move|p2a: Iron Leaves|Leaf Blade|p1a: Sableye\n|-damage|p1a: Sableye|81/234\n|-damage|p2a: Iron Leaves|104/275|[from] item: Life Orb\n|\n|-heal|p1a: Sableye|95/234|[from] item: Leftovers\n|upkeep\n|turn|5\n|\n|t:|1733842475\n|move|p1a: Sableye|Recover|p1a: Sableye\n|-heal|p1a: Sableye|212/234\n|move|p2a: Iron Leaves|Leaf Blade|p1a: Sableye\n|-damage|p1a: Sableye|48/234\n|-damage|p2a: Iron Leaves|77/275|[from] item: Life Orb\n|\n|-heal|p1a: Sableye|62/234|[from] item: Leftovers\n|upkeep\n|turn|6\n|\n|t:|1733842482\n|-end|p2a: Iron Leaves|Quark Drive|[silent]\n|switch|p2a: Lokix|Lokix, L82, F|197/251\n|move|p1a: Sableye|Recover|p1a: Sableye\n|-heal|p1a: Sableye|179/234\n|\n|-heal|p1a: Sableye|193/234|[from] item: Leftovers\n|upkeep\n|turn|7\n|\n|t:|1733842501\n|switch|p1a: Rhyperior|Rhyperior, L82, M|323/323\n|move|p2a: Lokix|Knock Off|p1a: Rhyperior\n|-damage|p1a: Rhyperior|251/323\n|-enditem|p1a: Rhyperior|Weakness Policy|[from] move: Knock Off|[of] p2a: Lokix\n|\n|upkeep\n|turn|8\n|\n|t:|1733842517\n|switch|p2a: Drednaw|Drednaw, L81, M|278/278\n|move|p1a: Rhyperior|Rock Polish|p1a: Rhyperior\n|-boost|p1a: Rhyperior|spe|2\n|\n|upkeep\n|turn|9\n|\n|t:|1733842523\n|move|p1a: Rhyperior|Earthquake|p2a: Drednaw\n|-supereffective|p2a: Drednaw\n|-damage|p2a: Drednaw|14/278\n|move|p2a: Drednaw|Liquidation|p1a: Rhyperior\n|-supereffective|p1a: Rhyperior\n|-damage|p1a: Rhyperior|23/323\n|\n|upkeep\n|turn|10\n|\n|t:|1733842530\n|move|p1a: Rhyperior|Earthquake|p2a: Drednaw\n|-supereffective|p2a: Drednaw\n|-damage|p2a: Drednaw|0 fnt\n|faint|p2a: Drednaw\n|\n|upkeep\n|\n|t:|1733842534\n|switch|p2a: Lokix|Lokix, L82, F|197/251\n|turn|11\n|\n|t:|1733842539\n|move|p2a: Lokix|Sucker Punch|p1a: Rhyperior\n|-damage|p1a: Rhyperior|0 fnt\n|faint|p1a: Rhyperior\n|\n|upkeep\n|\n|t:|1733842554\n|switch|p1a: Necrozma|Necrozma-Dusk-Mane, L69|248/248\n|turn|12\n|\n|t:|1733842562\n|switch|p2a: Lumineon|Lumineon, L93, F|279/279\n|move|p1a: Necrozma|Dragon Dance|p1a: Necrozma\n|-boost|p1a: Necrozma|atk|1\n|-boost|p1a: Necrozma|spe|1\n|\n|upkeep\n|turn|13\n|\n|t:|1733842572\n|switch|p1a: Meloetta|Meloetta, L82|298/298\n|move|p2a: Lumineon|Encore||[still]\n|-fail|p2a: Lumineon\n|\n|upkeep\n|turn|14\n|\n|t:|1733842579\n|move|p2a: Lumineon|U-turn|p1a: Meloetta\n|-supereffective|p1a: Meloetta\n|-damage|p1a: Meloetta|186/298\n|\n|t:|1733842583\n|switch|p2a: Iron Leaves|Iron Leaves, L80|77/275|[from] U-turn\n|move|p1a: Meloetta|Hyper Voice|p2a: Iron Leaves\n|-damage|p2a: Iron Leaves|0 fnt\n|faint|p2a: Iron Leaves\n|-end|p2a: Iron Leaves|Quark Drive|[silent]\n|-damage|p1a: Meloetta|157/298|[from] item: Life Orb\n|\n|upkeep\n|\n|t:|1733842586\n|switch|p2a: Cinderace|Cinderace, L77, F|249/249\n|turn|15\n|\n|t:|1733842603\n|switch|p1a: Floatzel|Floatzel, L85, M|283/283\n|move|p2a: Cinderace|Pyro Ball|p1a: Floatzel\n|-resisted|p1a: Floatzel\n|-damage|p1a: Floatzel|192/283\n|\n|upkeep\n|turn|16\n|\n|t:|1733842609\n|switch|p2a: Lumineon|Lumineon, L93, F|279/279\n|move|p1a: Floatzel|Flip Turn|p2a: Lumineon\n|-ability|p2a: Lumineon|Storm Drain|boost\n|-boost|p2a: Lumineon|spa|1\n|\n|upkeep\n|turn|17\n|\n|t:|1733842614\n|switch|p1a: Meloetta|Meloetta, L82|157/298\n|move|p2a: Lumineon|Hydro Pump|p1a: Meloetta\n|-crit|p1a: Meloetta\n|-damage|p1a: Meloetta|0 fnt\n|faint|p1a: Meloetta\n|\n|upkeep\n|\n|t:|1733842628\n|switch|p1a: Sableye|Sableye, L89, M|193/234\n|turn|18\n|\n|t:|1733842636\n|switch|p2a: Lokix|Lokix, L82, F|197/251\n|move|p1a: Sableye|Knock Off|p2a: Lokix\n|-resisted|p2a: Lokix\n|-damage|p2a: Lokix|162/251\n|\n|-heal|p1a: Sableye|207/234|[from] item: Leftovers\n|upkeep\n|turn|19\n|\n|t:|1733842642\n|switch|p1a: Necrozma|Necrozma-Dusk-Mane, L69|248/248\n|move|p2a: Lokix|Swords Dance|p2a: Lokix\n|-boost|p2a: Lokix|atk|2\n|\n|upkeep\n|turn|20\n|\n|t:|1733842648\n|-terastallize|p1a: Necrozma|Ground\n|move|p2a: Lokix|Leech Life|p1a: Necrozma\n|-damage|p1a: Necrozma|94/248\n|-heal|p2a: Lokix|239/251|[from] drain|[of] p1a: Necrozma\n|move|p1a: Necrozma|Dragon Dance|p1a: Necrozma\n|-boost|p1a: Necrozma|atk|1\n|-boost|p1a: Necrozma|spe|1\n|\n|upkeep\n|turn|21\n|\n|t:|1733842655\n|move|p2a: Lokix|Sucker Punch|p1a: Necrozma\n|-damage|p1a: Necrozma|0 fnt\n|faint|p1a: Necrozma\n|\n|upkeep\n|-message|vvuu forfeited.\n|\n|win|5miao\n|raw|vvuu's rating: 1577 &rarr; <strong>1556</strong><br />(-21 for losing)\n|raw|5miao's rating: 1562 &rarr; <strong>1583</strong><br />(+21 for winning)\n|l|\u2606vvuu\n|player|p1|\n", "inputlog": ">version bfd83cad13791eb5a5a409923076391caf6fb4d4\n>start {\"formatid\":\"gen9randombattle\",\"seed\":[22424,63013,53024,8685],\"rated\":\"Rated battle\"}\n>player p1 {\"name\":\"vvuu\",\"avatar\":\"pokemonbreederf-gen4\",\"rating\":1577,\"seed\":[17806,39934,11517,43127]}\n>player p2 {\"name\":\"5miao\",\"avatar\":\"170\",\"rating\":1562,\"seed\":[57235,44872,56788,53494]}\n>p1 move knockoff\n>p2 switch 6\n>p1 switch 4\n>p2 move swordsdance\n>p1 move stoneedge\n>p2 switch 3\n>p1 switch 4\n>p2 move leafblade\n>p1 move recover\n>p2 move leafblade\n>p1 move recover\n>p2 switch 3\n>p1 switch 4\n>p2 move knockoff\n>p1 move rockpolish\n>p2 switch 2\n>p1 move earthquake\n>p2 move liquidation\n>p1 move earthquake\n>p2 move liquidation\n>p2 switch 2\n>p1 move stoneedge\n>p2 move suckerpunch\n>p1 switch 5\n>p1 move dragondance\n>p2 switch 4\n>p1 switch 2\n>p2 move encore\n>p1 move hypervoice\n>p2 move uturn\n>p2 switch 3\n>p2 switch 5\n>p1 switch 3\n>p2 move pyroball\n>p1 move flipturn\n>p2 switch 3\n>p1 switch 3\n>p2 move hydropump\n>p1 switch 4\n>p1 move knockoff\n>p2 switch 4\n>p1 switch 2\n>p2 move swordsdance\n>p1 move dragondance terastallize\n>p2 move leechlife\n>p1 move sunsteelstrike\n>p2 move suckerpunch\n>forcelose p1", "uploadtime": 1733842661, "views": 1, "formatid": "gen9randombattle", "rating": 1556, "private": 0, "password": null}