{"id": "gen9randombattle-2260480439", "format": "[Gen 9] Random Battle", "players": ["scolipede44", "Shawn TT Showbiz"], "log": "|j|\u2606scolipede44\n|j|\u2606Shawn TT Showbiz\n|t:|1733855701\n|gametype|singles\n|player|p1|scolipede44|marshal|1450\n|player|p2|Shawn TT Showbiz|169|1505\n|teamsize|p1|6\n|teamsize|p2|6\n|gen|9\n|tier|[Gen 9] Random Battle\n|rated|\n|rule|Species Clause: Limit one of each Pok\u00e9mon\n|rule|HP Percentage Mod: HP is shown in percentages\n|rule|Sleep Clause Mod: Limit one foe put to sleep\n|rule|Illusion Level Mod: Illusion disguises the Pok\u00e9mon's true level\n|\n|t:|1733855701\n|start\n|switch|p1a: Tatsugiri|Tatsugiri-Droopy, L87, M|260/260\n|switch|p2a: Rhyperior|Rhyperior, L82, F|323/323\n|turn|1\n|inactive|Battle timer is ON: inactive players will automatically lose when time's up. (requested by scolipede44)\n|\n|t:|1733855718\n|switch|p2a: Scovillain|Scovillain, L91, F|266/266\n|move|p1a: Tatsugiri|Rapid Spin|p2a: Scovillain\n|-damage|p2a: Scovillain|238/266\n|-boost|p1a: Tatsugiri|spe|1\n|\n|-heal|p2a: Scovillain|254/266|[from] item: Leftovers\n|upkeep\n|turn|2\n|\n|t:|1733855735\n|move|p1a: Tatsugiri|Nasty Plot|p1a: Tatsugiri\n|-boost|p1a: Tatsugiri|spa|2\n|move|p2a: Scovillain|Leech Seed|p1a: Tatsugiri\n|-start|p1a: Tatsugiri|move: Leech Seed\n|\n|-heal|p2a: Scovillain|266/266|[from] item: Leftovers\n|-damage|p1a: Tatsugiri|228/260|[from] Leech Seed|[of] p2a: Scovillain\n|upkeep\n|turn|3\n|\n|t:|1733855743\n|move|p1a: Tatsugiri|Draco Meteor|p2a: Scovillain\n|-crit|p2a: Scovillain\n|-damage|p2a: Scovillain|0 fnt\n|-unboost|p1a: Tatsugiri|spa|2\n|faint|p2a: Scovillain\n|\n|upkeep\n|\n|t:|1733855756\n|switch|p2a: Seviper|Seviper, L93, F|287/287\n|turn|4\n|\n|t:|1733855768\n|move|p1a: Tatsugiri|Draco Meteor|p2a: Seviper\n|-damage|p2a: Seviper|89/287\n|-unboost|p1a: Tatsugiri|spa|2\n|move|p2a: Seviper|Glare|p1a: Tatsugiri\n|-status|p1a: Tatsugiri|par\n|\n|-damage|p1a: Tatsugiri|196/260 par|[from] Leech Seed|[of] p2a: Seviper\n|-heal|p2a: Seviper|121/287|[silent]\n|upkeep\n|turn|5\n|\n|t:|1733855777\n|move|p2a: Seviper|Gunk Shot|p1a: Tatsugiri\n|-damage|p1a: Tatsugiri|0 fnt\n|faint|p1a: Tatsugiri\n|-damage|p2a: Seviper|93/287|[from] item: Life Orb\n|\n|upkeep\n|\n|t:|1733855787\n|switch|p1a: Pincurchin|Pincurchin, F|258/258\n|-fieldstart|move: Electric Terrain|[from] ability: Electric Surge|[of] p1a: Pincurchin\n|turn|6\n|\n|t:|1733855794\n|move|p2a: Seviper|Earthquake|p1a: Pincurchin\n|-supereffective|p1a: Pincurchin\n|-damage|p1a: Pincurchin|66/258\n|-damage|p2a: Seviper|65/287|[from] item: Life Orb\n|move|p1a: Pincurchin|Spikes|p2a: Seviper\n|-sidestart|p2: Shawn TT Showbiz|Spikes\n|\n|-heal|p1a: Pincurchin|82/258|[from] item: Leftovers\n|upkeep\n|turn|7\n|\n|t:|1733855808\n|switch|p1a: Azumarill|Azumarill, L82, M|298/298\n|move|p2a: Seviper|Earthquake|p1a: Azumarill\n|-damage|p1a: Azumarill|168/298\n|-damage|p2a: Seviper|37/287|[from] item: Life Orb\n|\n|upkeep\n|turn|8\n|\n|t:|1733855818\n|move|p1a: Azumarill|Aqua Jet|p2a: Seviper\n|-damage|p2a: Seviper|0 fnt\n|faint|p2a: Seviper\n|\n|upkeep\n|\n|t:|1733855824\n|switch|p2a: Swalot|Swalot, L90, F|326/326\n|-damage|p2a: Swalot|286/326|[from] Spikes\n|turn|9\n|\n|t:|1733855828\n|switch|p1a: Gholdengo|Gholdengo, L77|261/261\n|move|p2a: Swalot|Gunk Shot|p1a: Gholdengo\n|-immune|p1a: Gholdengo\n|\n|-heal|p2a: Swalot|306/326|[from] item: Leftovers\n|upkeep\n|turn|10\n|\n|t:|1733855837\n|move|p1a: Gholdengo|Thunder Wave|p2a: Swalot\n|-status|p2a: Swalot|par\n|cant|p2a: Swalot|par\n|\n|-heal|p2a: Swalot|326/326 par|[from] item: Leftovers\n|-fieldend|move: Electric Terrain\n|upkeep\n|turn|11\n|\n|t:|1733855843\n|move|p1a: Gholdengo|Shadow Ball|p2a: Swalot\n|-damage|p2a: Swalot|235/326 par\n|cant|p2a: Swalot|par\n|\n|-heal|p2a: Swalot|255/326 par|[from] item: Leftovers\n|upkeep\n|turn|12\n|\n|t:|1733855848\n|move|p1a: Gholdengo|Shadow Ball|p2a: Swalot\n|-damage|p2a: Swalot|161/326 par\n|move|p2a: Swalot|Swords Dance|p2a: Swalot\n|-boost|p2a: Swalot|atk|2\n|\n|-heal|p2a: Swalot|181/326 par|[from] item: Leftovers\n|upkeep\n|turn|13\n|\n|t:|1733855853\n|move|p1a: Gholdengo|Shadow Ball|p2a: Swalot\n|-damage|p2a: Swalot|93/326 par\n|-unboost|p2a: Swalot|spd|1\n|cant|p2a: Swalot|par\n|\n|-heal|p2a: Swalot|113/326 par|[from] item: Leftovers\n|upkeep\n|turn|14\n|\n|t:|1733855859\n|move|p1a: Gholdengo|Shadow Ball|p2a: Swalot\n|-damage|p2a: Swalot|0 fnt\n|faint|p2a: Swalot\n|\n|upkeep\n|\n|t:|1733855865\n|switch|p2a: Ting-Lu|Ting-Lu, L78|370/370\n|-damage|p2a: Ting-Lu|324/370|[from] Spikes\n|-ability|p2a: Ting-Lu|Vessel of Ruin\n|turn|15\n|\n|t:|1733855881\n|switch|p1a: Azumarill|Azumarill, L82, M|168/298\n|move|p2a: Ting-Lu|Stealth Rock|p1a: Azumarill\n|-sidestart|p1: scolipede44|move: Stealth Rock\n|\n|-heal|p2a: Ting-Lu|347/370|[from] item: Leftovers\n|upkeep\n|turn|16\n|\n|t:|1733855889\n|-terastallize|p2a: Ting-Lu|Ghost\n|move|p1a: Azumarill|Liquidation|p2a: Ting-Lu\n|-damage|p2a: Ting-Lu|224/370\n|-unboost|p2a: Ting-Lu|def|1\n|move|p2a: Ting-Lu|Earthquake|p1a: Azumarill\n|-damage|p1a: Azumarill|53/298\n|\n|-heal|p2a: Ting-Lu|247/370|[from] item: Leftovers\n|upkeep\n|turn|17\n|\n|t:|1733855897\n|move|p1a: Azumarill|Liquidation|p2a: Ting-Lu\n|-damage|p2a: Ting-Lu|43/370\n|move|p2a: Ting-Lu|Earthquake|p1a: Azumarill\n|-damage|p1a: Azumarill|0 fnt\n|faint|p1a: Azumarill\n|\n|-heal|p2a: Ting-Lu|66/370|[from] item: Leftovers\n|upkeep\n|\n|t:|1733855914\n|switch|p1a: Falinks|Falinks, L84|246/246\n|-damage|p1a: Falinks|231/246|[from] Stealth Rock\n|turn|18\n|\n|t:|1733855921\n|move|p1a: Falinks|No Retreat|p1a: Falinks\n|-boost|p1a: Falinks|atk|1\n|-boost|p1a: Falinks|def|1\n|-boost|p1a: Falinks|spa|1\n|-boost|p1a: Falinks|spd|1\n|-boost|p1a: Falinks|spe|1\n|-start|p1a: Falinks|move: No Retreat\n|move|p2a: Ting-Lu|Spikes|p1a: Falinks\n|-sidestart|p1: scolipede44|Spikes\n|\n|-heal|p2a: Ting-Lu|89/370|[from] item: Leftovers\n|upkeep\n|turn|19\n|\n|t:|1733855928\n|move|p1a: Falinks|Knock Off|p2a: Ting-Lu\n|-supereffective|p2a: Ting-Lu\n|-damage|p2a: Ting-Lu|0 fnt\n|-enditem|p2a: Ting-Lu|Leftovers|[from] move: Knock Off|[of] p1a: Falinks\n|faint|p2a: Ting-Lu\n|-damage|p1a: Falinks|207/246|[from] item: Life Orb\n|\n|upkeep\n|\n|t:|1733855934\n|switch|p2a: Rhyperior|Rhyperior, L82, F|323/323\n|-damage|p2a: Rhyperior|283/323|[from] Spikes\n|turn|20\n|\n|t:|1733855943\n|move|p1a: Falinks|Close Combat|p2a: Rhyperior\n|-supereffective|p2a: Rhyperior\n|-damage|p2a: Rhyperior|0 fnt\n|-unboost|p1a: Falinks|def|1\n|-unboost|p1a: Falinks|spd|1\n|faint|p2a: Rhyperior\n|-damage|p1a: Falinks|183/246|[from] item: Life Orb\n|\n|upkeep\n|\n|t:|1733855949\n|switch|p2a: Floatzel|Floatzel, L85, M|283/283\n|-damage|p2a: Floatzel|248/283|[from] Spikes\n|turn|21\n|\n|t:|1733855953\n|move|p1a: Falinks|Knock Off|p2a: Floatzel\n|-damage|p2a: Floatzel|65/283\n|-enditem|p2a: Floatzel|Choice Band|[from] move: Knock Off|[of] p1a: Falinks\n|-damage|p1a: Falinks|159/246|[from] item: Life Orb\n|move|p2a: Floatzel|Wave Crash|p1a: Falinks\n|-damage|p1a: Falinks|29/246\n|-damage|p2a: Floatzel|22/283|[from] Recoil\n|\n|upkeep\n|turn|22\n|\n|t:|1733855961\n|move|p1a: Falinks|Iron Head|p2a: Floatzel\n|-resisted|p2a: Floatzel\n|-damage|p2a: Floatzel|0 fnt\n|faint|p2a: Floatzel\n|-damage|p1a: Falinks|5/246|[from] item: Life Orb\n|\n|win|scolipede44\n|raw|scolipede44's rating: 1450 &rarr; <strong>1473</strong><br />(+23 for winning)\n|raw|Shawn TT Showbiz's rating: 1505 &rarr; <strong>1482</strong><br />(-23 for losing)\n|c|\u2606scolipede44|gg\n|l|\u2606Shawn TT Showbiz\n|player|p2|\n", "inputlog": ">version bfd83cad13791eb5a5a409923076391caf6fb4d4\n>start {\"formatid\":\"gen9randombattle\",\"seed\":[49431,63251,50507,23749],\"rated\":\"Rated battle\"}\n>player p1 {\"name\":\"scolipede44\",\"avatar\":\"marshal\",\"rating\":1450,\"seed\":[22056,1243,62723,51202]}\n>player p2 {\"name\":\"Shawn TT Showbiz\",\"avatar\":\"169\",\"rating\":1505,\"seed\":[39154,997,63020,30034]}\n>p1 move rapidspin\n>p2 switch 6\n>p1 move nastyplot\n>p2 move leechseed\n>p1 move dracometeor\n>p2 move substitute\n>p2 switch 3\n>p1 move dracometeor\n>p2 move glare\n>p1 move surf\n>p2 move gunkshot\n>p1 switch 4\n>p1 move spikes\n>p2 move earthquake\n>p1 switch 2\n>p2 move earthquake\n>p1 move aquajet\n>p2 move gunkshot\n>p2 switch 5\n>p1 switch 6\n>p2 move gunkshot\n>p1 move thunderwave\n>p2 move knockoff\n>p1 move shadowball\n>p2 move swordsdance\n>p1 move shadowball\n>p2 move swordsdance\n>p1 move shadowball\n>p2 move knockoff\n>p1 move shadowball\n>p2 move knockoff\n>p2 switch 2\n>p1 switch 6\n>p2 move stealthrock\n>p1 move liquidation\n>p2 move earthquake terastallize\n>p1 move liquidation\n>p2 move earthquake\n>p1 switch 3\n>p1 move noretreat\n>p2 move spikes\n>p1 move knockoff\n>p2 move spikes\n>p2 switch 6\n>p1 move closecombat\n>p2 move earthquake\n>p2 switch 4\n>p1 move knockoff\n>p2 move wavecrash\n>p1 move ironhead\n>p2 move crunch", "uploadtime": 1733855972, "views": 2, "formatid": "gen9randombattle", "rating": 1473, "private": 0, "password": null}