{"id": "gen9randombattle-2260330376", "format": "[Gen 9] Random Battle", "players": ["aydensyan", "shahhhhman"], "log": "|j|\u2606aydensyan\n|j|\u2606shahhhhman\n|t:|1733840675\n|gametype|singles\n|player|p1|aydensyan|170|\n|player|p2|shahhhhman|fisherman-gen4|\n|teamsize|p1|6\n|teamsize|p2|6\n|gen|9\n|tier|[Gen 9] Random Battle\n|rule|Species Clause: Limit one of each Pok\u00e9mon\n|rule|HP Percentage Mod: HP is shown in percentages\n|rule|Sleep Clause Mod: Limit one foe put to sleep\n|rule|Illusion Level Mod: Illusion disguises the Pok\u00e9mon's true level\n|\n|t:|1733840675\n|start\n|switch|p1a: Sceptile|Sceptile, L87, F|264/264\n|switch|p2a: Staraptor|Staraptor, L79, M|263/263\n|turn|1\n|\n|t:|1733840695\n|move|p2a: Staraptor|Quick Attack|p1a: Sceptile\n|-damage|p1a: Sceptile|179/264\n|move|p1a: Sceptile|Earthquake|p2a: Staraptor\n|-immune|p2a: Staraptor\n|\n|upkeep\n|turn|2\n|\n|t:|1733840705\n|move|p2a: Staraptor|Quick Attack|p1a: Sceptile\n|-damage|p1a: Sceptile|95/264\n|move|p1a: Sceptile|Rock Slide|p2a: Staraptor\n|-supereffective|p2a: Staraptor\n|-damage|p2a: Staraptor|81/263\n|-damage|p1a: Sceptile|69/264|[from] item: Life Orb\n|\n|upkeep\n|turn|3\n|\n|t:|1733840715\n|move|p2a: Staraptor|Quick Attack|p1a: Sceptile\n|-damage|p1a: Sceptile|0 fnt\n|faint|p1a: Sceptile\n|\n|upkeep\n|\n|t:|1733840724\n|switch|p1a: Tinkaton|Tinkaton, L82, F|274/274\n|-ability|p1a: Tinkaton|Mold Breaker\n|turn|4\n|\n|t:|1733840730\n|move|p2a: Staraptor|Quick Attack|p1a: Tinkaton\n|-resisted|p1a: Tinkaton\n|-damage|p1a: Tinkaton|238/274\n|move|p1a: Tinkaton|Knock Off|p2a: Staraptor\n|-damage|p2a: Staraptor|0 fnt\n|-enditem|p2a: Staraptor|Choice Band|[from] move: Knock Off|[of] p1a: Tinkaton\n|faint|p2a: Staraptor\n|-damage|p1a: Tinkaton|211/274|[from] item: Life Orb\n|\n|upkeep\n|\n|t:|1733840745\n|switch|p2a: Salazzle|Salazzle, L83, F|249/249\n|turn|5\n|\n|t:|1733840749\n|move|p2a: Salazzle|Fire Blast|p1a: Tinkaton\n|-supereffective|p1a: Tinkaton\n|-damage|p1a: Tinkaton|0 fnt\n|faint|p1a: Tinkaton\n|\n|upkeep\n|\n|t:|1733840756\n|switch|p1a: Landorus|Landorus, L75, M|257/257\n|turn|6\n|\n|t:|1733840770\n|-terastallize|p2a: Salazzle|Grass\n|move|p2a: Salazzle|Tera Blast|p1a: Landorus|[anim] Tera Blast Grass\n|-damage|p1a: Landorus|142/257\n|move|p1a: Landorus|Psychic|p2a: Salazzle\n|-damage|p2a: Salazzle|120/249\n|\n|upkeep\n|turn|7\n|c|\u2606shahhhhman|your gay\n|\n|t:|1733840782\n|move|p2a: Salazzle|Tera Blast|p1a: Landorus|[anim] Tera Blast Grass\n|-damage|p1a: Landorus|31/257\n|move|p1a: Landorus|Focus Blast|p2a: Salazzle\n|-damage|p2a: Salazzle|0 fnt\n|faint|p2a: Salazzle\n|\n|upkeep\n|c|\u2606shahhhhman|Ayden chech chat\n|\n|t:|1733840794\n|switch|p2a: Deoxys|Deoxys-Defense, L84|221/221\n|-ability|p2a: Deoxys|Pressure\n|turn|8\n|\n|t:|1733840804\n|switch|p2a: Girafarig|Girafarig, L89, M|269/269\n|-terastallize|p1a: Landorus|Ground\n|move|p1a: Landorus|Rock Slide|p2a: Girafarig\n|-damage|p2a: Girafarig|192/269\n|\n|upkeep\n|turn|9\n|\n|t:|1733840815\n|move|p2a: Girafarig|Shadow Ball|p1a: Landorus\n|-damage|p1a: Landorus|0 fnt\n|faint|p1a: Landorus\n|\n|upkeep\n|\n|t:|1733840820\n|switch|p1a: Basculin|Basculin, L86, F|261/261\n|turn|10\n|\n|t:|1733840824\n|move|p1a: Basculin|Flip Turn|p2a: Girafarig\n|-damage|p2a: Girafarig|86/269\n|\n|t:|1733840829\n|switch|p1a: Houndstone|Houndstone, L86, F|264/264|[from] Flip Turn\n|move|p2a: Girafarig|Thunderbolt|p1a: Houndstone\n|-damage|p1a: Houndstone|204/264\n|\n|-heal|p1a: Houndstone|220/264|[from] item: Leftovers\n|upkeep\n|turn|11\n|\n|t:|1733840838\n|move|p1a: Houndstone|Shadow Sneak|p2a: Girafarig\n|-immune|p2a: Girafarig\n|move|p2a: Girafarig|Shadow Ball|p1a: Houndstone\n|-supereffective|p1a: Houndstone\n|-damage|p1a: Houndstone|120/264\n|\n|-heal|p1a: Houndstone|136/264|[from] item: Leftovers\n|upkeep\n|turn|12\n|\n|t:|1733840847\n|move|p2a: Girafarig|Shadow Ball|p1a: Houndstone\n|-supereffective|p1a: Houndstone\n|-damage|p1a: Houndstone|36/264\n|move|p1a: Houndstone|Body Press|p2a: Girafarig\n|-damage|p2a: Girafarig|34/269\n|\n|-heal|p1a: Houndstone|52/264|[from] item: Leftovers\n|upkeep\n|turn|13\n|\n|t:|1733840856\n|switch|p1a: Tentacruel|Tentacruel, L84, M|272/272\n|move|p2a: Girafarig|Shadow Ball|p1a: Tentacruel\n|-damage|p1a: Tentacruel|221/272\n|\n|-heal|p1a: Tentacruel|238/272|[from] item: Leftovers\n|upkeep\n|turn|14\n|\n|t:|1733840866\n|move|p1a: Tentacruel|Sludge Bomb|p2a: Girafarig\n|-damage|p2a: Girafarig|0 fnt\n|faint|p2a: Girafarig\n|\n|-heal|p1a: Tentacruel|255/272|[from] item: Leftovers\n|upkeep\n|\n|t:|1733840872\n|switch|p2a: Arceus|Arceus-Dragon, L71|288/288\n|turn|15\n|\n|t:|1733840881\n|switch|p2a: Granbull|Granbull, L88, F|302/302\n|-ability|p2a: Granbull|Intimidate|boost\n|-unboost|p1a: Tentacruel|atk|1\n|move|p1a: Tentacruel|Sludge Bomb|p2a: Granbull\n|-supereffective|p2a: Granbull\n|-damage|p2a: Granbull|104/302\n|-status|p2a: Granbull|psn\n|\n|-heal|p1a: Tentacruel|272/272|[from] item: Leftovers\n|-heal|p2a: Granbull|122/302 psn|[from] item: Leftovers\n|-damage|p2a: Granbull|85/302 psn|[from] psn\n|upkeep\n|turn|16\n|\n|t:|1733840899\n|move|p1a: Tentacruel|Sludge Bomb|p2a: Granbull\n|-supereffective|p2a: Granbull\n|-damage|p2a: Granbull|0 fnt\n|faint|p2a: Granbull\n|\n|upkeep\n|c|\u2606shahhhhman|fuck\n|\n|t:|1733840906\n|switch|p2a: Deoxys|Deoxys-Defense, L84|221/221\n|-ability|p2a: Deoxys|Pressure\n|turn|17\n|\n|t:|1733840914\n|move|p1a: Tentacruel|Sludge Bomb|p2a: Deoxys\n|-damage|p2a: Deoxys|173/221\n|move|p2a: Deoxys|Night Shade|p1a: Tentacruel\n|-damage|p1a: Tentacruel|188/272\n|\n|-heal|p1a: Tentacruel|205/272|[from] item: Leftovers\n|-heal|p2a: Deoxys|186/221|[from] item: Leftovers\n|upkeep\n|turn|18\n|\n|t:|1733840928\n|move|p1a: Tentacruel|Rapid Spin|p2a: Deoxys\n|-damage|p2a: Deoxys|173/221\n|-boost|p1a: Tentacruel|spe|1\n|move|p2a: Deoxys|Stored Power|p1a: Tentacruel\n|-supereffective|p1a: Tentacruel\n|-damage|p1a: Tentacruel|175/272\n|\n|-heal|p1a: Tentacruel|192/272|[from] item: Leftovers\n|-heal|p2a: Deoxys|186/221|[from] item: Leftovers\n|upkeep\n|turn|19\n|\n|t:|1733840943\n|move|p1a: Tentacruel|Sludge Bomb|p2a: Deoxys\n|-damage|p2a: Deoxys|137/221\n|move|p2a: Deoxys|Cosmic Power|p2a: Deoxys\n|-boost|p2a: Deoxys|def|1\n|-boost|p2a: Deoxys|spd|1\n|\n|-heal|p1a: Tentacruel|209/272|[from] item: Leftovers\n|-heal|p2a: Deoxys|150/221|[from] item: Leftovers\n|upkeep\n|turn|20\n|\n|t:|1733840953\n|move|p1a: Tentacruel|Haze|p1a: Tentacruel\n|-clearallboost\n|move|p2a: Deoxys|Cosmic Power|p2a: Deoxys\n|-boost|p2a: Deoxys|def|1\n|-boost|p2a: Deoxys|spd|1\n|\n|-heal|p1a: Tentacruel|226/272|[from] item: Leftovers\n|-heal|p2a: Deoxys|163/221|[from] item: Leftovers\n|upkeep\n|turn|21\n|\n|t:|1733840963\n|move|p1a: Tentacruel|Haze|p1a: Tentacruel\n|-clearallboost\n|move|p2a: Deoxys|Cosmic Power|p2a: Deoxys\n|-boost|p2a: Deoxys|def|1\n|-boost|p2a: Deoxys|spd|1\n|\n|-heal|p1a: Tentacruel|243/272|[from] item: Leftovers\n|-heal|p2a: Deoxys|176/221|[from] item: Leftovers\n|upkeep\n|turn|22\n|\n|t:|1733840974\n|move|p1a: Tentacruel|Sludge Bomb|p2a: Deoxys\n|-damage|p2a: Deoxys|143/221\n|move|p2a: Deoxys|Night Shade|p1a: Tentacruel\n|-damage|p1a: Tentacruel|159/272\n|\n|-heal|p1a: Tentacruel|176/272|[from] item: Leftovers\n|-heal|p2a: Deoxys|156/221|[from] item: Leftovers\n|upkeep\n|turn|23\n|\n|t:|1733840983\n|move|p1a: Tentacruel|Haze|p1a: Tentacruel\n|-clearallboost\n|move|p2a: Deoxys|Cosmic Power|p2a: Deoxys\n|-boost|p2a: Deoxys|def|1\n|-boost|p2a: Deoxys|spd|1\n|\n|-heal|p1a: Tentacruel|193/272|[from] item: Leftovers\n|-heal|p2a: Deoxys|169/221|[from] item: Leftovers\n|upkeep\n|turn|24\n|\n|t:|1733840994\n|move|p1a: Tentacruel|Sludge Bomb|p2a: Deoxys\n|-damage|p2a: Deoxys|135/221\n|-status|p2a: Deoxys|psn\n|move|p2a: Deoxys|Stored Power|p1a: Tentacruel\n|-supereffective|p1a: Tentacruel\n|-damage|p1a: Tentacruel|115/272\n|\n|-heal|p1a: Tentacruel|132/272|[from] item: Leftovers\n|-heal|p2a: Deoxys|148/221 psn|[from] item: Leftovers\n|-damage|p2a: Deoxys|121/221 psn|[from] psn\n|upkeep\n|turn|25\n|\n|t:|1733841005\n|move|p1a: Tentacruel|Sludge Bomb|p2a: Deoxys\n|-damage|p2a: Deoxys|85/221 psn\n|move|p2a: Deoxys|Stored Power|p1a: Tentacruel\n|-supereffective|p1a: Tentacruel\n|-damage|p1a: Tentacruel|48/272\n|\n|-heal|p1a: Tentacruel|65/272|[from] item: Leftovers\n|-heal|p2a: Deoxys|98/221 psn|[from] item: Leftovers\n|-damage|p2a: Deoxys|71/221 psn|[from] psn\n|upkeep\n|turn|26\n|\n|t:|1733841015\n|move|p1a: Tentacruel|Haze|p1a: Tentacruel\n|-clearallboost\n|move|p2a: Deoxys|Stored Power|p1a: Tentacruel\n|-supereffective|p1a: Tentacruel\n|-damage|p1a: Tentacruel|35/272\n|\n|-heal|p1a: Tentacruel|52/272|[from] item: Leftovers\n|-heal|p2a: Deoxys|84/221 psn|[from] item: Leftovers\n|-damage|p2a: Deoxys|57/221 psn|[from] psn\n|upkeep\n|turn|27\n|\n|t:|1733841026\n|switch|p1a: Basculin|Basculin, L86, F|261/261\n|move|p2a: Deoxys|Recover|p2a: Deoxys\n|-heal|p2a: Deoxys|168/221 psn\n|\n|-heal|p2a: Deoxys|181/221 psn|[from] item: Leftovers\n|-damage|p2a: Deoxys|154/221 psn|[from] psn\n|upkeep\n|turn|28\n|\n|t:|1733841036\n|switch|p2a: Arceus|Arceus-Dragon, L71|288/288\n|move|p1a: Basculin|Wave Crash|p2a: Arceus\n|-resisted|p2a: Arceus\n|-damage|p2a: Arceus|166/288\n|-damage|p1a: Basculin|221/261|[from] Recoil\n|\n|upkeep\n|turn|29\n|\n|t:|1733841045\n|move|p1a: Basculin|Wave Crash|p2a: Arceus\n|-resisted|p2a: Arceus\n|-damage|p2a: Arceus|53/288\n|-damage|p1a: Basculin|184/261|[from] Recoil\n|move|p2a: Arceus|Judgment|p1a: Basculin\n|-damage|p1a: Basculin|39/261\n|\n|upkeep\n|turn|30\n|\n|t:|1733841052\n|move|p1a: Basculin|Wave Crash|p2a: Arceus\n|-resisted|p2a: Arceus\n|-damage|p2a: Arceus|0 fnt\n|faint|p2a: Arceus\n|-damage|p1a: Basculin|22/261|[from] Recoil\n|\n|upkeep\n|\n|t:|1733841061\n|switch|p2a: Deoxys|Deoxys-Defense, L84|154/221 psn\n|-ability|p2a: Deoxys|Pressure\n|turn|31\n|\n|t:|1733841066\n|move|p1a: Basculin|Wave Crash|p2a: Deoxys\n|-damage|p2a: Deoxys|0 fnt\n|faint|p2a: Deoxys\n|-damage|p1a: Basculin|0 fnt|[from] Recoil\n|faint|p1a: Basculin\n|\n|win|aydensyan\n|l|\u2606shahhhhman\n|player|p2|\n", "inputlog": ">version bfd83cad13791eb5a5a409923076391caf6fb4d4\n>start {\"formatid\":\"gen9randombattle\",\"seed\":[19523,56879,56620,19011]}\n>player p1 {\"name\":\"aydensyan\",\"avatar\":\"170\",\"rating\":0,\"seed\":[1242,31058,41432,25380]}\n>player p2 {\"name\":\"shahhhhman\",\"avatar\":\"fisherman-gen4\",\"rating\":0,\"seed\":[62206,11621,16820,63531]}\n>p1 move earthquake\n>p2 move quickattack\n>p1 move rockslide\n>p2 move quickattack\n>p1 move swordsdance\n>p2 move quickattack\n>p1 switch 3\n>p1 move knockoff\n>p2 move quickattack\n>p2 switch 6\n>p1 move gigatonhammer\n>p2 move fireblast\n>p1 switch 4\n>p1 move psychic\n>p2 move terablast terastallize\n>chat \u2606shahhhhman|your gay\n>p1 move focusblast\n>p2 move terablast\n>chat \u2606shahhhhman|Ayden chech chat\n>p2 switch 3\n>p1 move rockslide terastallize\n>p2 switch 2\n>p1 move focusblast\n>p2 move shadowball\n>p1 switch 2\n>p1 move flipturn\n>p2 move thunderbolt\n>p1 switch 6\n>p1 move shadowsneak\n>p2 move shadowball\n>p1 move bodypress\n>p2 move shadowball\n>p1 switch 5\n>p2 move shadowball\n>p1 move sludgebomb\n>p2 move thunderbolt\n>p2 switch 4\n>p1 move sludgebomb\n>p2 switch 5\n>p1 move sludgebomb\n>p2 move thunderwave\n>chat \u2606shahhhhman|fuck\n>p2 switch 2\n>p1 move sludgebomb\n>p2 move nightshade\n>p1 move rapidspin\n>p2 move storedpower\n>p1 move sludgebomb\n>p2 move cosmicpower\n>p1 move haze\n>p2 move cosmicpower\n>p1 move haze\n>p2 move cosmicpower\n>p1 move sludgebomb\n>p2 move nightshade\n>p1 move haze\n>p2 move cosmicpower\n>p1 move sludgebomb\n>p2 move storedpower\n>p1 move sludgebomb\n>p2 move storedpower\n>p1 move haze\n>p2 move storedpower\n>p1 switch 6\n>p2 move recover\n>p1 move wavecrash\n>p2 switch 5\n>p1 move wavecrash\n>p2 move judgment\n>p1 move wavecrash\n>p2 move judgment\n>p2 switch 5\n>p1 move wavecrash\n>p2 move storedpower", "uploadtime": 1733841080, "views": 2, "formatid": "gen9randombattle", "rating": null, "private": 0, "password": null}