{"id": "gen9randombattle-2151131687", "format": "[Gen 9] Random Battle", "players": ["who is to say", "Vitoran"], "log": "|badge|p2|silver|gen9randombattle|30-1\n|html|<div class=\"broadcast-red\"><strong>This battle is required to be public due to one or more player having a season medal.</strong><br />During the public phase, you can discuss the state of the ladder <a href=\"/seasondiscussion\">in a special chatroom.</a></div>\n|uhtml|medal-msg|<div class=\"broadcast-blue\">Curious what those medals under the avatar are? PS now has Ladder Seasons! For more information, check out the <a href=\"https://www.smogon.com/forums/threads/3740067/\">thread on Smogon.</a></div>\n|j|\u2606who is to say\n|j|\u2606Vitoran\n|t:|1719512868\n|gametype|singles\n|player|p1|who is to say|266|2254\n|player|p2|Vitoran|nemona-v|2415\n|teamsize|p1|6\n|teamsize|p2|6\n|gen|9\n|tier|[Gen 9] Random Battle\n|rated|\n|rule|Species Clause: Limit one of each Pok\u00e9mon\n|rule|HP Percentage Mod: HP is shown in percentages\n|rule|Sleep Clause Mod: Limit one foe put to sleep\n|rule|Illusion Level Mod: Illusion disguises the Pok\u00e9mon's true level\n|\n|t:|1719512868\n|start\n|switch|p1a: Araquanid|Araquanid, L82, M|246/246\n|switch|p2a: Medicham|Medicham, L86, M|243/243\n|turn|1\n|inactive|Battle timer is ON: inactive players will automatically lose when time's up. (requested by Vitoran)\n|c|\u2606Vitoran|glhf\n|c|\u2606who is to say|u2\n|\n|t:|1719512892\n|move|p2a: Medicham|Zen Headbutt|p1a: Araquanid\n|-damage|p1a: Araquanid|65/246\n|move|p1a: Araquanid|Sticky Web|p2a: Medicham\n|-sidestart|p2: Vitoran|move: Sticky Web\n|\n|upkeep\n|turn|2\n|\n|t:|1719512901\n|move|p2a: Medicham|Zen Headbutt|p1a: Araquanid\n|-damage|p1a: Araquanid|0 fnt\n|faint|p1a: Araquanid\n|\n|upkeep\n|\n|t:|1719512905\n|switch|p1a: Heatran|Heatran, L79, M|273/273\n|-item|p1a: Heatran|Air Balloon\n|turn|3\n|\n|t:|1719512913\n|switch|p2a: Noctowl|Noctowl, L95, F|344/344\n|move|p1a: Heatran|Stealth Rock|p2a: Noctowl\n|-sidestart|p2: Vitoran|move: Stealth Rock\n|\n|upkeep\n|turn|4\n|\n|t:|1719512920\n|move|p2a: Noctowl|Defog|p1a: Heatran\n|-unboost|p1a: Heatran|evasion|1\n|-sideend|p2: Vitoran|Stealth Rock|[from] move: Defog|[of] p2a: Noctowl\n|-sideend|p2: Vitoran|Sticky Web|[from] move: Defog|[of] p2a: Noctowl\n|move|p1a: Heatran|Heavy Slam|p2a: Noctowl\n|-damage|p2a: Noctowl|202/344\n|\n|upkeep\n|turn|5\n|\n|t:|1719512925\n|move|p2a: Noctowl|Hurricane|p1a: Heatran\n|-resisted|p1a: Heatran\n|-damage|p1a: Heatran|157/273\n|-enditem|p1a: Heatran|Air Balloon\n|move|p1a: Heatran|Lava Plume|p2a: Noctowl\n|-damage|p2a: Noctowl|126/344\n|-status|p2a: Noctowl|brn\n|\n|-damage|p2a: Noctowl|105/344 brn|[from] brn\n|upkeep\n|turn|6\n|\n|t:|1719512934\n|switch|p1a: Basculin|Basculin-Blue-Striped, L86, M|261/261\n|move|p2a: Noctowl|Roost|p2a: Noctowl\n|-heal|p2a: Noctowl|277/344 brn\n|-singleturn|p2a: Noctowl|move: Roost\n|\n|-damage|p2a: Noctowl|256/344 brn|[from] brn\n|upkeep\n|turn|7\n|\n|t:|1719512958\n|switch|p2a: Basculegion|Basculegion-F, L83, F|335/335\n|move|p1a: Basculin|Wave Crash|p2a: Basculegion\n|-resisted|p2a: Basculegion\n|-damage|p2a: Basculegion|164/335\n|-damage|p1a: Basculin|205/261|[from] Recoil\n|\n|upkeep\n|turn|8\n|\n|t:|1719512971\n|move|p1a: Basculin|Wave Crash|p2a: Basculegion\n|-resisted|p2a: Basculegion\n|-crit|p2a: Basculegion\n|-damage|p2a: Basculegion|0 fnt\n|faint|p2a: Basculegion\n|-damage|p1a: Basculin|151/261|[from] Recoil\n|\n|upkeep\n|\n|t:|1719512986\n|switch|p2a: Orthworm|Orthworm, L88, M|266/266\n|turn|9\n|\n|t:|1719513004\n|switch|p1a: Heatran|Heatran, L79, M|157/273\n|move|p2a: Orthworm|Body Press|p1a: Heatran\n|-supereffective|p1a: Heatran\n|-damage|p1a: Heatran|0 fnt\n|faint|p1a: Heatran\n|\n|upkeep\n|\n|t:|1719513009\n|switch|p1a: Sneasler|Sneasler, L74, F|240/240\n|turn|10\n|\n|t:|1719513034\n|move|p1a: Sneasler|Swords Dance|p1a: Sneasler\n|-boost|p1a: Sneasler|atk|2\n|move|p2a: Orthworm|Coil|p2a: Orthworm\n|-boost|p2a: Orthworm|atk|1\n|-boost|p2a: Orthworm|def|1\n|-boost|p2a: Orthworm|accuracy|1\n|\n|upkeep\n|turn|11\n|inactive|Vitoran has 120 seconds left.\n|\n|t:|1719513055\n|-terastallize|p2a: Orthworm|Electric\n|move|p1a: Sneasler|Close Combat|p2a: Orthworm\n|-damage|p2a: Orthworm|149/266\n|-unboost|p1a: Sneasler|def|1\n|-unboost|p1a: Sneasler|spd|1\n|-enditem|p1a: Sneasler|White Herb\n|-clearnegativeboost|p1a: Sneasler|[silent]\n|move|p2a: Orthworm|Iron Tail|p1a: Sneasler\n|-damage|p1a: Sneasler|3/240\n|\n|upkeep\n|turn|12\n|inactive|Vitoran has 120 seconds left.\n|\n|t:|1719513064\n|move|p1a: Sneasler|Gunk Shot|p2a: Orthworm\n|-damage|p2a: Orthworm|50/266\n|move|p2a: Orthworm|Rest|p2a: Orthworm\n|-status|p2a: Orthworm|slp|[from] move: Rest\n|-heal|p2a: Orthworm|266/266 slp|[silent]\n|-enditem|p2a: Orthworm|Chesto Berry|[eat]\n|-curestatus|p2a: Orthworm|slp|[msg]\n|\n|upkeep\n|turn|13\n|\n|t:|1719513069\n|move|p1a: Sneasler|Gunk Shot|p2a: Orthworm\n|-damage|p2a: Orthworm|151/266\n|move|p2a: Orthworm|Body Press|p1a: Sneasler\n|-resisted|p1a: Sneasler\n|-damage|p1a: Sneasler|0 fnt\n|faint|p1a: Sneasler\n|\n|upkeep\n|\n|t:|1719513076\n|switch|p1a: Basculin|Basculin-Blue-Striped, L86, M|151/261\n|turn|14\n|\n|t:|1719513082\n|-terastallize|p1a: Basculin|Water\n|move|p1a: Basculin|Wave Crash|p2a: Orthworm\n|-damage|p2a: Orthworm|36/266\n|-damage|p1a: Basculin|113/261|[from] Recoil\n|move|p2a: Orthworm|Body Press|p1a: Basculin\n|-damage|p1a: Basculin|0 fnt\n|faint|p1a: Basculin\n|\n|upkeep\n|-message|who is to say forfeited.\n|\n|win|Vitoran\n|raw|who is to say's rating: 2254 &rarr; <strong>2243</strong><br />(-11 for losing)\n|raw|Vitoran's rating: 2415 &rarr; <strong>2426</strong><br />(+11 for winning)\n|l|\u2606who is to say\n|player|p1|\n|c|\u2606Vitoran|gg\n", "inputlog": ">version 021bb6b4147d783a3aa9da22896c4e1e173f1b61\n>start {\"formatid\":\"gen9randombattle\",\"seed\":[6492,22019,4365,38111],\"rated\":\"Rated battle\"}\n>player p1 {\"name\":\"who is to say\",\"avatar\":\"266\",\"rating\":2254,\"seed\":[23771,19128,54336,26841]}\n>player p2 {\"name\":\"Vitoran\",\"avatar\":\"nemona-v\",\"rating\":2415,\"seed\":[63882,39188,52362,27485]}\n>chat \u2606Vitoran|glhf\n>chat \u2606who is to say|u2\n>p1 move stickyweb\n>p2 move zenheadbutt\n>p1 move liquidation\n>p2 move zenheadbutt\n>p1 switch 6\n>p1 move stealthrock\n>p2 switch 5\n>p1 move heavyslam\n>p2 move defog\n>p1 move lavaplume\n>p2 move hurricane\n>p1 switch 2\n>p2 move roost\n>p1 move wavecrash\n>p2 switch 4\n>p1 move wavecrash\n>p2 move shadowball\n>p2 switch 3\n>p1 switch 2\n>p2 move bodypress\n>p1 switch 5\n>p1 move swordsdance\n>p2 move coil\n>p1 move closecombat\n>p2 move irontail terastallize\n>p1 move gunkshot\n>p2 move rest\n>p1 move gunkshot\n>p2 move bodypress\n>p1 switch 2\n>p1 move wavecrash terastallize\n>p2 move bodypress\n>forcelose p1", "uploadtime": 1719513095, "views": 174, "formatid": "gen9randombattle", "rating": 2243, "private": 0, "password": null}