{"id": "gen9randombattle-2260632839", "format": "[Gen 9] Random Battle", "players": ["ChaseInsurance", "Degamble"], "log": "|j|\u2606ChaseInsurance\n|j|\u2606Degamble\n|t:|1733871651\n|gametype|singles\n|player|p1|ChaseInsurance|2|1895\n|player|p2|Degamble|gambler|1910\n|teamsize|p1|6\n|teamsize|p2|6\n|gen|9\n|tier|[Gen 9] Random Battle\n|rated|\n|rule|Species Clause: Limit one of each Pok\u00e9mon\n|rule|HP Percentage Mod: HP is shown in percentages\n|rule|Sleep Clause Mod: Limit one foe put to sleep\n|rule|Illusion Level Mod: Illusion disguises the Pok\u00e9mon's true level\n|\n|t:|1733871651\n|start\n|switch|p1a: Poliwrath|Poliwrath, L88, F|302/302\n|switch|p2a: Heatran|Heatran, L79, M|273/273\n|-item|p2a: Heatran|Air Balloon\n|turn|1\n|\n|t:|1733871680\n|switch|p2a: Rabsca|Rabsca, L91, F|284/284\n|move|p1a: Poliwrath|Ice Punch|p2a: Rabsca\n|-damage|p2a: Rabsca|226/284\n|\n|upkeep\n|turn|2\n|\n|t:|1733871693\n|move|p1a: Poliwrath|Liquidation|p2a: Rabsca\n|-damage|p2a: Rabsca|141/284\n|move|p2a: Rabsca|Psychic|p1a: Poliwrath\n|-supereffective|p1a: Poliwrath\n|-damage|p1a: Poliwrath|66/302\n|\n|-heal|p1a: Poliwrath|84/302|[from] item: Leftovers\n|upkeep\n|turn|3\n|\n|t:|1733871700\n|switch|p1a: Vigoroth|Vigoroth, L85, M|275/275\n|move|p2a: Rabsca|Recover|p2a: Rabsca\n|-heal|p2a: Rabsca|283/284\n|\n|upkeep\n|turn|4\n|\n|t:|1733871706\n|switch|p2a: Mudsdale|Mudsdale, L84, F|305/305\n|move|p1a: Vigoroth|Body Slam|p2a: Mudsdale\n|-crit|p2a: Mudsdale\n|-damage|p2a: Mudsdale|193/305\n|-status|p2a: Mudsdale|par\n|-ability|p2a: Mudsdale|Stamina|boost\n|-boost|p2a: Mudsdale|def|1\n|\n|-heal|p2a: Mudsdale|212/305 par|[from] item: Leftovers\n|upkeep\n|turn|5\n|\n|t:|1733871717\n|move|p1a: Vigoroth|Bulk Up|p1a: Vigoroth\n|-boost|p1a: Vigoroth|atk|1\n|-boost|p1a: Vigoroth|def|1\n|cant|p2a: Mudsdale|par\n|\n|-heal|p2a: Mudsdale|231/305 par|[from] item: Leftovers\n|upkeep\n|turn|6\n|\n|t:|1733871729\n|move|p1a: Vigoroth|Bulk Up|p1a: Vigoroth\n|-boost|p1a: Vigoroth|atk|1\n|-boost|p1a: Vigoroth|def|1\n|move|p2a: Mudsdale|Roar|p1a: Vigoroth\n|drag|p1a: Venusaur|Venusaur, L84, F|272/272\n|\n|-heal|p2a: Mudsdale|250/305 par|[from] item: Leftovers\n|upkeep\n|turn|7\n|\n|t:|1733871747\n|switch|p2a: Rabsca|Rabsca, L91, F|283/284\n|move|p1a: Venusaur|Leech Seed|p2a: Rabsca\n|-start|p2a: Rabsca|move: Leech Seed\n|\n|-damage|p2a: Rabsca|248/284|[from] Leech Seed|[of] p1a: Venusaur\n|upkeep\n|turn|8\n|\n|t:|1733871757\n|move|p1a: Venusaur|Substitute|p1a: Venusaur\n|-start|p1a: Venusaur|Substitute\n|-damage|p1a: Venusaur|204/272\n|move|p2a: Rabsca|Bug Buzz|p1a: Venusaur\n|-crit|p1a: Venusaur\n|-damage|p1a: Venusaur|42/272\n|\n|-heal|p1a: Venusaur|59/272|[from] item: Leftovers\n|-damage|p2a: Rabsca|213/284|[from] Leech Seed|[of] p1a: Venusaur\n|-heal|p1a: Venusaur|94/272|[silent]\n|upkeep\n|turn|9\n|\n|t:|1733871768\n|switch|p1a: Poliwrath|Poliwrath, L88, F|84/302\n|move|p2a: Rabsca|Bug Buzz|p1a: Poliwrath\n|-resisted|p1a: Poliwrath\n|-damage|p1a: Poliwrath|21/302\n|\n|-heal|p1a: Poliwrath|39/302|[from] item: Leftovers\n|-damage|p2a: Rabsca|178/284|[from] Leech Seed|[of] p1a: Poliwrath\n|-heal|p1a: Poliwrath|74/302|[silent]\n|upkeep\n|turn|10\n|\n|t:|1733871781\n|switch|p1a: Vigoroth|Vigoroth, L85, M|275/275\n|move|p2a: Rabsca|Psychic|p1a: Vigoroth\n|-damage|p1a: Vigoroth|164/275\n|\n|-damage|p2a: Rabsca|143/284|[from] Leech Seed|[of] p1a: Vigoroth\n|-heal|p1a: Vigoroth|199/275|[silent]\n|upkeep\n|turn|11\n|\n|t:|1733871787\n|switch|p2a: Mudsdale|Mudsdale, L84, F|250/305 par\n|move|p1a: Vigoroth|Bulk Up|p1a: Vigoroth\n|-boost|p1a: Vigoroth|atk|1\n|-boost|p1a: Vigoroth|def|1\n|\n|-heal|p2a: Mudsdale|269/305 par|[from] item: Leftovers\n|upkeep\n|turn|12\n|\n|t:|1733871792\n|move|p1a: Vigoroth|Body Slam|p2a: Mudsdale\n|-damage|p2a: Mudsdale|164/305 par\n|-ability|p2a: Mudsdale|Stamina|boost\n|-boost|p2a: Mudsdale|def|1\n|cant|p2a: Mudsdale|par\n|\n|-heal|p2a: Mudsdale|183/305 par|[from] item: Leftovers\n|upkeep\n|turn|13\n|\n|t:|1733871804\n|move|p1a: Vigoroth|Body Slam|p2a: Mudsdale\n|-damage|p2a: Mudsdale|116/305 par\n|-ability|p2a: Mudsdale|Stamina|boost\n|-boost|p2a: Mudsdale|def|1\n|cant|p2a: Mudsdale|par\n|\n|-heal|p2a: Mudsdale|135/305 par|[from] item: Leftovers\n|upkeep\n|turn|14\n|\n|t:|1733871810\n|move|p1a: Vigoroth|Body Slam|p2a: Mudsdale\n|-damage|p2a: Mudsdale|84/305 par\n|-ability|p2a: Mudsdale|Stamina|boost\n|-boost|p2a: Mudsdale|def|1\n|cant|p2a: Mudsdale|par\n|\n|-heal|p2a: Mudsdale|103/305 par|[from] item: Leftovers\n|upkeep\n|turn|15\n|\n|t:|1733871815\n|move|p1a: Vigoroth|Earthquake|p2a: Mudsdale\n|-damage|p2a: Mudsdale|69/305 par\n|-ability|p2a: Mudsdale|Stamina|boost\n|-boost|p2a: Mudsdale|def|1\n|move|p2a: Mudsdale|Roar|p1a: Vigoroth\n|drag|p1a: Venusaur|Venusaur, L84, F|94/272\n|\n|-heal|p1a: Venusaur|111/272|[from] item: Leftovers\n|-heal|p2a: Mudsdale|88/305 par|[from] item: Leftovers\n|upkeep\n|turn|16\n|\n|t:|1733871824\n|switch|p2a: Rabsca|Rabsca, L91, F|143/284\n|move|p1a: Venusaur|Giga Drain|p2a: Rabsca\n|-resisted|p2a: Rabsca\n|-damage|p2a: Rabsca|107/284\n|-heal|p1a: Venusaur|129/272|[from] drain|[of] p2a: Rabsca\n|\n|-heal|p1a: Venusaur|146/272|[from] item: Leftovers\n|upkeep\n|turn|17\n|\n|t:|1733871829\n|move|p1a: Venusaur|Sludge Bomb|p2a: Rabsca\n|-damage|p2a: Rabsca|20/284\n|move|p2a: Rabsca|Recover|p2a: Rabsca\n|-heal|p2a: Rabsca|162/284\n|\n|-heal|p1a: Venusaur|163/272|[from] item: Leftovers\n|upkeep\n|turn|18\n|\n|t:|1733871835\n|switch|p1a: Vigoroth|Vigoroth, L85, M|199/275\n|move|p2a: Rabsca|Psychic|p1a: Vigoroth\n|-damage|p1a: Vigoroth|87/275\n|\n|upkeep\n|turn|19\n|\n|t:|1733871840\n|move|p1a: Vigoroth|Body Slam|p2a: Rabsca\n|-damage|p2a: Rabsca|89/284\n|move|p2a: Rabsca|Psychic|p1a: Vigoroth\n|-damage|p1a: Vigoroth|0 fnt\n|faint|p1a: Vigoroth\n|\n|upkeep\n|\n|t:|1733871856\n|switch|p1a: Reshiram|Reshiram, L76|277/277\n|-ability|p1a: Reshiram|Turboblaze\n|turn|20\n|\n|t:|1733871863\n|switch|p2a: Milotic|Milotic, L83, F|293/293\n|move|p1a: Reshiram|Dragon Tail|p2a: Milotic|[miss]\n|-miss|p1a: Reshiram|p2a: Milotic\n|\n|upkeep\n|turn|21\n|\n|t:|1733871868\n|switch|p1a: Poliwrath|Poliwrath, L88, F|74/302\n|move|p2a: Milotic|Scald|p1a: Poliwrath\n|-heal|p1a: Poliwrath|149/302|[from] ability: Water Absorb|[of] p2a: Milotic\n|\n|-heal|p1a: Poliwrath|167/302|[from] item: Leftovers\n|upkeep\n|turn|22\n|\n|t:|1733871877\n|switch|p2a: Overqwil|Overqwil, L82, M|274/274\n|-ability|p2a: Overqwil|Intimidate|boost\n|-unboost|p1a: Poliwrath|atk|1\n|switch|p1a: Venusaur|Venusaur, L84, F|163/272\n|\n|-heal|p1a: Venusaur|180/272|[from] item: Leftovers\n|upkeep\n|turn|23\n|\n|t:|1733871895\n|move|p2a: Overqwil|Swords Dance|p2a: Overqwil\n|-boost|p2a: Overqwil|atk|2\n|move|p1a: Venusaur|Leech Seed|p2a: Overqwil\n|-start|p2a: Overqwil|move: Leech Seed\n|\n|-heal|p1a: Venusaur|197/272|[from] item: Leftovers\n|-damage|p2a: Overqwil|240/274|[from] Leech Seed|[of] p1a: Venusaur\n|-heal|p1a: Venusaur|231/272|[silent]\n|upkeep\n|turn|24\n|\n|t:|1733871936\n|switch|p1a: Poliwrath|Poliwrath, L88, F|167/302\n|move|p2a: Overqwil|Gunk Shot|p1a: Poliwrath\n|-damage|p1a: Poliwrath|0 fnt\n|faint|p1a: Poliwrath\n|\n|upkeep\n|\n|t:|1733871943\n|switch|p1a: Ursaluna|Ursaluna-Bloodmoon, L79, M|308/308\n|turn|25\n|\n|t:|1733871967\n|switch|p2a: Milotic|Milotic, L83, F|293/293\n|move|p1a: Ursaluna|Blood Moon|p2a: Milotic\n|-damage|p2a: Milotic|157/293\n|\n|-heal|p2a: Milotic|175/293|[from] item: Leftovers\n|upkeep\n|turn|26\n|\n|t:|1733871980\n|switch|p1a: Venusaur|Venusaur, L84, F|231/272\n|move|p2a: Milotic|Ice Beam|p1a: Venusaur\n|-supereffective|p1a: Venusaur\n|-damage|p1a: Venusaur|109/272\n|\n|-heal|p1a: Venusaur|126/272|[from] item: Leftovers\n|-heal|p2a: Milotic|193/293|[from] item: Leftovers\n|upkeep\n|turn|27\n|\n|t:|1733871990\n|switch|p2a: Overqwil|Overqwil, L82, M|240/274\n|-ability|p2a: Overqwil|Intimidate|boost\n|-unboost|p1a: Venusaur|atk|1\n|move|p1a: Venusaur|Sludge Bomb|p2a: Overqwil\n|-resisted|p2a: Overqwil\n|-damage|p2a: Overqwil|180/274\n|\n|-heal|p1a: Venusaur|143/272|[from] item: Leftovers\n|upkeep\n|turn|28\n|\n|t:|1733871999\n|switch|p1a: Ursaluna|Ursaluna-Bloodmoon, L79, M|308/308\n|move|p2a: Overqwil|Gunk Shot|p1a: Ursaluna\n|-resisted|p1a: Ursaluna\n|-damage|p1a: Ursaluna|254/308\n|\n|-heal|p1a: Ursaluna|273/308|[from] item: Leftovers\n|upkeep\n|turn|29\n|\n|t:|1733872006\n|switch|p2a: Milotic|Milotic, L83, F|193/293\n|move|p1a: Ursaluna|Calm Mind|p1a: Ursaluna\n|-boost|p1a: Ursaluna|spa|1\n|-boost|p1a: Ursaluna|spd|1\n|\n|-heal|p2a: Milotic|211/293|[from] item: Leftovers\n|-heal|p1a: Ursaluna|292/308|[from] item: Leftovers\n|upkeep\n|turn|30\n|\n|t:|1733872009\n|move|p2a: Milotic|Scald|p1a: Ursaluna\n|-supereffective|p1a: Ursaluna\n|-damage|p1a: Ursaluna|128/308\n|move|p1a: Ursaluna|Blood Moon|p2a: Milotic\n|-damage|p2a: Milotic|3/293\n|\n|-heal|p2a: Milotic|21/293|[from] item: Leftovers\n|-heal|p1a: Ursaluna|147/308|[from] item: Leftovers\n|upkeep\n|turn|31\n|\n|t:|1733872018\n|move|p1a: Ursaluna|Vacuum Wave|p2a: Milotic\n|-damage|p2a: Milotic|0 fnt\n|faint|p2a: Milotic\n|\n|-heal|p1a: Ursaluna|166/308|[from] item: Leftovers\n|upkeep\n|\n|t:|1733872025\n|switch|p2a: Jirachi|Jirachi, L80|291/291\n|turn|32\n|\n|t:|1733872031\n|move|p2a: Jirachi|Iron Head|p1a: Ursaluna\n|-damage|p1a: Ursaluna|100/308\n|cant|p1a: Ursaluna|flinch\n|\n|-heal|p1a: Ursaluna|119/308|[from] item: Leftovers\n|upkeep\n|turn|33\n|\n|t:|1733872034\n|move|p2a: Jirachi|Iron Head|p1a: Ursaluna\n|-damage|p1a: Ursaluna|47/308\n|cant|p1a: Ursaluna|flinch\n|\n|-heal|p1a: Ursaluna|66/308|[from] item: Leftovers\n|upkeep\n|turn|34\n|\n|t:|1733872039\n|move|p2a: Jirachi|Iron Head|p1a: Ursaluna\n|-damage|p1a: Ursaluna|0 fnt\n|faint|p1a: Ursaluna\n|\n|upkeep\n|\n|t:|1733872042\n|switch|p1a: Emboar|Emboar, L84, F|322/322\n|turn|35\n|\n|t:|1733872053\n|-terastallize|p2a: Jirachi|Water\n|move|p2a: Jirachi|Body Slam|p1a: Emboar\n|-damage|p1a: Emboar|246/322\n|-status|p1a: Emboar|par\n|move|p1a: Emboar|Bulk Up|p1a: Emboar\n|-boost|p1a: Emboar|atk|1\n|-boost|p1a: Emboar|def|1\n|\n|-heal|p1a: Emboar|266/322 par|[from] item: Leftovers\n|upkeep\n|turn|36\n|\n|t:|1733872063\n|switch|p2a: Overqwil|Overqwil, L82, M|180/274\n|-ability|p2a: Overqwil|Intimidate|boost\n|-unboost|p1a: Emboar|atk|1\n|move|p1a: Emboar|Trailblaze|p2a: Overqwil\n|-resisted|p2a: Overqwil\n|-damage|p2a: Overqwil|159/274\n|-boost|p1a: Emboar|spe|1\n|\n|-heal|p1a: Emboar|286/322 par|[from] item: Leftovers\n|upkeep\n|turn|37\n|\n|t:|1733872075\n|move|p2a: Overqwil|Swords Dance|p2a: Overqwil\n|-boost|p2a: Overqwil|atk|2\n|move|p1a: Emboar|Trailblaze|p2a: Overqwil\n|-resisted|p2a: Overqwil\n|-damage|p2a: Overqwil|140/274\n|-boost|p1a: Emboar|spe|1\n|\n|-heal|p1a: Emboar|306/322 par|[from] item: Leftovers\n|upkeep\n|turn|38\n|\n|t:|1733872082\n|move|p2a: Overqwil|Gunk Shot|p1a: Emboar|[miss]\n|-miss|p2a: Overqwil|p1a: Emboar\n|cant|p1a: Emboar|par\n|\n|-heal|p1a: Emboar|322/322 par|[from] item: Leftovers\n|upkeep\n|turn|39\n|\n|t:|1733872121\n|move|p2a: Overqwil|Gunk Shot|p1a: Emboar\n|-damage|p1a: Emboar|111/322 par\n|move|p1a: Emboar|Trailblaze|p2a: Overqwil\n|-resisted|p2a: Overqwil\n|-damage|p2a: Overqwil|121/274\n|-boost|p1a: Emboar|spe|1\n|\n|-heal|p1a: Emboar|131/322 par|[from] item: Leftovers\n|upkeep\n|turn|40\n|\n|t:|1733872131\n|move|p1a: Emboar|Flare Blitz|p2a: Overqwil\n|-crit|p2a: Overqwil\n|-damage|p2a: Overqwil|0 fnt\n|faint|p2a: Overqwil\n|-damage|p1a: Emboar|91/322 par|[from] Recoil\n|\n|-heal|p1a: Emboar|111/322 par|[from] item: Leftovers\n|upkeep\n|\n|t:|1733872157\n|switch|p2a: Jirachi|Jirachi, L80, tera:Water|291/291\n|turn|41\n|\n|t:|1733872161\n|move|p2a: Jirachi|Iron Head|p1a: Emboar\n|-resisted|p1a: Emboar\n|-damage|p1a: Emboar|80/322 par\n|cant|p1a: Emboar|flinch\n|\n|-heal|p1a: Emboar|100/322 par|[from] item: Leftovers\n|upkeep\n|turn|42\n|\n|t:|1733872165\n|move|p2a: Jirachi|Iron Head|p1a: Emboar\n|-resisted|p1a: Emboar\n|-damage|p1a: Emboar|67/322 par\n|move|p1a: Emboar|Trailblaze|p2a: Jirachi\n|-supereffective|p2a: Jirachi\n|-damage|p2a: Jirachi|215/291\n|-boost|p1a: Emboar|spe|1\n|\n|-heal|p1a: Emboar|87/322 par|[from] item: Leftovers\n|-heal|p2a: Jirachi|233/291|[from] item: Leftovers\n|upkeep\n|turn|43\n|\n|t:|1733872174\n|move|p1a: Emboar|Trailblaze|p2a: Jirachi\n|-supereffective|p2a: Jirachi\n|-damage|p2a: Jirachi|155/291\n|-boost|p1a: Emboar|spe|1\n|move|p2a: Jirachi|Iron Head|p1a: Emboar\n|-resisted|p1a: Emboar\n|-damage|p1a: Emboar|56/322 par\n|\n|-heal|p1a: Emboar|76/322 par|[from] item: Leftovers\n|-heal|p2a: Jirachi|173/291|[from] item: Leftovers\n|upkeep\n|turn|44\n|\n|t:|1733872180\n|move|p1a: Emboar|Bulk Up|p1a: Emboar\n|-boost|p1a: Emboar|atk|1\n|-boost|p1a: Emboar|def|1\n|move|p2a: Jirachi|Body Slam|p1a: Emboar\n|-damage|p1a: Emboar|37/322 par\n|\n|-heal|p1a: Emboar|57/322 par|[from] item: Leftovers\n|-heal|p2a: Jirachi|191/291|[from] item: Leftovers\n|upkeep\n|turn|45\n|\n|t:|1733872184\n|cant|p1a: Emboar|par\n|move|p2a: Jirachi|Body Slam|p1a: Emboar\n|-damage|p1a: Emboar|21/322 par\n|\n|-heal|p1a: Emboar|41/322 par|[from] item: Leftovers\n|-heal|p2a: Jirachi|209/291|[from] item: Leftovers\n|upkeep\n|turn|46\n|\n|t:|1733872188\n|cant|p1a: Emboar|par\n|move|p2a: Jirachi|Body Slam|p1a: Emboar\n|-damage|p1a: Emboar|6/322 par\n|\n|-heal|p1a: Emboar|26/322 par|[from] item: Leftovers\n|-heal|p2a: Jirachi|227/291|[from] item: Leftovers\n|upkeep\n|turn|47\n|\n|t:|1733872190\n|cant|p1a: Emboar|par\n|move|p2a: Jirachi|Body Slam|p1a: Emboar\n|-damage|p1a: Emboar|0 fnt\n|faint|p1a: Emboar\n|\n|-heal|p2a: Jirachi|245/291|[from] item: Leftovers\n|upkeep\n|\n|t:|1733872194\n|switch|p1a: Venusaur|Venusaur, L84, F|143/272\n|turn|48\n|\n|t:|1733872203\n|move|p2a: Jirachi|Iron Head|p1a: Venusaur\n|-damage|p1a: Venusaur|53/272\n|move|p1a: Venusaur|Giga Drain|p2a: Jirachi\n|-supereffective|p2a: Jirachi\n|-damage|p2a: Jirachi|27/291\n|-heal|p1a: Venusaur|162/272|[from] drain|[of] p2a: Jirachi\n|\n|-heal|p2a: Jirachi|45/291|[from] item: Leftovers\n|-heal|p1a: Venusaur|179/272|[from] item: Leftovers\n|upkeep\n|turn|49\n|\n|t:|1733872210\n|move|p2a: Jirachi|Iron Head|p1a: Venusaur\n|-damage|p1a: Venusaur|95/272\n|move|p1a: Venusaur|Giga Drain|p2a: Jirachi\n|-supereffective|p2a: Jirachi\n|-damage|p2a: Jirachi|0 fnt\n|-heal|p1a: Venusaur|118/272|[from] drain|[of] p2a: Jirachi\n|faint|p2a: Jirachi\n|\n|-heal|p1a: Venusaur|135/272|[from] item: Leftovers\n|upkeep\n|\n|t:|1733872216\n|switch|p2a: Rabsca|Rabsca, L91, F|89/284\n|turn|50\n|\n|t:|1733872222\n|move|p1a: Venusaur|Sludge Bomb|p2a: Rabsca\n|-damage|p2a: Rabsca|13/284\n|move|p2a: Rabsca|Recover|p2a: Rabsca\n|-heal|p2a: Rabsca|155/284\n|\n|-heal|p1a: Venusaur|152/272|[from] item: Leftovers\n|upkeep\n|turn|51\n|\n|t:|1733872228\n|move|p1a: Venusaur|Sludge Bomb|p2a: Rabsca\n|-damage|p2a: Rabsca|79/284\n|move|p2a: Rabsca|Revival Blessing|p2a: Rabsca\n|\n|t:|1733872233\n|-heal|p2: Overqwil|137/274|[from] move: Revival Blessing\n|\n|-heal|p1a: Venusaur|169/272|[from] item: Leftovers\n|upkeep\n|turn|52\n|\n|t:|1733872240\n|move|p1a: Venusaur|Sludge Bomb|p2a: Rabsca\n|-damage|p2a: Rabsca|0 fnt\n|faint|p2a: Rabsca\n|\n|-heal|p1a: Venusaur|186/272|[from] item: Leftovers\n|upkeep\n|\n|t:|1733872244\n|switch|p2a: Heatran|Heatran, L79, M|273/273\n|-item|p2a: Heatran|Air Balloon\n|turn|53\n|\n|t:|1733872252\n|move|p1a: Venusaur|Giga Drain|p2a: Heatran\n|-resisted|p2a: Heatran\n|-damage|p2a: Heatran|254/273\n|-heal|p1a: Venusaur|196/272|[from] drain|[of] p2a: Heatran\n|-enditem|p2a: Heatran|Air Balloon\n|move|p2a: Heatran|Magma Storm|p1a: Venusaur\n|-supereffective|p1a: Venusaur\n|-damage|p1a: Venusaur|0 fnt\n|faint|p1a: Venusaur\n|\n|upkeep\n|\n|t:|1733872255\n|switch|p1a: Reshiram|Reshiram, L76|277/277\n|-ability|p1a: Reshiram|Turboblaze\n|turn|54\n|\n|t:|1733872261\n|move|p1a: Reshiram|Earth Power|p2a: Heatran\n|-supereffective|p2a: Heatran\n|-damage|p2a: Heatran|0 fnt\n|faint|p2a: Heatran\n|\n|upkeep\n|\n|t:|1733872265\n|switch|p2a: Overqwil|Overqwil, L82, M|137/274\n|-ability|p2a: Overqwil|Intimidate|boost\n|-unboost|p1a: Reshiram|atk|1\n|turn|55\n|\n|t:|1733872269\n|move|p2a: Overqwil|Scale Shot|p1a: Reshiram\n|-supereffective|p1a: Reshiram\n|-damage|p1a: Reshiram|239/277\n|-supereffective|p1a: Reshiram\n|-damage|p1a: Reshiram|201/277\n|-supereffective|p1a: Reshiram\n|-damage|p1a: Reshiram|159/277\n|-supereffective|p1a: Reshiram\n|-damage|p1a: Reshiram|121/277\n|-hitcount|p1a: Reshiram|4\n|-unboost|p2a: Overqwil|def|1\n|-boost|p2a: Overqwil|spe|1\n|move|p1a: Reshiram|Earth Power|p2a: Overqwil\n|-supereffective|p2a: Overqwil\n|-damage|p2a: Overqwil|0 fnt\n|faint|p2a: Overqwil\n|\n|upkeep\n|\n|t:|1733872272\n|switch|p2a: Mudsdale|Mudsdale, L84, F|88/305 par\n|turn|56\n|\n|t:|1733872278\n|move|p1a: Reshiram|Draco Meteor|p2a: Mudsdale\n|-damage|p2a: Mudsdale|0 fnt\n|-unboost|p1a: Reshiram|spa|2\n|faint|p2a: Mudsdale\n|\n|win|ChaseInsurance\n|raw|ChaseInsurance's rating: 1895 &rarr; <strong>1916</strong><br />(+21 for winning)\n|raw|Degamble's rating: 1910 &rarr; <strong>1889</strong><br />(-21 for losing)\n|c|\u2606Degamble|gg\n|c|\u2606ChaseInsurance|gg\n|l|\u2606Degamble\n|player|p2|\n", "inputlog": ">version bfd83cad13791eb5a5a409923076391caf6fb4d4\n>start {\"formatid\":\"gen9randombattle\",\"seed\":[55716,9275,24629,19448],\"rated\":\"Rated battle\"}\n>player p1 {\"name\":\"ChaseInsurance\",\"avatar\":\"2\",\"rating\":1895,\"seed\":[49091,4286,53284,41861]}\n>player p2 {\"name\":\"Degamble\",\"avatar\":\"gambler\",\"rating\":1910,\"seed\":[39914,65043,20983,26927]}\n>p1 move icepunch\n>p2 switch 4\n>p1 move liquidation\n>p2 move psychic\n>p1 switch 5\n>p2 move recover\n>p1 move bodyslam\n>p2 switch 2\n>p1 move bulkup\n>p2 move roar\n>p1 move bulkup\n>p2 move roar\n>p1 move leechseed\n>p2 switch 2\n>p1 move substitute\n>p2 move bugbuzz\n>p1 switch 5\n>p2 move bugbuzz\n>p1 switch 2\n>p2 move psychic\n>p1 move bulkup\n>p2 switch 2\n>p1 move bodyslam\n>p2 move roar\n>p1 move bodyslam\n>p2 move roar\n>p1 move bodyslam\n>p2 move roar\n>p1 move earthquake\n>p2 move roar\n>p1 move gigadrain\n>p2 switch 2\n>p1 move sludgebomb\n>p2 move recover\n>p1 switch 5\n>p2 move psychic\n>p1 move bodyslam\n>p2 move psychic\n>p1 switch 4\n>p1 move dragontail\n>p2 switch 5\n>p1 switch 2\n>p2 move scald\n>p1 switch 5\n>p2 switch 3\n>p1 move leechseed\n>p2 move swordsdance\n>p1 switch 5\n>p2 move gunkshot\n>p1 switch 3\n>p1 move bloodmoon\n>p2 switch 3\n>p1 switch 5\n>p2 move icebeam\n>p1 move sludgebomb\n>p2 switch 3\n>p1 switch 5\n>p2 move gunkshot\n>p1 move calmmind\n>p2 switch 3\n>p1 move bloodmoon\n>p2 move scald\n>p1 move vacuumwave\n>p2 move scald\n>p2 switch 6\n>p1 move moonlight\n>p2 move ironhead\n>p1 move moonlight\n>p2 move ironhead\n>p1 move moonlight\n>p2 move ironhead\n>p1 switch 6\n>p1 move bulkup\n>p2 move bodyslam terastallize\n>p1 move trailblaze\n>p2 switch 3\n>p1 move trailblaze\n>p2 move swordsdance\n>p1 move trailblaze\n>p2 move gunkshot\n>p1 move trailblaze\n>p2 move gunkshot\n>p1 move flareblitz\n>p2 move gunkshot\n>p2 switch 3\n>p1 move trailblaze\n>p2 move ironhead\n>p1 move trailblaze\n>p2 move ironhead\n>p1 move trailblaze\n>p2 move ironhead\n>p1 move bulkup\n>p2 move bodyslam\n>p1 move drainpunch\n>p2 move bodyslam\n>p1 move drainpunch\n>p2 move bodyslam\n>p1 move drainpunch\n>p2 move bodyslam\n>p1 switch 5\n>p1 move gigadrain\n>p2 move ironhead\n>p1 move gigadrain\n>p2 move ironhead\n>p2 switch 5\n>p1 move sludgebomb\n>p2 move recover\n>p1 move sludgebomb\n>p2 move revivalblessing\n>p2 switch 3\n>p1 move sludgebomb\n>p2 move psychic\n>p2 switch 4\n>p1 move gigadrain\n>p2 move magmastorm\n>p1 switch 2\n>p1 move earthpower\n>p2 move earthpower\n>p2 switch 3\n>p1 move earthpower\n>p2 move scaleshot\n>p2 switch 2\n>p1 move dracometeor\n>p2 move earthquake", "uploadtime": 1733872290, "views": 1, "formatid": "gen9randombattle", "rating": 1889, "private": 0, "password": null}