{"id": "gen9randombattle-2252601954", "format": "[Gen 9] Random Battle", "players": ["Kumar1220", "ananananji"], "log": "|j|\u2606Kumar1220\n|j|\u2606ananananji\n|t:|1732773785\n|gametype|singles\n|player|p1|Kumar1220|dawn|2286\n|player|p2|ananananji|265|2267\n|teamsize|p1|6\n|teamsize|p2|6\n|gen|9\n|tier|[Gen 9] Random Battle\n|rated|\n|rule|Species Clause: Limit one of each Pok\u00e9mon\n|rule|HP Percentage Mod: HP is shown in percentages\n|rule|Sleep Clause Mod: Limit one foe put to sleep\n|rule|Illusion Level Mod: Illusion disguises the Pok\u00e9mon's true level\n|\n|t:|1732773785\n|start\n|switch|p1a: Keldeo|Keldeo-Resolute, L79|273/273\n|switch|p2a: Deoxys|Deoxys-Speed, L82|216/216\n|-ability|p2a: Deoxys|Pressure\n|turn|1\n|inactive|Battle timer is ON: inactive players will automatically lose when time's up. (requested by ananananji)\n|inactive|Kumar1220 has 120 seconds left.\n|\n|t:|1732773822\n|move|p2a: Deoxys|Psycho Boost|p1a: Keldeo\n|-supereffective|p1a: Keldeo\n|-damage|p1a: Keldeo|0 fnt\n|-unboost|p2a: Deoxys|spa|2\n|faint|p1a: Keldeo\n|-damage|p2a: Deoxys|195/216|[from] item: Life Orb\n|\n|upkeep\n|\n|t:|1732773826\n|switch|p1a: Iron Jugulis|Iron Jugulis, L78|275/275\n|turn|2\n|\n|t:|1732773831\n|move|p2a: Deoxys|Knock Off|p1a: Iron Jugulis\n|-resisted|p1a: Iron Jugulis\n|-damage|p1a: Iron Jugulis|231/275\n|-enditem|p1a: Iron Jugulis|Choice Specs|[from] move: Knock Off|[of] p2a: Deoxys\n|-damage|p2a: Deoxys|174/216|[from] item: Life Orb\n|move|p1a: Iron Jugulis|Hurricane|p2a: Deoxys\n|-damage|p2a: Deoxys|56/216\n|\n|upkeep\n|turn|3\n|\n|t:|1732773849\n|switch|p2a: Grafaiai|Grafaiai, L86, F|249/249\n|move|p1a: Iron Jugulis|Dark Pulse|p2a: Grafaiai\n|-damage|p2a: Grafaiai|144/249\n|\n|upkeep\n|turn|4\n|\n|t:|1732773856\n|move|p2a: Grafaiai|Gunk Shot|p1a: Iron Jugulis|[miss]\n|-miss|p2a: Grafaiai|p1a: Iron Jugulis\n|move|p1a: Iron Jugulis|Earth Power|p2a: Grafaiai\n|-supereffective|p2a: Grafaiai\n|-damage|p2a: Grafaiai|0 fnt\n|faint|p2a: Grafaiai\n|\n|upkeep\n|\n|t:|1732773863\n|switch|p2a: Plusle|Plusle, L95, F|268/268\n|turn|5\n|\n|t:|1732773869\n|-end|p1a: Iron Jugulis|Quark Drive|[silent]\n|switch|p1a: Luxray|Luxray, L88, M|283/283\n|move|p2a: Plusle|Nasty Plot|p2a: Plusle\n|-boost|p2a: Plusle|spa|2\n|\n|-status|p1a: Luxray|brn|[from] item: Flame Orb\n|upkeep\n|turn|6\n|\n|t:|1732773882\n|move|p2a: Plusle|Alluring Voice|p1a: Luxray\n|-damage|p1a: Luxray|100/283 brn\n|-damage|p2a: Plusle|242/268|[from] item: Life Orb\n|move|p1a: Luxray|Trailblaze|p2a: Plusle\n|-damage|p2a: Plusle|139/268\n|-boost|p1a: Luxray|spe|1\n|\n|-damage|p1a: Luxray|83/283 brn|[from] brn\n|upkeep\n|turn|7\n|\n|t:|1732773889\n|switch|p2a: Crawdaunt|Crawdaunt, L84, F|243/243\n|move|p1a: Luxray|Facade|p2a: Crawdaunt\n|-damage|p2a: Crawdaunt|40/243\n|\n|-damage|p1a: Luxray|66/283 brn|[from] brn\n|upkeep\n|turn|8\n|\n|t:|1732773895\n|move|p1a: Luxray|Trailblaze|p2a: Crawdaunt\n|-supereffective|p2a: Crawdaunt\n|-damage|p2a: Crawdaunt|0 fnt\n|-boost|p1a: Luxray|spe|1\n|faint|p2a: Crawdaunt\n|\n|-damage|p1a: Luxray|49/283 brn|[from] brn\n|upkeep\n|\n|t:|1732773904\n|switch|p2a: Jirachi|Jirachi, L80|291/291\n|turn|9\n|\n|t:|1732773909\n|move|p1a: Luxray|Facade|p2a: Jirachi\n|-resisted|p2a: Jirachi\n|-damage|p2a: Jirachi|200/291\n|move|p2a: Jirachi|Iron Head|p1a: Luxray\n|-resisted|p1a: Luxray\n|-damage|p1a: Luxray|5/283 brn\n|\n|-heal|p2a: Jirachi|218/291|[from] item: Leftovers\n|-damage|p1a: Luxray|0 fnt|[from] brn\n|faint|p1a: Luxray\n|upkeep\n|\n|t:|1732773913\n|switch|p1a: Iron Jugulis|Iron Jugulis, L78|231/275\n|turn|10\n|\n|t:|1732773917\n|switch|p2a: Deoxys|Deoxys-Speed, L82|56/216\n|-ability|p2a: Deoxys|Pressure\n|move|p1a: Iron Jugulis|Dark Pulse|p2a: Deoxys\n|-supereffective|p2a: Deoxys\n|-damage|p2a: Deoxys|0 fnt\n|faint|p2a: Deoxys\n|\n|upkeep\n|\n|t:|1732773919\n|switch|p2a: Plusle|Plusle, L95, F|139/268\n|turn|11\n|\n|t:|1732773923\n|-end|p1a: Iron Jugulis|Quark Drive|[silent]\n|switch|p1a: Archaludon|Archaludon, L78, F|268/268\n|move|p2a: Plusle|Thunderbolt|p1a: Archaludon\n|-resisted|p1a: Archaludon\n|-damage|p1a: Archaludon|163/268\n|-ability|p1a: Archaludon|Stamina|boost\n|-boost|p1a: Archaludon|def|1\n|-damage|p2a: Plusle|113/268|[from] item: Life Orb\n|\n|upkeep\n|turn|12\n|\n|t:|1732773931\n|move|p2a: Plusle|Alluring Voice|p1a: Archaludon\n|-damage|p1a: Archaludon|55/268\n|-ability|p1a: Archaludon|Stamina|boost\n|-boost|p1a: Archaludon|def|1\n|-damage|p2a: Plusle|87/268|[from] item: Life Orb\n|move|p1a: Archaludon|Earthquake|p2a: Plusle\n|-supereffective|p2a: Plusle\n|-damage|p2a: Plusle|0 fnt\n|faint|p2a: Plusle\n|\n|upkeep\n|\n|t:|1732773937\n|switch|p2a: Jirachi|Jirachi, L80|218/291\n|turn|13\n|\n|t:|1732773939\n|move|p2a: Jirachi|Iron Head|p1a: Archaludon\n|-resisted|p1a: Archaludon\n|-damage|p1a: Archaludon|40/268\n|-ability|p1a: Archaludon|Stamina|boost\n|-boost|p1a: Archaludon|def|1\n|move|p1a: Archaludon|Earthquake|p2a: Jirachi\n|-supereffective|p2a: Jirachi\n|-damage|p2a: Jirachi|86/291\n|\n|-heal|p2a: Jirachi|104/291|[from] item: Leftovers\n|upkeep\n|turn|14\n|\n|t:|1732773942\n|move|p2a: Jirachi|Iron Head|p1a: Archaludon\n|-resisted|p1a: Archaludon\n|-damage|p1a: Archaludon|26/268\n|-ability|p1a: Archaludon|Stamina|boost\n|-boost|p1a: Archaludon|def|1\n|move|p1a: Archaludon|Earthquake|p2a: Jirachi\n|-supereffective|p2a: Jirachi\n|-damage|p2a: Jirachi|0 fnt\n|faint|p2a: Jirachi\n|\n|upkeep\n|\n|t:|1732773945\n|switch|p2a: Sunflora|Sunflora, M|312/312\n|turn|15\n|\n|t:|1732773950\n|move|p1a: Archaludon|Outrage|p2a: Sunflora\n|-damage|p2a: Sunflora|161/312\n|move|p2a: Sunflora|Sunny Day|p2a: Sunflora\n|-weather|SunnyDay\n|\n|-weather|SunnyDay|[upkeep]\n|upkeep\n|turn|16\n|\n|t:|1732773954\n|move|p2a: Sunflora|Weather Ball|p1a: Archaludon\n|-damage|p1a: Archaludon|0 fnt\n|faint|p1a: Archaludon\n|-damage|p2a: Sunflora|130/312|[from] item: Life Orb\n|\n|-weather|SunnyDay|[upkeep]\n|upkeep\n|\n|t:|1732773959\n|switch|p1a: Gyarados|Gyarados, L79, M|280/280\n|-ability|p1a: Gyarados|Intimidate|boost\n|-unboost|p2a: Sunflora|atk|1\n|turn|17\n|\n|t:|1732773963\n|switch|p1a: Iron Jugulis|Iron Jugulis, L78|231/275\n|move|p2a: Sunflora|Solar Beam||[still]\n|-prepare|p2a: Sunflora|Solar Beam\n|-anim|p2a: Sunflora|Solar Beam|p1a: Iron Jugulis\n|-resisted|p1a: Iron Jugulis\n|-damage|p1a: Iron Jugulis|79/275\n|-damage|p2a: Sunflora|99/312|[from] item: Life Orb\n|\n|-weather|SunnyDay|[upkeep]\n|upkeep\n|turn|18\n|\n|t:|1732773968\n|move|p2a: Sunflora|Solar Beam||[still]\n|-prepare|p2a: Sunflora|Solar Beam\n|-anim|p2a: Sunflora|Solar Beam|p1a: Iron Jugulis\n|-resisted|p1a: Iron Jugulis\n|-damage|p1a: Iron Jugulis|0 fnt\n|faint|p1a: Iron Jugulis\n|-end|p1a: Iron Jugulis|Quark Drive|[silent]\n|-damage|p2a: Sunflora|68/312|[from] item: Life Orb\n|\n|-weather|SunnyDay|[upkeep]\n|upkeep\n|\n|t:|1732773972\n|switch|p1a: Porygon-Z|Porygon-Z, L83|277/277\n|-ability|p1a: Porygon-Z|Download|boost\n|-boost|p1a: Porygon-Z|atk|1\n|turn|19\n|\n|t:|1732773976\n|move|p1a: Porygon-Z|Tri Attack|p2a: Sunflora\n|-damage|p2a: Sunflora|0 fnt\n|faint|p2a: Sunflora\n|\n|win|Kumar1220\n|raw|Kumar1220's rating: 2286 &rarr; <strong>2305</strong><br />(+19 for winning)\n|raw|ananananji's rating: 2267 &rarr; <strong>2248</strong><br />(-19 for losing)\n", "inputlog": ">version b107d77f5c90bd6555267ae244a6264823309ead\n>start {\"formatid\":\"gen9randombattle\",\"seed\":[26907,42763,12604,53711],\"rated\":\"Rated battle\"}\n>player p1 {\"name\":\"Kumar1220\",\"avatar\":\"dawn\",\"rating\":2286,\"seed\":[46071,1423,7277,7764]}\n>player p2 {\"name\":\"ananananji\",\"avatar\":\"265\",\"rating\":2267,\"seed\":[45645,17076,3917,719]}\n>p1 move hydropump\n>p2 move psychoboost\n>p1 switch 3\n>p1 move hurricane\n>p2 move knockoff\n>p1 move darkpulse\n>p2 switch 2\n>p1 move earthpower\n>p2 move gunkshot\n>p2 switch 5\n>p1 switch 2\n>p2 move nastyplot\n>p1 move trailblaze\n>p2 move alluringvoice\n>p1 move facade\n>p2 switch 3\n>p1 move trailblaze\n>p2 move crabhammer\n>p2 switch 6\n>p1 move facade\n>p2 move ironhead\n>p1 switch 2\n>p1 move darkpulse\n>p2 switch 2\n>p2 switch 3\n>p1 switch 5\n>p2 move thunderbolt\n>p1 move earthquake\n>p2 move alluringvoice\n>p2 switch 2\n>p1 move earthquake\n>p2 move ironhead\n>p1 move earthquake\n>p2 move ironhead\n>p2 switch 4\n>p1 move outrage\n>p2 move sunnyday\n>p1 move outrage\n>p2 move weatherball\n>p1 switch 6\n>p1 switch 5\n>p2 move solarbeam\n>p1 move darkpulse\n>p2 move solarbeam\n>p1 switch 4\n>p1 move triattack\n>p2 move weatherball", "uploadtime": 1732773983, "views": 14, "formatid": "gen9randombattle", "rating": 2248, "private": 0, "password": null}