{"id": "gen9randombattle-2259930026", "format": "[Gen 9] Random Battle", "players": ["Vidal of kc", "legobuilder899"], "log": "|j|\u2606Vidal of kc\n|j|\u2606legobuilder899\n|t:|1733781129\n|gametype|singles\n|player|p1|Vidal of kc|266|1135\n|player|p2|legobuilder899|266|1185\n|teamsize|p1|6\n|teamsize|p2|6\n|gen|9\n|tier|[Gen 9] Random Battle\n|rated|\n|rule|Species Clause: Limit one of each Pok\u00e9mon\n|rule|HP Percentage Mod: HP is shown in percentages\n|rule|Sleep Clause Mod: Limit one foe put to sleep\n|rule|Illusion Level Mod: Illusion disguises the Pok\u00e9mon's true level\n|\n|t:|1733781129\n|start\n|switch|p1a: Donphan|Donphan, L84, M|288/288\n|switch|p2a: Raichu|Raichu-Alola, L87, M|246/246\n|turn|1\n|\n|t:|1733781146\n|switch|p2a: Furret|Furret, L94, M|312/312\n|-item|p1a: Donphan|Assault Vest|[from] ability: Frisk|[of] p2a: Furret\n|move|p1a: Donphan|Rapid Spin|p2a: Furret\n|-damage|p2a: Furret|264/312\n|-boost|p1a: Donphan|spe|1\n|\n|upkeep\n|turn|2\n|\n|t:|1733781157\n|move|p2a: Furret|Knock Off|p1a: Donphan\n|-damage|p1a: Donphan|203/288\n|-enditem|p1a: Donphan|Assault Vest|[from] move: Knock Off|[of] p2a: Furret\n|move|p1a: Donphan|Knock Off|p2a: Furret\n|-damage|p2a: Furret|169/312\n|-enditem|p2a: Furret|Choice Band|[from] move: Knock Off|[of] p1a: Donphan\n|\n|upkeep\n|turn|3\n|\n|t:|1733781164\n|move|p2a: Furret|Double-Edge|p1a: Donphan\n|-damage|p1a: Donphan|92/288\n|-damage|p2a: Furret|132/312|[from] Recoil\n|move|p1a: Donphan|Rapid Spin|p2a: Furret\n|-damage|p2a: Furret|85/312\n|-boost|p1a: Donphan|spe|1\n|\n|upkeep\n|turn|4\n|\n|t:|1733781173\n|move|p1a: Donphan|Earthquake|p2a: Furret\n|-damage|p2a: Furret|0 fnt\n|faint|p2a: Furret\n|\n|upkeep\n|\n|t:|1733781179\n|switch|p2a: Porygon-Z|Porygon-Z, L83|277/277\n|turn|5\n|\n|t:|1733781189\n|move|p1a: Donphan|Earthquake|p2a: Porygon-Z\n|-damage|p2a: Porygon-Z|130/277\n|move|p2a: Porygon-Z|Agility|p2a: Porygon-Z\n|-boost|p2a: Porygon-Z|spe|2\n|\n|upkeep\n|turn|6\n|\n|t:|1733781196\n|move|p2a: Porygon-Z|Tera Blast|p1a: Donphan\n|-damage|p1a: Donphan|0 fnt\n|faint|p1a: Donphan\n|-damage|p2a: Porygon-Z|103/277|[from] item: Life Orb\n|\n|upkeep\n|\n|t:|1733781212\n|switch|p1a: Palossand|Palossand, L89, F|296/296\n|turn|7\n|\n|t:|1733781221\n|move|p2a: Porygon-Z|Nasty Plot|p2a: Porygon-Z\n|-boost|p2a: Porygon-Z|spa|2\n|move|p1a: Palossand|Earth Power|p2a: Porygon-Z\n|-damage|p2a: Porygon-Z|0 fnt\n|faint|p2a: Porygon-Z\n|\n|upkeep\n|inactive|Battle timer is ON: inactive players will automatically lose when time's up. (requested by Vidal of kc)\n|\n|t:|1733781237\n|switch|p2a: Cacturne|Cacturne, L92, F|278/278\n|turn|8\n|\n|t:|1733781243\n|move|p2a: Cacturne|Toxic Spikes|p1a: Palossand\n|-sidestart|p1: Vidal of kc|move: Toxic Spikes\n|move|p1a: Palossand|Sludge Bomb|p2a: Cacturne\n|-supereffective|p2a: Cacturne\n|-damage|p2a: Cacturne|106/278\n|\n|upkeep\n|turn|9\n|\n|t:|1733781252\n|move|p2a: Cacturne|Knock Off|p1a: Palossand\n|-supereffective|p1a: Palossand\n|-damage|p1a: Palossand|31/296\n|-enditem|p1a: Palossand|Leftovers|[from] move: Knock Off|[of] p2a: Cacturne\n|-damage|p2a: Cacturne|79/278|[from] item: Life Orb\n|move|p1a: Palossand|Sludge Bomb|p2a: Cacturne\n|-supereffective|p2a: Cacturne\n|-damage|p2a: Cacturne|0 fnt\n|faint|p2a: Cacturne\n|\n|upkeep\n|\n|t:|1733781264\n|switch|p2a: Mienshao|Mienshao, L83, F|244/244\n|turn|10\n|\n|t:|1733781272\n|move|p2a: Mienshao|Triple Axel|p1a: Palossand\n|-supereffective|p1a: Palossand\n|-damage|p1a: Palossand|0 fnt\n|faint|p1a: Palossand\n|-hitcount|p1: Palossand|1\n|-damage|p2a: Mienshao|220/244|[from] item: Life Orb\n|\n|upkeep\n|\n|t:|1733781276\n|switch|p1a: Grimmsnarl|Grimmsnarl, L83, M|293/293\n|-status|p1a: Grimmsnarl|psn\n|turn|11\n|\n|t:|1733781292\n|move|p2a: Mienshao|Close Combat|p1a: Grimmsnarl\n|-damage|p1a: Grimmsnarl|32/293 psn\n|-unboost|p2a: Mienshao|def|1\n|-unboost|p2a: Mienshao|spd|1\n|-damage|p2a: Mienshao|196/244|[from] item: Life Orb\n|move|p1a: Grimmsnarl|Spirit Break|p2a: Mienshao\n|-supereffective|p2a: Mienshao\n|-damage|p2a: Mienshao|0 fnt\n|faint|p2a: Mienshao\n|\n|-heal|p1a: Grimmsnarl|50/293 psn|[from] item: Leftovers\n|-damage|p1a: Grimmsnarl|14/293 psn|[from] psn\n|upkeep\n|\n|t:|1733781311\n|switch|p2a: Torterra|Torterra, L78, F|276/276\n|turn|12\n|\n|t:|1733781318\n|move|p1a: Grimmsnarl|Parting Shot|p2a: Torterra\n|-unboost|p2a: Torterra|atk|1\n|-unboost|p2a: Torterra|spa|1\n|\n|t:|1733781323\n|switch|p1a: Emboar|Emboar, L84, M|322/322|[from] Parting Shot\n|-status|p1a: Emboar|psn\n|move|p2a: Torterra|Shell Smash|p2a: Torterra\n|-unboost|p2a: Torterra|def|1\n|-unboost|p2a: Torterra|spd|1\n|-boost|p2a: Torterra|atk|2\n|-boost|p2a: Torterra|spa|2\n|-boost|p2a: Torterra|spe|2\n|\n|-damage|p1a: Emboar|282/322 psn|[from] psn\n|upkeep\n|turn|13\n|\n|t:|1733781338\n|move|p2a: Torterra|Rock Blast|p1a: Emboar\n|-damage|p1a: Emboar|249/322 psn\n|-damage|p1a: Emboar|215/322 psn\n|-damage|p1a: Emboar|180/322 psn\n|-damage|p1a: Emboar|148/322 psn\n|-damage|p1a: Emboar|119/322 psn\n|-hitcount|p1a: Emboar|5\n|move|p1a: Emboar|Close Combat|p2a: Torterra\n|-damage|p2a: Torterra|69/276\n|-unboost|p1a: Emboar|def|1\n|-unboost|p1a: Emboar|spd|1\n|\n|-damage|p1a: Emboar|79/322 psn|[from] psn\n|upkeep\n|turn|14\n|\n|t:|1733781350\n|move|p2a: Torterra|Rock Blast|p1a: Emboar\n|-damage|p1a: Emboar|29/322 psn\n|-damage|p1a: Emboar|0 fnt\n|faint|p1a: Emboar\n|-hitcount|p1: Emboar|2\n|\n|upkeep\n|\n|t:|1733781354\n|switch|p1a: Grimmsnarl|Grimmsnarl, L83, M|14/293 psn\n|turn|15\n|\n|t:|1733781362\n|move|p1a: Grimmsnarl|Sucker Punch|p2a: Torterra\n|-damage|p2a: Torterra|0 fnt\n|faint|p2a: Torterra\n|\n|-heal|p1a: Grimmsnarl|32/293 psn|[from] item: Leftovers\n|-damage|p1a: Grimmsnarl|0 fnt|[from] psn\n|faint|p1a: Grimmsnarl\n|upkeep\n|\n|t:|1733781368\n|switch|p1a: Ludicolo|Ludicolo, L90, M|290/290\n|switch|p2a: Raichu|Raichu-Alola, L87, M|246/246\n|-status|p1a: Ludicolo|psn\n|turn|16\n|\n|t:|1733781386\n|move|p2a: Raichu|Psychic|p1a: Ludicolo\n|-damage|p1a: Ludicolo|167/290 psn\n|move|p1a: Ludicolo|Leaf Storm|p2a: Raichu\n|-damage|p2a: Raichu|5/246\n|-unboost|p1a: Ludicolo|spa|2\n|\n|-damage|p1a: Ludicolo|131/290 psn|[from] psn\n|upkeep\n|turn|17\n|\n|t:|1733781394\n|move|p2a: Raichu|Psychic|p1a: Ludicolo\n|-damage|p1a: Ludicolo|8/290 psn\n|-unboost|p1a: Ludicolo|spd|1\n|move|p1a: Ludicolo|Leaf Storm|p2a: Raichu\n|-damage|p2a: Raichu|0 fnt\n|-unboost|p1a: Ludicolo|spa|2\n|faint|p2a: Raichu\n|\n|win|Vidal of kc\n|raw|Vidal of kc's rating: 1135 &rarr; <strong>1164</strong><br />(+29 for winning)\n|raw|legobuilder899's rating: 1185 &rarr; <strong>1156</strong><br />(-29 for losing)\n|l|\u2606legobuilder899\n|player|p2|\n", "inputlog": ">version bfd83cad13791eb5a5a409923076391caf6fb4d4\n>start {\"formatid\":\"gen9randombattle\",\"seed\":[30892,54393,51976,61279],\"rated\":\"Rated battle\"}\n>player p1 {\"name\":\"Vidal of kc\",\"avatar\":\"266\",\"rating\":1135,\"seed\":[9548,58277,50760,45656]}\n>player p2 {\"name\":\"legobuilder899\",\"avatar\":\"266\",\"rating\":1185,\"seed\":[9909,2283,4712,28854]}\n>p1 move rapidspin\n>p2 switch 2\n>p1 move knockoff\n>p2 move knockoff\n>p1 move rapidspin\n>p2 move doubleedge\n>p1 move earthquake\n>p2 move doubleedge\n>p2 switch 3\n>p1 move earthquake\n>p2 move agility\n>p1 move earthquake\n>p2 move terablast\n>p1 switch 3\n>p1 move earthpower\n>p2 move nastyplot\n>p2 switch 4\n>p1 move sludgebomb\n>p2 move toxicspikes\n>p1 move sludgebomb\n>p2 move knockoff\n>p2 switch 5\n>p1 move earthpower\n>p2 move tripleaxel\n>p1 switch 6\n>p1 move spiritbreak\n>p2 move closecombat\n>p2 switch 6\n>p1 move partingshot\n>p2 move shellsmash\n>p1 switch 2\n>p1 move closecombat\n>p2 move rockblast\n>p1 move closecombat\n>p2 move rockblast\n>p1 switch 2\n>p1 move suckerpunch\n>p2 move bulletseed\n>p1 switch 4\n>p2 switch 2\n>p1 move leafstorm\n>p2 move psychic\n>p1 move leafstorm\n>p2 move psychic", "uploadtime": 1733781427, "views": 14, "formatid": "gen9randombattle", "rating": 1156, "private": 0, "password": null}