{"id": "gen9randombattle-2137981290", "format": "[Gen 9] Random Battle", "players": ["GothamPaladin", "Iceman8911"], "log": "|j|\u2606GothamPaladin\n|j|\u2606Iceman8911\n|t:|1717669162\n|gametype|singles\n|player|p1|GothamPaladin|flannery|2261\n|player|p2|Iceman8911|lysandre-masters|2200\n|teamsize|p1|6\n|teamsize|p2|6\n|gen|9\n|tier|[Gen 9] Random Battle\n|rated|\n|rule|Species Clause: Limit one of each Pok\u00e9mon\n|rule|HP Percentage Mod: HP is shown in percentages\n|rule|Sleep Clause Mod: Limit one foe put to sleep\n|rule|Illusion Level Mod: Illusion disguises the Pok\u00e9mon's true level\n|\n|t:|1717669162\n|start\n|switch|p1a: Sceptile|Sceptile, L87, F|264/264\n|switch|p2a: Qwilfish|Qwilfish, L86, M|252/252\n|-ability|p2a: Qwilfish|Intimidate|boost\n|-unboost|p1a: Sceptile|atk|1\n|turn|1\n|inactive|Battle timer is ON: inactive players will automatically lose when time's up. (requested by Iceman8911)\n|\n|t:|1717669171\n|move|p1a: Sceptile|Shed Tail|p1a: Sceptile\n|-start|p1a: Sceptile|Substitute|[from] move: Shed Tail\n|-damage|p1a: Sceptile|132/264\n|j| Ragnnis\n|\n|t:|1717669191\n|switch|p1a: Ninetales|Ninetales, L85, F|263/263|[from] Shed Tail\n|-weather|SunnyDay|[from] ability: Drought|[of] p1a: Ninetales\n|move|p2a: Qwilfish|Gunk Shot|p1a: Ninetales\n|-end|p1a: Ninetales|Substitute\n|\n|-weather|SunnyDay|[upkeep]\n|upkeep\n|turn|2\n|\n|t:|1717669203\n|move|p1a: Ninetales|Nasty Plot|p1a: Ninetales\n|-boost|p1a: Ninetales|spa|2\n|move|p2a: Qwilfish|Thunder Wave|p1a: Ninetales|[miss]\n|-miss|p2a: Qwilfish|p1a: Ninetales\n|\n|-weather|SunnyDay|[upkeep]\n|upkeep\n|turn|3\n|\n|t:|1717669220\n|switch|p2a: Bronzong|Bronzong, L88|261/261\n|move|p1a: Ninetales|Scorching Sands|p2a: Bronzong\n|-immune|p2a: Bronzong|[from] ability: Levitate\n|\n|-weather|SunnyDay|[upkeep]\n|upkeep\n|turn|4\n|\n|t:|1717669227\n|switch|p2a: Palkia|Palkia-Origin, L72|249/249\n|-ability|p2a: Palkia|Pressure\n|move|p1a: Ninetales|Fire Blast|p2a: Palkia\n|-resisted|p2a: Palkia\n|-damage|p2a: Palkia|180/249\n|\n|-weather|SunnyDay|[upkeep]\n|upkeep\n|turn|5\n|\n|t:|1717669234\n|move|p1a: Ninetales|Solar Beam||[still]\n|-prepare|p1a: Ninetales|Solar Beam\n|-anim|p1a: Ninetales|Solar Beam|p2a: Palkia\n|-damage|p2a: Palkia|39/249\n|move|p2a: Palkia|Thunder Wave|p1a: Ninetales\n|-status|p1a: Ninetales|par\n|\n|-weather|none\n|upkeep\n|turn|6\n|j| sheffieldboys2\n|\n|t:|1717669243\n|switch|p1a: Sceptile|Sceptile, L87, F|132/264\n|move|p2a: Palkia|Hydro Pump|p1a: Sceptile\n|-resisted|p1a: Sceptile\n|-damage|p1a: Sceptile|56/264\n|\n|upkeep\n|turn|7\n|\n|t:|1717669252\n|switch|p2a: Bronzong|Bronzong, L88|261/261\n|move|p1a: Sceptile|Giga Drain|p2a: Bronzong\n|-resisted|p2a: Bronzong\n|-damage|p2a: Bronzong|188/261\n|-heal|p1a: Sceptile|93/264|[from] drain|[of] p2a: Bronzong\n|-damage|p1a: Sceptile|67/264|[from] item: Life Orb\n|\n|-heal|p2a: Bronzong|204/261|[from] item: Leftovers\n|upkeep\n|turn|8\n|\n|t:|1717669264\n|move|p1a: Sceptile|Focus Blast|p2a: Bronzong\n|-damage|p2a: Bronzong|105/261\n|-damage|p1a: Sceptile|41/264|[from] item: Life Orb\n|move|p2a: Bronzong|Psychic Noise|p1a: Sceptile\n|-damage|p1a: Sceptile|0 fnt\n|faint|p1a: Sceptile\n|\n|-heal|p2a: Bronzong|121/261|[from] item: Leftovers\n|upkeep\n|\n|t:|1717669268\n|switch|p1a: Gengar|Gengar, L81, M|230/230\n|turn|9\n|j| Denkenshiki\n|\n|t:|1717669275\n|switch|p2a: Ursaluna|Ursaluna-Bloodmoon, L79, M|308/308\n|move|p1a: Gengar|Shadow Ball|p2a: Ursaluna\n|-immune|p2a: Ursaluna\n|\n|upkeep\n|turn|10\n|\n|t:|1717669282\n|switch|p1a: Orthworm|Orthworm, L88, F|266/266\n|move|p2a: Ursaluna|Blood Moon|p1a: Orthworm\n|-resisted|p1a: Orthworm\n|-damage|p1a: Orthworm|151/266\n|\n|-heal|p1a: Orthworm|167/266|[from] item: Leftovers\n|upkeep\n|turn|11\n|\n|t:|1717669288\n|move|p1a: Orthworm|Stealth Rock|p2a: Ursaluna\n|-sidestart|p2: Iceman8911|move: Stealth Rock\n|move|p2a: Ursaluna|Calm Mind|p2a: Ursaluna\n|-boost|p2a: Ursaluna|spa|1\n|-boost|p2a: Ursaluna|spd|1\n|\n|-heal|p1a: Orthworm|183/266|[from] item: Leftovers\n|upkeep\n|turn|12\n|\n|t:|1717669295\n|move|p1a: Orthworm|Body Press|p2a: Ursaluna\n|-supereffective|p2a: Ursaluna\n|-damage|p2a: Ursaluna|174/308\n|move|p2a: Ursaluna|Blood Moon|p1a: Orthworm\n|-resisted|p1a: Orthworm\n|-damage|p1a: Orthworm|20/266\n|\n|-heal|p1a: Orthworm|36/266|[from] item: Leftovers\n|-heal|p2a: Ursaluna|193/308|[from] item: Leftovers\n|upkeep\n|turn|13\n|\n|t:|1717669303\n|move|p1a: Orthworm|Body Press|p2a: Ursaluna\n|-supereffective|p2a: Ursaluna\n|-damage|p2a: Ursaluna|59/308\n|move|p2a: Ursaluna|Moonlight|p2a: Ursaluna\n|-heal|p2a: Ursaluna|213/308\n|\n|-heal|p1a: Orthworm|52/266|[from] item: Leftovers\n|-heal|p2a: Ursaluna|232/308|[from] item: Leftovers\n|upkeep\n|turn|14\n|\n|t:|1717669309\n|move|p2a: Ursaluna|Vacuum Wave|p1a: Orthworm\n|-supereffective|p1a: Orthworm\n|-damage|p1a: Orthworm|0 fnt\n|faint|p1a: Orthworm\n|\n|-heal|p2a: Ursaluna|251/308|[from] item: Leftovers\n|upkeep\n|\n|t:|1717669317\n|switch|p1a: Gengar|Gengar, L81, M|230/230\n|turn|15\n|\n|t:|1717669322\n|move|p1a: Gengar|Encore|p2a: Ursaluna\n|-start|p2a: Ursaluna|Encore\n|move|p2a: Ursaluna|Vacuum Wave|p1a: Gengar\n|-resisted|p1a: Gengar\n|-damage|p1a: Gengar|202/230\n|-start|p2a: Ursaluna|Disable|Vacuum Wave|[from] ability: Cursed Body|[of] p1a: Gengar\n|\n|-heal|p2a: Ursaluna|270/308|[from] item: Leftovers\n|upkeep\n|turn|16\n|\n|t:|1717669329\n|switch|p2a: Palkia|Palkia-Origin, L72|39/249\n|-damage|p2a: Palkia|8/249|[from] Stealth Rock\n|-ability|p2a: Palkia|Pressure\n|move|p1a: Gengar|Sludge Wave|p2a: Palkia\n|-damage|p2a: Palkia|0 fnt\n|faint|p2a: Palkia\n|-damage|p1a: Gengar|179/230|[from] item: Life Orb\n|\n|upkeep\n|\n|t:|1717669338\n|switch|p2a: Qwilfish|Qwilfish, L86, M|252/252\n|-ability|p2a: Qwilfish|Intimidate|boost\n|-unboost|p1a: Gengar|atk|1\n|turn|17\n|\n|t:|1717669342\n|switch|p1a: Ninetales|Ninetales, L85, F|263/263 par\n|-weather|SunnyDay|[from] ability: Drought|[of] p1a: Ninetales\n|move|p2a: Qwilfish|Thunder Wave|p1a: Ninetales|[miss]\n|-miss|p2a: Qwilfish|p1a: Ninetales\n|\n|-weather|SunnyDay|[upkeep]\n|upkeep\n|turn|18\n|\n|t:|1717669350\n|move|p2a: Qwilfish|Flip Turn|p1a: Ninetales\n|-supereffective|p1a: Ninetales\n|-damage|p1a: Ninetales|195/263 par\n|\n|t:|1717669357\n|switch|p2a: Bronzong|Bronzong, L88|121/261|[from] Flip Turn\n|-damage|p2a: Bronzong|105/261|[from] Stealth Rock\n|move|p1a: Ninetales|Fire Blast|p2a: Bronzong\n|-supereffective|p2a: Bronzong\n|-damage|p2a: Bronzong|0 fnt\n|faint|p2a: Bronzong\n|\n|-weather|SunnyDay|[upkeep]\n|upkeep\n|\n|t:|1717669366\n|switch|p2a: Mew|Mew, L82|298/298\n|-damage|p2a: Mew|261/298|[from] Stealth Rock\n|turn|19\n|\n|t:|1717669371\n|move|p2a: Mew|Psychic|p1a: Ninetales\n|-damage|p1a: Ninetales|108/263 par\n|move|p1a: Ninetales|Fire Blast|p2a: Mew\n|-damage|p2a: Mew|126/298\n|\n|-weather|SunnyDay|[upkeep]\n|-heal|p2a: Mew|144/298|[from] item: Leftovers\n|upkeep\n|turn|20\n|\n|t:|1717669377\n|move|p2a: Mew|Psychic|p1a: Ninetales\n|-damage|p1a: Ninetales|21/263 par\n|move|p1a: Ninetales|Fire Blast|p2a: Mew\n|-damage|p2a: Mew|0 fnt\n|faint|p2a: Mew\n|\n|-weather|SunnyDay|[upkeep]\n|upkeep\n|\n|t:|1717669385\n|switch|p2a: Qwilfish|Qwilfish, L86, M|252/252\n|-ability|p2a: Qwilfish|Intimidate|boost\n|-unboost|p1a: Ninetales|atk|1\n|turn|21\n|\n|t:|1717669391\n|move|p2a: Qwilfish|Gunk Shot|p1a: Ninetales\n|-damage|p1a: Ninetales|0 fnt\n|faint|p1a: Ninetales\n|\n|-weather|none\n|upkeep\n|\n|t:|1717669393\n|switch|p1a: Grumpig|Grumpig, L92, M|297/297\n|turn|22\n|\n|t:|1717669399\n|-terastallize|p2a: Qwilfish|Dark\n|move|p1a: Grumpig|Trick|p2a: Qwilfish\n|-activate|p1a: Grumpig|move: Trick|[of] p2a: Qwilfish\n|-item|p2a: Qwilfish|Choice Scarf|[from] move: Trick\n|-item|p1a: Grumpig|Heavy-Duty Boots|[from] move: Trick\n|move|p2a: Qwilfish|Thunder Wave|p1a: Grumpig\n|-status|p1a: Grumpig|par\n|\n|upkeep\n|turn|23\n|\n|t:|1717669408\n|switch|p2a: Arbok|Arbok, L87, M|246/246\n|-damage|p2a: Arbok|216/246|[from] Stealth Rock\n|-ability|p2a: Arbok|Intimidate|boost\n|-unboost|p1a: Grumpig|atk|1\n|move|p1a: Grumpig|Focus Blast|p2a: Arbok\n|-resisted|p2a: Arbok\n|-damage|p2a: Arbok|170/246\n|\n|upkeep\n|turn|24\n|\n|t:|1717669415\n|move|p2a: Arbok|Gunk Shot|p1a: Grumpig\n|-damage|p1a: Grumpig|114/297 par\n|-damage|p2a: Arbok|146/246|[from] item: Life Orb\n|move|p1a: Grumpig|Focus Blast|p2a: Arbok|[miss]\n|-miss|p1a: Grumpig|p2a: Arbok\n|\n|upkeep\n|turn|25\n|\n|t:|1717669429\n|move|p2a: Arbok|Sucker Punch|p1a: Grumpig\n|-supereffective|p1a: Grumpig\n|-damage|p1a: Grumpig|0 fnt\n|faint|p1a: Grumpig\n|-damage|p2a: Arbok|122/246|[from] item: Life Orb\n|\n|upkeep\n|\n|t:|1717669434\n|switch|p1a: Gengar|Gengar, L81, M|179/230\n|turn|26\n|\n|t:|1717669438\n|switch|p2a: Qwilfish|Qwilfish, L86, M, tera:Dark|252/252\n|-damage|p2a: Qwilfish|221/252|[from] Stealth Rock\n|-ability|p2a: Qwilfish|Intimidate|boost\n|-unboost|p1a: Gengar|atk|1\n|move|p1a: Gengar|Shadow Ball|p2a: Qwilfish\n|-resisted|p2a: Qwilfish\n|-damage|p2a: Qwilfish|137/252\n|-damage|p1a: Gengar|156/230|[from] item: Life Orb\n|\n|upkeep\n|turn|27\n|\n|t:|1717669446\n|move|p2a: Qwilfish|Thunder Wave|p1a: Gengar\n|-status|p1a: Gengar|par\n|move|p1a: Gengar|Sludge Wave|p2a: Qwilfish\n|-damage|p2a: Qwilfish|0 fnt\n|faint|p2a: Qwilfish\n|-damage|p1a: Gengar|133/230 par|[from] item: Life Orb\n|\n|upkeep\n|\n|t:|1717669449\n|switch|p2a: Arbok|Arbok, L87, M|122/246\n|-damage|p2a: Arbok|92/246|[from] Stealth Rock\n|-ability|p2a: Arbok|Intimidate|boost\n|-unboost|p1a: Gengar|atk|1\n|turn|28\n|\n|t:|1717669454\n|move|p2a: Arbok|Earthquake|p1a: Gengar\n|-supereffective|p1a: Gengar\n|-damage|p1a: Gengar|0 fnt\n|-start|p2a: Arbok|Disable|Earthquake|[from] ability: Cursed Body|[of] p1a: Gengar\n|faint|p1a: Gengar\n|-damage|p2a: Arbok|68/246|[from] item: Life Orb\n|\n|upkeep\n|\n|t:|1717669456\n|switch|p1a: Chimecho|Chimecho, L94, M|293/293\n|turn|29\n|\n|t:|1717669465\n|-terastallize|p1a: Chimecho|Poison\n|move|p2a: Arbok|Gunk Shot|p1a: Chimecho|[miss]\n|-miss|p2a: Arbok|p1a: Chimecho\n|move|p1a: Chimecho|Psychic Noise|p2a: Arbok\n|-supereffective|p2a: Arbok\n|-damage|p2a: Arbok|0 fnt\n|faint|p2a: Arbok\n|\n|upkeep\n|\n|t:|1717669469\n|switch|p2a: Ursaluna|Ursaluna-Bloodmoon, L79, M|270/308\n|-damage|p2a: Ursaluna|251/308|[from] Stealth Rock\n|turn|30\n|\n|t:|1717669472\n|move|p1a: Chimecho|Knock Off|p2a: Ursaluna\n|-damage|p2a: Ursaluna|208/308\n|-enditem|p2a: Ursaluna|Leftovers|[from] move: Knock Off|[of] p1a: Chimecho\n|move|p2a: Ursaluna|Calm Mind|p2a: Ursaluna\n|-boost|p2a: Ursaluna|spa|1\n|-boost|p2a: Ursaluna|spd|1\n|\n|upkeep\n|turn|31\n|\n|t:|1717669477\n|move|p1a: Chimecho|Psychic Noise|p2a: Ursaluna\n|-crit|p2a: Ursaluna\n|-damage|p2a: Ursaluna|13/308\n|-start|p2a: Ursaluna|move: Heal Block\n|move|p2a: Ursaluna|Blood Moon|p1a: Chimecho\n|-crit|p1a: Chimecho\n|-damage|p1a: Chimecho|0 fnt\n|faint|p1a: Chimecho\n|\n|win|Iceman8911\n|raw|GothamPaladin's rating: 2261 &rarr; <strong>2239</strong><br />(-22 for losing)\n|raw|Iceman8911's rating: 2219 &rarr; <strong>2241</strong><br />(+22 for winning)\n|l|\u2606GothamPaladin\n|player|p1|\n|c|\u2606Iceman8911|:p\n", "inputlog": ">version f9cb5564d20655cae0a2e0c61a4cb48bd401cdfe\n>start {\"formatid\":\"gen9randombattle\",\"seed\":[20323,17819,35709,20974],\"rated\":\"Rated battle\"}\n>player p1 {\"name\":\"GothamPaladin\",\"avatar\":\"flannery\",\"rating\":2261,\"seed\":[24446,29534,65062,53858]}\n>player p2 {\"name\":\"Iceman8911\",\"avatar\":\"lysandre-masters\",\"rating\":2200,\"seed\":[61001,16099,38366,58174]}\n>p1 move shedtail\n>p2 move gunkshot\n>p1 switch 6\n>p1 move nastyplot\n>p2 move thunderwave\n>p1 move scorchingsands\n>p2 switch 3\n>p1 move fireblast\n>p2 switch 5\n>p1 move solarbeam\n>p2 move thunderwave\n>p1 switch 6\n>p2 move hydropump\n>p1 move gigadrain\n>p2 switch 5\n>p1 move focusblast\n>p2 move psychicnoise\n>p1 switch 5\n>p1 move shadowball\n>p2 switch 4\n>p1 switch 4\n>p2 move bloodmoon\n>p1 move stealthrock\n>p2 move calmmind\n>p1 move bodypress\n>p2 move bloodmoon\n>p1 move bodypress\n>p2 move moonlight\n>p1 move bodypress\n>p2 move vacuumwave\n>p1 switch 4\n>p1 move encore\n>p2 move bloodmoon\n>p1 move sludgewave\n>p2 switch 5\n>p2 switch 3\n>p1 switch 6\n>p2 move thunderwave\n>p1 move fireblast\n>p2 move flipturn\n>p2 switch 4\n>p2 switch 6\n>p1 move fireblast\n>p2 move psychic\n>p1 move fireblast\n>p2 move psychic\n>p2 switch 4\n>p1 move scorchingsands\n>p2 move gunkshot\n>p1 switch 2\n>p1 move trick\n>p2 move thunderwave terastallize\n>p1 move focusblast\n>p2 switch 2\n>p1 move focusblast\n>p2 move gunkshot\n>p1 move psychic\n>p2 move suckerpunch\n>p1 switch 6\n>p1 move shadowball\n>p2 switch 2\n>p1 move sludgewave\n>p2 move thunderwave\n>p2 switch 2\n>p1 move shadowball\n>p2 move earthquake\n>p1 switch 3\n>p1 move psychicnoise terastallize\n>p2 move gunkshot\n>p2 switch 5\n>p1 move knockoff\n>p2 move calmmind\n>p1 move psychicnoise\n>p2 move bloodmoon", "uploadtime": 1717669494, "views": 214, "formatid": "gen9randombattle", "rating": 2239, "private": 0, "password": null}