{"id": "gen9randombattle-2202255724", "format": "[Gen 9] Random Battle", "players": ["RBLT chemcoop", "RBLT Buhrito"], "log": "|badge|p1|silver|gen9randombattle|30-2\n|uhtml|medal-msg|<div class=\"broadcast-blue\">Curious what those medals under the avatar are? PS now has Ladder Seasons! For more information, check out the <a href=\"https://www.smogon.com/forums/threads/3740067/\">thread on Smogon.</a></div>\n|badge|p2|silver|gen9randombattle|30-2\n|uhtml|medal-msg|<div class=\"broadcast-blue\">Curious what those medals under the avatar are? PS now has Ladder Seasons! For more information, check out the <a href=\"https://www.smogon.com/forums/threads/3740067/\">thread on Smogon.</a></div>\n|raw|<div class=\"broadcast-blue\"><strong>This battle is required to be public due to a player having a name starting with 'rblt'.</div>\n|j|\u2606RBLT chemcoop\n|j|\u2606RBLT Buhrito\n|t:|1726422093\n|gametype|singles\n|player|p1|RBLT chemcoop|#chemcoop|2495\n|player|p2|RBLT Buhrito|#rbtt7teamchiyuf|2417\n|teamsize|p1|6\n|teamsize|p2|6\n|gen|9\n|tier|[Gen 9] Random Battle\n|rated|\n|rule|Species Clause: Limit one of each Pok\u00e9mon\n|rule|HP Percentage Mod: HP is shown in percentages\n|rule|Sleep Clause Mod: Limit one foe put to sleep\n|rule|Illusion Level Mod: Illusion disguises the Pok\u00e9mon's true level\n|\n|t:|1726422093\n|start\n|switch|p1a: Uxie|Uxie, L83|260/260\n|switch|p2a: Raichu|Raichu-Alola, L87, F|246/246\n|turn|1\n|\n|t:|1726422110\n|move|p2a: Raichu|Volt Switch|p1a: Uxie\n|-damage|p1a: Uxie|167/260\n|\n|t:|1726422126\n|switch|p2a: Slowbro|Slowbro-Galar, L87, F|307/307|[from] Volt Switch\n|move|p1a: Uxie|Stealth Rock|p2a: Slowbro\n|-sidestart|p2: RBLT Buhrito|move: Stealth Rock\n|\n|-heal|p1a: Uxie|183/260|[from] item: Leftovers\n|upkeep\n|turn|2\n|\n|t:|1726422132\n|move|p1a: Uxie|Knock Off|p2a: Slowbro\n|-supereffective|p2a: Slowbro\n|-damage|p2a: Slowbro|207/307\n|-enditem|p2a: Slowbro|Life Orb|[from] move: Knock Off|[of] p1a: Uxie\n|move|p2a: Slowbro|Shell Side Arm|p1a: Uxie|[anim] Shell Side Arm Special\n|-damage|p1a: Uxie|105/260\n|-hint|Special Shell Side Arm\n|\n|-heal|p1a: Uxie|121/260|[from] item: Leftovers\n|upkeep\n|turn|3\n|j| rblt hiye\n|j| PeaTSD\n|\n|t:|1726422145\n|move|p1a: Uxie|U-turn|p2a: Slowbro\n|-damage|p2a: Slowbro|169/307\n|\n|t:|1726422151\n|switch|p1a: Darkrai|Darkrai, L76|231/231|[from] U-turn\n|move|p2a: Slowbro|Shell Side Arm|p1a: Darkrai|[anim] Shell Side Arm Physical\n|-damage|p1a: Darkrai|119/231\n|-hint|Physical Shell Side Arm\n|\n|upkeep\n|turn|4\n|\n|t:|1726422168\n|switch|p2a: Dewgong|Dewgong, L94, F|322/322\n|move|p1a: Darkrai|Dark Pulse|p2a: Dewgong\n|-damage|p2a: Dewgong|228/322\n|-damage|p1a: Darkrai|96/231|[from] item: Life Orb\n|\n|upkeep\n|turn|5\n|j| lemon fig\n|j|+BoboMania\n|\n|t:|1726422185\n|move|p1a: Darkrai|Focus Blast|p2a: Dewgong\n|-supereffective|p2a: Dewgong\n|-damage|p2a: Dewgong|25/322\n|-damage|p1a: Darkrai|73/231|[from] item: Life Orb\n|move|p2a: Dewgong|Surf|p1a: Darkrai\n|-damage|p1a: Darkrai|0 fnt\n|faint|p1a: Darkrai\n|\n|upkeep\n|\n|t:|1726422191\n|switch|p1a: Uxie|Uxie, L83|121/260\n|turn|6\n|\n|t:|1726422196\n|switch|p2a: Slowbro|Slowbro-Galar, L87, F|271/307\n|-damage|p2a: Slowbro|233/307|[from] Stealth Rock\n|move|p1a: Uxie|Knock Off|p2a: Slowbro\n|-supereffective|p2a: Slowbro\n|-damage|p2a: Slowbro|161/307\n|\n|-heal|p1a: Uxie|137/260|[from] item: Leftovers\n|upkeep\n|turn|7\n|\n|t:|1726422201\n|move|p1a: Uxie|U-turn|p2a: Slowbro\n|-damage|p2a: Slowbro|125/307\n|j| chaarbokk\n|\n|t:|1726422205\n|switch|p1a: Dugtrio|Dugtrio, L84, M|196/196|[from] U-turn\n|move|p2a: Slowbro|Shell Side Arm|p1a: Dugtrio|[anim] Shell Side Arm Physical\n|-resisted|p1a: Dugtrio\n|-damage|p1a: Dugtrio|124/196\n|-hint|Physical Shell Side Arm\n|\n|upkeep\n|turn|8\n|\n|t:|1726422216\n|move|p1a: Dugtrio|Earthquake|p2a: Slowbro\n|-supereffective|p2a: Slowbro\n|-damage|p2a: Slowbro|0 fnt\n|faint|p2a: Slowbro\n|\n|upkeep\n|\n|t:|1726422229\n|switch|p2a: Charizard|Charizard, L85, F|271/271\n|turn|9\n|\n|t:|1726422236\n|switch|p1a: Uxie|Uxie, L83|137/260\n|move|p2a: Charizard|Dragon Dance|p2a: Charizard\n|-boost|p2a: Charizard|atk|1\n|-boost|p2a: Charizard|spe|1\n|\n|-heal|p1a: Uxie|153/260|[from] item: Leftovers\n|upkeep\n|turn|10\n|\n|t:|1726422253\n|move|p2a: Charizard|Dragon Dance|p2a: Charizard\n|-boost|p2a: Charizard|atk|1\n|-boost|p2a: Charizard|spe|1\n|move|p1a: Uxie|Knock Off|p2a: Charizard\n|-damage|p2a: Charizard|213/271\n|-enditem|p2a: Charizard|Heavy-Duty Boots|[from] move: Knock Off|[of] p1a: Uxie\n|\n|-heal|p1a: Uxie|169/260|[from] item: Leftovers\n|upkeep\n|turn|11\n|j|@Frozoid\n|\n|t:|1726422259\n|move|p2a: Charizard|Flare Blitz|p1a: Uxie\n|-damage|p1a: Uxie|0 fnt\n|faint|p1a: Uxie\n|-damage|p2a: Charizard|157/271|[from] Recoil\n|\n|upkeep\n|\n|t:|1726422265\n|switch|p1a: Goodra|Goodra-Hisui, L82, F|265/265\n|turn|12\n|\n|t:|1726422272\n|-terastallize|p1a: Goodra|Water\n|move|p2a: Charizard|Earthquake|p1a: Goodra\n|-damage|p1a: Goodra|147/265\n|move|p1a: Goodra|Draco Meteor|p2a: Charizard|[miss]\n|-miss|p1a: Goodra|p2a: Charizard\n|\n|upkeep\n|turn|13\n|\n|t:|1726422277\n|move|p2a: Charizard|Outrage|p1a: Goodra\n|-damage|p1a: Goodra|0 fnt\n|faint|p1a: Goodra\n|\n|upkeep\n|\n|t:|1726422329\n|switch|p1a: Sneasler|Sneasler, L74, F|240/240\n|turn|14\n|\n|t:|1726422332\n|move|p2a: Charizard|Outrage|p1a: Sneasler|[from]lockedmove\n|-damage|p1a: Sneasler|5/240\n|-start|p2a: Charizard|confusion|[fatigue]\n|move|p1a: Sneasler|Dire Claw|p2a: Charizard\n|-damage|p2a: Charizard|27/271\n|\n|upkeep\n|turn|15\n|\n|t:|1726422340\n|-activate|p2a: Charizard|confusion\n|move|p2a: Charizard|Earthquake|p1a: Sneasler\n|-supereffective|p1a: Sneasler\n|-damage|p1a: Sneasler|0 fnt\n|faint|p1a: Sneasler\n|\n|upkeep\n|\n|t:|1726422342\n|switch|p1a: Squawkabilly|Squawkabilly-Yellow, L89, F|291/291\n|turn|16\n|\n|t:|1726422348\n|move|p1a: Squawkabilly|Quick Attack|p2a: Charizard\n|-damage|p2a: Charizard|0 fnt\n|faint|p2a: Charizard\n|\n|upkeep\n|\n|t:|1726422361\n|switch|p2a: Altaria|Altaria, L88, M|275/275\n|turn|17\n|\n|t:|1726422367\n|move|p1a: Squawkabilly|Brave Bird|p2a: Altaria\n|-damage|p2a: Altaria|89/275\n|-damage|p1a: Squawkabilly|230/291|[from] Recoil\n|move|p2a: Altaria|Brave Bird|p1a: Squawkabilly\n|-damage|p1a: Squawkabilly|88/291\n|-damage|p2a: Altaria|42/275|[from] Recoil\n|\n|upkeep\n|turn|18\n|\n|t:|1726422398\n|switch|p2a: Dewgong|Dewgong, L94, F|25/322\n|move|p1a: Squawkabilly|Double-Edge|p2a: Dewgong\n|-damage|p2a: Dewgong|0 fnt\n|faint|p2a: Dewgong\n|-damage|p1a: Squawkabilly|80/291|[from] Recoil\n|\n|upkeep\n|j| RBLT soT\n|\n|t:|1726422417\n|switch|p2a: Raichu|Raichu-Alola, L87, F|246/246\n|-damage|p2a: Raichu|216/246|[from] Stealth Rock\n|turn|19\n|l| chaarbokk\n|\n|t:|1726422425\n|move|p1a: Squawkabilly|Quick Attack|p2a: Raichu\n|-damage|p2a: Raichu|111/246\n|move|p2a: Raichu|Psyshock|p1a: Squawkabilly\n|-damage|p1a: Squawkabilly|0 fnt\n|faint|p1a: Squawkabilly\n|\n|upkeep\n|\n|t:|1726422429\n|switch|p1a: Dugtrio|Dugtrio, L84, M|124/196\n|turn|20\n|\n|t:|1726422437\n|move|p1a: Dugtrio|Stone Edge|p2a: Raichu\n|-damage|p2a: Raichu|0 fnt\n|faint|p2a: Raichu\n|\n|upkeep\n|\n|t:|1726422442\n|switch|p2a: Zangoose|Zangoose, L85, M|263/263\n|-damage|p2a: Zangoose|231/263|[from] Stealth Rock\n|turn|21\n|\n|t:|1726422448\n|move|p1a: Dugtrio|Stone Edge|p2a: Zangoose\n|-damage|p2a: Zangoose|83/263\n|move|p2a: Zangoose|Close Combat|p1a: Dugtrio\n|-damage|p1a: Dugtrio|0 fnt\n|-unboost|p2a: Zangoose|def|1\n|-unboost|p2a: Zangoose|spd|1\n|faint|p1a: Dugtrio\n|\n|win|RBLT Buhrito\n|raw|RBLT chemcoop's rating: 2495 &rarr; <strong>2471</strong><br />(-24 for losing)\n|raw|RBLT Buhrito's rating: 2417 &rarr; <strong>2441</strong><br />(+24 for winning)\n|l|\u2606RBLT Buhrito\n|player|p2|\n|l|@Frozoid\n|l|\u2606RBLT chemcoop\n|player|p1|\n|l| rblt hiye\n|l| RBLT soT\n|l| lemon fig\n", "inputlog": ">version abcf08933808d3fb39dbc2b54a8665d830b47482\n>start {\"formatid\":\"gen9randombattle\",\"seed\":[27166,45520,45298,47789],\"rated\":\"Rated battle\"}\n>player p1 {\"name\":\"RBLT chemcoop\",\"avatar\":\"#chemcoop\",\"rating\":2495,\"seed\":[17223,16654,30481,45141]}\n>player p2 {\"name\":\"RBLT Buhrito\",\"avatar\":\"#rbtt7teamchiyuf\",\"rating\":2417,\"seed\":[62608,661,63238,8101]}\n>p1 move stealthrock\n>p2 move voltswitch\n>p2 switch 5\n>p1 move knockoff\n>p2 move shellsidearm\n>p1 move uturn\n>p2 move shellsidearm\n>p1 switch 4\n>p1 move darkpulse\n>p2 switch 4\n>p1 move focusblast\n>p2 move surf\n>p1 switch 4\n>p1 move knockoff\n>p2 switch 4\n>p1 move uturn\n>p2 move shellsidearm\n>p1 switch 3\n>p1 move earthquake\n>p2 move psychic\n>p2 switch 2\n>p1 switch 3\n>p2 move dragondance\n>p1 move knockoff\n>p2 move dragondance\n>p1 move psychicnoise\n>p2 move flareblitz\n>p1 switch 6\n>p1 move dracometeor terastallize\n>p2 move earthquake\n>p1 move hydropump\n>p2 move outrage\n>p1 switch 5\n>p1 move direclaw\n>p2 move outrage\n>p1 move direclaw\n>p2 move earthquake\n>p1 switch 2\n>p1 move quickattack\n>p2 move flareblitz\n>p2 switch 3\n>p1 move bravebird\n>p2 move bravebird\n>p1 move doubleedge\n>p2 switch 4\n>p2 switch 5\n>p1 move quickattack\n>p2 move psyshock\n>p1 switch 3\n>p1 move stoneedge\n>p2 move psyshock\n>p2 switch 6\n>p1 move stoneedge\n>p2 move closecombat", "uploadtime": 1726422726, "views": 92, "formatid": "gen9randombattle", "rating": 2441, "private": 0, "password": null}