{"id": "gen9randombattle-2260104420", "format": "[Gen 9] Random Battle", "players": ["hongbong", "Arxz"], "log": "|j|\u2606hongbong\n|j|\u2606Arxz\n|t:|1733803029\n|gametype|singles\n|player|p1|hongbong|n|1954\n|player|p2|Arxz|hoopster|2011\n|teamsize|p1|6\n|teamsize|p2|6\n|gen|9\n|tier|[Gen 9] Random Battle\n|rated|\n|rule|Species Clause: Limit one of each Pok\u00e9mon\n|rule|HP Percentage Mod: HP is shown in percentages\n|rule|Sleep Clause Mod: Limit one foe put to sleep\n|rule|Illusion Level Mod: Illusion disguises the Pok\u00e9mon's true level\n|\n|t:|1733803029\n|start\n|switch|p1a: Ninetales|Ninetales-Alola, L78, M|242/242\n|switch|p2a: Vivillon|Vivillon-Jungle, L84, M|272/272\n|-weather|Snow|[from] ability: Snow Warning|[of] p1a: Ninetales\n|turn|1\n|inactive|Battle timer is ON: inactive players will automatically lose when time's up. (requested by Arxz)\n|\n|t:|1733803042\n|switch|p2a: Perrserker|Perrserker, L89, F|269/269\n|move|p1a: Ninetales|Aurora Veil|p1a: Ninetales\n|-sidestart|p1: hongbong|move: Aurora Veil\n|\n|-weather|Snow|[upkeep]\n|upkeep\n|turn|2\n|\n|t:|1733803054\n|switch|p1a: Wyrdeer|Wyrdeer, L87, M|321/321\n|-ability|p1a: Wyrdeer|Intimidate|boost\n|-unboost|p2a: Perrserker|atk|1\n|move|p2a: Perrserker|Stealth Rock|p1a: Wyrdeer\n|-sidestart|p1: hongbong|move: Stealth Rock\n|\n|-weather|Snow|[upkeep]\n|upkeep\n|turn|3\n|\n|t:|1733803078\n|move|p1a: Wyrdeer|Thunder Wave|p2a: Perrserker\n|-status|p2a: Perrserker|par\n|move|p2a: Perrserker|Knock Off|p1a: Wyrdeer\n|-supereffective|p1a: Wyrdeer\n|-damage|p1a: Wyrdeer|246/321\n|-enditem|p1a: Wyrdeer|Leftovers|[from] move: Knock Off|[of] p2a: Perrserker\n|-damage|p2a: Perrserker|243/269 par|[from] item: Life Orb\n|\n|-weather|Snow|[upkeep]\n|upkeep\n|turn|4\n|\n|t:|1733803094\n|switch|p2a: Vivillon|Vivillon-Jungle, L84, M|272/272\n|move|p1a: Wyrdeer|Earthquake|p2a: Vivillon\n|-immune|p2a: Vivillon\n|\n|-weather|Snow|[upkeep]\n|upkeep\n|turn|5\n|\n|t:|1733803100\n|switch|p2a: Perrserker|Perrserker, L89, F|243/269 par\n|move|p1a: Wyrdeer|Thunder Wave|p2a: Perrserker\n|-fail|p2a: Perrserker|par\n|\n|-weather|none\n|upkeep\n|turn|6\n|\n|t:|1733803107\n|move|p1a: Wyrdeer|Earthquake|p2a: Perrserker\n|-supereffective|p2a: Perrserker\n|-damage|p2a: Perrserker|117/269 par\n|move|p2a: Perrserker|Iron Head|p1a: Wyrdeer\n|-damage|p1a: Wyrdeer|128/321\n|-damage|p2a: Perrserker|91/269 par|[from] item: Life Orb\n|\n|upkeep\n|turn|7\n|\n|t:|1733803115\n|move|p1a: Wyrdeer|Body Slam|p2a: Perrserker\n|-resisted|p2a: Perrserker\n|-damage|p2a: Perrserker|46/269 par\n|move|p2a: Perrserker|Iron Head|p1a: Wyrdeer\n|-damage|p1a: Wyrdeer|13/321\n|-damage|p2a: Perrserker|20/269 par|[from] item: Life Orb\n|\n|upkeep\n|turn|8\n|\n|t:|1733803122\n|move|p1a: Wyrdeer|Body Slam|p2a: Perrserker\n|-resisted|p2a: Perrserker\n|-damage|p2a: Perrserker|0 fnt\n|faint|p2a: Perrserker\n|\n|-sideend|p1: hongbong|move: Aurora Veil\n|upkeep\n|\n|t:|1733803128\n|switch|p2a: Cobalion|Cobalion, L80|277/277\n|turn|9\n|\n|t:|1733803138\n|move|p2a: Cobalion|Flash Cannon|p1a: Wyrdeer\n|-damage|p1a: Wyrdeer|0 fnt\n|faint|p1a: Wyrdeer\n|\n|upkeep\n|\n|t:|1733803149\n|switch|p1a: Gallade|Gallade, L81, M|243/243\n|-damage|p1a: Gallade|228/243|[from] Stealth Rock\n|turn|10\n|\n|t:|1733803155\n|switch|p2a: Dachsbun|Dachsbun, L92, M|254/254\n|move|p1a: Gallade|Sacred Sword|p2a: Dachsbun\n|-resisted|p2a: Dachsbun\n|-damage|p2a: Dachsbun|168/254\n|-damage|p1a: Gallade|204/243|[from] item: Life Orb\n|\n|-heal|p2a: Dachsbun|183/254|[from] item: Leftovers\n|upkeep\n|turn|11\n|\n|t:|1733803162\n|switch|p1a: Zapdos|Zapdos, L78|268/268\n|move|p2a: Dachsbun|Play Rough|p1a: Zapdos\n|-damage|p1a: Zapdos|151/268\n|\n|-heal|p2a: Dachsbun|198/254|[from] item: Leftovers\n|upkeep\n|turn|12\n|\n|t:|1733803179\n|switch|p2a: Deoxys|Deoxys-Defense, L84|221/221\n|-ability|p2a: Deoxys|Pressure\n|move|p1a: Zapdos|Roost|p1a: Zapdos\n|-heal|p1a: Zapdos|268/268\n|-singleturn|p1a: Zapdos|move: Roost\n|\n|upkeep\n|turn|13\n|\n|t:|1733803185\n|move|p1a: Zapdos|Discharge|p2a: Deoxys\n|-damage|p2a: Deoxys|167/221\n|move|p2a: Deoxys|Night Shade|p1a: Zapdos\n|-damage|p1a: Zapdos|184/268\n|\n|-heal|p2a: Deoxys|180/221|[from] item: Leftovers\n|upkeep\n|turn|14\n|\n|t:|1733803190\n|move|p1a: Zapdos|Discharge|p2a: Deoxys\n|-damage|p2a: Deoxys|119/221\n|move|p2a: Deoxys|Cosmic Power|p2a: Deoxys\n|-boost|p2a: Deoxys|def|1\n|-boost|p2a: Deoxys|spd|1\n|\n|-heal|p2a: Deoxys|132/221|[from] item: Leftovers\n|upkeep\n|turn|15\n|\n|t:|1733803192\n|move|p1a: Zapdos|Discharge|p2a: Deoxys\n|-damage|p2a: Deoxys|92/221\n|move|p2a: Deoxys|Recover|p2a: Deoxys\n|-heal|p2a: Deoxys|203/221\n|\n|-heal|p2a: Deoxys|216/221|[from] item: Leftovers\n|upkeep\n|turn|16\n|\n|t:|1733803194\n|move|p1a: Zapdos|Discharge|p2a: Deoxys\n|-damage|p2a: Deoxys|177/221\n|move|p2a: Deoxys|Cosmic Power|p2a: Deoxys\n|-boost|p2a: Deoxys|def|1\n|-boost|p2a: Deoxys|spd|1\n|\n|-heal|p2a: Deoxys|190/221|[from] item: Leftovers\n|upkeep\n|turn|17\n|\n|t:|1733803198\n|move|p1a: Zapdos|Discharge|p2a: Deoxys\n|-damage|p2a: Deoxys|162/221\n|move|p2a: Deoxys|Stored Power|p1a: Zapdos\n|-damage|p1a: Zapdos|97/268\n|\n|-heal|p2a: Deoxys|175/221|[from] item: Leftovers\n|upkeep\n|turn|18\n|\n|t:|1733803201\n|move|p1a: Zapdos|Discharge|p2a: Deoxys\n|-damage|p2a: Deoxys|145/221\n|-status|p2a: Deoxys|par\n|move|p2a: Deoxys|Stored Power|p1a: Zapdos\n|-damage|p1a: Zapdos|4/268\n|\n|-heal|p2a: Deoxys|158/221 par|[from] item: Leftovers\n|upkeep\n|turn|19\n|\n|t:|1733803203\n|move|p1a: Zapdos|Roost|p1a: Zapdos\n|-heal|p1a: Zapdos|138/268\n|-singleturn|p1a: Zapdos|move: Roost\n|move|p2a: Deoxys|Cosmic Power|p2a: Deoxys\n|-boost|p2a: Deoxys|def|1\n|-boost|p2a: Deoxys|spd|1\n|\n|-heal|p2a: Deoxys|171/221 par|[from] item: Leftovers\n|upkeep\n|turn|20\n|\n|t:|1733803204\n|move|p1a: Zapdos|Roost|p1a: Zapdos\n|-heal|p1a: Zapdos|268/268\n|-singleturn|p1a: Zapdos|move: Roost\n|move|p2a: Deoxys|Recover|p2a: Deoxys\n|-heal|p2a: Deoxys|221/221 par\n|\n|upkeep\n|turn|21\n|\n|t:|1733803206\n|move|p1a: Zapdos|U-turn|p2a: Deoxys\n|-supereffective|p2a: Deoxys\n|-damage|p2a: Deoxys|199/221 par\n|\n|t:|1733803209\n|switch|p1a: Mimikyu|Mimikyu, L79, M|216/216|[from] U-turn\n|-damage|p1a: Mimikyu|189/216|[from] Stealth Rock\n|cant|p2a: Deoxys|par\n|\n|-heal|p2a: Deoxys|212/221 par|[from] item: Leftovers\n|upkeep\n|turn|22\n|\n|t:|1733803212\n|move|p1a: Mimikyu|Swords Dance|p1a: Mimikyu\n|-boost|p1a: Mimikyu|atk|2\n|move|p2a: Deoxys|Stored Power|p1a: Mimikyu\n|-activate|p1a: Mimikyu|ability: Disguise\n|-damage|p1a: Mimikyu|189/216\n|detailschange|p1a: Mimikyu|Mimikyu-Busted, L79, M\n|-damage|p1a: Mimikyu|162/216|[from] pokemon: Mimikyu-Busted\n|\n|-heal|p2a: Deoxys|221/221 par|[from] item: Leftovers\n|upkeep\n|turn|23\n|\n|t:|1733803215\n|move|p1a: Mimikyu|Shadow Claw|p2a: Deoxys\n|-supereffective|p2a: Deoxys\n|-damage|p2a: Deoxys|135/221 par\n|-damage|p1a: Mimikyu|141/216|[from] item: Life Orb\n|move|p2a: Deoxys|Stored Power|p1a: Mimikyu\n|-damage|p1a: Mimikyu|29/216\n|\n|-heal|p2a: Deoxys|148/221 par|[from] item: Leftovers\n|upkeep\n|turn|24\n|\n|t:|1733803219\n|move|p1a: Mimikyu|Shadow Claw|p2a: Deoxys\n|-supereffective|p2a: Deoxys\n|-damage|p2a: Deoxys|75/221 par\n|-damage|p1a: Mimikyu|8/216|[from] item: Life Orb\n|move|p2a: Deoxys|Night Shade|p1a: Mimikyu\n|-damage|p1a: Mimikyu|0 fnt\n|faint|p1a: Mimikyu\n|\n|-heal|p2a: Deoxys|88/221 par|[from] item: Leftovers\n|upkeep\n|\n|t:|1733803227\n|switch|p1a: Gallade|Gallade, L81, M|204/243\n|-damage|p1a: Gallade|189/243|[from] Stealth Rock\n|turn|25\n|\n|t:|1733803231\n|move|p1a: Gallade|Night Slash|p2a: Deoxys\n|-supereffective|p2a: Deoxys\n|-damage|p2a: Deoxys|28/221 par\n|-damage|p1a: Gallade|165/243|[from] item: Life Orb\n|move|p2a: Deoxys|Recover|p2a: Deoxys\n|-heal|p2a: Deoxys|139/221 par\n|\n|-heal|p2a: Deoxys|152/221 par|[from] item: Leftovers\n|upkeep\n|turn|26\n|\n|t:|1733803234\n|move|p1a: Gallade|Swords Dance|p1a: Gallade\n|-boost|p1a: Gallade|atk|2\n|cant|p2a: Deoxys|par\n|\n|-heal|p2a: Deoxys|165/221 par|[from] item: Leftovers\n|upkeep\n|turn|27\n|\n|t:|1733803246\n|move|p1a: Gallade|Night Slash|p2a: Deoxys\n|-supereffective|p2a: Deoxys\n|-damage|p2a: Deoxys|64/221 par\n|-damage|p1a: Gallade|141/243|[from] item: Life Orb\n|move|p2a: Deoxys|Stored Power|p1a: Gallade\n|-damage|p1a: Gallade|42/243\n|\n|-heal|p2a: Deoxys|77/221 par|[from] item: Leftovers\n|upkeep\n|turn|28\n|\n|t:|1733803256\n|switch|p2a: Dachsbun|Dachsbun, L92, M|198/254\n|move|p1a: Gallade|Sacred Sword|p2a: Dachsbun\n|-resisted|p2a: Dachsbun\n|-damage|p2a: Dachsbun|54/254\n|-damage|p1a: Gallade|18/243|[from] item: Life Orb\n|\n|-heal|p2a: Dachsbun|69/254|[from] item: Leftovers\n|upkeep\n|turn|29\n|\n|t:|1733803265\n|move|p2a: Dachsbun|Wish|p2a: Dachsbun\n|move|p1a: Gallade|Sacred Sword|p2a: Dachsbun\n|-resisted|p2a: Dachsbun\n|-damage|p2a: Dachsbun|0 fnt\n|faint|p2a: Dachsbun\n|-damage|p1a: Gallade|0 fnt|[from] item: Life Orb\n|faint|p1a: Gallade\n|\n|upkeep\n|\n|t:|1733803268\n|switch|p2a: Deoxys|Deoxys-Defense, L84|77/221 par\n|switch|p1a: Zapdos|Zapdos, L78|268/268\n|-ability|p2a: Deoxys|Pressure\n|turn|30\n|\n|t:|1733803272\n|move|p1a: Zapdos|Hurricane|p2a: Deoxys\n|-damage|p2a: Deoxys|5/221 par\n|move|p2a: Deoxys|Cosmic Power|p2a: Deoxys\n|-boost|p2a: Deoxys|def|1\n|-boost|p2a: Deoxys|spd|1\n|\n|-heal|p2a: Deoxys|132/221 par|[from] move: Wish|[wisher] Dachsbun\n|-heal|p2a: Deoxys|145/221 par|[from] item: Leftovers\n|upkeep\n|turn|31\n|\n|t:|1733803276\n|move|p1a: Zapdos|Hurricane|p2a: Deoxys\n|-damage|p2a: Deoxys|94/221 par\n|move|p2a: Deoxys|Recover|p2a: Deoxys\n|-heal|p2a: Deoxys|205/221 par\n|\n|-heal|p2a: Deoxys|218/221 par|[from] item: Leftovers\n|upkeep\n|turn|32\n|\n|t:|1733803278\n|move|p1a: Zapdos|Hurricane|p2a: Deoxys\n|-damage|p2a: Deoxys|169/221 par\n|move|p2a: Deoxys|Cosmic Power|p2a: Deoxys\n|-boost|p2a: Deoxys|def|1\n|-boost|p2a: Deoxys|spd|1\n|\n|-heal|p2a: Deoxys|182/221 par|[from] item: Leftovers\n|upkeep\n|turn|33\n|\n|t:|1733803282\n|move|p1a: Zapdos|Hurricane|p2a: Deoxys\n|-damage|p2a: Deoxys|142/221 par\n|move|p2a: Deoxys|Cosmic Power|p2a: Deoxys\n|-boost|p2a: Deoxys|def|1\n|-boost|p2a: Deoxys|spd|1\n|\n|-heal|p2a: Deoxys|155/221 par|[from] item: Leftovers\n|upkeep\n|turn|34\n|\n|t:|1733803284\n|move|p1a: Zapdos|U-turn|p2a: Deoxys\n|-supereffective|p2a: Deoxys\n|-damage|p2a: Deoxys|135/221 par\n|\n|t:|1733803286\n|switch|p1a: Ninetales|Ninetales-Alola, L78, M|242/242|[from] U-turn\n|-damage|p1a: Ninetales|182/242|[from] Stealth Rock\n|-weather|Snow|[from] ability: Snow Warning|[of] p1a: Ninetales\n|move|p2a: Deoxys|Recover|p2a: Deoxys\n|-heal|p2a: Deoxys|221/221 par\n|\n|-weather|Snow|[upkeep]\n|upkeep\n|turn|35\n|\n|t:|1733803289\n|move|p1a: Ninetales|Encore|p2a: Deoxys\n|-start|p2a: Deoxys|Encore\n|move|p2a: Deoxys|Recover||[still]\n|-fail|p2a: Deoxys|heal\n|\n|-weather|Snow|[upkeep]\n|upkeep\n|turn|36\n|\n|t:|1733803292\n|switch|p2a: Cobalion|Cobalion, L80|277/277\n|move|p1a: Ninetales|Blizzard|p2a: Cobalion\n|-resisted|p2a: Cobalion\n|-damage|p2a: Cobalion|220/277\n|\n|-weather|Snow|[upkeep]\n|-heal|p2a: Cobalion|237/277|[from] item: Leftovers\n|upkeep\n|turn|37\n|\n|t:|1733803296\n|-terastallize|p1a: Ninetales|Water\n|move|p2a: Cobalion|Calm Mind|p2a: Cobalion\n|-boost|p2a: Cobalion|spa|1\n|-boost|p2a: Cobalion|spd|1\n|move|p1a: Ninetales|Moonblast|p2a: Cobalion\n|-damage|p2a: Cobalion|176/277\n|\n|-weather|Snow|[upkeep]\n|-heal|p2a: Cobalion|193/277|[from] item: Leftovers\n|upkeep\n|turn|38\n|\n|t:|1733803300\n|move|p2a: Cobalion|Aura Sphere|p1a: Ninetales\n|-damage|p1a: Ninetales|65/242\n|move|p1a: Ninetales|Encore|p2a: Cobalion\n|-start|p2a: Cobalion|Encore\n|\n|-weather|none\n|-heal|p2a: Cobalion|210/277|[from] item: Leftovers\n|upkeep\n|turn|39\n|\n|t:|1733803303\n|switch|p1a: Zapdos|Zapdos, L78|268/268\n|move|p2a: Cobalion|Aura Sphere|p1a: Zapdos\n|-resisted|p1a: Zapdos\n|-damage|p1a: Zapdos|205/268\n|\n|-heal|p2a: Cobalion|227/277|[from] item: Leftovers\n|upkeep\n|turn|40\n|\n|t:|1733803310\n|move|p2a: Cobalion|Aura Sphere|p1a: Zapdos\n|-resisted|p1a: Zapdos\n|-damage|p1a: Zapdos|151/268\n|move|p1a: Zapdos|Hurricane|p2a: Cobalion|[miss]\n|-miss|p1a: Zapdos|p2a: Cobalion\n|\n|-heal|p2a: Cobalion|244/277|[from] item: Leftovers\n|upkeep\n|turn|41\n|\n|t:|1733803314\n|move|p2a: Cobalion|Aura Sphere|p1a: Zapdos\n|-resisted|p1a: Zapdos\n|-damage|p1a: Zapdos|89/268\n|move|p1a: Zapdos|Discharge|p2a: Cobalion\n|-crit|p2a: Cobalion\n|-damage|p2a: Cobalion|69/277\n|\n|-heal|p2a: Cobalion|86/277|[from] item: Leftovers\n|-end|p2a: Cobalion|Encore\n|upkeep\n|turn|42\n|\n|t:|1733803319\n|move|p2a: Cobalion|Calm Mind|p2a: Cobalion\n|-boost|p2a: Cobalion|spa|1\n|-boost|p2a: Cobalion|spd|1\n|move|p1a: Zapdos|Roost|p1a: Zapdos\n|-heal|p1a: Zapdos|223/268\n|-singleturn|p1a: Zapdos|move: Roost\n|\n|-heal|p2a: Cobalion|103/277|[from] item: Leftovers\n|upkeep\n|turn|43\n|\n|t:|1733803321\n|move|p2a: Cobalion|Flash Cannon|p1a: Zapdos\n|-resisted|p1a: Zapdos\n|-damage|p1a: Zapdos|148/268\n|-unboost|p1a: Zapdos|spd|1\n|move|p1a: Zapdos|Discharge|p2a: Cobalion\n|-damage|p2a: Cobalion|43/277\n|-status|p2a: Cobalion|par\n|\n|-heal|p2a: Cobalion|60/277 par|[from] item: Leftovers\n|upkeep\n|turn|44\n|\n|t:|1733803325\n|move|p1a: Zapdos|Discharge|p2a: Cobalion\n|-damage|p2a: Cobalion|0 fnt\n|faint|p2a: Cobalion\n|\n|upkeep\n|\n|t:|1733803328\n|switch|p2a: Deoxys|Deoxys-Defense, L84|221/221 par\n|-ability|p2a: Deoxys|Pressure\n|turn|45\n|\n|t:|1733803332\n|move|p1a: Zapdos|Roost|p1a: Zapdos\n|-heal|p1a: Zapdos|268/268\n|-singleturn|p1a: Zapdos|move: Roost\n|move|p2a: Deoxys|Cosmic Power|p2a: Deoxys\n|-boost|p2a: Deoxys|def|1\n|-boost|p2a: Deoxys|spd|1\n|\n|upkeep\n|turn|46\n|\n|t:|1733803334\n|move|p1a: Zapdos|U-turn|p2a: Deoxys\n|-supereffective|p2a: Deoxys\n|-damage|p2a: Deoxys|189/221 par\n|\n|t:|1733803337\n|switch|p1a: Beartic|Beartic, L91, F|321/321|[from] U-turn\n|-damage|p1a: Beartic|241/321|[from] Stealth Rock\n|move|p2a: Deoxys|Stored Power|p1a: Beartic\n|-damage|p1a: Beartic|190/321\n|\n|-heal|p2a: Deoxys|202/221 par|[from] item: Leftovers\n|upkeep\n|turn|47\n|\n|t:|1733803340\n|move|p1a: Beartic|Icicle Crash|p2a: Deoxys\n|-damage|p2a: Deoxys|121/221 par\n|cant|p2a: Deoxys|par\n|\n|-heal|p2a: Deoxys|134/221 par|[from] item: Leftovers\n|upkeep\n|turn|48\n|\n|t:|1733803343\n|move|p1a: Beartic|Icicle Crash|p2a: Deoxys\n|-damage|p2a: Deoxys|58/221 par\n|move|p2a: Deoxys|Recover|p2a: Deoxys\n|-heal|p2a: Deoxys|169/221 par\n|\n|-heal|p2a: Deoxys|182/221 par|[from] item: Leftovers\n|upkeep\n|turn|49\n|\n|t:|1733803345\n|move|p1a: Beartic|Icicle Crash|p2a: Deoxys\n|-damage|p2a: Deoxys|97/221 par\n|move|p2a: Deoxys|Cosmic Power|p2a: Deoxys\n|-boost|p2a: Deoxys|def|1\n|-boost|p2a: Deoxys|spd|1\n|\n|-heal|p2a: Deoxys|110/221 par|[from] item: Leftovers\n|upkeep\n|turn|50\n|\n|t:|1733803347\n|move|p1a: Beartic|Icicle Crash|p2a: Deoxys\n|-damage|p2a: Deoxys|44/221 par\n|cant|p2a: Deoxys|par\n|\n|-heal|p2a: Deoxys|57/221 par|[from] item: Leftovers\n|upkeep\n|turn|51\n|\n|t:|1733803349\n|move|p1a: Beartic|Icicle Crash|p2a: Deoxys\n|-damage|p2a: Deoxys|0 fnt\n|faint|p2a: Deoxys\n|\n|upkeep\n|\n|t:|1733803370\n|switch|p2a: Lapras|Lapras, L87, F|367/367\n|turn|52\n|\n|t:|1733803374\n|switch|p1a: Ninetales|Ninetales-Alola, L78, M, tera:Water|65/242\n|-damage|p1a: Ninetales|35/242|[from] Stealth Rock\n|-weather|Snow|[from] ability: Snow Warning|[of] p1a: Ninetales\n|move|p2a: Lapras|Dragon Dance|p2a: Lapras\n|-boost|p2a: Lapras|atk|1\n|-boost|p2a: Lapras|spe|1\n|\n|-weather|Snow|[upkeep]\n|upkeep\n|turn|53\n|\n|t:|1733803381\n|move|p2a: Lapras|Icicle Spear|p1a: Ninetales\n|-resisted|p1a: Ninetales\n|-damage|p1a: Ninetales|12/242\n|-resisted|p1a: Ninetales\n|-damage|p1a: Ninetales|0 fnt\n|faint|p1a: Ninetales\n|-hitcount|p1: Ninetales|2\n|\n|-weather|Snow|[upkeep]\n|upkeep\n|\n|t:|1733803384\n|switch|p1a: Beartic|Beartic, L91, F|190/321\n|-damage|p1a: Beartic|110/321|[from] Stealth Rock\n|turn|54\n|\n|t:|1733803390\n|-terastallize|p2a: Lapras|Ground\n|move|p1a: Beartic|Close Combat|p2a: Lapras\n|-crit|p2a: Lapras\n|-damage|p2a: Lapras|62/367\n|-unboost|p1a: Beartic|def|1\n|-unboost|p1a: Beartic|spd|1\n|move|p2a: Lapras|Earthquake|p1a: Beartic\n|-damage|p1a: Beartic|0 fnt\n|faint|p1a: Beartic\n|\n|-weather|Snow|[upkeep]\n|upkeep\n|\n|t:|1733803392\n|switch|p1a: Zapdos|Zapdos, L78|268/268\n|turn|55\n|\n|t:|1733803402\n|move|p2a: Lapras|Icicle Spear|p1a: Zapdos\n|-supereffective|p1a: Zapdos\n|-damage|p1a: Zapdos|172/268\n|-supereffective|p1a: Zapdos\n|-damage|p1a: Zapdos|82/268\n|-supereffective|p1a: Zapdos\n|-damage|p1a: Zapdos|0 fnt\n|faint|p1a: Zapdos\n|-hitcount|p1: Zapdos|3\n|\n|win|Arxz\n|raw|hongbong's rating: 1954 &rarr; <strong>1937</strong><br />(-17 for losing)\n|raw|Arxz's rating: 2011 &rarr; <strong>2028</strong><br />(+17 for winning)\n|l|\u2606hongbong\n|player|p1|\n", "inputlog": ">version bfd83cad13791eb5a5a409923076391caf6fb4d4\n>start {\"formatid\":\"gen9randombattle\",\"seed\":[7573,13872,23272,14170],\"rated\":\"Rated battle\"}\n>player p1 {\"name\":\"hongbong\",\"avatar\":\"n\",\"rating\":1954,\"seed\":[52326,32948,32216,61853]}\n>player p2 {\"name\":\"Arxz\",\"avatar\":\"hoopster\",\"rating\":2011,\"seed\":[32833,28111,62860,64638]}\n>p1 move auroraveil\n>p2 switch 3\n>p1 switch 5\n>p2 move stealthrock\n>p1 move thunderwave\n>p2 move knockoff\n>p1 move earthquake\n>p2 switch 3\n>p1 move thunderwave\n>p2 switch 3\n>p1 move earthquake\n>p2 move ironhead\n>p1 move bodyslam\n>p2 move ironhead\n>p1 move bodyslam\n>p2 move ironhead\n>p2 switch 2\n>p1 move thunderwave\n>p2 move flashcannon\n>p1 switch 6\n>p1 move sacredsword\n>p2 switch 5\n>p1 switch 2\n>p2 move playrough\n>p1 move roost\n>p2 switch 4\n>p1 move discharge\n>p2 move nightshade\n>p1 move discharge\n>p2 move cosmicpower\n>p1 move discharge\n>p2 move recover\n>p1 move discharge\n>p2 move cosmicpower\n>p1 move discharge\n>p2 move storedpower\n>p1 move discharge\n>p2 move storedpower\n>p1 move roost\n>p2 move cosmicpower\n>p1 move roost\n>p2 move recover\n>p1 move uturn\n>p2 move storedpower\n>p1 switch 3\n>p1 move swordsdance\n>p2 move storedpower\n>p1 move shadowclaw\n>p2 move storedpower\n>p1 move shadowclaw\n>p2 move nightshade\n>p1 switch 2\n>p1 move nightslash\n>p2 move recover\n>p1 move swordsdance\n>p2 move storedpower\n>p1 move nightslash\n>p2 move storedpower\n>p1 move sacredsword\n>p2 switch 4\n>p1 move sacredsword\n>p2 move wish\n>p1 switch 3\n>p2 switch 4\n>p1 move hurricane\n>p2 move cosmicpower\n>p1 move hurricane\n>p2 move recover\n>p1 move hurricane\n>p2 move cosmicpower\n>p1 move hurricane\n>p2 move cosmicpower\n>p1 move uturn\n>p2 move recover\n>p1 switch 5\n>p1 move encore\n>p2 move storedpower\n>p1 move blizzard\n>p2 switch 5\n>p1 move moonblast terastallize\n>p2 move calmmind\n>p1 move encore\n>p2 move aurasphere\n>p1 switch 5\n>p2 move aurasphere\n>p1 move hurricane\n>p2 move aurasphere\n>p1 move discharge\n>p2 move aurasphere\n>p1 move roost\n>p2 move calmmind\n>p1 move discharge\n>p2 move flashcannon\n>p1 move discharge\n>p2 move flashcannon\n>p2 switch 5\n>p1 move roost\n>p2 move cosmicpower\n>p1 move uturn\n>p2 move storedpower\n>p1 switch 4\n>p1 move iciclecrash\n>p2 move cosmicpower\n>p1 move iciclecrash\n>p2 move recover\n>p1 move iciclecrash\n>p2 move cosmicpower\n>p1 move iciclecrash\n>p2 move storedpower\n>p1 move iciclecrash\n>p2 move recover\n>p2 switch 6\n>p1 switch 5\n>p2 move dragondance\n>p1 move encore\n>p2 move iciclespear\n>p1 switch 5\n>p1 move closecombat\n>p2 move earthquake terastallize\n>p1 switch 4\n>p1 move hurricane\n>p2 move iciclespear", "uploadtime": 1733803411, "views": 18, "formatid": "gen9randombattle", "rating": 1937, "private": 0, "password": null}