{"id": "gen9randombattle-2260848730", "format": "[Gen 9] Random Battle", "players": ["dsfgs4353", "Yuiopnnm"], "log": "|j|\u2606dsfgs4353\n|j|\u2606Yuiopnnm\n|t:|1733903655\n|gametype|singles\n|player|p1|dsfgs4353|102|1142\n|player|p2|Yuiopnnm|policeman-gen4|1130\n|teamsize|p1|6\n|teamsize|p2|6\n|gen|9\n|tier|[Gen 9] Random Battle\n|rated|\n|rule|Species Clause: Limit one of each Pok\u00e9mon\n|rule|HP Percentage Mod: HP is shown in percentages\n|rule|Sleep Clause Mod: Limit one foe put to sleep\n|rule|Illusion Level Mod: Illusion disguises the Pok\u00e9mon's true level\n|\n|t:|1733903655\n|start\n|switch|p1a: Reuniclus|Reuniclus, L88, M|337/337\n|switch|p2a: Victreebel|Victreebel, L90, M|290/290\n|turn|1\n|inactive|Battle timer is ON: inactive players will automatically lose when time's up. (requested by dsfgs4353)\n|\n|t:|1733903669\n|move|p2a: Victreebel|Swords Dance|p2a: Victreebel\n|-boost|p2a: Victreebel|atk|2\n|move|p1a: Reuniclus|Psyshock|p2a: Victreebel\n|-supereffective|p2a: Victreebel\n|-damage|p2a: Victreebel|0 fnt\n|faint|p2a: Victreebel\n|\n|upkeep\n|\n|t:|1733903681\n|switch|p2a: Scream Tail|Scream Tail, L84|330/330\n|turn|2\n|inactive|dsfgs4353 has 120 seconds left.\n|\n|t:|1733903712\n|switch|p1a: Misdreavus|Misdreavus, L90, F|254/254\n|move|p2a: Scream Tail|Wish|p2a: Scream Tail\n|\n|upkeep\n|turn|3\n|\n|t:|1733903723\n|move|p2a: Scream Tail|Thunder Wave|p1a: Misdreavus\n|-status|p1a: Misdreavus|par\n|move|p1a: Misdreavus|Calm Mind|p1a: Misdreavus\n|-boost|p1a: Misdreavus|spa|1\n|-boost|p1a: Misdreavus|spd|1\n|\n|upkeep\n|turn|4\n|\n|t:|1733903729\n|move|p2a: Scream Tail|Dazzling Gleam|p1a: Misdreavus\n|-damage|p1a: Misdreavus|227/254 par\n|move|p1a: Misdreavus|Shadow Ball|p2a: Scream Tail\n|-supereffective|p2a: Scream Tail\n|-damage|p2a: Scream Tail|130/330\n|\n|-heal|p2a: Scream Tail|150/330|[from] item: Leftovers\n|upkeep\n|turn|5\n|\n|t:|1733903751\n|-end|p2a: Scream Tail|Protosynthesis|[silent]\n|switch|p2a: Komala|Komala, L89, F|260/260\n|-ability|p2a: Komala|Comatose\n|cant|p1a: Misdreavus|par\n|\n|upkeep\n|turn|6\n|\n|t:|1733903761\n|move|p2a: Komala|Knock Off|p1a: Misdreavus\n|-supereffective|p1a: Misdreavus\n|-damage|p1a: Misdreavus|23/254 par\n|-enditem|p1a: Misdreavus|Eviolite|[from] move: Knock Off|[of] p2a: Komala\n|move|p1a: Misdreavus|Draining Kiss|p2a: Komala\n|-damage|p2a: Komala|214/260\n|-heal|p1a: Misdreavus|58/254 par|[from] drain|[of] p2a: Komala\n|\n|upkeep\n|turn|7\n|\n|t:|1733903770\n|move|p2a: Komala|Knock Off|p1a: Misdreavus\n|-supereffective|p1a: Misdreavus\n|-damage|p1a: Misdreavus|0 fnt\n|faint|p1a: Misdreavus\n|\n|upkeep\n|\n|t:|1733903779\n|switch|p1a: Gallade|Gallade, L81, M|243/243\n|turn|8\n|\n|t:|1733903790\n|switch|p2a: Scream Tail|Scream Tail, L84|150/330\n|move|p1a: Gallade|Sacred Sword|p2a: Scream Tail\n|-resisted|p2a: Scream Tail\n|-damage|p2a: Scream Tail|105/330\n|-damage|p1a: Gallade|219/243|[from] item: Life Orb\n|\n|-heal|p2a: Scream Tail|125/330|[from] item: Leftovers\n|upkeep\n|turn|9\n|\n|t:|1733903798\n|move|p2a: Scream Tail|Thunder Wave|p1a: Gallade\n|-status|p1a: Gallade|par\n|move|p1a: Gallade|Night Slash|p2a: Scream Tail\n|-damage|p2a: Scream Tail|21/330\n|-damage|p1a: Gallade|195/243 par|[from] item: Life Orb\n|\n|-heal|p2a: Scream Tail|41/330|[from] item: Leftovers\n|upkeep\n|turn|10\n|\n|t:|1733903810\n|move|p2a: Scream Tail|Wish|p2a: Scream Tail\n|cant|p1a: Gallade|par\n|\n|-heal|p2a: Scream Tail|61/330|[from] item: Leftovers\n|upkeep\n|turn|11\n|\n|t:|1733903819\n|move|p2a: Scream Tail|Protect|p2a: Scream Tail\n|-singleturn|p2a: Scream Tail|Protect\n|move|p1a: Gallade|Agility|p1a: Gallade\n|-boost|p1a: Gallade|spe|2\n|\n|-heal|p2a: Scream Tail|226/330|[from] move: Wish|[wisher] Scream Tail\n|-heal|p2a: Scream Tail|246/330|[from] item: Leftovers\n|upkeep\n|turn|12\n|\n|t:|1733903831\n|move|p2a: Scream Tail|Wish|p2a: Scream Tail\n|cant|p1a: Gallade|par\n|\n|-heal|p2a: Scream Tail|266/330|[from] item: Leftovers\n|upkeep\n|turn|13\n|\n|t:|1733903843\n|move|p2a: Scream Tail|Dazzling Gleam|p1a: Gallade\n|-supereffective|p1a: Gallade\n|-damage|p1a: Gallade|91/243 par\n|move|p1a: Gallade|Night Slash|p2a: Scream Tail\n|-damage|p2a: Scream Tail|171/330\n|-damage|p1a: Gallade|67/243 par|[from] item: Life Orb\n|\n|-heal|p2a: Scream Tail|330/330|[from] move: Wish|[wisher] Scream Tail\n|upkeep\n|turn|14\n|\n|t:|1733903854\n|move|p2a: Scream Tail|Dazzling Gleam|p1a: Gallade\n|-supereffective|p1a: Gallade\n|-damage|p1a: Gallade|0 fnt\n|faint|p1a: Gallade\n|\n|upkeep\n|\n|t:|1733903862\n|switch|p1a: Honchkrow|Honchkrow, L86, F|312/312\n|turn|15\n|\n|t:|1733903868\n|switch|p1a: Zekrom|Zekrom, L71|259/259\n|-ability|p1a: Zekrom|Teravolt\n|move|p2a: Scream Tail|Dazzling Gleam|p1a: Zekrom\n|-supereffective|p1a: Zekrom\n|-damage|p1a: Zekrom|127/259\n|\n|-heal|p1a: Zekrom|143/259|[from] item: Leftovers\n|upkeep\n|turn|16\n|\n|t:|1733903880\n|switch|p1a: Klawf|Klawf, L90, F|272/272\n|move|p2a: Scream Tail|Dazzling Gleam|p1a: Klawf\n|-damage|p1a: Klawf|190/272\n|\n|upkeep\n|turn|17\n|-message|dsfgs4353 forfeited.\n|\n|win|Yuiopnnm\n|raw|dsfgs4353's rating: 1142 &rarr; <strong>1116</strong><br />(-26 for losing)\n|raw|Yuiopnnm's rating: 1130 &rarr; <strong>1156</strong><br />(+26 for winning)\n|l|\u2606dsfgs4353\n|player|p1|\n", "inputlog": ">version bfd83cad13791eb5a5a409923076391caf6fb4d4\n>start {\"formatid\":\"gen9randombattle\",\"seed\":[25988,51430,2948,11808],\"rated\":\"Rated battle\"}\n>player p1 {\"name\":\"dsfgs4353\",\"avatar\":\"102\",\"rating\":1142,\"seed\":[3824,55694,39424,36242]}\n>player p2 {\"name\":\"Yuiopnnm\",\"avatar\":\"policeman-gen4\",\"rating\":1130,\"seed\":[21504,52433,33708,5904]}\n>p1 move psyshock\n>p2 move swordsdance\n>p2 switch 4\n>p1 switch 5\n>p2 move wish\n>p1 move calmmind\n>p2 move thunderwave\n>p1 move shadowball\n>p2 move dazzlinggleam\n>p1 move shadowball\n>p2 switch 6\n>p1 move drainingkiss\n>p2 move knockoff\n>p1 move willowisp\n>p2 move knockoff\n>p1 switch 2\n>p1 move sacredsword\n>p2 switch 6\n>p1 move nightslash\n>p2 move thunderwave\n>p1 move nightslash\n>p2 move wish\n>p1 move agility\n>p2 move protect\n>p1 move nightslash\n>p2 move wish\n>p1 move nightslash\n>p2 move dazzlinggleam\n>p1 move nightslash\n>p2 move dazzlinggleam\n>p1 switch 3\n>p1 switch 6\n>p2 move dazzlinggleam\n>p1 switch 4\n>p2 move dazzlinggleam\n>forcelose p1", "uploadtime": 1733903888, "views": 1, "formatid": "gen9randombattle", "rating": 1116, "private": 0, "password": null}