{"id": "gen9randombattle-2249636683", "format": "[Gen 9] Random Battle", "players": ["Wakandius_PMSD", "Qiuescent"], "log": "|badge|p2|silver|gen9randombattle|30-3\n|uhtml|medal-msg|<div class=\"broadcast-blue\">Curious what those medals under the avatar are? PS now has Ladder Seasons! For more information, check out the <a href=\"https://www.smogon.com/forums/threads/3740067/\">thread on Smogon.</a></div>\n|j|\u2606Wakandius_PMSD\n|j|\u203dQiuescent\n|t:|1732380290\n|gametype|singles\n|player|p1|Wakandius_PMSD|169|2242\n|player|p2|Qiuescent|102|2372\n|teamsize|p1|6\n|teamsize|p2|6\n|gen|9\n|tier|[Gen 9] Random Battle\n|rated|\n|rule|Species Clause: Limit one of each Pok\u00e9mon\n|rule|HP Percentage Mod: HP is shown in percentages\n|rule|Sleep Clause Mod: Limit one foe put to sleep\n|rule|Illusion Level Mod: Illusion disguises the Pok\u00e9mon's true level\n|\n|t:|1732380290\n|start\n|switch|p1a: Hitmontop|Hitmontop, L88, M|231/231\n|switch|p2a: Eelektross|Eelektross, L87, M|290/290\n|-ability|p1a: Hitmontop|Intimidate|boost\n|-unboost|p2a: Eelektross|atk|1\n|turn|1\n|\n|t:|1732380302\n|move|p1a: Hitmontop|Close Combat|p2a: Eelektross\n|-damage|p2a: Eelektross|151/290\n|-unboost|p1a: Hitmontop|def|1\n|-unboost|p1a: Hitmontop|spd|1\n|move|p2a: Eelektross|Coil|p2a: Eelektross\n|-boost|p2a: Eelektross|atk|1\n|-boost|p2a: Eelektross|def|1\n|-boost|p2a: Eelektross|accuracy|1\n|\n|-heal|p2a: Eelektross|169/290|[from] item: Leftovers\n|upkeep\n|turn|2\n|\n|t:|1732380312\n|move|p1a: Hitmontop|Close Combat|p2a: Eelektross\n|-damage|p2a: Eelektross|75/290\n|-unboost|p1a: Hitmontop|def|1\n|-unboost|p1a: Hitmontop|spd|1\n|move|p2a: Eelektross|Drain Punch|p1a: Hitmontop\n|-damage|p1a: Hitmontop|118/231\n|-heal|p2a: Eelektross|132/290|[from] drain|[of] p1a: Hitmontop\n|\n|-heal|p2a: Eelektross|150/290|[from] item: Leftovers\n|upkeep\n|turn|3\n|inactive|Battle timer is ON: inactive players will automatically lose when time's up. (requested by Qiuescent)\n|\n|t:|1732380318\n|move|p1a: Hitmontop|Close Combat|p2a: Eelektross\n|-damage|p2a: Eelektross|53/290\n|-unboost|p1a: Hitmontop|def|1\n|-unboost|p1a: Hitmontop|spd|1\n|move|p2a: Eelektross|Drain Punch|p1a: Hitmontop\n|-damage|p1a: Hitmontop|0 fnt\n|-heal|p2a: Eelektross|112/290|[from] drain|[of] p1a: Hitmontop\n|faint|p1a: Hitmontop\n|\n|-heal|p2a: Eelektross|130/290|[from] item: Leftovers\n|upkeep\n|\n|t:|1732380326\n|switch|p1a: Iron Moth|Iron Moth, L78|253/253\n|turn|4\n|\n|t:|1732380329\n|move|p1a: Iron Moth|Fire Blast|p2a: Eelektross\n|-damage|p2a: Eelektross|0 fnt\n|faint|p2a: Eelektross\n|\n|upkeep\n|\n|t:|1732380332\n|switch|p2a: Talonflame|Talonflame, L84, F|268/268\n|turn|5\n|\n|t:|1732380350\n|-end|p1a: Iron Moth|Quark Drive|[silent]\n|switch|p1a: Bronzong|Bronzong, L88|261/261\n|move|p2a: Talonflame|Brave Bird|p1a: Bronzong\n|-resisted|p1a: Bronzong\n|-damage|p1a: Bronzong|216/261\n|-damage|p2a: Talonflame|253/268|[from] Recoil\n|\n|-heal|p1a: Bronzong|232/261|[from] item: Leftovers\n|upkeep\n|turn|6\n|\n|t:|1732380353\n|switch|p1a: Manaphy|Manaphy, L78|284/284\n|move|p2a: Talonflame|Overheat|p1a: Manaphy\n|-resisted|p1a: Manaphy\n|-damage|p1a: Manaphy|233/284\n|-unboost|p2a: Talonflame|spa|2\n|\n|-heal|p1a: Manaphy|250/284|[from] item: Leftovers\n|upkeep\n|turn|7\n|\n|t:|1732380355\n|move|p2a: Talonflame|U-turn|p1a: Manaphy\n|-damage|p1a: Manaphy|207/284\n|\n|t:|1732380359\n|switch|p2a: Mismagius|Mismagius, L86, F|243/243|[from] U-turn\n|move|p1a: Manaphy|Hydro Pump|p2a: Mismagius|[miss]\n|-miss|p1a: Manaphy|p2a: Mismagius\n|\n|-heal|p1a: Manaphy|224/284|[from] item: Leftovers\n|upkeep\n|turn|8\n|\n|t:|1732380366\n|switch|p1a: Blissey|Blissey, L84, F|566/566\n|move|p2a: Mismagius|Nasty Plot|p2a: Mismagius\n|-boost|p2a: Mismagius|spa|2\n|\n|upkeep\n|turn|9\n|\n|t:|1732380369\n|move|p2a: Mismagius|Substitute|p2a: Mismagius\n|-start|p2a: Mismagius|Substitute\n|-damage|p2a: Mismagius|183/243\n|move|p1a: Blissey|Stealth Rock|p2a: Mismagius\n|-sidestart|p2: Qiuescent|move: Stealth Rock\n|\n|-heal|p2a: Mismagius|198/243|[from] item: Leftovers\n|upkeep\n|turn|10\n|\n|t:|1732380374\n|switch|p1a: Regieleki|Regieleki, L79|256/256\n|move|p2a: Mismagius|Nasty Plot|p2a: Mismagius\n|-boost|p2a: Mismagius|spa|2\n|\n|-heal|p2a: Mismagius|213/243|[from] item: Leftovers\n|upkeep\n|turn|11\n|\n|t:|1732380382\n|move|p1a: Regieleki|Volt Switch|p2a: Mismagius\n|-end|p2a: Mismagius|Substitute\n|\n|t:|1732380394\n|switch|p1a: Iron Moth|Iron Moth, L78|253/253|[from] Volt Switch\n|move|p2a: Mismagius|Substitute|p2a: Mismagius\n|-start|p2a: Mismagius|Substitute\n|-damage|p2a: Mismagius|153/243\n|\n|-heal|p2a: Mismagius|168/243|[from] item: Leftovers\n|upkeep\n|turn|12\n|\n|t:|1732380399\n|move|p2a: Mismagius|Shadow Ball|p1a: Iron Moth\n|-damage|p1a: Iron Moth|18/253\n|move|p1a: Iron Moth|Sludge Wave|p2a: Mismagius\n|-resisted|p2a: Mismagius\n|-crit|p2a: Mismagius\n|-end|p2a: Mismagius|Substitute\n|\n|-heal|p2a: Mismagius|183/243|[from] item: Leftovers\n|upkeep\n|turn|13\n|\n|t:|1732380405\n|move|p2a: Mismagius|Shadow Ball|p1a: Iron Moth\n|-damage|p1a: Iron Moth|0 fnt\n|faint|p1a: Iron Moth\n|-end|p1a: Iron Moth|Quark Drive|[silent]\n|\n|-heal|p2a: Mismagius|198/243|[from] item: Leftovers\n|upkeep\n|\n|t:|1732380408\n|switch|p1a: Regieleki|Regieleki, L79|256/256\n|turn|14\n|\n|t:|1732380418\n|move|p1a: Regieleki|Thunderbolt|p2a: Mismagius\n|-damage|p2a: Mismagius|89/243\n|move|p2a: Mismagius|Shadow Ball|p1a: Regieleki\n|-crit|p1a: Regieleki\n|-damage|p1a: Regieleki|0 fnt\n|faint|p1a: Regieleki\n|\n|-heal|p2a: Mismagius|104/243|[from] item: Leftovers\n|upkeep\n|\n|t:|1732380428\n|switch|p1a: Manaphy|Manaphy, L78|224/284\n|turn|15\n|\n|t:|1732380431\n|move|p2a: Mismagius|Shadow Ball|p1a: Manaphy\n|-damage|p1a: Manaphy|0 fnt\n|faint|p1a: Manaphy\n|\n|-heal|p2a: Mismagius|119/243|[from] item: Leftovers\n|upkeep\n|-message|Wakandius_PMSD forfeited.\n|\n|win|Qiuescent\n|raw|Wakandius_PMSD's rating: 2242 &rarr; <strong>2229</strong><br />(-13 for losing)\n|raw|Qiuescent's rating: 2372 &rarr; <strong>2385</strong><br />(+13 for winning)\n|l|\u2606Wakandius_PMSD\n|player|p1|\n", "inputlog": ">version baf9aa68cbe18cf25f290680a08c9ad9c5e3e828\n>start {\"formatid\":\"gen9randombattle\",\"seed\":[38824,10510,46755,5517],\"rated\":\"Rated battle\"}\n>player p1 {\"name\":\"Wakandius_PMSD\",\"avatar\":\"169\",\"rating\":2242,\"seed\":[12039,736,34228,4225]}\n>player p2 {\"name\":\"Qiuescent\",\"avatar\":\"102\",\"rating\":2372,\"seed\":[59706,42399,27370,60893]}\n>p1 move closecombat\n>p2 move coil\n>p1 move closecombat\n>p2 move drainpunch\n>p1 move closecombat\n>p2 move drainpunch\n>p1 switch 2\n>p1 move fireblast\n>p2 move knockoff\n>p2 switch 4\n>p1 switch 3\n>p2 move bravebird\n>p1 switch 6\n>p2 move overheat\n>p1 move hydropump\n>p2 move uturn\n>p2 switch 2\n>p1 switch 5\n>p2 move nastyplot\n>p1 move stealthrock\n>p2 move substitute\n>p1 switch 4\n>p2 move nastyplot\n>p1 move voltswitch\n>p2 move substitute\n>p1 switch 3\n>p1 move sludgewave\n>p2 move shadowball\n>p1 move fireblast\n>p2 move shadowball\n>p1 switch 3\n>p1 move thunderbolt\n>p2 move shadowball\n>p1 switch 5\n>p1 move hydropump\n>p2 move shadowball\n>forcelose p1", "uploadtime": 1732380435, "views": 32, "formatid": "gen9randombattle", "rating": 2229, "private": 0, "password": null}