{"id": "gen9randombattle-2100604806", "format": "[Gen 9] Random Battle", "players": ["MichaelderBeste2", "Referrals"], "log": "|badge|p1|gold|gen9randombattle|3-1\n|uhtml|medal-msg|<div class=\"broadcast-blue\">Curious what those medals under the avatar are? PS now has Ladder Seasons! For more information, check out the <a href=\"https://www.smogon.com/forums/threads/3740067/\">thread on Smogon.</a></div>\n|badge|p2|silver|gen9randombattle|30-1\n|uhtml|medal-msg|<div class=\"broadcast-blue\">Curious what those medals under the avatar are? PS now has Ladder Seasons! For more information, check out the <a href=\"https://www.smogon.com/forums/threads/3740067/\">thread on Smogon.</a></div>\n|j|\u2606MichaelderBeste2\n|j|\u203dReferrals\n|t:|1712785801\n|gametype|singles\n|player|p1|MichaelderBeste2|#rbtt7teamdarkrai|2520\n|player|p2|Referrals|iono|2462\n|teamsize|p1|6\n|teamsize|p2|6\n|gen|9\n|tier|[Gen 9] Random Battle\n|rated|\n|rule|Species Clause: Limit one of each Pok\u00e9mon\n|rule|HP Percentage Mod: HP is shown in percentages\n|rule|Sleep Clause Mod: Limit one foe put to sleep\n|rule|Illusion Level Mod: Illusion disguises the Pok\u00e9mon's true level\n|\n|t:|1712785801\n|start\n|switch|p1a: Donphan|Donphan, L84, M|288/288\n|switch|p2a: Basculegion|Basculegion, L81, M|327/327\n|turn|1\n|inactive|Battle timer is ON: inactive players will automatically lose when time's up. (requested by Referrals)\n|inactive|Referrals has 120 seconds left.\n|\n|t:|1712785833\n|move|p2a: Basculegion|Wave Crash|p1a: Donphan\n|-supereffective|p1a: Donphan\n|-ability|p1a: Donphan|Sturdy\n|-damage|p1a: Donphan|1/288\n|-damage|p2a: Basculegion|232/327|[from] Recoil\n|move|p1a: Donphan|Earthquake|p2a: Basculegion\n|-damage|p2a: Basculegion|60/327\n|\n|upkeep\n|turn|2\n|inactive|MichaelderBeste2 has 120 seconds left.\n|\n|t:|1712785865\n|move|p1a: Donphan|Ice Shard|p2a: Basculegion\n|-resisted|p2a: Basculegion\n|-damage|p2a: Basculegion|38/327\n|move|p2a: Basculegion|Flip Turn|p1a: Donphan\n|-supereffective|p1a: Donphan\n|-damage|p1a: Donphan|0 fnt\n|faint|p1a: Donphan\n|inactive|Referrals has 120 seconds left.\n|\n|t:|1712785902\n|switch|p2a: Granbull|Granbull, L88, M|302/302|[from] Flip Turn\n|\n|upkeep\n|inactive|MichaelderBeste2 has 120 seconds left.\n|\n|t:|1712785929\n|switch|p1a: Gholdengo|Gholdengo, L77|261/261\n|turn|3\n|\n|t:|1712785936\n|switch|p2a: Entei|Entei, L78|307/307\n|move|p1a: Gholdengo|Make It Rain|p2a: Entei\n|-resisted|p2a: Entei\n|-damage|p2a: Entei|204/307\n|-unboost|p1a: Gholdengo|spa|1\n|-damage|p1a: Gholdengo|235/261|[from] item: Life Orb\n|\n|upkeep\n|turn|4\n|inactive|MichaelderBeste2 has 120 seconds left.\n|j| PKV Pokevin\n|\n|t:|1712785959\n|switch|p1a: Quagsire|Quagsire, L84, M|297/297\n|move|p2a: Entei|Sacred Fire|p1a: Quagsire\n|-resisted|p1a: Quagsire\n|-damage|p1a: Quagsire|215/297\n|\n|-heal|p1a: Quagsire|233/297|[from] item: Leftovers\n|upkeep\n|turn|5\n|\n|t:|1712785965\n|switch|p2a: Kricketune|Kricketune, L99, M|312/312\n|move|p1a: Quagsire|Spikes|p2a: Kricketune\n|-sidestart|p2: Referrals|Spikes\n|\n|-heal|p1a: Quagsire|251/297|[from] item: Leftovers\n|upkeep\n|turn|6\n|j| 35Q71N\n|inactive|MichaelderBeste2 has 120 seconds left.\n|\n|t:|1712785984\n|move|p2a: Kricketune|Sticky Web|p1a: Quagsire\n|-sidestart|p1: MichaelderBeste2|move: Sticky Web\n|move|p1a: Quagsire|Ice Beam|p2a: Kricketune\n|-damage|p2a: Kricketune|250/312\n|\n|-heal|p1a: Quagsire|269/297|[from] item: Leftovers\n|upkeep\n|turn|7\n|\n|t:|1712785989\n|switch|p1a: Volbeat|Volbeat, L90, M|263/263\n|move|p2a: Kricketune|Knock Off|p1a: Volbeat\n|-damage|p1a: Volbeat|180/263\n|-enditem|p1a: Volbeat|Heavy-Duty Boots|[from] move: Knock Off|[of] p2a: Kricketune\n|\n|upkeep\n|turn|8\n|\n|t:|1712785995\n|switch|p2a: Quagsire|Quagsire, L84, F|297/297\n|-damage|p2a: Quagsire|260/297|[from] Spikes\n|move|p1a: Volbeat|Thunder Wave|p2a: Quagsire\n|-immune|p2a: Quagsire\n|\n|-heal|p2a: Quagsire|278/297|[from] item: Leftovers\n|upkeep\n|turn|9\n|\n|t:|1712785999\n|move|p1a: Volbeat|U-turn|p2a: Quagsire\n|-damage|p2a: Quagsire|203/297\n|\n|t:|1712786004\n|switch|p1a: Leafeon|Leafeon, L88, M|258/258|[from] U-turn\n|-activate|p1a: Leafeon|move: Sticky Web\n|-unboost|p1a: Leafeon|spe|1\n|move|p2a: Quagsire|Spikes|p1a: Leafeon\n|-sidestart|p1: MichaelderBeste2|Spikes\n|\n|-heal|p2a: Quagsire|221/297|[from] item: Leftovers\n|upkeep\n|turn|10\n|\n|t:|1712786011\n|switch|p2a: Kricketune|Kricketune, L99, M|250/312\n|move|p1a: Leafeon|Knock Off|p2a: Kricketune\n|-damage|p2a: Kricketune|108/312\n|-enditem|p2a: Kricketune|Heavy-Duty Boots|[from] move: Knock Off|[of] p1a: Leafeon\n|-damage|p1a: Leafeon|233/258|[from] item: Life Orb\n|\n|upkeep\n|turn|11\n|\n|t:|1712786014\n|switch|p1a: Volbeat|Volbeat, L90, M|180/263\n|-activate|p1a: Volbeat|move: Sticky Web\n|-unboost|p1a: Volbeat|spe|1\n|-damage|p1a: Volbeat|148/263|[from] Spikes\n|move|p2a: Kricketune|Pounce|p1a: Volbeat\n|-damage|p1a: Volbeat|36/263\n|-unboost|p1a: Volbeat|spe|1\n|\n|upkeep\n|turn|12\n|\n|t:|1712786022\n|move|p1a: Volbeat|Roost|p1a: Volbeat\n|-heal|p1a: Volbeat|168/263\n|-singleturn|p1a: Volbeat|move: Roost\n|move|p2a: Kricketune|Pounce|p1a: Volbeat\n|-damage|p1a: Volbeat|66/263\n|-unboost|p1a: Volbeat|spe|1\n|\n|upkeep\n|turn|13\n|\n|t:|1712786025\n|move|p1a: Volbeat|Roost|p1a: Volbeat\n|-heal|p1a: Volbeat|198/263\n|-singleturn|p1a: Volbeat|move: Roost\n|move|p2a: Kricketune|Pounce|p1a: Volbeat\n|-damage|p1a: Volbeat|87/263\n|-unboost|p1a: Volbeat|spe|1\n|\n|upkeep\n|turn|14\n|\n|t:|1712786028\n|move|p1a: Volbeat|Roost|p1a: Volbeat\n|-heal|p1a: Volbeat|219/263\n|-singleturn|p1a: Volbeat|move: Roost\n|move|p2a: Kricketune|Pounce|p1a: Volbeat\n|-damage|p1a: Volbeat|105/263\n|-unboost|p1a: Volbeat|spe|1\n|\n|upkeep\n|turn|15\n|\n|t:|1712786031\n|move|p1a: Volbeat|Roost|p1a: Volbeat\n|-heal|p1a: Volbeat|237/263\n|-singleturn|p1a: Volbeat|move: Roost\n|move|p2a: Kricketune|Pounce|p1a: Volbeat\n|-damage|p1a: Volbeat|138/263\n|-unboost|p1a: Volbeat|spe|1\n|\n|upkeep\n|turn|16\n|\n|t:|1712786034\n|switch|p2a: Quagsire|Quagsire, L84, F|221/297\n|-damage|p2a: Quagsire|184/297|[from] Spikes\n|move|p1a: Volbeat|Thunder Wave|p2a: Quagsire\n|-immune|p2a: Quagsire\n|\n|-heal|p2a: Quagsire|202/297|[from] item: Leftovers\n|upkeep\n|turn|17\n|\n|t:|1712786037\n|move|p1a: Volbeat|Roost|p1a: Volbeat\n|-heal|p1a: Volbeat|263/263\n|-singleturn|p1a: Volbeat|move: Roost\n|move|p2a: Quagsire|Spikes|p1a: Volbeat\n|-sidestart|p1: MichaelderBeste2|Spikes\n|\n|-heal|p2a: Quagsire|220/297|[from] item: Leftovers\n|upkeep\n|turn|18\n|\n|t:|1712786040\n|move|p1a: Volbeat|Encore|p2a: Quagsire\n|-start|p2a: Quagsire|Encore\n|move|p2a: Quagsire|Spikes|p1a: Volbeat\n|-sidestart|p1: MichaelderBeste2|Spikes\n|\n|-heal|p2a: Quagsire|238/297|[from] item: Leftovers\n|upkeep\n|turn|19\n|\n|t:|1712786051\n|switch|p2a: Basculegion|Basculegion, L81, M|38/327\n|-damage|p2a: Basculegion|0 fnt|[from] Spikes\n|faint|p2a: Basculegion\n|move|p1a: Volbeat|U-turn|p2: Basculegion|[notarget]\n|-fail|p1a: Volbeat\n|\n|upkeep\n|\n|t:|1712786063\n|switch|p2a: Granbull|Granbull, L88, M|302/302\n|-damage|p2a: Granbull|265/302|[from] Spikes\n|-ability|p2a: Granbull|Intimidate|boost\n|-unboost|p1a: Volbeat|atk|1\n|turn|20\n|\n|t:|1712786066\n|move|p1a: Volbeat|Thunder Wave|p2a: Granbull\n|-status|p2a: Granbull|par\n|move|p2a: Granbull|Play Rough|p1a: Volbeat\n|-damage|p1a: Volbeat|136/263\n|\n|-heal|p2a: Granbull|283/302 par|[from] item: Leftovers\n|upkeep\n|turn|21\n|\n|t:|1712786070\n|move|p1a: Volbeat|Roost|p1a: Volbeat\n|-heal|p1a: Volbeat|263/263\n|-singleturn|p1a: Volbeat|move: Roost\n|move|p2a: Granbull|Play Rough|p1a: Volbeat\n|-damage|p1a: Volbeat|124/263\n|\n|-heal|p2a: Granbull|301/302 par|[from] item: Leftovers\n|upkeep\n|turn|22\n|\n|t:|1712786075\n|move|p1a: Volbeat|Roost|p1a: Volbeat\n|-heal|p1a: Volbeat|256/263\n|-singleturn|p1a: Volbeat|move: Roost\n|cant|p2a: Granbull|par\n|\n|-heal|p2a: Granbull|302/302 par|[from] item: Leftovers\n|upkeep\n|turn|23\n|\n|t:|1712786080\n|cant|p2a: Granbull|par\n|move|p1a: Volbeat|U-turn|p2a: Granbull\n|-resisted|p2a: Granbull\n|-damage|p2a: Granbull|275/302 par\n|\n|t:|1712786088\n|switch|p1a: Gholdengo|Gholdengo, L77|235/261|[from] U-turn\n|-activate|p1a: Gholdengo|move: Sticky Web\n|-unboost|p1a: Gholdengo|spe|1\n|-damage|p1a: Gholdengo|170/261|[from] Spikes\n|\n|-heal|p2a: Granbull|293/302 par|[from] item: Leftovers\n|upkeep\n|turn|24\n|\n|t:|1712786099\n|switch|p2a: Kricketune|Kricketune, L99, M|108/312\n|-damage|p2a: Kricketune|69/312|[from] Spikes\n|move|p1a: Gholdengo|Recover|p1a: Gholdengo\n|-heal|p1a: Gholdengo|261/261\n|\n|upkeep\n|turn|25\n|\n|t:|1712786102\n|switch|p1a: Volbeat|Volbeat, L90, M|256/263\n|-activate|p1a: Volbeat|move: Sticky Web\n|-unboost|p1a: Volbeat|spe|1\n|-damage|p1a: Volbeat|191/263|[from] Spikes\n|move|p2a: Kricketune|Knock Off|p1a: Volbeat\n|-damage|p1a: Volbeat|134/263\n|\n|upkeep\n|turn|26\n|\n|t:|1712786106\n|switch|p2a: Granbull|Granbull, L88, M|293/302 par\n|-damage|p2a: Granbull|256/302 par|[from] Spikes\n|-ability|p2a: Granbull|Intimidate|boost\n|-unboost|p1a: Volbeat|atk|1\n|move|p1a: Volbeat|Roost|p1a: Volbeat\n|-heal|p1a: Volbeat|263/263\n|-singleturn|p1a: Volbeat|move: Roost\n|\n|-heal|p2a: Granbull|274/302 par|[from] item: Leftovers\n|upkeep\n|turn|27\n|\n|t:|1712786114\n|move|p1a: Volbeat|U-turn|p2a: Granbull\n|-resisted|p2a: Granbull\n|-damage|p2a: Granbull|250/302 par\n|\n|t:|1712786116\n|switch|p1a: Gholdengo|Gholdengo, L77|261/261|[from] U-turn\n|-activate|p1a: Gholdengo|move: Sticky Web\n|-unboost|p1a: Gholdengo|spe|1\n|-damage|p1a: Gholdengo|196/261|[from] Spikes\n|move|p2a: Granbull|Earthquake|p1a: Gholdengo\n|-supereffective|p1a: Gholdengo\n|-damage|p1a: Gholdengo|12/261\n|\n|-heal|p2a: Granbull|268/302 par|[from] item: Leftovers\n|upkeep\n|turn|28\n|\n|t:|1712786125\n|switch|p2a: Kricketune|Kricketune, L99, M|69/312\n|-damage|p2a: Kricketune|30/312|[from] Spikes\n|move|p1a: Gholdengo|Recover|p1a: Gholdengo\n|-heal|p1a: Gholdengo|143/261\n|\n|upkeep\n|turn|29\n|\n|t:|1712786140\n|switch|p1a: Volbeat|Volbeat, L90, M|263/263\n|-activate|p1a: Volbeat|move: Sticky Web\n|-unboost|p1a: Volbeat|spe|1\n|-damage|p1a: Volbeat|198/263|[from] Spikes\n|move|p2a: Kricketune|Knock Off|p1a: Volbeat\n|-damage|p1a: Volbeat|136/263\n|\n|upkeep\n|turn|30\n|\n|t:|1712786146\n|switch|p2a: Quagsire|Quagsire, L84, F|238/297\n|-damage|p2a: Quagsire|201/297|[from] Spikes\n|move|p1a: Volbeat|U-turn|p2a: Quagsire\n|-damage|p2a: Quagsire|132/297\n|\n|t:|1712786159\n|switch|p1a: Leafeon|Leafeon, L88, M|233/258|[from] U-turn\n|-activate|p1a: Leafeon|move: Sticky Web\n|-unboost|p1a: Leafeon|spe|1\n|-damage|p1a: Leafeon|169/258|[from] Spikes\n|\n|-heal|p2a: Quagsire|150/297|[from] item: Leftovers\n|upkeep\n|turn|31\n|\n|t:|1712786168\n|-terastallize|p2a: Quagsire|Steel\n|move|p1a: Leafeon|Swords Dance|p1a: Leafeon\n|-boost|p1a: Leafeon|atk|2\n|move|p2a: Quagsire|Recover|p2a: Quagsire\n|-heal|p2a: Quagsire|297/297\n|\n|upkeep\n|turn|32\n|\n|t:|1712786176\n|move|p1a: Leafeon|Knock Off|p2a: Quagsire\n|-damage|p2a: Quagsire|187/297\n|-enditem|p2a: Quagsire|Leftovers|[from] move: Knock Off|[of] p1a: Leafeon\n|-damage|p1a: Leafeon|144/258|[from] item: Life Orb\n|move|p2a: Quagsire|Toxic|p1a: Leafeon\n|-status|p1a: Leafeon|tox\n|\n|-damage|p1a: Leafeon|128/258 tox|[from] psn\n|upkeep\n|turn|33\n|\n|t:|1712786180\n|switch|p1a: Quagsire|Quagsire, L84, M|269/297\n|-activate|p1a: Quagsire|move: Sticky Web\n|-unboost|p1a: Quagsire|spe|1\n|-damage|p1a: Quagsire|195/297|[from] Spikes\n|move|p2a: Quagsire|Recover|p2a: Quagsire\n|-heal|p2a: Quagsire|297/297\n|\n|-heal|p1a: Quagsire|213/297|[from] item: Leftovers\n|upkeep\n|turn|34\n|\n|t:|1712786192\n|switch|p2a: Kricketune|Kricketune, L99, M|30/312\n|-damage|p2a: Kricketune|0 fnt|[from] Spikes\n|faint|p2a: Kricketune\n|move|p1a: Quagsire|Earthquake|p2: Kricketune|[notarget]\n|-fail|p1a: Quagsire\n|\n|-heal|p1a: Quagsire|231/297|[from] item: Leftovers\n|upkeep\n|\n|t:|1712786194\n|switch|p2a: Cinccino|Cinccino, L83, M|260/260\n|-damage|p2a: Cinccino|228/260|[from] Spikes\n|turn|35\n|\n|t:|1712786210\n|switch|p1a: Volbeat|Volbeat, L90, M|136/263\n|-activate|p1a: Volbeat|move: Sticky Web\n|-unboost|p1a: Volbeat|spe|1\n|-damage|p1a: Volbeat|71/263|[from] Spikes\n|move|p2a: Cinccino|Bullet Seed|p1a: Volbeat\n|-resisted|p1a: Volbeat\n|-damage|p1a: Volbeat|58/263\n|-resisted|p1a: Volbeat\n|-damage|p1a: Volbeat|45/263\n|-resisted|p1a: Volbeat\n|-damage|p1a: Volbeat|31/263\n|-resisted|p1a: Volbeat\n|-damage|p1a: Volbeat|18/263\n|-hitcount|p1a: Volbeat|4\n|\n|upkeep\n|turn|36\n|\n|t:|1712786216\n|switch|p2a: Granbull|Granbull, L88, M|268/302 par\n|-damage|p2a: Granbull|231/302 par|[from] Spikes\n|-ability|p2a: Granbull|Intimidate|boost\n|-unboost|p1a: Volbeat|atk|1\n|move|p1a: Volbeat|U-turn|p2a: Granbull\n|-resisted|p2a: Granbull\n|-damage|p2a: Granbull|204/302 par\n|\n|t:|1712786227\n|switch|p1a: Gholdengo|Gholdengo, L77|143/261|[from] U-turn\n|-activate|p1a: Gholdengo|move: Sticky Web\n|-unboost|p1a: Gholdengo|spe|1\n|-damage|p1a: Gholdengo|78/261|[from] Spikes\n|\n|-heal|p2a: Granbull|222/302 par|[from] item: Leftovers\n|upkeep\n|turn|37\n|\n|t:|1712786246\n|move|p1a: Gholdengo|Recover|p1a: Gholdengo\n|-heal|p1a: Gholdengo|209/261\n|move|p2a: Granbull|Earthquake|p1a: Gholdengo\n|-supereffective|p1a: Gholdengo\n|-damage|p1a: Gholdengo|23/261\n|\n|-heal|p2a: Granbull|240/302 par|[from] item: Leftovers\n|upkeep\n|turn|38\n|\n|t:|1712786253\n|switch|p2a: Entei|Entei, L78|204/307\n|-damage|p2a: Entei|166/307|[from] Spikes\n|move|p1a: Gholdengo|Make It Rain|p2a: Entei\n|-resisted|p2a: Entei\n|-damage|p2a: Entei|56/307\n|-unboost|p1a: Gholdengo|spa|1\n|-damage|p1a: Gholdengo|0 fnt|[from] item: Life Orb\n|faint|p1a: Gholdengo\n|\n|upkeep\n|\n|t:|1712786258\n|switch|p1a: Quagsire|Quagsire, L84, M|231/297\n|-activate|p1a: Quagsire|move: Sticky Web\n|-unboost|p1a: Quagsire|spe|1\n|-damage|p1a: Quagsire|157/297|[from] Spikes\n|turn|39\n|\n|t:|1712786263\n|move|p2a: Entei|Sacred Fire|p1a: Quagsire\n|-resisted|p1a: Quagsire\n|-damage|p1a: Quagsire|81/297\n|-status|p1a: Quagsire|brn\n|move|p1a: Quagsire|Recover|p1a: Quagsire\n|-heal|p1a: Quagsire|230/297 brn\n|\n|-heal|p1a: Quagsire|248/297 brn|[from] item: Leftovers\n|-damage|p1a: Quagsire|230/297 brn|[from] brn\n|upkeep\n|turn|40\n|\n|t:|1712786270\n|switch|p2a: Granbull|Granbull, L88, M|240/302 par\n|-damage|p2a: Granbull|203/302 par|[from] Spikes\n|-ability|p2a: Granbull|Intimidate|boost\n|-unboost|p1a: Quagsire|atk|1\n|move|p1a: Quagsire|Ice Beam|p2a: Granbull\n|-damage|p2a: Granbull|148/302 par\n|\n|-heal|p1a: Quagsire|248/297 brn|[from] item: Leftovers\n|-heal|p2a: Granbull|166/302 par|[from] item: Leftovers\n|-damage|p1a: Quagsire|230/297 brn|[from] brn\n|upkeep\n|turn|41\n|j| meamdefinitely4\n|\n|t:|1712786298\n|move|p1a: Quagsire|Ice Beam|p2a: Granbull\n|-damage|p2a: Granbull|110/302 par\n|move|p2a: Granbull|Play Rough|p1a: Quagsire\n|-damage|p1a: Quagsire|104/297 brn\n|\n|-heal|p1a: Quagsire|122/297 brn|[from] item: Leftovers\n|-heal|p2a: Granbull|128/302 par|[from] item: Leftovers\n|-damage|p1a: Quagsire|104/297 brn|[from] brn\n|upkeep\n|turn|42\n|\n|t:|1712786304\n|move|p1a: Quagsire|Recover|p1a: Quagsire\n|-heal|p1a: Quagsire|253/297 brn\n|move|p2a: Granbull|Play Rough|p1a: Quagsire|[miss]\n|-miss|p2a: Granbull|p1a: Quagsire\n|\n|-heal|p1a: Quagsire|271/297 brn|[from] item: Leftovers\n|-heal|p2a: Granbull|146/302 par|[from] item: Leftovers\n|-damage|p1a: Quagsire|253/297 brn|[from] brn\n|upkeep\n|turn|43\n|\n|t:|1712786308\n|move|p1a: Quagsire|Ice Beam|p2a: Granbull\n|-damage|p2a: Granbull|86/302 par\n|move|p2a: Granbull|Play Rough|p1a: Quagsire\n|-damage|p1a: Quagsire|133/297 brn\n|\n|-heal|p1a: Quagsire|151/297 brn|[from] item: Leftovers\n|-heal|p2a: Granbull|104/302 par|[from] item: Leftovers\n|-damage|p1a: Quagsire|133/297 brn|[from] brn\n|upkeep\n|turn|44\n|\n|t:|1712786323\n|move|p1a: Quagsire|Recover|p1a: Quagsire\n|-heal|p1a: Quagsire|282/297 brn\n|cant|p2a: Granbull|par\n|\n|-heal|p1a: Quagsire|297/297 brn|[from] item: Leftovers\n|-heal|p2a: Granbull|122/302 par|[from] item: Leftovers\n|-damage|p1a: Quagsire|279/297 brn|[from] brn\n|upkeep\n|turn|45\n|l| meamdefinitely4\n|\n|t:|1712786343\n|move|p1a: Quagsire|Spikes|p2a: Granbull\n|-sidestart|p2: Referrals|Spikes\n|move|p2a: Granbull|Play Rough|p1a: Quagsire\n|-damage|p1a: Quagsire|144/297 brn\n|\n|-heal|p1a: Quagsire|162/297 brn|[from] item: Leftovers\n|-heal|p2a: Granbull|140/302 par|[from] item: Leftovers\n|-damage|p1a: Quagsire|144/297 brn|[from] brn\n|upkeep\n|turn|46\n|\n|t:|1712786349\n|move|p1a: Quagsire|Ice Beam|p2a: Granbull\n|-damage|p2a: Granbull|83/302 par\n|move|p2a: Granbull|Play Rough|p1a: Quagsire\n|-damage|p1a: Quagsire|20/297 brn\n|\n|-heal|p1a: Quagsire|38/297 brn|[from] item: Leftovers\n|-heal|p2a: Granbull|101/302 par|[from] item: Leftovers\n|-damage|p1a: Quagsire|20/297 brn|[from] brn\n|upkeep\n|turn|47\n|\n|t:|1712786357\n|move|p1a: Quagsire|Recover|p1a: Quagsire\n|-heal|p1a: Quagsire|169/297 brn\n|move|p2a: Granbull|Play Rough|p1a: Quagsire\n|-damage|p1a: Quagsire|37/297 brn\n|\n|-heal|p1a: Quagsire|55/297 brn|[from] item: Leftovers\n|-heal|p2a: Granbull|119/302 par|[from] item: Leftovers\n|-damage|p1a: Quagsire|37/297 brn|[from] brn\n|upkeep\n|turn|48\n|\n|t:|1712786363\n|move|p1a: Quagsire|Recover|p1a: Quagsire\n|-heal|p1a: Quagsire|186/297 brn\n|cant|p2a: Granbull|par\n|\n|-heal|p1a: Quagsire|204/297 brn|[from] item: Leftovers\n|-heal|p2a: Granbull|137/302 par|[from] item: Leftovers\n|-damage|p1a: Quagsire|186/297 brn|[from] brn\n|upkeep\n|turn|49\n|\n|t:|1712786371\n|move|p1a: Quagsire|Ice Beam|p2a: Granbull\n|-damage|p2a: Granbull|79/302 par\n|move|p2a: Granbull|Play Rough|p1a: Quagsire\n|-crit|p1a: Quagsire\n|-damage|p1a: Quagsire|9/297 brn\n|\n|-heal|p1a: Quagsire|27/297 brn|[from] item: Leftovers\n|-heal|p2a: Granbull|97/302 par|[from] item: Leftovers\n|-damage|p1a: Quagsire|9/297 brn|[from] brn\n|upkeep\n|turn|50\n|\n|t:|1712786377\n|move|p1a: Quagsire|Recover|p1a: Quagsire\n|-heal|p1a: Quagsire|158/297 brn\n|move|p2a: Granbull|Play Rough|p1a: Quagsire\n|-damage|p1a: Quagsire|32/297 brn\n|\n|-heal|p1a: Quagsire|50/297 brn|[from] item: Leftovers\n|-heal|p2a: Granbull|115/302 par|[from] item: Leftovers\n|-damage|p1a: Quagsire|32/297 brn|[from] brn\n|upkeep\n|turn|51\n|j| ftgnfgymfrtmrfmt\n|\n|t:|1712786380\n|move|p1a: Quagsire|Recover|p1a: Quagsire\n|-heal|p1a: Quagsire|181/297 brn\n|cant|p2a: Granbull|par\n|\n|-heal|p1a: Quagsire|199/297 brn|[from] item: Leftovers\n|-heal|p2a: Granbull|133/302 par|[from] item: Leftovers\n|-damage|p1a: Quagsire|181/297 brn|[from] brn\n|upkeep\n|turn|52\n|\n|t:|1712786398\n|move|p1a: Quagsire|Ice Beam|p2a: Granbull\n|-damage|p2a: Granbull|71/302 par\n|move|p2a: Granbull|Play Rough|p1a: Quagsire\n|-damage|p1a: Quagsire|60/297 brn\n|\n|-heal|p1a: Quagsire|78/297 brn|[from] item: Leftovers\n|-heal|p2a: Granbull|89/302 par|[from] item: Leftovers\n|-damage|p1a: Quagsire|60/297 brn|[from] brn\n|upkeep\n|turn|53\n|j| We R Extraordinary\n|\n|t:|1712786402\n|move|p1a: Quagsire|Recover|p1a: Quagsire\n|-heal|p1a: Quagsire|209/297 brn\n|move|p2a: Granbull|Play Rough|p1a: Quagsire\n|-damage|p1a: Quagsire|86/297 brn\n|\n|-heal|p1a: Quagsire|104/297 brn|[from] item: Leftovers\n|-heal|p2a: Granbull|107/302 par|[from] item: Leftovers\n|-damage|p1a: Quagsire|86/297 brn|[from] brn\n|upkeep\n|turn|54\n|l|ftgnfgymfrtmrfmt\n|l| We R Extraordinary\n|\n|t:|1712786411\n|move|p1a: Quagsire|Spikes|p2a: Granbull\n|-sidestart|p2: Referrals|Spikes\n|cant|p2a: Granbull|par\n|\n|-heal|p1a: Quagsire|104/297 brn|[from] item: Leftovers\n|-heal|p2a: Granbull|125/302 par|[from] item: Leftovers\n|-damage|p1a: Quagsire|86/297 brn|[from] brn\n|upkeep\n|turn|55\n|\n|t:|1712786415\n|move|p1a: Quagsire|Ice Beam|p2a: Granbull\n|-crit|p2a: Granbull\n|-damage|p2a: Granbull|41/302 par\n|move|p2a: Granbull|Earthquake|p1a: Quagsire\n|-damage|p1a: Quagsire|0 fnt\n|faint|p1a: Quagsire\n|\n|-heal|p2a: Granbull|59/302 par|[from] item: Leftovers\n|upkeep\n|\n|t:|1712786422\n|switch|p1a: Leafeon|Leafeon, L88, M|128/258 tox\n|-activate|p1a: Leafeon|move: Sticky Web\n|-unboost|p1a: Leafeon|spe|1\n|-damage|p1a: Leafeon|64/258 tox|[from] Spikes\n|turn|56\n|\n|t:|1712786428\n|switch|p2a: Quagsire|Quagsire, L84, F, tera:Steel|297/297\n|-damage|p2a: Quagsire|223/297|[from] Spikes\n|move|p1a: Leafeon|Leaf Blade|p2a: Quagsire\n|-resisted|p2a: Quagsire\n|-crit|p2a: Quagsire\n|-damage|p2a: Quagsire|100/297\n|-damage|p1a: Leafeon|39/258 tox|[from] item: Life Orb\n|\n|-damage|p1a: Leafeon|23/258 tox|[from] psn\n|upkeep\n|turn|57\n|\n|t:|1712786431\n|switch|p1a: Basculin|Basculin-Blue-Striped, L86, M|261/261\n|-activate|p1a: Basculin|move: Sticky Web\n|-unboost|p1a: Basculin|spe|1\n|-damage|p1a: Basculin|196/261|[from] Spikes\n|move|p2a: Quagsire|Recover|p2a: Quagsire\n|-heal|p2a: Quagsire|249/297\n|\n|upkeep\n|turn|58\n|j| Vitoran\n|\n|t:|1712786443\n|move|p1a: Basculin|Wave Crash|p2a: Quagsire\n|-damage|p2a: Quagsire|0 fnt\n|faint|p2a: Quagsire\n|-damage|p1a: Basculin|114/261|[from] Recoil\n|\n|upkeep\n|\n|t:|1712786448\n|switch|p2a: Cinccino|Cinccino, L83, M|228/260\n|-damage|p2a: Cinccino|163/260|[from] Spikes\n|turn|59\n|\n|t:|1712786451\n|switch|p1a: Volbeat|Volbeat, L90, M|18/263\n|-activate|p1a: Volbeat|move: Sticky Web\n|-unboost|p1a: Volbeat|spe|1\n|-damage|p1a: Volbeat|0 fnt|[from] Spikes\n|faint|p1a: Volbeat\n|move|p2a: Cinccino|Bullet Seed|p1: Volbeat|[notarget]\n|-fail|p2a: Cinccino\n|\n|upkeep\n|\n|t:|1712786453\n|switch|p1a: Basculin|Basculin-Blue-Striped, L86, M|114/261\n|-activate|p1a: Basculin|move: Sticky Web\n|-unboost|p1a: Basculin|spe|1\n|-damage|p1a: Basculin|49/261|[from] Spikes\n|turn|60\n|\n|t:|1712786455\n|-terastallize|p1a: Basculin|Water\n|move|p1a: Basculin|Aqua Jet|p2a: Cinccino\n|-damage|p2a: Cinccino|26/260\n|move|p2a: Cinccino|Bullet Seed|p1a: Basculin\n|-supereffective|p1a: Basculin\n|-damage|p1a: Basculin|0 fnt\n|faint|p1a: Basculin\n|-hitcount|p1: Basculin|1\n|\n|upkeep\n|-message|MichaelderBeste2 forfeited.\n|\n|win|Referrals\n|raw|MichaelderBeste2's rating: 2520 &rarr; <strong>2495</strong><br />(-25 for losing)\n|raw|Referrals's rating: 2439 &rarr; <strong>2464</strong><br />(+25 for winning)\n|l|\u2606MichaelderBeste2\n|player|p1|\n|l| 35Q71N\n|l|\u203dReferrals\n|player|p2|\n", "inputlog": ">version 3a5338d38dc0bb363dd203110c27f40e04e176a8\n>start {\"formatid\":\"gen9randombattle\",\"seed\":[5312,28429,48888,34457],\"rated\":\"Rated battle\"}\n>player p1 {\"name\":\"MichaelderBeste2\",\"avatar\":\"#rbtt7teamdarkrai\",\"rating\":2520,\"seed\":[51494,56051,41544,30068]}\n>player p2 {\"name\":\"Referrals\",\"avatar\":\"iono\",\"rating\":2462,\"seed\":[5239,52064,520,64093]}\n>p1 move earthquake\n>p2 move wavecrash\n>p1 move iceshard\n>p2 move flipturn\n>p2 switch 5\n>p1 switch 5\n>p1 move makeitrain\n>p2 switch 3\n>p1 switch 6\n>p2 move sacredfire\n>p1 move spikes\n>p2 switch 2\n>p1 move icebeam\n>p2 move stickyweb\n>p1 switch 2\n>p2 move knockoff\n>p1 move thunderwave\n>p2 switch 6\n>p1 move uturn\n>p2 move spikes\n>p1 switch 4\n>p1 move knockoff\n>p2 switch 6\n>p1 switch 4\n>p2 move pounce\n>p1 move roost\n>p2 move pounce\n>p1 move roost\n>p2 move pounce\n>p1 move roost\n>p2 move pounce\n>p1 move roost\n>p2 move pounce\n>p1 move thunderwave\n>p2 switch 6\n>p1 move roost\n>p2 move spikes\n>p1 move encore\n>p2 move spikes\n>p1 move uturn\n>p2 switch 5\n>p2 switch 3\n>p1 move thunderwave\n>p2 move playrough\n>p1 move roost\n>p2 move playrough\n>p1 move roost\n>p2 move playrough\n>p1 move uturn\n>p2 move earthquake\n>p1 switch 6\n>p1 move recover\n>p2 switch 6\n>p1 switch 6\n>p2 move knockoff\n>p1 move roost\n>p2 switch 6\n>p1 move uturn\n>p2 move earthquake\n>p1 switch 6\n>p1 move recover\n>p2 switch 6\n>p1 switch 6\n>p2 move knockoff\n>p1 move uturn\n>p2 switch 5\n>p1 switch 4\n>p1 move swordsdance\n>p2 move recover terastallize\n>p1 move knockoff\n>p2 move toxic\n>p1 switch 2\n>p2 move recover\n>p1 move earthquake\n>p2 switch 5\n>p2 switch 4\n>p1 switch 4\n>p2 move bulletseed\n>p1 move uturn\n>p2 switch 6\n>p1 switch 6\n>p1 move recover\n>p2 move earthquake\n>p1 move makeitrain\n>p2 switch 2\n>p1 switch 4\n>p1 move recover\n>p2 move sacredfire\n>p1 move icebeam\n>p2 switch 2\n>p1 move icebeam\n>p2 move playrough\n>p1 move recover\n>p2 move playrough\n>p1 move icebeam\n>p2 move playrough\n>p1 move recover\n>p2 move encore\n>p1 move spikes\n>p2 move playrough\n>p1 move icebeam\n>p2 move playrough\n>p1 move recover\n>p2 move playrough\n>p1 move recover\n>p2 move playrough\n>p1 move icebeam\n>p2 move playrough\n>p1 move recover\n>p2 move playrough\n>p1 move recover\n>p2 move playrough\n>p1 move icebeam\n>p2 move playrough\n>p1 move recover\n>p2 move playrough\n>p1 move spikes\n>p2 move earthquake\n>p1 move icebeam\n>p2 move earthquake\n>p1 switch 2\n>p1 move leafblade\n>p2 switch 5\n>p1 switch 3\n>p2 move recover\n>p1 move wavecrash\n>p2 move earthquake\n>p2 switch 6\n>p1 switch 6\n>p2 move bulletseed\n>p1 switch 6\n>p1 move aquajet terastallize\n>p2 move bulletseed\n>forcelose p1", "uploadtime": 1712786481, "views": 307, "formatid": "gen9randombattle", "rating": 2464, "private": 0, "password": null}