{"id": "gen9randombattle-2253060783", "format": "[Gen 9] Random Battle", "players": ["LizarDune", "Pigeon Trainer"], "log": "|badge|p1|bronze|gen9randombattle|100-3\n|uhtml|medal-msg|<div class=\"broadcast-blue\">Curious what those medals under the avatar are? PS now has Ladder Seasons! For more information, check out the <a href=\"https://www.smogon.com/forums/threads/3740067/\">thread on Smogon.</a></div>\n|badge|p2|bronze|gen9randombattle|100-3\n|uhtml|medal-msg|<div class=\"broadcast-blue\">Curious what those medals under the avatar are? PS now has Ladder Seasons! For more information, check out the <a href=\"https://www.smogon.com/forums/threads/3740067/\">thread on Smogon.</a></div>\n|j|\u2606LizarDune\n|j|\u2606Pigeon Trainer\n|t:|1732835300\n|gametype|singles\n|player|p1|LizarDune|musician|2315\n|player|p2|Pigeon Trainer|barry|2313\n|teamsize|p1|6\n|teamsize|p2|6\n|gen|9\n|tier|[Gen 9] Random Battle\n|rated|\n|rule|Species Clause: Limit one of each Pok\u00e9mon\n|rule|HP Percentage Mod: HP is shown in percentages\n|rule|Sleep Clause Mod: Limit one foe put to sleep\n|rule|Illusion Level Mod: Illusion disguises the Pok\u00e9mon's true level\n|\n|t:|1732835300\n|start\n|switch|p1a: Flareon|Flareon, L90, F|263/263\n|switch|p2a: Flareon|Flareon, L90, F|263/263\n|turn|1\n|inactive|Battle timer is ON: inactive players will automatically lose when time's up. (requested by LizarDune)\n|l|\u2606Pigeon Trainer\n|inactive|Pigeon Trainer disconnected and has a minute to reconnect!\n|player|p2|\n|j|\u2606Pigeon Trainer\n|inactive|Pigeon Trainer reconnected and has 135 seconds left.\n|player|p2|Pigeon Trainer|barry|\n|inactive|Pigeon Trainer also wants the timer to be on.\n|c|\u2606Pigeon Trainer|Very interesting\n|inactive|Pigeon Trainer has 120 seconds left.\n|\n|t:|1732835338\n|move|p2a: Flareon|Trailblaze|p1a: Flareon\n|-resisted|p1a: Flareon\n|-damage|p1a: Flareon|231/263\n|-boost|p2a: Flareon|spe|1\n|move|p1a: Flareon|Flare Blitz|p2a: Flareon\n|-resisted|p2a: Flareon\n|-damage|p2a: Flareon|154/263\n|-damage|p1a: Flareon|195/263|[from] Recoil\n|\n|-status|p2a: Flareon|tox|[from] item: Toxic Orb\n|-status|p1a: Flareon|tox|[from] item: Toxic Orb\n|upkeep\n|turn|2\n|c|\u2606LizarDune|Very strange opening, yes\n|\n|t:|1732835367\n|move|p1a: Flareon|Quick Attack|p2a: Flareon\n|-damage|p2a: Flareon|80/263 tox\n|move|p2a: Flareon|Facade|p1a: Flareon\n|-damage|p1a: Flareon|0 fnt\n|faint|p1a: Flareon\n|\n|-damage|p2a: Flareon|64/263 tox|[from] psn\n|upkeep\n|inactive|LizarDune has 120 seconds left.\n|j| joylar\n|inactive|LizarDune has 90 seconds left.\n|j| paysa\n|j| icy reef\n|\n|t:|1732835420\n|switch|p1a: Clefable|Clefable, L83, F|293/293\n|turn|3\n|\n|t:|1732835429\n|switch|p1a: Iron Moth|Iron Moth, L78|253/253\n|move|p2a: Flareon|Flare Blitz|p1a: Iron Moth\n|-resisted|p1a: Iron Moth\n|-damage|p1a: Iron Moth|72/253\n|-damage|p2a: Flareon|4/263 tox|[from] Recoil\n|\n|-damage|p2a: Flareon|0 fnt|[from] psn\n|faint|p2a: Flareon\n|upkeep\n|\n|t:|1732835454\n|switch|p2a: Flygon|Flygon, L82, M|265/265\n|turn|4\n|inactive|LizarDune has 90 seconds left.\n|\n|t:|1732835497\n|move|p1a: Iron Moth|U-turn|p2a: Flygon\n|-damage|p2a: Flygon|230/265\n|inactive|LizarDune has 60 seconds left.\n|\n|t:|1732835512\n|-end|p1a: Iron Moth|Quark Drive|[silent]\n|switch|p1a: Leavanny|Leavanny, L86, F|269/269|[from] U-turn\n|move|p2a: Flygon|Dragon Dance|p2a: Flygon\n|-boost|p2a: Flygon|atk|1\n|-boost|p2a: Flygon|spe|1\n|\n|upkeep\n|turn|5\n|inactive|LizarDune has 60 seconds left.\n|\n|t:|1732835529\n|-terastallize|p2a: Flygon|Rock\n|move|p2a: Flygon|Stone Edge|p1a: Leavanny\n|-supereffective|p1a: Leavanny\n|-crit|p1a: Leavanny\n|-damage|p1a: Leavanny|0 fnt\n|faint|p1a: Leavanny\n|\n|upkeep\n|\n|t:|1732835532\n|switch|p1a: Clefable|Clefable, L83, F|293/293\n|turn|6\n|\n|t:|1732835541\n|move|p2a: Flygon|Earthquake|p1a: Clefable\n|-crit|p1a: Clefable\n|-damage|p1a: Clefable|124/293\n|move|p1a: Clefable|Knock Off|p2a: Flygon\n|-crit|p2a: Flygon\n|-damage|p2a: Flygon|148/265\n|-enditem|p2a: Flygon|Lum Berry|[from] move: Knock Off|[of] p1a: Clefable\n|\n|-heal|p1a: Clefable|142/293|[from] item: Leftovers\n|upkeep\n|turn|7\n|\n|t:|1732835549\n|move|p2a: Flygon|Stone Edge|p1a: Clefable\n|-damage|p1a: Clefable|21/293\n|move|p1a: Clefable|Moonlight|p1a: Clefable\n|-heal|p1a: Clefable|167/293\n|\n|-heal|p1a: Clefable|185/293|[from] item: Leftovers\n|upkeep\n|turn|8\n|\n|t:|1732835558\n|switch|p2a: Medicham|Medicham, L86, F|243/243\n|move|p1a: Clefable|Moonlight|p1a: Clefable\n|-heal|p1a: Clefable|293/293\n|\n|upkeep\n|turn|9\n|inactive|LizarDune has 90 seconds left.\n|inactive|LizarDune has 60 seconds left.\n|\n|t:|1732835607\n|switch|p2a: Camerupt|Camerupt, L91, M|275/275\n|switch|p1a: Meloetta|Meloetta, L82|298/298\n|\n|upkeep\n|turn|10\n|inactive|LizarDune has 60 seconds left.\n|\n|t:|1732835613\n|move|p1a: Meloetta|Relic Song|p2a: Camerupt\n|-damage|p2a: Camerupt|146/275\n|-status|p2a: Camerupt|slp|[from] move: Relic Song\n|-formechange|p1a: Meloetta|Meloetta-Pirouette|[msg]\n|-damage|p1a: Meloetta|269/298|[from] item: Life Orb\n|cant|p2a: Camerupt|slp\n|\n|-heal|p2a: Camerupt|163/275 slp|[from] item: Leftovers\n|upkeep\n|turn|11\n|\n|t:|1732835630\n|move|p1a: Meloetta|Close Combat|p2a: Camerupt\n|-damage|p2a: Camerupt|0 fnt\n|-unboost|p1a: Meloetta|def|1\n|-unboost|p1a: Meloetta|spd|1\n|faint|p2a: Camerupt\n|-damage|p1a: Meloetta|240/298|[from] item: Life Orb\n|\n|upkeep\n|inactive|Pigeon Trainer has 120 seconds left.\n|\n|t:|1732835664\n|switch|p2a: Medicham|Medicham, L86, F|243/243\n|turn|12\n|\n|t:|1732835672\n|move|p1a: Meloetta|Knock Off|p2a: Medicham\n|-damage|p2a: Medicham|130/243\n|-enditem|p2a: Medicham|Choice Band|[from] move: Knock Off|[of] p1a: Meloetta\n|-damage|p1a: Meloetta|211/298|[from] item: Life Orb\n|move|p2a: Medicham|Zen Headbutt|p1a: Meloetta\n|-supereffective|p1a: Meloetta\n|-damage|p1a: Meloetta|0 fnt\n|faint|p1a: Meloetta\n|\n|upkeep\n|\n|t:|1732835687\n|switch|p1a: Hitmonlee|Hitmonlee, L85, M|223/223\n|turn|13\n|\n|t:|1732835693\n|move|p1a: Hitmonlee|High Jump Kick|p2a: Medicham\n|-resisted|p2a: Medicham\n|-damage|p2a: Medicham|0 fnt\n|faint|p2a: Medicham\n|\n|upkeep\n|\n|t:|1732835701\n|switch|p2a: Raikou|Raikou, L81|278/278\n|-ability|p2a: Raikou|Pressure\n|turn|14\n|inactive|LizarDune has 90 seconds left.\n|\n|t:|1732835713\n|move|p2a: Raikou|Scald|p1a: Hitmonlee\n|-damage|p1a: Hitmonlee|173/223\n|move|p1a: Hitmonlee|High Jump Kick|p2a: Raikou\n|-damage|p2a: Raikou|0 fnt\n|faint|p2a: Raikou\n|\n|upkeep\n|inactive|Pigeon Trainer has 120 seconds left.\n|\n|t:|1732835729\n|switch|p2a: Flygon|Flygon, L82, M, tera:Rock|148/265\n|turn|15\n|inactive|LizarDune has 90 seconds left.\n|\n|t:|1732835739\n|switch|p1a: Clefable|Clefable, L83, F|293/293\n|move|p2a: Flygon|Earthquake|p1a: Clefable\n|-damage|p1a: Clefable|182/293\n|\n|-heal|p1a: Clefable|200/293|[from] item: Leftovers\n|upkeep\n|turn|16\n|\n|t:|1732835747\n|move|p2a: Flygon|Stone Edge|p1a: Clefable\n|-damage|p1a: Clefable|82/293\n|move|p1a: Clefable|Moonlight|p1a: Clefable\n|-heal|p1a: Clefable|228/293\n|\n|-heal|p1a: Clefable|246/293|[from] item: Leftovers\n|upkeep\n|turn|17\n|\n|t:|1732835753\n|move|p2a: Flygon|Stone Edge|p1a: Clefable\n|-crit|p1a: Clefable\n|-damage|p1a: Clefable|56/293\n|move|p1a: Clefable|Moonblast|p2a: Flygon\n|-damage|p2a: Flygon|34/265\n|-unboost|p2a: Flygon|spa|1\n|\n|-heal|p1a: Clefable|74/293|[from] item: Leftovers\n|upkeep\n|turn|18\n|\n|t:|1732835758\n|move|p2a: Flygon|Earthquake|p1a: Clefable\n|-damage|p1a: Clefable|0 fnt\n|faint|p1a: Clefable\n|\n|upkeep\n|\n|t:|1732835761\n|switch|p1a: Iron Moth|Iron Moth, L78|72/253\n|turn|19\n|inactive|LizarDune has 120 seconds left.\n|\n|t:|1732835774\n|switch|p2a: Lokix|Lokix, L82, F|251/251\n|move|p1a: Iron Moth|U-turn|p2a: Lokix\n|-supereffective|p2a: Lokix\n|-damage|p2a: Lokix|179/251\n|\n|t:|1732835778\n|-end|p1a: Iron Moth|Quark Drive|[silent]\n|switch|p1a: Hitmonlee|Hitmonlee, L85, M|173/223|[from] U-turn\n|\n|upkeep\n|turn|20\n|inactive|LizarDune has 120 seconds left.\n|\n|t:|1732835806\n|move|p2a: Lokix|Knock Off|p1a: Hitmonlee\n|-resisted|p1a: Hitmonlee\n|-damage|p1a: Hitmonlee|0 fnt\n|-enditem|p1a: Hitmonlee|Choice Band|[from] move: Knock Off|[of] p2a: Lokix\n|faint|p1a: Hitmonlee\n|-damage|p2a: Lokix|154/251|[from] item: Life Orb\n|\n|upkeep\n|\n|t:|1732835809\n|switch|p1a: Iron Moth|Iron Moth, L78|72/253\n|turn|21\n|\n|t:|1732835830\n|move|p2a: Lokix|Sucker Punch|p1a: Iron Moth\n|-damage|p1a: Iron Moth|0 fnt\n|faint|p1a: Iron Moth\n|-end|p1a: Iron Moth|Quark Drive|[silent]\n|-damage|p2a: Lokix|129/251|[from] item: Life Orb\n|\n|win|Pigeon Trainer\n|raw|LizarDune's rating: 2315 &rarr; <strong>2295</strong><br />(-20 for losing)\n|raw|Pigeon Trainer's rating: 2313 &rarr; <strong>2333</strong><br />(+20 for winning)\n|c|\u2606LizarDune|gg\n|l|\u2606LizarDune\n|player|p1|\n|l| paysa\n|c|\u2606Pigeon Trainer|Gg\n|l| joylar\n|l| icy reef\n", "inputlog": ">version b107d77f5c90bd6555267ae244a6264823309ead\n>start {\"formatid\":\"gen9randombattle\",\"seed\":[1731,18707,35606,23570],\"rated\":\"Rated battle\"}\n>player p1 {\"name\":\"LizarDune\",\"avatar\":\"musician\",\"rating\":2315,\"seed\":[18540,32483,19862,21844]}\n>player p2 {\"name\":\"Pigeon Trainer\",\"avatar\":\"barry\",\"rating\":2313,\"seed\":[31351,17368,16396,3765]}\n>chat \u2606Pigeon Trainer|Very interesting \n>p1 move flareblitz\n>p2 move trailblaze\n>chat \u2606LizarDune|Very strange opening, yes\n>p1 move quickattack\n>p2 move facade\n>p1 switch 4\n>p1 switch 2\n>p2 move flareblitz\n>p2 switch 5\n>p1 move uturn\n>p2 move dragondance\n>p1 switch 3\n>p1 move stickyweb\n>p2 move stoneedge terastallize\n>p1 switch 2\n>p1 move knockoff\n>p2 move earthquake\n>p1 move moonlight\n>p2 move stoneedge\n>p1 move moonlight\n>p2 switch 2\n>p1 switch 5\n>p2 switch 6\n>p1 move relicsong\n>p2 move earthquake\n>p1 move closecombat\n>p2 move overheat\n>p2 switch 6\n>p1 move knockoff\n>p2 move zenheadbutt\n>p1 switch 6\n>p1 move highjumpkick\n>p2 move zenheadbutt\n>p2 switch 3\n>p1 move highjumpkick\n>p2 move scald\n>p2 switch 2\n>p1 switch 5\n>p2 move earthquake\n>p1 move moonlight\n>p2 move stoneedge\n>p1 move moonblast\n>p2 move stoneedge\n>p1 move moonblast\n>p2 move earthquake\n>p1 switch 3\n>p1 move uturn\n>p2 switch 4\n>p1 switch 5\n>p1 move highjumpkick\n>p2 move knockoff\n>p1 switch 5\n>p1 move sludgewave\n>p2 move suckerpunch", "uploadtime": 1732835878, "views": 13, "formatid": "gen9randombattle", "rating": 2295, "private": 0, "password": null}