{"id": "gen9randombattle-2260801994", "format": "[Gen 9] Random Battle", "players": ["buymygamingpc", "nexus1017"], "log": "|j|\u2606buymygamingpc\n|j|\u2606nexus1017\n|t:|1733894553\n|gametype|singles\n|player|p1|buymygamingpc|sabrina|1416\n|player|p2|nexus1017|hugh|1418\n|teamsize|p1|6\n|teamsize|p2|6\n|gen|9\n|tier|[Gen 9] Random Battle\n|rated|\n|rule|Species Clause: Limit one of each Pok\u00e9mon\n|rule|HP Percentage Mod: HP is shown in percentages\n|rule|Sleep Clause Mod: Limit one foe put to sleep\n|rule|Illusion Level Mod: Illusion disguises the Pok\u00e9mon's true level\n|\n|t:|1733894553\n|start\n|switch|p1a: Chimecho|Chimecho, L93, M|290/290\n|switch|p2a: Koraidon|Koraidon, L64|235/235\n|-weather|SunnyDay|[from] ability: Orichalcum Pulse|[of] p2a: Koraidon\n|-activate|p2a: Koraidon|Orichalcum Pulse|[source]\n|turn|1\n|inactive|Battle timer is ON: inactive players will automatically lose when time's up. (requested by nexus1017)\n|inactive|buymygamingpc also wants the timer to be on.\n|\n|t:|1733894568\n|switch|p2a: Dewgong|Dewgong, L94, M|322/322\n|move|p1a: Chimecho|Psychic Noise|p2a: Dewgong\n|-damage|p2a: Dewgong|238/322\n|-start|p2a: Dewgong|move: Heal Block\n|\n|-weather|SunnyDay|[upkeep]\n|upkeep\n|turn|2\n|\n|t:|1733894587\n|switch|p1a: Perrserker|Perrserker, L89, F|269/269\n|move|p2a: Dewgong|Knock Off|p1a: Perrserker\n|-damage|p1a: Perrserker|213/269\n|-enditem|p1a: Perrserker|Life Orb|[from] move: Knock Off|[of] p2a: Dewgong\n|\n|-weather|SunnyDay|[upkeep]\n|-end|p2a: Dewgong|move: Heal Block\n|upkeep\n|turn|3\n|\n|t:|1733894599\n|switch|p2a: Cobalion|Cobalion, L80|277/277\n|move|p1a: Perrserker|Stealth Rock|p2a: Cobalion\n|-sidestart|p2: nexus1017|move: Stealth Rock\n|\n|-weather|SunnyDay|[upkeep]\n|upkeep\n|turn|4\n|\n|t:|1733894620\n|switch|p1a: Enamorus|Enamorus-Therian, L83, F|259/259\n|move|p2a: Cobalion|Body Press|p1a: Enamorus\n|-resisted|p1a: Enamorus\n|-damage|p1a: Enamorus|239/259\n|\n|-weather|SunnyDay|[upkeep]\n|upkeep\n|turn|5\n|\n|t:|1733894626\n|move|p2a: Cobalion|Thunder Wave|p1a: Enamorus\n|-status|p1a: Enamorus|par\n|move|p1a: Enamorus|Agility|p1a: Enamorus\n|-boost|p1a: Enamorus|spe|2\n|\n|-weather|none\n|upkeep\n|turn|6\n|\n|t:|1733894632\n|move|p2a: Cobalion|Stealth Rock|p1a: Enamorus\n|-sidestart|p1: buymygamingpc|move: Stealth Rock\n|move|p1a: Enamorus|Agility|p1a: Enamorus\n|-boost|p1a: Enamorus|spe|2\n|\n|upkeep\n|turn|7\n|\n|t:|1733894637\n|switch|p2a: Dewgong|Dewgong, L94, M|238/322\n|cant|p1a: Enamorus|par\n|\n|upkeep\n|turn|8\n|\n|t:|1733894643\n|move|p1a: Enamorus|Superpower|p2a: Dewgong\n|-supereffective|p2a: Dewgong\n|-damage|p2a: Dewgong|52/322\n|-unboost|p1a: Enamorus|atk|1\n|-unboost|p1a: Enamorus|def|1\n|move|p2a: Dewgong|Encore|p1a: Enamorus\n|-start|p1a: Enamorus|Encore\n|\n|upkeep\n|turn|9\n|\n|t:|1733894649\n|switch|p2a: Flutter Mane|Flutter Mane, L74|203/203\n|-damage|p2a: Flutter Mane|178/203|[from] Stealth Rock\n|move|p1a: Enamorus|Superpower|p2a: Flutter Mane\n|-immune|p2a: Flutter Mane\n|\n|upkeep\n|turn|10\n|\n|t:|1733894675\n|-end|p2a: Flutter Mane|Protosynthesis|[silent]\n|switch|p2a: Cobalion|Cobalion, L80|277/277\n|-damage|p2a: Cobalion|269/277|[from] Stealth Rock\n|switch|p1a: Perrserker|Perrserker, L89, F|213/269\n|-damage|p1a: Perrserker|197/269|[from] Stealth Rock\n|\n|-heal|p2a: Cobalion|277/277|[from] item: Leftovers\n|upkeep\n|turn|11\n|\n|t:|1733894685\n|move|p2a: Cobalion|Body Press|p1a: Perrserker\n|-supereffective|p1a: Perrserker\n|-damage|p1a: Perrserker|11/269\n|move|p1a: Perrserker|U-turn|p2a: Cobalion\n|-resisted|p2a: Cobalion\n|-damage|p2a: Cobalion|262/277\n|\n|t:|1733894692\n|switch|p1a: Mienshao|Mienshao, L83, M|244/244|[from] U-turn\n|-damage|p1a: Mienshao|229/244|[from] Stealth Rock\n|\n|-heal|p2a: Cobalion|277/277|[from] item: Leftovers\n|upkeep\n|turn|12\n|\n|t:|1733894701\n|move|p1a: Mienshao|Knock Off|p2a: Cobalion\n|-resisted|p2a: Cobalion\n|-damage|p2a: Cobalion|245/277\n|-ability|p2a: Cobalion|Justified|boost\n|-boost|p2a: Cobalion|atk|1\n|-enditem|p2a: Cobalion|Leftovers|[from] move: Knock Off|[of] p1a: Mienshao\n|move|p2a: Cobalion|Thunder Wave|p1a: Mienshao\n|-status|p1a: Mienshao|par\n|\n|upkeep\n|turn|13\n|\n|t:|1733894706\n|move|p2a: Cobalion|Body Press|p1a: Mienshao\n|-damage|p1a: Mienshao|96/244 par\n|move|p1a: Mienshao|U-turn|p2a: Cobalion\n|-resisted|p2a: Cobalion\n|-damage|p2a: Cobalion|234/277\n|\n|t:|1733894714\n|switch|p1a: Chimecho|Chimecho, L93, M|290/290|[from] U-turn\n|-damage|p1a: Chimecho|254/290|[from] Stealth Rock\n|\n|-heal|p1a: Chimecho|272/290|[from] item: Leftovers\n|upkeep\n|turn|14\n|\n|t:|1733894722\n|switch|p1a: Mienshao|Mienshao, L83, M|177/244 par\n|-damage|p1a: Mienshao|162/244 par|[from] Stealth Rock\n|move|p2a: Cobalion|Thunder Wave|p1a: Mienshao\n|-fail|p1a: Mienshao|par\n|\n|upkeep\n|turn|15\n|\n|t:|1733894728\n|switch|p2a: Dewgong|Dewgong, L94, M|52/322\n|switch|p1a: Enamorus|Enamorus-Therian, L83, F|239/259 par\n|-damage|p1a: Enamorus|175/259 par|[from] Stealth Rock\n|\n|upkeep\n|turn|16\n|\n|t:|1733894739\n|move|p2a: Dewgong|Knock Off|p1a: Enamorus\n|-resisted|p1a: Enamorus\n|-damage|p1a: Enamorus|145/259 par\n|-enditem|p1a: Enamorus|Weakness Policy|[from] move: Knock Off|[of] p2a: Dewgong\n|move|p1a: Enamorus|Superpower|p2a: Dewgong\n|-supereffective|p2a: Dewgong\n|-damage|p2a: Dewgong|0 fnt\n|-unboost|p1a: Enamorus|atk|1\n|-unboost|p1a: Enamorus|def|1\n|faint|p2a: Dewgong\n|\n|upkeep\n|\n|t:|1733894761\n|switch|p2a: Zekrom|Zekrom, L71|259/259\n|-damage|p2a: Zekrom|227/259|[from] Stealth Rock\n|-ability|p2a: Zekrom|Teravolt\n|turn|17\n|\n|t:|1733894767\n|switch|p1a: Perrserker|Perrserker, L89, F|11/269\n|-damage|p1a: Perrserker|0 fnt|[from] Stealth Rock\n|faint|p1a: Perrserker\n|move|p2a: Zekrom|Bolt Strike|p1: Perrserker|[notarget]\n|-fail|p2a: Zekrom\n|\n|-heal|p2a: Zekrom|243/259|[from] item: Leftovers\n|upkeep\n|\n|t:|1733894775\n|switch|p1a: Pawmot|Pawmot, L80, M|243/243\n|-damage|p1a: Pawmot|228/243|[from] Stealth Rock\n|turn|18\n|\n|t:|1733894786\n|move|p1a: Pawmot|Ice Punch|p2a: Zekrom\n|-supereffective|p2a: Zekrom\n|-damage|p2a: Zekrom|74/259\n|-damage|p1a: Pawmot|204/243|[from] item: Life Orb\n|move|p2a: Zekrom|Substitute|p2a: Zekrom\n|-start|p2a: Zekrom|Substitute\n|-damage|p2a: Zekrom|10/259\n|\n|-heal|p2a: Zekrom|26/259|[from] item: Leftovers\n|upkeep\n|turn|19\n|\n|t:|1733894794\n|move|p1a: Pawmot|Ice Punch|p2a: Zekrom\n|-supereffective|p2a: Zekrom\n|-end|p2a: Zekrom|Substitute\n|-damage|p1a: Pawmot|180/243|[from] item: Life Orb\n|move|p2a: Zekrom|Dragon Dance|p2a: Zekrom\n|-boost|p2a: Zekrom|atk|1\n|-boost|p2a: Zekrom|spe|1\n|\n|-heal|p2a: Zekrom|42/259|[from] item: Leftovers\n|upkeep\n|turn|20\n|\n|t:|1733894801\n|move|p2a: Zekrom|Outrage|p1a: Pawmot\n|-damage|p1a: Pawmot|0 fnt\n|faint|p1a: Pawmot\n|\n|-heal|p2a: Zekrom|58/259|[from] item: Leftovers\n|upkeep\n|\n|t:|1733894807\n|switch|p1a: Magearna|Magearna-Original, L77|250/250\n|-damage|p1a: Magearna|235/250|[from] Stealth Rock\n|turn|21\n|\n|t:|1733894820\n|move|p2a: Zekrom|Outrage|p1a: Magearna|[from]lockedmove\n|-immune|p1a: Magearna\n|move|p1a: Magearna|Fleur Cannon|p2a: Zekrom\n|-supereffective|p2a: Zekrom\n|-damage|p2a: Zekrom|0 fnt\n|-unboost|p1a: Magearna|spa|2\n|faint|p2a: Zekrom\n|-ability|p1a: Magearna|Soul-Heart|boost\n|-boost|p1a: Magearna|spa|1\n|\n|-heal|p1a: Magearna|250/250|[from] item: Leftovers\n|upkeep\n|\n|t:|1733894830\n|switch|p2a: Koraidon|Koraidon, L64|235/235\n|-damage|p2a: Koraidon|221/235|[from] Stealth Rock\n|-weather|SunnyDay|[from] ability: Orichalcum Pulse|[of] p2a: Koraidon\n|-activate|p2a: Koraidon|Orichalcum Pulse|[source]\n|turn|22\n|\n|t:|1733894838\n|switch|p2a: Volcarona|Volcarona, L77, M|257/257\n|move|p1a: Magearna|Aura Sphere|p2a: Volcarona\n|-resisted|p2a: Volcarona\n|-damage|p2a: Volcarona|237/257\n|\n|-weather|SunnyDay|[upkeep]\n|upkeep\n|turn|23\n|\n|t:|1733894853\n|switch|p1a: Mienshao|Mienshao, L83, M|243/244 par\n|-damage|p1a: Mienshao|228/244 par|[from] Stealth Rock\n|move|p2a: Volcarona|Fiery Dance|p1a: Mienshao\n|-damage|p1a: Mienshao|102/244 par\n|-boost|p2a: Volcarona|spa|1\n|\n|-weather|SunnyDay|[upkeep]\n|upkeep\n|turn|24\n|\n|t:|1733894861\n|move|p1a: Mienshao|Fake Out|p2a: Volcarona\n|-damage|p2a: Volcarona|193/257\n|cant|p2a: Volcarona|flinch\n|\n|-weather|SunnyDay|[upkeep]\n|upkeep\n|turn|25\n|\n|t:|1733894871\n|switch|p1a: Enamorus|Enamorus-Therian, L83, F|145/259 par\n|-damage|p1a: Enamorus|81/259 par|[from] Stealth Rock\n|move|p2a: Volcarona|Fiery Dance|p1a: Enamorus\n|-damage|p1a: Enamorus|0 fnt\n|faint|p1a: Enamorus\n|\n|-weather|SunnyDay|[upkeep]\n|upkeep\n|\n|t:|1733894886\n|switch|p1a: Mienshao|Mienshao, L83, M|183/244 par\n|-damage|p1a: Mienshao|168/244 par|[from] Stealth Rock\n|turn|26\n|\n|t:|1733894889\n|switch|p2a: Flutter Mane|Flutter Mane, L74|178/203\n|-damage|p2a: Flutter Mane|153/203|[from] Stealth Rock\n|-activate|p2a: Flutter Mane|ability: Protosynthesis\n|-start|p2a: Flutter Mane|protosynthesisspa\n|move|p1a: Mienshao|Fake Out|p2a: Flutter Mane\n|-immune|p2a: Flutter Mane\n|\n|-weather|none\n|-end|p2a: Flutter Mane|Protosynthesis\n|upkeep\n|turn|27\n|\n|t:|1733894899\n|-end|p2a: Flutter Mane|Protosynthesis|[silent]\n|switch|p2a: Koraidon|Koraidon, L64|221/235\n|-damage|p2a: Koraidon|207/235|[from] Stealth Rock\n|-weather|SunnyDay|[from] ability: Orichalcum Pulse|[of] p2a: Koraidon\n|-activate|p2a: Koraidon|Orichalcum Pulse|[source]\n|switch|p1a: Magearna|Magearna-Original, L77|250/250\n|-damage|p1a: Magearna|235/250|[from] Stealth Rock\n|\n|-weather|SunnyDay|[upkeep]\n|-heal|p1a: Magearna|250/250|[from] item: Leftovers\n|upkeep\n|turn|28\n|\n|t:|1733894927\n|-terastallize|p2a: Koraidon|Fire\n|move|p2a: Koraidon|Flare Blitz|p1a: Magearna\n|-supereffective|p1a: Magearna\n|-damage|p1a: Magearna|0 fnt\n|faint|p1a: Magearna\n|-damage|p2a: Koraidon|124/235|[from] Recoil\n|\n|-weather|SunnyDay|[upkeep]\n|upkeep\n|-message|buymygamingpc forfeited.\n|\n|win|nexus1017\n|raw|buymygamingpc's rating: 1416 &rarr; <strong>1396</strong><br />(-20 for losing)\n|raw|nexus1017's rating: 1418 &rarr; <strong>1438</strong><br />(+20 for winning)\n|l|\u2606buymygamingpc\n|player|p1|\n", "inputlog": ">version bfd83cad13791eb5a5a409923076391caf6fb4d4\n>start {\"formatid\":\"gen9randombattle\",\"seed\":[41905,3087,10344,36173],\"rated\":\"Rated battle\"}\n>player p1 {\"name\":\"buymygamingpc\",\"avatar\":\"sabrina\",\"rating\":1416,\"seed\":[36276,16687,5553,47831]}\n>player p2 {\"name\":\"nexus1017\",\"avatar\":\"hugh\",\"rating\":1418,\"seed\":[40969,29094,56263,24836]}\n>p1 move psychicnoise\n>p2 switch 6\n>p1 switch 4\n>p2 move knockoff\n>p1 move stealthrock\n>p2 switch 3\n>p1 switch 5\n>p2 move bodypress\n>p1 move agility\n>p2 move thunderwave\n>p1 move agility\n>p2 move stealthrock\n>p1 move agility\n>p2 switch 3\n>p1 move superpower\n>p2 move encore\n>p1 move superpower\n>p2 switch 5\n>p1 switch 5\n>p2 switch 3\n>p1 move uturn\n>p2 move bodypress\n>p1 switch 2\n>p1 move knockoff\n>p2 move thunderwave\n>p1 move uturn\n>p2 move bodypress\n>p1 switch 4\n>p1 switch 4\n>p2 move thunderwave\n>p1 switch 5\n>p2 switch 5\n>p1 move superpower\n>p2 move knockoff\n>p2 switch 4\n>p1 switch 2\n>p2 move boltstrike\n>p1 switch 6\n>p1 move icepunch\n>p2 move substitute\n>p1 move icepunch\n>p2 move dragondance\n>p1 move icepunch\n>p2 move outrage\n>p1 switch 3\n>p1 move fleurcannon\n>p2 move outrage\n>p2 switch 6\n>p1 move aurasphere\n>p2 switch 2\n>p1 switch 5\n>p2 move fierydance\n>p1 move fakeout\n>p2 move fierydance\n>p1 switch 2\n>p2 move fierydance\n>p1 switch 2\n>p1 move fakeout\n>p2 switch 3\n>p1 switch 5\n>p2 switch 2\n>p1 move fleurcannon\n>p2 move flareblitz terastallize\n>forcelose p1", "uploadtime": 1733894949, "views": 2, "formatid": "gen9randombattle", "rating": 1396, "private": 0, "password": null}