{"id": "gen9randombattle-2260538253", "format": "[Gen 9] Random Battle", "players": ["mushnowa", "Zeldafan2oo"], "log": "|j|\u2606mushnowa\n|j|\u2606Zeldafan2oo\n|t:|1733861352\n|gametype|singles\n|player|p1|mushnowa|steven|1439\n|player|p2|Zeldafan2oo|2|1391\n|teamsize|p1|6\n|teamsize|p2|6\n|gen|9\n|tier|[Gen 9] Random Battle\n|rated|\n|rule|Species Clause: Limit one of each Pok\u00e9mon\n|rule|HP Percentage Mod: HP is shown in percentages\n|rule|Sleep Clause Mod: Limit one foe put to sleep\n|rule|Illusion Level Mod: Illusion disguises the Pok\u00e9mon's true level\n|\n|t:|1733861352\n|start\n|switch|p1a: Typhlosion|Typhlosion, L84, F|267/267\n|switch|p2a: Hariyama|Hariyama, L87, M|392/392\n|turn|1\n|inactive|Battle timer is ON: inactive players will automatically lose when time's up. (requested by Zeldafan2oo)\n|\n|t:|1733861368\n|switch|p1a: Florges|Florges-Blue, L85, F|271/271\n|move|p2a: Hariyama|Headlong Rush|p1a: Florges\n|-damage|p1a: Florges|139/271\n|-unboost|p2a: Hariyama|def|1\n|-unboost|p2a: Hariyama|spd|1\n|\n|-heal|p1a: Florges|155/271|[from] item: Leftovers\n|-status|p2a: Hariyama|brn|[from] item: Flame Orb\n|upkeep\n|turn|2\n|\n|t:|1733861379\n|switch|p2a: Revavroom|Revavroom, L79, F|256/256\n|move|p1a: Florges|Moonblast|p2a: Revavroom\n|-resisted|p2a: Revavroom\n|-damage|p2a: Revavroom|215/256\n|\n|-heal|p1a: Florges|171/271|[from] item: Leftovers\n|upkeep\n|turn|3\n|\n|t:|1733861394\n|switch|p1a: Ting-Lu|Ting-Lu, L78|370/370\n|-ability|p1a: Ting-Lu|Vessel of Ruin\n|move|p2a: Revavroom|Shift Gear|p2a: Revavroom\n|-boost|p2a: Revavroom|spe|2\n|-boost|p2a: Revavroom|atk|1\n|\n|upkeep\n|turn|4\n|\n|t:|1733861404\n|-terastallize|p2a: Revavroom|Ground\n|move|p2a: Revavroom|Gunk Shot|p1a: Ting-Lu\n|-resisted|p1a: Ting-Lu\n|-damage|p1a: Ting-Lu|271/370\n|-damage|p2a: Revavroom|190/256|[from] item: Life Orb\n|move|p1a: Ting-Lu|Stealth Rock|p2a: Revavroom\n|-sidestart|p2: Zeldafan2oo|move: Stealth Rock\n|\n|-heal|p1a: Ting-Lu|294/370|[from] item: Leftovers\n|upkeep\n|turn|5\n|\n|t:|1733861413\n|move|p2a: Revavroom|High Horsepower|p1a: Ting-Lu\n|-damage|p1a: Ting-Lu|119/370\n|-damage|p2a: Revavroom|165/256|[from] item: Life Orb\n|move|p1a: Ting-Lu|Whirlwind|p2a: Revavroom\n|drag|p2a: Salamence|Salamence, L77, F|273/273\n|\n|-heal|p1a: Ting-Lu|142/370|[from] item: Leftovers\n|upkeep\n|turn|6\n|\n|t:|1733861424\n|move|p2a: Salamence|Dragon Dance|p2a: Salamence\n|-boost|p2a: Salamence|atk|1\n|-boost|p2a: Salamence|spe|1\n|move|p1a: Ting-Lu|Throat Chop|p2a: Salamence\n|-damage|p2a: Salamence|182/273\n|-start|p2a: Salamence|Throat Chop|[silent]\n|\n|-heal|p1a: Ting-Lu|165/370|[from] item: Leftovers\n|upkeep\n|turn|7\n|\n|t:|1733861432\n|move|p2a: Salamence|Dual Wingbeat|p1a: Ting-Lu\n|-damage|p1a: Ting-Lu|102/370\n|-damage|p1a: Ting-Lu|44/370\n|-hitcount|p1a: Ting-Lu|2\n|move|p1a: Ting-Lu|Whirlwind|p2a: Salamence\n|drag|p2a: Hariyama|Hariyama, L87, M|392/392 brn\n|-damage|p2a: Hariyama|368/392 brn|[from] Stealth Rock\n|\n|-heal|p1a: Ting-Lu|67/370|[from] item: Leftovers\n|-damage|p2a: Hariyama|344/392 brn|[from] brn\n|upkeep\n|turn|8\n|\n|t:|1733861448\n|switch|p1a: Florges|Florges-Blue, L85, F|171/271\n|move|p2a: Hariyama|Facade|p1a: Florges\n|-damage|p1a: Florges|0 fnt\n|faint|p1a: Florges\n|\n|-damage|p2a: Hariyama|320/392 brn|[from] brn\n|upkeep\n|\n|t:|1733861459\n|switch|p1a: Typhlosion|Typhlosion, L84, F|267/267\n|turn|9\n|\n|t:|1733861462\n|move|p1a: Typhlosion|Eruption|p2a: Hariyama\n|-damage|p2a: Hariyama|113/392 brn\n|move|p2a: Hariyama|Headlong Rush|p1a: Typhlosion\n|-supereffective|p1a: Typhlosion\n|-damage|p1a: Typhlosion|0 fnt\n|-unboost|p2a: Hariyama|def|1\n|-unboost|p2a: Hariyama|spd|1\n|faint|p1a: Typhlosion\n|\n|-damage|p2a: Hariyama|89/392 brn|[from] brn\n|upkeep\n|\n|t:|1733861477\n|switch|p1a: Dondozo|Dondozo, L78, M|362/362\n|turn|10\n|\n|t:|1733861492\n|move|p2a: Hariyama|Close Combat|p1a: Dondozo\n|-damage|p1a: Dondozo|160/362\n|-unboost|p2a: Hariyama|def|1\n|-unboost|p2a: Hariyama|spd|1\n|move|p1a: Dondozo|Curse|p1a: Dondozo\n|-unboost|p1a: Dondozo|spe|1\n|-boost|p1a: Dondozo|atk|1\n|-boost|p1a: Dondozo|def|1\n|\n|-heal|p1a: Dondozo|182/362|[from] item: Leftovers\n|-damage|p2a: Hariyama|65/392 brn|[from] brn\n|upkeep\n|turn|11\n|\n|t:|1733861515\n|move|p2a: Hariyama|Close Combat|p1a: Dondozo\n|-damage|p1a: Dondozo|46/362\n|-unboost|p2a: Hariyama|def|1\n|-unboost|p2a: Hariyama|spd|1\n|move|p1a: Dondozo|Curse|p1a: Dondozo\n|-unboost|p1a: Dondozo|spe|1\n|-boost|p1a: Dondozo|atk|1\n|-boost|p1a: Dondozo|def|1\n|\n|-heal|p1a: Dondozo|68/362|[from] item: Leftovers\n|-damage|p2a: Hariyama|41/392 brn|[from] brn\n|upkeep\n|turn|12\n|\n|t:|1733861528\n|move|p2a: Hariyama|Close Combat|p1a: Dondozo\n|-damage|p1a: Dondozo|0 fnt\n|-unboost|p2a: Hariyama|def|1\n|-unboost|p2a: Hariyama|spd|1\n|faint|p1a: Dondozo\n|\n|-damage|p2a: Hariyama|17/392 brn|[from] brn\n|upkeep\n|c|\u2606Zeldafan2oo|what\n|\n|t:|1733861541\n|switch|p1a: Iron Bundle|Iron Bundle, L77|213/213\n|turn|13\n|\n|t:|1733861547\n|move|p1a: Iron Bundle|Ice Beam|p2a: Hariyama\n|-damage|p2a: Hariyama|0 fnt\n|faint|p2a: Hariyama\n|\n|upkeep\n|\n|t:|1733861556\n|switch|p2a: Dialga|Dialga, L73|266/266\n|-damage|p2a: Dialga|250/266|[from] Stealth Rock\n|-ability|p2a: Dialga|Pressure\n|turn|14\n|\n|t:|1733861570\n|move|p1a: Iron Bundle|Ice Beam|p2a: Dialga\n|-damage|p2a: Dialga|141/266\n|move|p2a: Dialga|Draco Meteor|p1a: Iron Bundle\n|-damage|p1a: Iron Bundle|9/213\n|-unboost|p2a: Dialga|spa|2\n|\n|upkeep\n|turn|15\n|\n|t:|1733861577\n|move|p1a: Iron Bundle|Ice Beam|p2a: Dialga\n|-damage|p2a: Dialga|32/266\n|-status|p2a: Dialga|frz\n|cant|p2a: Dialga|frz\n|\n|upkeep\n|turn|16\n|\n|t:|1733861582\n|move|p1a: Iron Bundle|Ice Beam|p2a: Dialga\n|-damage|p2a: Dialga|0 fnt\n|faint|p2a: Dialga\n|\n|upkeep\n|\n|t:|1733861598\n|switch|p2a: Brambleghast|Brambleghast, L88, F|240/240\n|turn|17\n|\n|t:|1733861602\n|move|p1a: Iron Bundle|Ice Beam|p2a: Brambleghast\n|-supereffective|p2a: Brambleghast\n|-damage|p2a: Brambleghast|0 fnt\n|faint|p2a: Brambleghast\n|\n|upkeep\n|\n|t:|1733861606\n|switch|p2a: Shaymin|Shaymin, L82|298/298\n|-damage|p2a: Shaymin|261/298|[from] Stealth Rock\n|turn|18\n|\n|t:|1733861609\n|move|p1a: Iron Bundle|Ice Beam|p2a: Shaymin\n|-supereffective|p2a: Shaymin\n|-damage|p2a: Shaymin|0 fnt\n|faint|p2a: Shaymin\n|\n|upkeep\n|\n|t:|1733861612\n|switch|p2a: Salamence|Salamence, L77, F|182/273\n|turn|19\n|\n|t:|1733861615\n|move|p1a: Iron Bundle|Ice Beam|p2a: Salamence\n|-supereffective|p2a: Salamence\n|-damage|p2a: Salamence|0 fnt\n|faint|p2a: Salamence\n|\n|upkeep\n|c|\u2606Zeldafan2oo|crazy\n|\n|t:|1733861621\n|switch|p2a: Revavroom|Revavroom, L79, F, tera:Ground|165/256\n|-damage|p2a: Revavroom|149/256|[from] Stealth Rock\n|turn|20\n|\n|t:|1733861624\n|move|p1a: Iron Bundle|Ice Beam|p2a: Revavroom\n|-supereffective|p2a: Revavroom\n|-damage|p2a: Revavroom|0 fnt\n|faint|p2a: Revavroom\n|\n|win|mushnowa\n|raw|mushnowa's rating: 1439 &rarr; <strong>1456</strong><br />(+17 for winning)\n|raw|Zeldafan2oo's rating: 1391 &rarr; <strong>1374</strong><br />(-17 for losing)\n|c|\u2606mushnowa|holy shit\n", "inputlog": ">version bfd83cad13791eb5a5a409923076391caf6fb4d4\n>start {\"formatid\":\"gen9randombattle\",\"seed\":[60732,5535,10986,54497],\"rated\":\"Rated battle\"}\n>player p1 {\"name\":\"mushnowa\",\"avatar\":\"steven\",\"rating\":1439,\"seed\":[8042,39858,58178,62372]}\n>player p2 {\"name\":\"Zeldafan2oo\",\"avatar\":\"2\",\"rating\":1391,\"seed\":[18595,5824,767,6859]}\n>p1 switch 2\n>p2 move headlongrush\n>p1 move moonblast\n>p2 switch 4\n>p1 switch 4\n>p2 move shiftgear\n>p1 move stealthrock\n>p2 move gunkshot terastallize\n>p1 move whirlwind\n>p2 move highhorsepower\n>p1 move throatchop\n>p2 move dragondance\n>p1 move whirlwind\n>p2 move dualwingbeat\n>p1 switch 4\n>p2 move facade\n>p1 switch 2\n>p1 move eruption\n>p2 move headlongrush\n>p1 switch 6\n>p1 move curse\n>p2 move closecombat\n>p1 move curse\n>p2 move closecombat\n>p1 move rest\n>p2 move closecombat\n>chat \u2606Zeldafan2oo|what\n>p1 switch 3\n>p1 move icebeam\n>p2 move closecombat\n>p2 switch 3\n>p1 move icebeam\n>p2 move dracometeor\n>p1 move icebeam\n>p2 move heavyslam\n>p1 move icebeam\n>p2 move heavyslam\n>p2 switch 5\n>p1 move icebeam\n>p2 move rapidspin\n>p2 switch 2\n>p1 move icebeam\n>p2 move airslash\n>p2 switch 4\n>p1 move icebeam\n>p2 move dragondance\n>chat \u2606Zeldafan2oo|crazy\n>p2 switch 6\n>p1 move icebeam\n>p2 move shiftgear", "uploadtime": 1733861631, "views": 1, "formatid": "gen9randombattle", "rating": 1374, "private": 0, "password": null}