{"id": "gen9randombattle-2260895396", "format": "[Gen 9] Random Battle", "players": ["JMUFranco", "Ragnnis"], "log": "|j|\u2606JMUFranco\n|j|\u2606Ragnnis\n|t:|1733912595\n|gametype|singles\n|player|p1|JMUFranco|170|1770\n|player|p2|Ragnnis|selene-masters|1762\n|teamsize|p1|6\n|teamsize|p2|6\n|gen|9\n|tier|[Gen 9] Random Battle\n|rated|\n|rule|Species Clause: Limit one of each Pok\u00e9mon\n|rule|HP Percentage Mod: HP is shown in percentages\n|rule|Sleep Clause Mod: Limit one foe put to sleep\n|rule|Illusion Level Mod: Illusion disguises the Pok\u00e9mon's true level\n|\n|t:|1733912595\n|start\n|switch|p1a: Dedenne|Dedenne, L88, F|261/261\n|switch|p2a: Lanturn|Lanturn, L89, M|367/367\n|turn|1\n|inactive|Battle timer is ON: inactive players will automatically lose when time's up. (requested by Ragnnis)\n|\n|t:|1733912611\n|move|p1a: Dedenne|Super Fang|p2a: Lanturn\n|-damage|p2a: Lanturn|184/367\n|move|p2a: Lanturn|Scald|p1a: Dedenne\n|-damage|p1a: Dedenne|170/261\n|\n|upkeep\n|turn|2\n|inactive|Ragnnis has 120 seconds left.\n|\n|t:|1733912654\n|move|p1a: Dedenne|U-turn|p2a: Lanturn\n|-damage|p2a: Lanturn|135/367\n|\n|t:|1733912657\n|switch|p1a: Spidops|Spidops, L96, F|271/271|[from] U-turn\n|move|p2a: Lanturn|Scald|p1a: Spidops\n|-damage|p1a: Spidops|193/271\n|\n|upkeep\n|turn|3\n|inactive|Ragnnis has 120 seconds left.\n|\n|t:|1733912666\n|switch|p2a: Groudon|Groudon, L72|263/263\n|-weather|SunnyDay|[from] ability: Drought|[of] p2a: Groudon\n|move|p1a: Spidops|Sticky Web|p2a: Groudon\n|-sidestart|p2: Ragnnis|move: Sticky Web\n|\n|-weather|SunnyDay|[upkeep]\n|upkeep\n|turn|4\n|\n|t:|1733912679\n|move|p2a: Groudon|Stealth Rock|p1a: Spidops\n|-sidestart|p1: JMUFranco|move: Stealth Rock\n|move|p1a: Spidops|Knock Off|p2a: Groudon\n|-damage|p2a: Groudon|201/263\n|-enditem|p2a: Groudon|Leftovers|[from] move: Knock Off|[of] p1a: Spidops\n|\n|-weather|SunnyDay|[upkeep]\n|upkeep\n|turn|5\n|\n|t:|1733912682\n|move|p2a: Groudon|Spikes|p1a: Spidops\n|-sidestart|p1: JMUFranco|Spikes\n|move|p1a: Spidops|Circle Throw|p2a: Groudon\n|-damage|p2a: Groudon|163/263\n|drag|p2a: Floatzel|Floatzel, L85, F|283/283\n|-activate|p2a: Floatzel|move: Sticky Web\n|-unboost|p2a: Floatzel|spe|1\n|\n|-weather|SunnyDay|[upkeep]\n|upkeep\n|turn|6\n|\n|t:|1733912689\n|switch|p2a: Groudon|Groudon, L72|163/263\n|-activate|p2a: Groudon|move: Sticky Web\n|-unboost|p2a: Groudon|spe|1\n|move|p1a: Spidops|Knock Off|p2a: Groudon\n|-damage|p2a: Groudon|87/263\n|\n|-weather|SunnyDay|[upkeep]\n|upkeep\n|turn|7\n|\n|t:|1733912699\n|move|p1a: Spidops|Knock Off|p2a: Groudon\n|-damage|p2a: Groudon|42/263\n|move|p2a: Groudon|Heat Crash|p1a: Spidops\n|-supereffective|p1a: Spidops\n|-damage|p1a: Spidops|0 fnt\n|faint|p1a: Spidops\n|\n|-weather|none\n|upkeep\n|\n|t:|1733912721\n|switch|p1a: Scizor|Scizor, L79, M|240/240\n|-damage|p1a: Scizor|210/240|[from] Stealth Rock\n|-damage|p1a: Scizor|180/240|[from] Spikes\n|turn|8\n|\n|t:|1733912732\n|move|p1a: Scizor|Knock Off|p2a: Groudon\n|-damage|p2a: Groudon|0 fnt\n|faint|p2a: Groudon\n|\n|-heal|p1a: Scizor|195/240|[from] item: Leftovers\n|upkeep\n|\n|t:|1733912735\n|switch|p2a: Infernape|Infernape, L82, M|259/259\n|-activate|p2a: Infernape|move: Sticky Web\n|-unboost|p2a: Infernape|spe|1\n|turn|9\n|\n|t:|1733912758\n|switch|p1a: Regirock|Regirock, L83|268/268\n|-damage|p1a: Regirock|235/268|[from] Stealth Rock\n|-damage|p1a: Regirock|202/268|[from] Spikes\n|move|p2a: Infernape|Close Combat|p1a: Regirock\n|-supereffective|p1a: Regirock\n|-damage|p1a: Regirock|8/268\n|-unboost|p2a: Infernape|def|1\n|-unboost|p2a: Infernape|spd|1\n|\n|upkeep\n|turn|10\n|\n|t:|1733912764\n|move|p2a: Infernape|Close Combat|p1a: Regirock\n|-supereffective|p1a: Regirock\n|-damage|p1a: Regirock|0 fnt\n|-unboost|p2a: Infernape|def|1\n|-unboost|p2a: Infernape|spd|1\n|faint|p1a: Regirock\n|\n|upkeep\n|\n|t:|1733912778\n|switch|p1a: Dedenne|Dedenne, L88, F|170/261\n|-damage|p1a: Dedenne|138/261|[from] Stealth Rock\n|-damage|p1a: Dedenne|106/261|[from] Spikes\n|-enditem|p1a: Dedenne|Sitrus Berry|[eat]\n|-heal|p1a: Dedenne|171/261|[from] item: Sitrus Berry\n|-heal|p1a: Dedenne|258/261|[from] ability: Cheek Pouch\n|turn|11\n|\n|t:|1733912787\n|switch|p2a: Brambleghast|Brambleghast, L88, F|240/240\n|-activate|p2a: Brambleghast|move: Sticky Web\n|-unboost|p2a: Brambleghast|spe|1\n|move|p1a: Dedenne|Dazzling Gleam|p2a: Brambleghast\n|-damage|p2a: Brambleghast|138/240\n|\n|-heal|p2a: Brambleghast|153/240|[from] item: Leftovers\n|upkeep\n|turn|12\n|\n|t:|1733912801\n|move|p1a: Dedenne|U-turn|p2a: Brambleghast\n|-damage|p2a: Brambleghast|107/240\n|\n|t:|1733912804\n|switch|p1a: Dudunsparce|Dudunsparce-Three-Segment, L83, M|343/343|[from] U-turn\n|-damage|p1a: Dudunsparce|301/343|[from] Stealth Rock\n|-damage|p1a: Dudunsparce|259/343|[from] Spikes\n|move|p2a: Brambleghast|Leech Seed|p1a: Dudunsparce|[miss]\n|-miss|p2a: Brambleghast|p1a: Dudunsparce\n|\n|-heal|p1a: Dudunsparce|280/343|[from] item: Leftovers\n|-heal|p2a: Brambleghast|122/240|[from] item: Leftovers\n|upkeep\n|turn|13\n|c|\u2606Ragnnis|come on\n|\n|t:|1733912820\n|move|p1a: Dudunsparce|Glare|p2a: Brambleghast\n|-status|p2a: Brambleghast|par\n|move|p2a: Brambleghast|Leech Seed|p1a: Dudunsparce|[miss]\n|-miss|p2a: Brambleghast|p1a: Dudunsparce\n|\n|-heal|p1a: Dudunsparce|301/343|[from] item: Leftovers\n|-heal|p2a: Brambleghast|137/240 par|[from] item: Leftovers\n|upkeep\n|turn|14\n|\n|t:|1733912827\n|switch|p1a: Scizor|Scizor, L79, M|195/240\n|-damage|p1a: Scizor|165/240|[from] Stealth Rock\n|-damage|p1a: Scizor|135/240|[from] Spikes\n|move|p2a: Brambleghast|Leech Seed|p1a: Scizor\n|-start|p1a: Scizor|move: Leech Seed\n|\n|-heal|p1a: Scizor|150/240|[from] item: Leftovers\n|-heal|p2a: Brambleghast|152/240 par|[from] item: Leftovers\n|-damage|p1a: Scizor|120/240|[from] Leech Seed|[of] p2a: Brambleghast\n|-heal|p2a: Brambleghast|182/240 par|[silent]\n|upkeep\n|turn|15\n|c|\u2606Ragnnis|BLIND\n|\n|t:|1733912835\n|move|p1a: Scizor|Knock Off|p2a: Brambleghast\n|-supereffective|p2a: Brambleghast\n|-damage|p2a: Brambleghast|14/240 par\n|-enditem|p2a: Brambleghast|Leftovers|[from] move: Knock Off|[of] p1a: Scizor\n|move|p2a: Brambleghast|Poltergeist|p1a: Scizor|[miss]\n|-miss|p2a: Brambleghast|p1a: Scizor\n|\n|-heal|p1a: Scizor|135/240|[from] item: Leftovers\n|-damage|p1a: Scizor|105/240|[from] Leech Seed|[of] p2a: Brambleghast\n|-heal|p2a: Brambleghast|44/240 par|[silent]\n|upkeep\n|turn|16\n|\n|t:|1733912842\n|move|p1a: Scizor|Bullet Punch|p2a: Brambleghast\n|-damage|p2a: Brambleghast|0 fnt\n|faint|p2a: Brambleghast\n|\n|-heal|p1a: Scizor|120/240|[from] item: Leftovers\n|upkeep\n|c|\u2606Ragnnis|bro\n|c|\u2606Ragnnis|wtf with this shit\n|c|\u2606JMUFranco|Blind\n|\n|t:|1733912848\n|switch|p2a: Infernape|Infernape, L82, M|259/259\n|-activate|p2a: Infernape|move: Sticky Web\n|-unboost|p2a: Infernape|spe|1\n|turn|17\n|c|\u2606JMUFranco|sorry lol\n|\n|t:|1733912859\n|move|p2a: Infernape|Flare Blitz|p1a: Scizor\n|-supereffective|p1a: Scizor\n|-damage|p1a: Scizor|0 fnt\n|faint|p1a: Scizor\n|-damage|p2a: Infernape|219/259|[from] Recoil\n|\n|upkeep\n|\n|t:|1733912863\n|switch|p1a: Dedenne|Dedenne, L88, F|258/261\n|-damage|p1a: Dedenne|226/261|[from] Stealth Rock\n|-damage|p1a: Dedenne|194/261|[from] Spikes\n|turn|18\n|\n|t:|1733912873\n|switch|p2a: Lanturn|Lanturn, L89, M|135/367\n|move|p1a: Dedenne|Dazzling Gleam|p2a: Lanturn\n|-damage|p2a: Lanturn|50/367\n|\n|upkeep\n|turn|19\n|\n|t:|1733912880\n|move|p1a: Dedenne|Dazzling Gleam|p2a: Lanturn\n|-damage|p2a: Lanturn|0 fnt\n|faint|p2a: Lanturn\n|\n|upkeep\n|\n|t:|1733912883\n|switch|p2a: Floatzel|Floatzel, L85, F|283/283\n|-activate|p2a: Floatzel|move: Sticky Web\n|-unboost|p2a: Floatzel|spe|1\n|turn|20\n|\n|t:|1733912889\n|switch|p2a: Plusle|Plusle, L95, F|268/268\n|-activate|p2a: Plusle|move: Sticky Web\n|-unboost|p2a: Plusle|spe|1\n|move|p1a: Dedenne|Thunderbolt|p2a: Plusle\n|-ability|p2a: Plusle|Lightning Rod|boost\n|-boost|p2a: Plusle|spa|1\n|\n|upkeep\n|turn|21\n|\n|t:|1733912897\n|move|p1a: Dedenne|U-turn|p2a: Plusle\n|-damage|p2a: Plusle|216/268\n|\n|t:|1733912899\n|switch|p1a: Dudunsparce|Dudunsparce-Three-Segment, L83, M|301/343|[from] U-turn\n|-damage|p1a: Dudunsparce|259/343|[from] Stealth Rock\n|-damage|p1a: Dudunsparce|217/343|[from] Spikes\n|move|p2a: Plusle|Alluring Voice|p1a: Dudunsparce\n|-damage|p1a: Dudunsparce|74/343\n|-damage|p2a: Plusle|190/268|[from] item: Life Orb\n|\n|-heal|p1a: Dudunsparce|95/343|[from] item: Leftovers\n|upkeep\n|turn|22\n|\n|t:|1733912909\n|move|p2a: Plusle|Alluring Voice|p1a: Dudunsparce\n|-damage|p1a: Dudunsparce|0 fnt\n|faint|p1a: Dudunsparce\n|-damage|p2a: Plusle|164/268|[from] item: Life Orb\n|\n|upkeep\n|\n|t:|1733912912\n|switch|p1a: Lucario|Lucario, L84, F|255/255\n|-damage|p1a: Lucario|248/255|[from] Stealth Rock\n|-damage|p1a: Lucario|217/255|[from] Spikes\n|turn|23\n|\n|t:|1733912932\n|move|p1a: Lucario|Aura Sphere|p2a: Plusle\n|-damage|p2a: Plusle|43/268\n|-damage|p1a: Lucario|192/255|[from] item: Life Orb\n|move|p2a: Plusle|Thunderbolt|p1a: Lucario\n|-damage|p1a: Lucario|0 fnt\n|faint|p1a: Lucario\n|-damage|p2a: Plusle|17/268|[from] item: Life Orb\n|\n|upkeep\n|\n|t:|1733912937\n|switch|p1a: Dedenne|Dedenne, L88, F|194/261\n|-damage|p1a: Dedenne|162/261|[from] Stealth Rock\n|-damage|p1a: Dedenne|130/261|[from] Spikes\n|turn|24\n|\n|t:|1733912943\n|move|p1a: Dedenne|Dazzling Gleam|p2a: Plusle\n|-damage|p2a: Plusle|0 fnt\n|faint|p2a: Plusle\n|\n|upkeep\n|\n|t:|1733912945\n|switch|p2a: Infernape|Infernape, L82, M|219/259\n|-activate|p2a: Infernape|move: Sticky Web\n|-unboost|p2a: Infernape|spe|1\n|turn|25\n|c|\u2606Ragnnis|gg\n|\n|t:|1733912955\n|move|p1a: Dedenne|Thunderbolt|p2a: Infernape\n|-damage|p2a: Infernape|117/259\n|-status|p2a: Infernape|par\n|move|p2a: Infernape|Flare Blitz|p1a: Dedenne\n|-damage|p1a: Dedenne|0 fnt\n|faint|p1a: Dedenne\n|-damage|p2a: Infernape|74/259 par|[from] Recoil\n|\n|win|Ragnnis\n|raw|JMUFranco's rating: 1770 &rarr; <strong>1750</strong><br />(-20 for losing)\n|raw|Ragnnis's rating: 1762 &rarr; <strong>1782</strong><br />(+20 for winning)\n|c|\u2606Ragnnis|wait\n|c|\u2606Ragnnis|uh\n|c|\u2606JMUFranco|gg\n|c|\u2606Ragnnis|nice game\n|l|\u2606JMUFranco\n|player|p1|\n", "inputlog": ">version bfd83cad13791eb5a5a409923076391caf6fb4d4\n>start {\"formatid\":\"gen9randombattle\",\"seed\":[45512,32264,3187,59310],\"rated\":\"Rated battle\"}\n>player p1 {\"name\":\"JMUFranco\",\"avatar\":\"170\",\"rating\":1770,\"seed\":[28375,13003,42997,58406]}\n>player p2 {\"name\":\"Ragnnis\",\"avatar\":\"selene-masters\",\"rating\":1762,\"seed\":[11906,21556,51693,59235]}\n>p1 move superfang\n>p2 move scald\n>p1 move uturn\n>p2 move scald\n>p1 switch 4\n>p1 move stickyweb\n>p2 switch 6\n>p1 move knockoff\n>p2 move stealthrock\n>p1 move circlethrow\n>p2 move spikes\n>p1 move knockoff\n>p2 switch 4\n>p1 move knockoff\n>p2 move heatcrash\n>p1 switch 2\n>p1 move knockoff\n>p2 move heatcrash\n>p2 switch 5\n>p1 switch 5\n>p2 move closecombat\n>p1 move bodypress\n>p2 move closecombat\n>p1 switch 4\n>p1 move dazzlinggleam\n>p2 switch 2\n>p1 move uturn\n>p2 move leechseed\n>p1 switch 6\n>chat \u2606Ragnnis|come on\n>p1 move glare\n>p2 move leechseed\n>p1 switch 5\n>p2 move leechseed\n>chat \u2606Ragnnis|BLIND\n>p1 move knockoff\n>p2 move poltergeist\n>p1 move bulletpunch\n>p2 move poltergeist\n>chat \u2606Ragnnis|bro\n>chat \u2606Ragnnis|wtf with this shit\n>chat \u2606JMUFranco|Blind\n>p2 switch 2\n>chat \u2606JMUFranco|sorry lol\n>p1 move closecombat\n>p2 move flareblitz\n>p1 switch 6\n>p1 move dazzlinggleam\n>p2 switch 6\n>p1 move dazzlinggleam\n>p2 move scald\n>p2 switch 4\n>p1 move thunderbolt\n>p2 switch 3\n>p1 move uturn\n>p2 move alluringvoice\n>p1 switch 5\n>p1 move earthquake\n>p2 move alluringvoice\n>p1 switch 3\n>p1 move aurasphere\n>p2 move thunderbolt\n>p1 switch 5\n>p1 move dazzlinggleam\n>p2 move alluringvoice\n>p2 switch 6\n>chat \u2606Ragnnis|gg\n>p1 move thunderbolt\n>p2 move flareblitz", "uploadtime": 1733912973, "views": 1, "formatid": "gen9randombattle", "rating": 1750, "private": 0, "password": null}