{"id": "gen9randombattle-2260493066", "format": "[Gen 9] Random Battle", "players": ["ikikikikiki", "tyjtyjtyjtyr"], "log": "|j|\u2606ikikikikiki\n|j|\u2606tyjtyjtyjtyr\n|t:|1733856890\n|gametype|singles\n|player|p1|ikikikikiki|265|1001\n|player|p2|tyjtyjtyjtyr|266|1013\n|teamsize|p1|6\n|teamsize|p2|6\n|gen|9\n|tier|[Gen 9] Random Battle\n|rated|\n|rule|Species Clause: Limit one of each Pok\u00e9mon\n|rule|HP Percentage Mod: HP is shown in percentages\n|rule|Sleep Clause Mod: Limit one foe put to sleep\n|rule|Illusion Level Mod: Illusion disguises the Pok\u00e9mon's true level\n|\n|t:|1733856890\n|start\n|switch|p1a: Ampharos|Ampharos, L88, M|302/302\n|switch|p2a: Venusaur|Venusaur, L84, F|272/272\n|turn|1\n|\n|t:|1733856900\n|move|p2a: Venusaur|Substitute|p2a: Venusaur\n|-start|p2a: Venusaur|Substitute\n|-damage|p2a: Venusaur|204/272\n|move|p1a: Ampharos|Volt Switch|p2a: Venusaur\n|-resisted|p2a: Venusaur\n|-activate|p2a: Venusaur|move: Substitute|[damage]\n|\n|t:|1733856907\n|switch|p1a: Cresselia|Cresselia, L80, F|323/323|[from] Volt Switch\n|\n|-heal|p2a: Venusaur|221/272|[from] item: Leftovers\n|upkeep\n|turn|2\n|\n|t:|1733856916\n|move|p2a: Venusaur|Sleep Powder|p1a: Cresselia\n|-status|p1a: Cresselia|slp|[from] move: Sleep Powder\n|cant|p1a: Cresselia|slp\n|\n|-heal|p2a: Venusaur|238/272|[from] item: Leftovers\n|upkeep\n|turn|3\n|\n|t:|1733856933\n|move|p2a: Venusaur|Leech Seed|p1a: Cresselia\n|-start|p1a: Cresselia|move: Leech Seed\n|-curestatus|p1a: Cresselia|slp|[msg]\n|move|p1a: Cresselia|Moonlight|p1a: Cresselia\n|-fail|p1a: Cresselia|heal\n|\n|-heal|p2a: Venusaur|255/272|[from] item: Leftovers\n|-damage|p1a: Cresselia|283/323|[from] Leech Seed|[of] p2a: Venusaur\n|-heal|p2a: Venusaur|272/272|[silent]\n|upkeep\n|turn|4\n|\n|t:|1733856945\n|move|p2a: Venusaur|Sleep Powder|p1a: Cresselia\n|-status|p1a: Cresselia|slp|[from] move: Sleep Powder\n|cant|p1a: Cresselia|slp\n|\n|-heal|p1a: Cresselia|303/323 slp|[from] item: Leftovers\n|-damage|p1a: Cresselia|263/323 slp|[from] Leech Seed|[of] p2a: Venusaur\n|upkeep\n|turn|5\n|\n|t:|1733856954\n|move|p2a: Venusaur|Sludge Bomb|p1a: Cresselia\n|-damage|p1a: Cresselia|179/323 slp\n|-curestatus|p1a: Cresselia|slp|[msg]\n|move|p1a: Cresselia|Moonblast|p2a: Venusaur\n|-resisted|p2a: Venusaur\n|-activate|p2a: Venusaur|move: Substitute|[damage]\n|\n|-heal|p1a: Cresselia|199/323|[from] item: Leftovers\n|-damage|p1a: Cresselia|159/323|[from] Leech Seed|[of] p2a: Venusaur\n|upkeep\n|turn|6\n|\n|t:|1733856966\n|move|p2a: Venusaur|Sludge Bomb|p1a: Cresselia\n|-damage|p1a: Cresselia|84/323\n|move|p1a: Cresselia|Psyshock|p2a: Venusaur\n|-supereffective|p2a: Venusaur\n|-end|p2a: Venusaur|Substitute\n|\n|-heal|p1a: Cresselia|104/323|[from] item: Leftovers\n|-damage|p1a: Cresselia|64/323|[from] Leech Seed|[of] p2a: Venusaur\n|upkeep\n|turn|7\n|\n|t:|1733856977\n|move|p2a: Venusaur|Substitute|p2a: Venusaur\n|-start|p2a: Venusaur|Substitute\n|-damage|p2a: Venusaur|204/272\n|move|p1a: Cresselia|Moonblast|p2a: Venusaur\n|-resisted|p2a: Venusaur\n|-activate|p2a: Venusaur|move: Substitute|[damage]\n|\n|-heal|p2a: Venusaur|221/272|[from] item: Leftovers\n|-heal|p1a: Cresselia|84/323|[from] item: Leftovers\n|-damage|p1a: Cresselia|44/323|[from] Leech Seed|[of] p2a: Venusaur\n|-heal|p2a: Venusaur|261/272|[silent]\n|upkeep\n|turn|8\n|c|\u2606ikikikikiki|are u actually that ass?\n|\n|t:|1733857006\n|move|p2a: Venusaur|Sludge Bomb|p1a: Cresselia\n|-crit|p1a: Cresselia\n|-damage|p1a: Cresselia|0 fnt\n|faint|p1a: Cresselia\n|\n|-heal|p2a: Venusaur|272/272|[from] item: Leftovers\n|upkeep\n|inactive|Battle timer is ON: inactive players will automatically lose when time's up. (requested by tyjtyjtyjtyr)\n|\n|t:|1733857014\n|switch|p1a: Toxapex|Toxapex, L82, F|216/216\n|turn|9\n|\n|t:|1733857021\n|move|p2a: Venusaur|Leech Seed|p1a: Toxapex\n|-start|p1a: Toxapex|move: Leech Seed\n|move|p1a: Toxapex|Toxic Spikes|p2a: Venusaur\n|-sidestart|p2: tyjtyjtyjtyr|move: Toxic Spikes\n|\n|-damage|p1a: Toxapex|189/216|[from] Leech Seed|[of] p2a: Venusaur\n|upkeep\n|turn|10\n|\n|t:|1733857037\n|move|p2a: Venusaur|Sleep Powder|p1a: Toxapex|[miss]\n|-miss|p2a: Venusaur|p1a: Toxapex\n|move|p1a: Toxapex|Liquidation|p2a: Venusaur\n|-resisted|p2a: Venusaur\n|-activate|p2a: Venusaur|move: Substitute|[damage]\n|\n|-heal|p1a: Toxapex|202/216|[from] item: Leftovers\n|-damage|p1a: Toxapex|175/216|[from] Leech Seed|[of] p2a: Venusaur\n|upkeep\n|turn|11\n|\n|t:|1733857049\n|-terastallize|p1a: Toxapex|Grass\n|move|p2a: Venusaur|Sleep Powder|p1a: Toxapex\n|-immune|p1a: Toxapex\n|move|p1a: Toxapex|Liquidation|p2a: Venusaur\n|-resisted|p2a: Venusaur\n|-end|p2a: Venusaur|Substitute\n|\n|-heal|p1a: Toxapex|188/216|[from] item: Leftovers\n|-damage|p1a: Toxapex|161/216|[from] Leech Seed|[of] p2a: Venusaur\n|upkeep\n|turn|12\n|\n|t:|1733857063\n|move|p2a: Venusaur|Substitute|p2a: Venusaur\n|-start|p2a: Venusaur|Substitute\n|-damage|p2a: Venusaur|204/272\n|move|p1a: Toxapex|Liquidation|p2a: Venusaur\n|-resisted|p2a: Venusaur\n|-activate|p2a: Venusaur|move: Substitute|[damage]\n|\n|-heal|p2a: Venusaur|221/272|[from] item: Leftovers\n|-heal|p1a: Toxapex|174/216|[from] item: Leftovers\n|-damage|p1a: Toxapex|147/216|[from] Leech Seed|[of] p2a: Venusaur\n|-heal|p2a: Venusaur|248/272|[silent]\n|upkeep\n|turn|13\n|\n|t:|1733857078\n|move|p2a: Venusaur|Sludge Bomb|p1a: Toxapex\n|-supereffective|p1a: Toxapex\n|-damage|p1a: Toxapex|19/216\n|move|p1a: Toxapex|Haze|p1a: Toxapex\n|-clearallboost\n|\n|-heal|p2a: Venusaur|265/272|[from] item: Leftovers\n|-heal|p1a: Toxapex|32/216|[from] item: Leftovers\n|-damage|p1a: Toxapex|5/216|[from] Leech Seed|[of] p2a: Venusaur\n|-heal|p2a: Venusaur|272/272|[silent]\n|upkeep\n|turn|14\n|\n|t:|1733857091\n|move|p2a: Venusaur|Sludge Bomb|p1a: Toxapex\n|-supereffective|p1a: Toxapex\n|-damage|p1a: Toxapex|0 fnt\n|faint|p1a: Toxapex\n|\n|upkeep\n|\n|t:|1733857098\n|switch|p1a: Mimikyu|Mimikyu, L79, F|216/216\n|turn|15\n|c|\u2606ikikikikiki|ur fuckiing ass\n|c|\u2606ikikikikiki|stop using the same damn thing ur actually fucking ass\n|inactive|ikikikikiki has 120 seconds left.\n|\n|t:|1733857147\n|move|p1a: Mimikyu|Wood Hammer|p2a: Venusaur\n|-resisted|p2a: Venusaur\n|-activate|p2a: Venusaur|move: Substitute|[damage]\n|-damage|p1a: Mimikyu|209/216|[from] Recoil|[of] p2a: Venusaur\n|-damage|p1a: Mimikyu|188/216|[from] item: Life Orb\n|move|p2a: Venusaur|Sludge Bomb|p1a: Mimikyu\n|-activate|p1a: Mimikyu|ability: Disguise\n|-damage|p1a: Mimikyu|188/216\n|detailschange|p1a: Mimikyu|Mimikyu-Busted, L79, F\n|-damage|p1a: Mimikyu|161/216|[from] pokemon: Mimikyu-Busted\n|\n|upkeep\n|turn|16\n|\n|t:|1733857161\n|move|p1a: Mimikyu|Shadow Sneak|p2a: Venusaur\n|-end|p2a: Venusaur|Substitute\n|-damage|p1a: Mimikyu|140/216|[from] item: Life Orb\n|move|p2a: Venusaur|Leech Seed|p1a: Mimikyu\n|-start|p1a: Mimikyu|move: Leech Seed\n|\n|-damage|p1a: Mimikyu|113/216|[from] Leech Seed|[of] p2a: Venusaur\n|upkeep\n|turn|17\n|j|~DaWoblefet\n|\n|t:|1733857172\n|move|p1a: Mimikyu|Wood Hammer|p2a: Venusaur\n|-resisted|p2a: Venusaur\n|-damage|p2a: Venusaur|250/272\n|-damage|p1a: Mimikyu|106/216|[from] Recoil\n|-damage|p1a: Mimikyu|85/216|[from] item: Life Orb\n|move|p2a: Venusaur|Substitute|p2a: Venusaur\n|-start|p2a: Venusaur|Substitute\n|-damage|p2a: Venusaur|182/272\n|\n|-heal|p2a: Venusaur|199/272|[from] item: Leftovers\n|-damage|p1a: Mimikyu|58/216|[from] Leech Seed|[of] p2a: Venusaur\n|-heal|p2a: Venusaur|226/272|[silent]\n|upkeep\n|turn|18\n|n|\u203dikikikikiki|ikikikikiki\n|c|~DaWoblefet|/log ikikikikiki was locked from talking by DaWoblefet. (battle harassment)\n|l|~DaWoblefet\n|\n|t:|1733857187\n|move|p1a: Mimikyu|Shadow Sneak|p2a: Venusaur\n|-activate|p2a: Venusaur|move: Substitute|[damage]\n|-damage|p1a: Mimikyu|37/216|[from] item: Life Orb\n|move|p2a: Venusaur|Sludge Bomb|p1a: Mimikyu\n|-damage|p1a: Mimikyu|0 fnt\n|faint|p1a: Mimikyu\n|\n|-heal|p2a: Venusaur|243/272|[from] item: Leftovers\n|upkeep\n|\n|t:|1733857200\n|switch|p1a: Ampharos|Ampharos, L88, M|302/302\n|turn|19\n|\n|t:|1733857206\n|move|p2a: Venusaur|Leech Seed|p1a: Ampharos\n|-start|p1a: Ampharos|move: Leech Seed\n|move|p1a: Ampharos|Dazzling Gleam|p2a: Venusaur\n|-resisted|p2a: Venusaur\n|-end|p2a: Venusaur|Substitute\n|\n|-heal|p2a: Venusaur|260/272|[from] item: Leftovers\n|-damage|p1a: Ampharos|265/302|[from] Leech Seed|[of] p2a: Venusaur\n|-heal|p2a: Venusaur|272/272|[silent]\n|upkeep\n|turn|20\n|-message|ikikikikiki forfeited.\n|\n|win|tyjtyjtyjtyr\n", "inputlog": ">version bfd83cad13791eb5a5a409923076391caf6fb4d4\n>start {\"formatid\":\"gen9randombattle\",\"seed\":[37162,11250,38881,60208],\"rated\":\"Rated battle\"}\n>player p1 {\"name\":\"ikikikikiki\",\"avatar\":\"265\",\"rating\":1001,\"seed\":[31382,32558,22853,11534]}\n>player p2 {\"name\":\"tyjtyjtyjtyr\",\"avatar\":\"266\",\"rating\":1013,\"seed\":[55751,59188,17379,55020]}\n>p1 move voltswitch\n>p2 move substitute\n>p1 switch 4\n>p1 move psyshock\n>p2 move sleeppowder\n>p1 move moonlight\n>p2 move leechseed\n>p1 move moonblast\n>p2 move sleeppowder\n>p1 move moonblast\n>p2 move sludgebomb\n>p1 move psyshock\n>p2 move sludgebomb\n>p1 move moonblast\n>p2 move substitute\n>chat \u2606ikikikikiki|are u actually that ass?\n>p1 move moonblast\n>p2 move sludgebomb\n>p1 switch 2\n>p1 move toxicspikes\n>p2 move leechseed\n>p1 move liquidation\n>p2 move sleeppowder\n>p1 move liquidation terastallize\n>p2 move sleeppowder\n>p1 move liquidation\n>p2 move substitute\n>p1 move haze\n>p2 move sludgebomb\n>p1 move recover\n>p2 move sludgebomb\n>p1 switch 3\n>chat \u2606ikikikikiki|ur fuckiing ass\n>chat \u2606ikikikikiki|stop using the same damn thing ur actually fucking ass \n>p1 move woodhammer\n>p2 move sludgebomb\n>p1 move shadowsneak\n>p2 move leechseed\n>p1 move woodhammer\n>p2 move substitute\n>p1 move shadowsneak\n>p2 move sludgebomb\n>p1 switch 4\n>p1 move dazzlinggleam\n>p2 move leechseed\n>forcelose p1", "uploadtime": 1733857103, "views": 1, "formatid": "gen9randombattle", "rating": null, "private": 0, "password": null}