{"id": "gen9randombattle-2260540772", "format": "[Gen 9] Random Battle", "players": ["Viroxylan", "yellon"], "log": "|j|\u2606Viroxylan\n|j|\u2606yellon\n|t:|1733861613\n|gametype|singles\n|player|p1|Viroxylan|2|1462\n|player|p2|yellon|1|1441\n|teamsize|p1|6\n|teamsize|p2|6\n|gen|9\n|tier|[Gen 9] Random Battle\n|rated|\n|rule|Species Clause: Limit one of each Pok\u00e9mon\n|rule|HP Percentage Mod: HP is shown in percentages\n|rule|Sleep Clause Mod: Limit one foe put to sleep\n|rule|Illusion Level Mod: Illusion disguises the Pok\u00e9mon's true level\n|\n|t:|1733861613\n|start\n|switch|p1a: Sinistcha|Sinistcha-Masterpiece, L83|254/254\n|switch|p2a: Dedenne|Dedenne, L88, F|261/261\n|turn|1\n|inactive|Battle timer is ON: inactive players will automatically lose when time's up. (requested by yellon)\n|\n|t:|1733861645\n|move|p2a: Dedenne|Super Fang|p1a: Sinistcha\n|-immune|p1a: Sinistcha\n|move|p1a: Sinistcha|Calm Mind|p1a: Sinistcha\n|-boost|p1a: Sinistcha|spa|1\n|-boost|p1a: Sinistcha|spd|1\n|\n|upkeep\n|turn|2\n|\n|t:|1733861667\n|move|p2a: Dedenne|U-turn|p1a: Sinistcha\n|-damage|p1a: Sinistcha|219/254\n|\n|t:|1733861671\n|switch|p2a: Venusaur|Venusaur, L84, M|272/272|[from] U-turn\n|move|p1a: Sinistcha|Matcha Gotcha|p2a: Venusaur\n|-resisted|p2a: Venusaur\n|-damage|p2a: Venusaur|239/272\n|-heal|p1a: Sinistcha|236/254|[from] drain|[of] p2a: Venusaur\n|\n|-heal|p2a: Venusaur|256/272|[from] item: Leftovers\n|-heal|p1a: Sinistcha|251/254|[from] item: Leftovers\n|upkeep\n|turn|3\n|\n|t:|1733861684\n|move|p2a: Venusaur|Knock Off|p1a: Sinistcha\n|-supereffective|p1a: Sinistcha\n|-damage|p1a: Sinistcha|153/254\n|-enditem|p1a: Sinistcha|Leftovers|[from] move: Knock Off|[of] p2a: Venusaur\n|move|p1a: Sinistcha|Shadow Ball|p2a: Venusaur\n|-damage|p2a: Venusaur|132/272\n|\n|-heal|p2a: Venusaur|149/272|[from] item: Leftovers\n|upkeep\n|turn|4\n|\n|t:|1733861695\n|move|p2a: Venusaur|Sludge Bomb|p1a: Sinistcha\n|-damage|p1a: Sinistcha|83/254\n|move|p1a: Sinistcha|Calm Mind|p1a: Sinistcha\n|-boost|p1a: Sinistcha|spa|1\n|-boost|p1a: Sinistcha|spd|1\n|\n|-heal|p2a: Venusaur|166/272|[from] item: Leftovers\n|upkeep\n|turn|5\n|\n|t:|1733861706\n|move|p2a: Venusaur|Synthesis|p2a: Venusaur\n|-heal|p2a: Venusaur|272/272\n|move|p1a: Sinistcha|Strength Sap|p2a: Venusaur\n|-unboost|p2a: Venusaur|atk|1\n|-heal|p1a: Sinistcha|254/254\n|\n|upkeep\n|turn|6\n|\n|t:|1733861713\n|move|p2a: Venusaur|Sludge Bomb|p1a: Sinistcha\n|-crit|p1a: Sinistcha\n|-damage|p1a: Sinistcha|92/254\n|move|p1a: Sinistcha|Shadow Ball|p2a: Venusaur\n|-damage|p2a: Venusaur|106/272\n|-unboost|p2a: Venusaur|spd|1\n|\n|-heal|p2a: Venusaur|123/272|[from] item: Leftovers\n|upkeep\n|turn|7\n|\n|t:|1733861721\n|move|p2a: Venusaur|Sludge Bomb|p1a: Sinistcha\n|-damage|p1a: Sinistcha|40/254\n|-status|p1a: Sinistcha|psn\n|move|p1a: Sinistcha|Strength Sap|p2a: Venusaur\n|-unboost|p2a: Venusaur|atk|1\n|-heal|p1a: Sinistcha|164/254 psn\n|\n|-heal|p2a: Venusaur|140/272|[from] item: Leftovers\n|-damage|p1a: Sinistcha|133/254 psn|[from] psn\n|upkeep\n|turn|8\n|inactive|yellon has 120 seconds left.\n|\n|t:|1733861754\n|move|p2a: Venusaur|Knock Off|p1a: Sinistcha\n|-supereffective|p1a: Sinistcha\n|-damage|p1a: Sinistcha|95/254 psn\n|move|p1a: Sinistcha|Shadow Ball|p2a: Venusaur\n|-damage|p2a: Venusaur|0 fnt\n|faint|p2a: Venusaur\n|\n|-damage|p1a: Sinistcha|64/254 psn|[from] psn\n|upkeep\n|inactive|yellon has 120 seconds left.\n|\n|t:|1733861769\n|switch|p2a: Veluza|Veluza, L85, M|292/292\n|turn|9\n|\n|t:|1733861775\n|move|p2a: Veluza|Night Slash|p1a: Sinistcha\n|-supereffective|p1a: Sinistcha\n|-damage|p1a: Sinistcha|0 fnt\n|faint|p1a: Sinistcha\n|\n|upkeep\n|\n|t:|1733861781\n|switch|p1a: Zapdos|Zapdos-Galar, L77|265/265\n|turn|10\n|\n|t:|1733861793\n|move|p1a: Zapdos|Knock Off|p2a: Veluza\n|-supereffective|p2a: Veluza\n|-damage|p2a: Veluza|56/292\n|-enditem|p2a: Veluza|Sitrus Berry|[from] move: Knock Off|[of] p1a: Zapdos\n|move|p2a: Veluza|Psycho Cut|p1a: Zapdos\n|-supereffective|p1a: Zapdos\n|-damage|p1a: Zapdos|17/265\n|\n|upkeep\n|turn|11\n|\n|t:|1733861802\n|move|p1a: Zapdos|Knock Off|p2a: Veluza\n|-supereffective|p2a: Veluza\n|-damage|p2a: Veluza|0 fnt\n|faint|p2a: Veluza\n|\n|upkeep\n|\n|t:|1733861804\n|switch|p2a: Dedenne|Dedenne, L88, F|261/261\n|turn|12\n|\n|t:|1733861812\n|move|p2a: Dedenne|Dazzling Gleam|p1a: Zapdos\n|-supereffective|p1a: Zapdos\n|-damage|p1a: Zapdos|0 fnt\n|faint|p1a: Zapdos\n|\n|upkeep\n|\n|t:|1733861816\n|switch|p1a: Venomoth|Venomoth, L84, M|255/255\n|turn|13\n|\n|t:|1733861823\n|move|p2a: Dedenne|Super Fang|p1a: Venomoth\n|-damage|p1a: Venomoth|128/255\n|move|p1a: Venomoth|Quiver Dance|p1a: Venomoth\n|-boost|p1a: Venomoth|spa|1\n|-boost|p1a: Venomoth|spd|1\n|-boost|p1a: Venomoth|spe|1\n|\n|upkeep\n|turn|14\n|\n|t:|1733861833\n|move|p1a: Venomoth|Sludge Wave|p2a: Dedenne\n|-supereffective|p2a: Dedenne\n|-damage|p2a: Dedenne|0 fnt\n|faint|p2a: Dedenne\n|\n|upkeep\n|\n|t:|1733861837\n|switch|p2a: Metagross|Metagross, L79|256/256\n|turn|15\n|\n|t:|1733861844\n|move|p1a: Venomoth|Sleep Powder|p2a: Metagross\n|-status|p2a: Metagross|slp|[from] move: Sleep Powder\n|cant|p2a: Metagross|slp\n|\n|upkeep\n|turn|16\n|\n|t:|1733861851\n|switch|p2a: Zekrom|Zekrom, L71|259/259\n|-ability|p2a: Zekrom|Teravolt\n|move|p1a: Venomoth|Bug Buzz|p2a: Zekrom\n|-damage|p2a: Zekrom|108/259\n|\n|-heal|p2a: Zekrom|124/259|[from] item: Leftovers\n|upkeep\n|turn|17\n|\n|t:|1733861859\n|-terastallize|p2a: Zekrom|Steel\n|move|p1a: Venomoth|Sludge Wave|p2a: Zekrom\n|-immune|p2a: Zekrom\n|move|p2a: Zekrom|Outrage|p1a: Venomoth\n|-damage|p1a: Venomoth|0 fnt\n|faint|p1a: Venomoth\n|\n|-heal|p2a: Zekrom|140/259|[from] item: Leftovers\n|upkeep\n|\n|t:|1733861868\n|switch|p1a: Pawmot|Pawmot, L80, F|243/243\n|turn|18\n|\n|t:|1733861879\n|move|p1a: Pawmot|Close Combat|p2a: Zekrom\n|-supereffective|p2a: Zekrom\n|-damage|p2a: Zekrom|0 fnt\n|-unboost|p1a: Pawmot|def|1\n|-unboost|p1a: Pawmot|spd|1\n|faint|p2a: Zekrom\n|\n|upkeep\n|\n|t:|1733861880\n|switch|p2a: Palafin|Palafin, L77, M|281/281\n|turn|19\n|\n|t:|1733861884\n|detailschange|p2a: Palafin|Palafin-Hero, L77, M\n|switch|p2a: Metagross|Metagross, L79|256/256 slp\n|move|p1a: Pawmot|Nuzzle|p2a: Metagross\n|-damage|p2a: Metagross|237/256 slp\n|\n|upkeep\n|turn|20\n|\n|t:|1733861888\n|move|p1a: Pawmot|Revival Blessing|p1a: Pawmot\n|-enditem|p1a: Pawmot|Leppa Berry|[eat]\n|-activate|p1a: Pawmot|item: Leppa Berry|Revival Blessing|[consumed]\n|\n|t:|1733861892\n|-heal|p1: Sinistcha|127/254|[from] move: Revival Blessing\n|cant|p2a: Metagross|slp\n|\n|upkeep\n|turn|21\n|\n|t:|1733861900\n|move|p1a: Pawmot|Revival Blessing|p1a: Pawmot\n|\n|t:|1733861902\n|-heal|p1: Venomoth|127/255|[from] move: Revival Blessing\n|-curestatus|p2a: Metagross|slp|[msg]\n|move|p2a: Metagross|Agility|p2a: Metagross\n|-boost|p2a: Metagross|spe|2\n|\n|upkeep\n|turn|22\n|\n|t:|1733861914\n|move|p2a: Metagross|Earthquake|p1a: Pawmot\n|-supereffective|p1a: Pawmot\n|-damage|p1a: Pawmot|0 fnt\n|faint|p1a: Pawmot\n|\n|upkeep\n|\n|t:|1733861923\n|switch|p1a: Noivern|Noivern, L82, M|274/274\n|turn|23\n|\n|t:|1733861930\n|move|p2a: Metagross|Knock Off|p1a: Noivern\n|-damage|p1a: Noivern|186/274\n|-enditem|p1a: Noivern|Heavy-Duty Boots|[from] move: Knock Off|[of] p2a: Metagross\n|move|p1a: Noivern|Flamethrower|p2a: Metagross\n|-supereffective|p2a: Metagross\n|-damage|p2a: Metagross|113/256\n|-enditem|p2a: Metagross|Weakness Policy\n|-boost|p2a: Metagross|atk|2|[from] item: Weakness Policy\n|-boost|p2a: Metagross|spa|2|[from] item: Weakness Policy\n|\n|upkeep\n|turn|24\n|\n|t:|1733861949\n|move|p2a: Metagross|Heavy Slam|p1a: Noivern\n|-damage|p1a: Noivern|0 fnt\n|faint|p1a: Noivern\n|\n|upkeep\n|\n|t:|1733861952\n|switch|p1a: Lapras|Lapras, L87, F|367/367\n|turn|25\n|\n|t:|1733861962\n|move|p2a: Metagross|Knock Off|p1a: Lapras\n|-damage|p1a: Lapras|198/367\n|-enditem|p1a: Lapras|Loaded Dice|[from] move: Knock Off|[of] p2a: Metagross\n|move|p1a: Lapras|Waterfall|p2a: Metagross\n|-crit|p2a: Metagross\n|-damage|p2a: Metagross|19/256\n|\n|upkeep\n|turn|26\n|\n|t:|1733861973\n|move|p2a: Metagross|Earthquake|p1a: Lapras\n|-damage|p1a: Lapras|22/367\n|move|p1a: Lapras|Waterfall|p2a: Metagross\n|-damage|p2a: Metagross|0 fnt\n|faint|p2a: Metagross\n|\n|upkeep\n|\n|t:|1733861977\n|switch|p2a: Palafin|Palafin-Hero, L77, M|281/281\n|-activate|p2a: Palafin|ability: Zero to Hero\n|turn|27\n|\n|t:|1733861984\n|move|p2a: Palafin|Bulk Up|p2a: Palafin\n|-boost|p2a: Palafin|atk|1\n|-boost|p2a: Palafin|def|1\n|move|p1a: Lapras|Earthquake|p2a: Palafin\n|-damage|p2a: Palafin|233/281\n|\n|-heal|p2a: Palafin|250/281|[from] item: Leftovers\n|upkeep\n|turn|28\n|\n|t:|1733861995\n|move|p2a: Palafin|Drain Punch|p1a: Lapras\n|-supereffective|p1a: Lapras\n|-damage|p1a: Lapras|0 fnt\n|-heal|p2a: Palafin|261/281|[from] drain|[of] p1a: Lapras\n|faint|p1a: Lapras\n|\n|-heal|p2a: Palafin|278/281|[from] item: Leftovers\n|upkeep\n|\n|t:|1733861998\n|switch|p1a: Venomoth|Venomoth, L84, M|127/255\n|turn|29\n|\n|t:|1733862001\n|move|p2a: Palafin|Jet Punch|p1a: Venomoth\n|-damage|p1a: Venomoth|0 fnt\n|faint|p1a: Venomoth\n|\n|-heal|p2a: Palafin|281/281|[from] item: Leftovers\n|upkeep\n|\n|t:|1733862005\n|switch|p1a: Sinistcha|Sinistcha-Masterpiece, L83|127/254\n|turn|30\n|\n|t:|1733862010\n|move|p2a: Palafin|Ice Punch|p1a: Sinistcha\n|-supereffective|p1a: Sinistcha\n|-damage|p1a: Sinistcha|0 fnt\n|faint|p1a: Sinistcha\n|\n|win|yellon\n|raw|Viroxylan's rating: 1462 &rarr; <strong>1441</strong><br />(-21 for losing)\n|raw|yellon's rating: 1441 &rarr; <strong>1462</strong><br />(+21 for winning)\n|l|\u2606Viroxylan\n|player|p1|\n", "inputlog": ">version bfd83cad13791eb5a5a409923076391caf6fb4d4\n>start {\"formatid\":\"gen9randombattle\",\"seed\":[4330,23934,26894,41097],\"rated\":\"Rated battle\"}\n>player p1 {\"name\":\"Viroxylan\",\"avatar\":\"2\",\"rating\":1462,\"seed\":[151,30062,52866,19922]}\n>player p2 {\"name\":\"yellon\",\"avatar\":\"1\",\"rating\":1441,\"seed\":[7467,3052,53710,14725]}\n>p1 move calmmind\n>p2 move superfang\n>p1 move matchagotcha\n>p2 move uturn\n>p2 switch 3\n>p1 move shadowball\n>p2 move knockoff\n>p1 move calmmind\n>p2 move sludgebomb\n>p1 move strengthsap\n>p2 move synthesis\n>p1 move shadowball\n>p2 move sludgebomb\n>p1 move strengthsap\n>p2 move sludgebomb\n>p1 move shadowball\n>p2 move knockoff\n>p2 switch 6\n>p1 move matchagotcha\n>p2 move nightslash\n>p1 switch 5\n>p1 move knockoff\n>p2 move psychocut\n>p1 move knockoff\n>p2 move psychocut\n>p2 switch 3\n>p1 move knockoff\n>p2 move dazzlinggleam\n>p1 switch 3\n>p1 move quiverdance\n>p2 move superfang\n>p1 move sludgewave\n>p2 move uturn\n>p2 switch 5\n>p1 move sleeppowder\n>p2 move agility\n>p1 move bugbuzz\n>p2 switch 4\n>p1 move sludgewave\n>p2 move outrage terastallize\n>p1 switch 4\n>p1 move closecombat\n>p2 move outrage\n>p2 switch 2\n>p1 move nuzzle\n>p2 switch 4\n>p1 move revivalblessing\n>p2 move agility\n>p1 switch 5\n>p1 move revivalblessing\n>p2 move agility\n>p1 switch 4\n>p1 move doubleshock\n>p2 move earthquake\n>p1 switch 2\n>p1 move flamethrower\n>p2 move knockoff\n>p1 move flamethrower\n>p2 move heavyslam\n>p1 switch 6\n>p1 move waterfall\n>p2 move knockoff\n>p1 move waterfall\n>p2 move earthquake\n>p2 switch 4\n>p1 move earthquake\n>p2 move bulkup\n>p1 move earthquake\n>p2 move drainpunch\n>p1 switch 4\n>p1 move sleeppowder\n>p2 move jetpunch\n>p1 switch 5\n>p1 move strengthsap\n>p2 move icepunch", "uploadtime": 1733862014, "views": 2, "formatid": "gen9randombattle", "rating": 1441, "private": 0, "password": null}