{"id": "gen9randombattle-2260882579", "format": "[Gen 9] Random Battle", "players": ["basholeaf", "aledjandro"], "log": "|j|\u2606basholeaf\n|j|\u2606aledjandro\n|t:|1733910226\n|gametype|singles\n|player|p1|basholeaf|101|1145\n|player|p2|aledjandro|lance|1134\n|teamsize|p1|6\n|teamsize|p2|6\n|gen|9\n|tier|[Gen 9] Random Battle\n|rated|\n|rule|Species Clause: Limit one of each Pok\u00e9mon\n|rule|HP Percentage Mod: HP is shown in percentages\n|rule|Sleep Clause Mod: Limit one foe put to sleep\n|rule|Illusion Level Mod: Illusion disguises the Pok\u00e9mon's true level\n|\n|t:|1733910226\n|start\n|switch|p1a: Houndoom|Houndoom, L87, F|272/272\n|switch|p2a: Rotom|Rotom-Wash, L82|216/216\n|turn|1\n|\n|t:|1733910237\n|switch|p1a: Victreebel|Victreebel, L90, F|290/290\n|move|p2a: Rotom|Nasty Plot|p2a: Rotom\n|-boost|p2a: Rotom|spa|2\n|\n|upkeep\n|turn|2\n|\n|t:|1733910269\n|switch|p2a: Tropius|Tropius, L91, F|328/328\n|move|p1a: Victreebel|Sunny Day|p1a: Victreebel\n|-weather|SunnyDay\n|\n|-weather|SunnyDay|[upkeep]\n|upkeep\n|turn|3\n|\n|t:|1733910286\n|move|p1a: Victreebel|Sludge Wave|p2a: Tropius\n|-supereffective|p2a: Tropius\n|-damage|p2a: Tropius|32/328\n|-enditem|p2a: Tropius|Sitrus Berry|[eat]\n|-heal|p2a: Tropius|114/328|[from] item: Sitrus Berry\n|-damage|p1a: Victreebel|261/290|[from] item: Life Orb\n|move|p2a: Tropius|Dragon Dance|p2a: Tropius\n|-boost|p2a: Tropius|atk|1\n|-boost|p2a: Tropius|spe|1\n|\n|-weather|SunnyDay|[upkeep]\n|-item|p2a: Tropius|Sitrus Berry|[from] ability: Harvest\n|upkeep\n|-enditem|p2a: Tropius|Sitrus Berry|[eat]\n|-heal|p2a: Tropius|196/328|[from] item: Sitrus Berry\n|turn|4\n|\n|t:|1733910301\n|move|p1a: Victreebel|Sludge Wave|p2a: Tropius\n|-supereffective|p2a: Tropius\n|-damage|p2a: Tropius|0 fnt\n|faint|p2a: Tropius\n|-damage|p1a: Victreebel|232/290|[from] item: Life Orb\n|\n|-weather|SunnyDay|[upkeep]\n|upkeep\n|j| marcustm8\n|c| marcustm8|aledjandro ur so bad\n|\n|t:|1733910316\n|switch|p2a: Vespiquen|Vespiquen, L98, F|296/296\n|-ability|p2a: Vespiquen|Pressure\n|turn|5\n|n|!aledjandro|aledjandro\n|\n|t:|1733910327\n|move|p1a: Victreebel|Weather Ball|p2a: Vespiquen\n|-supereffective|p2a: Vespiquen\n|-damage|p2a: Vespiquen|57/296\n|-damage|p1a: Victreebel|203/290|[from] item: Life Orb\n|move|p2a: Vespiquen|Toxic Spikes|p1a: Victreebel\n|-sidestart|p1: basholeaf|move: Toxic Spikes\n|\n|-weather|SunnyDay|[upkeep]\n|upkeep\n|turn|6\n|\n|t:|1733910338\n|move|p1a: Victreebel|Weather Ball|p2a: Vespiquen\n|-supereffective|p2a: Vespiquen\n|-damage|p2a: Vespiquen|0 fnt\n|faint|p2a: Vespiquen\n|-damage|p1a: Victreebel|174/290|[from] item: Life Orb\n|\n|-weather|none\n|upkeep\n|\n|t:|1733910350\n|switch|p2a: Lunala|Lunala, L70|308/308\n|turn|7\n|\n|t:|1733910357\n|switch|p1a: Morpeko|Morpeko, L88, F|245/245\n|move|p2a: Lunala|Psyshock|p1a: Morpeko\n|-immune|p1a: Morpeko\n|\n|-formechange|p1a: Morpeko|Morpeko-Hangry||[from] ability: Hunger Switch\n|upkeep\n|turn|8\n|\n|t:|1733910363\n|move|p1a: Morpeko|Aura Wheel|p2a: Lunala\n|-supereffective|p2a: Lunala\n|-damage|p2a: Lunala|0 fnt\n|-boost|p1a: Morpeko|spe|1\n|faint|p2a: Lunala\n|\n|-formechange|p1a: Morpeko|Morpeko||[from] ability: Hunger Switch\n|upkeep\n|-message|aledjandro forfeited.\n|\n|win|basholeaf\n", "inputlog": ">version bfd83cad13791eb5a5a409923076391caf6fb4d4\n>start {\"formatid\":\"gen9randombattle\",\"seed\":[47359,47971,30765,7884],\"rated\":\"Rated battle\"}\n>player p1 {\"name\":\"basholeaf\",\"avatar\":\"101\",\"rating\":1145,\"seed\":[32915,33120,9185,18326]}\n>player p2 {\"name\":\"aledjandro\",\"avatar\":\"lance\",\"rating\":1134,\"seed\":[17681,17512,30829,60498]}\n>p1 switch 2\n>p2 move nastyplot\n>p1 move sunnyday\n>p2 switch 6\n>p1 move sludgewave\n>p2 move dragondance\n>p1 move sludgewave\n>p2 move dualwingbeat\n>chat  marcustm8|aledjandro ur so bad\n>p2 switch 4\n>chat \u2606aledjandro|fuck off\n>p1 move weatherball\n>p2 move toxicspikes\n>p1 move weatherball\n>p2 move toxicspikes\n>p2 switch 2\n>p1 switch 3\n>p2 move psyshock\n>p1 move aurawheel\n>p2 move moonlight\n>forcelose p2", "uploadtime": 1733910321, "views": 1, "formatid": "gen9randombattle", "rating": null, "private": 0, "password": null}