{"id": "gen9randombattle-2260790486", "format": "[Gen 9] Random Battle", "players": ["datbigbootyguy", "ChadJA"], "log": "|j|\u2606datbigbootyguy\n|j|\u2606ChadJA\n|t:|1733892565\n|gametype|singles\n|player|p1|datbigbootyguy|169|\n|player|p2|ChadJA|2|\n|teamsize|p1|6\n|teamsize|p2|6\n|gen|9\n|tier|[Gen 9] Random Battle\n|rule|Species Clause: Limit one of each Pok\u00e9mon\n|rule|HP Percentage Mod: HP is shown in percentages\n|rule|Sleep Clause Mod: Limit one foe put to sleep\n|rule|Illusion Level Mod: Illusion disguises the Pok\u00e9mon's true level\n|\n|t:|1733892565\n|start\n|switch|p1a: Palkia|Palkia-Origin, L72|249/249\n|switch|p2a: Beartic|Beartic, L91, F|321/321\n|-ability|p1a: Palkia|Pressure\n|turn|1\n|j| Audinoenjoyer\n|inactive|Battle timer is ON: inactive players will automatically lose when time's up. (requested by datbigbootyguy)\n|\n|t:|1733892585\n|move|p1a: Palkia|Fire Blast|p2a: Beartic\n|-supereffective|p2a: Beartic\n|-damage|p2a: Beartic|145/321\n|move|p2a: Beartic|Snowscape|p2a: Beartic\n|-weather|Snow\n|\n|-weather|Snow|[upkeep]\n|upkeep\n|turn|2\n|\n|t:|1733892600\n|move|p2a: Beartic|Icicle Crash|p1a: Palkia\n|-crit|p1a: Palkia\n|-damage|p1a: Palkia|53/249\n|move|p1a: Palkia|Fire Blast|p2a: Beartic\n|-supereffective|p2a: Beartic\n|-damage|p2a: Beartic|0 fnt\n|faint|p2a: Beartic\n|\n|-weather|Snow|[upkeep]\n|upkeep\n|inactive|ChadJA has 270 seconds left.\n|\n|t:|1733892630\n|switch|p2a: Rillaboom|Rillaboom, L79, M|288/288\n|-fieldstart|move: Grassy Terrain|[from] ability: Grassy Surge|[of] p2a: Rillaboom\n|turn|3\n|\n|t:|1733892642\n|switch|p1a: Spiritomb|Spiritomb, L89, M|234/234\n|move|p2a: Rillaboom|Grassy Glide|p1a: Spiritomb\n|-damage|p1a: Spiritomb|140/234\n|\n|-weather|Snow|[upkeep]\n|-heal|p1a: Spiritomb|154/234|[from] Grassy Terrain\n|-heal|p1a: Spiritomb|168/234|[from] item: Leftovers\n|upkeep\n|turn|4\n|inactive|ChadJA has 270 seconds left.\n|\n|t:|1733892665\n|switch|p2a: Iron Crown|Iron Crown, L78|268/268\n|move|p1a: Spiritomb|Toxic|p2a: Iron Crown\n|-immune|p2a: Iron Crown\n|\n|-weather|Snow|[upkeep]\n|-heal|p1a: Spiritomb|182/234|[from] Grassy Terrain\n|-heal|p1a: Spiritomb|196/234|[from] item: Leftovers\n|upkeep\n|turn|5\n|inactive|ChadJA has 270 seconds left.\n|\n|t:|1733892688\n|-terastallize|p2a: Iron Crown|Steel\n|move|p2a: Iron Crown|Tachyon Cutter|p1a: Spiritomb\n|-damage|p1a: Spiritomb|100/234\n|-crit|p1a: Spiritomb\n|-damage|p1a: Spiritomb|0 fnt\n|faint|p1a: Spiritomb\n|-hitcount|p1: Spiritomb|2\n|\n|-weather|none\n|upkeep\n|\n|t:|1733892695\n|switch|p1a: Entei|Entei, L78|307/307\n|turn|6\n|\n|t:|1733892719\n|-end|p2a: Iron Crown|Quark Drive|[silent]\n|switch|p2a: Scrafty|Scrafty, L84, M|246/246\n|move|p1a: Entei|Sacred Fire|p2a: Scrafty|[miss]\n|-miss|p1a: Entei|p2a: Scrafty\n|\n|upkeep\n|turn|7\n|\n|t:|1733892732\n|move|p1a: Entei|Sacred Fire|p2a: Scrafty\n|-damage|p2a: Scrafty|128/246\n|-status|p2a: Scrafty|brn\n|move|p2a: Scrafty|Knock Off|p1a: Entei\n|-damage|p1a: Entei|254/307\n|-enditem|p1a: Entei|Choice Band|[from] move: Knock Off|[of] p2a: Scrafty\n|\n|-heal|p1a: Entei|273/307|[from] Grassy Terrain\n|-heal|p2a: Scrafty|143/246 brn|[from] Grassy Terrain\n|-heal|p2a: Scrafty|158/246 brn|[from] item: Leftovers\n|-damage|p2a: Scrafty|143/246 brn|[from] brn\n|-fieldend|move: Grassy Terrain\n|upkeep\n|turn|8\n|\n|t:|1733892742\n|move|p1a: Entei|Flare Blitz|p2a: Scrafty\n|-damage|p2a: Scrafty|34/246 brn\n|-damage|p1a: Entei|237/307|[from] Recoil\n|move|p2a: Scrafty|Bulk Up|p2a: Scrafty\n|-boost|p2a: Scrafty|atk|1\n|-boost|p2a: Scrafty|def|1\n|\n|-heal|p2a: Scrafty|49/246 brn|[from] item: Leftovers\n|-damage|p2a: Scrafty|34/246 brn|[from] brn\n|upkeep\n|turn|9\n|\n|t:|1733892753\n|move|p1a: Entei|Flare Blitz|p2a: Scrafty\n|-damage|p2a: Scrafty|0 fnt\n|faint|p2a: Scrafty\n|-damage|p1a: Entei|226/307|[from] Recoil\n|\n|upkeep\n|\n|t:|1733892755\n|switch|p2a: Minior|Minior-Green, L79|224/224\n|-formechange|p2a: Minior|Minior-Meteor||[from] ability: Shields Down\n|turn|10\n|\n|t:|1733892768\n|move|p1a: Entei|Stone Edge|p2a: Minior\n|-supereffective|p2a: Minior\n|-damage|p2a: Minior|100/224\n|move|p2a: Minior|Shell Smash|p2a: Minior\n|-unboost|p2a: Minior|def|1\n|-unboost|p2a: Minior|spd|1\n|-boost|p2a: Minior|atk|2\n|-boost|p2a: Minior|spa|2\n|-boost|p2a: Minior|spe|2\n|-enditem|p2a: Minior|White Herb\n|-clearnegativeboost|p2a: Minior|[silent]\n|\n|-formechange|p2a: Minior|Minior-Green||[from] ability: Shields Down\n|upkeep\n|turn|11\n|\n|t:|1733892778\n|move|p2a: Minior|Power Gem|p1a: Entei\n|-supereffective|p1a: Entei\n|-damage|p1a: Entei|0 fnt\n|faint|p1a: Entei\n|\n|upkeep\n|\n|t:|1733892791\n|switch|p1a: Kommo-o|Kommo-o, L78, F|245/245\n|turn|12\n|\n|t:|1733892798\n|-terastallize|p1a: Kommo-o|Normal\n|move|p2a: Minior|Acrobatics|p1a: Kommo-o\n|-crit|p1a: Kommo-o\n|-damage|p1a: Kommo-o|5/245\n|move|p1a: Kommo-o|Clanging Scales|p2a: Minior\n|-damage|p2a: Minior|0 fnt\n|faint|p2a: Minior\n|-unboost|p1a: Kommo-o|def|1\n|-enditem|p1a: Kommo-o|Throat Spray\n|-boost|p1a: Kommo-o|spa|1|[from] item: Throat Spray\n|\n|upkeep\n|inactive|ChadJA has 270 seconds left.\n|\n|t:|1733892816\n|switch|p2a: Rillaboom|Rillaboom, L79, M|288/288\n|-fieldstart|move: Grassy Terrain|[from] ability: Grassy Surge|[of] p2a: Rillaboom\n|turn|13\n|\n|t:|1733892825\n|move|p2a: Rillaboom|Grassy Glide|p1a: Kommo-o\n|-damage|p1a: Kommo-o|0 fnt\n|faint|p1a: Kommo-o\n|\n|upkeep\n|\n|t:|1733892828\n|switch|p1a: Ursaring|Ursaring, L84, M|288/288\n|turn|14\n|\n|t:|1733892831\n|move|p2a: Rillaboom|Grassy Glide|p1a: Ursaring\n|-damage|p1a: Ursaring|198/288\n|move|p1a: Ursaring|Body Slam|p2a: Rillaboom\n|-damage|p2a: Rillaboom|171/288\n|\n|-heal|p2a: Rillaboom|189/288|[from] Grassy Terrain\n|-heal|p1a: Ursaring|216/288|[from] Grassy Terrain\n|upkeep\n|turn|15\n|\n|t:|1733892839\n|switch|p2a: Iron Crown|Iron Crown, L78, tera:Steel|268/268\n|move|p1a: Ursaring|Body Slam|p2a: Iron Crown\n|-resisted|p2a: Iron Crown\n|-damage|p2a: Iron Crown|211/268\n|\n|-heal|p2a: Iron Crown|227/268|[from] Grassy Terrain\n|-heal|p1a: Ursaring|234/288|[from] Grassy Terrain\n|upkeep\n|turn|16\n|\n|t:|1733892847\n|move|p2a: Iron Crown|Tachyon Cutter|p1a: Ursaring\n|-damage|p1a: Ursaring|150/288\n|-damage|p1a: Ursaring|70/288\n|-hitcount|p1a: Ursaring|2\n|move|p1a: Ursaring|Earthquake|p2a: Iron Crown\n|-supereffective|p2a: Iron Crown\n|-damage|p2a: Iron Crown|141/268\n|\n|-heal|p2a: Iron Crown|157/268|[from] Grassy Terrain\n|-heal|p1a: Ursaring|88/288|[from] Grassy Terrain\n|upkeep\n|turn|17\n|\n|t:|1733892857\n|move|p2a: Iron Crown|Tachyon Cutter|p1a: Ursaring\n|-damage|p1a: Ursaring|10/288\n|-damage|p1a: Ursaring|0 fnt\n|faint|p1a: Ursaring\n|-hitcount|p1: Ursaring|2\n|\n|-heal|p2a: Iron Crown|173/268|[from] Grassy Terrain\n|-fieldend|move: Grassy Terrain\n|upkeep\n|\n|t:|1733892860\n|switch|p1a: Palkia|Palkia-Origin, L72|53/249\n|-ability|p1a: Palkia|Pressure\n|turn|18\n|\n|t:|1733892868\n|move|p1a: Palkia|Fire Blast|p2a: Iron Crown\n|-supereffective|p2a: Iron Crown\n|-damage|p2a: Iron Crown|21/268\n|move|p2a: Iron Crown|Tachyon Cutter|p1a: Palkia\n|-resisted|p1a: Palkia\n|-damage|p1a: Palkia|1/249\n|-resisted|p1a: Palkia\n|-crit|p1a: Palkia\n|-damage|p1a: Palkia|0 fnt\n|faint|p1a: Palkia\n|-hitcount|p1: Palkia|2\n|\n|upkeep\n|\n|t:|1733892873\n|switch|p1a: Eiscue|Eiscue, L88, M|274/274\n|turn|19\n|\n|t:|1733892880\n|move|p2a: Iron Crown|Tachyon Cutter|p1a: Eiscue\n|-supereffective|p1a: Eiscue\n|-damage|p1a: Eiscue|50/274\n|-enditem|p1a: Eiscue|Sitrus Berry|[eat]\n|-heal|p1a: Eiscue|118/274|[from] item: Sitrus Berry\n|-supereffective|p1a: Eiscue\n|-damage|p1a: Eiscue|0 fnt\n|faint|p1a: Eiscue\n|-hitcount|p1: Eiscue|2\n|\n|win|ChadJA\n", "inputlog": ">version bfd83cad13791eb5a5a409923076391caf6fb4d4\n>start {\"formatid\":\"gen9randombattle\",\"seed\":[41199,56465,57044,43240]}\n>player p1 {\"name\":\"datbigbootyguy\",\"avatar\":\"169\",\"rating\":0,\"seed\":[3579,18752,3631,58826]}\n>player p2 {\"name\":\"ChadJA\",\"avatar\":\"2\",\"rating\":0,\"seed\":[33534,40921,23450,4724]}\n>p1 move fireblast\n>p2 move snowscape\n>p1 move fireblast\n>p2 move iciclecrash\n>p2 switch 5\n>p1 switch 3\n>p2 move grassyglide\n>p1 move toxic\n>p2 switch 3\n>p1 move poltergeist\n>p2 move tachyoncutter terastallize\n>p1 switch 4\n>p1 move sacredfire\n>p2 switch 4\n>p1 move sacredfire\n>p2 move knockoff\n>p1 move flareblitz\n>p2 move bulkup\n>p1 move flareblitz\n>p2 move rest\n>p2 switch 6\n>p1 move stoneedge\n>p2 move shellsmash\n>p1 move stoneedge\n>p2 move powergem\n>p1 switch 6\n>p1 move clangingscales terastallize\n>p2 move acrobatics\n>p2 switch 3\n>p1 move boomburst\n>p2 move grassyglide\n>p1 switch 2\n>p1 move bodyslam\n>p2 move grassyglide\n>p1 move bodyslam\n>p2 switch 4\n>p1 move earthquake\n>p2 move tachyoncutter\n>p1 move rest\n>p2 move tachyoncutter\n>p1 switch 3\n>p1 move fireblast\n>p2 move tachyoncutter\n>p1 switch 5\n>p1 move zenheadbutt\n>p2 move tachyoncutter", "uploadtime": 1733892895, "views": 15, "formatid": "gen9randombattle", "rating": null, "private": 0, "password": null}