{"id": "gen9randombattle-2260722478", "format": "[Gen 9] Random Battle", "players": ["ConfidentialInfo4", "Yan's Thighs Crush"], "log": "|j|\u2606ConfidentialInfo4\n|j|\u2606Yan's Thighs Crush\n|t:|1733882989\n|gametype|singles\n|player|p1|ConfidentialInfo4|102|1382\n|player|p2|Yan's Thighs Crush|acetrainerf|1344\n|teamsize|p1|6\n|teamsize|p2|6\n|gen|9\n|tier|[Gen 9] Random Battle\n|rated|\n|rule|Species Clause: Limit one of each Pok\u00e9mon\n|rule|HP Percentage Mod: HP is shown in percentages\n|rule|Sleep Clause Mod: Limit one foe put to sleep\n|rule|Illusion Level Mod: Illusion disguises the Pok\u00e9mon's true level\n|\n|t:|1733882989\n|start\n|switch|p1a: Mamoswine|Mamoswine, L81, F|311/311\n|switch|p2a: Regice|Regice, L88|284/284\n|turn|1\n|inactive|Battle timer is ON: inactive players will automatically lose when time's up. (requested by Yan's Thighs Crush)\n|\n|t:|1733882997\n|move|p1a: Mamoswine|Knock Off|p2a: Regice\n|-crit|p2a: Regice\n|-damage|p2a: Regice|131/284\n|-enditem|p2a: Regice|Heavy-Duty Boots|[from] move: Knock Off|[of] p1a: Mamoswine\n|move|p2a: Regice|Thunder Wave|p1a: Mamoswine\n|-immune|p1a: Mamoswine\n|\n|upkeep\n|turn|2\n|\n|t:|1733883006\n|move|p1a: Mamoswine|Knock Off|p2a: Regice\n|-damage|p2a: Regice|65/284\n|move|p2a: Regice|Body Press|p1a: Mamoswine\n|-supereffective|p1a: Mamoswine\n|-damage|p1a: Mamoswine|163/311\n|\n|upkeep\n|turn|3\n|\n|t:|1733883011\n|move|p1a: Mamoswine|Knock Off|p2a: Regice\n|-damage|p2a: Regice|0 fnt\n|faint|p2a: Regice\n|\n|upkeep\n|\n|t:|1733883016\n|switch|p2a: Greninja|Greninja, L80, M|246/246\n|turn|4\n|\n|t:|1733883022\n|switch|p1a: Basculin|Basculin-Blue-Striped, L86, M|261/261\n|move|p2a: Greninja|Hydro Pump|p1a: Basculin\n|-start|p2a: Greninja|typechange|Water|[from] ability: Protean\n|-resisted|p1a: Basculin\n|-damage|p1a: Basculin|156/261\n|-damage|p2a: Greninja|222/246|[from] item: Life Orb\n|\n|upkeep\n|turn|5\n|\n|t:|1733883030\n|move|p2a: Greninja|Hydro Pump|p1a: Basculin|[miss]\n|-miss|p2a: Greninja|p1a: Basculin\n|move|p1a: Basculin|Double-Edge|p2a: Greninja\n|-damage|p2a: Greninja|51/246\n|-damage|p1a: Basculin|100/261|[from] Recoil\n|\n|upkeep\n|turn|6\n|\n|t:|1733883037\n|move|p2a: Greninja|Hydro Pump|p1a: Basculin\n|-resisted|p1a: Basculin\n|-crit|p1a: Basculin\n|-damage|p1a: Basculin|0 fnt\n|faint|p1a: Basculin\n|-damage|p2a: Greninja|27/246|[from] item: Life Orb\n|\n|upkeep\n|\n|t:|1733883038\n|switch|p1a: Mamoswine|Mamoswine, L81, F|163/311\n|turn|7\n|\n|t:|1733883047\n|switch|p2a: Frosmoth|Frosmoth, L82, F|249/249\n|move|p1a: Mamoswine|Ice Shard|p2a: Frosmoth\n|-resisted|p2a: Frosmoth\n|-damage|p2a: Frosmoth|196/249\n|\n|upkeep\n|turn|8\n|\n|t:|1733883059\n|switch|p1a: Copperajah|Copperajah, L86, F|350/350\n|move|p2a: Frosmoth|Quiver Dance|p2a: Frosmoth\n|-boost|p2a: Frosmoth|spa|1\n|-boost|p2a: Frosmoth|spd|1\n|-boost|p2a: Frosmoth|spe|1\n|\n|upkeep\n|turn|9\n|\n|t:|1733883068\n|-terastallize|p2a: Frosmoth|Ground\n|move|p2a: Frosmoth|Tera Blast|p1a: Copperajah|[anim] Tera Blast Ground\n|-supereffective|p1a: Copperajah\n|-damage|p1a: Copperajah|14/350\n|move|p1a: Copperajah|Heavy Slam|p2a: Frosmoth\n|-damage|p2a: Frosmoth|0 fnt\n|faint|p2a: Frosmoth\n|\n|upkeep\n|\n|t:|1733883077\n|switch|p2a: Kleavor|Kleavor, L78, M|237/237\n|turn|10\n|\n|t:|1733883082\n|move|p2a: Kleavor|Stone Axe|p1a: Copperajah\n|-resisted|p1a: Copperajah\n|-damage|p1a: Copperajah|0 fnt\n|-sidestart|p1: ConfidentialInfo4|move: Stealth Rock\n|faint|p1a: Copperajah\n|\n|upkeep\n|\n|t:|1733883101\n|switch|p1a: Arceus|Arceus-Dragon, L71|288/288\n|-damage|p1a: Arceus|252/288|[from] Stealth Rock\n|turn|11\n|\n|t:|1733883122\n|move|p1a: Arceus|Dragon Dance|p1a: Arceus\n|-boost|p1a: Arceus|atk|1\n|-boost|p1a: Arceus|spe|1\n|move|p2a: Kleavor|Stone Axe|p1a: Arceus\n|-damage|p1a: Arceus|146/288\n|\n|upkeep\n|turn|12\n|\n|t:|1733883129\n|move|p1a: Arceus|Heavy Slam|p2a: Kleavor\n|-supereffective|p2a: Kleavor\n|-damage|p2a: Kleavor|75/237\n|move|p2a: Kleavor|Stone Axe|p1a: Arceus\n|-damage|p1a: Arceus|29/288\n|\n|upkeep\n|turn|13\n|\n|t:|1733883136\n|move|p1a: Arceus|Heavy Slam|p2a: Kleavor\n|-supereffective|p2a: Kleavor\n|-damage|p2a: Kleavor|0 fnt\n|faint|p2a: Kleavor\n|\n|upkeep\n|\n|t:|1733883149\n|switch|p2a: Lunala|Lunala, L70|308/308\n|turn|14\n|\n|t:|1733883156\n|move|p1a: Arceus|Outrage|p2a: Lunala\n|-damage|p2a: Lunala|199/308\n|move|p2a: Lunala|Moonblast|p1a: Arceus\n|-supereffective|p1a: Arceus\n|-damage|p1a: Arceus|0 fnt\n|faint|p1a: Arceus\n|\n|-heal|p2a: Lunala|218/308|[from] item: Leftovers\n|upkeep\n|\n|t:|1733883158\n|switch|p1a: Masquerain|Masquerain, L87, M|264/264\n|-ability|p1a: Masquerain|Intimidate|boost\n|-unboost|p2a: Lunala|atk|1\n|turn|15\n|\n|t:|1733883172\n|switch|p2a: Greninja|Greninja, L80, M|27/246\n|move|p1a: Masquerain|Sticky Web|p2a: Greninja\n|-sidestart|p2: Yan's Thighs Crush|move: Sticky Web\n|\n|upkeep\n|turn|16\n|\n|t:|1733883181\n|move|p2a: Greninja|Ice Beam|p1a: Masquerain\n|-start|p2a: Greninja|typechange|Ice|[from] ability: Protean\n|-supereffective|p1a: Masquerain\n|-damage|p1a: Masquerain|7/264\n|-damage|p2a: Greninja|3/246|[from] item: Life Orb\n|move|p1a: Masquerain|Bug Buzz|p2a: Greninja\n|-damage|p2a: Greninja|0 fnt\n|faint|p2a: Greninja\n|\n|upkeep\n|\n|t:|1733883192\n|switch|p2a: Latias|Latias, L79, F|256/256\n|turn|17\n|\n|t:|1733883196\n|move|p2a: Latias|Psyshock|p1a: Masquerain\n|-damage|p1a: Masquerain|0 fnt\n|faint|p1a: Masquerain\n|\n|upkeep\n|\n|t:|1733883205\n|switch|p1a: Mamoswine|Mamoswine, L81, F|163/311\n|-damage|p1a: Mamoswine|125/311|[from] Stealth Rock\n|turn|18\n|\n|t:|1733883215\n|move|p1a: Mamoswine|Ice Shard|p2a: Latias\n|-supereffective|p2a: Latias\n|-damage|p2a: Latias|100/256\n|move|p2a: Latias|Psyshock|p1a: Mamoswine\n|-damage|p1a: Mamoswine|8/311\n|\n|upkeep\n|turn|19\n|\n|t:|1733883222\n|switch|p2a: Lunala|Lunala, L70|218/308\n|-activate|p2a: Lunala|move: Sticky Web\n|-unboost|p2a: Lunala|spe|1\n|move|p1a: Mamoswine|Ice Shard|p2a: Lunala\n|-damage|p2a: Lunala|124/308\n|\n|-heal|p2a: Lunala|143/308|[from] item: Leftovers\n|upkeep\n|turn|20\n|\n|t:|1733883233\n|move|p1a: Mamoswine|Ice Shard|p2a: Lunala\n|-damage|p2a: Lunala|50/308\n|move|p2a: Lunala|Moonblast|p1a: Mamoswine\n|-damage|p1a: Mamoswine|0 fnt\n|faint|p1a: Mamoswine\n|\n|-heal|p2a: Lunala|69/308|[from] item: Leftovers\n|upkeep\n|\n|t:|1733883235\n|switch|p1a: Persian|Persian, L92, F|269/269\n|-damage|p1a: Persian|236/269|[from] Stealth Rock\n|turn|21\n|\n|t:|1733883246\n|move|p1a: Persian|Knock Off|p2a: Lunala\n|-supereffective|p2a: Lunala\n|-damage|p2a: Lunala|0 fnt\n|-enditem|p2a: Lunala|Leftovers|[from] move: Knock Off|[of] p1a: Persian\n|faint|p2a: Lunala\n|\n|upkeep\n|\n|t:|1733883251\n|switch|p2a: Latias|Latias, L79, F|100/256\n|turn|22\n|\n|t:|1733883254\n|-terastallize|p1a: Persian|Normal\n|move|p1a: Persian|Knock Off|p2a: Latias\n|-supereffective|p2a: Latias\n|-damage|p2a: Latias|0 fnt\n|-enditem|p2a: Latias|Soul Dew|[from] move: Knock Off|[of] p1a: Persian\n|faint|p2a: Latias\n|\n|win|ConfidentialInfo4\n|raw|ConfidentialInfo4's rating: 1382 &rarr; <strong>1400</strong><br />(+18 for winning)\n|raw|Yan&apos;s Thighs Crush's rating: 1344 &rarr; <strong>1326</strong><br />(-18 for losing)\n|l|\u2606Yan's Thighs Crush\n|player|p2|\n", "inputlog": ">version bfd83cad13791eb5a5a409923076391caf6fb4d4\n>start {\"formatid\":\"gen9randombattle\",\"seed\":[54721,54556,482,51802],\"rated\":\"Rated battle\"}\n>player p1 {\"name\":\"ConfidentialInfo4\",\"avatar\":\"102\",\"rating\":1382,\"seed\":[14116,44098,51593,65212]}\n>player p2 {\"name\":\"Yan's Thighs Crush\",\"avatar\":\"acetrainerf\",\"rating\":1344,\"seed\":[15908,16059,23527,29280]}\n>p1 move knockoff\n>p2 move thunderwave\n>p1 move knockoff\n>p2 move bodypress\n>p1 move knockoff\n>p2 move bodypress\n>p2 switch 3\n>p1 switch 6\n>p2 move hydropump\n>p1 move doubleedge\n>p2 move hydropump\n>p1 move doubleedge\n>p2 move hydropump\n>p1 switch 6\n>p1 move iceshard\n>p2 switch 5\n>p1 switch 4\n>p2 move quiverdance\n>p1 move heavyslam\n>p2 move terablast terastallize\n>p2 switch 6\n>p1 move heavyslam\n>p2 move stoneaxe\n>p1 switch 3\n>p1 move dragondance\n>p2 move stoneaxe\n>p1 move heavyslam\n>p2 move stoneaxe\n>p1 move heavyslam\n>p2 move xscissor\n>p2 switch 2\n>p1 move outrage\n>p2 move moonblast\n>p1 switch 5\n>p1 move stickyweb\n>p2 switch 5\n>p1 move bugbuzz\n>p2 move icebeam\n>p2 switch 4\n>p1 move bugbuzz\n>p2 move psyshock\n>p1 switch 4\n>p1 move iceshard\n>p2 move psyshock\n>p1 move iceshard\n>p2 switch 5\n>p1 move iceshard\n>p2 move moonblast\n>p1 switch 2\n>p1 move knockoff\n>p2 move moonblast\n>p2 switch 5\n>p1 move knockoff terastallize\n>p2 move dracometeor", "uploadtime": 1733883259, "views": 2, "formatid": "gen9randombattle", "rating": 1326, "private": 0, "password": null}