{"id": "gen9randombattle-2260738921", "format": "[Gen 9] Random Battle", "players": ["SergioFCF", "Cjski1996"], "log": "|j|\u2606SergioFCF\n|j|\u2606Cjski1996\n|t:|1733885154\n|gametype|singles\n|player|p1|SergioFCF|n|1365\n|player|p2|Cjski1996|colress|1395\n|teamsize|p1|6\n|teamsize|p2|6\n|gen|9\n|tier|[Gen 9] Random Battle\n|rated|\n|rule|Species Clause: Limit one of each Pok\u00e9mon\n|rule|HP Percentage Mod: HP is shown in percentages\n|rule|Sleep Clause Mod: Limit one foe put to sleep\n|rule|Illusion Level Mod: Illusion disguises the Pok\u00e9mon's true level\n|\n|t:|1733885154\n|start\n|switch|p1a: Farigiraf|Farigiraf, L91, M|366/366\n|switch|p2a: Moltres|Moltres, L81|278/278\n|turn|1\n|inactive|Battle timer is ON: inactive players will automatically lose when time's up. (requested by Cjski1996)\n|\n|t:|1733885165\n|move|p2a: Moltres|U-turn|p1a: Farigiraf\n|-supereffective|p1a: Farigiraf\n|-damage|p1a: Farigiraf|260/366\n|\n|t:|1733885166\n|switch|p2a: Skuntank|Skuntank, L84, M|310/310|[from] U-turn\n|move|p1a: Farigiraf|Future Sight|p2a: Skuntank\n|-start|p1a: Farigiraf|move: Future Sight\n|\n|-heal|p1a: Farigiraf|282/366|[from] item: Leftovers\n|upkeep\n|turn|2\n|\n|t:|1733885182\n|switch|p1a: Okidogi|Okidogi, L77, M|262/262\n|move|p2a: Skuntank|Taunt|p1a: Okidogi\n|-start|p1a: Okidogi|move: Taunt\n|\n|upkeep\n|turn|3\n|\n|t:|1733885198\n|move|p2a: Skuntank|Knock Off|p1a: Okidogi\n|-resisted|p1a: Okidogi\n|-crit|p1a: Okidogi\n|-damage|p1a: Okidogi|175/262\n|-enditem|p1a: Okidogi|Assault Vest|[from] move: Knock Off|[of] p2a: Skuntank\n|-damage|p2a: Skuntank|279/310|[from] item: Life Orb\n|move|p1a: Okidogi|Knock Off|p2a: Skuntank\n|-resisted|p2a: Skuntank\n|-damage|p2a: Skuntank|233/310\n|-enditem|p2a: Skuntank|Life Orb|[from] move: Knock Off|[of] p1a: Okidogi\n|\n|-end|p2a: Skuntank|move: Future Sight\n|-immune|p2a: Skuntank\n|upkeep\n|turn|4\n|\n|t:|1733885209\n|move|p2a: Skuntank|Gunk Shot|p1a: Okidogi\n|-resisted|p1a: Okidogi\n|-damage|p1a: Okidogi|121/262\n|move|p1a: Okidogi|Drain Punch|p2a: Skuntank\n|-damage|p2a: Skuntank|130/310\n|-heal|p1a: Okidogi|173/262|[from] drain|[of] p2a: Skuntank\n|\n|-end|p1a: Okidogi|move: Taunt\n|upkeep\n|turn|5\n|\n|t:|1733885231\n|switch|p2a: Moltres|Moltres, L81|278/278\n|switch|p1a: Scizor|Scizor, L79, F|240/240\n|\n|upkeep\n|turn|6\n|inactive|SergioFCF has 120 seconds left.\n|\n|t:|1733885267\n|switch|p1a: Furret|Furret, L94, M|312/312\n|-item|p2a: Moltres|Heavy-Duty Boots|[from] ability: Frisk|[of] p1a: Furret\n|move|p2a: Moltres|Fire Blast|p1a: Furret\n|-damage|p1a: Furret|137/312\n|-status|p1a: Furret|brn\n|\n|-damage|p1a: Furret|118/312 brn|[from] brn\n|upkeep\n|turn|7\n|\n|t:|1733885282\n|move|p1a: Furret|Knock Off|p2a: Moltres\n|-damage|p2a: Moltres|229/278\n|-enditem|p2a: Moltres|Heavy-Duty Boots|[from] move: Knock Off|[of] p1a: Furret\n|-damage|p1a: Furret|87/312 brn|[from] item: Life Orb\n|move|p2a: Moltres|Brave Bird|p1a: Furret\n|-damage|p1a: Furret|0 fnt\n|faint|p1a: Furret\n|-damage|p2a: Moltres|200/278|[from] Recoil\n|\n|upkeep\n|\n|t:|1733885293\n|switch|p1a: Inteleon|Inteleon, L81, M|246/246\n|turn|8\n|\n|t:|1733885308\n|move|p1a: Inteleon|Scald|p2a: Moltres\n|-supereffective|p2a: Moltres\n|-damage|p2a: Moltres|0 fnt\n|faint|p2a: Moltres\n|\n|upkeep\n|\n|t:|1733885328\n|switch|p2a: Komala|Komala, L89, M|260/260\n|-ability|p2a: Komala|Comatose\n|turn|9\n|\n|t:|1733885334\n|move|p2a: Komala|Earthquake|p1a: Inteleon\n|-damage|p1a: Inteleon|126/246\n|move|p1a: Inteleon|Scald|p2a: Komala\n|-damage|p2a: Komala|140/260\n|\n|upkeep\n|turn|10\n|inactive|SergioFCF has 120 seconds left.\n|\n|t:|1733885340\n|move|p2a: Komala|Earthquake|p1a: Inteleon\n|-damage|p1a: Inteleon|4/246\n|move|p1a: Inteleon|Scald|p2a: Komala\n|-damage|p2a: Komala|0 fnt\n|faint|p2a: Komala\n|\n|upkeep\n|\n|t:|1733885346\n|switch|p2a: Skuntank|Skuntank, L84, M|130/310\n|turn|11\n|\n|t:|1733885351\n|move|p2a: Skuntank|Sucker Punch|p1a: Inteleon\n|-damage|p1a: Inteleon|0 fnt\n|faint|p1a: Inteleon\n|\n|upkeep\n|\n|t:|1733885355\n|switch|p1a: Scizor|Scizor, L79, F|240/240\n|turn|12\n|\n|t:|1733885362\n|move|p2a: Skuntank|Sucker Punch||[still]\n|-fail|p2a: Skuntank\n|move|p1a: Scizor|Swords Dance|p1a: Scizor\n|-boost|p1a: Scizor|atk|2\n|\n|upkeep\n|turn|13\n|\n|t:|1733885373\n|move|p2a: Skuntank|Knock Off|p1a: Scizor\n|-damage|p1a: Scizor|149/240\n|-enditem|p1a: Scizor|Life Orb|[from] move: Knock Off|[of] p2a: Skuntank\n|move|p1a: Scizor|Swords Dance|p1a: Scizor\n|-boost|p1a: Scizor|atk|2\n|\n|upkeep\n|turn|14\n|\n|t:|1733885388\n|move|p2a: Skuntank|Sucker Punch|p1a: Scizor\n|-damage|p1a: Scizor|80/240\n|move|p1a: Scizor|Bug Bite|p2a: Skuntank\n|-damage|p2a: Skuntank|0 fnt\n|-damage|p1a: Scizor|20/240|[from] ability: Aftermath|[of] p2a: Skuntank\n|faint|p2a: Skuntank\n|\n|upkeep\n|\n|t:|1733885398\n|switch|p2a: Reshiram|Reshiram, L76|277/277\n|-ability|p2a: Reshiram|Turboblaze\n|turn|15\n|\n|t:|1733885411\n|move|p1a: Scizor|Bullet Punch|p2a: Reshiram\n|-resisted|p2a: Reshiram\n|-damage|p2a: Reshiram|168/277\n|move|p2a: Reshiram|Flare Blitz|p1a: Scizor\n|-supereffective|p1a: Scizor\n|-damage|p1a: Scizor|0 fnt\n|faint|p1a: Scizor\n|-damage|p2a: Reshiram|161/277|[from] Recoil\n|\n|upkeep\n|\n|t:|1733885423\n|switch|p1a: Farigiraf|Farigiraf, L91, M|282/366\n|turn|16\n|\n|t:|1733885428\n|move|p2a: Reshiram|Dragon Dance|p2a: Reshiram\n|-boost|p2a: Reshiram|atk|1\n|-boost|p2a: Reshiram|spe|1\n|move|p1a: Farigiraf|Future Sight|p2a: Reshiram\n|-start|p1a: Farigiraf|move: Future Sight\n|\n|-heal|p1a: Farigiraf|304/366|[from] item: Leftovers\n|upkeep\n|turn|17\n|\n|t:|1733885439\n|move|p2a: Reshiram|Dragon Dance|p2a: Reshiram\n|-boost|p2a: Reshiram|atk|1\n|-boost|p2a: Reshiram|spe|1\n|move|p1a: Farigiraf|Hyper Voice|p2a: Reshiram\n|-damage|p2a: Reshiram|56/277\n|\n|-heal|p1a: Farigiraf|326/366|[from] item: Leftovers\n|upkeep\n|turn|18\n|\n|t:|1733885449\n|move|p1a: Farigiraf|Protect|p1a: Farigiraf\n|-singleturn|p1a: Farigiraf|Protect\n|move|p2a: Reshiram|Outrage|p1a: Farigiraf\n|-activate|p1a: Farigiraf|move: Protect\n|\n|-end|p2a: Reshiram|move: Future Sight\n|-damage|p2a: Reshiram|0 fnt\n|faint|p2a: Reshiram\n|-heal|p1a: Farigiraf|348/366|[from] item: Leftovers\n|upkeep\n|\n|t:|1733885453\n|switch|p2a: Farigiraf|Farigiraf, L91, M|366/366\n|turn|19\n|c|\u2606SergioFCF|lmao\n|\n|t:|1733885472\n|move|p1a: Farigiraf|Future Sight|p2a: Farigiraf\n|-start|p1a: Farigiraf|move: Future Sight\n|move|p2a: Farigiraf|Body Slam|p1a: Farigiraf\n|-damage|p1a: Farigiraf|240/366\n|\n|-heal|p1a: Farigiraf|262/366|[from] item: Leftovers\n|upkeep\n|turn|20\n|\n|t:|1733885480\n|move|p2a: Farigiraf|Body Slam|p1a: Farigiraf\n|-damage|p1a: Farigiraf|160/366\n|-status|p1a: Farigiraf|par\n|move|p1a: Farigiraf|Hyper Voice|p2a: Farigiraf\n|-damage|p2a: Farigiraf|227/366\n|\n|-heal|p2a: Farigiraf|249/366|[from] item: Leftovers\n|-heal|p1a: Farigiraf|182/366 par|[from] item: Leftovers\n|upkeep\n|turn|21\n|\n|t:|1733885491\n|move|p2a: Farigiraf|Wish|p2a: Farigiraf\n|move|p1a: Farigiraf|Wish|p1a: Farigiraf\n|\n|-end|p2a: Farigiraf|move: Future Sight\n|-resisted|p2a: Farigiraf\n|-damage|p2a: Farigiraf|163/366\n|-heal|p2a: Farigiraf|185/366|[from] item: Leftovers\n|-heal|p1a: Farigiraf|204/366 par|[from] item: Leftovers\n|upkeep\n|turn|22\n|\n|t:|1733885500\n|move|p2a: Farigiraf|Body Slam|p1a: Farigiraf\n|-damage|p1a: Farigiraf|89/366 par\n|move|p1a: Farigiraf|Hyper Voice|p2a: Farigiraf\n|-damage|p2a: Farigiraf|43/366\n|\n|-heal|p2a: Farigiraf|226/366|[from] move: Wish|[wisher] Farigiraf\n|-heal|p1a: Farigiraf|272/366 par|[from] move: Wish|[wisher] Farigiraf\n|-heal|p2a: Farigiraf|248/366|[from] item: Leftovers\n|-heal|p1a: Farigiraf|294/366 par|[from] item: Leftovers\n|upkeep\n|turn|23\n|c|\u2606Cjski1996|You know what I'm gonna do us both a favoor\n|-message|Cjski1996 forfeited.\n|\n|win|SergioFCF\n|raw|SergioFCF's rating: 1365 &rarr; <strong>1387</strong><br />(+22 for winning)\n|raw|Cjski1996's rating: 1395 &rarr; <strong>1373</strong><br />(-22 for losing)\n|l|\u2606Cjski1996\n|player|p2|\n", "inputlog": ">version bfd83cad13791eb5a5a409923076391caf6fb4d4\n>start {\"formatid\":\"gen9randombattle\",\"seed\":[23526,61080,15919,22772],\"rated\":\"Rated battle\"}\n>player p1 {\"name\":\"SergioFCF\",\"avatar\":\"n\",\"rating\":1365,\"seed\":[19370,33832,18387,12817]}\n>player p2 {\"name\":\"Cjski1996\",\"avatar\":\"colress\",\"rating\":1395,\"seed\":[27555,26569,18710,32739]}\n>p1 move futuresight\n>p2 move uturn\n>p2 switch 2\n>p1 switch 4\n>p2 move taunt\n>p1 move knockoff\n>p2 move knockoff\n>p1 move drainpunch\n>p2 move gunkshot\n>p1 switch 3\n>p2 switch 2\n>p1 switch 2\n>p2 move fireblast\n>p1 move knockoff\n>p2 move bravebird\n>p1 switch 5\n>p1 move scald\n>p2 move uturn\n>p2 switch 4\n>p1 move scald\n>p2 move earthquake\n>p1 move scald\n>p2 move earthquake\n>p2 switch 2\n>p1 move scald\n>p2 move suckerpunch\n>p1 switch 2\n>p1 move swordsdance\n>p2 move suckerpunch\n>p1 move swordsdance\n>p2 move knockoff\n>p1 move bugbite\n>p2 move suckerpunch\n>p2 switch 5\n>p1 move bulletpunch\n>p2 move flareblitz\n>p1 switch 4\n>p1 move futuresight\n>p2 move dragondance\n>p1 move hypervoice\n>p2 move dragondance\n>p1 move protect\n>p2 move outrage\n>p2 switch 6\n>chat \u2606SergioFCF|lmao\n>p1 move futuresight\n>p2 move bodyslam\n>p1 move hypervoice\n>p2 move bodyslam\n>p1 move wish\n>p2 move wish\n>p1 move hypervoice\n>p2 move bodyslam\n>chat \u2606Cjski1996|You know what I'm gonna do us both a favoor\n>forcelose p2", "uploadtime": 1733885565, "views": 9, "formatid": "gen9randombattle", "rating": 1373, "private": 0, "password": null}