{"id": "gen9randombattle-2202533468", "format": "[Gen 9] Random Battle", "players": ["RBLT yerdunc", "RBLT Pokevin"], "log": "|badge|p1|silver|gen9randombattle|30-2\n|uhtml|medal-msg|<div class=\"broadcast-blue\">Curious what those medals under the avatar are? PS now has Ladder Seasons! For more information, check out the <a href=\"https://www.smogon.com/forums/threads/3740067/\">thread on Smogon.</a></div>\n|badge|p2|bronze|gen9randombattle|100-2\n|uhtml|medal-msg|<div class=\"broadcast-blue\">Curious what those medals under the avatar are? PS now has Ladder Seasons! For more information, check out the <a href=\"https://www.smogon.com/forums/threads/3740067/\">thread on Smogon.</a></div>\n|raw|<div class=\"broadcast-blue\"><strong>This battle is required to be public due to a player having a name starting with 'rblt'.</div>\n|j|\u2606RBLT yerdunc\n|j|\u2606RBLT Pokevin\n|t:|1726453345\n|gametype|singles\n|player|p1|RBLT yerdunc|ethan|2487\n|player|p2|RBLT Pokevin|n-masters|2444\n|teamsize|p1|6\n|teamsize|p2|6\n|gen|9\n|tier|[Gen 9] Random Battle\n|rated|\n|rule|Species Clause: Limit one of each Pok\u00e9mon\n|rule|HP Percentage Mod: HP is shown in percentages\n|rule|Sleep Clause Mod: Limit one foe put to sleep\n|rule|Illusion Level Mod: Illusion disguises the Pok\u00e9mon's true level\n|\n|t:|1726453345\n|start\n|switch|p1a: Calyrex|Calyrex, L93|337/337\n|switch|p2a: Sawsbuck|Sawsbuck-Summer, L88, F|284/284\n|-ability|p1a: Calyrex|Unnerve\n|turn|1\n|\n|t:|1726453361\n|move|p2a: Sawsbuck|Swords Dance|p2a: Sawsbuck\n|-boost|p2a: Sawsbuck|atk|2\n|move|p1a: Calyrex|Psychic|p2a: Sawsbuck\n|-damage|p2a: Sawsbuck|167/284\n|\n|upkeep\n|turn|2\n|inactive|Battle timer is ON: inactive players will automatically lose when time's up. (requested by RBLT Pokevin)\n|j| tommy ege\n|\n|t:|1726453390\n|move|p2a: Sawsbuck|Headbutt|p1a: Calyrex\n|-damage|p1a: Calyrex|117/337\n|-damage|p2a: Sawsbuck|139/284|[from] item: Life Orb\n|move|p1a: Calyrex|Psychic|p2a: Sawsbuck\n|-damage|p2a: Sawsbuck|30/284\n|\n|-heal|p1a: Calyrex|138/337|[from] item: Leftovers\n|upkeep\n|turn|3\n|\n|t:|1726453400\n|switch|p1a: Mimikyu|Mimikyu, L79, M|216/216\n|move|p2a: Sawsbuck|Headbutt|p1a: Mimikyu\n|-immune|p1a: Mimikyu\n|\n|upkeep\n|turn|4\n|\n|t:|1726453407\n|move|p2a: Sawsbuck|Horn Leech|p1a: Mimikyu\n|-activate|p1a: Mimikyu|ability: Disguise\n|-damage|p1a: Mimikyu|216/216\n|detailschange|p1a: Mimikyu|Mimikyu-Busted, L79, M\n|-damage|p1a: Mimikyu|189/216|[from] pokemon: Mimikyu-Busted\n|-damage|p2a: Sawsbuck|2/284|[from] item: Life Orb\n|move|p1a: Mimikyu|Drain Punch|p2a: Sawsbuck\n|-supereffective|p2a: Sawsbuck\n|-crit|p2a: Sawsbuck\n|-damage|p2a: Sawsbuck|0 fnt\n|-heal|p1a: Mimikyu|190/216|[from] drain|[of] p2a: Sawsbuck\n|faint|p2a: Sawsbuck\n|-damage|p1a: Mimikyu|169/216|[from] item: Life Orb\n|\n|upkeep\n|\n|t:|1726453417\n|switch|p2a: Basculin|Basculin-Blue-Striped, L86, F|261/261\n|turn|5\n|\n|t:|1726453424\n|switch|p1a: Calyrex|Calyrex, L93|138/337\n|-ability|p1a: Calyrex|Unnerve\n|move|p2a: Basculin|Wave Crash|p1a: Calyrex\n|-resisted|p1a: Calyrex\n|-damage|p1a: Calyrex|21/337\n|-damage|p2a: Basculin|222/261|[from] Recoil\n|\n|-heal|p1a: Calyrex|42/337|[from] item: Leftovers\n|upkeep\n|turn|6\n|\n|t:|1726453450\n|switch|p1a: Blissey|Blissey, L84, F|566/566\n|move|p2a: Basculin|Wave Crash|p1a: Blissey\n|-damage|p1a: Blissey|0 fnt\n|faint|p1a: Blissey\n|-damage|p2a: Basculin|35/261|[from] Recoil\n|\n|upkeep\n|\n|t:|1726453459\n|switch|p1a: Mimikyu|Mimikyu-Busted, L79, M|169/216\n|turn|7\n|\n|t:|1726453471\n|switch|p2a: Abomasnow|Abomasnow, L85, F|291/291\n|-weather|Snow|[from] ability: Snow Warning|[of] p2a: Abomasnow\n|move|p1a: Mimikyu|Shadow Sneak|p2a: Abomasnow\n|-damage|p2a: Abomasnow|255/291\n|-damage|p1a: Mimikyu|148/216|[from] item: Life Orb\n|\n|-weather|Snow|[upkeep]\n|upkeep\n|turn|8\n|\n|t:|1726453485\n|move|p1a: Mimikyu|Drain Punch|p2a: Abomasnow\n|-supereffective|p2a: Abomasnow\n|-damage|p2a: Abomasnow|169/291\n|-heal|p1a: Mimikyu|191/216|[from] drain|[of] p2a: Abomasnow\n|-damage|p1a: Mimikyu|170/216|[from] item: Life Orb\n|move|p2a: Abomasnow|Wood Hammer|p1a: Mimikyu\n|-damage|p1a: Mimikyu|26/216\n|-damage|p2a: Abomasnow|121/291|[from] Recoil\n|\n|-weather|Snow|[upkeep]\n|upkeep\n|turn|9\n|\n|t:|1726453496\n|switch|p1a: Emboar|Emboar, L84, M|322/322\n|move|p2a: Abomasnow|Ice Shard|p1a: Emboar\n|-resisted|p1a: Emboar\n|-damage|p1a: Emboar|293/322\n|\n|-weather|Snow|[upkeep]\n|-heal|p1a: Emboar|313/322|[from] item: Leftovers\n|upkeep\n|turn|10\n|j| rb LTG99\n|\n|t:|1726453513\n|move|p1a: Emboar|Bulk Up|p1a: Emboar\n|-boost|p1a: Emboar|atk|1\n|-boost|p1a: Emboar|def|1\n|move|p2a: Abomasnow|Earthquake|p1a: Emboar\n|-supereffective|p1a: Emboar\n|-damage|p1a: Emboar|189/322\n|\n|-weather|Snow|[upkeep]\n|-heal|p1a: Emboar|209/322|[from] item: Leftovers\n|upkeep\n|turn|11\n|\n|t:|1726453536\n|switch|p2a: Deoxys|Deoxys-Attack, L72|191/191\n|-ability|p2a: Deoxys|Pressure\n|move|p1a: Emboar|Trailblaze|p2a: Deoxys\n|-damage|p2a: Deoxys|30/191\n|-boost|p1a: Emboar|spe|1\n|\n|-weather|none\n|-heal|p1a: Emboar|229/322|[from] item: Leftovers\n|upkeep\n|turn|12\n|inactive|RBLT Pokevin has 120 seconds left.\n|\n|t:|1726453555\n|switch|p1a: Calyrex|Calyrex, L93|42/337\n|-ability|p1a: Calyrex|Unnerve\n|move|p2a: Deoxys|Psycho Boost|p1a: Calyrex|[miss]\n|-miss|p2a: Deoxys|p1a: Calyrex\n|\n|-heal|p1a: Calyrex|63/337|[from] item: Leftovers\n|upkeep\n|turn|13\n|\n|t:|1726453562\n|move|p2a: Deoxys|Knock Off|p1a: Calyrex\n|-supereffective|p1a: Calyrex\n|-damage|p1a: Calyrex|0 fnt\n|-enditem|p1a: Calyrex|Leftovers|[from] move: Knock Off|[of] p2a: Deoxys\n|faint|p1a: Calyrex\n|-damage|p2a: Deoxys|11/191|[from] item: Life Orb\n|\n|upkeep\n|\n|t:|1726453566\n|switch|p1a: Mimikyu|Mimikyu-Busted, L79, M|26/216\n|turn|14\n|\n|t:|1726453575\n|switch|p2a: Abomasnow|Abomasnow, L85, F|121/291\n|-weather|Snow|[from] ability: Snow Warning|[of] p2a: Abomasnow\n|move|p1a: Mimikyu|Play Rough|p2a: Abomasnow\n|-damage|p2a: Abomasnow|43/291\n|-damage|p1a: Mimikyu|5/216|[from] item: Life Orb\n|\n|-weather|Snow|[upkeep]\n|upkeep\n|turn|15\n|\n|t:|1726453606\n|move|p1a: Mimikyu|Drain Punch|p2a: Abomasnow\n|-supereffective|p2a: Abomasnow\n|-damage|p2a: Abomasnow|0 fnt\n|-heal|p1a: Mimikyu|27/216|[from] drain|[of] p2a: Abomasnow\n|faint|p2a: Abomasnow\n|-damage|p1a: Mimikyu|6/216|[from] item: Life Orb\n|\n|-weather|Snow|[upkeep]\n|upkeep\n|\n|t:|1726453612\n|switch|p2a: Beartic|Beartic, L91, F|321/321\n|turn|16\n|\n|t:|1726453620\n|move|p2a: Beartic|Aqua Jet|p1a: Mimikyu\n|-damage|p1a: Mimikyu|0 fnt\n|faint|p1a: Mimikyu\n|\n|-weather|Snow|[upkeep]\n|upkeep\n|\n|t:|1726453628\n|switch|p1a: Emboar|Emboar, L84, M|229/322\n|turn|17\n|\n|t:|1726453634\n|move|p2a: Beartic|Earthquake|p1a: Emboar\n|-supereffective|p1a: Emboar\n|-damage|p1a: Emboar|0 fnt\n|faint|p1a: Emboar\n|\n|-weather|Snow|[upkeep]\n|upkeep\n|j| zAaronz\n|\n|t:|1726453647\n|switch|p1a: Landorus|Landorus-Therian, L76, M|260/260\n|-ability|p1a: Landorus|Intimidate|boost\n|-unboost|p2a: Beartic|atk|1\n|turn|18\n|j| fk my chungus life\n|j| Garbangabean\n|\n|t:|1726453661\n|switch|p2a: Deoxys|Deoxys-Attack, L72|11/191\n|-ability|p2a: Deoxys|Pressure\n|-terastallize|p1a: Landorus|Water\n|move|p1a: Landorus|Stealth Rock|p2a: Deoxys\n|-sidestart|p2: RBLT Pokevin|move: Stealth Rock\n|\n|-weather|none\n|upkeep\n|turn|19\n|l| Garbangabean\n|\n|t:|1726453666\n|switch|p1a: Vikavolt|Vikavolt, L83, F|263/263\n|move|p2a: Deoxys|Psycho Boost|p1a: Vikavolt|[miss]\n|-miss|p2a: Deoxys|p1a: Vikavolt\n|\n|upkeep\n|turn|20\n|\n|t:|1726453676\n|move|p2a: Deoxys|Psycho Boost|p1a: Vikavolt\n|-damage|p1a: Vikavolt|0 fnt\n|-unboost|p2a: Deoxys|spa|2\n|faint|p1a: Vikavolt\n|-damage|p2a: Deoxys|0 fnt|[from] item: Life Orb\n|faint|p2a: Deoxys\n|\n|upkeep\n|\n|t:|1726453688\n|switch|p2a: Sylveon|Sylveon, L85, F|300/300\n|switch|p1a: Landorus|Landorus-Therian, L76, M, tera:Water|260/260\n|-ability|p1a: Landorus|Intimidate|boost\n|-unboost|p2a: Sylveon|atk|1\n|-damage|p2a: Sylveon|263/300|[from] Stealth Rock\n|turn|21\n|\n|t:|1726453698\n|move|p2a: Sylveon|Protect|p2a: Sylveon\n|-singleturn|p2a: Sylveon|Protect\n|move|p1a: Landorus|Earthquake|p2a: Sylveon\n|-activate|p2a: Sylveon|move: Protect\n|\n|-heal|p2a: Sylveon|281/300|[from] item: Leftovers\n|upkeep\n|turn|22\n|\n|t:|1726453701\n|move|p1a: Landorus|Earthquake|p2a: Sylveon\n|-damage|p2a: Sylveon|122/300\n|move|p2a: Sylveon|Hyper Voice|p1a: Landorus\n|-damage|p1a: Landorus|97/260\n|\n|-heal|p1a: Landorus|113/260|[from] item: Leftovers\n|-heal|p2a: Sylveon|140/300|[from] item: Leftovers\n|upkeep\n|turn|23\n|inactive|RBLT Pokevin has 120 seconds left.\n|j| Relinqu1shed\n|j| chicosigma\n|\n|t:|1726453743\n|move|p1a: Landorus|Earthquake|p2a: Sylveon\n|-damage|p2a: Sylveon|0 fnt\n|faint|p2a: Sylveon\n|\n|-heal|p1a: Landorus|129/260|[from] item: Leftovers\n|upkeep\n|\n|t:|1726453746\n|switch|p2a: Basculin|Basculin-Blue-Striped, L86, F|35/261\n|-damage|p2a: Basculin|3/261|[from] Stealth Rock\n|turn|24\n|inactive|RBLT Pokevin has 120 seconds left.\n|\n|t:|1726453757\n|-terastallize|p2a: Basculin|Water\n|move|p2a: Basculin|Wave Crash|p1a: Landorus\n|-resisted|p1a: Landorus\n|-damage|p1a: Landorus|0 fnt\n|faint|p1a: Landorus\n|-damage|p2a: Basculin|0 fnt|[from] Recoil\n|faint|p2a: Basculin\n|\n|win|RBLT Pokevin\n|raw|RBLT yerdunc's rating: 2487 &rarr; <strong>2465</strong><br />(-22 for losing)\n|raw|RBLT Pokevin's rating: 2444 &rarr; <strong>2466</strong><br />(+22 for winning)\n|l|\u2606RBLT yerdunc\n|player|p1|\n|l| rb LTG99\n|l| fk my chungus life\n", "inputlog": ">version abcf08933808d3fb39dbc2b54a8665d830b47482\n>start {\"formatid\":\"gen9randombattle\",\"seed\":[20169,16263,62188,24023],\"rated\":\"Rated battle\"}\n>player p1 {\"name\":\"RBLT yerdunc\",\"avatar\":\"ethan\",\"rating\":2487,\"seed\":[24366,16038,27344,59032]}\n>player p2 {\"name\":\"RBLT Pokevin\",\"avatar\":\"n-masters\",\"rating\":2444,\"seed\":[32962,57398,50633,50426]}\n>p1 move psychic\n>p2 move swordsdance\n>p1 move psychic\n>p2 move headbutt\n>p1 switch 6\n>p2 move headbutt\n>p1 move drainpunch\n>p2 move hornleech\n>p2 switch 6\n>p1 switch 6\n>p2 move wavecrash\n>p1 switch 3\n>p2 move wavecrash\n>p1 switch 6\n>p1 move shadowsneak\n>p2 switch 5\n>p1 move drainpunch\n>p2 move woodhammer\n>p1 switch 4\n>p2 move iceshard\n>p1 move bulkup\n>p2 move earthquake\n>p1 move trailblaze\n>p2 switch 4\n>p1 switch 3\n>p2 move psychoboost\n>p1 move psychic\n>p2 move knockoff\n>p1 switch 4\n>p1 move playrough\n>p2 switch 4\n>p1 move drainpunch\n>p2 move earthquake\n>p2 switch 2\n>p1 move drainpunch\n>p2 move aquajet\n>p1 switch 3\n>p1 move drainpunch\n>p2 move earthquake\n>p1 switch 2\n>p1 move stealthrock terastallize\n>p2 switch 4\n>p1 switch 5\n>p2 move psychoboost\n>p1 move stickyweb\n>p2 move psychoboost\n>p1 switch 5\n>p2 switch 3\n>p1 move earthquake\n>p2 move protect\n>p1 move earthquake\n>p2 move hypervoice\n>p1 move earthquake\n>p2 move hypervoice\n>p2 switch 5\n>p1 move earthquake\n>p2 move wavecrash terastallize", "uploadtime": 1726453773, "views": 123, "formatid": "gen9randombattle", "rating": 2465, "private": 0, "password": null}