{"id": "gen9randombattle-2260652939", "format": "[Gen 9] Random Battle", "players": ["Kilatas", "lolerman1234"], "log": "|j|\u2606Kilatas\n|j|\u2606lolerman1234\n|t:|1733874147\n|gametype|singles\n|player|p1|Kilatas|policeman|1299\n|player|p2|lolerman1234|169|1264\n|teamsize|p1|6\n|teamsize|p2|6\n|gen|9\n|tier|[Gen 9] Random Battle\n|rated|\n|rule|Species Clause: Limit one of each Pok\u00e9mon\n|rule|HP Percentage Mod: HP is shown in percentages\n|rule|Sleep Clause Mod: Limit one foe put to sleep\n|rule|Illusion Level Mod: Illusion disguises the Pok\u00e9mon's true level\n|\n|t:|1733874147\n|start\n|switch|p1a: Volbeat|Volbeat, L90, M|263/263\n|switch|p2a: Azelf|Azelf, L82|257/257\n|turn|1\n|inactive|Battle timer is ON: inactive players will automatically lose when time's up. (requested by lolerman1234)\n|\n|t:|1733874173\n|move|p1a: Volbeat|Thunder Wave|p2a: Azelf\n|-status|p2a: Azelf|par\n|move|p2a: Azelf|Stealth Rock|p1a: Volbeat\n|-sidestart|p1: Kilatas|move: Stealth Rock\n|\n|upkeep\n|turn|2\n|\n|t:|1733874178\n|move|p1a: Volbeat|Encore|p2a: Azelf\n|-start|p2a: Azelf|Encore\n|move|p2a: Azelf|Stealth Rock||[still]\n|-fail|p2a: Azelf\n|\n|upkeep\n|turn|3\n|\n|t:|1733874183\n|move|p1a: Volbeat|U-turn|p2a: Azelf\n|-supereffective|p2a: Azelf\n|-damage|p2a: Azelf|89/257 par\n|\n|t:|1733874188\n|switch|p1a: Venomoth|Venomoth, L84, M|255/255|[from] U-turn\n|move|p2a: Azelf|Stealth Rock||[still]\n|-fail|p2a: Azelf\n|\n|upkeep\n|turn|4\n|\n|t:|1733874196\n|move|p1a: Venomoth|Quiver Dance|p1a: Venomoth\n|-boost|p1a: Venomoth|spa|1\n|-boost|p1a: Venomoth|spd|1\n|-boost|p1a: Venomoth|spe|1\n|move|p2a: Azelf|Stealth Rock||[still]\n|-fail|p2a: Azelf\n|\n|-end|p2a: Azelf|Encore\n|upkeep\n|turn|5\n|\n|t:|1733874200\n|move|p1a: Venomoth|Bug Buzz|p2a: Azelf\n|-supereffective|p2a: Azelf\n|-damage|p2a: Azelf|0 fnt\n|faint|p2a: Azelf\n|\n|upkeep\n|\n|t:|1733874212\n|switch|p2a: Altaria|Altaria, L88, M|275/275\n|turn|6\n|\n|t:|1733874233\n|move|p1a: Venomoth|Sleep Powder|p2a: Altaria\n|-status|p2a: Altaria|slp|[from] move: Sleep Powder\n|cant|p2a: Altaria|slp\n|\n|upkeep\n|turn|7\n|\n|t:|1733874245\n|-curestatus|p2a: Altaria|slp|[from] ability: Natural Cure\n|switch|p2a: Muk|Muk-Alola, L82, M|306/306\n|move|p1a: Venomoth|Quiver Dance|p1a: Venomoth\n|-boost|p1a: Venomoth|spa|1\n|-boost|p1a: Venomoth|spd|1\n|-boost|p1a: Venomoth|spe|1\n|\n|upkeep\n|turn|8\n|\n|t:|1733874253\n|move|p1a: Venomoth|Bug Buzz|p2a: Muk\n|-damage|p2a: Muk|195/306\n|move|p2a: Muk|Knock Off|p1a: Venomoth\n|-damage|p1a: Venomoth|128/255\n|-enditem|p1a: Venomoth|Heavy-Duty Boots|[from] move: Knock Off|[of] p2a: Muk\n|\n|upkeep\n|turn|9\n|\n|t:|1733874257\n|move|p1a: Venomoth|Quiver Dance|p1a: Venomoth\n|-boost|p1a: Venomoth|spa|1\n|-boost|p1a: Venomoth|spd|1\n|-boost|p1a: Venomoth|spe|1\n|move|p2a: Muk|Ice Punch|p1a: Venomoth\n|-damage|p1a: Venomoth|64/255\n|\n|upkeep\n|turn|10\n|\n|t:|1733874266\n|-terastallize|p1a: Venomoth|Bug\n|move|p1a: Venomoth|Bug Buzz|p2a: Muk\n|-damage|p2a: Muk|9/306\n|move|p2a: Muk|Knock Off|p1a: Venomoth\n|-damage|p1a: Venomoth|0 fnt\n|faint|p1a: Venomoth\n|\n|upkeep\n|\n|t:|1733874276\n|switch|p1a: Minun|Minun, L95, M|268/268\n|-damage|p1a: Minun|235/268|[from] Stealth Rock\n|turn|11\n|\n|t:|1733874281\n|move|p2a: Muk|Shadow Sneak|p1a: Minun\n|-damage|p1a: Minun|200/268\n|move|p1a: Minun|Thunderbolt|p2a: Muk\n|-damage|p2a: Muk|0 fnt\n|faint|p2a: Muk\n|-damage|p1a: Minun|174/268|[from] item: Life Orb\n|\n|upkeep\n|\n|t:|1733874296\n|switch|p2a: Scizor|Scizor, L79, F|240/240\n|turn|12\n|\n|t:|1733874307\n|move|p1a: Minun|Nasty Plot|p1a: Minun\n|-boost|p1a: Minun|spa|2\n|move|p2a: Scizor|Swords Dance|p2a: Scizor\n|-boost|p2a: Scizor|atk|2\n|\n|upkeep\n|turn|13\n|\n|t:|1733874316\n|move|p1a: Minun|Encore|p2a: Scizor\n|-start|p2a: Scizor|Encore\n|move|p2a: Scizor|Swords Dance|p2a: Scizor\n|-boost|p2a: Scizor|atk|2\n|\n|upkeep\n|turn|14\n|\n|t:|1733874328\n|move|p1a: Minun|Thunderbolt|p2a: Scizor\n|-damage|p2a: Scizor|0 fnt\n|faint|p2a: Scizor\n|-damage|p1a: Minun|148/268|[from] item: Life Orb\n|\n|upkeep\n|\n|t:|1733874333\n|switch|p2a: Lugia|Lugia, L72|272/272\n|turn|15\n|\n|t:|1733874339\n|move|p1a: Minun|Thunderbolt|p2a: Lugia\n|-supereffective|p2a: Lugia\n|-damage|p2a: Lugia|80/272\n|-damage|p1a: Minun|122/268|[from] item: Life Orb\n|move|p2a: Lugia|Earth Power|p1a: Minun\n|-supereffective|p1a: Minun\n|-damage|p1a: Minun|42/268\n|\n|upkeep\n|turn|16\n|\n|t:|1733874349\n|move|p1a: Minun|Thunderbolt|p2a: Lugia\n|-supereffective|p2a: Lugia\n|-damage|p2a: Lugia|0 fnt\n|faint|p2a: Lugia\n|-damage|p1a: Minun|16/268|[from] item: Life Orb\n|\n|upkeep\n|\n|t:|1733874352\n|switch|p2a: Altaria|Altaria, L88, M|275/275\n|turn|17\n|\n|t:|1733874357\n|-terastallize|p2a: Altaria|Steel\n|move|p1a: Minun|Thunderbolt|p2a: Altaria\n|-damage|p2a: Altaria|75/275\n|-damage|p1a: Minun|0 fnt|[from] item: Life Orb\n|faint|p1a: Minun\n|move|p2a: Altaria|Roost|p2a: Altaria\n|-heal|p2a: Altaria|213/275\n|\n|upkeep\n|\n|t:|1733874368\n|switch|p1a: Volbeat|Volbeat, L90, M|263/263\n|turn|18\n|\n|t:|1733874374\n|switch|p2a: Dondozo|Dondozo, L78, F|362/362\n|move|p1a: Volbeat|Encore||[still]\n|-fail|p1a: Volbeat\n|\n|upkeep\n|turn|19\n|\n|t:|1733874381\n|move|p1a: Volbeat|Thunder Wave|p2a: Dondozo\n|-status|p2a: Dondozo|par\n|move|p2a: Dondozo|Curse|p2a: Dondozo\n|-unboost|p2a: Dondozo|spe|1\n|-boost|p2a: Dondozo|atk|1\n|-boost|p2a: Dondozo|def|1\n|\n|upkeep\n|turn|20\n|\n|t:|1733874384\n|move|p1a: Volbeat|Encore|p2a: Dondozo\n|-start|p2a: Dondozo|Encore\n|move|p2a: Dondozo|Curse|p2a: Dondozo\n|-unboost|p2a: Dondozo|spe|1\n|-boost|p2a: Dondozo|atk|1\n|-boost|p2a: Dondozo|def|1\n|\n|upkeep\n|turn|21\n|\n|t:|1733874389\n|move|p1a: Volbeat|U-turn|p2a: Dondozo\n|-damage|p2a: Dondozo|334/362 par\n|\n|t:|1733874391\n|switch|p1a: Electivire|Electivire, L84, M|263/263|[from] U-turn\n|-damage|p1a: Electivire|231/263|[from] Stealth Rock\n|move|p2a: Dondozo|Curse|p2a: Dondozo\n|-unboost|p2a: Dondozo|spe|1\n|-boost|p2a: Dondozo|atk|1\n|-boost|p2a: Dondozo|def|1\n|\n|-heal|p2a: Dondozo|356/362 par|[from] item: Leftovers\n|upkeep\n|turn|22\n|\n|t:|1733874394\n|move|p1a: Electivire|Bulk Up|p1a: Electivire\n|-boost|p1a: Electivire|atk|1\n|-boost|p1a: Electivire|def|1\n|move|p2a: Dondozo|Curse|p2a: Dondozo\n|-unboost|p2a: Dondozo|spe|1\n|-boost|p2a: Dondozo|atk|1\n|-boost|p2a: Dondozo|def|1\n|\n|-heal|p2a: Dondozo|362/362 par|[from] item: Leftovers\n|-end|p2a: Dondozo|Encore\n|upkeep\n|turn|23\n|\n|t:|1733874398\n|move|p1a: Electivire|Supercell Slam|p2a: Dondozo|[miss]\n|-miss|p1a: Electivire|p2a: Dondozo\n|-damage|p1a: Electivire|100/263|[from] supercellslam\n|move|p2a: Dondozo|Wave Crash|p1a: Electivire\n|-damage|p1a: Electivire|0 fnt\n|faint|p1a: Electivire\n|-damage|p2a: Dondozo|329/362 par|[from] Recoil\n|\n|-heal|p2a: Dondozo|351/362 par|[from] item: Leftovers\n|upkeep\n|\n|t:|1733874401\n|switch|p1a: Glaceon|Glaceon, L94, M|275/275\n|turn|24\n|\n|t:|1733874403\n|move|p1a: Glaceon|Freeze-Dry|p2a: Dondozo\n|-supereffective|p2a: Dondozo\n|-damage|p2a: Dondozo|27/362 par\n|move|p2a: Dondozo|Wave Crash|p1a: Glaceon\n|-damage|p1a: Glaceon|4/275\n|-damage|p2a: Dondozo|0 fnt|[from] Recoil\n|faint|p2a: Dondozo\n|\n|upkeep\n|\n|t:|1733874406\n|switch|p2a: Altaria|Altaria, L88, M, tera:Steel|213/275\n|turn|25\n|\n|t:|1733874417\n|move|p2a: Altaria|Brave Bird|p1a: Glaceon\n|-damage|p1a: Glaceon|0 fnt\n|faint|p1a: Glaceon\n|-damage|p2a: Altaria|212/275|[from] Recoil\n|\n|upkeep\n|\n|t:|1733874420\n|switch|p1a: Crawdaunt|Crawdaunt, L84, M|243/243\n|-damage|p1a: Crawdaunt|213/243|[from] Stealth Rock\n|turn|26\n|\n|t:|1733874425\n|move|p2a: Altaria|Brave Bird|p1a: Crawdaunt\n|-damage|p1a: Crawdaunt|93/243\n|-damage|p2a: Altaria|172/275|[from] Recoil\n|move|p1a: Crawdaunt|Close Combat|p2a: Altaria\n|-supereffective|p2a: Altaria\n|-damage|p2a: Altaria|0 fnt\n|-unboost|p1a: Crawdaunt|def|1\n|-unboost|p1a: Crawdaunt|spd|1\n|faint|p2a: Altaria\n|\n|win|Kilatas\n|raw|Kilatas's rating: 1299 &rarr; <strong>1321</strong><br />(+22 for winning)\n|raw|lolerman1234's rating: 1264 &rarr; <strong>1242</strong><br />(-22 for losing)\n|l|\u2606lolerman1234\n|player|p2|\n", "inputlog": ">version bfd83cad13791eb5a5a409923076391caf6fb4d4\n>start {\"formatid\":\"gen9randombattle\",\"seed\":[24696,32915,1662,38725],\"rated\":\"Rated battle\"}\n>player p1 {\"name\":\"Kilatas\",\"avatar\":\"policeman\",\"rating\":1299,\"seed\":[59049,46184,56043,46276]}\n>player p2 {\"name\":\"lolerman1234\",\"avatar\":\"169\",\"rating\":1264,\"seed\":[8896,32310,9724,45051]}\n>p1 move thunderwave\n>p2 move stealthrock\n>p1 move encore\n>p2 move knockoff\n>p1 move uturn\n>p2 move stealthrock\n>p1 switch 3\n>p1 move quiverdance\n>p2 move stealthrock\n>p1 move bugbuzz\n>p2 move knockoff\n>p2 switch 5\n>p1 move sleeppowder\n>p2 move haze\n>p1 move quiverdance\n>p2 switch 2\n>p1 move bugbuzz\n>p2 move knockoff\n>p1 move quiverdance\n>p2 move icepunch\n>p1 move bugbuzz terastallize\n>p2 move knockoff\n>p1 switch 6\n>p1 move thunderbolt\n>p2 move shadowsneak\n>p2 switch 4\n>p1 move nastyplot\n>p2 move swordsdance\n>p1 move encore\n>p2 move bugbite\n>p1 move thunderbolt\n>p2 move swordsdance\n>p2 switch 3\n>p1 move thunderbolt\n>p2 move earthpower\n>p1 move thunderbolt\n>p2 move earthpower\n>p2 switch 2\n>p1 move thunderbolt\n>p2 move roost terastallize\n>p1 switch 3\n>p1 move encore\n>p2 switch 6\n>p1 move thunderwave\n>p2 move curse\n>p1 move encore\n>p2 move curse\n>p1 move uturn\n>p2 move curse\n>p1 switch 5\n>p1 move bulkup\n>p2 move curse\n>p1 move supercellslam\n>p2 move wavecrash\n>p1 switch 4\n>p1 move freezedry\n>p2 move wavecrash\n>p2 switch 6\n>p1 move wish\n>p2 move bravebird\n>p1 switch 2\n>p1 move closecombat\n>p2 move bravebird", "uploadtime": 1733874428, "views": 1, "formatid": "gen9randombattle", "rating": 1242, "private": 0, "password": null}