{"id": "gen9randombattle-2058768062", "format": "[Gen 9] Random Battle", "players": ["Jaikido", "kandkad"], "log": "|j|\u2606Jaikido\n|j|\u2606kandkad\n|t:|1707867167\n|gametype|singles\n|player|p1|Jaikido|266|2173\n|player|p2|kandkad|clemont|2332\n|teamsize|p1|6\n|teamsize|p2|6\n|gen|9\n|tier|[Gen 9] Random Battle\n|rated|\n|rule|Species Clause: Limit one of each Pok\u00e9mon\n|rule|HP Percentage Mod: HP is shown in percentages\n|rule|Sleep Clause Mod: Limit one foe put to sleep\n|rule|Illusion Level Mod: Illusion disguises the Pok\u00e9mon's true level\n|\n|t:|1707867167\n|start\n|switch|p1a: Flareon|Flareon, L90, F|263/263\n|switch|p2a: Hippowdon|Hippowdon, L82, F|311/311\n|-weather|Sandstorm|[from] ability: Sand Stream|[of] p2a: Hippowdon\n|turn|1\n|inactive|Battle timer is ON: inactive players will automatically lose when time's up. (requested by kandkad)\n|\n|t:|1707867174\n|move|p1a: Flareon|Will-O-Wisp|p2a: Hippowdon\n|-status|p2a: Hippowdon|brn\n|move|p2a: Hippowdon|Earthquake|p1a: Flareon\n|-supereffective|p1a: Flareon\n|-damage|p1a: Flareon|116/263\n|\n|-weather|Sandstorm|[upkeep]\n|-damage|p1a: Flareon|100/263|[from] Sandstorm\n|-damage|p2a: Hippowdon|292/311 brn|[from] brn\n|-status|p1a: Flareon|tox|[from] item: Toxic Orb\n|upkeep\n|turn|2\n|j| TiltAccount2\n|\n|t:|1707867184\n|move|p1a: Flareon|Facade|p2a: Hippowdon\n|-damage|p2a: Hippowdon|106/311 brn\n|move|p2a: Hippowdon|Earthquake|p1a: Flareon\n|-supereffective|p1a: Flareon\n|-damage|p1a: Flareon|0 fnt\n|faint|p1a: Flareon\n|\n|-weather|Sandstorm|[upkeep]\n|-heal|p2a: Hippowdon|125/311 brn|[from] item: Leftovers\n|-damage|p2a: Hippowdon|106/311 brn|[from] brn\n|upkeep\n|\n|t:|1707867190\n|switch|p1a: Shaymin|Shaymin-Sky, L73|266/266\n|turn|3\n|j| foierzoig\n|\n|t:|1707867196\n|switch|p2a: Oricorio|Oricorio, L84, F|263/263\n|move|p1a: Shaymin|Substitute|p1a: Shaymin\n|-start|p1a: Shaymin|Substitute\n|-damage|p1a: Shaymin|200/266\n|\n|-weather|Sandstorm|[upkeep]\n|-damage|p1a: Shaymin|184/266|[from] Sandstorm\n|-damage|p2a: Oricorio|247/263|[from] Sandstorm\n|-heal|p1a: Shaymin|200/266|[from] item: Leftovers\n|upkeep\n|turn|4\n|\n|t:|1707867206\n|move|p1a: Shaymin|Leech Seed|p2a: Oricorio\n|-start|p2a: Oricorio|move: Leech Seed\n|move|p2a: Oricorio|Revelation Dance|p1a: Shaymin\n|-supereffective|p1a: Shaymin\n|-end|p1a: Shaymin|Substitute\n|\n|-weather|Sandstorm|[upkeep]\n|-damage|p1a: Shaymin|184/266|[from] Sandstorm\n|-damage|p2a: Oricorio|231/263|[from] Sandstorm\n|-heal|p1a: Shaymin|200/266|[from] item: Leftovers\n|-damage|p2a: Oricorio|199/263|[from] Leech Seed|[of] p1a: Shaymin\n|-heal|p1a: Shaymin|232/266|[silent]\n|upkeep\n|turn|5\n|\n|t:|1707867210\n|switch|p2a: Hippowdon|Hippowdon, L82, F|106/311 brn\n|move|p1a: Shaymin|Substitute|p1a: Shaymin\n|-start|p1a: Shaymin|Substitute\n|-damage|p1a: Shaymin|166/266\n|\n|-weather|none\n|-heal|p1a: Shaymin|182/266|[from] item: Leftovers\n|-heal|p2a: Hippowdon|125/311 brn|[from] item: Leftovers\n|-damage|p2a: Hippowdon|106/311 brn|[from] brn\n|upkeep\n|turn|6\n|\n|t:|1707867215\n|move|p1a: Shaymin|Air Slash|p2a: Hippowdon\n|-damage|p2a: Hippowdon|12/311 brn\n|cant|p2a: Hippowdon|flinch\n|\n|-heal|p1a: Shaymin|198/266|[from] item: Leftovers\n|-heal|p2a: Hippowdon|31/311 brn|[from] item: Leftovers\n|-damage|p2a: Hippowdon|12/311 brn|[from] brn\n|upkeep\n|turn|7\n|\n|t:|1707867218\n|move|p1a: Shaymin|Air Slash|p2a: Hippowdon\n|-damage|p2a: Hippowdon|0 fnt\n|faint|p2a: Hippowdon\n|\n|-heal|p1a: Shaymin|214/266|[from] item: Leftovers\n|upkeep\n|\n|t:|1707867236\n|switch|p2a: Oricorio|Oricorio, L84, F|199/263\n|turn|8\n|\n|t:|1707867239\n|move|p1a: Shaymin|Leech Seed|p2a: Oricorio\n|-start|p2a: Oricorio|move: Leech Seed\n|move|p2a: Oricorio|Quiver Dance|p2a: Oricorio\n|-boost|p2a: Oricorio|spa|1\n|-boost|p2a: Oricorio|spd|1\n|-boost|p2a: Oricorio|spe|1\n|\n|-heal|p1a: Shaymin|230/266|[from] item: Leftovers\n|-damage|p2a: Oricorio|167/263|[from] Leech Seed|[of] p1a: Shaymin\n|-heal|p1a: Shaymin|262/266|[silent]\n|upkeep\n|turn|9\n|\n|t:|1707867243\n|move|p2a: Oricorio|Revelation Dance|p1a: Shaymin\n|-supereffective|p1a: Shaymin\n|-end|p1a: Shaymin|Substitute\n|move|p1a: Shaymin|Substitute|p1a: Shaymin\n|-start|p1a: Shaymin|Substitute\n|-damage|p1a: Shaymin|196/266\n|\n|-heal|p1a: Shaymin|212/266|[from] item: Leftovers\n|-damage|p2a: Oricorio|135/263|[from] Leech Seed|[of] p1a: Shaymin\n|-heal|p1a: Shaymin|244/266|[silent]\n|upkeep\n|turn|10\n|\n|t:|1707867250\n|move|p2a: Oricorio|Roost|p2a: Oricorio\n|-heal|p2a: Oricorio|263/263\n|-singleturn|p2a: Oricorio|move: Roost\n|move|p1a: Shaymin|Air Slash|p2a: Oricorio\n|-damage|p2a: Oricorio|208/263\n|\n|-heal|p1a: Shaymin|260/266|[from] item: Leftovers\n|-damage|p2a: Oricorio|176/263|[from] Leech Seed|[of] p1a: Shaymin\n|-heal|p1a: Shaymin|266/266|[silent]\n|upkeep\n|turn|11\n|\n|t:|1707867256\n|move|p2a: Oricorio|Quiver Dance|p2a: Oricorio\n|-boost|p2a: Oricorio|spa|1\n|-boost|p2a: Oricorio|spd|1\n|-boost|p2a: Oricorio|spe|1\n|move|p1a: Shaymin|Air Slash|p2a: Oricorio\n|-damage|p2a: Oricorio|133/263\n|\n|-damage|p2a: Oricorio|101/263|[from] Leech Seed|[of] p1a: Shaymin\n|upkeep\n|turn|12\n|\n|t:|1707867260\n|move|p2a: Oricorio|Roost|p2a: Oricorio\n|-heal|p2a: Oricorio|233/263\n|-singleturn|p2a: Oricorio|move: Roost\n|move|p1a: Shaymin|Air Slash|p2a: Oricorio\n|-damage|p2a: Oricorio|193/263\n|\n|-damage|p2a: Oricorio|161/263|[from] Leech Seed|[of] p1a: Shaymin\n|upkeep\n|turn|13\n|\n|t:|1707867264\n|move|p2a: Oricorio|Revelation Dance|p1a: Shaymin\n|-supereffective|p1a: Shaymin\n|-end|p1a: Shaymin|Substitute\n|move|p1a: Shaymin|Substitute|p1a: Shaymin\n|-start|p1a: Shaymin|Substitute\n|-damage|p1a: Shaymin|200/266\n|\n|-heal|p1a: Shaymin|216/266|[from] item: Leftovers\n|-damage|p2a: Oricorio|129/263|[from] Leech Seed|[of] p1a: Shaymin\n|-heal|p1a: Shaymin|248/266|[silent]\n|upkeep\n|turn|14\n|\n|t:|1707867267\n|move|p2a: Oricorio|Roost|p2a: Oricorio\n|-heal|p2a: Oricorio|261/263\n|-singleturn|p2a: Oricorio|move: Roost\n|move|p1a: Shaymin|Air Slash|p2a: Oricorio\n|-damage|p2a: Oricorio|216/263\n|\n|-heal|p1a: Shaymin|264/266|[from] item: Leftovers\n|-damage|p2a: Oricorio|184/263|[from] Leech Seed|[of] p1a: Shaymin\n|-heal|p1a: Shaymin|266/266|[silent]\n|upkeep\n|turn|15\n|\n|t:|1707867273\n|move|p2a: Oricorio|Revelation Dance|p1a: Shaymin\n|-supereffective|p1a: Shaymin\n|-end|p1a: Shaymin|Substitute\n|move|p1a: Shaymin|Air Slash|p2a: Oricorio\n|-damage|p2a: Oricorio|142/263\n|\n|-damage|p2a: Oricorio|110/263|[from] Leech Seed|[of] p1a: Shaymin\n|upkeep\n|turn|16\n|\n|t:|1707867277\n|switch|p1a: Grimmsnarl|Grimmsnarl, L83, M|293/293\n|move|p2a: Oricorio|Revelation Dance|p1a: Grimmsnarl\n|-damage|p1a: Grimmsnarl|76/293\n|\n|-damage|p2a: Oricorio|78/263|[from] Leech Seed|[of] p1a: Grimmsnarl\n|-heal|p1a: Grimmsnarl|108/293|[silent]\n|upkeep\n|turn|17\n|j| AwesomeVenasaur\n|l| AwesomeVenasaur\n|\n|t:|1707867286\n|-terastallize|p2a: Oricorio|Ground\n|move|p1a: Grimmsnarl|Thunder Wave|p2a: Oricorio\n|-immune|p2a: Oricorio\n|move|p2a: Oricorio|Roost|p2a: Oricorio\n|-heal|p2a: Oricorio|210/263\n|\n|-damage|p2a: Oricorio|178/263|[from] Leech Seed|[of] p1a: Grimmsnarl\n|-heal|p1a: Grimmsnarl|140/293|[silent]\n|upkeep\n|turn|18\n|\n|t:|1707867288\n|move|p1a: Grimmsnarl|Light Screen|p1a: Grimmsnarl\n|-sidestart|p1: Jaikido|move: Light Screen\n|move|p2a: Oricorio|Revelation Dance|p1a: Grimmsnarl\n|-damage|p1a: Grimmsnarl|27/293\n|\n|-damage|p2a: Oricorio|146/263|[from] Leech Seed|[of] p1a: Grimmsnarl\n|-heal|p1a: Grimmsnarl|59/293|[silent]\n|upkeep\n|turn|19\n|\n|t:|1707867293\n|move|p2a: Oricorio|Revelation Dance|p1a: Grimmsnarl\n|-damage|p1a: Grimmsnarl|0 fnt\n|faint|p1a: Grimmsnarl\n|\n|upkeep\n|\n|t:|1707867300\n|switch|p1a: Arbok|Arbok, L87, M|246/246\n|-ability|p1a: Arbok|Intimidate|boost\n|-unboost|p2a: Oricorio|atk|1\n|turn|20\n|\n|t:|1707867303\n|move|p2a: Oricorio|Revelation Dance|p1a: Arbok\n|-supereffective|p1a: Arbok\n|-damage|p1a: Arbok|38/246\n|move|p1a: Arbok|Knock Off|p2a: Oricorio\n|-damage|p2a: Oricorio|45/263\n|-enditem|p2a: Oricorio|Heavy-Duty Boots|[from] move: Knock Off|[of] p1a: Arbok\n|-damage|p1a: Arbok|14/246|[from] item: Life Orb\n|\n|-damage|p2a: Oricorio|13/263|[from] Leech Seed|[of] p1a: Arbok\n|-heal|p1a: Arbok|46/246|[silent]\n|upkeep\n|turn|21\n|\n|t:|1707867311\n|move|p2a: Oricorio|Roost|p2a: Oricorio\n|-heal|p2a: Oricorio|145/263\n|move|p1a: Arbok|Earthquake|p2a: Oricorio\n|-damage|p2a: Oricorio|37/263\n|-damage|p1a: Arbok|22/246|[from] item: Life Orb\n|\n|-damage|p2a: Oricorio|5/263|[from] Leech Seed|[of] p1a: Arbok\n|-heal|p1a: Arbok|54/246|[silent]\n|upkeep\n|turn|22\n|\n|t:|1707867318\n|switch|p1a: Shaymin|Shaymin-Sky, L73|266/266\n|move|p2a: Oricorio|Revelation Dance|p1a: Shaymin\n|-immune|p1a: Shaymin\n|\n|-damage|p2a: Oricorio|0 fnt|[from] Leech Seed|[of] p1a: Shaymin\n|faint|p2a: Oricorio\n|upkeep\n|\n|t:|1707867327\n|switch|p2a: Furret|Furret, L93, F|309/309\n|-item|p1a: Shaymin|Leftovers|[from] ability: Frisk|[of] p2a: Furret|[identify]\n|turn|23\n|\n|t:|1707867346\n|switch|p1a: Arbok|Arbok, L87, M|54/246\n|-ability|p1a: Arbok|Intimidate|boost\n|-unboost|p2a: Furret|atk|1\n|move|p2a: Furret|Tidy Up|p2a: Furret\n|-boost|p2a: Furret|atk|1\n|-boost|p2a: Furret|spe|1\n|\n|upkeep\n|turn|24\n|\n|t:|1707867350\n|move|p2a: Furret|Knock Off|p1a: Arbok\n|-crit|p1a: Arbok\n|-damage|p1a: Arbok|0 fnt\n|-enditem|p1a: Arbok|Life Orb|[from] move: Knock Off|[of] p2a: Furret\n|faint|p1a: Arbok\n|-damage|p2a: Furret|279/309|[from] item: Life Orb\n|\n|upkeep\n|\n|t:|1707867356\n|switch|p1a: Vigoroth|Vigoroth, L85, M|275/275\n|turn|25\n|\n|t:|1707867360\n|move|p2a: Furret|Knock Off|p1a: Vigoroth\n|-damage|p1a: Vigoroth|213/275\n|-enditem|p1a: Vigoroth|Eviolite|[from] move: Knock Off|[of] p2a: Furret\n|-damage|p2a: Furret|249/309|[from] item: Life Orb\n|move|p1a: Vigoroth|Bulk Up|p1a: Vigoroth\n|-boost|p1a: Vigoroth|atk|1\n|-boost|p1a: Vigoroth|def|1\n|\n|-sideend|p1: Jaikido|move: Light Screen\n|upkeep\n|turn|26\n|\n|t:|1707867362\n|move|p2a: Furret|Tidy Up|p2a: Furret\n|-boost|p2a: Furret|atk|1\n|-boost|p2a: Furret|spe|1\n|move|p1a: Vigoroth|Body Slam|p2a: Furret\n|-damage|p2a: Furret|104/309\n|\n|upkeep\n|turn|27\n|\n|t:|1707867365\n|move|p2a: Furret|Double-Edge|p1a: Vigoroth\n|-damage|p1a: Vigoroth|25/275\n|-damage|p2a: Furret|42/309|[from] Recoil\n|-damage|p2a: Furret|12/309|[from] item: Life Orb\n|move|p1a: Vigoroth|Slack Off|p1a: Vigoroth\n|-heal|p1a: Vigoroth|163/275\n|\n|upkeep\n|turn|28\n|\n|t:|1707867369\n|move|p2a: Furret|Double-Edge|p1a: Vigoroth\n|-damage|p1a: Vigoroth|0 fnt\n|faint|p1a: Vigoroth\n|-damage|p2a: Furret|0 fnt|[from] Recoil\n|faint|p2a: Furret\n|\n|upkeep\n|\n|t:|1707867377\n|switch|p2a: Ariados|Ariados, L93, F|281/281\n|switch|p1a: Shaymin|Shaymin-Sky, L73|266/266\n|turn|29\n|\n|t:|1707867381\n|move|p1a: Shaymin|Air Slash|p2a: Ariados\n|-supereffective|p2a: Ariados\n|-damage|p2a: Ariados|137/281\n|cant|p2a: Ariados|flinch\n|\n|upkeep\n|turn|30\n|\n|t:|1707867384\n|switch|p2a: Blissey|Blissey, L84, F|566/566\n|move|p1a: Shaymin|Air Slash|p2a: Blissey\n|-damage|p2a: Blissey|512/566\n|\n|-heal|p2a: Blissey|547/566|[from] item: Leftovers\n|upkeep\n|turn|31\n|\n|t:|1707867387\n|move|p1a: Shaymin|Leech Seed|p2a: Blissey|[miss]\n|-miss|p1a: Shaymin|p2a: Blissey\n|move|p2a: Blissey|Seismic Toss|p1a: Shaymin\n|-damage|p1a: Shaymin|182/266\n|\n|-heal|p1a: Shaymin|198/266|[from] item: Leftovers\n|-heal|p2a: Blissey|566/566|[from] item: Leftovers\n|upkeep\n|turn|32\n|\n|t:|1707867390\n|move|p1a: Shaymin|Substitute|p1a: Shaymin\n|-start|p1a: Shaymin|Substitute\n|-damage|p1a: Shaymin|132/266\n|move|p2a: Blissey|Thunder Wave||[still]\n|-fail|p2a: Blissey\n|\n|-heal|p1a: Shaymin|148/266|[from] item: Leftovers\n|upkeep\n|turn|33\n|\n|t:|1707867392\n|move|p1a: Shaymin|Leech Seed|p2a: Blissey\n|-start|p2a: Blissey|move: Leech Seed\n|move|p2a: Blissey|Seismic Toss|p1a: Shaymin\n|-end|p1a: Shaymin|Substitute\n|\n|-heal|p1a: Shaymin|164/266|[from] item: Leftovers\n|-damage|p2a: Blissey|496/566|[from] Leech Seed|[of] p1a: Shaymin\n|-heal|p1a: Shaymin|234/266|[silent]\n|upkeep\n|turn|34\n|\n|t:|1707867395\n|switch|p2a: Ariados|Ariados, L93, F|137/281\n|move|p1a: Shaymin|Substitute|p1a: Shaymin\n|-start|p1a: Shaymin|Substitute\n|-damage|p1a: Shaymin|168/266\n|\n|-heal|p1a: Shaymin|184/266|[from] item: Leftovers\n|upkeep\n|turn|35\n|\n|t:|1707867397\n|switch|p2a: Blissey|Blissey, L84, F|496/566\n|move|p1a: Shaymin|Air Slash|p2a: Blissey\n|-damage|p2a: Blissey|447/566\n|\n|-heal|p1a: Shaymin|200/266|[from] item: Leftovers\n|-heal|p2a: Blissey|482/566|[from] item: Leftovers\n|upkeep\n|turn|36\n|\n|t:|1707867403\n|move|p1a: Shaymin|Leech Seed|p2a: Blissey\n|-start|p2a: Blissey|move: Leech Seed\n|move|p2a: Blissey|Seismic Toss|p1a: Shaymin\n|-end|p1a: Shaymin|Substitute\n|\n|-heal|p1a: Shaymin|216/266|[from] item: Leftovers\n|-heal|p2a: Blissey|517/566|[from] item: Leftovers\n|-damage|p2a: Blissey|447/566|[from] Leech Seed|[of] p1a: Shaymin\n|-heal|p1a: Shaymin|266/266|[silent]\n|upkeep\n|turn|37\n|\n|t:|1707867405\n|switch|p2a: Ariados|Ariados, L93, F|137/281\n|move|p1a: Shaymin|Substitute|p1a: Shaymin\n|-start|p1a: Shaymin|Substitute\n|-damage|p1a: Shaymin|200/266\n|\n|-heal|p1a: Shaymin|216/266|[from] item: Leftovers\n|upkeep\n|turn|38\n|\n|t:|1707867407\n|switch|p2a: Blissey|Blissey, L84, F|447/566\n|move|p1a: Shaymin|Leech Seed|p2a: Blissey\n|-start|p2a: Blissey|move: Leech Seed\n|\n|-heal|p1a: Shaymin|232/266|[from] item: Leftovers\n|-heal|p2a: Blissey|482/566|[from] item: Leftovers\n|-damage|p2a: Blissey|412/566|[from] Leech Seed|[of] p1a: Shaymin\n|-heal|p1a: Shaymin|266/266|[silent]\n|upkeep\n|turn|39\n|\n|t:|1707867411\n|move|p1a: Shaymin|Air Slash|p2a: Blissey\n|-damage|p2a: Blissey|363/566\n|move|p2a: Blissey|Seismic Toss|p1a: Shaymin\n|-end|p1a: Shaymin|Substitute\n|\n|-heal|p2a: Blissey|398/566|[from] item: Leftovers\n|-damage|p2a: Blissey|328/566|[from] Leech Seed|[of] p1a: Shaymin\n|upkeep\n|turn|40\n|\n|t:|1707867414\n|switch|p2a: Ariados|Ariados, L93, F|137/281\n|move|p1a: Shaymin|Substitute|p1a: Shaymin\n|-start|p1a: Shaymin|Substitute\n|-damage|p1a: Shaymin|200/266\n|\n|-heal|p1a: Shaymin|216/266|[from] item: Leftovers\n|upkeep\n|turn|41\n|\n|t:|1707867416\n|switch|p2a: Blissey|Blissey, L84, F|328/566\n|move|p1a: Shaymin|Leech Seed|p2a: Blissey\n|-start|p2a: Blissey|move: Leech Seed\n|\n|-heal|p1a: Shaymin|232/266|[from] item: Leftovers\n|-heal|p2a: Blissey|363/566|[from] item: Leftovers\n|-damage|p2a: Blissey|293/566|[from] Leech Seed|[of] p1a: Shaymin\n|-heal|p1a: Shaymin|266/266|[silent]\n|upkeep\n|turn|42\n|\n|t:|1707867419\n|move|p1a: Shaymin|Air Slash|p2a: Blissey\n|-damage|p2a: Blissey|242/566\n|move|p2a: Blissey|Soft-Boiled|p2a: Blissey\n|-heal|p2a: Blissey|525/566\n|\n|-heal|p2a: Blissey|560/566|[from] item: Leftovers\n|-damage|p2a: Blissey|490/566|[from] Leech Seed|[of] p1a: Shaymin\n|upkeep\n|turn|43\n|\n|t:|1707867421\n|move|p1a: Shaymin|Air Slash|p2a: Blissey\n|-damage|p2a: Blissey|441/566\n|cant|p2a: Blissey|flinch\n|\n|-heal|p2a: Blissey|476/566|[from] item: Leftovers\n|-damage|p2a: Blissey|406/566|[from] Leech Seed|[of] p1a: Shaymin\n|upkeep\n|turn|44\n|\n|t:|1707867424\n|move|p1a: Shaymin|Air Slash|p2a: Blissey\n|-damage|p2a: Blissey|358/566\n|cant|p2a: Blissey|flinch\n|\n|-heal|p2a: Blissey|393/566|[from] item: Leftovers\n|-damage|p2a: Blissey|323/566|[from] Leech Seed|[of] p1a: Shaymin\n|upkeep\n|turn|45\n|\n|t:|1707867428\n|move|p1a: Shaymin|Air Slash|p2a: Blissey\n|-damage|p2a: Blissey|271/566\n|cant|p2a: Blissey|flinch\n|\n|-heal|p2a: Blissey|306/566|[from] item: Leftovers\n|-damage|p2a: Blissey|236/566|[from] Leech Seed|[of] p1a: Shaymin\n|upkeep\n|turn|46\n|\n|t:|1707867430\n|move|p1a: Shaymin|Air Slash|p2a: Blissey\n|-damage|p2a: Blissey|182/566\n|cant|p2a: Blissey|flinch\n|\n|-heal|p2a: Blissey|217/566|[from] item: Leftovers\n|-damage|p2a: Blissey|147/566|[from] Leech Seed|[of] p1a: Shaymin\n|upkeep\n|turn|47\n|\n|t:|1707867432\n|move|p1a: Shaymin|Air Slash|p2a: Blissey\n|-damage|p2a: Blissey|98/566\n|cant|p2a: Blissey|flinch\n|\n|-heal|p2a: Blissey|133/566|[from] item: Leftovers\n|-damage|p2a: Blissey|63/566|[from] Leech Seed|[of] p1a: Shaymin\n|upkeep\n|turn|48\n|\n|t:|1707867434\n|move|p1a: Shaymin|Air Slash|p2a: Blissey\n|-damage|p2a: Blissey|12/566\n|cant|p2a: Blissey|flinch\n|\n|-heal|p2a: Blissey|47/566|[from] item: Leftovers\n|-damage|p2a: Blissey|0 fnt|[from] Leech Seed|[of] p1a: Shaymin\n|faint|p2a: Blissey\n|upkeep\n|\n|t:|1707867438\n|switch|p2a: Victreebel|Victreebel, L90, M|290/290\n|turn|49\n|\n|t:|1707867440\n|move|p1a: Shaymin|Air Slash|p2a: Victreebel\n|-supereffective|p2a: Victreebel\n|-damage|p2a: Victreebel|122/290\n|move|p2a: Victreebel|Sludge Wave|p1a: Shaymin\n|-supereffective|p1a: Shaymin\n|-end|p1a: Shaymin|Substitute\n|-damage|p2a: Victreebel|93/290|[from] item: Life Orb\n|\n|upkeep\n|turn|50\n|-message|kandkad forfeited.\n|\n|win|Jaikido\n|raw|Jaikido's rating: 2173 &rarr; <strong>2202</strong><br />(+29 for winning)\n|raw|kandkad's rating: 2332 &rarr; <strong>2303</strong><br />(-29 for losing)\n|l|\u2606kandkad\n|player|p2|\n", "inputlog": ">version de83653606c272e7c0c778fb40cf7baa5f066de2\n>start {\"formatid\":\"gen9randombattle\",\"seed\":[36422,33819,61980,3447],\"rated\":\"Rated battle\"}\n>player p1 {\"name\":\"Jaikido\",\"avatar\":\"266\",\"rating\":2173,\"seed\":[15919,35361,63871,46020]}\n>player p2 {\"name\":\"kandkad\",\"avatar\":\"clemont\",\"rating\":2332,\"seed\":[3873,10185,37330,64443]}\n>p1 move willowisp\n>p2 move earthquake\n>p1 move facade\n>p2 move earthquake\n>p1 switch 4\n>p1 move substitute\n>p2 switch 2\n>p1 move leechseed\n>p2 move revelationdance\n>p1 move substitute\n>p2 switch 2\n>p1 move airslash\n>p2 move whirlwind\n>p1 move airslash\n>p2 move stealthrock\n>p2 switch 2\n>p1 move leechseed\n>p2 move quiverdance\n>p1 move substitute\n>p2 move revelationdance\n>p1 move airslash\n>p2 move roost\n>p1 move airslash\n>p2 move quiverdance\n>p1 move airslash\n>p2 move roost\n>p1 move substitute\n>p2 move revelationdance\n>p1 move airslash\n>p2 move roost\n>p1 move airslash\n>p2 move revelationdance\n>p1 switch 2\n>p2 move revelationdance\n>p1 move thunderwave\n>p2 move roost terastallize\n>p1 move lightscreen\n>p2 move revelationdance\n>p1 move spiritbreak\n>p2 move revelationdance\n>p1 switch 3\n>p1 move knockoff\n>p2 move revelationdance\n>p1 move earthquake\n>p2 move roost\n>p1 switch 2\n>p2 move revelationdance\n>p2 switch 5\n>p1 switch 2\n>p2 move tidyup\n>p1 move glare\n>p2 move knockoff\n>p1 switch 6\n>p1 move bulkup\n>p2 move knockoff\n>p1 move bodyslam\n>p2 move tidyup\n>p1 move slackoff\n>p2 move doubleedge\n>p1 move slackoff\n>p2 move doubleedge\n>p1 switch 2\n>p2 switch 6\n>p1 move airslash\n>p2 move poisonjab\n>p1 move airslash\n>p2 switch 4\n>p1 move leechseed\n>p2 move seismictoss\n>p1 move substitute\n>p2 move thunderwave\n>p1 move leechseed\n>p2 move seismictoss\n>p1 move substitute\n>p2 switch 4\n>p1 move airslash\n>p2 switch 4\n>p1 move leechseed\n>p2 move seismictoss\n>p1 move substitute\n>p2 switch 4\n>p1 move leechseed\n>p2 switch 4\n>p1 move airslash\n>p2 move seismictoss\n>p1 move substitute\n>p2 switch 4\n>p1 move leechseed\n>p2 switch 4\n>p1 move airslash\n>p2 move softboiled\n>p1 move airslash\n>p2 move seismictoss\n>p1 move airslash\n>p2 move seismictoss\n>p1 move airslash\n>p2 move softboiled\n>p1 move airslash\n>p2 move softboiled\n>p1 move airslash\n>p2 move softboiled\n>p1 move airslash\n>p2 move softboiled\n>p2 switch 3\n>p1 move airslash\n>p2 move sludgewave\n>forcelose p2", "uploadtime": 1707867451, "views": 262, "formatid": "gen9randombattle", "rating": 2202, "private": 0, "password": null}