{"id": "gen9randombattle-2260091160", "format": "[Gen 9] Random Battle", "players": ["nigijawdjnkdwan", "kdkdkkdkdksks"], "log": "|j|\u2606nigijawdjnkdwan\n|j|\u2606kdkdkkdkdksks\n|t:|1733801149\n|gametype|singles\n|player|p1|nigijawdjnkdwan|1|1076\n|player|p2|kdkdkkdkdksks|1|1120\n|teamsize|p1|6\n|teamsize|p2|6\n|gen|9\n|tier|[Gen 9] Random Battle\n|rated|\n|rule|Species Clause: Limit one of each Pok\u00e9mon\n|rule|HP Percentage Mod: HP is shown in percentages\n|rule|Sleep Clause Mod: Limit one foe put to sleep\n|rule|Illusion Level Mod: Illusion disguises the Pok\u00e9mon's true level\n|\n|t:|1733801149\n|start\n|switch|p1a: Iron Jugulis|Iron Jugulis, L78|275/275\n|switch|p2a: Hariyama|Hariyama, L87, M|392/392\n|turn|1\n|inactive|Battle timer is ON: inactive players will automatically lose when time's up. (requested by kdkdkkdkdksks)\n|\n|t:|1733801164\n|-end|p1a: Iron Jugulis|Quark Drive|[silent]\n|switch|p1a: Froslass|Froslass, L87, F|263/263\n|move|p2a: Hariyama|Close Combat|p1a: Froslass\n|-immune|p1a: Froslass\n|\n|upkeep\n|turn|2\n|\n|t:|1733801175\n|switch|p2a: Espeon|Espeon, L84, F|246/246\n|move|p1a: Froslass|Poltergeist|p2a: Espeon\n|-activate|p2a: Espeon|move: Poltergeist|Choice Specs\n|-supereffective|p2a: Espeon\n|-damage|p2a: Espeon|0 fnt\n|faint|p2a: Espeon\n|\n|upkeep\n|\n|t:|1733801181\n|switch|p2a: Incineroar|Incineroar, L82, M|290/290\n|-ability|p2a: Incineroar|Intimidate|boost\n|-unboost|p1a: Froslass|atk|1\n|turn|3\n|\n|t:|1733801191\n|move|p1a: Froslass|Destiny Bond|p1a: Froslass\n|-singlemove|p1a: Froslass|Destiny Bond\n|move|p2a: Incineroar|Flare Blitz|p1a: Froslass\n|-supereffective|p1a: Froslass\n|-damage|p1a: Froslass|0 fnt\n|faint|p1a: Froslass\n|-activate|p1a: Froslass|move: Destiny Bond\n|faint|p2a: Incineroar\n|\n|upkeep\n|\n|t:|1733801212\n|switch|p1a: Bronzong|Bronzong, L88|261/261\n|switch|p2a: Sudowoodo|Sudowoodo, L94, M|284/284\n|turn|4\n|\n|t:|1733801218\n|switch|p2a: Luvdisc|Luvdisc, F|247/247\n|move|p1a: Bronzong|Earthquake|p2a: Luvdisc\n|-damage|p2a: Luvdisc|168/247\n|\n|upkeep\n|turn|5\n|\n|t:|1733801229\n|switch|p1a: Yanmega|Yanmega, L82, F|275/275\n|move|p2a: Luvdisc|Substitute|p2a: Luvdisc\n|-start|p2a: Luvdisc|Substitute\n|-damage|p2a: Luvdisc|107/247\n|\n|upkeep\n|turn|6\n|\n|t:|1733801239\n|switch|p2a: Sudowoodo|Sudowoodo, L94, M|284/284\n|move|p1a: Yanmega|U-turn|p2a: Sudowoodo\n|-damage|p2a: Sudowoodo|238/284\n|\n|t:|1733801246\n|switch|p1a: Bronzong|Bronzong, L88|261/261|[from] U-turn\n|\n|upkeep\n|turn|7\n|\n|t:|1733801250\n|switch|p2a: Amoonguss|Amoonguss, L82, M|321/321\n|move|p1a: Bronzong|Earthquake|p2a: Amoonguss\n|-damage|p2a: Amoonguss|231/321\n|\n|upkeep\n|turn|8\n|\n|t:|1733801262\n|move|p1a: Bronzong|Iron Head|p2a: Amoonguss\n|-damage|p2a: Amoonguss|131/321\n|-damage|p1a: Bronzong|218/261|[from] item: Rocky Helmet|[of] p2a: Amoonguss\n|move|p2a: Amoonguss|Spore|p1a: Bronzong\n|-status|p1a: Bronzong|slp|[from] move: Spore\n|\n|-heal|p1a: Bronzong|234/261 slp|[from] item: Leftovers\n|upkeep\n|turn|9\n|\n|t:|1733801279\n|switch|p1a: Yanmega|Yanmega, L82, F|275/275\n|switch|p2a: Luvdisc|Luvdisc, F|107/247\n|\n|upkeep\n|turn|10\n|\n|t:|1733801292\n|move|p2a: Luvdisc|Substitute|p2a: Luvdisc\n|-start|p2a: Luvdisc|Substitute\n|-damage|p2a: Luvdisc|46/247\n|move|p1a: Yanmega|Giga Drain|p2a: Luvdisc\n|-supereffective|p2a: Luvdisc\n|-end|p2a: Luvdisc|Substitute\n|\n|upkeep\n|turn|11\n|\n|t:|1733801298\n|switch|p2a: Amoonguss|Amoonguss, L82, M|238/321\n|move|p1a: Yanmega|Giga Drain|p2a: Amoonguss\n|-resisted|p2a: Amoonguss\n|-damage|p2a: Amoonguss|192/321\n|\n|upkeep\n|turn|12\n|\n|t:|1733801305\n|switch|p1a: Iron Jugulis|Iron Jugulis, L78|275/275\n|switch|p2a: Luvdisc|Luvdisc, F|46/247\n|\n|upkeep\n|turn|13\n|\n|t:|1733801317\n|move|p2a: Luvdisc|Endeavor|p1a: Iron Jugulis\n|-damage|p1a: Iron Jugulis|46/275\n|move|p1a: Iron Jugulis|U-turn|p2a: Luvdisc\n|-damage|p2a: Luvdisc|0 fnt\n|faint|p2a: Luvdisc\n|\n|t:|1733801325\n|-end|p1a: Iron Jugulis|Quark Drive|[silent]\n|switch|p1a: Bronzong|Bronzong, L88|234/261 slp|[from] U-turn\n|\n|-heal|p1a: Bronzong|250/261 slp|[from] item: Leftovers\n|upkeep\n|\n|t:|1733801334\n|switch|p2a: Hariyama|Hariyama, L87, M|392/392\n|turn|14\n|\n|t:|1733801339\n|move|p2a: Hariyama|Knock Off|p1a: Bronzong\n|-supereffective|p1a: Bronzong\n|-damage|p1a: Bronzong|122/261 slp\n|-enditem|p1a: Bronzong|Leftovers|[from] move: Knock Off|[of] p2a: Hariyama\n|cant|p1a: Bronzong|slp\n|\n|upkeep\n|turn|15\n|\n|t:|1733801348\n|move|p2a: Hariyama|Knock Off|p1a: Bronzong\n|-supereffective|p1a: Bronzong\n|-damage|p1a: Bronzong|28/261 slp\n|cant|p1a: Bronzong|slp\n|\n|upkeep\n|turn|16\n|\n|t:|1733801353\n|move|p2a: Hariyama|Knock Off|p1a: Bronzong\n|-supereffective|p1a: Bronzong\n|-damage|p1a: Bronzong|0 fnt\n|faint|p1a: Bronzong\n|\n|upkeep\n|\n|t:|1733801362\n|switch|p1a: Yanmega|Yanmega, L82, F|275/275\n|turn|17\n|\n|t:|1733801371\n|-terastallize|p2a: Hariyama|Steel\n|move|p1a: Yanmega|Bug Buzz|p2a: Hariyama\n|-resisted|p2a: Hariyama\n|-damage|p2a: Hariyama|254/392\n|move|p2a: Hariyama|Heavy Slam|p1a: Yanmega\n|-damage|p1a: Yanmega|127/275\n|\n|upkeep\n|turn|18\n|\n|t:|1733801382\n|switch|p1a: Kommo-o|Kommo-o, L78, M|245/245\n|move|p2a: Hariyama|Heavy Slam|p1a: Kommo-o\n|-damage|p1a: Kommo-o|163/245\n|\n|upkeep\n|turn|19\n|\n|t:|1733801399\n|switch|p2a: Amoonguss|Amoonguss, L82, M|299/321\n|move|p1a: Kommo-o|Clanging Scales|p2a: Amoonguss\n|-damage|p2a: Amoonguss|178/321\n|-unboost|p1a: Kommo-o|def|1\n|-enditem|p1a: Kommo-o|Throat Spray\n|-boost|p1a: Kommo-o|spa|1|[from] item: Throat Spray\n|\n|upkeep\n|turn|20\n|\n|t:|1733801417\n|move|p1a: Kommo-o|Clangorous Soul|p1a: Kommo-o\n|-boost|p1a: Kommo-o|atk|1\n|-boost|p1a: Kommo-o|def|1\n|-boost|p1a: Kommo-o|spa|1\n|-boost|p1a: Kommo-o|spd|1\n|-boost|p1a: Kommo-o|spe|1\n|-damage|p1a: Kommo-o|83/245\n|move|p2a: Amoonguss|Spore|p1a: Kommo-o\n|-status|p1a: Kommo-o|slp|[from] move: Spore\n|\n|upkeep\n|turn|21\n|\n|t:|1733801427\n|cant|p1a: Kommo-o|slp\n|move|p2a: Amoonguss|Sludge Bomb|p1a: Kommo-o\n|-damage|p1a: Kommo-o|34/245 slp\n|\n|upkeep\n|turn|22\n|\n|t:|1733801432\n|-terastallize|p1a: Kommo-o|Steel\n|cant|p1a: Kommo-o|slp\n|move|p2a: Amoonguss|Sludge Bomb|p1a: Kommo-o\n|-immune|p1a: Kommo-o\n|\n|upkeep\n|turn|23\n|\n|t:|1733801438\n|cant|p1a: Kommo-o|slp\n|move|p2a: Amoonguss|Stomping Tantrum|p1a: Kommo-o\n|-supereffective|p1a: Kommo-o\n|-damage|p1a: Kommo-o|0 fnt\n|faint|p1a: Kommo-o\n|\n|upkeep\n|\n|t:|1733801448\n|switch|p1a: Iron Jugulis|Iron Jugulis, L78|46/275\n|turn|24\n|\n|t:|1733801451\n|move|p1a: Iron Jugulis|Hurricane|p2a: Amoonguss|[miss]\n|-miss|p1a: Iron Jugulis|p2a: Amoonguss\n|move|p2a: Amoonguss|Sludge Bomb|p1a: Iron Jugulis\n|-damage|p1a: Iron Jugulis|0 fnt\n|faint|p1a: Iron Jugulis\n|-end|p1a: Iron Jugulis|Quark Drive|[silent]\n|\n|upkeep\n|\n|t:|1733801461\n|switch|p1a: Yanmega|Yanmega, L82, F|127/275\n|turn|25\n|\n|t:|1733801468\n|switch|p2a: Sudowoodo|Sudowoodo, L94, M|238/284\n|move|p1a: Yanmega|Air Slash|p2a: Sudowoodo\n|-resisted|p2a: Sudowoodo\n|-damage|p2a: Sudowoodo|88/284\n|\n|upkeep\n|turn|26\n|\n|t:|1733801486\n|move|p2a: Sudowoodo|Sucker Punch|p1a: Yanmega\n|-damage|p1a: Yanmega|29/275\n|move|p1a: Yanmega|Air Slash|p2a: Sudowoodo\n|-resisted|p2a: Sudowoodo\n|-damage|p2a: Sudowoodo|0 fnt\n|faint|p2a: Sudowoodo\n|\n|upkeep\n|\n|t:|1733801488\n|switch|p2a: Hariyama|Hariyama, L87, M, tera:Steel|254/392\n|turn|27\n|\n|t:|1733801493\n|move|p1a: Yanmega|Air Slash|p2a: Hariyama\n|-resisted|p2a: Hariyama\n|-damage|p2a: Hariyama|146/392\n|move|p2a: Hariyama|Knock Off|p1a: Yanmega\n|-damage|p1a: Yanmega|0 fnt\n|-enditem|p1a: Yanmega|Choice Specs|[from] move: Knock Off|[of] p2a: Hariyama\n|faint|p1a: Yanmega\n|\n|upkeep\n|\n|t:|1733801500\n|switch|p1a: Terrakion|Terrakion, L79|273/273\n|turn|28\n|\n|t:|1733801512\n|move|p1a: Terrakion|Earthquake|p2a: Hariyama\n|-supereffective|p2a: Hariyama\n|-damage|p2a: Hariyama|0 fnt\n|faint|p2a: Hariyama\n|\n|upkeep\n|\n|t:|1733801514\n|switch|p2a: Amoonguss|Amoonguss, L82, M|285/321\n|turn|29\n|\n|t:|1733801518\n|move|p1a: Terrakion|Earthquake|p2a: Amoonguss\n|-damage|p2a: Amoonguss|137/321\n|move|p2a: Amoonguss|Spore|p1a: Terrakion\n|-status|p1a: Terrakion|slp|[from] move: Spore\n|\n|upkeep\n|turn|30\n|\n|t:|1733801524\n|cant|p1a: Terrakion|slp\n|move|p2a: Amoonguss|Giga Drain|p1a: Terrakion\n|-supereffective|p1a: Terrakion\n|-damage|p1a: Terrakion|133/273 slp\n|-heal|p2a: Amoonguss|207/321|[from] drain|[of] p1a: Terrakion\n|\n|upkeep\n|turn|31\n|\n|t:|1733801530\n|cant|p1a: Terrakion|slp\n|move|p2a: Amoonguss|Giga Drain|p1a: Terrakion\n|-supereffective|p1a: Terrakion\n|-damage|p1a: Terrakion|0 fnt\n|-heal|p2a: Amoonguss|274/321|[from] drain|[of] p1a: Terrakion\n|faint|p1a: Terrakion\n|\n|win|kdkdkkdkdksks\n|raw|nigijawdjnkdwan's rating: 1076 &rarr; <strong>1059</strong><br />(-17 for losing)\n|raw|kdkdkkdkdksks's rating: 1142 &rarr; <strong>1162</strong><br />(+20 for winning)\n", "inputlog": ">version bfd83cad13791eb5a5a409923076391caf6fb4d4\n>start {\"formatid\":\"gen9randombattle\",\"seed\":[10099,17637,27645,38543],\"rated\":\"Rated battle\"}\n>player p1 {\"name\":\"nigijawdjnkdwan\",\"avatar\":\"1\",\"rating\":1076,\"seed\":[25046,18812,20641,1525]}\n>player p2 {\"name\":\"kdkdkkdkdksks\",\"avatar\":\"1\",\"rating\":1120,\"seed\":[61855,55476,3121,39301]}\n>p1 switch 6\n>p2 move closecombat\n>p1 move poltergeist\n>p2 switch 6\n>p2 switch 3\n>p1 move destinybond\n>p2 move flareblitz\n>p1 switch 2\n>p2 switch 5\n>p1 move earthquake\n>p2 switch 4\n>p1 switch 3\n>p2 move substitute\n>p1 move uturn\n>p2 switch 4\n>p1 switch 3\n>p1 move earthquake\n>p2 switch 2\n>p1 move ironhead\n>p2 move spore\n>p1 switch 3\n>p2 switch 4\n>p1 move gigadrain\n>p2 move substitute\n>p1 move gigadrain\n>p2 switch 4\n>p1 switch 6\n>p2 switch 4\n>p1 move uturn\n>p2 move endeavor\n>p1 switch 3\n>p2 switch 6\n>p1 move earthquake\n>p2 move knockoff\n>p1 move hypnosis\n>p2 move knockoff\n>p1 move hypnosis\n>p2 move knockoff\n>p1 switch 6\n>p1 move bugbuzz\n>p2 move heavyslam terastallize\n>p1 switch 5\n>p2 move heavyslam\n>p1 move clangingscales\n>p2 switch 4\n>p1 move clangoroussoul\n>p2 move spore\n>p1 move clangingscales\n>p2 move sludgebomb\n>p1 move clangingscales terastallize\n>p2 move sludgebomb\n>p1 move clangingscales\n>p2 move stompingtantrum\n>p1 switch 3\n>p1 move hurricane\n>p2 move sludgebomb\n>p1 switch 5\n>p1 move airslash\n>p2 switch 2\n>p1 move airslash\n>p2 move suckerpunch\n>p2 switch 4\n>p1 move airslash\n>p2 move knockoff\n>p1 switch 4\n>p1 move earthquake\n>p2 move closecombat\n>p2 switch 2\n>p1 move earthquake\n>p2 move spore\n>p1 move earthquake\n>p2 move gigadrain\n>p1 move earthquake\n>p2 move gigadrain", "uploadtime": 1733801531, "views": 14, "formatid": "gen9randombattle", "rating": 1059, "private": 0, "password": null}