{"id": "gen9randombattle-2259966669", "format": "[Gen 9] Random Battle", "players": ["johannesbestie", "uncle cado"], "log": "|j|\u203djohannesbestie\n|j|\u2606uncle cado\n|t:|1733785310\n|gametype|singles\n|player|p1|johannesbestie|cynthia|1282\n|player|p2|uncle cado|1|1262\n|teamsize|p1|6\n|teamsize|p2|6\n|gen|9\n|tier|[Gen 9] Random Battle\n|rated|\n|rule|Species Clause: Limit one of each Pok\u00e9mon\n|rule|HP Percentage Mod: HP is shown in percentages\n|rule|Sleep Clause Mod: Limit one foe put to sleep\n|rule|Illusion Level Mod: Illusion disguises the Pok\u00e9mon's true level\n|\n|t:|1733785310\n|start\n|switch|p1a: Terrakion|Terrakion, L79|273/273\n|switch|p2a: Baxcalibur|Baxcalibur, L75, M|296/296\n|turn|1\n|\n|t:|1733785330\n|switch|p2a: Hypno|Hypno, L95, M|315/315\n|move|p1a: Terrakion|Swords Dance|p1a: Terrakion\n|-boost|p1a: Terrakion|atk|2\n|\n|upkeep\n|turn|2\n|\n|t:|1733785343\n|move|p1a: Terrakion|Stone Edge|p2a: Hypno\n|-damage|p2a: Hypno|0 fnt\n|faint|p2a: Hypno\n|-damage|p1a: Terrakion|246/273|[from] item: Life Orb\n|\n|upkeep\n|\n|t:|1733785362\n|switch|p2a: Torkoal|Torkoal, L88, M|266/266\n|-weather|SunnyDay|[from] ability: Drought|[of] p2a: Torkoal\n|turn|3\n|\n|t:|1733785373\n|move|p1a: Terrakion|Stone Edge|p2a: Torkoal|[miss]\n|-miss|p1a: Terrakion|p2a: Torkoal\n|move|p2a: Torkoal|Solar Beam||[still]\n|-prepare|p2a: Torkoal|Solar Beam\n|-anim|p2a: Torkoal|Solar Beam|p1a: Terrakion\n|-supereffective|p1a: Terrakion\n|-damage|p1a: Terrakion|72/273\n|\n|-weather|SunnyDay|[upkeep]\n|upkeep\n|turn|4\n|\n|t:|1733785382\n|move|p1a: Terrakion|Stone Edge|p2a: Torkoal\n|-supereffective|p2a: Torkoal\n|-damage|p2a: Torkoal|0 fnt\n|faint|p2a: Torkoal\n|-damage|p1a: Terrakion|45/273|[from] item: Life Orb\n|\n|-weather|SunnyDay|[upkeep]\n|upkeep\n|\n|t:|1733785391\n|switch|p2a: Palafin|Palafin, L77, M|281/281\n|turn|5\n|inactive|Battle timer is ON: inactive players will automatically lose when time's up. (requested by uncle cado)\n|\n|t:|1733785435\n|move|p2a: Palafin|Jet Punch|p1a: Terrakion\n|-supereffective|p1a: Terrakion\n|-damage|p1a: Terrakion|1/273\n|move|p1a: Terrakion|Close Combat|p2a: Palafin\n|-damage|p2a: Palafin|0 fnt\n|-unboost|p1a: Terrakion|def|1\n|-unboost|p1a: Terrakion|spd|1\n|faint|p2a: Palafin\n|-damage|p1a: Terrakion|0 fnt|[from] item: Life Orb\n|faint|p1a: Terrakion\n|\n|-weather|SunnyDay|[upkeep]\n|upkeep\n|\n|t:|1733785455\n|switch|p1a: Flygon|Flygon, L82, M|265/265\n|switch|p2a: Miraidon|Miraidon, L65|238/238\n|-fieldstart|move: Electric Terrain|[from] ability: Hadron Engine|[of] p2a: Miraidon\n|turn|6\n|\n|t:|1733785465\n|move|p1a: Flygon|U-turn|p2a: Miraidon\n|-crit|p2a: Miraidon\n|-damage|p2a: Miraidon|152/238\n|\n|t:|1733785483\n|switch|p1a: Whiscash|Whiscash, L88, M|337/337|[from] U-turn\n|move|p2a: Miraidon|Calm Mind|p2a: Miraidon\n|-boost|p2a: Miraidon|spa|1\n|-boost|p2a: Miraidon|spd|1\n|\n|-weather|SunnyDay|[upkeep]\n|-heal|p2a: Miraidon|166/238|[from] item: Leftovers\n|upkeep\n|turn|7\n|inactive|johannesbestie has 120 seconds left.\n|\n|t:|1733785501\n|move|p2a: Miraidon|Substitute|p2a: Miraidon\n|-start|p2a: Miraidon|Substitute\n|-damage|p2a: Miraidon|107/238\n|move|p1a: Whiscash|Earthquake|p2a: Miraidon\n|-supereffective|p2a: Miraidon\n|-end|p2a: Miraidon|Substitute\n|\n|-weather|none\n|-heal|p2a: Miraidon|121/238|[from] item: Leftovers\n|upkeep\n|turn|8\n|\n|t:|1733785510\n|move|p2a: Miraidon|Draco Meteor|p1a: Whiscash\n|-damage|p1a: Whiscash|94/337\n|-unboost|p2a: Miraidon|spa|2\n|move|p1a: Whiscash|Earthquake|p2a: Miraidon\n|-supereffective|p2a: Miraidon\n|-damage|p2a: Miraidon|0 fnt\n|faint|p2a: Miraidon\n|\n|-heal|p1a: Whiscash|115/337|[from] item: Leftovers\n|upkeep\n|\n|t:|1733785520\n|switch|p2a: Baxcalibur|Baxcalibur, L75, M|296/296\n|turn|9\n|\n|t:|1733785539\n|move|p2a: Baxcalibur|Dragon Dance|p2a: Baxcalibur\n|-boost|p2a: Baxcalibur|atk|1\n|-boost|p2a: Baxcalibur|spe|1\n|move|p1a: Whiscash|Earthquake|p2a: Baxcalibur\n|-damage|p2a: Baxcalibur|188/296\n|\n|-heal|p1a: Whiscash|136/337|[from] item: Leftovers\n|upkeep\n|turn|10\n|\n|t:|1733785548\n|move|p2a: Baxcalibur|Dragon Dance|p2a: Baxcalibur\n|-boost|p2a: Baxcalibur|atk|1\n|-boost|p2a: Baxcalibur|spe|1\n|move|p1a: Whiscash|Earthquake|p2a: Baxcalibur\n|-damage|p2a: Baxcalibur|77/296\n|\n|-heal|p1a: Whiscash|157/337|[from] item: Leftovers\n|-fieldend|move: Electric Terrain\n|upkeep\n|turn|11\n|inactive|uncle cado has 120 seconds left.\n|\n|t:|1733785582\n|move|p2a: Baxcalibur|Glaive Rush|p1a: Whiscash\n|-damage|p1a: Whiscash|0 fnt\n|-singlemove|p2a: Baxcalibur|Glaive Rush|[silent]\n|faint|p1a: Whiscash\n|\n|upkeep\n|\n|t:|1733785594\n|switch|p1a: Houndoom|Houndoom, L87, M|272/272\n|turn|12\n|inactive|uncle cado has 120 seconds left.\n|\n|t:|1733785612\n|-terastallize|p2a: Baxcalibur|Dragon\n|move|p1a: Houndoom|Sucker Punch|p2a: Baxcalibur\n|-damage|p2a: Baxcalibur|0 fnt\n|faint|p2a: Baxcalibur\n|\n|upkeep\n|\n|t:|1733785616\n|switch|p2a: Galvantula|Galvantula, L82, M|249/249\n|turn|13\n|-message|uncle cado forfeited.\n|\n|win|johannesbestie\n|raw|johannesbestie's rating: 1282 &rarr; <strong>1306</strong><br />(+24 for winning)\n|raw|uncle cado's rating: 1262 &rarr; <strong>1238</strong><br />(-24 for losing)\n|l|\u2606uncle cado\n|player|p2|\n", "inputlog": ">version bfd83cad13791eb5a5a409923076391caf6fb4d4\n>start {\"formatid\":\"gen9randombattle\",\"seed\":[9229,46204,42166,51031],\"rated\":\"Rated battle\"}\n>player p1 {\"name\":\"johannesbestie\",\"avatar\":\"cynthia\",\"rating\":1282,\"seed\":[43285,36837,25050,52108]}\n>player p2 {\"name\":\"uncle cado\",\"avatar\":\"1\",\"rating\":1262,\"seed\":[31266,34952,30474,10843]}\n>p1 move swordsdance\n>p2 switch 6\n>p1 move stoneedge\n>p2 move thunderwave\n>p2 switch 3\n>p1 move stoneedge\n>p2 move solarbeam\n>p1 move stoneedge\n>p2 move solarbeam\n>p2 switch 2\n>p1 move closecombat\n>p2 move jetpunch\n>p1 switch 4\n>p2 switch 4\n>p1 move uturn\n>p2 move calmmind\n>p1 switch 3\n>p1 move earthquake\n>p2 move substitute\n>p1 move earthquake\n>p2 move dracometeor\n>p2 switch 6\n>p1 move earthquake\n>p2 move dragondance\n>p1 move earthquake\n>p2 move dragondance\n>p1 move earthquake\n>p2 move glaiverush\n>p1 switch 6\n>p1 move suckerpunch\n>p2 move earthquake terastallize\n>p2 switch 5\n>forcelose p2", "uploadtime": 1733785634, "views": 1, "formatid": "gen9randombattle", "rating": 1238, "private": 0, "password": null}