{"id": "gen9randombattle-2260757009", "format": "[Gen 9] Random Battle", "players": ["qiuescent", "loadusgemple"], "log": "|j|\u203dqiuescent\n|j|\u2606loadusgemple\n|t:|1733887613\n|gametype|singles\n|player|p1|qiuescent|266|2252\n|player|p2|loadusgemple|kimonogirl|2170\n|teamsize|p1|6\n|teamsize|p2|6\n|gen|9\n|tier|[Gen 9] Random Battle\n|rated|\n|rule|Species Clause: Limit one of each Pok\u00e9mon\n|rule|HP Percentage Mod: HP is shown in percentages\n|rule|Sleep Clause Mod: Limit one foe put to sleep\n|rule|Illusion Level Mod: Illusion disguises the Pok\u00e9mon's true level\n|\n|t:|1733887613\n|start\n|switch|p1a: Palkia|Palkia, L75|259/259\n|switch|p2a: Porygon2|Porygon2, L82|274/274\n|-ability|p1a: Palkia|Pressure\n|-ability|p2a: Porygon2|Download|boost\n|-boost|p2a: Porygon2|atk|1\n|turn|1\n|\n|t:|1733887624\n|move|p1a: Palkia|Thunder Wave|p2a: Porygon2\n|-status|p2a: Porygon2|par\n|move|p2a: Porygon2|Discharge|p1a: Palkia\n|-damage|p1a: Palkia|206/259\n|\n|upkeep\n|turn|2\n|\n|t:|1733887628\n|move|p1a: Palkia|Spacial Rend|p2a: Porygon2\n|-damage|p2a: Porygon2|177/274 par\n|cant|p2a: Porygon2|par\n|\n|upkeep\n|turn|3\n|\n|t:|1733887633\n|move|p1a: Palkia|Spacial Rend|p2a: Porygon2\n|-damage|p2a: Porygon2|90/274 par\n|move|p2a: Porygon2|Recover|p2a: Porygon2\n|-heal|p2a: Porygon2|227/274 par\n|\n|upkeep\n|turn|4\n|\n|t:|1733887638\n|move|p1a: Palkia|Spacial Rend|p2a: Porygon2\n|-damage|p2a: Porygon2|124/274 par\n|move|p2a: Porygon2|Recover|p2a: Porygon2\n|-heal|p2a: Porygon2|261/274 par\n|\n|upkeep\n|turn|5\n|\n|t:|1733887642\n|move|p1a: Palkia|Spacial Rend|p2a: Porygon2\n|-damage|p2a: Porygon2|171/274 par\n|move|p2a: Porygon2|Discharge|p1a: Palkia\n|-damage|p1a: Palkia|158/259\n|\n|upkeep\n|turn|6\n|\n|t:|1733887650\n|move|p1a: Palkia|Spacial Rend|p2a: Porygon2\n|-damage|p2a: Porygon2|78/274 par\n|cant|p2a: Porygon2|par\n|\n|upkeep\n|turn|7\n|inactive|Battle timer is ON: inactive players will automatically lose when time's up. (requested by qiuescent)\n|\n|t:|1733887678\n|move|p1a: Palkia|Spacial Rend|p2a: Porygon2\n|-damage|p2a: Porygon2|0 fnt\n|faint|p2a: Porygon2\n|\n|upkeep\n|\n|t:|1733887688\n|switch|p2a: Jolteon|Jolteon, L84, M|246/246\n|turn|8\n|\n|t:|1733887692\n|move|p2a: Jolteon|Alluring Voice|p1a: Palkia\n|-supereffective|p1a: Palkia\n|-damage|p1a: Palkia|0 fnt\n|faint|p1a: Palkia\n|\n|upkeep\n|\n|t:|1733887697\n|switch|p1a: Scizor|Scizor, L79, M|240/240\n|turn|9\n|\n|t:|1733887711\n|switch|p2a: Hitmontop|Hitmontop, L88, M|231/231\n|-ability|p2a: Hitmontop|Intimidate|boost\n|-unboost|p1a: Scizor|atk|1\n|move|p1a: Scizor|Knock Off|p2a: Hitmontop\n|-resisted|p2a: Hitmontop\n|-damage|p2a: Hitmontop|209/231\n|-enditem|p2a: Hitmontop|Assault Vest|[from] move: Knock Off|[of] p1a: Scizor\n|\n|upkeep\n|turn|10\n|\n|t:|1733887719\n|switch|p1a: Scream Tail|Scream Tail, L84|330/330\n|move|p2a: Hitmontop|Close Combat|p1a: Scream Tail\n|-resisted|p1a: Scream Tail\n|-damage|p1a: Scream Tail|296/330\n|-unboost|p2a: Hitmontop|def|1\n|-unboost|p2a: Hitmontop|spd|1\n|\n|-heal|p1a: Scream Tail|316/330|[from] item: Leftovers\n|upkeep\n|turn|11\n|\n|t:|1733887724\n|switch|p2a: Revavroom|Revavroom, L79, M|256/256\n|move|p1a: Scream Tail|Dazzling Gleam|p2a: Revavroom\n|-resisted|p2a: Revavroom\n|-damage|p2a: Revavroom|237/256\n|\n|-heal|p1a: Scream Tail|330/330|[from] item: Leftovers\n|upkeep\n|turn|12\n|\n|t:|1733887752\n|-end|p1a: Scream Tail|Protosynthesis|[silent]\n|switch|p1a: Scizor|Scizor, L79, M|240/240\n|move|p2a: Revavroom|Gunk Shot|p1a: Scizor\n|-immune|p1a: Scizor\n|\n|upkeep\n|turn|13\n|\n|t:|1733887759\n|switch|p2a: Hitmontop|Hitmontop, L88, M|209/231\n|-ability|p2a: Hitmontop|Intimidate|boost\n|-unboost|p1a: Scizor|atk|1\n|move|p1a: Scizor|Close Combat|p2a: Hitmontop\n|-damage|p2a: Hitmontop|156/231\n|-unboost|p1a: Scizor|def|1\n|-unboost|p1a: Scizor|spd|1\n|\n|upkeep\n|turn|14\n|\n|t:|1733887768\n|switch|p2a: Revavroom|Revavroom, L79, M|237/256\n|switch|p1a: Scream Tail|Scream Tail, L84|330/330\n|\n|upkeep\n|turn|15\n|\n|t:|1733887772\n|move|p1a: Scream Tail|Thunder Wave|p2a: Revavroom\n|-status|p2a: Revavroom|par\n|move|p2a: Revavroom|Shift Gear|p2a: Revavroom\n|-boost|p2a: Revavroom|spe|2\n|-boost|p2a: Revavroom|atk|1\n|\n|upkeep\n|turn|16\n|\n|t:|1733887780\n|-end|p1a: Scream Tail|Protosynthesis|[silent]\n|switch|p1a: Scizor|Scizor, L79, M|240/240\n|move|p2a: Revavroom|Shift Gear|p2a: Revavroom\n|-boost|p2a: Revavroom|spe|2\n|-boost|p2a: Revavroom|atk|1\n|\n|upkeep\n|turn|17\n|\n|t:|1733887784\n|move|p2a: Revavroom|High Horsepower|p1a: Scizor|[miss]\n|-miss|p2a: Revavroom|p1a: Scizor\n|move|p1a: Scizor|Close Combat|p2a: Revavroom\n|-damage|p2a: Revavroom|144/256 par\n|-unboost|p1a: Scizor|def|1\n|-unboost|p1a: Scizor|spd|1\n|\n|upkeep\n|turn|18\n|\n|t:|1733887795\n|move|p2a: Revavroom|High Horsepower|p1a: Scizor\n|-damage|p1a: Scizor|0 fnt\n|faint|p1a: Scizor\n|-damage|p2a: Revavroom|119/256 par|[from] item: Life Orb\n|\n|upkeep\n|\n|t:|1733887804\n|switch|p1a: Scovillain|Scovillain, L91, F|266/266\n|turn|19\n|\n|t:|1733887809\n|-terastallize|p1a: Scovillain|Steel\n|cant|p2a: Revavroom|par\n|move|p1a: Scovillain|Flamethrower|p2a: Revavroom\n|-supereffective|p2a: Revavroom\n|-damage|p2a: Revavroom|0 fnt\n|faint|p2a: Revavroom\n|\n|upkeep\n|\n|t:|1733887818\n|switch|p2a: Jolteon|Jolteon, L84, M|246/246\n|turn|20\n|\n|t:|1733887823\n|move|p1a: Scovillain|Protect|p1a: Scovillain\n|-singleturn|p1a: Scovillain|Protect\n|move|p2a: Jolteon|Volt Switch|p1a: Scovillain\n|-activate|p1a: Scovillain|move: Protect\n|\n|upkeep\n|turn|21\n|\n|t:|1733887827\n|switch|p1a: Gardevoir|Gardevoir, L83, M|249/249\n|-ability|p1a: Gardevoir|Volt Absorb|[from] ability: Trace|[of] p2a: Jolteon\n|move|p2a: Jolteon|Volt Switch|p1a: Gardevoir\n|-immune|p1a: Gardevoir|[from] ability: Volt Absorb\n|\n|upkeep\n|turn|22\n|\n|t:|1733887834\n|switch|p2a: Hitmontop|Hitmontop, L88, M|156/231\n|-ability|p2a: Hitmontop|Intimidate|boost\n|-unboost|p1a: Gardevoir|atk|1\n|move|p1a: Gardevoir|Psychic|p2a: Hitmontop\n|-supereffective|p2a: Hitmontop\n|-damage|p2a: Hitmontop|0 fnt\n|faint|p2a: Hitmontop\n|-damage|p1a: Gardevoir|225/249|[from] item: Life Orb\n|\n|upkeep\n|\n|t:|1733887837\n|switch|p2a: Vivillon|Vivillon-Sandstorm, L84, F|272/272\n|turn|23\n|\n|t:|1733887854\n|switch|p1a: Scream Tail|Scream Tail, L84|330/330\n|move|p2a: Vivillon|Sleep Powder|p1a: Scream Tail\n|-status|p1a: Scream Tail|slp|[from] move: Sleep Powder\n|\n|upkeep\n|turn|24\n|\n|t:|1733887858\n|-end|p1a: Scream Tail|Protosynthesis|[silent]\n|switch|p1a: Scovillain|Scovillain, L91, F, tera:Steel|266/266\n|move|p2a: Vivillon|Quiver Dance|p2a: Vivillon\n|-boost|p2a: Vivillon|spa|1\n|-boost|p2a: Vivillon|spd|1\n|-boost|p2a: Vivillon|spe|1\n|\n|upkeep\n|turn|25\n|\n|t:|1733887861\n|-terastallize|p2a: Vivillon|Flying\n|move|p2a: Vivillon|Hurricane|p1a: Scovillain\n|-resisted|p1a: Scovillain\n|-damage|p1a: Scovillain|144/266\n|move|p1a: Scovillain|Leech Seed|p2a: Vivillon\n|-start|p2a: Vivillon|move: Leech Seed\n|\n|-heal|p1a: Scovillain|160/266|[from] item: Leftovers\n|-damage|p2a: Vivillon|238/272|[from] Leech Seed|[of] p1a: Scovillain\n|-heal|p1a: Scovillain|194/266|[silent]\n|upkeep\n|turn|26\n|\n|t:|1733887870\n|move|p2a: Vivillon|Quiver Dance|p2a: Vivillon\n|-boost|p2a: Vivillon|spa|1\n|-boost|p2a: Vivillon|spd|1\n|-boost|p2a: Vivillon|spe|1\n|move|p1a: Scovillain|Flamethrower|p2a: Vivillon\n|-damage|p2a: Vivillon|148/272\n|\n|-heal|p1a: Scovillain|210/266|[from] item: Leftovers\n|-damage|p2a: Vivillon|114/272|[from] Leech Seed|[of] p1a: Scovillain\n|-heal|p1a: Scovillain|244/266|[silent]\n|upkeep\n|turn|27\n|\n|t:|1733887874\n|move|p2a: Vivillon|Quiver Dance|p2a: Vivillon\n|-boost|p2a: Vivillon|spa|1\n|-boost|p2a: Vivillon|spd|1\n|-boost|p2a: Vivillon|spe|1\n|move|p1a: Scovillain|Flamethrower|p2a: Vivillon\n|-damage|p2a: Vivillon|39/272\n|\n|-heal|p1a: Scovillain|260/266|[from] item: Leftovers\n|-damage|p2a: Vivillon|5/272|[from] Leech Seed|[of] p1a: Scovillain\n|-heal|p1a: Scovillain|266/266|[silent]\n|upkeep\n|turn|28\n|\n|t:|1733887877\n|move|p1a: Scovillain|Protect|p1a: Scovillain\n|-singleturn|p1a: Scovillain|Protect\n|move|p2a: Vivillon|Hurricane|p1a: Scovillain\n|-activate|p1a: Scovillain|move: Protect\n|\n|-damage|p2a: Vivillon|0 fnt|[from] Leech Seed|[of] p1a: Scovillain\n|faint|p2a: Vivillon\n|upkeep\n|-message|loadusgemple forfeited.\n|\n|win|qiuescent\n|raw|qiuescent's rating: 2252 &rarr; <strong>2267</strong><br />(+15 for winning)\n|raw|loadusgemple's rating: 2170 &rarr; <strong>2155</strong><br />(-15 for losing)\n|l|\u2606loadusgemple\n|player|p2|\n", "inputlog": ">version bfd83cad13791eb5a5a409923076391caf6fb4d4\n>start {\"formatid\":\"gen9randombattle\",\"seed\":[32728,7976,56448,10324],\"rated\":\"Rated battle\"}\n>player p1 {\"name\":\"qiuescent\",\"avatar\":\"266\",\"rating\":2252,\"seed\":[3318,49533,15271,58732]}\n>player p2 {\"name\":\"loadusgemple\",\"avatar\":\"kimonogirl\",\"rating\":2170,\"seed\":[58516,16123,4972,9460]}\n>p1 move thunderwave\n>p2 move discharge\n>p1 move spacialrend\n>p2 move discharge\n>p1 move spacialrend\n>p2 move recover\n>p1 move spacialrend\n>p2 move recover\n>p1 move spacialrend\n>p2 move discharge\n>p1 move spacialrend\n>p2 move recover\n>p1 move spacialrend\n>p2 move recover\n>p2 switch 2\n>p1 move spacialrend\n>p2 move alluringvoice\n>p1 switch 6\n>p1 move knockoff\n>p2 switch 3\n>p1 switch 3\n>p2 move closecombat\n>p1 move dazzlinggleam\n>p2 switch 5\n>p1 switch 3\n>p2 move gunkshot\n>p1 move closecombat\n>p2 switch 5\n>p1 switch 3\n>p2 switch 5\n>p1 move thunderwave\n>p2 move shiftgear\n>p1 switch 3\n>p2 move shiftgear\n>p1 move closecombat\n>p2 move highhorsepower\n>p1 move closecombat\n>p2 move highhorsepower\n>p1 switch 4\n>p1 move flamethrower terastallize\n>p2 move gunkshot\n>p2 switch 3\n>p1 move protect\n>p2 move voltswitch\n>p1 switch 5\n>p2 move voltswitch\n>p1 move psychic\n>p2 switch 5\n>p2 switch 6\n>p1 switch 3\n>p2 move sleeppowder\n>p1 switch 5\n>p2 move quiverdance\n>p1 move leechseed\n>p2 move hurricane terastallize\n>p1 move flamethrower\n>p2 move quiverdance\n>p1 move flamethrower\n>p2 move quiverdance\n>p1 move protect\n>p2 move hurricane\n>forcelose p2", "uploadtime": 1733887889, "views": 7, "formatid": "gen9randombattle", "rating": 2155, "private": 0, "password": null}