{"id": "gen9randombattle-2190991439", "format": "[Gen 9] Random Battle", "players": ["Yusei1789", "skibidi666"], "log": "|badge|p1|bronze|gen9randombattle|100-2\n|uhtml|medal-msg|<div class=\"broadcast-blue\">Curious what those medals under the avatar are? PS now has Ladder Seasons! For more information, check out the <a href=\"https://www.smogon.com/forums/threads/3740067/\">thread on Smogon.</a></div>\n|j|\u2606Yusei1789\n|j|\u2606skibidi666\n|t:|1725022330\n|gametype|singles\n|player|p1|Yusei1789|169|2318\n|player|p2|skibidi666|unknown|2246\n|teamsize|p1|6\n|teamsize|p2|6\n|gen|9\n|tier|[Gen 9] Random Battle\n|rated|\n|rule|Species Clause: Limit one of each Pok\u00e9mon\n|rule|HP Percentage Mod: HP is shown in percentages\n|rule|Sleep Clause Mod: Limit one foe put to sleep\n|rule|Illusion Level Mod: Illusion disguises the Pok\u00e9mon's true level\n|\n|t:|1725022330\n|start\n|switch|p1a: Scizor|Scizor, L79, F|240/240\n|switch|p2a: Dialga|Dialga-Origin, L73|266/266\n|-ability|p2a: Dialga|Pressure\n|turn|1\n|inactive|Battle timer is ON: inactive players will automatically lose when time's up. (requested by Yusei1789)\n|inactive|Yusei1789 has 120 seconds left.\n|\n|t:|1725022369\n|switch|p1a: Ho-Oh|Ho-Oh, L71|268/268\n|move|p2a: Dialga|Stealth Rock|p1a: Ho-Oh\n|-sidestart|p1: Yusei1789|move: Stealth Rock\n|\n|upkeep\n|turn|2\n|\n|t:|1725022382\n|switch|p2a: Quagsire|Quagsire, L84, F|297/297\n|move|p1a: Ho-Oh|Sacred Fire|p2a: Quagsire\n|-resisted|p2a: Quagsire\n|-damage|p2a: Quagsire|247/297\n|\n|-heal|p2a: Quagsire|265/297|[from] item: Leftovers\n|upkeep\n|turn|3\n|\n|t:|1725022399\n|switch|p1a: Scizor|Scizor, L79, F|240/240\n|-damage|p1a: Scizor|210/240|[from] Stealth Rock\n|move|p2a: Quagsire|Toxic|p1a: Scizor\n|-immune|p1a: Scizor\n|\n|-heal|p1a: Scizor|225/240|[from] item: Leftovers\n|-heal|p2a: Quagsire|283/297|[from] item: Leftovers\n|upkeep\n|turn|4\n|\n|t:|1725022406\n|move|p1a: Scizor|Defog|p2a: Quagsire\n|-unboost|p2a: Quagsire|evasion|1\n|-sideend|p1: Yusei1789|Stealth Rock|[from] move: Defog|[of] p1a: Scizor\n|move|p2a: Quagsire|Earthquake|p1a: Scizor\n|-damage|p1a: Scizor|132/240\n|\n|-heal|p1a: Scizor|147/240|[from] item: Leftovers\n|-heal|p2a: Quagsire|297/297|[from] item: Leftovers\n|upkeep\n|turn|5\n|\n|t:|1725022427\n|move|p1a: Scizor|Knock Off|p2a: Quagsire\n|-damage|p2a: Quagsire|218/297\n|-enditem|p2a: Quagsire|Leftovers|[from] move: Knock Off|[of] p1a: Scizor\n|move|p2a: Quagsire|Toxic|p1a: Scizor\n|-immune|p1a: Scizor\n|\n|-heal|p1a: Scizor|162/240|[from] item: Leftovers\n|upkeep\n|turn|6\n|\n|t:|1725022434\n|switch|p1a: Leafeon|Leafeon, L88, M|258/258\n|move|p2a: Quagsire|Earthquake|p1a: Leafeon\n|-resisted|p1a: Leafeon\n|-damage|p1a: Leafeon|226/258\n|\n|-heal|p1a: Leafeon|242/258|[from] item: Leftovers\n|upkeep\n|turn|7\n|\n|t:|1725022446\n|switch|p2a: Dialga|Dialga-Origin, L73|266/266\n|-ability|p2a: Dialga|Pressure\n|move|p1a: Leafeon|Substitute|p1a: Leafeon\n|-start|p1a: Leafeon|Substitute\n|-damage|p1a: Leafeon|178/258\n|\n|-heal|p1a: Leafeon|194/258|[from] item: Leftovers\n|upkeep\n|turn|8\n|\n|t:|1725022462\n|move|p1a: Leafeon|Swords Dance|p1a: Leafeon\n|-boost|p1a: Leafeon|atk|2\n|move|p2a: Dialga|Stealth Rock|p1a: Leafeon\n|-sidestart|p1: Yusei1789|move: Stealth Rock\n|\n|-heal|p1a: Leafeon|210/258|[from] item: Leftovers\n|upkeep\n|turn|9\n|\n|t:|1725022470\n|move|p1a: Leafeon|Knock Off|p2a: Dialga\n|-damage|p2a: Dialga|167/266\n|move|p2a: Dialga|Flash Cannon|p1a: Leafeon\n|-end|p1a: Leafeon|Substitute\n|\n|-heal|p1a: Leafeon|226/258|[from] item: Leftovers\n|upkeep\n|turn|10\n|\n|t:|1725022480\n|move|p1a: Leafeon|Knock Off|p2a: Dialga\n|-damage|p2a: Dialga|68/266\n|move|p2a: Dialga|Flash Cannon|p1a: Leafeon\n|-damage|p1a: Leafeon|105/258\n|\n|-heal|p1a: Leafeon|121/258|[from] item: Leftovers\n|upkeep\n|turn|11\n|\n|t:|1725022489\n|move|p1a: Leafeon|Knock Off|p2a: Dialga\n|-damage|p2a: Dialga|0 fnt\n|faint|p2a: Dialga\n|\n|-heal|p1a: Leafeon|137/258|[from] item: Leftovers\n|upkeep\n|\n|t:|1725022493\n|switch|p2a: Deoxys|Deoxys-Speed, L82|216/216\n|-ability|p2a: Deoxys|Pressure\n|turn|12\n|\n|t:|1725022510\n|-terastallize|p1a: Leafeon|Dark\n|move|p2a: Deoxys|Psycho Boost|p1a: Leafeon\n|-immune|p1a: Leafeon\n|move|p1a: Leafeon|Knock Off|p2a: Deoxys\n|-supereffective|p2a: Deoxys\n|-damage|p2a: Deoxys|0 fnt\n|-enditem|p2a: Deoxys|Life Orb|[from] move: Knock Off|[of] p1a: Leafeon\n|faint|p2a: Deoxys\n|\n|-heal|p1a: Leafeon|153/258|[from] item: Leftovers\n|upkeep\n|inactive|skibidi666 has 120 seconds left.\n|\n|t:|1725022541\n|switch|p2a: Medicham|Medicham, L86, F|243/243\n|turn|13\n|\n|t:|1725022552\n|move|p2a: Medicham|Bullet Punch|p1a: Leafeon\n|-damage|p1a: Leafeon|110/258\n|move|p1a: Leafeon|Leaf Blade|p2a: Medicham\n|-damage|p2a: Medicham|3/243\n|\n|-heal|p1a: Leafeon|126/258|[from] item: Leftovers\n|upkeep\n|turn|14\n|\n|t:|1725022559\n|move|p2a: Medicham|Bullet Punch|p1a: Leafeon\n|-damage|p1a: Leafeon|83/258\n|move|p1a: Leafeon|Leaf Blade|p2a: Medicham\n|-damage|p2a: Medicham|0 fnt\n|faint|p2a: Medicham\n|\n|-heal|p1a: Leafeon|99/258|[from] item: Leftovers\n|upkeep\n|\n|t:|1725022563\n|switch|p2a: Serperior|Serperior, L79, F|248/248\n|turn|15\n|\n|t:|1725022588\n|switch|p1a: Ho-Oh|Ho-Oh, L71|268/268\n|move|p2a: Serperior|Leaf Storm|p1a: Ho-Oh\n|-resisted|p1a: Ho-Oh\n|-damage|p1a: Ho-Oh|249/268\n|-boost|p2a: Serperior|spa|2\n|\n|upkeep\n|turn|16\n|\n|t:|1725022600\n|move|p2a: Serperior|Leech Seed|p1a: Ho-Oh\n|-start|p1a: Ho-Oh|move: Leech Seed\n|move|p1a: Ho-Oh|Brave Bird|p2a: Serperior\n|-supereffective|p2a: Serperior\n|-damage|p2a: Serperior|0 fnt\n|faint|p2a: Serperior\n|-damage|p1a: Ho-Oh|167/268|[from] Recoil\n|\n|upkeep\n|\n|t:|1725022604\n|switch|p2a: Rayquaza|Rayquaza, L72|270/270\n|-ability|p2a: Rayquaza|Air Lock\n|turn|17\n|\n|t:|1725022614\n|move|p2a: Rayquaza|Dragon Dance|p2a: Rayquaza\n|-boost|p2a: Rayquaza|atk|1\n|-boost|p2a: Rayquaza|spe|1\n|move|p1a: Ho-Oh|Brave Bird|p2a: Rayquaza\n|-damage|p2a: Rayquaza|134/270\n|-damage|p1a: Ho-Oh|122/268|[from] Recoil\n|\n|-damage|p1a: Ho-Oh|89/268|[from] Leech Seed|[of] p2a: Rayquaza\n|-heal|p2a: Rayquaza|167/270|[silent]\n|upkeep\n|turn|18\n|\n|t:|1725022625\n|move|p2a: Rayquaza|Dragon Ascent|p1a: Ho-Oh\n|-damage|p1a: Ho-Oh|0 fnt\n|-unboost|p2a: Rayquaza|def|1\n|-unboost|p2a: Rayquaza|spd|1\n|faint|p1a: Ho-Oh\n|\n|upkeep\n|\n|t:|1725022644\n|switch|p1a: Pikachu|Pikachu-World, L93, M|216/216\n|-damage|p1a: Pikachu|189/216|[from] Stealth Rock\n|turn|19\n|\n|t:|1725022655\n|move|p1a: Pikachu|Fake Out|p2a: Rayquaza\n|-damage|p2a: Rayquaza|94/270\n|cant|p2a: Rayquaza|flinch\n|\n|upkeep\n|turn|20\n|\n|t:|1725022672\n|switch|p1a: Magnezone|Magnezone, L85|258/258\n|-damage|p1a: Magnezone|242/258|[from] Stealth Rock\n|move|p2a: Rayquaza|Earthquake|p1a: Magnezone\n|-supereffective|p1a: Magnezone\n|-damage|p1a: Magnezone|0 fnt\n|faint|p1a: Magnezone\n|\n|upkeep\n|\n|t:|1725022677\n|switch|p1a: Scizor|Scizor, L79, F|162/240\n|-damage|p1a: Scizor|132/240|[from] Stealth Rock\n|turn|21\n|\n|t:|1725022684\n|switch|p2a: Quagsire|Quagsire, L84, F|218/297\n|move|p1a: Scizor|Bullet Punch|p2a: Quagsire\n|-resisted|p2a: Quagsire\n|-damage|p2a: Quagsire|180/297\n|\n|-heal|p1a: Scizor|147/240|[from] item: Leftovers\n|upkeep\n|turn|22\n|\n|t:|1725022692\n|move|p1a: Scizor|Close Combat|p2a: Quagsire\n|-damage|p2a: Quagsire|83/297\n|-unboost|p1a: Scizor|def|1\n|-unboost|p1a: Scizor|spd|1\n|move|p2a: Quagsire|Earthquake|p1a: Scizor\n|-damage|p1a: Scizor|50/240\n|\n|-heal|p1a: Scizor|65/240|[from] item: Leftovers\n|upkeep\n|turn|23\n|\n|t:|1725022707\n|move|p1a: Scizor|Close Combat|p2a: Quagsire\n|-damage|p2a: Quagsire|0 fnt\n|-unboost|p1a: Scizor|def|1\n|-unboost|p1a: Scizor|spd|1\n|faint|p2a: Quagsire\n|\n|-heal|p1a: Scizor|80/240|[from] item: Leftovers\n|upkeep\n|\n|t:|1725022713\n|switch|p2a: Rayquaza|Rayquaza, L72|94/270\n|-ability|p2a: Rayquaza|Air Lock\n|turn|24\n|\n|t:|1725022720\n|move|p1a: Scizor|Bullet Punch|p2a: Rayquaza\n|-crit|p2a: Rayquaza\n|-damage|p2a: Rayquaza|0 fnt\n|faint|p2a: Rayquaza\n|\n|win|Yusei1789\n|raw|Yusei1789's rating: 2318 &rarr; <strong>2334</strong><br />(+16 for winning)\n|raw|skibidi666's rating: 2246 &rarr; <strong>2230</strong><br />(-16 for losing)\n|l|\u2606skibidi666\n|player|p2|\n", "inputlog": ">version b487ee646cb6fecaf610a76141b0ec5b10a125c1\n>start {\"formatid\":\"gen9randombattle\",\"seed\":[50424,48257,43794,35548],\"rated\":\"Rated battle\"}\n>player p1 {\"name\":\"Yusei1789\",\"avatar\":\"169\",\"rating\":2318,\"seed\":[14752,51733,13716,3924]}\n>player p2 {\"name\":\"skibidi666\",\"avatar\":\"unknown\",\"rating\":2246,\"seed\":[31934,7526,27383,49999]}\n>p1 switch 6\n>p2 move stealthrock\n>p1 move sacredfire\n>p2 switch 5\n>p1 switch 6\n>p2 move toxic\n>p1 move defog\n>p2 move earthquake\n>p1 move knockoff\n>p2 move toxic\n>p1 switch 5\n>p2 move earthquake\n>p1 move substitute\n>p2 switch 5\n>p1 move swordsdance\n>p2 move stealthrock\n>p1 move knockoff\n>p2 move flashcannon\n>p1 move knockoff\n>p2 move flashcannon\n>p1 move knockoff\n>p2 move flashcannon\n>p2 switch 2\n>p1 move knockoff terastallize\n>p2 move psychoboost\n>p2 switch 4\n>p1 move leafblade\n>p2 move bulletpunch\n>p1 move leafblade\n>p2 move bulletpunch\n>p2 switch 6\n>p1 switch 6\n>p2 move leafstorm\n>p1 move bravebird\n>p2 move leechseed\n>p2 switch 3\n>p1 move bravebird\n>p2 move dragondance\n>p1 move bravebird\n>p2 move dragonascent\n>p1 switch 2\n>p1 move fakeout\n>p2 move earthquake\n>p1 switch 4\n>p2 move earthquake\n>p1 switch 5\n>p1 move bulletpunch\n>p2 switch 5\n>p1 move closecombat\n>p2 move earthquake\n>p1 move closecombat\n>p2 move recover\n>p2 switch 5\n>p1 move bulletpunch\n>p2 move earthquake", "uploadtime": 1725022726, "views": 104, "formatid": "gen9randombattle", "rating": 2230, "private": 0, "password": null}