{"id": "gen9randombattle-2259774037", "format": "[Gen 9] Random Battle", "players": ["Serenity13", "tricktrock"], "log": "|j|\u203dSerenity13\n|j|\u2606tricktrock\n|t:|1733765381\n|gametype|singles\n|player|p1|Serenity13|265|1486\n|player|p2|tricktrock|101|1531\n|teamsize|p1|6\n|teamsize|p2|6\n|gen|9\n|tier|[Gen 9] Random Battle\n|rated|\n|rule|Species Clause: Limit one of each Pok\u00e9mon\n|rule|HP Percentage Mod: HP is shown in percentages\n|rule|Sleep Clause Mod: Limit one foe put to sleep\n|rule|Illusion Level Mod: Illusion disguises the Pok\u00e9mon's true level\n|\n|t:|1733765381\n|start\n|switch|p1a: Raichu|Raichu, L88, M|249/249\n|switch|p2a: Poliwrath|Poliwrath, L88, F|302/302\n|turn|1\n|inactive|Battle timer is ON: inactive players will automatically lose when time's up. (requested by Serenity13)\n|\n|t:|1733765398\n|switch|p2a: Reshiram|Reshiram, L76|277/277\n|-ability|p2a: Reshiram|Turboblaze\n|move|p1a: Raichu|Surf|p2a: Reshiram\n|-damage|p2a: Reshiram|194/277\n|\n|upkeep\n|turn|2\n|\n|t:|1733765411\n|switch|p1a: Piloswine|Piloswine, L85, M|309/309\n|move|p2a: Reshiram|Blue Flare|p1a: Piloswine\n|-supereffective|p1a: Piloswine\n|-damage|p1a: Piloswine|43/309\n|\n|upkeep\n|turn|3\n|\n|t:|1733765421\n|move|p2a: Reshiram|Earth Power|p1a: Piloswine\n|-damage|p1a: Piloswine|0 fnt\n|faint|p1a: Piloswine\n|\n|upkeep\n|\n|t:|1733765424\n|switch|p1a: Vivillon|Vivillon-Jungle, L84, F|272/272\n|turn|4\n|\n|t:|1733765431\n|switch|p2a: Ludicolo|Ludicolo, L90, M|290/290\n|move|p1a: Vivillon|Sleep Powder|p2a: Ludicolo\n|-immune|p2a: Ludicolo\n|\n|upkeep\n|turn|5\n|\n|t:|1733765439\n|move|p1a: Vivillon|Hurricane|p2a: Ludicolo\n|-supereffective|p2a: Ludicolo\n|-damage|p2a: Ludicolo|96/290\n|-start|p2a: Ludicolo|confusion\n|-activate|p2a: Ludicolo|confusion\n|-damage|p2a: Ludicolo|75/290|[from] confusion\n|\n|upkeep\n|turn|6\n|\n|t:|1733765459\n|switch|p2a: Mandibuzz|Mandibuzz, L85, F|326/326\n|move|p1a: Vivillon|Hurricane|p2a: Mandibuzz|[miss]\n|-miss|p1a: Vivillon|p2a: Mandibuzz\n|\n|upkeep\n|turn|7\n|\n|t:|1733765469\n|switch|p1a: Raichu|Raichu, L88, M|249/249\n|move|p2a: Mandibuzz|Toxic|p1a: Raichu|[miss]\n|-miss|p2a: Mandibuzz|p1a: Raichu\n|\n|upkeep\n|turn|8\n|c|\u2606tricktrock|...\n|inactive|tricktrock has 120 seconds left.\n|\n|t:|1733765495\n|move|p1a: Raichu|Volt Switch|p2a: Mandibuzz\n|-supereffective|p2a: Mandibuzz\n|-damage|p2a: Mandibuzz|114/326\n|\n|t:|1733765500\n|switch|p1a: Regigigas|Regigigas, L84|322/322|[from] Volt Switch\n|-start|p1a: Regigigas|ability: Slow Start\n|move|p2a: Mandibuzz|Toxic|p1a: Regigigas|[miss]\n|-miss|p2a: Mandibuzz|p1a: Regigigas\n|\n|upkeep\n|turn|9\n|\n|t:|1733765508\n|move|p2a: Mandibuzz|Toxic|p1a: Regigigas|[miss]\n|-miss|p2a: Mandibuzz|p1a: Regigigas\n|move|p1a: Regigigas|Body Slam|p2a: Mandibuzz\n|-damage|p2a: Mandibuzz|54/326\n|\n|upkeep\n|turn|10\n|\n|t:|1733765511\n|move|p2a: Mandibuzz|Toxic|p1a: Regigigas\n|-status|p1a: Regigigas|tox\n|move|p1a: Regigigas|Body Slam|p2a: Mandibuzz\n|-damage|p2a: Mandibuzz|0 fnt\n|faint|p2a: Mandibuzz\n|\n|-damage|p1a: Regigigas|302/322 tox|[from] psn\n|upkeep\n|c|\u2606tricktrock|DUDE\n|\n|t:|1733765521\n|switch|p2a: Poliwrath|Poliwrath, L88, F|302/302\n|turn|11\n|\n|t:|1733765525\n|move|p2a: Poliwrath|Bulk Up|p2a: Poliwrath\n|-boost|p2a: Poliwrath|atk|1\n|-boost|p2a: Poliwrath|def|1\n|move|p1a: Regigigas|Body Slam|p2a: Poliwrath\n|-damage|p2a: Poliwrath|262/302\n|-status|p2a: Poliwrath|par\n|\n|-heal|p1a: Regigigas|322/322 tox|[from] item: Leftovers\n|-heal|p2a: Poliwrath|280/302 par|[from] item: Leftovers\n|-damage|p1a: Regigigas|282/322 tox|[from] psn\n|upkeep\n|turn|12\n|\n|t:|1733765529\n|move|p1a: Regigigas|Knock Off|p2a: Poliwrath\n|-resisted|p2a: Poliwrath\n|-damage|p2a: Poliwrath|265/302 par\n|-enditem|p2a: Poliwrath|Leftovers|[from] move: Knock Off|[of] p1a: Regigigas\n|move|p2a: Poliwrath|Drain Punch|p1a: Regigigas\n|-supereffective|p1a: Regigigas\n|-damage|p1a: Regigigas|58/322 tox\n|-heal|p2a: Poliwrath|302/302 par|[from] drain|[of] p1a: Regigigas\n|\n|-heal|p1a: Regigigas|78/322 tox|[from] item: Leftovers\n|-damage|p1a: Regigigas|18/322 tox|[from] psn\n|upkeep\n|turn|13\n|\n|t:|1733765535\n|move|p1a: Regigigas|Rest|p1a: Regigigas\n|-status|p1a: Regigigas|slp|[from] move: Rest\n|-heal|p1a: Regigigas|322/322 slp|[silent]\n|move|p2a: Poliwrath|Bulk Up|p2a: Poliwrath\n|-boost|p2a: Poliwrath|atk|1\n|-boost|p2a: Poliwrath|def|1\n|\n|-end|p1a: Regigigas|Slow Start\n|upkeep\n|turn|14\n|\n|t:|1733765539\n|cant|p1a: Regigigas|slp\n|move|p1a: Regigigas|Sleep Talk|p1a: Regigigas\n|move|p1a: Regigigas|Knock Off|p2a: Poliwrath|[from]move: Sleep Talk\n|-resisted|p2a: Poliwrath\n|-damage|p2a: Poliwrath|287/302 par\n|move|p2a: Poliwrath|Drain Punch|p1a: Regigigas\n|-supereffective|p1a: Regigigas\n|-damage|p1a: Regigigas|8/322 slp\n|-heal|p2a: Poliwrath|302/302 par|[from] drain|[of] p1a: Regigigas\n|\n|-heal|p1a: Regigigas|28/322 slp|[from] item: Leftovers\n|upkeep\n|turn|15\n|\n|t:|1733765546\n|cant|p1a: Regigigas|slp\n|move|p1a: Regigigas|Sleep Talk|p1a: Regigigas\n|move|p1a: Regigigas|Rest||[from]move: Sleep Talk|[still]\n|-fail|p1a: Regigigas\n|cant|p2a: Poliwrath|par\n|\n|-heal|p1a: Regigigas|48/322 slp|[from] item: Leftovers\n|upkeep\n|turn|16\n|\n|t:|1733765552\n|-curestatus|p1a: Regigigas|slp|[msg]\n|move|p1a: Regigigas|Body Slam|p2a: Poliwrath\n|-damage|p2a: Poliwrath|238/302 par\n|move|p2a: Poliwrath|Bulk Up|p2a: Poliwrath\n|-boost|p2a: Poliwrath|atk|1\n|-boost|p2a: Poliwrath|def|1\n|\n|-heal|p1a: Regigigas|68/322|[from] item: Leftovers\n|upkeep\n|turn|17\n|\n|t:|1733765555\n|move|p1a: Regigigas|Body Slam|p2a: Poliwrath\n|-damage|p2a: Poliwrath|184/302 par\n|move|p2a: Poliwrath|Drain Punch|p1a: Regigigas\n|-supereffective|p1a: Regigigas\n|-damage|p1a: Regigigas|0 fnt\n|-heal|p2a: Poliwrath|218/302 par|[from] drain|[of] p1a: Regigigas\n|faint|p1a: Regigigas\n|-end|p1a: Regigigas|Slow Start|[silent]\n|\n|upkeep\n|\n|t:|1733765557\n|switch|p1a: Raichu|Raichu, L88, M|249/249\n|turn|18\n|\n|t:|1733765569\n|-terastallize|p2a: Poliwrath|Steel\n|move|p1a: Raichu|Thunderbolt|p2a: Poliwrath\n|-damage|p2a: Poliwrath|83/302 par\n|move|p2a: Poliwrath|Drain Punch|p1a: Raichu\n|-damage|p1a: Raichu|0 fnt\n|-heal|p2a: Poliwrath|208/302 par|[from] drain|[of] p1a: Raichu\n|faint|p1a: Raichu\n|\n|upkeep\n|\n|t:|1733765575\n|switch|p1a: Vivillon|Vivillon-Jungle, L84, F|272/272\n|turn|19\n|-message|Serenity13 forfeited.\n|\n|win|tricktrock\n|raw|Serenity13's rating: 1486 &rarr; <strong>1469</strong><br />(-17 for losing)\n|raw|tricktrock's rating: 1531 &rarr; <strong>1548</strong><br />(+17 for winning)\n|l|\u203dSerenity13\n|player|p1|\n", "inputlog": ">version bfd83cad13791eb5a5a409923076391caf6fb4d4\n>start {\"formatid\":\"gen9randombattle\",\"seed\":[17622,28095,30953,25605],\"rated\":\"Rated battle\"}\n>player p1 {\"name\":\"Serenity13\",\"avatar\":\"265\",\"rating\":1486,\"seed\":[14389,1594,2361,24416]}\n>player p2 {\"name\":\"tricktrock\",\"avatar\":\"101\",\"rating\":1531,\"seed\":[57539,48105,43257,57042]}\n>p1 move surf\n>p2 switch 4\n>p1 switch 4\n>p2 move blueflare\n>p1 move stealthrock\n>p2 move earthpower\n>p1 switch 2\n>p1 move sleeppowder\n>p2 switch 2\n>p1 move hurricane\n>p2 move raindance\n>p1 move hurricane\n>p2 switch 6\n>p1 switch 4\n>p2 move toxic\n>chat \u2606tricktrock|...\n>p1 move voltswitch\n>p2 move toxic\n>p1 switch 6\n>p1 move bodyslam\n>p2 move toxic\n>p1 move bodyslam\n>p2 move toxic\n>chat \u2606tricktrock|DUDE\n>p2 switch 4\n>p1 move bodyslam\n>p2 move bulkup\n>p1 move knockoff\n>p2 move drainpunch\n>p1 move rest\n>p2 move bulkup\n>p1 move sleeptalk\n>p2 move drainpunch\n>p1 move sleeptalk\n>p2 move drainpunch\n>p1 move bodyslam\n>p2 move bulkup\n>p1 move bodyslam\n>p2 move drainpunch\n>p1 switch 6\n>p1 move thunderbolt\n>p2 move drainpunch terastallize\n>p1 switch 4\n>forcelose p1", "uploadtime": 1733765582, "views": 2, "formatid": "gen9randombattle", "rating": 1469, "private": 0, "password": null}