{"id": "gen9randombattle-2260886848", "format": "[Gen 9] Random Battle", "players": ["Shin Rocketeer", "lds22"], "log": "|j|\u2606Shin Rocketeer\n|j|\u2606lds22\n|t:|1733911013\n|gametype|singles\n|player|p1|Shin Rocketeer|proton|1417\n|player|p2|lds22|170|1377\n|teamsize|p1|6\n|teamsize|p2|6\n|gen|9\n|tier|[Gen 9] Random Battle\n|rated|\n|rule|Species Clause: Limit one of each Pok\u00e9mon\n|rule|HP Percentage Mod: HP is shown in percentages\n|rule|Sleep Clause Mod: Limit one foe put to sleep\n|rule|Illusion Level Mod: Illusion disguises the Pok\u00e9mon's true level\n|\n|t:|1733911013\n|start\n|switch|p1a: Stonjourner|Stonjourner, L91, F|330/330\n|switch|p2a: Deoxys|Deoxys-Defense, L84|221/221\n|-ability|p2a: Deoxys|Pressure\n|turn|1\n|j| caixunkunkun\n|l| caixunkunkun\n|\n|t:|1733911033\n|move|p2a: Deoxys|Stealth Rock|p1a: Stonjourner\n|-sidestart|p1: Shin Rocketeer|move: Stealth Rock\n|move|p1a: Stonjourner|Stealth Rock|p2a: Deoxys\n|-sidestart|p2: lds22|move: Stealth Rock\n|\n|upkeep\n|turn|2\n|\n|t:|1733911039\n|switch|p1a: Skuntank|Skuntank, L84, M|310/310\n|-damage|p1a: Skuntank|272/310|[from] Stealth Rock\n|move|p2a: Deoxys|Psychic Noise|p1a: Skuntank\n|-immune|p1a: Skuntank\n|\n|upkeep\n|turn|3\n|\n|t:|1733911048\n|move|p1a: Skuntank|Knock Off|p2a: Deoxys\n|-supereffective|p2a: Deoxys\n|-damage|p2a: Deoxys|47/221\n|-enditem|p2a: Deoxys|Leftovers|[from] move: Knock Off|[of] p1a: Skuntank\n|-damage|p1a: Skuntank|241/310|[from] item: Life Orb\n|move|p2a: Deoxys|Teleport|p2a: Deoxys\n|\n|t:|1733911062\n|switch|p2a: Bellibolt|Bellibolt, L84, M|320/320|[from] Teleport\n|-damage|p2a: Bellibolt|280/320|[from] Stealth Rock\n|\n|-heal|p2a: Bellibolt|300/320|[from] item: Leftovers\n|upkeep\n|turn|4\n|\n|t:|1733911072\n|move|p1a: Skuntank|Knock Off|p2a: Bellibolt\n|-damage|p2a: Bellibolt|182/320\n|-start|p2a: Bellibolt|Charge|Knock Off|[from] ability: Electromorphosis\n|-enditem|p2a: Bellibolt|Leftovers|[from] move: Knock Off|[of] p1a: Skuntank\n|-damage|p1a: Skuntank|210/310|[from] item: Life Orb\n|move|p2a: Bellibolt|Thunderbolt|p1a: Skuntank\n|-damage|p1a: Skuntank|0 fnt\n|faint|p1a: Skuntank\n|-end|p2a: Bellibolt|Charge|[silent]\n|\n|upkeep\n|inactive|Battle timer is ON: inactive players will automatically lose when time's up. (requested by lds22)\n|\n|t:|1733911089\n|switch|p1a: Golurk|Golurk, L87|297/297\n|-damage|p1a: Golurk|279/297|[from] Stealth Rock\n|turn|5\n|\n|t:|1733911093\n|move|p1a: Golurk|Earthquake|p2a: Bellibolt\n|-supereffective|p2a: Bellibolt\n|-damage|p2a: Bellibolt|0 fnt\n|faint|p2a: Bellibolt\n|\n|upkeep\n|\n|t:|1733911096\n|switch|p2a: Dragapult|Dragapult, L77, F|262/262\n|-damage|p2a: Dragapult|230/262|[from] Stealth Rock\n|turn|6\n|\n|t:|1733911111\n|switch|p2a: Deoxys|Deoxys-Defense, L84|47/221\n|-damage|p2a: Deoxys|20/221|[from] Stealth Rock\n|-ability|p2a: Deoxys|Pressure\n|-terastallize|p1a: Golurk|Ground\n|move|p1a: Golurk|Earthquake|p2a: Deoxys\n|-damage|p2a: Deoxys|0 fnt\n|faint|p2a: Deoxys\n|\n|upkeep\n|\n|t:|1733911117\n|switch|p2a: Glalie|Glalie, L96, M|309/309\n|turn|7\n|\n|t:|1733911127\n|switch|p1a: Falinks|Falinks, L84|246/246\n|-damage|p1a: Falinks|231/246|[from] Stealth Rock\n|move|p2a: Glalie|Freeze-Dry|p1a: Falinks\n|-damage|p1a: Falinks|120/246\n|\n|upkeep\n|turn|8\n|\n|t:|1733911144\n|move|p2a: Glalie|Earthquake|p1a: Falinks\n|-damage|p1a: Falinks|45/246\n|move|p1a: Falinks|No Retreat|p1a: Falinks\n|-boost|p1a: Falinks|atk|1\n|-boost|p1a: Falinks|def|1\n|-boost|p1a: Falinks|spa|1\n|-boost|p1a: Falinks|spd|1\n|-boost|p1a: Falinks|spe|1\n|-start|p1a: Falinks|move: No Retreat\n|\n|upkeep\n|turn|9\n|\n|t:|1733911151\n|switch|p2a: Dragapult|Dragapult, L77, F|230/262\n|-damage|p2a: Dragapult|198/262|[from] Stealth Rock\n|move|p1a: Falinks|Close Combat|p2a: Dragapult\n|-immune|p2a: Dragapult\n|\n|upkeep\n|turn|10\n|\n|t:|1733911155\n|move|p2a: Dragapult|Dragon Darts|p1a: Falinks\n|-damage|p1a: Falinks|6/246\n|-anim|p2a: Dragapult|Dragon Darts|p1a: Falinks\n|-damage|p1a: Falinks|0 fnt\n|faint|p1a: Falinks\n|-damage|p2a: Dragapult|172/262|[from] item: Life Orb\n|\n|upkeep\n|\n|t:|1733911170\n|switch|p1a: Medicham|Medicham, L86, M|243/243\n|-damage|p1a: Medicham|228/243|[from] Stealth Rock\n|turn|11\n|\n|t:|1733911182\n|switch|p2a: Shaymin|Shaymin, L82|298/298\n|-damage|p2a: Shaymin|261/298|[from] Stealth Rock\n|move|p1a: Medicham|Bullet Punch|p2a: Shaymin\n|-damage|p2a: Shaymin|201/298\n|\n|-heal|p2a: Shaymin|219/298|[from] item: Leftovers\n|upkeep\n|turn|12\n|\n|t:|1733911194\n|switch|p1a: Necrozma|Necrozma-Dusk-Mane, L69|248/248\n|-damage|p1a: Necrozma|233/248|[from] Stealth Rock\n|move|p2a: Shaymin|Synthesis|p2a: Shaymin\n|-heal|p2a: Shaymin|298/298\n|\n|upkeep\n|turn|13\n|\n|t:|1733911201\n|move|p2a: Shaymin|Earth Power|p1a: Necrozma\n|-supereffective|p1a: Necrozma\n|-damage|p1a: Necrozma|133/248\n|-enditem|p1a: Necrozma|Weakness Policy\n|-boost|p1a: Necrozma|atk|2|[from] item: Weakness Policy\n|-boost|p1a: Necrozma|spa|2|[from] item: Weakness Policy\n|move|p1a: Necrozma|Dragon Dance|p1a: Necrozma\n|-boost|p1a: Necrozma|atk|1\n|-boost|p1a: Necrozma|spe|1\n|\n|upkeep\n|turn|14\n|\n|t:|1733911219\n|move|p1a: Necrozma|Dragon Dance|p1a: Necrozma\n|-boost|p1a: Necrozma|atk|1\n|-boost|p1a: Necrozma|spe|1\n|move|p2a: Shaymin|Earth Power|p1a: Necrozma\n|-supereffective|p1a: Necrozma\n|-damage|p1a: Necrozma|40/248\n|\n|upkeep\n|turn|15\n|\n|t:|1733911226\n|move|p1a: Necrozma|Morning Sun|p1a: Necrozma\n|-heal|p1a: Necrozma|164/248\n|move|p2a: Shaymin|Earth Power|p1a: Necrozma\n|-supereffective|p1a: Necrozma\n|-damage|p1a: Necrozma|71/248\n|\n|upkeep\n|turn|16\n|\n|t:|1733911232\n|-terastallize|p2a: Shaymin|Ground\n|move|p1a: Necrozma|Sunsteel Strike|p2a: Shaymin\n|-damage|p2a: Shaymin|0 fnt\n|faint|p2a: Shaymin\n|\n|upkeep\n|\n|t:|1733911238\n|switch|p2a: Cresselia|Cresselia, L80, F|323/323\n|-damage|p2a: Cresselia|283/323|[from] Stealth Rock\n|turn|17\n|\n|t:|1733911245\n|move|p1a: Necrozma|Sunsteel Strike|p2a: Cresselia\n|-damage|p2a: Cresselia|0 fnt\n|faint|p2a: Cresselia\n|\n|upkeep\n|\n|t:|1733911254\n|switch|p2a: Dragapult|Dragapult, L77, F|172/262\n|-damage|p2a: Dragapult|140/262|[from] Stealth Rock\n|turn|18\n|\n|t:|1733911259\n|move|p1a: Necrozma|Sunsteel Strike|p2a: Dragapult\n|-damage|p2a: Dragapult|0 fnt\n|faint|p2a: Dragapult\n|\n|upkeep\n|\n|t:|1733911262\n|switch|p2a: Glalie|Glalie, L96, M|309/309\n|turn|19\n|\n|t:|1733911264\n|move|p1a: Necrozma|Sunsteel Strike|p2a: Glalie\n|-supereffective|p2a: Glalie\n|-damage|p2a: Glalie|0 fnt\n|faint|p2a: Glalie\n|\n|win|Shin Rocketeer\n|raw|Shin Rocketeer's rating: 1417 &rarr; <strong>1435</strong><br />(+18 for winning)\n|raw|lds22's rating: 1377 &rarr; <strong>1359</strong><br />(-18 for losing)\n", "inputlog": ">version bfd83cad13791eb5a5a409923076391caf6fb4d4\n>start {\"formatid\":\"gen9randombattle\",\"seed\":[9218,17682,49095,49515],\"rated\":\"Rated battle\"}\n>player p1 {\"name\":\"Shin Rocketeer\",\"avatar\":\"proton\",\"rating\":1417,\"seed\":[55046,17380,5360,53449]}\n>player p2 {\"name\":\"lds22\",\"avatar\":\"170\",\"rating\":1377,\"seed\":[21334,57137,32122,53118]}\n>p1 move stealthrock\n>p2 move stealthrock\n>p1 switch 2\n>p2 move psychicnoise\n>p1 move knockoff\n>p2 move teleport\n>p2 switch 6\n>p1 move knockoff\n>p2 move thunderbolt\n>p1 switch 6\n>p1 move earthquake\n>p2 move muddywater\n>p2 switch 2\n>p1 move earthquake terastallize\n>p2 switch 6\n>p2 switch 5\n>p1 switch 5\n>p2 move freezedry\n>p1 move noretreat\n>p2 move earthquake\n>p1 move closecombat\n>p2 switch 6\n>p1 move knockoff\n>p2 move dragondarts\n>p1 switch 4\n>p1 move bulletpunch\n>p2 switch 4\n>p1 switch 3\n>p2 move synthesis\n>p1 move dragondance\n>p2 move earthpower\n>p1 move dragondance\n>p2 move earthpower\n>p1 move morningsun\n>p2 move earthpower\n>p1 move sunsteelstrike\n>p2 move earthpower terastallize\n>p2 switch 3\n>p1 move sunsteelstrike\n>p2 move psyshock\n>p2 switch 4\n>p1 move sunsteelstrike\n>p2 move fireblast\n>p2 switch 6\n>p1 move sunsteelstrike\n>p2 move earthquake", "uploadtime": 1733911266, "views": 1, "formatid": "gen9randombattle", "rating": 1359, "private": 0, "password": null}