{"id": "gen9randombattle-2260687250", "format": "[Gen 9] Random Battle", "players": ["poke0616", "eastzero80"], "log": "|j|\u2606poke0616\n|j|\u2606eastzero80\n|t:|1733878481\n|gametype|singles\n|player|p1|poke0616|266|\n|player|p2|eastzero80|rood|\n|teamsize|p1|6\n|teamsize|p2|6\n|gen|9\n|tier|[Gen 9] Random Battle\n|rule|Species Clause: Limit one of each Pok\u00e9mon\n|rule|HP Percentage Mod: HP is shown in percentages\n|rule|Sleep Clause Mod: Limit one foe put to sleep\n|rule|Illusion Level Mod: Illusion disguises the Pok\u00e9mon's true level\n|\n|t:|1733878481\n|start\n|switch|p1a: Barraskewda|Barraskewda, L81, F|231/231\n|switch|p2a: Jirachi|Jirachi, L80|291/291\n|turn|1\n|inactive|Battle timer is ON: inactive players will automatically lose when time's up. (requested by eastzero80)\n|\n|t:|1733878508\n|move|p1a: Barraskewda|Psychic Fangs|p2a: Jirachi\n|-resisted|p2a: Jirachi\n|-damage|p2a: Jirachi|269/291\n|move|p2a: Jirachi|Stealth Rock|p1a: Barraskewda\n|-sidestart|p1: poke0616|move: Stealth Rock\n|\n|-heal|p2a: Jirachi|287/291|[from] item: Leftovers\n|upkeep\n|turn|2\n|\n|t:|1733878530\n|switch|p1a: Registeel|Registeel, L81|262/262\n|-damage|p1a: Registeel|246/262|[from] Stealth Rock\n|move|p2a: Jirachi|U-turn|p1a: Registeel\n|-resisted|p1a: Registeel\n|-damage|p1a: Registeel|232/262\n|\n|t:|1733878547\n|switch|p2a: Hippowdon|Hippowdon, L82, F|311/311|[from] U-turn\n|-weather|Sandstorm|[from] ability: Sand Stream|[of] p2a: Hippowdon\n|\n|-weather|Sandstorm|[upkeep]\n|-heal|p1a: Registeel|248/262|[from] item: Leftovers\n|upkeep\n|turn|3\n|\n|t:|1733878570\n|move|p1a: Registeel|Iron Head|p2a: Hippowdon\n|-crit|p2a: Hippowdon\n|-damage|p2a: Hippowdon|229/311\n|cant|p2a: Hippowdon|flinch\n|\n|-weather|Sandstorm|[upkeep]\n|-heal|p1a: Registeel|262/262|[from] item: Leftovers\n|-heal|p2a: Hippowdon|248/311|[from] item: Leftovers\n|upkeep\n|turn|4\n|\n|t:|1733878582\n|move|p1a: Registeel|Iron Defense|p1a: Registeel\n|-boost|p1a: Registeel|def|2\n|move|p2a: Hippowdon|Earthquake|p1a: Registeel\n|-supereffective|p1a: Registeel\n|-damage|p1a: Registeel|182/262\n|\n|-weather|Sandstorm|[upkeep]\n|-heal|p1a: Registeel|198/262|[from] item: Leftovers\n|-heal|p2a: Hippowdon|267/311|[from] item: Leftovers\n|upkeep\n|turn|5\n|\n|t:|1733878593\n|move|p1a: Registeel|Iron Defense|p1a: Registeel\n|-boost|p1a: Registeel|def|2\n|move|p2a: Hippowdon|Whirlwind|p1a: Registeel\n|drag|p1a: Araquanid|Araquanid, L82, F|246/246\n|\n|-weather|Sandstorm|[upkeep]\n|-damage|p1a: Araquanid|231/246|[from] Sandstorm\n|-heal|p2a: Hippowdon|286/311|[from] item: Leftovers\n|upkeep\n|turn|6\n|inactive|eastzero80 has 270 seconds left.\n|inactive|poke0616 has 270 seconds left.\n|\n|t:|1733878613\n|switch|p1a: Wo-Chien|Wo-Chien, L83|277/277\n|-damage|p1a: Wo-Chien|243/277|[from] Stealth Rock\n|-ability|p1a: Wo-Chien|Tablets of Ruin\n|move|p2a: Hippowdon|Stone Edge|p1a: Wo-Chien\n|-damage|p1a: Wo-Chien|193/277\n|\n|-weather|none\n|-heal|p1a: Wo-Chien|210/277|[from] item: Leftovers\n|-heal|p2a: Hippowdon|305/311|[from] item: Leftovers\n|upkeep\n|turn|7\n|inactive|poke0616 has 270 seconds left.\n|inactive|eastzero80 has 270 seconds left.\n|\n|t:|1733878631\n|switch|p2a: Oricorio|Oricorio-Pa'u, L87, M|272/272\n|move|p1a: Wo-Chien|Leech Seed|p2a: Oricorio\n|-start|p2a: Oricorio|move: Leech Seed\n|\n|-heal|p1a: Wo-Chien|227/277|[from] item: Leftovers\n|-damage|p2a: Oricorio|238/272|[from] Leech Seed|[of] p1a: Wo-Chien\n|-heal|p1a: Wo-Chien|261/277|[silent]\n|upkeep\n|turn|8\n|inactive|eastzero80 has 270 seconds left.\n|inactive|poke0616 has 270 seconds left.\n|\n|t:|1733878647\n|switch|p2a: Pawmot|Pawmot, L80, F|243/243\n|switch|p1a: Registeel|Registeel, L81|198/262\n|-damage|p1a: Registeel|182/262|[from] Stealth Rock\n|\n|-heal|p1a: Registeel|198/262|[from] item: Leftovers\n|upkeep\n|turn|9\n|inactive|poke0616 has 270 seconds left.\n|\n|t:|1733878659\n|move|p2a: Pawmot|Knock Off|p1a: Registeel\n|-damage|p1a: Registeel|138/262\n|-enditem|p1a: Registeel|Leftovers|[from] move: Knock Off|[of] p2a: Pawmot\n|-damage|p2a: Pawmot|219/243|[from] item: Life Orb\n|move|p1a: Registeel|Iron Head|p2a: Pawmot\n|-resisted|p2a: Pawmot\n|-damage|p2a: Pawmot|182/243\n|\n|upkeep\n|turn|10\n|\n|t:|1733878669\n|move|p2a: Pawmot|Double Shock|p1a: Registeel\n|-damage|p1a: Registeel|13/262\n|-start|p2a: Pawmot|typechange|???/Fighting|[from] move: Double Shock\n|-damage|p2a: Pawmot|158/243|[from] item: Life Orb\n|move|p1a: Registeel|Body Press|p2a: Pawmot\n|-damage|p2a: Pawmot|68/243\n|\n|upkeep\n|turn|11\n|inactive|eastzero80 has 270 seconds left.\n|\n|t:|1733878681\n|move|p2a: Pawmot|Knock Off|p1a: Registeel\n|-damage|p1a: Registeel|0 fnt\n|faint|p1a: Registeel\n|-damage|p2a: Pawmot|44/243|[from] item: Life Orb\n|\n|upkeep\n|\n|t:|1733878690\n|switch|p1a: Barraskewda|Barraskewda, L81, F|231/231\n|-damage|p1a: Barraskewda|203/231|[from] Stealth Rock\n|turn|12\n|\n|t:|1733878697\n|switch|p2a: Cacturne|Cacturne, L92, F|278/278\n|move|p1a: Barraskewda|Flip Turn|p2a: Cacturne\n|-immune|p2a: Cacturne|[from] ability: Water Absorb\n|\n|upkeep\n|turn|13\n|\n|t:|1733878709\n|switch|p1a: Wo-Chien|Wo-Chien, L83|261/277\n|-damage|p1a: Wo-Chien|227/277|[from] Stealth Rock\n|-ability|p1a: Wo-Chien|Tablets of Ruin\n|move|p2a: Cacturne|Spikes|p1a: Wo-Chien\n|-sidestart|p1: poke0616|Spikes\n|\n|-heal|p1a: Wo-Chien|244/277|[from] item: Leftovers\n|upkeep\n|turn|14\n|inactive|poke0616 has 270 seconds left.\n|\n|t:|1733878732\n|move|p1a: Wo-Chien|Knock Off|p2a: Cacturne\n|-resisted|p2a: Cacturne\n|-damage|p2a: Cacturne|222/278\n|-enditem|p2a: Cacturne|Life Orb|[from] move: Knock Off|[of] p1a: Wo-Chien\n|move|p2a: Cacturne|Spikes|p1a: Wo-Chien\n|-sidestart|p1: poke0616|Spikes\n|\n|-heal|p1a: Wo-Chien|261/277|[from] item: Leftovers\n|upkeep\n|turn|15\n|\n|t:|1733878741\n|move|p1a: Wo-Chien|Giga Drain|p2a: Cacturne\n|-resisted|p2a: Cacturne\n|-damage|p2a: Cacturne|175/278\n|-heal|p1a: Wo-Chien|277/277|[from] drain|[of] p2a: Cacturne\n|move|p2a: Cacturne|Spikes|p1a: Wo-Chien\n|-sidestart|p1: poke0616|Spikes\n|\n|upkeep\n|turn|16\n|\n|t:|1733878750\n|move|p1a: Wo-Chien|Knock Off|p2a: Cacturne\n|-resisted|p2a: Cacturne\n|-damage|p2a: Cacturne|136/278\n|move|p2a: Cacturne|Knock Off|p1a: Wo-Chien\n|-resisted|p1a: Wo-Chien\n|-damage|p1a: Wo-Chien|227/277\n|-enditem|p1a: Wo-Chien|Leftovers|[from] move: Knock Off|[of] p2a: Cacturne\n|\n|upkeep\n|turn|17\n|\n|t:|1733878762\n|switch|p2a: Hippowdon|Hippowdon, L82, F|305/311\n|-weather|Sandstorm|[from] ability: Sand Stream|[of] p2a: Hippowdon\n|move|p1a: Wo-Chien|Knock Off|p2a: Hippowdon\n|-damage|p2a: Hippowdon|223/311\n|-enditem|p2a: Hippowdon|Leftovers|[from] move: Knock Off|[of] p1a: Wo-Chien\n|\n|-weather|Sandstorm|[upkeep]\n|-damage|p1a: Wo-Chien|210/277|[from] Sandstorm\n|upkeep\n|turn|18\n|\n|t:|1733878774\n|move|p1a: Wo-Chien|Leech Seed|p2a: Hippowdon|[miss]\n|-miss|p1a: Wo-Chien|p2a: Hippowdon\n|move|p2a: Hippowdon|Slack Off|p2a: Hippowdon\n|-heal|p2a: Hippowdon|311/311\n|\n|-weather|Sandstorm|[upkeep]\n|-damage|p1a: Wo-Chien|193/277|[from] Sandstorm\n|upkeep\n|turn|19\n|\n|t:|1733878786\n|switch|p2a: Cacturne|Cacturne, L92, F|136/278\n|move|p1a: Wo-Chien|Leech Seed|p2a: Cacturne\n|-immune|p2a: Cacturne\n|\n|-weather|Sandstorm|[upkeep]\n|-damage|p1a: Wo-Chien|176/277|[from] Sandstorm\n|-damage|p2a: Cacturne|119/278|[from] Sandstorm\n|upkeep\n|turn|20\n|\n|t:|1733878797\n|switch|p2a: Hippowdon|Hippowdon, L82, F|311/311\n|move|p1a: Wo-Chien|Knock Off|p2a: Hippowdon\n|-damage|p2a: Hippowdon|263/311\n|\n|-weather|Sandstorm|[upkeep]\n|-damage|p1a: Wo-Chien|159/277|[from] Sandstorm\n|upkeep\n|turn|21\n|\n|t:|1733878806\n|move|p1a: Wo-Chien|Leech Seed|p2a: Hippowdon\n|-start|p2a: Hippowdon|move: Leech Seed\n|move|p2a: Hippowdon|Whirlwind|p1a: Wo-Chien\n|drag|p1a: Araquanid|Araquanid, L82, F|231/246\n|\n|-weather|none\n|-damage|p2a: Hippowdon|225/311|[from] Leech Seed|[of] p1a: Araquanid\n|-heal|p1a: Araquanid|246/246|[silent]\n|upkeep\n|turn|22\n|\n|t:|1733878827\n|move|p2a: Hippowdon|Stone Edge|p1a: Araquanid\n|-supereffective|p1a: Araquanid\n|-damage|p1a: Araquanid|88/246\n|move|p1a: Araquanid|Hydro Pump|p2a: Hippowdon|[miss]\n|-miss|p1a: Araquanid|p2a: Hippowdon\n|\n|-damage|p2a: Hippowdon|187/311|[from] Leech Seed|[of] p1a: Araquanid\n|-heal|p1a: Araquanid|126/246|[silent]\n|upkeep\n|turn|23\n|inactive|poke0616 has 270 seconds left.\n|\n|t:|1733878852\n|switch|p2a: Cacturne|Cacturne, L92, F|119/278\n|move|p1a: Araquanid|Leech Life|p2a: Cacturne\n|-supereffective|p2a: Cacturne\n|-damage|p2a: Cacturne|0 fnt\n|-heal|p1a: Araquanid|186/246|[from] drain|[of] p2a: Cacturne\n|faint|p2a: Cacturne\n|\n|upkeep\n|\n|t:|1733878863\n|switch|p2a: Pawmot|Pawmot, L80, F|44/243\n|turn|24\n|\n|t:|1733878873\n|switch|p1a: Wo-Chien|Wo-Chien, L83|159/277\n|-damage|p1a: Wo-Chien|125/277|[from] Stealth Rock\n|-damage|p1a: Wo-Chien|56/277|[from] Spikes\n|-ability|p1a: Wo-Chien|Tablets of Ruin\n|move|p2a: Pawmot|Double Shock|p1a: Wo-Chien\n|-resisted|p1a: Wo-Chien\n|-damage|p1a: Wo-Chien|0 fnt\n|-start|p2a: Pawmot|typechange|???/Fighting|[from] move: Double Shock\n|faint|p1a: Wo-Chien\n|-damage|p2a: Pawmot|20/243|[from] item: Life Orb\n|\n|upkeep\n|\n|t:|1733878887\n|switch|p1a: Ceruledge|Ceruledge, L78, F|245/245\n|turn|25\n|\n|t:|1733878895\n|switch|p2a: Pincurchin|Pincurchin, F|258/258\n|-fieldstart|move: Electric Terrain|[from] ability: Electric Surge|[of] p2a: Pincurchin\n|move|p1a: Ceruledge|Poltergeist|p2a: Pincurchin\n|-activate|p2a: Pincurchin|move: Poltergeist|Leftovers\n|-damage|p2a: Pincurchin|159/258\n|\n|-heal|p2a: Pincurchin|175/258|[from] item: Leftovers\n|upkeep\n|turn|26\n|\n|t:|1733878907\n|move|p1a: Ceruledge|Swords Dance|p1a: Ceruledge\n|-boost|p1a: Ceruledge|atk|2\n|move|p2a: Pincurchin|Toxic Spikes|p1a: Ceruledge\n|-sidestart|p1: poke0616|move: Toxic Spikes\n|\n|-heal|p2a: Pincurchin|191/258|[from] item: Leftovers\n|upkeep\n|turn|27\n|\n|t:|1733878918\n|move|p1a: Ceruledge|Swords Dance|p1a: Ceruledge\n|-boost|p1a: Ceruledge|atk|2\n|move|p2a: Pincurchin|Scald|p1a: Ceruledge\n|-supereffective|p1a: Ceruledge\n|-damage|p1a: Ceruledge|93/245\n|\n|-heal|p2a: Pincurchin|207/258|[from] item: Leftovers\n|upkeep\n|turn|28\n|\n|t:|1733878932\n|move|p1a: Ceruledge|Poltergeist|p2a: Pincurchin\n|-activate|p2a: Pincurchin|move: Poltergeist|Leftovers\n|-damage|p2a: Pincurchin|0 fnt\n|faint|p2a: Pincurchin\n|\n|upkeep\n|\n|t:|1733878941\n|switch|p2a: Hippowdon|Hippowdon, L82, F|187/311\n|-weather|Sandstorm|[from] ability: Sand Stream|[of] p2a: Hippowdon\n|turn|29\n|\n|t:|1733878948\n|move|p1a: Ceruledge|Bitter Blade|p2a: Hippowdon\n|-damage|p2a: Hippowdon|0 fnt\n|-heal|p1a: Ceruledge|187/245|[from] drain|[of] p2a: Hippowdon\n|faint|p2a: Hippowdon\n|\n|-weather|Sandstorm|[upkeep]\n|-damage|p1a: Ceruledge|172/245|[from] Sandstorm\n|-fieldend|move: Electric Terrain\n|upkeep\n|\n|t:|1733878961\n|switch|p2a: Pawmot|Pawmot, L80, F|20/243\n|turn|30\n|\n|t:|1733878967\n|move|p2a: Pawmot|Knock Off|p1a: Ceruledge\n|-supereffective|p1a: Ceruledge\n|-damage|p1a: Ceruledge|0 fnt\n|-enditem|p1a: Ceruledge|Heavy-Duty Boots|[from] move: Knock Off|[of] p2a: Pawmot\n|faint|p1a: Ceruledge\n|-damage|p2a: Pawmot|0 fnt|[from] item: Life Orb\n|faint|p2a: Pawmot\n|\n|-weather|Sandstorm|[upkeep]\n|upkeep\n|\n|t:|1733878987\n|switch|p2a: Jirachi|Jirachi, L80|287/291\n|switch|p1a: Barraskewda|Barraskewda, L81, F|203/231\n|-damage|p1a: Barraskewda|175/231|[from] Stealth Rock\n|-damage|p1a: Barraskewda|118/231|[from] Spikes\n|-status|p1a: Barraskewda|psn\n|turn|31\n|\n|t:|1733879003\n|move|p1a: Barraskewda|Close Combat|p2a: Jirachi\n|-damage|p2a: Jirachi|154/291\n|-unboost|p1a: Barraskewda|def|1\n|-unboost|p1a: Barraskewda|spd|1\n|move|p2a: Jirachi|Body Slam|p1a: Barraskewda\n|-damage|p1a: Barraskewda|0 fnt\n|faint|p1a: Barraskewda\n|\n|-weather|Sandstorm|[upkeep]\n|-heal|p2a: Jirachi|172/291|[from] item: Leftovers\n|upkeep\n|inactive|poke0616 has 270 seconds left.\n|\n|t:|1733879015\n|switch|p1a: Breloom|Breloom, L82, F|233/233\n|-damage|p1a: Breloom|219/233|[from] Stealth Rock\n|-damage|p1a: Breloom|161/233|[from] Spikes\n|-status|p1a: Breloom|psn\n|turn|32\n|\n|t:|1733879024\n|move|p1a: Breloom|Mach Punch|p2a: Jirachi\n|-damage|p2a: Jirachi|81/291\n|-damage|p1a: Breloom|138/233 psn|[from] item: Life Orb\n|move|p2a: Jirachi|Iron Head|p1a: Breloom\n|-damage|p1a: Breloom|56/233 psn\n|\n|-weather|Sandstorm|[upkeep]\n|-damage|p1a: Breloom|42/233 psn|[from] Sandstorm\n|-heal|p2a: Jirachi|99/291|[from] item: Leftovers\n|-damage|p1a: Breloom|13/233 psn|[from] psn\n|upkeep\n|turn|33\n|inactive|poke0616 has 270 seconds left.\n|\n|t:|1733879045\n|switch|p2a: Oricorio|Oricorio-Pa'u, L87, M|238/272\n|move|p1a: Breloom|Bullet Seed|p2a: Oricorio\n|-resisted|p2a: Oricorio\n|-damage|p2a: Oricorio|206/272\n|-resisted|p2a: Oricorio\n|-damage|p2a: Oricorio|174/272\n|-resisted|p2a: Oricorio\n|-damage|p2a: Oricorio|142/272\n|-resisted|p2a: Oricorio\n|-damage|p2a: Oricorio|106/272\n|-hitcount|p2a: Oricorio|4\n|-damage|p1a: Breloom|0 fnt|[from] item: Life Orb\n|faint|p1a: Breloom\n|\n|-weather|none\n|upkeep\n|\n|t:|1733879060\n|switch|p1a: Araquanid|Araquanid, L82, F|186/246\n|turn|34\n|\n|t:|1733879070\n|move|p2a: Oricorio|Hurricane|p1a: Araquanid|[miss]\n|-miss|p2a: Oricorio|p1a: Araquanid\n|move|p1a: Araquanid|Leech Life|p2a: Oricorio\n|-crit|p2a: Oricorio\n|-damage|p2a: Oricorio|0 fnt\n|-heal|p1a: Araquanid|239/246|[from] drain|[of] p2a: Oricorio\n|faint|p2a: Oricorio\n|\n|upkeep\n|\n|t:|1733879079\n|switch|p2a: Jirachi|Jirachi, L80|99/291\n|turn|35\n|inactive|poke0616 has 270 seconds left.\n|\n|t:|1733879093\n|move|p2a: Jirachi|Body Slam|p1a: Araquanid\n|-damage|p1a: Araquanid|186/246\n|move|p1a: Araquanid|Hydro Pump|p2a: Jirachi|[miss]\n|-miss|p1a: Araquanid|p2a: Jirachi\n|\n|-heal|p2a: Jirachi|117/291|[from] item: Leftovers\n|upkeep\n|turn|36\n|\n|t:|1733879102\n|move|p2a: Jirachi|Body Slam|p1a: Araquanid\n|-damage|p1a: Araquanid|131/246\n|-status|p1a: Araquanid|par\n|move|p1a: Araquanid|Hydro Pump|p2a: Jirachi\n|-crit|p2a: Jirachi\n|-damage|p2a: Jirachi|0 fnt\n|faint|p2a: Jirachi\n|\n|win|poke0616\n|l|\u2606eastzero80\n|player|p2|\n", "inputlog": ">version bfd83cad13791eb5a5a409923076391caf6fb4d4\n>start {\"formatid\":\"gen9randombattle\",\"seed\":[57147,43780,48588,41937]}\n>player p1 {\"name\":\"poke0616\",\"avatar\":\"266\",\"rating\":0,\"seed\":[46533,38101,13227,42659]}\n>player p2 {\"name\":\"eastzero80\",\"avatar\":\"rood\",\"rating\":0,\"seed\":[4512,20638,53378,25686]}\n>p1 move psychicfangs\n>p2 move stealthrock\n>p1 switch 5\n>p2 move uturn\n>p2 switch 5\n>p1 move ironhead\n>p2 move earthquake\n>p1 move irondefense\n>p2 move earthquake\n>p1 move irondefense\n>p2 move whirlwind\n>p1 switch 6\n>p2 move stoneedge\n>p1 move leechseed\n>p2 switch 6\n>p1 switch 4\n>p2 switch 3\n>p1 move ironhead\n>p2 move knockoff\n>p1 move bodypress\n>p2 move doubleshock\n>p1 move irondefense\n>p2 move knockoff\n>p1 switch 5\n>p1 move flipturn\n>p2 switch 2\n>p1 switch 4\n>p2 move spikes\n>p1 move knockoff\n>p2 move spikes\n>p1 move gigadrain\n>p2 move spikes\n>p1 move knockoff\n>p2 move knockoff\n>p1 move knockoff\n>p2 switch 6\n>p1 move leechseed\n>p2 move slackoff\n>p1 move leechseed\n>p2 switch 6\n>p1 move knockoff\n>p2 switch 6\n>p1 move leechseed\n>p2 move whirlwind\n>p1 move hydropump\n>p2 move stoneedge\n>p1 move leechlife\n>p2 switch 6\n>p2 switch 2\n>p1 switch 6\n>p2 move doubleshock\n>p1 switch 2\n>p1 move poltergeist\n>p2 switch 4\n>p1 move swordsdance\n>p2 move toxicspikes\n>p1 move swordsdance\n>p2 move scald\n>p1 move poltergeist\n>p2 move scald\n>p2 switch 6\n>p1 move bitterblade\n>p2 move earthquake\n>p2 switch 4\n>p1 move bitterblade\n>p2 move knockoff\n>p1 switch 4\n>p2 switch 5\n>p1 move closecombat\n>p2 move bodyslam\n>p1 switch 3\n>p1 move machpunch\n>p2 move ironhead\n>p1 move bulletseed\n>p2 switch 3\n>p1 switch 6\n>p1 move leechlife\n>p2 move hurricane\n>p2 switch 3\n>p1 move hydropump\n>p2 move bodyslam\n>p1 move hydropump\n>p2 move bodyslam", "uploadtime": 1733879111, "views": 1, "formatid": "gen9randombattle", "rating": null, "private": 0, "password": null}