{"id": "gen9randombattle-2260475386", "format": "[Gen 9] Random Battle", "players": ["dejdejdjede", "Kumquatz!"], "log": "|j|\u2606dejdejdjede\n|j|\u2606Kumquatz!\n|t:|1733855221\n|gametype|singles\n|player|p1|dejdejdjede|2|1290\n|player|p2|Kumquatz!|jacq|1329\n|teamsize|p1|6\n|teamsize|p2|6\n|gen|9\n|tier|[Gen 9] Random Battle\n|rated|\n|rule|Species Clause: Limit one of each Pok\u00e9mon\n|rule|HP Percentage Mod: HP is shown in percentages\n|rule|Sleep Clause Mod: Limit one foe put to sleep\n|rule|Illusion Level Mod: Illusion disguises the Pok\u00e9mon's true level\n|\n|t:|1733855221\n|start\n|switch|p1a: Victreebel|Victreebel, L90, M|290/290\n|switch|p2a: Cramorant|Cramorant, L86, M|261/261\n|turn|1\n|inactive|Battle timer is ON: inactive players will automatically lose when time's up. (requested by Kumquatz!)\n|\n|t:|1733855231\n|move|p2a: Cramorant|Brave Bird|p1a: Victreebel\n|-supereffective|p1a: Victreebel\n|-damage|p1a: Victreebel|26/290\n|-damage|p2a: Cramorant|174/261|[from] Recoil\n|move|p1a: Victreebel|Power Whip|p2a: Cramorant\n|-damage|p2a: Cramorant|0 fnt\n|faint|p2a: Cramorant\n|-damage|p1a: Victreebel|0 fnt|[from] item: Life Orb\n|faint|p1a: Victreebel\n|\n|upkeep\n|\n|t:|1733855246\n|switch|p2a: Glimmora|Glimmora, L75, F|248/248\n|switch|p1a: Skarmory|Skarmory, L80, F|235/235\n|turn|2\n|\n|t:|1733855271\n|switch|p2a: Giratina|Giratina, L75|349/349\n|-ability|p2a: Giratina|Pressure\n|move|p1a: Skarmory|Stealth Rock|p2a: Giratina\n|-sidestart|p2: Kumquatz!|move: Stealth Rock\n|\n|upkeep\n|turn|3\n|\n|t:|1733855278\n|move|p2a: Giratina|Shadow Ball|p1a: Skarmory\n|-damage|p1a: Skarmory|150/235\n|move|p1a: Skarmory|Spikes|p2a: Giratina\n|-sidestart|p2: Kumquatz!|Spikes\n|\n|upkeep\n|turn|4\n|\n|t:|1733855289\n|move|p2a: Giratina|Shadow Ball|p1a: Skarmory\n|-damage|p1a: Skarmory|66/235\n|move|p1a: Skarmory|Roost|p1a: Skarmory\n|-heal|p1a: Skarmory|184/235\n|-singleturn|p1a: Skarmory|move: Roost\n|\n|upkeep\n|turn|5\n|\n|t:|1733855299\n|switch|p1a: Okidogi|Okidogi, L77, M|262/262\n|move|p2a: Giratina|Dragon Tail|p1a: Okidogi\n|-damage|p1a: Okidogi|210/262\n|drag|p1a: Skarmory|Skarmory, L80, F|184/235\n|\n|upkeep\n|turn|6\n|\n|t:|1733855305\n|move|p2a: Giratina|Shadow Ball|p1a: Skarmory\n|-damage|p1a: Skarmory|102/235\n|-unboost|p1a: Skarmory|spd|1\n|move|p1a: Skarmory|Spikes|p2a: Giratina\n|-sidestart|p2: Kumquatz!|Spikes\n|\n|upkeep\n|turn|7\n|\n|t:|1733855310\n|move|p2a: Giratina|Shadow Ball|p1a: Skarmory\n|-damage|p1a: Skarmory|0 fnt\n|faint|p1a: Skarmory\n|\n|upkeep\n|\n|t:|1733855313\n|switch|p1a: Okidogi|Okidogi, L77, M|210/262\n|turn|8\n|\n|t:|1733855326\n|move|p2a: Giratina|Shadow Ball|p1a: Okidogi\n|-damage|p1a: Okidogi|153/262\n|move|p1a: Okidogi|Knock Off|p2a: Giratina\n|-supereffective|p2a: Giratina\n|-damage|p2a: Giratina|221/349\n|-enditem|p2a: Giratina|Leftovers|[from] move: Knock Off|[of] p1a: Okidogi\n|\n|upkeep\n|turn|9\n|\n|t:|1733855341\n|switch|p2a: Barraskewda|Barraskewda, L81, F|231/231\n|-damage|p2a: Barraskewda|203/231|[from] Stealth Rock\n|-damage|p2a: Barraskewda|165/231|[from] Spikes\n|move|p1a: Okidogi|Psychic Fangs|p2a: Barraskewda\n|-damage|p2a: Barraskewda|84/231\n|-status|p2a: Barraskewda|tox|[from] ability: Toxic Chain|[of] p1a: Okidogi\n|\n|-damage|p2a: Barraskewda|70/231 tox|[from] psn\n|upkeep\n|turn|10\n|\n|t:|1733855348\n|switch|p1a: Drifblim|Drifblim, L86, F|398/398\n|move|p2a: Barraskewda|Waterfall|p1a: Drifblim\n|-damage|p1a: Drifblim|178/398\n|\n|-damage|p2a: Barraskewda|42/231 tox|[from] psn\n|upkeep\n|turn|11\n|\n|t:|1733855353\n|move|p2a: Barraskewda|Waterfall|p1a: Drifblim\n|-damage|p1a: Drifblim|0 fnt\n|-damage|p2a: Barraskewda|0 fnt|[from] ability: Aftermath|[of] p1a: Drifblim\n|faint|p1a: Drifblim\n|faint|p2a: Barraskewda\n|\n|upkeep\n|\n|t:|1733855359\n|switch|p2a: Cinccino|Cinccino, L83, F|260/260\n|switch|p1a: Raichu|Raichu-Alola, L87, M|246/246\n|-damage|p2a: Cinccino|228/260|[from] Stealth Rock\n|-damage|p2a: Cinccino|185/260|[from] Spikes\n|turn|12\n|\n|t:|1733855368\n|move|p1a: Raichu|Thunderbolt|p2a: Cinccino\n|-damage|p2a: Cinccino|0 fnt\n|faint|p2a: Cinccino\n|\n|upkeep\n|\n|t:|1733855375\n|switch|p2a: Leafeon|Leafeon, L88, M|258/258\n|-damage|p2a: Leafeon|226/258|[from] Stealth Rock\n|-damage|p2a: Leafeon|183/258|[from] Spikes\n|turn|13\n|\n|t:|1733855380\n|switch|p1a: Okidogi|Okidogi, L77, M|153/262\n|move|p2a: Leafeon|Knock Off|p1a: Okidogi\n|-resisted|p1a: Okidogi\n|-damage|p1a: Okidogi|102/262\n|-enditem|p1a: Okidogi|Assault Vest|[from] move: Knock Off|[of] p2a: Leafeon\n|-damage|p2a: Leafeon|158/258|[from] item: Life Orb\n|\n|upkeep\n|turn|14\n|\n|t:|1733855392\n|switch|p2a: Glimmora|Glimmora, L75, F|248/248\n|-damage|p2a: Glimmora|217/248|[from] Stealth Rock\n|-damage|p2a: Glimmora|176/248|[from] Spikes\n|move|p1a: Okidogi|Drain Punch|p2a: Glimmora\n|-damage|p2a: Glimmora|85/248\n|-heal|p1a: Okidogi|148/262|[from] drain|[of] p2a: Glimmora\n|-activate|p2a: Glimmora|ability: Toxic Debris\n|-sidestart|p1: dejdejdjede|move: Toxic Spikes\n|\n|upkeep\n|turn|15\n|\n|t:|1733855418\n|move|p2a: Glimmora|Earth Power|p1a: Okidogi\n|-supereffective|p1a: Okidogi\n|-damage|p1a: Okidogi|0 fnt\n|faint|p1a: Okidogi\n|\n|upkeep\n|\n|t:|1733855421\n|switch|p1a: Calyrex|Calyrex-Shadow, L64|235/235\n|-ability|p1a: Calyrex|As One\n|-ability|p1a: Calyrex|Unnerve\n|-status|p1a: Calyrex|psn\n|turn|16\n|\n|t:|1733855430\n|move|p1a: Calyrex|Astral Barrage|p2a: Glimmora\n|-damage|p2a: Glimmora|0 fnt\n|faint|p2a: Glimmora\n|-ability|p1a: Calyrex|Grim Neigh|boost\n|-boost|p1a: Calyrex|spa|1\n|-damage|p1a: Calyrex|212/235 psn|[from] item: Life Orb\n|\n|-damage|p1a: Calyrex|183/235 psn|[from] psn\n|upkeep\n|\n|t:|1733855434\n|switch|p2a: Giratina|Giratina, L75|221/349\n|-damage|p2a: Giratina|178/349|[from] Stealth Rock\n|-damage|p2a: Giratina|120/349|[from] Spikes\n|-ability|p2a: Giratina|Pressure\n|turn|17\n|\n|t:|1733855437\n|-terastallize|p2a: Giratina|Fairy\n|move|p1a: Calyrex|Astral Barrage|p2a: Giratina\n|-damage|p2a: Giratina|0 fnt\n|faint|p2a: Giratina\n|-ability|p1a: Calyrex|Grim Neigh|boost\n|-boost|p1a: Calyrex|spa|1\n|-damage|p1a: Calyrex|160/235 psn|[from] item: Life Orb\n|\n|-damage|p1a: Calyrex|131/235 psn|[from] psn\n|upkeep\n|\n|t:|1733855439\n|switch|p2a: Leafeon|Leafeon, L88, M|158/258\n|-damage|p2a: Leafeon|126/258|[from] Stealth Rock\n|-damage|p2a: Leafeon|83/258|[from] Spikes\n|turn|18\n|\n|t:|1733855446\n|move|p1a: Calyrex|Psyshock|p2a: Leafeon\n|-damage|p2a: Leafeon|0 fnt\n|faint|p2a: Leafeon\n|-damage|p1a: Calyrex|108/235 psn|[from] item: Life Orb\n|\n|win|dejdejdjede\n|raw|dejdejdjede's rating: 1317 &rarr; <strong>1338</strong><br />(+21 for winning)\n|raw|Kumquatz!'s rating: 1329 &rarr; <strong>1308</strong><br />(-21 for losing)\n", "inputlog": ">version bfd83cad13791eb5a5a409923076391caf6fb4d4\n>start {\"formatid\":\"gen9randombattle\",\"seed\":[43274,16333,47948,20457],\"rated\":\"Rated battle\"}\n>player p1 {\"name\":\"dejdejdjede\",\"avatar\":\"2\",\"rating\":1290,\"seed\":[39838,20665,23879,27400]}\n>player p2 {\"name\":\"Kumquatz!\",\"avatar\":\"jacq\",\"rating\":1329,\"seed\":[42011,40680,12591,1649]}\n>p1 move powerwhip\n>p2 move bravebird\n>p1 switch 3\n>p2 switch 5\n>p1 move stealthrock\n>p2 switch 6\n>p1 move spikes\n>p2 move shadowball\n>p1 move roost\n>p2 move shadowball\n>p1 switch 4\n>p2 move dragontail\n>p1 move spikes\n>p2 move shadowball\n>p1 move roost\n>p2 move shadowball\n>p1 switch 4\n>p1 move knockoff\n>p2 move shadowball\n>p1 move psychicfangs\n>p2 switch 2\n>p1 switch 2\n>p2 move waterfall\n>p1 move strengthsap\n>p2 move waterfall\n>p1 switch 6\n>p2 switch 3\n>p1 move thunderbolt\n>p2 move tidyup\n>p2 switch 4\n>p1 switch 2\n>p2 move knockoff\n>p1 move drainpunch\n>p2 switch 6\n>p1 move drainpunch\n>p2 move earthpower\n>p1 switch 5\n>p1 move astralbarrage\n>p2 move meteorbeam\n>p2 switch 2\n>p1 move astralbarrage\n>p2 move rest terastallize\n>p2 switch 6\n>p1 move psyshock\n>p2 move knockoff", "uploadtime": 1733855448, "views": 1, "formatid": "gen9randombattle", "rating": 1308, "private": 0, "password": null}