{"id": "gen9randombattle-2260590320", "format": "[Gen 9] Random Battle", "players": ["Datboydougy", "Gamblero"], "log": "|j|\u203dDatboydougy\n|j|\u2606Gamblero\n|t:|1733866773\n|gametype|singles\n|player|p1|Datboydougy|170|1946\n|player|p2|Gamblero|preschooler|1903\n|teamsize|p1|6\n|teamsize|p2|6\n|gen|9\n|tier|[Gen 9] Random Battle\n|rated|\n|rule|Species Clause: Limit one of each Pok\u00e9mon\n|rule|HP Percentage Mod: HP is shown in percentages\n|rule|Sleep Clause Mod: Limit one foe put to sleep\n|rule|Illusion Level Mod: Illusion disguises the Pok\u00e9mon's true level\n|\n|t:|1733866773\n|start\n|switch|p1a: Copperajah|Copperajah, L86, M|350/350\n|switch|p2a: Victreebel|Victreebel, L90, M|290/290\n|turn|1\n|\n|t:|1733866791\n|switch|p2a: Pelipper|Pelipper, L86, F|243/243\n|-weather|RainDance|[from] ability: Drizzle|[of] p2a: Pelipper\n|move|p1a: Copperajah|Iron Head|p2a: Pelipper\n|-resisted|p2a: Pelipper\n|-damage|p2a: Pelipper|152/243\n|\n|-weather|RainDance|[upkeep]\n|upkeep\n|turn|2\n|\n|t:|1733866806\n|switch|p1a: Walking Wake|Walking Wake, L79|286/286\n|move|p2a: Pelipper|Surf|p1a: Walking Wake\n|-resisted|p1a: Walking Wake\n|-damage|p1a: Walking Wake|247/286\n|\n|-weather|RainDance|[upkeep]\n|upkeep\n|turn|3\n|\n|t:|1733866818\n|move|p1a: Walking Wake|Draco Meteor|p2a: Pelipper\n|-damage|p2a: Pelipper|0 fnt\n|-unboost|p1a: Walking Wake|spa|2\n|faint|p2a: Pelipper\n|-damage|p1a: Walking Wake|219/286|[from] item: Life Orb\n|\n|-weather|RainDance|[upkeep]\n|upkeep\n|\n|t:|1733866828\n|switch|p2a: Primarina|Primarina, L83, F|268/268\n|turn|4\n|\n|t:|1733866857\n|move|p1a: Walking Wake|Sunny Day|p1a: Walking Wake\n|-weather|SunnyDay\n|-activate|p1a: Walking Wake|ability: Protosynthesis\n|-start|p1a: Walking Wake|protosynthesisspe\n|move|p2a: Primarina|Calm Mind|p2a: Primarina\n|-boost|p2a: Primarina|spa|1\n|-boost|p2a: Primarina|spd|1\n|\n|-weather|SunnyDay|[upkeep]\n|upkeep\n|turn|5\n|\n|t:|1733866872\n|-end|p1a: Walking Wake|Protosynthesis|[silent]\n|switch|p1a: Copperajah|Copperajah, L86, M|350/350\n|move|p2a: Primarina|Calm Mind|p2a: Primarina\n|-boost|p2a: Primarina|spa|1\n|-boost|p2a: Primarina|spd|1\n|\n|-weather|SunnyDay|[upkeep]\n|upkeep\n|turn|6\n|\n|t:|1733866880\n|move|p2a: Primarina|Sparkling Aria|p1a: Copperajah\n|-damage|p1a: Copperajah|218/350\n|move|p1a: Copperajah|Iron Head|p2a: Primarina\n|-damage|p2a: Primarina|48/268\n|\n|-weather|SunnyDay|[upkeep]\n|-heal|p2a: Primarina|64/268|[from] item: Leftovers\n|upkeep\n|turn|7\n|\n|t:|1733866890\n|move|p2a: Primarina|Sparkling Aria|p1a: Copperajah\n|-damage|p1a: Copperajah|14/350\n|move|p1a: Copperajah|Iron Head|p2a: Primarina\n|-damage|p2a: Primarina|0 fnt\n|faint|p2a: Primarina\n|\n|-weather|SunnyDay|[upkeep]\n|upkeep\n|inactive|Battle timer is ON: inactive players will automatically lose when time's up. (requested by Datboydougy)\n|\n|t:|1733866904\n|switch|p2a: Piloswine|Piloswine, L85, M|309/309\n|turn|8\n|\n|t:|1733866915\n|move|p2a: Piloswine|Earthquake|p1a: Copperajah\n|-supereffective|p1a: Copperajah\n|-crit|p1a: Copperajah\n|-damage|p1a: Copperajah|0 fnt\n|faint|p1a: Copperajah\n|\n|-weather|none\n|upkeep\n|\n|t:|1733866934\n|switch|p1a: Golurk|Golurk, L87|297/297\n|turn|9\n|\n|t:|1733866937\n|move|p1a: Golurk|Dynamic Punch|p2a: Piloswine\n|-supereffective|p2a: Piloswine\n|-damage|p2a: Piloswine|132/309\n|-start|p2a: Piloswine|confusion\n|-damage|p1a: Golurk|268/297|[from] item: Life Orb\n|-activate|p2a: Piloswine|confusion\n|move|p2a: Piloswine|Icicle Crash|p1a: Golurk\n|-supereffective|p1a: Golurk\n|-damage|p1a: Golurk|86/297\n|\n|upkeep\n|turn|10\n|\n|t:|1733866948\n|-activate|p2a: Piloswine|confusion\n|move|p2a: Piloswine|Ice Shard|p1a: Golurk\n|-supereffective|p1a: Golurk\n|-damage|p1a: Golurk|0 fnt\n|faint|p1a: Golurk\n|\n|upkeep\n|\n|t:|1733866966\n|switch|p1a: Alcremie|Alcremie-Matcha-Cream, L90, F|263/263\n|turn|11\n|\n|t:|1733866985\n|move|p1a: Alcremie|Alluring Voice|p2a: Piloswine\n|-damage|p2a: Piloswine|42/309\n|-activate|p2a: Piloswine|confusion\n|move|p2a: Piloswine|Earthquake|p1a: Alcremie\n|-damage|p1a: Alcremie|146/263\n|\n|-heal|p1a: Alcremie|162/263|[from] item: Leftovers\n|upkeep\n|turn|12\n|l|\u203dDatboydougy\n|inactive|Datboydougy disconnected and has a minute to reconnect!\n|player|p1|\n|j|\u203dDatboydougy\n|inactive|Datboydougy reconnected and has 135 seconds left.\n|player|p1|Datboydougy|170|\n|n|\u203dDatboydougy|datboydougy\n|n|\u203dDatboydougy|datboydougy\n|n|\u203dDatboydougy|datboydougy\n|n|\u203dDatboydougy|datboydougy\n|n|\u203dDatboydougy|datboydougy\n|\n|t:|1733866995\n|move|p1a: Alcremie|Alluring Voice|p2a: Piloswine\n|-damage|p2a: Piloswine|0 fnt\n|faint|p2a: Piloswine\n|\n|-heal|p1a: Alcremie|178/263|[from] item: Leftovers\n|upkeep\n|\n|t:|1733866998\n|switch|p2a: Victreebel|Victreebel, L90, M|290/290\n|turn|13\n|\n|t:|1733867008\n|move|p2a: Victreebel|Swords Dance|p2a: Victreebel\n|-boost|p2a: Victreebel|atk|2\n|move|p1a: Alcremie|Alluring Voice|p2a: Victreebel\n|-resisted|p2a: Victreebel\n|-damage|p2a: Victreebel|233/290\n|-start|p2a: Victreebel|confusion\n|\n|-heal|p1a: Alcremie|194/263|[from] item: Leftovers\n|upkeep\n|turn|14\n|\n|t:|1733867021\n|switch|p1a: Walking Wake|Walking Wake, L79|219/286\n|-activate|p2a: Victreebel|confusion\n|move|p2a: Victreebel|Swords Dance|p2a: Victreebel\n|-boost|p2a: Victreebel|atk|2\n|\n|upkeep\n|turn|15\n|\n|t:|1733867031\n|-terastallize|p2a: Victreebel|Dark\n|-activate|p2a: Victreebel|confusion\n|move|p2a: Victreebel|Sucker Punch|p1a: Walking Wake\n|-damage|p1a: Walking Wake|0 fnt\n|faint|p1a: Walking Wake\n|-end|p1a: Walking Wake|Protosynthesis|[silent]\n|-damage|p2a: Victreebel|204/290|[from] item: Life Orb\n|\n|upkeep\n|\n|t:|1733867051\n|switch|p1a: Alcremie|Alcremie-Matcha-Cream, L90, F|194/263\n|turn|16\n|\n|t:|1733867058\n|-end|p2a: Victreebel|confusion\n|move|p2a: Victreebel|Power Whip|p1a: Alcremie\n|-damage|p1a: Alcremie|0 fnt\n|faint|p1a: Alcremie\n|-damage|p2a: Victreebel|175/290|[from] item: Life Orb\n|\n|upkeep\n|\n|t:|1733867063\n|switch|p1a: Exeggutor|Exeggutor-Alola, L89, F|314/314\n|turn|17\n|\n|t:|1733867074\n|-terastallize|p1a: Exeggutor|Steel\n|move|p2a: Victreebel|Poison Jab|p1a: Exeggutor\n|-immune|p1a: Exeggutor\n|move|p1a: Exeggutor|Dragon Pulse|p2a: Victreebel\n|-damage|p2a: Victreebel|37/290\n|\n|upkeep\n|turn|18\n|\n|t:|1733867090\n|move|p2a: Victreebel|Sucker Punch||[still]\n|-fail|p2a: Victreebel\n|move|p1a: Exeggutor|Calm Mind|p1a: Exeggutor\n|-boost|p1a: Exeggutor|spa|1\n|-boost|p1a: Exeggutor|spd|1\n|\n|upkeep\n|turn|19\n|\n|t:|1733867100\n|switch|p2a: Wo-Chien|Wo-Chien, L83|277/277\n|-ability|p2a: Wo-Chien|Tablets of Ruin\n|move|p1a: Exeggutor|Calm Mind|p1a: Exeggutor\n|-boost|p1a: Exeggutor|spa|1\n|-boost|p1a: Exeggutor|spd|1\n|\n|upkeep\n|turn|20\n|\n|t:|1733867106\n|move|p2a: Wo-Chien|Stun Spore|p1a: Exeggutor\n|-status|p1a: Exeggutor|par\n|move|p1a: Exeggutor|Flamethrower|p2a: Wo-Chien\n|-supereffective|p2a: Wo-Chien\n|-damage|p2a: Wo-Chien|7/277\n|\n|-heal|p2a: Wo-Chien|24/277|[from] item: Leftovers\n|upkeep\n|turn|21\n|\n|t:|1733867113\n|move|p2a: Wo-Chien|Knock Off|p1a: Exeggutor\n|-damage|p1a: Exeggutor|220/314 par\n|-enditem|p1a: Exeggutor|Sitrus Berry|[from] move: Knock Off|[of] p2a: Wo-Chien\n|move|p1a: Exeggutor|Flamethrower|p2a: Wo-Chien\n|-supereffective|p2a: Wo-Chien\n|-damage|p2a: Wo-Chien|0 fnt\n|faint|p2a: Wo-Chien\n|\n|upkeep\n|\n|t:|1733867120\n|switch|p2a: Mabosstiff|Mabosstiff, L86, F|278/278\n|turn|22\n|\n|t:|1733867124\n|move|p2a: Mabosstiff|Crunch|p1a: Exeggutor\n|-crit|p1a: Exeggutor\n|-damage|p1a: Exeggutor|67/314 par\n|-unboost|p1a: Exeggutor|def|1\n|move|p1a: Exeggutor|Giga Drain|p2a: Mabosstiff\n|-damage|p2a: Mabosstiff|22/278\n|-heal|p1a: Exeggutor|195/314 par|[from] drain|[of] p2a: Mabosstiff\n|\n|upkeep\n|turn|23\n|\n|t:|1733867138\n|move|p2a: Mabosstiff|Crunch|p1a: Exeggutor\n|-damage|p1a: Exeggutor|30/314 par\n|move|p1a: Exeggutor|Calm Mind|p1a: Exeggutor\n|-boost|p1a: Exeggutor|spa|1\n|-boost|p1a: Exeggutor|spd|1\n|\n|upkeep\n|turn|24\n|\n|t:|1733867143\n|move|p2a: Mabosstiff|Crunch|p1a: Exeggutor\n|-damage|p1a: Exeggutor|0 fnt\n|faint|p1a: Exeggutor\n|\n|upkeep\n|\n|t:|1733867144\n|switch|p1a: Whiscash|Whiscash, L88, F|337/337\n|turn|25\n|\n|t:|1733867147\n|move|p2a: Mabosstiff|Crunch|p1a: Whiscash\n|-damage|p1a: Whiscash|223/337\n|move|p1a: Whiscash|Dragon Dance|p1a: Whiscash\n|-boost|p1a: Whiscash|atk|1\n|-boost|p1a: Whiscash|spe|1\n|\n|upkeep\n|turn|26\n|\n|t:|1733867151\n|move|p2a: Mabosstiff|Crunch|p1a: Whiscash\n|-damage|p1a: Whiscash|114/337\n|-unboost|p1a: Whiscash|def|1\n|move|p1a: Whiscash|Earthquake|p2a: Mabosstiff\n|-damage|p2a: Mabosstiff|0 fnt\n|faint|p2a: Mabosstiff\n|-damage|p1a: Whiscash|81/337|[from] item: Life Orb\n|\n|upkeep\n|\n|t:|1733867154\n|switch|p2a: Victreebel|Victreebel, L90, M, tera:Dark|37/290\n|turn|27\n|\n|t:|1733867161\n|move|p1a: Whiscash|Dragon Dance|p1a: Whiscash\n|-boost|p1a: Whiscash|atk|1\n|-boost|p1a: Whiscash|spe|1\n|move|p2a: Victreebel|Power Whip|p1a: Whiscash\n|-supereffective|p1a: Whiscash\n|-damage|p1a: Whiscash|0 fnt\n|faint|p1a: Whiscash\n|-damage|p2a: Victreebel|8/290|[from] item: Life Orb\n|\n|win|Gamblero\n|raw|Datboydougy's rating: 1946 &rarr; <strong>1924</strong><br />(-22 for losing)\n|raw|Gamblero's rating: 1903 &rarr; <strong>1925</strong><br />(+22 for winning)\n|c|\u2606Gamblero|Easy\n", "inputlog": ">version bfd83cad13791eb5a5a409923076391caf6fb4d4\n>start {\"formatid\":\"gen9randombattle\",\"seed\":[40047,15905,10400,48957],\"rated\":\"Rated battle\"}\n>player p1 {\"name\":\"Datboydougy\",\"avatar\":\"170\",\"rating\":1946,\"seed\":[3375,55961,13116,61043]}\n>player p2 {\"name\":\"Gamblero\",\"avatar\":\"preschooler\",\"rating\":1903,\"seed\":[25920,16051,825,38017]}\n>p1 move ironhead\n>p2 switch 2\n>p1 switch 2\n>p2 move surf\n>p1 move dracometeor\n>p2 move knockoff\n>p2 switch 3\n>p1 move sunnyday\n>p2 move calmmind\n>p1 switch 2\n>p2 move calmmind\n>p1 move ironhead\n>p2 move sparklingaria\n>p1 move ironhead\n>p2 move sparklingaria\n>p2 switch 5\n>p1 move ironhead\n>p2 move earthquake\n>p1 switch 5\n>p1 move dynamicpunch\n>p2 move iciclecrash\n>p1 move poltergeist\n>p2 move iceshard\n>p1 switch 3\n>p1 move alluringvoice\n>p2 move earthquake\n>p1 move alluringvoice\n>p2 move earthquake\n>p2 switch 2\n>p1 move alluringvoice\n>p2 move swordsdance\n>p1 switch 2\n>p2 move swordsdance\n>p1 move flamethrower\n>p2 move suckerpunch terastallize\n>p1 switch 2\n>p1 move alluringvoice\n>p2 move powerwhip\n>p1 switch 6\n>p1 move dragonpulse terastallize\n>p2 move poisonjab\n>p1 move calmmind\n>p2 move suckerpunch\n>p1 move calmmind\n>p2 switch 6\n>p1 move flamethrower\n>p2 move stunspore\n>p1 move flamethrower\n>p2 move knockoff\n>p2 switch 4\n>p1 move gigadrain\n>p2 move crunch\n>p1 move calmmind\n>p2 move crunch\n>p1 move calmmind\n>p2 move crunch\n>p1 switch 4\n>p1 move dragondance\n>p2 move crunch\n>p1 move earthquake\n>p2 move crunch\n>p2 switch 6\n>p1 move dragondance\n>p2 move powerwhip", "uploadtime": 1733867174, "views": 1, "formatid": "gen9randombattle", "rating": 1924, "private": 0, "password": null}