{"id": "gen9randombattle-2260381982", "format": "[Gen 9] Random Battle", "players": ["MasterVelyk2", "mongst"], "log": "|j|\u2606MasterVelyk2\n|j|\u2606mongst\n|t:|1733846086\n|gametype|singles\n|player|p1|MasterVelyk2|iris|1095\n|player|p2|mongst|266|1070\n|teamsize|p1|6\n|teamsize|p2|6\n|gen|9\n|tier|[Gen 9] Random Battle\n|rated|\n|rule|Species Clause: Limit one of each Pok\u00e9mon\n|rule|HP Percentage Mod: HP is shown in percentages\n|rule|Sleep Clause Mod: Limit one foe put to sleep\n|rule|Illusion Level Mod: Illusion disguises the Pok\u00e9mon's true level\n|\n|t:|1733846086\n|start\n|switch|p1a: Ceruledge|Ceruledge, L78, F|245/245\n|switch|p2a: Mandibuzz|Mandibuzz, L85, F|326/326\n|turn|1\n|inactive|Battle timer is ON: inactive players will automatically lose when time's up. (requested by mongst)\n|\n|t:|1733846105\n|switch|p1a: Regidrago|Regidrago, L77|435/435\n|move|p2a: Mandibuzz|Foul Play|p1a: Regidrago\n|-damage|p1a: Regidrago|269/435\n|\n|upkeep\n|turn|2\n|inactive|mongst has 120 seconds left.\n|\n|t:|1733846140\n|move|p2a: Mandibuzz|U-turn|p1a: Regidrago\n|-damage|p1a: Regidrago|205/435\n|\n|t:|1733846142\n|switch|p2a: Gallade|Gallade, L81, M|243/243|[from] U-turn\n|move|p1a: Regidrago|Dragon Claw|p2a: Gallade\n|-damage|p2a: Gallade|75/243\n|-damage|p1a: Regidrago|162/435|[from] item: Life Orb\n|\n|upkeep\n|turn|3\n|\n|t:|1733846151\n|move|p2a: Gallade|Psycho Cut|p1a: Regidrago\n|-damage|p1a: Regidrago|0 fnt\n|faint|p1a: Regidrago\n|-damage|p2a: Gallade|51/243|[from] item: Life Orb\n|\n|upkeep\n|\n|t:|1733846157\n|switch|p1a: Ceruledge|Ceruledge, L78, F|245/245\n|turn|4\n|\n|t:|1733846163\n|move|p1a: Ceruledge|Shadow Sneak|p2a: Gallade\n|-supereffective|p2a: Gallade\n|-damage|p2a: Gallade|0 fnt\n|faint|p2a: Gallade\n|\n|upkeep\n|\n|t:|1733846167\n|switch|p2a: Mandibuzz|Mandibuzz, L85, F|326/326\n|turn|5\n|\n|t:|1733846180\n|switch|p1a: Seviper|Seviper, L93, M|287/287\n|move|p2a: Mandibuzz|Foul Play|p1a: Seviper\n|-crit|p1a: Seviper\n|-damage|p1a: Seviper|80/287\n|\n|-heal|p1a: Seviper|97/287|[from] item: Leftovers\n|upkeep\n|turn|6\n|\n|t:|1733846189\n|move|p2a: Mandibuzz|Foul Play|p1a: Seviper\n|-damage|p1a: Seviper|0 fnt\n|faint|p1a: Seviper\n|\n|upkeep\n|\n|t:|1733846196\n|switch|p1a: Golduck|Golduck, L90, F|290/290\n|-ability|p1a: Golduck|Cloud Nine\n|turn|7\n|\n|t:|1733846202\n|move|p1a: Golduck|Nasty Plot|p1a: Golduck\n|-boost|p1a: Golduck|spa|2\n|move|p2a: Mandibuzz|U-turn|p1a: Golduck\n|-damage|p1a: Golduck|254/290\n|\n|t:|1733846205\n|switch|p2a: Tropius|Tropius, L91, M|328/328|[from] U-turn\n|\n|-heal|p1a: Golduck|272/290|[from] item: Leftovers\n|upkeep\n|turn|8\n|inactive|MasterVelyk2 has 120 seconds left.\n|\n|t:|1733846243\n|move|p1a: Golduck|Hydro Pump|p2a: Tropius|[miss]\n|-miss|p1a: Golduck|p2a: Tropius\n|move|p2a: Tropius|Leaf Blade|p1a: Golduck\n|-supereffective|p1a: Golduck\n|-crit|p1a: Golduck\n|-damage|p1a: Golduck|12/290\n|\n|-heal|p1a: Golduck|30/290|[from] item: Leftovers\n|upkeep\n|turn|9\n|\n|t:|1733846257\n|move|p1a: Golduck|Hydro Pump|p2a: Tropius\n|-resisted|p2a: Tropius\n|-damage|p2a: Tropius|195/328\n|move|p2a: Tropius|Leaf Blade|p1a: Golduck\n|-supereffective|p1a: Golduck\n|-damage|p1a: Golduck|0 fnt\n|faint|p1a: Golduck\n|\n|upkeep\n|\n|t:|1733846263\n|switch|p1a: Ceruledge|Ceruledge, L78, F|245/245\n|turn|10\n|\n|t:|1733846270\n|move|p1a: Ceruledge|Bitter Blade|p2a: Tropius\n|-supereffective|p2a: Tropius\n|-damage|p2a: Tropius|0 fnt\n|faint|p2a: Tropius\n|\n|upkeep\n|\n|t:|1733846273\n|switch|p2a: Mandibuzz|Mandibuzz, L85, F|326/326\n|turn|11\n|\n|t:|1733846278\n|move|p2a: Mandibuzz|Foul Play|p1a: Ceruledge\n|-supereffective|p1a: Ceruledge\n|-damage|p1a: Ceruledge|0 fnt\n|faint|p1a: Ceruledge\n|\n|upkeep\n|\n|t:|1733846282\n|switch|p1a: Meowscarada|Meowscarada, L78, F|247/247\n|turn|12\n|\n|t:|1733846289\n|move|p1a: Meowscarada|Triple Axel|p2a: Mandibuzz|[miss]\n|-start|p1a: Meowscarada|typechange|Ice|[from] ability: Protean\n|-miss|p1a: Meowscarada|p2a: Mandibuzz\n|move|p2a: Mandibuzz|U-turn|p1a: Meowscarada\n|-damage|p1a: Meowscarada|201/247\n|\n|t:|1733846294\n|switch|p2a: Magcargo|Magcargo, L95, F|268/268|[from] U-turn\n|\n|upkeep\n|turn|13\n|\n|t:|1733846301\n|switch|p1a: Manaphy|Manaphy, L78|284/284\n|move|p2a: Magcargo|Fire Blast|p1a: Manaphy\n|-resisted|p1a: Manaphy\n|-damage|p1a: Manaphy|212/284\n|\n|-heal|p1a: Manaphy|229/284|[from] item: Leftovers\n|upkeep\n|turn|14\n|\n|t:|1733846315\n|switch|p2a: Gurdurr|Gurdurr, L85, F|283/283\n|move|p1a: Manaphy|Tail Glow|p1a: Manaphy\n|-boost|p1a: Manaphy|spa|3\n|\n|-heal|p1a: Manaphy|246/284|[from] item: Leftovers\n|upkeep\n|turn|15\n|\n|t:|1733846323\n|-terastallize|p2a: Gurdurr|Steel\n|move|p1a: Manaphy|Surf|p2a: Gurdurr\n|-damage|p2a: Gurdurr|63/283\n|move|p2a: Gurdurr|Bulk Up|p2a: Gurdurr\n|-boost|p2a: Gurdurr|atk|1\n|-boost|p2a: Gurdurr|def|1\n|\n|-heal|p1a: Manaphy|263/284|[from] item: Leftovers\n|upkeep\n|turn|16\n|\n|t:|1733846331\n|move|p2a: Gurdurr|Mach Punch|p1a: Manaphy\n|-damage|p1a: Manaphy|194/284\n|move|p1a: Manaphy|Surf|p2a: Gurdurr\n|-damage|p2a: Gurdurr|0 fnt\n|faint|p2a: Gurdurr\n|\n|-heal|p1a: Manaphy|211/284|[from] item: Leftovers\n|upkeep\n|\n|t:|1733846337\n|switch|p2a: Sandslash|Sandslash, L88, M|275/275\n|turn|17\n|\n|t:|1733846346\n|move|p1a: Manaphy|Surf|p2a: Sandslash\n|-supereffective|p2a: Sandslash\n|-damage|p2a: Sandslash|0 fnt\n|faint|p2a: Sandslash\n|\n|-heal|p1a: Manaphy|228/284|[from] item: Leftovers\n|upkeep\n|\n|t:|1733846351\n|switch|p2a: Magcargo|Magcargo, L95, F|268/268\n|turn|18\n|\n|t:|1733846356\n|move|p1a: Manaphy|Surf|p2a: Magcargo\n|-supereffective|p2a: Magcargo\n|-damage|p2a: Magcargo|0 fnt\n|faint|p2a: Magcargo\n|\n|-heal|p1a: Manaphy|245/284|[from] item: Leftovers\n|upkeep\n|\n|t:|1733846358\n|switch|p2a: Mandibuzz|Mandibuzz, L85, F|326/326\n|turn|19\n|inactive|MasterVelyk2 has 120 seconds left.\n|inactive|MasterVelyk2 has 90 seconds left.\n|\n|t:|1733846424\n|move|p1a: Manaphy|Surf|p2a: Mandibuzz\n|-damage|p2a: Mandibuzz|121/326\n|move|p2a: Mandibuzz|Foul Play|p1a: Manaphy\n|-damage|p1a: Manaphy|172/284\n|\n|-heal|p1a: Manaphy|189/284|[from] item: Leftovers\n|upkeep\n|turn|20\n|\n|t:|1733846450\n|move|p1a: Manaphy|Surf|p2a: Mandibuzz\n|-damage|p2a: Mandibuzz|0 fnt\n|faint|p2a: Mandibuzz\n|\n|win|MasterVelyk2\n|raw|MasterVelyk2's rating: 1095 &rarr; <strong>1121</strong><br />(+26 for winning)\n|raw|mongst's rating: 1098 &rarr; <strong>1073</strong><br />(-25 for losing)\n", "inputlog": ">version bfd83cad13791eb5a5a409923076391caf6fb4d4\n>start {\"formatid\":\"gen9randombattle\",\"seed\":[63594,48432,62620,54794],\"rated\":\"Rated battle\"}\n>player p1 {\"name\":\"MasterVelyk2\",\"avatar\":\"iris\",\"rating\":1095,\"seed\":[16459,51780,5463,28147]}\n>player p2 {\"name\":\"mongst\",\"avatar\":\"266\",\"rating\":1070,\"seed\":[51958,347,30523,37311]}\n>p1 switch 2\n>p2 move foulplay\n>p1 move dragonclaw\n>p2 move uturn\n>p2 switch 5\n>p1 move dragondance\n>p2 move psychocut\n>p1 switch 2\n>p1 move shadowsneak\n>p2 move nightslash\n>p2 switch 5\n>p1 switch 6\n>p2 move foulplay\n>p1 move gunkshot\n>p2 move foulplay\n>p1 switch 3\n>p1 move nastyplot\n>p2 move uturn\n>p2 switch 3\n>p1 move hydropump\n>p2 move leafblade\n>p1 move hydropump\n>p2 move leafblade\n>p1 switch 6\n>p1 move bitterblade\n>p2 move dualwingbeat\n>p2 switch 3\n>p1 move bitterblade\n>p2 move foulplay\n>p1 switch 5\n>p1 move tripleaxel\n>p2 move uturn\n>p2 switch 4\n>p1 switch 4\n>p2 move fireblast\n>p1 move tailglow\n>p2 switch 6\n>p1 move surf\n>p2 move bulkup terastallize\n>p1 move surf\n>p2 move machpunch\n>p2 switch 2\n>p1 move surf\n>p2 move knockoff\n>p2 switch 6\n>p1 move surf\n>p2 move powergem\n>p2 switch 4\n>p1 move surf\n>p2 move foulplay\n>p1 move surf\n>p2 move defog", "uploadtime": 1733846454, "views": 1, "formatid": "gen9randombattle", "rating": 1073, "private": 0, "password": null}