{"id": "gen9randombattle-2260839998", "format": "[Gen 9] Random Battle", "players": ["just_4_fun69420", "sawhoneyg"], "log": "|j|\u2606just_4_fun69420\n|j|\u2606sawhoneyg\n|t:|1733901925\n|gametype|singles\n|player|p1|just_4_fun69420|norman|\n|player|p2|sawhoneyg|clair|\n|teamsize|p1|6\n|teamsize|p2|6\n|gen|9\n|tier|[Gen 9] Random Battle\n|rule|Species Clause: Limit one of each Pok\u00e9mon\n|rule|HP Percentage Mod: HP is shown in percentages\n|rule|Sleep Clause Mod: Limit one foe put to sleep\n|rule|Illusion Level Mod: Illusion disguises the Pok\u00e9mon's true level\n|\n|t:|1733901925\n|start\n|switch|p1a: Diancie|Diancie, L82|216/216\n|switch|p2a: Enamorus|Enamorus, L79, F|247/247\n|turn|1\n|\n|t:|1733901935\n|move|p2a: Enamorus|Substitute|p2a: Enamorus\n|-start|p2a: Enamorus|Substitute\n|-damage|p2a: Enamorus|186/247\n|move|p1a: Diancie|Diamond Storm|p2a: Enamorus\n|-supereffective|p2a: Enamorus\n|-end|p2a: Enamorus|Substitute\n|-boost|p1a: Diancie|def|2\n|\n|-heal|p2a: Enamorus|201/247|[from] item: Leftovers\n|upkeep\n|turn|2\n|\n|t:|1733901948\n|move|p2a: Enamorus|Zen Headbutt|p1a: Diancie\n|-damage|p1a: Diancie|196/216\n|move|p1a: Diancie|Diamond Storm|p2a: Enamorus\n|-supereffective|p2a: Enamorus\n|-damage|p2a: Enamorus|0 fnt\n|faint|p2a: Enamorus\n|\n|-heal|p1a: Diancie|209/216|[from] item: Leftovers\n|upkeep\n|\n|t:|1733901963\n|switch|p2a: Vaporeon|Vaporeon, L86, F|364/364\n|turn|3\n|\n|t:|1733901984\n|-terastallize|p1a: Diancie|Fairy\n|move|p2a: Vaporeon|Protect|p2a: Vaporeon\n|-singleturn|p2a: Vaporeon|Protect\n|move|p1a: Diancie|Calm Mind|p1a: Diancie\n|-boost|p1a: Diancie|spa|1\n|-boost|p1a: Diancie|spd|1\n|\n|-heal|p1a: Diancie|216/216|[from] item: Leftovers\n|upkeep\n|turn|4\n|\n|t:|1733901996\n|move|p2a: Vaporeon|Haze|p2a: Vaporeon\n|-clearallboost\n|move|p1a: Diancie|Calm Mind|p1a: Diancie\n|-boost|p1a: Diancie|spa|1\n|-boost|p1a: Diancie|spd|1\n|\n|upkeep\n|turn|5\n|\n|t:|1733902005\n|move|p2a: Vaporeon|Wish|p2a: Vaporeon\n|move|p1a: Diancie|Draining Kiss|p2a: Vaporeon\n|-damage|p2a: Vaporeon|248/364\n|\n|-heal|p2a: Vaporeon|270/364|[from] item: Leftovers\n|upkeep\n|turn|6\n|\n|t:|1733902013\n|move|p2a: Vaporeon|Scald|p1a: Diancie\n|-damage|p1a: Diancie|171/216\n|move|p1a: Diancie|Draining Kiss|p2a: Vaporeon\n|-damage|p2a: Vaporeon|160/364\n|-heal|p1a: Diancie|216/216|[from] drain|[of] p2a: Vaporeon\n|\n|-heal|p2a: Vaporeon|342/364|[from] move: Wish|[wisher] Vaporeon\n|-heal|p2a: Vaporeon|364/364|[from] item: Leftovers\n|upkeep\n|turn|7\n|\n|t:|1733902025\n|move|p2a: Vaporeon|Wish|p2a: Vaporeon\n|move|p1a: Diancie|Draining Kiss|p2a: Vaporeon\n|-damage|p2a: Vaporeon|240/364\n|\n|-heal|p2a: Vaporeon|262/364|[from] item: Leftovers\n|upkeep\n|turn|8\n|\n|t:|1733902034\n|move|p2a: Vaporeon|Scald|p1a: Diancie\n|-damage|p1a: Diancie|168/216\n|-status|p1a: Diancie|brn\n|move|p1a: Diancie|Calm Mind|p1a: Diancie\n|-boost|p1a: Diancie|spa|1\n|-boost|p1a: Diancie|spd|1\n|\n|-heal|p2a: Vaporeon|364/364|[from] move: Wish|[wisher] Vaporeon\n|-heal|p1a: Diancie|181/216 brn|[from] item: Leftovers\n|-damage|p1a: Diancie|168/216 brn|[from] brn\n|upkeep\n|turn|9\n|\n|t:|1733902047\n|move|p2a: Vaporeon|Haze|p2a: Vaporeon\n|-clearallboost\n|move|p1a: Diancie|Draining Kiss|p2a: Vaporeon\n|-damage|p2a: Vaporeon|286/364\n|-heal|p1a: Diancie|216/216 brn|[from] drain|[of] p2a: Vaporeon\n|\n|-heal|p2a: Vaporeon|308/364|[from] item: Leftovers\n|-damage|p1a: Diancie|203/216 brn|[from] brn\n|upkeep\n|turn|10\n|\n|t:|1733902059\n|switch|p1a: Toxapex|Toxapex, L82, F|216/216\n|move|p2a: Vaporeon|Scald|p1a: Toxapex\n|-resisted|p1a: Toxapex\n|-damage|p1a: Toxapex|179/216\n|-status|p1a: Toxapex|brn\n|\n|-heal|p2a: Vaporeon|330/364|[from] item: Leftovers\n|-heal|p1a: Toxapex|192/216 brn|[from] item: Leftovers\n|-damage|p1a: Toxapex|179/216 brn|[from] brn\n|upkeep\n|turn|11\n|\n|t:|1733902083\n|move|p2a: Vaporeon|Protect|p2a: Vaporeon\n|-singleturn|p2a: Vaporeon|Protect\n|move|p1a: Toxapex|Toxic Spikes|p2a: Vaporeon\n|-sidestart|p2: sawhoneyg|move: Toxic Spikes\n|\n|-heal|p2a: Vaporeon|352/364|[from] item: Leftovers\n|-heal|p1a: Toxapex|192/216 brn|[from] item: Leftovers\n|-damage|p1a: Toxapex|179/216 brn|[from] brn\n|upkeep\n|turn|12\n|\n|t:|1733902093\n|move|p2a: Vaporeon|Scald|p1a: Toxapex\n|-resisted|p1a: Toxapex\n|-crit|p1a: Toxapex\n|-damage|p1a: Toxapex|129/216 brn\n|move|p1a: Toxapex|Toxic Spikes|p2a: Vaporeon\n|-sidestart|p2: sawhoneyg|move: Toxic Spikes\n|\n|-heal|p2a: Vaporeon|364/364|[from] item: Leftovers\n|-heal|p1a: Toxapex|142/216 brn|[from] item: Leftovers\n|-damage|p1a: Toxapex|129/216 brn|[from] brn\n|upkeep\n|turn|13\n|\n|t:|1733902113\n|move|p2a: Vaporeon|Scald|p1a: Toxapex\n|-resisted|p1a: Toxapex\n|-damage|p1a: Toxapex|94/216 brn\n|move|p1a: Toxapex|Recover|p1a: Toxapex\n|-heal|p1a: Toxapex|202/216 brn\n|\n|-heal|p1a: Toxapex|215/216 brn|[from] item: Leftovers\n|-damage|p1a: Toxapex|202/216 brn|[from] brn\n|upkeep\n|turn|14\n|\n|t:|1733902128\n|move|p2a: Vaporeon|Scald|p1a: Toxapex\n|-resisted|p1a: Toxapex\n|-damage|p1a: Toxapex|167/216 brn\n|move|p1a: Toxapex|Liquidation|p2a: Vaporeon\n|-immune|p2a: Vaporeon|[from] ability: Water Absorb\n|\n|-heal|p1a: Toxapex|180/216 brn|[from] item: Leftovers\n|-damage|p1a: Toxapex|167/216 brn|[from] brn\n|upkeep\n|turn|15\n|\n|t:|1733902142\n|switch|p1a: Lokix|Lokix, L82, F|251/251\n|move|p2a: Vaporeon|Scald|p1a: Lokix\n|-damage|p1a: Lokix|119/251\n|\n|upkeep\n|turn|16\n|\n|t:|1733902152\n|move|p1a: Lokix|First Impression|p2a: Vaporeon\n|-damage|p2a: Vaporeon|208/364\n|-damage|p1a: Lokix|94/251|[from] item: Life Orb\n|move|p2a: Vaporeon|Scald|p1a: Lokix\n|-damage|p1a: Lokix|0 fnt\n|faint|p1a: Lokix\n|\n|-heal|p2a: Vaporeon|230/364|[from] item: Leftovers\n|upkeep\n|\n|t:|1733902165\n|switch|p1a: Basculin|Basculin, L86, M|261/261\n|turn|17\n|\n|t:|1733902169\n|move|p1a: Basculin|Double-Edge|p2a: Vaporeon\n|-damage|p2a: Vaporeon|70/364\n|-damage|p1a: Basculin|208/261|[from] Recoil\n|move|p2a: Vaporeon|Wish|p2a: Vaporeon\n|\n|-heal|p2a: Vaporeon|92/364|[from] item: Leftovers\n|upkeep\n|turn|18\n|\n|t:|1733902181\n|move|p2a: Vaporeon|Protect|p2a: Vaporeon\n|-singleturn|p2a: Vaporeon|Protect\n|move|p1a: Basculin|Double-Edge|p2a: Vaporeon\n|-activate|p2a: Vaporeon|move: Protect\n|\n|-heal|p2a: Vaporeon|274/364|[from] move: Wish|[wisher] Vaporeon\n|-heal|p2a: Vaporeon|296/364|[from] item: Leftovers\n|upkeep\n|turn|19\n|\n|t:|1733902196\n|move|p2a: Vaporeon|Protect||[still]\n|-fail|p2a: Vaporeon\n|move|p1a: Basculin|Double-Edge|p2a: Vaporeon\n|-damage|p2a: Vaporeon|124/364\n|-damage|p1a: Basculin|151/261|[from] Recoil\n|\n|-heal|p2a: Vaporeon|146/364|[from] item: Leftovers\n|upkeep\n|turn|20\n|\n|t:|1733902205\n|move|p1a: Basculin|Double-Edge|p2a: Vaporeon\n|-damage|p2a: Vaporeon|0 fnt\n|faint|p2a: Vaporeon\n|-damage|p1a: Basculin|103/261|[from] Recoil\n|\n|upkeep\n|\n|t:|1733902216\n|switch|p2a: Kingdra|Kingdra, L84, F|263/263\n|-status|p2a: Kingdra|tox\n|turn|21\n|\n|t:|1733902225\n|move|p1a: Basculin|Double-Edge|p2a: Kingdra\n|-damage|p2a: Kingdra|150/263 tox\n|-damage|p1a: Basculin|66/261|[from] Recoil\n|move|p2a: Kingdra|Draco Meteor|p1a: Basculin\n|-damage|p1a: Basculin|0 fnt\n|-unboost|p2a: Kingdra|spa|2\n|faint|p1a: Basculin\n|-damage|p2a: Kingdra|124/263 tox|[from] item: Life Orb\n|\n|-damage|p2a: Kingdra|108/263 tox|[from] psn\n|upkeep\n|\n|t:|1733902235\n|switch|p1a: Diancie|Diancie, L82, tera:Fairy|203/216 brn\n|turn|22\n|\n|t:|1733902243\n|move|p2a: Kingdra|Wave Crash|p1a: Diancie\n|-damage|p1a: Diancie|85/216 brn\n|-damage|p2a: Kingdra|69/263 tox|[from] Recoil\n|-damage|p2a: Kingdra|43/263 tox|[from] item: Life Orb\n|move|p1a: Diancie|Calm Mind|p1a: Diancie\n|-boost|p1a: Diancie|spa|1\n|-boost|p1a: Diancie|spd|1\n|\n|-heal|p1a: Diancie|98/216 brn|[from] item: Leftovers\n|-damage|p2a: Kingdra|11/263 tox|[from] psn\n|-damage|p1a: Diancie|85/216 brn|[from] brn\n|upkeep\n|turn|23\n|\n|t:|1733902259\n|switch|p1a: Toxapex|Toxapex, L82, F|216/216 brn\n|move|p2a: Kingdra|Wave Crash|p1a: Toxapex\n|-resisted|p1a: Toxapex\n|-damage|p1a: Toxapex|163/216 brn\n|-damage|p2a: Kingdra|0 fnt|[from] Recoil\n|faint|p2a: Kingdra\n|\n|-heal|p1a: Toxapex|176/216 brn|[from] item: Leftovers\n|-damage|p1a: Toxapex|163/216 brn|[from] brn\n|upkeep\n|\n|t:|1733902274\n|switch|p2a: Alcremie|Alcremie-Mint-Cream, L90, F|263/263\n|-status|p2a: Alcremie|tox\n|turn|24\n|\n|t:|1733902293\n|switch|p1a: Magcargo|Magcargo, L95, F|268/268\n|-terastallize|p2a: Alcremie|Ground\n|move|p2a: Alcremie|Tera Blast|p1a: Magcargo|[anim] Tera Blast Ground\n|-supereffective|p1a: Magcargo\n|-damage|p1a: Magcargo|0 fnt\n|faint|p1a: Magcargo\n|\n|-damage|p2a: Alcremie|247/263 tox|[from] psn\n|upkeep\n|\n|t:|1733902301\n|switch|p1a: Diancie|Diancie, L82, tera:Fairy|85/216 brn\n|turn|25\n|\n|t:|1733902309\n|move|p2a: Alcremie|Tera Blast|p1a: Diancie|[anim] Tera Blast Ground\n|-damage|p1a: Diancie|16/216 brn\n|move|p1a: Diancie|Draining Kiss|p2a: Alcremie\n|-damage|p2a: Alcremie|181/263 tox\n|-heal|p1a: Diancie|66/216 brn|[from] drain|[of] p2a: Alcremie\n|\n|-heal|p2a: Alcremie|197/263 tox|[from] item: Leftovers\n|-heal|p1a: Diancie|79/216 brn|[from] item: Leftovers\n|-damage|p2a: Alcremie|165/263 tox|[from] psn\n|-damage|p1a: Diancie|66/216 brn|[from] brn\n|upkeep\n|turn|26\n|\n|t:|1733902326\n|move|p2a: Alcremie|Recover|p2a: Alcremie\n|-heal|p2a: Alcremie|263/263 tox\n|move|p1a: Diancie|Draining Kiss|p2a: Alcremie\n|-damage|p2a: Alcremie|197/263 tox\n|-heal|p1a: Diancie|116/216 brn|[from] drain|[of] p2a: Alcremie\n|\n|-heal|p2a: Alcremie|213/263 tox|[from] item: Leftovers\n|-heal|p1a: Diancie|129/216 brn|[from] item: Leftovers\n|-damage|p2a: Alcremie|165/263 tox|[from] psn\n|-damage|p1a: Diancie|116/216 brn|[from] brn\n|upkeep\n|turn|27\n|\n|t:|1733902339\n|move|p2a: Alcremie|Tera Blast|p1a: Diancie|[anim] Tera Blast Ground\n|-damage|p1a: Diancie|38/216 brn\n|move|p1a: Diancie|Calm Mind|p1a: Diancie\n|-boost|p1a: Diancie|spa|1\n|-boost|p1a: Diancie|spd|1\n|\n|-heal|p2a: Alcremie|181/263 tox|[from] item: Leftovers\n|-heal|p1a: Diancie|51/216 brn|[from] item: Leftovers\n|-damage|p2a: Alcremie|117/263 tox|[from] psn\n|-damage|p1a: Diancie|38/216 brn|[from] brn\n|upkeep\n|turn|28\n|\n|t:|1733902352\n|move|p2a: Alcremie|Tera Blast|p1a: Diancie|[anim] Tera Blast Ground\n|-damage|p1a: Diancie|0 fnt\n|faint|p1a: Diancie\n|\n|-heal|p2a: Alcremie|133/263 tox|[from] item: Leftovers\n|-damage|p2a: Alcremie|53/263 tox|[from] psn\n|upkeep\n|\n|t:|1733902359\n|switch|p1a: Crabominable|Crabominable, L90, M|321/321\n|turn|29\n|\n|t:|1733902368\n|switch|p1a: Toxapex|Toxapex, L82, F|216/216 brn\n|move|p2a: Alcremie|Alluring Voice|p1a: Toxapex\n|-resisted|p1a: Toxapex\n|-damage|p1a: Toxapex|177/216 brn\n|\n|-heal|p2a: Alcremie|69/263 tox|[from] item: Leftovers\n|-heal|p1a: Toxapex|190/216 brn|[from] item: Leftovers\n|-damage|p2a: Alcremie|0 fnt|[from] psn\n|faint|p2a: Alcremie\n|-damage|p1a: Toxapex|177/216 brn|[from] brn\n|upkeep\n|\n|t:|1733902382\n|switch|p2a: Chi-Yu|Chi-Yu, L77|211/211\n|-status|p2a: Chi-Yu|tox\n|-ability|p2a: Chi-Yu|Beads of Ruin\n|turn|30\n|\n|t:|1733902392\n|move|p2a: Chi-Yu|Psychic|p1a: Toxapex\n|-supereffective|p1a: Toxapex\n|-damage|p1a: Toxapex|51/216 brn\n|move|p1a: Toxapex|Haze|p1a: Toxapex\n|-clearallboost\n|\n|-heal|p1a: Toxapex|64/216 brn|[from] item: Leftovers\n|-damage|p2a: Chi-Yu|198/211 tox|[from] psn\n|-damage|p1a: Toxapex|51/216 brn|[from] brn\n|upkeep\n|turn|31\n|\n|t:|1733902403\n|switch|p1a: Crabominable|Crabominable, L90, M|321/321\n|move|p2a: Chi-Yu|Psychic|p1a: Crabominable\n|-supereffective|p1a: Crabominable\n|-damage|p1a: Crabominable|179/321\n|\n|-damage|p2a: Chi-Yu|172/211 tox|[from] psn\n|upkeep\n|turn|32\n|\n|t:|1733902415\n|switch|p2a: Arcanine|Arcanine, L84, M|288/288\n|-ability|p2a: Arcanine|Intimidate|boost\n|-unboost|p1a: Crabominable|atk|1\n|move|p1a: Crabominable|Drain Punch|p2a: Arcanine\n|-damage|p2a: Arcanine|185/288\n|-heal|p1a: Crabominable|231/321|[from] drain|[of] p2a: Arcanine\n|\n|upkeep\n|turn|33\n|\n|t:|1733902426\n|switch|p1a: Toxapex|Toxapex, L82, F|123/216 brn\n|move|p2a: Arcanine|Close Combat|p1a: Toxapex\n|-resisted|p1a: Toxapex\n|-damage|p1a: Toxapex|90/216 brn\n|-unboost|p2a: Arcanine|def|1\n|-unboost|p2a: Arcanine|spd|1\n|\n|-heal|p1a: Toxapex|103/216 brn|[from] item: Leftovers\n|-damage|p1a: Toxapex|90/216 brn|[from] brn\n|upkeep\n|turn|34\n|\n|t:|1733902441\n|move|p2a: Arcanine|Close Combat|p1a: Toxapex\n|-resisted|p1a: Toxapex\n|-damage|p1a: Toxapex|61/216 brn\n|-unboost|p2a: Arcanine|def|1\n|-unboost|p2a: Arcanine|spd|1\n|move|p1a: Toxapex|Recover|p1a: Toxapex\n|-heal|p1a: Toxapex|169/216 brn\n|\n|-heal|p1a: Toxapex|182/216 brn|[from] item: Leftovers\n|-damage|p1a: Toxapex|169/216 brn|[from] brn\n|upkeep\n|turn|35\n|\n|t:|1733902456\n|move|p1a: Toxapex|Liquidation|p2a: Arcanine\n|-supereffective|p2a: Arcanine\n|-crit|p2a: Arcanine\n|-damage|p2a: Arcanine|0 fnt\n|faint|p2a: Arcanine\n|\n|-heal|p1a: Toxapex|182/216 brn|[from] item: Leftovers\n|-damage|p1a: Toxapex|169/216 brn|[from] brn\n|upkeep\n|\n|t:|1733902465\n|switch|p2a: Chi-Yu|Chi-Yu, L77|172/211 tox\n|-ability|p2a: Chi-Yu|Beads of Ruin\n|turn|36\n|\n|t:|1733902471\n|move|p2a: Chi-Yu|Psychic|p1a: Toxapex\n|-supereffective|p1a: Toxapex\n|-damage|p1a: Toxapex|37/216 brn\n|move|p1a: Toxapex|Liquidation|p2a: Chi-Yu\n|-supereffective|p2a: Chi-Yu\n|-damage|p2a: Chi-Yu|96/211 tox\n|\n|-heal|p1a: Toxapex|50/216 brn|[from] item: Leftovers\n|-damage|p2a: Chi-Yu|83/211 tox|[from] psn\n|-damage|p1a: Toxapex|37/216 brn|[from] brn\n|upkeep\n|turn|37\n|\n|t:|1733902483\n|move|p2a: Chi-Yu|Psychic|p1a: Toxapex\n|-supereffective|p1a: Toxapex\n|-damage|p1a: Toxapex|0 fnt\n|faint|p1a: Toxapex\n|\n|-damage|p2a: Chi-Yu|57/211 tox|[from] psn\n|upkeep\n|\n|t:|1733902485\n|switch|p1a: Crabominable|Crabominable, L90, M|231/321\n|turn|38\n|\n|t:|1733902493\n|move|p2a: Chi-Yu|Psychic|p1a: Crabominable\n|-supereffective|p1a: Crabominable\n|-damage|p1a: Crabominable|101/321\n|move|p1a: Crabominable|Drain Punch|p2a: Chi-Yu\n|-supereffective|p2a: Chi-Yu\n|-damage|p2a: Chi-Yu|0 fnt\n|-heal|p1a: Crabominable|130/321|[from] drain|[of] p2a: Chi-Yu\n|faint|p2a: Chi-Yu\n|\n|win|just_4_fun69420\n", "inputlog": ">version bfd83cad13791eb5a5a409923076391caf6fb4d4\n>start {\"formatid\":\"gen9randombattle\",\"seed\":[38236,39579,40423,18906]}\n>player p1 {\"name\":\"just_4_fun69420\",\"avatar\":\"norman\",\"rating\":0,\"seed\":[47466,12627,36244,59368]}\n>player p2 {\"name\":\"sawhoneyg\",\"avatar\":\"clair\",\"rating\":0,\"seed\":[24561,10048,60333,35592]}\n>p1 move diamondstorm\n>p2 move substitute\n>p1 move diamondstorm\n>p2 move zenheadbutt\n>p2 switch 2\n>p1 move calmmind terastallize\n>p2 move protect\n>p1 move calmmind\n>p2 move haze\n>p1 move drainingkiss\n>p2 move wish\n>p1 move drainingkiss\n>p2 move scald\n>p1 move drainingkiss\n>p2 move wish\n>p1 move calmmind\n>p2 move scald\n>p1 move drainingkiss\n>p2 move haze\n>p1 switch 5\n>p2 move scald\n>p1 move toxicspikes\n>p2 move protect\n>p1 move toxicspikes\n>p2 move scald\n>p1 move recover\n>p2 move scald\n>p1 move liquidation\n>p2 move scald\n>p1 switch 2\n>p2 move scald\n>p1 move firstimpression\n>p2 move scald\n>p1 switch 4\n>p1 move doubleedge\n>p2 move wish\n>p1 move doubleedge\n>p2 move protect\n>p1 move doubleedge\n>p2 move protect\n>p1 move doubleedge\n>p2 move wish\n>p2 switch 5\n>p1 move doubleedge\n>p2 move dracometeor\n>p1 switch 5\n>p1 move calmmind\n>p2 move wavecrash\n>p1 switch 2\n>p2 move wavecrash\n>p2 switch 4\n>p1 switch 3\n>p2 move terablast terastallize\n>p1 switch 2\n>p1 move drainingkiss\n>p2 move terablast\n>p1 move drainingkiss\n>p2 move recover\n>p1 move calmmind\n>p2 move terablast\n>p1 move drainingkiss\n>p2 move terablast\n>p1 switch 6\n>p1 switch 3\n>p2 move alluringvoice\n>p2 switch 6\n>p1 move haze\n>p2 move psychic\n>p1 switch 3\n>p2 move psychic\n>p1 move drainpunch\n>p2 switch 3\n>p1 switch 3\n>p2 move closecombat\n>p1 move recover\n>p2 move closecombat\n>p1 move liquidation\n>p2 move roar\n>p2 switch 3\n>p1 move liquidation\n>p2 move psychic\n>p1 move recover\n>p2 move psychic\n>p1 switch 3\n>p1 move drainpunch\n>p2 move psychic", "uploadtime": 1733902501, "views": 1, "formatid": "gen9randombattle", "rating": null, "private": 0, "password": null}