{"id": "gen9randombattle-2260367680", "format": "[Gen 9] Random Battle", "players": ["badteacher", "chele123"], "log": "|j|\u2606badteacher\n|j|\u2606chele123\n|t:|1733844645\n|gametype|singles\n|player|p1|badteacher|2|1414\n|player|p2|chele123|2|1403\n|teamsize|p1|6\n|teamsize|p2|6\n|gen|9\n|tier|[Gen 9] Random Battle\n|rated|\n|rule|Species Clause: Limit one of each Pok\u00e9mon\n|rule|HP Percentage Mod: HP is shown in percentages\n|rule|Sleep Clause Mod: Limit one foe put to sleep\n|rule|Illusion Level Mod: Illusion disguises the Pok\u00e9mon's true level\n|\n|t:|1733844645\n|start\n|switch|p1a: Glalie|Glalie, L96, F|309/309\n|switch|p2a: Palafin|Palafin, L77, M|281/281\n|turn|1\n|\n|t:|1733844659\n|move|p1a: Glalie|Freeze-Dry|p2a: Palafin\n|-supereffective|p2a: Palafin\n|-damage|p2a: Palafin|45/281\n|move|p2a: Palafin|Flip Turn|p1a: Glalie\n|-damage|p1a: Glalie|245/309\n|inactive|Battle timer is ON: inactive players will automatically lose when time's up. (requested by badteacher)\n|\n|t:|1733844676\n|detailschange|p2a: Palafin|Palafin-Hero, L77, M\n|switch|p2a: Terrakion|Terrakion, L79|273/273|[from] Flip Turn\n|\n|upkeep\n|turn|2\n|\n|t:|1733844692\n|move|p2a: Terrakion|Stone Edge|p1a: Glalie\n|-supereffective|p1a: Glalie\n|-damage|p1a: Glalie|0 fnt\n|faint|p1a: Glalie\n|-damage|p2a: Terrakion|246/273|[from] item: Life Orb\n|\n|upkeep\n|\n|t:|1733844705\n|switch|p1a: Dipplin|Dipplin, L88, F|284/284\n|turn|3\n|\n|t:|1733844725\n|switch|p2a: Shaymin|Shaymin-Sky, L73|266/266\n|move|p1a: Dipplin|Giga Drain|p2a: Shaymin\n|-resisted|p2a: Shaymin\n|-damage|p2a: Shaymin|238/266\n|\n|upkeep\n|turn|4\n|\n|t:|1733844739\n|move|p1a: Dipplin|Sucker Punch|p2a: Shaymin\n|-damage|p2a: Shaymin|178/266\n|move|p2a: Shaymin|Air Slash|p1a: Dipplin\n|-supereffective|p1a: Dipplin\n|-damage|p1a: Dipplin|122/284\n|\n|upkeep\n|turn|5\n|\n|t:|1733844755\n|switch|p1a: Reuniclus|Reuniclus, L88, M|337/337\n|move|p2a: Shaymin|Air Slash|p1a: Reuniclus\n|-damage|p1a: Reuniclus|237/337\n|\n|upkeep\n|turn|6\n|\n|t:|1733844761\n|move|p2a: Shaymin|Air Slash|p1a: Reuniclus|[miss]\n|-miss|p2a: Shaymin|p1a: Reuniclus\n|move|p1a: Reuniclus|Calm Mind|p1a: Reuniclus\n|-boost|p1a: Reuniclus|spa|1\n|-boost|p1a: Reuniclus|spd|1\n|\n|upkeep\n|turn|7\n|\n|t:|1733844764\n|move|p2a: Shaymin|Air Slash|p1a: Reuniclus|[miss]\n|-miss|p2a: Shaymin|p1a: Reuniclus\n|move|p1a: Reuniclus|Recover|p1a: Reuniclus\n|-heal|p1a: Reuniclus|337/337\n|\n|upkeep\n|turn|8\n|\n|t:|1733844770\n|move|p2a: Shaymin|Air Slash|p1a: Reuniclus\n|-damage|p1a: Reuniclus|262/337\n|cant|p1a: Reuniclus|flinch\n|\n|upkeep\n|turn|9\n|\n|t:|1733844775\n|move|p2a: Shaymin|Air Slash|p1a: Reuniclus\n|-damage|p1a: Reuniclus|192/337\n|cant|p1a: Reuniclus|flinch\n|\n|upkeep\n|turn|10\n|\n|t:|1733844784\n|move|p2a: Shaymin|Air Slash|p1a: Reuniclus\n|-damage|p1a: Reuniclus|123/337\n|cant|p1a: Reuniclus|flinch\n|\n|upkeep\n|turn|11\n|\n|t:|1733844789\n|move|p2a: Shaymin|Air Slash|p1a: Reuniclus\n|-damage|p1a: Reuniclus|48/337\n|move|p1a: Reuniclus|Recover|p1a: Reuniclus\n|-heal|p1a: Reuniclus|217/337\n|\n|upkeep\n|turn|12\n|\n|t:|1733844795\n|move|p2a: Shaymin|Air Slash|p1a: Reuniclus\n|-damage|p1a: Reuniclus|147/337\n|cant|p1a: Reuniclus|flinch\n|\n|upkeep\n|turn|13\n|\n|t:|1733844800\n|move|p2a: Shaymin|Air Slash|p1a: Reuniclus\n|-damage|p1a: Reuniclus|72/337\n|cant|p1a: Reuniclus|flinch\n|\n|upkeep\n|turn|14\n|\n|t:|1733844807\n|-terastallize|p2a: Shaymin|Flying\n|move|p2a: Shaymin|Air Slash|p1a: Reuniclus\n|-damage|p1a: Reuniclus|0 fnt\n|faint|p1a: Reuniclus\n|\n|upkeep\n|c|\u2606badteacher|fuck offfffffffffffffff\n|\n|t:|1733844826\n|switch|p1a: Slither Wing|Slither Wing, L81|270/270\n|turn|15\n|\n|t:|1733844831\n|-terastallize|p1a: Slither Wing|Electric\n|move|p2a: Shaymin|Air Slash|p1a: Slither Wing\n|-resisted|p1a: Slither Wing\n|-damage|p1a: Slither Wing|200/270\n|cant|p1a: Slither Wing|flinch\n|\n|upkeep\n|turn|16\n|c|\u2606badteacher|hdfhrjytjgcjgkdyu\n|\n|t:|1733844840\n|move|p2a: Shaymin|Air Slash|p1a: Slither Wing|[miss]\n|-miss|p2a: Shaymin|p1a: Slither Wing\n|move|p1a: Slither Wing|Wild Charge|p2a: Shaymin\n|-supereffective|p2a: Shaymin\n|-damage|p2a: Shaymin|0 fnt\n|faint|p2a: Shaymin\n|-damage|p1a: Slither Wing|155/270|[from] Recoil\n|\n|upkeep\n|\n|t:|1733844853\n|switch|p2a: Terrakion|Terrakion, L79|246/273\n|turn|17\n|\n|t:|1733844857\n|move|p2a: Terrakion|Earthquake|p1a: Slither Wing\n|-supereffective|p1a: Slither Wing\n|-damage|p1a: Slither Wing|0 fnt\n|faint|p1a: Slither Wing\n|-end|p1a: Slither Wing|Protosynthesis|[silent]\n|-damage|p2a: Terrakion|219/273|[from] item: Life Orb\n|\n|upkeep\n|\n|t:|1733844860\n|switch|p1a: Bruxish|Bruxish, L85, M|254/254\n|turn|18\n|\n|t:|1733844867\n|switch|p2a: Sinistcha|Sinistcha, L83|254/254\n|move|p1a: Bruxish|Wave Crash|p2a: Sinistcha\n|-resisted|p2a: Sinistcha\n|-damage|p2a: Sinistcha|176/254\n|-damage|p1a: Bruxish|228/254|[from] Recoil\n|-damage|p1a: Bruxish|203/254|[from] item: Life Orb\n|\n|-heal|p2a: Sinistcha|191/254|[from] item: Leftovers\n|upkeep\n|turn|19\n|-message|badteacher forfeited.\n|\n|win|chele123\n", "inputlog": ">version bfd83cad13791eb5a5a409923076391caf6fb4d4\n>start {\"formatid\":\"gen9randombattle\",\"seed\":[20002,54683,16991,62258],\"rated\":\"Rated battle\"}\n>player p1 {\"name\":\"badteacher\",\"avatar\":\"2\",\"rating\":1414,\"seed\":[12754,44707,60228,12115]}\n>player p2 {\"name\":\"chele123\",\"avatar\":\"2\",\"rating\":1403,\"seed\":[54941,59050,32381,60113]}\n>p1 move freezedry\n>p2 move flipturn\n>p2 switch 2\n>p1 move taunt\n>p2 move stoneedge\n>p1 switch 3\n>p1 move gigadrain\n>p2 switch 4\n>p1 move suckerpunch\n>p2 move airslash\n>p1 switch 6\n>p2 move airslash\n>p1 move calmmind\n>p2 move airslash\n>p1 move recover\n>p2 move airslash\n>p1 move shadowball\n>p2 move airslash\n>p1 move shadowball\n>p2 move airslash\n>p1 move shadowball\n>p2 move airslash\n>p1 move recover\n>p2 move airslash\n>p1 move shadowball\n>p2 move airslash\n>p1 move shadowball\n>p2 move airslash\n>p1 move recover\n>p2 move airslash terastallize\n>chat \u2606badteacher|fuck offfffffffffffffff\n>p1 switch 2\n>p1 move wildcharge terastallize\n>p2 move airslash\n>chat \u2606badteacher|hdfhrjytjgcjgkdyu\n>p1 move wildcharge\n>p2 move airslash\n>p2 switch 4\n>p1 move wildcharge\n>p2 move earthquake\n>p1 switch 4\n>p1 move wavecrash\n>p2 switch 6\n>forcelose p1", "uploadtime": 1733844816, "views": 1, "formatid": "gen9randombattle", "rating": null, "private": 0, "password": null}