{"id": "gen9randombattle-2260282338", "format": "[Gen 9] Random Battle", "players": ["graydrag", "Jez93"], "log": "|j|\u2606graydrag\n|j|\u2606Jez93\n|t:|1733834721\n|gametype|singles\n|player|p1|graydrag|102|1260\n|player|p2|Jez93|169|1225\n|teamsize|p1|6\n|teamsize|p2|6\n|gen|9\n|tier|[Gen 9] Random Battle\n|rated|\n|rule|Species Clause: Limit one of each Pok\u00e9mon\n|rule|HP Percentage Mod: HP is shown in percentages\n|rule|Sleep Clause Mod: Limit one foe put to sleep\n|rule|Illusion Level Mod: Illusion disguises the Pok\u00e9mon's true level\n|\n|t:|1733834721\n|start\n|switch|p1a: Sylveon|Sylveon, L85, F|300/300\n|switch|p2a: Floatzel|Floatzel, L85, M|283/283\n|turn|1\n|inactive|Battle timer is ON: inactive players will automatically lose when time's up. (requested by Jez93)\n|\n|t:|1733834731\n|move|p2a: Floatzel|Taunt|p1a: Sylveon\n|-start|p1a: Sylveon|move: Taunt\n|move|p1a: Sylveon|Hyper Voice|p2a: Floatzel\n|-damage|p2a: Floatzel|94/283\n|\n|-heal|p2a: Floatzel|111/283|[from] item: Leftovers\n|upkeep\n|turn|2\n|\n|t:|1733834742\n|move|p2a: Floatzel|Wave Crash|p1a: Sylveon\n|-damage|p1a: Sylveon|119/300\n|-damage|p2a: Floatzel|51/283|[from] Recoil\n|move|p1a: Sylveon|Hyper Voice|p2a: Floatzel\n|-damage|p2a: Floatzel|0 fnt\n|faint|p2a: Floatzel\n|\n|-heal|p1a: Sylveon|137/300|[from] item: Leftovers\n|upkeep\n|\n|t:|1733834765\n|switch|p2a: Vivillon|Vivillon-Monsoon, L84, F|272/272\n|turn|3\n|\n|t:|1733834777\n|move|p2a: Vivillon|Sleep Powder|p1a: Sylveon\n|-status|p1a: Sylveon|slp|[from] move: Sleep Powder\n|cant|p1a: Sylveon|slp\n|\n|-heal|p1a: Sylveon|155/300 slp|[from] item: Leftovers\n|-end|p1a: Sylveon|move: Taunt\n|upkeep\n|turn|4\n|\n|t:|1733834805\n|switch|p1a: Bastiodon|Bastiodon, L89, M|252/252\n|move|p2a: Vivillon|Quiver Dance|p2a: Vivillon\n|-boost|p2a: Vivillon|spa|1\n|-boost|p2a: Vivillon|spd|1\n|-boost|p2a: Vivillon|spe|1\n|\n|upkeep\n|turn|5\n|\n|t:|1733834817\n|-terastallize|p2a: Vivillon|Ground\n|move|p2a: Vivillon|Tera Blast|p1a: Bastiodon|[anim] Tera Blast Ground\n|-supereffective|p1a: Bastiodon\n|-damage|p1a: Bastiodon|0 fnt\n|faint|p1a: Bastiodon\n|\n|upkeep\n|inactive|graydrag has 120 seconds left.\n|inactive|graydrag has 90 seconds left.\n|\n|t:|1733834879\n|switch|p1a: Scovillain|Scovillain, L91, F|266/266\n|turn|6\n|\n|t:|1733834888\n|move|p2a: Vivillon|Hurricane|p1a: Scovillain\n|-supereffective|p1a: Scovillain\n|-crit|p1a: Scovillain\n|-damage|p1a: Scovillain|0 fnt\n|faint|p1a: Scovillain\n|\n|upkeep\n|\n|t:|1733834899\n|switch|p1a: Sawsbuck|Sawsbuck-Winter, L88, F|284/284\n|turn|7\n|\n|t:|1733834908\n|-terastallize|p1a: Sawsbuck|Ground\n|move|p2a: Vivillon|Hurricane|p1a: Sawsbuck\n|-damage|p1a: Sawsbuck|86/284\n|-start|p1a: Sawsbuck|confusion\n|-activate|p1a: Sawsbuck|confusion\n|move|p1a: Sawsbuck|Horn Leech|p2a: Vivillon\n|-supereffective|p2a: Vivillon\n|-damage|p2a: Vivillon|0 fnt\n|-heal|p1a: Sawsbuck|222/284|[from] drain|[of] p2a: Vivillon\n|faint|p2a: Vivillon\n|-damage|p1a: Sawsbuck|194/284|[from] item: Life Orb\n|\n|upkeep\n|\n|t:|1733834929\n|switch|p2a: Beartic|Beartic, L91, F|321/321\n|turn|8\n|inactive|graydrag has 90 seconds left.\n|\n|t:|1733834945\n|switch|p1a: Ariados|Ariados, L95, M|287/287\n|move|p2a: Beartic|Icicle Crash|p1a: Ariados\n|-damage|p1a: Ariados|152/287\n|\n|upkeep\n|turn|9\n|\n|t:|1733834968\n|move|p2a: Beartic|Swords Dance|p2a: Beartic\n|-boost|p2a: Beartic|atk|2\n|move|p1a: Ariados|Megahorn|p2a: Beartic\n|-damage|p2a: Beartic|176/321\n|\n|upkeep\n|turn|10\n|\n|t:|1733834977\n|move|p1a: Ariados|Sucker Punch|p2a: Beartic\n|-damage|p2a: Beartic|117/321\n|move|p2a: Beartic|Earthquake|p1a: Ariados\n|-damage|p1a: Ariados|0 fnt\n|faint|p1a: Ariados\n|\n|upkeep\n|\n|t:|1733834988\n|switch|p1a: Sawsbuck|Sawsbuck-Winter, L88, F, tera:Ground|194/284\n|turn|11\n|\n|t:|1733834992\n|move|p1a: Sawsbuck|High Horsepower|p2a: Beartic\n|-damage|p2a: Beartic|0 fnt\n|faint|p2a: Beartic\n|-damage|p1a: Sawsbuck|166/284|[from] item: Life Orb\n|\n|upkeep\n|\n|t:|1733835004\n|switch|p2a: Gyarados|Gyarados, L79, M|280/280\n|turn|12\n|inactive|graydrag has 90 seconds left.\n|\n|t:|1733835014\n|switch|p1a: Empoleon|Empoleon, L84, M|278/278\n|move|p2a: Gyarados|Dragon Dance|p2a: Gyarados\n|-boost|p2a: Gyarados|atk|1\n|-boost|p2a: Gyarados|spe|1\n|\n|upkeep\n|turn|13\n|\n|t:|1733835023\n|move|p2a: Gyarados|Earthquake|p1a: Empoleon\n|-supereffective|p1a: Empoleon\n|-damage|p1a: Empoleon|34/278\n|move|p1a: Empoleon|Knock Off|p2a: Gyarados\n|-damage|p2a: Gyarados|209/280\n|-enditem|p2a: Gyarados|Heavy-Duty Boots|[from] move: Knock Off|[of] p1a: Empoleon\n|\n|-heal|p1a: Empoleon|51/278|[from] item: Leftovers\n|upkeep\n|turn|14\n|\n|t:|1733835034\n|move|p2a: Gyarados|Earthquake|p1a: Empoleon\n|-supereffective|p1a: Empoleon\n|-damage|p1a: Empoleon|0 fnt\n|faint|p1a: Empoleon\n|-ability|p2a: Gyarados|Moxie|boost\n|-boost|p2a: Gyarados|atk|1\n|\n|upkeep\n|inactive|graydrag has 90 seconds left.\n|\n|t:|1733835054\n|switch|p1a: Sylveon|Sylveon, L85, F|155/300 slp\n|turn|15\n|inactive|graydrag has 90 seconds left.\n|\n|t:|1733835067\n|cant|p1a: Sylveon|slp\n|move|p2a: Gyarados|Earthquake|p1a: Sylveon\n|-damage|p1a: Sylveon|0 fnt\n|faint|p1a: Sylveon\n|-ability|p2a: Gyarados|Moxie|boost\n|-boost|p2a: Gyarados|atk|1\n|\n|upkeep\n|inactive|graydrag has 90 seconds left.\n|\n|t:|1733835073\n|switch|p1a: Sawsbuck|Sawsbuck-Winter, L88, F, tera:Ground|166/284\n|turn|16\n|\n|t:|1733835078\n|move|p2a: Gyarados|Waterfall|p1a: Sawsbuck\n|-supereffective|p1a: Sawsbuck\n|-damage|p1a: Sawsbuck|0 fnt\n|faint|p1a: Sawsbuck\n|\n|win|Jez93\n|raw|graydrag's rating: 1260 &rarr; <strong>1232</strong><br />(-28 for losing)\n|raw|Jez93's rating: 1225 &rarr; <strong>1253</strong><br />(+28 for winning)\n|l|\u2606graydrag\n|player|p1|\n", "inputlog": ">version bfd83cad13791eb5a5a409923076391caf6fb4d4\n>start {\"formatid\":\"gen9randombattle\",\"seed\":[46956,48875,697,28175],\"rated\":\"Rated battle\"}\n>player p1 {\"name\":\"graydrag\",\"avatar\":\"102\",\"rating\":1260,\"seed\":[55227,43628,51477,40848]}\n>player p2 {\"name\":\"Jez93\",\"avatar\":\"169\",\"rating\":1225,\"seed\":[37881,27410,11720,65159]}\n>p1 move hypervoice\n>p2 move taunt\n>p1 move hypervoice\n>p2 move wavecrash\n>p2 switch 6\n>p1 move hypervoice\n>p2 move sleeppowder\n>p1 switch 5\n>p2 move quiverdance\n>p1 move foulplay\n>p2 move terablast terastallize\n>p1 switch 3\n>p1 move leafstorm\n>p2 move hurricane\n>p1 switch 4\n>p1 move hornleech terastallize\n>p2 move hurricane\n>p2 switch 3\n>p1 switch 2\n>p2 move iciclecrash\n>p1 move megahorn\n>p2 move swordsdance\n>p1 move suckerpunch\n>p2 move earthquake\n>p1 switch 2\n>p1 move highhorsepower\n>p2 move iciclecrash\n>p2 switch 4\n>p1 switch 6\n>p2 move dragondance\n>p1 move knockoff\n>p2 move earthquake\n>p1 move surf\n>p2 move earthquake\n>p1 switch 5\n>p1 move protect\n>p2 move earthquake\n>p1 switch 6\n>p1 move hornleech\n>p2 move waterfall", "uploadtime": 1733835087, "views": 2, "formatid": "gen9randombattle", "rating": 1232, "private": 0, "password": null}