{"id": "gen9randombattle-2215744195", "format": "[Gen 9] Random Battle", "players": ["lazydewgong087", "h0tsl0thgf"], "log": "|j|\u2606lazydewgong087\n|j|\u2606h0tsl0thgf\n|t:|1728046273\n|gametype|singles\n|player|p1|lazydewgong087|hilbert|2232\n|player|p2|h0tsl0thgf|marley|2246\n|teamsize|p1|6\n|teamsize|p2|6\n|gen|9\n|tier|[Gen 9] Random Battle\n|rated|\n|rule|Species Clause: Limit one of each Pok\u00e9mon\n|rule|HP Percentage Mod: HP is shown in percentages\n|rule|Sleep Clause Mod: Limit one foe put to sleep\n|rule|Illusion Level Mod: Illusion disguises the Pok\u00e9mon's true level\n|\n|t:|1728046273\n|start\n|switch|p1a: Probopass|Probopass, L92, M|260/260\n|switch|p2a: Basculin|Basculin, L86, M|261/261\n|turn|1\n|\n|t:|1728046300\n|switch|p1a: Dialga|Dialga, L73|266/266\n|-ability|p1a: Dialga|Pressure\n|move|p2a: Basculin|Wave Crash|p1a: Dialga\n|-resisted|p1a: Dialga\n|-damage|p1a: Dialga|151/266\n|-damage|p2a: Basculin|223/261|[from] Recoil\n|\n|-heal|p1a: Dialga|167/266|[from] item: Leftovers\n|upkeep\n|turn|2\n|\n|t:|1728046326\n|switch|p2a: Swalot|Swalot, L90, F|326/326\n|move|p1a: Dialga|Thunder Wave|p2a: Swalot\n|-status|p2a: Swalot|par\n|\n|-heal|p1a: Dialga|183/266|[from] item: Leftovers\n|upkeep\n|turn|3\n|\n|t:|1728046356\n|move|p1a: Dialga|Stealth Rock|p2a: Swalot\n|-sidestart|p2: h0tsl0thgf|move: Stealth Rock\n|move|p2a: Swalot|Earthquake|p1a: Dialga\n|-supereffective|p1a: Dialga\n|-damage|p1a: Dialga|73/266\n|\n|-heal|p1a: Dialga|89/266|[from] item: Leftovers\n|upkeep\n|turn|4\n|\n|t:|1728046367\n|switch|p1a: Grumpig|Grumpig, L92, M|297/297\n|move|p2a: Swalot|Earthquake|p1a: Grumpig\n|-damage|p1a: Grumpig|227/297\n|\n|upkeep\n|turn|5\n|\n|t:|1728046381\n|switch|p2a: Whimsicott|Whimsicott, L85, M|241/241\n|move|p1a: Grumpig|Trick|p2a: Whimsicott\n|-activate|p1a: Grumpig|move: Trick|[of] p2a: Whimsicott\n|-item|p2a: Whimsicott|Choice Scarf|[from] move: Trick\n|-item|p1a: Grumpig|Heavy-Duty Boots|[from] move: Trick\n|\n|upkeep\n|turn|6\n|\n|t:|1728046402\n|move|p2a: Whimsicott|U-turn|p1a: Grumpig\n|-supereffective|p1a: Grumpig\n|-damage|p1a: Grumpig|145/297\n|\n|t:|1728046408\n|switch|p2a: Oinkologne|Oinkologne, L92, M|352/352|[from] U-turn\n|-damage|p2a: Oinkologne|308/352|[from] Stealth Rock\n|move|p1a: Grumpig|Psyshock|p2a: Oinkologne\n|-damage|p2a: Oinkologne|212/352\n|\n|-heal|p2a: Oinkologne|234/352|[from] item: Leftovers\n|upkeep\n|turn|7\n|\n|t:|1728046445\n|switch|p1a: Altaria|Altaria, L88, M|275/275\n|move|p2a: Oinkologne|Body Slam|p1a: Altaria\n|-damage|p1a: Altaria|173/275\n|\n|-heal|p2a: Oinkologne|256/352|[from] item: Leftovers\n|upkeep\n|turn|8\n|\n|t:|1728046466\n|move|p1a: Altaria|Brave Bird|p2a: Oinkologne\n|-damage|p2a: Oinkologne|150/352\n|-damage|p1a: Altaria|138/275|[from] Recoil\n|move|p2a: Oinkologne|Body Slam|p1a: Altaria\n|-damage|p1a: Altaria|44/275\n|\n|-heal|p2a: Oinkologne|172/352|[from] item: Leftovers\n|upkeep\n|turn|9\n|\n|t:|1728046487\n|move|p1a: Altaria|Roost|p1a: Altaria\n|-heal|p1a: Altaria|182/275\n|-singleturn|p1a: Altaria|move: Roost\n|move|p2a: Oinkologne|Body Slam|p1a: Altaria\n|-damage|p1a: Altaria|76/275\n|-status|p1a: Altaria|par\n|\n|-heal|p2a: Oinkologne|194/352|[from] item: Leftovers\n|upkeep\n|turn|10\n|\n|t:|1728046510\n|-curestatus|p1a: Altaria|par|[from] ability: Natural Cure\n|switch|p1a: Dialga|Dialga, L73|89/266\n|-ability|p1a: Dialga|Pressure\n|move|p2a: Oinkologne|Body Slam|p1a: Dialga\n|-resisted|p1a: Dialga\n|-damage|p1a: Dialga|37/266\n|-status|p1a: Dialga|par\n|\n|-heal|p2a: Oinkologne|216/352|[from] item: Leftovers\n|-heal|p1a: Dialga|53/266 par|[from] item: Leftovers\n|upkeep\n|turn|11\n|inactive|Battle timer is ON: inactive players will automatically lose when time's up. (requested by lazydewgong087)\n|inactive|h0tsl0thgf has 120 seconds left.\n|inactive|h0tsl0thgf has 90 seconds left.\n|inactive|h0tsl0thgf has 60 seconds left.\n|\n|t:|1728046677\n|switch|p2a: Milotic|Milotic, L83, M|293/293\n|-damage|p2a: Milotic|257/293|[from] Stealth Rock\n|cant|p1a: Dialga|par\n|\n|-heal|p2a: Milotic|275/293|[from] item: Leftovers\n|-heal|p1a: Dialga|69/266 par|[from] item: Leftovers\n|upkeep\n|turn|12\n|inactive|h0tsl0thgf has 90 seconds left.\n|inactive|h0tsl0thgf has 60 seconds left.\n|inactive|h0tsl0thgf has 30 seconds left.\n|inactive|h0tsl0thgf has 20 seconds left.\n|inactive|h0tsl0thgf has 15 seconds left.\n|inactive|h0tsl0thgf has 10 seconds left.\n|inactive|h0tsl0thgf has 5 seconds left.\n|-message|h0tsl0thgf lost due to inactivity.\n|\n|win|lazydewgong087\n|raw|lazydewgong087's rating: 2232 &rarr; <strong>2253</strong><br />(+21 for winning)\n|raw|h0tsl0thgf's rating: 2246 &rarr; <strong>2225</strong><br />(-21 for losing)\n", "inputlog": ">version 86ae7daf8e420bb3f6c82a6a988ddcc1b1aa7e58\n>start {\"formatid\":\"gen9randombattle\",\"seed\":[18038,50221,25382,38931],\"rated\":\"Rated battle\"}\n>player p1 {\"name\":\"lazydewgong087\",\"avatar\":\"hilbert\",\"rating\":2232,\"seed\":[5299,44575,13503,51087]}\n>player p2 {\"name\":\"h0tsl0thgf\",\"avatar\":\"marley\",\"rating\":2246,\"seed\":[26077,39431,4552,64838]}\n>p1 switch 6\n>p2 move wavecrash\n>p1 move thunderwave\n>p2 switch 2\n>p1 move stealthrock\n>p2 move earthquake\n>p1 switch 2\n>p2 move earthquake\n>p1 move trick\n>p2 switch 6\n>p1 move psyshock\n>p2 move uturn\n>p2 switch 3\n>p1 switch 5\n>p2 move bodyslam\n>p1 move bravebird\n>p2 move bodyslam\n>p1 move roost\n>p2 move bodyslam\n>p1 switch 2\n>p2 move bodyslam\n>p1 move dracometeor\n>p2 switch 5\n>forcelose p2", "uploadtime": 1728046831, "views": 75, "formatid": "gen9randombattle", "rating": 2225, "private": 0, "password": null}