{"id": "gen9randombattle-2259771319", "format": "[Gen 9] Random Battle", "players": ["Star Wheel", "Yusei1789"], "log": "|badge|p1|silver|gen9randombattle|30-3\n|uhtml|medal-msg|<div class=\"broadcast-blue\">Curious what those medals under the avatar are? PS now has Ladder Seasons! For more information, check out the <a href=\"https://www.smogon.com/forums/threads/3740067/\">thread on Smogon.</a></div>\n|badge|p2|bronze|gen9randombattle|100-3\n|uhtml|medal-msg|<div class=\"broadcast-blue\">Curious what those medals under the avatar are? PS now has Ladder Seasons! For more information, check out the <a href=\"https://www.smogon.com/forums/threads/3740067/\">thread on Smogon.</a></div>\n|j|\u2606Star Wheel\n|j|\u2606Yusei1789\n|t:|1733765115\n|gametype|singles\n|player|p1|Star Wheel|darach-caitlin|2343\n|player|p2|Yusei1789|1|2316\n|teamsize|p1|6\n|teamsize|p2|6\n|gen|9\n|tier|[Gen 9] Random Battle\n|rated|\n|rule|Species Clause: Limit one of each Pok\u00e9mon\n|rule|HP Percentage Mod: HP is shown in percentages\n|rule|Sleep Clause Mod: Limit one foe put to sleep\n|rule|Illusion Level Mod: Illusion disguises the Pok\u00e9mon's true level\n|\n|t:|1733765115\n|start\n|switch|p1a: Tentacruel|Tentacruel, L84, M|272/272\n|switch|p2a: Raikou|Raikou, L81|278/278\n|-ability|p2a: Raikou|Pressure\n|turn|1\n|inactive|Battle timer is ON: inactive players will automatically lose when time's up. (requested by Star Wheel)\n|\n|t:|1733765124\n|move|p2a: Raikou|Volt Switch|p1a: Tentacruel\n|-supereffective|p1a: Tentacruel\n|-damage|p1a: Tentacruel|98/272\n|\n|t:|1733765138\n|switch|p2a: Glalie|Glalie, L96, F|309/309|[from] Volt Switch\n|move|p1a: Tentacruel|Toxic|p2a: Glalie\n|-status|p2a: Glalie|tox\n|\n|-heal|p1a: Tentacruel|115/272|[from] item: Leftovers\n|-damage|p2a: Glalie|290/309 tox|[from] psn\n|upkeep\n|turn|2\n|\n|t:|1733765151\n|switch|p1a: Okidogi|Okidogi, L77, M|262/262\n|move|p2a: Glalie|Earthquake|p1a: Okidogi\n|-supereffective|p1a: Okidogi\n|-damage|p1a: Okidogi|116/262\n|\n|-damage|p2a: Glalie|252/309 tox|[from] psn\n|upkeep\n|turn|3\n|\n|t:|1733765163\n|switch|p1a: Houndstone|Houndstone, L86, F|264/264\n|move|p2a: Glalie|Earthquake|p1a: Houndstone\n|-damage|p1a: Houndstone|190/264\n|\n|-heal|p1a: Houndstone|206/264|[from] item: Leftovers\n|-damage|p2a: Glalie|195/309 tox|[from] psn\n|upkeep\n|turn|4\n|\n|t:|1733765174\n|switch|p2a: Suicune|Suicune, L82|298/298\n|-ability|p2a: Suicune|Pressure\n|move|p1a: Houndstone|Body Press|p2a: Suicune\n|-damage|p2a: Suicune|251/298\n|\n|-heal|p2a: Suicune|269/298|[from] item: Leftovers\n|-heal|p1a: Houndstone|222/264|[from] item: Leftovers\n|upkeep\n|turn|5\n|\n|t:|1733765198\n|switch|p1a: Volbeat|Volbeat, L90, M|263/263\n|move|p2a: Suicune|Scald|p1a: Volbeat\n|-damage|p1a: Volbeat|190/263\n|\n|-heal|p2a: Suicune|287/298|[from] item: Leftovers\n|upkeep\n|turn|6\n|\n|t:|1733765205\n|switch|p2a: Raikou|Raikou, L81|278/278\n|-ability|p2a: Raikou|Pressure\n|move|p1a: Volbeat|Lunge|p2a: Raikou\n|-damage|p2a: Raikou|184/278\n|-unboost|p2a: Raikou|atk|1\n|\n|upkeep\n|turn|7\n|\n|t:|1733765213\n|move|p2a: Raikou|Thunderbolt|p1a: Volbeat\n|-damage|p1a: Volbeat|39/263\n|move|p1a: Volbeat|Lunge|p2a: Raikou\n|-damage|p2a: Raikou|99/278\n|-unboost|p2a: Raikou|atk|1\n|\n|upkeep\n|turn|8\n|\n|t:|1733765223\n|move|p1a: Volbeat|Roost|p1a: Volbeat\n|-heal|p1a: Volbeat|171/263\n|-singleturn|p1a: Volbeat|move: Roost\n|move|p2a: Raikou|Thunderbolt|p1a: Volbeat\n|-damage|p1a: Volbeat|32/263\n|\n|upkeep\n|turn|9\n|\n|t:|1733765229\n|move|p2a: Raikou|Thunderbolt|p1a: Volbeat\n|-damage|p1a: Volbeat|0 fnt\n|faint|p1a: Volbeat\n|\n|upkeep\n|inactive|Star Wheel has 120 seconds left.\n|\n|t:|1733765280\n|switch|p1a: Houndstone|Houndstone, L86, F|222/264\n|turn|10\n|\n|t:|1733765284\n|switch|p2a: Suicune|Suicune, L82|287/298\n|-ability|p2a: Suicune|Pressure\n|move|p1a: Houndstone|Poltergeist|p2a: Suicune\n|-activate|p2a: Suicune|move: Poltergeist|Leftovers\n|-damage|p2a: Suicune|182/298\n|\n|-heal|p2a: Suicune|200/298|[from] item: Leftovers\n|-heal|p1a: Houndstone|238/264|[from] item: Leftovers\n|upkeep\n|turn|11\n|inactive|Star Wheel has 90 seconds left.\n|\n|t:|1733765333\n|switch|p1a: Tentacruel|Tentacruel, L84, M|115/272\n|move|p2a: Suicune|Scald|p1a: Tentacruel\n|-resisted|p1a: Tentacruel\n|-damage|p1a: Tentacruel|86/272\n|\n|-heal|p1a: Tentacruel|103/272|[from] item: Leftovers\n|-heal|p2a: Suicune|218/298|[from] item: Leftovers\n|upkeep\n|turn|12\n|\n|t:|1733765341\n|switch|p2a: Glalie|Glalie, L96, F|195/309 tox\n|move|p1a: Tentacruel|Sludge Bomb|p2a: Glalie\n|-damage|p2a: Glalie|122/309 tox\n|\n|-heal|p1a: Tentacruel|120/272|[from] item: Leftovers\n|-damage|p2a: Glalie|103/309 tox|[from] psn\n|upkeep\n|turn|13\n|inactive|Star Wheel has 90 seconds left.\n|\n|t:|1733765362\n|move|p1a: Tentacruel|Sludge Bomb|p2a: Glalie\n|-damage|p2a: Glalie|22/309 tox\n|move|p2a: Glalie|Spikes|p1a: Tentacruel\n|-sidestart|p1: Star Wheel|Spikes\n|\n|-heal|p1a: Tentacruel|137/272|[from] item: Leftovers\n|-damage|p2a: Glalie|0 fnt|[from] psn\n|faint|p2a: Glalie\n|upkeep\n|\n|t:|1733765372\n|switch|p2a: Gothitelle|Gothitelle, L90, F|272/272\n|turn|14\n|inactive|Star Wheel has 60 seconds left.\n|\n|t:|1733765411\n|move|p1a: Tentacruel|Rapid Spin|p2a: Gothitelle\n|-damage|p2a: Gothitelle|245/272\n|-boost|p1a: Tentacruel|spe|1\n|-sideend|p1: Star Wheel|Spikes|[from] move: Rapid Spin|[of] p1a: Tentacruel\n|move|p2a: Gothitelle|Psychic Noise|p1a: Tentacruel\n|-supereffective|p1a: Tentacruel\n|-crit|p1a: Tentacruel\n|-damage|p1a: Tentacruel|0 fnt\n|faint|p1a: Tentacruel\n|\n|-heal|p2a: Gothitelle|262/272|[from] item: Leftovers\n|upkeep\n|\n|t:|1733765418\n|switch|p1a: Houndstone|Houndstone, L86, F|238/264\n|turn|15\n|\n|t:|1733765423\n|switch|p2a: Suicune|Suicune, L82|218/298\n|-ability|p2a: Suicune|Pressure\n|move|p1a: Houndstone|Poltergeist|p2a: Suicune\n|-activate|p2a: Suicune|move: Poltergeist|Leftovers\n|-damage|p2a: Suicune|107/298\n|\n|-heal|p2a: Suicune|125/298|[from] item: Leftovers\n|-heal|p1a: Houndstone|254/264|[from] item: Leftovers\n|upkeep\n|turn|16\n|inactive|Star Wheel has 60 seconds left.\n|\n|t:|1733765440\n|switch|p1a: Shaymin|Shaymin-Sky, L73|266/266\n|move|p2a: Suicune|Scald|p1a: Shaymin\n|-resisted|p1a: Shaymin\n|-damage|p1a: Shaymin|213/266\n|\n|-heal|p2a: Suicune|143/298|[from] item: Leftovers\n|upkeep\n|turn|17\n|\n|t:|1733765458\n|switch|p2a: Gothitelle|Gothitelle, L90, F|262/272\n|move|p1a: Shaymin|Seed Flare|p2a: Gothitelle\n|-damage|p2a: Gothitelle|169/272\n|-unboost|p2a: Gothitelle|spd|2\n|\n|-heal|p2a: Gothitelle|186/272|[from] item: Leftovers\n|upkeep\n|turn|18\n|inactive|Star Wheel has 60 seconds left.\n|\n|t:|1733765477\n|move|p1a: Shaymin|Air Slash|p2a: Gothitelle\n|-damage|p2a: Gothitelle|68/272\n|move|p2a: Gothitelle|Thunder Wave|p1a: Shaymin\n|-status|p1a: Shaymin|par\n|\n|-heal|p2a: Gothitelle|85/272|[from] item: Leftovers\n|upkeep\n|turn|19\n|\n|t:|1733765490\n|move|p2a: Gothitelle|Psychic Noise|p1a: Shaymin\n|-damage|p1a: Shaymin|98/266 par\n|-start|p1a: Shaymin|move: Heal Block\n|move|p1a: Shaymin|Seed Flare|p2a: Gothitelle\n|-damage|p2a: Gothitelle|0 fnt\n|faint|p2a: Gothitelle\n|\n|upkeep\n|\n|t:|1733765497\n|switch|p2a: Raikou|Raikou, L81|99/278\n|-ability|p2a: Raikou|Pressure\n|turn|20\n|inactive|Star Wheel has 60 seconds left.\n|\n|t:|1733765527\n|move|p2a: Raikou|Volt Switch|p1a: Shaymin\n|-damage|p1a: Shaymin|0 fnt\n|faint|p1a: Shaymin\n|\n|t:|1733765534\n|switch|p2a: Suicune|Suicune, L82|143/298|[from] Volt Switch\n|-ability|p2a: Suicune|Pressure\n|\n|-heal|p2a: Suicune|161/298|[from] item: Leftovers\n|upkeep\n|\n|t:|1733765537\n|switch|p1a: Rotom|Rotom-Wash, L82|216/216\n|turn|21\n|\n|t:|1733765547\n|move|p1a: Rotom|Thunderbolt|p2a: Suicune\n|-supereffective|p2a: Suicune\n|-damage|p2a: Suicune|15/298\n|-status|p2a: Suicune|par\n|move|p2a: Suicune|Scald|p1a: Rotom\n|-resisted|p1a: Rotom\n|-damage|p1a: Rotom|180/216\n|\n|-heal|p1a: Rotom|193/216|[from] item: Leftovers\n|-heal|p2a: Suicune|33/298 par|[from] item: Leftovers\n|upkeep\n|turn|22\n|j| yusaku99\n|\n|t:|1733765561\n|move|p1a: Rotom|Thunderbolt|p2a: Suicune\n|-supereffective|p2a: Suicune\n|-damage|p2a: Suicune|0 fnt\n|faint|p2a: Suicune\n|\n|-heal|p1a: Rotom|206/216|[from] item: Leftovers\n|upkeep\n|\n|t:|1733765584\n|switch|p2a: Baxcalibur|Baxcalibur, L75, M|295/295\n|turn|23\n|\n|t:|1733765590\n|move|p1a: Rotom|Volt Switch|p2a: Baxcalibur\n|-resisted|p2a: Baxcalibur\n|-damage|p2a: Baxcalibur|254/295\n|\n|t:|1733765592\n|switch|p1a: Houndstone|Houndstone, L86, F|254/264|[from] Volt Switch\n|move|p2a: Baxcalibur|Swords Dance|p2a: Baxcalibur\n|-boost|p2a: Baxcalibur|atk|2\n|\n|-heal|p1a: Houndstone|264/264|[from] item: Leftovers\n|upkeep\n|turn|24\n|inactive|Yusei1789 has 120 seconds left.\n|\n|t:|1733765624\n|-terastallize|p2a: Baxcalibur|Ground\n|-terastallize|p1a: Houndstone|Fighting\n|move|p2a: Baxcalibur|Earthquake|p1a: Houndstone\n|-damage|p1a: Houndstone|59/264\n|move|p1a: Houndstone|Body Press|p2a: Baxcalibur\n|-damage|p2a: Baxcalibur|164/295\n|\n|-heal|p1a: Houndstone|75/264|[from] item: Leftovers\n|upkeep\n|turn|25\n|\n|t:|1733765630\n|move|p2a: Baxcalibur|Scale Shot|p1a: Houndstone\n|-crit|p1a: Houndstone\n|-damage|p1a: Houndstone|0 fnt\n|faint|p1a: Houndstone\n|-hitcount|p1: Houndstone|1\n|-unboost|p2a: Baxcalibur|def|1\n|-boost|p2a: Baxcalibur|spe|1\n|\n|upkeep\n|\n|t:|1733765632\n|switch|p1a: Rotom|Rotom-Wash, L82|206/216\n|turn|26\n|\n|t:|1733765640\n|move|p2a: Baxcalibur|Scale Shot|p1a: Rotom\n|-damage|p1a: Rotom|155/216\n|-damage|p1a: Rotom|98/216\n|-damage|p1a: Rotom|47/216\n|-damage|p1a: Rotom|0 fnt\n|faint|p1a: Rotom\n|-hitcount|p1: Rotom|4\n|-unboost|p2a: Baxcalibur|def|1\n|-boost|p2a: Baxcalibur|spe|1\n|\n|upkeep\n|-message|Star Wheel forfeited.\n|\n|win|Yusei1789\n|raw|Star Wheel's rating: 2359 &rarr; <strong>2337</strong><br />(-22 for losing)\n|raw|Yusei1789's rating: 2316 &rarr; <strong>2338</strong><br />(+22 for winning)\n|l|\u2606Star Wheel\n|player|p1|\n", "inputlog": ">version bfd83cad13791eb5a5a409923076391caf6fb4d4\n>start {\"formatid\":\"gen9randombattle\",\"seed\":[47162,9788,17692,45834],\"rated\":\"Rated battle\"}\n>player p1 {\"name\":\"Star Wheel\",\"avatar\":\"darach-caitlin\",\"rating\":2343,\"seed\":[5727,57602,47214,16519]}\n>player p2 {\"name\":\"Yusei1789\",\"avatar\":\"1\",\"rating\":2316,\"seed\":[49918,47573,53558,5384]}\n>p1 move toxic\n>p2 move voltswitch\n>p2 switch 6\n>p1 switch 4\n>p2 move earthquake\n>p1 switch 6\n>p2 move earthquake\n>p1 move bodypress\n>p2 switch 2\n>p1 switch 2\n>p2 move scald\n>p1 move lunge\n>p2 switch 6\n>p1 move lunge\n>p2 move thunderbolt\n>p1 move roost\n>p2 move thunderbolt\n>p1 move lunge\n>p2 move thunderbolt\n>p1 switch 2\n>p1 move poltergeist\n>p2 switch 6\n>p1 switch 4\n>p2 move scald\n>p1 move sludgebomb\n>p2 switch 2\n>p1 move sludgebomb\n>p2 move spikes\n>p2 switch 3\n>p1 move rapidspin\n>p2 move psychicnoise\n>p1 switch 4\n>p1 move poltergeist\n>p2 switch 2\n>p1 switch 5\n>p2 move scald\n>p1 move seedflare\n>p2 switch 2\n>p1 move airslash\n>p2 move thunderwave\n>p1 move seedflare\n>p2 move psychicnoise\n>p2 switch 6\n>p1 move seedflare\n>p2 move voltswitch\n>p2 switch 2\n>p1 switch 3\n>p1 move thunderbolt\n>p2 move scald\n>p1 move thunderbolt\n>p2 move scald\n>p2 switch 4\n>p1 move voltswitch\n>p2 move swordsdance\n>p1 switch 5\n>p1 move bodypress terastallize\n>p2 move earthquake terastallize\n>p1 move poltergeist\n>p2 move scaleshot\n>p1 switch 5\n>p1 move hydropump\n>p2 move scaleshot\n>forcelose p1", "uploadtime": 1733765650, "views": 8, "formatid": "gen9randombattle", "rating": 2337, "private": 0, "password": null}