{"id": "gen9randombattle-2260841516", "format": "[Gen 9] Random Battle", "players": ["Suzaku the Phoenix", "RoboWahbit"], "log": "|j|\u2606Suzaku the Phoenix\n|j|\u2606RoboWahbit\n|t:|1733902232\n|gametype|singles\n|player|p1|Suzaku the Phoenix|steven|1114\n|player|p2|RoboWahbit|101|1135\n|teamsize|p1|6\n|teamsize|p2|6\n|gen|9\n|tier|[Gen 9] Random Battle\n|rated|\n|rule|Species Clause: Limit one of each Pok\u00e9mon\n|rule|HP Percentage Mod: HP is shown in percentages\n|rule|Sleep Clause Mod: Limit one foe put to sleep\n|rule|Illusion Level Mod: Illusion disguises the Pok\u00e9mon's true level\n|\n|t:|1733902232\n|start\n|switch|p1a: Raging Bolt|Raging Bolt, L78|323/323\n|switch|p2a: Vigoroth|Vigoroth, L85, M|275/275\n|turn|1\n|c|\u2606RoboWahbit|hf\n|inactive|Battle timer is ON: inactive players will automatically lose when time's up. (requested by RoboWahbit)\n|\n|t:|1733902246\n|move|p1a: Raging Bolt|Thunderclap||[still]\n|-fail|p1a: Raging Bolt\n|move|p2a: Vigoroth|Bulk Up|p2a: Vigoroth\n|-boost|p2a: Vigoroth|atk|1\n|-boost|p2a: Vigoroth|def|1\n|\n|upkeep\n|turn|2\n|\n|t:|1733902250\n|switch|p2a: Electivire|Electivire, L84, F|263/263\n|move|p1a: Raging Bolt|Thunderclap||[still]\n|-fail|p1a: Raging Bolt\n|\n|upkeep\n|turn|3\n|\n|t:|1733902255\n|move|p2a: Electivire|Earthquake|p1a: Raging Bolt\n|-supereffective|p1a: Raging Bolt\n|-damage|p1a: Raging Bolt|102/323\n|-damage|p2a: Electivire|237/263|[from] item: Life Orb\n|move|p1a: Raging Bolt|Volt Switch|p2a: Electivire\n|-ability|p2a: Electivire|Motor Drive|boost\n|-boost|p2a: Electivire|spe|1\n|\n|upkeep\n|turn|4\n|\n|t:|1733902266\n|move|p2a: Electivire|Supercell Slam|p1a: Raging Bolt\n|-resisted|p1a: Raging Bolt\n|-damage|p1a: Raging Bolt|57/323\n|-damage|p2a: Electivire|211/263|[from] item: Life Orb\n|move|p1a: Raging Bolt|Draco Meteor|p2a: Electivire\n|-damage|p2a: Electivire|57/263\n|-unboost|p1a: Raging Bolt|spa|2\n|\n|upkeep\n|turn|5\n|\n|t:|1733902279\n|move|p2a: Electivire|Knock Off|p1a: Raging Bolt\n|-damage|p1a: Raging Bolt|0 fnt\n|-enditem|p1a: Raging Bolt|Assault Vest|[from] move: Knock Off|[of] p2a: Electivire\n|faint|p1a: Raging Bolt\n|-end|p1a: Raging Bolt|Protosynthesis|[silent]\n|-damage|p2a: Electivire|31/263|[from] item: Life Orb\n|\n|upkeep\n|\n|t:|1733902287\n|switch|p1a: Golem|Golem-Alola, L93, F|300/300\n|turn|6\n|\n|t:|1733902290\n|move|p2a: Electivire|Supercell Slam|p1a: Golem\n|-resisted|p1a: Golem\n|-damage|p1a: Golem|249/300\n|-damage|p2a: Electivire|5/263|[from] item: Life Orb\n|move|p1a: Golem|Earthquake|p2a: Electivire\n|-supereffective|p2a: Electivire\n|-damage|p2a: Electivire|0 fnt\n|faint|p2a: Electivire\n|\n|upkeep\n|\n|t:|1733902290\n|switch|p2a: Latios|Latios, L78, M|253/253\n|turn|7\n|\n|t:|1733902314\n|switch|p1a: Palafin|Palafin, L77, F|281/281\n|move|p2a: Latios|Luster Purge|p1a: Palafin\n|-damage|p1a: Palafin|95/281\n|-unboost|p1a: Palafin|spd|1\n|\n|upkeep\n|turn|8\n|\n|t:|1733902317\n|detailschange|p1a: Palafin|Palafin-Hero, L77, F\n|switch|p1a: Sceptile|Sceptile, L87, F|264/264\n|move|p2a: Latios|Calm Mind|p2a: Latios\n|-boost|p2a: Latios|spa|1\n|-boost|p2a: Latios|spd|1\n|\n|upkeep\n|turn|9\n|\n|t:|1733902321\n|move|p1a: Sceptile|Leech Seed|p2a: Latios\n|-start|p2a: Latios|move: Leech Seed\n|move|p2a: Latios|Luster Purge|p1a: Sceptile\n|-damage|p1a: Sceptile|66/264\n|-unboost|p1a: Sceptile|spd|1\n|\n|-heal|p1a: Sceptile|82/264|[from] item: Leftovers\n|-damage|p2a: Latios|222/253|[from] Leech Seed|[of] p1a: Sceptile\n|-heal|p1a: Sceptile|113/264|[silent]\n|upkeep\n|turn|10\n|\n|t:|1733902323\n|move|p1a: Sceptile|Substitute|p1a: Sceptile\n|-start|p1a: Sceptile|Substitute\n|-damage|p1a: Sceptile|47/264\n|move|p2a: Latios|Luster Purge|p1a: Sceptile\n|-end|p1a: Sceptile|Substitute\n|\n|-heal|p1a: Sceptile|63/264|[from] item: Leftovers\n|-damage|p2a: Latios|191/253|[from] Leech Seed|[of] p1a: Sceptile\n|-heal|p1a: Sceptile|94/264|[silent]\n|upkeep\n|turn|11\n|\n|t:|1733902331\n|move|p1a: Sceptile|Giga Drain|p2a: Latios\n|-resisted|p2a: Latios\n|-damage|p2a: Latios|162/253\n|-heal|p1a: Sceptile|109/264|[from] drain|[of] p2a: Latios\n|move|p2a: Latios|Luster Purge|p1a: Sceptile\n|-damage|p1a: Sceptile|0 fnt\n|faint|p1a: Sceptile\n|\n|upkeep\n|\n|t:|1733902355\n|switch|p1a: Palafin|Palafin-Hero, L77, F|95/281\n|-activate|p1a: Palafin|ability: Zero to Hero\n|turn|12\n|\n|t:|1733902363\n|move|p2a: Latios|Calm Mind|p2a: Latios\n|-boost|p2a: Latios|spa|1\n|-boost|p2a: Latios|spd|1\n|move|p1a: Palafin|Wave Crash|p2a: Latios\n|-resisted|p2a: Latios\n|-damage|p2a: Latios|18/253\n|-damage|p1a: Palafin|47/281|[from] Recoil\n|\n|-damage|p2a: Latios|0 fnt|[from] Leech Seed|[of] p1a: Palafin\n|-heal|p1a: Palafin|65/281|[silent]\n|faint|p2a: Latios\n|upkeep\n|\n|t:|1733902363\n|switch|p2a: Hawlucha|Hawlucha, L80, F|256/256\n|turn|13\n|\n|t:|1733902376\n|-terastallize|p1a: Palafin|Water\n|move|p2a: Hawlucha|Brave Bird|p1a: Palafin\n|-damage|p1a: Palafin|0 fnt\n|faint|p1a: Palafin\n|-damage|p2a: Hawlucha|235/256|[from] Recoil\n|\n|upkeep\n|\n|t:|1733902382\n|switch|p1a: Ursaring|Ursaring, L84, F|288/288\n|turn|14\n|\n|t:|1733902386\n|move|p2a: Hawlucha|Swords Dance|p2a: Hawlucha\n|-boost|p2a: Hawlucha|atk|2\n|move|p1a: Ursaring|Body Slam|p2a: Hawlucha\n|-damage|p2a: Hawlucha|94/256\n|\n|upkeep\n|turn|15\n|\n|t:|1733902410\n|move|p2a: Hawlucha|Close Combat|p1a: Ursaring\n|-supereffective|p1a: Ursaring\n|-damage|p1a: Ursaring|0 fnt\n|-unboost|p2a: Hawlucha|def|1\n|-unboost|p2a: Hawlucha|spd|1\n|-enditem|p2a: Hawlucha|White Herb\n|-clearnegativeboost|p2a: Hawlucha|[silent]\n|faint|p1a: Ursaring\n|\n|upkeep\n|\n|t:|1733902415\n|switch|p1a: Breloom|Breloom, L82, F|233/233\n|turn|16\n|\n|t:|1733902419\n|move|p2a: Hawlucha|Swords Dance|p2a: Hawlucha\n|-boost|p2a: Hawlucha|atk|2\n|move|p1a: Breloom|Spore|p2a: Hawlucha\n|-status|p2a: Hawlucha|slp|[from] move: Spore\n|\n|upkeep\n|turn|17\n|\n|t:|1733902446\n|cant|p2a: Hawlucha|slp\n|move|p1a: Breloom|Rock Tomb|p2a: Hawlucha\n|-damage|p2a: Hawlucha|0 fnt\n|faint|p2a: Hawlucha\n|-damage|p1a: Breloom|210/233|[from] item: Life Orb\n|\n|upkeep\n|\n|t:|1733902446\n|switch|p2a: Vigoroth|Vigoroth, L85, M|275/275\n|turn|18\n|inactive|Suzaku the Phoenix has 120 seconds left.\n|inactive|Suzaku the Phoenix has 90 seconds left.\n|\n|t:|1733902507\n|move|p1a: Breloom|Mach Punch|p2a: Vigoroth\n|-supereffective|p2a: Vigoroth\n|-damage|p2a: Vigoroth|132/275\n|-damage|p1a: Breloom|187/233|[from] item: Life Orb\n|move|p2a: Vigoroth|Body Slam|p1a: Breloom\n|-damage|p1a: Breloom|105/233\n|\n|upkeep\n|turn|19\n|\n|t:|1733902510\n|move|p1a: Breloom|Mach Punch|p2a: Vigoroth\n|-supereffective|p2a: Vigoroth\n|-damage|p2a: Vigoroth|0 fnt\n|faint|p2a: Vigoroth\n|-damage|p1a: Breloom|82/233|[from] item: Life Orb\n|\n|upkeep\n|\n|t:|1733902510\n|switch|p2a: Rotom|Rotom-Fan, L86|226/226\n|turn|20\n|\n|t:|1733902517\n|move|p2a: Rotom|Air Slash|p1a: Breloom\n|-supereffective|p1a: Breloom\n|-damage|p1a: Breloom|0 fnt\n|faint|p1a: Breloom\n|\n|upkeep\n|\n|t:|1733902520\n|switch|p1a: Golem|Golem-Alola, L93, F|249/300\n|turn|21\n|\n|t:|1733902523\n|move|p2a: Rotom|Will-O-Wisp|p1a: Golem\n|-status|p1a: Golem|brn\n|move|p1a: Golem|Stone Edge|p2a: Rotom|[miss]\n|-miss|p1a: Golem|p2a: Rotom\n|\n|-damage|p1a: Golem|231/300 brn|[from] brn\n|upkeep\n|turn|22\n|inactive|Suzaku the Phoenix has 120 seconds left.\n|inactive|Suzaku the Phoenix has 90 seconds left.\n|inactive|Suzaku the Phoenix has 60 seconds left.\n|\n|t:|1733902589\n|move|p2a: Rotom|Volt Switch|p1a: Golem\n|-resisted|p1a: Golem\n|-damage|p1a: Golem|183/300 brn\n|\n|t:|1733902589\n|switch|p2a: Bastiodon|Bastiodon, L89, M|252/252|[from] Volt Switch\n|move|p1a: Golem|Stone Edge|p2a: Bastiodon\n|-resisted|p2a: Bastiodon\n|-damage|p2a: Bastiodon|220/252\n|\n|-damage|p1a: Golem|165/300 brn|[from] brn\n|upkeep\n|turn|23\n|\n|t:|1733902593\n|move|p1a: Golem|Stone Edge|p2a: Bastiodon|[miss]\n|-miss|p1a: Golem|p2a: Bastiodon\n|move|p2a: Bastiodon|Iron Defense|p2a: Bastiodon\n|-boost|p2a: Bastiodon|def|2\n|\n|-damage|p1a: Golem|147/300 brn|[from] brn\n|upkeep\n|turn|24\n|\n|t:|1733902597\n|move|p1a: Golem|Stone Edge|p2a: Bastiodon\n|-resisted|p2a: Bastiodon\n|-damage|p2a: Bastiodon|204/252\n|move|p2a: Bastiodon|Body Press|p1a: Golem\n|-supereffective|p1a: Golem\n|-damage|p1a: Golem|0 fnt\n|faint|p1a: Golem\n|\n|win|RoboWahbit\n|raw|Suzaku the Phoenix's rating: 1114 &rarr; <strong>1091</strong><br />(-23 for losing)\n|raw|RoboWahbit's rating: 1135 &rarr; <strong>1158</strong><br />(+23 for winning)\n|c|\u2606RoboWahbit|gg\n", "inputlog": ">version bfd83cad13791eb5a5a409923076391caf6fb4d4\n>start {\"formatid\":\"gen9randombattle\",\"seed\":[52639,41110,11573,47944],\"rated\":\"Rated battle\"}\n>player p1 {\"name\":\"Suzaku the Phoenix\",\"avatar\":\"steven\",\"rating\":1114,\"seed\":[24344,29859,62344,35986]}\n>player p2 {\"name\":\"RoboWahbit\",\"avatar\":\"101\",\"rating\":1135,\"seed\":[41908,16683,24197,10195]}\n>chat \u2606RoboWahbit|hf\n>p1 move thunderclap\n>p2 move bulkup\n>p1 move thunderclap\n>p2 switch 6\n>p1 move voltswitch\n>p2 move earthquake\n>p1 move dracometeor\n>p2 move supercellslam\n>p1 move dracometeor\n>p2 move knockoff\n>p1 switch 2\n>p1 move earthquake\n>p2 move supercellslam\n>p2 switch 4\n>p1 switch 4\n>p2 move lusterpurge\n>p1 switch 5\n>p2 move calmmind\n>p1 move leechseed\n>p2 move lusterpurge\n>p1 move substitute\n>p2 move lusterpurge\n>p1 move gigadrain\n>p2 move lusterpurge\n>p1 switch 5\n>p1 move wavecrash\n>p2 move calmmind\n>p2 switch 3\n>p1 move wavecrash terastallize\n>p2 move bravebird\n>p1 switch 6\n>p1 move bodyslam\n>p2 move swordsdance\n>p1 move bodyslam\n>p2 move closecombat\n>p1 switch 3\n>p1 move spore\n>p2 move swordsdance\n>p1 move rocktomb\n>p2 move closecombat\n>p2 switch 6\n>p1 move machpunch\n>p2 move bodyslam\n>p1 move machpunch\n>p2 move bodyslam\n>p2 switch 5\n>p1 move spore\n>p2 move airslash\n>p1 switch 4\n>p1 move stoneedge\n>p2 move willowisp\n>p1 move stoneedge\n>p2 move voltswitch\n>p2 switch 2\n>p1 move stoneedge\n>p2 move irondefense\n>p1 move stoneedge\n>p2 move bodypress", "uploadtime": 1733902598, "views": 2, "formatid": "gen9randombattle", "rating": 1091, "private": 0, "password": null}