{"id": "gen9randombattle-2143181792", "format": "[Gen 9] Random Battle", "players": ["Galarian Gas", "Vitoran"], "log": "|badge|p1|bronze|gen9randombattle|100-1\n|uhtml|medal-msg|<div class=\"broadcast-blue\">Curious what those medals under the avatar are? PS now has Ladder Seasons! For more information, check out the <a href=\"https://www.smogon.com/forums/threads/3740067/\">thread on Smogon.</a></div>\n|badge|p2|silver|gen9randombattle|30-1\n|uhtml|medal-msg|<div class=\"broadcast-blue\">Curious what those medals under the avatar are? PS now has Ladder Seasons! For more information, check out the <a href=\"https://www.smogon.com/forums/threads/3740067/\">thread on Smogon.</a></div>\n|j|\u2606Galarian Gas\n|j|\u2606Vitoran\n|t:|1718372491\n|gametype|singles\n|player|p1|Galarian Gas|169|2384\n|player|p2|Vitoran|nemona-v|2435\n|teamsize|p1|6\n|teamsize|p2|6\n|gen|9\n|tier|[Gen 9] Random Battle\n|rated|\n|rule|Species Clause: Limit one of each Pok\u00e9mon\n|rule|HP Percentage Mod: HP is shown in percentages\n|rule|Sleep Clause Mod: Limit one foe put to sleep\n|rule|Illusion Level Mod: Illusion disguises the Pok\u00e9mon's true level\n|\n|t:|1718372491\n|start\n|switch|p1a: Rayquaza|Rayquaza, L72|270/270\n|switch|p2a: Blastoise|Blastoise, L80, M|258/258\n|-ability|p1a: Rayquaza|Air Lock\n|turn|1\n|inactive|Battle timer is ON: inactive players will automatically lose when time's up. (requested by Vitoran)\n|c|\u2606Vitoran|glhf\n|inactive|Galarian Gas has 120 seconds left.\n|inactive|Vitoran has 120 seconds left.\n|\n|t:|1718372536\n|move|p1a: Rayquaza|Dragon Ascent|p2a: Blastoise\n|-damage|p2a: Blastoise|135/258\n|-unboost|p1a: Rayquaza|def|1\n|-unboost|p1a: Rayquaza|spd|1\n|move|p2a: Blastoise|Shell Smash|p2a: Blastoise\n|-unboost|p2a: Blastoise|def|1\n|-unboost|p2a: Blastoise|spd|1\n|-boost|p2a: Blastoise|atk|2\n|-boost|p2a: Blastoise|spa|2\n|-boost|p2a: Blastoise|spe|2\n|-enditem|p2a: Blastoise|White Herb\n|-clearnegativeboost|p2a: Blastoise|[silent]\n|\n|upkeep\n|turn|2\n|\n|t:|1718372560\n|switch|p1a: Palafin|Palafin, L77, M|281/281\n|move|p2a: Blastoise|Ice Beam|p1a: Palafin\n|-resisted|p1a: Palafin\n|-damage|p1a: Palafin|203/281\n|\n|upkeep\n|turn|3\n|\n|t:|1718372584\n|move|p2a: Blastoise|Hydro Pump|p1a: Palafin\n|-resisted|p1a: Palafin\n|-damage|p1a: Palafin|58/281\n|move|p1a: Palafin|Close Combat|p2a: Blastoise\n|-damage|p2a: Blastoise|54/258\n|-unboost|p1a: Palafin|def|1\n|-unboost|p1a: Palafin|spd|1\n|\n|upkeep\n|turn|4\n|\n|t:|1718372594\n|move|p2a: Blastoise|Ice Beam|p1a: Palafin\n|-resisted|p1a: Palafin\n|-damage|p1a: Palafin|0 fnt\n|faint|p1a: Palafin\n|\n|upkeep\n|\n|t:|1718372597\n|switch|p1a: Gallade|Gallade, L82, M|246/246\n|turn|5\n|\n|t:|1718372601\n|move|p2a: Blastoise|Hydro Pump|p1a: Gallade|[miss]\n|-miss|p2a: Blastoise|p1a: Gallade\n|move|p1a: Gallade|Sacred Sword|p2a: Blastoise\n|-damage|p2a: Blastoise|0 fnt\n|faint|p2a: Blastoise\n|-damage|p1a: Gallade|222/246|[from] item: Life Orb\n|\n|upkeep\n|j| adsfsdf324\n|\n|t:|1718372625\n|switch|p2a: Mimikyu|Mimikyu, L79, F|216/216\n|turn|6\n|\n|t:|1718372631\n|switch|p1a: Rotom|Rotom-Heat, L82|215/215\n|move|p2a: Mimikyu|Play Rough|p1a: Rotom\n|-resisted|p1a: Rotom\n|-damage|p1a: Rotom|166/215\n|-unboost|p1a: Rotom|atk|1\n|-damage|p2a: Mimikyu|195/216|[from] item: Life Orb\n|\n|upkeep\n|turn|7\n|\n|t:|1718372642\n|switch|p2a: Cyclizar|Cyclizar, L83, M|252/252\n|move|p1a: Rotom|Trick|p2a: Cyclizar\n|-activate|p1a: Rotom|move: Trick|[of] p2a: Cyclizar\n|-item|p2a: Cyclizar|Choice Scarf|[from] move: Trick\n|-item|p1a: Rotom|Heavy-Duty Boots|[from] move: Trick\n|\n|upkeep\n|turn|8\n|\n|t:|1718372659\n|move|p2a: Cyclizar|Shed Tail|p2a: Cyclizar\n|-start|p2a: Cyclizar|Substitute|[from] move: Shed Tail\n|-damage|p2a: Cyclizar|126/252\n|\n|t:|1718372667\n|switch|p2a: Qwilfish|Qwilfish, L86, M|252/252|[from] Shed Tail\n|-ability|p2a: Qwilfish|Intimidate|boost\n|-unboost|p1a: Rotom|atk|1\n|move|p1a: Rotom|Volt Switch|p2a: Qwilfish\n|-supereffective|p2a: Qwilfish\n|-end|p2a: Qwilfish|Substitute\n|\n|t:|1718372680\n|switch|p1a: Hippowdon|Hippowdon, L82, M|311/311|[from] Volt Switch\n|-weather|Sandstorm|[from] ability: Sand Stream|[of] p1a: Hippowdon\n|\n|-weather|Sandstorm|[upkeep]\n|-damage|p2a: Qwilfish|237/252|[from] Sandstorm\n|upkeep\n|turn|9\n|\n|t:|1718372688\n|move|p2a: Qwilfish|Toxic Spikes|p1a: Hippowdon\n|-sidestart|p1: Galarian Gas|move: Toxic Spikes\n|move|p1a: Hippowdon|Earthquake|p2a: Qwilfish\n|-supereffective|p2a: Qwilfish\n|-damage|p2a: Qwilfish|3/252\n|\n|-weather|Sandstorm|[upkeep]\n|-damage|p2a: Qwilfish|0 fnt|[from] Sandstorm\n|faint|p2a: Qwilfish\n|upkeep\n|inactive|Vitoran has 120 seconds left.\n|\n|t:|1718372730\n|switch|p2a: Venomoth|Venomoth, L85, F|258/258\n|turn|10\n|\n|t:|1718372754\n|switch|p1a: Minior|Minior, L79|223/223\n|-formechange|p1a: Minior|Minior-Meteor||[from] ability: Shields Down\n|move|p2a: Venomoth|Sleep Powder|p1a: Minior\n|-immune|p1a: Minior|[from] ability: Shields Down\n|\n|-weather|Sandstorm|[upkeep]\n|-damage|p2a: Venomoth|242/258|[from] Sandstorm\n|upkeep\n|turn|11\n|inactive|Vitoran has 120 seconds left.\n|\n|t:|1718372773\n|switch|p2a: Cyclizar|Cyclizar, L83, M|210/252\n|move|p1a: Minior|Shell Smash|p1a: Minior\n|-unboost|p1a: Minior|def|1\n|-unboost|p1a: Minior|spd|1\n|-boost|p1a: Minior|atk|2\n|-boost|p1a: Minior|spa|2\n|-boost|p1a: Minior|spe|2\n|-enditem|p1a: Minior|White Herb\n|-clearnegativeboost|p1a: Minior|[silent]\n|\n|-weather|Sandstorm|[upkeep]\n|-damage|p2a: Cyclizar|195/252|[from] Sandstorm\n|upkeep\n|turn|12\n|inactive|Vitoran has 120 seconds left.\n|inactive|Galarian Gas has 120 seconds left.\n|\n|t:|1718372798\n|move|p2a: Cyclizar|Draco Meteor|p1a: Minior\n|-damage|p1a: Minior|144/223\n|-unboost|p2a: Cyclizar|spa|2\n|move|p1a: Minior|Acrobatics|p2a: Cyclizar\n|-damage|p2a: Cyclizar|12/252\n|\n|-weather|none\n|upkeep\n|turn|13\n|\n|t:|1718372816\n|switch|p2a: Regieleki|Regieleki, L78|253/253\n|move|p1a: Minior|Shell Smash|p1a: Minior\n|-unboost|p1a: Minior|def|1\n|-unboost|p1a: Minior|spd|1\n|-boost|p1a: Minior|atk|2\n|-boost|p1a: Minior|spa|2\n|-boost|p1a: Minior|spe|2\n|\n|upkeep\n|turn|14\n|inactive|Galarian Gas has 120 seconds left.\n|c|\u2606Vitoran|crazy how you lose if i dont miss hpump\n|inactive|Galarian Gas has 90 seconds left.\n|c|\u2606Vitoran|brutal game\n|\n|t:|1718372876\n|move|p1a: Minior|Power Gem|p2a: Regieleki\n|-damage|p2a: Regieleki|19/253\n|move|p2a: Regieleki|Thunderbolt|p1a: Minior\n|-supereffective|p1a: Minior\n|-damage|p1a: Minior|0 fnt\n|faint|p1a: Minior\n|\n|upkeep\n|c|\u2606Galarian Gas|pump wasn't killing gallade\n|c|\u2606Galarian Gas|?\n|inactive|Galarian Gas has 60 seconds left.\n|c|\u2606Galarian Gas|you also just got a nice min roll so it looks like things are starting to even out :)\n|c|\u2606Vitoran|oh its a roll\n|c|\u2606Vitoran|woops\n|inactive|Galarian Gas has 30 seconds left.\n|\n|t:|1718372931\n|switch|p1a: Rotom|Rotom-Heat, L82|166/215\n|turn|15\n|inactive|Vitoran has 90 seconds left.\n|\n|t:|1718372964\n|move|p2a: Regieleki|Volt Switch|p1a: Rotom\n|-resisted|p1a: Rotom\n|-damage|p1a: Rotom|119/215\n|\n|t:|1718372968\n|switch|p2a: Cyclizar|Cyclizar, L83, M|96/252|[from] Volt Switch\n|move|p1a: Rotom|Volt Switch|p2a: Cyclizar\n|-resisted|p2a: Cyclizar\n|-damage|p2a: Cyclizar|51/252\n|inactive|Galarian Gas has 30 seconds left.\n|\n|t:|1718372993\n|switch|p1a: Hippowdon|Hippowdon, L82, M|311/311|[from] Volt Switch\n|-status|p1a: Hippowdon|psn\n|-weather|Sandstorm|[from] ability: Sand Stream|[of] p1a: Hippowdon\n|\n|-weather|Sandstorm|[upkeep]\n|-damage|p2a: Cyclizar|36/252|[from] Sandstorm\n|-damage|p1a: Hippowdon|273/311 psn|[from] psn\n|upkeep\n|turn|16\n|inactive|Galarian Gas has 30 seconds left.\n|inactive|Vitoran has 90 seconds left.\n|\n|t:|1718373014\n|move|p2a: Cyclizar|Draco Meteor|p1a: Hippowdon|[miss]\n|-miss|p2a: Cyclizar|p1a: Hippowdon\n|move|p1a: Hippowdon|Stealth Rock|p2a: Cyclizar\n|-sidestart|p2: Vitoran|move: Stealth Rock\n|\n|-weather|Sandstorm|[upkeep]\n|-damage|p2a: Cyclizar|21/252|[from] Sandstorm\n|-damage|p1a: Hippowdon|235/311 psn|[from] psn\n|upkeep\n|turn|17\n|inactive|Vitoran has 90 seconds left.\n|\n|t:|1718373020\n|move|p2a: Cyclizar|Draco Meteor|p1a: Hippowdon\n|-damage|p1a: Hippowdon|79/311 psn\n|-unboost|p2a: Cyclizar|spa|2\n|move|p1a: Hippowdon|Slack Off|p1a: Hippowdon\n|-heal|p1a: Hippowdon|235/311 psn\n|\n|-weather|Sandstorm|[upkeep]\n|-damage|p2a: Cyclizar|6/252|[from] Sandstorm\n|-damage|p1a: Hippowdon|197/311 psn|[from] psn\n|upkeep\n|turn|18\n|\n|t:|1718373024\n|move|p2a: Cyclizar|Draco Meteor|p1a: Hippowdon\n|-damage|p1a: Hippowdon|124/311 psn\n|-unboost|p2a: Cyclizar|spa|2\n|move|p1a: Hippowdon|Slack Off|p1a: Hippowdon\n|-heal|p1a: Hippowdon|280/311 psn\n|\n|-weather|Sandstorm|[upkeep]\n|-damage|p2a: Cyclizar|0 fnt|[from] Sandstorm\n|faint|p2a: Cyclizar\n|-damage|p1a: Hippowdon|242/311 psn|[from] psn\n|upkeep\n|\n|t:|1718373034\n|switch|p2a: Mimikyu|Mimikyu, L79, F|195/216\n|-damage|p2a: Mimikyu|168/216|[from] Stealth Rock\n|turn|19\n|c|\u2606Vitoran|its always the more you complain the worse it is isnt it\n|inactive|Vitoran has 90 seconds left.\n|c|\u2606Vitoran|i shouldve shut up\n|\n|t:|1718373062\n|move|p2a: Mimikyu|Wood Hammer|p1a: Hippowdon\n|-supereffective|p1a: Hippowdon\n|-damage|p1a: Hippowdon|104/311 psn\n|-damage|p2a: Mimikyu|132/216|[from] item: Rocky Helmet|[of] p1a: Hippowdon\n|-damage|p2a: Mimikyu|86/216|[from] Recoil\n|-damage|p2a: Mimikyu|65/216|[from] item: Life Orb\n|move|p1a: Hippowdon|Earthquake|p2a: Mimikyu\n|-activate|p2a: Mimikyu|ability: Disguise\n|-damage|p2a: Mimikyu|65/216\n|detailschange|p2a: Mimikyu|Mimikyu-Busted, L79, F\n|-damage|p2a: Mimikyu|38/216|[from] pokemon: Mimikyu-Busted\n|\n|-weather|none\n|-damage|p1a: Hippowdon|66/311 psn|[from] psn\n|upkeep\n|turn|20\n|inactive|Galarian Gas has 60 seconds left.\n|c|\u2606Galarian Gas|showdown has a distinct way of hoeing\n|\n|t:|1718373082\n|move|p2a: Mimikyu|Wood Hammer|p1a: Hippowdon\n|-supereffective|p1a: Hippowdon\n|-damage|p1a: Hippowdon|0 fnt\n|-damage|p2a: Mimikyu|2/216|[from] item: Rocky Helmet|[of] p1a: Hippowdon\n|faint|p1a: Hippowdon\n|-damage|p2a: Mimikyu|0 fnt|[from] Recoil\n|faint|p2a: Mimikyu\n|\n|upkeep\n|inactive|Galarian Gas has 60 seconds left.\n|\n|t:|1718373088\n|switch|p2a: Venomoth|Venomoth, L85, F|242/258\n|switch|p1a: Gallade|Gallade, L82, M|222/246\n|-status|p1a: Gallade|psn\n|turn|21\n|inactive|Galarian Gas has 60 seconds left.\n|\n|t:|1718373103\n|switch|p2a: Regieleki|Regieleki, L78|19/253\n|-damage|p2a: Regieleki|0 fnt|[from] Stealth Rock\n|faint|p2a: Regieleki\n|move|p1a: Gallade|Psycho Cut|p2: Regieleki|[notarget]\n|-fail|p1a: Gallade\n|\n|-damage|p1a: Gallade|192/246 psn|[from] psn\n|upkeep\n|\n|t:|1718373109\n|switch|p2a: Venomoth|Venomoth, L85, F|242/258\n|turn|22\n|inactive|Vitoran has 90 seconds left.\n|\n|t:|1718373119\n|-terastallize|p2a: Venomoth|Water\n|move|p2a: Venomoth|Quiver Dance|p2a: Venomoth\n|-boost|p2a: Venomoth|spa|1\n|-boost|p2a: Venomoth|spd|1\n|-boost|p2a: Venomoth|spe|1\n|move|p1a: Gallade|Psycho Cut|p2a: Venomoth\n|-damage|p2a: Venomoth|31/258\n|-damage|p1a: Gallade|168/246 psn|[from] item: Life Orb\n|\n|-damage|p1a: Gallade|138/246 psn|[from] psn\n|upkeep\n|turn|23\n|inactive|Vitoran has 90 seconds left.\n|\n|t:|1718373130\n|move|p2a: Venomoth|Sludge Wave|p1a: Gallade\n|-damage|p1a: Gallade|18/246 psn\n|move|p1a: Gallade|Psycho Cut|p2a: Venomoth\n|-damage|p2a: Venomoth|0 fnt\n|faint|p2a: Venomoth\n|-damage|p1a: Gallade|0 fnt|[from] item: Life Orb\n|faint|p1a: Gallade\n|\n|win|Galarian Gas\n|raw|Galarian Gas's rating: 2359 &rarr; <strong>2383</strong><br />(+24 for winning)\n|raw|Vitoran's rating: 2435 &rarr; <strong>2411</strong><br />(-24 for losing)\n|c|\u2606Vitoran|gg\n|c|\u2606Galarian Gas|gg\n", "inputlog": ">version e046c5ea766451ca9500a73fe72ec774e92e6f7e\n>start {\"formatid\":\"gen9randombattle\",\"seed\":[16735,21152,46593,8595],\"rated\":\"Rated battle\"}\n>player p1 {\"name\":\"Galarian Gas\",\"avatar\":\"169\",\"rating\":2384,\"seed\":[15750,11938,57649,18279]}\n>player p2 {\"name\":\"Vitoran\",\"avatar\":\"nemona-v\",\"rating\":2435,\"seed\":[34339,3903,25159,13740]}\n>chat \u2606Vitoran|glhf\n>p1 move dragonascent\n>p2 move shellsmash\n>p1 switch 3\n>p2 move icebeam\n>p1 move closecombat\n>p2 move hydropump\n>p1 move closecombat\n>p2 move icebeam\n>p1 switch 6\n>p1 move sacredsword\n>p2 move hydropump\n>p2 switch 4\n>p1 switch 4\n>p2 move playrough\n>p1 move trick\n>p2 switch 6\n>p1 move voltswitch\n>p2 move shedtail\n>p2 switch 5\n>p1 switch 2\n>p1 move earthquake\n>p2 move toxicspikes\n>p2 switch 3\n>p1 switch 5\n>p2 move sleeppowder\n>p1 move shellsmash\n>p2 switch 5\n>p1 move acrobatics\n>p2 move dracometeor\n>p1 move shellsmash\n>p2 switch 2\n>chat \u2606Vitoran|crazy how you lose if i dont miss hpump\n>chat \u2606Vitoran|brutal game\n>p1 move powergem\n>p2 move thunderbolt\n>chat \u2606Galarian Gas|pump wasn't killing gallade\n>chat \u2606Galarian Gas|?\n>chat \u2606Galarian Gas|you also just got a nice min roll so it looks like things are starting to even out :)\n>chat \u2606Vitoran|oh its a roll\n>chat \u2606Vitoran|woops\n>p1 switch 2\n>p1 move voltswitch\n>p2 move voltswitch\n>p2 switch 2\n>p1 switch 5\n>p1 move stealthrock\n>p2 move dracometeor\n>p1 move slackoff\n>p2 move dracometeor\n>p1 move slackoff\n>p2 move dracometeor\n>p2 switch 6\n>chat \u2606Vitoran|its always the more you complain the worse it is isnt it\n>chat \u2606Vitoran|i shouldve shut up\n>p1 move earthquake\n>p2 move woodhammer\n>chat \u2606Galarian Gas|showdown has a distinct way of hoeing\n>p1 move earthquake\n>p2 move woodhammer\n>p1 switch 4\n>p2 switch 5\n>p1 move psychocut\n>p2 switch 2\n>p2 switch 2\n>p1 move psychocut\n>p2 move quiverdance terastallize\n>p1 move psychocut\n>p2 move sludgewave", "uploadtime": 1718373137, "views": 240, "formatid": "gen9randombattle", "rating": 2383, "private": 0, "password": null}