{"id": "gen9randombattle-2199025679", "format": "[Gen 9] Random Battle", "players": ["Hnj123", "rblt elodin"], "log": "|raw|<div class=\"broadcast-blue\"><strong>This battle is required to be public due to a player having a name starting with 'rblt'.</div>\n|j|\u2606Hnj123\n|j|\u2606rblt elodin\n|t:|1726022438\n|gametype|singles\n|player|p1|Hnj123|101|2267\n|player|p2|rblt elodin|lucas|2231\n|teamsize|p1|6\n|teamsize|p2|6\n|gen|9\n|tier|[Gen 9] Random Battle\n|rated|\n|rule|Species Clause: Limit one of each Pok\u00e9mon\n|rule|HP Percentage Mod: HP is shown in percentages\n|rule|Sleep Clause Mod: Limit one foe put to sleep\n|rule|Illusion Level Mod: Illusion disguises the Pok\u00e9mon's true level\n|\n|t:|1726022438\n|start\n|switch|p1a: Kilowattrel|Kilowattrel, L83, F|252/252\n|switch|p2a: Barraskewda|Barraskewda, L81, F|231/231\n|turn|1\n|inactive|Battle timer is ON: inactive players will automatically lose when time's up. (requested by rblt elodin)\n|\n|t:|1726022452\n|move|p2a: Barraskewda|Flip Turn|p1a: Kilowattrel\n|-damage|p1a: Kilowattrel|113/252\n|\n|t:|1726022454\n|switch|p2a: Clefable|Clefable, L83, F|293/293|[from] Flip Turn\n|move|p1a: Kilowattrel|Thunder Wave|p2a: Clefable\n|-status|p2a: Clefable|par\n|\n|upkeep\n|turn|2\n|\n|t:|1726022461\n|move|p1a: Kilowattrel|U-turn|p2a: Clefable\n|-resisted|p2a: Clefable\n|-damage|p2a: Clefable|272/293 par\n|\n|t:|1726022469\n|switch|p1a: Kricketune|Kricketune, L99, F|312/312|[from] U-turn\n|move|p2a: Clefable|Moonblast|p1a: Kricketune\n|-damage|p1a: Kricketune|186/312\n|\n|-heal|p2a: Clefable|290/293 par|[from] item: Leftovers\n|upkeep\n|turn|3\n|\n|t:|1726022480\n|move|p1a: Kricketune|Sticky Web|p2a: Clefable\n|-sidestart|p2: rblt elodin|move: Sticky Web\n|move|p2a: Clefable|Flamethrower|p1a: Kricketune\n|-supereffective|p1a: Kricketune\n|-damage|p1a: Kricketune|28/312\n|\n|-heal|p2a: Clefable|293/293 par|[from] item: Leftovers\n|upkeep\n|turn|4\n|\n|t:|1726022485\n|move|p1a: Kricketune|Knock Off|p2a: Clefable\n|-resisted|p2a: Clefable\n|-damage|p2a: Clefable|245/293 par\n|-enditem|p2a: Clefable|Leftovers|[from] move: Knock Off|[of] p1a: Kricketune\n|cant|p2a: Clefable|par\n|\n|upkeep\n|turn|5\n|\n|t:|1726022491\n|move|p1a: Kricketune|Pounce|p2a: Clefable\n|-resisted|p2a: Clefable\n|-damage|p2a: Clefable|185/293 par\n|-unboost|p2a: Clefable|spe|1\n|cant|p2a: Clefable|par\n|\n|upkeep\n|turn|6\n|\n|t:|1726022494\n|move|p1a: Kricketune|Taunt|p2a: Clefable\n|-start|p2a: Clefable|move: Taunt\n|cant|p2a: Clefable|move: Taunt|Moonlight\n|\n|upkeep\n|turn|7\n|\n|t:|1726022499\n|move|p1a: Kricketune|Pounce|p2a: Clefable\n|-resisted|p2a: Clefable\n|-damage|p2a: Clefable|128/293 par\n|-unboost|p2a: Clefable|spe|1\n|move|p2a: Clefable|Flamethrower|p1a: Kricketune\n|-supereffective|p1a: Kricketune\n|-damage|p1a: Kricketune|0 fnt\n|faint|p1a: Kricketune\n|\n|upkeep\n|\n|t:|1726022511\n|switch|p1a: Palossand|Palossand, L89, F|296/296\n|turn|8\n|\n|t:|1726022516\n|move|p1a: Palossand|Stealth Rock|p2a: Clefable\n|-sidestart|p2: rblt elodin|move: Stealth Rock\n|move|p2a: Clefable|Knock Off|p1a: Palossand\n|-supereffective|p1a: Palossand\n|-damage|p1a: Palossand|204/296\n|-enditem|p1a: Palossand|Leftovers|[from] move: Knock Off|[of] p2a: Clefable\n|\n|-end|p2a: Clefable|move: Taunt\n|upkeep\n|turn|9\n|\n|t:|1726022521\n|move|p1a: Palossand|Earth Power|p2a: Clefable\n|-damage|p2a: Clefable|26/293 par\n|cant|p2a: Clefable|par\n|\n|upkeep\n|turn|10\n|\n|t:|1726022528\n|move|p1a: Palossand|Earth Power|p2a: Clefable\n|-damage|p2a: Clefable|0 fnt\n|faint|p2a: Clefable\n|\n|upkeep\n|\n|t:|1726022530\n|switch|p2a: Houndoom|Houndoom, L87, M|272/272\n|turn|11\n|\n|t:|1726022535\n|move|p2a: Houndoom|Dark Pulse|p1a: Palossand\n|-supereffective|p1a: Palossand\n|-damage|p1a: Palossand|0 fnt\n|faint|p1a: Palossand\n|\n|upkeep\n|\n|t:|1726022537\n|switch|p1a: Inteleon|Inteleon, L81, M|246/246\n|turn|12\n|\n|t:|1726022541\n|switch|p2a: Slowbro|Slowbro, L85, M|300/300\n|-activate|p2a: Slowbro|move: Sticky Web\n|-unboost|p2a: Slowbro|spe|1\n|-damage|p2a: Slowbro|263/300|[from] Stealth Rock\n|move|p1a: Inteleon|Hydro Pump|p2a: Slowbro\n|-resisted|p2a: Slowbro\n|-damage|p2a: Slowbro|149/300\n|\n|-heal|p2a: Slowbro|167/300|[from] item: Leftovers\n|upkeep\n|turn|13\n|\n|t:|1726022549\n|-terastallize|p1a: Inteleon|Water\n|move|p1a: Inteleon|Hydro Pump|p2a: Slowbro\n|-resisted|p2a: Slowbro\n|-damage|p2a: Slowbro|15/300\n|move|p2a: Slowbro|Slack Off|p2a: Slowbro\n|-heal|p2a: Slowbro|165/300\n|\n|-heal|p2a: Slowbro|183/300|[from] item: Leftovers\n|upkeep\n|turn|14\n|\n|t:|1726022553\n|move|p1a: Inteleon|Hydro Pump|p2a: Slowbro|[miss]\n|-miss|p1a: Inteleon|p2a: Slowbro\n|move|p2a: Slowbro|Slack Off|p2a: Slowbro\n|-heal|p2a: Slowbro|300/300\n|\n|upkeep\n|turn|15\n|\n|t:|1726022559\n|switch|p1a: Flapple|Flapple, L88, M|266/266\n|move|p2a: Slowbro|Body Press|p1a: Flapple\n|-damage|p1a: Flapple|199/266\n|\n|upkeep\n|turn|16\n|\n|t:|1726022566\n|switch|p2a: Sableye|Sableye, L90, F|236/236\n|-activate|p2a: Sableye|move: Sticky Web\n|-unboost|p2a: Sableye|spe|1\n|-damage|p2a: Sableye|207/236|[from] Stealth Rock\n|move|p1a: Flapple|Grav Apple|p2a: Sableye\n|-damage|p2a: Sableye|0 fnt\n|faint|p2a: Sableye\n|\n|upkeep\n|\n|t:|1726022574\n|switch|p2a: Houndoom|Houndoom, L87, M|272/272\n|turn|17\n|\n|t:|1726022579\n|move|p2a: Houndoom|Sludge Bomb|p1a: Flapple\n|-supereffective|p1a: Flapple\n|-damage|p1a: Flapple|11/266\n|move|p1a: Flapple|Grav Apple|p2a: Houndoom\n|-resisted|p2a: Houndoom\n|-damage|p2a: Houndoom|95/272\n|-unboost|p2a: Houndoom|def|1\n|\n|upkeep\n|turn|18\n|\n|t:|1726022583\n|move|p2a: Houndoom|Dark Pulse|p1a: Flapple\n|-damage|p1a: Flapple|0 fnt\n|faint|p1a: Flapple\n|\n|upkeep\n|\n|t:|1726022588\n|switch|p1a: Kilowattrel|Kilowattrel, L83, F|113/252\n|turn|19\n|\n|t:|1726022593\n|move|p1a: Kilowattrel|Thunderbolt|p2a: Houndoom\n|-damage|p2a: Houndoom|0 fnt\n|faint|p2a: Houndoom\n|\n|upkeep\n|\n|t:|1726022595\n|switch|p2a: Granbull|Granbull, L88, F|302/302\n|-activate|p2a: Granbull|move: Sticky Web\n|-unboost|p2a: Granbull|spe|1\n|-damage|p2a: Granbull|265/302|[from] Stealth Rock\n|-ability|p2a: Granbull|Intimidate|boost\n|-unboost|p1a: Kilowattrel|atk|1\n|turn|20\n|\n|t:|1726022602\n|switch|p1a: Inteleon|Inteleon, L81, M, tera:Water|246/246\n|move|p2a: Granbull|Play Rough|p1a: Inteleon|[miss]\n|-miss|p2a: Granbull|p1a: Inteleon\n|\n|-heal|p2a: Granbull|283/302|[from] item: Leftovers\n|upkeep\n|turn|21\n|\n|t:|1726022609\n|move|p1a: Inteleon|Hydro Pump|p2a: Granbull|[miss]\n|-miss|p1a: Inteleon|p2a: Granbull\n|move|p2a: Granbull|Thunder Wave|p1a: Inteleon\n|-status|p1a: Inteleon|par\n|\n|-heal|p2a: Granbull|301/302|[from] item: Leftovers\n|upkeep\n|turn|22\n|\n|t:|1726022612\n|switch|p2a: Slowbro|Slowbro, L85, M|300/300\n|-activate|p2a: Slowbro|move: Sticky Web\n|-unboost|p2a: Slowbro|spe|1\n|-damage|p2a: Slowbro|263/300|[from] Stealth Rock\n|move|p1a: Inteleon|Hydro Pump|p2a: Slowbro\n|-resisted|p2a: Slowbro\n|-damage|p2a: Slowbro|111/300\n|\n|-heal|p2a: Slowbro|129/300|[from] item: Leftovers\n|upkeep\n|turn|23\n|\n|t:|1726022618\n|move|p1a: Inteleon|Hydro Pump|p2a: Slowbro\n|-resisted|p2a: Slowbro\n|-damage|p2a: Slowbro|0 fnt\n|faint|p2a: Slowbro\n|\n|upkeep\n|\n|t:|1726022620\n|switch|p2a: Barraskewda|Barraskewda, L81, F|231/231\n|-activate|p2a: Barraskewda|move: Sticky Web\n|-unboost|p2a: Barraskewda|spe|1\n|-damage|p2a: Barraskewda|203/231|[from] Stealth Rock\n|turn|24\n|\n|t:|1726022624\n|move|p2a: Barraskewda|Waterfall|p1a: Inteleon\n|-resisted|p1a: Inteleon\n|-damage|p1a: Inteleon|160/246 par\n|move|p1a: Inteleon|Hydro Pump|p2a: Barraskewda\n|-resisted|p2a: Barraskewda\n|-damage|p2a: Barraskewda|0 fnt\n|faint|p2a: Barraskewda\n|\n|upkeep\n|\n|t:|1726022627\n|switch|p2a: Granbull|Granbull, L88, F|301/302\n|-activate|p2a: Granbull|move: Sticky Web\n|-unboost|p2a: Granbull|spe|1\n|-damage|p2a: Granbull|264/302|[from] Stealth Rock\n|-ability|p2a: Granbull|Intimidate|boost\n|-unboost|p1a: Inteleon|atk|1\n|turn|25\n|\n|t:|1726022629\n|cant|p1a: Inteleon|par\n|move|p2a: Granbull|Play Rough|p1a: Inteleon\n|-damage|p1a: Inteleon|3/246 par\n|\n|-heal|p2a: Granbull|282/302|[from] item: Leftovers\n|upkeep\n|turn|26\n|\n|t:|1726022632\n|move|p1a: Inteleon|Hydro Pump|p2a: Granbull|[miss]\n|-miss|p1a: Inteleon|p2a: Granbull\n|move|p2a: Granbull|Earthquake|p1a: Inteleon\n|-damage|p1a: Inteleon|0 fnt\n|faint|p1a: Inteleon\n|\n|-heal|p2a: Granbull|300/302|[from] item: Leftovers\n|upkeep\n|\n|t:|1726022639\n|switch|p1a: Kilowattrel|Kilowattrel, L83, F|113/252\n|turn|27\n|\n|t:|1726022644\n|move|p1a: Kilowattrel|Hurricane|p2a: Granbull\n|-crit|p2a: Granbull\n|-damage|p2a: Granbull|65/302\n|move|p2a: Granbull|Play Rough|p1a: Kilowattrel\n|-crit|p1a: Kilowattrel\n|-damage|p1a: Kilowattrel|0 fnt\n|faint|p1a: Kilowattrel\n|\n|-heal|p2a: Granbull|83/302|[from] item: Leftovers\n|upkeep\n|\n|t:|1726022647\n|switch|p1a: Umbreon|Umbreon, L84, M|297/297\n|turn|28\n|\n|t:|1726022656\n|move|p1a: Umbreon|Toxic|p2a: Granbull\n|-status|p2a: Granbull|tox\n|move|p2a: Granbull|Play Rough|p1a: Umbreon|[miss]\n|-miss|p2a: Granbull|p1a: Umbreon\n|\n|-heal|p2a: Granbull|101/302 tox|[from] item: Leftovers\n|-damage|p2a: Granbull|83/302 tox|[from] psn\n|upkeep\n|turn|29\n|\n|t:|1726022661\n|move|p1a: Umbreon|Wish|p1a: Umbreon\n|move|p2a: Granbull|Play Rough|p1a: Umbreon\n|-supereffective|p1a: Umbreon\n|-damage|p1a: Umbreon|97/297\n|\n|-heal|p1a: Umbreon|115/297|[from] item: Leftovers\n|-heal|p2a: Granbull|101/302 tox|[from] item: Leftovers\n|-damage|p2a: Granbull|65/302 tox|[from] psn\n|upkeep\n|turn|30\n|\n|t:|1726022665\n|move|p1a: Umbreon|Protect|p1a: Umbreon\n|-singleturn|p1a: Umbreon|Protect\n|move|p2a: Granbull|Play Rough|p1a: Umbreon\n|-activate|p1a: Umbreon|move: Protect\n|\n|-heal|p1a: Umbreon|263/297|[from] move: Wish|[wisher] Umbreon\n|-heal|p1a: Umbreon|281/297|[from] item: Leftovers\n|-heal|p2a: Granbull|83/302 tox|[from] item: Leftovers\n|-damage|p2a: Granbull|29/302 tox|[from] psn\n|upkeep\n|turn|31\n|c|\u2606Hnj123|gg\n|\n|t:|1726022673\n|move|p1a: Umbreon|Foul Play|p2a: Granbull\n|-resisted|p2a: Granbull\n|-damage|p2a: Granbull|0 fnt\n|faint|p2a: Granbull\n|\n|win|Hnj123\n|raw|Hnj123's rating: 2267 &rarr; <strong>2285</strong><br />(+18 for winning)\n|raw|rblt elodin's rating: 2231 &rarr; <strong>2213</strong><br />(-18 for losing)\n", "inputlog": ">version 4aaeaf600b1c44f5d740f3e60432e126c6a1bdf3\n>start {\"formatid\":\"gen9randombattle\",\"seed\":[37757,39978,3842,51987],\"rated\":\"Rated battle\"}\n>player p1 {\"name\":\"Hnj123\",\"avatar\":\"101\",\"rating\":2267,\"seed\":[45534,43775,44111,34078]}\n>player p2 {\"name\":\"rblt elodin\",\"avatar\":\"lucas\",\"rating\":2231,\"seed\":[64776,25837,42393,63773]}\n>p1 move thunderwave\n>p2 move flipturn\n>p2 switch 3\n>p1 move uturn\n>p2 move moonblast\n>p1 switch 3\n>p1 move stickyweb\n>p2 move flamethrower\n>p1 move knockoff\n>p2 move flamethrower\n>p1 move pounce\n>p2 move moonlight\n>p1 move taunt\n>p2 move moonlight\n>p1 move pounce\n>p2 move flamethrower\n>p1 switch 5\n>p1 move stealthrock\n>p2 move knockoff\n>p1 move earthpower\n>p2 move moonlight\n>p1 move earthpower\n>p2 move moonblast\n>p2 switch 6\n>p1 move earthpower\n>p2 move darkpulse\n>p1 switch 6\n>p1 move hydropump\n>p2 switch 2\n>p1 move hydropump terastallize\n>p2 move slackoff\n>p1 move hydropump\n>p2 move slackoff\n>p1 switch 4\n>p2 move bodypress\n>p1 move gravapple\n>p2 switch 5\n>p2 switch 2\n>p1 move gravapple\n>p2 move sludgebomb\n>p1 move gravapple\n>p2 move darkpulse\n>p1 switch 3\n>p1 move thunderbolt\n>p2 move sludgebomb\n>p2 switch 4\n>p1 switch 4\n>p2 move playrough\n>p1 move hydropump\n>p2 move thunderwave\n>p1 move hydropump\n>p2 switch 5\n>p1 move hydropump\n>p2 move slackoff\n>p2 switch 3\n>p1 move hydropump\n>p2 move waterfall\n>p2 switch 5\n>p1 move hydropump\n>p2 move playrough\n>p1 move hydropump\n>p2 move earthquake\n>p1 switch 4\n>p1 move hurricane\n>p2 move playrough\n>p1 switch 2\n>p1 move toxic\n>p2 move playrough\n>p1 move wish\n>p2 move playrough\n>p1 move protect\n>p2 move playrough\n>chat \u2606Hnj123|gg\n>p1 move foulplay\n>p2 move playrough", "uploadtime": 1726022676, "views": 122, "formatid": "gen9randombattle", "rating": 2213, "private": 0, "password": null}