{"id": "gen9randombattle-2260632111", "format": "[Gen 9] Random Battle", "players": ["lasyu", "Sjsikekwke"], "log": "|j|\u2606lasyu\n|j|\u2606Sjsikekwke\n|t:|1733871566\n|gametype|singles\n|player|p1|lasyu|102|1023\n|player|p2|Sjsikekwke|102|1000\n|teamsize|p1|6\n|teamsize|p2|6\n|gen|9\n|tier|[Gen 9] Random Battle\n|rated|\n|rule|Species Clause: Limit one of each Pok\u00e9mon\n|rule|HP Percentage Mod: HP is shown in percentages\n|rule|Sleep Clause Mod: Limit one foe put to sleep\n|rule|Illusion Level Mod: Illusion disguises the Pok\u00e9mon's true level\n|\n|t:|1733871566\n|start\n|switch|p1a: Komala|Komala, L89, M|260/260\n|switch|p2a: Qwilfish|Qwilfish-Hisui, L83, M|244/244\n|-ability|p2a: Qwilfish|Intimidate|boost\n|-unboost|p1a: Komala|atk|1\n|-ability|p1a: Komala|Comatose\n|turn|1\n|inactive|Battle timer is ON: inactive players will automatically lose when time's up. (requested by Sjsikekwke)\n|\n|t:|1733871579\n|move|p2a: Qwilfish|Toxic Spikes|p1a: Komala\n|-sidestart|p1: lasyu|move: Toxic Spikes\n|move|p1a: Komala|Earthquake|p2a: Qwilfish\n|-supereffective|p2a: Qwilfish\n|-damage|p2a: Qwilfish|162/244\n|\n|upkeep\n|turn|2\n|\n|t:|1733871586\n|move|p2a: Qwilfish|Toxic Spikes|p1a: Komala\n|-sidestart|p1: lasyu|move: Toxic Spikes\n|move|p1a: Komala|Earthquake|p2a: Qwilfish\n|-supereffective|p2a: Qwilfish\n|-damage|p2a: Qwilfish|82/244\n|\n|upkeep\n|turn|3\n|\n|t:|1733871593\n|switch|p2a: Articuno|Articuno, L86|295/295\n|-ability|p2a: Articuno|Pressure\n|move|p1a: Komala|Earthquake|p2a: Articuno\n|-immune|p2a: Articuno\n|\n|upkeep\n|turn|4\n|\n|t:|1733871604\n|move|p2a: Articuno|Substitute|p2a: Articuno\n|-start|p2a: Articuno|Substitute\n|-damage|p2a: Articuno|222/295\n|move|p1a: Komala|Body Slam|p2a: Articuno\n|-activate|p2a: Articuno|move: Substitute|[damage]\n|\n|upkeep\n|turn|5\n|\n|t:|1733871614\n|move|p2a: Articuno|Freeze-Dry|p1a: Komala\n|-damage|p1a: Komala|214/260\n|move|p1a: Komala|Rapid Spin|p2a: Articuno\n|-end|p2a: Articuno|Substitute\n|-sideend|p1: lasyu|Toxic Spikes|[from] move: Rapid Spin|[of] p1a: Komala\n|-boost|p1a: Komala|spe|1\n|\n|upkeep\n|turn|6\n|\n|t:|1733871630\n|move|p1a: Komala|Knock Off|p2a: Articuno\n|-damage|p2a: Articuno|169/295\n|-enditem|p2a: Articuno|Heavy-Duty Boots|[from] move: Knock Off|[of] p1a: Komala\n|move|p2a: Articuno|Brave Bird|p1a: Komala\n|-damage|p1a: Komala|81/260\n|-damage|p2a: Articuno|125/295|[from] Recoil\n|\n|upkeep\n|turn|7\n|\n|t:|1733871643\n|move|p1a: Komala|Body Slam|p2a: Articuno\n|-damage|p2a: Articuno|56/295\n|move|p2a: Articuno|Brave Bird|p1a: Komala\n|-damage|p1a: Komala|0 fnt\n|faint|p1a: Komala\n|-damage|p2a: Articuno|29/295|[from] Recoil\n|\n|upkeep\n|\n|t:|1733871656\n|switch|p1a: Eternatus|Eternatus, L69|308/308\n|-ability|p1a: Eternatus|Pressure\n|turn|8\n|\n|t:|1733871664\n|move|p1a: Eternatus|Dynamax Cannon|p2a: Articuno\n|-damage|p2a: Articuno|0 fnt\n|faint|p2a: Articuno\n|\n|upkeep\n|\n|t:|1733871672\n|switch|p2a: Zacian|Zacian-Crowned, L64|225/225\n|-ability|p2a: Zacian|Intrepid Sword|boost\n|-boost|p2a: Zacian|atk|1\n|turn|9\n|\n|t:|1733871681\n|move|p2a: Zacian|Swords Dance|p2a: Zacian\n|-boost|p2a: Zacian|atk|2\n|move|p1a: Eternatus|Flamethrower|p2a: Zacian\n|-supereffective|p2a: Zacian\n|-damage|p2a: Zacian|105/225\n|\n|upkeep\n|turn|10\n|\n|t:|1733871694\n|move|p2a: Zacian|Behemoth Blade|p1a: Eternatus\n|-damage|p1a: Eternatus|46/308\n|-damage|p2a: Zacian|68/225|[from] item: Rocky Helmet|[of] p1a: Eternatus\n|move|p1a: Eternatus|Flamethrower|p2a: Zacian\n|-supereffective|p2a: Zacian\n|-damage|p2a: Zacian|0 fnt\n|faint|p2a: Zacian\n|\n|upkeep\n|-message|Sjsikekwke forfeited.\n|\n|win|lasyu\n|raw|lasyu's rating: 1023 &rarr; <strong>1057</strong><br />(+34 for winning)\n|raw|Sjsikekwke's rating: 1000 &rarr; <strong>1000</strong><br />(+0 for losing)\n|l|\u2606Sjsikekwke\n|player|p2|\n", "inputlog": ">version bfd83cad13791eb5a5a409923076391caf6fb4d4\n>start {\"formatid\":\"gen9randombattle\",\"seed\":[24104,20288,31740,22627],\"rated\":\"Rated battle\"}\n>player p1 {\"name\":\"lasyu\",\"avatar\":\"102\",\"rating\":1023,\"seed\":[21950,56627,41761,21103]}\n>player p2 {\"name\":\"Sjsikekwke\",\"avatar\":\"102\",\"rating\":1000,\"seed\":[39112,33398,3155,22104]}\n>p1 move earthquake\n>p2 move toxicspikes\n>p1 move earthquake\n>p2 move toxicspikes\n>p1 move earthquake\n>p2 switch 3\n>p1 move bodyslam\n>p2 move substitute\n>p1 move rapidspin\n>p2 move freezedry\n>p1 move knockoff\n>p2 move bravebird\n>p1 move bodyslam\n>p2 move bravebird\n>p1 switch 3\n>p1 move dynamaxcannon\n>p2 move freezedry\n>p2 switch 6\n>p1 move flamethrower\n>p2 move swordsdance\n>p1 move flamethrower\n>p2 move behemothblade\n>forcelose p2", "uploadtime": 1733871712, "views": 1, "formatid": "gen9randombattle", "rating": 1000, "private": 0, "password": null}