{"id": "gen9randombattle-2125066669", "format": "[Gen 9] Random Battle", "players": ["kandkad", "PokeChess"], "log": "|badge|p1|bronze|gen9randombattle|100-1\n|uhtml|medal-msg|<div class=\"broadcast-blue\">Curious what those medals under the avatar are? PS now has Ladder Seasons! For more information, check out the <a href=\"https://www.smogon.com/forums/threads/3740067/\">thread on Smogon.</a></div>\n|badge|p2|silver|gen9randombattle|30-1\n|uhtml|medal-msg|<div class=\"broadcast-blue\">Curious what those medals under the avatar are? PS now has Ladder Seasons! For more information, check out the <a href=\"https://www.smogon.com/forums/threads/3740067/\">thread on Smogon.</a></div>\n|j|\u203dkandkad\n|j|\u2606PokeChess\n|t:|1715879088\n|gametype|singles\n|player|p1|kandkad|clemont|2305\n|player|p2|PokeChess|cynthia-anime2|2377\n|teamsize|p1|6\n|teamsize|p2|6\n|gen|9\n|tier|[Gen 9] Random Battle\n|rated|\n|rule|Species Clause: Limit one of each Pok\u00e9mon\n|rule|HP Percentage Mod: HP is shown in percentages\n|rule|Sleep Clause Mod: Limit one foe put to sleep\n|rule|Illusion Level Mod: Illusion disguises the Pok\u00e9mon's true level\n|\n|t:|1715879088\n|start\n|switch|p1a: Revavroom|Revavroom, L79, M|256/256\n|switch|p2a: Mewtwo|Mewtwo, L72|272/272\n|-ability|p2a: Mewtwo|Unnerve\n|turn|1\n|inactive|Battle timer is ON: inactive players will automatically lose when time's up. (requested by kandkad)\n|\n|t:|1715879114\n|move|p2a: Mewtwo|Psystrike|p1a: Revavroom\n|-damage|p1a: Revavroom|88/256\n|-damage|p2a: Mewtwo|245/272|[from] item: Life Orb\n|move|p1a: Revavroom|Shift Gear|p1a: Revavroom\n|-boost|p1a: Revavroom|spe|2\n|-boost|p1a: Revavroom|atk|1\n|\n|upkeep\n|turn|2\n|inactive|PokeChess has 120 seconds left.\n|\n|t:|1715879169\n|switch|p2a: Gardevoir|Gardevoir, L83, M|249/249\n|-ability|p2a: Gardevoir|Filter|[from] ability: Trace|[of] p1a: Revavroom\n|move|p1a: Revavroom|Gunk Shot|p2a: Gardevoir\n|-supereffective|p2a: Gardevoir\n|-damage|p2a: Gardevoir|0 fnt\n|faint|p2a: Gardevoir\n|-damage|p1a: Revavroom|63/256|[from] item: Life Orb\n|\n|upkeep\n|\n|t:|1715879176\n|switch|p2a: Manaphy|Manaphy, L78|284/284\n|turn|3\n|\n|t:|1715879181\n|move|p1a: Revavroom|Gunk Shot|p2a: Manaphy\n|-damage|p2a: Manaphy|15/284\n|-damage|p1a: Revavroom|38/256|[from] item: Life Orb\n|move|p2a: Manaphy|Hydro Pump|p1a: Revavroom\n|-damage|p1a: Revavroom|0 fnt\n|faint|p1a: Revavroom\n|\n|-heal|p2a: Manaphy|32/284|[from] item: Leftovers\n|upkeep\n|\n|t:|1715879188\n|switch|p1a: Spectrier|Spectrier, L75|274/274\n|turn|4\n|\n|t:|1715879199\n|switch|p2a: Pyroar|Pyroar, L88, F|295/295\n|-ability|p2a: Pyroar|Unnerve\n|move|p1a: Spectrier|Nasty Plot|p1a: Spectrier\n|-boost|p1a: Spectrier|spa|2\n|\n|upkeep\n|turn|5\n|\n|t:|1715879206\n|-terastallize|p1a: Spectrier|Fighting\n|-terastallize|p2a: Pyroar|Fire\n|move|p1a: Spectrier|Tera Blast|p2a: Pyroar|[anim] Tera Blast Fighting\n|-damage|p2a: Pyroar|66/295\n|move|p2a: Pyroar|Fire Blast|p1a: Spectrier\n|-damage|p1a: Spectrier|52/274\n|-status|p1a: Spectrier|brn\n|\n|-heal|p1a: Spectrier|69/274 brn|[from] item: Leftovers\n|-damage|p1a: Spectrier|52/274 brn|[from] brn\n|upkeep\n|turn|6\n|inactive|PokeChess has 120 seconds left.\n|\n|t:|1715879219\n|switch|p2a: Manaphy|Manaphy, L78|32/284\n|move|p1a: Spectrier|Shadow Ball|p2a: Manaphy\n|-damage|p2a: Manaphy|0 fnt\n|faint|p2a: Manaphy\n|-ability|p1a: Spectrier|Grim Neigh|boost\n|-boost|p1a: Spectrier|spa|1\n|\n|-heal|p1a: Spectrier|69/274 brn|[from] item: Leftovers\n|-damage|p1a: Spectrier|52/274 brn|[from] brn\n|upkeep\n|\n|t:|1715879222\n|switch|p2a: Toxicroak|Toxicroak, L84, F|277/277\n|turn|7\n|\n|t:|1715879231\n|move|p2a: Toxicroak|Close Combat|p1a: Spectrier\n|-damage|p1a: Spectrier|0 fnt\n|-unboost|p2a: Toxicroak|def|1\n|-unboost|p2a: Toxicroak|spd|1\n|faint|p1a: Spectrier\n|\n|upkeep\n|\n|t:|1715879237\n|switch|p1a: Yanmega|Yanmega, L82, M|275/275\n|turn|8\n|\n|t:|1715879244\n|switch|p2a: Milotic|Milotic, L83, F|293/293\n|move|p1a: Yanmega|Bug Buzz|p2a: Milotic\n|-damage|p2a: Milotic|173/293\n|\n|-heal|p2a: Milotic|191/293|[from] item: Leftovers\n|upkeep\n|turn|9\n|\n|t:|1715879249\n|move|p1a: Yanmega|Bug Buzz|p2a: Milotic\n|-damage|p2a: Milotic|79/293\n|move|p2a: Milotic|Recover|p2a: Milotic\n|-heal|p2a: Milotic|226/293\n|\n|-heal|p2a: Milotic|244/293|[from] item: Leftovers\n|upkeep\n|turn|10\n|\n|t:|1715879253\n|move|p1a: Yanmega|Bug Buzz|p2a: Milotic\n|-damage|p2a: Milotic|130/293\n|move|p2a: Milotic|Recover|p2a: Milotic\n|-heal|p2a: Milotic|277/293\n|\n|-heal|p2a: Milotic|293/293|[from] item: Leftovers\n|upkeep\n|turn|11\n|\n|t:|1715879256\n|move|p1a: Yanmega|Bug Buzz|p2a: Milotic\n|-damage|p2a: Milotic|172/293\n|move|p2a: Milotic|Ice Beam|p1a: Yanmega\n|-supereffective|p1a: Yanmega\n|-damage|p1a: Yanmega|93/275\n|\n|-heal|p2a: Milotic|190/293|[from] item: Leftovers\n|upkeep\n|turn|12\n|\n|t:|1715879259\n|move|p1a: Yanmega|Bug Buzz|p2a: Milotic\n|-damage|p2a: Milotic|76/293\n|move|p2a: Milotic|Recover|p2a: Milotic\n|-heal|p2a: Milotic|223/293\n|\n|-heal|p2a: Milotic|241/293|[from] item: Leftovers\n|upkeep\n|turn|13\n|\n|t:|1715879262\n|move|p1a: Yanmega|Bug Buzz|p2a: Milotic\n|-damage|p2a: Milotic|129/293\n|move|p2a: Milotic|Recover|p2a: Milotic\n|-heal|p2a: Milotic|276/293\n|\n|-heal|p2a: Milotic|293/293|[from] item: Leftovers\n|upkeep\n|turn|14\n|\n|t:|1715879265\n|move|p1a: Yanmega|Bug Buzz|p2a: Milotic\n|-damage|p2a: Milotic|184/293\n|move|p2a: Milotic|Scald|p1a: Yanmega\n|-damage|p1a: Yanmega|0 fnt\n|faint|p1a: Yanmega\n|\n|-heal|p2a: Milotic|202/293|[from] item: Leftovers\n|upkeep\n|\n|t:|1715879269\n|switch|p1a: Thundurus|Thundurus-Therian, L80, M|258/258\n|turn|15\n|\n|t:|1715879281\n|move|p1a: Thundurus|Thunderbolt|p2a: Milotic\n|-supereffective|p2a: Milotic\n|-damage|p2a: Milotic|0 fnt\n|faint|p2a: Milotic\n|\n|upkeep\n|\n|t:|1715879305\n|switch|p2a: Toxicroak|Toxicroak, L84, F|277/277\n|turn|16\n|\n|t:|1715879311\n|switch|p1a: Cobalion|Cobalion, L80|277/277\n|move|p2a: Toxicroak|Gunk Shot|p1a: Cobalion\n|-immune|p1a: Cobalion\n|\n|upkeep\n|turn|17\n|\n|t:|1715879324\n|switch|p2a: Mewtwo|Mewtwo, L72|245/272\n|-ability|p2a: Mewtwo|Unnerve\n|switch|p1a: Thundurus|Thundurus-Therian, L80, M|258/258\n|\n|upkeep\n|turn|18\n|\n|t:|1715879327\n|move|p2a: Mewtwo|Psystrike|p1a: Thundurus\n|-damage|p1a: Thundurus|79/258\n|-damage|p2a: Mewtwo|218/272|[from] item: Life Orb\n|move|p1a: Thundurus|Thunderbolt|p2a: Mewtwo\n|-damage|p2a: Mewtwo|19/272\n|\n|upkeep\n|turn|19\n|inactive|PokeChess has 120 seconds left.\n|inactive|PokeChess has 90 seconds left.\n|inactive|kandkad has 120 seconds left.\n|\n|t:|1715879412\n|move|p2a: Mewtwo|Psystrike|p1a: Thundurus\n|-damage|p1a: Thundurus|0 fnt\n|faint|p1a: Thundurus\n|-damage|p2a: Mewtwo|0 fnt|[from] item: Life Orb\n|faint|p2a: Mewtwo\n|\n|upkeep\n|inactive|PokeChess has 60 seconds left.\n|\n|t:|1715879443\n|switch|p2a: Pyroar|Pyroar, L88, F, tera:Fire|66/295\n|switch|p1a: Meloetta|Meloetta, L82|298/298\n|-ability|p2a: Pyroar|Unnerve\n|turn|20\n|inactive|PokeChess has 60 seconds left.\n|\n|t:|1715879465\n|move|p2a: Pyroar|Dark Pulse|p1a: Meloetta\n|-supereffective|p1a: Meloetta\n|-damage|p1a: Meloetta|194/298\n|move|p1a: Meloetta|Knock Off|p2a: Pyroar\n|-damage|p2a: Pyroar|0 fnt\n|-enditem|p2a: Pyroar|Heavy-Duty Boots|[from] move: Knock Off|[of] p1a: Meloetta\n|faint|p2a: Pyroar\n|-damage|p1a: Meloetta|165/298|[from] item: Life Orb\n|\n|upkeep\n|\n|t:|1715879472\n|switch|p2a: Toxicroak|Toxicroak, L84, F|277/277\n|turn|21\n|\n|t:|1715879478\n|move|p2a: Toxicroak|Close Combat|p1a: Meloetta\n|-damage|p1a: Meloetta|18/298\n|-unboost|p2a: Toxicroak|def|1\n|-unboost|p2a: Toxicroak|spd|1\n|move|p1a: Meloetta|Relic Song|p2a: Toxicroak\n|-damage|p2a: Toxicroak|27/277\n|-formechange|p1a: Meloetta|Meloetta-Pirouette|[msg]\n|-damage|p1a: Meloetta|0 fnt|[from] item: Life Orb\n|faint|p1a: Meloetta\n|\n|upkeep\n|\n|t:|1715879480\n|switch|p1a: Cobalion|Cobalion, L80|277/277\n|turn|22\n|\n|t:|1715879484\n|move|p2a: Toxicroak|Close Combat|p1a: Cobalion\n|-supereffective|p1a: Cobalion\n|-damage|p1a: Cobalion|71/277\n|-unboost|p2a: Toxicroak|def|1\n|-unboost|p2a: Toxicroak|spd|1\n|move|p1a: Cobalion|Iron Head|p2a: Toxicroak\n|-damage|p2a: Toxicroak|0 fnt\n|faint|p2a: Toxicroak\n|\n|win|kandkad\n|raw|kandkad's rating: 2305 &rarr; <strong>2329</strong><br />(+24 for winning)\n|raw|PokeChess's rating: 2377 &rarr; <strong>2353</strong><br />(-24 for losing)\n|l|\u203dkandkad\n|player|p1|\n", "inputlog": ">version 3855c708e524154d4b62cef35ef8b05886380142\n>start {\"formatid\":\"gen9randombattle\",\"seed\":[8292,14159,8100,31147],\"rated\":\"Rated battle\"}\n>player p1 {\"name\":\"kandkad\",\"avatar\":\"clemont\",\"rating\":2305,\"seed\":[64297,35098,45541,38769]}\n>player p2 {\"name\":\"PokeChess\",\"avatar\":\"cynthia-anime2\",\"rating\":2377,\"seed\":[41846,38980,13630,49389]}\n>p1 move shiftgear\n>p2 move psystrike\n>p1 move gunkshot\n>p2 switch 2\n>p2 switch 3\n>p1 move gunkshot\n>p2 move hydropump\n>p1 switch 3\n>p1 move nastyplot\n>p2 switch 4\n>p1 move terablast terastallize\n>p2 move fireblast terastallize\n>p1 move shadowball\n>p2 switch 4\n>p2 switch 6\n>p1 move shadowball\n>p2 move closecombat\n>p1 switch 4\n>p1 move bugbuzz\n>p2 switch 5\n>p1 move bugbuzz\n>p2 move recover\n>p1 move bugbuzz\n>p2 move recover\n>p1 move bugbuzz\n>p2 move icebeam\n>p1 move bugbuzz\n>p2 move recover\n>p1 move bugbuzz\n>p2 move recover\n>p1 move bugbuzz\n>p2 move scald\n>p1 switch 5\n>p1 move thunderbolt\n>p2 move icebeam\n>p2 switch 5\n>p1 switch 2\n>p2 move gunkshot\n>p1 switch 2\n>p2 switch 2\n>p1 move thunderbolt\n>p2 move psystrike\n>p1 move thunderbolt\n>p2 move psystrike\n>p1 switch 6\n>p2 switch 4\n>p1 move knockoff\n>p2 move darkpulse\n>p2 switch 2\n>p1 move relicsong\n>p2 move closecombat\n>p1 switch 2\n>p1 move ironhead\n>p2 move closecombat", "uploadtime": 1715879489, "views": 227, "formatid": "gen9randombattle", "rating": 2329, "private": 0, "password": null}