{"id": "gen9randombattle-2260385695", "format": "[Gen 9] Random Battle", "players": ["dedededje", "Logman792"], "log": "|j|\u2606dedededje\n|j|\u2606Logman792\n|t:|1733846463\n|gametype|singles\n|player|p1|dedededje|169|1116\n|player|p2|Logman792|hilbert-wonderlauncher|1146\n|teamsize|p1|6\n|teamsize|p2|6\n|gen|9\n|tier|[Gen 9] Random Battle\n|rated|\n|rule|Species Clause: Limit one of each Pok\u00e9mon\n|rule|HP Percentage Mod: HP is shown in percentages\n|rule|Sleep Clause Mod: Limit one foe put to sleep\n|rule|Illusion Level Mod: Illusion disguises the Pok\u00e9mon's true level\n|\n|t:|1733846463\n|start\n|switch|p1a: Pyroar|Pyroar, L88, M|295/295\n|switch|p2a: Talonflame|Talonflame, L83, F|265/265\n|-ability|p1a: Pyroar|Unnerve\n|turn|1\n|\n|t:|1733846476\n|switch|p1a: Avalugg|Avalugg-Hisui, L90, F|317/317\n|move|p2a: Talonflame|Brave Bird|p1a: Avalugg\n|-resisted|p1a: Avalugg\n|-damage|p1a: Avalugg|289/317\n|-damage|p2a: Talonflame|256/265|[from] Recoil\n|\n|upkeep\n|turn|2\n|\n|t:|1733846485\n|move|p2a: Talonflame|Overheat|p1a: Avalugg\n|-damage|p1a: Avalugg|102/317\n|-unboost|p2a: Talonflame|spa|2\n|move|p1a: Avalugg|Stone Edge|p2a: Talonflame\n|-supereffective|p2a: Talonflame\n|-damage|p2a: Talonflame|0 fnt\n|faint|p2a: Talonflame\n|\n|upkeep\n|\n|t:|1733846496\n|switch|p2a: Crabominable|Crabominable, L90, F|321/321\n|turn|3\n|\n|t:|1733846507\n|move|p2a: Crabominable|Drain Punch|p1a: Avalugg\n|-supereffective|p1a: Avalugg\n|-damage|p1a: Avalugg|0 fnt\n|faint|p1a: Avalugg\n|\n|upkeep\n|\n|t:|1733846511\n|switch|p1a: Meowstic|Meowstic-F, L89, F|277/277\n|turn|4\n|\n|t:|1733846519\n|move|p1a: Meowstic|Psyshock|p2a: Crabominable\n|-supereffective|p2a: Crabominable\n|-damage|p2a: Crabominable|79/321\n|-damage|p1a: Meowstic|250/277|[from] item: Life Orb\n|move|p2a: Crabominable|Knock Off|p1a: Meowstic\n|-supereffective|p1a: Meowstic\n|-damage|p1a: Meowstic|24/277\n|-enditem|p1a: Meowstic|Life Orb|[from] move: Knock Off|[of] p2a: Crabominable\n|\n|upkeep\n|turn|5\n|\n|t:|1733846528\n|move|p1a: Meowstic|Psyshock|p2a: Crabominable\n|-supereffective|p2a: Crabominable\n|-damage|p2a: Crabominable|0 fnt\n|faint|p2a: Crabominable\n|\n|upkeep\n|\n|t:|1733846537\n|switch|p2a: Zekrom|Zekrom, L71|259/259\n|-ability|p2a: Zekrom|Teravolt\n|turn|6\n|\n|t:|1733846546\n|move|p1a: Meowstic|Alluring Voice|p2a: Zekrom\n|-supereffective|p2a: Zekrom\n|-damage|p2a: Zekrom|127/259\n|move|p2a: Zekrom|Bolt Strike|p1a: Meowstic\n|-damage|p1a: Meowstic|0 fnt\n|faint|p1a: Meowstic\n|\n|-heal|p2a: Zekrom|143/259|[from] item: Leftovers\n|upkeep\n|\n|t:|1733846551\n|switch|p1a: Glalie|Glalie, L96, M|309/309\n|turn|7\n|\n|t:|1733846571\n|switch|p2a: Probopass|Probopass, L92, M|260/260\n|move|p1a: Glalie|Spikes|p2a: Probopass\n|-sidestart|p2: Logman792|Spikes\n|\n|upkeep\n|turn|8\n|\n|t:|1733846580\n|move|p1a: Glalie|Earthquake|p2a: Probopass\n|-supereffective|p2a: Probopass\n|-damage|p2a: Probopass|64/260\n|move|p2a: Probopass|Iron Defense|p2a: Probopass\n|-boost|p2a: Probopass|def|2\n|\n|-heal|p2a: Probopass|80/260|[from] item: Leftovers\n|upkeep\n|turn|9\n|\n|t:|1733846593\n|move|p1a: Glalie|Earthquake|p2a: Probopass\n|-supereffective|p2a: Probopass\n|-damage|p2a: Probopass|0 fnt\n|faint|p2a: Probopass\n|\n|upkeep\n|\n|t:|1733846598\n|switch|p2a: Dipplin|Dipplin, L88, F|284/284\n|-damage|p2a: Dipplin|249/284|[from] Spikes\n|turn|10\n|\n|t:|1733846609\n|-terastallize|p2a: Dipplin|Steel\n|move|p1a: Glalie|Taunt|p2a: Dipplin\n|-start|p2a: Dipplin|move: Taunt\n|move|p2a: Dipplin|Dragon Tail|p1a: Glalie\n|-damage|p1a: Glalie|252/309\n|drag|p1a: Pyroar|Pyroar, L88, M|295/295\n|-ability|p1a: Pyroar|Unnerve\n|\n|upkeep\n|turn|11\n|\n|t:|1733846622\n|move|p1a: Pyroar|Will-O-Wisp|p2a: Dipplin\n|-status|p2a: Dipplin|brn\n|move|p2a: Dipplin|Dragon Pulse|p1a: Pyroar\n|-damage|p1a: Pyroar|172/295\n|\n|-damage|p2a: Dipplin|232/284 brn|[from] brn\n|upkeep\n|turn|12\n|\n|t:|1733846631\n|move|p1a: Pyroar|Fire Blast|p2a: Dipplin\n|-supereffective|p2a: Dipplin\n|-damage|p2a: Dipplin|22/284 brn\n|move|p2a: Dipplin|Giga Drain|p1a: Pyroar\n|-resisted|p1a: Pyroar\n|-damage|p1a: Pyroar|117/295\n|-heal|p2a: Dipplin|50/284 brn|[from] drain|[of] p1a: Pyroar\n|\n|-damage|p2a: Dipplin|33/284 brn|[from] brn\n|-end|p2a: Dipplin|move: Taunt\n|upkeep\n|turn|13\n|\n|t:|1733846644\n|switch|p2a: Zekrom|Zekrom, L71|143/259\n|-damage|p2a: Zekrom|111/259|[from] Spikes\n|-ability|p2a: Zekrom|Teravolt\n|move|p1a: Pyroar|Dark Pulse|p2a: Zekrom\n|-damage|p2a: Zekrom|34/259\n|\n|-heal|p2a: Zekrom|50/259|[from] item: Leftovers\n|upkeep\n|turn|14\n|\n|t:|1733846658\n|move|p1a: Pyroar|Dark Pulse|p2a: Zekrom\n|-damage|p2a: Zekrom|0 fnt\n|faint|p2a: Zekrom\n|\n|upkeep\n|\n|t:|1733846663\n|switch|p2a: Sceptile|Sceptile, L87, M|264/264\n|-damage|p2a: Sceptile|231/264|[from] Spikes\n|turn|15\n|\n|t:|1733846669\n|move|p2a: Sceptile|Earthquake|p1a: Pyroar\n|-supereffective|p1a: Pyroar\n|-damage|p1a: Pyroar|0 fnt\n|faint|p1a: Pyroar\n|-damage|p2a: Sceptile|205/264|[from] item: Life Orb\n|\n|upkeep\n|\n|t:|1733846682\n|switch|p1a: Glalie|Glalie, L96, M|252/309\n|turn|16\n|\n|t:|1733846688\n|move|p2a: Sceptile|Rock Slide|p1a: Glalie\n|-supereffective|p1a: Glalie\n|-damage|p1a: Glalie|132/309\n|-damage|p2a: Sceptile|179/264|[from] item: Life Orb\n|move|p1a: Glalie|Freeze-Dry|p2a: Sceptile\n|-supereffective|p2a: Sceptile\n|-damage|p2a: Sceptile|11/264\n|\n|upkeep\n|turn|17\n|\n|t:|1733846701\n|switch|p1a: Magearna|Magearna, L77|250/250\n|move|p2a: Sceptile|Rock Slide|p1a: Magearna\n|-resisted|p1a: Magearna\n|-damage|p1a: Magearna|221/250\n|-damage|p2a: Sceptile|0 fnt|[from] item: Life Orb\n|faint|p2a: Sceptile\n|-ability|p1a: Magearna|Soul-Heart|boost\n|-boost|p1a: Magearna|spa|1\n|\n|-heal|p1a: Magearna|236/250|[from] item: Leftovers\n|upkeep\n|\n|t:|1733846713\n|switch|p2a: Dipplin|Dipplin, L88, F, tera:Steel|33/284 brn\n|-damage|p2a: Dipplin|0 fnt|[from] Spikes\n|faint|p2a: Dipplin\n|\n|win|dedededje\n|raw|dedededje's rating: 1182 &rarr; <strong>1204</strong><br />(+22 for winning)\n|raw|Logman792's rating: 1146 &rarr; <strong>1124</strong><br />(-22 for losing)\n|l|\u2606Logman792\n|player|p2|\n", "inputlog": ">version bfd83cad13791eb5a5a409923076391caf6fb4d4\n>start {\"formatid\":\"gen9randombattle\",\"seed\":[50348,18283,42713,55915],\"rated\":\"Rated battle\"}\n>player p1 {\"name\":\"dedededje\",\"avatar\":\"169\",\"rating\":1116,\"seed\":[42636,46329,56205,16943]}\n>player p2 {\"name\":\"Logman792\",\"avatar\":\"hilbert-wonderlauncher\",\"rating\":1146,\"seed\":[53753,13338,48475,47694]}\n>p1 switch 2\n>p2 move bravebird\n>p1 move stoneedge\n>p2 move overheat\n>p2 switch 2\n>p1 move bodypress\n>p2 move drainpunch\n>p1 switch 4\n>p1 move psyshock\n>p2 move knockoff\n>p1 move psyshock\n>p2 move drainpunch\n>p2 switch 3\n>p1 move alluringvoice\n>p2 move boltstrike\n>p1 switch 3\n>p1 move spikes\n>p2 switch 4\n>p1 move earthquake\n>p2 move irondefense\n>p1 move earthquake\n>p2 move bodypress\n>p2 switch 5\n>p1 move taunt\n>p2 move dragontail terastallize\n>p1 move willowisp\n>p2 move dragonpulse\n>p1 move fireblast\n>p2 move gigadrain\n>p1 move darkpulse\n>p2 switch 4\n>p1 move darkpulse\n>p2 move outrage\n>p2 switch 6\n>p1 move fireblast\n>p2 move earthquake\n>p1 switch 2\n>p1 move freezedry\n>p2 move rockslide\n>p1 switch 5\n>p2 move rockslide\n>p2 switch 4", "uploadtime": 1733846749, "views": 3, "formatid": "gen9randombattle", "rating": 1124, "private": 0, "password": null}