{"id": "gen9randombattle-2260659508", "format": "[Gen 9] Random Battle", "players": ["Radiation Poison", "Micael Lopes"], "log": "|j|\u2606Radiation Poison\n|j|\u2606Micael Lopes\n|t:|1733874970\n|gametype|singles\n|player|p1|Radiation Poison|bruno-gen3|1923\n|player|p2|Micael Lopes|benga|1895\n|teamsize|p1|6\n|teamsize|p2|6\n|gen|9\n|tier|[Gen 9] Random Battle\n|rated|\n|rule|Species Clause: Limit one of each Pok\u00e9mon\n|rule|HP Percentage Mod: HP is shown in percentages\n|rule|Sleep Clause Mod: Limit one foe put to sleep\n|rule|Illusion Level Mod: Illusion disguises the Pok\u00e9mon's true level\n|\n|t:|1733874970\n|start\n|switch|p1a: Krookodile|Krookodile, L80, F|283/283\n|switch|p2a: Houndstone|Houndstone, L86, F|264/264\n|-ability|p1a: Krookodile|Intimidate|boost\n|-unboost|p2a: Houndstone|atk|1\n|turn|1\n|inactive|Battle timer is ON: inactive players will automatically lose when time's up. (requested by Micael Lopes)\n|\n|t:|1733874994\n|move|p1a: Krookodile|Gunk Shot|p2a: Houndstone\n|-resisted|p2a: Houndstone\n|-damage|p2a: Houndstone|212/264\n|-damage|p1a: Krookodile|255/283|[from] item: Life Orb\n|move|p2a: Houndstone|Body Press|p1a: Krookodile\n|-supereffective|p1a: Krookodile\n|-damage|p1a: Krookodile|117/283\n|\n|upkeep\n|turn|2\n|\n|t:|1733875004\n|switch|p2a: Tauros|Tauros-Paldea-Aqua, L81, M|254/254\n|-ability|p2a: Tauros|Intimidate|boost\n|-unboost|p1a: Krookodile|atk|1\n|move|p1a: Krookodile|Knock Off|p2a: Tauros\n|-resisted|p2a: Tauros\n|-damage|p2a: Tauros|207/254\n|-enditem|p2a: Tauros|Choice Band|[from] move: Knock Off|[of] p1a: Krookodile\n|-damage|p1a: Krookodile|89/283|[from] item: Life Orb\n|\n|upkeep\n|turn|3\n|\n|t:|1733875013\n|switch|p1a: Mew|Mew, L82|298/298\n|move|p2a: Tauros|Wave Crash|p1a: Mew\n|-damage|p1a: Mew|171/298\n|-damage|p2a: Tauros|165/254|[from] Recoil\n|\n|-heal|p1a: Mew|189/298|[from] item: Leftovers\n|upkeep\n|turn|4\n|\n|t:|1733875019\n|switch|p2a: Rillaboom|Rillaboom, L79, F|288/288\n|-fieldstart|move: Grassy Terrain|[from] ability: Grassy Surge|[of] p2a: Rillaboom\n|move|p1a: Mew|Toxic Spikes|p2a: Rillaboom\n|-sidestart|p2: Micael Lopes|move: Toxic Spikes\n|\n|-heal|p1a: Mew|207/298|[from] Grassy Terrain\n|-heal|p1a: Mew|225/298|[from] item: Leftovers\n|upkeep\n|turn|5\n|\n|t:|1733875027\n|move|p1a: Mew|Knock Off|p2a: Rillaboom\n|-damage|p2a: Rillaboom|224/288\n|-enditem|p2a: Rillaboom|Life Orb|[from] move: Knock Off|[of] p1a: Mew\n|move|p2a: Rillaboom|Swords Dance|p2a: Rillaboom\n|-boost|p2a: Rillaboom|atk|2\n|\n|-heal|p1a: Mew|243/298|[from] Grassy Terrain\n|-heal|p1a: Mew|261/298|[from] item: Leftovers\n|-heal|p2a: Rillaboom|242/288|[from] Grassy Terrain\n|upkeep\n|turn|6\n|\n|t:|1733875032\n|move|p1a: Mew|U-turn|p2a: Rillaboom\n|-supereffective|p2a: Rillaboom\n|-damage|p2a: Rillaboom|148/288\n|\n|t:|1733875036\n|switch|p1a: Ogerpon|Ogerpon-Hearthflame, L74, F|239/239|[from] U-turn\n|-ability|p1a: Ogerpon|Mold Breaker\n|move|p2a: Rillaboom|Knock Off|p1a: Ogerpon\n|-damage|p1a: Ogerpon|129/239\n|\n|-heal|p1a: Ogerpon|143/239|[from] Grassy Terrain\n|-heal|p2a: Rillaboom|166/288|[from] Grassy Terrain\n|upkeep\n|turn|7\n|\n|t:|1733875045\n|switch|p2a: Miraidon|Miraidon, L65|238/238\n|-status|p2a: Miraidon|psn\n|-fieldstart|move: Electric Terrain|[from] ability: Hadron Engine|[of] p2a: Miraidon\n|move|p1a: Ogerpon|Ivy Cudgel|p2a: Miraidon|[anim] Ivy Cudgel Fire\n|-resisted|p2a: Miraidon\n|-damage|p2a: Miraidon|166/238 psn\n|\n|-damage|p2a: Miraidon|137/238 psn|[from] psn\n|upkeep\n|turn|8\n|inactive|Radiation Poison has 120 seconds left.\n|\n|t:|1733875092\n|switch|p1a: Indeedee|Indeedee, L84, M|238/238\n|-fieldstart|move: Psychic Terrain|[from] ability: Psychic Surge|[of] p1a: Indeedee\n|move|p2a: Miraidon|Draco Meteor|p1a: Indeedee\n|-damage|p1a: Indeedee|79/238\n|-unboost|p2a: Miraidon|spa|2\n|\n|-damage|p2a: Miraidon|108/238 psn|[from] psn\n|upkeep\n|turn|9\n|\n|t:|1733875110\n|move|p2a: Miraidon|Draco Meteor|p1a: Indeedee\n|-damage|p1a: Indeedee|0 fnt\n|-unboost|p2a: Miraidon|spa|2\n|faint|p1a: Indeedee\n|\n|-damage|p2a: Miraidon|79/238 psn|[from] psn\n|upkeep\n|inactive|Radiation Poison has 90 seconds left.\n|\n|t:|1733875163\n|switch|p1a: Mew|Mew, L82|261/298\n|turn|10\n|inactive|Micael Lopes has 120 seconds left.\n|\n|t:|1733875198\n|switch|p2a: Deoxys|Deoxys-Attack, L72|191/191\n|-status|p2a: Deoxys|psn\n|-ability|p2a: Deoxys|Pressure\n|move|p1a: Mew|Psychic|p2a: Deoxys\n|-resisted|p2a: Deoxys\n|-damage|p2a: Deoxys|19/191 psn\n|\n|-heal|p1a: Mew|279/298|[from] item: Leftovers\n|-damage|p2a: Deoxys|0 fnt|[from] psn\n|faint|p2a: Deoxys\n|upkeep\n|\n|t:|1733875222\n|switch|p2a: Rillaboom|Rillaboom, L79, F|166/288\n|-status|p2a: Rillaboom|psn\n|-fieldstart|move: Grassy Terrain|[from] ability: Grassy Surge|[of] p2a: Rillaboom\n|turn|11\n|inactive|Radiation Poison has 60 seconds left.\n|\n|t:|1733875259\n|switch|p2a: Miraidon|Miraidon, L65|79/238 psn\n|-fieldstart|move: Electric Terrain|[from] ability: Hadron Engine|[of] p2a: Miraidon\n|move|p1a: Mew|Psychic|p2a: Miraidon\n|-damage|p2a: Miraidon|0 fnt\n|faint|p2a: Miraidon\n|\n|-heal|p1a: Mew|297/298|[from] item: Leftovers\n|upkeep\n|\n|t:|1733875265\n|switch|p2a: Hitmontop|Hitmontop, L88, M|231/231\n|-status|p2a: Hitmontop|psn\n|turn|12\n|inactive|Radiation Poison has 60 seconds left.\n|\n|t:|1733875273\n|-terastallize|p2a: Hitmontop|Ice\n|move|p1a: Mew|Psychic|p2a: Hitmontop\n|-damage|p2a: Hitmontop|164/231 psn\n|move|p2a: Hitmontop|Rapid Spin|p1a: Mew\n|-damage|p1a: Mew|241/298\n|-boost|p2a: Hitmontop|spe|1\n|-sideend|p2: Micael Lopes|Toxic Spikes|[from] move: Rapid Spin|[of] p2a: Hitmontop\n|\n|-heal|p2a: Hitmontop|178/231 psn|[from] item: Leftovers\n|-heal|p1a: Mew|259/298|[from] item: Leftovers\n|-damage|p2a: Hitmontop|150/231 psn|[from] psn\n|upkeep\n|turn|13\n|inactive|Micael Lopes has 120 seconds left.\n|\n|t:|1733875298\n|move|p2a: Hitmontop|Bulk Up|p2a: Hitmontop\n|-boost|p2a: Hitmontop|atk|1\n|-boost|p2a: Hitmontop|def|1\n|move|p1a: Mew|Toxic Spikes|p2a: Hitmontop\n|-sidestart|p2: Micael Lopes|move: Toxic Spikes\n|\n|-heal|p2a: Hitmontop|164/231 psn|[from] item: Leftovers\n|-heal|p1a: Mew|277/298|[from] item: Leftovers\n|-damage|p2a: Hitmontop|136/231 psn|[from] psn\n|upkeep\n|turn|14\n|\n|t:|1733875305\n|move|p2a: Hitmontop|Triple Axel|p1a: Mew\n|-damage|p1a: Mew|226/298\n|-damage|p1a: Mew|129/298\n|-damage|p1a: Mew|0 fnt\n|faint|p1a: Mew\n|-hitcount|p1: Mew|3\n|\n|-heal|p2a: Hitmontop|150/231 psn|[from] item: Leftovers\n|-damage|p2a: Hitmontop|122/231 psn|[from] psn\n|upkeep\n|\n|t:|1733875317\n|switch|p1a: Krookodile|Krookodile, L80, F|89/283\n|-ability|p1a: Krookodile|Intimidate|boost\n|-unboost|p2a: Hitmontop|atk|1\n|turn|15\n|\n|t:|1733875324\n|move|p2a: Hitmontop|Triple Axel|p1a: Krookodile\n|-supereffective|p1a: Krookodile\n|-damage|p1a: Krookodile|11/283\n|-supereffective|p1a: Krookodile\n|-damage|p1a: Krookodile|0 fnt\n|faint|p1a: Krookodile\n|-hitcount|p1: Krookodile|2\n|\n|-heal|p2a: Hitmontop|136/231 psn|[from] item: Leftovers\n|-damage|p2a: Hitmontop|108/231 psn|[from] psn\n|-fieldend|move: Electric Terrain\n|upkeep\n|inactive|Radiation Poison has 60 seconds left.\n|\n|t:|1733875352\n|switch|p1a: Koraidon|Koraidon, L64|235/235\n|-weather|SunnyDay|[from] ability: Orichalcum Pulse|[of] p1a: Koraidon\n|-activate|p1a: Koraidon|Orichalcum Pulse|[source]\n|turn|16\n|\n|t:|1733875371\n|-terastallize|p1a: Koraidon|Fire\n|move|p2a: Hitmontop|Rapid Spin|p1a: Koraidon\n|-damage|p1a: Koraidon|171/235\n|-boost|p2a: Hitmontop|spe|1\n|-sideend|p2: Micael Lopes|Toxic Spikes|[from] move: Rapid Spin|[of] p2a: Hitmontop\n|move|p1a: Koraidon|Scale Shot|p2a: Hitmontop\n|-damage|p2a: Hitmontop|90/231 psn\n|-damage|p2a: Hitmontop|72/231 psn\n|-damage|p2a: Hitmontop|54/231 psn\n|-damage|p2a: Hitmontop|38/231 psn\n|-hitcount|p2a: Hitmontop|4\n|-unboost|p1a: Koraidon|def|1\n|-boost|p1a: Koraidon|spe|1\n|\n|-weather|SunnyDay|[upkeep]\n|-heal|p2a: Hitmontop|52/231 psn|[from] item: Leftovers\n|-damage|p2a: Hitmontop|24/231 psn|[from] psn\n|upkeep\n|turn|17\n|inactive|Radiation Poison has 30 seconds left.\n|inactive|Radiation Poison has 20 seconds left.\n|\n|t:|1733875410\n|switch|p1a: Gumshoos|Gumshoos, L95, F|321/321\n|move|p2a: Hitmontop|Close Combat|p1a: Gumshoos\n|-supereffective|p1a: Gumshoos\n|-damage|p1a: Gumshoos|27/321\n|-unboost|p2a: Hitmontop|def|1\n|-unboost|p2a: Hitmontop|spd|1\n|\n|-weather|SunnyDay|[upkeep]\n|-heal|p2a: Hitmontop|38/231 psn|[from] item: Leftovers\n|-damage|p2a: Hitmontop|10/231 psn|[from] psn\n|upkeep\n|turn|18\n|inactive|Radiation Poison has 30 seconds left this turn.\n|\n|t:|1733875417\n|move|p2a: Hitmontop|Close Combat|p1a: Gumshoos\n|-supereffective|p1a: Gumshoos\n|-crit|p1a: Gumshoos\n|-damage|p1a: Gumshoos|0 fnt\n|-unboost|p2a: Hitmontop|def|1\n|-unboost|p2a: Hitmontop|spd|1\n|faint|p1a: Gumshoos\n|\n|-weather|SunnyDay|[upkeep]\n|-heal|p2a: Hitmontop|24/231 psn|[from] item: Leftovers\n|-damage|p2a: Hitmontop|0 fnt|[from] psn\n|faint|p2a: Hitmontop\n|upkeep\n|inactive|Radiation Poison has 30 seconds left.\n|\n|t:|1733875427\n|switch|p2a: Tauros|Tauros-Paldea-Aqua, L81, M|165/254\n|switch|p1a: Ogerpon|Ogerpon-Hearthflame, L74, F|143/239\n|-ability|p2a: Tauros|Intimidate|boost\n|-unboost|p1a: Ogerpon|atk|1\n|-ability|p1a: Ogerpon|Mold Breaker\n|turn|19\n|inactive|Radiation Poison has 30 seconds left.\n|inactive|Radiation Poison has 20 seconds left.\n|inactive|Micael Lopes has 120 seconds left.\n|\n|t:|1733875471\n|move|p2a: Tauros|Stone Edge|p1a: Ogerpon\n|-supereffective|p1a: Ogerpon\n|-damage|p1a: Ogerpon|0 fnt\n|faint|p1a: Ogerpon\n|\n|-weather|SunnyDay|[upkeep]\n|upkeep\n|inactive|Radiation Poison has 25 seconds left this turn.\n|\n|t:|1733875476\n|switch|p1a: Koraidon|Koraidon, L64, tera:Fire|171/235\n|-activate|p1a: Koraidon|ability: Orichalcum Pulse\n|turn|20\n|inactive|Radiation Poison has 30 seconds left.\n|inactive|Micael Lopes has 120 seconds left.\n|\n|t:|1733875492\n|switch|p2a: Rillaboom|Rillaboom, L79, F|166/288 psn\n|-fieldstart|move: Grassy Terrain|[from] ability: Grassy Surge|[of] p2a: Rillaboom\n|move|p1a: Koraidon|Swords Dance|p1a: Koraidon\n|-boost|p1a: Koraidon|atk|2\n|\n|-weather|none\n|-heal|p1a: Koraidon|185/235|[from] Grassy Terrain\n|-heal|p2a: Rillaboom|184/288 psn|[from] Grassy Terrain\n|-damage|p2a: Rillaboom|148/288 psn|[from] psn\n|upkeep\n|turn|21\n|inactive|Radiation Poison has 30 seconds left.\n|\n|t:|1733875506\n|move|p2a: Rillaboom|Grassy Glide|p1a: Koraidon\n|-resisted|p1a: Koraidon\n|-damage|p1a: Koraidon|140/235\n|move|p1a: Koraidon|Flare Blitz|p2a: Rillaboom\n|-supereffective|p2a: Rillaboom\n|-damage|p2a: Rillaboom|0 fnt\n|faint|p2a: Rillaboom\n|-damage|p1a: Koraidon|91/235|[from] Recoil\n|\n|-heal|p1a: Koraidon|105/235|[from] Grassy Terrain\n|upkeep\n|inactive|Radiation Poison has 30 seconds left this turn.\n|\n|t:|1733875520\n|switch|p2a: Tauros|Tauros-Paldea-Aqua, L81, M|165/254\n|-ability|p2a: Tauros|Intimidate|boost\n|-unboost|p1a: Koraidon|atk|1\n|turn|22\n|inactive|Radiation Poison has 30 seconds left.\n|\n|t:|1733875539\n|move|p2a: Tauros|Aqua Jet|p1a: Koraidon\n|-supereffective|p1a: Koraidon\n|-damage|p1a: Koraidon|13/235\n|move|p1a: Koraidon|Scale Shot|p2a: Tauros\n|-damage|p2a: Tauros|135/254\n|-damage|p2a: Tauros|107/254\n|-damage|p2a: Tauros|80/254\n|-damage|p2a: Tauros|52/254\n|-hitcount|p2a: Tauros|4\n|-unboost|p1a: Koraidon|def|1\n|-boost|p1a: Koraidon|spe|1\n|\n|-heal|p1a: Koraidon|27/235|[from] Grassy Terrain\n|-heal|p2a: Tauros|67/254|[from] Grassy Terrain\n|upkeep\n|turn|23\n|inactive|Radiation Poison has 30 seconds left.\n|inactive|Micael Lopes has 120 seconds left.\n|inactive|Radiation Poison has 20 seconds left.\n|-message|Radiation Poison forfeited.\n|\n|win|Micael Lopes\n|inactive|Radiation Poison has 30 seconds left this turn.\n|raw|Radiation Poison's rating: 1923 &rarr; <strong>1901</strong><br />(-22 for losing)\n|raw|Micael Lopes's rating: 1895 &rarr; <strong>1917</strong><br />(+22 for winning)\n|l|\u2606Radiation Poison\n|player|p1|\n|c|\u2606Micael Lopes|**__Sexy game.__**\n", "inputlog": ">version bfd83cad13791eb5a5a409923076391caf6fb4d4\n>start {\"formatid\":\"gen9randombattle\",\"seed\":[7123,33507,17883,10272],\"rated\":\"Rated battle\"}\n>player p1 {\"name\":\"Radiation Poison\",\"avatar\":\"bruno-gen3\",\"rating\":1923,\"seed\":[28227,8625,4983,43874]}\n>player p2 {\"name\":\"Micael Lopes\",\"avatar\":\"benga\",\"rating\":1895,\"seed\":[33393,5939,18757,63549]}\n>p1 move gunkshot\n>p2 move bodypress\n>p1 move knockoff\n>p2 switch 3\n>p1 switch 5\n>p2 move wavecrash\n>p1 move toxicspikes\n>p2 switch 2\n>p1 move knockoff\n>p2 move swordsdance\n>p1 move uturn\n>p2 move knockoff\n>p1 switch 6\n>p1 move ivycudgel\n>p2 switch 6\n>p1 switch 3\n>p2 move dracometeor\n>p1 move expandingforce\n>p2 move dracometeor\n>p1 switch 6\n>p1 move psychic\n>p2 switch 5\n>p2 switch 6\n>p1 move psychic\n>p2 switch 5\n>p2 switch 4\n>p1 move psychic\n>p2 move rapidspin terastallize\n>p1 move toxicspikes\n>p2 move bulkup\n>p1 move knockoff\n>p2 move tripleaxel\n>p1 switch 5\n>p1 move earthquake\n>p2 move tripleaxel\n>p1 switch 2\n>p1 move scaleshot terastallize\n>p2 move rapidspin\n>p1 switch 4\n>p2 move closecombat\n>p1 move earthquake\n>p2 move closecombat\n>p1 switch 3\n>p2 switch 2\n>p1 move powerwhip\n>p2 move stoneedge\n>p1 switch 4\n>p1 move swordsdance\n>p2 switch 5\n>p1 move flareblitz\n>p2 move grassyglide\n>p2 switch 5\n>p1 move scaleshot\n>p2 move aquajet\n>forcelose p1", "uploadtime": 1733875570, "views": 1, "formatid": "gen9randombattle", "rating": 1901, "private": 0, "password": null}