{"id": "gen9randombattle-2259811674", "format": "[Gen 9] Random Battle", "players": ["popop19", "IdkButGGEitherWay"], "log": "|j|\u2606popop19\n|j|\u2606IdkButGGEitherWay\n|t:|1733769083\n|gametype|singles\n|player|p1|popop19|lucas|1921\n|player|p2|IdkButGGEitherWay|red|1965\n|teamsize|p1|6\n|teamsize|p2|6\n|gen|9\n|tier|[Gen 9] Random Battle\n|rated|\n|rule|Species Clause: Limit one of each Pok\u00e9mon\n|rule|HP Percentage Mod: HP is shown in percentages\n|rule|Sleep Clause Mod: Limit one foe put to sleep\n|rule|Illusion Level Mod: Illusion disguises the Pok\u00e9mon's true level\n|\n|t:|1733769083\n|start\n|switch|p1a: Bombirdier|Bombirdier, L85, M|258/258\n|switch|p2a: Enamorus|Enamorus, L79, F|247/247\n|turn|1\n|inactive|Battle timer is ON: inactive players will automatically lose when time's up. (requested by IdkButGGEitherWay)\n|inactive|popop19 also wants the timer to be on.\n|\n|t:|1733769099\n|switch|p1a: Orthworm|Orthworm, L88, F|266/266\n|move|p2a: Enamorus|Superpower|p1a: Orthworm\n|-supereffective|p1a: Orthworm\n|-damage|p1a: Orthworm|150/266\n|-boost|p2a: Enamorus|atk|1\n|-boost|p2a: Enamorus|def|1\n|\n|upkeep\n|turn|2\n|\n|t:|1733769109\n|switch|p1a: Espeon|Espeon, L84, M|246/246\n|move|p2a: Enamorus|Superpower|p1a: Espeon\n|-resisted|p1a: Espeon\n|-damage|p1a: Espeon|166/246\n|-boost|p2a: Enamorus|atk|1\n|-boost|p2a: Enamorus|def|1\n|\n|upkeep\n|turn|3\n|\n|t:|1733769118\n|move|p1a: Espeon|Alluring Voice|p2a: Enamorus\n|-crit|p2a: Enamorus\n|-damage|p2a: Enamorus|88/247\n|-damage|p1a: Espeon|142/246|[from] item: Life Orb\n|move|p2a: Enamorus|Play Rough|p1a: Espeon|[miss]\n|-miss|p2a: Enamorus|p1a: Espeon\n|\n|upkeep\n|turn|4\n|\n|t:|1733769125\n|switch|p2a: Arcanine|Arcanine, L84, M|288/288\n|-ability|p2a: Arcanine|Intimidate|boost\n|-unboost|p1a: Espeon|atk|1\n|move|p1a: Espeon|Alluring Voice|p2a: Arcanine\n|-resisted|p2a: Arcanine\n|-damage|p2a: Arcanine|241/288\n|-damage|p1a: Espeon|118/246|[from] item: Life Orb\n|\n|upkeep\n|turn|5\n|\n|t:|1733769137\n|switch|p1a: Swampert|Swampert, L83, M|302/302\n|move|p2a: Arcanine|Flare Blitz|p1a: Swampert\n|-resisted|p1a: Swampert\n|-damage|p1a: Swampert|233/302\n|-damage|p2a: Arcanine|218/288|[from] Recoil\n|\n|-heal|p1a: Swampert|251/302|[from] item: Leftovers\n|upkeep\n|turn|6\n|\n|t:|1733769146\n|switch|p2a: Arboliva|Arboliva, L91, F|288/288\n|move|p1a: Swampert|Flip Turn|p2a: Arboliva\n|-resisted|p2a: Arboliva\n|-damage|p2a: Arboliva|255/288\n|\n|t:|1733769153\n|switch|p1a: Arceus|Arceus-Bug, L73|295/295|[from] Flip Turn\n|\n|upkeep\n|turn|7\n|\n|t:|1733769159\n|move|p1a: Arceus|Judgment|p2a: Arboliva\n|-supereffective|p2a: Arboliva\n|-damage|p2a: Arboliva|67/288\n|-enditem|p2a: Arboliva|Sitrus Berry|[eat]\n|-heal|p2a: Arboliva|139/288|[from] item: Sitrus Berry\n|move|p2a: Arboliva|Leech Seed|p1a: Arceus|[miss]\n|-miss|p2a: Arboliva|p1a: Arceus\n|\n|upkeep\n|turn|8\n|\n|t:|1733769168\n|move|p2a: Arboliva|Protect|p2a: Arboliva\n|-singleturn|p2a: Arboliva|Protect\n|move|p1a: Arceus|Judgment|p2a: Arboliva\n|-activate|p2a: Arboliva|move: Protect\n|\n|upkeep\n|turn|9\n|c|\u2606IdkButGGEitherWay|bruh\n|\n|t:|1733769173\n|switch|p2a: Arcanine|Arcanine, L84, M|218/288\n|-ability|p2a: Arcanine|Intimidate|boost\n|-unboost|p1a: Arceus|atk|1\n|move|p1a: Arceus|Judgment|p2a: Arcanine\n|-resisted|p2a: Arcanine\n|-damage|p2a: Arcanine|158/288\n|\n|upkeep\n|turn|10\n|\n|t:|1733769183\n|switch|p1a: Swampert|Swampert, L83, M|251/302\n|move|p2a: Arcanine|Morning Sun|p2a: Arcanine\n|-heal|p2a: Arcanine|288/288\n|\n|-heal|p1a: Swampert|269/302|[from] item: Leftovers\n|upkeep\n|turn|11\n|\n|t:|1733769189\n|switch|p2a: Arboliva|Arboliva, L91, F|139/288\n|move|p1a: Swampert|Knock Off|p2a: Arboliva\n|-damage|p2a: Arboliva|94/288\n|\n|-heal|p1a: Swampert|287/302|[from] item: Leftovers\n|-item|p2a: Arboliva|Sitrus Berry|[from] ability: Harvest\n|upkeep\n|-enditem|p2a: Arboliva|Sitrus Berry|[eat]\n|-heal|p2a: Arboliva|166/288|[from] item: Sitrus Berry\n|turn|12\n|\n|t:|1733769213\n|move|p1a: Swampert|Flip Turn|p2a: Arboliva\n|-resisted|p2a: Arboliva\n|-damage|p2a: Arboliva|137/288\n|\n|t:|1733769217\n|switch|p1a: Espeon|Espeon, L84, M|118/246|[from] Flip Turn\n|move|p2a: Arboliva|Substitute|p2a: Arboliva\n|-start|p2a: Arboliva|Substitute\n|-damage|p2a: Arboliva|65/288\n|\n|-item|p2a: Arboliva|Sitrus Berry|[from] ability: Harvest\n|upkeep\n|-enditem|p2a: Arboliva|Sitrus Berry|[eat]\n|-heal|p2a: Arboliva|137/288|[from] item: Sitrus Berry\n|turn|13\n|\n|t:|1733769226\n|move|p1a: Espeon|Morning Sun|p1a: Espeon\n|-heal|p1a: Espeon|241/246\n|move|p2a: Arboliva|Hyper Voice|p1a: Espeon\n|-damage|p1a: Espeon|118/246\n|\n|-item|p2a: Arboliva|Sitrus Berry|[from] ability: Harvest\n|upkeep\n|-enditem|p2a: Arboliva|Sitrus Berry|[eat]\n|-heal|p2a: Arboliva|209/288|[from] item: Sitrus Berry\n|turn|14\n|\n|t:|1733769237\n|move|p1a: Espeon|Calm Mind|p1a: Espeon\n|-boost|p1a: Espeon|spa|1\n|-boost|p1a: Espeon|spd|1\n|move|p2a: Arboliva|Hyper Voice|p1a: Espeon\n|-damage|p1a: Espeon|27/246\n|\n|upkeep\n|turn|15\n|\n|t:|1733769246\n|move|p1a: Espeon|Morning Sun|p1a: Espeon\n|-heal|p1a: Espeon|150/246\n|move|p2a: Arboliva|Hyper Voice|p1a: Espeon\n|-damage|p1a: Espeon|60/246\n|\n|-item|p2a: Arboliva|Sitrus Berry|[from] ability: Harvest\n|upkeep\n|turn|16\n|\n|t:|1733769251\n|move|p1a: Espeon|Morning Sun|p1a: Espeon\n|-heal|p1a: Espeon|183/246\n|move|p2a: Arboliva|Hyper Voice|p1a: Espeon\n|-damage|p1a: Espeon|102/246\n|\n|upkeep\n|turn|17\n|\n|t:|1733769257\n|move|p1a: Espeon|Calm Mind|p1a: Espeon\n|-boost|p1a: Espeon|spa|1\n|-boost|p1a: Espeon|spd|1\n|move|p2a: Arboliva|Hyper Voice|p1a: Espeon\n|-damage|p1a: Espeon|42/246\n|\n|upkeep\n|turn|18\n|\n|t:|1733769263\n|move|p1a: Espeon|Morning Sun|p1a: Espeon\n|-heal|p1a: Espeon|165/246\n|move|p2a: Arboliva|Hyper Voice|p1a: Espeon\n|-damage|p1a: Espeon|98/246\n|\n|upkeep\n|turn|19\n|\n|t:|1733769268\n|move|p1a: Espeon|Morning Sun|p1a: Espeon\n|-heal|p1a: Espeon|221/246\n|move|p2a: Arboliva|Hyper Voice|p1a: Espeon\n|-damage|p1a: Espeon|154/246\n|\n|upkeep\n|turn|20\n|\n|t:|1733769274\n|move|p1a: Espeon|Calm Mind|p1a: Espeon\n|-boost|p1a: Espeon|spa|1\n|-boost|p1a: Espeon|spd|1\n|move|p2a: Arboliva|Hyper Voice|p1a: Espeon\n|-damage|p1a: Espeon|97/246\n|\n|upkeep\n|turn|21\n|\n|t:|1733769279\n|move|p1a: Espeon|Calm Mind|p1a: Espeon\n|-boost|p1a: Espeon|spa|1\n|-boost|p1a: Espeon|spd|1\n|move|p2a: Arboliva|Hyper Voice|p1a: Espeon\n|-damage|p1a: Espeon|52/246\n|\n|upkeep\n|turn|22\n|\n|t:|1733769284\n|move|p1a: Espeon|Morning Sun|p1a: Espeon\n|-heal|p1a: Espeon|175/246\n|move|p2a: Arboliva|Hyper Voice|p1a: Espeon\n|-damage|p1a: Espeon|133/246\n|\n|upkeep\n|turn|23\n|\n|t:|1733769289\n|move|p1a: Espeon|Calm Mind|p1a: Espeon\n|-boost|p1a: Espeon|spa|1\n|-boost|p1a: Espeon|spd|1\n|move|p2a: Arboliva|Hyper Voice|p1a: Espeon\n|-damage|p1a: Espeon|93/246\n|\n|upkeep\n|turn|24\n|\n|t:|1733769296\n|move|p1a: Espeon|Morning Sun|p1a: Espeon\n|-heal|p1a: Espeon|216/246\n|move|p2a: Arboliva|Hyper Voice|p1a: Espeon\n|-damage|p1a: Espeon|177/246\n|\n|upkeep\n|turn|25\n|\n|t:|1733769314\n|move|p1a: Espeon|Calm Mind|p1a: Espeon\n|-boost|p1a: Espeon|spa|1\n|-boost|p1a: Espeon|spd|1\n|move|p2a: Arboliva|Hyper Voice|p1a: Espeon\n|-damage|p1a: Espeon|144/246\n|\n|upkeep\n|turn|26\n|\n|t:|1733769322\n|move|p1a: Espeon|Alluring Voice|p2a: Arboliva\n|-crit|p2a: Arboliva\n|-damage|p2a: Arboliva|0 fnt\n|faint|p2a: Arboliva\n|-damage|p1a: Espeon|120/246|[from] item: Life Orb\n|\n|upkeep\n|\n|t:|1733769327\n|switch|p2a: Regieleki|Regieleki, L79|256/256\n|turn|27\n|\n|t:|1733769333\n|move|p2a: Regieleki|Explosion|p1a: Espeon\n|-damage|p1a: Espeon|0 fnt\n|faint|p2a: Regieleki\n|faint|p1a: Espeon\n|\n|upkeep\n|\n|t:|1733769341\n|switch|p2a: Kyurem|Kyurem-White, L73|303/303\n|switch|p1a: Swampert|Swampert, L83, M|287/302\n|-ability|p2a: Kyurem|Turboblaze\n|turn|28\n|\n|t:|1733769347\n|move|p2a: Kyurem|Fusion Flare|p1a: Swampert\n|-resisted|p1a: Swampert\n|-damage|p1a: Swampert|227/302\n|move|p1a: Swampert|Roar|p2a: Kyurem\n|drag|p2a: Enamorus|Enamorus, L79, F|88/247\n|\n|-heal|p1a: Swampert|245/302|[from] item: Leftovers\n|upkeep\n|turn|29\n|\n|t:|1733769359\n|move|p2a: Enamorus|Superpower|p1a: Swampert\n|-damage|p1a: Swampert|156/302\n|-boost|p2a: Enamorus|atk|1\n|-boost|p2a: Enamorus|def|1\n|move|p1a: Swampert|Flip Turn|p2a: Enamorus\n|-damage|p2a: Enamorus|33/247\n|\n|t:|1733769368\n|switch|p1a: Thundurus|Thundurus, L80, M|258/258|[from] Flip Turn\n|\n|upkeep\n|turn|30\n|\n|t:|1733769372\n|move|p1a: Thundurus|Sludge Wave|p2a: Enamorus\n|-supereffective|p2a: Enamorus\n|-damage|p2a: Enamorus|0 fnt\n|faint|p2a: Enamorus\n|\n|upkeep\n|\n|t:|1733769374\n|switch|p2a: Kyurem|Kyurem-White, L73|303/303\n|-ability|p2a: Kyurem|Turboblaze\n|turn|31\n|\n|t:|1733769379\n|move|p1a: Thundurus|Focus Blast|p2a: Kyurem\n|-supereffective|p2a: Kyurem\n|-damage|p2a: Kyurem|113/303\n|move|p2a: Kyurem|Freeze-Dry|p1a: Thundurus\n|-supereffective|p1a: Thundurus\n|-damage|p1a: Thundurus|0 fnt\n|faint|p1a: Thundurus\n|\n|upkeep\n|\n|t:|1733769392\n|switch|p1a: Bombirdier|Bombirdier, L85, M|258/258\n|turn|32\n|\n|t:|1733769397\n|switch|p2a: Arcanine|Arcanine, L84, M|288/288\n|-ability|p2a: Arcanine|Intimidate|boost\n|-unboost|p1a: Bombirdier|atk|1\n|move|p1a: Bombirdier|Brave Bird|p2a: Arcanine\n|-damage|p2a: Arcanine|192/288\n|-damage|p1a: Bombirdier|226/258|[from] Recoil\n|\n|upkeep\n|turn|33\n|\n|t:|1733769404\n|switch|p2a: Chimecho|Chimecho, L93, M|290/290\n|move|p1a: Bombirdier|Stealth Rock|p2a: Chimecho\n|-sidestart|p2: IdkButGGEitherWay|move: Stealth Rock\n|\n|upkeep\n|turn|34\n|\n|t:|1733769408\n|switch|p2a: Arcanine|Arcanine, L84, M|192/288\n|-ability|p2a: Arcanine|Intimidate|boost\n|-unboost|p1a: Bombirdier|atk|1\n|move|p1a: Bombirdier|Knock Off|p2a: Arcanine\n|-damage|p2a: Arcanine|137/288\n|-enditem|p2a: Arcanine|Heavy-Duty Boots|[from] move: Knock Off|[of] p1a: Bombirdier\n|\n|upkeep\n|turn|35\n|\n|t:|1733769423\n|switch|p1a: Orthworm|Orthworm, L88, F|150/266\n|move|p2a: Arcanine|Morning Sun|p2a: Arcanine\n|-heal|p2a: Arcanine|281/288\n|\n|upkeep\n|turn|36\n|\n|t:|1733769429\n|move|p2a: Arcanine|Flare Blitz|p1a: Orthworm\n|-supereffective|p1a: Orthworm\n|-damage|p1a: Orthworm|0 fnt\n|faint|p1a: Orthworm\n|-damage|p2a: Arcanine|231/288|[from] Recoil\n|\n|upkeep\n|\n|t:|1733769433\n|switch|p1a: Swampert|Swampert, L83, M|156/302\n|turn|37\n|\n|t:|1733769439\n|move|p2a: Arcanine|Close Combat|p1a: Swampert\n|-damage|p1a: Swampert|59/302\n|-unboost|p2a: Arcanine|def|1\n|-unboost|p2a: Arcanine|spd|1\n|move|p1a: Swampert|Knock Off|p2a: Arcanine\n|-damage|p2a: Arcanine|147/288\n|\n|-heal|p1a: Swampert|77/302|[from] item: Leftovers\n|upkeep\n|turn|38\n|\n|t:|1733769451\n|move|p2a: Arcanine|Close Combat|p1a: Swampert\n|-damage|p1a: Swampert|0 fnt\n|-unboost|p2a: Arcanine|def|1\n|-unboost|p2a: Arcanine|spd|1\n|faint|p1a: Swampert\n|\n|upkeep\n|\n|t:|1733769459\n|switch|p1a: Arceus|Arceus-Bug, L73|295/295\n|turn|39\n|\n|t:|1733769463\n|switch|p2a: Kyurem|Kyurem-White, L73|113/303\n|-damage|p2a: Kyurem|38/303|[from] Stealth Rock\n|-ability|p2a: Kyurem|Turboblaze\n|-terastallize|p1a: Arceus|Ground\n|move|p1a: Arceus|Calm Mind|p1a: Arceus\n|-boost|p1a: Arceus|spa|1\n|-boost|p1a: Arceus|spd|1\n|\n|upkeep\n|turn|40\n|\n|t:|1733769467\n|move|p1a: Arceus|Judgment|p2a: Kyurem\n|-damage|p2a: Kyurem|0 fnt\n|faint|p2a: Kyurem\n|\n|upkeep\n|\n|t:|1733769469\n|switch|p2a: Chimecho|Chimecho, L93, M|290/290\n|-damage|p2a: Chimecho|254/290|[from] Stealth Rock\n|turn|41\n|\n|t:|1733769475\n|-terastallize|p2a: Chimecho|Steel\n|move|p1a: Arceus|Judgment|p2a: Chimecho\n|-resisted|p2a: Chimecho\n|-damage|p2a: Chimecho|179/290\n|move|p2a: Chimecho|Cosmic Power|p2a: Chimecho\n|-boost|p2a: Chimecho|def|1\n|-boost|p2a: Chimecho|spd|1\n|\n|-heal|p2a: Chimecho|197/290|[from] item: Leftovers\n|upkeep\n|turn|42\n|\n|t:|1733769483\n|switch|p1a: Bombirdier|Bombirdier, L85, M|226/258\n|move|p2a: Chimecho|Cosmic Power|p2a: Chimecho\n|-boost|p2a: Chimecho|def|1\n|-boost|p2a: Chimecho|spd|1\n|\n|-heal|p2a: Chimecho|215/290|[from] item: Leftovers\n|upkeep\n|turn|43\n|c|\u2606IdkButGGEitherWay|how does ground type arceus hit levitate\n|\n|t:|1733769495\n|move|p1a: Bombirdier|Knock Off|p2a: Chimecho\n|-damage|p2a: Chimecho|164/290\n|-enditem|p2a: Chimecho|Leftovers|[from] move: Knock Off|[of] p1a: Bombirdier\n|move|p2a: Chimecho|Dazzling Gleam|p1a: Bombirdier\n|-supereffective|p1a: Bombirdier\n|-damage|p1a: Bombirdier|88/258\n|\n|upkeep\n|turn|44\n|\n|t:|1733769520\n|move|p1a: Bombirdier|Knock Off|p2a: Chimecho\n|-damage|p2a: Chimecho|127/290\n|move|p2a: Chimecho|Recover|p2a: Chimecho\n|-heal|p2a: Chimecho|272/290\n|\n|upkeep\n|turn|45\n|-message|popop19 forfeited.\n|\n|win|IdkButGGEitherWay\n|raw|popop19's rating: 1921 &rarr; <strong>1904</strong><br />(-17 for losing)\n|raw|IdkButGGEitherWay's rating: 1965 &rarr; <strong>1982</strong><br />(+17 for winning)\n|l|\u2606popop19\n|player|p1|\n", "inputlog": ">version bfd83cad13791eb5a5a409923076391caf6fb4d4\n>start {\"formatid\":\"gen9randombattle\",\"seed\":[50339,50074,33673,53062],\"rated\":\"Rated battle\"}\n>player p1 {\"name\":\"popop19\",\"avatar\":\"lucas\",\"rating\":1921,\"seed\":[17470,55867,16018,62638]}\n>player p2 {\"name\":\"IdkButGGEitherWay\",\"avatar\":\"red\",\"rating\":1965,\"seed\":[1235,9281,12006,58786]}\n>p1 switch 4\n>p2 move superpower\n>p1 switch 5\n>p2 move superpower\n>p1 move alluringvoice\n>p2 move playrough\n>p1 move alluringvoice\n>p2 switch 2\n>p1 switch 6\n>p2 move flareblitz\n>p1 move flipturn\n>p2 switch 4\n>p1 switch 3\n>p1 move judgment\n>p2 move leechseed\n>p1 move judgment\n>p2 move protect\n>chat \u2606IdkButGGEitherWay|bruh\n>p1 move judgment\n>p2 switch 4\n>p1 switch 3\n>p2 move morningsun\n>p1 move knockoff\n>p2 switch 4\n>p1 move flipturn\n>p2 move substitute\n>p1 switch 6\n>p1 move morningsun\n>p2 move hypervoice\n>p1 move calmmind\n>p2 move hypervoice\n>p1 move morningsun\n>p2 move hypervoice\n>p1 move morningsun\n>p2 move hypervoice\n>p1 move calmmind\n>p2 move hypervoice\n>p1 move morningsun\n>p2 move hypervoice\n>p1 move morningsun\n>p2 move hypervoice\n>p1 move calmmind\n>p2 move hypervoice\n>p1 move calmmind\n>p2 move hypervoice\n>p1 move morningsun\n>p2 move hypervoice\n>p1 move calmmind\n>p2 move hypervoice\n>p1 move morningsun\n>p2 move hypervoice\n>p1 move calmmind\n>p2 move hypervoice\n>p1 move alluringvoice\n>p2 move hypervoice\n>p2 switch 5\n>p1 move morningsun\n>p2 move explosion\n>p1 switch 6\n>p2 switch 6\n>p1 move roar\n>p2 move fusionflare\n>p1 move flipturn\n>p2 move superpower\n>p1 switch 2\n>p1 move sludgewave\n>p2 move playrough\n>p2 switch 2\n>p1 move focusblast\n>p2 move freezedry\n>p1 switch 4\n>p1 move bravebird\n>p2 switch 4\n>p1 move stealthrock\n>p2 switch 3\n>p1 move knockoff\n>p2 switch 3\n>p1 switch 5\n>p2 move morningsun\n>p1 move rest\n>p2 move flareblitz\n>p1 switch 2\n>p1 move knockoff\n>p2 move closecombat\n>p1 move earthquake\n>p2 move closecombat\n>p1 switch 3\n>p1 move calmmind terastallize\n>p2 switch 4\n>p1 move judgment\n>p2 move freezedry\n>p2 switch 3\n>p1 move judgment\n>p2 move cosmicpower terastallize\n>p1 switch 5\n>p2 move cosmicpower\n>chat \u2606IdkButGGEitherWay|how does ground type arceus hit levitate\n>p1 move knockoff\n>p2 move dazzlinggleam\n>p1 move knockoff\n>p2 move recover\n>forcelose p1", "uploadtime": 1733769529, "views": 11, "formatid": "gen9randombattle", "rating": 1904, "private": 0, "password": null}