{"id": "gen9randombattle-2260765636", "format": "[Gen 9] Random Battle", "players": ["dudxyz", "millward"], "log": "|j|\u2606dudxyz\n|j|\u2606millward\n|t:|1733888806\n|gametype|singles\n|player|p1|dudxyz|steven|1188\n|player|p2|millward|266|1232\n|teamsize|p1|6\n|teamsize|p2|6\n|gen|9\n|tier|[Gen 9] Random Battle\n|rated|\n|rule|Species Clause: Limit one of each Pok\u00e9mon\n|rule|HP Percentage Mod: HP is shown in percentages\n|rule|Sleep Clause Mod: Limit one foe put to sleep\n|rule|Illusion Level Mod: Illusion disguises the Pok\u00e9mon's true level\n|\n|t:|1733888806\n|start\n|switch|p1a: Fezandipiti|Fezandipiti, L82, M|278/278\n|switch|p2a: Wugtrio|Wugtrio, L91, F|212/212\n|turn|1\n|inactive|Battle timer is ON: inactive players will automatically lose when time's up. (requested by dudxyz)\n|\n|t:|1733888817\n|switch|p1a: Regieleki|Regieleki, L79|256/256\n|move|p2a: Wugtrio|Stomping Tantrum|p1a: Regieleki\n|-supereffective|p1a: Regieleki\n|-damage|p1a: Regieleki|0 fnt\n|faint|p1a: Regieleki\n|\n|upkeep\n|\n|t:|1733888834\n|switch|p1a: Fezandipiti|Fezandipiti, L82, M|278/278\n|turn|2\n|\n|t:|1733888844\n|move|p2a: Wugtrio|Stomping Tantrum|p1a: Fezandipiti\n|-supereffective|p1a: Fezandipiti\n|-damage|p1a: Fezandipiti|82/278\n|move|p1a: Fezandipiti|Beat Up|p2a: Wugtrio\n|-damage|p2a: Wugtrio|200/212\n|-damage|p2a: Wugtrio|186/212\n|-damage|p2a: Wugtrio|175/212\n|-status|p2a: Wugtrio|tox|[from] ability: Toxic Chain|[of] p1a: Fezandipiti\n|-damage|p2a: Wugtrio|158/212 tox\n|-damage|p2a: Wugtrio|144/212 tox\n|-hitcount|p2a: Wugtrio|5\n|\n|-damage|p2a: Wugtrio|131/212 tox|[from] psn\n|upkeep\n|turn|3\n|\n|t:|1733888861\n|move|p2a: Wugtrio|Stomping Tantrum|p1a: Fezandipiti\n|-supereffective|p1a: Fezandipiti\n|-damage|p1a: Fezandipiti|0 fnt\n|faint|p1a: Fezandipiti\n|\n|-damage|p2a: Wugtrio|105/212 tox|[from] psn\n|upkeep\n|\n|t:|1733888874\n|switch|p1a: Roaring Moon|Roaring Moon, L72|270/270\n|-enditem|p1a: Roaring Moon|Booster Energy\n|-activate|p1a: Roaring Moon|ability: Protosynthesis|[fromitem]\n|-start|p1a: Roaring Moon|protosynthesisatk\n|turn|4\n|\n|t:|1733888884\n|switch|p2a: Spiritomb|Spiritomb, L89, F|234/234\n|move|p1a: Roaring Moon|Dragon Dance|p1a: Roaring Moon\n|-boost|p1a: Roaring Moon|atk|1\n|-boost|p1a: Roaring Moon|spe|1\n|\n|upkeep\n|turn|5\n|\n|t:|1733888895\n|move|p1a: Roaring Moon|Dragon Dance|p1a: Roaring Moon\n|-boost|p1a: Roaring Moon|atk|1\n|-boost|p1a: Roaring Moon|spe|1\n|move|p2a: Spiritomb|Toxic|p1a: Roaring Moon\n|-status|p1a: Roaring Moon|tox\n|\n|-damage|p1a: Roaring Moon|254/270 tox|[from] psn\n|upkeep\n|turn|6\n|\n|t:|1733888900\n|move|p1a: Roaring Moon|Knock Off|p2a: Spiritomb\n|-damage|p2a: Spiritomb|9/234\n|-enditem|p2a: Spiritomb|Leftovers|[from] move: Knock Off|[of] p1a: Roaring Moon\n|move|p2a: Spiritomb|Foul Play|p1a: Roaring Moon\n|-resisted|p1a: Roaring Moon\n|-crit|p1a: Roaring Moon\n|-damage|p1a: Roaring Moon|0 fnt\n|faint|p1a: Roaring Moon\n|-end|p1a: Roaring Moon|Protosynthesis|[silent]\n|\n|upkeep\n|\n|t:|1733888902\n|switch|p1a: Sandslash|Sandslash, L88, F|275/275\n|turn|7\n|\n|t:|1733888917\n|move|p2a: Spiritomb|Sucker Punch||[still]\n|-fail|p2a: Spiritomb\n|move|p1a: Sandslash|Spikes|p2a: Spiritomb\n|-sidestart|p2: millward|Spikes\n|\n|upkeep\n|turn|8\n|\n|t:|1733888923\n|move|p1a: Sandslash|Spikes|p2a: Spiritomb\n|-sidestart|p2: millward|Spikes\n|move|p2a: Spiritomb|Poltergeist|p1a: Sandslash\n|-activate|p1a: Sandslash|move: Poltergeist|Leftovers\n|-damage|p1a: Sandslash|182/275\n|\n|-heal|p1a: Sandslash|199/275|[from] item: Leftovers\n|upkeep\n|turn|9\n|\n|t:|1733888928\n|move|p1a: Sandslash|Spikes|p2a: Spiritomb\n|-sidestart|p2: millward|Spikes\n|move|p2a: Spiritomb|Toxic|p1a: Sandslash\n|-status|p1a: Sandslash|tox\n|\n|-heal|p1a: Sandslash|216/275 tox|[from] item: Leftovers\n|-damage|p1a: Sandslash|199/275 tox|[from] psn\n|upkeep\n|turn|10\n|\n|t:|1733888936\n|move|p2a: Spiritomb|Sucker Punch||[still]\n|-fail|p2a: Spiritomb\n|move|p1a: Sandslash|Spikes||[still]\n|-fail|p1a: Sandslash\n|\n|-heal|p1a: Sandslash|216/275 tox|[from] item: Leftovers\n|-damage|p1a: Sandslash|182/275 tox|[from] psn\n|upkeep\n|turn|11\n|\n|t:|1733888951\n|move|p1a: Sandslash|Spikes||[still]\n|-fail|p1a: Sandslash\n|move|p2a: Spiritomb|Poltergeist|p1a: Sandslash\n|-activate|p1a: Sandslash|move: Poltergeist|Leftovers\n|-damage|p1a: Sandslash|83/275 tox\n|\n|-heal|p1a: Sandslash|100/275 tox|[from] item: Leftovers\n|-damage|p1a: Sandslash|49/275 tox|[from] psn\n|upkeep\n|turn|12\n|\n|t:|1733888960\n|move|p2a: Spiritomb|Sucker Punch|p1a: Sandslash\n|-damage|p1a: Sandslash|0 fnt\n|faint|p1a: Sandslash\n|\n|upkeep\n|\n|t:|1733888965\n|switch|p1a: Cobalion|Cobalion, L80|277/277\n|turn|13\n|\n|t:|1733888975\n|move|p1a: Cobalion|Calm Mind|p1a: Cobalion\n|-boost|p1a: Cobalion|spa|1\n|-boost|p1a: Cobalion|spd|1\n|move|p2a: Spiritomb|Poltergeist|p1a: Cobalion\n|-activate|p1a: Cobalion|move: Poltergeist|Leftovers\n|-damage|p1a: Cobalion|178/277\n|\n|-heal|p1a: Cobalion|195/277|[from] item: Leftovers\n|upkeep\n|turn|14\n|\n|t:|1733888984\n|move|p1a: Cobalion|Flash Cannon|p2a: Spiritomb\n|-damage|p2a: Spiritomb|0 fnt\n|faint|p2a: Spiritomb\n|\n|-heal|p1a: Cobalion|212/277|[from] item: Leftovers\n|upkeep\n|\n|t:|1733888992\n|switch|p2a: Wugtrio|Wugtrio, L91, F|105/212 tox\n|-damage|p2a: Wugtrio|52/212 tox|[from] Spikes\n|turn|15\n|\n|t:|1733888999\n|move|p2a: Wugtrio|Liquidation|p1a: Cobalion\n|-damage|p1a: Cobalion|94/277\n|move|p1a: Cobalion|Aura Sphere|p2a: Wugtrio\n|-crit|p2a: Wugtrio\n|-damage|p2a: Wugtrio|0 fnt\n|faint|p2a: Wugtrio\n|\n|-heal|p1a: Cobalion|111/277|[from] item: Leftovers\n|upkeep\n|\n|t:|1733889010\n|switch|p2a: Sandy Shocks|Sandy Shocks, L80|238/238\n|-damage|p2a: Sandy Shocks|179/238|[from] Spikes\n|turn|16\n|\n|t:|1733889029\n|move|p2a: Sandy Shocks|Focus Blast|p1a: Cobalion|[miss]\n|-miss|p2a: Sandy Shocks|p1a: Cobalion\n|move|p1a: Cobalion|Calm Mind|p1a: Cobalion\n|-boost|p1a: Cobalion|spa|1\n|-boost|p1a: Cobalion|spd|1\n|\n|-heal|p1a: Cobalion|128/277|[from] item: Leftovers\n|upkeep\n|turn|17\n|\n|t:|1733889039\n|-terastallize|p1a: Cobalion|Ghost\n|move|p2a: Sandy Shocks|Focus Blast|p1a: Cobalion\n|-immune|p1a: Cobalion\n|move|p1a: Cobalion|Aura Sphere|p2a: Sandy Shocks\n|-supereffective|p2a: Sandy Shocks\n|-damage|p2a: Sandy Shocks|0 fnt\n|replace|p2a: Zoroark|Zoroark, L84, F\n|-end|p2a: Zoroark|Illusion\n|-hint|Illusion Level Mod is active, so this Pok\u00e9mon's true level was hidden.\n|faint|p2a: Zoroark\n|\n|-heal|p1a: Cobalion|145/277|[from] item: Leftovers\n|upkeep\n|\n|t:|1733889049\n|switch|p2a: Mamoswine|Mamoswine, L81, F|311/311\n|-damage|p2a: Mamoswine|234/311|[from] Spikes\n|turn|18\n|\n|t:|1733889053\n|move|p1a: Cobalion|Aura Sphere|p2a: Mamoswine\n|-supereffective|p2a: Mamoswine\n|-damage|p2a: Mamoswine|0 fnt\n|faint|p2a: Mamoswine\n|\n|-heal|p1a: Cobalion|162/277|[from] item: Leftovers\n|upkeep\n|\n|t:|1733889057\n|switch|p2a: Comfey|Comfey, L85, F|225/225\n|-damage|p2a: Comfey|169/225|[from] Spikes\n|turn|19\n|\n|t:|1733889062\n|-terastallize|p2a: Comfey|Ground\n|move|p1a: Cobalion|Flash Cannon|p2a: Comfey\n|-damage|p2a: Comfey|57/225\n|move|p2a: Comfey|Tera Blast|p1a: Cobalion|[anim] Tera Blast Ground\n|-damage|p1a: Cobalion|111/277\n|\n|-heal|p2a: Comfey|71/225|[from] item: Leftovers\n|-heal|p1a: Cobalion|128/277|[from] item: Leftovers\n|upkeep\n|turn|20\n|\n|t:|1733889068\n|move|p2a: Comfey|Draining Kiss|p1a: Cobalion\n|-damage|p1a: Cobalion|94/277\n|-heal|p2a: Comfey|97/225|[from] drain|[of] p1a: Cobalion\n|move|p1a: Cobalion|Aura Sphere|p2a: Comfey\n|-damage|p2a: Comfey|0 fnt\n|faint|p2a: Comfey\n|\n|-heal|p1a: Cobalion|111/277|[from] item: Leftovers\n|upkeep\n|\n|t:|1733889072\n|switch|p2a: Sandy Shocks|Sandy Shocks, L80|267/267\n|-damage|p2a: Sandy Shocks|201/267|[from] Spikes\n|turn|21\n|\n|t:|1733889076\n|move|p1a: Cobalion|Aura Sphere|p2a: Sandy Shocks\n|-damage|p2a: Sandy Shocks|33/267\n|move|p2a: Sandy Shocks|Earth Power|p1a: Cobalion\n|-damage|p1a: Cobalion|47/277\n|\n|-heal|p1a: Cobalion|64/277|[from] item: Leftovers\n|-heal|p2a: Sandy Shocks|49/267|[from] item: Leftovers\n|upkeep\n|turn|22\n|-message|millward forfeited.\n|\n|win|dudxyz\n|raw|dudxyz's rating: 1161 &rarr; <strong>1191</strong><br />(+30 for winning)\n|raw|millward's rating: 1232 &rarr; <strong>1202</strong><br />(-30 for losing)\n|l|\u2606millward\n|player|p2|\n", "inputlog": ">version bfd83cad13791eb5a5a409923076391caf6fb4d4\n>start {\"formatid\":\"gen9randombattle\",\"seed\":[17060,30708,3716,22112],\"rated\":\"Rated battle\"}\n>player p1 {\"name\":\"dudxyz\",\"avatar\":\"steven\",\"rating\":1188,\"seed\":[22524,30072,13968,61313]}\n>player p2 {\"name\":\"millward\",\"avatar\":\"266\",\"rating\":1232,\"seed\":[59219,19280,18312,63749]}\n>p1 switch 5\n>p2 move stompingtantrum\n>p1 switch 5\n>p1 move beatup\n>p2 move stompingtantrum\n>p1 move beatup\n>p2 move stompingtantrum\n>p1 switch 4\n>p1 move dragondance\n>p2 switch 3\n>p1 move dragondance\n>p2 move toxic\n>p1 move knockoff\n>p2 move foulplay\n>p1 switch 2\n>p1 move spikes\n>p2 move suckerpunch\n>p1 move spikes\n>p2 move poltergeist\n>p1 move spikes\n>p2 move toxic\n>p1 move spikes\n>p2 move suckerpunch\n>p1 move spikes\n>p2 move poltergeist\n>p1 move earthquake\n>p2 move suckerpunch\n>p1 switch 6\n>p1 move calmmind\n>p2 move poltergeist\n>p1 move flashcannon\n>p2 move poltergeist\n>p2 switch 3\n>p1 move aurasphere\n>p2 move liquidation\n>p2 switch 4\n>p1 move calmmind\n>p2 move focusblast\n>p1 move aurasphere terastallize\n>p2 move focusblast\n>p2 switch 5\n>p1 move aurasphere\n>p2 move knockoff\n>p2 switch 2\n>p1 move flashcannon\n>p2 move terablast terastallize\n>p1 move aurasphere\n>p2 move drainingkiss\n>p2 switch 6\n>p1 move aurasphere\n>p2 move earthpower\n>forcelose p2", "uploadtime": 1733889090, "views": 9, "formatid": "gen9randombattle", "rating": 1191, "private": 0, "password": null}