{"id": "gen9randombattle-2254611758", "format": "[Gen 9] Random Battle", "players": ["dcenoris", "paysa"], "log": "|badge|p1|bronze|gen9randombattle|100-3\n|uhtml|medal-msg|<div class=\"broadcast-blue\">Curious what those medals under the avatar are? PS now has Ladder Seasons! For more information, check out the <a href=\"https://www.smogon.com/forums/threads/3740067/\">thread on Smogon.</a></div>\n|badge|p2|gold|gen9randombattle|3-3\n|uhtml|medal-msg|<div class=\"broadcast-blue\">Curious what those medals under the avatar are? PS now has Ladder Seasons! For more information, check out the <a href=\"https://www.smogon.com/forums/threads/3740067/\">thread on Smogon.</a></div>\n|j|\u2606dcenoris\n|j|\u2606paysa\n|t:|1733070282\n|gametype|singles\n|player|p1|dcenoris|lucas|2337\n|player|p2|paysa|266|2551\n|teamsize|p1|6\n|teamsize|p2|6\n|gen|9\n|tier|[Gen 9] Random Battle\n|rated|\n|rule|Species Clause: Limit one of each Pok\u00e9mon\n|rule|HP Percentage Mod: HP is shown in percentages\n|rule|Sleep Clause Mod: Limit one foe put to sleep\n|rule|Illusion Level Mod: Illusion disguises the Pok\u00e9mon's true level\n|\n|t:|1733070282\n|start\n|switch|p1a: Roaring Moon|Roaring Moon, L72|270/270\n|switch|p2a: Tauros|Tauros-Paldea-Blaze, L81, M|252/252\n|turn|1\n|inactive|Battle timer is ON: inactive players will automatically lose when time's up. (requested by paysa)\n|\n|t:|1733070307\n|-end|p1a: Roaring Moon|Protosynthesis|[silent]\n|switch|p1a: Reuniclus|Reuniclus, L88, M|337/337\n|move|p2a: Tauros|Close Combat|p1a: Reuniclus\n|-resisted|p1a: Reuniclus\n|-damage|p1a: Reuniclus|269/337\n|-unboost|p2a: Tauros|def|1\n|-unboost|p2a: Tauros|spd|1\n|\n|upkeep\n|turn|2\n|\n|t:|1733070316\n|switch|p2a: Spiritomb|Spiritomb, L89, F|234/234\n|move|p1a: Reuniclus|Focus Blast|p2a: Spiritomb\n|-immune|p2a: Spiritomb\n|\n|upkeep\n|turn|3\n|\n|t:|1733070323\n|switch|p1a: Umbreon|Umbreon, L84, M|297/297\n|move|p2a: Spiritomb|Will-O-Wisp|p1a: Umbreon\n|-status|p1a: Umbreon|brn\n|-activate|p1a: Umbreon|ability: Synchronize\n|-status|p2a: Spiritomb|brn\n|\n|-damage|p1a: Umbreon|279/297 brn|[from] brn\n|-damage|p2a: Spiritomb|220/234 brn|[from] brn\n|upkeep\n|turn|4\n|\n|t:|1733070344\n|move|p1a: Umbreon|Toxic||[still]\n|-fail|p1a: Umbreon\n|move|p2a: Spiritomb|Poltergeist|p1a: Umbreon\n|-activate|p1a: Umbreon|move: Poltergeist|Leftovers\n|-resisted|p1a: Umbreon\n|-damage|p1a: Umbreon|251/297 brn\n|\n|-heal|p1a: Umbreon|269/297 brn|[from] item: Leftovers\n|-heal|p2a: Spiritomb|234/234 brn|[from] item: Leftovers\n|-damage|p1a: Umbreon|251/297 brn|[from] brn\n|-damage|p2a: Spiritomb|220/234 brn|[from] brn\n|upkeep\n|turn|5\n|\n|t:|1733070348\n|move|p1a: Umbreon|Toxic||[still]\n|-fail|p1a: Umbreon\n|move|p2a: Spiritomb|Poltergeist|p1a: Umbreon\n|-activate|p1a: Umbreon|move: Poltergeist|Leftovers\n|-resisted|p1a: Umbreon\n|-damage|p1a: Umbreon|227/297 brn\n|\n|-heal|p1a: Umbreon|245/297 brn|[from] item: Leftovers\n|-heal|p2a: Spiritomb|234/234 brn|[from] item: Leftovers\n|-damage|p1a: Umbreon|227/297 brn|[from] brn\n|-damage|p2a: Spiritomb|220/234 brn|[from] brn\n|upkeep\n|turn|6\n|\n|t:|1733070353\n|move|p1a: Umbreon|Wish|p1a: Umbreon\n|move|p2a: Spiritomb|Foul Play|p1a: Umbreon\n|-resisted|p1a: Umbreon\n|-crit|p1a: Umbreon\n|-damage|p1a: Umbreon|209/297 brn\n|\n|-heal|p1a: Umbreon|227/297 brn|[from] item: Leftovers\n|-heal|p2a: Spiritomb|234/234 brn|[from] item: Leftovers\n|-damage|p1a: Umbreon|209/297 brn|[from] brn\n|-damage|p2a: Spiritomb|220/234 brn|[from] brn\n|upkeep\n|turn|7\n|\n|t:|1733070358\n|move|p1a: Umbreon|Foul Play|p2a: Spiritomb\n|-damage|p2a: Spiritomb|179/234 brn\n|move|p2a: Spiritomb|Will-O-Wisp|p1a: Umbreon\n|-fail|p1a: Umbreon|brn\n|\n|-heal|p1a: Umbreon|297/297 brn|[from] move: Wish|[wisher] Umbreon\n|-heal|p2a: Spiritomb|193/234 brn|[from] item: Leftovers\n|-damage|p1a: Umbreon|279/297 brn|[from] brn\n|-damage|p2a: Spiritomb|179/234 brn|[from] brn\n|upkeep\n|turn|8\n|\n|t:|1733070361\n|move|p1a: Umbreon|Foul Play|p2a: Spiritomb\n|-damage|p2a: Spiritomb|138/234 brn\n|move|p2a: Spiritomb|Foul Play|p1a: Umbreon\n|-resisted|p1a: Umbreon\n|-damage|p1a: Umbreon|268/297 brn\n|\n|-heal|p1a: Umbreon|286/297 brn|[from] item: Leftovers\n|-heal|p2a: Spiritomb|152/234 brn|[from] item: Leftovers\n|-damage|p1a: Umbreon|268/297 brn|[from] brn\n|-damage|p2a: Spiritomb|138/234 brn|[from] brn\n|upkeep\n|turn|9\n|\n|t:|1733070366\n|move|p1a: Umbreon|Foul Play|p2a: Spiritomb\n|-damage|p2a: Spiritomb|95/234 brn\n|move|p2a: Spiritomb|Pain Split|p1a: Umbreon\n|-sethp|p1a: Umbreon|181/297 brn|[from] move: Pain Split|[silent]\n|-sethp|p2a: Spiritomb|181/234 brn|[from] move: Pain Split\n|\n|-heal|p1a: Umbreon|199/297 brn|[from] item: Leftovers\n|-heal|p2a: Spiritomb|195/234 brn|[from] item: Leftovers\n|-damage|p1a: Umbreon|181/297 brn|[from] brn\n|-damage|p2a: Spiritomb|181/234 brn|[from] brn\n|upkeep\n|turn|10\n|\n|t:|1733070368\n|move|p1a: Umbreon|Foul Play|p2a: Spiritomb\n|-damage|p2a: Spiritomb|143/234 brn\n|move|p2a: Spiritomb|Foul Play|p1a: Umbreon\n|-resisted|p1a: Umbreon\n|-damage|p1a: Umbreon|168/297 brn\n|\n|-heal|p1a: Umbreon|186/297 brn|[from] item: Leftovers\n|-heal|p2a: Spiritomb|157/234 brn|[from] item: Leftovers\n|-damage|p1a: Umbreon|168/297 brn|[from] brn\n|-damage|p2a: Spiritomb|143/234 brn|[from] brn\n|upkeep\n|turn|11\n|\n|t:|1733070371\n|move|p1a: Umbreon|Toxic||[still]\n|-fail|p1a: Umbreon\n|move|p2a: Spiritomb|Foul Play|p1a: Umbreon\n|-resisted|p1a: Umbreon\n|-damage|p1a: Umbreon|157/297 brn\n|\n|-heal|p1a: Umbreon|175/297 brn|[from] item: Leftovers\n|-heal|p2a: Spiritomb|157/234 brn|[from] item: Leftovers\n|-damage|p1a: Umbreon|157/297 brn|[from] brn\n|-damage|p2a: Spiritomb|143/234 brn|[from] brn\n|upkeep\n|turn|12\n|\n|t:|1733070373\n|move|p1a: Umbreon|Toxic||[still]\n|-fail|p1a: Umbreon\n|move|p2a: Spiritomb|Pain Split|p1a: Umbreon\n|-sethp|p1a: Umbreon|150/297 brn|[from] move: Pain Split|[silent]\n|-sethp|p2a: Spiritomb|150/234 brn|[from] move: Pain Split\n|\n|-heal|p1a: Umbreon|168/297 brn|[from] item: Leftovers\n|-heal|p2a: Spiritomb|164/234 brn|[from] item: Leftovers\n|-damage|p1a: Umbreon|150/297 brn|[from] brn\n|-damage|p2a: Spiritomb|150/234 brn|[from] brn\n|upkeep\n|turn|13\n|\n|t:|1733070386\n|move|p1a: Umbreon|Foul Play|p2a: Spiritomb\n|-damage|p2a: Spiritomb|111/234 brn\n|move|p2a: Spiritomb|Pain Split|p1a: Umbreon\n|-sethp|p1a: Umbreon|130/297 brn|[from] move: Pain Split|[silent]\n|-sethp|p2a: Spiritomb|130/234 brn|[from] move: Pain Split\n|\n|-heal|p1a: Umbreon|148/297 brn|[from] item: Leftovers\n|-heal|p2a: Spiritomb|144/234 brn|[from] item: Leftovers\n|-damage|p1a: Umbreon|130/297 brn|[from] brn\n|-damage|p2a: Spiritomb|130/234 brn|[from] brn\n|upkeep\n|turn|14\n|\n|t:|1733070389\n|switch|p2a: Chi-Yu|Chi-Yu, L77|211/211\n|-ability|p2a: Chi-Yu|Beads of Ruin\n|move|p1a: Umbreon|Wish|p1a: Umbreon\n|\n|-heal|p1a: Umbreon|148/297 brn|[from] item: Leftovers\n|-damage|p1a: Umbreon|130/297 brn|[from] brn\n|upkeep\n|turn|15\n|\n|t:|1733070399\n|switch|p1a: Roaring Moon|Roaring Moon, L72|270/270\n|move|p2a: Chi-Yu|Flamethrower|p1a: Roaring Moon\n|-resisted|p1a: Roaring Moon\n|-damage|p1a: Roaring Moon|159/270\n|\n|-heal|p1a: Roaring Moon|270/270|[from] move: Wish|[wisher] Umbreon\n|upkeep\n|turn|16\n|inactive|paysa has 120 seconds left.\n|\n|t:|1733070434\n|switch|p2a: Clawitzer|Clawitzer, L87, M|265/265\n|move|p1a: Roaring Moon|Knock Off|p2a: Clawitzer\n|-damage|p2a: Clawitzer|114/265\n|-enditem|p2a: Clawitzer|Assault Vest|[from] move: Knock Off|[of] p1a: Roaring Moon\n|\n|upkeep\n|turn|17\n|inactive|paysa has 120 seconds left.\n|\n|t:|1733070445\n|-end|p1a: Roaring Moon|Protosynthesis|[silent]\n|switch|p1a: Jumpluff|Jumpluff, L87, M|271/271\n|move|p2a: Clawitzer|Dragon Pulse|p1a: Jumpluff\n|-damage|p1a: Jumpluff|172/271\n|\n|upkeep\n|turn|18\n|inactive|paysa has 120 seconds left.\n|inactive|paysa has 90 seconds left.\n|\n|t:|1733070494\n|move|p1a: Jumpluff|Acrobatics|p2a: Clawitzer\n|-damage|p2a: Clawitzer|33/265\n|move|p2a: Clawitzer|Dragon Pulse|p1a: Jumpluff\n|-damage|p1a: Jumpluff|73/271\n|\n|upkeep\n|turn|19\n|\n|t:|1733070499\n|switch|p2a: Pikachu|Pikachu-Sinnoh, L93, M|216/216\n|move|p1a: Jumpluff|Acrobatics|p2a: Pikachu\n|-resisted|p2a: Pikachu\n|-damage|p2a: Pikachu|157/216\n|\n|upkeep\n|turn|20\n|\n|t:|1733070503\n|move|p1a: Jumpluff|Sleep Powder|p2a: Pikachu|[miss]\n|-miss|p1a: Jumpluff|p2a: Pikachu\n|move|p2a: Pikachu|Volt Switch|p1a: Jumpluff\n|-damage|p1a: Jumpluff|0 fnt\n|faint|p1a: Jumpluff\n|inactive|paysa has 90 seconds left.\n|j| ArtistsRendition\n|\n|t:|1733070544\n|switch|p2a: Clawitzer|Clawitzer, L87, M|33/265|[from] Volt Switch\n|\n|upkeep\n|\n|t:|1733070558\n|switch|p1a: Roaring Moon|Roaring Moon, L72|270/270\n|turn|21\n|\n|t:|1733070561\n|switch|p2a: Spiritomb|Spiritomb, L89, F|130/234 brn\n|move|p1a: Roaring Moon|Knock Off|p2a: Spiritomb\n|-crit|p2a: Spiritomb\n|-damage|p2a: Spiritomb|0 fnt\n|-enditem|p2a: Spiritomb|Leftovers|[from] move: Knock Off|[of] p1a: Roaring Moon\n|faint|p2a: Spiritomb\n|\n|upkeep\n|inactive|paysa has 60 seconds left.\n|\n|t:|1733070593\n|switch|p2a: Tauros|Tauros-Paldea-Blaze, L81, M|252/252\n|turn|22\n|\n|t:|1733070602\n|-end|p1a: Roaring Moon|Protosynthesis|[silent]\n|switch|p1a: Reuniclus|Reuniclus, L88, M|269/337\n|move|p2a: Tauros|Bulk Up|p2a: Tauros\n|-boost|p2a: Tauros|atk|1\n|-boost|p2a: Tauros|def|1\n|\n|upkeep\n|turn|23\n|\n|t:|1733070614\n|move|p2a: Tauros|Substitute|p2a: Tauros\n|-start|p2a: Tauros|Substitute\n|-damage|p2a: Tauros|189/252\n|move|p1a: Reuniclus|Psyshock|p2a: Tauros\n|-supereffective|p2a: Tauros\n|-end|p2a: Tauros|Substitute\n|\n|upkeep\n|turn|24\n|\n|t:|1733070625\n|-terastallize|p2a: Tauros|Water\n|move|p2a: Tauros|Raging Bull|p1a: Reuniclus\n|-damage|p1a: Reuniclus|104/337\n|move|p1a: Reuniclus|Psyshock|p2a: Tauros\n|-damage|p2a: Tauros|94/252\n|-enditem|p2a: Tauros|Sitrus Berry|[eat]\n|-heal|p2a: Tauros|157/252|[from] item: Sitrus Berry\n|\n|upkeep\n|turn|25\n|\n|t:|1733070635\n|move|p2a: Tauros|Raging Bull|p1a: Reuniclus\n|-damage|p1a: Reuniclus|0 fnt\n|faint|p1a: Reuniclus\n|\n|-activate|p2a: Tauros|ability: Cud Chew\n|-enditem|p2a: Tauros|Sitrus Berry|[eat]\n|-heal|p2a: Tauros|220/252|[from] item: Sitrus Berry\n|upkeep\n|\n|t:|1733070637\n|switch|p1a: Pikachu|Pikachu-Kalos, L93, M|216/216\n|turn|26\n|\n|t:|1733070657\n|switch|p2a: Clawitzer|Clawitzer, L87, M|33/265\n|move|p1a: Pikachu|Volt Switch|p2a: Clawitzer\n|-supereffective|p2a: Clawitzer\n|-damage|p2a: Clawitzer|0 fnt\n|faint|p2a: Clawitzer\n|\n|t:|1733070660\n|switch|p1a: Roaring Moon|Roaring Moon, L72|270/270|[from] Volt Switch\n|\n|upkeep\n|\n|t:|1733070676\n|switch|p2a: Tauros|Tauros-Paldea-Blaze, L81, M, tera:Water|220/252\n|turn|27\n|\n|t:|1733070687\n|move|p1a: Roaring Moon|U-turn|p2a: Tauros\n|-damage|p2a: Tauros|156/252\n|\n|t:|1733070690\n|-end|p1a: Roaring Moon|Protosynthesis|[silent]\n|switch|p1a: Umbreon|Umbreon, L84, M|130/297 brn|[from] U-turn\n|move|p2a: Tauros|Close Combat|p1a: Umbreon\n|-supereffective|p1a: Umbreon\n|-damage|p1a: Umbreon|0 fnt\n|-unboost|p2a: Tauros|def|1\n|-unboost|p2a: Tauros|spd|1\n|faint|p1a: Umbreon\n|\n|upkeep\n|\n|t:|1733070691\n|switch|p1a: Pikachu|Pikachu-Kalos, L93, M|216/216\n|turn|28\n|\n|t:|1733070709\n|switch|p2a: Pikachu|Pikachu-Sinnoh, L93, M|157/216\n|move|p1a: Pikachu|Surf|p2a: Pikachu\n|-damage|p2a: Pikachu|37/216\n|\n|upkeep\n|turn|29\n|\n|t:|1733070715\n|move|p1a: Pikachu|Surf|p2a: Pikachu\n|-damage|p2a: Pikachu|0 fnt\n|faint|p2a: Pikachu\n|\n|upkeep\n|\n|t:|1733070720\n|switch|p2a: Dusknoir|Dusknoir, L89, M|225/225\n|-item|p1a: Pikachu|Light Ball|[from] ability: Frisk|[of] p2a: Dusknoir\n|turn|30\n|l| ArtistsRendition\n|\n|t:|1733070734\n|move|p1a: Pikachu|Volt Switch|p2a: Dusknoir\n|-damage|p2a: Dusknoir|144/225\n|\n|t:|1733070737\n|switch|p1a: Slaking|Slaking, L84, F|389/389|[from] Volt Switch\n|move|p2a: Dusknoir|Will-O-Wisp|p1a: Slaking\n|-status|p1a: Slaking|brn\n|\n|-heal|p2a: Dusknoir|158/225|[from] item: Leftovers\n|-damage|p1a: Slaking|365/389 brn|[from] brn\n|upkeep\n|turn|31\n|\n|t:|1733070743\n|move|p1a: Slaking|Knock Off|p2a: Dusknoir\n|-supereffective|p2a: Dusknoir\n|-damage|p2a: Dusknoir|93/225\n|-enditem|p2a: Dusknoir|Leftovers|[from] move: Knock Off|[of] p1a: Slaking\n|move|p2a: Dusknoir|Pain Split|p1a: Slaking\n|-sethp|p1a: Slaking|229/389 brn|[from] move: Pain Split|[silent]\n|-sethp|p2a: Dusknoir|225/225|[from] move: Pain Split\n|\n|-damage|p1a: Slaking|205/389 brn|[from] brn\n|upkeep\n|turn|32\n|inactive|paysa has 90 seconds left.\n|\n|t:|1733070758\n|cant|p1a: Slaking|ability: Truant\n|move|p2a: Dusknoir|Will-O-Wisp|p1a: Slaking\n|-fail|p1a: Slaking|brn\n|\n|-damage|p1a: Slaking|181/389 brn|[from] brn\n|upkeep\n|turn|33\n|inactive|paysa has 90 seconds left.\n|\n|t:|1733070764\n|switch|p2a: Tauros|Tauros-Paldea-Blaze, L81, M, tera:Water|156/252\n|move|p1a: Slaking|Knock Off|p2a: Tauros\n|-damage|p2a: Tauros|122/252\n|\n|-damage|p1a: Slaking|157/389 brn|[from] brn\n|upkeep\n|turn|34\n|j| something 123224\n|j| HaunterBoy28\n|\n|t:|1733070776\n|cant|p1a: Slaking|ability: Truant\n|move|p2a: Tauros|Substitute|p2a: Tauros\n|-start|p2a: Tauros|Substitute\n|-damage|p2a: Tauros|59/252\n|\n|-damage|p1a: Slaking|133/389 brn|[from] brn\n|upkeep\n|turn|35\n|\n|t:|1733070780\n|move|p1a: Slaking|Knock Off|p2a: Tauros\n|-activate|p2a: Tauros|move: Substitute|[damage]\n|move|p2a: Tauros|Bulk Up|p2a: Tauros\n|-boost|p2a: Tauros|atk|1\n|-boost|p2a: Tauros|def|1\n|\n|-damage|p1a: Slaking|109/389 brn|[from] brn\n|upkeep\n|turn|36\n|\n|t:|1733070785\n|cant|p1a: Slaking|ability: Truant\n|move|p2a: Tauros|Bulk Up|p2a: Tauros\n|-boost|p2a: Tauros|atk|1\n|-boost|p2a: Tauros|def|1\n|\n|-damage|p1a: Slaking|85/389 brn|[from] brn\n|upkeep\n|turn|37\n|\n|t:|1733070787\n|move|p1a: Slaking|Knock Off|p2a: Tauros\n|-activate|p2a: Tauros|move: Substitute|[damage]\n|move|p2a: Tauros|Raging Bull|p1a: Slaking\n|-damage|p1a: Slaking|0 fnt\n|faint|p1a: Slaking\n|\n|upkeep\n|l| something 123224\n|\n|t:|1733070790\n|switch|p1a: Pikachu|Pikachu-Kalos, L93, M|216/216\n|turn|38\n|\n|t:|1733070794\n|move|p1a: Pikachu|Surf|p2a: Tauros\n|-resisted|p2a: Tauros\n|-end|p2a: Tauros|Substitute\n|move|p2a: Tauros|Close Combat|p1a: Pikachu\n|-damage|p1a: Pikachu|0 fnt\n|-unboost|p2a: Tauros|def|1\n|-unboost|p2a: Tauros|spd|1\n|faint|p1a: Pikachu\n|\n|upkeep\n|\n|t:|1733070796\n|switch|p1a: Roaring Moon|Roaring Moon, L72|270/270\n|turn|39\n|\n|t:|1733070805\n|move|p1a: Roaring Moon|Outrage|p2a: Tauros\n|-damage|p2a: Tauros|0 fnt\n|faint|p2a: Tauros\n|\n|upkeep\n|\n|t:|1733070812\n|switch|p2a: Dusknoir|Dusknoir, L89, M|225/225\n|-item|p1a: Roaring Moon|Choice Band|[from] ability: Frisk|[of] p2a: Dusknoir\n|turn|40\n|\n|t:|1733070814\n|move|p1a: Roaring Moon|Outrage|p2a: Dusknoir|[from]lockedmove\n|-damage|p2a: Dusknoir|101/225\n|move|p2a: Dusknoir|Will-O-Wisp|p1a: Roaring Moon\n|-status|p1a: Roaring Moon|brn\n|\n|-damage|p1a: Roaring Moon|254/270 brn|[from] brn\n|upkeep\n|turn|41\n|\n|t:|1733070817\n|move|p1a: Roaring Moon|Outrage|p2a: Dusknoir|[from]lockedmove\n|-damage|p2a: Dusknoir|41/225\n|-start|p1a: Roaring Moon|confusion|[fatigue]\n|move|p2a: Dusknoir|Pain Split|p1a: Roaring Moon\n|-sethp|p1a: Roaring Moon|147/270 brn|[from] move: Pain Split|[silent]\n|-sethp|p2a: Dusknoir|147/225|[from] move: Pain Split\n|\n|-damage|p1a: Roaring Moon|131/270 brn|[from] brn\n|upkeep\n|turn|42\n|\n|t:|1733070820\n|-activate|p1a: Roaring Moon|confusion\n|-damage|p1a: Roaring Moon|95/270 brn|[from] confusion\n|move|p2a: Dusknoir|Earthquake|p1a: Roaring Moon\n|-damage|p1a: Roaring Moon|0 fnt\n|faint|p1a: Roaring Moon\n|-end|p1a: Roaring Moon|Protosynthesis|[silent]\n|\n|win|paysa\n|raw|dcenoris's rating: 2337 &rarr; <strong>2328</strong><br />(-9 for losing)\n|raw|paysa's rating: 2551 &rarr; <strong>2560</strong><br />(+9 for winning)\n|l|\u2606dcenoris\n|player|p1|\n", "inputlog": ">version b107d77f5c90bd6555267ae244a6264823309ead\n>start {\"formatid\":\"gen9randombattle\",\"seed\":[40317,43559,23997,58015],\"rated\":\"Rated battle\"}\n>player p1 {\"name\":\"dcenoris\",\"avatar\":\"lucas\",\"rating\":2337,\"seed\":[21916,36807,53643,21517]}\n>player p2 {\"name\":\"paysa\",\"avatar\":\"266\",\"rating\":2551,\"seed\":[8792,16766,12061,62198]}\n>p1 switch 2\n>p2 move closecombat\n>p1 move focusblast\n>p2 switch 5\n>p1 switch 3\n>p2 move willowisp\n>p1 move toxic\n>p2 move poltergeist\n>p1 move toxic\n>p2 move poltergeist\n>p1 move wish\n>p2 move foulplay\n>p1 move foulplay\n>p2 move willowisp\n>p1 move foulplay\n>p2 move foulplay\n>p1 move foulplay\n>p2 move painsplit\n>p1 move foulplay\n>p2 move foulplay\n>p1 move toxic\n>p2 move foulplay\n>p1 move toxic\n>p2 move painsplit\n>p1 move foulplay\n>p2 move painsplit\n>p1 move wish\n>p2 switch 3\n>p1 switch 2\n>p2 move flamethrower\n>p1 move knockoff\n>p2 switch 2\n>p1 switch 5\n>p2 move dragonpulse\n>p1 move acrobatics\n>p2 move dragonpulse\n>p1 move acrobatics\n>p2 switch 4\n>p1 move sleeppowder\n>p2 move voltswitch\n>p2 switch 4\n>p1 switch 5\n>p1 move knockoff\n>p2 switch 3\n>p2 switch 5\n>p1 switch 3\n>p2 move bulkup\n>p1 move psyshock\n>p2 move substitute\n>p1 move psyshock\n>p2 move ragingbull terastallize\n>p1 move psyshock\n>p2 move ragingbull\n>p1 switch 6\n>p1 move voltswitch\n>p2 switch 3\n>p1 switch 3\n>p2 switch 3\n>p1 move uturn\n>p2 move closecombat\n>p1 switch 2\n>p1 switch 3\n>p1 move surf\n>p2 switch 4\n>p1 move surf\n>p2 move knockoff\n>p2 switch 6\n>p1 move voltswitch\n>p2 move willowisp\n>p1 switch 4\n>p1 move knockoff\n>p2 move painsplit\n>p1 move knockoff\n>p2 move willowisp\n>p1 move knockoff\n>p2 switch 4\n>p1 move knockoff\n>p2 move substitute\n>p1 move knockoff\n>p2 move bulkup\n>p1 move knockoff\n>p2 move bulkup\n>p1 move knockoff\n>p2 move ragingbull\n>p1 switch 4\n>p1 move surf\n>p2 move closecombat\n>p1 switch 2\n>p1 move outrage\n>p2 move closecombat\n>p2 switch 4\n>p1 move outrage\n>p2 move willowisp\n>p1 move outrage\n>p2 move painsplit\n>p1 move outrage\n>p2 move earthquake", "uploadtime": 1733070825, "views": 14, "formatid": "gen9randombattle", "rating": 2328, "private": 0, "password": null}