{"id": "gen9randombattle-2226440832", "format": "[Gen 9] Random Battle", "players": ["velvestrade", "Jerusalem_Quds"], "log": "|badge|p1|bronze|gen9randombattle|100-3\n|uhtml|medal-msg|<div class=\"broadcast-blue\">Curious what those medals under the avatar are? PS now has Ladder Seasons! For more information, check out the <a href=\"https://www.smogon.com/forums/threads/3740067/\">thread on Smogon.</a></div>\n|badge|p2|bronze|gen9randombattle|100-3\n|uhtml|medal-msg|<div class=\"broadcast-blue\">Curious what those medals under the avatar are? PS now has Ladder Seasons! For more information, check out the <a href=\"https://www.smogon.com/forums/threads/3740067/\">thread on Smogon.</a></div>\n|j|\u2606velvestrade\n|j|\u2606Jerusalem_Quds\n|t:|1729357036\n|gametype|singles\n|player|p1|velvestrade|miku-ground|2306\n|player|p2|Jerusalem_Quds|265|2363\n|teamsize|p1|6\n|teamsize|p2|6\n|gen|9\n|tier|[Gen 9] Random Battle\n|rated|\n|rule|Species Clause: Limit one of each Pok\u00e9mon\n|rule|HP Percentage Mod: HP is shown in percentages\n|rule|Sleep Clause Mod: Limit one foe put to sleep\n|rule|Illusion Level Mod: Illusion disguises the Pok\u00e9mon's true level\n|\n|t:|1729357036\n|start\n|switch|p1a: Groudon|Groudon, L72|263/263\n|switch|p2a: Electivire|Electivire, L84, M|263/263\n|-weather|SunnyDay|[from] ability: Drought|[of] p1a: Groudon\n|turn|1\n|inactive|Battle timer is ON: inactive players will automatically lose when time's up. (requested by velvestrade)\n|\n|t:|1729357048\n|move|p2a: Electivire|Bulk Up|p2a: Electivire\n|-boost|p2a: Electivire|atk|1\n|-boost|p2a: Electivire|def|1\n|move|p1a: Groudon|Heat Crash|p2a: Electivire\n|-damage|p2a: Electivire|162/263\n|\n|-weather|SunnyDay|[upkeep]\n|upkeep\n|turn|2\n|\n|t:|1729357059\n|move|p2a: Electivire|Ice Punch|p1a: Groudon\n|-supereffective|p1a: Groudon\n|-damage|p1a: Groudon|47/263\n|-damage|p2a: Electivire|136/263|[from] item: Life Orb\n|move|p1a: Groudon|Precipice Blades|p2a: Electivire\n|-supereffective|p2a: Electivire\n|-damage|p2a: Electivire|0 fnt\n|faint|p2a: Electivire\n|\n|-weather|SunnyDay|[upkeep]\n|-heal|p1a: Groudon|63/263|[from] item: Leftovers\n|upkeep\n|\n|t:|1729357071\n|switch|p2a: Baxcalibur|Baxcalibur, L75, M|295/295\n|turn|3\n|\n|t:|1729357074\n|move|p2a: Baxcalibur|Glaive Rush|p1a: Groudon\n|-damage|p1a: Groudon|0 fnt\n|-singlemove|p2a: Baxcalibur|Glaive Rush|[silent]\n|faint|p1a: Groudon\n|\n|-weather|SunnyDay|[upkeep]\n|upkeep\n|\n|t:|1729357080\n|switch|p1a: Lokix|Lokix, L82, F|251/251\n|turn|4\n|\n|t:|1729357086\n|move|p1a: Lokix|First Impression|p2a: Baxcalibur\n|-damage|p2a: Baxcalibur|45/295\n|-damage|p1a: Lokix|226/251|[from] item: Life Orb\n|move|p2a: Baxcalibur|Glaive Rush|p1a: Lokix\n|-damage|p1a: Lokix|0 fnt\n|-singlemove|p2a: Baxcalibur|Glaive Rush|[silent]\n|faint|p1a: Lokix\n|\n|-weather|SunnyDay|[upkeep]\n|upkeep\n|j| ps mods rly suck\n|\n|t:|1729357098\n|switch|p1a: Krookodile|Krookodile, L80, M|283/283\n|-ability|p1a: Krookodile|Intimidate|boost\n|-unboost|p2a: Baxcalibur|atk|1\n|turn|5\n|\n|t:|1729357105\n|move|p1a: Krookodile|Knock Off|p2a: Baxcalibur\n|-crit|p2a: Baxcalibur\n|-damage|p2a: Baxcalibur|0 fnt\n|-enditem|p2a: Baxcalibur|Choice Band|[from] move: Knock Off|[of] p1a: Krookodile\n|faint|p2a: Baxcalibur\n|\n|-weather|none\n|upkeep\n|\n|t:|1729357106\n|switch|p2a: Lurantis|Lurantis, L87, F|264/264\n|turn|6\n|\n|t:|1729357118\n|switch|p1a: Rabsca|Rabsca, L91, M|284/284\n|move|p2a: Lurantis|Superpower|p1a: Rabsca\n|-resisted|p1a: Rabsca\n|-damage|p1a: Rabsca|262/284\n|-boost|p2a: Lurantis|atk|1\n|-boost|p2a: Lurantis|def|1\n|\n|upkeep\n|turn|7\n|\n|t:|1729357145\n|move|p1a: Rabsca|Revival Blessing|p1a: Rabsca\n|\n|t:|1729357149\n|-heal|p1: Lokix|125/251|[from] move: Revival Blessing\n|move|p2a: Lurantis|Leaf Storm|p1a: Rabsca\n|-resisted|p1a: Rabsca\n|-damage|p1a: Rabsca|211/284\n|-boost|p2a: Lurantis|spa|2\n|\n|upkeep\n|turn|8\n|\n|t:|1729357154\n|-terastallize|p2a: Lurantis|Fighting\n|move|p1a: Rabsca|Bug Buzz|p2a: Lurantis\n|-resisted|p2a: Lurantis\n|-damage|p2a: Lurantis|200/264\n|move|p2a: Lurantis|Leaf Storm|p1a: Rabsca\n|-resisted|p1a: Rabsca\n|-damage|p1a: Rabsca|106/284\n|-boost|p2a: Lurantis|spa|2\n|\n|-heal|p2a: Lurantis|216/264|[from] item: Leftovers\n|upkeep\n|turn|9\n|\n|t:|1729357158\n|move|p1a: Rabsca|Psychic|p2a: Lurantis\n|-supereffective|p2a: Lurantis\n|-damage|p2a: Lurantis|0 fnt\n|faint|p2a: Lurantis\n|\n|upkeep\n|\n|t:|1729357164\n|switch|p2a: Squawkabilly|Squawkabilly-White, L89, M|291/291\n|turn|10\n|\n|t:|1729357168\n|move|p2a: Squawkabilly|Brave Bird|p1a: Rabsca\n|-supereffective|p1a: Rabsca\n|-damage|p1a: Rabsca|0 fnt\n|faint|p1a: Rabsca\n|-damage|p2a: Squawkabilly|256/291|[from] Recoil\n|\n|upkeep\n|\n|t:|1729357177\n|switch|p1a: Zekrom|Zekrom, L71|259/259\n|-ability|p1a: Zekrom|Teravolt\n|turn|11\n|c| ps mods rly suck|some interesting plays here\n|\n|t:|1729357186\n|move|p2a: Squawkabilly|Parting Shot|p1a: Zekrom\n|-unboost|p1a: Zekrom|atk|1\n|-unboost|p1a: Zekrom|spa|1\n|\n|t:|1729357188\n|switch|p2a: Golurk|Golurk, L87|297/297|[from] Parting Shot\n|move|p1a: Zekrom|Bolt Strike|p2a: Golurk\n|-immune|p2a: Golurk\n|\n|upkeep\n|turn|12\n|\n|t:|1729357193\n|switch|p1a: Greedent|Greedent, L86, F|347/347\n|move|p2a: Golurk|Dynamic Punch|p1a: Greedent\n|-supereffective|p1a: Greedent\n|-damage|p1a: Greedent|144/347\n|-start|p1a: Greedent|confusion\n|-enditem|p1a: Greedent|Sitrus Berry|[eat]\n|-heal|p1a: Greedent|230/347|[from] item: Sitrus Berry\n|-heal|p1a: Greedent|345/347|[from] ability: Cheek Pouch\n|-damage|p2a: Golurk|268/297|[from] item: Life Orb\n|\n|upkeep\n|turn|13\n|\n|t:|1729357205\n|move|p2a: Golurk|Dynamic Punch|p1a: Greedent\n|-supereffective|p1a: Greedent\n|-damage|p1a: Greedent|124/347\n|-damage|p2a: Golurk|239/297|[from] item: Life Orb\n|-activate|p1a: Greedent|confusion\n|move|p1a: Greedent|Knock Off|p2a: Golurk\n|-supereffective|p2a: Golurk\n|-damage|p2a: Golurk|79/297\n|-enditem|p2a: Golurk|Life Orb|[from] move: Knock Off|[of] p1a: Greedent\n|\n|upkeep\n|turn|14\n|\n|t:|1729357216\n|move|p2a: Golurk|Stealth Rock|p1a: Greedent\n|-sidestart|p1: velvestrade|move: Stealth Rock\n|-activate|p1a: Greedent|confusion\n|move|p1a: Greedent|Knock Off|p2a: Golurk\n|-supereffective|p2a: Golurk\n|-damage|p2a: Golurk|0 fnt\n|faint|p2a: Golurk\n|\n|upkeep\n|\n|t:|1729357223\n|switch|p2a: Squawkabilly|Squawkabilly-White, L89, M|256/291\n|turn|15\n|\n|t:|1729357227\n|move|p2a: Squawkabilly|Brave Bird|p1a: Greedent\n|-damage|p1a: Greedent|0 fnt\n|faint|p1a: Greedent\n|-damage|p2a: Squawkabilly|215/291|[from] Recoil\n|\n|upkeep\n|\n|t:|1729357249\n|switch|p1a: Krookodile|Krookodile, L80, M|283/283\n|-damage|p1a: Krookodile|266/283|[from] Stealth Rock\n|-ability|p1a: Krookodile|Intimidate|boost\n|-unboost|p2a: Squawkabilly|atk|1\n|turn|16\n|\n|t:|1729357259\n|move|p2a: Squawkabilly|Brave Bird|p1a: Krookodile\n|-damage|p1a: Krookodile|100/283\n|-damage|p2a: Squawkabilly|160/291|[from] Recoil\n|move|p1a: Krookodile|Knock Off|p2a: Squawkabilly\n|-damage|p2a: Squawkabilly|0 fnt\n|-enditem|p2a: Squawkabilly|Heavy-Duty Boots|[from] move: Knock Off|[of] p1a: Krookodile\n|faint|p2a: Squawkabilly\n|\n|upkeep\n|\n|t:|1729357262\n|switch|p2a: Oinkologne|Oinkologne, L92, M|352/352\n|turn|17\n|\n|t:|1729357269\n|move|p1a: Krookodile|Knock Off|p2a: Oinkologne\n|-damage|p2a: Oinkologne|187/352\n|-enditem|p2a: Oinkologne|Leftovers|[from] move: Knock Off|[of] p1a: Krookodile\n|move|p2a: Oinkologne|Curse|p2a: Oinkologne\n|-unboost|p2a: Oinkologne|spe|1\n|-boost|p2a: Oinkologne|atk|1\n|-boost|p2a: Oinkologne|def|1\n|\n|upkeep\n|turn|18\n|\n|t:|1729357283\n|switch|p1a: Zekrom|Zekrom, L71|259/259\n|-damage|p1a: Zekrom|227/259|[from] Stealth Rock\n|-ability|p1a: Zekrom|Teravolt\n|move|p2a: Oinkologne|Body Slam|p1a: Zekrom\n|-damage|p1a: Zekrom|82/259\n|\n|-heal|p1a: Zekrom|98/259|[from] item: Leftovers\n|upkeep\n|turn|19\n|\n|t:|1729357292\n|move|p1a: Zekrom|Bolt Strike|p2a: Oinkologne\n|-damage|p2a: Oinkologne|85/352\n|-status|p2a: Oinkologne|par\n|cant|p2a: Oinkologne|par\n|\n|-heal|p1a: Zekrom|114/259|[from] item: Leftovers\n|upkeep\n|turn|20\n|c| ps mods rly suck|lol\n|c|\u2606Jerusalem_Quds|I lost whatever gg\n|\n|t:|1729357307\n|move|p1a: Zekrom|Bolt Strike|p2a: Oinkologne\n|-damage|p2a: Oinkologne|0 fnt\n|faint|p2a: Oinkologne\n|\n|win|velvestrade\n|raw|velvestrade's rating: 2306 &rarr; <strong>2329</strong><br />(+23 for winning)\n|raw|Jerusalem_Quds's rating: 2363 &rarr; <strong>2340</strong><br />(-23 for losing)\n|l| ps mods rly suck\n", "inputlog": ">version d967917bdbe23543122e7f76a99db1c12c9df4ac\n>start {\"formatid\":\"gen9randombattle\",\"seed\":[22989,17221,24378,11836],\"rated\":\"Rated battle\"}\n>player p1 {\"name\":\"velvestrade\",\"avatar\":\"miku-ground\",\"rating\":2306,\"seed\":[10113,1108,33665,30005]}\n>player p2 {\"name\":\"Jerusalem_Quds\",\"avatar\":\"265\",\"rating\":2363,\"seed\":[56856,39190,882,52929]}\n>p1 move heatcrash\n>p2 move bulkup\n>p1 move precipiceblades\n>p2 move icepunch\n>p2 switch 5\n>p1 move thunderwave\n>p2 move glaiverush\n>p1 switch 3\n>p1 move firstimpression\n>p2 move glaiverush\n>p1 switch 4\n>p1 move knockoff\n>p2 move glaiverush\n>p2 switch 3\n>p1 switch 2\n>p2 move superpower\n>p1 move revivalblessing\n>p2 move leafstorm\n>p1 switch 4\n>p1 move bugbuzz\n>p2 move leafstorm terastallize\n>p1 move psychic\n>p2 move leafstorm\n>p2 switch 4\n>p1 move psychic\n>p2 move bravebird\n>p1 switch 5\n>chat  ps mods rly suck|some interesting plays here\n>p1 move boltstrike\n>p2 move partingshot\n>p2 switch 2\n>p1 switch 6\n>p2 move dynamicpunch\n>p1 move knockoff\n>p2 move dynamicpunch\n>p1 move knockoff\n>p2 move stealthrock\n>p2 switch 2\n>p1 move doubleedge\n>p2 move bravebird\n>p1 switch 2\n>p1 move knockoff\n>p2 move bravebird\n>p2 switch 6\n>p1 move knockoff\n>p2 move curse\n>p1 switch 6\n>p2 move bodyslam\n>p1 move boltstrike\n>p2 move bodyslam\n>chat  ps mods rly suck|lol\n>chat \u2606Jerusalem_Quds|I lost whatever gg\n>p1 move boltstrike\n>p2 move bodyslam", "uploadtime": 1729357317, "views": 65, "formatid": "gen9randombattle", "rating": 2329, "private": 0, "password": null}