{"id": "gen9randombattle-2259933285", "format": "[Gen 9] Random Battle", "players": ["Meliiooo", "SkillAndPatience"], "log": "|j|\u2606Meliiooo\n|j|\u2606SkillAndPatience\n|t:|1733781483\n|gametype|singles\n|player|p1|Meliiooo|wallace|1311\n|player|p2|SkillAndPatience|bugcatcher-gen4dp|1272\n|teamsize|p1|6\n|teamsize|p2|6\n|gen|9\n|tier|[Gen 9] Random Battle\n|rated|\n|rule|Species Clause: Limit one of each Pok\u00e9mon\n|rule|HP Percentage Mod: HP is shown in percentages\n|rule|Sleep Clause Mod: Limit one foe put to sleep\n|rule|Illusion Level Mod: Illusion disguises the Pok\u00e9mon's true level\n|\n|t:|1733781483\n|start\n|switch|p1a: Yanmega|Yanmega, L82, M|275/275\n|switch|p2a: Victreebel|Victreebel, L90, F|290/290\n|turn|1\n|inactive|Battle timer is ON: inactive players will automatically lose when time's up. (requested by SkillAndPatience)\n|\n|t:|1733781494\n|-terastallize|p2a: Victreebel|Fire\n|move|p1a: Yanmega|Bug Buzz|p2a: Victreebel\n|-resisted|p2a: Victreebel\n|-damage|p2a: Victreebel|112/290\n|move|p2a: Victreebel|Sunny Day|p2a: Victreebel\n|-weather|SunnyDay\n|\n|-weather|SunnyDay|[upkeep]\n|upkeep\n|turn|2\n|\n|t:|1733781510\n|switch|p1a: Skeledirge|Skeledirge, L79, M|294/294\n|move|p2a: Victreebel|Weather Ball|p1a: Skeledirge\n|-resisted|p1a: Skeledirge\n|-damage|p1a: Skeledirge|147/294\n|-damage|p2a: Victreebel|83/290|[from] item: Life Orb\n|\n|-weather|SunnyDay|[upkeep]\n|upkeep\n|turn|3\n|\n|t:|1733781520\n|switch|p1a: Golduck|Golduck, L90, F|290/290\n|-ability|p1a: Golduck|Cloud Nine\n|move|p2a: Victreebel|Weather Ball|p1a: Golduck\n|-damage|p1a: Golduck|238/290\n|-damage|p2a: Victreebel|54/290|[from] item: Life Orb\n|\n|-weather|SunnyDay|[upkeep]\n|upkeep\n|turn|4\n|\n|t:|1733781533\n|move|p1a: Golduck|Ice Beam|p2a: Victreebel\n|-resisted|p2a: Victreebel\n|-damage|p2a: Victreebel|5/290\n|-damage|p1a: Golduck|209/290|[from] item: Life Orb\n|move|p2a: Victreebel|Power Whip|p1a: Golduck\n|-supereffective|p1a: Golduck\n|-damage|p1a: Golduck|0 fnt\n|faint|p1a: Golduck\n|-damage|p2a: Victreebel|0 fnt|[from] item: Life Orb\n|faint|p2a: Victreebel\n|\n|-weather|SunnyDay|[upkeep]\n|upkeep\n|\n|t:|1733781544\n|switch|p1a: Yanmega|Yanmega, L82, M|275/275\n|switch|p2a: Talonflame|Talonflame, L83, M|265/265\n|turn|5\n|\n|t:|1733781551\n|switch|p1a: Golem|Golem, L87, M|281/281\n|move|p2a: Talonflame|Brave Bird|p1a: Golem\n|-resisted|p1a: Golem\n|-damage|p1a: Golem|245/281\n|-damage|p2a: Talonflame|253/265|[from] Recoil\n|\n|-weather|none\n|upkeep\n|turn|6\n|\n|t:|1733781562\n|switch|p2a: Golduck|Golduck, L90, F|290/290\n|-ability|p2a: Golduck|Cloud Nine\n|move|p1a: Golem|Rock Polish|p1a: Golem\n|-boost|p1a: Golem|spe|2\n|\n|upkeep\n|turn|7\n|\n|t:|1733781578\n|move|p1a: Golem|Stone Edge|p2a: Golduck\n|-crit|p2a: Golduck\n|-damage|p2a: Golduck|89/290\n|move|p2a: Golduck|Hydro Pump|p1a: Golem|[miss]\n|-miss|p2a: Golduck|p1a: Golem\n|\n|upkeep\n|turn|8\n|\n|t:|1733781584\n|move|p1a: Golem|Earthquake|p2a: Golduck\n|-damage|p2a: Golduck|0 fnt\n|faint|p2a: Golduck\n|\n|upkeep\n|\n|t:|1733781587\n|switch|p2a: Cloyster|Cloyster, L80, M|211/211\n|turn|9\n|\n|t:|1733781591\n|move|p1a: Golem|Explosion|p2a: Cloyster\n|-damage|p2a: Cloyster|78/211\n|faint|p1a: Golem\n|move|p2a: Cloyster|Shell Smash|p2a: Cloyster\n|-unboost|p2a: Cloyster|def|1\n|-unboost|p2a: Cloyster|spd|1\n|-boost|p2a: Cloyster|atk|2\n|-boost|p2a: Cloyster|spa|2\n|-boost|p2a: Cloyster|spe|2\n|-enditem|p2a: Cloyster|White Herb\n|-clearnegativeboost|p2a: Cloyster|[silent]\n|\n|upkeep\n|\n|t:|1733781602\n|switch|p1a: Indeedee|Indeedee-F, L90, F|272/272\n|-fieldstart|move: Psychic Terrain|[from] ability: Psychic Surge|[of] p1a: Indeedee\n|turn|10\n|\n|t:|1733781610\n|move|p2a: Cloyster|Icicle Spear|p1a: Indeedee\n|-damage|p1a: Indeedee|217/272\n|-damage|p1a: Indeedee|163/272\n|-damage|p1a: Indeedee|106/272\n|-damage|p1a: Indeedee|45/272\n|-crit|p1a: Indeedee\n|-damage|p1a: Indeedee|0 fnt\n|faint|p1a: Indeedee\n|-hitcount|p1: Indeedee|5\n|\n|upkeep\n|\n|t:|1733781623\n|switch|p1a: Mabosstiff|Mabosstiff, L86, M|278/278\n|turn|11\n|\n|t:|1733781626\n|move|p2a: Cloyster|Icicle Spear|p1a: Mabosstiff\n|-damage|p1a: Mabosstiff|233/278\n|-damage|p1a: Mabosstiff|182/278\n|-damage|p1a: Mabosstiff|136/278\n|-damage|p1a: Mabosstiff|84/278\n|-damage|p1a: Mabosstiff|35/278\n|-hitcount|p1a: Mabosstiff|5\n|move|p1a: Mabosstiff|Wild Charge|p2a: Cloyster\n|-supereffective|p2a: Cloyster\n|-damage|p2a: Cloyster|0 fnt\n|faint|p2a: Cloyster\n|-damage|p1a: Mabosstiff|15/278|[from] Recoil\n|\n|upkeep\n|\n|t:|1733781640\n|switch|p2a: Mismagius|Mismagius, L86, M|243/243\n|turn|12\n|\n|t:|1733781644\n|switch|p1a: Skeledirge|Skeledirge, L79, M|147/294\n|move|p2a: Mismagius|Shadow Ball|p1a: Skeledirge\n|-supereffective|p1a: Skeledirge\n|-damage|p1a: Skeledirge|0 fnt\n|faint|p1a: Skeledirge\n|\n|upkeep\n|\n|t:|1733781650\n|switch|p1a: Yanmega|Yanmega, L82, M|275/275\n|turn|13\n|\n|t:|1733781658\n|move|p2a: Mismagius|Nasty Plot|p2a: Mismagius\n|-boost|p2a: Mismagius|spa|2\n|move|p1a: Yanmega|Bug Buzz|p2a: Mismagius\n|-resisted|p2a: Mismagius\n|-damage|p2a: Mismagius|123/243\n|\n|-heal|p2a: Mismagius|138/243|[from] item: Leftovers\n|upkeep\n|turn|14\n|\n|t:|1733781667\n|move|p2a: Mismagius|Shadow Ball|p1a: Yanmega\n|-damage|p1a: Yanmega|0 fnt\n|faint|p1a: Yanmega\n|\n|-heal|p2a: Mismagius|153/243|[from] item: Leftovers\n|-fieldend|move: Psychic Terrain\n|upkeep\n|\n|t:|1733781673\n|switch|p1a: Mabosstiff|Mabosstiff, L86, M|15/278\n|turn|15\n|\n|t:|1733781675\n|move|p2a: Mismagius|Shadow Ball|p1a: Mabosstiff\n|-resisted|p1a: Mabosstiff\n|-damage|p1a: Mabosstiff|0 fnt\n|faint|p1a: Mabosstiff\n|\n|win|SkillAndPatience\n|raw|Meliiooo's rating: 1311 &rarr; <strong>1289</strong><br />(-22 for losing)\n|raw|SkillAndPatience's rating: 1272 &rarr; <strong>1300</strong><br />(+28 for winning)\n|l|\u2606Meliiooo\n|player|p1|\n|c|\u2606SkillAndPatience|GG\n", "inputlog": ">version bfd83cad13791eb5a5a409923076391caf6fb4d4\n>start {\"formatid\":\"gen9randombattle\",\"seed\":[11830,11372,29501,37886],\"rated\":\"Rated battle\"}\n>player p1 {\"name\":\"Meliiooo\",\"avatar\":\"wallace\",\"rating\":1311,\"seed\":[8315,58118,21670,20266]}\n>player p2 {\"name\":\"SkillAndPatience\",\"avatar\":\"bugcatcher-gen4dp\",\"rating\":1272,\"seed\":[15724,12297,33782,9277]}\n>p1 move bugbuzz\n>p2 move sunnyday terastallize\n>p1 switch 4\n>p2 move weatherball\n>p1 switch 2\n>p2 move weatherball\n>p1 move icebeam\n>p2 move powerwhip\n>p1 switch 4\n>p2 switch 2\n>p1 switch 5\n>p2 move bravebird\n>p1 move rockpolish\n>p2 switch 6\n>p1 move stoneedge\n>p2 move hydropump\n>p1 move earthquake\n>p2 move hydropump\n>p2 switch 3\n>p1 move explosion\n>p2 move shellsmash\n>p1 switch 3\n>p1 move dazzlinggleam\n>p2 move iciclespear\n>p1 switch 6\n>p1 move wildcharge\n>p2 move iciclespear\n>p2 switch 5\n>p1 switch 2\n>p2 move shadowball\n>p1 switch 5\n>p1 move bugbuzz\n>p2 move nastyplot\n>p1 move bugbuzz\n>p2 move shadowball\n>p1 switch 2\n>p1 move crunch\n>p2 move shadowball", "uploadtime": 1733781684, "views": 2, "formatid": "gen9randombattle", "rating": 1289, "private": 0, "password": null}