{"id": "gen9randombattle-2260583049", "format": "[Gen 9] Random Battle", "players": ["katanaking90210", "theasca01"], "log": "|j|\u2606katanaking90210\n|j|\u2606theasca01\n|t:|1733865999\n|gametype|singles\n|player|p1|katanaking90210|bellelba|1861\n|player|p2|theasca01|102|1828\n|teamsize|p1|6\n|teamsize|p2|6\n|gen|9\n|tier|[Gen 9] Random Battle\n|rated|\n|rule|Species Clause: Limit one of each Pok\u00e9mon\n|rule|HP Percentage Mod: HP is shown in percentages\n|rule|Sleep Clause Mod: Limit one foe put to sleep\n|rule|Illusion Level Mod: Illusion disguises the Pok\u00e9mon's true level\n|\n|t:|1733865999\n|start\n|switch|p1a: Kleavor|Kleavor, L78, M|237/237\n|switch|p2a: Lapras|Lapras, L87, M|368/368\n|turn|1\n|inactive|Battle timer is ON: inactive players will automatically lose when time's up. (requested by theasca01)\n|\n|t:|1733866035\n|move|p1a: Kleavor|U-turn|p2a: Lapras\n|-damage|p2a: Lapras|281/368\n|\n|t:|1733866038\n|switch|p1a: Palkia|Palkia, L75|259/259|[from] U-turn\n|-ability|p1a: Palkia|Pressure\n|move|p2a: Lapras|Sparkling Aria|p1a: Palkia\n|-resisted|p1a: Palkia\n|-damage|p1a: Palkia|238/259\n|\n|upkeep\n|turn|2\n|\n|t:|1733866047\n|move|p1a: Palkia|Thunder Wave|p2a: Lapras\n|-status|p2a: Lapras|par\n|move|p2a: Lapras|Freeze-Dry|p1a: Palkia\n|-supereffective|p1a: Palkia\n|-damage|p1a: Palkia|0 fnt\n|faint|p1a: Palkia\n|\n|upkeep\n|\n|t:|1733866061\n|switch|p1a: Iron Valiant|Iron Valiant, L78|244/244\n|turn|3\n|\n|t:|1733866082\n|move|p1a: Iron Valiant|Close Combat|p2a: Lapras\n|-supereffective|p2a: Lapras\n|-damage|p2a: Lapras|0 fnt\n|-unboost|p1a: Iron Valiant|def|1\n|-unboost|p1a: Iron Valiant|spd|1\n|faint|p2a: Lapras\n|-damage|p1a: Iron Valiant|220/244|[from] item: Life Orb\n|\n|upkeep\n|\n|t:|1733866089\n|switch|p2a: Grimmsnarl|Grimmsnarl, L83, M|293/293\n|turn|4\n|\n|t:|1733866097\n|-end|p1a: Iron Valiant|Quark Drive|[silent]\n|switch|p1a: Oricorio|Oricorio, L84, F|263/263\n|move|p2a: Grimmsnarl|Spirit Break|p1a: Oricorio\n|-resisted|p1a: Oricorio\n|-damage|p1a: Oricorio|204/263\n|-unboost|p1a: Oricorio|spa|1\n|\n|upkeep\n|turn|5\n|\n|t:|1733866105\n|move|p2a: Grimmsnarl|Taunt|p1a: Oricorio\n|-start|p1a: Oricorio|move: Taunt\n|cant|p1a: Oricorio|move: Taunt|Quiver Dance\n|\n|upkeep\n|turn|6\n|\n|t:|1733866116\n|move|p2a: Grimmsnarl|Parting Shot|p1a: Oricorio\n|-unboost|p1a: Oricorio|atk|1\n|-unboost|p1a: Oricorio|spa|1\n|\n|t:|1733866138\n|switch|p2a: Kingdra|Kingdra, L84, F|263/263|[from] Parting Shot\n|move|p1a: Oricorio|Revelation Dance|p2a: Kingdra\n|-resisted|p2a: Kingdra\n|-damage|p2a: Kingdra|251/263\n|\n|upkeep\n|turn|7\n|\n|t:|1733866149\n|switch|p1a: Passimian|Passimian, L83, F|302/302\n|move|p2a: Kingdra|Dragon Dance|p2a: Kingdra\n|-boost|p2a: Kingdra|atk|1\n|-boost|p2a: Kingdra|spe|1\n|\n|upkeep\n|turn|8\n|\n|t:|1733866163\n|move|p2a: Kingdra|Wave Crash|p1a: Passimian\n|-damage|p1a: Passimian|125/302\n|-damage|p2a: Kingdra|193/263|[from] Recoil\n|move|p1a: Passimian|Knock Off|p2a: Kingdra\n|-crit|p2a: Kingdra\n|-damage|p2a: Kingdra|70/263\n|-enditem|p2a: Kingdra|Lum Berry|[from] move: Knock Off|[of] p1a: Passimian\n|\n|-heal|p1a: Passimian|143/302|[from] item: Leftovers\n|upkeep\n|turn|9\n|\n|t:|1733866188\n|move|p2a: Kingdra|Wave Crash|p1a: Passimian\n|-damage|p1a: Passimian|0 fnt\n|faint|p1a: Passimian\n|-damage|p2a: Kingdra|23/263|[from] Recoil\n|\n|upkeep\n|inactive|katanaking90210 has 120 seconds left.\n|\n|t:|1733866208\n|switch|p1a: Kleavor|Kleavor, L78, M|237/237\n|turn|10\n|\n|t:|1733866227\n|-terastallize|p2a: Kingdra|Steel\n|-terastallize|p1a: Kleavor|Fighting\n|move|p2a: Kingdra|Iron Head|p1a: Kleavor\n|-damage|p1a: Kleavor|107/237\n|move|p1a: Kleavor|Stone Axe|p2a: Kingdra\n|-resisted|p2a: Kingdra\n|-damage|p2a: Kingdra|0 fnt\n|-sidestart|p2: theasca01|move: Stealth Rock\n|faint|p2a: Kingdra\n|\n|upkeep\n|\n|t:|1733866239\n|switch|p2a: Grimmsnarl|Grimmsnarl, L83, M|293/293\n|-damage|p2a: Grimmsnarl|257/293|[from] Stealth Rock\n|turn|11\n|\n|t:|1733866257\n|move|p1a: Kleavor|Stone Axe|p2a: Grimmsnarl\n|-damage|p2a: Grimmsnarl|100/293\n|move|p2a: Grimmsnarl|Spirit Break|p1a: Kleavor\n|-supereffective|p1a: Kleavor\n|-damage|p1a: Kleavor|0 fnt\n|faint|p1a: Kleavor\n|\n|-heal|p2a: Grimmsnarl|118/293|[from] item: Leftovers\n|upkeep\n|\n|t:|1733866264\n|switch|p1a: Iron Valiant|Iron Valiant, L78|220/244\n|turn|12\n|\n|t:|1733866271\n|move|p2a: Grimmsnarl|Parting Shot|p1a: Iron Valiant\n|-unboost|p1a: Iron Valiant|atk|1\n|-unboost|p1a: Iron Valiant|spa|1\n|\n|t:|1733866275\n|switch|p2a: Delibird|Delibird, F|252/252|[from] Parting Shot\n|move|p1a: Iron Valiant|Moonblast|p2a: Delibird\n|-damage|p2a: Delibird|123/252\n|-unboost|p2a: Delibird|spa|1\n|-damage|p1a: Iron Valiant|196/244|[from] item: Life Orb\n|\n|upkeep\n|turn|13\n|\n|t:|1733866284\n|move|p2a: Delibird|Ice Shard|p1a: Iron Valiant\n|-damage|p1a: Iron Valiant|133/244\n|move|p1a: Iron Valiant|Close Combat|p2a: Delibird\n|-damage|p2a: Delibird|0 fnt\n|-unboost|p1a: Iron Valiant|def|1\n|-unboost|p1a: Iron Valiant|spd|1\n|faint|p2a: Delibird\n|-damage|p1a: Iron Valiant|109/244|[from] item: Life Orb\n|\n|upkeep\n|\n|t:|1733866293\n|switch|p2a: Grimmsnarl|Grimmsnarl, L83, M|118/293\n|-damage|p2a: Grimmsnarl|82/293|[from] Stealth Rock\n|turn|14\n|\n|t:|1733866303\n|move|p2a: Grimmsnarl|Parting Shot|p1a: Iron Valiant\n|-unboost|p1a: Iron Valiant|atk|1\n|-unboost|p1a: Iron Valiant|spa|1\n|\n|t:|1733866307\n|switch|p2a: Iron Jugulis|Iron Jugulis, L78|275/275|[from] Parting Shot\n|-damage|p2a: Iron Jugulis|207/275|[from] Stealth Rock\n|move|p1a: Iron Valiant|Moonblast|p2a: Iron Jugulis\n|-supereffective|p2a: Iron Jugulis\n|-damage|p2a: Iron Jugulis|56/275\n|-unboost|p2a: Iron Jugulis|spa|1\n|-damage|p1a: Iron Valiant|85/244|[from] item: Life Orb\n|\n|upkeep\n|turn|15\n|\n|t:|1733866317\n|move|p1a: Iron Valiant|Moonblast|p2a: Iron Jugulis\n|-supereffective|p2a: Iron Jugulis\n|-damage|p2a: Iron Jugulis|0 fnt\n|faint|p2a: Iron Jugulis\n|-end|p2a: Iron Jugulis|Quark Drive|[silent]\n|-damage|p1a: Iron Valiant|61/244|[from] item: Life Orb\n|\n|upkeep\n|\n|t:|1733866320\n|switch|p2a: Grimmsnarl|Grimmsnarl, L83, M|82/293\n|-damage|p2a: Grimmsnarl|46/293|[from] Stealth Rock\n|turn|16\n|\n|t:|1733866324\n|move|p2a: Grimmsnarl|Sucker Punch|p1a: Iron Valiant\n|-resisted|p1a: Iron Valiant\n|-damage|p1a: Iron Valiant|24/244\n|move|p1a: Iron Valiant|Moonblast|p2a: Grimmsnarl\n|-supereffective|p2a: Grimmsnarl\n|-damage|p2a: Grimmsnarl|0 fnt\n|faint|p2a: Grimmsnarl\n|-damage|p1a: Iron Valiant|0 fnt|[from] item: Life Orb\n|faint|p1a: Iron Valiant\n|-end|p1a: Iron Valiant|Quark Drive|[silent]\n|\n|upkeep\n|c|\u2606katanaking90210|that dude had a single heartbeat remaining\n|inactive|katanaking90210 has 120 seconds left.\n|\n|t:|1733866355\n|switch|p1a: Clawitzer|Clawitzer, L87, F|265/265\n|switch|p2a: Pikachu|Pikachu-Sinnoh, L93, M|216/216\n|-damage|p2a: Pikachu|189/216|[from] Stealth Rock\n|turn|17\n|c|\u2606katanaking90210|fuck\n|inactive|katanaking90210 has 120 seconds left.\n|c|\u2606theasca01|the king is here\n|c|\u2606katanaking90210|PIKACHU HAVE MERCY\n|\n|t:|1733866386\n|move|p2a: Pikachu|Fake Out|p1a: Clawitzer\n|-damage|p1a: Clawitzer|222/265\n|cant|p1a: Clawitzer|flinch\n|\n|upkeep\n|turn|18\n|c|\u2606katanaking90210|I HAVE A FAMILY\n|\n|t:|1733866402\n|move|p2a: Pikachu|Volt Tackle|p1a: Clawitzer\n|-supereffective|p1a: Clawitzer\n|-damage|p1a: Clawitzer|0 fnt\n|faint|p1a: Clawitzer\n|-damage|p2a: Pikachu|116/216|[from] Recoil\n|\n|upkeep\n|\n|t:|1733866407\n|switch|p1a: Oricorio|Oricorio, L84, F|204/263\n|turn|19\n|c|\u2606theasca01|SCREW YOUR FAMILY\n|\n|t:|1733866419\n|move|p2a: Pikachu|Surf|p1a: Oricorio\n|-supereffective|p1a: Oricorio\n|-damage|p1a: Oricorio|0 fnt\n|faint|p1a: Oricorio\n|\n|win|theasca01\n", "inputlog": ">version bfd83cad13791eb5a5a409923076391caf6fb4d4\n>start {\"formatid\":\"gen9randombattle\",\"seed\":[46248,61485,55365,55752],\"rated\":\"Rated battle\"}\n>player p1 {\"name\":\"katanaking90210\",\"avatar\":\"bellelba\",\"rating\":1861,\"seed\":[6838,10562,61981,58091]}\n>player p2 {\"name\":\"theasca01\",\"avatar\":\"102\",\"rating\":1828,\"seed\":[21317,39928,11921,3207]}\n>p1 move uturn\n>p2 move sparklingaria\n>p1 switch 3\n>p1 move thunderwave\n>p2 move freezedry\n>p1 switch 4\n>p1 move closecombat\n>p2 move sparklingaria\n>p2 switch 2\n>p1 switch 6\n>p2 move spiritbreak\n>p1 move quiverdance\n>p2 move taunt\n>p1 move revelationdance\n>p2 move partingshot\n>p2 switch 4\n>p1 switch 2\n>p2 move dragondance\n>p1 move knockoff\n>p2 move wavecrash\n>p1 move drainpunch\n>p2 move wavecrash\n>p1 switch 3\n>p1 move stoneaxe terastallize\n>p2 move ironhead terastallize\n>p2 switch 4\n>p1 move stoneaxe\n>p2 move spiritbreak\n>p1 switch 6\n>p1 move moonblast\n>p2 move partingshot\n>p2 switch 3\n>p1 move closecombat\n>p2 move iceshard\n>p2 switch 3\n>p1 move moonblast\n>p2 move partingshot\n>p2 switch 5\n>p1 move moonblast\n>p2 move meteorbeam\n>p2 switch 5\n>p1 move moonblast\n>p2 move suckerpunch\n>chat \u2606katanaking90210|that dude had a single heartbeat remaining\n>p1 switch 5\n>p2 switch 6\n>chat \u2606katanaking90210|fuck\n>chat \u2606theasca01|the king is here\n>chat \u2606katanaking90210|PIKACHU HAVE MERCY\n>p1 move waterpulse\n>p2 move fakeout\n>chat \u2606katanaking90210|I HAVE A FAMILY\n>p1 move waterpulse\n>p2 move volttackle\n>p1 switch 2\n>chat \u2606theasca01|SCREW YOUR FAMILY\n>p1 move revelationdance\n>p2 move surf", "uploadtime": 1733866408, "views": 1, "formatid": "gen9randombattle", "rating": null, "private": 0, "password": null}