{"id": "gen9randombattle-2151521757", "format": "[Gen 9] Random Battle", "players": ["utah jasmine fo", "barbell medicine"], "log": "|badge|p1|silver|gen9randombattle|30-1\n|html|<div class=\"broadcast-red\"><strong>This battle is required to be public due to one or more player having a season medal.</strong><br />During the public phase, you can discuss the state of the ladder <a href=\"/seasondiscussion\">in a special chatroom.</a></div>\n|uhtml|medal-msg|<div class=\"broadcast-blue\">Curious what those medals under the avatar are? PS now has Ladder Seasons! For more information, check out the <a href=\"https://www.smogon.com/forums/threads/3740067/\">thread on Smogon.</a></div>\n|badge|p2|silver|gen9randombattle|30-1\n|uhtml|medal-msg|<div class=\"broadcast-blue\">Curious what those medals under the avatar are? PS now has Ladder Seasons! For more information, check out the <a href=\"https://www.smogon.com/forums/threads/3740067/\">thread on Smogon.</a></div>\n|j|\u2606utah jasmine fo\n|j|\u2606barbell medicine\n|t:|1719572743\n|gametype|singles\n|player|p1|utah jasmine fo|101|2468\n|player|p2|barbell medicine|#rbtt6teammewtwo|2416\n|teamsize|p1|6\n|teamsize|p2|6\n|gen|9\n|tier|[Gen 9] Random Battle\n|rated|\n|rule|Species Clause: Limit one of each Pok\u00e9mon\n|rule|HP Percentage Mod: HP is shown in percentages\n|rule|Sleep Clause Mod: Limit one foe put to sleep\n|rule|Illusion Level Mod: Illusion disguises the Pok\u00e9mon's true level\n|\n|t:|1719572743\n|start\n|switch|p1a: Galvantula|Galvantula, L82, F|249/249\n|switch|p2a: Lokix|Lokix, L82, F|251/251\n|turn|1\n|inactive|Battle timer is ON: inactive players will automatically lose when time's up. (requested by barbell medicine)\n|inactive|barbell medicine has 120 seconds left.\n|\n|t:|1719572775\n|switch|p2a: Gliscor|Gliscor, L76, M|239/239\n|move|p1a: Galvantula|Bug Buzz|p2a: Gliscor\n|-resisted|p2a: Gliscor\n|-damage|p2a: Gliscor|181/239\n|\n|-status|p2a: Gliscor|tox|[from] item: Toxic Orb\n|upkeep\n|turn|2\n|\n|t:|1719572789\n|move|p1a: Galvantula|Sticky Web|p2a: Gliscor\n|-sidestart|p2: barbell medicine|move: Sticky Web\n|move|p2a: Gliscor|Earthquake|p1a: Galvantula\n|-damage|p1a: Galvantula|125/249\n|\n|-heal|p2a: Gliscor|210/239 tox|[from] ability: Poison Heal\n|upkeep\n|turn|3\n|\n|t:|1719572795\n|move|p1a: Galvantula|Bug Buzz|p2a: Gliscor\n|-resisted|p2a: Gliscor\n|-damage|p2a: Gliscor|154/239 tox\n|move|p2a: Gliscor|Toxic|p1a: Galvantula\n|-status|p1a: Galvantula|tox\n|\n|-damage|p1a: Galvantula|110/249 tox|[from] psn\n|-heal|p2a: Gliscor|183/239 tox|[from] ability: Poison Heal\n|upkeep\n|turn|4\n|\n|t:|1719572809\n|move|p1a: Galvantula|Bug Buzz|p2a: Gliscor\n|-resisted|p2a: Gliscor\n|-damage|p2a: Gliscor|123/239 tox\n|move|p2a: Gliscor|Substitute|p2a: Gliscor\n|-start|p2a: Gliscor|Substitute\n|-damage|p2a: Gliscor|64/239 tox\n|\n|-damage|p1a: Galvantula|80/249 tox|[from] psn\n|-heal|p2a: Gliscor|93/239 tox|[from] ability: Poison Heal\n|upkeep\n|turn|5\n|\n|t:|1719572823\n|move|p2a: Gliscor|Protect|p2a: Gliscor\n|-singleturn|p2a: Gliscor|Protect\n|move|p1a: Galvantula|Bug Buzz|p2a: Gliscor\n|-activate|p2a: Gliscor|move: Protect\n|\n|-damage|p1a: Galvantula|35/249 tox|[from] psn\n|-heal|p2a: Gliscor|122/239 tox|[from] ability: Poison Heal\n|upkeep\n|turn|6\n|\n|t:|1719572835\n|move|p2a: Gliscor|Protect|p2a: Gliscor\n|-singleturn|p2a: Gliscor|Protect\n|move|p1a: Galvantula|Bug Buzz|p2a: Gliscor\n|-activate|p2a: Gliscor|move: Protect\n|\n|-damage|p1a: Galvantula|0 fnt|[from] psn\n|faint|p1a: Galvantula\n|-heal|p2a: Gliscor|151/239 tox|[from] ability: Poison Heal\n|upkeep\n|\n|t:|1719572841\n|switch|p1a: Camerupt|Camerupt, L91, F|275/275\n|turn|7\n|\n|t:|1719572847\n|move|p2a: Gliscor|Earthquake|p1a: Camerupt\n|-supereffective|p1a: Camerupt\n|-damage|p1a: Camerupt|136/275\n|move|p1a: Camerupt|Roar|p2a: Gliscor\n|drag|p2a: Lokix|Lokix, L82, F|251/251\n|-activate|p2a: Lokix|move: Sticky Web\n|-unboost|p2a: Lokix|spe|1\n|\n|-heal|p1a: Camerupt|153/275|[from] item: Leftovers\n|upkeep\n|turn|8\n|j| OfManITaste\n|\n|t:|1719572873\n|switch|p1a: Zapdos|Zapdos-Galar, L77|265/265\n|-terastallize|p2a: Lokix|Bug\n|move|p2a: Lokix|First Impression|p1a: Zapdos\n|-resisted|p1a: Zapdos\n|-damage|p1a: Zapdos|193/265\n|\n|upkeep\n|turn|9\n|inactive|barbell medicine has 120 seconds left.\n|\n|t:|1719572897\n|move|p1a: Zapdos|Brave Bird|p2a: Lokix\n|-supereffective|p2a: Lokix\n|-damage|p2a: Lokix|0 fnt\n|faint|p2a: Lokix\n|-damage|p1a: Zapdos|110/265|[from] Recoil\n|\n|upkeep\n|\n|t:|1719572909\n|switch|p2a: Avalugg|Avalugg-Hisui, L90, M|317/317\n|turn|10\n|j|+Snaquaza \u25e2 \u25e4\n|\n|t:|1719572922\n|switch|p1a: Mienshao|Mienshao, L83, F|244/244\n|move|p2a: Avalugg|Rapid Spin|p1a: Mienshao\n|-damage|p1a: Mienshao|181/244\n|-boost|p2a: Avalugg|spe|1\n|-sideend|p2: barbell medicine|Sticky Web|[from] move: Rapid Spin|[of] p2a: Avalugg\n|\n|upkeep\n|turn|11\n|inactive|barbell medicine has 120 seconds left.\n|\n|t:|1719572947\n|move|p1a: Mienshao|U-turn|p2a: Avalugg\n|-damage|p2a: Avalugg|285/317\n|\n|t:|1719572950\n|switch|p1a: Iron Treads|Iron Treads, L77|265/265|[from] U-turn\n|move|p2a: Avalugg|Avalanche|p1a: Iron Treads\n|-damage|p1a: Iron Treads|190/265\n|\n|upkeep\n|turn|12\n|\n|t:|1719572976\n|switch|p2a: Gliscor|Gliscor, L76, M|151/239 tox\n|move|p1a: Iron Treads|Iron Head|p2a: Gliscor\n|-damage|p2a: Gliscor|87/239 tox\n|\n|-heal|p2a: Gliscor|116/239 tox|[from] ability: Poison Heal\n|upkeep\n|turn|13\n|\n|t:|1719572990\n|move|p2a: Gliscor|Protect|p2a: Gliscor\n|-singleturn|p2a: Gliscor|Protect\n|move|p1a: Iron Treads|Iron Head|p2a: Gliscor\n|-activate|p2a: Gliscor|move: Protect\n|\n|-heal|p2a: Gliscor|145/239 tox|[from] ability: Poison Heal\n|upkeep\n|turn|14\n|\n|t:|1719573001\n|move|p1a: Iron Treads|Iron Head|p2a: Gliscor\n|-damage|p2a: Gliscor|76/239 tox\n|move|p2a: Gliscor|Earthquake|p1a: Iron Treads\n|-supereffective|p1a: Iron Treads\n|-damage|p1a: Iron Treads|56/265\n|\n|-heal|p2a: Gliscor|105/239 tox|[from] ability: Poison Heal\n|upkeep\n|turn|15\n|\n|t:|1719573009\n|-end|p1a: Iron Treads|Quark Drive|[silent]\n|switch|p1a: Skeledirge|Skeledirge, L79, F|294/294\n|move|p2a: Gliscor|Protect||[still]\n|-fail|p2a: Gliscor\n|\n|-heal|p2a: Gliscor|134/239 tox|[from] ability: Poison Heal\n|upkeep\n|turn|16\n|\n|t:|1719573023\n|move|p2a: Gliscor|Protect|p2a: Gliscor\n|-singleturn|p2a: Gliscor|Protect\n|move|p1a: Skeledirge|Hex|p2a: Gliscor\n|-activate|p2a: Gliscor|move: Protect\n|\n|-heal|p2a: Gliscor|163/239 tox|[from] ability: Poison Heal\n|upkeep\n|turn|17\n|inactive|barbell medicine has 90 seconds left.\n|inactive|barbell medicine has 60 seconds left.\n|\n|t:|1719573088\n|switch|p2a: Lycanroc|Lycanroc, L86, M|269/269\n|move|p1a: Skeledirge|Hex|p2a: Lycanroc\n|-damage|p2a: Lycanroc|191/269\n|\n|upkeep\n|turn|18\n|\n|t:|1719573097\n|switch|p1a: Mienshao|Mienshao, L83, F|244/244\n|move|p2a: Lycanroc|Taunt|p1a: Mienshao\n|-start|p1a: Mienshao|move: Taunt\n|\n|upkeep\n|turn|19\n|inactive|barbell medicine has 60 seconds left.\n|\n|t:|1719573106\n|move|p2a: Lycanroc|Psychic Fangs|p1a: Mienshao\n|-supereffective|p1a: Mienshao\n|-damage|p1a: Mienshao|10/244\n|-damage|p2a: Lycanroc|165/269|[from] item: Life Orb\n|move|p1a: Mienshao|U-turn|p2a: Lycanroc\n|-damage|p2a: Lycanroc|90/269\n|\n|t:|1719573114\n|switch|p1a: Zapdos|Zapdos-Galar, L77|110/265|[from] U-turn\n|\n|upkeep\n|turn|20\n|\n|t:|1719573127\n|switch|p2a: Gliscor|Gliscor, L76, M|163/239 tox\n|move|p1a: Zapdos|U-turn|p2a: Gliscor\n|-resisted|p2a: Gliscor\n|-damage|p2a: Gliscor|141/239 tox\n|\n|t:|1719573135\n|switch|p1a: Skeledirge|Skeledirge, L79, F|294/294|[from] U-turn\n|\n|-heal|p2a: Gliscor|170/239 tox|[from] ability: Poison Heal\n|upkeep\n|turn|21\n|\n|t:|1719573164\n|move|p2a: Gliscor|Protect|p2a: Gliscor\n|-singleturn|p2a: Gliscor|Protect\n|move|p1a: Skeledirge|Torch Song|p2a: Gliscor\n|-activate|p2a: Gliscor|move: Protect\n|\n|-heal|p2a: Gliscor|199/239 tox|[from] ability: Poison Heal\n|upkeep\n|turn|22\n|\n|t:|1719573174\n|move|p2a: Gliscor|Toxic|p1a: Skeledirge\n|-status|p1a: Skeledirge|tox\n|move|p1a: Skeledirge|Hex|p2a: Gliscor\n|-damage|p2a: Gliscor|40/239 tox\n|\n|-heal|p2a: Gliscor|69/239 tox|[from] ability: Poison Heal\n|-damage|p1a: Skeledirge|276/294 tox|[from] psn\n|upkeep\n|turn|23\n|\n|t:|1719573195\n|move|p2a: Gliscor|Protect|p2a: Gliscor\n|-singleturn|p2a: Gliscor|Protect\n|move|p1a: Skeledirge|Hex|p2a: Gliscor\n|-activate|p2a: Gliscor|move: Protect\n|\n|-heal|p2a: Gliscor|98/239 tox|[from] ability: Poison Heal\n|-damage|p1a: Skeledirge|240/294 tox|[from] psn\n|upkeep\n|turn|24\n|inactive|barbell medicine has 60 seconds left.\n|\n|t:|1719573234\n|switch|p2a: Avalugg|Avalugg-Hisui, L90, M|285/317\n|move|p1a: Skeledirge|Torch Song|p2a: Avalugg\n|-damage|p2a: Avalugg|156/317\n|-boost|p1a: Skeledirge|spa|1\n|\n|-damage|p1a: Skeledirge|186/294 tox|[from] psn\n|upkeep\n|turn|25\n|\n|t:|1719573249\n|move|p1a: Skeledirge|Torch Song|p2a: Avalugg\n|-damage|p2a: Avalugg|0 fnt\n|-boost|p1a: Skeledirge|spa|1\n|faint|p2a: Avalugg\n|\n|-damage|p1a: Skeledirge|114/294 tox|[from] psn\n|upkeep\n|\n|t:|1719573261\n|switch|p2a: Gliscor|Gliscor, L76, M|98/239 tox\n|turn|26\n|\n|t:|1719573276\n|switch|p1a: Zapdos|Zapdos-Galar, L77|110/265\n|move|p2a: Gliscor|Earthquake|p1a: Zapdos\n|-immune|p1a: Zapdos\n|\n|-heal|p2a: Gliscor|127/239 tox|[from] ability: Poison Heal\n|upkeep\n|turn|27\n|\n|t:|1719573285\n|move|p2a: Gliscor|Protect|p2a: Gliscor\n|-singleturn|p2a: Gliscor|Protect\n|move|p1a: Zapdos|Brave Bird|p2a: Gliscor\n|-activate|p2a: Gliscor|move: Protect\n|\n|-heal|p2a: Gliscor|156/239 tox|[from] ability: Poison Heal\n|upkeep\n|turn|28\n|\n|t:|1719573293\n|move|p1a: Zapdos|Brave Bird|p2a: Gliscor\n|-damage|p2a: Gliscor|42/239 tox\n|-damage|p1a: Zapdos|72/265|[from] Recoil\n|move|p2a: Gliscor|Toxic|p1a: Zapdos\n|-status|p1a: Zapdos|tox\n|\n|-damage|p1a: Zapdos|56/265 tox|[from] psn\n|-heal|p2a: Gliscor|71/239 tox|[from] ability: Poison Heal\n|upkeep\n|turn|29\n|\n|t:|1719573310\n|move|p2a: Gliscor|Protect|p2a: Gliscor\n|-singleturn|p2a: Gliscor|Protect\n|move|p1a: Zapdos|Brave Bird|p2a: Gliscor\n|-activate|p2a: Gliscor|move: Protect\n|\n|-damage|p1a: Zapdos|24/265 tox|[from] psn\n|-heal|p2a: Gliscor|100/239 tox|[from] ability: Poison Heal\n|upkeep\n|turn|30\n|\n|t:|1719573333\n|switch|p2a: Greedent|Greedent, L86, F|347/347\n|move|p1a: Zapdos|Brave Bird|p2a: Greedent\n|-damage|p2a: Greedent|232/347\n|-damage|p1a: Zapdos|0 fnt|[from] Recoil\n|faint|p1a: Zapdos\n|\n|upkeep\n|\n|t:|1719573339\n|switch|p1a: Mienshao|Mienshao, L83, F|91/244\n|turn|31\n|\n|t:|1719573358\n|move|p1a: Mienshao|Close Combat|p2a: Greedent\n|-supereffective|p2a: Greedent\n|-damage|p2a: Greedent|0 fnt\n|-unboost|p1a: Mienshao|def|1\n|-unboost|p1a: Mienshao|spd|1\n|faint|p2a: Greedent\n|\n|upkeep\n|inactive|barbell medicine has 30 seconds left.\n|\n|t:|1719573373\n|switch|p2a: Gliscor|Gliscor, L76, M|100/239 tox\n|turn|32\n|inactive|barbell medicine has 30 seconds left.\n|\n|t:|1719573392\n|switch|p1a: Camerupt|Camerupt, L91, F|153/275\n|move|p2a: Gliscor|Earthquake|p1a: Camerupt\n|-supereffective|p1a: Camerupt\n|-damage|p1a: Camerupt|0 fnt\n|faint|p1a: Camerupt\n|\n|-heal|p2a: Gliscor|129/239 tox|[from] ability: Poison Heal\n|upkeep\n|\n|t:|1719573402\n|switch|p1a: Skeledirge|Skeledirge, L79, F|114/294 tox\n|turn|33\n|inactive|barbell medicine has 30 seconds left.\n|\n|t:|1719573426\n|-terastallize|p1a: Skeledirge|Water\n|move|p2a: Gliscor|Substitute|p2a: Gliscor\n|-start|p2a: Gliscor|Substitute\n|-damage|p2a: Gliscor|70/239 tox\n|move|p1a: Skeledirge|Slack Off|p1a: Skeledirge\n|-heal|p1a: Skeledirge|261/294 tox\n|\n|-heal|p2a: Gliscor|99/239 tox|[from] ability: Poison Heal\n|-damage|p1a: Skeledirge|243/294 tox|[from] psn\n|upkeep\n|turn|34\n|inactive|barbell medicine has 30 seconds left.\n|\n|t:|1719573438\n|move|p2a: Gliscor|Protect|p2a: Gliscor\n|-singleturn|p2a: Gliscor|Protect\n|move|p1a: Skeledirge|Slack Off|p1a: Skeledirge\n|-heal|p1a: Skeledirge|294/294 tox\n|\n|-heal|p2a: Gliscor|128/239 tox|[from] ability: Poison Heal\n|-damage|p1a: Skeledirge|258/294 tox|[from] psn\n|upkeep\n|turn|35\n|inactive|barbell medicine has 30 seconds left.\n|\n|t:|1719573454\n|move|p2a: Gliscor|Earthquake|p1a: Skeledirge\n|-damage|p1a: Skeledirge|171/294 tox\n|move|p1a: Skeledirge|Torch Song|p2a: Gliscor\n|-crit|p2a: Gliscor\n|-damage|p2a: Gliscor|0 fnt\n|-boost|p1a: Skeledirge|spa|1\n|faint|p2a: Gliscor\n|\n|-damage|p1a: Skeledirge|117/294 tox|[from] psn\n|upkeep\n|inactive|barbell medicine has 30 seconds left this turn.\n|inactive|barbell medicine has 20 seconds left.\n|inactive|barbell medicine has 15 seconds left.\n|inactive|barbell medicine has 10 seconds left.\n|\n|t:|1719573476\n|switch|p2a: Mienshao|Mienshao, L83, M|243/243\n|turn|36\n|inactive|barbell medicine has 20 seconds left this turn.\n|inactive|barbell medicine has 15 seconds left.\n|\n|t:|1719573485\n|switch|p1a: Iron Treads|Iron Treads, L77|56/265\n|move|p2a: Mienshao|High Jump Kick|p1a: Iron Treads\n|-supereffective|p1a: Iron Treads\n|-crit|p1a: Iron Treads\n|-damage|p1a: Iron Treads|0 fnt\n|faint|p1a: Iron Treads\n|-end|p1a: Iron Treads|Quark Drive|[silent]\n|\n|upkeep\n|inactive|barbell medicine has 20 seconds left this turn.\n|\n|t:|1719573491\n|switch|p1a: Mienshao|Mienshao, L83, F|172/244\n|turn|37\n|inactive|barbell medicine has 30 seconds left this turn.\n|inactive|barbell medicine has 20 seconds left.\n|inactive|barbell medicine has 15 seconds left.\n|\n|t:|1719573508\n|switch|p2a: Lycanroc|Lycanroc, L86, M|90/269\n|move|p1a: Mienshao|Fake Out|p2a: Lycanroc\n|-resisted|p2a: Lycanroc\n|-damage|p2a: Lycanroc|70/269\n|\n|upkeep\n|turn|38\n|inactive|barbell medicine has 25 seconds left this turn.\n|inactive|barbell medicine has 20 seconds left.\n|inactive|barbell medicine has 15 seconds left.\n|inactive|barbell medicine has 10 seconds left.\n|\n|t:|1719573525\n|switch|p1a: Skeledirge|Skeledirge, L79, F, tera:Water|117/294 tox\n|move|p2a: Lycanroc|Close Combat|p1a: Skeledirge\n|-damage|p1a: Skeledirge|0 fnt\n|-unboost|p2a: Lycanroc|def|1\n|-unboost|p2a: Lycanroc|spd|1\n|faint|p1a: Skeledirge\n|-damage|p2a: Lycanroc|44/269|[from] item: Life Orb\n|\n|upkeep\n|inactive|barbell medicine has 15 seconds left this turn.\n|\n|t:|1719573535\n|switch|p1a: Mienshao|Mienshao, L83, F|244/244\n|turn|39\n|inactive|barbell medicine has 25 seconds left this turn.\n|inactive|barbell medicine has 20 seconds left.\n|\n|t:|1719573545\n|move|p1a: Mienshao|Fake Out|p2a: Lycanroc\n|-resisted|p2a: Lycanroc\n|-damage|p2a: Lycanroc|13/269\n|cant|p2a: Lycanroc|flinch\n|\n|upkeep\n|turn|40\n|inactive|barbell medicine has 30 seconds left this turn.\n|\n|t:|1719573549\n|move|p2a: Lycanroc|Psychic Fangs|p1a: Mienshao\n|-supereffective|p1a: Mienshao\n|-damage|p1a: Mienshao|0 fnt\n|faint|p1a: Mienshao\n|-damage|p2a: Lycanroc|0 fnt|[from] item: Life Orb\n|faint|p2a: Lycanroc\n|\n|win|barbell medicine\n|raw|utah jasmine fo's rating: 2468 &rarr; <strong>2445</strong><br />(-23 for losing)\n|raw|barbell medicine's rating: 2416 &rarr; <strong>2439</strong><br />(+23 for winning)\n|l|\u2606utah jasmine fo\n|player|p1|\n|l| OfManITaste\n|c|\u2606barbell medicine|with you, from bench to bedside\n|l|\u2606barbell medicine\n|player|p2|\n|j|\u2606barbell medicine\n|player|p2|barbell medicine|#rbtt6teammewtwo|\n", "inputlog": ">version 021bb6b4147d783a3aa9da22896c4e1e173f1b61\n>start {\"formatid\":\"gen9randombattle\",\"seed\":[9831,58819,4806,50962],\"rated\":\"Rated battle\"}\n>player p1 {\"name\":\"utah jasmine fo\",\"avatar\":\"101\",\"rating\":2468,\"seed\":[40861,17395,46252,50619]}\n>player p2 {\"name\":\"barbell medicine\",\"avatar\":\"#rbtt6teammewtwo\",\"rating\":2416,\"seed\":[43055,8396,41470,53704]}\n>p1 move bugbuzz\n>p2 switch 6\n>p1 move stickyweb\n>p2 move earthquake\n>p1 move bugbuzz\n>p2 move toxic\n>p1 move bugbuzz\n>p2 move substitute\n>p1 move bugbuzz\n>p2 move protect\n>p1 move bugbuzz\n>p2 move protect\n>p1 switch 5\n>p1 move roar\n>p2 move earthquake\n>p1 switch 4\n>p2 move firstimpression terastallize\n>p1 move bravebird\n>p2 move knockoff\n>p2 switch 4\n>p1 switch 3\n>p2 move rapidspin\n>p1 move uturn\n>p2 move avalanche\n>p1 switch 6\n>p1 move ironhead\n>p2 switch 6\n>p1 move ironhead\n>p2 move protect\n>p1 move ironhead\n>p2 move earthquake\n>p1 switch 2\n>p2 move protect\n>p1 move hex\n>p2 move protect\n>p1 move hex\n>p2 switch 5\n>p1 switch 6\n>p2 move taunt\n>p1 move uturn\n>p2 move psychicfangs\n>p1 switch 3\n>p1 move uturn\n>p2 switch 5\n>p1 switch 6\n>p1 move torchsong\n>p2 move protect\n>p1 move hex\n>p2 move toxic\n>p1 move hex\n>p2 move protect\n>p1 move torchsong\n>p2 switch 6\n>p1 move torchsong\n>p2 move recover\n>p2 switch 6\n>p1 switch 6\n>p2 move earthquake\n>p1 move bravebird\n>p2 move protect\n>p1 move bravebird\n>p2 move toxic\n>p1 move bravebird\n>p2 move protect\n>p1 move bravebird\n>p2 switch 2\n>p1 switch 3\n>p1 move closecombat\n>p2 move earthquake\n>p2 switch 2\n>p1 switch 4\n>p2 move earthquake\n>p1 switch 6\n>p1 move slackoff terastallize\n>p2 move substitute\n>p1 move slackoff\n>p2 move protect\n>p1 move torchsong\n>p2 move earthquake\n>p2 switch 3\n>p1 switch 2\n>p2 move highjumpkick\n>p1 switch 4\n>p1 move fakeout\n>p2 switch 5\n>p1 switch 2\n>p2 move closecombat\n>p1 switch 2\n>p1 move fakeout\n>p2 move psychicfangs\n>p1 move uturn\n>p2 move psychicfangs", "uploadtime": 1719573686, "views": 210, "formatid": "gen9randombattle", "rating": 2439, "private": 0, "password": null}