{"id": "gen9randombattle-2260878355", "format": "[Gen 9] Random Battle", "players": ["xnevvyplx", "Boublibla"], "log": "|j|\u2606xnevvyplx\n|j|\u2606Boublibla\n|t:|1733909428\n|gametype|singles\n|player|p1|xnevvyplx|backersf|1052\n|player|p2|Boublibla|170|1062\n|teamsize|p1|6\n|teamsize|p2|6\n|gen|9\n|tier|[Gen 9] Random Battle\n|rated|\n|rule|Species Clause: Limit one of each Pok\u00e9mon\n|rule|HP Percentage Mod: HP is shown in percentages\n|rule|Sleep Clause Mod: Limit one foe put to sleep\n|rule|Illusion Level Mod: Illusion disguises the Pok\u00e9mon's true level\n|\n|t:|1733909428\n|start\n|switch|p1a: Cresselia|Cresselia, L80, F|323/323\n|switch|p2a: Mudsdale|Mudsdale, L84, M|305/305\n|turn|1\n|inactive|Battle timer is ON: inactive players will automatically lose when time's up. (requested by xnevvyplx)\n|\n|t:|1733909445\n|switch|p1a: Delibird|Delibird, M|252/252\n|move|p2a: Mudsdale|Heavy Slam|p1a: Delibird\n|-supereffective|p1a: Delibird\n|-damage|p1a: Delibird|0 fnt\n|faint|p1a: Delibird\n|\n|upkeep\n|\n|t:|1733909467\n|switch|p1a: Exeggutor|Exeggutor-Alola, L89, M|314/314\n|turn|2\n|\n|t:|1733909473\n|switch|p2a: Toucannon|Toucannon, L88, M|284/284\n|move|p1a: Exeggutor|Wood Hammer|p2a: Toucannon\n|-resisted|p2a: Toucannon\n|-damage|p2a: Toucannon|202/284\n|-damage|p1a: Exeggutor|287/314|[from] Recoil\n|\n|upkeep\n|turn|3\n|\n|t:|1733909485\n|-singleturn|p2a: Toucannon|move: Beak Blast\n|move|p1a: Exeggutor|Draco Meteor|p2a: Toucannon\n|-damage|p2a: Toucannon|1/284\n|-unboost|p1a: Exeggutor|spa|2\n|move|p2a: Toucannon|Beak Blast|p1a: Exeggutor\n|-supereffective|p1a: Exeggutor\n|-damage|p1a: Exeggutor|15/314\n|-enditem|p1a: Exeggutor|Sitrus Berry|[eat]\n|-heal|p1a: Exeggutor|93/314|[from] item: Sitrus Berry\n|\n|upkeep\n|turn|4\n|\n|t:|1733909498\n|switch|p1a: Gengar|Gengar, L81, F|230/230\n|move|p2a: Toucannon|Boomburst|p1a: Gengar\n|-immune|p1a: Gengar\n|\n|upkeep\n|turn|5\n|\n|t:|1733909510\n|move|p1a: Gengar|Sludge Wave|p2a: Toucannon\n|-damage|p2a: Toucannon|0 fnt\n|faint|p2a: Toucannon\n|-damage|p1a: Gengar|207/230|[from] item: Life Orb\n|\n|upkeep\n|\n|t:|1733909519\n|switch|p2a: Urshifu|Urshifu, L74, M|270/270\n|turn|6\n|inactive|xnevvyplx has 120 seconds left.\n|\n|t:|1733909569\n|move|p1a: Gengar|Will-O-Wisp|p2a: Urshifu\n|-status|p2a: Urshifu|brn\n|move|p2a: Urshifu|Wicked Blow|p1a: Gengar\n|-supereffective|p1a: Gengar\n|-crit|p1a: Gengar\n|-damage|p1a: Gengar|0 fnt\n|-start|p2a: Urshifu|Disable|Wicked Blow|[from] ability: Cursed Body|[of] p1a: Gengar\n|faint|p1a: Gengar\n|\n|-damage|p2a: Urshifu|254/270 brn|[from] brn\n|upkeep\n|\n|t:|1733909581\n|switch|p1a: Exeggutor|Exeggutor-Alola, L89, M|93/314\n|turn|7\n|\n|t:|1733909590\n|switch|p2a: Leavanny|Leavanny, L86, M|269/269\n|move|p1a: Exeggutor|Wood Hammer|p2a: Leavanny\n|-resisted|p2a: Leavanny\n|-damage|p2a: Leavanny|230/269\n|-damage|p1a: Exeggutor|80/314|[from] Recoil\n|\n|-item|p1a: Exeggutor|Sitrus Berry|[from] ability: Harvest\n|upkeep\n|-enditem|p1a: Exeggutor|Sitrus Berry|[eat]\n|-heal|p1a: Exeggutor|158/314|[from] item: Sitrus Berry\n|turn|8\n|inactive|xnevvyplx has 90 seconds left.\n|\n|t:|1733909631\n|move|p2a: Leavanny|Lunge|p1a: Exeggutor\n|-supereffective|p1a: Exeggutor\n|-damage|p1a: Exeggutor|0 fnt\n|faint|p1a: Exeggutor\n|\n|upkeep\n|\n|t:|1733909635\n|switch|p1a: Skeledirge|Skeledirge, L79, F|294/294\n|turn|9\n|\n|t:|1733909639\n|switch|p2a: Veluza|Veluza, L85, F|292/292\n|move|p1a: Skeledirge|Torch Song|p2a: Veluza\n|-resisted|p2a: Veluza\n|-damage|p2a: Veluza|240/292\n|-boost|p1a: Skeledirge|spa|1\n|\n|upkeep\n|turn|10\n|inactive|xnevvyplx has 90 seconds left.\n|\n|t:|1733909676\n|-terastallize|p1a: Skeledirge|Water\n|move|p2a: Veluza|Aqua Cutter|p1a: Skeledirge\n|-resisted|p1a: Skeledirge\n|-damage|p1a: Skeledirge|237/294\n|move|p1a: Skeledirge|Will-O-Wisp|p2a: Veluza\n|-status|p2a: Veluza|brn\n|\n|-damage|p2a: Veluza|222/292 brn|[from] brn\n|upkeep\n|turn|11\n|j| Oochillyo\n|l|\u2606Boublibla\n|inactive|Boublibla disconnected and has a minute to reconnect!\n|player|p2|\n|inactive|Boublibla has 30 seconds to reconnect!\n|inactive|Boublibla has 20 seconds to reconnect!\n|inactive|Boublibla has 15 seconds to reconnect!\n|inactive|Boublibla has 10 seconds to reconnect!\n|inactive|Boublibla has 5 seconds to reconnect!\n|-message|Boublibla lost due to inactivity.\n|\n|win|xnevvyplx\n|raw|xnevvyplx's rating: 1052 &rarr; <strong>1085</strong><br />(+33 for winning)\n|raw|Boublibla's rating: 1062 &rarr; <strong>1042</strong><br />(-20 for losing)\n|l|\u2606xnevvyplx\n|player|p1|\n", "inputlog": ">version bfd83cad13791eb5a5a409923076391caf6fb4d4\n>start {\"formatid\":\"gen9randombattle\",\"seed\":[47993,45491,28213,59476],\"rated\":\"Rated battle\"}\n>player p1 {\"name\":\"xnevvyplx\",\"avatar\":\"backersf\",\"rating\":1052,\"seed\":[62759,23075,50123,57258]}\n>player p2 {\"name\":\"Boublibla\",\"avatar\":\"170\",\"rating\":1062,\"seed\":[42169,51686,24794,4593]}\n>p1 switch 4\n>p2 move heavyslam\n>p1 switch 5\n>p1 move woodhammer\n>p2 switch 2\n>p1 move dracometeor\n>p2 move beakblast\n>p1 switch 6\n>p2 move boomburst\n>p1 move sludgewave\n>p2 move uturn\n>p2 switch 4\n>p1 move willowisp\n>p2 move wickedblow\n>p1 switch 6\n>p1 move woodhammer\n>p2 switch 3\n>p1 move flamethrower\n>p2 move lunge\n>p1 switch 3\n>p1 move torchsong\n>p2 switch 5\n>p1 move willowisp terastallize\n>p2 move aquacutter\n>forcelose p2", "uploadtime": 1733909754, "views": 2, "formatid": "gen9randombattle", "rating": 1042, "private": 0, "password": null}