{"id": "gen9randombattle-2260296655", "format": "[Gen 9] Random Battle", "players": ["pro_simulator_", "TheTusks"], "log": "|j|\u2606pro_simulator_\n|j|\u2606TheTusks\n|t:|1733836643\n|gametype|singles\n|player|p1|pro_simulator_|koga|1196\n|player|p2|TheTusks|266|1224\n|teamsize|p1|6\n|teamsize|p2|6\n|gen|9\n|tier|[Gen 9] Random Battle\n|rated|\n|rule|Species Clause: Limit one of each Pok\u00e9mon\n|rule|HP Percentage Mod: HP is shown in percentages\n|rule|Sleep Clause Mod: Limit one foe put to sleep\n|rule|Illusion Level Mod: Illusion disguises the Pok\u00e9mon's true level\n|\n|t:|1733836643\n|start\n|switch|p1a: Rotom|Rotom-Mow, L86|226/226\n|switch|p2a: Flamigo|Flamigo, L82, F|269/269\n|turn|1\n|inactive|Battle timer is ON: inactive players will automatically lose when time's up. (requested by TheTusks)\n|inactive|pro_simulator_ also wants the timer to be on.\n|\n|t:|1733836665\n|move|p1a: Rotom|Will-O-Wisp|p2a: Flamigo\n|-status|p2a: Flamigo|brn\n|move|p2a: Flamigo|Brave Bird|p1a: Rotom\n|-damage|p1a: Rotom|145/226\n|-damage|p2a: Flamigo|242/269 brn|[from] Recoil\n|-damage|p2a: Flamigo|216/269 brn|[from] item: Life Orb\n|\n|-damage|p2a: Flamigo|200/269 brn|[from] brn\n|upkeep\n|turn|2\n|\n|t:|1733836675\n|move|p1a: Rotom|Thunderbolt|p2a: Flamigo\n|-supereffective|p2a: Flamigo\n|-damage|p2a: Flamigo|0 fnt\n|faint|p2a: Flamigo\n|-damage|p1a: Rotom|123/226|[from] item: Life Orb\n|\n|upkeep\n|\n|t:|1733836680\n|switch|p2a: Oricorio|Oricorio-Pom-Pom, L82, M|257/257\n|turn|3\n|\n|t:|1733836696\n|move|p2a: Oricorio|Quiver Dance|p2a: Oricorio\n|-boost|p2a: Oricorio|spa|1\n|-boost|p2a: Oricorio|spd|1\n|-boost|p2a: Oricorio|spe|1\n|move|p1a: Rotom|Will-O-Wisp|p2a: Oricorio\n|-status|p2a: Oricorio|brn\n|\n|-damage|p2a: Oricorio|241/257 brn|[from] brn\n|upkeep\n|turn|4\n|\n|t:|1733836704\n|move|p2a: Oricorio|Quiver Dance|p2a: Oricorio\n|-boost|p2a: Oricorio|spa|1\n|-boost|p2a: Oricorio|spd|1\n|-boost|p2a: Oricorio|spe|1\n|move|p1a: Rotom|Thunderbolt|p2a: Oricorio\n|-damage|p2a: Oricorio|154/257 brn\n|-damage|p1a: Rotom|101/226|[from] item: Life Orb\n|\n|-damage|p2a: Oricorio|138/257 brn|[from] brn\n|upkeep\n|turn|5\n|\n|t:|1733836715\n|move|p2a: Oricorio|Hurricane|p1a: Rotom\n|-damage|p1a: Rotom|0 fnt\n|faint|p1a: Rotom\n|\n|-damage|p2a: Oricorio|122/257 brn|[from] brn\n|upkeep\n|\n|t:|1733836723\n|switch|p1a: Gholdengo|Gholdengo, L77|261/261\n|turn|6\n|\n|t:|1733836728\n|move|p2a: Oricorio|Roost|p2a: Oricorio\n|-heal|p2a: Oricorio|251/257 brn\n|-singleturn|p2a: Oricorio|move: Roost\n|move|p1a: Gholdengo|Shadow Ball|p2a: Oricorio\n|-damage|p2a: Oricorio|193/257 brn\n|-unboost|p2a: Oricorio|spd|1\n|\n|-damage|p2a: Oricorio|177/257 brn|[from] brn\n|upkeep\n|turn|7\n|\n|t:|1733836741\n|switch|p1a: Gastrodon|Gastrodon, L86, F|331/331\n|move|p2a: Oricorio|Quiver Dance|p2a: Oricorio\n|-boost|p2a: Oricorio|spa|1\n|-boost|p2a: Oricorio|spd|1\n|-boost|p2a: Oricorio|spe|1\n|\n|-damage|p2a: Oricorio|161/257 brn|[from] brn\n|upkeep\n|turn|8\n|\n|t:|1733836755\n|switch|p1a: Gholdengo|Gholdengo, L77|261/261\n|move|p2a: Oricorio|Hurricane|p1a: Gholdengo\n|-resisted|p1a: Gholdengo\n|-damage|p1a: Gholdengo|105/261\n|\n|-damage|p2a: Oricorio|145/257 brn|[from] brn\n|upkeep\n|turn|9\n|\n|t:|1733836763\n|move|p2a: Oricorio|Roost|p2a: Oricorio\n|-heal|p2a: Oricorio|257/257 brn\n|-singleturn|p2a: Oricorio|move: Roost\n|move|p1a: Gholdengo|Trick|p2a: Oricorio\n|-activate|p1a: Gholdengo|move: Trick|[of] p2a: Oricorio\n|-item|p2a: Oricorio|Choice Scarf|[from] move: Trick\n|-item|p1a: Gholdengo|Heavy-Duty Boots|[from] move: Trick\n|\n|-damage|p2a: Oricorio|241/257 brn|[from] brn\n|upkeep\n|turn|10\n|\n|t:|1733836773\n|move|p2a: Oricorio|Hurricane|p1a: Gholdengo\n|-resisted|p1a: Gholdengo\n|-damage|p1a: Gholdengo|0 fnt\n|faint|p1a: Gholdengo\n|\n|-damage|p2a: Oricorio|225/257 brn|[from] brn\n|upkeep\n|\n|t:|1733836789\n|switch|p1a: Scream Tail|Scream Tail, L84|330/330\n|turn|11\n|\n|t:|1733836795\n|move|p1a: Scream Tail|Protect|p1a: Scream Tail\n|-singleturn|p1a: Scream Tail|Protect\n|move|p2a: Oricorio|Hurricane|p1a: Scream Tail\n|-activate|p1a: Scream Tail|move: Protect\n|\n|-damage|p2a: Oricorio|209/257 brn|[from] brn\n|upkeep\n|turn|12\n|\n|t:|1733836803\n|move|p2a: Oricorio|Hurricane|p1a: Scream Tail|[miss]\n|-miss|p2a: Oricorio|p1a: Scream Tail\n|move|p1a: Scream Tail|Wish|p1a: Scream Tail\n|\n|-damage|p2a: Oricorio|193/257 brn|[from] brn\n|upkeep\n|turn|13\n|\n|t:|1733836809\n|move|p2a: Oricorio|Hurricane|p1a: Scream Tail\n|-damage|p1a: Scream Tail|116/330\n|-start|p1a: Scream Tail|confusion\n|-activate|p1a: Scream Tail|confusion\n|-damage|p1a: Scream Tail|94/330|[from] confusion\n|\n|-heal|p1a: Scream Tail|259/330|[from] move: Wish|[wisher] Scream Tail\n|-heal|p1a: Scream Tail|279/330|[from] item: Leftovers\n|-damage|p2a: Oricorio|177/257 brn|[from] brn\n|upkeep\n|turn|14\n|\n|t:|1733836819\n|-activate|p1a: Scream Tail|confusion\n|move|p1a: Scream Tail|Protect|p1a: Scream Tail\n|-singleturn|p1a: Scream Tail|Protect\n|move|p2a: Oricorio|Hurricane|p1a: Scream Tail\n|-activate|p1a: Scream Tail|move: Protect\n|\n|-heal|p1a: Scream Tail|299/330|[from] item: Leftovers\n|-damage|p2a: Oricorio|161/257 brn|[from] brn\n|upkeep\n|turn|15\n|\n|t:|1733836827\n|move|p2a: Oricorio|Hurricane|p1a: Scream Tail\n|-damage|p1a: Scream Tail|58/330\n|-activate|p1a: Scream Tail|confusion\n|move|p1a: Scream Tail|Wish|p1a: Scream Tail\n|\n|-heal|p1a: Scream Tail|78/330|[from] item: Leftovers\n|-damage|p2a: Oricorio|145/257 brn|[from] brn\n|upkeep\n|turn|16\n|\n|t:|1733836840\n|move|p2a: Oricorio|Hurricane|p1a: Scream Tail|[miss]\n|-miss|p2a: Oricorio|p1a: Scream Tail\n|-end|p1a: Scream Tail|confusion\n|move|p1a: Scream Tail|Play Rough|p2a: Oricorio\n|-damage|p2a: Oricorio|57/257 brn\n|\n|-heal|p1a: Scream Tail|243/330|[from] move: Wish|[wisher] Scream Tail\n|-heal|p1a: Scream Tail|263/330|[from] item: Leftovers\n|-damage|p2a: Oricorio|41/257 brn|[from] brn\n|upkeep\n|turn|17\n|\n|t:|1733836851\n|move|p1a: Scream Tail|Protect|p1a: Scream Tail\n|-singleturn|p1a: Scream Tail|Protect\n|move|p2a: Oricorio|Hurricane|p1a: Scream Tail\n|-activate|p1a: Scream Tail|move: Protect\n|\n|-heal|p1a: Scream Tail|283/330|[from] item: Leftovers\n|-damage|p2a: Oricorio|25/257 brn|[from] brn\n|upkeep\n|turn|18\n|\n|t:|1733836858\n|move|p2a: Oricorio|Hurricane|p1a: Scream Tail\n|-damage|p1a: Scream Tail|54/330\n|move|p1a: Scream Tail|Wish|p1a: Scream Tail\n|\n|-heal|p1a: Scream Tail|74/330|[from] item: Leftovers\n|-damage|p2a: Oricorio|9/257 brn|[from] brn\n|upkeep\n|turn|19\n|\n|t:|1733836867\n|switch|p2a: Hoopa|Hoopa, L85|275/275\n|move|p1a: Scream Tail|Protect||[still]\n|-fail|p1a: Scream Tail\n|\n|-heal|p1a: Scream Tail|239/330|[from] move: Wish|[wisher] Scream Tail\n|-heal|p1a: Scream Tail|259/330|[from] item: Leftovers\n|upkeep\n|turn|20\n|\n|t:|1733836882\n|switch|p2a: Oricorio|Oricorio-Pom-Pom, L82, M|9/257 brn\n|move|p1a: Scream Tail|Play Rough|p2a: Oricorio\n|-damage|p2a: Oricorio|0 fnt\n|faint|p2a: Oricorio\n|\n|-heal|p1a: Scream Tail|279/330|[from] item: Leftovers\n|upkeep\n|\n|t:|1733836887\n|switch|p2a: Hoopa|Hoopa, L85|275/275\n|turn|21\n|\n|t:|1733836892\n|move|p2a: Hoopa|Trick|p1a: Scream Tail\n|-activate|p2a: Hoopa|move: Trick|[of] p1a: Scream Tail\n|-item|p1a: Scream Tail|Choice Scarf|[from] move: Trick\n|-item|p2a: Hoopa|Leftovers|[from] move: Trick\n|move|p1a: Scream Tail|Play Rough|p2a: Hoopa\n|-damage|p2a: Hoopa|185/275\n|\n|-heal|p2a: Hoopa|202/275|[from] item: Leftovers\n|upkeep\n|turn|22\n|\n|t:|1733836900\n|switch|p2a: Scovillain|Scovillain, L91, F|266/266\n|move|p1a: Scream Tail|Play Rough|p2a: Scovillain\n|-resisted|p2a: Scovillain\n|-damage|p2a: Scovillain|227/266\n|\n|upkeep\n|turn|23\n|\n|t:|1733836907\n|-end|p1a: Scream Tail|Protosynthesis|[silent]\n|switch|p1a: Gastrodon|Gastrodon, L86, F|331/331\n|move|p2a: Scovillain|Sunny Day|p2a: Scovillain\n|-weather|SunnyDay\n|\n|-weather|SunnyDay|[upkeep]\n|upkeep\n|turn|24\n|\n|t:|1733836916\n|-terastallize|p1a: Gastrodon|Poison\n|move|p2a: Scovillain|Energy Ball|p1a: Gastrodon\n|-resisted|p1a: Gastrodon\n|-damage|p1a: Gastrodon|268/331\n|move|p1a: Gastrodon|Earthquake|p2a: Scovillain\n|-damage|p2a: Scovillain|109/266\n|\n|-weather|SunnyDay|[upkeep]\n|-heal|p1a: Gastrodon|288/331|[from] item: Leftovers\n|upkeep\n|turn|25\n|\n|t:|1733836925\n|move|p2a: Scovillain|Stomping Tantrum|p1a: Gastrodon\n|-supereffective|p1a: Gastrodon\n|-damage|p1a: Gastrodon|126/331\n|move|p1a: Gastrodon|Earthquake|p2a: Scovillain\n|-crit|p2a: Scovillain\n|-damage|p2a: Scovillain|0 fnt\n|faint|p2a: Scovillain\n|\n|-weather|SunnyDay|[upkeep]\n|-heal|p1a: Gastrodon|146/331|[from] item: Leftovers\n|upkeep\n|\n|t:|1733836930\n|switch|p2a: Hoopa|Hoopa, L85|202/275\n|turn|26\n|\n|t:|1733836940\n|move|p2a: Hoopa|Psychic|p1a: Gastrodon\n|-supereffective|p1a: Gastrodon\n|-damage|p1a: Gastrodon|0 fnt\n|faint|p1a: Gastrodon\n|\n|-weather|SunnyDay|[upkeep]\n|-heal|p2a: Hoopa|219/275|[from] item: Leftovers\n|upkeep\n|\n|t:|1733836949\n|switch|p1a: Scream Tail|Scream Tail, L84|279/330\n|-activate|p1a: Scream Tail|ability: Protosynthesis\n|-start|p1a: Scream Tail|protosynthesisspd\n|turn|27\n|\n|t:|1733836955\n|move|p1a: Scream Tail|Play Rough|p2a: Hoopa\n|-damage|p2a: Hoopa|126/275\n|move|p2a: Hoopa|Shadow Ball|p1a: Scream Tail\n|-supereffective|p1a: Scream Tail\n|-damage|p1a: Scream Tail|129/330\n|\n|-weather|none\n|-end|p1a: Scream Tail|Protosynthesis\n|-heal|p2a: Hoopa|143/275|[from] item: Leftovers\n|upkeep\n|turn|28\n|\n|t:|1733836964\n|move|p1a: Scream Tail|Play Rough|p2a: Hoopa\n|-damage|p2a: Hoopa|56/275\n|move|p2a: Hoopa|Shadow Ball|p1a: Scream Tail\n|-supereffective|p1a: Scream Tail\n|-damage|p1a: Scream Tail|0 fnt\n|faint|p1a: Scream Tail\n|-end|p1a: Scream Tail|Protosynthesis|[silent]\n|\n|-heal|p2a: Hoopa|73/275|[from] item: Leftovers\n|upkeep\n|\n|t:|1733836974\n|switch|p1a: Leafeon|Leafeon, L88, M|258/258\n|turn|29\n|\n|t:|1733836985\n|switch|p2a: Spiritomb|Spiritomb, L89, M|234/234\n|move|p1a: Leafeon|Leaf Blade|p2a: Spiritomb\n|-damage|p2a: Spiritomb|112/234\n|-damage|p1a: Leafeon|233/258|[from] item: Life Orb\n|\n|-heal|p2a: Spiritomb|126/234|[from] item: Leftovers\n|upkeep\n|turn|30\n|\n|t:|1733836993\n|move|p1a: Leafeon|Leaf Blade|p2a: Spiritomb\n|-damage|p2a: Spiritomb|0 fnt\n|faint|p2a: Spiritomb\n|-damage|p1a: Leafeon|208/258|[from] item: Life Orb\n|\n|upkeep\n|\n|t:|1733836997\n|switch|p2a: Mienshao|Mienshao, L83, F|243/243\n|turn|31\n|\n|t:|1733837002\n|switch|p1a: Dragapult|Dragapult, L77, M|262/262\n|move|p2a: Mienshao|U-turn|p1a: Dragapult\n|-resisted|p1a: Dragapult\n|-damage|p1a: Dragapult|209/262\n|\n|t:|1733837005\n|switch|p2a: Hoopa|Hoopa, L85|73/275|[from] U-turn\n|\n|-heal|p2a: Hoopa|90/275|[from] item: Leftovers\n|upkeep\n|turn|32\n|\n|t:|1733837014\n|move|p1a: Dragapult|Dragon Darts|p2a: Hoopa\n|-damage|p2a: Hoopa|20/275\n|-anim|p1a: Dragapult|Dragon Darts|p2a: Hoopa\n|-damage|p2a: Hoopa|0 fnt\n|faint|p2a: Hoopa\n|\n|upkeep\n|\n|t:|1733837016\n|switch|p2a: Mienshao|Mienshao, L83, F|243/243\n|turn|33\n|\n|t:|1733837022\n|move|p1a: Dragapult|Will-O-Wisp|p2a: Mienshao\n|-status|p2a: Mienshao|brn\n|move|p2a: Mienshao|Knock Off|p1a: Dragapult\n|-supereffective|p1a: Dragapult\n|-damage|p1a: Dragapult|59/262\n|-enditem|p1a: Dragapult|Heavy-Duty Boots|[from] move: Knock Off|[of] p2a: Mienshao\n|\n|-damage|p2a: Mienshao|228/243 brn|[from] brn\n|upkeep\n|turn|34\n|\n|t:|1733837031\n|move|p1a: Dragapult|Hex|p2a: Mienshao\n|-damage|p2a: Mienshao|63/243 brn\n|move|p2a: Mienshao|Knock Off|p1a: Dragapult\n|-supereffective|p1a: Dragapult\n|-damage|p1a: Dragapult|0 fnt\n|faint|p1a: Dragapult\n|\n|-damage|p2a: Mienshao|48/243 brn|[from] brn\n|upkeep\n|\n|t:|1733837039\n|switch|p1a: Leafeon|Leafeon, L88, M|208/258\n|turn|35\n|\n|t:|1733837041\n|move|p2a: Mienshao|Knock Off|p1a: Leafeon\n|-damage|p1a: Leafeon|166/258\n|-enditem|p1a: Leafeon|Life Orb|[from] move: Knock Off|[of] p2a: Mienshao\n|move|p1a: Leafeon|Leaf Blade|p2a: Mienshao\n|-damage|p2a: Mienshao|0 fnt\n|faint|p2a: Mienshao\n|\n|win|pro_simulator_\n|raw|pro_simulator_'s rating: 1196 &rarr; <strong>1223</strong><br />(+27 for winning)\n|raw|TheTusks's rating: 1224 &rarr; <strong>1197</strong><br />(-27 for losing)\n|l|\u2606TheTusks\n|player|p2|\n", "inputlog": ">version bfd83cad13791eb5a5a409923076391caf6fb4d4\n>start {\"formatid\":\"gen9randombattle\",\"seed\":[54606,860,47074,45961],\"rated\":\"Rated battle\"}\n>player p1 {\"name\":\"pro_simulator_\",\"avatar\":\"koga\",\"rating\":1196,\"seed\":[62860,61040,38394,31946]}\n>player p2 {\"name\":\"TheTusks\",\"avatar\":\"266\",\"rating\":1224,\"seed\":[6149,37603,11465,10087]}\n>p1 move willowisp\n>p2 move bravebird\n>p1 move thunderbolt\n>p2 move bravebird\n>p2 switch 6\n>p1 move willowisp\n>p2 move quiverdance\n>p1 move thunderbolt\n>p2 move quiverdance\n>p1 move thunderbolt\n>p2 move hurricane\n>p1 switch 3\n>p1 move shadowball\n>p2 move roost\n>p1 switch 5\n>p2 move quiverdance\n>p1 switch 5\n>p2 move hurricane\n>p1 move trick\n>p2 move roost\n>p1 move shadowball\n>p2 move hurricane\n>p1 switch 2\n>p1 move protect\n>p2 move hurricane\n>p1 move wish\n>p2 move hurricane\n>p1 move playrough\n>p2 move hurricane\n>p1 move protect\n>p2 move hurricane\n>p1 move wish\n>p2 move hurricane\n>p1 move playrough\n>p2 move hurricane\n>p1 move protect\n>p2 move hurricane\n>p1 move wish\n>p2 move hurricane\n>p1 move protect\n>p2 switch 5\n>p1 move playrough\n>p2 switch 5\n>p2 switch 5\n>p1 move playrough\n>p2 move trick\n>p1 move playrough\n>p2 switch 4\n>p1 switch 5\n>p2 move sunnyday\n>p1 move earthquake terastallize\n>p2 move energyball\n>p1 move earthquake\n>p2 move stompingtantrum\n>p2 switch 4\n>p1 move earthquake\n>p2 move psychic\n>p1 switch 5\n>p1 move playrough\n>p2 move shadowball\n>p1 move playrough\n>p2 move shadowball\n>p1 switch 6\n>p1 move leafblade\n>p2 switch 2\n>p1 move leafblade\n>p2 move willowisp\n>p2 switch 3\n>p1 switch 4\n>p2 move uturn\n>p2 switch 2\n>p1 move dragondarts\n>p2 move shadowball\n>p2 switch 2\n>p1 move willowisp\n>p2 move knockoff\n>p1 move hex\n>p2 move knockoff\n>p1 switch 4\n>p1 move leafblade\n>p2 move knockoff", "uploadtime": 1733837050, "views": 1, "formatid": "gen9randombattle", "rating": 1197, "private": 0, "password": null}