{"id": "gen9randombattle-2260495638", "format": "[Gen 9] Random Battle", "players": ["Streetpete", "Huguito10"], "log": "|j|\u2606Streetpete\n|j|\u2606Huguito10\n|t:|1733857147\n|gametype|singles\n|player|p1|Streetpete|169|1522\n|player|p2|Huguito10|cynthia-gen4|1544\n|teamsize|p1|6\n|teamsize|p2|6\n|gen|9\n|tier|[Gen 9] Random Battle\n|rated|\n|rule|Species Clause: Limit one of each Pok\u00e9mon\n|rule|HP Percentage Mod: HP is shown in percentages\n|rule|Sleep Clause Mod: Limit one foe put to sleep\n|rule|Illusion Level Mod: Illusion disguises the Pok\u00e9mon's true level\n|\n|t:|1733857147\n|start\n|switch|p1a: Salamence|Salamence, L77, F|273/273\n|switch|p2a: Empoleon|Empoleon, L84, M|278/278\n|turn|1\n|inactive|Battle timer is ON: inactive players will automatically lose when time's up. (requested by Streetpete)\n|inactive|Huguito10 also wants the timer to be on.\n|\n|t:|1733857161\n|move|p1a: Salamence|Dragon Dance|p1a: Salamence\n|-boost|p1a: Salamence|atk|1\n|-boost|p1a: Salamence|spe|1\n|move|p2a: Empoleon|Roar|p1a: Salamence\n|drag|p1a: Serperior|Serperior, L79, F|248/248\n|\n|upkeep\n|turn|2\n|\n|t:|1733857174\n|switch|p2a: Illumise|Illumise, L91, F|266/266\n|move|p1a: Serperior|Leaf Storm|p2a: Illumise|[miss]\n|-miss|p1a: Serperior|p2a: Illumise\n|\n|upkeep\n|turn|3\n|\n|t:|1733857204\n|move|p2a: Illumise|Thunder Wave|p1a: Serperior\n|-status|p1a: Serperior|par\n|cant|p1a: Serperior|par\n|\n|upkeep\n|turn|4\n|\n|t:|1733857211\n|move|p2a: Illumise|Bug Buzz|p1a: Serperior\n|-supereffective|p1a: Serperior\n|-damage|p1a: Serperior|54/248 par\n|cant|p1a: Serperior|par\n|\n|-heal|p1a: Serperior|69/248 par|[from] item: Leftovers\n|upkeep\n|turn|5\n|\n|t:|1733857220\n|move|p2a: Illumise|Bug Buzz|p1a: Serperior\n|-supereffective|p1a: Serperior\n|-damage|p1a: Serperior|0 fnt\n|faint|p1a: Serperior\n|\n|upkeep\n|\n|t:|1733857225\n|switch|p1a: Typhlosion|Typhlosion-Hisui, L83, F|257/257\n|turn|6\n|\n|t:|1733857234\n|move|p2a: Illumise|Thunder Wave|p1a: Typhlosion\n|-status|p1a: Typhlosion|par\n|cant|p1a: Typhlosion|par\n|\n|upkeep\n|turn|7\n|\n|t:|1733857242\n|switch|p2a: Bastiodon|Bastiodon, L89, F|252/252\n|move|p1a: Typhlosion|Fire Blast|p2a: Bastiodon\n|-crit|p2a: Bastiodon\n|-damage|p2a: Bastiodon|113/252\n|\n|upkeep\n|turn|8\n|\n|t:|1733857257\n|switch|p1a: Politoed|Politoed, L88, F|302/302\n|-weather|RainDance|[from] ability: Drizzle|[of] p1a: Politoed\n|move|p2a: Bastiodon|Rest|p2a: Bastiodon\n|-status|p2a: Bastiodon|slp|[from] move: Rest\n|-heal|p2a: Bastiodon|252/252 slp|[silent]\n|-enditem|p2a: Bastiodon|Chesto Berry|[eat]\n|-curestatus|p2a: Bastiodon|slp|[msg]\n|\n|-weather|RainDance|[upkeep]\n|upkeep\n|turn|9\n|\n|t:|1733857272\n|switch|p2a: Chesnaught|Chesnaught, L84, M|285/285\n|move|p1a: Politoed|Weather Ball|p2a: Chesnaught\n|-immune|p2a: Chesnaught|[from] ability: Bulletproof\n|\n|-weather|RainDance|[upkeep]\n|upkeep\n|turn|10\n|\n|t:|1733857285\n|switch|p1a: Salamence|Salamence, L77, F|273/273\n|move|p2a: Chesnaught|Spikes|p1a: Salamence\n|-sidestart|p1: Streetpete|Spikes\n|\n|-weather|RainDance|[upkeep]\n|upkeep\n|turn|11\n|\n|t:|1733857295\n|switch|p2a: Bastiodon|Bastiodon, L89, F|252/252\n|move|p1a: Salamence|Dual Wingbeat|p2a: Bastiodon\n|-resisted|p2a: Bastiodon\n|-damage|p2a: Bastiodon|245/252\n|-resisted|p2a: Bastiodon\n|-damage|p2a: Bastiodon|239/252\n|-hitcount|p2a: Bastiodon|2\n|\n|-weather|RainDance|[upkeep]\n|upkeep\n|turn|12\n|\n|t:|1733857308\n|switch|p1a: Politoed|Politoed, L88, F|302/302\n|-damage|p1a: Politoed|265/302|[from] Spikes\n|move|p2a: Bastiodon|Iron Defense|p2a: Bastiodon\n|-boost|p2a: Bastiodon|def|2\n|\n|-weather|none\n|upkeep\n|turn|13\n|\n|t:|1733857322\n|-terastallize|p2a: Bastiodon|Fighting\n|move|p1a: Politoed|Ice Beam|p2a: Bastiodon\n|-damage|p2a: Bastiodon|173/252\n|move|p2a: Bastiodon|Body Press|p1a: Politoed\n|-damage|p1a: Politoed|0 fnt\n|faint|p1a: Politoed\n|\n|upkeep\n|\n|t:|1733857343\n|switch|p1a: Salamence|Salamence, L77, F|273/273\n|turn|14\n|\n|t:|1733857350\n|switch|p1a: Basculegion|Basculegion-F, L83, F|335/335\n|-damage|p1a: Basculegion|294/335|[from] Spikes\n|move|p2a: Bastiodon|Foul Play|p1a: Basculegion\n|-supereffective|p1a: Basculegion\n|-damage|p1a: Basculegion|132/335\n|\n|upkeep\n|turn|15\n|-message|Streetpete forfeited.\n|\n|win|Huguito10\n|raw|Streetpete's rating: 1522 &rarr; <strong>1503</strong><br />(-19 for losing)\n|raw|Huguito10's rating: 1544 &rarr; <strong>1563</strong><br />(+19 for winning)\n|l|\u2606Streetpete\n|player|p1|\n", "inputlog": ">version bfd83cad13791eb5a5a409923076391caf6fb4d4\n>start {\"formatid\":\"gen9randombattle\",\"seed\":[41131,649,60753,23374],\"rated\":\"Rated battle\"}\n>player p1 {\"name\":\"Streetpete\",\"avatar\":\"169\",\"rating\":1522,\"seed\":[39307,18919,29049,52419]}\n>player p2 {\"name\":\"Huguito10\",\"avatar\":\"cynthia-gen4\",\"rating\":1544,\"seed\":[29174,46114,41206,28578]}\n>p1 move dragondance\n>p2 move roar\n>p1 move leafstorm\n>p2 switch 4\n>p1 move leechseed\n>p2 move thunderwave\n>p1 move leechseed\n>p2 move bugbuzz\n>p1 move leechseed\n>p2 move bugbuzz\n>p1 switch 4\n>p1 move fireblast\n>p2 move thunderwave\n>p1 move fireblast\n>p2 switch 3\n>p1 switch 2\n>p2 move rest\n>p1 move weatherball\n>p2 switch 2\n>p1 switch 5\n>p2 move spikes\n>p1 move dualwingbeat\n>p2 switch 2\n>p1 switch 5\n>p2 move irondefense\n>p1 move icebeam\n>p2 move bodypress terastallize\n>p1 switch 5\n>p1 switch 6\n>p2 move foulplay\n>forcelose p1", "uploadtime": 1733857366, "views": 1, "formatid": "gen9randombattle", "rating": 1503, "private": 0, "password": null}