{"id": "gen9randombattle-2241166170", "format": "[Gen 9] Random Battle", "players": ["Gloriousplays", "useemstohavefun"], "log": "|badge|p1|bronze|gen9randombattle|100-3\n|uhtml|medal-msg|<div class=\"broadcast-blue\">Curious what those medals under the avatar are? PS now has Ladder Seasons! For more information, check out the <a href=\"https://www.smogon.com/forums/threads/3740067/\">thread on Smogon.</a></div>\n|j|\u2606Gloriousplays\n|j|\u2606useemstohavefun\n|t:|1731256536\n|gametype|singles\n|player|p1|Gloriousplays|ash|2257\n|player|p2|useemstohavefun|thorton|2272\n|teamsize|p1|6\n|teamsize|p2|6\n|gen|9\n|tier|[Gen 9] Random Battle\n|rated|\n|rule|Species Clause: Limit one of each Pok\u00e9mon\n|rule|HP Percentage Mod: HP is shown in percentages\n|rule|Sleep Clause Mod: Limit one foe put to sleep\n|rule|Illusion Level Mod: Illusion disguises the Pok\u00e9mon's true level\n|\n|t:|1731256536\n|start\n|switch|p1a: Iron Leaves|Iron Leaves, L80|275/275\n|switch|p2a: Samurott|Samurott-Hisui, L77, F|265/265\n|turn|1\n|inactive|Battle timer is ON: inactive players will automatically lose when time's up. (requested by useemstohavefun)\n|\n|t:|1731256550\n|switch|p2a: Yanmega|Yanmega, L82, F|275/275\n|move|p1a: Iron Leaves|Leaf Blade|p2a: Yanmega\n|-resisted|p2a: Yanmega\n|-damage|p2a: Yanmega|237/275\n|-damage|p1a: Iron Leaves|248/275|[from] item: Life Orb\n|\n|upkeep\n|turn|2\n|inactive|Gloriousplays has 120 seconds left.\n|\n|t:|1731256582\n|-end|p1a: Iron Leaves|Quark Drive|[silent]\n|switch|p1a: Giratina|Giratina, L75|349/349\n|-ability|p1a: Giratina|Pressure\n|move|p2a: Yanmega|U-turn|p1a: Giratina\n|-resisted|p1a: Giratina\n|-damage|p1a: Giratina|301/349\n|\n|t:|1731256589\n|switch|p2a: Samurott|Samurott-Hisui, L77, F|265/265|[from] U-turn\n|\n|-heal|p1a: Giratina|322/349|[from] item: Leftovers\n|upkeep\n|turn|3\n|\n|t:|1731256602\n|switch|p1a: Blaziken|Blaziken, L76, M|247/247\n|move|p2a: Samurott|Ceaseless Edge|p1a: Blaziken\n|-resisted|p1a: Blaziken\n|-damage|p1a: Blaziken|153/247\n|-sidestart|p1: Gloriousplays|Spikes\n|\n|upkeep\n|turn|4\n|\n|t:|1731256616\n|move|p2a: Samurott|Ceaseless Edge|p1a: Blaziken\n|-resisted|p1a: Blaziken\n|-damage|p1a: Blaziken|60/247\n|-sidestart|p1: Gloriousplays|Spikes\n|move|p1a: Blaziken|Swords Dance|p1a: Blaziken\n|-boost|p1a: Blaziken|atk|2\n|\n|-ability|p1a: Blaziken|Speed Boost|boost\n|-boost|p1a: Blaziken|spe|1\n|upkeep\n|turn|5\n|\n|t:|1731256631\n|switch|p2a: Yanmega|Yanmega, L82, F|237/275\n|move|p1a: Blaziken|Close Combat|p2a: Yanmega\n|-resisted|p2a: Yanmega\n|-damage|p2a: Yanmega|158/275\n|-unboost|p1a: Blaziken|def|1\n|-unboost|p1a: Blaziken|spd|1\n|-damage|p1a: Blaziken|36/247|[from] item: Life Orb\n|\n|-ability|p1a: Blaziken|Speed Boost|boost\n|-boost|p1a: Blaziken|spe|1\n|upkeep\n|turn|6\n|\n|t:|1731256638\n|switch|p2a: Kingdra|Kingdra, L84, F|263/263\n|move|p1a: Blaziken|Knock Off|p2a: Kingdra\n|-damage|p2a: Kingdra|114/263\n|-enditem|p2a: Kingdra|Life Orb|[from] move: Knock Off|[of] p1a: Blaziken\n|-damage|p1a: Blaziken|12/247|[from] item: Life Orb\n|\n|-ability|p1a: Blaziken|Speed Boost|boost\n|-boost|p1a: Blaziken|spe|1\n|upkeep\n|turn|7\n|\n|t:|1731256645\n|move|p1a: Blaziken|Close Combat|p2a: Kingdra\n|-damage|p2a: Kingdra|0 fnt\n|-unboost|p1a: Blaziken|def|1\n|-unboost|p1a: Blaziken|spd|1\n|faint|p2a: Kingdra\n|-damage|p1a: Blaziken|0 fnt|[from] item: Life Orb\n|faint|p1a: Blaziken\n|\n|upkeep\n|\n|t:|1731256649\n|switch|p2a: Yanmega|Yanmega, L82, F|158/275\n|switch|p1a: Salamence|Salamence, L77, F|273/273\n|turn|8\n|\n|t:|1731256657\n|move|p2a: Yanmega|Bug Buzz|p1a: Salamence\n|-resisted|p1a: Salamence\n|-damage|p1a: Salamence|99/273\n|move|p1a: Salamence|Dragon Dance|p1a: Salamence\n|-boost|p1a: Salamence|atk|1\n|-boost|p1a: Salamence|spe|1\n|\n|upkeep\n|turn|9\n|\n|t:|1731256680\n|switch|p2a: Iron Crown|Iron Crown, L79|272/272\n|move|p1a: Salamence|Dual Wingbeat|p2a: Iron Crown\n|-resisted|p2a: Iron Crown\n|-damage|p2a: Iron Crown|241/272\n|-resisted|p2a: Iron Crown\n|-damage|p2a: Iron Crown|208/272\n|-hitcount|p2a: Iron Crown|2\n|\n|-heal|p2a: Iron Crown|225/272|[from] item: Leftovers\n|upkeep\n|turn|10\n|\n|t:|1731256688\n|move|p1a: Salamence|Roost|p1a: Salamence\n|-heal|p1a: Salamence|236/273\n|-singleturn|p1a: Salamence|move: Roost\n|move|p2a: Iron Crown|Tachyon Cutter|p1a: Salamence\n|-damage|p1a: Salamence|167/273\n|-damage|p1a: Salamence|97/273\n|-hitcount|p1a: Salamence|2\n|\n|-heal|p2a: Iron Crown|242/272|[from] item: Leftovers\n|upkeep\n|turn|11\n|\n|t:|1731256693\n|move|p1a: Salamence|Roost|p1a: Salamence\n|-heal|p1a: Salamence|234/273\n|-singleturn|p1a: Salamence|move: Roost\n|move|p2a: Iron Crown|Tachyon Cutter|p1a: Salamence\n|-damage|p1a: Salamence|168/273\n|-damage|p1a: Salamence|104/273\n|-hitcount|p1a: Salamence|2\n|\n|-heal|p2a: Iron Crown|259/272|[from] item: Leftovers\n|upkeep\n|turn|12\n|\n|t:|1731256696\n|move|p1a: Salamence|Roost|p1a: Salamence\n|-heal|p1a: Salamence|241/273\n|-singleturn|p1a: Salamence|move: Roost\n|move|p2a: Iron Crown|Tachyon Cutter|p1a: Salamence\n|-damage|p1a: Salamence|172/273\n|-damage|p1a: Salamence|100/273\n|-hitcount|p1a: Salamence|2\n|\n|-heal|p2a: Iron Crown|272/272|[from] item: Leftovers\n|upkeep\n|turn|13\n|\n|t:|1731256699\n|move|p1a: Salamence|Roost|p1a: Salamence\n|-heal|p1a: Salamence|237/273\n|-singleturn|p1a: Salamence|move: Roost\n|move|p2a: Iron Crown|Tachyon Cutter|p1a: Salamence\n|-damage|p1a: Salamence|165/273\n|-damage|p1a: Salamence|95/273\n|-hitcount|p1a: Salamence|2\n|\n|upkeep\n|turn|14\n|\n|t:|1731256702\n|move|p1a: Salamence|Roost|p1a: Salamence\n|-heal|p1a: Salamence|232/273\n|-singleturn|p1a: Salamence|move: Roost\n|move|p2a: Iron Crown|Tachyon Cutter|p1a: Salamence\n|-damage|p1a: Salamence|162/273\n|-damage|p1a: Salamence|95/273\n|-hitcount|p1a: Salamence|2\n|\n|upkeep\n|turn|15\n|\n|t:|1731256705\n|move|p1a: Salamence|Roost|p1a: Salamence\n|-heal|p1a: Salamence|232/273\n|-singleturn|p1a: Salamence|move: Roost\n|move|p2a: Iron Crown|Tachyon Cutter|p1a: Salamence\n|-damage|p1a: Salamence|169/273\n|-damage|p1a: Salamence|103/273\n|-hitcount|p1a: Salamence|2\n|\n|upkeep\n|turn|16\n|\n|t:|1731256710\n|move|p1a: Salamence|Roost|p1a: Salamence\n|-heal|p1a: Salamence|240/273\n|-singleturn|p1a: Salamence|move: Roost\n|move|p2a: Iron Crown|Calm Mind|p2a: Iron Crown\n|-boost|p2a: Iron Crown|spa|1\n|-boost|p2a: Iron Crown|spd|1\n|\n|upkeep\n|turn|17\n|\n|t:|1731256713\n|-terastallize|p1a: Salamence|Dragon\n|move|p1a: Salamence|Outrage|p2a: Iron Crown\n|-resisted|p2a: Iron Crown\n|-crit|p2a: Iron Crown\n|-damage|p2a: Iron Crown|74/272\n|move|p2a: Iron Crown|Tachyon Cutter|p1a: Salamence\n|-damage|p1a: Salamence|140/273\n|-damage|p1a: Salamence|49/273\n|-hitcount|p1a: Salamence|2\n|\n|-heal|p2a: Iron Crown|91/272|[from] item: Leftovers\n|upkeep\n|turn|18\n|\n|t:|1731256725\n|move|p1a: Salamence|Outrage|p2a: Iron Crown|[from]lockedmove\n|-resisted|p2a: Iron Crown\n|-damage|p2a: Iron Crown|0 fnt\n|faint|p2a: Iron Crown\n|-end|p2a: Iron Crown|Quark Drive|[silent]\n|-ability|p1a: Salamence|Moxie|boost\n|-boost|p1a: Salamence|atk|1\n|\n|upkeep\n|\n|t:|1731256729\n|switch|p2a: Samurott|Samurott-Hisui, L77, F|265/265\n|turn|19\n|\n|t:|1731256731\n|move|p2a: Samurott|Sucker Punch|p1a: Salamence\n|-damage|p1a: Salamence|0 fnt\n|faint|p1a: Salamence\n|\n|upkeep\n|\n|t:|1731256738\n|switch|p1a: Golem|Golem-Alola, L93, F|300/300\n|-damage|p1a: Golem|250/300|[from] Spikes\n|turn|20\n|\n|t:|1731256744\n|switch|p2a: Vigoroth|Vigoroth, L85, F|275/275\n|move|p1a: Golem|Rock Polish|p1a: Golem\n|-boost|p1a: Golem|spe|2\n|\n|upkeep\n|turn|21\n|\n|t:|1731256750\n|move|p1a: Golem|Double-Edge|p2a: Vigoroth\n|-damage|p2a: Vigoroth|88/275\n|-damage|p1a: Golem|188/300|[from] Recoil\n|-damage|p1a: Golem|158/300|[from] item: Life Orb\n|move|p2a: Vigoroth|Earthquake|p1a: Golem\n|-supereffective|p1a: Golem\n|-damage|p1a: Golem|0 fnt\n|faint|p1a: Golem\n|\n|upkeep\n|\n|t:|1731256754\n|switch|p1a: Iron Leaves|Iron Leaves, L80|248/275\n|-damage|p1a: Iron Leaves|203/275|[from] Spikes\n|turn|22\n|\n|t:|1731256758\n|move|p1a: Iron Leaves|Swords Dance|p1a: Iron Leaves\n|-boost|p1a: Iron Leaves|atk|2\n|move|p2a: Vigoroth|Body Slam|p1a: Iron Leaves\n|-damage|p1a: Iron Leaves|122/275\n|\n|upkeep\n|turn|23\n|\n|t:|1731256766\n|move|p1a: Iron Leaves|Close Combat|p2a: Vigoroth\n|-supereffective|p2a: Vigoroth\n|-damage|p2a: Vigoroth|0 fnt\n|-unboost|p1a: Iron Leaves|def|1\n|-unboost|p1a: Iron Leaves|spd|1\n|faint|p2a: Vigoroth\n|-damage|p1a: Iron Leaves|95/275|[from] item: Life Orb\n|\n|upkeep\n|\n|t:|1731256769\n|switch|p2a: Azelf|Azelf, L82|257/257\n|turn|24\n|\n|t:|1731256774\n|-end|p1a: Iron Leaves|Quark Drive|[silent]\n|switch|p1a: Cresselia|Cresselia, L80, F|323/323\n|move|p2a: Azelf|Knock Off|p1a: Cresselia\n|-supereffective|p1a: Cresselia\n|-damage|p1a: Cresselia|193/323\n|-enditem|p1a: Cresselia|Leftovers|[from] move: Knock Off|[of] p2a: Azelf\n|\n|upkeep\n|turn|25\n|\n|t:|1731256781\n|move|p2a: Azelf|Stealth Rock|p1a: Cresselia\n|-sidestart|p1: Gloriousplays|move: Stealth Rock\n|move|p1a: Cresselia|Moonlight|p1a: Cresselia\n|-heal|p1a: Cresselia|323/323\n|\n|upkeep\n|turn|26\n|\n|t:|1731256788\n|move|p2a: Azelf|Encore|p1a: Cresselia\n|-start|p1a: Cresselia|Encore\n|move|p1a: Cresselia|Moonlight|p1a: Cresselia\n|-fail|p1a: Cresselia|heal\n|\n|upkeep\n|turn|27\n|\n|t:|1731256791\n|switch|p1a: Iron Leaves|Iron Leaves, L80|95/275\n|-damage|p1a: Iron Leaves|50/275|[from] Spikes\n|-damage|p1a: Iron Leaves|16/275|[from] Stealth Rock\n|move|p2a: Azelf|Knock Off|p1a: Iron Leaves\n|-supereffective|p1a: Iron Leaves\n|-damage|p1a: Iron Leaves|0 fnt\n|-enditem|p1a: Iron Leaves|Life Orb|[from] move: Knock Off|[of] p2a: Azelf\n|faint|p1a: Iron Leaves\n|-end|p1a: Iron Leaves|Quark Drive|[silent]\n|\n|upkeep\n|\n|t:|1731256792\n|switch|p1a: Giratina|Giratina, L75|322/349\n|-damage|p1a: Giratina|264/349|[from] Spikes\n|-damage|p1a: Giratina|221/349|[from] Stealth Rock\n|-ability|p1a: Giratina|Pressure\n|turn|28\n|\n|t:|1731256804\n|-terastallize|p2a: Azelf|Dark\n|move|p2a: Azelf|Knock Off|p1a: Giratina\n|-supereffective|p1a: Giratina\n|-damage|p1a: Giratina|17/349\n|-enditem|p1a: Giratina|Leftovers|[from] move: Knock Off|[of] p2a: Azelf\n|move|p1a: Giratina|Rest|p1a: Giratina\n|-status|p1a: Giratina|slp|[from] move: Rest\n|-heal|p1a: Giratina|349/349 slp|[silent]\n|\n|upkeep\n|turn|29\n|\n|t:|1731256809\n|switch|p1a: Cresselia|Cresselia, L80, F|323/323\n|-damage|p1a: Cresselia|283/323|[from] Stealth Rock\n|move|p2a: Azelf|Knock Off|p1a: Cresselia\n|-supereffective|p1a: Cresselia\n|-damage|p1a: Cresselia|149/323\n|\n|upkeep\n|turn|30\n|\n|t:|1731256813\n|move|p2a: Azelf|Knock Off|p1a: Cresselia\n|-supereffective|p1a: Cresselia\n|-damage|p1a: Cresselia|3/323\n|move|p1a: Cresselia|Moonlight|p1a: Cresselia\n|-heal|p1a: Cresselia|164/323\n|\n|upkeep\n|turn|31\n|\n|t:|1731256816\n|move|p2a: Azelf|Encore|p1a: Cresselia\n|-start|p1a: Cresselia|Encore\n|move|p1a: Cresselia|Moonlight|p1a: Cresselia\n|-heal|p1a: Cresselia|323/323\n|\n|upkeep\n|turn|32\n|\n|t:|1731256818\n|move|p2a: Azelf|Knock Off|p1a: Cresselia\n|-supereffective|p1a: Cresselia\n|-damage|p1a: Cresselia|177/323\n|move|p1a: Cresselia|Moonlight|p1a: Cresselia\n|-heal|p1a: Cresselia|323/323\n|\n|upkeep\n|turn|33\n|\n|t:|1731256821\n|move|p2a: Azelf|Knock Off|p1a: Cresselia\n|-supereffective|p1a: Cresselia\n|-damage|p1a: Cresselia|171/323\n|move|p1a: Cresselia|Moonlight|p1a: Cresselia\n|-heal|p1a: Cresselia|323/323\n|\n|-end|p1a: Cresselia|Encore\n|upkeep\n|turn|34\n|\n|t:|1731256823\n|move|p2a: Azelf|Encore|p1a: Cresselia\n|-start|p1a: Cresselia|Encore\n|move|p1a: Cresselia|Moonlight|p1a: Cresselia\n|-fail|p1a: Cresselia|heal\n|\n|upkeep\n|turn|35\n|\n|t:|1731256829\n|move|p2a: Azelf|Knock Off|p1a: Cresselia\n|-supereffective|p1a: Cresselia\n|-damage|p1a: Cresselia|183/323\n|move|p1a: Cresselia|Moonlight|p1a: Cresselia\n|-heal|p1a: Cresselia|323/323\n|\n|-end|p1a: Cresselia|Encore\n|upkeep\n|turn|36\n|\n|t:|1731256832\n|move|p2a: Azelf|Knock Off|p1a: Cresselia\n|-supereffective|p1a: Cresselia\n|-damage|p1a: Cresselia|173/323\n|move|p1a: Cresselia|Moonblast|p2a: Azelf\n|-supereffective|p2a: Azelf\n|-damage|p2a: Azelf|127/257\n|\n|-heal|p2a: Azelf|143/257|[from] item: Leftovers\n|upkeep\n|turn|37\n|\n|t:|1731256834\n|move|p2a: Azelf|Knock Off|p1a: Cresselia\n|-supereffective|p1a: Cresselia\n|-damage|p1a: Cresselia|29/323\n|move|p1a: Cresselia|Moonblast|p2a: Azelf\n|-supereffective|p2a: Azelf\n|-damage|p2a: Azelf|25/257\n|-unboost|p2a: Azelf|spa|1\n|\n|-heal|p2a: Azelf|41/257|[from] item: Leftovers\n|upkeep\n|turn|38\n|\n|t:|1731256836\n|move|p2a: Azelf|Knock Off|p1a: Cresselia\n|-supereffective|p1a: Cresselia\n|-damage|p1a: Cresselia|0 fnt\n|faint|p1a: Cresselia\n|\n|-heal|p2a: Azelf|57/257|[from] item: Leftovers\n|upkeep\n|\n|t:|1731256838\n|switch|p1a: Giratina|Giratina, L75|349/349 slp\n|-damage|p1a: Giratina|291/349 slp|[from] Spikes\n|-damage|p1a: Giratina|248/349 slp|[from] Stealth Rock\n|-ability|p1a: Giratina|Pressure\n|turn|39\n|\n|t:|1731256846\n|move|p2a: Azelf|Knock Off|p1a: Giratina\n|-supereffective|p1a: Giratina\n|-damage|p1a: Giratina|110/349 slp\n|cant|p1a: Giratina|slp\n|move|p1a: Giratina|Sleep Talk|p1a: Giratina\n|move|p1a: Giratina|Calm Mind|p1a: Giratina|[from]move: Sleep Talk\n|-boost|p1a: Giratina|spa|1\n|-boost|p1a: Giratina|spd|1\n|\n|-heal|p2a: Azelf|73/257|[from] item: Leftovers\n|upkeep\n|turn|40\n|-message|Gloriousplays forfeited.\n|\n|win|useemstohavefun\n|raw|Gloriousplays's rating: 2244 &rarr; <strong>2226</strong><br />(-18 for losing)\n|raw|useemstohavefun's rating: 2272 &rarr; <strong>2290</strong><br />(+18 for winning)\n|l|\u2606Gloriousplays\n|player|p1|\n|c|\u2606useemstohavefun|gg\n", "inputlog": ">version 6cf2ed9506aaf20327444a00a9388215acbf9fb2\n>start {\"formatid\":\"gen9randombattle\",\"seed\":[20170,2543,42887,36297],\"rated\":\"Rated battle\"}\n>player p1 {\"name\":\"Gloriousplays\",\"avatar\":\"ash\",\"rating\":2257,\"seed\":[26947,58672,38464,17403]}\n>player p2 {\"name\":\"useemstohavefun\",\"avatar\":\"thorton\",\"rating\":2272,\"seed\":[8777,58455,24640,9132]}\n>p1 move leafblade\n>p2 switch 5\n>p1 switch 6\n>p2 move uturn\n>p2 switch 5\n>p1 switch 2\n>p2 move ceaselessedge\n>p1 move swordsdance\n>p2 move ceaselessedge\n>p1 move closecombat\n>p2 switch 5\n>p1 move knockoff\n>p2 switch 4\n>p1 move closecombat\n>p2 move raindance\n>p1 switch 5\n>p2 switch 4\n>p1 move dragondance\n>p2 move bugbuzz\n>p1 move dualwingbeat\n>p2 switch 2\n>p1 move roost\n>p2 move tachyoncutter\n>p1 move roost\n>p2 move tachyoncutter\n>p1 move roost\n>p2 move tachyoncutter\n>p1 move roost\n>p2 move tachyoncutter\n>p1 move roost\n>p2 move tachyoncutter\n>p1 move roost\n>p2 move tachyoncutter\n>p1 move roost\n>p2 move calmmind\n>p1 move outrage terastallize\n>p2 move tachyoncutter\n>p1 move outrage\n>p2 move tachyoncutter\n>p2 switch 5\n>p1 move outrage\n>p2 move suckerpunch\n>p1 switch 3\n>p1 move rockpolish\n>p2 switch 6\n>p1 move doubleedge\n>p2 move earthquake\n>p1 switch 6\n>p1 move swordsdance\n>p2 move bodyslam\n>p1 move closecombat\n>p2 move bodyslam\n>p2 switch 3\n>p1 switch 4\n>p2 move knockoff\n>p1 move moonlight\n>p2 move stealthrock\n>p1 move calmmind\n>p2 move encore\n>p1 switch 4\n>p2 move knockoff\n>p1 switch 2\n>p1 move rest\n>p2 move knockoff terastallize\n>p1 switch 4\n>p2 move knockoff\n>p1 move moonlight\n>p2 move knockoff\n>p1 move moonlight\n>p2 move encore\n>p1 move moonlight\n>p2 move knockoff\n>p1 move moonlight\n>p2 move knockoff\n>p1 move moonblast\n>p2 move encore\n>p1 move moonlight\n>p2 move knockoff\n>p1 move moonblast\n>p2 move knockoff\n>p1 move moonblast\n>p2 move knockoff\n>p1 move moonblast\n>p2 move knockoff\n>p1 switch 4\n>p1 move sleeptalk\n>p2 move knockoff\n>forcelose p1", "uploadtime": 1731256854, "views": 32, "formatid": "gen9randombattle", "rating": 2226, "private": 0, "password": null}