{"id": "gen9randombattle-2260321005", "format": "[Gen 9] Random Battle", "players": ["Kiwi123456789101", "kmnoi"], "log": "|j|\u2606Kiwi123456789101\n|j|\u2606kmnoi\n|t:|1733839594\n|gametype|singles\n|player|p1|Kiwi123456789101|cynthia|1042\n|player|p2|kmnoi|266|1000\n|teamsize|p1|6\n|teamsize|p2|6\n|gen|9\n|tier|[Gen 9] Random Battle\n|rated|\n|rule|Species Clause: Limit one of each Pok\u00e9mon\n|rule|HP Percentage Mod: HP is shown in percentages\n|rule|Sleep Clause Mod: Limit one foe put to sleep\n|rule|Illusion Level Mod: Illusion disguises the Pok\u00e9mon's true level\n|\n|t:|1733839594\n|start\n|switch|p1a: Haxorus|Haxorus, L77, F|244/244\n|switch|p2a: Cetitan|Cetitan, L82, M|413/413\n|-ability|p1a: Haxorus|Mold Breaker\n|turn|1\n|inactive|Battle timer is ON: inactive players will automatically lose when time's up. (requested by kmnoi)\n|\n|t:|1733839604\n|switch|p1a: Leafeon|Leafeon, L88, M|258/258\n|move|p2a: Cetitan|Icicle Crash|p1a: Leafeon\n|-supereffective|p1a: Leafeon\n|-damage|p1a: Leafeon|16/258\n|\n|upkeep\n|turn|2\n|\n|t:|1733839623\n|move|p2a: Cetitan|Ice Shard|p1a: Leafeon\n|-supereffective|p1a: Leafeon\n|-damage|p1a: Leafeon|0 fnt\n|faint|p1a: Leafeon\n|-damage|p2a: Cetitan|372/413|[from] item: Life Orb\n|\n|upkeep\n|\n|t:|1733839634\n|switch|p1a: Braviary|Braviary-Hisui, L85, M|326/326\n|turn|3\n|\n|t:|1733839641\n|switch|p2a: Muk|Muk-Alola, L82, M|306/306\n|move|p1a: Braviary|Heat Wave|p2a: Muk\n|-damage|p2a: Muk|225/306\n|\n|upkeep\n|turn|4\n|\n|t:|1733839653\n|switch|p1a: Delibird|Delibird, F|252/252\n|move|p2a: Muk|Knock Off|p1a: Delibird\n|-damage|p1a: Delibird|108/252\n|-enditem|p1a: Delibird|Heavy-Duty Boots|[from] move: Knock Off|[of] p2a: Muk\n|\n|upkeep\n|turn|5\n|l|\u2606Kiwi123456789101\n|inactive|Kiwi123456789101 disconnected and has a minute to reconnect!\n|player|p1|\n|j|\u2606Kiwi123456789101\n|inactive|Kiwi123456789101 reconnected and has 135 seconds left.\n|player|p1|Kiwi123456789101|cynthia|\n|\n|t:|1733839673\n|move|p1a: Delibird|Freeze-Dry|p2a: Muk\n|-damage|p2a: Muk|174/306\n|move|p2a: Muk|Drain Punch|p1a: Delibird\n|-damage|p1a: Delibird|37/252\n|-heal|p2a: Muk|210/306|[from] drain|[of] p1a: Delibird\n|\n|upkeep\n|turn|6\n|\n|t:|1733839681\n|move|p1a: Delibird|Brave Bird|p2a: Muk\n|-damage|p2a: Muk|62/306\n|-damage|p1a: Delibird|0 fnt|[from] Recoil\n|faint|p1a: Delibird\n|move|p2a: Muk|Drain Punch|p1: Delibird|[notarget]\n|-fail|p2a: Muk\n|\n|upkeep\n|\n|t:|1733839688\n|switch|p1a: Sneasler|Sneasler, L74, M|240/240\n|turn|7\n|\n|t:|1733839717\n|switch|p2a: Alomomola|Alomomola, L87, M|429/429\n|move|p1a: Sneasler|Acrobatics|p2a: Alomomola\n|-damage|p2a: Alomomola|388/429\n|-damage|p1a: Sneasler|200/240|[from] item: Rocky Helmet|[of] p2a: Alomomola\n|\n|upkeep\n|turn|8\n|\n|t:|1733839726\n|move|p1a: Sneasler|Gunk Shot|p2a: Alomomola\n|-damage|p2a: Alomomola|268/429\n|move|p2a: Alomomola|Scald|p1a: Sneasler\n|-damage|p1a: Sneasler|145/240\n|-status|p1a: Sneasler|brn\n|\n|-damage|p1a: Sneasler|130/240 brn|[from] brn\n|upkeep\n|turn|9\n|\n|t:|1733839739\n|switch|p1a: Braviary|Braviary-Hisui, L85, M|326/326\n|move|p2a: Alomomola|Wish|p2a: Alomomola\n|\n|upkeep\n|turn|10\n|\n|t:|1733839753\n|switch|p2a: Dunsparce|Dunsparce, L86, M|312/312\n|move|p1a: Braviary|Agility|p1a: Braviary\n|-boost|p1a: Braviary|spe|2\n|\n|upkeep\n|turn|11\n|\n|t:|1733839765\n|move|p1a: Braviary|Agility|p1a: Braviary\n|-boost|p1a: Braviary|spe|2\n|move|p2a: Dunsparce|Body Slam|p1a: Braviary\n|-damage|p1a: Braviary|232/326\n|\n|upkeep\n|turn|12\n|\n|t:|1733839769\n|move|p1a: Braviary|Agility|p1a: Braviary\n|-boost|p1a: Braviary|spe|2\n|move|p2a: Dunsparce|Body Slam|p1a: Braviary\n|-damage|p1a: Braviary|151/326\n|\n|upkeep\n|turn|13\n|\n|t:|1733839774\n|move|p1a: Braviary|Hurricane|p2a: Dunsparce\n|-damage|p2a: Dunsparce|139/312\n|move|p2a: Dunsparce|Body Slam|p1a: Braviary\n|-damage|p1a: Braviary|69/326\n|-status|p1a: Braviary|par\n|\n|upkeep\n|turn|14\n|\n|t:|1733839783\n|cant|p1a: Braviary|par\n|move|p2a: Dunsparce|Body Slam|p1a: Braviary\n|-damage|p1a: Braviary|0 fnt\n|faint|p1a: Braviary\n|\n|upkeep\n|\n|t:|1733839792\n|switch|p1a: Spectrier|Spectrier, L75|274/274\n|turn|15\n|\n|t:|1733839798\n|move|p1a: Spectrier|Nasty Plot|p1a: Spectrier\n|-boost|p1a: Spectrier|spa|2\n|move|p2a: Dunsparce|Roost|p2a: Dunsparce\n|-heal|p2a: Dunsparce|295/312\n|-singleturn|p2a: Dunsparce|move: Roost\n|\n|upkeep\n|turn|16\n|\n|t:|1733839810\n|move|p1a: Spectrier|Nasty Plot|p1a: Spectrier\n|-boost|p1a: Spectrier|spa|2\n|move|p2a: Dunsparce|Earthquake|p1a: Spectrier\n|-damage|p1a: Spectrier|188/274\n|\n|-heal|p1a: Spectrier|205/274|[from] item: Leftovers\n|upkeep\n|turn|17\n|\n|t:|1733839818\n|move|p1a: Spectrier|Shadow Ball|p2a: Dunsparce\n|-immune|p2a: Dunsparce\n|move|p2a: Dunsparce|Earthquake|p1a: Spectrier\n|-damage|p1a: Spectrier|123/274\n|\n|-heal|p1a: Spectrier|140/274|[from] item: Leftovers\n|upkeep\n|turn|18\n|\n|t:|1733839824\n|-terastallize|p1a: Spectrier|Fighting\n|move|p1a: Spectrier|Tera Blast|p2a: Dunsparce|[anim] Tera Blast Fighting\n|-supereffective|p2a: Dunsparce\n|-damage|p2a: Dunsparce|0 fnt\n|faint|p2a: Dunsparce\n|-ability|p1a: Spectrier|Grim Neigh|boost\n|-boost|p1a: Spectrier|spa|1\n|\n|-heal|p1a: Spectrier|157/274|[from] item: Leftovers\n|upkeep\n|\n|t:|1733839838\n|switch|p2a: Iron Bundle|Iron Bundle, L77|213/213\n|turn|19\n|\n|t:|1733839859\n|move|p2a: Iron Bundle|Ice Beam|p1a: Spectrier\n|-damage|p1a: Spectrier|0 fnt\n|faint|p1a: Spectrier\n|\n|upkeep\n|\n|t:|1733839864\n|switch|p1a: Sneasler|Sneasler, L74, M|130/240 brn\n|turn|20\n|\n|t:|1733839883\n|-end|p2a: Iron Bundle|Quark Drive|[silent]\n|switch|p2a: Muk|Muk-Alola, L82, M|62/306\n|move|p1a: Sneasler|Gunk Shot|p2a: Muk\n|-resisted|p2a: Muk\n|-damage|p2a: Muk|27/306\n|\n|-damage|p1a: Sneasler|115/240 brn|[from] brn\n|upkeep\n|turn|21\n|\n|t:|1733839890\n|move|p1a: Sneasler|Acrobatics|p2a: Muk\n|-damage|p2a: Muk|4/306\n|move|p2a: Muk|Ice Punch|p1a: Sneasler\n|-damage|p1a: Sneasler|39/240 brn\n|\n|-damage|p1a: Sneasler|24/240 brn|[from] brn\n|upkeep\n|turn|22\n|\n|t:|1733839902\n|move|p1a: Sneasler|Acrobatics|p2a: Muk\n|-damage|p2a: Muk|0 fnt\n|faint|p2a: Muk\n|\n|-damage|p1a: Sneasler|9/240 brn|[from] brn\n|upkeep\n|\n|t:|1733839908\n|switch|p2a: Alomomola|Alomomola, L87, M|411/429\n|turn|23\n|\n|t:|1733839917\n|move|p1a: Sneasler|Gunk Shot|p2a: Alomomola\n|-damage|p2a: Alomomola|345/429\n|-status|p2a: Alomomola|psn\n|move|p2a: Alomomola|Wish|p2a: Alomomola\n|\n|-damage|p2a: Alomomola|292/429 psn|[from] psn\n|-damage|p1a: Sneasler|0 fnt|[from] brn\n|faint|p1a: Sneasler\n|upkeep\n|\n|t:|1733839920\n|switch|p1a: Haxorus|Haxorus, L77, F|244/244\n|-ability|p1a: Haxorus|Mold Breaker\n|turn|24\n|\n|t:|1733839930\n|move|p1a: Haxorus|Swords Dance|p1a: Haxorus\n|-boost|p1a: Haxorus|atk|2\n|move|p2a: Alomomola|Flip Turn|p1a: Haxorus\n|-resisted|p1a: Haxorus\n|-damage|p1a: Haxorus|217/244\n|\n|t:|1733839932\n|switch|p2a: Iron Bundle|Iron Bundle, L77|213/213|[from] Flip Turn\n|\n|upkeep\n|turn|25\n|\n|t:|1733839944\n|move|p2a: Iron Bundle|Ice Beam|p1a: Haxorus\n|-supereffective|p1a: Haxorus\n|-damage|p1a: Haxorus|0 fnt\n|faint|p1a: Haxorus\n|\n|win|kmnoi\n|raw|Kiwi123456789101's rating: 1042 &rarr; <strong>1024</strong><br />(-18 for losing)\n|raw|kmnoi's rating: 1000 &rarr; <strong>1045</strong><br />(+45 for winning)\n|l|\u2606Kiwi123456789101\n|player|p1|\n", "inputlog": ">version bfd83cad13791eb5a5a409923076391caf6fb4d4\n>start {\"formatid\":\"gen9randombattle\",\"seed\":[8492,11007,41915,39684],\"rated\":\"Rated battle\"}\n>player p1 {\"name\":\"Kiwi123456789101\",\"avatar\":\"cynthia\",\"rating\":1042,\"seed\":[23171,54576,32613,35831]}\n>player p2 {\"name\":\"kmnoi\",\"avatar\":\"266\",\"rating\":1000,\"seed\":[22177,5327,30177,42306]}\n>p1 switch 3\n>p2 move iciclecrash\n>p1 move doubleedge\n>p2 move iceshard\n>p1 switch 5\n>p1 move heatwave\n>p2 switch 5\n>p1 switch 2\n>p2 move knockoff\n>p1 move freezedry\n>p2 move drainpunch\n>p1 move bravebird\n>p2 move drainpunch\n>p1 switch 6\n>p1 move acrobatics\n>p2 switch 3\n>p1 move gunkshot\n>p2 move scald\n>p1 switch 2\n>p2 move wish\n>p1 move agility\n>p2 switch 4\n>p1 move agility\n>p2 move bodyslam\n>p1 move agility\n>p2 move bodyslam\n>p1 move hurricane\n>p2 move bodyslam\n>p1 move hurricane\n>p2 move bodyslam\n>p1 switch 4\n>p1 move nastyplot\n>p2 move roost\n>p1 move nastyplot\n>p2 move earthquake\n>p1 move shadowball\n>p2 move earthquake\n>p1 move terablast terastallize\n>p2 move earthquake\n>p2 switch 2\n>p1 move shadowball\n>p2 move icebeam\n>p1 switch 2\n>p1 move gunkshot\n>p2 switch 3\n>p1 move acrobatics\n>p2 move icepunch\n>p1 move acrobatics\n>p2 move knockoff\n>p2 switch 4\n>p1 move gunkshot\n>p2 move wish\n>p1 switch 3\n>p1 move swordsdance\n>p2 move flipturn\n>p2 switch 3\n>p1 move ironhead\n>p2 move icebeam", "uploadtime": 1733839947, "views": 1, "formatid": "gen9randombattle", "rating": 1024, "private": 0, "password": null}