{"id": "gen9randombattle-2260719783", "format": "[Gen 9] Random Battle", "players": ["LowkJackson", "fairybred"], "log": "|j|\u2606LowkJackson\n|j|\u2606fairybred\n|t:|1733882629\n|gametype|singles\n|player|p1|LowkJackson|swimmer-gen4dp|\n|player|p2|fairybred|brycen|\n|teamsize|p1|6\n|teamsize|p2|6\n|gen|9\n|tier|[Gen 9] Random Battle\n|rule|Species Clause: Limit one of each Pok\u00e9mon\n|rule|HP Percentage Mod: HP is shown in percentages\n|rule|Sleep Clause Mod: Limit one foe put to sleep\n|rule|Illusion Level Mod: Illusion disguises the Pok\u00e9mon's true level\n|\n|t:|1733882629\n|start\n|switch|p1a: Primarina|Primarina, L83, M|268/268\n|switch|p2a: Frosmoth|Frosmoth, L82, M|249/249\n|turn|1\n|\n|t:|1733882644\n|move|p2a: Frosmoth|Ice Beam|p1a: Primarina\n|-resisted|p1a: Primarina\n|-damage|p1a: Primarina|220/268\n|-status|p1a: Primarina|frz\n|-curestatus|p1a: Primarina|frz|[msg]\n|move|p1a: Primarina|Calm Mind|p1a: Primarina\n|-boost|p1a: Primarina|spa|1\n|-boost|p1a: Primarina|spd|1\n|\n|-heal|p1a: Primarina|236/268|[from] item: Leftovers\n|upkeep\n|turn|2\n|\n|t:|1733882656\n|move|p2a: Frosmoth|Bug Buzz|p1a: Primarina\n|-resisted|p1a: Primarina\n|-damage|p1a: Primarina|205/268\n|move|p1a: Primarina|Calm Mind|p1a: Primarina\n|-boost|p1a: Primarina|spa|1\n|-boost|p1a: Primarina|spd|1\n|\n|-heal|p1a: Primarina|221/268|[from] item: Leftovers\n|upkeep\n|turn|3\n|\n|t:|1733882672\n|switch|p2a: Deoxys|Deoxys, L74|196/196\n|-ability|p2a: Deoxys|Pressure\n|move|p1a: Primarina|Calm Mind|p1a: Primarina\n|-boost|p1a: Primarina|spa|1\n|-boost|p1a: Primarina|spd|1\n|\n|-heal|p1a: Primarina|237/268|[from] item: Leftovers\n|upkeep\n|turn|4\n|\n|t:|1733882686\n|move|p2a: Deoxys|Psycho Boost|p1a: Primarina|[miss]\n|-miss|p2a: Deoxys|p1a: Primarina\n|move|p1a: Primarina|Moonblast|p2a: Deoxys\n|-damage|p2a: Deoxys|0 fnt\n|faint|p2a: Deoxys\n|\n|-heal|p1a: Primarina|253/268|[from] item: Leftovers\n|upkeep\n|\n|t:|1733882730\n|switch|p2a: Haxorus|Haxorus, L77, M|244/244\n|-ability|p2a: Haxorus|Mold Breaker\n|turn|5\n|\n|t:|1733882741\n|-terastallize|p2a: Haxorus|Steel\n|move|p2a: Haxorus|Dragon Dance|p2a: Haxorus\n|-boost|p2a: Haxorus|atk|1\n|-boost|p2a: Haxorus|spe|1\n|move|p1a: Primarina|Draining Kiss|p2a: Haxorus\n|-resisted|p2a: Haxorus\n|-damage|p2a: Haxorus|146/244\n|-heal|p1a: Primarina|268/268|[from] drain|[of] p2a: Haxorus\n|\n|upkeep\n|turn|6\n|\n|t:|1733882752\n|move|p2a: Haxorus|Outrage|p1a: Primarina\n|-immune|p1a: Primarina\n|move|p1a: Primarina|Moonblast|p2a: Haxorus\n|-resisted|p2a: Haxorus\n|-damage|p2a: Haxorus|0 fnt\n|faint|p2a: Haxorus\n|\n|upkeep\n|\n|t:|1733882768\n|switch|p2a: Gothitelle|Gothitelle, L90, F|272/272\n|turn|7\n|\n|t:|1733882780\n|move|p2a: Gothitelle|Thunder Wave|p1a: Primarina\n|-status|p1a: Primarina|par\n|move|p1a: Primarina|Calm Mind|p1a: Primarina\n|-boost|p1a: Primarina|spa|1\n|-boost|p1a: Primarina|spd|1\n|\n|upkeep\n|turn|8\n|\n|t:|1733882790\n|move|p2a: Gothitelle|Psychic Noise|p1a: Primarina\n|-damage|p1a: Primarina|243/268 par\n|-start|p1a: Primarina|move: Heal Block\n|move|p1a: Primarina|Moonblast|p2a: Gothitelle\n|-damage|p2a: Gothitelle|0 fnt\n|faint|p2a: Gothitelle\n|\n|upkeep\n|\n|t:|1733882803\n|switch|p2a: Vigoroth|Vigoroth, L85, F|275/275\n|turn|9\n|\n|t:|1733882821\n|move|p2a: Vigoroth|Body Slam|p1a: Primarina\n|-damage|p1a: Primarina|146/268 par\n|move|p1a: Primarina|Moonblast|p2a: Vigoroth\n|-damage|p2a: Vigoroth|0 fnt\n|faint|p2a: Vigoroth\n|\n|-end|p1a: Primarina|move: Heal Block\n|upkeep\n|\n|t:|1733882832\n|switch|p2a: Corviknight|Corviknight, L80, M|288/288\n|-ability|p2a: Corviknight|Pressure\n|turn|10\n|\n|t:|1733882839\n|move|p2a: Corviknight|Brave Bird|p1a: Primarina\n|-damage|p1a: Primarina|13/268 par\n|-damage|p2a: Corviknight|244/288|[from] Recoil\n|move|p1a: Primarina|Draining Kiss|p2a: Corviknight\n|-resisted|p2a: Corviknight\n|-damage|p2a: Corviknight|138/288\n|-heal|p1a: Primarina|93/268 par|[from] drain|[of] p2a: Corviknight\n|-damage|p1a: Primarina|49/268 par|[from] item: Rocky Helmet|[of] p2a: Corviknight\n|\n|-heal|p1a: Primarina|65/268 par|[from] item: Leftovers\n|upkeep\n|turn|11\n|\n|t:|1733882851\n|move|p2a: Corviknight|Body Press|p1a: Primarina\n|-resisted|p1a: Primarina\n|-damage|p1a: Primarina|32/268 par\n|move|p1a: Primarina|Moonblast|p2a: Corviknight\n|-resisted|p2a: Corviknight\n|-damage|p2a: Corviknight|0 fnt\n|faint|p2a: Corviknight\n|\n|-heal|p1a: Primarina|48/268 par|[from] item: Leftovers\n|upkeep\n|\n|t:|1733882860\n|switch|p2a: Frosmoth|Frosmoth, L82, M|249/249\n|turn|12\n|\n|t:|1733882869\n|-terastallize|p1a: Primarina|Fairy\n|move|p2a: Frosmoth|Bug Buzz|p1a: Primarina\n|-resisted|p1a: Primarina\n|-damage|p1a: Primarina|33/268 par\n|move|p1a: Primarina|Draining Kiss|p2a: Frosmoth\n|-damage|p2a: Frosmoth|87/249\n|-heal|p1a: Primarina|155/268 par|[from] drain|[of] p2a: Frosmoth\n|\n|-heal|p1a: Primarina|171/268 par|[from] item: Leftovers\n|upkeep\n|turn|13\n|\n|t:|1733882881\n|move|p2a: Frosmoth|Tera Blast|p1a: Primarina\n|-damage|p1a: Primarina|152/268 par\n|move|p1a: Primarina|Calm Mind|p1a: Primarina\n|-boost|p1a: Primarina|spa|1\n|-boost|p1a: Primarina|spd|1\n|\n|-heal|p1a: Primarina|168/268 par|[from] item: Leftovers\n|upkeep\n|turn|14\n|\n|t:|1733882890\n|move|p2a: Frosmoth|Ice Beam|p1a: Primarina\n|-damage|p1a: Primarina|141/268 par\n|move|p1a: Primarina|Calm Mind|p1a: Primarina\n|-boost|p1a: Primarina|spa|1\n|-boost|p1a: Primarina|spd|1\n|\n|-heal|p1a: Primarina|157/268 par|[from] item: Leftovers\n|upkeep\n|turn|15\n|inactive|Battle timer is ON: inactive players will automatically lose when time's up. (requested by fairybred)\n|\n|t:|1733882946\n|move|p2a: Frosmoth|Ice Beam|p1a: Primarina\n|-damage|p1a: Primarina|133/268 par\n|move|p1a: Primarina|Draining Kiss|p2a: Frosmoth\n|-damage|p2a: Frosmoth|0 fnt\n|-heal|p1a: Primarina|198/268 par|[from] drain|[of] p2a: Frosmoth\n|faint|p2a: Frosmoth\n|\n|win|LowkJackson\n|l|\u2606fairybred\n|player|p2|\n", "inputlog": ">version bfd83cad13791eb5a5a409923076391caf6fb4d4\n>start {\"formatid\":\"gen9randombattle\",\"seed\":[58279,54780,6619,49851]}\n>player p1 {\"name\":\"LowkJackson\",\"avatar\":\"swimmer-gen4dp\",\"rating\":0,\"seed\":[65531,13925,17003,41176]}\n>player p2 {\"name\":\"fairybred\",\"avatar\":\"brycen\",\"rating\":0,\"seed\":[36586,17242,40017,13951]}\n>p1 move calmmind\n>p2 move icebeam\n>p1 move calmmind\n>p2 move bugbuzz\n>p1 move calmmind\n>p2 switch 3\n>p1 move moonblast\n>p2 move psychoboost\n>p2 switch 5\n>p1 move drainingkiss\n>p2 move dragondance terastallize\n>p1 move moonblast\n>p2 move outrage\n>p2 switch 2\n>p1 move calmmind\n>p2 move thunderwave\n>p1 move moonblast\n>p2 move psychicnoise\n>p2 switch 6\n>p1 move moonblast\n>p2 move bodyslam\n>p2 switch 4\n>p1 move drainingkiss\n>p2 move bravebird\n>p1 move moonblast\n>p2 move bodypress\n>p2 switch 3\n>p1 move drainingkiss terastallize\n>p2 move bugbuzz\n>p1 move calmmind\n>p2 move terablast\n>p1 move calmmind\n>p2 move icebeam\n>p1 move drainingkiss\n>p2 move icebeam", "uploadtime": 1733882961, "views": 14, "formatid": "gen9randombattle", "rating": null, "private": 0, "password": null}