{"id": "gen9randombattle-2260808768", "format": "[Gen 9] Random Battle", "players": ["drux4x", "FantasyWind"], "log": "|j|\u2606drux4x\n|j|\u203dFantasyWind\n|t:|1733895794\n|gametype|singles\n|player|p1|drux4x|lance|1543\n|player|p2|FantasyWind|hilda|1583\n|teamsize|p1|6\n|teamsize|p2|6\n|gen|9\n|tier|[Gen 9] Random Battle\n|rated|\n|rule|Species Clause: Limit one of each Pok\u00e9mon\n|rule|HP Percentage Mod: HP is shown in percentages\n|rule|Sleep Clause Mod: Limit one foe put to sleep\n|rule|Illusion Level Mod: Illusion disguises the Pok\u00e9mon's true level\n|\n|t:|1733895794\n|start\n|switch|p1a: Virizion|Virizion, L82|283/283\n|switch|p2a: Emboar|Emboar, L84, M|322/322\n|turn|1\n|inactive|Battle timer is ON: inactive players will automatically lose when time's up. (requested by FantasyWind)\n|\n|t:|1733895821\n|switch|p1a: Dachsbun|Dachsbun, L92, F|254/254\n|move|p2a: Emboar|Flare Blitz|p1a: Dachsbun\n|-ability|p1a: Dachsbun|Well-Baked Body|boost\n|-boost|p1a: Dachsbun|def|2\n|\n|upkeep\n|turn|2\n|\n|t:|1733895831\n|switch|p2a: Iron Moth|Iron Moth, L78|253/253\n|move|p1a: Dachsbun|Wish|p1a: Dachsbun\n|\n|upkeep\n|turn|3\n|inactive|drux4x has 120 seconds left.\n|\n|t:|1733895877\n|switch|p1a: Girafarig|Girafarig, L89, F|269/269\n|move|p2a: Iron Moth|Toxic Spikes|p1a: Girafarig\n|-sidestart|p1: drux4x|move: Toxic Spikes\n|\n|upkeep\n|turn|4\n|\n|t:|1733895901\n|-terastallize|p2a: Iron Moth|Fire\n|move|p2a: Iron Moth|Toxic Spikes|p1a: Girafarig\n|-sidestart|p1: drux4x|move: Toxic Spikes\n|move|p1a: Girafarig|Psyshock|p2a: Iron Moth\n|-damage|p2a: Iron Moth|136/253\n|\n|upkeep\n|turn|5\n|\n|t:|1733895912\n|move|p2a: Iron Moth|Sludge Wave|p1a: Girafarig\n|-damage|p1a: Girafarig|184/269\n|move|p1a: Girafarig|Nasty Plot|p1a: Girafarig\n|-boost|p1a: Girafarig|spa|2\n|\n|upkeep\n|turn|6\n|\n|t:|1733895917\n|move|p2a: Iron Moth|Sludge Wave|p1a: Girafarig\n|-damage|p1a: Girafarig|94/269\n|move|p1a: Girafarig|Hyper Voice|p2a: Iron Moth\n|-damage|p2a: Iron Moth|0 fnt\n|faint|p2a: Iron Moth\n|-end|p2a: Iron Moth|Quark Drive|[silent]\n|\n|upkeep\n|\n|t:|1733895934\n|switch|p2a: Emboar|Emboar, L84, M|322/322\n|turn|7\n|\n|t:|1733895937\n|switch|p1a: Dachsbun|Dachsbun, L92, F|254/254\n|-status|p1a: Dachsbun|tox\n|move|p2a: Emboar|Knock Off|p1a: Dachsbun\n|-resisted|p1a: Dachsbun\n|-damage|p1a: Dachsbun|224/254 tox\n|-enditem|p1a: Dachsbun|Leftovers|[from] move: Knock Off|[of] p2a: Emboar\n|\n|-damage|p1a: Dachsbun|209/254 tox|[from] psn\n|upkeep\n|turn|8\n|\n|t:|1733895946\n|switch|p2a: Gumshoos|Gumshoos, L95, F|321/321\n|move|p1a: Dachsbun|Wish|p1a: Dachsbun\n|\n|-damage|p1a: Dachsbun|179/254 tox|[from] psn\n|upkeep\n|turn|9\n|\n|t:|1733895957\n|move|p1a: Dachsbun|Play Rough|p2a: Gumshoos|[miss]\n|-miss|p1a: Dachsbun|p2a: Gumshoos\n|move|p2a: Gumshoos|Double-Edge|p1a: Dachsbun\n|-damage|p1a: Dachsbun|0 fnt\n|faint|p1a: Dachsbun\n|-damage|p2a: Gumshoos|262/321|[from] Recoil\n|\n|upkeep\n|\n|t:|1733895960\n|switch|p1a: Girafarig|Girafarig, L89, F|94/269\n|-status|p1a: Girafarig|tox\n|turn|10\n|\n|t:|1733895976\n|move|p1a: Girafarig|Hyper Voice|p2a: Gumshoos\n|-crit|p2a: Gumshoos\n|-damage|p2a: Gumshoos|102/321\n|move|p2a: Gumshoos|Double-Edge|p1a: Girafarig\n|-damage|p1a: Girafarig|0 fnt\n|faint|p1a: Girafarig\n|-damage|p2a: Gumshoos|71/321|[from] Recoil\n|\n|upkeep\n|\n|t:|1733895990\n|switch|p1a: Deoxys|Deoxys-Defense, L84|221/221\n|-status|p1a: Deoxys|tox\n|-ability|p1a: Deoxys|Pressure\n|turn|11\n|\n|t:|1733895993\n|move|p1a: Deoxys|Psychic Noise|p2a: Gumshoos\n|-damage|p2a: Gumshoos|0 fnt\n|faint|p2a: Gumshoos\n|\n|-damage|p1a: Deoxys|208/221 tox|[from] psn\n|upkeep\n|\n|t:|1733896002\n|switch|p2a: Garchomp|Garchomp, L74, M|282/282\n|turn|12\n|\n|t:|1733896022\n|move|p1a: Deoxys|Psychic Noise|p2a: Garchomp\n|-damage|p2a: Garchomp|207/282\n|-start|p2a: Garchomp|move: Heal Block\n|move|p2a: Garchomp|Stealth Rock|p1a: Deoxys\n|-sidestart|p1: drux4x|move: Stealth Rock\n|\n|-heal|p1a: Deoxys|221/221 tox|[from] item: Leftovers\n|-damage|p1a: Deoxys|195/221 tox|[from] psn\n|upkeep\n|turn|13\n|\n|t:|1733896027\n|move|p1a: Deoxys|Stealth Rock|p2a: Garchomp\n|-sidestart|p2: FantasyWind|move: Stealth Rock\n|move|p2a: Garchomp|Spikes|p1a: Deoxys\n|-sidestart|p1: drux4x|Spikes\n|\n|-heal|p1a: Deoxys|208/221 tox|[from] item: Leftovers\n|-damage|p1a: Deoxys|169/221 tox|[from] psn\n|-end|p2a: Garchomp|move: Heal Block\n|upkeep\n|turn|14\n|\n|t:|1733896029\n|move|p1a: Deoxys|Psychic Noise|p2a: Garchomp\n|-damage|p2a: Garchomp|137/282\n|-start|p2a: Garchomp|move: Heal Block\n|move|p2a: Garchomp|Spikes|p1a: Deoxys\n|-sidestart|p1: drux4x|Spikes\n|\n|-heal|p1a: Deoxys|182/221 tox|[from] item: Leftovers\n|-damage|p1a: Deoxys|130/221 tox|[from] psn\n|upkeep\n|turn|15\n|\n|t:|1733896033\n|move|p1a: Deoxys|Spikes|p2a: Garchomp\n|-sidestart|p2: FantasyWind|Spikes\n|move|p2a: Garchomp|Spikes|p1a: Deoxys\n|-sidestart|p1: drux4x|Spikes\n|\n|-heal|p1a: Deoxys|143/221 tox|[from] item: Leftovers\n|-damage|p1a: Deoxys|78/221 tox|[from] psn\n|-end|p2a: Garchomp|move: Heal Block\n|upkeep\n|turn|16\n|\n|t:|1733896037\n|move|p1a: Deoxys|Spikes|p2a: Garchomp\n|-sidestart|p2: FantasyWind|Spikes\n|move|p2a: Garchomp|Earthquake|p1a: Deoxys\n|-damage|p1a: Deoxys|15/221 tox\n|\n|-heal|p1a: Deoxys|28/221 tox|[from] item: Leftovers\n|-damage|p1a: Deoxys|0 fnt|[from] psn\n|faint|p1a: Deoxys\n|upkeep\n|\n|t:|1733896050\n|switch|p1a: Scrafty|Scrafty, L84, M|246/246\n|-status|p1a: Scrafty|tox\n|-damage|p1a: Scrafty|231/246 tox|[from] Stealth Rock\n|-damage|p1a: Scrafty|170/246 tox|[from] Spikes\n|-ability|p1a: Scrafty|Intimidate|boost\n|-unboost|p2a: Garchomp|atk|1\n|turn|17\n|\n|t:|1733896054\n|-terastallize|p1a: Scrafty|Poison\n|move|p2a: Garchomp|Earthquake|p1a: Scrafty\n|-supereffective|p1a: Scrafty\n|-damage|p1a: Scrafty|62/246 tox\n|move|p1a: Scrafty|Dragon Dance|p1a: Scrafty\n|-boost|p1a: Scrafty|atk|1\n|-boost|p1a: Scrafty|spe|1\n|\n|-damage|p1a: Scrafty|47/246 tox|[from] psn\n|upkeep\n|turn|18\n|\n|t:|1733896065\n|move|p1a: Scrafty|Close Combat|p2a: Garchomp\n|-damage|p2a: Garchomp|0 fnt\n|-unboost|p1a: Scrafty|def|1\n|-unboost|p1a: Scrafty|spd|1\n|-damage|p1a: Scrafty|17/246 tox|[from] ability: Rough Skin|[of] p2a: Garchomp\n|-damage|p1a: Scrafty|0 fnt|[from] item: Rocky Helmet|[of] p2a: Garchomp\n|faint|p2a: Garchomp\n|faint|p1a: Scrafty\n|\n|upkeep\n|\n|t:|1733896072\n|switch|p2a: Latios|Latios, L78, M|253/253\n|switch|p1a: Lokix|Lokix, L82, M|251/251\n|-damage|p2a: Latios|222/253|[from] Stealth Rock\n|-status|p1a: Lokix|tox\n|-damage|p1a: Lokix|189/251 tox|[from] Stealth Rock\n|-damage|p1a: Lokix|127/251 tox|[from] Spikes\n|turn|19\n|\n|t:|1733896081\n|switch|p2a: Garganacl|Garganacl, L80, M|291/291\n|-damage|p2a: Garganacl|255/291|[from] Stealth Rock\n|-damage|p2a: Garganacl|207/291|[from] Spikes\n|move|p1a: Lokix|Knock Off|p2a: Garganacl\n|-damage|p2a: Garganacl|102/291\n|-enditem|p2a: Garganacl|Leftovers|[from] move: Knock Off|[of] p1a: Lokix\n|-damage|p1a: Lokix|102/251 tox|[from] item: Life Orb\n|\n|-damage|p1a: Lokix|87/251 tox|[from] psn\n|upkeep\n|turn|20\n|\n|t:|1733896089\n|move|p2a: Garganacl|Protect|p2a: Garganacl\n|-singleturn|p2a: Garganacl|Protect\n|move|p1a: Lokix|Leech Life|p2a: Garganacl\n|-activate|p2a: Garganacl|move: Protect\n|\n|-damage|p1a: Lokix|57/251 tox|[from] psn\n|upkeep\n|turn|21\n|\n|t:|1733896095\n|move|p1a: Lokix|Leech Life|p2a: Garganacl\n|-damage|p2a: Garganacl|19/291\n|-heal|p1a: Lokix|99/251 tox|[from] drain|[of] p2a: Garganacl\n|-damage|p1a: Lokix|74/251 tox|[from] item: Life Orb\n|move|p2a: Garganacl|Recover|p2a: Garganacl\n|-heal|p2a: Garganacl|165/291\n|\n|-damage|p1a: Lokix|29/251 tox|[from] psn\n|upkeep\n|turn|22\n|\n|t:|1733896101\n|move|p1a: Lokix|Leech Life|p2a: Garganacl\n|-damage|p2a: Garganacl|78/291\n|-heal|p1a: Lokix|73/251 tox|[from] drain|[of] p2a: Garganacl\n|-damage|p1a: Lokix|48/251 tox|[from] item: Life Orb\n|move|p2a: Garganacl|Recover|p2a: Garganacl\n|-heal|p2a: Garganacl|224/291\n|\n|-damage|p1a: Lokix|0 fnt|[from] psn\n|faint|p1a: Lokix\n|upkeep\n|\n|t:|1733896105\n|switch|p1a: Virizion|Virizion, L82|283/283\n|-status|p1a: Virizion|tox\n|-damage|p1a: Virizion|266/283 tox|[from] Stealth Rock\n|-damage|p1a: Virizion|196/283 tox|[from] Spikes\n|turn|23\n|-message|drux4x forfeited.\n|\n|win|FantasyWind\n|raw|drux4x's rating: 1543 &rarr; <strong>1525</strong><br />(-18 for losing)\n|raw|FantasyWind's rating: 1583 &rarr; <strong>1601</strong><br />(+18 for winning)\n|l|\u2606drux4x\n|player|p1|\n", "inputlog": ">version bfd83cad13791eb5a5a409923076391caf6fb4d4\n>start {\"formatid\":\"gen9randombattle\",\"seed\":[45028,16314,25535,60078],\"rated\":\"Rated battle\"}\n>player p1 {\"name\":\"drux4x\",\"avatar\":\"lance\",\"rating\":1543,\"seed\":[34827,16295,48330,46261]}\n>player p2 {\"name\":\"FantasyWind\",\"avatar\":\"hilda\",\"rating\":1583,\"seed\":[65450,50845,44138,25888]}\n>p1 switch 5\n>p2 move flareblitz\n>p1 move wish\n>p2 switch 2\n>p1 switch 6\n>p2 move toxicspikes\n>p1 move psyshock\n>p2 move toxicspikes terastallize\n>p1 move nastyplot\n>p2 move sludgewave\n>p1 move hypervoice\n>p2 move sludgewave\n>p2 switch 2\n>p1 switch 6\n>p2 move knockoff\n>p1 move wish\n>p2 switch 3\n>p1 move playrough\n>p2 move doubleedge\n>p1 switch 6\n>p1 move hypervoice\n>p2 move doubleedge\n>p1 switch 4\n>p1 move psychicnoise\n>p2 move doubleedge\n>p2 switch 4\n>p1 move psychicnoise\n>p2 move stealthrock\n>p1 move stealthrock\n>p2 move spikes\n>p1 move psychicnoise\n>p2 move spikes\n>p1 move spikes\n>p2 move spikes\n>p1 move spikes\n>p2 move earthquake\n>p1 switch 3\n>p1 move dragondance terastallize\n>p2 move earthquake\n>p1 move closecombat\n>p2 move earthquake\n>p1 switch 2\n>p2 switch 6\n>p1 move knockoff\n>p2 switch 5\n>p1 move leechlife\n>p2 move protect\n>p1 move leechlife\n>p2 move recover\n>p1 move leechlife\n>p2 move recover\n>p1 switch 5\n>forcelose p1", "uploadtime": 1733896112, "views": 1, "formatid": "gen9randombattle", "rating": 1525, "private": 0, "password": null}