{"id": "gen9randombattle-2260905794", "format": "[Gen 9] Random Battle", "players": ["Zigazoon", "TomoeKon"], "log": "|j|\u2606Zigazoon\n|j|\u2606TomoeKon\n|t:|1733914422\n|gametype|singles\n|player|p1|Zigazoon|hoopster|\n|player|p2|TomoeKon|n|\n|teamsize|p1|6\n|teamsize|p2|6\n|gen|9\n|tier|[Gen 9] Random Battle\n|rule|Species Clause: Limit one of each Pok\u00e9mon\n|rule|HP Percentage Mod: HP is shown in percentages\n|rule|Sleep Clause Mod: Limit one foe put to sleep\n|rule|Illusion Level Mod: Illusion disguises the Pok\u00e9mon's true level\n|\n|t:|1733914422\n|start\n|switch|p1a: Jumpluff|Jumpluff, L87, F|271/271\n|switch|p2a: Empoleon|Empoleon, L84, M|278/278\n|turn|1\n|\n|t:|1733914454\n|move|p1a: Jumpluff|Sleep Powder|p2a: Empoleon|[miss]\n|-miss|p1a: Jumpluff|p2a: Empoleon\n|move|p2a: Empoleon|Flip Turn|p1a: Jumpluff\n|-resisted|p1a: Jumpluff\n|-damage|p1a: Jumpluff|239/271\n|\n|t:|1733914463\n|switch|p2a: Ludicolo|Ludicolo, L90, F|290/290|[from] Flip Turn\n|\n|upkeep\n|turn|2\n|\n|t:|1733914485\n|move|p1a: Jumpluff|U-turn|p2a: Ludicolo\n|-supereffective|p2a: Ludicolo\n|-damage|p2a: Ludicolo|212/290\n|\n|t:|1733914514\n|switch|p1a: Weezing|Weezing, L88, F|258/258|[from] U-turn\n|move|p2a: Ludicolo|Ice Beam|p1a: Weezing\n|-damage|p1a: Weezing|130/258\n|\n|-heal|p1a: Weezing|146/258|[from] item: Leftovers\n|upkeep\n|turn|3\n|\n|t:|1733914532\n|switch|p2a: Empoleon|Empoleon, L84, M|278/278\n|move|p1a: Weezing|Pain Split|p2a: Empoleon\n|-sethp|p2a: Empoleon|212/278|[from] move: Pain Split|[silent]\n|-sethp|p1a: Weezing|212/258|[from] move: Pain Split\n|\n|-heal|p1a: Weezing|228/258|[from] item: Leftovers\n|-heal|p2a: Empoleon|229/278|[from] item: Leftovers\n|upkeep\n|turn|4\n|\n|t:|1733914550\n|move|p1a: Weezing|Will-O-Wisp|p2a: Empoleon\n|-status|p2a: Empoleon|brn\n|move|p2a: Empoleon|Surf|p1a: Weezing\n|-damage|p1a: Weezing|119/258\n|\n|-heal|p1a: Weezing|135/258|[from] item: Leftovers\n|-heal|p2a: Empoleon|246/278 brn|[from] item: Leftovers\n|-damage|p2a: Empoleon|229/278 brn|[from] brn\n|upkeep\n|turn|5\n|\n|t:|1733914562\n|move|p1a: Weezing|Pain Split|p2a: Empoleon\n|-sethp|p2a: Empoleon|182/278 brn|[from] move: Pain Split|[silent]\n|-sethp|p1a: Weezing|182/258|[from] move: Pain Split\n|move|p2a: Empoleon|Surf|p1a: Weezing\n|-damage|p1a: Weezing|65/258\n|\n|-heal|p1a: Weezing|81/258|[from] item: Leftovers\n|-heal|p2a: Empoleon|199/278 brn|[from] item: Leftovers\n|-damage|p2a: Empoleon|182/278 brn|[from] brn\n|upkeep\n|turn|6\n|\n|t:|1733914581\n|switch|p1a: Jumpluff|Jumpluff, L87, F|239/271\n|move|p2a: Empoleon|Surf|p1a: Jumpluff\n|-resisted|p1a: Jumpluff\n|-damage|p1a: Jumpluff|194/271\n|\n|-heal|p2a: Empoleon|199/278 brn|[from] item: Leftovers\n|-damage|p2a: Empoleon|182/278 brn|[from] brn\n|upkeep\n|turn|7\n|\n|t:|1733914596\n|move|p1a: Jumpluff|U-turn|p2a: Empoleon\n|-resisted|p2a: Empoleon\n|-damage|p2a: Empoleon|165/278 brn\n|\n|t:|1733914613\n|switch|p1a: Lurantis|Lurantis, L87, F|264/264|[from] U-turn\n|move|p2a: Empoleon|Roost|p2a: Empoleon\n|-heal|p2a: Empoleon|278/278 brn\n|-singleturn|p2a: Empoleon|move: Roost\n|\n|-damage|p2a: Empoleon|261/278 brn|[from] brn\n|upkeep\n|turn|8\n|\n|t:|1733914643\n|move|p2a: Empoleon|Flip Turn|p1a: Lurantis\n|-resisted|p1a: Lurantis\n|-damage|p1a: Lurantis|249/264\n|\n|t:|1733914650\n|switch|p2a: Sandslash|Sandslash-Alola, L88, F|275/275|[from] Flip Turn\n|move|p1a: Lurantis|Superpower|p2a: Sandslash\n|-supereffective|p2a: Sandslash\n|-damage|p2a: Sandslash|0 fnt\n|-boost|p1a: Lurantis|atk|1\n|-boost|p1a: Lurantis|def|1\n|faint|p2a: Sandslash\n|\n|upkeep\n|\n|t:|1733914660\n|switch|p2a: Ludicolo|Ludicolo, L90, F|212/290\n|turn|9\n|\n|t:|1733914689\n|move|p2a: Ludicolo|Ice Beam|p1a: Lurantis\n|-supereffective|p1a: Lurantis\n|-damage|p1a: Lurantis|127/264\n|move|p1a: Lurantis|Leech Life|p2a: Ludicolo\n|-supereffective|p2a: Ludicolo\n|-damage|p2a: Ludicolo|0 fnt\n|-heal|p1a: Lurantis|233/264|[from] drain|[of] p2a: Ludicolo\n|faint|p2a: Ludicolo\n|\n|upkeep\n|\n|t:|1733914720\n|switch|p2a: Hitmontop|Hitmontop, L88, M|231/231\n|-ability|p2a: Hitmontop|Intimidate|boost\n|-boost|p1a: Lurantis|atk|1\n|turn|10\n|\n|t:|1733914787\n|move|p2a: Hitmontop|Close Combat|p1a: Lurantis\n|-damage|p1a: Lurantis|140/264\n|-unboost|p2a: Hitmontop|def|1\n|-unboost|p2a: Hitmontop|spd|1\n|move|p1a: Lurantis|Superpower|p2a: Hitmontop\n|-damage|p2a: Hitmontop|0 fnt\n|-boost|p1a: Lurantis|atk|1\n|-boost|p1a: Lurantis|def|1\n|faint|p2a: Hitmontop\n|\n|upkeep\n|\n|t:|1733914809\n|switch|p2a: Raichu|Raichu, L88, M|249/249\n|turn|11\n|\n|t:|1733914843\n|move|p2a: Raichu|Focus Blast|p1a: Lurantis|[miss]\n|-miss|p2a: Raichu|p1a: Lurantis\n|move|p1a: Lurantis|Superpower|p2a: Raichu\n|-damage|p2a: Raichu|0 fnt\n|-boost|p1a: Lurantis|atk|1\n|-boost|p1a: Lurantis|def|1\n|faint|p2a: Raichu\n|\n|upkeep\n|\n|t:|1733914852\n|switch|p2a: Ursaluna|Ursaluna, L79, F|335/335\n|turn|12\n|\n|t:|1733914889\n|-terastallize|p2a: Ursaluna|Normal\n|move|p1a: Lurantis|Superpower|p2a: Ursaluna\n|-supereffective|p2a: Ursaluna\n|-damage|p2a: Ursaluna|0 fnt\n|-boost|p1a: Lurantis|atk|1\n|-boost|p1a: Lurantis|def|1\n|faint|p2a: Ursaluna\n|\n|upkeep\n|\n|t:|1733914896\n|switch|p2a: Empoleon|Empoleon, L84, M|261/278 brn\n|turn|13\n|\n|t:|1733914902\n|move|p2a: Empoleon|Surf|p1a: Lurantis\n|-resisted|p1a: Lurantis\n|-damage|p1a: Lurantis|108/264\n|move|p1a: Lurantis|Superpower|p2a: Empoleon\n|-supereffective|p2a: Empoleon\n|-damage|p2a: Empoleon|0 fnt\n|-boost|p1a: Lurantis|atk|1\n|-boost|p1a: Lurantis|def|1\n|faint|p2a: Empoleon\n|\n|win|Zigazoon\n", "inputlog": ">version bfd83cad13791eb5a5a409923076391caf6fb4d4\n>start {\"formatid\":\"gen9randombattle\",\"seed\":[35632,30746,3796,10714]}\n>player p1 {\"name\":\"Zigazoon\",\"avatar\":\"hoopster\",\"rating\":0,\"seed\":[24235,29053,33363,4795]}\n>player p2 {\"name\":\"TomoeKon\",\"avatar\":\"n\",\"rating\":0,\"seed\":[48940,58062,59930,23832]}\n>p1 move sleeppowder\n>p2 move flipturn\n>p2 switch 5\n>p1 move uturn\n>p2 move icebeam\n>p1 switch 2\n>p1 move painsplit\n>p2 switch 5\n>p1 move willowisp\n>p2 move surf\n>p1 move painsplit\n>p2 move surf\n>p1 switch 2\n>p2 move surf\n>p1 move uturn\n>p2 move roost\n>p1 switch 4\n>p1 move superpower\n>p2 move flipturn\n>p2 switch 2\n>p2 switch 5\n>p1 move leechlife\n>p2 move icebeam\n>p2 switch 4\n>p1 move superpower\n>p2 move closecombat\n>p2 switch 3\n>p1 move superpower\n>p2 move focusblast\n>p2 switch 6\n>p1 move superpower\n>p2 move facade terastallize\n>p2 switch 2\n>p1 move superpower\n>p2 move surf", "uploadtime": 1733914913, "views": 2, "formatid": "gen9randombattle", "rating": null, "private": 0, "password": null}