{"id": "gen9randombattle-2259960164", "format": "[Gen 9] Random Battle", "players": ["thereadscare", "trap$tarfox"], "log": "|j|\u2606thereadscare\n|j|\u2606trap$tarfox\n|t:|1733784525\n|gametype|singles\n|player|p1|thereadscare|psychic-gen4|1472\n|player|p2|trap$tarfox|proton|1443\n|teamsize|p1|6\n|teamsize|p2|6\n|gen|9\n|tier|[Gen 9] Random Battle\n|rated|\n|rule|Species Clause: Limit one of each Pok\u00e9mon\n|rule|HP Percentage Mod: HP is shown in percentages\n|rule|Sleep Clause Mod: Limit one foe put to sleep\n|rule|Illusion Level Mod: Illusion disguises the Pok\u00e9mon's true level\n|\n|t:|1733784525\n|start\n|switch|p1a: Koraidon|Koraidon, L64|235/235\n|switch|p2a: Uxie|Uxie, L83|260/260\n|-weather|SunnyDay|[from] ability: Orichalcum Pulse|[of] p1a: Koraidon\n|-activate|p1a: Koraidon|Orichalcum Pulse|[source]\n|turn|1\n|\n|t:|1733784550\n|switch|p1a: Iron Jugulis|Iron Jugulis, L78|275/275\n|move|p2a: Uxie|Thunder Wave|p1a: Iron Jugulis\n|-status|p1a: Iron Jugulis|par\n|\n|-weather|SunnyDay|[upkeep]\n|upkeep\n|turn|2\n|\n|t:|1733784566\n|switch|p2a: Iron Treads|Iron Treads, L77|265/265\n|move|p1a: Iron Jugulis|Hydro Pump|p2a: Iron Treads\n|-supereffective|p2a: Iron Treads\n|-crit|p2a: Iron Treads\n|-damage|p2a: Iron Treads|119/265\n|\n|-weather|SunnyDay|[upkeep]\n|upkeep\n|turn|3\n|\n|t:|1733784591\n|-end|p1a: Iron Jugulis|Quark Drive|[silent]\n|switch|p1a: Koraidon|Koraidon, L64|235/235\n|-activate|p1a: Koraidon|ability: Orichalcum Pulse\n|move|p2a: Iron Treads|Iron Head|p1a: Koraidon\n|-crit|p1a: Koraidon\n|-damage|p1a: Koraidon|112/235\n|\n|-weather|SunnyDay|[upkeep]\n|upkeep\n|turn|4\n|inactive|Battle timer is ON: inactive players will automatically lose when time's up. (requested by thereadscare)\n|\n|t:|1733784605\n|move|p1a: Koraidon|Swords Dance|p1a: Koraidon\n|-boost|p1a: Koraidon|atk|2\n|move|p2a: Iron Treads|Earthquake|p1a: Koraidon\n|-damage|p1a: Koraidon|7/235\n|\n|-weather|SunnyDay|[upkeep]\n|upkeep\n|turn|5\n|\n|t:|1733784612\n|move|p1a: Koraidon|Collision Course|p2a: Iron Treads\n|-supereffective|p2a: Iron Treads\n|-damage|p2a: Iron Treads|0 fnt\n|faint|p2a: Iron Treads\n|-end|p2a: Iron Treads|Quark Drive|[silent]\n|\n|-weather|none\n|upkeep\n|\n|t:|1733784636\n|switch|p2a: Uxie|Uxie, L83|260/260\n|turn|6\n|\n|t:|1733784642\n|move|p1a: Koraidon|Flare Blitz|p2a: Uxie\n|-damage|p2a: Uxie|165/260\n|-damage|p1a: Koraidon|0 fnt|[from] Recoil\n|faint|p1a: Koraidon\n|move|p2a: Uxie|Psychic Noise|p1: Koraidon|[notarget]\n|-fail|p2a: Uxie\n|\n|-heal|p2a: Uxie|181/260|[from] item: Leftovers\n|upkeep\n|\n|t:|1733784653\n|switch|p1a: Hoopa|Hoopa, L85|275/275\n|turn|7\n|\n|t:|1733784670\n|switch|p1a: Iron Jugulis|Iron Jugulis, L78|275/275 par\n|move|p2a: Uxie|Thunder Wave|p1a: Iron Jugulis\n|-fail|p1a: Iron Jugulis|par\n|\n|-heal|p2a: Uxie|197/260|[from] item: Leftovers\n|upkeep\n|turn|8\n|\n|t:|1733784677\n|move|p2a: Uxie|Stealth Rock|p1a: Iron Jugulis\n|-sidestart|p1: thereadscare|move: Stealth Rock\n|move|p1a: Iron Jugulis|Dark Pulse|p2a: Uxie\n|-supereffective|p2a: Uxie\n|-damage|p2a: Uxie|11/260\n|\n|-heal|p2a: Uxie|27/260|[from] item: Leftovers\n|upkeep\n|turn|9\n|\n|t:|1733784682\n|move|p2a: Uxie|Encore|p1a: Iron Jugulis\n|-start|p1a: Iron Jugulis|Encore\n|move|p1a: Iron Jugulis|Dark Pulse|p2a: Uxie\n|-supereffective|p2a: Uxie\n|-damage|p2a: Uxie|0 fnt\n|faint|p2a: Uxie\n|\n|upkeep\n|\n|t:|1733784690\n|switch|p2a: Keldeo|Keldeo-Resolute, L79|273/273\n|turn|10\n|\n|t:|1733784712\n|-end|p1a: Iron Jugulis|Quark Drive|[silent]\n|switch|p1a: Hoopa|Hoopa, L85|275/275\n|-damage|p1a: Hoopa|241/275|[from] Stealth Rock\n|move|p2a: Keldeo|Calm Mind|p2a: Keldeo\n|-boost|p2a: Keldeo|spa|1\n|-boost|p2a: Keldeo|spd|1\n|\n|upkeep\n|turn|11\n|inactive|trap$tarfox has 120 seconds left.\n|\n|t:|1733784750\n|switch|p2a: Avalugg|Avalugg-Hisui, L90, F|317/317\n|move|p1a: Hoopa|Psyshock|p2a: Avalugg\n|-damage|p2a: Avalugg|235/317\n|-damage|p1a: Hoopa|214/275|[from] item: Life Orb\n|\n|upkeep\n|turn|12\n|inactive|trap$tarfox has 120 seconds left.\n|\n|t:|1733784758\n|move|p1a: Hoopa|Focus Blast|p2a: Avalugg\n|-supereffective|p2a: Avalugg\n|-damage|p2a: Avalugg|0 fnt\n|faint|p2a: Avalugg\n|-damage|p1a: Hoopa|187/275|[from] item: Life Orb\n|\n|upkeep\n|inactive|trap$tarfox has 120 seconds left.\n|\n|t:|1733784771\n|switch|p2a: Flamigo|Flamigo, L82, M|269/269\n|turn|13\n|\n|t:|1733784784\n|switch|p1a: Iron Jugulis|Iron Jugulis, L78|275/275 par\n|-damage|p1a: Iron Jugulis|207/275 par|[from] Stealth Rock\n|move|p2a: Flamigo|Brave Bird|p1a: Iron Jugulis\n|-damage|p1a: Iron Jugulis|0 fnt\n|faint|p1a: Iron Jugulis\n|-end|p1a: Iron Jugulis|Quark Drive|[silent]\n|-damage|p2a: Flamigo|201/269|[from] Recoil\n|\n|upkeep\n|\n|t:|1733784791\n|switch|p1a: Inteleon|Inteleon, L81, F|246/246\n|-damage|p1a: Inteleon|216/246|[from] Stealth Rock\n|turn|14\n|\n|t:|1733784803\n|move|p1a: Inteleon|Ice Beam|p2a: Flamigo\n|-supereffective|p2a: Flamigo\n|-damage|p2a: Flamigo|0 fnt\n|faint|p2a: Flamigo\n|\n|upkeep\n|\n|t:|1733784812\n|switch|p2a: Pincurchin|Pincurchin, F|258/258\n|-fieldstart|move: Electric Terrain|[from] ability: Electric Surge|[of] p2a: Pincurchin\n|turn|15\n|inactive|thereadscare has 120 seconds left.\n|\n|t:|1733784864\n|switch|p1a: Terapagos|Terapagos, L76, F|262/262\n|-activate|p1a: Terapagos|ability: Tera Shift\n|detailschange|p1a: Terapagos|Terapagos-Terastal, L76, F\n|-heal|p1a: Terapagos|269/269|[silent]\n|move|p2a: Pincurchin|Zing Zap|p1a: Terapagos\n|-activate|p1a: Terapagos|ability: Tera Shell\n|-resisted|p1a: Terapagos\n|-damage|p1a: Terapagos|191/269\n|\n|upkeep\n|turn|16\n|inactive|thereadscare has 90 seconds left.\n|\n|t:|1733784885\n|move|p1a: Terapagos|Dark Pulse|p2a: Pincurchin\n|-crit|p2a: Pincurchin\n|-damage|p2a: Pincurchin|196/258\n|move|p2a: Pincurchin|Curse|p2a: Pincurchin\n|-unboost|p2a: Pincurchin|spe|1\n|-boost|p2a: Pincurchin|atk|1\n|-boost|p2a: Pincurchin|def|1\n|\n|-heal|p2a: Pincurchin|212/258|[from] item: Leftovers\n|upkeep\n|turn|17\n|\n|t:|1733784891\n|move|p1a: Terapagos|Calm Mind|p1a: Terapagos\n|-boost|p1a: Terapagos|spa|1\n|-boost|p1a: Terapagos|spd|1\n|move|p2a: Pincurchin|Zing Zap|p1a: Terapagos\n|-damage|p1a: Terapagos|0 fnt\n|faint|p1a: Terapagos\n|\n|-heal|p2a: Pincurchin|228/258|[from] item: Leftovers\n|upkeep\n|inactive|thereadscare has 90 seconds left.\n|\n|t:|1733784909\n|switch|p1a: Hoopa|Hoopa, L85|187/275\n|-damage|p1a: Hoopa|153/275|[from] Stealth Rock\n|turn|18\n|inactive|thereadscare has 90 seconds left.\n|\n|t:|1733784920\n|move|p1a: Hoopa|Focus Blast|p2a: Pincurchin|[miss]\n|-miss|p1a: Hoopa|p2a: Pincurchin\n|move|p2a: Pincurchin|Liquidation|p1a: Hoopa\n|-damage|p1a: Hoopa|0 fnt\n|faint|p1a: Hoopa\n|\n|-heal|p2a: Pincurchin|244/258|[from] item: Leftovers\n|upkeep\n|inactive|thereadscare has 90 seconds left.\n|\n|t:|1733784931\n|switch|p1a: Blaziken|Blaziken, L76, F|247/247\n|-damage|p1a: Blaziken|217/247|[from] Stealth Rock\n|turn|19\n|inactive|thereadscare has 90 seconds left.\n|\n|t:|1733784956\n|-terastallize|p1a: Blaziken|Dark\n|move|p1a: Blaziken|Swords Dance|p1a: Blaziken\n|-boost|p1a: Blaziken|atk|2\n|move|p2a: Pincurchin|Zing Zap|p1a: Blaziken\n|-damage|p1a: Blaziken|0 fnt\n|faint|p1a: Blaziken\n|\n|-heal|p2a: Pincurchin|258/258|[from] item: Leftovers\n|-fieldend|move: Electric Terrain\n|upkeep\n|inactive|thereadscare has 90 seconds left.\n|\n|t:|1733784965\n|switch|p1a: Inteleon|Inteleon, L81, F|216/246\n|-damage|p1a: Inteleon|186/246|[from] Stealth Rock\n|turn|20\n|\n|t:|1733784973\n|move|p1a: Inteleon|Ice Beam|p2a: Pincurchin\n|-damage|p2a: Pincurchin|159/258\n|move|p2a: Pincurchin|Zing Zap|p1a: Inteleon\n|-supereffective|p1a: Inteleon\n|-damage|p1a: Inteleon|0 fnt\n|faint|p1a: Inteleon\n|\n|win|trap$tarfox\n|raw|thereadscare's rating: 1472 &rarr; <strong>1450</strong><br />(-22 for losing)\n|raw|trap$tarfox's rating: 1443 &rarr; <strong>1465</strong><br />(+22 for winning)\n", "inputlog": ">version bfd83cad13791eb5a5a409923076391caf6fb4d4\n>start {\"formatid\":\"gen9randombattle\",\"seed\":[33884,1888,22784,52508],\"rated\":\"Rated battle\"}\n>player p1 {\"name\":\"thereadscare\",\"avatar\":\"psychic-gen4\",\"rating\":1472,\"seed\":[35689,10599,60851,15899]}\n>player p2 {\"name\":\"trap$tarfox\",\"avatar\":\"proton\",\"rating\":1443,\"seed\":[37482,56733,32208,46833]}\n>p1 switch 5\n>p2 move thunderwave\n>p1 move hydropump\n>p2 switch 5\n>p1 switch 5\n>p2 move ironhead\n>p1 move swordsdance\n>p2 move earthquake\n>p1 move collisioncourse\n>p2 move voltswitch\n>p2 switch 5\n>p1 move flareblitz\n>p2 move psychicnoise\n>p1 switch 3\n>p1 switch 5\n>p2 move thunderwave\n>p1 move darkpulse\n>p2 move stealthrock\n>p1 move darkpulse\n>p2 move encore\n>p2 switch 3\n>p1 switch 5\n>p2 move calmmind\n>p1 move psyshock\n>p2 switch 4\n>p1 move focusblast\n>p2 move avalanche\n>p2 switch 6\n>p1 switch 5\n>p2 move bravebird\n>p1 switch 6\n>p1 move icebeam\n>p2 move bravebird\n>p2 switch 2\n>p1 switch 4\n>p2 move zingzap\n>p1 move darkpulse\n>p2 move curse\n>p1 move calmmind\n>p2 move zingzap\n>p1 switch 5\n>p1 move focusblast\n>p2 move liquidation\n>p1 switch 2\n>p1 move swordsdance terastallize\n>p2 move zingzap\n>p1 switch 4\n>p1 move icebeam\n>p2 move zingzap", "uploadtime": 1733784983, "views": 2, "formatid": "gen9randombattle", "rating": 1450, "private": 0, "password": null}