{"id": "gen9randombattle-2260916800", "format": "[Gen 9] Random Battle", "players": ["Magikarpitalism", "Randbatsaibot"], "log": "|j|\u2606Magikarpitalism\n|j|\u2606Randbatsaibot\n|t:|1733916326\n|gametype|singles\n|player|p1|Magikarpitalism|adaman|2230\n|player|p2|Randbatsaibot|1|2245\n|teamsize|p1|6\n|teamsize|p2|6\n|gen|9\n|tier|[Gen 9] Random Battle\n|rated|\n|rule|Species Clause: Limit one of each Pok\u00e9mon\n|rule|HP Percentage Mod: HP is shown in percentages\n|rule|Sleep Clause Mod: Limit one foe put to sleep\n|rule|Illusion Level Mod: Illusion disguises the Pok\u00e9mon's true level\n|\n|t:|1733916326\n|start\n|switch|p1a: Brambleghast|Brambleghast, L88, M|240/240\n|switch|p2a: Breloom|Breloom, L82, F|233/233\n|turn|1\n|\n|t:|1733916389\n|switch|p2a: Probopass|Probopass, L92, M|260/260\n|move|p1a: Brambleghast|Poltergeist|p2a: Probopass\n|-activate|p2a: Probopass|move: Poltergeist|Leftovers\n|-damage|p2a: Probopass|176/260\n|\n|-heal|p2a: Probopass|192/260|[from] item: Leftovers\n|upkeep\n|turn|2\n|\n|t:|1733916398\n|move|p1a: Brambleghast|Power Whip|p2a: Probopass\n|-crit|p2a: Probopass\n|-damage|p2a: Probopass|54/260\n|move|p2a: Probopass|Iron Defense|p2a: Probopass\n|-boost|p2a: Probopass|def|2\n|\n|-heal|p2a: Probopass|70/260|[from] item: Leftovers\n|upkeep\n|turn|3\n|\n|t:|1733916406\n|move|p1a: Brambleghast|Power Whip|p2a: Probopass\n|-damage|p2a: Probopass|24/260\n|move|p2a: Probopass|Flash Cannon|p1a: Brambleghast\n|-damage|p1a: Brambleghast|147/240\n|\n|-heal|p2a: Probopass|40/260|[from] item: Leftovers\n|upkeep\n|turn|4\n|\n|t:|1733916413\n|move|p1a: Brambleghast|Poltergeist|p2a: Probopass\n|-activate|p2a: Probopass|move: Poltergeist|Leftovers\n|-damage|p2a: Probopass|0 fnt\n|faint|p2a: Probopass\n|\n|upkeep\n|\n|t:|1733916422\n|switch|p2a: Noivern|Noivern, L82, M|274/274\n|turn|5\n|\n|t:|1733916427\n|move|p2a: Noivern|Flamethrower|p1a: Brambleghast\n|-supereffective|p1a: Brambleghast\n|-damage|p1a: Brambleghast|0 fnt\n|faint|p1a: Brambleghast\n|\n|upkeep\n|\n|t:|1733916430\n|switch|p1a: Cyclizar|Cyclizar, L83, M|252/252\n|turn|6\n|\n|t:|1733916438\n|switch|p2a: Slowbro|Slowbro-Galar, L87, F|307/307\n|move|p1a: Cyclizar|Shed Tail|p1a: Cyclizar\n|-start|p1a: Cyclizar|Substitute|[from] move: Shed Tail\n|-damage|p1a: Cyclizar|126/252\n|\n|t:|1733916449\n|switch|p1a: Toedscruel|Toedscruel, L87, F|281/281|[from] Shed Tail\n|\n|upkeep\n|turn|7\n|\n|t:|1733916457\n|move|p1a: Toedscruel|Earth Power|p2a: Slowbro\n|-supereffective|p2a: Slowbro\n|-damage|p2a: Slowbro|175/307\n|move|p2a: Slowbro|Shell Side Arm|p1a: Toedscruel|[anim] Shell Side Arm Physical\n|-end|p1a: Toedscruel|Substitute\n|-hint|Physical Shell Side Arm\n|\n|upkeep\n|turn|8\n|\n|t:|1733916464\n|move|p2a: Slowbro|Shell Side Arm|p1a: Toedscruel|[anim] Shell Side Arm Physical\n|-damage|p1a: Toedscruel|154/281\n|-hint|Physical Shell Side Arm\n|move|p1a: Toedscruel|Spore|p2a: Slowbro\n|-status|p2a: Slowbro|slp|[from] move: Spore\n|\n|-heal|p1a: Toedscruel|171/281|[from] item: Leftovers\n|upkeep\n|turn|9\n|\n|t:|1733916470\n|switch|p1a: Cyclizar|Cyclizar, L83, M|210/252\n|switch|p2a: Noivern|Noivern, L82, M|274/274\n|\n|upkeep\n|turn|10\n|\n|t:|1733916476\n|switch|p1a: Granbull|Granbull, L88, F|302/302\n|-ability|p1a: Granbull|Intimidate|boost\n|-unboost|p2a: Noivern|atk|1\n|move|p2a: Noivern|Draco Meteor|p1a: Granbull\n|-immune|p1a: Granbull\n|\n|upkeep\n|turn|11\n|\n|t:|1733916481\n|switch|p2a: Breloom|Breloom, L82, F|233/233\n|move|p1a: Granbull|Thunder Wave|p2a: Breloom\n|-status|p2a: Breloom|par\n|\n|upkeep\n|turn|12\n|\n|t:|1733916488\n|move|p1a: Granbull|Play Rough|p2a: Breloom\n|-supereffective|p2a: Breloom\n|-damage|p2a: Breloom|0 fnt\n|faint|p2a: Breloom\n|\n|upkeep\n|\n|t:|1733916493\n|switch|p2a: Garganacl|Garganacl, L80, M|291/291\n|turn|13\n|\n|t:|1733916499\n|move|p1a: Granbull|Earthquake|p2a: Garganacl\n|-supereffective|p2a: Garganacl\n|-damage|p2a: Garganacl|157/291\n|move|p2a: Garganacl|Salt Cure|p1a: Granbull\n|-damage|p1a: Granbull|256/302\n|-start|p1a: Granbull|Salt Cure\n|\n|-heal|p1a: Granbull|274/302|[from] item: Leftovers\n|-heal|p2a: Garganacl|175/291|[from] item: Leftovers\n|-damage|p1a: Granbull|237/302|[from] Salt Cure\n|upkeep\n|turn|14\n|inactive|Battle timer is ON: inactive players will automatically lose when time's up. (requested by Randbatsaibot)\n|\n|t:|1733916505\n|switch|p1a: Toedscruel|Toedscruel, L87, F|171/281\n|move|p2a: Garganacl|Recover|p2a: Garganacl\n|-heal|p2a: Garganacl|291/291\n|\n|-heal|p1a: Toedscruel|188/281|[from] item: Leftovers\n|upkeep\n|turn|15\n|\n|t:|1733916509\n|move|p1a: Toedscruel|Leaf Storm|p2a: Garganacl\n|-supereffective|p2a: Garganacl\n|-damage|p2a: Garganacl|19/291\n|-unboost|p1a: Toedscruel|spa|2\n|move|p2a: Garganacl|Salt Cure|p1a: Toedscruel\n|-resisted|p1a: Toedscruel\n|-damage|p1a: Toedscruel|164/281\n|-start|p1a: Toedscruel|Salt Cure\n|\n|-heal|p1a: Toedscruel|181/281|[from] item: Leftovers\n|-heal|p2a: Garganacl|37/291|[from] item: Leftovers\n|-damage|p1a: Toedscruel|146/281|[from] Salt Cure\n|upkeep\n|turn|16\n|\n|t:|1733916514\n|switch|p1a: Pelipper|Pelipper, L86, F|243/243\n|-weather|RainDance|[from] ability: Drizzle|[of] p1a: Pelipper\n|move|p2a: Garganacl|Protect||[still]\n|-fail|p2a: Garganacl\n|\n|-weather|RainDance|[upkeep]\n|-heal|p2a: Garganacl|55/291|[from] item: Leftovers\n|upkeep\n|turn|17\n|\n|t:|1733916522\n|move|p2a: Garganacl|Protect|p2a: Garganacl\n|-singleturn|p2a: Garganacl|Protect\n|move|p1a: Pelipper|Surf|p2a: Garganacl\n|-activate|p2a: Garganacl|move: Protect\n|\n|-weather|RainDance|[upkeep]\n|-heal|p2a: Garganacl|73/291|[from] item: Leftovers\n|upkeep\n|turn|18\n|\n|t:|1733916532\n|switch|p2a: Tatsugiri|Tatsugiri-Stretchy, L87, F|260/260\n|move|p1a: Pelipper|Hurricane|p2a: Tatsugiri\n|-damage|p2a: Tatsugiri|158/260\n|\n|-weather|RainDance|[upkeep]\n|upkeep\n|turn|19\n|\n|t:|1733916540\n|move|p2a: Tatsugiri|Hydro Pump|p1a: Pelipper\n|-resisted|p1a: Pelipper\n|-damage|p1a: Pelipper|126/243\n|move|p1a: Pelipper|Hurricane|p2a: Tatsugiri\n|-damage|p2a: Tatsugiri|47/260\n|\n|-weather|RainDance|[upkeep]\n|upkeep\n|turn|20\n|\n|t:|1733916549\n|move|p2a: Tatsugiri|Hydro Pump|p1a: Pelipper\n|-resisted|p1a: Pelipper\n|-damage|p1a: Pelipper|0 fnt\n|faint|p1a: Pelipper\n|\n|-weather|none\n|upkeep\n|\n|t:|1733916558\n|switch|p1a: Cyclizar|Cyclizar, L83, M|252/252\n|turn|21\n|\n|t:|1733916571\n|move|p1a: Cyclizar|Knock Off|p2a: Tatsugiri\n|-damage|p2a: Tatsugiri|0 fnt\n|-enditem|p2a: Tatsugiri|Heavy-Duty Boots|[from] move: Knock Off|[of] p1a: Cyclizar\n|faint|p2a: Tatsugiri\n|\n|upkeep\n|\n|t:|1733916575\n|switch|p2a: Noivern|Noivern, L82, M|274/274\n|turn|22\n|\n|t:|1733916585\n|-terastallize|p2a: Noivern|Normal\n|move|p1a: Cyclizar|Draco Meteor|p2a: Noivern\n|-damage|p2a: Noivern|138/274\n|-unboost|p1a: Cyclizar|spa|2\n|move|p2a: Noivern|Boomburst|p1a: Cyclizar\n|-damage|p1a: Cyclizar|2/252\n|\n|upkeep\n|turn|23\n|\n|t:|1733916595\n|move|p2a: Noivern|Boomburst|p1a: Cyclizar\n|-damage|p1a: Cyclizar|0 fnt\n|faint|p1a: Cyclizar\n|\n|upkeep\n|\n|t:|1733916597\n|switch|p1a: Pincurchin|Pincurchin, F|258/258\n|-fieldstart|move: Electric Terrain|[from] ability: Electric Surge|[of] p1a: Pincurchin\n|turn|24\n|\n|t:|1733916601\n|move|p2a: Noivern|Boomburst|p1a: Pincurchin\n|-damage|p1a: Pincurchin|84/258\n|move|p1a: Pincurchin|Discharge|p2a: Noivern\n|-damage|p2a: Noivern|0 fnt\n|faint|p2a: Noivern\n|\n|-heal|p1a: Pincurchin|100/258|[from] item: Leftovers\n|upkeep\n|\n|t:|1733916605\n|switch|p2a: Garganacl|Garganacl, L80, M|73/291\n|turn|25\n|\n|t:|1733916611\n|move|p2a: Garganacl|Earthquake|p1a: Pincurchin\n|-supereffective|p1a: Pincurchin\n|-damage|p1a: Pincurchin|0 fnt\n|faint|p1a: Pincurchin\n|\n|-heal|p2a: Garganacl|91/291|[from] item: Leftovers\n|upkeep\n|\n|t:|1733916614\n|switch|p1a: Toedscruel|Toedscruel, L87, F|146/281\n|turn|26\n|\n|t:|1733916621\n|move|p1a: Toedscruel|Earth Power|p2a: Garganacl\n|-supereffective|p2a: Garganacl\n|-damage|p2a: Garganacl|0 fnt\n|faint|p2a: Garganacl\n|\n|-heal|p1a: Toedscruel|163/281|[from] item: Leftovers\n|upkeep\n|\n|t:|1733916623\n|switch|p2a: Slowbro|Slowbro-Galar, L87, F|277/307 slp\n|turn|27\n|\n|t:|1733916625\n|move|p1a: Toedscruel|Earth Power|p2a: Slowbro\n|-supereffective|p2a: Slowbro\n|-damage|p2a: Slowbro|145/307 slp\n|cant|p2a: Slowbro|slp\n|\n|-heal|p1a: Toedscruel|180/281|[from] item: Leftovers\n|upkeep\n|turn|28\n|\n|t:|1733916627\n|move|p1a: Toedscruel|Earth Power|p2a: Slowbro\n|-supereffective|p2a: Slowbro\n|-damage|p2a: Slowbro|11/307 slp\n|cant|p2a: Slowbro|slp\n|\n|-heal|p1a: Toedscruel|197/281|[from] item: Leftovers\n|-fieldend|move: Electric Terrain\n|upkeep\n|turn|29\n|\n|t:|1733916630\n|move|p1a: Toedscruel|Earth Power|p2a: Slowbro\n|-supereffective|p2a: Slowbro\n|-damage|p2a: Slowbro|0 fnt\n|faint|p2a: Slowbro\n|\n|win|Magikarpitalism\n|raw|Magikarpitalism's rating: 2230 &rarr; <strong>2251</strong><br />(+21 for winning)\n|raw|Randbatsaibot's rating: 2245 &rarr; <strong>2224</strong><br />(-21 for losing)\n", "inputlog": ">version bfd83cad13791eb5a5a409923076391caf6fb4d4\n>start {\"formatid\":\"gen9randombattle\",\"seed\":[32801,36251,4995,4241],\"rated\":\"Rated battle\"}\n>player p1 {\"name\":\"Magikarpitalism\",\"avatar\":\"adaman\",\"rating\":2230,\"seed\":[34082,53966,53688,25155]}\n>player p2 {\"name\":\"Randbatsaibot\",\"avatar\":\"1\",\"rating\":2245,\"seed\":[54931,29683,53379,23735]}\n>p1 move poltergeist\n>p2 switch 4\n>p1 move powerwhip\n>p2 move irondefense\n>p1 move powerwhip\n>p2 move flashcannon\n>p1 move poltergeist\n>p2 move flashcannon\n>p2 switch 3\n>p1 move rapidspin\n>p2 move flamethrower\n>p1 switch 2\n>p1 move shedtail\n>p2 switch 6\n>p1 switch 3\n>p1 move earthpower\n>p2 move shellsidearm\n>p1 move spore\n>p2 move shellsidearm\n>p1 switch 3\n>p2 switch 6\n>p1 switch 4\n>p2 move dracometeor\n>p1 move thunderwave\n>p2 switch 4\n>p1 move playrough\n>p2 move bulletseed\n>p2 switch 2\n>p1 move earthquake\n>p2 move saltcure\n>p1 switch 3\n>p2 move recover\n>p1 move leafstorm\n>p2 move saltcure\n>p1 switch 6\n>p2 move protect\n>p1 move surf\n>p2 move protect\n>p1 move hurricane\n>p2 switch 5\n>p1 move hurricane\n>p2 move hydropump\n>p1 move roost\n>p2 move hydropump\n>p1 switch 4\n>p1 move knockoff\n>p2 move rapidspin\n>p2 switch 4\n>p1 move dracometeor\n>p2 move boomburst terastallize\n>p1 move knockoff\n>p2 move boomburst\n>p1 switch 5\n>p1 move discharge\n>p2 move boomburst\n>p2 switch 5\n>p1 move discharge\n>p2 move earthquake\n>p1 switch 6\n>p1 move earthpower\n>p2 move saltcure\n>p2 switch 6\n>p1 move earthpower\n>p2 move shellsidearm\n>p1 move earthpower\n>p2 move shellsidearm\n>p1 move earthpower\n>p2 move shellsidearm", "uploadtime": 1733916632, "views": 3, "formatid": "gen9randombattle", "rating": 2224, "private": 0, "password": null}