{"id": "gen9randombattle-2260515575", "format": "[Gen 9] Random Battle", "players": ["Skdjjdhdhdhd", "GoshIhatemath"], "log": "|j|\u2606Skdjjdhdhdhd\n|j|\u2606GoshIhatemath\n|t:|1733859103\n|gametype|singles\n|player|p1|Skdjjdhdhdhd|170|\n|player|p2|GoshIhatemath|102|\n|teamsize|p1|6\n|teamsize|p2|6\n|gen|9\n|tier|[Gen 9] Random Battle\n|rule|Species Clause: Limit one of each Pok\u00e9mon\n|rule|HP Percentage Mod: HP is shown in percentages\n|rule|Sleep Clause Mod: Limit one foe put to sleep\n|rule|Illusion Level Mod: Illusion disguises the Pok\u00e9mon's true level\n|\n|t:|1733859103\n|start\n|switch|p1a: Kommo-o|Kommo-o, L78, F|245/245\n|switch|p2a: Toxapex|Toxapex, L82, M|216/216\n|turn|1\n|\n|t:|1733859119\n|move|p1a: Kommo-o|Clangorous Soul|p1a: Kommo-o\n|-boost|p1a: Kommo-o|atk|1\n|-boost|p1a: Kommo-o|def|1\n|-boost|p1a: Kommo-o|spa|1\n|-boost|p1a: Kommo-o|spd|1\n|-boost|p1a: Kommo-o|spe|1\n|-damage|p1a: Kommo-o|165/245\n|-enditem|p1a: Kommo-o|Throat Spray\n|-boost|p1a: Kommo-o|spa|1|[from] item: Throat Spray\n|move|p2a: Toxapex|Toxic|p1a: Kommo-o\n|-status|p1a: Kommo-o|tox\n|\n|-damage|p1a: Kommo-o|150/245 tox|[from] psn\n|upkeep\n|turn|2\n|\n|t:|1733859137\n|move|p1a: Kommo-o|Boomburst|p2a: Toxapex\n|-damage|p2a: Toxapex|88/216\n|move|p2a: Toxapex|Haze|p2a: Toxapex\n|-clearallboost\n|\n|-heal|p2a: Toxapex|101/216|[from] item: Leftovers\n|-damage|p1a: Kommo-o|120/245 tox|[from] psn\n|upkeep\n|turn|3\n|\n|t:|1733859150\n|move|p1a: Kommo-o|Boomburst|p2a: Toxapex\n|-damage|p2a: Toxapex|42/216\n|move|p2a: Toxapex|Recover|p2a: Toxapex\n|-heal|p2a: Toxapex|150/216\n|\n|-heal|p2a: Toxapex|163/216|[from] item: Leftovers\n|-damage|p1a: Kommo-o|75/245 tox|[from] psn\n|upkeep\n|turn|4\n|\n|t:|1733859167\n|move|p1a: Kommo-o|Clanging Scales|p2a: Toxapex\n|-damage|p2a: Toxapex|87/216\n|-unboost|p1a: Kommo-o|def|1\n|move|p2a: Toxapex|Liquidation|p1a: Kommo-o\n|-resisted|p1a: Kommo-o\n|-damage|p1a: Kommo-o|39/245 tox\n|\n|-heal|p2a: Toxapex|100/216|[from] item: Leftovers\n|-damage|p1a: Kommo-o|0 fnt|[from] psn\n|faint|p1a: Kommo-o\n|upkeep\n|\n|t:|1733859194\n|switch|p1a: Sudowoodo|Sudowoodo, L94, F|284/284\n|turn|5\n|\n|t:|1733859201\n|move|p1a: Sudowoodo|Wood Hammer|p2a: Toxapex\n|-damage|p2a: Toxapex|0 fnt\n|faint|p2a: Toxapex\n|\n|upkeep\n|\n|t:|1733859210\n|switch|p2a: Keldeo|Keldeo-Resolute, L79|273/273\n|turn|6\n|\n|t:|1733859217\n|move|p2a: Keldeo|Secret Sword|p1a: Sudowoodo\n|-supereffective|p1a: Sudowoodo\n|-damage|p1a: Sudowoodo|146/284\n|move|p1a: Sudowoodo|Wood Hammer|p2a: Keldeo\n|-supereffective|p2a: Keldeo\n|-damage|p2a: Keldeo|0 fnt\n|faint|p2a: Keldeo\n|\n|upkeep\n|\n|t:|1733859232\n|switch|p2a: Groudon|Groudon, L72|263/263\n|-weather|SunnyDay|[from] ability: Drought|[of] p2a: Groudon\n|turn|7\n|\n|t:|1733859239\n|move|p2a: Groudon|Precipice Blades|p1a: Sudowoodo\n|-supereffective|p1a: Sudowoodo\n|-damage|p1a: Sudowoodo|0 fnt\n|faint|p1a: Sudowoodo\n|\n|-weather|SunnyDay|[upkeep]\n|upkeep\n|\n|t:|1733859278\n|switch|p1a: Torkoal|Torkoal, L88, F|266/266\n|turn|8\n|\n|t:|1733859283\n|move|p2a: Groudon|Precipice Blades|p1a: Torkoal\n|-supereffective|p1a: Torkoal\n|-damage|p1a: Torkoal|92/266\n|move|p1a: Torkoal|Stealth Rock|p2a: Groudon\n|-sidestart|p2: GoshIhatemath|move: Stealth Rock\n|\n|-weather|SunnyDay|[upkeep]\n|upkeep\n|turn|9\n|\n|t:|1733859299\n|move|p2a: Groudon|Precipice Blades|p1a: Torkoal\n|-supereffective|p1a: Torkoal\n|-damage|p1a: Torkoal|0 fnt\n|faint|p1a: Torkoal\n|\n|-weather|SunnyDay|[upkeep]\n|upkeep\n|\n|t:|1733859315\n|switch|p1a: Espeon|Espeon, L84, F|246/246\n|turn|10\n|\n|t:|1733859329\n|move|p1a: Espeon|Calm Mind|p1a: Espeon\n|-boost|p1a: Espeon|spa|1\n|-boost|p1a: Espeon|spd|1\n|move|p2a: Groudon|Heat Crash|p1a: Espeon\n|-damage|p1a: Espeon|61/246\n|\n|-weather|SunnyDay|[upkeep]\n|upkeep\n|turn|11\n|\n|t:|1733859343\n|move|p1a: Espeon|Psyshock|p2a: Groudon\n|-damage|p2a: Groudon|103/263\n|-damage|p1a: Espeon|37/246|[from] item: Life Orb\n|move|p2a: Groudon|Heat Crash|p1a: Espeon\n|-damage|p1a: Espeon|0 fnt\n|faint|p1a: Espeon\n|\n|-weather|none\n|-heal|p2a: Groudon|119/263|[from] item: Leftovers\n|upkeep\n|\n|t:|1733859358\n|switch|p1a: Tauros|Tauros-Paldea-Blaze, L81, M|252/252\n|turn|12\n|\n|t:|1733859371\n|move|p1a: Tauros|Bulk Up|p1a: Tauros\n|-boost|p1a: Tauros|atk|1\n|-boost|p1a: Tauros|def|1\n|move|p2a: Groudon|Precipice Blades|p1a: Tauros\n|-supereffective|p1a: Tauros\n|-damage|p1a: Tauros|90/252\n|-enditem|p1a: Tauros|Sitrus Berry|[eat]\n|-heal|p1a: Tauros|153/252|[from] item: Sitrus Berry\n|\n|-heal|p2a: Groudon|135/263|[from] item: Leftovers\n|upkeep\n|turn|13\n|\n|t:|1733859391\n|switch|p2a: Orthworm|Orthworm, L88, M|266/266\n|-damage|p2a: Orthworm|250/266|[from] Stealth Rock\n|move|p1a: Tauros|Close Combat|p2a: Orthworm\n|-supereffective|p2a: Orthworm\n|-crit|p2a: Orthworm\n|-damage|p2a: Orthworm|0 fnt\n|-unboost|p1a: Tauros|def|1\n|-unboost|p1a: Tauros|spd|1\n|faint|p2a: Orthworm\n|\n|-activate|p1a: Tauros|ability: Cud Chew\n|-enditem|p1a: Tauros|Sitrus Berry|[eat]\n|-heal|p1a: Tauros|216/252|[from] item: Sitrus Berry\n|upkeep\n|\n|t:|1733859407\n|switch|p2a: Deoxys|Deoxys-Speed, L82|216/216\n|-damage|p2a: Deoxys|189/216|[from] Stealth Rock\n|-ability|p2a: Deoxys|Pressure\n|turn|14\n|\n|t:|1733859419\n|move|p2a: Deoxys|Psycho Boost|p1a: Tauros\n|-supereffective|p1a: Tauros\n|-damage|p1a: Tauros|0 fnt\n|-unboost|p2a: Deoxys|spa|2\n|faint|p1a: Tauros\n|-damage|p2a: Deoxys|168/216|[from] item: Life Orb\n|\n|upkeep\n|\n|t:|1733859433\n|switch|p1a: Scream Tail|Scream Tail, L84|330/330\n|turn|15\n|\n|t:|1733859443\n|-terastallize|p1a: Scream Tail|Poison\n|move|p2a: Deoxys|Taunt|p1a: Scream Tail\n|-start|p1a: Scream Tail|move: Taunt\n|move|p1a: Scream Tail|Dazzling Gleam|p2a: Deoxys\n|-damage|p2a: Deoxys|104/216\n|\n|upkeep\n|turn|16\n|\n|t:|1733859453\n|move|p2a: Deoxys|Knock Off|p1a: Scream Tail\n|-damage|p1a: Scream Tail|257/330\n|-enditem|p1a: Scream Tail|Leftovers|[from] move: Knock Off|[of] p2a: Deoxys\n|-damage|p2a: Deoxys|83/216|[from] item: Life Orb\n|move|p1a: Scream Tail|Dazzling Gleam|p2a: Deoxys\n|-damage|p2a: Deoxys|22/216\n|\n|upkeep\n|turn|17\n|\n|t:|1733859470\n|switch|p2a: Thundurus|Thundurus-Therian, L80, M|258/258\n|move|p1a: Scream Tail|Dazzling Gleam|p2a: Thundurus\n|-damage|p2a: Thundurus|180/258\n|\n|-end|p1a: Scream Tail|move: Taunt\n|upkeep\n|turn|18\n|\n|t:|1733859482\n|move|p1a: Scream Tail|Dazzling Gleam|p2a: Thundurus\n|-damage|p2a: Thundurus|108/258\n|move|p2a: Thundurus|Nasty Plot|p2a: Thundurus\n|-boost|p2a: Thundurus|spa|2\n|\n|upkeep\n|turn|19\n|\n|t:|1733859498\n|-terastallize|p2a: Thundurus|Flying\n|move|p1a: Scream Tail|Dazzling Gleam|p2a: Thundurus\n|-damage|p2a: Thundurus|33/258\n|move|p2a: Thundurus|Tera Blast|p1a: Scream Tail|[anim] Tera Blast Flying\n|-damage|p1a: Scream Tail|31/330\n|\n|upkeep\n|turn|20\n|\n|t:|1733859508\n|move|p1a: Scream Tail|Dazzling Gleam|p2a: Thundurus\n|-crit|p2a: Thundurus\n|-damage|p2a: Thundurus|0 fnt\n|faint|p2a: Thundurus\n|\n|upkeep\n|\n|t:|1733859514\n|switch|p2a: Deoxys|Deoxys-Speed, L82|22/216\n|-damage|p2a: Deoxys|0 fnt|[from] Stealth Rock\n|faint|p2a: Deoxys\n|\n|t:|1733859518\n|switch|p2a: Groudon|Groudon, L72|135/263\n|-damage|p2a: Groudon|119/263|[from] Stealth Rock\n|-weather|SunnyDay|[from] ability: Drought|[of] p2a: Groudon\n|-activate|p1a: Scream Tail|ability: Protosynthesis\n|-start|p1a: Scream Tail|protosynthesisspd\n|turn|21\n|\n|t:|1733859533\n|move|p1a: Scream Tail|Protect|p1a: Scream Tail\n|-singleturn|p1a: Scream Tail|Protect\n|move|p2a: Groudon|Heat Crash|p1a: Scream Tail\n|-activate|p1a: Scream Tail|move: Protect\n|\n|-weather|SunnyDay|[upkeep]\n|-heal|p2a: Groudon|135/263|[from] item: Leftovers\n|upkeep\n|turn|22\n|\n|t:|1733859545\n|move|p1a: Scream Tail|Dazzling Gleam|p2a: Groudon\n|-damage|p2a: Groudon|60/263\n|move|p2a: Groudon|Heat Crash|p1a: Scream Tail\n|-damage|p1a: Scream Tail|0 fnt\n|faint|p1a: Scream Tail\n|-end|p1a: Scream Tail|Protosynthesis|[silent]\n|\n|win|GoshIhatemath\n", "inputlog": ">version bfd83cad13791eb5a5a409923076391caf6fb4d4\n>start {\"formatid\":\"gen9randombattle\",\"seed\":[25825,5828,44677,5457]}\n>player p1 {\"name\":\"Skdjjdhdhdhd\",\"avatar\":\"170\",\"rating\":0,\"seed\":[19250,60431,21508,39117]}\n>player p2 {\"name\":\"GoshIhatemath\",\"avatar\":\"102\",\"rating\":0,\"seed\":[5051,9744,61792,6621]}\n>p1 move clangoroussoul\n>p2 move toxic\n>p1 move boomburst\n>p2 move haze\n>p1 move boomburst\n>p2 move recover\n>p1 move clangingscales\n>p2 move liquidation\n>p1 switch 6\n>p1 move woodhammer\n>p2 move liquidation\n>p2 switch 5\n>p1 move woodhammer\n>p2 move secretsword\n>p2 switch 6\n>p1 move woodhammer\n>p2 move precipiceblades\n>p1 switch 3\n>p1 move stealthrock\n>p2 move precipiceblades\n>p1 move solarbeam\n>p2 move precipiceblades\n>p1 switch 4\n>p1 move calmmind\n>p2 move heatcrash\n>p1 move psyshock\n>p2 move heatcrash\n>p1 switch 2\n>p1 move bulkup\n>p2 move precipiceblades\n>p1 move closecombat\n>p2 switch 3\n>p2 switch 4\n>p1 move ragingbull\n>p2 move psychoboost\n>p1 switch 5\n>p1 move dazzlinggleam terastallize\n>p2 move taunt\n>p1 move dazzlinggleam\n>p2 move knockoff\n>p1 move dazzlinggleam\n>p2 switch 2\n>p1 move dazzlinggleam\n>p2 move nastyplot\n>p1 move dazzlinggleam\n>p2 move terablast terastallize\n>p1 move dazzlinggleam\n>p2 move thunderbolt\n>p2 switch 2\n>p2 switch 3\n>p1 move protect\n>p2 move heatcrash\n>p1 move dazzlinggleam\n>p2 move heatcrash", "uploadtime": 1733859554, "views": 1, "formatid": "gen9randombattle", "rating": null, "private": 0, "password": null}