{"id": "gen9randombattle-2151431632", "format": "[Gen 9] Random Battle", "players": ["xox11108", "Forrage"], "log": "|badge|p2|silver|gen9randombattle|30-1\n|html|<div class=\"broadcast-red\"><strong>This battle is required to be public due to one or more player having a season medal.</strong><br />During the public phase, you can discuss the state of the ladder <a href=\"/seasondiscussion\">in a special chatroom.</a></div>\n|uhtml|medal-msg|<div class=\"broadcast-blue\">Curious what those medals under the avatar are? PS now has Ladder Seasons! For more information, check out the <a href=\"https://www.smogon.com/forums/threads/3740067/\">thread on Smogon.</a></div>\n|raw|<div class=\"broadcast-blue\"><strong>This battle is required to be public due to a player having a name starting with 'medal'.</div>\n|j|\u203dxox11108\n|j|\u2606Forrage\n|t:|1719554510\n|gametype|singles\n|player|p1|xox11108|hilbert|2259\n|player|p2|Forrage|170|2389\n|teamsize|p1|6\n|teamsize|p2|6\n|gen|9\n|tier|[Gen 9] Random Battle\n|rated|\n|rule|Species Clause: Limit one of each Pok\u00e9mon\n|rule|HP Percentage Mod: HP is shown in percentages\n|rule|Sleep Clause Mod: Limit one foe put to sleep\n|rule|Illusion Level Mod: Illusion disguises the Pok\u00e9mon's true level\n|\n|t:|1719554510\n|start\n|switch|p1a: Bombirdier|Bombirdier, L85, F|258/258\n|switch|p2a: Eternatus|Eternatus, L69|308/308\n|-ability|p2a: Eternatus|Pressure\n|turn|1\n|inactive|Battle timer is ON: inactive players will automatically lose when time's up. (requested by xox11108)\n|\n|t:|1719554518\n|move|p2a: Eternatus|Toxic Spikes|p1a: Bombirdier\n|-sidestart|p1: xox11108|move: Toxic Spikes\n|move|p1a: Bombirdier|Knock Off|p2a: Eternatus\n|-damage|p2a: Eternatus|190/308\n|-damage|p1a: Bombirdier|215/258|[from] item: Rocky Helmet|[of] p2a: Eternatus\n|-enditem|p2a: Eternatus|Rocky Helmet|[from] move: Knock Off|[of] p1a: Bombirdier\n|\n|upkeep\n|turn|2\n|\n|t:|1719554522\n|move|p2a: Eternatus|Toxic Spikes|p1a: Bombirdier\n|-sidestart|p1: xox11108|move: Toxic Spikes\n|move|p1a: Bombirdier|U-turn|p2a: Eternatus\n|-resisted|p2a: Eternatus\n|-damage|p2a: Eternatus|160/308\n|\n|t:|1719554525\n|switch|p1a: Forretress|Forretress, L84, F|263/263|[from] U-turn\n|\n|upkeep\n|turn|3\n|\n|t:|1719554528\n|switch|p2a: Ceruledge|Ceruledge, L78, F|245/245\n|move|p1a: Forretress|Rapid Spin|p2a: Ceruledge\n|-immune|p2a: Ceruledge\n|\n|upkeep\n|turn|4\n|\n|t:|1719554540\n|switch|p1a: Regirock|Regirock, L84|272/272\n|-status|p1a: Regirock|tox\n|move|p2a: Ceruledge|Bitter Blade|p1a: Regirock\n|-resisted|p1a: Regirock\n|-damage|p1a: Regirock|247/272 tox\n|\n|-damage|p1a: Regirock|230/272 tox|[from] psn\n|upkeep\n|turn|5\n|\n|t:|1719554543\n|switch|p2a: Torterra|Torterra, L78, M|276/276\n|move|p1a: Regirock|Iron Defense|p1a: Regirock\n|-boost|p1a: Regirock|def|2\n|\n|-damage|p1a: Regirock|196/272 tox|[from] psn\n|upkeep\n|turn|6\n|\n|t:|1719554549\n|move|p2a: Torterra|Shell Smash|p2a: Torterra\n|-unboost|p2a: Torterra|def|1\n|-unboost|p2a: Torterra|spd|1\n|-boost|p2a: Torterra|atk|2\n|-boost|p2a: Torterra|spa|2\n|-boost|p2a: Torterra|spe|2\n|move|p1a: Regirock|Rest|p1a: Regirock\n|-status|p1a: Regirock|slp|[from] move: Rest\n|-heal|p1a: Regirock|272/272 slp|[silent]\n|-enditem|p1a: Regirock|Chesto Berry|[eat]\n|-curestatus|p1a: Regirock|slp|[msg]\n|\n|upkeep\n|turn|7\n|\n|t:|1719554552\n|-terastallize|p1a: Regirock|Fighting\n|move|p2a: Torterra|Bullet Seed|p1a: Regirock\n|-damage|p1a: Regirock|257/272\n|-damage|p1a: Regirock|241/272\n|-damage|p1a: Regirock|226/272\n|-damage|p1a: Regirock|213/272\n|-hitcount|p1a: Regirock|4\n|move|p1a: Regirock|Body Press|p2a: Torterra\n|-damage|p2a: Torterra|0 fnt\n|faint|p2a: Torterra\n|\n|upkeep\n|\n|t:|1719554555\n|switch|p2a: Sinistcha|Sinistcha, L83|254/254\n|turn|8\n|\n|t:|1719554558\n|switch|p1a: Chi-Yu|Chi-Yu, L77|211/211\n|-ability|p1a: Chi-Yu|Beads of Ruin\n|move|p2a: Sinistcha|Calm Mind|p2a: Sinistcha\n|-boost|p2a: Sinistcha|spa|1\n|-boost|p2a: Sinistcha|spd|1\n|\n|upkeep\n|turn|9\n|\n|t:|1719554563\n|-terastallize|p2a: Sinistcha|Steel\n|move|p1a: Chi-Yu|Nasty Plot|p1a: Chi-Yu\n|-boost|p1a: Chi-Yu|spa|2\n|move|p2a: Sinistcha|Calm Mind|p2a: Sinistcha\n|-boost|p2a: Sinistcha|spa|1\n|-boost|p2a: Sinistcha|spd|1\n|\n|upkeep\n|turn|10\n|\n|t:|1719554566\n|move|p1a: Chi-Yu|Fire Blast|p2a: Sinistcha\n|-supereffective|p2a: Sinistcha\n|-damage|p2a: Sinistcha|86/254\n|move|p2a: Sinistcha|Matcha Gotcha|p1a: Chi-Yu\n|-resisted|p1a: Chi-Yu\n|-damage|p1a: Chi-Yu|129/211\n|-heal|p2a: Sinistcha|127/254|[from] drain|[of] p1a: Chi-Yu\n|\n|-heal|p2a: Sinistcha|142/254|[from] item: Leftovers\n|upkeep\n|turn|11\n|\n|t:|1719554576\n|move|p1a: Chi-Yu|Dark Pulse|p2a: Sinistcha\n|-damage|p2a: Sinistcha|4/254\n|move|p2a: Sinistcha|Matcha Gotcha|p1a: Chi-Yu\n|-resisted|p1a: Chi-Yu\n|-damage|p1a: Chi-Yu|51/211\n|-heal|p2a: Sinistcha|43/254|[from] drain|[of] p1a: Chi-Yu\n|\n|-heal|p2a: Sinistcha|58/254|[from] item: Leftovers\n|upkeep\n|turn|12\n|\n|t:|1719554582\n|move|p1a: Chi-Yu|Dark Pulse|p2a: Sinistcha\n|-damage|p2a: Sinistcha|0 fnt\n|faint|p2a: Sinistcha\n|\n|upkeep\n|\n|t:|1719554583\n|switch|p2a: Eternatus|Eternatus, L69|160/308\n|-ability|p2a: Eternatus|Pressure\n|turn|13\n|\n|t:|1719554598\n|switch|p1a: Forretress|Forretress, L84, F|263/263\n|move|p2a: Eternatus|Dynamax Cannon|p1a: Forretress\n|-resisted|p1a: Forretress\n|-damage|p1a: Forretress|200/263\n|\n|-heal|p1a: Forretress|216/263|[from] item: Leftovers\n|upkeep\n|turn|14\n|\n|t:|1719554601\n|move|p2a: Eternatus|Flamethrower|p1a: Forretress\n|-supereffective|p1a: Forretress\n|-damage|p1a: Forretress|0 fnt\n|faint|p1a: Forretress\n|\n|upkeep\n|\n|t:|1719554611\n|switch|p1a: Slaking|Slaking, L84, F|389/389\n|-status|p1a: Slaking|tox\n|turn|15\n|\n|t:|1719554619\n|switch|p2a: Corviknight|Corviknight, L80, F|288/288\n|move|p1a: Slaking|Earthquake|p2a: Corviknight\n|-immune|p2a: Corviknight\n|\n|-damage|p1a: Slaking|365/389 tox|[from] psn\n|upkeep\n|turn|16\n|\n|t:|1719554622\n|switch|p1a: Moltres|Moltres, L81|278/278\n|switch|p2a: Eternatus|Eternatus, L69|160/308\n|-ability|p2a: Eternatus|Pressure\n|\n|upkeep\n|turn|17\n|\n|t:|1719554625\n|move|p2a: Eternatus|Recover|p2a: Eternatus\n|-heal|p2a: Eternatus|308/308\n|move|p1a: Moltres|Scorching Sands|p2a: Eternatus\n|-supereffective|p2a: Eternatus\n|-damage|p2a: Eternatus|166/308\n|\n|upkeep\n|turn|18\n|\n|t:|1719554629\n|move|p2a: Eternatus|Recover|p2a: Eternatus\n|-heal|p2a: Eternatus|308/308\n|move|p1a: Moltres|Scorching Sands|p2a: Eternatus\n|-supereffective|p2a: Eternatus\n|-damage|p2a: Eternatus|182/308\n|\n|upkeep\n|turn|19\n|\n|t:|1719554632\n|move|p2a: Eternatus|Dynamax Cannon|p1a: Moltres\n|-damage|p1a: Moltres|170/278\n|move|p1a: Moltres|Scorching Sands|p2a: Eternatus\n|-supereffective|p2a: Eternatus\n|-damage|p2a: Eternatus|54/308\n|\n|upkeep\n|turn|20\n|\n|t:|1719554639\n|move|p2a: Eternatus|Recover|p2a: Eternatus\n|-heal|p2a: Eternatus|208/308\n|move|p1a: Moltres|Scorching Sands|p2a: Eternatus\n|-supereffective|p2a: Eternatus\n|-damage|p2a: Eternatus|72/308\n|\n|upkeep\n|turn|21\n|\n|t:|1719554643\n|switch|p2a: Oinkologne|Oinkologne, L92, M|352/352\n|move|p1a: Moltres|Scorching Sands|p2a: Oinkologne\n|-damage|p2a: Oinkologne|298/352\n|-status|p2a: Oinkologne|brn\n|\n|-heal|p2a: Oinkologne|320/352 brn|[from] item: Leftovers\n|-damage|p2a: Oinkologne|298/352 brn|[from] brn\n|upkeep\n|turn|22\n|\n|t:|1719554648\n|switch|p1a: Regirock|Regirock, L84, tera:Fighting|213/272\n|-status|p1a: Regirock|tox\n|move|p2a: Oinkologne|Body Slam|p1a: Regirock\n|-damage|p1a: Regirock|186/272 tox\n|\n|-heal|p2a: Oinkologne|320/352 brn|[from] item: Leftovers\n|-damage|p1a: Regirock|169/272 tox|[from] psn\n|-damage|p2a: Oinkologne|298/352 brn|[from] brn\n|upkeep\n|turn|23\n|\n|t:|1719554653\n|switch|p2a: Corviknight|Corviknight, L80, F|288/288\n|move|p1a: Regirock|Iron Defense|p1a: Regirock\n|-boost|p1a: Regirock|def|2\n|\n|-damage|p1a: Regirock|135/272 tox|[from] psn\n|upkeep\n|turn|24\n|\n|t:|1719554658\n|switch|p2a: Ceruledge|Ceruledge, L78, F|245/245\n|move|p1a: Regirock|Iron Defense|p1a: Regirock\n|-boost|p1a: Regirock|def|2\n|\n|-damage|p1a: Regirock|84/272 tox|[from] psn\n|upkeep\n|turn|25\n|\n|t:|1719554666\n|switch|p2a: Corviknight|Corviknight, L80, F|288/288\n|move|p1a: Regirock|Rest|p1a: Regirock\n|-status|p1a: Regirock|slp|[from] move: Rest\n|-heal|p1a: Regirock|272/272 slp|[silent]\n|\n|upkeep\n|turn|26\n|\n|t:|1719554671\n|switch|p2a: Eternatus|Eternatus, L69|72/308\n|-ability|p2a: Eternatus|Pressure\n|cant|p1a: Regirock|slp\n|\n|upkeep\n|turn|27\n|\n|t:|1719554673\n|move|p2a: Eternatus|Recover|p2a: Eternatus\n|-heal|p2a: Eternatus|226/308\n|cant|p1a: Regirock|slp\n|\n|upkeep\n|turn|28\n|\n|t:|1719554675\n|move|p2a: Eternatus|Dynamax Cannon|p1a: Regirock\n|-damage|p1a: Regirock|187/272 slp\n|-curestatus|p1a: Regirock|slp|[msg]\n|move|p1a: Regirock|Body Press|p2a: Eternatus\n|-resisted|p2a: Eternatus\n|-damage|p2a: Eternatus|0 fnt\n|faint|p2a: Eternatus\n|\n|upkeep\n|\n|t:|1719554679\n|switch|p2a: Corviknight|Corviknight, L80, F|288/288\n|turn|29\n|\n|t:|1719554680\n|move|p2a: Corviknight|Brave Bird|p1a: Regirock\n|-supereffective|p1a: Regirock\n|-damage|p1a: Regirock|149/272\n|-damage|p2a: Corviknight|275/288|[from] Recoil\n|move|p1a: Regirock|Body Press|p2a: Corviknight\n|-damage|p2a: Corviknight|0 fnt\n|-damage|p1a: Regirock|104/272|[from] item: Rocky Helmet|[of] p2a: Corviknight\n|faint|p2a: Corviknight\n|\n|upkeep\n|\n|t:|1719554683\n|switch|p2a: Ceruledge|Ceruledge, L78, F|245/245\n|turn|30\n|\n|t:|1719554685\n|move|p2a: Ceruledge|Swords Dance|p2a: Ceruledge\n|-boost|p2a: Ceruledge|atk|2\n|move|p1a: Regirock|Stone Edge|p2a: Ceruledge|[miss]\n|-miss|p1a: Regirock|p2a: Ceruledge\n|\n|upkeep\n|turn|31\n|\n|t:|1719554687\n|move|p2a: Ceruledge|Bitter Blade|p1a: Regirock\n|-damage|p1a: Regirock|71/272\n|move|p1a: Regirock|Stone Edge|p2a: Ceruledge\n|-supereffective|p2a: Ceruledge\n|-damage|p2a: Ceruledge|0 fnt\n|faint|p2a: Ceruledge\n|\n|upkeep\n|-message|Forrage forfeited.\n|\n|win|xox11108\n|raw|xox11108's rating: 2277 &rarr; <strong>2303</strong><br />(+26 for winning)\n|raw|Forrage's rating: 2389 &rarr; <strong>2363</strong><br />(-26 for losing)\n", "inputlog": ">version 021bb6b4147d783a3aa9da22896c4e1e173f1b61\n>start {\"formatid\":\"gen9randombattle\",\"seed\":[11608,38883,26280,39176],\"rated\":\"Rated battle\"}\n>player p1 {\"name\":\"xox11108\",\"avatar\":\"hilbert\",\"rating\":2259,\"seed\":[65270,23254,50822,54452]}\n>player p2 {\"name\":\"Forrage\",\"avatar\":\"170\",\"rating\":2389,\"seed\":[12563,49837,1329,19330]}\n>p1 move knockoff\n>p2 move toxicspikes\n>p1 move uturn\n>p2 move toxicspikes\n>p1 switch 3\n>p1 move rapidspin\n>p2 switch 5\n>p1 switch 6\n>p2 move bitterblade\n>p1 move irondefense\n>p2 switch 4\n>p1 move rest\n>p2 move shellsmash\n>p1 move bodypress terastallize\n>p2 move bulletseed\n>p2 switch 3\n>p1 switch 4\n>p2 move calmmind\n>p1 move nastyplot\n>p2 move calmmind terastallize\n>p1 move fireblast\n>p2 move matchagotcha\n>p1 move darkpulse\n>p2 move matchagotcha\n>p1 move darkpulse\n>p2 move matchagotcha\n>p2 switch 5\n>p1 switch 6\n>p2 move dynamaxcannon\n>p1 move voltswitch\n>p2 move flamethrower\n>p1 switch 2\n>p1 move earthquake\n>p2 switch 2\n>p1 switch 5\n>p2 switch 2\n>p1 move scorchingsands\n>p2 move recover\n>p1 move scorchingsands\n>p2 move recover\n>p1 move scorchingsands\n>p2 move dynamaxcannon\n>p1 move scorchingsands\n>p2 move recover\n>p1 move scorchingsands\n>p2 switch 6\n>p1 switch 4\n>p2 move bodyslam\n>p1 move irondefense\n>p2 switch 2\n>p1 move irondefense\n>p2 switch 4\n>p1 move rest\n>p2 switch 4\n>p1 move rest\n>p2 switch 6\n>p1 move rest\n>p2 move recover\n>p1 move bodypress\n>p2 move dynamaxcannon\n>p2 switch 6\n>p1 move bodypress\n>p2 move bravebird\n>p2 switch 4\n>p1 move stoneedge\n>p2 move swordsdance\n>p1 move stoneedge\n>p2 move bitterblade\n>forcelose p2", "uploadtime": 1719554693, "views": 180, "formatid": "gen9randombattle", "rating": 2303, "private": 0, "password": null}