{"id": "gen9randombattle-2240514430", "format": "[Gen 9] Random Battle", "players": ["Wakandius_PMSD", "vegemite360"], "log": "|badge|p1|silver|gen9randombattle|30-3\n|uhtml|medal-msg|<div class=\"broadcast-blue\">Curious what those medals under the avatar are? PS now has Ladder Seasons! For more information, check out the <a href=\"https://www.smogon.com/forums/threads/3740067/\">thread on Smogon.</a></div>\n|j|\u2606Wakandius_PMSD\n|j|\u2606vegemite360\n|t:|1731158210\n|gametype|singles\n|player|p1|Wakandius_PMSD|265|2327\n|player|p2|vegemite360|lance|2258\n|teamsize|p1|6\n|teamsize|p2|6\n|gen|9\n|tier|[Gen 9] Random Battle\n|rated|\n|rule|Species Clause: Limit one of each Pok\u00e9mon\n|rule|HP Percentage Mod: HP is shown in percentages\n|rule|Sleep Clause Mod: Limit one foe put to sleep\n|rule|Illusion Level Mod: Illusion disguises the Pok\u00e9mon's true level\n|\n|t:|1731158210\n|start\n|switch|p1a: Ho-Oh|Ho-Oh, L71|268/268\n|switch|p2a: Heracross|Heracross, L80, M|259/259\n|turn|1\n|inactive|Battle timer is ON: inactive players will automatically lose when time's up. (requested by vegemite360)\n|\n|t:|1731158237\n|switch|p2a: Tentacruel|Tentacruel, L84, F|272/272\n|switch|p1a: Ursaring|Ursaring, L84, M|288/288\n|\n|upkeep\n|turn|2\n|\n|t:|1731158245\n|move|p2a: Tentacruel|Knock Off|p1a: Ursaring\n|-damage|p1a: Ursaring|249/288\n|-enditem|p1a: Ursaring|Eviolite|[from] move: Knock Off|[of] p2a: Tentacruel\n|move|p1a: Ursaring|Body Slam|p2a: Tentacruel\n|-damage|p2a: Tentacruel|121/272\n|\n|upkeep\n|turn|3\n|j| fuerza33\n|\n|t:|1731158251\n|move|p2a: Tentacruel|Flip Turn|p1a: Ursaring\n|-damage|p1a: Ursaring|195/288\n|\n|t:|1731158258\n|switch|p2a: Hitmontop|Hitmontop, L88, M|231/231|[from] Flip Turn\n|-ability|p2a: Hitmontop|Intimidate|boost\n|-unboost|p1a: Ursaring|atk|1\n|move|p1a: Ursaring|Body Slam|p2a: Hitmontop\n|-damage|p2a: Hitmontop|162/231\n|-status|p2a: Hitmontop|par\n|\n|upkeep\n|turn|4\n|\n|t:|1731158271\n|switch|p1a: Ho-Oh|Ho-Oh, L71|268/268\n|move|p2a: Hitmontop|Stone Edge|p1a: Ho-Oh\n|-supereffective|p1a: Ho-Oh\n|-damage|p1a: Ho-Oh|0 fnt\n|faint|p1a: Ho-Oh\n|\n|upkeep\n|\n|t:|1731158284\n|switch|p1a: Breloom|Breloom, L82, F|233/233\n|turn|5\n|\n|t:|1731158288\n|switch|p2a: Shaymin|Shaymin-Sky, L73|266/266\n|move|p1a: Breloom|Bullet Seed|p2a: Shaymin\n|-resisted|p2a: Shaymin\n|-damage|p2a: Shaymin|247/266\n|-resisted|p2a: Shaymin\n|-damage|p2a: Shaymin|228/266\n|-resisted|p2a: Shaymin\n|-damage|p2a: Shaymin|209/266\n|-resisted|p2a: Shaymin\n|-damage|p2a: Shaymin|190/266\n|-hitcount|p2a: Shaymin|4\n|-damage|p1a: Breloom|210/233|[from] item: Life Orb\n|\n|upkeep\n|turn|6\n|\n|t:|1731158294\n|switch|p1a: Ursaring|Ursaring, L84, M|195/288\n|move|p2a: Shaymin|Air Slash|p1a: Ursaring\n|-damage|p1a: Ursaring|107/288\n|\n|upkeep\n|turn|7\n|\n|t:|1731158301\n|move|p2a: Shaymin|Seed Flare|p1a: Ursaring\n|-damage|p1a: Ursaring|0 fnt\n|faint|p1a: Ursaring\n|\n|upkeep\n|\n|t:|1731158310\n|switch|p1a: Kleavor|Kleavor, L78, F|237/237\n|turn|8\n|\n|t:|1731158322\n|move|p2a: Shaymin|Air Slash|p1a: Kleavor\n|-damage|p1a: Kleavor|150/237\n|move|p1a: Kleavor|Stone Axe|p2a: Shaymin\n|-supereffective|p2a: Shaymin\n|-damage|p2a: Shaymin|0 fnt\n|-sidestart|p2: vegemite360|move: Stealth Rock\n|faint|p2a: Shaymin\n|\n|upkeep\n|\n|t:|1731158326\n|switch|p2a: Hitmontop|Hitmontop, L88, M|162/231 par\n|-damage|p2a: Hitmontop|148/231 par|[from] Stealth Rock\n|-ability|p2a: Hitmontop|Intimidate|boost\n|-unboost|p1a: Kleavor|atk|1\n|turn|9\n|\n|t:|1731158336\n|move|p1a: Kleavor|Close Combat|p2a: Hitmontop\n|-damage|p2a: Hitmontop|84/231 par\n|-unboost|p1a: Kleavor|def|1\n|-unboost|p1a: Kleavor|spd|1\n|move|p2a: Hitmontop|Close Combat|p1a: Kleavor\n|-damage|p1a: Kleavor|0 fnt\n|-unboost|p2a: Hitmontop|def|1\n|-unboost|p2a: Hitmontop|spd|1\n|faint|p1a: Kleavor\n|\n|upkeep\n|\n|t:|1731158346\n|switch|p1a: Breloom|Breloom, L82, F|210/233\n|turn|10\n|\n|t:|1731158349\n|move|p1a: Breloom|Bullet Seed|p2a: Hitmontop\n|-damage|p2a: Hitmontop|6/231 par\n|-damage|p2a: Hitmontop|0 fnt\n|faint|p2a: Hitmontop\n|-hitcount|p2: Hitmontop|2\n|-damage|p1a: Breloom|187/233|[from] item: Life Orb\n|\n|upkeep\n|\n|t:|1731158358\n|switch|p2a: Tentacruel|Tentacruel, L84, F|121/272\n|-damage|p2a: Tentacruel|87/272|[from] Stealth Rock\n|turn|11\n|\n|t:|1731158368\n|move|p2a: Tentacruel|Sludge Bomb|p1a: Breloom\n|-supereffective|p1a: Breloom\n|-damage|p1a: Breloom|0 fnt\n|faint|p1a: Breloom\n|\n|upkeep\n|\n|t:|1731158378\n|switch|p1a: Drednaw|Drednaw, L81, M|278/278\n|turn|12\n|\n|t:|1731158385\n|move|p2a: Tentacruel|Surf|p1a: Drednaw\n|-damage|p1a: Drednaw|170/278\n|move|p1a: Drednaw|Shell Smash|p1a: Drednaw\n|-unboost|p1a: Drednaw|def|1\n|-unboost|p1a: Drednaw|spd|1\n|-boost|p1a: Drednaw|atk|2\n|-boost|p1a: Drednaw|spa|2\n|-boost|p1a: Drednaw|spe|2\n|-enditem|p1a: Drednaw|White Herb\n|-clearnegativeboost|p1a: Drednaw|[silent]\n|\n|upkeep\n|turn|13\n|\n|t:|1731158391\n|move|p1a: Drednaw|Liquidation|p2a: Tentacruel\n|-resisted|p2a: Tentacruel\n|-damage|p2a: Tentacruel|0 fnt\n|faint|p2a: Tentacruel\n|\n|upkeep\n|\n|t:|1731158394\n|switch|p2a: Avalugg|Avalugg, L88, M|310/310\n|turn|14\n|\n|t:|1731158406\n|-terastallize|p1a: Drednaw|Water\n|-terastallize|p2a: Avalugg|Fighting\n|move|p1a: Drednaw|Liquidation|p2a: Avalugg\n|-damage|p2a: Avalugg|168/310\n|move|p2a: Avalugg|Body Press|p1a: Drednaw\n|-damage|p1a: Drednaw|0 fnt\n|faint|p1a: Drednaw\n|\n|upkeep\n|l| fuerza33\n|\n|t:|1731158413\n|switch|p1a: Appletun|Appletun, L92, F|352/352\n|turn|15\n|\n|t:|1731158422\n|move|p1a: Appletun|Leech Seed|p2a: Avalugg\n|-start|p2a: Avalugg|move: Leech Seed\n|move|p2a: Avalugg|Avalanche|p1a: Appletun\n|-supereffective|p1a: Appletun\n|-damage|p1a: Appletun|184/352\n|\n|-heal|p1a: Appletun|206/352|[from] item: Leftovers\n|-damage|p2a: Avalugg|130/310|[from] Leech Seed|[of] p1a: Appletun\n|-heal|p1a: Appletun|244/352|[silent]\n|upkeep\n|turn|16\n|j| fuerza33\n|\n|t:|1731158439\n|move|p1a: Appletun|Dragon Pulse|p2a: Avalugg\n|-damage|p2a: Avalugg|0 fnt\n|faint|p2a: Avalugg\n|\n|-heal|p1a: Appletun|266/352|[from] item: Leftovers\n|upkeep\n|\n|t:|1731158441\n|switch|p2a: Ambipom|Ambipom, L84, F|263/263\n|-damage|p2a: Ambipom|231/263|[from] Stealth Rock\n|turn|17\n|\n|t:|1731158449\n|move|p2a: Ambipom|Triple Axel|p1a: Appletun\n|-supereffective|p1a: Appletun\n|-damage|p1a: Appletun|194/352\n|-supereffective|p1a: Appletun\n|-damage|p1a: Appletun|62/352\n|-hitcount|p1a: Appletun|2\n|move|p1a: Appletun|Leech Seed|p2a: Ambipom|[miss]\n|-miss|p1a: Appletun|p2a: Ambipom\n|\n|-heal|p1a: Appletun|84/352|[from] item: Leftovers\n|upkeep\n|turn|18\n|\n|t:|1731158456\n|move|p2a: Ambipom|Triple Axel|p1a: Appletun\n|-supereffective|p1a: Appletun\n|-damage|p1a: Appletun|12/352\n|-supereffective|p1a: Appletun\n|-damage|p1a: Appletun|0 fnt\n|faint|p1a: Appletun\n|-hitcount|p1: Appletun|2\n|\n|win|vegemite360\n|raw|Wakandius_PMSD's rating: 2327 &rarr; <strong>2303</strong><br />(-24 for losing)\n|raw|vegemite360's rating: 2258 &rarr; <strong>2282</strong><br />(+24 for winning)\n|l|\u2606Wakandius_PMSD\n|player|p1|\n", "inputlog": ">version 6cf2ed9506aaf20327444a00a9388215acbf9fb2\n>start {\"formatid\":\"gen9randombattle\",\"seed\":[58609,3704,14651,23016],\"rated\":\"Rated battle\"}\n>player p1 {\"name\":\"Wakandius_PMSD\",\"avatar\":\"265\",\"rating\":2327,\"seed\":[12935,14817,52501,9719]}\n>player p2 {\"name\":\"vegemite360\",\"avatar\":\"lance\",\"rating\":2258,\"seed\":[56647,7140,5154,55322]}\n>p1 switch 6\n>p2 switch 6\n>p1 move bodyslam\n>p2 move knockoff\n>p1 move bodyslam\n>p2 move flipturn\n>p2 switch 4\n>p1 switch 6\n>p2 move stoneedge\n>p1 switch 4\n>p1 move bulletseed\n>p2 switch 5\n>p1 switch 6\n>p2 move airslash\n>p1 move rest\n>p2 move seedflare\n>p1 switch 5\n>p1 move stoneaxe\n>p2 move airslash\n>p2 switch 5\n>p1 move closecombat\n>p2 move closecombat\n>p1 switch 6\n>p1 move bulletseed\n>p2 move closecombat\n>p2 switch 4\n>p1 move bulletseed\n>p2 move sludgebomb\n>p1 switch 2\n>p1 move shellsmash\n>p2 move surf\n>p1 move liquidation\n>p2 move surf\n>p2 switch 3\n>p1 move liquidation terastallize\n>p2 move bodypress terastallize\n>p1 switch 3\n>p1 move leechseed\n>p2 move avalanche\n>p1 move dragonpulse\n>p2 move bodypress\n>p2 switch 2\n>p1 move leechseed\n>p2 move tripleaxel\n>p1 move recover\n>p2 move tripleaxel", "uploadtime": 1731158460, "views": 33, "formatid": "gen9randombattle", "rating": 2282, "private": 0, "password": null}