{"id": "gen9randombattle-2164641627", "format": "[Gen 9] Random Battle", "players": ["Astinov", "ugahb"], "log": "|j|\u2606Astinov\n|j|\u2606ugahb\n|t:|1721537596\n|gametype|singles\n|player|p1|Astinov|266|2238\n|player|p2|ugahb|265|2311\n|teamsize|p1|6\n|teamsize|p2|6\n|gen|9\n|tier|[Gen 9] Random Battle\n|rated|\n|rule|Species Clause: Limit one of each Pok\u00e9mon\n|rule|HP Percentage Mod: HP is shown in percentages\n|rule|Sleep Clause Mod: Limit one foe put to sleep\n|rule|Illusion Level Mod: Illusion disguises the Pok\u00e9mon's true level\n|\n|t:|1721537596\n|start\n|switch|p1a: Ho-Oh|Ho-Oh, L71|268/268\n|switch|p2a: Electrode|Electrode-Hisui, L87|246/246\n|turn|1\n|inactive|Battle timer is ON: inactive players will automatically lose when time's up. (requested by ugahb)\n|\n|t:|1721537612\n|switch|p1a: Farigiraf|Farigiraf, L91, F|366/366\n|move|p2a: Electrode|Volt Switch|p1a: Farigiraf\n|-damage|p1a: Farigiraf|261/366\n|-damage|p2a: Electrode|222/246|[from] item: Life Orb\n|\n|t:|1721537627\n|switch|p2a: Slither Wing|Slither Wing, L81|270/270|[from] Volt Switch\n|-enditem|p2a: Slither Wing|Booster Energy\n|-activate|p2a: Slither Wing|ability: Protosynthesis|[fromitem]\n|-start|p2a: Slither Wing|protosynthesisatk\n|\n|-heal|p1a: Farigiraf|283/366|[from] item: Leftovers\n|upkeep\n|turn|2\n|j| ugccff\n|inactive|Astinov has 120 seconds left.\n|\n|t:|1721537665\n|switch|p1a: Overqwil|Overqwil, L82, F|274/274\n|-ability|p1a: Overqwil|Intimidate|boost\n|-unboost|p2a: Slither Wing|atk|1\n|move|p2a: Slither Wing|Bulk Up|p2a: Slither Wing\n|-boost|p2a: Slither Wing|atk|1\n|-boost|p2a: Slither Wing|def|1\n|\n|upkeep\n|turn|3\n|inactive|Astinov has 120 seconds left.\n|\n|t:|1721537680\n|move|p1a: Overqwil|Swords Dance|p1a: Overqwil\n|-boost|p1a: Overqwil|atk|2\n|move|p2a: Slither Wing|Bulk Up|p2a: Slither Wing\n|-boost|p2a: Slither Wing|atk|1\n|-boost|p2a: Slither Wing|def|1\n|\n|upkeep\n|turn|4\n|\n|t:|1721537684\n|move|p1a: Overqwil|Gunk Shot|p2a: Slither Wing\n|-damage|p2a: Slither Wing|63/270\n|-damage|p1a: Overqwil|247/274|[from] item: Life Orb\n|move|p2a: Slither Wing|Earthquake|p1a: Overqwil\n|-supereffective|p1a: Overqwil\n|-damage|p1a: Overqwil|0 fnt\n|faint|p1a: Overqwil\n|\n|upkeep\n|inactive|Astinov has 120 seconds left.\n|\n|t:|1721537693\n|switch|p1a: Meowstic|Meowstic-F, L89, F|277/277\n|turn|5\n|\n|t:|1721537699\n|move|p1a: Meowstic|Alluring Voice|p2a: Slither Wing\n|-supereffective|p2a: Slither Wing\n|-damage|p2a: Slither Wing|0 fnt\n|faint|p2a: Slither Wing\n|-end|p2a: Slither Wing|Protosynthesis|[silent]\n|-damage|p1a: Meowstic|250/277|[from] item: Life Orb\n|\n|upkeep\n|\n|t:|1721537705\n|switch|p2a: Greninja|Greninja, L80, M|246/246\n|turn|6\n|\n|t:|1721537725\n|switch|p1a: Florges|Florges-Orange, L85, F|271/271\n|move|p2a: Greninja|Gunk Shot|p1a: Florges\n|-supereffective|p1a: Florges\n|-damage|p1a: Florges|21/271\n|-damage|p2a: Greninja|222/246|[from] item: Life Orb\n|\n|-heal|p1a: Florges|37/271|[from] item: Leftovers\n|upkeep\n|turn|7\n|\n|t:|1721537734\n|switch|p1a: Dondozo|Dondozo, L78, M|362/362\n|move|p2a: Greninja|Ice Beam|p1a: Dondozo\n|-resisted|p1a: Dondozo\n|-damage|p1a: Dondozo|306/362\n|-damage|p2a: Greninja|198/246|[from] item: Life Orb\n|\n|-heal|p1a: Dondozo|328/362|[from] item: Leftovers\n|upkeep\n|turn|8\n|inactive|Astinov has 120 seconds left.\n|\n|t:|1721537765\n|switch|p2a: Amoonguss|Amoonguss, L82, F|321/321\n|move|p1a: Dondozo|Wave Crash|p2a: Amoonguss\n|-resisted|p2a: Amoonguss\n|-damage|p2a: Amoonguss|253/321\n|-damage|p1a: Dondozo|306/362|[from] Recoil\n|\n|-heal|p1a: Dondozo|328/362|[from] item: Leftovers\n|-heal|p2a: Amoonguss|273/321|[from] item: Leftovers\n|upkeep\n|turn|9\n|j| alexyolt11\n|\n|t:|1721537771\n|switch|p1a: Farigiraf|Farigiraf, L91, F|283/366\n|move|p2a: Amoonguss|Sludge Bomb|p1a: Farigiraf\n|-damage|p1a: Farigiraf|195/366\n|\n|-heal|p1a: Farigiraf|217/366|[from] item: Leftovers\n|-heal|p2a: Amoonguss|293/321|[from] item: Leftovers\n|upkeep\n|turn|10\n|\n|t:|1721537777\n|move|p1a: Farigiraf|Wish|p1a: Farigiraf\n|move|p2a: Amoonguss|Sludge Bomb|p1a: Farigiraf\n|-damage|p1a: Farigiraf|132/366\n|\n|-heal|p1a: Farigiraf|154/366|[from] item: Leftovers\n|-heal|p2a: Amoonguss|313/321|[from] item: Leftovers\n|upkeep\n|turn|11\n|\n|t:|1721537796\n|move|p1a: Farigiraf|Body Slam|p2a: Amoonguss\n|-damage|p2a: Amoonguss|186/321\n|move|p2a: Amoonguss|Sludge Bomb|p1a: Farigiraf\n|-damage|p1a: Farigiraf|60/366\n|\n|-heal|p1a: Farigiraf|243/366|[from] move: Wish|[wisher] Farigiraf\n|-heal|p1a: Farigiraf|265/366|[from] item: Leftovers\n|-heal|p2a: Amoonguss|206/321|[from] item: Leftovers\n|upkeep\n|turn|12\n|\n|t:|1721537803\n|move|p1a: Farigiraf|Wish|p1a: Farigiraf\n|move|p2a: Amoonguss|Sludge Bomb|p1a: Farigiraf\n|-damage|p1a: Farigiraf|172/366\n|-status|p1a: Farigiraf|psn\n|\n|-heal|p1a: Farigiraf|194/366 psn|[from] item: Leftovers\n|-heal|p2a: Amoonguss|226/321|[from] item: Leftovers\n|-damage|p1a: Farigiraf|149/366 psn|[from] psn\n|upkeep\n|turn|13\n|\n|t:|1721537817\n|move|p1a: Farigiraf|Psychic Noise|p2a: Amoonguss\n|-supereffective|p2a: Amoonguss\n|-damage|p2a: Amoonguss|10/321\n|-start|p2a: Amoonguss|move: Heal Block\n|move|p2a: Amoonguss|Sludge Bomb|p1a: Farigiraf\n|-damage|p1a: Farigiraf|58/366 psn\n|\n|-heal|p1a: Farigiraf|241/366 psn|[from] move: Wish|[wisher] Farigiraf\n|-heal|p1a: Farigiraf|263/366 psn|[from] item: Leftovers\n|-damage|p1a: Farigiraf|218/366 psn|[from] psn\n|upkeep\n|turn|14\n|\n|t:|1721537833\n|move|p1a: Farigiraf|Body Slam|p2a: Amoonguss\n|-damage|p2a: Amoonguss|0 fnt\n|faint|p2a: Amoonguss\n|\n|-heal|p1a: Farigiraf|240/366 psn|[from] item: Leftovers\n|-damage|p1a: Farigiraf|195/366 psn|[from] psn\n|upkeep\n|\n|t:|1721537835\n|switch|p2a: Greninja|Greninja, L80, M|198/246\n|turn|15\n|inactive|Astinov has 120 seconds left.\n|\n|t:|1721537871\n|switch|p1a: Ho-Oh|Ho-Oh, L71|268/268\n|move|p2a: Greninja|Dark Pulse|p1a: Ho-Oh\n|-damage|p1a: Ho-Oh|182/268\n|-damage|p2a: Greninja|174/246|[from] item: Life Orb\n|\n|upkeep\n|turn|16\n|\n|t:|1721537877\n|switch|p1a: Dondozo|Dondozo, L78, M|328/362\n|move|p2a: Greninja|Dark Pulse|p1a: Dondozo\n|-damage|p1a: Dondozo|195/362\n|-damage|p2a: Greninja|150/246|[from] item: Life Orb\n|\n|-heal|p1a: Dondozo|217/362|[from] item: Leftovers\n|upkeep\n|turn|17\n|\n|t:|1721537884\n|move|p2a: Greninja|Dark Pulse|p1a: Dondozo\n|-damage|p1a: Dondozo|84/362\n|-damage|p2a: Greninja|126/246|[from] item: Life Orb\n|move|p1a: Dondozo|Wave Crash|p2a: Greninja\n|-resisted|p2a: Greninja\n|-damage|p2a: Greninja|51/246\n|-damage|p1a: Dondozo|59/362|[from] Recoil\n|\n|-heal|p1a: Dondozo|81/362|[from] item: Leftovers\n|upkeep\n|turn|18\n|\n|t:|1721537895\n|switch|p1a: Ho-Oh|Ho-Oh, L71|268/268\n|move|p2a: Greninja|Hydro Pump|p1a: Ho-Oh\n|-supereffective|p1a: Ho-Oh\n|-damage|p1a: Ho-Oh|63/268\n|-damage|p2a: Greninja|27/246|[from] item: Life Orb\n|\n|upkeep\n|turn|19\n|\n|t:|1721537907\n|switch|p1a: Florges|Florges-Orange, L85, F|37/271\n|move|p2a: Greninja|Dark Pulse|p1a: Florges\n|-resisted|p1a: Florges\n|-damage|p1a: Florges|5/271\n|-damage|p2a: Greninja|3/246|[from] item: Life Orb\n|\n|-heal|p1a: Florges|21/271|[from] item: Leftovers\n|upkeep\n|turn|20\n|\n|t:|1721537915\n|move|p2a: Greninja|Hydro Pump|p1a: Florges\n|-damage|p1a: Florges|0 fnt\n|faint|p1a: Florges\n|-ability|p2a: Greninja|Battle Bond|boost\n|-boost|p2a: Greninja|atk|1\n|-boost|p2a: Greninja|spa|1\n|-boost|p2a: Greninja|spe|1\n|-activate|p2a: Greninja|ability: Battle Bond\n|-damage|p2a: Greninja|0 fnt|[from] item: Life Orb\n|faint|p2a: Greninja\n|\n|upkeep\n|\n|t:|1721537927\n|switch|p2a: Entei|Entei, L78|307/307\n|switch|p1a: Farigiraf|Farigiraf, L91, F|195/366 psn\n|turn|21\n|c| alexyolt11|lol\n|inactive|Astinov has 120 seconds left.\n|\n|t:|1721537961\n|-terastallize|p2a: Entei|Fire\n|move|p1a: Farigiraf|Protect|p1a: Farigiraf\n|-singleturn|p1a: Farigiraf|Protect\n|move|p2a: Entei|Flare Blitz|p1a: Farigiraf\n|-activate|p1a: Farigiraf|move: Protect\n|\n|-heal|p1a: Farigiraf|217/366 psn|[from] item: Leftovers\n|-damage|p1a: Farigiraf|172/366 psn|[from] psn\n|upkeep\n|turn|22\n|l|\u2606ugahb\n|inactive|ugahb disconnected and has a minute to reconnect!\n|player|p2|\n|j|\u2606ugahb\n|inactive|ugahb reconnected and has 140 seconds left.\n|player|p2|ugahb|265|\n|\n|t:|1721537973\n|move|p2a: Entei|Flare Blitz|p1a: Farigiraf\n|-crit|p1a: Farigiraf\n|-damage|p1a: Farigiraf|0 fnt\n|faint|p1a: Farigiraf\n|-damage|p2a: Entei|250/307|[from] Recoil\n|\n|upkeep\n|\n|t:|1721537981\n|switch|p1a: Ho-Oh|Ho-Oh, L71|152/268\n|turn|23\n|\n|t:|1721537983\n|switch|p1a: Dondozo|Dondozo, L78, M|81/362\n|move|p2a: Entei|Flare Blitz|p1a: Dondozo\n|-resisted|p1a: Dondozo\n|-damage|p1a: Dondozo|0 fnt\n|faint|p1a: Dondozo\n|-damage|p2a: Entei|223/307|[from] Recoil\n|\n|upkeep\n|\n|t:|1721537986\n|switch|p1a: Ho-Oh|Ho-Oh, L71|241/268\n|turn|24\n|\n|t:|1721537992\n|switch|p2a: Electrode|Electrode-Hisui, L87|222/246\n|move|p1a: Ho-Oh|Earthquake|p2a: Electrode\n|-damage|p2a: Electrode|154/246\n|\n|upkeep\n|turn|25\n|\n|t:|1721538004\n|-terastallize|p1a: Ho-Oh|Ground\n|move|p2a: Electrode|Leaf Storm|p1a: Ho-Oh\n|-supereffective|p1a: Ho-Oh\n|-damage|p1a: Ho-Oh|0 fnt\n|-unboost|p2a: Electrode|spa|2\n|faint|p1a: Ho-Oh\n|-damage|p2a: Electrode|130/246|[from] item: Life Orb\n|\n|upkeep\n|\n|t:|1721538008\n|switch|p1a: Meowstic|Meowstic-F, L89, F|250/277\n|turn|26\n|\n|t:|1721538015\n|move|p2a: Electrode|Thunder Wave|p1a: Meowstic\n|-status|p1a: Meowstic|par\n|cant|p1a: Meowstic|par\n|\n|upkeep\n|turn|27\n|-message|Astinov forfeited.\n|\n|win|ugahb\n|raw|Astinov's rating: 2255 &rarr; <strong>2238</strong><br />(-17 for losing)\n|raw|ugahb's rating: 2311 &rarr; <strong>2328</strong><br />(+17 for winning)\n|l|\u2606Astinov\n|player|p1|\n|l| alexyolt11\n", "inputlog": ">version 40a00717927414d2de8ab728c68cc0cdfbe4c28f\n>start {\"formatid\":\"gen9randombattle\",\"seed\":[63391,5187,49808,12031],\"rated\":\"Rated battle\"}\n>player p1 {\"name\":\"Astinov\",\"avatar\":\"266\",\"rating\":2238,\"seed\":[10055,42017,32520,11509]}\n>player p2 {\"name\":\"ugahb\",\"avatar\":\"265\",\"rating\":2311,\"seed\":[61799,26231,40914,24044]}\n>p1 switch 4\n>p2 move voltswitch\n>p2 switch 2\n>p1 switch 2\n>p2 move bulkup\n>p1 move swordsdance\n>p2 move bulkup\n>p1 move gunkshot\n>p2 move earthquake\n>p1 switch 5\n>p1 move alluringvoice\n>p2 move closecombat\n>p2 switch 5\n>p1 switch 3\n>p2 move gunkshot\n>p1 switch 6\n>p2 move icebeam\n>p1 move wavecrash\n>p2 switch 4\n>p1 switch 2\n>p2 move sludgebomb\n>p1 move wish\n>p2 move sludgebomb\n>p1 move bodyslam\n>p2 move sludgebomb\n>p1 move wish\n>p2 move sludgebomb\n>p1 move psychicnoise\n>p2 move sludgebomb\n>p1 move bodyslam\n>p2 move sludgebomb\n>p2 switch 4\n>p1 switch 4\n>p2 move darkpulse\n>p1 switch 2\n>p2 move darkpulse\n>p1 move wavecrash\n>p2 move darkpulse\n>p1 switch 2\n>p2 move hydropump\n>p1 switch 6\n>p2 move darkpulse\n>p1 move synthesis\n>p2 move hydropump\n>p1 switch 4\n>p2 switch 6\n>chat  alexyolt11|lol\n>p1 move protect\n>p2 move flareblitz terastallize\n>p1 move wish\n>p2 move flareblitz\n>p1 switch 6\n>p1 switch 2\n>p2 move flareblitz\n>p1 switch 2\n>p1 move earthquake\n>p2 switch 2\n>p1 move sacredfire terastallize\n>p2 move leafstorm\n>p1 switch 3\n>p1 move nastyplot\n>p2 move thunderwave\n>forcelose p1", "uploadtime": 1721538020, "views": 154, "formatid": "gen9randombattle", "rating": 2238, "private": 0, "password": null}