{"id": "gen9randombattle-2138222294", "format": "[Gen 9] Random Battle", "players": ["BillyFan302", "fifamafia"], "log": "|j|\u2606BillyFan302\n|j|\u2606fifamafia\n|t:|1717696803\n|gametype|singles\n|player|p1|BillyFan302|skier-gen2|2246\n|player|p2|fifamafia|169|2258\n|teamsize|p1|6\n|teamsize|p2|6\n|gen|9\n|tier|[Gen 9] Random Battle\n|rated|\n|rule|Species Clause: Limit one of each Pok\u00e9mon\n|rule|HP Percentage Mod: HP is shown in percentages\n|rule|Sleep Clause Mod: Limit one foe put to sleep\n|rule|Illusion Level Mod: Illusion disguises the Pok\u00e9mon's true level\n|\n|t:|1717696803\n|start\n|switch|p1a: Empoleon|Empoleon, L84, F|278/278\n|switch|p2a: Samurott|Samurott, L88, M|310/310\n|turn|1\n|\n|t:|1717696817\n|move|p2a: Samurott|Swords Dance|p2a: Samurott\n|-boost|p2a: Samurott|atk|2\n|move|p1a: Empoleon|Knock Off|p2a: Samurott\n|-damage|p2a: Samurott|250/310\n|-enditem|p2a: Samurott|Life Orb|[from] move: Knock Off|[of] p1a: Empoleon\n|\n|upkeep\n|turn|2\n|\n|t:|1717696826\n|switch|p1a: Whimsicott|Whimsicott, L85, M|241/241\n|move|p2a: Samurott|Knock Off|p1a: Whimsicott\n|-resisted|p1a: Whimsicott\n|-damage|p1a: Whimsicott|165/241\n|-enditem|p1a: Whimsicott|Heavy-Duty Boots|[from] move: Knock Off|[of] p2a: Samurott\n|\n|upkeep\n|turn|3\n|\n|t:|1717696832\n|move|p1a: Whimsicott|Giga Drain|p2a: Samurott\n|-supereffective|p2a: Samurott\n|-damage|p2a: Samurott|98/310\n|-heal|p1a: Whimsicott|241/241|[from] drain|[of] p2a: Samurott\n|move|p2a: Samurott|Liquidation|p1a: Whimsicott\n|-resisted|p1a: Whimsicott\n|-damage|p1a: Whimsicott|80/241\n|\n|upkeep\n|turn|4\n|\n|t:|1717696848\n|move|p2a: Samurott|Aqua Jet|p1a: Whimsicott\n|-resisted|p1a: Whimsicott\n|-damage|p1a: Whimsicott|10/241\n|move|p1a: Whimsicott|Giga Drain|p2a: Samurott\n|-supereffective|p2a: Samurott\n|-damage|p2a: Samurott|0 fnt\n|-heal|p1a: Whimsicott|59/241|[from] drain|[of] p2a: Samurott\n|faint|p2a: Samurott\n|\n|upkeep\n|\n|t:|1717696863\n|switch|p2a: Chandelure|Chandelure, L83, F|235/235\n|turn|5\n|\n|t:|1717696876\n|move|p1a: Whimsicott|U-turn|p2a: Chandelure\n|-resisted|p2a: Chandelure\n|-damage|p2a: Chandelure|226/235\n|\n|t:|1717696879\n|switch|p1a: Umbreon|Umbreon, L84, M|297/297|[from] U-turn\n|move|p2a: Chandelure|Shadow Ball|p1a: Umbreon\n|-resisted|p1a: Umbreon\n|-damage|p1a: Umbreon|257/297\n|-unboost|p1a: Umbreon|spd|1\n|\n|-heal|p1a: Umbreon|275/297|[from] item: Leftovers\n|upkeep\n|turn|6\n|\n|t:|1717696890\n|switch|p2a: Okidogi|Okidogi, L77, M|262/262\n|move|p1a: Umbreon|Toxic|p2a: Okidogi\n|-immune|p2a: Okidogi\n|\n|-heal|p1a: Umbreon|293/297|[from] item: Leftovers\n|upkeep\n|turn|7\n|\n|t:|1717696902\n|switch|p1a: Dialga|Dialga, L73|266/266\n|-ability|p1a: Dialga|Pressure\n|move|p2a: Okidogi|Bulk Up|p2a: Okidogi\n|-boost|p2a: Okidogi|atk|1\n|-boost|p2a: Okidogi|def|1\n|\n|upkeep\n|turn|8\n|inactive|Battle timer is ON: inactive players will automatically lose when time's up. (requested by fifamafia)\n|\n|t:|1717696948\n|switch|p1a: Florges|Florges-Blue, L85, F|271/271\n|move|p2a: Okidogi|Drain Punch|p1a: Florges\n|-resisted|p1a: Florges\n|-damage|p1a: Florges|196/271\n|\n|-heal|p1a: Florges|212/271|[from] item: Leftovers\n|upkeep\n|turn|9\n|\n|t:|1717696956\n|-terastallize|p1a: Florges|Ground\n|move|p1a: Florges|Tera Blast|p2a: Okidogi|[anim] Tera Blast Ground\n|-supereffective|p2a: Okidogi\n|-damage|p2a: Okidogi|26/262\n|move|p2a: Okidogi|Bulk Up|p2a: Okidogi\n|-boost|p2a: Okidogi|atk|1\n|-boost|p2a: Okidogi|def|1\n|\n|-heal|p1a: Florges|228/271|[from] item: Leftovers\n|-heal|p2a: Okidogi|42/262|[from] item: Leftovers\n|upkeep\n|turn|10\n|\n|t:|1717696964\n|move|p1a: Florges|Moonblast|p2a: Okidogi\n|-damage|p2a: Okidogi|0 fnt\n|faint|p2a: Okidogi\n|\n|-heal|p1a: Florges|244/271|[from] item: Leftovers\n|upkeep\n|\n|t:|1717696970\n|switch|p2a: Zarude|Zarude, L78|292/292\n|turn|11\n|\n|t:|1717696981\n|switch|p1a: Whimsicott|Whimsicott, L85, M|59/241\n|move|p2a: Zarude|Swords Dance|p2a: Zarude\n|-boost|p2a: Zarude|atk|2\n|\n|upkeep\n|turn|12\n|\n|t:|1717696990\n|move|p1a: Whimsicott|U-turn|p2a: Zarude\n|-supereffective|p2a: Zarude\n|-damage|p2a: Zarude|132/292\n|\n|t:|1717696999\n|switch|p1a: Trevenant|Trevenant, L88, M|293/293|[from] U-turn\n|move|p2a: Zarude|Knock Off|p1a: Trevenant\n|-supereffective|p1a: Trevenant\n|-damage|p1a: Trevenant|0 fnt\n|-enditem|p1a: Trevenant|Sitrus Berry|[from] move: Knock Off|[of] p2a: Zarude\n|faint|p1a: Trevenant\n|-damage|p2a: Zarude|103/292|[from] item: Life Orb\n|\n|upkeep\n|\n|t:|1717697001\n|switch|p1a: Whimsicott|Whimsicott, L85, M|59/241\n|turn|13\n|\n|t:|1717697007\n|switch|p2a: Chandelure|Chandelure, L83, F|226/235\n|move|p1a: Whimsicott|Moonblast|p2a: Chandelure\n|-resisted|p2a: Chandelure\n|-damage|p2a: Chandelure|181/235\n|\n|upkeep\n|turn|14\n|\n|t:|1717697014\n|move|p1a: Whimsicott|U-turn|p2a: Chandelure\n|-resisted|p2a: Chandelure\n|-damage|p2a: Chandelure|172/235\n|\n|t:|1717697016\n|switch|p1a: Umbreon|Umbreon, L84, M|293/297|[from] U-turn\n|move|p2a: Chandelure|Calm Mind|p2a: Chandelure\n|-boost|p2a: Chandelure|spa|1\n|-boost|p2a: Chandelure|spd|1\n|\n|-heal|p1a: Umbreon|297/297|[from] item: Leftovers\n|upkeep\n|turn|15\n|\n|t:|1717697024\n|move|p2a: Chandelure|Fire Blast|p1a: Umbreon\n|-damage|p1a: Umbreon|129/297\n|move|p1a: Umbreon|Toxic|p2a: Chandelure\n|-status|p2a: Chandelure|tox\n|\n|-heal|p1a: Umbreon|147/297|[from] item: Leftovers\n|-damage|p2a: Chandelure|158/235 tox|[from] psn\n|upkeep\n|turn|16\n|\n|t:|1717697032\n|move|p1a: Umbreon|Protect|p1a: Umbreon\n|-singleturn|p1a: Umbreon|Protect\n|move|p2a: Chandelure|Fire Blast|p1a: Umbreon\n|-activate|p1a: Umbreon|move: Protect\n|\n|-heal|p1a: Umbreon|165/297|[from] item: Leftovers\n|-damage|p2a: Chandelure|130/235 tox|[from] psn\n|upkeep\n|turn|17\n|\n|t:|1717697045\n|switch|p1a: Empoleon|Empoleon, L84, F|278/278\n|move|p2a: Chandelure|Fire Blast|p1a: Empoleon\n|-damage|p1a: Empoleon|64/278\n|-status|p1a: Empoleon|brn\n|\n|-heal|p1a: Empoleon|81/278 brn|[from] item: Leftovers\n|-damage|p2a: Chandelure|88/235 tox|[from] psn\n|-damage|p1a: Empoleon|64/278 brn|[from] brn\n|upkeep\n|turn|18\n|\n|t:|1717697056\n|move|p2a: Chandelure|Energy Ball|p1a: Empoleon\n|-damage|p1a: Empoleon|0 fnt\n|faint|p1a: Empoleon\n|\n|-damage|p2a: Chandelure|32/235 tox|[from] psn\n|upkeep\n|\n|t:|1717697059\n|switch|p1a: Umbreon|Umbreon, L84, M|165/297\n|turn|19\n|\n|t:|1717697062\n|move|p1a: Umbreon|Protect|p1a: Umbreon\n|-singleturn|p1a: Umbreon|Protect\n|move|p2a: Chandelure|Fire Blast|p1a: Umbreon\n|-activate|p1a: Umbreon|move: Protect\n|\n|-heal|p1a: Umbreon|183/297|[from] item: Leftovers\n|-damage|p2a: Chandelure|0 fnt|[from] psn\n|faint|p2a: Chandelure\n|upkeep\n|\n|t:|1717697071\n|switch|p2a: Zarude|Zarude, L78|103/292\n|turn|20\n|\n|t:|1717697078\n|move|p2a: Zarude|Swords Dance|p2a: Zarude\n|-boost|p2a: Zarude|atk|2\n|move|p1a: Umbreon|Toxic|p2a: Zarude\n|-status|p2a: Zarude|tox\n|\n|-heal|p1a: Umbreon|201/297|[from] item: Leftovers\n|-damage|p2a: Zarude|85/292 tox|[from] psn\n|upkeep\n|turn|21\n|\n|t:|1717697085\n|move|p1a: Umbreon|Protect|p1a: Umbreon\n|-singleturn|p1a: Umbreon|Protect\n|move|p2a: Zarude|Close Combat|p1a: Umbreon\n|-activate|p1a: Umbreon|move: Protect\n|\n|-heal|p1a: Umbreon|219/297|[from] item: Leftovers\n|-damage|p2a: Zarude|49/292 tox|[from] psn\n|upkeep\n|turn|22\n|\n|t:|1717697088\n|switch|p1a: Whimsicott|Whimsicott, L85, M|59/241\n|move|p2a: Zarude|Power Whip|p1a: Whimsicott\n|-resisted|p1a: Whimsicott\n|-damage|p1a: Whimsicott|0 fnt\n|faint|p1a: Whimsicott\n|-damage|p2a: Zarude|20/292 tox|[from] item: Life Orb\n|\n|-damage|p2a: Zarude|0 fnt|[from] psn\n|faint|p2a: Zarude\n|upkeep\n|\n|t:|1717697105\n|switch|p1a: Dialga|Dialga, L73|266/266\n|switch|p2a: Hoopa|Hoopa, L85|275/275\n|-ability|p1a: Dialga|Pressure\n|turn|23\n|\n|t:|1717697114\n|move|p1a: Dialga|Heavy Slam|p2a: Hoopa\n|-damage|p2a: Hoopa|121/275\n|move|p2a: Hoopa|Focus Blast|p1a: Dialga\n|-supereffective|p1a: Dialga\n|-damage|p1a: Dialga|0 fnt\n|faint|p1a: Dialga\n|-damage|p2a: Hoopa|94/275|[from] item: Life Orb\n|\n|upkeep\n|\n|t:|1717697122\n|switch|p1a: Florges|Florges-Blue, L85, F, tera:Ground|244/271\n|turn|24\n|\n|t:|1717697132\n|move|p1a: Florges|Calm Mind|p1a: Florges\n|-boost|p1a: Florges|spa|1\n|-boost|p1a: Florges|spd|1\n|move|p2a: Hoopa|Psychic|p1a: Florges\n|-damage|p1a: Florges|162/271\n|-damage|p2a: Hoopa|67/275|[from] item: Life Orb\n|\n|-heal|p1a: Florges|178/271|[from] item: Leftovers\n|upkeep\n|turn|25\n|\n|t:|1717697136\n|move|p1a: Florges|Moonblast|p2a: Hoopa\n|-damage|p2a: Hoopa|0 fnt\n|faint|p2a: Hoopa\n|\n|-heal|p1a: Florges|194/271|[from] item: Leftovers\n|upkeep\n|\n|t:|1717697141\n|switch|p2a: Hydreigon|Hydreigon, L79, M|275/275\n|turn|26\n|-message|fifamafia forfeited.\n|\n|win|BillyFan302\n|raw|BillyFan302's rating: 2246 &rarr; <strong>2267</strong><br />(+21 for winning)\n|raw|fifamafia's rating: 2258 &rarr; <strong>2237</strong><br />(-21 for losing)\n|l|\u2606fifamafia\n|player|p2|\n", "inputlog": ">version c8c9051b610f05ef7de3ddfd57a1d0baa2371b75\n>start {\"formatid\":\"gen9randombattle\",\"seed\":[53720,44800,63923,55111],\"rated\":\"Rated battle\"}\n>player p1 {\"name\":\"BillyFan302\",\"avatar\":\"skier-gen2\",\"rating\":2246,\"seed\":[17126,51169,49263,13208]}\n>player p2 {\"name\":\"fifamafia\",\"avatar\":\"169\",\"rating\":2258,\"seed\":[37732,14998,48283,45305]}\n>p1 move knockoff\n>p2 move swordsdance\n>p1 switch 4\n>p2 move knockoff\n>p1 move gigadrain\n>p2 move liquidation\n>p1 move gigadrain\n>p2 move aquajet\n>p2 switch 3\n>p1 move uturn\n>p2 move shadowball\n>p1 switch 6\n>p1 move toxic\n>p2 switch 4\n>p1 switch 2\n>p2 move bulkup\n>p1 switch 3\n>p2 move drainpunch\n>p1 move terablast terastallize\n>p2 move bulkup\n>p1 move moonblast\n>p2 move drainpunch\n>p2 switch 6\n>p1 switch 6\n>p2 move swordsdance\n>p1 move uturn\n>p2 move knockoff\n>p1 switch 5\n>p1 switch 5\n>p1 move moonblast\n>p2 switch 4\n>p1 move uturn\n>p2 move calmmind\n>p1 switch 2\n>p1 move toxic\n>p2 move fireblast\n>p1 move protect\n>p2 move fireblast\n>p1 switch 4\n>p2 move fireblast\n>p1 move surf\n>p2 move energyball\n>p1 switch 4\n>p1 move protect\n>p2 move fireblast\n>p2 switch 4\n>p1 move toxic\n>p2 move swordsdance\n>p1 move protect\n>p2 move closecombat\n>p1 switch 2\n>p2 move powerwhip\n>p1 switch 3\n>p2 switch 5\n>p1 move heavyslam\n>p2 move focusblast\n>p1 switch 6\n>p1 move calmmind\n>p2 move psychic\n>p1 move moonblast\n>p2 move psychic\n>p2 switch 2\n>forcelose p2", "uploadtime": 1717697163, "views": 194, "formatid": "gen9randombattle", "rating": 2237, "private": 0, "password": null}