{"id": "gen9randombattle-2175616428", "format": "[Gen 9] Random Battle", "players": ["BF0 Ghost", "CasualCynic"], "log": "|j|\u2606BF0 Ghost\n|j|\u2606CasualCynic\n|t:|1723070274\n|gametype|singles\n|player|p1|BF0 Ghost|265|2252\n|player|p2|CasualCynic|janitor|2225\n|teamsize|p1|6\n|teamsize|p2|6\n|gen|9\n|tier|[Gen 9] Random Battle\n|rated|\n|rule|Species Clause: Limit one of each Pok\u00e9mon\n|rule|HP Percentage Mod: HP is shown in percentages\n|rule|Sleep Clause Mod: Limit one foe put to sleep\n|rule|Illusion Level Mod: Illusion disguises the Pok\u00e9mon's true level\n|\n|t:|1723070274\n|start\n|switch|p1a: Zarude|Zarude-Dada, L78|292/292\n|switch|p2a: Alomomola|Alomomola, L87, F|429/429\n|turn|1\n|inactive|Battle timer is ON: inactive players will automatically lose when time's up. (requested by BF0 Ghost)\n|\n|t:|1723070290\n|move|p2a: Alomomola|Protect|p2a: Alomomola\n|-singleturn|p2a: Alomomola|Protect\n|move|p1a: Zarude|Knock Off|p2a: Alomomola\n|-activate|p2a: Alomomola|move: Protect\n|\n|upkeep\n|turn|2\n|\n|t:|1723070306\n|move|p1a: Zarude|Power Whip|p2a: Alomomola\n|-supereffective|p2a: Alomomola\n|-damage|p2a: Alomomola|165/429\n|move|p2a: Alomomola|Scald|p1a: Zarude\n|-resisted|p1a: Zarude\n|-damage|p1a: Zarude|265/292\n|\n|-heal|p1a: Zarude|283/292|[from] item: Leftovers\n|upkeep\n|turn|3\n|\n|t:|1723070324\n|switch|p2a: Yanmega|Yanmega, L82, F|275/275\n|move|p1a: Zarude|Power Whip|p2a: Yanmega\n|-resisted|p2a: Yanmega\n|-damage|p2a: Yanmega|244/275\n|\n|-heal|p1a: Zarude|292/292|[from] item: Leftovers\n|upkeep\n|turn|4\n|\n|t:|1723070351\n|switch|p1a: Klawf|Klawf, L90, M|272/272\n|move|p2a: Yanmega|Bug Buzz|p1a: Klawf\n|-damage|p1a: Klawf|142/272\n|\n|-ability|p2a: Yanmega|Speed Boost|boost\n|-boost|p2a: Yanmega|spe|1\n|upkeep\n|turn|5\n|inactive|CasualCynic has 120 seconds left.\n|\n|t:|1723070401\n|switch|p2a: Alomomola|Alomomola, L87, F|308/429\n|move|p1a: Klawf|Stone Edge|p2a: Alomomola\n|-damage|p2a: Alomomola|173/429\n|\n|upkeep\n|turn|6\n|\n|t:|1723070411\n|move|p1a: Klawf|Swords Dance|p1a: Klawf\n|-boost|p1a: Klawf|atk|2\n|move|p2a: Alomomola|Wish|p2a: Alomomola\n|\n|upkeep\n|turn|7\n|\n|t:|1723070417\n|move|p2a: Alomomola|Protect|p2a: Alomomola\n|-singleturn|p2a: Alomomola|Protect\n|move|p1a: Klawf|Stone Edge|p2a: Alomomola\n|-activate|p2a: Alomomola|move: Protect\n|\n|-heal|p2a: Alomomola|387/429|[from] move: Wish|[wisher] Alomomola\n|upkeep\n|turn|8\n|\n|t:|1723070420\n|move|p1a: Klawf|Stone Edge|p2a: Alomomola|[miss]\n|-miss|p1a: Klawf|p2a: Alomomola\n|move|p2a: Alomomola|Scald|p1a: Klawf\n|-supereffective|p1a: Klawf\n|-damage|p1a: Klawf|16/272\n|-ability|p1a: Klawf|Anger Shell|boost\n|-boost|p1a: Klawf|atk|1\n|-boost|p1a: Klawf|spa|1\n|-boost|p1a: Klawf|spe|1\n|-unboost|p1a: Klawf|def|1\n|-unboost|p1a: Klawf|spd|1\n|-enditem|p1a: Klawf|Sitrus Berry|[eat]\n|-heal|p1a: Klawf|84/272|[from] item: Sitrus Berry\n|\n|upkeep\n|turn|9\n|inactive|CasualCynic has 120 seconds left.\n|\n|t:|1723070455\n|-terastallize|p1a: Klawf|Water\n|move|p1a: Klawf|Knock Off|p2a: Alomomola\n|-damage|p2a: Alomomola|192/429\n|-enditem|p2a: Alomomola|Heavy-Duty Boots|[from] move: Knock Off|[of] p1a: Klawf\n|move|p2a: Alomomola|Flip Turn|p1a: Klawf\n|-resisted|p1a: Klawf\n|-damage|p1a: Klawf|51/272\n|\n|t:|1723070467\n|switch|p2a: Yanmega|Yanmega, L82, F|244/275|[from] Flip Turn\n|\n|upkeep\n|turn|10\n|\n|t:|1723070474\n|move|p2a: Yanmega|Protect|p2a: Yanmega\n|-singleturn|p2a: Yanmega|Protect\n|move|p1a: Klawf|Crabhammer|p2a: Yanmega\n|-activate|p2a: Yanmega|move: Protect\n|\n|-ability|p2a: Yanmega|Speed Boost|boost\n|-boost|p2a: Yanmega|spe|1\n|upkeep\n|turn|11\n|\n|t:|1723070493\n|switch|p1a: Blissey|Blissey, L84, F|566/566\n|move|p2a: Yanmega|Bug Buzz|p1a: Blissey\n|-damage|p1a: Blissey|487/566\n|\n|-heal|p1a: Blissey|522/566|[from] item: Leftovers\n|-ability|p2a: Yanmega|Speed Boost|boost\n|-boost|p2a: Yanmega|spe|1\n|upkeep\n|turn|12\n|\n|t:|1723070514\n|switch|p2a: Lanturn|Lanturn, L89, M|367/367\n|move|p1a: Blissey|Stealth Rock|p2a: Lanturn\n|-sidestart|p2: CasualCynic|move: Stealth Rock\n|\n|-heal|p1a: Blissey|557/566|[from] item: Leftovers\n|upkeep\n|turn|13\n|\n|t:|1723070525\n|move|p2a: Lanturn|Thunder Wave|p1a: Blissey\n|-status|p1a: Blissey|par\n|cant|p1a: Blissey|par\n|\n|-heal|p1a: Blissey|566/566 par|[from] item: Leftovers\n|upkeep\n|turn|14\n|\n|t:|1723070532\n|move|p2a: Lanturn|Volt Switch|p1a: Blissey\n|-damage|p1a: Blissey|515/566 par\n|\n|t:|1723070536\n|switch|p2a: Torkoal|Torkoal, L88, M|266/266|[from] Volt Switch\n|-weather|SunnyDay|[from] ability: Drought|[of] p2a: Torkoal\n|cant|p1a: Blissey|par\n|\n|-weather|SunnyDay|[upkeep]\n|-heal|p1a: Blissey|550/566 par|[from] item: Leftovers\n|upkeep\n|turn|15\n|\n|t:|1723070542\n|move|p2a: Torkoal|Stealth Rock|p1a: Blissey\n|-sidestart|p1: BF0 Ghost|move: Stealth Rock\n|cant|p1a: Blissey|par\n|\n|-weather|SunnyDay|[upkeep]\n|-heal|p1a: Blissey|566/566 par|[from] item: Leftovers\n|upkeep\n|turn|16\n|c|\u2606BF0 Ghost|...\n|\n|t:|1723070547\n|move|p2a: Torkoal|Rapid Spin|p1a: Blissey\n|-damage|p1a: Blissey|457/566 par\n|-boost|p2a: Torkoal|spe|1\n|-sideend|p2: CasualCynic|Stealth Rock|[from] move: Rapid Spin|[of] p2a: Torkoal\n|cant|p1a: Blissey|par\n|\n|-weather|SunnyDay|[upkeep]\n|-heal|p1a: Blissey|492/566 par|[from] item: Leftovers\n|upkeep\n|turn|17\n|\n|t:|1723070557\n|switch|p2a: Rampardos|Rampardos, L90, M|321/321\n|move|p1a: Blissey|Thunder Wave|p2a: Rampardos\n|-status|p2a: Rampardos|par\n|\n|-weather|SunnyDay|[upkeep]\n|-heal|p1a: Blissey|527/566 par|[from] item: Leftovers\n|upkeep\n|turn|18\n|\n|t:|1723070566\n|-curestatus|p1a: Blissey|par|[from] ability: Natural Cure\n|switch|p1a: Klawf|Klawf, L90, M, tera:Water|51/272\n|-damage|p1a: Klawf|17/272|[from] Stealth Rock\n|move|p2a: Rampardos|Rock Slide|p1a: Klawf\n|-damage|p1a: Klawf|0 fnt\n|faint|p1a: Klawf\n|\n|-weather|none\n|upkeep\n|\n|t:|1723070584\n|switch|p1a: Zarude|Zarude-Dada, L78|292/292\n|-damage|p1a: Zarude|256/292|[from] Stealth Rock\n|turn|19\n|\n|t:|1723070613\n|switch|p2a: Bellossom|Bellossom, L84, F|263/263\n|move|p1a: Zarude|Power Whip|p2a: Bellossom\n|-resisted|p2a: Bellossom\n|-damage|p2a: Bellossom|197/263\n|\n|-heal|p1a: Zarude|274/292|[from] item: Leftovers\n|-heal|p2a: Bellossom|213/263|[from] item: Leftovers\n|upkeep\n|turn|20\n|\n|t:|1723070632\n|switch|p1a: Lurantis|Lurantis, L87, F|264/264\n|-damage|p1a: Lurantis|231/264|[from] Stealth Rock\n|move|p2a: Bellossom|Quiver Dance|p2a: Bellossom\n|-boost|p2a: Bellossom|spa|1\n|-boost|p2a: Bellossom|spd|1\n|-boost|p2a: Bellossom|spe|1\n|\n|-heal|p2a: Bellossom|229/263|[from] item: Leftovers\n|-heal|p1a: Lurantis|247/264|[from] item: Leftovers\n|upkeep\n|turn|21\n|\n|t:|1723070637\n|move|p2a: Bellossom|Sludge Bomb|p1a: Lurantis\n|-supereffective|p1a: Lurantis\n|-damage|p1a: Lurantis|73/264\n|move|p1a: Lurantis|Defog|p2a: Bellossom\n|-unboost|p2a: Bellossom|evasion|1\n|-sideend|p1: BF0 Ghost|Stealth Rock|[from] move: Defog|[of] p1a: Lurantis\n|\n|-heal|p2a: Bellossom|245/263|[from] item: Leftovers\n|-heal|p1a: Lurantis|89/264|[from] item: Leftovers\n|upkeep\n|turn|22\n|\n|t:|1723070645\n|switch|p1a: Blissey|Blissey, L84, F|527/566\n|move|p2a: Bellossom|Quiver Dance|p2a: Bellossom\n|-boost|p2a: Bellossom|spa|1\n|-boost|p2a: Bellossom|spd|1\n|-boost|p2a: Bellossom|spe|1\n|\n|-heal|p2a: Bellossom|261/263|[from] item: Leftovers\n|-heal|p1a: Blissey|562/566|[from] item: Leftovers\n|upkeep\n|turn|23\n|\n|t:|1723070648\n|move|p2a: Bellossom|Quiver Dance|p2a: Bellossom\n|-boost|p2a: Bellossom|spa|1\n|-boost|p2a: Bellossom|spd|1\n|-boost|p2a: Bellossom|spe|1\n|move|p1a: Blissey|Thunder Wave|p2a: Bellossom\n|-status|p2a: Bellossom|par\n|\n|-heal|p2a: Bellossom|263/263 par|[from] item: Leftovers\n|-heal|p1a: Blissey|566/566|[from] item: Leftovers\n|upkeep\n|turn|24\n|\n|t:|1723070650\n|cant|p2a: Bellossom|par\n|move|p1a: Blissey|Seismic Toss|p2a: Bellossom\n|-damage|p2a: Bellossom|179/263 par\n|\n|-heal|p2a: Bellossom|195/263 par|[from] item: Leftovers\n|upkeep\n|turn|25\n|\n|t:|1723070653\n|move|p2a: Bellossom|Quiver Dance|p2a: Bellossom\n|-boost|p2a: Bellossom|spa|1\n|-boost|p2a: Bellossom|spd|1\n|-boost|p2a: Bellossom|spe|1\n|move|p1a: Blissey|Seismic Toss|p2a: Bellossom\n|-damage|p2a: Bellossom|111/263 par\n|\n|-heal|p2a: Bellossom|127/263 par|[from] item: Leftovers\n|upkeep\n|turn|26\n|\n|t:|1723070656\n|move|p2a: Bellossom|Giga Drain|p1a: Blissey\n|-damage|p1a: Blissey|394/566\n|-heal|p2a: Bellossom|213/263 par|[from] drain|[of] p1a: Blissey\n|move|p1a: Blissey|Seismic Toss|p2a: Bellossom\n|-damage|p2a: Bellossom|129/263 par\n|\n|-heal|p2a: Bellossom|145/263 par|[from] item: Leftovers\n|-heal|p1a: Blissey|429/566|[from] item: Leftovers\n|upkeep\n|turn|27\n|\n|t:|1723070659\n|move|p2a: Bellossom|Giga Drain|p1a: Blissey\n|-crit|p1a: Blissey\n|-damage|p1a: Blissey|180/566\n|-heal|p2a: Bellossom|263/263 par|[from] drain|[of] p1a: Blissey\n|move|p1a: Blissey|Seismic Toss|p2a: Bellossom\n|-damage|p2a: Bellossom|179/263 par\n|\n|-heal|p2a: Bellossom|195/263 par|[from] item: Leftovers\n|-heal|p1a: Blissey|215/566|[from] item: Leftovers\n|upkeep\n|turn|28\n|\n|t:|1723070665\n|move|p2a: Bellossom|Giga Drain|p1a: Blissey\n|-damage|p1a: Blissey|59/566\n|-heal|p2a: Bellossom|263/263 par|[from] drain|[of] p1a: Blissey\n|move|p1a: Blissey|Soft-Boiled|p1a: Blissey\n|-heal|p1a: Blissey|342/566\n|\n|-heal|p1a: Blissey|377/566|[from] item: Leftovers\n|upkeep\n|turn|29\n|\n|t:|1723070668\n|move|p2a: Bellossom|Quiver Dance|p2a: Bellossom\n|-boost|p2a: Bellossom|spa|1\n|-boost|p2a: Bellossom|spd|1\n|-boost|p2a: Bellossom|spe|1\n|move|p1a: Blissey|Seismic Toss|p2a: Bellossom\n|-damage|p2a: Bellossom|179/263 par\n|\n|-heal|p2a: Bellossom|195/263 par|[from] item: Leftovers\n|-heal|p1a: Blissey|412/566|[from] item: Leftovers\n|upkeep\n|turn|30\n|\n|t:|1723070674\n|cant|p2a: Bellossom|par\n|move|p1a: Blissey|Seismic Toss|p2a: Bellossom\n|-damage|p2a: Bellossom|111/263 par\n|\n|-heal|p2a: Bellossom|127/263 par|[from] item: Leftovers\n|-heal|p1a: Blissey|447/566|[from] item: Leftovers\n|upkeep\n|turn|31\n|\n|t:|1723070678\n|cant|p2a: Bellossom|par\n|move|p1a: Blissey|Seismic Toss|p2a: Bellossom\n|-damage|p2a: Bellossom|43/263 par\n|\n|-heal|p2a: Bellossom|59/263 par|[from] item: Leftovers\n|-heal|p1a: Blissey|482/566|[from] item: Leftovers\n|upkeep\n|turn|32\n|\n|t:|1723070681\n|move|p2a: Bellossom|Giga Drain|p1a: Blissey\n|-damage|p1a: Blissey|298/566\n|-heal|p2a: Bellossom|151/263 par|[from] drain|[of] p1a: Blissey\n|move|p1a: Blissey|Seismic Toss|p2a: Bellossom\n|-damage|p2a: Bellossom|67/263 par\n|\n|-heal|p2a: Bellossom|83/263 par|[from] item: Leftovers\n|-heal|p1a: Blissey|333/566|[from] item: Leftovers\n|upkeep\n|turn|33\n|\n|t:|1723070689\n|switch|p1a: Lurantis|Lurantis, L87, F|89/264\n|move|p2a: Bellossom|Giga Drain|p1a: Lurantis\n|-resisted|p1a: Lurantis\n|-damage|p1a: Lurantis|0 fnt\n|-heal|p2a: Bellossom|128/263 par|[from] drain|[of] p1a: Lurantis\n|faint|p1a: Lurantis\n|\n|-heal|p2a: Bellossom|144/263 par|[from] item: Leftovers\n|upkeep\n|\n|t:|1723070691\n|switch|p1a: Lokix|Lokix, L82, F|251/251\n|turn|34\n|\n|t:|1723070720\n|switch|p2a: Torkoal|Torkoal, L88, M|266/266\n|-weather|SunnyDay|[from] ability: Drought|[of] p2a: Torkoal\n|switch|p1a: Blissey|Blissey, L84, F|333/566\n|\n|-weather|SunnyDay|[upkeep]\n|-heal|p1a: Blissey|368/566|[from] item: Leftovers\n|upkeep\n|turn|35\n|\n|t:|1723070727\n|move|p1a: Blissey|Thunder Wave|p2a: Torkoal\n|-status|p2a: Torkoal|par\n|cant|p2a: Torkoal|par\n|\n|-weather|SunnyDay|[upkeep]\n|-heal|p1a: Blissey|403/566|[from] item: Leftovers\n|upkeep\n|turn|36\n|\n|t:|1723070735\n|move|p1a: Blissey|Seismic Toss|p2a: Torkoal\n|-damage|p2a: Torkoal|182/266 par\n|cant|p2a: Torkoal|par\n|\n|-weather|SunnyDay|[upkeep]\n|-heal|p1a: Blissey|438/566|[from] item: Leftovers\n|upkeep\n|turn|37\n|\n|t:|1723070740\n|move|p1a: Blissey|Seismic Toss|p2a: Torkoal\n|-damage|p2a: Torkoal|98/266 par\n|cant|p2a: Torkoal|par\n|\n|-weather|SunnyDay|[upkeep]\n|-heal|p1a: Blissey|473/566|[from] item: Leftovers\n|upkeep\n|turn|38\n|\n|t:|1723070745\n|move|p1a: Blissey|Seismic Toss|p2a: Torkoal\n|-damage|p2a: Torkoal|14/266 par\n|move|p2a: Torkoal|Stealth Rock|p1a: Blissey\n|-sidestart|p1: BF0 Ghost|move: Stealth Rock\n|\n|-weather|none\n|-heal|p1a: Blissey|508/566|[from] item: Leftovers\n|upkeep\n|turn|39\n|\n|t:|1723070750\n|move|p1a: Blissey|Seismic Toss|p2a: Torkoal\n|-damage|p2a: Torkoal|0 fnt\n|faint|p2a: Torkoal\n|\n|-heal|p1a: Blissey|543/566|[from] item: Leftovers\n|upkeep\n|\n|t:|1723070753\n|switch|p2a: Rampardos|Rampardos, L90, M|321/321 par\n|turn|40\n|\n|t:|1723070765\n|switch|p1a: Eternatus|Eternatus, L69|308/308\n|-damage|p1a: Eternatus|270/308|[from] Stealth Rock\n|-ability|p1a: Eternatus|Pressure\n|cant|p2a: Rampardos|par\n|\n|upkeep\n|turn|41\n|\n|t:|1723070774\n|move|p1a: Eternatus|Dynamax Cannon|p2a: Rampardos\n|-damage|p2a: Rampardos|194/321 par\n|cant|p2a: Rampardos|par\n|\n|upkeep\n|turn|42\n|\n|t:|1723070777\n|move|p1a: Eternatus|Dynamax Cannon|p2a: Rampardos\n|-damage|p2a: Rampardos|64/321 par\n|move|p2a: Rampardos|Earthquake|p1a: Eternatus\n|-supereffective|p1a: Eternatus\n|-damage|p1a: Eternatus|0 fnt\n|faint|p1a: Eternatus\n|\n|upkeep\n|\n|t:|1723070784\n|switch|p1a: Blissey|Blissey, L84, F|543/566\n|-damage|p1a: Blissey|473/566|[from] Stealth Rock\n|turn|43\n|\n|t:|1723070794\n|switch|p2a: Lanturn|Lanturn, L89, M|367/367\n|move|p1a: Blissey|Seismic Toss|p2a: Lanturn\n|-damage|p2a: Lanturn|283/367\n|\n|-heal|p1a: Blissey|508/566|[from] item: Leftovers\n|upkeep\n|turn|44\n|\n|t:|1723070798\n|move|p2a: Lanturn|Thunder Wave|p1a: Blissey\n|-status|p1a: Blissey|par\n|move|p1a: Blissey|Stealth Rock|p2a: Lanturn\n|-sidestart|p2: CasualCynic|move: Stealth Rock\n|\n|-heal|p1a: Blissey|543/566 par|[from] item: Leftovers\n|upkeep\n|turn|45\n|\n|t:|1723070809\n|move|p2a: Lanturn|Scald|p1a: Blissey\n|-damage|p1a: Blissey|489/566 par\n|cant|p1a: Blissey|par\n|\n|-heal|p1a: Blissey|524/566 par|[from] item: Leftovers\n|upkeep\n|turn|46\n|\n|t:|1723070814\n|move|p2a: Lanturn|Volt Switch|p1a: Blissey\n|-damage|p1a: Blissey|478/566 par\n|\n|t:|1723070817\n|switch|p2a: Alomomola|Alomomola, L87, F|335/429|[from] Volt Switch\n|-damage|p2a: Alomomola|282/429|[from] Stealth Rock\n|move|p1a: Blissey|Seismic Toss|p2a: Alomomola\n|-damage|p2a: Alomomola|198/429\n|\n|-heal|p1a: Blissey|513/566 par|[from] item: Leftovers\n|upkeep\n|turn|47\n|\n|t:|1723070821\n|-curestatus|p1a: Blissey|par|[from] ability: Natural Cure\n|switch|p1a: Zarude|Zarude-Dada, L78|274/292\n|-damage|p1a: Zarude|238/292|[from] Stealth Rock\n|move|p2a: Alomomola|Wish|p2a: Alomomola\n|\n|-heal|p1a: Zarude|256/292|[from] item: Leftovers\n|upkeep\n|turn|48\n|\n|t:|1723070831\n|switch|p2a: Bellossom|Bellossom, L84, F|144/263 par\n|-damage|p2a: Bellossom|112/263 par|[from] Stealth Rock\n|move|p1a: Zarude|Knock Off|p2a: Bellossom\n|-damage|p2a: Bellossom|6/263 par\n|-enditem|p2a: Bellossom|Leftovers|[from] move: Knock Off|[of] p1a: Zarude\n|\n|-heal|p2a: Bellossom|220/263 par|[from] move: Wish|[wisher] Alomomola\n|-heal|p1a: Zarude|274/292|[from] item: Leftovers\n|upkeep\n|turn|49\n|inactive|BF0 Ghost has 120 seconds left.\n|\n|t:|1723070864\n|switch|p1a: Lokix|Lokix, L82, F|251/251\n|-damage|p1a: Lokix|189/251|[from] Stealth Rock\n|move|p2a: Bellossom|Sludge Bomb|p1a: Lokix\n|-damage|p1a: Lokix|103/251\n|\n|upkeep\n|turn|50\n|inactive|BF0 Ghost has 120 seconds left.\n|\n|t:|1723070881\n|switch|p2a: Alomomola|Alomomola, L87, F|341/429\n|-damage|p2a: Alomomola|288/429|[from] Stealth Rock\n|move|p1a: Lokix|First Impression|p2a: Alomomola\n|-damage|p2a: Alomomola|179/429\n|\n|upkeep\n|turn|51\n|\n|t:|1723070889\n|move|p1a: Lokix|U-turn|p2a: Alomomola\n|-damage|p2a: Alomomola|82/429\n|inactive|BF0 Ghost has 120 seconds left.\n|\n|t:|1723070909\n|switch|p1a: Blissey|Blissey, L84, F|513/566|[from] U-turn\n|-damage|p1a: Blissey|443/566|[from] Stealth Rock\n|move|p2a: Alomomola|Wish|p2a: Alomomola\n|\n|-heal|p1a: Blissey|478/566|[from] item: Leftovers\n|upkeep\n|turn|52\n|\n|t:|1723070927\n|move|p2a: Alomomola|Flip Turn|p1a: Blissey\n|-damage|p1a: Blissey|301/566\n|\n|t:|1723070931\n|switch|p2a: Rampardos|Rampardos, L90, M|64/321 par|[from] Flip Turn\n|-damage|p2a: Rampardos|24/321 par|[from] Stealth Rock\n|move|p1a: Blissey|Seismic Toss|p2a: Rampardos\n|-damage|p2a: Rampardos|0 fnt\n|faint|p2a: Rampardos\n|\n|-heal|p1a: Blissey|336/566|[from] item: Leftovers\n|upkeep\n|inactive|CasualCynic has 120 seconds left.\n|\n|t:|1723070981\n|switch|p2a: Bellossom|Bellossom, L84, F|220/263 par\n|-damage|p2a: Bellossom|188/263 par|[from] Stealth Rock\n|turn|53\n|inactive|CasualCynic has 90 seconds left.\n|inactive|CasualCynic has 60 seconds left.\n|\n|t:|1723071038\n|move|p1a: Blissey|Seismic Toss|p2a: Bellossom\n|-damage|p2a: Bellossom|104/263 par\n|move|p2a: Bellossom|Giga Drain|p1a: Blissey\n|-damage|p1a: Blissey|282/566\n|-heal|p2a: Bellossom|131/263 par|[from] drain|[of] p1a: Blissey\n|\n|-heal|p1a: Blissey|317/566|[from] item: Leftovers\n|upkeep\n|turn|54\n|\n|t:|1723071062\n|switch|p2a: Alomomola|Alomomola, L87, F|225/429\n|-damage|p2a: Alomomola|172/429|[from] Stealth Rock\n|move|p1a: Blissey|Seismic Toss|p2a: Alomomola\n|-damage|p2a: Alomomola|88/429\n|\n|-heal|p1a: Blissey|352/566|[from] item: Leftovers\n|upkeep\n|turn|55\n|\n|t:|1723071071\n|move|p2a: Alomomola|Flip Turn|p1a: Blissey\n|-damage|p1a: Blissey|196/566\n|\n|t:|1723071090\n|switch|p2a: Lanturn|Lanturn, L89, M|283/367|[from] Flip Turn\n|move|p1a: Blissey|Thunder Wave|p2a: Lanturn\n|-heal|p2a: Lanturn|367/367|[from] ability: Volt Absorb|[of] p1a: Blissey\n|\n|-heal|p1a: Blissey|231/566|[from] item: Leftovers\n|upkeep\n|turn|56\n|\n|t:|1723071099\n|move|p2a: Lanturn|Volt Switch|p1a: Blissey\n|-damage|p1a: Blissey|182/566\n|\n|t:|1723071102\n|switch|p2a: Alomomola|Alomomola, L87, F|231/429|[from] Volt Switch\n|-damage|p2a: Alomomola|178/429|[from] Stealth Rock\n|move|p1a: Blissey|Soft-Boiled|p1a: Blissey\n|-heal|p1a: Blissey|465/566\n|\n|-heal|p1a: Blissey|500/566|[from] item: Leftovers\n|upkeep\n|turn|57\n|inactive|CasualCynic has 30 seconds left.\n|\n|t:|1723071129\n|move|p2a: Alomomola|Flip Turn|p1a: Blissey\n|-damage|p1a: Blissey|332/566\n|\n|t:|1723071131\n|switch|p2a: Lanturn|Lanturn, L89, M|367/367|[from] Flip Turn\n|move|p1a: Blissey|Thunder Wave|p2a: Lanturn\n|-immune|p2a: Lanturn|[from] ability: Volt Absorb\n|\n|-heal|p1a: Blissey|367/566|[from] item: Leftovers\n|upkeep\n|turn|58\n|\n|t:|1723071141\n|move|p2a: Lanturn|Thunder Wave|p1a: Blissey\n|-status|p1a: Blissey|par\n|move|p1a: Blissey|Seismic Toss|p2a: Lanturn\n|-damage|p2a: Lanturn|283/367\n|\n|-heal|p1a: Blissey|402/566 par|[from] item: Leftovers\n|upkeep\n|turn|59\n|\n|t:|1723071157\n|move|p2a: Lanturn|Volt Switch|p1a: Blissey\n|-damage|p1a: Blissey|356/566 par\n|\n|t:|1723071159\n|switch|p2a: Alomomola|Alomomola, L87, F|321/429|[from] Volt Switch\n|-damage|p2a: Alomomola|268/429|[from] Stealth Rock\n|cant|p1a: Blissey|par\n|\n|-heal|p1a: Blissey|391/566 par|[from] item: Leftovers\n|upkeep\n|turn|60\n|\n|t:|1723071167\n|move|p2a: Alomomola|Wish|p2a: Alomomola\n|move|p1a: Blissey|Seismic Toss|p2a: Alomomola\n|-damage|p2a: Alomomola|184/429\n|\n|-heal|p1a: Blissey|426/566 par|[from] item: Leftovers\n|upkeep\n|turn|61\n|\n|t:|1723071176\n|move|p2a: Alomomola|Flip Turn|p1a: Blissey\n|-damage|p1a: Blissey|267/566 par\n|\n|t:|1723071184\n|switch|p2a: Bellossom|Bellossom, L84, F|131/263 par|[from] Flip Turn\n|-damage|p2a: Bellossom|99/263 par|[from] Stealth Rock\n|move|p1a: Blissey|Seismic Toss|p2a: Bellossom\n|-damage|p2a: Bellossom|15/263 par\n|\n|-heal|p2a: Bellossom|229/263 par|[from] move: Wish|[wisher] Alomomola\n|-heal|p1a: Blissey|302/566 par|[from] item: Leftovers\n|upkeep\n|turn|62\n|\n|t:|1723071199\n|move|p1a: Blissey|Seismic Toss|p2a: Bellossom\n|-damage|p2a: Bellossom|145/263 par\n|move|p2a: Bellossom|Quiver Dance|p2a: Bellossom\n|-boost|p2a: Bellossom|spa|1\n|-boost|p2a: Bellossom|spd|1\n|-boost|p2a: Bellossom|spe|1\n|\n|-heal|p1a: Blissey|337/566 par|[from] item: Leftovers\n|upkeep\n|turn|63\n|\n|t:|1723071210\n|move|p2a: Bellossom|Giga Drain|p1a: Blissey\n|-damage|p1a: Blissey|261/566 par\n|-heal|p2a: Bellossom|183/263 par|[from] drain|[of] p1a: Blissey\n|move|p1a: Blissey|Seismic Toss|p2a: Bellossom\n|-damage|p2a: Bellossom|99/263 par\n|\n|-heal|p1a: Blissey|296/566 par|[from] item: Leftovers\n|upkeep\n|turn|64\n|\n|t:|1723071225\n|move|p2a: Bellossom|Giga Drain|p1a: Blissey\n|-damage|p1a: Blissey|209/566 par\n|-heal|p2a: Bellossom|143/263 par|[from] drain|[of] p1a: Blissey\n|move|p1a: Blissey|Seismic Toss|p2a: Bellossom\n|-damage|p2a: Bellossom|59/263 par\n|\n|-heal|p1a: Blissey|244/566 par|[from] item: Leftovers\n|upkeep\n|turn|65\n|\n|t:|1723071233\n|move|p2a: Bellossom|Giga Drain|p1a: Blissey\n|-damage|p1a: Blissey|166/566 par\n|-heal|p2a: Bellossom|98/263 par|[from] drain|[of] p1a: Blissey\n|move|p1a: Blissey|Soft-Boiled|p1a: Blissey\n|-heal|p1a: Blissey|449/566 par\n|\n|-heal|p1a: Blissey|484/566 par|[from] item: Leftovers\n|upkeep\n|turn|66\n|\n|t:|1723071252\n|switch|p2a: Alomomola|Alomomola, L87, F|327/429\n|-damage|p2a: Alomomola|274/429|[from] Stealth Rock\n|move|p1a: Blissey|Seismic Toss|p2a: Alomomola\n|-damage|p2a: Alomomola|190/429\n|\n|-heal|p1a: Blissey|519/566 par|[from] item: Leftovers\n|upkeep\n|turn|67\n|\n|t:|1723071255\n|-curestatus|p1a: Blissey|par|[from] ability: Natural Cure\n|switch|p1a: Zarude|Zarude-Dada, L78|274/292\n|-damage|p1a: Zarude|238/292|[from] Stealth Rock\n|move|p2a: Alomomola|Wish|p2a: Alomomola\n|\n|-heal|p1a: Zarude|256/292|[from] item: Leftovers\n|upkeep\n|turn|68\n|\n|t:|1723071264\n|switch|p2a: Yanmega|Yanmega, L82, F|244/275\n|move|p1a: Zarude|Swords Dance|p1a: Zarude\n|-boost|p1a: Zarude|atk|2\n|\n|-heal|p2a: Yanmega|275/275|[from] move: Wish|[wisher] Alomomola\n|-heal|p1a: Zarude|274/292|[from] item: Leftovers\n|upkeep\n|turn|69\n|\n|t:|1723071274\n|switch|p1a: Blissey|Blissey, L84, F|519/566\n|-damage|p1a: Blissey|449/566|[from] Stealth Rock\n|move|p2a: Yanmega|Protect||[still]\n|-fail|p2a: Yanmega\n|\n|-heal|p1a: Blissey|484/566|[from] item: Leftovers\n|-ability|p2a: Yanmega|Speed Boost|boost\n|-boost|p2a: Yanmega|spe|1\n|upkeep\n|turn|70\n|\n|t:|1723071280\n|switch|p2a: Alomomola|Alomomola, L87, F|333/429\n|-damage|p2a: Alomomola|280/429|[from] Stealth Rock\n|move|p1a: Blissey|Seismic Toss|p2a: Alomomola\n|-damage|p2a: Alomomola|196/429\n|\n|-heal|p1a: Blissey|519/566|[from] item: Leftovers\n|upkeep\n|turn|71\n|\n|t:|1723071286\n|move|p2a: Alomomola|Wish|p2a: Alomomola\n|move|p1a: Blissey|Thunder Wave|p2a: Alomomola\n|-status|p2a: Alomomola|par\n|\n|-heal|p1a: Blissey|554/566|[from] item: Leftovers\n|upkeep\n|turn|72\n|\n|t:|1723071295\n|move|p1a: Blissey|Seismic Toss|p2a: Alomomola\n|-damage|p2a: Alomomola|112/429 par\n|move|p2a: Alomomola|Flip Turn|p1a: Blissey\n|-damage|p1a: Blissey|397/566\n|\n|t:|1723071301\n|switch|p2a: Bellossom|Bellossom, L84, F|98/263 par|[from] Flip Turn\n|-damage|p2a: Bellossom|66/263 par|[from] Stealth Rock\n|\n|-heal|p2a: Bellossom|263/263 par|[from] move: Wish|[wisher] Alomomola\n|-heal|p1a: Blissey|432/566|[from] item: Leftovers\n|upkeep\n|turn|73\n|\n|t:|1723071312\n|switch|p1a: Lokix|Lokix, L82, F|103/251\n|-damage|p1a: Lokix|41/251|[from] Stealth Rock\n|switch|p2a: Alomomola|Alomomola, L87, F|255/429 par\n|-damage|p2a: Alomomola|202/429 par|[from] Stealth Rock\n|\n|upkeep\n|turn|74\n|\n|t:|1723071324\n|move|p1a: Lokix|First Impression|p2a: Alomomola\n|-damage|p2a: Alomomola|82/429 par\n|move|p2a: Alomomola|Flip Turn|p1a: Lokix\n|-damage|p1a: Lokix|0 fnt\n|faint|p1a: Lokix\n|inactive|CasualCynic has 120 seconds left.\n|\n|t:|1723071333\n|switch|p2a: Bellossom|Bellossom, L84, F|263/263 par|[from] Flip Turn\n|-damage|p2a: Bellossom|231/263 par|[from] Stealth Rock\n|\n|upkeep\n|\n|t:|1723071339\n|switch|p1a: Zarude|Zarude-Dada, L78|274/292\n|-damage|p1a: Zarude|238/292|[from] Stealth Rock\n|turn|75\n|\n|t:|1723071348\n|move|p1a: Zarude|Swords Dance|p1a: Zarude\n|-boost|p1a: Zarude|atk|2\n|move|p2a: Bellossom|Sludge Bomb|p1a: Zarude\n|-supereffective|p1a: Zarude\n|-damage|p1a: Zarude|108/292\n|\n|-heal|p1a: Zarude|126/292|[from] item: Leftovers\n|upkeep\n|turn|76\n|\n|t:|1723071364\n|move|p1a: Zarude|Synthesis|p1a: Zarude\n|-heal|p1a: Zarude|272/292\n|move|p2a: Bellossom|Sludge Bomb|p1a: Zarude\n|-supereffective|p1a: Zarude\n|-damage|p1a: Zarude|158/292\n|-status|p1a: Zarude|psn\n|\n|-heal|p1a: Zarude|176/292 psn|[from] item: Leftovers\n|-damage|p1a: Zarude|140/292 psn|[from] psn\n|upkeep\n|turn|77\n|\n|t:|1723071372\n|switch|p1a: Blissey|Blissey, L84, F|432/566\n|-damage|p1a: Blissey|362/566|[from] Stealth Rock\n|move|p2a: Bellossom|Strength Sap|p1a: Blissey\n|-unboost|p1a: Blissey|atk|1\n|-heal|p2a: Bellossom|252/263 par\n|\n|-heal|p1a: Blissey|397/566|[from] item: Leftovers\n|upkeep\n|turn|78\n|\n|t:|1723071380\n|move|p1a: Blissey|Stealth Rock||[still]\n|-fail|p1a: Blissey\n|move|p2a: Bellossom|Quiver Dance|p2a: Bellossom\n|-boost|p2a: Bellossom|spa|1\n|-boost|p2a: Bellossom|spd|1\n|-boost|p2a: Bellossom|spe|1\n|\n|-heal|p1a: Blissey|432/566|[from] item: Leftovers\n|upkeep\n|turn|79\n|\n|t:|1723071388\n|move|p1a: Blissey|Seismic Toss|p2a: Bellossom\n|-damage|p2a: Bellossom|168/263 par\n|cant|p2a: Bellossom|par\n|\n|-heal|p1a: Blissey|467/566|[from] item: Leftovers\n|upkeep\n|turn|80\n|\n|t:|1723071393\n|move|p1a: Blissey|Seismic Toss|p2a: Bellossom\n|-damage|p2a: Bellossom|84/263 par\n|move|p2a: Bellossom|Quiver Dance|p2a: Bellossom\n|-boost|p2a: Bellossom|spa|1\n|-boost|p2a: Bellossom|spd|1\n|-boost|p2a: Bellossom|spe|1\n|\n|-heal|p1a: Blissey|502/566|[from] item: Leftovers\n|upkeep\n|turn|81\n|\n|t:|1723071398\n|move|p1a: Blissey|Seismic Toss|p2a: Bellossom\n|-damage|p2a: Bellossom|0 fnt\n|faint|p2a: Bellossom\n|\n|-heal|p1a: Blissey|537/566|[from] item: Leftovers\n|upkeep\n|\n|t:|1723071403\n|switch|p2a: Alomomola|Alomomola, L87, F|225/429 par\n|-damage|p2a: Alomomola|172/429 par|[from] Stealth Rock\n|turn|82\n|\n|t:|1723071413\n|move|p1a: Blissey|Seismic Toss|p2a: Alomomola\n|-damage|p2a: Alomomola|88/429 par\n|move|p2a: Alomomola|Wish|p2a: Alomomola\n|\n|-heal|p1a: Blissey|566/566|[from] item: Leftovers\n|upkeep\n|turn|83\n|\n|t:|1723071424\n|cant|p2a: Alomomola|par\n|move|p1a: Blissey|Thunder Wave|p2a: Alomomola|[miss]\n|-miss|p1a: Blissey|p2a: Alomomola\n|\n|-heal|p2a: Alomomola|302/429 par|[from] move: Wish|[wisher] Alomomola\n|upkeep\n|turn|84\n|\n|t:|1723071429\n|move|p1a: Blissey|Stealth Rock||[still]\n|-fail|p1a: Blissey\n|move|p2a: Alomomola|Wish|p2a: Alomomola\n|\n|upkeep\n|turn|85\n|\n|t:|1723071439\n|move|p1a: Blissey|Stealth Rock||[still]\n|-fail|p1a: Blissey\n|move|p2a: Alomomola|Flip Turn|p1a: Blissey\n|-damage|p1a: Blissey|398/566\n|\n|t:|1723071444\n|switch|p2a: Lanturn|Lanturn, L89, M|283/367|[from] Flip Turn\n|\n|-heal|p2a: Lanturn|367/367|[from] move: Wish|[wisher] Alomomola\n|-heal|p1a: Blissey|433/566|[from] item: Leftovers\n|upkeep\n|turn|86\n|\n|t:|1723071457\n|move|p2a: Lanturn|Thunder Wave|p1a: Blissey\n|-status|p1a: Blissey|par\n|cant|p1a: Blissey|par\n|\n|-heal|p1a: Blissey|468/566 par|[from] item: Leftovers\n|upkeep\n|turn|87\n|\n|t:|1723071470\n|move|p2a: Lanturn|Thunderbolt|p1a: Blissey\n|-damage|p1a: Blissey|408/566 par\n|move|p1a: Blissey|Stealth Rock||[still]\n|-fail|p1a: Blissey\n|\n|-heal|p1a: Blissey|443/566 par|[from] item: Leftovers\n|upkeep\n|turn|88\n|inactive|CasualCynic has 120 seconds left.\n|\n|t:|1723071512\n|move|p2a: Lanturn|Volt Switch|p1a: Blissey\n|-damage|p1a: Blissey|389/566 par\n|\n|t:|1723071515\n|switch|p2a: Alomomola|Alomomola, L87, F|429/429 par|[from] Volt Switch\n|-damage|p2a: Alomomola|376/429 par|[from] Stealth Rock\n|move|p1a: Blissey|Stealth Rock||[still]\n|-fail|p1a: Blissey\n|\n|-heal|p1a: Blissey|424/566 par|[from] item: Leftovers\n|upkeep\n|turn|89\n|\n|t:|1723071534\n|move|p2a: Alomomola|Flip Turn|p1a: Blissey\n|-damage|p1a: Blissey|264/566 par\n|\n|t:|1723071537\n|switch|p2a: Lanturn|Lanturn, L89, M|367/367|[from] Flip Turn\n|move|p1a: Blissey|Stealth Rock||[still]\n|-fail|p1a: Blissey\n|\n|-heal|p1a: Blissey|299/566 par|[from] item: Leftovers\n|upkeep\n|turn|90\n|\n|t:|1723071546\n|move|p2a: Lanturn|Volt Switch|p1a: Blissey\n|-damage|p1a: Blissey|247/566 par\n|\n|t:|1723071549\n|switch|p2a: Alomomola|Alomomola, L87, F|429/429 par|[from] Volt Switch\n|-damage|p2a: Alomomola|376/429 par|[from] Stealth Rock\n|move|p1a: Blissey|Soft-Boiled|p1a: Blissey\n|-heal|p1a: Blissey|530/566 par\n|\n|-heal|p1a: Blissey|565/566 par|[from] item: Leftovers\n|upkeep\n|turn|91\n|\n|t:|1723071556\n|cant|p2a: Alomomola|par\n|cant|p1a: Blissey|par\n|\n|-heal|p1a: Blissey|566/566 par|[from] item: Leftovers\n|upkeep\n|turn|92\n|\n|t:|1723071565\n|move|p2a: Alomomola|Flip Turn|p1a: Blissey\n|-damage|p1a: Blissey|391/566 par\n|\n|t:|1723071568\n|switch|p2a: Lanturn|Lanturn, L89, M|367/367|[from] Flip Turn\n|move|p1a: Blissey|Stealth Rock||[still]\n|-fail|p1a: Blissey\n|\n|-heal|p1a: Blissey|426/566 par|[from] item: Leftovers\n|upkeep\n|turn|93\n|\n|t:|1723071571\n|-curestatus|p1a: Blissey|par|[from] ability: Natural Cure\n|switch|p1a: Zarude|Zarude-Dada, L78|140/292 psn\n|-damage|p1a: Zarude|104/292 psn|[from] Stealth Rock\n|move|p2a: Lanturn|Volt Switch|p1a: Zarude\n|-resisted|p1a: Zarude\n|-damage|p1a: Zarude|72/292 psn\n|inactive|CasualCynic has 120 seconds left.\n|\n|t:|1723071589\n|switch|p2a: Yanmega|Yanmega, L82, F|275/275|[from] Volt Switch\n|\n|-heal|p1a: Zarude|90/292 psn|[from] item: Leftovers\n|-damage|p1a: Zarude|54/292 psn|[from] psn\n|upkeep\n|turn|94\n|\n|t:|1723071596\n|move|p2a: Yanmega|Protect|p2a: Yanmega\n|-singleturn|p2a: Yanmega|Protect\n|move|p1a: Zarude|Synthesis|p1a: Zarude\n|-heal|p1a: Zarude|200/292 psn\n|\n|-heal|p1a: Zarude|218/292 psn|[from] item: Leftovers\n|-damage|p1a: Zarude|182/292 psn|[from] psn\n|-ability|p2a: Yanmega|Speed Boost|boost\n|-boost|p2a: Yanmega|spe|1\n|upkeep\n|turn|95\n|inactive|CasualCynic has 120 seconds left.\n|\n|t:|1723071603\n|switch|p1a: Blissey|Blissey, L84, F|426/566\n|-damage|p1a: Blissey|356/566|[from] Stealth Rock\n|move|p2a: Yanmega|Air Slash|p1a: Blissey\n|-damage|p1a: Blissey|293/566\n|\n|-heal|p1a: Blissey|328/566|[from] item: Leftovers\n|-ability|p2a: Yanmega|Speed Boost|boost\n|-boost|p2a: Yanmega|spe|1\n|upkeep\n|turn|96\n|inactive|CasualCynic has 120 seconds left.\n|\n|t:|1723071612\n|switch|p2a: Alomomola|Alomomola, L87, F|429/429 par\n|-damage|p2a: Alomomola|376/429 par|[from] Stealth Rock\n|move|p1a: Blissey|Soft-Boiled|p1a: Blissey\n|-heal|p1a: Blissey|566/566\n|\n|upkeep\n|turn|97\n|inactive|CasualCynic has 120 seconds left.\n|inactive|BF0 Ghost has 120 seconds left.\n|inactive|BF0 Ghost has 90 seconds left.\n|inactive|BF0 Ghost has 60 seconds left.\n|j| nelsoNJ\n|inactive|BF0 Ghost has 30 seconds left.\n|\n|t:|1723071735\n|move|p1a: Blissey|Stealth Rock||[still]\n|-fail|p1a: Blissey\n|cant|p2a: Alomomola|par\n|\n|upkeep\n|turn|98\n|inactive|CasualCynic has 120 seconds left.\n|\n|t:|1723071754\n|move|p1a: Blissey|Stealth Rock||[still]\n|-fail|p1a: Blissey\n|move|p2a: Alomomola|Scald|p1a: Blissey\n|-damage|p1a: Blissey|533/566\n|-status|p1a: Blissey|brn\n|\n|-heal|p1a: Blissey|566/566 brn|[from] item: Leftovers\n|-damage|p1a: Blissey|531/566 brn|[from] brn\n|upkeep\n|turn|99\n|l| nelsoNJ\n|\n|t:|1723071762\n|move|p1a: Blissey|Stealth Rock||[still]\n|-fail|p1a: Blissey\n|move|p2a: Alomomola|Flip Turn|p1a: Blissey\n|-damage|p1a: Blissey|350/566 brn\n|\n|t:|1723071775\n|switch|p2a: Lanturn|Lanturn, L89, M|367/367|[from] Flip Turn\n|\n|-heal|p1a: Blissey|385/566 brn|[from] item: Leftovers\n|-damage|p1a: Blissey|350/566 brn|[from] brn\n|upkeep\n|turn|100\n|\n|t:|1723071780\n|move|p2a: Lanturn|Volt Switch|p1a: Blissey\n|-damage|p1a: Blissey|304/566 brn\n|\n|t:|1723071795\n|switch|p2a: Alomomola|Alomomola, L87, F|429/429 par|[from] Volt Switch\n|-damage|p2a: Alomomola|376/429 par|[from] Stealth Rock\n|move|p1a: Blissey|Stealth Rock||[still]\n|-fail|p1a: Blissey\n|\n|-heal|p1a: Blissey|339/566 brn|[from] item: Leftovers\n|-damage|p1a: Blissey|304/566 brn|[from] brn\n|upkeep\n|turn|101\n|inactive|CasualCynic has 90 seconds left.\n|\n|t:|1723071830\n|move|p1a: Blissey|Soft-Boiled|p1a: Blissey\n|-heal|p1a: Blissey|566/566 brn\n|move|p2a: Alomomola|Flip Turn|p1a: Blissey\n|-damage|p1a: Blissey|407/566 brn\n|\n|t:|1723071838\n|switch|p2a: Lanturn|Lanturn, L89, M|367/367|[from] Flip Turn\n|\n|-heal|p1a: Blissey|442/566 brn|[from] item: Leftovers\n|-damage|p1a: Blissey|407/566 brn|[from] brn\n|upkeep\n|turn|102\n|inactive|BF0 Ghost has 30 seconds left.\n|inactive|BF0 Ghost has 20 seconds left.\n|inactive|BF0 Ghost has 15 seconds left.\n|inactive|BF0 Ghost has 10 seconds left.\n|inactive|BF0 Ghost has 5 seconds left.\n|-message|BF0 Ghost lost due to inactivity.\n|\n|win|CasualCynic\n|raw|BF0 Ghost's rating: 2252 &rarr; <strong>2230</strong><br />(-22 for losing)\n|raw|CasualCynic's rating: 2225 &rarr; <strong>2247</strong><br />(+22 for winning)\n|l|\u2606BF0 Ghost\n|player|p1|\n", "inputlog": ">version 645aa3833dc4d492fc8695bcaa26b087252171ab\n>start {\"formatid\":\"gen9randombattle\",\"seed\":[35346,45518,28220,63537],\"rated\":\"Rated battle\"}\n>player p1 {\"name\":\"BF0 Ghost\",\"avatar\":\"265\",\"rating\":2252,\"seed\":[22394,1953,19973,11202]}\n>player p2 {\"name\":\"CasualCynic\",\"avatar\":\"janitor\",\"rating\":2225,\"seed\":[38408,52364,39070,3293]}\n>p1 move knockoff\n>p2 move protect\n>p1 move powerwhip\n>p2 move scald\n>p1 move powerwhip\n>p2 switch 6\n>p1 switch 2\n>p2 move bugbuzz\n>p1 move stoneedge\n>p2 switch 6\n>p1 move swordsdance\n>p2 move wish\n>p1 move stoneedge\n>p2 move protect\n>p1 move stoneedge\n>p2 move scald\n>p1 move knockoff terastallize\n>p2 move flipturn\n>p2 switch 6\n>p1 move crabhammer\n>p2 move protect\n>p1 switch 5\n>p2 move bugbuzz\n>p1 move stealthrock\n>p2 switch 3\n>p1 move seismictoss\n>p2 move thunderwave\n>p1 move seismictoss\n>p2 move voltswitch\n>p2 switch 4\n>p1 move thunderwave\n>p2 move stealthrock\n>chat \u2606BF0 Ghost|...\n>p1 move thunderwave\n>p2 move rapidspin\n>p1 move thunderwave\n>p2 switch 5\n>p1 switch 5\n>p2 move rockslide\n>p1 switch 2\n>p1 move powerwhip\n>p2 switch 2\n>p1 switch 6\n>p2 move quiverdance\n>p1 move defog\n>p2 move sludgebomb\n>p1 switch 5\n>p2 move quiverdance\n>p1 move thunderwave\n>p2 move quiverdance\n>p1 move seismictoss\n>p2 move quiverdance\n>p1 move seismictoss\n>p2 move quiverdance\n>p1 move seismictoss\n>p2 move gigadrain\n>p1 move seismictoss\n>p2 move gigadrain\n>p1 move softboiled\n>p2 move gigadrain\n>p1 move seismictoss\n>p2 move quiverdance\n>p1 move seismictoss\n>p2 move quiverdance\n>p1 move seismictoss\n>p2 move gigadrain\n>p1 move seismictoss\n>p2 move gigadrain\n>p1 switch 5\n>p2 move gigadrain\n>p1 switch 4\n>p1 switch 5\n>p2 switch 5\n>p1 move thunderwave\n>p2 move stealthrock\n>p1 move seismictoss\n>p2 move stealthrock\n>p1 move seismictoss\n>p2 move stealthrock\n>p1 move seismictoss\n>p2 move stealthrock\n>p1 move seismictoss\n>p2 move rapidspin\n>p2 switch 2\n>p1 switch 3\n>p2 move rockslide\n>p1 move dynamaxcannon\n>p2 move earthquake\n>p1 move dynamaxcannon\n>p2 move earthquake\n>p1 switch 3\n>p1 move seismictoss\n>p2 switch 4\n>p1 move stealthrock\n>p2 move thunderwave\n>p1 move seismictoss\n>p2 move scald\n>p1 move seismictoss\n>p2 move voltswitch\n>p2 switch 6\n>p1 switch 6\n>p2 move wish\n>p1 move knockoff\n>p2 switch 5\n>p1 switch 5\n>p2 move sludgebomb\n>p1 move firstimpression\n>p2 switch 5\n>p1 move uturn\n>p2 move wish\n>p1 switch 6\n>p1 move seismictoss\n>p2 move flipturn\n>p2 switch 4\n>p2 switch 5\n>p1 move seismictoss\n>p2 move gigadrain\n>p1 move seismictoss\n>p2 switch 4\n>p1 move thunderwave\n>p2 move flipturn\n>p2 switch 6\n>p1 move softboiled\n>p2 move voltswitch\n>p2 switch 6\n>p1 move thunderwave\n>p2 move flipturn\n>p2 switch 6\n>p1 move seismictoss\n>p2 move thunderwave\n>p1 move thunderwave\n>p2 move voltswitch\n>p2 switch 6\n>p1 move seismictoss\n>p2 move wish\n>p1 move seismictoss\n>p2 move flipturn\n>p2 switch 4\n>p1 move seismictoss\n>p2 move quiverdance\n>p1 move seismictoss\n>p2 move gigadrain\n>p1 move seismictoss\n>p2 move gigadrain\n>p1 move softboiled\n>p2 move gigadrain\n>p1 move seismictoss\n>p2 switch 4\n>p1 switch 5\n>p2 move wish\n>p1 move swordsdance\n>p2 switch 3\n>p1 switch 5\n>p2 move protect\n>p1 move seismictoss\n>p2 switch 3\n>p1 move thunderwave\n>p2 move wish\n>p1 move seismictoss\n>p2 move flipturn\n>p2 switch 4\n>p1 switch 6\n>p2 switch 4\n>p1 move firstimpression\n>p2 move flipturn\n>p2 switch 4\n>p1 switch 5\n>p1 move swordsdance\n>p2 move sludgebomb\n>p1 move synthesis\n>p2 move sludgebomb\n>p1 switch 6\n>p2 move strengthsap\n>p1 move stealthrock\n>p2 move quiverdance\n>p1 move seismictoss\n>p2 move quiverdance\n>p1 move seismictoss\n>p2 move quiverdance\n>p1 move seismictoss\n>p2 move gigadrain\n>p2 switch 4\n>p1 move seismictoss\n>p2 move wish\n>p1 move thunderwave\n>p2 move protect\n>p1 move stealthrock\n>p2 move wish\n>p1 move stealthrock\n>p2 move flipturn\n>p2 switch 6\n>p1 move stealthrock\n>p2 move thunderwave\n>p1 move stealthrock\n>p2 move thunderbolt\n>p1 move stealthrock\n>p2 move voltswitch\n>p2 switch 6\n>p1 move stealthrock\n>p2 move flipturn\n>p2 switch 6\n>p1 move softboiled\n>p2 move voltswitch\n>p2 switch 6\n>p1 move stealthrock\n>p2 move flipturn\n>p1 move stealthrock\n>p2 move flipturn\n>p2 switch 6\n>p1 switch 6\n>p2 move voltswitch\n>p2 switch 3\n>p1 move synthesis\n>p2 move protect\n>p1 switch 6\n>p2 move airslash\n>p1 move softboiled\n>p2 switch 6\n>p1 move stealthrock\n>p2 move scald\n>p1 move stealthrock\n>p2 move scald\n>p1 move stealthrock\n>p2 move flipturn\n>p2 switch 3\n>p1 move stealthrock\n>p2 move voltswitch\n>p2 switch 3\n>p1 move softboiled\n>p2 move flipturn\n>p2 switch 3\n>forcelose p1", "uploadtime": 1723071903, "views": 136, "formatid": "gen9randombattle", "rating": 2230, "private": 0, "password": null}