{"id": "gen9randombattle-2260663559", "format": "[Gen 9] Random Battle", "players": ["jglassx", "Blitzkrieg123"], "log": "|j|\u2606jglassx\n|j|\u2606Blitzkrieg123\n|t:|1733875485\n|gametype|singles\n|player|p1|jglassx|cyclist|\n|player|p2|Blitzkrieg123|red|\n|teamsize|p1|6\n|teamsize|p2|6\n|gen|9\n|tier|[Gen 9] Random Battle\n|rule|Species Clause: Limit one of each Pok\u00e9mon\n|rule|HP Percentage Mod: HP is shown in percentages\n|rule|Sleep Clause Mod: Limit one foe put to sleep\n|rule|Illusion Level Mod: Illusion disguises the Pok\u00e9mon's true level\n|\n|t:|1733875485\n|start\n|switch|p1a: Scovillain|Scovillain, L91, F|266/266\n|switch|p2a: Swanna|Swanna, L88, F|275/275\n|turn|1\n|\n|t:|1733875517\n|switch|p1a: Garchomp|Garchomp, L74, M|282/282\n|move|p2a: Swanna|Brave Bird|p1a: Garchomp\n|-damage|p1a: Garchomp|156/282\n|-damage|p2a: Swanna|241/275|[from] ability: Rough Skin|[of] p1a: Garchomp\n|-damage|p2a: Swanna|199/275|[from] Recoil\n|\n|upkeep\n|turn|2\n|\n|t:|1733875530\n|move|p2a: Swanna|Hydro Pump|p1a: Garchomp\n|-damage|p1a: Garchomp|29/282\n|move|p1a: Garchomp|Stone Edge|p2a: Swanna\n|-supereffective|p2a: Swanna\n|-damage|p2a: Swanna|35/275\n|\n|upkeep\n|turn|3\n|\n|t:|1733875553\n|move|p2a: Swanna|Hydro Pump|p1a: Garchomp\n|-damage|p1a: Garchomp|0 fnt\n|faint|p1a: Garchomp\n|\n|upkeep\n|\n|t:|1733875574\n|switch|p1a: Scovillain|Scovillain, L91, F|266/266\n|turn|4\n|\n|t:|1733875582\n|move|p2a: Swanna|Roost|p2a: Swanna\n|-heal|p2a: Swanna|173/275\n|-singleturn|p2a: Swanna|move: Roost\n|move|p1a: Scovillain|Energy Ball|p2a: Swanna\n|-supereffective|p2a: Swanna\n|-damage|p2a: Swanna|0 fnt\n|faint|p2a: Swanna\n|\n|upkeep\n|c|\u2606Blitzkrieg123|facepalm\n|\n|t:|1733875619\n|switch|p2a: Dunsparce|Dunsparce, L86, M|312/312\n|turn|5\n|c|\u2606jglassx|I figured either you roosted and I killed or you brave birded and you died from recoil, but this was def the better outcome\n|\n|t:|1733875649\n|move|p1a: Scovillain|Energy Ball|p2a: Dunsparce\n|-damage|p2a: Dunsparce|161/312\n|move|p2a: Dunsparce|Body Slam|p1a: Scovillain\n|-damage|p1a: Scovillain|175/266\n|\n|upkeep\n|turn|6\n|\n|t:|1733875679\n|move|p1a: Scovillain|Energy Ball|p2a: Dunsparce\n|-damage|p2a: Dunsparce|23/312\n|move|p2a: Dunsparce|Body Slam|p1a: Scovillain\n|-damage|p1a: Scovillain|94/266\n|\n|upkeep\n|turn|7\n|c|\u2606Blitzkrieg123|come on serene grace\n|\n|t:|1733875703\n|move|p1a: Scovillain|Energy Ball|p2a: Dunsparce\n|-damage|p2a: Dunsparce|0 fnt\n|faint|p2a: Dunsparce\n|\n|upkeep\n|\n|t:|1733875720\n|switch|p2a: Grumpig|Grumpig, L92, F|297/297\n|turn|8\n|\n|t:|1733875741\n|switch|p1a: Reuniclus|Reuniclus, L88, M|337/337\n|move|p2a: Grumpig|Trick|p1a: Reuniclus\n|-activate|p2a: Grumpig|move: Trick|[of] p1a: Reuniclus\n|-item|p1a: Reuniclus|Choice Scarf|[from] move: Trick\n|-item|p2a: Grumpig|Life Orb|[from] move: Trick\n|\n|upkeep\n|turn|9\n|\n|t:|1733875751\n|move|p2a: Grumpig|Shadow Ball|p1a: Reuniclus\n|-supereffective|p1a: Reuniclus\n|-damage|p1a: Reuniclus|173/337\n|-unboost|p1a: Reuniclus|spd|1\n|-damage|p2a: Grumpig|268/297|[from] item: Life Orb\n|move|p1a: Reuniclus|Psyshock|p2a: Grumpig\n|-resisted|p2a: Grumpig\n|-damage|p2a: Grumpig|203/297\n|\n|upkeep\n|turn|10\n|\n|t:|1733875765\n|move|p2a: Grumpig|Shadow Ball|p1a: Reuniclus\n|-supereffective|p1a: Reuniclus\n|-damage|p1a: Reuniclus|0 fnt\n|faint|p1a: Reuniclus\n|-damage|p2a: Grumpig|174/297|[from] item: Life Orb\n|\n|upkeep\n|\n|t:|1733875781\n|switch|p1a: Donphan|Donphan, L84, F|288/288\n|turn|11\n|j| EndlessSweeps\n|c| EndlessSweeps|Excellent.\n|c| EndlessSweeps|Oh dear.\n|c|\u2606Blitzkrieg123|they gave me the worst team ever\n|\n|t:|1733875806\n|switch|p2a: Cacturne|Cacturne, L92, M|278/278\n|move|p1a: Donphan|Stealth Rock|p2a: Cacturne\n|-sidestart|p2: Blitzkrieg123|move: Stealth Rock\n|\n|upkeep\n|turn|12\n|\n|t:|1733875812\n|switch|p1a: Hitmontop|Hitmontop, L88, M|231/231\n|move|p2a: Cacturne|Swords Dance|p2a: Cacturne\n|-boost|p2a: Cacturne|atk|2\n|\n|upkeep\n|turn|13\n|\n|t:|1733875859\n|-terastallize|p2a: Cacturne|Poison\n|move|p1a: Hitmontop|Close Combat|p2a: Cacturne\n|-resisted|p2a: Cacturne\n|-damage|p2a: Cacturne|191/278\n|-unboost|p1a: Hitmontop|def|1\n|-unboost|p1a: Hitmontop|spd|1\n|move|p2a: Cacturne|Seed Bomb|p1a: Hitmontop\n|-damage|p1a: Hitmontop|0 fnt\n|faint|p1a: Hitmontop\n|-damage|p2a: Cacturne|164/278|[from] item: Life Orb\n|\n|upkeep\n|\n|t:|1733875862\n|switch|p1a: Donphan|Donphan, L84, F|288/288\n|turn|14\n|\n|t:|1733875879\n|switch|p1a: Scovillain|Scovillain, L91, F|94/266\n|move|p2a: Cacturne|Sucker Punch||[still]\n|-fail|p2a: Cacturne\n|\n|upkeep\n|turn|15\n|\n|t:|1733875895\n|move|p1a: Scovillain|Overheat|p2a: Cacturne\n|-damage|p2a: Cacturne|0 fnt\n|-unboost|p1a: Scovillain|spa|2\n|faint|p2a: Cacturne\n|\n|upkeep\n|\n|t:|1733875909\n|switch|p2a: Grumpig|Grumpig, L92, F|174/297\n|-damage|p2a: Grumpig|137/297|[from] Stealth Rock\n|turn|16\n|\n|t:|1733875922\n|switch|p1a: Donphan|Donphan, L84, F|288/288\n|move|p2a: Grumpig|Psychic|p1a: Donphan\n|-damage|p1a: Donphan|97/288\n|-damage|p2a: Grumpig|108/297|[from] item: Life Orb\n|\n|-heal|p1a: Donphan|115/288|[from] item: Leftovers\n|upkeep\n|turn|17\n|\n|t:|1733875929\n|move|p2a: Grumpig|Psychic|p1a: Donphan\n|-damage|p1a: Donphan|0 fnt\n|faint|p1a: Donphan\n|-damage|p2a: Grumpig|79/297|[from] item: Life Orb\n|\n|upkeep\n|\n|t:|1733875932\n|switch|p1a: Lapras|Lapras, L87, F|368/368\n|turn|18\n|\n|t:|1733875936\n|move|p2a: Grumpig|Focus Blast|p1a: Lapras|[miss]\n|-miss|p2a: Grumpig|p1a: Lapras\n|move|p1a: Lapras|Sparkling Aria|p2a: Grumpig\n|-damage|p2a: Grumpig|7/297\n|\n|upkeep\n|turn|19\n|c| EndlessSweeps|Tuff\n|\n|t:|1733875944\n|-terastallize|p1a: Lapras|Ground\n|move|p2a: Grumpig|Focus Blast|p1a: Lapras\n|-damage|p1a: Lapras|256/368\n|-damage|p2a: Grumpig|0 fnt|[from] item: Life Orb\n|faint|p2a: Grumpig\n|move|p1a: Lapras|Sparkling Aria|p2: Grumpig|[notarget]\n|-fail|p1a: Lapras\n|\n|upkeep\n|c| EndlessSweeps|Excellent tera.\n|\n|t:|1733875955\n|switch|p2a: Farigiraf|Farigiraf, L91, F|366/366\n|-damage|p2a: Farigiraf|321/366|[from] Stealth Rock\n|turn|20\n|c|\u2606jglassx|kinda had to\n|\n|t:|1733875974\n|move|p2a: Farigiraf|Hyper Voice|p1a: Lapras\n|-damage|p1a: Lapras|153/368\n|move|p1a: Lapras|Sparkling Aria|p2a: Farigiraf\n|-damage|p2a: Farigiraf|212/366\n|\n|-heal|p2a: Farigiraf|234/366|[from] item: Leftovers\n|upkeep\n|turn|21\n|c| EndlessSweeps|I am unfamiliar with excellence in this tournament.\n|\n|t:|1733875984\n|move|p2a: Farigiraf|Wish|p2a: Farigiraf\n|move|p1a: Lapras|Rest|p1a: Lapras\n|-status|p1a: Lapras|slp|[from] move: Rest\n|-heal|p1a: Lapras|368/368 slp|[silent]\n|\n|-heal|p2a: Farigiraf|256/366|[from] item: Leftovers\n|upkeep\n|turn|22\n|\n|t:|1733875990\n|move|p2a: Farigiraf|Future Sight|p1a: Lapras\n|-start|p2a: Farigiraf|move: Future Sight\n|cant|p1a: Lapras|slp\n|move|p1a: Lapras|Sleep Talk|p1a: Lapras\n|move|p1a: Lapras|Sparkling Aria|p2a: Farigiraf|[from]move: Sleep Talk\n|-damage|p2a: Farigiraf|160/366\n|\n|-heal|p2a: Farigiraf|343/366|[from] move: Wish|[wisher] Farigiraf\n|-heal|p2a: Farigiraf|365/366|[from] item: Leftovers\n|upkeep\n|turn|23\n|\n|t:|1733875999\n|move|p2a: Farigiraf|Hyper Voice|p1a: Lapras\n|-damage|p1a: Lapras|253/368 slp\n|cant|p1a: Lapras|slp\n|move|p1a: Lapras|Sleep Talk|p1a: Lapras\n|move|p1a: Lapras|Sparkling Aria|p2a: Farigiraf|[from]move: Sleep Talk\n|-damage|p2a: Farigiraf|260/366\n|\n|-heal|p2a: Farigiraf|282/366|[from] item: Leftovers\n|upkeep\n|turn|24\n|\n|t:|1733876013\n|move|p2a: Farigiraf|Future Sight||[still]\n|-fail|p2a: Farigiraf\n|-curestatus|p1a: Lapras|slp|[msg]\n|move|p1a: Lapras|Freeze-Dry|p2a: Farigiraf\n|-damage|p2a: Farigiraf|203/366\n|\n|-end|p1a: Lapras|move: Future Sight\n|-damage|p1a: Lapras|114/368\n|-heal|p2a: Farigiraf|225/366|[from] item: Leftovers\n|upkeep\n|turn|25\n|c| EndlessSweeps|What is bro doing\n|\n|t:|1733876025\n|move|p2a: Farigiraf|Wish|p2a: Farigiraf\n|move|p1a: Lapras|Rest|p1a: Lapras\n|-status|p1a: Lapras|slp|[from] move: Rest\n|-heal|p1a: Lapras|368/368 slp|[silent]\n|\n|-heal|p2a: Farigiraf|247/366|[from] item: Leftovers\n|upkeep\n|turn|26\n|\n|t:|1733876032\n|move|p2a: Farigiraf|Future Sight|p1a: Lapras\n|-start|p2a: Farigiraf|move: Future Sight\n|cant|p1a: Lapras|slp\n|move|p1a: Lapras|Sleep Talk|p1a: Lapras\n|move|p1a: Lapras|Freeze-Dry|p2a: Farigiraf|[from]move: Sleep Talk\n|-damage|p2a: Farigiraf|171/366\n|\n|-heal|p2a: Farigiraf|354/366|[from] move: Wish|[wisher] Farigiraf\n|-heal|p2a: Farigiraf|366/366|[from] item: Leftovers\n|upkeep\n|turn|27\n|\n|t:|1733876041\n|move|p2a: Farigiraf|Hyper Voice|p1a: Lapras\n|-damage|p1a: Lapras|251/368 slp\n|cant|p1a: Lapras|slp\n|move|p1a: Lapras|Sleep Talk|p1a: Lapras\n|move|p1a: Lapras|Rest||[from]move: Sleep Talk|[still]\n|-fail|p1a: Lapras\n|\n|upkeep\n|turn|28\n|c|\u2606Blitzkrieg123|idk how future sight works\n|c|\u2606Blitzkrieg123|T-T\n|\n|t:|1733876057\n|move|p2a: Farigiraf|Hyper Voice|p1a: Lapras\n|-damage|p1a: Lapras|130/368 slp\n|-curestatus|p1a: Lapras|slp|[msg]\n|move|p1a: Lapras|Rest|p1a: Lapras\n|-status|p1a: Lapras|slp|[from] move: Rest\n|-heal|p1a: Lapras|368/368 slp|[silent]\n|\n|-end|p1a: Lapras|move: Future Sight\n|-damage|p1a: Lapras|229/368 slp\n|upkeep\n|turn|29\n|\n|t:|1733876067\n|move|p2a: Farigiraf|Hyper Voice|p1a: Lapras\n|-damage|p1a: Lapras|121/368 slp\n|cant|p1a: Lapras|slp\n|move|p1a: Lapras|Sleep Talk|p1a: Lapras\n|move|p1a: Lapras|Rest||[from]move: Sleep Talk|[still]\n|-fail|p1a: Lapras\n|\n|upkeep\n|turn|30\n|c| EndlessSweeps|Good shit JGlass.\n|\n|t:|1733876074\n|move|p2a: Farigiraf|Hyper Voice|p1a: Lapras\n|-damage|p1a: Lapras|1/368 slp\n|cant|p1a: Lapras|slp\n|move|p1a: Lapras|Sleep Talk|p1a: Lapras\n|move|p1a: Lapras|Sparkling Aria|p2a: Farigiraf|[from]move: Sleep Talk\n|-damage|p2a: Farigiraf|273/366\n|\n|-heal|p2a: Farigiraf|295/366|[from] item: Leftovers\n|upkeep\n|turn|31\n|c|\u2606jglassx|it was a nice run\n|c|\u2606jglassx|I need a freeze lol\n|\n|t:|1733876084\n|move|p2a: Farigiraf|Hyper Voice|p1a: Lapras\n|-damage|p1a: Lapras|0 fnt\n|faint|p1a: Lapras\n|\n|-heal|p2a: Farigiraf|317/366|[from] item: Leftovers\n|upkeep\n|\n|t:|1733876086\n|switch|p1a: Scovillain|Scovillain, L91, F|94/266\n|turn|32\n|c| EndlessSweeps|#Wow.\n|\n|t:|1733876099\n|move|p1a: Scovillain|Flamethrower|p2a: Farigiraf\n|-damage|p2a: Farigiraf|121/366\n|move|p2a: Farigiraf|Hyper Voice|p1a: Scovillain\n|-damage|p1a: Scovillain|0 fnt\n|faint|p1a: Scovillain\n|\n|win|Blitzkrieg123\n|c| EndlessSweeps|Hollup who else is here\n|c|\u2606jglassx|gg\n|c| EndlessSweeps|GG\n|c|\u2606jglassx|Tatara!\n", "inputlog": ">version bfd83cad13791eb5a5a409923076391caf6fb4d4\n>start {\"formatid\":\"gen9randombattle\",\"seed\":[19319,63210,8879,27287]}\n>player p1 {\"name\":\"jglassx\",\"avatar\":\"cyclist\",\"rating\":0,\"seed\":[50443,35329,19143,60104]}\n>player p2 {\"name\":\"Blitzkrieg123\",\"avatar\":\"red\",\"rating\":0,\"seed\":[36643,43333,33312,49781]}\n>p1 switch 4\n>p2 move bravebird\n>p1 move stoneedge\n>p2 move hydropump\n>p1 move stoneedge\n>p2 move hydropump\n>p1 switch 4\n>p1 move energyball\n>p2 move roost\n>chat \u2606Blitzkrieg123|facepalm\n>p2 switch 6\n>chat \u2606jglassx|I figured either you roosted and I killed or you brave birded and you died from recoil, but this was def the better outcome\n>p1 move energyball\n>p2 move bodyslam\n>p1 move energyball\n>p2 move bodyslam\n>chat \u2606Blitzkrieg123|come on serene grace\n>p1 move energyball\n>p2 move roost\n>p2 switch 3\n>p1 switch 5\n>p2 move trick\n>p1 move psyshock\n>p2 move shadowball\n>p1 move psyshock\n>p2 move shadowball\n>p1 switch 2\n>chat  EndlessSweeps|Excellent.\n>chat  EndlessSweeps|Oh dear.\n>chat \u2606Blitzkrieg123|they gave me the worst team ever\n>p1 move stealthrock\n>p2 switch 5\n>p1 switch 3\n>p2 move swordsdance\n>p1 move closecombat\n>p2 move seedbomb terastallize\n>p1 switch 3\n>p1 switch 5\n>p2 move suckerpunch\n>p1 move overheat\n>p2 move knockoff\n>p2 switch 5\n>p1 switch 5\n>p2 move psychic\n>p1 move knockoff\n>p2 move psychic\n>p1 switch 6\n>p1 move sparklingaria\n>p2 move focusblast\n>chat  EndlessSweeps|Tuff\n>p1 move sparklingaria terastallize\n>p2 move focusblast\n>chat  EndlessSweeps|Excellent tera.\n>p2 switch 2\n>chat \u2606jglassx|kinda had to\n>p1 move sparklingaria\n>p2 move hypervoice\n>chat  EndlessSweeps|I am unfamiliar with excellence in this tournament.\n>p1 move rest\n>p2 move wish\n>p1 move sleeptalk\n>p2 move futuresight\n>p1 move sleeptalk\n>p2 move hypervoice\n>p1 move freezedry\n>p2 move futuresight\n>chat  EndlessSweeps|What is bro doing\n>p1 move rest\n>p2 move wish\n>p1 move sleeptalk\n>p2 move futuresight\n>p1 move sleeptalk\n>p2 move hypervoice\n>chat \u2606Blitzkrieg123|idk how future sight works\n>chat \u2606Blitzkrieg123|T-T\n>p1 move rest\n>p2 move hypervoice\n>p1 move sleeptalk\n>p2 move hypervoice\n>chat  EndlessSweeps|Good shit JGlass.\n>p1 move sleeptalk\n>p2 move hypervoice\n>chat \u2606jglassx|it was a nice run\n>chat \u2606jglassx|I need a freeze lol\n>p1 move rest\n>p2 move hypervoice\n>p1 switch 5\n>chat  EndlessSweeps|#Wow.\n>p1 move flamethrower\n>p2 move hypervoice", "uploadtime": 1733876111, "views": 8, "formatid": "gen9randombattle", "rating": null, "private": 0, "password": null}