{"id": "gen9randombattle-2260510934", "format": "[Gen 9] Random Battle", "players": ["Saaskin", "NoamL21"], "log": "|j|\u2606Saaskin\n|j|\u2606NoamL21\n|t:|1733858641\n|gametype|singles\n|player|p1|Saaskin|170|1812\n|player|p2|NoamL21|preschooler|1841\n|teamsize|p1|6\n|teamsize|p2|6\n|gen|9\n|tier|[Gen 9] Random Battle\n|rated|\n|rule|Species Clause: Limit one of each Pok\u00e9mon\n|rule|HP Percentage Mod: HP is shown in percentages\n|rule|Sleep Clause Mod: Limit one foe put to sleep\n|rule|Illusion Level Mod: Illusion disguises the Pok\u00e9mon's true level\n|\n|t:|1733858641\n|start\n|switch|p1a: Swalot|Swalot, L90, F|326/326\n|switch|p2a: Oricorio|Oricorio-Sensu, L85, M|266/266\n|turn|1\n|inactive|Battle timer is ON: inactive players will automatically lose when time's up. (requested by Saaskin)\n|\n|t:|1733858663\n|move|p2a: Oricorio|Quiver Dance|p2a: Oricorio\n|-boost|p2a: Oricorio|spa|1\n|-boost|p2a: Oricorio|spd|1\n|-boost|p2a: Oricorio|spe|1\n|move|p1a: Swalot|Toxic|p2a: Oricorio\n|-status|p2a: Oricorio|tox\n|\n|-damage|p2a: Oricorio|250/266 tox|[from] psn\n|upkeep\n|turn|2\n|\n|t:|1733858680\n|move|p2a: Oricorio|Revelation Dance|p1a: Swalot\n|-damage|p1a: Swalot|191/326\n|move|p1a: Swalot|Sludge Bomb|p2a: Oricorio\n|-resisted|p2a: Oricorio\n|-damage|p2a: Oricorio|218/266 tox\n|\n|-heal|p1a: Swalot|211/326|[from] item: Leftovers\n|-damage|p2a: Oricorio|186/266 tox|[from] psn\n|upkeep\n|turn|3\n|\n|t:|1733858689\n|move|p2a: Oricorio|Quiver Dance|p2a: Oricorio\n|-boost|p2a: Oricorio|spa|1\n|-boost|p2a: Oricorio|spd|1\n|-boost|p2a: Oricorio|spe|1\n|move|p1a: Swalot|Sludge Bomb|p2a: Oricorio\n|-resisted|p2a: Oricorio\n|-damage|p2a: Oricorio|162/266 tox\n|\n|-heal|p1a: Swalot|231/326|[from] item: Leftovers\n|-damage|p2a: Oricorio|114/266 tox|[from] psn\n|upkeep\n|turn|4\n|\n|t:|1733858692\n|move|p2a: Oricorio|Roost|p2a: Oricorio\n|-heal|p2a: Oricorio|247/266 tox\n|-singleturn|p2a: Oricorio|move: Roost\n|move|p1a: Swalot|Sludge Bomb|p2a: Oricorio\n|-resisted|p2a: Oricorio\n|-damage|p2a: Oricorio|223/266 tox\n|\n|-heal|p1a: Swalot|251/326|[from] item: Leftovers\n|-damage|p2a: Oricorio|159/266 tox|[from] psn\n|upkeep\n|turn|5\n|\n|t:|1733858696\n|move|p1a: Swalot|Protect|p1a: Swalot\n|-singleturn|p1a: Swalot|Protect\n|move|p2a: Oricorio|Quiver Dance|p2a: Oricorio\n|-boost|p2a: Oricorio|spa|1\n|-boost|p2a: Oricorio|spd|1\n|-boost|p2a: Oricorio|spe|1\n|\n|-heal|p1a: Swalot|271/326|[from] item: Leftovers\n|-damage|p2a: Oricorio|79/266 tox|[from] psn\n|upkeep\n|turn|6\n|\n|t:|1733858700\n|move|p1a: Swalot|Protect||[still]\n|-fail|p1a: Swalot\n|move|p2a: Oricorio|Hurricane|p1a: Swalot|[miss]\n|-miss|p2a: Oricorio|p1a: Swalot\n|\n|-heal|p1a: Swalot|291/326|[from] item: Leftovers\n|-damage|p2a: Oricorio|0 fnt|[from] psn\n|faint|p2a: Oricorio\n|upkeep\n|\n|t:|1733858719\n|switch|p2a: Chandelure|Chandelure, L83, M|235/235\n|turn|7\n|\n|t:|1733858728\n|move|p2a: Chandelure|Fire Blast|p1a: Swalot\n|-damage|p1a: Swalot|149/326\n|move|p1a: Swalot|Earthquake|p2a: Chandelure\n|-supereffective|p2a: Chandelure\n|-damage|p2a: Chandelure|109/235\n|\n|-heal|p1a: Swalot|169/326|[from] item: Leftovers\n|upkeep\n|turn|8\n|\n|t:|1733858735\n|move|p1a: Swalot|Protect|p1a: Swalot\n|-singleturn|p1a: Swalot|Protect\n|move|p2a: Chandelure|Fire Blast|p1a: Swalot\n|-activate|p1a: Swalot|move: Protect\n|\n|-heal|p1a: Swalot|189/326|[from] item: Leftovers\n|upkeep\n|turn|9\n|\n|t:|1733858740\n|move|p2a: Chandelure|Fire Blast|p1a: Swalot\n|-damage|p1a: Swalot|27/326\n|-status|p1a: Swalot|brn\n|move|p1a: Swalot|Earthquake|p2a: Chandelure\n|-supereffective|p2a: Chandelure\n|-damage|p2a: Chandelure|37/235\n|\n|-heal|p1a: Swalot|47/326 brn|[from] item: Leftovers\n|-damage|p1a: Swalot|27/326 brn|[from] brn\n|upkeep\n|turn|10\n|\n|t:|1733858760\n|move|p2a: Chandelure|Fire Blast|p1a: Swalot\n|-damage|p1a: Swalot|0 fnt\n|faint|p1a: Swalot\n|\n|upkeep\n|\n|t:|1733858772\n|switch|p1a: Hatterene|Hatterene, L85, F|236/236\n|turn|11\n|\n|t:|1733858797\n|move|p2a: Chandelure|Fire Blast|p1a: Hatterene\n|-crit|p1a: Hatterene\n|-damage|p1a: Hatterene|88/236\n|-status|p1a: Hatterene|brn\n|move|p1a: Hatterene|Psychic Noise|p2a: Chandelure\n|-damage|p2a: Chandelure|0 fnt\n|faint|p2a: Chandelure\n|\n|-damage|p1a: Hatterene|74/236 brn|[from] brn\n|upkeep\n|\n|t:|1733858802\n|switch|p2a: Azumarill|Azumarill, L82, F|298/298\n|turn|12\n|\n|t:|1733858805\n|move|p2a: Azumarill|Liquidation|p1a: Hatterene\n|-damage|p1a: Hatterene|0 fnt\n|faint|p1a: Hatterene\n|\n|upkeep\n|\n|t:|1733858810\n|switch|p1a: Scovillain|Scovillain, L91, M|266/266\n|turn|13\n|\n|t:|1733858816\n|move|p1a: Scovillain|Leaf Storm|p2a: Azumarill|[miss]\n|-miss|p1a: Scovillain|p2a: Azumarill\n|move|p2a: Azumarill|Liquidation|p1a: Scovillain\n|-damage|p1a: Scovillain|97/266\n|-unboost|p1a: Scovillain|def|1\n|\n|upkeep\n|turn|14\n|\n|t:|1733858821\n|switch|p2a: Amoonguss|Amoonguss, L82, F|321/321\n|move|p1a: Scovillain|Leaf Storm|p2a: Amoonguss\n|-resisted|p2a: Amoonguss\n|-damage|p2a: Amoonguss|246/321\n|-unboost|p1a: Scovillain|spa|2\n|\n|upkeep\n|turn|15\n|\n|t:|1733858827\n|switch|p1a: Terapagos|Terapagos, L76, F|262/262\n|-activate|p1a: Terapagos|ability: Tera Shift\n|detailschange|p1a: Terapagos|Terapagos-Terastal, L76, F\n|-heal|p1a: Terapagos|269/269|[silent]\n|move|p2a: Amoonguss|Toxic|p1a: Terapagos\n|-status|p1a: Terapagos|tox\n|\n|-damage|p1a: Terapagos|253/269 tox|[from] psn\n|upkeep\n|turn|16\n|\n|t:|1733858833\n|switch|p2a: Vaporeon|Vaporeon, L86, F|364/364\n|move|p1a: Terapagos|Calm Mind|p1a: Terapagos\n|-boost|p1a: Terapagos|spa|1\n|-boost|p1a: Terapagos|spd|1\n|\n|-damage|p1a: Terapagos|221/269 tox|[from] psn\n|upkeep\n|turn|17\n|\n|t:|1733858839\n|move|p1a: Terapagos|Calm Mind|p1a: Terapagos\n|-boost|p1a: Terapagos|spa|1\n|-boost|p1a: Terapagos|spd|1\n|move|p2a: Vaporeon|Haze|p2a: Vaporeon\n|-clearallboost\n|\n|-damage|p1a: Terapagos|173/269 tox|[from] psn\n|upkeep\n|turn|18\n|\n|t:|1733858844\n|move|p1a: Terapagos|Calm Mind|p1a: Terapagos\n|-boost|p1a: Terapagos|spa|1\n|-boost|p1a: Terapagos|spd|1\n|move|p2a: Vaporeon|Scald|p1a: Terapagos\n|-damage|p1a: Terapagos|112/269 tox\n|\n|-damage|p1a: Terapagos|48/269 tox|[from] psn\n|upkeep\n|turn|19\n|\n|t:|1733858848\n|move|p1a: Terapagos|Rest|p1a: Terapagos\n|-status|p1a: Terapagos|slp|[from] move: Rest\n|-heal|p1a: Terapagos|269/269 slp|[silent]\n|-enditem|p1a: Terapagos|Chesto Berry|[eat]\n|-curestatus|p1a: Terapagos|slp|[msg]\n|move|p2a: Vaporeon|Wish|p2a: Vaporeon\n|\n|upkeep\n|turn|20\n|\n|t:|1733858853\n|move|p1a: Terapagos|Tera Starstorm|p2a: Vaporeon\n|-damage|p2a: Vaporeon|201/364\n|move|p2a: Vaporeon|Haze|p2a: Vaporeon\n|-clearallboost\n|\n|-heal|p2a: Vaporeon|364/364|[from] move: Wish|[wisher] Vaporeon\n|upkeep\n|turn|21\n|\n|t:|1733858859\n|switch|p1a: Scovillain|Scovillain, L91, M|97/266\n|switch|p2a: Amoonguss|Amoonguss, L82, F|321/321\n|\n|upkeep\n|turn|22\n|\n|t:|1733858867\n|switch|p2a: Vaporeon|Vaporeon, L86, F|364/364\n|move|p1a: Scovillain|Flamethrower|p2a: Vaporeon\n|-resisted|p2a: Vaporeon\n|-damage|p2a: Vaporeon|277/364\n|\n|-heal|p2a: Vaporeon|299/364|[from] item: Leftovers\n|upkeep\n|turn|23\n|\n|t:|1733858871\n|switch|p1a: Terapagos|Terapagos-Terastal, L76, F|269/269\n|move|p2a: Vaporeon|Scald|p1a: Terapagos\n|-activate|p1a: Terapagos|ability: Tera Shell\n|-resisted|p1a: Terapagos\n|-damage|p1a: Terapagos|227/269\n|\n|-heal|p2a: Vaporeon|321/364|[from] item: Leftovers\n|upkeep\n|turn|24\n|\n|t:|1733858879\n|switch|p2a: Amoonguss|Amoonguss, L82, F|321/321\n|move|p1a: Terapagos|Calm Mind|p1a: Terapagos\n|-boost|p1a: Terapagos|spa|1\n|-boost|p1a: Terapagos|spd|1\n|\n|upkeep\n|turn|25\n|\n|t:|1733858885\n|move|p1a: Terapagos|Calm Mind|p1a: Terapagos\n|-boost|p1a: Terapagos|spa|1\n|-boost|p1a: Terapagos|spd|1\n|move|p2a: Amoonguss|Toxic|p1a: Terapagos\n|-status|p1a: Terapagos|tox\n|\n|-damage|p1a: Terapagos|211/269 tox|[from] psn\n|upkeep\n|turn|26\n|\n|t:|1733858899\n|move|p1a: Terapagos|Tera Starstorm|p2a: Amoonguss\n|-damage|p2a: Amoonguss|60/321\n|move|p2a: Amoonguss|Sludge Bomb|p1a: Terapagos\n|-damage|p1a: Terapagos|172/269 tox\n|\n|-damage|p1a: Terapagos|140/269 tox|[from] psn\n|upkeep\n|turn|27\n|\n|t:|1733858906\n|move|p1a: Terapagos|Tera Starstorm|p2a: Amoonguss\n|-damage|p2a: Amoonguss|0 fnt\n|faint|p2a: Amoonguss\n|\n|-damage|p1a: Terapagos|92/269 tox|[from] psn\n|upkeep\n|\n|t:|1733858908\n|switch|p2a: Vaporeon|Vaporeon, L86, F|321/364\n|turn|28\n|\n|t:|1733858912\n|move|p1a: Terapagos|Tera Starstorm|p2a: Vaporeon\n|-damage|p2a: Vaporeon|132/364\n|move|p2a: Vaporeon|Haze|p2a: Vaporeon\n|-clearallboost\n|\n|-heal|p2a: Vaporeon|154/364|[from] item: Leftovers\n|-damage|p1a: Terapagos|28/269 tox|[from] psn\n|upkeep\n|turn|29\n|\n|t:|1733858918\n|move|p1a: Terapagos|Rest|p1a: Terapagos\n|-status|p1a: Terapagos|slp|[from] move: Rest\n|-heal|p1a: Terapagos|269/269 slp|[silent]\n|move|p2a: Vaporeon|Wish|p2a: Vaporeon\n|\n|-heal|p2a: Vaporeon|176/364|[from] item: Leftovers\n|upkeep\n|turn|30\n|\n|t:|1733858924\n|cant|p1a: Terapagos|slp\n|move|p2a: Vaporeon|Scald|p1a: Terapagos\n|-activate|p1a: Terapagos|ability: Tera Shell\n|-resisted|p1a: Terapagos\n|-damage|p1a: Terapagos|227/269 slp\n|\n|-heal|p2a: Vaporeon|358/364|[from] move: Wish|[wisher] Vaporeon\n|-heal|p2a: Vaporeon|364/364|[from] item: Leftovers\n|upkeep\n|turn|31\n|\n|t:|1733858927\n|switch|p2a: Azumarill|Azumarill, L82, F|298/298\n|cant|p1a: Terapagos|slp\n|\n|upkeep\n|turn|32\n|\n|t:|1733858940\n|-curestatus|p1a: Terapagos|slp|[msg]\n|move|p1a: Terapagos|Tera Starstorm|p2a: Azumarill\n|-damage|p2a: Azumarill|177/298\n|move|p2a: Azumarill|Liquidation|p1a: Terapagos\n|-damage|p1a: Terapagos|77/269\n|\n|upkeep\n|turn|33\n|\n|t:|1733858946\n|move|p1a: Terapagos|Tera Starstorm|p2a: Azumarill\n|-damage|p2a: Azumarill|54/298\n|move|p2a: Azumarill|Liquidation|p1a: Terapagos\n|-damage|p1a: Terapagos|0 fnt\n|faint|p1a: Terapagos\n|\n|upkeep\n|\n|t:|1733858948\n|switch|p1a: Scovillain|Scovillain, L91, M|97/266\n|turn|34\n|\n|t:|1733858953\n|move|p1a: Scovillain|Energy Ball|p2a: Azumarill\n|-supereffective|p2a: Azumarill\n|-damage|p2a: Azumarill|0 fnt\n|faint|p2a: Azumarill\n|\n|upkeep\n|\n|t:|1733858972\n|switch|p2a: Abomasnow|Abomasnow, L85, M|291/291\n|-weather|Snow|[from] ability: Snow Warning|[of] p2a: Abomasnow\n|turn|35\n|\n|t:|1733858978\n|switch|p1a: Mew|Mew, L82|298/298\n|move|p2a: Abomasnow|Aurora Veil|p2a: Abomasnow\n|-sidestart|p2: NoamL21|move: Aurora Veil\n|\n|-weather|Snow|[upkeep]\n|upkeep\n|turn|36\n|\n|t:|1733858983\n|move|p1a: Mew|Swords Dance|p1a: Mew\n|-boost|p1a: Mew|atk|2\n|move|p2a: Abomasnow|Blizzard|p1a: Mew\n|-damage|p1a: Mew|198/298\n|\n|-weather|Snow|[upkeep]\n|upkeep\n|turn|37\n|\n|t:|1733858985\n|move|p1a: Mew|Psychic Fangs|p2a: Abomasnow\n|-sideend|p2: NoamL21|move: Aurora Veil\n|-damage|p2a: Abomasnow|138/291\n|-damage|p1a: Mew|169/298|[from] item: Life Orb\n|move|p2a: Abomasnow|Blizzard|p1a: Mew\n|-damage|p1a: Mew|69/298\n|\n|-weather|Snow|[upkeep]\n|upkeep\n|turn|38\n|\n|t:|1733858991\n|move|p2a: Abomasnow|Ice Shard|p1a: Mew\n|-damage|p1a: Mew|29/298\n|move|p1a: Mew|Leech Life|p2a: Abomasnow\n|-supereffective|p2a: Abomasnow\n|-damage|p2a: Abomasnow|0 fnt\n|-heal|p1a: Mew|98/298|[from] drain|[of] p2a: Abomasnow\n|faint|p2a: Abomasnow\n|-damage|p1a: Mew|69/298|[from] item: Life Orb\n|\n|-weather|Snow|[upkeep]\n|upkeep\n|\n|t:|1733858994\n|switch|p2a: Vaporeon|Vaporeon, L86, F|364/364\n|turn|39\n|\n|t:|1733859002\n|move|p2a: Vaporeon|Protect|p2a: Vaporeon\n|-singleturn|p2a: Vaporeon|Protect\n|move|p1a: Mew|Leech Life|p2a: Vaporeon\n|-activate|p2a: Vaporeon|move: Protect\n|\n|-weather|none\n|upkeep\n|turn|40\n|\n|t:|1733859006\n|-terastallize|p2a: Vaporeon|Poison\n|move|p1a: Mew|Leech Life|p2a: Vaporeon\n|-resisted|p2a: Vaporeon\n|-damage|p2a: Vaporeon|265/364\n|-heal|p1a: Mew|119/298|[from] drain|[of] p2a: Vaporeon\n|-damage|p1a: Mew|90/298|[from] item: Life Orb\n|move|p2a: Vaporeon|Scald|p1a: Mew\n|-damage|p1a: Mew|6/298\n|\n|-heal|p2a: Vaporeon|287/364|[from] item: Leftovers\n|upkeep\n|turn|41\n|\n|t:|1733859016\n|move|p2a: Vaporeon|Protect|p2a: Vaporeon\n|-singleturn|p2a: Vaporeon|Protect\n|move|p1a: Mew|Psychic Fangs|p2a: Vaporeon\n|-activate|p2a: Vaporeon|move: Protect\n|\n|-heal|p2a: Vaporeon|309/364|[from] item: Leftovers\n|upkeep\n|turn|42\n|\n|t:|1733859020\n|move|p1a: Mew|Psychic Fangs|p2a: Vaporeon\n|-supereffective|p2a: Vaporeon\n|-damage|p2a: Vaporeon|0 fnt\n|faint|p2a: Vaporeon\n|-damage|p1a: Mew|0 fnt|[from] item: Life Orb\n|faint|p1a: Mew\n|\n|win|Saaskin\n|raw|Saaskin's rating: 1812 &rarr; <strong>1833</strong><br />(+21 for winning)\n|raw|NoamL21's rating: 1823 &rarr; <strong>1802</strong><br />(-21 for losing)\n|l|\u2606NoamL21\n|player|p2|\n", "inputlog": ">version bfd83cad13791eb5a5a409923076391caf6fb4d4\n>start {\"formatid\":\"gen9randombattle\",\"seed\":[33869,29715,21861,27351],\"rated\":\"Rated battle\"}\n>player p1 {\"name\":\"Saaskin\",\"avatar\":\"170\",\"rating\":1812,\"seed\":[24854,32502,37365,50018]}\n>player p2 {\"name\":\"NoamL21\",\"avatar\":\"preschooler\",\"rating\":1841,\"seed\":[49724,27156,990,28873]}\n>p1 move toxic\n>p2 move quiverdance\n>p1 move sludgebomb\n>p2 move revelationdance\n>p1 move sludgebomb\n>p2 move quiverdance\n>p1 move sludgebomb\n>p2 move roost\n>p1 move protect\n>p2 move quiverdance\n>p1 move protect\n>p2 move hurricane\n>p2 switch 5\n>p1 move earthquake\n>p2 move fireblast\n>p1 move protect\n>p2 move fireblast\n>p1 move earthquake\n>p2 move fireblast\n>p1 move earthquake\n>p2 move fireblast\n>p1 switch 6\n>p1 move psychicnoise\n>p2 move fireblast\n>p2 switch 4\n>p1 move nuzzle\n>p2 move liquidation\n>p1 switch 5\n>p1 move leafstorm\n>p2 move liquidation\n>p1 move leafstorm\n>p2 switch 6\n>p1 switch 2\n>p2 move toxic\n>p1 move calmmind\n>p2 switch 2\n>p1 move calmmind\n>p2 move haze\n>p1 move calmmind\n>p2 move scald\n>p1 move rest\n>p2 move wish\n>p1 move terastarstorm\n>p2 move haze\n>p1 switch 2\n>p2 switch 2\n>p1 move flamethrower\n>p2 switch 2\n>p1 switch 2\n>p2 move scald\n>p1 move calmmind\n>p2 switch 2\n>p1 move calmmind\n>p2 move toxic\n>p1 move terastarstorm\n>p2 move sludgebomb\n>p1 move terastarstorm\n>p2 move gigadrain\n>p2 switch 2\n>p1 move terastarstorm\n>p2 move haze\n>p1 move rest\n>p2 move wish\n>p1 move calmmind\n>p2 move scald\n>p1 move calmmind\n>p2 switch 6\n>p1 move terastarstorm\n>p2 move liquidation\n>p1 move terastarstorm\n>p2 move liquidation\n>p1 switch 2\n>p1 move energyball\n>p2 move liquidation\n>p2 switch 3\n>p1 switch 3\n>p2 move auroraveil\n>p1 move swordsdance\n>p2 move blizzard\n>p1 move psychicfangs\n>p2 move blizzard\n>p1 move leechlife\n>p2 move iceshard\n>p2 switch 6\n>p1 move leechlife\n>p2 move protect\n>p1 move leechlife\n>p2 move scald terastallize\n>p1 move psychicfangs\n>p2 move protect\n>p1 move psychicfangs\n>p2 move wish", "uploadtime": 1733859023, "views": 2, "formatid": "gen9randombattle", "rating": 1802, "private": 0, "password": null}