{"id": "gen9randombattle-2260473018", "format": "[Gen 9] Random Battle", "players": ["Calethousand", "Euson93"], "log": "|j|\u2606Calethousand\n|j|\u2606Euson93\n|t:|1733854998\n|gametype|singles\n|player|p1|Calethousand|juggler|1504\n|player|p2|Euson93|101|1473\n|teamsize|p1|6\n|teamsize|p2|6\n|gen|9\n|tier|[Gen 9] Random Battle\n|rated|\n|rule|Species Clause: Limit one of each Pok\u00e9mon\n|rule|HP Percentage Mod: HP is shown in percentages\n|rule|Sleep Clause Mod: Limit one foe put to sleep\n|rule|Illusion Level Mod: Illusion disguises the Pok\u00e9mon's true level\n|\n|t:|1733854998\n|start\n|switch|p1a: Vikavolt|Vikavolt, L83, F|263/263\n|switch|p2a: Morpeko|Morpeko, L88, F|245/245\n|turn|1\n|inactive|Battle timer is ON: inactive players will automatically lose when time's up. (requested by Euson93)\n|\n|t:|1733855005\n|move|p2a: Morpeko|Parting Shot|p1a: Vikavolt\n|-unboost|p1a: Vikavolt|atk|1\n|-unboost|p1a: Vikavolt|spa|1\n|\n|t:|1733855014\n|switch|p2a: Gliscor|Gliscor, L76, F|239/239|[from] Parting Shot\n|move|p1a: Vikavolt|Sticky Web|p2a: Gliscor\n|-sidestart|p2: Euson93|move: Sticky Web\n|\n|-status|p2a: Gliscor|tox|[from] item: Toxic Orb\n|upkeep\n|turn|2\n|\n|t:|1733855026\n|switch|p1a: Hariyama|Hariyama, L87, F|392/392\n|move|p2a: Gliscor|Toxic|p1a: Hariyama\n|-status|p1a: Hariyama|tox\n|\n|-damage|p1a: Hariyama|368/392 tox|[from] psn\n|upkeep\n|turn|3\n|\n|t:|1733855046\n|move|p2a: Gliscor|Substitute|p2a: Gliscor\n|-start|p2a: Gliscor|Substitute\n|-damage|p2a: Gliscor|180/239 tox\n|move|p1a: Hariyama|Facade|p2a: Gliscor\n|-end|p2a: Gliscor|Substitute\n|\n|-heal|p2a: Gliscor|209/239 tox|[from] ability: Poison Heal\n|-damage|p1a: Hariyama|320/392 tox|[from] psn\n|upkeep\n|turn|4\n|\n|t:|1733855051\n|move|p2a: Gliscor|Substitute|p2a: Gliscor\n|-start|p2a: Gliscor|Substitute\n|-damage|p2a: Gliscor|150/239 tox\n|move|p1a: Hariyama|Facade|p2a: Gliscor\n|-end|p2a: Gliscor|Substitute\n|\n|-heal|p2a: Gliscor|179/239 tox|[from] ability: Poison Heal\n|-damage|p1a: Hariyama|248/392 tox|[from] psn\n|upkeep\n|turn|5\n|\n|t:|1733855054\n|move|p2a: Gliscor|Protect|p2a: Gliscor\n|-singleturn|p2a: Gliscor|Protect\n|move|p1a: Hariyama|Bullet Punch|p2a: Gliscor\n|-activate|p2a: Gliscor|move: Protect\n|\n|-heal|p2a: Gliscor|208/239 tox|[from] ability: Poison Heal\n|-damage|p1a: Hariyama|152/392 tox|[from] psn\n|upkeep\n|turn|6\n|\n|t:|1733855056\n|move|p1a: Hariyama|Bullet Punch|p2a: Gliscor\n|-damage|p2a: Gliscor|164/239 tox\n|move|p2a: Gliscor|Substitute|p2a: Gliscor\n|-start|p2a: Gliscor|Substitute\n|-damage|p2a: Gliscor|105/239 tox\n|\n|-heal|p2a: Gliscor|134/239 tox|[from] ability: Poison Heal\n|-damage|p1a: Hariyama|32/392 tox|[from] psn\n|upkeep\n|turn|7\n|\n|t:|1733855062\n|move|p2a: Gliscor|Protect|p2a: Gliscor\n|-singleturn|p2a: Gliscor|Protect\n|move|p1a: Hariyama|Facade|p2a: Gliscor\n|-activate|p2a: Gliscor|move: Protect\n|\n|-heal|p2a: Gliscor|163/239 tox|[from] ability: Poison Heal\n|-damage|p1a: Hariyama|0 fnt|[from] psn\n|faint|p1a: Hariyama\n|upkeep\n|\n|t:|1733855064\n|switch|p1a: Duraludon|Duraludon, L82, F|249/249\n|turn|8\n|\n|t:|1733855068\n|move|p2a: Gliscor|Earthquake|p1a: Duraludon\n|-supereffective|p1a: Duraludon\n|-damage|p1a: Duraludon|147/249\n|move|p1a: Duraludon|Iron Defense|p1a: Duraludon\n|-boost|p1a: Duraludon|def|2\n|\n|-heal|p2a: Gliscor|192/239 tox|[from] ability: Poison Heal\n|upkeep\n|turn|9\n|\n|t:|1733855074\n|move|p2a: Gliscor|Earthquake|p1a: Duraludon\n|-supereffective|p1a: Duraludon\n|-damage|p1a: Duraludon|99/249\n|move|p1a: Duraludon|Iron Defense|p1a: Duraludon\n|-boost|p1a: Duraludon|def|2\n|\n|-heal|p2a: Gliscor|221/239 tox|[from] ability: Poison Heal\n|upkeep\n|turn|10\n|\n|t:|1733855077\n|move|p2a: Gliscor|Earthquake|p1a: Duraludon\n|-supereffective|p1a: Duraludon\n|-damage|p1a: Duraludon|63/249\n|move|p1a: Duraludon|Body Press|p2a: Gliscor\n|-resisted|p2a: Gliscor\n|-end|p2a: Gliscor|Substitute\n|\n|-heal|p2a: Gliscor|239/239 tox|[from] ability: Poison Heal\n|upkeep\n|turn|11\n|\n|t:|1733855080\n|move|p2a: Gliscor|Earthquake|p1a: Duraludon\n|-supereffective|p1a: Duraludon\n|-damage|p1a: Duraludon|27/249\n|move|p1a: Duraludon|Body Press|p2a: Gliscor\n|-resisted|p2a: Gliscor\n|-damage|p2a: Gliscor|168/239 tox\n|\n|-heal|p2a: Gliscor|197/239 tox|[from] ability: Poison Heal\n|upkeep\n|turn|12\n|\n|t:|1733855088\n|move|p2a: Gliscor|Earthquake|p1a: Duraludon\n|-supereffective|p1a: Duraludon\n|-damage|p1a: Duraludon|0 fnt\n|faint|p1a: Duraludon\n|\n|-heal|p2a: Gliscor|226/239 tox|[from] ability: Poison Heal\n|upkeep\n|\n|t:|1733855093\n|switch|p1a: Breloom|Breloom, L82, F|233/233\n|turn|13\n|\n|t:|1733855098\n|move|p2a: Gliscor|Toxic|p1a: Breloom\n|-status|p1a: Breloom|tox\n|move|p1a: Breloom|Bullet Seed|p2a: Gliscor\n|-damage|p2a: Gliscor|174/239 tox\n|-damage|p2a: Gliscor|119/239 tox\n|-damage|p2a: Gliscor|64/239 tox\n|-hitcount|p2a: Gliscor|3\n|-damage|p1a: Breloom|210/233 tox|[from] item: Life Orb\n|\n|-heal|p2a: Gliscor|93/239 tox|[from] ability: Poison Heal\n|-damage|p1a: Breloom|196/233 tox|[from] psn\n|upkeep\n|turn|14\n|\n|t:|1733855101\n|move|p2a: Gliscor|Protect|p2a: Gliscor\n|-singleturn|p2a: Gliscor|Protect\n|move|p1a: Breloom|Bullet Seed|p2a: Gliscor\n|-activate|p2a: Gliscor|move: Protect\n|\n|-heal|p2a: Gliscor|122/239 tox|[from] ability: Poison Heal\n|-damage|p1a: Breloom|168/233 tox|[from] psn\n|upkeep\n|turn|15\n|\n|t:|1733855110\n|move|p2a: Gliscor|Earthquake|p1a: Breloom\n|-resisted|p1a: Breloom\n|-damage|p1a: Breloom|119/233 tox\n|move|p1a: Breloom|Bullet Seed|p2a: Gliscor\n|-damage|p2a: Gliscor|70/239 tox\n|-damage|p2a: Gliscor|18/239 tox\n|-damage|p2a: Gliscor|0 fnt\n|faint|p2a: Gliscor\n|-hitcount|p2: Gliscor|3\n|-damage|p1a: Breloom|96/233 tox|[from] item: Life Orb\n|\n|-damage|p1a: Breloom|54/233 tox|[from] psn\n|upkeep\n|c|\u2606Calethousand|such a stupid fucking pokemon\n|\n|t:|1733855127\n|switch|p2a: Oranguru|Oranguru, L92, M|315/315\n|-activate|p2a: Oranguru|move: Sticky Web\n|-unboost|p2a: Oranguru|spe|1\n|turn|16\n|\n|t:|1733855142\n|switch|p1a: Cinderace|Cinderace, L77, M|249/249\n|move|p2a: Oranguru|Psyshock|p1a: Cinderace\n|-damage|p1a: Cinderace|132/249\n|\n|upkeep\n|turn|17\n|\n|t:|1733855145\n|move|p1a: Cinderace|U-turn|p2a: Oranguru\n|-start|p1a: Cinderace|typechange|Bug|[from] ability: Libero\n|-supereffective|p2a: Oranguru\n|-damage|p2a: Oranguru|117/315\n|\n|t:|1733855150\n|switch|p1a: Breloom|Breloom, L82, F|54/233 tox|[from] U-turn\n|move|p2a: Oranguru|Psyshock|p1a: Breloom\n|-supereffective|p1a: Breloom\n|-damage|p1a: Breloom|0 fnt\n|faint|p1a: Breloom\n|\n|-heal|p2a: Oranguru|136/315|[from] item: Leftovers\n|upkeep\n|\n|t:|1733855152\n|switch|p1a: Cinderace|Cinderace, L77, M|132/249\n|turn|18\n|\n|t:|1733855157\n|move|p1a: Cinderace|U-turn|p2a: Oranguru\n|-start|p1a: Cinderace|typechange|Bug|[from] ability: Libero\n|-supereffective|p2a: Oranguru\n|-damage|p2a: Oranguru|0 fnt\n|faint|p2a: Oranguru\n|\n|t:|1733855159\n|switch|p1a: Vikavolt|Vikavolt, L83, F|263/263|[from] U-turn\n|\n|upkeep\n|\n|t:|1733855163\n|switch|p2a: Donphan|Donphan, L84, M|288/288\n|-activate|p2a: Donphan|move: Sticky Web\n|-unboost|p2a: Donphan|spe|1\n|turn|19\n|\n|t:|1733855168\n|move|p1a: Vikavolt|Bug Buzz|p2a: Donphan\n|-damage|p2a: Donphan|125/288\n|move|p2a: Donphan|Stealth Rock|p1a: Vikavolt\n|-sidestart|p1: Calethousand|move: Stealth Rock\n|\n|-heal|p2a: Donphan|143/288|[from] item: Leftovers\n|upkeep\n|turn|20\n|\n|t:|1733855172\n|move|p2a: Donphan|Ice Shard|p1a: Vikavolt\n|-damage|p1a: Vikavolt|232/263\n|move|p1a: Vikavolt|Bug Buzz|p2a: Donphan\n|-damage|p2a: Donphan|0 fnt\n|faint|p2a: Donphan\n|\n|upkeep\n|\n|t:|1733855177\n|switch|p2a: Morpeko|Morpeko, L88, F|245/245\n|turn|21\n|\n|t:|1733855180\n|move|p2a: Morpeko|Rapid Spin|p1a: Vikavolt\n|-damage|p1a: Vikavolt|194/263\n|-boost|p2a: Morpeko|spe|1\n|-sideend|p2: Euson93|Sticky Web|[from] move: Rapid Spin|[of] p2a: Morpeko\n|move|p1a: Vikavolt|Bug Buzz|p2a: Morpeko\n|-supereffective|p2a: Morpeko\n|-damage|p2a: Morpeko|0 fnt\n|faint|p2a: Morpeko\n|\n|upkeep\n|\n|t:|1733855182\n|switch|p2a: Squawkabilly|Squawkabilly-White, L89, M|291/291\n|turn|22\n|\n|t:|1733855195\n|move|p2a: Squawkabilly|Brave Bird|p1a: Vikavolt|[miss]\n|-miss|p2a: Squawkabilly|p1a: Vikavolt\n|move|p1a: Vikavolt|Thunderbolt|p2a: Squawkabilly\n|-supereffective|p2a: Squawkabilly\n|-damage|p2a: Squawkabilly|0 fnt\n|faint|p2a: Squawkabilly\n|\n|upkeep\n|\n|t:|1733855197\n|switch|p2a: Zoroark|Zoroark, L84, M|238/238\n|turn|23\n|\n|t:|1733855200\n|move|p2a: Zoroark|Flamethrower|p1a: Vikavolt\n|-supereffective|p1a: Vikavolt\n|-damage|p1a: Vikavolt|0 fnt\n|faint|p1a: Vikavolt\n|\n|upkeep\n|\n|t:|1733855207\n|switch|p1a: Cinderace|Cinderace, L77, M|132/249\n|-damage|p1a: Cinderace|70/249|[from] Stealth Rock\n|turn|24\n|\n|t:|1733855212\n|move|p1a: Cinderace|U-turn|p2a: Zoroark\n|-start|p1a: Cinderace|typechange|Bug|[from] ability: Libero\n|-supereffective|p2a: Zoroark\n|-damage|p2a: Zoroark|0 fnt\n|faint|p2a: Zoroark\n|\n|win|Calethousand\n", "inputlog": ">version bfd83cad13791eb5a5a409923076391caf6fb4d4\n>start {\"formatid\":\"gen9randombattle\",\"seed\":[23767,37462,29703,63855],\"rated\":\"Rated battle\"}\n>player p1 {\"name\":\"Calethousand\",\"avatar\":\"juggler\",\"rating\":1504,\"seed\":[40218,16173,9189,16473]}\n>player p2 {\"name\":\"Euson93\",\"avatar\":\"101\",\"rating\":1473,\"seed\":[38652,37430,12063,3079]}\n>p1 move stickyweb\n>p2 move partingshot\n>p2 switch 6\n>p1 switch 3\n>p2 move toxic\n>p1 move facade\n>p2 move substitute\n>p1 move facade\n>p2 move substitute\n>p1 move bulletpunch\n>p2 move protect\n>p1 move bulletpunch\n>p2 move substitute\n>p1 move facade\n>p2 move protect\n>p1 switch 2\n>p1 move irondefense\n>p2 move earthquake\n>p1 move irondefense\n>p2 move earthquake\n>p1 move bodypress\n>p2 move earthquake\n>p1 move bodypress\n>p2 move earthquake\n>p1 move dracometeor\n>p2 move earthquake\n>p1 switch 6\n>p1 move bulletseed\n>p2 move toxic\n>p1 move bulletseed\n>p2 move protect\n>p1 move bulletseed\n>p2 move earthquake\n>chat \u2606Calethousand|such a stupid fucking pokemon\n>p2 switch 4\n>p1 switch 4\n>p2 move psyshock\n>p1 move uturn\n>p2 move psyshock\n>p1 switch 4\n>p1 switch 4\n>p1 move uturn\n>p2 move psyshock\n>p1 switch 3\n>p2 switch 3\n>p1 move bugbuzz\n>p2 move stealthrock\n>p1 move bugbuzz\n>p2 move iceshard\n>p2 switch 6\n>p1 move bugbuzz\n>p2 move rapidspin\n>p2 switch 5\n>p1 move thunderbolt\n>p2 move bravebird\n>p2 switch 2\n>p1 move bugbuzz\n>p2 move flamethrower\n>p1 switch 3\n>p1 move uturn\n>p2 move flamethrower", "uploadtime": 1733855115, "views": 1, "formatid": "gen9randombattle", "rating": null, "private": 0, "password": null}