{"id": "gen9randombattle-2260625981", "format": "[Gen 9] Random Battle", "players": ["AshQuimby", "Rhinoceraptor"], "log": "|j|\u2606AshQuimby\n|j|\u2606Rhinoceraptor\n|t:|1733870837\n|gametype|singles\n|player|p1|AshQuimby|roxie|1152\n|player|p2|Rhinoceraptor|hiker-gen4|1129\n|teamsize|p1|6\n|teamsize|p2|6\n|gen|9\n|tier|[Gen 9] Random Battle\n|rated|\n|rule|Species Clause: Limit one of each Pok\u00e9mon\n|rule|HP Percentage Mod: HP is shown in percentages\n|rule|Sleep Clause Mod: Limit one foe put to sleep\n|rule|Illusion Level Mod: Illusion disguises the Pok\u00e9mon's true level\n|\n|t:|1733870837\n|start\n|switch|p1a: Slowking|Slowking-Galar, L85, M|300/300\n|switch|p2a: Volbeat|Volbeat, L90, M|263/263\n|turn|1\n|\n|t:|1733870851\n|move|p2a: Volbeat|Thunder Wave|p1a: Slowking|[miss]\n|-miss|p2a: Volbeat|p1a: Slowking\n|move|p1a: Slowking|Chilly Reception|p1a: Slowking\n|-weather|Snow\n|\n|t:|1733870882\n|switch|p1a: Staraptor|Staraptor, L79, F|263/263|[from] Chilly Reception\n|\n|-weather|Snow|[upkeep]\n|upkeep\n|turn|2\n|\n|t:|1733870896\n|move|p2a: Volbeat|Thunder Wave|p1a: Staraptor\n|-status|p1a: Staraptor|par\n|cant|p1a: Staraptor|par\n|\n|-weather|Snow|[upkeep]\n|upkeep\n|turn|3\n|\n|t:|1733870914\n|move|p2a: Volbeat|U-turn|p1a: Staraptor\n|-resisted|p1a: Staraptor\n|-damage|p1a: Staraptor|216/263 par\n|\n|t:|1733870916\n|switch|p2a: Electrode|Electrode, L92|260/260|[from] U-turn\n|cant|p1a: Staraptor|par\n|\n|-weather|Snow|[upkeep]\n|upkeep\n|turn|4\n|\n|t:|1733870925\n|switch|p1a: Swampert|Swampert, L83, F|302/302\n|move|p2a: Electrode|Thunderbolt|p1a: Swampert\n|-immune|p1a: Swampert\n|\n|-weather|Snow|[upkeep]\n|upkeep\n|turn|5\n|\n|t:|1733870942\n|-terastallize|p2a: Electrode|Ice\n|move|p2a: Electrode|Tera Blast|p1a: Swampert|[anim] Tera Blast Ice\n|-damage|p1a: Swampert|188/302\n|-damage|p2a: Electrode|234/260|[from] item: Life Orb\n|move|p1a: Swampert|Earthquake|p2a: Electrode\n|-damage|p2a: Electrode|155/260\n|\n|-weather|none\n|-heal|p1a: Swampert|206/302|[from] item: Leftovers\n|upkeep\n|turn|6\n|\n|t:|1733870964\n|move|p2a: Electrode|Tera Blast|p1a: Swampert|[anim] Tera Blast Ice\n|-damage|p1a: Swampert|97/302\n|-damage|p2a: Electrode|129/260|[from] item: Life Orb\n|move|p1a: Swampert|Knock Off|p2a: Electrode\n|-damage|p2a: Electrode|41/260\n|-enditem|p2a: Electrode|Life Orb|[from] move: Knock Off|[of] p1a: Swampert\n|\n|-heal|p1a: Swampert|115/302|[from] item: Leftovers\n|upkeep\n|turn|7\n|\n|t:|1733870973\n|switch|p1a: Slowking|Slowking-Galar, L85, M|300/300\n|move|p2a: Electrode|Tera Blast|p1a: Slowking|[anim] Tera Blast Ice\n|-damage|p1a: Slowking|222/300\n|\n|upkeep\n|turn|8\n|\n|t:|1733870988\n|move|p2a: Electrode|Taunt|p1a: Slowking\n|-start|p1a: Slowking|move: Taunt\n|move|p1a: Slowking|Sludge Bomb|p2a: Electrode\n|-damage|p2a: Electrode|0 fnt\n|faint|p2a: Electrode\n|\n|upkeep\n|\n|t:|1733870992\n|switch|p2a: Veluza|Veluza, L85, F|292/292\n|turn|9\n|\n|t:|1733871009\n|switch|p1a: Persian|Persian-Alola, L86, F|252/252\n|move|p2a: Veluza|Fillet Away|p2a: Veluza\n|-boost|p2a: Veluza|atk|2\n|-boost|p2a: Veluza|spa|2\n|-boost|p2a: Veluza|spe|2\n|-damage|p2a: Veluza|146/292\n|-enditem|p2a: Veluza|Sitrus Berry|[eat]\n|-heal|p2a: Veluza|219/292|[from] item: Sitrus Berry\n|\n|upkeep\n|turn|10\n|\n|t:|1733871025\n|move|p2a: Veluza|Aqua Cutter|p1a: Persian\n|-damage|p1a: Persian|105/252\n|move|p1a: Persian|Dark Pulse|p2a: Veluza\n|-supereffective|p2a: Veluza\n|-damage|p2a: Veluza|1/292\n|-damage|p1a: Persian|80/252|[from] item: Life Orb\n|\n|upkeep\n|turn|11\n|c|\u2606AshQuimby|thats disgusting\n|\n|t:|1733871046\n|move|p2a: Veluza|Aqua Cutter|p1a: Persian\n|-damage|p1a: Persian|0 fnt\n|faint|p1a: Persian\n|\n|upkeep\n|\n|t:|1733871052\n|switch|p1a: Staraptor|Staraptor, L79, F|216/263 par\n|turn|12\n|\n|t:|1733871065\n|move|p1a: Staraptor|Quick Attack|p2a: Veluza\n|-damage|p2a: Veluza|0 fnt\n|faint|p2a: Veluza\n|\n|upkeep\n|\n|t:|1733871068\n|switch|p2a: Milotic|Milotic, L83, M|293/293\n|turn|13\n|\n|t:|1733871096\n|switch|p1a: Muk|Muk-Alola, L82, F|306/306\n|move|p2a: Milotic|Ice Beam|p1a: Muk\n|-damage|p1a: Muk|263/306\n|\n|upkeep\n|turn|14\n|\n|t:|1733871128\n|move|p2a: Milotic|Scald|p1a: Muk\n|-damage|p1a: Muk|214/306\n|move|p1a: Muk|Knock Off|p2a: Milotic\n|-damage|p2a: Milotic|185/293\n|-status|p2a: Milotic|psn|[from] ability: Poison Touch|[of] p1a: Muk\n|-enditem|p2a: Milotic|Leftovers|[from] move: Knock Off|[of] p1a: Muk\n|\n|-damage|p2a: Milotic|149/293 psn|[from] psn\n|upkeep\n|turn|15\n|l|\u2606Rhinoceraptor\n|player|p2|\n|\n|t:|1733871141\n|move|p2a: Milotic|Ice Beam|p1a: Muk\n|-crit|p1a: Muk\n|-damage|p1a: Muk|151/306\n|move|p1a: Muk|Drain Punch|p2a: Milotic\n|-damage|p2a: Milotic|91/293 psn\n|-heal|p1a: Muk|180/306|[from] drain|[of] p2a: Milotic\n|\n|-damage|p2a: Milotic|55/293 psn|[from] psn\n|upkeep\n|turn|16\n|inactive|Battle timer is ON: inactive players will automatically lose when time's up. (requested by AshQuimby)\n|inactive|Rhinoceraptor has 30 seconds to reconnect!\n|inactive|Rhinoceraptor has 20 seconds to reconnect!\n|inactive|Rhinoceraptor has 15 seconds to reconnect!\n|inactive|Rhinoceraptor has 10 seconds to reconnect!\n|inactive|Rhinoceraptor has 5 seconds to reconnect!\n|-message|Rhinoceraptor lost due to inactivity.\n|\n|win|AshQuimby\n|raw|AshQuimby's rating: 1152 &rarr; <strong>1175</strong><br />(+23 for winning)\n|raw|Rhinoceraptor's rating: 1129 &rarr; <strong>1106</strong><br />(-23 for losing)\n", "inputlog": ">version bfd83cad13791eb5a5a409923076391caf6fb4d4\n>start {\"formatid\":\"gen9randombattle\",\"seed\":[8383,3181,20556,55162],\"rated\":\"Rated battle\"}\n>player p1 {\"name\":\"AshQuimby\",\"avatar\":\"roxie\",\"rating\":1152,\"seed\":[5511,34782,56252,20019]}\n>player p2 {\"name\":\"Rhinoceraptor\",\"avatar\":\"hiker-gen4\",\"rating\":1129,\"seed\":[2325,23677,1997,3983]}\n>p1 move chillyreception\n>p2 move thunderwave\n>p1 switch 3\n>p1 move bravebird\n>p2 move thunderwave\n>p1 move bravebird\n>p2 move uturn\n>p2 switch 5\n>p1 switch 5\n>p2 move thunderbolt\n>p1 move earthquake\n>p2 move terablast terastallize\n>p1 move knockoff\n>p2 move terablast\n>p1 switch 3\n>p2 move terablast\n>p1 move sludgebomb\n>p2 move taunt\n>p2 switch 2\n>p1 switch 2\n>p2 move filletaway\n>p1 move darkpulse\n>p2 move aquacutter\n>chat \u2606AshQuimby|thats disgusting\n>p1 move darkpulse\n>p2 move aquacutter\n>p1 switch 5\n>p1 move quickattack\n>p2 move aquacutter\n>p2 switch 3\n>p1 switch 6\n>p2 move icebeam\n>p1 move knockoff\n>p2 move scald\n>p1 move drainpunch\n>p2 move icebeam\n>forcelose p2", "uploadtime": 1733871268, "views": 1, "formatid": "gen9randombattle", "rating": 1106, "private": 0, "password": null}