{"id": "gen9randombattle-2260555385", "format": "[Gen 9] Random Battle", "players": ["xXpoopmaster69Xx", "Andras14"], "log": "|j|\u2606xXpoopmaster69Xx\n|j|\u2606Andras14\n|t:|1733863114\n|gametype|singles\n|player|p1|xXpoopmaster69Xx|scientist|1313\n|player|p2|Andras14|harlequin|1350\n|teamsize|p1|6\n|teamsize|p2|6\n|gen|9\n|tier|[Gen 9] Random Battle\n|rated|\n|rule|Species Clause: Limit one of each Pok\u00e9mon\n|rule|HP Percentage Mod: HP is shown in percentages\n|rule|Sleep Clause Mod: Limit one foe put to sleep\n|rule|Illusion Level Mod: Illusion disguises the Pok\u00e9mon's true level\n|\n|t:|1733863114\n|start\n|switch|p1a: Sunflora|Sunflora, F|312/312\n|switch|p2a: Cacturne|Cacturne, L92, F|278/278\n|turn|1\n|inactive|Battle timer is ON: inactive players will automatically lose when time's up. (requested by xXpoopmaster69Xx)\n|\n|t:|1733863122\n|move|p2a: Cacturne|Knock Off|p1a: Sunflora\n|-damage|p1a: Sunflora|86/312\n|-enditem|p1a: Sunflora|Choice Specs|[from] move: Knock Off|[of] p2a: Cacturne\n|-damage|p2a: Cacturne|251/278|[from] item: Life Orb\n|move|p1a: Sunflora|Sludge Bomb|p2a: Cacturne\n|-supereffective|p2a: Cacturne\n|-damage|p2a: Cacturne|17/278\n|-status|p2a: Cacturne|psn\n|\n|-damage|p2a: Cacturne|0 fnt|[from] psn\n|faint|p2a: Cacturne\n|upkeep\n|\n|t:|1733863134\n|switch|p2a: Leavanny|Leavanny, L86, F|269/269\n|turn|2\n|\n|t:|1733863138\n|move|p2a: Leavanny|Lunge|p1a: Sunflora\n|-supereffective|p1a: Sunflora\n|-damage|p1a: Sunflora|0 fnt\n|faint|p1a: Sunflora\n|\n|upkeep\n|\n|t:|1733863146\n|switch|p1a: Yanmega|Yanmega, L82, F|275/275\n|turn|3\n|\n|t:|1733863155\n|-terastallize|p2a: Leavanny|Rock\n|move|p2a: Leavanny|Sticky Web|p1a: Yanmega\n|-sidestart|p1: xXpoopmaster69Xx|move: Sticky Web\n|move|p1a: Yanmega|Air Slash|p2a: Leavanny\n|-resisted|p2a: Leavanny\n|-damage|p2a: Leavanny|123/269\n|\n|upkeep\n|turn|4\n|\n|t:|1733863163\n|move|p2a: Leavanny|Knock Off|p1a: Yanmega\n|-damage|p1a: Yanmega|202/275\n|-enditem|p1a: Yanmega|Choice Specs|[from] move: Knock Off|[of] p2a: Leavanny\n|move|p1a: Yanmega|Air Slash|p2a: Leavanny\n|-resisted|p2a: Leavanny\n|-damage|p2a: Leavanny|27/269\n|\n|upkeep\n|turn|5\n|\n|t:|1733863172\n|move|p2a: Leavanny|Lunge|p1a: Yanmega\n|-resisted|p1a: Yanmega\n|-damage|p1a: Yanmega|125/275\n|-unboost|p1a: Yanmega|atk|1\n|move|p1a: Yanmega|U-turn|p2a: Leavanny\n|-damage|p2a: Leavanny|0 fnt\n|faint|p2a: Leavanny\n|\n|t:|1733863177\n|switch|p1a: Tentacruel|Tentacruel, L84, F|272/272|[from] U-turn\n|-activate|p1a: Tentacruel|move: Sticky Web\n|-unboost|p1a: Tentacruel|spe|1\n|\n|upkeep\n|\n|t:|1733863184\n|switch|p2a: Hoopa|Hoopa, L85|275/275\n|turn|6\n|\n|t:|1733863194\n|switch|p1a: Carbink|Carbink, L90|236/236\n|-activate|p1a: Carbink|move: Sticky Web\n|-unboost|p1a: Carbink|spe|1\n|move|p2a: Hoopa|Psyshock|p1a: Carbink\n|-damage|p1a: Carbink|145/236\n|-damage|p2a: Hoopa|248/275|[from] item: Life Orb\n|\n|upkeep\n|turn|7\n|\n|t:|1733863204\n|switch|p2a: Floatzel|Floatzel, L85, F|283/283\n|move|p1a: Carbink|Moonblast|p2a: Floatzel\n|-damage|p2a: Floatzel|171/283\n|\n|-heal|p2a: Floatzel|188/283|[from] item: Leftovers\n|upkeep\n|turn|8\n|\n|t:|1733863215\n|switch|p1a: Tentacruel|Tentacruel, L84, F|272/272\n|-activate|p1a: Tentacruel|move: Sticky Web\n|-unboost|p1a: Tentacruel|spe|1\n|move|p2a: Floatzel|Wave Crash|p1a: Tentacruel\n|-resisted|p1a: Tentacruel\n|-damage|p1a: Tentacruel|185/272\n|-damage|p2a: Floatzel|159/283|[from] Recoil\n|\n|-heal|p2a: Floatzel|176/283|[from] item: Leftovers\n|-heal|p1a: Tentacruel|202/272|[from] item: Leftovers\n|upkeep\n|turn|9\n|\n|t:|1733863228\n|switch|p2a: Hoopa|Hoopa, L85|248/275\n|move|p1a: Tentacruel|Rapid Spin|p2a: Hoopa\n|-immune|p2a: Hoopa\n|\n|-heal|p1a: Tentacruel|219/272|[from] item: Leftovers\n|upkeep\n|turn|10\n|\n|t:|1733863238\n|switch|p1a: Carbink|Carbink, L90|145/236\n|-activate|p1a: Carbink|move: Sticky Web\n|-unboost|p1a: Carbink|spe|1\n|move|p2a: Hoopa|Psyshock|p1a: Carbink\n|-damage|p1a: Carbink|40/236\n|-damage|p2a: Hoopa|221/275|[from] item: Life Orb\n|\n|upkeep\n|turn|11\n|\n|t:|1733863247\n|move|p2a: Hoopa|Psyshock|p1a: Carbink\n|-damage|p1a: Carbink|0 fnt\n|faint|p1a: Carbink\n|-damage|p2a: Hoopa|194/275|[from] item: Life Orb\n|\n|upkeep\n|\n|t:|1733863249\n|switch|p1a: Dudunsparce|Dudunsparce-Three-Segment, L83, M|343/343\n|-activate|p1a: Dudunsparce|move: Sticky Web\n|-unboost|p1a: Dudunsparce|spe|1\n|turn|12\n|\n|t:|1733863256\n|move|p2a: Hoopa|Focus Blast|p1a: Dudunsparce\n|-supereffective|p1a: Dudunsparce\n|-damage|p1a: Dudunsparce|0 fnt\n|faint|p1a: Dudunsparce\n|-damage|p2a: Hoopa|167/275|[from] item: Life Orb\n|\n|upkeep\n|\n|t:|1733863261\n|switch|p1a: Yanmega|Yanmega, L82, F|125/275\n|turn|13\n|\n|t:|1733863266\n|switch|p2a: Floatzel|Floatzel, L85, F|176/283\n|move|p1a: Yanmega|Air Slash|p2a: Floatzel\n|-damage|p2a: Floatzel|49/283\n|\n|-heal|p2a: Floatzel|66/283|[from] item: Leftovers\n|upkeep\n|turn|14\n|\n|t:|1733863275\n|switch|p1a: Clodsire|Clodsire, L81, F|343/343\n|-activate|p1a: Clodsire|move: Sticky Web\n|-unboost|p1a: Clodsire|spe|1\n|move|p2a: Floatzel|Wave Crash|p1a: Clodsire\n|-immune|p1a: Clodsire|[from] ability: Water Absorb\n|\n|-heal|p2a: Floatzel|83/283|[from] item: Leftovers\n|upkeep\n|turn|15\n|\n|t:|1733863288\n|move|p2a: Floatzel|Taunt|p1a: Clodsire\n|-start|p1a: Clodsire|move: Taunt\n|move|p1a: Clodsire|Earthquake|p2a: Floatzel\n|-damage|p2a: Floatzel|0 fnt\n|faint|p2a: Floatzel\n|\n|upkeep\n|\n|t:|1733863296\n|switch|p2a: Hoopa|Hoopa, L85|167/275\n|turn|16\n|\n|t:|1733863300\n|-terastallize|p1a: Clodsire|Flying\n|move|p2a: Hoopa|Psyshock|p1a: Clodsire\n|-damage|p1a: Clodsire|108/343\n|-damage|p2a: Hoopa|140/275|[from] item: Life Orb\n|move|p1a: Clodsire|Earthquake|p2a: Hoopa\n|-damage|p2a: Hoopa|32/275\n|\n|-heal|p1a: Clodsire|129/343|[from] item: Leftovers\n|upkeep\n|turn|17\n|\n|t:|1733863312\n|move|p2a: Hoopa|Psyshock|p1a: Clodsire\n|-damage|p1a: Clodsire|0 fnt\n|faint|p1a: Clodsire\n|-damage|p2a: Hoopa|5/275|[from] item: Life Orb\n|\n|upkeep\n|\n|t:|1733863315\n|switch|p1a: Yanmega|Yanmega, L82, F|125/275\n|turn|18\n|\n|t:|1733863320\n|switch|p2a: Farigiraf|Farigiraf, L91, M|366/366\n|move|p1a: Yanmega|U-turn|p2a: Farigiraf\n|-supereffective|p2a: Farigiraf\n|-damage|p2a: Farigiraf|250/366\n|\n|t:|1733863325\n|switch|p1a: Tentacruel|Tentacruel, L84, F|219/272|[from] U-turn\n|-activate|p1a: Tentacruel|move: Sticky Web\n|-unboost|p1a: Tentacruel|spe|1\n|\n|-heal|p2a: Farigiraf|272/366|[from] item: Leftovers\n|-heal|p1a: Tentacruel|236/272|[from] item: Leftovers\n|upkeep\n|turn|19\n|c|\u2606xXpoopmaster69Xx|nice team buddy\n|c|\u2606xXpoopmaster69Xx|great outplays\n|-message|xXpoopmaster69Xx forfeited.\n|\n|win|Andras14\n|raw|xXpoopmaster69Xx's rating: 1313 &rarr; <strong>1295</strong><br />(-18 for losing)\n|raw|Andras14's rating: 1350 &rarr; <strong>1368</strong><br />(+18 for winning)\n|l|\u2606xXpoopmaster69Xx\n|player|p1|\n", "inputlog": ">version bfd83cad13791eb5a5a409923076391caf6fb4d4\n>start {\"formatid\":\"gen9randombattle\",\"seed\":[752,27035,34231,65143],\"rated\":\"Rated battle\"}\n>player p1 {\"name\":\"xXpoopmaster69Xx\",\"avatar\":\"scientist\",\"rating\":1313,\"seed\":[21680,59958,17428,22270]}\n>player p2 {\"name\":\"Andras14\",\"avatar\":\"harlequin\",\"rating\":1350,\"seed\":[38539,4308,9473,34370]}\n>p1 move sludgebomb\n>p2 move knockoff\n>p2 switch 5\n>p1 move sludgebomb\n>p2 move lunge\n>p1 switch 2\n>p1 move airslash\n>p2 move stickyweb terastallize\n>p1 move airslash\n>p2 move knockoff\n>p1 move uturn\n>p2 move lunge\n>p1 switch 4\n>p2 switch 3\n>p1 switch 5\n>p2 move psyshock\n>p1 move moonblast\n>p2 switch 4\n>p1 switch 5\n>p2 move wavecrash\n>p1 move rapidspin\n>p2 switch 4\n>p1 switch 5\n>p2 move psyshock\n>p1 move rest\n>p2 move psyshock\n>p1 switch 6\n>p1 move glare\n>p2 move focusblast\n>p1 switch 4\n>p1 move airslash\n>p2 switch 4\n>p1 switch 3\n>p2 move wavecrash\n>p1 move earthquake\n>p2 move taunt\n>p2 switch 4\n>p1 move earthquake terastallize\n>p2 move psyshock\n>p1 move earthquake\n>p2 move psyshock\n>p1 switch 3\n>p1 move uturn\n>p2 switch 6\n>p1 switch 5\n>chat \u2606xXpoopmaster69Xx|nice team buddy\n>chat \u2606xXpoopmaster69Xx|great outplays\n>forcelose p1", "uploadtime": 1733863336, "views": 1, "formatid": "gen9randombattle", "rating": 1295, "private": 0, "password": null}