{"id": "gen9randombattle-2259972914", "format": "[Gen 9] Random Battle", "players": ["Arriety1", "caapp"], "log": "|j|\u2606Arriety1\n|j|\u2606caapp\n|t:|1733786079\n|gametype|singles\n|player|p1|Arriety1|169|1145\n|player|p2|caapp|266|1136\n|teamsize|p1|6\n|teamsize|p2|6\n|gen|9\n|tier|[Gen 9] Random Battle\n|rated|\n|rule|Species Clause: Limit one of each Pok\u00e9mon\n|rule|HP Percentage Mod: HP is shown in percentages\n|rule|Sleep Clause Mod: Limit one foe put to sleep\n|rule|Illusion Level Mod: Illusion disguises the Pok\u00e9mon's true level\n|\n|t:|1733786079\n|start\n|switch|p1a: Charizard|Charizard, L85, M|271/271\n|switch|p2a: Corviknight|Corviknight, L80, M|288/288\n|turn|1\n|inactive|Battle timer is ON: inactive players will automatically lose when time's up. (requested by caapp)\n|\n|t:|1733786109\n|move|p1a: Charizard|Flare Blitz|p2a: Corviknight\n|-supereffective|p2a: Corviknight\n|-damage|p2a: Corviknight|60/288\n|-damage|p1a: Charizard|226/271|[from] item: Rocky Helmet|[of] p2a: Corviknight\n|-damage|p1a: Charizard|151/271|[from] Recoil\n|move|p2a: Corviknight|U-turn|p1a: Charizard\n|-resisted|p1a: Charizard\n|-damage|p1a: Charizard|140/271\n|\n|t:|1733786125\n|switch|p2a: Clawitzer|Clawitzer, L87, M|265/265|[from] U-turn\n|\n|upkeep\n|turn|2\n|\n|t:|1733786142\n|switch|p1a: Skarmory|Skarmory, L80, M|235/235\n|move|p2a: Clawitzer|Water Pulse|p1a: Skarmory\n|-damage|p1a: Skarmory|79/235\n|\n|-heal|p1a: Skarmory|93/235|[from] item: Leftovers\n|upkeep\n|turn|3\n|\n|t:|1733786166\n|switch|p1a: Gothitelle|Gothitelle, L90, F|272/272\n|move|p2a: Clawitzer|Dragon Pulse|p1a: Gothitelle\n|-crit|p1a: Gothitelle\n|-damage|p1a: Gothitelle|142/272\n|\n|-heal|p1a: Gothitelle|159/272|[from] item: Leftovers\n|upkeep\n|turn|4\n|\n|t:|1733786175\n|move|p1a: Gothitelle|Thunder Wave|p2a: Clawitzer\n|-status|p2a: Clawitzer|par\n|move|p2a: Clawitzer|Dragon Pulse|p1a: Gothitelle\n|-damage|p1a: Gothitelle|77/272\n|\n|-heal|p1a: Gothitelle|94/272|[from] item: Leftovers\n|upkeep\n|turn|5\n|\n|t:|1733786185\n|move|p1a: Gothitelle|Psychic Noise|p2a: Clawitzer\n|-damage|p2a: Clawitzer|207/265 par\n|-start|p2a: Clawitzer|move: Heal Block\n|move|p2a: Clawitzer|Water Pulse|p1a: Gothitelle\n|-damage|p1a: Gothitelle|0 fnt\n|faint|p1a: Gothitelle\n|\n|upkeep\n|\n|t:|1733786196\n|switch|p1a: Maushold|Maushold-Four, L76|238/238\n|turn|6\n|\n|t:|1733786216\n|move|p1a: Maushold|Tidy Up|p1a: Maushold\n|-boost|p1a: Maushold|atk|1\n|-boost|p1a: Maushold|spe|1\n|cant|p2a: Clawitzer|par\n|\n|-end|p2a: Clawitzer|move: Heal Block\n|upkeep\n|turn|7\n|\n|t:|1733786228\n|switch|p2a: Corviknight|Corviknight, L80, M|60/288\n|move|p1a: Maushold|Tidy Up|p1a: Maushold\n|-boost|p1a: Maushold|atk|1\n|-boost|p1a: Maushold|spe|1\n|\n|upkeep\n|turn|8\n|\n|t:|1733786244\n|move|p1a: Maushold|Bite|p2a: Corviknight\n|-damage|p2a: Corviknight|0 fnt\n|-damage|p1a: Maushold|199/238|[from] item: Rocky Helmet|[of] p2a: Corviknight\n|faint|p2a: Corviknight\n|\n|upkeep\n|\n|t:|1733786252\n|switch|p2a: Ursaring|Ursaring, L84, F|288/288\n|turn|9\n|\n|t:|1733786256\n|move|p1a: Maushold|Population Bomb|p2a: Ursaring\n|-damage|p2a: Ursaring|242/288\n|-damage|p2a: Ursaring|190/288\n|-damage|p2a: Ursaring|139/288\n|-damage|p2a: Ursaring|85/288\n|-damage|p2a: Ursaring|33/288\n|-damage|p2a: Ursaring|0 fnt\n|faint|p2a: Ursaring\n|-hitcount|p2: Ursaring|6\n|\n|upkeep\n|\n|t:|1733786271\n|switch|p2a: Leavanny|Leavanny, L86, F|269/269\n|turn|10\n|\n|t:|1733786282\n|move|p1a: Maushold|Population Bomb|p2a: Leavanny\n|-damage|p2a: Leavanny|224/269\n|-damage|p2a: Leavanny|176/269\n|-damage|p2a: Leavanny|134/269\n|-damage|p2a: Leavanny|86/269\n|-damage|p2a: Leavanny|37/269\n|-damage|p2a: Leavanny|0 fnt\n|faint|p2a: Leavanny\n|-hitcount|p2: Leavanny|6\n|\n|upkeep\n|\n|t:|1733786290\n|switch|p2a: Clawitzer|Clawitzer, L87, M|207/265 par\n|turn|11\n|\n|t:|1733786296\n|move|p1a: Maushold|Population Bomb|p2a: Clawitzer\n|-damage|p2a: Clawitzer|162/265 par\n|-damage|p2a: Clawitzer|120/265 par\n|-damage|p2a: Clawitzer|77/265 par\n|-damage|p2a: Clawitzer|38/265 par\n|-damage|p2a: Clawitzer|0 fnt\n|faint|p2a: Clawitzer\n|-hitcount|p2: Clawitzer|5\n|\n|upkeep\n|inactive|caapp has 120 seconds left.\n|\n|t:|1733786328\n|switch|p2a: Zekrom|Zekrom, L71|259/259\n|-ability|p2a: Zekrom|Teravolt\n|turn|12\n|\n|t:|1733786343\n|move|p1a: Maushold|Population Bomb|p2a: Zekrom\n|-damage|p2a: Zekrom|216/259\n|-damage|p2a: Zekrom|176/259\n|-crit|p2a: Zekrom\n|-damage|p2a: Zekrom|116/259\n|-damage|p2a: Zekrom|79/259\n|-damage|p2a: Zekrom|39/259\n|-damage|p2a: Zekrom|0 fnt\n|faint|p2a: Zekrom\n|-hitcount|p2: Zekrom|6\n|\n|upkeep\n|\n|t:|1733786346\n|switch|p2a: Infernape|Infernape, L82, M|259/259\n|turn|13\n|c|\u2606Arriety1|this is funny as fuck\n|\n|t:|1733786356\n|move|p2a: Infernape|Mach Punch|p1a: Maushold\n|-supereffective|p1a: Maushold\n|-crit|p1a: Maushold\n|-damage|p1a: Maushold|0 fnt\n|faint|p1a: Maushold\n|-damage|p2a: Infernape|234/259|[from] item: Life Orb\n|\n|upkeep\n|c|\u2606Arriety1|FUCKKKKK\n|\n|t:|1733786365\n|switch|p1a: Crawdaunt|Crawdaunt, L84, M|243/243\n|turn|14\n|c|\u2606Arriety1|DIE BITCH\n|\n|t:|1733786376\n|-terastallize|p1a: Crawdaunt|Water\n|move|p2a: Infernape|Grass Knot|p1a: Crawdaunt\n|-supereffective|p1a: Crawdaunt\n|-damage|p1a: Crawdaunt|87/243\n|-damage|p2a: Infernape|209/259|[from] item: Life Orb\n|move|p1a: Crawdaunt|Crabhammer|p2a: Infernape\n|-supereffective|p2a: Infernape\n|-damage|p2a: Infernape|0 fnt\n|faint|p2a: Infernape\n|-damage|p1a: Crawdaunt|63/243|[from] item: Life Orb\n|\n|win|Arriety1\n", "inputlog": ">version bfd83cad13791eb5a5a409923076391caf6fb4d4\n>start {\"formatid\":\"gen9randombattle\",\"seed\":[24032,17494,57684,29076],\"rated\":\"Rated battle\"}\n>player p1 {\"name\":\"Arriety1\",\"avatar\":\"169\",\"rating\":1145,\"seed\":[62707,50975,38463,56264]}\n>player p2 {\"name\":\"caapp\",\"avatar\":\"266\",\"rating\":1136,\"seed\":[20211,38648,56167,28361]}\n>p1 move flareblitz\n>p2 move uturn\n>p2 switch 6\n>p1 switch 2\n>p2 move waterpulse\n>p1 switch 4\n>p2 move dragonpulse\n>p1 move thunderwave\n>p2 move dragonpulse\n>p1 move psychicnoise\n>p2 move waterpulse\n>p1 switch 5\n>p1 move tidyup\n>p2 move aurasphere\n>p1 move tidyup\n>p2 switch 6\n>p1 move bite\n>p2 move defog\n>p2 switch 5\n>p1 move populationbomb\n>p2 move closecombat\n>p2 switch 4\n>p1 move populationbomb\n>p2 move knockoff\n>p2 switch 6\n>p1 move populationbomb\n>p2 move aurasphere\n>p2 switch 2\n>p1 move populationbomb\n>p2 move outrage\n>p2 switch 3\n>chat \u2606Arriety1|this is funny as fuck\n>p1 move populationbomb\n>p2 move machpunch\n>chat \u2606Arriety1|FUCKKKKK\n>p1 switch 6\n>chat \u2606Arriety1|DIE BITCH\n>p1 move crabhammer terastallize\n>p2 move grassknot", "uploadtime": 1733786373, "views": 1, "formatid": "gen9randombattle", "rating": null, "private": 0, "password": null}