{"id": "gen9randombattle-2169295031", "format": "[Gen 9] Random Battle", "players": ["divine.lathe", "Kumar1220"], "log": "|badge|p1|bronze|gen9randombattle|100-2\n|uhtml|medal-msg|<div class=\"broadcast-blue\">Curious what those medals under the avatar are? PS now has Ladder Seasons! For more information, check out the <a href=\"https://www.smogon.com/forums/threads/3740067/\">thread on Smogon.</a></div>\n|j|\u2606divine.lathe\n|j|\u2606Kumar1220\n|t:|1722223561\n|gametype|singles\n|player|p1|divine.lathe|unknownf|2396\n|player|p2|Kumar1220|dawn|2309\n|teamsize|p1|6\n|teamsize|p2|6\n|gen|9\n|tier|[Gen 9] Random Battle\n|rated|\n|rule|Species Clause: Limit one of each Pok\u00e9mon\n|rule|HP Percentage Mod: HP is shown in percentages\n|rule|Sleep Clause Mod: Limit one foe put to sleep\n|rule|Illusion Level Mod: Illusion disguises the Pok\u00e9mon's true level\n|\n|t:|1722223561\n|start\n|switch|p1a: Spidops|Spidops, L96, F|271/271\n|switch|p2a: Emboar|Emboar, L84, M|322/322\n|turn|1\n|\n|t:|1722223581\n|switch|p1a: Oricorio|Oricorio, L84, F|263/263\n|move|p2a: Emboar|Flare Blitz|p1a: Oricorio\n|-resisted|p1a: Oricorio\n|-damage|p1a: Oricorio|152/263\n|-damage|p2a: Emboar|285/322|[from] Recoil\n|\n|upkeep\n|turn|2\n|j| zzekrom1\n|\n|t:|1722223600\n|switch|p2a: Golduck|Golduck, L90, M|290/290\n|-ability|p2a: Golduck|Cloud Nine\n|move|p1a: Oricorio|Hurricane|p2a: Golduck|[miss]\n|-miss|p1a: Oricorio|p2a: Golduck\n|\n|upkeep\n|turn|3\n|\n|t:|1722223625\n|move|p2a: Golduck|Nasty Plot|p2a: Golduck\n|-boost|p2a: Golduck|spa|2\n|move|p1a: Oricorio|Hurricane|p2a: Golduck\n|-damage|p2a: Golduck|175/290\n|\n|upkeep\n|turn|4\n|\n|t:|1722223631\n|move|p1a: Oricorio|Hurricane|p2a: Golduck\n|-damage|p2a: Golduck|63/290\n|move|p2a: Golduck|Psyshock|p1a: Oricorio\n|-damage|p1a: Oricorio|0 fnt\n|faint|p1a: Oricorio\n|-damage|p2a: Golduck|34/290|[from] item: Life Orb\n|\n|upkeep\n|l| zzekrom1\n|\n|t:|1722223640\n|switch|p1a: Emboar|Emboar, L84, F|322/322\n|turn|5\n|\n|t:|1722223643\n|move|p1a: Emboar|Close Combat|p2a: Golduck\n|-crit|p2a: Golduck\n|-damage|p2a: Golduck|0 fnt\n|-unboost|p1a: Emboar|def|1\n|-unboost|p1a: Emboar|spd|1\n|faint|p2a: Golduck\n|\n|upkeep\n|\n|t:|1722223645\n|switch|p2a: Hypno|Hypno, L95, F|315/315\n|turn|6\n|\n|t:|1722223652\n|switch|p1a: Spidops|Spidops, L96, F|271/271\n|switch|p2a: Emboar|Emboar, L84, M|285/322\n|\n|upkeep\n|turn|7\n|\n|t:|1722223659\n|switch|p1a: Rhydon|Rhydon, L85, M|317/317\n|move|p2a: Emboar|Flare Blitz|p1a: Rhydon\n|-resisted|p1a: Rhydon\n|-damage|p1a: Rhydon|272/317\n|-status|p1a: Rhydon|brn\n|-damage|p2a: Emboar|270/322|[from] Recoil\n|\n|-damage|p1a: Rhydon|253/317 brn|[from] brn\n|upkeep\n|turn|8\n|\n|t:|1722223668\n|switch|p2a: Smeargle|Smeargle, L94, M|256/256\n|move|p1a: Rhydon|Earthquake|p2a: Smeargle\n|-damage|p2a: Smeargle|144/256\n|\n|-damage|p1a: Rhydon|234/317 brn|[from] brn\n|upkeep\n|turn|9\n|\n|t:|1722223672\n|move|p2a: Smeargle|Sticky Web|p1a: Rhydon\n|-sidestart|p1: divine.lathe|move: Sticky Web\n|move|p1a: Rhydon|Earthquake|p2a: Smeargle\n|-damage|p2a: Smeargle|22/256\n|\n|-damage|p1a: Rhydon|215/317 brn|[from] brn\n|upkeep\n|turn|10\n|\n|t:|1722223680\n|move|p2a: Smeargle|Ceaseless Edge|p1a: Rhydon\n|-damage|p1a: Rhydon|203/317 brn\n|-sidestart|p1: divine.lathe|Spikes\n|move|p1a: Rhydon|Earthquake|p2a: Smeargle\n|-damage|p2a: Smeargle|0 fnt\n|faint|p2a: Smeargle\n|\n|-damage|p1a: Rhydon|184/317 brn|[from] brn\n|upkeep\n|j| mfssonsofbitches\n|\n|t:|1722223699\n|switch|p2a: Hypno|Hypno, L95, F|315/315\n|turn|11\n|inactive|Battle timer is ON: inactive players will automatically lose when time's up. (requested by divine.lathe)\n|\n|t:|1722223702\n|move|p2a: Hypno|Psychic Noise|p1a: Rhydon\n|-damage|p1a: Rhydon|103/317 brn\n|-start|p1a: Rhydon|move: Heal Block\n|move|p1a: Rhydon|Megahorn|p2a: Hypno\n|-supereffective|p2a: Hypno\n|-damage|p2a: Hypno|195/315\n|\n|-heal|p2a: Hypno|214/315|[from] item: Leftovers\n|-damage|p1a: Rhydon|84/317 brn|[from] brn\n|upkeep\n|turn|12\n|\n|t:|1722223707\n|move|p2a: Hypno|Psychic Noise|p1a: Rhydon\n|-damage|p1a: Rhydon|2/317 brn\n|move|p1a: Rhydon|Earthquake|p2a: Hypno\n|-damage|p2a: Hypno|140/315\n|\n|-heal|p2a: Hypno|159/315|[from] item: Leftovers\n|-damage|p1a: Rhydon|0 fnt|[from] brn\n|faint|p1a: Rhydon\n|upkeep\n|c| mfssonsofbitches|this is peak\n|\n|t:|1722223714\n|switch|p1a: Spidops|Spidops, L96, F|271/271\n|-activate|p1a: Spidops|move: Sticky Web\n|-unboost|p1a: Spidops|spe|1\n|-damage|p1a: Spidops|238/271|[from] Spikes\n|turn|13\n|\n|t:|1722223731\n|switch|p2a: Emboar|Emboar, L84, M|270/322\n|move|p1a: Spidops|Sticky Web|p2a: Emboar\n|-sidestart|p2: Kumar1220|move: Sticky Web\n|\n|upkeep\n|turn|14\n|\n|t:|1722223743\n|move|p2a: Emboar|Head Smash|p1a: Spidops\n|-supereffective|p1a: Spidops\n|-damage|p1a: Spidops|0 fnt\n|faint|p1a: Spidops\n|-damage|p2a: Emboar|151/322|[from] Recoil\n|\n|upkeep\n|\n|t:|1722223755\n|switch|p1a: Emboar|Emboar, L84, F|322/322\n|-activate|p1a: Emboar|move: Sticky Web\n|-unboost|p1a: Emboar|spe|1\n|-damage|p1a: Emboar|282/322|[from] Spikes\n|turn|15\n|c| mfssonsofbitches|emboar vs emboar sticky webs vs sticky webs sigh\n|\n|t:|1722223765\n|move|p2a: Emboar|Head Smash|p1a: Emboar\n|-damage|p1a: Emboar|97/322\n|-damage|p2a: Emboar|58/322|[from] Recoil\n|move|p1a: Emboar|Close Combat|p2a: Emboar\n|-damage|p2a: Emboar|0 fnt\n|-unboost|p1a: Emboar|def|1\n|-unboost|p1a: Emboar|spd|1\n|faint|p2a: Emboar\n|\n|upkeep\n|\n|t:|1722223771\n|switch|p2a: Gyarados|Gyarados, L79, F|280/280\n|-ability|p2a: Gyarados|Intimidate|boost\n|-unboost|p1a: Emboar|atk|1\n|turn|16\n|\n|t:|1722223774\n|switch|p1a: Clawitzer|Clawitzer, L86, M|262/262\n|-activate|p1a: Clawitzer|move: Sticky Web\n|-unboost|p1a: Clawitzer|spe|1\n|-damage|p1a: Clawitzer|230/262|[from] Spikes\n|move|p2a: Gyarados|Dragon Dance|p2a: Gyarados\n|-boost|p2a: Gyarados|atk|1\n|-boost|p2a: Gyarados|spe|1\n|\n|upkeep\n|turn|17\n|c|\u2606divine.lathe|not my favourite matchup ever :<\n|c| mfssonsofbitches|its over if gya is tera flying\n|\n|t:|1722223804\n|-terastallize|p1a: Clawitzer|Dragon\n|move|p2a: Gyarados|Earthquake|p1a: Clawitzer\n|-damage|p1a: Clawitzer|113/262\n|move|p1a: Clawitzer|Dragon Pulse|p2a: Gyarados\n|-damage|p2a: Gyarados|54/280\n|\n|upkeep\n|turn|18\n|c| mfssonsofbitches|oh its still joever\n|c| mfssonsofbitches|eq has 31.3% chance to kill\n|\n|t:|1722223817\n|move|p2a: Gyarados|Earthquake|p1a: Clawitzer\n|-damage|p1a: Clawitzer|1/262\n|move|p1a: Clawitzer|Dragon Pulse|p2a: Gyarados\n|-damage|p2a: Gyarados|0 fnt\n|faint|p2a: Gyarados\n|\n|upkeep\n|c| mfssonsofbitches|up to this now\n|\n|t:|1722223823\n|switch|p2a: Hypno|Hypno, L95, F|159/315\n|-activate|p2a: Hypno|move: Sticky Web\n|-unboost|p2a: Hypno|spe|1\n|turn|19\n|\n|t:|1722223828\n|move|p2a: Hypno|Protect|p2a: Hypno\n|-singleturn|p2a: Hypno|Protect\n|move|p1a: Clawitzer|Dragon Pulse|p2a: Hypno\n|-activate|p2a: Hypno|move: Protect\n|\n|-heal|p2a: Hypno|178/315|[from] item: Leftovers\n|upkeep\n|turn|20\n|\n|t:|1722223832\n|move|p2a: Hypno|Psychic Noise|p1a: Clawitzer\n|-damage|p1a: Clawitzer|0 fnt\n|faint|p1a: Clawitzer\n|\n|-heal|p2a: Hypno|197/315|[from] item: Leftovers\n|upkeep\n|\n|t:|1722223853\n|switch|p1a: Emboar|Emboar, L84, F|97/322\n|-activate|p1a: Emboar|move: Sticky Web\n|-unboost|p1a: Emboar|spe|1\n|-damage|p1a: Emboar|57/322|[from] Spikes\n|turn|21\n|\n|t:|1722223855\n|move|p2a: Hypno|Protect|p2a: Hypno\n|-singleturn|p2a: Hypno|Protect\n|move|p1a: Emboar|Flare Blitz|p2a: Hypno\n|-activate|p2a: Hypno|move: Protect\n|\n|-heal|p2a: Hypno|216/315|[from] item: Leftovers\n|upkeep\n|turn|22\n|\n|t:|1722223859\n|move|p1a: Emboar|Flare Blitz|p2a: Hypno\n|-crit|p2a: Hypno\n|-damage|p2a: Hypno|0 fnt\n|faint|p2a: Hypno\n|-damage|p1a: Emboar|0 fnt|[from] Recoil\n|faint|p1a: Emboar\n|\n|upkeep\n|\n|t:|1722223862\n|switch|p2a: Oricorio|Oricorio-Pom-Pom, L82, F|257/257\n|switch|p1a: Gallade|Gallade, L82, M|246/246\n|-activate|p1a: Gallade|move: Sticky Web\n|-unboost|p1a: Gallade|spe|1\n|-damage|p1a: Gallade|216/246|[from] Spikes\n|turn|23\n|\n|t:|1722223875\n|move|p2a: Oricorio|Hurricane|p1a: Gallade|[miss]\n|-miss|p2a: Oricorio|p1a: Gallade\n|move|p1a: Gallade|Psycho Cut|p2a: Oricorio\n|-damage|p2a: Oricorio|49/257\n|-damage|p1a: Gallade|192/246|[from] item: Life Orb\n|\n|upkeep\n|turn|24\n|c| mfssonsofbitches|holy man that crit, max roll was 66%\n|\n|t:|1722223880\n|move|p2a: Oricorio|Hurricane|p1a: Gallade\n|-supereffective|p1a: Gallade\n|-damage|p1a: Gallade|4/246\n|move|p1a: Gallade|Psycho Cut|p2a: Oricorio\n|-damage|p2a: Oricorio|0 fnt\n|faint|p2a: Oricorio\n|-damage|p1a: Gallade|0 fnt|[from] item: Life Orb\n|faint|p1a: Gallade\n|\n|win|divine.lathe\n|raw|divine.lathe's rating: 2396 &rarr; <strong>2411</strong><br />(+15 for winning)\n|raw|Kumar1220's rating: 2309 &rarr; <strong>2294</strong><br />(-15 for losing)\n|c|\u2606divine.lathe|insane\n|c|\u2606divine.lathe|gg\n|l|\u2606Kumar1220\n|player|p2|\n|c| mfssonsofbitches|gg\n|c| mfssonsofbitches|zamn\n", "inputlog": ">version 3c8c0ba6a3441824201ce9f0cf68dcc094963845\n>start {\"formatid\":\"gen9randombattle\",\"seed\":[12698,12892,9777,33554],\"rated\":\"Rated battle\"}\n>player p1 {\"name\":\"divine.lathe\",\"avatar\":\"unknownf\",\"rating\":2396,\"seed\":[7289,47609,32172,9369]}\n>player p2 {\"name\":\"Kumar1220\",\"avatar\":\"dawn\",\"rating\":2309,\"seed\":[58638,13411,43007,29091]}\n>p1 switch 2\n>p2 move flareblitz\n>p1 move hurricane\n>p2 switch 2\n>p1 move hurricane\n>p2 move nastyplot\n>p1 move hurricane\n>p2 move psyshock\n>p1 switch 4\n>p1 move closecombat\n>p2 move psyshock\n>p2 switch 5\n>p1 switch 2\n>p2 switch 2\n>p1 switch 5\n>p2 move flareblitz\n>p1 move earthquake\n>p2 switch 3\n>p1 move earthquake\n>p2 move stickyweb\n>p1 move earthquake\n>p2 move ceaselessedge\n>p2 switch 2\n>p1 move megahorn\n>p2 move psychicnoise\n>p1 move earthquake\n>p2 move psychicnoise\n>chat  mfssonsofbitches|this is peak\n>p1 switch 5\n>p1 move stickyweb\n>p2 switch 3\n>p1 move spikes\n>p2 move headsmash\n>p1 switch 2\n>chat  mfssonsofbitches|emboar vs emboar sticky webs vs sticky webs sigh\n>p1 move closecombat\n>p2 move headsmash\n>p2 switch 6\n>p1 switch 3\n>p2 move dragondance\n>chat \u2606divine.lathe|not my favourite matchup ever :<\n>chat  mfssonsofbitches|its over if gya is tera flying\n>p1 move dragonpulse terastallize\n>p2 move earthquake\n>chat  mfssonsofbitches|oh its still joever\n>chat  mfssonsofbitches|eq has 31.3% chance to kill\n>p1 move dragonpulse\n>p2 move earthquake\n>chat  mfssonsofbitches|up to this now\n>p2 switch 3\n>p1 move dragonpulse\n>p2 move protect\n>p1 move dragonpulse\n>p2 move psychicnoise\n>p1 switch 3\n>p1 move flareblitz\n>p2 move protect\n>p1 move flareblitz\n>p2 move psychicnoise\n>p1 switch 6\n>p2 switch 4\n>p1 move psychocut\n>p2 move hurricane\n>chat  mfssonsofbitches|holy man that crit, max roll was 66%\n>p1 move psychocut\n>p2 move hurricane", "uploadtime": 1722223895, "views": 156, "formatid": "gen9randombattle", "rating": 2294, "private": 0, "password": null}