{"id": "gen9randombattle-2259890465", "format": "[Gen 9] Random Battle", "players": ["king jot", "SteakBeater"], "log": "|j|\u2606king jot\n|j|\u2606SteakBeater\n|t:|1733776928\n|gametype|singles\n|player|p1|king jot|swimmerf|\n|player|p2|SteakBeater|1|\n|teamsize|p1|6\n|teamsize|p2|6\n|gen|9\n|tier|[Gen 9] Random Battle\n|rule|Species Clause: Limit one of each Pok\u00e9mon\n|rule|HP Percentage Mod: HP is shown in percentages\n|rule|Sleep Clause Mod: Limit one foe put to sleep\n|rule|Illusion Level Mod: Illusion disguises the Pok\u00e9mon's true level\n|\n|t:|1733776928\n|start\n|switch|p1a: Zarude|Zarude, L78|292/292\n|switch|p2a: Ariados|Ariados, L95, F|287/287\n|turn|1\n|\n|t:|1733776939\n|move|p1a: Zarude|U-turn|p2a: Ariados\n|-resisted|p2a: Ariados\n|-damage|p2a: Ariados|258/287\n|\n|t:|1733776947\n|switch|p1a: Drifblim|Drifblim, L86, F|396/396|[from] U-turn\n|move|p2a: Ariados|Megahorn|p1a: Drifblim|[miss]\n|-miss|p2a: Ariados|p1a: Drifblim\n|\n|upkeep\n|turn|2\n|\n|t:|1733776957\n|move|p1a: Drifblim|Calm Mind|p1a: Drifblim\n|-boost|p1a: Drifblim|spa|1\n|-boost|p1a: Drifblim|spd|1\n|move|p2a: Ariados|Toxic Spikes|p1a: Drifblim\n|-sidestart|p1: king jot|move: Toxic Spikes\n|\n|upkeep\n|turn|3\n|\n|t:|1733776964\n|move|p1a: Drifblim|Calm Mind|p1a: Drifblim\n|-boost|p1a: Drifblim|spa|1\n|-boost|p1a: Drifblim|spd|1\n|move|p2a: Ariados|Toxic Spikes|p1a: Drifblim\n|-sidestart|p1: king jot|move: Toxic Spikes\n|\n|upkeep\n|turn|4\n|\n|t:|1733776968\n|move|p1a: Drifblim|Calm Mind|p1a: Drifblim\n|-boost|p1a: Drifblim|spa|1\n|-boost|p1a: Drifblim|spd|1\n|move|p2a: Ariados|Toxic Spikes||[still]\n|-fail|p2a: Ariados\n|\n|upkeep\n|turn|5\n|\n|t:|1733776985\n|switch|p2a: Lilligant|Lilligant-Hisui, L79, F|240/240\n|move|p1a: Drifblim|Calm Mind|p1a: Drifblim\n|-boost|p1a: Drifblim|spa|1\n|-boost|p1a: Drifblim|spd|1\n|\n|upkeep\n|turn|6\n|\n|t:|1733776992\n|move|p2a: Lilligant|Ice Spinner|p1a: Drifblim\n|-supereffective|p1a: Drifblim\n|-damage|p1a: Drifblim|53/396\n|-enditem|p1a: Drifblim|Sitrus Berry|[eat]\n|-heal|p1a: Drifblim|152/396|[from] item: Sitrus Berry\n|-damage|p2a: Lilligant|216/240|[from] item: Life Orb\n|move|p1a: Drifblim|Air Slash|p2a: Lilligant\n|-supereffective|p2a: Lilligant\n|-crit|p2a: Lilligant\n|-damage|p2a: Lilligant|0 fnt\n|faint|p2a: Lilligant\n|\n|upkeep\n|\n|t:|1733777007\n|switch|p2a: Cresselia|Cresselia, L80, F|323/323\n|turn|7\n|\n|t:|1733777011\n|move|p1a: Drifblim|Shadow Ball|p2a: Cresselia\n|-supereffective|p2a: Cresselia\n|-damage|p2a: Cresselia|0 fnt\n|faint|p2a: Cresselia\n|\n|upkeep\n|\n|t:|1733777013\n|switch|p2a: Grumpig|Grumpig, L92, F|297/297\n|turn|8\n|\n|t:|1733777018\n|move|p1a: Drifblim|Shadow Ball|p2a: Grumpig\n|-supereffective|p2a: Grumpig\n|-damage|p2a: Grumpig|0 fnt\n|faint|p2a: Grumpig\n|\n|upkeep\n|\n|t:|1733777021\n|switch|p2a: Dudunsparce|Dudunsparce-Three-Segment, L83, M|343/343\n|turn|9\n|\n|t:|1733777030\n|move|p1a: Drifblim|Strength Sap|p2a: Dudunsparce\n|-unboost|p2a: Dudunsparce|atk|1\n|-heal|p1a: Drifblim|366/396\n|move|p2a: Dudunsparce|Glare|p1a: Drifblim\n|-status|p1a: Drifblim|par\n|\n|upkeep\n|turn|10\n|\n|t:|1733777039\n|switch|p2a: Klefki|Klefki, L84, F|233/233\n|move|p1a: Drifblim|Air Slash|p2a: Klefki\n|-resisted|p2a: Klefki\n|-damage|p2a: Klefki|115/233\n|\n|-heal|p2a: Klefki|129/233|[from] item: Leftovers\n|upkeep\n|turn|11\n|\n|t:|1733777043\n|move|p1a: Drifblim|Shadow Ball|p2a: Klefki\n|-damage|p2a: Klefki|0 fnt\n|faint|p2a: Klefki\n|\n|upkeep\n|\n|t:|1733777046\n|switch|p2a: Dudunsparce|Dudunsparce-Three-Segment, L83, M|343/343\n|turn|12\n|\n|t:|1733777049\n|cant|p1a: Drifblim|par\n|move|p2a: Dudunsparce|Earthquake|p1a: Drifblim\n|-immune|p1a: Drifblim\n|\n|upkeep\n|turn|13\n|\n|t:|1733777052\n|switch|p2a: Ariados|Ariados, L95, F|258/287\n|move|p1a: Drifblim|Air Slash|p2a: Ariados|[miss]\n|-miss|p1a: Drifblim|p2a: Ariados\n|\n|upkeep\n|turn|14\n|\n|t:|1733777056\n|move|p1a: Drifblim|Air Slash|p2a: Ariados\n|-supereffective|p2a: Ariados\n|-damage|p2a: Ariados|0 fnt\n|faint|p2a: Ariados\n|\n|upkeep\n|\n|t:|1733777059\n|switch|p2a: Dudunsparce|Dudunsparce-Three-Segment, L83, M|343/343\n|turn|15\n|\n|t:|1733777062\n|move|p1a: Drifblim|Air Slash|p2a: Dudunsparce\n|-damage|p2a: Dudunsparce|94/343\n|move|p2a: Dudunsparce|Headbutt|p1a: Drifblim\n|-immune|p1a: Drifblim\n|\n|-heal|p2a: Dudunsparce|115/343|[from] item: Leftovers\n|upkeep\n|turn|16\n|-message|SteakBeater forfeited.\n|\n|win|king jot\n|l|\u2606SteakBeater\n|player|p2|\n", "inputlog": ">version bfd83cad13791eb5a5a409923076391caf6fb4d4\n>start {\"formatid\":\"gen9randombattle\",\"seed\":[37341,61207,44641,44327]}\n>player p1 {\"name\":\"king jot\",\"avatar\":\"swimmerf\",\"rating\":0,\"seed\":[51313,55594,39892,28622]}\n>player p2 {\"name\":\"SteakBeater\",\"avatar\":\"1\",\"rating\":0,\"seed\":[49816,11877,61654,34751]}\n>p1 move uturn\n>p2 move megahorn\n>p1 switch 6\n>p1 move calmmind\n>p2 move toxicspikes\n>p1 move calmmind\n>p2 move toxicspikes\n>p1 move calmmind\n>p2 move toxicspikes\n>p1 move calmmind\n>p2 switch 6\n>p1 move airslash\n>p2 move icespinner\n>p2 switch 2\n>p1 move shadowball\n>p2 move psyshock\n>p2 switch 3\n>p1 move shadowball\n>p2 move shadowball\n>p2 switch 4\n>p1 move strengthsap\n>p2 move glare\n>p1 move airslash\n>p2 switch 5\n>p1 move shadowball\n>p2 move playrough\n>p2 switch 5\n>p1 move airslash\n>p2 move earthquake\n>p1 move airslash\n>p2 switch 6\n>p1 move airslash\n>p2 move poisonjab\n>p2 switch 6\n>p1 move airslash\n>p2 move headbutt\n>forcelose p2", "uploadtime": 1733777069, "views": 1, "formatid": "gen9randombattle", "rating": null, "private": 0, "password": null}