{"id": "gen9randombattle-2260423211", "format": "[Gen 9] Random Battle", "players": ["bruce_pottr", "StuartF1994"], "log": "|j|\u2606bruce_pottr\n|j|\u2606StuartF1994\n|t:|1733850177\n|gametype|singles\n|player|p1|bruce_pottr|cheryl|1586\n|player|p2|StuartF1994|265|1587\n|teamsize|p1|6\n|teamsize|p2|6\n|gen|9\n|tier|[Gen 9] Random Battle\n|rated|\n|rule|Species Clause: Limit one of each Pok\u00e9mon\n|rule|HP Percentage Mod: HP is shown in percentages\n|rule|Sleep Clause Mod: Limit one foe put to sleep\n|rule|Illusion Level Mod: Illusion disguises the Pok\u00e9mon's true level\n|\n|t:|1733850177\n|start\n|switch|p1a: Sableye|Sableye, L89, M|234/234\n|switch|p2a: Raging Bolt|Raging Bolt, L78|323/323\n|turn|1\n|inactive|Battle timer is ON: inactive players will automatically lose when time's up. (requested by bruce_pottr)\n|\n|t:|1733850186\n|move|p2a: Raging Bolt|Volt Switch|p1a: Sableye\n|-damage|p1a: Sableye|126/234\n|\n|t:|1733850197\n|-end|p2a: Raging Bolt|Protosynthesis|[silent]\n|switch|p2a: Electrode|Electrode, L92|260/260|[from] Volt Switch\n|move|p1a: Sableye|Knock Off|p2a: Electrode\n|-damage|p2a: Electrode|158/260\n|-enditem|p2a: Electrode|Life Orb|[from] move: Knock Off|[of] p1a: Sableye\n|\n|-heal|p1a: Sableye|140/234|[from] item: Leftovers\n|upkeep\n|turn|2\n|\n|t:|1733850217\n|move|p1a: Sableye|Will-O-Wisp|p2a: Electrode|[miss]\n|-miss|p1a: Sableye|p2a: Electrode\n|move|p2a: Electrode|Thunderbolt|p1a: Sableye\n|-damage|p1a: Sableye|26/234\n|\n|-heal|p1a: Sableye|40/234|[from] item: Leftovers\n|upkeep\n|turn|3\n|\n|t:|1733850229\n|switch|p1a: Sinistcha|Sinistcha, L83|254/254\n|move|p2a: Electrode|Thunderbolt|p1a: Sinistcha\n|-resisted|p1a: Sinistcha\n|-damage|p1a: Sinistcha|203/254\n|\n|-heal|p1a: Sinistcha|218/254|[from] item: Leftovers\n|upkeep\n|turn|4\n|\n|t:|1733850235\n|move|p2a: Electrode|Taunt|p1a: Sinistcha\n|-start|p1a: Sinistcha|move: Taunt\n|cant|p1a: Sinistcha|move: Taunt|Calm Mind\n|\n|-heal|p1a: Sinistcha|233/254|[from] item: Leftovers\n|upkeep\n|turn|5\n|\n|t:|1733850243\n|move|p2a: Electrode|Volt Switch|p1a: Sinistcha\n|-resisted|p1a: Sinistcha\n|-damage|p1a: Sinistcha|189/254\n|\n|t:|1733850245\n|switch|p2a: Virizion|Virizion, L82|283/283|[from] Volt Switch\n|move|p1a: Sinistcha|Matcha Gotcha|p2a: Virizion\n|-resisted|p2a: Virizion\n|-damage|p2a: Virizion|247/283\n|-heal|p1a: Sinistcha|207/254|[from] drain|[of] p2a: Virizion\n|-status|p2a: Virizion|brn\n|\n|-heal|p1a: Sinistcha|222/254|[from] item: Leftovers\n|-damage|p2a: Virizion|230/283 brn|[from] brn\n|upkeep\n|turn|6\n|inactive|bruce_pottr has 120 seconds left.\n|\n|t:|1733850289\n|switch|p2a: Emboar|Emboar, L84, F|322/322\n|switch|p1a: Kingdra|Kingdra, L84, M|263/263\n|\n|upkeep\n|turn|7\n|\n|t:|1733850298\n|move|p2a: Emboar|Head Smash|p1a: Kingdra\n|-crit|p1a: Kingdra\n|-damage|p1a: Kingdra|29/263\n|-damage|p2a: Emboar|205/322|[from] Recoil\n|move|p1a: Kingdra|Rain Dance|p1a: Kingdra\n|-weather|RainDance\n|\n|-weather|RainDance|[upkeep]\n|upkeep\n|turn|8\n|inactive|bruce_pottr has 120 seconds left.\n|\n|t:|1733850306\n|move|p1a: Kingdra|Hurricane|p2a: Emboar\n|-supereffective|p2a: Emboar\n|-damage|p2a: Emboar|0 fnt\n|faint|p2a: Emboar\n|-damage|p1a: Kingdra|3/263|[from] item: Life Orb\n|\n|-weather|RainDance|[upkeep]\n|upkeep\n|\n|t:|1733850315\n|switch|p2a: Raging Bolt|Raging Bolt, L78|323/323\n|turn|9\n|inactive|bruce_pottr has 120 seconds left.\n|\n|t:|1733850338\n|move|p1a: Kingdra|Draco Meteor|p2a: Raging Bolt\n|-supereffective|p2a: Raging Bolt\n|-damage|p2a: Raging Bolt|71/323\n|-unboost|p1a: Kingdra|spa|2\n|-damage|p1a: Kingdra|0 fnt|[from] item: Life Orb\n|faint|p1a: Kingdra\n|move|p2a: Raging Bolt|Volt Switch|p1: Kingdra|[notarget]\n|-fail|p2a: Raging Bolt\n|\n|-weather|RainDance|[upkeep]\n|upkeep\n|\n|t:|1733850348\n|switch|p1a: Sableye|Sableye, L89, M|40/234\n|turn|10\n|\n|t:|1733850351\n|move|p1a: Sableye|Recover|p1a: Sableye\n|-heal|p1a: Sableye|157/234\n|move|p2a: Raging Bolt|Thunderbolt|p1a: Sableye\n|-damage|p1a: Sableye|27/234\n|\n|-weather|RainDance|[upkeep]\n|-heal|p1a: Sableye|41/234|[from] item: Leftovers\n|upkeep\n|turn|11\n|\n|t:|1733850360\n|switch|p1a: Sinistcha|Sinistcha, L83|222/254\n|move|p2a: Raging Bolt|Volt Switch|p1a: Sinistcha\n|-resisted|p1a: Sinistcha\n|-crit|p1a: Sinistcha\n|-damage|p1a: Sinistcha|146/254\n|\n|t:|1733850372\n|-end|p2a: Raging Bolt|Protosynthesis|[silent]\n|switch|p2a: Kingdra|Kingdra, L84, M|263/263|[from] Volt Switch\n|\n|-weather|none\n|-heal|p1a: Sinistcha|161/254|[from] item: Leftovers\n|upkeep\n|turn|12\n|\n|t:|1733850378\n|move|p2a: Kingdra|Dragon Dance|p2a: Kingdra\n|-boost|p2a: Kingdra|atk|1\n|-boost|p2a: Kingdra|spe|1\n|move|p1a: Sinistcha|Strength Sap|p2a: Kingdra\n|-unboost|p2a: Kingdra|atk|1\n|-heal|p1a: Sinistcha|254/254\n|\n|upkeep\n|turn|13\n|\n|t:|1733850385\n|switch|p2a: Electrode|Electrode, L92|158/260\n|move|p1a: Sinistcha|Matcha Gotcha|p2a: Electrode\n|-damage|p2a: Electrode|58/260\n|\n|upkeep\n|turn|14\n|\n|t:|1733850389\n|move|p2a: Electrode|Taunt|p1a: Sinistcha\n|-start|p1a: Sinistcha|move: Taunt\n|move|p1a: Sinistcha|Matcha Gotcha|p2a: Electrode\n|-damage|p2a: Electrode|0 fnt\n|faint|p2a: Electrode\n|\n|upkeep\n|\n|t:|1733850395\n|switch|p2a: Zacian|Zacian, L69|241/241\n|-ability|p2a: Zacian|Intrepid Sword|boost\n|-boost|p2a: Zacian|atk|1\n|turn|15\n|\n|t:|1733850399\n|move|p2a: Zacian|Crunch|p1a: Sinistcha\n|-supereffective|p1a: Sinistcha\n|-damage|p1a: Sinistcha|88/254\n|-damage|p2a: Zacian|217/241|[from] item: Life Orb\n|move|p1a: Sinistcha|Matcha Gotcha|p2a: Zacian\n|-damage|p2a: Zacian|120/241\n|-heal|p1a: Sinistcha|137/254|[from] drain|[of] p2a: Zacian\n|\n|-heal|p1a: Sinistcha|152/254|[from] item: Leftovers\n|upkeep\n|turn|16\n|\n|t:|1733850408\n|move|p2a: Zacian|Crunch|p1a: Sinistcha\n|-supereffective|p1a: Sinistcha\n|-damage|p1a: Sinistcha|0 fnt\n|faint|p1a: Sinistcha\n|-damage|p2a: Zacian|96/241|[from] item: Life Orb\n|\n|upkeep\n|\n|t:|1733850410\n|switch|p1a: Sableye|Sableye, L89, M|41/234\n|turn|17\n|\n|t:|1733850416\n|switch|p2a: Virizion|Virizion, L82|230/283 brn\n|move|p1a: Sableye|Will-O-Wisp|p2a: Virizion\n|-fail|p2a: Virizion|brn\n|\n|-heal|p1a: Sableye|55/234|[from] item: Leftovers\n|-damage|p2a: Virizion|213/283 brn|[from] brn\n|upkeep\n|turn|18\n|\n|t:|1733850422\n|move|p1a: Sableye|Recover|p1a: Sableye\n|-heal|p1a: Sableye|172/234\n|move|p2a: Virizion|Leaf Blade|p1a: Sableye\n|-crit|p1a: Sableye\n|-damage|p1a: Sableye|84/234\n|-damage|p2a: Virizion|185/283 brn|[from] item: Life Orb\n|\n|-heal|p1a: Sableye|98/234|[from] item: Leftovers\n|-damage|p2a: Virizion|168/283 brn|[from] brn\n|upkeep\n|turn|19\n|\n|t:|1733850431\n|move|p1a: Sableye|Recover|p1a: Sableye\n|-heal|p1a: Sableye|215/234\n|move|p2a: Virizion|Leaf Blade|p1a: Sableye\n|-damage|p1a: Sableye|151/234\n|-damage|p2a: Virizion|140/283 brn|[from] item: Life Orb\n|\n|-heal|p1a: Sableye|165/234|[from] item: Leftovers\n|-damage|p2a: Virizion|123/283 brn|[from] brn\n|upkeep\n|turn|20\n|\n|t:|1733850445\n|switch|p1a: Ninetales|Ninetales, L85, M|263/263\n|-weather|SunnyDay|[from] ability: Drought|[of] p1a: Ninetales\n|move|p2a: Virizion|Leaf Blade|p1a: Ninetales\n|-resisted|p1a: Ninetales\n|-damage|p1a: Ninetales|232/263\n|-damage|p2a: Virizion|95/283 brn|[from] item: Life Orb\n|\n|-weather|SunnyDay|[upkeep]\n|-damage|p2a: Virizion|78/283 brn|[from] brn\n|upkeep\n|turn|21\n|\n|t:|1733850458\n|move|p2a: Virizion|Stone Edge|p1a: Ninetales\n|-supereffective|p1a: Ninetales\n|-crit|p1a: Ninetales\n|-damage|p1a: Ninetales|96/263\n|-damage|p2a: Virizion|50/283 brn|[from] item: Life Orb\n|move|p1a: Ninetales|Scorching Sands|p2a: Virizion\n|-resisted|p2a: Virizion\n|-damage|p2a: Virizion|33/283 brn\n|\n|-weather|SunnyDay|[upkeep]\n|-damage|p2a: Virizion|16/283 brn|[from] brn\n|upkeep\n|turn|22\n|\n|t:|1733850464\n|switch|p1a: Sableye|Sableye, L89, M|165/234\n|move|p2a: Virizion|Stone Edge|p1a: Sableye|[miss]\n|-miss|p2a: Virizion|p1a: Sableye\n|\n|-weather|SunnyDay|[upkeep]\n|-heal|p1a: Sableye|179/234|[from] item: Leftovers\n|-damage|p2a: Virizion|0 fnt|[from] brn\n|faint|p2a: Virizion\n|upkeep\n|\n|t:|1733850470\n|switch|p2a: Raging Bolt|Raging Bolt, L78|71/323\n|-activate|p2a: Raging Bolt|ability: Protosynthesis\n|-start|p2a: Raging Bolt|protosynthesisspa\n|turn|23\n|\n|t:|1733850476\n|move|p2a: Raging Bolt|Thunderbolt|p1a: Sableye\n|-damage|p1a: Sableye|11/234\n|move|p1a: Sableye|Knock Off|p2a: Raging Bolt\n|-damage|p2a: Raging Bolt|0 fnt\n|-enditem|p2a: Raging Bolt|Assault Vest|[from] move: Knock Off|[of] p1a: Sableye\n|faint|p2a: Raging Bolt\n|-end|p2a: Raging Bolt|Protosynthesis|[silent]\n|\n|-weather|SunnyDay|[upkeep]\n|-heal|p1a: Sableye|25/234|[from] item: Leftovers\n|upkeep\n|\n|t:|1733850482\n|switch|p2a: Kingdra|Kingdra, L84, M|263/263\n|turn|24\n|\n|t:|1733850489\n|move|p1a: Sableye|Recover|p1a: Sableye\n|-heal|p1a: Sableye|142/234\n|move|p2a: Kingdra|Outrage|p1a: Sableye\n|-damage|p1a: Sableye|4/234\n|\n|-weather|none\n|-heal|p1a: Sableye|18/234|[from] item: Leftovers\n|upkeep\n|turn|25\n|\n|t:|1733850497\n|move|p1a: Sableye|Will-O-Wisp|p2a: Kingdra\n|-status|p2a: Kingdra|brn\n|-enditem|p2a: Kingdra|Lum Berry|[eat]\n|-curestatus|p2a: Kingdra|brn|[msg]\n|move|p2a: Kingdra|Outrage|p1a: Sableye|[from]lockedmove\n|-damage|p1a: Sableye|0 fnt\n|faint|p1a: Sableye\n|-start|p2a: Kingdra|confusion|[fatigue]\n|\n|upkeep\n|\n|t:|1733850504\n|switch|p1a: Ninetales|Ninetales, L85, M|96/263\n|-weather|SunnyDay|[from] ability: Drought|[of] p1a: Ninetales\n|turn|26\n|\n|t:|1733850515\n|move|p1a: Ninetales|Fire Blast|p2a: Kingdra\n|-resisted|p2a: Kingdra\n|-damage|p2a: Kingdra|225/263\n|-activate|p2a: Kingdra|confusion\n|-damage|p2a: Kingdra|198/263|[from] confusion\n|\n|-weather|SunnyDay|[upkeep]\n|upkeep\n|turn|27\n|\n|t:|1733850522\n|move|p1a: Ninetales|Solar Beam||[still]\n|-prepare|p1a: Ninetales|Solar Beam\n|-anim|p1a: Ninetales|Solar Beam|p2a: Kingdra\n|-damage|p2a: Kingdra|129/263\n|-activate|p2a: Kingdra|confusion\n|move|p2a: Kingdra|Wave Crash|p1a: Ninetales\n|-supereffective|p1a: Ninetales\n|-damage|p1a: Ninetales|0 fnt\n|faint|p1a: Ninetales\n|-damage|p2a: Kingdra|97/263|[from] Recoil\n|\n|-weather|SunnyDay|[upkeep]\n|upkeep\n|\n|t:|1733850534\n|switch|p1a: Klawf|Klawf, L90, M|272/272\n|turn|28\n|\n|t:|1733850554\n|-end|p2a: Kingdra|confusion\n|move|p2a: Kingdra|Waterfall|p1a: Klawf\n|-supereffective|p1a: Klawf\n|-enditem|p1a: Klawf|Passho Berry|[eat]\n|-enditem|p1a: Klawf|Passho Berry|[weaken]\n|-damage|p1a: Klawf|242/272\n|move|p1a: Klawf|Swords Dance|p1a: Klawf\n|-boost|p1a: Klawf|atk|2\n|\n|-weather|SunnyDay|[upkeep]\n|upkeep\n|turn|29\n|\n|t:|1733850566\n|move|p2a: Kingdra|Waterfall|p1a: Klawf\n|-supereffective|p1a: Klawf\n|-damage|p1a: Klawf|180/272\n|move|p1a: Klawf|High Horsepower|p2a: Kingdra\n|-damage|p2a: Kingdra|0 fnt\n|faint|p2a: Kingdra\n|\n|-weather|SunnyDay|[upkeep]\n|upkeep\n|\n|t:|1733850571\n|switch|p2a: Zacian|Zacian, L69|96/241\n|turn|30\n|\n|t:|1733850577\n|-terastallize|p2a: Zacian|Fighting\n|move|p2a: Zacian|Close Combat|p1a: Klawf\n|-supereffective|p1a: Klawf\n|-damage|p1a: Klawf|0 fnt\n|-unboost|p2a: Zacian|def|1\n|-unboost|p2a: Zacian|spd|1\n|faint|p1a: Klawf\n|-damage|p2a: Zacian|72/241|[from] item: Life Orb\n|\n|-weather|none\n|upkeep\n|\n|t:|1733850584\n|switch|p1a: Baxcalibur|Baxcalibur, L75, F|295/295\n|turn|31\n|\n|t:|1733850591\n|-terastallize|p1a: Baxcalibur|Ground\n|move|p1a: Baxcalibur|Ice Shard|p2a: Zacian\n|-damage|p2a: Zacian|0 fnt\n|faint|p2a: Zacian\n|\n|win|bruce_pottr\n|raw|bruce_pottr's rating: 1586 &rarr; <strong>1606</strong><br />(+20 for winning)\n|raw|StuartF1994's rating: 1587 &rarr; <strong>1567</strong><br />(-20 for losing)\n|l|\u2606StuartF1994\n|player|p2|\n", "inputlog": ">version bfd83cad13791eb5a5a409923076391caf6fb4d4\n>start {\"formatid\":\"gen9randombattle\",\"seed\":[3971,42989,36189,35424],\"rated\":\"Rated battle\"}\n>player p1 {\"name\":\"bruce_pottr\",\"avatar\":\"cheryl\",\"rating\":1586,\"seed\":[26072,35432,54213,21736]}\n>player p2 {\"name\":\"StuartF1994\",\"avatar\":\"265\",\"rating\":1587,\"seed\":[16565,9400,17844,6280]}\n>p1 move knockoff\n>p2 move voltswitch\n>p2 switch 2\n>p1 move willowisp\n>p2 move thunderbolt\n>p1 switch 5\n>p2 move thunderbolt\n>p1 move calmmind\n>p2 move taunt\n>p1 move matchagotcha\n>p2 move voltswitch\n>p2 switch 4\n>p1 switch 6\n>p2 switch 3\n>p1 move raindance\n>p2 move headsmash\n>p1 move hurricane\n>p2 move headsmash\n>p2 switch 2\n>p1 move dracometeor\n>p2 move voltswitch\n>p1 switch 5\n>p1 move recover\n>p2 move thunderbolt\n>p1 switch 6\n>p2 move voltswitch\n>p2 switch 6\n>p1 move strengthsap\n>p2 move dragondance\n>p1 move matchagotcha\n>p2 switch 4\n>p1 move matchagotcha\n>p2 move taunt\n>p2 switch 5\n>p1 move matchagotcha\n>p2 move crunch\n>p1 move matchagotcha\n>p2 move crunch\n>p1 switch 6\n>p1 move willowisp\n>p2 switch 3\n>p1 move recover\n>p2 move leafblade\n>p1 move recover\n>p2 move leafblade\n>p1 switch 3\n>p2 move leafblade\n>p1 move scorchingsands\n>p2 move stoneedge\n>p1 switch 3\n>p2 move stoneedge\n>p2 switch 6\n>p1 move knockoff\n>p2 move thunderbolt\n>p2 switch 4\n>p1 move recover\n>p2 move outrage\n>p1 move willowisp\n>p2 move outrage\n>p1 switch 3\n>p1 move fireblast\n>p2 move wavecrash\n>p1 move solarbeam\n>p2 move wavecrash\n>p1 switch 2\n>p1 move swordsdance\n>p2 move waterfall\n>p1 move highhorsepower\n>p2 move waterfall\n>p2 switch 3\n>p1 move highhorsepower\n>p2 move closecombat terastallize\n>p1 switch 4\n>p1 move iceshard terastallize\n>p2 move closecombat", "uploadtime": 1733850604, "views": 2, "formatid": "gen9randombattle", "rating": 1567, "private": 0, "password": null}