{"id": "gen9randombattle-2260433248", "format": "[Gen 9] Random Battle", "players": ["ballskazoo", "Spekulatiuskekse"], "log": "|j|\u2606ballskazoo\n|j|\u2606Spekulatiuskekse\n|t:|1733851145\n|gametype|singles\n|player|p1|ballskazoo|170|1516\n|player|p2|Spekulatiuskekse|eusine|1516\n|teamsize|p1|6\n|teamsize|p2|6\n|gen|9\n|tier|[Gen 9] Random Battle\n|rated|\n|rule|Species Clause: Limit one of each Pok\u00e9mon\n|rule|HP Percentage Mod: HP is shown in percentages\n|rule|Sleep Clause Mod: Limit one foe put to sleep\n|rule|Illusion Level Mod: Illusion disguises the Pok\u00e9mon's true level\n|\n|t:|1733851145\n|start\n|switch|p1a: Mismagius|Mismagius, L86, F|238/238\n|switch|p2a: Latios|Latios, L78, M|253/253\n|turn|1\n|inactive|Battle timer is ON: inactive players will automatically lose when time's up. (requested by Spekulatiuskekse)\n|\n|t:|1733851159\n|switch|p2a: Chi-Yu|Chi-Yu, L77|211/211\n|-ability|p2a: Chi-Yu|Beads of Ruin\n|move|p1a: Mismagius|Nasty Plot|p1a: Mismagius\n|-boost|p1a: Mismagius|spa|2\n|\n|upkeep\n|turn|2\n|\n|t:|1733851173\n|switch|p1a: Hitmonlee|Hitmonlee, L85, M|223/223\n|move|p2a: Chi-Yu|Dark Pulse|p1a: Hitmonlee\n|-resisted|p1a: Hitmonlee\n|-damage|p1a: Hitmonlee|171/223\n|\n|upkeep\n|turn|3\n|\n|t:|1733851185\n|-terastallize|p2a: Chi-Yu|Fire\n|move|p2a: Chi-Yu|Fire Blast|p1a: Hitmonlee\n|-damage|p1a: Hitmonlee|0 fnt\n|faint|p1a: Hitmonlee\n|\n|upkeep\n|\n|t:|1733851212\n|switch|p1a: Furret|Furret, L94, F|312/312\n|-item|p2a: Chi-Yu|Heavy-Duty Boots|[from] ability: Frisk|[of] p1a: Furret\n|turn|4\n|\n|t:|1733851219\n|switch|p2a: Torkoal|Torkoal, L88, M|266/266\n|-weather|SunnyDay|[from] ability: Drought|[of] p2a: Torkoal\n|move|p1a: Furret|Double-Edge|p2a: Torkoal\n|-damage|p2a: Torkoal|130/266\n|-damage|p1a: Furret|267/312|[from] Recoil\n|\n|-weather|SunnyDay|[upkeep]\n|upkeep\n|turn|5\n|\n|t:|1733851230\n|move|p1a: Furret|Double-Edge|p2a: Torkoal\n|-damage|p2a: Torkoal|0 fnt\n|faint|p2a: Torkoal\n|-damage|p1a: Furret|224/312|[from] Recoil\n|\n|-weather|SunnyDay|[upkeep]\n|upkeep\n|\n|t:|1733851243\n|switch|p2a: Regice|Regice, L88|284/284\n|turn|6\n|\n|t:|1733851256\n|switch|p1a: Mudsdale|Mudsdale, L84, M|305/305\n|move|p2a: Regice|Thunder Wave|p1a: Mudsdale\n|-immune|p1a: Mudsdale\n|\n|-weather|SunnyDay|[upkeep]\n|upkeep\n|turn|7\n|\n|t:|1733851268\n|move|p2a: Regice|Ice Beam|p1a: Mudsdale\n|-supereffective|p1a: Mudsdale\n|-damage|p1a: Mudsdale|69/305\n|-ability|p1a: Mudsdale|Stamina|boost\n|-boost|p1a: Mudsdale|def|1\n|move|p1a: Mudsdale|Heavy Slam|p2a: Regice\n|-supereffective|p2a: Regice\n|-damage|p2a: Regice|118/284\n|\n|-weather|SunnyDay|[upkeep]\n|-heal|p1a: Mudsdale|88/305|[from] item: Leftovers\n|upkeep\n|turn|8\n|\n|t:|1733851286\n|move|p2a: Regice|Ice Beam|p1a: Mudsdale\n|-supereffective|p1a: Mudsdale\n|-damage|p1a: Mudsdale|0 fnt\n|faint|p1a: Mudsdale\n|\n|-weather|none\n|upkeep\n|inactive|ballskazoo has 120 seconds left.\n|\n|t:|1733851310\n|switch|p1a: Mismagius|Mismagius, L86, F|243/243\n|turn|9\n|\n|t:|1733851314\n|move|p1a: Mismagius|Mystical Fire|p2a: Regice\n|-supereffective|p2a: Regice\n|-damage|p2a: Regice|45/284\n|-damage|p1a: Mismagius|219/243|[from] item: Life Orb\n|move|p2a: Regice|Thunder Wave|p1a: Mismagius\n|-status|p1a: Mismagius|par\n|\n|upkeep\n|turn|10\n|\n|t:|1733851321\n|move|p2a: Regice|Ice Beam|p1a: Mismagius\n|-damage|p1a: Mismagius|126/243 par\n|cant|p1a: Mismagius|par\n|\n|upkeep\n|turn|11\n|\n|t:|1733851326\n|move|p2a: Regice|Ice Beam|p1a: Mismagius\n|-damage|p1a: Mismagius|30/243 par\n|move|p1a: Mismagius|Mystical Fire|p2a: Regice\n|-supereffective|p2a: Regice\n|-damage|p2a: Regice|0 fnt\n|faint|p2a: Regice\n|-damage|p1a: Mismagius|6/243 par|[from] item: Life Orb\n|\n|upkeep\n|\n|t:|1733851330\n|switch|p2a: Chi-Yu|Chi-Yu, L77, tera:Fire|211/211\n|-ability|p2a: Chi-Yu|Beads of Ruin\n|turn|12\n|\n|t:|1733851339\n|move|p2a: Chi-Yu|Dark Pulse|p1a: Mismagius\n|-supereffective|p1a: Mismagius\n|-damage|p1a: Mismagius|0 fnt\n|faint|p1a: Mismagius\n|\n|upkeep\n|\n|t:|1733851344\n|switch|p1a: Kommo-o|Kommo-o, L78, F|238/238\n|turn|13\n|\n|t:|1733851355\n|move|p1a: Kommo-o|Nasty Plot|p1a: Kommo-o\n|-boost|p1a: Kommo-o|spa|2\n|move|p2a: Chi-Yu|Will-O-Wisp|p1a: Kommo-o\n|-status|p1a: Kommo-o|brn\n|\n|-damage|p1a: Kommo-o|224/238 brn|[from] brn\n|upkeep\n|turn|14\n|\n|t:|1733851364\n|move|p1a: Kommo-o|Encore|p2a: Chi-Yu\n|-start|p2a: Chi-Yu|Encore\n|move|p2a: Chi-Yu|Will-O-Wisp|p1a: Kommo-o\n|-fail|p1a: Kommo-o|brn\n|\n|-damage|p1a: Kommo-o|210/238 brn|[from] brn\n|upkeep\n|turn|15\n|\n|t:|1733851388\n|switch|p2a: Malamar|Malamar, L82, F|275/275\n|move|p1a: Kommo-o|Nasty Plot|p1a: Kommo-o\n|-boost|p1a: Kommo-o|spa|2\n|\n|-damage|p1a: Kommo-o|196/238 brn|[from] brn\n|upkeep\n|turn|16\n|\n|t:|1733851399\n|move|p1a: Kommo-o|Dark Pulse|p2a: Malamar\n|-damage|p2a: Malamar|0 fnt\n|faint|p2a: Malamar\n|-damage|p1a: Kommo-o|173/238 brn|[from] item: Life Orb\n|\n|-damage|p1a: Kommo-o|159/238 brn|[from] brn\n|upkeep\n|\n|t:|1733851418\n|switch|p2a: Dudunsparce|Dudunsparce, L83, M|343/343\n|turn|17\n|\n|t:|1733851426\n|move|p1a: Kommo-o|Dark Pulse|p2a: Dudunsparce\n|-damage|p2a: Dudunsparce|0 fnt\n|faint|p2a: Dudunsparce\n|-damage|p1a: Kommo-o|136/238 brn|[from] item: Life Orb\n|\n|-damage|p1a: Kommo-o|122/238 brn|[from] brn\n|upkeep\n|\n|t:|1733851439\n|switch|p2a: Chi-Yu|Chi-Yu, L77, tera:Fire|211/211\n|-ability|p2a: Chi-Yu|Beads of Ruin\n|turn|18\n|\n|t:|1733851444\n|move|p1a: Kommo-o|Dark Pulse|p2a: Chi-Yu\n|-damage|p2a: Chi-Yu|0 fnt\n|faint|p2a: Chi-Yu\n|-damage|p1a: Kommo-o|99/238 brn|[from] item: Life Orb\n|\n|-damage|p1a: Kommo-o|85/238 brn|[from] brn\n|upkeep\n|\n|t:|1733851454\n|switch|p2a: Latios|Latios, L78, M|253/253\n|turn|19\n|\n|t:|1733851457\n|move|p1a: Kommo-o|Dark Pulse|p2a: Latios\n|-supereffective|p2a: Latios\n|-damage|p2a: Latios|0 fnt\n|faint|p2a: Latios\n|-damage|p1a: Kommo-o|62/238 brn|[from] item: Life Orb\n|\n|win|ballskazoo\n|raw|ballskazoo's rating: 1516 &rarr; <strong>1536</strong><br />(+20 for winning)\n|raw|Spekulatiuskekse's rating: 1516 &rarr; <strong>1496</strong><br />(-20 for losing)\n|l|\u2606Spekulatiuskekse\n|player|p2|\n", "inputlog": ">version bfd83cad13791eb5a5a409923076391caf6fb4d4\n>start {\"formatid\":\"gen9randombattle\",\"seed\":[58973,26092,50180,37118],\"rated\":\"Rated battle\"}\n>player p1 {\"name\":\"ballskazoo\",\"avatar\":\"170\",\"rating\":1516,\"seed\":[36352,3620,9636,8742]}\n>player p2 {\"name\":\"Spekulatiuskekse\",\"avatar\":\"eusine\",\"rating\":1516,\"seed\":[27589,65305,34910,13679]}\n>p1 move nastyplot\n>p2 switch 4\n>p1 switch 2\n>p2 move darkpulse\n>p1 move stoneedge\n>p2 move fireblast terastallize\n>p1 switch 4\n>p1 move doubleedge\n>p2 switch 6\n>p1 move doubleedge\n>p2 move stealthrock\n>p2 switch 3\n>p1 switch 3\n>p2 move thunderwave\n>p1 move heavyslam\n>p2 move icebeam\n>p1 move heavyslam\n>p2 move icebeam\n>p1 switch 6\n>p1 move mysticalfire\n>p2 move thunderwave\n>p1 move mysticalfire\n>p2 move icebeam\n>p1 move mysticalfire\n>p2 move icebeam\n>p2 switch 6\n>p1 move dazzlinggleam\n>p2 move darkpulse\n>p1 switch 2\n>p1 move nastyplot\n>p2 move willowisp\n>p1 move encore\n>p2 move fireblast\n>p1 move nastyplot\n>p2 switch 5\n>p1 move darkpulse\n>p2 move superpower\n>p2 switch 2\n>p1 move darkpulse\n>p2 move boomburst\n>p2 switch 5\n>p1 move darkpulse\n>p2 move darkpulse\n>p2 switch 4\n>p1 move darkpulse\n>p2 move aurasphere", "uploadtime": 1733851553, "views": 8, "formatid": "gen9randombattle", "rating": 1496, "private": 0, "password": null}