{"id": "gen9randombattle-2260042310", "format": "[Gen 9] Random Battle", "players": ["randomacc6969", "NamieName"], "log": "|j|\u2606randomacc6969\n|j|\u2606NamieName\n|t:|1733794740\n|gametype|singles\n|player|p1|randomacc6969|169|1107\n|player|p2|NamieName|266|1150\n|teamsize|p1|6\n|teamsize|p2|6\n|gen|9\n|tier|[Gen 9] Random Battle\n|rated|\n|rule|Species Clause: Limit one of each Pok\u00e9mon\n|rule|HP Percentage Mod: HP is shown in percentages\n|rule|Sleep Clause Mod: Limit one foe put to sleep\n|rule|Illusion Level Mod: Illusion disguises the Pok\u00e9mon's true level\n|\n|t:|1733794740\n|start\n|switch|p1a: Darkrai|Darkrai, L77|234/234\n|switch|p2a: Diancie|Diancie, L82|216/216\n|turn|1\n|\n|t:|1733794750\n|move|p1a: Darkrai|Hypnosis|p2a: Diancie|[miss]\n|-miss|p1a: Darkrai|p2a: Diancie\n|move|p2a: Diancie|Calm Mind|p2a: Diancie\n|-boost|p2a: Diancie|spa|1\n|-boost|p2a: Diancie|spd|1\n|\n|upkeep\n|turn|2\n|\n|t:|1733794756\n|move|p1a: Darkrai|Hypnosis|p2a: Diancie|[miss]\n|-miss|p1a: Darkrai|p2a: Diancie\n|move|p2a: Diancie|Calm Mind|p2a: Diancie\n|-boost|p2a: Diancie|spa|1\n|-boost|p2a: Diancie|spd|1\n|\n|upkeep\n|turn|3\n|\n|t:|1733794763\n|move|p1a: Darkrai|Hypnosis|p2a: Diancie\n|-status|p2a: Diancie|slp|[from] move: Hypnosis\n|cant|p2a: Diancie|slp\n|\n|-damage|p2a: Diancie|189/216 slp|[from] ability: Bad Dreams|[of] p1a: Darkrai\n|upkeep\n|turn|4\n|\n|t:|1733794781\n|switch|p1a: Sandaconda|Sandaconda, L84, M|258/258\n|cant|p2a: Diancie|slp\n|\n|-heal|p2a: Diancie|202/216 slp|[from] item: Leftovers\n|upkeep\n|turn|5\n|\n|t:|1733794789\n|move|p1a: Sandaconda|Coil|p1a: Sandaconda\n|-boost|p1a: Sandaconda|atk|1\n|-boost|p1a: Sandaconda|def|1\n|-boost|p1a: Sandaconda|accuracy|1\n|cant|p2a: Diancie|slp\n|\n|-heal|p2a: Diancie|215/216 slp|[from] item: Leftovers\n|upkeep\n|turn|6\n|\n|t:|1733794796\n|move|p1a: Sandaconda|Coil|p1a: Sandaconda\n|-boost|p1a: Sandaconda|atk|1\n|-boost|p1a: Sandaconda|def|1\n|-boost|p1a: Sandaconda|accuracy|1\n|-curestatus|p2a: Diancie|slp|[msg]\n|move|p2a: Diancie|Calm Mind|p2a: Diancie\n|-boost|p2a: Diancie|spa|1\n|-boost|p2a: Diancie|spd|1\n|\n|-heal|p2a: Diancie|216/216|[from] item: Leftovers\n|upkeep\n|turn|7\n|\n|t:|1733794806\n|move|p1a: Sandaconda|Earthquake|p2a: Diancie\n|-supereffective|p2a: Diancie\n|-damage|p2a: Diancie|0 fnt\n|faint|p2a: Diancie\n|\n|upkeep\n|\n|t:|1733794817\n|switch|p2a: Weezing|Weezing, L88, F|258/258\n|turn|8\n|\n|t:|1733794825\n|move|p1a: Sandaconda|Coil|p1a: Sandaconda\n|-boost|p1a: Sandaconda|atk|1\n|-boost|p1a: Sandaconda|def|1\n|-boost|p1a: Sandaconda|accuracy|1\n|move|p2a: Weezing|Toxic Spikes|p1a: Sandaconda\n|-sidestart|p1: randomacc6969|move: Toxic Spikes\n|\n|upkeep\n|turn|9\n|\n|t:|1733794831\n|move|p1a: Sandaconda|Coil|p1a: Sandaconda\n|-boost|p1a: Sandaconda|atk|1\n|-boost|p1a: Sandaconda|def|1\n|-boost|p1a: Sandaconda|accuracy|1\n|move|p2a: Weezing|Toxic Spikes|p1a: Sandaconda\n|-sidestart|p1: randomacc6969|move: Toxic Spikes\n|\n|upkeep\n|turn|10\n|\n|t:|1733794852\n|move|p1a: Sandaconda|Scale Shot|p2a: Weezing\n|-damage|p2a: Weezing|217/258\n|-damage|p2a: Weezing|174/258\n|-damage|p2a: Weezing|133/258\n|-damage|p2a: Weezing|89/258\n|-hitcount|p2a: Weezing|4\n|-unboost|p1a: Sandaconda|def|1\n|-boost|p1a: Sandaconda|spe|1\n|move|p2a: Weezing|Sludge Bomb|p1a: Sandaconda\n|-resisted|p1a: Sandaconda\n|-damage|p1a: Sandaconda|204/258\n|\n|-heal|p2a: Weezing|105/258|[from] item: Leftovers\n|upkeep\n|turn|11\n|\n|t:|1733794866\n|move|p1a: Sandaconda|Coil|p1a: Sandaconda\n|-boost|p1a: Sandaconda|atk|1\n|-boost|p1a: Sandaconda|def|1\n|-boost|p1a: Sandaconda|accuracy|1\n|move|p2a: Weezing|Pain Split|p1a: Sandaconda\n|-sethp|p1a: Sandaconda|154/258|[from] move: Pain Split|[silent]\n|-sethp|p2a: Weezing|154/258|[from] move: Pain Split\n|\n|-heal|p2a: Weezing|170/258|[from] item: Leftovers\n|upkeep\n|turn|12\n|\n|t:|1733794875\n|move|p1a: Sandaconda|Coil|p1a: Sandaconda\n|-boost|p1a: Sandaconda|atk|1\n|-boost|p1a: Sandaconda|def|1\n|-boost|p1a: Sandaconda|accuracy|1\n|move|p2a: Weezing|Sludge Bomb|p1a: Sandaconda\n|-resisted|p1a: Sandaconda\n|-crit|p1a: Sandaconda\n|-damage|p1a: Sandaconda|67/258\n|\n|-heal|p2a: Weezing|186/258|[from] item: Leftovers\n|upkeep\n|turn|13\n|\n|t:|1733794890\n|move|p1a: Sandaconda|Scale Shot|p2a: Weezing\n|-damage|p2a: Weezing|129/258\n|-damage|p2a: Weezing|75/258\n|-damage|p2a: Weezing|14/258\n|-damage|p2a: Weezing|0 fnt\n|faint|p2a: Weezing\n|-hitcount|p2: Weezing|4\n|-unboost|p1a: Sandaconda|def|1\n|-boost|p1a: Sandaconda|spe|1\n|\n|upkeep\n|\n|t:|1733794902\n|switch|p2a: Salamence|Salamence, L77, M|273/273\n|-ability|p2a: Salamence|Intimidate|boost\n|-unboost|p1a: Sandaconda|atk|1\n|turn|14\n|\n|t:|1733794909\n|switch|p2a: Scream Tail|Scream Tail, L84|330/330\n|move|p1a: Sandaconda|Rock Blast|p2a: Scream Tail\n|-damage|p2a: Scream Tail|267/330\n|-damage|p2a: Scream Tail|207/330\n|-damage|p2a: Scream Tail|141/330\n|-crit|p2a: Scream Tail\n|-damage|p2a: Scream Tail|53/330\n|-hitcount|p2a: Scream Tail|4\n|\n|-heal|p2a: Scream Tail|73/330|[from] item: Leftovers\n|upkeep\n|turn|15\n|\n|t:|1733794920\n|move|p2a: Scream Tail|Protect|p2a: Scream Tail\n|-singleturn|p2a: Scream Tail|Protect\n|move|p1a: Sandaconda|Rock Blast|p2a: Scream Tail\n|-activate|p2a: Scream Tail|move: Protect\n|\n|-heal|p2a: Scream Tail|93/330|[from] item: Leftovers\n|upkeep\n|turn|16\n|\n|t:|1733794927\n|move|p1a: Sandaconda|Rock Blast|p2a: Scream Tail\n|-damage|p2a: Scream Tail|28/330\n|-damage|p2a: Scream Tail|0 fnt\n|faint|p2a: Scream Tail\n|-end|p2a: Scream Tail|Protosynthesis|[silent]\n|-hitcount|p2: Scream Tail|2\n|\n|upkeep\n|\n|t:|1733794936\n|switch|p2a: Galvantula|Galvantula, L82, F|249/249\n|turn|17\n|\n|t:|1733794941\n|move|p1a: Sandaconda|Rock Blast|p2a: Galvantula\n|-supereffective|p2a: Galvantula\n|-damage|p2a: Galvantula|83/249\n|-supereffective|p2a: Galvantula\n|-damage|p2a: Galvantula|0 fnt\n|faint|p2a: Galvantula\n|-hitcount|p2: Galvantula|2\n|\n|upkeep\n|\n|t:|1733794950\n|switch|p2a: Hippowdon|Hippowdon, L82, F|311/311\n|-weather|Sandstorm|[from] ability: Sand Stream|[of] p2a: Hippowdon\n|turn|18\n|\n|t:|1733795000\n|move|p1a: Sandaconda|Earthquake|p2a: Hippowdon\n|-crit|p2a: Hippowdon\n|-damage|p2a: Hippowdon|0 fnt\n|faint|p2a: Hippowdon\n|\n|-weather|Sandstorm|[upkeep]\n|upkeep\n|\n|t:|1733795005\n|switch|p2a: Salamence|Salamence, L77, M|273/273\n|-ability|p2a: Salamence|Intimidate|boost\n|-unboost|p1a: Sandaconda|atk|1\n|turn|19\n|\n|t:|1733795013\n|move|p1a: Sandaconda|Rock Blast|p2a: Salamence\n|-supereffective|p2a: Salamence\n|-damage|p2a: Salamence|133/273\n|-supereffective|p2a: Salamence\n|-crit|p2a: Salamence\n|-damage|p2a: Salamence|0 fnt\n|faint|p2a: Salamence\n|-hitcount|p2: Salamence|2\n|\n|win|randomacc6969\n|raw|randomacc6969's rating: 1133 &rarr; <strong>1159</strong><br />(+26 for winning)\n|raw|NamieName's rating: 1150 &rarr; <strong>1124</strong><br />(-26 for losing)\n", "inputlog": ">version bfd83cad13791eb5a5a409923076391caf6fb4d4\n>start {\"formatid\":\"gen9randombattle\",\"seed\":[11964,41923,9559,26299],\"rated\":\"Rated battle\"}\n>player p1 {\"name\":\"randomacc6969\",\"avatar\":\"169\",\"rating\":1107,\"seed\":[53560,22410,41141,910]}\n>player p2 {\"name\":\"NamieName\",\"avatar\":\"266\",\"rating\":1150,\"seed\":[57325,60893,58258,52671]}\n>p1 move hypnosis\n>p2 move calmmind\n>p1 move hypnosis\n>p2 move calmmind\n>p1 move hypnosis\n>p2 move drainingkiss\n>p1 switch 3\n>p2 move drainingkiss\n>p1 move coil\n>p2 move calmmind\n>p1 move coil\n>p2 move calmmind\n>p1 move earthquake\n>p2 move drainingkiss\n>p2 switch 4\n>p1 move coil\n>p2 move toxicspikes\n>p1 move coil\n>p2 move toxicspikes\n>p1 move scaleshot\n>p2 move sludgebomb\n>p1 move coil\n>p2 move painsplit\n>p1 move coil\n>p2 move sludgebomb\n>p1 move scaleshot\n>p2 move sludgebomb\n>p2 switch 6\n>p1 move rockblast\n>p2 switch 3\n>p1 move rockblast\n>p2 move protect\n>p1 move rockblast\n>p2 move wish\n>p2 switch 5\n>p1 move rockblast\n>p2 move bugbuzz\n>p2 switch 2\n>p1 move earthquake\n>p2 move whirlwind\n>p2 switch 3\n>p1 move rockblast\n>p2 move dualwingbeat", "uploadtime": 1733795021, "views": 5, "formatid": "gen9randombattle", "rating": 1124, "private": 0, "password": null}