{"id": "gen9randombattle-2131235987", "format": "[Gen 9] Random Battle", "players": ["PokeChess", "Casual MJC"], "log": "|badge|p2|bronze|gen9randombattle|100-1\n|uhtml|medal-msg|<div class=\"broadcast-blue\">Curious what those medals under the avatar are? PS now has Ladder Seasons! For more information, check out the <a href=\"https://www.smogon.com/forums/threads/3740067/\">thread on Smogon.</a></div>\n|j|\u2606PokeChess\n|j|\u2606Casual MJC\n|t:|1716780252\n|gametype|singles\n|player|p1|PokeChess|cynthia-anime2|2270\n|player|p2|Casual MJC|1|2355\n|teamsize|p1|6\n|teamsize|p2|6\n|gen|9\n|tier|[Gen 9] Random Battle\n|rated|\n|rule|Species Clause: Limit one of each Pok\u00e9mon\n|rule|HP Percentage Mod: HP is shown in percentages\n|rule|Sleep Clause Mod: Limit one foe put to sleep\n|rule|Illusion Level Mod: Illusion disguises the Pok\u00e9mon's true level\n|\n|t:|1716780252\n|start\n|switch|p1a: Terapagos|Terapagos, L76, M|262/262\n|switch|p2a: Meganium|Meganium, L90, M|290/290\n|-activate|p1a: Terapagos|ability: Tera Shift\n|detailschange|p1a: Terapagos|Terapagos-Terastal, L76, M\n|-heal|p1a: Terapagos|269/269|[silent]\n|turn|1\n|\n|t:|1716780292\n|switch|p1a: Sunflora|Sunflora, F|312/312\n|move|p2a: Meganium|Knock Off|p1a: Sunflora\n|-damage|p1a: Sunflora|204/312\n|-enditem|p1a: Sunflora|Life Orb|[from] move: Knock Off|[of] p2a: Meganium\n|-damage|p2a: Meganium|261/290|[from] item: Life Orb\n|\n|upkeep\n|turn|2\n|\n|t:|1716780368\n|move|p2a: Meganium|Petal Blizzard|p1a: Sunflora\n|-resisted|p1a: Sunflora\n|-damage|p1a: Sunflora|126/312\n|-damage|p2a: Meganium|232/290|[from] item: Life Orb\n|move|p1a: Sunflora|Sunny Day|p1a: Sunflora\n|-weather|SunnyDay\n|\n|-weather|SunnyDay|[upkeep]\n|upkeep\n|turn|3\n|\n|t:|1716780390\n|switch|p2a: Swampert|Swampert, L83, M|302/302\n|move|p1a: Sunflora|Solar Beam||[still]\n|-prepare|p1a: Sunflora|Solar Beam\n|-anim|p1a: Sunflora|Solar Beam|p2a: Swampert\n|-supereffective|p2a: Swampert\n|-damage|p2a: Swampert|0 fnt\n|faint|p2a: Swampert\n|\n|-weather|SunnyDay|[upkeep]\n|upkeep\n|inactive|Battle timer is ON: inactive players will automatically lose when time's up. (requested by PokeChess)\n|c|\u2606Casual MJC|But why\n|inactive|Casual MJC has 120 seconds left.\n|c|\u2606PokeChess|because weather ball was a guaranteed kill and I thought you might want to switch and nothing you used would give me 1 hit KO and still have time to kill the next turn if you decided to stay on the field\n|j| ugccff\n|\n|t:|1716780461\n|switch|p2a: Tinkaton|Tinkaton, L82, F|274/274\n|-ability|p2a: Tinkaton|Mold Breaker\n|turn|4\n|\n|t:|1716780465\n|move|p1a: Sunflora|Weather Ball|p2a: Tinkaton\n|-supereffective|p2a: Tinkaton\n|-damage|p2a: Tinkaton|0 fnt\n|faint|p2a: Tinkaton\n|\n|-weather|SunnyDay|[upkeep]\n|upkeep\n|\n|t:|1716780491\n|switch|p2a: Granbull|Granbull, L88, M|302/302\n|-ability|p2a: Granbull|Intimidate|boost\n|-unboost|p1a: Sunflora|atk|1\n|turn|5\n|\n|t:|1716780503\n|move|p1a: Sunflora|Solar Beam||[still]\n|-prepare|p1a: Sunflora|Solar Beam\n|-anim|p1a: Sunflora|Solar Beam|p2a: Granbull\n|-damage|p2a: Granbull|65/302\n|move|p2a: Granbull|Play Rough|p1a: Sunflora\n|-damage|p1a: Sunflora|0 fnt\n|faint|p1a: Sunflora\n|\n|-weather|SunnyDay|[upkeep]\n|-heal|p2a: Granbull|83/302|[from] item: Leftovers\n|upkeep\n|\n|t:|1716780527\n|switch|p1a: Swanna|Swanna, L88, M|275/275\n|turn|6\n|\n|t:|1716780535\n|switch|p2a: Dusknoir|Dusknoir, L88, M|222/222\n|-item|p1a: Swanna|Heavy-Duty Boots|[from] ability: Frisk|[of] p2a: Dusknoir|[identify]\n|move|p1a: Swanna|Brave Bird|p2a: Dusknoir\n|-damage|p2a: Dusknoir|140/222\n|-damage|p1a: Swanna|248/275|[from] Recoil\n|\n|-weather|none\n|-heal|p2a: Dusknoir|153/222|[from] item: Leftovers\n|upkeep\n|turn|7\n|\n|t:|1716780550\n|switch|p1a: Terapagos|Terapagos-Terastal, L76, M|269/269\n|move|p2a: Dusknoir|Poltergeist|p1a: Terapagos\n|-immune|p1a: Terapagos\n|\n|-heal|p2a: Dusknoir|166/222|[from] item: Leftovers\n|upkeep\n|turn|8\n|\n|t:|1716780561\n|move|p1a: Terapagos|Calm Mind|p1a: Terapagos\n|-boost|p1a: Terapagos|spa|1\n|-boost|p1a: Terapagos|spd|1\n|move|p2a: Dusknoir|Will-O-Wisp|p1a: Terapagos\n|-status|p1a: Terapagos|brn\n|\n|-heal|p2a: Dusknoir|179/222|[from] item: Leftovers\n|-damage|p1a: Terapagos|253/269 brn|[from] brn\n|upkeep\n|turn|9\n|\n|t:|1716780580\n|move|p1a: Terapagos|Dark Pulse|p2a: Dusknoir\n|-supereffective|p2a: Dusknoir\n|-damage|p2a: Dusknoir|81/222\n|cant|p2a: Dusknoir|flinch\n|\n|-heal|p2a: Dusknoir|94/222|[from] item: Leftovers\n|-damage|p1a: Terapagos|237/269 brn|[from] brn\n|upkeep\n|turn|10\n|inactive|Casual MJC has 120 seconds left.\n|\n|t:|1716780625\n|switch|p2a: Kingambit|Kingambit, L74, M|270/270\n|-activate|p2a: Kingambit|ability: Supreme Overlord\n|-start|p2a: Kingambit|fallen2|[silent]\n|move|p1a: Terapagos|Dark Pulse|p2a: Kingambit\n|-resisted|p2a: Kingambit\n|-damage|p2a: Kingambit|225/270\n|\n|-heal|p2a: Kingambit|241/270|[from] item: Leftovers\n|-damage|p1a: Terapagos|221/269 brn|[from] brn\n|upkeep\n|turn|11\n|\n|t:|1716780645\n|move|p1a: Terapagos|Tera Starstorm|p2a: Kingambit\n|-resisted|p2a: Kingambit\n|-damage|p2a: Kingambit|150/270\n|move|p2a: Kingambit|Swords Dance|p2a: Kingambit\n|-boost|p2a: Kingambit|atk|2\n|\n|-heal|p2a: Kingambit|166/270|[from] item: Leftovers\n|-damage|p1a: Terapagos|205/269 brn|[from] brn\n|upkeep\n|turn|12\n|\n|t:|1716780657\n|move|p1a: Terapagos|Tera Starstorm|p2a: Kingambit\n|-resisted|p2a: Kingambit\n|-damage|p2a: Kingambit|62/270\n|move|p2a: Kingambit|Kowtow Cleave|p1a: Terapagos\n|-damage|p1a: Terapagos|15/269 brn\n|\n|-heal|p2a: Kingambit|78/270|[from] item: Leftovers\n|-damage|p1a: Terapagos|0 fnt|[from] brn\n|faint|p1a: Terapagos\n|upkeep\n|inactive|PokeChess has 120 seconds left.\n|\n|t:|1716780685\n|switch|p1a: Gallade|Gallade, L82, M|246/246\n|turn|13\n|inactive|PokeChess has 120 seconds left.\n|inactive|Casual MJC has 90 seconds left.\n|inactive|PokeChess has 90 seconds left.\n|\n|t:|1716780741\n|-terastallize|p1a: Gallade|Fighting\n|move|p2a: Kingambit|Sucker Punch|p1a: Gallade\n|-resisted|p1a: Gallade\n|-damage|p1a: Gallade|126/246\n|move|p1a: Gallade|Night Slash|p2a: Kingambit\n|-resisted|p2a: Kingambit\n|-crit|p2a: Kingambit\n|-damage|p2a: Kingambit|0 fnt\n|faint|p2a: Kingambit\n|-end|p2a: Kingambit|fallen2|[silent]\n|\n|upkeep\n|inactive|Casual MJC has 60 seconds left.\n|\n|t:|1716780779\n|switch|p2a: Granbull|Granbull, L88, M|83/302\n|-ability|p2a: Granbull|Intimidate|boost\n|-unboost|p1a: Gallade|atk|1\n|turn|14\n|\n|t:|1716780798\n|switch|p1a: Eiscue|Eiscue, L87, M|272/272\n|move|p2a: Granbull|Thunder Wave|p1a: Eiscue\n|-status|p1a: Eiscue|par\n|\n|-heal|p2a: Granbull|101/302|[from] item: Leftovers\n|upkeep\n|turn|15\n|inactive|Casual MJC has 30 seconds left.\n|inactive|Casual MJC has 20 seconds left.\n|inactive|Casual MJC has 15 seconds left.\n|\n|t:|1716780845\n|move|p2a: Granbull|Earthquake|p1a: Eiscue\n|-activate|p1a: Eiscue|ability: Ice Face\n|-damage|p1a: Eiscue|272/272 par\n|detailschange|p1a: Eiscue|Eiscue-Noice, L87, M\n|move|p1a: Eiscue|Belly Drum|p1a: Eiscue\n|-damage|p1a: Eiscue|136/272 par\n|-setboost|p1a: Eiscue|atk|6|[from] move: Belly Drum\n|-enditem|p1a: Eiscue|Sitrus Berry|[eat]\n|-heal|p1a: Eiscue|204/272 par|[from] item: Sitrus Berry\n|\n|-heal|p2a: Granbull|119/302|[from] item: Leftovers\n|upkeep\n|turn|16\n|inactive|Casual MJC has 25 seconds left this turn.\n|inactive|Casual MJC has 20 seconds left.\n|inactive|Casual MJC has 15 seconds left.\n|inactive|Casual MJC has 10 seconds left.\n|inactive|Casual MJC has 5 seconds left.\n|\n|t:|1716780867\n|cant|p1a: Eiscue|par\n|move|p2a: Granbull|Roar|p1a: Eiscue\n|drag|p1a: Swanna|Swanna, L88, M|248/275\n|\n|-heal|p2a: Granbull|137/302|[from] item: Leftovers\n|upkeep\n|turn|17\n|inactive|Casual MJC has 15 seconds left this turn.\n|inactive|Casual MJC has 10 seconds left.\n|inactive|Casual MJC has 5 seconds left.\n|\n|t:|1716780877\n|switch|p1a: Eiscue|Eiscue-Noice, L87, M|204/272 par\n|move|p2a: Granbull|Thunder Wave|p1a: Eiscue\n|-fail|p1a: Eiscue|par\n|\n|-heal|p2a: Granbull|155/302|[from] item: Leftovers\n|upkeep\n|turn|18\n|inactive|Casual MJC has 15 seconds left this turn.\n|inactive|Casual MJC has 10 seconds left.\n|inactive|Casual MJC has 5 seconds left.\n|\n|t:|1716780888\n|move|p1a: Eiscue|Iron Head|p2a: Granbull\n|-supereffective|p2a: Granbull\n|-damage|p2a: Granbull|43/302\n|cant|p2a: Granbull|flinch\n|\n|-heal|p2a: Granbull|61/302|[from] item: Leftovers\n|upkeep\n|turn|19\n|inactive|Casual MJC has 15 seconds left this turn.\n|inactive|Casual MJC has 10 seconds left.\n|\n|t:|1716780898\n|switch|p2a: Dusknoir|Dusknoir, L88, M|94/222\n|move|p1a: Eiscue|Ice Spinner|p2a: Dusknoir\n|-damage|p2a: Dusknoir|39/222\n|\n|-heal|p2a: Dusknoir|52/222|[from] item: Leftovers\n|upkeep\n|turn|20\n|inactive|Casual MJC has 20 seconds left this turn.\n|inactive|Casual MJC has 15 seconds left.\n|inactive|Casual MJC has 10 seconds left.\n|\n|t:|1716780910\n|cant|p1a: Eiscue|par\n|move|p2a: Dusknoir|Earthquake|p1a: Eiscue\n|-damage|p1a: Eiscue|109/272 par\n|\n|-heal|p2a: Dusknoir|65/222|[from] item: Leftovers\n|upkeep\n|turn|21\n|inactive|Casual MJC has 20 seconds left this turn.\n|inactive|Casual MJC has 15 seconds left.\n|inactive|Casual MJC has 10 seconds left.\n|\n|t:|1716780924\n|move|p2a: Dusknoir|Shadow Sneak|p1a: Eiscue\n|-damage|p1a: Eiscue|58/272 par\n|cant|p1a: Eiscue|par\n|\n|-heal|p2a: Dusknoir|78/222|[from] item: Leftovers\n|upkeep\n|turn|22\n|inactive|Casual MJC has 20 seconds left this turn.\n|inactive|Casual MJC has 15 seconds left.\n|\n|t:|1716780932\n|move|p1a: Eiscue|Ice Spinner|p2a: Dusknoir\n|-damage|p2a: Dusknoir|23/222\n|move|p2a: Dusknoir|Earthquake|p1a: Eiscue\n|-damage|p1a: Eiscue|0 fnt\n|faint|p1a: Eiscue\n|\n|-heal|p2a: Dusknoir|36/222|[from] item: Leftovers\n|upkeep\n|inactive|Casual MJC has 20 seconds left this turn.\n|inactive|PokeChess has 120 seconds left.\n|\n|t:|1716780951\n|switch|p1a: Swanna|Swanna, L88, M|248/275\n|turn|23\n|inactive|Casual MJC has 30 seconds left this turn.\n|inactive|Casual MJC has 20 seconds left.\n|inactive|Casual MJC has 15 seconds left.\n|inactive|Casual MJC has 10 seconds left.\n|inactive|Casual MJC has 5 seconds left.\n|\n|t:|1716780980\n|switch|p2a: Granbull|Granbull, L88, M|61/302\n|-ability|p2a: Granbull|Intimidate|boost\n|-unboost|p1a: Swanna|atk|1\n|move|p1a: Swanna|Brave Bird|p2a: Granbull\n|-damage|p2a: Granbull|0 fnt\n|faint|p2a: Granbull\n|-damage|p1a: Swanna|228/275|[from] Recoil\n|\n|upkeep\n|inactive|Casual MJC has 10 seconds left this turn.\n|inactive|Casual MJC has 5 seconds left.\n|\n|t:|1716780989\n|switch|p2a: Meganium|Meganium, L90, M|232/290\n|turn|24\n|inactive|Casual MJC has 15 seconds left this turn.\n|inactive|Casual MJC has 10 seconds left.\n|\n|t:|1716781000\n|switch|p1a: Gallade|Gallade, L82, M, tera:Fighting|126/246\n|-terastallize|p2a: Meganium|Steel\n|move|p2a: Meganium|Petal Blizzard|p1a: Gallade\n|-damage|p1a: Gallade|0 fnt\n|faint|p1a: Gallade\n|-damage|p2a: Meganium|203/290|[from] item: Life Orb\n|\n|upkeep\n|inactive|Casual MJC has 15 seconds left this turn.\n|\n|t:|1716781005\n|switch|p1a: Flygon|Flygon, L82, M|265/265\n|turn|25\n|inactive|Casual MJC has 25 seconds left this turn.\n|inactive|Casual MJC has 20 seconds left.\n|\n|t:|1716781018\n|move|p1a: Flygon|Dragon Dance|p1a: Flygon\n|-boost|p1a: Flygon|atk|1\n|-boost|p1a: Flygon|spe|1\n|move|p2a: Meganium|Petal Blizzard|p1a: Flygon\n|-damage|p1a: Flygon|113/265\n|-damage|p2a: Meganium|174/290|[from] item: Life Orb\n|\n|upkeep\n|turn|26\n|inactive|Casual MJC has 30 seconds left this turn.\n|\n|t:|1716781027\n|move|p1a: Flygon|Earthquake|p2a: Meganium\n|-supereffective|p2a: Meganium\n|-damage|p2a: Meganium|0 fnt\n|faint|p2a: Meganium\n|\n|upkeep\n|inactive|Casual MJC has 30 seconds left this turn.\n|\n|t:|1716781029\n|switch|p2a: Dusknoir|Dusknoir, L88, M|36/222\n|-item|p1a: Flygon|Lum Berry|[from] ability: Frisk|[of] p2a: Dusknoir|[identify]\n|turn|27\n|\n|t:|1716781033\n|move|p2a: Dusknoir|Shadow Sneak|p1a: Flygon\n|-damage|p1a: Flygon|59/265\n|move|p1a: Flygon|Earthquake|p2a: Dusknoir\n|-damage|p2a: Dusknoir|0 fnt\n|faint|p2a: Dusknoir\n|\n|win|PokeChess\n|raw|PokeChess's rating: 2270 &rarr; <strong>2295</strong><br />(+25 for winning)\n|raw|Casual MJC's rating: 2355 &rarr; <strong>2330</strong><br />(-25 for losing)\n|c|\u2606Casual MJC|Gg\n|c|\u2606PokeChess|gg\n|l|\u2606Casual MJC\n|player|p2|\n", "inputlog": ">version 7158ead19aeac8750849df2840eabb6dbec77df6\n>start {\"formatid\":\"gen9randombattle\",\"seed\":[27118,49058,20980,41182],\"rated\":\"Rated battle\"}\n>player p1 {\"name\":\"PokeChess\",\"avatar\":\"cynthia-anime2\",\"rating\":2270,\"seed\":[14514,34379,30814,63577]}\n>player p2 {\"name\":\"Casual MJC\",\"avatar\":\"1\",\"rating\":2355,\"seed\":[57310,61577,12079,13345]}\n>p1 switch 2\n>p2 move knockoff\n>p1 move sunnyday\n>p2 move petalblizzard\n>p1 move solarbeam\n>p2 switch 4\n>chat \u2606Casual MJC|But why\n>chat \u2606PokeChess|because weather ball was a guaranteed kill and I thought you might want to switch and nothing you used would give me 1 hit KO and still have time to kill the next turn if you decided to stay on the field\n>p2 switch 5\n>p1 move weatherball\n>p2 move gigatonhammer\n>p2 switch 3\n>p1 move solarbeam\n>p2 move playrough\n>p1 switch 3\n>p1 move bravebird\n>p2 switch 6\n>p1 switch 2\n>p2 move poltergeist\n>p1 move calmmind\n>p2 move willowisp\n>p1 move darkpulse\n>p2 move earthquake\n>p1 move darkpulse\n>p2 switch 2\n>p1 move terastarstorm\n>p2 move swordsdance\n>p1 move terastarstorm\n>p2 move kowtowcleave\n>p1 switch 4\n>p1 move nightslash terastallize\n>p2 move suckerpunch\n>p2 switch 6\n>p1 switch 5\n>p2 move thunderwave\n>p1 move bellydrum\n>p2 move earthquake\n>p1 move icespinner\n>p2 move roar\n>p1 switch 2\n>p2 move thunderwave\n>p1 move ironhead\n>p2 move playrough\n>p1 move icespinner\n>p2 switch 2\n>p1 move icespinner\n>p2 move earthquake\n>p1 move icespinner\n>p2 move shadowsneak\n>p1 move icespinner\n>p2 move earthquake\n>p1 switch 2\n>p1 move bravebird\n>p2 switch 2\n>p2 switch 4\n>p1 switch 5\n>p2 move petalblizzard terastallize\n>p1 switch 6\n>p1 move dragondance\n>p2 move petalblizzard\n>p1 move earthquake\n>p2 move petalblizzard\n>p2 switch 2\n>p1 move earthquake\n>p2 move shadowsneak", "uploadtime": 1716781042, "views": 202, "formatid": "gen9randombattle", "rating": 2295, "private": 0, "password": null}