{"id": "gen9randombattle-2227068565", "format": "[Gen 9] Random Battle", "players": ["velvestrade", "pokeblade\u2606101"], "log": "|badge|p1|bronze|gen9randombattle|100-3\n|uhtml|medal-msg|<div class=\"broadcast-blue\">Curious what those medals under the avatar are? PS now has Ladder Seasons! For more information, check out the <a href=\"https://www.smogon.com/forums/threads/3740067/\">thread on Smogon.</a></div>\n|badge|p2|silver|gen9randombattle|30-3\n|uhtml|medal-msg|<div class=\"broadcast-blue\">Curious what those medals under the avatar are? PS now has Ladder Seasons! For more information, check out the <a href=\"https://www.smogon.com/forums/threads/3740067/\">thread on Smogon.</a></div>\n|j|\u2606velvestrade\n|j|\u2606pokeblade\u2606101\n|t:|1729442913\n|gametype|singles\n|player|p1|velvestrade|miku-ground|2309\n|player|p2|pokeblade\u2606101|#rbtt7teamchiyu|2412\n|teamsize|p1|6\n|teamsize|p2|6\n|gen|9\n|tier|[Gen 9] Random Battle\n|rated|\n|rule|Species Clause: Limit one of each Pok\u00e9mon\n|rule|HP Percentage Mod: HP is shown in percentages\n|rule|Sleep Clause Mod: Limit one foe put to sleep\n|rule|Illusion Level Mod: Illusion disguises the Pok\u00e9mon's true level\n|\n|t:|1729442913\n|start\n|switch|p1a: Decidueye|Decidueye, L88, M|281/281\n|switch|p2a: Porygon2|Porygon2, L82|274/274\n|-ability|p2a: Porygon2|Download|boost\n|-boost|p2a: Porygon2|atk|1\n|turn|1\n|inactive|Battle timer is ON: inactive players will automatically lose when time's up. (requested by velvestrade)\n|\n|t:|1729442938\n|switch|p1a: Fezandipiti|Fezandipiti, L82, M|278/278\n|move|p2a: Porygon2|Ice Beam|p1a: Fezandipiti\n|-damage|p1a: Fezandipiti|224/278\n|\n|-heal|p1a: Fezandipiti|241/278|[from] item: Leftovers\n|upkeep\n|turn|2\n|\n|t:|1729442949\n|switch|p2a: Venusaur|Venusaur, L84, F|272/272\n|move|p1a: Fezandipiti|Swords Dance|p1a: Fezandipiti\n|-boost|p1a: Fezandipiti|atk|2\n|\n|-heal|p1a: Fezandipiti|258/278|[from] item: Leftovers\n|upkeep\n|turn|3\n|\n|t:|1729442956\n|switch|p2a: Groudon|Groudon, L72|263/263\n|-weather|SunnyDay|[from] ability: Drought|[of] p2a: Groudon\n|move|p1a: Fezandipiti|Gunk Shot|p2a: Groudon\n|-resisted|p2a: Groudon\n|-damage|p2a: Groudon|173/263\n|-status|p2a: Groudon|psn\n|\n|-weather|SunnyDay|[upkeep]\n|-heal|p1a: Fezandipiti|275/278|[from] item: Leftovers\n|-heal|p2a: Groudon|189/263 psn|[from] item: Leftovers\n|-damage|p2a: Groudon|157/263 psn|[from] psn\n|upkeep\n|turn|4\n|\n|t:|1729442974\n|move|p1a: Fezandipiti|Play Rough|p2a: Groudon\n|-damage|p2a: Groudon|10/263 psn\n|move|p2a: Groudon|Precipice Blades|p1a: Fezandipiti\n|-supereffective|p1a: Fezandipiti\n|-damage|p1a: Fezandipiti|0 fnt\n|faint|p1a: Fezandipiti\n|\n|-weather|SunnyDay|[upkeep]\n|-heal|p2a: Groudon|26/263 psn|[from] item: Leftovers\n|-damage|p2a: Groudon|0 fnt|[from] psn\n|faint|p2a: Groudon\n|upkeep\n|\n|t:|1729442992\n|switch|p1a: Iron Thorns|Iron Thorns, L83|302/302\n|switch|p2a: Palafin|Palafin, L77, M|281/281\n|-enditem|p1a: Iron Thorns|Booster Energy\n|-activate|p1a: Iron Thorns|ability: Quark Drive|[fromitem]\n|-start|p1a: Iron Thorns|quarkdriveatk\n|turn|5\n|\n|t:|1729443000\n|detailschange|p2a: Palafin|Palafin-Hero, L77, M\n|switch|p2a: Venusaur|Venusaur, L84, F|272/272\n|move|p1a: Iron Thorns|Dragon Dance|p1a: Iron Thorns\n|-boost|p1a: Iron Thorns|atk|1\n|-boost|p1a: Iron Thorns|spe|1\n|\n|-weather|SunnyDay|[upkeep]\n|upkeep\n|turn|6\n|\n|t:|1729443011\n|move|p2a: Venusaur|Energy Ball|p1a: Iron Thorns\n|-supereffective|p1a: Iron Thorns\n|-damage|p1a: Iron Thorns|108/302\n|move|p1a: Iron Thorns|Ice Punch|p2a: Venusaur\n|-supereffective|p2a: Venusaur\n|-damage|p2a: Venusaur|16/272\n|\n|-weather|SunnyDay|[upkeep]\n|-heal|p2a: Venusaur|33/272|[from] item: Leftovers\n|upkeep\n|turn|7\n|\n|t:|1729443021\n|-end|p1a: Iron Thorns|Quark Drive|[silent]\n|switch|p1a: Goodra|Goodra, L85, M|292/292\n|move|p2a: Venusaur|Energy Ball|p1a: Goodra\n|-ability|p1a: Goodra|Sap Sipper|boost\n|-boost|p1a: Goodra|atk|1\n|\n|-weather|none\n|-heal|p2a: Venusaur|50/272|[from] item: Leftovers\n|upkeep\n|turn|8\n|\n|t:|1729443029\n|switch|p2a: Porygon2|Porygon2, L82|274/274\n|-ability|p2a: Porygon2|Download|boost\n|-boost|p2a: Porygon2|atk|1\n|move|p1a: Goodra|Earthquake|p2a: Porygon2\n|-damage|p2a: Porygon2|205/274\n|\n|upkeep\n|turn|9\n|\n|t:|1729443040\n|move|p1a: Goodra|Scald|p2a: Porygon2\n|-damage|p2a: Porygon2|160/274\n|move|p2a: Porygon2|Ice Beam|p1a: Goodra\n|-supereffective|p1a: Goodra\n|-damage|p1a: Goodra|240/292\n|\n|upkeep\n|turn|10\n|\n|t:|1729443054\n|switch|p1a: Reuniclus|Reuniclus, L88, F|337/337\n|move|p2a: Porygon2|Recover|p2a: Porygon2\n|-heal|p2a: Porygon2|274/274\n|\n|upkeep\n|turn|11\n|\n|t:|1729443061\n|switch|p2a: Trevenant|Trevenant, L88, F|293/293\n|move|p1a: Reuniclus|Calm Mind|p1a: Reuniclus\n|-boost|p1a: Reuniclus|spa|1\n|-boost|p1a: Reuniclus|spd|1\n|\n|upkeep\n|turn|12\n|\n|t:|1729443069\n|switch|p1a: Iron Thorns|Iron Thorns, L83|108/302\n|move|p2a: Trevenant|Poltergeist||[still]\n|-fail|p2a: Trevenant\n|\n|upkeep\n|turn|13\n|\n|t:|1729443078\n|-end|p1a: Iron Thorns|Quark Drive|[silent]\n|switch|p1a: Decidueye|Decidueye, L88, M|281/281\n|switch|p2a: Porygon2|Porygon2, L82|274/274\n|-ability|p2a: Porygon2|Download|boost\n|-boost|p2a: Porygon2|atk|1\n|\n|upkeep\n|turn|14\n|\n|t:|1729443091\n|move|p1a: Decidueye|Swords Dance|p1a: Decidueye\n|-boost|p1a: Decidueye|atk|2\n|move|p2a: Porygon2|Ice Beam|p1a: Decidueye\n|-supereffective|p1a: Decidueye\n|-damage|p1a: Decidueye|171/281\n|\n|upkeep\n|turn|15\n|inactive|pokeblade\u2606101 has 120 seconds left.\n|\n|t:|1729443125\n|move|p1a: Decidueye|Leaf Blade|p2a: Porygon2\n|-damage|p2a: Porygon2|67/274\n|-damage|p1a: Decidueye|143/281|[from] item: Life Orb\n|move|p2a: Porygon2|Ice Beam|p1a: Decidueye\n|-supereffective|p1a: Decidueye\n|-damage|p1a: Decidueye|37/281\n|\n|upkeep\n|turn|16\n|inactive|pokeblade\u2606101 has 120 seconds left.\n|\n|t:|1729443140\n|switch|p2a: Trevenant|Trevenant, L88, F|293/293\n|move|p1a: Decidueye|Leaf Blade|p2a: Trevenant\n|-resisted|p2a: Trevenant\n|-damage|p2a: Trevenant|63/293\n|-damage|p1a: Decidueye|9/281|[from] item: Life Orb\n|\n|upkeep\n|turn|17\n|inactive|pokeblade\u2606101 has 120 seconds left.\n|\n|t:|1729443150\n|switch|p2a: Porygon2|Porygon2, L82|67/274\n|-ability|p2a: Porygon2|Download|boost\n|-boost|p2a: Porygon2|atk|1\n|move|p1a: Decidueye|Leaf Blade|p2a: Porygon2\n|-damage|p2a: Porygon2|0 fnt\n|faint|p2a: Porygon2\n|-damage|p1a: Decidueye|0 fnt|[from] item: Life Orb\n|faint|p1a: Decidueye\n|\n|upkeep\n|\n|t:|1729443178\n|switch|p1a: Goodra|Goodra, L85, M|240/292\n|switch|p2a: Palafin|Palafin-Hero, L77, M|281/281\n|-activate|p2a: Palafin|ability: Zero to Hero\n|turn|18\n|\n|t:|1729443188\n|move|p2a: Palafin|Bulk Up|p2a: Palafin\n|-boost|p2a: Palafin|atk|1\n|-boost|p2a: Palafin|def|1\n|move|p1a: Goodra|Draco Meteor|p2a: Palafin\n|-damage|p2a: Palafin|122/281\n|-unboost|p1a: Goodra|spa|2\n|\n|-heal|p2a: Palafin|139/281|[from] item: Leftovers\n|upkeep\n|turn|19\n|\n|t:|1729443199\n|switch|p1a: Iron Thorns|Iron Thorns, L83|108/302\n|move|p2a: Palafin|Ice Punch|p1a: Iron Thorns\n|-damage|p1a: Iron Thorns|18/302\n|\n|-heal|p2a: Palafin|156/281|[from] item: Leftovers\n|upkeep\n|turn|20\n|\n|t:|1729443204\n|move|p2a: Palafin|Ice Punch|p1a: Iron Thorns\n|-damage|p1a: Iron Thorns|0 fnt\n|faint|p1a: Iron Thorns\n|-end|p1a: Iron Thorns|Quark Drive|[silent]\n|\n|-heal|p2a: Palafin|173/281|[from] item: Leftovers\n|upkeep\n|\n|t:|1729443215\n|switch|p1a: Gengar|Gengar, L81, M|230/230\n|turn|21\n|\n|t:|1729443220\n|move|p2a: Palafin|Jet Punch|p1a: Gengar\n|-crit|p1a: Gengar\n|-damage|p1a: Gengar|0 fnt\n|faint|p1a: Gengar\n|\n|-heal|p2a: Palafin|190/281|[from] item: Leftovers\n|upkeep\n|c|\u2606velvestrade|aw man that sucks\n|\n|t:|1729443233\n|switch|p1a: Reuniclus|Reuniclus, L88, F|337/337\n|turn|22\n|\n|t:|1729443250\n|-terastallize|p1a: Reuniclus|Fighting\n|move|p2a: Palafin|Jet Punch|p1a: Reuniclus\n|-damage|p1a: Reuniclus|204/337\n|move|p1a: Reuniclus|Focus Blast|p2a: Palafin\n|-damage|p2a: Palafin|0 fnt\n|faint|p2a: Palafin\n|\n|upkeep\n|\n|t:|1729443259\n|switch|p2a: Trevenant|Trevenant, L88, F|63/293\n|turn|23\n|\n|t:|1729443268\n|move|p2a: Trevenant|Poltergeist|p1a: Reuniclus\n|-activate|p1a: Reuniclus|move: Poltergeist|Life Orb\n|-damage|p1a: Reuniclus|0 fnt\n|faint|p1a: Reuniclus\n|\n|upkeep\n|\n|t:|1729443273\n|switch|p1a: Goodra|Goodra, L85, M|240/292\n|turn|24\n|\n|t:|1729443277\n|switch|p2a: Venusaur|Venusaur, L84, F|50/272\n|move|p1a: Goodra|Fire Blast|p2a: Venusaur\n|-supereffective|p2a: Venusaur\n|-damage|p2a: Venusaur|0 fnt\n|faint|p2a: Venusaur\n|\n|upkeep\n|\n|t:|1729443285\n|switch|p2a: Misdreavus|Misdreavus, L90, M|254/254\n|turn|25\n|\n|t:|1729443289\n|move|p2a: Misdreavus|Calm Mind|p2a: Misdreavus\n|-boost|p2a: Misdreavus|spa|1\n|-boost|p2a: Misdreavus|spd|1\n|move|p1a: Goodra|Scald|p2a: Misdreavus\n|-damage|p2a: Misdreavus|228/254\n|\n|upkeep\n|turn|26\n|\n|t:|1729443296\n|-terastallize|p2a: Misdreavus|Fairy\n|move|p2a: Misdreavus|Will-O-Wisp|p1a: Goodra\n|-status|p1a: Goodra|brn\n|move|p1a: Goodra|Scald|p2a: Misdreavus\n|-damage|p2a: Misdreavus|201/254\n|-status|p2a: Misdreavus|brn\n|\n|-damage|p2a: Misdreavus|186/254 brn|[from] brn\n|-damage|p1a: Goodra|222/292 brn|[from] brn\n|upkeep\n|turn|27\n|c|\u2606velvestrade|yeah that crit was rough but ggs\n|-message|velvestrade forfeited.\n|\n|win|pokeblade\u2606101\n|raw|velvestrade's rating: 2309 &rarr; <strong>2295</strong><br />(-14 for losing)\n|raw|pokeblade\u2606101's rating: 2412 &rarr; <strong>2426</strong><br />(+14 for winning)\n", "inputlog": ">version d967917bdbe23543122e7f76a99db1c12c9df4ac\n>start {\"formatid\":\"gen9randombattle\",\"seed\":[31693,14712,4415,27217],\"rated\":\"Rated battle\"}\n>player p1 {\"name\":\"velvestrade\",\"avatar\":\"miku-ground\",\"rating\":2309,\"seed\":[40065,63574,2834,36495]}\n>player p2 {\"name\":\"pokeblade\u2606101\",\"avatar\":\"#rbtt7teamchiyu\",\"rating\":2412,\"seed\":[41687,11557,25662,58275]}\n>p1 switch 5\n>p2 move icebeam\n>p1 move swordsdance\n>p2 switch 5\n>p1 move gunkshot\n>p2 switch 4\n>p1 move playrough\n>p2 move precipiceblades\n>p1 switch 2\n>p2 switch 2\n>p1 move dragondance\n>p2 switch 4\n>p1 move icepunch\n>p2 move energyball\n>p1 switch 6\n>p2 move energyball\n>p1 move earthquake\n>p2 switch 5\n>p1 move scald\n>p2 move icebeam\n>p1 switch 4\n>p2 move recover\n>p1 move calmmind\n>p2 switch 6\n>p1 switch 6\n>p2 move poltergeist\n>p1 switch 5\n>p2 switch 6\n>p1 move swordsdance\n>p2 move icebeam\n>p1 move leafblade\n>p2 move icebeam\n>p1 move leafblade\n>p2 switch 6\n>p1 move leafblade\n>p2 switch 6\n>p1 switch 4\n>p2 switch 4\n>p1 move dracometeor\n>p2 move bulkup\n>p1 switch 5\n>p2 move icepunch\n>p1 move wildcharge\n>p2 move icepunch\n>p1 switch 3\n>p1 move sludgewave\n>p2 move jetpunch\n>chat \u2606velvestrade|aw man that sucks\n>p1 switch 6\n>p1 move focusblast terastallize\n>p2 move jetpunch\n>p2 switch 6\n>p1 move recover\n>p2 move poltergeist\n>p1 switch 5\n>p1 move fireblast\n>p2 switch 5\n>p2 switch 3\n>p1 move scald\n>p2 move calmmind\n>p1 move scald\n>p2 move willowisp terastallize\n>chat \u2606velvestrade|yeah that crit was rough but ggs\n>forcelose p1", "uploadtime": 1729443310, "views": 52, "formatid": "gen9randombattle", "rating": 2295, "private": 0, "password": null}