{"id": "gen9randombattle-2147127605", "format": "[Gen 9] Random Battle", "players": ["Vitoran", "Existential Risk"], "log": "|badge|p1|bronze|gen9randombattle|100-1\n|uhtml|medal-msg|<div class=\"broadcast-blue\">Curious what those medals under the avatar are? PS now has Ladder Seasons! For more information, check out the <a href=\"https://www.smogon.com/forums/threads/3740067/\">thread on Smogon.</a></div>\n|badge|p2|bronze|gen9randombattle|100-1\n|uhtml|medal-msg|<div class=\"broadcast-blue\">Curious what those medals under the avatar are? PS now has Ladder Seasons! For more information, check out the <a href=\"https://www.smogon.com/forums/threads/3740067/\">thread on Smogon.</a></div>\n|j|\u2606Vitoran\n|j|\u2606Existential Risk\n|t:|1718926258\n|gametype|singles\n|player|p1|Vitoran|nemona-v|2368\n|player|p2|Existential Risk|170|2320\n|teamsize|p1|6\n|teamsize|p2|6\n|gen|9\n|tier|[Gen 9] Random Battle\n|rated|\n|rule|Species Clause: Limit one of each Pok\u00e9mon\n|rule|HP Percentage Mod: HP is shown in percentages\n|rule|Sleep Clause Mod: Limit one foe put to sleep\n|rule|Illusion Level Mod: Illusion disguises the Pok\u00e9mon's true level\n|\n|t:|1718926258\n|start\n|switch|p1a: Noctowl|Noctowl, L95, F|344/344\n|switch|p2a: Urshifu|Urshifu-Rapid-Strike, L75, M|274/274\n|turn|1\n|inactive|Battle timer is ON: inactive players will automatically lose when time's up. (requested by Vitoran)\n|c|\u2606Vitoran|glhf\n|c|\u2606Existential Risk|u2\n|inactive|Existential Risk has 120 seconds left.\n|\n|t:|1718926289\n|switch|p2a: Empoleon|Empoleon, L84, M|278/278\n|switch|p1a: Torkoal|Torkoal, L88, F|266/266\n|-weather|SunnyDay|[from] ability: Drought|[of] p1a: Torkoal\n|\n|-weather|SunnyDay|[upkeep]\n|upkeep\n|turn|2\n|\n|t:|1718926302\n|move|p2a: Empoleon|Surf|p1a: Torkoal\n|-supereffective|p1a: Torkoal\n|-damage|p1a: Torkoal|152/266\n|move|p1a: Torkoal|Stealth Rock|p2a: Empoleon\n|-sidestart|p2: Existential Risk|move: Stealth Rock\n|\n|-weather|SunnyDay|[upkeep]\n|upkeep\n|turn|3\n|j| Shaky3\n|\n|t:|1718926315\n|switch|p1a: Regice|Regice, L88|284/284\n|move|p2a: Empoleon|Stealth Rock|p1a: Regice\n|-sidestart|p1: Vitoran|move: Stealth Rock\n|\n|-weather|SunnyDay|[upkeep]\n|upkeep\n|turn|4\n|\n|t:|1718926329\n|move|p2a: Empoleon|Yawn|p1a: Regice\n|-start|p1a: Regice|move: Yawn|[of] p2a: Empoleon\n|move|p1a: Regice|Thunderbolt|p2a: Empoleon\n|-supereffective|p2a: Empoleon\n|-damage|p2a: Empoleon|142/278\n|\n|-weather|SunnyDay|[upkeep]\n|-heal|p2a: Empoleon|159/278|[from] item: Leftovers\n|upkeep\n|turn|5\n|\n|t:|1718926336\n|move|p2a: Empoleon|Roost|p2a: Empoleon\n|-heal|p2a: Empoleon|278/278\n|-singleturn|p2a: Empoleon|move: Roost\n|move|p1a: Regice|Thunderbolt|p2a: Empoleon\n|-supereffective|p2a: Empoleon\n|-damage|p2a: Empoleon|140/278\n|\n|-weather|none\n|-heal|p2a: Empoleon|157/278|[from] item: Leftovers\n|-end|p1a: Regice|move: Yawn|[silent]\n|-status|p1a: Regice|slp\n|upkeep\n|turn|6\n|\n|t:|1718926348\n|move|p2a: Empoleon|Roost|p2a: Empoleon\n|-heal|p2a: Empoleon|278/278\n|-singleturn|p2a: Empoleon|move: Roost\n|cant|p1a: Regice|slp\n|move|p1a: Regice|Sleep Talk|p1a: Regice\n|move|p1a: Regice|Rest||[from]move: Sleep Talk|[still]\n|-fail|p1a: Regice\n|\n|upkeep\n|turn|7\n|\n|t:|1718926358\n|switch|p2a: Tinkaton|Tinkaton, L82, F|274/274\n|-damage|p2a: Tinkaton|257/274|[from] Stealth Rock\n|-ability|p2a: Tinkaton|Mold Breaker\n|cant|p1a: Regice|slp\n|move|p1a: Regice|Sleep Talk|p1a: Regice\n|move|p1a: Regice|Rest||[from]move: Sleep Talk|[still]\n|-fail|p1a: Regice\n|\n|upkeep\n|turn|8\n|\n|t:|1718926370\n|switch|p1a: Torkoal|Torkoal, L88, F|152/266\n|-weather|SunnyDay|[from] ability: Drought|[of] p1a: Torkoal\n|move|p2a: Tinkaton|Swords Dance|p2a: Tinkaton\n|-boost|p2a: Tinkaton|atk|2\n|\n|-weather|SunnyDay|[upkeep]\n|upkeep\n|turn|9\n|\n|t:|1718926397\n|switch|p2a: Empoleon|Empoleon, L84, M|278/278\n|-damage|p2a: Empoleon|261/278|[from] Stealth Rock\n|move|p1a: Torkoal|Lava Plume|p2a: Empoleon\n|-damage|p2a: Empoleon|152/278\n|\n|-weather|SunnyDay|[upkeep]\n|-heal|p2a: Empoleon|169/278|[from] item: Leftovers\n|upkeep\n|turn|10\n|\n|t:|1718926409\n|move|p2a: Empoleon|Roost|p2a: Empoleon\n|-heal|p2a: Empoleon|278/278\n|-singleturn|p2a: Empoleon|move: Roost\n|move|p1a: Torkoal|Lava Plume|p2a: Empoleon\n|-damage|p2a: Empoleon|172/278\n|-status|p2a: Empoleon|brn\n|\n|-weather|SunnyDay|[upkeep]\n|-heal|p2a: Empoleon|189/278 brn|[from] item: Leftovers\n|-damage|p2a: Empoleon|172/278 brn|[from] brn\n|upkeep\n|turn|11\n|\n|t:|1718926418\n|switch|p1a: Regice|Regice, L88|284/284 slp\n|move|p2a: Empoleon|Surf|p1a: Regice\n|-damage|p1a: Regice|260/284 slp\n|\n|-weather|SunnyDay|[upkeep]\n|-heal|p2a: Empoleon|189/278 brn|[from] item: Leftovers\n|-damage|p2a: Empoleon|172/278 brn|[from] brn\n|upkeep\n|turn|12\n|\n|t:|1718926426\n|switch|p2a: Tinkaton|Tinkaton, L82, F|257/274\n|-damage|p2a: Tinkaton|240/274|[from] Stealth Rock\n|-ability|p2a: Tinkaton|Mold Breaker\n|-curestatus|p1a: Regice|slp|[msg]\n|move|p1a: Regice|Thunderbolt|p2a: Tinkaton\n|-damage|p2a: Tinkaton|176/274\n|\n|-weather|none\n|upkeep\n|turn|13\n|\n|t:|1718926436\n|switch|p1a: Torkoal|Torkoal, L88, F|152/266\n|-weather|SunnyDay|[from] ability: Drought|[of] p1a: Torkoal\n|move|p2a: Tinkaton|Knock Off|p1a: Torkoal\n|-damage|p1a: Torkoal|108/266\n|-enditem|p1a: Torkoal|Heavy-Duty Boots|[from] move: Knock Off|[of] p2a: Tinkaton\n|-damage|p2a: Tinkaton|149/274|[from] item: Life Orb\n|\n|-weather|SunnyDay|[upkeep]\n|upkeep\n|turn|14\n|\n|t:|1718926445\n|switch|p2a: Empoleon|Empoleon, L84, M|172/278 brn\n|-damage|p2a: Empoleon|155/278 brn|[from] Stealth Rock\n|move|p1a: Torkoal|Lava Plume|p2a: Empoleon\n|-damage|p2a: Empoleon|35/278 brn\n|\n|-weather|SunnyDay|[upkeep]\n|-heal|p2a: Empoleon|52/278 brn|[from] item: Leftovers\n|-damage|p2a: Empoleon|35/278 brn|[from] brn\n|upkeep\n|turn|15\n|\n|t:|1718926454\n|move|p2a: Empoleon|Surf|p1a: Torkoal\n|-supereffective|p1a: Torkoal\n|-damage|p1a: Torkoal|0 fnt\n|faint|p1a: Torkoal\n|\n|-weather|SunnyDay|[upkeep]\n|-heal|p2a: Empoleon|52/278 brn|[from] item: Leftovers\n|-damage|p2a: Empoleon|35/278 brn|[from] brn\n|upkeep\n|\n|t:|1718926471\n|switch|p1a: Spectrier|Spectrier, L75|274/274\n|-damage|p1a: Spectrier|240/274|[from] Stealth Rock\n|turn|16\n|\n|t:|1718926478\n|switch|p2a: Pachirisu|Pachirisu, L96, F|271/271\n|-damage|p2a: Pachirisu|238/271|[from] Stealth Rock\n|move|p1a: Spectrier|Shadow Ball|p2a: Pachirisu\n|-damage|p2a: Pachirisu|172/271\n|-damage|p1a: Spectrier|213/274|[from] item: Life Orb\n|\n|-weather|SunnyDay|[upkeep]\n|upkeep\n|turn|17\n|\n|t:|1718926492\n|switch|p1a: Regice|Regice, L88|260/284\n|move|p2a: Pachirisu|Nuzzle|p1a: Regice\n|-damage|p1a: Regice|247/284\n|-status|p1a: Regice|par\n|\n|-weather|none\n|upkeep\n|turn|18\n|j| Zene1144\n|l| Zene1144\n|\n|t:|1718926502\n|move|p2a: Pachirisu|U-turn|p1a: Regice\n|-damage|p1a: Regice|213/284 par\n|\n|t:|1718926505\n|switch|p2a: Empoleon|Empoleon, L84, M|35/278 brn|[from] U-turn\n|-damage|p2a: Empoleon|18/278 brn|[from] Stealth Rock\n|move|p1a: Regice|Ice Beam|p2a: Empoleon\n|-resisted|p2a: Empoleon\n|-damage|p2a: Empoleon|0 fnt\n|faint|p2a: Empoleon\n|\n|upkeep\n|\n|t:|1718926526\n|switch|p2a: Tinkaton|Tinkaton, L82, F|149/274\n|-damage|p2a: Tinkaton|132/274|[from] Stealth Rock\n|-ability|p2a: Tinkaton|Mold Breaker\n|turn|19\n|\n|t:|1718926538\n|move|p2a: Tinkaton|Gigaton Hammer|p1a: Regice\n|-supereffective|p1a: Regice\n|-damage|p1a: Regice|0 fnt\n|faint|p1a: Regice\n|-damage|p2a: Tinkaton|105/274|[from] item: Life Orb\n|\n|upkeep\n|\n|t:|1718926541\n|switch|p1a: Spectrier|Spectrier, L75|213/274\n|-damage|p1a: Spectrier|179/274|[from] Stealth Rock\n|turn|20\n|\n|t:|1718926547\n|switch|p2a: Pachirisu|Pachirisu, L96, F|172/271\n|-damage|p2a: Pachirisu|139/271|[from] Stealth Rock\n|move|p1a: Spectrier|Shadow Ball|p2a: Pachirisu\n|-damage|p2a: Pachirisu|61/271\n|-unboost|p2a: Pachirisu|spd|1\n|-damage|p1a: Spectrier|152/274|[from] item: Life Orb\n|\n|upkeep\n|turn|21\n|\n|t:|1718926556\n|move|p1a: Spectrier|Shadow Ball|p2a: Pachirisu\n|-damage|p2a: Pachirisu|0 fnt\n|faint|p2a: Pachirisu\n|-ability|p1a: Spectrier|Grim Neigh|boost\n|-boost|p1a: Spectrier|spa|1\n|-damage|p1a: Spectrier|125/274|[from] item: Life Orb\n|\n|upkeep\n|\n|t:|1718926562\n|switch|p2a: Urshifu|Urshifu-Rapid-Strike, L75, M|274/274\n|-damage|p2a: Urshifu|257/274|[from] Stealth Rock\n|turn|22\n|\n|t:|1718926568\n|move|p2a: Urshifu|Surging Strikes|p1a: Spectrier\n|-crit|p1a: Spectrier\n|-damage|p1a: Spectrier|64/274\n|-crit|p1a: Spectrier\n|-damage|p1a: Spectrier|1/274\n|-crit|p1a: Spectrier\n|-damage|p1a: Spectrier|0 fnt\n|faint|p1a: Spectrier\n|-hitcount|p1: Spectrier|3\n|\n|upkeep\n|inactive|Vitoran has 120 seconds left.\n|inactive|Vitoran has 90 seconds left.\n|l| Shaky3\n|\n|t:|1718926652\n|switch|p1a: Minun|Minun, L95, F|268/268\n|-damage|p1a: Minun|235/268|[from] Stealth Rock\n|turn|23\n|inactive|Existential Risk has 120 seconds left.\n|\n|t:|1718926689\n|switch|p2a: Groudon|Groudon, L72|263/263\n|-damage|p2a: Groudon|247/263|[from] Stealth Rock\n|-weather|SunnyDay|[from] ability: Drought|[of] p2a: Groudon\n|move|p1a: Minun|Thunderbolt|p2a: Groudon\n|-immune|p2a: Groudon\n|\n|-weather|SunnyDay|[upkeep]\n|-heal|p2a: Groudon|263/263|[from] item: Leftovers\n|upkeep\n|turn|24\n|inactive|Existential Risk has 120 seconds left.\n|\n|t:|1718926702\n|move|p1a: Minun|Grass Knot|p2a: Groudon\n|-supereffective|p2a: Groudon\n|-damage|p2a: Groudon|0 fnt\n|faint|p2a: Groudon\n|-damage|p1a: Minun|209/268|[from] item: Life Orb\n|\n|-weather|SunnyDay|[upkeep]\n|upkeep\n|\n|t:|1718926713\n|switch|p2a: Palossand|Palossand, L89, M|296/296\n|-damage|p2a: Palossand|278/296|[from] Stealth Rock\n|turn|25\n|inactive|Vitoran has 90 seconds left.\n|j| Shaky3\n|\n|t:|1718926724\n|-terastallize|p1a: Minun|Grass\n|move|p1a: Minun|Grass Knot|p2a: Palossand\n|-supereffective|p2a: Palossand\n|-damage|p2a: Palossand|0 fnt\n|faint|p2a: Palossand\n|-damage|p1a: Minun|183/268|[from] item: Life Orb\n|\n|-weather|SunnyDay|[upkeep]\n|upkeep\n|inactive|Existential Risk has 120 seconds left.\n|\n|t:|1718926731\n|switch|p2a: Urshifu|Urshifu-Rapid-Strike, L75, M|257/274\n|-damage|p2a: Urshifu|240/274|[from] Stealth Rock\n|turn|26\n|\n|t:|1718926738\n|switch|p1a: Misdreavus|Misdreavus, L90, F|254/254\n|-damage|p1a: Misdreavus|223/254|[from] Stealth Rock\n|move|p2a: Urshifu|U-turn|p1a: Misdreavus\n|-resisted|p1a: Misdreavus\n|-damage|p1a: Misdreavus|203/254\n|\n|t:|1718926743\n|switch|p2a: Tinkaton|Tinkaton, L82, F|105/274|[from] U-turn\n|-damage|p2a: Tinkaton|88/274|[from] Stealth Rock\n|-ability|p2a: Tinkaton|Mold Breaker\n|\n|-weather|SunnyDay|[upkeep]\n|upkeep\n|turn|27\n|\n|t:|1718926752\n|switch|p1a: Noctowl|Noctowl, L95, F|344/344\n|move|p2a: Tinkaton|Knock Off|p1a: Noctowl\n|-damage|p1a: Noctowl|245/344\n|-enditem|p1a: Noctowl|Heavy-Duty Boots|[from] move: Knock Off|[of] p2a: Tinkaton\n|-damage|p2a: Tinkaton|61/274|[from] item: Life Orb\n|\n|-weather|none\n|upkeep\n|turn|28\n|inactive|Existential Risk has 120 seconds left.\n|l| Shaky3\n|\n|t:|1718926789\n|move|p2a: Tinkaton|Swords Dance|p2a: Tinkaton\n|-boost|p2a: Tinkaton|atk|2\n|move|p1a: Noctowl|Hyper Voice|p2a: Tinkaton\n|-resisted|p2a: Tinkaton\n|-damage|p2a: Tinkaton|0 fnt\n|faint|p2a: Tinkaton\n|\n|upkeep\n|j| Shaky3\n|-message|Existential Risk forfeited.\n|\n|win|Vitoran\n|raw|Vitoran's rating: 2368 &rarr; <strong>2385</strong><br />(+17 for winning)\n|raw|Existential Risk's rating: 2320 &rarr; <strong>2303</strong><br />(-17 for losing)\n|l|\u2606Existential Risk\n|player|p2|\n", "inputlog": ">version 8819e60f9a01cede7471b534a2fb53a3a85674fc\n>start {\"formatid\":\"gen9randombattle\",\"seed\":[22956,10578,33023,21004],\"rated\":\"Rated battle\"}\n>player p1 {\"name\":\"Vitoran\",\"avatar\":\"nemona-v\",\"rating\":2368,\"seed\":[62880,52780,15085,9181]}\n>player p2 {\"name\":\"Existential Risk\",\"avatar\":\"170\",\"rating\":2320,\"seed\":[49498,1538,2018,448]}\n>chat \u2606Vitoran|glhf\n>chat \u2606Existential Risk|u2\n>p1 switch 3\n>p2 switch 3\n>p1 move stealthrock\n>p2 move surf\n>p1 switch 5\n>p2 move stealthrock\n>p1 move thunderbolt\n>p2 move yawn\n>p1 move thunderbolt\n>p2 move roost\n>p1 move sleeptalk\n>p2 move roost\n>p1 move sleeptalk\n>p2 switch 4\n>p1 switch 5\n>p2 move swordsdance\n>p1 move lavaplume\n>p2 switch 4\n>p1 move lavaplume\n>p2 move roost\n>p1 switch 5\n>p2 move surf\n>p1 move thunderbolt\n>p2 switch 4\n>p1 switch 5\n>p2 move knockoff\n>p1 move lavaplume\n>p2 switch 4\n>p1 move lavaplume\n>p2 move surf\n>p1 switch 2\n>p1 move shadowball\n>p2 switch 6\n>p1 switch 5\n>p2 move nuzzle\n>p1 move icebeam\n>p2 move uturn\n>p2 switch 6\n>p2 switch 4\n>p1 move thunderbolt\n>p2 move gigatonhammer\n>p1 switch 5\n>p1 move shadowball\n>p2 switch 6\n>p1 move shadowball\n>p2 move nuzzle\n>p2 switch 3\n>p1 move shadowball\n>p2 move surgingstrikes\n>p1 switch 6\n>p1 move thunderbolt\n>p2 switch 5\n>p1 move grassknot\n>p2 move heatcrash\n>p2 switch 2\n>p1 move grassknot terastallize\n>p2 move earthpower\n>p2 switch 5\n>p1 switch 4\n>p2 move uturn\n>p2 switch 6\n>p1 switch 3\n>p2 move knockoff\n>p1 move hypervoice\n>p2 move swordsdance\n>forcelose p2", "uploadtime": 1718926798, "views": 178, "formatid": "gen9randombattle", "rating": 2303, "private": 0, "password": null}