{"id": "gen9randombattle-2260543972", "format": "[Gen 9] Random Battle", "players": ["demonzakore", "Clack Volley"], "log": "|j|\u2606demonzakore\n|j|\u2606Clack Volley\n|t:|1733861943\n|gametype|singles\n|player|p1|demonzakore|iris-gen5bw2|1568\n|player|p2|Clack Volley|gambler|1609\n|teamsize|p1|6\n|teamsize|p2|6\n|gen|9\n|tier|[Gen 9] Random Battle\n|rated|\n|rule|Species Clause: Limit one of each Pok\u00e9mon\n|rule|HP Percentage Mod: HP is shown in percentages\n|rule|Sleep Clause Mod: Limit one foe put to sleep\n|rule|Illusion Level Mod: Illusion disguises the Pok\u00e9mon's true level\n|\n|t:|1733861943\n|start\n|switch|p1a: Pyroar|Pyroar, L88, M|295/295\n|switch|p2a: Galvantula|Galvantula, L82, F|249/249\n|-ability|p1a: Pyroar|Unnerve\n|turn|1\n|\n|t:|1733861970\n|move|p1a: Pyroar|Fire Blast|p2a: Galvantula\n|-supereffective|p2a: Galvantula\n|-enditem|p2a: Galvantula|Focus Sash\n|-damage|p2a: Galvantula|1/249\n|move|p2a: Galvantula|Sticky Web|p1a: Pyroar\n|-sidestart|p1: demonzakore|move: Sticky Web\n|\n|upkeep\n|turn|2\n|\n|t:|1733861976\n|move|p1a: Pyroar|Dark Pulse|p2a: Galvantula\n|-damage|p2a: Galvantula|0 fnt\n|faint|p2a: Galvantula\n|\n|upkeep\n|\n|t:|1733861977\n|switch|p2a: Drednaw|Drednaw, L81, F|278/278\n|turn|3\n|\n|t:|1733861980\n|move|p1a: Pyroar|Taunt|p2a: Drednaw\n|-start|p2a: Drednaw|move: Taunt\n|cant|p2a: Drednaw|move: Taunt|Shell Smash\n|\n|upkeep\n|turn|4\n|\n|t:|1733861986\n|move|p1a: Pyroar|Dark Pulse|p2a: Drednaw\n|-damage|p2a: Drednaw|194/278\n|move|p2a: Drednaw|Liquidation|p1a: Pyroar\n|-supereffective|p1a: Pyroar\n|-damage|p1a: Pyroar|77/295\n|\n|upkeep\n|turn|5\n|\n|t:|1733861989\n|move|p1a: Pyroar|Dark Pulse|p2a: Drednaw\n|-damage|p2a: Drednaw|107/278\n|move|p2a: Drednaw|Liquidation|p1a: Pyroar\n|-supereffective|p1a: Pyroar\n|-damage|p1a: Pyroar|0 fnt\n|faint|p1a: Pyroar\n|\n|-end|p2a: Drednaw|move: Taunt\n|upkeep\n|\n|t:|1733862002\n|switch|p1a: Calyrex|Calyrex-Ice, L72|263/263\n|-ability|p1a: Calyrex|As One\n|-ability|p1a: Calyrex|Unnerve\n|turn|6\n|\n|t:|1733862062\n|move|p2a: Drednaw|Crunch|p1a: Calyrex\n|-supereffective|p1a: Calyrex\n|-damage|p1a: Calyrex|121/263\n|move|p1a: Calyrex|Trick Room|p1a: Calyrex\n|-fieldstart|move: Trick Room|[of] p1a: Calyrex\n|\n|upkeep\n|turn|7\n|\n|t:|1733862087\n|move|p1a: Calyrex|High Horsepower|p2a: Drednaw\n|-supereffective|p2a: Drednaw\n|-damage|p2a: Drednaw|0 fnt\n|faint|p2a: Drednaw\n|-ability|p1a: Calyrex|Chilling Neigh|boost\n|-boost|p1a: Calyrex|atk|1\n|\n|upkeep\n|\n|t:|1733862098\n|switch|p2a: Mamoswine|Mamoswine, L81, M|311/311\n|turn|8\n|\n|t:|1733862126\n|move|p1a: Calyrex|Close Combat|p2a: Mamoswine\n|-supereffective|p2a: Mamoswine\n|-damage|p2a: Mamoswine|7/311\n|-unboost|p1a: Calyrex|def|1\n|-unboost|p1a: Calyrex|spd|1\n|move|p2a: Mamoswine|Knock Off|p1a: Calyrex\n|-supereffective|p1a: Calyrex\n|-damage|p1a: Calyrex|0 fnt\n|-enditem|p1a: Calyrex|Heavy-Duty Boots|[from] move: Knock Off|[of] p2a: Mamoswine\n|faint|p1a: Calyrex\n|\n|upkeep\n|\n|t:|1733862133\n|switch|p1a: Okidogi|Okidogi, L77, M|262/262\n|-activate|p1a: Okidogi|move: Sticky Web\n|-unboost|p1a: Okidogi|spe|1\n|turn|9\n|\n|t:|1733862140\n|move|p1a: Okidogi|Drain Punch|p2a: Mamoswine\n|-supereffective|p2a: Mamoswine\n|-damage|p2a: Mamoswine|0 fnt\n|faint|p2a: Mamoswine\n|\n|upkeep\n|inactive|Battle timer is ON: inactive players will automatically lose when time's up. (requested by demonzakore)\n|\n|t:|1733862178\n|switch|p2a: Arceus|Arceus-Dragon, L71|288/288\n|turn|10\n|\n|t:|1733862196\n|move|p1a: Okidogi|Gunk Shot|p2a: Arceus\n|-damage|p2a: Arceus|165/288\n|move|p2a: Arceus|Swords Dance|p2a: Arceus\n|-boost|p2a: Arceus|atk|2\n|\n|-fieldend|move: Trick Room\n|upkeep\n|turn|11\n|\n|t:|1733862205\n|move|p2a: Arceus|Outrage|p1a: Okidogi\n|-damage|p1a: Okidogi|21/262\n|move|p1a: Okidogi|Gunk Shot|p2a: Arceus\n|-damage|p2a: Arceus|45/288\n|-status|p2a: Arceus|psn\n|\n|-damage|p2a: Arceus|9/288 psn|[from] psn\n|upkeep\n|turn|12\n|\n|t:|1733862215\n|move|p2a: Arceus|Outrage|p1a: Okidogi|[from]lockedmove\n|-damage|p1a: Okidogi|0 fnt\n|faint|p1a: Okidogi\n|-start|p2a: Arceus|confusion|[fatigue]\n|\n|-damage|p2a: Arceus|0 fnt|[from] psn\n|faint|p2a: Arceus\n|upkeep\n|\n|t:|1733862224\n|switch|p2a: Houndoom|Houndoom, L87, F|272/272\n|switch|p1a: Qwilfish|Qwilfish-Hisui, L83, F|244/244\n|-activate|p1a: Qwilfish|move: Sticky Web\n|-unboost|p1a: Qwilfish|spe|1\n|-ability|p1a: Qwilfish|Intimidate|boost\n|-unboost|p2a: Houndoom|atk|1\n|turn|13\n|\n|t:|1733862236\n|move|p2a: Houndoom|Nasty Plot|p2a: Houndoom\n|-boost|p2a: Houndoom|spa|2\n|move|p1a: Qwilfish|Gunk Shot|p2a: Houndoom\n|-damage|p2a: Houndoom|107/272\n|-status|p2a: Houndoom|psn\n|\n|-damage|p2a: Houndoom|73/272 psn|[from] psn\n|upkeep\n|turn|14\n|\n|t:|1733862243\n|move|p2a: Houndoom|Fire Blast|p1a: Qwilfish\n|-damage|p1a: Qwilfish|0 fnt\n|faint|p1a: Qwilfish\n|\n|-damage|p2a: Houndoom|39/272 psn|[from] psn\n|upkeep\n|\n|t:|1733862249\n|switch|p1a: Darkrai|Darkrai, L77|234/234\n|-activate|p1a: Darkrai|move: Sticky Web\n|-unboost|p1a: Darkrai|spe|1\n|turn|15\n|\n|t:|1733862251\n|move|p2a: Houndoom|Fire Blast|p1a: Darkrai\n|-damage|p1a: Darkrai|0 fnt\n|faint|p1a: Darkrai\n|\n|-damage|p2a: Houndoom|5/272 psn|[from] psn\n|upkeep\n|\n|t:|1733862253\n|switch|p1a: Lilligant|Lilligant-Hisui, L79, F|240/240\n|-activate|p1a: Lilligant|move: Sticky Web\n|-unboost|p1a: Lilligant|spe|1\n|turn|16\n|\n|t:|1733862259\n|-terastallize|p2a: Houndoom|Poison\n|-terastallize|p1a: Lilligant|Fighting\n|move|p2a: Houndoom|Sludge Bomb|p1a: Lilligant\n|-damage|p1a: Lilligant|0 fnt\n|faint|p1a: Lilligant\n|\n|win|Clack Volley\n|raw|demonzakore's rating: 1568 &rarr; <strong>1550</strong><br />(-18 for losing)\n|raw|Clack Volley's rating: 1609 &rarr; <strong>1627</strong><br />(+18 for winning)\n", "inputlog": ">version bfd83cad13791eb5a5a409923076391caf6fb4d4\n>start {\"formatid\":\"gen9randombattle\",\"seed\":[40470,55460,43290,53120],\"rated\":\"Rated battle\"}\n>player p1 {\"name\":\"demonzakore\",\"avatar\":\"iris-gen5bw2\",\"rating\":1568,\"seed\":[52778,12431,26811,32137]}\n>player p2 {\"name\":\"Clack Volley\",\"avatar\":\"gambler\",\"rating\":1609,\"seed\":[57929,7886,46445,48870]}\n>p1 move fireblast\n>p2 move stickyweb\n>p1 move darkpulse\n>p2 move thunder\n>p2 switch 4\n>p1 move taunt\n>p2 move shellsmash\n>p1 move darkpulse\n>p2 move liquidation\n>p1 move darkpulse\n>p2 move liquidation\n>p1 switch 5\n>p1 move trickroom\n>p2 move crunch\n>p1 move highhorsepower\n>p2 move crunch\n>p2 switch 2\n>p1 move closecombat\n>p2 move knockoff\n>p1 switch 2\n>p1 move drainpunch\n>p2 move knockoff\n>p2 switch 6\n>p1 move gunkshot\n>p2 move swordsdance\n>p1 move gunkshot\n>p2 move outrage\n>p1 move drainpunch\n>p2 move outrage\n>p1 switch 4\n>p2 switch 3\n>p1 move gunkshot\n>p2 move nastyplot\n>p1 move crunch\n>p2 move fireblast\n>p1 switch 3\n>p1 move darkpulse\n>p2 move fireblast\n>p1 switch 6\n>p1 move victorydance terastallize\n>p2 move sludgebomb terastallize", "uploadtime": 1733862260, "views": 1, "formatid": "gen9randombattle", "rating": 1550, "private": 0, "password": null}