{"id": "gen9randombattle-2152719099", "format": "[Gen 9] Random Battle", "players": ["dcif4", "xox11108"], "log": "|badge|p2|bronze|gen9randombattle|100-1\n|html|<div class=\"broadcast-red\"><strong>This battle is required to be public due to one or more player having a season medal.</strong><br />During the public phase, you can discuss the state of the ladder <a href=\"/seasondiscussion\">in a special chatroom.</a></div>\n|uhtml|medal-msg|<div class=\"broadcast-blue\">Curious what those medals under the avatar are? PS now has Ladder Seasons! For more information, check out the <a href=\"https://www.smogon.com/forums/threads/3740067/\">thread on Smogon.</a></div>\n|raw|<div class=\"broadcast-blue\"><strong>This battle is required to be public due to a player having a name starting with 'medal'.</div>\n|j|\u203ddcif4\n|j|\u203dxox11108\n|t:|1719761139\n|gametype|singles\n|player|p1|dcif4|101|2192\n|player|p2|xox11108|hilbert|2285\n|teamsize|p1|6\n|teamsize|p2|6\n|gen|9\n|tier|[Gen 9] Random Battle\n|rated|\n|rule|Species Clause: Limit one of each Pok\u00e9mon\n|rule|HP Percentage Mod: HP is shown in percentages\n|rule|Sleep Clause Mod: Limit one foe put to sleep\n|rule|Illusion Level Mod: Illusion disguises the Pok\u00e9mon's true level\n|\n|t:|1719761139\n|start\n|switch|p1a: Chandelure|Chandelure, L83, M|235/235\n|switch|p2a: Ting-Lu|Ting-Lu, L78|370/370\n|-ability|p2a: Ting-Lu|Vessel of Ruin\n|turn|1\n|inactive|Battle timer is ON: inactive players will automatically lose when time's up. (requested by xox11108)\n|\n|t:|1719761147\n|move|p1a: Chandelure|Trick|p2a: Ting-Lu\n|-activate|p1a: Chandelure|move: Trick|[of] p2a: Ting-Lu\n|-item|p2a: Ting-Lu|Choice Scarf|[from] move: Trick\n|-item|p1a: Chandelure|Leftovers|[from] move: Trick\n|move|p2a: Ting-Lu|Stealth Rock|p1a: Chandelure\n|-sidestart|p1: dcif4|move: Stealth Rock\n|\n|upkeep\n|turn|2\n|\n|t:|1719761154\n|switch|p2a: Manaphy|Manaphy, L78|284/284\n|move|p1a: Chandelure|Shadow Ball|p2a: Manaphy\n|-damage|p2a: Manaphy|166/284\n|-unboost|p2a: Manaphy|spd|1\n|\n|-heal|p2a: Manaphy|183/284|[from] item: Leftovers\n|upkeep\n|turn|3\n|\n|t:|1719761161\n|switch|p2a: Cyclizar|Cyclizar, L83, M|252/252\n|move|p1a: Chandelure|Energy Ball|p2a: Cyclizar\n|-resisted|p2a: Cyclizar\n|-damage|p2a: Cyclizar|193/252\n|\n|upkeep\n|turn|4\n|\n|t:|1719761177\n|switch|p1a: Comfey|Comfey, L85, M|225/225\n|-damage|p1a: Comfey|197/225|[from] Stealth Rock\n|move|p2a: Cyclizar|Knock Off|p1a: Comfey\n|-resisted|p1a: Comfey\n|-damage|p1a: Comfey|166/225\n|-enditem|p1a: Comfey|Leftovers|[from] move: Knock Off|[of] p2a: Cyclizar\n|\n|upkeep\n|turn|5\n|\n|t:|1719761184\n|switch|p2a: Raichu|Raichu-Alola, L87, F|246/246\n|move|p1a: Comfey|Calm Mind|p1a: Comfey\n|-boost|p1a: Comfey|spa|1\n|-boost|p1a: Comfey|spd|1\n|\n|upkeep\n|turn|6\n|\n|t:|1719761195\n|move|p1a: Comfey|Draining Kiss|p2a: Raichu\n|-damage|p2a: Raichu|176/246\n|-heal|p1a: Comfey|219/225|[from] drain|[of] p2a: Raichu\n|move|p2a: Raichu|Psyshock|p1a: Comfey\n|-damage|p1a: Comfey|86/225\n|\n|upkeep\n|turn|7\n|\n|t:|1719761209\n|switch|p2a: Ting-Lu|Ting-Lu, L78|370/370\n|-ability|p2a: Ting-Lu|Vessel of Ruin\n|switch|p1a: Mesprit|Mesprit, L85|275/275\n|-damage|p1a: Mesprit|241/275|[from] Stealth Rock\n|\n|upkeep\n|turn|8\n|\n|t:|1719761216\n|switch|p1a: Altaria|Altaria, L88, M|275/275\n|move|p2a: Ting-Lu|Throat Chop|p1a: Altaria\n|-damage|p1a: Altaria|200/275\n|-start|p1a: Altaria|Throat Chop|[silent]\n|\n|upkeep\n|turn|9\n|\n|t:|1719761224\n|switch|p2a: Porygon-Z|Porygon-Z, L83|277/277\n|move|p1a: Altaria|Dragon Dance|p1a: Altaria\n|-boost|p1a: Altaria|atk|1\n|-boost|p1a: Altaria|spe|1\n|\n|-end|p1a: Altaria|Throat Chop|[silent]\n|upkeep\n|turn|10\n|\n|t:|1719761231\n|move|p1a: Altaria|Brave Bird|p2a: Porygon-Z\n|-damage|p2a: Porygon-Z|82/277\n|-damage|p1a: Altaria|136/275|[from] Recoil\n|move|p2a: Porygon-Z|Ice Beam|p1a: Altaria\n|-supereffective|p1a: Altaria\n|-damage|p1a: Altaria|0 fnt\n|faint|p1a: Altaria\n|-damage|p2a: Porygon-Z|55/277|[from] item: Life Orb\n|\n|upkeep\n|\n|t:|1719761243\n|switch|p1a: Comfey|Comfey, L85, M|86/225\n|-damage|p1a: Comfey|58/225|[from] Stealth Rock\n|turn|11\n|\n|t:|1719761249\n|switch|p2a: Ting-Lu|Ting-Lu, L78|370/370\n|-ability|p2a: Ting-Lu|Vessel of Ruin\n|move|p1a: Comfey|Draining Kiss|p2a: Ting-Lu\n|-supereffective|p2a: Ting-Lu\n|-damage|p2a: Ting-Lu|284/370\n|-heal|p1a: Comfey|123/225|[from] drain|[of] p2a: Ting-Lu\n|\n|upkeep\n|turn|12\n|\n|t:|1719761261\n|move|p1a: Comfey|Draining Kiss|p2a: Ting-Lu\n|-supereffective|p2a: Ting-Lu\n|-damage|p2a: Ting-Lu|204/370\n|-heal|p1a: Comfey|183/225|[from] drain|[of] p2a: Ting-Lu\n|move|p2a: Ting-Lu|Whirlwind|p1a: Comfey\n|drag|p1a: Gouging Fire|Gouging Fire, L74|277/277\n|\n|upkeep\n|turn|13\n|\n|t:|1719761271\n|move|p1a: Gouging Fire|Dragon Dance|p1a: Gouging Fire\n|-boost|p1a: Gouging Fire|atk|1\n|-boost|p1a: Gouging Fire|spe|1\n|move|p2a: Ting-Lu|Whirlwind|p1a: Gouging Fire\n|-end|p1a: Gouging Fire|Protosynthesis|[silent]\n|drag|p1a: Mesprit|Mesprit, L85|241/275\n|-damage|p1a: Mesprit|207/275|[from] Stealth Rock\n|\n|upkeep\n|turn|14\n|\n|t:|1719761277\n|move|p1a: Mesprit|Dazzling Gleam|p2a: Ting-Lu\n|-supereffective|p2a: Ting-Lu\n|-damage|p2a: Ting-Lu|88/370\n|move|p2a: Ting-Lu|Whirlwind|p1a: Mesprit\n|drag|p1a: Chandelure|Chandelure, L83, M|235/235\n|-damage|p1a: Chandelure|177/235|[from] Stealth Rock\n|\n|-heal|p1a: Chandelure|191/235|[from] item: Leftovers\n|upkeep\n|turn|15\n|\n|t:|1719761285\n|move|p1a: Chandelure|Energy Ball|p2a: Ting-Lu\n|-supereffective|p2a: Ting-Lu\n|-damage|p2a: Ting-Lu|0 fnt\n|faint|p2a: Ting-Lu\n|\n|-heal|p1a: Chandelure|205/235|[from] item: Leftovers\n|upkeep\n|\n|t:|1719761290\n|switch|p2a: Manaphy|Manaphy, L78|183/284\n|turn|16\n|\n|t:|1719761297\n|move|p2a: Manaphy|Tail Glow|p2a: Manaphy\n|-boost|p2a: Manaphy|spa|3\n|move|p1a: Chandelure|Energy Ball|p2a: Manaphy\n|-supereffective|p2a: Manaphy\n|-damage|p2a: Manaphy|21/284\n|\n|-heal|p2a: Manaphy|38/284|[from] item: Leftovers\n|-heal|p1a: Chandelure|219/235|[from] item: Leftovers\n|upkeep\n|turn|17\n|\n|t:|1719761303\n|move|p2a: Manaphy|Surf|p1a: Chandelure\n|-supereffective|p1a: Chandelure\n|-damage|p1a: Chandelure|0 fnt\n|faint|p1a: Chandelure\n|\n|-heal|p2a: Manaphy|55/284|[from] item: Leftovers\n|upkeep\n|\n|t:|1719761306\n|switch|p1a: Comfey|Comfey, L85, M|183/225\n|-damage|p1a: Comfey|155/225|[from] Stealth Rock\n|turn|18\n|\n|t:|1719761313\n|-terastallize|p2a: Manaphy|Grass\n|move|p1a: Comfey|Draining Kiss|p2a: Manaphy\n|-damage|p2a: Manaphy|12/284\n|-heal|p1a: Comfey|187/225|[from] drain|[of] p2a: Manaphy\n|move|p2a: Manaphy|Energy Ball|p1a: Comfey\n|-damage|p1a: Comfey|18/225\n|\n|-heal|p2a: Manaphy|29/284|[from] item: Leftovers\n|upkeep\n|turn|19\n|\n|t:|1719761319\n|move|p1a: Comfey|Draining Kiss|p2a: Manaphy\n|-damage|p2a: Manaphy|0 fnt\n|-heal|p1a: Comfey|40/225|[from] drain|[of] p2a: Manaphy\n|faint|p2a: Manaphy\n|\n|upkeep\n|\n|t:|1719761320\n|switch|p2a: Raichu|Raichu-Alola, L87, F|176/246\n|turn|20\n|\n|t:|1719761328\n|switch|p1a: Gouging Fire|Gouging Fire, L74|277/277\n|move|p2a: Raichu|Psyshock|p1a: Gouging Fire\n|-damage|p1a: Gouging Fire|151/277\n|\n|upkeep\n|turn|21\n|\n|t:|1719761339\n|move|p2a: Raichu|Psyshock|p1a: Gouging Fire\n|-crit|p1a: Gouging Fire\n|-damage|p1a: Gouging Fire|0 fnt\n|faint|p1a: Gouging Fire\n|-end|p1a: Gouging Fire|Protosynthesis|[silent]\n|\n|upkeep\n|\n|t:|1719761345\n|switch|p1a: Mesprit|Mesprit, L85|207/275\n|-damage|p1a: Mesprit|173/275|[from] Stealth Rock\n|turn|22\n|\n|t:|1719761351\n|switch|p2a: Porygon-Z|Porygon-Z, L83|55/277\n|move|p1a: Mesprit|Psychic|p2a: Porygon-Z\n|-damage|p2a: Porygon-Z|0 fnt\n|faint|p2a: Porygon-Z\n|\n|upkeep\n|\n|t:|1719761366\n|switch|p2a: Dragapult|Dragapult, L77, M|262/262\n|turn|23\n|\n|t:|1719761369\n|move|p1a: Mesprit|Psychic|p2a: Dragapult\n|-crit|p2a: Dragapult\n|-damage|p2a: Dragapult|79/262\n|move|p2a: Dragapult|Shadow Ball|p1a: Mesprit\n|-supereffective|p1a: Mesprit\n|-damage|p1a: Mesprit|0 fnt\n|faint|p1a: Mesprit\n|\n|upkeep\n|\n|t:|1719761375\n|switch|p1a: Comfey|Comfey, L85, M|40/225\n|-damage|p1a: Comfey|12/225|[from] Stealth Rock\n|turn|24\n|\n|t:|1719761383\n|move|p1a: Comfey|Draining Kiss|p2a: Dragapult\n|-supereffective|p2a: Dragapult\n|-damage|p2a: Dragapult|0 fnt\n|-heal|p1a: Comfey|71/225|[from] drain|[of] p2a: Dragapult\n|faint|p2a: Dragapult\n|\n|upkeep\n|\n|t:|1719761384\n|switch|p2a: Raichu|Raichu-Alola, L87, F|176/246\n|turn|25\n|\n|t:|1719761395\n|move|p1a: Comfey|Draining Kiss|p2a: Raichu\n|-damage|p2a: Raichu|125/246\n|-heal|p1a: Comfey|109/225|[from] drain|[of] p2a: Raichu\n|move|p2a: Raichu|Psyshock|p1a: Comfey\n|-damage|p1a: Comfey|0 fnt\n|faint|p1a: Comfey\n|\n|upkeep\n|\n|t:|1719761403\n|switch|p1a: Mimikyu|Mimikyu, L79, M|216/216\n|-damage|p1a: Mimikyu|189/216|[from] Stealth Rock\n|turn|26\n|\n|t:|1719761412\n|move|p1a: Mimikyu|Shadow Sneak|p2a: Raichu\n|-supereffective|p2a: Raichu\n|-damage|p2a: Raichu|0 fnt\n|faint|p2a: Raichu\n|-damage|p1a: Mimikyu|168/216|[from] item: Life Orb\n|\n|upkeep\n|-message|xox11108 forfeited.\n|\n|win|dcif4\n|raw|dcif4's rating: 2192 &rarr; <strong>2217</strong><br />(+25 for winning)\n|raw|xox11108's rating: 2285 &rarr; <strong>2260</strong><br />(-25 for losing)\n|l|\u203dxox11108\n|player|p2|\n", "inputlog": ">version 021bb6b4147d783a3aa9da22896c4e1e173f1b61\n>start {\"formatid\":\"gen9randombattle\",\"seed\":[53564,40711,41971,31857],\"rated\":\"Rated battle\"}\n>player p1 {\"name\":\"dcif4\",\"avatar\":\"101\",\"rating\":2192,\"seed\":[13578,59147,39834,47553]}\n>player p2 {\"name\":\"xox11108\",\"avatar\":\"hilbert\",\"rating\":2285,\"seed\":[12642,15482,4178,47494]}\n>p1 move trick\n>p2 move stealthrock\n>p1 move shadowball\n>p2 switch 6\n>p1 move energyball\n>p2 switch 2\n>p1 switch 6\n>p2 move knockoff\n>p1 move calmmind\n>p2 switch 4\n>p1 move drainingkiss\n>p2 move psyshock\n>p1 switch 4\n>p2 switch 6\n>p1 switch 3\n>p2 move throatchop\n>p1 move dragondance\n>p2 switch 5\n>p1 move bravebird\n>p2 move icebeam\n>p1 switch 4\n>p1 move drainingkiss\n>p2 switch 5\n>p1 move drainingkiss\n>p2 move whirlwind\n>p1 move dragondance\n>p2 move whirlwind\n>p1 move dazzlinggleam\n>p2 move whirlwind\n>p1 move energyball\n>p2 move whirlwind\n>p2 switch 2\n>p1 move energyball\n>p2 move tailglow\n>p1 move energyball\n>p2 move surf\n>p1 switch 5\n>p1 move drainingkiss\n>p2 move energyball terastallize\n>p1 move drainingkiss\n>p2 move icebeam\n>p2 switch 6\n>p1 switch 3\n>p2 move psyshock\n>p1 move dragondance\n>p2 move psyshock\n>p1 switch 6\n>p1 move psychic\n>p2 switch 5\n>p2 switch 3\n>p1 move psychic\n>p2 move shadowball\n>p1 switch 3\n>p1 move drainingkiss\n>p2 move shadowball\n>p2 switch 5\n>p1 move drainingkiss\n>p2 move psyshock\n>p1 switch 2\n>p1 move shadowsneak\n>p2 move psyshock\n>forcelose p2", "uploadtime": 1719761422, "views": 187, "formatid": "gen9randombattle", "rating": 2217, "private": 0, "password": null}