{"id": "gen9randombattle-2260876107", "format": "[Gen 9] Random Battle", "players": ["papa1980", "goulao"], "log": "|j|\u2606papa1980\n|j|\u2606goulao\n|t:|1733909007\n|gametype|singles\n|player|p1|papa1980|101|1303\n|player|p2|goulao|2|1275\n|teamsize|p1|6\n|teamsize|p2|6\n|gen|9\n|tier|[Gen 9] Random Battle\n|rated|\n|rule|Species Clause: Limit one of each Pok\u00e9mon\n|rule|HP Percentage Mod: HP is shown in percentages\n|rule|Sleep Clause Mod: Limit one foe put to sleep\n|rule|Illusion Level Mod: Illusion disguises the Pok\u00e9mon's true level\n|\n|t:|1733909007\n|start\n|switch|p1a: Slither Wing|Slither Wing, L81|270/270\n|switch|p2a: Skeledirge|Skeledirge, L79, M|294/294\n|turn|1\n|inactive|Battle timer is ON: inactive players will automatically lose when time's up. (requested by papa1980)\n|inactive|papa1980 has 120 seconds left.\n|\n|t:|1733909040\n|move|p1a: Slither Wing|U-turn|p2a: Skeledirge\n|-resisted|p2a: Skeledirge\n|-damage|p2a: Skeledirge|267/294\n|-damage|p1a: Slither Wing|243/270|[from] item: Life Orb\n|\n|t:|1733909051\n|-end|p1a: Slither Wing|Protosynthesis|[silent]\n|switch|p1a: Vaporeon|Vaporeon, L86, M|364/364|[from] U-turn\n|move|p2a: Skeledirge|Torch Song|p1a: Vaporeon\n|-resisted|p1a: Vaporeon\n|-damage|p1a: Vaporeon|328/364\n|-boost|p2a: Skeledirge|spa|1\n|\n|-heal|p1a: Vaporeon|350/364|[from] item: Leftovers\n|upkeep\n|turn|2\n|\n|t:|1733909078\n|switch|p2a: Sableye|Sableye, L89, F|234/234\n|move|p1a: Vaporeon|Scald|p2a: Sableye\n|-damage|p2a: Sableye|113/234\n|\n|-heal|p1a: Vaporeon|364/364|[from] item: Leftovers\n|-heal|p2a: Sableye|127/234|[from] item: Leftovers\n|upkeep\n|turn|3\n|\n|t:|1733909095\n|switch|p1a: Regigigas|Regigigas, L84|322/322\n|-start|p1a: Regigigas|ability: Slow Start\n|move|p2a: Sableye|Recover|p2a: Sableye\n|-heal|p2a: Sableye|234/234\n|\n|upkeep\n|turn|4\n|\n|t:|1733909107\n|move|p2a: Sableye|Will-O-Wisp|p1a: Regigigas\n|-status|p1a: Regigigas|brn\n|move|p1a: Regigigas|Knock Off|p2a: Sableye\n|-damage|p2a: Sableye|204/234\n|-enditem|p2a: Sableye|Leftovers|[from] move: Knock Off|[of] p1a: Regigigas\n|\n|-damage|p1a: Regigigas|302/322 brn|[from] brn\n|upkeep\n|turn|5\n|inactive|goulao has 120 seconds left.\n|\n|t:|1733909139\n|switch|p2a: Skeledirge|Skeledirge, L79, M|267/294\n|move|p1a: Regigigas|Knock Off|p2a: Skeledirge\n|-supereffective|p2a: Skeledirge\n|-damage|p2a: Skeledirge|214/294\n|-enditem|p2a: Skeledirge|Heavy-Duty Boots|[from] move: Knock Off|[of] p1a: Regigigas\n|\n|-heal|p1a: Regigigas|322/322 brn|[from] item: Leftovers\n|-damage|p1a: Regigigas|302/322 brn|[from] brn\n|upkeep\n|turn|6\n|\n|t:|1733909165\n|move|p2a: Skeledirge|Slack Off|p2a: Skeledirge\n|-heal|p2a: Skeledirge|294/294\n|move|p1a: Regigigas|Knock Off|p2a: Skeledirge\n|-supereffective|p2a: Skeledirge\n|-damage|p2a: Skeledirge|260/294\n|\n|-heal|p1a: Regigigas|322/322 brn|[from] item: Leftovers\n|-damage|p1a: Regigigas|302/322 brn|[from] brn\n|upkeep\n|turn|7\n|inactive|papa1980 has 120 seconds left.\n|\n|t:|1733909188\n|-end|p1a: Regigigas|Slow Start|[silent]\n|switch|p1a: Vaporeon|Vaporeon, L86, M|364/364\n|move|p2a: Skeledirge|Torch Song|p1a: Vaporeon\n|-resisted|p1a: Vaporeon\n|-damage|p1a: Vaporeon|328/364\n|-boost|p2a: Skeledirge|spa|1\n|\n|-heal|p1a: Vaporeon|350/364|[from] item: Leftovers\n|upkeep\n|turn|8\n|inactive|papa1980 has 120 seconds left.\n|\n|t:|1733909205\n|switch|p2a: Sableye|Sableye, L89, F|204/234\n|move|p1a: Vaporeon|Flip Turn|p2a: Sableye\n|-damage|p2a: Sableye|147/234\n|inactive|papa1980 has 120 seconds left.\n|\n|t:|1733909212\n|switch|p1a: Regigigas|Regigigas, L84|302/322 brn|[from] Flip Turn\n|-start|p1a: Regigigas|ability: Slow Start\n|\n|-heal|p1a: Regigigas|322/322 brn|[from] item: Leftovers\n|-damage|p1a: Regigigas|302/322 brn|[from] brn\n|upkeep\n|turn|9\n|inactive|papa1980 has 120 seconds left.\n|\n|t:|1733909226\n|move|p2a: Sableye|Recover|p2a: Sableye\n|-heal|p2a: Sableye|234/234\n|move|p1a: Regigigas|Knock Off|p2a: Sableye\n|-damage|p2a: Sableye|216/234\n|\n|-heal|p1a: Regigigas|322/322 brn|[from] item: Leftovers\n|-damage|p1a: Regigigas|302/322 brn|[from] brn\n|upkeep\n|turn|10\n|inactive|papa1980 has 120 seconds left.\n|\n|t:|1733909238\n|move|p2a: Sableye|Knock Off|p1a: Regigigas\n|-damage|p1a: Regigigas|217/322 brn\n|-enditem|p1a: Regigigas|Leftovers|[from] move: Knock Off|[of] p2a: Sableye\n|move|p1a: Regigigas|Knock Off|p2a: Sableye\n|-damage|p2a: Sableye|198/234\n|\n|-damage|p1a: Regigigas|197/322 brn|[from] brn\n|upkeep\n|turn|11\n|inactive|papa1980 has 120 seconds left.\n|\n|t:|1733909249\n|move|p2a: Sableye|Knock Off|p1a: Regigigas\n|-damage|p1a: Regigigas|143/322 brn\n|move|p1a: Regigigas|Knock Off|p2a: Sableye\n|-damage|p2a: Sableye|181/234\n|\n|-damage|p1a: Regigigas|123/322 brn|[from] brn\n|upkeep\n|turn|12\n|inactive|papa1980 has 120 seconds left.\n|\n|t:|1733909267\n|move|p2a: Sableye|Knock Off|p1a: Regigigas\n|-damage|p1a: Regigigas|68/322 brn\n|move|p1a: Regigigas|Rest|p1a: Regigigas\n|-status|p1a: Regigigas|slp|[from] move: Rest\n|-heal|p1a: Regigigas|322/322 slp|[silent]\n|\n|upkeep\n|turn|13\n|inactive|papa1980 has 120 seconds left.\n|inactive|goulao has 120 seconds left.\n|\n|t:|1733909284\n|-end|p1a: Regigigas|Slow Start|[silent]\n|switch|p1a: Slither Wing|Slither Wing, L81|243/270\n|move|p2a: Sableye|Encore||[still]\n|-fail|p2a: Sableye\n|\n|upkeep\n|turn|14\n|inactive|goulao has 120 seconds left.\n|\n|t:|1733909295\n|move|p1a: Slither Wing|First Impression|p2a: Sableye\n|-damage|p2a: Sableye|17/234\n|-damage|p1a: Slither Wing|216/270|[from] item: Life Orb\n|move|p2a: Sableye|Will-O-Wisp|p1a: Slither Wing\n|-status|p1a: Slither Wing|brn\n|\n|-damage|p1a: Slither Wing|200/270 brn|[from] brn\n|upkeep\n|turn|15\n|inactive|papa1980 has 120 seconds left.\n|\n|t:|1733909307\n|move|p2a: Sableye|Recover|p2a: Sableye\n|-heal|p2a: Sableye|134/234\n|move|p1a: Slither Wing|U-turn|p2a: Sableye\n|-damage|p2a: Sableye|68/234\n|-damage|p1a: Slither Wing|173/270 brn|[from] item: Life Orb\n|\n|t:|1733909328\n|-end|p1a: Slither Wing|Protosynthesis|[silent]\n|switch|p1a: Vaporeon|Vaporeon, L86, M|350/364|[from] U-turn\n|\n|-heal|p1a: Vaporeon|364/364|[from] item: Leftovers\n|upkeep\n|turn|16\n|\n|t:|1733909338\n|move|p2a: Sableye|Recover|p2a: Sableye\n|-heal|p2a: Sableye|185/234\n|move|p1a: Vaporeon|Scald|p2a: Sableye\n|-damage|p2a: Sableye|68/234\n|\n|upkeep\n|turn|17\n|\n|t:|1733909349\n|switch|p1a: Slither Wing|Slither Wing, L81|173/270 brn\n|move|p2a: Sableye|Knock Off|p1a: Slither Wing\n|-resisted|p1a: Slither Wing\n|-damage|p1a: Slither Wing|121/270 brn\n|-enditem|p1a: Slither Wing|Life Orb|[from] move: Knock Off|[of] p2a: Sableye\n|\n|-damage|p1a: Slither Wing|105/270 brn|[from] brn\n|upkeep\n|turn|18\n|inactive|goulao has 120 seconds left.\n|\n|t:|1733909378\n|switch|p2a: Ting-Lu|Ting-Lu, L78|370/370\n|-ability|p2a: Ting-Lu|Vessel of Ruin\n|move|p1a: Slither Wing|First Impression|p2a: Ting-Lu\n|-supereffective|p2a: Ting-Lu\n|-damage|p2a: Ting-Lu|283/370\n|\n|-heal|p2a: Ting-Lu|306/370|[from] item: Leftovers\n|-damage|p1a: Slither Wing|89/270 brn|[from] brn\n|upkeep\n|turn|19\n|inactive|papa1980 has 120 seconds left.\n|inactive|goulao has 120 seconds left.\n|\n|t:|1733909391\n|move|p1a: Slither Wing|U-turn|p2a: Ting-Lu\n|-supereffective|p2a: Ting-Lu\n|-damage|p2a: Ting-Lu|228/370\n|\n|t:|1733909405\n|-end|p1a: Slither Wing|Protosynthesis|[silent]\n|switch|p1a: Vaporeon|Vaporeon, L86, M|364/364|[from] U-turn\n|move|p2a: Ting-Lu|Spikes|p1a: Vaporeon\n|-sidestart|p1: papa1980|Spikes\n|\n|-heal|p2a: Ting-Lu|251/370|[from] item: Leftovers\n|upkeep\n|turn|20\n|inactive|goulao has 120 seconds left.\n|\n|t:|1733909426\n|move|p1a: Vaporeon|Wish|p1a: Vaporeon\n|move|p2a: Ting-Lu|Spikes|p1a: Vaporeon\n|-sidestart|p1: papa1980|Spikes\n|\n|-heal|p2a: Ting-Lu|274/370|[from] item: Leftovers\n|upkeep\n|turn|21\n|\n|t:|1733909450\n|switch|p1a: Slither Wing|Slither Wing, L81|89/270 brn\n|-damage|p1a: Slither Wing|44/270 brn|[from] Spikes\n|move|p2a: Ting-Lu|Whirlwind|p1a: Slither Wing\n|-end|p1a: Slither Wing|Protosynthesis|[silent]\n|drag|p1a: Lycanroc|Lycanroc-Dusk, L80, F|251/251\n|-damage|p1a: Lycanroc|210/251|[from] Spikes\n|\n|-heal|p1a: Lycanroc|251/251|[from] move: Wish|[wisher] Vaporeon\n|-heal|p2a: Ting-Lu|297/370|[from] item: Leftovers\n|upkeep\n|turn|22\n|inactive|goulao has 120 seconds left.\n|inactive|papa1980 has 90 seconds left.\n|l|\u2606papa1980\n|inactive|papa1980 disconnected and has a minute to reconnect!\n|player|p1|\n|inactive|papa1980 has 30 seconds to reconnect!\n|inactive|papa1980 has 20 seconds to reconnect!\n|inactive|papa1980 has 15 seconds to reconnect!\n|inactive|papa1980 has 10 seconds to reconnect!\n|inactive|papa1980 has 5 seconds to reconnect!\n|-message|papa1980 lost due to inactivity.\n|\n|win|goulao\n|raw|papa1980's rating: 1303 &rarr; <strong>1281</strong><br />(-22 for losing)\n|raw|goulao's rating: 1275 &rarr; <strong>1302</strong><br />(+27 for winning)\n", "inputlog": ">version bfd83cad13791eb5a5a409923076391caf6fb4d4\n>start {\"formatid\":\"gen9randombattle\",\"seed\":[31028,3280,21222,44488],\"rated\":\"Rated battle\"}\n>player p1 {\"name\":\"papa1980\",\"avatar\":\"101\",\"rating\":1303,\"seed\":[52850,48673,47951,5862]}\n>player p2 {\"name\":\"goulao\",\"avatar\":\"2\",\"rating\":1275,\"seed\":[57014,6871,43212,20727]}\n>p1 move uturn\n>p2 move torchsong\n>p1 switch 4\n>p1 move scald\n>p2 switch 2\n>p1 switch 3\n>p2 move recover\n>p1 move knockoff\n>p2 move willowisp\n>p1 move knockoff\n>p2 switch 2\n>p1 move knockoff\n>p2 move slackoff\n>p1 switch 3\n>p2 move torchsong\n>p1 move flipturn\n>p2 switch 2\n>p1 switch 3\n>p1 move knockoff\n>p2 move recover\n>p1 move knockoff\n>p2 move knockoff\n>p1 move knockoff\n>p2 move knockoff\n>p1 move rest\n>p2 move knockoff\n>p1 switch 4\n>p2 move encore\n>p1 move firstimpression\n>p2 move willowisp\n>p1 move uturn\n>p2 move recover\n>p1 switch 3\n>p1 move scald\n>p2 move recover\n>p1 switch 3\n>p2 move knockoff\n>p1 move firstimpression\n>p2 switch 4\n>p1 move uturn\n>p2 move spikes\n>p1 switch 3\n>p1 move wish\n>p2 move spikes\n>p1 switch 3\n>p2 move whirlwind\n>forcelose p1", "uploadtime": 1733909536, "views": 6, "formatid": "gen9randombattle", "rating": 1281, "private": 0, "password": null}