{"id": "gen9randombattle-2260724470", "format": "[Gen 9] Random Battle", "players": ["Yan's Thighs Crush", "Chiraes1"], "log": "|j|\u2606Yan's Thighs Crush\n|j|\u2606Chiraes1\n|t:|1733883262\n|gametype|singles\n|player|p1|Yan's Thighs Crush|acetrainerf|1326\n|player|p2|Chiraes1|elesa|1288\n|teamsize|p1|6\n|teamsize|p2|6\n|gen|9\n|tier|[Gen 9] Random Battle\n|rated|\n|rule|Species Clause: Limit one of each Pok\u00e9mon\n|rule|HP Percentage Mod: HP is shown in percentages\n|rule|Sleep Clause Mod: Limit one foe put to sleep\n|rule|Illusion Level Mod: Illusion disguises the Pok\u00e9mon's true level\n|\n|t:|1733883262\n|start\n|switch|p1a: Magnezone|Magnezone, L85|258/258\n|switch|p2a: Hatterene|Hatterene, L85, F|236/236\n|turn|1\n|inactive|Battle timer is ON: inactive players will automatically lose when time's up. (requested by Yan's Thighs Crush)\n|inactive|Yan's Thighs Crush has 120 seconds left.\n|\n|t:|1733883306\n|switch|p2a: Scizor|Scizor, L79, M|240/240\n|move|p1a: Magnezone|Flash Cannon|p2a: Scizor\n|-resisted|p2a: Scizor\n|-damage|p2a: Scizor|174/240\n|\n|upkeep\n|turn|2\n|\n|t:|1733883325\n|switch|p1a: Dudunsparce|Dudunsparce, L83, M|343/343\n|move|p2a: Scizor|Close Combat|p1a: Dudunsparce\n|-supereffective|p1a: Dudunsparce\n|-damage|p1a: Dudunsparce|51/343\n|-unboost|p2a: Scizor|def|1\n|-unboost|p2a: Scizor|spd|1\n|\n|-heal|p1a: Dudunsparce|72/343|[from] item: Leftovers\n|upkeep\n|turn|3\n|\n|t:|1733883353\n|move|p2a: Scizor|Close Combat|p1a: Dudunsparce\n|-supereffective|p1a: Dudunsparce\n|-damage|p1a: Dudunsparce|0 fnt\n|-unboost|p2a: Scizor|def|1\n|-unboost|p2a: Scizor|spd|1\n|faint|p1a: Dudunsparce\n|\n|upkeep\n|\n|t:|1733883363\n|switch|p1a: Solgaleo|Solgaleo, L74|325/325\n|turn|4\n|\n|t:|1733883372\n|move|p1a: Solgaleo|Flare Blitz|p2a: Scizor\n|-supereffective|p2a: Scizor\n|-damage|p2a: Scizor|0 fnt\n|faint|p2a: Scizor\n|-damage|p1a: Solgaleo|268/325|[from] Recoil\n|\n|upkeep\n|\n|t:|1733883393\n|switch|p2a: Metagross|Metagross, L79|256/256\n|turn|5\n|\n|t:|1733883404\n|move|p1a: Solgaleo|Knock Off|p2a: Metagross\n|-supereffective|p2a: Metagross\n|-damage|p2a: Metagross|140/256\n|-enditem|p2a: Metagross|Leftovers|[from] move: Knock Off|[of] p1a: Solgaleo\n|move|p2a: Metagross|Knock Off|p1a: Solgaleo\n|-supereffective|p1a: Solgaleo\n|-damage|p1a: Solgaleo|100/325\n|-damage|p2a: Metagross|98/256|[from] item: Rocky Helmet|[of] p1a: Solgaleo\n|-enditem|p1a: Solgaleo|Rocky Helmet|[from] move: Knock Off|[of] p2a: Metagross\n|\n|upkeep\n|turn|6\n|\n|t:|1733883420\n|move|p1a: Solgaleo|Flare Blitz|p2a: Metagross\n|-supereffective|p2a: Metagross\n|-damage|p2a: Metagross|0 fnt\n|faint|p2a: Metagross\n|-damage|p1a: Solgaleo|68/325|[from] Recoil\n|\n|upkeep\n|\n|t:|1733883426\n|switch|p2a: Iron Thorns|Iron Thorns, L83|302/302\n|turn|7\n|\n|t:|1733883436\n|move|p1a: Solgaleo|Sunsteel Strike|p2a: Iron Thorns\n|-damage|p2a: Iron Thorns|202/302\n|move|p2a: Iron Thorns|Volt Switch|p1a: Solgaleo\n|-damage|p1a: Solgaleo|5/325\n|\n|t:|1733883446\n|-end|p2a: Iron Thorns|Quark Drive|[silent]\n|switch|p2a: Kingdra|Kingdra, L84, F|263/263|[from] Volt Switch\n|\n|upkeep\n|turn|8\n|\n|t:|1733883457\n|move|p2a: Kingdra|Rain Dance|p2a: Kingdra\n|-weather|RainDance\n|move|p1a: Solgaleo|Knock Off|p2a: Kingdra\n|-damage|p2a: Kingdra|196/263\n|-enditem|p2a: Kingdra|Life Orb|[from] move: Knock Off|[of] p1a: Solgaleo\n|\n|-weather|RainDance|[upkeep]\n|upkeep\n|turn|9\n|\n|t:|1733883464\n|move|p2a: Kingdra|Hurricane|p1a: Solgaleo\n|-resisted|p1a: Solgaleo\n|-crit|p1a: Solgaleo\n|-damage|p1a: Solgaleo|0 fnt\n|faint|p1a: Solgaleo\n|\n|-weather|RainDance|[upkeep]\n|upkeep\n|\n|t:|1733883470\n|switch|p1a: Magnezone|Magnezone, L85|258/258\n|turn|10\n|\n|t:|1733883483\n|move|p2a: Kingdra|Wave Crash|p1a: Magnezone\n|-damage|p1a: Magnezone|99/258\n|-damage|p2a: Kingdra|144/263|[from] Recoil\n|move|p1a: Magnezone|Thunderbolt|p2a: Kingdra\n|-damage|p2a: Kingdra|30/263\n|\n|-weather|RainDance|[upkeep]\n|upkeep\n|turn|11\n|\n|t:|1733883497\n|move|p2a: Kingdra|Wave Crash|p1a: Magnezone\n|-damage|p1a: Magnezone|0 fnt\n|faint|p1a: Magnezone\n|-damage|p2a: Kingdra|0 fnt|[from] Recoil\n|faint|p2a: Kingdra\n|\n|-weather|RainDance|[upkeep]\n|upkeep\n|\n|t:|1733883505\n|switch|p2a: Iron Thorns|Iron Thorns, L83|202/302\n|switch|p1a: Quagsire|Quagsire, L84, F|297/297\n|turn|12\n|\n|t:|1733883522\n|move|p2a: Iron Thorns|Ice Punch|p1a: Quagsire\n|-damage|p1a: Quagsire|228/297\n|-status|p1a: Quagsire|frz\n|-curestatus|p1a: Quagsire|frz|[msg]\n|move|p1a: Quagsire|Earthquake|p2a: Iron Thorns\n|-supereffective|p2a: Iron Thorns\n|-damage|p2a: Iron Thorns|0 fnt\n|faint|p2a: Iron Thorns\n|-end|p2a: Iron Thorns|Quark Drive|[silent]\n|\n|-weather|none\n|-heal|p1a: Quagsire|246/297|[from] item: Leftovers\n|upkeep\n|\n|t:|1733883530\n|switch|p2a: Ogerpon|Ogerpon, L80, F|259/259\n|turn|13\n|\n|t:|1733883557\n|-terastallize|p2a: Ogerpon|Grass\n|detailschange|p2a: Ogerpon|Ogerpon-Teal-Tera, L80, F, tera:Grass\n|-ability|p2a: Ogerpon|Embody Aspect (Teal)|boost\n|-boost|p2a: Ogerpon|spe|1\n|-terastallize|p1a: Quagsire|Poison\n|move|p2a: Ogerpon|Ivy Cudgel|p1a: Quagsire\n|-resisted|p1a: Quagsire\n|-crit|p1a: Quagsire\n|-damage|p1a: Quagsire|93/297\n|-damage|p2a: Ogerpon|234/259|[from] item: Life Orb\n|move|p1a: Quagsire|Ice Beam|p2a: Ogerpon\n|-supereffective|p2a: Ogerpon\n|-damage|p2a: Ogerpon|148/259\n|\n|-heal|p1a: Quagsire|111/297|[from] item: Leftovers\n|upkeep\n|turn|14\n|inactive|Chiraes1 has 120 seconds left.\n|\n|t:|1733883599\n|move|p2a: Ogerpon|Knock Off|p1a: Quagsire\n|-damage|p1a: Quagsire|10/297\n|-enditem|p1a: Quagsire|Leftovers|[from] move: Knock Off|[of] p2a: Ogerpon\n|-damage|p2a: Ogerpon|123/259|[from] item: Life Orb\n|move|p1a: Quagsire|Ice Beam|p2a: Ogerpon\n|-supereffective|p2a: Ogerpon\n|-damage|p2a: Ogerpon|29/259\n|\n|upkeep\n|turn|15\n|\n|t:|1733883609\n|move|p2a: Ogerpon|Ivy Cudgel|p1a: Quagsire\n|-resisted|p1a: Quagsire\n|-crit|p1a: Quagsire\n|-damage|p1a: Quagsire|0 fnt\n|faint|p1a: Quagsire\n|-damage|p2a: Ogerpon|4/259|[from] item: Life Orb\n|\n|upkeep\n|\n|t:|1733883615\n|switch|p1a: Sylveon|Sylveon, L85, M|300/300\n|turn|16\n|inactive|Chiraes1 has 120 seconds left.\n|\n|t:|1733883621\n|move|p1a: Sylveon|Protect|p1a: Sylveon\n|-singleturn|p1a: Sylveon|Protect\n|move|p2a: Ogerpon|Ivy Cudgel|p1a: Sylveon\n|-activate|p1a: Sylveon|move: Protect\n|\n|upkeep\n|turn|17\n|\n|t:|1733883628\n|move|p2a: Ogerpon|Ivy Cudgel|p1a: Sylveon\n|-damage|p1a: Sylveon|71/300\n|-damage|p2a: Ogerpon|0 fnt|[from] item: Life Orb\n|faint|p2a: Ogerpon\n|move|p1a: Sylveon|Wish|p1a: Sylveon\n|\n|-heal|p1a: Sylveon|89/300|[from] item: Leftovers\n|upkeep\n|\n|t:|1733883632\n|switch|p2a: Hatterene|Hatterene, L85, F|236/236\n|turn|18\n|\n|t:|1733883637\n|move|p1a: Sylveon|Protect|p1a: Sylveon\n|-singleturn|p1a: Sylveon|Protect\n|move|p2a: Hatterene|Calm Mind|p2a: Hatterene\n|-boost|p2a: Hatterene|spa|1\n|-boost|p2a: Hatterene|spd|1\n|\n|-heal|p1a: Sylveon|239/300|[from] move: Wish|[wisher] Sylveon\n|-heal|p1a: Sylveon|257/300|[from] item: Leftovers\n|upkeep\n|turn|19\n|\n|t:|1733883648\n|move|p1a: Sylveon|Calm Mind|p1a: Sylveon\n|-boost|p1a: Sylveon|spa|1\n|-boost|p1a: Sylveon|spd|1\n|move|p2a: Hatterene|Psyshock|p1a: Sylveon\n|-damage|p1a: Sylveon|55/300\n|\n|-heal|p1a: Sylveon|73/300|[from] item: Leftovers\n|upkeep\n|turn|20\n|\n|t:|1733883657\n|move|p1a: Sylveon|Hyper Voice|p2a: Hatterene\n|-damage|p2a: Hatterene|118/236\n|move|p2a: Hatterene|Psyshock|p1a: Sylveon\n|-damage|p1a: Sylveon|0 fnt\n|faint|p1a: Sylveon\n|\n|-heal|p2a: Hatterene|132/236|[from] item: Leftovers\n|upkeep\n|\n|t:|1733883665\n|switch|p1a: Palossand|Palossand, L89, F|296/296\n|turn|21\n|\n|t:|1733883679\n|move|p1a: Palossand|Shadow Ball|p2a: Hatterene\n|-supereffective|p2a: Hatterene\n|-damage|p2a: Hatterene|24/236\n|move|p2a: Hatterene|Draining Kiss|p1a: Palossand\n|-damage|p1a: Palossand|178/296\n|-heal|p2a: Hatterene|113/236|[from] drain|[of] p1a: Palossand\n|\n|-heal|p1a: Palossand|196/296|[from] item: Leftovers\n|-heal|p2a: Hatterene|127/236|[from] item: Leftovers\n|upkeep\n|turn|22\n|\n|t:|1733883691\n|move|p1a: Palossand|Shadow Ball|p2a: Hatterene\n|-supereffective|p2a: Hatterene\n|-damage|p2a: Hatterene|11/236\n|move|p2a: Hatterene|Draining Kiss|p1a: Palossand\n|-damage|p1a: Palossand|90/296\n|-heal|p2a: Hatterene|91/236|[from] drain|[of] p1a: Palossand\n|\n|-heal|p1a: Palossand|108/296|[from] item: Leftovers\n|-heal|p2a: Hatterene|105/236|[from] item: Leftovers\n|upkeep\n|turn|23\n|\n|t:|1733883700\n|move|p1a: Palossand|Shadow Ball|p2a: Hatterene\n|-supereffective|p2a: Hatterene\n|-crit|p2a: Hatterene\n|-damage|p2a: Hatterene|0 fnt\n|faint|p2a: Hatterene\n|\n|win|Yan's Thighs Crush\n|raw|Yan&apos;s Thighs Crush's rating: 1326 &rarr; <strong>1344</strong><br />(+18 for winning)\n|raw|Chiraes1's rating: 1288 &rarr; <strong>1266</strong><br />(-22 for losing)\n|l|\u2606Chiraes1\n|player|p2|\n", "inputlog": ">version bfd83cad13791eb5a5a409923076391caf6fb4d4\n>start {\"formatid\":\"gen9randombattle\",\"seed\":[54804,13858,22969,6657],\"rated\":\"Rated battle\"}\n>player p1 {\"name\":\"Yan's Thighs Crush\",\"avatar\":\"acetrainerf\",\"rating\":1326,\"seed\":[33875,54630,39184,55392]}\n>player p2 {\"name\":\"Chiraes1\",\"avatar\":\"elesa\",\"rating\":1288,\"seed\":[19063,18169,56318,23316]}\n>p1 move flashcannon\n>p2 switch 6\n>p1 switch 4\n>p2 move closecombat\n>p1 move boomburst\n>p2 move closecombat\n>p1 switch 5\n>p1 move flareblitz\n>p2 move closecombat\n>p2 switch 4\n>p1 move knockoff\n>p2 move knockoff\n>p1 move flareblitz\n>p2 move knockoff\n>p2 switch 2\n>p1 move sunsteelstrike\n>p2 move voltswitch\n>p2 switch 5\n>p1 move knockoff\n>p2 move raindance\n>p1 move sunsteelstrike\n>p2 move hurricane\n>p1 switch 4\n>p1 move thunderbolt\n>p2 move wavecrash\n>p1 move thunderbolt\n>p2 move wavecrash\n>p1 switch 6\n>p2 switch 5\n>p1 move earthquake\n>p2 move icepunch\n>p2 switch 3\n>p1 move icebeam terastallize\n>p2 move ivycudgel terastallize\n>p1 move icebeam\n>p2 move knockoff\n>p1 move icebeam\n>p2 move ivycudgel\n>p1 switch 2\n>p1 move protect\n>p2 move ivycudgel\n>p1 move wish\n>p2 move ivycudgel\n>p2 switch 6\n>p1 move protect\n>p2 move calmmind\n>p1 move calmmind\n>p2 move psyshock\n>p1 move hypervoice\n>p2 move psyshock\n>p1 switch 3\n>p1 move shadowball\n>p2 move drainingkiss\n>p1 move shadowball\n>p2 move drainingkiss\n>p1 move shadowball\n>p2 move drainingkiss", "uploadtime": 1733883706, "views": 3, "formatid": "gen9randombattle", "rating": 1266, "private": 0, "password": null}