{"id": "gen9randombattle-2259900255", "format": "[Gen 9] Random Battle", "players": ["sbdxaric", "tjd96"], "log": "|j|\u2606sbdxaric\n|j|\u2606tjd96\n|t:|1733777941\n|gametype|singles\n|player|p1|sbdxaric|101|1441\n|player|p2|tjd96|plasmagrunt-gen5bw|1446\n|teamsize|p1|6\n|teamsize|p2|6\n|gen|9\n|tier|[Gen 9] Random Battle\n|rated|\n|rule|Species Clause: Limit one of each Pok\u00e9mon\n|rule|HP Percentage Mod: HP is shown in percentages\n|rule|Sleep Clause Mod: Limit one foe put to sleep\n|rule|Illusion Level Mod: Illusion disguises the Pok\u00e9mon's true level\n|\n|t:|1733777941\n|start\n|switch|p1a: Scovillain|Scovillain, L91, M|266/266\n|switch|p2a: Qwilfish|Qwilfish, L86, F|252/252\n|-ability|p2a: Qwilfish|Intimidate|boost\n|-unboost|p1a: Scovillain|atk|1\n|turn|1\n|\n|t:|1733777957\n|switch|p1a: Empoleon|Empoleon, L84, F|278/278\n|move|p2a: Qwilfish|Toxic Spikes|p1a: Empoleon\n|-sidestart|p1: sbdxaric|move: Toxic Spikes\n|\n|upkeep\n|turn|2\n|\n|t:|1733777968\n|move|p2a: Qwilfish|Toxic Spikes|p1a: Empoleon\n|-sidestart|p1: sbdxaric|move: Toxic Spikes\n|move|p1a: Empoleon|Yawn|p2a: Qwilfish\n|-start|p2a: Qwilfish|move: Yawn|[of] p1a: Empoleon\n|\n|upkeep\n|turn|3\n|\n|t:|1733777980\n|switch|p2a: Zapdos|Zapdos-Galar, L77|265/265\n|switch|p1a: Archaludon|Archaludon, L78, M|268/268\n|\n|upkeep\n|turn|4\n|\n|t:|1733777996\n|switch|p1a: Minun|Minun, L95, M|268/268\n|-status|p1a: Minun|tox\n|move|p2a: Zapdos|Bulk Up|p2a: Zapdos\n|-boost|p2a: Zapdos|atk|1\n|-boost|p2a: Zapdos|def|1\n|\n|-damage|p1a: Minun|252/268 tox|[from] psn\n|upkeep\n|turn|5\n|\n|t:|1733778017\n|switch|p2a: Ting-Lu|Ting-Lu, L78|370/370\n|-ability|p2a: Ting-Lu|Vessel of Ruin\n|move|p1a: Minun|Nasty Plot|p1a: Minun\n|-boost|p1a: Minun|spa|2\n|\n|-damage|p1a: Minun|220/268 tox|[from] psn\n|upkeep\n|turn|6\n|\n|t:|1733778027\n|switch|p2a: Qwilfish|Qwilfish, L86, F|252/252\n|-ability|p2a: Qwilfish|Intimidate|boost\n|-unboost|p1a: Minun|atk|1\n|move|p1a: Minun|Grass Knot|p2a: Qwilfish\n|-damage|p2a: Qwilfish|197/252\n|-damage|p1a: Minun|194/268 tox|[from] item: Life Orb\n|\n|-damage|p1a: Minun|146/268 tox|[from] psn\n|upkeep\n|turn|7\n|\n|t:|1733778045\n|switch|p2a: Ting-Lu|Ting-Lu, L78|370/370\n|-ability|p2a: Ting-Lu|Vessel of Ruin\n|move|p1a: Minun|Thunderbolt|p2a: Ting-Lu\n|-immune|p2a: Ting-Lu\n|\n|-damage|p1a: Minun|82/268 tox|[from] psn\n|upkeep\n|turn|8\n|\n|t:|1733778057\n|switch|p2a: Qwilfish|Qwilfish, L86, F|197/252\n|-ability|p2a: Qwilfish|Intimidate|boost\n|-unboost|p1a: Minun|atk|1\n|move|p1a: Minun|Alluring Voice|p2a: Qwilfish\n|-resisted|p2a: Qwilfish\n|-damage|p2a: Qwilfish|93/252\n|-damage|p1a: Minun|56/268 tox|[from] item: Life Orb\n|\n|-damage|p1a: Minun|0 fnt|[from] psn\n|faint|p1a: Minun\n|upkeep\n|\n|t:|1733778075\n|switch|p1a: Tatsugiri|Tatsugiri-Stretchy, L87, M|260/260\n|turn|9\n|\n|t:|1733778079\n|move|p2a: Qwilfish|Pain Split|p1a: Tatsugiri\n|-sethp|p1a: Tatsugiri|176/260|[from] move: Pain Split|[silent]\n|-sethp|p2a: Qwilfish|176/252|[from] move: Pain Split\n|move|p1a: Tatsugiri|Rapid Spin|p2a: Qwilfish\n|-damage|p2a: Qwilfish|151/252\n|-boost|p1a: Tatsugiri|spe|1\n|-sideend|p1: sbdxaric|Toxic Spikes|[from] move: Rapid Spin|[of] p1a: Tatsugiri\n|\n|upkeep\n|turn|10\n|\n|t:|1733778088\n|move|p1a: Tatsugiri|Nasty Plot|p1a: Tatsugiri\n|-boost|p1a: Tatsugiri|spa|2\n|move|p2a: Qwilfish|Gunk Shot|p1a: Tatsugiri\n|-damage|p1a: Tatsugiri|8/260\n|\n|upkeep\n|turn|11\n|\n|t:|1733778103\n|move|p1a: Tatsugiri|Draco Meteor|p2a: Qwilfish\n|-damage|p2a: Qwilfish|0 fnt\n|-unboost|p1a: Tatsugiri|spa|2\n|faint|p2a: Qwilfish\n|\n|upkeep\n|\n|t:|1733778114\n|switch|p2a: Oranguru|Oranguru, L92, F|315/315\n|turn|12\n|\n|t:|1733778125\n|switch|p1a: Empoleon|Empoleon, L84, F|278/278\n|move|p2a: Oranguru|Hyper Voice|p1a: Empoleon\n|-resisted|p1a: Empoleon\n|-damage|p1a: Empoleon|208/278\n|\n|-heal|p1a: Empoleon|225/278|[from] item: Leftovers\n|upkeep\n|turn|13\n|\n|t:|1733778131\n|switch|p2a: Gumshoos|Gumshoos, L95, M|321/321\n|move|p1a: Empoleon|Yawn|p2a: Gumshoos\n|-start|p2a: Gumshoos|move: Yawn|[of] p1a: Empoleon\n|\n|-heal|p1a: Empoleon|242/278|[from] item: Leftovers\n|upkeep\n|turn|14\n|\n|t:|1733778135\n|move|p1a: Empoleon|Flip Turn|p2a: Gumshoos\n|-crit|p2a: Gumshoos\n|-damage|p2a: Gumshoos|224/321\n|\n|t:|1733778138\n|switch|p1a: Zacian|Zacian, L69|241/241|[from] Flip Turn\n|-ability|p1a: Zacian|Intrepid Sword|boost\n|-boost|p1a: Zacian|atk|1\n|move|p2a: Gumshoos|U-turn|p1a: Zacian\n|-resisted|p1a: Zacian\n|-damage|p1a: Zacian|146/241\n|\n|t:|1733778143\n|switch|p2a: Oranguru|Oranguru, L92, F|315/315|[from] U-turn\n|\n|upkeep\n|turn|15\n|\n|t:|1733778159\n|move|p1a: Zacian|Play Rough|p2a: Oranguru\n|-damage|p2a: Oranguru|175/315\n|-damage|p1a: Zacian|122/241|[from] item: Life Orb\n|move|p2a: Oranguru|Trick|p1a: Zacian\n|-activate|p2a: Oranguru|move: Trick|[of] p1a: Zacian\n|-item|p1a: Zacian|Choice Specs|[from] move: Trick\n|-item|p2a: Oranguru|Life Orb|[from] move: Trick\n|\n|upkeep\n|turn|16\n|\n|t:|1733778181\n|move|p1a: Zacian|Play Rough|p2a: Oranguru\n|-damage|p2a: Oranguru|63/315\n|move|p2a: Oranguru|Focus Blast|p1a: Zacian\n|-resisted|p1a: Zacian\n|-damage|p1a: Zacian|58/241\n|-damage|p2a: Oranguru|32/315|[from] item: Life Orb\n|\n|upkeep\n|turn|17\n|\n|t:|1733778188\n|move|p1a: Zacian|Play Rough|p2a: Oranguru\n|-damage|p2a: Oranguru|0 fnt\n|faint|p2a: Oranguru\n|\n|upkeep\n|\n|t:|1733778194\n|switch|p2a: Iron Bundle|Iron Bundle, L77|213/213\n|turn|18\n|\n|t:|1733778202\n|move|p2a: Iron Bundle|Freeze-Dry|p1a: Zacian\n|-damage|p1a: Zacian|0 fnt\n|faint|p1a: Zacian\n|\n|upkeep\n|\n|t:|1733778209\n|switch|p1a: Archaludon|Archaludon, L78, M|268/268\n|turn|19\n|\n|t:|1733778223\n|-end|p2a: Iron Bundle|Quark Drive|[silent]\n|switch|p2a: Gumshoos|Gumshoos, L95, M|224/321\n|move|p1a: Archaludon|Body Press|p2a: Gumshoos\n|-supereffective|p2a: Gumshoos\n|-damage|p2a: Gumshoos|82/321\n|\n|upkeep\n|turn|20\n|\n|t:|1733778231\n|move|p1a: Archaludon|Stealth Rock|p2a: Gumshoos\n|-sidestart|p2: tjd96|move: Stealth Rock\n|move|p2a: Gumshoos|Knock Off|p1a: Archaludon\n|-damage|p1a: Archaludon|152/268\n|-ability|p1a: Archaludon|Stamina|boost\n|-boost|p1a: Archaludon|def|1\n|-enditem|p1a: Archaludon|Leftovers|[from] move: Knock Off|[of] p2a: Gumshoos\n|\n|upkeep\n|turn|21\n|\n|t:|1733778240\n|move|p1a: Archaludon|Body Press|p2a: Gumshoos\n|-supereffective|p2a: Gumshoos\n|-damage|p2a: Gumshoos|0 fnt\n|faint|p2a: Gumshoos\n|\n|upkeep\n|\n|t:|1733778250\n|switch|p2a: Zapdos|Zapdos-Galar, L77|265/265\n|-damage|p2a: Zapdos|232/265|[from] Stealth Rock\n|turn|22\n|\n|t:|1733778261\n|-terastallize|p2a: Zapdos|Fighting\n|move|p2a: Zapdos|Close Combat|p1a: Archaludon\n|-supereffective|p1a: Archaludon\n|-damage|p1a: Archaludon|0 fnt\n|-unboost|p2a: Zapdos|def|1\n|-unboost|p2a: Zapdos|spd|1\n|faint|p1a: Archaludon\n|-damage|p2a: Zapdos|206/265|[from] item: Life Orb\n|\n|upkeep\n|\n|t:|1733778267\n|switch|p1a: Scovillain|Scovillain, L91, M|266/266\n|turn|23\n|\n|t:|1733778273\n|move|p2a: Zapdos|Brave Bird|p1a: Scovillain\n|-supereffective|p1a: Scovillain\n|-damage|p1a: Scovillain|0 fnt\n|faint|p1a: Scovillain\n|-damage|p2a: Zapdos|118/265|[from] Recoil\n|-damage|p2a: Zapdos|92/265|[from] item: Life Orb\n|\n|upkeep\n|\n|t:|1733778278\n|switch|p1a: Tatsugiri|Tatsugiri-Stretchy, L87, M|8/260\n|turn|24\n|\n|t:|1733778285\n|move|p2a: Zapdos|Knock Off|p1a: Tatsugiri\n|-damage|p1a: Tatsugiri|0 fnt\n|-enditem|p1a: Tatsugiri|Heavy-Duty Boots|[from] move: Knock Off|[of] p2a: Zapdos\n|faint|p1a: Tatsugiri\n|-damage|p2a: Zapdos|66/265|[from] item: Life Orb\n|\n|upkeep\n|\n|t:|1733778291\n|switch|p1a: Empoleon|Empoleon, L84, F|242/278\n|turn|25\n|\n|t:|1733778304\n|-terastallize|p1a: Empoleon|Grass\n|move|p2a: Zapdos|Close Combat|p1a: Empoleon\n|-damage|p1a: Empoleon|21/278\n|-unboost|p2a: Zapdos|def|1\n|-unboost|p2a: Zapdos|spd|1\n|-damage|p2a: Zapdos|40/265|[from] item: Life Orb\n|move|p1a: Empoleon|Surf|p2a: Zapdos\n|-crit|p2a: Zapdos\n|-damage|p2a: Zapdos|0 fnt\n|faint|p2a: Zapdos\n|\n|-heal|p1a: Empoleon|38/278|[from] item: Leftovers\n|upkeep\n|\n|t:|1733778309\n|switch|p2a: Iron Bundle|Iron Bundle, L77|213/213\n|-damage|p2a: Iron Bundle|160/213|[from] Stealth Rock\n|turn|26\n|\n|t:|1733778312\n|move|p2a: Iron Bundle|Ice Beam|p1a: Empoleon\n|-supereffective|p1a: Empoleon\n|-damage|p1a: Empoleon|0 fnt\n|faint|p1a: Empoleon\n|\n|win|tjd96\n|raw|sbdxaric's rating: 1441 &rarr; <strong>1421</strong><br />(-20 for losing)\n|raw|tjd96's rating: 1446 &rarr; <strong>1466</strong><br />(+20 for winning)\n|l|\u2606sbdxaric\n|player|p1|\n", "inputlog": ">version bfd83cad13791eb5a5a409923076391caf6fb4d4\n>start {\"formatid\":\"gen9randombattle\",\"seed\":[64716,23324,31665,61420],\"rated\":\"Rated battle\"}\n>player p1 {\"name\":\"sbdxaric\",\"avatar\":\"101\",\"rating\":1441,\"seed\":[24641,63535,53323,63068]}\n>player p2 {\"name\":\"tjd96\",\"avatar\":\"plasmagrunt-gen5bw\",\"rating\":1446,\"seed\":[20558,2636,6268,411]}\n>p1 switch 2\n>p2 move toxicspikes\n>p1 move yawn\n>p2 move toxicspikes\n>p1 switch 6\n>p2 switch 2\n>p1 switch 5\n>p2 move bulkup\n>p1 move nastyplot\n>p2 switch 6\n>p1 move grassknot\n>p2 switch 2\n>p1 move thunderbolt\n>p2 switch 2\n>p1 move alluringvoice\n>p2 switch 2\n>p1 switch 4\n>p1 move rapidspin\n>p2 move painsplit\n>p1 move nastyplot\n>p2 move gunkshot\n>p1 move dracometeor\n>p2 move toxicspikes\n>p2 switch 5\n>p1 switch 6\n>p2 move hypervoice\n>p1 move yawn\n>p2 switch 3\n>p1 move flipturn\n>p2 move uturn\n>p1 switch 3\n>p2 switch 3\n>p1 move playrough\n>p2 move trick\n>p1 move playrough\n>p2 move focusblast\n>p1 move playrough\n>p2 move hypervoice\n>p2 switch 4\n>p1 move playrough\n>p2 move freezedry\n>p1 switch 5\n>p1 move bodypress\n>p2 switch 3\n>p1 move stealthrock\n>p2 move knockoff\n>p1 move bodypress\n>p2 move knockoff\n>p2 switch 6\n>p1 move dracometeor\n>p2 move closecombat terastallize\n>p1 switch 2\n>p1 move sunnyday\n>p2 move bravebird\n>p1 switch 6\n>p1 move hydropump\n>p2 move knockoff\n>p1 switch 3\n>p1 move surf terastallize\n>p2 move closecombat\n>p2 switch 3\n>p1 move roost\n>p2 move icebeam", "uploadtime": 1733778326, "views": 1, "formatid": "gen9randombattle", "rating": 1421, "private": 0, "password": null}