{"id": "gen9randombattle-2259942861", "format": "[Gen 9] Random Battle", "players": ["DeathReaper679", "xXReaperLordXx"], "log": "|j|\u2606DeathReaper679\n|j|\u2606xXReaperLordXx\n|t:|1733782542\n|gametype|singles\n|player|p1|DeathReaper679|2|\n|player|p2|xXReaperLordXx|plasmagruntf-gen5bw|\n|teamsize|p1|6\n|teamsize|p2|6\n|gen|9\n|tier|[Gen 9] Random Battle\n|rule|Species Clause: Limit one of each Pok\u00e9mon\n|rule|HP Percentage Mod: HP is shown in percentages\n|rule|Sleep Clause Mod: Limit one foe put to sleep\n|rule|Illusion Level Mod: Illusion disguises the Pok\u00e9mon's true level\n|\n|t:|1733782542\n|start\n|switch|p1a: Tornadus|Tornadus-Therian, L79, M|254/254\n|switch|p2a: Tauros|Tauros-Paldea-Blaze, L81, M|254/254\n|-ability|p2a: Tauros|Intimidate|boost\n|-unboost|p1a: Tornadus|atk|1\n|turn|1\n|inactive|Battle timer is ON: inactive players will automatically lose when time's up. (requested by DeathReaper679)\n|\n|t:|1733782562\n|move|p1a: Tornadus|Bleakwind Storm|p2a: Tauros\n|-supereffective|p2a: Tauros\n|-damage|p2a: Tauros|18/254\n|-unboost|p2a: Tauros|spe|1\n|move|p2a: Tauros|Wild Charge|p1a: Tornadus\n|-supereffective|p1a: Tornadus\n|-damage|p1a: Tornadus|18/254\n|-damage|p2a: Tauros|0 fnt|[from] Recoil\n|faint|p2a: Tauros\n|\n|upkeep\n|\n|t:|1733782587\n|switch|p2a: Minun|Minun, L95, F|268/268\n|turn|2\n|\n|t:|1733782610\n|switch|p1a: Golurk|Golurk, L87|297/297\n|move|p2a: Minun|Thunderbolt|p1a: Golurk\n|-immune|p1a: Golurk\n|\n|upkeep\n|turn|3\n|inactive|xXReaperLordXx has 270 seconds left.\n|inactive|xXReaperLordXx has 240 seconds left.\n|\n|t:|1733782664\n|switch|p2a: Okidogi|Okidogi, L77, M|262/262\n|switch|p1a: Volbeat|Volbeat, L90, M|263/263\n|\n|upkeep\n|turn|4\n|inactive|xXReaperLordXx has 240 seconds left.\n|\n|t:|1733782682\n|move|p1a: Volbeat|Thunder Wave|p2a: Okidogi\n|-status|p2a: Okidogi|par\n|move|p2a: Okidogi|Gunk Shot|p1a: Volbeat\n|-damage|p1a: Volbeat|127/263\n|\n|upkeep\n|turn|5\n|\n|t:|1733782690\n|move|p1a: Volbeat|U-turn|p2a: Okidogi\n|-resisted|p2a: Okidogi\n|-damage|p2a: Okidogi|246/262 par\n|\n|t:|1733782700\n|switch|p1a: Golurk|Golurk, L87|297/297|[from] U-turn\n|move|p2a: Okidogi|Gunk Shot|p1a: Golurk\n|-resisted|p1a: Golurk\n|-damage|p1a: Golurk|261/297\n|-status|p1a: Golurk|tox|[from] ability: Toxic Chain|[of] p2a: Okidogi\n|\n|-damage|p1a: Golurk|243/297 tox|[from] psn\n|upkeep\n|turn|6\n|inactive|xXReaperLordXx has 240 seconds left.\n|\n|t:|1733782721\n|move|p1a: Golurk|Stealth Rock|p2a: Okidogi\n|-sidestart|p2: xXReaperLordXx|move: Stealth Rock\n|move|p2a: Okidogi|Knock Off|p1a: Golurk\n|-supereffective|p1a: Golurk\n|-damage|p1a: Golurk|85/297 tox\n|-enditem|p1a: Golurk|Life Orb|[from] move: Knock Off|[of] p2a: Okidogi\n|\n|-damage|p1a: Golurk|49/297 tox|[from] psn\n|upkeep\n|turn|7\n|\n|t:|1733782732\n|move|p1a: Golurk|Earthquake|p2a: Okidogi\n|-supereffective|p2a: Okidogi\n|-damage|p2a: Okidogi|0 fnt\n|faint|p2a: Okidogi\n|\n|-damage|p1a: Golurk|0 fnt|[from] psn\n|faint|p1a: Golurk\n|upkeep\n|\n|t:|1733782740\n|switch|p2a: Quagsire|Quagsire, L84, F|297/297\n|switch|p1a: Volbeat|Volbeat, L90, M|127/263\n|-damage|p2a: Quagsire|279/297|[from] Stealth Rock\n|turn|8\n|inactive|xXReaperLordXx has 240 seconds left.\n|\n|t:|1733782749\n|move|p1a: Volbeat|Roost|p1a: Volbeat\n|-heal|p1a: Volbeat|259/263\n|-singleturn|p1a: Volbeat|move: Roost\n|move|p2a: Quagsire|Spikes|p1a: Volbeat\n|-sidestart|p1: DeathReaper679|Spikes\n|\n|-heal|p2a: Quagsire|297/297|[from] item: Leftovers\n|upkeep\n|turn|9\n|\n|t:|1733782759\n|move|p1a: Volbeat|U-turn|p2a: Quagsire\n|-damage|p2a: Quagsire|225/297\n|\n|t:|1733782763\n|switch|p1a: Tornadus|Tornadus-Therian, L79, M|102/254|[from] U-turn\n|move|p2a: Quagsire|Toxic|p1a: Tornadus\n|-status|p1a: Tornadus|tox\n|\n|-heal|p2a: Quagsire|243/297|[from] item: Leftovers\n|-damage|p1a: Tornadus|87/254 tox|[from] psn\n|upkeep\n|turn|10\n|\n|t:|1733782776\n|move|p1a: Tornadus|Bleakwind Storm|p2a: Quagsire\n|-damage|p2a: Quagsire|105/297\n|move|p2a: Quagsire|Recover|p2a: Quagsire\n|-heal|p2a: Quagsire|254/297\n|\n|-heal|p2a: Quagsire|272/297|[from] item: Leftovers\n|-damage|p1a: Tornadus|57/254 tox|[from] psn\n|upkeep\n|turn|11\n|\n|t:|1733782785\n|move|p1a: Tornadus|Knock Off|p2a: Quagsire\n|-damage|p2a: Quagsire|207/297\n|-enditem|p2a: Quagsire|Leftovers|[from] move: Knock Off|[of] p1a: Tornadus\n|move|p2a: Quagsire|Recover|p2a: Quagsire\n|-heal|p2a: Quagsire|297/297\n|\n|-damage|p1a: Tornadus|12/254 tox|[from] psn\n|upkeep\n|turn|12\n|\n|t:|1733782792\n|move|p1a: Tornadus|Bleakwind Storm|p2a: Quagsire\n|-crit|p2a: Quagsire\n|-damage|p2a: Quagsire|108/297\n|-unboost|p2a: Quagsire|spe|1\n|move|p2a: Quagsire|Recover|p2a: Quagsire\n|-heal|p2a: Quagsire|257/297\n|\n|-damage|p1a: Tornadus|0 fnt|[from] psn\n|faint|p1a: Tornadus\n|upkeep\n|\n|t:|1733782806\n|switch|p1a: Volbeat|Volbeat, L90, M|259/263\n|turn|13\n|\n|t:|1733782813\n|move|p1a: Volbeat|Encore|p2a: Quagsire\n|-start|p2a: Quagsire|Encore\n|move|p2a: Quagsire|Recover|p2a: Quagsire\n|-heal|p2a: Quagsire|297/297\n|\n|upkeep\n|turn|14\n|inactive|xXReaperLordXx has 270 seconds left.\n|\n|t:|1733782834\n|switch|p2a: Ursaluna|Ursaluna-Bloodmoon, L79, M|308/308\n|-damage|p2a: Ursaluna|289/308|[from] Stealth Rock\n|move|p1a: Volbeat|Thunder Wave|p2a: Ursaluna\n|-immune|p2a: Ursaluna\n|\n|-heal|p2a: Ursaluna|308/308|[from] item: Leftovers\n|upkeep\n|turn|15\n|inactive|xXReaperLordXx has 270 seconds left.\n|\n|t:|1733782851\n|move|p1a: Volbeat|U-turn|p2a: Ursaluna\n|-damage|p2a: Ursaluna|251/308\n|\n|t:|1733782859\n|switch|p1a: Seviper|Seviper, L93, F|287/287|[from] U-turn\n|-damage|p1a: Seviper|252/287|[from] Spikes\n|move|p2a: Ursaluna|Calm Mind|p2a: Ursaluna\n|-boost|p2a: Ursaluna|spa|1\n|-boost|p2a: Ursaluna|spd|1\n|\n|-heal|p2a: Ursaluna|270/308|[from] item: Leftovers\n|upkeep\n|turn|16\n|inactive|xXReaperLordXx has 270 seconds left.\n|\n|t:|1733782872\n|switch|p1a: Volbeat|Volbeat, L90, M|259/263\n|move|p2a: Ursaluna|Earth Power|p1a: Volbeat\n|-resisted|p1a: Volbeat\n|-damage|p1a: Volbeat|182/263\n|\n|-heal|p2a: Ursaluna|289/308|[from] item: Leftovers\n|upkeep\n|turn|17\n|\n|t:|1733782880\n|move|p1a: Volbeat|Roost|p1a: Volbeat\n|-heal|p1a: Volbeat|263/263\n|-singleturn|p1a: Volbeat|move: Roost\n|move|p2a: Ursaluna|Blood Moon|p1a: Volbeat\n|-damage|p1a: Volbeat|31/263\n|\n|-heal|p2a: Ursaluna|308/308|[from] item: Leftovers\n|upkeep\n|turn|18\n|inactive|xXReaperLordXx has 270 seconds left.\n|\n|t:|1733782895\n|move|p1a: Volbeat|Roost|p1a: Volbeat\n|-heal|p1a: Volbeat|163/263\n|-singleturn|p1a: Volbeat|move: Roost\n|move|p2a: Ursaluna|Calm Mind|p2a: Ursaluna\n|-boost|p2a: Ursaluna|spa|1\n|-boost|p2a: Ursaluna|spd|1\n|\n|upkeep\n|turn|19\n|\n|t:|1733782901\n|move|p1a: Volbeat|Encore|p2a: Ursaluna\n|-start|p2a: Ursaluna|Encore\n|move|p2a: Ursaluna|Calm Mind|p2a: Ursaluna\n|-boost|p2a: Ursaluna|spa|1\n|-boost|p2a: Ursaluna|spd|1\n|\n|upkeep\n|turn|20\n|\n|t:|1733782909\n|move|p1a: Volbeat|Roost|p1a: Volbeat\n|-heal|p1a: Volbeat|263/263\n|-singleturn|p1a: Volbeat|move: Roost\n|move|p2a: Ursaluna|Calm Mind|p2a: Ursaluna\n|-boost|p2a: Ursaluna|spa|1\n|-boost|p2a: Ursaluna|spd|1\n|\n|upkeep\n|turn|21\n|\n|t:|1733782919\n|move|p1a: Volbeat|Thunder Wave|p2a: Ursaluna\n|-immune|p2a: Ursaluna\n|move|p2a: Ursaluna|Calm Mind|p2a: Ursaluna\n|-boost|p2a: Ursaluna|spa|1\n|-boost|p2a: Ursaluna|spd|1\n|\n|-end|p2a: Ursaluna|Encore\n|upkeep\n|turn|22\n|\n|t:|1733782927\n|move|p1a: Volbeat|Encore|p2a: Ursaluna\n|-start|p2a: Ursaluna|Encore\n|move|p2a: Ursaluna|Calm Mind|p2a: Ursaluna\n|-boost|p2a: Ursaluna|spa|1\n|-boost|p2a: Ursaluna|spd|1\n|\n|upkeep\n|turn|23\n|\n|t:|1733782934\n|move|p1a: Volbeat|Thunder Wave|p2a: Ursaluna\n|-immune|p2a: Ursaluna\n|move|p2a: Ursaluna|Calm Mind|p2a: Ursaluna\n|-boost|p2a: Ursaluna|spa|0\n|-boost|p2a: Ursaluna|spd|0\n|\n|upkeep\n|turn|24\n|\n|t:|1733782945\n|move|p1a: Volbeat|Thunder Wave|p2a: Ursaluna\n|-immune|p2a: Ursaluna\n|move|p2a: Ursaluna|Calm Mind|p2a: Ursaluna\n|-boost|p2a: Ursaluna|spa|0\n|-boost|p2a: Ursaluna|spd|0\n|\n|-end|p2a: Ursaluna|Encore\n|upkeep\n|turn|25\n|\n|t:|1733782955\n|move|p1a: Volbeat|Encore|p2a: Ursaluna\n|-start|p2a: Ursaluna|Encore\n|move|p2a: Ursaluna|Calm Mind|p2a: Ursaluna\n|-boost|p2a: Ursaluna|spa|0\n|-boost|p2a: Ursaluna|spd|0\n|\n|upkeep\n|turn|26\n|n|\u203dxXReaperLordXx|xxreaperlordxx\n|\n|t:|1733782970\n|switch|p1a: Zamazenta|Zamazenta-Crowned, L68|238/238\n|-damage|p1a: Zamazenta|209/238|[from] Spikes\n|-ability|p1a: Zamazenta|Dauntless Shield|boost\n|-boost|p1a: Zamazenta|def|1\n|move|p2a: Ursaluna|Calm Mind|p2a: Ursaluna\n|-boost|p2a: Ursaluna|spa|0\n|-boost|p2a: Ursaluna|spd|0\n|\n|upkeep\n|turn|27\n|\n|t:|1733782983\n|move|p1a: Zamazenta|Iron Defense|p1a: Zamazenta\n|-boost|p1a: Zamazenta|def|2\n|move|p2a: Ursaluna|Calm Mind|p2a: Ursaluna\n|-boost|p2a: Ursaluna|spa|0\n|-boost|p2a: Ursaluna|spd|0\n|\n|-end|p2a: Ursaluna|Encore\n|upkeep\n|turn|28\n|\n|t:|1733782996\n|-terastallize|p1a: Zamazenta|Ghost\n|move|p1a: Zamazenta|Body Press|p2a: Ursaluna\n|-supereffective|p2a: Ursaluna\n|-damage|p2a: Ursaluna|0 fnt\n|faint|p2a: Ursaluna\n|\n|upkeep\n|inactive|xXReaperLordXx has 270 seconds left.\n|\n|t:|1733783022\n|switch|p2a: Quagsire|Quagsire, L84, F|297/297\n|-damage|p2a: Quagsire|279/297|[from] Stealth Rock\n|turn|29\n|\n|t:|1733783038\n|move|p1a: Zamazenta|Iron Defense|p1a: Zamazenta\n|-boost|p1a: Zamazenta|def|2\n|move|p2a: Quagsire|Earthquake|p1a: Zamazenta\n|-damage|p1a: Zamazenta|127/238\n|\n|upkeep\n|turn|30\n|\n|t:|1733783043\n|move|p1a: Zamazenta|Body Press|p2a: Quagsire\n|-damage|p2a: Quagsire|200/297\n|move|p2a: Quagsire|Toxic|p1a: Zamazenta\n|-status|p1a: Zamazenta|tox\n|\n|-damage|p1a: Zamazenta|113/238 tox|[from] psn\n|upkeep\n|turn|31\n|\n|t:|1733783066\n|move|p1a: Zamazenta|Body Press|p2a: Quagsire\n|-damage|p2a: Quagsire|118/297\n|move|p2a: Quagsire|Recover|p2a: Quagsire\n|-heal|p2a: Quagsire|267/297\n|\n|-damage|p1a: Zamazenta|85/238 tox|[from] psn\n|upkeep\n|turn|32\n|\n|t:|1733783076\n|move|p1a: Zamazenta|Heavy Slam|p2a: Quagsire\n|-resisted|p2a: Quagsire\n|-damage|p2a: Quagsire|216/297\n|move|p2a: Quagsire|Earthquake|p1a: Zamazenta\n|-damage|p1a: Zamazenta|6/238 tox\n|\n|-damage|p1a: Zamazenta|0 fnt|[from] psn\n|faint|p1a: Zamazenta\n|upkeep\n|inactive|DeathReaper679 has 270 seconds left.\n|\n|t:|1733783102\n|switch|p1a: Seviper|Seviper, L93, F|252/287\n|-damage|p1a: Seviper|217/287|[from] Spikes\n|turn|33\n|inactive|DeathReaper679 has 270 seconds left.\n|\n|t:|1733783119\n|move|p1a: Seviper|Earthquake|p2a: Quagsire\n|-damage|p2a: Quagsire|126/297\n|move|p2a: Quagsire|Earthquake|p1a: Seviper\n|-supereffective|p1a: Seviper\n|-damage|p1a: Seviper|0 fnt\n|faint|p1a: Seviper\n|\n|upkeep\n|\n|t:|1733783126\n|switch|p1a: Coalossal|Coalossal, L89, M|341/341\n|turn|34\n|\n|t:|1733783132\n|move|p2a: Quagsire|Earthquake|p1a: Coalossal\n|-supereffective|p1a: Coalossal\n|-crit|p1a: Coalossal\n|-damage|p1a: Coalossal|0 fnt\n|faint|p1a: Coalossal\n|\n|upkeep\n|\n|t:|1733783137\n|switch|p1a: Volbeat|Volbeat, L90, M|263/263\n|turn|35\n|\n|t:|1733783143\n|move|p1a: Volbeat|U-turn|p2a: Quagsire\n|-damage|p2a: Quagsire|56/297\n|move|p2a: Quagsire|Recover|p2a: Quagsire\n|-heal|p2a: Quagsire|205/297\n|\n|upkeep\n|turn|36\n|\n|t:|1733783150\n|move|p1a: Volbeat|Encore|p2a: Quagsire\n|-start|p2a: Quagsire|Encore\n|move|p2a: Quagsire|Recover|p2a: Quagsire\n|-heal|p2a: Quagsire|297/297\n|\n|upkeep\n|turn|37\n|\n|t:|1733783158\n|switch|p2a: Minun|Minun, L95, F|268/268\n|-damage|p2a: Minun|235/268|[from] Stealth Rock\n|move|p1a: Volbeat|U-turn|p2a: Minun\n|-damage|p2a: Minun|145/268\n|\n|upkeep\n|turn|38\n|\n|t:|1733783169\n|move|p2a: Minun|Alluring Voice|p1a: Volbeat\n|-damage|p1a: Volbeat|192/263\n|-damage|p2a: Minun|119/268|[from] item: Life Orb\n|move|p1a: Volbeat|U-turn|p2a: Minun\n|-damage|p2a: Minun|29/268\n|\n|upkeep\n|turn|39\n|\n|t:|1733783180\n|move|p2a: Minun|Alluring Voice|p1a: Volbeat\n|-damage|p1a: Volbeat|111/263\n|-damage|p2a: Minun|3/268|[from] item: Life Orb\n|move|p1a: Volbeat|U-turn|p2a: Minun\n|-damage|p2a: Minun|0 fnt\n|faint|p2a: Minun\n|\n|upkeep\n|\n|t:|1733783189\n|switch|p2a: Rabsca|Rabsca, L91, F|284/284\n|turn|40\n|\n|t:|1733783199\n|move|p1a: Volbeat|Roost|p1a: Volbeat\n|-heal|p1a: Volbeat|243/263\n|-singleturn|p1a: Volbeat|move: Roost\n|move|p2a: Rabsca|Revival Blessing|p2a: Rabsca\n|\n|t:|1733783213\n|-heal|p2: Tauros|127/254|[from] move: Revival Blessing\n|\n|upkeep\n|turn|41\n|\n|t:|1733783220\n|move|p1a: Volbeat|Encore||[still]\n|-fail|p1a: Volbeat\n|move|p2a: Rabsca|Bug Buzz|p1a: Volbeat\n|-damage|p1a: Volbeat|128/263\n|\n|upkeep\n|turn|42\n|\n|t:|1733783229\n|move|p1a: Volbeat|U-turn|p2a: Rabsca\n|-supereffective|p2a: Rabsca\n|-damage|p2a: Rabsca|146/284\n|move|p2a: Rabsca|Bug Buzz|p1a: Volbeat\n|-damage|p1a: Volbeat|10/263\n|\n|upkeep\n|turn|43\n|\n|t:|1733783237\n|move|p1a: Volbeat|U-turn|p2a: Rabsca\n|-supereffective|p2a: Rabsca\n|-damage|p2a: Rabsca|6/284\n|move|p2a: Rabsca|Recover|p2a: Rabsca\n|-heal|p2a: Rabsca|148/284\n|\n|upkeep\n|turn|44\n|\n|t:|1733783243\n|move|p1a: Volbeat|U-turn|p2a: Rabsca\n|-supereffective|p2a: Rabsca\n|-damage|p2a: Rabsca|16/284\n|move|p2a: Rabsca|Recover|p2a: Rabsca\n|-heal|p2a: Rabsca|158/284\n|\n|upkeep\n|turn|45\n|\n|t:|1733783248\n|move|p1a: Volbeat|U-turn|p2a: Rabsca\n|-supereffective|p2a: Rabsca\n|-damage|p2a: Rabsca|26/284\n|move|p2a: Rabsca|Bug Buzz|p1a: Volbeat\n|-damage|p1a: Volbeat|0 fnt\n|faint|p1a: Volbeat\n|\n|win|xXReaperLordXx\n", "inputlog": ">version bfd83cad13791eb5a5a409923076391caf6fb4d4\n>start {\"formatid\":\"gen9randombattle\",\"seed\":[36058,49527,9421,36455]}\n>player p1 {\"name\":\"DeathReaper679\",\"avatar\":\"2\",\"rating\":0,\"seed\":[46414,33676,53760,64255]}\n>player p2 {\"name\":\"xXReaperLordXx\",\"avatar\":\"plasmagruntf-gen5bw\",\"rating\":0,\"seed\":[12686,35712,45559,19380]}\n>p1 move bleakwindstorm\n>p2 move wildcharge\n>p2 switch 5\n>p1 switch 5\n>p2 move thunderbolt\n>p1 switch 3\n>p2 switch 4\n>p1 move thunderwave\n>p2 move gunkshot\n>p1 move uturn\n>p2 move gunkshot\n>p1 switch 3\n>p1 move stealthrock\n>p2 move knockoff\n>p1 move earthquake\n>p2 move knockoff\n>p1 switch 3\n>p2 switch 2\n>p1 move roost\n>p2 move spikes\n>p1 move uturn\n>p2 move toxic\n>p1 switch 5\n>p1 move bleakwindstorm\n>p2 move recover\n>p1 move knockoff\n>p2 move recover\n>p1 move bleakwindstorm\n>p2 move recover\n>p1 switch 5\n>p1 move encore\n>p2 move toxic\n>p1 move thunderwave\n>p2 switch 6\n>p1 move uturn\n>p2 move calmmind\n>p1 switch 2\n>p1 switch 2\n>p2 move earthpower\n>p1 move roost\n>p2 move bloodmoon\n>p1 move roost\n>p2 move calmmind\n>p1 move encore\n>p2 move bloodmoon\n>p1 move roost\n>p2 move calmmind\n>p1 move thunderwave\n>p2 move calmmind\n>p1 move encore\n>p2 move bloodmoon\n>p1 move thunderwave\n>p2 move calmmind\n>p1 move thunderwave\n>p2 move calmmind\n>p1 move encore\n>p2 move bloodmoon\n>chat \u2606xXReaperLordXx|nigger\n>chat \u2606xXReaperLordXx|n1gg3r\n>p1 switch 6\n>p2 move calmmind\n>p1 move irondefense\n>p2 move calmmind\n>p1 move bodypress terastallize\n>p2 move earthpower\n>p2 switch 6\n>p1 move irondefense\n>p2 move earthquake\n>p1 move bodypress\n>p2 move toxic\n>p1 move bodypress\n>p2 move recover\n>p1 move heavyslam\n>p2 move earthquake\n>p1 switch 2\n>p1 move earthquake\n>p2 move earthquake\n>p1 switch 4\n>p1 move rapidspin\n>p2 move earthquake\n>p1 switch 6\n>p1 move uturn\n>p2 move recover\n>p1 move encore\n>p2 move earthquake\n>p1 move uturn\n>p2 switch 4\n>p1 move uturn\n>p2 move alluringvoice\n>p1 move uturn\n>p2 move alluringvoice\n>p2 switch 3\n>p1 move roost\n>p2 move revivalblessing\n>p2 switch 5\n>p1 move encore\n>p2 move bugbuzz\n>p1 move uturn\n>p2 move bugbuzz\n>p1 move uturn\n>p2 move recover\n>p1 move uturn\n>p2 move recover\n>p1 move uturn\n>p2 move bugbuzz", "uploadtime": 1733782963, "views": 1, "formatid": "gen9randombattle", "rating": null, "private": 0, "password": null}