{"id": "gen9randombattle-2260812578", "format": "[Gen 9] Random Battle", "players": ["Eschemali", "DalmatianCat"], "log": "|j|\u2606Eschemali\n|j|\u2606DalmatianCat\n|t:|1733896507\n|gametype|singles\n|player|p1|Eschemali|preschooler|2004\n|player|p2|DalmatianCat|dulse|2151\n|teamsize|p1|6\n|teamsize|p2|6\n|gen|9\n|tier|[Gen 9] Random Battle\n|rated|\n|rule|Species Clause: Limit one of each Pok\u00e9mon\n|rule|HP Percentage Mod: HP is shown in percentages\n|rule|Sleep Clause Mod: Limit one foe put to sleep\n|rule|Illusion Level Mod: Illusion disguises the Pok\u00e9mon's true level\n|\n|t:|1733896507\n|start\n|switch|p1a: Dewgong|Dewgong, L94, M|322/322\n|switch|p2a: Weavile|Weavile, L79, M|240/240\n|turn|1\n|inactive|Battle timer is ON: inactive players will automatically lose when time's up. (requested by Eschemali)\n|\n|t:|1733896523\n|move|p2a: Weavile|Knock Off|p1a: Dewgong\n|-damage|p1a: Dewgong|226/322\n|-enditem|p1a: Dewgong|Assault Vest|[from] move: Knock Off|[of] p2a: Weavile\n|move|p1a: Dewgong|Flip Turn|p2a: Weavile\n|-damage|p2a: Weavile|152/240\n|\n|t:|1733896544\n|switch|p1a: Umbreon|Umbreon, L84, F|297/297|[from] Flip Turn\n|\n|upkeep\n|turn|2\n|\n|t:|1733896562\n|switch|p2a: Donphan|Donphan, L84, M|288/288\n|move|p1a: Umbreon|Foul Play|p2a: Donphan\n|-damage|p2a: Donphan|200/288\n|\n|-heal|p2a: Donphan|218/288|[from] item: Leftovers\n|upkeep\n|turn|3\n|\n|t:|1733896571\n|move|p1a: Umbreon|Toxic|p2a: Donphan\n|-status|p2a: Donphan|tox\n|move|p2a: Donphan|Stealth Rock|p1a: Umbreon\n|-sidestart|p1: Eschemali|move: Stealth Rock\n|\n|-heal|p2a: Donphan|236/288 tox|[from] item: Leftovers\n|-damage|p2a: Donphan|218/288 tox|[from] psn\n|upkeep\n|turn|4\n|\n|t:|1733896576\n|switch|p2a: Tauros|Tauros-Paldea-Combat, L82, M|257/257\n|-ability|p2a: Tauros|Intimidate|boost\n|-unboost|p1a: Umbreon|atk|1\n|move|p1a: Umbreon|Wish|p1a: Umbreon\n|\n|upkeep\n|turn|5\n|\n|t:|1733896585\n|switch|p1a: Tornadus|Tornadus, L82, M|263/263\n|-damage|p1a: Tornadus|198/263|[from] Stealth Rock\n|move|p2a: Tauros|Close Combat|p1a: Tornadus\n|-resisted|p1a: Tornadus\n|-damage|p1a: Tornadus|78/263\n|-unboost|p2a: Tauros|def|1\n|-unboost|p2a: Tauros|spd|1\n|\n|-heal|p1a: Tornadus|226/263|[from] move: Wish|[wisher] Umbreon\n|upkeep\n|turn|6\n|\n|t:|1733896598\n|switch|p2a: Donphan|Donphan, L84, M|218/288 tox\n|move|p1a: Tornadus|Bleakwind Storm|p2a: Donphan\n|-damage|p2a: Donphan|0 fnt\n|faint|p2a: Donphan\n|\n|upkeep\n|\n|t:|1733896601\n|switch|p2a: Weavile|Weavile, L79, M|152/240\n|turn|7\n|\n|t:|1733896612\n|switch|p1a: Dewgong|Dewgong, L94, M|226/322\n|-damage|p1a: Dewgong|146/322|[from] Stealth Rock\n|move|p2a: Weavile|Triple Axel|p1a: Dewgong\n|-resisted|p1a: Dewgong\n|-damage|p1a: Dewgong|143/322\n|-resisted|p1a: Dewgong\n|-damage|p1a: Dewgong|138/322\n|-resisted|p1a: Dewgong\n|-damage|p1a: Dewgong|131/322\n|-hitcount|p1a: Dewgong|3\n|\n|upkeep\n|turn|8\n|\n|t:|1733896620\n|move|p2a: Weavile|Low Kick|p1a: Dewgong\n|-supereffective|p1a: Dewgong\n|-damage|p1a: Dewgong|0 fnt\n|faint|p1a: Dewgong\n|\n|upkeep\n|\n|t:|1733896634\n|switch|p1a: Umbreon|Umbreon, L84, F|297/297\n|-damage|p1a: Umbreon|260/297|[from] Stealth Rock\n|turn|9\n|\n|t:|1733896642\n|move|p2a: Weavile|Knock Off|p1a: Umbreon\n|-resisted|p1a: Umbreon\n|-damage|p1a: Umbreon|214/297\n|-enditem|p1a: Umbreon|Leftovers|[from] move: Knock Off|[of] p2a: Weavile\n|move|p1a: Umbreon|Toxic|p2a: Weavile\n|-status|p2a: Weavile|tox\n|\n|-damage|p2a: Weavile|137/240 tox|[from] psn\n|upkeep\n|turn|10\n|\n|t:|1733896650\n|switch|p2a: Tauros|Tauros-Paldea-Combat, L82, M|257/257\n|-ability|p2a: Tauros|Intimidate|boost\n|-unboost|p1a: Umbreon|atk|1\n|move|p1a: Umbreon|Wish|p1a: Umbreon\n|\n|upkeep\n|turn|11\n|\n|t:|1733896656\n|switch|p2a: Weavile|Weavile, L79, M|137/240 tox\n|move|p1a: Umbreon|Protect||[still]\n|-fail|p1a: Umbreon\n|\n|-heal|p1a: Umbreon|297/297|[from] move: Wish|[wisher] Umbreon\n|-damage|p2a: Weavile|122/240 tox|[from] psn\n|upkeep\n|turn|12\n|\n|t:|1733896666\n|move|p1a: Umbreon|Protect|p1a: Umbreon\n|-singleturn|p1a: Umbreon|Protect\n|move|p2a: Weavile|Low Kick|p1a: Umbreon\n|-activate|p1a: Umbreon|move: Protect\n|\n|-damage|p2a: Weavile|92/240 tox|[from] psn\n|upkeep\n|turn|13\n|\n|t:|1733896671\n|switch|p2a: Tauros|Tauros-Paldea-Combat, L82, M|257/257\n|-ability|p2a: Tauros|Intimidate|boost\n|-unboost|p1a: Umbreon|atk|1\n|move|p1a: Umbreon|Wish|p1a: Umbreon\n|\n|upkeep\n|turn|14\n|\n|t:|1733896678\n|move|p1a: Umbreon|Protect|p1a: Umbreon\n|-singleturn|p1a: Umbreon|Protect\n|move|p2a: Tauros|Close Combat|p1a: Umbreon\n|-activate|p1a: Umbreon|move: Protect\n|\n|upkeep\n|turn|15\n|\n|t:|1733896707\n|switch|p1a: Tornadus|Tornadus, L82, M|226/263\n|-damage|p1a: Tornadus|161/263|[from] Stealth Rock\n|move|p2a: Tauros|Close Combat|p1a: Tornadus\n|-resisted|p1a: Tornadus\n|-damage|p1a: Tornadus|32/263\n|-unboost|p2a: Tauros|def|1\n|-unboost|p2a: Tauros|spd|1\n|\n|upkeep\n|turn|16\n|\n|t:|1733896712\n|switch|p2a: Weavile|Weavile, L79, M|92/240 tox\n|move|p1a: Tornadus|Bleakwind Storm|p2a: Weavile|[miss]\n|-miss|p1a: Tornadus|p2a: Weavile\n|\n|-damage|p2a: Weavile|77/240 tox|[from] psn\n|upkeep\n|turn|17\n|\n|t:|1733896734\n|move|p2a: Weavile|Swords Dance|p2a: Weavile\n|-boost|p2a: Weavile|atk|2\n|move|p1a: Tornadus|Bleakwind Storm|p2a: Weavile\n|-damage|p2a: Weavile|0 fnt\n|faint|p2a: Weavile\n|\n|upkeep\n|\n|t:|1733896737\n|switch|p2a: Noivern|Noivern, L82, M|274/274\n|turn|18\n|\n|t:|1733896747\n|move|p2a: Noivern|Flamethrower|p1a: Tornadus\n|-damage|p1a: Tornadus|0 fnt\n|faint|p1a: Tornadus\n|\n|upkeep\n|\n|t:|1733896763\n|switch|p1a: Umbreon|Umbreon, L84, F|297/297\n|-damage|p1a: Umbreon|260/297|[from] Stealth Rock\n|turn|19\n|inactive|DalmatianCat has 120 seconds left.\n|\n|t:|1733896794\n|move|p2a: Noivern|Hurricane|p1a: Umbreon\n|-damage|p1a: Umbreon|175/297\n|move|p1a: Umbreon|Toxic|p2a: Noivern\n|-status|p2a: Noivern|tox\n|\n|-damage|p2a: Noivern|257/274 tox|[from] psn\n|upkeep\n|turn|20\n|\n|t:|1733896808\n|switch|p2a: Scovillain|Scovillain, L91, M|266/266\n|move|p1a: Umbreon|Wish|p1a: Umbreon\n|\n|upkeep\n|turn|21\n|\n|t:|1733896814\n|move|p1a: Umbreon|Protect|p1a: Umbreon\n|-singleturn|p1a: Umbreon|Protect\n|move|p2a: Scovillain|Flamethrower|p1a: Umbreon\n|-activate|p1a: Umbreon|move: Protect\n|\n|-heal|p1a: Umbreon|297/297|[from] move: Wish|[wisher] Umbreon\n|upkeep\n|turn|22\n|\n|t:|1733896823\n|move|p2a: Scovillain|Flamethrower|p1a: Umbreon\n|-damage|p1a: Umbreon|174/297\n|move|p1a: Umbreon|Toxic|p2a: Scovillain\n|-status|p2a: Scovillain|tox\n|\n|-damage|p2a: Scovillain|250/266 tox|[from] psn\n|upkeep\n|turn|23\n|\n|t:|1733896828\n|switch|p2a: Tauros|Tauros-Paldea-Combat, L82, M|257/257\n|-ability|p2a: Tauros|Intimidate|boost\n|-unboost|p1a: Umbreon|atk|1\n|move|p1a: Umbreon|Wish|p1a: Umbreon\n|\n|upkeep\n|turn|24\n|\n|t:|1733896839\n|move|p1a: Umbreon|Protect|p1a: Umbreon\n|-singleturn|p1a: Umbreon|Protect\n|move|p2a: Tauros|Close Combat|p1a: Umbreon\n|-activate|p1a: Umbreon|move: Protect\n|\n|-heal|p1a: Umbreon|297/297|[from] move: Wish|[wisher] Umbreon\n|upkeep\n|turn|25\n|\n|t:|1733896863\n|switch|p2a: Noivern|Noivern, L82, M|257/274 tox\n|-terastallize|p1a: Umbreon|Poison\n|move|p1a: Umbreon|Toxic|p2a: Noivern\n|-fail|p2a: Noivern|tox\n|\n|-damage|p2a: Noivern|240/274 tox|[from] psn\n|upkeep\n|turn|26\n|\n|t:|1733896877\n|move|p2a: Noivern|Hurricane|p1a: Umbreon\n|-damage|p1a: Umbreon|218/297\n|move|p1a: Umbreon|Wish|p1a: Umbreon\n|\n|-damage|p2a: Noivern|206/274 tox|[from] psn\n|upkeep\n|turn|27\n|\n|t:|1733896885\n|switch|p2a: Tauros|Tauros-Paldea-Combat, L82, M|257/257\n|-ability|p2a: Tauros|Intimidate|boost\n|-unboost|p1a: Umbreon|atk|1\n|move|p1a: Umbreon|Foul Play|p2a: Tauros\n|-resisted|p2a: Tauros\n|-damage|p2a: Tauros|209/257\n|\n|-heal|p1a: Umbreon|297/297|[from] move: Wish|[wisher] Umbreon\n|upkeep\n|turn|28\n|\n|t:|1733896899\n|move|p2a: Tauros|Earthquake|p1a: Umbreon\n|-supereffective|p1a: Umbreon\n|-damage|p1a: Umbreon|99/297\n|move|p1a: Umbreon|Toxic|p2a: Tauros\n|-status|p2a: Tauros|tox\n|\n|-damage|p2a: Tauros|193/257 tox|[from] psn\n|upkeep\n|turn|29\n|\n|t:|1733896907\n|move|p1a: Umbreon|Protect|p1a: Umbreon\n|-singleturn|p1a: Umbreon|Protect\n|move|p2a: Tauros|Earthquake|p1a: Umbreon\n|-activate|p1a: Umbreon|move: Protect\n|\n|-damage|p2a: Tauros|161/257 tox|[from] psn\n|upkeep\n|turn|30\n|\n|t:|1733896920\n|switch|p1a: Arceus|Arceus-Dragon, L71|288/288\n|-damage|p1a: Arceus|252/288|[from] Stealth Rock\n|move|p2a: Tauros|Earthquake|p1a: Arceus\n|-damage|p1a: Arceus|154/288\n|\n|-damage|p2a: Tauros|113/257 tox|[from] psn\n|upkeep\n|turn|31\n|\n|t:|1733896932\n|switch|p2a: Noivern|Noivern, L82, M|206/274 tox\n|move|p1a: Arceus|Dragon Dance|p1a: Arceus\n|-boost|p1a: Arceus|atk|1\n|-boost|p1a: Arceus|spe|1\n|\n|-damage|p2a: Noivern|189/274 tox|[from] psn\n|upkeep\n|turn|32\n|\n|t:|1733896944\n|switch|p2a: Tauros|Tauros-Paldea-Combat, L82, M|113/257 tox\n|-ability|p2a: Tauros|Intimidate|boost\n|-unboost|p1a: Arceus|atk|1\n|move|p1a: Arceus|Outrage|p2a: Tauros\n|-damage|p2a: Tauros|0 fnt\n|faint|p2a: Tauros\n|\n|upkeep\n|\n|t:|1733896948\n|switch|p2a: Arceus|Arceus, L68|276/276\n|turn|33\n|\n|t:|1733896952\n|move|p1a: Arceus|Outrage|p2a: Arceus|[from]lockedmove\n|-damage|p2a: Arceus|158/276\n|move|p2a: Arceus|Swords Dance|p2a: Arceus\n|-boost|p2a: Arceus|atk|2\n|\n|upkeep\n|turn|34\n|\n|t:|1733896958\n|move|p1a: Arceus|Outrage|p2a: Arceus|[from]lockedmove\n|-damage|p2a: Arceus|28/276\n|-start|p1a: Arceus|confusion|[fatigue]\n|move|p2a: Arceus|Recover|p2a: Arceus\n|-heal|p2a: Arceus|166/276\n|\n|upkeep\n|turn|35\n|\n|t:|1733896973\n|-activate|p1a: Arceus|confusion\n|move|p1a: Arceus|Dragon Dance|p1a: Arceus\n|-boost|p1a: Arceus|atk|1\n|-boost|p1a: Arceus|spe|1\n|move|p2a: Arceus|Recover|p2a: Arceus\n|-heal|p2a: Arceus|276/276\n|\n|upkeep\n|turn|36\n|\n|t:|1733896984\n|-terastallize|p2a: Arceus|Normal\n|move|p2a: Arceus|Extreme Speed|p1a: Arceus\n|-damage|p1a: Arceus|0 fnt\n|faint|p1a: Arceus\n|-damage|p2a: Arceus|249/276|[from] item: Life Orb\n|\n|upkeep\n|\n|t:|1733897009\n|switch|p1a: Mamoswine|Mamoswine, L81, F|311/311\n|-damage|p1a: Mamoswine|273/311|[from] Stealth Rock\n|turn|37\n|\n|t:|1733897025\n|move|p2a: Arceus|Swords Dance|p2a: Arceus\n|-boost|p2a: Arceus|atk|2\n|move|p1a: Mamoswine|Earthquake|p2a: Arceus\n|-damage|p2a: Arceus|96/276\n|-damage|p1a: Mamoswine|242/311|[from] item: Life Orb\n|\n|upkeep\n|turn|38\n|\n|t:|1733897034\n|move|p2a: Arceus|Extreme Speed|p1a: Mamoswine\n|-damage|p1a: Mamoswine|0 fnt\n|faint|p1a: Mamoswine\n|-damage|p2a: Arceus|69/276|[from] item: Life Orb\n|\n|upkeep\n|\n|t:|1733897038\n|switch|p1a: Kommo-o|Kommo-o, L78, F|245/245\n|-damage|p1a: Kommo-o|230/245|[from] Stealth Rock\n|turn|39\n|\n|t:|1733897047\n|move|p2a: Arceus|Extreme Speed|p1a: Kommo-o\n|-damage|p1a: Kommo-o|0 fnt\n|faint|p1a: Kommo-o\n|-damage|p2a: Arceus|42/276|[from] item: Life Orb\n|\n|upkeep\n|\n|t:|1733897050\n|switch|p1a: Umbreon|Umbreon, L84, F, tera:Poison|99/297\n|-damage|p1a: Umbreon|62/297|[from] Stealth Rock\n|turn|40\n|\n|t:|1733897056\n|move|p2a: Arceus|Extreme Speed|p1a: Umbreon\n|-damage|p1a: Umbreon|0 fnt\n|faint|p1a: Umbreon\n|-damage|p2a: Arceus|15/276|[from] item: Life Orb\n|\n|win|DalmatianCat\n|raw|Eschemali's rating: 2004 &rarr; <strong>1992</strong><br />(-12 for losing)\n|raw|DalmatianCat's rating: 2151 &rarr; <strong>2163</strong><br />(+12 for winning)\n|l|\u2606Eschemali\n|player|p1|\n", "inputlog": ">version bfd83cad13791eb5a5a409923076391caf6fb4d4\n>start {\"formatid\":\"gen9randombattle\",\"seed\":[49116,58486,42849,9737],\"rated\":\"Rated battle\"}\n>player p1 {\"name\":\"Eschemali\",\"avatar\":\"preschooler\",\"rating\":2004,\"seed\":[10780,39570,47703,31920]}\n>player p2 {\"name\":\"DalmatianCat\",\"avatar\":\"dulse\",\"rating\":2151,\"seed\":[30025,46035,43000,4490]}\n>p1 move flipturn\n>p2 move knockoff\n>p1 switch 5\n>p1 move foulplay\n>p2 switch 5\n>p1 move toxic\n>p2 move stealthrock\n>p1 move wish\n>p2 switch 4\n>p1 switch 4\n>p2 move closecombat\n>p1 move bleakwindstorm\n>p2 switch 4\n>p2 switch 5\n>p1 switch 5\n>p2 move tripleaxel\n>p1 move flipturn\n>p2 move lowkick\n>p1 switch 4\n>p1 move toxic\n>p2 move knockoff\n>p1 move wish\n>p2 switch 4\n>p1 move protect\n>p2 switch 4\n>p1 move protect\n>p2 move lowkick\n>p1 move wish\n>p2 switch 4\n>p1 move protect\n>p2 move closecombat\n>p1 switch 5\n>p2 move closecombat\n>p1 move bleakwindstorm\n>p2 switch 4\n>p1 move bleakwindstorm\n>p2 move swordsdance\n>p2 switch 3\n>p1 move bleakwindstorm\n>p2 move flamethrower\n>p1 switch 5\n>p1 move toxic\n>p2 move hurricane\n>p1 move wish\n>p2 switch 2\n>p1 move protect\n>p2 move flamethrower\n>p1 move toxic\n>p2 move flamethrower\n>p1 move wish\n>p2 switch 4\n>p1 move protect\n>p2 move closecombat\n>p1 move toxic terastallize\n>p2 switch 2\n>p1 move wish\n>p2 move hurricane\n>p1 move foulplay\n>p2 switch 2\n>p1 move toxic\n>p2 move earthquake\n>p1 move protect\n>p2 move earthquake\n>p1 switch 3\n>p2 move earthquake\n>p1 move dragondance\n>p2 switch 2\n>p1 move outrage\n>p2 switch 2\n>p2 switch 6\n>p1 move outrage\n>p2 move swordsdance\n>p1 move outrage\n>p2 move recover\n>p1 move dragondance\n>p2 move recover\n>p1 move outrage\n>p2 move extremespeed terastallize\n>p1 switch 2\n>p1 move earthquake\n>p2 move swordsdance\n>p1 move earthquake\n>p2 move extremespeed\n>p1 switch 6\n>p1 move scaleshot\n>p2 move extremespeed\n>p1 switch 3\n>p1 move foulplay\n>p2 move extremespeed", "uploadtime": 1733897412, "views": 3, "formatid": "gen9randombattle", "rating": 1992, "private": 0, "password": null}