{"id": "gen9randombattle-2260266563", "format": "[Gen 9] Random Battle", "players": ["HazeCapra", "Sylphrene"], "log": "|j|\u2606HazeCapra\n|j|\u2606Sylphrene\n|t:|1733832397\n|gametype|singles\n|player|p1|HazeCapra|265|\n|player|p2|Sylphrene|skyla|\n|teamsize|p1|6\n|teamsize|p2|6\n|gen|9\n|tier|[Gen 9] Random Battle\n|rule|Species Clause: Limit one of each Pok\u00e9mon\n|rule|HP Percentage Mod: HP is shown in percentages\n|rule|Sleep Clause Mod: Limit one foe put to sleep\n|rule|Illusion Level Mod: Illusion disguises the Pok\u00e9mon's true level\n|\n|t:|1733832397\n|start\n|switch|p1a: Venusaur|Venusaur, L84, F|272/272\n|switch|p2a: Gyarados|Gyarados, L79, F|280/280\n|-ability|p2a: Gyarados|Intimidate|boost\n|-unboost|p1a: Venusaur|atk|1\n|turn|1\n|\n|t:|1733832439\n|switch|p1a: Ampharos|Ampharos, L88, M|302/302\n|-terastallize|p2a: Gyarados|Flying\n|move|p2a: Gyarados|Tera Blast|p1a: Ampharos|[anim] Tera Blast Flying\n|-resisted|p1a: Ampharos\n|-damage|p1a: Ampharos|239/302\n|\n|upkeep\n|turn|2\n|\n|t:|1733832456\n|move|p2a: Gyarados|Earthquake|p1a: Ampharos\n|-supereffective|p1a: Ampharos\n|-damage|p1a: Ampharos|83/302\n|move|p1a: Ampharos|Volt Switch|p2a: Gyarados\n|-supereffective|p2a: Gyarados\n|-damage|p2a: Gyarados|106/280\n|\n|t:|1733832474\n|switch|p1a: Lokix|Lokix, L82, M|251/251|[from] Volt Switch\n|\n|upkeep\n|turn|3\n|\n|t:|1733832483\n|move|p1a: Lokix|First Impression|p2a: Gyarados\n|-resisted|p2a: Gyarados\n|-damage|p2a: Gyarados|0 fnt\n|faint|p2a: Gyarados\n|-damage|p1a: Lokix|226/251|[from] item: Life Orb\n|\n|upkeep\n|\n|t:|1733832500\n|switch|p2a: Virizion|Virizion, L82|283/283\n|turn|4\n|\n|t:|1733832525\n|move|p1a: Lokix|Sucker Punch|p2a: Virizion\n|-resisted|p2a: Virizion\n|-damage|p2a: Virizion|182/283\n|-ability|p2a: Virizion|Justified|boost\n|-boost|p2a: Virizion|atk|1\n|-damage|p1a: Lokix|201/251|[from] item: Life Orb\n|move|p2a: Virizion|Close Combat|p1a: Lokix\n|-damage|p1a: Lokix|0 fnt\n|-unboost|p2a: Virizion|def|1\n|-unboost|p2a: Virizion|spd|1\n|faint|p1a: Lokix\n|-damage|p2a: Virizion|154/283|[from] item: Life Orb\n|\n|upkeep\n|\n|t:|1733832549\n|switch|p1a: Latios|Latios, L78, M|253/253\n|turn|5\n|\n|t:|1733832583\n|move|p2a: Virizion|Stone Edge|p1a: Latios|[miss]\n|-miss|p2a: Virizion|p1a: Latios\n|move|p1a: Latios|Calm Mind|p1a: Latios\n|-boost|p1a: Latios|spa|1\n|-boost|p1a: Latios|spd|1\n|\n|upkeep\n|turn|6\n|\n|t:|1733832597\n|move|p2a: Virizion|Stone Edge|p1a: Latios\n|-damage|p1a: Latios|122/253\n|-damage|p2a: Virizion|126/283|[from] item: Life Orb\n|move|p1a: Latios|Luster Purge|p2a: Virizion\n|-supereffective|p2a: Virizion\n|-damage|p2a: Virizion|0 fnt\n|faint|p2a: Virizion\n|\n|upkeep\n|\n|t:|1733832613\n|switch|p2a: Spiritomb|Spiritomb, L89, M|234/234\n|turn|7\n|\n|t:|1733832636\n|move|p1a: Latios|Draco Meteor|p2a: Spiritomb|[miss]\n|-miss|p1a: Latios|p2a: Spiritomb\n|move|p2a: Spiritomb|Poltergeist|p1a: Latios\n|-activate|p1a: Latios|move: Poltergeist|Soul Dew\n|-supereffective|p1a: Latios\n|-damage|p1a: Latios|0 fnt\n|faint|p1a: Latios\n|\n|upkeep\n|\n|t:|1733832653\n|switch|p1a: Furret|Furret, L94, M|312/312\n|-item|p2a: Spiritomb|Choice Band|[from] ability: Frisk|[of] p1a: Furret\n|turn|8\n|\n|t:|1733832675\n|switch|p2a: Komala|Komala, L89, M|260/260\n|-ability|p2a: Komala|Comatose\n|move|p1a: Furret|Trick|p2a: Komala\n|-activate|p1a: Furret|move: Trick|[of] p2a: Komala\n|-item|p2a: Komala|Choice Band|[from] move: Trick\n|-item|p1a: Furret|Choice Scarf|[from] move: Trick\n|\n|upkeep\n|turn|9\n|\n|t:|1733832701\n|move|p1a: Furret|Trick|p2a: Komala\n|-activate|p1a: Furret|move: Trick|[of] p2a: Komala\n|-item|p2a: Komala|Choice Scarf|[from] move: Trick\n|-item|p1a: Furret|Choice Band|[from] move: Trick\n|move|p2a: Komala|Superpower|p1a: Furret\n|-supereffective|p1a: Furret\n|-damage|p1a: Furret|84/312\n|-unboost|p2a: Komala|atk|1\n|-unboost|p2a: Komala|def|1\n|\n|upkeep\n|turn|10\n|\n|t:|1733832735\n|switch|p1a: Venusaur|Venusaur, L84, F|272/272\n|move|p2a: Komala|Superpower|p1a: Venusaur\n|-resisted|p1a: Venusaur\n|-damage|p1a: Venusaur|236/272\n|-unboost|p2a: Komala|atk|1\n|-unboost|p2a: Komala|def|1\n|\n|-heal|p1a: Venusaur|253/272|[from] item: Leftovers\n|upkeep\n|turn|11\n|\n|t:|1733832752\n|switch|p2a: Venomoth|Venomoth, L84, F|255/255\n|move|p1a: Venusaur|Toxic|p2a: Venomoth\n|-immune|p2a: Venomoth\n|\n|-heal|p1a: Venusaur|270/272|[from] item: Leftovers\n|upkeep\n|turn|12\n|\n|t:|1733832768\n|-terastallize|p1a: Venusaur|Steel\n|move|p2a: Venomoth|Quiver Dance|p2a: Venomoth\n|-boost|p2a: Venomoth|spa|1\n|-boost|p2a: Venomoth|spd|1\n|-boost|p2a: Venomoth|spe|1\n|move|p1a: Venusaur|Energy Ball|p2a: Venomoth\n|-resisted|p2a: Venomoth\n|-damage|p2a: Venomoth|237/255\n|\n|-heal|p1a: Venusaur|272/272|[from] item: Leftovers\n|upkeep\n|turn|13\n|\n|t:|1733832783\n|move|p2a: Venomoth|Sleep Powder|p1a: Venusaur\n|-status|p1a: Venusaur|slp|[from] move: Sleep Powder\n|cant|p1a: Venusaur|slp\n|\n|upkeep\n|turn|14\n|\n|t:|1733832795\n|move|p2a: Venomoth|Quiver Dance|p2a: Venomoth\n|-boost|p2a: Venomoth|spa|1\n|-boost|p2a: Venomoth|spd|1\n|-boost|p2a: Venomoth|spe|1\n|cant|p1a: Venusaur|slp\n|\n|upkeep\n|turn|15\n|\n|t:|1733832801\n|move|p2a: Venomoth|Quiver Dance|p2a: Venomoth\n|-boost|p2a: Venomoth|spa|1\n|-boost|p2a: Venomoth|spd|1\n|-boost|p2a: Venomoth|spe|1\n|-curestatus|p1a: Venusaur|slp|[msg]\n|move|p1a: Venusaur|Sludge Bomb|p2a: Venomoth\n|-resisted|p2a: Venomoth\n|-damage|p2a: Venomoth|215/255\n|\n|upkeep\n|turn|16\n|\n|t:|1733832816\n|switch|p1a: Furret|Furret, L94, M|84/312\n|-item|p2a: Venomoth|Heavy-Duty Boots|[from] ability: Frisk|[of] p1a: Furret\n|move|p2a: Venomoth|Sleep Powder|p1a: Furret\n|-status|p1a: Furret|slp|[from] move: Sleep Powder\n|\n|upkeep\n|turn|17\n|\n|t:|1733832828\n|move|p2a: Venomoth|Sludge Wave|p1a: Furret\n|-damage|p1a: Furret|0 fnt\n|faint|p1a: Furret\n|\n|upkeep\n|\n|t:|1733832851\n|switch|p1a: Ampharos|Ampharos, L88, M|83/302\n|turn|18\n|\n|t:|1733832867\n|move|p2a: Venomoth|Sludge Wave|p1a: Ampharos\n|-damage|p1a: Ampharos|0 fnt\n|faint|p1a: Ampharos\n|\n|upkeep\n|\n|t:|1733832877\n|switch|p1a: Venusaur|Venusaur, L84, F, tera:Steel|272/272\n|turn|19\n|\n|t:|1733832882\n|move|p2a: Venomoth|Sleep Powder|p1a: Venusaur\n|-status|p1a: Venusaur|slp|[from] move: Sleep Powder\n|cant|p1a: Venusaur|slp\n|\n|upkeep\n|turn|20\n|\n|t:|1733832887\n|move|p2a: Venomoth|Quiver Dance|p2a: Venomoth\n|-boost|p2a: Venomoth|spa|1\n|-boost|p2a: Venomoth|spd|1\n|-boost|p2a: Venomoth|spe|1\n|cant|p1a: Venusaur|slp\n|\n|upkeep\n|turn|21\n|\n|t:|1733832893\n|move|p2a: Venomoth|Quiver Dance|p2a: Venomoth\n|-boost|p2a: Venomoth|spa|1\n|-boost|p2a: Venomoth|spd|1\n|-boost|p2a: Venomoth|spe|1\n|cant|p1a: Venusaur|slp\n|\n|upkeep\n|turn|22\n|\n|t:|1733832898\n|move|p2a: Venomoth|Quiver Dance|p2a: Venomoth\n|-boost|p2a: Venomoth|spa|1\n|-boost|p2a: Venomoth|spd|1\n|-boost|p2a: Venomoth|spe|1\n|-curestatus|p1a: Venusaur|slp|[msg]\n|move|p1a: Venusaur|Sludge Bomb|p2a: Venomoth\n|-resisted|p2a: Venomoth\n|-damage|p2a: Venomoth|200/255\n|\n|upkeep\n|turn|23\n|\n|t:|1733832918\n|move|p2a: Venomoth|Bug Buzz|p1a: Venusaur\n|-resisted|p1a: Venusaur\n|-damage|p1a: Venusaur|0 fnt\n|faint|p1a: Venusaur\n|\n|upkeep\n|\n|t:|1733832922\n|switch|p1a: Trevenant|Trevenant, L88, M|293/293\n|turn|24\n|\n|t:|1733832930\n|move|p1a: Trevenant|Protect|p1a: Trevenant\n|-singleturn|p1a: Trevenant|Protect\n|move|p2a: Venomoth|Bug Buzz|p1a: Trevenant\n|-activate|p1a: Trevenant|move: Protect\n|\n|upkeep\n|turn|25\n|\n|t:|1733832937\n|move|p2a: Venomoth|Bug Buzz|p1a: Trevenant\n|-damage|p1a: Trevenant|0 fnt\n|faint|p1a: Trevenant\n|\n|win|Sylphrene\n|l|\u2606HazeCapra\n|player|p1|\n", "inputlog": ">version bfd83cad13791eb5a5a409923076391caf6fb4d4\n>start {\"formatid\":\"gen9randombattle\",\"seed\":[40966,33643,35569,5380]}\n>player p1 {\"name\":\"HazeCapra\",\"avatar\":\"265\",\"rating\":0,\"seed\":[20388,21998,60056,56658]}\n>player p2 {\"name\":\"Sylphrene\",\"avatar\":\"skyla\",\"rating\":0,\"seed\":[4723,59711,636,3555]}\n>p1 switch 4\n>p2 move terablast terastallize\n>p1 move voltswitch\n>p2 move earthquake\n>p1 switch 5\n>p1 move firstimpression\n>p2 move terablast\n>p2 switch 6\n>p1 move suckerpunch\n>p2 move closecombat\n>p1 switch 6\n>p1 move calmmind\n>p2 move stoneedge\n>p1 move lusterpurge\n>p2 move stoneedge\n>p2 switch 5\n>p1 move dracometeor\n>p2 move poltergeist\n>p1 switch 2\n>p1 move trick\n>p2 switch 2\n>p1 move trick\n>p2 move superpower\n>p1 switch 4\n>p2 move superpower\n>p1 move toxic\n>p2 switch 4\n>p1 move energyball terastallize\n>p2 move quiverdance\n>p1 move sludgebomb\n>p2 move sleeppowder\n>p1 move sludgebomb\n>p2 move quiverdance\n>p1 move sludgebomb\n>p2 move quiverdance\n>p1 switch 4\n>p2 move sleeppowder\n>p1 move trick\n>p2 move sludgewave\n>p1 switch 5\n>p1 move thunderbolt\n>p2 move sludgewave\n>p1 switch 4\n>p1 move sludgebomb\n>p2 move sleeppowder\n>p1 move sludgebomb\n>p2 move quiverdance\n>p1 move sludgebomb\n>p2 move quiverdance\n>p1 move sludgebomb\n>p2 move quiverdance\n>p1 move energyball\n>p2 move bugbuzz\n>p1 switch 3\n>p1 move protect\n>p2 move bugbuzz\n>p1 move toxic\n>p2 move bugbuzz", "uploadtime": 1733832965, "views": 2, "formatid": "gen9randombattle", "rating": null, "private": 0, "password": null}