{"id": "gen9randombattle-2243323877", "format": "[Gen 9] Random Battle", "players": ["CherylBush", "john deebis"], "log": "|badge|p2|bronze|gen9randombattle|100-3\n|uhtml|medal-msg|<div class=\"broadcast-blue\">Curious what those medals under the avatar are? PS now has Ladder Seasons! For more information, check out the <a href=\"https://www.smogon.com/forums/threads/3740067/\">thread on Smogon.</a></div>\n|j|\u2606CherylBush\n|j|\u2606john deebis\n|t:|1731533448\n|gametype|singles\n|player|p1|CherylBush|mallow-masters|2305\n|player|p2|john deebis|supernerd|2352\n|teamsize|p1|6\n|teamsize|p2|6\n|gen|9\n|tier|[Gen 9] Random Battle\n|rated|\n|rule|Species Clause: Limit one of each Pok\u00e9mon\n|rule|HP Percentage Mod: HP is shown in percentages\n|rule|Sleep Clause Mod: Limit one foe put to sleep\n|rule|Illusion Level Mod: Illusion disguises the Pok\u00e9mon's true level\n|\n|t:|1731533448\n|start\n|switch|p1a: Great Tusk|Great Tusk, L77|304/304\n|switch|p2a: Chi-Yu|Chi-Yu, L77|211/211\n|-ability|p2a: Chi-Yu|Beads of Ruin\n|turn|1\n|\n|t:|1731533463\n|-end|p1a: Great Tusk|Protosynthesis|[silent]\n|switch|p1a: Milotic|Milotic, L83, M|293/293\n|move|p2a: Chi-Yu|Will-O-Wisp|p1a: Milotic\n|-status|p1a: Milotic|brn\n|\n|-damage|p1a: Milotic|275/293 brn|[from] brn\n|upkeep\n|turn|2\n|\n|t:|1731533479\n|switch|p2a: Primarina|Primarina, L83, M|268/268\n|move|p1a: Milotic|Scald|p2a: Primarina\n|-resisted|p2a: Primarina\n|-damage|p2a: Primarina|233/268\n|\n|-heal|p1a: Milotic|293/293 brn|[from] item: Leftovers\n|-heal|p2a: Primarina|249/268|[from] item: Leftovers\n|-damage|p1a: Milotic|275/293 brn|[from] brn\n|upkeep\n|turn|3\n|\n|t:|1731533488\n|move|p1a: Milotic|Scald|p2a: Primarina\n|-resisted|p2a: Primarina\n|-damage|p2a: Primarina|215/268\n|move|p2a: Primarina|Calm Mind|p2a: Primarina\n|-boost|p2a: Primarina|spa|1\n|-boost|p2a: Primarina|spd|1\n|\n|-heal|p1a: Milotic|293/293 brn|[from] item: Leftovers\n|-heal|p2a: Primarina|231/268|[from] item: Leftovers\n|-damage|p1a: Milotic|275/293 brn|[from] brn\n|upkeep\n|turn|4\n|\n|t:|1731533499\n|move|p1a: Milotic|Haze|p1a: Milotic\n|-clearallboost\n|move|p2a: Primarina|Calm Mind|p2a: Primarina\n|-boost|p2a: Primarina|spa|1\n|-boost|p2a: Primarina|spd|1\n|\n|-heal|p1a: Milotic|293/293 brn|[from] item: Leftovers\n|-heal|p2a: Primarina|247/268|[from] item: Leftovers\n|-damage|p1a: Milotic|275/293 brn|[from] brn\n|upkeep\n|turn|5\n|\n|t:|1731533502\n|move|p1a: Milotic|Scald|p2a: Primarina\n|-resisted|p2a: Primarina\n|-damage|p2a: Primarina|223/268\n|move|p2a: Primarina|Moonblast|p1a: Milotic\n|-damage|p1a: Milotic|125/293 brn\n|\n|-heal|p1a: Milotic|143/293 brn|[from] item: Leftovers\n|-heal|p2a: Primarina|239/268|[from] item: Leftovers\n|-damage|p1a: Milotic|125/293 brn|[from] brn\n|upkeep\n|turn|6\n|\n|t:|1731533511\n|move|p1a: Milotic|Haze|p1a: Milotic\n|-clearallboost\n|move|p2a: Primarina|Moonblast|p1a: Milotic\n|-damage|p1a: Milotic|37/293 brn\n|\n|-heal|p1a: Milotic|55/293 brn|[from] item: Leftovers\n|-heal|p2a: Primarina|255/268|[from] item: Leftovers\n|-damage|p1a: Milotic|37/293 brn|[from] brn\n|upkeep\n|turn|7\n|\n|t:|1731533516\n|move|p1a: Milotic|Recover|p1a: Milotic\n|-heal|p1a: Milotic|184/293 brn\n|move|p2a: Primarina|Calm Mind|p2a: Primarina\n|-boost|p2a: Primarina|spa|1\n|-boost|p2a: Primarina|spd|1\n|\n|-heal|p1a: Milotic|202/293 brn|[from] item: Leftovers\n|-heal|p2a: Primarina|268/268|[from] item: Leftovers\n|-damage|p1a: Milotic|184/293 brn|[from] brn\n|upkeep\n|turn|8\n|\n|t:|1731533520\n|move|p1a: Milotic|Haze|p1a: Milotic\n|-clearallboost\n|move|p2a: Primarina|Moonblast|p1a: Milotic\n|-damage|p1a: Milotic|96/293 brn\n|\n|-heal|p1a: Milotic|114/293 brn|[from] item: Leftovers\n|-damage|p1a: Milotic|96/293 brn|[from] brn\n|upkeep\n|turn|9\n|\n|t:|1731533525\n|move|p1a: Milotic|Recover|p1a: Milotic\n|-heal|p1a: Milotic|243/293 brn\n|move|p2a: Primarina|Moonblast|p1a: Milotic\n|-damage|p1a: Milotic|146/293 brn\n|\n|-heal|p1a: Milotic|164/293 brn|[from] item: Leftovers\n|-damage|p1a: Milotic|146/293 brn|[from] brn\n|upkeep\n|turn|10\n|\n|t:|1731533529\n|move|p1a: Milotic|Scald|p2a: Primarina\n|-resisted|p2a: Primarina\n|-damage|p2a: Primarina|232/268\n|move|p2a: Primarina|Calm Mind|p2a: Primarina\n|-boost|p2a: Primarina|spa|1\n|-boost|p2a: Primarina|spd|1\n|\n|-heal|p1a: Milotic|164/293 brn|[from] item: Leftovers\n|-heal|p2a: Primarina|248/268|[from] item: Leftovers\n|-damage|p1a: Milotic|146/293 brn|[from] brn\n|upkeep\n|turn|11\n|\n|t:|1731533531\n|move|p1a: Milotic|Haze|p1a: Milotic\n|-clearallboost\n|move|p2a: Primarina|Moonblast|p1a: Milotic\n|-damage|p1a: Milotic|47/293 brn\n|-unboost|p1a: Milotic|spa|1\n|-ability|p1a: Milotic|Competitive|boost\n|-boost|p1a: Milotic|spa|2\n|\n|-heal|p1a: Milotic|65/293 brn|[from] item: Leftovers\n|-heal|p2a: Primarina|264/268|[from] item: Leftovers\n|-damage|p1a: Milotic|47/293 brn|[from] brn\n|upkeep\n|turn|12\n|\n|t:|1731533537\n|move|p1a: Milotic|Recover|p1a: Milotic\n|-heal|p1a: Milotic|194/293 brn\n|move|p2a: Primarina|Calm Mind|p2a: Primarina\n|-boost|p2a: Primarina|spa|1\n|-boost|p2a: Primarina|spd|1\n|\n|-heal|p1a: Milotic|212/293 brn|[from] item: Leftovers\n|-heal|p2a: Primarina|268/268|[from] item: Leftovers\n|-damage|p1a: Milotic|194/293 brn|[from] brn\n|upkeep\n|turn|13\n|\n|t:|1731533540\n|move|p1a: Milotic|Haze|p1a: Milotic\n|-clearallboost\n|move|p2a: Primarina|Moonblast|p1a: Milotic\n|-damage|p1a: Milotic|94/293 brn\n|\n|-heal|p1a: Milotic|112/293 brn|[from] item: Leftovers\n|-damage|p1a: Milotic|94/293 brn|[from] brn\n|upkeep\n|turn|14\n|\n|t:|1731533546\n|move|p1a: Milotic|Recover|p1a: Milotic\n|-heal|p1a: Milotic|241/293 brn\n|move|p2a: Primarina|Moonblast|p1a: Milotic\n|-damage|p1a: Milotic|141/293 brn\n|-unboost|p1a: Milotic|spa|1\n|-ability|p1a: Milotic|Competitive|boost\n|-boost|p1a: Milotic|spa|2\n|\n|-heal|p1a: Milotic|159/293 brn|[from] item: Leftovers\n|-damage|p1a: Milotic|141/293 brn|[from] brn\n|upkeep\n|turn|15\n|\n|t:|1731533549\n|move|p1a: Milotic|Scald|p2a: Primarina\n|-resisted|p2a: Primarina\n|-damage|p2a: Primarina|214/268\n|move|p2a: Primarina|Moonblast|p1a: Milotic\n|-damage|p1a: Milotic|42/293 brn\n|\n|-heal|p1a: Milotic|60/293 brn|[from] item: Leftovers\n|-heal|p2a: Primarina|230/268|[from] item: Leftovers\n|-damage|p1a: Milotic|42/293 brn|[from] brn\n|upkeep\n|turn|16\n|\n|t:|1731533554\n|move|p1a: Milotic|Recover|p1a: Milotic\n|-heal|p1a: Milotic|189/293 brn\n|move|p2a: Primarina|Calm Mind|p2a: Primarina\n|-boost|p2a: Primarina|spa|1\n|-boost|p2a: Primarina|spd|1\n|\n|-heal|p1a: Milotic|207/293 brn|[from] item: Leftovers\n|-heal|p2a: Primarina|246/268|[from] item: Leftovers\n|-damage|p1a: Milotic|189/293 brn|[from] brn\n|upkeep\n|turn|17\n|\n|t:|1731533556\n|move|p1a: Milotic|Haze|p1a: Milotic\n|-clearallboost\n|move|p2a: Primarina|Moonblast|p1a: Milotic\n|-damage|p1a: Milotic|90/293 brn\n|-unboost|p1a: Milotic|spa|1\n|-ability|p1a: Milotic|Competitive|boost\n|-boost|p1a: Milotic|spa|2\n|\n|-heal|p1a: Milotic|108/293 brn|[from] item: Leftovers\n|-heal|p2a: Primarina|262/268|[from] item: Leftovers\n|-damage|p1a: Milotic|90/293 brn|[from] brn\n|upkeep\n|turn|18\n|\n|t:|1731533560\n|move|p1a: Milotic|Recover|p1a: Milotic\n|-heal|p1a: Milotic|237/293 brn\n|move|p2a: Primarina|Moonblast|p1a: Milotic\n|-damage|p1a: Milotic|144/293 brn\n|\n|-heal|p1a: Milotic|162/293 brn|[from] item: Leftovers\n|-heal|p2a: Primarina|268/268|[from] item: Leftovers\n|-damage|p1a: Milotic|144/293 brn|[from] brn\n|upkeep\n|turn|19\n|\n|t:|1731533565\n|move|p1a: Milotic|Scald|p2a: Primarina\n|-resisted|p2a: Primarina\n|-damage|p2a: Primarina|219/268\n|-status|p2a: Primarina|brn\n|move|p2a: Primarina|Calm Mind|p2a: Primarina\n|-boost|p2a: Primarina|spa|1\n|-boost|p2a: Primarina|spd|1\n|\n|-heal|p1a: Milotic|162/293 brn|[from] item: Leftovers\n|-heal|p2a: Primarina|235/268 brn|[from] item: Leftovers\n|-damage|p1a: Milotic|144/293 brn|[from] brn\n|-damage|p2a: Primarina|219/268 brn|[from] brn\n|upkeep\n|turn|20\n|\n|t:|1731533571\n|move|p1a: Milotic|Haze|p1a: Milotic\n|-clearallboost\n|move|p2a: Primarina|Calm Mind|p2a: Primarina\n|-boost|p2a: Primarina|spa|1\n|-boost|p2a: Primarina|spd|1\n|\n|-heal|p1a: Milotic|162/293 brn|[from] item: Leftovers\n|-heal|p2a: Primarina|235/268 brn|[from] item: Leftovers\n|-damage|p1a: Milotic|144/293 brn|[from] brn\n|-damage|p2a: Primarina|219/268 brn|[from] brn\n|upkeep\n|turn|21\n|\n|t:|1731533574\n|move|p1a: Milotic|Haze|p1a: Milotic\n|-clearallboost\n|move|p2a: Primarina|Moonblast|p1a: Milotic\n|-damage|p1a: Milotic|44/293 brn\n|\n|-heal|p1a: Milotic|62/293 brn|[from] item: Leftovers\n|-heal|p2a: Primarina|235/268 brn|[from] item: Leftovers\n|-damage|p1a: Milotic|44/293 brn|[from] brn\n|-damage|p2a: Primarina|219/268 brn|[from] brn\n|upkeep\n|turn|22\n|\n|t:|1731533580\n|move|p1a: Milotic|Recover|p1a: Milotic\n|-heal|p1a: Milotic|191/293 brn\n|move|p2a: Primarina|Moonblast|p1a: Milotic\n|-damage|p1a: Milotic|89/293 brn\n|-unboost|p1a: Milotic|spa|1\n|-ability|p1a: Milotic|Competitive|boost\n|-boost|p1a: Milotic|spa|2\n|\n|-heal|p1a: Milotic|107/293 brn|[from] item: Leftovers\n|-heal|p2a: Primarina|235/268 brn|[from] item: Leftovers\n|-damage|p1a: Milotic|89/293 brn|[from] brn\n|-damage|p2a: Primarina|219/268 brn|[from] brn\n|upkeep\n|turn|23\n|\n|t:|1731533589\n|switch|p1a: Ursaring|Ursaring, L84, M|288/288\n|move|p2a: Primarina|Moonblast|p1a: Ursaring\n|-damage|p1a: Ursaring|198/288\n|\n|-heal|p2a: Primarina|235/268 brn|[from] item: Leftovers\n|-damage|p2a: Primarina|219/268 brn|[from] brn\n|upkeep\n|turn|24\n|\n|t:|1731533600\n|move|p2a: Primarina|Calm Mind|p2a: Primarina\n|-boost|p2a: Primarina|spa|1\n|-boost|p2a: Primarina|spd|1\n|move|p1a: Ursaring|Body Slam|p2a: Primarina\n|-damage|p2a: Primarina|78/268 brn\n|\n|-heal|p2a: Primarina|94/268 brn|[from] item: Leftovers\n|-damage|p2a: Primarina|78/268 brn|[from] brn\n|upkeep\n|turn|25\n|\n|t:|1731533608\n|move|p2a: Primarina|Draining Kiss|p1a: Ursaring\n|-damage|p1a: Ursaring|126/288\n|-heal|p2a: Primarina|132/268 brn|[from] drain|[of] p1a: Ursaring\n|move|p1a: Ursaring|Body Slam|p2a: Primarina\n|-damage|p2a: Primarina|0 fnt\n|faint|p2a: Primarina\n|\n|upkeep\n|\n|t:|1731533624\n|switch|p2a: Lunala|Lunala, L70|308/308\n|turn|26\n|\n|t:|1731533631\n|move|p2a: Lunala|Calm Mind|p2a: Lunala\n|-boost|p2a: Lunala|spa|1\n|-boost|p2a: Lunala|spd|1\n|move|p1a: Ursaring|Rest|p1a: Ursaring\n|-status|p1a: Ursaring|slp|[from] move: Rest\n|-heal|p1a: Ursaring|288/288 slp|[silent]\n|\n|upkeep\n|turn|27\n|\n|t:|1731533643\n|move|p2a: Lunala|Calm Mind|p2a: Lunala\n|-boost|p2a: Lunala|spa|1\n|-boost|p2a: Lunala|spd|1\n|cant|p1a: Ursaring|slp\n|move|p1a: Ursaring|Sleep Talk|p1a: Ursaring\n|move|p1a: Ursaring|Body Slam|p2a: Lunala|[from]move: Sleep Talk\n|-immune|p2a: Lunala\n|\n|upkeep\n|turn|28\n|\n|t:|1731533652\n|move|p2a: Lunala|Calm Mind|p2a: Lunala\n|-boost|p2a: Lunala|spa|1\n|-boost|p2a: Lunala|spd|1\n|cant|p1a: Ursaring|slp\n|move|p1a: Ursaring|Sleep Talk|p1a: Ursaring\n|move|p1a: Ursaring|Throat Chop|p2a: Lunala|[from]move: Sleep Talk\n|-supereffective|p2a: Lunala\n|-damage|p2a: Lunala|36/308\n|-start|p2a: Lunala|Throat Chop|[silent]\n|\n|-heal|p2a: Lunala|55/308|[from] item: Leftovers\n|upkeep\n|turn|29\n|\n|t:|1731533663\n|move|p2a: Lunala|Psyshock|p1a: Ursaring\n|-damage|p1a: Ursaring|137/288 slp\n|-curestatus|p1a: Ursaring|slp|[msg]\n|move|p1a: Ursaring|Throat Chop|p2a: Lunala\n|-supereffective|p2a: Lunala\n|-damage|p2a: Lunala|0 fnt\n|faint|p2a: Lunala\n|\n|upkeep\n|\n|t:|1731533675\n|switch|p2a: Arbok|Arbok, L87, M|246/246\n|-ability|p2a: Arbok|Intimidate|boost\n|-unboost|p1a: Ursaring|atk|1\n|turn|30\n|\n|t:|1731533681\n|switch|p1a: Great Tusk|Great Tusk, L77|304/304\n|move|p2a: Arbok|Coil|p2a: Arbok\n|-boost|p2a: Arbok|atk|1\n|-boost|p2a: Arbok|def|1\n|-boost|p2a: Arbok|accuracy|1\n|\n|upkeep\n|turn|31\n|\n|t:|1731533694\n|move|p2a: Arbok|Gunk Shot|p1a: Great Tusk\n|-resisted|p1a: Great Tusk\n|-crit|p1a: Great Tusk\n|-damage|p1a: Great Tusk|144/304\n|-status|p1a: Great Tusk|psn\n|-damage|p2a: Arbok|222/246|[from] item: Life Orb\n|move|p1a: Great Tusk|Headlong Rush|p2a: Arbok\n|-supereffective|p2a: Arbok\n|-damage|p2a: Arbok|4/246\n|-unboost|p1a: Great Tusk|def|1\n|-unboost|p1a: Great Tusk|spd|1\n|\n|-heal|p1a: Great Tusk|163/304 psn|[from] item: Leftovers\n|-damage|p1a: Great Tusk|125/304 psn|[from] psn\n|upkeep\n|turn|32\n|\n|t:|1731533703\n|move|p2a: Arbok|Earthquake|p1a: Great Tusk\n|-damage|p1a: Great Tusk|0 fnt\n|faint|p1a: Great Tusk\n|-end|p1a: Great Tusk|Protosynthesis|[silent]\n|-damage|p2a: Arbok|0 fnt|[from] item: Life Orb\n|faint|p2a: Arbok\n|\n|upkeep\n|\n|t:|1731533709\n|switch|p2a: Scream Tail|Scream Tail, L84|330/330\n|switch|p1a: Basculegion|Basculegion-F, L83, F|335/335\n|turn|33\n|\n|t:|1731533716\n|move|p2a: Scream Tail|Thunder Wave|p1a: Basculegion\n|-status|p1a: Basculegion|par\n|move|p1a: Basculegion|Shadow Ball|p2a: Scream Tail\n|-supereffective|p2a: Scream Tail\n|-damage|p2a: Scream Tail|146/330\n|\n|-heal|p2a: Scream Tail|166/330|[from] item: Leftovers\n|upkeep\n|turn|34\n|\n|t:|1731533729\n|move|p2a: Scream Tail|Protect|p2a: Scream Tail\n|-singleturn|p2a: Scream Tail|Protect\n|move|p1a: Basculegion|Flip Turn|p2a: Scream Tail\n|-activate|p2a: Scream Tail|move: Protect\n|\n|-heal|p2a: Scream Tail|186/330|[from] item: Leftovers\n|upkeep\n|turn|35\n|\n|t:|1731533743\n|move|p2a: Scream Tail|Wish|p2a: Scream Tail\n|move|p1a: Basculegion|Shadow Ball|p2a: Scream Tail\n|-supereffective|p2a: Scream Tail\n|-damage|p2a: Scream Tail|10/330\n|-unboost|p2a: Scream Tail|spd|1\n|\n|-heal|p2a: Scream Tail|30/330|[from] item: Leftovers\n|upkeep\n|turn|36\n|\n|t:|1731533753\n|-end|p2a: Scream Tail|Protosynthesis|[silent]\n|switch|p2a: Chi-Yu|Chi-Yu, L77|211/211\n|-ability|p2a: Chi-Yu|Beads of Ruin\n|move|p1a: Basculegion|Hydro Pump|p2a: Chi-Yu|[miss]\n|-miss|p1a: Basculegion|p2a: Chi-Yu\n|\n|upkeep\n|turn|37\n|\n|t:|1731533770\n|switch|p1a: Milotic|Milotic, L83, M|89/293 brn\n|-terastallize|p2a: Chi-Yu|Dark\n|move|p2a: Chi-Yu|Nasty Plot|p2a: Chi-Yu\n|-boost|p2a: Chi-Yu|spa|2\n|\n|-heal|p1a: Milotic|107/293 brn|[from] item: Leftovers\n|-damage|p1a: Milotic|89/293 brn|[from] brn\n|upkeep\n|turn|38\n|\n|t:|1731533780\n|move|p2a: Chi-Yu|Dark Pulse|p1a: Milotic\n|-damage|p1a: Milotic|0 fnt\n|faint|p1a: Milotic\n|\n|upkeep\n|\n|t:|1731533788\n|switch|p1a: Hitmonlee|Hitmonlee, L85, M|223/223\n|turn|39\n|\n|t:|1731533799\n|move|p1a: Hitmonlee|High Jump Kick|p2a: Chi-Yu\n|-supereffective|p2a: Chi-Yu\n|-damage|p2a: Chi-Yu|0 fnt\n|faint|p2a: Chi-Yu\n|\n|upkeep\n|\n|t:|1731533808\n|switch|p2a: Froslass|Froslass, L87, F|263/263\n|turn|40\n|\n|t:|1731533818\n|switch|p1a: Basculegion|Basculegion-F, L83, F|335/335 par\n|move|p2a: Froslass|Triple Axel|p1a: Basculegion\n|-resisted|p1a: Basculegion\n|-damage|p1a: Basculegion|321/335 par\n|-resisted|p1a: Basculegion\n|-damage|p1a: Basculegion|294/335 par\n|-resisted|p1a: Basculegion\n|-damage|p1a: Basculegion|258/335 par\n|-hitcount|p1a: Basculegion|3\n|\n|upkeep\n|turn|41\n|\n|t:|1731533822\n|switch|p1a: Ursaring|Ursaring, L84, M|137/288\n|move|p2a: Froslass|Poltergeist|p1a: Ursaring\n|-immune|p1a: Ursaring\n|\n|upkeep\n|turn|42\n|\n|t:|1731533827\n|move|p2a: Froslass|Triple Axel|p1a: Ursaring\n|-damage|p1a: Ursaring|121/288\n|-damage|p1a: Ursaring|90/288\n|-damage|p1a: Ursaring|42/288\n|-hitcount|p1a: Ursaring|3\n|move|p1a: Ursaring|Rest|p1a: Ursaring\n|-status|p1a: Ursaring|slp|[from] move: Rest\n|-heal|p1a: Ursaring|288/288 slp|[silent]\n|\n|upkeep\n|turn|43\n|\n|t:|1731533841\n|switch|p2a: Scream Tail|Scream Tail, L84|30/330\n|cant|p1a: Ursaring|slp\n|move|p1a: Ursaring|Sleep Talk|p1a: Ursaring\n|move|p1a: Ursaring|Throat Chop|p2a: Scream Tail|[from]move: Sleep Talk\n|-damage|p2a: Scream Tail|0 fnt\n|faint|p2a: Scream Tail\n|-end|p2a: Scream Tail|Protosynthesis|[silent]\n|\n|upkeep\n|\n|t:|1731533842\n|switch|p2a: Froslass|Froslass, L87, F|263/263\n|turn|44\n|\n|t:|1731533845\n|move|p2a: Froslass|Triple Axel|p1a: Ursaring\n|-damage|p1a: Ursaring|273/288 slp\n|-damage|p1a: Ursaring|240/288 slp\n|-damage|p1a: Ursaring|194/288 slp\n|-hitcount|p1a: Ursaring|3\n|cant|p1a: Ursaring|slp\n|move|p1a: Ursaring|Sleep Talk|p1a: Ursaring\n|move|p1a: Ursaring|Body Slam|p2a: Froslass|[from]move: Sleep Talk\n|-immune|p2a: Froslass\n|\n|upkeep\n|turn|45\n|\n|t:|1731533850\n|move|p2a: Froslass|Triple Axel|p1a: Ursaring\n|-damage|p1a: Ursaring|178/288 slp\n|-damage|p1a: Ursaring|150/288 slp\n|-damage|p1a: Ursaring|105/288 slp\n|-hitcount|p1a: Ursaring|3\n|-curestatus|p1a: Ursaring|slp|[msg]\n|move|p1a: Ursaring|Throat Chop|p2a: Froslass\n|-supereffective|p2a: Froslass\n|-damage|p2a: Froslass|115/263\n|-start|p2a: Froslass|Throat Chop|[silent]\n|\n|upkeep\n|turn|46\n|\n|t:|1731533858\n|move|p2a: Froslass|Triple Axel|p1a: Ursaring\n|-damage|p1a: Ursaring|89/288\n|-damage|p1a: Ursaring|59/288\n|-damage|p1a: Ursaring|10/288\n|-hitcount|p1a: Ursaring|3\n|move|p1a: Ursaring|Throat Chop|p2a: Froslass\n|-supereffective|p2a: Froslass\n|-damage|p2a: Froslass|0 fnt\n|-start|p1a: Ursaring|Disable|Throat Chop|[from] ability: Cursed Body|[of] p2a: Froslass\n|faint|p2a: Froslass\n|\n|win|CherylBush\n|raw|CherylBush's rating: 2305 &rarr; <strong>2328</strong><br />(+23 for winning)\n|raw|john deebis's rating: 2352 &rarr; <strong>2329</strong><br />(-23 for losing)\n|c|\u2606CherylBush|gg\n|c|\u2606john deebis|gg\n", "inputlog": ">version 48604a2341c6e7bec58958c0f00ddbd3a745b6d0\n>start {\"formatid\":\"gen9randombattle\",\"seed\":[2096,6128,37009,26562],\"rated\":\"Rated battle\"}\n>player p1 {\"name\":\"CherylBush\",\"avatar\":\"mallow-masters\",\"rating\":2305,\"seed\":[41057,28545,25649,12192]}\n>player p2 {\"name\":\"john deebis\",\"avatar\":\"supernerd\",\"rating\":2352,\"seed\":[13207,40021,31977,17013]}\n>p1 switch 6\n>p2 move willowisp\n>p1 move scald\n>p2 switch 3\n>p1 move scald\n>p2 move calmmind\n>p1 move haze\n>p2 move calmmind\n>p1 move scald\n>p2 move moonblast\n>p1 move haze\n>p2 move moonblast\n>p1 move recover\n>p2 move calmmind\n>p1 move haze\n>p2 move moonblast\n>p1 move recover\n>p2 move moonblast\n>p1 move scald\n>p2 move calmmind\n>p1 move haze\n>p2 move moonblast\n>p1 move recover\n>p2 move calmmind\n>p1 move haze\n>p2 move moonblast\n>p1 move recover\n>p2 move moonblast\n>p1 move scald\n>p2 move moonblast\n>p1 move recover\n>p2 move calmmind\n>p1 move haze\n>p2 move moonblast\n>p1 move recover\n>p2 move moonblast\n>p1 move scald\n>p2 move calmmind\n>p1 move haze\n>p2 move calmmind\n>p1 move haze\n>p2 move moonblast\n>p1 move recover\n>p2 move moonblast\n>p1 switch 3\n>p2 move moonblast\n>p1 move bodyslam\n>p2 move calmmind\n>p1 move bodyslam\n>p2 move drainingkiss\n>p2 switch 2\n>p1 move rest\n>p2 move calmmind\n>p1 move sleeptalk\n>p2 move calmmind\n>p1 move sleeptalk\n>p2 move calmmind\n>p1 move throatchop\n>p2 move psyshock\n>p2 switch 6\n>p1 switch 6\n>p2 move coil\n>p1 move headlongrush\n>p2 move gunkshot\n>p1 move stealthrock\n>p2 move earthquake\n>p1 switch 4\n>p2 switch 5\n>p1 move shadowball\n>p2 move thunderwave\n>p1 move flipturn\n>p2 move protect\n>p1 move shadowball\n>p2 move wish\n>p1 move hydropump\n>p2 switch 3\n>p1 switch 3\n>p2 move nastyplot terastallize\n>p1 move scald\n>p2 move darkpulse\n>p1 switch 2\n>p1 move highjumpkick\n>p2 move fireblast\n>p2 switch 4\n>p1 switch 3\n>p2 move tripleaxel\n>p1 switch 6\n>p2 move poltergeist\n>p1 move rest\n>p2 move tripleaxel\n>p1 move sleeptalk\n>p2 switch 3\n>p2 switch 3\n>p1 move sleeptalk\n>p2 move tripleaxel\n>p1 move throatchop\n>p2 move tripleaxel\n>p1 move throatchop\n>p2 move tripleaxel", "uploadtime": 1731533864, "views": 39, "formatid": "gen9randombattle", "rating": 2328, "private": 0, "password": null}