{"id": "gen9randombattle-2259928713", "format": "[Gen 9] Random Battle", "players": ["moitorito", "Twitch.Billy"], "log": "|j|\u2606moitorito\n|j|\u2606Twitch.Billy\n|t:|1733780980\n|gametype|singles\n|player|p1|moitorito|n|1770\n|player|p2|Twitch.Billy|2|1765\n|teamsize|p1|6\n|teamsize|p2|6\n|gen|9\n|tier|[Gen 9] Random Battle\n|rated|\n|rule|Species Clause: Limit one of each Pok\u00e9mon\n|rule|HP Percentage Mod: HP is shown in percentages\n|rule|Sleep Clause Mod: Limit one foe put to sleep\n|rule|Illusion Level Mod: Illusion disguises the Pok\u00e9mon's true level\n|\n|t:|1733780980\n|start\n|switch|p1a: Chesnaught|Chesnaught, L84, F|285/285\n|switch|p2a: Oinkologne|Oinkologne-F, L92, F|361/361\n|turn|1\n|inactive|Battle timer is ON: inactive players will automatically lose when time's up. (requested by Twitch.Billy)\n|\n|t:|1733781006\n|switch|p2a: Bellibolt|Bellibolt, L84, M|320/320\n|move|p1a: Chesnaught|Iron Defense|p1a: Chesnaught\n|-boost|p1a: Chesnaught|def|2\n|\n|upkeep\n|turn|2\n|\n|t:|1733781011\n|move|p1a: Chesnaught|Iron Defense|p1a: Chesnaught\n|-boost|p1a: Chesnaught|def|2\n|move|p2a: Bellibolt|Toxic|p1a: Chesnaught\n|-status|p1a: Chesnaught|tox\n|\n|-damage|p1a: Chesnaught|268/285 tox|[from] psn\n|upkeep\n|turn|3\n|\n|t:|1733781021\n|move|p1a: Chesnaught|Iron Defense|p1a: Chesnaught\n|-boost|p1a: Chesnaught|def|2\n|move|p2a: Bellibolt|Thunderbolt|p1a: Chesnaught\n|-resisted|p1a: Chesnaught\n|-damage|p1a: Chesnaught|217/285 tox\n|\n|-heal|p1a: Chesnaught|234/285 tox|[from] item: Leftovers\n|-damage|p1a: Chesnaught|200/285 tox|[from] psn\n|upkeep\n|turn|4\n|\n|t:|1733781025\n|move|p1a: Chesnaught|Body Press|p2a: Bellibolt\n|-damage|p2a: Bellibolt|0 fnt\n|faint|p2a: Bellibolt\n|\n|-heal|p1a: Chesnaught|217/285 tox|[from] item: Leftovers\n|-damage|p1a: Chesnaught|166/285 tox|[from] psn\n|upkeep\n|\n|t:|1733781041\n|switch|p2a: Dragonite|Dragonite, L74, M|257/257\n|turn|5\n|\n|t:|1733781053\n|move|p2a: Dragonite|Tera Blast|p1a: Chesnaught\n|-damage|p1a: Chesnaught|112/285 tox\n|move|p1a: Chesnaught|Body Press|p2a: Dragonite\n|-resisted|p2a: Dragonite\n|-damage|p2a: Dragonite|146/257\n|\n|-heal|p1a: Chesnaught|129/285 tox|[from] item: Leftovers\n|-damage|p1a: Chesnaught|61/285 tox|[from] psn\n|upkeep\n|turn|6\n|\n|t:|1733781060\n|move|p2a: Dragonite|Tera Blast|p1a: Chesnaught\n|-damage|p1a: Chesnaught|13/285 tox\n|move|p1a: Chesnaught|Body Press|p2a: Dragonite\n|-resisted|p2a: Dragonite\n|-damage|p2a: Dragonite|0 fnt\n|faint|p2a: Dragonite\n|\n|-heal|p1a: Chesnaught|30/285 tox|[from] item: Leftovers\n|-damage|p1a: Chesnaught|0 fnt|[from] psn\n|faint|p1a: Chesnaught\n|upkeep\n|\n|t:|1733781075\n|switch|p2a: Bellossom|Bellossom, L84, F|263/263\n|switch|p1a: Cramorant|Cramorant, L86, F|261/261\n|turn|7\n|\n|t:|1733781089\n|move|p1a: Cramorant|Brave Bird|p2a: Bellossom\n|-supereffective|p2a: Bellossom\n|-damage|p2a: Bellossom|27/263\n|-damage|p1a: Cramorant|183/261|[from] Recoil\n|move|p2a: Bellossom|Strength Sap|p1a: Cramorant\n|-unboost|p1a: Cramorant|atk|1\n|-heal|p2a: Bellossom|222/263\n|\n|-heal|p2a: Bellossom|238/263|[from] item: Leftovers\n|upkeep\n|turn|8\n|\n|t:|1733781105\n|switch|p1a: Ho-Oh|Ho-Oh, L71|268/268\n|switch|p2a: Oinkologne|Oinkologne-F, L92, F|361/361\n|\n|upkeep\n|turn|9\n|\n|t:|1733781110\n|move|p2a: Oinkologne|Curse|p2a: Oinkologne\n|-unboost|p2a: Oinkologne|spe|1\n|-boost|p2a: Oinkologne|atk|1\n|-boost|p2a: Oinkologne|def|1\n|move|p1a: Ho-Oh|Sacred Fire|p2a: Oinkologne\n|-damage|p2a: Oinkologne|325/361\n|-status|p2a: Oinkologne|brn\n|\n|-heal|p2a: Oinkologne|347/361 brn|[from] item: Leftovers\n|-damage|p2a: Oinkologne|325/361 brn|[from] brn\n|upkeep\n|turn|10\n|\n|t:|1733781116\n|switch|p1a: Cramorant|Cramorant, L86, F|183/261\n|move|p2a: Oinkologne|Curse|p2a: Oinkologne\n|-unboost|p2a: Oinkologne|spe|1\n|-boost|p2a: Oinkologne|atk|1\n|-boost|p2a: Oinkologne|def|1\n|\n|-heal|p2a: Oinkologne|347/361 brn|[from] item: Leftovers\n|-damage|p2a: Oinkologne|325/361 brn|[from] brn\n|upkeep\n|turn|11\n|\n|t:|1733781120\n|move|p1a: Cramorant|Surf|p2a: Oinkologne\n|-formechange|p1a: Cramorant|Cramorant-Gulping|\n|-damage|p2a: Oinkologne|246/361 brn\n|move|p2a: Oinkologne|Curse|p2a: Oinkologne\n|-unboost|p2a: Oinkologne|spe|1\n|-boost|p2a: Oinkologne|atk|1\n|-boost|p2a: Oinkologne|def|1\n|\n|-heal|p2a: Oinkologne|268/361 brn|[from] item: Leftovers\n|-damage|p2a: Oinkologne|246/361 brn|[from] brn\n|upkeep\n|turn|12\n|\n|t:|1733781126\n|move|p1a: Cramorant|Surf|p2a: Oinkologne\n|-damage|p2a: Oinkologne|158/361 brn\n|move|p2a: Oinkologne|Curse|p2a: Oinkologne\n|-unboost|p2a: Oinkologne|spe|1\n|-boost|p2a: Oinkologne|atk|1\n|-boost|p2a: Oinkologne|def|1\n|\n|-heal|p2a: Oinkologne|180/361 brn|[from] item: Leftovers\n|-damage|p2a: Oinkologne|158/361 brn|[from] brn\n|upkeep\n|turn|13\n|\n|t:|1733781130\n|move|p1a: Cramorant|Surf|p2a: Oinkologne\n|-damage|p2a: Oinkologne|82/361 brn\n|move|p2a: Oinkologne|Rest|p2a: Oinkologne\n|-status|p2a: Oinkologne|slp|[from] move: Rest\n|-heal|p2a: Oinkologne|361/361 slp|[silent]\n|\n|upkeep\n|turn|14\n|\n|t:|1733781135\n|move|p1a: Cramorant|Surf|p2a: Oinkologne\n|-damage|p2a: Oinkologne|273/361 slp\n|cant|p2a: Oinkologne|slp\n|move|p2a: Oinkologne|Sleep Talk|p2a: Oinkologne\n|move|p2a: Oinkologne|Body Slam|p1a: Cramorant|[from]move: Sleep Talk\n|-damage|p1a: Cramorant|0 fnt\n|-damage|p2a: Oinkologne|183/361 slp|[from] ability: Gulp Missile|[of] p1a: Cramorant\n|-unboost|p2a: Oinkologne|def|1\n|-formechange|p1a: Cramorant|Cramorant|\n|faint|p1a: Cramorant\n|\n|-heal|p2a: Oinkologne|205/361 slp|[from] item: Leftovers\n|upkeep\n|\n|t:|1733781147\n|switch|p1a: Chimecho|Chimecho, L93, F|290/290\n|turn|15\n|\n|t:|1733781152\n|move|p1a: Chimecho|Cosmic Power|p1a: Chimecho\n|-boost|p1a: Chimecho|def|1\n|-boost|p1a: Chimecho|spd|1\n|cant|p2a: Oinkologne|slp\n|move|p2a: Oinkologne|Sleep Talk|p2a: Oinkologne\n|move|p2a: Oinkologne|Body Slam|p1a: Chimecho|[from]move: Sleep Talk\n|-damage|p1a: Chimecho|98/290\n|-status|p1a: Chimecho|par\n|\n|-heal|p1a: Chimecho|116/290 par|[from] item: Leftovers\n|-heal|p2a: Oinkologne|227/361 slp|[from] item: Leftovers\n|upkeep\n|turn|16\n|\n|t:|1733781163\n|move|p1a: Chimecho|Stored Power|p2a: Oinkologne\n|-damage|p2a: Oinkologne|155/361 slp\n|-curestatus|p2a: Oinkologne|slp|[msg]\n|move|p2a: Oinkologne|Body Slam|p1a: Chimecho\n|-damage|p1a: Chimecho|0 fnt\n|faint|p1a: Chimecho\n|\n|-heal|p2a: Oinkologne|177/361|[from] item: Leftovers\n|upkeep\n|\n|t:|1733781167\n|switch|p1a: Diancie|Diancie, L82|216/216\n|turn|17\n|\n|t:|1733781176\n|move|p1a: Diancie|Earth Power|p2a: Oinkologne\n|-damage|p2a: Oinkologne|117/361\n|move|p2a: Oinkologne|Rest|p2a: Oinkologne\n|-status|p2a: Oinkologne|slp|[from] move: Rest\n|-heal|p2a: Oinkologne|361/361 slp|[silent]\n|\n|upkeep\n|turn|18\n|l|\u2606Twitch.Billy\n|inactive|Twitch.Billy disconnected and has a minute to reconnect!\n|player|p2|\n|j|\u2606Twitch.Billy\n|inactive|Twitch.Billy reconnected and has 130 seconds left.\n|player|p2|Twitch.Billy|2|\n|\n|t:|1733781204\n|move|p1a: Diancie|Diamond Storm|p2a: Oinkologne\n|-damage|p2a: Oinkologne|315/361 slp\n|-boost|p1a: Diancie|def|2\n|cant|p2a: Oinkologne|slp\n|move|p2a: Oinkologne|Sleep Talk|p2a: Oinkologne\n|move|p2a: Oinkologne|Rest||[from]move: Sleep Talk|[still]\n|-fail|p2a: Oinkologne\n|\n|-heal|p2a: Oinkologne|337/361 slp|[from] item: Leftovers\n|upkeep\n|turn|19\n|\n|t:|1733781214\n|move|p1a: Diancie|Calm Mind|p1a: Diancie\n|-boost|p1a: Diancie|spa|1\n|-boost|p1a: Diancie|spd|1\n|cant|p2a: Oinkologne|slp\n|move|p2a: Oinkologne|Sleep Talk|p2a: Oinkologne\n|move|p2a: Oinkologne|Body Slam|p1a: Diancie|[from]move: Sleep Talk\n|-resisted|p1a: Diancie\n|-damage|p1a: Diancie|167/216\n|\n|-heal|p1a: Diancie|180/216|[from] item: Leftovers\n|-heal|p2a: Oinkologne|359/361 slp|[from] item: Leftovers\n|upkeep\n|turn|20\n|\n|t:|1733781228\n|switch|p2a: Bellossom|Bellossom, L84, F|238/263\n|move|p1a: Diancie|Draining Kiss|p2a: Bellossom\n|-damage|p2a: Bellossom|166/263\n|-heal|p1a: Diancie|216/216|[from] drain|[of] p2a: Bellossom\n|\n|-heal|p2a: Bellossom|182/263|[from] item: Leftovers\n|upkeep\n|turn|21\n|\n|t:|1733781237\n|switch|p1a: Ho-Oh|Ho-Oh, L71|268/268\n|move|p2a: Bellossom|Quiver Dance|p2a: Bellossom\n|-boost|p2a: Bellossom|spa|1\n|-boost|p2a: Bellossom|spd|1\n|-boost|p2a: Bellossom|spe|1\n|\n|-heal|p2a: Bellossom|198/263|[from] item: Leftovers\n|upkeep\n|turn|22\n|\n|t:|1733781243\n|switch|p2a: Oinkologne|Oinkologne-F, L92, F|359/361 slp\n|move|p1a: Ho-Oh|Sacred Fire|p2a: Oinkologne\n|-damage|p2a: Oinkologne|307/361 slp\n|\n|-heal|p2a: Oinkologne|329/361 slp|[from] item: Leftovers\n|upkeep\n|turn|23\n|\n|t:|1733781250\n|switch|p1a: Baxcalibur|Baxcalibur, L75, F|296/296\n|-curestatus|p2a: Oinkologne|slp|[msg]\n|move|p2a: Oinkologne|Body Slam|p1a: Baxcalibur\n|-damage|p1a: Baxcalibur|181/296\n|-status|p1a: Baxcalibur|par\n|\n|-heal|p2a: Oinkologne|351/361|[from] item: Leftovers\n|upkeep\n|turn|24\n|\n|t:|1733781257\n|move|p2a: Oinkologne|Curse|p2a: Oinkologne\n|-unboost|p2a: Oinkologne|spe|1\n|-boost|p2a: Oinkologne|atk|1\n|-boost|p2a: Oinkologne|def|1\n|move|p1a: Baxcalibur|Glaive Rush|p2a: Oinkologne\n|-damage|p2a: Oinkologne|245/361\n|-singlemove|p1a: Baxcalibur|Glaive Rush|[silent]\n|\n|-heal|p2a: Oinkologne|267/361|[from] item: Leftovers\n|upkeep\n|turn|25\n|\n|t:|1733781260\n|move|p2a: Oinkologne|Body Slam|p1a: Baxcalibur\n|-crit|p1a: Baxcalibur\n|-damage|p1a: Baxcalibur|0 fnt\n|faint|p1a: Baxcalibur\n|\n|-heal|p2a: Oinkologne|289/361|[from] item: Leftovers\n|upkeep\n|\n|t:|1733781264\n|switch|p1a: Ho-Oh|Ho-Oh, L71|268/268\n|turn|26\n|\n|t:|1733781267\n|move|p1a: Ho-Oh|Sacred Fire|p2a: Oinkologne\n|-damage|p2a: Oinkologne|256/361\n|move|p2a: Oinkologne|Body Slam|p1a: Ho-Oh\n|-damage|p1a: Ho-Oh|103/268\n|-status|p1a: Ho-Oh|par\n|\n|-heal|p2a: Oinkologne|278/361|[from] item: Leftovers\n|upkeep\n|turn|27\n|\n|t:|1733781272\n|move|p2a: Oinkologne|Body Slam|p1a: Ho-Oh\n|-damage|p1a: Ho-Oh|0 fnt\n|faint|p1a: Ho-Oh\n|\n|-heal|p2a: Oinkologne|300/361|[from] item: Leftovers\n|upkeep\n|\n|t:|1733781274\n|switch|p1a: Diancie|Diancie, L82|216/216\n|turn|28\n|\n|t:|1733781276\n|switch|p2a: Bellossom|Bellossom, L84, F|198/263\n|move|p1a: Diancie|Calm Mind|p1a: Diancie\n|-boost|p1a: Diancie|spa|1\n|-boost|p1a: Diancie|spd|1\n|\n|-heal|p2a: Bellossom|214/263|[from] item: Leftovers\n|upkeep\n|turn|29\n|\n|t:|1733781280\n|move|p2a: Bellossom|Quiver Dance|p2a: Bellossom\n|-boost|p2a: Bellossom|spa|1\n|-boost|p2a: Bellossom|spd|1\n|-boost|p2a: Bellossom|spe|1\n|move|p1a: Diancie|Calm Mind|p1a: Diancie\n|-boost|p1a: Diancie|spa|1\n|-boost|p1a: Diancie|spd|1\n|\n|-heal|p2a: Bellossom|230/263|[from] item: Leftovers\n|upkeep\n|turn|30\n|\n|t:|1733781282\n|move|p2a: Bellossom|Quiver Dance|p2a: Bellossom\n|-boost|p2a: Bellossom|spa|1\n|-boost|p2a: Bellossom|spd|1\n|-boost|p2a: Bellossom|spe|1\n|move|p1a: Diancie|Calm Mind|p1a: Diancie\n|-boost|p1a: Diancie|spa|1\n|-boost|p1a: Diancie|spd|1\n|\n|-heal|p2a: Bellossom|246/263|[from] item: Leftovers\n|upkeep\n|turn|31\n|\n|t:|1733781285\n|move|p2a: Bellossom|Quiver Dance|p2a: Bellossom\n|-boost|p2a: Bellossom|spa|1\n|-boost|p2a: Bellossom|spd|1\n|-boost|p2a: Bellossom|spe|1\n|move|p1a: Diancie|Calm Mind|p1a: Diancie\n|-boost|p1a: Diancie|spa|1\n|-boost|p1a: Diancie|spd|1\n|\n|-heal|p2a: Bellossom|262/263|[from] item: Leftovers\n|upkeep\n|turn|32\n|\n|t:|1733781287\n|move|p2a: Bellossom|Quiver Dance|p2a: Bellossom\n|-boost|p2a: Bellossom|spa|1\n|-boost|p2a: Bellossom|spd|1\n|-boost|p2a: Bellossom|spe|1\n|move|p1a: Diancie|Calm Mind|p1a: Diancie\n|-boost|p1a: Diancie|spa|1\n|-boost|p1a: Diancie|spd|1\n|\n|-heal|p2a: Bellossom|263/263|[from] item: Leftovers\n|upkeep\n|turn|33\n|\n|t:|1733781289\n|move|p2a: Bellossom|Quiver Dance|p2a: Bellossom\n|-boost|p2a: Bellossom|spa|1\n|-boost|p2a: Bellossom|spd|1\n|-boost|p2a: Bellossom|spe|1\n|move|p1a: Diancie|Calm Mind|p1a: Diancie\n|-boost|p1a: Diancie|spa|1\n|-boost|p1a: Diancie|spd|1\n|\n|upkeep\n|turn|34\n|\n|t:|1733781292\n|-terastallize|p1a: Diancie|Fairy\n|move|p2a: Bellossom|Quiver Dance|p2a: Bellossom\n|-boost|p2a: Bellossom|spa|1\n|-boost|p2a: Bellossom|spd|1\n|-boost|p2a: Bellossom|spe|1\n|move|p1a: Diancie|Diamond Storm|p2a: Bellossom\n|-damage|p2a: Bellossom|164/263\n|-boost|p1a: Diancie|def|2\n|\n|-heal|p2a: Bellossom|180/263|[from] item: Leftovers\n|upkeep\n|turn|35\n|\n|t:|1733781296\n|move|p2a: Bellossom|Giga Drain|p1a: Diancie\n|-damage|p1a: Diancie|167/216\n|-heal|p2a: Bellossom|205/263|[from] drain|[of] p1a: Diancie\n|move|p1a: Diancie|Diamond Storm|p2a: Bellossom\n|-damage|p2a: Bellossom|108/263\n|\n|-heal|p2a: Bellossom|124/263|[from] item: Leftovers\n|-heal|p1a: Diancie|180/216|[from] item: Leftovers\n|upkeep\n|turn|36\n|\n|t:|1733781300\n|move|p2a: Bellossom|Giga Drain|p1a: Diancie\n|-damage|p1a: Diancie|132/216\n|-heal|p2a: Bellossom|148/263|[from] drain|[of] p1a: Diancie\n|move|p1a: Diancie|Diamond Storm|p2a: Bellossom\n|-damage|p2a: Bellossom|46/263\n|-boost|p1a: Diancie|def|2\n|\n|-heal|p2a: Bellossom|62/263|[from] item: Leftovers\n|-heal|p1a: Diancie|145/216|[from] item: Leftovers\n|upkeep\n|turn|37\n|\n|t:|1733781303\n|move|p2a: Bellossom|Giga Drain|p1a: Diancie\n|-damage|p1a: Diancie|97/216\n|-heal|p2a: Bellossom|86/263|[from] drain|[of] p1a: Diancie\n|move|p1a: Diancie|Diamond Storm|p2a: Bellossom\n|-damage|p2a: Bellossom|0 fnt\n|faint|p2a: Bellossom\n|\n|-heal|p1a: Diancie|110/216|[from] item: Leftovers\n|upkeep\n|\n|t:|1733781314\n|switch|p2a: Oinkologne|Oinkologne-F, L92, F|300/361\n|turn|38\n|\n|t:|1733781323\n|move|p2a: Oinkologne|Body Slam|p1a: Diancie\n|-damage|p1a: Diancie|86/216\n|move|p1a: Diancie|Draining Kiss|p2a: Oinkologne\n|-damage|p2a: Oinkologne|2/361\n|-heal|p1a: Diancie|216/216|[from] drain|[of] p2a: Oinkologne\n|\n|-heal|p2a: Oinkologne|24/361|[from] item: Leftovers\n|upkeep\n|turn|39\n|c|\u2606moitorito|don't play with the food\n|\n|t:|1733781331\n|move|p2a: Oinkologne|Body Slam|p1a: Diancie\n|-damage|p1a: Diancie|192/216\n|move|p1a: Diancie|Draining Kiss|p2a: Oinkologne\n|-damage|p2a: Oinkologne|0 fnt\n|-heal|p1a: Diancie|210/216|[from] drain|[of] p2a: Oinkologne\n|faint|p2a: Oinkologne\n|\n|-heal|p1a: Diancie|216/216|[from] item: Leftovers\n|upkeep\n|\n|t:|1733781335\n|switch|p2a: Cacturne|Cacturne, L92, F|278/278\n|turn|40\n|\n|t:|1733781339\n|move|p2a: Cacturne|Seed Bomb|p1a: Diancie\n|-damage|p1a: Diancie|177/216\n|-damage|p2a: Cacturne|251/278|[from] item: Life Orb\n|move|p1a: Diancie|Draining Kiss|p2a: Cacturne\n|-supereffective|p2a: Cacturne\n|-damage|p2a: Cacturne|0 fnt\n|-heal|p1a: Diancie|216/216|[from] drain|[of] p2a: Cacturne\n|faint|p2a: Cacturne\n|\n|upkeep\n|\n|t:|1733781341\n|switch|p2a: Conkeldurr|Conkeldurr, L80, F|299/299\n|turn|41\n|\n|t:|1733781345\n|-terastallize|p2a: Conkeldurr|Normal\n|move|p1a: Diancie|Draining Kiss|p2a: Conkeldurr\n|-damage|p2a: Conkeldurr|0 fnt\n|faint|p2a: Conkeldurr\n|\n|win|moitorito\n|raw|moitorito's rating: 1770 &rarr; <strong>1790</strong><br />(+20 for winning)\n|raw|Twitch.Billy's rating: 1765 &rarr; <strong>1745</strong><br />(-20 for losing)\n|l|\u2606Twitch.Billy\n|player|p2|\n", "inputlog": ">version bfd83cad13791eb5a5a409923076391caf6fb4d4\n>start {\"formatid\":\"gen9randombattle\",\"seed\":[32397,58101,1740,15799],\"rated\":\"Rated battle\"}\n>player p1 {\"name\":\"moitorito\",\"avatar\":\"n\",\"rating\":1770,\"seed\":[42043,311,1242,48704]}\n>player p2 {\"name\":\"Twitch.Billy\",\"avatar\":\"2\",\"rating\":1765,\"seed\":[23625,14929,54668,56738]}\n>p1 move irondefense\n>p2 switch 5\n>p1 move irondefense\n>p2 move toxic\n>p1 move irondefense\n>p2 move thunderbolt\n>p1 move bodypress\n>p2 move thunderbolt\n>p2 switch 4\n>p1 move bodypress\n>p2 move terablast\n>p1 move bodypress\n>p2 move terablast\n>p1 switch 6\n>p2 switch 2\n>p1 move bravebird\n>p2 move strengthsap\n>p1 switch 2\n>p2 switch 5\n>p1 move sacredfire\n>p2 move curse\n>p1 switch 2\n>p2 move curse\n>p1 move surf\n>p2 move curse\n>p1 move surf\n>p2 move curse\n>p1 move surf\n>p2 move rest\n>p1 move surf\n>p2 move sleeptalk\n>p1 switch 5\n>p1 move cosmicpower\n>p2 move sleeptalk\n>p1 move storedpower\n>p2 move bodyslam\n>p1 switch 4\n>p1 move earthpower\n>p2 move rest\n>p1 move diamondstorm\n>p2 move sleeptalk\n>p1 move calmmind\n>p2 move sleeptalk\n>p1 move drainingkiss\n>p2 switch 5\n>p1 switch 2\n>p2 move quiverdance\n>p1 move sacredfire\n>p2 switch 5\n>p1 switch 3\n>p2 move bodyslam\n>p1 move glaiverush\n>p2 move curse\n>p1 move glaiverush\n>p2 move bodyslam\n>p1 switch 3\n>p1 move sacredfire\n>p2 move bodyslam\n>p1 move sacredfire\n>p2 move bodyslam\n>p1 switch 2\n>p1 move calmmind\n>p2 switch 5\n>p1 move calmmind\n>p2 move quiverdance\n>p1 move calmmind\n>p2 move quiverdance\n>p1 move calmmind\n>p2 move quiverdance\n>p1 move calmmind\n>p2 move quiverdance\n>p1 move calmmind\n>p2 move quiverdance\n>p1 move diamondstorm terastallize\n>p2 move quiverdance\n>p1 move diamondstorm\n>p2 move gigadrain\n>p1 move diamondstorm\n>p2 move gigadrain\n>p1 move diamondstorm\n>p2 move gigadrain\n>p2 switch 5\n>p1 move drainingkiss\n>p2 move bodyslam\n>chat \u2606moitorito|don't play with the food\n>p1 move drainingkiss\n>p2 move bodyslam\n>p2 switch 6\n>p1 move drainingkiss\n>p2 move seedbomb\n>p2 switch 3\n>p1 move drainingkiss\n>p2 move facade terastallize", "uploadtime": 1733781404, "views": 2, "formatid": "gen9randombattle", "rating": 1745, "private": 0, "password": null}