{"id": "gen9randombattle-2260660824", "format": "[Gen 9] Random Battle", "players": ["absoul00tpower", "safterday"], "log": "|j|\u2606absoul00tpower\n|j|\u2606safterday\n|t:|1733875137\n|gametype|singles\n|player|p1|absoul00tpower|steven|1595\n|player|p2|safterday|102|1565\n|teamsize|p1|6\n|teamsize|p2|6\n|gen|9\n|tier|[Gen 9] Random Battle\n|rated|\n|rule|Species Clause: Limit one of each Pok\u00e9mon\n|rule|HP Percentage Mod: HP is shown in percentages\n|rule|Sleep Clause Mod: Limit one foe put to sleep\n|rule|Illusion Level Mod: Illusion disguises the Pok\u00e9mon's true level\n|\n|t:|1733875137\n|start\n|switch|p1a: Galvantula|Galvantula, L82, F|249/249\n|switch|p2a: Alcremie|Alcremie-Ruby-Cream, L90, F|263/263\n|turn|1\n|\n|t:|1733875175\n|move|p1a: Galvantula|Sticky Web|p2a: Alcremie\n|-sidestart|p2: safterday|move: Sticky Web\n|move|p2a: Alcremie|Calm Mind|p2a: Alcremie\n|-boost|p2a: Alcremie|spa|1\n|-boost|p2a: Alcremie|spd|1\n|\n|upkeep\n|turn|2\n|\n|t:|1733875201\n|move|p1a: Galvantula|Volt Switch|p2a: Alcremie\n|-damage|p2a: Alcremie|224/263\n|\n|t:|1733875205\n|switch|p1a: Metagross|Metagross, L79|256/256|[from] Volt Switch\n|move|p2a: Alcremie|Alluring Voice|p1a: Metagross\n|-resisted|p1a: Metagross\n|-damage|p1a: Metagross|172/256\n|\n|-heal|p2a: Alcremie|240/263|[from] item: Leftovers\n|-heal|p1a: Metagross|188/256|[from] item: Leftovers\n|upkeep\n|turn|3\n|\n|t:|1733875214\n|switch|p2a: Golduck|Golduck, L90, M|290/290\n|-activate|p2a: Golduck|move: Sticky Web\n|-unboost|p2a: Golduck|spe|1\n|-ability|p2a: Golduck|Cloud Nine\n|move|p1a: Metagross|Heavy Slam|p2a: Golduck\n|-resisted|p2a: Golduck\n|-damage|p2a: Golduck|215/290\n|\n|-heal|p1a: Metagross|204/256|[from] item: Leftovers\n|-heal|p2a: Golduck|233/290|[from] item: Leftovers\n|upkeep\n|turn|4\n|\n|t:|1733875227\n|switch|p1a: Ampharos|Ampharos, L88, F|302/302\n|move|p2a: Golduck|Hydro Pump|p1a: Ampharos\n|-damage|p1a: Ampharos|167/302\n|\n|-heal|p2a: Golduck|251/290|[from] item: Leftovers\n|upkeep\n|turn|5\n|\n|t:|1733875237\n|switch|p2a: Piloswine|Piloswine, L85, M|309/309\n|-activate|p2a: Piloswine|move: Sticky Web\n|-unboost|p2a: Piloswine|spe|1\n|move|p1a: Ampharos|Volt Switch|p2a: Piloswine\n|-immune|p2a: Piloswine\n|\n|upkeep\n|turn|6\n|\n|t:|1733875249\n|switch|p1a: Palkia|Palkia-Origin, L72|249/249\n|-ability|p1a: Palkia|Pressure\n|move|p2a: Piloswine|Earthquake|p1a: Palkia\n|-damage|p1a: Palkia|140/249\n|\n|upkeep\n|turn|7\n|\n|t:|1733875262\n|switch|p2a: Alcremie|Alcremie-Ruby-Cream, L90, F|240/263\n|-activate|p2a: Alcremie|move: Sticky Web\n|-unboost|p2a: Alcremie|spe|1\n|move|p1a: Palkia|Spacial Rend|p2a: Alcremie\n|-immune|p2a: Alcremie\n|\n|-heal|p2a: Alcremie|256/263|[from] item: Leftovers\n|upkeep\n|turn|8\n|\n|t:|1733875273\n|switch|p1a: Gouging Fire|Gouging Fire, L74|277/277\n|move|p2a: Alcremie|Alluring Voice|p1a: Gouging Fire\n|-damage|p1a: Gouging Fire|159/277\n|\n|-heal|p2a: Alcremie|263/263|[from] item: Leftovers\n|upkeep\n|turn|9\n|\n|t:|1733875280\n|move|p1a: Gouging Fire|Dragon Dance|p1a: Gouging Fire\n|-boost|p1a: Gouging Fire|atk|1\n|-boost|p1a: Gouging Fire|spe|1\n|move|p2a: Alcremie|Alluring Voice|p1a: Gouging Fire\n|-damage|p1a: Gouging Fire|33/277\n|-start|p1a: Gouging Fire|confusion\n|\n|upkeep\n|turn|10\n|\n|t:|1733875289\n|-activate|p1a: Gouging Fire|confusion\n|move|p1a: Gouging Fire|Morning Sun|p1a: Gouging Fire\n|-heal|p1a: Gouging Fire|171/277\n|move|p2a: Alcremie|Alluring Voice|p1a: Gouging Fire\n|-damage|p1a: Gouging Fire|59/277\n|\n|upkeep\n|turn|11\n|\n|t:|1733875300\n|-activate|p1a: Gouging Fire|confusion\n|move|p1a: Gouging Fire|Heat Crash|p2a: Alcremie\n|-damage|p2a: Alcremie|86/263\n|move|p2a: Alcremie|Alluring Voice|p1a: Gouging Fire\n|-damage|p1a: Gouging Fire|0 fnt\n|faint|p1a: Gouging Fire\n|-end|p1a: Gouging Fire|Protosynthesis|[silent]\n|\n|-heal|p2a: Alcremie|102/263|[from] item: Leftovers\n|upkeep\n|\n|t:|1733875308\n|switch|p1a: Metagross|Metagross, L79|204/256\n|turn|12\n|\n|t:|1733875312\n|switch|p2a: Golduck|Golduck, L90, M|251/290\n|-activate|p2a: Golduck|move: Sticky Web\n|-unboost|p2a: Golduck|spe|1\n|-ability|p2a: Golduck|Cloud Nine\n|move|p1a: Metagross|Knock Off|p2a: Golduck\n|-damage|p2a: Golduck|173/290\n|-enditem|p2a: Golduck|Leftovers|[from] move: Knock Off|[of] p1a: Metagross\n|\n|-heal|p1a: Metagross|220/256|[from] item: Leftovers\n|upkeep\n|turn|13\n|\n|t:|1733875336\n|move|p1a: Metagross|Stealth Rock|p2a: Golduck\n|-sidestart|p2: safterday|move: Stealth Rock\n|move|p2a: Golduck|Grass Knot|p1a: Metagross\n|-resisted|p1a: Metagross\n|-damage|p1a: Metagross|166/256\n|\n|-heal|p1a: Metagross|182/256|[from] item: Leftovers\n|upkeep\n|turn|14\n|\n|t:|1733875365\n|switch|p1a: Palkia|Palkia-Origin, L72|140/249\n|-ability|p1a: Palkia|Pressure\n|move|p2a: Golduck|Hydro Pump|p1a: Palkia|[miss]\n|-miss|p2a: Golduck|p1a: Palkia\n|\n|upkeep\n|turn|15\n|\n|t:|1733875383\n|move|p1a: Palkia|Hydro Pump|p2a: Golduck|[miss]\n|-miss|p1a: Palkia|p2a: Golduck\n|move|p2a: Golduck|Grass Knot|p1a: Palkia\n|-damage|p1a: Palkia|54/249\n|\n|upkeep\n|turn|16\n|\n|t:|1733875392\n|move|p1a: Palkia|Spacial Rend|p2a: Golduck\n|-crit|p2a: Golduck\n|-damage|p2a: Golduck|0 fnt\n|faint|p2a: Golduck\n|\n|upkeep\n|\n|t:|1733875409\n|switch|p2a: Yanmega|Yanmega, L82, M|275/275\n|turn|17\n|\n|t:|1733875428\n|move|p2a: Yanmega|Protect|p2a: Yanmega\n|-singleturn|p2a: Yanmega|Protect\n|move|p1a: Palkia|Thunder Wave|p2a: Yanmega\n|-activate|p2a: Yanmega|move: Protect\n|\n|-ability|p2a: Yanmega|Speed Boost|boost\n|-boost|p2a: Yanmega|spe|1\n|upkeep\n|turn|18\n|\n|t:|1733875440\n|move|p2a: Yanmega|Air Slash|p1a: Palkia\n|-damage|p1a: Palkia|0 fnt\n|faint|p1a: Palkia\n|\n|-ability|p2a: Yanmega|Speed Boost|boost\n|-boost|p2a: Yanmega|spe|1\n|upkeep\n|\n|t:|1733875446\n|switch|p1a: Ampharos|Ampharos, L88, F|167/302\n|turn|19\n|\n|t:|1733875450\n|-terastallize|p2a: Yanmega|Ground\n|move|p2a: Yanmega|Tera Blast|p1a: Ampharos|[anim] Tera Blast Ground\n|-supereffective|p1a: Ampharos\n|-damage|p1a: Ampharos|0 fnt\n|faint|p1a: Ampharos\n|\n|-ability|p2a: Yanmega|Speed Boost|boost\n|-boost|p2a: Yanmega|spe|1\n|upkeep\n|\n|t:|1733875470\n|switch|p1a: Arceus|Arceus-Flying, L69|279/279\n|turn|20\n|\n|t:|1733875482\n|switch|p2a: Piloswine|Piloswine, L85, M|309/309\n|-activate|p2a: Piloswine|move: Sticky Web\n|-unboost|p2a: Piloswine|spe|1\n|-damage|p2a: Piloswine|271/309|[from] Stealth Rock\n|move|p1a: Arceus|Calm Mind|p1a: Arceus\n|-boost|p1a: Arceus|spa|1\n|-boost|p1a: Arceus|spd|1\n|\n|upkeep\n|turn|21\n|\n|t:|1733875495\n|switch|p1a: Metagross|Metagross, L79|182/256\n|move|p2a: Piloswine|Roar|p1a: Metagross\n|drag|p1a: Arceus|Arceus-Flying, L69|279/279\n|\n|upkeep\n|turn|22\n|\n|t:|1733875502\n|switch|p1a: Metagross|Metagross, L79|182/256\n|move|p2a: Piloswine|Icicle Crash|p1a: Metagross\n|-resisted|p1a: Metagross\n|-damage|p1a: Metagross|146/256\n|\n|-heal|p1a: Metagross|162/256|[from] item: Leftovers\n|upkeep\n|turn|23\n|\n|t:|1733875509\n|switch|p2a: Alcremie|Alcremie-Ruby-Cream, L90, F|102/263\n|-activate|p2a: Alcremie|move: Sticky Web\n|-unboost|p2a: Alcremie|spe|1\n|-damage|p2a: Alcremie|70/263|[from] Stealth Rock\n|move|p1a: Metagross|Heavy Slam|p2a: Alcremie\n|-supereffective|p2a: Alcremie\n|-damage|p2a: Alcremie|0 fnt\n|faint|p2a: Alcremie\n|\n|-heal|p1a: Metagross|178/256|[from] item: Leftovers\n|upkeep\n|l|\u2606absoul00tpower\n|player|p1|\n|\n|t:|1733875528\n|switch|p2a: Lunala|Lunala, L70|308/308\n|-activate|p2a: Lunala|move: Sticky Web\n|-unboost|p2a: Lunala|spe|1\n|-damage|p2a: Lunala|270/308|[from] Stealth Rock\n|turn|24\n|j|\u2606absoul00tpower\n|player|p1|absoul00tpower|steven|\n|inactive|Battle timer is ON: inactive players will automatically lose when time's up. (requested by safterday)\n|\n|t:|1733875581\n|move|p1a: Metagross|Knock Off|p2a: Lunala\n|-supereffective|p2a: Lunala\n|-damage|p2a: Lunala|0 fnt\n|-enditem|p2a: Lunala|Leftovers|[from] move: Knock Off|[of] p1a: Metagross\n|faint|p2a: Lunala\n|\n|-heal|p1a: Metagross|194/256|[from] item: Leftovers\n|upkeep\n|\n|t:|1733875590\n|switch|p2a: Darkrai|Darkrai, L77|234/234\n|-activate|p2a: Darkrai|move: Sticky Web\n|-unboost|p2a: Darkrai|spe|1\n|-damage|p2a: Darkrai|205/234|[from] Stealth Rock\n|turn|25\n|\n|t:|1733875607\n|switch|p1a: Galvantula|Galvantula, L82, F|249/249\n|move|p2a: Darkrai|Dark Pulse|p1a: Galvantula\n|-damage|p1a: Galvantula|97/249\n|-damage|p2a: Darkrai|182/234|[from] item: Life Orb\n|\n|upkeep\n|turn|26\n|\n|t:|1733875618\n|switch|p2a: Piloswine|Piloswine, L85, M|271/309\n|-activate|p2a: Piloswine|move: Sticky Web\n|-unboost|p2a: Piloswine|spe|1\n|-damage|p2a: Piloswine|233/309|[from] Stealth Rock\n|move|p1a: Galvantula|Bug Buzz|p2a: Piloswine\n|-damage|p2a: Piloswine|149/309\n|\n|upkeep\n|turn|27\n|\n|t:|1733875642\n|move|p1a: Galvantula|Bug Buzz|p2a: Piloswine\n|-damage|p2a: Piloswine|67/309\n|-unboost|p2a: Piloswine|spd|1\n|move|p2a: Piloswine|Earthquake|p1a: Galvantula\n|-damage|p1a: Galvantula|0 fnt\n|faint|p1a: Galvantula\n|\n|upkeep\n|\n|t:|1733875654\n|switch|p1a: Metagross|Metagross, L79|194/256\n|turn|28\n|\n|t:|1733875669\n|switch|p2a: Darkrai|Darkrai, L77|182/234\n|-activate|p2a: Darkrai|move: Sticky Web\n|-unboost|p2a: Darkrai|spe|1\n|-damage|p2a: Darkrai|153/234|[from] Stealth Rock\n|move|p1a: Metagross|Heavy Slam|p2a: Darkrai\n|-damage|p2a: Darkrai|0 fnt\n|faint|p2a: Darkrai\n|\n|-heal|p1a: Metagross|210/256|[from] item: Leftovers\n|upkeep\n|l|\u2606absoul00tpower\n|inactive|absoul00tpower disconnected and has a minute to reconnect!\n|player|p1|\n|j|\u2606absoul00tpower\n|inactive|absoul00tpower reconnected.\n|player|p1|absoul00tpower|steven|\n|\n|t:|1733875679\n|switch|p2a: Yanmega|Yanmega, L82, M, tera:Ground|275/275\n|turn|29\n|\n|t:|1733875696\n|move|p2a: Yanmega|Tera Blast|p1a: Metagross|[anim] Tera Blast Ground\n|-supereffective|p1a: Metagross\n|-damage|p1a: Metagross|22/256\n|move|p1a: Metagross|Heavy Slam|p2a: Yanmega\n|-damage|p2a: Yanmega|112/275\n|\n|-heal|p1a: Metagross|38/256|[from] item: Leftovers\n|-ability|p2a: Yanmega|Speed Boost|boost\n|-boost|p2a: Yanmega|spe|1\n|upkeep\n|turn|30\n|\n|t:|1733875708\n|move|p2a: Yanmega|Bug Buzz|p1a: Metagross\n|-damage|p1a: Metagross|0 fnt\n|faint|p1a: Metagross\n|\n|-ability|p2a: Yanmega|Speed Boost|boost\n|-boost|p2a: Yanmega|spe|1\n|upkeep\n|l|\u2606absoul00tpower\n|inactive|absoul00tpower disconnected and has a minute to reconnect!\n|player|p1|\n|inactive|absoul00tpower has 30 seconds to reconnect!\n|j|\u2606absoul00tpower\n|inactive|absoul00tpower reconnected and has 100 seconds left.\n|player|p1|absoul00tpower|steven|\n|\n|t:|1733875747\n|switch|p1a: Arceus|Arceus-Flying, L69|279/279\n|turn|31\n|\n|t:|1733875756\n|move|p2a: Yanmega|Air Slash|p1a: Arceus\n|-crit|p1a: Arceus\n|-damage|p1a: Arceus|153/279\n|cant|p1a: Arceus|flinch\n|\n|-ability|p2a: Yanmega|Speed Boost|boost\n|-boost|p2a: Yanmega|spe|1\n|upkeep\n|turn|32\n|l|\u2606absoul00tpower\n|inactive|absoul00tpower disconnected and has a minute to reconnect!\n|player|p1|\n|j|\u2606absoul00tpower\n|inactive|absoul00tpower reconnected and has 90 seconds left.\n|player|p1|absoul00tpower|steven|\n|l|\u2606absoul00tpower\n|inactive|absoul00tpower disconnected and has a minute to reconnect!\n|player|p1|\n|inactive|absoul00tpower has 30 seconds to reconnect!\n|j|\u2606absoul00tpower\n|inactive|absoul00tpower reconnected and has 40 seconds left.\n|player|p1|absoul00tpower|steven|\n|\n|t:|1733875838\n|move|p2a: Yanmega|Air Slash|p1a: Arceus\n|-damage|p1a: Arceus|66/279\n|move|p1a: Arceus|Recover|p1a: Arceus\n|-heal|p1a: Arceus|206/279\n|\n|-ability|p2a: Yanmega|Speed Boost|boost\n|-boost|p2a: Yanmega|spe|1\n|upkeep\n|turn|33\n|\n|t:|1733875844\n|move|p2a: Yanmega|Air Slash|p1a: Arceus\n|-damage|p1a: Arceus|121/279\n|move|p1a: Arceus|Calm Mind|p1a: Arceus\n|-boost|p1a: Arceus|spa|1\n|-boost|p1a: Arceus|spd|1\n|\n|-ability|p2a: Yanmega|Speed Boost|boost\n|-boost|p2a: Yanmega|spe|1\n|upkeep\n|turn|34\n|\n|t:|1733875861\n|move|p2a: Yanmega|Air Slash|p1a: Arceus\n|-damage|p1a: Arceus|67/279\n|cant|p1a: Arceus|flinch\n|\n|-ability|p2a: Yanmega|Speed Boost|boost\n|-boost|p2a: Yanmega|spe|1\n|upkeep\n|turn|35\n|\n|t:|1733875865\n|move|p2a: Yanmega|Air Slash|p1a: Arceus\n|-crit|p1a: Arceus\n|-damage|p1a: Arceus|0 fnt\n|faint|p1a: Arceus\n|\n|win|safterday\n|raw|absoul00tpower's rating: 1595 &rarr; <strong>1573</strong><br />(-22 for losing)\n|raw|safterday's rating: 1565 &rarr; <strong>1587</strong><br />(+22 for winning)\n|l|\u2606absoul00tpower\n|player|p1|\n", "inputlog": ">version bfd83cad13791eb5a5a409923076391caf6fb4d4\n>start {\"formatid\":\"gen9randombattle\",\"seed\":[57522,63774,65252,38411],\"rated\":\"Rated battle\"}\n>player p1 {\"name\":\"absoul00tpower\",\"avatar\":\"steven\",\"rating\":1595,\"seed\":[17539,62441,58063,38063]}\n>player p2 {\"name\":\"safterday\",\"avatar\":\"102\",\"rating\":1565,\"seed\":[18132,14221,62138,18789]}\n>p1 move stickyweb\n>p2 move calmmind\n>p1 move voltswitch\n>p2 move alluringvoice\n>p1 switch 6\n>p1 move heavyslam\n>p2 switch 3\n>p1 switch 5\n>p2 move hydropump\n>p1 move voltswitch\n>p2 switch 5\n>p1 switch 3\n>p2 move earthquake\n>p1 move spacialrend\n>p2 switch 3\n>p1 switch 2\n>p2 move alluringvoice\n>p1 move dragondance\n>p2 move alluringvoice\n>p1 move morningsun\n>p2 move alluringvoice\n>p1 move heatcrash\n>p2 move alluringvoice\n>p1 switch 5\n>p1 move knockoff\n>p2 switch 5\n>p1 move stealthrock\n>p2 move grassknot\n>p1 switch 2\n>p2 move hydropump\n>p1 move hydropump\n>p2 move grassknot\n>p1 move spacialrend\n>p2 move grassknot\n>p2 switch 4\n>p1 move thunderwave\n>p2 move protect\n>p1 move fireblast\n>p2 move airslash\n>p1 switch 3\n>p1 move thunderbolt\n>p2 move terablast terastallize\n>p1 switch 4\n>p1 move calmmind\n>p2 switch 3\n>p1 switch 2\n>p2 move roar\n>p1 switch 2\n>p2 move iciclecrash\n>p1 move heavyslam\n>p2 switch 5\n>p2 switch 6\n>p1 move knockoff\n>p2 move moongeistbeam\n>p2 switch 2\n>p1 switch 6\n>p2 move darkpulse\n>p1 move bugbuzz\n>p2 switch 5\n>p1 move bugbuzz\n>p2 move earthquake\n>p1 switch 6\n>p1 move heavyslam\n>p2 switch 5\n>p2 switch 3\n>p1 move heavyslam\n>p2 move terablast\n>p1 move heavyslam\n>p2 move bugbuzz\n>p1 switch 2\n>p1 move calmmind\n>p2 move airslash\n>p1 move recover\n>p2 move airslash\n>p1 move calmmind\n>p2 move airslash\n>p1 move recover\n>p2 move airslash\n>p1 move recover\n>p2 move airslash", "uploadtime": 1733875879, "views": 3, "formatid": "gen9randombattle", "rating": 1573, "private": 0, "password": null}