{"id": "gen9randombattle-2175516605", "format": "[Gen 9] Random Battle", "players": ["Skirmishist", "Qiuescent"], "log": "|j|\u2606Skirmishist\n|j|\u203dQiuescent\n|t:|1723059840\n|gametype|singles\n|player|p1|Skirmishist|koga|2277\n|player|p2|Qiuescent|170|2225\n|teamsize|p1|6\n|teamsize|p2|6\n|gen|9\n|tier|[Gen 9] Random Battle\n|rated|\n|rule|Species Clause: Limit one of each Pok\u00e9mon\n|rule|HP Percentage Mod: HP is shown in percentages\n|rule|Sleep Clause Mod: Limit one foe put to sleep\n|rule|Illusion Level Mod: Illusion disguises the Pok\u00e9mon's true level\n|\n|t:|1723059840\n|start\n|switch|p1a: Politoed|Politoed, L88, M|302/302\n|switch|p2a: Masquerain|Masquerain, L87, F|264/264\n|-ability|p2a: Masquerain|Intimidate|boost\n|-unboost|p1a: Politoed|atk|1\n|-weather|RainDance|[from] ability: Drizzle|[of] p1a: Politoed\n|turn|1\n|\n|t:|1723059850\n|move|p2a: Masquerain|Sticky Web|p1a: Politoed\n|-sidestart|p1: Skirmishist|move: Sticky Web\n|move|p1a: Politoed|Hydro Pump|p2a: Masquerain\n|-damage|p2a: Masquerain|6/264\n|\n|-weather|RainDance|[upkeep]\n|upkeep\n|turn|2\n|\n|t:|1723059857\n|switch|p1a: Cramorant|Cramorant, L86, M|261/261\n|move|p2a: Masquerain|Hurricane|p1a: Cramorant\n|-damage|p1a: Cramorant|135/261\n|\n|-weather|RainDance|[upkeep]\n|upkeep\n|turn|3\n|\n|t:|1723059866\n|move|p1a: Cramorant|Defog|p2a: Masquerain\n|-unboost|p2a: Masquerain|evasion|1\n|-sideend|p1: Skirmishist|Sticky Web|[from] move: Defog|[of] p1a: Cramorant\n|move|p2a: Masquerain|U-turn|p1a: Cramorant\n|-resisted|p1a: Cramorant\n|-damage|p1a: Cramorant|99/261\n|\n|t:|1723059871\n|switch|p2a: Kleavor|Kleavor, L78, M|237/237|[from] U-turn\n|\n|-weather|RainDance|[upkeep]\n|upkeep\n|turn|4\n|\n|t:|1723059876\n|switch|p1a: Dugtrio|Dugtrio-Alola, L84, M|196/196\n|move|p2a: Kleavor|Stone Axe|p1a: Dugtrio\n|-resisted|p1a: Dugtrio\n|-damage|p1a: Dugtrio|160/196\n|-ability|p1a: Dugtrio|Tangling Hair\n|-unboost|p2a: Kleavor|spe|1\n|-sidestart|p1: Skirmishist|move: Stealth Rock\n|\n|-weather|RainDance|[upkeep]\n|upkeep\n|turn|5\n|\n|t:|1723059880\n|move|p1a: Dugtrio|Stealth Rock|p2a: Kleavor\n|-sidestart|p2: Qiuescent|move: Stealth Rock\n|move|p2a: Kleavor|Close Combat|p1a: Dugtrio\n|-supereffective|p1a: Dugtrio\n|-damage|p1a: Dugtrio|0 fnt\n|-unboost|p2a: Kleavor|def|1\n|-unboost|p2a: Kleavor|spd|1\n|-ability|p1a: Dugtrio|Tangling Hair\n|-unboost|p2a: Kleavor|spe|1\n|faint|p1a: Dugtrio\n|\n|-weather|none\n|upkeep\n|inactive|Battle timer is ON: inactive players will automatically lose when time's up. (requested by Qiuescent)\n|\n|t:|1723059888\n|switch|p1a: Cramorant|Cramorant, L86, M|99/261\n|turn|6\n|\n|t:|1723059891\n|switch|p2a: Deoxys|Deoxys-Defense, L86|226/226\n|-damage|p2a: Deoxys|198/226|[from] Stealth Rock\n|-ability|p2a: Deoxys|Pressure\n|move|p1a: Cramorant|Surf|p2a: Deoxys\n|-formechange|p1a: Cramorant|Cramorant-Gorging|\n|-damage|p2a: Deoxys|147/226\n|\n|-heal|p2a: Deoxys|161/226|[from] item: Leftovers\n|upkeep\n|turn|7\n|\n|t:|1723059899\n|move|p2a: Deoxys|Recover|p2a: Deoxys\n|-heal|p2a: Deoxys|226/226\n|move|p1a: Cramorant|Roost|p1a: Cramorant\n|-heal|p1a: Cramorant|230/261\n|-singleturn|p1a: Cramorant|move: Roost\n|\n|upkeep\n|turn|8\n|\n|t:|1723059904\n|switch|p1a: Honchkrow|Honchkrow, L86, F|312/312\n|move|p2a: Deoxys|Calm Mind|p2a: Deoxys\n|-boost|p2a: Deoxys|spa|1\n|-boost|p2a: Deoxys|spd|1\n|\n|upkeep\n|turn|9\n|\n|t:|1723059913\n|switch|p2a: Masquerain|Masquerain, L87, F|6/264\n|-ability|p2a: Masquerain|Intimidate|boost\n|-unboost|p1a: Honchkrow|atk|1\n|move|p1a: Honchkrow|U-turn|p2a: Masquerain\n|-resisted|p2a: Masquerain\n|-damage|p2a: Masquerain|0 fnt\n|faint|p2a: Masquerain\n|-ability|p1a: Honchkrow|Moxie|boost\n|-boost|p1a: Honchkrow|atk|1\n|\n|t:|1723059920\n|switch|p1a: Politoed|Politoed, L88, M|302/302|[from] U-turn\n|-damage|p1a: Politoed|265/302|[from] Stealth Rock\n|-weather|RainDance|[from] ability: Drizzle|[of] p1a: Politoed\n|\n|-weather|RainDance|[upkeep]\n|upkeep\n|\n|t:|1723059926\n|switch|p2a: Zarude|Zarude-Dada, L78|292/292\n|-damage|p2a: Zarude|256/292|[from] Stealth Rock\n|turn|10\n|\n|t:|1723059941\n|switch|p1a: Honchkrow|Honchkrow, L86, F|312/312\n|move|p2a: Zarude|Power Whip|p1a: Honchkrow\n|-resisted|p1a: Honchkrow\n|-damage|p1a: Honchkrow|222/312\n|\n|-weather|RainDance|[upkeep]\n|upkeep\n|turn|11\n|\n|t:|1723059950\n|switch|p2a: Deoxys|Deoxys-Defense, L86|226/226\n|-damage|p2a: Deoxys|198/226|[from] Stealth Rock\n|-ability|p2a: Deoxys|Pressure\n|move|p1a: Honchkrow|U-turn|p2a: Deoxys\n|-supereffective|p2a: Deoxys\n|-damage|p2a: Deoxys|118/226\n|\n|t:|1723059968\n|switch|p1a: Skeledirge|Skeledirge, L79, F|294/294|[from] U-turn\n|\n|-weather|RainDance|[upkeep]\n|-heal|p2a: Deoxys|132/226|[from] item: Leftovers\n|upkeep\n|turn|12\n|\n|t:|1723059978\n|switch|p2a: Kleavor|Kleavor, L78, M|237/237\n|switch|p1a: Politoed|Politoed, L88, M|265/302\n|-damage|p1a: Politoed|228/302|[from] Stealth Rock\n|\n|-weather|RainDance|[upkeep]\n|upkeep\n|turn|13\n|\n|t:|1723059984\n|switch|p2a: Exeggutor|Exeggutor-Alola, L89, M|314/314\n|-damage|p2a: Exeggutor|275/314|[from] Stealth Rock\n|move|p1a: Politoed|Weather Ball|p2a: Exeggutor\n|-resisted|p2a: Exeggutor\n|-damage|p2a: Exeggutor|206/314\n|\n|-weather|none\n|upkeep\n|turn|14\n|\n|t:|1723059992\n|switch|p1a: Cresselia|Cresselia, L80, F|323/323\n|-damage|p1a: Cresselia|283/323|[from] Stealth Rock\n|move|p2a: Exeggutor|Dragon Pulse|p1a: Cresselia\n|-damage|p1a: Cresselia|178/323\n|\n|-heal|p1a: Cresselia|198/323|[from] item: Leftovers\n|upkeep\n|turn|15\n|\n|t:|1723060005\n|switch|p2a: Kleavor|Kleavor, L78, M|237/237\n|move|p1a: Cresselia|Calm Mind|p1a: Cresselia\n|-boost|p1a: Cresselia|spa|1\n|-boost|p1a: Cresselia|spd|1\n|\n|-heal|p1a: Cresselia|218/323|[from] item: Leftovers\n|upkeep\n|turn|16\n|\n|t:|1723060010\n|switch|p1a: Cramorant|Cramorant, L86, M|230/261\n|move|p2a: Kleavor|X-Scissor|p1a: Cramorant\n|-resisted|p1a: Cramorant\n|-damage|p1a: Cramorant|133/261\n|\n|upkeep\n|turn|17\n|\n|t:|1723060023\n|move|p1a: Cramorant|Surf|p2a: Kleavor\n|-formechange|p1a: Cramorant|Cramorant-Gulping|\n|-supereffective|p2a: Kleavor\n|-damage|p2a: Kleavor|21/237\n|move|p2a: Kleavor|Stone Axe|p1a: Cramorant\n|-supereffective|p1a: Cramorant\n|-damage|p1a: Cramorant|0 fnt\n|-damage|p2a: Kleavor|0 fnt|[from] ability: Gulp Missile|[of] p1a: Cramorant\n|-formechange|p1a: Cramorant|Cramorant|\n|faint|p1a: Cramorant\n|faint|p2a: Kleavor\n|\n|upkeep\n|\n|t:|1723060031\n|switch|p1a: Honchkrow|Honchkrow, L86, F|222/312\n|switch|p2a: Zarude|Zarude-Dada, L78|256/292\n|-damage|p2a: Zarude|220/292|[from] Stealth Rock\n|turn|18\n|\n|t:|1723060034\n|move|p2a: Zarude|U-turn|p1a: Honchkrow\n|-damage|p1a: Honchkrow|155/312\n|\n|t:|1723060039\n|switch|p2a: Deoxys|Deoxys-Defense, L86|132/226|[from] U-turn\n|-damage|p2a: Deoxys|104/226|[from] Stealth Rock\n|-ability|p2a: Deoxys|Pressure\n|move|p1a: Honchkrow|U-turn|p2a: Deoxys\n|-supereffective|p2a: Deoxys\n|-damage|p2a: Deoxys|30/226\n|\n|t:|1723060043\n|switch|p1a: Politoed|Politoed, L88, M|228/302|[from] U-turn\n|-damage|p1a: Politoed|191/302|[from] Stealth Rock\n|-weather|RainDance|[from] ability: Drizzle|[of] p1a: Politoed\n|\n|-weather|RainDance|[upkeep]\n|-heal|p2a: Deoxys|44/226|[from] item: Leftovers\n|upkeep\n|turn|19\n|\n|t:|1723060048\n|move|p2a: Deoxys|Recover|p2a: Deoxys\n|-heal|p2a: Deoxys|157/226\n|move|p1a: Politoed|Hydro Pump|p2a: Deoxys\n|-damage|p2a: Deoxys|0 fnt\n|faint|p2a: Deoxys\n|\n|-weather|RainDance|[upkeep]\n|upkeep\n|\n|t:|1723060060\n|switch|p2a: Exeggutor|Exeggutor-Alola, L89, M|206/314\n|-damage|p2a: Exeggutor|167/314|[from] Stealth Rock\n|turn|20\n|\n|t:|1723060072\n|switch|p1a: Cresselia|Cresselia, L80, F|218/323\n|-damage|p1a: Cresselia|178/323|[from] Stealth Rock\n|move|p2a: Exeggutor|Dragon Pulse|p1a: Cresselia\n|-damage|p1a: Cresselia|67/323\n|\n|-weather|RainDance|[upkeep]\n|-heal|p1a: Cresselia|87/323|[from] item: Leftovers\n|upkeep\n|turn|21\n|\n|t:|1723060079\n|switch|p2a: Zarude|Zarude-Dada, L78|220/292\n|-damage|p2a: Zarude|184/292|[from] Stealth Rock\n|move|p1a: Cresselia|Calm Mind|p1a: Cresselia\n|-boost|p1a: Cresselia|spa|1\n|-boost|p1a: Cresselia|spd|1\n|\n|-weather|RainDance|[upkeep]\n|-heal|p1a: Cresselia|107/323|[from] item: Leftovers\n|upkeep\n|turn|22\n|\n|t:|1723060091\n|move|p2a: Zarude|Power Whip|p1a: Cresselia\n|-damage|p1a: Cresselia|0 fnt\n|faint|p1a: Cresselia\n|\n|-weather|none\n|upkeep\n|\n|t:|1723060094\n|switch|p1a: Honchkrow|Honchkrow, L86, F|155/312\n|turn|23\n|j| Shaky3\n|l| Shaky3\n|\n|t:|1723060107\n|switch|p2a: Solgaleo|Solgaleo, L74|325/325\n|-damage|p2a: Solgaleo|305/325|[from] Stealth Rock\n|move|p1a: Honchkrow|U-turn|p2a: Solgaleo\n|-damage|p2a: Solgaleo|237/325\n|\n|t:|1723060110\n|switch|p1a: Politoed|Politoed, L88, M|191/302|[from] U-turn\n|-damage|p1a: Politoed|154/302|[from] Stealth Rock\n|-weather|RainDance|[from] ability: Drizzle|[of] p1a: Politoed\n|\n|-weather|RainDance|[upkeep]\n|upkeep\n|turn|24\n|\n|t:|1723060113\n|switch|p2a: Exeggutor|Exeggutor-Alola, L89, M|167/314\n|-damage|p2a: Exeggutor|128/314|[from] Stealth Rock\n|-enditem|p2a: Exeggutor|Sitrus Berry|[eat]\n|-heal|p2a: Exeggutor|206/314|[from] item: Sitrus Berry\n|move|p1a: Politoed|Hydro Pump|p2a: Exeggutor|[miss]\n|-miss|p1a: Politoed|p2a: Exeggutor\n|\n|-weather|RainDance|[upkeep]\n|upkeep\n|turn|25\n|\n|t:|1723060128\n|switch|p1a: Honchkrow|Honchkrow, L86, F|155/312\n|move|p2a: Exeggutor|Dragon Pulse|p1a: Honchkrow\n|-damage|p1a: Honchkrow|0 fnt\n|faint|p1a: Honchkrow\n|\n|-weather|RainDance|[upkeep]\n|upkeep\n|\n|t:|1723060130\n|switch|p1a: Politoed|Politoed, L88, M|154/302\n|-damage|p1a: Politoed|117/302|[from] Stealth Rock\n|turn|26\n|\n|t:|1723060133\n|switch|p2a: Solgaleo|Solgaleo, L74|237/325\n|-damage|p2a: Solgaleo|217/325|[from] Stealth Rock\n|move|p1a: Politoed|Hydro Pump|p2a: Solgaleo\n|-damage|p2a: Solgaleo|0 fnt\n|faint|p2a: Solgaleo\n|\n|-weather|RainDance|[upkeep]\n|upkeep\n|\n|t:|1723060141\n|switch|p2a: Zarude|Zarude-Dada, L78|184/292\n|-damage|p2a: Zarude|148/292|[from] Stealth Rock\n|turn|27\n|\n|t:|1723060144\n|move|p2a: Zarude|Knock Off|p1a: Politoed\n|-damage|p1a: Politoed|8/302\n|-enditem|p1a: Politoed|Choice Specs|[from] move: Knock Off|[of] p2a: Zarude\n|move|p1a: Politoed|Hydro Pump|p2a: Zarude\n|-resisted|p2a: Zarude\n|-damage|p2a: Zarude|49/292\n|\n|-weather|none\n|upkeep\n|turn|28\n|\n|t:|1723060148\n|move|p2a: Zarude|Knock Off|p1a: Politoed\n|-damage|p1a: Politoed|0 fnt\n|faint|p1a: Politoed\n|\n|upkeep\n|\n|t:|1723060156\n|switch|p1a: Skeledirge|Skeledirge, L79, F|294/294\n|turn|29\n|\n|t:|1723060160\n|move|p2a: Zarude|Knock Off|p1a: Skeledirge\n|-supereffective|p1a: Skeledirge\n|-damage|p1a: Skeledirge|100/294\n|-enditem|p1a: Skeledirge|Heavy-Duty Boots|[from] move: Knock Off|[of] p2a: Zarude\n|move|p1a: Skeledirge|Flame Charge|p2a: Zarude\n|-supereffective|p2a: Zarude\n|-crit|p2a: Zarude\n|-damage|p2a: Zarude|0 fnt\n|-boost|p1a: Skeledirge|spe|1\n|faint|p2a: Zarude\n|\n|upkeep\n|\n|t:|1723060163\n|switch|p2a: Exeggutor|Exeggutor-Alola, L89, M|206/314\n|-damage|p2a: Exeggutor|167/314|[from] Stealth Rock\n|turn|30\n|\n|t:|1723060167\n|move|p1a: Skeledirge|Slack Off|p1a: Skeledirge\n|-heal|p1a: Skeledirge|247/294\n|move|p2a: Exeggutor|Dragon Pulse|p1a: Skeledirge\n|-damage|p1a: Skeledirge|103/294\n|\n|upkeep\n|turn|31\n|\n|t:|1723060174\n|move|p1a: Skeledirge|Slack Off|p1a: Skeledirge\n|-heal|p1a: Skeledirge|250/294\n|move|p2a: Exeggutor|Dragon Pulse|p1a: Skeledirge\n|-damage|p1a: Skeledirge|100/294\n|\n|upkeep\n|turn|32\n|\n|t:|1723060177\n|move|p1a: Skeledirge|Slack Off|p1a: Skeledirge\n|-heal|p1a: Skeledirge|247/294\n|move|p2a: Exeggutor|Dragon Pulse|p1a: Skeledirge\n|-damage|p1a: Skeledirge|111/294\n|\n|upkeep\n|turn|33\n|\n|t:|1723060189\n|move|p1a: Skeledirge|Slack Off|p1a: Skeledirge\n|-heal|p1a: Skeledirge|258/294\n|move|p2a: Exeggutor|Dragon Pulse|p1a: Skeledirge\n|-damage|p1a: Skeledirge|99/294\n|\n|-item|p2a: Exeggutor|Sitrus Berry|[from] ability: Harvest\n|upkeep\n|turn|34\n|\n|t:|1723060192\n|move|p1a: Skeledirge|Slack Off|p1a: Skeledirge\n|-heal|p1a: Skeledirge|246/294\n|move|p2a: Exeggutor|Dragon Pulse|p1a: Skeledirge\n|-damage|p1a: Skeledirge|111/294\n|\n|upkeep\n|turn|35\n|\n|t:|1723060194\n|move|p1a: Skeledirge|Slack Off|p1a: Skeledirge\n|-heal|p1a: Skeledirge|258/294\n|move|p2a: Exeggutor|Dragon Pulse|p1a: Skeledirge\n|-damage|p1a: Skeledirge|113/294\n|\n|upkeep\n|turn|36\n|\n|t:|1723060196\n|move|p1a: Skeledirge|Slack Off|p1a: Skeledirge\n|-heal|p1a: Skeledirge|260/294\n|move|p2a: Exeggutor|Dragon Pulse|p1a: Skeledirge\n|-damage|p1a: Skeledirge|119/294\n|\n|upkeep\n|turn|37\n|\n|t:|1723060197\n|move|p1a: Skeledirge|Slack Off|p1a: Skeledirge\n|-heal|p1a: Skeledirge|266/294\n|move|p2a: Exeggutor|Dragon Pulse|p1a: Skeledirge\n|-damage|p1a: Skeledirge|119/294\n|\n|upkeep\n|turn|38\n|\n|t:|1723060200\n|move|p1a: Skeledirge|Torch Song|p2a: Exeggutor\n|-damage|p2a: Exeggutor|73/314\n|-boost|p1a: Skeledirge|spa|1\n|-enditem|p2a: Exeggutor|Sitrus Berry|[eat]\n|-heal|p2a: Exeggutor|151/314|[from] item: Sitrus Berry\n|move|p2a: Exeggutor|Dragon Pulse|p1a: Skeledirge\n|-damage|p1a: Skeledirge|0 fnt\n|faint|p1a: Skeledirge\n|\n|win|Qiuescent\n|raw|Skirmishist's rating: 2277 &rarr; <strong>2254</strong><br />(-23 for losing)\n|raw|Qiuescent's rating: 2225 &rarr; <strong>2248</strong><br />(+23 for winning)\n|l|\u2606Skirmishist\n|player|p1|\n", "inputlog": ">version 645aa3833dc4d492fc8695bcaa26b087252171ab\n>start {\"formatid\":\"gen9randombattle\",\"seed\":[65428,11802,46841,14212],\"rated\":\"Rated battle\"}\n>player p1 {\"name\":\"Skirmishist\",\"avatar\":\"koga\",\"rating\":2277,\"seed\":[39890,15683,52007,56445]}\n>player p2 {\"name\":\"Qiuescent\",\"avatar\":\"170\",\"rating\":2225,\"seed\":[52222,43614,52329,18272]}\n>p1 move hydropump\n>p2 move stickyweb\n>p1 switch 5\n>p2 move hurricane\n>p1 move defog\n>p2 move uturn\n>p2 switch 6\n>p1 switch 6\n>p2 move stoneaxe\n>p1 move stealthrock\n>p2 move closecombat\n>p1 switch 6\n>p1 move surf\n>p2 switch 2\n>p1 move roost\n>p2 move recover\n>p1 switch 3\n>p2 move calmmind\n>p1 move uturn\n>p2 switch 6\n>p1 switch 5\n>p2 switch 3\n>p1 switch 5\n>p2 move powerwhip\n>p1 move uturn\n>p2 switch 6\n>p1 switch 4\n>p1 switch 5\n>p2 switch 2\n>p1 move weatherball\n>p2 switch 4\n>p1 switch 2\n>p2 move dragonpulse\n>p1 move calmmind\n>p2 switch 4\n>p1 switch 3\n>p2 move xscissor\n>p1 move surf\n>p2 move stoneaxe\n>p1 switch 4\n>p2 switch 6\n>p1 move uturn\n>p2 move uturn\n>p2 switch 2\n>p1 switch 2\n>p1 move hydropump\n>p2 move recover\n>p2 switch 4\n>p1 switch 3\n>p2 move dragonpulse\n>p1 move calmmind\n>p2 switch 2\n>p1 move moonblast\n>p2 move powerwhip\n>p1 switch 2\n>p1 move uturn\n>p2 switch 5\n>p1 switch 3\n>p1 move hydropump\n>p2 switch 2\n>p1 switch 3\n>p2 move dragonpulse\n>p1 switch 3\n>p1 move hydropump\n>p2 switch 2\n>p2 switch 5\n>p1 move hydropump\n>p2 move knockoff\n>p1 move hydropump\n>p2 move knockoff\n>p1 switch 5\n>p1 move flamecharge\n>p2 move knockoff\n>p2 switch 2\n>p1 move slackoff\n>p2 move dragonpulse\n>p1 move slackoff\n>p2 move dragonpulse\n>p1 move slackoff\n>p2 move dragonpulse\n>p1 move slackoff\n>p2 move dragonpulse\n>p1 move slackoff\n>p2 move dragonpulse\n>p1 move slackoff\n>p2 move dragonpulse\n>p1 move slackoff\n>p2 move dragonpulse\n>p1 move slackoff\n>p2 move dragonpulse\n>p1 move torchsong\n>p2 move dragonpulse", "uploadtime": 1723060202, "views": 130, "formatid": "gen9randombattle", "rating": 2248, "private": 0, "password": null}