{"id": "gen9randombattle-2114421179", "format": "[Gen 9] Random Battle", "players": ["Jaikido", "aleaniled"], "log": "|badge|p2|bronze|gen9randombattle|100-1\n|html|<div class=\"broadcast-red\"><strong>This battle is required to be public due to one or more player having a season medal.</strong><br />During the public phase, you can discuss the state of the ladder <a href=\"/seasondiscussion\">in a special chatroom.</a></div>\n|uhtml|medal-msg|<div class=\"broadcast-blue\">Curious what those medals under the avatar are? PS now has Ladder Seasons! For more information, check out the <a href=\"https://www.smogon.com/forums/threads/3740067/\">thread on Smogon.</a></div>\n|raw|<div class=\"broadcast-blue\"><strong>This battle is required to be public due to a player having a name starting with 'medal'.</div>\n|j|\u2606Jaikido\n|j|\u2606aleaniled\n|t:|1714436530\n|gametype|singles\n|player|p1|Jaikido|169|2358\n|player|p2|aleaniled|youngcouple-gen4dp|2320\n|teamsize|p1|6\n|teamsize|p2|6\n|gen|9\n|tier|[Gen 9] Random Battle\n|rated|\n|rule|Species Clause: Limit one of each Pok\u00e9mon\n|rule|HP Percentage Mod: HP is shown in percentages\n|rule|Sleep Clause Mod: Limit one foe put to sleep\n|rule|Illusion Level Mod: Illusion disguises the Pok\u00e9mon's true level\n|\n|t:|1714436530\n|start\n|switch|p1a: Tyranitar|Tyranitar, L79, M|288/288\n|switch|p2a: Breloom|Breloom, L82, M|233/233\n|-weather|Sandstorm|[from] ability: Sand Stream|[of] p1a: Tyranitar\n|turn|1\n|inactive|Battle timer is ON: inactive players will automatically lose when time's up. (requested by Jaikido)\n|\n|t:|1714436543\n|switch|p1a: Sawsbuck|Sawsbuck-Summer, L88, F|284/284\n|move|p2a: Breloom|Spore|p1a: Sawsbuck\n|-ability|p1a: Sawsbuck|Sap Sipper|boost\n|-boost|p1a: Sawsbuck|atk|1\n|\n|-weather|Sandstorm|[upkeep]\n|-damage|p1a: Sawsbuck|267/284|[from] Sandstorm\n|-damage|p2a: Breloom|219/233|[from] Sandstorm\n|upkeep\n|turn|2\n|\n|t:|1714436552\n|move|p2a: Breloom|Mach Punch|p1a: Sawsbuck\n|-supereffective|p1a: Sawsbuck\n|-damage|p1a: Sawsbuck|38/284\n|-damage|p2a: Breloom|196/233|[from] item: Life Orb\n|move|p1a: Sawsbuck|Double-Edge|p2a: Breloom\n|-damage|p2a: Breloom|0 fnt\n|faint|p2a: Breloom\n|-damage|p1a: Sawsbuck|0 fnt|[from] Recoil\n|faint|p1a: Sawsbuck\n|\n|-weather|Sandstorm|[upkeep]\n|upkeep\n|\n|t:|1714436562\n|switch|p1a: Magearna|Magearna, L77|250/250\n|switch|p2a: Qwilfish|Qwilfish, L86, F|252/252\n|-ability|p2a: Qwilfish|Intimidate|boost\n|-unboost|p1a: Magearna|atk|1\n|turn|3\n|\n|t:|1714436567\n|move|p1a: Magearna|Volt Switch|p2a: Qwilfish\n|-supereffective|p2a: Qwilfish\n|-damage|p2a: Qwilfish|102/252\n|\n|t:|1714436582\n|switch|p1a: Tyranitar|Tyranitar, L79, M|288/288|[from] Volt Switch\n|move|p2a: Qwilfish|Waterfall|p1a: Tyranitar\n|-supereffective|p1a: Tyranitar\n|-damage|p1a: Tyranitar|118/288\n|\n|-weather|Sandstorm|[upkeep]\n|-damage|p2a: Qwilfish|87/252|[from] Sandstorm\n|-heal|p2a: Qwilfish|102/252|[from] item: Leftovers\n|-heal|p1a: Tyranitar|136/288|[from] item: Leftovers\n|upkeep\n|turn|4\n|\n|t:|1714436587\n|switch|p1a: Magearna|Magearna, L77|250/250\n|move|p2a: Qwilfish|Spikes|p1a: Magearna\n|-sidestart|p1: Jaikido|Spikes\n|\n|-weather|Sandstorm|[upkeep]\n|-damage|p2a: Qwilfish|87/252|[from] Sandstorm\n|-heal|p2a: Qwilfish|102/252|[from] item: Leftovers\n|upkeep\n|turn|5\n|\n|t:|1714436592\n|switch|p2a: Meloetta|Meloetta, L82|298/298\n|move|p1a: Magearna|Volt Switch|p2a: Meloetta\n|-damage|p2a: Meloetta|261/298\n|\n|t:|1714436596\n|switch|p1a: Tyranitar|Tyranitar, L79, M|136/288|[from] Volt Switch\n|-damage|p1a: Tyranitar|100/288|[from] Spikes\n|\n|-weather|none\n|-heal|p1a: Tyranitar|118/288|[from] item: Leftovers\n|upkeep\n|turn|6\n|\n|t:|1714436604\n|move|p2a: Meloetta|Close Combat|p1a: Tyranitar\n|-supereffective|p1a: Tyranitar\n|-damage|p1a: Tyranitar|0 fnt\n|-unboost|p2a: Meloetta|def|1\n|-unboost|p2a: Meloetta|spd|1\n|faint|p1a: Tyranitar\n|-damage|p2a: Meloetta|232/298|[from] item: Life Orb\n|\n|upkeep\n|\n|t:|1714436611\n|switch|p1a: Polteageist|Polteageist-Antique, L79|224/224\n|-damage|p1a: Polteageist|196/224|[from] Spikes\n|turn|7\n|\n|t:|1714436618\n|move|p2a: Meloetta|Knock Off|p1a: Polteageist\n|-supereffective|p1a: Polteageist\n|-damage|p1a: Polteageist|19/224\n|-enditem|p1a: Polteageist|White Herb|[from] move: Knock Off|[of] p2a: Meloetta\n|-damage|p2a: Meloetta|203/298|[from] item: Life Orb\n|move|p1a: Polteageist|Shell Smash|p1a: Polteageist\n|-unboost|p1a: Polteageist|def|1\n|-unboost|p1a: Polteageist|spd|1\n|-boost|p1a: Polteageist|atk|2\n|-boost|p1a: Polteageist|spa|2\n|-boost|p1a: Polteageist|spe|2\n|\n|upkeep\n|turn|8\n|\n|t:|1714436634\n|switch|p2a: Qwilfish|Qwilfish, L86, F|102/252\n|-ability|p2a: Qwilfish|Intimidate|boost\n|-unboost|p1a: Polteageist|atk|1\n|move|p1a: Polteageist|Giga Drain|p2a: Qwilfish\n|-damage|p2a: Qwilfish|0 fnt\n|-heal|p1a: Polteageist|70/224|[from] drain|[of] p2a: Qwilfish\n|faint|p2a: Qwilfish\n|\n|upkeep\n|\n|t:|1714436647\n|switch|p2a: Dragalge|Dragalge, L88, F|258/258\n|turn|9\n|\n|t:|1714436649\n|move|p1a: Polteageist|Stored Power|p2a: Dragalge\n|-supereffective|p2a: Dragalge\n|-damage|p2a: Dragalge|0 fnt\n|faint|p2a: Dragalge\n|\n|upkeep\n|\n|t:|1714436654\n|switch|p2a: Basculegion|Basculegion, L81, M|327/327\n|turn|10\n|\n|t:|1714436662\n|move|p2a: Basculegion|Aqua Jet|p1a: Polteageist\n|-damage|p1a: Polteageist|0 fnt\n|-start|p2a: Basculegion|Disable|Aqua Jet|[from] ability: Cursed Body|[of] p1a: Polteageist\n|faint|p1a: Polteageist\n|\n|upkeep\n|\n|t:|1714436672\n|switch|p1a: Misdreavus|Misdreavus, L90, F|254/254\n|turn|11\n|\n|t:|1714436677\n|-terastallize|p1a: Misdreavus|Fairy\n|move|p1a: Misdreavus|Calm Mind|p1a: Misdreavus\n|-boost|p1a: Misdreavus|spa|1\n|-boost|p1a: Misdreavus|spd|1\n|move|p2a: Basculegion|Shadow Ball|p1a: Misdreavus\n|-damage|p1a: Misdreavus|218/254\n|-unboost|p1a: Misdreavus|spd|1\n|\n|upkeep\n|turn|12\n|\n|t:|1714436683\n|move|p1a: Misdreavus|Will-O-Wisp|p2a: Basculegion\n|-status|p2a: Basculegion|brn\n|move|p2a: Basculegion|Wave Crash|p1a: Misdreavus\n|-damage|p1a: Misdreavus|143/254\n|-damage|p2a: Basculegion|302/327 brn|[from] Recoil\n|\n|-damage|p2a: Basculegion|282/327 brn|[from] brn\n|upkeep\n|turn|13\n|\n|t:|1714436686\n|move|p1a: Misdreavus|Draining Kiss|p2a: Basculegion\n|-damage|p2a: Basculegion|209/327 brn\n|-heal|p1a: Misdreavus|198/254|[from] drain|[of] p2a: Basculegion\n|move|p2a: Basculegion|Wave Crash|p1a: Misdreavus\n|-damage|p1a: Misdreavus|130/254\n|-damage|p2a: Basculegion|187/327 brn|[from] Recoil\n|\n|-damage|p2a: Basculegion|167/327 brn|[from] brn\n|-end|p2a: Basculegion|Disable\n|upkeep\n|turn|14\n|\n|t:|1714436693\n|move|p1a: Misdreavus|Shadow Ball|p2a: Basculegion\n|-supereffective|p2a: Basculegion\n|-damage|p2a: Basculegion|0 fnt\n|faint|p2a: Basculegion\n|\n|upkeep\n|\n|t:|1714436702\n|switch|p2a: Armarouge|Armarouge, L81, M|270/270\n|turn|15\n|inactive|Jaikido has 120 seconds left.\n|\n|t:|1714436759\n|-terastallize|p2a: Armarouge|Fire\n|move|p1a: Misdreavus|Calm Mind|p1a: Misdreavus\n|-boost|p1a: Misdreavus|spa|1\n|-boost|p1a: Misdreavus|spd|1\n|move|p2a: Armarouge|Armor Cannon|p1a: Misdreavus\n|-damage|p1a: Misdreavus|16/254\n|-unboost|p2a: Armarouge|def|1\n|-unboost|p2a: Armarouge|spd|1\n|\n|upkeep\n|turn|16\n|\n|t:|1714436768\n|move|p1a: Misdreavus|Shadow Ball|p2a: Armarouge\n|-damage|p2a: Armarouge|0 fnt\n|faint|p2a: Armarouge\n|\n|upkeep\n|\n|t:|1714436772\n|switch|p2a: Meloetta|Meloetta, L82|203/298\n|turn|17\n|\n|t:|1714436777\n|move|p1a: Misdreavus|Will-O-Wisp|p2a: Meloetta\n|-status|p2a: Meloetta|brn\n|move|p2a: Meloetta|Relic Song|p1a: Misdreavus\n|-damage|p1a: Misdreavus|0 fnt\n|faint|p1a: Misdreavus\n|-formechange|p2a: Meloetta|Meloetta-Pirouette|[msg]\n|-damage|p2a: Meloetta|174/298 brn|[from] item: Life Orb\n|\n|-damage|p2a: Meloetta|156/298 brn|[from] brn\n|upkeep\n|\n|t:|1714436783\n|switch|p1a: Magearna|Magearna, L77|250/250\n|-damage|p1a: Magearna|219/250|[from] Spikes\n|turn|18\n|\n|t:|1714436788\n|move|p2a: Meloetta|Close Combat|p1a: Magearna\n|-damage|p1a: Magearna|137/250\n|-unboost|p2a: Meloetta|def|1\n|-unboost|p2a: Meloetta|spd|1\n|-damage|p2a: Meloetta|127/298 brn|[from] item: Life Orb\n|move|p1a: Magearna|Aura Sphere|p2a: Meloetta\n|-supereffective|p2a: Meloetta\n|-damage|p2a: Meloetta|0 fnt\n|faint|p2a: Meloetta\n|\n|win|Jaikido\n|raw|Jaikido's rating: 2358 &rarr; <strong>2376</strong><br />(+18 for winning)\n|raw|aleaniled's rating: 2320 &rarr; <strong>2302</strong><br />(-18 for losing)\n|l|\u2606aleaniled\n|player|p2|\n|c|\u2606Jaikido|gg\n", "inputlog": ">version b84337b8f7878220839aa0c41b4e8e9021e31424\n>start {\"formatid\":\"gen9randombattle\",\"seed\":[47043,46858,8221,36533],\"rated\":\"Rated battle\"}\n>player p1 {\"name\":\"Jaikido\",\"avatar\":\"169\",\"rating\":2358,\"seed\":[33314,46719,29711,8596]}\n>player p2 {\"name\":\"aleaniled\",\"avatar\":\"youngcouple-gen4dp\",\"rating\":2320,\"seed\":[10772,52737,39496,62834]}\n>p1 switch 5\n>p2 move spore\n>p1 move doubleedge\n>p2 move machpunch\n>p1 switch 4\n>p2 switch 6\n>p1 move voltswitch\n>p2 move waterfall\n>p1 switch 5\n>p1 switch 5\n>p2 move spikes\n>p1 move voltswitch\n>p2 switch 2\n>p1 switch 5\n>p1 move dragondance\n>p2 move closecombat\n>p1 switch 2\n>p1 move shellsmash\n>p2 move knockoff\n>p1 move gigadrain\n>p2 switch 2\n>p2 switch 5\n>p1 move storedpower\n>p2 move sludgewave\n>p2 switch 3\n>p1 move shadowball\n>p2 move aquajet\n>p1 switch 3\n>p1 move calmmind terastallize\n>p2 move shadowball\n>p1 move willowisp\n>p2 move wavecrash\n>p1 move drainingkiss\n>p2 move wavecrash\n>p1 move shadowball\n>p2 move wavecrash\n>p2 switch 4\n>p1 move calmmind\n>p2 move armorcannon terastallize\n>p1 move shadowball\n>p2 move armorcannon\n>p2 switch 2\n>p1 move willowisp\n>p2 move relicsong\n>p1 switch 5\n>p1 move aurasphere\n>p2 move closecombat", "uploadtime": 1714436793, "views": 238, "formatid": "gen9randombattle", "rating": 2302, "private": 0, "password": null}