{"id": "gen9randombattle-2259916952", "format": "[Gen 9] Random Battle", "players": ["trying_toget_tough", "l3ague0fShadows"], "log": "|j|\u2606trying_toget_tough\n|j|\u2606l3ague0fShadows\n|t:|1733779706\n|gametype|singles\n|player|p1|trying_toget_tough|2|1680\n|player|p2|l3ague0fShadows|169|1735\n|teamsize|p1|6\n|teamsize|p2|6\n|gen|9\n|tier|[Gen 9] Random Battle\n|rated|\n|rule|Species Clause: Limit one of each Pok\u00e9mon\n|rule|HP Percentage Mod: HP is shown in percentages\n|rule|Sleep Clause Mod: Limit one foe put to sleep\n|rule|Illusion Level Mod: Illusion disguises the Pok\u00e9mon's true level\n|\n|t:|1733779706\n|start\n|switch|p1a: Azumarill|Azumarill, L82, M|298/298\n|switch|p2a: Hitmonlee|Hitmonlee, L85, M|223/223\n|turn|1\n|inactive|Battle timer is ON: inactive players will automatically lose when time's up. (requested by l3ague0fShadows)\n|\n|t:|1733779716\n|move|p2a: Hitmonlee|Poison Jab|p1a: Azumarill\n|-supereffective|p1a: Azumarill\n|-damage|p1a: Azumarill|88/298\n|move|p1a: Azumarill|Play Rough|p2a: Hitmonlee\n|-supereffective|p2a: Hitmonlee\n|-damage|p2a: Hitmonlee|0 fnt\n|faint|p2a: Hitmonlee\n|\n|upkeep\n|\n|t:|1733779741\n|switch|p2a: Flutter Mane|Flutter Mane, L74|203/203\n|turn|2\n|inactive|trying_toget_tough has 120 seconds left.\n|\n|t:|1733779777\n|switch|p1a: Snorlax|Snorlax, L82, F|397/397\n|move|p2a: Flutter Mane|Shadow Ball|p1a: Snorlax\n|-immune|p1a: Snorlax\n|\n|upkeep\n|turn|3\n|inactive|trying_toget_tough has 120 seconds left.\n|\n|t:|1733779786\n|-end|p2a: Flutter Mane|Protosynthesis|[silent]\n|switch|p2a: Ceruledge|Ceruledge, L78, M|245/245\n|switch|p1a: Azumarill|Azumarill, L82, M|88/298\n|\n|upkeep\n|turn|4\n|\n|t:|1733779791\n|move|p1a: Azumarill|Aqua Jet|p2a: Ceruledge\n|-supereffective|p2a: Ceruledge\n|-crit|p2a: Ceruledge\n|-damage|p2a: Ceruledge|0 fnt\n|faint|p2a: Ceruledge\n|\n|upkeep\n|c|\u2606trying_toget_tough|lkets go\n|\n|t:|1733779804\n|switch|p2a: Chien-Pao|Chien-Pao, L72|234/234\n|-ability|p2a: Chien-Pao|Sword of Ruin\n|turn|5\n|inactive|trying_toget_tough has 120 seconds left.\n|inactive|trying_toget_tough has 90 seconds left.\n|\n|t:|1733779869\n|move|p1a: Azumarill|Aqua Jet|p2a: Chien-Pao\n|-damage|p2a: Chien-Pao|138/234\n|move|p2a: Chien-Pao|Swords Dance|p2a: Chien-Pao\n|-boost|p2a: Chien-Pao|atk|2\n|\n|upkeep\n|turn|6\n|\n|t:|1733779888\n|move|p1a: Azumarill|Aqua Jet|p2a: Chien-Pao\n|-damage|p2a: Chien-Pao|39/234\n|move|p2a: Chien-Pao|Throat Chop|p1a: Azumarill\n|-resisted|p1a: Azumarill\n|-damage|p1a: Azumarill|0 fnt\n|faint|p1a: Azumarill\n|\n|upkeep\n|inactive|trying_toget_tough has 90 seconds left.\n|inactive|trying_toget_tough has 60 seconds left.\n|\n|t:|1733779949\n|switch|p1a: Toxicroak|Toxicroak, L84, F|277/277\n|turn|7\n|c|\u2606trying_toget_tough|please survive\n|\n|t:|1733779961\n|move|p2a: Chien-Pao|Icicle Crash|p1a: Toxicroak\n|-damage|p1a: Toxicroak|22/277\n|move|p1a: Toxicroak|Earthquake|p2a: Chien-Pao\n|-damage|p2a: Chien-Pao|0 fnt\n|faint|p2a: Chien-Pao\n|-damage|p1a: Toxicroak|0 fnt|[from] item: Life Orb\n|faint|p1a: Toxicroak\n|\n|upkeep\n|c|\u2606trying_toget_tough|yesssssssssss\n|c|\u2606trying_toget_tough|if flinched i would be done for\n|\n|t:|1733779981\n|switch|p2a: Flutter Mane|Flutter Mane, L74|203/203\n|switch|p1a: Sawsbuck|Sawsbuck-Winter, L88, F|284/284\n|turn|8\n|\n|t:|1733779992\n|move|p2a: Flutter Mane|Moonblast|p1a: Sawsbuck\n|-damage|p1a: Sawsbuck|144/284\n|-unboost|p1a: Sawsbuck|spa|1\n|-damage|p2a: Flutter Mane|183/203|[from] item: Life Orb\n|move|p1a: Sawsbuck|Swords Dance|p1a: Sawsbuck\n|-boost|p1a: Sawsbuck|atk|2\n|\n|upkeep\n|turn|9\n|\n|t:|1733780001\n|-terastallize|p2a: Flutter Mane|Fairy\n|move|p2a: Flutter Mane|Moonblast|p1a: Sawsbuck\n|-damage|p1a: Sawsbuck|0 fnt\n|faint|p1a: Sawsbuck\n|-damage|p2a: Flutter Mane|163/203|[from] item: Life Orb\n|\n|upkeep\n|\n|t:|1733780009\n|switch|p1a: Snorlax|Snorlax, L82, F|397/397\n|turn|10\n|\n|t:|1733780014\n|-end|p2a: Flutter Mane|Protosynthesis|[silent]\n|switch|p2a: Donphan|Donphan, L84, F|288/288\n|move|p1a: Snorlax|Curse|p1a: Snorlax\n|-unboost|p1a: Snorlax|spe|1\n|-boost|p1a: Snorlax|atk|1\n|-boost|p1a: Snorlax|def|1\n|\n|upkeep\n|turn|11\n|\n|t:|1733780018\n|move|p2a: Donphan|Knock Off|p1a: Snorlax\n|-damage|p1a: Snorlax|333/397\n|-enditem|p1a: Snorlax|Leftovers|[from] move: Knock Off|[of] p2a: Donphan\n|move|p1a: Snorlax|Body Slam|p2a: Donphan\n|-damage|p2a: Donphan|180/288\n|\n|upkeep\n|turn|12\n|\n|t:|1733780025\n|move|p2a: Donphan|Earthquake|p1a: Snorlax\n|-damage|p1a: Snorlax|219/397\n|move|p1a: Snorlax|Curse|p1a: Snorlax\n|-unboost|p1a: Snorlax|spe|1\n|-boost|p1a: Snorlax|atk|1\n|-boost|p1a: Snorlax|def|1\n|\n|upkeep\n|turn|13\n|\n|t:|1733780036\n|switch|p2a: Flamigo|Flamigo, L82, M|269/269\n|move|p1a: Snorlax|Rest|p1a: Snorlax\n|-status|p1a: Snorlax|slp|[from] move: Rest\n|-heal|p1a: Snorlax|397/397 slp|[silent]\n|\n|upkeep\n|turn|14\n|\n|t:|1733780040\n|move|p2a: Flamigo|Close Combat|p1a: Snorlax\n|-supereffective|p1a: Snorlax\n|-damage|p1a: Snorlax|215/397 slp\n|-unboost|p2a: Flamigo|def|1\n|-unboost|p2a: Flamigo|spd|1\n|cant|p1a: Snorlax|slp\n|move|p1a: Snorlax|Sleep Talk|p1a: Snorlax\n|move|p1a: Snorlax|Curse|p1a: Snorlax|[from]move: Sleep Talk\n|-unboost|p1a: Snorlax|spe|1\n|-boost|p1a: Snorlax|atk|1\n|-boost|p1a: Snorlax|def|1\n|\n|upkeep\n|turn|15\n|\n|t:|1733780051\n|-terastallize|p1a: Snorlax|Fairy\n|move|p2a: Flamigo|Close Combat|p1a: Snorlax\n|-resisted|p1a: Snorlax\n|-damage|p1a: Snorlax|182/397 slp\n|-unboost|p2a: Flamigo|def|1\n|-unboost|p2a: Flamigo|spd|1\n|cant|p1a: Snorlax|slp\n|move|p1a: Snorlax|Sleep Talk|p1a: Snorlax\n|move|p1a: Snorlax|Rest||[from]move: Sleep Talk|[still]\n|-fail|p1a: Snorlax\n|\n|upkeep\n|turn|16\n|\n|t:|1733780061\n|switch|p2a: Donphan|Donphan, L84, F|180/288\n|-curestatus|p1a: Snorlax|slp|[msg]\n|move|p1a: Snorlax|Rest|p1a: Snorlax\n|-status|p1a: Snorlax|slp|[from] move: Rest\n|-heal|p1a: Snorlax|397/397 slp|[silent]\n|\n|upkeep\n|turn|17\n|-message|l3ague0fShadows forfeited.\n|\n|win|trying_toget_tough\n|raw|trying_toget_tough's rating: 1680 &rarr; <strong>1703</strong><br />(+23 for winning)\n|raw|l3ague0fShadows's rating: 1735 &rarr; <strong>1712</strong><br />(-23 for losing)\n|l|\u2606l3ague0fShadows\n|player|p2|\n", "inputlog": ">version bfd83cad13791eb5a5a409923076391caf6fb4d4\n>start {\"formatid\":\"gen9randombattle\",\"seed\":[36867,25629,8665,4661],\"rated\":\"Rated battle\"}\n>player p1 {\"name\":\"trying_toget_tough\",\"avatar\":\"2\",\"rating\":1680,\"seed\":[32962,16076,20294,54269]}\n>player p2 {\"name\":\"l3ague0fShadows\",\"avatar\":\"169\",\"rating\":1735,\"seed\":[5551,44618,59610,36176]}\n>p1 move playrough\n>p2 move poisonjab\n>p2 switch 3\n>p1 switch 4\n>p2 move shadowball\n>p1 switch 4\n>p2 switch 4\n>p1 move aquajet\n>p2 move poltergeist\n>chat \u2606trying_toget_tough|lkets go\n>p2 switch 6\n>p1 move aquajet\n>p2 move swordsdance\n>p1 move aquajet\n>p2 move throatchop\n>p1 switch 3\n>chat \u2606trying_toget_tough|please survive\n>p1 move earthquake\n>p2 move iciclecrash\n>chat \u2606trying_toget_tough|yesssssssssss\n>chat \u2606trying_toget_tough|if flinched i would be done for\n>p1 switch 5\n>p2 switch 4\n>p1 move swordsdance\n>p2 move moonblast\n>p1 move hornleech\n>p2 move moonblast terastallize\n>p1 switch 4\n>p1 move curse\n>p2 switch 5\n>p1 move bodyslam\n>p2 move knockoff\n>p1 move curse\n>p2 move earthquake\n>p1 move rest\n>p2 switch 2\n>p1 move sleeptalk\n>p2 move closecombat\n>p1 move sleeptalk terastallize\n>p2 move closecombat\n>p1 move rest\n>p2 switch 2\n>forcelose p2", "uploadtime": 1733780078, "views": 6, "formatid": "gen9randombattle", "rating": 1703, "private": 0, "password": null}