{"id": "gen9randombattle-2103028339", "format": "[Gen 9] Random Battle", "players": ["Referrals", "LT_Alt1"], "log": "|badge|p1|gold|gen9randombattle|3-1\n|uhtml|medal-msg|<div class=\"broadcast-blue\">Curious what those medals under the avatar are? PS now has Ladder Seasons! For more information, check out the <a href=\"https://www.smogon.com/forums/threads/3740067/\">thread on Smogon.</a></div>\n|badge|p2|silver|gen9randombattle|30-1\n|uhtml|medal-msg|<div class=\"broadcast-blue\">Curious what those medals under the avatar are? PS now has Ladder Seasons! For more information, check out the <a href=\"https://www.smogon.com/forums/threads/3740067/\">thread on Smogon.</a></div>\n|j|\u2606Referrals\n|j|\u2606LT_Alt1\n|t:|1713073519\n|gametype|singles\n|player|p1|Referrals|cyclistf|2470\n|player|p2|LT_Alt1|266|2484\n|teamsize|p1|6\n|teamsize|p2|6\n|gen|9\n|tier|[Gen 9] Random Battle\n|rated|\n|rule|Species Clause: Limit one of each Pok\u00e9mon\n|rule|HP Percentage Mod: HP is shown in percentages\n|rule|Sleep Clause Mod: Limit one foe put to sleep\n|rule|Illusion Level Mod: Illusion disguises the Pok\u00e9mon's true level\n|\n|t:|1713073519\n|start\n|switch|p1a: Toxapex|Toxapex, L82, F|216/216\n|switch|p2a: Toedscruel|Toedscruel, L87, M|281/281\n|turn|1\n|\n|t:|1713073525\n|move|p1a: Toxapex|Toxic|p2a: Toedscruel\n|-status|p2a: Toedscruel|tox\n|move|p2a: Toedscruel|Spore|p1a: Toxapex\n|-status|p1a: Toxapex|slp|[from] move: Spore\n|\n|-damage|p2a: Toedscruel|264/281 tox|[from] psn\n|upkeep\n|turn|2\n|\n|t:|1713073533\n|switch|p2a: Shiftry|Shiftry, L89, F|305/305\n|cant|p1a: Toxapex|slp\n|\n|upkeep\n|turn|3\n|\n|t:|1713073540\n|move|p2a: Shiftry|Knock Off|p1a: Toxapex\n|-damage|p1a: Toxapex|107/216 slp\n|-enditem|p1a: Toxapex|Leftovers|[from] move: Knock Off|[of] p2a: Shiftry\n|-damage|p2a: Shiftry|275/305|[from] item: Life Orb\n|cant|p1a: Toxapex|slp\n|\n|upkeep\n|turn|4\n|\n|t:|1713073546\n|switch|p1a: Raging Bolt|Raging Bolt, L78|323/323\n|move|p2a: Shiftry|Leaf Storm|p1a: Raging Bolt|[miss]\n|-miss|p2a: Shiftry|p1a: Raging Bolt\n|\n|upkeep\n|turn|5\n|\n|t:|1713073557\n|move|p2a: Shiftry|Knock Off|p1a: Raging Bolt\n|-damage|p1a: Raging Bolt|166/323\n|-enditem|p1a: Raging Bolt|Leftovers|[from] move: Knock Off|[of] p2a: Shiftry\n|-damage|p2a: Shiftry|245/305|[from] item: Life Orb\n|move|p1a: Raging Bolt|Dragon Pulse|p2a: Shiftry\n|-damage|p2a: Shiftry|125/305\n|\n|upkeep\n|turn|6\n|\n|t:|1713073564\n|switch|p2a: Toedscruel|Toedscruel, L87, M|264/281 tox\n|move|p1a: Raging Bolt|Dragon Pulse|p2a: Toedscruel\n|-damage|p2a: Toedscruel|186/281 tox\n|\n|-heal|p2a: Toedscruel|203/281 tox|[from] item: Leftovers\n|-damage|p2a: Toedscruel|186/281 tox|[from] psn\n|upkeep\n|turn|7\n|\n|t:|1713073568\n|-end|p1a: Raging Bolt|Protosynthesis|[silent]\n|switch|p1a: Ogerpon|Ogerpon-Wellspring, L76, F|247/247\n|move|p2a: Toedscruel|Earth Power|p1a: Ogerpon\n|-resisted|p1a: Ogerpon\n|-crit|p1a: Ogerpon\n|-damage|p1a: Ogerpon|177/247\n|\n|-heal|p2a: Toedscruel|203/281 tox|[from] item: Leftovers\n|-damage|p2a: Toedscruel|169/281 tox|[from] psn\n|upkeep\n|turn|8\n|\n|t:|1713073577\n|move|p2a: Toedscruel|Giga Drain|p1a: Ogerpon\n|-damage|p1a: Ogerpon|101/247\n|-heal|p2a: Toedscruel|207/281 tox|[from] drain|[of] p1a: Ogerpon\n|move|p1a: Ogerpon|Spikes|p2a: Toedscruel\n|-sidestart|p2: LT_Alt1|Spikes\n|\n|-heal|p2a: Toedscruel|224/281 tox|[from] item: Leftovers\n|-damage|p2a: Toedscruel|173/281 tox|[from] psn\n|upkeep\n|turn|9\n|\n|t:|1713073584\n|move|p2a: Toedscruel|Rapid Spin|p1a: Ogerpon\n|-damage|p1a: Ogerpon|67/247\n|-boost|p2a: Toedscruel|spe|1\n|-sideend|p2: LT_Alt1|Spikes|[from] move: Rapid Spin|[of] p2a: Toedscruel\n|move|p1a: Ogerpon|Synthesis|p1a: Ogerpon\n|-heal|p1a: Ogerpon|190/247\n|\n|-heal|p2a: Toedscruel|190/281 tox|[from] item: Leftovers\n|-damage|p2a: Toedscruel|122/281 tox|[from] psn\n|upkeep\n|turn|10\n|\n|t:|1713073587\n|switch|p2a: Noctowl|Noctowl, L95, M|344/344\n|move|p1a: Ogerpon|Spikes|p2a: Noctowl\n|-sidestart|p2: LT_Alt1|Spikes\n|\n|upkeep\n|turn|11\n|\n|t:|1713073603\n|switch|p1a: Glastrier|Glastrier, L86|312/312\n|move|p2a: Noctowl|Hurricane|p1a: Glastrier\n|-damage|p1a: Glastrier|206/312\n|-start|p1a: Glastrier|confusion\n|\n|upkeep\n|turn|12\n|\n|t:|1713073613\n|switch|p2a: Lumineon|Lumineon, L93, F|279/279\n|-activate|p1a: Glastrier|confusion\n|move|p1a: Glastrier|Icicle Crash|p2a: Lumineon\n|-resisted|p2a: Lumineon\n|-damage|p2a: Lumineon|219/279\n|\n|upkeep\n|turn|13\n|\n|t:|1713073619\n|move|p2a: Lumineon|U-turn|p1a: Glastrier\n|-damage|p1a: Glastrier|170/312\n|\n|t:|1713073627\n|switch|p2a: Toedscruel|Toedscruel, L87, M|122/281 tox|[from] U-turn\n|-damage|p2a: Toedscruel|87/281 tox|[from] Spikes\n|-activate|p1a: Glastrier|confusion\n|-damage|p1a: Glastrier|142/312|[from] confusion\n|\n|-heal|p2a: Toedscruel|104/281 tox|[from] item: Leftovers\n|-damage|p2a: Toedscruel|87/281 tox|[from] psn\n|upkeep\n|turn|14\n|\n|t:|1713073634\n|move|p2a: Toedscruel|Rapid Spin|p1a: Glastrier\n|-damage|p1a: Glastrier|119/312\n|-boost|p2a: Toedscruel|spe|1\n|-sideend|p2: LT_Alt1|Spikes|[from] move: Rapid Spin|[of] p2a: Toedscruel\n|-end|p1a: Glastrier|confusion\n|move|p1a: Glastrier|Icicle Crash|p2a: Toedscruel\n|-supereffective|p2a: Toedscruel\n|-damage|p2a: Toedscruel|0 fnt\n|faint|p2a: Toedscruel\n|-ability|p1a: Glastrier|Chilling Neigh|boost\n|-boost|p1a: Glastrier|atk|1\n|\n|upkeep\n|\n|t:|1713073640\n|switch|p2a: Shiftry|Shiftry, L89, F|125/305\n|turn|15\n|\n|t:|1713073660\n|move|p2a: Shiftry|Leaf Storm|p1a: Glastrier\n|-damage|p1a: Glastrier|0 fnt\n|-unboost|p2a: Shiftry|spa|2\n|faint|p1a: Glastrier\n|-damage|p2a: Shiftry|95/305|[from] item: Life Orb\n|\n|upkeep\n|\n|t:|1713073663\n|switch|p1a: Raging Bolt|Raging Bolt, L78|238/238\n|turn|16\n|\n|t:|1713073681\n|switch|p2a: Empoleon|Empoleon, L84, M|278/278\n|move|p1a: Raging Bolt|Sludge Bomb|p2a: Empoleon\n|-immune|p2a: Empoleon\n|\n|upkeep\n|turn|17\n|\n|t:|1713073689\n|switch|p1a: Ogerpon|Ogerpon-Wellspring, L76, F|190/247\n|switch|p2a: Noctowl|Noctowl, L95, M|344/344\n|\n|upkeep\n|turn|18\n|\n|t:|1713073694\n|-terastallize|p1a: Ogerpon|Water\n|detailschange|p1a: Ogerpon|Ogerpon-Wellspring-Tera, L76, F, tera:Water\n|-ability|p1a: Ogerpon|Embody Aspect (Wellspring)|boost\n|-boost|p1a: Ogerpon|spd|1\n|move|p1a: Ogerpon|Ivy Cudgel|p2a: Noctowl|[anim] Ivy Cudgel Water\n|-damage|p2a: Noctowl|140/344\n|move|p2a: Noctowl|Hurricane|p1a: Ogerpon|[miss]\n|-miss|p2a: Noctowl|p1a: Ogerpon\n|\n|upkeep\n|turn|19\n|\n|t:|1713073705\n|switch|p2a: Lumineon|Lumineon, L93, F|219/279\n|move|p1a: Ogerpon|Wood Hammer|p2a: Lumineon\n|-supereffective|p2a: Lumineon\n|-damage|p2a: Lumineon|0 fnt\n|faint|p2a: Lumineon\n|-damage|p1a: Ogerpon|118/247|[from] Recoil\n|\n|upkeep\n|\n|t:|1713073711\n|switch|p2a: Empoleon|Empoleon, L84, M|278/278\n|turn|20\n|\n|t:|1713073716\n|move|p1a: Ogerpon|Synthesis|p1a: Ogerpon\n|-heal|p1a: Ogerpon|241/247\n|move|p2a: Empoleon|Ice Beam|p1a: Ogerpon\n|-resisted|p1a: Ogerpon\n|-damage|p1a: Ogerpon|217/247\n|\n|upkeep\n|turn|21\n|\n|t:|1713073721\n|move|p1a: Ogerpon|Spikes|p2a: Empoleon\n|-sidestart|p2: LT_Alt1|Spikes\n|move|p2a: Empoleon|Ice Beam|p1a: Ogerpon\n|-resisted|p1a: Ogerpon\n|-crit|p1a: Ogerpon\n|-damage|p1a: Ogerpon|167/247\n|\n|upkeep\n|turn|22\n|\n|t:|1713073725\n|move|p1a: Ogerpon|Synthesis|p1a: Ogerpon\n|-heal|p1a: Ogerpon|247/247\n|move|p2a: Empoleon|Ice Beam|p1a: Ogerpon\n|-resisted|p1a: Ogerpon\n|-damage|p1a: Ogerpon|224/247\n|\n|upkeep\n|turn|23\n|\n|t:|1713073730\n|switch|p1a: Toxapex|Toxapex, L82, F|179/216 slp\n|move|p2a: Empoleon|Ice Beam|p1a: Toxapex\n|-resisted|p1a: Toxapex\n|-damage|p1a: Toxapex|155/216 slp\n|\n|upkeep\n|turn|24\n|\n|t:|1713073733\n|switch|p2a: Noctowl|Noctowl, L95, M|140/344\n|-curestatus|p1a: Toxapex|slp|[msg]\n|move|p1a: Toxapex|Toxic|p2a: Noctowl\n|-status|p2a: Noctowl|tox\n|\n|-damage|p2a: Noctowl|119/344 tox|[from] psn\n|upkeep\n|turn|25\n|\n|t:|1713073738\n|move|p2a: Noctowl|Nasty Plot|p2a: Noctowl\n|-boost|p2a: Noctowl|spa|2\n|move|p1a: Toxapex|Liquidation|p2a: Noctowl\n|-damage|p2a: Noctowl|37/344 tox\n|\n|-damage|p2a: Noctowl|0 fnt|[from] psn\n|faint|p2a: Noctowl\n|upkeep\n|-message|LT_Alt1 forfeited.\n|\n|win|Referrals\n|raw|Referrals's rating: 2470 &rarr; <strong>2491</strong><br />(+21 for winning)\n|raw|LT_Alt1's rating: 2484 &rarr; <strong>2463</strong><br />(-21 for losing)\n|l|\u2606LT_Alt1\n|player|p2|\n|l|\u2606Referrals\n|player|p1|\n", "inputlog": ">version b6651202f5a3832abd892c3b5522277443c4870c\n>start {\"formatid\":\"gen9randombattle\",\"seed\":[7675,58278,60221,59607],\"rated\":\"Rated battle\"}\n>player p1 {\"name\":\"Referrals\",\"avatar\":\"cyclistf\",\"rating\":2470,\"seed\":[29485,39669,55659,42416]}\n>player p2 {\"name\":\"LT_Alt1\",\"avatar\":\"266\",\"rating\":2484,\"seed\":[1880,46584,22175,39166]}\n>p1 move toxic\n>p2 move spore\n>p1 move liquidation\n>p2 switch 2\n>p1 move toxic\n>p2 move knockoff\n>p1 switch 4\n>p2 move leafstorm\n>p1 move dragonpulse\n>p2 move knockoff\n>p1 move dragonpulse\n>p2 switch 2\n>p1 switch 6\n>p2 move earthpower\n>p1 move spikes\n>p2 move gigadrain\n>p1 move synthesis\n>p2 move rapidspin\n>p1 move spikes\n>p2 switch 4\n>p1 switch 5\n>p2 move hurricane\n>p1 move iciclecrash\n>p2 switch 3\n>p1 move iciclecrash\n>p2 move uturn\n>p2 switch 4\n>p1 move iciclecrash\n>p2 move rapidspin\n>p2 switch 2\n>p1 move heavyslam\n>p2 move leafstorm\n>p1 switch 2\n>p1 move sludgebomb\n>p2 switch 5\n>p1 switch 5\n>p2 switch 3\n>p1 move ivycudgel terastallize\n>p2 move hurricane\n>p1 move woodhammer\n>p2 switch 4\n>p2 switch 3\n>p1 move synthesis\n>p2 move icebeam\n>p1 move spikes\n>p2 move icebeam\n>p1 move synthesis\n>p2 move icebeam\n>p1 switch 4\n>p2 move icebeam\n>p1 move toxic\n>p2 switch 4\n>p1 move liquidation\n>p2 move nastyplot\n>forcelose p2", "uploadtime": 1713073764, "views": 300, "formatid": "gen9randombattle", "rating": 2463, "private": 0, "password": null}