{"id": "gen9randombattle-2260867355", "format": "[Gen 9] Random Battle", "players": ["Marquesio 3.0", "xmyp"], "log": "|j|\u2606Marquesio 3.0\n|j|\u2606xmyp\n|t:|1733907334\n|gametype|singles\n|player|p1|Marquesio 3.0|roxie|1545\n|player|p2|xmyp|hiker-gen4|1536\n|teamsize|p1|6\n|teamsize|p2|6\n|gen|9\n|tier|[Gen 9] Random Battle\n|rated|\n|rule|Species Clause: Limit one of each Pok\u00e9mon\n|rule|HP Percentage Mod: HP is shown in percentages\n|rule|Sleep Clause Mod: Limit one foe put to sleep\n|rule|Illusion Level Mod: Illusion disguises the Pok\u00e9mon's true level\n|\n|t:|1733907334\n|start\n|switch|p1a: Smeargle|Smeargle, L95, F|258/258\n|switch|p2a: Hitmontop|Hitmontop, L88, M|231/231\n|-ability|p2a: Hitmontop|Intimidate|boost\n|-fail|p1a: Smeargle|unboost|Attack|[from] ability: Own Tempo|[of] p1a: Smeargle\n|turn|1\n|inactive|Battle timer is ON: inactive players will automatically lose when time's up. (requested by xmyp)\n|\n|t:|1733907344\n|move|p1a: Smeargle|Spore|p2a: Hitmontop\n|-status|p2a: Hitmontop|slp|[from] move: Spore\n|cant|p2a: Hitmontop|slp\n|\n|upkeep\n|turn|2\n|\n|t:|1733907360\n|move|p1a: Smeargle|Sticky Web|p2a: Hitmontop\n|-sidestart|p2: xmyp|move: Sticky Web\n|cant|p2a: Hitmontop|slp\n|\n|upkeep\n|turn|3\n|\n|t:|1733907366\n|move|p1a: Smeargle|Stealth Rock|p2a: Hitmontop\n|-sidestart|p2: xmyp|move: Stealth Rock\n|cant|p2a: Hitmontop|slp\n|\n|upkeep\n|turn|4\n|\n|t:|1733907378\n|move|p1a: Smeargle|Ceaseless Edge|p2a: Hitmontop|[miss]\n|-miss|p1a: Smeargle|p2a: Hitmontop\n|-curestatus|p2a: Hitmontop|slp|[msg]\n|move|p2a: Hitmontop|Rapid Spin|p1a: Smeargle\n|-damage|p1a: Smeargle|195/258\n|-boost|p2a: Hitmontop|spe|1\n|-sideend|p2: xmyp|Stealth Rock|[from] move: Rapid Spin|[of] p2a: Hitmontop\n|-sideend|p2: xmyp|Sticky Web|[from] move: Rapid Spin|[of] p2a: Hitmontop\n|\n|upkeep\n|turn|5\n|\n|t:|1733907382\n|move|p2a: Hitmontop|Close Combat|p1a: Smeargle\n|-supereffective|p1a: Smeargle\n|-crit|p1a: Smeargle\n|-damage|p1a: Smeargle|0 fnt\n|-unboost|p2a: Hitmontop|def|1\n|-unboost|p2a: Hitmontop|spd|1\n|faint|p1a: Smeargle\n|\n|upkeep\n|\n|t:|1733907387\n|switch|p1a: Plusle|Plusle, L95, M|268/268\n|turn|6\n|\n|t:|1733907400\n|move|p2a: Hitmontop|Earthquake|p1a: Plusle\n|-supereffective|p1a: Plusle\n|-damage|p1a: Plusle|56/268\n|move|p1a: Plusle|Alluring Voice|p2a: Hitmontop\n|-supereffective|p2a: Hitmontop\n|-damage|p2a: Hitmontop|88/231\n|-damage|p1a: Plusle|30/268|[from] item: Life Orb\n|\n|upkeep\n|turn|7\n|\n|t:|1733907406\n|move|p2a: Hitmontop|Earthquake|p1a: Plusle\n|-supereffective|p1a: Plusle\n|-crit|p1a: Plusle\n|-damage|p1a: Plusle|0 fnt\n|faint|p1a: Plusle\n|\n|upkeep\n|\n|t:|1733907415\n|switch|p1a: Conkeldurr|Conkeldurr, L80, F|299/299\n|turn|8\n|\n|t:|1733907425\n|move|p2a: Hitmontop|Close Combat|p1a: Conkeldurr\n|-damage|p1a: Conkeldurr|164/299\n|-unboost|p2a: Hitmontop|def|1\n|-unboost|p2a: Hitmontop|spd|1\n|move|p1a: Conkeldurr|Facade|p2a: Hitmontop\n|-damage|p2a: Hitmontop|0 fnt\n|faint|p2a: Hitmontop\n|\n|-status|p1a: Conkeldurr|brn|[from] item: Flame Orb\n|upkeep\n|\n|t:|1733907428\n|switch|p2a: Okidogi|Okidogi, L77, M|262/262\n|turn|9\n|\n|t:|1733907438\n|move|p2a: Okidogi|Psychic Fangs|p1a: Conkeldurr\n|-supereffective|p1a: Conkeldurr\n|-damage|p1a: Conkeldurr|46/299 brn\n|move|p1a: Conkeldurr|Facade|p2a: Okidogi\n|-damage|p2a: Okidogi|105/262\n|\n|-damage|p1a: Conkeldurr|28/299 brn|[from] brn\n|upkeep\n|turn|10\n|\n|t:|1733907443\n|move|p1a: Conkeldurr|Mach Punch|p2a: Okidogi\n|-resisted|p2a: Okidogi\n|-damage|p2a: Okidogi|69/262\n|move|p2a: Okidogi|Drain Punch|p1a: Conkeldurr\n|-damage|p1a: Conkeldurr|0 fnt\n|-heal|p2a: Okidogi|83/262|[from] drain|[of] p1a: Conkeldurr\n|faint|p1a: Conkeldurr\n|\n|upkeep\n|\n|t:|1733907445\n|switch|p1a: Spidops|Spidops, L96, F|271/271\n|turn|11\n|\n|t:|1733907455\n|move|p2a: Okidogi|Knock Off|p1a: Spidops\n|-damage|p1a: Spidops|211/271\n|-enditem|p1a: Spidops|Heavy-Duty Boots|[from] move: Knock Off|[of] p2a: Okidogi\n|move|p1a: Spidops|U-turn|p2a: Okidogi\n|-resisted|p2a: Okidogi\n|-damage|p2a: Okidogi|66/262\n|\n|t:|1733907457\n|switch|p1a: Kyurem|Kyurem-Black, L71|295/295|[from] U-turn\n|-ability|p1a: Kyurem|Teravolt\n|\n|upkeep\n|turn|12\n|\n|t:|1733907465\n|-terastallize|p1a: Kyurem|Ground\n|move|p1a: Kyurem|Dragon Dance|p1a: Kyurem\n|-boost|p1a: Kyurem|atk|1\n|-boost|p1a: Kyurem|spe|1\n|move|p2a: Okidogi|Drain Punch|p1a: Kyurem\n|-damage|p1a: Kyurem|201/295\n|-heal|p2a: Okidogi|113/262|[from] drain|[of] p1a: Kyurem\n|-status|p1a: Kyurem|tox|[from] ability: Toxic Chain|[of] p2a: Okidogi\n|\n|-damage|p1a: Kyurem|183/295 tox|[from] psn\n|upkeep\n|turn|13\n|\n|t:|1733907470\n|move|p1a: Kyurem|Scale Shot|p2a: Okidogi|[miss]\n|-miss|p1a: Kyurem|p2a: Okidogi\n|move|p2a: Okidogi|Knock Off|p1a: Kyurem\n|-damage|p1a: Kyurem|102/295 tox\n|-enditem|p1a: Kyurem|Loaded Dice|[from] move: Knock Off|[of] p2a: Okidogi\n|\n|-damage|p1a: Kyurem|66/295 tox|[from] psn\n|upkeep\n|turn|14\n|\n|t:|1733907474\n|move|p1a: Kyurem|Scale Shot|p2a: Okidogi\n|-damage|p2a: Okidogi|70/262\n|-damage|p2a: Okidogi|30/262\n|-damage|p2a: Okidogi|0 fnt\n|faint|p2a: Okidogi\n|-hitcount|p2: Okidogi|3\n|-unboost|p1a: Kyurem|def|1\n|-boost|p1a: Kyurem|spe|1\n|\n|-damage|p1a: Kyurem|12/295 tox|[from] psn\n|upkeep\n|\n|t:|1733907479\n|switch|p2a: Ditto|Ditto, L87|225/225\n|-transform|p2a: Ditto|p1a: Kyurem|[from] ability: Imposter\n|-ability|p2a: Ditto|Teravolt\n|-start|p2a: Ditto|typechange|Dragon/Ice|[silent]\n|turn|15\n|\n|t:|1733907486\n|move|p2a: Ditto|Icicle Spear|p1a: Kyurem\n|-supereffective|p1a: Kyurem\n|-damage|p1a: Kyurem|0 fnt\n|faint|p1a: Kyurem\n|-hitcount|p1: Kyurem|1\n|\n|upkeep\n|\n|t:|1733907491\n|switch|p1a: Toxtricity|Toxtricity, L82, M|257/257\n|turn|16\n|\n|t:|1733907496\n|move|p2a: Ditto|Icicle Spear|p1a: Toxtricity\n|-damage|p1a: Toxtricity|191/257\n|-damage|p1a: Toxtricity|130/257\n|-hitcount|p1a: Toxtricity|2\n|move|p1a: Toxtricity|Shift Gear|p1a: Toxtricity\n|-boost|p1a: Toxtricity|spe|2\n|-boost|p1a: Toxtricity|atk|1\n|\n|upkeep\n|turn|17\n|\n|t:|1733907504\n|move|p2a: Ditto|Icicle Spear|p1a: Toxtricity\n|-damage|p1a: Toxtricity|61/257\n|-damage|p1a: Toxtricity|0 fnt\n|faint|p1a: Toxtricity\n|-hitcount|p1: Toxtricity|2\n|\n|upkeep\n|\n|t:|1733907507\n|switch|p1a: Spidops|Spidops, L96, F|211/271\n|turn|18\n|-message|Marquesio 3.0 forfeited.\n|\n|win|xmyp\n|raw|Marquesio 3.0's rating: 1545 &rarr; <strong>1524</strong><br />(-21 for losing)\n|raw|xmyp's rating: 1536 &rarr; <strong>1557</strong><br />(+21 for winning)\n|l|\u2606Marquesio 3.0\n|player|p1|\n", "inputlog": ">version bfd83cad13791eb5a5a409923076391caf6fb4d4\n>start {\"formatid\":\"gen9randombattle\",\"seed\":[41633,37473,37095,8031],\"rated\":\"Rated battle\"}\n>player p1 {\"name\":\"Marquesio 3.0\",\"avatar\":\"roxie\",\"rating\":1545,\"seed\":[29856,18824,28645,14738]}\n>player p2 {\"name\":\"xmyp\",\"avatar\":\"hiker-gen4\",\"rating\":1536,\"seed\":[36293,38812,63820,38564]}\n>p1 move spore\n>p2 move closecombat\n>p1 move stickyweb\n>p2 move rapidspin\n>p1 move stealthrock\n>p2 move rapidspin\n>p1 move ceaselessedge\n>p2 move rapidspin\n>p1 move ceaselessedge\n>p2 move closecombat\n>p1 switch 3\n>p1 move alluringvoice\n>p2 move earthquake\n>p1 move alluringvoice\n>p2 move earthquake\n>p1 switch 5\n>p1 move facade\n>p2 move closecombat\n>p2 switch 2\n>p1 move facade\n>p2 move psychicfangs\n>p1 move machpunch\n>p2 move drainpunch\n>p1 switch 4\n>p1 move uturn\n>p2 move knockoff\n>p1 switch 6\n>p1 move dragondance terastallize\n>p2 move drainpunch\n>p1 move scaleshot\n>p2 move knockoff\n>p1 move scaleshot\n>p2 move knockoff\n>p2 switch 5\n>p1 move scaleshot\n>p2 move iciclespear\n>p1 switch 2\n>p1 move shiftgear\n>p2 move iciclespear\n>p1 move gunkshot\n>p2 move iciclespear\n>p1 switch 6\n>forcelose p1", "uploadtime": 1733907520, "views": 1, "formatid": "gen9randombattle", "rating": 1524, "private": 0, "password": null}