{"id": "gen9randombattle-2079562653", "format": "[Gen 9] Random Battle", "players": ["scyther225", "gomdol2"], "log": "|j|\u2606scyther225\n|j|\u2606gomdol2\n|t:|1710277488\n|gametype|singles\n|player|p1|scyther225|acetrainer-gen4dp|2254\n|player|p2|gomdol2|jasmine|2222\n|teamsize|p1|6\n|teamsize|p2|6\n|gen|9\n|tier|[Gen 9] Random Battle\n|rated|\n|rule|Species Clause: Limit one of each Pok\u00e9mon\n|rule|HP Percentage Mod: HP is shown in percentages\n|rule|Sleep Clause Mod: Limit one foe put to sleep\n|rule|Illusion Level Mod: Illusion disguises the Pok\u00e9mon's true level\n|\n|t:|1710277488\n|start\n|switch|p1a: Volbeat|Volbeat, L90, M|263/263\n|switch|p2a: Drifblim|Drifblim, L86, M|398/398\n|turn|1\n|j| Dokio\n|c|\u2606gomdol2|glhf\n|c|\u2606scyther225|u2!\n|\n|t:|1710277504\n|switch|p2a: Rotom|Rotom, L87|229/229\n|move|p1a: Volbeat|Thunder Wave|p2a: Rotom\n|-immune|p2a: Rotom\n|\n|upkeep\n|turn|2\n|\n|t:|1710277508\n|switch|p1a: Blissey|Blissey, L84, F|566/566\n|move|p2a: Rotom|Will-O-Wisp|p1a: Blissey\n|-status|p1a: Blissey|brn\n|\n|-damage|p1a: Blissey|531/566 brn|[from] brn\n|upkeep\n|turn|3\n|\n|t:|1710277513\n|move|p2a: Rotom|Nasty Plot|p2a: Rotom\n|-boost|p2a: Rotom|spa|2\n|move|p1a: Blissey|Stealth Rock|p2a: Rotom\n|-sidestart|p2: gomdol2|move: Stealth Rock\n|\n|-heal|p1a: Blissey|566/566 brn|[from] item: Leftovers\n|-damage|p1a: Blissey|531/566 brn|[from] brn\n|upkeep\n|turn|4\n|j| meinol\n|\n|t:|1710277523\n|-curestatus|p1a: Blissey|brn|[from] ability: Natural Cure\n|switch|p1a: Ogerpon|Ogerpon, L80, F|259/259\n|move|p2a: Rotom|Thunderbolt|p1a: Ogerpon\n|-resisted|p1a: Ogerpon\n|-damage|p1a: Ogerpon|130/259\n|-damage|p2a: Rotom|207/229|[from] item: Life Orb\n|\n|upkeep\n|turn|5\n|\n|t:|1710277532\n|switch|p2a: Jumpluff|Jumpluff, L87, M|271/271\n|-damage|p2a: Jumpluff|204/271|[from] Stealth Rock\n|move|p1a: Ogerpon|Knock Off|p2a: Jumpluff\n|-crit|p2a: Jumpluff\n|-damage|p2a: Jumpluff|100/271\n|-damage|p1a: Ogerpon|105/259|[from] item: Life Orb\n|\n|upkeep\n|turn|6\n|\n|t:|1710277543\n|switch|p1a: Rayquaza|Rayquaza, L72|270/270\n|-ability|p1a: Rayquaza|Air Lock\n|move|p2a: Jumpluff|Strength Sap|p1a: Rayquaza\n|-unboost|p1a: Rayquaza|atk|1\n|-heal|p2a: Jumpluff|271/271\n|\n|upkeep\n|turn|7\n|\n|t:|1710277553\n|switch|p2a: Drifblim|Drifblim, L86, M|398/398\n|move|p1a: Rayquaza|Dragon Ascent|p2a: Drifblim\n|-damage|p2a: Drifblim|190/398\n|-unboost|p1a: Rayquaza|def|1\n|-unboost|p1a: Rayquaza|spd|1\n|\n|upkeep\n|turn|8\n|\n|t:|1710277571\n|switch|p1a: Blissey|Blissey, L84, F|531/566\n|move|p2a: Drifblim|Strength Sap|p1a: Blissey\n|-unboost|p1a: Blissey|atk|1\n|-heal|p2a: Drifblim|211/398\n|\n|-heal|p1a: Blissey|566/566|[from] item: Leftovers\n|upkeep\n|turn|9\n|\n|t:|1710277582\n|switch|p2a: Rotom|Rotom, L87|207/229\n|-damage|p2a: Rotom|179/229|[from] Stealth Rock\n|switch|p1a: Rayquaza|Rayquaza, L72|270/270\n|-ability|p1a: Rayquaza|Air Lock\n|\n|upkeep\n|turn|10\n|\n|t:|1710277596\n|switch|p1a: Volbeat|Volbeat, L90, M|263/263\n|move|p2a: Rotom|Thunderbolt|p1a: Volbeat\n|-damage|p1a: Volbeat|130/263\n|-damage|p2a: Rotom|157/229|[from] item: Life Orb\n|\n|upkeep\n|turn|11\n|\n|t:|1710277606\n|move|p2a: Rotom|Thunderbolt|p1a: Volbeat\n|-damage|p1a: Volbeat|13/263\n|-damage|p2a: Rotom|135/229|[from] item: Life Orb\n|move|p1a: Volbeat|Lunge|p2a: Rotom\n|-resisted|p2a: Rotom\n|-damage|p2a: Rotom|96/229\n|-unboost|p2a: Rotom|atk|1\n|\n|upkeep\n|turn|12\n|\n|t:|1710277620\n|move|p1a: Volbeat|Roost|p1a: Volbeat\n|-heal|p1a: Volbeat|145/263\n|-singleturn|p1a: Volbeat|move: Roost\n|move|p2a: Rotom|Will-O-Wisp|p1a: Volbeat\n|-status|p1a: Volbeat|brn\n|\n|-damage|p1a: Volbeat|129/263 brn|[from] brn\n|upkeep\n|turn|13\n|\n|t:|1710277665\n|switch|p2a: Drifblim|Drifblim, L86, M|211/398\n|move|p1a: Volbeat|Encore||[still]\n|-fail|p1a: Volbeat\n|\n|-damage|p1a: Volbeat|113/263 brn|[from] brn\n|upkeep\n|turn|14\n|\n|t:|1710277675\n|move|p1a: Volbeat|Thunder Wave|p2a: Drifblim|[miss]\n|-miss|p1a: Volbeat|p2a: Drifblim\n|move|p2a: Drifblim|Defog|p1a: Volbeat\n|-unboost|p1a: Volbeat|evasion|1\n|-sideend|p2: gomdol2|Stealth Rock|[from] move: Defog|[of] p2a: Drifblim\n|\n|-damage|p1a: Volbeat|97/263 brn|[from] brn\n|upkeep\n|turn|15\n|\n|t:|1710277684\n|move|p1a: Volbeat|Lunge|p2a: Drifblim\n|-resisted|p2a: Drifblim\n|-damage|p2a: Drifblim|197/398\n|-unboost|p2a: Drifblim|atk|1\n|move|p2a: Drifblim|Air Slash|p1a: Volbeat\n|-supereffective|p1a: Volbeat\n|-damage|p1a: Volbeat|0 fnt\n|faint|p1a: Volbeat\n|\n|upkeep\n|\n|t:|1710277688\n|switch|p1a: Kingdra|Kingdra, L84, M|263/263\n|turn|16\n|\n|t:|1710277697\n|switch|p1a: Blissey|Blissey, L84, F|566/566\n|switch|p2a: Meowstic|Meowstic, L89, M|277/277\n|\n|upkeep\n|turn|17\n|\n|t:|1710277721\n|switch|p2a: Rotom|Rotom, L87|96/229\n|move|p1a: Blissey|Stealth Rock|p2a: Rotom\n|-sidestart|p2: gomdol2|move: Stealth Rock\n|\n|upkeep\n|turn|18\n|\n|t:|1710277725\n|switch|p1a: Squawkabilly|Squawkabilly-Yellow, L89, F|291/291\n|move|p2a: Rotom|Will-O-Wisp|p1a: Squawkabilly\n|-status|p1a: Squawkabilly|brn\n|\n|-damage|p1a: Squawkabilly|273/291 brn|[from] brn\n|upkeep\n|turn|19\n|\n|t:|1710277747\n|switch|p2a: Probopass|Probopass, L92, F|260/260\n|-damage|p2a: Probopass|244/260|[from] Stealth Rock\n|move|p1a: Squawkabilly|Foul Play|p2a: Probopass\n|-damage|p2a: Probopass|220/260\n|\n|-heal|p2a: Probopass|236/260|[from] item: Leftovers\n|-damage|p1a: Squawkabilly|255/291 brn|[from] brn\n|upkeep\n|turn|20\n|\n|t:|1710277772\n|switch|p1a: Kingdra|Kingdra, L84, M|263/263\n|switch|p2a: Rotom|Rotom, L87|96/229\n|-damage|p2a: Rotom|68/229|[from] Stealth Rock\n|\n|upkeep\n|turn|21\n|j| Lafaucheuse28\n|\n|t:|1710277782\n|move|p2a: Rotom|Thunderbolt|p1a: Kingdra\n|-damage|p1a: Kingdra|149/263\n|-damage|p2a: Rotom|46/229|[from] item: Life Orb\n|move|p1a: Kingdra|Dragon Dance|p1a: Kingdra\n|-boost|p1a: Kingdra|atk|1\n|-boost|p1a: Kingdra|spe|1\n|\n|upkeep\n|turn|22\n|\n|t:|1710277801\n|move|p1a: Kingdra|Wave Crash|p2a: Rotom\n|-damage|p2a: Rotom|0 fnt\n|faint|p2a: Rotom\n|-damage|p1a: Kingdra|134/263|[from] Recoil\n|\n|upkeep\n|\n|t:|1710277818\n|switch|p2a: Meowstic|Meowstic, L89, M|277/277\n|-damage|p2a: Meowstic|243/277|[from] Stealth Rock\n|turn|23\n|\n|t:|1710277823\n|move|p2a: Meowstic|Reflect|p2a: Meowstic\n|-sidestart|p2: gomdol2|Reflect\n|move|p1a: Kingdra|Wave Crash|p2a: Meowstic\n|-damage|p2a: Meowstic|152/277\n|-damage|p1a: Kingdra|104/263|[from] Recoil\n|\n|upkeep\n|turn|24\n|\n|t:|1710277828\n|move|p1a: Kingdra|Iron Head|p2a: Meowstic\n|-damage|p2a: Meowstic|106/277\n|move|p2a: Meowstic|Psychic Noise|p1a: Kingdra\n|-damage|p1a: Kingdra|25/263\n|-start|p1a: Kingdra|move: Heal Block\n|\n|upkeep\n|turn|25\n|\n|t:|1710277844\n|move|p1a: Kingdra|Outrage|p2a: Meowstic\n|-damage|p2a: Meowstic|9/277\n|move|p2a: Meowstic|Psychic Noise|p1a: Kingdra\n|-damage|p1a: Kingdra|0 fnt\n|faint|p1a: Kingdra\n|\n|upkeep\n|\n|t:|1710277859\n|switch|p1a: Blissey|Blissey, L84, F|566/566\n|turn|26\n|\n|t:|1710277879\n|move|p2a: Meowstic|Thunder Wave|p1a: Blissey\n|-status|p1a: Blissey|par\n|move|p1a: Blissey|Seismic Toss|p2a: Meowstic\n|-damage|p2a: Meowstic|0 fnt\n|faint|p2a: Meowstic\n|\n|upkeep\n|\n|t:|1710277914\n|switch|p2a: Falinks|Falinks, L85|249/249\n|-damage|p2a: Falinks|234/249|[from] Stealth Rock\n|turn|27\n|l| Dokio\n|\n|t:|1710277936\n|move|p2a: Falinks|Close Combat|p1a: Blissey\n|-supereffective|p1a: Blissey\n|-damage|p1a: Blissey|0 fnt\n|-unboost|p2a: Falinks|def|1\n|-unboost|p2a: Falinks|spd|1\n|faint|p1a: Blissey\n|-damage|p2a: Falinks|210/249|[from] item: Life Orb\n|\n|upkeep\n|\n|t:|1710277942\n|switch|p1a: Rayquaza|Rayquaza, L72|270/270\n|-ability|p1a: Rayquaza|Air Lock\n|turn|28\n|\n|t:|1710277955\n|switch|p2a: Drifblim|Drifblim, L86, M|197/398\n|move|p1a: Rayquaza|Dragon Ascent|p2a: Drifblim\n|-crit|p2a: Drifblim\n|-damage|p2a: Drifblim|0 fnt\n|-unboost|p1a: Rayquaza|def|1\n|-unboost|p1a: Rayquaza|spd|1\n|-damage|p1a: Rayquaza|203/270|[from] ability: Aftermath|[of] p2a: Drifblim\n|faint|p2a: Drifblim\n|\n|upkeep\n|\n|t:|1710277974\n|switch|p2a: Probopass|Probopass, L92, F|236/260\n|-damage|p2a: Probopass|220/260|[from] Stealth Rock\n|turn|29\n|\n|t:|1710277983\n|switch|p1a: Ogerpon|Ogerpon, L80, F|105/259\n|move|p2a: Probopass|Iron Defense|p2a: Probopass\n|-boost|p2a: Probopass|def|2\n|\n|-heal|p2a: Probopass|236/260|[from] item: Leftovers\n|upkeep\n|turn|30\n|\n|t:|1710277991\n|-terastallize|p1a: Ogerpon|Grass\n|detailschange|p1a: Ogerpon|Ogerpon-Teal-Tera, L80, F, tera:Grass\n|-ability|p1a: Ogerpon|Embody Aspect (Teal)|boost\n|-boost|p1a: Ogerpon|spe|1\n|move|p1a: Ogerpon|Ivy Cudgel|p2a: Probopass\n|-damage|p2a: Probopass|206/260\n|-damage|p1a: Ogerpon|80/259|[from] item: Life Orb\n|move|p2a: Probopass|Body Press|p1a: Ogerpon\n|-crit|p1a: Ogerpon\n|-damage|p1a: Ogerpon|0 fnt\n|faint|p1a: Ogerpon\n|\n|-heal|p2a: Probopass|222/260|[from] item: Leftovers\n|-sideend|p2: gomdol2|Reflect\n|upkeep\n|\n|t:|1710277995\n|switch|p1a: Rayquaza|Rayquaza, L72|203/270\n|-ability|p1a: Rayquaza|Air Lock\n|turn|31\n|\n|t:|1710278006\n|move|p1a: Rayquaza|Earthquake|p2a: Probopass\n|-supereffective|p2a: Probopass\n|-damage|p2a: Probopass|90/260\n|move|p2a: Probopass|Power Gem|p1a: Rayquaza\n|-supereffective|p1a: Rayquaza\n|-damage|p1a: Rayquaza|23/270\n|\n|-heal|p2a: Probopass|106/260|[from] item: Leftovers\n|upkeep\n|turn|32\n|\n|t:|1710278012\n|switch|p1a: Squawkabilly|Squawkabilly-Yellow, L89, F|255/291 brn\n|switch|p2a: Jumpluff|Jumpluff, L87, M|271/271\n|-damage|p2a: Jumpluff|204/271|[from] Stealth Rock\n|\n|-damage|p1a: Squawkabilly|237/291 brn|[from] brn\n|upkeep\n|turn|33\n|\n|t:|1710278018\n|-terastallize|p2a: Jumpluff|Steel\n|move|p2a: Jumpluff|Strength Sap|p1a: Squawkabilly\n|-unboost|p1a: Squawkabilly|atk|1\n|-heal|p2a: Jumpluff|271/271\n|move|p1a: Squawkabilly|Brave Bird|p2a: Jumpluff\n|-resisted|p2a: Jumpluff\n|-damage|p2a: Jumpluff|207/271\n|-damage|p1a: Squawkabilly|216/291 brn|[from] Recoil\n|\n|-damage|p1a: Squawkabilly|198/291 brn|[from] brn\n|upkeep\n|turn|34\n|-message|scyther225 forfeited.\n|\n|win|gomdol2\n|raw|scyther225's rating: 2252 &rarr; <strong>2230</strong><br />(-22 for losing)\n|raw|gomdol2's rating: 2222 &rarr; <strong>2244</strong><br />(+22 for winning)\n|l|\u2606scyther225\n|player|p1|\n", "inputlog": ">version d10fed743de208195d665d865c72154ce22dd3c0\n>start {\"formatid\":\"gen9randombattle\",\"seed\":[33773,10099,57172,36579],\"rated\":\"Rated battle\"}\n>player p1 {\"name\":\"scyther225\",\"avatar\":\"acetrainer-gen4dp\",\"rating\":2254,\"seed\":[64250,12018,34736,21691]}\n>player p2 {\"name\":\"gomdol2\",\"avatar\":\"jasmine\",\"rating\":2222,\"seed\":[37800,29215,38815,39333]}\n>chat \u2606gomdol2|glhf\n>chat \u2606scyther225|u2!\n>p1 move thunderwave\n>p2 switch 4\n>p1 switch 3\n>p2 move willowisp\n>p1 move stealthrock\n>p2 move nastyplot\n>p1 switch 4\n>p2 move thunderbolt\n>p1 move knockoff\n>p2 switch 3\n>p1 switch 6\n>p2 move strengthsap\n>p1 move dragonascent\n>p2 switch 4\n>p1 switch 4\n>p2 move strengthsap\n>p1 switch 4\n>p2 switch 3\n>p1 switch 3\n>p2 move thunderbolt\n>p1 move lunge\n>p2 move thunderbolt\n>p1 move roost\n>p2 move willowisp\n>p1 move encore\n>p2 switch 3\n>p1 move thunderwave\n>p2 move defog\n>p1 move lunge\n>p2 move airslash\n>p1 switch 5\n>p1 switch 4\n>p2 switch 6\n>p1 move stealthrock\n>p2 switch 3\n>p1 switch 2\n>p2 move willowisp\n>p1 move foulplay\n>p2 switch 2\n>p1 switch 4\n>p2 switch 2\n>p1 move dragondance\n>p2 move thunderbolt\n>p1 move wavecrash\n>p2 move thunderbolt\n>p2 switch 3\n>p1 move wavecrash\n>p2 move reflect\n>p1 move ironhead\n>p2 move psychicnoise\n>p1 move outrage\n>p2 move psychicnoise\n>p1 switch 2\n>p1 move seismictoss\n>p2 move thunderwave\n>p2 switch 5\n>p1 move thunderwave\n>p2 move closecombat\n>p1 switch 3\n>p1 move dragonascent\n>p2 switch 6\n>p2 switch 2\n>p1 switch 6\n>p2 move irondefense\n>p1 move ivycudgel terastallize\n>p2 move bodypress\n>p1 switch 6\n>p1 move earthquake\n>p2 move powergem\n>p1 switch 4\n>p2 switch 4\n>p1 move bravebird\n>p2 move strengthsap terastallize\n>forcelose p1", "uploadtime": 1710278030, "views": 296, "formatid": "gen9randombattle", "rating": 2230, "private": 0, "password": null}