{"id": "gen9randombattle-2260610357", "format": "[Gen 9] Random Battle", "players": ["Goinf", "bang boop"], "log": "|j|\u2606Goinf\n|j|\u203dbang boop\n|t:|1733868986\n|gametype|singles\n|player|p1|Goinf|n|1251\n|player|p2|bang boop|102|1284\n|teamsize|p1|6\n|teamsize|p2|6\n|gen|9\n|tier|[Gen 9] Random Battle\n|rated|\n|rule|Species Clause: Limit one of each Pok\u00e9mon\n|rule|HP Percentage Mod: HP is shown in percentages\n|rule|Sleep Clause Mod: Limit one foe put to sleep\n|rule|Illusion Level Mod: Illusion disguises the Pok\u00e9mon's true level\n|\n|t:|1733868986\n|start\n|switch|p1a: Krookodile|Krookodile, L80, F|283/283\n|switch|p2a: Scrafty|Scrafty, L84, F|246/246\n|-ability|p1a: Krookodile|Intimidate|boost\n|-unboost|p2a: Scrafty|atk|1\n|turn|1\n|\n|t:|1733869020\n|switch|p2a: Mudsdale|Mudsdale, L84, M|305/305\n|move|p1a: Krookodile|Earthquake|p2a: Mudsdale\n|-damage|p2a: Mudsdale|211/305\n|-ability|p2a: Mudsdale|Stamina|boost\n|-boost|p2a: Mudsdale|def|1\n|\n|-heal|p2a: Mudsdale|230/305|[from] item: Leftovers\n|upkeep\n|turn|2\n|\n|t:|1733869028\n|switch|p1a: Meganium|Meganium, L90, M|290/290\n|move|p2a: Mudsdale|Heavy Slam|p1a: Meganium\n|-damage|p1a: Meganium|195/290\n|\n|-heal|p2a: Mudsdale|249/305|[from] item: Leftovers\n|upkeep\n|turn|3\n|\n|t:|1733869056\n|switch|p2a: Salamence|Salamence, L77, M|273/273\n|-ability|p2a: Salamence|Intimidate|boost\n|-unboost|p1a: Meganium|atk|1\n|move|p1a: Meganium|Swords Dance|p1a: Meganium\n|-boost|p1a: Meganium|atk|2\n|\n|upkeep\n|turn|4\n|\n|t:|1733869078\n|switch|p1a: Krookodile|Krookodile, L80, F|283/283\n|-ability|p1a: Krookodile|Intimidate|boost\n|-unboost|p2a: Salamence|atk|1\n|move|p2a: Salamence|Dual Wingbeat|p1a: Krookodile\n|-damage|p1a: Krookodile|247/283\n|-damage|p1a: Krookodile|211/283\n|-hitcount|p1a: Krookodile|2\n|\n|upkeep\n|turn|5\n|\n|t:|1733869090\n|switch|p2a: Mudsdale|Mudsdale, L84, M|249/305\n|move|p1a: Krookodile|Stone Edge|p2a: Mudsdale\n|-resisted|p2a: Mudsdale\n|-damage|p2a: Mudsdale|214/305\n|-ability|p2a: Mudsdale|Stamina|boost\n|-boost|p2a: Mudsdale|def|1\n|\n|-heal|p2a: Mudsdale|233/305|[from] item: Leftovers\n|upkeep\n|turn|6\n|\n|t:|1733869099\n|switch|p1a: Meganium|Meganium, L90, M|195/290\n|move|p2a: Mudsdale|Heavy Slam|p1a: Meganium\n|-damage|p1a: Meganium|110/290\n|\n|-heal|p2a: Mudsdale|252/305|[from] item: Leftovers\n|upkeep\n|turn|7\n|\n|t:|1733869111\n|switch|p2a: Moltres|Moltres, L81|278/278\n|move|p1a: Meganium|Knock Off|p2a: Moltres\n|-damage|p2a: Moltres|187/278\n|-status|p1a: Meganium|brn|[from] ability: Flame Body|[of] p2a: Moltres\n|-enditem|p2a: Moltres|Heavy-Duty Boots|[from] move: Knock Off|[of] p1a: Meganium\n|-damage|p1a: Meganium|81/290 brn|[from] item: Life Orb\n|\n|-damage|p1a: Meganium|63/290 brn|[from] brn\n|upkeep\n|turn|8\n|\n|t:|1733869127\n|move|p1a: Meganium|Petal Blizzard|p2a: Moltres\n|-resisted|p2a: Moltres\n|-damage|p2a: Moltres|162/278\n|-damage|p1a: Meganium|34/290 brn|[from] item: Life Orb\n|move|p2a: Moltres|U-turn|p1a: Meganium\n|-supereffective|p1a: Meganium\n|-damage|p1a: Meganium|0 fnt\n|faint|p1a: Meganium\n|\n|t:|1733869138\n|switch|p2a: Salamence|Salamence, L77, M|273/273|[from] U-turn\n|\n|upkeep\n|\n|t:|1733869146\n|switch|p1a: Krookodile|Krookodile, L80, F|211/283\n|-ability|p1a: Krookodile|Intimidate|boost\n|-unboost|p2a: Salamence|atk|1\n|turn|9\n|\n|t:|1733869154\n|switch|p2a: Mudsdale|Mudsdale, L84, M|252/305\n|move|p1a: Krookodile|Stone Edge|p2a: Mudsdale|[miss]\n|-miss|p1a: Krookodile|p2a: Mudsdale\n|\n|-heal|p2a: Mudsdale|271/305|[from] item: Leftovers\n|upkeep\n|turn|10\n|\n|t:|1733869174\n|switch|p1a: Samurott|Samurott-Hisui, L77, M|265/265\n|move|p2a: Mudsdale|Heavy Slam|p1a: Samurott\n|-resisted|p1a: Samurott\n|-damage|p1a: Samurott|203/265\n|\n|-heal|p2a: Mudsdale|290/305|[from] item: Leftovers\n|upkeep\n|turn|11\n|\n|t:|1733869201\n|switch|p2a: Salamence|Salamence, L77, M|273/273\n|-ability|p2a: Salamence|Intimidate|boost\n|-unboost|p1a: Samurott|atk|1\n|move|p1a: Samurott|Razor Shell|p2a: Salamence\n|-resisted|p2a: Salamence\n|-damage|p2a: Salamence|207/273\n|\n|upkeep\n|turn|12\n|\n|t:|1733869219\n|switch|p1a: Krookodile|Krookodile, L80, F|211/283\n|-ability|p1a: Krookodile|Intimidate|boost\n|-unboost|p2a: Salamence|atk|1\n|move|p2a: Salamence|Dual Wingbeat|p1a: Krookodile\n|-damage|p1a: Krookodile|177/283\n|-damage|p1a: Krookodile|143/283\n|-hitcount|p1a: Krookodile|2\n|\n|upkeep\n|turn|13\n|\n|t:|1733869242\n|switch|p2a: Mudsdale|Mudsdale, L84, M|290/305\n|move|p1a: Krookodile|Earthquake|p2a: Mudsdale\n|-damage|p2a: Mudsdale|190/305\n|-ability|p2a: Mudsdale|Stamina|boost\n|-boost|p2a: Mudsdale|def|1\n|\n|-heal|p2a: Mudsdale|209/305|[from] item: Leftovers\n|upkeep\n|turn|14\n|\n|t:|1733869250\n|move|p1a: Krookodile|Earthquake|p2a: Mudsdale\n|-damage|p2a: Mudsdale|139/305\n|-ability|p2a: Mudsdale|Stamina|boost\n|-boost|p2a: Mudsdale|def|1\n|move|p2a: Mudsdale|Earthquake|p1a: Krookodile\n|-damage|p1a: Krookodile|1/283\n|\n|-heal|p2a: Mudsdale|158/305|[from] item: Leftovers\n|upkeep\n|turn|15\n|\n|t:|1733869260\n|move|p1a: Krookodile|Earthquake|p2a: Mudsdale\n|-damage|p2a: Mudsdale|104/305\n|-ability|p2a: Mudsdale|Stamina|boost\n|-boost|p2a: Mudsdale|def|1\n|move|p2a: Mudsdale|Earthquake|p1a: Krookodile\n|-damage|p1a: Krookodile|0 fnt\n|faint|p1a: Krookodile\n|\n|-heal|p2a: Mudsdale|123/305|[from] item: Leftovers\n|upkeep\n|\n|t:|1733869268\n|switch|p1a: Samurott|Samurott-Hisui, L77, M|203/265\n|turn|16\n|\n|t:|1733869277\n|switch|p2a: Salamence|Salamence, L77, M|207/273\n|-ability|p2a: Salamence|Intimidate|boost\n|-unboost|p1a: Samurott|atk|1\n|move|p1a: Samurott|Ceaseless Edge|p2a: Salamence\n|-damage|p2a: Salamence|95/273\n|-sidestart|p2: bang boop|Spikes\n|\n|upkeep\n|turn|17\n|\n|t:|1733869292\n|move|p2a: Salamence|Outrage|p1a: Samurott\n|-crit|p1a: Samurott\n|-damage|p1a: Samurott|0 fnt\n|faint|p1a: Samurott\n|\n|upkeep\n|\n|t:|1733869295\n|switch|p1a: Electrode|Electrode, L92|260/260\n|turn|18\n|\n|t:|1733869300\n|move|p1a: Electrode|Thunderbolt|p2a: Salamence\n|-crit|p2a: Salamence\n|-damage|p2a: Salamence|0 fnt\n|faint|p2a: Salamence\n|\n|upkeep\n|\n|t:|1733869303\n|switch|p2a: Mudsdale|Mudsdale, L84, M|123/305\n|-damage|p2a: Mudsdale|85/305|[from] Spikes\n|turn|19\n|\n|t:|1733869320\n|move|p1a: Electrode|Foul Play|p2a: Mudsdale\n|-damage|p2a: Mudsdale|1/305\n|-ability|p2a: Mudsdale|Stamina|boost\n|-boost|p2a: Mudsdale|def|1\n|move|p2a: Mudsdale|Earthquake|p1a: Electrode\n|-supereffective|p1a: Electrode\n|-damage|p1a: Electrode|0 fnt\n|faint|p1a: Electrode\n|\n|-heal|p2a: Mudsdale|20/305|[from] item: Leftovers\n|upkeep\n|\n|t:|1733869328\n|switch|p1a: Oricorio|Oricorio-Pa'u, L87, M|272/272\n|turn|20\n|\n|t:|1733869341\n|move|p1a: Oricorio|Revelation Dance|p2a: Mudsdale\n|-damage|p2a: Mudsdale|0 fnt\n|faint|p2a: Mudsdale\n|\n|upkeep\n|\n|t:|1733869352\n|switch|p2a: Cinccino|Cinccino, L83, M|260/260\n|-damage|p2a: Cinccino|228/260|[from] Spikes\n|turn|21\n|\n|t:|1733869365\n|move|p2a: Cinccino|Triple Axel|p1a: Oricorio\n|-supereffective|p1a: Oricorio\n|-damage|p1a: Oricorio|220/272\n|-supereffective|p1a: Oricorio\n|-damage|p1a: Oricorio|132/272\n|-supereffective|p1a: Oricorio\n|-damage|p1a: Oricorio|0 fnt\n|faint|p1a: Oricorio\n|-hitcount|p1: Oricorio|3\n|\n|upkeep\n|\n|t:|1733869370\n|switch|p1a: Ariados|Ariados, L95, F|287/287\n|turn|22\n|\n|t:|1733869388\n|move|p2a: Cinccino|Triple Axel|p1a: Ariados\n|-damage|p1a: Ariados|264/287\n|-damage|p1a: Ariados|224/287\n|-damage|p1a: Ariados|162/287\n|-hitcount|p1a: Ariados|3\n|move|p1a: Ariados|Poison Jab|p2a: Cinccino\n|-damage|p2a: Cinccino|89/260\n|-status|p2a: Cinccino|psn\n|\n|-damage|p2a: Cinccino|57/260 psn|[from] psn\n|upkeep\n|turn|23\n|\n|t:|1733869395\n|move|p2a: Cinccino|Tail Slap|p1a: Ariados\n|-damage|p1a: Ariados|123/287\n|-damage|p1a: Ariados|84/287\n|-damage|p1a: Ariados|42/287\n|-damage|p1a: Ariados|0 fnt\n|faint|p1a: Ariados\n|-hitcount|p1: Ariados|4\n|\n|win|bang boop\n|raw|Goinf's rating: 1251 &rarr; <strong>1228</strong><br />(-23 for losing)\n|raw|bang boop's rating: 1284 &rarr; <strong>1307</strong><br />(+23 for winning)\n", "inputlog": ">version bfd83cad13791eb5a5a409923076391caf6fb4d4\n>start {\"formatid\":\"gen9randombattle\",\"seed\":[47079,24389,51165,39301],\"rated\":\"Rated battle\"}\n>player p1 {\"name\":\"Goinf\",\"avatar\":\"n\",\"rating\":1251,\"seed\":[11260,2712,49644,39847]}\n>player p2 {\"name\":\"bang boop\",\"avatar\":\"102\",\"rating\":1284,\"seed\":[2706,54538,36127,48846]}\n>p1 move earthquake\n>p2 switch 5\n>p1 switch 2\n>p2 move heavyslam\n>p1 move swordsdance\n>p2 switch 2\n>p1 switch 2\n>p2 move dualwingbeat\n>p1 move stoneedge\n>p2 switch 2\n>p1 switch 2\n>p2 move heavyslam\n>p1 move knockoff\n>p2 switch 6\n>p1 move petalblizzard\n>p2 move uturn\n>p2 switch 2\n>p1 switch 2\n>p1 move stoneedge\n>p2 switch 6\n>p1 switch 5\n>p2 move heavyslam\n>p1 move razorshell\n>p2 switch 6\n>p1 switch 5\n>p2 move dualwingbeat\n>p1 move earthquake\n>p2 switch 6\n>p1 move earthquake\n>p2 move earthquake\n>p1 move earthquake\n>p2 move earthquake\n>p1 switch 5\n>p1 move ceaselessedge\n>p2 switch 6\n>p1 move ceaselessedge\n>p2 move outrage\n>p1 switch 4\n>p1 move thunderbolt\n>p2 move outrage\n>p2 switch 6\n>p1 move foulplay\n>p2 move earthquake\n>p1 switch 3\n>p1 move revelationdance\n>p2 move heavyslam\n>p2 switch 4\n>p1 move revelationdance\n>p2 move tripleaxel\n>p1 switch 6\n>p1 move poisonjab\n>p2 move tripleaxel\n>p1 move poisonjab\n>p2 move tailslap", "uploadtime": 1733869403, "views": 1, "formatid": "gen9randombattle", "rating": 1228, "private": 0, "password": null}