{"id": "gen9randombattle-2260098365", "format": "[Gen 9] Random Battle", "players": ["skippyjonez", "Rokuro222"], "log": "|j|\u2606skippyjonez\n|j|\u2606Rokuro222\n|t:|1733802153\n|gametype|singles\n|player|p1|skippyjonez|cameraman|1981\n|player|p2|Rokuro222|steven-gen6|2062\n|teamsize|p1|6\n|teamsize|p2|6\n|gen|9\n|tier|[Gen 9] Random Battle\n|rated|\n|rule|Species Clause: Limit one of each Pok\u00e9mon\n|rule|HP Percentage Mod: HP is shown in percentages\n|rule|Sleep Clause Mod: Limit one foe put to sleep\n|rule|Illusion Level Mod: Illusion disguises the Pok\u00e9mon's true level\n|\n|t:|1733802153\n|start\n|switch|p1a: Vileplume|Vileplume, L85, M|266/266\n|switch|p2a: Vileplume|Vileplume, L85, M|266/266\n|turn|1\n|c|\u2606Rokuro222|lol\n|inactive|Battle timer is ON: inactive players will automatically lose when time's up. (requested by Rokuro222)\n|\n|t:|1733802172\n|move|p2a: Vileplume|Sludge Bomb|p1a: Vileplume\n|-damage|p1a: Vileplume|154/266\n|move|p1a: Vileplume|Sludge Bomb|p2a: Vileplume\n|-crit|p2a: Vileplume\n|-damage|p2a: Vileplume|100/266\n|\n|-heal|p1a: Vileplume|170/266|[from] item: Leftovers\n|-heal|p2a: Vileplume|116/266|[from] item: Leftovers\n|upkeep\n|turn|2\n|\n|t:|1733802177\n|move|p2a: Vileplume|Sludge Bomb|p1a: Vileplume\n|-damage|p1a: Vileplume|59/266\n|move|p1a: Vileplume|Sludge Bomb|p2a: Vileplume\n|-damage|p2a: Vileplume|14/266\n|\n|-heal|p2a: Vileplume|30/266|[from] item: Leftovers\n|-heal|p1a: Vileplume|75/266|[from] item: Leftovers\n|upkeep\n|turn|3\n|\n|t:|1733802185\n|switch|p1a: Scrafty|Scrafty, L84, F|246/246\n|-ability|p1a: Scrafty|Intimidate|boost\n|-unboost|p2a: Vileplume|atk|1\n|move|p2a: Vileplume|Sludge Bomb|p1a: Scrafty\n|-damage|p1a: Scrafty|161/246\n|\n|-heal|p2a: Vileplume|46/266|[from] item: Leftovers\n|upkeep\n|turn|4\n|\n|t:|1733802190\n|move|p1a: Scrafty|Knock Off|p2a: Vileplume\n|-damage|p2a: Vileplume|0 fnt\n|-enditem|p2a: Vileplume|Leftovers|[from] move: Knock Off|[of] p1a: Scrafty\n|faint|p2a: Vileplume\n|-damage|p1a: Scrafty|137/246|[from] item: Life Orb\n|\n|upkeep\n|\n|t:|1733802195\n|switch|p2a: Tropius|Tropius, L91, M|328/328\n|turn|5\n|\n|t:|1733802210\n|move|p1a: Scrafty|Knock Off|p2a: Tropius\n|-damage|p2a: Tropius|210/328\n|-enditem|p2a: Tropius|Sitrus Berry|[from] move: Knock Off|[of] p1a: Scrafty\n|-damage|p1a: Scrafty|113/246|[from] item: Life Orb\n|move|p2a: Tropius|Dragon Dance|p2a: Tropius\n|-boost|p2a: Tropius|atk|1\n|-boost|p2a: Tropius|spe|1\n|\n|upkeep\n|turn|6\n|\n|t:|1733802227\n|move|p2a: Tropius|Dual Wingbeat|p1a: Scrafty\n|-supereffective|p1a: Scrafty\n|-damage|p1a: Scrafty|15/246\n|-supereffective|p1a: Scrafty\n|-damage|p1a: Scrafty|0 fnt\n|faint|p1a: Scrafty\n|-hitcount|p1: Scrafty|2\n|\n|upkeep\n|\n|t:|1733802236\n|switch|p1a: Vikavolt|Vikavolt, L83, F|263/263\n|turn|7\n|\n|t:|1733802241\n|move|p2a: Tropius|Dual Wingbeat|p1a: Vikavolt\n|-damage|p1a: Vikavolt|202/263\n|-crit|p1a: Vikavolt\n|-damage|p1a: Vikavolt|121/263\n|-hitcount|p1a: Vikavolt|2\n|move|p1a: Vikavolt|Thunderbolt|p2a: Tropius\n|-damage|p2a: Tropius|87/328\n|\n|upkeep\n|turn|8\n|\n|t:|1733802248\n|move|p2a: Tropius|Dual Wingbeat|p1a: Vikavolt\n|-damage|p1a: Vikavolt|58/263\n|-damage|p1a: Vikavolt|3/263\n|-hitcount|p1a: Vikavolt|2\n|move|p1a: Vikavolt|Thunderbolt|p2a: Tropius\n|-damage|p2a: Tropius|0 fnt\n|faint|p2a: Tropius\n|\n|upkeep\n|\n|t:|1733802259\n|switch|p2a: Donphan|Donphan, L84, F|288/288\n|turn|9\n|\n|t:|1733802268\n|move|p2a: Donphan|Rapid Spin|p1a: Vikavolt\n|-damage|p1a: Vikavolt|0 fnt\n|-boost|p2a: Donphan|spe|1\n|faint|p1a: Vikavolt\n|\n|upkeep\n|\n|t:|1733802270\n|switch|p1a: Vileplume|Vileplume, L85, M|75/266\n|turn|10\n|\n|t:|1733802273\n|move|p2a: Donphan|Earthquake|p1a: Vileplume\n|-damage|p1a: Vileplume|0 fnt\n|faint|p1a: Vileplume\n|\n|upkeep\n|\n|t:|1733802284\n|switch|p1a: Veluza|Veluza, L85, F|292/292\n|turn|11\n|\n|t:|1733802290\n|move|p2a: Donphan|Earthquake|p1a: Veluza\n|-damage|p1a: Veluza|162/292\n|move|p1a: Veluza|Aqua Cutter|p2a: Donphan\n|-supereffective|p2a: Donphan\n|-crit|p2a: Donphan\n|-ability|p2a: Donphan|Sturdy\n|-damage|p2a: Donphan|1/288\n|\n|upkeep\n|turn|12\n|\n|t:|1733802297\n|switch|p1a: Passimian|Passimian, L83, M|302/302\n|move|p2a: Donphan|Earthquake|p1a: Passimian\n|-damage|p1a: Passimian|172/302\n|\n|upkeep\n|turn|13\n|\n|t:|1733802302\n|move|p1a: Passimian|Knock Off|p2a: Donphan\n|-damage|p2a: Donphan|0 fnt\n|-enditem|p2a: Donphan|Assault Vest|[from] move: Knock Off|[of] p1a: Passimian\n|faint|p2a: Donphan\n|\n|upkeep\n|\n|t:|1733802307\n|switch|p2a: Cloyster|Cloyster, L80, M|211/211\n|turn|14\n|\n|t:|1733802312\n|move|p1a: Passimian|Knock Off|p2a: Cloyster\n|-damage|p2a: Cloyster|162/211\n|-enditem|p2a: Cloyster|White Herb|[from] move: Knock Off|[of] p1a: Passimian\n|move|p2a: Cloyster|Shell Smash|p2a: Cloyster\n|-unboost|p2a: Cloyster|def|1\n|-unboost|p2a: Cloyster|spd|1\n|-boost|p2a: Cloyster|atk|2\n|-boost|p2a: Cloyster|spa|2\n|-boost|p2a: Cloyster|spe|2\n|\n|upkeep\n|turn|15\n|\n|t:|1733802328\n|move|p2a: Cloyster|Icicle Spear|p1a: Passimian\n|-damage|p1a: Passimian|118/302\n|-damage|p1a: Passimian|72/302\n|-damage|p1a: Passimian|24/302\n|-damage|p1a: Passimian|0 fnt\n|faint|p1a: Passimian\n|-hitcount|p1: Passimian|4\n|\n|upkeep\n|\n|t:|1733802331\n|switch|p1a: Veluza|Veluza, L85, F|162/292\n|turn|16\n|\n|t:|1733802338\n|-terastallize|p2a: Cloyster|Ground\n|move|p2a: Cloyster|Drill Run|p1a: Veluza\n|-damage|p1a: Veluza|0 fnt\n|faint|p1a: Veluza\n|\n|upkeep\n|\n|t:|1733802342\n|switch|p1a: Kingambit|Kingambit, L74, M|270/270\n|-activate|p1a: Kingambit|ability: Supreme Overlord\n|-start|p1a: Kingambit|fallen5|[silent]\n|turn|17\n|\n|t:|1733802350\n|-terastallize|p1a: Kingambit|Flying\n|move|p2a: Cloyster|Icicle Spear|p1a: Kingambit\n|-supereffective|p1a: Kingambit\n|-damage|p1a: Kingambit|190/270\n|-supereffective|p1a: Kingambit\n|-damage|p1a: Kingambit|110/270\n|-supereffective|p1a: Kingambit\n|-damage|p1a: Kingambit|30/270\n|-supereffective|p1a: Kingambit\n|-damage|p1a: Kingambit|0 fnt\n|faint|p1a: Kingambit\n|-end|p1a: Kingambit|fallen5|[silent]\n|-hitcount|p1: Kingambit|4\n|\n|win|Rokuro222\n|raw|skippyjonez's rating: 1981 &rarr; <strong>1966</strong><br />(-15 for losing)\n|raw|Rokuro222's rating: 2062 &rarr; <strong>2077</strong><br />(+15 for winning)\n|c|\u2606skippyjonez|gg\n|l|\u2606skippyjonez\n|player|p1|\n|c|\u2606Rokuro222|gg\n", "inputlog": ">version bfd83cad13791eb5a5a409923076391caf6fb4d4\n>start {\"formatid\":\"gen9randombattle\",\"seed\":[2408,22132,62937,10315],\"rated\":\"Rated battle\"}\n>player p1 {\"name\":\"skippyjonez\",\"avatar\":\"cameraman\",\"rating\":1981,\"seed\":[21347,10248,58450,64330]}\n>player p2 {\"name\":\"Rokuro222\",\"avatar\":\"steven-gen6\",\"rating\":2062,\"seed\":[46314,3523,49019,45917]}\n>chat \u2606Rokuro222|lol\n>p1 move sludgebomb\n>p2 move sludgebomb\n>p1 move sludgebomb\n>p2 move sludgebomb\n>p1 switch 5\n>p2 move sludgebomb\n>p1 move knockoff\n>p2 move strengthsap\n>p2 switch 3\n>p1 move knockoff\n>p2 move dragondance\n>p1 move poisonjab\n>p2 move dualwingbeat\n>p1 switch 3\n>p1 move thunderbolt\n>p2 move dualwingbeat\n>p1 move thunderbolt\n>p2 move dualwingbeat\n>p2 switch 2\n>p1 move stickyweb\n>p2 move rapidspin\n>p1 switch 5\n>p1 move strengthsap\n>p2 move earthquake\n>p1 switch 6\n>p1 move aquacutter\n>p2 move earthquake\n>p1 switch 4\n>p2 move earthquake\n>p1 move knockoff\n>p2 move earthquake\n>p2 switch 4\n>p1 move knockoff\n>p2 move shellsmash\n>p1 move knockoff\n>p2 move iciclespear\n>p1 switch 4\n>p1 move psychocut\n>p2 move drillrun terastallize\n>p1 switch 2\n>p1 move kowtowcleave terastallize\n>p2 move iciclespear", "uploadtime": 1733802362, "views": 31, "formatid": "gen9randombattle", "rating": 1966, "private": 0, "password": null}