{"id": "gen9randombattle-2259933923", "format": "[Gen 9] Random Battle", "players": ["matoudregen", "BlueShineSuicune"], "log": "|j|\u2606matoudregen\n|j|\u2606BlueShineSuicune\n|t:|1733781551\n|gametype|singles\n|player|p1|matoudregen|schoolkid-gen4|1462\n|player|p2|BlueShineSuicune|waitress-gen4|1423\n|teamsize|p1|6\n|teamsize|p2|6\n|gen|9\n|tier|[Gen 9] Random Battle\n|rated|\n|rule|Species Clause: Limit one of each Pok\u00e9mon\n|rule|HP Percentage Mod: HP is shown in percentages\n|rule|Sleep Clause Mod: Limit one foe put to sleep\n|rule|Illusion Level Mod: Illusion disguises the Pok\u00e9mon's true level\n|\n|t:|1733781551\n|start\n|switch|p1a: Luvdisc|Luvdisc, M|247/247\n|switch|p2a: Donphan|Donphan, L84, M|288/288\n|turn|1\n|\n|t:|1733781571\n|switch|p2a: Vileplume|Vileplume, L85, F|266/266\n|move|p1a: Luvdisc|Whirlpool|p2a: Vileplume\n|-resisted|p2a: Vileplume\n|-crit|p2a: Vileplume\n|-damage|p2a: Vileplume|245/266\n|-activate|p2a: Vileplume|move: Whirlpool|[of] p1a: Luvdisc\n|\n|-heal|p2a: Vileplume|261/266|[from] item: Leftovers\n|-damage|p2a: Vileplume|228/266|[from] move: Whirlpool|[partiallytrapped]\n|upkeep\n|turn|2\n|\n|t:|1733781591\n|switch|p1a: Flareon|Flareon, L90, F|263/263\n|move|p2a: Vileplume|Giga Drain|p1a: Flareon\n|-resisted|p1a: Flareon\n|-damage|p1a: Flareon|230/263\n|-heal|p2a: Vileplume|245/266|[from] drain|[of] p1a: Flareon\n|\n|-heal|p2a: Vileplume|261/266|[from] item: Leftovers\n|-end|p2a: Vileplume|Whirlpool|[partiallytrapped]|[silent]\n|-status|p1a: Flareon|tox|[from] item: Toxic Orb\n|upkeep\n|turn|3\n|\n|t:|1733781610\n|switch|p2a: Granbull|Granbull, L88, M|302/302\n|-ability|p2a: Granbull|Intimidate|boost\n|-unboost|p1a: Flareon|atk|1\n|move|p1a: Flareon|Will-O-Wisp|p2a: Granbull\n|-status|p2a: Granbull|brn\n|\n|-damage|p1a: Flareon|214/263 tox|[from] psn\n|-damage|p2a: Granbull|284/302 brn|[from] brn\n|upkeep\n|turn|4\n|\n|t:|1733781627\n|switch|p1a: Luvdisc|Luvdisc, M|247/247\n|switch|p2a: Donphan|Donphan, L84, M|288/288\n|\n|upkeep\n|turn|5\n|\n|t:|1733781637\n|switch|p2a: Vileplume|Vileplume, L85, F|261/266\n|move|p1a: Luvdisc|Whirlpool|p2a: Vileplume\n|-resisted|p2a: Vileplume\n|-crit|p2a: Vileplume\n|-damage|p2a: Vileplume|241/266\n|-activate|p2a: Vileplume|move: Whirlpool|[of] p1a: Luvdisc\n|\n|-heal|p2a: Vileplume|257/266|[from] item: Leftovers\n|-damage|p2a: Vileplume|224/266|[from] move: Whirlpool|[partiallytrapped]\n|upkeep\n|turn|6\n|\n|t:|1733781648\n|move|p1a: Luvdisc|Substitute|p1a: Luvdisc\n|-start|p1a: Luvdisc|Substitute\n|-damage|p1a: Luvdisc|186/247\n|move|p2a: Vileplume|Sludge Bomb|p1a: Luvdisc\n|-crit|p1a: Luvdisc\n|-end|p1a: Luvdisc|Substitute\n|\n|-heal|p2a: Vileplume|240/266|[from] item: Leftovers\n|-damage|p2a: Vileplume|207/266|[from] move: Whirlpool|[partiallytrapped]\n|upkeep\n|turn|7\n|\n|t:|1733781657\n|move|p1a: Luvdisc|Substitute|p1a: Luvdisc\n|-start|p1a: Luvdisc|Substitute\n|-damage|p1a: Luvdisc|125/247\n|move|p2a: Vileplume|Giga Drain|p1a: Luvdisc\n|-supereffective|p1a: Luvdisc\n|-end|p1a: Luvdisc|Substitute\n|-heal|p2a: Vileplume|238/266|[from] drain|[of] p1a: Luvdisc\n|\n|-heal|p2a: Vileplume|254/266|[from] item: Leftovers\n|-damage|p2a: Vileplume|221/266|[from] move: Whirlpool|[partiallytrapped]\n|upkeep\n|turn|8\n|\n|t:|1733781670\n|move|p1a: Luvdisc|Substitute|p1a: Luvdisc\n|-start|p1a: Luvdisc|Substitute\n|-damage|p1a: Luvdisc|64/247\n|move|p2a: Vileplume|Giga Drain|p1a: Luvdisc\n|-supereffective|p1a: Luvdisc\n|-end|p1a: Luvdisc|Substitute\n|-heal|p2a: Vileplume|252/266|[from] drain|[of] p1a: Luvdisc\n|\n|-heal|p2a: Vileplume|266/266|[from] item: Leftovers\n|-damage|p2a: Vileplume|233/266|[from] move: Whirlpool|[partiallytrapped]\n|upkeep\n|turn|9\n|\n|t:|1733781684\n|move|p1a: Luvdisc|Substitute|p1a: Luvdisc\n|-start|p1a: Luvdisc|Substitute\n|-damage|p1a: Luvdisc|3/247\n|move|p2a: Vileplume|Giga Drain|p1a: Luvdisc\n|-supereffective|p1a: Luvdisc\n|-end|p1a: Luvdisc|Substitute\n|-heal|p2a: Vileplume|264/266|[from] drain|[of] p1a: Luvdisc\n|\n|-heal|p2a: Vileplume|266/266|[from] item: Leftovers\n|-damage|p2a: Vileplume|233/266|[from] move: Whirlpool|[partiallytrapped]\n|upkeep\n|turn|10\n|\n|t:|1733781702\n|move|p1a: Luvdisc|Endeavor|p2a: Vileplume\n|-damage|p2a: Vileplume|3/266\n|-status|p1a: Luvdisc|psn|[from] ability: Effect Spore|[of] p2a: Vileplume\n|move|p2a: Vileplume|Giga Drain|p1a: Luvdisc\n|-supereffective|p1a: Luvdisc\n|-damage|p1a: Luvdisc|0 fnt\n|-heal|p2a: Vileplume|5/266|[from] drain|[of] p1a: Luvdisc\n|faint|p1a: Luvdisc\n|\n|-heal|p2a: Vileplume|21/266|[from] item: Leftovers\n|-end|p2a: Vileplume|Whirlpool|[partiallytrapped]\n|upkeep\n|\n|t:|1733781713\n|switch|p1a: Flareon|Flareon, L90, F|214/263 tox\n|turn|11\n|\n|t:|1733781719\n|switch|p2a: Granbull|Granbull, L88, M|284/302 brn\n|-ability|p2a: Granbull|Intimidate|boost\n|-unboost|p1a: Flareon|atk|1\n|move|p1a: Flareon|Trailblaze|p2a: Granbull\n|-damage|p2a: Granbull|228/302 brn\n|-boost|p1a: Flareon|spe|1\n|\n|-heal|p2a: Granbull|246/302 brn|[from] item: Leftovers\n|-damage|p1a: Flareon|198/263 tox|[from] psn\n|-damage|p2a: Granbull|228/302 brn|[from] brn\n|upkeep\n|turn|12\n|\n|t:|1733781754\n|switch|p1a: Orthworm|Orthworm, L88, M|266/266\n|move|p2a: Granbull|Earthquake|p1a: Orthworm\n|-immune|p1a: Orthworm|[from] ability: Earth Eater\n|\n|-heal|p2a: Granbull|246/302 brn|[from] item: Leftovers\n|-damage|p2a: Granbull|228/302 brn|[from] brn\n|upkeep\n|turn|13\n|\n|t:|1733781764\n|move|p1a: Orthworm|Stealth Rock|p2a: Granbull\n|-sidestart|p2: BlueShineSuicune|move: Stealth Rock\n|move|p2a: Granbull|Thunder Wave|p1a: Orthworm\n|-status|p1a: Orthworm|par\n|\n|-heal|p2a: Granbull|246/302 brn|[from] item: Leftovers\n|-damage|p2a: Granbull|228/302 brn|[from] brn\n|upkeep\n|turn|14\n|\n|t:|1733781819\n|switch|p2a: Iron Moth|Iron Moth, L78|253/253\n|cant|p1a: Orthworm|par\n|\n|upkeep\n|turn|15\n|inactive|Battle timer is ON: inactive players will automatically lose when time's up. (requested by matoudregen)\n|\n|t:|1733781845\n|switch|p1a: Empoleon|Empoleon, L84, M|278/278\n|move|p2a: Iron Moth|Toxic Spikes|p1a: Empoleon\n|-sidestart|p1: matoudregen|move: Toxic Spikes\n|\n|upkeep\n|turn|16\n|\n|t:|1733781855\n|-end|p2a: Iron Moth|Quark Drive|[silent]\n|switch|p2a: Wo-Chien|Wo-Chien, L83|277/277\n|-damage|p2a: Wo-Chien|243/277|[from] Stealth Rock\n|-ability|p2a: Wo-Chien|Tablets of Ruin\n|move|p1a: Empoleon|Yawn|p2a: Wo-Chien\n|-start|p2a: Wo-Chien|move: Yawn|[of] p1a: Empoleon\n|\n|-heal|p2a: Wo-Chien|260/277|[from] item: Leftovers\n|upkeep\n|turn|17\n|\n|t:|1733781868\n|switch|p2a: Granbull|Granbull, L88, M|228/302 brn\n|-damage|p2a: Granbull|191/302 brn|[from] Stealth Rock\n|-ability|p2a: Granbull|Intimidate|boost\n|-unboost|p1a: Empoleon|atk|1\n|-ability|p1a: Empoleon|Competitive|boost\n|-boost|p1a: Empoleon|spa|2\n|switch|p1a: Orthworm|Orthworm, L88, M|266/266 par\n|\n|-heal|p2a: Granbull|209/302 brn|[from] item: Leftovers\n|-damage|p2a: Granbull|191/302 brn|[from] brn\n|upkeep\n|turn|18\n|\n|t:|1733781883\n|cant|p1a: Orthworm|par\n|move|p2a: Granbull|Roar|p1a: Orthworm\n|drag|p1a: Scream Tail|Scream Tail, L84, shiny|330/330\n|-status|p1a: Scream Tail|psn\n|\n|-heal|p2a: Granbull|209/302 brn|[from] item: Leftovers\n|-damage|p1a: Scream Tail|289/330 psn|[from] psn\n|-damage|p2a: Granbull|191/302 brn|[from] brn\n|upkeep\n|turn|19\n|\n|t:|1733781904\n|switch|p2a: Donphan|Donphan, L84, M|288/288\n|-damage|p2a: Donphan|270/288|[from] Stealth Rock\n|move|p1a: Scream Tail|Wish|p1a: Scream Tail\n|\n|-heal|p1a: Scream Tail|309/330 psn|[from] item: Leftovers\n|-heal|p2a: Donphan|288/288|[from] item: Leftovers\n|-damage|p1a: Scream Tail|268/330 psn|[from] psn\n|upkeep\n|turn|20\n|\n|t:|1733781918\n|-end|p1a: Scream Tail|Protosynthesis|[silent]\n|switch|p1a: Empoleon|Empoleon, L84, M|278/278\n|move|p2a: Donphan|Rapid Spin|p1a: Empoleon\n|-resisted|p1a: Empoleon\n|-damage|p1a: Empoleon|258/278\n|-boost|p2a: Donphan|spe|1\n|-sideend|p2: BlueShineSuicune|Stealth Rock|[from] move: Rapid Spin|[of] p2a: Donphan\n|\n|-heal|p1a: Empoleon|278/278|[from] move: Wish|[wisher] Scream Tail\n|upkeep\n|turn|21\n|\n|t:|1733781929\n|move|p2a: Donphan|Knock Off|p1a: Empoleon\n|-damage|p1a: Empoleon|190/278\n|-enditem|p1a: Empoleon|Leftovers|[from] move: Knock Off|[of] p2a: Donphan\n|move|p1a: Empoleon|Flip Turn|p2a: Donphan\n|-supereffective|p2a: Donphan\n|-damage|p2a: Donphan|192/288\n|\n|t:|1733781943\n|switch|p1a: Orthworm|Orthworm, L88, M|266/266 par|[from] Flip Turn\n|\n|-heal|p2a: Donphan|210/288|[from] item: Leftovers\n|upkeep\n|turn|22\n|\n|t:|1733781951\n|move|p2a: Donphan|Stealth Rock|p1a: Orthworm\n|-sidestart|p1: matoudregen|move: Stealth Rock\n|move|p1a: Orthworm|Stealth Rock|p2a: Donphan\n|-sidestart|p2: BlueShineSuicune|move: Stealth Rock\n|\n|-heal|p2a: Donphan|228/288|[from] item: Leftovers\n|upkeep\n|turn|23\n|\n|t:|1733781958\n|move|p2a: Donphan|Rapid Spin|p1a: Orthworm\n|-resisted|p1a: Orthworm\n|-damage|p1a: Orthworm|253/266 par\n|-boost|p2a: Donphan|spe|1\n|-sideend|p2: BlueShineSuicune|Stealth Rock|[from] move: Rapid Spin|[of] p2a: Donphan\n|move|p1a: Orthworm|Body Press|p2a: Donphan\n|-damage|p2a: Donphan|157/288\n|\n|-heal|p2a: Donphan|175/288|[from] item: Leftovers\n|upkeep\n|turn|24\n|\n|t:|1733781969\n|move|p2a: Donphan|Knock Off|p1a: Orthworm\n|-damage|p1a: Orthworm|199/266 par\n|-enditem|p1a: Orthworm|Chesto Berry|[from] move: Knock Off|[of] p2a: Donphan\n|move|p1a: Orthworm|Body Press|p2a: Donphan\n|-damage|p2a: Donphan|104/288\n|\n|-heal|p2a: Donphan|122/288|[from] item: Leftovers\n|upkeep\n|turn|25\n|\n|t:|1733781978\n|switch|p2a: Granbull|Granbull, L88, M|191/302 brn\n|-ability|p2a: Granbull|Intimidate|boost\n|-unboost|p1a: Orthworm|atk|1\n|move|p1a: Orthworm|Rest|p1a: Orthworm\n|-status|p1a: Orthworm|slp|[from] move: Rest\n|-heal|p1a: Orthworm|266/266 slp|[silent]\n|\n|-heal|p2a: Granbull|209/302 brn|[from] item: Leftovers\n|-damage|p2a: Granbull|191/302 brn|[from] brn\n|upkeep\n|turn|26\n|\n|t:|1733781993\n|cant|p1a: Orthworm|slp\n|move|p2a: Granbull|Roar|p1a: Orthworm\n|drag|p1a: Empoleon|Empoleon, L84, M|190/278\n|-damage|p1a: Empoleon|173/278|[from] Stealth Rock\n|\n|-heal|p2a: Granbull|209/302 brn|[from] item: Leftovers\n|-damage|p2a: Granbull|191/302 brn|[from] brn\n|upkeep\n|turn|27\n|\n|t:|1733782005\n|switch|p2a: Vileplume|Vileplume, L85, F|21/266\n|move|p1a: Empoleon|Roost|p1a: Empoleon\n|-heal|p1a: Empoleon|278/278\n|-singleturn|p1a: Empoleon|move: Roost\n|\n|-heal|p2a: Vileplume|37/266|[from] item: Leftovers\n|upkeep\n|turn|28\n|\n|t:|1733782018\n|switch|p2a: Wo-Chien|Wo-Chien, L83|260/277\n|-ability|p2a: Wo-Chien|Tablets of Ruin\n|move|p1a: Empoleon|Surf|p2a: Wo-Chien\n|-resisted|p2a: Wo-Chien\n|-damage|p2a: Wo-Chien|218/277\n|\n|-heal|p2a: Wo-Chien|235/277|[from] item: Leftovers\n|upkeep\n|turn|29\n|\n|t:|1733782029\n|switch|p1a: Scream Tail|Scream Tail, L84, shiny|268/330 psn\n|-damage|p1a: Scream Tail|227/330 psn|[from] Stealth Rock\n|move|p2a: Wo-Chien|Leech Seed|p1a: Scream Tail\n|-start|p1a: Scream Tail|move: Leech Seed\n|\n|-heal|p1a: Scream Tail|247/330 psn|[from] item: Leftovers\n|-heal|p2a: Wo-Chien|252/277|[from] item: Leftovers\n|-damage|p1a: Scream Tail|206/330 psn|[from] Leech Seed|[of] p2a: Wo-Chien\n|-heal|p2a: Wo-Chien|277/277|[silent]\n|-damage|p1a: Scream Tail|165/330 psn|[from] psn\n|upkeep\n|turn|30\n|\n|t:|1733782042\n|move|p1a: Scream Tail|Wish|p1a: Scream Tail\n|move|p2a: Wo-Chien|Knock Off|p1a: Scream Tail\n|-damage|p1a: Scream Tail|75/330 psn\n|-enditem|p1a: Scream Tail|Leftovers|[from] move: Knock Off|[of] p2a: Wo-Chien\n|\n|-damage|p1a: Scream Tail|34/330 psn|[from] Leech Seed|[of] p2a: Wo-Chien\n|-damage|p1a: Scream Tail|0 fnt|[from] psn\n|faint|p1a: Scream Tail\n|-end|p1a: Scream Tail|Protosynthesis|[silent]\n|upkeep\n|\n|t:|1733782050\n|switch|p1a: Flareon|Flareon, L90, F|198/263 tox\n|-damage|p1a: Flareon|133/263 tox|[from] Stealth Rock\n|turn|31\n|\n|t:|1733782062\n|switch|p2a: Granbull|Granbull, L88, M|191/302 brn\n|-ability|p2a: Granbull|Intimidate|boost\n|-unboost|p1a: Flareon|atk|1\n|move|p1a: Flareon|Trailblaze|p2a: Granbull\n|-damage|p2a: Granbull|135/302 brn\n|-boost|p1a: Flareon|spe|1\n|\n|-heal|p1a: Flareon|263/263 tox|[from] move: Wish|[wisher] Scream Tail\n|-heal|p2a: Granbull|153/302 brn|[from] item: Leftovers\n|-damage|p1a: Flareon|247/263 tox|[from] psn\n|-damage|p2a: Granbull|135/302 brn|[from] brn\n|upkeep\n|turn|32\n|inactive|BlueShineSuicune has 120 seconds left.\n|\n|t:|1733782104\n|switch|p2a: Armarouge|Armarouge, L80, F|267/267\n|move|p1a: Flareon|Facade|p2a: Armarouge\n|-damage|p2a: Armarouge|118/267\n|-ability|p2a: Armarouge|Weak Armor|boost\n|-unboost|p2a: Armarouge|def|1\n|-boost|p2a: Armarouge|spe|2\n|\n|-damage|p1a: Flareon|215/263 tox|[from] psn\n|upkeep\n|turn|33\n|\n|t:|1733782117\n|move|p2a: Armarouge|Meteor Beam||[still]\n|-prepare|p2a: Armarouge|Meteor Beam\n|-boost|p2a: Armarouge|spa|1\n|-enditem|p2a: Armarouge|Power Herb\n|-anim|p2a: Armarouge|Meteor Beam|p1a: Flareon\n|-supereffective|p1a: Flareon\n|-damage|p1a: Flareon|0 fnt\n|faint|p1a: Flareon\n|\n|upkeep\n|\n|t:|1733782124\n|switch|p1a: Empoleon|Empoleon, L84, M|278/278\n|-damage|p1a: Empoleon|261/278|[from] Stealth Rock\n|turn|34\n|inactive|BlueShineSuicune has 120 seconds left.\n|\n|t:|1733782134\n|-terastallize|p2a: Armarouge|Fire\n|move|p2a: Armarouge|Armor Cannon|p1a: Empoleon\n|-damage|p1a: Empoleon|0 fnt\n|-unboost|p2a: Armarouge|def|1\n|-unboost|p2a: Armarouge|spd|1\n|faint|p1a: Empoleon\n|\n|upkeep\n|c|\u2606matoudregen|lol\n|c|\u2606matoudregen|gg\n|\n|t:|1733782152\n|switch|p1a: Spectrier|Spectrier, L75|274/274\n|-status|p1a: Spectrier|psn\n|-damage|p1a: Spectrier|240/274 psn|[from] Stealth Rock\n|turn|35\n|\n|t:|1733782159\n|move|p2a: Armarouge|Armor Cannon|p1a: Spectrier\n|-damage|p1a: Spectrier|0 fnt\n|-unboost|p2a: Armarouge|def|1\n|-unboost|p2a: Armarouge|spd|1\n|faint|p1a: Spectrier\n|\n|upkeep\n|-message|matoudregen forfeited.\n|\n|win|BlueShineSuicune\n|raw|matoudregen's rating: 1462 &rarr; <strong>1440</strong><br />(-22 for losing)\n|raw|BlueShineSuicune's rating: 1423 &rarr; <strong>1445</strong><br />(+22 for winning)\n|l|\u2606matoudregen\n|player|p1|\n|c|\u2606BlueShineSuicune|Gg\n", "inputlog": ">version bfd83cad13791eb5a5a409923076391caf6fb4d4\n>start {\"formatid\":\"gen9randombattle\",\"seed\":[34512,21350,19107,4701],\"rated\":\"Rated battle\"}\n>player p1 {\"name\":\"matoudregen\",\"avatar\":\"schoolkid-gen4\",\"rating\":1462,\"seed\":[18179,27406,52212,1309]}\n>player p2 {\"name\":\"BlueShineSuicune\",\"avatar\":\"waitress-gen4\",\"rating\":1423,\"seed\":[25825,54631,23414,61557]}\n>p1 move whirlpool\n>p2 switch 2\n>p1 switch 5\n>p2 move gigadrain\n>p1 move willowisp\n>p2 switch 4\n>p1 switch 5\n>p2 switch 2\n>p1 move whirlpool\n>p2 switch 4\n>p1 move substitute\n>p2 move sludgebomb\n>p1 move substitute\n>p2 move gigadrain\n>p1 move substitute\n>p2 move gigadrain\n>p1 move substitute\n>p2 move gigadrain\n>p1 move endeavor\n>p2 move gigadrain\n>p1 switch 5\n>p1 move trailblaze\n>p2 switch 2\n>p1 switch 2\n>p2 move earthquake\n>p1 move stealthrock\n>p2 move thunderwave\n>p1 move heavyslam\n>p2 switch 5\n>p1 switch 3\n>p2 move toxicspikes\n>p1 move yawn\n>p2 switch 3\n>p1 switch 3\n>p2 switch 5\n>p1 move heavyslam\n>p2 move roar\n>p1 move wish\n>p2 switch 4\n>p1 switch 3\n>p2 move rapidspin\n>p1 move flipturn\n>p2 move knockoff\n>p1 switch 4\n>p1 move stealthrock\n>p2 move stealthrock\n>p1 move bodypress\n>p2 move rapidspin\n>p1 move bodypress\n>p2 move knockoff\n>p1 move rest\n>p2 switch 4\n>p1 move heavyslam\n>p2 move roar\n>p1 move roost\n>p2 switch 2\n>p1 move surf\n>p2 switch 5\n>p1 switch 3\n>p2 move leechseed\n>p1 move wish\n>p2 move knockoff\n>p1 switch 2\n>p1 move trailblaze\n>p2 switch 2\n>p1 move facade\n>p2 switch 6\n>p1 move facade\n>p2 move meteorbeam\n>p1 switch 3\n>p1 move flipturn\n>p2 move armorcannon terastallize\n>chat \u2606matoudregen|lol\n>chat \u2606matoudregen|gg\n>p1 switch 6\n>p1 move shadowball\n>p2 move armorcannon\n>forcelose p1", "uploadtime": 1733782221, "views": 3, "formatid": "gen9randombattle", "rating": 1440, "private": 0, "password": null}