{"id": "gen9randombattle-2260800661", "format": "[Gen 9] Random Battle", "players": ["Wahbit", "RoboWahbit"], "log": "|j|\u2606Wahbit\n|j|\u2606RoboWahbit\n|t:|1733894318\n|gametype|singles\n|player|p1|Wahbit|169|\n|player|p2|RoboWahbit|101|\n|teamsize|p1|6\n|teamsize|p2|6\n|gen|9\n|tier|[Gen 9] Random Battle\n|rule|Species Clause: Limit one of each Pok\u00e9mon\n|rule|HP Percentage Mod: HP is shown in percentages\n|rule|Sleep Clause Mod: Limit one foe put to sleep\n|rule|Illusion Level Mod: Illusion disguises the Pok\u00e9mon's true level\n|\n|t:|1733894318\n|start\n|switch|p1a: Thundurus|Thundurus, L80, M|258/258\n|switch|p2a: Veluza|Veluza, L85, F|292/292\n|turn|1\n|c|\u2606RoboWahbit|hf\n|inactive|Battle timer is ON: inactive players will automatically lose when time's up. (requested by RoboWahbit)\n|\n|t:|1733894327\n|switch|p2a: Piloswine|Piloswine, L85, M|309/309\n|move|p1a: Thundurus|Thunderbolt|p2a: Piloswine\n|-immune|p2a: Piloswine\n|\n|upkeep\n|turn|2\n|\n|t:|1733894333\n|move|p1a: Thundurus|U-turn|p2a: Piloswine\n|-damage|p2a: Piloswine|269/309\n|\n|t:|1733894338\n|switch|p1a: Staraptor|Staraptor, L79, M|263/263|[from] U-turn\n|move|p2a: Piloswine|Icicle Crash|p1a: Staraptor\n|-supereffective|p1a: Staraptor\n|-crit|p1a: Staraptor\n|-damage|p1a: Staraptor|0 fnt\n|faint|p1a: Staraptor\n|\n|upkeep\n|\n|t:|1733894350\n|switch|p1a: Araquanid|Araquanid, L82, M|246/246\n|turn|3\n|\n|t:|1733894356\n|switch|p2a: Stonjourner|Stonjourner, L91, F|330/330\n|move|p1a: Araquanid|Sticky Web|p2a: Stonjourner\n|-sidestart|p2: RoboWahbit|move: Sticky Web\n|\n|upkeep\n|turn|4\n|\n|t:|1733894363\n|move|p2a: Stonjourner|Stone Edge|p1a: Araquanid|[miss]\n|-miss|p2a: Stonjourner|p1a: Araquanid\n|move|p1a: Araquanid|Hydro Pump|p2a: Stonjourner\n|-supereffective|p2a: Stonjourner\n|-damage|p2a: Stonjourner|0 fnt\n|faint|p2a: Stonjourner\n|\n|upkeep\n|\n|t:|1733894364\n|switch|p2a: Veluza|Veluza, L85, F|292/292\n|-activate|p2a: Veluza|move: Sticky Web\n|-unboost|p2a: Veluza|spe|1\n|turn|5\n|\n|t:|1733894383\n|move|p1a: Araquanid|Leech Life|p2a: Veluza\n|-supereffective|p2a: Veluza\n|-damage|p2a: Veluza|146/292\n|move|p2a: Veluza|Psycho Cut|p1a: Araquanid\n|-damage|p1a: Araquanid|77/246\n|\n|upkeep\n|turn|6\n|\n|t:|1733894388\n|move|p1a: Araquanid|Leech Life|p2a: Veluza\n|-supereffective|p2a: Veluza\n|-damage|p2a: Veluza|12/292\n|-heal|p1a: Araquanid|144/246|[from] drain|[of] p2a: Veluza\n|move|p2a: Veluza|Psycho Cut|p1a: Araquanid\n|-damage|p1a: Araquanid|0 fnt\n|faint|p1a: Araquanid\n|\n|upkeep\n|\n|t:|1733894396\n|switch|p1a: Thundurus|Thundurus, L80, M|258/258\n|turn|7\n|\n|t:|1733894399\n|switch|p2a: Piloswine|Piloswine, L85, M|269/309\n|-activate|p2a: Piloswine|move: Sticky Web\n|-unboost|p2a: Piloswine|spe|1\n|move|p1a: Thundurus|U-turn|p2a: Piloswine\n|-damage|p2a: Piloswine|231/309\n|\n|t:|1733894405\n|switch|p1a: Sandslash|Sandslash, L88, M|275/275|[from] U-turn\n|\n|upkeep\n|turn|8\n|\n|t:|1733894409\n|move|p1a: Sandslash|Earthquake|p2a: Piloswine\n|-damage|p2a: Piloswine|149/309\n|move|p2a: Piloswine|Icicle Crash|p1a: Sandslash\n|-supereffective|p1a: Sandslash\n|-damage|p1a: Sandslash|117/275\n|\n|-heal|p1a: Sandslash|134/275|[from] item: Leftovers\n|upkeep\n|turn|9\n|\n|t:|1733894417\n|switch|p1a: Crabominable|Crabominable, L90, M|321/321\n|move|p2a: Piloswine|Icicle Crash|p1a: Crabominable\n|-resisted|p1a: Crabominable\n|-damage|p1a: Crabominable|270/321\n|\n|upkeep\n|turn|10\n|\n|t:|1733894423\n|move|p1a: Crabominable|Drain Punch|p2a: Piloswine\n|-supereffective|p2a: Piloswine\n|-damage|p2a: Piloswine|0 fnt\n|-heal|p1a: Crabominable|321/321|[from] drain|[of] p2a: Piloswine\n|faint|p2a: Piloswine\n|\n|upkeep\n|\n|t:|1733894423\n|switch|p2a: Medicham|Medicham, L86, F|243/243\n|-activate|p2a: Medicham|move: Sticky Web\n|-unboost|p2a: Medicham|spe|1\n|turn|11\n|\n|t:|1733894430\n|switch|p1a: Thundurus|Thundurus, L80, M|258/258\n|move|p2a: Medicham|Zen Headbutt|p1a: Thundurus\n|-damage|p1a: Thundurus|23/258\n|\n|upkeep\n|turn|12\n|\n|t:|1733894440\n|move|p1a: Thundurus|Acrobatics|p2a: Medicham\n|-supereffective|p2a: Medicham\n|-damage|p2a: Medicham|0 fnt\n|faint|p2a: Medicham\n|\n|upkeep\n|\n|t:|1733894441\n|switch|p2a: Veluza|Veluza, L85, F|12/292\n|-activate|p2a: Veluza|move: Sticky Web\n|-unboost|p2a: Veluza|spe|1\n|turn|13\n|\n|t:|1733894444\n|move|p2a: Veluza|Aqua Jet|p1a: Thundurus\n|-crit|p1a: Thundurus\n|-damage|p1a: Thundurus|0 fnt\n|faint|p1a: Thundurus\n|\n|upkeep\n|\n|t:|1733894454\n|switch|p1a: Seviper|Seviper, L93, M|287/287\n|turn|14\n|\n|t:|1733894456\n|move|p2a: Veluza|Aqua Jet|p1a: Seviper\n|-damage|p1a: Seviper|211/287\n|move|p1a: Seviper|Trailblaze|p2a: Veluza\n|-supereffective|p2a: Veluza\n|-damage|p2a: Veluza|0 fnt\n|-boost|p1a: Seviper|spe|1\n|faint|p2a: Veluza\n|\n|-heal|p1a: Seviper|228/287|[from] item: Leftovers\n|upkeep\n|\n|t:|1733894456\n|switch|p2a: Dunsparce|Dunsparce, L86, F|312/312\n|-activate|p2a: Dunsparce|move: Sticky Web\n|-unboost|p2a: Dunsparce|spe|1\n|turn|15\n|\n|t:|1733894463\n|move|p1a: Seviper|Gunk Shot|p2a: Dunsparce\n|-damage|p2a: Dunsparce|191/312\n|move|p2a: Dunsparce|Coil|p2a: Dunsparce\n|-boost|p2a: Dunsparce|atk|1\n|-boost|p2a: Dunsparce|def|1\n|-boost|p2a: Dunsparce|accuracy|1\n|\n|-heal|p1a: Seviper|245/287|[from] item: Leftovers\n|upkeep\n|turn|16\n|\n|t:|1733894469\n|move|p1a: Seviper|Earthquake|p2a: Dunsparce\n|-damage|p2a: Dunsparce|148/312\n|move|p2a: Dunsparce|Body Slam|p1a: Seviper\n|-damage|p1a: Seviper|107/287\n|-status|p1a: Seviper|par\n|\n|-heal|p1a: Seviper|124/287 par|[from] item: Leftovers\n|upkeep\n|turn|17\n|\n|t:|1733894473\n|move|p1a: Seviper|Gunk Shot|p2a: Dunsparce\n|-damage|p2a: Dunsparce|72/312\n|move|p2a: Dunsparce|Roost|p2a: Dunsparce\n|-heal|p2a: Dunsparce|228/312\n|-singleturn|p2a: Dunsparce|move: Roost\n|\n|-heal|p1a: Seviper|141/287 par|[from] item: Leftovers\n|upkeep\n|turn|18\n|\n|t:|1733894477\n|cant|p1a: Seviper|par\n|move|p2a: Dunsparce|Coil|p2a: Dunsparce\n|-boost|p2a: Dunsparce|atk|1\n|-boost|p2a: Dunsparce|def|1\n|-boost|p2a: Dunsparce|accuracy|1\n|\n|-heal|p1a: Seviper|158/287 par|[from] item: Leftovers\n|upkeep\n|turn|19\n|\n|t:|1733894487\n|switch|p1a: Crabominable|Crabominable, L90, M|321/321\n|move|p2a: Dunsparce|Body Slam|p1a: Crabominable\n|-damage|p1a: Crabominable|176/321\n|\n|upkeep\n|turn|20\n|\n|t:|1733894489\n|move|p1a: Crabominable|Drain Punch|p2a: Dunsparce\n|-supereffective|p2a: Dunsparce\n|-damage|p2a: Dunsparce|58/312\n|-heal|p1a: Crabominable|261/321|[from] drain|[of] p2a: Dunsparce\n|move|p2a: Dunsparce|Body Slam|p1a: Crabominable\n|-damage|p1a: Crabominable|119/321\n|\n|upkeep\n|turn|21\n|\n|t:|1733894495\n|move|p1a: Crabominable|Drain Punch|p2a: Dunsparce\n|-supereffective|p2a: Dunsparce\n|-damage|p2a: Dunsparce|0 fnt\n|-heal|p1a: Crabominable|148/321|[from] drain|[of] p2a: Dunsparce\n|faint|p2a: Dunsparce\n|\n|upkeep\n|\n|t:|1733894496\n|switch|p2a: Minun|Minun, L95, M|268/268\n|-activate|p2a: Minun|move: Sticky Web\n|-unboost|p2a: Minun|spe|1\n|turn|22\n|\n|t:|1733894502\n|switch|p1a: Sandslash|Sandslash, L88, M|134/275\n|-terastallize|p2a: Minun|Electric\n|move|p2a: Minun|Alluring Voice|p1a: Sandslash\n|-damage|p1a: Sandslash|35/275\n|-damage|p2a: Minun|242/268|[from] item: Life Orb\n|\n|-heal|p1a: Sandslash|52/275|[from] item: Leftovers\n|upkeep\n|turn|23\n|\n|t:|1733894508\n|move|p1a: Sandslash|Earthquake|p2a: Minun\n|-supereffective|p2a: Minun\n|-crit|p2a: Minun\n|-damage|p2a: Minun|0 fnt\n|faint|p2a: Minun\n|\n|win|Wahbit\n|c|\u2606RoboWahbit|gg\n", "inputlog": ">version bfd83cad13791eb5a5a409923076391caf6fb4d4\n>start {\"formatid\":\"gen9randombattle\",\"seed\":[30074,24426,35422,56136]}\n>player p1 {\"name\":\"Wahbit\",\"avatar\":\"169\",\"rating\":0,\"seed\":[6291,4174,54353,9024]}\n>player p2 {\"name\":\"RoboWahbit\",\"avatar\":\"101\",\"rating\":0,\"seed\":[41499,55110,22859,3736]}\n>chat \u2606RoboWahbit|hf\n>p1 move thunderbolt\n>p2 switch 3\n>p1 move uturn\n>p2 move iciclecrash\n>p1 switch 4\n>p1 switch 3\n>p1 move stickyweb\n>p2 switch 5\n>p1 move hydropump\n>p2 move stoneedge\n>p2 switch 3\n>p1 move leechlife\n>p2 move psychocut\n>p1 move leechlife\n>p2 move psychocut\n>p1 switch 4\n>p1 move uturn\n>p2 switch 5\n>p1 switch 2\n>p1 move earthquake\n>p2 move iciclecrash\n>p1 switch 6\n>p2 move iciclecrash\n>p1 move drainpunch\n>p2 move iciclecrash\n>p2 switch 2\n>p1 switch 2\n>p2 move zenheadbutt\n>p1 move acrobatics\n>p2 move zenheadbutt\n>p2 switch 5\n>p1 move uturn\n>p2 move aquajet\n>p1 switch 5\n>p1 move trailblaze\n>p2 move aquajet\n>p2 switch 6\n>p1 move gunkshot\n>p2 move coil\n>p1 move earthquake\n>p2 move bodyslam\n>p1 move gunkshot\n>p2 move roost\n>p1 move gunkshot\n>p2 move coil\n>p1 switch 2\n>p2 move bodyslam\n>p1 move drainpunch\n>p2 move bodyslam\n>p1 move drainpunch\n>p2 move coil\n>p2 switch 4\n>p1 switch 6\n>p2 move alluringvoice terastallize\n>p1 move earthquake\n>p2 move alluringvoice", "uploadtime": 1733894509, "views": 1, "formatid": "gen9randombattle", "rating": null, "private": 0, "password": null}