{"id": "gen9randombattle-2260388374", "format": "[Gen 9] Random Battle", "players": ["tomano noku", "Cavet"], "log": "|j|\u2606tomano noku\n|j|\u2606Cavet\n|t:|1733846739\n|gametype|singles\n|player|p1|tomano noku|265|1022\n|player|p2|Cavet|102|1051\n|teamsize|p1|6\n|teamsize|p2|6\n|gen|9\n|tier|[Gen 9] Random Battle\n|rated|\n|rule|Species Clause: Limit one of each Pok\u00e9mon\n|rule|HP Percentage Mod: HP is shown in percentages\n|rule|Sleep Clause Mod: Limit one foe put to sleep\n|rule|Illusion Level Mod: Illusion disguises the Pok\u00e9mon's true level\n|\n|t:|1733846739\n|start\n|switch|p1a: Oricorio|Oricorio-Pa'u, L87, F|272/272\n|switch|p2a: Gastrodon|Gastrodon, L86, M|331/331\n|turn|1\n|\n|t:|1733846771\n|move|p1a: Oricorio|Quiver Dance|p1a: Oricorio\n|-boost|p1a: Oricorio|spa|1\n|-boost|p1a: Oricorio|spd|1\n|-boost|p1a: Oricorio|spe|1\n|move|p2a: Gastrodon|Stealth Rock|p1a: Oricorio\n|-sidestart|p1: tomano noku|move: Stealth Rock\n|\n|upkeep\n|turn|2\n|\n|t:|1733846783\n|move|p1a: Oricorio|Quiver Dance|p1a: Oricorio\n|-boost|p1a: Oricorio|spa|1\n|-boost|p1a: Oricorio|spd|1\n|-boost|p1a: Oricorio|spe|1\n|move|p2a: Gastrodon|Sludge Bomb|p1a: Oricorio\n|-damage|p1a: Oricorio|236/272\n|\n|upkeep\n|turn|3\n|\n|t:|1733846789\n|move|p1a: Oricorio|Revelation Dance|p2a: Gastrodon\n|-damage|p2a: Gastrodon|114/331\n|move|p2a: Gastrodon|Sludge Bomb|p1a: Oricorio\n|-damage|p1a: Oricorio|201/272\n|\n|-heal|p2a: Gastrodon|134/331|[from] item: Leftovers\n|upkeep\n|turn|4\n|\n|t:|1733846804\n|move|p1a: Oricorio|Revelation Dance|p2a: Gastrodon\n|-damage|p2a: Gastrodon|0 fnt\n|faint|p2a: Gastrodon\n|\n|upkeep\n|\n|t:|1733846817\n|switch|p2a: Basculin|Basculin, L86, F|261/261\n|turn|5\n|\n|t:|1733846833\n|-terastallize|p2a: Basculin|Water\n|move|p2a: Basculin|Aqua Jet|p1a: Oricorio\n|-damage|p1a: Oricorio|86/272\n|move|p1a: Oricorio|Revelation Dance|p2a: Basculin\n|-damage|p2a: Basculin|0 fnt\n|faint|p2a: Basculin\n|\n|upkeep\n|\n|t:|1733846838\n|switch|p2a: Dachsbun|Dachsbun, L92, M|254/254\n|turn|6\n|\n|t:|1733846845\n|move|p1a: Oricorio|Roost|p1a: Oricorio\n|-heal|p1a: Oricorio|222/272\n|-singleturn|p1a: Oricorio|move: Roost\n|move|p2a: Dachsbun|Play Rough|p1a: Oricorio\n|-damage|p1a: Oricorio|114/272\n|\n|upkeep\n|turn|7\n|\n|t:|1733846852\n|move|p1a: Oricorio|Hurricane|p2a: Dachsbun\n|-damage|p2a: Dachsbun|0 fnt\n|faint|p2a: Dachsbun\n|\n|upkeep\n|\n|t:|1733846857\n|switch|p2a: Torkoal|Torkoal, L88, F|266/266\n|-weather|SunnyDay|[from] ability: Drought|[of] p2a: Torkoal\n|turn|8\n|\n|t:|1733846864\n|move|p1a: Oricorio|Revelation Dance|p2a: Torkoal\n|-damage|p2a: Torkoal|38/266\n|move|p2a: Torkoal|Yawn|p1a: Oricorio\n|-start|p1a: Oricorio|move: Yawn|[of] p2a: Torkoal\n|\n|-weather|SunnyDay|[upkeep]\n|upkeep\n|turn|9\n|\n|t:|1733846880\n|move|p1a: Oricorio|Revelation Dance|p2a: Torkoal\n|-damage|p2a: Torkoal|0 fnt\n|faint|p2a: Torkoal\n|\n|-weather|SunnyDay|[upkeep]\n|-end|p1a: Oricorio|move: Yawn|[silent]\n|-status|p1a: Oricorio|slp\n|upkeep\n|\n|t:|1733846882\n|switch|p2a: Hitmonchan|Hitmonchan, L87, M|229/229\n|turn|10\n|\n|t:|1733846890\n|cant|p1a: Oricorio|slp\n|move|p2a: Hitmonchan|Knock Off|p1a: Oricorio\n|-supereffective|p1a: Oricorio\n|-damage|p1a: Oricorio|0 fnt\n|-enditem|p1a: Oricorio|Heavy-Duty Boots|[from] move: Knock Off|[of] p2a: Hitmonchan\n|faint|p1a: Oricorio\n|-damage|p2a: Hitmonchan|207/229|[from] item: Life Orb\n|\n|-weather|SunnyDay|[upkeep]\n|upkeep\n|inactive|Battle timer is ON: inactive players will automatically lose when time's up. (requested by Cavet)\n|\n|t:|1733846916\n|switch|p1a: Archaludon|Archaludon, L78, M|268/268\n|-damage|p1a: Archaludon|252/268|[from] Stealth Rock\n|turn|11\n|\n|t:|1733846930\n|move|p2a: Hitmonchan|Swords Dance|p2a: Hitmonchan\n|-boost|p2a: Hitmonchan|atk|2\n|move|p1a: Archaludon|Body Press|p2a: Hitmonchan\n|-damage|p2a: Hitmonchan|137/229\n|\n|-weather|SunnyDay|[upkeep]\n|upkeep\n|turn|12\n|\n|t:|1733846938\n|move|p2a: Hitmonchan|Swords Dance|p2a: Hitmonchan\n|-boost|p2a: Hitmonchan|atk|2\n|move|p1a: Archaludon|Dragon Tail|p2a: Hitmonchan|[miss]\n|-miss|p1a: Archaludon|p2a: Hitmonchan\n|\n|-weather|none\n|upkeep\n|turn|13\n|\n|t:|1733846945\n|move|p2a: Hitmonchan|Drain Punch|p1a: Archaludon\n|-supereffective|p1a: Archaludon\n|-damage|p1a: Archaludon|0 fnt\n|-heal|p2a: Hitmonchan|229/229|[from] drain|[of] p1a: Archaludon\n|faint|p1a: Archaludon\n|-damage|p2a: Hitmonchan|207/229|[from] item: Life Orb\n|\n|upkeep\n|inactive|tomano noku has 120 seconds left.\n|\n|t:|1733846980\n|switch|p1a: Squawkabilly|Squawkabilly-Blue, L85, F|278/278\n|-damage|p1a: Squawkabilly|209/278|[from] Stealth Rock\n|turn|14\n|\n|t:|1733846986\n|move|p2a: Hitmonchan|Mach Punch|p1a: Squawkabilly\n|-damage|p1a: Squawkabilly|0 fnt\n|faint|p1a: Squawkabilly\n|-damage|p2a: Hitmonchan|185/229|[from] item: Life Orb\n|\n|upkeep\n|\n|t:|1733846995\n|switch|p1a: Deoxys|Deoxys-Attack, L72|191/191\n|-damage|p1a: Deoxys|168/191|[from] Stealth Rock\n|-ability|p1a: Deoxys|Pressure\n|turn|15\n|\n|t:|1733847007\n|move|p2a: Hitmonchan|Mach Punch|p1a: Deoxys\n|-resisted|p1a: Deoxys\n|-damage|p1a: Deoxys|0 fnt\n|faint|p1a: Deoxys\n|-damage|p2a: Hitmonchan|163/229|[from] item: Life Orb\n|\n|upkeep\n|c|\u2606Cavet|xiiiiii\n|inactive|tomano noku has 120 seconds left.\n|\n|t:|1733847020\n|switch|p1a: Flapple|Flapple, L88, M|266/266\n|-damage|p1a: Flapple|233/266|[from] Stealth Rock\n|turn|16\n|inactive|tomano noku has 120 seconds left.\n|\n|t:|1733847045\n|move|p2a: Hitmonchan|Drain Punch|p1a: Flapple\n|-damage|p1a: Flapple|0 fnt\n|-heal|p2a: Hitmonchan|229/229|[from] drain|[of] p1a: Flapple\n|faint|p1a: Flapple\n|-damage|p2a: Hitmonchan|207/229|[from] item: Life Orb\n|\n|upkeep\n|\n|t:|1733847051\n|switch|p1a: Lapras|Lapras, L87, F|368/368\n|turn|17\n|c|\u2606Cavet|xiiiiiiii\n|\n|t:|1733847058\n|move|p2a: Hitmonchan|Drain Punch|p1a: Lapras\n|-supereffective|p1a: Lapras\n|-damage|p1a: Lapras|0 fnt\n|-heal|p2a: Hitmonchan|229/229|[from] drain|[of] p1a: Lapras\n|faint|p1a: Lapras\n|-damage|p2a: Hitmonchan|207/229|[from] item: Life Orb\n|\n|win|Cavet\n|raw|tomano noku's rating: 1022 &rarr; <strong>1010</strong><br />(-12 for losing)\n|raw|Cavet's rating: 1051 &rarr; <strong>1081</strong><br />(+30 for winning)\n|l|\u2606tomano noku\n|player|p1|\n", "inputlog": ">version bfd83cad13791eb5a5a409923076391caf6fb4d4\n>start {\"formatid\":\"gen9randombattle\",\"seed\":[52599,35427,43824,37578],\"rated\":\"Rated battle\"}\n>player p1 {\"name\":\"tomano noku\",\"avatar\":\"265\",\"rating\":1022,\"seed\":[18718,10129,14767,29817]}\n>player p2 {\"name\":\"Cavet\",\"avatar\":\"102\",\"rating\":1051,\"seed\":[2591,13863,63241,63943]}\n>p1 move quiverdance\n>p2 move stealthrock\n>p1 move quiverdance\n>p2 move sludgebomb\n>p1 move revelationdance\n>p2 move sludgebomb\n>p1 move revelationdance\n>p2 move sludgebomb\n>p2 switch 4\n>p1 move revelationdance\n>p2 move aquajet terastallize\n>p2 switch 6\n>p1 move roost\n>p2 move playrough\n>p1 move hurricane\n>p2 move playrough\n>p2 switch 5\n>p1 move revelationdance\n>p2 move yawn\n>p1 move revelationdance\n>p2 move lavaplume\n>p2 switch 3\n>p1 move roost\n>p2 move knockoff\n>p1 switch 5\n>p1 move bodypress\n>p2 move swordsdance\n>p1 move dragontail\n>p2 move swordsdance\n>p1 move dragontail\n>p2 move drainpunch\n>p1 switch 2\n>p1 move bravebird\n>p2 move machpunch\n>p1 switch 3\n>p1 move psychoboost\n>p2 move machpunch\n>chat \u2606Cavet|xiiiiii\n>p1 switch 6\n>p1 move outrage\n>p2 move drainpunch\n>p1 switch 4\n>chat \u2606Cavet|xiiiiiiii\n>p1 move sparklingaria\n>p2 move drainpunch", "uploadtime": 1733847076, "views": 2, "formatid": "gen9randombattle", "rating": 1010, "private": 0, "password": null}