{"id": "gen9randombattle-2260697097", "format": "[Gen 9] Random Battle", "players": ["necr0thicc", "Xinny"], "log": "|j|\u2606necr0thicc\n|j|\u2606Xinny\n|t:|1733879732\n|gametype|singles\n|player|p1|necr0thicc|bellelba|1506\n|player|p2|Xinny|ethan|1504\n|teamsize|p1|6\n|teamsize|p2|6\n|gen|9\n|tier|[Gen 9] Random Battle\n|rated|\n|rule|Species Clause: Limit one of each Pok\u00e9mon\n|rule|HP Percentage Mod: HP is shown in percentages\n|rule|Sleep Clause Mod: Limit one foe put to sleep\n|rule|Illusion Level Mod: Illusion disguises the Pok\u00e9mon's true level\n|\n|t:|1733879732\n|start\n|switch|p1a: Tauros|Tauros-Paldea-Aqua, L81, M|254/254\n|switch|p2a: Mimikyu|Mimikyu, L79, M|216/216\n|-ability|p1a: Tauros|Intimidate|boost\n|-unboost|p2a: Mimikyu|atk|1\n|turn|1\n|\n|t:|1733879748\n|move|p1a: Tauros|Bulk Up|p1a: Tauros\n|-boost|p1a: Tauros|atk|1\n|-boost|p1a: Tauros|def|1\n|move|p2a: Mimikyu|Swords Dance|p2a: Mimikyu\n|-boost|p2a: Mimikyu|atk|2\n|\n|upkeep\n|turn|2\n|\n|t:|1733879756\n|move|p1a: Tauros|Aqua Jet|p2a: Mimikyu\n|-activate|p2a: Mimikyu|ability: Disguise\n|-damage|p2a: Mimikyu|216/216\n|detailschange|p2a: Mimikyu|Mimikyu-Busted, L79, M\n|-damage|p2a: Mimikyu|189/216|[from] pokemon: Mimikyu-Busted\n|-damage|p1a: Tauros|229/254|[from] item: Life Orb\n|move|p2a: Mimikyu|Swords Dance|p2a: Mimikyu\n|-boost|p2a: Mimikyu|atk|2\n|\n|upkeep\n|turn|3\n|\n|t:|1733879760\n|move|p1a: Tauros|Liquidation|p2a: Mimikyu\n|-damage|p2a: Mimikyu|0 fnt\n|faint|p2a: Mimikyu\n|-damage|p1a: Tauros|204/254|[from] item: Life Orb\n|\n|upkeep\n|\n|t:|1733879765\n|switch|p2a: Iron Bundle|Iron Bundle, L77|213/213\n|turn|4\n|\n|t:|1733879776\n|switch|p1a: Regigigas|Regigigas, L84|322/322\n|-start|p1a: Regigigas|ability: Slow Start\n|move|p2a: Iron Bundle|Freeze-Dry|p1a: Regigigas\n|-damage|p1a: Regigigas|252/322\n|\n|-heal|p1a: Regigigas|272/322|[from] item: Leftovers\n|upkeep\n|turn|5\n|\n|t:|1733879783\n|move|p2a: Iron Bundle|Substitute|p2a: Iron Bundle\n|-start|p2a: Iron Bundle|Substitute\n|-damage|p2a: Iron Bundle|160/213\n|move|p1a: Regigigas|Body Slam|p2a: Iron Bundle\n|-end|p2a: Iron Bundle|Substitute\n|\n|-heal|p2a: Iron Bundle|173/213|[from] item: Leftovers\n|-heal|p1a: Regigigas|292/322|[from] item: Leftovers\n|upkeep\n|turn|6\n|\n|t:|1733879788\n|move|p2a: Iron Bundle|Freeze-Dry|p1a: Regigigas\n|-damage|p1a: Regigigas|228/322\n|move|p1a: Regigigas|Body Slam|p2a: Iron Bundle\n|-damage|p2a: Iron Bundle|109/213\n|\n|-heal|p2a: Iron Bundle|122/213|[from] item: Leftovers\n|-heal|p1a: Regigigas|248/322|[from] item: Leftovers\n|upkeep\n|turn|7\n|\n|t:|1733879797\n|move|p2a: Iron Bundle|Hydro Pump|p1a: Regigigas\n|-damage|p1a: Regigigas|149/322\n|move|p1a: Regigigas|Body Slam|p2a: Iron Bundle\n|-damage|p2a: Iron Bundle|61/213\n|-status|p2a: Iron Bundle|par\n|\n|-heal|p2a: Iron Bundle|74/213 par|[from] item: Leftovers\n|-heal|p1a: Regigigas|169/322|[from] item: Leftovers\n|upkeep\n|turn|8\n|\n|t:|1733879810\n|move|p1a: Regigigas|Protect|p1a: Regigigas\n|-singleturn|p1a: Regigigas|Protect\n|move|p2a: Iron Bundle|Hydro Pump|p1a: Regigigas\n|-activate|p1a: Regigigas|move: Protect\n|\n|-heal|p2a: Iron Bundle|87/213 par|[from] item: Leftovers\n|-heal|p1a: Regigigas|189/322|[from] item: Leftovers\n|upkeep\n|turn|9\n|\n|t:|1733879822\n|move|p2a: Iron Bundle|Hydro Pump|p1a: Regigigas\n|-damage|p1a: Regigigas|90/322\n|move|p1a: Regigigas|Substitute|p1a: Regigigas\n|-start|p1a: Regigigas|Substitute\n|-damage|p1a: Regigigas|10/322\n|\n|-heal|p2a: Iron Bundle|100/213 par|[from] item: Leftovers\n|-heal|p1a: Regigigas|30/322|[from] item: Leftovers\n|-end|p1a: Regigigas|Slow Start\n|upkeep\n|turn|10\n|\n|t:|1733879833\n|move|p1a: Regigigas|Knock Off|p2a: Iron Bundle\n|-damage|p2a: Iron Bundle|8/213 par\n|-enditem|p2a: Iron Bundle|Leftovers|[from] move: Knock Off|[of] p1a: Regigigas\n|cant|p2a: Iron Bundle|par\n|\n|-heal|p1a: Regigigas|50/322|[from] item: Leftovers\n|upkeep\n|turn|11\n|\n|t:|1733879842\n|move|p1a: Regigigas|Body Slam|p2a: Iron Bundle\n|-damage|p2a: Iron Bundle|0 fnt\n|faint|p2a: Iron Bundle\n|-end|p2a: Iron Bundle|Quark Drive|[silent]\n|\n|-heal|p1a: Regigigas|70/322|[from] item: Leftovers\n|upkeep\n|\n|t:|1733879846\n|switch|p2a: Venomoth|Venomoth, L84, F|255/255\n|turn|12\n|\n|t:|1733879853\n|move|p1a: Regigigas|Protect|p1a: Regigigas\n|-singleturn|p1a: Regigigas|Protect\n|move|p2a: Venomoth|Bug Buzz|p1a: Regigigas\n|-activate|p1a: Regigigas|move: Protect\n|\n|-heal|p1a: Regigigas|90/322|[from] item: Leftovers\n|upkeep\n|turn|13\n|\n|t:|1733879864\n|move|p1a: Regigigas|Knock Off|p2a: Venomoth\n|-damage|p2a: Venomoth|112/255\n|-enditem|p2a: Venomoth|Heavy-Duty Boots|[from] move: Knock Off|[of] p1a: Regigigas\n|move|p2a: Venomoth|Quiver Dance|p2a: Venomoth\n|-boost|p2a: Venomoth|spa|1\n|-boost|p2a: Venomoth|spd|1\n|-boost|p2a: Venomoth|spe|1\n|\n|-heal|p1a: Regigigas|110/322|[from] item: Leftovers\n|upkeep\n|turn|14\n|\n|t:|1733879869\n|move|p2a: Venomoth|Bug Buzz|p1a: Regigigas\n|-damage|p1a: Regigigas|0 fnt\n|faint|p1a: Regigigas\n|-end|p1a: Regigigas|Slow Start|[silent]\n|\n|upkeep\n|\n|t:|1733879881\n|switch|p1a: Swalot|Swalot, L90, M|326/326\n|turn|15\n|\n|t:|1733879886\n|move|p2a: Venomoth|Sleep Powder|p1a: Swalot\n|-status|p1a: Swalot|slp|[from] move: Sleep Powder\n|cant|p1a: Swalot|slp\n|\n|upkeep\n|turn|16\n|\n|t:|1733879891\n|move|p2a: Venomoth|Quiver Dance|p2a: Venomoth\n|-boost|p2a: Venomoth|spa|1\n|-boost|p2a: Venomoth|spd|1\n|-boost|p2a: Venomoth|spe|1\n|cant|p1a: Swalot|slp\n|\n|upkeep\n|turn|17\n|\n|t:|1733879896\n|move|p2a: Venomoth|Quiver Dance|p2a: Venomoth\n|-boost|p2a: Venomoth|spa|1\n|-boost|p2a: Venomoth|spd|1\n|-boost|p2a: Venomoth|spe|1\n|cant|p1a: Swalot|slp\n|\n|upkeep\n|turn|18\n|\n|t:|1733879900\n|move|p2a: Venomoth|Bug Buzz|p1a: Swalot\n|-resisted|p1a: Swalot\n|-damage|p1a: Swalot|128/326 slp\n|-curestatus|p1a: Swalot|slp|[msg]\n|move|p1a: Swalot|Earthquake|p2a: Venomoth\n|-damage|p2a: Venomoth|20/255\n|\n|-heal|p1a: Swalot|148/326|[from] item: Leftovers\n|upkeep\n|turn|19\n|\n|t:|1733879910\n|move|p2a: Venomoth|Bug Buzz|p1a: Swalot\n|-resisted|p1a: Swalot\n|-damage|p1a: Swalot|0 fnt\n|faint|p1a: Swalot\n|\n|upkeep\n|\n|t:|1733879914\n|switch|p1a: Tauros|Tauros-Paldea-Aqua, L81, M|204/254\n|-ability|p1a: Tauros|Intimidate|boost\n|-unboost|p2a: Venomoth|atk|1\n|turn|20\n|\n|t:|1733879917\n|move|p1a: Tauros|Aqua Jet|p2a: Venomoth\n|-damage|p2a: Venomoth|0 fnt\n|faint|p2a: Venomoth\n|-damage|p1a: Tauros|179/254|[from] item: Life Orb\n|\n|upkeep\n|\n|t:|1733879923\n|switch|p2a: Iron Valiant|Iron Valiant, L78|244/244\n|turn|21\n|\n|t:|1733879940\n|switch|p1a: Stonjourner|Stonjourner, L91, F|330/330\n|move|p2a: Iron Valiant|Moonblast|p1a: Stonjourner\n|-damage|p1a: Stonjourner|9/330\n|-damage|p2a: Iron Valiant|220/244|[from] item: Life Orb\n|\n|upkeep\n|turn|22\n|\n|t:|1733879945\n|move|p2a: Iron Valiant|Psychic|p1a: Stonjourner\n|-damage|p1a: Stonjourner|0 fnt\n|faint|p1a: Stonjourner\n|-damage|p2a: Iron Valiant|196/244|[from] item: Life Orb\n|\n|upkeep\n|\n|t:|1733879960\n|switch|p1a: Virizion|Virizion, L82|283/283\n|turn|23\n|\n|t:|1733879974\n|-terastallize|p2a: Iron Valiant|Fairy\n|-terastallize|p1a: Virizion|Rock\n|move|p2a: Iron Valiant|Moonblast|p1a: Virizion\n|-damage|p1a: Virizion|140/283\n|-damage|p2a: Iron Valiant|172/244|[from] item: Life Orb\n|move|p1a: Virizion|Leaf Blade|p2a: Iron Valiant\n|-damage|p2a: Iron Valiant|47/244\n|-damage|p1a: Virizion|112/283|[from] item: Life Orb\n|\n|upkeep\n|turn|24\n|\n|t:|1733879984\n|move|p2a: Iron Valiant|Moonblast|p1a: Virizion\n|-damage|p1a: Virizion|0 fnt\n|faint|p1a: Virizion\n|-damage|p2a: Iron Valiant|23/244|[from] item: Life Orb\n|\n|upkeep\n|\n|t:|1733879991\n|switch|p1a: Tauros|Tauros-Paldea-Aqua, L81, M|179/254\n|-ability|p1a: Tauros|Intimidate|boost\n|-unboost|p2a: Iron Valiant|atk|1\n|turn|25\n|\n|t:|1733879995\n|move|p1a: Tauros|Aqua Jet|p2a: Iron Valiant\n|-damage|p2a: Iron Valiant|0 fnt\n|faint|p2a: Iron Valiant\n|-end|p2a: Iron Valiant|Quark Drive|[silent]\n|-damage|p1a: Tauros|154/254|[from] item: Life Orb\n|\n|upkeep\n|\n|t:|1733879996\n|switch|p2a: Oricorio|Oricorio-Pa'u, L87, F|272/272\n|turn|26\n|\n|t:|1733880003\n|move|p2a: Oricorio|Revelation Dance|p1a: Tauros\n|-supereffective|p1a: Tauros\n|-damage|p1a: Tauros|0 fnt\n|faint|p1a: Tauros\n|\n|upkeep\n|\n|t:|1733880006\n|switch|p1a: Rayquaza|Rayquaza, L72|270/270\n|-ability|p1a: Rayquaza|Air Lock\n|turn|27\n|\n|t:|1733880025\n|move|p2a: Oricorio|Quiver Dance|p2a: Oricorio\n|-boost|p2a: Oricorio|spa|1\n|-boost|p2a: Oricorio|spd|1\n|-boost|p2a: Oricorio|spe|1\n|move|p1a: Rayquaza|Scale Shot|p2a: Oricorio|[miss]\n|-miss|p1a: Rayquaza|p2a: Oricorio\n|\n|upkeep\n|turn|28\n|\n|t:|1733880030\n|move|p2a: Oricorio|Hurricane|p1a: Rayquaza\n|-damage|p1a: Rayquaza|44/270\n|-start|p1a: Rayquaza|confusion\n|-activate|p1a: Rayquaza|confusion\n|-damage|p1a: Rayquaza|10/270|[from] confusion\n|\n|upkeep\n|turn|29\n|-message|necr0thicc forfeited.\n|\n|win|Xinny\n|raw|necr0thicc's rating: 1506 &rarr; <strong>1486</strong><br />(-20 for losing)\n|raw|Xinny's rating: 1504 &rarr; <strong>1524</strong><br />(+20 for winning)\n|l|\u2606necr0thicc\n|player|p1|\n", "inputlog": ">version bfd83cad13791eb5a5a409923076391caf6fb4d4\n>start {\"formatid\":\"gen9randombattle\",\"seed\":[15568,33808,19625,8795],\"rated\":\"Rated battle\"}\n>player p1 {\"name\":\"necr0thicc\",\"avatar\":\"bellelba\",\"rating\":1506,\"seed\":[43871,28446,23306,27409]}\n>player p2 {\"name\":\"Xinny\",\"avatar\":\"ethan\",\"rating\":1504,\"seed\":[9356,35260,44331,52085]}\n>p1 move bulkup\n>p2 move swordsdance\n>p1 move aquajet\n>p2 move swordsdance\n>p1 move liquidation\n>p2 move playrough\n>p2 switch 4\n>p1 switch 5\n>p2 move freezedry\n>p1 move bodyslam\n>p2 move substitute\n>p1 move bodyslam\n>p2 move freezedry\n>p1 move bodyslam\n>p2 move hydropump\n>p1 move protect\n>p2 move hydropump\n>p1 move substitute\n>p2 move hydropump\n>p1 move knockoff\n>p2 move freezedry\n>p1 move bodyslam\n>p2 move freezedry\n>p2 switch 3\n>p1 move protect\n>p2 move bugbuzz\n>p1 move knockoff\n>p2 move quiverdance\n>p1 move bodyslam\n>p2 move bugbuzz\n>p1 switch 2\n>p1 move earthquake\n>p2 move sleeppowder\n>p1 move earthquake\n>p2 move quiverdance\n>p1 move earthquake\n>p2 move quiverdance\n>p1 move earthquake\n>p2 move bugbuzz\n>p1 move earthquake\n>p2 move bugbuzz\n>p1 switch 5\n>p1 move aquajet\n>p2 move sleeppowder\n>p2 switch 6\n>p1 switch 6\n>p2 move moonblast\n>p1 move earthquake\n>p2 move psychic\n>p1 switch 3\n>p1 move leafblade terastallize\n>p2 move moonblast terastallize\n>p1 move leafblade\n>p2 move moonblast\n>p1 switch 6\n>p1 move aquajet\n>p2 move moonblast\n>p2 switch 2\n>p1 move bulkup\n>p2 move revelationdance\n>p1 switch 4\n>p1 move scaleshot\n>p2 move quiverdance\n>p1 move scaleshot\n>p2 move hurricane\n>forcelose p1", "uploadtime": 1733880046, "views": 11, "formatid": "gen9randombattle", "rating": 1486, "private": 0, "password": null}