{"id": "gen9randombattle-2260533335", "format": "[Gen 9] Random Battle", "players": ["Vajinbuuuu", "wichie"], "log": "|j|\u2606Vajinbuuuu\n|j|\u203dwichie\n|t:|1733860850\n|gametype|singles\n|player|p1|Vajinbuuuu|170|1544\n|player|p2|wichie|102|1568\n|teamsize|p1|6\n|teamsize|p2|6\n|gen|9\n|tier|[Gen 9] Random Battle\n|rated|\n|rule|Species Clause: Limit one of each Pok\u00e9mon\n|rule|HP Percentage Mod: HP is shown in percentages\n|rule|Sleep Clause Mod: Limit one foe put to sleep\n|rule|Illusion Level Mod: Illusion disguises the Pok\u00e9mon's true level\n|\n|t:|1733860850\n|start\n|switch|p1a: Toxicroak|Toxicroak, L84, F|277/277\n|switch|p2a: Dudunsparce|Dudunsparce, L83, F|343/343\n|turn|1\n|inactive|Battle timer is ON: inactive players will automatically lose when time's up. (requested by wichie)\n|inactive|Vajinbuuuu has 120 seconds left.\n|\n|t:|1733860897\n|switch|p2a: Gholdengo|Gholdengo, L77|261/261\n|move|p1a: Toxicroak|Swords Dance|p1a: Toxicroak\n|-boost|p1a: Toxicroak|atk|2\n|\n|upkeep\n|turn|2\n|\n|t:|1733860907\n|move|p1a: Toxicroak|Knock Off|p2a: Gholdengo\n|-supereffective|p2a: Gholdengo\n|-damage|p2a: Gholdengo|0 fnt\n|-enditem|p2a: Gholdengo|Leftovers|[from] move: Knock Off|[of] p1a: Toxicroak\n|faint|p2a: Gholdengo\n|-damage|p1a: Toxicroak|250/277|[from] item: Life Orb\n|\n|upkeep\n|\n|t:|1733860918\n|switch|p2a: Azelf|Azelf, L82|257/257\n|turn|3\n|\n|t:|1733860921\n|-terastallize|p1a: Toxicroak|Dark\n|move|p2a: Azelf|Psychic|p1a: Toxicroak\n|-immune|p1a: Toxicroak\n|move|p1a: Toxicroak|Knock Off|p2a: Azelf\n|-supereffective|p2a: Azelf\n|-damage|p2a: Azelf|0 fnt\n|-enditem|p2a: Azelf|Assault Vest|[from] move: Knock Off|[of] p1a: Toxicroak\n|faint|p2a: Azelf\n|-damage|p1a: Toxicroak|223/277|[from] item: Life Orb\n|\n|upkeep\n|\n|t:|1733860930\n|switch|p2a: Weavile|Weavile, L79, F|240/240\n|turn|4\n|\n|t:|1733860951\n|move|p2a: Weavile|Low Kick|p1a: Toxicroak\n|-supereffective|p1a: Toxicroak\n|-damage|p1a: Toxicroak|115/277\n|move|p1a: Toxicroak|Close Combat|p2a: Weavile\n|-supereffective|p2a: Weavile\n|-damage|p2a: Weavile|0 fnt\n|-unboost|p1a: Toxicroak|def|1\n|-unboost|p1a: Toxicroak|spd|1\n|faint|p2a: Weavile\n|-damage|p1a: Toxicroak|88/277|[from] item: Life Orb\n|\n|upkeep\n|\n|t:|1733860964\n|switch|p2a: Dudunsparce|Dudunsparce, L83, F|343/343\n|turn|5\n|\n|t:|1733860970\n|-terastallize|p2a: Dudunsparce|Ghost\n|move|p1a: Toxicroak|Knock Off|p2a: Dudunsparce\n|-supereffective|p2a: Dudunsparce\n|-crit|p2a: Dudunsparce\n|-damage|p2a: Dudunsparce|0 fnt\n|-enditem|p2a: Dudunsparce|Leftovers|[from] move: Knock Off|[of] p1a: Toxicroak\n|faint|p2a: Dudunsparce\n|-damage|p1a: Toxicroak|61/277|[from] item: Life Orb\n|\n|upkeep\n|\n|t:|1733860977\n|switch|p2a: Primarina|Primarina, L83, F|268/268\n|turn|6\n|c|\u2606Vajinbuuuu|knew predictable\n|\n|t:|1733860987\n|move|p1a: Toxicroak|Gunk Shot|p2a: Primarina\n|-supereffective|p2a: Primarina\n|-damage|p2a: Primarina|0 fnt\n|faint|p2a: Primarina\n|-damage|p1a: Toxicroak|34/277|[from] item: Life Orb\n|\n|upkeep\n|\n|t:|1733860991\n|switch|p2a: Goodra|Goodra, L85, F|292/292\n|turn|7\n|\n|t:|1733860995\n|move|p1a: Toxicroak|Close Combat|p2a: Goodra\n|-damage|p2a: Goodra|0 fnt\n|-unboost|p1a: Toxicroak|def|1\n|-unboost|p1a: Toxicroak|spd|1\n|faint|p2a: Goodra\n|-damage|p1a: Toxicroak|7/277|[from] item: Life Orb\n|\n|win|Vajinbuuuu\n|raw|Vajinbuuuu's rating: 1544 &rarr; <strong>1565</strong><br />(+21 for winning)\n|raw|wichie's rating: 1568 &rarr; <strong>1547</strong><br />(-21 for losing)\n|l|\u203dwichie\n|player|p2|\n|c|\u2606Vajinbuuuu|nah that was damn\n", "inputlog": ">version bfd83cad13791eb5a5a409923076391caf6fb4d4\n>start {\"formatid\":\"gen9randombattle\",\"seed\":[48298,128,15273,52326],\"rated\":\"Rated battle\"}\n>player p1 {\"name\":\"Vajinbuuuu\",\"avatar\":\"170\",\"rating\":1544,\"seed\":[46702,24927,11776,42120]}\n>player p2 {\"name\":\"wichie\",\"avatar\":\"102\",\"rating\":1568,\"seed\":[21085,33937,61626,21928]}\n>p1 move swordsdance\n>p2 switch 2\n>p1 move knockoff\n>p2 move makeitrain\n>p2 switch 4\n>p1 move knockoff terastallize\n>p2 move psychic\n>p2 switch 6\n>p1 move closecombat\n>p2 move lowkick\n>p2 switch 2\n>p1 move knockoff\n>p2 move boomburst terastallize\n>p2 switch 5\n>chat \u2606Vajinbuuuu|knew predictable\n>p1 move gunkshot\n>p2 move moonblast\n>p2 switch 3\n>p1 move closecombat\n>p2 move knockoff", "uploadtime": 1733861009, "views": 2, "formatid": "gen9randombattle", "rating": 1547, "private": 0, "password": null}