{"id": "gen9randombattle-2260480161", "format": "[Gen 9] Random Battle", "players": ["MEWOSAMASU", "R0nin_Crow"], "log": "|j|\u2606MEWOSAMASU\n|j|\u2606R0nin_Crow\n|t:|1733855674\n|gametype|singles\n|player|p1|MEWOSAMASU|266|1415\n|player|p2|R0nin_Crow|n|1435\n|teamsize|p1|6\n|teamsize|p2|6\n|gen|9\n|tier|[Gen 9] Random Battle\n|rated|\n|rule|Species Clause: Limit one of each Pok\u00e9mon\n|rule|HP Percentage Mod: HP is shown in percentages\n|rule|Sleep Clause Mod: Limit one foe put to sleep\n|rule|Illusion Level Mod: Illusion disguises the Pok\u00e9mon's true level\n|\n|t:|1733855674\n|start\n|switch|p1a: Hippowdon|Hippowdon, L82, M|311/311\n|switch|p2a: Noctowl|Noctowl, L95, F|344/344\n|-weather|Sandstorm|[from] ability: Sand Stream|[of] p1a: Hippowdon\n|turn|1\n|\n|t:|1733855690\n|switch|p2a: Swampert|Swampert, L83, F|302/302\n|move|p1a: Hippowdon|Stealth Rock|p2a: Swampert\n|-sidestart|p2: R0nin_Crow|move: Stealth Rock\n|\n|-weather|Sandstorm|[upkeep]\n|upkeep\n|turn|2\n|\n|t:|1733855717\n|switch|p1a: Ariados|Ariados, L95, F|287/287\n|move|p2a: Swampert|Ice Beam|p1a: Ariados\n|-damage|p1a: Ariados|229/287\n|\n|-weather|Sandstorm|[upkeep]\n|-damage|p1a: Ariados|212/287|[from] Sandstorm\n|upkeep\n|turn|3\n|\n|t:|1733855729\n|move|p2a: Swampert|Knock Off|p1a: Ariados\n|-damage|p1a: Ariados|137/287\n|-enditem|p1a: Ariados|Heavy-Duty Boots|[from] move: Knock Off|[of] p2a: Swampert\n|move|p1a: Ariados|Sticky Web|p2a: Swampert\n|-sidestart|p2: R0nin_Crow|move: Sticky Web\n|\n|-weather|Sandstorm|[upkeep]\n|-damage|p1a: Ariados|120/287|[from] Sandstorm\n|upkeep\n|turn|4\n|\n|t:|1733855749\n|move|p2a: Swampert|Ice Beam|p1a: Ariados\n|-damage|p1a: Ariados|59/287\n|move|p1a: Ariados|Poison Jab|p2a: Swampert\n|-resisted|p2a: Swampert\n|-damage|p2a: Swampert|249/302\n|-status|p2a: Swampert|psn\n|\n|-weather|Sandstorm|[upkeep]\n|-damage|p1a: Ariados|42/287|[from] Sandstorm\n|-heal|p2a: Swampert|267/302 psn|[from] item: Leftovers\n|-damage|p2a: Swampert|230/302 psn|[from] psn\n|upkeep\n|turn|5\n|\n|t:|1733855785\n|move|p2a: Swampert|Ice Beam|p1a: Ariados\n|-damage|p1a: Ariados|0 fnt\n|faint|p1a: Ariados\n|\n|-weather|none\n|-heal|p2a: Swampert|248/302 psn|[from] item: Leftovers\n|-damage|p2a: Swampert|211/302 psn|[from] psn\n|upkeep\n|\n|t:|1733855803\n|switch|p1a: Moltres|Moltres-Galar, L79|271/271\n|turn|6\n|\n|t:|1733855817\n|move|p1a: Moltres|Fiery Wrath|p2a: Swampert\n|-damage|p2a: Swampert|118/302 psn\n|move|p2a: Swampert|Ice Beam|p1a: Moltres\n|-supereffective|p1a: Moltres\n|-damage|p1a: Moltres|177/271\n|\n|-heal|p2a: Swampert|136/302 psn|[from] item: Leftovers\n|-damage|p2a: Swampert|99/302 psn|[from] psn\n|upkeep\n|turn|7\n|\n|t:|1733855828\n|move|p1a: Moltres|Nasty Plot|p1a: Moltres\n|-boost|p1a: Moltres|spa|2\n|move|p2a: Swampert|Yawn|p1a: Moltres\n|-start|p1a: Moltres|move: Yawn|[of] p2a: Swampert\n|\n|-heal|p2a: Swampert|117/302 psn|[from] item: Leftovers\n|-damage|p2a: Swampert|80/302 psn|[from] psn\n|upkeep\n|turn|8\n|\n|t:|1733855844\n|move|p1a: Moltres|Fiery Wrath|p2a: Swampert\n|-damage|p2a: Swampert|0 fnt\n|faint|p2a: Swampert\n|\n|-end|p1a: Moltres|move: Yawn|[silent]\n|-status|p1a: Moltres|slp\n|upkeep\n|-enditem|p1a: Moltres|Chesto Berry|[eat]\n|-curestatus|p1a: Moltres|slp|[msg]\n|\n|t:|1733855858\n|switch|p2a: Pachirisu|Pachirisu, L96, M|271/271\n|-damage|p2a: Pachirisu|238/271|[from] Stealth Rock\n|-activate|p2a: Pachirisu|move: Sticky Web\n|-unboost|p2a: Pachirisu|spe|1\n|turn|9\n|\n|t:|1733855906\n|-terastallize|p1a: Moltres|Steel\n|move|p1a: Moltres|Fiery Wrath|p2a: Pachirisu\n|-damage|p2a: Pachirisu|132/271\n|move|p2a: Pachirisu|Nuzzle|p1a: Moltres\n|-damage|p1a: Moltres|159/271\n|-status|p1a: Moltres|par\n|\n|upkeep\n|turn|10\n|\n|t:|1733855942\n|move|p2a: Pachirisu|Super Fang|p1a: Moltres|[miss]\n|-miss|p2a: Pachirisu|p1a: Moltres\n|cant|p1a: Moltres|par\n|\n|upkeep\n|turn|11\n|\n|t:|1733855967\n|move|p2a: Pachirisu|Super Fang|p1a: Moltres\n|-damage|p1a: Moltres|80/271 par\n|-ability|p1a: Moltres|Berserk|boost\n|-boost|p1a: Moltres|spa|1\n|move|p1a: Moltres|Rest|p1a: Moltres\n|-status|p1a: Moltres|slp|[from] move: Rest\n|-heal|p1a: Moltres|271/271 slp|[silent]\n|\n|upkeep\n|turn|12\n|\n|t:|1733855983\n|switch|p2a: Lugia|Lugia, L72|272/272\n|cant|p1a: Moltres|slp\n|\n|upkeep\n|turn|13\n|\n|t:|1733855991\n|move|p2a: Lugia|Calm Mind|p2a: Lugia\n|-boost|p2a: Lugia|spa|1\n|-boost|p2a: Lugia|spd|1\n|cant|p1a: Moltres|slp\n|\n|upkeep\n|turn|14\n|\n|t:|1733856000\n|-terastallize|p2a: Lugia|Ground\n|move|p2a: Lugia|Earth Power|p1a: Moltres\n|-supereffective|p1a: Moltres\n|-damage|p1a: Moltres|119/271 slp\n|-ability|p1a: Moltres|Berserk|boost\n|-boost|p1a: Moltres|spa|1\n|-curestatus|p1a: Moltres|slp|[msg]\n|move|p1a: Moltres|Fiery Wrath|p2a: Lugia\n|-damage|p2a: Lugia|210/272\n|\n|upkeep\n|turn|15\n|\n|t:|1733856012\n|move|p2a: Lugia|Earth Power|p1a: Moltres\n|-supereffective|p1a: Moltres\n|-damage|p1a: Moltres|0 fnt\n|faint|p1a: Moltres\n|\n|upkeep\n|\n|t:|1733856023\n|switch|p1a: Flutter Mane|Flutter Mane, L74|203/203\n|turn|16\n|\n|t:|1733856033\n|move|p1a: Flutter Mane|Calm Mind|p1a: Flutter Mane\n|-boost|p1a: Flutter Mane|spa|1\n|-boost|p1a: Flutter Mane|spd|1\n|move|p2a: Lugia|Earth Power|p1a: Flutter Mane\n|-damage|p1a: Flutter Mane|149/203\n|\n|upkeep\n|turn|17\n|\n|t:|1733856041\n|move|p1a: Flutter Mane|Moonblast|p2a: Lugia\n|-damage|p2a: Lugia|103/272\n|-damage|p1a: Flutter Mane|129/203|[from] item: Life Orb\n|move|p2a: Lugia|Calm Mind|p2a: Lugia\n|-boost|p2a: Lugia|spa|1\n|-boost|p2a: Lugia|spd|1\n|\n|upkeep\n|turn|18\n|\n|t:|1733856049\n|move|p1a: Flutter Mane|Moonblast|p2a: Lugia\n|-damage|p2a: Lugia|32/272\n|-damage|p1a: Flutter Mane|109/203|[from] item: Life Orb\n|move|p2a: Lugia|Recover|p2a: Lugia\n|-heal|p2a: Lugia|168/272\n|\n|upkeep\n|turn|19\n|\n|t:|1733856056\n|move|p1a: Flutter Mane|Calm Mind|p1a: Flutter Mane\n|-boost|p1a: Flutter Mane|spa|1\n|-boost|p1a: Flutter Mane|spd|1\n|move|p2a: Lugia|Calm Mind|p2a: Lugia\n|-boost|p2a: Lugia|spa|1\n|-boost|p2a: Lugia|spd|1\n|\n|upkeep\n|turn|20\n|\n|t:|1733856066\n|move|p1a: Flutter Mane|Calm Mind|p1a: Flutter Mane\n|-boost|p1a: Flutter Mane|spa|1\n|-boost|p1a: Flutter Mane|spd|1\n|move|p2a: Lugia|Aeroblast|p1a: Flutter Mane\n|-damage|p1a: Flutter Mane|52/203\n|\n|upkeep\n|turn|21\n|\n|t:|1733856072\n|move|p1a: Flutter Mane|Moonblast|p2a: Lugia\n|-damage|p2a: Lugia|67/272\n|-unboost|p2a: Lugia|spa|1\n|-damage|p1a: Flutter Mane|32/203|[from] item: Life Orb\n|move|p2a: Lugia|Aeroblast|p1a: Flutter Mane\n|-damage|p1a: Flutter Mane|0 fnt\n|faint|p1a: Flutter Mane\n|-end|p1a: Flutter Mane|Protosynthesis|[silent]\n|\n|upkeep\n|\n|t:|1733856093\n|switch|p1a: Iron Jugulis|Iron Jugulis, L78|275/275\n|turn|22\n|\n|t:|1733856099\n|move|p1a: Iron Jugulis|Hurricane|p2a: Lugia\n|-damage|p2a: Lugia|34/272\n|move|p2a: Lugia|Aeroblast|p1a: Iron Jugulis\n|-crit|p1a: Iron Jugulis\n|-damage|p1a: Iron Jugulis|14/275\n|\n|upkeep\n|turn|23\n|\n|t:|1733856106\n|move|p1a: Iron Jugulis|Hurricane|p2a: Lugia|[miss]\n|-miss|p1a: Iron Jugulis|p2a: Lugia\n|move|p2a: Lugia|Recover|p2a: Lugia\n|-heal|p2a: Lugia|170/272\n|\n|upkeep\n|turn|24\n|-message|MEWOSAMASU forfeited.\n|\n|win|R0nin_Crow\n|raw|MEWOSAMASU's rating: 1415 &rarr; <strong>1396</strong><br />(-19 for losing)\n|raw|R0nin_Crow's rating: 1435 &rarr; <strong>1454</strong><br />(+19 for winning)\n|l|\u2606MEWOSAMASU\n|player|p1|\n", "inputlog": ">version bfd83cad13791eb5a5a409923076391caf6fb4d4\n>start {\"formatid\":\"gen9randombattle\",\"seed\":[59178,35057,36845,34824],\"rated\":\"Rated battle\"}\n>player p1 {\"name\":\"MEWOSAMASU\",\"avatar\":\"266\",\"rating\":1415,\"seed\":[28209,27680,5144,56910]}\n>player p2 {\"name\":\"R0nin_Crow\",\"avatar\":\"n\",\"rating\":1435,\"seed\":[19014,27521,6995,54438]}\n>p1 move stealthrock\n>p2 switch 4\n>p1 switch 4\n>p2 move icebeam\n>p1 move stickyweb\n>p2 move knockoff\n>p1 move poisonjab\n>p2 move icebeam\n>p1 move toxicspikes\n>p2 move icebeam\n>p1 switch 3\n>p1 move fierywrath\n>p2 move icebeam\n>p1 move nastyplot\n>p2 move yawn\n>p1 move fierywrath\n>p2 move icebeam\n>p2 switch 3\n>p1 move fierywrath terastallize\n>p2 move nuzzle\n>p1 move rest\n>p2 move superfang\n>p1 move rest\n>p2 move superfang\n>p1 move fierywrath\n>p2 switch 5\n>p1 move hurricane\n>p2 move calmmind\n>p1 move fierywrath\n>p2 move earthpower terastallize\n>p1 move hurricane\n>p2 move earthpower\n>p1 switch 5\n>p1 move calmmind\n>p2 move earthpower\n>p1 move moonblast\n>p2 move calmmind\n>p1 move moonblast\n>p2 move recover\n>p1 move calmmind\n>p2 move calmmind\n>p1 move calmmind\n>p2 move aeroblast\n>p1 move moonblast\n>p2 move aeroblast\n>p1 switch 2\n>p1 move hurricane\n>p2 move aeroblast\n>p1 move hurricane\n>p2 move recover\n>forcelose p1", "uploadtime": 1733856116, "views": 11, "formatid": "gen9randombattle", "rating": 1396, "private": 0, "password": null}