{"id": "gen9randombattle-2260330588", "format": "[Gen 9] Random Battle", "players": ["bohabwestee", "Cringgee"], "log": "|j|\u2606bohabwestee\n|j|\u2606Cringgee\n|t:|1733840701\n|gametype|singles\n|player|p1|bohabwestee|170|1346\n|player|p2|Cringgee|pokekid|1398\n|teamsize|p1|6\n|teamsize|p2|6\n|gen|9\n|tier|[Gen 9] Random Battle\n|rated|\n|rule|Species Clause: Limit one of each Pok\u00e9mon\n|rule|HP Percentage Mod: HP is shown in percentages\n|rule|Sleep Clause Mod: Limit one foe put to sleep\n|rule|Illusion Level Mod: Illusion disguises the Pok\u00e9mon's true level\n|\n|t:|1733840701\n|start\n|switch|p1a: Cryogonal|Cryogonal, L89|287/287\n|switch|p2a: Arcanine|Arcanine, L84, M|288/288\n|-ability|p2a: Arcanine|Intimidate|boost\n|-unboost|p1a: Cryogonal|atk|1\n|turn|1\n|inactive|Battle timer is ON: inactive players will automatically lose when time's up. (requested by bohabwestee)\n|\n|t:|1733840719\n|switch|p1a: Skuntank|Skuntank, L84, F|310/310\n|move|p2a: Arcanine|Flare Blitz|p1a: Skuntank\n|-damage|p1a: Skuntank|132/310\n|-status|p1a: Skuntank|brn\n|-damage|p2a: Arcanine|229/288|[from] Recoil\n|\n|-damage|p1a: Skuntank|113/310 brn|[from] brn\n|upkeep\n|turn|2\n|inactive|bohabwestee has 120 seconds left.\n|\n|t:|1733840778\n|move|p2a: Arcanine|Extreme Speed|p1a: Skuntank\n|-damage|p1a: Skuntank|34/310 brn\n|move|p1a: Skuntank|Sucker Punch||[still]\n|-fail|p1a: Skuntank\n|\n|-damage|p1a: Skuntank|15/310 brn|[from] brn\n|upkeep\n|turn|3\n|\n|t:|1733840786\n|move|p2a: Arcanine|Extreme Speed|p1a: Skuntank\n|-damage|p1a: Skuntank|0 fnt\n|-damage|p2a: Arcanine|157/288|[from] ability: Aftermath|[of] p1a: Skuntank\n|faint|p1a: Skuntank\n|\n|upkeep\n|inactive|bohabwestee has 90 seconds left.\n|inactive|bohabwestee has 60 seconds left.\n|\n|t:|1733840836\n|switch|p1a: Gliscor|Gliscor, L76, M|239/239\n|turn|4\n|\n|t:|1733840842\n|move|p1a: Gliscor|Protect|p1a: Gliscor\n|-singleturn|p1a: Gliscor|Protect\n|move|p2a: Arcanine|Morning Sun|p2a: Arcanine\n|-heal|p2a: Arcanine|288/288\n|\n|-status|p1a: Gliscor|tox|[from] item: Toxic Orb\n|upkeep\n|turn|5\n|\n|t:|1733840848\n|move|p2a: Arcanine|Flare Blitz|p1a: Gliscor\n|-damage|p1a: Gliscor|131/239 tox\n|-damage|p2a: Arcanine|252/288|[from] Recoil\n|move|p1a: Gliscor|Toxic|p2a: Arcanine\n|-status|p2a: Arcanine|tox\n|\n|-damage|p2a: Arcanine|234/288 tox|[from] psn\n|-heal|p1a: Gliscor|160/239 tox|[from] ability: Poison Heal\n|upkeep\n|turn|6\n|\n|t:|1733840859\n|move|p1a: Gliscor|Protect|p1a: Gliscor\n|-singleturn|p1a: Gliscor|Protect\n|move|p2a: Arcanine|Extreme Speed|p1a: Gliscor\n|-activate|p1a: Gliscor|move: Protect\n|\n|-damage|p2a: Arcanine|198/288 tox|[from] psn\n|-heal|p1a: Gliscor|189/239 tox|[from] ability: Poison Heal\n|upkeep\n|turn|7\n|inactive|bohabwestee has 90 seconds left.\n|\n|t:|1733840878\n|move|p1a: Gliscor|Protect|p1a: Gliscor\n|-singleturn|p1a: Gliscor|Protect\n|move|p2a: Arcanine|Flare Blitz|p1a: Gliscor\n|-activate|p1a: Gliscor|move: Protect\n|\n|-damage|p2a: Arcanine|144/288 tox|[from] psn\n|-heal|p1a: Gliscor|218/239 tox|[from] ability: Poison Heal\n|upkeep\n|turn|8\n|\n|t:|1733840883\n|move|p2a: Arcanine|Flare Blitz|p1a: Gliscor\n|-damage|p1a: Gliscor|104/239 tox\n|-damage|p2a: Arcanine|106/288 tox|[from] Recoil\n|move|p1a: Gliscor|Substitute|p1a: Gliscor\n|-start|p1a: Gliscor|Substitute\n|-damage|p1a: Gliscor|45/239 tox\n|\n|-damage|p2a: Arcanine|34/288 tox|[from] psn\n|-heal|p1a: Gliscor|74/239 tox|[from] ability: Poison Heal\n|upkeep\n|turn|9\n|\n|t:|1733840889\n|move|p1a: Gliscor|Protect|p1a: Gliscor\n|-singleturn|p1a: Gliscor|Protect\n|move|p2a: Arcanine|Extreme Speed|p1a: Gliscor\n|-activate|p1a: Gliscor|move: Protect\n|\n|-damage|p2a: Arcanine|0 fnt|[from] psn\n|faint|p2a: Arcanine\n|-heal|p1a: Gliscor|103/239 tox|[from] ability: Poison Heal\n|upkeep\n|\n|t:|1733840907\n|switch|p2a: Moltres|Moltres-Galar, L79|271/271\n|turn|10\n|\n|t:|1733840913\n|move|p1a: Gliscor|Toxic|p2a: Moltres\n|-status|p2a: Moltres|tox\n|move|p2a: Moltres|Fiery Wrath|p1a: Gliscor\n|-end|p1a: Gliscor|Substitute\n|\n|-heal|p1a: Gliscor|132/239 tox|[from] ability: Poison Heal\n|-damage|p2a: Moltres|255/271 tox|[from] psn\n|upkeep\n|turn|11\n|\n|t:|1733840920\n|move|p1a: Gliscor|Protect|p1a: Gliscor\n|-singleturn|p1a: Gliscor|Protect\n|move|p2a: Moltres|Nasty Plot|p2a: Moltres\n|-boost|p2a: Moltres|spa|2\n|\n|-heal|p1a: Gliscor|161/239 tox|[from] ability: Poison Heal\n|-damage|p2a: Moltres|223/271 tox|[from] psn\n|upkeep\n|turn|12\n|\n|t:|1733840924\n|switch|p1a: Cryogonal|Cryogonal, L89|287/287\n|move|p2a: Moltres|Fiery Wrath|p1a: Cryogonal\n|-damage|p1a: Cryogonal|172/287\n|\n|-damage|p2a: Moltres|175/271 tox|[from] psn\n|upkeep\n|turn|13\n|\n|t:|1733840933\n|-terastallize|p2a: Moltres|Steel\n|move|p1a: Cryogonal|Recover|p1a: Cryogonal\n|-heal|p1a: Cryogonal|287/287\n|move|p2a: Moltres|Hurricane|p1a: Cryogonal\n|-damage|p1a: Cryogonal|149/287\n|\n|-damage|p2a: Moltres|111/271 tox|[from] psn\n|upkeep\n|turn|14\n|\n|t:|1733840940\n|move|p1a: Cryogonal|Recover|p1a: Cryogonal\n|-heal|p1a: Cryogonal|287/287\n|move|p2a: Moltres|Rest|p2a: Moltres\n|-status|p2a: Moltres|slp|[from] move: Rest\n|-heal|p2a: Moltres|271/271 slp|[silent]\n|-enditem|p2a: Moltres|Chesto Berry|[eat]\n|-curestatus|p2a: Moltres|slp|[msg]\n|\n|upkeep\n|turn|15\n|\n|t:|1733840952\n|move|p1a: Cryogonal|Ice Beam|p2a: Moltres\n|-resisted|p2a: Moltres\n|-damage|p2a: Moltres|229/271\n|move|p2a: Moltres|Nasty Plot|p2a: Moltres\n|-boost|p2a: Moltres|spa|2\n|\n|upkeep\n|turn|16\n|\n|t:|1733840962\n|move|p1a: Cryogonal|Ice Beam|p2a: Moltres\n|-resisted|p2a: Moltres\n|-damage|p2a: Moltres|187/271\n|-status|p2a: Moltres|frz\n|cant|p2a: Moltres|frz\n|\n|upkeep\n|turn|17\n|\n|t:|1733840966\n|switch|p1a: Gliscor|Gliscor, L76, M|161/239 tox\n|cant|p2a: Moltres|frz\n|\n|-heal|p1a: Gliscor|190/239 tox|[from] ability: Poison Heal\n|upkeep\n|turn|18\n|\n|t:|1733840968\n|move|p1a: Gliscor|Substitute|p1a: Gliscor\n|-start|p1a: Gliscor|Substitute\n|-damage|p1a: Gliscor|131/239 tox\n|cant|p2a: Moltres|frz\n|\n|-heal|p1a: Gliscor|160/239 tox|[from] ability: Poison Heal\n|upkeep\n|turn|19\n|\n|t:|1733840971\n|move|p1a: Gliscor|Earthquake|p2a: Moltres\n|-supereffective|p2a: Moltres\n|-crit|p2a: Moltres\n|-damage|p2a: Moltres|0 fnt\n|faint|p2a: Moltres\n|\n|-heal|p1a: Gliscor|189/239 tox|[from] ability: Poison Heal\n|upkeep\n|\n|t:|1733840975\n|switch|p2a: Iron Hands|Iron Hands, L79|373/373\n|turn|20\n|\n|t:|1733840979\n|move|p1a: Gliscor|Protect|p1a: Gliscor\n|-singleturn|p1a: Gliscor|Protect\n|move|p2a: Iron Hands|Ice Punch|p1a: Gliscor\n|-activate|p1a: Gliscor|move: Protect\n|\n|-heal|p1a: Gliscor|218/239 tox|[from] ability: Poison Heal\n|upkeep\n|turn|21\n|-message|Cringgee forfeited.\n|\n|win|bohabwestee\n|raw|bohabwestee's rating: 1389 &rarr; <strong>1410</strong><br />(+21 for winning)\n|raw|Cringgee's rating: 1398 &rarr; <strong>1377</strong><br />(-21 for losing)\n|l|\u2606Cringgee\n|player|p2|\n", "inputlog": ">version bfd83cad13791eb5a5a409923076391caf6fb4d4\n>start {\"formatid\":\"gen9randombattle\",\"seed\":[51257,29940,4194,62395],\"rated\":\"Rated battle\"}\n>player p1 {\"name\":\"bohabwestee\",\"avatar\":\"170\",\"rating\":1346,\"seed\":[54649,10949,49051,39900]}\n>player p2 {\"name\":\"Cringgee\",\"avatar\":\"pokekid\",\"rating\":1398,\"seed\":[6252,2047,57672,5787]}\n>p1 switch 5\n>p2 move flareblitz\n>p1 move suckerpunch\n>p2 move extremespeed\n>p1 move gunkshot\n>p2 move extremespeed\n>p1 switch 6\n>p1 move protect\n>p2 move morningsun\n>p1 move toxic\n>p2 move flareblitz\n>p1 move protect\n>p2 move extremespeed\n>p1 move protect\n>p2 move flareblitz\n>p1 move substitute\n>p2 move flareblitz\n>p1 move protect\n>p2 move extremespeed\n>p2 switch 5\n>p1 move toxic\n>p2 move fierywrath\n>p1 move protect\n>p2 move nastyplot\n>p1 switch 5\n>p2 move fierywrath\n>p1 move recover\n>p2 move hurricane terastallize\n>p1 move recover\n>p2 move rest\n>p1 move icebeam\n>p2 move nastyplot\n>p1 move icebeam\n>p2 move nastyplot\n>p1 switch 5\n>p2 move nastyplot\n>p1 move substitute\n>p2 move fierywrath\n>p1 move earthquake\n>p2 move fierywrath\n>p2 switch 3\n>p1 move protect\n>p2 move icepunch\n>forcelose p2", "uploadtime": 1733840989, "views": 1, "formatid": "gen9randombattle", "rating": 1377, "private": 0, "password": null}