{"id": "gen9randombattle-2149997026", "format": "[Gen 9] Random Battle", "players": ["Petros", "Michielleus"], "log": "|badge|p1|silver|gen9randombattle|30-1\n|uhtml|medal-msg|<div class=\"broadcast-blue\">Curious what those medals under the avatar are? PS now has Ladder Seasons! For more information, check out the <a href=\"https://www.smogon.com/forums/threads/3740067/\">thread on Smogon.</a></div>\n|badge|p2|silver|gen9randombattle|30-1\n|uhtml|medal-msg|<div class=\"broadcast-blue\">Curious what those medals under the avatar are? PS now has Ladder Seasons! For more information, check out the <a href=\"https://www.smogon.com/forums/threads/3740067/\">thread on Smogon.</a></div>\n|j|\u2606Petros\n|j|\u2606Michielleus\n|t:|1719349139\n|gametype|singles\n|player|p1|Petros|#rbtt7teamdarkrai|2422\n|player|p2|Michielleus|#michielleus|2485\n|teamsize|p1|6\n|teamsize|p2|6\n|gen|9\n|tier|[Gen 9] Random Battle\n|rated|\n|rule|Species Clause: Limit one of each Pok\u00e9mon\n|rule|HP Percentage Mod: HP is shown in percentages\n|rule|Sleep Clause Mod: Limit one foe put to sleep\n|rule|Illusion Level Mod: Illusion disguises the Pok\u00e9mon's true level\n|\n|t:|1719349139\n|start\n|switch|p1a: Landorus|Landorus, L75, M|257/257\n|switch|p2a: Gothitelle|Gothitelle, L90, M|272/272\n|turn|1\n|inactive|Battle timer is ON: inactive players will automatically lose when time's up. (requested by Petros)\n|inactive|Michielleus also wants the timer to be on.\n|c|\u2606Petros|glhf\n|c|\u2606Michielleus|glhf\n|inactive|Petros has 120 seconds left.\n|\n|t:|1719349171\n|move|p2a: Gothitelle|Trick|p1a: Landorus\n|-activate|p2a: Gothitelle|move: Trick|[of] p1a: Landorus\n|-item|p1a: Landorus|Choice Scarf|[from] move: Trick\n|-item|p2a: Gothitelle|Life Orb|[from] move: Trick\n|move|p1a: Landorus|Earth Power|p2a: Gothitelle\n|-damage|p2a: Gothitelle|181/272\n|\n|upkeep\n|turn|2\n|\n|t:|1719349177\n|switch|p2a: Hawlucha|Hawlucha, L80, M|256/256\n|move|p1a: Landorus|Earth Power|p2a: Hawlucha\n|-immune|p2a: Hawlucha\n|\n|upkeep\n|turn|3\n|\n|t:|1719349189\n|switch|p1a: Illumise|Illumise, L91, F|266/266\n|move|p2a: Hawlucha|Swords Dance|p2a: Hawlucha\n|-boost|p2a: Hawlucha|atk|2\n|\n|upkeep\n|turn|4\n|\n|t:|1719349204\n|move|p1a: Illumise|Thunder Wave|p2a: Hawlucha\n|-status|p2a: Hawlucha|par\n|move|p2a: Hawlucha|Close Combat|p1a: Illumise\n|-resisted|p1a: Illumise\n|-damage|p1a: Illumise|143/266\n|-unboost|p2a: Hawlucha|def|1\n|-unboost|p2a: Hawlucha|spd|1\n|-enditem|p2a: Hawlucha|White Herb\n|-clearnegativeboost|p2a: Hawlucha|[silent]\n|\n|upkeep\n|turn|5\n|\n|t:|1719349219\n|move|p1a: Illumise|Encore|p2a: Hawlucha\n|-start|p2a: Hawlucha|Encore\n|move|p2a: Hawlucha|Close Combat|p1a: Illumise\n|-resisted|p1a: Illumise\n|-damage|p1a: Illumise|29/266\n|-unboost|p2a: Hawlucha|def|1\n|-unboost|p2a: Hawlucha|spd|1\n|\n|upkeep\n|turn|6\n|\n|t:|1719349224\n|move|p1a: Illumise|Roost|p1a: Illumise\n|-heal|p1a: Illumise|162/266\n|-singleturn|p1a: Illumise|move: Roost\n|cant|p2a: Hawlucha|par\n|\n|upkeep\n|turn|7\n|\n|t:|1719349250\n|cant|p2a: Hawlucha|par\n|move|p1a: Illumise|Bug Buzz|p2a: Hawlucha\n|-resisted|p2a: Hawlucha\n|-damage|p2a: Hawlucha|207/256 par\n|\n|-end|p2a: Hawlucha|Encore\n|upkeep\n|turn|8\n|\n|t:|1719349258\n|move|p1a: Illumise|Encore|p2a: Hawlucha\n|-start|p2a: Hawlucha|Encore\n|move|p2a: Hawlucha|Close Combat|p1a: Illumise\n|-resisted|p1a: Illumise\n|-damage|p1a: Illumise|42/266\n|-unboost|p2a: Hawlucha|def|1\n|-unboost|p2a: Hawlucha|spd|1\n|\n|upkeep\n|turn|9\n|\n|t:|1719349263\n|move|p1a: Illumise|Roost|p1a: Illumise\n|-heal|p1a: Illumise|175/266\n|-singleturn|p1a: Illumise|move: Roost\n|move|p2a: Hawlucha|Close Combat|p1a: Illumise\n|-resisted|p1a: Illumise\n|-damage|p1a: Illumise|52/266\n|-unboost|p2a: Hawlucha|def|1\n|-unboost|p2a: Hawlucha|spd|1\n|\n|upkeep\n|turn|10\n|\n|t:|1719349269\n|move|p1a: Illumise|Roost|p1a: Illumise\n|-heal|p1a: Illumise|185/266\n|-singleturn|p1a: Illumise|move: Roost\n|move|p2a: Hawlucha|Close Combat|p1a: Illumise\n|-resisted|p1a: Illumise\n|-damage|p1a: Illumise|65/266\n|-unboost|p2a: Hawlucha|def|1\n|-unboost|p2a: Hawlucha|spd|1\n|\n|-end|p2a: Hawlucha|Encore\n|upkeep\n|turn|11\n|\n|t:|1719349286\n|move|p1a: Illumise|Encore|p2a: Hawlucha\n|-start|p2a: Hawlucha|Encore\n|cant|p2a: Hawlucha|par\n|\n|upkeep\n|turn|12\n|\n|t:|1719349295\n|move|p1a: Illumise|Roost|p1a: Illumise\n|-heal|p1a: Illumise|198/266\n|-singleturn|p1a: Illumise|move: Roost\n|cant|p2a: Hawlucha|par\n|\n|upkeep\n|turn|13\n|\n|t:|1719349299\n|switch|p2a: Furret|Furret, L93, F|309/309\n|-item|p1a: Illumise|Heavy-Duty Boots|[from] ability: Frisk|[of] p2a: Furret|[identify]\n|move|p1a: Illumise|Bug Buzz|p2a: Furret\n|-damage|p2a: Furret|200/309\n|\n|upkeep\n|turn|14\n|\n|t:|1719349319\n|switch|p2a: Hawlucha|Hawlucha, L80, M|207/256 par\n|move|p1a: Illumise|Thunder Wave|p2a: Hawlucha\n|-fail|p2a: Hawlucha|par\n|\n|upkeep\n|turn|15\n|\n|t:|1719349325\n|switch|p1a: Zapdos|Zapdos, L78|268/268\n|move|p2a: Hawlucha|Acrobatics|p1a: Zapdos\n|-resisted|p1a: Zapdos\n|-damage|p1a: Zapdos|212/268\n|\n|upkeep\n|turn|16\n|\n|t:|1719349334\n|move|p1a: Zapdos|Discharge|p2a: Hawlucha\n|-supereffective|p2a: Hawlucha\n|-damage|p2a: Hawlucha|0 fnt\n|faint|p2a: Hawlucha\n|\n|upkeep\n|\n|t:|1719349337\n|switch|p2a: Froslass|Froslass, L87, F|263/263\n|turn|17\n|\n|t:|1719349355\n|switch|p1a: Gurdurr|Gurdurr, L85, F|283/283\n|move|p2a: Froslass|Triple Axel|p1a: Gurdurr\n|-damage|p1a: Gurdurr|270/283\n|-damage|p1a: Gurdurr|240/283\n|-crit|p1a: Gurdurr\n|-damage|p1a: Gurdurr|177/283\n|-hitcount|p1a: Gurdurr|3\n|\n|upkeep\n|turn|18\n|j| un lucky manny\n|j| CutePokesOnly\n|\n|t:|1719349364\n|switch|p2a: Arceus|Arceus-Water, L71|288/288\n|move|p1a: Gurdurr|Knock Off|p2a: Arceus\n|-crit|p2a: Arceus\n|-damage|p2a: Arceus|218/288\n|\n|upkeep\n|turn|19\n|\n|t:|1719349391\n|switch|p1a: Illumise|Illumise, L91, F|198/266\n|move|p2a: Arceus|Judgment|p1a: Illumise\n|-damage|p1a: Illumise|95/266\n|\n|upkeep\n|turn|20\n|\n|t:|1719349398\n|move|p1a: Illumise|Roost|p1a: Illumise\n|-heal|p1a: Illumise|228/266\n|-singleturn|p1a: Illumise|move: Roost\n|move|p2a: Arceus|Judgment|p1a: Illumise\n|-damage|p1a: Illumise|128/266\n|\n|upkeep\n|turn|21\n|\n|t:|1719349405\n|switch|p2a: Furret|Furret, L93, F|200/309\n|-item|p1a: Illumise|Heavy-Duty Boots|[from] ability: Frisk|[of] p2a: Furret|[identify]\n|move|p1a: Illumise|Thunder Wave|p2a: Furret\n|-status|p2a: Furret|par\n|\n|upkeep\n|turn|22\n|\n|t:|1719349412\n|move|p1a: Illumise|Roost|p1a: Illumise\n|-heal|p1a: Illumise|261/266\n|-singleturn|p1a: Illumise|move: Roost\n|move|p2a: Furret|Double-Edge|p1a: Illumise\n|-damage|p1a: Illumise|86/266\n|-damage|p2a: Furret|142/309 par|[from] Recoil\n|-damage|p2a: Furret|112/309 par|[from] item: Life Orb\n|\n|upkeep\n|turn|23\n|\n|t:|1719349423\n|move|p1a: Illumise|Roost|p1a: Illumise\n|-heal|p1a: Illumise|219/266\n|-singleturn|p1a: Illumise|move: Roost\n|move|p2a: Furret|Knock Off|p1a: Illumise\n|-damage|p1a: Illumise|125/266\n|-enditem|p1a: Illumise|Heavy-Duty Boots|[from] move: Knock Off|[of] p2a: Furret\n|-damage|p2a: Furret|82/309 par|[from] item: Life Orb\n|\n|upkeep\n|turn|24\n|\n|t:|1719349431\n|switch|p2a: Froslass|Froslass, L87, F|263/263\n|move|p1a: Illumise|Bug Buzz|p2a: Froslass\n|-resisted|p2a: Froslass\n|-damage|p2a: Froslass|208/263\n|-start|p1a: Illumise|Disable|Bug Buzz|[from] ability: Cursed Body|[of] p2a: Froslass\n|\n|upkeep\n|turn|25\n|inactive|Petros has 120 seconds left.\n|\n|t:|1719349469\n|move|p1a: Illumise|Thunder Wave|p2a: Froslass\n|-status|p2a: Froslass|par\n|move|p2a: Froslass|Spikes|p1a: Illumise\n|-sidestart|p1: Petros|Spikes\n|\n|upkeep\n|turn|26\n|inactive|Petros has 120 seconds left.\n|\n|t:|1719349482\n|move|p1a: Illumise|Roost|p1a: Illumise\n|-heal|p1a: Illumise|258/266\n|-singleturn|p1a: Illumise|move: Roost\n|cant|p2a: Froslass|par\n|\n|upkeep\n|turn|27\n|inactive|Petros has 120 seconds left.\n|\n|t:|1719349495\n|switch|p1a: Gurdurr|Gurdurr, L85, F|177/283\n|-damage|p1a: Gurdurr|142/283|[from] Spikes\n|move|p2a: Froslass|Triple Axel|p1a: Gurdurr\n|-damage|p1a: Gurdurr|127/283\n|-damage|p1a: Gurdurr|99/283\n|-damage|p1a: Gurdurr|54/283\n|-hitcount|p1a: Gurdurr|3\n|\n|upkeep\n|turn|28\n|inactive|Petros has 120 seconds left.\n|\n|t:|1719349505\n|cant|p2a: Froslass|par\n|move|p1a: Gurdurr|Knock Off|p2a: Froslass\n|-supereffective|p2a: Froslass\n|-damage|p2a: Froslass|20/263 par\n|-start|p1a: Gurdurr|Disable|Knock Off|[from] ability: Cursed Body|[of] p2a: Froslass\n|-enditem|p2a: Froslass|Wide Lens|[from] move: Knock Off|[of] p1a: Gurdurr\n|\n|upkeep\n|turn|29\n|inactive|Petros has 120 seconds left.\n|\n|t:|1719349516\n|switch|p1a: Illumise|Illumise, L91, F|258/266\n|-damage|p1a: Illumise|225/266|[from] Spikes\n|cant|p2a: Froslass|par\n|\n|upkeep\n|turn|30\n|c|\u2606Michielleus|:(\n|c|\u2606Petros|yea sorry about the bs\n|\n|t:|1719349531\n|move|p1a: Illumise|Bug Buzz|p2a: Froslass\n|-resisted|p2a: Froslass\n|-damage|p2a: Froslass|0 fnt\n|faint|p2a: Froslass\n|\n|upkeep\n|\n|t:|1719349534\n|switch|p2a: Sandslash|Sandslash-Alola, L88, F|275/275\n|turn|31\n|\n|t:|1719349549\n|move|p1a: Illumise|Thunder Wave|p2a: Sandslash\n|-status|p2a: Sandslash|par\n|cant|p2a: Sandslash|par\n|\n|upkeep\n|turn|32\n|c|\u2606Michielleus|gg\n|-message|Michielleus forfeited.\n|\n|win|Petros\n|raw|Petros's rating: 2422 &rarr; <strong>2446</strong><br />(+24 for winning)\n|raw|Michielleus's rating: 2485 &rarr; <strong>2461</strong><br />(-24 for losing)\n|l|\u2606Michielleus\n|player|p2|\n|l| CutePokesOnly\n|l| un lucky manny\n", "inputlog": ">version 021bb6b4147d783a3aa9da22896c4e1e173f1b61\n>start {\"formatid\":\"gen9randombattle\",\"seed\":[38706,15499,45775,40543],\"rated\":\"Rated battle\"}\n>player p1 {\"name\":\"Petros\",\"avatar\":\"#rbtt7teamdarkrai\",\"rating\":2422,\"seed\":[19813,21321,39693,59288]}\n>player p2 {\"name\":\"Michielleus\",\"avatar\":\"#michielleus\",\"rating\":2485,\"seed\":[36922,48337,23563,17760]}\n>chat \u2606Petros|glhf\n>chat \u2606Michielleus|glhf\n>p1 move earthpower\n>p2 move trick\n>p1 move earthpower\n>p2 switch 3\n>p1 switch 5\n>p2 move swordsdance\n>p1 move thunderwave\n>p2 move closecombat\n>p1 move encore\n>p2 move acrobatics\n>p1 move roost\n>p2 move closecombat\n>p1 move bugbuzz\n>p2 move closecombat\n>p1 move encore\n>p2 move acrobatics\n>p1 move roost\n>p2 move closecombat\n>p1 move roost\n>p2 move closecombat\n>p1 move encore\n>p2 move acrobatics\n>p1 move roost\n>p2 move closecombat\n>p1 move bugbuzz\n>p2 switch 4\n>p1 move thunderwave\n>p2 switch 4\n>p1 switch 2\n>p2 move acrobatics\n>p1 move discharge\n>p2 move closecombat\n>p2 switch 5\n>p1 switch 6\n>p2 move tripleaxel\n>p1 move knockoff\n>p2 switch 2\n>p1 switch 2\n>p2 move judgment\n>p1 move roost\n>p2 move judgment\n>p1 move thunderwave\n>p2 switch 4\n>p1 move roost\n>p2 move doubleedge\n>p1 move roost\n>p2 move knockoff\n>p1 move bugbuzz\n>p2 switch 2\n>p1 move thunderwave\n>p2 move spikes\n>p1 move roost\n>p2 move tripleaxel\n>p1 switch 2\n>p2 move tripleaxel\n>p1 move knockoff\n>p2 move poltergeist\n>p1 switch 2\n>p2 move spikes\n>chat \u2606Michielleus|:(\n>chat \u2606Petros|yea sorry about the bs\n>p1 move bugbuzz\n>p2 move tripleaxel\n>p2 switch 6\n>p1 move thunderwave\n>p2 move rapidspin\n>chat \u2606Michielleus|gg\n>forcelose p2", "uploadtime": 1719349561, "views": 224, "formatid": "gen9randombattle", "rating": 2446, "private": 0, "password": null}