{"id": "gen9randombattle-2260649347", "format": "[Gen 9] Random Battle", "players": ["themaster94", "CLAUDENEYE"], "log": "|j|\u2606themaster94\n|j|\u2606CLAUDENEYE\n|t:|1733873702\n|gametype|singles\n|player|p1|themaster94|red|1412\n|player|p2|CLAUDENEYE|1|1373\n|teamsize|p1|6\n|teamsize|p2|6\n|gen|9\n|tier|[Gen 9] Random Battle\n|rated|\n|rule|Species Clause: Limit one of each Pok\u00e9mon\n|rule|HP Percentage Mod: HP is shown in percentages\n|rule|Sleep Clause Mod: Limit one foe put to sleep\n|rule|Illusion Level Mod: Illusion disguises the Pok\u00e9mon's true level\n|\n|t:|1733873702\n|start\n|switch|p1a: Swampert|Swampert, L83, F|302/302\n|switch|p2a: Armarouge|Armarouge, L80, F|267/267\n|turn|1\n|inactive|Battle timer is ON: inactive players will automatically lose when time's up. (requested by themaster94)\n|\n|t:|1733873728\n|move|p2a: Armarouge|Energy Ball|p1a: Swampert\n|-supereffective|p1a: Swampert\n|-damage|p1a: Swampert|22/302\n|move|p1a: Swampert|Yawn|p2a: Armarouge\n|-start|p2a: Armarouge|move: Yawn|[of] p1a: Swampert\n|\n|-heal|p1a: Swampert|40/302|[from] item: Leftovers\n|upkeep\n|turn|2\n|inactive|CLAUDENEYE has 120 seconds left.\n|\n|t:|1733873760\n|switch|p2a: Lokix|Lokix, L82, F|251/251\n|move|p1a: Swampert|Yawn|p2a: Lokix\n|-start|p2a: Lokix|move: Yawn|[of] p1a: Swampert\n|\n|-heal|p1a: Swampert|58/302|[from] item: Leftovers\n|upkeep\n|turn|3\n|\n|t:|1733873768\n|move|p2a: Lokix|U-turn|p1a: Swampert\n|-damage|p1a: Swampert|0 fnt\n|faint|p1a: Swampert\n|\n|t:|1733873775\n|switch|p2a: Armarouge|Armarouge, L80, F|267/267|[from] U-turn\n|\n|upkeep\n|\n|t:|1733873789\n|switch|p1a: Arceus|Arceus-Flying, L69|279/279\n|turn|4\n|\n|t:|1733873801\n|move|p1a: Arceus|Calm Mind|p1a: Arceus\n|-boost|p1a: Arceus|spa|1\n|-boost|p1a: Arceus|spd|1\n|move|p2a: Armarouge|Meteor Beam||[still]\n|-prepare|p2a: Armarouge|Meteor Beam\n|-boost|p2a: Armarouge|spa|1\n|-enditem|p2a: Armarouge|Power Herb\n|-anim|p2a: Armarouge|Meteor Beam|p1a: Arceus\n|-supereffective|p1a: Arceus\n|-damage|p1a: Arceus|85/279\n|\n|upkeep\n|turn|5\n|\n|t:|1733873818\n|move|p1a: Arceus|Earth Power|p2a: Armarouge\n|-supereffective|p2a: Armarouge\n|-damage|p2a: Armarouge|99/267\n|-unboost|p2a: Armarouge|spd|1\n|move|p2a: Armarouge|Psyshock|p1a: Arceus\n|-damage|p1a: Arceus|0 fnt\n|faint|p1a: Arceus\n|\n|upkeep\n|\n|t:|1733873836\n|switch|p1a: Glimmora|Glimmora, L75, M|248/248\n|turn|6\n|\n|t:|1733873845\n|move|p1a: Glimmora|Earth Power|p2a: Armarouge\n|-supereffective|p2a: Armarouge\n|-damage|p2a: Armarouge|0 fnt\n|faint|p2a: Armarouge\n|\n|upkeep\n|\n|t:|1733873857\n|switch|p2a: Meowstic|Meowstic, L89, M|277/277\n|turn|7\n|\n|t:|1733873863\n|-terastallize|p1a: Glimmora|Grass\n|move|p2a: Meowstic|Psychic Noise|p1a: Glimmora\n|-damage|p1a: Glimmora|157/248\n|-start|p1a: Glimmora|move: Heal Block\n|move|p1a: Glimmora|Meteor Beam||[still]\n|-prepare|p1a: Glimmora|Meteor Beam\n|-boost|p1a: Glimmora|spa|1\n|-enditem|p1a: Glimmora|Power Herb\n|-anim|p1a: Glimmora|Meteor Beam|p2a: Meowstic\n|-damage|p2a: Meowstic|79/277\n|\n|upkeep\n|turn|8\n|\n|t:|1733873879\n|move|p2a: Meowstic|Thunder Wave|p1a: Glimmora\n|-status|p1a: Glimmora|par\n|move|p1a: Glimmora|Energy Ball|p2a: Meowstic\n|-damage|p2a: Meowstic|0 fnt\n|faint|p2a: Meowstic\n|\n|-end|p1a: Glimmora|move: Heal Block\n|upkeep\n|inactive|CLAUDENEYE has 120 seconds left.\n|\n|t:|1733873909\n|switch|p2a: Lokix|Lokix, L82, F|251/251\n|turn|9\n|\n|t:|1733873914\n|move|p2a: Lokix|First Impression|p1a: Glimmora\n|-supereffective|p1a: Glimmora\n|-damage|p1a: Glimmora|0 fnt\n|-activate|p1a: Glimmora|ability: Toxic Debris\n|-sidestart|p2: CLAUDENEYE|move: Toxic Spikes\n|faint|p1a: Glimmora\n|\n|upkeep\n|\n|t:|1733873919\n|switch|p1a: Espathra|Espathra, L80, F|283/283\n|turn|10\n|\n|t:|1733873931\n|move|p1a: Espathra|Lumina Crash|p2a: Lokix\n|-immune|p2a: Lokix\n|move|p2a: Lokix|Knock Off|p1a: Espathra\n|-supereffective|p1a: Espathra\n|-damage|p1a: Espathra|0 fnt\n|-enditem|p1a: Espathra|Choice Specs|[from] move: Knock Off|[of] p2a: Lokix\n|faint|p1a: Espathra\n|\n|upkeep\n|c|\u2606CLAUDENEYE|Lol\n|\n|t:|1733873945\n|switch|p1a: Mesprit|Mesprit, L85|275/275\n|turn|11\n|c|\u2606CLAUDENEYE|U dumb as shit\n|n|\u203dCLAUDENEYE|claudeneye\n|c|~|/log CLAUDENEYE was locked from talking by Artemis. (\u2606CLAUDENEYE: U dumb as shit)\n|c|~|/raw <small>This action was done automatically. Want to learn more about the AI? <a href=\"https://www.smogon.com/forums/threads/3570628/#post-9056769\">Visit the information thread</a>.</small>\n|inactive|CLAUDENEYE has 120 seconds left.\n|\n|t:|1733873977\n|move|p2a: Lokix|Knock Off|p1a: Mesprit\n|-supereffective|p1a: Mesprit\n|-damage|p1a: Mesprit|93/275\n|-enditem|p1a: Mesprit|Choice Specs|[from] move: Knock Off|[of] p2a: Lokix\n|move|p1a: Mesprit|Dazzling Gleam|p2a: Lokix\n|-supereffective|p2a: Lokix\n|-damage|p2a: Lokix|71/251\n|\n|upkeep\n|turn|12\n|\n|t:|1733873986\n|move|p2a: Lokix|Sucker Punch|p1a: Mesprit\n|-supereffective|p1a: Mesprit\n|-damage|p1a: Mesprit|0 fnt\n|faint|p1a: Mesprit\n|\n|upkeep\n|\n|t:|1733873989\n|switch|p1a: Phione|Phione, L91|293/293\n|turn|13\n|\n|t:|1733873994\n|move|p2a: Lokix|Knock Off|p1a: Phione\n|-damage|p1a: Phione|188/293\n|-enditem|p1a: Phione|Leftovers|[from] move: Knock Off|[of] p2a: Lokix\n|move|p1a: Phione|Scald|p2a: Lokix\n|-damage|p2a: Lokix|0 fnt\n|faint|p2a: Lokix\n|\n|upkeep\n|-message|themaster94 forfeited.\n|\n|win|CLAUDENEYE\n", "inputlog": ">version bfd83cad13791eb5a5a409923076391caf6fb4d4\n>start {\"formatid\":\"gen9randombattle\",\"seed\":[30369,9991,58720,37884],\"rated\":\"Rated battle\"}\n>player p1 {\"name\":\"themaster94\",\"avatar\":\"red\",\"rating\":1412,\"seed\":[2880,5530,31449,6079]}\n>player p2 {\"name\":\"CLAUDENEYE\",\"avatar\":\"1\",\"rating\":1373,\"seed\":[4036,1728,4517,18224]}\n>p1 move yawn\n>p2 move energyball\n>p1 move yawn\n>p2 switch 4\n>p1 move stealthrock\n>p2 move uturn\n>p2 switch 4\n>p1 switch 6\n>p1 move calmmind\n>p2 move meteorbeam\n>p1 move earthpower\n>p2 move psyshock\n>p1 switch 5\n>p1 move earthpower\n>p2 move psyshock\n>p2 switch 5\n>p1 move meteorbeam terastallize\n>p2 move psychicnoise\n>p1 move energyball\n>p2 move thunderwave\n>p2 switch 4\n>p1 move meteorbeam\n>p2 move firstimpression\n>p1 switch 3\n>p1 move luminacrash\n>p2 move knockoff\n>chat \u2606CLAUDENEYE|Lol\n>p1 switch 4\n>chat \u2606CLAUDENEYE|U dumb as shit\n>p1 move dazzlinggleam\n>p2 move knockoff\n>p1 move dazzlinggleam\n>p2 move suckerpunch\n>p1 switch 2\n>p1 move scald\n>p2 move knockoff\n>forcelose p1", "uploadtime": 1733873947, "views": 2, "formatid": "gen9randombattle", "rating": null, "private": 0, "password": null}