{"id": "gen9randombattle-2260639580", "format": "[Gen 9] Random Battle", "players": ["thehappyman888", "Ticonderogas"], "log": "|j|\u2606thehappyman888\n|j|\u2606Ticonderogas\n|t:|1733872477\n|gametype|singles\n|player|p1|thehappyman888|youngster-gen4dp|1495\n|player|p2|Ticonderogas|wattson|1490\n|teamsize|p1|6\n|teamsize|p2|6\n|gen|9\n|tier|[Gen 9] Random Battle\n|rated|\n|rule|Species Clause: Limit one of each Pok\u00e9mon\n|rule|HP Percentage Mod: HP is shown in percentages\n|rule|Sleep Clause Mod: Limit one foe put to sleep\n|rule|Illusion Level Mod: Illusion disguises the Pok\u00e9mon's true level\n|\n|t:|1733872477\n|start\n|switch|p1a: Dragonite|Dragonite, L74, M|257/257\n|switch|p2a: Drednaw|Drednaw, L81, F|278/278\n|turn|1\n|\n|t:|1733872491\n|move|p2a: Drednaw|Shell Smash|p2a: Drednaw\n|-unboost|p2a: Drednaw|def|1\n|-unboost|p2a: Drednaw|spd|1\n|-boost|p2a: Drednaw|atk|2\n|-boost|p2a: Drednaw|spa|2\n|-boost|p2a: Drednaw|spe|2\n|-enditem|p2a: Drednaw|White Herb\n|-clearnegativeboost|p2a: Drednaw|[silent]\n|move|p1a: Dragonite|Outrage|p2a: Drednaw\n|-damage|p2a: Drednaw|137/278\n|\n|upkeep\n|turn|2\n|\n|t:|1733872502\n|move|p2a: Drednaw|Stone Edge|p1a: Dragonite\n|-supereffective|p1a: Dragonite\n|-damage|p1a: Dragonite|16/257\n|move|p1a: Dragonite|Outrage|p2a: Drednaw|[from]lockedmove\n|-damage|p2a: Drednaw|0 fnt\n|faint|p2a: Drednaw\n|\n|upkeep\n|\n|t:|1733872508\n|switch|p2a: Squawkabilly|Squawkabilly, L85, F|278/278\n|turn|3\n|\n|t:|1733872511\n|move|p2a: Squawkabilly|Brave Bird|p1a: Dragonite\n|-crit|p1a: Dragonite\n|-damage|p1a: Dragonite|0 fnt\n|faint|p1a: Dragonite\n|-damage|p2a: Squawkabilly|273/278|[from] Recoil\n|\n|-status|p2a: Squawkabilly|brn|[from] item: Flame Orb\n|upkeep\n|\n|t:|1733872527\n|switch|p1a: Charizard|Charizard, L85, F|271/271\n|turn|4\n|\n|t:|1733872541\n|move|p1a: Charizard|Flamethrower|p2a: Squawkabilly\n|-damage|p2a: Squawkabilly|117/278 brn\n|move|p2a: Squawkabilly|Facade|p1a: Charizard\n|-damage|p1a: Charizard|9/271\n|\n|-damage|p2a: Squawkabilly|100/278 brn|[from] brn\n|upkeep\n|turn|5\n|\n|t:|1733872550\n|move|p2a: Squawkabilly|Quick Attack|p1a: Charizard\n|-damage|p1a: Charizard|0 fnt\n|faint|p1a: Charizard\n|\n|-damage|p2a: Squawkabilly|83/278 brn|[from] brn\n|upkeep\n|\n|t:|1733872555\n|switch|p1a: Hitmonlee|Hitmonlee, L85, M|223/223\n|turn|6\n|\n|t:|1733872559\n|move|p1a: Hitmonlee|Mach Punch|p2a: Squawkabilly\n|-damage|p2a: Squawkabilly|0 fnt\n|faint|p2a: Squawkabilly\n|\n|upkeep\n|\n|t:|1733872562\n|switch|p2a: Scyther|Scyther, L82, F|249/249\n|turn|7\n|\n|t:|1733872569\n|switch|p1a: Floatzel|Floatzel, L85, F|283/283\n|move|p2a: Scyther|Dual Wingbeat|p1a: Floatzel\n|-damage|p1a: Floatzel|199/283\n|-damage|p1a: Floatzel|99/283\n|-hitcount|p1a: Floatzel|2\n|\n|-heal|p1a: Floatzel|116/283|[from] item: Leftovers\n|upkeep\n|turn|8\n|inactive|Battle timer is ON: inactive players will automatically lose when time's up. (requested by Ticonderogas)\n|l|\u2606thehappyman888\n|inactive|thehappyman888 disconnected and has a minute to reconnect!\n|player|p1|\n|j|\u2606thehappyman888\n|inactive|thehappyman888 reconnected and has 135 seconds left.\n|player|p1|thehappyman888|youngster-gen4dp|\n|\n|t:|1733872641\n|move|p1a: Floatzel|Ice Spinner|p2a: Scyther\n|-supereffective|p2a: Scyther\n|-damage|p2a: Scyther|113/249\n|move|p2a: Scyther|Dual Wingbeat|p1a: Floatzel\n|-damage|p1a: Floatzel|29/283\n|-damage|p1a: Floatzel|0 fnt\n|faint|p1a: Floatzel\n|-hitcount|p1: Floatzel|2\n|\n|upkeep\n|\n|t:|1733872650\n|switch|p1a: Polteageist|Polteageist, L79|224/224\n|turn|9\n|\n|t:|1733872656\n|move|p2a: Scyther|U-turn|p1a: Polteageist\n|-resisted|p1a: Polteageist\n|-damage|p1a: Polteageist|170/224\n|\n|t:|1733872658\n|switch|p2a: Cryogonal|Cryogonal, L89|287/287|[from] U-turn\n|move|p1a: Polteageist|Shell Smash|p1a: Polteageist\n|-unboost|p1a: Polteageist|def|1\n|-unboost|p1a: Polteageist|spd|1\n|-boost|p1a: Polteageist|atk|2\n|-boost|p1a: Polteageist|spa|2\n|-boost|p1a: Polteageist|spe|2\n|-enditem|p1a: Polteageist|White Herb\n|-clearnegativeboost|p1a: Polteageist|[silent]\n|\n|upkeep\n|turn|10\n|\n|t:|1733872675\n|-terastallize|p1a: Polteageist|Psychic\n|move|p1a: Polteageist|Stored Power|p2a: Cryogonal\n|-damage|p2a: Cryogonal|61/287\n|move|p2a: Cryogonal|Haze|p2a: Cryogonal\n|-clearallboost\n|\n|upkeep\n|turn|11\n|inactive|thehappyman888 has 120 seconds left.\n|\n|t:|1733872705\n|move|p2a: Cryogonal|Recover|p2a: Cryogonal\n|-heal|p2a: Cryogonal|205/287\n|move|p1a: Polteageist|Shell Smash|p1a: Polteageist\n|-unboost|p1a: Polteageist|def|1\n|-unboost|p1a: Polteageist|spd|1\n|-boost|p1a: Polteageist|atk|2\n|-boost|p1a: Polteageist|spa|2\n|-boost|p1a: Polteageist|spe|2\n|\n|upkeep\n|turn|12\n|\n|t:|1733872714\n|-terastallize|p2a: Cryogonal|Steel\n|move|p1a: Polteageist|Stored Power|p2a: Cryogonal\n|-resisted|p2a: Cryogonal\n|-damage|p2a: Cryogonal|93/287\n|move|p2a: Cryogonal|Flash Cannon|p1a: Polteageist\n|-damage|p1a: Polteageist|41/224\n|\n|upkeep\n|turn|13\n|\n|t:|1733872721\n|move|p1a: Polteageist|Shadow Ball|p2a: Cryogonal\n|-damage|p2a: Cryogonal|0 fnt\n|faint|p2a: Cryogonal\n|\n|upkeep\n|\n|t:|1733872724\n|switch|p2a: Hydreigon|Hydreigon, L79, M|275/275\n|turn|14\n|\n|t:|1733872740\n|move|p1a: Polteageist|Shadow Ball|p2a: Hydreigon\n|-resisted|p2a: Hydreigon\n|-damage|p2a: Hydreigon|179/275\n|move|p2a: Hydreigon|Dark Pulse|p1a: Polteageist\n|-supereffective|p1a: Polteageist\n|-damage|p1a: Polteageist|0 fnt\n|faint|p1a: Polteageist\n|-damage|p2a: Hydreigon|152/275|[from] item: Life Orb\n|\n|upkeep\n|\n|t:|1733872749\n|switch|p1a: Sunflora|Sunflora, F|312/312\n|turn|15\n|\n|t:|1733872761\n|move|p2a: Hydreigon|Draco Meteor|p1a: Sunflora\n|-damage|p1a: Sunflora|137/312\n|-unboost|p2a: Hydreigon|spa|2\n|-damage|p2a: Hydreigon|125/275|[from] item: Life Orb\n|move|p1a: Sunflora|Sunny Day|p1a: Sunflora\n|-weather|SunnyDay\n|\n|-weather|SunnyDay|[upkeep]\n|upkeep\n|turn|16\n|inactive|thehappyman888 has 120 seconds left.\n|\n|t:|1733872786\n|move|p1a: Sunflora|Solar Beam||[still]\n|-prepare|p1a: Sunflora|Solar Beam\n|-anim|p1a: Sunflora|Solar Beam|p2a: Hydreigon\n|-resisted|p2a: Hydreigon\n|-damage|p2a: Hydreigon|0 fnt\n|faint|p2a: Hydreigon\n|-damage|p1a: Sunflora|106/312|[from] item: Life Orb\n|\n|-weather|SunnyDay|[upkeep]\n|upkeep\n|\n|t:|1733872790\n|switch|p2a: Florges|Florges-Blue, L85, F|271/271\n|turn|17\n|inactive|thehappyman888 has 120 seconds left.\n|\n|t:|1733872803\n|move|p1a: Sunflora|Solar Beam||[still]\n|-prepare|p1a: Sunflora|Solar Beam\n|-anim|p1a: Sunflora|Solar Beam|p2a: Florges\n|-damage|p2a: Florges|106/271\n|-damage|p1a: Sunflora|75/312|[from] item: Life Orb\n|move|p2a: Florges|Moonblast|p1a: Sunflora\n|-damage|p1a: Sunflora|0 fnt\n|faint|p1a: Sunflora\n|\n|-weather|SunnyDay|[upkeep]\n|-heal|p2a: Florges|122/271|[from] item: Leftovers\n|upkeep\n|inactive|thehappyman888 has 120 seconds left.\n|\n|t:|1733872814\n|switch|p1a: Hitmonlee|Hitmonlee, L85, M|223/223\n|turn|18\n|inactive|thehappyman888 has 120 seconds left.\n|\n|t:|1733872822\n|move|p2a: Florges|Protect|p2a: Florges\n|-singleturn|p2a: Florges|Protect\n|move|p1a: Hitmonlee|Stone Edge|p2a: Florges\n|-activate|p2a: Florges|move: Protect\n|\n|-weather|SunnyDay|[upkeep]\n|-heal|p2a: Florges|138/271|[from] item: Leftovers\n|upkeep\n|turn|19\n|\n|t:|1733872828\n|move|p1a: Hitmonlee|Stone Edge|p2a: Florges\n|-damage|p2a: Florges|0 fnt\n|faint|p2a: Florges\n|\n|-weather|none\n|upkeep\n|\n|t:|1733872831\n|switch|p2a: Scyther|Scyther, L82, F|113/249\n|turn|20\n|\n|t:|1733872834\n|move|p2a: Scyther|Dual Wingbeat|p1a: Hitmonlee\n|-supereffective|p1a: Hitmonlee\n|-damage|p1a: Hitmonlee|23/223\n|-supereffective|p1a: Hitmonlee\n|-damage|p1a: Hitmonlee|0 fnt\n|faint|p1a: Hitmonlee\n|-hitcount|p1: Hitmonlee|2\n|\n|win|Ticonderogas\n|raw|thehappyman888's rating: 1495 &rarr; <strong>1475</strong><br />(-20 for losing)\n|raw|Ticonderogas's rating: 1490 &rarr; <strong>1510</strong><br />(+20 for winning)\n|l|\u2606thehappyman888\n|player|p1|\n", "inputlog": ">version bfd83cad13791eb5a5a409923076391caf6fb4d4\n>start {\"formatid\":\"gen9randombattle\",\"seed\":[31785,63271,35349,31915],\"rated\":\"Rated battle\"}\n>player p1 {\"name\":\"thehappyman888\",\"avatar\":\"youngster-gen4dp\",\"rating\":1495,\"seed\":[62329,62873,40972,61469]}\n>player p2 {\"name\":\"Ticonderogas\",\"avatar\":\"wattson\",\"rating\":1490,\"seed\":[33086,32411,9377,64323]}\n>p1 move outrage\n>p2 move shellsmash\n>p1 move outrage\n>p2 move stoneedge\n>p2 switch 3\n>p1 move outrage\n>p2 move bravebird\n>p1 switch 2\n>p1 move flamethrower\n>p2 move facade\n>p1 move flamethrower\n>p2 move quickattack\n>p1 switch 5\n>p1 move machpunch\n>p2 move bravebird\n>p2 switch 4\n>p1 switch 4\n>p2 move dualwingbeat\n>p1 move icespinner\n>p2 move dualwingbeat\n>p1 switch 6\n>p1 move shellsmash\n>p2 move uturn\n>p2 switch 6\n>p1 move storedpower terastallize\n>p2 move haze\n>p1 move shellsmash\n>p2 move recover\n>p1 move storedpower\n>p2 move flashcannon terastallize\n>p1 move shadowball\n>p2 move flashcannon\n>p2 switch 5\n>p1 move shadowball\n>p2 move darkpulse\n>p1 switch 3\n>p1 move sunnyday\n>p2 move dracometeor\n>p1 move solarbeam\n>p2 move dracometeor\n>p2 switch 2\n>p1 move solarbeam\n>p2 move moonblast\n>p1 switch 4\n>p1 move stoneedge\n>p2 move protect\n>p1 move stoneedge\n>p2 move moonblast\n>p2 switch 6\n>p1 move stoneedge\n>p2 move dualwingbeat", "uploadtime": 1733872838, "views": 1, "formatid": "gen9randombattle", "rating": 1475, "private": 0, "password": null}