{"id": "gen9randombattle-2260367645", "format": "[Gen 9] Random Battle", "players": ["useemstohavefun", "Drop a nickname"], "log": "|badge|p1|bronze|gen9randombattle|100-3\n|uhtml|medal-msg|<div class=\"broadcast-blue\">Curious what those medals under the avatar are? PS now has Ladder Seasons! For more information, check out the <a href=\"https://www.smogon.com/forums/threads/3740067/\">thread on Smogon.</a></div>\n|badge|p2|bronze|gen9randombattle|100-3\n|uhtml|medal-msg|<div class=\"broadcast-blue\">Curious what those medals under the avatar are? PS now has Ladder Seasons! For more information, check out the <a href=\"https://www.smogon.com/forums/threads/3740067/\">thread on Smogon.</a></div>\n|j|\u2606useemstohavefun\n|j|\u2606Drop a nickname\n|t:|1733844642\n|gametype|singles\n|player|p1|useemstohavefun|thorton|2298\n|player|p2|Drop a nickname|169|2310\n|teamsize|p1|6\n|teamsize|p2|6\n|gen|9\n|tier|[Gen 9] Random Battle\n|rated|\n|rule|Species Clause: Limit one of each Pok\u00e9mon\n|rule|HP Percentage Mod: HP is shown in percentages\n|rule|Sleep Clause Mod: Limit one foe put to sleep\n|rule|Illusion Level Mod: Illusion disguises the Pok\u00e9mon's true level\n|\n|t:|1733844642\n|start\n|switch|p1a: Illumise|Illumise, L91, F|266/266\n|switch|p2a: Masquerain|Masquerain, L87, F|264/264\n|-ability|p2a: Masquerain|Intimidate|boost\n|-unboost|p1a: Illumise|atk|1\n|turn|1\n|inactive|Battle timer is ON: inactive players will automatically lose when time's up. (requested by useemstohavefun)\n|\n|t:|1733844649\n|move|p1a: Illumise|Thunder Wave|p2a: Masquerain\n|-status|p2a: Masquerain|par\n|move|p2a: Masquerain|Sticky Web|p1a: Illumise\n|-sidestart|p1: useemstohavefun|move: Sticky Web\n|\n|upkeep\n|turn|2\n|\n|t:|1733844654\n|move|p1a: Illumise|Encore|p2a: Masquerain\n|-start|p2a: Masquerain|Encore\n|move|p2a: Masquerain|Sticky Web||[still]\n|-fail|p2a: Masquerain\n|\n|upkeep\n|turn|3\n|\n|t:|1733844656\n|switch|p2a: Torkoal|Torkoal, L88, F|266/266\n|-weather|SunnyDay|[from] ability: Drought|[of] p2a: Torkoal\n|move|p1a: Illumise|Thunder Wave|p2a: Torkoal\n|-status|p2a: Torkoal|par\n|\n|-weather|SunnyDay|[upkeep]\n|upkeep\n|turn|4\n|\n|t:|1733844667\n|switch|p1a: Walking Wake|Walking Wake, L79|286/286\n|-activate|p1a: Walking Wake|move: Sticky Web\n|-unboost|p1a: Walking Wake|spe|1\n|-activate|p1a: Walking Wake|ability: Protosynthesis\n|-start|p1a: Walking Wake|protosynthesisspa\n|move|p2a: Torkoal|Lava Plume|p1a: Walking Wake\n|-resisted|p1a: Walking Wake\n|-damage|p1a: Walking Wake|250/286\n|-status|p1a: Walking Wake|brn\n|\n|-weather|SunnyDay|[upkeep]\n|-damage|p1a: Walking Wake|233/286 brn|[from] brn\n|upkeep\n|turn|5\n|\n|t:|1733844676\n|switch|p2a: Perrserker|Perrserker, L89, M|269/269\n|move|p1a: Walking Wake|Draco Meteor|p2a: Perrserker\n|-resisted|p2a: Perrserker\n|-damage|p2a: Perrserker|91/269\n|-unboost|p1a: Walking Wake|spa|2\n|\n|-weather|SunnyDay|[upkeep]\n|-damage|p1a: Walking Wake|216/286 brn|[from] brn\n|upkeep\n|turn|6\n|\n|t:|1733844691\n|-end|p1a: Walking Wake|Protosynthesis|[silent]\n|switch|p1a: Thundurus|Thundurus, L80, M|258/258\n|move|p2a: Perrserker|U-turn|p1a: Thundurus\n|-resisted|p1a: Thundurus\n|-damage|p1a: Thundurus|200/258\n|\n|t:|1733844697\n|switch|p2a: Torkoal|Torkoal, L88, F|266/266 par|[from] U-turn\n|\n|-weather|SunnyDay|[upkeep]\n|upkeep\n|turn|7\n|\n|t:|1733844701\n|move|p1a: Thundurus|U-turn|p2a: Torkoal\n|-resisted|p2a: Torkoal\n|-damage|p2a: Torkoal|247/266 par\n|\n|t:|1733844705\n|switch|p1a: Walking Wake|Walking Wake, L79|216/286 brn|[from] U-turn\n|-activate|p1a: Walking Wake|move: Sticky Web\n|-unboost|p1a: Walking Wake|spe|1\n|-activate|p1a: Walking Wake|ability: Protosynthesis\n|-start|p1a: Walking Wake|protosynthesisspa\n|cant|p2a: Torkoal|par\n|\n|-weather|none\n|-end|p1a: Walking Wake|Protosynthesis\n|-damage|p1a: Walking Wake|199/286 brn|[from] brn\n|upkeep\n|turn|8\n|\n|t:|1733844713\n|switch|p2a: Gastrodon|Gastrodon, L86, M|331/331\n|move|p1a: Walking Wake|Draco Meteor|p2a: Gastrodon\n|-damage|p2a: Gastrodon|115/331\n|-unboost|p1a: Walking Wake|spa|2\n|\n|-heal|p2a: Gastrodon|135/331|[from] item: Leftovers\n|-damage|p1a: Walking Wake|182/286 brn|[from] brn\n|upkeep\n|turn|9\n|\n|t:|1733844726\n|-end|p1a: Walking Wake|Protosynthesis|[silent]\n|switch|p1a: Lapras|Lapras, L87, M|368/368\n|move|p2a: Gastrodon|Stealth Rock|p1a: Lapras\n|-sidestart|p1: useemstohavefun|move: Stealth Rock\n|\n|-heal|p2a: Gastrodon|155/331|[from] item: Leftovers\n|upkeep\n|turn|10\n|\n|t:|1733844734\n|switch|p2a: Brute Bonnet|Brute Bonnet, L81|312/312\n|move|p1a: Lapras|Freeze-Dry|p2a: Brute Bonnet\n|-supereffective|p2a: Brute Bonnet\n|-damage|p2a: Brute Bonnet|180/312\n|\n|upkeep\n|turn|11\n|\n|t:|1733844739\n|move|p1a: Lapras|Freeze-Dry|p2a: Brute Bonnet\n|-supereffective|p2a: Brute Bonnet\n|-damage|p2a: Brute Bonnet|34/312\n|move|p2a: Brute Bonnet|Seed Bomb|p1a: Lapras\n|-supereffective|p1a: Lapras\n|-damage|p1a: Lapras|44/368\n|\n|upkeep\n|turn|12\n|\n|t:|1733844745\n|move|p1a: Lapras|Freeze-Dry|p2a: Brute Bonnet\n|-supereffective|p2a: Brute Bonnet\n|-damage|p2a: Brute Bonnet|0 fnt\n|faint|p2a: Brute Bonnet\n|-end|p2a: Brute Bonnet|Protosynthesis|[silent]\n|\n|upkeep\n|\n|t:|1733844749\n|switch|p2a: Seviper|Seviper, L93, M|287/287\n|turn|13\n|\n|t:|1733844754\n|switch|p1a: Illumise|Illumise, L91, F|266/266\n|move|p2a: Seviper|Knock Off|p1a: Illumise\n|-damage|p1a: Illumise|179/266\n|-enditem|p1a: Illumise|Heavy-Duty Boots|[from] move: Knock Off|[of] p2a: Seviper\n|\n|upkeep\n|turn|14\n|\n|t:|1733844758\n|switch|p2a: Gastrodon|Gastrodon, L86, M|155/331\n|move|p1a: Illumise|Thunder Wave|p2a: Gastrodon\n|-immune|p2a: Gastrodon\n|\n|-heal|p2a: Gastrodon|175/331|[from] item: Leftovers\n|upkeep\n|turn|15\n|\n|t:|1733844761\n|move|p1a: Illumise|Bug Buzz|p2a: Gastrodon\n|-damage|p2a: Gastrodon|84/331\n|move|p2a: Gastrodon|Recover|p2a: Gastrodon\n|-heal|p2a: Gastrodon|250/331\n|\n|-heal|p2a: Gastrodon|270/331|[from] item: Leftovers\n|upkeep\n|turn|16\n|\n|t:|1733844765\n|switch|p2a: Perrserker|Perrserker, L89, M|91/269\n|move|p1a: Illumise|Encore||[still]\n|-fail|p1a: Illumise\n|\n|upkeep\n|turn|17\n|\n|t:|1733844770\n|move|p1a: Illumise|Thunder Wave|p2a: Perrserker\n|-status|p2a: Perrserker|par\n|move|p2a: Perrserker|U-turn|p1a: Illumise\n|-damage|p1a: Illumise|86/266\n|\n|t:|1733844777\n|switch|p2a: Gastrodon|Gastrodon, L86, M|270/331|[from] U-turn\n|\n|-heal|p2a: Gastrodon|290/331|[from] item: Leftovers\n|upkeep\n|turn|18\n|\n|t:|1733844780\n|move|p1a: Illumise|Roost|p1a: Illumise\n|-heal|p1a: Illumise|219/266\n|-singleturn|p1a: Illumise|move: Roost\n|move|p2a: Gastrodon|Sludge Bomb|p1a: Illumise\n|-damage|p1a: Illumise|158/266\n|\n|-heal|p2a: Gastrodon|310/331|[from] item: Leftovers\n|upkeep\n|turn|19\n|\n|t:|1733844788\n|move|p1a: Illumise|Roost|p1a: Illumise\n|-heal|p1a: Illumise|266/266\n|-singleturn|p1a: Illumise|move: Roost\n|move|p2a: Gastrodon|Sludge Bomb|p1a: Illumise\n|-damage|p1a: Illumise|207/266\n|\n|-heal|p2a: Gastrodon|330/331|[from] item: Leftovers\n|upkeep\n|turn|20\n|\n|t:|1733844792\n|move|p1a: Illumise|Encore|p2a: Gastrodon\n|-start|p2a: Gastrodon|Encore\n|move|p2a: Gastrodon|Sludge Bomb|p1a: Illumise\n|-damage|p1a: Illumise|141/266\n|-status|p1a: Illumise|psn\n|\n|-heal|p2a: Gastrodon|331/331|[from] item: Leftovers\n|-damage|p1a: Illumise|108/266 psn|[from] psn\n|upkeep\n|turn|21\n|\n|t:|1733844797\n|switch|p1a: Dialga|Dialga-Origin, L73|266/266\n|-activate|p1a: Dialga|move: Sticky Web\n|-unboost|p1a: Dialga|spe|1\n|-damage|p1a: Dialga|250/266|[from] Stealth Rock\n|-ability|p1a: Dialga|Pressure\n|move|p2a: Gastrodon|Sludge Bomb|p1a: Dialga\n|-immune|p1a: Dialga\n|\n|upkeep\n|turn|22\n|\n|t:|1733844803\n|switch|p2a: Torkoal|Torkoal, L88, F|247/266 par\n|-weather|SunnyDay|[from] ability: Drought|[of] p2a: Torkoal\n|move|p1a: Dialga|Stealth Rock|p2a: Torkoal\n|-sidestart|p2: Drop a nickname|move: Stealth Rock\n|\n|-weather|SunnyDay|[upkeep]\n|upkeep\n|turn|23\n|\n|t:|1733844807\n|move|p1a: Dialga|Draco Meteor|p2a: Torkoal\n|-crit|p2a: Torkoal\n|-damage|p2a: Torkoal|0 fnt\n|-unboost|p1a: Dialga|spa|2\n|faint|p2a: Torkoal\n|\n|-weather|SunnyDay|[upkeep]\n|upkeep\n|\n|t:|1733844813\n|switch|p2a: Gastrodon|Gastrodon, L86, M|331/331\n|-damage|p2a: Gastrodon|311/331|[from] Stealth Rock\n|turn|24\n|\n|t:|1733844817\n|switch|p1a: Illumise|Illumise, L91, F|108/266 psn\n|-activate|p1a: Illumise|move: Sticky Web\n|-unboost|p1a: Illumise|spe|1\n|-damage|p1a: Illumise|42/266 psn|[from] Stealth Rock\n|move|p2a: Gastrodon|Sludge Bomb|p1a: Illumise\n|-damage|p1a: Illumise|0 fnt\n|faint|p1a: Illumise\n|\n|-weather|SunnyDay|[upkeep]\n|-heal|p2a: Gastrodon|331/331|[from] item: Leftovers\n|upkeep\n|\n|t:|1733844825\n|switch|p1a: Lapras|Lapras, L87, M|44/368\n|turn|25\n|\n|t:|1733844830\n|switch|p2a: Seviper|Seviper, L93, M|287/287\n|-damage|p2a: Seviper|252/287|[from] Stealth Rock\n|move|p1a: Lapras|Rest|p1a: Lapras\n|-status|p1a: Lapras|slp|[from] move: Rest\n|-heal|p1a: Lapras|368/368 slp|[silent]\n|\n|-weather|SunnyDay|[upkeep]\n|upkeep\n|turn|26\n|\n|t:|1733844838\n|switch|p1a: Dialga|Dialga-Origin, L73|250/266\n|-activate|p1a: Dialga|move: Sticky Web\n|-unboost|p1a: Dialga|spe|1\n|-damage|p1a: Dialga|234/266|[from] Stealth Rock\n|-ability|p1a: Dialga|Pressure\n|move|p2a: Seviper|Switcheroo||[still]\n|-fail|p2a: Seviper\n|\n|-weather|none\n|upkeep\n|turn|27\n|\n|t:|1733844847\n|switch|p2a: Perrserker|Perrserker, L89, M|91/269 par\n|-damage|p2a: Perrserker|75/269 par|[from] Stealth Rock\n|move|p1a: Dialga|Draco Meteor|p2a: Perrserker\n|-resisted|p2a: Perrserker\n|-damage|p2a: Perrserker|0 fnt\n|-unboost|p1a: Dialga|spa|2\n|faint|p2a: Perrserker\n|\n|upkeep\n|\n|t:|1733844849\n|switch|p2a: Gastrodon|Gastrodon, L86, M|331/331\n|-damage|p2a: Gastrodon|311/331|[from] Stealth Rock\n|turn|28\n|\n|t:|1733844857\n|switch|p1a: Lapras|Lapras, L87, M|368/368 slp\n|move|p2a: Gastrodon|Sludge Bomb|p1a: Lapras\n|-damage|p1a: Lapras|304/368 slp\n|\n|-heal|p2a: Gastrodon|331/331|[from] item: Leftovers\n|upkeep\n|turn|29\n|\n|t:|1733844862\n|-terastallize|p2a: Gastrodon|Poison\n|cant|p1a: Lapras|slp\n|move|p1a: Lapras|Sleep Talk|p1a: Lapras\n|move|p1a: Lapras|Freeze-Dry|p2a: Gastrodon|[from]move: Sleep Talk\n|-damage|p2a: Gastrodon|258/331\n|move|p2a: Gastrodon|Earthquake|p1a: Lapras\n|-damage|p1a: Lapras|198/368 slp\n|\n|-heal|p2a: Gastrodon|278/331|[from] item: Leftovers\n|upkeep\n|turn|30\n|\n|t:|1733844874\n|cant|p1a: Lapras|slp\n|move|p1a: Lapras|Sleep Talk|p1a: Lapras\n|move|p1a: Lapras|Sparkling Aria|p2a: Gastrodon|[from]move: Sleep Talk\n|-ability|p2a: Gastrodon|Storm Drain|boost\n|-boost|p2a: Gastrodon|spa|1\n|move|p2a: Gastrodon|Earthquake|p1a: Lapras\n|-damage|p1a: Lapras|92/368 slp\n|\n|-heal|p2a: Gastrodon|298/331|[from] item: Leftovers\n|upkeep\n|turn|31\n|\n|t:|1733844880\n|-curestatus|p1a: Lapras|slp|[msg]\n|move|p1a: Lapras|Rest|p1a: Lapras\n|-status|p1a: Lapras|slp|[from] move: Rest\n|-heal|p1a: Lapras|368/368 slp|[silent]\n|move|p2a: Gastrodon|Earthquake|p1a: Lapras\n|-damage|p1a: Lapras|274/368 slp\n|\n|-heal|p2a: Gastrodon|318/331|[from] item: Leftovers\n|upkeep\n|turn|32\n|\n|t:|1733844887\n|cant|p1a: Lapras|slp\n|move|p1a: Lapras|Sleep Talk|p1a: Lapras\n|move|p1a: Lapras|Freeze-Dry|p2a: Gastrodon|[from]move: Sleep Talk\n|-damage|p2a: Gastrodon|242/331\n|-status|p2a: Gastrodon|frz\n|cant|p2a: Gastrodon|frz\n|\n|-heal|p2a: Gastrodon|262/331 frz|[from] item: Leftovers\n|upkeep\n|turn|33\n|\n|t:|1733844903\n|switch|p1a: Thundurus|Thundurus, L80, M|200/258\n|-damage|p1a: Thundurus|136/258|[from] Stealth Rock\n|cant|p2a: Gastrodon|frz\n|\n|-heal|p2a: Gastrodon|282/331 frz|[from] item: Leftovers\n|upkeep\n|turn|34\n|\n|t:|1733844907\n|move|p1a: Thundurus|Thunderbolt|p2a: Gastrodon\n|-damage|p2a: Gastrodon|105/331 frz\n|cant|p2a: Gastrodon|frz\n|\n|-heal|p2a: Gastrodon|125/331 frz|[from] item: Leftovers\n|upkeep\n|turn|35\n|-message|Drop a nickname forfeited.\n|\n|win|useemstohavefun\n|raw|useemstohavefun's rating: 2298 &rarr; <strong>2319</strong><br />(+21 for winning)\n|raw|Drop a nickname's rating: 2310 &rarr; <strong>2289</strong><br />(-21 for losing)\n|l|\u2606Drop a nickname\n|player|p2|\n", "inputlog": ">version bfd83cad13791eb5a5a409923076391caf6fb4d4\n>start {\"formatid\":\"gen9randombattle\",\"seed\":[17302,39672,52410,38263],\"rated\":\"Rated battle\"}\n>player p1 {\"name\":\"useemstohavefun\",\"avatar\":\"thorton\",\"rating\":2298,\"seed\":[26484,16233,63240,43855]}\n>player p2 {\"name\":\"Drop a nickname\",\"avatar\":\"169\",\"rating\":2310,\"seed\":[43235,2719,60302,8192]}\n>p1 move thunderwave\n>p2 move stickyweb\n>p1 move encore\n>p2 move uturn\n>p1 move thunderwave\n>p2 switch 4\n>p1 switch 2\n>p2 move lavaplume\n>p1 move dracometeor\n>p2 switch 2\n>p1 switch 5\n>p2 move uturn\n>p2 switch 2\n>p1 move uturn\n>p2 move lavaplume\n>p1 switch 5\n>p1 move dracometeor\n>p2 switch 3\n>p1 switch 3\n>p2 move stealthrock\n>p1 move freezedry\n>p2 switch 5\n>p1 move freezedry\n>p2 move seedbomb\n>p1 move freezedry\n>p2 move seedbomb\n>p2 switch 6\n>p1 switch 2\n>p2 move knockoff\n>p1 move thunderwave\n>p2 switch 5\n>p1 move bugbuzz\n>p2 move recover\n>p1 move encore\n>p2 switch 2\n>p1 move thunderwave\n>p2 move uturn\n>p2 switch 2\n>p1 move roost\n>p2 move sludgebomb\n>p1 move roost\n>p2 move sludgebomb\n>p1 move encore\n>p2 move sludgebomb\n>p1 switch 4\n>p2 move sludgebomb\n>p1 move stealthrock\n>p2 switch 3\n>p1 move dracometeor\n>p2 move rapidspin\n>p2 switch 3\n>p1 switch 4\n>p2 move sludgebomb\n>p1 switch 2\n>p1 move rest\n>p2 switch 5\n>p1 switch 4\n>p2 move switcheroo\n>p1 move dracometeor\n>p2 switch 2\n>p2 switch 5\n>p1 switch 4\n>p2 move sludgebomb\n>p1 move sleeptalk\n>p2 move earthquake terastallize\n>p1 move sleeptalk\n>p2 move earthquake\n>p1 move rest\n>p2 move earthquake\n>p1 move sleeptalk\n>p2 move sludgebomb\n>p1 switch 5\n>p2 move sludgebomb\n>p1 move thunderbolt\n>p2 move sludgebomb\n>forcelose p2", "uploadtime": 1733844915, "views": 1, "formatid": "gen9randombattle", "rating": 2289, "private": 0, "password": null}