{"id": "gen9randombattle-2260500360", "format": "[Gen 9] Random Battle", "players": ["Fishest", "min1ko"], "log": "|j|\u2606Fishest\n|j|\u2606min1ko\n|t:|1733857614\n|gametype|singles\n|player|p1|Fishest|silver|\n|player|p2|min1ko|guitarist|\n|teamsize|p1|6\n|teamsize|p2|6\n|gen|9\n|tier|[Gen 9] Random Battle\n|rule|Species Clause: Limit one of each Pok\u00e9mon\n|rule|HP Percentage Mod: HP is shown in percentages\n|rule|Sleep Clause Mod: Limit one foe put to sleep\n|rule|Illusion Level Mod: Illusion disguises the Pok\u00e9mon's true level\n|\n|t:|1733857614\n|start\n|switch|p1a: Falinks|Falinks, L84|246/246\n|switch|p2a: Arceus|Arceus-Flying, L69|279/279\n|turn|1\n|c|\u2606Fishest|is this karma\n|c|\u2606min1ko|its a skill issue\n|\n|t:|1733857687\n|switch|p1a: Bastiodon|Bastiodon, L89, F|252/252\n|move|p2a: Arceus|Judgment|p1a: Bastiodon\n|-resisted|p1a: Bastiodon\n|-damage|p1a: Bastiodon|234/252\n|\n|upkeep\n|turn|2\n|c|\u2606Fishest|:3\n|\n|t:|1733857700\n|move|p2a: Arceus|Calm Mind|p2a: Arceus\n|-boost|p2a: Arceus|spa|1\n|-boost|p2a: Arceus|spd|1\n|move|p1a: Bastiodon|Iron Defense|p1a: Bastiodon\n|-boost|p1a: Bastiodon|def|2\n|\n|upkeep\n|turn|3\n|\n|t:|1733857712\n|move|p2a: Arceus|Earth Power|p1a: Bastiodon\n|-supereffective|p1a: Bastiodon\n|-damage|p1a: Bastiodon|42/252\n|move|p1a: Bastiodon|Body Press|p2a: Arceus\n|-resisted|p2a: Arceus\n|-damage|p2a: Arceus|182/279\n|\n|upkeep\n|turn|4\n|c|\u2606min1ko|HELP\n|c|\u2606min1ko|bastiodon?? like bastion?? like in the nether?? in MINECRAFT?\n|\n|t:|1733857750\n|move|p2a: Arceus|Earth Power|p1a: Bastiodon\n|-supereffective|p1a: Bastiodon\n|-damage|p1a: Bastiodon|0 fnt\n|faint|p1a: Bastiodon\n|\n|upkeep\n|c|\u2606min1ko|nyehehehe\n|\n|t:|1733857787\n|switch|p1a: Pecharunt|Pecharunt, L77|262/262\n|turn|5\n|\n|t:|1733857803\n|move|p2a: Arceus|Earth Power|p1a: Pecharunt\n|-supereffective|p1a: Pecharunt\n|-damage|p1a: Pecharunt|104/262\n|move|p1a: Pecharunt|Malignant Chain|p2a: Arceus\n|-damage|p2a: Arceus|131/279\n|-status|p2a: Arceus|tox\n|-start|p2a: Arceus|confusion|[from] ability: Poison Puppeteer|[of] p1a: Pecharunt\n|\n|-damage|p2a: Arceus|114/279 tox|[from] psn\n|upkeep\n|turn|6\n|c|\u2606Fishest|WOOO\n|\n|t:|1733857819\n|-activate|p2a: Arceus|confusion\n|move|p2a: Arceus|Recover|p2a: Arceus\n|-heal|p2a: Arceus|254/279 tox\n|move|p1a: Pecharunt|Recover|p1a: Pecharunt\n|-heal|p1a: Pecharunt|235/262\n|\n|-damage|p2a: Arceus|220/279 tox|[from] psn\n|upkeep\n|turn|7\n|\n|t:|1733857834\n|-activate|p2a: Arceus|confusion\n|move|p2a: Arceus|Earth Power|p1a: Pecharunt\n|-supereffective|p1a: Pecharunt\n|-damage|p1a: Pecharunt|79/262\n|move|p1a: Pecharunt|Malignant Chain|p2a: Arceus\n|-damage|p2a: Arceus|163/279 tox\n|\n|-damage|p2a: Arceus|112/279 tox|[from] psn\n|upkeep\n|turn|8\n|\n|t:|1733857849\n|-activate|p2a: Arceus|confusion\n|-damage|p2a: Arceus|94/279 tox|[from] confusion\n|move|p1a: Pecharunt|Recover|p1a: Pecharunt\n|-heal|p1a: Pecharunt|210/262\n|\n|-damage|p2a: Arceus|26/279 tox|[from] psn\n|upkeep\n|turn|9\n|\n|t:|1733857858\n|-activate|p2a: Arceus|confusion\n|move|p2a: Arceus|Recover|p2a: Arceus\n|-heal|p2a: Arceus|166/279 tox\n|move|p1a: Pecharunt|Parting Shot|p2a: Arceus\n|-unboost|p2a: Arceus|atk|1\n|-unboost|p2a: Arceus|spa|1\n|\n|t:|1733857868\n|switch|p1a: Regidrago|Regidrago, L77|435/435|[from] Parting Shot\n|\n|-damage|p2a: Arceus|81/279 tox|[from] psn\n|upkeep\n|turn|10\n|c|\u2606min1ko|I HATE YOU\n|\n|t:|1733857881\n|-end|p2a: Arceus|confusion\n|move|p2a: Arceus|Recover|p2a: Arceus\n|-heal|p2a: Arceus|221/279 tox\n|move|p1a: Regidrago|Dragon Claw|p2a: Arceus\n|-damage|p2a: Arceus|81/279 tox\n|-damage|p1a: Regidrago|392/435|[from] item: Life Orb\n|\n|-damage|p2a: Arceus|0 fnt|[from] psn\n|faint|p2a: Arceus\n|upkeep\n|c|\u2606min1ko|NOOOOOO\n|c|\u2606Fishest|POISONNNN\n|\n|t:|1733857914\n|switch|p2a: Veluza|Veluza, L85, M|292/292\n|turn|11\n|c|\u2606min1ko|I don't know what I'm doing\n|c|\u2606min1ko|is it obvious\n|\n|t:|1733857947\n|move|p2a: Veluza|Aqua Cutter|p1a: Regidrago\n|-resisted|p1a: Regidrago\n|-damage|p1a: Regidrago|252/435\n|move|p1a: Regidrago|Dragon Claw|p2a: Veluza\n|-damage|p2a: Veluza|136/292\n|-damage|p1a: Regidrago|209/435|[from] item: Life Orb\n|\n|upkeep\n|turn|12\n|\n|t:|1733857971\n|move|p1a: Regidrago|Dragon Claw|p2a: Veluza\n|-damage|p2a: Veluza|0 fnt\n|faint|p2a: Veluza\n|-damage|p1a: Regidrago|166/435|[from] item: Life Orb\n|\n|upkeep\n|c|\u2606Fishest|hurrrrrryyy uppp pleaseee I don't have much time\n|\n|t:|1733858026\n|switch|p2a: Mismagius|Mismagius, L86, M|243/243\n|turn|13\n|c|\u2606min1ko|srry\n|\n|t:|1733858055\n|switch|p1a: Pecharunt|Pecharunt, L77|210/262\n|move|p2a: Mismagius|Mystical Fire|p1a: Pecharunt\n|-damage|p1a: Pecharunt|127/262\n|-unboost|p1a: Pecharunt|spa|1\n|-damage|p2a: Mismagius|219/243|[from] item: Life Orb\n|\n|upkeep\n|turn|14\n|\n|t:|1733858077\n|move|p2a: Mismagius|Thunderbolt|p1a: Pecharunt\n|-damage|p1a: Pecharunt|20/262\n|-damage|p2a: Mismagius|195/243|[from] item: Life Orb\n|move|p1a: Pecharunt|Recover|p1a: Pecharunt\n|-heal|p1a: Pecharunt|151/262\n|\n|upkeep\n|turn|15\n|\n|t:|1733858090\n|move|p2a: Mismagius|Thunderbolt|p1a: Pecharunt\n|-damage|p1a: Pecharunt|59/262\n|-damage|p2a: Mismagius|171/243|[from] item: Life Orb\n|move|p1a: Pecharunt|Shadow Ball|p2a: Mismagius\n|-supereffective|p2a: Mismagius\n|-damage|p2a: Mismagius|99/243\n|\n|upkeep\n|turn|16\n|\n|t:|1733858099\n|move|p2a: Mismagius|Thunderbolt|p1a: Pecharunt\n|-damage|p1a: Pecharunt|0 fnt\n|faint|p1a: Pecharunt\n|-damage|p2a: Mismagius|75/243|[from] item: Life Orb\n|\n|upkeep\n|\n|t:|1733858109\n|switch|p1a: Emboar|Emboar, L84, F|322/322\n|turn|17\n|\n|t:|1733858124\n|move|p2a: Mismagius|Thunderbolt|p1a: Emboar\n|-damage|p1a: Emboar|251/322\n|-damage|p2a: Mismagius|51/243|[from] item: Life Orb\n|move|p1a: Emboar|Flare Blitz|p2a: Mismagius\n|-damage|p2a: Mismagius|0 fnt\n|faint|p2a: Mismagius\n|-damage|p1a: Emboar|234/322|[from] Recoil\n|\n|upkeep\n|c|\u2606min1ko|:(\n|\n|t:|1733858139\n|switch|p2a: Minior|Minior-Blue, L79|224/224\n|-formechange|p2a: Minior|Minior-Meteor||[from] ability: Shields Down\n|turn|18\n|\n|t:|1733858174\n|switch|p1a: Falinks|Falinks, L84|246/246\n|move|p2a: Minior|Earthquake|p1a: Falinks\n|-damage|p1a: Falinks|205/246\n|\n|upkeep\n|turn|19\n|\n|t:|1733858197\n|move|p1a: Falinks|Close Combat|p2a: Minior\n|-damage|p2a: Minior|51/224\n|-unboost|p1a: Falinks|def|1\n|-unboost|p1a: Falinks|spd|1\n|-damage|p1a: Falinks|181/246|[from] item: Life Orb\n|move|p2a: Minior|Shell Smash|p2a: Minior\n|-unboost|p2a: Minior|def|1\n|-unboost|p2a: Minior|spd|1\n|-boost|p2a: Minior|atk|2\n|-boost|p2a: Minior|spa|2\n|-boost|p2a: Minior|spe|2\n|-enditem|p2a: Minior|White Herb\n|-clearnegativeboost|p2a: Minior|[silent]\n|\n|-formechange|p2a: Minior|Minior-Blue||[from] ability: Shields Down\n|upkeep\n|turn|20\n|\n|t:|1733858236\n|move|p2a: Minior|Acrobatics|p1a: Falinks\n|-supereffective|p1a: Falinks\n|-damage|p1a: Falinks|0 fnt\n|faint|p1a: Falinks\n|\n|upkeep\n|c|\u2606min1ko|die\n|c|\u2606Fishest|jeez\n|\n|t:|1733858248\n|switch|p1a: Emboar|Emboar, L84, F|234/322\n|turn|21\n|\n|t:|1733858255\n|move|p2a: Minior|Acrobatics|p1a: Emboar\n|-supereffective|p1a: Emboar\n|-damage|p1a: Emboar|0 fnt\n|faint|p1a: Emboar\n|\n|upkeep\n|c|\u2606min1ko|HWHASJHADSFZ\n|c|\u2606min1ko|HOW\n|c|\u2606Fishest|JEEZ\n|\n|t:|1733858263\n|switch|p1a: Scovillain|Scovillain, L91, M|266/266\n|turn|22\n|\n|t:|1733858274\n|move|p2a: Minior|Earthquake|p1a: Scovillain\n|-damage|p1a: Scovillain|129/266\n|move|p1a: Scovillain|Substitute|p1a: Scovillain\n|-start|p1a: Scovillain|Substitute\n|-damage|p1a: Scovillain|63/266\n|\n|-heal|p1a: Scovillain|79/266|[from] item: Leftovers\n|upkeep\n|turn|23\n|\n|t:|1733858287\n|move|p2a: Minior|Earthquake|p1a: Scovillain\n|-end|p1a: Scovillain|Substitute\n|move|p1a: Scovillain|Leech Seed|p2a: Minior\n|-start|p2a: Minior|move: Leech Seed\n|\n|-heal|p1a: Scovillain|95/266|[from] item: Leftovers\n|-damage|p2a: Minior|23/224|[from] Leech Seed|[of] p1a: Scovillain\n|-heal|p1a: Scovillain|123/266|[silent]\n|upkeep\n|turn|24\n|\n|t:|1733858298\n|move|p1a: Scovillain|Protect|p1a: Scovillain\n|-singleturn|p1a: Scovillain|Protect\n|move|p2a: Minior|Earthquake|p1a: Scovillain\n|-activate|p1a: Scovillain|move: Protect\n|\n|-heal|p1a: Scovillain|139/266|[from] item: Leftovers\n|-damage|p2a: Minior|0 fnt|[from] Leech Seed|[of] p1a: Scovillain\n|-heal|p1a: Scovillain|162/266|[silent]\n|faint|p2a: Minior\n|upkeep\n|c|\u2606min1ko|I don't like you\n|c|\u2606Fishest|whoop whoop\n|\n|t:|1733858314\n|switch|p2a: Tauros|Tauros-Paldea-Blaze, L81, M|252/252\n|turn|25\n|\n|t:|1733858331\n|move|p2a: Tauros|Close Combat|p1a: Scovillain\n|-damage|p1a: Scovillain|5/266\n|-unboost|p2a: Tauros|def|1\n|-unboost|p2a: Tauros|spd|1\n|move|p1a: Scovillain|Substitute|p1a: Scovillain\n|-fail|p1a: Scovillain|move: Substitute|[weak]\n|\n|-heal|p1a: Scovillain|21/266|[from] item: Leftovers\n|upkeep\n|turn|26\n|c|\u2606min1ko|HSDAH\n|\n|t:|1733858342\n|move|p1a: Scovillain|Protect|p1a: Scovillain\n|-singleturn|p1a: Scovillain|Protect\n|move|p2a: Tauros|Raging Bull|p1a: Scovillain\n|-activate|p1a: Scovillain|move: Protect\n|\n|-heal|p1a: Scovillain|37/266|[from] item: Leftovers\n|upkeep\n|turn|27\n|\n|t:|1733858353\n|move|p2a: Tauros|Raging Bull|p1a: Scovillain\n|-damage|p1a: Scovillain|0 fnt\n|faint|p1a: Scovillain\n|\n|upkeep\n|\n|t:|1733858357\n|switch|p1a: Regidrago|Regidrago, L77|166/435\n|turn|28\n|c|\u2606min1ko|praying this hits well\n|c|\u2606min1ko|I do NOT check the type chart before attacking\n|\n|t:|1733858379\n|move|p2a: Tauros|Close Combat|p1a: Regidrago\n|-damage|p1a: Regidrago|0 fnt\n|-unboost|p2a: Tauros|def|1\n|-unboost|p2a: Tauros|spd|1\n|faint|p1a: Regidrago\n|\n|win|min1ko\n|c|\u2606min1ko|YESSSSSs\n|c|\u2606Fishest|awww\n|c|\u2606Fishest|ggs\n|c|\u2606Fishest|that was funnnn\n|c|\u2606min1ko|GGGG\n|c|\u2606min1ko|that's too many\n|c|\u2606min1ko|good game good game my bro\n", "inputlog": ">version bfd83cad13791eb5a5a409923076391caf6fb4d4\n>start {\"formatid\":\"gen9randombattle\",\"seed\":[29385,54213,34932,5127]}\n>player p1 {\"name\":\"Fishest\",\"avatar\":\"silver\",\"rating\":0,\"seed\":[9331,56642,24163,24798]}\n>player p2 {\"name\":\"min1ko\",\"avatar\":\"guitarist\",\"rating\":0,\"seed\":[64839,45010,39661,10807]}\n>chat \u2606Fishest|is this karma\n>chat \u2606min1ko|its a skill issue\n>p1 switch 5\n>p2 move judgment\n>chat \u2606Fishest|:3 \n>p1 move irondefense\n>p2 move calmmind\n>p1 move bodypress\n>p2 move earthpower\n>chat \u2606min1ko|HELP\n>chat \u2606min1ko|bastiodon?? like bastion?? like in the nether?? in MINECRAFT?\n>p1 move rest\n>p2 move earthpower\n>chat \u2606min1ko|nyehehehe\n>p1 switch 3\n>p1 move malignantchain\n>p2 move earthpower\n>chat \u2606Fishest|WOOO\n>p1 move recover\n>p2 move recover\n>p1 move malignantchain\n>p2 move earthpower\n>p1 move recover\n>p2 move recover\n>p1 move partingshot\n>p2 move recover\n>p1 switch 6\n>chat \u2606min1ko|I HATE YOU\n>p1 move dragonclaw\n>p2 move recover\n>chat \u2606min1ko|NOOOOOO\n>chat \u2606Fishest|POISONNNN\n>p2 switch 2\n>chat \u2606min1ko|I don't know what I'm doing\n>chat \u2606min1ko|is it obvious\n>p1 move dragonclaw\n>p2 move aquacutter\n>p1 move dragonclaw\n>p2 move aquacutter\n>chat \u2606Fishest|hurrrrrryyy uppp pleaseee I don't have much time\n>p2 switch 6\n>chat \u2606min1ko|srry\n>p1 switch 6\n>p2 move mysticalfire\n>p1 move recover\n>p2 move thunderbolt\n>p1 move shadowball\n>p2 move thunderbolt\n>p1 move recover\n>p2 move thunderbolt\n>p1 switch 2\n>p1 move flareblitz\n>p2 move thunderbolt\n>chat \u2606min1ko|:(\n>p2 switch 3\n>p1 switch 5\n>p2 move earthquake\n>p1 move closecombat\n>p2 move shellsmash\n>p1 move closecombat\n>p2 move acrobatics\n>chat \u2606min1ko|die\n>chat \u2606Fishest|jeez\n>p1 switch 5\n>p1 move wildcharge\n>p2 move acrobatics\n>chat \u2606min1ko|HWHASJHADSFZ\n>chat \u2606min1ko|HOW\n>chat \u2606Fishest|JEEZ\n>p1 switch 4\n>p1 move substitute\n>p2 move earthquake\n>p1 move leechseed\n>p2 move earthquake\n>p1 move protect\n>p2 move earthquake\n>chat \u2606min1ko|I don't like you\n>chat \u2606Fishest|whoop whoop\n>p2 switch 4\n>p1 move substitute\n>p2 move closecombat\n>chat \u2606min1ko|HSDAH\n>p1 move protect\n>p2 move ragingbull\n>p1 move leechseed\n>p2 move ragingbull\n>p1 switch 6\n>chat \u2606min1ko|praying this hits well\n>chat \u2606min1ko|I do NOT check the type chart before attacking\n>p1 move dragonclaw\n>p2 move closecombat", "uploadtime": 1733858406, "views": 7, "formatid": "gen9randombattle", "rating": null, "private": 0, "password": null}