{"id": "gen9randombattle-2260425675", "format": "[Gen 9] Random Battle", "players": ["hiroakiruby", "Jgallo13"], "log": "|j|\u2606hiroakiruby\n|j|\u2606Jgallo13\n|t:|1733850416\n|gametype|singles\n|player|p1|hiroakiruby|170|1693\n|player|p2|Jgallo13|170|1726\n|teamsize|p1|6\n|teamsize|p2|6\n|gen|9\n|tier|[Gen 9] Random Battle\n|rated|\n|rule|Species Clause: Limit one of each Pok\u00e9mon\n|rule|HP Percentage Mod: HP is shown in percentages\n|rule|Sleep Clause Mod: Limit one foe put to sleep\n|rule|Illusion Level Mod: Illusion disguises the Pok\u00e9mon's true level\n|\n|t:|1733850416\n|start\n|switch|p1a: Wo-Chien|Wo-Chien, L83|238/238\n|switch|p2a: Gyarados|Gyarados, L79, M|280/280\n|-ability|p2a: Gyarados|Intimidate|boost\n|-unboost|p1a: Wo-Chien|atk|1\n|turn|1\n|inactive|Battle timer is ON: inactive players will automatically lose when time's up. (requested by Jgallo13)\n|inactive|hiroakiruby has 120 seconds left.\n|c|\u2606Jgallo13|That ain\u2019t Wo Chein\n|\n|t:|1733850467\n|move|p1a: Wo-Chien|Nasty Plot|p1a: Wo-Chien\n|-boost|p1a: Wo-Chien|spa|2\n|move|p2a: Gyarados|Dragon Dance|p2a: Gyarados\n|-boost|p2a: Gyarados|atk|1\n|-boost|p2a: Gyarados|spe|1\n|\n|upkeep\n|turn|2\n|\n|t:|1733850480\n|move|p2a: Gyarados|Waterfall|p1a: Wo-Chien\n|-damage|p1a: Wo-Chien|55/238\n|replace|p1a: Zoroark|Zoroark, L84, M\n|-end|p1a: Zoroark|Illusion\n|-hint|Illusion Level Mod is active, so this Pok\u00e9mon's true level was hidden.\n|move|p1a: Zoroark|Dark Pulse|p2a: Gyarados\n|-damage|p2a: Gyarados|49/280\n|-damage|p1a: Zoroark|32/238|[from] item: Life Orb\n|\n|upkeep\n|turn|3\n|\n|t:|1733850494\n|switch|p1a: Wo-Chien|Wo-Chien, L83|277/277\n|-ability|p1a: Wo-Chien|Tablets of Ruin\n|move|p2a: Gyarados|Waterfall|p1a: Wo-Chien\n|-resisted|p1a: Wo-Chien\n|-damage|p1a: Wo-Chien|232/277\n|\n|-heal|p1a: Wo-Chien|249/277|[from] item: Leftovers\n|upkeep\n|turn|4\n|\n|t:|1733850507\n|switch|p2a: Leafeon|Leafeon, L88, F|258/258\n|move|p1a: Wo-Chien|Knock Off|p2a: Leafeon\n|-damage|p2a: Leafeon|188/258\n|-enditem|p2a: Leafeon|Leftovers|[from] move: Knock Off|[of] p1a: Wo-Chien\n|\n|-heal|p1a: Wo-Chien|266/277|[from] item: Leftovers\n|upkeep\n|turn|5\n|\n|t:|1733850517\n|switch|p1a: Pelipper|Pelipper, L86, M|243/243\n|-weather|RainDance|[from] ability: Drizzle|[of] p1a: Pelipper\n|move|p2a: Leafeon|Substitute|p2a: Leafeon\n|-start|p2a: Leafeon|Substitute\n|-damage|p2a: Leafeon|124/258\n|\n|-weather|RainDance|[upkeep]\n|upkeep\n|turn|6\n|\n|t:|1733850526\n|move|p2a: Leafeon|Knock Off|p1a: Pelipper\n|-damage|p1a: Pelipper|173/243\n|-enditem|p1a: Pelipper|Choice Specs|[from] move: Knock Off|[of] p2a: Leafeon\n|move|p1a: Pelipper|U-turn|p2a: Leafeon\n|-supereffective|p2a: Leafeon\n|-activate|p2a: Leafeon|move: Substitute|[damage]\n|\n|t:|1733850539\n|switch|p1a: Wo-Chien|Wo-Chien, L83|266/277|[from] U-turn\n|-ability|p1a: Wo-Chien|Tablets of Ruin\n|\n|-weather|RainDance|[upkeep]\n|-heal|p1a: Wo-Chien|277/277|[from] item: Leftovers\n|upkeep\n|turn|7\n|\n|t:|1733850549\n|move|p2a: Leafeon|Knock Off|p1a: Wo-Chien\n|-resisted|p1a: Wo-Chien\n|-damage|p1a: Wo-Chien|249/277\n|-enditem|p1a: Wo-Chien|Leftovers|[from] move: Knock Off|[of] p2a: Leafeon\n|move|p1a: Wo-Chien|Knock Off|p2a: Leafeon\n|-end|p2a: Leafeon|Substitute\n|\n|-weather|RainDance|[upkeep]\n|upkeep\n|turn|8\n|\n|t:|1733850561\n|switch|p2a: Weavile|Weavile, L79, F|240/240\n|move|p1a: Wo-Chien|Knock Off|p2a: Weavile\n|-resisted|p2a: Weavile\n|-damage|p2a: Weavile|185/240\n|-enditem|p2a: Weavile|Heavy-Duty Boots|[from] move: Knock Off|[of] p1a: Wo-Chien\n|\n|-weather|RainDance|[upkeep]\n|upkeep\n|turn|9\n|\n|t:|1733850582\n|switch|p1a: Tinkaton|Tinkaton, L82, F|274/274\n|-ability|p1a: Tinkaton|Mold Breaker\n|move|p2a: Weavile|Swords Dance|p2a: Weavile\n|-boost|p2a: Weavile|atk|2\n|\n|-weather|none\n|upkeep\n|turn|10\n|\n|t:|1733850593\n|-terastallize|p2a: Weavile|Fighting\n|move|p2a: Weavile|Low Kick|p1a: Tinkaton\n|-crit|p1a: Tinkaton\n|-damage|p1a: Tinkaton|0 fnt\n|faint|p1a: Tinkaton\n|\n|upkeep\n|\n|t:|1733850611\n|switch|p1a: Magearna|Magearna-Original, L77|250/250\n|turn|11\n|\n|t:|1733850618\n|move|p2a: Weavile|Low Kick|p1a: Magearna\n|-damage|p1a: Magearna|105/250\n|move|p1a: Magearna|Fleur Cannon|p2a: Weavile|[miss]\n|-miss|p1a: Magearna|p2a: Weavile\n|\n|-heal|p1a: Magearna|120/250|[from] item: Leftovers\n|upkeep\n|turn|12\n|\n|t:|1733850626\n|move|p2a: Weavile|Low Kick|p1a: Magearna\n|-damage|p1a: Magearna|0 fnt\n|faint|p1a: Magearna\n|\n|upkeep\n|\n|t:|1733850631\n|switch|p1a: Pelipper|Pelipper, L86, M|173/243\n|-weather|RainDance|[from] ability: Drizzle|[of] p1a: Pelipper\n|turn|13\n|\n|t:|1733850642\n|-terastallize|p1a: Pelipper|Water\n|move|p2a: Weavile|Triple Axel|p1a: Pelipper\n|-resisted|p1a: Pelipper\n|-damage|p1a: Pelipper|154/243\n|-resisted|p1a: Pelipper\n|-damage|p1a: Pelipper|115/243\n|-resisted|p1a: Pelipper\n|-damage|p1a: Pelipper|56/243\n|-hitcount|p1a: Pelipper|3\n|move|p1a: Pelipper|Hurricane|p2a: Weavile\n|-supereffective|p2a: Weavile\n|-damage|p2a: Weavile|0 fnt\n|faint|p2a: Weavile\n|\n|-weather|RainDance|[upkeep]\n|upkeep\n|\n|t:|1733850648\n|switch|p2a: Leafeon|Leafeon, L88, F|124/258\n|turn|14\n|\n|t:|1733850658\n|move|p2a: Leafeon|Substitute|p2a: Leafeon\n|-start|p2a: Leafeon|Substitute\n|-damage|p2a: Leafeon|60/258\n|move|p1a: Pelipper|Hurricane|p2a: Leafeon\n|-supereffective|p2a: Leafeon\n|-end|p2a: Leafeon|Substitute\n|\n|-weather|RainDance|[upkeep]\n|upkeep\n|turn|15\n|\n|t:|1733850662\n|switch|p1a: Wo-Chien|Wo-Chien, L83|249/277\n|-ability|p1a: Wo-Chien|Tablets of Ruin\n|move|p2a: Leafeon|Leaf Blade|p1a: Wo-Chien\n|-resisted|p1a: Wo-Chien\n|-damage|p1a: Wo-Chien|207/277\n|\n|-weather|RainDance|[upkeep]\n|upkeep\n|turn|16\n|\n|t:|1733850668\n|move|p2a: Leafeon|Swords Dance|p2a: Leafeon\n|-boost|p2a: Leafeon|atk|2\n|move|p1a: Wo-Chien|Knock Off|p2a: Leafeon\n|-damage|p2a: Leafeon|15/258\n|\n|-weather|RainDance|[upkeep]\n|upkeep\n|turn|17\n|\n|t:|1733850671\n|move|p2a: Leafeon|Leaf Blade|p1a: Wo-Chien\n|-resisted|p1a: Wo-Chien\n|-damage|p1a: Wo-Chien|128/277\n|move|p1a: Wo-Chien|Knock Off|p2a: Leafeon\n|-damage|p2a: Leafeon|0 fnt\n|faint|p2a: Leafeon\n|\n|-weather|none\n|upkeep\n|\n|t:|1733850680\n|switch|p2a: Rotom|Rotom-Heat, L83|219/219\n|turn|18\n|\n|t:|1733850687\n|switch|p1a: Pelipper|Pelipper, L86, M, tera:Water|56/243\n|-weather|RainDance|[from] ability: Drizzle|[of] p1a: Pelipper\n|move|p2a: Rotom|Nasty Plot|p2a: Rotom\n|-boost|p2a: Rotom|spa|2\n|\n|-weather|RainDance|[upkeep]\n|upkeep\n|turn|19\n|\n|t:|1733850697\n|move|p2a: Rotom|Thunderbolt|p1a: Pelipper\n|-supereffective|p1a: Pelipper\n|-damage|p1a: Pelipper|0 fnt\n|faint|p1a: Pelipper\n|\n|-weather|RainDance|[upkeep]\n|upkeep\n|\n|t:|1733850701\n|switch|p1a: Dewgong|Dewgong, L94, M|32/238\n|turn|20\n|\n|t:|1733850710\n|move|p1a: Dewgong|Dark Pulse|p2a: Rotom\n|-damage|p2a: Rotom|105/219\n|-damage|p1a: Dewgong|9/238|[from] item: Life Orb\n|cant|p2a: Rotom|flinch\n|\n|-weather|RainDance|[upkeep]\n|upkeep\n|turn|21\n|\n|t:|1733850726\n|move|p1a: Dewgong|Dark Pulse|p2a: Rotom\n|-damage|p2a: Rotom|0 fnt\n|faint|p2a: Rotom\n|-damage|p1a: Dewgong|0 fnt|[from] item: Life Orb\n|faint|p1a: Dewgong\n|\n|-weather|RainDance|[upkeep]\n|upkeep\n|\n|t:|1733850746\n|switch|p1a: Dewgong|Dewgong, L94, M|322/322\n|switch|p2a: Gyarados|Gyarados, L79, M|49/280\n|-ability|p2a: Gyarados|Intimidate|boost\n|-unboost|p1a: Dewgong|atk|1\n|turn|22\n|c|\u2606hiroakiruby|How did you that ain't working chien!?!?\n|\n|t:|1733850773\n|move|p1a: Dewgong|Ice Beam|p2a: Gyarados\n|-damage|p2a: Gyarados|0 fnt\n|faint|p2a: Gyarados\n|\n|-weather|none\n|upkeep\n|inactive|Jgallo13 has 120 seconds left.\n|c|\u2606Jgallo13|It didn\u2019t put the message up that everyone\u2019s attack was lowered\n|\n|t:|1733850800\n|switch|p2a: Exeggutor|Exeggutor, L89, F|312/312\n|turn|23\n|inactive|hiroakiruby has 120 seconds left.\n|\n|t:|1733850835\n|move|p1a: Dewgong|Knock Off|p2a: Exeggutor\n|-supereffective|p2a: Exeggutor\n|-damage|p2a: Exeggutor|220/312\n|-enditem|p2a: Exeggutor|Sitrus Berry|[from] move: Knock Off|[of] p1a: Dewgong\n|move|p2a: Exeggutor|Calm Mind|p2a: Exeggutor\n|-boost|p2a: Exeggutor|spa|1\n|-boost|p2a: Exeggutor|spd|1\n|\n|upkeep\n|turn|24\n|\n|t:|1733850846\n|move|p1a: Dewgong|Ice Beam|p2a: Exeggutor\n|-supereffective|p2a: Exeggutor\n|-damage|p2a: Exeggutor|76/312\n|move|p2a: Exeggutor|Giga Drain|p1a: Dewgong\n|-supereffective|p1a: Dewgong\n|-damage|p1a: Dewgong|142/322\n|-heal|p2a: Exeggutor|166/312|[from] drain|[of] p1a: Dewgong\n|\n|upkeep\n|turn|25\n|\n|t:|1733850853\n|move|p1a: Dewgong|Flip Turn|p2a: Exeggutor\n|-resisted|p2a: Exeggutor\n|-crit|p2a: Exeggutor\n|-damage|p2a: Exeggutor|121/312\n|\n|t:|1733850856\n|switch|p1a: Wo-Chien|Wo-Chien, L83|128/277|[from] Flip Turn\n|-ability|p1a: Wo-Chien|Tablets of Ruin\n|move|p2a: Exeggutor|Giga Drain|p1a: Wo-Chien\n|-resisted|p1a: Wo-Chien\n|-damage|p1a: Wo-Chien|71/277\n|-heal|p2a: Exeggutor|150/312|[from] drain|[of] p1a: Wo-Chien\n|\n|upkeep\n|turn|26\n|\n|t:|1733850863\n|move|p1a: Wo-Chien|Knock Off|p2a: Exeggutor\n|-supereffective|p2a: Exeggutor\n|-damage|p2a: Exeggutor|24/312\n|move|p2a: Exeggutor|Giga Drain|p1a: Wo-Chien\n|-resisted|p1a: Wo-Chien\n|-damage|p1a: Wo-Chien|11/277\n|-heal|p2a: Exeggutor|54/312|[from] drain|[of] p1a: Wo-Chien\n|\n|upkeep\n|turn|27\n|\n|t:|1733850870\n|move|p1a: Wo-Chien|Knock Off|p2a: Exeggutor\n|-supereffective|p2a: Exeggutor\n|-damage|p2a: Exeggutor|0 fnt\n|faint|p2a: Exeggutor\n|\n|upkeep\n|\n|t:|1733850871\n|switch|p2a: Dugtrio|Dugtrio, L84, M|196/196\n|turn|28\n|\n|t:|1733850876\n|move|p2a: Dugtrio|Stone Edge|p1a: Wo-Chien|[miss]\n|-miss|p2a: Dugtrio|p1a: Wo-Chien\n|move|p1a: Wo-Chien|Stun Spore|p2a: Dugtrio\n|-status|p2a: Dugtrio|par\n|\n|upkeep\n|turn|29\n|\n|t:|1733850881\n|move|p1a: Wo-Chien|Knock Off|p2a: Dugtrio\n|-damage|p2a: Dugtrio|67/196 par\n|-enditem|p2a: Dugtrio|Choice Band|[from] move: Knock Off|[of] p1a: Wo-Chien\n|move|p2a: Dugtrio|Stone Edge|p1a: Wo-Chien\n|-damage|p1a: Wo-Chien|0 fnt\n|faint|p1a: Wo-Chien\n|\n|upkeep\n|c|\u2606hiroakiruby|Where\n|-message|Jgallo13 forfeited.\n|\n|win|hiroakiruby\n|raw|hiroakiruby's rating: 1693 &rarr; <strong>1715</strong><br />(+22 for winning)\n|raw|Jgallo13's rating: 1726 &rarr; <strong>1704</strong><br />(-22 for losing)\n|l|\u2606Jgallo13\n|player|p2|\n|c|\u2606hiroakiruby|Wheeeee\n", "inputlog": ">version bfd83cad13791eb5a5a409923076391caf6fb4d4\n>start {\"formatid\":\"gen9randombattle\",\"seed\":[55272,47758,6155,23108],\"rated\":\"Rated battle\"}\n>player p1 {\"name\":\"hiroakiruby\",\"avatar\":\"170\",\"rating\":1693,\"seed\":[17458,58883,38789,11878]}\n>player p2 {\"name\":\"Jgallo13\",\"avatar\":\"170\",\"rating\":1726,\"seed\":[58734,11115,2143,37364]}\n>chat \u2606Jgallo13|That ain\u2019t Wo Chein\n>p1 move nastyplot\n>p2 move dragondance\n>p1 move darkpulse\n>p2 move waterfall\n>p1 switch 6\n>p2 move waterfall\n>p1 move knockoff\n>p2 switch 4\n>p1 switch 5\n>p2 move substitute\n>p1 move uturn\n>p2 move knockoff\n>p1 switch 5\n>p1 move knockoff\n>p2 move knockoff\n>p1 move knockoff\n>p2 switch 6\n>p1 switch 2\n>p2 move swordsdance\n>p1 move gigatonhammer\n>p2 move lowkick terastallize\n>p1 switch 3\n>p1 move fleurcannon\n>p2 move lowkick\n>p1 move fleurcannon\n>p2 move lowkick\n>p1 switch 5\n>p1 move hurricane terastallize\n>p2 move tripleaxel\n>p2 switch 6\n>p1 move hurricane\n>p2 move substitute\n>p1 switch 2\n>p2 move leafblade\n>p1 move knockoff\n>p2 move swordsdance\n>p1 move knockoff\n>p2 move leafblade\n>p2 switch 2\n>p1 switch 2\n>p2 move nastyplot\n>p1 move weatherball\n>p2 move thunderbolt\n>p1 switch 6\n>p1 move darkpulse\n>p2 move thunderbolt\n>p1 move darkpulse\n>p2 move thunderbolt\n>p1 switch 4\n>p2 switch 4\n>chat \u2606hiroakiruby|How did you that ain't working chien!?!?\n>p1 move icebeam\n>p2 move waterfall\n>chat \u2606Jgallo13|It didn\u2019t put the message up that everyone\u2019s attack was lowered\n>p2 switch 5\n>p1 move knockoff\n>p2 move calmmind\n>p1 move icebeam\n>p2 move gigadrain\n>p1 move flipturn\n>p2 move gigadrain\n>p1 switch 2\n>p1 move knockoff\n>p2 move gigadrain\n>p1 move knockoff\n>p2 move gigadrain\n>p2 switch 3\n>p1 move stunspore\n>p2 move stoneedge\n>p1 move knockoff\n>p2 move stoneedge\n>chat \u2606hiroakiruby|Where\n>forcelose p2", "uploadtime": 1733850897, "views": 2, "formatid": "gen9randombattle", "rating": 1704, "private": 0, "password": null}