{"id": "gen9randombattle-2260102650", "format": "[Gen 9] Random Battle", "players": ["canyousparechange", "meamojerry"], "log": "|j|\u2606canyousparechange\n|j|\u2606meamojerry\n|t:|1733802773\n|gametype|singles\n|player|p1|canyousparechange|li|1973\n|player|p2|meamojerry|102|1965\n|teamsize|p1|6\n|teamsize|p2|6\n|gen|9\n|tier|[Gen 9] Random Battle\n|rated|\n|rule|Species Clause: Limit one of each Pok\u00e9mon\n|rule|HP Percentage Mod: HP is shown in percentages\n|rule|Sleep Clause Mod: Limit one foe put to sleep\n|rule|Illusion Level Mod: Illusion disguises the Pok\u00e9mon's true level\n|\n|t:|1733802773\n|start\n|switch|p1a: Whiscash|Whiscash, L88, M|337/337\n|switch|p2a: Sandy Shocks|Sandy Shocks, L80|267/267\n|turn|1\n|inactive|Battle timer is ON: inactive players will automatically lose when time's up. (requested by canyousparechange)\n|\n|t:|1733802791\n|move|p2a: Sandy Shocks|Stealth Rock|p1a: Whiscash\n|-sidestart|p1: canyousparechange|move: Stealth Rock\n|move|p1a: Whiscash|Dragon Dance|p1a: Whiscash\n|-boost|p1a: Whiscash|atk|1\n|-boost|p1a: Whiscash|spe|1\n|\n|upkeep\n|turn|2\n|\n|t:|1733802806\n|-end|p2a: Sandy Shocks|Protosynthesis|[silent]\n|switch|p2a: Flamigo|Flamigo, L82, M|269/269\n|move|p1a: Whiscash|Dragon Dance|p1a: Whiscash\n|-boost|p1a: Whiscash|atk|1\n|-boost|p1a: Whiscash|spe|1\n|\n|upkeep\n|turn|3\n|\n|t:|1733802818\n|switch|p2a: Koraidon|Koraidon, L64|235/235\n|-weather|SunnyDay|[from] ability: Orichalcum Pulse|[of] p2a: Koraidon\n|-activate|p2a: Koraidon|Orichalcum Pulse|[source]\n|move|p1a: Whiscash|Liquidation|p2a: Koraidon\n|-resisted|p2a: Koraidon\n|-damage|p2a: Koraidon|180/235\n|-damage|p1a: Whiscash|304/337|[from] item: Life Orb\n|\n|-weather|SunnyDay|[upkeep]\n|upkeep\n|turn|4\n|\n|t:|1733802835\n|move|p1a: Whiscash|Earthquake|p2a: Koraidon\n|-damage|p2a: Koraidon|0 fnt\n|faint|p2a: Koraidon\n|-damage|p1a: Whiscash|271/337|[from] item: Life Orb\n|\n|-weather|SunnyDay|[upkeep]\n|upkeep\n|\n|t:|1733802854\n|switch|p2a: Flamigo|Flamigo, L82, M|269/269\n|turn|5\n|\n|t:|1733802865\n|move|p1a: Whiscash|Liquidation|p2a: Flamigo\n|-damage|p2a: Flamigo|143/269\n|-damage|p1a: Whiscash|238/337|[from] item: Life Orb\n|move|p2a: Flamigo|Brave Bird|p1a: Whiscash\n|-damage|p1a: Whiscash|53/337\n|-damage|p2a: Flamigo|82/269|[from] Recoil\n|-damage|p2a: Flamigo|56/269|[from] item: Life Orb\n|\n|-weather|SunnyDay|[upkeep]\n|upkeep\n|turn|6\n|\n|t:|1733802875\n|move|p1a: Whiscash|Liquidation|p2a: Flamigo\n|-damage|p2a: Flamigo|0 fnt\n|faint|p2a: Flamigo\n|-damage|p1a: Whiscash|20/337|[from] item: Life Orb\n|\n|-weather|SunnyDay|[upkeep]\n|upkeep\n|\n|t:|1733802885\n|switch|p2a: Snorlax|Snorlax, L82, F|397/397\n|turn|7\n|\n|t:|1733802896\n|move|p1a: Whiscash|Earthquake|p2a: Snorlax\n|-crit|p2a: Snorlax\n|-damage|p2a: Snorlax|0 fnt\n|faint|p2a: Snorlax\n|-damage|p1a: Whiscash|0 fnt|[from] item: Life Orb\n|faint|p1a: Whiscash\n|\n|-weather|none\n|upkeep\n|\n|t:|1733802907\n|switch|p1a: Basculin|Basculin-Blue-Striped, L86, F|261/261\n|switch|p2a: Magmortar|Magmortar, L88, M|275/275\n|-damage|p1a: Basculin|229/261|[from] Stealth Rock\n|turn|8\n|\n|t:|1733802917\n|switch|p2a: Lanturn|Lanturn, L89, M|367/367\n|move|p1a: Basculin|Wave Crash|p2a: Lanturn\n|-resisted|p2a: Lanturn\n|-damage|p2a: Lanturn|219/367\n|-damage|p1a: Basculin|180/261|[from] Recoil\n|\n|-heal|p2a: Lanturn|241/367|[from] item: Leftovers\n|upkeep\n|turn|9\n|\n|t:|1733802927\n|switch|p1a: Houndstone|Houndstone, L86, M|264/264\n|-damage|p1a: Houndstone|231/264|[from] Stealth Rock\n|move|p2a: Lanturn|Volt Switch|p1a: Houndstone\n|-damage|p1a: Houndstone|173/264\n|\n|t:|1733802935\n|switch|p2a: Magmortar|Magmortar, L88, M|275/275|[from] Volt Switch\n|\n|-heal|p1a: Houndstone|189/264|[from] item: Leftovers\n|upkeep\n|turn|10\n|\n|t:|1733802943\n|move|p1a: Houndstone|Shadow Sneak|p2a: Magmortar\n|-damage|p2a: Magmortar|221/275\n|-status|p1a: Houndstone|brn|[from] ability: Flame Body|[of] p2a: Magmortar\n|move|p2a: Magmortar|Fire Blast|p1a: Houndstone|[miss]\n|-miss|p2a: Magmortar|p1a: Houndstone\n|\n|-heal|p1a: Houndstone|205/264 brn|[from] item: Leftovers\n|-damage|p1a: Houndstone|189/264 brn|[from] brn\n|upkeep\n|turn|11\n|\n|t:|1733802956\n|move|p1a: Houndstone|Shadow Sneak|p2a: Magmortar\n|-damage|p2a: Magmortar|193/275\n|move|p2a: Magmortar|Knock Off|p1a: Houndstone\n|-supereffective|p1a: Houndstone\n|-damage|p1a: Houndstone|122/264 brn\n|-enditem|p1a: Houndstone|Leftovers|[from] move: Knock Off|[of] p2a: Magmortar\n|\n|-damage|p1a: Houndstone|106/264 brn|[from] brn\n|upkeep\n|turn|12\n|\n|t:|1733802981\n|switch|p2a: Sandy Shocks|Sandy Shocks, L80|267/267\n|move|p1a: Houndstone|Shadow Sneak|p2a: Sandy Shocks\n|-damage|p2a: Sandy Shocks|245/267\n|\n|-heal|p2a: Sandy Shocks|261/267|[from] item: Leftovers\n|-damage|p1a: Houndstone|90/264 brn|[from] brn\n|upkeep\n|turn|13\n|\n|t:|1733802990\n|move|p1a: Houndstone|Shadow Sneak|p2a: Sandy Shocks\n|-damage|p2a: Sandy Shocks|240/267\n|move|p2a: Sandy Shocks|Spikes|p1a: Houndstone\n|-sidestart|p1: canyousparechange|Spikes\n|\n|-heal|p2a: Sandy Shocks|256/267|[from] item: Leftovers\n|-damage|p1a: Houndstone|74/264 brn|[from] brn\n|upkeep\n|turn|14\n|\n|t:|1733802998\n|move|p2a: Sandy Shocks|Thunderbolt|p1a: Houndstone\n|-damage|p1a: Houndstone|0 fnt\n|faint|p1a: Houndstone\n|\n|-heal|p2a: Sandy Shocks|267/267|[from] item: Leftovers\n|upkeep\n|\n|t:|1733803015\n|switch|p1a: Basculin|Basculin-Blue-Striped, L86, F|180/261\n|-damage|p1a: Basculin|148/261|[from] Stealth Rock\n|-damage|p1a: Basculin|116/261|[from] Spikes\n|turn|15\n|\n|t:|1733803021\n|-end|p2a: Sandy Shocks|Protosynthesis|[silent]\n|switch|p2a: Lanturn|Lanturn, L89, M|241/367\n|move|p1a: Basculin|Wave Crash|p2a: Lanturn\n|-resisted|p2a: Lanturn\n|-damage|p2a: Lanturn|82/367\n|-damage|p1a: Basculin|64/261|[from] Recoil\n|\n|-heal|p2a: Lanturn|104/367|[from] item: Leftovers\n|upkeep\n|turn|16\n|\n|t:|1733803037\n|move|p1a: Basculin|Wave Crash|p2a: Lanturn\n|-resisted|p2a: Lanturn\n|-damage|p2a: Lanturn|0 fnt\n|faint|p2a: Lanturn\n|-damage|p1a: Basculin|30/261|[from] Recoil\n|\n|upkeep\n|\n|t:|1733803044\n|switch|p2a: Magmortar|Magmortar, L88, M|193/275\n|turn|17\n|\n|t:|1733803048\n|move|p1a: Basculin|Wave Crash|p2a: Magmortar\n|-supereffective|p2a: Magmortar\n|-damage|p2a: Magmortar|0 fnt\n|faint|p2a: Magmortar\n|-damage|p1a: Basculin|0 fnt|[from] Recoil\n|faint|p1a: Basculin\n|\n|upkeep\n|\n|t:|1733803064\n|switch|p1a: Polteageist|Polteageist-Antique, L79|224/224\n|switch|p2a: Sandy Shocks|Sandy Shocks, L80|267/267\n|-damage|p1a: Polteageist|196/224|[from] Stealth Rock\n|-damage|p1a: Polteageist|168/224|[from] Spikes\n|turn|18\n|\n|t:|1733803075\n|-terastallize|p2a: Sandy Shocks|Electric\n|move|p2a: Sandy Shocks|Thunderbolt|p1a: Polteageist\n|-damage|p1a: Polteageist|56/224\n|move|p1a: Polteageist|Shell Smash|p1a: Polteageist\n|-unboost|p1a: Polteageist|def|1\n|-unboost|p1a: Polteageist|spd|1\n|-boost|p1a: Polteageist|atk|2\n|-boost|p1a: Polteageist|spa|2\n|-boost|p1a: Polteageist|spe|2\n|-enditem|p1a: Polteageist|White Herb\n|-clearnegativeboost|p1a: Polteageist|[silent]\n|\n|upkeep\n|turn|19\n|\n|t:|1733803085\n|-terastallize|p1a: Polteageist|Psychic\n|move|p1a: Polteageist|Stored Power|p2a: Sandy Shocks\n|-damage|p2a: Sandy Shocks|0 fnt\n|faint|p2a: Sandy Shocks\n|-end|p2a: Sandy Shocks|Protosynthesis|[silent]\n|\n|win|canyousparechange\n|raw|canyousparechange's rating: 1973 &rarr; <strong>1993</strong><br />(+20 for winning)\n|raw|meamojerry's rating: 1965 &rarr; <strong>1945</strong><br />(-20 for losing)\n|l|\u2606meamojerry\n|player|p2|\n|c|\u2606canyousparechange|gg\n", "inputlog": ">version bfd83cad13791eb5a5a409923076391caf6fb4d4\n>start {\"formatid\":\"gen9randombattle\",\"seed\":[16284,3949,56272,23117],\"rated\":\"Rated battle\"}\n>player p1 {\"name\":\"canyousparechange\",\"avatar\":\"li\",\"rating\":1973,\"seed\":[26113,26636,53268,16812]}\n>player p2 {\"name\":\"meamojerry\",\"avatar\":\"102\",\"rating\":1965,\"seed\":[43362,26734,3738,10657]}\n>p1 move dragondance\n>p2 move stealthrock\n>p1 move dragondance\n>p2 switch 2\n>p1 move liquidation\n>p2 switch 3\n>p1 move earthquake\n>p2 move collisioncourse\n>p2 switch 3\n>p1 move liquidation\n>p2 move bravebird\n>p1 move liquidation\n>p2 move roost\n>p2 switch 6\n>p1 move earthquake\n>p2 move rest\n>p1 switch 4\n>p2 switch 4\n>p1 move wavecrash\n>p2 switch 5\n>p1 switch 5\n>p2 move voltswitch\n>p2 switch 5\n>p1 move shadowsneak\n>p2 move fireblast\n>p1 move shadowsneak\n>p2 move knockoff\n>p1 move shadowsneak\n>p2 switch 2\n>p1 move shadowsneak\n>p2 move spikes\n>p1 move roar\n>p2 move thunderbolt\n>p1 switch 5\n>p1 move wavecrash\n>p2 switch 5\n>p1 move wavecrash\n>p2 move thunderwave\n>p2 switch 2\n>p1 move wavecrash\n>p2 move thunderbolt\n>p1 switch 3\n>p2 switch 5\n>p1 move shellsmash\n>p2 move thunderbolt terastallize\n>p1 move storedpower terastallize\n>p2 move thunderbolt", "uploadtime": 1733803090, "views": 18, "formatid": "gen9randombattle", "rating": 1945, "private": 0, "password": null}