{"id": "gen9randombattle-2260658892", "format": "[Gen 9] Random Battle", "players": ["Jaredtn", "Javiisayscheese"], "log": "|j|\u2606Jaredtn\n|j|\u2606Javiisayscheese\n|t:|1733874894\n|gametype|singles\n|player|p1|Jaredtn|266|1633\n|player|p2|Javiisayscheese|170|1632\n|teamsize|p1|6\n|teamsize|p2|6\n|gen|9\n|tier|[Gen 9] Random Battle\n|rated|\n|rule|Species Clause: Limit one of each Pok\u00e9mon\n|rule|HP Percentage Mod: HP is shown in percentages\n|rule|Sleep Clause Mod: Limit one foe put to sleep\n|rule|Illusion Level Mod: Illusion disguises the Pok\u00e9mon's true level\n|\n|t:|1733874894\n|start\n|switch|p1a: Reuniclus|Reuniclus, L88, M|337/337\n|switch|p2a: Rhyperior|Rhyperior, L82, M|323/323\n|turn|1\n|\n|t:|1733874908\n|move|p2a: Rhyperior|Megahorn|p1a: Reuniclus\n|-supereffective|p1a: Reuniclus\n|-damage|p1a: Reuniclus|123/337\n|move|p1a: Reuniclus|Calm Mind|p1a: Reuniclus\n|-boost|p1a: Reuniclus|spa|1\n|-boost|p1a: Reuniclus|spd|1\n|\n|upkeep\n|turn|2\n|inactive|Battle timer is ON: inactive players will automatically lose when time's up. (requested by Jaredtn)\n|inactive|Javiisayscheese has 120 seconds left.\n|\n|t:|1733874941\n|move|p2a: Rhyperior|Megahorn|p1a: Reuniclus\n|-supereffective|p1a: Reuniclus\n|-damage|p1a: Reuniclus|0 fnt\n|faint|p1a: Reuniclus\n|\n|upkeep\n|\n|t:|1733874948\n|switch|p1a: Basculin|Basculin, L86, F|261/261\n|turn|3\n|inactive|Javiisayscheese has 120 seconds left.\n|\n|t:|1733874984\n|switch|p2a: Dondozo|Dondozo, L78, F|362/362\n|move|p1a: Basculin|Flip Turn|p2a: Dondozo\n|-resisted|p2a: Dondozo\n|-damage|p2a: Dondozo|310/362\n|inactive|Jaredtn has 120 seconds left.\n|\n|t:|1733875023\n|switch|p1a: Dedenne|Dedenne, L88, M|261/261|[from] Flip Turn\n|\n|-heal|p2a: Dondozo|332/362|[from] item: Leftovers\n|upkeep\n|turn|4\n|inactive|Javiisayscheese has 120 seconds left.\n|\n|t:|1733875039\n|switch|p2a: Sudowoodo|Sudowoodo, L94, F|284/284\n|move|p1a: Dedenne|Thunderbolt|p2a: Sudowoodo\n|-damage|p2a: Sudowoodo|188/284\n|\n|upkeep\n|turn|5\n|inactive|Javiisayscheese has 120 seconds left.\n|inactive|Jaredtn has 120 seconds left.\n|\n|t:|1733875078\n|move|p1a: Dedenne|U-turn|p2a: Sudowoodo\n|-damage|p2a: Sudowoodo|157/284\n|\n|t:|1733875081\n|switch|p1a: Probopass|Probopass, L92, M|260/260|[from] U-turn\n|move|p2a: Sudowoodo|Head Smash|p1a: Probopass\n|-resisted|p1a: Probopass\n|-damage|p1a: Probopass|165/260\n|\n|-heal|p1a: Probopass|181/260|[from] item: Leftovers\n|upkeep\n|turn|6\n|inactive|Javiisayscheese has 120 seconds left.\n|\n|t:|1733875102\n|switch|p2a: Rhyperior|Rhyperior, L82, M|323/323\n|move|p1a: Probopass|Iron Defense|p1a: Probopass\n|-boost|p1a: Probopass|def|2\n|\n|-heal|p1a: Probopass|197/260|[from] item: Leftovers\n|upkeep\n|turn|7\n|\n|t:|1733875107\n|move|p1a: Probopass|Body Press|p2a: Rhyperior\n|-supereffective|p2a: Rhyperior\n|-damage|p2a: Rhyperior|97/323\n|-enditem|p2a: Rhyperior|Weakness Policy\n|-boost|p2a: Rhyperior|atk|2|[from] item: Weakness Policy\n|-boost|p2a: Rhyperior|spa|2|[from] item: Weakness Policy\n|move|p2a: Rhyperior|Rock Polish|p2a: Rhyperior\n|-boost|p2a: Rhyperior|spe|2\n|\n|-heal|p1a: Probopass|213/260|[from] item: Leftovers\n|upkeep\n|turn|8\n|\n|t:|1733875114\n|move|p2a: Rhyperior|Earthquake|p1a: Probopass\n|-supereffective|p1a: Probopass\n|-damage|p1a: Probopass|0 fnt\n|faint|p1a: Probopass\n|\n|upkeep\n|\n|t:|1733875118\n|switch|p1a: Basculin|Basculin, L86, F|261/261\n|turn|9\n|\n|t:|1733875122\n|switch|p2a: Dondozo|Dondozo, L78, F|332/362\n|move|p1a: Basculin|Aqua Jet|p2a: Dondozo\n|-resisted|p2a: Dondozo\n|-damage|p2a: Dondozo|294/362\n|\n|-heal|p2a: Dondozo|316/362|[from] item: Leftovers\n|upkeep\n|turn|10\n|\n|t:|1733875128\n|switch|p1a: Dedenne|Dedenne, L88, M|261/261\n|move|p2a: Dondozo|Wave Crash|p1a: Dedenne\n|-damage|p1a: Dedenne|123/261\n|-enditem|p1a: Dedenne|Sitrus Berry|[eat]\n|-heal|p1a: Dedenne|188/261|[from] item: Sitrus Berry\n|-heal|p1a: Dedenne|261/261|[from] ability: Cheek Pouch\n|-damage|p2a: Dondozo|270/362|[from] Recoil\n|\n|-heal|p2a: Dondozo|292/362|[from] item: Leftovers\n|upkeep\n|turn|11\n|\n|t:|1733875135\n|switch|p2a: Rhyperior|Rhyperior, L82, M|97/323\n|move|p1a: Dedenne|Dazzling Gleam|p2a: Rhyperior\n|-crit|p2a: Rhyperior\n|-damage|p2a: Rhyperior|0 fnt\n|faint|p2a: Rhyperior\n|\n|upkeep\n|\n|t:|1733875141\n|switch|p2a: Sudowoodo|Sudowoodo, L94, F|157/284\n|turn|12\n|\n|t:|1733875147\n|move|p1a: Dedenne|Thunderbolt|p2a: Sudowoodo\n|-damage|p2a: Sudowoodo|51/284\n|move|p2a: Sudowoodo|Wood Hammer|p1a: Dedenne\n|-damage|p1a: Dedenne|45/261\n|\n|upkeep\n|turn|13\n|\n|t:|1733875152\n|move|p1a: Dedenne|Thunderbolt|p2a: Sudowoodo\n|-damage|p2a: Sudowoodo|0 fnt\n|faint|p2a: Sudowoodo\n|\n|upkeep\n|\n|t:|1733875160\n|switch|p2a: Salazzle|Salazzle, L83, F|249/249\n|turn|14\n|\n|t:|1733875165\n|move|p2a: Salazzle|Sludge Wave|p1a: Dedenne\n|-supereffective|p1a: Dedenne\n|-damage|p1a: Dedenne|0 fnt\n|faint|p1a: Dedenne\n|\n|upkeep\n|\n|t:|1733875168\n|switch|p1a: Blissey|Blissey, L84, F|566/566\n|turn|15\n|\n|t:|1733875173\n|switch|p2a: Dondozo|Dondozo, L78, F|292/362\n|move|p1a: Blissey|Thunder Wave|p2a: Dondozo\n|-status|p2a: Dondozo|par\n|\n|-heal|p2a: Dondozo|314/362 par|[from] item: Leftovers\n|upkeep\n|turn|16\n|\n|t:|1733875181\n|switch|p1a: Lumineon|Lumineon, L93, M|279/279\n|move|p2a: Dondozo|Curse|p2a: Dondozo\n|-unboost|p2a: Dondozo|spe|1\n|-boost|p2a: Dondozo|atk|1\n|-boost|p2a: Dondozo|def|1\n|\n|-heal|p2a: Dondozo|336/362 par|[from] item: Leftovers\n|upkeep\n|turn|17\n|\n|t:|1733875192\n|switch|p2a: Hoopa|Hoopa, L85|275/275\n|move|p1a: Lumineon|Encore||[still]\n|-fail|p1a: Lumineon\n|\n|upkeep\n|turn|18\n|\n|t:|1733875203\n|move|p2a: Hoopa|Psychic|p1a: Lumineon\n|-damage|p1a: Lumineon|146/279\n|move|p1a: Lumineon|Hydro Pump|p2a: Hoopa\n|-damage|p2a: Hoopa|193/275\n|\n|upkeep\n|turn|19\n|\n|t:|1733875210\n|switch|p2a: Cyclizar|Cyclizar, L83, M|252/252\n|switch|p1a: Blissey|Blissey, L84, F|566/566\n|\n|upkeep\n|turn|20\n|\n|t:|1733875218\n|move|p2a: Cyclizar|Shed Tail|p2a: Cyclizar\n|-start|p2a: Cyclizar|Substitute|[from] move: Shed Tail\n|-damage|p2a: Cyclizar|126/252\n|\n|t:|1733875224\n|switch|p2a: Hoopa|Hoopa, L85|193/275|[from] Shed Tail\n|move|p1a: Blissey|Seismic Toss|p2a: Hoopa\n|-immune|p2a: Hoopa\n|\n|upkeep\n|turn|21\n|-message|Jaredtn forfeited.\n|\n|win|Javiisayscheese\n|raw|Jaredtn's rating: 1633 &rarr; <strong>1611</strong><br />(-22 for losing)\n|raw|Javiisayscheese's rating: 1596 &rarr; <strong>1618</strong><br />(+22 for winning)\n|l|\u2606Jaredtn\n|player|p1|\n", "inputlog": ">version bfd83cad13791eb5a5a409923076391caf6fb4d4\n>start {\"formatid\":\"gen9randombattle\",\"seed\":[45268,48666,60992,42614],\"rated\":\"Rated battle\"}\n>player p1 {\"name\":\"Jaredtn\",\"avatar\":\"266\",\"rating\":1633,\"seed\":[2800,55051,5373,52106]}\n>player p2 {\"name\":\"Javiisayscheese\",\"avatar\":\"170\",\"rating\":1632,\"seed\":[64985,5081,31599,40165]}\n>p1 move calmmind\n>p2 move megahorn\n>p1 move focusblast\n>p2 move megahorn\n>p1 switch 2\n>p1 move flipturn\n>p2 switch 2\n>p1 switch 3\n>p1 move thunderbolt\n>p2 switch 5\n>p1 move uturn\n>p2 move headsmash\n>p1 switch 5\n>p1 move irondefense\n>p2 switch 2\n>p1 move bodypress\n>p2 move rockpolish\n>p1 move bodypress\n>p2 move earthquake\n>p1 switch 3\n>p1 move aquajet\n>p2 switch 5\n>p1 switch 5\n>p2 move wavecrash\n>p1 move dazzlinggleam\n>p2 switch 5\n>p2 switch 2\n>p1 move thunderbolt\n>p2 move woodhammer\n>p1 move thunderbolt\n>p2 move woodhammer\n>p2 switch 3\n>p1 move thunderbolt\n>p2 move sludgewave\n>p1 switch 6\n>p1 move thunderwave\n>p2 switch 5\n>p1 switch 4\n>p2 move curse\n>p1 move encore\n>p2 switch 4\n>p1 move hydropump\n>p2 move psychic\n>p1 switch 4\n>p2 switch 6\n>p1 move seismictoss\n>p2 move shedtail\n>p2 switch 6\n>forcelose p1", "uploadtime": 1733876176, "views": 1, "formatid": "gen9randombattle", "rating": 1611, "private": 0, "password": null}