{"id": "gen9randombattle-2260532939", "format": "[Gen 9] Random Battle", "players": ["sesebseesb", "greenbullkaizoku"], "log": "|j|\u2606sesebseesb\n|j|\u2606greenbullkaizoku\n|t:|1733860807\n|gametype|singles\n|player|p1|sesebseesb|266|1136\n|player|p2|greenbullkaizoku|roughneck|1154\n|teamsize|p1|6\n|teamsize|p2|6\n|gen|9\n|tier|[Gen 9] Random Battle\n|rated|\n|rule|Species Clause: Limit one of each Pok\u00e9mon\n|rule|HP Percentage Mod: HP is shown in percentages\n|rule|Sleep Clause Mod: Limit one foe put to sleep\n|rule|Illusion Level Mod: Illusion disguises the Pok\u00e9mon's true level\n|\n|t:|1733860807\n|start\n|switch|p1a: Clawitzer|Clawitzer, L87, F|265/265\n|switch|p2a: Abomasnow|Abomasnow, L85, F|291/291\n|-weather|Snow|[from] ability: Snow Warning|[of] p2a: Abomasnow\n|turn|1\n|\n|t:|1733860827\n|move|p1a: Clawitzer|U-turn|p2a: Abomasnow\n|-supereffective|p2a: Abomasnow\n|-damage|p2a: Abomasnow|229/291\n|\n|t:|1733860832\n|switch|p1a: Klefki|Klefki, L84, F|233/233|[from] U-turn\n|move|p2a: Abomasnow|Wood Hammer|p1a: Klefki\n|-resisted|p1a: Klefki\n|-damage|p1a: Klefki|176/233\n|-damage|p2a: Abomasnow|210/291|[from] Recoil\n|\n|-weather|Snow|[upkeep]\n|-heal|p1a: Klefki|190/233|[from] item: Leftovers\n|upkeep\n|turn|2\n|inactive|Battle timer is ON: inactive players will automatically lose when time's up. (requested by sesebseesb)\n|inactive|greenbullkaizoku has 120 seconds left.\n|\n|t:|1733860933\n|switch|p2a: Rhydon|Rhydon, L85, M|317/317\n|move|p1a: Klefki|Spikes|p2a: Rhydon\n|-sidestart|p2: greenbullkaizoku|Spikes\n|\n|-weather|Snow|[upkeep]\n|-heal|p1a: Klefki|204/233|[from] item: Leftovers\n|upkeep\n|turn|3\n|\n|t:|1733860943\n|switch|p1a: Gliscor|Gliscor, L76, F|239/239\n|move|p2a: Rhydon|Earthquake|p1a: Gliscor\n|-immune|p1a: Gliscor\n|\n|-weather|Snow|[upkeep]\n|-status|p1a: Gliscor|tox|[from] item: Toxic Orb\n|upkeep\n|turn|4\n|\n|t:|1733860962\n|switch|p2a: Lumineon|Lumineon, L93, F|279/279\n|move|p1a: Gliscor|Substitute|p1a: Gliscor\n|-start|p1a: Gliscor|Substitute\n|-damage|p1a: Gliscor|180/239 tox\n|\n|-weather|Snow|[upkeep]\n|-heal|p1a: Gliscor|209/239 tox|[from] ability: Poison Heal\n|upkeep\n|turn|5\n|\n|t:|1733860967\n|move|p2a: Lumineon|Encore|p1a: Gliscor\n|-start|p1a: Gliscor|Encore\n|move|p1a: Gliscor|Substitute|p1a: Gliscor\n|-fail|p1a: Gliscor|move: Substitute\n|\n|-weather|none\n|-heal|p1a: Gliscor|238/239 tox|[from] ability: Poison Heal\n|upkeep\n|turn|6\n|\n|t:|1733860978\n|switch|p1a: Chansey|Chansey, L85, F|564/564\n|move|p2a: Lumineon|Ice Beam|p1a: Chansey\n|-damage|p1a: Chansey|527/564\n|\n|upkeep\n|turn|7\n|\n|t:|1733860989\n|switch|p1a: Gliscor|Gliscor, L76, F|238/239 tox\n|move|p2a: Lumineon|U-turn|p1a: Gliscor\n|-resisted|p1a: Gliscor\n|-damage|p1a: Gliscor|219/239 tox\n|\n|t:|1733860996\n|switch|p2a: Sinistcha|Sinistcha-Masterpiece, L83|254/254|[from] U-turn\n|-damage|p2a: Sinistcha|223/254|[from] Spikes\n|\n|-heal|p2a: Sinistcha|238/254|[from] item: Leftovers\n|-heal|p1a: Gliscor|239/239 tox|[from] ability: Poison Heal\n|upkeep\n|turn|8\n|\n|t:|1733861010\n|move|p1a: Gliscor|Toxic|p2a: Sinistcha\n|-status|p2a: Sinistcha|tox\n|move|p2a: Sinistcha|Matcha Gotcha|p1a: Gliscor\n|-damage|p1a: Gliscor|107/239 tox\n|-heal|p2a: Sinistcha|254/254 tox|[from] drain|[of] p1a: Gliscor\n|\n|-heal|p1a: Gliscor|136/239 tox|[from] ability: Poison Heal\n|-damage|p2a: Sinistcha|239/254 tox|[from] psn\n|upkeep\n|turn|9\n|\n|t:|1733861019\n|switch|p1a: Chansey|Chansey, L85, F|527/564\n|move|p2a: Sinistcha|Matcha Gotcha|p1a: Chansey\n|-damage|p1a: Chansey|469/564\n|-heal|p2a: Sinistcha|254/254 tox|[from] drain|[of] p1a: Chansey\n|\n|-damage|p2a: Sinistcha|224/254 tox|[from] psn\n|upkeep\n|turn|10\n|\n|t:|1733861031\n|switch|p2a: Furret|Furret, L94, M|312/312\n|-damage|p2a: Furret|273/312|[from] Spikes\n|-item|p1a: Chansey|Eviolite|[from] ability: Frisk|[of] p2a: Furret\n|switch|p1a: Klefki|Klefki, L84, F|204/233\n|\n|-heal|p1a: Klefki|218/233|[from] item: Leftovers\n|upkeep\n|turn|11\n|\n|t:|1733861033\n|move|p1a: Klefki|Thunder Wave|p2a: Furret\n|-status|p2a: Furret|par\n|cant|p2a: Furret|par\n|\n|-heal|p1a: Klefki|232/233|[from] item: Leftovers\n|upkeep\n|turn|12\n|\n|t:|1733861042\n|move|p1a: Klefki|Foul Play|p2a: Furret\n|-damage|p2a: Furret|207/312 par\n|move|p2a: Furret|Brick Break|p1a: Klefki\n|-damage|p1a: Klefki|158/233\n|-damage|p2a: Furret|176/312 par|[from] item: Life Orb\n|\n|-heal|p1a: Klefki|172/233|[from] item: Leftovers\n|upkeep\n|turn|13\n|\n|t:|1733861063\n|move|p1a: Klefki|Foul Play|p2a: Furret\n|-damage|p2a: Furret|103/312 par\n|cant|p2a: Furret|par\n|\n|-heal|p1a: Klefki|186/233|[from] item: Leftovers\n|upkeep\n|turn|14\n|\n|t:|1733861074\n|switch|p2a: Rhydon|Rhydon, L85, M|317/317\n|-damage|p2a: Rhydon|278/317|[from] Spikes\n|move|p1a: Klefki|Foul Play|p2a: Rhydon\n|-damage|p2a: Rhydon|234/317\n|\n|-heal|p1a: Klefki|200/233|[from] item: Leftovers\n|upkeep\n|turn|15\n|\n|t:|1733861094\n|switch|p1a: Gliscor|Gliscor, L76, F|136/239 tox\n|move|p2a: Rhydon|Stealth Rock|p1a: Gliscor\n|-sidestart|p1: sesebseesb|move: Stealth Rock\n|\n|-heal|p1a: Gliscor|165/239 tox|[from] ability: Poison Heal\n|upkeep\n|turn|16\n|\n|t:|1733861117\n|switch|p2a: Abomasnow|Abomasnow, L85, F|210/291\n|-damage|p2a: Abomasnow|174/291|[from] Spikes\n|-weather|Snow|[from] ability: Snow Warning|[of] p2a: Abomasnow\n|move|p1a: Gliscor|Earthquake|p2a: Abomasnow\n|-resisted|p2a: Abomasnow\n|-damage|p2a: Abomasnow|143/291\n|\n|-weather|Snow|[upkeep]\n|-heal|p1a: Gliscor|194/239 tox|[from] ability: Poison Heal\n|upkeep\n|turn|17\n|\n|t:|1733861132\n|switch|p1a: Klefki|Klefki, L84, F|200/233\n|-damage|p1a: Klefki|186/233|[from] Stealth Rock\n|move|p2a: Abomasnow|Ice Shard|p1a: Klefki\n|-resisted|p1a: Klefki\n|-damage|p1a: Klefki|165/233\n|\n|-weather|Snow|[upkeep]\n|-heal|p1a: Klefki|179/233|[from] item: Leftovers\n|upkeep\n|turn|18\n|\n|t:|1733861143\n|move|p1a: Klefki|Spikes|p2a: Abomasnow\n|-sidestart|p2: greenbullkaizoku|Spikes\n|move|p2a: Abomasnow|Aurora Veil|p2a: Abomasnow\n|-sidestart|p2: greenbullkaizoku|move: Aurora Veil\n|\n|-weather|Snow|[upkeep]\n|-heal|p1a: Klefki|193/233|[from] item: Leftovers\n|upkeep\n|turn|19\n|\n|t:|1733861150\n|switch|p2a: Fezandipiti|Fezandipiti, L82, M|278/278\n|-damage|p2a: Fezandipiti|232/278|[from] Spikes\n|move|p1a: Klefki|Spikes|p2a: Fezandipiti\n|-sidestart|p2: greenbullkaizoku|Spikes\n|\n|-weather|Snow|[upkeep]\n|-heal|p1a: Klefki|207/233|[from] item: Leftovers\n|upkeep\n|turn|20\n|\n|t:|1733861156\n|move|p1a: Klefki|Thunder Wave|p2a: Fezandipiti\n|-status|p2a: Fezandipiti|par\n|move|p2a: Fezandipiti|Gunk Shot|p1a: Klefki\n|-immune|p1a: Klefki\n|\n|-weather|none\n|-heal|p1a: Klefki|221/233|[from] item: Leftovers\n|upkeep\n|turn|21\n|\n|t:|1733861184\n|move|p1a: Klefki|Foul Play|p2a: Fezandipiti\n|-resisted|p2a: Fezandipiti\n|-damage|p2a: Fezandipiti|215/278 par\n|cant|p2a: Fezandipiti|par\n|\n|-heal|p1a: Klefki|233/233|[from] item: Leftovers\n|upkeep\n|turn|22\n|\n|t:|1733861192\n|move|p1a: Klefki|Foul Play|p2a: Fezandipiti\n|-resisted|p2a: Fezandipiti\n|-damage|p2a: Fezandipiti|199/278 par\n|move|p2a: Fezandipiti|Beat Up|p1a: Klefki\n|-resisted|p1a: Klefki\n|-damage|p1a: Klefki|228/233\n|-resisted|p1a: Klefki\n|-damage|p1a: Klefki|225/233\n|-resisted|p1a: Klefki\n|-damage|p1a: Klefki|219/233\n|-resisted|p1a: Klefki\n|-damage|p1a: Klefki|214/233\n|-hitcount|p1a: Klefki|4\n|\n|-heal|p1a: Klefki|228/233|[from] item: Leftovers\n|upkeep\n|turn|23\n|\n|t:|1733861205\n|switch|p2a: Rhydon|Rhydon, L85, M|234/317\n|-damage|p2a: Rhydon|155/317|[from] Spikes\n|move|p1a: Klefki|Foul Play|p2a: Rhydon\n|-damage|p2a: Rhydon|132/317\n|\n|-heal|p1a: Klefki|233/233|[from] item: Leftovers\n|upkeep\n|turn|24\n|\n|t:|1733861225\n|switch|p1a: Gliscor|Gliscor, L76, F|194/239 tox\n|-damage|p1a: Gliscor|165/239 tox|[from] Stealth Rock\n|move|p2a: Rhydon|Earthquake|p1a: Gliscor\n|-immune|p1a: Gliscor\n|\n|-heal|p1a: Gliscor|194/239 tox|[from] ability: Poison Heal\n|upkeep\n|turn|25\n|\n|t:|1733861238\n|switch|p2a: Lumineon|Lumineon, L93, F|279/279\n|move|p1a: Gliscor|Earthquake|p2a: Lumineon\n|-damage|p2a: Lumineon|239/279\n|\n|-heal|p1a: Gliscor|223/239 tox|[from] ability: Poison Heal\n|-sideend|p2: greenbullkaizoku|move: Aurora Veil\n|upkeep\n|turn|26\n|\n|t:|1733861252\n|switch|p1a: Chansey|Chansey, L85, F|469/564\n|-damage|p1a: Chansey|399/564|[from] Stealth Rock\n|move|p2a: Lumineon|Hydro Pump|p1a: Chansey\n|-damage|p1a: Chansey|338/564\n|\n|upkeep\n|turn|27\n|\n|t:|1733861264\n|move|p2a: Lumineon|Ice Beam|p1a: Chansey\n|-damage|p1a: Chansey|299/564\n|move|p1a: Chansey|Soft-Boiled|p1a: Chansey\n|-heal|p1a: Chansey|564/564\n|\n|upkeep\n|turn|28\n|\n|t:|1733861272\n|move|p2a: Lumineon|Encore|p1a: Chansey\n|-start|p1a: Chansey|Encore\n|move|p1a: Chansey|Soft-Boiled||[still]\n|-fail|p1a: Chansey|heal\n|\n|upkeep\n|turn|29\n|\n|t:|1733861287\n|switch|p2a: Furret|Furret, L94, M|103/312 par\n|-damage|p2a: Furret|25/312 par|[from] Spikes\n|-item|p1a: Chansey|Eviolite|[from] ability: Frisk|[of] p2a: Furret\n|switch|p1a: Clawitzer|Clawitzer, L87, F|265/265\n|-damage|p1a: Clawitzer|232/265|[from] Stealth Rock\n|\n|upkeep\n|turn|30\n|\n|t:|1733861297\n|switch|p2a: Abomasnow|Abomasnow, L85, F|143/291\n|-damage|p2a: Abomasnow|71/291|[from] Spikes\n|-weather|Snow|[from] ability: Snow Warning|[of] p2a: Abomasnow\n|move|p1a: Clawitzer|U-turn|p2a: Abomasnow\n|-supereffective|p2a: Abomasnow\n|-damage|p2a: Abomasnow|11/291\n|\n|t:|1733861308\n|switch|p1a: Klefki|Klefki, L84, F|233/233|[from] U-turn\n|-damage|p1a: Klefki|219/233|[from] Stealth Rock\n|\n|-weather|Snow|[upkeep]\n|-heal|p1a: Klefki|233/233|[from] item: Leftovers\n|upkeep\n|turn|31\n|\n|t:|1733861326\n|switch|p2a: Sinistcha|Sinistcha-Masterpiece, L83|224/254 tox\n|-damage|p2a: Sinistcha|161/254 tox|[from] Spikes\n|move|p1a: Klefki|Foul Play|p2a: Sinistcha\n|-supereffective|p2a: Sinistcha\n|-damage|p2a: Sinistcha|101/254 tox\n|\n|-weather|Snow|[upkeep]\n|-heal|p2a: Sinistcha|116/254 tox|[from] item: Leftovers\n|-damage|p2a: Sinistcha|101/254 tox|[from] psn\n|upkeep\n|turn|32\n|-message|greenbullkaizoku forfeited.\n|\n|win|sesebseesb\n|raw|sesebseesb's rating: 1160 &rarr; <strong>1185</strong><br />(+25 for winning)\n|raw|greenbullkaizoku's rating: 1154 &rarr; <strong>1129</strong><br />(-25 for losing)\n|l|\u2606greenbullkaizoku\n|player|p2|\n", "inputlog": ">version bfd83cad13791eb5a5a409923076391caf6fb4d4\n>start {\"formatid\":\"gen9randombattle\",\"seed\":[33724,53590,59443,27855],\"rated\":\"Rated battle\"}\n>player p1 {\"name\":\"sesebseesb\",\"avatar\":\"266\",\"rating\":1136,\"seed\":[51882,1274,63709,54088]}\n>player p2 {\"name\":\"greenbullkaizoku\",\"avatar\":\"roughneck\",\"rating\":1154,\"seed\":[59646,54974,39366,52396]}\n>p1 move uturn\n>p2 move woodhammer\n>p1 switch 3\n>p1 move spikes\n>p2 switch 3\n>p1 switch 6\n>p2 move earthquake\n>p1 move substitute\n>p2 switch 6\n>p1 move toxic\n>p2 move encore\n>p1 switch 4\n>p2 move icebeam\n>p1 switch 4\n>p2 move uturn\n>p2 switch 2\n>p1 move toxic\n>p2 move matchagotcha\n>p1 switch 4\n>p2 move matchagotcha\n>p1 switch 6\n>p2 switch 4\n>p1 move thunderwave\n>p2 move brickbreak\n>p1 move foulplay\n>p2 move brickbreak\n>p1 move foulplay\n>p2 move knockoff\n>p1 move foulplay\n>p2 switch 6\n>p1 switch 4\n>p2 move stealthrock\n>p1 move earthquake\n>p2 switch 3\n>p1 switch 4\n>p2 move iceshard\n>p1 move spikes\n>p2 move auroraveil\n>p1 move spikes\n>p2 switch 5\n>p1 move thunderwave\n>p2 move gunkshot\n>p1 move foulplay\n>p2 move beatup\n>p1 move foulplay\n>p2 move beatup\n>p1 move foulplay\n>p2 switch 3\n>p1 switch 4\n>p2 move earthquake\n>p1 move earthquake\n>p2 switch 2\n>p1 switch 6\n>p2 move hydropump\n>p1 move softboiled\n>p2 move icebeam\n>p1 move thunderwave\n>p2 move encore\n>p1 switch 3\n>p2 switch 6\n>p1 move uturn\n>p2 switch 5\n>p1 switch 4\n>p1 move foulplay\n>p2 switch 4\n>forcelose p2", "uploadtime": 1733861335, "views": 1, "formatid": "gen9randombattle", "rating": 1129, "private": 0, "password": null}