{"id": "gen9randombattle-2130813837", "format": "[Gen 9] Random Battle", "players": ["HeartofElixir", "Glennzor"], "log": "|badge|p2|bronze|gen9randombattle|100-1\n|uhtml|medal-msg|<div class=\"broadcast-blue\">Curious what those medals under the avatar are? PS now has Ladder Seasons! For more information, check out the <a href=\"https://www.smogon.com/forums/threads/3740067/\">thread on Smogon.</a></div>\n|j|\u2606HeartofElixir\n|j|\u2606Glennzor\n|t:|1716727331\n|gametype|singles\n|player|p1|HeartofElixir|steven|2215\n|player|p2|Glennzor|brycenman|2357\n|teamsize|p1|6\n|teamsize|p2|6\n|gen|9\n|tier|[Gen 9] Random Battle\n|rated|\n|rule|Species Clause: Limit one of each Pok\u00e9mon\n|rule|HP Percentage Mod: HP is shown in percentages\n|rule|Sleep Clause Mod: Limit one foe put to sleep\n|rule|Illusion Level Mod: Illusion disguises the Pok\u00e9mon's true level\n|\n|t:|1716727331\n|start\n|switch|p1a: Azumarill|Azumarill, L82, M|298/298\n|switch|p2a: Meganium|Meganium, L90, F|290/290\n|turn|1\n|\n|t:|1716727375\n|switch|p1a: Flapple|Flapple, L88, M|266/266\n|move|p2a: Meganium|Energy Ball|p1a: Flapple\n|-resisted|p1a: Flapple\n|-damage|p1a: Flapple|233/266\n|-unboost|p1a: Flapple|spd|1\n|\n|upkeep\n|turn|2\n|\n|t:|1716727383\n|move|p2a: Meganium|Knock Off|p1a: Flapple\n|-damage|p1a: Flapple|161/266\n|-enditem|p1a: Flapple|Choice Band|[from] move: Knock Off|[of] p2a: Meganium\n|move|p1a: Flapple|U-turn|p2a: Meganium|[miss]\n|-miss|p1a: Flapple|p2a: Meganium\n|\n|upkeep\n|turn|3\n|j| ranbat is fair\n|\n|t:|1716727413\n|move|p2a: Meganium|Knock Off|p1a: Flapple\n|-damage|p1a: Flapple|110/266\n|move|p1a: Flapple|U-turn|p2a: Meganium|[miss]\n|-miss|p1a: Flapple|p2a: Meganium\n|\n|upkeep\n|turn|4\n|\n|t:|1716727416\n|move|p2a: Meganium|Knock Off|p1a: Flapple\n|-damage|p1a: Flapple|65/266\n|move|p1a: Flapple|U-turn|p2a: Meganium|[miss]\n|-miss|p1a: Flapple|p2a: Meganium\n|\n|upkeep\n|turn|5\n|\n|t:|1716727420\n|move|p2a: Meganium|Knock Off|p1a: Flapple\n|-damage|p1a: Flapple|18/266\n|move|p1a: Flapple|U-turn|p2a: Meganium\n|-supereffective|p2a: Meganium\n|-damage|p2a: Meganium|128/290\n|\n|t:|1716727423\n|switch|p1a: Spectrier|Spectrier, L75|238/238|[from] U-turn\n|\n|-heal|p2a: Meganium|146/290|[from] item: Leftovers\n|upkeep\n|turn|6\n|\n|t:|1716727430\n|move|p1a: Spectrier|Nasty Plot|p1a: Spectrier\n|-boost|p1a: Spectrier|spa|2\n|move|p2a: Meganium|Encore|p1a: Spectrier\n|-start|p1a: Spectrier|Encore\n|\n|-heal|p2a: Meganium|164/290|[from] item: Leftovers\n|upkeep\n|turn|7\n|\n|t:|1716727434\n|switch|p1a: Flapple|Flapple, L88, M|18/266\n|move|p2a: Meganium|Knock Off|p1a: Flapple\n|-damage|p1a: Flapple|0 fnt\n|faint|p1a: Flapple\n|\n|-heal|p2a: Meganium|182/290|[from] item: Leftovers\n|upkeep\n|\n|t:|1716727436\n|switch|p1a: Spectrier|Spectrier, L75|238/238\n|turn|8\n|\n|t:|1716727439\n|move|p1a: Spectrier|Sludge Bomb|p2a: Meganium\n|-supereffective|p2a: Meganium\n|-damage|p2a: Meganium|0 fnt\n|faint|p2a: Meganium\n|-damage|p1a: Spectrier|215/238|[from] item: Life Orb\n|\n|upkeep\n|\n|t:|1716727460\n|switch|p2a: Heracross|Heracross, L80, F|259/259\n|turn|9\n|\n|t:|1716727468\n|move|p2a: Heracross|Knock Off|p1a: Spectrier\n|-resisted|p1a: Spectrier\n|-damage|p1a: Spectrier|169/238\n|replace|p1a: Zoroark|Zoroark, L84, F\n|-end|p1a: Zoroark|Illusion\n|-hint|Illusion Level Mod is active, so this Pok\u00e9mon's true level was hidden.\n|-enditem|p1a: Zoroark|Life Orb|[from] move: Knock Off|[of] p2a: Heracross\n|move|p1a: Zoroark|Psychic|p2a: Heracross\n|-supereffective|p2a: Heracross\n|-crit|p2a: Heracross\n|-damage|p2a: Heracross|17/259\n|\n|upkeep\n|turn|10\n|\n|t:|1716727482\n|switch|p2a: Dugtrio|Dugtrio-Alola, L84, M|196/196\n|move|p1a: Zoroark|Nasty Plot|p1a: Zoroark\n|-boost|p1a: Zoroark|spa|2\n|\n|upkeep\n|turn|11\n|\n|t:|1716727495\n|move|p2a: Dugtrio|Earthquake|p1a: Zoroark\n|-damage|p1a: Zoroark|0 fnt\n|faint|p1a: Zoroark\n|-damage|p2a: Dugtrio|177/196|[from] item: Life Orb\n|\n|upkeep\n|\n|t:|1716727514\n|switch|p1a: Chien-Pao|Chien-Pao, L72|234/234\n|-ability|p1a: Chien-Pao|Sword of Ruin\n|turn|12\n|\n|t:|1716727524\n|switch|p2a: Tauros|Tauros-Paldea-Aqua, L81, M|252/252\n|move|p1a: Chien-Pao|Throat Chop|p2a: Tauros\n|-resisted|p2a: Tauros\n|-damage|p2a: Tauros|182/252\n|-start|p2a: Tauros|Throat Chop|[silent]\n|\n|upkeep\n|turn|13\n|\n|t:|1716727534\n|switch|p1a: Azumarill|Azumarill, L82, M|298/298\n|switch|p2a: Basculegion|Basculegion, L81, M|327/327\n|\n|upkeep\n|turn|14\n|\n|t:|1716727538\n|move|p2a: Basculegion|Shadow Ball|p1a: Azumarill\n|-damage|p1a: Azumarill|192/298\n|move|p1a: Azumarill|Play Rough|p2a: Basculegion\n|-damage|p2a: Basculegion|182/327\n|\n|upkeep\n|turn|15\n|\n|t:|1716727553\n|switch|p1a: Regirock|Regirock, L85|275/275\n|move|p2a: Basculegion|Shadow Ball|p1a: Regirock\n|-damage|p1a: Regirock|199/275\n|\n|-heal|p1a: Regirock|216/275|[from] item: Leftovers\n|upkeep\n|turn|16\n|\n|t:|1716727562\n|move|p2a: Basculegion|Flip Turn|p1a: Regirock\n|-supereffective|p1a: Regirock\n|-damage|p1a: Regirock|128/275\n|\n|t:|1716727566\n|switch|p2a: Mismagius|Mismagius, L86, M|243/243|[from] Flip Turn\n|move|p1a: Regirock|Thunder Wave|p2a: Mismagius|[miss]\n|-miss|p1a: Regirock|p2a: Mismagius\n|\n|-heal|p1a: Regirock|145/275|[from] item: Leftovers\n|upkeep\n|turn|17\n|\n|t:|1716727569\n|move|p2a: Mismagius|Energy Ball|p1a: Regirock\n|-supereffective|p1a: Regirock\n|-damage|p1a: Regirock|0 fnt\n|faint|p1a: Regirock\n|\n|upkeep\n|\n|t:|1716727574\n|switch|p1a: Chien-Pao|Chien-Pao, L72|234/234\n|-ability|p1a: Chien-Pao|Sword of Ruin\n|turn|18\n|\n|t:|1716727579\n|switch|p2a: Tauros|Tauros-Paldea-Aqua, L81, M|182/252\n|move|p1a: Chien-Pao|Icicle Crash|p2a: Tauros\n|-resisted|p2a: Tauros\n|-damage|p2a: Tauros|113/252\n|-enditem|p2a: Tauros|Sitrus Berry|[eat]\n|-heal|p2a: Tauros|176/252|[from] item: Sitrus Berry\n|\n|upkeep\n|turn|19\n|\n|t:|1716727586\n|switch|p1a: Azumarill|Azumarill, L82, M|192/298\n|move|p2a: Tauros|Liquidation|p1a: Azumarill\n|-resisted|p1a: Azumarill\n|-damage|p1a: Azumarill|140/298\n|-enditem|p1a: Azumarill|Sitrus Berry|[eat]\n|-heal|p1a: Azumarill|214/298|[from] item: Sitrus Berry\n|\n|-activate|p2a: Tauros|ability: Cud Chew\n|-enditem|p2a: Tauros|Sitrus Berry|[eat]\n|-heal|p2a: Tauros|239/252|[from] item: Sitrus Berry\n|upkeep\n|turn|20\n|\n|t:|1716727596\n|move|p2a: Tauros|Close Combat|p1a: Azumarill\n|-resisted|p1a: Azumarill\n|-damage|p1a: Azumarill|141/298\n|-unboost|p2a: Tauros|def|1\n|-unboost|p2a: Tauros|spd|1\n|move|p1a: Azumarill|Play Rough|p2a: Tauros\n|-supereffective|p2a: Tauros\n|-damage|p2a: Tauros|0 fnt\n|faint|p2a: Tauros\n|\n|upkeep\n|\n|t:|1716727607\n|switch|p2a: Mismagius|Mismagius, L86, M|243/243\n|turn|21\n|\n|t:|1716727612\n|move|p1a: Azumarill|Aqua Jet|p2a: Mismagius\n|-damage|p2a: Mismagius|177/243\n|move|p2a: Mismagius|Energy Ball|p1a: Azumarill\n|-supereffective|p1a: Azumarill\n|-damage|p1a: Azumarill|0 fnt\n|faint|p1a: Azumarill\n|\n|upkeep\n|\n|t:|1716727631\n|switch|p1a: Chien-Pao|Chien-Pao, L72|234/234\n|-ability|p1a: Chien-Pao|Sword of Ruin\n|turn|22\n|\n|t:|1716727636\n|move|p1a: Chien-Pao|Icicle Crash|p2a: Mismagius\n|-damage|p2a: Mismagius|0 fnt\n|faint|p2a: Mismagius\n|\n|upkeep\n|\n|t:|1716727643\n|switch|p2a: Basculegion|Basculegion, L81, M|182/327\n|turn|23\n|\n|t:|1716727647\n|move|p1a: Chien-Pao|Icicle Crash|p2a: Basculegion\n|-resisted|p2a: Basculegion\n|-damage|p2a: Basculegion|77/327\n|move|p2a: Basculegion|Flip Turn|p1a: Chien-Pao\n|-damage|p1a: Chien-Pao|124/234\n|\n|t:|1716727659\n|switch|p2a: Heracross|Heracross, L80, F|17/259|[from] Flip Turn\n|\n|upkeep\n|turn|24\n|\n|t:|1716727664\n|move|p2a: Heracross|Close Combat|p1a: Chien-Pao\n|-supereffective|p1a: Chien-Pao\n|-damage|p1a: Chien-Pao|0 fnt\n|-unboost|p2a: Heracross|def|1\n|-unboost|p2a: Heracross|spd|1\n|faint|p1a: Chien-Pao\n|-ability|p2a: Heracross|Moxie|boost\n|-boost|p2a: Heracross|atk|1\n|\n|upkeep\n|\n|t:|1716727666\n|switch|p1a: Spectrier|Spectrier, L75|274/274\n|turn|25\n|\n|t:|1716727677\n|switch|p2a: Basculegion|Basculegion, L81, M|77/327\n|move|p1a: Spectrier|Substitute|p1a: Spectrier\n|-start|p1a: Spectrier|Substitute\n|-damage|p1a: Spectrier|206/274\n|\n|-heal|p1a: Spectrier|223/274|[from] item: Leftovers\n|upkeep\n|turn|26\n|\n|t:|1716727686\n|move|p2a: Basculegion|Aqua Jet|p1a: Spectrier\n|-end|p1a: Spectrier|Substitute\n|move|p1a: Spectrier|Shadow Ball|p2a: Basculegion\n|-supereffective|p2a: Basculegion\n|-damage|p2a: Basculegion|0 fnt\n|faint|p2a: Basculegion\n|-ability|p1a: Spectrier|Grim Neigh|boost\n|-boost|p1a: Spectrier|spa|1\n|\n|-heal|p1a: Spectrier|240/274|[from] item: Leftovers\n|upkeep\n|\n|t:|1716727695\n|switch|p2a: Heracross|Heracross, L80, F|17/259\n|turn|27\n|\n|t:|1716727703\n|-terastallize|p1a: Spectrier|Fighting\n|move|p2a: Heracross|Knock Off|p1a: Spectrier\n|-resisted|p1a: Spectrier\n|-crit|p1a: Spectrier\n|-damage|p1a: Spectrier|148/274\n|-enditem|p1a: Spectrier|Leftovers|[from] move: Knock Off|[of] p2a: Heracross\n|move|p1a: Spectrier|Shadow Ball|p2a: Heracross\n|-damage|p2a: Heracross|0 fnt\n|faint|p2a: Heracross\n|-ability|p1a: Spectrier|Grim Neigh|boost\n|-boost|p1a: Spectrier|spa|1\n|\n|upkeep\n|\n|t:|1716727708\n|switch|p2a: Dugtrio|Dugtrio-Alola, L84, M|177/196\n|turn|28\n|\n|t:|1716727724\n|-terastallize|p2a: Dugtrio|Ground\n|move|p1a: Spectrier|Shadow Ball|p2a: Dugtrio\n|-damage|p2a: Dugtrio|0 fnt\n|faint|p2a: Dugtrio\n|\n|win|HeartofElixir\n|raw|HeartofElixir's rating: 2215 &rarr; <strong>2243</strong><br />(+28 for winning)\n|raw|Glennzor's rating: 2357 &rarr; <strong>2329</strong><br />(-28 for losing)\n", "inputlog": ">version 7158ead19aeac8750849df2840eabb6dbec77df6\n>start {\"formatid\":\"gen9randombattle\",\"seed\":[39198,25314,16796,58105],\"rated\":\"Rated battle\"}\n>player p1 {\"name\":\"HeartofElixir\",\"avatar\":\"steven\",\"rating\":2215,\"seed\":[20492,38680,47521,5607]}\n>player p2 {\"name\":\"Glennzor\",\"avatar\":\"brycenman\",\"rating\":2357,\"seed\":[189,8925,60992,11363]}\n>p1 switch 4\n>p2 move energyball\n>p1 move uturn\n>p2 move knockoff\n>p1 move uturn\n>p2 move knockoff\n>p1 move uturn\n>p2 move knockoff\n>p1 move uturn\n>p2 move knockoff\n>p1 switch 2\n>p1 move nastyplot\n>p2 move encore\n>p1 switch 2\n>p2 move knockoff\n>p1 switch 2\n>p1 move sludgebomb\n>p2 move synthesis\n>p2 switch 2\n>p1 move psychic\n>p2 move knockoff\n>p1 move nastyplot\n>p2 switch 4\n>p1 move darkpulse\n>p2 move earthquake\n>p1 switch 5\n>p1 move throatchop\n>p2 switch 6\n>p1 switch 4\n>p2 switch 5\n>p1 move playrough\n>p2 move shadowball\n>p1 switch 3\n>p2 move shadowball\n>p1 move thunderwave\n>p2 move flipturn\n>p2 switch 3\n>p1 move thunderwave\n>p2 move energyball\n>p1 switch 4\n>p1 move iciclecrash\n>p2 switch 5\n>p1 switch 3\n>p2 move liquidation\n>p1 move playrough\n>p2 move closecombat\n>p2 switch 5\n>p1 move aquajet\n>p2 move energyball\n>p1 switch 3\n>p1 move iciclecrash\n>p2 move energyball\n>p2 switch 3\n>p1 move iciclecrash\n>p2 move flipturn\n>p2 switch 4\n>p1 move iciclecrash\n>p2 move closecombat\n>p1 switch 6\n>p1 move substitute\n>p2 switch 4\n>p1 move shadowball\n>p2 move aquajet\n>p2 switch 4\n>p1 move shadowball terastallize\n>p2 move knockoff\n>p2 switch 6\n>p1 move shadowball\n>p2 move earthquake terastallize", "uploadtime": 1716727730, "views": 211, "formatid": "gen9randombattle", "rating": 2243, "private": 0, "password": null}