{"id": "gen9randombattle-2238748655", "format": "[Gen 9] Random Battle", "players": ["Dreamkos", "Glory"], "log": "|badge|p1|silver|gen9randombattle|30-3\n|uhtml|medal-msg|<div class=\"broadcast-blue\">Curious what those medals under the avatar are? PS now has Ladder Seasons! For more information, check out the <a href=\"https://www.smogon.com/forums/threads/3740067/\">thread on Smogon.</a></div>\n|badge|p2|silver|gen9randombattle|30-3\n|uhtml|medal-msg|<div class=\"broadcast-blue\">Curious what those medals under the avatar are? PS now has Ladder Seasons! For more information, check out the <a href=\"https://www.smogon.com/forums/threads/3740067/\">thread on Smogon.</a></div>\n|j|\u2606Dreamkos\n|j|\u2606Glory\n|t:|1730920689\n|gametype|singles\n|player|p1|Dreamkos|caitlin|2384\n|player|p2|Glory|acetrainerf-gen4|2436\n|teamsize|p1|6\n|teamsize|p2|6\n|gen|9\n|tier|[Gen 9] Random Battle\n|rated|\n|rule|Species Clause: Limit one of each Pok\u00e9mon\n|rule|HP Percentage Mod: HP is shown in percentages\n|rule|Sleep Clause Mod: Limit one foe put to sleep\n|rule|Illusion Level Mod: Illusion disguises the Pok\u00e9mon's true level\n|\n|t:|1730920689\n|start\n|switch|p1a: Vileplume|Vileplume, L86, F|269/269\n|switch|p2a: Suicune|Suicune, L82|298/298\n|-ability|p2a: Suicune|Pressure\n|turn|1\n|inactive|Battle timer is ON: inactive players will automatically lose when time's up. (requested by Glory)\n|\n|t:|1730920704\n|switch|p2a: Dragalge|Dragalge, L88, M|258/258\n|move|p1a: Vileplume|Sludge Bomb|p2a: Dragalge\n|-resisted|p2a: Dragalge\n|-damage|p2a: Dragalge|215/258\n|\n|-heal|p2a: Dragalge|231/258|[from] item: Leftovers\n|upkeep\n|turn|2\n|\n|t:|1730920720\n|move|p1a: Vileplume|Leech Seed|p2a: Dragalge\n|-start|p2a: Dragalge|move: Leech Seed\n|move|p2a: Dragalge|Sludge Wave|p1a: Vileplume\n|-damage|p1a: Vileplume|135/269\n|\n|-heal|p1a: Vileplume|151/269|[from] item: Leftovers\n|-heal|p2a: Dragalge|247/258|[from] item: Leftovers\n|-damage|p2a: Dragalge|215/258|[from] Leech Seed|[of] p1a: Vileplume\n|-heal|p1a: Vileplume|183/269|[silent]\n|upkeep\n|turn|3\n|\n|t:|1730920739\n|switch|p2a: Toedscruel|Toedscruel, L87, M|281/281\n|move|p1a: Vileplume|Strength Sap|p2a: Toedscruel\n|-unboost|p2a: Toedscruel|atk|1\n|-heal|p1a: Vileplume|269/269\n|\n|upkeep\n|turn|4\n|\n|t:|1730920748\n|move|p2a: Toedscruel|Knock Off|p1a: Vileplume\n|-damage|p1a: Vileplume|227/269\n|-enditem|p1a: Vileplume|Leftovers|[from] move: Knock Off|[of] p2a: Toedscruel\n|move|p1a: Vileplume|Sludge Bomb|p2a: Toedscruel\n|-damage|p2a: Toedscruel|224/281\n|\n|upkeep\n|turn|5\n|\n|t:|1730920762\n|switch|p2a: Dragalge|Dragalge, L88, M|215/258\n|move|p1a: Vileplume|Sludge Bomb|p2a: Dragalge\n|-resisted|p2a: Dragalge\n|-damage|p2a: Dragalge|177/258\n|\n|-heal|p2a: Dragalge|193/258|[from] item: Leftovers\n|upkeep\n|turn|6\n|\n|t:|1730920779\n|move|p1a: Vileplume|Leech Seed|p2a: Dragalge\n|-start|p2a: Dragalge|move: Leech Seed\n|move|p2a: Dragalge|Sludge Wave|p1a: Vileplume\n|-damage|p1a: Vileplume|79/269\n|\n|-heal|p2a: Dragalge|209/258|[from] item: Leftovers\n|-damage|p2a: Dragalge|177/258|[from] Leech Seed|[of] p1a: Vileplume\n|-heal|p1a: Vileplume|111/269|[silent]\n|upkeep\n|turn|7\n|\n|t:|1730920788\n|switch|p2a: Toedscruel|Toedscruel, L87, M|224/281\n|move|p1a: Vileplume|Strength Sap|p2a: Toedscruel\n|-unboost|p2a: Toedscruel|atk|1\n|-heal|p1a: Vileplume|269/269\n|\n|upkeep\n|turn|8\n|\n|t:|1730920806\n|switch|p2a: Dragalge|Dragalge, L88, M|177/258\n|switch|p1a: Chimecho|Chimecho, L94, M|293/293\n|\n|-heal|p2a: Dragalge|193/258|[from] item: Leftovers\n|upkeep\n|turn|9\n|\n|t:|1730920833\n|switch|p2a: Toedscruel|Toedscruel, L87, M|224/281\n|move|p1a: Chimecho|Knock Off|p2a: Toedscruel\n|-crit|p2a: Toedscruel\n|-damage|p2a: Toedscruel|123/281\n|-enditem|p2a: Toedscruel|Assault Vest|[from] move: Knock Off|[of] p1a: Chimecho\n|\n|upkeep\n|turn|10\n|\n|t:|1730920846\n|switch|p1a: Vileplume|Vileplume, L86, F|269/269\n|move|p2a: Toedscruel|Knock Off|p1a: Vileplume\n|-damage|p1a: Vileplume|227/269\n|\n|upkeep\n|turn|11\n|\n|t:|1730920855\n|move|p2a: Toedscruel|Earth Power|p1a: Vileplume\n|-damage|p1a: Vileplume|134/269\n|move|p1a: Vileplume|Giga Drain|p2a: Toedscruel\n|-damage|p2a: Toedscruel|50/281\n|-heal|p1a: Vileplume|171/269|[from] drain|[of] p2a: Toedscruel\n|\n|upkeep\n|turn|12\n|\n|t:|1730920862\n|switch|p2a: Empoleon|Empoleon, L84, M|278/278\n|switch|p1a: Chimecho|Chimecho, L94, M|293/293\n|\n|upkeep\n|turn|13\n|\n|t:|1730920868\n|move|p1a: Chimecho|Knock Off|p2a: Empoleon\n|-damage|p2a: Empoleon|225/278\n|-enditem|p2a: Empoleon|Leftovers|[from] move: Knock Off|[of] p1a: Chimecho\n|move|p2a: Empoleon|Stealth Rock|p1a: Chimecho\n|-sidestart|p1: Dreamkos|move: Stealth Rock\n|\n|upkeep\n|turn|14\n|\n|t:|1730920881\n|move|p1a: Chimecho|Psychic Noise|p2a: Empoleon\n|-resisted|p2a: Empoleon\n|-damage|p2a: Empoleon|178/278\n|-start|p2a: Empoleon|move: Heal Block\n|move|p2a: Empoleon|Surf|p1a: Chimecho\n|-damage|p1a: Chimecho|202/293\n|\n|-heal|p1a: Chimecho|220/293|[from] item: Leftovers\n|upkeep\n|turn|15\n|\n|t:|1730920901\n|move|p1a: Chimecho|Knock Off|p2a: Empoleon\n|-damage|p2a: Empoleon|143/278\n|move|p2a: Empoleon|Surf|p1a: Chimecho\n|-damage|p1a: Chimecho|135/293\n|\n|-heal|p1a: Chimecho|153/293|[from] item: Leftovers\n|-end|p2a: Empoleon|move: Heal Block\n|upkeep\n|turn|16\n|\n|t:|1730920908\n|move|p1a: Chimecho|Recover|p1a: Chimecho\n|-heal|p1a: Chimecho|293/293\n|move|p2a: Empoleon|Surf|p1a: Chimecho\n|-damage|p1a: Chimecho|196/293\n|\n|-heal|p1a: Chimecho|214/293|[from] item: Leftovers\n|upkeep\n|turn|17\n|\n|t:|1730920914\n|move|p1a: Chimecho|Psychic Noise|p2a: Empoleon\n|-resisted|p2a: Empoleon\n|-damage|p2a: Empoleon|101/278\n|-start|p2a: Empoleon|move: Heal Block\n|move|p2a: Empoleon|Surf|p1a: Chimecho\n|-crit|p1a: Chimecho\n|-damage|p1a: Chimecho|64/293\n|\n|-heal|p1a: Chimecho|82/293|[from] item: Leftovers\n|upkeep\n|turn|18\n|\n|t:|1730920919\n|switch|p2a: Toedscruel|Toedscruel, L87, M|50/281\n|move|p1a: Chimecho|Recover|p1a: Chimecho\n|-heal|p1a: Chimecho|229/293\n|\n|-heal|p1a: Chimecho|247/293|[from] item: Leftovers\n|upkeep\n|turn|19\n|\n|t:|1730920926\n|move|p2a: Toedscruel|Knock Off|p1a: Chimecho\n|-supereffective|p1a: Chimecho\n|-damage|p1a: Chimecho|131/293\n|-enditem|p1a: Chimecho|Leftovers|[from] move: Knock Off|[of] p2a: Toedscruel\n|move|p1a: Chimecho|Psychic Noise|p2a: Toedscruel\n|-damage|p2a: Toedscruel|0 fnt\n|faint|p2a: Toedscruel\n|\n|upkeep\n|\n|t:|1730920938\n|switch|p2a: Suicune|Suicune, L82|298/298\n|-ability|p2a: Suicune|Pressure\n|turn|20\n|\n|t:|1730920952\n|move|p2a: Suicune|Substitute|p2a: Suicune\n|-start|p2a: Suicune|Substitute\n|-damage|p2a: Suicune|224/298\n|move|p1a: Chimecho|Psychic Noise|p2a: Suicune\n|-damage|p2a: Suicune|143/298\n|-start|p2a: Suicune|move: Heal Block\n|\n|upkeep\n|turn|21\n|\n|t:|1730920957\n|move|p2a: Suicune|Protect|p2a: Suicune\n|-singleturn|p2a: Suicune|Protect\n|move|p1a: Chimecho|Psychic Noise|p2a: Suicune\n|-activate|p2a: Suicune|move: Protect\n|\n|-end|p2a: Suicune|move: Heal Block\n|upkeep\n|turn|22\n|\n|t:|1730920963\n|move|p2a: Suicune|Calm Mind|p2a: Suicune\n|-boost|p2a: Suicune|spa|1\n|-boost|p2a: Suicune|spd|1\n|move|p1a: Chimecho|Psychic Noise|p2a: Suicune\n|-damage|p2a: Suicune|88/298\n|-start|p2a: Suicune|move: Heal Block\n|\n|upkeep\n|turn|23\n|\n|t:|1730920972\n|move|p2a: Suicune|Protect|p2a: Suicune\n|-singleturn|p2a: Suicune|Protect\n|move|p1a: Chimecho|Psychic Noise|p2a: Suicune\n|-activate|p2a: Suicune|move: Protect\n|\n|-end|p2a: Suicune|move: Heal Block\n|upkeep\n|turn|24\n|\n|t:|1730920982\n|move|p2a: Suicune|Calm Mind|p2a: Suicune\n|-boost|p2a: Suicune|spa|1\n|-boost|p2a: Suicune|spd|1\n|move|p1a: Chimecho|Psychic Noise|p2a: Suicune\n|-damage|p2a: Suicune|45/298\n|-start|p2a: Suicune|move: Heal Block\n|\n|upkeep\n|turn|25\n|\n|t:|1730920999\n|move|p2a: Suicune|Protect|p2a: Suicune\n|-singleturn|p2a: Suicune|Protect\n|move|p1a: Chimecho|Recover|p1a: Chimecho\n|-heal|p1a: Chimecho|278/293\n|\n|-end|p2a: Suicune|move: Heal Block\n|upkeep\n|turn|26\n|\n|t:|1730921023\n|move|p2a: Suicune|Scald|p1a: Chimecho\n|-damage|p1a: Chimecho|140/293\n|-status|p1a: Chimecho|brn\n|move|p1a: Chimecho|Psychic Noise|p2a: Suicune\n|-crit|p2a: Suicune\n|-damage|p2a: Suicune|0 fnt\n|faint|p2a: Suicune\n|\n|-damage|p1a: Chimecho|122/293 brn|[from] brn\n|upkeep\n|inactive|Glory has 120 seconds left.\n|\n|t:|1730921035\n|switch|p2a: Talonflame|Talonflame, L84, M|268/268\n|turn|27\n|\n|t:|1730921041\n|move|p2a: Talonflame|Swords Dance|p2a: Talonflame\n|-boost|p2a: Talonflame|atk|2\n|move|p1a: Chimecho|Psychic Noise|p2a: Talonflame\n|-damage|p2a: Talonflame|148/268\n|-start|p2a: Talonflame|move: Heal Block\n|\n|-damage|p1a: Chimecho|104/293 brn|[from] brn\n|upkeep\n|turn|28\n|\n|t:|1730921047\n|move|p2a: Talonflame|Flare Blitz|p1a: Chimecho\n|-damage|p1a: Chimecho|0 fnt\n|faint|p1a: Chimecho\n|-damage|p2a: Talonflame|114/268|[from] Recoil\n|\n|-end|p2a: Talonflame|move: Heal Block\n|upkeep\n|\n|t:|1730921064\n|switch|p1a: Passimian|Passimian, L83, M|302/302\n|-damage|p1a: Passimian|284/302|[from] Stealth Rock\n|turn|29\n|j| azcstolemyairpod\n|\n|t:|1730921082\n|switch|p2a: Gurdurr|Gurdurr, L85, M|283/283\n|move|p1a: Passimian|Rock Slide|p2a: Gurdurr\n|-resisted|p2a: Gurdurr\n|-damage|p2a: Gurdurr|261/283\n|\n|upkeep\n|turn|30\n|\n|t:|1730921089\n|switch|p1a: Vileplume|Vileplume, L86, F|171/269\n|-damage|p1a: Vileplume|138/269|[from] Stealth Rock\n|switch|p2a: Talonflame|Talonflame, L84, M|114/268\n|\n|upkeep\n|turn|31\n|\n|t:|1730921096\n|switch|p1a: Sudowoodo|Sudowoodo, L94, M|284/284\n|-damage|p1a: Sudowoodo|249/284|[from] Stealth Rock\n|move|p2a: Talonflame|Brave Bird|p1a: Sudowoodo\n|-resisted|p1a: Sudowoodo\n|-damage|p1a: Sudowoodo|211/284\n|-damage|p2a: Talonflame|101/268|[from] Recoil\n|\n|upkeep\n|turn|32\n|\n|t:|1730921114\n|switch|p2a: Gurdurr|Gurdurr, L85, M|261/283\n|move|p1a: Sudowoodo|Head Smash|p2a: Gurdurr|[miss]\n|-miss|p1a: Sudowoodo|p2a: Gurdurr\n|\n|upkeep\n|turn|33\n|\n|t:|1730921126\n|switch|p1a: Vileplume|Vileplume, L86, F|138/269\n|-damage|p1a: Vileplume|105/269|[from] Stealth Rock\n|move|p2a: Gurdurr|Drain Punch|p1a: Vileplume\n|-resisted|p1a: Vileplume\n|-damage|p1a: Vileplume|62/269\n|-heal|p2a: Gurdurr|283/283|[from] drain|[of] p1a: Vileplume\n|-status|p2a: Gurdurr|psn|[from] ability: Effect Spore|[of] p1a: Vileplume\n|\n|-damage|p2a: Gurdurr|248/283 psn|[from] psn\n|upkeep\n|turn|34\n|\n|t:|1730921134\n|switch|p2a: Empoleon|Empoleon, L84, M|101/278\n|move|p1a: Vileplume|Strength Sap|p2a: Empoleon\n|-unboost|p2a: Empoleon|atk|1\n|-ability|p2a: Empoleon|Competitive|boost\n|-boost|p2a: Empoleon|spa|2\n|-heal|p1a: Vileplume|211/269\n|\n|upkeep\n|turn|35\n|\n|t:|1730921140\n|move|p2a: Empoleon|Roost|p2a: Empoleon\n|-heal|p2a: Empoleon|240/278\n|-singleturn|p2a: Empoleon|move: Roost\n|move|p1a: Vileplume|Leech Seed|p2a: Empoleon\n|-start|p2a: Empoleon|move: Leech Seed\n|\n|-damage|p2a: Empoleon|206/278|[from] Leech Seed|[of] p1a: Vileplume\n|-heal|p1a: Vileplume|245/269|[silent]\n|upkeep\n|turn|36\n|\n|t:|1730921148\n|move|p2a: Empoleon|Ice Beam|p1a: Vileplume\n|-supereffective|p1a: Vileplume\n|-damage|p1a: Vileplume|0 fnt\n|faint|p1a: Vileplume\n|\n|upkeep\n|\n|t:|1730921161\n|switch|p1a: Passimian|Passimian, L83, M|284/302\n|-damage|p1a: Passimian|266/302|[from] Stealth Rock\n|turn|37\n|j| diempie7\n|\n|t:|1730921170\n|switch|p2a: Talonflame|Talonflame, L84, M|101/268\n|move|p1a: Passimian|Close Combat|p2a: Talonflame\n|-resisted|p2a: Talonflame\n|-damage|p2a: Talonflame|10/268\n|-unboost|p1a: Passimian|def|1\n|-unboost|p1a: Passimian|spd|1\n|\n|upkeep\n|turn|38\n|\n|t:|1730921177\n|move|p1a: Passimian|Close Combat|p2a: Talonflame\n|-resisted|p2a: Talonflame\n|-damage|p2a: Talonflame|0 fnt\n|-unboost|p1a: Passimian|def|1\n|-unboost|p1a: Passimian|spd|1\n|faint|p2a: Talonflame\n|\n|upkeep\n|\n|t:|1730921180\n|switch|p2a: Dragalge|Dragalge, L88, M|193/258\n|turn|39\n|\n|t:|1730921191\n|switch|p1a: Sudowoodo|Sudowoodo, L94, M|211/284\n|-damage|p1a: Sudowoodo|176/284|[from] Stealth Rock\n|move|p2a: Dragalge|Sludge Wave|p1a: Sudowoodo\n|-resisted|p1a: Sudowoodo\n|-damage|p1a: Sudowoodo|91/284\n|\n|-heal|p2a: Dragalge|209/258|[from] item: Leftovers\n|upkeep\n|turn|40\n|\n|t:|1730921198\n|move|p2a: Dragalge|Draco Meteor|p1a: Sudowoodo\n|-damage|p1a: Sudowoodo|0 fnt\n|-unboost|p2a: Dragalge|spa|2\n|faint|p1a: Sudowoodo\n|\n|-heal|p2a: Dragalge|225/258|[from] item: Leftovers\n|upkeep\n|\n|t:|1730921208\n|switch|p1a: Camerupt|Camerupt, L91, M|275/275\n|-damage|p1a: Camerupt|241/275|[from] Stealth Rock\n|turn|41\n|\n|t:|1730921222\n|move|p2a: Dragalge|Draco Meteor|p1a: Camerupt\n|-damage|p1a: Camerupt|139/275\n|-unboost|p2a: Dragalge|spa|2\n|move|p1a: Camerupt|Earthquake|p2a: Dragalge\n|-supereffective|p2a: Dragalge\n|-damage|p2a: Dragalge|0 fnt\n|faint|p2a: Dragalge\n|\n|-heal|p1a: Camerupt|156/275|[from] item: Leftovers\n|upkeep\n|\n|t:|1730921226\n|switch|p2a: Empoleon|Empoleon, L84, M|206/278\n|turn|42\n|inactive|Glory has 120 seconds left.\n|\n|t:|1730921283\n|-terastallize|p2a: Empoleon|Grass\n|-terastallize|p1a: Camerupt|Water\n|move|p2a: Empoleon|Ice Beam|p1a: Camerupt\n|-resisted|p1a: Camerupt\n|-damage|p1a: Camerupt|119/275\n|move|p1a: Camerupt|Overheat|p2a: Empoleon\n|-supereffective|p2a: Empoleon\n|-crit|p2a: Empoleon\n|-damage|p2a: Empoleon|0 fnt\n|-unboost|p1a: Camerupt|spa|2\n|faint|p2a: Empoleon\n|\n|-heal|p1a: Camerupt|136/275|[from] item: Leftovers\n|upkeep\n|\n|t:|1730921293\n|switch|p2a: Gurdurr|Gurdurr, L85, M|248/283 psn\n|turn|43\n|inactive|Glory has 90 seconds left.\n|\n|t:|1730921330\n|switch|p1a: Passimian|Passimian, L83, M|266/302\n|-damage|p1a: Passimian|248/302|[from] Stealth Rock\n|move|p2a: Gurdurr|Bulk Up|p2a: Gurdurr\n|-boost|p2a: Gurdurr|atk|1\n|-boost|p2a: Gurdurr|def|1\n|\n|-damage|p2a: Gurdurr|213/283 psn|[from] psn\n|upkeep\n|turn|44\n|inactive|Glory has 60 seconds left.\n|\n|t:|1730921352\n|move|p1a: Passimian|Knock Off|p2a: Gurdurr\n|-resisted|p2a: Gurdurr\n|-damage|p2a: Gurdurr|195/283 psn\n|-enditem|p2a: Gurdurr|Eviolite|[from] move: Knock Off|[of] p1a: Passimian\n|move|p2a: Gurdurr|Drain Punch|p1a: Passimian\n|-damage|p1a: Passimian|40/302\n|-heal|p2a: Gurdurr|283/283 psn|[from] drain|[of] p1a: Passimian\n|\n|-damage|p2a: Gurdurr|248/283 psn|[from] psn\n|upkeep\n|turn|45\n|\n|t:|1730921366\n|switch|p1a: Lucario|Lucario, L84, F|255/255\n|-damage|p1a: Lucario|248/255|[from] Stealth Rock\n|move|p2a: Gurdurr|Bulk Up|p2a: Gurdurr\n|-boost|p2a: Gurdurr|atk|1\n|-boost|p2a: Gurdurr|def|1\n|\n|-damage|p2a: Gurdurr|213/283 psn|[from] psn\n|upkeep\n|turn|46\n|\n|t:|1730921370\n|move|p2a: Gurdurr|Mach Punch|p1a: Lucario\n|-supereffective|p1a: Lucario\n|-damage|p1a: Lucario|0 fnt\n|faint|p1a: Lucario\n|\n|-damage|p2a: Gurdurr|178/283 psn|[from] psn\n|upkeep\n|c|\u2606Glory|gg\n|\n|t:|1730921377\n|switch|p1a: Camerupt|Camerupt, L91, M, tera:Water|136/275\n|-damage|p1a: Camerupt|102/275|[from] Stealth Rock\n|turn|47\n|c|\u2606Dreamkos|gg !\n|\n|t:|1730921382\n|move|p2a: Gurdurr|Mach Punch|p1a: Camerupt\n|-damage|p1a: Camerupt|0 fnt\n|faint|p1a: Camerupt\n|\n|-damage|p2a: Gurdurr|143/283 psn|[from] psn\n|upkeep\n|\n|t:|1730921385\n|switch|p1a: Passimian|Passimian, L83, M|40/302\n|-damage|p1a: Passimian|22/302|[from] Stealth Rock\n|turn|48\n|\n|t:|1730921387\n|move|p2a: Gurdurr|Mach Punch|p1a: Passimian\n|-damage|p1a: Passimian|0 fnt\n|faint|p1a: Passimian\n|\n|win|Glory\n|raw|Dreamkos's rating: 2384 &rarr; <strong>2367</strong><br />(-17 for losing)\n|raw|Glory's rating: 2436 &rarr; <strong>2453</strong><br />(+17 for winning)\n", "inputlog": ">version 2425f1364de080346313a8917b8af0a0670d3b0a\n>start {\"formatid\":\"gen9randombattle\",\"seed\":[334,31380,3470,39823],\"rated\":\"Rated battle\"}\n>player p1 {\"name\":\"Dreamkos\",\"avatar\":\"caitlin\",\"rating\":2384,\"seed\":[41048,4768,2997,55905]}\n>player p2 {\"name\":\"Glory\",\"avatar\":\"acetrainerf-gen4\",\"rating\":2436,\"seed\":[9392,16446,42099,25885]}\n>p1 move sludgebomb\n>p2 switch 4\n>p1 move leechseed\n>p2 move sludgewave\n>p1 move strengthsap\n>p2 switch 3\n>p1 move sludgebomb\n>p2 move knockoff\n>p1 move sludgebomb\n>p2 switch 3\n>p1 move leechseed\n>p2 move sludgewave\n>p1 move strengthsap\n>p2 switch 3\n>p1 switch 6\n>p2 switch 3\n>p1 move knockoff\n>p2 switch 3\n>p1 switch 6\n>p2 move knockoff\n>p1 move gigadrain\n>p2 move earthpower\n>p1 switch 6\n>p2 switch 5\n>p1 move knockoff\n>p2 move stealthrock\n>p1 move psychicnoise\n>p2 move surf\n>p1 move knockoff\n>p2 move surf\n>p1 move recover\n>p2 move surf\n>p1 move psychicnoise\n>p2 move surf\n>p1 move recover\n>p2 switch 5\n>p1 move psychicnoise\n>p2 move knockoff\n>p2 switch 4\n>p1 move psychicnoise\n>p2 move substitute\n>p1 move psychicnoise\n>p2 move protect\n>p1 move psychicnoise\n>p2 move calmmind\n>p1 move psychicnoise\n>p2 move protect\n>p1 move psychicnoise\n>p2 move calmmind\n>p1 move recover\n>p2 move protect\n>p1 move psychicnoise\n>p2 move scald\n>p2 switch 2\n>p1 move psychicnoise\n>p2 move swordsdance\n>p1 move knockoff\n>p2 move flareblitz\n>p1 switch 5\n>p1 move rockslide\n>p2 switch 6\n>p1 switch 6\n>p2 switch 6\n>p1 switch 3\n>p2 move bravebird\n>p1 move headsmash\n>p2 switch 6\n>p1 switch 3\n>p2 move drainpunch\n>p1 move strengthsap\n>p2 switch 5\n>p1 move leechseed\n>p2 move roost\n>p1 move gigadrain\n>p2 move icebeam\n>p1 switch 6\n>p1 move closecombat\n>p2 switch 6\n>p1 move closecombat\n>p2 move swordsdance\n>p2 switch 3\n>p1 switch 3\n>p2 move sludgewave\n>p1 move earthquake\n>p2 move dracometeor\n>p1 switch 2\n>p1 move earthquake\n>p2 move dracometeor\n>p2 switch 6\n>p1 move overheat terastallize\n>p2 move icebeam terastallize\n>p2 switch 5\n>p1 switch 3\n>p2 move bulkup\n>p1 move knockoff\n>p2 move drainpunch\n>p1 switch 4\n>p2 move bulkup\n>p1 move closecombat\n>p2 move machpunch\n>chat \u2606Glory|gg\n>p1 switch 3\n>chat \u2606Dreamkos|gg !\n>p1 move overheat\n>p2 move machpunch\n>p1 switch 4\n>p1 move closecombat\n>p2 move machpunch", "uploadtime": 1730921390, "views": 66, "formatid": "gen9randombattle", "rating": 2367, "private": 0, "password": null}