{"id": "gen9randombattle-2237379369", "format": "[Gen 9] Random Battle", "players": ["Jockie Music", "Norman2!"], "log": "|badge|p2|bronze|gen9randombattle|100-3\n|uhtml|medal-msg|<div class=\"broadcast-blue\">Curious what those medals under the avatar are? PS now has Ladder Seasons! For more information, check out the <a href=\"https://www.smogon.com/forums/threads/3740067/\">thread on Smogon.</a></div>\n|j|\u2606Jockie Music\n|j|\u203dNorman2!\n|t:|1730749178\n|gametype|singles\n|player|p1|Jockie Music|2|2253\n|player|p2|Norman2!|1|2318\n|teamsize|p1|6\n|teamsize|p2|6\n|gen|9\n|tier|[Gen 9] Random Battle\n|rated|\n|rule|Species Clause: Limit one of each Pok\u00e9mon\n|rule|HP Percentage Mod: HP is shown in percentages\n|rule|Sleep Clause Mod: Limit one foe put to sleep\n|rule|Illusion Level Mod: Illusion disguises the Pok\u00e9mon's true level\n|\n|t:|1730749178\n|start\n|switch|p1a: Vaporeon|Vaporeon, L86, F|364/364\n|switch|p2a: Luvdisc|Luvdisc, M|247/247\n|turn|1\n|n|\u203dNorman2!|norman2\n|n|\u203dNorman2!|norman2\n|inactive|Battle timer is ON: inactive players will automatically lose when time's up. (requested by Jockie Music)\n|\n|t:|1730749201\n|switch|p2a: Decidueye|Decidueye-Hisui, L87, F|295/295\n|move|p1a: Vaporeon|Calm Mind|p1a: Vaporeon\n|-boost|p1a: Vaporeon|spa|1\n|-boost|p1a: Vaporeon|spd|1\n|\n|upkeep\n|turn|2\n|\n|t:|1730749214\n|switch|p1a: Dedenne|Dedenne, L88, M|261/261\n|move|p2a: Decidueye|Leaf Blade|p1a: Dedenne\n|-damage|p1a: Dedenne|122/261\n|-enditem|p1a: Dedenne|Sitrus Berry|[eat]\n|-heal|p1a: Dedenne|187/261|[from] item: Sitrus Berry\n|-heal|p1a: Dedenne|261/261|[from] ability: Cheek Pouch\n|\n|upkeep\n|turn|3\n|\n|t:|1730749224\n|switch|p2a: Dialga|Dialga, L73|266/266\n|-ability|p2a: Dialga|Pressure\n|move|p1a: Dedenne|Nuzzle|p2a: Dialga\n|-resisted|p2a: Dialga\n|-damage|p2a: Dialga|259/266\n|-status|p2a: Dialga|par\n|\n|upkeep\n|turn|4\n|\n|t:|1730749231\n|switch|p1a: Mienshao|Mienshao, L83, M|244/244\n|move|p2a: Dialga|Dragon Tail|p1a: Mienshao\n|-damage|p1a: Mienshao|165/244\n|drag|p1a: Orthworm|Orthworm, L88, F|266/266\n|\n|upkeep\n|turn|5\n|\n|t:|1730749236\n|switch|p1a: Dedenne|Dedenne, L88, M|261/261\n|move|p2a: Dialga|Fire Blast|p1a: Dedenne|[miss]\n|-miss|p2a: Dialga|p1a: Dedenne\n|\n|upkeep\n|turn|6\n|\n|t:|1730749241\n|switch|p1a: Mienshao|Mienshao, L83, M|244/244\n|move|p2a: Dialga|Heavy Slam|p1a: Mienshao\n|-damage|p1a: Mienshao|88/244\n|\n|upkeep\n|turn|7\n|\n|t:|1730749248\n|switch|p2a: Bruxish|Bruxish, L85, M|254/254\n|move|p1a: Mienshao|Fake Out|p2a: Bruxish\n|-damage|p2a: Bruxish|214/254\n|\n|upkeep\n|turn|8\n|\n|t:|1730749254\n|switch|p1a: Orthworm|Orthworm, L88, F|266/266\n|move|p2a: Bruxish|Flip Turn|p1a: Orthworm\n|-damage|p1a: Orthworm|220/266\n|\n|t:|1730749265\n|switch|p2a: Plusle|Plusle, L95, M|268/268|[from] Flip Turn\n|\n|upkeep\n|turn|9\n|\n|t:|1730749273\n|switch|p1a: Sandy Shocks|Sandy Shocks, L80|267/267\n|move|p2a: Plusle|Nasty Plot|p2a: Plusle\n|-boost|p2a: Plusle|spa|2\n|\n|upkeep\n|turn|10\n|\n|t:|1730749302\n|-terastallize|p2a: Plusle|Fairy\n|move|p2a: Plusle|Nasty Plot|p2a: Plusle\n|-boost|p2a: Plusle|spa|2\n|move|p1a: Sandy Shocks|Earth Power|p2a: Plusle\n|-damage|p2a: Plusle|160/268\n|\n|upkeep\n|turn|11\n|\n|t:|1730749312\n|move|p2a: Plusle|Alluring Voice|p1a: Sandy Shocks\n|-damage|p1a: Sandy Shocks|0 fnt\n|faint|p1a: Sandy Shocks\n|-end|p1a: Sandy Shocks|Protosynthesis|[silent]\n|-damage|p2a: Plusle|134/268|[from] item: Life Orb\n|\n|upkeep\n|\n|t:|1730749316\n|switch|p1a: Mienshao|Mienshao, L83, M|169/244\n|turn|12\n|\n|t:|1730749320\n|move|p1a: Mienshao|Fake Out|p2a: Plusle\n|-damage|p2a: Plusle|80/268\n|cant|p2a: Plusle|flinch\n|\n|upkeep\n|turn|13\n|\n|t:|1730749327\n|switch|p1a: Dedenne|Dedenne, L88, M|261/261\n|move|p2a: Plusle|Thunderbolt|p1a: Dedenne\n|-resisted|p1a: Dedenne\n|-damage|p1a: Dedenne|31/261\n|-damage|p2a: Plusle|54/268|[from] item: Life Orb\n|\n|upkeep\n|turn|14\n|\n|t:|1730749330\n|move|p2a: Plusle|Thunderbolt|p1a: Dedenne\n|-resisted|p1a: Dedenne\n|-damage|p1a: Dedenne|0 fnt\n|faint|p1a: Dedenne\n|-damage|p2a: Plusle|28/268|[from] item: Life Orb\n|\n|upkeep\n|\n|t:|1730749332\n|switch|p1a: Mienshao|Mienshao, L83, M|244/244\n|turn|15\n|\n|t:|1730749335\n|switch|p2a: Bruxish|Bruxish, L85, M|214/254\n|move|p1a: Mienshao|Fake Out|p2a: Bruxish\n|-damage|p2a: Bruxish|173/254\n|\n|upkeep\n|turn|16\n|\n|t:|1730749339\n|switch|p1a: Orthworm|Orthworm, L88, F|220/266\n|move|p2a: Bruxish|Psychic Fangs|p1a: Orthworm\n|-resisted|p1a: Orthworm\n|-damage|p1a: Orthworm|174/266\n|\n|upkeep\n|turn|17\n|\n|t:|1730749350\n|switch|p2a: Decidueye|Decidueye-Hisui, L87, F|295/295\n|move|p1a: Orthworm|Body Press|p2a: Decidueye\n|-damage|p2a: Decidueye|205/295\n|\n|-heal|p2a: Decidueye|223/295|[from] item: Leftovers\n|upkeep\n|turn|18\n|\n|t:|1730749355\n|switch|p1a: Lilligant|Lilligant-Hisui, L79, F|240/240\n|move|p2a: Decidueye|Triple Arrows|p1a: Lilligant\n|-damage|p1a: Lilligant|104/240\n|-unboost|p1a: Lilligant|def|1\n|\n|-heal|p2a: Decidueye|241/295|[from] item: Leftovers\n|upkeep\n|turn|19\n|\n|t:|1730749362\n|move|p1a: Lilligant|Close Combat|p2a: Decidueye\n|-damage|p2a: Decidueye|15/295\n|-unboost|p1a: Lilligant|def|1\n|-unboost|p1a: Lilligant|spd|1\n|-damage|p1a: Lilligant|80/240|[from] item: Life Orb\n|move|p2a: Decidueye|Triple Arrows|p1a: Lilligant\n|-damage|p1a: Lilligant|0 fnt\n|faint|p1a: Lilligant\n|\n|-heal|p2a: Decidueye|33/295|[from] item: Leftovers\n|upkeep\n|\n|t:|1730749367\n|switch|p1a: Mienshao|Mienshao, L83, M|244/244\n|turn|20\n|\n|t:|1730749374\n|switch|p2a: Luvdisc|Luvdisc, M|247/247\n|move|p1a: Mienshao|Close Combat|p2a: Luvdisc\n|-damage|p2a: Luvdisc|75/247\n|-unboost|p1a: Mienshao|def|1\n|-unboost|p1a: Mienshao|spd|1\n|\n|upkeep\n|turn|21\n|j| al_quds_al_aqsa\n|\n|t:|1730749378\n|switch|p1a: Vaporeon|Vaporeon, L86, F|364/364\n|move|p2a: Luvdisc|Substitute|p2a: Luvdisc\n|-start|p2a: Luvdisc|Substitute\n|-damage|p2a: Luvdisc|14/247\n|\n|upkeep\n|turn|22\n|\n|t:|1730749380\n|move|p2a: Luvdisc|Endeavor|p1a: Vaporeon\n|-damage|p1a: Vaporeon|14/364\n|move|p1a: Vaporeon|Scald|p2a: Luvdisc\n|-resisted|p2a: Luvdisc\n|-activate|p2a: Luvdisc|move: Substitute|[damage]\n|\n|-heal|p1a: Vaporeon|36/364|[from] item: Leftovers\n|upkeep\n|turn|23\n|\n|t:|1730749387\n|switch|p2a: Plusle|Plusle, L95, M, tera:Fairy|28/268\n|move|p1a: Vaporeon|Wish|p1a: Vaporeon\n|\n|-heal|p1a: Vaporeon|58/364|[from] item: Leftovers\n|upkeep\n|turn|24\n|\n|t:|1730749400\n|move|p1a: Vaporeon|Protect|p1a: Vaporeon\n|-singleturn|p1a: Vaporeon|Protect\n|move|p2a: Plusle|Thunderbolt|p1a: Vaporeon\n|-activate|p1a: Vaporeon|move: Protect\n|\n|-heal|p1a: Vaporeon|240/364|[from] move: Wish|[wisher] Vaporeon\n|-heal|p1a: Vaporeon|262/364|[from] item: Leftovers\n|upkeep\n|turn|25\n|\n|t:|1730749404\n|move|p2a: Plusle|Encore|p1a: Vaporeon\n|-start|p1a: Vaporeon|Encore\n|move|p1a: Vaporeon|Protect||[still]\n|-fail|p1a: Vaporeon\n|\n|-heal|p1a: Vaporeon|284/364|[from] item: Leftovers\n|upkeep\n|turn|26\n|\n|t:|1730749410\n|switch|p2a: Bruxish|Bruxish, L85, M|173/254\n|switch|p1a: Mienshao|Mienshao, L83, M|244/244\n|\n|upkeep\n|turn|27\n|\n|t:|1730749414\n|move|p1a: Mienshao|Fake Out|p2a: Bruxish\n|-damage|p2a: Bruxish|135/254\n|cant|p2a: Bruxish|flinch\n|\n|upkeep\n|turn|28\n|\n|t:|1730749420\n|switch|p1a: Vaporeon|Vaporeon, L86, F|284/364\n|move|p2a: Bruxish|Flip Turn|p1a: Vaporeon\n|-heal|p1a: Vaporeon|364/364|[from] ability: Water Absorb|[of] p2a: Bruxish\n|\n|upkeep\n|turn|29\n|\n|t:|1730749428\n|switch|p2a: Dialga|Dialga, L73|259/266 par\n|-ability|p2a: Dialga|Pressure\n|move|p1a: Vaporeon|Scald|p2a: Dialga\n|-resisted|p2a: Dialga\n|-damage|p2a: Dialga|224/266 par\n|\n|upkeep\n|turn|30\n|\n|t:|1730749433\n|switch|p1a: Mienshao|Mienshao, L83, M|244/244\n|move|p2a: Dialga|Heavy Slam|p1a: Mienshao\n|-damage|p1a: Mienshao|93/244\n|\n|upkeep\n|turn|31\n|\n|t:|1730749444\n|switch|p2a: Decidueye|Decidueye-Hisui, L87, F|33/295\n|move|p1a: Mienshao|U-turn|p2a: Decidueye\n|-damage|p2a: Decidueye|0 fnt\n|faint|p2a: Decidueye\n|\n|t:|1730749452\n|switch|p1a: Vaporeon|Vaporeon, L86, F|364/364|[from] U-turn\n|\n|upkeep\n|\n|t:|1730749461\n|switch|p2a: Luvdisc|Luvdisc, M|14/247\n|turn|32\n|\n|t:|1730749464\n|move|p2a: Luvdisc|Endeavor|p1a: Vaporeon\n|-damage|p1a: Vaporeon|14/364\n|move|p1a: Vaporeon|Wish|p1a: Vaporeon\n|\n|-heal|p1a: Vaporeon|36/364|[from] item: Leftovers\n|upkeep\n|turn|33\n|\n|t:|1730749475\n|switch|p2a: Dialga|Dialga, L73|224/266 par\n|-ability|p2a: Dialga|Pressure\n|move|p1a: Vaporeon|Scald|p2a: Dialga\n|-resisted|p2a: Dialga\n|-damage|p2a: Dialga|193/266 par\n|\n|-heal|p1a: Vaporeon|218/364|[from] move: Wish|[wisher] Vaporeon\n|-heal|p1a: Vaporeon|240/364|[from] item: Leftovers\n|upkeep\n|turn|34\n|\n|t:|1730749478\n|move|p1a: Vaporeon|Protect|p1a: Vaporeon\n|-singleturn|p1a: Vaporeon|Protect\n|move|p2a: Dialga|Dragon Tail|p1a: Vaporeon\n|-activate|p1a: Vaporeon|move: Protect\n|\n|-heal|p1a: Vaporeon|262/364|[from] item: Leftovers\n|upkeep\n|turn|35\n|\n|t:|1730749481\n|move|p1a: Vaporeon|Wish|p1a: Vaporeon\n|move|p2a: Dialga|Dragon Tail|p1a: Vaporeon\n|-damage|p1a: Vaporeon|189/364\n|drag|p1a: Orthworm|Orthworm, L88, F|174/266\n|\n|upkeep\n|turn|36\n|\n|t:|1730749493\n|switch|p1a: Vaporeon|Vaporeon, L86, F|189/364\n|move|p2a: Dialga|Heavy Slam|p1a: Vaporeon\n|-resisted|p1a: Vaporeon\n|-damage|p1a: Vaporeon|116/364\n|\n|-heal|p1a: Vaporeon|298/364|[from] move: Wish|[wisher] Vaporeon\n|-heal|p1a: Vaporeon|320/364|[from] item: Leftovers\n|upkeep\n|turn|37\n|\n|t:|1730749498\n|switch|p1a: Mienshao|Mienshao, L83, M|174/244\n|move|p2a: Dialga|Draco Meteor|p1a: Mienshao\n|-damage|p1a: Mienshao|35/244\n|-unboost|p2a: Dialga|spa|2\n|\n|upkeep\n|turn|38\n|\n|t:|1730749507\n|switch|p2a: Luvdisc|Luvdisc, M|14/247\n|move|p1a: Mienshao|Close Combat|p2a: Luvdisc\n|-damage|p2a: Luvdisc|0 fnt\n|-unboost|p1a: Mienshao|def|1\n|-unboost|p1a: Mienshao|spd|1\n|faint|p2a: Luvdisc\n|\n|upkeep\n|\n|t:|1730749511\n|switch|p2a: Bruxish|Bruxish, L85, M|135/254\n|turn|39\n|\n|t:|1730749517\n|switch|p1a: Orthworm|Orthworm, L88, F|174/266\n|move|p2a: Bruxish|Flip Turn|p1a: Orthworm\n|-damage|p1a: Orthworm|125/266\n|\n|t:|1730749527\n|switch|p2a: Plusle|Plusle, L95, M, tera:Fairy|28/268|[from] Flip Turn\n|\n|upkeep\n|turn|40\n|\n|t:|1730749536\n|move|p2a: Plusle|Thunderbolt|p1a: Orthworm\n|-damage|p1a: Orthworm|0 fnt\n|faint|p1a: Orthworm\n|-damage|p2a: Plusle|2/268|[from] item: Life Orb\n|\n|upkeep\n|\n|t:|1730749548\n|switch|p1a: Mienshao|Mienshao, L83, M|116/244\n|turn|41\n|\n|t:|1730749576\n|switch|p2a: Dialga|Dialga, L73|193/266 par\n|-ability|p2a: Dialga|Pressure\n|move|p1a: Mienshao|Fake Out|p2a: Dialga\n|-resisted|p2a: Dialga\n|-damage|p2a: Dialga|179/266 par\n|\n|upkeep\n|turn|42\n|\n|t:|1730749582\n|move|p1a: Mienshao|Close Combat|p2a: Dialga\n|-supereffective|p2a: Dialga\n|-damage|p2a: Dialga|0 fnt\n|-unboost|p1a: Mienshao|def|1\n|-unboost|p1a: Mienshao|spd|1\n|faint|p2a: Dialga\n|\n|upkeep\n|\n|t:|1730749585\n|switch|p2a: Bruxish|Bruxish, L85, M|135/254\n|turn|43\n|\n|t:|1730749591\n|-terastallize|p1a: Mienshao|Dark\n|move|p2a: Bruxish|Psychic Fangs|p1a: Mienshao\n|-immune|p1a: Mienshao\n|move|p1a: Mienshao|Knock Off|p2a: Bruxish\n|-supereffective|p2a: Bruxish\n|-damage|p2a: Bruxish|0 fnt\n|-enditem|p2a: Bruxish|Choice Scarf|[from] move: Knock Off|[of] p1a: Mienshao\n|faint|p2a: Bruxish\n|\n|upkeep\n|\n|t:|1730749598\n|switch|p2a: Iron Boulder|Iron Boulder, L77|265/265\n|-enditem|p2a: Iron Boulder|Booster Energy\n|-activate|p2a: Iron Boulder|ability: Quark Drive|[fromitem]\n|-start|p2a: Iron Boulder|quarkdrivespe\n|turn|44\n|\n|t:|1730749604\n|move|p2a: Iron Boulder|Close Combat|p1a: Mienshao\n|-supereffective|p1a: Mienshao\n|-damage|p1a: Mienshao|0 fnt\n|-unboost|p2a: Iron Boulder|def|1\n|-unboost|p2a: Iron Boulder|spd|1\n|faint|p1a: Mienshao\n|\n|upkeep\n|\n|t:|1730749606\n|switch|p1a: Vaporeon|Vaporeon, L86, F|320/364\n|turn|45\n|\n|t:|1730749611\n|move|p2a: Iron Boulder|Mighty Cleave|p1a: Vaporeon\n|-damage|p1a: Vaporeon|199/364\n|move|p1a: Vaporeon|Scald|p2a: Iron Boulder\n|-supereffective|p2a: Iron Boulder\n|-damage|p2a: Iron Boulder|0 fnt\n|faint|p2a: Iron Boulder\n|-end|p2a: Iron Boulder|Quark Drive|[silent]\n|\n|-heal|p1a: Vaporeon|221/364|[from] item: Leftovers\n|upkeep\n|\n|t:|1730749613\n|switch|p2a: Plusle|Plusle, L95, M, tera:Fairy|2/268\n|turn|46\n|\n|t:|1730749617\n|move|p2a: Plusle|Thunderbolt|p1a: Vaporeon\n|-supereffective|p1a: Vaporeon\n|-damage|p1a: Vaporeon|0 fnt\n|faint|p1a: Vaporeon\n|-damage|p2a: Plusle|0 fnt|[from] item: Life Orb\n|faint|p2a: Plusle\n|\n|win|Norman2!\n|raw|Jockie Music's rating: 2253 &rarr; <strong>2237</strong><br />(-16 for losing)\n|raw|Norman2!'s rating: 2318 &rarr; <strong>2334</strong><br />(+16 for winning)\n", "inputlog": ">version a4f42d48c0ba8c19aa1220fc847216ad1267a0d1\n>start {\"formatid\":\"gen9randombattle\",\"seed\":[2348,32721,48430,36323],\"rated\":\"Rated battle\"}\n>player p1 {\"name\":\"Jockie Music\",\"avatar\":\"2\",\"rating\":2253,\"seed\":[30864,21928,51397,27575]}\n>player p2 {\"name\":\"Norman2!\",\"avatar\":\"1\",\"rating\":2318,\"seed\":[38919,145,19294,42161]}\n>p1 move calmmind\n>p2 switch 6\n>p1 switch 3\n>p2 move leafblade\n>p1 move nuzzle\n>p2 switch 4\n>p1 switch 2\n>p2 move dragontail\n>p1 switch 2\n>p2 move fireblast\n>p1 switch 4\n>p2 move heavyslam\n>p1 move fakeout\n>p2 switch 3\n>p1 switch 2\n>p2 move flipturn\n>p2 switch 5\n>p1 switch 5\n>p2 move nastyplot\n>p1 move earthpower\n>p2 move nastyplot terastallize\n>p1 move earthpower\n>p2 move alluringvoice\n>p1 switch 2\n>p1 move fakeout\n>p2 move alluringvoice\n>p1 switch 4\n>p2 move thunderbolt\n>p1 move nuzzle\n>p2 move thunderbolt\n>p1 switch 4\n>p1 move fakeout\n>p2 switch 5\n>p1 switch 5\n>p2 move psychicfangs\n>p1 move bodypress\n>p2 switch 4\n>p1 switch 6\n>p2 move triplearrows\n>p1 move closecombat\n>p2 move triplearrows\n>p1 switch 5\n>p1 move closecombat\n>p2 switch 6\n>p1 switch 3\n>p2 move substitute\n>p1 move scald\n>p2 move endeavor\n>p1 move wish\n>p2 switch 5\n>p1 move protect\n>p2 move thunderbolt\n>p1 move scald\n>p2 move encore\n>p1 switch 3\n>p2 switch 4\n>p1 move fakeout\n>p2 move psychicfangs\n>p1 switch 3\n>p2 move flipturn\n>p1 move scald\n>p2 switch 3\n>p1 switch 3\n>p2 move heavyslam\n>p1 move uturn\n>p2 switch 6\n>p1 switch 3\n>p2 switch 5\n>p1 move wish\n>p2 move endeavor\n>p1 move scald\n>p2 switch 6\n>p1 move protect\n>p2 move dragontail\n>p1 move wish\n>p2 move dragontail\n>p1 switch 6\n>p2 move heavyslam\n>p1 switch 3\n>p2 move dracometeor\n>p1 move closecombat\n>p2 switch 6\n>p2 switch 3\n>p1 switch 6\n>p2 move flipturn\n>p2 switch 4\n>p1 move bodypress\n>p2 move thunderbolt\n>p1 switch 6\n>p1 move fakeout\n>p2 switch 6\n>p1 move closecombat\n>p2 move heavyslam\n>p2 switch 4\n>p1 move knockoff terastallize\n>p2 move psychicfangs\n>p2 switch 2\n>p1 move uturn\n>p2 move closecombat\n>p1 switch 3\n>p1 move scald\n>p2 move mightycleave\n>p2 switch 6\n>p1 move scald\n>p2 move thunderbolt", "uploadtime": 1730749620, "views": 56, "formatid": "gen9randombattle", "rating": 2237, "private": 0, "password": null}