{"id": "gen9randombattle-2192743066", "format": "[Gen 9] Random Battle", "players": ["20 Million GXE", "the realandrash"], "log": "|j|\u260620 Million GXE\n|j|\u2606the realandrash\n|t:|1725247088\n|gametype|singles\n|player|p1|20 Million GXE|turo-ai|2305\n|player|p2|the realandrash|170|2278\n|teamsize|p1|6\n|teamsize|p2|6\n|gen|9\n|tier|[Gen 9] Random Battle\n|rated|\n|rule|Species Clause: Limit one of each Pok\u00e9mon\n|rule|HP Percentage Mod: HP is shown in percentages\n|rule|Sleep Clause Mod: Limit one foe put to sleep\n|rule|Illusion Level Mod: Illusion disguises the Pok\u00e9mon's true level\n|\n|t:|1725247088\n|start\n|switch|p1a: Iron Leaves|Iron Leaves, L80|275/275\n|switch|p2a: Tornadus|Tornadus, L82, M|264/264\n|turn|1\n|inactive|Battle timer is ON: inactive players will automatically lose when time's up. (requested by 20 Million GXE)\n|\n|t:|1725247101\n|-end|p1a: Iron Leaves|Quark Drive|[silent]\n|switch|p1a: Magcargo|Magcargo, L95, F|268/268\n|move|p2a: Tornadus|Nasty Plot|p2a: Tornadus\n|-boost|p2a: Tornadus|spa|2\n|\n|upkeep\n|turn|2\n|\n|t:|1725247105\n|switch|p1a: Meowstic|Meowstic, L89, M|277/277\n|move|p2a: Tornadus|Focus Blast|p1a: Meowstic|[miss]\n|-miss|p2a: Tornadus|p1a: Meowstic\n|\n|upkeep\n|turn|3\n|\n|t:|1725247109\n|move|p1a: Meowstic|Light Screen|p1a: Meowstic\n|-sidestart|p1: 20 Million GXE|move: Light Screen\n|move|p2a: Tornadus|Bleakwind Storm|p1a: Meowstic\n|-damage|p1a: Meowstic|145/277\n|\n|upkeep\n|turn|4\n|\n|t:|1725247115\n|move|p1a: Meowstic|Yawn|p2a: Tornadus\n|-start|p2a: Tornadus|move: Yawn|[of] p1a: Meowstic\n|move|p2a: Tornadus|Bleakwind Storm|p1a: Meowstic|[miss]\n|-miss|p2a: Tornadus|p1a: Meowstic\n|\n|upkeep\n|turn|5\n|\n|t:|1725247128\n|switch|p2a: Electivire|Electivire, L84, M|263/263\n|move|p1a: Meowstic|Reflect|p1a: Meowstic\n|-sidestart|p1: 20 Million GXE|Reflect\n|\n|upkeep\n|turn|6\n|\n|t:|1725247134\n|switch|p1a: Iron Leaves|Iron Leaves, L80|275/275\n|move|p2a: Electivire|Knock Off|p1a: Iron Leaves\n|-supereffective|p1a: Iron Leaves\n|-damage|p1a: Iron Leaves|172/275\n|-enditem|p1a: Iron Leaves|Choice Band|[from] move: Knock Off|[of] p2a: Electivire\n|-damage|p2a: Electivire|237/263|[from] item: Life Orb\n|\n|upkeep\n|turn|7\n|\n|t:|1725247146\n|switch|p2a: Tornadus|Tornadus, L82, M|264/264\n|move|p1a: Iron Leaves|Psyblade|p2a: Tornadus\n|-damage|p2a: Tornadus|152/264\n|\n|upkeep\n|turn|8\n|\n|t:|1725247154\n|-end|p1a: Iron Leaves|Quark Drive|[silent]\n|switch|p1a: Meowstic|Meowstic, L89, M|145/277\n|move|p2a: Tornadus|Bleakwind Storm|p1a: Meowstic\n|-damage|p1a: Meowstic|79/277\n|-unboost|p1a: Meowstic|spe|1\n|\n|upkeep\n|turn|9\n|\n|t:|1725247160\n|move|p2a: Tornadus|Bleakwind Storm|p1a: Meowstic|[miss]\n|-miss|p2a: Tornadus|p1a: Meowstic\n|move|p1a: Meowstic|Psychic Noise|p2a: Tornadus\n|-damage|p2a: Tornadus|59/264\n|-start|p2a: Tornadus|move: Heal Block\n|\n|upkeep\n|turn|10\n|\n|t:|1725247165\n|move|p2a: Tornadus|Bleakwind Storm|p1a: Meowstic\n|-damage|p1a: Meowstic|13/277\n|-unboost|p1a: Meowstic|spe|1\n|move|p1a: Meowstic|Psychic Noise|p2a: Tornadus\n|-damage|p2a: Tornadus|0 fnt\n|faint|p2a: Tornadus\n|\n|-sideend|p1: 20 Million GXE|move: Light Screen\n|upkeep\n|\n|t:|1725247191\n|switch|p2a: Diancie|Diancie, L82|216/216\n|turn|11\n|\n|t:|1725247201\n|move|p1a: Meowstic|Yawn|p2a: Diancie\n|-start|p2a: Diancie|move: Yawn|[of] p1a: Meowstic\n|move|p2a: Diancie|Diamond Storm|p1a: Meowstic\n|-damage|p1a: Meowstic|0 fnt\n|faint|p1a: Meowstic\n|\n|upkeep\n|\n|t:|1725247206\n|switch|p1a: Magcargo|Magcargo, L95, F|268/268\n|turn|12\n|\n|t:|1725247212\n|switch|p2a: Whiscash|Whiscash, L88, F|337/337\n|move|p1a: Magcargo|Shell Smash|p1a: Magcargo\n|-unboost|p1a: Magcargo|def|1\n|-unboost|p1a: Magcargo|spd|1\n|-boost|p1a: Magcargo|atk|2\n|-boost|p1a: Magcargo|spa|2\n|-boost|p1a: Magcargo|spe|2\n|\n|-sideend|p1: 20 Million GXE|Reflect\n|upkeep\n|turn|13\n|\n|t:|1725247222\n|switch|p1a: Iron Leaves|Iron Leaves, L80|172/275\n|move|p2a: Whiscash|Dragon Dance|p2a: Whiscash\n|-boost|p2a: Whiscash|atk|1\n|-boost|p2a: Whiscash|spe|1\n|\n|upkeep\n|turn|14\n|inactive|the realandrash has 120 seconds left.\n|\n|t:|1725247281\n|switch|p2a: Dragonite|Dragonite, L74, F|257/257\n|move|p1a: Iron Leaves|Leaf Blade|p2a: Dragonite\n|-resisted|p2a: Dragonite\n|-damage|p2a: Dragonite|243/257\n|\n|upkeep\n|turn|15\n|\n|t:|1725247299\n|-end|p1a: Iron Leaves|Quark Drive|[silent]\n|switch|p1a: Magcargo|Magcargo, L95, F|268/268\n|move|p2a: Dragonite|Dragon Dance|p2a: Dragonite\n|-boost|p2a: Dragonite|atk|1\n|-boost|p2a: Dragonite|spe|1\n|\n|upkeep\n|turn|16\n|\n|t:|1725247309\n|-terastallize|p1a: Magcargo|Grass\n|move|p2a: Dragonite|Dragon Dance|p2a: Dragonite\n|-boost|p2a: Dragonite|atk|1\n|-boost|p2a: Dragonite|spe|1\n|move|p1a: Magcargo|Shell Smash|p1a: Magcargo\n|-unboost|p1a: Magcargo|def|1\n|-unboost|p1a: Magcargo|spd|1\n|-boost|p1a: Magcargo|atk|2\n|-boost|p1a: Magcargo|spa|2\n|-boost|p1a: Magcargo|spe|2\n|\n|upkeep\n|turn|17\n|inactive|the realandrash has 120 seconds left.\n|\n|t:|1725247338\n|move|p2a: Dragonite|Outrage|p1a: Magcargo\n|-damage|p1a: Magcargo|0 fnt\n|faint|p1a: Magcargo\n|\n|upkeep\n|\n|t:|1725247342\n|switch|p1a: Terapagos|Terapagos, L76, F|262/262\n|-activate|p1a: Terapagos|ability: Tera Shift\n|detailschange|p1a: Terapagos|Terapagos-Terastal, L76, F\n|-heal|p1a: Terapagos|269/269|[silent]\n|turn|18\n|\n|t:|1725247346\n|move|p2a: Dragonite|Outrage|p1a: Terapagos|[from]lockedmove\n|-activate|p1a: Terapagos|ability: Tera Shell\n|-resisted|p1a: Terapagos\n|-damage|p1a: Terapagos|158/269\n|move|p1a: Terapagos|Rest|p1a: Terapagos\n|-status|p1a: Terapagos|slp|[from] move: Rest\n|-heal|p1a: Terapagos|269/269 slp|[silent]\n|-enditem|p1a: Terapagos|Chesto Berry|[eat]\n|-curestatus|p1a: Terapagos|slp|[msg]\n|\n|upkeep\n|turn|19\n|\n|t:|1725247351\n|move|p2a: Dragonite|Outrage|p1a: Terapagos|[from]lockedmove\n|-activate|p1a: Terapagos|ability: Tera Shell\n|-resisted|p1a: Terapagos\n|-damage|p1a: Terapagos|159/269\n|-start|p2a: Dragonite|confusion|[fatigue]\n|move|p1a: Terapagos|Tera Starstorm|p2a: Dragonite\n|-damage|p2a: Dragonite|135/257\n|\n|upkeep\n|turn|20\n|\n|t:|1725247356\n|-activate|p2a: Dragonite|confusion\n|-damage|p2a: Dragonite|78/257|[from] confusion\n|move|p1a: Terapagos|Tera Starstorm|p2a: Dragonite\n|-damage|p2a: Dragonite|0 fnt\n|faint|p2a: Dragonite\n|\n|upkeep\n|\n|t:|1725247366\n|switch|p2a: Diancie|Diancie, L82|216/216\n|turn|21\n|\n|t:|1725247383\n|move|p1a: Terapagos|Calm Mind|p1a: Terapagos\n|-boost|p1a: Terapagos|spa|1\n|-boost|p1a: Terapagos|spd|1\n|move|p2a: Diancie|Rock Polish|p2a: Diancie\n|-boost|p2a: Diancie|spe|2\n|\n|upkeep\n|turn|22\n|\n|t:|1725247391\n|-terastallize|p2a: Diancie|Fighting\n|move|p2a: Diancie|Diamond Storm|p1a: Terapagos\n|-damage|p1a: Terapagos|69/269\n|-boost|p2a: Diancie|def|2\n|move|p1a: Terapagos|Earth Power|p2a: Diancie\n|-damage|p2a: Diancie|154/216\n|\n|-heal|p2a: Diancie|167/216|[from] item: Leftovers\n|upkeep\n|turn|23\n|\n|t:|1725247400\n|move|p2a: Diancie|Diamond Storm|p1a: Terapagos\n|-damage|p1a: Terapagos|0 fnt\n|-boost|p2a: Diancie|def|2\n|faint|p1a: Terapagos\n|\n|-heal|p2a: Diancie|180/216|[from] item: Leftovers\n|upkeep\n|\n|t:|1725247403\n|switch|p1a: Iron Leaves|Iron Leaves, L80|172/275\n|turn|24\n|inactive|the realandrash has 120 seconds left.\n|\n|t:|1725247447\n|move|p2a: Diancie|Diamond Storm|p1a: Iron Leaves\n|-damage|p1a: Iron Leaves|70/275\n|-boost|p2a: Diancie|def|2\n|move|p1a: Iron Leaves|Psyblade|p2a: Diancie\n|-supereffective|p2a: Diancie\n|-damage|p2a: Diancie|148/216\n|\n|-heal|p2a: Diancie|161/216|[from] item: Leftovers\n|upkeep\n|turn|25\n|\n|t:|1725247454\n|move|p2a: Diancie|Body Press|p1a: Iron Leaves\n|-resisted|p1a: Iron Leaves\n|-damage|p1a: Iron Leaves|0 fnt\n|faint|p1a: Iron Leaves\n|-end|p1a: Iron Leaves|Quark Drive|[silent]\n|\n|-heal|p2a: Diancie|174/216|[from] item: Leftovers\n|upkeep\n|\n|t:|1725247457\n|switch|p1a: Entei|Entei, L78|307/307\n|turn|26\n|\n|t:|1725247460\n|move|p2a: Diancie|Body Press|p1a: Entei\n|-damage|p1a: Entei|0 fnt\n|faint|p1a: Entei\n|\n|-heal|p2a: Diancie|187/216|[from] item: Leftovers\n|upkeep\n|\n|t:|1725247463\n|switch|p1a: Greninja|Greninja, L80, M|246/246\n|turn|27\n|\n|t:|1725247465\n|move|p2a: Diancie|Body Press|p1a: Greninja\n|-supereffective|p1a: Greninja\n|-damage|p1a: Greninja|0 fnt\n|faint|p1a: Greninja\n|\n|win|the realandrash\n|raw|20 Million GXE's rating: 2305 &rarr; <strong>2283</strong><br />(-22 for losing)\n|raw|the realandrash's rating: 2278 &rarr; <strong>2300</strong><br />(+22 for winning)\n|l|\u260620 Million GXE\n|player|p1|\n|c|\u2606the realandrash|gg\n", "inputlog": ">version fb38517c27254f3634e2780c496b6b56e66c1790\n>start {\"formatid\":\"gen9randombattle\",\"seed\":[38495,31978,38219,19105],\"rated\":\"Rated battle\"}\n>player p1 {\"name\":\"20 Million GXE\",\"avatar\":\"turo-ai\",\"rating\":2305,\"seed\":[41802,32510,17202,14177]}\n>player p2 {\"name\":\"the realandrash\",\"avatar\":\"170\",\"rating\":2278,\"seed\":[46215,24406,40244,55813]}\n>p1 switch 3\n>p2 move nastyplot\n>p1 switch 6\n>p2 move focusblast\n>p1 move lightscreen\n>p2 move bleakwindstorm\n>p1 move yawn\n>p2 move bleakwindstorm\n>p1 move reflect\n>p2 switch 5\n>p1 switch 3\n>p2 move knockoff\n>p1 move psyblade\n>p2 switch 5\n>p1 switch 3\n>p2 move bleakwindstorm\n>p1 move psychicnoise\n>p2 move bleakwindstorm\n>p1 move psychicnoise\n>p2 move bleakwindstorm\n>p2 switch 4\n>p1 move yawn\n>p2 move diamondstorm\n>p1 switch 6\n>p1 move shellsmash\n>p2 switch 3\n>p1 switch 3\n>p2 move dragondance\n>p1 move leafblade\n>p2 switch 6\n>p1 switch 3\n>p2 move dragondance\n>p1 move shellsmash terastallize\n>p2 move dragondance\n>p1 move powergem\n>p2 move outrage\n>p1 switch 4\n>p1 move rest\n>p2 move outrage\n>p1 move terastarstorm\n>p2 move outrage\n>p1 move terastarstorm\n>p2 move roost\n>p2 switch 3\n>p1 move calmmind\n>p2 move rockpolish\n>p1 move earthpower\n>p2 move diamondstorm terastallize\n>p1 move rest\n>p2 move diamondstorm\n>p1 switch 3\n>p1 move psyblade\n>p2 move diamondstorm\n>p1 move psyblade\n>p2 move bodypress\n>p1 switch 2\n>p1 move sacredfire\n>p2 move bodypress\n>p1 switch 5\n>p1 move hydropump\n>p2 move bodypress", "uploadtime": 1725247473, "views": 101, "formatid": "gen9randombattle", "rating": 2283, "private": 0, "password": null}