{"id": "gen9randombattle-2260663731", "format": "[Gen 9] Random Battle", "players": ["juniprbr", "dragonhunter4567"], "log": "|j|\u2606juniprbr\n|j|\u2606dragonhunter4567\n|t:|1733875507\n|gametype|singles\n|player|p1|juniprbr|101|1060\n|player|p2|dragonhunter4567|1|1073\n|teamsize|p1|6\n|teamsize|p2|6\n|gen|9\n|tier|[Gen 9] Random Battle\n|rated|\n|rule|Species Clause: Limit one of each Pok\u00e9mon\n|rule|HP Percentage Mod: HP is shown in percentages\n|rule|Sleep Clause Mod: Limit one foe put to sleep\n|rule|Illusion Level Mod: Illusion disguises the Pok\u00e9mon's true level\n|\n|t:|1733875507\n|start\n|switch|p1a: Gyarados|Gyarados, L79, M|280/280\n|switch|p2a: Hawlucha|Hawlucha, L80, M|256/256\n|-ability|p1a: Gyarados|Intimidate|boost\n|-unboost|p2a: Hawlucha|atk|1\n|-enditem|p2a: Hawlucha|White Herb\n|-clearnegativeboost|p2a: Hawlucha|[silent]\n|turn|1\n|inactive|Battle timer is ON: inactive players will automatically lose when time's up. (requested by juniprbr)\n|\n|t:|1733875531\n|move|p2a: Hawlucha|Swords Dance|p2a: Hawlucha\n|-boost|p2a: Hawlucha|atk|2\n|move|p1a: Gyarados|Dragon Dance|p1a: Gyarados\n|-boost|p1a: Gyarados|atk|1\n|-boost|p1a: Gyarados|spe|1\n|\n|upkeep\n|turn|2\n|\n|t:|1733875538\n|move|p2a: Hawlucha|Brave Bird|p1a: Gyarados\n|-damage|p1a: Gyarados|0 fnt\n|faint|p1a: Gyarados\n|-damage|p2a: Hawlucha|164/256|[from] Recoil\n|\n|upkeep\n|\n|t:|1733875542\n|switch|p1a: Mewtwo|Mewtwo, L72|272/272\n|-ability|p1a: Mewtwo|Unnerve\n|turn|3\n|\n|t:|1733875547\n|move|p2a: Hawlucha|Throat Chop|p1a: Mewtwo\n|-supereffective|p1a: Mewtwo\n|-damage|p1a: Mewtwo|60/272\n|-start|p1a: Mewtwo|Throat Chop|[silent]\n|move|p1a: Mewtwo|Psystrike|p2a: Hawlucha\n|-supereffective|p2a: Hawlucha\n|-damage|p2a: Hawlucha|0 fnt\n|faint|p2a: Hawlucha\n|\n|upkeep\n|\n|t:|1733875552\n|switch|p2a: Greninja|Greninja, L80, M|246/246\n|turn|4\n|\n|t:|1733875564\n|switch|p1a: Blissey|Blissey, L84, F|566/566\n|move|p2a: Greninja|Dark Pulse|p1a: Blissey\n|-start|p2a: Greninja|typechange|Dark|[from] ability: Protean\n|-damage|p1a: Blissey|483/566\n|-damage|p2a: Greninja|222/246|[from] item: Life Orb\n|\n|-heal|p1a: Blissey|518/566|[from] item: Leftovers\n|upkeep\n|turn|5\n|\n|t:|1733875575\n|move|p2a: Greninja|Gunk Shot|p1a: Blissey\n|-damage|p1a: Blissey|203/566\n|-damage|p2a: Greninja|198/246|[from] item: Life Orb\n|move|p1a: Blissey|Seismic Toss|p2a: Greninja\n|-damage|p2a: Greninja|114/246\n|\n|-heal|p1a: Blissey|238/566|[from] item: Leftovers\n|upkeep\n|turn|6\n|\n|t:|1733875583\n|move|p2a: Greninja|Hydro Pump|p1a: Blissey|[miss]\n|-miss|p2a: Greninja|p1a: Blissey\n|move|p1a: Blissey|Heal Bell||[still]\n|-activate|p1a: Blissey|move: Heal Bell\n|-fail|p1a: Blissey\n|\n|-heal|p1a: Blissey|273/566|[from] item: Leftovers\n|upkeep\n|turn|7\n|\n|t:|1733875591\n|move|p2a: Greninja|Gunk Shot|p1a: Blissey|[miss]\n|-miss|p2a: Greninja|p1a: Blissey\n|move|p1a: Blissey|Soft-Boiled|p1a: Blissey\n|-heal|p1a: Blissey|556/566\n|\n|-heal|p1a: Blissey|566/566|[from] item: Leftovers\n|upkeep\n|turn|8\n|\n|t:|1733875597\n|-terastallize|p2a: Greninja|Poison\n|move|p2a: Greninja|Gunk Shot|p1a: Blissey\n|-damage|p1a: Blissey|144/566\n|-damage|p2a: Greninja|90/246|[from] item: Life Orb\n|move|p1a: Blissey|Seismic Toss|p2a: Greninja\n|-damage|p2a: Greninja|6/246\n|\n|-heal|p1a: Blissey|179/566|[from] item: Leftovers\n|upkeep\n|turn|9\n|\n|t:|1733875609\n|move|p2a: Greninja|Gunk Shot|p1a: Blissey\n|-damage|p1a: Blissey|0 fnt\n|faint|p1a: Blissey\n|-damage|p2a: Greninja|0 fnt|[from] item: Life Orb\n|faint|p2a: Greninja\n|\n|upkeep\n|\n|t:|1733875614\n|switch|p2a: Banette|Banette, L93, F|270/270\n|switch|p1a: Mewtwo|Mewtwo, L72|60/272\n|-ability|p1a: Mewtwo|Unnerve\n|-item|p1a: Mewtwo|Choice Specs|[from] ability: Frisk|[of] p2a: Banette\n|turn|10\n|\n|t:|1733875632\n|move|p2a: Banette|Shadow Sneak|p1a: Mewtwo\n|-supereffective|p1a: Mewtwo\n|-crit|p1a: Mewtwo\n|-damage|p1a: Mewtwo|0 fnt\n|faint|p1a: Mewtwo\n|-damage|p2a: Banette|243/270|[from] item: Life Orb\n|\n|upkeep\n|\n|t:|1733875647\n|switch|p1a: Darkrai|Darkrai, L77|234/234\n|turn|11\n|-message|juniprbr forfeited by changing their name.\n|l| juniprbr\n|\n|win|dragonhunter4567\n|raw|juniprbr's rating: 1042 &rarr; <strong>1027</strong><br />(-15 for losing)\n|raw|dragonhunter4567's rating: 1073 &rarr; <strong>1099</strong><br />(+26 for winning)\n", "inputlog": ">version bfd83cad13791eb5a5a409923076391caf6fb4d4\n>start {\"formatid\":\"gen9randombattle\",\"seed\":[54874,62889,32788,52185],\"rated\":\"Rated battle\"}\n>player p1 {\"name\":\"juniprbr\",\"avatar\":\"101\",\"rating\":1060,\"seed\":[34982,48436,55449,52594]}\n>player p2 {\"name\":\"dragonhunter4567\",\"avatar\":\"1\",\"rating\":1073,\"seed\":[43834,36375,30639,43781]}\n>p1 move dragondance\n>p2 move swordsdance\n>p1 move dragondance\n>p2 move bravebird\n>p1 switch 5\n>p1 move psystrike\n>p2 move throatchop\n>p2 switch 3\n>p1 switch 6\n>p2 move darkpulse\n>p1 move seismictoss\n>p2 move gunkshot\n>p1 move healbell\n>p2 move hydropump\n>p1 move softboiled\n>p2 move gunkshot\n>p1 move seismictoss\n>p2 move gunkshot terastallize\n>p1 move softboiled\n>p2 move gunkshot\n>p1 switch 6\n>p2 switch 6\n>p1 move darkpulse\n>p2 move shadowsneak\n>p1 switch 2\n>forcelose p1", "uploadtime": 1733875660, "views": 1, "formatid": "gen9randombattle", "rating": 1027, "private": 0, "password": null}