{"id": "gen9randombattle-2260264779", "format": "[Gen 9] Random Battle", "players": ["Kingempy", "AegisR3flector"], "log": "|j|\u2606Kingempy\n|j|\u2606AegisR3flector\n|t:|1733832125\n|gametype|singles\n|player|p1|Kingempy|2|1629\n|player|p2|AegisR3flector|calem-masters|1666\n|teamsize|p1|6\n|teamsize|p2|6\n|gen|9\n|tier|[Gen 9] Random Battle\n|rated|\n|rule|Species Clause: Limit one of each Pok\u00e9mon\n|rule|HP Percentage Mod: HP is shown in percentages\n|rule|Sleep Clause Mod: Limit one foe put to sleep\n|rule|Illusion Level Mod: Illusion disguises the Pok\u00e9mon's true level\n|\n|t:|1733832125\n|start\n|switch|p1a: Hydreigon|Hydreigon, L79, M|275/275\n|switch|p2a: Metagross|Metagross, L79|256/256\n|turn|1\n|inactive|Battle timer is ON: inactive players will automatically lose when time's up. (requested by AegisR3flector)\n|\n|t:|1733832150\n|switch|p2a: Raging Bolt|Raging Bolt, L78|323/323\n|move|p1a: Hydreigon|Nasty Plot|p1a: Hydreigon\n|-boost|p1a: Hydreigon|spa|2\n|\n|upkeep\n|turn|2\n|inactive|Kingempy has 120 seconds left.\n|\n|t:|1733832185\n|-end|p2a: Raging Bolt|Protosynthesis|[silent]\n|switch|p2a: Metagross|Metagross, L79|256/256\n|move|p1a: Hydreigon|Draco Meteor|p2a: Metagross\n|-resisted|p2a: Metagross\n|-damage|p2a: Metagross|55/256\n|-unboost|p1a: Hydreigon|spa|2\n|-damage|p1a: Hydreigon|248/275|[from] item: Life Orb\n|\n|upkeep\n|turn|3\n|\n|t:|1733832192\n|move|p2a: Metagross|Bullet Punch|p1a: Hydreigon\n|-damage|p1a: Hydreigon|176/275\n|move|p1a: Hydreigon|Dark Pulse|p2a: Metagross\n|-supereffective|p2a: Metagross\n|-damage|p2a: Metagross|0 fnt\n|faint|p2a: Metagross\n|-damage|p1a: Hydreigon|149/275|[from] item: Life Orb\n|\n|upkeep\n|\n|t:|1733832197\n|switch|p2a: Lucario|Lucario, L84, M|255/255\n|turn|4\n|\n|t:|1733832204\n|switch|p1a: Torkoal|Torkoal, L88, M|266/266\n|-weather|SunnyDay|[from] ability: Drought|[of] p1a: Torkoal\n|move|p2a: Lucario|Nasty Plot|p2a: Lucario\n|-boost|p2a: Lucario|spa|2\n|\n|-weather|SunnyDay|[upkeep]\n|upkeep\n|turn|5\n|\n|t:|1733832208\n|move|p2a: Lucario|Focus Blast|p1a: Torkoal\n|-damage|p1a: Torkoal|0 fnt\n|faint|p1a: Torkoal\n|-damage|p2a: Lucario|230/255|[from] item: Life Orb\n|\n|-weather|SunnyDay|[upkeep]\n|upkeep\n|\n|t:|1733832218\n|switch|p1a: Flapple|Flapple, L88, M|266/266\n|turn|6\n|\n|t:|1733832224\n|-terastallize|p1a: Flapple|Fire\n|move|p2a: Lucario|Focus Blast|p1a: Flapple\n|-damage|p1a: Flapple|0 fnt\n|faint|p1a: Flapple\n|-damage|p2a: Lucario|205/255|[from] item: Life Orb\n|\n|-weather|SunnyDay|[upkeep]\n|upkeep\n|\n|t:|1733832235\n|switch|p1a: Hydreigon|Hydreigon, L79, M|149/275\n|turn|7\n|\n|t:|1733832237\n|move|p2a: Lucario|Vacuum Wave|p1a: Hydreigon\n|-supereffective|p1a: Hydreigon\n|-damage|p1a: Hydreigon|0 fnt\n|faint|p1a: Hydreigon\n|-damage|p2a: Lucario|180/255|[from] item: Life Orb\n|\n|-weather|SunnyDay|[upkeep]\n|upkeep\n|\n|t:|1733832240\n|switch|p1a: Jolteon|Jolteon, L84, F|246/246\n|turn|8\n|\n|t:|1733832248\n|move|p1a: Jolteon|Thunderbolt|p2a: Lucario\n|-damage|p2a: Lucario|5/255\n|-damage|p1a: Jolteon|222/246|[from] item: Life Orb\n|move|p2a: Lucario|Flash Cannon|p1a: Jolteon\n|-resisted|p1a: Jolteon\n|-damage|p1a: Jolteon|113/246\n|-damage|p2a: Lucario|0 fnt|[from] item: Life Orb\n|faint|p2a: Lucario\n|\n|-weather|none\n|upkeep\n|\n|t:|1733832258\n|switch|p2a: Rayquaza|Rayquaza, L72|270/270\n|-ability|p2a: Rayquaza|Air Lock\n|turn|9\n|\n|t:|1733832262\n|move|p1a: Jolteon|Thunderbolt|p2a: Rayquaza\n|-damage|p2a: Rayquaza|122/270\n|-damage|p1a: Jolteon|89/246|[from] item: Life Orb\n|move|p2a: Rayquaza|Scale Shot|p1a: Jolteon\n|-damage|p1a: Jolteon|49/246\n|-damage|p1a: Jolteon|12/246\n|-damage|p1a: Jolteon|0 fnt\n|faint|p1a: Jolteon\n|-hitcount|p1: Jolteon|3\n|-unboost|p2a: Rayquaza|def|1\n|-boost|p2a: Rayquaza|spe|1\n|\n|upkeep\n|\n|t:|1733832268\n|switch|p1a: Copperajah|Copperajah, L86, M|350/350\n|turn|10\n|\n|t:|1733832272\n|move|p2a: Rayquaza|Earthquake|p1a: Copperajah\n|-supereffective|p1a: Copperajah\n|-damage|p1a: Copperajah|178/350\n|move|p1a: Copperajah|Heavy Slam|p2a: Rayquaza\n|-crit|p2a: Rayquaza\n|-damage|p2a: Rayquaza|0 fnt\n|faint|p2a: Rayquaza\n|\n|upkeep\n|\n|t:|1733832276\n|switch|p2a: Raging Bolt|Raging Bolt, L78|323/323\n|turn|11\n|\n|t:|1733832283\n|move|p2a: Raging Bolt|Thunderbolt|p1a: Copperajah\n|-damage|p1a: Copperajah|51/350\n|move|p1a: Copperajah|Heavy Slam|p2a: Raging Bolt\n|-resisted|p2a: Raging Bolt\n|-damage|p2a: Raging Bolt|259/323\n|\n|upkeep\n|turn|12\n|\n|t:|1733832289\n|move|p2a: Raging Bolt|Volt Switch|p1a: Copperajah\n|-damage|p1a: Copperajah|0 fnt\n|faint|p1a: Copperajah\n|\n|t:|1733832295\n|-end|p2a: Raging Bolt|Protosynthesis|[silent]\n|switch|p2a: Regigigas|Regigigas, L84|322/322|[from] Volt Switch\n|-start|p2a: Regigigas|ability: Slow Start\n|\n|upkeep\n|\n|t:|1733832301\n|switch|p1a: Spidops|Spidops, L96, F|271/271\n|turn|13\n|\n|t:|1733832306\n|move|p1a: Spidops|Sticky Web|p2a: Regigigas\n|-sidestart|p2: AegisR3flector|move: Sticky Web\n|move|p2a: Regigigas|Body Slam|p1a: Spidops\n|-damage|p1a: Spidops|219/271\n|\n|upkeep\n|turn|14\n|\n|t:|1733832312\n|move|p1a: Spidops|Spikes|p2a: Regigigas\n|-sidestart|p2: AegisR3flector|Spikes\n|move|p2a: Regigigas|Substitute|p2a: Regigigas\n|-start|p2a: Regigigas|Substitute\n|-damage|p2a: Regigigas|242/322\n|\n|-heal|p2a: Regigigas|262/322|[from] item: Leftovers\n|upkeep\n|turn|15\n|\n|t:|1733832315\n|move|p1a: Spidops|Knock Off|p2a: Regigigas\n|-activate|p2a: Regigigas|move: Substitute|[damage]\n|move|p2a: Regigigas|Body Slam|p1a: Spidops\n|-damage|p1a: Spidops|159/271\n|\n|-heal|p2a: Regigigas|282/322|[from] item: Leftovers\n|upkeep\n|turn|16\n|-message|Kingempy forfeited.\n|\n|win|AegisR3flector\n|raw|Kingempy's rating: 1629 &rarr; <strong>1611</strong><br />(-18 for losing)\n|raw|AegisR3flector's rating: 1666 &rarr; <strong>1684</strong><br />(+18 for winning)\n|l|\u2606Kingempy\n|player|p1|\n", "inputlog": ">version bfd83cad13791eb5a5a409923076391caf6fb4d4\n>start {\"formatid\":\"gen9randombattle\",\"seed\":[24855,15052,2164,47775],\"rated\":\"Rated battle\"}\n>player p1 {\"name\":\"Kingempy\",\"avatar\":\"2\",\"rating\":1629,\"seed\":[32444,54246,17750,12060]}\n>player p2 {\"name\":\"AegisR3flector\",\"avatar\":\"calem-masters\",\"rating\":1666,\"seed\":[30274,20209,27647,20816]}\n>p1 move nastyplot\n>p2 switch 3\n>p1 move dracometeor\n>p2 switch 3\n>p1 move darkpulse\n>p2 move bulletpunch\n>p2 switch 4\n>p1 switch 3\n>p2 move nastyplot\n>p1 move lavaplume\n>p2 move focusblast\n>p1 switch 2\n>p1 move dragondance terastallize\n>p2 move focusblast\n>p1 switch 3\n>p1 move dracometeor\n>p2 move vacuumwave\n>p1 switch 6\n>p1 move thunderbolt\n>p2 move flashcannon\n>p2 switch 5\n>p1 move thunderbolt\n>p2 move scaleshot\n>p1 switch 5\n>p1 move heavyslam\n>p2 move earthquake\n>p2 switch 3\n>p1 move heavyslam\n>p2 move thunderbolt\n>p1 move heavyslam\n>p2 move voltswitch\n>p2 switch 2\n>p1 switch 4\n>p1 move stickyweb\n>p2 move bodyslam\n>p1 move spikes\n>p2 move substitute\n>p1 move knockoff\n>p2 move bodyslam\n>forcelose p1", "uploadtime": 1733832323, "views": 2, "formatid": "gen9randombattle", "rating": 1611, "private": 0, "password": null}