{"id": "gen9randombattle-2259960649", "format": "[Gen 9] Random Battle", "players": ["Champion's Melody", "GOOMYTHEONE"], "log": "|j|\u2606Champion's Melody\n|j|\u2606GOOMYTHEONE\n|t:|1733784584\n|gametype|singles\n|player|p1|Champion's Melody|gambler|1067\n|player|p2|GOOMYTHEONE|koga|1027\n|teamsize|p1|6\n|teamsize|p2|6\n|gen|9\n|tier|[Gen 9] Random Battle\n|rated|\n|rule|Species Clause: Limit one of each Pok\u00e9mon\n|rule|HP Percentage Mod: HP is shown in percentages\n|rule|Sleep Clause Mod: Limit one foe put to sleep\n|rule|Illusion Level Mod: Illusion disguises the Pok\u00e9mon's true level\n|\n|t:|1733784584\n|start\n|switch|p1a: Diancie|Diancie, L82|216/216\n|switch|p2a: Uxie|Uxie, L83|260/260\n|turn|1\n|inactive|Battle timer is ON: inactive players will automatically lose when time's up. (requested by Champion's Melody)\n|\n|t:|1733784595\n|move|p2a: Uxie|U-turn|p1a: Diancie\n|-resisted|p1a: Diancie\n|-damage|p1a: Diancie|204/216\n|\n|t:|1733784601\n|switch|p2a: Cloyster|Cloyster, L80, F|211/211|[from] U-turn\n|move|p1a: Diancie|Diamond Storm|p2a: Cloyster\n|-supereffective|p2a: Cloyster\n|-damage|p2a: Cloyster|97/211\n|\n|-heal|p1a: Diancie|216/216|[from] item: Leftovers\n|upkeep\n|turn|2\n|\n|t:|1733784609\n|move|p2a: Cloyster|Shell Smash|p2a: Cloyster\n|-unboost|p2a: Cloyster|def|1\n|-unboost|p2a: Cloyster|spd|1\n|-boost|p2a: Cloyster|atk|2\n|-boost|p2a: Cloyster|spa|2\n|-boost|p2a: Cloyster|spe|2\n|-enditem|p2a: Cloyster|White Herb\n|-clearnegativeboost|p2a: Cloyster|[silent]\n|move|p1a: Diancie|Diamond Storm|p2a: Cloyster\n|-supereffective|p2a: Cloyster\n|-damage|p2a: Cloyster|0 fnt\n|faint|p2a: Cloyster\n|\n|upkeep\n|\n|t:|1733784623\n|switch|p2a: Swampert|Swampert, L83, M|302/302\n|turn|3\n|\n|t:|1733784634\n|switch|p1a: Ludicolo|Ludicolo, L90, M|290/290\n|move|p2a: Swampert|Ice Beam|p1a: Ludicolo\n|-damage|p1a: Ludicolo|239/290\n|-status|p1a: Ludicolo|frz\n|\n|upkeep\n|turn|4\n|\n|t:|1733784644\n|cant|p1a: Ludicolo|frz\n|move|p2a: Swampert|Knock Off|p1a: Ludicolo\n|-damage|p1a: Ludicolo|155/290 frz\n|-enditem|p1a: Ludicolo|Choice Specs|[from] move: Knock Off|[of] p2a: Swampert\n|\n|upkeep\n|turn|5\n|\n|t:|1733784650\n|cant|p1a: Ludicolo|frz\n|move|p2a: Swampert|Earthquake|p1a: Ludicolo\n|-resisted|p1a: Ludicolo\n|-damage|p1a: Ludicolo|95/290 frz\n|\n|upkeep\n|turn|6\n|\n|t:|1733784658\n|-curestatus|p1a: Ludicolo|frz|[msg]\n|move|p1a: Ludicolo|Giga Drain|p2a: Swampert\n|-supereffective|p2a: Swampert\n|-damage|p2a: Swampert|0 fnt\n|-heal|p1a: Ludicolo|246/290|[from] drain|[of] p2a: Swampert\n|faint|p2a: Swampert\n|\n|upkeep\n|\n|t:|1733784666\n|switch|p2a: Uxie|Uxie, L83|260/260\n|turn|7\n|\n|t:|1733784671\n|move|p2a: Uxie|U-turn|p1a: Ludicolo\n|-supereffective|p1a: Ludicolo\n|-crit|p1a: Ludicolo\n|-damage|p1a: Ludicolo|108/290\n|\n|t:|1733784675\n|switch|p2a: Spectrier|Spectrier, L75|274/274|[from] U-turn\n|move|p1a: Ludicolo|Leaf Storm|p2a: Spectrier\n|-damage|p2a: Spectrier|96/274\n|-unboost|p1a: Ludicolo|spa|2\n|\n|-heal|p2a: Spectrier|113/274|[from] item: Leftovers\n|upkeep\n|turn|8\n|\n|t:|1733784696\n|move|p2a: Spectrier|Shadow Ball|p1a: Ludicolo\n|-damage|p1a: Ludicolo|23/290\n|move|p1a: Ludicolo|Leaf Storm|p2a: Spectrier\n|-damage|p2a: Spectrier|20/274\n|-unboost|p1a: Ludicolo|spa|2\n|\n|-heal|p2a: Spectrier|37/274|[from] item: Leftovers\n|upkeep\n|turn|9\n|\n|t:|1733784707\n|move|p2a: Spectrier|Shadow Ball|p1a: Ludicolo\n|-damage|p1a: Ludicolo|0 fnt\n|faint|p1a: Ludicolo\n|-ability|p2a: Spectrier|Grim Neigh|boost\n|-boost|p2a: Spectrier|spa|1\n|\n|-heal|p2a: Spectrier|54/274|[from] item: Leftovers\n|upkeep\n|\n|t:|1733784714\n|switch|p1a: Darkrai|Darkrai, L77|234/234\n|turn|10\n|\n|t:|1733784721\n|move|p2a: Spectrier|Shadow Ball|p1a: Darkrai\n|-resisted|p1a: Darkrai\n|-damage|p1a: Darkrai|151/234\n|move|p1a: Darkrai|Substitute|p1a: Darkrai\n|-start|p1a: Darkrai|Substitute\n|-damage|p1a: Darkrai|93/234\n|\n|-heal|p2a: Spectrier|71/274|[from] item: Leftovers\n|-heal|p1a: Darkrai|107/234|[from] item: Leftovers\n|upkeep\n|turn|11\n|\n|t:|1733784739\n|move|p2a: Spectrier|Shadow Ball|p1a: Darkrai\n|-resisted|p1a: Darkrai\n|-end|p1a: Darkrai|Substitute\n|move|p1a: Darkrai|Dark Pulse|p2a: Spectrier\n|-supereffective|p2a: Spectrier\n|-damage|p2a: Spectrier|0 fnt\n|faint|p2a: Spectrier\n|\n|-heal|p1a: Darkrai|121/234|[from] item: Leftovers\n|upkeep\n|\n|t:|1733784751\n|switch|p2a: Garganacl|Garganacl, L80, M|291/291\n|turn|12\n|\n|t:|1733784766\n|move|p1a: Darkrai|Substitute|p1a: Darkrai\n|-start|p1a: Darkrai|Substitute\n|-damage|p1a: Darkrai|63/234\n|move|p2a: Garganacl|Salt Cure|p1a: Darkrai\n|-activate|p1a: Darkrai|move: Substitute|[damage]\n|\n|-heal|p1a: Darkrai|77/234|[from] item: Leftovers\n|upkeep\n|turn|13\n|\n|t:|1733784774\n|move|p1a: Darkrai|Nasty Plot|p1a: Darkrai\n|-boost|p1a: Darkrai|spa|2\n|move|p2a: Garganacl|Salt Cure|p1a: Darkrai\n|-end|p1a: Darkrai|Substitute\n|\n|-heal|p1a: Darkrai|91/234|[from] item: Leftovers\n|upkeep\n|turn|14\n|\n|t:|1733784782\n|move|p1a: Darkrai|Substitute|p1a: Darkrai\n|-start|p1a: Darkrai|Substitute\n|-damage|p1a: Darkrai|33/234\n|move|p2a: Garganacl|Salt Cure|p1a: Darkrai\n|-activate|p1a: Darkrai|move: Substitute|[damage]\n|\n|-heal|p1a: Darkrai|47/234|[from] item: Leftovers\n|upkeep\n|turn|15\n|\n|t:|1733784789\n|move|p1a: Darkrai|Nasty Plot|p1a: Darkrai\n|-boost|p1a: Darkrai|spa|2\n|move|p2a: Garganacl|Salt Cure|p1a: Darkrai\n|-end|p1a: Darkrai|Substitute\n|\n|-heal|p1a: Darkrai|61/234|[from] item: Leftovers\n|upkeep\n|turn|16\n|\n|t:|1733784797\n|move|p1a: Darkrai|Substitute|p1a: Darkrai\n|-start|p1a: Darkrai|Substitute\n|-damage|p1a: Darkrai|3/234\n|move|p2a: Garganacl|Salt Cure|p1a: Darkrai\n|-activate|p1a: Darkrai|move: Substitute|[damage]\n|\n|-heal|p1a: Darkrai|17/234|[from] item: Leftovers\n|upkeep\n|turn|17\n|\n|t:|1733784804\n|move|p1a: Darkrai|Dark Pulse|p2a: Garganacl\n|-damage|p2a: Garganacl|21/291\n|move|p2a: Garganacl|Salt Cure|p1a: Darkrai\n|-end|p1a: Darkrai|Substitute\n|\n|-heal|p1a: Darkrai|31/234|[from] item: Leftovers\n|-heal|p2a: Garganacl|39/291|[from] item: Leftovers\n|upkeep\n|turn|18\n|\n|t:|1733784822\n|switch|p2a: Uxie|Uxie, L83|260/260\n|move|p1a: Darkrai|Dark Pulse|p2a: Uxie\n|-supereffective|p2a: Uxie\n|-crit|p2a: Uxie\n|-damage|p2a: Uxie|0 fnt\n|faint|p2a: Uxie\n|\n|-heal|p1a: Darkrai|45/234|[from] item: Leftovers\n|upkeep\n|\n|t:|1733784832\n|switch|p2a: Garganacl|Garganacl, L80, M|39/291\n|turn|19\n|\n|t:|1733784836\n|move|p1a: Darkrai|Dark Pulse|p2a: Garganacl\n|-crit|p2a: Garganacl\n|-damage|p2a: Garganacl|0 fnt\n|faint|p2a: Garganacl\n|\n|-heal|p1a: Darkrai|59/234|[from] item: Leftovers\n|upkeep\n|\n|t:|1733784842\n|switch|p2a: Zacian|Zacian, L69|241/241\n|-ability|p2a: Zacian|Intrepid Sword|boost\n|-boost|p2a: Zacian|atk|1\n|turn|20\n|\n|t:|1733784855\n|-terastallize|p1a: Darkrai|Poison\n|-terastallize|p2a: Zacian|Fighting\n|move|p1a: Darkrai|Substitute|p1a: Darkrai\n|-start|p1a: Darkrai|Substitute\n|-damage|p1a: Darkrai|1/234\n|move|p2a: Zacian|Wild Charge|p1a: Darkrai\n|-end|p1a: Darkrai|Substitute\n|-damage|p2a: Zacian|226/241|[from] Recoil|[of] p1a: Darkrai\n|\n|-heal|p1a: Darkrai|15/234|[from] item: Leftovers\n|upkeep\n|turn|21\n|\n|t:|1733784872\n|move|p1a: Darkrai|Dark Pulse|p2a: Zacian\n|-resisted|p2a: Zacian\n|-damage|p2a: Zacian|82/241\n|cant|p2a: Zacian|flinch\n|\n|-heal|p1a: Darkrai|29/234|[from] item: Leftovers\n|upkeep\n|turn|22\n|\n|t:|1733784878\n|move|p1a: Darkrai|Dark Pulse|p2a: Zacian\n|-resisted|p2a: Zacian\n|-damage|p2a: Zacian|0 fnt\n|faint|p2a: Zacian\n|\n|win|Champion's Melody\n|raw|Champion&apos;s Melody's rating: 1067 &rarr; <strong>1094</strong><br />(+27 for winning)\n|raw|GOOMYTHEONE's rating: 1027 &rarr; <strong>1015</strong><br />(-12 for losing)\n|c|\u2606Champion's Melody|gg\n|l|\u2606GOOMYTHEONE\n|player|p2|\n", "inputlog": ">version bfd83cad13791eb5a5a409923076391caf6fb4d4\n>start {\"formatid\":\"gen9randombattle\",\"seed\":[33820,17865,5863,33814],\"rated\":\"Rated battle\"}\n>player p1 {\"name\":\"Champion's Melody\",\"avatar\":\"gambler\",\"rating\":1067,\"seed\":[23530,31968,47445,50730]}\n>player p2 {\"name\":\"GOOMYTHEONE\",\"avatar\":\"koga\",\"rating\":1027,\"seed\":[44590,53959,56021,10969]}\n>p1 move diamondstorm\n>p2 move uturn\n>p2 switch 6\n>p1 move diamondstorm\n>p2 move shellsmash\n>p2 switch 4\n>p1 switch 2\n>p2 move icebeam\n>p1 move gigadrain\n>p2 move knockoff\n>p1 move gigadrain\n>p2 move earthquake\n>p1 move gigadrain\n>p2 move icebeam\n>p2 switch 6\n>p1 move leafstorm\n>p2 move uturn\n>p2 switch 3\n>p1 move leafstorm\n>p2 move shadowball\n>p1 move gigadrain\n>p2 move shadowball\n>p1 switch 6\n>p1 move substitute\n>p2 move shadowball\n>p1 move darkpulse\n>p2 move shadowball\n>p2 switch 2\n>p1 move substitute\n>p2 move saltcure\n>p1 move nastyplot\n>p2 move saltcure\n>p1 move substitute\n>p2 move saltcure\n>p1 move nastyplot\n>p2 move saltcure\n>p1 move substitute\n>p2 move saltcure\n>p1 move darkpulse\n>p2 move saltcure\n>p1 move darkpulse\n>p2 switch 3\n>p2 switch 3\n>p1 move darkpulse\n>p2 move recover\n>p2 switch 5\n>p1 move substitute terastallize\n>p2 move wildcharge terastallize\n>p1 move darkpulse\n>p2 move wildcharge\n>p1 move darkpulse\n>p2 move wildcharge", "uploadtime": 1733784886, "views": 1, "formatid": "gen9randombattle", "rating": 1015, "private": 0, "password": null}