{"id": "gen9randombattle-2260512798", "format": "[Gen 9] Random Battle", "players": ["jbeasy715", "EllieCrabs"], "log": "|j|\u2606jbeasy715\n|j|\u2606EllieCrabs\n|t:|1733858824\n|gametype|singles\n|player|p1|jbeasy715|101|1811\n|player|p2|EllieCrabs|pokemonbreederf-gen4|1771\n|teamsize|p1|6\n|teamsize|p2|6\n|gen|9\n|tier|[Gen 9] Random Battle\n|rated|\n|rule|Species Clause: Limit one of each Pok\u00e9mon\n|rule|HP Percentage Mod: HP is shown in percentages\n|rule|Sleep Clause Mod: Limit one foe put to sleep\n|rule|Illusion Level Mod: Illusion disguises the Pok\u00e9mon's true level\n|\n|t:|1733858824\n|start\n|switch|p1a: Garchomp|Garchomp, L74, F|282/282\n|switch|p2a: Swampert|Swampert, L83, F|302/302\n|turn|1\n|inactive|Battle timer is ON: inactive players will automatically lose when time's up. (requested by EllieCrabs)\n|\n|t:|1733858848\n|switch|p1a: Virizion|Virizion, L82|283/283\n|move|p2a: Swampert|Stealth Rock|p1a: Virizion\n|-sidestart|p1: jbeasy715|move: Stealth Rock\n|\n|upkeep\n|turn|2\n|\n|t:|1733858852\n|switch|p2a: Squawkabilly|Squawkabilly-White, L89, M|291/291\n|move|p1a: Virizion|Leaf Blade|p2a: Squawkabilly\n|-resisted|p2a: Squawkabilly\n|-damage|p2a: Squawkabilly|214/291\n|-damage|p1a: Virizion|255/283|[from] item: Life Orb\n|\n|upkeep\n|turn|3\n|\n|t:|1733858865\n|move|p1a: Virizion|Stone Edge|p2a: Squawkabilly\n|-supereffective|p2a: Squawkabilly\n|-damage|p2a: Squawkabilly|0 fnt\n|faint|p2a: Squawkabilly\n|-damage|p1a: Virizion|227/283|[from] item: Life Orb\n|\n|upkeep\n|\n|t:|1733858871\n|switch|p2a: Weavile|Weavile, L79, M|240/240\n|turn|4\n|\n|t:|1733858881\n|move|p2a: Weavile|Triple Axel|p1a: Virizion\n|-supereffective|p1a: Virizion\n|-damage|p1a: Virizion|177/283\n|-supereffective|p1a: Virizion\n|-damage|p1a: Virizion|79/283\n|-supereffective|p1a: Virizion\n|-damage|p1a: Virizion|0 fnt\n|faint|p1a: Virizion\n|-hitcount|p1: Virizion|3\n|\n|upkeep\n|\n|t:|1733858888\n|switch|p1a: Cramorant|Cramorant, L86, F|261/261\n|turn|5\n|\n|t:|1733858902\n|move|p2a: Weavile|Swords Dance|p2a: Weavile\n|-boost|p2a: Weavile|atk|2\n|move|p1a: Cramorant|Surf|p2a: Weavile\n|-formechange|p1a: Cramorant|Cramorant-Gulping|\n|-damage|p2a: Weavile|147/240\n|\n|upkeep\n|turn|6\n|\n|t:|1733858915\n|move|p2a: Weavile|Knock Off|p1a: Cramorant\n|-damage|p1a: Cramorant|0 fnt\n|-damage|p2a: Weavile|87/240|[from] ability: Gulp Missile|[of] p1a: Cramorant\n|-unboost|p2a: Weavile|def|1\n|-formechange|p1a: Cramorant|Cramorant|\n|-enditem|p1a: Cramorant|Heavy-Duty Boots|[from] move: Knock Off|[of] p2a: Weavile\n|faint|p1a: Cramorant\n|\n|upkeep\n|\n|t:|1733858925\n|switch|p1a: Clefable|Clefable, L83, F|293/293\n|-damage|p1a: Clefable|257/293|[from] Stealth Rock\n|turn|7\n|\n|t:|1733858934\n|move|p2a: Weavile|Knock Off|p1a: Clefable\n|-resisted|p1a: Clefable\n|-damage|p1a: Clefable|197/293\n|-enditem|p1a: Clefable|Leftovers|[from] move: Knock Off|[of] p2a: Weavile\n|move|p1a: Clefable|Moonblast|p2a: Weavile\n|-supereffective|p2a: Weavile\n|-damage|p2a: Weavile|0 fnt\n|faint|p2a: Weavile\n|\n|upkeep\n|\n|t:|1733858940\n|switch|p2a: Duraludon|Duraludon, L82, F|249/249\n|turn|8\n|\n|t:|1733858962\n|move|p2a: Duraludon|Flash Cannon|p1a: Clefable\n|-supereffective|p1a: Clefable\n|-damage|p1a: Clefable|9/293\n|move|p1a: Clefable|Moonblast|p2a: Duraludon\n|-damage|p2a: Duraludon|153/249\n|\n|upkeep\n|turn|9\n|\n|t:|1733858972\n|move|p2a: Duraludon|Flash Cannon|p1a: Clefable\n|-supereffective|p1a: Clefable\n|-damage|p1a: Clefable|0 fnt\n|faint|p1a: Clefable\n|\n|upkeep\n|\n|t:|1733858993\n|switch|p1a: Eternatus|Eternatus, L69|308/308\n|-damage|p1a: Eternatus|270/308|[from] Stealth Rock\n|-ability|p1a: Eternatus|Pressure\n|turn|10\n|\n|t:|1733859000\n|move|p1a: Eternatus|Meteor Beam||[still]\n|-prepare|p1a: Eternatus|Meteor Beam\n|-boost|p1a: Eternatus|spa|1\n|-enditem|p1a: Eternatus|Power Herb\n|-anim|p1a: Eternatus|Meteor Beam|p2a: Duraludon\n|-resisted|p2a: Duraludon\n|-damage|p2a: Duraludon|92/249\n|move|p2a: Duraludon|Draco Meteor|p1a: Eternatus\n|-supereffective|p1a: Eternatus\n|-damage|p1a: Eternatus|0 fnt\n|-unboost|p2a: Duraludon|spa|2\n|faint|p1a: Eternatus\n|\n|upkeep\n|\n|t:|1733859004\n|switch|p1a: Garchomp|Garchomp, L74, F|282/282\n|-damage|p1a: Garchomp|265/282|[from] Stealth Rock\n|turn|11\n|\n|t:|1733859017\n|move|p1a: Garchomp|Swords Dance|p1a: Garchomp\n|-boost|p1a: Garchomp|atk|2\n|move|p2a: Duraludon|Dragon Tail|p1a: Garchomp\n|-supereffective|p1a: Garchomp\n|-damage|p1a: Garchomp|125/282\n|-damage|p2a: Duraludon|61/249|[from] ability: Rough Skin|[of] p1a: Garchomp\n|drag|p1a: Ceruledge|Ceruledge, L78, M|245/245\n|\n|upkeep\n|turn|12\n|\n|t:|1733859029\n|switch|p2a: Swampert|Swampert, L83, F|302/302\n|move|p1a: Ceruledge|Poltergeist|p2a: Swampert\n|-activate|p2a: Swampert|move: Poltergeist|Leftovers\n|-damage|p2a: Swampert|172/302\n|\n|-heal|p2a: Swampert|190/302|[from] item: Leftovers\n|upkeep\n|turn|13\n|\n|t:|1733859036\n|-terastallize|p1a: Ceruledge|Ghost\n|move|p1a: Ceruledge|Swords Dance|p1a: Ceruledge\n|-boost|p1a: Ceruledge|atk|2\n|move|p2a: Swampert|Earthquake|p1a: Ceruledge\n|-damage|p1a: Ceruledge|106/245\n|-ability|p1a: Ceruledge|Weak Armor|boost\n|-unboost|p1a: Ceruledge|def|1\n|-boost|p1a: Ceruledge|spe|2\n|\n|-heal|p2a: Swampert|208/302|[from] item: Leftovers\n|upkeep\n|turn|14\n|\n|t:|1733859043\n|move|p1a: Ceruledge|Poltergeist|p2a: Swampert\n|-activate|p2a: Swampert|move: Poltergeist|Leftovers\n|-damage|p2a: Swampert|0 fnt\n|faint|p2a: Swampert\n|\n|upkeep\n|\n|t:|1733859051\n|switch|p2a: Appletun|Appletun, L92, M|352/352\n|turn|15\n|\n|t:|1733859058\n|move|p1a: Ceruledge|Poltergeist|p2a: Appletun|[miss]\n|-miss|p1a: Ceruledge|p2a: Appletun\n|move|p2a: Appletun|Draco Meteor|p1a: Ceruledge\n|-damage|p1a: Ceruledge|0 fnt\n|-unboost|p2a: Appletun|spa|2\n|faint|p1a: Ceruledge\n|\n|upkeep\n|\n|t:|1733859061\n|switch|p1a: Garchomp|Garchomp, L74, F|125/282\n|-damage|p1a: Garchomp|108/282|[from] Stealth Rock\n|turn|16\n|\n|t:|1733859066\n|move|p1a: Garchomp|Swords Dance|p1a: Garchomp\n|-boost|p1a: Garchomp|atk|2\n|move|p2a: Appletun|Draco Meteor|p1a: Garchomp\n|-supereffective|p1a: Garchomp\n|-damage|p1a: Garchomp|0 fnt\n|-unboost|p2a: Appletun|spa|2\n|faint|p1a: Garchomp\n|\n|win|EllieCrabs\n|raw|jbeasy715's rating: 1811 &rarr; <strong>1789</strong><br />(-22 for losing)\n|raw|EllieCrabs's rating: 1771 &rarr; <strong>1793</strong><br />(+22 for winning)\n|l|\u2606jbeasy715\n|player|p1|\n", "inputlog": ">version bfd83cad13791eb5a5a409923076391caf6fb4d4\n>start {\"formatid\":\"gen9randombattle\",\"seed\":[8148,29233,3561,51607],\"rated\":\"Rated battle\"}\n>player p1 {\"name\":\"jbeasy715\",\"avatar\":\"101\",\"rating\":1811,\"seed\":[44180,63879,9590,26185]}\n>player p2 {\"name\":\"EllieCrabs\",\"avatar\":\"pokemonbreederf-gen4\",\"rating\":1771,\"seed\":[14325,9269,40157,45817]}\n>p1 switch 2\n>p2 move stealthrock\n>p1 move leafblade\n>p2 switch 5\n>p1 move stoneedge\n>p2 move bravebird\n>p2 switch 2\n>p1 move closecombat\n>p2 move tripleaxel\n>p1 switch 6\n>p1 move surf\n>p2 move swordsdance\n>p1 move bravebird\n>p2 move knockoff\n>p1 switch 3\n>p1 move moonblast\n>p2 move knockoff\n>p2 switch 4\n>p1 move moonblast\n>p2 move flashcannon\n>p1 move fireblast\n>p2 move flashcannon\n>p1 switch 5\n>p1 move meteorbeam\n>p2 move dracometeor\n>p1 switch 2\n>p1 move swordsdance\n>p2 move dragontail\n>p1 move poltergeist\n>p2 switch 5\n>p1 move swordsdance terastallize\n>p2 move earthquake\n>p1 move poltergeist\n>p2 move roar\n>p2 switch 6\n>p1 move poltergeist\n>p2 move dracometeor\n>p1 switch 4\n>p1 move swordsdance\n>p2 move dracometeor", "uploadtime": 1733859091, "views": 14, "formatid": "gen9randombattle", "rating": 1789, "private": 0, "password": null}