{"id": "gen9randombattle-2260863972", "format": "[Gen 9] Random Battle", "players": ["FluffyLapras", "xi the emperor"], "log": "|j|\u2606FluffyLapras\n|j|\u2606xi the emperor\n|t:|1733906677\n|gametype|singles\n|player|p1|FluffyLapras|bellepa|1985\n|player|p2|xi the emperor|170|2002\n|teamsize|p1|6\n|teamsize|p2|6\n|gen|9\n|tier|[Gen 9] Random Battle\n|rated|\n|rule|Species Clause: Limit one of each Pok\u00e9mon\n|rule|HP Percentage Mod: HP is shown in percentages\n|rule|Sleep Clause Mod: Limit one foe put to sleep\n|rule|Illusion Level Mod: Illusion disguises the Pok\u00e9mon's true level\n|\n|t:|1733906677\n|start\n|switch|p1a: Dudunsparce|Dudunsparce-Three-Segment, L83, F|343/343\n|switch|p2a: Diancie|Diancie, L82|216/216\n|turn|1\n|inactive|Battle timer is ON: inactive players will automatically lose when time's up. (requested by xi the emperor)\n|\n|t:|1733906707\n|switch|p1a: Sunflora|Sunflora, M|312/312\n|move|p2a: Diancie|Diamond Storm|p1a: Sunflora\n|-crit|p1a: Sunflora\n|-damage|p1a: Sunflora|147/312\n|\n|upkeep\n|turn|2\n|\n|t:|1733906715\n|move|p2a: Diancie|Diamond Storm|p1a: Sunflora\n|-damage|p1a: Sunflora|20/312\n|move|p1a: Sunflora|Leaf Storm|p2a: Diancie\n|-supereffective|p2a: Diancie\n|-damage|p2a: Diancie|0 fnt\n|-unboost|p1a: Sunflora|spa|2\n|faint|p2a: Diancie\n|\n|upkeep\n|\n|t:|1733906727\n|switch|p2a: Overqwil|Overqwil, L82, F|274/274\n|-ability|p2a: Overqwil|Intimidate|boost\n|-unboost|p1a: Sunflora|atk|1\n|turn|3\n|\n|t:|1733906733\n|move|p2a: Overqwil|Swords Dance|p2a: Overqwil\n|-boost|p2a: Overqwil|atk|2\n|move|p1a: Sunflora|Leaf Storm|p2a: Overqwil|[miss]\n|-miss|p1a: Sunflora|p2a: Overqwil\n|\n|upkeep\n|turn|4\n|\n|t:|1733906745\n|move|p2a: Overqwil|Scale Shot|p1a: Sunflora|[miss]\n|-miss|p2a: Overqwil|p1a: Sunflora\n|move|p1a: Sunflora|Leaf Storm|p2a: Overqwil\n|-resisted|p2a: Overqwil\n|-damage|p2a: Overqwil|184/274\n|-unboost|p1a: Sunflora|spa|2\n|\n|upkeep\n|turn|5\n|\n|t:|1733906750\n|move|p2a: Overqwil|Swords Dance|p2a: Overqwil\n|-boost|p2a: Overqwil|atk|2\n|move|p1a: Sunflora|Leaf Storm|p2a: Overqwil\n|-resisted|p2a: Overqwil\n|-crit|p2a: Overqwil\n|-damage|p2a: Overqwil|0 fnt\n|-unboost|p1a: Sunflora|spa|2\n|faint|p2a: Overqwil\n|\n|upkeep\n|c|\u2606xi the emperor|wtf\n|c|\u2606xi the emperor|suck my ball Pokemonshowdown\n|n|\u203dxi the emperor|xitheemperor\n|c|~|/log xi the emperor was locked from talking by Artemis for a week. (\u2606xi the emperor: suck my ball Pokemonshowdown)\n|c|~|/raw <small>This action was done automatically. Want to learn more about the AI? <a href=\"https://www.smogon.com/forums/threads/3570628/#post-9056769\">Visit the information thread</a>.</small>\n|inactive|xi the emperor has 120 seconds left.\n|\n|t:|1733906784\n|switch|p2a: Passimian|Passimian, L83, M|302/302\n|turn|6\n|\n|t:|1733906791\n|move|p2a: Passimian|Bulk Up|p2a: Passimian\n|-boost|p2a: Passimian|atk|1\n|-boost|p2a: Passimian|def|1\n|move|p1a: Sunflora|Leaf Storm|p2a: Passimian\n|-damage|p2a: Passimian|208/302\n|\n|-heal|p2a: Passimian|226/302|[from] item: Leftovers\n|upkeep\n|turn|7\n|\n|t:|1733906795\n|move|p2a: Passimian|Bulk Up|p2a: Passimian\n|-boost|p2a: Passimian|atk|1\n|-boost|p2a: Passimian|def|1\n|move|p1a: Sunflora|Leaf Storm|p2a: Passimian\n|-damage|p2a: Passimian|132/302\n|\n|-heal|p2a: Passimian|150/302|[from] item: Leftovers\n|upkeep\n|turn|8\n|\n|t:|1733906798\n|move|p2a: Passimian|Bulk Up|p2a: Passimian\n|-boost|p2a: Passimian|atk|1\n|-boost|p2a: Passimian|def|1\n|move|p1a: Sunflora|Leaf Storm|p2a: Passimian\n|-damage|p2a: Passimian|39/302\n|\n|-heal|p2a: Passimian|57/302|[from] item: Leftovers\n|upkeep\n|turn|9\n|\n|t:|1733906806\n|move|p2a: Passimian|Drain Punch|p1a: Sunflora\n|-damage|p1a: Sunflora|0 fnt\n|-heal|p2a: Passimian|67/302|[from] drain|[of] p1a: Sunflora\n|faint|p1a: Sunflora\n|\n|-heal|p2a: Passimian|85/302|[from] item: Leftovers\n|upkeep\n|\n|t:|1733906825\n|switch|p1a: Ogerpon|Ogerpon-Hearthflame, L74, F|239/239\n|-ability|p1a: Ogerpon|Mold Breaker\n|turn|10\n|\n|t:|1733906834\n|-terastallize|p1a: Ogerpon|Fire\n|detailschange|p1a: Ogerpon|Ogerpon-Hearthflame-Tera, L74, F, tera:Fire\n|-ability|p1a: Ogerpon|Embody Aspect (Hearthflame)|boost\n|-boost|p1a: Ogerpon|atk|1\n|move|p1a: Ogerpon|Ivy Cudgel|p2a: Passimian|[anim] Ivy Cudgel Fire\n|-damage|p2a: Passimian|0 fnt\n|faint|p2a: Passimian\n|\n|upkeep\n|\n|t:|1733906841\n|switch|p2a: Barraskewda|Barraskewda, L81, M|231/231\n|turn|11\n|\n|t:|1733906849\n|switch|p1a: Giratina|Giratina, L75|349/349\n|-ability|p1a: Giratina|Pressure\n|move|p2a: Barraskewda|Flip Turn|p1a: Giratina\n|-resisted|p1a: Giratina\n|-damage|p1a: Giratina|303/349\n|\n|t:|1733906861\n|switch|p2a: Rhyperior|Rhyperior, L82, F|323/323|[from] Flip Turn\n|\n|-heal|p1a: Giratina|324/349|[from] item: Leftovers\n|upkeep\n|turn|12\n|\n|t:|1733906869\n|move|p1a: Giratina|Will-O-Wisp|p2a: Rhyperior\n|-status|p2a: Rhyperior|brn\n|move|p2a: Rhyperior|Rock Polish|p2a: Rhyperior\n|-boost|p2a: Rhyperior|spe|2\n|\n|-heal|p1a: Giratina|345/349|[from] item: Leftovers\n|-damage|p2a: Rhyperior|303/323 brn|[from] brn\n|upkeep\n|turn|13\n|\n|t:|1733906880\n|move|p2a: Rhyperior|Ice Punch|p1a: Giratina\n|-supereffective|p1a: Giratina\n|-damage|p1a: Giratina|280/349\n|move|p1a: Giratina|Dragon Tail|p2a: Rhyperior\n|-damage|p2a: Rhyperior|260/323 brn\n|drag|p2a: Arboliva|Arboliva, L91, F|290/290\n|\n|-heal|p1a: Giratina|301/349|[from] item: Leftovers\n|upkeep\n|turn|14\n|\n|t:|1733906892\n|switch|p2a: Barraskewda|Barraskewda, L81, M|231/231\n|move|p1a: Giratina|Will-O-Wisp|p2a: Barraskewda|[miss]\n|-miss|p1a: Giratina|p2a: Barraskewda\n|\n|-heal|p1a: Giratina|322/349|[from] item: Leftovers\n|upkeep\n|turn|15\n|\n|t:|1733906898\n|move|p2a: Barraskewda|Throat Chop|p1a: Giratina\n|-supereffective|p1a: Giratina\n|-damage|p1a: Giratina|140/349\n|-start|p1a: Giratina|Throat Chop|[silent]\n|move|p1a: Giratina|Will-O-Wisp|p2a: Barraskewda\n|-status|p2a: Barraskewda|brn\n|\n|-heal|p1a: Giratina|161/349|[from] item: Leftovers\n|-damage|p2a: Barraskewda|217/231 brn|[from] brn\n|upkeep\n|turn|16\n|-message|xi the emperor forfeited.\n|\n|win|FluffyLapras\n", "inputlog": ">version bfd83cad13791eb5a5a409923076391caf6fb4d4\n>start {\"formatid\":\"gen9randombattle\",\"seed\":[50221,5268,55541,35966],\"rated\":\"Rated battle\"}\n>player p1 {\"name\":\"FluffyLapras\",\"avatar\":\"bellepa\",\"rating\":1985,\"seed\":[22573,36959,1425,6616]}\n>player p2 {\"name\":\"xi the emperor\",\"avatar\":\"170\",\"rating\":2002,\"seed\":[51745,64770,64571,14847]}\n>p1 switch 6\n>p2 move diamondstorm\n>p1 move leafstorm\n>p2 move diamondstorm\n>p2 switch 4\n>p1 move leafstorm\n>p2 move swordsdance\n>p1 move leafstorm\n>p2 move scaleshot\n>p1 move leafstorm\n>p2 move swordsdance\n>chat \u2606xi the emperor|wtf\n>chat \u2606xi the emperor|suck my ball Pokemonshowdown\n>p2 switch 6\n>p1 move leafstorm\n>p2 move bulkup\n>p1 move leafstorm\n>p2 move bulkup\n>p1 move leafstorm\n>p2 move bulkup\n>p1 move leafstorm\n>p2 move drainpunch\n>p1 switch 3\n>p1 move ivycudgel terastallize\n>p2 move drainpunch\n>p2 switch 3\n>p1 switch 4\n>p2 move flipturn\n>p2 switch 2\n>p1 move willowisp\n>p2 move rockpolish\n>p1 move dragontail\n>p2 move icepunch\n>p1 move willowisp\n>p2 switch 2\n>p1 move willowisp\n>p2 move throatchop\n>forcelose p2", "uploadtime": 1733906771, "views": 1, "formatid": "gen9randombattle", "rating": null, "private": 0, "password": null}