{"id": "gen9randombattle-2097115902", "format": "[Gen 9] Random Battle", "players": ["Teroxide", "Jm1000"], "log": "|badge|p1|bronze|gen9randombattle|100-1\n|uhtml|medal-msg|<div class=\"broadcast-blue\">Curious what those medals under the avatar are? PS now has Ladder Seasons! For more information, check out the <a href=\"https://www.smogon.com/forums/threads/3740067/\">thread on Smogon.</a></div>\n|uhtml|medal-msg|<div class=\"broadcast-blue\">Curious what those medals under the avatar are? PS now has Ladder Seasons! For more information, check out the <a href=\"https://www.smogon.com/forums/threads/3740067/\">thread on Smogon.</a></div>\n|j|\u2606Teroxide\n|j|\u2606Jm1000\n|t:|1712374016\n|gametype|singles\n|player|p1|Teroxide|2|2287\n|player|p2|Jm1000|cheren-gen5bw2|2206\n|teamsize|p1|6\n|teamsize|p2|6\n|gen|9\n|tier|[Gen 9] Random Battle\n|rated|\n|rule|Species Clause: Limit one of each Pok\u00e9mon\n|rule|HP Percentage Mod: HP is shown in percentages\n|rule|Sleep Clause Mod: Limit one foe put to sleep\n|rule|Illusion Level Mod: Illusion disguises the Pok\u00e9mon's true level\n|\n|t:|1712374016\n|start\n|switch|p1a: Hydreigon|Hydreigon, L79, F|275/275\n|switch|p2a: Toxtricity|Toxtricity, L82, F|257/257\n|turn|1\n|\n|t:|1712374033\n|switch|p2a: Solgaleo|Solgaleo, L74|325/325\n|move|p1a: Hydreigon|Nasty Plot|p1a: Hydreigon\n|-boost|p1a: Hydreigon|spa|2\n|\n|upkeep\n|turn|2\n|\n|t:|1712374052\n|switch|p2a: Mightyena|Mightyena, L95, F|287/287\n|-ability|p2a: Mightyena|Intimidate|boost\n|-unboost|p1a: Hydreigon|atk|1\n|move|p1a: Hydreigon|Dark Pulse|p2a: Mightyena\n|-resisted|p2a: Mightyena\n|-damage|p2a: Mightyena|139/287\n|-damage|p1a: Hydreigon|248/275|[from] item: Life Orb\n|\n|upkeep\n|turn|3\n|\n|t:|1712374064\n|move|p1a: Hydreigon|Dark Pulse|p2a: Mightyena\n|-resisted|p2a: Mightyena\n|-damage|p2a: Mightyena|0 fnt\n|faint|p2a: Mightyena\n|-damage|p1a: Hydreigon|221/275|[from] item: Life Orb\n|\n|upkeep\n|\n|t:|1712374082\n|switch|p2a: Greedent|Greedent, L86, M|347/347\n|turn|4\n|\n|t:|1712374105\n|move|p1a: Hydreigon|Draco Meteor|p2a: Greedent\n|-damage|p2a: Greedent|0 fnt\n|-unboost|p1a: Hydreigon|spa|2\n|faint|p2a: Greedent\n|-damage|p1a: Hydreigon|194/275|[from] item: Life Orb\n|\n|upkeep\n|\n|t:|1712374119\n|switch|p2a: Solgaleo|Solgaleo, L74|325/325\n|turn|5\n|\n|t:|1712374125\n|switch|p1a: Talonflame|Talonflame, L84, M|268/268\n|move|p2a: Solgaleo|Close Combat|p1a: Talonflame\n|-resisted|p1a: Talonflame\n|-damage|p1a: Talonflame|216/268\n|-unboost|p2a: Solgaleo|def|1\n|-unboost|p2a: Solgaleo|spd|1\n|-status|p2a: Solgaleo|brn|[from] ability: Flame Body|[of] p1a: Talonflame\n|\n|-damage|p2a: Solgaleo|305/325 brn|[from] brn\n|upkeep\n|turn|6\n|\n|t:|1712374148\n|move|p1a: Talonflame|Swords Dance|p1a: Talonflame\n|-boost|p1a: Talonflame|atk|2\n|move|p2a: Solgaleo|Knock Off|p1a: Talonflame\n|-damage|p1a: Talonflame|172/268\n|-enditem|p1a: Talonflame|Heavy-Duty Boots|[from] move: Knock Off|[of] p2a: Solgaleo\n|\n|-heal|p2a: Solgaleo|325/325 brn|[from] item: Leftovers\n|-damage|p2a: Solgaleo|305/325 brn|[from] brn\n|upkeep\n|turn|7\n|\n|t:|1712374155\n|move|p1a: Talonflame|Flare Blitz|p2a: Solgaleo\n|-supereffective|p2a: Solgaleo\n|-damage|p2a: Solgaleo|0 fnt\n|faint|p2a: Solgaleo\n|-damage|p1a: Talonflame|71/268|[from] Recoil\n|\n|upkeep\n|\n|t:|1712374170\n|switch|p2a: Sawsbuck|Sawsbuck, L88, M|284/284\n|turn|8\n|\n|t:|1712374173\n|move|p1a: Talonflame|Flare Blitz|p2a: Sawsbuck\n|-supereffective|p2a: Sawsbuck\n|-damage|p2a: Sawsbuck|0 fnt\n|faint|p2a: Sawsbuck\n|-damage|p1a: Talonflame|0 fnt|[from] Recoil\n|faint|p1a: Talonflame\n|\n|upkeep\n|\n|t:|1712374177\n|switch|p1a: Duraludon|Duraludon, L82, M|249/249\n|switch|p2a: Toxtricity|Toxtricity, L82, F|257/257\n|turn|9\n|\n|t:|1712374183\n|move|p1a: Duraludon|Draco Meteor|p2a: Toxtricity\n|-damage|p2a: Toxtricity|70/257\n|-unboost|p1a: Duraludon|spa|2\n|move|p2a: Toxtricity|Shift Gear|p2a: Toxtricity\n|-boost|p2a: Toxtricity|spe|2\n|-boost|p2a: Toxtricity|atk|1\n|\n|upkeep\n|turn|10\n|\n|t:|1712374201\n|move|p2a: Toxtricity|Boomburst|p1a: Duraludon\n|-resisted|p1a: Duraludon\n|-damage|p1a: Duraludon|183/249\n|-enditem|p2a: Toxtricity|Throat Spray\n|-boost|p2a: Toxtricity|spa|1|[from] item: Throat Spray\n|move|p1a: Duraludon|Draco Meteor|p2a: Toxtricity\n|-damage|p2a: Toxtricity|0 fnt\n|-unboost|p1a: Duraludon|spa|2\n|faint|p2a: Toxtricity\n|\n|upkeep\n|\n|t:|1712374208\n|switch|p2a: Oricorio|Oricorio-Pom-Pom, L82, F|257/257\n|turn|11\n|c|\u2606Jm1000|im cooked\n|\n|t:|1712374232\n|switch|p1a: Pincurchin|Pincurchin, L99, M|255/255\n|-fieldstart|move: Electric Terrain|[from] ability: Electric Surge|[of] p1a: Pincurchin\n|move|p2a: Oricorio|Quiver Dance|p2a: Oricorio\n|-boost|p2a: Oricorio|spa|1\n|-boost|p2a: Oricorio|spd|1\n|-boost|p2a: Oricorio|spe|1\n|\n|upkeep\n|turn|12\n|\n|t:|1712374268\n|move|p2a: Oricorio|Quiver Dance|p2a: Oricorio\n|-boost|p2a: Oricorio|spa|1\n|-boost|p2a: Oricorio|spd|1\n|-boost|p2a: Oricorio|spe|1\n|move|p1a: Pincurchin|Curse|p1a: Pincurchin\n|-unboost|p1a: Pincurchin|spe|1\n|-boost|p1a: Pincurchin|atk|1\n|-boost|p1a: Pincurchin|def|1\n|\n|upkeep\n|turn|13\n|\n|t:|1712374280\n|-terastallize|p2a: Oricorio|Ground\n|move|p2a: Oricorio|Revelation Dance|p1a: Pincurchin\n|-supereffective|p1a: Pincurchin\n|-damage|p1a: Pincurchin|0 fnt\n|faint|p1a: Pincurchin\n|\n|upkeep\n|\n|t:|1712374289\n|switch|p1a: Whimsicott|Whimsicott, L86, F|243/243\n|turn|14\n|\n|t:|1712374295\n|move|p1a: Whimsicott|Stun Spore|p2a: Oricorio\n|-status|p2a: Oricorio|par\n|move|p2a: Oricorio|Hurricane|p1a: Whimsicott\n|-supereffective|p1a: Whimsicott\n|-damage|p1a: Whimsicott|0 fnt\n|faint|p1a: Whimsicott\n|\n|upkeep\n|\n|t:|1712374316\n|switch|p1a: Hydreigon|Hydreigon, L79, F|194/275\n|turn|15\n|\n|t:|1712374323\n|move|p1a: Hydreigon|Dark Pulse|p2a: Oricorio\n|-damage|p2a: Oricorio|186/257 par\n|-damage|p1a: Hydreigon|167/275|[from] item: Life Orb\n|move|p2a: Oricorio|Quiver Dance|p2a: Oricorio\n|-boost|p2a: Oricorio|spa|1\n|-boost|p2a: Oricorio|spd|1\n|-boost|p2a: Oricorio|spe|1\n|\n|-fieldend|move: Electric Terrain\n|upkeep\n|turn|16\n|\n|t:|1712374327\n|cant|p2a: Oricorio|par\n|move|p1a: Hydreigon|Dark Pulse|p2a: Oricorio\n|-damage|p2a: Oricorio|128/257 par\n|-damage|p1a: Hydreigon|140/275|[from] item: Life Orb\n|\n|upkeep\n|turn|17\n|\n|t:|1712374330\n|move|p2a: Oricorio|Roost|p2a: Oricorio\n|-heal|p2a: Oricorio|257/257 par\n|move|p1a: Hydreigon|Dark Pulse|p2a: Oricorio\n|-damage|p2a: Oricorio|202/257 par\n|-damage|p1a: Hydreigon|113/275|[from] item: Life Orb\n|\n|upkeep\n|turn|18\n|\n|t:|1712374333\n|move|p2a: Oricorio|Hurricane|p1a: Hydreigon\n|-damage|p1a: Hydreigon|0 fnt\n|faint|p1a: Hydreigon\n|\n|upkeep\n|\n|t:|1712374353\n|switch|p1a: Lokix|Lokix, L82, F|251/251\n|turn|19\n|\n|t:|1712374372\n|-terastallize|p1a: Lokix|Dark\n|move|p2a: Oricorio|Hurricane|p1a: Lokix\n|-damage|p1a: Lokix|0 fnt\n|faint|p1a: Lokix\n|\n|upkeep\n|\n|t:|1712374374\n|switch|p1a: Duraludon|Duraludon, L82, M|183/249\n|turn|20\n|\n|t:|1712374385\n|cant|p2a: Oricorio|par\n|move|p1a: Duraludon|Body Press|p2a: Oricorio\n|-damage|p2a: Oricorio|126/257 par\n|\n|upkeep\n|turn|21\n|\n|t:|1712374388\n|move|p2a: Oricorio|Roost|p2a: Oricorio\n|-heal|p2a: Oricorio|255/257 par\n|move|p1a: Duraludon|Body Press|p2a: Oricorio\n|-damage|p2a: Oricorio|183/257 par\n|\n|upkeep\n|turn|22\n|\n|t:|1712374391\n|cant|p2a: Oricorio|par\n|move|p1a: Duraludon|Iron Defense|p1a: Duraludon\n|-boost|p1a: Duraludon|def|2\n|\n|upkeep\n|turn|23\n|\n|t:|1712374394\n|cant|p2a: Oricorio|par\n|move|p1a: Duraludon|Body Press|p2a: Oricorio\n|-damage|p2a: Oricorio|27/257 par\n|\n|upkeep\n|turn|24\n|\n|t:|1712374400\n|move|p2a: Oricorio|Revelation Dance|p1a: Duraludon\n|-supereffective|p1a: Duraludon\n|-damage|p1a: Duraludon|0 fnt\n|faint|p1a: Duraludon\n|\n|win|Jm1000\n|raw|Teroxide's rating: 2287 &rarr; <strong>2262</strong><br />(-25 for losing)\n|raw|Jm1000's rating: 2206 &rarr; <strong>2231</strong><br />(+25 for winning)\n|l|\u2606Teroxide\n|player|p1|\n|l|\u2606Jm1000\n|player|p2|\n", "inputlog": ">version 5e6884075e425dc5b64255756e621f094dcccacd\n>start {\"formatid\":\"gen9randombattle\",\"seed\":[56225,12060,32462,21100],\"rated\":\"Rated battle\"}\n>player p1 {\"name\":\"Teroxide\",\"avatar\":\"2\",\"rating\":2287,\"seed\":[10520,11128,23440,53621]}\n>player p2 {\"name\":\"Jm1000\",\"avatar\":\"cheren-gen5bw2\",\"rating\":2206,\"seed\":[3577,25545,60489,20637]}\n>p1 move nastyplot\n>p2 switch 2\n>p1 move darkpulse\n>p2 switch 5\n>p1 move darkpulse\n>p2 move playrough\n>p2 switch 6\n>p1 move dracometeor\n>p2 move doubleedge\n>p2 switch 5\n>p1 switch 2\n>p2 move closecombat\n>p1 move swordsdance\n>p2 move knockoff\n>p1 move flareblitz\n>p2 move sunsteelstrike\n>p2 switch 4\n>p1 move flareblitz\n>p2 move swordsdance\n>p1 switch 6\n>p2 switch 2\n>p1 move dracometeor\n>p2 move shiftgear\n>p1 move dracometeor\n>p2 move boomburst\n>p2 switch 3\n>chat \u2606Jm1000|im cooked\n>p1 switch 5\n>p2 move quiverdance\n>p1 move curse\n>p2 move quiverdance\n>p1 move zingzap\n>p2 move revelationdance terastallize\n>p1 switch 4\n>p1 move stunspore\n>p2 move hurricane\n>p1 switch 2\n>p1 move darkpulse\n>p2 move quiverdance\n>p1 move darkpulse\n>p2 move hurricane\n>p1 move darkpulse\n>p2 move roost\n>p1 move nastyplot\n>p2 move hurricane\n>p1 switch 3\n>p1 move knockoff terastallize\n>p2 move hurricane\n>p1 switch 5\n>p1 move bodypress\n>p2 move revelationdance\n>p1 move bodypress\n>p2 move roost\n>p1 move irondefense\n>p2 move revelationdance\n>p1 move bodypress\n>p2 move revelationdance\n>p1 move bodypress\n>p2 move revelationdance", "uploadtime": 1712374420, "views": 243, "formatid": "gen9randombattle", "rating": 2231, "private": 0, "password": null}