{"id": "gen9randombattle-2259923395", "format": "[Gen 9] Random Battle", "players": ["Stok_bananas", "wingrain"], "log": "|j|\u2606Stok_bananas\n|j|\u203dwingrain\n|t:|1733780399\n|gametype|singles\n|player|p1|Stok_bananas|hiker-gen4|1140\n|player|p2|wingrain|aromalady|1153\n|teamsize|p1|6\n|teamsize|p2|6\n|gen|9\n|tier|[Gen 9] Random Battle\n|rated|\n|rule|Species Clause: Limit one of each Pok\u00e9mon\n|rule|HP Percentage Mod: HP is shown in percentages\n|rule|Sleep Clause Mod: Limit one foe put to sleep\n|rule|Illusion Level Mod: Illusion disguises the Pok\u00e9mon's true level\n|\n|t:|1733780399\n|start\n|switch|p1a: Glalie|Glalie, L96, M|309/309\n|switch|p2a: Kyogre|Kyogre, L71|259/259\n|-weather|RainDance|[from] ability: Drizzle|[of] p2a: Kyogre\n|turn|1\n|inactive|Battle timer is ON: inactive players will automatically lose when time's up. (requested by wingrain)\n|\n|t:|1733780423\n|move|p2a: Kyogre|Water Spout|p1a: Glalie\n|-damage|p1a: Glalie|90/309\n|move|p1a: Glalie|Taunt|p2a: Kyogre\n|-start|p2a: Kyogre|move: Taunt\n|\n|-weather|RainDance|[upkeep]\n|upkeep\n|turn|2\n|\n|t:|1733780430\n|move|p2a: Kyogre|Water Spout|p1a: Glalie\n|-damage|p1a: Glalie|0 fnt\n|faint|p1a: Glalie\n|\n|-weather|RainDance|[upkeep]\n|upkeep\n|\n|t:|1733780441\n|switch|p1a: Bellibolt|Bellibolt, L84, F|320/320\n|turn|3\n|\n|t:|1733780450\n|move|p2a: Kyogre|Water Spout|p1a: Bellibolt\n|-damage|p1a: Bellibolt|62/320\n|-start|p1a: Bellibolt|Charge|Water Spout|[from] ability: Electromorphosis\n|move|p1a: Bellibolt|Toxic|p2a: Kyogre\n|-status|p2a: Kyogre|tox\n|\n|-weather|RainDance|[upkeep]\n|-heal|p1a: Bellibolt|82/320|[from] item: Leftovers\n|-damage|p2a: Kyogre|243/259 tox|[from] psn\n|upkeep\n|turn|4\n|\n|t:|1733780460\n|move|p2a: Kyogre|Water Spout|p1a: Bellibolt\n|-damage|p1a: Bellibolt|0 fnt\n|faint|p1a: Bellibolt\n|\n|-weather|RainDance|[upkeep]\n|-damage|p2a: Kyogre|211/259 tox|[from] psn\n|-end|p2a: Kyogre|move: Taunt\n|upkeep\n|\n|t:|1733780472\n|switch|p1a: Groudon|Groudon, L72|263/263\n|-weather|SunnyDay|[from] ability: Drought|[of] p1a: Groudon\n|turn|5\n|\n|t:|1733780484\n|switch|p2a: Comfey|Comfey, L85, M|225/225\n|move|p1a: Groudon|Spikes|p2a: Comfey\n|-sidestart|p2: wingrain|Spikes\n|\n|-weather|SunnyDay|[upkeep]\n|upkeep\n|turn|6\n|\n|t:|1733780497\n|move|p2a: Comfey|Calm Mind|p2a: Comfey\n|-boost|p2a: Comfey|spa|1\n|-boost|p2a: Comfey|spd|1\n|move|p1a: Groudon|Spikes|p2a: Comfey\n|-sidestart|p2: wingrain|Spikes\n|\n|-weather|SunnyDay|[upkeep]\n|upkeep\n|turn|7\n|\n|t:|1733780503\n|move|p2a: Comfey|Calm Mind|p2a: Comfey\n|-boost|p2a: Comfey|spa|1\n|-boost|p2a: Comfey|spd|1\n|move|p1a: Groudon|Heat Crash|p2a: Comfey\n|-damage|p2a: Comfey|98/225\n|\n|-weather|SunnyDay|[upkeep]\n|-heal|p2a: Comfey|112/225|[from] item: Leftovers\n|upkeep\n|turn|8\n|\n|t:|1733780513\n|move|p2a: Comfey|Giga Drain|p1a: Groudon\n|-supereffective|p1a: Groudon\n|-damage|p1a: Groudon|29/263\n|-heal|p2a: Comfey|225/225|[from] drain|[of] p1a: Groudon\n|move|p1a: Groudon|Heat Crash|p2a: Comfey\n|-damage|p2a: Comfey|86/225\n|\n|-weather|SunnyDay|[upkeep]\n|-heal|p2a: Comfey|100/225|[from] item: Leftovers\n|-heal|p1a: Groudon|45/263|[from] item: Leftovers\n|upkeep\n|turn|9\n|\n|t:|1733780523\n|move|p2a: Comfey|Giga Drain|p1a: Groudon\n|-supereffective|p1a: Groudon\n|-damage|p1a: Groudon|0 fnt\n|-heal|p2a: Comfey|123/225|[from] drain|[of] p1a: Groudon\n|faint|p1a: Groudon\n|\n|-weather|none\n|-heal|p2a: Comfey|137/225|[from] item: Leftovers\n|upkeep\n|\n|t:|1733780536\n|switch|p1a: Perrserker|Perrserker, L89, F|269/269\n|turn|10\n|\n|t:|1733780546\n|switch|p2a: Jirachi|Jirachi, L80|291/291\n|-damage|p2a: Jirachi|243/291|[from] Spikes\n|move|p1a: Perrserker|Stealth Rock|p2a: Jirachi\n|-sidestart|p2: wingrain|move: Stealth Rock\n|\n|-heal|p2a: Jirachi|261/291|[from] item: Leftovers\n|upkeep\n|turn|11\n|\n|t:|1733780557\n|move|p2a: Jirachi|Stealth Rock|p1a: Perrserker\n|-sidestart|p1: Stok_bananas|move: Stealth Rock\n|move|p1a: Perrserker|Knock Off|p2a: Jirachi\n|-supereffective|p2a: Jirachi\n|-damage|p2a: Jirachi|53/291\n|-enditem|p2a: Jirachi|Leftovers|[from] move: Knock Off|[of] p1a: Perrserker\n|-damage|p1a: Perrserker|243/269|[from] item: Life Orb\n|\n|upkeep\n|turn|12\n|\n|t:|1733780565\n|move|p2a: Jirachi|Drain Punch|p1a: Perrserker\n|-supereffective|p1a: Perrserker\n|-damage|p1a: Perrserker|153/269\n|-heal|p2a: Jirachi|98/291|[from] drain|[of] p1a: Perrserker\n|move|p1a: Perrserker|Knock Off|p2a: Jirachi\n|-supereffective|p2a: Jirachi\n|-damage|p2a: Jirachi|0 fnt\n|faint|p2a: Jirachi\n|-damage|p1a: Perrserker|127/269|[from] item: Life Orb\n|\n|upkeep\n|\n|t:|1733780578\n|switch|p2a: Kyogre|Kyogre, L71|211/259 tox\n|-damage|p2a: Kyogre|168/259 tox|[from] Spikes\n|-damage|p2a: Kyogre|136/259 tox|[from] Stealth Rock\n|-weather|RainDance|[from] ability: Drizzle|[of] p2a: Kyogre\n|turn|13\n|\n|t:|1733780585\n|move|p2a: Kyogre|Origin Pulse|p1a: Perrserker\n|-damage|p1a: Perrserker|0 fnt\n|faint|p1a: Perrserker\n|\n|-weather|RainDance|[upkeep]\n|-damage|p2a: Kyogre|120/259 tox|[from] psn\n|upkeep\n|\n|t:|1733780592\n|switch|p1a: Malamar|Malamar, L82, F|275/275\n|-damage|p1a: Malamar|241/275|[from] Stealth Rock\n|turn|14\n|\n|t:|1733780599\n|move|p2a: Kyogre|Origin Pulse|p1a: Malamar\n|-damage|p1a: Malamar|48/275\n|move|p1a: Malamar|Superpower|p2a: Kyogre\n|-damage|p2a: Kyogre|27/259 tox\n|-boost|p1a: Malamar|atk|1\n|-boost|p1a: Malamar|def|1\n|\n|-weather|RainDance|[upkeep]\n|-heal|p1a: Malamar|65/275|[from] item: Leftovers\n|-damage|p2a: Kyogre|0 fnt|[from] psn\n|faint|p2a: Kyogre\n|upkeep\n|\n|t:|1733780609\n|switch|p2a: Comfey|Comfey, L85, M|137/225\n|-damage|p2a: Comfey|100/225|[from] Spikes\n|-damage|p2a: Comfey|72/225|[from] Stealth Rock\n|turn|15\n|\n|t:|1733780622\n|move|p2a: Comfey|Draining Kiss|p1a: Malamar\n|-supereffective|p1a: Malamar\n|-damage|p1a: Malamar|0 fnt\n|-heal|p2a: Comfey|121/225|[from] drain|[of] p1a: Malamar\n|faint|p1a: Malamar\n|\n|-weather|RainDance|[upkeep]\n|-heal|p2a: Comfey|135/225|[from] item: Leftovers\n|upkeep\n|\n|t:|1733780626\n|switch|p1a: Glastrier|Glastrier, L86|312/312\n|turn|16\n|\n|t:|1733780634\n|move|p2a: Comfey|Draining Kiss|p1a: Glastrier\n|-damage|p1a: Glastrier|275/312\n|-heal|p2a: Comfey|163/225|[from] drain|[of] p1a: Glastrier\n|move|p1a: Glastrier|Heavy Slam|p2a: Comfey\n|-supereffective|p2a: Comfey\n|-damage|p2a: Comfey|0 fnt\n|faint|p2a: Comfey\n|-ability|p1a: Glastrier|Chilling Neigh|boost\n|-boost|p1a: Glastrier|atk|1\n|\n|-weather|RainDance|[upkeep]\n|upkeep\n|\n|t:|1733780653\n|switch|p2a: Porygon-Z|Porygon-Z, L83|277/277\n|-damage|p2a: Porygon-Z|231/277|[from] Spikes\n|-damage|p2a: Porygon-Z|197/277|[from] Stealth Rock\n|turn|17\n|\n|t:|1733780664\n|move|p2a: Porygon-Z|Tri Attack|p1a: Glastrier\n|-damage|p1a: Glastrier|151/312\n|move|p1a: Glastrier|Icicle Crash|p2a: Porygon-Z\n|-damage|p2a: Porygon-Z|0 fnt\n|faint|p2a: Porygon-Z\n|-ability|p1a: Glastrier|Chilling Neigh|boost\n|-boost|p1a: Glastrier|atk|1\n|\n|-weather|none\n|upkeep\n|\n|t:|1733780673\n|switch|p2a: Mismagius|Mismagius, L86, F|243/243\n|-damage|p2a: Mismagius|213/243|[from] Stealth Rock\n|turn|18\n|\n|t:|1733780689\n|-terastallize|p2a: Mismagius|Fighting\n|move|p2a: Mismagius|Tera Blast|p1a: Glastrier|[anim] Tera Blast Fighting\n|-supereffective|p1a: Glastrier\n|-damage|p1a: Glastrier|5/312\n|move|p1a: Glastrier|Icicle Crash|p2a: Mismagius\n|-damage|p2a: Mismagius|0 fnt\n|faint|p2a: Mismagius\n|-ability|p1a: Glastrier|Chilling Neigh|boost\n|-boost|p1a: Glastrier|atk|1\n|\n|upkeep\n|\n|t:|1733780698\n|switch|p2a: Latios|Latios, L78, M|253/253\n|-damage|p2a: Latios|222/253|[from] Stealth Rock\n|turn|19\n|\n|t:|1733780703\n|-terastallize|p1a: Glastrier|Steel\n|move|p2a: Latios|Psyshock|p1a: Glastrier\n|-resisted|p1a: Glastrier\n|-damage|p1a: Glastrier|0 fnt\n|faint|p1a: Glastrier\n|\n|win|wingrain\n|raw|Stok_bananas's rating: 1140 &rarr; <strong>1116</strong><br />(-24 for losing)\n|raw|wingrain's rating: 1153 &rarr; <strong>1177</strong><br />(+24 for winning)\n|l|\u2606Stok_bananas\n|player|p1|\n", "inputlog": ">version bfd83cad13791eb5a5a409923076391caf6fb4d4\n>start {\"formatid\":\"gen9randombattle\",\"seed\":[27972,9632,17082,47765],\"rated\":\"Rated battle\"}\n>player p1 {\"name\":\"Stok_bananas\",\"avatar\":\"hiker-gen4\",\"rating\":1140,\"seed\":[38,61602,51020,29858]}\n>player p2 {\"name\":\"wingrain\",\"avatar\":\"aromalady\",\"rating\":1153,\"seed\":[22235,3741,48288,33870]}\n>p1 move taunt\n>p2 move waterspout\n>p1 move freezedry\n>p2 move waterspout\n>p1 switch 5\n>p1 move toxic\n>p2 move waterspout\n>p1 move slackoff\n>p2 move waterspout\n>p1 switch 3\n>p1 move spikes\n>p2 switch 5\n>p1 move spikes\n>p2 move calmmind\n>p1 move heatcrash\n>p2 move calmmind\n>p1 move heatcrash\n>p2 move gigadrain\n>p1 move spikes\n>p2 move gigadrain\n>p1 switch 2\n>p1 move stealthrock\n>p2 switch 3\n>p1 move knockoff\n>p2 move stealthrock\n>p1 move knockoff\n>p2 move drainpunch\n>p2 switch 5\n>p1 move ironhead\n>p2 move originpulse\n>p1 switch 4\n>p1 move superpower\n>p2 move originpulse\n>p2 switch 3\n>p1 move knockoff\n>p2 move drainingkiss\n>p1 switch 6\n>p1 move heavyslam\n>p2 move drainingkiss\n>p2 switch 4\n>p1 move iciclecrash\n>p2 move triattack\n>p2 switch 2\n>p1 move iciclecrash\n>p2 move terablast terastallize\n>p2 switch 6\n>p1 move iciclecrash terastallize\n>p2 move psyshock", "uploadtime": 1733780709, "views": 1, "formatid": "gen9randombattle", "rating": 1116, "private": 0, "password": null}