{"id": "gen9randombattle-2048085496", "format": "[Gen 9] Random Battle", "players": ["RaisedByChaos", "yes or no my dude\u2740"], "log": "|j|\u2606RaisedByChaos\n|j|\u2606yes or no my dude\u2740\n|t:|1706663576\n|gametype|singles\n|player|p1|RaisedByChaos|ingo|2222\n|player|p2|yes or no my dude\u2740|#rbtt7teamdarkraif|2323\n|teamsize|p1|6\n|teamsize|p2|6\n|gen|9\n|tier|[Gen 9] Random Battle\n|rated|\n|rule|Species Clause: Limit one of each Pok\u00e9mon\n|rule|HP Percentage Mod: HP is shown in percentages\n|rule|Sleep Clause Mod: Limit one foe put to sleep\n|rule|Illusion Level Mod: Illusion disguises the Pok\u00e9mon's true level\n|\n|t:|1706663576\n|start\n|switch|p1a: Pelipper|Pelipper, L85, M|241/241\n|switch|p2a: Perrserker|Perrserker, L88, F|266/266\n|-weather|RainDance|[from] ability: Drizzle|[of] p1a: Pelipper\n|turn|1\n|inactive|Battle timer is ON: inactive players will automatically lose when time's up. (requested by yes or no my dude\u2740)\n|\n|t:|1706663591\n|switch|p2a: Electrode|Electrode-Hisui, L87|246/246\n|move|p1a: Pelipper|Surf|p2a: Electrode\n|-resisted|p2a: Electrode\n|-damage|p2a: Electrode|134/246\n|\n|-weather|RainDance|[upkeep]\n|upkeep\n|turn|2\n|\n|t:|1706663601\n|switch|p1a: Flapple|Flapple, L88, M|266/266\n|move|p2a: Electrode|Leaf Storm|p1a: Flapple\n|-resisted|p1a: Flapple\n|-damage|p1a: Flapple|209/266\n|-unboost|p2a: Electrode|spa|2\n|\n|-weather|RainDance|[upkeep]\n|upkeep\n|turn|3\n|\n|t:|1706663606\n|switch|p2a: Perrserker|Perrserker, L88, F|266/266\n|move|p1a: Flapple|U-turn|p2a: Perrserker\n|-resisted|p2a: Perrserker\n|-damage|p2a: Perrserker|211/266\n|\n|t:|1706663608\n|switch|p1a: Pelipper|Pelipper, L85, M|241/241|[from] U-turn\n|\n|-weather|RainDance|[upkeep]\n|upkeep\n|turn|4\n|\n|t:|1706663611\n|switch|p2a: Electrode|Electrode-Hisui, L87|134/246\n|move|p1a: Pelipper|Surf|p2a: Electrode\n|-resisted|p2a: Electrode\n|-damage|p2a: Electrode|14/246\n|\n|-weather|RainDance|[upkeep]\n|upkeep\n|turn|5\n|\n|t:|1706663619\n|switch|p1a: Flygon|Flygon, L82, F|265/265\n|move|p2a: Electrode|Volt Switch|p1a: Flygon\n|-immune|p1a: Flygon\n|\n|-weather|none\n|upkeep\n|turn|6\n|\n|t:|1706663623\n|switch|p2a: Masquerain|Masquerain, L87, M|264/264\n|-ability|p2a: Masquerain|Intimidate|boost\n|-unboost|p1a: Flygon|atk|1\n|move|p1a: Flygon|U-turn|p2a: Masquerain\n|-resisted|p2a: Masquerain\n|-damage|p2a: Masquerain|235/264\n|\n|t:|1706663633\n|switch|p1a: Pelipper|Pelipper, L85, M|241/241|[from] U-turn\n|-weather|RainDance|[from] ability: Drizzle|[of] p1a: Pelipper\n|\n|-weather|RainDance|[upkeep]\n|upkeep\n|turn|7\n|\n|t:|1706663636\n|move|p2a: Masquerain|Sticky Web|p1a: Pelipper\n|-sidestart|p1: RaisedByChaos|move: Sticky Web\n|move|p1a: Pelipper|Surf|p2a: Masquerain\n|-damage|p2a: Masquerain|3/264\n|\n|-weather|RainDance|[upkeep]\n|upkeep\n|turn|8\n|\n|t:|1706663637\n|move|p2a: Masquerain|Hurricane|p1a: Pelipper\n|-damage|p1a: Pelipper|88/241\n|move|p1a: Pelipper|Surf|p2a: Masquerain\n|-damage|p2a: Masquerain|0 fnt\n|faint|p2a: Masquerain\n|\n|-weather|RainDance|[upkeep]\n|upkeep\n|\n|t:|1706663643\n|switch|p2a: Iron Bundle|Iron Bundle, L76|210/210\n|turn|9\n|\n|t:|1706663657\n|switch|p1a: Azumarill|Azumarill, L82, F|298/298\n|-activate|p1a: Azumarill|move: Sticky Web\n|-unboost|p1a: Azumarill|spe|1\n|move|p2a: Iron Bundle|Freeze-Dry|p1a: Azumarill\n|-supereffective|p1a: Azumarill\n|-damage|p1a: Azumarill|122/298\n|-status|p1a: Azumarill|frz\n|\n|-weather|RainDance|[upkeep]\n|upkeep\n|turn|10\n|\n|t:|1706663666\n|move|p2a: Iron Bundle|Freeze-Dry|p1a: Azumarill\n|-supereffective|p1a: Azumarill\n|-damage|p1a: Azumarill|0 fnt\n|faint|p1a: Azumarill\n|\n|-weather|none\n|upkeep\n|\n|t:|1706663671\n|switch|p1a: Scizor|Scizor, L79, F|240/240\n|-activate|p1a: Scizor|move: Sticky Web\n|-unboost|p1a: Scizor|spe|1\n|turn|11\n|\n|t:|1706663683\n|-end|p2a: Iron Bundle|Quark Drive|[silent]\n|switch|p2a: Magmortar|Magmortar, L87, F|271/271\n|move|p1a: Scizor|Defog|p2a: Magmortar\n|-unboost|p2a: Magmortar|evasion|1\n|-sideend|p1: RaisedByChaos|Sticky Web|[from] move: Defog|[of] p1a: Scizor\n|\n|upkeep\n|turn|12\n|\n|t:|1706663691\n|switch|p1a: Flygon|Flygon, L82, F|265/265\n|move|p2a: Magmortar|Fire Blast|p1a: Flygon\n|-resisted|p1a: Flygon\n|-damage|p1a: Flygon|148/265\n|\n|upkeep\n|turn|13\n|\n|t:|1706663698\n|switch|p2a: Electrode|Electrode-Hisui, L87|14/246\n|move|p1a: Flygon|Earthquake|p2a: Electrode\n|-damage|p2a: Electrode|0 fnt\n|faint|p2a: Electrode\n|\n|upkeep\n|\n|t:|1706663705\n|switch|p2a: Iron Bundle|Iron Bundle, L76|210/210\n|turn|14\n|\n|t:|1706663710\n|switch|p1a: Scizor|Scizor, L79, F|240/240\n|move|p2a: Iron Bundle|Flip Turn|p1a: Scizor\n|-damage|p1a: Scizor|198/240\n|\n|t:|1706663712\n|-end|p2a: Iron Bundle|Quark Drive|[silent]\n|switch|p2a: Magmortar|Magmortar, L87, F|271/271|[from] Flip Turn\n|\n|-heal|p1a: Scizor|213/240|[from] item: Leftovers\n|upkeep\n|turn|15\n|\n|t:|1706663717\n|switch|p1a: Flygon|Flygon, L82, F|148/265\n|move|p2a: Magmortar|Fire Blast|p1a: Flygon|[miss]\n|-miss|p2a: Magmortar|p1a: Flygon\n|\n|upkeep\n|turn|16\n|\n|t:|1706663722\n|switch|p2a: Iron Bundle|Iron Bundle, L76|210/210\n|move|p1a: Flygon|Earthquake|p2a: Iron Bundle\n|-damage|p2a: Iron Bundle|68/210\n|\n|upkeep\n|turn|17\n|\n|t:|1706663729\n|switch|p1a: Scizor|Scizor, L79, F|213/240\n|move|p2a: Iron Bundle|Hydro Pump|p1a: Scizor\n|-damage|p1a: Scizor|68/240\n|\n|-heal|p1a: Scizor|83/240|[from] item: Leftovers\n|upkeep\n|turn|18\n|\n|t:|1706663739\n|move|p1a: Scizor|Bullet Punch|p2a: Iron Bundle\n|-damage|p2a: Iron Bundle|1/210\n|move|p2a: Iron Bundle|Hydro Pump|p1a: Scizor\n|-damage|p1a: Scizor|0 fnt\n|faint|p1a: Scizor\n|\n|upkeep\n|inactive|RaisedByChaos has 120 seconds left.\n|\n|t:|1706663773\n|switch|p1a: Revavroom|Revavroom, L79, M|256/256\n|turn|19\n|\n|t:|1706663788\n|move|p2a: Iron Bundle|Flip Turn|p1a: Revavroom\n|-damage|p1a: Revavroom|205/256\n|\n|t:|1706663799\n|-end|p2a: Iron Bundle|Quark Drive|[silent]\n|switch|p2a: Magmortar|Magmortar, L87, F|271/271|[from] Flip Turn\n|move|p1a: Revavroom|Shift Gear|p1a: Revavroom\n|-boost|p1a: Revavroom|spe|2\n|-boost|p1a: Revavroom|atk|1\n|\n|upkeep\n|turn|20\n|\n|t:|1706663814\n|-terastallize|p2a: Magmortar|Water\n|move|p1a: Revavroom|High Horsepower|p2a: Magmortar\n|-damage|p2a: Magmortar|110/271\n|-status|p1a: Revavroom|brn|[from] ability: Flame Body|[of] p2a: Magmortar\n|-damage|p1a: Revavroom|180/256 brn|[from] item: Life Orb\n|move|p2a: Magmortar|Fire Blast|p1a: Revavroom|[miss]\n|-miss|p2a: Magmortar|p1a: Revavroom\n|\n|-damage|p1a: Revavroom|164/256 brn|[from] brn\n|upkeep\n|turn|21\n|\n|t:|1706663818\n|move|p1a: Revavroom|Gunk Shot|p2a: Magmortar\n|-damage|p2a: Magmortar|0 fnt\n|faint|p2a: Magmortar\n|-damage|p1a: Revavroom|139/256 brn|[from] item: Life Orb\n|\n|-damage|p1a: Revavroom|123/256 brn|[from] brn\n|upkeep\n|\n|t:|1706663823\n|switch|p2a: Perrserker|Perrserker, L88, F|211/266\n|turn|22\n|\n|t:|1706663851\n|move|p1a: Revavroom|High Horsepower|p2a: Perrserker\n|-supereffective|p2a: Perrserker\n|-damage|p2a: Perrserker|98/266\n|-damage|p1a: Revavroom|98/256 brn|[from] item: Life Orb\n|move|p2a: Perrserker|Knock Off|p1a: Revavroom\n|-damage|p1a: Revavroom|0 fnt\n|-enditem|p1a: Revavroom|Life Orb|[from] move: Knock Off|[of] p2a: Perrserker\n|faint|p1a: Revavroom\n|-damage|p2a: Perrserker|72/266|[from] item: Life Orb\n|\n|upkeep\n|inactive|RaisedByChaos has 120 seconds left.\n|\n|t:|1706663869\n|switch|p1a: Pelipper|Pelipper, L85, M|88/241\n|-weather|RainDance|[from] ability: Drizzle|[of] p1a: Pelipper\n|turn|23\n|\n|t:|1706663873\n|move|p1a: Pelipper|Surf|p2a: Perrserker\n|-damage|p2a: Perrserker|0 fnt\n|faint|p2a: Perrserker\n|\n|-weather|RainDance|[upkeep]\n|upkeep\n|\n|t:|1706663879\n|switch|p2a: Iron Bundle|Iron Bundle, L76|1/210\n|turn|24\n|\n|t:|1706663882\n|move|p2a: Iron Bundle|Freeze-Dry|p1a: Pelipper\n|-supereffective|p1a: Pelipper\n|-damage|p1a: Pelipper|0 fnt\n|faint|p1a: Pelipper\n|\n|-weather|RainDance|[upkeep]\n|upkeep\n|\n|t:|1706663884\n|switch|p1a: Flapple|Flapple, L88, M|209/266\n|turn|25\n|\n|t:|1706663910\n|-end|p2a: Iron Bundle|Quark Drive|[silent]\n|switch|p2a: Flutter Mane|Flutter Mane, L74|203/203\n|-terastallize|p1a: Flapple|Dragon\n|move|p1a: Flapple|U-turn|p2a: Flutter Mane\n|-resisted|p2a: Flutter Mane\n|-damage|p2a: Flutter Mane|151/203\n|\n|t:|1706663915\n|switch|p1a: Flygon|Flygon, L82, F|148/265|[from] U-turn\n|\n|-weather|RainDance|[upkeep]\n|upkeep\n|turn|26\n|\n|t:|1706663919\n|move|p2a: Flutter Mane|Moonblast|p1a: Flygon\n|-supereffective|p1a: Flygon\n|-damage|p1a: Flygon|0 fnt\n|faint|p1a: Flygon\n|\n|-weather|RainDance|[upkeep]\n|upkeep\n|\n|t:|1706663920\n|switch|p1a: Flapple|Flapple, L88, M, tera:Dragon|209/266\n|turn|27\n|\n|t:|1706663923\n|move|p1a: Flapple|Sucker Punch|p2a: Flutter Mane\n|-damage|p2a: Flutter Mane|0 fnt\n|faint|p2a: Flutter Mane\n|-end|p2a: Flutter Mane|Protosynthesis|[silent]\n|\n|-weather|none\n|upkeep\n|\n|t:|1706663926\n|switch|p2a: Iron Bundle|Iron Bundle, L76|1/210\n|turn|28\n|\n|t:|1706663927\n|move|p1a: Flapple|Sucker Punch||[still]\n|-fail|p1a: Flapple\n|move|p2a: Iron Bundle|Encore|p1a: Flapple\n|-start|p1a: Flapple|Encore\n|\n|upkeep\n|turn|29\n|\n|t:|1706663930\n|move|p1a: Flapple|Sucker Punch||[still]\n|-fail|p1a: Flapple\n|move|p2a: Iron Bundle|Encore||[still]\n|-fail|p2a: Iron Bundle\n|\n|upkeep\n|turn|30\n|\n|t:|1706663933\n|move|p1a: Flapple|Sucker Punch||[still]\n|-fail|p1a: Flapple\n|move|p2a: Iron Bundle|Encore||[still]\n|-fail|p2a: Iron Bundle\n|\n|upkeep\n|turn|31\n|\n|t:|1706663936\n|move|p1a: Flapple|Sucker Punch||[still]\n|-fail|p1a: Flapple\n|move|p2a: Iron Bundle|Encore||[still]\n|-fail|p2a: Iron Bundle\n|\n|-end|p1a: Flapple|Encore\n|upkeep\n|turn|32\n|\n|t:|1706663940\n|move|p1a: Flapple|Sucker Punch||[still]\n|-fail|p1a: Flapple\n|move|p2a: Iron Bundle|Encore|p1a: Flapple\n|-start|p1a: Flapple|Encore\n|\n|upkeep\n|turn|33\n|\n|t:|1706663943\n|move|p1a: Flapple|Sucker Punch||[still]\n|-fail|p1a: Flapple\n|move|p2a: Iron Bundle|Encore||[still]\n|-fail|p2a: Iron Bundle\n|\n|upkeep\n|turn|34\n|\n|t:|1706663947\n|move|p1a: Flapple|Sucker Punch||[still]\n|-fail|p1a: Flapple\n|move|p2a: Iron Bundle|Encore||[still]\n|-fail|p2a: Iron Bundle\n|\n|-end|p1a: Flapple|Encore\n|upkeep\n|turn|35\n|\n|t:|1706663948\n|move|p2a: Iron Bundle|Freeze-Dry|p1a: Flapple\n|-supereffective|p1a: Flapple\n|-damage|p1a: Flapple|11/266\n|-activate|p1a: Flapple|move: Struggle\n|move|p1a: Flapple|Struggle|p2a: Iron Bundle\n|-damage|p2a: Iron Bundle|0 fnt\n|faint|p2a: Iron Bundle\n|-end|p2a: Iron Bundle|Quark Drive|[silent]\n|-damage|p1a: Flapple|0 fnt|[from] recoil\n|faint|p1a: Flapple\n|\n|win|RaisedByChaos\n|raw|RaisedByChaos's rating: 2222 &rarr; <strong>2248</strong><br />(+26 for winning)\n|raw|yes or no my dude\u2740's rating: 2323 &rarr; <strong>2297</strong><br />(-26 for losing)\n|l|\u2606yes or no my dude\u2740\n|player|p2|\n|c|\u2606RaisedByChaos|LOLLLLL\n", "inputlog": ">version 51ab69b80e10af9383edde933ca36e02e9e47e55\n>start {\"formatid\":\"gen9randombattle\",\"seed\":[23548,6489,10480,60099],\"rated\":\"Rated battle\"}\n>player p1 {\"name\":\"RaisedByChaos\",\"avatar\":\"ingo\",\"rating\":2222,\"seed\":[10490,11549,46877,30511]}\n>player p2 {\"name\":\"yes or no my dude\u2740\",\"avatar\":\"#rbtt7teamdarkraif\",\"rating\":2323,\"seed\":[58347,26237,50525,65447]}\n>p1 move surf\n>p2 switch 3\n>p1 switch 3\n>p2 move leafstorm\n>p1 move uturn\n>p2 switch 3\n>p1 switch 3\n>p1 move surf\n>p2 switch 3\n>p1 switch 2\n>p2 move voltswitch\n>p1 move uturn\n>p2 switch 5\n>p1 switch 2\n>p1 move surf\n>p2 move stickyweb\n>p1 move surf\n>p2 move hurricane\n>p2 switch 6\n>p1 switch 6\n>p2 move freezedry\n>p1 move superpower\n>p2 move freezedry\n>p1 switch 4\n>p1 move defog\n>p2 switch 2\n>p1 switch 2\n>p2 move fireblast\n>p1 move earthquake\n>p2 switch 5\n>p2 switch 2\n>p1 switch 2\n>p2 move flipturn\n>p2 switch 5\n>p1 switch 2\n>p2 move fireblast\n>p1 move earthquake\n>p2 switch 5\n>p1 switch 2\n>p2 move hydropump\n>p1 move bulletpunch\n>p2 move hydropump\n>p1 switch 5\n>p1 move shiftgear\n>p2 move flipturn\n>p2 switch 5\n>p1 move highhorsepower\n>p2 move fireblast terastallize\n>p1 move gunkshot\n>p2 move fireblast\n>p2 switch 3\n>p1 move highhorsepower\n>p2 move knockoff\n>p1 switch 6\n>p1 move surf\n>p2 move knockoff\n>p2 switch 5\n>p1 move surf\n>p2 move freezedry\n>p1 switch 3\n>p1 move uturn terastallize\n>p2 switch 4\n>p1 switch 2\n>p1 move earthquake\n>p2 move moonblast\n>p1 switch 2\n>p1 move suckerpunch\n>p2 move moonblast\n>p2 switch 4\n>p1 move suckerpunch\n>p2 move encore\n>p1 move suckerpunch\n>p2 move encore\n>p1 move suckerpunch\n>p2 move encore\n>p1 move suckerpunch\n>p2 move encore\n>p1 move suckerpunch\n>p2 move encore\n>p1 move suckerpunch\n>p2 move encore\n>p1 move suckerpunch\n>p2 move encore\n>p1 move struggle\n>p2 move freezedry", "uploadtime": 1706663963, "views": 269, "formatid": "gen9randombattle", "rating": 2248, "private": 0, "password": null}