{"id": "gen9randombattle-2260714633", "format": "[Gen 9] Random Battle", "players": ["cosmical_08", "kingkey3142"], "log": "|j|\u2606cosmical_08\n|j|\u2606kingkey3142\n|t:|1733881966\n|gametype|singles\n|player|p1|cosmical_08|n|1183\n|player|p2|kingkey3142|101|1135\n|teamsize|p1|6\n|teamsize|p2|6\n|gen|9\n|tier|[Gen 9] Random Battle\n|rated|\n|rule|Species Clause: Limit one of each Pok\u00e9mon\n|rule|HP Percentage Mod: HP is shown in percentages\n|rule|Sleep Clause Mod: Limit one foe put to sleep\n|rule|Illusion Level Mod: Illusion disguises the Pok\u00e9mon's true level\n|\n|t:|1733881966\n|start\n|switch|p1a: Volbeat|Volbeat, L90, M|263/263\n|switch|p2a: Shaymin|Shaymin, L82|298/298\n|turn|1\n|\n|t:|1733881976\n|move|p2a: Shaymin|Air Slash|p1a: Volbeat\n|-supereffective|p1a: Volbeat\n|-damage|p1a: Volbeat|157/263\n|cant|p1a: Volbeat|flinch\n|\n|upkeep\n|turn|2\n|\n|t:|1733881990\n|move|p1a: Volbeat|Thunder Wave|p2a: Shaymin\n|-status|p2a: Shaymin|par\n|move|p2a: Shaymin|Air Slash|p1a: Volbeat\n|-supereffective|p1a: Volbeat\n|-damage|p1a: Volbeat|49/263\n|\n|upkeep\n|turn|3\n|\n|t:|1733881996\n|move|p1a: Volbeat|Lunge|p2a: Shaymin\n|-supereffective|p2a: Shaymin\n|-damage|p2a: Shaymin|146/298 par\n|-unboost|p2a: Shaymin|atk|1\n|move|p2a: Shaymin|Air Slash|p1a: Volbeat\n|-supereffective|p1a: Volbeat\n|-damage|p1a: Volbeat|0 fnt\n|faint|p1a: Volbeat\n|\n|-heal|p2a: Shaymin|164/298 par|[from] item: Leftovers\n|upkeep\n|\n|t:|1733882011\n|switch|p1a: Minior|Minior-Indigo, L79|224/224\n|-formechange|p1a: Minior|Minior-Meteor||[from] ability: Shields Down\n|turn|4\n|\n|t:|1733882023\n|move|p1a: Minior|Acrobatics|p2a: Shaymin\n|-supereffective|p2a: Shaymin\n|-crit|p2a: Shaymin\n|-damage|p2a: Shaymin|56/298 par\n|move|p2a: Shaymin|Substitute|p2a: Shaymin\n|-fail|p2a: Shaymin|move: Substitute|[weak]\n|\n|-heal|p2a: Shaymin|74/298 par|[from] item: Leftovers\n|upkeep\n|turn|5\n|\n|t:|1733882031\n|move|p1a: Minior|Acrobatics|p2a: Shaymin\n|-supereffective|p2a: Shaymin\n|-damage|p2a: Shaymin|8/298 par\n|cant|p2a: Shaymin|par\n|\n|-heal|p2a: Shaymin|26/298 par|[from] item: Leftovers\n|upkeep\n|turn|6\n|\n|t:|1733882038\n|move|p1a: Minior|Acrobatics|p2a: Shaymin\n|-supereffective|p2a: Shaymin\n|-damage|p2a: Shaymin|0 fnt\n|faint|p2a: Shaymin\n|\n|upkeep\n|\n|t:|1733882052\n|switch|p2a: Regigigas|Regigigas, L84|322/322\n|-start|p2a: Regigigas|ability: Slow Start\n|turn|7\n|\n|t:|1733882063\n|move|p1a: Minior|Shell Smash|p1a: Minior\n|-unboost|p1a: Minior|def|1\n|-unboost|p1a: Minior|spd|1\n|-boost|p1a: Minior|atk|2\n|-boost|p1a: Minior|spa|2\n|-boost|p1a: Minior|spe|2\n|-enditem|p1a: Minior|White Herb\n|-clearnegativeboost|p1a: Minior|[silent]\n|move|p2a: Regigigas|Knock Off|p1a: Minior\n|-damage|p1a: Minior|187/224\n|\n|upkeep\n|turn|8\n|\n|t:|1733882075\n|move|p1a: Minior|Power Gem|p2a: Regigigas\n|-damage|p2a: Regigigas|240/322\n|move|p2a: Regigigas|Body Slam|p1a: Minior\n|-resisted|p1a: Minior\n|-damage|p1a: Minior|153/224\n|\n|-heal|p2a: Regigigas|260/322|[from] item: Leftovers\n|upkeep\n|turn|9\n|inactive|Battle timer is ON: inactive players will automatically lose when time's up. (requested by cosmical_08)\n|\n|t:|1733882084\n|move|p1a: Minior|Shell Smash|p1a: Minior\n|-unboost|p1a: Minior|def|1\n|-unboost|p1a: Minior|spd|1\n|-boost|p1a: Minior|atk|2\n|-boost|p1a: Minior|spa|2\n|-boost|p1a: Minior|spe|2\n|move|p2a: Regigigas|Body Slam|p1a: Minior\n|-resisted|p1a: Minior\n|-damage|p1a: Minior|101/224\n|\n|-heal|p2a: Regigigas|280/322|[from] item: Leftovers\n|-formechange|p1a: Minior|Minior-Indigo||[from] ability: Shields Down\n|upkeep\n|turn|10\n|\n|t:|1733882094\n|move|p1a: Minior|Earthquake|p2a: Regigigas\n|-damage|p2a: Regigigas|116/322\n|move|p2a: Regigigas|Body Slam|p1a: Minior\n|-resisted|p1a: Minior\n|-damage|p1a: Minior|36/224\n|-status|p1a: Minior|par\n|\n|-heal|p2a: Regigigas|136/322|[from] item: Leftovers\n|upkeep\n|turn|11\n|\n|t:|1733882098\n|move|p1a: Minior|Earthquake|p2a: Regigigas\n|-damage|p2a: Regigigas|0 fnt\n|faint|p2a: Regigigas\n|-end|p2a: Regigigas|Slow Start|[silent]\n|\n|upkeep\n|\n|t:|1733882111\n|switch|p2a: Meowscarada|Meowscarada, L78, F|247/247\n|turn|12\n|\n|t:|1733882119\n|move|p1a: Minior|Acrobatics|p2a: Meowscarada\n|-supereffective|p2a: Meowscarada\n|-damage|p2a: Meowscarada|0 fnt\n|faint|p2a: Meowscarada\n|\n|upkeep\n|\n|t:|1733882125\n|switch|p2a: Suicune|Suicune, L82|298/298\n|-ability|p2a: Suicune|Pressure\n|turn|13\n|\n|t:|1733882133\n|-terastallize|p2a: Suicune|Steel\n|move|p1a: Minior|Acrobatics|p2a: Suicune\n|-resisted|p2a: Suicune\n|-damage|p2a: Suicune|165/298\n|move|p2a: Suicune|Scald|p1a: Minior\n|-supereffective|p1a: Minior\n|-damage|p1a: Minior|0 fnt\n|faint|p1a: Minior\n|\n|-heal|p2a: Suicune|183/298|[from] item: Leftovers\n|upkeep\n|\n|t:|1733882158\n|switch|p1a: Flapple|Flapple, L88, F|266/266\n|turn|14\n|\n|t:|1733882180\n|move|p2a: Suicune|Calm Mind|p2a: Suicune\n|-boost|p2a: Suicune|spa|1\n|-boost|p2a: Suicune|spd|1\n|move|p1a: Flapple|Outrage|p2a: Suicune\n|-resisted|p2a: Suicune\n|-damage|p2a: Suicune|81/298\n|\n|-heal|p2a: Suicune|99/298|[from] item: Leftovers\n|upkeep\n|turn|15\n|\n|t:|1733882187\n|move|p2a: Suicune|Scald|p1a: Flapple\n|-resisted|p1a: Flapple\n|-damage|p1a: Flapple|229/266\n|move|p1a: Flapple|Outrage|p2a: Suicune|[from]lockedmove\n|-resisted|p2a: Suicune\n|-damage|p2a: Suicune|0 fnt\n|faint|p2a: Suicune\n|\n|upkeep\n|\n|t:|1733882192\n|switch|p2a: Hitmonlee|Hitmonlee, L85, M|223/223\n|turn|16\n|\n|t:|1733882195\n|move|p2a: Hitmonlee|Poison Jab|p1a: Flapple\n|-supereffective|p1a: Flapple\n|-damage|p1a: Flapple|73/266\n|move|p1a: Flapple|Outrage|p2a: Hitmonlee|[from]lockedmove\n|-damage|p2a: Hitmonlee|0 fnt\n|faint|p2a: Hitmonlee\n|-start|p1a: Flapple|confusion|[fatigue]\n|-enditem|p1a: Flapple|Lum Berry|[eat]\n|-end|p1a: Flapple|confusion\n|\n|upkeep\n|\n|t:|1733882199\n|switch|p2a: Moltres|Moltres-Galar, L79|271/271\n|turn|17\n|inactive|cosmical_08 has 120 seconds left.\n|\n|t:|1733882230\n|move|p2a: Moltres|Fiery Wrath|p1a: Flapple\n|-damage|p1a: Flapple|0 fnt\n|faint|p1a: Flapple\n|\n|upkeep\n|inactive|cosmical_08 has 120 seconds left.\n|\n|t:|1733882235\n|switch|p1a: Morpeko|Morpeko, L88, M|245/245\n|turn|18\n|inactive|cosmical_08 has 120 seconds left.\n|\n|t:|1733882255\n|move|p1a: Morpeko|Aura Wheel|p2a: Moltres\n|-supereffective|p2a: Moltres\n|-damage|p2a: Moltres|13/271\n|-boost|p1a: Morpeko|spe|1\n|-ability|p2a: Moltres|Berserk|boost\n|-boost|p2a: Moltres|spa|1\n|move|p2a: Moltres|Fiery Wrath|p1a: Morpeko\n|-resisted|p1a: Morpeko\n|-damage|p1a: Morpeko|167/245\n|\n|-heal|p1a: Morpeko|182/245|[from] item: Leftovers\n|-formechange|p1a: Morpeko|Morpeko-Hangry||[from] ability: Hunger Switch\n|upkeep\n|turn|19\n|inactive|cosmical_08 has 120 seconds left.\n|\n|t:|1733882277\n|move|p1a: Morpeko|Rapid Spin|p2a: Moltres\n|-damage|p2a: Moltres|0 fnt\n|-boost|p1a: Morpeko|spe|1\n|faint|p2a: Moltres\n|\n|win|cosmical_08\n|raw|cosmical_08's rating: 1183 &rarr; <strong>1205</strong><br />(+22 for winning)\n|raw|kingkey3142's rating: 1135 &rarr; <strong>1113</strong><br />(-22 for losing)\n", "inputlog": ">version bfd83cad13791eb5a5a409923076391caf6fb4d4\n>start {\"formatid\":\"gen9randombattle\",\"seed\":[4171,61986,15215,57931],\"rated\":\"Rated battle\"}\n>player p1 {\"name\":\"cosmical_08\",\"avatar\":\"n\",\"rating\":1183,\"seed\":[64195,57925,30036,29602]}\n>player p2 {\"name\":\"kingkey3142\",\"avatar\":\"101\",\"rating\":1135,\"seed\":[23442,19913,38609,8224]}\n>p1 move lunge\n>p2 move airslash\n>p1 move thunderwave\n>p2 move airslash\n>p1 move lunge\n>p2 move airslash\n>p1 switch 3\n>p1 move acrobatics\n>p2 move substitute\n>p1 move acrobatics\n>p2 move seedflare\n>p1 move acrobatics\n>p2 move seedflare\n>p2 switch 3\n>p1 move shellsmash\n>p2 move knockoff\n>p1 move powergem\n>p2 move bodyslam\n>p1 move shellsmash\n>p2 move bodyslam\n>p1 move earthquake\n>p2 move bodyslam\n>p1 move earthquake\n>p2 move bodyslam\n>p2 switch 6\n>p1 move acrobatics\n>p2 move flowertrick\n>p2 switch 5\n>p1 move acrobatics\n>p2 move scald terastallize\n>p1 switch 6\n>p1 move outrage\n>p2 move calmmind\n>p1 move outrage\n>p2 move scald\n>p2 switch 4\n>p1 move outrage\n>p2 move poisonjab\n>p2 switch 2\n>p1 move outrage\n>p2 move fierywrath\n>p1 switch 2\n>p1 move aurawheel\n>p2 move fierywrath\n>p1 move rapidspin\n>p2 move fierywrath", "uploadtime": 1733882282, "views": 2, "formatid": "gen9randombattle", "rating": 1113, "private": 0, "password": null}