{"id": "gen9randombattle-2009249915", "format": "[Gen 9] Random Battle", "players": ["Amphinobite", "eldin"], "log": "|j|\u2606Amphinobite\n|j|\u2606eldin\n|t:|1702294703\n|gametype|singles\n|player|p1|Amphinobite|266|2233\n|player|p2|eldin|169|2227\n|teamsize|p1|6\n|teamsize|p2|6\n|gen|9\n|tier|[Gen 9] Random Battle\n|rated|\n|rule|Species Clause: Limit one of each Pok\u00e9mon\n|rule|HP Percentage Mod: HP is shown in percentages\n|rule|Sleep Clause Mod: Limit one foe put to sleep\n|rule|Illusion Level Mod: Illusion disguises the Pok\u00e9mon's true level\n|\n|t:|1702294703\n|start\n|switch|p1a: Orthworm|Orthworm, L88, F|266/266\n|switch|p2a: Great Tusk|Great Tusk, L77|304/304\n|turn|1\n|\n|t:|1702294734\n|switch|p1a: Hoopa|Hoopa, L85|275/275\n|move|p2a: Great Tusk|Knock Off|p1a: Hoopa\n|-supereffective|p1a: Hoopa\n|-damage|p1a: Hoopa|0 fnt\n|-enditem|p1a: Hoopa|Life Orb|[from] move: Knock Off|[of] p2a: Great Tusk\n|faint|p1a: Hoopa\n|\n|upkeep\n|\n|t:|1702294740\n|switch|p1a: Ogerpon|Ogerpon-Wellspring, L76, F|247/247\n|turn|2\n|inactive|Battle timer is ON: inactive players will automatically lose when time's up. (requested by Amphinobite)\n|\n|t:|1702294768\n|-end|p2a: Great Tusk|Protosynthesis|[silent]\n|switch|p2a: Luxray|Luxray, L88, M|284/284\n|-ability|p2a: Luxray|Intimidate|boost\n|-unboost|p1a: Ogerpon|atk|1\n|move|p1a: Ogerpon|Spikes|p2a: Luxray\n|-sidestart|p2: eldin|Spikes\n|\n|upkeep\n|turn|3\n|\n|t:|1702294773\n|switch|p1a: Sandy Shocks|Sandy Shocks, L80|267/267\n|move|p2a: Luxray|Volt Switch|p1a: Sandy Shocks\n|-immune|p1a: Sandy Shocks\n|\n|upkeep\n|turn|4\n|\n|t:|1702294780\n|move|p1a: Sandy Shocks|Stealth Rock|p2a: Luxray\n|-sidestart|p2: eldin|move: Stealth Rock\n|move|p2a: Luxray|Ice Fang|p1a: Sandy Shocks\n|-supereffective|p1a: Sandy Shocks\n|-damage|p1a: Sandy Shocks|155/267\n|\n|-heal|p1a: Sandy Shocks|171/267|[from] item: Leftovers\n|upkeep\n|turn|5\n|\n|t:|1702294783\n|move|p1a: Sandy Shocks|Earth Power|p2a: Luxray\n|-supereffective|p2a: Luxray\n|-crit|p2a: Luxray\n|-damage|p2a: Luxray|80/284\n|move|p2a: Luxray|Ice Fang|p1a: Sandy Shocks\n|-supereffective|p1a: Sandy Shocks\n|-damage|p1a: Sandy Shocks|63/267\n|\n|-heal|p1a: Sandy Shocks|79/267|[from] item: Leftovers\n|upkeep\n|turn|6\n|\n|t:|1702294787\n|move|p1a: Sandy Shocks|Earth Power|p2a: Luxray\n|-supereffective|p2a: Luxray\n|-damage|p2a: Luxray|0 fnt\n|faint|p2a: Luxray\n|\n|-heal|p1a: Sandy Shocks|95/267|[from] item: Leftovers\n|upkeep\n|\n|t:|1702294793\n|switch|p2a: Great Tusk|Great Tusk, L77|304/304\n|-damage|p2a: Great Tusk|266/304|[from] Spikes\n|-damage|p2a: Great Tusk|257/304|[from] Stealth Rock\n|turn|7\n|\n|t:|1702294798\n|move|p1a: Sandy Shocks|Earth Power|p2a: Great Tusk\n|-damage|p2a: Great Tusk|155/304\n|move|p2a: Great Tusk|Rapid Spin|p1a: Sandy Shocks\n|-damage|p1a: Sandy Shocks|61/267\n|-boost|p2a: Great Tusk|spe|1\n|-sideend|p2: eldin|Spikes|[from] move: Rapid Spin|[of] p2a: Great Tusk\n|-sideend|p2: eldin|Stealth Rock|[from] move: Rapid Spin|[of] p2a: Great Tusk\n|\n|-heal|p1a: Sandy Shocks|77/267|[from] item: Leftovers\n|upkeep\n|turn|8\n|\n|t:|1702294805\n|-end|p1a: Sandy Shocks|Protosynthesis|[silent]\n|switch|p1a: Ogerpon|Ogerpon-Wellspring, L76, F|247/247\n|move|p2a: Great Tusk|Close Combat|p1a: Ogerpon\n|-damage|p1a: Ogerpon|100/247\n|-unboost|p2a: Great Tusk|def|1\n|-unboost|p2a: Great Tusk|spd|1\n|\n|upkeep\n|turn|9\n|\n|t:|1702294812\n|move|p2a: Great Tusk|Close Combat|p1a: Ogerpon\n|-damage|p1a: Ogerpon|0 fnt\n|-unboost|p2a: Great Tusk|def|1\n|-unboost|p2a: Great Tusk|spd|1\n|faint|p1a: Ogerpon\n|\n|upkeep\n|\n|t:|1702294818\n|switch|p1a: Orthworm|Orthworm, L88, F|266/266\n|turn|10\n|j| ANIMEHATER91\n|\n|t:|1702294824\n|-end|p2a: Great Tusk|Protosynthesis|[silent]\n|switch|p2a: Politoed|Politoed, L88, F|302/302\n|-weather|RainDance|[from] ability: Drizzle|[of] p2a: Politoed\n|-terastallize|p1a: Orthworm|Electric\n|move|p1a: Orthworm|Coil|p1a: Orthworm\n|-boost|p1a: Orthworm|atk|1\n|-boost|p1a: Orthworm|def|1\n|-boost|p1a: Orthworm|accuracy|1\n|\n|-weather|RainDance|[upkeep]\n|upkeep\n|turn|11\n|\n|t:|1702294831\n|switch|p1a: Sandy Shocks|Sandy Shocks, L80|77/267\n|move|p2a: Politoed|Encore||[still]\n|-fail|p2a: Politoed\n|\n|-weather|RainDance|[upkeep]\n|-heal|p1a: Sandy Shocks|93/267|[from] item: Leftovers\n|upkeep\n|turn|12\n|\n|t:|1702294839\n|switch|p2a: Great Tusk|Great Tusk, L77|155/304\n|move|p1a: Sandy Shocks|Thunderbolt|p2a: Great Tusk\n|-immune|p2a: Great Tusk\n|\n|-weather|RainDance|[upkeep]\n|-heal|p1a: Sandy Shocks|109/267|[from] item: Leftovers\n|upkeep\n|turn|13\n|\n|t:|1702294845\n|move|p1a: Sandy Shocks|Earth Power|p2a: Great Tusk\n|-damage|p2a: Great Tusk|38/304\n|move|p2a: Great Tusk|Knock Off|p1a: Sandy Shocks\n|-damage|p1a: Sandy Shocks|38/267\n|-enditem|p1a: Sandy Shocks|Leftovers|[from] move: Knock Off|[of] p2a: Great Tusk\n|\n|-weather|RainDance|[upkeep]\n|upkeep\n|turn|14\n|\n|t:|1702294852\n|move|p1a: Sandy Shocks|Earth Power|p2a: Great Tusk\n|-damage|p2a: Great Tusk|0 fnt\n|faint|p2a: Great Tusk\n|-end|p2a: Great Tusk|Protosynthesis|[silent]\n|\n|-weather|none\n|upkeep\n|\n|t:|1702294855\n|switch|p2a: Weavile|Weavile, L80, M|243/243\n|turn|15\n|\n|t:|1702294859\n|-end|p1a: Sandy Shocks|Protosynthesis|[silent]\n|switch|p1a: Glastrier|Glastrier, L86|312/312\n|move|p2a: Weavile|Knock Off|p1a: Glastrier\n|-damage|p1a: Glastrier|182/312\n|-enditem|p1a: Glastrier|Heavy-Duty Boots|[from] move: Knock Off|[of] p2a: Weavile\n|\n|upkeep\n|turn|16\n|inactive|eldin has 120 seconds left.\n|\n|t:|1702294889\n|switch|p2a: Copperajah|Copperajah, L86, F|350/350\n|move|p1a: Glastrier|Close Combat|p2a: Copperajah\n|-supereffective|p2a: Copperajah\n|-damage|p2a: Copperajah|76/350\n|-unboost|p1a: Glastrier|def|1\n|-unboost|p1a: Glastrier|spd|1\n|\n|upkeep\n|turn|17\n|\n|t:|1702294894\n|move|p2a: Copperajah|Superpower|p1a: Glastrier\n|-supereffective|p1a: Glastrier\n|-damage|p1a: Glastrier|0 fnt\n|-unboost|p2a: Copperajah|atk|1\n|-unboost|p2a: Copperajah|def|1\n|faint|p1a: Glastrier\n|-damage|p2a: Copperajah|41/350|[from] item: Life Orb\n|\n|upkeep\n|\n|t:|1702294899\n|switch|p1a: Sandy Shocks|Sandy Shocks, L80|38/267\n|turn|18\n|\n|t:|1702294902\n|move|p1a: Sandy Shocks|Stealth Rock|p2a: Copperajah\n|-sidestart|p2: eldin|move: Stealth Rock\n|move|p2a: Copperajah|Superpower|p1a: Sandy Shocks\n|-damage|p1a: Sandy Shocks|0 fnt\n|-unboost|p2a: Copperajah|atk|1\n|-unboost|p2a: Copperajah|def|1\n|faint|p1a: Sandy Shocks\n|-end|p1a: Sandy Shocks|Protosynthesis|[silent]\n|-damage|p2a: Copperajah|6/350|[from] item: Life Orb\n|\n|upkeep\n|\n|t:|1702294906\n|switch|p1a: Orthworm|Orthworm, L88, F, tera:Electric|266/266\n|turn|19\n|\n|t:|1702294913\n|move|p1a: Orthworm|Body Press|p2a: Copperajah\n|-supereffective|p2a: Copperajah\n|-damage|p2a: Copperajah|0 fnt\n|faint|p2a: Copperajah\n|\n|upkeep\n|\n|t:|1702294921\n|switch|p2a: Politoed|Politoed, L88, F|302/302\n|-damage|p2a: Politoed|265/302|[from] Stealth Rock\n|-weather|RainDance|[from] ability: Drizzle|[of] p2a: Politoed\n|turn|20\n|\n|t:|1702294927\n|move|p2a: Politoed|Surf|p1a: Orthworm\n|-damage|p1a: Orthworm|70/266\n|move|p1a: Orthworm|Body Press|p2a: Politoed\n|-damage|p2a: Politoed|167/302\n|\n|-weather|RainDance|[upkeep]\n|upkeep\n|turn|21\n|\n|t:|1702294931\n|move|p2a: Politoed|Surf|p1a: Orthworm\n|-damage|p1a: Orthworm|0 fnt\n|faint|p1a: Orthworm\n|\n|-weather|RainDance|[upkeep]\n|upkeep\n|\n|t:|1702294933\n|switch|p1a: Zacian|Zacian-Crowned, L64|225/225\n|-ability|p1a: Zacian|Intrepid Sword|boost\n|-boost|p1a: Zacian|atk|1\n|turn|22\n|\n|t:|1702294949\n|-terastallize|p2a: Politoed|Steel\n|move|p1a: Zacian|Play Rough|p2a: Politoed\n|-resisted|p2a: Politoed\n|-damage|p2a: Politoed|100/302\n|move|p2a: Politoed|Encore|p1a: Zacian\n|-start|p1a: Zacian|Encore\n|\n|-weather|RainDance|[upkeep]\n|upkeep\n|turn|23\n|\n|t:|1702294953\n|move|p1a: Zacian|Play Rough|p2a: Politoed\n|-resisted|p2a: Politoed\n|-damage|p2a: Politoed|31/302\n|move|p2a: Politoed|Rest|p2a: Politoed\n|-status|p2a: Politoed|slp|[from] move: Rest\n|-heal|p2a: Politoed|302/302 slp|[silent]\n|-enditem|p2a: Politoed|Chesto Berry|[eat]\n|-curestatus|p2a: Politoed|slp|[msg]\n|\n|-weather|RainDance|[upkeep]\n|upkeep\n|turn|24\n|\n|t:|1702294956\n|move|p1a: Zacian|Play Rough|p2a: Politoed\n|-resisted|p2a: Politoed\n|-damage|p2a: Politoed|236/302\n|move|p2a: Politoed|Surf|p1a: Zacian\n|-damage|p1a: Zacian|74/225\n|\n|-weather|none\n|upkeep\n|turn|25\n|\n|t:|1702294958\n|move|p1a: Zacian|Play Rough|p2a: Politoed\n|-resisted|p2a: Politoed\n|-damage|p2a: Politoed|170/302\n|move|p2a: Politoed|Surf|p1a: Zacian\n|-damage|p1a: Zacian|0 fnt\n|faint|p1a: Zacian\n|\n|win|eldin\n|raw|Amphinobite's rating: 2233 &rarr; <strong>2213</strong><br />(-20 for losing)\n|raw|eldin's rating: 2227 &rarr; <strong>2247</strong><br />(+20 for winning)\n|l|\u2606eldin\n|l|\u2606Amphinobite\n", "inputlog": ">version 95ce5c3715da640275f4b2c31adef9e30efcc55c\n>start {\"formatid\":\"gen9randombattle\",\"seed\":[21779,30705,49687,26933],\"rated\":\"Rated battle\"}\n>player p1 {\"name\":\"Amphinobite\",\"avatar\":\"266\",\"rating\":2233,\"seed\":[32141,9298,22634,54364]}\n>player p2 {\"name\":\"eldin\",\"avatar\":\"169\",\"rating\":2227,\"seed\":[45192,30021,9784,36832]}\n>p1 switch 5\n>p2 move knockoff\n>p1 switch 6\n>p1 move spikes\n>p2 switch 3\n>p1 switch 2\n>p2 move voltswitch\n>p1 move stealthrock\n>p2 move icefang\n>p1 move earthpower\n>p2 move icefang\n>p1 move earthpower\n>p2 move icefang\n>p2 switch 3\n>p1 move earthpower\n>p2 move rapidspin\n>p1 switch 2\n>p2 move closecombat\n>p1 move synthesis\n>p2 move closecombat\n>p1 switch 5\n>p1 move coil terastallize\n>p2 switch 2\n>p1 switch 2\n>p2 move encore\n>p1 move thunderbolt\n>p2 switch 2\n>p1 move earthpower\n>p2 move knockoff\n>p1 move earthpower\n>p2 move rapidspin\n>p2 switch 5\n>p1 switch 3\n>p2 move knockoff\n>p1 move closecombat\n>p2 switch 6\n>p1 move closecombat\n>p2 move superpower\n>p1 switch 3\n>p1 move stealthrock\n>p2 move superpower\n>p1 switch 2\n>p1 move bodypress\n>p2 move superpower\n>p2 switch 2\n>p1 move bodypress\n>p2 move surf\n>p1 move bodypress\n>p2 move surf\n>p1 switch 4\n>p1 move playrough\n>p2 move encore terastallize\n>p1 move playrough\n>p2 move rest\n>p1 move playrough\n>p2 move surf\n>p1 move playrough\n>p2 move surf", "uploadtime": 1702295013, "views": 242, "formatid": "gen9randombattle", "rating": 2213, "private": 0, "password": null}