{"id": "gen9randombattle-2260817525", "format": "[Gen 9] Random Battle", "players": ["pcmajorminer", "SpottedSeal"], "log": "|j|\u2606pcmajorminer\n|j|\u2606SpottedSeal\n|t:|1733897453\n|gametype|singles\n|player|p1|pcmajorminer|265|1285\n|player|p2|SpottedSeal|266|1313\n|teamsize|p1|6\n|teamsize|p2|6\n|gen|9\n|tier|[Gen 9] Random Battle\n|rated|\n|rule|Species Clause: Limit one of each Pok\u00e9mon\n|rule|HP Percentage Mod: HP is shown in percentages\n|rule|Sleep Clause Mod: Limit one foe put to sleep\n|rule|Illusion Level Mod: Illusion disguises the Pok\u00e9mon's true level\n|\n|t:|1733897453\n|start\n|switch|p1a: Mismagius|Mismagius, L86, M|243/243\n|switch|p2a: Hypno|Hypno, L95, M|315/315\n|turn|1\n|inactive|Battle timer is ON: inactive players will automatically lose when time's up. (requested by SpottedSeal)\n|j| luvbunz\n|\n|t:|1733897466\n|move|p1a: Mismagius|Thunderbolt|p2a: Hypno\n|-damage|p2a: Hypno|253/315\n|-damage|p1a: Mismagius|219/243|[from] item: Life Orb\n|move|p2a: Hypno|Toxic|p1a: Mismagius|[miss]\n|-miss|p2a: Hypno|p1a: Mismagius\n|\n|-heal|p2a: Hypno|272/315|[from] item: Leftovers\n|upkeep\n|turn|2\n|\n|t:|1733897474\n|switch|p2a: Smeargle|Smeargle, L95, F|258/258\n|move|p1a: Mismagius|Shadow Ball|p2a: Smeargle\n|-immune|p2a: Smeargle\n|\n|upkeep\n|turn|3\n|\n|t:|1733897482\n|move|p1a: Mismagius|Nasty Plot|p1a: Mismagius\n|-boost|p1a: Mismagius|spa|2\n|move|p2a: Smeargle|Spore|p1a: Mismagius\n|-status|p1a: Mismagius|slp|[from] move: Spore\n|\n|upkeep\n|turn|4\n|\n|t:|1733897486\n|cant|p1a: Mismagius|slp\n|move|p2a: Smeargle|Ceaseless Edge|p1a: Mismagius|[miss]\n|-miss|p2a: Smeargle|p1a: Mismagius\n|\n|upkeep\n|turn|5\n|\n|t:|1733897497\n|switch|p1a: Lumineon|Lumineon, L93, F|279/279\n|move|p2a: Smeargle|Ceaseless Edge|p1a: Lumineon\n|-damage|p1a: Lumineon|255/279\n|-sidestart|p1: pcmajorminer|Spikes\n|\n|upkeep\n|turn|6\n|\n|t:|1733897503\n|move|p1a: Lumineon|Alluring Voice|p2a: Smeargle\n|-damage|p2a: Smeargle|180/258\n|move|p2a: Smeargle|Sticky Web|p1a: Lumineon\n|-sidestart|p1: pcmajorminer|move: Sticky Web\n|\n|upkeep\n|turn|7\n|\n|t:|1733897509\n|move|p1a: Lumineon|Hydro Pump|p2a: Smeargle|[miss]\n|-miss|p1a: Lumineon|p2a: Smeargle\n|move|p2a: Smeargle|Stealth Rock|p1a: Lumineon\n|-sidestart|p1: pcmajorminer|move: Stealth Rock\n|\n|upkeep\n|turn|8\n|\n|t:|1733897513\n|move|p1a: Lumineon|Hydro Pump|p2a: Smeargle|[miss]\n|-miss|p1a: Lumineon|p2a: Smeargle\n|move|p2a: Smeargle|Ceaseless Edge|p1a: Lumineon\n|-damage|p1a: Lumineon|231/279\n|-sidestart|p1: pcmajorminer|Spikes\n|\n|upkeep\n|turn|9\n|\n|t:|1733897524\n|move|p1a: Lumineon|Hydro Pump|p2a: Smeargle\n|-damage|p2a: Smeargle|35/258\n|move|p2a: Smeargle|Ceaseless Edge|p1a: Lumineon\n|-crit|p1a: Lumineon\n|-damage|p1a: Lumineon|196/279\n|-sidestart|p1: pcmajorminer|Spikes\n|\n|upkeep\n|turn|10\n|\n|t:|1733897529\n|move|p1a: Lumineon|Alluring Voice|p2a: Smeargle\n|-damage|p2a: Smeargle|0 fnt\n|faint|p2a: Smeargle\n|\n|upkeep\n|\n|t:|1733897535\n|switch|p2a: Hypno|Hypno, L95, M|272/315\n|turn|11\n|\n|t:|1733897550\n|move|p1a: Lumineon|Hydro Pump|p2a: Hypno\n|-damage|p2a: Hypno|193/315\n|move|p2a: Hypno|Toxic|p1a: Lumineon\n|-status|p1a: Lumineon|tox\n|\n|-heal|p2a: Hypno|212/315|[from] item: Leftovers\n|-damage|p1a: Lumineon|179/279 tox|[from] psn\n|upkeep\n|turn|12\n|\n|t:|1733897556\n|move|p2a: Hypno|Protect|p2a: Hypno\n|-singleturn|p2a: Hypno|Protect\n|move|p1a: Lumineon|Encore|p2a: Hypno\n|-activate|p2a: Hypno|move: Protect\n|\n|-heal|p2a: Hypno|231/315|[from] item: Leftovers\n|-damage|p1a: Lumineon|145/279 tox|[from] psn\n|upkeep\n|turn|13\n|\n|t:|1733897566\n|switch|p2a: Ogerpon|Ogerpon-Wellspring, L76, F|247/247\n|move|p1a: Lumineon|U-turn|p2a: Ogerpon\n|-supereffective|p2a: Ogerpon\n|-damage|p2a: Ogerpon|141/247\n|\n|t:|1733897576\n|switch|p1a: Appletun|Appletun, L92, M|352/352|[from] U-turn\n|-damage|p1a: Appletun|264/352|[from] Spikes\n|-activate|p1a: Appletun|move: Sticky Web\n|-unboost|p1a: Appletun|spe|1\n|-damage|p1a: Appletun|220/352|[from] Stealth Rock\n|\n|-heal|p1a: Appletun|242/352|[from] item: Leftovers\n|upkeep\n|turn|14\n|inactive|pcmajorminer has 120 seconds left.\n|inactive|pcmajorminer has 90 seconds left.\n|\n|t:|1733897646\n|switch|p2a: Scizor|Scizor, L79, F|240/240\n|move|p1a: Appletun|Recover|p1a: Appletun\n|-heal|p1a: Appletun|352/352\n|\n|upkeep\n|turn|15\n|inactive|pcmajorminer has 90 seconds left.\n|\n|t:|1733897652\n|move|p2a: Scizor|U-turn|p1a: Appletun\n|-supereffective|p1a: Appletun\n|-damage|p1a: Appletun|88/352\n|\n|t:|1733897655\n|switch|p2a: Hypno|Hypno, L95, M|231/315|[from] U-turn\n|move|p1a: Appletun|Dragon Pulse|p2a: Hypno\n|-damage|p2a: Hypno|152/315\n|\n|-heal|p2a: Hypno|171/315|[from] item: Leftovers\n|-heal|p1a: Appletun|110/352|[from] item: Leftovers\n|upkeep\n|turn|16\n|\n|t:|1733897661\n|move|p2a: Hypno|Psychic Noise|p1a: Appletun\n|-damage|p1a: Appletun|31/352\n|-start|p1a: Appletun|move: Heal Block\n|cant|p1a: Appletun|move: Heal Block|Recover\n|\n|-heal|p2a: Hypno|190/315|[from] item: Leftovers\n|upkeep\n|turn|17\n|\n|t:|1733897672\n|move|p2a: Hypno|Psychic Noise|p1a: Appletun\n|-damage|p1a: Appletun|0 fnt\n|faint|p1a: Appletun\n|\n|-heal|p2a: Hypno|209/315|[from] item: Leftovers\n|upkeep\n|\n|t:|1733897680\n|switch|p1a: Lumineon|Lumineon, L93, F|145/279 tox\n|turn|18\n|\n|t:|1733897688\n|switch|p2a: Ogerpon|Ogerpon-Wellspring, L76, F|141/247\n|move|p1a: Lumineon|U-turn|p2a: Ogerpon\n|-supereffective|p2a: Ogerpon\n|-damage|p2a: Ogerpon|27/247\n|\n|t:|1733897693\n|switch|p1a: Azumarill|Azumarill, L82, F|298/298|[from] U-turn\n|-damage|p1a: Azumarill|224/298|[from] Spikes\n|-activate|p1a: Azumarill|move: Sticky Web\n|-unboost|p1a: Azumarill|spe|1\n|-damage|p1a: Azumarill|187/298|[from] Stealth Rock\n|\n|upkeep\n|turn|19\n|\n|t:|1733897706\n|switch|p2a: Scizor|Scizor, L79, F|240/240\n|move|p1a: Azumarill|Liquidation|p2a: Scizor\n|-damage|p2a: Scizor|87/240\n|\n|upkeep\n|turn|20\n|inactive|pcmajorminer has 120 seconds left.\n|\n|t:|1733897717\n|switch|p2a: Ogerpon|Ogerpon-Wellspring, L76, F|27/247\n|move|p1a: Azumarill|Liquidation|p2a: Ogerpon\n|-heal|p2a: Ogerpon|88/247|[from] ability: Water Absorb|[of] p1a: Azumarill\n|\n|upkeep\n|turn|21\n|inactive|pcmajorminer has 120 seconds left.\n|\n|t:|1733897729\n|switch|p1a: Crabominable|Crabominable, L90, F|321/321\n|-damage|p1a: Crabominable|241/321|[from] Spikes\n|-activate|p1a: Crabominable|move: Sticky Web\n|-unboost|p1a: Crabominable|spe|1\n|-damage|p1a: Crabominable|201/321|[from] Stealth Rock\n|move|p2a: Ogerpon|Power Whip|p1a: Crabominable\n|-damage|p1a: Crabominable|38/321\n|\n|upkeep\n|turn|22\n|inactive|pcmajorminer has 120 seconds left.\n|\n|t:|1733897739\n|move|p2a: Ogerpon|Ivy Cudgel|p1a: Crabominable|[anim] Ivy Cudgel Water\n|-crit|p1a: Crabominable\n|-damage|p1a: Crabominable|0 fnt\n|faint|p1a: Crabominable\n|\n|upkeep\n|\n|t:|1733897744\n|switch|p1a: Lumineon|Lumineon, L93, F|145/279 tox\n|turn|23\n|\n|t:|1733897751\n|switch|p2a: Scizor|Scizor, L79, F|87/240\n|move|p1a: Lumineon|U-turn|p2a: Scizor\n|-resisted|p2a: Scizor\n|-damage|p2a: Scizor|63/240\n|\n|t:|1733897755\n|switch|p1a: Azumarill|Azumarill, L82, F|187/298|[from] U-turn\n|-damage|p1a: Azumarill|113/298|[from] Spikes\n|-activate|p1a: Azumarill|move: Sticky Web\n|-unboost|p1a: Azumarill|spe|1\n|-damage|p1a: Azumarill|76/298|[from] Stealth Rock\n|\n|upkeep\n|turn|24\n|\n|t:|1733897762\n|move|p2a: Scizor|Bullet Punch|p1a: Azumarill\n|-damage|p1a: Azumarill|0 fnt\n|faint|p1a: Azumarill\n|\n|upkeep\n|\n|t:|1733897769\n|switch|p1a: Lumineon|Lumineon, L93, F|145/279 tox\n|turn|25\n|\n|t:|1733897773\n|move|p2a: Scizor|Bullet Punch|p1a: Lumineon\n|-resisted|p1a: Lumineon\n|-damage|p1a: Lumineon|90/279 tox\n|move|p1a: Lumineon|Hydro Pump|p2a: Scizor\n|-damage|p2a: Scizor|0 fnt\n|faint|p2a: Scizor\n|\n|-damage|p1a: Lumineon|73/279 tox|[from] psn\n|upkeep\n|\n|t:|1733897778\n|switch|p2a: Magcargo|Magcargo, L95, F|268/268\n|turn|26\n|\n|t:|1733897783\n|switch|p2a: Ogerpon|Ogerpon-Wellspring, L76, F|88/247\n|move|p1a: Lumineon|Hydro Pump|p2a: Ogerpon\n|-heal|p2a: Ogerpon|149/247|[from] ability: Water Absorb|[of] p1a: Lumineon\n|\n|-damage|p1a: Lumineon|39/279 tox|[from] psn\n|upkeep\n|turn|27\n|\n|t:|1733897794\n|move|p1a: Lumineon|Hydro Pump|p2a: Ogerpon\n|-heal|p2a: Ogerpon|210/247|[from] ability: Water Absorb|[of] p1a: Lumineon\n|move|p2a: Ogerpon|Power Whip|p1a: Lumineon\n|-supereffective|p1a: Lumineon\n|-damage|p1a: Lumineon|0 fnt\n|faint|p1a: Lumineon\n|\n|upkeep\n|\n|t:|1733897800\n|switch|p1a: Mismagius|Mismagius, L86, M|219/243 slp\n|-damage|p1a: Mismagius|189/243 slp|[from] Stealth Rock\n|turn|28\n|\n|t:|1733897805\n|cant|p1a: Mismagius|slp\n|move|p2a: Ogerpon|Swords Dance|p2a: Ogerpon\n|-boost|p2a: Ogerpon|atk|2\n|\n|upkeep\n|turn|29\n|\n|t:|1733897810\n|-curestatus|p1a: Mismagius|slp|[msg]\n|move|p1a: Mismagius|Thunderbolt|p2a: Ogerpon\n|-damage|p2a: Ogerpon|115/247\n|-damage|p1a: Mismagius|165/243|[from] item: Life Orb\n|move|p2a: Ogerpon|Ivy Cudgel|p1a: Mismagius|[anim] Ivy Cudgel Water\n|-damage|p1a: Mismagius|0 fnt\n|faint|p1a: Mismagius\n|\n|upkeep\n|\n|t:|1733897815\n|switch|p1a: Weezing|Weezing, L88, F|258/258\n|-damage|p1a: Weezing|226/258|[from] Stealth Rock\n|turn|30\n|\n|t:|1733897823\n|-terastallize|p1a: Weezing|Steel\n|move|p2a: Ogerpon|Ivy Cudgel|p1a: Weezing|[anim] Ivy Cudgel Water\n|-crit|p1a: Weezing\n|-damage|p1a: Weezing|0 fnt\n|faint|p1a: Weezing\n|\n|win|SpottedSeal\n|raw|pcmajorminer's rating: 1285 &rarr; <strong>1262</strong><br />(-23 for losing)\n|raw|SpottedSeal's rating: 1313 &rarr; <strong>1331</strong><br />(+18 for winning)\n", "inputlog": ">version bfd83cad13791eb5a5a409923076391caf6fb4d4\n>start {\"formatid\":\"gen9randombattle\",\"seed\":[42842,64408,17610,674],\"rated\":\"Rated battle\"}\n>player p1 {\"name\":\"pcmajorminer\",\"avatar\":\"265\",\"rating\":1285,\"seed\":[53493,40812,3104,51880]}\n>player p2 {\"name\":\"SpottedSeal\",\"avatar\":\"266\",\"rating\":1313,\"seed\":[2563,48423,37139,8527]}\n>p1 move thunderbolt\n>p2 move toxic\n>p1 move shadowball\n>p2 switch 3\n>p1 move nastyplot\n>p2 move spore\n>p1 move dazzlinggleam\n>p2 move ceaselessedge\n>p1 switch 5\n>p2 move ceaselessedge\n>p1 move alluringvoice\n>p2 move stickyweb\n>p1 move hydropump\n>p2 move stealthrock\n>p1 move hydropump\n>p2 move ceaselessedge\n>p1 move hydropump\n>p2 move ceaselessedge\n>p1 move alluringvoice\n>p2 move ceaselessedge\n>p2 switch 3\n>p1 move hydropump\n>p2 move toxic\n>p1 move encore\n>p2 move protect\n>p1 move uturn\n>p2 switch 5\n>p1 switch 3\n>p1 move recover\n>p2 switch 6\n>p1 move dragonpulse\n>p2 move uturn\n>p2 switch 5\n>p1 move recover\n>p2 move psychicnoise\n>p1 move dragonpulse\n>p2 move psychicnoise\n>p1 switch 3\n>p1 move uturn\n>p2 switch 6\n>p1 switch 2\n>p1 move liquidation\n>p2 switch 5\n>p1 move liquidation\n>p2 switch 5\n>p1 switch 4\n>p2 move powerwhip\n>p1 move drainpunch\n>p2 move ivycudgel\n>p1 switch 2\n>p1 move uturn\n>p2 switch 5\n>p1 switch 4\n>p1 move icespinner\n>p2 move bulletpunch\n>p1 switch 4\n>p1 move hydropump\n>p2 move bulletpunch\n>p2 switch 2\n>p1 move hydropump\n>p2 switch 5\n>p1 move hydropump\n>p2 move powerwhip\n>p1 switch 5\n>p1 move nastyplot\n>p2 move swordsdance\n>p1 move thunderbolt\n>p2 move ivycudgel\n>p1 switch 6\n>p1 move fireblast terastallize\n>p2 move ivycudgel", "uploadtime": 1733897830, "views": 2, "formatid": "gen9randombattle", "rating": 1262, "private": 0, "password": null}