{"id": "gen9randombattle-2097658735", "format": "[Gen 9] Random Battle", "players": ["Referrals", "pokeblade\u2606101"], "log": "|badge|p1|silver|gen9randombattle|30-1\n|uhtml|medal-msg|<div class=\"broadcast-blue\">Curious what those medals under the avatar are? PS now has Ladder Seasons! For more information, check out the <a href=\"https://www.smogon.com/forums/threads/3740067/\">thread on Smogon.</a></div>\n|badge|p2|gold|gen9randombattle|3-1\n|uhtml|medal-msg|<div class=\"broadcast-blue\">Curious what those medals under the avatar are? PS now has Ladder Seasons! For more information, check out the <a href=\"https://www.smogon.com/forums/threads/3740067/\">thread on Smogon.</a></div>\n|j|\u2606Referrals\n|j|\u2606pokeblade\u2606101\n|t:|1712447344\n|gametype|singles\n|player|p1|Referrals|#rbtt7teamsuicunef|2408\n|player|p2|pokeblade\u2606101|#rbtt7teamchiyu|2517\n|teamsize|p1|6\n|teamsize|p2|6\n|gen|9\n|tier|[Gen 9] Random Battle\n|rated|\n|rule|Species Clause: Limit one of each Pok\u00e9mon\n|rule|HP Percentage Mod: HP is shown in percentages\n|rule|Sleep Clause Mod: Limit one foe put to sleep\n|rule|Illusion Level Mod: Illusion disguises the Pok\u00e9mon's true level\n|\n|t:|1712447344\n|start\n|switch|p1a: Solgaleo|Solgaleo, L74|325/325\n|switch|p2a: Articuno|Articuno, L86|295/295\n|-ability|p2a: Articuno|Pressure\n|turn|1\n|inactive|Battle timer is ON: inactive players will automatically lose when time's up. (requested by Referrals)\n|j|+Aqua\n|c|\u2606Referrals|i need some of dat elo\n|\n|t:|1712447367\n|switch|p2a: Palossand|Palossand, L89, M|296/296\n|move|p1a: Solgaleo|Flare Blitz|p2a: Palossand\n|-damage|p2a: Palossand|227/296\n|-damage|p1a: Solgaleo|302/325|[from] Recoil\n|\n|-heal|p1a: Solgaleo|322/325|[from] item: Leftovers\n|-heal|p2a: Palossand|245/296|[from] item: Leftovers\n|upkeep\n|turn|2\n|\n|t:|1712447372\n|switch|p1a: Bombirdier|Bombirdier, L85, M|258/258\n|move|p2a: Palossand|Stealth Rock|p1a: Bombirdier\n|-sidestart|p1: Referrals|move: Stealth Rock\n|\n|-heal|p2a: Palossand|263/296|[from] item: Leftovers\n|upkeep\n|turn|3\n|\n|t:|1712447379\n|switch|p2a: Pawmot|Pawmot, L80, M|243/243\n|move|p1a: Bombirdier|Knock Off|p2a: Pawmot\n|-resisted|p2a: Pawmot\n|-damage|p2a: Pawmot|174/243\n|-enditem|p2a: Pawmot|Leppa Berry|[from] move: Knock Off|[of] p1a: Bombirdier\n|\n|upkeep\n|turn|4\n|\n|t:|1712447389\n|switch|p1a: Groudon|Groudon, L72|263/263\n|-damage|p1a: Groudon|247/263|[from] Stealth Rock\n|-weather|SunnyDay|[from] ability: Drought|[of] p1a: Groudon\n|move|p2a: Pawmot|Double Shock|p1a: Groudon\n|-immune|p1a: Groudon\n|\n|-weather|SunnyDay|[upkeep]\n|-heal|p1a: Groudon|263/263|[from] item: Leftovers\n|upkeep\n|turn|5\n|\n|t:|1712447396\n|switch|p2a: Grumpig|Grumpig, L92, M|297/297\n|move|p1a: Groudon|Will-O-Wisp|p2a: Grumpig\n|-status|p2a: Grumpig|brn\n|\n|-weather|SunnyDay|[upkeep]\n|-damage|p2a: Grumpig|279/297 brn|[from] brn\n|upkeep\n|turn|6\n|\n|t:|1712447401\n|move|p2a: Grumpig|Trick|p1a: Groudon\n|-activate|p2a: Grumpig|move: Trick|[of] p1a: Groudon\n|-item|p1a: Groudon|Choice Scarf|[from] move: Trick\n|-item|p2a: Grumpig|Leftovers|[from] move: Trick\n|move|p1a: Groudon|Precipice Blades|p2a: Grumpig\n|-damage|p2a: Grumpig|125/297 brn\n|\n|-weather|SunnyDay|[upkeep]\n|-heal|p2a: Grumpig|143/297 brn|[from] item: Leftovers\n|-damage|p2a: Grumpig|125/297 brn|[from] brn\n|upkeep\n|turn|7\n|j| latias999999999\n|j| latias222222222\n|\n|t:|1712447408\n|switch|p2a: Articuno|Articuno, L86|295/295\n|-ability|p2a: Articuno|Pressure\n|move|p1a: Groudon|Precipice Blades|p2a: Articuno\n|-immune|p2a: Articuno\n|\n|-weather|SunnyDay|[upkeep]\n|upkeep\n|turn|8\n|\n|t:|1712447413\n|switch|p1a: Solgaleo|Solgaleo, L74|322/325\n|-damage|p1a: Solgaleo|302/325|[from] Stealth Rock\n|move|p2a: Articuno|Freeze-Dry|p1a: Solgaleo\n|-resisted|p1a: Solgaleo\n|-damage|p1a: Solgaleo|257/325\n|\n|-weather|none\n|-heal|p1a: Solgaleo|277/325|[from] item: Leftovers\n|upkeep\n|turn|9\n|l| latias222222222\n|\n|t:|1712447417\n|switch|p2a: Palossand|Palossand, L89, M|263/296\n|switch|p1a: Bombirdier|Bombirdier, L85, M|258/258\n|\n|-heal|p2a: Palossand|281/296|[from] item: Leftovers\n|upkeep\n|turn|10\n|\n|t:|1712447424\n|switch|p2a: Pawmot|Pawmot, L80, M|174/243\n|move|p1a: Bombirdier|Stealth Rock|p2a: Pawmot\n|-sidestart|p2: pokeblade\u2606101|move: Stealth Rock\n|\n|upkeep\n|turn|11\n|\n|t:|1712447448\n|switch|p1a: Sinistcha|Sinistcha-Masterpiece, L83|254/254\n|-damage|p1a: Sinistcha|223/254|[from] Stealth Rock\n|move|p2a: Pawmot|Close Combat|p1a: Sinistcha\n|-immune|p1a: Sinistcha\n|\n|-heal|p1a: Sinistcha|238/254|[from] item: Leftovers\n|upkeep\n|turn|12\n|\n|t:|1712447465\n|move|p2a: Pawmot|Nuzzle|p1a: Sinistcha\n|-resisted|p1a: Sinistcha\n|-damage|p1a: Sinistcha|229/254\n|-status|p1a: Sinistcha|par\n|move|p1a: Sinistcha|Calm Mind|p1a: Sinistcha\n|-boost|p1a: Sinistcha|spa|1\n|-boost|p1a: Sinistcha|spd|1\n|\n|-heal|p1a: Sinistcha|244/254 par|[from] item: Leftovers\n|upkeep\n|turn|13\n|\n|t:|1712447469\n|switch|p2a: Articuno|Articuno, L86|295/295\n|-ability|p2a: Articuno|Pressure\n|move|p1a: Sinistcha|Shadow Ball|p2a: Articuno\n|-damage|p2a: Articuno|180/295\n|-unboost|p2a: Articuno|spd|1\n|\n|-heal|p1a: Sinistcha|254/254 par|[from] item: Leftovers\n|upkeep\n|turn|14\n|\n|t:|1712447481\n|switch|p1a: Iron Crown|Iron Crown, L79|272/272\n|-damage|p1a: Iron Crown|255/272|[from] Stealth Rock\n|move|p2a: Articuno|Haze|p2a: Articuno\n|-clearallboost\n|\n|-heal|p1a: Iron Crown|272/272|[from] item: Leftovers\n|upkeep\n|turn|15\n|\n|t:|1712447494\n|switch|p2a: Greninja|Greninja, L80, M|246/246\n|-damage|p2a: Greninja|216/246|[from] Stealth Rock\n|move|p1a: Iron Crown|Calm Mind|p1a: Iron Crown\n|-boost|p1a: Iron Crown|spa|1\n|-boost|p1a: Iron Crown|spd|1\n|\n|upkeep\n|turn|16\n|\n|t:|1712447499\n|move|p2a: Greninja|Hydro Pump|p1a: Iron Crown\n|-start|p2a: Greninja|typechange|Water|[from] ability: Protean\n|-damage|p1a: Iron Crown|182/272\n|-damage|p2a: Greninja|192/246|[from] item: Life Orb\n|move|p1a: Iron Crown|Tachyon Cutter|p2a: Greninja\n|-resisted|p2a: Greninja\n|-damage|p2a: Greninja|138/246\n|-resisted|p2a: Greninja\n|-damage|p2a: Greninja|87/246\n|-hitcount|p2a: Greninja|2\n|\n|-heal|p1a: Iron Crown|199/272|[from] item: Leftovers\n|upkeep\n|turn|17\n|\n|t:|1712447507\n|-end|p1a: Iron Crown|Quark Drive|[silent]\n|switch|p1a: Hitmontop|Hitmontop, L88, M|231/231\n|-damage|p1a: Hitmontop|217/231|[from] Stealth Rock\n|-ability|p1a: Hitmontop|Intimidate|boost\n|-unboost|p2a: Greninja|atk|1\n|move|p2a: Greninja|Dark Pulse|p1a: Hitmontop\n|-resisted|p1a: Hitmontop\n|-crit|p1a: Hitmontop\n|-damage|p1a: Hitmontop|187/231\n|-damage|p2a: Greninja|63/246|[from] item: Life Orb\n|\n|upkeep\n|turn|18\n|\n|t:|1712447514\n|switch|p2a: Palossand|Palossand, L89, M|281/296\n|-damage|p2a: Palossand|263/296|[from] Stealth Rock\n|switch|p1a: Bombirdier|Bombirdier, L85, M|258/258\n|\n|-heal|p2a: Palossand|281/296|[from] item: Leftovers\n|upkeep\n|turn|19\n|\n|t:|1712447522\n|switch|p2a: Pawmot|Pawmot, L80, M|174/243\n|-damage|p2a: Pawmot|159/243|[from] Stealth Rock\n|move|p1a: Bombirdier|Brave Bird|p2a: Pawmot\n|-damage|p2a: Pawmot|0 fnt\n|faint|p2a: Pawmot\n|-damage|p1a: Bombirdier|206/258|[from] Recoil\n|\n|upkeep\n|\n|t:|1712447532\n|switch|p2a: Articuno|Articuno, L86|180/295\n|-ability|p2a: Articuno|Pressure\n|turn|20\n|\n|t:|1712447539\n|switch|p1a: Iron Crown|Iron Crown, L79|199/272\n|-damage|p1a: Iron Crown|182/272|[from] Stealth Rock\n|move|p2a: Articuno|Freeze-Dry|p1a: Iron Crown\n|-resisted|p1a: Iron Crown\n|-damage|p1a: Iron Crown|149/272\n|\n|-heal|p1a: Iron Crown|166/272|[from] item: Leftovers\n|upkeep\n|turn|21\n|\n|t:|1712447559\n|switch|p2a: Typhlosion|Typhlosion-Hisui, L83, F|257/257\n|-damage|p2a: Typhlosion|193/257|[from] Stealth Rock\n|move|p1a: Iron Crown|Tachyon Cutter|p2a: Typhlosion\n|-resisted|p2a: Typhlosion\n|-damage|p2a: Typhlosion|163/257\n|-resisted|p2a: Typhlosion\n|-damage|p2a: Typhlosion|136/257\n|-hitcount|p2a: Typhlosion|2\n|\n|-heal|p1a: Iron Crown|183/272|[from] item: Leftovers\n|upkeep\n|turn|22\n|c|\u2606pokeblade\u2606101|this would be fine without the rocks\n|inactive|Referrals has 120 seconds left.\n|inactive|Referrals has 90 seconds left.\n|\n|t:|1712447633\n|-end|p1a: Iron Crown|Quark Drive|[silent]\n|switch|p1a: Hitmontop|Hitmontop, L88, M|187/231\n|-damage|p1a: Hitmontop|173/231|[from] Stealth Rock\n|-ability|p1a: Hitmontop|Intimidate|boost\n|-unboost|p2a: Typhlosion|atk|1\n|move|p2a: Typhlosion|Fire Blast|p1a: Hitmontop\n|-damage|p1a: Hitmontop|98/231\n|-status|p1a: Hitmontop|brn\n|\n|-damage|p1a: Hitmontop|84/231 brn|[from] brn\n|upkeep\n|turn|23\n|\n|t:|1712447660\n|switch|p2a: Palossand|Palossand, L89, M|281/296\n|-damage|p2a: Palossand|263/296|[from] Stealth Rock\n|move|p1a: Hitmontop|Earthquake|p2a: Palossand\n|-damage|p2a: Palossand|234/296\n|\n|-heal|p2a: Palossand|252/296|[from] item: Leftovers\n|-damage|p1a: Hitmontop|70/231 brn|[from] brn\n|upkeep\n|turn|24\n|\n|t:|1712447673\n|move|p1a: Hitmontop|Earthquake|p2a: Palossand\n|-damage|p2a: Palossand|224/296\n|move|p2a: Palossand|Shadow Ball|p1a: Hitmontop\n|-damage|p1a: Hitmontop|16/231 brn\n|-unboost|p1a: Hitmontop|spd|1\n|\n|-heal|p2a: Palossand|242/296|[from] item: Leftovers\n|-damage|p1a: Hitmontop|2/231 brn|[from] brn\n|upkeep\n|turn|25\n|\n|t:|1712447680\n|switch|p1a: Bombirdier|Bombirdier, L85, M|206/258\n|move|p2a: Palossand|Shadow Ball|p1a: Bombirdier\n|-resisted|p1a: Bombirdier\n|-damage|p1a: Bombirdier|158/258\n|\n|-heal|p2a: Palossand|260/296|[from] item: Leftovers\n|upkeep\n|turn|26\n|j| 35Q71N\n|\n|t:|1712447708\n|switch|p2a: Articuno|Articuno, L86|180/295\n|-ability|p2a: Articuno|Pressure\n|move|p1a: Bombirdier|Knock Off|p2a: Articuno\n|-damage|p2a: Articuno|81/295\n|-enditem|p2a: Articuno|Heavy-Duty Boots|[from] move: Knock Off|[of] p1a: Bombirdier\n|\n|upkeep\n|turn|27\n|\n|t:|1712447714\n|switch|p1a: Solgaleo|Solgaleo, L74|277/325\n|-damage|p1a: Solgaleo|257/325|[from] Stealth Rock\n|move|p2a: Articuno|Roost|p2a: Articuno\n|-heal|p2a: Articuno|229/295\n|-singleturn|p2a: Articuno|move: Roost\n|\n|-heal|p1a: Solgaleo|277/325|[from] item: Leftovers\n|upkeep\n|turn|28\n|\n|t:|1712447722\n|switch|p2a: Palossand|Palossand, L89, M|260/296\n|-damage|p2a: Palossand|242/296|[from] Stealth Rock\n|move|p1a: Solgaleo|Sunsteel Strike|p2a: Palossand\n|-damage|p2a: Palossand|151/296\n|\n|-heal|p1a: Solgaleo|297/325|[from] item: Leftovers\n|-heal|p2a: Palossand|169/296|[from] item: Leftovers\n|upkeep\n|turn|29\n|\n|t:|1712447729\n|switch|p1a: Bombirdier|Bombirdier, L85, M|158/258\n|move|p2a: Palossand|Shore Up|p2a: Palossand\n|-heal|p2a: Palossand|296/296\n|\n|upkeep\n|turn|30\n|\n|t:|1712447750\n|switch|p2a: Grumpig|Grumpig, L92, M|125/297 brn\n|-damage|p2a: Grumpig|88/297 brn|[from] Stealth Rock\n|move|p1a: Bombirdier|Knock Off|p2a: Grumpig\n|-supereffective|p2a: Grumpig\n|-damage|p2a: Grumpig|0 fnt\n|-enditem|p2a: Grumpig|Leftovers|[from] move: Knock Off|[of] p1a: Bombirdier\n|faint|p2a: Grumpig\n|\n|upkeep\n|\n|t:|1712447752\n|switch|p2a: Greninja|Greninja, L80, M|63/246\n|-damage|p2a: Greninja|33/246|[from] Stealth Rock\n|turn|31\n|\n|t:|1712447773\n|switch|p1a: Sinistcha|Sinistcha-Masterpiece, L83|254/254 par\n|-damage|p1a: Sinistcha|223/254 par|[from] Stealth Rock\n|move|p2a: Greninja|Dark Pulse|p1a: Sinistcha\n|-start|p2a: Greninja|typechange|Dark|[from] ability: Protean\n|-supereffective|p1a: Sinistcha\n|-damage|p1a: Sinistcha|0 fnt\n|faint|p1a: Sinistcha\n|-damage|p2a: Greninja|9/246|[from] item: Life Orb\n|\n|upkeep\n|j| latias222222222\n|inactive|Referrals has 120 seconds left.\n|j| ghostilex\n|\n|t:|1712447800\n|switch|p1a: Bombirdier|Bombirdier, L85, M|158/258\n|turn|32\n|\n|t:|1712447804\n|move|p2a: Greninja|Gunk Shot|p1a: Bombirdier\n|-damage|p1a: Bombirdier|58/258\n|-status|p1a: Bombirdier|psn\n|-damage|p2a: Greninja|0 fnt|[from] item: Life Orb\n|faint|p2a: Greninja\n|move|p1a: Bombirdier|Roost|p1a: Bombirdier\n|-heal|p1a: Bombirdier|187/258 psn\n|-singleturn|p1a: Bombirdier|move: Roost\n|\n|-damage|p1a: Bombirdier|155/258 psn|[from] psn\n|upkeep\n|inactive|pokeblade\u2606101 has 120 seconds left.\n|j| gomdol2\n|inactive|pokeblade\u2606101 has 90 seconds left.\n|\n|t:|1712447876\n|switch|p2a: Typhlosion|Typhlosion-Hisui, L83, F|136/257\n|-damage|p2a: Typhlosion|72/257|[from] Stealth Rock\n|turn|33\n|\n|t:|1712447881\n|switch|p1a: Hitmontop|Hitmontop, L88, M|2/231 brn\n|-damage|p1a: Hitmontop|0 fnt|[from] Stealth Rock\n|faint|p1a: Hitmontop\n|move|p2a: Typhlosion|Fire Blast|p1: Hitmontop|[notarget]\n|-fail|p2a: Typhlosion\n|\n|upkeep\n|inactive|Referrals has 120 seconds left.\n|inactive|Referrals has 90 seconds left.\n|\n|t:|1712447936\n|switch|p1a: Solgaleo|Solgaleo, L74|297/325\n|-damage|p1a: Solgaleo|277/325|[from] Stealth Rock\n|turn|34\n|\n|t:|1712447949\n|switch|p2a: Palossand|Palossand, L89, M|296/296\n|-damage|p2a: Palossand|278/296|[from] Stealth Rock\n|-terastallize|p1a: Solgaleo|Water\n|move|p1a: Solgaleo|Morning Sun|p1a: Solgaleo\n|-heal|p1a: Solgaleo|325/325\n|\n|-heal|p2a: Palossand|296/296|[from] item: Leftovers\n|upkeep\n|turn|35\n|n| TNTDestroyer|latias222222222\n|\n|t:|1712447956\n|switch|p1a: Bombirdier|Bombirdier, L85, M|155/258 psn\n|move|p2a: Palossand|Shadow Ball|p1a: Bombirdier\n|-resisted|p1a: Bombirdier\n|-damage|p1a: Bombirdier|107/258 psn\n|\n|-damage|p1a: Bombirdier|75/258 psn|[from] psn\n|upkeep\n|turn|36\n|inactive|Referrals has 90 seconds left.\n|\n|t:|1712447965\n|move|p1a: Bombirdier|Roost|p1a: Bombirdier\n|-heal|p1a: Bombirdier|204/258 psn\n|-singleturn|p1a: Bombirdier|move: Roost\n|move|p2a: Palossand|Earth Power|p1a: Bombirdier\n|-damage|p1a: Bombirdier|93/258 psn\n|-unboost|p1a: Bombirdier|spd|1\n|\n|-damage|p1a: Bombirdier|61/258 psn|[from] psn\n|upkeep\n|turn|37\n|inactive|Referrals has 90 seconds left.\n|\n|t:|1712447978\n|-terastallize|p2a: Palossand|Water\n|move|p1a: Bombirdier|Knock Off|p2a: Palossand\n|-damage|p2a: Palossand|202/296\n|-enditem|p2a: Palossand|Leftovers|[from] move: Knock Off|[of] p1a: Bombirdier\n|move|p2a: Palossand|Shadow Ball|p1a: Bombirdier\n|-resisted|p1a: Bombirdier\n|-damage|p1a: Bombirdier|0 fnt\n|faint|p1a: Bombirdier\n|\n|upkeep\n|c| TNTDestroyer|gotta go\n|l| TNTDestroyer\n|inactive|Referrals has 90 seconds left.\n|j| meamdefinitely4\n|c| meamdefinitely4|Hi\n|inactive|Referrals has 60 seconds left.\n|n| latias333333333|meamdefinitely4\n|c| latias333333333|Delayed hi oof\n|inactive|Referrals has 30 seconds left.\n|\n|t:|1712448052\n|switch|p1a: Groudon|Groudon, L72|263/263\n|-damage|p1a: Groudon|247/263|[from] Stealth Rock\n|-weather|SunnyDay|[from] ability: Drought|[of] p1a: Groudon\n|turn|38\n|\n|t:|1712448080\n|switch|p2a: Typhlosion|Typhlosion-Hisui, L83, F|72/257\n|-damage|p2a: Typhlosion|8/257|[from] Stealth Rock\n|move|p1a: Groudon|Roar|p2a: Typhlosion\n|drag|p2a: Palossand|Palossand, L89, M, tera:Water|202/296\n|-damage|p2a: Palossand|165/296|[from] Stealth Rock\n|\n|-weather|SunnyDay|[upkeep]\n|upkeep\n|turn|39\n|c|\u2606pokeblade\u2606101|o\n|c|\u2606pokeblade\u2606101|im bad\n|j| TNTDestroyer\n|inactive|Referrals has 30 seconds left.\n|inactive|Referrals has 20 seconds left.\n|\n|t:|1712448106\n|switch|p1a: Solgaleo|Solgaleo, L74, tera:Water|325/325\n|-damage|p1a: Solgaleo|285/325|[from] Stealth Rock\n|move|p2a: Palossand|Earth Power|p1a: Solgaleo\n|-damage|p1a: Solgaleo|168/325\n|\n|-weather|SunnyDay|[upkeep]\n|-heal|p1a: Solgaleo|188/325|[from] item: Leftovers\n|upkeep\n|turn|40\n|inactive|Referrals has 30 seconds left this turn.\n|\n|t:|1712448110\n|move|p1a: Solgaleo|Sunsteel Strike|p2a: Palossand\n|-resisted|p2a: Palossand\n|-damage|p2a: Palossand|126/296\n|move|p2a: Palossand|Earth Power|p1a: Solgaleo\n|-damage|p1a: Solgaleo|62/325\n|\n|-weather|SunnyDay|[upkeep]\n|-heal|p1a: Solgaleo|82/325|[from] item: Leftovers\n|upkeep\n|turn|41\n|\n|t:|1712448116\n|move|p1a: Solgaleo|Morning Sun|p1a: Solgaleo\n|-heal|p1a: Solgaleo|299/325\n|move|p2a: Palossand|Earth Power|p1a: Solgaleo\n|-damage|p1a: Solgaleo|179/325\n|\n|-weather|SunnyDay|[upkeep]\n|-heal|p1a: Solgaleo|199/325|[from] item: Leftovers\n|upkeep\n|turn|42\n|\n|t:|1712448121\n|move|p1a: Solgaleo|Sunsteel Strike|p2a: Palossand\n|-resisted|p2a: Palossand\n|-damage|p2a: Palossand|86/296\n|move|p2a: Palossand|Shore Up|p2a: Palossand\n|-heal|p2a: Palossand|234/296\n|\n|-weather|none\n|-heal|p1a: Solgaleo|219/325|[from] item: Leftovers\n|upkeep\n|turn|43\n|\n|t:|1712448129\n|move|p1a: Solgaleo|Flare Blitz|p2a: Palossand\n|-resisted|p2a: Palossand\n|-damage|p2a: Palossand|201/296\n|-damage|p1a: Solgaleo|208/325|[from] Recoil\n|move|p2a: Palossand|Earth Power|p1a: Solgaleo\n|-damage|p1a: Solgaleo|88/325\n|\n|-heal|p1a: Solgaleo|108/325|[from] item: Leftovers\n|upkeep\n|turn|44\n|\n|t:|1712448133\n|move|p1a: Solgaleo|Morning Sun|p1a: Solgaleo\n|-heal|p1a: Solgaleo|270/325\n|move|p2a: Palossand|Earth Power|p1a: Solgaleo\n|-damage|p1a: Solgaleo|147/325\n|\n|-heal|p1a: Solgaleo|167/325|[from] item: Leftovers\n|upkeep\n|turn|45\n|inactive|Referrals has 60 seconds left.\n|\n|t:|1712448158\n|switch|p1a: Groudon|Groudon, L72|247/263\n|-damage|p1a: Groudon|231/263|[from] Stealth Rock\n|-weather|SunnyDay|[from] ability: Drought|[of] p1a: Groudon\n|move|p2a: Palossand|Earth Power|p1a: Groudon\n|-damage|p1a: Groudon|116/263\n|\n|-weather|SunnyDay|[upkeep]\n|upkeep\n|turn|46\n|\n|t:|1712448163\n|move|p1a: Groudon|Will-O-Wisp|p2a: Palossand|[miss]\n|-miss|p1a: Groudon|p2a: Palossand\n|move|p2a: Palossand|Shore Up|p2a: Palossand\n|-heal|p2a: Palossand|296/296\n|\n|-weather|SunnyDay|[upkeep]\n|upkeep\n|turn|47\n|\n|t:|1712448169\n|switch|p2a: Articuno|Articuno, L86|229/295\n|-damage|p2a: Articuno|82/295|[from] Stealth Rock\n|-ability|p2a: Articuno|Pressure\n|move|p1a: Groudon|Will-O-Wisp|p2a: Articuno\n|-status|p2a: Articuno|brn\n|\n|-weather|SunnyDay|[upkeep]\n|-damage|p2a: Articuno|64/295 brn|[from] brn\n|upkeep\n|turn|48\n|\n|t:|1712448173\n|switch|p1a: Iron Crown|Iron Crown, L79|183/272\n|-damage|p1a: Iron Crown|166/272|[from] Stealth Rock\n|move|p2a: Articuno|Roost|p2a: Articuno\n|-heal|p2a: Articuno|212/295 brn\n|-singleturn|p2a: Articuno|move: Roost\n|\n|-weather|SunnyDay|[upkeep]\n|-heal|p1a: Iron Crown|183/272|[from] item: Leftovers\n|-damage|p2a: Articuno|194/295 brn|[from] brn\n|upkeep\n|turn|49\n|\n|t:|1712448177\n|-end|p1a: Iron Crown|Quark Drive|[silent]\n|switch|p1a: Solgaleo|Solgaleo, L74, tera:Water|167/325\n|-damage|p1a: Solgaleo|127/325|[from] Stealth Rock\n|switch|p2a: Palossand|Palossand, L89, M, tera:Water|296/296\n|-damage|p2a: Palossand|259/296|[from] Stealth Rock\n|\n|-weather|none\n|-heal|p1a: Solgaleo|147/325|[from] item: Leftovers\n|upkeep\n|turn|50\n|\n|t:|1712448182\n|move|p1a: Solgaleo|Morning Sun|p1a: Solgaleo\n|-heal|p1a: Solgaleo|309/325\n|move|p2a: Palossand|Earth Power|p1a: Solgaleo\n|-damage|p1a: Solgaleo|177/325\n|\n|-heal|p1a: Solgaleo|197/325|[from] item: Leftovers\n|upkeep\n|turn|51\n|\n|t:|1712448189\n|move|p1a: Solgaleo|Flare Blitz|p2a: Palossand\n|-resisted|p2a: Palossand\n|-damage|p2a: Palossand|226/296\n|-status|p2a: Palossand|brn\n|-damage|p1a: Solgaleo|186/325|[from] Recoil\n|move|p2a: Palossand|Shadow Ball|p1a: Solgaleo\n|-damage|p1a: Solgaleo|80/325\n|\n|-heal|p1a: Solgaleo|100/325|[from] item: Leftovers\n|-damage|p2a: Palossand|208/296 brn|[from] brn\n|upkeep\n|turn|52\n|c|\u2606pokeblade\u2606101|man\n|c|\u2606pokeblade\u2606101|why do people keep getting that\n|c|\u2606Referrals|i mean\n|\n|t:|1712448198\n|move|p1a: Solgaleo|Morning Sun|p1a: Solgaleo\n|-heal|p1a: Solgaleo|262/325\n|move|p2a: Palossand|Shadow Ball|p1a: Solgaleo\n|-damage|p1a: Solgaleo|150/325\n|\n|-heal|p1a: Solgaleo|170/325|[from] item: Leftovers\n|-damage|p2a: Palossand|190/296 brn|[from] brn\n|upkeep\n|turn|53\n|inactive|Referrals has 120 seconds left.\n|c|\u2606Referrals|shoulda happened some turns ago anyway :p\n|\n|t:|1712448211\n|move|p1a: Solgaleo|Sunsteel Strike|p2a: Palossand\n|-resisted|p2a: Palossand\n|-damage|p2a: Palossand|146/296 brn\n|move|p2a: Palossand|Shadow Ball|p1a: Solgaleo\n|-damage|p1a: Solgaleo|64/325\n|\n|-heal|p1a: Solgaleo|84/325|[from] item: Leftovers\n|-damage|p2a: Palossand|128/296 brn|[from] brn\n|upkeep\n|turn|54\n|inactive|Referrals has 120 seconds left.\n|\n|t:|1712448224\n|move|p1a: Solgaleo|Morning Sun|p1a: Solgaleo\n|-heal|p1a: Solgaleo|246/325\n|move|p2a: Palossand|Shore Up|p2a: Palossand\n|-heal|p2a: Palossand|276/296 brn\n|\n|-heal|p1a: Solgaleo|266/325|[from] item: Leftovers\n|-damage|p2a: Palossand|258/296 brn|[from] brn\n|upkeep\n|turn|55\n|inactive|Referrals has 120 seconds left.\n|c|\u2606pokeblade\u2606101|lol i get tht but\n|c|\u2606pokeblade\u2606101|i got it last game i think and ts just annoying\n|inactive|Referrals has 90 seconds left.\n|inactive|Referrals has 60 seconds left.\n|\n|t:|1712448291\n|move|p1a: Solgaleo|Sunsteel Strike|p2a: Palossand\n|-resisted|p2a: Palossand\n|-damage|p2a: Palossand|216/296 brn\n|move|p2a: Palossand|Earth Power|p1a: Solgaleo\n|-damage|p1a: Solgaleo|148/325\n|\n|-heal|p1a: Solgaleo|168/325|[from] item: Leftovers\n|-damage|p2a: Palossand|198/296 brn|[from] brn\n|upkeep\n|turn|56\n|\n|t:|1712448298\n|move|p1a: Solgaleo|Sunsteel Strike|p2a: Palossand\n|-resisted|p2a: Palossand\n|-damage|p2a: Palossand|151/296 brn\n|move|p2a: Palossand|Earth Power|p1a: Solgaleo\n|-damage|p1a: Solgaleo|47/325\n|\n|-heal|p1a: Solgaleo|67/325|[from] item: Leftovers\n|-damage|p2a: Palossand|133/296 brn|[from] brn\n|upkeep\n|turn|57\n|\n|t:|1712448303\n|move|p1a: Solgaleo|Morning Sun|p1a: Solgaleo\n|-heal|p1a: Solgaleo|229/325\n|move|p2a: Palossand|Earth Power|p1a: Solgaleo\n|-damage|p1a: Solgaleo|112/325\n|\n|-heal|p1a: Solgaleo|132/325|[from] item: Leftovers\n|-damage|p2a: Palossand|115/296 brn|[from] brn\n|upkeep\n|turn|58\n|\n|t:|1712448319\n|move|p1a: Solgaleo|Sunsteel Strike|p2a: Palossand\n|-resisted|p2a: Palossand\n|-crit|p2a: Palossand\n|-damage|p2a: Palossand|46/296 brn\n|move|p2a: Palossand|Shore Up|p2a: Palossand\n|-heal|p2a: Palossand|194/296 brn\n|\n|-heal|p1a: Solgaleo|152/325|[from] item: Leftovers\n|-damage|p2a: Palossand|176/296 brn|[from] brn\n|upkeep\n|turn|59\n|\n|t:|1712448331\n|move|p1a: Solgaleo|Close Combat|p2a: Palossand\n|-damage|p2a: Palossand|106/296 brn\n|-unboost|p1a: Solgaleo|def|1\n|-unboost|p1a: Solgaleo|spd|1\n|move|p2a: Palossand|Shadow Ball|p1a: Solgaleo\n|-damage|p1a: Solgaleo|0 fnt\n|faint|p1a: Solgaleo\n|\n|-damage|p2a: Palossand|88/296 brn|[from] brn\n|upkeep\n|c|\u2606pokeblade\u2606101|choke choke choke\n|c|\u2606pokeblade\u2606101|fuck that\n|inactive|Referrals has 60 seconds left.\n|\n|t:|1712448367\n|switch|p1a: Groudon|Groudon, L72|116/263\n|-damage|p1a: Groudon|100/263|[from] Stealth Rock\n|-weather|SunnyDay|[from] ability: Drought|[of] p1a: Groudon\n|turn|60\n|j| 3bood121\n|\n|t:|1712448386\n|move|p1a: Groudon|Precipice Blades|p2a: Palossand\n|-damage|p2a: Palossand|0 fnt\n|faint|p2a: Palossand\n|\n|-weather|SunnyDay|[upkeep]\n|upkeep\n|-message|pokeblade\u2606101 forfeited.\n|\n|win|Referrals\n|raw|Referrals's rating: 2408 &rarr; <strong>2434</strong><br />(+26 for winning)\n|raw|pokeblade\u2606101's rating: 2524 &rarr; <strong>2498</strong><br />(-26 for losing)\n|l| latias333333333\n|l| 35Q71N\n|c|\u2606Referrals|yummy!\n|l|\u2606Referrals\n|player|p1|\n", "inputlog": ">version 5e6884075e425dc5b64255756e621f094dcccacd\n>start {\"formatid\":\"gen9randombattle\",\"seed\":[34731,33299,6648,47688],\"rated\":\"Rated battle\"}\n>player p1 {\"name\":\"Referrals\",\"avatar\":\"#rbtt7teamsuicunef\",\"rating\":2408,\"seed\":[3388,52853,37909,26229]}\n>player p2 {\"name\":\"pokeblade\u2606101\",\"avatar\":\"#rbtt7teamchiyu\",\"rating\":2517,\"seed\":[40164,61290,2918,15546]}\n>chat \u2606Referrals|i need some of dat elo\n>p1 move flareblitz\n>p2 switch 2\n>p1 switch 3\n>p2 move stealthrock\n>p1 move knockoff\n>p2 switch 4\n>p1 switch 2\n>p2 move doubleshock\n>p1 move willowisp\n>p2 switch 3\n>p1 move precipiceblades\n>p2 move trick\n>p1 move precipiceblades\n>p2 switch 2\n>p1 switch 3\n>p2 move freezedry\n>p1 switch 2\n>p2 switch 4\n>p1 move stealthrock\n>p2 switch 3\n>p1 switch 4\n>p2 move closecombat\n>p1 move calmmind\n>p2 move nuzzle\n>p1 move shadowball\n>p2 switch 4\n>p1 switch 6\n>p2 move haze\n>p1 move calmmind\n>p2 switch 5\n>p1 move tachyoncutter\n>p2 move hydropump\n>p1 switch 5\n>p2 move darkpulse\n>p1 switch 4\n>p2 switch 3\n>p1 move bravebird\n>p2 switch 4\n>p2 switch 5\n>p1 switch 5\n>p2 move freezedry\n>p1 move tachyoncutter\n>p2 switch 6\n>chat \u2606pokeblade\u2606101|this would be fine without the rocks\n>p1 switch 4\n>p2 move fireblast\n>p1 move earthquake\n>p2 switch 4\n>p1 move earthquake\n>p2 move shadowball\n>p1 switch 5\n>p2 move shadowball\n>p1 move knockoff\n>p2 switch 6\n>p1 switch 2\n>p2 move roost\n>p1 move sunsteelstrike\n>p2 switch 6\n>p1 switch 2\n>p2 move shoreup\n>p1 move knockoff\n>p2 switch 2\n>p2 switch 3\n>p1 switch 6\n>p2 move darkpulse\n>p1 switch 6\n>p1 move roost\n>p2 move gunkshot\n>p2 switch 4\n>p1 switch 5\n>p2 move fireblast\n>p1 switch 2\n>p1 move morningsun terastallize\n>p2 switch 2\n>p1 switch 5\n>p2 move shadowball\n>p1 move roost\n>p2 move earthpower\n>p1 move knockoff\n>p2 move shadowball terastallize\n>chat  TNTDestroyer|gotta go\n>chat  meamdefinitely4|Hi\n>chat  latias333333333|Delayed hi oof\n>p1 switch 3\n>p1 move roar\n>p2 switch 2\n>chat \u2606pokeblade\u2606101|o\n>chat \u2606pokeblade\u2606101|im bad\n>p1 switch 5\n>p2 move earthpower\n>p1 move sunsteelstrike\n>p2 move earthpower\n>p1 move morningsun\n>p2 move earthpower\n>p1 move sunsteelstrike\n>p2 move shoreup\n>p1 move flareblitz\n>p2 move earthpower\n>p1 move morningsun\n>p2 move earthpower\n>p1 switch 5\n>p2 move earthpower\n>p1 move willowisp\n>p2 move shoreup\n>p1 move willowisp\n>p2 switch 6\n>p1 switch 4\n>p2 move roost\n>p1 switch 5\n>p2 switch 6\n>p1 move morningsun\n>p2 move earthpower\n>p1 move flareblitz\n>p2 move shadowball\n>chat \u2606pokeblade\u2606101|man\n>chat \u2606pokeblade\u2606101|why do people keep getting that\n>chat \u2606Referrals|i mean \n>p1 move morningsun\n>p2 move shadowball\n>chat \u2606Referrals|shoulda happened some turns ago anyway :p\n>p1 move sunsteelstrike\n>p2 move shadowball\n>p1 move morningsun\n>p2 move shoreup\n>chat \u2606pokeblade\u2606101|lol i get tht but\n>chat \u2606pokeblade\u2606101|i got it last game i think and ts just annoying\n>p1 move sunsteelstrike\n>p2 move earthpower\n>p1 move sunsteelstrike\n>p2 move earthpower\n>p1 move morningsun\n>p2 move earthpower\n>p1 move sunsteelstrike\n>p2 move shoreup\n>p1 move closecombat\n>p2 move shadowball\n>chat \u2606pokeblade\u2606101|choke choke choke\n>chat \u2606pokeblade\u2606101|fuck that\n>p1 switch 4\n>p1 move precipiceblades\n>p2 move shoreup\n>forcelose p2", "uploadtime": 1712448404, "views": 324, "formatid": "gen9randombattle", "rating": 2434, "private": 0, "password": null}