{"id": "gen9randombattle-2259958971", "format": "[Gen 9] Random Battle", "players": ["swinubfan123", "TheGymGeek"], "log": "|j|\u2606swinubfan123\n|j|\u2606TheGymGeek\n|t:|1733784383\n|gametype|singles\n|player|p1|swinubfan123|nemona-s|1321\n|player|p2|TheGymGeek|drayden|1290\n|teamsize|p1|6\n|teamsize|p2|6\n|gen|9\n|tier|[Gen 9] Random Battle\n|rated|\n|rule|Species Clause: Limit one of each Pok\u00e9mon\n|rule|HP Percentage Mod: HP is shown in percentages\n|rule|Sleep Clause Mod: Limit one foe put to sleep\n|rule|Illusion Level Mod: Illusion disguises the Pok\u00e9mon's true level\n|\n|t:|1733784383\n|start\n|switch|p1a: Rillaboom|Rillaboom, L79, F|288/288\n|switch|p2a: Miraidon|Miraidon, L65|238/238\n|-fieldstart|move: Electric Terrain|[from] ability: Hadron Engine|[of] p2a: Miraidon\n|-fieldstart|move: Grassy Terrain|[from] ability: Grassy Surge|[of] p1a: Rillaboom\n|turn|1\n|inactive|Battle timer is ON: inactive players will automatically lose when time's up. (requested by swinubfan123)\n|inactive|swinubfan123 has 120 seconds left.\n|\n|t:|1733784415\n|switch|p1a: Barraskewda|Barraskewda, L81, M|231/231\n|move|p2a: Miraidon|Overheat|p1a: Barraskewda\n|-resisted|p1a: Barraskewda\n|-damage|p1a: Barraskewda|150/231\n|-unboost|p2a: Miraidon|spa|2\n|\n|-heal|p1a: Barraskewda|164/231|[from] Grassy Terrain\n|upkeep\n|turn|2\n|\n|t:|1733784436\n|switch|p2a: Perrserker|Perrserker, L89, F|269/269\n|move|p1a: Barraskewda|Close Combat|p2a: Perrserker\n|-supereffective|p2a: Perrserker\n|-damage|p2a: Perrserker|9/269\n|-unboost|p1a: Barraskewda|def|1\n|-unboost|p1a: Barraskewda|spd|1\n|\n|-heal|p1a: Barraskewda|178/231|[from] Grassy Terrain\n|-heal|p2a: Perrserker|25/269|[from] Grassy Terrain\n|upkeep\n|turn|3\n|inactive|TheGymGeek has 120 seconds left.\n|\n|t:|1733784460\n|move|p1a: Barraskewda|Close Combat|p2a: Perrserker\n|-supereffective|p2a: Perrserker\n|-damage|p2a: Perrserker|0 fnt\n|-unboost|p1a: Barraskewda|def|1\n|-unboost|p1a: Barraskewda|spd|1\n|faint|p2a: Perrserker\n|\n|-heal|p1a: Barraskewda|192/231|[from] Grassy Terrain\n|upkeep\n|inactive|TheGymGeek has 120 seconds left.\n|\n|t:|1733784473\n|switch|p2a: Sinistcha|Sinistcha-Masterpiece, L83|254/254\n|turn|4\n|\n|t:|1733784485\n|switch|p1a: Rillaboom|Rillaboom, L79, F|288/288\n|move|p2a: Sinistcha|Matcha Gotcha|p1a: Rillaboom\n|-resisted|p1a: Rillaboom\n|-damage|p1a: Rillaboom|209/288\n|\n|-heal|p1a: Rillaboom|227/288|[from] Grassy Terrain\n|upkeep\n|turn|5\n|inactive|TheGymGeek has 120 seconds left.\n|\n|t:|1733784508\n|move|p1a: Rillaboom|U-turn|p2a: Sinistcha\n|-damage|p2a: Sinistcha|180/254\n|\n|t:|1733784519\n|switch|p1a: Sableye|Sableye, L89, F|234/234|[from] U-turn\n|move|p2a: Sinistcha|Shadow Ball|p1a: Sableye\n|-damage|p1a: Sableye|113/234\n|\n|-heal|p2a: Sinistcha|195/254|[from] Grassy Terrain\n|-heal|p2a: Sinistcha|210/254|[from] item: Leftovers\n|-heal|p1a: Sableye|127/234|[from] Grassy Terrain\n|-heal|p1a: Sableye|141/234|[from] item: Leftovers\n|-fieldend|move: Grassy Terrain\n|upkeep\n|turn|6\n|inactive|TheGymGeek has 120 seconds left.\n|\n|t:|1733784542\n|move|p1a: Sableye|Thunder Wave|p2a: Sinistcha\n|-status|p2a: Sinistcha|par\n|cant|p2a: Sinistcha|par\n|\n|-heal|p1a: Sableye|155/234|[from] item: Leftovers\n|-heal|p2a: Sinistcha|225/254 par|[from] item: Leftovers\n|upkeep\n|turn|7\n|\n|t:|1733784549\n|move|p1a: Sableye|Knock Off|p2a: Sinistcha\n|-supereffective|p2a: Sinistcha\n|-damage|p2a: Sinistcha|51/254 par\n|-enditem|p2a: Sinistcha|Leftovers|[from] move: Knock Off|[of] p1a: Sableye\n|move|p2a: Sinistcha|Matcha Gotcha|p1a: Sableye\n|-damage|p1a: Sableye|26/234\n|-heal|p2a: Sinistcha|116/254 par|[from] drain|[of] p1a: Sableye\n|\n|-heal|p1a: Sableye|40/234|[from] item: Leftovers\n|upkeep\n|turn|8\n|inactive|TheGymGeek has 120 seconds left.\n|\n|t:|1733784582\n|move|p1a: Sableye|Recover|p1a: Sableye\n|-heal|p1a: Sableye|157/234\n|move|p2a: Sinistcha|Matcha Gotcha|p1a: Sableye\n|-damage|p1a: Sableye|30/234\n|-heal|p2a: Sinistcha|180/254 par|[from] drain|[of] p1a: Sableye\n|-status|p1a: Sableye|brn\n|\n|-heal|p1a: Sableye|44/234 brn|[from] item: Leftovers\n|-damage|p1a: Sableye|30/234 brn|[from] brn\n|upkeep\n|turn|9\n|\n|t:|1733784593\n|move|p1a: Sableye|Recover|p1a: Sableye\n|-heal|p1a: Sableye|147/234 brn\n|move|p2a: Sinistcha|Matcha Gotcha|p1a: Sableye\n|-damage|p1a: Sableye|18/234 brn\n|-heal|p2a: Sinistcha|245/254 par|[from] drain|[of] p1a: Sableye\n|\n|-heal|p1a: Sableye|32/234 brn|[from] item: Leftovers\n|-damage|p1a: Sableye|18/234 brn|[from] brn\n|upkeep\n|turn|10\n|inactive|TheGymGeek has 90 seconds left.\n|\n|t:|1733784623\n|move|p1a: Sableye|Encore|p2a: Sinistcha\n|-start|p2a: Sinistcha|Encore\n|move|p2a: Sinistcha|Matcha Gotcha|p1a: Sableye\n|-damage|p1a: Sableye|0 fnt\n|-heal|p2a: Sinistcha|254/254 par|[from] drain|[of] p1a: Sableye\n|faint|p1a: Sableye\n|\n|upkeep\n|\n|t:|1733784626\n|switch|p1a: Rillaboom|Rillaboom, L79, F|227/288\n|-fieldstart|move: Grassy Terrain|[from] ability: Grassy Surge|[of] p1a: Rillaboom\n|turn|11\n|\n|t:|1733784649\n|switch|p2a: Victreebel|Victreebel, L90, M|290/290\n|move|p1a: Rillaboom|U-turn|p2a: Victreebel\n|-damage|p2a: Victreebel|191/290\n|\n|t:|1733784670\n|switch|p1a: Kyurem|Kyurem-White, L73|303/303|[from] U-turn\n|-ability|p1a: Kyurem|Turboblaze\n|\n|-heal|p2a: Victreebel|209/290|[from] Grassy Terrain\n|upkeep\n|turn|12\n|\n|t:|1733784684\n|switch|p2a: Hitmonlee|Hitmonlee, L85, M|224/224\n|move|p1a: Kyurem|Ice Beam|p2a: Hitmonlee\n|-damage|p2a: Hitmonlee|67/224\n|\n|-heal|p2a: Hitmonlee|81/224|[from] Grassy Terrain\n|upkeep\n|turn|13\n|inactive|swinubfan123 has 120 seconds left.\n|\n|t:|1733784709\n|switch|p1a: Thundurus|Thundurus-Therian, L80, M|258/258\n|move|p2a: Hitmonlee|Close Combat|p1a: Thundurus\n|-resisted|p1a: Thundurus\n|-damage|p1a: Thundurus|158/258\n|-unboost|p2a: Hitmonlee|def|1\n|-unboost|p2a: Hitmonlee|spd|1\n|-enditem|p2a: Hitmonlee|White Herb\n|-clearnegativeboost|p2a: Hitmonlee|[silent]\n|\n|-heal|p2a: Hitmonlee|95/224|[from] Grassy Terrain\n|upkeep\n|turn|14\n|inactive|swinubfan123 has 120 seconds left.\n|inactive|TheGymGeek has 90 seconds left.\n|\n|t:|1733784741\n|switch|p2a: Miraidon|Miraidon, L65|238/238\n|-fieldstart|move: Electric Terrain|[from] ability: Hadron Engine|[of] p2a: Miraidon\n|switch|p1a: Rillaboom|Rillaboom, L79, F|227/288\n|-fieldstart|move: Grassy Terrain|[from] ability: Grassy Surge|[of] p1a: Rillaboom\n|\n|-heal|p1a: Rillaboom|245/288|[from] Grassy Terrain\n|upkeep\n|turn|15\n|inactive|TheGymGeek has 60 seconds left.\n|\n|t:|1733784756\n|move|p2a: Miraidon|Electro Drift|p1a: Rillaboom\n|-resisted|p1a: Rillaboom\n|-damage|p1a: Rillaboom|159/288\n|move|p1a: Rillaboom|U-turn|p2a: Miraidon\n|-damage|p2a: Miraidon|144/238\n|\n|t:|1733784764\n|switch|p1a: Kyurem|Kyurem-White, L73|303/303|[from] U-turn\n|-ability|p1a: Kyurem|Turboblaze\n|\n|-heal|p2a: Miraidon|158/238|[from] Grassy Terrain\n|upkeep\n|turn|16\n|inactive|TheGymGeek has 60 seconds left.\n|\n|t:|1733784808\n|switch|p2a: Basculin|Basculin, L86, M|261/261\n|move|p1a: Kyurem|Ice Beam|p2a: Basculin\n|-resisted|p2a: Basculin\n|-damage|p2a: Basculin|142/261\n|\n|-heal|p2a: Basculin|158/261|[from] Grassy Terrain\n|upkeep\n|turn|17\n|\n|t:|1733784819\n|switch|p1a: Barraskewda|Barraskewda, L81, M|192/231\n|move|p2a: Basculin|Double-Edge|p1a: Barraskewda\n|-damage|p1a: Barraskewda|20/231\n|-damage|p2a: Basculin|101/261|[from] Recoil\n|\n|-heal|p1a: Barraskewda|34/231|[from] Grassy Terrain\n|-heal|p2a: Basculin|117/261|[from] Grassy Terrain\n|upkeep\n|turn|18\n|inactive|swinubfan123 has 120 seconds left.\n|\n|t:|1733784853\n|move|p1a: Barraskewda|Poison Jab|p2a: Basculin\n|-damage|p2a: Basculin|0 fnt\n|faint|p2a: Basculin\n|\n|-heal|p1a: Barraskewda|48/231|[from] Grassy Terrain\n|-fieldend|move: Grassy Terrain\n|upkeep\n|inactive|TheGymGeek has 30 seconds left.\n|inactive|TheGymGeek has 20 seconds left.\n|inactive|TheGymGeek has 15 seconds left.\n|inactive|TheGymGeek has 10 seconds left.\n|\n|t:|1733784889\n|switch|p2a: Sinistcha|Sinistcha-Masterpiece, L83|254/254 par\n|turn|19\n|inactive|TheGymGeek has 20 seconds left this turn.\n|\n|t:|1733784895\n|move|p1a: Barraskewda|Poison Jab|p2a: Sinistcha\n|-damage|p2a: Sinistcha|163/254 par\n|move|p2a: Sinistcha|Matcha Gotcha|p1a: Barraskewda\n|-supereffective|p1a: Barraskewda\n|-damage|p1a: Barraskewda|0 fnt\n|-heal|p2a: Sinistcha|187/254 par|[from] drain|[of] p1a: Barraskewda\n|faint|p1a: Barraskewda\n|\n|upkeep\n|inactive|TheGymGeek has 25 seconds left this turn.\n|\n|t:|1733784899\n|switch|p1a: Rillaboom|Rillaboom, L79, F|159/288\n|-fieldstart|move: Grassy Terrain|[from] ability: Grassy Surge|[of] p1a: Rillaboom\n|turn|20\n|inactive|TheGymGeek has 30 seconds left.\n|\n|t:|1733784916\n|move|p1a: Rillaboom|U-turn|p2a: Sinistcha\n|-damage|p2a: Sinistcha|112/254 par\n|\n|t:|1733784920\n|switch|p1a: Thundurus|Thundurus-Therian, L80, M|158/258|[from] U-turn\n|cant|p2a: Sinistcha|par\n|\n|-heal|p2a: Sinistcha|127/254 par|[from] Grassy Terrain\n|upkeep\n|turn|21\n|l|\u2606TheGymGeek\n|inactive|TheGymGeek disconnected and has a minute to reconnect!\n|player|p2|\n|inactive|TheGymGeek has 30 seconds left.\n|inactive|TheGymGeek has 20 seconds left.\n|inactive|TheGymGeek has 15 seconds left.\n|inactive|TheGymGeek has 10 seconds left.\n|inactive|TheGymGeek has 5 seconds left.\n|-message|TheGymGeek lost due to inactivity.\n|\n|win|swinubfan123\n|raw|swinubfan123's rating: 1321 &rarr; <strong>1339</strong><br />(+18 for winning)\n|raw|TheGymGeek's rating: 1290 &rarr; <strong>1267</strong><br />(-23 for losing)\n", "inputlog": ">version bfd83cad13791eb5a5a409923076391caf6fb4d4\n>start {\"formatid\":\"gen9randombattle\",\"seed\":[2343,59940,14141,19845],\"rated\":\"Rated battle\"}\n>player p1 {\"name\":\"swinubfan123\",\"avatar\":\"nemona-s\",\"rating\":1321,\"seed\":[23382,18876,9477,37031]}\n>player p2 {\"name\":\"TheGymGeek\",\"avatar\":\"drayden\",\"rating\":1290,\"seed\":[34361,26504,48301,45585]}\n>p1 switch 4\n>p2 move overheat\n>p1 move closecombat\n>p2 switch 6\n>p1 move closecombat\n>p2 move ironhead\n>p2 switch 5\n>p1 switch 4\n>p2 move matchagotcha\n>p1 move uturn\n>p2 move shadowball\n>p1 switch 5\n>p1 move thunderwave\n>p2 move matchagotcha\n>p1 move knockoff\n>p2 move matchagotcha\n>p1 move recover\n>p2 move matchagotcha\n>p1 move recover\n>p2 move matchagotcha\n>p1 move encore\n>p2 move shadowball\n>p1 switch 5\n>p1 move uturn\n>p2 switch 4\n>p1 switch 6\n>p1 move icebeam\n>p2 switch 3\n>p1 switch 2\n>p2 move closecombat\n>p1 switch 6\n>p2 switch 6\n>p1 move uturn\n>p2 move electrodrift\n>p1 switch 2\n>p1 move icebeam\n>p2 switch 2\n>p1 switch 4\n>p2 move doubleedge\n>p1 move poisonjab\n>p2 move doubleedge\n>p2 switch 4\n>p1 move poisonjab\n>p2 move matchagotcha\n>p1 switch 2\n>p1 move uturn\n>p2 move shadowball\n>p1 switch 6\n>forcelose p2", "uploadtime": 1733784968, "views": 2, "formatid": "gen9randombattle", "rating": 1267, "private": 0, "password": null}