{"id": "gen9randombattle-2260717025", "format": "[Gen 9] Random Battle", "players": ["JimGordon4629", "Ostoge1233"], "log": "|j|\u2606JimGordon4629\n|j|\u2606Ostoge1233\n|t:|1733882272\n|gametype|singles\n|player|p1|JimGordon4629|ethan|1454\n|player|p2|Ostoge1233|2|1472\n|teamsize|p1|6\n|teamsize|p2|6\n|gen|9\n|tier|[Gen 9] Random Battle\n|rated|\n|rule|Species Clause: Limit one of each Pok\u00e9mon\n|rule|HP Percentage Mod: HP is shown in percentages\n|rule|Sleep Clause Mod: Limit one foe put to sleep\n|rule|Illusion Level Mod: Illusion disguises the Pok\u00e9mon's true level\n|\n|t:|1733882272\n|start\n|switch|p1a: Scyther|Scyther, L82, F|249/249\n|switch|p2a: Vikavolt|Vikavolt, L83, F|263/263\n|turn|1\n|\n|t:|1733882292\n|switch|p1a: Gothitelle|Gothitelle, L90, M|272/272\n|move|p2a: Vikavolt|Sticky Web|p1a: Gothitelle\n|-sidestart|p1: JimGordon4629|move: Sticky Web\n|\n|upkeep\n|turn|2\n|\n|t:|1733882301\n|move|p1a: Gothitelle|Psychic Noise|p2a: Vikavolt\n|-damage|p2a: Vikavolt|160/263\n|-start|p2a: Vikavolt|move: Heal Block\n|move|p2a: Vikavolt|Bug Buzz|p1a: Gothitelle\n|-supereffective|p1a: Gothitelle\n|-damage|p1a: Gothitelle|62/272\n|\n|-heal|p1a: Gothitelle|79/272|[from] item: Leftovers\n|upkeep\n|turn|3\n|\n|t:|1733882322\n|move|p1a: Gothitelle|Psychic Noise|p2a: Vikavolt\n|-damage|p2a: Vikavolt|49/263\n|move|p2a: Vikavolt|Discharge|p1a: Gothitelle\n|-damage|p1a: Gothitelle|0 fnt\n|faint|p1a: Gothitelle\n|\n|-end|p2a: Vikavolt|move: Heal Block\n|upkeep\n|\n|t:|1733882333\n|switch|p1a: Kleavor|Kleavor, L78, F|237/237\n|turn|4\n|\n|t:|1733882337\n|move|p1a: Kleavor|Stone Axe|p2a: Vikavolt\n|-supereffective|p2a: Vikavolt\n|-damage|p2a: Vikavolt|0 fnt\n|-sidestart|p2: Ostoge1233|move: Stealth Rock\n|faint|p2a: Vikavolt\n|\n|upkeep\n|\n|t:|1733882362\n|switch|p2a: Kingdra|Kingdra, L84, M|263/263\n|-damage|p2a: Kingdra|231/263|[from] Stealth Rock\n|turn|5\n|\n|t:|1733882385\n|switch|p1a: Espathra|Espathra, L80, F|283/283\n|-activate|p1a: Espathra|move: Sticky Web\n|-unboost|p1a: Espathra|spe|1\n|move|p2a: Kingdra|Dragon Dance|p2a: Kingdra\n|-boost|p2a: Kingdra|atk|1\n|-boost|p2a: Kingdra|spe|1\n|\n|upkeep\n|turn|6\n|\n|t:|1733882398\n|move|p2a: Kingdra|Wave Crash|p1a: Espathra\n|-damage|p1a: Espathra|19/283\n|-damage|p2a: Kingdra|144/263|[from] Recoil\n|move|p1a: Espathra|Dazzling Gleam|p2a: Kingdra\n|-supereffective|p2a: Kingdra\n|-damage|p2a: Kingdra|0 fnt\n|faint|p2a: Kingdra\n|\n|-ability|p1a: Espathra|Speed Boost|boost\n|-boost|p1a: Espathra|spe|1\n|upkeep\n|\n|t:|1733882406\n|switch|p2a: Ambipom|Ambipom, L84, F|263/263\n|-damage|p2a: Ambipom|231/263|[from] Stealth Rock\n|turn|7\n|\n|t:|1733882426\n|move|p2a: Ambipom|Double-Edge|p1a: Espathra\n|-damage|p1a: Espathra|0 fnt\n|faint|p1a: Espathra\n|-damage|p2a: Ambipom|225/263|[from] Recoil\n|\n|upkeep\n|inactive|Battle timer is ON: inactive players will automatically lose when time's up. (requested by Ostoge1233)\n|\n|t:|1733882445\n|switch|p1a: Kleavor|Kleavor, L78, F|237/237\n|turn|8\n|\n|t:|1733882449\n|move|p2a: Ambipom|Double-Edge|p1a: Kleavor\n|-resisted|p1a: Kleavor\n|-damage|p1a: Kleavor|137/237\n|-damage|p2a: Ambipom|192/263|[from] Recoil\n|move|p1a: Kleavor|Swords Dance|p1a: Kleavor\n|-boost|p1a: Kleavor|atk|2\n|\n|upkeep\n|turn|9\n|\n|t:|1733882463\n|move|p2a: Ambipom|Double-Edge|p1a: Kleavor\n|-resisted|p1a: Kleavor\n|-damage|p1a: Kleavor|37/237\n|-damage|p2a: Ambipom|159/263|[from] Recoil\n|move|p1a: Kleavor|X-Scissor|p2a: Ambipom\n|-damage|p2a: Ambipom|0 fnt\n|faint|p2a: Ambipom\n|\n|upkeep\n|\n|t:|1733882476\n|switch|p2a: Barraskewda|Barraskewda, L81, M|231/231\n|-damage|p2a: Barraskewda|203/231|[from] Stealth Rock\n|turn|10\n|\n|t:|1733882490\n|move|p2a: Barraskewda|Waterfall|p1a: Kleavor\n|-supereffective|p1a: Kleavor\n|-damage|p1a: Kleavor|0 fnt\n|faint|p1a: Kleavor\n|\n|upkeep\n|\n|t:|1733882509\n|switch|p1a: Floatzel|Floatzel, L85, M|283/283\n|-activate|p1a: Floatzel|move: Sticky Web\n|-unboost|p1a: Floatzel|spe|1\n|turn|11\n|\n|t:|1733882515\n|switch|p2a: Magnezone|Magnezone, L85|258/258\n|-damage|p2a: Magnezone|242/258|[from] Stealth Rock\n|move|p1a: Floatzel|Bulk Up|p1a: Floatzel\n|-boost|p1a: Floatzel|atk|1\n|-boost|p1a: Floatzel|def|1\n|\n|upkeep\n|turn|12\n|\n|t:|1733882526\n|move|p2a: Magnezone|Thunderbolt|p1a: Floatzel\n|-supereffective|p1a: Floatzel\n|-damage|p1a: Floatzel|0 fnt\n|faint|p1a: Floatzel\n|\n|upkeep\n|\n|t:|1733882537\n|switch|p1a: Scyther|Scyther, L82, F|249/249\n|turn|13\n|\n|t:|1733882547\n|-terastallize|p1a: Scyther|Fighting\n|move|p2a: Magnezone|Thunderbolt|p1a: Scyther\n|-damage|p1a: Scyther|149/249\n|-status|p1a: Scyther|par\n|move|p1a: Scyther|Swords Dance|p1a: Scyther\n|-boost|p1a: Scyther|atk|2\n|\n|upkeep\n|turn|14\n|\n|t:|1733882558\n|move|p2a: Magnezone|Thunderbolt|p1a: Scyther\n|-damage|p1a: Scyther|49/249 par\n|cant|p1a: Scyther|par\n|\n|upkeep\n|turn|15\n|c|\u2606Ostoge1233|Bro\n|c|\u2606Ostoge1233|Im so sorry\n|\n|t:|1733882576\n|move|p2a: Magnezone|Thunderbolt|p1a: Scyther\n|-damage|p1a: Scyther|0 fnt\n|faint|p1a: Scyther\n|\n|upkeep\n|\n|t:|1733882582\n|switch|p1a: Politoed|Politoed, L88, M|302/302\n|-activate|p1a: Politoed|move: Sticky Web\n|-unboost|p1a: Politoed|spe|1\n|-weather|RainDance|[from] ability: Drizzle|[of] p1a: Politoed\n|turn|16\n|\n|t:|1733882590\n|move|p2a: Magnezone|Thunderbolt|p1a: Politoed\n|-supereffective|p1a: Politoed\n|-damage|p1a: Politoed|90/302\n|-status|p1a: Politoed|par\n|cant|p1a: Politoed|par\n|\n|-weather|RainDance|[upkeep]\n|upkeep\n|turn|17\n|c|\u2606Ostoge1233|LMFAO\n|\n|t:|1733882609\n|move|p2a: Magnezone|Thunderbolt|p1a: Politoed\n|-supereffective|p1a: Politoed\n|-damage|p1a: Politoed|0 fnt\n|faint|p1a: Politoed\n|\n|win|Ostoge1233\n|raw|JimGordon4629's rating: 1454 &rarr; <strong>1435</strong><br />(-19 for losing)\n|raw|Ostoge1233's rating: 1472 &rarr; <strong>1491</strong><br />(+19 for winning)\n", "inputlog": ">version bfd83cad13791eb5a5a409923076391caf6fb4d4\n>start {\"formatid\":\"gen9randombattle\",\"seed\":[59267,389,64770,39305],\"rated\":\"Rated battle\"}\n>player p1 {\"name\":\"JimGordon4629\",\"avatar\":\"ethan\",\"rating\":1454,\"seed\":[28344,31726,56296,63210]}\n>player p2 {\"name\":\"Ostoge1233\",\"avatar\":\"2\",\"rating\":1472,\"seed\":[62246,26006,28430,17500]}\n>p1 switch 6\n>p2 move stickyweb\n>p1 move psychicnoise\n>p2 move bugbuzz\n>p1 move psychicnoise\n>p2 move discharge\n>p1 switch 4\n>p1 move stoneaxe\n>p2 move voltswitch\n>p2 switch 6\n>p1 switch 3\n>p2 move dragondance\n>p1 move dazzlinggleam\n>p2 move wavecrash\n>p2 switch 3\n>p1 move dazzlinggleam\n>p2 move doubleedge\n>p1 switch 3\n>p1 move swordsdance\n>p2 move doubleedge\n>p1 move xscissor\n>p2 move doubleedge\n>p2 switch 5\n>p1 move xscissor\n>p2 move waterfall\n>p1 switch 5\n>p1 move bulkup\n>p2 switch 2\n>p1 move wavecrash\n>p2 move thunderbolt\n>p1 switch 6\n>p1 move swordsdance terastallize\n>p2 move thunderbolt\n>p1 move closecombat\n>p2 move thunderbolt\n>chat \u2606Ostoge1233|Bro\n>chat \u2606Ostoge1233|Im so sorry\n>p1 move closecombat\n>p2 move thunderbolt\n>p1 switch 2\n>p1 move surf\n>p2 move thunderbolt\n>chat \u2606Ostoge1233|LMFAO\n>p1 move surf\n>p2 move thunderbolt", "uploadtime": 1733882615, "views": 2, "formatid": "gen9randombattle", "rating": 1435, "private": 0, "password": null}