{"id": "gen9randombattle-2211431016", "format": "[Gen 9] Random Battle", "players": ["Mrkah23", "R3LT JustOut"], "log": "|badge|p1|bronze|gen9randombattle|100-2\n|html|<div class=\"broadcast-red\"><strong>This battle is required to be public due to one or more player having a season medal.</strong><br />During the public phase, you can discuss the state of the ladder <a href=\"/seasondiscussion\">in a special chatroom.</a></div>\n|uhtml|medal-msg|<div class=\"broadcast-blue\">Curious what those medals under the avatar are? PS now has Ladder Seasons! For more information, check out the <a href=\"https://www.smogon.com/forums/threads/3740067/\">thread on Smogon.</a></div>\n|j|\u2606Mrkah23\n|j|\u2606R3LT JustOut\n|t:|1727515978\n|gametype|singles\n|player|p1|Mrkah23|2|2296\n|player|p2|R3LT JustOut|#rbtt7teamogerponf|2243\n|teamsize|p1|6\n|teamsize|p2|6\n|gen|9\n|tier|[Gen 9] Random Battle\n|rated|\n|rule|Species Clause: Limit one of each Pok\u00e9mon\n|rule|HP Percentage Mod: HP is shown in percentages\n|rule|Sleep Clause Mod: Limit one foe put to sleep\n|rule|Illusion Level Mod: Illusion disguises the Pok\u00e9mon's true level\n|\n|t:|1727515978\n|start\n|switch|p1a: Dialga|Dialga, L73|266/266\n|switch|p2a: Rhyperior|Rhyperior, L82, M|323/323\n|-ability|p1a: Dialga|Pressure\n|turn|1\n|inactive|Battle timer is ON: inactive players will automatically lose when time's up. (requested by R3LT JustOut)\n|\n|t:|1727516020\n|switch|p1a: Thundurus|Thundurus, L80, M|258/258\n|move|p2a: Rhyperior|Earthquake|p1a: Thundurus\n|-immune|p1a: Thundurus\n|\n|upkeep\n|turn|2\n|inactive|R3LT JustOut has 120 seconds left.\n|\n|t:|1727516051\n|switch|p2a: Breloom|Breloom, L82, F|233/233\n|move|p1a: Thundurus|Grass Knot|p2a: Breloom\n|-resisted|p2a: Breloom\n|-damage|p2a: Breloom|203/233\n|\n|upkeep\n|turn|3\n|\n|t:|1727516060\n|move|p1a: Thundurus|Acrobatics|p2a: Breloom\n|-supereffective|p2a: Breloom\n|-damage|p2a: Breloom|0 fnt\n|faint|p2a: Breloom\n|\n|upkeep\n|inactive|R3LT JustOut has 120 seconds left.\n|\n|t:|1727516076\n|switch|p2a: Slowbro|Slowbro-Galar, L87, M|307/307\n|turn|4\n|inactive|R3LT JustOut has 120 seconds left.\n|\n|t:|1727516089\n|switch|p1a: Copperajah|Copperajah, L86, F|350/350\n|move|p2a: Slowbro|Earthquake|p1a: Copperajah\n|-supereffective|p1a: Copperajah\n|-damage|p1a: Copperajah|170/350\n|\n|upkeep\n|turn|5\n|\n|t:|1727516102\n|move|p2a: Slowbro|Fire Blast|p1a: Copperajah\n|-supereffective|p1a: Copperajah\n|-damage|p1a: Copperajah|0 fnt\n|faint|p1a: Copperajah\n|\n|upkeep\n|\n|t:|1727516109\n|switch|p1a: Greninja|Greninja, L80, M|246/246\n|turn|6\n|inactive|R3LT JustOut has 120 seconds left.\n|\n|t:|1727516136\n|switch|p2a: Luvdisc|Luvdisc, F|247/247\n|move|p1a: Greninja|Dark Pulse|p2a: Luvdisc\n|-damage|p2a: Luvdisc|129/247\n|-damage|p1a: Greninja|222/246|[from] item: Life Orb\n|\n|upkeep\n|turn|7\n|inactive|R3LT JustOut has 120 seconds left.\n|inactive|Mrkah23 has 120 seconds left.\n|\n|t:|1727516183\n|move|p2a: Luvdisc|Substitute|p2a: Luvdisc\n|-start|p2a: Luvdisc|Substitute\n|-damage|p2a: Luvdisc|68/247\n|move|p1a: Greninja|Gunk Shot|p2a: Luvdisc\n|-end|p2a: Luvdisc|Substitute\n|-damage|p1a: Greninja|198/246|[from] item: Life Orb\n|\n|upkeep\n|turn|8\n|\n|t:|1727516197\n|move|p2a: Luvdisc|Substitute|p2a: Luvdisc\n|-start|p2a: Luvdisc|Substitute\n|-damage|p2a: Luvdisc|7/247\n|move|p1a: Greninja|Dark Pulse|p2a: Luvdisc\n|-end|p2a: Luvdisc|Substitute\n|-damage|p1a: Greninja|174/246|[from] item: Life Orb\n|\n|upkeep\n|turn|9\n|\n|t:|1727516207\n|switch|p1a: Wugtrio|Wugtrio, L91, M|212/212\n|move|p2a: Luvdisc|Endeavor|p1a: Wugtrio\n|-damage|p1a: Wugtrio|7/212\n|-ability|p1a: Wugtrio|Gooey\n|-unboost|p2a: Luvdisc|spe|1\n|\n|upkeep\n|turn|10\n|\n|t:|1727516213\n|switch|p2a: Trevenant|Trevenant, L88, F|293/293\n|move|p1a: Wugtrio|Liquidation|p2a: Trevenant\n|-resisted|p2a: Trevenant\n|-damage|p2a: Trevenant|202/293\n|\n|upkeep\n|turn|11\n|inactive|Mrkah23 has 120 seconds left.\n|\n|t:|1727516225\n|switch|p1a: Thundurus|Thundurus, L80, M|258/258\n|switch|p2a: Slowbro|Slowbro-Galar, L87, M|307/307\n|\n|upkeep\n|turn|12\n|inactive|Mrkah23 has 120 seconds left.\n|\n|t:|1727516245\n|switch|p1a: Greninja|Greninja, L80, M|174/246\n|move|p2a: Slowbro|Earthquake|p1a: Greninja\n|-damage|p1a: Greninja|73/246\n|\n|upkeep\n|turn|13\n|\n|t:|1727516253\n|move|p1a: Greninja|Dark Pulse|p2a: Slowbro\n|-supereffective|p2a: Slowbro\n|-damage|p2a: Slowbro|133/307\n|-damage|p1a: Greninja|49/246|[from] item: Life Orb\n|cant|p2a: Slowbro|flinch\n|\n|upkeep\n|turn|14\n|\n|t:|1727516265\n|switch|p2a: Rhyperior|Rhyperior, L82, M|323/323\n|move|p1a: Greninja|Dark Pulse|p2a: Rhyperior\n|-damage|p2a: Rhyperior|179/323\n|-damage|p1a: Greninja|25/246|[from] item: Life Orb\n|\n|upkeep\n|turn|15\n|\n|t:|1727516275\n|switch|p2a: Slowbro|Slowbro-Galar, L87, M|235/307\n|move|p1a: Greninja|Ice Beam|p2a: Slowbro\n|-damage|p2a: Slowbro|175/307\n|-damage|p1a: Greninja|1/246|[from] item: Life Orb\n|\n|upkeep\n|turn|16\n|\n|t:|1727516283\n|switch|p2a: Rhyperior|Rhyperior, L82, M|179/323\n|move|p1a: Greninja|Hydro Pump|p2a: Rhyperior\n|-supereffective|p2a: Rhyperior\n|-damage|p2a: Rhyperior|0 fnt\n|faint|p2a: Rhyperior\n|-ability|p1a: Greninja|Battle Bond|boost\n|-boost|p1a: Greninja|atk|1\n|-boost|p1a: Greninja|spa|1\n|-boost|p1a: Greninja|spe|1\n|-activate|p1a: Greninja|ability: Battle Bond\n|-damage|p1a: Greninja|0 fnt|[from] item: Life Orb\n|faint|p1a: Greninja\n|\n|upkeep\n|\n|t:|1727516302\n|switch|p1a: Wugtrio|Wugtrio, L91, M|7/212\n|switch|p2a: Slowbro|Slowbro-Galar, L87, M|277/307\n|turn|17\n|\n|t:|1727516308\n|switch|p2a: Garganacl|Garganacl, L80, F|291/291\n|move|p1a: Wugtrio|Throat Chop|p2a: Garganacl\n|-damage|p2a: Garganacl|210/291\n|-start|p2a: Garganacl|Throat Chop|[silent]\n|\n|-heal|p2a: Garganacl|228/291|[from] item: Leftovers\n|upkeep\n|turn|18\n|j| Nakoruru_XD\n|\n|t:|1727516316\n|switch|p1a: Thundurus|Thundurus, L80, M|258/258\n|move|p2a: Garganacl|Stealth Rock|p1a: Thundurus\n|-sidestart|p1: Mrkah23|move: Stealth Rock\n|\n|-heal|p2a: Garganacl|246/291|[from] item: Leftovers\n|-end|p2a: Garganacl|Throat Chop|[silent]\n|upkeep\n|turn|19\n|\n|t:|1727516324\n|switch|p2a: Slowbro|Slowbro-Galar, L87, M|307/307\n|move|p1a: Thundurus|Thunderbolt|p2a: Slowbro\n|-damage|p2a: Slowbro|222/307\n|\n|upkeep\n|turn|20\n|\n|t:|1727516330\n|switch|p1a: Wugtrio|Wugtrio, L91, M|7/212\n|-damage|p1a: Wugtrio|0 fnt|[from] Stealth Rock\n|faint|p1a: Wugtrio\n|move|p2a: Slowbro|Psychic|p1: Wugtrio|[notarget]\n|-fail|p2a: Slowbro\n|\n|upkeep\n|\n|t:|1727516334\n|switch|p1a: Dialga|Dialga, L73|266/266\n|-damage|p1a: Dialga|250/266|[from] Stealth Rock\n|-ability|p1a: Dialga|Pressure\n|turn|21\n|l| Nakoruru_XD\n|\n|t:|1727516340\n|move|p1a: Dialga|Heavy Slam|p2a: Slowbro\n|-damage|p2a: Slowbro|107/307\n|move|p2a: Slowbro|Earthquake|p1a: Dialga\n|-supereffective|p1a: Dialga\n|-damage|p1a: Dialga|102/266\n|\n|-heal|p1a: Dialga|118/266|[from] item: Leftovers\n|upkeep\n|turn|22\n|\n|t:|1727516358\n|switch|p2a: Garganacl|Garganacl, L80, F|246/291\n|move|p1a: Dialga|Draco Meteor|p2a: Garganacl\n|-damage|p2a: Garganacl|90/291\n|-unboost|p1a: Dialga|spa|2\n|\n|-heal|p1a: Dialga|134/266|[from] item: Leftovers\n|-heal|p2a: Garganacl|108/291|[from] item: Leftovers\n|upkeep\n|turn|23\n|\n|t:|1727516365\n|move|p1a: Dialga|Stealth Rock|p2a: Garganacl\n|-sidestart|p2: R3LT JustOut|move: Stealth Rock\n|move|p2a: Garganacl|Recover|p2a: Garganacl\n|-heal|p2a: Garganacl|254/291\n|\n|-heal|p1a: Dialga|150/266|[from] item: Leftovers\n|-heal|p2a: Garganacl|272/291|[from] item: Leftovers\n|upkeep\n|turn|24\n|\n|t:|1727516370\n|move|p1a: Dialga|Heavy Slam|p2a: Garganacl\n|-supereffective|p2a: Garganacl\n|-damage|p2a: Garganacl|176/291\n|move|p2a: Garganacl|Salt Cure|p1a: Dialga\n|-resisted|p1a: Dialga\n|-damage|p1a: Dialga|131/266\n|-start|p1a: Dialga|Salt Cure\n|\n|-heal|p1a: Dialga|147/266|[from] item: Leftovers\n|-heal|p2a: Garganacl|194/291|[from] item: Leftovers\n|-damage|p1a: Dialga|81/266|[from] Salt Cure\n|upkeep\n|turn|25\n|\n|t:|1727516384\n|switch|p1a: Thundurus|Thundurus, L80, M|258/258\n|-damage|p1a: Thundurus|194/258|[from] Stealth Rock\n|move|p2a: Garganacl|Recover|p2a: Garganacl\n|-heal|p2a: Garganacl|291/291\n|\n|upkeep\n|turn|26\n|\n|t:|1727516392\n|switch|p2a: Trevenant|Trevenant, L88, F|202/293\n|-damage|p2a: Trevenant|166/293|[from] Stealth Rock\n|move|p1a: Thundurus|Thunderbolt|p2a: Trevenant\n|-resisted|p2a: Trevenant\n|-damage|p2a: Trevenant|116/293\n|\n|upkeep\n|turn|27\n|\n|t:|1727516403\n|move|p1a: Thundurus|Acrobatics|p2a: Trevenant\n|-supereffective|p2a: Trevenant\n|-damage|p2a: Trevenant|0 fnt\n|faint|p2a: Trevenant\n|\n|upkeep\n|\n|t:|1727516416\n|switch|p2a: Luvdisc|Luvdisc, F|7/247\n|turn|28\n|\n|t:|1727516421\n|move|p2a: Luvdisc|Endeavor|p1a: Thundurus\n|-damage|p1a: Thundurus|7/258\n|move|p1a: Thundurus|Acrobatics|p2a: Luvdisc\n|-damage|p2a: Luvdisc|0 fnt\n|faint|p2a: Luvdisc\n|\n|upkeep\n|\n|t:|1727516423\n|switch|p2a: Slowbro|Slowbro-Galar, L87, M|209/307\n|-damage|p2a: Slowbro|171/307|[from] Stealth Rock\n|turn|29\n|\n|t:|1727516433\n|move|p1a: Thundurus|Thunderbolt|p2a: Slowbro\n|-damage|p2a: Slowbro|83/307\n|move|p2a: Slowbro|Psychic|p1a: Thundurus\n|-damage|p1a: Thundurus|0 fnt\n|faint|p1a: Thundurus\n|\n|upkeep\n|\n|t:|1727516439\n|switch|p1a: Dialga|Dialga, L73|81/266\n|-damage|p1a: Dialga|65/266|[from] Stealth Rock\n|-ability|p1a: Dialga|Pressure\n|turn|30\n|\n|t:|1727516447\n|switch|p2a: Garganacl|Garganacl, L80, F|291/291\n|-damage|p2a: Garganacl|255/291|[from] Stealth Rock\n|move|p1a: Dialga|Heavy Slam|p2a: Garganacl\n|-supereffective|p2a: Garganacl\n|-damage|p2a: Garganacl|163/291\n|\n|-heal|p1a: Dialga|81/266|[from] item: Leftovers\n|-heal|p2a: Garganacl|181/291|[from] item: Leftovers\n|upkeep\n|turn|31\n|\n|t:|1727516456\n|move|p1a: Dialga|Heavy Slam|p2a: Garganacl\n|-supereffective|p2a: Garganacl\n|-damage|p2a: Garganacl|97/291\n|move|p2a: Garganacl|Recover|p2a: Garganacl\n|-heal|p2a: Garganacl|243/291\n|\n|-heal|p1a: Dialga|97/266|[from] item: Leftovers\n|-heal|p2a: Garganacl|261/291|[from] item: Leftovers\n|upkeep\n|turn|32\n|\n|t:|1727516464\n|move|p1a: Dialga|Heavy Slam|p2a: Garganacl\n|-supereffective|p2a: Garganacl\n|-damage|p2a: Garganacl|171/291\n|move|p2a: Garganacl|Recover|p2a: Garganacl\n|-heal|p2a: Garganacl|291/291\n|\n|-heal|p1a: Dialga|113/266|[from] item: Leftovers\n|upkeep\n|turn|33\n|\n|t:|1727516477\n|move|p1a: Dialga|Heavy Slam|p2a: Garganacl\n|-supereffective|p2a: Garganacl\n|-damage|p2a: Garganacl|201/291\n|move|p2a: Garganacl|Salt Cure|p1a: Dialga\n|-resisted|p1a: Dialga\n|-damage|p1a: Dialga|94/266\n|-start|p1a: Dialga|Salt Cure\n|\n|-heal|p1a: Dialga|110/266|[from] item: Leftovers\n|-heal|p2a: Garganacl|219/291|[from] item: Leftovers\n|-damage|p1a: Dialga|44/266|[from] Salt Cure\n|upkeep\n|turn|34\n|\n|t:|1727516481\n|move|p1a: Dialga|Draco Meteor|p2a: Garganacl|[miss]\n|-miss|p1a: Dialga|p2a: Garganacl\n|move|p2a: Garganacl|Recover|p2a: Garganacl\n|-heal|p2a: Garganacl|291/291\n|\n|-heal|p1a: Dialga|60/266|[from] item: Leftovers\n|-damage|p1a: Dialga|0 fnt|[from] Salt Cure\n|faint|p1a: Dialga\n|upkeep\n|\n|t:|1727516484\n|switch|p1a: Deoxys|Deoxys, L74|196/196\n|-damage|p1a: Deoxys|172/196|[from] Stealth Rock\n|-ability|p1a: Deoxys|Pressure\n|turn|35\n|inactive|R3LT JustOut has 120 seconds left.\n|inactive|R3LT JustOut has 90 seconds left.\n|\n|t:|1727516555\n|-terastallize|p1a: Deoxys|Psychic\n|-terastallize|p2a: Garganacl|Ghost\n|move|p1a: Deoxys|Psycho Boost|p2a: Garganacl\n|-damage|p2a: Garganacl|21/291\n|-unboost|p1a: Deoxys|spa|2\n|-damage|p1a: Deoxys|153/196|[from] item: Life Orb\n|move|p2a: Garganacl|Recover|p2a: Garganacl\n|-heal|p2a: Garganacl|167/291\n|\n|-heal|p2a: Garganacl|185/291|[from] item: Leftovers\n|upkeep\n|turn|36\n|\n|t:|1727516567\n|move|p1a: Deoxys|Knock Off|p2a: Garganacl\n|-supereffective|p2a: Garganacl\n|-crit|p2a: Garganacl\n|-damage|p2a: Garganacl|0 fnt\n|-enditem|p2a: Garganacl|Leftovers|[from] move: Knock Off|[of] p1a: Deoxys\n|faint|p2a: Garganacl\n|-damage|p1a: Deoxys|134/196|[from] item: Life Orb\n|\n|upkeep\n|\n|t:|1727516571\n|switch|p2a: Slowbro|Slowbro-Galar, L87, M|185/307\n|-damage|p2a: Slowbro|147/307|[from] Stealth Rock\n|turn|37\n|\n|t:|1727516575\n|move|p1a: Deoxys|Knock Off|p2a: Slowbro\n|-supereffective|p2a: Slowbro\n|-damage|p2a: Slowbro|0 fnt\n|-enditem|p2a: Slowbro|Assault Vest|[from] move: Knock Off|[of] p1a: Deoxys\n|faint|p2a: Slowbro\n|-damage|p1a: Deoxys|115/196|[from] item: Life Orb\n|\n|win|Mrkah23\n|raw|Mrkah23's rating: 2296 &rarr; <strong>2313</strong><br />(+17 for winning)\n|raw|R3LT JustOut's rating: 2243 &rarr; <strong>2226</strong><br />(-17 for losing)\n|l|\u2606R3LT JustOut\n|player|p2|\n", "inputlog": ">version 69ff0b2f47ddc97367302b06f7f2ae172fb214dd\n>start {\"formatid\":\"gen9randombattle\",\"seed\":[25043,26760,34329,52779],\"rated\":\"Rated battle\"}\n>player p1 {\"name\":\"Mrkah23\",\"avatar\":\"2\",\"rating\":2296,\"seed\":[42802,15236,20242,30975]}\n>player p2 {\"name\":\"R3LT JustOut\",\"avatar\":\"#rbtt7teamogerponf\",\"rating\":2243,\"seed\":[63637,47069,28433,56260]}\n>p1 switch 3\n>p2 move earthquake\n>p1 move grassknot\n>p2 switch 4\n>p1 move acrobatics\n>p2 move spore\n>p2 switch 5\n>p1 switch 2\n>p2 move earthquake\n>p1 move earthquake\n>p2 move fireblast\n>p1 switch 5\n>p1 move darkpulse\n>p2 switch 6\n>p1 move gunkshot\n>p2 move substitute\n>p1 move darkpulse\n>p2 move substitute\n>p1 switch 4\n>p2 move endeavor\n>p1 move liquidation\n>p2 switch 3\n>p1 switch 2\n>p2 switch 6\n>p1 switch 4\n>p2 move earthquake\n>p1 move darkpulse\n>p2 move earthquake\n>p1 move darkpulse\n>p2 switch 4\n>p1 move icebeam\n>p2 switch 4\n>p1 move hydropump\n>p2 switch 4\n>p1 switch 2\n>p2 switch 4\n>p1 move throatchop\n>p2 switch 2\n>p1 switch 4\n>p2 move stealthrock\n>p1 move thunderbolt\n>p2 switch 2\n>p1 switch 4\n>p2 move psychic\n>p1 switch 3\n>p1 move heavyslam\n>p2 move earthquake\n>p1 move dracometeor\n>p2 switch 2\n>p1 move stealthrock\n>p2 move recover\n>p1 move heavyslam\n>p2 move saltcure\n>p1 switch 4\n>p2 move recover\n>p1 move thunderbolt\n>p2 switch 6\n>p1 move acrobatics\n>p2 move woodhammer\n>p2 switch 3\n>p1 move acrobatics\n>p2 move endeavor\n>p2 switch 2\n>p1 move thunderbolt\n>p2 move psychic\n>p1 switch 4\n>p1 move heavyslam\n>p2 switch 6\n>p1 move heavyslam\n>p2 move recover\n>p1 move heavyslam\n>p2 move recover\n>p1 move heavyslam\n>p2 move saltcure\n>p1 move dracometeor\n>p2 move recover\n>p1 switch 6\n>p1 move psychoboost terastallize\n>p2 move recover terastallize\n>p1 move knockoff\n>p2 move recover\n>p2 switch 6\n>p1 move knockoff\n>p2 move shellsidearm", "uploadtime": 1727516578, "views": 82, "formatid": "gen9randombattle", "rating": 2226, "private": 0, "password": null}