{"id": "gen9randombattle-2259918497", "format": "[Gen 9] Random Battle", "players": ["boganlanks", "blainewithane"], "log": "|j|\u2606boganlanks\n|j|\u2606blainewithane\n|t:|1733779872\n|gametype|singles\n|player|p1|boganlanks|hilda|1270\n|player|p2|blainewithane|1|1302\n|teamsize|p1|6\n|teamsize|p2|6\n|gen|9\n|tier|[Gen 9] Random Battle\n|rated|\n|rule|Species Clause: Limit one of each Pok\u00e9mon\n|rule|HP Percentage Mod: HP is shown in percentages\n|rule|Sleep Clause Mod: Limit one foe put to sleep\n|rule|Illusion Level Mod: Illusion disguises the Pok\u00e9mon's true level\n|\n|t:|1733779872\n|start\n|switch|p1a: Regidrago|Regidrago, L77|435/435\n|switch|p2a: Chansey|Chansey, L85, F|564/564\n|turn|1\n|inactive|Battle timer is ON: inactive players will automatically lose when time's up. (requested by blainewithane)\n|\n|t:|1733779883\n|move|p1a: Regidrago|Earthquake|p2a: Chansey\n|-damage|p2a: Chansey|435/564\n|move|p2a: Chansey|Thunder Wave|p1a: Regidrago\n|-status|p1a: Regidrago|par\n|-enditem|p1a: Regidrago|Lum Berry|[eat]\n|-curestatus|p1a: Regidrago|par|[msg]\n|\n|upkeep\n|turn|2\n|\n|t:|1733779904\n|move|p1a: Regidrago|Outrage|p2a: Chansey\n|-damage|p2a: Chansey|42/564\n|move|p2a: Chansey|Stealth Rock|p1a: Regidrago\n|-sidestart|p1: boganlanks|move: Stealth Rock\n|\n|upkeep\n|turn|3\n|\n|t:|1733779914\n|move|p1a: Regidrago|Outrage|p2a: Chansey|[from]lockedmove\n|-damage|p2a: Chansey|0 fnt\n|faint|p2a: Chansey\n|\n|upkeep\n|\n|t:|1733779921\n|switch|p2a: Misdreavus|Misdreavus, L90, M|254/254\n|turn|4\n|\n|t:|1733779928\n|-terastallize|p2a: Misdreavus|Fairy\n|move|p2a: Misdreavus|Draining Kiss|p1a: Regidrago\n|-supereffective|p1a: Regidrago\n|-damage|p1a: Regidrago|217/435\n|move|p1a: Regidrago|Outrage|p2a: Misdreavus|[from]lockedmove\n|-immune|p2a: Misdreavus\n|-start|p1a: Regidrago|confusion|[fatigue]\n|\n|upkeep\n|turn|5\n|\n|t:|1733779945\n|switch|p1a: Indeedee|Indeedee, L84, M|238/238\n|-damage|p1a: Indeedee|209/238|[from] Stealth Rock\n|-fieldstart|move: Psychic Terrain|[from] ability: Psychic Surge|[of] p1a: Indeedee\n|move|p2a: Misdreavus|Will-O-Wisp|p1a: Indeedee\n|-status|p1a: Indeedee|brn\n|\n|-damage|p1a: Indeedee|195/238 brn|[from] brn\n|upkeep\n|turn|6\n|\n|t:|1733779959\n|switch|p2a: Sawsbuck|Sawsbuck-Summer, L88, F|284/284\n|move|p1a: Indeedee|Expanding Force|p2a: Sawsbuck\n|-damage|p2a: Sawsbuck|3/284\n|-damage|p1a: Indeedee|172/238 brn|[from] item: Life Orb\n|\n|-damage|p1a: Indeedee|158/238 brn|[from] brn\n|upkeep\n|turn|7\n|\n|t:|1733779976\n|switch|p1a: Regidrago|Regidrago, L77|217/435\n|-damage|p1a: Regidrago|163/435|[from] Stealth Rock\n|move|p2a: Sawsbuck|Horn Leech|p1a: Regidrago\n|-resisted|p1a: Regidrago\n|-damage|p1a: Regidrago|68/435\n|-heal|p2a: Sawsbuck|51/284|[from] drain|[of] p1a: Regidrago\n|-damage|p2a: Sawsbuck|23/284|[from] item: Life Orb\n|\n|upkeep\n|turn|8\n|\n|t:|1733779987\n|move|p2a: Sawsbuck|Horn Leech|p1a: Regidrago\n|-resisted|p1a: Regidrago\n|-damage|p1a: Regidrago|0 fnt\n|-heal|p2a: Sawsbuck|57/284|[from] drain|[of] p1a: Regidrago\n|faint|p1a: Regidrago\n|-damage|p2a: Sawsbuck|29/284|[from] item: Life Orb\n|\n|upkeep\n|\n|t:|1733779999\n|switch|p1a: Virizion|Virizion, L82|283/283\n|-damage|p1a: Virizion|266/283|[from] Stealth Rock\n|turn|9\n|\n|t:|1733780005\n|move|p1a: Virizion|Leaf Blade|p2a: Sawsbuck\n|-resisted|p2a: Sawsbuck\n|-damage|p2a: Sawsbuck|0 fnt\n|faint|p2a: Sawsbuck\n|-damage|p1a: Virizion|238/283|[from] item: Life Orb\n|\n|-fieldend|move: Psychic Terrain\n|upkeep\n|\n|t:|1733780013\n|switch|p2a: Entei|Entei, L78|307/307\n|turn|10\n|\n|t:|1733780031\n|-terastallize|p1a: Virizion|Rock\n|move|p1a: Virizion|Stone Edge|p2a: Entei\n|-supereffective|p2a: Entei\n|-damage|p2a: Entei|57/307\n|-damage|p1a: Virizion|210/283|[from] item: Life Orb\n|move|p2a: Entei|Sacred Fire|p1a: Virizion\n|-resisted|p1a: Virizion\n|-damage|p1a: Virizion|112/283\n|\n|upkeep\n|turn|11\n|\n|t:|1733780043\n|switch|p2a: Tsareena|Tsareena, L87, F|267/267\n|move|p1a: Virizion|Stone Edge|p2a: Tsareena\n|-crit|p2a: Tsareena\n|-damage|p2a: Tsareena|111/267\n|-damage|p1a: Virizion|84/283|[from] item: Life Orb\n|\n|upkeep\n|turn|12\n|\n|t:|1733780051\n|move|p1a: Virizion|Stone Edge|p2a: Tsareena\n|-damage|p2a: Tsareena|0 fnt\n|faint|p2a: Tsareena\n|-damage|p1a: Virizion|56/283|[from] item: Life Orb\n|\n|upkeep\n|\n|t:|1733780055\n|switch|p2a: Entei|Entei, L78|57/307\n|turn|13\n|\n|t:|1733780063\n|move|p2a: Entei|Extreme Speed|p1a: Virizion\n|-resisted|p1a: Virizion\n|-damage|p1a: Virizion|9/283\n|move|p1a: Virizion|Close Combat|p2a: Entei\n|-damage|p2a: Entei|0 fnt\n|-unboost|p1a: Virizion|def|1\n|-unboost|p1a: Virizion|spd|1\n|faint|p2a: Entei\n|-damage|p1a: Virizion|0 fnt|[from] item: Life Orb\n|faint|p1a: Virizion\n|\n|upkeep\n|\n|t:|1733780080\n|switch|p1a: Indeedee|Indeedee, L84, M|158/238 brn\n|switch|p2a: Thundurus|Thundurus-Therian, L80, M|258/258\n|-damage|p1a: Indeedee|129/238 brn|[from] Stealth Rock\n|-fieldstart|move: Psychic Terrain|[from] ability: Psychic Surge|[of] p1a: Indeedee\n|turn|14\n|\n|t:|1733780091\n|move|p2a: Thundurus|Thunderbolt|p1a: Indeedee\n|-damage|p1a: Indeedee|11/238 brn\n|move|p1a: Indeedee|Expanding Force|p2a: Thundurus\n|-damage|p2a: Thundurus|5/258\n|-damage|p1a: Indeedee|0 fnt|[from] item: Life Orb\n|faint|p1a: Indeedee\n|\n|upkeep\n|\n|t:|1733780099\n|switch|p1a: Oricorio|Oricorio-Pa'u, L87, M|272/272\n|turn|15\n|\n|t:|1733780106\n|move|p1a: Oricorio|Revelation Dance|p2a: Thundurus\n|-damage|p2a: Thundurus|0 fnt\n|faint|p2a: Thundurus\n|\n|upkeep\n|\n|t:|1733780108\n|switch|p2a: Misdreavus|Misdreavus, L90, M, tera:Fairy|254/254\n|turn|16\n|\n|t:|1733780119\n|move|p1a: Oricorio|Quiver Dance|p1a: Oricorio\n|-boost|p1a: Oricorio|spa|1\n|-boost|p1a: Oricorio|spd|1\n|-boost|p1a: Oricorio|spe|1\n|move|p2a: Misdreavus|Shadow Ball|p1a: Oricorio\n|-supereffective|p1a: Oricorio\n|-damage|p1a: Oricorio|134/272\n|\n|upkeep\n|turn|17\n|\n|t:|1733780128\n|move|p1a: Oricorio|Revelation Dance|p2a: Misdreavus\n|-damage|p2a: Misdreavus|154/254\n|move|p2a: Misdreavus|Shadow Ball|p1a: Oricorio\n|-supereffective|p1a: Oricorio\n|-damage|p1a: Oricorio|2/272\n|\n|upkeep\n|turn|18\n|\n|t:|1733780139\n|move|p1a: Oricorio|Revelation Dance|p2a: Misdreavus\n|-damage|p2a: Misdreavus|57/254\n|move|p2a: Misdreavus|Draining Kiss|p1a: Oricorio\n|-damage|p1a: Oricorio|0 fnt\n|-heal|p2a: Misdreavus|59/254|[from] drain|[of] p1a: Oricorio\n|faint|p1a: Oricorio\n|\n|-fieldend|move: Psychic Terrain\n|upkeep\n|\n|t:|1733780148\n|switch|p1a: Terapagos|Terapagos, L76, M|262/262\n|-activate|p1a: Terapagos|ability: Tera Shift\n|detailschange|p1a: Terapagos|Terapagos-Terastal, L76, M\n|-heal|p1a: Terapagos|269/269|[silent]\n|-damage|p1a: Terapagos|236/269|[from] Stealth Rock\n|turn|19\n|\n|t:|1733780157\n|move|p2a: Misdreavus|Draining Kiss|p1a: Terapagos\n|-damage|p1a: Terapagos|178/269\n|-heal|p2a: Misdreavus|103/254|[from] drain|[of] p1a: Terapagos\n|move|p1a: Terapagos|Tera Starstorm|p2a: Misdreavus\n|-damage|p2a: Misdreavus|28/254\n|\n|upkeep\n|turn|20\n|\n|t:|1733780165\n|move|p2a: Misdreavus|Draining Kiss|p1a: Terapagos\n|-crit|p1a: Terapagos\n|-damage|p1a: Terapagos|76/269\n|-heal|p2a: Misdreavus|105/254|[from] drain|[of] p1a: Terapagos\n|move|p1a: Terapagos|Tera Starstorm|p2a: Misdreavus\n|-damage|p2a: Misdreavus|38/254\n|\n|upkeep\n|turn|21\n|\n|t:|1733780173\n|move|p2a: Misdreavus|Draining Kiss|p1a: Terapagos\n|-damage|p1a: Terapagos|16/269\n|-heal|p2a: Misdreavus|83/254|[from] drain|[of] p1a: Terapagos\n|move|p1a: Terapagos|Tera Starstorm|p2a: Misdreavus\n|-damage|p2a: Misdreavus|16/254\n|\n|upkeep\n|turn|22\n|\n|t:|1733780180\n|move|p2a: Misdreavus|Draining Kiss|p1a: Terapagos\n|-damage|p1a: Terapagos|0 fnt\n|-heal|p2a: Misdreavus|28/254|[from] drain|[of] p1a: Terapagos\n|faint|p1a: Terapagos\n|\n|upkeep\n|\n|t:|1733780184\n|switch|p1a: Mabosstiff|Mabosstiff, L86, M|278/278\n|-damage|p1a: Mabosstiff|244/278|[from] Stealth Rock\n|turn|23\n|\n|t:|1733780192\n|move|p2a: Misdreavus|Draining Kiss|p1a: Mabosstiff\n|-supereffective|p1a: Mabosstiff\n|-damage|p1a: Mabosstiff|88/278\n|-heal|p2a: Misdreavus|145/254|[from] drain|[of] p1a: Mabosstiff\n|move|p1a: Mabosstiff|Psychic Fangs|p2a: Misdreavus\n|-damage|p2a: Misdreavus|60/254\n|\n|upkeep\n|turn|24\n|-message|boganlanks forfeited.\n|\n|win|blainewithane\n|raw|boganlanks's rating: 1270 &rarr; <strong>1247</strong><br />(-23 for losing)\n|raw|blainewithane's rating: 1302 &rarr; <strong>1320</strong><br />(+18 for winning)\n|l|\u2606boganlanks\n|player|p1|\n|c|\u2606blainewithane|gg\n", "inputlog": ">version bfd83cad13791eb5a5a409923076391caf6fb4d4\n>start {\"formatid\":\"gen9randombattle\",\"seed\":[684,13320,17030,63824],\"rated\":\"Rated battle\"}\n>player p1 {\"name\":\"boganlanks\",\"avatar\":\"hilda\",\"rating\":1270,\"seed\":[9252,51882,55568,26437]}\n>player p2 {\"name\":\"blainewithane\",\"avatar\":\"1\",\"rating\":1302,\"seed\":[15672,10298,3443,55436]}\n>p1 move earthquake\n>p2 move thunderwave\n>p1 move outrage\n>p2 move stealthrock\n>p1 move outrage\n>p2 move seismictoss\n>p2 switch 6\n>p1 move outrage\n>p2 move drainingkiss terastallize\n>p1 switch 2\n>p2 move willowisp\n>p1 move expandingforce\n>p2 switch 2\n>p1 switch 2\n>p2 move hornleech\n>p1 move earthquake\n>p2 move hornleech\n>p1 switch 6\n>p1 move leafblade\n>p2 move headbutt\n>p2 switch 3\n>p1 move stoneedge terastallize\n>p2 move sacredfire\n>p1 move stoneedge\n>p2 switch 4\n>p1 move stoneedge\n>p2 move synthesis\n>p2 switch 4\n>p1 move closecombat\n>p2 move extremespeed\n>p1 switch 2\n>p2 switch 5\n>p1 move expandingforce\n>p2 move thunderbolt\n>p1 switch 4\n>p1 move revelationdance\n>p2 move thunderbolt\n>p2 switch 2\n>p1 move quiverdance\n>p2 move shadowball\n>p1 move revelationdance\n>p2 move shadowball\n>p1 move revelationdance\n>p2 move drainingkiss\n>p1 switch 5\n>p1 move terastarstorm\n>p2 move drainingkiss\n>p1 move terastarstorm\n>p2 move drainingkiss\n>p1 move terastarstorm\n>p2 move drainingkiss\n>p1 move rest\n>p2 move drainingkiss\n>p1 switch 3\n>p1 move psychicfangs\n>p2 move drainingkiss\n>forcelose p1", "uploadtime": 1733780201, "views": 2, "formatid": "gen9randombattle", "rating": 1247, "private": 0, "password": null}