{"id": "gen9randombattle-2260455298", "format": "[Gen 9] Random Battle", "players": ["coiote713", "mewhennoimp"], "log": "|j|\u2606coiote713\n|j|\u2606mewhennoimp\n|t:|1733853277\n|gametype|singles\n|player|p1|coiote713|roark|1385\n|player|p2|mewhennoimp|169|1391\n|teamsize|p1|6\n|teamsize|p2|6\n|gen|9\n|tier|[Gen 9] Random Battle\n|rated|\n|rule|Species Clause: Limit one of each Pok\u00e9mon\n|rule|HP Percentage Mod: HP is shown in percentages\n|rule|Sleep Clause Mod: Limit one foe put to sleep\n|rule|Illusion Level Mod: Illusion disguises the Pok\u00e9mon's true level\n|\n|t:|1733853277\n|start\n|switch|p1a: Cryogonal|Cryogonal, L89|287/287\n|switch|p2a: Ditto|Ditto, L87|225/225\n|-transform|p2a: Ditto|p1a: Cryogonal|[from] ability: Imposter\n|turn|1\n|inactive|Battle timer is ON: inactive players will automatically lose when time's up. (requested by mewhennoimp)\n|inactive|mewhennoimp has 120 seconds left.\n|c|\u2606mewhennoimp|glhf\n|\n|t:|1733853315\n|switch|p1a: Medicham|Medicham, L86, M|243/243\n|move|p2a: Ditto|Flash Cannon|p1a: Medicham\n|-damage|p1a: Medicham|176/243\n|\n|upkeep\n|turn|2\n|\n|t:|1733853334\n|switch|p2a: Golurk|Golurk, L87|297/297\n|move|p1a: Medicham|Bullet Punch|p2a: Golurk\n|-damage|p2a: Golurk|229/297\n|\n|upkeep\n|turn|3\n|\n|t:|1733853351\n|switch|p1a: Abomasnow|Abomasnow, L85, F|291/291\n|-weather|Snow|[from] ability: Snow Warning|[of] p1a: Abomasnow\n|move|p2a: Golurk|Stealth Rock|p1a: Abomasnow\n|-sidestart|p1: coiote713|move: Stealth Rock\n|\n|-weather|Snow|[upkeep]\n|upkeep\n|turn|4\n|\n|t:|1733853368\n|move|p1a: Abomasnow|Blizzard|p2a: Golurk\n|-supereffective|p2a: Golurk\n|-damage|p2a: Golurk|0 fnt\n|faint|p2a: Golurk\n|\n|-weather|Snow|[upkeep]\n|upkeep\n|\n|t:|1733853371\n|switch|p2a: Spidops|Spidops, L96, F|271/271\n|turn|5\n|\n|t:|1733853378\n|move|p1a: Abomasnow|Aurora Veil|p1a: Abomasnow\n|-sidestart|p1: coiote713|move: Aurora Veil\n|move|p2a: Spidops|Knock Off|p1a: Abomasnow\n|-damage|p1a: Abomasnow|262/291\n|-enditem|p1a: Abomasnow|Light Clay|[from] move: Knock Off|[of] p2a: Spidops\n|\n|-weather|Snow|[upkeep]\n|upkeep\n|turn|6\n|\n|t:|1733853385\n|move|p1a: Abomasnow|Blizzard|p2a: Spidops\n|-damage|p2a: Spidops|165/271\n|move|p2a: Spidops|U-turn|p1a: Abomasnow\n|-supereffective|p1a: Abomasnow\n|-damage|p1a: Abomasnow|196/291\n|\n|t:|1733853389\n|switch|p2a: Grafaiai|Grafaiai, L86, F|249/249|[from] U-turn\n|\n|-weather|Snow|[upkeep]\n|upkeep\n|turn|7\n|\n|t:|1733853396\n|move|p2a: Grafaiai|Gunk Shot|p1a: Abomasnow\n|-supereffective|p1a: Abomasnow\n|-damage|p1a: Abomasnow|102/291\n|move|p1a: Abomasnow|Blizzard|p2a: Grafaiai\n|-damage|p2a: Grafaiai|165/249\n|\n|-weather|none\n|upkeep\n|turn|8\n|\n|t:|1733853408\n|move|p2a: Grafaiai|Gunk Shot|p1a: Abomasnow|[miss]\n|-miss|p2a: Grafaiai|p1a: Abomasnow\n|move|p1a: Abomasnow|Blizzard|p2a: Grafaiai\n|-damage|p2a: Grafaiai|72/249\n|\n|upkeep\n|turn|9\n|\n|t:|1733853419\n|move|p1a: Abomasnow|Ice Shard|p2a: Grafaiai\n|-damage|p2a: Grafaiai|20/249\n|move|p2a: Grafaiai|Gunk Shot|p1a: Abomasnow\n|-supereffective|p1a: Abomasnow\n|-damage|p1a: Abomasnow|0 fnt\n|faint|p1a: Abomasnow\n|\n|upkeep\n|\n|t:|1733853433\n|switch|p1a: Medicham|Medicham, L86, M|176/243\n|-damage|p1a: Medicham|161/243|[from] Stealth Rock\n|turn|10\n|\n|t:|1733853439\n|move|p1a: Medicham|Bullet Punch|p2a: Grafaiai\n|-damage|p2a: Grafaiai|0 fnt\n|faint|p2a: Grafaiai\n|\n|upkeep\n|\n|t:|1733853445\n|switch|p2a: Basculin|Basculin, L86, F|261/261\n|turn|11\n|\n|t:|1733853457\n|switch|p1a: Cryogonal|Cryogonal, L89|287/287\n|move|p2a: Basculin|Flip Turn|p1a: Cryogonal\n|-damage|p1a: Cryogonal|204/287\n|\n|t:|1733853466\n|switch|p2a: Ditto|Ditto, L87|225/225|[from] Flip Turn\n|-transform|p2a: Ditto|p1a: Cryogonal|[from] ability: Imposter\n|\n|upkeep\n|turn|12\n|\n|t:|1733853473\n|move|p2a: Ditto|Flash Cannon|p1a: Cryogonal\n|-supereffective|p1a: Cryogonal\n|-damage|p1a: Cryogonal|162/287\n|move|p1a: Cryogonal|Rapid Spin|p2a: Ditto\n|-damage|p2a: Ditto|190/225\n|-boost|p1a: Cryogonal|spe|1\n|-sideend|p1: coiote713|Stealth Rock|[from] move: Rapid Spin|[of] p1a: Cryogonal\n|\n|-sideend|p1: coiote713|move: Aurora Veil\n|upkeep\n|turn|13\n|\n|t:|1733853482\n|move|p1a: Cryogonal|Flash Cannon|p2a: Ditto\n|-supereffective|p2a: Ditto\n|-damage|p2a: Ditto|104/225\n|move|p2a: Ditto|Flash Cannon|p1a: Cryogonal\n|-supereffective|p1a: Cryogonal\n|-damage|p1a: Cryogonal|86/287\n|\n|upkeep\n|turn|14\n|\n|t:|1733853491\n|move|p2a: Ditto|Flash Cannon|p1a: Cryogonal\n|-supereffective|p1a: Cryogonal\n|-damage|p1a: Cryogonal|4/287\n|-unboost|p1a: Cryogonal|spd|1\n|move|p1a: Cryogonal|Recover|p1a: Cryogonal\n|-heal|p1a: Cryogonal|148/287\n|\n|upkeep\n|turn|15\n|\n|t:|1733853499\n|move|p1a: Cryogonal|Flash Cannon|p2a: Ditto\n|-supereffective|p2a: Ditto\n|-damage|p2a: Ditto|16/225\n|move|p2a: Ditto|Flash Cannon|p1a: Cryogonal\n|-supereffective|p1a: Cryogonal\n|-damage|p1a: Cryogonal|16/287\n|\n|upkeep\n|turn|16\n|\n|t:|1733853506\n|move|p1a: Cryogonal|Recover|p1a: Cryogonal\n|-heal|p1a: Cryogonal|160/287\n|move|p2a: Ditto|Flash Cannon|p1a: Cryogonal\n|-supereffective|p1a: Cryogonal\n|-damage|p1a: Cryogonal|32/287\n|\n|upkeep\n|turn|17\n|\n|t:|1733853512\n|switch|p2a: Basculin|Basculin, L86, F|261/261\n|move|p1a: Cryogonal|Flash Cannon|p2a: Basculin\n|-resisted|p2a: Basculin\n|-damage|p2a: Basculin|220/261\n|\n|upkeep\n|turn|18\n|\n|t:|1733853521\n|move|p2a: Basculin|Aqua Jet|p1a: Cryogonal\n|-damage|p1a: Cryogonal|0 fnt\n|faint|p1a: Cryogonal\n|\n|upkeep\n|\n|t:|1733853528\n|switch|p1a: Brambleghast|Brambleghast, L88, M|240/240\n|turn|19\n|\n|t:|1733853544\n|switch|p2a: Calyrex|Calyrex, L93|337/337\n|-ability|p2a: Calyrex|Unnerve\n|move|p1a: Brambleghast|Leech Seed|p2a: Calyrex\n|-immune|p2a: Calyrex\n|\n|upkeep\n|turn|20\n|\n|t:|1733853553\n|move|p1a: Brambleghast|Poltergeist|p2a: Calyrex|[miss]\n|-miss|p1a: Brambleghast|p2a: Calyrex\n|move|p2a: Calyrex|Psychic|p1a: Brambleghast\n|-damage|p1a: Brambleghast|120/240\n|\n|-heal|p1a: Brambleghast|135/240|[from] item: Leftovers\n|upkeep\n|turn|21\n|\n|t:|1733853564\n|move|p1a: Brambleghast|Poltergeist|p2a: Calyrex\n|-activate|p2a: Calyrex|move: Poltergeist|Leftovers\n|-supereffective|p2a: Calyrex\n|-damage|p2a: Calyrex|73/337\n|move|p2a: Calyrex|Psychic|p1a: Brambleghast\n|-damage|p1a: Brambleghast|26/240\n|\n|-heal|p1a: Brambleghast|41/240|[from] item: Leftovers\n|-heal|p2a: Calyrex|94/337|[from] item: Leftovers\n|upkeep\n|turn|22\n|\n|t:|1733853575\n|move|p1a: Brambleghast|Poltergeist|p2a: Calyrex\n|-activate|p2a: Calyrex|move: Poltergeist|Leftovers\n|-supereffective|p2a: Calyrex\n|-damage|p2a: Calyrex|0 fnt\n|faint|p2a: Calyrex\n|\n|-heal|p1a: Brambleghast|56/240|[from] item: Leftovers\n|upkeep\n|\n|t:|1733853583\n|switch|p2a: Ditto|Ditto, L87|16/225\n|-transform|p2a: Ditto|p1a: Brambleghast|[from] ability: Imposter\n|turn|23\n|\n|t:|1733853598\n|move|p2a: Ditto|Poltergeist|p1a: Brambleghast\n|-activate|p1a: Brambleghast|move: Poltergeist|Leftovers\n|-supereffective|p1a: Brambleghast\n|-damage|p1a: Brambleghast|0 fnt\n|faint|p1a: Brambleghast\n|\n|upkeep\n|\n|t:|1733853605\n|switch|p1a: Medicham|Medicham, L86, M|161/243\n|turn|24\n|\n|t:|1733853608\n|switch|p2a: Basculin|Basculin, L86, F|220/261\n|move|p1a: Medicham|Bullet Punch|p2a: Basculin\n|-resisted|p2a: Basculin\n|-damage|p2a: Basculin|183/261\n|\n|upkeep\n|turn|25\n|\n|t:|1733853617\n|switch|p1a: Oricorio|Oricorio-Sensu, L85, M|266/266\n|-terastallize|p2a: Basculin|Water\n|move|p2a: Basculin|Flip Turn|p1a: Oricorio\n|-damage|p1a: Oricorio|104/266\n|\n|t:|1733853623\n|switch|p2a: Ditto|Ditto, L87|16/225|[from] Flip Turn\n|-transform|p2a: Ditto|p1a: Oricorio|[from] ability: Imposter\n|\n|upkeep\n|turn|26\n|\n|t:|1733853633\n|move|p2a: Ditto|Revelation Dance|p1a: Oricorio\n|-supereffective|p1a: Oricorio\n|-damage|p1a: Oricorio|0 fnt\n|faint|p1a: Oricorio\n|\n|upkeep\n|\n|t:|1733853639\n|switch|p1a: Medicham|Medicham, L86, M|161/243\n|turn|27\n|\n|t:|1733853649\n|move|p2a: Ditto|Revelation Dance|p1a: Medicham\n|-supereffective|p1a: Medicham\n|-damage|p1a: Medicham|0 fnt\n|faint|p1a: Medicham\n|\n|upkeep\n|\n|t:|1733853653\n|switch|p1a: Garchomp|Garchomp, L74, F|282/282\n|turn|28\n|\n|t:|1733853665\n|switch|p2a: Spidops|Spidops, L96, F|165/271\n|move|p1a: Garchomp|Scale Shot|p2a: Spidops\n|-damage|p2a: Spidops|140/271\n|-damage|p2a: Spidops|116/271\n|-damage|p2a: Spidops|92/271\n|-damage|p2a: Spidops|68/271\n|-damage|p2a: Spidops|43/271\n|-hitcount|p2a: Spidops|5\n|-unboost|p1a: Garchomp|def|1\n|-boost|p1a: Garchomp|spe|1\n|\n|upkeep\n|turn|29\n|\n|t:|1733853682\n|move|p1a: Garchomp|Scale Shot|p2a: Spidops\n|-damage|p2a: Spidops|19/271\n|-crit|p2a: Spidops\n|-damage|p2a: Spidops|0 fnt\n|faint|p2a: Spidops\n|-hitcount|p2: Spidops|2\n|-unboost|p1a: Garchomp|def|1\n|-boost|p1a: Garchomp|spe|1\n|\n|upkeep\n|\n|t:|1733853684\n|switch|p2a: Ditto|Ditto, L87|16/225\n|-transform|p2a: Ditto|p1a: Garchomp|[from] ability: Imposter\n|turn|30\n|\n|t:|1733853708\n|-terastallize|p1a: Garchomp|Ground\n|move|p2a: Ditto|Earthquake|p1a: Garchomp\n|-damage|p1a: Garchomp|23/282\n|move|p1a: Garchomp|Earthquake|p2a: Ditto\n|-damage|p2a: Ditto|0 fnt\n|faint|p2a: Ditto\n|\n|upkeep\n|\n|t:|1733853712\n|switch|p2a: Basculin|Basculin, L86, F, tera:Water|183/261\n|turn|31\n|inactive|coiote713 has 120 seconds left.\n|\n|t:|1733853739\n|move|p2a: Basculin|Aqua Jet|p1a: Garchomp\n|-supereffective|p1a: Garchomp\n|-damage|p1a: Garchomp|0 fnt\n|-damage|p2a: Basculin|151/261|[from] ability: Rough Skin|[of] p1a: Garchomp\n|faint|p1a: Garchomp\n|\n|win|mewhennoimp\n|raw|coiote713's rating: 1385 &rarr; <strong>1365</strong><br />(-20 for losing)\n|raw|mewhennoimp's rating: 1391 &rarr; <strong>1411</strong><br />(+20 for winning)\n", "inputlog": ">version bfd83cad13791eb5a5a409923076391caf6fb4d4\n>start {\"formatid\":\"gen9randombattle\",\"seed\":[27365,64074,54913,64154],\"rated\":\"Rated battle\"}\n>player p1 {\"name\":\"coiote713\",\"avatar\":\"roark\",\"rating\":1385,\"seed\":[3942,50435,5762,56871]}\n>player p2 {\"name\":\"mewhennoimp\",\"avatar\":\"169\",\"rating\":1391,\"seed\":[46882,31463,3780,50677]}\n>chat \u2606mewhennoimp|glhf\n>p1 switch 5\n>p2 move flashcannon\n>p1 move bulletpunch\n>p2 switch 3\n>p1 switch 2\n>p2 move stealthrock\n>p1 move blizzard\n>p2 move dynamicpunch\n>p2 switch 5\n>p1 move auroraveil\n>p2 move knockoff\n>p1 move blizzard\n>p2 move uturn\n>p2 switch 2\n>p1 move blizzard\n>p2 move gunkshot\n>p1 move blizzard\n>p2 move gunkshot\n>p1 move iceshard\n>p2 move gunkshot\n>p1 switch 2\n>p1 move bulletpunch\n>p2 move gunkshot\n>p2 switch 4\n>p1 switch 5\n>p2 move flipturn\n>p2 switch 3\n>p1 move rapidspin\n>p2 move flashcannon\n>p1 move flashcannon\n>p2 move flashcannon\n>p1 move recover\n>p2 move flashcannon\n>p1 move flashcannon\n>p2 move flashcannon\n>p1 move recover\n>p2 move flashcannon\n>p1 move flashcannon\n>p2 switch 3\n>p1 move recover\n>p2 move aquajet\n>p1 switch 4\n>p1 move leechseed\n>p2 switch 6\n>p1 move poltergeist\n>p2 move psychic\n>p1 move poltergeist\n>p2 move psychic\n>p1 move poltergeist\n>p2 move psychic\n>p2 switch 3\n>p1 move poltergeist\n>p2 move poltergeist\n>p1 switch 5\n>p1 move bulletpunch\n>p2 switch 6\n>p1 switch 3\n>p2 move flipturn terastallize\n>p2 switch 6\n>p1 move roost\n>p2 move revelationdance\n>p1 switch 3\n>p1 move poisonjab\n>p2 move revelationdance\n>p1 switch 6\n>p1 move scaleshot\n>p2 switch 2\n>p1 move scaleshot\n>p2 move knockoff\n>p2 switch 2\n>p1 move earthquake terastallize\n>p2 move earthquake\n>p2 switch 6\n>p1 move scaleshot\n>p2 move aquajet", "uploadtime": 1733853741, "views": 18, "formatid": "gen9randombattle", "rating": 1365, "private": 0, "password": null}