{"id": "gen9randombattle-2260266375", "format": "[Gen 9] Random Battle", "players": ["Guexxr", "daphne fruit"], "log": "|j|\u2606Guexxr\n|j|\u203ddaphne fruit\n|t:|1733832367\n|gametype|singles\n|player|p1|Guexxr|101|1986\n|player|p2|daphne fruit|unknown|1989\n|teamsize|p1|6\n|teamsize|p2|6\n|gen|9\n|tier|[Gen 9] Random Battle\n|rated|\n|rule|Species Clause: Limit one of each Pok\u00e9mon\n|rule|HP Percentage Mod: HP is shown in percentages\n|rule|Sleep Clause Mod: Limit one foe put to sleep\n|rule|Illusion Level Mod: Illusion disguises the Pok\u00e9mon's true level\n|\n|t:|1733832367\n|start\n|switch|p1a: Regirock|Regirock, L83|268/268\n|switch|p2a: Golem|Golem, L87, M|281/281\n|turn|1\n|\n|t:|1733832385\n|switch|p2a: Inteleon|Inteleon, L81, M|246/246\n|move|p1a: Regirock|Iron Defense|p1a: Regirock\n|-boost|p1a: Regirock|def|2\n|\n|upkeep\n|turn|2\n|\n|t:|1733832405\n|switch|p1a: Pachirisu|Pachirisu, L96, F|271/271\n|move|p2a: Inteleon|U-turn|p1a: Pachirisu\n|-damage|p1a: Pachirisu|229/271\n|\n|t:|1733832411\n|switch|p2a: Golem|Golem, L87, M|281/281|[from] U-turn\n|\n|upkeep\n|turn|3\n|\n|t:|1733832426\n|move|p1a: Pachirisu|U-turn|p2a: Golem\n|-crit|p2a: Golem\n|-damage|p2a: Golem|241/281\n|\n|t:|1733832428\n|switch|p1a: Tsareena|Tsareena, L87, F|267/267|[from] U-turn\n|move|p2a: Golem|Rock Polish|p2a: Golem\n|-boost|p2a: Golem|spe|2\n|\n|upkeep\n|turn|4\n|\n|t:|1733832437\n|switch|p2a: Girafarig|Girafarig, L89, M|269/269\n|move|p1a: Tsareena|Power Whip|p2a: Girafarig\n|-ability|p2a: Girafarig|Sap Sipper|boost\n|-boost|p2a: Girafarig|atk|1\n|\n|upkeep\n|turn|5\n|\n|t:|1733832445\n|move|p2a: Girafarig|Hyper Voice|p1a: Tsareena\n|-damage|p1a: Tsareena|201/267\n|move|p1a: Tsareena|Rapid Spin|p2a: Girafarig\n|-damage|p2a: Girafarig|232/269\n|-boost|p1a: Tsareena|spe|1\n|\n|upkeep\n|turn|6\n|\n|t:|1733832455\n|move|p1a: Tsareena|Knock Off|p2a: Girafarig\n|-supereffective|p2a: Girafarig\n|-damage|p2a: Girafarig|90/269\n|-enditem|p2a: Girafarig|Eviolite|[from] move: Knock Off|[of] p1a: Tsareena\n|move|p2a: Girafarig|Psyshock|p1a: Tsareena\n|-damage|p1a: Tsareena|119/267\n|\n|upkeep\n|turn|7\n|\n|t:|1733832461\n|switch|p2a: Glaceon|Glaceon, L94, F|275/275\n|move|p1a: Tsareena|Knock Off|p2a: Glaceon\n|-damage|p2a: Glaceon|215/275\n|-enditem|p2a: Glaceon|Heavy-Duty Boots|[from] move: Knock Off|[of] p1a: Tsareena\n|\n|upkeep\n|turn|8\n|\n|t:|1733832466\n|move|p1a: Tsareena|High Jump Kick|p2a: Glaceon\n|-supereffective|p2a: Glaceon\n|-damage|p2a: Glaceon|55/275\n|move|p2a: Glaceon|Wish|p2a: Glaceon\n|\n|upkeep\n|turn|9\n|\n|t:|1733832472\n|move|p2a: Glaceon|Protect|p2a: Glaceon\n|-singleturn|p2a: Glaceon|Protect\n|move|p1a: Tsareena|Power Whip|p2a: Glaceon\n|-activate|p2a: Glaceon|move: Protect\n|\n|-heal|p2a: Glaceon|192/275|[from] move: Wish|[wisher] Glaceon\n|upkeep\n|turn|10\n|\n|t:|1733832476\n|switch|p2a: Skeledirge|Skeledirge, L79, M|294/294\n|move|p1a: Tsareena|Power Whip|p2a: Skeledirge\n|-resisted|p2a: Skeledirge\n|-damage|p2a: Skeledirge|213/294\n|\n|upkeep\n|turn|11\n|\n|t:|1733832485\n|move|p1a: Tsareena|Knock Off|p2a: Skeledirge\n|-supereffective|p2a: Skeledirge\n|-damage|p2a: Skeledirge|37/294\n|-enditem|p2a: Skeledirge|Heavy-Duty Boots|[from] move: Knock Off|[of] p1a: Tsareena\n|move|p2a: Skeledirge|Torch Song|p1a: Tsareena\n|-supereffective|p1a: Tsareena\n|-damage|p1a: Tsareena|21/267\n|-boost|p2a: Skeledirge|spa|1\n|\n|upkeep\n|turn|12\n|\n|t:|1733832499\n|switch|p2a: Girafarig|Girafarig, L89, M|90/269\n|move|p1a: Tsareena|Knock Off|p2a: Girafarig\n|-supereffective|p2a: Girafarig\n|-damage|p2a: Girafarig|0 fnt\n|faint|p2a: Girafarig\n|\n|upkeep\n|\n|t:|1733832501\n|switch|p2a: Glaceon|Glaceon, L94, F|192/275\n|turn|13\n|\n|t:|1733832505\n|switch|p2a: Skeledirge|Skeledirge, L79, M|37/294\n|move|p1a: Tsareena|Power Whip|p2a: Skeledirge\n|-resisted|p2a: Skeledirge\n|-damage|p2a: Skeledirge|0 fnt\n|faint|p2a: Skeledirge\n|\n|upkeep\n|\n|t:|1733832508\n|switch|p2a: Glaceon|Glaceon, L94, F|192/275\n|turn|14\n|\n|t:|1733832513\n|-terastallize|p1a: Tsareena|Fighting\n|move|p1a: Tsareena|High Jump Kick|p2a: Glaceon\n|-supereffective|p2a: Glaceon\n|-damage|p2a: Glaceon|0 fnt\n|faint|p2a: Glaceon\n|\n|upkeep\n|\n|t:|1733832520\n|switch|p2a: Kingambit|Kingambit, L74, F|270/270\n|-activate|p2a: Kingambit|ability: Supreme Overlord\n|-start|p2a: Kingambit|fallen3|[silent]\n|turn|15\n|\n|t:|1733832526\n|move|p1a: Tsareena|High Jump Kick|p2a: Kingambit\n|-supereffective|p2a: Kingambit\n|-damage|p2a: Kingambit|0 fnt\n|faint|p2a: Kingambit\n|-end|p2a: Kingambit|fallen3|[silent]\n|\n|upkeep\n|\n|t:|1733832529\n|switch|p2a: Golem|Golem, L87, M|241/281\n|turn|16\n|\n|t:|1733832533\n|-terastallize|p2a: Golem|Grass\n|move|p1a: Tsareena|Power Whip|p2a: Golem\n|-resisted|p2a: Golem\n|-damage|p2a: Golem|184/281\n|move|p2a: Golem|Rock Polish|p2a: Golem\n|-boost|p2a: Golem|spe|2\n|\n|upkeep\n|turn|17\n|\n|t:|1733832538\n|move|p1a: Tsareena|High Jump Kick|p2a: Golem\n|-damage|p2a: Golem|69/281\n|move|p2a: Golem|Rock Polish|p2a: Golem\n|-boost|p2a: Golem|spe|2\n|\n|upkeep\n|turn|18\n|\n|t:|1733832541\n|move|p2a: Golem|Earthquake|p1a: Tsareena\n|-damage|p1a: Tsareena|0 fnt\n|faint|p1a: Tsareena\n|\n|upkeep\n|\n|t:|1733832553\n|switch|p1a: Regirock|Regirock, L83|268/268\n|turn|19\n|\n|t:|1733832572\n|move|p2a: Golem|Earthquake|p1a: Regirock\n|-supereffective|p1a: Regirock\n|-damage|p1a: Regirock|124/268\n|move|p1a: Regirock|Body Press|p2a: Golem\n|-damage|p2a: Golem|0 fnt\n|faint|p2a: Golem\n|\n|upkeep\n|\n|t:|1733832575\n|switch|p2a: Inteleon|Inteleon, L81, M|246/246\n|turn|20\n|\n|t:|1733832578\n|move|p2a: Inteleon|Hydro Pump|p1a: Regirock\n|-supereffective|p1a: Regirock\n|-crit|p1a: Regirock\n|-damage|p1a: Regirock|0 fnt\n|faint|p1a: Regirock\n|\n|upkeep\n|\n|t:|1733832582\n|switch|p1a: Pachirisu|Pachirisu, L96, F|229/271\n|turn|21\n|inactive|Battle timer is ON: inactive players will automatically lose when time's up. (requested by Guexxr)\n|\n|t:|1733832601\n|move|p2a: Inteleon|Hydro Pump|p1a: Pachirisu\n|-crit|p1a: Pachirisu\n|-damage|p1a: Pachirisu|67/271\n|move|p1a: Pachirisu|Thunderbolt|p2a: Inteleon\n|-supereffective|p2a: Inteleon\n|-damage|p2a: Inteleon|64/246\n|\n|upkeep\n|turn|22\n|\n|t:|1733832611\n|move|p2a: Inteleon|Hydro Pump|p1a: Pachirisu\n|-damage|p1a: Pachirisu|0 fnt\n|faint|p1a: Pachirisu\n|\n|upkeep\n|\n|t:|1733832614\n|switch|p1a: Rampardos|Rampardos, L90, F|321/321\n|turn|23\n|inactive|daphne fruit has 120 seconds left.\n|inactive|daphne fruit has 90 seconds left.\n|inactive|daphne fruit has 60 seconds left.\n|inactive|daphne fruit has 30 seconds left.\n|inactive|daphne fruit has 20 seconds left.\n|inactive|daphne fruit has 15 seconds left.\n|inactive|daphne fruit has 10 seconds left.\n|inactive|daphne fruit has 5 seconds left.\n|\n|t:|1733832760\n|move|p2a: Inteleon|Hydro Pump|p1a: Rampardos\n|-supereffective|p1a: Rampardos\n|-damage|p1a: Rampardos|0 fnt\n|faint|p1a: Rampardos\n|\n|upkeep\n|inactive|daphne fruit has 10 seconds left this turn.\n|\n|t:|1733832786\n|switch|p1a: Glalie|Glalie, L96, M|309/309\n|turn|24\n|inactive|daphne fruit has 20 seconds left this turn.\n|\n|t:|1733832792\n|move|p2a: Inteleon|Hydro Pump|p1a: Glalie\n|-damage|p1a: Glalie|45/309\n|move|p1a: Glalie|Spikes|p2a: Inteleon\n|-sidestart|p2: daphne fruit|Spikes\n|\n|upkeep\n|turn|25\n|inactive|daphne fruit has 30 seconds left this turn.\n|\n|t:|1733832801\n|move|p2a: Inteleon|Hydro Pump|p1a: Glalie\n|-damage|p1a: Glalie|0 fnt\n|faint|p1a: Glalie\n|\n|upkeep\n|inactive|daphne fruit has 30 seconds left this turn.\n|\n|t:|1733832803\n|switch|p1a: Scizor|Scizor, L79, F|240/240\n|turn|26\n|inactive|daphne fruit has 30 seconds left.\n|inactive|daphne fruit has 20 seconds left.\n|inactive|daphne fruit has 15 seconds left.\n|\n|t:|1733832829\n|move|p1a: Scizor|Bullet Punch|p2a: Inteleon\n|-resisted|p2a: Inteleon\n|-damage|p2a: Inteleon|4/246\n|-damage|p1a: Scizor|216/240|[from] item: Life Orb\n|move|p2a: Inteleon|Hydro Pump|p1a: Scizor\n|-damage|p1a: Scizor|0 fnt\n|faint|p1a: Scizor\n|\n|win|daphne fruit\n|inactive|daphne fruit has 20 seconds left this turn.\n|raw|Guexxr's rating: 1986 &rarr; <strong>1966</strong><br />(-20 for losing)\n|raw|daphne fruit's rating: 1989 &rarr; <strong>2009</strong><br />(+20 for winning)\n|l|\u2606Guexxr\n|player|p1|\n|l|\u203ddaphne fruit\n|player|p2|\n|j|\u203ddaphne fruit\n|player|p2|daphne fruit|unknown|\n", "inputlog": ">version bfd83cad13791eb5a5a409923076391caf6fb4d4\n>start {\"formatid\":\"gen9randombattle\",\"seed\":[46424,49848,18530,57351],\"rated\":\"Rated battle\"}\n>player p1 {\"name\":\"Guexxr\",\"avatar\":\"101\",\"rating\":1986,\"seed\":[23305,23099,56393,215]}\n>player p2 {\"name\":\"daphne fruit\",\"avatar\":\"unknown\",\"rating\":1989,\"seed\":[56003,60482,65446,29606]}\n>p1 move irondefense\n>p2 switch 3\n>p1 switch 5\n>p2 move uturn\n>p2 switch 3\n>p1 move uturn\n>p2 move rockpolish\n>p1 switch 4\n>p1 move powerwhip\n>p2 switch 2\n>p1 move rapidspin\n>p2 move hypervoice\n>p1 move knockoff\n>p2 move psyshock\n>p1 move knockoff\n>p2 switch 6\n>p1 move highjumpkick\n>p2 move wish\n>p1 move powerwhip\n>p2 move protect\n>p1 move powerwhip\n>p2 switch 5\n>p1 move knockoff\n>p2 move torchsong\n>p1 move knockoff\n>p2 switch 6\n>p2 switch 5\n>p1 move powerwhip\n>p2 switch 6\n>p2 switch 6\n>p1 move highjumpkick terastallize\n>p2 move wish\n>p2 switch 4\n>p1 move highjumpkick\n>p2 move swordsdance\n>p2 switch 2\n>p1 move powerwhip\n>p2 move rockpolish terastallize\n>p1 move highjumpkick\n>p2 move rockpolish\n>p1 move highjumpkick\n>p2 move earthquake\n>p1 switch 5\n>p1 move bodypress\n>p2 move earthquake\n>p2 switch 3\n>p1 move rest\n>p2 move hydropump\n>p1 switch 4\n>p1 move thunderbolt\n>p2 move hydropump\n>p1 move thunderbolt\n>p2 move hydropump\n>p1 switch 6\n>p1 move headsmash\n>p2 move hydropump\n>p1 switch 3\n>p1 move spikes\n>p2 move hydropump\n>p1 move spikes\n>p2 move hydropump\n>p1 switch 2\n>p1 move bulletpunch\n>p2 move hydropump", "uploadtime": 1733832933, "views": 1, "formatid": "gen9randombattle", "rating": 1966, "private": 0, "password": null}