{"id": "gen9randombattle-2259811532", "format": "[Gen 9] Random Battle", "players": ["yucale", "Obi-wannabe01"], "log": "|j|\u2606yucale\n|j|\u2606Obi-wannabe01\n|t:|1733769071\n|gametype|singles\n|player|p1|yucale|cynthia|1478\n|player|p2|Obi-wannabe01|101|1477\n|teamsize|p1|6\n|teamsize|p2|6\n|gen|9\n|tier|[Gen 9] Random Battle\n|rated|\n|rule|Species Clause: Limit one of each Pok\u00e9mon\n|rule|HP Percentage Mod: HP is shown in percentages\n|rule|Sleep Clause Mod: Limit one foe put to sleep\n|rule|Illusion Level Mod: Illusion disguises the Pok\u00e9mon's true level\n|\n|t:|1733769071\n|start\n|switch|p1a: Flapple|Flapple, L88, M|266/266\n|switch|p2a: Farigiraf|Farigiraf, L91, M|366/366\n|turn|1\n|inactive|Battle timer is ON: inactive players will automatically lose when time's up. (requested by Obi-wannabe01)\n|\n|t:|1733769077\n|move|p1a: Flapple|U-turn|p2a: Farigiraf|[miss]\n|-miss|p1a: Flapple|p2a: Farigiraf\n|move|p2a: Farigiraf|Future Sight|p1a: Flapple\n|-start|p2a: Farigiraf|move: Future Sight\n|\n|upkeep\n|turn|2\n|\n|t:|1733769089\n|move|p1a: Flapple|U-turn|p2a: Farigiraf|[miss]\n|-miss|p1a: Flapple|p2a: Farigiraf\n|move|p2a: Farigiraf|Hyper Voice|p1a: Flapple\n|-damage|p1a: Flapple|107/266\n|\n|upkeep\n|turn|3\n|\n|t:|1733769097\n|move|p2a: Farigiraf|Protect|p2a: Farigiraf\n|-singleturn|p2a: Farigiraf|Protect\n|move|p1a: Flapple|U-turn|p2a: Farigiraf\n|-activate|p2a: Farigiraf|move: Protect\n|\n|-end|p1a: Flapple|move: Future Sight\n|-damage|p1a: Flapple|0 fnt\n|faint|p1a: Flapple\n|upkeep\n|\n|t:|1733769100\n|switch|p1a: Sawsbuck|Sawsbuck-Winter, L88, M|284/284\n|turn|4\n|\n|t:|1733769116\n|move|p1a: Sawsbuck|Swords Dance|p1a: Sawsbuck\n|-boost|p1a: Sawsbuck|atk|2\n|move|p2a: Farigiraf|Future Sight|p1a: Sawsbuck\n|-start|p2a: Farigiraf|move: Future Sight\n|\n|upkeep\n|turn|5\n|\n|t:|1733769122\n|move|p1a: Sawsbuck|Headbutt|p2a: Farigiraf\n|-damage|p2a: Farigiraf|123/366\n|-damage|p1a: Sawsbuck|256/284|[from] item: Life Orb\n|move|p2a: Farigiraf|Hyper Voice|p1a: Sawsbuck\n|-damage|p1a: Sawsbuck|129/284\n|\n|-heal|p2a: Farigiraf|145/366|[from] item: Leftovers\n|upkeep\n|turn|6\n|\n|t:|1733769142\n|move|p1a: Sawsbuck|Headbutt|p2a: Farigiraf\n|-damage|p2a: Farigiraf|0 fnt\n|faint|p2a: Farigiraf\n|-damage|p1a: Sawsbuck|101/284|[from] item: Life Orb\n|\n|-end|p1a: Sawsbuck|move: Future Sight\n|-crit|p1a: Sawsbuck\n|-damage|p1a: Sawsbuck|0 fnt\n|faint|p1a: Sawsbuck\n|upkeep\n|\n|t:|1733769154\n|switch|p1a: Calyrex|Calyrex-Shadow, L64|235/235\n|switch|p2a: Pachirisu|Pachirisu, L96, F|271/271\n|-ability|p1a: Calyrex|As One\n|-ability|p1a: Calyrex|Unnerve\n|turn|7\n|\n|t:|1733769163\n|move|p2a: Pachirisu|Discharge|p1a: Calyrex\n|-damage|p1a: Calyrex|165/235\n|move|p1a: Calyrex|Trick|p2a: Pachirisu\n|-activate|p1a: Calyrex|move: Trick|[of] p2a: Pachirisu\n|-item|p2a: Pachirisu|Choice Specs|[from] move: Trick\n|-item|p1a: Calyrex|Heavy-Duty Boots|[from] move: Trick\n|\n|upkeep\n|turn|8\n|\n|t:|1733769177\n|move|p2a: Pachirisu|Encore|p1a: Calyrex\n|-start|p1a: Calyrex|Encore\n|move|p1a: Calyrex|Trick|p2a: Pachirisu\n|-activate|p1a: Calyrex|move: Trick|[of] p2a: Pachirisu\n|-item|p2a: Pachirisu|Heavy-Duty Boots|[from] move: Trick\n|-item|p1a: Calyrex|Choice Specs|[from] move: Trick\n|\n|upkeep\n|turn|9\n|\n|t:|1733769187\n|move|p2a: Pachirisu|Discharge|p1a: Calyrex\n|-damage|p1a: Calyrex|84/235\n|move|p1a: Calyrex|Trick|p2a: Pachirisu\n|-activate|p1a: Calyrex|move: Trick|[of] p2a: Pachirisu\n|-item|p2a: Pachirisu|Choice Specs|[from] move: Trick\n|-item|p1a: Calyrex|Heavy-Duty Boots|[from] move: Trick\n|\n|upkeep\n|turn|10\n|\n|t:|1733769210\n|switch|p1a: Mimikyu|Mimikyu, L79, F|216/216\n|move|p2a: Pachirisu|Discharge|p1a: Mimikyu\n|-activate|p1a: Mimikyu|ability: Disguise\n|-damage|p1a: Mimikyu|216/216\n|detailschange|p1a: Mimikyu|Mimikyu-Busted, L79, F\n|-damage|p1a: Mimikyu|189/216|[from] pokemon: Mimikyu-Busted\n|\n|upkeep\n|turn|11\n|\n|t:|1733769216\n|move|p2a: Pachirisu|Discharge|p1a: Mimikyu\n|-damage|p1a: Mimikyu|105/216\n|move|p1a: Mimikyu|Play Rough|p2a: Pachirisu\n|-damage|p2a: Pachirisu|161/271\n|-damage|p1a: Mimikyu|84/216|[from] item: Life Orb\n|\n|upkeep\n|turn|12\n|\n|t:|1733769225\n|move|p2a: Pachirisu|Discharge|p1a: Mimikyu\n|-damage|p1a: Mimikyu|0 fnt\n|faint|p1a: Mimikyu\n|\n|upkeep\n|inactive|yucale has 120 seconds left.\n|l|\u2606Obi-wannabe01\n|inactive|Obi-wannabe01 disconnected and has a minute to reconnect!\n|player|p2|\n|inactive|yucale has 90 seconds left.\n|j|\u2606Obi-wannabe01\n|inactive|Obi-wannabe01 reconnected.\n|player|p2|Obi-wannabe01|101|\n|\n|t:|1733769303\n|switch|p1a: Iron Moth|Iron Moth, L78|253/253\n|turn|13\n|\n|t:|1733769308\n|move|p2a: Pachirisu|Discharge|p1a: Iron Moth\n|-damage|p1a: Iron Moth|163/253\n|move|p1a: Iron Moth|Fiery Dance|p2a: Pachirisu\n|-damage|p2a: Pachirisu|67/271\n|\n|upkeep\n|turn|14\n|inactive|yucale has 90 seconds left.\n|inactive|yucale has 60 seconds left.\n|\n|t:|1733769353\n|switch|p2a: Klawf|Klawf, L90, M|272/272\n|move|p1a: Iron Moth|Fiery Dance|p2a: Klawf\n|-resisted|p2a: Klawf\n|-damage|p2a: Klawf|205/272\n|\n|upkeep\n|turn|15\n|\n|t:|1733769359\n|move|p1a: Iron Moth|Energy Ball|p2a: Klawf\n|-supereffective|p2a: Klawf\n|-damage|p2a: Klawf|0 fnt\n|faint|p2a: Klawf\n|\n|upkeep\n|\n|t:|1733769370\n|switch|p2a: Incineroar|Incineroar, L82, F|290/290\n|-ability|p2a: Incineroar|Intimidate|boost\n|-unboost|p1a: Iron Moth|atk|1\n|turn|16\n|inactive|yucale has 60 seconds left.\n|\n|t:|1733769407\n|move|p1a: Iron Moth|Fiery Dance|p2a: Incineroar\n|-resisted|p2a: Incineroar\n|-damage|p2a: Incineroar|242/290\n|move|p2a: Incineroar|Knock Off|p1a: Iron Moth\n|-damage|p1a: Iron Moth|16/253\n|-enditem|p1a: Iron Moth|Heavy-Duty Boots|[from] move: Knock Off|[of] p2a: Incineroar\n|\n|upkeep\n|turn|17\n|\n|t:|1733769417\n|move|p1a: Iron Moth|Morning Sun|p1a: Iron Moth\n|-heal|p1a: Iron Moth|142/253\n|move|p2a: Incineroar|Trailblaze|p1a: Iron Moth\n|-resisted|p1a: Iron Moth\n|-damage|p1a: Iron Moth|128/253\n|-boost|p2a: Incineroar|spe|1\n|\n|upkeep\n|turn|18\n|\n|t:|1733769442\n|move|p2a: Incineroar|Swords Dance|p2a: Incineroar\n|-boost|p2a: Incineroar|atk|2\n|move|p1a: Iron Moth|Morning Sun|p1a: Iron Moth\n|-heal|p1a: Iron Moth|253/253\n|\n|upkeep\n|turn|19\n|\n|t:|1733769448\n|move|p2a: Incineroar|Swords Dance|p2a: Incineroar\n|-boost|p2a: Incineroar|atk|2\n|move|p1a: Iron Moth|Sludge Wave|p2a: Incineroar\n|-damage|p2a: Incineroar|118/290\n|\n|upkeep\n|turn|20\n|\n|t:|1733769465\n|move|p2a: Incineroar|Knock Off|p1a: Iron Moth\n|-damage|p1a: Iron Moth|0 fnt\n|faint|p1a: Iron Moth\n|-end|p1a: Iron Moth|Quark Drive|[silent]\n|\n|upkeep\n|\n|t:|1733769469\n|switch|p1a: Calyrex|Calyrex-Shadow, L64|84/235\n|-ability|p1a: Calyrex|As One\n|-ability|p1a: Calyrex|Unnerve\n|turn|21\n|\n|t:|1733769479\n|move|p1a: Calyrex|Pollen Puff|p2a: Incineroar\n|-damage|p2a: Incineroar|62/290\n|move|p2a: Incineroar|Knock Off|p1a: Calyrex\n|-supereffective|p1a: Calyrex\n|-damage|p1a: Calyrex|0 fnt\n|-enditem|p1a: Calyrex|Heavy-Duty Boots|[from] move: Knock Off|[of] p2a: Incineroar\n|faint|p1a: Calyrex\n|\n|upkeep\n|\n|t:|1733769482\n|switch|p1a: Lugia|Lugia, L72|272/272\n|turn|22\n|inactive|yucale has 60 seconds left.\n|\n|t:|1733769491\n|-terastallize|p1a: Lugia|Steel\n|move|p2a: Incineroar|Knock Off|p1a: Lugia\n|-damage|p1a: Lugia|119/272\n|-enditem|p1a: Lugia|Heavy-Duty Boots|[from] move: Knock Off|[of] p2a: Incineroar\n|move|p1a: Lugia|Earth Power|p2a: Incineroar\n|-supereffective|p2a: Incineroar\n|-damage|p2a: Incineroar|0 fnt\n|faint|p2a: Incineroar\n|\n|upkeep\n|\n|t:|1733769499\n|switch|p2a: Blissey|Blissey, L84, F|566/566\n|turn|23\n|inactive|yucale has 60 seconds left.\n|-message|yucale forfeited.\n|\n|win|Obi-wannabe01\n|raw|yucale's rating: 1478 &rarr; <strong>1458</strong><br />(-20 for losing)\n|raw|Obi-wannabe01's rating: 1477 &rarr; <strong>1497</strong><br />(+20 for winning)\n|l|\u2606yucale\n|player|p1|\n", "inputlog": ">version bfd83cad13791eb5a5a409923076391caf6fb4d4\n>start {\"formatid\":\"gen9randombattle\",\"seed\":[49940,49744,36119,29039],\"rated\":\"Rated battle\"}\n>player p1 {\"name\":\"yucale\",\"avatar\":\"cynthia\",\"rating\":1478,\"seed\":[16433,16837,6070,54240]}\n>player p2 {\"name\":\"Obi-wannabe01\",\"avatar\":\"101\",\"rating\":1477,\"seed\":[56694,32013,47145,47902]}\n>p1 move uturn\n>p2 move futuresight\n>p1 move uturn\n>p2 move hypervoice\n>p1 move uturn\n>p2 move protect\n>p1 switch 2\n>p1 move swordsdance\n>p2 move futuresight\n>p1 move headbutt\n>p2 move hypervoice\n>p1 move headbutt\n>p2 move wish\n>p1 switch 3\n>p2 switch 5\n>p1 move trick\n>p2 move discharge\n>p1 move astralbarrage\n>p2 move encore\n>p1 move trick\n>p2 move discharge\n>p1 switch 4\n>p2 move discharge\n>p1 move playrough\n>p2 move discharge\n>p1 move playrough\n>p2 move discharge\n>p1 switch 5\n>p1 move fierydance\n>p2 move discharge\n>p1 move fierydance\n>p2 switch 4\n>p1 move energyball\n>p2 move highhorsepower\n>p2 switch 3\n>p1 move fierydance\n>p2 move knockoff\n>p1 move morningsun\n>p2 move trailblaze\n>p1 move morningsun\n>p2 move swordsdance\n>p1 move sludgewave\n>p2 move swordsdance\n>p1 move sludgewave\n>p2 move knockoff\n>p1 switch 4\n>p1 move pollenpuff\n>p2 move knockoff\n>p1 switch 6\n>p1 move earthpower terastallize\n>p2 move knockoff\n>p2 switch 2\n>forcelose p1", "uploadtime": 1733769551, "views": 1, "formatid": "gen9randombattle", "rating": 1458, "private": 0, "password": null}