{"id": "gen9randombattle-2260376719", "format": "[Gen 9] Random Battle", "players": ["Immutablechaos", "KingOrangeZz"], "log": "|j|\u2606Immutablechaos\n|j|\u2606KingOrangeZz\n|t:|1733845563\n|gametype|singles\n|player|p1|Immutablechaos|1|1335\n|player|p2|KingOrangeZz|n|1305\n|teamsize|p1|6\n|teamsize|p2|6\n|gen|9\n|tier|[Gen 9] Random Battle\n|rated|\n|rule|Species Clause: Limit one of each Pok\u00e9mon\n|rule|HP Percentage Mod: HP is shown in percentages\n|rule|Sleep Clause Mod: Limit one foe put to sleep\n|rule|Illusion Level Mod: Illusion disguises the Pok\u00e9mon's true level\n|\n|t:|1733845563\n|start\n|switch|p1a: Meowstic|Meowstic, L89, M|277/277\n|switch|p2a: Klawf|Klawf, L90, M|272/272\n|turn|1\n|inactive|Battle timer is ON: inactive players will automatically lose when time's up. (requested by KingOrangeZz)\n|\n|t:|1733845575\n|move|p1a: Meowstic|Thunder Wave|p2a: Klawf\n|-status|p2a: Klawf|par\n|cant|p2a: Klawf|par\n|\n|upkeep\n|turn|2\n|\n|t:|1733845579\n|move|p1a: Meowstic|Psychic Noise|p2a: Klawf\n|-damage|p2a: Klawf|161/272 par\n|-start|p2a: Klawf|move: Heal Block\n|move|p2a: Klawf|Stealth Rock|p1a: Meowstic\n|-sidestart|p1: Immutablechaos|move: Stealth Rock\n|\n|upkeep\n|turn|3\n|\n|t:|1733845591\n|switch|p1a: Leavanny|Leavanny, L86, F|269/269\n|move|p2a: Klawf|Crabhammer|p1a: Leavanny\n|-resisted|p1a: Leavanny\n|-damage|p1a: Leavanny|212/269\n|-damage|p2a: Klawf|134/272 par|[from] item: Life Orb\n|\n|-end|p2a: Klawf|move: Heal Block\n|upkeep\n|turn|4\n|\n|t:|1733845605\n|switch|p2a: Scizor|Scizor, L79, M|240/240\n|move|p1a: Leavanny|Sticky Web|p2a: Scizor\n|-sidestart|p2: KingOrangeZz|move: Sticky Web\n|\n|upkeep\n|turn|5\n|\n|t:|1733845612\n|switch|p1a: Misdreavus|Misdreavus, L90, M|254/254\n|-damage|p1a: Misdreavus|223/254|[from] Stealth Rock\n|move|p2a: Scizor|Knock Off|p1a: Misdreavus\n|-supereffective|p1a: Misdreavus\n|-damage|p1a: Misdreavus|64/254\n|-enditem|p1a: Misdreavus|Eviolite|[from] move: Knock Off|[of] p2a: Scizor\n|-damage|p2a: Scizor|216/240|[from] item: Life Orb\n|\n|upkeep\n|turn|6\n|\n|t:|1733845624\n|move|p1a: Misdreavus|Will-O-Wisp|p2a: Scizor\n|-status|p2a: Scizor|brn\n|move|p2a: Scizor|Swords Dance|p2a: Scizor\n|-boost|p2a: Scizor|atk|2\n|\n|-damage|p2a: Scizor|201/240 brn|[from] brn\n|upkeep\n|turn|7\n|\n|t:|1733845631\n|move|p1a: Misdreavus|Shadow Ball|p2a: Scizor\n|-damage|p2a: Scizor|104/240 brn\n|move|p2a: Scizor|Swords Dance|p2a: Scizor\n|-boost|p2a: Scizor|atk|2\n|\n|-damage|p2a: Scizor|89/240 brn|[from] brn\n|upkeep\n|turn|8\n|\n|t:|1733845637\n|move|p2a: Scizor|Bullet Punch|p1a: Misdreavus\n|-damage|p1a: Misdreavus|0 fnt\n|faint|p1a: Misdreavus\n|-damage|p2a: Scizor|65/240 brn|[from] item: Life Orb\n|\n|-damage|p2a: Scizor|50/240 brn|[from] brn\n|upkeep\n|\n|t:|1733845660\n|switch|p1a: Samurott|Samurott, L88, F|310/310\n|-damage|p1a: Samurott|272/310|[from] Stealth Rock\n|turn|9\n|\n|t:|1733845665\n|move|p2a: Scizor|Bullet Punch|p1a: Samurott\n|-resisted|p1a: Samurott\n|-damage|p1a: Samurott|202/310\n|-damage|p2a: Scizor|26/240 brn|[from] item: Life Orb\n|move|p1a: Samurott|Hydro Pump|p2a: Scizor\n|-damage|p2a: Scizor|0 fnt\n|faint|p2a: Scizor\n|\n|upkeep\n|\n|t:|1733845680\n|switch|p2a: Lurantis|Lurantis, L87, M|264/264\n|-activate|p2a: Lurantis|move: Sticky Web\n|-boost|p2a: Lurantis|spe|1\n|turn|10\n|\n|t:|1733845695\n|switch|p1a: Meowstic|Meowstic, L89, M|277/277\n|-damage|p1a: Meowstic|243/277|[from] Stealth Rock\n|move|p2a: Lurantis|Superpower|p1a: Meowstic\n|-resisted|p1a: Meowstic\n|-damage|p1a: Meowstic|189/277\n|-boost|p2a: Lurantis|atk|1\n|-boost|p2a: Lurantis|def|1\n|\n|-heal|p1a: Meowstic|206/277|[from] item: Leftovers\n|upkeep\n|turn|11\n|\n|t:|1733845706\n|move|p1a: Meowstic|Thunder Wave|p2a: Lurantis\n|-status|p2a: Lurantis|par\n|move|p2a: Lurantis|Knock Off|p1a: Meowstic\n|-supereffective|p1a: Meowstic\n|-damage|p1a: Meowstic|0 fnt\n|-enditem|p1a: Meowstic|Leftovers|[from] move: Knock Off|[of] p2a: Lurantis\n|faint|p1a: Meowstic\n|\n|upkeep\n|\n|t:|1733845711\n|switch|p1a: Leavanny|Leavanny, L86, F|212/269\n|turn|12\n|\n|t:|1733845719\n|-terastallize|p2a: Lurantis|Fighting\n|move|p1a: Leavanny|Lunge|p2a: Lurantis\n|-resisted|p2a: Lurantis\n|-damage|p2a: Lurantis|232/264 par\n|-boost|p2a: Lurantis|atk|1\n|move|p2a: Lurantis|Superpower|p1a: Leavanny\n|-resisted|p1a: Leavanny\n|-damage|p1a: Leavanny|59/269\n|-boost|p2a: Lurantis|atk|1\n|-boost|p2a: Lurantis|def|1\n|\n|-heal|p2a: Lurantis|248/264 par|[from] item: Leftovers\n|upkeep\n|turn|13\n|\n|t:|1733845734\n|move|p1a: Leavanny|Knock Off|p2a: Lurantis\n|-resisted|p2a: Lurantis\n|-damage|p2a: Lurantis|230/264 par\n|-enditem|p2a: Lurantis|Leftovers|[from] move: Knock Off|[of] p1a: Leavanny\n|cant|p2a: Lurantis|par\n|\n|upkeep\n|turn|14\n|\n|t:|1733845742\n|move|p1a: Leavanny|Leaf Blade|p2a: Lurantis\n|-damage|p2a: Lurantis|182/264 par\n|move|p2a: Lurantis|Leaf Storm|p1a: Leavanny\n|-resisted|p1a: Leavanny\n|-damage|p1a: Leavanny|23/269\n|-boost|p2a: Lurantis|spa|2\n|\n|upkeep\n|turn|15\n|\n|t:|1733845751\n|move|p1a: Leavanny|Leaf Blade|p2a: Lurantis\n|-crit|p2a: Lurantis\n|-damage|p2a: Lurantis|28/264 par\n|move|p2a: Lurantis|Synthesis|p2a: Lurantis\n|-heal|p2a: Lurantis|160/264 par\n|\n|upkeep\n|turn|16\n|\n|t:|1733845758\n|move|p1a: Leavanny|Leaf Blade|p2a: Lurantis\n|-damage|p2a: Lurantis|106/264 par\n|move|p2a: Lurantis|Synthesis|p2a: Lurantis\n|-heal|p2a: Lurantis|238/264 par\n|\n|upkeep\n|turn|17\n|\n|t:|1733845764\n|move|p1a: Leavanny|Leaf Blade|p2a: Lurantis\n|-damage|p2a: Lurantis|186/264 par\n|cant|p2a: Lurantis|par\n|\n|upkeep\n|turn|18\n|\n|t:|1733845769\n|move|p1a: Leavanny|Leaf Blade|p2a: Lurantis\n|-damage|p2a: Lurantis|138/264 par\n|move|p2a: Lurantis|Synthesis|p2a: Lurantis\n|-heal|p2a: Lurantis|264/264 par\n|\n|upkeep\n|turn|19\n|\n|t:|1733845775\n|move|p1a: Leavanny|Leaf Blade|p2a: Lurantis\n|-damage|p2a: Lurantis|212/264 par\n|move|p2a: Lurantis|Superpower|p1a: Leavanny\n|-resisted|p1a: Leavanny\n|-damage|p1a: Leavanny|0 fnt\n|-boost|p2a: Lurantis|atk|1\n|-boost|p2a: Lurantis|def|1\n|faint|p1a: Leavanny\n|\n|upkeep\n|\n|t:|1733845781\n|switch|p1a: Samurott|Samurott, L88, F|202/310\n|-damage|p1a: Samurott|164/310|[from] Stealth Rock\n|turn|20\n|\n|t:|1733845789\n|-terastallize|p1a: Samurott|Grass\n|move|p1a: Samurott|Hydro Pump|p2a: Lurantis\n|-damage|p2a: Lurantis|76/264 par\n|move|p2a: Lurantis|Superpower|p1a: Samurott\n|-damage|p1a: Samurott|0 fnt\n|-boost|p2a: Lurantis|atk|1\n|-boost|p2a: Lurantis|def|1\n|faint|p1a: Samurott\n|\n|upkeep\n|\n|t:|1733845801\n|switch|p1a: Carbink|Carbink, L90|236/236\n|-damage|p1a: Carbink|207/236|[from] Stealth Rock\n|turn|21\n|\n|t:|1733845811\n|move|p1a: Carbink|Moonblast|p2a: Lurantis\n|-supereffective|p2a: Lurantis\n|-damage|p2a: Lurantis|0 fnt\n|faint|p2a: Lurantis\n|\n|-heal|p1a: Carbink|221/236|[from] item: Leftovers\n|upkeep\n|\n|t:|1733845815\n|switch|p2a: Klawf|Klawf, L90, M|224/272 par\n|-activate|p2a: Klawf|move: Sticky Web\n|-unboost|p2a: Klawf|spe|1\n|turn|22\n|\n|t:|1733845820\n|move|p1a: Carbink|Iron Defense|p1a: Carbink\n|-boost|p1a: Carbink|def|2\n|move|p2a: Klawf|Crabhammer|p1a: Carbink\n|-supereffective|p1a: Carbink\n|-damage|p1a: Carbink|146/236\n|-damage|p2a: Klawf|197/272 par|[from] item: Life Orb\n|\n|-heal|p1a: Carbink|160/236|[from] item: Leftovers\n|upkeep\n|turn|23\n|\n|t:|1733845830\n|switch|p2a: Weezing|Weezing, L88, F|258/258\n|move|p1a: Carbink|Iron Defense|p1a: Carbink\n|-boost|p1a: Carbink|def|2\n|\n|-heal|p1a: Carbink|174/236|[from] item: Leftovers\n|upkeep\n|turn|24\n|\n|t:|1733845836\n|move|p2a: Weezing|Sludge Bomb|p1a: Carbink\n|-damage|p1a: Carbink|116/236\n|move|p1a: Carbink|Rock Polish|p1a: Carbink\n|-boost|p1a: Carbink|spe|2\n|\n|-heal|p1a: Carbink|130/236|[from] item: Leftovers\n|upkeep\n|turn|25\n|\n|t:|1733845840\n|move|p1a: Carbink|Moonblast|p2a: Weezing\n|-resisted|p2a: Weezing\n|-damage|p2a: Weezing|218/258\n|-unboost|p2a: Weezing|spa|1\n|move|p2a: Weezing|Sludge Bomb|p1a: Carbink\n|-damage|p1a: Carbink|90/236\n|-status|p1a: Carbink|psn\n|\n|-heal|p1a: Carbink|104/236 psn|[from] item: Leftovers\n|-heal|p2a: Weezing|234/258|[from] item: Leftovers\n|-damage|p1a: Carbink|75/236 psn|[from] psn\n|upkeep\n|turn|26\n|\n|t:|1733845850\n|move|p1a: Carbink|Body Press|p2a: Weezing\n|-resisted|p2a: Weezing\n|-damage|p2a: Weezing|137/258\n|move|p2a: Weezing|Toxic Spikes|p1a: Carbink\n|-sidestart|p1: Immutablechaos|move: Toxic Spikes\n|\n|-heal|p1a: Carbink|89/236 psn|[from] item: Leftovers\n|-heal|p2a: Weezing|153/258|[from] item: Leftovers\n|-damage|p1a: Carbink|60/236 psn|[from] psn\n|upkeep\n|turn|27\n|\n|t:|1733845855\n|move|p1a: Carbink|Iron Defense|p1a: Carbink\n|-boost|p1a: Carbink|def|2\n|move|p2a: Weezing|Pain Split|p1a: Carbink\n|-sethp|p1a: Carbink|106/236 psn|[from] move: Pain Split|[silent]\n|-sethp|p2a: Weezing|106/258|[from] move: Pain Split\n|\n|-heal|p1a: Carbink|120/236 psn|[from] item: Leftovers\n|-heal|p2a: Weezing|122/258|[from] item: Leftovers\n|-damage|p1a: Carbink|91/236 psn|[from] psn\n|upkeep\n|turn|28\n|\n|t:|1733845862\n|move|p1a: Carbink|Body Press|p2a: Weezing\n|-resisted|p2a: Weezing\n|-damage|p2a: Weezing|0 fnt\n|faint|p2a: Weezing\n|\n|-heal|p1a: Carbink|105/236 psn|[from] item: Leftovers\n|-damage|p1a: Carbink|76/236 psn|[from] psn\n|upkeep\n|\n|t:|1733845867\n|switch|p2a: Klawf|Klawf, L90, M|272/272 par\n|-activate|p2a: Klawf|move: Sticky Web\n|-unboost|p2a: Klawf|spe|1\n|turn|29\n|\n|t:|1733845871\n|move|p1a: Carbink|Body Press|p2a: Klawf\n|-supereffective|p2a: Klawf\n|-damage|p2a: Klawf|0 fnt\n|faint|p2a: Klawf\n|\n|-heal|p1a: Carbink|90/236 psn|[from] item: Leftovers\n|-damage|p1a: Carbink|61/236 psn|[from] psn\n|upkeep\n|\n|t:|1733845885\n|switch|p2a: Azelf|Azelf, L82|257/257\n|turn|30\n|\n|t:|1733845889\n|move|p1a: Carbink|Body Press|p2a: Azelf\n|-resisted|p2a: Azelf\n|-damage|p2a: Azelf|43/257\n|move|p2a: Azelf|Psyshock|p1a: Carbink\n|-damage|p1a: Carbink|42/236 psn\n|-damage|p2a: Azelf|18/257|[from] item: Life Orb\n|\n|-heal|p1a: Carbink|56/236 psn|[from] item: Leftovers\n|-damage|p1a: Carbink|27/236 psn|[from] psn\n|upkeep\n|turn|31\n|\n|t:|1733845905\n|move|p1a: Carbink|Body Press|p2a: Azelf\n|-resisted|p2a: Azelf\n|-damage|p2a: Azelf|0 fnt\n|faint|p2a: Azelf\n|\n|-heal|p1a: Carbink|41/236 psn|[from] item: Leftovers\n|-damage|p1a: Carbink|12/236 psn|[from] psn\n|upkeep\n|\n|t:|1733845907\n|switch|p2a: Carbink|Carbink, L90|236/236\n|-activate|p2a: Carbink|move: Sticky Web\n|-fail|p2a: Carbink|unboost|[from] ability: Clear Body|[of] p2a: Carbink\n|turn|32\n|\n|t:|1733845911\n|move|p1a: Carbink|Body Press|p2a: Carbink\n|-damage|p2a: Carbink|26/236\n|move|p2a: Carbink|Iron Defense|p2a: Carbink\n|-boost|p2a: Carbink|def|2\n|\n|-heal|p1a: Carbink|26/236 psn|[from] item: Leftovers\n|-heal|p2a: Carbink|40/236|[from] item: Leftovers\n|-damage|p1a: Carbink|0 fnt|[from] psn\n|faint|p1a: Carbink\n|upkeep\n|\n|t:|1733845916\n|switch|p1a: Sudowoodo|Sudowoodo, L94, F|284/284\n|-damage|p1a: Sudowoodo|249/284|[from] Stealth Rock\n|-status|p1a: Sudowoodo|psn\n|turn|33\n|\n|t:|1733845923\n|move|p1a: Sudowoodo|Sucker Punch|p2a: Carbink\n|-resisted|p2a: Carbink\n|-damage|p2a: Carbink|30/236\n|move|p2a: Carbink|Body Press|p1a: Sudowoodo\n|-supereffective|p1a: Sudowoodo\n|-damage|p1a: Sudowoodo|0 fnt\n|faint|p1a: Sudowoodo\n|\n|win|KingOrangeZz\n|raw|Immutablechaos's rating: 1335 &rarr; <strong>1313</strong><br />(-22 for losing)\n|raw|KingOrangeZz's rating: 1305 &rarr; <strong>1327</strong><br />(+22 for winning)\n|c|\u2606Immutablechaos|lmao\n|c|\u2606Immutablechaos|gg\n|l|\u2606KingOrangeZz\n|player|p2|\n|c|\u2606Immutablechaos|wild game man\n", "inputlog": ">version bfd83cad13791eb5a5a409923076391caf6fb4d4\n>start {\"formatid\":\"gen9randombattle\",\"seed\":[9049,30099,28240,52548],\"rated\":\"Rated battle\"}\n>player p1 {\"name\":\"Immutablechaos\",\"avatar\":\"1\",\"rating\":1335,\"seed\":[38931,44469,14049,16879]}\n>player p2 {\"name\":\"KingOrangeZz\",\"avatar\":\"n\",\"rating\":1305,\"seed\":[17785,10398,36581,61534]}\n>p1 move thunderwave\n>p2 move stealthrock\n>p1 move psychicnoise\n>p2 move stealthrock\n>p1 switch 5\n>p2 move crabhammer\n>p1 move stickyweb\n>p2 switch 3\n>p1 switch 4\n>p2 move knockoff\n>p1 move willowisp\n>p2 move swordsdance\n>p1 move shadowball\n>p2 move swordsdance\n>p1 move shadowball\n>p2 move bulletpunch\n>p1 switch 2\n>p1 move hydropump\n>p2 move bulletpunch\n>p2 switch 5\n>p1 switch 5\n>p2 move superpower\n>p1 move thunderwave\n>p2 move knockoff\n>p1 switch 4\n>p1 move lunge\n>p2 move superpower terastallize\n>p1 move knockoff\n>p2 move leafstorm\n>p1 move leafblade\n>p2 move leafstorm\n>p1 move leafblade\n>p2 move synthesis\n>p1 move leafblade\n>p2 move synthesis\n>p1 move leafblade\n>p2 move superpower\n>p1 move leafblade\n>p2 move synthesis\n>p1 move leafblade\n>p2 move superpower\n>p1 switch 5\n>p1 move hydropump terastallize\n>p2 move superpower\n>p1 switch 6\n>p1 move moonblast\n>p2 move leafstorm\n>p2 switch 3\n>p1 move irondefense\n>p2 move crabhammer\n>p1 move irondefense\n>p2 switch 6\n>p1 move rockpolish\n>p2 move sludgebomb\n>p1 move moonblast\n>p2 move sludgebomb\n>p1 move bodypress\n>p2 move toxicspikes\n>p1 move irondefense\n>p2 move painsplit\n>p1 move bodypress\n>p2 move painsplit\n>p2 switch 6\n>p1 move bodypress\n>p2 move crabhammer\n>p2 switch 4\n>p1 move bodypress\n>p2 move psyshock\n>p1 move bodypress\n>p2 move dazzlinggleam\n>p2 switch 2\n>p1 move bodypress\n>p2 move irondefense\n>p1 switch 3\n>p1 move suckerpunch\n>p2 move bodypress", "uploadtime": 1733845934, "views": 3, "formatid": "gen9randombattle", "rating": 1313, "private": 0, "password": null}