{"id": "gen9randombattle-2252034701", "format": "[Gen 9] Random Battle", "players": ["yash123124", "proutproutaxmax"], "log": "|j|\u2606yash123124\n|j|\u2606proutproutaxmax\n|t:|1732703666\n|gametype|singles\n|player|p1|yash123124|102|2227\n|player|p2|proutproutaxmax|infielder|2222\n|teamsize|p1|6\n|teamsize|p2|6\n|gen|9\n|tier|[Gen 9] Random Battle\n|rated|\n|rule|Species Clause: Limit one of each Pok\u00e9mon\n|rule|HP Percentage Mod: HP is shown in percentages\n|rule|Sleep Clause Mod: Limit one foe put to sleep\n|rule|Illusion Level Mod: Illusion disguises the Pok\u00e9mon's true level\n|\n|t:|1732703666\n|start\n|switch|p1a: Kilowattrel|Kilowattrel, L83, M|252/252\n|switch|p2a: Chesnaught|Chesnaught, L84, M|285/285\n|turn|1\n|\n|t:|1732703696\n|switch|p2a: Vigoroth|Vigoroth, L85, M|275/275\n|move|p1a: Kilowattrel|Hurricane|p2a: Vigoroth\n|-damage|p2a: Vigoroth|152/275\n|\n|upkeep\n|turn|2\n|\n|t:|1732703712\n|switch|p2a: Whiscash|Whiscash, L88, M|337/337\n|move|p1a: Kilowattrel|U-turn|p2a: Whiscash\n|-damage|p2a: Whiscash|298/337\n|\n|t:|1732703721\n|switch|p1a: Whiscash|Whiscash, L88, F|337/337|[from] U-turn\n|\n|-heal|p2a: Whiscash|319/337|[from] item: Leftovers\n|upkeep\n|turn|3\n|\n|t:|1732703732\n|move|p2a: Whiscash|Stealth Rock|p1a: Whiscash\n|-sidestart|p1: yash123124|move: Stealth Rock\n|move|p1a: Whiscash|Spikes|p2a: Whiscash\n|-sidestart|p2: proutproutaxmax|Spikes\n|\n|-heal|p2a: Whiscash|337/337|[from] item: Leftovers\n|upkeep\n|turn|4\n|\n|t:|1732703742\n|move|p1a: Whiscash|Spikes|p2a: Whiscash\n|-sidestart|p2: proutproutaxmax|Spikes\n|move|p2a: Whiscash|Spikes|p1a: Whiscash\n|-sidestart|p1: yash123124|Spikes\n|\n|upkeep\n|turn|5\n|\n|t:|1732703747\n|move|p2a: Whiscash|Spikes|p1a: Whiscash\n|-sidestart|p1: yash123124|Spikes\n|move|p1a: Whiscash|Spikes|p2a: Whiscash\n|-sidestart|p2: proutproutaxmax|Spikes\n|\n|upkeep\n|turn|6\n|\n|t:|1732703751\n|move|p1a: Whiscash|Stealth Rock|p2a: Whiscash\n|-sidestart|p2: proutproutaxmax|move: Stealth Rock\n|move|p2a: Whiscash|Spikes|p1a: Whiscash\n|-sidestart|p1: yash123124|Spikes\n|\n|upkeep\n|turn|7\n|\n|t:|1732703756\n|move|p1a: Whiscash|Earthquake|p2a: Whiscash\n|-damage|p2a: Whiscash|220/337\n|move|p2a: Whiscash|Hydro Pump|p1a: Whiscash\n|-damage|p1a: Whiscash|222/337\n|\n|-heal|p2a: Whiscash|241/337|[from] item: Leftovers\n|-heal|p1a: Whiscash|243/337|[from] item: Leftovers\n|upkeep\n|turn|8\n|\n|t:|1732703764\n|move|p1a: Whiscash|Earthquake|p2a: Whiscash\n|-damage|p2a: Whiscash|141/337\n|move|p2a: Whiscash|Earthquake|p1a: Whiscash\n|-damage|p1a: Whiscash|137/337\n|\n|-heal|p1a: Whiscash|158/337|[from] item: Leftovers\n|-heal|p2a: Whiscash|162/337|[from] item: Leftovers\n|upkeep\n|turn|9\n|\n|t:|1732703771\n|move|p1a: Whiscash|Earthquake|p2a: Whiscash\n|-damage|p2a: Whiscash|56/337\n|move|p2a: Whiscash|Earthquake|p1a: Whiscash\n|-damage|p1a: Whiscash|40/337\n|\n|-heal|p2a: Whiscash|77/337|[from] item: Leftovers\n|-heal|p1a: Whiscash|61/337|[from] item: Leftovers\n|upkeep\n|turn|10\n|c|\u2606yash123124|i dont think i win the imp speed tie\n|\n|t:|1732703783\n|move|p1a: Whiscash|Earthquake|p2a: Whiscash\n|-damage|p2a: Whiscash|0 fnt\n|faint|p2a: Whiscash\n|\n|-heal|p1a: Whiscash|82/337|[from] item: Leftovers\n|upkeep\n|c|\u2606yash123124|oh wow\n|\n|t:|1732703791\n|switch|p2a: Vigoroth|Vigoroth, L85, M|152/275\n|-damage|p2a: Vigoroth|84/275|[from] Spikes\n|-damage|p2a: Vigoroth|50/275|[from] Stealth Rock\n|turn|11\n|c|\u2606proutproutaxmax|haha\n|\n|t:|1732703817\n|switch|p1a: Sableye|Sableye, L90, F|236/236\n|-damage|p1a: Sableye|207/236|[from] Stealth Rock\n|-damage|p1a: Sableye|148/236|[from] Spikes\n|move|p2a: Vigoroth|Slack Off|p2a: Vigoroth\n|-heal|p2a: Vigoroth|188/275\n|\n|-heal|p1a: Sableye|162/236|[from] item: Leftovers\n|upkeep\n|turn|12\n|\n|t:|1732703830\n|switch|p2a: Volcarona|Volcarona, L77, M|257/257\n|move|p1a: Sableye|Will-O-Wisp|p2a: Volcarona|[miss]\n|-miss|p1a: Sableye|p2a: Volcarona\n|\n|-heal|p1a: Sableye|176/236|[from] item: Leftovers\n|upkeep\n|turn|13\n|\n|t:|1732703840\n|move|p2a: Volcarona|Fire Blast|p1a: Sableye|[miss]\n|-miss|p2a: Volcarona|p1a: Sableye\n|move|p1a: Sableye|Knock Off|p2a: Volcarona\n|-damage|p2a: Volcarona|127/257\n|-enditem|p2a: Volcarona|Heavy-Duty Boots|[from] move: Knock Off|[of] p1a: Sableye\n|\n|-heal|p1a: Sableye|190/236|[from] item: Leftovers\n|upkeep\n|turn|14\n|\n|t:|1732703859\n|move|p2a: Volcarona|Fire Blast|p1a: Sableye\n|-damage|p1a: Sableye|42/236\n|move|p1a: Sableye|Knock Off|p2a: Volcarona\n|-damage|p2a: Volcarona|42/257\n|\n|-heal|p1a: Sableye|56/236|[from] item: Leftovers\n|upkeep\n|turn|15\n|\n|t:|1732703870\n|move|p1a: Sableye|Recover|p1a: Sableye\n|-heal|p1a: Sableye|174/236\n|move|p2a: Volcarona|Morning Sun|p2a: Volcarona\n|-heal|p2a: Volcarona|170/257\n|\n|-heal|p1a: Sableye|188/236|[from] item: Leftovers\n|upkeep\n|turn|16\n|\n|t:|1732703879\n|move|p1a: Sableye|Encore|p2a: Volcarona\n|-start|p2a: Volcarona|Encore\n|move|p2a: Volcarona|Morning Sun|p2a: Volcarona\n|-heal|p2a: Volcarona|257/257\n|\n|-heal|p1a: Sableye|202/236|[from] item: Leftovers\n|upkeep\n|turn|17\n|\n|t:|1732703896\n|switch|p2a: Inteleon|Inteleon, L81, F|246/246\n|-damage|p2a: Inteleon|185/246|[from] Spikes\n|-damage|p2a: Inteleon|155/246|[from] Stealth Rock\n|move|p1a: Sableye|Knock Off|p2a: Inteleon\n|-damage|p2a: Inteleon|19/246\n|-enditem|p2a: Inteleon|Choice Specs|[from] move: Knock Off|[of] p1a: Sableye\n|\n|-heal|p1a: Sableye|216/236|[from] item: Leftovers\n|upkeep\n|turn|18\n|c|\u2606yash123124|that volcarona is deaad\n|\n|t:|1732703912\n|switch|p1a: Whiscash|Whiscash, L88, F|82/337\n|-damage|p1a: Whiscash|61/337|[from] Stealth Rock\n|-damage|p1a: Whiscash|0 fnt|[from] Spikes\n|faint|p1a: Whiscash\n|move|p2a: Inteleon|Hydro Pump|p1: Whiscash|[notarget]\n|-fail|p2a: Inteleon\n|\n|upkeep\n|\n|t:|1732703919\n|switch|p1a: Kilowattrel|Kilowattrel, L83, M|252/252\n|turn|19\n|\n|t:|1732703923\n|move|p1a: Kilowattrel|Thunderbolt|p2a: Inteleon\n|-supereffective|p2a: Inteleon\n|-damage|p2a: Inteleon|0 fnt\n|faint|p2a: Inteleon\n|\n|upkeep\n|\n|t:|1732703943\n|switch|p2a: Volcarona|Volcarona, L77, M|257/257\n|-damage|p2a: Volcarona|193/257|[from] Spikes\n|-damage|p2a: Volcarona|65/257|[from] Stealth Rock\n|turn|20\n|\n|t:|1732703950\n|move|p1a: Kilowattrel|Thunderbolt|p2a: Volcarona\n|-damage|p2a: Volcarona|0 fnt\n|faint|p2a: Volcarona\n|\n|upkeep\n|\n|t:|1732703955\n|switch|p2a: Mamoswine|Mamoswine, L81, M|311/311\n|-damage|p2a: Mamoswine|234/311|[from] Spikes\n|-damage|p2a: Mamoswine|196/311|[from] Stealth Rock\n|turn|21\n|\n|t:|1732703962\n|move|p1a: Kilowattrel|U-turn|p2a: Mamoswine\n|-damage|p2a: Mamoswine|154/311\n|\n|t:|1732703967\n|switch|p1a: Magmortar|Magmortar, L88, M|275/275|[from] U-turn\n|move|p2a: Mamoswine|Icicle Crash|p1a: Magmortar\n|-resisted|p1a: Magmortar\n|-damage|p1a: Magmortar|179/275\n|\n|upkeep\n|turn|22\n|\n|t:|1732703979\n|move|p1a: Magmortar|Fire Blast|p2a: Mamoswine|[miss]\n|-miss|p1a: Magmortar|p2a: Mamoswine\n|move|p2a: Mamoswine|Icicle Crash|p1a: Magmortar\n|-resisted|p1a: Magmortar\n|-damage|p1a: Magmortar|83/275\n|\n|upkeep\n|turn|23\n|\n|t:|1732703995\n|move|p1a: Magmortar|Fire Blast|p2a: Mamoswine\n|-supereffective|p2a: Mamoswine\n|-damage|p2a: Mamoswine|0 fnt\n|faint|p2a: Mamoswine\n|\n|upkeep\n|\n|t:|1732704002\n|switch|p2a: Vigoroth|Vigoroth, L85, M|188/275\n|-damage|p2a: Vigoroth|120/275|[from] Spikes\n|-damage|p2a: Vigoroth|86/275|[from] Stealth Rock\n|turn|24\n|\n|t:|1732704011\n|move|p2a: Vigoroth|Slack Off|p2a: Vigoroth\n|-heal|p2a: Vigoroth|224/275\n|move|p1a: Magmortar|Taunt|p2a: Vigoroth\n|-start|p2a: Vigoroth|move: Taunt\n|\n|upkeep\n|turn|25\n|\n|t:|1732704021\n|switch|p1a: Sableye|Sableye, L90, F|216/236\n|-damage|p1a: Sableye|187/236|[from] Stealth Rock\n|-damage|p1a: Sableye|128/236|[from] Spikes\n|move|p2a: Vigoroth|Knock Off|p1a: Sableye\n|-damage|p1a: Sableye|60/236\n|-enditem|p1a: Sableye|Leftovers|[from] move: Knock Off|[of] p2a: Vigoroth\n|\n|upkeep\n|turn|26\n|\n|t:|1732704032\n|move|p1a: Sableye|Recover|p1a: Sableye\n|-heal|p1a: Sableye|178/236\n|move|p2a: Vigoroth|Knock Off|p1a: Sableye\n|-damage|p1a: Sableye|132/236\n|\n|upkeep\n|turn|27\n|\n|t:|1732704038\n|switch|p2a: Chesnaught|Chesnaught, L84, M|285/285\n|-damage|p2a: Chesnaught|214/285|[from] Spikes\n|-damage|p2a: Chesnaught|197/285|[from] Stealth Rock\n|move|p1a: Sableye|Will-O-Wisp|p2a: Chesnaught|[miss]\n|-miss|p1a: Sableye|p2a: Chesnaught\n|\n|-heal|p2a: Chesnaught|214/285|[from] item: Leftovers\n|upkeep\n|turn|28\n|\n|t:|1732704048\n|move|p1a: Sableye|Will-O-Wisp|p2a: Chesnaught\n|-status|p2a: Chesnaught|brn\n|move|p2a: Chesnaught|Trailblaze|p1a: Sableye\n|-damage|p1a: Sableye|102/236\n|-boost|p2a: Chesnaught|spe|1\n|\n|-heal|p2a: Chesnaught|231/285 brn|[from] item: Leftovers\n|-damage|p2a: Chesnaught|214/285 brn|[from] brn\n|upkeep\n|turn|29\n|c|\u2606proutproutaxmax|gg\n|-message|proutproutaxmax forfeited.\n|\n|win|yash123124\n|raw|yash123124's rating: 2227 &rarr; <strong>2247</strong><br />(+20 for winning)\n|raw|proutproutaxmax's rating: 2222 &rarr; <strong>2202</strong><br />(-20 for losing)\n|l|\u2606proutproutaxmax\n|player|p2|\n|c|\u2606yash123124|gg\n", "inputlog": ">version b107d77f5c90bd6555267ae244a6264823309ead\n>start {\"formatid\":\"gen9randombattle\",\"seed\":[34944,54874,44530,10261],\"rated\":\"Rated battle\"}\n>player p1 {\"name\":\"yash123124\",\"avatar\":\"102\",\"rating\":2227,\"seed\":[40503,29792,52002,57681]}\n>player p2 {\"name\":\"proutproutaxmax\",\"avatar\":\"infielder\",\"rating\":2222,\"seed\":[23473,5565,61521,4825]}\n>p1 move hurricane\n>p2 switch 5\n>p1 move uturn\n>p2 switch 2\n>p1 switch 2\n>p1 move spikes\n>p2 move stealthrock\n>p1 move spikes\n>p2 move spikes\n>p1 move spikes\n>p2 move spikes\n>p1 move stealthrock\n>p2 move spikes\n>p1 move earthquake\n>p2 move hydropump\n>p1 move earthquake\n>p2 move earthquake\n>p1 move earthquake\n>p2 move earthquake\n>chat \u2606yash123124|i dont think i win the imp speed tie\n>p1 move earthquake\n>p2 move earthquake\n>chat \u2606yash123124|oh wow\n>p2 switch 2\n>chat \u2606proutproutaxmax|haha\n>p1 switch 6\n>p2 move slackoff\n>p1 move willowisp\n>p2 switch 6\n>p1 move knockoff\n>p2 move fireblast\n>p1 move knockoff\n>p2 move fireblast\n>p1 move recover\n>p2 move morningsun\n>p1 move encore\n>p2 move fireblast\n>p1 move knockoff\n>p2 switch 4\n>chat \u2606yash123124|that volcarona is deaad\n>p1 switch 6\n>p2 move hydropump\n>p1 switch 2\n>p1 move thunderbolt\n>p2 move hydropump\n>p2 switch 4\n>p1 move thunderbolt\n>p2 move morningsun\n>p2 switch 3\n>p1 move uturn\n>p2 move iciclecrash\n>p1 switch 3\n>p1 move fireblast\n>p2 move iciclecrash\n>p1 move fireblast\n>p2 move iciclecrash\n>p2 switch 6\n>p1 move taunt\n>p2 move slackoff\n>p1 switch 6\n>p2 move knockoff\n>p1 move recover\n>p2 move knockoff\n>p1 move willowisp\n>p2 switch 5\n>p1 move willowisp\n>p2 move trailblaze\n>chat \u2606proutproutaxmax|gg\n>forcelose p2", "uploadtime": 1732704086, "views": 21, "formatid": "gen9randombattle", "rating": 2202, "private": 0, "password": null}