{"id": "gen9randombattle-2260589148", "format": "[Gen 9] Random Battle", "players": ["PalmTreeShinobi", "Poscidion"], "log": "|j|\u2606PalmTreeShinobi\n|j|\u203dPoscidion\n|t:|1733866649\n|gametype|singles\n|player|p1|PalmTreeShinobi|sage|1530\n|player|p2|Poscidion|102|1528\n|teamsize|p1|6\n|teamsize|p2|6\n|gen|9\n|tier|[Gen 9] Random Battle\n|rated|\n|rule|Species Clause: Limit one of each Pok\u00e9mon\n|rule|HP Percentage Mod: HP is shown in percentages\n|rule|Sleep Clause Mod: Limit one foe put to sleep\n|rule|Illusion Level Mod: Illusion disguises the Pok\u00e9mon's true level\n|\n|t:|1733866649\n|start\n|switch|p1a: Mewtwo|Mewtwo, L72|272/272\n|switch|p2a: Hariyama|Hariyama, L87, M|392/392\n|-ability|p1a: Mewtwo|Unnerve\n|turn|1\n|\n|t:|1733866666\n|move|p1a: Mewtwo|Nasty Plot|p1a: Mewtwo\n|-boost|p1a: Mewtwo|spa|2\n|move|p2a: Hariyama|Knock Off|p1a: Mewtwo\n|-supereffective|p1a: Mewtwo\n|-damage|p1a: Mewtwo|82/272\n|-enditem|p1a: Mewtwo|Life Orb|[from] move: Knock Off|[of] p2a: Hariyama\n|\n|upkeep\n|turn|2\n|\n|t:|1733866676\n|move|p1a: Mewtwo|Psystrike|p2a: Hariyama\n|-supereffective|p2a: Hariyama\n|-damage|p2a: Hariyama|0 fnt\n|faint|p2a: Hariyama\n|\n|upkeep\n|\n|t:|1733866691\n|switch|p2a: Kilowattrel|Kilowattrel, L83, F|252/252\n|turn|3\n|inactive|Battle timer is ON: inactive players will automatically lose when time's up. (requested by Poscidion)\n|inactive|PalmTreeShinobi has 120 seconds left.\n|\n|t:|1733866743\n|move|p2a: Kilowattrel|Thunderbolt|p1a: Mewtwo\n|-damage|p1a: Mewtwo|0 fnt\n|faint|p1a: Mewtwo\n|\n|upkeep\n|\n|t:|1733866752\n|switch|p1a: Feraligatr|Feraligatr, L79, M|264/264\n|turn|4\n|\n|t:|1733866774\n|move|p2a: Kilowattrel|Thunder Wave|p1a: Feraligatr\n|-status|p1a: Feraligatr|par\n|move|p1a: Feraligatr|Ice Punch|p2a: Kilowattrel\n|-supereffective|p2a: Kilowattrel\n|-damage|p2a: Kilowattrel|44/252\n|\n|upkeep\n|turn|5\n|\n|t:|1733866795\n|move|p2a: Kilowattrel|Roost|p2a: Kilowattrel\n|-heal|p2a: Kilowattrel|170/252\n|-singleturn|p2a: Kilowattrel|move: Roost\n|move|p1a: Feraligatr|Dragon Dance|p1a: Feraligatr\n|-boost|p1a: Feraligatr|atk|1\n|-boost|p1a: Feraligatr|spe|1\n|\n|upkeep\n|turn|6\n|\n|t:|1733866803\n|move|p2a: Kilowattrel|Thunderbolt|p1a: Feraligatr\n|-supereffective|p1a: Feraligatr\n|-damage|p1a: Feraligatr|48/264 par\n|cant|p1a: Feraligatr|par\n|\n|upkeep\n|turn|7\n|\n|t:|1733866808\n|move|p2a: Kilowattrel|Thunderbolt|p1a: Feraligatr\n|-supereffective|p1a: Feraligatr\n|-damage|p1a: Feraligatr|0 fnt\n|faint|p1a: Feraligatr\n|\n|upkeep\n|c|\u2606PalmTreeShinobi|i got greedy\n|\n|t:|1733866826\n|switch|p1a: Arbok|Arbok, L87, M|246/246\n|-ability|p1a: Arbok|Intimidate|boost\n|-unboost|p2a: Kilowattrel|atk|1\n|turn|8\n|\n|t:|1733866833\n|move|p2a: Kilowattrel|Thunder Wave|p1a: Arbok\n|-status|p1a: Arbok|par\n|move|p1a: Arbok|Gunk Shot|p2a: Kilowattrel\n|-damage|p2a: Kilowattrel|0 fnt\n|faint|p2a: Kilowattrel\n|\n|upkeep\n|\n|t:|1733866848\n|switch|p2a: Cyclizar|Cyclizar, L83, M|252/252\n|turn|9\n|\n|t:|1733866870\n|move|p2a: Cyclizar|Shed Tail|p2a: Cyclizar\n|-start|p2a: Cyclizar|Substitute|[from] move: Shed Tail\n|-damage|p2a: Cyclizar|126/252\n|\n|t:|1733866876\n|switch|p2a: Hatterene|Hatterene, L85, F|236/236|[from] Shed Tail\n|cant|p1a: Arbok|par\n|\n|upkeep\n|turn|10\n|inactive|PalmTreeShinobi has 120 seconds left.\n|\n|t:|1733866916\n|-terastallize|p1a: Arbok|Grass\n|move|p2a: Hatterene|Psychic|p1a: Arbok\n|-damage|p1a: Arbok|104/246 par\n|cant|p1a: Arbok|par\n|\n|-heal|p1a: Arbok|119/246 par|[from] item: Leftovers\n|upkeep\n|turn|11\n|\n|t:|1733866923\n|move|p2a: Hatterene|Psychic|p1a: Arbok\n|-damage|p1a: Arbok|0 fnt\n|faint|p1a: Arbok\n|\n|upkeep\n|c|\u2606PalmTreeShinobi|you sir\n|c|\u2606PalmTreeShinobi|have outplayed me\n|c|\u2606PalmTreeShinobi|but i'm not giving up yet\n|inactive|PalmTreeShinobi has 90 seconds left.\n|\n|t:|1733866965\n|switch|p1a: Espeon|Espeon, L84, M|246/246\n|turn|12\n|\n|t:|1733866969\n|move|p1a: Espeon|Calm Mind|p1a: Espeon\n|-boost|p1a: Espeon|spa|1\n|-boost|p1a: Espeon|spd|1\n|move|p2a: Hatterene|Nuzzle|p1a: Espeon\n|-damage|p1a: Espeon|228/246\n|-status|p1a: Espeon|par\n|\n|upkeep\n|turn|13\n|inactive|PalmTreeShinobi has 90 seconds left.\n|\n|t:|1733866979\n|move|p1a: Espeon|Calm Mind|p1a: Espeon\n|-boost|p1a: Espeon|spa|1\n|-boost|p1a: Espeon|spd|1\n|move|p2a: Hatterene|Mystical Fire|p1a: Espeon\n|-damage|p1a: Espeon|196/246 par\n|-unboost|p1a: Espeon|spa|1\n|\n|upkeep\n|turn|14\n|\n|t:|1733866987\n|move|p1a: Espeon|Calm Mind|p1a: Espeon\n|-boost|p1a: Espeon|spa|1\n|-boost|p1a: Espeon|spd|1\n|move|p2a: Hatterene|Mystical Fire|p1a: Espeon\n|-damage|p1a: Espeon|168/246 par\n|-unboost|p1a: Espeon|spa|1\n|\n|upkeep\n|turn|15\n|\n|t:|1733866996\n|move|p1a: Espeon|Shadow Ball|p2a: Hatterene\n|-supereffective|p2a: Hatterene\n|-end|p2a: Hatterene|Substitute\n|-damage|p1a: Espeon|144/246 par|[from] item: Life Orb\n|move|p2a: Hatterene|Mystical Fire|p1a: Espeon\n|-damage|p1a: Espeon|116/246 par\n|-unboost|p1a: Espeon|spa|1\n|\n|upkeep\n|turn|16\n|\n|t:|1733867028\n|switch|p2a: Primarina|Primarina, L83, M|268/268\n|move|p1a: Espeon|Shadow Ball|p2a: Primarina\n|-damage|p2a: Primarina|187/268\n|-unboost|p2a: Primarina|spd|1\n|-damage|p1a: Espeon|92/246 par|[from] item: Life Orb\n|\n|upkeep\n|turn|17\n|\n|t:|1733867038\n|move|p2a: Primarina|Flip Turn|p1a: Espeon\n|-damage|p1a: Espeon|28/246 par\n|\n|t:|1733867042\n|switch|p2a: Venusaur|Venusaur, L84, F|272/272|[from] Flip Turn\n|move|p1a: Espeon|Psyshock|p2a: Venusaur\n|-supereffective|p2a: Venusaur\n|-damage|p2a: Venusaur|0 fnt\n|faint|p2a: Venusaur\n|-damage|p1a: Espeon|4/246 par|[from] item: Life Orb\n|\n|upkeep\n|\n|t:|1733867049\n|switch|p2a: Primarina|Primarina, L83, M|187/268\n|turn|18\n|\n|t:|1733867053\n|move|p2a: Primarina|Flip Turn|p1a: Espeon\n|-damage|p1a: Espeon|0 fnt\n|faint|p1a: Espeon\n|\n|t:|1733867058\n|switch|p2a: Cyclizar|Cyclizar, L83, M|210/252|[from] Flip Turn\n|\n|upkeep\n|inactive|PalmTreeShinobi has 120 seconds left.\n|\n|t:|1733867085\n|switch|p1a: Great Tusk|Great Tusk, L77|304/304\n|turn|19\n|\n|t:|1733867098\n|move|p2a: Cyclizar|Shed Tail|p2a: Cyclizar\n|-start|p2a: Cyclizar|Substitute|[from] move: Shed Tail\n|-damage|p2a: Cyclizar|84/252\n|\n|t:|1733867102\n|switch|p2a: Primarina|Primarina, L83, M|187/268|[from] Shed Tail\n|move|p1a: Great Tusk|Headlong Rush|p2a: Primarina\n|-end|p2a: Primarina|Substitute\n|-unboost|p1a: Great Tusk|def|1\n|-unboost|p1a: Great Tusk|spd|1\n|\n|upkeep\n|turn|20\n|\n|t:|1733867116\n|move|p1a: Great Tusk|Headlong Rush|p2a: Primarina\n|-damage|p2a: Primarina|28/268\n|-unboost|p1a: Great Tusk|def|1\n|-unboost|p1a: Great Tusk|spd|1\n|move|p2a: Primarina|Moonblast|p1a: Great Tusk\n|-supereffective|p1a: Great Tusk\n|-damage|p1a: Great Tusk|0 fnt\n|faint|p1a: Great Tusk\n|-end|p1a: Great Tusk|Protosynthesis|[silent]\n|\n|upkeep\n|\n|t:|1733867125\n|switch|p1a: Dragapult|Dragapult, L77, F|262/262\n|turn|21\n|\n|t:|1733867154\n|move|p1a: Dragapult|Tera Blast|p2a: Primarina\n|-damage|p2a: Primarina|0 fnt\n|faint|p2a: Primarina\n|-damage|p1a: Dragapult|236/262|[from] item: Life Orb\n|\n|upkeep\n|\n|t:|1733867164\n|switch|p2a: Cyclizar|Cyclizar, L83, M|168/252\n|turn|22\n|\n|t:|1733867181\n|move|p1a: Dragapult|Fire Blast|p2a: Cyclizar\n|-resisted|p2a: Cyclizar\n|-damage|p2a: Cyclizar|113/252\n|-damage|p1a: Dragapult|210/262|[from] item: Life Orb\n|move|p2a: Cyclizar|Shed Tail|p2a: Cyclizar\n|-fail|p2a: Cyclizar|move: Shed Tail|[weak]\n|\n|upkeep\n|turn|23\n|\n|t:|1733867195\n|move|p1a: Dragapult|Dragon Darts|p2a: Cyclizar\n|-supereffective|p2a: Cyclizar\n|-damage|p2a: Cyclizar|0 fnt\n|faint|p2a: Cyclizar\n|-damage|p1a: Dragapult|184/262|[from] item: Life Orb\n|\n|upkeep\n|\n|t:|1733867198\n|switch|p2a: Hatterene|Hatterene, L85, F|236/236\n|turn|24\n|\n|t:|1733867204\n|move|p1a: Dragapult|Fire Blast|p2a: Hatterene\n|-damage|p2a: Hatterene|184/236\n|-damage|p1a: Dragapult|158/262|[from] item: Life Orb\n|move|p2a: Hatterene|Nuzzle|p1a: Dragapult\n|-resisted|p1a: Dragapult\n|-damage|p1a: Dragapult|149/262\n|-status|p1a: Dragapult|par\n|\n|upkeep\n|turn|25\n|\n|t:|1733867213\n|move|p1a: Dragapult|Fire Blast|p2a: Hatterene\n|-damage|p2a: Hatterene|131/236\n|-damage|p1a: Dragapult|123/262 par|[from] item: Life Orb\n|move|p2a: Hatterene|Draining Kiss|p1a: Dragapult\n|-supereffective|p1a: Dragapult\n|-damage|p1a: Dragapult|0 fnt\n|-heal|p2a: Hatterene|223/236|[from] drain|[of] p1a: Dragapult\n|faint|p1a: Dragapult\n|\n|win|Poscidion\n|raw|PalmTreeShinobi's rating: 1530 &rarr; <strong>1510</strong><br />(-20 for losing)\n|raw|Poscidion's rating: 1528 &rarr; <strong>1548</strong><br />(+20 for winning)\n|c|\u2606PalmTreeShinobi|gg\n", "inputlog": ">version bfd83cad13791eb5a5a409923076391caf6fb4d4\n>start {\"formatid\":\"gen9randombattle\",\"seed\":[47720,9721,29224,24315],\"rated\":\"Rated battle\"}\n>player p1 {\"name\":\"PalmTreeShinobi\",\"avatar\":\"sage\",\"rating\":1530,\"seed\":[7816,28932,37599,13250]}\n>player p2 {\"name\":\"Poscidion\",\"avatar\":\"102\",\"rating\":1528,\"seed\":[11996,11315,17159,15110]}\n>p1 move nastyplot\n>p2 move knockoff\n>p1 move psystrike\n>p2 move knockoff\n>p2 switch 6\n>p1 move psystrike\n>p2 move thunderbolt\n>p1 switch 3\n>p1 move icepunch\n>p2 move thunderwave\n>p1 move dragondance\n>p2 move roost\n>p1 move icepunch\n>p2 move thunderbolt\n>p1 move icepunch\n>p2 move thunderbolt\n>chat \u2606PalmTreeShinobi|i got greedy\n>p1 switch 5\n>p1 move gunkshot\n>p2 move thunderwave\n>p2 switch 4\n>p1 move gunkshot\n>p2 move shedtail\n>p2 switch 5\n>p1 move trailblaze terastallize\n>p2 move psychic\n>p1 move gunkshot\n>p2 move psychic\n>chat \u2606PalmTreeShinobi|you sir\n>chat \u2606PalmTreeShinobi|have outplayed me\n>chat \u2606PalmTreeShinobi|but i'm not giving up yet\n>p1 switch 4\n>p1 move calmmind\n>p2 move nuzzle\n>p1 move calmmind\n>p2 move mysticalfire\n>p1 move calmmind\n>p2 move mysticalfire\n>p1 move shadowball\n>p2 move mysticalfire\n>p1 move shadowball\n>p2 switch 2\n>p1 move psyshock\n>p2 move flipturn\n>p2 switch 3\n>p2 switch 3\n>p1 move psyshock\n>p2 move flipturn\n>p2 switch 5\n>p1 switch 2\n>p1 move headlongrush\n>p2 move shedtail\n>p2 switch 5\n>p1 move headlongrush\n>p2 move moonblast\n>p1 switch 6\n>p1 move terablast\n>p2 move moonblast\n>p2 switch 5\n>p1 move fireblast\n>p2 move shedtail\n>p1 move dragondarts\n>p2 move knockoff\n>p2 switch 2\n>p1 move fireblast\n>p2 move nuzzle\n>p1 move fireblast\n>p2 move drainingkiss", "uploadtime": 1733867225, "views": 1, "formatid": "gen9randombattle", "rating": 1510, "private": 0, "password": null}