{"id": "gen9randombattle-2202780205", "format": "[Gen 9] Random Battle", "players": ["Yusei1789", "Soren-sage"], "log": "|j|\u2606Yusei1789\n|j|\u2606Soren-sage\n|t:|1726491051\n|gametype|singles\n|player|p1|Yusei1789|266|2217\n|player|p2|Soren-sage|chili|2258\n|teamsize|p1|6\n|teamsize|p2|6\n|gen|9\n|tier|[Gen 9] Random Battle\n|rated|\n|rule|Species Clause: Limit one of each Pok\u00e9mon\n|rule|HP Percentage Mod: HP is shown in percentages\n|rule|Sleep Clause Mod: Limit one foe put to sleep\n|rule|Illusion Level Mod: Illusion disguises the Pok\u00e9mon's true level\n|\n|t:|1726491051\n|start\n|switch|p1a: Toxtricity|Toxtricity, L82, F|257/257\n|switch|p2a: Mewtwo|Mewtwo, L72|272/272\n|-ability|p2a: Mewtwo|Unnerve\n|turn|1\n|inactive|Battle timer is ON: inactive players will automatically lose when time's up. (requested by Yusei1789)\n|\n|t:|1726491079\n|switch|p1a: Empoleon|Empoleon, L84, F|278/278\n|move|p2a: Mewtwo|Psystrike|p1a: Empoleon\n|-resisted|p1a: Empoleon\n|-damage|p1a: Empoleon|208/278\n|-damage|p2a: Mewtwo|245/272|[from] item: Life Orb\n|\n|-heal|p1a: Empoleon|225/278|[from] item: Leftovers\n|upkeep\n|turn|2\n|\n|t:|1726491090\n|move|p2a: Mewtwo|Aura Sphere|p1a: Empoleon\n|-supereffective|p1a: Empoleon\n|-damage|p1a: Empoleon|90/278\n|-damage|p2a: Mewtwo|218/272|[from] item: Life Orb\n|move|p1a: Empoleon|Stealth Rock|p2a: Mewtwo\n|-sidestart|p2: Soren-sage|move: Stealth Rock\n|\n|-heal|p1a: Empoleon|107/278|[from] item: Leftovers\n|upkeep\n|turn|3\n|\n|t:|1726491105\n|switch|p1a: Zapdos|Zapdos, L78|268/268\n|move|p2a: Mewtwo|Aura Sphere|p1a: Zapdos\n|-resisted|p1a: Zapdos\n|-damage|p1a: Zapdos|229/268\n|-damage|p2a: Mewtwo|191/272|[from] item: Life Orb\n|\n|upkeep\n|turn|4\n|\n|t:|1726491124\n|move|p2a: Mewtwo|Recover|p2a: Mewtwo\n|-heal|p2a: Mewtwo|272/272\n|move|p1a: Zapdos|Discharge|p2a: Mewtwo\n|-damage|p2a: Mewtwo|164/272\n|\n|upkeep\n|turn|5\n|\n|t:|1726491131\n|move|p2a: Mewtwo|Psystrike|p1a: Zapdos\n|-damage|p1a: Zapdos|72/268\n|-damage|p2a: Mewtwo|137/272|[from] item: Life Orb\n|move|p1a: Zapdos|Discharge|p2a: Mewtwo\n|-damage|p2a: Mewtwo|43/272\n|-status|p2a: Mewtwo|par\n|\n|upkeep\n|turn|6\n|\n|t:|1726491141\n|move|p1a: Zapdos|Discharge|p2a: Mewtwo\n|-damage|p2a: Mewtwo|0 fnt\n|faint|p2a: Mewtwo\n|\n|upkeep\n|\n|t:|1726491149\n|switch|p2a: Raichu|Raichu-Alola, L87, M|246/246\n|-damage|p2a: Raichu|216/246|[from] Stealth Rock\n|turn|7\n|\n|t:|1726491158\n|move|p2a: Raichu|Nasty Plot|p2a: Raichu\n|-boost|p2a: Raichu|spa|2\n|move|p1a: Zapdos|Heat Wave|p2a: Raichu\n|-damage|p2a: Raichu|144/246\n|\n|upkeep\n|turn|8\n|\n|t:|1726491183\n|switch|p1a: Empoleon|Empoleon, L84, F|107/278\n|move|p2a: Raichu|Thunderbolt|p1a: Empoleon\n|-supereffective|p1a: Empoleon\n|-damage|p1a: Empoleon|0 fnt\n|faint|p1a: Empoleon\n|-damage|p2a: Raichu|120/246|[from] item: Life Orb\n|\n|upkeep\n|\n|t:|1726491193\n|switch|p1a: Heracross|Heracross, L80, M|259/259\n|turn|9\n|\n|t:|1726491207\n|switch|p2a: Iron Moth|Iron Moth, L78|253/253\n|-damage|p2a: Iron Moth|190/253|[from] Stealth Rock\n|move|p1a: Heracross|Knock Off|p2a: Iron Moth\n|-damage|p2a: Iron Moth|84/253\n|-enditem|p2a: Iron Moth|Choice Specs|[from] move: Knock Off|[of] p1a: Heracross\n|\n|upkeep\n|turn|10\n|\n|t:|1726491224\n|switch|p1a: Pelipper|Pelipper, L86, F|243/243\n|-weather|RainDance|[from] ability: Drizzle|[of] p1a: Pelipper\n|move|p2a: Iron Moth|Fiery Dance|p1a: Pelipper\n|-resisted|p1a: Pelipper\n|-damage|p1a: Pelipper|213/243\n|-boost|p2a: Iron Moth|spa|1\n|\n|-weather|RainDance|[upkeep]\n|upkeep\n|turn|11\n|\n|t:|1726491235\n|move|p2a: Iron Moth|Sludge Wave|p1a: Pelipper\n|-damage|p1a: Pelipper|20/243\n|move|p1a: Pelipper|Surf|p2a: Iron Moth\n|-supereffective|p2a: Iron Moth\n|-damage|p2a: Iron Moth|0 fnt\n|faint|p2a: Iron Moth\n|-end|p2a: Iron Moth|Quark Drive|[silent]\n|\n|-weather|RainDance|[upkeep]\n|upkeep\n|\n|t:|1726491246\n|switch|p2a: Blastoise|Blastoise, L80, F|258/258\n|-damage|p2a: Blastoise|226/258|[from] Stealth Rock\n|turn|12\n|\n|t:|1726491254\n|move|p2a: Blastoise|Ice Beam|p1a: Pelipper\n|-damage|p1a: Pelipper|0 fnt\n|faint|p1a: Pelipper\n|\n|-weather|RainDance|[upkeep]\n|upkeep\n|\n|t:|1726491264\n|switch|p1a: Zapdos|Zapdos, L78|72/268\n|turn|13\n|\n|t:|1726491271\n|switch|p2a: Umbreon|Umbreon, L84, F|297/297\n|-damage|p2a: Umbreon|260/297|[from] Stealth Rock\n|move|p1a: Zapdos|Discharge|p2a: Umbreon\n|-damage|p2a: Umbreon|188/297\n|\n|-weather|RainDance|[upkeep]\n|-heal|p2a: Umbreon|206/297|[from] item: Leftovers\n|upkeep\n|turn|14\n|\n|t:|1726491284\n|move|p1a: Zapdos|Hurricane|p2a: Umbreon\n|-damage|p2a: Umbreon|121/297\n|-start|p2a: Umbreon|confusion\n|-activate|p2a: Umbreon|confusion\n|move|p2a: Umbreon|Wish|p2a: Umbreon\n|\n|-weather|none\n|-heal|p2a: Umbreon|139/297|[from] item: Leftovers\n|upkeep\n|turn|15\n|\n|t:|1726491306\n|switch|p1a: Heracross|Heracross, L80, M|259/259\n|-activate|p2a: Umbreon|confusion\n|-damage|p2a: Umbreon|126/297|[from] confusion\n|\n|-heal|p2a: Umbreon|274/297|[from] move: Wish|[wisher] Umbreon\n|-heal|p2a: Umbreon|292/297|[from] item: Leftovers\n|upkeep\n|turn|16\n|\n|t:|1726491321\n|-terastallize|p2a: Umbreon|Poison\n|move|p1a: Heracross|Megahorn|p2a: Umbreon\n|-resisted|p2a: Umbreon\n|-damage|p2a: Umbreon|229/297\n|-activate|p2a: Umbreon|confusion\n|move|p2a: Umbreon|Toxic|p1a: Heracross\n|-status|p1a: Heracross|tox\n|\n|-heal|p2a: Umbreon|247/297|[from] item: Leftovers\n|-damage|p1a: Heracross|243/259 tox|[from] psn\n|upkeep\n|turn|17\n|\n|t:|1726491333\n|switch|p1a: Zapdos|Zapdos, L78|72/268\n|-activate|p2a: Umbreon|confusion\n|move|p2a: Umbreon|Foul Play|p1a: Zapdos\n|-damage|p1a: Zapdos|0 fnt\n|-status|p2a: Umbreon|par|[from] ability: Static|[of] p1a: Zapdos\n|-activate|p2a: Umbreon|ability: Synchronize\n|faint|p1a: Zapdos\n|\n|-heal|p2a: Umbreon|265/297 par|[from] item: Leftovers\n|upkeep\n|inactive|Yusei1789 has 120 seconds left.\n|\n|t:|1726491349\n|switch|p1a: Toxtricity|Toxtricity, L82, F|257/257\n|turn|18\n|inactive|Yusei1789 has 120 seconds left.\n|\n|t:|1726491361\n|move|p1a: Toxtricity|Boomburst|p2a: Umbreon\n|-damage|p2a: Umbreon|108/297 par\n|-end|p2a: Umbreon|confusion\n|move|p2a: Umbreon|Wish|p2a: Umbreon\n|\n|-heal|p2a: Umbreon|126/297 par|[from] item: Leftovers\n|upkeep\n|turn|19\n|\n|t:|1726491371\n|move|p2a: Umbreon|Protect|p2a: Umbreon\n|-singleturn|p2a: Umbreon|Protect\n|move|p1a: Toxtricity|Boomburst|p2a: Umbreon\n|-activate|p2a: Umbreon|move: Protect\n|\n|-heal|p2a: Umbreon|274/297 par|[from] move: Wish|[wisher] Umbreon\n|-heal|p2a: Umbreon|292/297 par|[from] item: Leftovers\n|upkeep\n|turn|20\n|\n|t:|1726491396\n|switch|p2a: Flareon|Flareon, L90, F|263/263\n|-damage|p2a: Flareon|198/263|[from] Stealth Rock\n|move|p1a: Toxtricity|Boomburst|p2a: Flareon\n|-damage|p2a: Flareon|33/263\n|\n|-status|p2a: Flareon|tox|[from] item: Toxic Orb\n|upkeep\n|turn|21\n|j| nocalculation\n|\n|t:|1726491405\n|move|p2a: Flareon|Quick Attack|p1a: Toxtricity\n|-damage|p1a: Toxtricity|175/257\n|move|p1a: Toxtricity|Boomburst|p2a: Flareon\n|-damage|p2a: Flareon|0 fnt\n|faint|p2a: Flareon\n|\n|upkeep\n|\n|t:|1726491416\n|switch|p2a: Blastoise|Blastoise, L80, F|226/258\n|-damage|p2a: Blastoise|194/258|[from] Stealth Rock\n|turn|22\n|\n|t:|1726491421\n|-terastallize|p1a: Toxtricity|Normal\n|move|p2a: Blastoise|Shell Smash|p2a: Blastoise\n|-unboost|p2a: Blastoise|def|1\n|-unboost|p2a: Blastoise|spd|1\n|-boost|p2a: Blastoise|atk|2\n|-boost|p2a: Blastoise|spa|2\n|-boost|p2a: Blastoise|spe|2\n|-enditem|p2a: Blastoise|White Herb\n|-clearnegativeboost|p2a: Blastoise|[silent]\n|move|p1a: Toxtricity|Boomburst|p2a: Blastoise\n|-damage|p2a: Blastoise|0 fnt\n|faint|p2a: Blastoise\n|\n|upkeep\n|\n|t:|1726491434\n|switch|p2a: Raichu|Raichu-Alola, L87, M|120/246\n|-damage|p2a: Raichu|90/246|[from] Stealth Rock\n|turn|23\n|\n|t:|1726491446\n|move|p2a: Raichu|Thunderbolt|p1a: Toxtricity\n|-damage|p1a: Toxtricity|19/257\n|-damage|p2a: Raichu|66/246|[from] item: Life Orb\n|move|p1a: Toxtricity|Boomburst|p2a: Raichu\n|-damage|p2a: Raichu|0 fnt\n|faint|p2a: Raichu\n|\n|upkeep\n|-message|Soren-sage forfeited.\n|\n|win|Yusei1789\n|raw|Yusei1789's rating: 2217 &rarr; <strong>2239</strong><br />(+22 for winning)\n|raw|Soren-sage's rating: 2258 &rarr; <strong>2236</strong><br />(-22 for losing)\n|l|\u2606Soren-sage\n|player|p2|\n", "inputlog": ">version abcf08933808d3fb39dbc2b54a8665d830b47482\n>start {\"formatid\":\"gen9randombattle\",\"seed\":[42959,26953,18818,62389],\"rated\":\"Rated battle\"}\n>player p1 {\"name\":\"Yusei1789\",\"avatar\":\"266\",\"rating\":2217,\"seed\":[59101,54887,15643,30190]}\n>player p2 {\"name\":\"Soren-sage\",\"avatar\":\"chili\",\"rating\":2258,\"seed\":[19344,5347,34781,38508]}\n>p1 switch 3\n>p2 move psystrike\n>p1 move stealthrock\n>p2 move aurasphere\n>p1 switch 4\n>p2 move aurasphere\n>p1 move discharge\n>p2 move recover\n>p1 move discharge\n>p2 move psystrike\n>p1 move discharge\n>p2 move recover\n>p2 switch 2\n>p1 move heatwave\n>p2 move nastyplot\n>p1 switch 4\n>p2 move thunderbolt\n>p1 switch 6\n>p1 move knockoff\n>p2 switch 3\n>p1 switch 2\n>p2 move fierydance\n>p1 move surf\n>p2 move sludgewave\n>p2 switch 6\n>p1 move hurricane\n>p2 move icebeam\n>p1 switch 4\n>p1 move discharge\n>p2 switch 4\n>p1 move hurricane\n>p2 move wish\n>p1 switch 2\n>p2 move toxic\n>p1 move megahorn\n>p2 move toxic terastallize\n>p1 switch 2\n>p2 move foulplay\n>p1 switch 3\n>p1 move boomburst\n>p2 move wish\n>p1 move boomburst\n>p2 move protect\n>p1 move boomburst\n>p2 switch 5\n>p1 move boomburst\n>p2 move quickattack\n>p2 switch 4\n>p1 move boomburst terastallize\n>p2 move shellsmash\n>p2 switch 3\n>p1 move boomburst\n>p2 move thunderbolt\n>forcelose p2", "uploadtime": 1726491457, "views": 87, "formatid": "gen9randombattle", "rating": 2236, "private": 0, "password": null}