{"id": "gen9randombattle-2113679483", "format": "[Gen 9] Random Battle", "players": ["pokeblade\u2606101", "MichaelderBeste2"], "log": "|badge|p1|silver|gen9randombattle|30-1\n|html|<div class=\"broadcast-red\"><strong>This battle is required to be public due to one or more player having a season medal.</strong><br />During the public phase, you can discuss the state of the ladder <a href=\"/seasondiscussion\">in a special chatroom.</a></div>\n|uhtml|medal-msg|<div class=\"broadcast-blue\">Curious what those medals under the avatar are? PS now has Ladder Seasons! For more information, check out the <a href=\"https://www.smogon.com/forums/threads/3740067/\">thread on Smogon.</a></div>\n|badge|p2|silver|gen9randombattle|30-1\n|uhtml|medal-msg|<div class=\"broadcast-blue\">Curious what those medals under the avatar are? PS now has Ladder Seasons! For more information, check out the <a href=\"https://www.smogon.com/forums/threads/3740067/\">thread on Smogon.</a></div>\n|j|\u2606pokeblade\u2606101\n|j|\u2606MichaelderBeste2\n|t:|1714350871\n|gametype|singles\n|player|p1|pokeblade\u2606101|#rbtt7teamchiyu|2437\n|player|p2|MichaelderBeste2|#rbtt7teamdarkrai|2495\n|teamsize|p1|6\n|teamsize|p2|6\n|gen|9\n|tier|[Gen 9] Random Battle\n|rated|\n|rule|Species Clause: Limit one of each Pok\u00e9mon\n|rule|HP Percentage Mod: HP is shown in percentages\n|rule|Sleep Clause Mod: Limit one foe put to sleep\n|rule|Illusion Level Mod: Illusion disguises the Pok\u00e9mon's true level\n|\n|t:|1714350871\n|start\n|switch|p1a: Iron Crown|Iron Crown, L79|272/272\n|switch|p2a: Rillaboom|Rillaboom, L79, F|288/288\n|-fieldstart|move: Grassy Terrain|[from] ability: Grassy Surge|[of] p2a: Rillaboom\n|turn|1\n|\n|t:|1714350887\n|-end|p1a: Iron Crown|Quark Drive|[silent]\n|switch|p1a: Krookodile|Krookodile, L80, M|283/283\n|-ability|p1a: Krookodile|Intimidate|boost\n|-unboost|p2a: Rillaboom|atk|1\n|switch|p2a: Morpeko|Morpeko, L88, F|245/245\n|\n|-formechange|p2a: Morpeko|Morpeko-Hangry||[from] ability: Hunger Switch\n|upkeep\n|turn|2\n|j|+Aqua\n|\n|t:|1714350894\n|switch|p2a: Vileplume|Vileplume, L86, F|269/269\n|move|p1a: Krookodile|Knock Off|p2a: Vileplume\n|-damage|p2a: Vileplume|104/269\n|-enditem|p2a: Vileplume|Leftovers|[from] move: Knock Off|[of] p1a: Krookodile\n|\n|-heal|p2a: Vileplume|120/269|[from] Grassy Terrain\n|upkeep\n|turn|3\n|\n|t:|1714350952\n|switch|p1a: Empoleon|Empoleon, L84, M|278/278\n|move|p2a: Vileplume|Leech Seed|p1a: Empoleon\n|-start|p1a: Empoleon|move: Leech Seed\n|\n|-heal|p2a: Vileplume|136/269|[from] Grassy Terrain\n|-damage|p1a: Empoleon|244/278|[from] Leech Seed|[of] p2a: Vileplume\n|-heal|p2a: Vileplume|170/269|[silent]\n|upkeep\n|turn|4\n|\n|t:|1714350957\n|move|p1a: Empoleon|Stealth Rock|p2a: Vileplume\n|-sidestart|p2: MichaelderBeste2|move: Stealth Rock\n|move|p2a: Vileplume|Giga Drain|p1a: Empoleon\n|-damage|p1a: Empoleon|135/278\n|-heal|p2a: Vileplume|225/269|[from] drain|[of] p1a: Empoleon\n|\n|-heal|p1a: Empoleon|152/278|[from] Grassy Terrain\n|-heal|p1a: Empoleon|169/278|[from] item: Leftovers\n|-heal|p2a: Vileplume|241/269|[from] Grassy Terrain\n|-damage|p1a: Empoleon|135/278|[from] Leech Seed|[of] p2a: Vileplume\n|-heal|p2a: Vileplume|269/269|[silent]\n|upkeep\n|turn|5\n|j| Referrals\n|\n|t:|1714350963\n|move|p1a: Empoleon|Roost|p1a: Empoleon\n|-heal|p1a: Empoleon|274/278\n|-singleturn|p1a: Empoleon|move: Roost\n|move|p2a: Vileplume|Giga Drain|p1a: Empoleon\n|-damage|p1a: Empoleon|162/278\n|\n|-heal|p1a: Empoleon|179/278|[from] Grassy Terrain\n|-heal|p1a: Empoleon|196/278|[from] item: Leftovers\n|-damage|p1a: Empoleon|162/278|[from] Leech Seed|[of] p2a: Vileplume\n|-fieldend|move: Grassy Terrain\n|upkeep\n|turn|6\n|\n|t:|1714350968\n|switch|p1a: Iron Crown|Iron Crown, L79|272/272\n|switch|p2a: Morpeko|Morpeko, L88, F|245/245\n|-damage|p2a: Morpeko|215/245|[from] Stealth Rock\n|\n|-heal|p2a: Morpeko|230/245|[from] item: Leftovers\n|-formechange|p2a: Morpeko|Morpeko-Hangry||[from] ability: Hunger Switch\n|upkeep\n|turn|7\n|\n|t:|1714350974\n|-end|p1a: Iron Crown|Quark Drive|[silent]\n|switch|p1a: Krookodile|Krookodile, L80, M|283/283\n|-ability|p1a: Krookodile|Intimidate|boost\n|-unboost|p2a: Morpeko|atk|1\n|move|p2a: Morpeko|Rapid Spin|p1a: Krookodile\n|-damage|p1a: Krookodile|256/283\n|-boost|p2a: Morpeko|spe|1\n|-sideend|p2: MichaelderBeste2|Stealth Rock|[from] move: Rapid Spin|[of] p2a: Morpeko\n|\n|-heal|p2a: Morpeko|245/245|[from] item: Leftovers\n|-formechange|p2a: Morpeko|Morpeko||[from] ability: Hunger Switch\n|upkeep\n|turn|8\n|\n|t:|1714350980\n|move|p2a: Morpeko|Protect|p2a: Morpeko\n|-singleturn|p2a: Morpeko|Protect\n|move|p1a: Krookodile|Gunk Shot|p2a: Morpeko\n|-activate|p2a: Morpeko|move: Protect\n|\n|-formechange|p2a: Morpeko|Morpeko-Hangry||[from] ability: Hunger Switch\n|upkeep\n|turn|9\n|\n|t:|1714350987\n|switch|p2a: Slowking|Slowking-Galar, L85, F|300/300\n|move|p1a: Krookodile|Gunk Shot|p2a: Slowking\n|-resisted|p2a: Slowking\n|-damage|p2a: Slowking|232/300\n|\n|upkeep\n|turn|10\n|\n|t:|1714350997\n|move|p1a: Krookodile|Gunk Shot|p2a: Slowking\n|-resisted|p2a: Slowking\n|-damage|p2a: Slowking|159/300\n|move|p2a: Slowking|Future Sight|p1a: Krookodile\n|-start|p2a: Slowking|move: Future Sight\n|\n|upkeep\n|turn|11\n|\n|t:|1714351002\n|switch|p1a: Empoleon|Empoleon, L84, M|162/278\n|move|p2a: Slowking|Ice Beam|p1a: Empoleon\n|-resisted|p1a: Empoleon\n|-damage|p1a: Empoleon|147/278\n|\n|-heal|p1a: Empoleon|164/278|[from] item: Leftovers\n|upkeep\n|turn|12\n|\n|t:|1714351011\n|switch|p2a: Rillaboom|Rillaboom, L79, F|288/288\n|-fieldstart|move: Grassy Terrain|[from] ability: Grassy Surge|[of] p2a: Rillaboom\n|move|p1a: Empoleon|Flip Turn|p2a: Rillaboom\n|-resisted|p2a: Rillaboom\n|-damage|p2a: Rillaboom|259/288\n|\n|t:|1714351016\n|switch|p1a: Krookodile|Krookodile, L80, M|256/283|[from] Flip Turn\n|-ability|p1a: Krookodile|Intimidate|boost\n|-unboost|p2a: Rillaboom|atk|1\n|\n|-end|p1a: Krookodile|move: Future Sight\n|-immune|p1a: Krookodile\n|-heal|p1a: Krookodile|273/283|[from] Grassy Terrain\n|-heal|p2a: Rillaboom|277/288|[from] Grassy Terrain\n|upkeep\n|turn|13\n|\n|t:|1714351027\n|switch|p2a: Vileplume|Vileplume, L86, F|269/269\n|move|p1a: Krookodile|Gunk Shot|p2a: Vileplume\n|-damage|p2a: Vileplume|135/269\n|\n|-heal|p1a: Krookodile|283/283|[from] Grassy Terrain\n|-heal|p2a: Vileplume|151/269|[from] Grassy Terrain\n|upkeep\n|turn|14\n|\n|t:|1714351048\n|-terastallize|p1a: Krookodile|Poison\n|move|p1a: Krookodile|Gunk Shot|p2a: Vileplume\n|-damage|p2a: Vileplume|0 fnt\n|faint|p2a: Vileplume\n|\n|upkeep\n|j| PKV Pokevin\n|\n|t:|1714351059\n|switch|p2a: Dudunsparce|Dudunsparce-Three-Segment, L82, M|339/339\n|turn|15\n|\n|t:|1714351066\n|switch|p1a: Luxray|Luxray, L88, F|284/284\n|-ability|p1a: Luxray|Intimidate|boost\n|-unboost|p2a: Dudunsparce|atk|1\n|move|p2a: Dudunsparce|Glare|p1a: Luxray\n|-immune|p1a: Luxray\n|\n|upkeep\n|turn|16\n|\n|t:|1714351073\n|move|p1a: Luxray|Volt Switch|p2a: Dudunsparce\n|-damage|p2a: Dudunsparce|252/339\n|\n|t:|1714351077\n|switch|p1a: Empoleon|Empoleon, L84, M|164/278|[from] Volt Switch\n|move|p2a: Dudunsparce|Glare|p1a: Empoleon\n|-status|p1a: Empoleon|par\n|\n|-heal|p2a: Dudunsparce|273/339|[from] Grassy Terrain\n|-heal|p2a: Dudunsparce|294/339|[from] item: Leftovers\n|-heal|p1a: Empoleon|181/278 par|[from] Grassy Terrain\n|-heal|p1a: Empoleon|198/278 par|[from] item: Leftovers\n|-fieldend|move: Grassy Terrain\n|upkeep\n|turn|17\n|\n|t:|1714351083\n|move|p2a: Dudunsparce|Earthquake|p1a: Empoleon\n|-supereffective|p1a: Empoleon\n|-damage|p1a: Empoleon|100/278 par\n|move|p1a: Empoleon|Stealth Rock|p2a: Dudunsparce\n|-sidestart|p2: MichaelderBeste2|move: Stealth Rock\n|\n|-heal|p2a: Dudunsparce|315/339|[from] item: Leftovers\n|-heal|p1a: Empoleon|117/278 par|[from] item: Leftovers\n|upkeep\n|turn|18\n|\n|t:|1714351088\n|move|p2a: Dudunsparce|Earthquake|p1a: Empoleon\n|-supereffective|p1a: Empoleon\n|-damage|p1a: Empoleon|17/278 par\n|move|p1a: Empoleon|Roost|p1a: Empoleon\n|-heal|p1a: Empoleon|156/278 par\n|-singleturn|p1a: Empoleon|move: Roost\n|\n|-heal|p2a: Dudunsparce|336/339|[from] item: Leftovers\n|-heal|p1a: Empoleon|173/278 par|[from] item: Leftovers\n|upkeep\n|turn|19\n|\n|t:|1714351091\n|move|p2a: Dudunsparce|Earthquake|p1a: Empoleon\n|-supereffective|p1a: Empoleon\n|-damage|p1a: Empoleon|79/278 par\n|move|p1a: Empoleon|Roost|p1a: Empoleon\n|-heal|p1a: Empoleon|218/278 par\n|-singleturn|p1a: Empoleon|move: Roost\n|\n|-heal|p2a: Dudunsparce|339/339|[from] item: Leftovers\n|-heal|p1a: Empoleon|235/278 par|[from] item: Leftovers\n|upkeep\n|turn|20\n|\n|t:|1714351096\n|move|p2a: Dudunsparce|Earthquake|p1a: Empoleon\n|-supereffective|p1a: Empoleon\n|-damage|p1a: Empoleon|141/278 par\n|move|p1a: Empoleon|Flip Turn|p2a: Dudunsparce\n|-damage|p2a: Dudunsparce|270/339\n|\n|t:|1714351101\n|switch|p1a: Iron Crown|Iron Crown, L79|272/272|[from] Flip Turn\n|\n|-heal|p2a: Dudunsparce|291/339|[from] item: Leftovers\n|upkeep\n|turn|21\n|\n|t:|1714351105\n|-end|p1a: Iron Crown|Quark Drive|[silent]\n|switch|p1a: Luxray|Luxray, L88, F|284/284\n|-ability|p1a: Luxray|Intimidate|boost\n|-unboost|p2a: Dudunsparce|atk|1\n|move|p2a: Dudunsparce|Glare|p1a: Luxray\n|-immune|p1a: Luxray\n|\n|-heal|p2a: Dudunsparce|312/339|[from] item: Leftovers\n|upkeep\n|turn|22\n|\n|t:|1714351109\n|move|p1a: Luxray|Wild Charge|p2a: Dudunsparce\n|-damage|p2a: Dudunsparce|183/339\n|-damage|p1a: Luxray|252/284|[from] Recoil\n|move|p2a: Dudunsparce|Earthquake|p1a: Luxray\n|-supereffective|p1a: Luxray\n|-damage|p1a: Luxray|178/284\n|\n|-heal|p2a: Dudunsparce|204/339|[from] item: Leftovers\n|upkeep\n|turn|23\n|\n|t:|1714351111\n|move|p1a: Luxray|Wild Charge|p2a: Dudunsparce\n|-damage|p2a: Dudunsparce|56/339\n|-damage|p1a: Luxray|141/284|[from] Recoil\n|move|p2a: Dudunsparce|Roost|p2a: Dudunsparce\n|-heal|p2a: Dudunsparce|226/339\n|-singleturn|p2a: Dudunsparce|move: Roost\n|\n|-heal|p2a: Dudunsparce|247/339|[from] item: Leftovers\n|upkeep\n|turn|24\n|\n|t:|1714351114\n|move|p1a: Luxray|Wild Charge|p2a: Dudunsparce\n|-crit|p2a: Dudunsparce\n|-damage|p2a: Dudunsparce|52/339\n|-damage|p1a: Luxray|92/284|[from] Recoil\n|move|p2a: Dudunsparce|Roost|p2a: Dudunsparce\n|-heal|p2a: Dudunsparce|222/339\n|-singleturn|p2a: Dudunsparce|move: Roost\n|\n|-heal|p2a: Dudunsparce|243/339|[from] item: Leftovers\n|upkeep\n|turn|25\n|\n|t:|1714351117\n|move|p1a: Luxray|Volt Switch|p2a: Dudunsparce\n|-damage|p2a: Dudunsparce|141/339\n|\n|t:|1714351121\n|switch|p1a: Iron Crown|Iron Crown, L79|272/272|[from] Volt Switch\n|move|p2a: Dudunsparce|Roost|p2a: Dudunsparce\n|-heal|p2a: Dudunsparce|311/339\n|-singleturn|p2a: Dudunsparce|move: Roost\n|\n|-heal|p2a: Dudunsparce|332/339|[from] item: Leftovers\n|upkeep\n|turn|26\n|\n|t:|1714351123\n|-end|p1a: Iron Crown|Quark Drive|[silent]\n|switch|p1a: Luxray|Luxray, L88, F|92/284\n|-ability|p1a: Luxray|Intimidate|boost\n|-unboost|p2a: Dudunsparce|atk|1\n|move|p2a: Dudunsparce|Glare|p1a: Luxray\n|-immune|p1a: Luxray\n|\n|-heal|p2a: Dudunsparce|339/339|[from] item: Leftovers\n|upkeep\n|turn|27\n|\n|t:|1714351126\n|move|p1a: Luxray|Volt Switch|p2a: Dudunsparce\n|-damage|p2a: Dudunsparce|239/339\n|\n|t:|1714351129\n|switch|p1a: Empoleon|Empoleon, L84, M|141/278 par|[from] Volt Switch\n|move|p2a: Dudunsparce|Earthquake|p1a: Empoleon\n|-supereffective|p1a: Empoleon\n|-damage|p1a: Empoleon|89/278 par\n|\n|-heal|p2a: Dudunsparce|260/339|[from] item: Leftovers\n|-heal|p1a: Empoleon|106/278 par|[from] item: Leftovers\n|upkeep\n|turn|28\n|\n|t:|1714351135\n|switch|p2a: Morpeko|Morpeko, L88, F|245/245\n|-damage|p2a: Morpeko|215/245|[from] Stealth Rock\n|move|p1a: Empoleon|Roost|p1a: Empoleon\n|-heal|p1a: Empoleon|245/278 par\n|-singleturn|p1a: Empoleon|move: Roost\n|\n|-heal|p2a: Morpeko|230/245|[from] item: Leftovers\n|-heal|p1a: Empoleon|262/278 par|[from] item: Leftovers\n|-formechange|p2a: Morpeko|Morpeko-Hangry||[from] ability: Hunger Switch\n|upkeep\n|turn|29\n|\n|t:|1714351138\n|move|p2a: Morpeko|Rapid Spin|p1a: Empoleon\n|-resisted|p1a: Empoleon\n|-damage|p1a: Empoleon|243/278 par\n|-boost|p2a: Morpeko|spe|1\n|-sideend|p2: MichaelderBeste2|Stealth Rock|[from] move: Rapid Spin|[of] p2a: Morpeko\n|move|p1a: Empoleon|Surf|p2a: Morpeko\n|-damage|p2a: Morpeko|95/245\n|\n|-heal|p2a: Morpeko|110/245|[from] item: Leftovers\n|-heal|p1a: Empoleon|260/278 par|[from] item: Leftovers\n|-formechange|p2a: Morpeko|Morpeko||[from] ability: Hunger Switch\n|upkeep\n|turn|30\n|\n|t:|1714351148\n|switch|p1a: Krookodile|Krookodile, L80, M, tera:Poison|283/283\n|-ability|p1a: Krookodile|Intimidate|boost\n|-unboost|p2a: Morpeko|atk|1\n|move|p2a: Morpeko|Aura Wheel|p1a: Krookodile\n|-damage|p1a: Krookodile|195/283\n|-boost|p2a: Morpeko|spe|1\n|\n|-heal|p2a: Morpeko|125/245|[from] item: Leftovers\n|-formechange|p2a: Morpeko|Morpeko-Hangry||[from] ability: Hunger Switch\n|upkeep\n|turn|31\n|\n|t:|1714351154\n|move|p2a: Morpeko|Protect|p2a: Morpeko\n|-singleturn|p2a: Morpeko|Protect\n|move|p1a: Krookodile|Knock Off|p2a: Morpeko\n|-activate|p2a: Morpeko|move: Protect\n|\n|-heal|p2a: Morpeko|140/245|[from] item: Leftovers\n|-formechange|p2a: Morpeko|Morpeko||[from] ability: Hunger Switch\n|upkeep\n|turn|32\n|\n|t:|1714351160\n|move|p2a: Morpeko|Aura Wheel|p1a: Krookodile\n|-damage|p1a: Krookodile|95/283\n|-boost|p2a: Morpeko|spe|1\n|move|p1a: Krookodile|Knock Off|p2a: Morpeko\n|-resisted|p2a: Morpeko\n|-damage|p2a: Morpeko|42/245\n|-enditem|p2a: Morpeko|Leftovers|[from] move: Knock Off|[of] p1a: Krookodile\n|\n|-formechange|p2a: Morpeko|Morpeko-Hangry||[from] ability: Hunger Switch\n|upkeep\n|turn|33\n|\n|t:|1714351179\n|move|p2a: Morpeko|Aura Wheel|p1a: Krookodile\n|-damage|p1a: Krookodile|2/283\n|-boost|p2a: Morpeko|spe|1\n|move|p1a: Krookodile|Knock Off|p2a: Morpeko\n|-resisted|p2a: Morpeko\n|-damage|p2a: Morpeko|0 fnt\n|faint|p2a: Morpeko\n|\n|upkeep\n|\n|t:|1714351193\n|switch|p2a: Rillaboom|Rillaboom, L79, F|277/288\n|-fieldstart|move: Grassy Terrain|[from] ability: Grassy Surge|[of] p2a: Rillaboom\n|turn|34\n|\n|t:|1714351201\n|switch|p1a: Iron Crown|Iron Crown, L79|272/272\n|move|p2a: Rillaboom|Swords Dance|p2a: Rillaboom\n|-boost|p2a: Rillaboom|atk|2\n|\n|-heal|p2a: Rillaboom|288/288|[from] Grassy Terrain\n|upkeep\n|turn|35\n|\n|t:|1714351214\n|-end|p1a: Iron Crown|Quark Drive|[silent]\n|switch|p1a: Luxray|Luxray, L88, F|92/284\n|-ability|p1a: Luxray|Intimidate|boost\n|-unboost|p2a: Rillaboom|atk|1\n|move|p2a: Rillaboom|High Horsepower|p1a: Luxray\n|-supereffective|p1a: Luxray\n|-damage|p1a: Luxray|0 fnt\n|faint|p1a: Luxray\n|-damage|p2a: Rillaboom|260/288|[from] item: Life Orb\n|\n|-heal|p2a: Rillaboom|278/288|[from] Grassy Terrain\n|upkeep\n|\n|t:|1714351221\n|switch|p1a: Kingdra|Kingdra, L84, F|263/263\n|turn|36\n|\n|t:|1714351227\n|move|p1a: Kingdra|Draco Meteor|p2a: Rillaboom\n|-damage|p2a: Rillaboom|62/288\n|-unboost|p1a: Kingdra|spa|2\n|-damage|p1a: Kingdra|237/263|[from] item: Life Orb\n|move|p2a: Rillaboom|Swords Dance|p2a: Rillaboom\n|-boost|p2a: Rillaboom|atk|2\n|\n|-heal|p1a: Kingdra|253/263|[from] Grassy Terrain\n|-heal|p2a: Rillaboom|80/288|[from] Grassy Terrain\n|upkeep\n|turn|37\n|\n|t:|1714351233\n|switch|p1a: Krookodile|Krookodile, L80, M, tera:Poison|2/283\n|-ability|p1a: Krookodile|Intimidate|boost\n|-unboost|p2a: Rillaboom|atk|1\n|move|p2a: Rillaboom|Grassy Glide|p1a: Krookodile\n|-resisted|p1a: Krookodile\n|-damage|p1a: Krookodile|0 fnt\n|faint|p1a: Krookodile\n|-damage|p2a: Rillaboom|52/288|[from] item: Life Orb\n|\n|-heal|p2a: Rillaboom|70/288|[from] Grassy Terrain\n|upkeep\n|l| PKV Pokevin\n|\n|t:|1714351238\n|switch|p1a: Iron Crown|Iron Crown, L79|272/272\n|turn|38\n|\n|t:|1714351241\n|move|p2a: Rillaboom|Grassy Glide|p1a: Iron Crown\n|-resisted|p1a: Iron Crown\n|-damage|p1a: Iron Crown|169/272\n|-damage|p2a: Rillaboom|42/288|[from] item: Life Orb\n|move|p1a: Iron Crown|Tachyon Cutter|p2a: Rillaboom\n|-damage|p2a: Rillaboom|0 fnt\n|faint|p2a: Rillaboom\n|-hitcount|p2: Rillaboom|1\n|\n|-heal|p1a: Iron Crown|186/272|[from] Grassy Terrain\n|-heal|p1a: Iron Crown|203/272|[from] item: Leftovers\n|-fieldend|move: Grassy Terrain\n|upkeep\n|\n|t:|1714351245\n|switch|p2a: Dudunsparce|Dudunsparce-Three-Segment, L82, M|260/339\n|turn|39\n|\n|t:|1714351261\n|-end|p1a: Iron Crown|Quark Drive|[silent]\n|switch|p1a: Empoleon|Empoleon, L84, M|260/278 par\n|move|p2a: Dudunsparce|Glare|p1a: Empoleon\n|-fail|p1a: Empoleon|par\n|\n|-heal|p2a: Dudunsparce|281/339|[from] item: Leftovers\n|-heal|p1a: Empoleon|277/278 par|[from] item: Leftovers\n|upkeep\n|turn|40\n|\n|t:|1714351269\n|move|p2a: Dudunsparce|Earthquake|p1a: Empoleon\n|-supereffective|p1a: Empoleon\n|-damage|p1a: Empoleon|137/278 par\n|move|p1a: Empoleon|Surf|p2a: Dudunsparce\n|-damage|p2a: Dudunsparce|149/339\n|\n|-heal|p2a: Dudunsparce|170/339|[from] item: Leftovers\n|-heal|p1a: Empoleon|154/278 par|[from] item: Leftovers\n|upkeep\n|turn|41\n|\n|t:|1714351274\n|move|p2a: Dudunsparce|Roost|p2a: Dudunsparce\n|-heal|p2a: Dudunsparce|339/339\n|-singleturn|p2a: Dudunsparce|move: Roost\n|cant|p1a: Empoleon|par\n|\n|-heal|p1a: Empoleon|171/278 par|[from] item: Leftovers\n|upkeep\n|turn|42\n|\n|t:|1714351280\n|switch|p1a: Cresselia|Cresselia, L80, F|323/323\n|move|p2a: Dudunsparce|Headbutt|p1a: Cresselia\n|-damage|p1a: Cresselia|254/323\n|\n|-heal|p1a: Cresselia|274/323|[from] item: Leftovers\n|upkeep\n|turn|43\n|\n|t:|1714351282\n|switch|p1a: Empoleon|Empoleon, L84, M|171/278 par\n|move|p2a: Dudunsparce|Glare|p1a: Empoleon\n|-fail|p1a: Empoleon|par\n|\n|-heal|p1a: Empoleon|188/278 par|[from] item: Leftovers\n|upkeep\n|turn|44\n|\n|t:|1714351287\n|move|p2a: Dudunsparce|Headbutt|p1a: Empoleon\n|-resisted|p1a: Empoleon\n|-damage|p1a: Empoleon|152/278 par\n|cant|p1a: Empoleon|par\n|\n|-heal|p1a: Empoleon|169/278 par|[from] item: Leftovers\n|upkeep\n|turn|45\n|\n|t:|1714351290\n|move|p2a: Dudunsparce|Headbutt|p1a: Empoleon\n|-resisted|p1a: Empoleon\n|-damage|p1a: Empoleon|130/278 par\n|cant|p1a: Empoleon|flinch\n|\n|-heal|p1a: Empoleon|147/278 par|[from] item: Leftovers\n|upkeep\n|turn|46\n|\n|t:|1714351294\n|switch|p1a: Cresselia|Cresselia, L80, F|274/323\n|move|p2a: Dudunsparce|Headbutt|p1a: Cresselia\n|-damage|p1a: Cresselia|208/323\n|\n|-heal|p1a: Cresselia|228/323|[from] item: Leftovers\n|upkeep\n|turn|47\n|\n|t:|1714351303\n|switch|p1a: Empoleon|Empoleon, L84, M|147/278 par\n|move|p2a: Dudunsparce|Headbutt|p1a: Empoleon\n|-resisted|p1a: Empoleon\n|-damage|p1a: Empoleon|110/278 par\n|\n|-heal|p1a: Empoleon|127/278 par|[from] item: Leftovers\n|upkeep\n|turn|48\n|\n|t:|1714351307\n|switch|p1a: Cresselia|Cresselia, L80, F|228/323\n|move|p2a: Dudunsparce|Headbutt|p1a: Cresselia\n|-damage|p1a: Cresselia|164/323\n|\n|-heal|p1a: Cresselia|184/323|[from] item: Leftovers\n|upkeep\n|turn|49\n|\n|t:|1714351311\n|move|p1a: Cresselia|Moonlight|p1a: Cresselia\n|-heal|p1a: Cresselia|323/323\n|move|p2a: Dudunsparce|Glare|p1a: Cresselia\n|-status|p1a: Cresselia|par\n|\n|upkeep\n|turn|50\n|j| oaklies\n|\n|t:|1714351317\n|move|p2a: Dudunsparce|Headbutt|p1a: Cresselia\n|-damage|p1a: Cresselia|262/323 par\n|move|p1a: Cresselia|Calm Mind|p1a: Cresselia\n|-boost|p1a: Cresselia|spa|1\n|-boost|p1a: Cresselia|spd|1\n|\n|-heal|p1a: Cresselia|282/323 par|[from] item: Leftovers\n|upkeep\n|turn|51\n|\n|t:|1714351320\n|move|p2a: Dudunsparce|Headbutt|p1a: Cresselia\n|-damage|p1a: Cresselia|215/323 par\n|move|p1a: Cresselia|Psyshock|p2a: Dudunsparce\n|-damage|p2a: Dudunsparce|225/339\n|\n|-heal|p2a: Dudunsparce|246/339|[from] item: Leftovers\n|-heal|p1a: Cresselia|235/323 par|[from] item: Leftovers\n|upkeep\n|turn|52\n|\n|t:|1714351324\n|move|p2a: Dudunsparce|Headbutt|p1a: Cresselia\n|-damage|p1a: Cresselia|174/323 par\n|move|p1a: Cresselia|Psyshock|p2a: Dudunsparce\n|-damage|p2a: Dudunsparce|146/339\n|\n|-heal|p2a: Dudunsparce|167/339|[from] item: Leftovers\n|-heal|p1a: Cresselia|194/323 par|[from] item: Leftovers\n|upkeep\n|turn|53\n|\n|t:|1714351327\n|move|p2a: Dudunsparce|Headbutt|p1a: Cresselia\n|-damage|p1a: Cresselia|128/323 par\n|move|p1a: Cresselia|Moonlight|p1a: Cresselia\n|-heal|p1a: Cresselia|289/323 par\n|\n|-heal|p2a: Dudunsparce|188/339|[from] item: Leftovers\n|-heal|p1a: Cresselia|309/323 par|[from] item: Leftovers\n|upkeep\n|turn|54\n|c|\u2606pokeblade\u2606101|defective\n|\n|t:|1714351336\n|move|p2a: Dudunsparce|Headbutt|p1a: Cresselia\n|-damage|p1a: Cresselia|243/323 par\n|cant|p1a: Cresselia|par\n|\n|-heal|p2a: Dudunsparce|209/339|[from] item: Leftovers\n|-heal|p1a: Cresselia|263/323 par|[from] item: Leftovers\n|upkeep\n|turn|55\n|\n|t:|1714351339\n|switch|p1a: Empoleon|Empoleon, L84, M|127/278 par\n|move|p2a: Dudunsparce|Headbutt|p1a: Empoleon\n|-resisted|p1a: Empoleon\n|-damage|p1a: Empoleon|91/278 par\n|\n|-heal|p2a: Dudunsparce|230/339|[from] item: Leftovers\n|-heal|p1a: Empoleon|108/278 par|[from] item: Leftovers\n|upkeep\n|turn|56\n|\n|t:|1714351343\n|switch|p1a: Cresselia|Cresselia, L80, F|263/323 par\n|move|p2a: Dudunsparce|Earthquake|p1a: Cresselia\n|-immune|p1a: Cresselia|[from] ability: Levitate\n|\n|-heal|p2a: Dudunsparce|251/339|[from] item: Leftovers\n|-heal|p1a: Cresselia|283/323 par|[from] item: Leftovers\n|upkeep\n|turn|57\n|\n|t:|1714351346\n|switch|p1a: Empoleon|Empoleon, L84, M|108/278 par\n|move|p2a: Dudunsparce|Headbutt|p1a: Empoleon\n|-resisted|p1a: Empoleon\n|-damage|p1a: Empoleon|74/278 par\n|\n|-heal|p2a: Dudunsparce|272/339|[from] item: Leftovers\n|-heal|p1a: Empoleon|91/278 par|[from] item: Leftovers\n|upkeep\n|turn|58\n|\n|t:|1714351352\n|switch|p1a: Cresselia|Cresselia, L80, F|283/323 par\n|move|p2a: Dudunsparce|Earthquake|p1a: Cresselia\n|-immune|p1a: Cresselia|[from] ability: Levitate\n|\n|-heal|p2a: Dudunsparce|293/339|[from] item: Leftovers\n|-heal|p1a: Cresselia|303/323 par|[from] item: Leftovers\n|upkeep\n|turn|59\n|\n|t:|1714351356\n|move|p2a: Dudunsparce|Earthquake|p1a: Cresselia\n|-immune|p1a: Cresselia|[from] ability: Levitate\n|cant|p1a: Cresselia|par\n|\n|-heal|p2a: Dudunsparce|314/339|[from] item: Leftovers\n|-heal|p1a: Cresselia|323/323 par|[from] item: Leftovers\n|upkeep\n|turn|60\n|\n|t:|1714351359\n|move|p2a: Dudunsparce|Headbutt|p1a: Cresselia\n|-damage|p1a: Cresselia|262/323 par\n|cant|p1a: Cresselia|flinch\n|\n|-heal|p2a: Dudunsparce|335/339|[from] item: Leftovers\n|-heal|p1a: Cresselia|282/323 par|[from] item: Leftovers\n|upkeep\n|turn|61\n|\n|t:|1714351361\n|move|p2a: Dudunsparce|Headbutt|p1a: Cresselia\n|-damage|p1a: Cresselia|218/323 par\n|move|p1a: Cresselia|Calm Mind|p1a: Cresselia\n|-boost|p1a: Cresselia|spa|1\n|-boost|p1a: Cresselia|spd|1\n|\n|-heal|p2a: Dudunsparce|339/339|[from] item: Leftovers\n|-heal|p1a: Cresselia|238/323 par|[from] item: Leftovers\n|upkeep\n|turn|62\n|\n|t:|1714351363\n|move|p2a: Dudunsparce|Headbutt|p1a: Cresselia\n|-damage|p1a: Cresselia|178/323 par\n|cant|p1a: Cresselia|flinch\n|\n|-heal|p1a: Cresselia|198/323 par|[from] item: Leftovers\n|upkeep\n|turn|63\n|\n|t:|1714351365\n|move|p2a: Dudunsparce|Headbutt|p1a: Cresselia\n|-damage|p1a: Cresselia|132/323 par\n|cant|p1a: Cresselia|flinch\n|\n|-heal|p1a: Cresselia|152/323 par|[from] item: Leftovers\n|upkeep\n|turn|64\n|\n|t:|1714351368\n|move|p2a: Dudunsparce|Headbutt|p1a: Cresselia\n|-damage|p1a: Cresselia|86/323 par\n|move|p1a: Cresselia|Moonlight|p1a: Cresselia\n|-heal|p1a: Cresselia|247/323 par\n|\n|-heal|p1a: Cresselia|267/323 par|[from] item: Leftovers\n|upkeep\n|turn|65\n|\n|t:|1714351376\n|move|p2a: Dudunsparce|Headbutt|p1a: Cresselia\n|-crit|p1a: Cresselia\n|-damage|p1a: Cresselia|167/323 par\n|cant|p1a: Cresselia|par\n|\n|-heal|p1a: Cresselia|187/323 par|[from] item: Leftovers\n|upkeep\n|turn|66\n|\n|t:|1714351378\n|move|p2a: Dudunsparce|Headbutt|p1a: Cresselia\n|-damage|p1a: Cresselia|117/323 par\n|cant|p1a: Cresselia|flinch\n|\n|-heal|p1a: Cresselia|137/323 par|[from] item: Leftovers\n|upkeep\n|turn|67\n|\n|t:|1714351381\n|switch|p1a: Empoleon|Empoleon, L84, M|91/278 par\n|move|p2a: Dudunsparce|Headbutt|p1a: Empoleon\n|-resisted|p1a: Empoleon\n|-damage|p1a: Empoleon|55/278 par\n|\n|-heal|p1a: Empoleon|72/278 par|[from] item: Leftovers\n|upkeep\n|turn|68\n|\n|t:|1714351387\n|switch|p2a: Slowking|Slowking-Galar, L85, F|259/300\n|switch|p1a: Cresselia|Cresselia, L80, F|137/323 par\n|\n|-heal|p1a: Cresselia|157/323 par|[from] item: Leftovers\n|upkeep\n|turn|69\n|\n|t:|1714351389\n|move|p2a: Slowking|Psychic Noise|p1a: Cresselia\n|-resisted|p1a: Cresselia\n|-damage|p1a: Cresselia|118/323 par\n|-start|p1a: Cresselia|move: Heal Block\n|cant|p1a: Cresselia|move: Heal Block|Moonlight\n|\n|upkeep\n|turn|70\n|\n|t:|1714351398\n|switch|p1a: Iron Crown|Iron Crown, L79|203/272\n|move|p2a: Slowking|Sludge Bomb|p1a: Iron Crown\n|-immune|p1a: Iron Crown\n|\n|-heal|p1a: Iron Crown|220/272|[from] item: Leftovers\n|upkeep\n|turn|71\n|\n|t:|1714351402\n|switch|p2a: Alcremie|Alcremie-Rainbow-Swirl, L90, F|263/263\n|move|p1a: Iron Crown|Calm Mind|p1a: Iron Crown\n|-boost|p1a: Iron Crown|spa|1\n|-boost|p1a: Iron Crown|spd|1\n|\n|-heal|p1a: Iron Crown|237/272|[from] item: Leftovers\n|upkeep\n|turn|72\n|\n|t:|1714351404\n|-terastallize|p2a: Alcremie|Ground\n|move|p1a: Iron Crown|Tachyon Cutter|p2a: Alcremie\n|-damage|p2a: Alcremie|203/263\n|-damage|p2a: Alcremie|145/263\n|-hitcount|p2a: Alcremie|2\n|move|p2a: Alcremie|Tera Blast|p1a: Iron Crown|[anim] Tera Blast Ground\n|-supereffective|p1a: Iron Crown\n|-damage|p1a: Iron Crown|97/272\n|\n|-heal|p1a: Iron Crown|114/272|[from] item: Leftovers\n|-heal|p2a: Alcremie|161/263|[from] item: Leftovers\n|upkeep\n|turn|73\n|\n|t:|1714351411\n|move|p1a: Iron Crown|Calm Mind|p1a: Iron Crown\n|-boost|p1a: Iron Crown|spa|1\n|-boost|p1a: Iron Crown|spd|1\n|move|p2a: Alcremie|Tera Blast|p1a: Iron Crown|[anim] Tera Blast Ground\n|-supereffective|p1a: Iron Crown\n|-damage|p1a: Iron Crown|6/272\n|\n|-heal|p1a: Iron Crown|23/272|[from] item: Leftovers\n|-heal|p2a: Alcremie|177/263|[from] item: Leftovers\n|upkeep\n|turn|74\n|\n|t:|1714351418\n|move|p1a: Iron Crown|Psyshock|p2a: Alcremie\n|-crit|p2a: Alcremie\n|-damage|p2a: Alcremie|0 fnt\n|faint|p2a: Alcremie\n|\n|-heal|p1a: Iron Crown|40/272|[from] item: Leftovers\n|upkeep\n|\n|t:|1714351420\n|switch|p2a: Dudunsparce|Dudunsparce-Three-Segment, L82, M|339/339\n|turn|75\n|\n|t:|1714351431\n|move|p1a: Iron Crown|Focus Blast|p2a: Dudunsparce\n|-supereffective|p2a: Dudunsparce\n|-damage|p2a: Dudunsparce|0 fnt\n|faint|p2a: Dudunsparce\n|\n|-heal|p1a: Iron Crown|57/272|[from] item: Leftovers\n|upkeep\n|c|\u2606MichaelderBeste2|yea\n|c|\u2606MichaelderBeste2|dudunsparce sucks\n|c|\u2606MichaelderBeste2|gg\n|-message|MichaelderBeste2 forfeited.\n|\n|win|pokeblade\u2606101\n|raw|pokeblade\u2606101's rating: 2437 &rarr; <strong>2460</strong><br />(+23 for winning)\n|raw|MichaelderBeste2's rating: 2495 &rarr; <strong>2472</strong><br />(-23 for losing)\n|c|\u2606pokeblade\u2606101|yeah i dont think that set is worth lol\n", "inputlog": ">version b84337b8f7878220839aa0c41b4e8e9021e31424\n>start {\"formatid\":\"gen9randombattle\",\"seed\":[56530,22505,16805,55769],\"rated\":\"Rated battle\"}\n>player p1 {\"name\":\"pokeblade\u2606101\",\"avatar\":\"#rbtt7teamchiyu\",\"rating\":2437,\"seed\":[25504,4458,12041,39297]}\n>player p2 {\"name\":\"MichaelderBeste2\",\"avatar\":\"#rbtt7teamdarkrai\",\"rating\":2495,\"seed\":[6113,30461,36725,45324]}\n>p1 switch 4\n>p2 switch 4\n>p1 move knockoff\n>p2 switch 5\n>p1 switch 2\n>p2 move leechseed\n>p1 move stealthrock\n>p2 move gigadrain\n>p1 move roost\n>p2 move gigadrain\n>p1 switch 4\n>p2 switch 5\n>p1 switch 2\n>p2 move rapidspin\n>p1 move gunkshot\n>p2 move protect\n>p1 move gunkshot\n>p2 switch 6\n>p1 move gunkshot\n>p2 move futuresight\n>p1 switch 4\n>p2 move icebeam\n>p1 move flipturn\n>p2 switch 4\n>p1 switch 4\n>p1 move gunkshot\n>p2 switch 5\n>p1 move gunkshot terastallize\n>p2 move gigadrain\n>p2 switch 2\n>p1 switch 6\n>p2 move glare\n>p1 move voltswitch\n>p2 move glare\n>p1 switch 4\n>p1 move stealthrock\n>p2 move earthquake\n>p1 move roost\n>p2 move earthquake\n>p1 move roost\n>p2 move earthquake\n>p1 move flipturn\n>p2 move earthquake\n>p1 switch 2\n>p1 switch 4\n>p2 move glare\n>p1 move wildcharge\n>p2 move earthquake\n>p1 move wildcharge\n>p2 move roost\n>p1 move wildcharge\n>p2 move roost\n>p1 move voltswitch\n>p2 move roost\n>p1 switch 4\n>p1 switch 4\n>p2 move glare\n>p1 move voltswitch\n>p2 move earthquake\n>p1 switch 2\n>p1 move roost\n>p2 switch 6\n>p1 move surf\n>p2 move rapidspin\n>p1 switch 6\n>p2 move aurawheel\n>p1 move knockoff\n>p2 move protect\n>p1 move knockoff\n>p2 move aurawheel\n>p1 move knockoff\n>p2 move aurawheel\n>p2 switch 5\n>p1 switch 4\n>p2 move swordsdance\n>p1 switch 2\n>p2 move highhorsepower\n>p1 switch 3\n>p1 move dracometeor\n>p2 move swordsdance\n>p1 switch 4\n>p2 move grassyglide\n>p1 switch 2\n>p1 move tachyoncutter\n>p2 move grassyglide\n>p2 switch 6\n>p1 switch 6\n>p2 move glare\n>p1 move surf\n>p2 move earthquake\n>p1 move stealthrock\n>p2 move roost\n>p1 switch 5\n>p2 move headbutt\n>p1 switch 5\n>p2 move glare\n>p1 move roost\n>p2 move headbutt\n>p1 move roost\n>p2 move headbutt\n>p1 switch 5\n>p2 move headbutt\n>p1 switch 5\n>p2 move headbutt\n>p1 switch 5\n>p2 move headbutt\n>p1 move moonlight\n>p2 move glare\n>p1 move calmmind\n>p2 move headbutt\n>p1 move psyshock\n>p2 move headbutt\n>p1 move psyshock\n>p2 move headbutt\n>p1 move moonlight\n>p2 move headbutt\n>chat \u2606pokeblade\u2606101|defective\n>p1 move psyshock\n>p2 move headbutt\n>p1 switch 5\n>p2 move headbutt\n>p1 switch 5\n>p2 move earthquake\n>p1 switch 5\n>p2 move headbutt\n>p1 switch 5\n>p2 move earthquake\n>p1 move calmmind\n>p2 move earthquake\n>p1 move calmmind\n>p2 move headbutt\n>p1 move calmmind\n>p2 move headbutt\n>p1 move moonlight\n>p2 move headbutt\n>p1 move moonlight\n>p2 move headbutt\n>p1 move moonlight\n>p2 move headbutt\n>p1 move moonlight\n>p2 move headbutt\n>p1 move moonlight\n>p2 move headbutt\n>p1 switch 5\n>p2 move headbutt\n>p1 switch 5\n>p2 switch 4\n>p1 move moonlight\n>p2 move psychicnoise\n>p1 switch 6\n>p2 move sludgebomb\n>p1 move calmmind\n>p2 switch 3\n>p1 move tachyoncutter\n>p2 move terablast terastallize\n>p1 move calmmind\n>p2 move terablast\n>p1 move psyshock\n>p2 move terablast\n>p2 switch 4\n>p1 move focusblast\n>p2 move earthquake\n>chat \u2606MichaelderBeste2|yea\n>chat \u2606MichaelderBeste2|dudunsparce sucks\n>chat \u2606MichaelderBeste2|gg\n>forcelose p2", "uploadtime": 1714351452, "views": 317, "formatid": "gen9randombattle", "rating": 2460, "private": 0, "password": null}