{"id": "gen9randombattle-2235799731", "format": "[Gen 9] Random Battle", "players": ["Node", "rl4tt"], "log": "|badge|p1|silver|gen9randombattle|30-3\n|uhtml|medal-msg|<div class=\"broadcast-blue\">Curious what those medals under the avatar are? PS now has Ladder Seasons! For more information, check out the <a href=\"https://www.smogon.com/forums/threads/3740067/\">thread on Smogon.</a></div>\n|badge|p2|silver|gen9randombattle|30-3\n|uhtml|medal-msg|<div class=\"broadcast-blue\">Curious what those medals under the avatar are? PS now has Ladder Seasons! For more information, check out the <a href=\"https://www.smogon.com/forums/threads/3740067/\">thread on Smogon.</a></div>\n|raw|<div class=\"broadcast-blue\"><strong>This battle is required to be public due to a player having a name starting with 'rl4t'.</div>\n|j|\u2606Node\n|j|\u2606rl4tt\n|t:|1730522241\n|gametype|singles\n|player|p1|Node|#agplviblackpink|2413\n|player|p2|rl4tt|102|2465\n|teamsize|p1|6\n|teamsize|p2|6\n|gen|9\n|tier|[Gen 9] Random Battle\n|rated|\n|rule|Species Clause: Limit one of each Pok\u00e9mon\n|rule|HP Percentage Mod: HP is shown in percentages\n|rule|Sleep Clause Mod: Limit one foe put to sleep\n|rule|Illusion Level Mod: Illusion disguises the Pok\u00e9mon's true level\n|\n|t:|1730522241\n|start\n|switch|p1a: Dodrio|Dodrio, L86, F|243/243\n|switch|p2a: Tyranitar|Tyranitar, L79, M|288/288\n|-weather|Sandstorm|[from] ability: Sand Stream|[of] p2a: Tyranitar\n|turn|1\n|inactive|Battle timer is ON: inactive players will automatically lose when time's up. (requested by rl4tt)\n|\n|t:|1730522266\n|-terastallize|p1a: Dodrio|Ground\n|move|p1a: Dodrio|Swords Dance|p1a: Dodrio\n|-boost|p1a: Dodrio|atk|2\n|move|p2a: Tyranitar|Knock Off|p1a: Dodrio\n|-damage|p1a: Dodrio|101/243\n|-enditem|p1a: Dodrio|Heavy-Duty Boots|[from] move: Knock Off|[of] p2a: Tyranitar\n|\n|-weather|Sandstorm|[upkeep]\n|upkeep\n|turn|2\n|inactive|rl4tt has 120 seconds left.\n|\n|t:|1730522324\n|switch|p2a: Rabsca|Rabsca, L91, M|284/284\n|move|p1a: Dodrio|Drill Run|p2a: Rabsca\n|-resisted|p2a: Rabsca\n|-damage|p2a: Rabsca|200/284\n|\n|-weather|Sandstorm|[upkeep]\n|-damage|p2a: Rabsca|183/284|[from] Sandstorm\n|upkeep\n|turn|3\n|\n|t:|1730522333\n|move|p1a: Dodrio|Brave Bird|p2a: Rabsca\n|-supereffective|p2a: Rabsca\n|-crit|p2a: Rabsca\n|-damage|p2a: Rabsca|0 fnt\n|faint|p2a: Rabsca\n|-damage|p1a: Dodrio|41/243|[from] Recoil\n|\n|-weather|Sandstorm|[upkeep]\n|upkeep\n|\n|t:|1730522340\n|switch|p2a: Banette|Banette, L93, F|270/270\n|turn|4\n|\n|t:|1730522366\n|switch|p1a: Regigigas|Regigigas, L84|322/322\n|-start|p1a: Regigigas|ability: Slow Start\n|move|p2a: Banette|Shadow Sneak|p1a: Regigigas\n|-immune|p1a: Regigigas\n|\n|-weather|Sandstorm|[upkeep]\n|-damage|p2a: Banette|254/270|[from] Sandstorm\n|-damage|p1a: Regigigas|302/322|[from] Sandstorm\n|-heal|p1a: Regigigas|322/322|[from] item: Leftovers\n|upkeep\n|turn|5\n|\n|t:|1730522377\n|move|p2a: Banette|Thunder Wave|p1a: Regigigas\n|-status|p1a: Regigigas|par\n|move|p1a: Regigigas|Knock Off|p2a: Banette\n|-supereffective|p2a: Banette\n|-damage|p2a: Banette|140/270\n|-enditem|p2a: Banette|Life Orb|[from] move: Knock Off|[of] p1a: Regigigas\n|\n|-weather|none\n|upkeep\n|turn|6\n|\n|t:|1730522389\n|switch|p2a: Tyranitar|Tyranitar, L79, M|288/288\n|-weather|Sandstorm|[from] ability: Sand Stream|[of] p2a: Tyranitar\n|cant|p1a: Regigigas|par\n|\n|-weather|Sandstorm|[upkeep]\n|-damage|p1a: Regigigas|302/322 par|[from] Sandstorm\n|-heal|p1a: Regigigas|322/322 par|[from] item: Leftovers\n|upkeep\n|turn|7\n|\n|t:|1730522397\n|-end|p1a: Regigigas|Slow Start|[silent]\n|switch|p1a: Iron Valiant|Iron Valiant, L78|244/244\n|move|p2a: Tyranitar|Knock Off|p1a: Iron Valiant\n|-resisted|p1a: Iron Valiant\n|-crit|p1a: Iron Valiant\n|-damage|p1a: Iron Valiant|201/244\n|-enditem|p1a: Iron Valiant|Life Orb|[from] move: Knock Off|[of] p2a: Tyranitar\n|\n|-weather|Sandstorm|[upkeep]\n|-damage|p1a: Iron Valiant|186/244|[from] Sandstorm\n|upkeep\n|turn|8\n|inactive|rl4tt has 120 seconds left.\n|inactive|rl4tt has 90 seconds left.\n|\n|t:|1730522448\n|switch|p2a: Toedscruel|Toedscruel, L87, M|281/281\n|move|p1a: Iron Valiant|Close Combat|p2a: Toedscruel\n|-damage|p2a: Toedscruel|112/281\n|-unboost|p1a: Iron Valiant|def|1\n|-unboost|p1a: Iron Valiant|spd|1\n|\n|-weather|Sandstorm|[upkeep]\n|-damage|p1a: Iron Valiant|171/244|[from] Sandstorm\n|-heal|p2a: Toedscruel|129/281|[from] item: Leftovers\n|upkeep\n|turn|9\n|\n|t:|1730522456\n|switch|p2a: Banette|Banette, L93, F|140/270\n|move|p1a: Iron Valiant|Close Combat|p2a: Banette\n|-immune|p2a: Banette\n|\n|-weather|Sandstorm|[upkeep]\n|-damage|p1a: Iron Valiant|156/244|[from] Sandstorm\n|-damage|p2a: Banette|124/270|[from] Sandstorm\n|upkeep\n|turn|10\n|inactive|Node has 120 seconds left.\n|\n|t:|1730522500\n|move|p1a: Iron Valiant|Knock Off|p2a: Banette\n|-supereffective|p2a: Banette\n|-crit|p2a: Banette\n|-damage|p2a: Banette|0 fnt\n|faint|p2a: Banette\n|\n|-weather|none\n|upkeep\n|inactive|rl4tt has 60 seconds left.\n|\n|t:|1730522526\n|switch|p2a: Koraidon|Koraidon, L64|235/235\n|-weather|SunnyDay|[from] ability: Orichalcum Pulse|[of] p2a: Koraidon\n|-activate|p2a: Koraidon|Orichalcum Pulse|[source]\n|turn|11\n|inactive|Node has 120 seconds left.\n|inactive|rl4tt has 60 seconds left.\n|inactive|Node has 90 seconds left.\n|\n|t:|1730522564\n|move|p1a: Iron Valiant|Close Combat|p2a: Koraidon\n|-damage|p2a: Koraidon|82/235\n|-unboost|p1a: Iron Valiant|def|1\n|-unboost|p1a: Iron Valiant|spd|1\n|move|p2a: Koraidon|Scale Shot|p1a: Iron Valiant\n|-immune|p1a: Iron Valiant\n|\n|-weather|SunnyDay|[upkeep]\n|upkeep\n|turn|12\n|-message|rl4tt forfeited.\n|\n|win|Node\n|raw|Node's rating: 2413 &rarr; <strong>2436</strong><br />(+23 for winning)\n|raw|rl4tt's rating: 2465 &rarr; <strong>2442</strong><br />(-23 for losing)\n|l|\u2606rl4tt\n|player|p2|\n", "inputlog": ">version 138b9afab342d6be526a5f7547ee3b0f4e63f024\n>start {\"formatid\":\"gen9randombattle\",\"seed\":[50040,7554,22613,40593],\"rated\":\"Rated battle\"}\n>player p1 {\"name\":\"Node\",\"avatar\":\"#agplviblackpink\",\"rating\":2413,\"seed\":[55657,18098,17637,2618]}\n>player p2 {\"name\":\"rl4tt\",\"avatar\":\"102\",\"rating\":2465,\"seed\":[16412,50495,9870,3991]}\n>p1 move swordsdance terastallize\n>p2 move knockoff\n>p1 move drillrun\n>p2 switch 2\n>p1 move bravebird\n>p2 move psychic\n>p2 switch 6\n>p1 switch 5\n>p2 move shadowsneak\n>p1 move knockoff\n>p2 move thunderwave\n>p1 move knockoff\n>p2 switch 2\n>p1 switch 6\n>p2 move knockoff\n>p1 move closecombat\n>p2 switch 3\n>p1 move closecombat\n>p2 switch 2\n>p1 move knockoff\n>p2 move gunkshot\n>p2 switch 5\n>p1 move closecombat\n>p2 move scaleshot\n>forcelose p2", "uploadtime": 1730522583, "views": 41, "formatid": "gen9randombattle", "rating": 2436, "private": 0, "password": null}