{"id": "gen9randombattle-2260902291", "format": "[Gen 9] Random Battle", "players": ["Gaymannnn", "Faleno"], "log": "|j|\u2606Gaymannnn\n|j|\u2606Faleno\n|t:|1733913823\n|gametype|singles\n|player|p1|Gaymannnn|169|\n|player|p2|Faleno|burgh|\n|teamsize|p1|6\n|teamsize|p2|6\n|gen|9\n|tier|[Gen 9] Random Battle\n|rule|Species Clause: Limit one of each Pok\u00e9mon\n|rule|HP Percentage Mod: HP is shown in percentages\n|rule|Sleep Clause Mod: Limit one foe put to sleep\n|rule|Illusion Level Mod: Illusion disguises the Pok\u00e9mon's true level\n|\n|t:|1733913823\n|start\n|switch|p1a: Vileplume|Vileplume, L85, M|266/266\n|switch|p2a: Chansey|Chansey, L85, F|564/564\n|turn|1\n|inactive|Battle timer is ON: inactive players will automatically lose when time's up. (requested by Faleno)\n|\n|t:|1733913841\n|switch|p2a: Medicham|Medicham, L86, F|243/243\n|move|p1a: Vileplume|Sludge Bomb|p2a: Medicham\n|-damage|p2a: Medicham|113/243\n|\n|upkeep\n|turn|2\n|\n|t:|1733913860\n|move|p2a: Medicham|Zen Headbutt|p1a: Vileplume|[miss]\n|-miss|p2a: Medicham|p1a: Vileplume\n|move|p1a: Vileplume|Giga Drain|p2a: Medicham\n|-damage|p2a: Medicham|4/243\n|\n|upkeep\n|turn|3\n|\n|t:|1733913869\n|move|p2a: Medicham|Zen Headbutt|p1a: Vileplume\n|-supereffective|p1a: Vileplume\n|-damage|p1a: Vileplume|8/266\n|-status|p2a: Medicham|par|[from] ability: Effect Spore|[of] p1a: Vileplume\n|move|p1a: Vileplume|Sludge Bomb|p2a: Medicham\n|-damage|p2a: Medicham|0 fnt\n|faint|p2a: Medicham\n|\n|-heal|p1a: Vileplume|24/266|[from] item: Leftovers\n|upkeep\n|\n|t:|1733913885\n|switch|p2a: Chansey|Chansey, L85, F|564/564\n|turn|4\n|\n|t:|1733913892\n|move|p2a: Chansey|Seismic Toss|p1a: Vileplume\n|-damage|p1a: Vileplume|0 fnt\n|faint|p1a: Vileplume\n|\n|upkeep\n|\n|t:|1733913905\n|switch|p1a: Meowscarada|Meowscarada, L78, F|247/247\n|turn|5\n|\n|t:|1733913912\n|move|p1a: Meowscarada|Flower Trick|p2a: Chansey\n|-start|p1a: Meowscarada|typechange|Grass|[from] ability: Protean\n|-crit|p2a: Chansey\n|-damage|p2a: Chansey|216/564\n|move|p2a: Chansey|Thunder Wave|p1a: Meowscarada\n|-status|p1a: Meowscarada|par\n|\n|upkeep\n|turn|6\n|\n|t:|1733913924\n|move|p2a: Chansey|Heal Bell||[still]\n|-activate|p2a: Chansey|move: Heal Bell\n|-fail|p2a: Chansey\n|move|p1a: Meowscarada|Flower Trick|p2a: Chansey\n|-crit|p2a: Chansey\n|-damage|p2a: Chansey|0 fnt\n|faint|p2a: Chansey\n|\n|upkeep\n|\n|t:|1733913937\n|switch|p2a: Iron Bundle|Iron Bundle, L77|213/213\n|turn|7\n|\n|t:|1733913946\n|switch|p1a: Dunsparce|Dunsparce, L86, F|312/312\n|move|p2a: Iron Bundle|Ice Beam|p1a: Dunsparce\n|-damage|p1a: Dunsparce|225/312\n|-status|p1a: Dunsparce|frz\n|\n|upkeep\n|turn|8\n|\n|t:|1733913961\n|move|p2a: Iron Bundle|Ice Beam|p1a: Dunsparce\n|-damage|p1a: Dunsparce|140/312 frz\n|cant|p1a: Dunsparce|frz\n|\n|upkeep\n|turn|9\n|\n|t:|1733913968\n|move|p2a: Iron Bundle|Ice Beam|p1a: Dunsparce\n|-damage|p1a: Dunsparce|67/312 frz\n|cant|p1a: Dunsparce|frz\n|\n|upkeep\n|turn|10\n|\n|t:|1733913973\n|move|p2a: Iron Bundle|Ice Beam|p1a: Dunsparce\n|-damage|p1a: Dunsparce|0 fnt\n|faint|p1a: Dunsparce\n|\n|upkeep\n|\n|t:|1733913986\n|switch|p1a: Palafin|Palafin, L77, F|281/281\n|turn|11\n|\n|t:|1733913994\n|move|p2a: Iron Bundle|Ice Beam|p1a: Palafin\n|-resisted|p1a: Palafin\n|-damage|p1a: Palafin|212/281\n|move|p1a: Palafin|Drain Punch|p2a: Iron Bundle\n|-supereffective|p2a: Iron Bundle\n|-damage|p2a: Iron Bundle|153/213\n|-heal|p1a: Palafin|242/281|[from] drain|[of] p2a: Iron Bundle\n|\n|-heal|p1a: Palafin|259/281|[from] item: Leftovers\n|upkeep\n|turn|12\n|\n|t:|1733914006\n|move|p2a: Iron Bundle|Ice Beam|p1a: Palafin\n|-resisted|p1a: Palafin\n|-damage|p1a: Palafin|191/281\n|move|p1a: Palafin|Drain Punch|p2a: Iron Bundle\n|-supereffective|p2a: Iron Bundle\n|-damage|p2a: Iron Bundle|87/213\n|-heal|p1a: Palafin|224/281|[from] drain|[of] p2a: Iron Bundle\n|\n|-heal|p1a: Palafin|241/281|[from] item: Leftovers\n|upkeep\n|turn|13\n|\n|t:|1733914017\n|move|p2a: Iron Bundle|Freeze-Dry|p1a: Palafin\n|-supereffective|p1a: Palafin\n|-damage|p1a: Palafin|43/281\n|move|p1a: Palafin|Bulk Up|p1a: Palafin\n|-boost|p1a: Palafin|atk|1\n|-boost|p1a: Palafin|def|1\n|\n|-heal|p1a: Palafin|60/281|[from] item: Leftovers\n|upkeep\n|turn|14\n|\n|t:|1733914031\n|move|p1a: Palafin|Jet Punch|p2a: Iron Bundle\n|-resisted|p2a: Iron Bundle\n|-damage|p2a: Iron Bundle|60/213\n|move|p2a: Iron Bundle|Freeze-Dry|p1a: Palafin\n|-supereffective|p1a: Palafin\n|-damage|p1a: Palafin|0 fnt\n|faint|p1a: Palafin\n|\n|upkeep\n|\n|t:|1733914038\n|switch|p1a: Chi-Yu|Chi-Yu, L77|211/211\n|-ability|p1a: Chi-Yu|Beads of Ruin\n|turn|15\n|\n|t:|1733914046\n|move|p1a: Chi-Yu|Dark Pulse|p2a: Iron Bundle\n|-damage|p2a: Iron Bundle|0 fnt\n|faint|p2a: Iron Bundle\n|-end|p2a: Iron Bundle|Quark Drive|[silent]\n|\n|upkeep\n|\n|t:|1733914052\n|switch|p2a: Vaporeon|Vaporeon, L86, F|364/364\n|turn|16\n|\n|t:|1733914060\n|-terastallize|p1a: Chi-Yu|Dark\n|move|p2a: Vaporeon|Protect|p2a: Vaporeon\n|-singleturn|p2a: Vaporeon|Protect\n|move|p1a: Chi-Yu|Dark Pulse|p2a: Vaporeon\n|-activate|p2a: Vaporeon|move: Protect\n|\n|upkeep\n|turn|17\n|\n|t:|1733914076\n|move|p1a: Chi-Yu|Dark Pulse|p2a: Vaporeon\n|-damage|p2a: Vaporeon|202/364\n|cant|p2a: Vaporeon|flinch\n|\n|-heal|p2a: Vaporeon|224/364|[from] item: Leftovers\n|upkeep\n|turn|18\n|\n|t:|1733914084\n|move|p1a: Chi-Yu|Dark Pulse|p2a: Vaporeon\n|-damage|p2a: Vaporeon|86/364\n|move|p2a: Vaporeon|Ice Beam|p1a: Chi-Yu\n|-damage|p1a: Chi-Yu|143/211\n|\n|-heal|p2a: Vaporeon|108/364|[from] item: Leftovers\n|upkeep\n|turn|19\n|\n|t:|1733914094\n|move|p1a: Chi-Yu|Dark Pulse|p2a: Vaporeon\n|-damage|p2a: Vaporeon|0 fnt\n|faint|p2a: Vaporeon\n|\n|upkeep\n|\n|t:|1733914102\n|switch|p2a: Vivillon|Vivillon-Tundra, L84, F|272/272\n|turn|20\n|\n|t:|1733914109\n|move|p1a: Chi-Yu|Dark Pulse|p2a: Vivillon\n|-damage|p2a: Vivillon|32/272\n|move|p2a: Vivillon|Sleep Powder|p1a: Chi-Yu\n|-status|p1a: Chi-Yu|slp|[from] move: Sleep Powder\n|\n|upkeep\n|turn|21\n|\n|t:|1733914117\n|cant|p1a: Chi-Yu|slp\n|move|p2a: Vivillon|Quiver Dance|p2a: Vivillon\n|-boost|p2a: Vivillon|spa|1\n|-boost|p2a: Vivillon|spd|1\n|-boost|p2a: Vivillon|spe|1\n|\n|upkeep\n|turn|22\n|\n|t:|1733914126\n|cant|p1a: Chi-Yu|slp\n|move|p2a: Vivillon|Quiver Dance|p2a: Vivillon\n|-boost|p2a: Vivillon|spa|1\n|-boost|p2a: Vivillon|spd|1\n|-boost|p2a: Vivillon|spe|1\n|\n|upkeep\n|turn|23\n|\n|t:|1733914133\n|move|p2a: Vivillon|Hurricane|p1a: Chi-Yu\n|-damage|p1a: Chi-Yu|0 fnt\n|faint|p1a: Chi-Yu\n|\n|upkeep\n|\n|t:|1733914139\n|switch|p1a: Skeledirge|Skeledirge, L79, M|294/294\n|turn|24\n|\n|t:|1733914150\n|move|p2a: Vivillon|Hurricane|p1a: Skeledirge\n|-damage|p1a: Skeledirge|171/294\n|move|p1a: Skeledirge|Torch Song|p2a: Vivillon\n|-supereffective|p2a: Vivillon\n|-damage|p2a: Vivillon|0 fnt\n|-boost|p1a: Skeledirge|spa|1\n|faint|p2a: Vivillon\n|\n|upkeep\n|\n|t:|1733914160\n|switch|p2a: Gouging Fire|Gouging Fire, L74|277/277\n|turn|25\n|\n|t:|1733914170\n|move|p2a: Gouging Fire|Dragon Dance|p2a: Gouging Fire\n|-boost|p2a: Gouging Fire|atk|1\n|-boost|p2a: Gouging Fire|spe|1\n|move|p1a: Skeledirge|Shadow Ball|p2a: Gouging Fire\n|-damage|p2a: Gouging Fire|154/277\n|\n|upkeep\n|turn|26\n|\n|t:|1733914178\n|move|p2a: Gouging Fire|Earthquake|p1a: Skeledirge\n|-supereffective|p1a: Skeledirge\n|-damage|p1a: Skeledirge|59/294\n|move|p1a: Skeledirge|Shadow Ball|p2a: Gouging Fire\n|-damage|p2a: Gouging Fire|27/277\n|\n|upkeep\n|turn|27\n|\n|t:|1733914186\n|move|p2a: Gouging Fire|Earthquake|p1a: Skeledirge\n|-supereffective|p1a: Skeledirge\n|-damage|p1a: Skeledirge|0 fnt\n|faint|p1a: Skeledirge\n|\n|upkeep\n|\n|t:|1733914191\n|switch|p1a: Meowscarada|Meowscarada, L78, F|247/247 par\n|turn|28\n|\n|t:|1733914197\n|move|p2a: Gouging Fire|Heat Crash|p1a: Meowscarada\n|-supereffective|p1a: Meowscarada\n|-damage|p1a: Meowscarada|0 fnt\n|faint|p1a: Meowscarada\n|\n|win|Faleno\n", "inputlog": ">version bfd83cad13791eb5a5a409923076391caf6fb4d4\n>start {\"formatid\":\"gen9randombattle\",\"seed\":[64609,49748,56788,60089]}\n>player p1 {\"name\":\"Gaymannnn\",\"avatar\":\"169\",\"rating\":0,\"seed\":[20117,45053,43366,17947]}\n>player p2 {\"name\":\"Faleno\",\"avatar\":\"burgh\",\"rating\":0,\"seed\":[63156,62272,44913,30023]}\n>p1 move sludgebomb\n>p2 switch 6\n>p1 move gigadrain\n>p2 move zenheadbutt\n>p1 move sludgebomb\n>p2 move zenheadbutt\n>p2 switch 6\n>p1 move gigadrain\n>p2 move seismictoss\n>p1 switch 4\n>p1 move flowertrick\n>p2 move thunderwave\n>p1 move flowertrick\n>p2 move healbell\n>p2 switch 5\n>p1 switch 3\n>p2 move icebeam\n>p1 move roost\n>p2 move icebeam\n>p1 move roost\n>p2 move icebeam\n>p1 move roost\n>p2 move icebeam\n>p1 switch 6\n>p1 move drainpunch\n>p2 move icebeam\n>p1 move drainpunch\n>p2 move icebeam\n>p1 move bulkup\n>p2 move freezedry\n>p1 move jetpunch\n>p2 move freezedry\n>p1 switch 5\n>p1 move darkpulse\n>p2 move hydropump\n>p2 switch 3\n>p1 move darkpulse terastallize\n>p2 move protect\n>p1 move darkpulse\n>p2 move icebeam\n>p1 move darkpulse\n>p2 move icebeam\n>p1 move darkpulse\n>p2 move scald\n>p2 switch 2\n>p1 move darkpulse\n>p2 move sleeppowder\n>p1 move darkpulse\n>p2 move quiverdance\n>p1 move darkpulse\n>p2 move quiverdance\n>p1 move darkpulse\n>p2 move hurricane\n>p1 switch 2\n>p1 move torchsong\n>p2 move hurricane\n>p2 switch 4\n>p1 move shadowball\n>p2 move dragondance\n>p1 move shadowball\n>p2 move earthquake\n>p1 move slackoff\n>p2 move earthquake\n>p1 switch 3\n>p1 move knockoff\n>p2 move heatcrash", "uploadtime": 1733914202, "views": 1, "formatid": "gen9randombattle", "rating": null, "private": 0, "password": null}