{"id": "gen9randombattle-2145001042", "format": "[Gen 9] Random Battle", "players": ["who is to say", "TechBuster"], "log": "|j|\u2606who is to say\n|j|\u2606TechBuster\n|t:|1718637831\n|gametype|singles\n|player|p1|who is to say|101|2249\n|player|p2|TechBuster|cynthia|2280\n|teamsize|p1|6\n|teamsize|p2|6\n|gen|9\n|tier|[Gen 9] Random Battle\n|rated|\n|rule|Species Clause: Limit one of each Pok\u00e9mon\n|rule|HP Percentage Mod: HP is shown in percentages\n|rule|Sleep Clause Mod: Limit one foe put to sleep\n|rule|Illusion Level Mod: Illusion disguises the Pok\u00e9mon's true level\n|\n|t:|1718637831\n|start\n|switch|p1a: Skeledirge|Skeledirge, L79, F|294/294\n|switch|p2a: Iron Moth|Iron Moth, L78|253/253\n|turn|1\n|j| ugccff\n|\n|t:|1718637860\n|move|p2a: Iron Moth|U-turn|p1a: Skeledirge\n|-resisted|p1a: Skeledirge\n|-damage|p1a: Skeledirge|286/294\n|inactive|Battle timer is ON: inactive players will automatically lose when time's up. (requested by who is to say)\n|inactive|TechBuster has 120 seconds left.\n|j| Fillo_VCG\n|inactive|TechBuster has 90 seconds left.\n|\n|t:|1718637950\n|-end|p2a: Iron Moth|Quark Drive|[silent]\n|switch|p2a: Keldeo|Keldeo-Resolute, L79|273/273|[from] U-turn\n|move|p1a: Skeledirge|Hex|p2a: Keldeo\n|-damage|p2a: Keldeo|201/273\n|\n|-heal|p2a: Keldeo|218/273|[from] item: Leftovers\n|upkeep\n|turn|2\n|\n|t:|1718637962\n|switch|p1a: Toedscruel|Toedscruel, L87, F|281/281\n|move|p2a: Keldeo|Substitute|p2a: Keldeo\n|-start|p2a: Keldeo|Substitute\n|-damage|p2a: Keldeo|150/273\n|\n|-heal|p2a: Keldeo|167/273|[from] item: Leftovers\n|upkeep\n|turn|3\n|inactive|TechBuster has 120 seconds left.\n|\n|t:|1718637995\n|move|p1a: Toedscruel|Earth Power|p2a: Keldeo\n|-end|p2a: Keldeo|Substitute\n|move|p2a: Keldeo|Secret Sword|p1a: Toedscruel\n|-damage|p1a: Toedscruel|167/281\n|\n|-heal|p1a: Toedscruel|184/281|[from] item: Leftovers\n|-heal|p2a: Keldeo|184/273|[from] item: Leftovers\n|upkeep\n|turn|4\n|\n|t:|1718638011\n|switch|p2a: Altaria|Altaria, L88, F|275/275\n|move|p1a: Toedscruel|Earth Power|p2a: Altaria\n|-immune|p2a: Altaria\n|\n|-heal|p1a: Toedscruel|201/281|[from] item: Leftovers\n|upkeep\n|turn|5\n|\n|t:|1718638021\n|switch|p1a: Registeel|Registeel, L82|265/265\n|move|p2a: Altaria|Earthquake|p1a: Registeel\n|-supereffective|p1a: Registeel\n|-damage|p1a: Registeel|187/265\n|\n|-heal|p1a: Registeel|203/265|[from] item: Leftovers\n|upkeep\n|turn|6\n|inactive|TechBuster has 90 seconds left.\n|\n|t:|1718638073\n|switch|p2a: Iron Moth|Iron Moth, L78|253/253\n|move|p1a: Registeel|Thunder Wave|p2a: Iron Moth\n|-status|p2a: Iron Moth|par\n|\n|-heal|p1a: Registeel|219/265|[from] item: Leftovers\n|upkeep\n|turn|7\n|\n|t:|1718638089\n|switch|p1a: Skeledirge|Skeledirge, L79, F|286/294\n|move|p2a: Iron Moth|U-turn|p1a: Skeledirge\n|-resisted|p1a: Skeledirge\n|-damage|p1a: Skeledirge|278/294\n|\n|t:|1718638098\n|-end|p2a: Iron Moth|Quark Drive|[silent]\n|switch|p2a: Keldeo|Keldeo-Resolute, L79|184/273|[from] U-turn\n|\n|-heal|p2a: Keldeo|201/273|[from] item: Leftovers\n|upkeep\n|turn|8\n|\n|t:|1718638107\n|switch|p1a: Chesnaught|Chesnaught, L84, F|285/285\n|move|p2a: Keldeo|Substitute|p2a: Keldeo\n|-start|p2a: Keldeo|Substitute\n|-damage|p2a: Keldeo|133/273\n|\n|-heal|p2a: Keldeo|150/273|[from] item: Leftovers\n|upkeep\n|turn|9\n|\n|t:|1718638116\n|move|p2a: Keldeo|Secret Sword|p1a: Chesnaught\n|-damage|p1a: Chesnaught|209/285\n|move|p1a: Chesnaught|Trailblaze|p2a: Keldeo\n|-supereffective|p2a: Keldeo\n|-end|p2a: Keldeo|Substitute\n|-boost|p1a: Chesnaught|spe|1\n|\n|-heal|p1a: Chesnaught|226/285|[from] item: Leftovers\n|-heal|p2a: Keldeo|167/273|[from] item: Leftovers\n|upkeep\n|turn|10\n|\n|t:|1718638144\n|switch|p1a: Krookodile|Krookodile, L80, M|283/283\n|switch|p2a: Iron Moth|Iron Moth, L78|253/253 par\n|\n|upkeep\n|turn|11\n|inactive|TechBuster has 60 seconds left.\n|\n|t:|1718638167\n|move|p1a: Krookodile|Bulk Up|p1a: Krookodile\n|-boost|p1a: Krookodile|atk|1\n|-boost|p1a: Krookodile|def|1\n|move|p2a: Iron Moth|Energy Ball|p1a: Krookodile\n|-supereffective|p1a: Krookodile\n|-damage|p1a: Krookodile|17/283\n|-unboost|p1a: Krookodile|spd|1\n|\n|upkeep\n|turn|12\n|inactive|TechBuster has 60 seconds left.\n|\n|t:|1718638188\n|-end|p2a: Iron Moth|Quark Drive|[silent]\n|switch|p2a: Keldeo|Keldeo-Resolute, L79|167/273\n|move|p1a: Krookodile|Knock Off|p2a: Keldeo\n|-resisted|p2a: Keldeo\n|-crit|p2a: Keldeo\n|-damage|p2a: Keldeo|8/273\n|-ability|p2a: Keldeo|Justified|boost\n|-boost|p2a: Keldeo|atk|1\n|-enditem|p2a: Keldeo|Leftovers|[from] move: Knock Off|[of] p1a: Krookodile\n|-damage|p1a: Krookodile|0 fnt|[from] item: Life Orb\n|faint|p1a: Krookodile\n|\n|upkeep\n|\n|t:|1718638205\n|switch|p1a: Toedscruel|Toedscruel, L87, F|201/281\n|turn|13\n|\n|t:|1718638210\n|switch|p2a: Altaria|Altaria, L88, F|275/275\n|move|p1a: Toedscruel|Rapid Spin|p2a: Altaria\n|-damage|p2a: Altaria|245/275\n|-boost|p1a: Toedscruel|spe|1\n|\n|-heal|p1a: Toedscruel|218/281|[from] item: Leftovers\n|upkeep\n|turn|14\n|\n|t:|1718638215\n|switch|p1a: Registeel|Registeel, L82|219/265\n|move|p2a: Altaria|Brave Bird|p1a: Registeel\n|-resisted|p1a: Registeel\n|-damage|p1a: Registeel|180/265\n|-damage|p2a: Altaria|232/275|[from] Recoil\n|\n|-heal|p1a: Registeel|196/265|[from] item: Leftovers\n|upkeep\n|turn|15\n|inactive|TechBuster has 60 seconds left.\n|\n|t:|1718638241\n|switch|p2a: Iron Moth|Iron Moth, L78|253/253 par\n|move|p1a: Registeel|Iron Defense|p1a: Registeel\n|-boost|p1a: Registeel|def|2\n|\n|-heal|p1a: Registeel|212/265|[from] item: Leftovers\n|upkeep\n|turn|16\n|\n|t:|1718638250\n|move|p1a: Registeel|Iron Head|p2a: Iron Moth\n|-resisted|p2a: Iron Moth\n|-damage|p2a: Iron Moth|204/253 par\n|move|p2a: Iron Moth|Fire Blast|p1a: Registeel\n|-supereffective|p1a: Registeel\n|-damage|p1a: Registeel|0 fnt\n|faint|p1a: Registeel\n|\n|upkeep\n|\n|t:|1718638254\n|switch|p1a: Skeledirge|Skeledirge, L79, F|278/294\n|turn|17\n|\n|t:|1718638264\n|-end|p2a: Iron Moth|Quark Drive|[silent]\n|switch|p2a: Keldeo|Keldeo-Resolute, L79|8/273\n|move|p1a: Skeledirge|Torch Song|p2a: Keldeo\n|-resisted|p2a: Keldeo\n|-damage|p2a: Keldeo|0 fnt\n|-boost|p1a: Skeledirge|spa|1\n|faint|p2a: Keldeo\n|\n|upkeep\n|\n|t:|1718638268\n|switch|p2a: Sandy Shocks|Sandy Shocks, L80|267/267\n|turn|18\n|\n|t:|1718638277\n|switch|p1a: Toedscruel|Toedscruel, L87, F|218/281\n|move|p2a: Sandy Shocks|Earth Power|p1a: Toedscruel\n|-resisted|p1a: Toedscruel\n|-damage|p1a: Toedscruel|182/281\n|\n|-heal|p1a: Toedscruel|199/281|[from] item: Leftovers\n|upkeep\n|turn|19\n|\n|t:|1718638282\n|-end|p2a: Sandy Shocks|Protosynthesis|[silent]\n|switch|p2a: Altaria|Altaria, L88, F|232/275\n|move|p1a: Toedscruel|Toxic|p2a: Altaria\n|-status|p2a: Altaria|tox\n|\n|-heal|p1a: Toedscruel|216/281|[from] item: Leftovers\n|-damage|p2a: Altaria|215/275 tox|[from] psn\n|upkeep\n|turn|20\n|inactive|TechBuster has 90 seconds left.\n|\n|t:|1718638288\n|switch|p1a: Skeledirge|Skeledirge, L79, F|278/294\n|move|p2a: Altaria|Brave Bird|p1a: Skeledirge\n|-damage|p1a: Skeledirge|178/294\n|-damage|p2a: Altaria|182/275 tox|[from] Recoil\n|\n|-damage|p2a: Altaria|148/275 tox|[from] psn\n|upkeep\n|turn|21\n|\n|t:|1718638292\n|-curestatus|p2a: Altaria|tox|[from] ability: Natural Cure\n|switch|p2a: Sandy Shocks|Sandy Shocks, L80|267/267\n|move|p1a: Skeledirge|Hex|p2a: Sandy Shocks\n|-damage|p2a: Sandy Shocks|195/267\n|\n|-heal|p2a: Sandy Shocks|211/267|[from] item: Leftovers\n|upkeep\n|turn|22\n|\n|t:|1718638299\n|switch|p1a: Toedscruel|Toedscruel, L87, F|216/281\n|move|p2a: Sandy Shocks|Earth Power|p1a: Toedscruel\n|-resisted|p1a: Toedscruel\n|-damage|p1a: Toedscruel|174/281\n|\n|-heal|p1a: Toedscruel|191/281|[from] item: Leftovers\n|-heal|p2a: Sandy Shocks|227/267|[from] item: Leftovers\n|upkeep\n|turn|23\n|\n|t:|1718638306\n|-end|p2a: Sandy Shocks|Protosynthesis|[silent]\n|switch|p2a: Altaria|Altaria, L88, F|148/275\n|move|p1a: Toedscruel|Toxic|p2a: Altaria\n|-status|p2a: Altaria|tox\n|\n|-heal|p1a: Toedscruel|208/281|[from] item: Leftovers\n|-damage|p2a: Altaria|131/275 tox|[from] psn\n|upkeep\n|turn|24\n|\n|t:|1718638312\n|switch|p1a: Skeledirge|Skeledirge, L79, F|178/294\n|move|p2a: Altaria|Roost|p2a: Altaria\n|-heal|p2a: Altaria|269/275 tox\n|-singleturn|p2a: Altaria|move: Roost\n|\n|-damage|p2a: Altaria|235/275 tox|[from] psn\n|upkeep\n|turn|25\n|inactive|TechBuster has 120 seconds left.\n|\n|t:|1718638322\n|-curestatus|p2a: Altaria|tox|[from] ability: Natural Cure\n|switch|p2a: Sandy Shocks|Sandy Shocks, L80|227/267\n|move|p1a: Skeledirge|Slack Off|p1a: Skeledirge\n|-heal|p1a: Skeledirge|294/294\n|\n|-heal|p2a: Sandy Shocks|243/267|[from] item: Leftovers\n|upkeep\n|turn|26\n|\n|t:|1718638328\n|-end|p2a: Sandy Shocks|Protosynthesis|[silent]\n|switch|p2a: Altaria|Altaria, L88, F|235/275\n|switch|p1a: Toedscruel|Toedscruel, L87, F|208/281\n|\n|-heal|p1a: Toedscruel|225/281|[from] item: Leftovers\n|upkeep\n|turn|27\n|\n|t:|1718638335\n|switch|p1a: Skeledirge|Skeledirge, L79, F|294/294\n|move|p2a: Altaria|Earthquake|p1a: Skeledirge\n|-supereffective|p1a: Skeledirge\n|-damage|p1a: Skeledirge|182/294\n|\n|upkeep\n|turn|28\n|\n|t:|1718638341\n|move|p2a: Altaria|Brave Bird|p1a: Skeledirge\n|-damage|p1a: Skeledirge|74/294\n|-damage|p2a: Altaria|199/275|[from] Recoil\n|move|p1a: Skeledirge|Will-O-Wisp|p2a: Altaria\n|-status|p2a: Altaria|brn\n|\n|-damage|p2a: Altaria|182/275 brn|[from] brn\n|upkeep\n|turn|29\n|\n|t:|1718638353\n|-curestatus|p2a: Altaria|brn|[from] ability: Natural Cure\n|switch|p2a: Sandy Shocks|Sandy Shocks, L80|243/267\n|move|p1a: Skeledirge|Slack Off|p1a: Skeledirge\n|-heal|p1a: Skeledirge|221/294\n|\n|-heal|p2a: Sandy Shocks|259/267|[from] item: Leftovers\n|upkeep\n|turn|30\n|\n|t:|1718638359\n|switch|p1a: Toedscruel|Toedscruel, L87, F|225/281\n|move|p2a: Sandy Shocks|Earth Power|p1a: Toedscruel\n|-resisted|p1a: Toedscruel\n|-damage|p1a: Toedscruel|183/281\n|\n|-heal|p1a: Toedscruel|200/281|[from] item: Leftovers\n|-heal|p2a: Sandy Shocks|267/267|[from] item: Leftovers\n|upkeep\n|turn|31\n|\n|t:|1718638363\n|-end|p2a: Sandy Shocks|Protosynthesis|[silent]\n|switch|p2a: Altaria|Altaria, L88, F|182/275\n|move|p1a: Toedscruel|Toxic|p2a: Altaria\n|-status|p2a: Altaria|tox\n|\n|-heal|p1a: Toedscruel|217/281|[from] item: Leftovers\n|-damage|p2a: Altaria|165/275 tox|[from] psn\n|upkeep\n|turn|32\n|\n|t:|1718638371\n|switch|p1a: Skeledirge|Skeledirge, L79, F|221/294\n|move|p2a: Altaria|Brave Bird|p1a: Skeledirge\n|-damage|p1a: Skeledirge|110/294\n|-damage|p2a: Altaria|128/275 tox|[from] Recoil\n|\n|-damage|p2a: Altaria|94/275 tox|[from] psn\n|upkeep\n|turn|33\n|\n|t:|1718638376\n|-curestatus|p2a: Altaria|tox|[from] ability: Natural Cure\n|switch|p2a: Sandy Shocks|Sandy Shocks, L80|267/267\n|move|p1a: Skeledirge|Hex|p2a: Sandy Shocks\n|-damage|p2a: Sandy Shocks|198/267\n|\n|-heal|p2a: Sandy Shocks|214/267|[from] item: Leftovers\n|upkeep\n|turn|34\n|\n|t:|1718638381\n|-end|p2a: Sandy Shocks|Protosynthesis|[silent]\n|switch|p2a: Altaria|Altaria, L88, F|94/275\n|switch|p1a: Toedscruel|Toedscruel, L87, F|217/281\n|\n|-heal|p1a: Toedscruel|234/281|[from] item: Leftovers\n|upkeep\n|turn|35\n|\n|t:|1718638385\n|move|p2a: Altaria|Roost|p2a: Altaria\n|-heal|p2a: Altaria|232/275\n|-singleturn|p2a: Altaria|move: Roost\n|move|p1a: Toedscruel|Toxic|p2a: Altaria\n|-status|p2a: Altaria|tox\n|\n|-heal|p1a: Toedscruel|251/281|[from] item: Leftovers\n|-damage|p2a: Altaria|215/275 tox|[from] psn\n|upkeep\n|turn|36\n|\n|t:|1718638399\n|switch|p1a: Skeledirge|Skeledirge, L79, F|110/294\n|move|p2a: Altaria|Earthquake|p1a: Skeledirge\n|-supereffective|p1a: Skeledirge\n|-damage|p1a: Skeledirge|0 fnt\n|faint|p1a: Skeledirge\n|\n|-damage|p2a: Altaria|181/275 tox|[from] psn\n|upkeep\n|\n|t:|1718638407\n|switch|p1a: Chesnaught|Chesnaught, L84, F|226/285\n|turn|37\n|\n|t:|1718638412\n|-curestatus|p2a: Altaria|tox|[from] ability: Natural Cure\n|switch|p2a: Iron Moth|Iron Moth, L78|204/253 par\n|-terastallize|p1a: Chesnaught|Steel\n|move|p1a: Chesnaught|Trailblaze|p2a: Iron Moth\n|-resisted|p2a: Iron Moth\n|-damage|p2a: Iron Moth|185/253 par\n|-boost|p1a: Chesnaught|spe|1\n|\n|-heal|p1a: Chesnaught|243/285|[from] item: Leftovers\n|upkeep\n|turn|38\n|\n|t:|1718638421\n|switch|p1a: Annihilape|Annihilape, L76, F|292/292\n|move|p2a: Iron Moth|Fire Blast|p1a: Annihilape|[miss]\n|-miss|p2a: Iron Moth|p1a: Annihilape\n|\n|upkeep\n|turn|39\n|\n|t:|1718638429\n|-end|p2a: Iron Moth|Quark Drive|[silent]\n|switch|p2a: Zacian|Zacian-Crowned, L64|225/225\n|-ability|p2a: Zacian|Intrepid Sword|boost\n|-boost|p2a: Zacian|atk|1\n|move|p1a: Annihilape|Bulk Up|p1a: Annihilape\n|-boost|p1a: Annihilape|atk|1\n|-boost|p1a: Annihilape|def|1\n|\n|upkeep\n|turn|40\n|\n|t:|1718638434\n|switch|p1a: Toedscruel|Toedscruel, L87, F|251/281\n|move|p2a: Zacian|Swords Dance|p2a: Zacian\n|-boost|p2a: Zacian|atk|2\n|\n|-heal|p1a: Toedscruel|268/281|[from] item: Leftovers\n|upkeep\n|turn|41\n|\n|t:|1718638440\n|move|p2a: Zacian|Behemoth Blade|p1a: Toedscruel\n|-damage|p1a: Toedscruel|0 fnt\n|faint|p1a: Toedscruel\n|\n|upkeep\n|-message|who is to say forfeited.\n|\n|win|TechBuster\n|raw|who is to say's rating: 2249 &rarr; <strong>2231</strong><br />(-18 for losing)\n|raw|TechBuster's rating: 2280 &rarr; <strong>2298</strong><br />(+18 for winning)\n|l|\u2606who is to say\n|player|p1|\n|l| Fillo_VCG\n", "inputlog": ">version f332f6e66c888c6399c77e4ee9d4d682fcd18d40\n>start {\"formatid\":\"gen9randombattle\",\"seed\":[10150,21909,34398,61189],\"rated\":\"Rated battle\"}\n>player p1 {\"name\":\"who is to say\",\"avatar\":\"101\",\"rating\":2249,\"seed\":[50695,41712,23119,43251]}\n>player p2 {\"name\":\"TechBuster\",\"avatar\":\"cynthia\",\"rating\":2280,\"seed\":[58241,57567,25034,11525]}\n>p1 move hex\n>p2 move uturn\n>p2 switch 6\n>p1 switch 3\n>p2 move substitute\n>p1 move earthpower\n>p2 move secretsword\n>p1 move earthpower\n>p2 switch 3\n>p1 switch 5\n>p2 move earthquake\n>p1 move thunderwave\n>p2 switch 6\n>p1 switch 3\n>p2 move uturn\n>p2 switch 3\n>p1 switch 4\n>p2 move substitute\n>p1 move trailblaze\n>p2 move secretsword\n>p1 switch 6\n>p2 switch 3\n>p1 move bulkup\n>p2 move energyball\n>p1 move knockoff\n>p2 switch 3\n>p1 switch 5\n>p1 move rapidspin\n>p2 switch 6\n>p1 switch 3\n>p2 move bravebird\n>p1 move irondefense\n>p2 switch 3\n>p1 move ironhead\n>p2 move fireblast\n>p1 switch 4\n>p1 move torchsong\n>p2 switch 6\n>p2 switch 5\n>p1 switch 3\n>p2 move earthpower\n>p1 move toxic\n>p2 switch 3\n>p1 switch 3\n>p2 move bravebird\n>p1 move hex\n>p2 switch 3\n>p1 switch 3\n>p2 move earthpower\n>p1 move toxic\n>p2 switch 3\n>p1 switch 3\n>p2 move roost\n>p1 move slackoff\n>p2 switch 3\n>p1 switch 3\n>p2 switch 3\n>p1 switch 3\n>p2 move earthquake\n>p1 move willowisp\n>p2 move bravebird\n>p1 move slackoff\n>p2 switch 3\n>p1 switch 3\n>p2 move earthpower\n>p1 move toxic\n>p2 switch 3\n>p1 switch 3\n>p2 move bravebird\n>p1 move hex\n>p2 switch 3\n>p1 switch 3\n>p2 switch 3\n>p1 move toxic\n>p2 move roost\n>p1 switch 3\n>p2 move earthquake\n>p1 switch 6\n>p1 move trailblaze terastallize\n>p2 switch 6\n>p1 switch 2\n>p2 move fireblast\n>p1 move bulkup\n>p2 switch 2\n>p1 switch 3\n>p2 move swordsdance\n>p1 move earthpower\n>p2 move behemothblade\n>forcelose p1", "uploadtime": 1718638455, "views": 183, "formatid": "gen9randombattle", "rating": 2231, "private": 0, "password": null}