{"id": "gen9randombattle-2259998503", "format": "[Gen 9] Random Battle", "players": ["EsparraGoza", "nikegang"], "log": "|j|\u2606EsparraGoza\n|j|\u2606nikegang\n|t:|1733789255\n|gametype|singles\n|player|p1|EsparraGoza|volo|\n|player|p2|nikegang|guzma|\n|teamsize|p1|6\n|teamsize|p2|6\n|gen|9\n|tier|[Gen 9] Random Battle\n|rule|Species Clause: Limit one of each Pok\u00e9mon\n|rule|HP Percentage Mod: HP is shown in percentages\n|rule|Sleep Clause Mod: Limit one foe put to sleep\n|rule|Illusion Level Mod: Illusion disguises the Pok\u00e9mon's true level\n|\n|t:|1733789255\n|start\n|switch|p1a: Crabominable|Crabominable, L90, M|238/238\n|switch|p2a: Pachirisu|Pachirisu, L96, F|271/271\n|turn|1\n|\n|t:|1733789271\n|move|p2a: Pachirisu|Nuzzle|p1a: Crabominable\n|-damage|p1a: Crabominable|214/238\n|-status|p1a: Crabominable|par\n|replace|p1a: Zoroark|Zoroark, L84, F\n|-end|p1a: Zoroark|Illusion\n|-hint|Illusion Level Mod is active, so this Pok\u00e9mon's true level was hidden.\n|move|p1a: Zoroark|Nasty Plot|p1a: Zoroark\n|-boost|p1a: Zoroark|spa|2\n|\n|upkeep\n|turn|2\n|\n|t:|1733789283\n|move|p2a: Pachirisu|U-turn|p1a: Zoroark\n|-supereffective|p1a: Zoroark\n|-damage|p1a: Zoroark|118/238 par\n|\n|t:|1733789294\n|switch|p2a: Dudunsparce|Dudunsparce, L83, M|343/343|[from] U-turn\n|cant|p1a: Zoroark|par\n|\n|upkeep\n|turn|3\n|\n|t:|1733789314\n|switch|p1a: Gothitelle|Gothitelle, L90, F|272/272\n|move|p2a: Dudunsparce|Boomburst|p1a: Gothitelle\n|-damage|p1a: Gothitelle|166/272\n|\n|-heal|p1a: Gothitelle|183/272|[from] item: Leftovers\n|upkeep\n|turn|4\n|\n|t:|1733789320\n|move|p1a: Gothitelle|Thunder Wave|p2a: Dudunsparce\n|-status|p2a: Dudunsparce|par\n|cant|p2a: Dudunsparce|par\n|\n|-heal|p1a: Gothitelle|200/272|[from] item: Leftovers\n|upkeep\n|turn|5\n|\n|t:|1733789325\n|move|p1a: Gothitelle|Focus Blast|p2a: Dudunsparce\n|-supereffective|p2a: Dudunsparce\n|-damage|p2a: Dudunsparce|121/343 par\n|move|p2a: Dudunsparce|Calm Mind|p2a: Dudunsparce\n|-boost|p2a: Dudunsparce|spa|1\n|-boost|p2a: Dudunsparce|spd|1\n|\n|-heal|p1a: Gothitelle|217/272|[from] item: Leftovers\n|-heal|p2a: Dudunsparce|142/343 par|[from] item: Leftovers\n|upkeep\n|turn|6\n|\n|t:|1733789332\n|move|p1a: Gothitelle|Focus Blast|p2a: Dudunsparce\n|-supereffective|p2a: Dudunsparce\n|-damage|p2a: Dudunsparce|0 fnt\n|faint|p2a: Dudunsparce\n|\n|-heal|p1a: Gothitelle|234/272|[from] item: Leftovers\n|upkeep\n|\n|t:|1733789339\n|switch|p2a: Feraligatr|Feraligatr, L79, M|264/264\n|turn|7\n|\n|t:|1733789344\n|move|p2a: Feraligatr|Dragon Dance|p2a: Feraligatr\n|-boost|p2a: Feraligatr|atk|1\n|-boost|p2a: Feraligatr|spe|1\n|move|p1a: Gothitelle|Thunder Wave|p2a: Feraligatr\n|-status|p2a: Feraligatr|par\n|\n|-heal|p1a: Gothitelle|251/272|[from] item: Leftovers\n|upkeep\n|turn|8\n|\n|t:|1733789353\n|switch|p1a: Torterra|Torterra, L78, F|276/276\n|move|p2a: Feraligatr|Crunch|p1a: Torterra\n|-damage|p1a: Torterra|156/276\n|\n|upkeep\n|turn|9\n|\n|t:|1733789363\n|move|p1a: Torterra|Bullet Seed|p2a: Feraligatr\n|-supereffective|p2a: Feraligatr\n|-damage|p2a: Feraligatr|216/264 par\n|-supereffective|p2a: Feraligatr\n|-damage|p2a: Feraligatr|162/264 par\n|-supereffective|p2a: Feraligatr\n|-damage|p2a: Feraligatr|108/264 par\n|-supereffective|p2a: Feraligatr\n|-damage|p2a: Feraligatr|60/264 par\n|-hitcount|p2a: Feraligatr|4\n|move|p2a: Feraligatr|Ice Punch|p1a: Torterra\n|-supereffective|p1a: Torterra\n|-damage|p1a: Torterra|0 fnt\n|faint|p1a: Torterra\n|\n|upkeep\n|\n|t:|1733789378\n|switch|p1a: Gothitelle|Gothitelle, L90, F|251/272\n|turn|10\n|\n|t:|1733789383\n|move|p1a: Gothitelle|Psychic Noise|p2a: Feraligatr\n|-damage|p2a: Feraligatr|0 fnt\n|faint|p2a: Feraligatr\n|\n|-heal|p1a: Gothitelle|268/272|[from] item: Leftovers\n|upkeep\n|\n|t:|1733789396\n|switch|p2a: Pachirisu|Pachirisu, L96, F|271/271\n|turn|11\n|\n|t:|1733789405\n|move|p2a: Pachirisu|Nuzzle|p1a: Gothitelle\n|-damage|p1a: Gothitelle|253/272\n|-status|p1a: Gothitelle|par\n|move|p1a: Gothitelle|Psychic Noise|p2a: Pachirisu\n|-crit|p2a: Pachirisu\n|-damage|p2a: Pachirisu|195/271\n|-start|p2a: Pachirisu|move: Heal Block\n|\n|-heal|p1a: Gothitelle|270/272 par|[from] item: Leftovers\n|upkeep\n|turn|12\n|\n|t:|1733789413\n|switch|p1a: Groudon|Groudon, L72|263/263\n|-weather|SunnyDay|[from] ability: Drought|[of] p1a: Groudon\n|move|p2a: Pachirisu|U-turn|p1a: Groudon\n|-damage|p1a: Groudon|234/263\n|\n|t:|1733789420\n|switch|p2a: Azumarill|Azumarill, L82, F|298/298|[from] U-turn\n|\n|-weather|SunnyDay|[upkeep]\n|-heal|p1a: Groudon|250/263|[from] item: Leftovers\n|upkeep\n|turn|13\n|\n|t:|1733789429\n|-terastallize|p2a: Azumarill|Water\n|move|p1a: Groudon|Thunder Wave|p2a: Azumarill|[miss]\n|-miss|p1a: Groudon|p2a: Azumarill\n|move|p2a: Azumarill|Liquidation|p1a: Groudon\n|-supereffective|p1a: Groudon\n|-damage|p1a: Groudon|70/263\n|\n|-weather|SunnyDay|[upkeep]\n|-heal|p1a: Groudon|86/263|[from] item: Leftovers\n|upkeep\n|turn|14\n|\n|t:|1733789441\n|switch|p1a: Crabominable|Crabominable, L90, M|321/321\n|move|p2a: Azumarill|Liquidation|p1a: Crabominable\n|-crit|p1a: Crabominable\n|-damage|p1a: Crabominable|157/321\n|\n|-weather|SunnyDay|[upkeep]\n|upkeep\n|turn|15\n|c|\u2606nikegang|speed tie\n|\n|t:|1733789462\n|move|p2a: Azumarill|Liquidation|p1a: Crabominable\n|-damage|p1a: Crabominable|49/321\n|move|p1a: Crabominable|Drain Punch|p2a: Azumarill\n|-crit|p2a: Azumarill\n|-damage|p2a: Azumarill|81/298\n|-heal|p1a: Crabominable|158/321|[from] drain|[of] p2a: Azumarill\n|\n|-weather|SunnyDay|[upkeep]\n|upkeep\n|turn|16\n|\n|t:|1733789472\n|switch|p2a: Iron Treads|Iron Treads, L77|265/265\n|move|p1a: Crabominable|Drain Punch|p2a: Iron Treads\n|-supereffective|p2a: Iron Treads\n|-damage|p2a: Iron Treads|43/265\n|-heal|p1a: Crabominable|269/321|[from] drain|[of] p2a: Iron Treads\n|\n|-weather|none\n|upkeep\n|turn|17\n|\n|t:|1733789481\n|move|p2a: Iron Treads|Earthquake|p1a: Crabominable\n|-damage|p1a: Crabominable|170/321\n|move|p1a: Crabominable|Drain Punch|p2a: Iron Treads\n|-supereffective|p2a: Iron Treads\n|-damage|p2a: Iron Treads|0 fnt\n|-heal|p1a: Crabominable|192/321|[from] drain|[of] p2a: Iron Treads\n|faint|p2a: Iron Treads\n|-end|p2a: Iron Treads|Quark Drive|[silent]\n|\n|upkeep\n|\n|t:|1733789490\n|switch|p2a: Azumarill|Azumarill, L82, F, tera:Water|81/298\n|turn|18\n|\n|t:|1733789493\n|move|p2a: Azumarill|Liquidation|p1a: Crabominable\n|-damage|p1a: Crabominable|0 fnt\n|faint|p1a: Crabominable\n|\n|upkeep\n|\n|t:|1733789499\n|switch|p1a: Torkoal|Torkoal, L88, F|266/266\n|-weather|SunnyDay|[from] ability: Drought|[of] p1a: Torkoal\n|turn|19\n|\n|t:|1733789502\n|switch|p2a: Pachirisu|Pachirisu, L96, F|195/271\n|-terastallize|p1a: Torkoal|Grass\n|move|p1a: Torkoal|Solar Beam||[still]\n|-prepare|p1a: Torkoal|Solar Beam\n|-anim|p1a: Torkoal|Solar Beam|p2a: Pachirisu\n|-damage|p2a: Pachirisu|123/271\n|\n|-weather|SunnyDay|[upkeep]\n|upkeep\n|turn|20\n|\n|t:|1733789511\n|move|p2a: Pachirisu|U-turn|p1a: Torkoal\n|-supereffective|p1a: Torkoal\n|-damage|p1a: Torkoal|214/266\n|\n|t:|1733789521\n|switch|p2a: Magnezone|Magnezone, L85|258/258|[from] U-turn\n|move|p1a: Torkoal|Yawn|p2a: Magnezone\n|-start|p2a: Magnezone|move: Yawn|[of] p1a: Torkoal\n|\n|-weather|SunnyDay|[upkeep]\n|upkeep\n|turn|21\n|\n|t:|1733789527\n|move|p2a: Magnezone|Volt Switch|p1a: Torkoal\n|-resisted|p1a: Torkoal\n|-damage|p1a: Torkoal|163/266\n|\n|t:|1733789531\n|switch|p2a: Pachirisu|Pachirisu, L96, F|123/271|[from] Volt Switch\n|move|p1a: Torkoal|Lava Plume|p2a: Pachirisu\n|-damage|p2a: Pachirisu|44/271\n|\n|-weather|SunnyDay|[upkeep]\n|upkeep\n|turn|22\n|\n|t:|1733789538\n|move|p2a: Pachirisu|U-turn|p1a: Torkoal\n|-supereffective|p1a: Torkoal\n|-damage|p1a: Torkoal|115/266\n|\n|t:|1733789541\n|switch|p2a: Magnezone|Magnezone, L85|258/258|[from] U-turn\n|move|p1a: Torkoal|Yawn|p2a: Magnezone\n|-start|p2a: Magnezone|move: Yawn|[of] p1a: Torkoal\n|\n|-weather|SunnyDay|[upkeep]\n|upkeep\n|turn|23\n|\n|t:|1733789547\n|move|p2a: Magnezone|Volt Switch|p1a: Torkoal\n|-resisted|p1a: Torkoal\n|-damage|p1a: Torkoal|62/266\n|\n|t:|1733789549\n|switch|p2a: Azumarill|Azumarill, L82, F, tera:Water|81/298|[from] Volt Switch\n|move|p1a: Torkoal|Lava Plume|p2a: Azumarill\n|-resisted|p2a: Azumarill\n|-damage|p2a: Azumarill|17/298\n|\n|-weather|none\n|upkeep\n|turn|24\n|\n|t:|1733789562\n|switch|p2a: Pachirisu|Pachirisu, L96, F|44/271\n|switch|p1a: Gothitelle|Gothitelle, L90, F|270/272 par\n|\n|-heal|p1a: Gothitelle|272/272 par|[from] item: Leftovers\n|upkeep\n|turn|25\n|\n|t:|1733789567\n|move|p2a: Pachirisu|Super Fang|p1a: Gothitelle\n|-damage|p1a: Gothitelle|136/272 par\n|move|p1a: Gothitelle|Dark Pulse|p2a: Pachirisu\n|-damage|p2a: Pachirisu|8/271\n|\n|-heal|p1a: Gothitelle|153/272 par|[from] item: Leftovers\n|upkeep\n|turn|26\n|\n|t:|1733789576\n|move|p2a: Pachirisu|U-turn|p1a: Gothitelle\n|-supereffective|p1a: Gothitelle\n|-damage|p1a: Gothitelle|89/272 par\n|c|\u2606nikegang|GOAT DMS QUE ISSO\n|\n|t:|1733789581\n|switch|p2a: Magnezone|Magnezone, L85|258/258|[from] U-turn\n|move|p1a: Gothitelle|Psychic Noise|p2a: Magnezone\n|-resisted|p2a: Magnezone\n|-damage|p2a: Magnezone|215/258\n|-start|p2a: Magnezone|move: Heal Block\n|\n|-heal|p1a: Gothitelle|106/272 par|[from] item: Leftovers\n|upkeep\n|turn|27\n|\n|t:|1733789596\n|move|p2a: Magnezone|Flash Cannon|p1a: Gothitelle\n|-damage|p1a: Gothitelle|22/272 par\n|cant|p1a: Gothitelle|par\n|\n|-heal|p1a: Gothitelle|39/272 par|[from] item: Leftovers\n|-end|p2a: Magnezone|move: Heal Block\n|upkeep\n|turn|28\n|\n|t:|1733789604\n|move|p2a: Magnezone|Flash Cannon|p1a: Gothitelle\n|-crit|p1a: Gothitelle\n|-damage|p1a: Gothitelle|0 fnt\n|faint|p1a: Gothitelle\n|\n|upkeep\n|\n|t:|1733789607\n|switch|p1a: Groudon|Groudon, L72|86/263\n|-weather|SunnyDay|[from] ability: Drought|[of] p1a: Groudon\n|turn|29\n|\n|t:|1733789612\n|move|p2a: Magnezone|Flash Cannon|p1a: Groudon\n|-damage|p1a: Groudon|0 fnt\n|faint|p1a: Groudon\n|\n|-weather|SunnyDay|[upkeep]\n|upkeep\n|\n|t:|1733789625\n|switch|p1a: Torkoal|Torkoal, L88, F, tera:Grass|62/266\n|turn|30\n|\n|t:|1733789634\n|move|p2a: Magnezone|Flash Cannon|p1a: Torkoal\n|-damage|p1a: Torkoal|0 fnt\n|faint|p1a: Torkoal\n|\n|-weather|SunnyDay|[upkeep]\n|upkeep\n|\n|t:|1733789637\n|switch|p1a: Zoroark|Zoroark, L84, F|118/238 par\n|turn|31\n|\n|t:|1733789641\n|move|p2a: Magnezone|Flash Cannon|p1a: Zoroark\n|-damage|p1a: Zoroark|0 fnt\n|faint|p1a: Zoroark\n|\n|win|nikegang\n|c|\u2606nikegang|GG wp\n|l|\u2606EsparraGoza\n|player|p1|\n", "inputlog": ">version bfd83cad13791eb5a5a409923076391caf6fb4d4\n>start {\"formatid\":\"gen9randombattle\",\"seed\":[34137,49583,61671,52417]}\n>player p1 {\"name\":\"EsparraGoza\",\"avatar\":\"volo\",\"rating\":0,\"seed\":[49844,8967,52064,24519]}\n>player p2 {\"name\":\"nikegang\",\"avatar\":\"guzma\",\"rating\":0,\"seed\":[42587,53364,24348,10666]}\n>p1 move nastyplot\n>p2 move nuzzle\n>p1 move sludgebomb\n>p2 move uturn\n>p2 switch 4\n>p1 switch 3\n>p2 move boomburst\n>p1 move thunderwave\n>p2 move calmmind\n>p1 move focusblast\n>p2 move calmmind\n>p1 move focusblast\n>p2 move boomburst\n>p2 switch 2\n>p1 move thunderwave\n>p2 move dragondance\n>p1 switch 2\n>p2 move crunch\n>p1 move bulletseed\n>p2 move icepunch\n>p1 switch 2\n>p1 move psychicnoise\n>p2 move crunch\n>p2 switch 4\n>p1 move psychicnoise\n>p2 move nuzzle\n>p1 switch 4\n>p2 move uturn\n>p2 switch 6\n>p1 move thunderwave\n>p2 move liquidation terastallize\n>p1 switch 6\n>p2 move liquidation\n>chat \u2606nikegang|speed tie\n>p1 move drainpunch\n>p2 move liquidation\n>p1 move drainpunch\n>p2 switch 5\n>p1 move drainpunch\n>p2 move earthquake\n>p2 switch 5\n>p1 move drainpunch\n>p2 move liquidation\n>p1 switch 5\n>p1 move solarbeam terastallize\n>p2 switch 6\n>p1 move yawn\n>p2 move uturn\n>p2 switch 3\n>p1 move lavaplume\n>p2 move voltswitch\n>p2 switch 3\n>p1 move yawn\n>p2 move uturn\n>p2 switch 3\n>p1 move lavaplume\n>p2 move voltswitch\n>p2 switch 6\n>p1 switch 4\n>p2 switch 3\n>p1 move darkpulse\n>p2 move superfang\n>p1 move psychicnoise\n>p2 move uturn\n>chat \u2606nikegang|GOAT DMS QUE ISSO\n>p2 switch 6\n>p1 move focusblast\n>p2 move flashcannon\n>p1 move focusblast\n>p2 move flashcannon\n>p1 switch 6\n>p1 move heatcrash\n>p2 move flashcannon\n>p1 switch 4\n>p1 move lavaplume\n>p2 move flashcannon\n>p1 switch 3\n>p1 move darkpulse\n>p2 move flashcannon", "uploadtime": 1733789662, "views": 2, "formatid": "gen9randombattle", "rating": null, "private": 0, "password": null}