{"id": "gen9randombattle-2046266608", "format": "[Gen 9] Random Battle", "players": ["Lenho", "Ivar57"], "log": "|j|\u2606Lenho\n|j|\u2606Ivar57\n|t:|1706473976\n|gametype|singles\n|player|p1|Lenho|266|2191\n|player|p2|Ivar57|#ivar57|2319\n|teamsize|p1|6\n|teamsize|p2|6\n|gen|9\n|tier|[Gen 9] Random Battle\n|rated|\n|rule|Species Clause: Limit one of each Pok\u00e9mon\n|rule|HP Percentage Mod: HP is shown in percentages\n|rule|Sleep Clause Mod: Limit one foe put to sleep\n|rule|Illusion Level Mod: Illusion disguises the Pok\u00e9mon's true level\n|\n|t:|1706473976\n|start\n|switch|p1a: Gengar|Gengar, L81, M|230/230\n|switch|p2a: Staraptor|Staraptor, L79, F|263/263\n|turn|1\n|\n|t:|1706473996\n|move|p1a: Gengar|Sludge Wave|p2a: Staraptor\n|-damage|p2a: Staraptor|56/263\n|-damage|p1a: Gengar|207/230|[from] item: Life Orb\n|move|p2a: Staraptor|Brave Bird|p1a: Gengar\n|-damage|p1a: Gengar|0 fnt\n|-start|p2a: Staraptor|Disable|Brave Bird|[from] ability: Cursed Body|[of] p1a: Gengar\n|faint|p1a: Gengar\n|-damage|p2a: Staraptor|0 fnt|[from] Recoil\n|faint|p2a: Staraptor\n|\n|upkeep\n|\n|t:|1706474015\n|switch|p1a: Wugtrio|Wugtrio, L91, M|212/212\n|switch|p2a: Gumshoos|Gumshoos, L95, M|321/321\n|turn|2\n|\n|t:|1706474033\n|move|p1a: Wugtrio|Liquidation|p2a: Gumshoos\n|-damage|p2a: Gumshoos|140/321\n|move|p2a: Gumshoos|Double-Edge|p1a: Wugtrio\n|-damage|p1a: Wugtrio|0 fnt\n|-ability|p1a: Wugtrio|Gooey\n|-unboost|p2a: Gumshoos|spe|1\n|faint|p1a: Wugtrio\n|-damage|p2a: Gumshoos|70/321|[from] Recoil\n|\n|upkeep\n|\n|t:|1706474055\n|switch|p1a: Giratina|Giratina, L75|349/349\n|-ability|p1a: Giratina|Pressure\n|turn|3\n|\n|t:|1706474081\n|switch|p2a: Amoonguss|Amoonguss, L82, M|321/321\n|move|p1a: Giratina|Dragon Pulse|p2a: Amoonguss\n|-damage|p2a: Amoonguss|233/321\n|\n|upkeep\n|turn|4\n|\n|t:|1706474092\n|move|p1a: Giratina|Calm Mind|p1a: Giratina\n|-boost|p1a: Giratina|spa|1\n|-boost|p1a: Giratina|spd|1\n|move|p2a: Amoonguss|Toxic|p1a: Giratina\n|-status|p1a: Giratina|tox\n|\n|-damage|p1a: Giratina|328/349 tox|[from] psn\n|upkeep\n|turn|5\n|\n|t:|1706474100\n|switch|p2a: Glastrier|Glastrier, L86|311/311\n|move|p1a: Giratina|Calm Mind|p1a: Giratina\n|-boost|p1a: Giratina|spa|1\n|-boost|p1a: Giratina|spd|1\n|\n|-heal|p1a: Giratina|349/349 tox|[from] item: Leftovers\n|-damage|p1a: Giratina|307/349 tox|[from] psn\n|upkeep\n|turn|6\n|\n|t:|1706474109\n|switch|p1a: Klefki|Klefki, L84, M|233/233\n|move|p2a: Glastrier|Icicle Crash|p1a: Klefki|[miss]\n|-miss|p2a: Glastrier|p1a: Klefki\n|\n|upkeep\n|turn|7\n|\n|t:|1706474129\n|switch|p2a: Feraligatr|Feraligatr, L80, M|267/267\n|move|p1a: Klefki|Spikes|p2a: Feraligatr\n|-sidestart|p2: Ivar57|Spikes\n|\n|upkeep\n|turn|8\n|\n|t:|1706474141\n|move|p1a: Klefki|Thunder Wave|p2a: Feraligatr\n|-status|p2a: Feraligatr|par\n|cant|p2a: Feraligatr|par\n|\n|upkeep\n|turn|9\n|\n|t:|1706474147\n|move|p1a: Klefki|Spikes|p2a: Feraligatr\n|-sidestart|p2: Ivar57|Spikes\n|cant|p2a: Feraligatr|par\n|\n|upkeep\n|turn|10\n|\n|t:|1706474151\n|move|p1a: Klefki|Spikes|p2a: Feraligatr\n|-sidestart|p2: Ivar57|Spikes\n|move|p2a: Feraligatr|Swords Dance|p2a: Feraligatr\n|-boost|p2a: Feraligatr|atk|2\n|\n|upkeep\n|turn|11\n|\n|t:|1706474159\n|move|p1a: Klefki|Play Rough|p2a: Feraligatr\n|-damage|p2a: Feraligatr|191/267 par\n|cant|p2a: Feraligatr|par\n|\n|upkeep\n|turn|12\n|\n|t:|1706474163\n|move|p1a: Klefki|Play Rough|p2a: Feraligatr\n|-crit|p2a: Feraligatr\n|-damage|p2a: Feraligatr|70/267 par\n|move|p2a: Feraligatr|Liquidation|p1a: Klefki\n|-damage|p1a: Klefki|0 fnt\n|faint|p1a: Klefki\n|\n|upkeep\n|\n|t:|1706474171\n|switch|p1a: Golduck|Golduck, L90, F|290/290\n|-ability|p1a: Golduck|Cloud Nine\n|turn|13\n|\n|t:|1706474186\n|move|p2a: Feraligatr|Aqua Jet|p1a: Golduck\n|-resisted|p1a: Golduck\n|-damage|p1a: Golduck|232/290\n|-damage|p2a: Feraligatr|44/267 par|[from] item: Life Orb\n|move|p1a: Golduck|Grass Knot|p2a: Feraligatr\n|-supereffective|p2a: Feraligatr\n|-damage|p2a: Feraligatr|0 fnt\n|faint|p2a: Feraligatr\n|-damage|p1a: Golduck|203/290|[from] item: Life Orb\n|\n|upkeep\n|\n|t:|1706474198\n|switch|p2a: Amoonguss|Amoonguss, L82, M|321/321\n|-damage|p2a: Amoonguss|241/321|[from] Spikes\n|turn|14\n|\n|t:|1706474209\n|switch|p1a: Giratina|Giratina, L75|307/349 tox\n|-ability|p1a: Giratina|Pressure\n|move|p2a: Amoonguss|Giga Drain|p1a: Giratina\n|-resisted|p1a: Giratina\n|-damage|p1a: Giratina|278/349 tox\n|-heal|p2a: Amoonguss|256/321|[from] drain|[of] p1a: Giratina\n|\n|-heal|p1a: Giratina|299/349 tox|[from] item: Leftovers\n|-damage|p1a: Giratina|278/349 tox|[from] psn\n|upkeep\n|turn|15\n|\n|t:|1706474245\n|switch|p2a: Gumshoos|Gumshoos, L95, M|70/321\n|-damage|p2a: Gumshoos|0 fnt|[from] Spikes\n|faint|p2a: Gumshoos\n|move|p1a: Giratina|Dragon Pulse|p2: Gumshoos|[notarget]\n|-fail|p1a: Giratina\n|\n|-heal|p1a: Giratina|299/349 tox|[from] item: Leftovers\n|-damage|p1a: Giratina|257/349 tox|[from] psn\n|upkeep\n|\n|t:|1706474249\n|switch|p2a: Glastrier|Glastrier, L86|311/311\n|-damage|p2a: Glastrier|234/311|[from] Spikes\n|turn|16\n|\n|t:|1706474259\n|move|p1a: Giratina|Dragon Pulse|p2a: Glastrier\n|-damage|p2a: Glastrier|171/311\n|move|p2a: Glastrier|Icicle Crash|p1a: Giratina\n|-supereffective|p1a: Giratina\n|-damage|p1a: Giratina|0 fnt\n|faint|p1a: Giratina\n|-ability|p2a: Glastrier|Chilling Neigh|boost\n|-boost|p2a: Glastrier|atk|1\n|\n|upkeep\n|\n|t:|1706474269\n|switch|p1a: Pawmot|Pawmot, L80, F|243/243\n|turn|17\n|j| Dahlmander\n|\n|t:|1706474286\n|switch|p2a: Amoonguss|Amoonguss, L82, M|321/321\n|-damage|p2a: Amoonguss|241/321|[from] Spikes\n|move|p1a: Pawmot|Close Combat|p2a: Amoonguss\n|-resisted|p2a: Amoonguss\n|-damage|p2a: Amoonguss|165/321\n|-unboost|p1a: Pawmot|def|1\n|-unboost|p1a: Pawmot|spd|1\n|-damage|p1a: Pawmot|203/243|[from] item: Rocky Helmet|[of] p2a: Amoonguss\n|\n|upkeep\n|turn|18\n|\n|t:|1706474293\n|move|p1a: Pawmot|Revival Blessing|p1a: Pawmot\n|-enditem|p1a: Pawmot|Leppa Berry|[eat]\n|-activate|p1a: Pawmot|item: Leppa Berry|Revival Blessing|[consumed]\n|\n|t:|1706474301\n|-heal|p1: Gengar|115/230|[from] move: Revival Blessing\n|move|p2a: Amoonguss|Sludge Bomb|p1a: Pawmot\n|-damage|p1a: Pawmot|47/243\n|\n|upkeep\n|turn|19\n|\n|t:|1706474313\n|move|p1a: Pawmot|Revival Blessing|p1a: Pawmot\n|\n|t:|1706474317\n|-heal|p1: Giratina|174/349|[from] move: Revival Blessing\n|move|p2a: Amoonguss|Giga Drain|p1a: Pawmot\n|-damage|p1a: Pawmot|0 fnt\n|-heal|p2a: Amoonguss|189/321|[from] drain|[of] p1a: Pawmot\n|faint|p1a: Pawmot\n|\n|upkeep\n|\n|t:|1706474329\n|switch|p1a: Golduck|Golduck, L90, F|203/290\n|-ability|p1a: Golduck|Cloud Nine\n|turn|20\n|\n|t:|1706474363\n|-terastallize|p2a: Amoonguss|Water\n|move|p1a: Golduck|Ice Beam|p2a: Amoonguss\n|-resisted|p2a: Amoonguss\n|-damage|p2a: Amoonguss|133/321\n|-status|p2a: Amoonguss|frz\n|-damage|p1a: Golduck|174/290|[from] item: Life Orb\n|-curestatus|p2a: Amoonguss|frz|[msg]\n|move|p2a: Amoonguss|Giga Drain|p1a: Golduck\n|-supereffective|p1a: Golduck\n|-damage|p1a: Golduck|28/290\n|-heal|p2a: Amoonguss|206/321|[from] drain|[of] p1a: Golduck\n|\n|upkeep\n|turn|21\n|\n|t:|1706474379\n|move|p1a: Golduck|Grass Knot|p2a: Amoonguss\n|-supereffective|p2a: Amoonguss\n|-crit|p2a: Amoonguss\n|-damage|p2a: Amoonguss|73/321\n|-damage|p1a: Golduck|0 fnt|[from] item: Rocky Helmet|[of] p2a: Amoonguss\n|faint|p1a: Golduck\n|move|p2a: Amoonguss|Giga Drain|p1: Golduck|[notarget]\n|-fail|p2a: Amoonguss\n|\n|upkeep\n|\n|t:|1706474386\n|switch|p1a: Gengar|Gengar, L81, M|115/230\n|turn|22\n|\n|t:|1706474399\n|move|p1a: Gengar|Sludge Wave|p2a: Amoonguss\n|-damage|p2a: Amoonguss|0 fnt\n|faint|p2a: Amoonguss\n|-damage|p1a: Gengar|92/230|[from] item: Life Orb\n|\n|upkeep\n|\n|t:|1706474404\n|switch|p2a: Glastrier|Glastrier, L86|171/311\n|-damage|p2a: Glastrier|94/311|[from] Spikes\n|turn|23\n|\n|t:|1706474409\n|move|p1a: Gengar|Sludge Wave|p2a: Glastrier\n|-damage|p2a: Glastrier|0 fnt\n|faint|p2a: Glastrier\n|-damage|p1a: Gengar|69/230|[from] item: Life Orb\n|\n|upkeep\n|\n|t:|1706474413\n|switch|p2a: Leafeon|Leafeon, L88, F|258/258\n|-damage|p2a: Leafeon|194/258|[from] Spikes\n|turn|24\n|\n|t:|1706474419\n|move|p1a: Gengar|Sludge Wave|p2a: Leafeon\n|-supereffective|p2a: Leafeon\n|-crit|p2a: Leafeon\n|-damage|p2a: Leafeon|0 fnt\n|faint|p2a: Leafeon\n|-damage|p1a: Gengar|46/230|[from] item: Life Orb\n|\n|win|Lenho\n|raw|Lenho's rating: 2191 &rarr; <strong>2218</strong><br />(+27 for winning)\n|raw|Ivar57's rating: 2319 &rarr; <strong>2292</strong><br />(-27 for losing)\n|c|\u2606Ivar57|gg\n|c|\u2606Lenho|gg\n|l|\u2606Ivar57\n|player|p2|\n", "inputlog": ">version 51ab69b80e10af9383edde933ca36e02e9e47e55\n>start {\"formatid\":\"gen9randombattle\",\"seed\":[62429,23061,43719,39776],\"rated\":\"Rated battle\"}\n>player p1 {\"name\":\"Lenho\",\"avatar\":\"266\",\"rating\":2191,\"seed\":[39794,55244,5841,14644]}\n>player p2 {\"name\":\"Ivar57\",\"avatar\":\"#ivar57\",\"rating\":2319,\"seed\":[52670,56908,4896,41588]}\n>p1 move sludgewave\n>p2 move bravebird\n>p1 switch 6\n>p2 switch 2\n>p1 move liquidation\n>p2 move doubleedge\n>p1 switch 3\n>p1 move dragonpulse\n>p2 switch 3\n>p1 move calmmind\n>p2 move toxic\n>p1 move calmmind\n>p2 switch 4\n>p1 switch 4\n>p2 move iciclecrash\n>p1 move spikes\n>p2 switch 6\n>p1 move thunderwave\n>p2 move swordsdance\n>p1 move spikes\n>p2 move swordsdance\n>p1 move spikes\n>p2 move swordsdance\n>p1 move playrough\n>p2 move liquidation\n>p1 move playrough\n>p2 move liquidation\n>p1 switch 5\n>p1 move grassknot\n>p2 move aquajet\n>p2 switch 4\n>p1 switch 4\n>p2 move gigadrain\n>p1 move dragonpulse\n>p2 switch 3\n>p2 switch 6\n>p1 move dragonpulse\n>p2 move iciclecrash\n>p1 switch 2\n>p1 move closecombat\n>p2 switch 3\n>p1 move revivalblessing\n>p2 move sludgebomb\n>p1 switch 6\n>p1 move revivalblessing\n>p2 move gigadrain\n>p1 switch 2\n>p1 switch 4\n>p1 move icebeam\n>p2 move gigadrain terastallize\n>p1 move grassknot\n>p2 move gigadrain\n>p1 switch 6\n>p1 move sludgewave\n>p2 move spore\n>p2 switch 3\n>p1 move sludgewave\n>p2 move iciclecrash\n>p2 switch 5\n>p1 move sludgewave\n>p2 move leafblade", "uploadtime": 1706474427, "views": 251, "formatid": "gen9randombattle", "rating": 2218, "private": 0, "password": null}