{"id": "gen9randombattle-2258690053", "format": "[Gen 9] Random Battle", "players": ["paysa", "ikaoss"], "log": "|badge|p1|bronze|gen9randombattle|100-3\n|uhtml|medal-msg|<div class=\"broadcast-blue\">Curious what those medals under the avatar are? PS now has Ladder Seasons! For more information, check out the <a href=\"https://www.smogon.com/forums/threads/3740067/\">thread on Smogon.</a></div>\n|badge|p2|bronze|gen9randombattle|100-3\n|uhtml|medal-msg|<div class=\"broadcast-blue\">Curious what those medals under the avatar are? PS now has Ladder Seasons! For more information, check out the <a href=\"https://www.smogon.com/forums/threads/3740067/\">thread on Smogon.</a></div>\n|j|\u2606paysa\n|j|\u2606ikaoss\n|t:|1733604447\n|gametype|singles\n|player|p1|paysa|rocketgruntf|2396\n|player|p2|ikaoss|101|2367\n|teamsize|p1|6\n|teamsize|p2|6\n|gen|9\n|tier|[Gen 9] Random Battle\n|rated|\n|rule|Species Clause: Limit one of each Pok\u00e9mon\n|rule|HP Percentage Mod: HP is shown in percentages\n|rule|Sleep Clause Mod: Limit one foe put to sleep\n|rule|Illusion Level Mod: Illusion disguises the Pok\u00e9mon's true level\n|\n|t:|1733604447\n|start\n|switch|p1a: Incineroar|Incineroar, L82, F|290/290\n|switch|p2a: Brute Bonnet|Brute Bonnet, L81|312/312\n|-ability|p1a: Incineroar|Intimidate|boost\n|-unboost|p2a: Brute Bonnet|atk|1\n|turn|1\n|inactive|Battle timer is ON: inactive players will automatically lose when time's up. (requested by paysa)\n|\n|t:|1733604463\n|-end|p2a: Brute Bonnet|Protosynthesis|[silent]\n|switch|p2a: Klawf|Klawf, L90, F|272/272\n|move|p1a: Incineroar|U-turn|p2a: Klawf\n|-damage|p2a: Klawf|234/272\n|\n|t:|1733604479\n|switch|p1a: Zarude|Zarude-Dada, L78|292/292|[from] U-turn\n|\n|upkeep\n|turn|2\n|\n|t:|1733604489\n|switch|p2a: Swalot|Swalot, L90, M|326/326\n|move|p1a: Zarude|Swords Dance|p1a: Zarude\n|-boost|p1a: Zarude|atk|2\n|\n|upkeep\n|turn|3\n|j| frag121\n|\n|t:|1733604503\n|move|p1a: Zarude|Knock Off|p2a: Swalot\n|-damage|p2a: Swalot|45/326\n|-enditem|p2a: Swalot|Leftovers|[from] move: Knock Off|[of] p1a: Zarude\n|-damage|p1a: Zarude|263/292|[from] item: Life Orb\n|move|p2a: Swalot|Sludge Bomb|p1a: Zarude\n|-supereffective|p1a: Zarude\n|-damage|p1a: Zarude|77/292\n|-status|p1a: Zarude|psn\n|\n|-damage|p1a: Zarude|41/292 psn|[from] psn\n|upkeep\n|turn|4\n|\n|t:|1733604518\n|switch|p1a: Metagross|Metagross, L79|256/256\n|move|p2a: Swalot|Protect||[still]\n|-fail|p2a: Swalot\n|\n|upkeep\n|turn|5\n|\n|t:|1733604526\n|switch|p2a: Leafeon|Leafeon, L88, F|258/258\n|move|p1a: Metagross|Knock Off|p2a: Leafeon\n|-damage|p2a: Leafeon|202/258\n|-enditem|p2a: Leafeon|Life Orb|[from] move: Knock Off|[of] p1a: Metagross\n|\n|upkeep\n|turn|6\n|\n|t:|1733604549\n|switch|p1a: Incineroar|Incineroar, L82, F|290/290\n|-ability|p1a: Incineroar|Intimidate|boost\n|-unboost|p2a: Leafeon|atk|1\n|move|p2a: Leafeon|Swords Dance|p2a: Leafeon\n|-boost|p2a: Leafeon|atk|2\n|\n|upkeep\n|turn|7\n|\n|t:|1733604573\n|switch|p2a: Klawf|Klawf, L90, F|272/272\n|move|p1a: Incineroar|U-turn|p2a: Klawf\n|-damage|p2a: Klawf|232/272\n|inactive|paysa has 120 seconds left.\n|\n|t:|1733604597\n|switch|p1a: Metagross|Metagross, L79|256/256|[from] U-turn\n|\n|upkeep\n|turn|8\n|\n|t:|1733604603\n|switch|p2a: Leafeon|Leafeon, L88, F|202/258\n|move|p1a: Metagross|Heavy Slam|p2a: Leafeon\n|-damage|p2a: Leafeon|105/258\n|\n|upkeep\n|turn|9\n|\n|t:|1733604611\n|switch|p1a: Incineroar|Incineroar, L82, F|290/290\n|-ability|p1a: Incineroar|Intimidate|boost\n|-unboost|p2a: Leafeon|atk|1\n|move|p2a: Leafeon|Synthesis|p2a: Leafeon\n|-heal|p2a: Leafeon|234/258\n|\n|upkeep\n|turn|10\n|\n|t:|1733604621\n|switch|p2a: Klawf|Klawf, L90, F|272/272\n|move|p1a: Incineroar|Knock Off|p2a: Klawf\n|-crit|p2a: Klawf\n|-damage|p2a: Klawf|148/272\n|-enditem|p2a: Klawf|Life Orb|[from] move: Knock Off|[of] p1a: Incineroar\n|\n|upkeep\n|turn|11\n|inactive|paysa has 120 seconds left.\n|\n|t:|1733604670\n|switch|p1a: Cryogonal|Cryogonal, L89|287/287\n|move|p2a: Klawf|Stealth Rock|p1a: Cryogonal\n|-sidestart|p1: paysa|move: Stealth Rock\n|\n|upkeep\n|turn|12\n|\n|t:|1733604683\n|switch|p1a: Metagross|Metagross, L79|256/256\n|-damage|p1a: Metagross|240/256|[from] Stealth Rock\n|switch|p2a: Reuniclus|Reuniclus, L88, F|337/337\n|\n|-heal|p1a: Metagross|256/256|[from] item: Leftovers\n|upkeep\n|turn|13\n|inactive|paysa has 90 seconds left.\n|\n|t:|1733604722\n|switch|p2a: Leafeon|Leafeon, L88, F|234/258\n|move|p1a: Metagross|Heavy Slam|p2a: Leafeon\n|-damage|p2a: Leafeon|134/258\n|\n|upkeep\n|turn|14\n|\n|t:|1733604728\n|switch|p1a: Cryogonal|Cryogonal, L89|287/287\n|move|p2a: Leafeon|Knock Off|p1a: Cryogonal\n|-damage|p1a: Cryogonal|160/287\n|-enditem|p1a: Cryogonal|Heavy-Duty Boots|[from] move: Knock Off|[of] p2a: Leafeon\n|\n|upkeep\n|turn|15\n|\n|t:|1733604744\n|switch|p2a: Reuniclus|Reuniclus, L88, F|337/337\n|move|p1a: Cryogonal|Rapid Spin|p2a: Reuniclus\n|-damage|p2a: Reuniclus|310/337\n|-boost|p1a: Cryogonal|spe|1\n|-sideend|p1: paysa|Stealth Rock|[from] move: Rapid Spin|[of] p1a: Cryogonal\n|\n|upkeep\n|turn|16\n|\n|t:|1733604762\n|switch|p1a: Metagross|Metagross, L79|256/256\n|move|p2a: Reuniclus|Focus Blast|p1a: Metagross|[miss]\n|-miss|p2a: Reuniclus|p1a: Metagross\n|\n|upkeep\n|turn|17\n|\n|t:|1733604771\n|switch|p1a: Incineroar|Incineroar, L82, F|290/290\n|-ability|p1a: Incineroar|Intimidate|boost\n|-unboost|p2a: Reuniclus|atk|1\n|switch|p2a: Leafeon|Leafeon, L88, F|134/258\n|\n|upkeep\n|turn|18\n|\n|t:|1733604781\n|switch|p2a: Klawf|Klawf, L90, F|238/272\n|move|p1a: Incineroar|U-turn|p2a: Klawf\n|-damage|p2a: Klawf|195/272\n|\n|t:|1733604783\n|switch|p1a: Tatsugiri|Tatsugiri, L87, M|260/260|[from] U-turn\n|\n|upkeep\n|turn|19\n|inactive|paysa has 120 seconds left.\n|inactive|ikaoss has 120 seconds left.\n|inactive|paysa has 90 seconds left.\n|\n|t:|1733604843\n|switch|p2a: Brute Bonnet|Brute Bonnet, L81|312/312\n|move|p1a: Tatsugiri|Nasty Plot|p1a: Tatsugiri\n|-boost|p1a: Tatsugiri|spa|2\n|\n|upkeep\n|turn|20\n|\n|t:|1733604850\n|-end|p2a: Brute Bonnet|Protosynthesis|[silent]\n|switch|p2a: Swalot|Swalot, L90, M|45/326\n|move|p1a: Tatsugiri|Draco Meteor|p2a: Swalot\n|-damage|p2a: Swalot|0 fnt\n|-unboost|p1a: Tatsugiri|spa|2\n|faint|p2a: Swalot\n|-damage|p1a: Tatsugiri|234/260|[from] item: Life Orb\n|\n|upkeep\n|\n|t:|1733604852\n|switch|p2a: Brute Bonnet|Brute Bonnet, L81|312/312\n|turn|21\n|inactive|ikaoss has 120 seconds left.\n|\n|t:|1733604869\n|switch|p1a: Cryogonal|Cryogonal, L89|160/287\n|move|p2a: Brute Bonnet|Crunch|p1a: Cryogonal\n|-damage|p1a: Cryogonal|27/287\n|-unboost|p1a: Cryogonal|def|1\n|\n|upkeep\n|turn|22\n|inactive|ikaoss has 120 seconds left.\n|\n|t:|1733604879\n|switch|p1a: Incineroar|Incineroar, L82, F|290/290\n|-ability|p1a: Incineroar|Intimidate|boost\n|-unboost|p2a: Brute Bonnet|atk|1\n|move|p2a: Brute Bonnet|Sucker Punch||[still]\n|-fail|p2a: Brute Bonnet\n|\n|upkeep\n|turn|23\n|\n|t:|1733604885\n|-end|p2a: Brute Bonnet|Protosynthesis|[silent]\n|switch|p2a: Klawf|Klawf, L90, F|272/272\n|move|p1a: Incineroar|U-turn|p2a: Klawf\n|-crit|p2a: Klawf\n|-damage|p2a: Klawf|214/272\n|\n|t:|1733604888\n|switch|p1a: Tatsugiri|Tatsugiri, L87, M|234/260|[from] U-turn\n|\n|upkeep\n|turn|24\n|inactive|paysa has 120 seconds left.\n|\n|t:|1733604900\n|switch|p2a: Brute Bonnet|Brute Bonnet, L81|312/312\n|move|p1a: Tatsugiri|Draco Meteor|p2a: Brute Bonnet\n|-damage|p2a: Brute Bonnet|104/312\n|-unboost|p1a: Tatsugiri|spa|2\n|-damage|p1a: Tatsugiri|208/260|[from] item: Life Orb\n|\n|-heal|p2a: Brute Bonnet|123/312|[from] item: Leftovers\n|upkeep\n|turn|25\n|\n|t:|1733604912\n|switch|p1a: Zarude|Zarude-Dada, L78|41/292 psn\n|move|p2a: Brute Bonnet|Spore|p1a: Zarude\n|-immune|p1a: Zarude\n|\n|-heal|p2a: Brute Bonnet|142/312|[from] item: Leftovers\n|-damage|p1a: Zarude|5/292 psn|[from] psn\n|upkeep\n|turn|26\n|\n|t:|1733604927\n|switch|p1a: Incineroar|Incineroar, L82, F|290/290\n|-ability|p1a: Incineroar|Intimidate|boost\n|-unboost|p2a: Brute Bonnet|atk|1\n|move|p2a: Brute Bonnet|Sucker Punch||[still]\n|-fail|p2a: Brute Bonnet\n|\n|-heal|p2a: Brute Bonnet|161/312|[from] item: Leftovers\n|upkeep\n|turn|27\n|\n|t:|1733604937\n|-end|p2a: Brute Bonnet|Protosynthesis|[silent]\n|switch|p2a: Klawf|Klawf, L90, F|272/272\n|move|p1a: Incineroar|U-turn|p2a: Klawf\n|-damage|p2a: Klawf|231/272\n|\n|t:|1733604942\n|switch|p1a: Tatsugiri|Tatsugiri, L87, M|208/260|[from] U-turn\n|\n|upkeep\n|turn|28\n|\n|t:|1733604947\n|switch|p2a: Brute Bonnet|Brute Bonnet, L81|161/312\n|move|p1a: Tatsugiri|Draco Meteor|p2a: Brute Bonnet\n|-damage|p2a: Brute Bonnet|0 fnt\n|-unboost|p1a: Tatsugiri|spa|2\n|faint|p2a: Brute Bonnet\n|-end|p2a: Brute Bonnet|Protosynthesis|[silent]\n|-damage|p1a: Tatsugiri|182/260|[from] item: Life Orb\n|\n|upkeep\n|\n|t:|1733604975\n|switch|p2a: Raikou|Raikou, L81|278/278\n|-ability|p2a: Raikou|Pressure\n|turn|29\n|inactive|ikaoss has 120 seconds left.\n|\n|t:|1733604995\n|switch|p1a: Meloetta|Meloetta, L82|298/298\n|move|p2a: Raikou|Calm Mind|p2a: Raikou\n|-boost|p2a: Raikou|spa|1\n|-boost|p2a: Raikou|spd|1\n|\n|upkeep\n|turn|30\n|inactive|ikaoss has 120 seconds left.\n|\n|t:|1733605021\n|move|p2a: Raikou|Substitute|p2a: Raikou\n|-start|p2a: Raikou|Substitute\n|-damage|p2a: Raikou|209/278\n|move|p1a: Meloetta|Relic Song|p2a: Raikou\n|-damage|p2a: Raikou|131/278\n|-formechange|p1a: Meloetta|Meloetta-Pirouette|[msg]\n|-damage|p1a: Meloetta|269/298|[from] item: Life Orb\n|\n|-heal|p2a: Raikou|148/278|[from] item: Leftovers\n|upkeep\n|turn|31\n|\n|t:|1733605038\n|-terastallize|p2a: Raikou|Water\n|move|p1a: Meloetta|Triple Axel|p2a: Raikou\n|-resisted|p2a: Raikou\n|-activate|p2a: Raikou|move: Substitute|[damage]\n|-resisted|p2a: Raikou\n|-activate|p2a: Raikou|move: Substitute|[damage]\n|-resisted|p2a: Raikou\n|-end|p2a: Raikou|Substitute\n|-hitcount|p2a: Raikou|3\n|-damage|p1a: Meloetta|240/298|[from] item: Life Orb\n|move|p2a: Raikou|Scald|p1a: Meloetta\n|-damage|p1a: Meloetta|84/298\n|-status|p1a: Meloetta|brn\n|\n|-heal|p2a: Raikou|165/278|[from] item: Leftovers\n|-damage|p1a: Meloetta|66/298 brn|[from] brn\n|upkeep\n|turn|32\n|inactive|ikaoss has 90 seconds left.\n|\n|t:|1733605075\n|switch|p2a: Reuniclus|Reuniclus, L88, F|310/337\n|move|p1a: Meloetta|Close Combat|p2a: Reuniclus\n|-resisted|p2a: Reuniclus\n|-damage|p2a: Reuniclus|259/337\n|-unboost|p1a: Meloetta|def|1\n|-unboost|p1a: Meloetta|spd|1\n|-damage|p1a: Meloetta|37/298 brn|[from] item: Life Orb\n|\n|-damage|p1a: Meloetta|19/298 brn|[from] brn\n|upkeep\n|turn|33\n|\n|t:|1733605090\n|move|p1a: Meloetta|Knock Off|p2a: Reuniclus\n|-supereffective|p2a: Reuniclus\n|-damage|p2a: Reuniclus|152/337\n|-enditem|p2a: Reuniclus|Life Orb|[from] move: Knock Off|[of] p1a: Meloetta\n|-damage|p1a: Meloetta|0 fnt|[from] item: Life Orb\n|faint|p1a: Meloetta\n|move|p2a: Reuniclus|Recover|p2a: Reuniclus\n|-heal|p2a: Reuniclus|321/337\n|\n|upkeep\n|\n|t:|1733605099\n|switch|p1a: Incineroar|Incineroar, L82, F|290/290\n|-ability|p1a: Incineroar|Intimidate|boost\n|-unboost|p2a: Reuniclus|atk|1\n|turn|34\n|\n|t:|1733605112\n|move|p1a: Incineroar|Knock Off|p2a: Reuniclus\n|-supereffective|p2a: Reuniclus\n|-damage|p2a: Reuniclus|159/337\n|move|p2a: Reuniclus|Recover|p2a: Reuniclus\n|-heal|p2a: Reuniclus|328/337\n|\n|upkeep\n|turn|35\n|\n|t:|1733605117\n|move|p1a: Incineroar|Knock Off|p2a: Reuniclus\n|-supereffective|p2a: Reuniclus\n|-damage|p2a: Reuniclus|176/337\n|move|p2a: Reuniclus|Recover|p2a: Reuniclus\n|-heal|p2a: Reuniclus|337/337\n|\n|upkeep\n|turn|36\n|\n|t:|1733605126\n|switch|p2a: Klawf|Klawf, L90, F|272/272\n|move|p1a: Incineroar|Knock Off|p2a: Klawf\n|-damage|p2a: Klawf|220/272\n|\n|upkeep\n|turn|37\n|inactive|paysa has 120 seconds left.\n|\n|t:|1733605173\n|switch|p1a: Zarude|Zarude-Dada, L78|5/292 psn\n|move|p2a: Klawf|Stealth Rock|p1a: Zarude\n|-sidestart|p1: paysa|move: Stealth Rock\n|\n|-damage|p1a: Zarude|0 fnt|[from] psn\n|faint|p1a: Zarude\n|upkeep\n|inactive|paysa has 90 seconds left.\n|\n|t:|1733605206\n|switch|p1a: Tatsugiri|Tatsugiri, L87, M|182/260\n|-damage|p1a: Tatsugiri|150/260|[from] Stealth Rock\n|turn|38\n|inactive|ikaoss has 90 seconds left.\n|inactive|paysa has 60 seconds left.\n|inactive|paysa has 30 seconds left.\n|\n|t:|1733605268\n|move|p1a: Tatsugiri|Surf|p2a: Klawf\n|-supereffective|p2a: Klawf\n|-damage|p2a: Klawf|0 fnt\n|faint|p2a: Klawf\n|-damage|p1a: Tatsugiri|124/260|[from] item: Life Orb\n|\n|upkeep\n|inactive|ikaoss has 60 seconds left.\n|inactive|ikaoss has 30 seconds left.\n|inactive|ikaoss has 20 seconds left.\n|inactive|ikaoss has 15 seconds left.\n|inactive|ikaoss has 10 seconds left.\n|\n|t:|1733605330\n|switch|p2a: Raikou|Raikou, L81, tera:Water|165/278\n|-ability|p2a: Raikou|Pressure\n|turn|39\n|inactive|ikaoss has 20 seconds left this turn.\n|inactive|ikaoss has 15 seconds left.\n|inactive|ikaoss has 10 seconds left.\n|inactive|paysa has 30 seconds left.\n|\n|t:|1733605354\n|move|p2a: Raikou|Substitute|p2a: Raikou\n|-start|p2a: Raikou|Substitute\n|-damage|p2a: Raikou|96/278\n|move|p1a: Tatsugiri|Draco Meteor|p2a: Raikou\n|-end|p2a: Raikou|Substitute\n|-unboost|p1a: Tatsugiri|spa|2\n|-damage|p1a: Tatsugiri|98/260|[from] item: Life Orb\n|\n|-heal|p2a: Raikou|113/278|[from] item: Leftovers\n|upkeep\n|turn|40\n|inactive|ikaoss has 20 seconds left this turn.\n|inactive|paysa has 30 seconds left.\n|inactive|ikaoss has 15 seconds left.\n|inactive|ikaoss has 10 seconds left.\n|\n|t:|1733605368\n|move|p2a: Raikou|Calm Mind|p2a: Raikou\n|-boost|p2a: Raikou|spa|1\n|-boost|p2a: Raikou|spd|1\n|move|p1a: Tatsugiri|Draco Meteor|p2a: Raikou\n|-damage|p2a: Raikou|47/278\n|-unboost|p1a: Tatsugiri|spa|2\n|-damage|p1a: Tatsugiri|72/260|[from] item: Life Orb\n|\n|-heal|p2a: Raikou|64/278|[from] item: Leftovers\n|upkeep\n|turn|41\n|inactive|ikaoss has 20 seconds left this turn.\n|inactive|paysa has 30 seconds left.\n|inactive|ikaoss has 15 seconds left.\n|inactive|paysa has 20 seconds left.\n|inactive|paysa has 15 seconds left.\n|inactive|paysa has 10 seconds left.\n|inactive|paysa has 5 seconds left.\n|\n|t:|1733605398\n|switch|p1a: Cryogonal|Cryogonal, L89|27/287\n|-damage|p1a: Cryogonal|0 fnt|[from] Stealth Rock\n|faint|p1a: Cryogonal\n|move|p2a: Raikou|Thunderbolt|p1: Cryogonal|[notarget]\n|-fail|p2a: Raikou\n|\n|-heal|p2a: Raikou|81/278|[from] item: Leftovers\n|upkeep\n|inactive|paysa has 10 seconds left this turn.\n|inactive|ikaoss has 20 seconds left this turn.\n|inactive|paysa has 5 seconds left.\n|\n|t:|1733605404\n|switch|p1a: Metagross|Metagross, L79|256/256\n|-damage|p1a: Metagross|240/256|[from] Stealth Rock\n|turn|42\n|inactive|paysa has 15 seconds left this turn.\n|inactive|ikaoss has 30 seconds left this turn.\n|inactive|paysa has 10 seconds left.\n|inactive|paysa has 5 seconds left.\n|inactive|ikaoss has 20 seconds left.\n|\n|t:|1733605416\n|switch|p2a: Leafeon|Leafeon, L88, F|134/258\n|move|p1a: Metagross|Knock Off|p2a: Leafeon\n|-damage|p2a: Leafeon|97/258\n|\n|-heal|p1a: Metagross|256/256|[from] item: Leftovers\n|upkeep\n|turn|43\n|inactive|paysa has 15 seconds left this turn.\n|inactive|ikaoss has 30 seconds left this turn.\n|inactive|paysa has 10 seconds left.\n|inactive|paysa has 5 seconds left.\n|inactive|ikaoss has 20 seconds left.\n|\n|t:|1733605428\n|switch|p1a: Incineroar|Incineroar, L82, F|290/290\n|-damage|p1a: Incineroar|218/290|[from] Stealth Rock\n|-ability|p1a: Incineroar|Intimidate|boost\n|-unboost|p2a: Leafeon|atk|1\n|move|p2a: Leafeon|Knock Off|p1a: Incineroar\n|-resisted|p1a: Incineroar\n|-damage|p1a: Incineroar|192/290\n|-enditem|p1a: Incineroar|Assault Vest|[from] move: Knock Off|[of] p2a: Leafeon\n|\n|upkeep\n|turn|44\n|inactive|paysa has 15 seconds left this turn.\n|inactive|ikaoss has 30 seconds left this turn.\n|inactive|paysa has 10 seconds left.\n|inactive|ikaoss has 20 seconds left.\n|\n|t:|1733605440\n|move|p2a: Leafeon|Synthesis|p2a: Leafeon\n|-heal|p2a: Leafeon|226/258\n|move|p1a: Incineroar|Knock Off|p2a: Leafeon\n|-damage|p2a: Leafeon|174/258\n|\n|upkeep\n|turn|45\n|inactive|paysa has 20 seconds left this turn.\n|inactive|ikaoss has 30 seconds left this turn.\n|inactive|paysa has 15 seconds left.\n|inactive|paysa has 10 seconds left.\n|inactive|ikaoss has 20 seconds left.\n|inactive|paysa has 5 seconds left.\n|inactive|ikaoss has 15 seconds left.\n|inactive|ikaoss has 10 seconds left.\n|inactive|ikaoss has 5 seconds left.\n|\n|t:|1733605466\n|switch|p2a: Reuniclus|Reuniclus, L88, F|337/337\n|move|p1a: Incineroar|Knock Off|p2a: Reuniclus\n|-supereffective|p2a: Reuniclus\n|-damage|p2a: Reuniclus|163/337\n|\n|upkeep\n|turn|46\n|inactive|paysa has 15 seconds left this turn.\n|inactive|ikaoss has 15 seconds left this turn.\n|inactive|paysa has 10 seconds left.\n|inactive|paysa has 5 seconds left.\n|\n|t:|1733605479\n|move|p1a: Incineroar|Knock Off|p2a: Reuniclus\n|-supereffective|p2a: Reuniclus\n|-damage|p2a: Reuniclus|5/337\n|move|p2a: Reuniclus|Focus Blast|p1a: Incineroar|[miss]\n|-miss|p2a: Reuniclus|p1a: Incineroar\n|\n|upkeep\n|turn|47\n|inactive|paysa has 15 seconds left this turn.\n|inactive|ikaoss has 25 seconds left this turn.\n|inactive|ikaoss has 20 seconds left.\n|\n|t:|1733605488\n|move|p1a: Incineroar|Knock Off|p2a: Reuniclus\n|-supereffective|p2a: Reuniclus\n|-damage|p2a: Reuniclus|0 fnt\n|faint|p2a: Reuniclus\n|\n|upkeep\n|inactive|paysa has 20 seconds left this turn.\n|inactive|ikaoss has 25 seconds left this turn.\n|inactive|ikaoss has 20 seconds left.\n|\n|t:|1733605495\n|switch|p2a: Raikou|Raikou, L81, tera:Water|81/278\n|-ability|p2a: Raikou|Pressure\n|turn|48\n|inactive|paysa has 30 seconds left this turn.\n|inactive|ikaoss has 30 seconds left this turn.\n|inactive|paysa has 20 seconds left.\n|inactive|paysa has 15 seconds left.\n|inactive|paysa has 10 seconds left.\n|inactive|paysa has 5 seconds left.\n|\n|t:|1733605522\n|switch|p1a: Tatsugiri|Tatsugiri, L87, M|72/260\n|-damage|p1a: Tatsugiri|40/260|[from] Stealth Rock\n|move|p2a: Raikou|Scald|p1a: Tatsugiri\n|-ability|p1a: Tatsugiri|Storm Drain|boost\n|-boost|p1a: Tatsugiri|spa|1\n|\n|-heal|p2a: Raikou|98/278|[from] item: Leftovers\n|upkeep\n|turn|49\n|inactive|paysa has 15 seconds left this turn.\n|\n|t:|1733605525\n|move|p2a: Raikou|Thunderbolt|p1a: Tatsugiri\n|-damage|p1a: Tatsugiri|0 fnt\n|faint|p1a: Tatsugiri\n|\n|-heal|p2a: Raikou|115/278|[from] item: Leftovers\n|upkeep\n|inactive|paysa has 20 seconds left this turn.\n|\n|t:|1733605527\n|switch|p1a: Metagross|Metagross, L79|256/256\n|-damage|p1a: Metagross|240/256|[from] Stealth Rock\n|turn|50\n|inactive|paysa has 30 seconds left this turn.\n|inactive|ikaoss has 30 seconds left.\n|inactive|ikaoss has 20 seconds left.\n|inactive|ikaoss has 15 seconds left.\n|\n|t:|1733605571\n|switch|p2a: Leafeon|Leafeon, L88, F|174/258\n|move|p1a: Metagross|Psychic Fangs|p2a: Leafeon\n|-damage|p2a: Leafeon|105/258\n|\n|-heal|p1a: Metagross|256/256|[from] item: Leftovers\n|upkeep\n|turn|51\n|inactive|ikaoss has 25 seconds left this turn.\n|inactive|ikaoss has 20 seconds left.\n|inactive|ikaoss has 15 seconds left.\n|inactive|ikaoss has 10 seconds left.\n|inactive|ikaoss has 5 seconds left.\n|\n|t:|1733605593\n|switch|p1a: Incineroar|Incineroar, L82, F|192/290\n|-damage|p1a: Incineroar|120/290|[from] Stealth Rock\n|-ability|p1a: Incineroar|Intimidate|boost\n|-unboost|p2a: Leafeon|atk|1\n|move|p2a: Leafeon|Synthesis|p2a: Leafeon\n|-heal|p2a: Leafeon|234/258\n|\n|upkeep\n|turn|52\n|inactive|ikaoss has 15 seconds left this turn.\n|inactive|ikaoss has 10 seconds left.\n|inactive|ikaoss has 5 seconds left.\n|\n|t:|1733605606\n|move|p2a: Leafeon|Leaf Blade|p1a: Incineroar\n|-resisted|p1a: Incineroar\n|-damage|p1a: Incineroar|79/290\n|move|p1a: Incineroar|Overheat|p2a: Leafeon\n|-supereffective|p2a: Leafeon\n|-damage|p2a: Leafeon|0 fnt\n|-unboost|p1a: Incineroar|spa|2\n|faint|p2a: Leafeon\n|\n|upkeep\n|inactive|ikaoss has 10 seconds left this turn.\n|\n|t:|1733605609\n|switch|p2a: Raikou|Raikou, L81, tera:Water|115/278\n|-ability|p2a: Raikou|Pressure\n|turn|53\n|inactive|ikaoss has 20 seconds left this turn.\n|\n|t:|1733605617\n|move|p2a: Raikou|Scald|p1a: Incineroar\n|-supereffective|p1a: Incineroar\n|-damage|p1a: Incineroar|0 fnt\n|faint|p1a: Incineroar\n|\n|-heal|p2a: Raikou|132/278|[from] item: Leftovers\n|upkeep\n|inactive|ikaoss has 25 seconds left this turn.\n|\n|t:|1733605620\n|switch|p1a: Metagross|Metagross, L79|256/256\n|-damage|p1a: Metagross|240/256|[from] Stealth Rock\n|turn|54\n|inactive|ikaoss has 30 seconds left.\n|\n|t:|1733605626\n|move|p2a: Raikou|Scald|p1a: Metagross\n|-damage|p1a: Metagross|147/256\n|move|p1a: Metagross|Psychic Fangs|p2a: Raikou\n|-damage|p2a: Raikou|3/278\n|\n|-heal|p2a: Raikou|20/278|[from] item: Leftovers\n|-heal|p1a: Metagross|163/256|[from] item: Leftovers\n|upkeep\n|turn|55\n|\n|t:|1733605632\n|move|p2a: Raikou|Thunderbolt|p1a: Metagross\n|-damage|p1a: Metagross|64/256\n|move|p1a: Metagross|Psychic Fangs|p2a: Raikou\n|-damage|p2a: Raikou|0 fnt\n|faint|p2a: Raikou\n|\n|win|paysa\n|raw|paysa's rating: 2396 &rarr; <strong>2413</strong><br />(+17 for winning)\n|raw|ikaoss's rating: 2347 &rarr; <strong>2330</strong><br />(-17 for losing)\n|c|\u2606paysa|FEWNKFYESSSSSSSSSSSSSSSSSSSSSSSSSSSSS\n|l|\u2606paysa\n|player|p1|\n|j|\u2606paysa\n|player|p1|paysa|rocketgruntf|\n", "inputlog": ">version 233a96b70f833eb131bd84157cd6ea1f74f01810\n>start {\"formatid\":\"gen9randombattle\",\"seed\":[36320,2754,62744,20279],\"rated\":\"Rated battle\"}\n>player p1 {\"name\":\"paysa\",\"avatar\":\"rocketgruntf\",\"rating\":2396,\"seed\":[45547,30974,41274,25424]}\n>player p2 {\"name\":\"ikaoss\",\"avatar\":\"101\",\"rating\":2367,\"seed\":[16369,2778,26198,47196]}\n>p1 move uturn\n>p2 switch 2\n>p1 switch 2\n>p1 move swordsdance\n>p2 switch 3\n>p1 move knockoff\n>p2 move sludgebomb\n>p1 switch 4\n>p2 move protect\n>p1 move knockoff\n>p2 switch 5\n>p1 switch 2\n>p2 move swordsdance\n>p1 move uturn\n>p2 switch 3\n>p1 switch 2\n>p1 move heavyslam\n>p2 switch 3\n>p1 switch 2\n>p2 move synthesis\n>p1 move knockoff\n>p2 switch 3\n>p1 switch 5\n>p2 move stealthrock\n>p1 switch 2\n>p2 switch 6\n>p1 move heavyslam\n>p2 switch 3\n>p1 switch 2\n>p2 move knockoff\n>p1 move rapidspin\n>p2 switch 3\n>p1 switch 2\n>p2 move focusblast\n>p1 switch 5\n>p2 switch 3\n>p1 move uturn\n>p2 switch 6\n>p1 switch 6\n>p1 move nastyplot\n>p2 switch 2\n>p1 move dracometeor\n>p2 switch 5\n>p2 switch 5\n>p1 switch 2\n>p2 move crunch\n>p1 switch 6\n>p2 move suckerpunch\n>p1 move uturn\n>p2 switch 2\n>p1 switch 2\n>p1 move dracometeor\n>p2 switch 2\n>p1 switch 4\n>p2 move spore\n>p1 switch 2\n>p2 move suckerpunch\n>p1 move uturn\n>p2 switch 2\n>p1 switch 4\n>p1 move dracometeor\n>p2 switch 2\n>p2 switch 4\n>p1 switch 3\n>p2 move calmmind\n>p1 move relicsong\n>p2 move substitute\n>p1 move tripleaxel\n>p2 move scald terastallize\n>p1 move closecombat\n>p2 switch 3\n>p1 move knockoff\n>p2 move recover\n>p1 switch 4\n>p1 move knockoff\n>p2 move recover\n>p1 move knockoff\n>p2 move recover\n>p1 move knockoff\n>p2 switch 2\n>p1 switch 2\n>p2 move stealthrock\n>p1 switch 3\n>p1 move surf\n>p2 move stoneedge\n>p2 switch 3\n>p1 move dracometeor\n>p2 move substitute\n>p1 move dracometeor\n>p2 move calmmind\n>p1 switch 6\n>p2 move thunderbolt\n>p1 switch 5\n>p1 move knockoff\n>p2 switch 6\n>p1 switch 2\n>p2 move knockoff\n>p1 move knockoff\n>p2 move synthesis\n>p1 move knockoff\n>p2 switch 2\n>p1 move knockoff\n>p2 move focusblast\n>p1 move knockoff\n>p2 move focusblast\n>p2 switch 6\n>p1 switch 6\n>p2 move scald\n>p1 move dracometeor\n>p2 move thunderbolt\n>p1 switch 2\n>p1 move psychicfangs\n>p2 switch 2\n>p1 switch 6\n>p2 move synthesis\n>p1 move overheat\n>p2 move leafblade\n>p2 switch 2\n>p1 move knockoff\n>p2 move scald\n>p1 switch 6\n>p1 move psychicfangs\n>p2 move scald\n>p1 move psychicfangs\n>p2 move thunderbolt", "uploadtime": 1733605665, "views": 7, "formatid": "gen9randombattle", "rating": 2330, "private": 0, "password": null}