{"id": "gen9randombattle-2131925670", "format": "[Gen 9] Random Battle", "players": ["EGAKecleons", "kandkad"], "log": "|j|\u2606EGAKecleons\n|j|\u203dkandkad\n|t:|1716870199\n|gametype|singles\n|player|p1|EGAKecleons|101|2211\n|player|p2|kandkad|clemont|2359\n|teamsize|p1|6\n|teamsize|p2|6\n|gen|9\n|tier|[Gen 9] Random Battle\n|rated|\n|rule|Species Clause: Limit one of each Pok\u00e9mon\n|rule|HP Percentage Mod: HP is shown in percentages\n|rule|Sleep Clause Mod: Limit one foe put to sleep\n|rule|Illusion Level Mod: Illusion disguises the Pok\u00e9mon's true level\n|\n|t:|1716870199\n|start\n|switch|p1a: Lanturn|Lanturn, L89, F|367/367\n|switch|p2a: Zarude|Zarude, L78|292/292\n|turn|1\n|inactive|Battle timer is ON: inactive players will automatically lose when time's up. (requested by kandkad)\n|\n|t:|1716870218\n|move|p2a: Zarude|Swords Dance|p2a: Zarude\n|-boost|p2a: Zarude|atk|2\n|move|p1a: Lanturn|Thunder Wave|p2a: Zarude\n|-status|p2a: Zarude|par\n|\n|upkeep\n|turn|2\n|\n|t:|1716870227\n|move|p1a: Lanturn|Volt Switch|p2a: Zarude\n|-resisted|p2a: Zarude\n|-damage|p2a: Zarude|259/292 par\n|\n|t:|1716870237\n|switch|p1a: Milotic|Milotic, L83, F|293/293|[from] Volt Switch\n|move|p2a: Zarude|Power Whip|p1a: Milotic\n|-supereffective|p1a: Milotic\n|-damage|p1a: Milotic|0 fnt\n|faint|p1a: Milotic\n|\n|-heal|p2a: Zarude|277/292 par|[from] item: Leftovers\n|upkeep\n|\n|t:|1716870247\n|switch|p1a: Solgaleo|Solgaleo, L74|325/325\n|turn|3\n|\n|t:|1716870253\n|move|p1a: Solgaleo|Close Combat|p2a: Zarude\n|-supereffective|p2a: Zarude\n|-damage|p2a: Zarude|117/292 par\n|-unboost|p1a: Solgaleo|def|1\n|-unboost|p1a: Solgaleo|spd|1\n|cant|p2a: Zarude|par\n|\n|-heal|p2a: Zarude|135/292 par|[from] item: Leftovers\n|upkeep\n|turn|4\n|\n|t:|1716870259\n|move|p1a: Solgaleo|Close Combat|p2a: Zarude\n|-supereffective|p2a: Zarude\n|-damage|p2a: Zarude|0 fnt\n|-unboost|p1a: Solgaleo|def|1\n|-unboost|p1a: Solgaleo|spd|1\n|faint|p2a: Zarude\n|\n|upkeep\n|\n|t:|1716870264\n|switch|p2a: Mabosstiff|Mabosstiff, L86, M|278/278\n|turn|5\n|\n|t:|1716870272\n|move|p2a: Mabosstiff|Crunch|p1a: Solgaleo\n|-supereffective|p1a: Solgaleo\n|-damage|p1a: Solgaleo|0 fnt\n|faint|p1a: Solgaleo\n|\n|upkeep\n|\n|t:|1716870279\n|switch|p1a: Zangoose|Zangoose, L86, F|266/266\n|turn|6\n|\n|t:|1716870288\n|move|p2a: Mabosstiff|Crunch|p1a: Zangoose\n|-damage|p1a: Zangoose|121/266\n|move|p1a: Zangoose|Knock Off|p2a: Mabosstiff\n|-resisted|p2a: Mabosstiff\n|-damage|p2a: Mabosstiff|236/278\n|-enditem|p2a: Mabosstiff|Choice Scarf|[from] move: Knock Off|[of] p1a: Zangoose\n|\n|-status|p1a: Zangoose|tox|[from] item: Toxic Orb\n|upkeep\n|turn|7\n|\n|t:|1716870300\n|move|p1a: Zangoose|Facade|p2a: Mabosstiff\n|-damage|p2a: Mabosstiff|0 fnt\n|faint|p2a: Mabosstiff\n|\n|-damage|p1a: Zangoose|105/266 tox|[from] psn\n|upkeep\n|\n|t:|1716870304\n|switch|p2a: Tinkaton|Tinkaton, L82, F|274/274\n|-ability|p2a: Tinkaton|Mold Breaker\n|turn|8\n|\n|t:|1716870310\n|move|p1a: Zangoose|Facade|p2a: Tinkaton\n|-resisted|p2a: Tinkaton\n|-damage|p2a: Tinkaton|133/274\n|move|p2a: Tinkaton|Knock Off|p1a: Zangoose\n|-damage|p1a: Zangoose|17/266 tox\n|-enditem|p1a: Zangoose|Toxic Orb|[from] move: Knock Off|[of] p2a: Tinkaton\n|-damage|p2a: Tinkaton|106/274|[from] item: Life Orb\n|\n|-damage|p1a: Zangoose|0 fnt|[from] psn\n|faint|p1a: Zangoose\n|upkeep\n|\n|t:|1716870321\n|switch|p1a: Thundurus|Thundurus-Therian, L80, M|258/258\n|turn|9\n|\n|t:|1716870335\n|move|p1a: Thundurus|Nasty Plot|p1a: Thundurus\n|-boost|p1a: Thundurus|spa|2\n|move|p2a: Tinkaton|Play Rough|p1a: Thundurus\n|-damage|p1a: Thundurus|145/258\n|-damage|p2a: Tinkaton|79/274|[from] item: Life Orb\n|\n|upkeep\n|turn|10\n|\n|t:|1716870340\n|switch|p2a: Quagsire|Quagsire, L84, F|297/297\n|move|p1a: Thundurus|Thunderbolt|p2a: Quagsire\n|-immune|p2a: Quagsire\n|\n|upkeep\n|turn|11\n|\n|t:|1716870350\n|switch|p2a: Tinkaton|Tinkaton, L82, F|79/274\n|-ability|p2a: Tinkaton|Mold Breaker\n|-terastallize|p1a: Thundurus|Flying\n|move|p1a: Thundurus|Tera Blast|p2a: Tinkaton|[anim] Tera Blast Flying\n|-resisted|p2a: Tinkaton\n|-damage|p2a: Tinkaton|0 fnt\n|faint|p2a: Tinkaton\n|\n|upkeep\n|\n|t:|1716870378\n|switch|p2a: Vileplume|Vileplume, L86, M|269/269\n|turn|12\n|\n|t:|1716870390\n|move|p1a: Thundurus|Thunderbolt|p2a: Vileplume\n|-resisted|p2a: Vileplume\n|-damage|p2a: Vileplume|145/269\n|move|p2a: Vileplume|Sludge Bomb|p1a: Thundurus\n|-damage|p1a: Thundurus|19/258\n|-status|p1a: Thundurus|psn\n|\n|-heal|p2a: Vileplume|161/269|[from] item: Leftovers\n|-damage|p1a: Thundurus|0 fnt|[from] psn\n|faint|p1a: Thundurus\n|upkeep\n|\n|t:|1716870398\n|switch|p1a: Dragapult|Dragapult, L77, F|262/262\n|turn|13\n|\n|t:|1716870403\n|move|p1a: Dragapult|Draco Meteor|p2a: Vileplume\n|-damage|p2a: Vileplume|0 fnt\n|-unboost|p1a: Dragapult|spa|2\n|faint|p2a: Vileplume\n|\n|upkeep\n|\n|t:|1716870405\n|switch|p2a: Glimmora|Glimmora, L76, F|251/251\n|-item|p2a: Glimmora|Air Balloon\n|turn|14\n|\n|t:|1716870416\n|switch|p1a: Lanturn|Lanturn, L89, F|367/367\n|move|p2a: Glimmora|Earth Power|p1a: Lanturn\n|-supereffective|p1a: Lanturn\n|-damage|p1a: Lanturn|231/367\n|\n|upkeep\n|turn|15\n|\n|t:|1716870425\n|move|p2a: Glimmora|Earth Power|p1a: Lanturn\n|-supereffective|p1a: Lanturn\n|-damage|p1a: Lanturn|99/367\n|move|p1a: Lanturn|Scald|p2a: Glimmora\n|-supereffective|p2a: Glimmora\n|-damage|p2a: Glimmora|63/251\n|-enditem|p2a: Glimmora|Air Balloon\n|\n|upkeep\n|turn|16\n|\n|t:|1716870432\n|move|p2a: Glimmora|Earth Power|p1a: Lanturn\n|-supereffective|p1a: Lanturn\n|-damage|p1a: Lanturn|0 fnt\n|faint|p1a: Lanturn\n|\n|upkeep\n|\n|t:|1716870433\n|switch|p1a: Dragapult|Dragapult, L77, F|262/262\n|turn|17\n|inactive|EGAKecleons has 120 seconds left.\n|\n|t:|1716870479\n|move|p1a: Dragapult|Shadow Ball|p2a: Glimmora\n|-damage|p2a: Glimmora|0 fnt\n|faint|p2a: Glimmora\n|\n|upkeep\n|\n|t:|1716870482\n|switch|p2a: Quagsire|Quagsire, L84, F|297/297\n|turn|18\n|\n|t:|1716870487\n|move|p1a: Dragapult|Shadow Ball|p2a: Quagsire\n|-damage|p2a: Quagsire|158/297\n|move|p2a: Quagsire|Ice Beam|p1a: Dragapult\n|-supereffective|p1a: Dragapult\n|-damage|p1a: Dragapult|140/262\n|\n|-heal|p2a: Quagsire|176/297|[from] item: Leftovers\n|upkeep\n|turn|19\n|inactive|EGAKecleons has 120 seconds left.\n|\n|t:|1716870493\n|move|p1a: Dragapult|Shadow Ball|p2a: Quagsire\n|-damage|p2a: Quagsire|49/297\n|move|p2a: Quagsire|Recover|p2a: Quagsire\n|-heal|p2a: Quagsire|198/297\n|\n|-heal|p2a: Quagsire|216/297|[from] item: Leftovers\n|upkeep\n|turn|20\n|\n|t:|1716870495\n|move|p1a: Dragapult|Shadow Ball|p2a: Quagsire\n|-damage|p2a: Quagsire|83/297\n|move|p2a: Quagsire|Recover|p2a: Quagsire\n|-heal|p2a: Quagsire|232/297\n|\n|-heal|p2a: Quagsire|250/297|[from] item: Leftovers\n|upkeep\n|turn|21\n|\n|t:|1716870499\n|move|p1a: Dragapult|Shadow Ball|p2a: Quagsire\n|-damage|p2a: Quagsire|109/297\n|move|p2a: Quagsire|Recover|p2a: Quagsire\n|-heal|p2a: Quagsire|258/297\n|\n|-heal|p2a: Quagsire|276/297|[from] item: Leftovers\n|upkeep\n|turn|22\n|\n|t:|1716870503\n|move|p1a: Dragapult|Shadow Ball|p2a: Quagsire\n|-damage|p2a: Quagsire|150/297\n|-unboost|p2a: Quagsire|spd|1\n|move|p2a: Quagsire|Ice Beam|p1a: Dragapult\n|-supereffective|p1a: Dragapult\n|-damage|p1a: Dragapult|32/262\n|\n|-heal|p2a: Quagsire|168/297|[from] item: Leftovers\n|upkeep\n|turn|23\n|\n|t:|1716870509\n|-terastallize|p2a: Quagsire|Fairy\n|move|p1a: Dragapult|Shadow Ball|p2a: Quagsire\n|-damage|p2a: Quagsire|0 fnt\n|faint|p2a: Quagsire\n|\n|win|EGAKecleons\n|raw|EGAKecleons's rating: 2211 &rarr; <strong>2239</strong><br />(+28 for winning)\n|raw|kandkad's rating: 2359 &rarr; <strong>2331</strong><br />(-28 for losing)\n|l|\u203dkandkad\n|player|p2|\n", "inputlog": ">version 7158ead19aeac8750849df2840eabb6dbec77df6\n>start {\"formatid\":\"gen9randombattle\",\"seed\":[22383,12032,43313,14121],\"rated\":\"Rated battle\"}\n>player p1 {\"name\":\"EGAKecleons\",\"avatar\":\"101\",\"rating\":2211,\"seed\":[40212,37106,64041,16189]}\n>player p2 {\"name\":\"kandkad\",\"avatar\":\"clemont\",\"rating\":2359,\"seed\":[33146,56590,61484,41570]}\n>p1 move thunderwave\n>p2 move swordsdance\n>p1 move voltswitch\n>p2 move powerwhip\n>p1 switch 2\n>p1 switch 6\n>p1 move closecombat\n>p2 move knockoff\n>p1 move closecombat\n>p2 move knockoff\n>p2 switch 6\n>p1 move closecombat\n>p2 move crunch\n>p1 switch 5\n>p1 move knockoff\n>p2 move crunch\n>p1 move facade\n>p2 move crunch\n>p2 switch 5\n>p1 move facade\n>p2 move knockoff\n>p1 switch 3\n>p1 move nastyplot\n>p2 move playrough\n>p1 move thunderbolt\n>p2 switch 4\n>p1 move terablast terastallize\n>p2 switch 4\n>p2 switch 2\n>p1 move thunderbolt\n>p2 move sludgebomb\n>p1 switch 4\n>p1 move dracometeor\n>p2 move sleeppowder\n>p2 switch 3\n>p1 switch 2\n>p2 move earthpower\n>p1 move scald\n>p2 move earthpower\n>p1 move scald\n>p2 move earthpower\n>p1 switch 2\n>p1 move shadowball\n>p2 move earthpower\n>p2 switch 4\n>p1 move shadowball\n>p2 move icebeam\n>p1 move shadowball\n>p2 move recover\n>p1 move shadowball\n>p2 move recover\n>p1 move shadowball\n>p2 move recover\n>p1 move shadowball\n>p2 move icebeam\n>p1 move shadowball\n>p2 move icebeam terastallize", "uploadtime": 1716870517, "views": 211, "formatid": "gen9randombattle", "rating": 2239, "private": 0, "password": null}