{"id": "gen9randombattle-2260571947", "format": "[Gen 9] Random Battle", "players": ["Karnisbroken", "Az1anSensation2"], "log": "|j|\u2606Karnisbroken\n|j|\u203dAz1anSensation2\n|t:|1733864820\n|gametype|singles\n|player|p1|Karnisbroken|169|2143\n|player|p2|Az1anSensation2|265|2174\n|teamsize|p1|6\n|teamsize|p2|6\n|gen|9\n|tier|[Gen 9] Random Battle\n|rated|\n|rule|Species Clause: Limit one of each Pok\u00e9mon\n|rule|HP Percentage Mod: HP is shown in percentages\n|rule|Sleep Clause Mod: Limit one foe put to sleep\n|rule|Illusion Level Mod: Illusion disguises the Pok\u00e9mon's true level\n|\n|t:|1733864820\n|start\n|switch|p1a: Eternatus|Eternatus, L69|308/308\n|switch|p2a: Keldeo|Keldeo-Resolute, L79|273/273\n|-ability|p1a: Eternatus|Pressure\n|turn|1\n|inactive|Battle timer is ON: inactive players will automatically lose when time's up. (requested by Az1anSensation2)\n|\n|t:|1733864845\n|switch|p2a: Corviknight|Corviknight, L80, F|288/288\n|-ability|p2a: Corviknight|Pressure\n|move|p1a: Eternatus|Dynamax Cannon|p2a: Corviknight\n|-resisted|p2a: Corviknight\n|-damage|p2a: Corviknight|237/288\n|\n|-heal|p2a: Corviknight|255/288|[from] item: Leftovers\n|upkeep\n|turn|2\n|inactive|Az1anSensation2 has 120 seconds left.\n|\n|t:|1733864887\n|switch|p2a: Hydrapple|Hydrapple, L83, F|312/312\n|move|p1a: Eternatus|Fire Blast|p2a: Hydrapple\n|-damage|p2a: Hydrapple|263/312\n|\n|upkeep\n|turn|3\n|\n|t:|1733864910\n|move|p1a: Eternatus|Dynamax Cannon|p2a: Hydrapple\n|-supereffective|p2a: Hydrapple\n|-damage|p2a: Hydrapple|123/312\n|move|p2a: Hydrapple|Fickle Beam|p1a: Eternatus|[anim] Fickle Beam All Out\n|-activate|p2a: Hydrapple|move: Fickle Beam\n|-supereffective|p1a: Eternatus\n|-damage|p1a: Eternatus|0 fnt\n|faint|p1a: Eternatus\n|\n|upkeep\n|\n|t:|1733864922\n|switch|p1a: Kricketune|Kricketune, L99, F|312/312\n|turn|4\n|\n|t:|1733864929\n|switch|p2a: Corviknight|Corviknight, L80, F|255/288\n|-ability|p2a: Corviknight|Pressure\n|move|p1a: Kricketune|Sticky Web|p2a: Corviknight\n|-sidestart|p2: Az1anSensation2|move: Sticky Web\n|\n|-heal|p2a: Corviknight|273/288|[from] item: Leftovers\n|upkeep\n|turn|5\n|\n|t:|1733864941\n|move|p1a: Kricketune|Knock Off|p2a: Corviknight\n|-damage|p2a: Corviknight|189/288\n|-enditem|p2a: Corviknight|Leftovers|[from] move: Knock Off|[of] p1a: Kricketune\n|move|p2a: Corviknight|Defog|p1a: Kricketune\n|-unboost|p1a: Kricketune|evasion|1\n|-sideend|p2: Az1anSensation2|Sticky Web|[from] move: Defog|[of] p2a: Corviknight\n|\n|upkeep\n|turn|6\n|\n|t:|1733864948\n|switch|p1a: Skeledirge|Skeledirge, L79, F|294/294\n|move|p2a: Corviknight|Brave Bird|p1a: Skeledirge\n|-damage|p1a: Skeledirge|186/294\n|-damage|p2a: Corviknight|153/288|[from] Recoil\n|\n|upkeep\n|turn|7\n|\n|t:|1733864955\n|move|p2a: Corviknight|U-turn|p1a: Skeledirge\n|-resisted|p1a: Skeledirge\n|-damage|p1a: Skeledirge|175/294\n|\n|t:|1733864972\n|switch|p2a: Hydrapple|Hydrapple, L83, F|227/312|[from] U-turn\n|move|p1a: Skeledirge|Will-O-Wisp|p2a: Hydrapple\n|-status|p2a: Hydrapple|brn\n|\n|-damage|p2a: Hydrapple|208/312 brn|[from] brn\n|upkeep\n|turn|8\n|\n|t:|1733864980\n|move|p1a: Skeledirge|Torch Song|p2a: Hydrapple\n|-damage|p2a: Hydrapple|151/312 brn\n|-boost|p1a: Skeledirge|spa|1\n|move|p2a: Hydrapple|Earth Power|p1a: Skeledirge\n|-supereffective|p1a: Skeledirge\n|-damage|p1a: Skeledirge|13/294\n|\n|-damage|p2a: Hydrapple|132/312 brn|[from] brn\n|upkeep\n|turn|9\n|\n|t:|1733864999\n|switch|p2a: Kyogre|Kyogre, L71|259/259\n|-weather|RainDance|[from] ability: Drizzle|[of] p2a: Kyogre\n|move|p1a: Skeledirge|Hex|p2a: Kyogre\n|-damage|p2a: Kyogre|178/259\n|\n|-weather|RainDance|[upkeep]\n|-heal|p2a: Kyogre|194/259|[from] item: Leftovers\n|upkeep\n|turn|10\n|\n|t:|1733865019\n|move|p2a: Kyogre|Ice Beam|p1a: Skeledirge\n|-resisted|p1a: Skeledirge\n|-damage|p1a: Skeledirge|0 fnt\n|faint|p1a: Skeledirge\n|\n|-weather|RainDance|[upkeep]\n|-heal|p2a: Kyogre|210/259|[from] item: Leftovers\n|upkeep\n|\n|t:|1733865022\n|switch|p1a: Kricketune|Kricketune, L99, F|312/312\n|turn|11\n|\n|t:|1733865033\n|switch|p2a: Corviknight|Corviknight, L80, F|153/288\n|-ability|p2a: Corviknight|Pressure\n|move|p1a: Kricketune|Sticky Web|p2a: Corviknight\n|-sidestart|p2: Az1anSensation2|move: Sticky Web\n|\n|-weather|RainDance|[upkeep]\n|upkeep\n|turn|12\n|\n|t:|1733865037\n|move|p1a: Kricketune|Taunt|p2a: Corviknight\n|-start|p2a: Corviknight|move: Taunt\n|cant|p2a: Corviknight|move: Taunt|Defog\n|\n|-weather|RainDance|[upkeep]\n|upkeep\n|turn|13\n|\n|t:|1733865043\n|switch|p1a: Tentacruel|Tentacruel, L84, M|272/272\n|move|p2a: Corviknight|Brave Bird|p1a: Tentacruel\n|-damage|p1a: Tentacruel|140/272\n|-damage|p2a: Corviknight|109/288|[from] Recoil\n|\n|-weather|none\n|-heal|p1a: Tentacruel|157/272|[from] item: Leftovers\n|upkeep\n|turn|14\n|\n|t:|1733865069\n|switch|p2a: Hydrapple|Hydrapple, L83, F|236/312 brn\n|-activate|p2a: Hydrapple|move: Sticky Web\n|-unboost|p2a: Hydrapple|spe|1\n|move|p1a: Tentacruel|Surf|p2a: Hydrapple\n|-resisted|p2a: Hydrapple\n|-damage|p2a: Hydrapple|221/312 brn\n|\n|-heal|p1a: Tentacruel|174/272|[from] item: Leftovers\n|-damage|p2a: Hydrapple|202/312 brn|[from] brn\n|upkeep\n|turn|15\n|\n|t:|1733865079\n|switch|p1a: Kricketune|Kricketune, L99, F|312/312\n|move|p2a: Hydrapple|Earth Power|p1a: Kricketune\n|-resisted|p1a: Kricketune\n|-damage|p1a: Kricketune|264/312\n|\n|-damage|p2a: Hydrapple|183/312 brn|[from] brn\n|upkeep\n|turn|16\n|\n|t:|1733865097\n|switch|p2a: Corviknight|Corviknight, L80, F|109/288\n|-ability|p2a: Corviknight|Pressure\n|move|p1a: Kricketune|Taunt|p2a: Corviknight\n|-start|p2a: Corviknight|move: Taunt\n|\n|upkeep\n|turn|17\n|\n|t:|1733865104\n|switch|p1a: Garchomp|Garchomp, L74, M|282/282\n|move|p2a: Corviknight|Brave Bird|p1a: Garchomp\n|-damage|p1a: Garchomp|165/282\n|-damage|p2a: Corviknight|73/288|[from] ability: Rough Skin|[of] p1a: Garchomp\n|-damage|p2a: Corviknight|25/288|[from] item: Rocky Helmet|[of] p1a: Garchomp\n|-damage|p2a: Corviknight|0 fnt|[from] Recoil\n|faint|p2a: Corviknight\n|\n|upkeep\n|\n|t:|1733865123\n|switch|p2a: Kyogre|Kyogre, L71|210/259\n|-activate|p2a: Kyogre|move: Sticky Web\n|-unboost|p2a: Kyogre|spe|1\n|-weather|RainDance|[from] ability: Drizzle|[of] p2a: Kyogre\n|turn|18\n|\n|t:|1733865128\n|move|p1a: Garchomp|Outrage|p2a: Kyogre\n|-damage|p2a: Kyogre|59/259\n|move|p2a: Kyogre|Ice Beam|p1a: Garchomp\n|-supereffective|p1a: Garchomp\n|-crit|p1a: Garchomp\n|-damage|p1a: Garchomp|0 fnt\n|faint|p1a: Garchomp\n|\n|-weather|RainDance|[upkeep]\n|-heal|p2a: Kyogre|75/259|[from] item: Leftovers\n|upkeep\n|j| thee in world\n|\n|t:|1733865137\n|switch|p1a: Kricketune|Kricketune, L99, F|264/312\n|turn|19\n|\n|t:|1733865161\n|switch|p2a: Keldeo|Keldeo-Resolute, L79|273/273\n|-activate|p2a: Keldeo|move: Sticky Web\n|-unboost|p2a: Keldeo|spe|1\n|move|p1a: Kricketune|Pounce|p2a: Keldeo\n|-resisted|p2a: Keldeo\n|-damage|p2a: Keldeo|222/273\n|-unboost|p2a: Keldeo|spe|1\n|\n|-weather|RainDance|[upkeep]\n|-heal|p2a: Keldeo|239/273|[from] item: Leftovers\n|upkeep\n|turn|20\n|\n|t:|1733865169\n|move|p1a: Kricketune|Knock Off|p2a: Keldeo\n|-resisted|p2a: Keldeo\n|-damage|p2a: Keldeo|194/273\n|-ability|p2a: Keldeo|Justified|boost\n|-boost|p2a: Keldeo|atk|1\n|-enditem|p2a: Keldeo|Leftovers|[from] move: Knock Off|[of] p1a: Kricketune\n|move|p2a: Keldeo|Substitute|p2a: Keldeo\n|-start|p2a: Keldeo|Substitute\n|-damage|p2a: Keldeo|126/273\n|\n|-weather|RainDance|[upkeep]\n|upkeep\n|turn|21\n|\n|t:|1733865189\n|move|p1a: Kricketune|Taunt|p2a: Keldeo\n|-start|p2a: Keldeo|move: Taunt\n|move|p2a: Keldeo|Surf|p1a: Kricketune\n|-damage|p1a: Kricketune|60/312\n|\n|-weather|RainDance|[upkeep]\n|upkeep\n|turn|22\n|\n|t:|1733865195\n|switch|p1a: Tentacruel|Tentacruel, L84, M|174/272\n|move|p2a: Keldeo|Surf|p1a: Tentacruel\n|-resisted|p1a: Tentacruel\n|-damage|p1a: Tentacruel|108/272\n|\n|-weather|none\n|-heal|p1a: Tentacruel|125/272|[from] item: Leftovers\n|upkeep\n|turn|23\n|\n|t:|1733865203\n|move|p1a: Tentacruel|Sludge Bomb|p2a: Keldeo\n|-end|p2a: Keldeo|Substitute\n|move|p2a: Keldeo|Secret Sword|p1a: Tentacruel\n|-resisted|p1a: Tentacruel\n|-damage|p1a: Tentacruel|61/272\n|\n|-heal|p1a: Tentacruel|78/272|[from] item: Leftovers\n|-end|p2a: Keldeo|move: Taunt\n|upkeep\n|turn|24\n|\n|t:|1733865211\n|move|p1a: Tentacruel|Sludge Bomb|p2a: Keldeo\n|-damage|p2a: Keldeo|45/273\n|move|p2a: Keldeo|Secret Sword|p1a: Tentacruel\n|-resisted|p1a: Tentacruel\n|-damage|p1a: Tentacruel|17/272\n|\n|-heal|p1a: Tentacruel|34/272|[from] item: Leftovers\n|upkeep\n|turn|25\n|\n|t:|1733865220\n|move|p1a: Tentacruel|Sludge Bomb|p2a: Keldeo\n|-damage|p2a: Keldeo|0 fnt\n|faint|p2a: Keldeo\n|\n|-heal|p1a: Tentacruel|51/272|[from] item: Leftovers\n|upkeep\n|\n|t:|1733865228\n|switch|p2a: Hydrapple|Hydrapple, L83, F|287/312 brn\n|-activate|p2a: Hydrapple|move: Sticky Web\n|-unboost|p2a: Hydrapple|spe|1\n|turn|26\n|\n|t:|1733865234\n|move|p1a: Tentacruel|Sludge Bomb|p2a: Hydrapple\n|-supereffective|p2a: Hydrapple\n|-damage|p2a: Hydrapple|159/312 brn\n|move|p2a: Hydrapple|Fickle Beam|p1a: Tentacruel\n|-damage|p1a: Tentacruel|0 fnt\n|faint|p1a: Tentacruel\n|\n|-damage|p2a: Hydrapple|140/312 brn|[from] brn\n|upkeep\n|\n|t:|1733865243\n|switch|p1a: Kricketune|Kricketune, L99, F|60/312\n|turn|27\n|\n|t:|1733865252\n|switch|p2a: Gouging Fire|Gouging Fire, L74|277/277\n|move|p1a: Kricketune|Pounce|p2a: Gouging Fire\n|-resisted|p2a: Gouging Fire\n|-damage|p2a: Gouging Fire|234/277\n|-unboost|p2a: Gouging Fire|spe|1\n|\n|upkeep\n|turn|28\n|\n|t:|1733865259\n|move|p1a: Kricketune|Taunt|p2a: Gouging Fire\n|-start|p2a: Gouging Fire|move: Taunt\n|move|p2a: Gouging Fire|Heat Crash|p1a: Kricketune\n|-supereffective|p1a: Kricketune\n|-damage|p1a: Kricketune|0 fnt\n|faint|p1a: Kricketune\n|\n|upkeep\n|\n|t:|1733865262\n|switch|p1a: Cacturne|Cacturne, L92, M|278/278\n|turn|29\n|\n|t:|1733865268\n|-terastallize|p1a: Cacturne|Poison\n|move|p1a: Cacturne|Knock Off|p2a: Gouging Fire\n|-damage|p2a: Gouging Fire|78/277\n|-enditem|p2a: Gouging Fire|Heavy-Duty Boots|[from] move: Knock Off|[of] p1a: Cacturne\n|-damage|p1a: Cacturne|251/278|[from] item: Life Orb\n|move|p2a: Gouging Fire|Heat Crash|p1a: Cacturne\n|-damage|p1a: Cacturne|113/278\n|\n|upkeep\n|turn|30\n|\n|t:|1733865276\n|-terastallize|p2a: Gouging Fire|Fairy\n|move|p1a: Cacturne|Sucker Punch|p2a: Gouging Fire\n|-resisted|p2a: Gouging Fire\n|-damage|p2a: Gouging Fire|25/277\n|-damage|p1a: Cacturne|86/278|[from] item: Life Orb\n|move|p2a: Gouging Fire|Heat Crash|p1a: Cacturne\n|-damage|p1a: Cacturne|0 fnt\n|faint|p1a: Cacturne\n|\n|win|Az1anSensation2\n|raw|Karnisbroken's rating: 2163 &rarr; <strong>2144</strong><br />(-19 for losing)\n|raw|Az1anSensation2's rating: 2174 &rarr; <strong>2193</strong><br />(+19 for winning)\n|l| thee in world\n", "inputlog": ">version bfd83cad13791eb5a5a409923076391caf6fb4d4\n>start {\"formatid\":\"gen9randombattle\",\"seed\":[26769,49006,61910,34717],\"rated\":\"Rated battle\"}\n>player p1 {\"name\":\"Karnisbroken\",\"avatar\":\"169\",\"rating\":2143,\"seed\":[18040,61399,56691,47253]}\n>player p2 {\"name\":\"Az1anSensation2\",\"avatar\":\"265\",\"rating\":2174,\"seed\":[1243,37052,56635,23412]}\n>p1 move dynamaxcannon\n>p2 switch 6\n>p1 move fireblast\n>p2 switch 2\n>p1 move dynamaxcannon\n>p2 move ficklebeam\n>p1 switch 4\n>p1 move stickyweb\n>p2 switch 2\n>p1 move knockoff\n>p2 move defog\n>p1 switch 2\n>p2 move bravebird\n>p1 move willowisp\n>p2 move uturn\n>p2 switch 2\n>p1 move torchsong\n>p2 move earthpower\n>p1 move hex\n>p2 switch 4\n>p1 move hex\n>p2 move icebeam\n>p1 switch 2\n>p1 move stickyweb\n>p2 switch 2\n>p1 move taunt\n>p2 move defog\n>p1 switch 5\n>p2 move bravebird\n>p1 move surf\n>p2 switch 4\n>p1 switch 5\n>p2 move earthpower\n>p1 move taunt\n>p2 switch 4\n>p1 switch 3\n>p2 move bravebird\n>p2 switch 2\n>p1 move outrage\n>p2 move icebeam\n>p1 switch 3\n>p1 move pounce\n>p2 switch 6\n>p1 move knockoff\n>p2 move substitute\n>p1 move taunt\n>p2 move surf\n>p1 switch 5\n>p2 move surf\n>p1 move sludgebomb\n>p2 move secretsword\n>p1 move sludgebomb\n>p2 move secretsword\n>p1 move sludgebomb\n>p2 move secretsword\n>p2 switch 4\n>p1 move sludgebomb\n>p2 move ficklebeam\n>p1 switch 5\n>p1 move pounce\n>p2 switch 5\n>p1 move taunt\n>p2 move heatcrash\n>p1 switch 6\n>p1 move knockoff terastallize\n>p2 move heatcrash\n>p1 move suckerpunch\n>p2 move heatcrash terastallize", "uploadtime": 1733865281, "views": 1, "formatid": "gen9randombattle", "rating": 2144, "private": 0, "password": null}