{"id": "gen9randombattle-2260489362", "format": "[Gen 9] Random Battle", "players": ["happyhoward", "r1t"], "log": "|j|\u2606happyhoward\n|j|\u2606r1t\n|t:|1733856540\n|gametype|singles\n|player|p1|happyhoward|2|1439\n|player|p2|r1t|channeler-lgpe|1406\n|teamsize|p1|6\n|teamsize|p2|6\n|gen|9\n|tier|[Gen 9] Random Battle\n|rated|\n|rule|Species Clause: Limit one of each Pok\u00e9mon\n|rule|HP Percentage Mod: HP is shown in percentages\n|rule|Sleep Clause Mod: Limit one foe put to sleep\n|rule|Illusion Level Mod: Illusion disguises the Pok\u00e9mon's true level\n|\n|t:|1733856540\n|start\n|switch|p1a: Rampardos|Rampardos, L90, F|321/321\n|switch|p2a: Alomomola|Alomomola, L87, M|429/429\n|turn|1\n|inactive|Battle timer is ON: inactive players will automatically lose when time's up. (requested by r1t)\n|\n|t:|1733856556\n|switch|p1a: Forretress|Forretress, L84, M|263/263\n|move|p2a: Alomomola|Scald|p1a: Forretress\n|-damage|p1a: Forretress|202/263\n|\n|-heal|p1a: Forretress|218/263|[from] item: Leftovers\n|upkeep\n|turn|2\n|\n|t:|1733856566\n|move|p2a: Alomomola|Flip Turn|p1a: Forretress\n|-damage|p1a: Forretress|181/263\n|\n|t:|1733856584\n|switch|p2a: Sandy Shocks|Sandy Shocks, L80|267/267|[from] Flip Turn\n|move|p1a: Forretress|Toxic Spikes|p2a: Sandy Shocks\n|-sidestart|p2: r1t|move: Toxic Spikes\n|\n|-heal|p1a: Forretress|197/263|[from] item: Leftovers\n|upkeep\n|turn|3\n|\n|t:|1733856603\n|-terastallize|p1a: Forretress|Water\n|move|p2a: Sandy Shocks|Thunderbolt|p1a: Forretress\n|-supereffective|p1a: Forretress\n|-damage|p1a: Forretress|0 fnt\n|faint|p1a: Forretress\n|\n|upkeep\n|c|\u2606happyhoward|ope\n|\n|t:|1733856614\n|switch|p1a: Sandaconda|Sandaconda, L84, M|258/258\n|turn|4\n|\n|t:|1733856626\n|move|p2a: Sandy Shocks|Earth Power|p1a: Sandaconda\n|-damage|p1a: Sandaconda|125/258\n|move|p1a: Sandaconda|Coil|p1a: Sandaconda\n|-boost|p1a: Sandaconda|atk|1\n|-boost|p1a: Sandaconda|def|1\n|-boost|p1a: Sandaconda|accuracy|1\n|\n|upkeep\n|turn|5\n|\n|t:|1733856649\n|move|p2a: Sandy Shocks|Earth Power|p1a: Sandaconda\n|-damage|p1a: Sandaconda|10/258\n|move|p1a: Sandaconda|Earthquake|p2a: Sandy Shocks\n|-supereffective|p2a: Sandy Shocks\n|-damage|p2a: Sandy Shocks|0 fnt\n|faint|p2a: Sandy Shocks\n|-end|p2a: Sandy Shocks|Protosynthesis|[silent]\n|\n|upkeep\n|\n|t:|1733856665\n|switch|p2a: Glaceon|Glaceon, L94, F|275/275\n|turn|6\n|\n|t:|1733856673\n|move|p2a: Glaceon|Freeze-Dry|p1a: Sandaconda\n|-supereffective|p1a: Sandaconda\n|-damage|p1a: Sandaconda|0 fnt\n|faint|p1a: Sandaconda\n|\n|upkeep\n|\n|t:|1733856693\n|switch|p1a: Weezing|Weezing, L88, M|258/258\n|turn|7\n|\n|t:|1733856700\n|move|p2a: Glaceon|Protect|p2a: Glaceon\n|-singleturn|p2a: Glaceon|Protect\n|move|p1a: Weezing|Fire Blast|p2a: Glaceon\n|-activate|p2a: Glaceon|move: Protect\n|\n|upkeep\n|turn|8\n|\n|t:|1733856717\n|move|p2a: Glaceon|Calm Mind|p2a: Glaceon\n|-boost|p2a: Glaceon|spa|1\n|-boost|p2a: Glaceon|spd|1\n|move|p1a: Weezing|Sludge Bomb|p2a: Glaceon\n|-damage|p2a: Glaceon|224/275\n|-status|p2a: Glaceon|psn\n|\n|-damage|p2a: Glaceon|190/275 psn|[from] psn\n|upkeep\n|turn|9\n|\n|t:|1733856726\n|move|p2a: Glaceon|Wish|p2a: Glaceon\n|move|p1a: Weezing|Fire Blast|p2a: Glaceon\n|-supereffective|p2a: Glaceon\n|-damage|p2a: Glaceon|98/275 psn\n|\n|-damage|p2a: Glaceon|64/275 psn|[from] psn\n|upkeep\n|turn|10\n|\n|t:|1733856752\n|switch|p1a: Rampardos|Rampardos, L90, F|321/321\n|move|p2a: Glaceon|Protect||[still]\n|-fail|p2a: Glaceon\n|\n|-heal|p2a: Glaceon|201/275 psn|[from] move: Wish|[wisher] Glaceon\n|-damage|p2a: Glaceon|167/275 psn|[from] psn\n|upkeep\n|turn|11\n|c|\u2606r1t|fuck dude\n|c|\u2606r1t|i almost made insane psych ward level play\n|inactive|r1t has 120 seconds left.\n|c|\u2606r1t|talked myself out of it\n|n|!r1t|r1t\n|\n|t:|1733856779\n|move|p1a: Rampardos|Head Smash|p2a: Glaceon|[miss]\n|-miss|p1a: Rampardos|p2a: Glaceon\n|move|p2a: Glaceon|Freeze-Dry|p1a: Rampardos\n|-damage|p1a: Rampardos|99/321\n|\n|-damage|p2a: Glaceon|133/275 psn|[from] psn\n|upkeep\n|turn|12\n|c|\u2606happyhoward|bruh, gotta go for the 5000 iq play\n|\n|t:|1733856795\n|switch|p1a: Hitmontop|Hitmontop, L88, M|231/231\n|move|p2a: Glaceon|Freeze-Dry|p1a: Hitmontop\n|-damage|p1a: Hitmontop|96/231\n|\n|-heal|p1a: Hitmontop|110/231|[from] item: Leftovers\n|-damage|p2a: Glaceon|99/275 psn|[from] psn\n|upkeep\n|turn|13\n|inactive|r1t has 120 seconds left.\n|\n|t:|1733856810\n|switch|p1a: Weezing|Weezing, L88, M|258/258\n|move|p2a: Glaceon|Freeze-Dry|p1a: Weezing\n|-damage|p1a: Weezing|62/258\n|-status|p1a: Weezing|frz\n|\n|-heal|p1a: Weezing|78/258 frz|[from] item: Leftovers\n|-damage|p2a: Glaceon|65/275 psn|[from] psn\n|upkeep\n|turn|14\n|\n|t:|1733856821\n|switch|p1a: Hitmontop|Hitmontop, L88, M|110/231\n|move|p2a: Glaceon|Wish|p2a: Glaceon\n|\n|-heal|p1a: Hitmontop|124/231|[from] item: Leftovers\n|-damage|p2a: Glaceon|31/275 psn|[from] psn\n|upkeep\n|turn|15\n|\n|t:|1733856831\n|move|p2a: Glaceon|Protect|p2a: Glaceon\n|-singleturn|p2a: Glaceon|Protect\n|move|p1a: Hitmontop|Rapid Spin|p2a: Glaceon\n|-activate|p2a: Glaceon|move: Protect\n|\n|-heal|p2a: Glaceon|168/275 psn|[from] move: Wish|[wisher] Glaceon\n|-heal|p1a: Hitmontop|138/231|[from] item: Leftovers\n|-damage|p2a: Glaceon|134/275 psn|[from] psn\n|upkeep\n|turn|16\n|inactive|r1t has 120 seconds left.\n|\n|t:|1733856841\n|move|p2a: Glaceon|Freeze-Dry|p1a: Hitmontop\n|-damage|p1a: Hitmontop|0 fnt\n|faint|p1a: Hitmontop\n|\n|-damage|p2a: Glaceon|100/275 psn|[from] psn\n|upkeep\n|\n|t:|1733856848\n|switch|p1a: Rampardos|Rampardos, L90, F|99/321\n|turn|17\n|\n|t:|1733856852\n|move|p1a: Rampardos|Head Smash|p2a: Glaceon\n|-supereffective|p2a: Glaceon\n|-damage|p2a: Glaceon|0 fnt\n|faint|p2a: Glaceon\n|-damage|p1a: Rampardos|49/321|[from] Recoil\n|\n|upkeep\n|c|\u2606happyhoward|Finally\n|\n|t:|1733856860\n|switch|p2a: Alomomola|Alomomola, L87, M|429/429\n|turn|18\n|c|\u2606happyhoward|Pretty sure I'm gg tho\n|\n|t:|1733856873\n|switch|p1a: Weezing|Weezing, L88, M|78/258 frz\n|move|p2a: Alomomola|Flip Turn|p1a: Weezing\n|-damage|p1a: Weezing|36/258 frz\n|\n|t:|1733856888\n|switch|p2a: Girafarig|Girafarig, L89, M|269/269|[from] Flip Turn\n|-status|p2a: Girafarig|psn\n|\n|-heal|p1a: Weezing|52/258 frz|[from] item: Leftovers\n|-damage|p2a: Girafarig|236/269 psn|[from] psn\n|upkeep\n|turn|19\n|\n|t:|1733856898\n|move|p2a: Girafarig|Hyper Voice|p1a: Weezing\n|-damage|p1a: Weezing|0 fnt\n|faint|p1a: Weezing\n|\n|-damage|p2a: Girafarig|203/269 psn|[from] psn\n|upkeep\n|\n|t:|1733856910\n|switch|p1a: Rampardos|Rampardos, L90, F|49/321\n|turn|20\n|\n|t:|1733856918\n|move|p1a: Rampardos|Head Smash|p2a: Girafarig\n|-damage|p2a: Girafarig|0 fnt\n|faint|p2a: Girafarig\n|-damage|p1a: Rampardos|0 fnt|[from] Recoil\n|faint|p1a: Rampardos\n|\n|upkeep\n|\n|t:|1733856927\n|switch|p2a: Alomomola|Alomomola, L87, M|429/429\n|switch|p1a: Smeargle|Smeargle, L95, F|258/258\n|turn|21\n|\n|t:|1733856934\n|move|p1a: Smeargle|Spore|p2a: Alomomola\n|-status|p2a: Alomomola|slp|[from] move: Spore\n|cant|p2a: Alomomola|slp\n|\n|upkeep\n|turn|22\n|\n|t:|1733856944\n|switch|p2a: Alcremie|Alcremie-Mint-Cream, L90, F|263/263\n|-status|p2a: Alcremie|psn\n|move|p1a: Smeargle|Shell Smash|p1a: Smeargle\n|-unboost|p1a: Smeargle|def|1\n|-unboost|p1a: Smeargle|spd|1\n|-boost|p1a: Smeargle|atk|2\n|-boost|p1a: Smeargle|spa|2\n|-boost|p1a: Smeargle|spe|2\n|\n|-damage|p2a: Alcremie|231/263 psn|[from] psn\n|upkeep\n|turn|23\n|\n|t:|1733856963\n|move|p1a: Smeargle|Population Bomb|p2a: Alcremie\n|-damage|p2a: Alcremie|198/263 psn\n|-damage|p2a: Alcremie|164/263 psn\n|-damage|p2a: Alcremie|131/263 psn\n|-damage|p2a: Alcremie|95/263 psn\n|-damage|p2a: Alcremie|61/263 psn\n|-damage|p2a: Alcremie|25/263 psn\n|-damage|p2a: Alcremie|0 fnt\n|faint|p2a: Alcremie\n|-hitcount|p2: Alcremie|7\n|\n|upkeep\n|inactive|r1t has 120 seconds left.\n|\n|t:|1733857012\n|switch|p2a: Dunsparce|Dunsparce, L86, M|312/312\n|-status|p2a: Dunsparce|psn\n|turn|24\n|\n|t:|1733857025\n|-terastallize|p2a: Dunsparce|Ghost\n|move|p1a: Smeargle|Population Bomb|p2a: Dunsparce\n|-immune|p2a: Dunsparce\n|move|p2a: Dunsparce|Coil|p2a: Dunsparce\n|-boost|p2a: Dunsparce|atk|1\n|-boost|p2a: Dunsparce|def|1\n|-boost|p2a: Dunsparce|accuracy|1\n|\n|-damage|p2a: Dunsparce|273/312 psn|[from] psn\n|upkeep\n|turn|25\n|\n|t:|1733857038\n|move|p1a: Smeargle|Power Trip|p2a: Dunsparce\n|-supereffective|p2a: Dunsparce\n|-damage|p2a: Dunsparce|177/312 psn\n|move|p2a: Dunsparce|Earthquake|p1a: Smeargle\n|-damage|p1a: Smeargle|51/258\n|\n|-damage|p2a: Dunsparce|138/312 psn|[from] psn\n|upkeep\n|turn|26\n|\n|t:|1733857048\n|move|p1a: Smeargle|Power Trip|p2a: Dunsparce\n|-supereffective|p2a: Dunsparce\n|-damage|p2a: Dunsparce|38/312 psn\n|move|p2a: Dunsparce|Earthquake|p1a: Smeargle\n|-damage|p1a: Smeargle|0 fnt\n|faint|p1a: Smeargle\n|\n|win|r1t\n", "inputlog": ">version bfd83cad13791eb5a5a409923076391caf6fb4d4\n>start {\"formatid\":\"gen9randombattle\",\"seed\":[4282,30,17707,64688],\"rated\":\"Rated battle\"}\n>player p1 {\"name\":\"happyhoward\",\"avatar\":\"2\",\"rating\":1439,\"seed\":[7354,58250,7485,38377]}\n>player p2 {\"name\":\"r1t\",\"avatar\":\"channeler-lgpe\",\"rating\":1406,\"seed\":[17873,12964,55181,52091]}\n>p1 switch 5\n>p2 move scald\n>p1 move toxicspikes\n>p2 move flipturn\n>p2 switch 3\n>p1 move toxicspikes terastallize\n>p2 move thunderbolt\n>chat \u2606happyhoward|ope\n>p1 switch 6\n>p1 move coil\n>p2 move earthpower\n>p1 move earthquake\n>p2 move earthpower\n>p2 switch 6\n>p1 move rockblast\n>p2 move freezedry\n>p1 switch 3\n>p1 move fireblast\n>p2 move protect\n>p1 move sludgebomb\n>p2 move calmmind\n>p1 move fireblast\n>p2 move wish\n>p1 switch 5\n>p2 move protect\n>chat \u2606r1t|fuck dude\n>chat \u2606r1t|i almost made insane psych ward level play\n>chat \u2606r1t|talked myself out of it\n>chat \u2606r1t|im pussy\n>p1 move headsmash\n>p2 move freezedry\n>chat \u2606happyhoward|bruh, gotta go for the 5000 iq play\n>p1 switch 2\n>p2 move freezedry\n>p1 switch 5\n>p2 move freezedry\n>p1 switch 5\n>p2 move wish\n>p1 move rapidspin\n>p2 move protect\n>p1 move closecombat\n>p2 move freezedry\n>p1 switch 2\n>p1 move headsmash\n>p2 move freezedry\n>chat \u2606happyhoward|Finally\n>p2 switch 3\n>chat \u2606happyhoward|Pretty sure I'm gg tho\n>p1 switch 5\n>p2 move flipturn\n>p2 switch 5\n>p1 move painsplit\n>p2 move hypervoice\n>p1 switch 5\n>p1 move headsmash\n>p2 move hypervoice\n>p1 switch 4\n>p2 switch 5\n>p1 move spore\n>p2 move flipturn\n>p1 move shellsmash\n>p2 switch 4\n>p1 move populationbomb\n>p2 move alluringvoice\n>p2 switch 2\n>p1 move populationbomb\n>p2 move coil terastallize\n>p1 move powertrip\n>p2 move earthquake\n>p1 move powertrip\n>p2 move earthquake", "uploadtime": 1733856777, "views": 1, "formatid": "gen9randombattle", "rating": null, "private": 0, "password": null}