{"id": "gen9randombattle-2257623691", "format": "[Gen 9] Random Battle", "players": ["Holy S m i t e", "MunchyAxolotls"], "log": "|j|\u2606Holy S m i t e\n|j|\u2606MunchyAxolotls\n|t:|1733449021\n|gametype|singles\n|player|p1|Holy S m i t e|169|2237\n|player|p2|MunchyAxolotls|lillie-masters2|2231\n|teamsize|p1|6\n|teamsize|p2|6\n|gen|9\n|tier|[Gen 9] Random Battle\n|rated|\n|rule|Species Clause: Limit one of each Pok\u00e9mon\n|rule|HP Percentage Mod: HP is shown in percentages\n|rule|Sleep Clause Mod: Limit one foe put to sleep\n|rule|Illusion Level Mod: Illusion disguises the Pok\u00e9mon's true level\n|\n|t:|1733449021\n|start\n|switch|p1a: Zapdos|Zapdos, L78|268/268\n|switch|p2a: Pawmot|Pawmot, L80, M|243/243\n|turn|1\n|inactive|Battle timer is ON: inactive players will automatically lose when time's up. (requested by MunchyAxolotls)\n|inactive|MunchyAxolotls has 120 seconds left.\n|\n|t:|1733449053\n|switch|p1a: Ariados|Ariados, L95, M|287/287\n|move|p2a: Pawmot|Ice Punch|p1a: Ariados\n|-damage|p1a: Ariados|192/287\n|-damage|p2a: Pawmot|219/243|[from] item: Life Orb\n|\n|upkeep\n|turn|2\n|\n|t:|1733449063\n|switch|p1a: Serperior|Serperior, L79, M|248/248\n|-terastallize|p2a: Pawmot|Electric\n|move|p2a: Pawmot|Double Shock|p1a: Serperior\n|-resisted|p1a: Serperior\n|-damage|p1a: Serperior|131/248\n|-start|p2a: Pawmot|typechange|Electric|[from] move: Double Shock\n|-damage|p2a: Pawmot|195/243|[from] item: Life Orb\n|\n|-heal|p1a: Serperior|146/248|[from] item: Leftovers\n|upkeep\n|turn|3\n|\n|t:|1733449069\n|move|p1a: Serperior|Substitute|p1a: Serperior\n|-start|p1a: Serperior|Substitute\n|-damage|p1a: Serperior|84/248\n|move|p2a: Pawmot|Close Combat|p1a: Serperior\n|-end|p1a: Serperior|Substitute\n|-unboost|p2a: Pawmot|def|1\n|-unboost|p2a: Pawmot|spd|1\n|-damage|p2a: Pawmot|171/243|[from] item: Life Orb\n|\n|-heal|p1a: Serperior|99/248|[from] item: Leftovers\n|upkeep\n|turn|4\n|\n|t:|1733449074\n|switch|p2a: Gurdurr|Gurdurr, L85, F|283/283\n|move|p1a: Serperior|Leaf Storm|p2a: Gurdurr|[miss]\n|-miss|p1a: Serperior|p2a: Gurdurr\n|\n|-heal|p1a: Serperior|114/248|[from] item: Leftovers\n|upkeep\n|turn|5\n|\n|t:|1733449081\n|switch|p1a: Zapdos|Zapdos, L78|268/268\n|move|p2a: Gurdurr|Knock Off|p1a: Zapdos\n|-damage|p1a: Zapdos|182/268\n|-status|p2a: Gurdurr|par|[from] ability: Static|[of] p1a: Zapdos\n|-enditem|p1a: Zapdos|Heavy-Duty Boots|[from] move: Knock Off|[of] p2a: Gurdurr\n|\n|upkeep\n|turn|6\n|\n|t:|1733449089\n|switch|p2a: Pawmot|Pawmot, L80, M, tera:Electric|171/243\n|move|p1a: Zapdos|Hurricane|p2a: Pawmot|[miss]\n|-miss|p1a: Zapdos|p2a: Pawmot\n|\n|upkeep\n|turn|7\n|\n|t:|1733449096\n|move|p2a: Pawmot|Ice Punch|p1a: Zapdos\n|-supereffective|p1a: Zapdos\n|-damage|p1a: Zapdos|0 fnt\n|faint|p1a: Zapdos\n|-damage|p2a: Pawmot|147/243|[from] item: Life Orb\n|\n|upkeep\n|\n|t:|1733449100\n|switch|p1a: Basculin|Basculin-Blue-Striped, L86, M|261/261\n|turn|8\n|\n|t:|1733449104\n|switch|p2a: Qwilfish|Qwilfish, L86, M|252/252\n|-ability|p2a: Qwilfish|Intimidate|boost\n|-unboost|p1a: Basculin|atk|1\n|move|p1a: Basculin|Flip Turn|p2a: Qwilfish\n|-resisted|p2a: Qwilfish\n|-damage|p2a: Qwilfish|208/252\n|\n|t:|1733449108\n|switch|p1a: Ariados|Ariados, L95, M|192/287|[from] Flip Turn\n|\n|-heal|p2a: Qwilfish|223/252|[from] item: Leftovers\n|upkeep\n|turn|9\n|\n|t:|1733449110\n|move|p2a: Qwilfish|Taunt|p1a: Ariados\n|-start|p1a: Ariados|move: Taunt\n|cant|p1a: Ariados|move: Taunt|Sticky Web\n|\n|-heal|p2a: Qwilfish|238/252|[from] item: Leftovers\n|upkeep\n|turn|10\n|\n|t:|1733449116\n|switch|p1a: Banette|Banette, L93, F|270/270\n|-item|p2a: Qwilfish|Leftovers|[from] ability: Frisk|[of] p1a: Banette\n|move|p2a: Qwilfish|Gunk Shot|p1a: Banette|[miss]\n|-miss|p2a: Qwilfish|p1a: Banette\n|\n|-heal|p2a: Qwilfish|252/252|[from] item: Leftovers\n|upkeep\n|turn|11\n|\n|t:|1733449123\n|switch|p2a: Girafarig|Girafarig, L89, F|269/269\n|move|p1a: Banette|Poltergeist|p2a: Girafarig\n|-immune|p2a: Girafarig\n|\n|upkeep\n|turn|12\n|\n|t:|1733449130\n|move|p2a: Girafarig|Nasty Plot|p2a: Girafarig\n|-boost|p2a: Girafarig|spa|2\n|move|p1a: Banette|Gunk Shot|p2a: Girafarig|[miss]\n|-miss|p1a: Banette|p2a: Girafarig\n|\n|upkeep\n|turn|13\n|\n|t:|1733449133\n|move|p2a: Girafarig|Psychic|p1a: Banette\n|-damage|p1a: Banette|59/270\n|move|p1a: Banette|Gunk Shot|p2a: Girafarig\n|-damage|p2a: Girafarig|146/269\n|-damage|p1a: Banette|32/270|[from] item: Life Orb\n|\n|upkeep\n|turn|14\n|\n|t:|1733449137\n|move|p2a: Girafarig|Psychic|p1a: Banette\n|-damage|p1a: Banette|0 fnt\n|faint|p1a: Banette\n|\n|upkeep\n|\n|t:|1733449141\n|switch|p1a: Basculin|Basculin-Blue-Striped, L86, M|261/261\n|turn|15\n|\n|t:|1733449147\n|switch|p2a: Qwilfish|Qwilfish, L86, M|252/252\n|-ability|p2a: Qwilfish|Intimidate|boost\n|-unboost|p1a: Basculin|atk|1\n|move|p1a: Basculin|Wave Crash|p2a: Qwilfish\n|-resisted|p2a: Qwilfish\n|-damage|p2a: Qwilfish|168/252\n|-damage|p1a: Basculin|233/261|[from] Recoil\n|\n|-heal|p2a: Qwilfish|183/252|[from] item: Leftovers\n|upkeep\n|turn|16\n|\n|t:|1733449152\n|switch|p1a: Ariados|Ariados, L95, M|192/287\n|move|p2a: Qwilfish|Thunder Wave|p1a: Ariados\n|-status|p1a: Ariados|par\n|\n|-heal|p2a: Qwilfish|198/252|[from] item: Leftovers\n|upkeep\n|turn|17\n|\n|t:|1733449159\n|switch|p1a: Archaludon|Archaludon, L78, M|268/268\n|move|p2a: Qwilfish|Taunt|p1a: Archaludon\n|-start|p1a: Archaludon|move: Taunt\n|\n|-heal|p2a: Qwilfish|213/252|[from] item: Leftovers\n|upkeep\n|turn|18\n|\n|t:|1733449163\n|move|p2a: Qwilfish|Thunder Wave|p1a: Archaludon\n|-status|p1a: Archaludon|par\n|-enditem|p1a: Archaludon|Lum Berry|[eat]\n|-curestatus|p1a: Archaludon|par|[msg]\n|move|p1a: Archaludon|Iron Head|p2a: Qwilfish\n|-resisted|p2a: Qwilfish\n|-damage|p2a: Qwilfish|174/252\n|\n|-heal|p2a: Qwilfish|189/252|[from] item: Leftovers\n|upkeep\n|turn|19\n|\n|t:|1733449166\n|switch|p2a: Swampert|Swampert, L83, M|302/302\n|move|p1a: Archaludon|Earthquake|p2a: Swampert\n|-damage|p2a: Swampert|233/302\n|\n|-heal|p2a: Swampert|251/302|[from] item: Leftovers\n|-end|p1a: Archaludon|move: Taunt\n|upkeep\n|turn|20\n|\n|t:|1733449172\n|switch|p1a: Serperior|Serperior, L79, M|114/248\n|move|p2a: Swampert|Earthquake|p1a: Serperior\n|-resisted|p1a: Serperior\n|-damage|p1a: Serperior|56/248\n|\n|-heal|p1a: Serperior|71/248|[from] item: Leftovers\n|-heal|p2a: Swampert|269/302|[from] item: Leftovers\n|upkeep\n|turn|21\n|\n|t:|1733449179\n|switch|p2a: Girafarig|Girafarig, L89, F|146/269\n|move|p1a: Serperior|Leaf Storm|p2a: Girafarig\n|-ability|p2a: Girafarig|Sap Sipper|boost\n|-boost|p2a: Girafarig|atk|1\n|\n|-heal|p1a: Serperior|86/248|[from] item: Leftovers\n|upkeep\n|turn|22\n|\n|t:|1733449183\n|move|p1a: Serperior|Tera Blast|p2a: Girafarig\n|-damage|p2a: Girafarig|113/269\n|move|p2a: Girafarig|Psychic|p1a: Serperior\n|-damage|p1a: Serperior|0 fnt\n|faint|p1a: Serperior\n|\n|upkeep\n|\n|t:|1733449189\n|switch|p1a: Basculin|Basculin-Blue-Striped, L86, M|233/261\n|turn|23\n|\n|t:|1733449194\n|switch|p2a: Qwilfish|Qwilfish, L86, M|189/252\n|-ability|p2a: Qwilfish|Intimidate|boost\n|-unboost|p1a: Basculin|atk|1\n|move|p1a: Basculin|Flip Turn|p2a: Qwilfish\n|-resisted|p2a: Qwilfish\n|-crit|p2a: Qwilfish\n|-damage|p2a: Qwilfish|86/252\n|\n|t:|1733449196\n|switch|p1a: Archaludon|Archaludon, L78, M|268/268|[from] Flip Turn\n|\n|-heal|p2a: Qwilfish|101/252|[from] item: Leftovers\n|upkeep\n|turn|24\n|\n|t:|1733449199\n|switch|p2a: Swampert|Swampert, L83, M|269/302\n|move|p1a: Archaludon|Swords Dance|p1a: Archaludon\n|-boost|p1a: Archaludon|atk|2\n|\n|-heal|p2a: Swampert|287/302|[from] item: Leftovers\n|upkeep\n|turn|25\n|\n|t:|1733449205\n|-terastallize|p1a: Archaludon|Ground\n|move|p1a: Archaludon|Earthquake|p2a: Swampert\n|-damage|p2a: Swampert|97/302\n|move|p2a: Swampert|Earthquake|p1a: Archaludon\n|-damage|p1a: Archaludon|169/268\n|-ability|p1a: Archaludon|Stamina|boost\n|-boost|p1a: Archaludon|def|1\n|\n|-heal|p2a: Swampert|115/302|[from] item: Leftovers\n|upkeep\n|turn|26\n|\n|t:|1733449212\n|move|p1a: Archaludon|Earthquake|p2a: Swampert\n|-damage|p2a: Swampert|0 fnt\n|faint|p2a: Swampert\n|\n|upkeep\n|\n|t:|1733449221\n|switch|p2a: Girafarig|Girafarig, L89, F|113/269\n|turn|27\n|\n|t:|1733449223\n|move|p2a: Girafarig|Psychic|p1a: Archaludon\n|-damage|p1a: Archaludon|31/268\n|-ability|p1a: Archaludon|Stamina|boost\n|-boost|p1a: Archaludon|def|1\n|move|p1a: Archaludon|Earthquake|p2a: Girafarig\n|-damage|p2a: Girafarig|0 fnt\n|faint|p2a: Girafarig\n|\n|upkeep\n|\n|t:|1733449228\n|switch|p2a: Qwilfish|Qwilfish, L86, M|101/252\n|-ability|p2a: Qwilfish|Intimidate|boost\n|-unboost|p1a: Archaludon|atk|1\n|turn|28\n|\n|t:|1733449231\n|move|p2a: Qwilfish|Waterfall|p1a: Archaludon\n|-supereffective|p1a: Archaludon\n|-damage|p1a: Archaludon|0 fnt\n|faint|p1a: Archaludon\n|\n|-heal|p2a: Qwilfish|116/252|[from] item: Leftovers\n|upkeep\n|\n|t:|1733449233\n|switch|p1a: Basculin|Basculin-Blue-Striped, L86, M|233/261\n|turn|29\n|\n|t:|1733449237\n|switch|p2a: Gurdurr|Gurdurr, L85, F|283/283 par\n|move|p1a: Basculin|Double-Edge|p2a: Gurdurr\n|-damage|p2a: Gurdurr|195/283 par\n|-damage|p1a: Basculin|204/261|[from] Recoil\n|\n|upkeep\n|turn|30\n|\n|t:|1733449239\n|switch|p1a: Ariados|Ariados, L95, M|192/287 par\n|move|p2a: Gurdurr|Knock Off|p1a: Ariados\n|-crit|p1a: Ariados\n|-damage|p1a: Ariados|14/287 par\n|-enditem|p1a: Ariados|Heavy-Duty Boots|[from] move: Knock Off|[of] p2a: Gurdurr\n|\n|upkeep\n|turn|31\n|\n|t:|1733449243\n|move|p2a: Gurdurr|Mach Punch|p1a: Ariados\n|-resisted|p1a: Ariados\n|-damage|p1a: Ariados|0 fnt\n|faint|p1a: Ariados\n|\n|upkeep\n|\n|t:|1733449245\n|switch|p1a: Basculin|Basculin-Blue-Striped, L86, M|204/261\n|turn|32\n|\n|t:|1733449247\n|move|p1a: Basculin|Wave Crash|p2a: Gurdurr\n|-damage|p2a: Gurdurr|19/283 par\n|-damage|p1a: Basculin|146/261|[from] Recoil\n|move|p2a: Gurdurr|Drain Punch|p1a: Basculin\n|-damage|p1a: Basculin|0 fnt\n|-heal|p2a: Gurdurr|92/283 par|[from] drain|[of] p1a: Basculin\n|faint|p1a: Basculin\n|\n|win|MunchyAxolotls\n|raw|Holy S m i t e's rating: 2237 &rarr; <strong>2217</strong><br />(-20 for losing)\n|raw|MunchyAxolotls's rating: 2231 &rarr; <strong>2251</strong><br />(+20 for winning)\n|l|\u2606Holy S m i t e\n|player|p1|\n", "inputlog": ">version f27bf860d389bcfdfe10192499dbd80f1998dac7\n>start {\"formatid\":\"gen9randombattle\",\"seed\":[31119,32690,45840,60100],\"rated\":\"Rated battle\"}\n>player p1 {\"name\":\"Holy S m i t e\",\"avatar\":\"169\",\"rating\":2237,\"seed\":[32759,30253,20077,26275]}\n>player p2 {\"name\":\"MunchyAxolotls\",\"avatar\":\"lillie-masters2\",\"rating\":2231,\"seed\":[55205,16377,58748,38592]}\n>p1 switch 2\n>p2 move icepunch\n>p1 switch 4\n>p2 move doubleshock terastallize\n>p1 move substitute\n>p2 move closecombat\n>p1 move leafstorm\n>p2 switch 6\n>p1 switch 2\n>p2 move knockoff\n>p1 move hurricane\n>p2 switch 6\n>p1 move heatwave\n>p2 move icepunch\n>p1 switch 6\n>p1 move flipturn\n>p2 switch 5\n>p1 switch 4\n>p1 move stickyweb\n>p2 move taunt\n>p1 switch 5\n>p2 move gunkshot\n>p1 move poltergeist\n>p2 switch 2\n>p1 move gunkshot\n>p2 move nastyplot\n>p1 move gunkshot\n>p2 move psychic\n>p1 move gunkshot\n>p2 move psychic\n>p1 switch 4\n>p1 move wavecrash\n>p2 switch 2\n>p1 switch 5\n>p2 move thunderwave\n>p1 switch 3\n>p2 move taunt\n>p1 move ironhead\n>p2 move thunderwave\n>p1 move earthquake\n>p2 switch 3\n>p1 switch 2\n>p2 move earthquake\n>p1 move leafstorm\n>p2 switch 2\n>p1 move terablast\n>p2 move psychic\n>p1 switch 5\n>p1 move flipturn\n>p2 switch 3\n>p1 switch 2\n>p1 move swordsdance\n>p2 switch 2\n>p1 move earthquake terastallize\n>p2 move earthquake\n>p1 move earthquake\n>p2 move earthquake\n>p2 switch 3\n>p1 move earthquake\n>p2 move psychic\n>p2 switch 2\n>p1 move earthquake\n>p2 move waterfall\n>p1 switch 2\n>p1 move doubleedge\n>p2 switch 6\n>p1 switch 3\n>p2 move knockoff\n>p1 move stickyweb\n>p2 move machpunch\n>p1 switch 3\n>p1 move wavecrash\n>p2 move drainpunch", "uploadtime": 1733449250, "views": 9, "formatid": "gen9randombattle", "rating": 2217, "private": 0, "password": null}