{"id": "gen9randombattle-2150863177", "format": "[Gen 9] Random Battle", "players": ["Enstrom", "LT_Alt1"], "log": "|badge|p2|bronze|gen9randombattle|100-1\n|html|<div class=\"broadcast-red\"><strong>This battle is required to be public due to one or more player having a season medal.</strong><br />During the public phase, you can discuss the state of the ladder <a href=\"/seasondiscussion\">in a special chatroom.</a></div>\n|uhtml|medal-msg|<div class=\"broadcast-blue\">Curious what those medals under the avatar are? PS now has Ladder Seasons! For more information, check out the <a href=\"https://www.smogon.com/forums/threads/3740067/\">thread on Smogon.</a></div>\n|j|\u203dEnstrom\n|j|\u203dLT_Alt1\n|t:|1719474284\n|gametype|singles\n|player|p1|Enstrom|rancher|2181\n|player|p2|LT_Alt1|2|2421\n|teamsize|p1|6\n|teamsize|p2|6\n|gen|9\n|tier|[Gen 9] Random Battle\n|rated|\n|rule|Species Clause: Limit one of each Pok\u00e9mon\n|rule|HP Percentage Mod: HP is shown in percentages\n|rule|Sleep Clause Mod: Limit one foe put to sleep\n|rule|Illusion Level Mod: Illusion disguises the Pok\u00e9mon's true level\n|\n|t:|1719474284\n|start\n|switch|p1a: Heracross|Heracross, L80, M|259/259\n|switch|p2a: Blissey|Blissey, L84, F|566/566\n|turn|1\n|inactive|Battle timer is ON: inactive players will automatically lose when time's up. (requested by Enstrom)\n|\n|t:|1719474296\n|switch|p2a: Hitmontop|Hitmontop, L88, M|231/231\n|-ability|p2a: Hitmontop|Intimidate|boost\n|-unboost|p1a: Heracross|atk|1\n|move|p1a: Heracross|Trailblaze|p2a: Hitmontop\n|-damage|p2a: Hitmontop|208/231\n|-boost|p1a: Heracross|spe|1\n|\n|-status|p1a: Heracross|brn|[from] item: Flame Orb\n|upkeep\n|turn|2\n|inactive|Enstrom has 120 seconds left.\n|\n|t:|1719474328\n|switch|p1a: Chimecho|Chimecho, L94, M|293/293\n|move|p2a: Hitmontop|Stone Edge|p1a: Chimecho\n|-damage|p1a: Chimecho|219/293\n|\n|-heal|p1a: Chimecho|237/293|[from] item: Leftovers\n|upkeep\n|turn|3\n|\n|t:|1719474343\n|switch|p2a: Blissey|Blissey, L84, F|566/566\n|move|p1a: Chimecho|Psychic|p2a: Blissey\n|-damage|p2a: Blissey|481/566\n|\n|-heal|p1a: Chimecho|255/293|[from] item: Leftovers\n|-heal|p2a: Blissey|516/566|[from] item: Leftovers\n|upkeep\n|turn|4\n|\n|t:|1719474358\n|switch|p1a: Heracross|Heracross, L80, M|259/259 brn\n|move|p2a: Blissey|Seismic Toss|p1a: Heracross\n|-damage|p1a: Heracross|175/259 brn\n|\n|-heal|p2a: Blissey|551/566|[from] item: Leftovers\n|-damage|p1a: Heracross|159/259 brn|[from] brn\n|upkeep\n|turn|5\n|\n|t:|1719474366\n|switch|p2a: Hitmontop|Hitmontop, L88, M|208/231\n|-ability|p2a: Hitmontop|Intimidate|boost\n|-unboost|p1a: Heracross|atk|1\n|move|p1a: Heracross|Close Combat|p2a: Hitmontop\n|-damage|p2a: Hitmontop|67/231\n|-unboost|p1a: Heracross|def|1\n|-unboost|p1a: Heracross|spd|1\n|\n|-damage|p1a: Heracross|143/259 brn|[from] brn\n|upkeep\n|turn|6\n|\n|t:|1719474372\n|switch|p2a: Mismagius|Mismagius, L86, F|243/243\n|move|p1a: Heracross|Facade|p2a: Mismagius\n|-immune|p2a: Mismagius\n|\n|-damage|p1a: Heracross|127/259 brn|[from] brn\n|upkeep\n|turn|7\n|\n|t:|1719474390\n|switch|p1a: Dipplin|Dipplin, L88, M|284/284\n|move|p2a: Mismagius|Substitute|p2a: Mismagius\n|-start|p2a: Mismagius|Substitute\n|-damage|p2a: Mismagius|183/243\n|\n|-heal|p2a: Mismagius|198/243|[from] item: Leftovers\n|upkeep\n|turn|8\n|\n|t:|1719474402\n|move|p2a: Mismagius|Nasty Plot|p2a: Mismagius\n|-boost|p2a: Mismagius|spa|2\n|move|p1a: Dipplin|Dragon Pulse|p2a: Mismagius\n|-end|p2a: Mismagius|Substitute\n|\n|-heal|p2a: Mismagius|213/243|[from] item: Leftovers\n|upkeep\n|turn|9\n|\n|t:|1719474407\n|move|p2a: Mismagius|Shadow Ball|p1a: Dipplin\n|-damage|p1a: Dipplin|149/284\n|move|p1a: Dipplin|Dragon Tail|p2a: Mismagius\n|-damage|p2a: Mismagius|128/243\n|drag|p2a: Kyogre|Kyogre, L71|259/259\n|-weather|RainDance|[from] ability: Drizzle|[of] p2a: Kyogre\n|\n|-weather|RainDance|[upkeep]\n|upkeep\n|turn|10\n|j| gamer6464\n|l| gamer6464\n|\n|t:|1719474428\n|switch|p1a: Chimecho|Chimecho, L94, M|255/293\n|move|p2a: Kyogre|Ice Beam|p1a: Chimecho\n|-damage|p1a: Chimecho|199/293\n|\n|-weather|RainDance|[upkeep]\n|-heal|p1a: Chimecho|217/293|[from] item: Leftovers\n|upkeep\n|turn|11\n|\n|t:|1719474444\n|switch|p2a: Blissey|Blissey, L84, F|551/566\n|move|p1a: Chimecho|Psychic|p2a: Blissey\n|-damage|p2a: Blissey|463/566\n|\n|-weather|RainDance|[upkeep]\n|-heal|p1a: Chimecho|235/293|[from] item: Leftovers\n|-heal|p2a: Blissey|498/566|[from] item: Leftovers\n|upkeep\n|turn|12\n|\n|t:|1719474453\n|switch|p1a: Heracross|Heracross, L80, M|127/259 brn\n|move|p2a: Blissey|Seismic Toss|p1a: Heracross\n|-damage|p1a: Heracross|43/259 brn\n|\n|-weather|RainDance|[upkeep]\n|-heal|p2a: Blissey|533/566|[from] item: Leftovers\n|-damage|p1a: Heracross|27/259 brn|[from] brn\n|upkeep\n|turn|13\n|\n|t:|1719474461\n|switch|p2a: Hitmontop|Hitmontop, L88, M|67/231\n|-ability|p2a: Hitmontop|Intimidate|boost\n|-unboost|p1a: Heracross|atk|1\n|move|p1a: Heracross|Knock Off|p2a: Hitmontop\n|-resisted|p2a: Hitmontop\n|-damage|p2a: Hitmontop|30/231\n|-enditem|p2a: Hitmontop|Assault Vest|[from] move: Knock Off|[of] p1a: Heracross\n|\n|-weather|none\n|-damage|p1a: Heracross|11/259 brn|[from] brn\n|upkeep\n|turn|14\n|\n|t:|1719474469\n|move|p1a: Heracross|Trailblaze|p2a: Hitmontop\n|-damage|p2a: Hitmontop|0 fnt\n|-boost|p1a: Heracross|spe|1\n|faint|p2a: Hitmontop\n|\n|-damage|p1a: Heracross|0 fnt|[from] brn\n|faint|p1a: Heracross\n|upkeep\n|\n|t:|1719474489\n|switch|p1a: Dipplin|Dipplin, L88, M|149/284\n|switch|p2a: Kyogre|Kyogre, L71|259/259\n|-weather|RainDance|[from] ability: Drizzle|[of] p2a: Kyogre\n|turn|15\n|\n|t:|1719474496\n|switch|p1a: Chimecho|Chimecho, L94, M|235/293\n|move|p2a: Kyogre|Ice Beam|p1a: Chimecho\n|-damage|p1a: Chimecho|178/293\n|\n|-weather|RainDance|[upkeep]\n|-heal|p1a: Chimecho|196/293|[from] item: Leftovers\n|upkeep\n|turn|16\n|\n|t:|1719474504\n|switch|p2a: Blissey|Blissey, L84, F|533/566\n|switch|p1a: Floatzel|Floatzel, L85, F|283/283\n|\n|-weather|RainDance|[upkeep]\n|-heal|p2a: Blissey|566/566|[from] item: Leftovers\n|upkeep\n|turn|17\n|\n|t:|1719474517\n|switch|p2a: Kyogre|Kyogre, L71|259/259\n|move|p1a: Floatzel|Wave Crash|p2a: Kyogre\n|-resisted|p2a: Kyogre\n|-damage|p2a: Kyogre|136/259\n|-damage|p1a: Floatzel|242/283|[from] Recoil\n|\n|-weather|RainDance|[upkeep]\n|-heal|p1a: Floatzel|259/283|[from] item: Leftovers\n|upkeep\n|turn|18\n|\n|t:|1719474528\n|move|p2a: Kyogre|Ice Beam|p1a: Floatzel\n|-resisted|p1a: Floatzel\n|-damage|p1a: Floatzel|211/283\n|move|p1a: Floatzel|Bulk Up|p1a: Floatzel\n|-boost|p1a: Floatzel|atk|1\n|-boost|p1a: Floatzel|def|1\n|\n|-weather|RainDance|[upkeep]\n|-heal|p1a: Floatzel|228/283|[from] item: Leftovers\n|upkeep\n|turn|19\n|\n|t:|1719474532\n|switch|p2a: Mismagius|Mismagius, L86, F|128/243\n|move|p1a: Floatzel|Wave Crash|p2a: Mismagius\n|-damage|p2a: Mismagius|0 fnt\n|faint|p2a: Mismagius\n|-damage|p1a: Floatzel|186/283|[from] Recoil\n|\n|-weather|none\n|-heal|p1a: Floatzel|203/283|[from] item: Leftovers\n|upkeep\n|\n|t:|1719474534\n|switch|p2a: Kyogre|Kyogre, L71|136/259\n|-weather|RainDance|[from] ability: Drizzle|[of] p2a: Kyogre\n|turn|20\n|j| innovamania\n|\n|t:|1719474539\n|move|p2a: Kyogre|Ice Beam|p1a: Floatzel\n|-resisted|p1a: Floatzel\n|-damage|p1a: Floatzel|156/283\n|move|p1a: Floatzel|Wave Crash|p2a: Kyogre\n|-resisted|p2a: Kyogre\n|-crit|p2a: Kyogre\n|-damage|p2a: Kyogre|0 fnt\n|faint|p2a: Kyogre\n|-damage|p1a: Floatzel|111/283|[from] Recoil\n|\n|-weather|RainDance|[upkeep]\n|-heal|p1a: Floatzel|128/283|[from] item: Leftovers\n|upkeep\n|l| innovamania\n|\n|t:|1719474547\n|switch|p2a: Carbink|Carbink, L90|236/236\n|turn|21\n|\n|t:|1719474551\n|move|p1a: Floatzel|Wave Crash|p2a: Carbink\n|-supereffective|p2a: Carbink\n|-damage|p2a: Carbink|0 fnt\n|faint|p2a: Carbink\n|-damage|p1a: Floatzel|50/283|[from] Recoil\n|\n|-weather|RainDance|[upkeep]\n|-heal|p1a: Floatzel|67/283|[from] item: Leftovers\n|upkeep\n|\n|t:|1719474555\n|switch|p2a: Blissey|Blissey, L84, F|566/566\n|turn|22\n|j| Paternozzo\n|l| Paternozzo\n|\n|t:|1719474573\n|move|p1a: Floatzel|Wave Crash|p2a: Blissey\n|-damage|p2a: Blissey|0 fnt\n|faint|p2a: Blissey\n|-damage|p1a: Floatzel|0 fnt|[from] Recoil\n|faint|p1a: Floatzel\n|\n|-weather|RainDance|[upkeep]\n|upkeep\n|\n|t:|1719474582\n|switch|p1a: Orthworm|Orthworm, L88, F|266/266\n|switch|p2a: Reshiram|Reshiram, L76|277/277\n|-ability|p2a: Reshiram|Turboblaze\n|turn|23\n|inactive|Enstrom has 120 seconds left.\n|\n|t:|1719474624\n|switch|p1a: Dipplin|Dipplin, L88, M|149/284\n|move|p2a: Reshiram|Blue Flare|p1a: Dipplin\n|-damage|p1a: Dipplin|95/284\n|\n|-weather|RainDance|[upkeep]\n|upkeep\n|turn|24\n|\n|t:|1719474635\n|move|p2a: Reshiram|Draco Meteor|p1a: Dipplin\n|-supereffective|p1a: Dipplin\n|-damage|p1a: Dipplin|0 fnt\n|-unboost|p2a: Reshiram|spa|2\n|faint|p1a: Dipplin\n|\n|-weather|none\n|upkeep\n|-message|LT_Alt1 forfeited.\n|\n|win|Enstrom\n|raw|Enstrom's rating: 2181 &rarr; <strong>2213</strong><br />(+32 for winning)\n|raw|LT_Alt1's rating: 2421 &rarr; <strong>2389</strong><br />(-32 for losing)\n|l|\u203dLT_Alt1\n|player|p2|\n", "inputlog": ">version 021bb6b4147d783a3aa9da22896c4e1e173f1b61\n>start {\"formatid\":\"gen9randombattle\",\"seed\":[35458,42561,50483,9371],\"rated\":\"Rated battle\"}\n>player p1 {\"name\":\"Enstrom\",\"avatar\":\"rancher\",\"rating\":2181,\"seed\":[39206,47336,54645,53556]}\n>player p2 {\"name\":\"LT_Alt1\",\"avatar\":\"2\",\"rating\":2421,\"seed\":[21823,51845,9913,3760]}\n>p1 move trailblaze\n>p2 switch 5\n>p1 switch 5\n>p2 move stoneedge\n>p1 move psychic\n>p2 switch 5\n>p1 switch 5\n>p2 move seismictoss\n>p1 move closecombat\n>p2 switch 5\n>p1 move facade\n>p2 switch 6\n>p1 switch 2\n>p2 move substitute\n>p1 move dragonpulse\n>p2 move nastyplot\n>p1 move dragontail\n>p2 move shadowball\n>p1 switch 5\n>p2 move icebeam\n>p1 move psychic\n>p2 switch 5\n>p1 switch 2\n>p2 move seismictoss\n>p1 move knockoff\n>p2 switch 6\n>p1 move trailblaze\n>p2 move rapidspin\n>p1 switch 5\n>p2 switch 5\n>p1 switch 2\n>p2 move icebeam\n>p1 switch 6\n>p2 switch 6\n>p1 move wavecrash\n>p2 switch 6\n>p1 move bulkup\n>p2 move icebeam\n>p1 move wavecrash\n>p2 switch 2\n>p2 switch 2\n>p1 move wavecrash\n>p2 move icebeam\n>p2 switch 4\n>p1 move wavecrash\n>p2 move bodypress\n>p2 switch 6\n>p1 move wavecrash\n>p2 move seismictoss\n>p1 switch 4\n>p2 switch 3\n>p1 switch 2\n>p2 move blueflare\n>p1 move dragonpulse\n>p2 move dracometeor\n>forcelose p2", "uploadtime": 1719474658, "views": 186, "formatid": "gen9randombattle", "rating": 2213, "private": 0, "password": null}