{"id": "gen9randombattle-2162713178", "format": "[Gen 9] Random Battle", "players": ["Qiuescent", "Shade1x"], "log": "|badge|p1|bronze|gen9randombattle|100-2\n|uhtml|medal-msg|<div class=\"broadcast-blue\">Curious what those medals under the avatar are? PS now has Ladder Seasons! For more information, check out the <a href=\"https://www.smogon.com/forums/threads/3740067/\">thread on Smogon.</a></div>\n|j|\u203dQiuescent\n|j|\u2606Shade1x\n|t:|1721245643\n|gametype|singles\n|player|p1|Qiuescent|1|2295\n|player|p2|Shade1x|2|2302\n|teamsize|p1|6\n|teamsize|p2|6\n|gen|9\n|tier|[Gen 9] Random Battle\n|rated|\n|rule|Species Clause: Limit one of each Pok\u00e9mon\n|rule|HP Percentage Mod: HP is shown in percentages\n|rule|Sleep Clause Mod: Limit one foe put to sleep\n|rule|Illusion Level Mod: Illusion disguises the Pok\u00e9mon's true level\n|\n|t:|1721245643\n|start\n|switch|p1a: Gengar|Gengar, L81, M|230/230\n|switch|p2a: Gumshoos|Gumshoos, L95, M|321/321\n|turn|1\n|\n|t:|1721245658\n|move|p1a: Gengar|Focus Blast|p2a: Gumshoos|[miss]\n|-miss|p1a: Gengar|p2a: Gumshoos\n|move|p2a: Gumshoos|Knock Off|p1a: Gengar\n|-supereffective|p1a: Gengar\n|-damage|p1a: Gengar|0 fnt\n|-enditem|p1a: Gengar|Life Orb|[from] move: Knock Off|[of] p2a: Gumshoos\n|faint|p1a: Gengar\n|\n|upkeep\n|inactive|Battle timer is ON: inactive players will automatically lose when time's up. (requested by Qiuescent)\n|\n|t:|1721245662\n|switch|p1a: Dedenne|Dedenne, L88, F|261/261\n|turn|2\n|\n|t:|1721245682\n|switch|p2a: Cinderace|Cinderace, L77, F|249/249\n|move|p1a: Dedenne|Nuzzle|p2a: Cinderace\n|-damage|p2a: Cinderace|227/249\n|-status|p2a: Cinderace|par\n|\n|upkeep\n|turn|3\n|\n|t:|1721245685\n|move|p1a: Dedenne|Thunderbolt|p2a: Cinderace\n|-damage|p2a: Cinderace|109/249 par\n|move|p2a: Cinderace|Pyro Ball|p1a: Dedenne\n|-damage|p1a: Dedenne|104/261\n|-enditem|p1a: Dedenne|Sitrus Berry|[eat]\n|-heal|p1a: Dedenne|169/261|[from] item: Sitrus Berry\n|-heal|p1a: Dedenne|256/261|[from] ability: Cheek Pouch\n|\n|upkeep\n|turn|4\n|\n|t:|1721245696\n|move|p1a: Dedenne|Super Fang|p2a: Cinderace|[miss]\n|-miss|p1a: Dedenne|p2a: Cinderace\n|cant|p2a: Cinderace|par\n|\n|upkeep\n|turn|5\n|\n|t:|1721245698\n|move|p1a: Dedenne|Thunderbolt|p2a: Cinderace\n|-damage|p2a: Cinderace|0 fnt\n|faint|p2a: Cinderace\n|\n|upkeep\n|\n|t:|1721245701\n|switch|p2a: Gumshoos|Gumshoos, L95, M|321/321\n|turn|6\n|\n|t:|1721245714\n|move|p1a: Dedenne|Thunderbolt|p2a: Gumshoos\n|-damage|p2a: Gumshoos|219/321\n|-status|p2a: Gumshoos|par\n|move|p2a: Gumshoos|Double-Edge|p1a: Dedenne\n|-damage|p1a: Dedenne|0 fnt\n|faint|p1a: Dedenne\n|-damage|p2a: Gumshoos|135/321 par|[from] Recoil\n|\n|upkeep\n|\n|t:|1721245723\n|switch|p1a: Magcargo|Magcargo, L94, M|265/265\n|turn|7\n|\n|t:|1721245728\n|switch|p2a: Golduck|Golduck, L90, F|290/290\n|-ability|p2a: Golduck|Cloud Nine\n|move|p1a: Magcargo|Shell Smash|p1a: Magcargo\n|-unboost|p1a: Magcargo|def|1\n|-unboost|p1a: Magcargo|spd|1\n|-boost|p1a: Magcargo|atk|2\n|-boost|p1a: Magcargo|spa|2\n|-boost|p1a: Magcargo|spe|2\n|\n|upkeep\n|turn|8\n|\n|t:|1721245737\n|-terastallize|p1a: Magcargo|Dragon\n|move|p1a: Magcargo|Power Gem|p2a: Golduck\n|-damage|p2a: Golduck|91/290\n|move|p2a: Golduck|Hydro Pump|p1a: Magcargo\n|-resisted|p1a: Magcargo\n|-damage|p1a: Magcargo|151/265\n|-damage|p2a: Golduck|62/290|[from] item: Life Orb\n|\n|upkeep\n|turn|9\n|\n|t:|1721245747\n|switch|p2a: Gumshoos|Gumshoos, L95, M|135/321 par\n|move|p1a: Magcargo|Earth Power|p2a: Gumshoos\n|-damage|p2a: Gumshoos|0 fnt\n|faint|p2a: Gumshoos\n|\n|upkeep\n|\n|t:|1721245750\n|switch|p2a: Darkrai|Darkrai, L76|231/231\n|turn|10\n|\n|t:|1721245755\n|move|p2a: Darkrai|Dark Pulse|p1a: Magcargo\n|-damage|p1a: Magcargo|0 fnt\n|faint|p1a: Magcargo\n|-damage|p2a: Darkrai|208/231|[from] item: Life Orb\n|\n|upkeep\n|\n|t:|1721245759\n|switch|p1a: Yanmega|Yanmega, L82, M|275/275\n|turn|11\n|\n|t:|1721245766\n|switch|p2a: Golduck|Golduck, L90, F|62/290\n|-ability|p2a: Golduck|Cloud Nine\n|move|p1a: Yanmega|Bug Buzz|p2a: Golduck\n|-damage|p2a: Golduck|0 fnt\n|faint|p2a: Golduck\n|\n|-ability|p1a: Yanmega|Speed Boost|boost\n|-boost|p1a: Yanmega|spe|1\n|upkeep\n|\n|t:|1721245768\n|switch|p2a: Ho-Oh|Ho-Oh, L71|268/268\n|turn|12\n|\n|t:|1721245774\n|switch|p1a: Politoed|Politoed, L88, M|302/302\n|-weather|RainDance|[from] ability: Drizzle|[of] p1a: Politoed\n|move|p2a: Ho-Oh|Brave Bird|p1a: Politoed\n|-damage|p1a: Politoed|176/302\n|-damage|p2a: Ho-Oh|226/268|[from] Recoil\n|\n|-weather|RainDance|[upkeep]\n|upkeep\n|turn|13\n|\n|t:|1721245780\n|switch|p2a: Bruxish|Bruxish, L85, M|254/254\n|move|p1a: Politoed|Weather Ball|p2a: Bruxish\n|-resisted|p2a: Bruxish\n|-damage|p2a: Bruxish|108/254\n|\n|-weather|RainDance|[upkeep]\n|upkeep\n|turn|14\n|\n|t:|1721245785\n|switch|p1a: Noctowl|Noctowl, L95, M|344/344\n|move|p2a: Bruxish|Psychic Fangs|p1a: Noctowl\n|-damage|p1a: Noctowl|65/344\n|\n|-weather|RainDance|[upkeep]\n|upkeep\n|turn|15\n|\n|t:|1721245790\n|move|p2a: Bruxish|Psychic Fangs|p1a: Noctowl\n|-damage|p1a: Noctowl|0 fnt\n|faint|p1a: Noctowl\n|\n|-weather|RainDance|[upkeep]\n|upkeep\n|\n|t:|1721245792\n|switch|p1a: Yanmega|Yanmega, L82, M|275/275\n|turn|16\n|\n|t:|1721245796\n|move|p2a: Bruxish|Psychic Fangs|p1a: Yanmega\n|-damage|p1a: Yanmega|35/275\n|move|p1a: Yanmega|Air Slash|p2a: Bruxish\n|-crit|p2a: Bruxish\n|-damage|p2a: Bruxish|0 fnt\n|faint|p2a: Bruxish\n|\n|-weather|none\n|-ability|p1a: Yanmega|Speed Boost|boost\n|-boost|p1a: Yanmega|spe|1\n|upkeep\n|\n|t:|1721245800\n|switch|p2a: Ho-Oh|Ho-Oh, L71|268/268\n|turn|17\n|\n|t:|1721245802\n|move|p1a: Yanmega|Air Slash|p2a: Ho-Oh\n|-damage|p2a: Ho-Oh|196/268\n|move|p2a: Ho-Oh|Brave Bird|p1a: Yanmega\n|-supereffective|p1a: Yanmega\n|-damage|p1a: Yanmega|0 fnt\n|faint|p1a: Yanmega\n|-damage|p2a: Ho-Oh|184/268|[from] Recoil\n|\n|upkeep\n|\n|t:|1721245804\n|switch|p1a: Politoed|Politoed, L88, M|176/302\n|-weather|RainDance|[from] ability: Drizzle|[of] p1a: Politoed\n|turn|18\n|\n|t:|1721245807\n|move|p1a: Politoed|Weather Ball|p2a: Ho-Oh\n|-supereffective|p2a: Ho-Oh\n|-damage|p2a: Ho-Oh|0 fnt\n|faint|p2a: Ho-Oh\n|\n|-weather|RainDance|[upkeep]\n|upkeep\n|\n|t:|1721245810\n|switch|p2a: Darkrai|Darkrai, L76|208/231\n|turn|19\n|\n|t:|1721245824\n|move|p2a: Darkrai|Nasty Plot|p2a: Darkrai\n|-boost|p2a: Darkrai|spa|2\n|move|p1a: Politoed|Weather Ball|p2a: Darkrai\n|-damage|p2a: Darkrai|0 fnt\n|faint|p2a: Darkrai\n|\n|win|Qiuescent\n|raw|Qiuescent's rating: 2295 &rarr; <strong>2315</strong><br />(+20 for winning)\n|raw|Shade1x's rating: 2302 &rarr; <strong>2282</strong><br />(-20 for losing)\n", "inputlog": ">version 6541fcea21d467a9da79bdf33e2760bc1c0cf786\n>start {\"formatid\":\"gen9randombattle\",\"seed\":[43966,15141,31146,10726],\"rated\":\"Rated battle\"}\n>player p1 {\"name\":\"Qiuescent\",\"avatar\":\"1\",\"rating\":2295,\"seed\":[59902,978,33662,22207]}\n>player p2 {\"name\":\"Shade1x\",\"avatar\":\"2\",\"rating\":2302,\"seed\":[11103,40198,20080,12795]}\n>p1 move focusblast\n>p2 move knockoff\n>p1 switch 3\n>p1 move nuzzle\n>p2 switch 3\n>p1 move thunderbolt\n>p2 move pyroball\n>p1 move superfang\n>p2 move pyroball\n>p1 move thunderbolt\n>p2 move pyroball\n>p2 switch 3\n>p1 move thunderbolt\n>p2 move doubleedge\n>p1 switch 5\n>p1 move shellsmash\n>p2 switch 6\n>p1 move powergem terastallize\n>p2 move hydropump\n>p1 move earthpower\n>p2 switch 6\n>p2 switch 5\n>p1 move shellsmash\n>p2 move darkpulse\n>p1 switch 2\n>p1 move bugbuzz\n>p2 switch 6\n>p2 switch 2\n>p1 switch 6\n>p2 move bravebird\n>p1 move weatherball\n>p2 switch 4\n>p1 switch 4\n>p2 move psychicfangs\n>p1 move hurricane\n>p2 move psychicfangs\n>p1 switch 6\n>p1 move airslash\n>p2 move psychicfangs\n>p2 switch 4\n>p1 move airslash\n>p2 move bravebird\n>p1 switch 4\n>p1 move weatherball\n>p2 move bravebird\n>p2 switch 6\n>p1 move weatherball\n>p2 move nastyplot", "uploadtime": 1721245825, "views": 153, "formatid": "gen9randombattle", "rating": 2282, "private": 0, "password": null}