{"id": "gen9randombattle-2260784366", "format": "[Gen 9] Random Battle", "players": ["mi1kweed", "Charmstrange1010"], "log": "|j|\u2606mi1kweed\n|j|\u2606Charmstrange1010\n|t:|1733891576\n|gametype|singles\n|player|p1|mi1kweed|pokemonranger-gen4|1267\n|player|p2|Charmstrange1010|170|1264\n|teamsize|p1|6\n|teamsize|p2|6\n|gen|9\n|tier|[Gen 9] Random Battle\n|rated|\n|rule|Species Clause: Limit one of each Pok\u00e9mon\n|rule|HP Percentage Mod: HP is shown in percentages\n|rule|Sleep Clause Mod: Limit one foe put to sleep\n|rule|Illusion Level Mod: Illusion disguises the Pok\u00e9mon's true level\n|\n|t:|1733891576\n|start\n|switch|p1a: Zebstrika|Zebstrika, L87, F|272/272\n|switch|p2a: Hypno|Hypno, L95, F|315/315\n|turn|1\n|inactive|Battle timer is ON: inactive players will automatically lose when time's up. (requested by Charmstrange1010)\n|\n|t:|1733891595\n|move|p1a: Zebstrika|High Horsepower|p2a: Hypno\n|-damage|p2a: Hypno|207/315\n|-damage|p1a: Zebstrika|245/272|[from] item: Life Orb\n|move|p2a: Hypno|Knock Off|p1a: Zebstrika\n|-damage|p1a: Zebstrika|161/272\n|-enditem|p1a: Zebstrika|Life Orb|[from] move: Knock Off|[of] p2a: Hypno\n|\n|-heal|p2a: Hypno|226/315|[from] item: Leftovers\n|upkeep\n|turn|2\n|inactive|Charmstrange1010 has 120 seconds left.\n|\n|t:|1733891632\n|move|p1a: Zebstrika|Supercell Slam|p2a: Hypno\n|-damage|p2a: Hypno|108/315\n|move|p2a: Hypno|Psychic Noise|p1a: Zebstrika\n|-damage|p1a: Zebstrika|67/272\n|-start|p1a: Zebstrika|move: Heal Block\n|\n|-heal|p2a: Hypno|127/315|[from] item: Leftovers\n|upkeep\n|turn|3\n|inactive|Charmstrange1010 has 120 seconds left.\n|\n|t:|1733891649\n|switch|p2a: Appletun|Appletun, L92, F|352/352\n|move|p1a: Zebstrika|High Horsepower|p2a: Appletun\n|-resisted|p2a: Appletun\n|-damage|p2a: Appletun|317/352\n|\n|-heal|p2a: Appletun|339/352|[from] item: Leftovers\n|-end|p1a: Zebstrika|move: Heal Block\n|upkeep\n|turn|4\n|\n|t:|1733891668\n|switch|p1a: Ampharos|Ampharos, L88, F|302/302\n|move|p2a: Appletun|Dragon Pulse|p1a: Ampharos\n|-damage|p1a: Ampharos|200/302\n|\n|-heal|p2a: Appletun|352/352|[from] item: Leftovers\n|upkeep\n|turn|5\n|inactive|mi1kweed has 120 seconds left.\n|\n|t:|1733891696\n|move|p1a: Ampharos|Dazzling Gleam|p2a: Appletun\n|-supereffective|p2a: Appletun\n|-crit|p2a: Appletun\n|-damage|p2a: Appletun|102/352\n|-damage|p1a: Ampharos|170/302|[from] item: Life Orb\n|move|p2a: Appletun|Leech Seed|p1a: Ampharos\n|-start|p1a: Ampharos|move: Leech Seed\n|\n|-heal|p2a: Appletun|124/352|[from] item: Leftovers\n|-damage|p1a: Ampharos|133/302|[from] Leech Seed|[of] p2a: Appletun\n|-heal|p2a: Appletun|161/352|[silent]\n|upkeep\n|turn|6\n|\n|t:|1733891704\n|move|p1a: Ampharos|Dazzling Gleam|p2a: Appletun\n|-supereffective|p2a: Appletun\n|-damage|p2a: Appletun|0 fnt\n|faint|p2a: Appletun\n|-damage|p1a: Ampharos|103/302|[from] item: Life Orb\n|\n|upkeep\n|\n|t:|1733891709\n|switch|p2a: Magmortar|Magmortar, L88, F|275/275\n|turn|7\n|\n|t:|1733891718\n|move|p2a: Magmortar|Knock Off|p1a: Ampharos\n|-damage|p1a: Ampharos|36/302\n|-enditem|p1a: Ampharos|Life Orb|[from] move: Knock Off|[of] p2a: Magmortar\n|move|p1a: Ampharos|Thunderbolt|p2a: Magmortar\n|-damage|p2a: Magmortar|164/275\n|\n|-damage|p1a: Ampharos|0 fnt|[from] Leech Seed|[of] p2a: Magmortar\n|-heal|p2a: Magmortar|200/275|[silent]\n|faint|p1a: Ampharos\n|upkeep\n|\n|t:|1733891735\n|switch|p1a: Zebstrika|Zebstrika, L87, F|67/272\n|turn|8\n|\n|t:|1733891739\n|move|p1a: Zebstrika|High Horsepower|p2a: Magmortar\n|-supereffective|p2a: Magmortar\n|-damage|p2a: Magmortar|40/275\n|move|p2a: Magmortar|Fire Blast|p1a: Zebstrika\n|-damage|p1a: Zebstrika|0 fnt\n|faint|p1a: Zebstrika\n|\n|upkeep\n|\n|t:|1733891751\n|switch|p1a: Annihilape|Annihilape, L76, F|292/292\n|turn|9\n|\n|t:|1733891754\n|move|p2a: Magmortar|Will-O-Wisp|p1a: Annihilape\n|-status|p1a: Annihilape|brn\n|move|p1a: Annihilape|Drain Punch|p2a: Magmortar\n|-crit|p2a: Magmortar\n|-damage|p2a: Magmortar|0 fnt\n|faint|p2a: Magmortar\n|\n|-damage|p1a: Annihilape|274/292 brn|[from] brn\n|upkeep\n|\n|t:|1733891759\n|switch|p2a: Hypno|Hypno, L95, F|127/315\n|turn|10\n|\n|t:|1733891765\n|switch|p1a: Bombirdier|Bombirdier, L85, M|258/258\n|move|p2a: Hypno|Psychic Noise|p1a: Bombirdier\n|-immune|p1a: Bombirdier\n|\n|-heal|p2a: Hypno|146/315|[from] item: Leftovers\n|upkeep\n|turn|11\n|\n|t:|1733891779\n|move|p1a: Bombirdier|Knock Off|p2a: Hypno\n|-supereffective|p2a: Hypno\n|-damage|p2a: Hypno|0 fnt\n|-enditem|p2a: Hypno|Leftovers|[from] move: Knock Off|[of] p1a: Bombirdier\n|faint|p2a: Hypno\n|\n|upkeep\n|\n|t:|1733891785\n|switch|p2a: Ampharos|Ampharos, L88, M|302/302\n|turn|12\n|\n|t:|1733891797\n|switch|p1a: Sinistcha|Sinistcha, L83|254/254\n|move|p2a: Ampharos|Agility|p2a: Ampharos\n|-boost|p2a: Ampharos|spe|2\n|\n|upkeep\n|turn|13\n|\n|t:|1733891804\n|move|p2a: Ampharos|Dazzling Gleam|p1a: Sinistcha\n|-damage|p1a: Sinistcha|144/254\n|-damage|p2a: Ampharos|272/302|[from] item: Life Orb\n|move|p1a: Sinistcha|Calm Mind|p1a: Sinistcha\n|-boost|p1a: Sinistcha|spa|1\n|-boost|p1a: Sinistcha|spd|1\n|\n|-heal|p1a: Sinistcha|159/254|[from] item: Leftovers\n|upkeep\n|turn|14\n|\n|t:|1733891821\n|move|p2a: Ampharos|Dazzling Gleam|p1a: Sinistcha\n|-damage|p1a: Sinistcha|90/254\n|-damage|p2a: Ampharos|242/302|[from] item: Life Orb\n|move|p1a: Sinistcha|Matcha Gotcha|p2a: Ampharos\n|-damage|p2a: Ampharos|112/302\n|-heal|p1a: Sinistcha|155/254|[from] drain|[of] p2a: Ampharos\n|\n|-heal|p1a: Sinistcha|170/254|[from] item: Leftovers\n|upkeep\n|turn|15\n|\n|t:|1733891829\n|move|p2a: Ampharos|Thunderbolt|p1a: Sinistcha\n|-resisted|p1a: Sinistcha\n|-damage|p1a: Sinistcha|112/254\n|-damage|p2a: Ampharos|82/302|[from] item: Life Orb\n|move|p1a: Sinistcha|Matcha Gotcha|p2a: Ampharos\n|-damage|p2a: Ampharos|0 fnt\n|-heal|p1a: Sinistcha|153/254|[from] drain|[of] p2a: Ampharos\n|faint|p2a: Ampharos\n|\n|-heal|p1a: Sinistcha|168/254|[from] item: Leftovers\n|upkeep\n|\n|t:|1733891839\n|switch|p2a: Regidrago|Regidrago, L77|435/435\n|turn|16\n|\n|t:|1733891845\n|-terastallize|p2a: Regidrago|Steel\n|-terastallize|p1a: Sinistcha|Steel\n|move|p2a: Regidrago|Dragon Dance|p2a: Regidrago\n|-boost|p2a: Regidrago|atk|1\n|-boost|p2a: Regidrago|spe|1\n|move|p1a: Sinistcha|Strength Sap|p2a: Regidrago\n|-unboost|p2a: Regidrago|atk|1\n|-heal|p1a: Sinistcha|254/254\n|\n|upkeep\n|turn|17\n|\n|t:|1733891853\n|move|p2a: Regidrago|Earthquake|p1a: Sinistcha\n|-supereffective|p1a: Sinistcha\n|-damage|p1a: Sinistcha|121/254\n|-damage|p2a: Regidrago|392/435|[from] item: Life Orb\n|move|p1a: Sinistcha|Shadow Ball|p2a: Regidrago\n|-damage|p2a: Regidrago|167/435\n|-unboost|p2a: Regidrago|spd|1\n|\n|-heal|p1a: Sinistcha|136/254|[from] item: Leftovers\n|upkeep\n|turn|18\n|\n|t:|1733891863\n|move|p2a: Regidrago|Earthquake|p1a: Sinistcha\n|-supereffective|p1a: Sinistcha\n|-damage|p1a: Sinistcha|9/254\n|-damage|p2a: Regidrago|124/435|[from] item: Life Orb\n|move|p1a: Sinistcha|Strength Sap|p2a: Regidrago\n|-unboost|p2a: Regidrago|atk|1\n|-heal|p1a: Sinistcha|208/254\n|\n|-heal|p1a: Sinistcha|223/254|[from] item: Leftovers\n|upkeep\n|turn|19\n|-message|Charmstrange1010 forfeited.\n|\n|win|mi1kweed\n|raw|mi1kweed's rating: 1267 &rarr; <strong>1292</strong><br />(+25 for winning)\n|raw|Charmstrange1010's rating: 1264 &rarr; <strong>1239</strong><br />(-25 for losing)\n|l|\u2606Charmstrange1010\n|player|p2|\n", "inputlog": ">version bfd83cad13791eb5a5a409923076391caf6fb4d4\n>start {\"formatid\":\"gen9randombattle\",\"seed\":[16127,61386,3163,51027],\"rated\":\"Rated battle\"}\n>player p1 {\"name\":\"mi1kweed\",\"avatar\":\"pokemonranger-gen4\",\"rating\":1267,\"seed\":[18247,6148,45745,40615]}\n>player p2 {\"name\":\"Charmstrange1010\",\"avatar\":\"170\",\"rating\":1264,\"seed\":[63116,34941,23435,5525]}\n>p1 move highhorsepower\n>p2 move knockoff\n>p1 move supercellslam\n>p2 move psychicnoise\n>p1 move highhorsepower\n>p2 switch 4\n>p1 switch 6\n>p2 move dragonpulse\n>p1 move dazzlinggleam\n>p2 move leechseed\n>p1 move dazzlinggleam\n>p2 move recover\n>p2 switch 3\n>p1 move thunderbolt\n>p2 move knockoff\n>p1 switch 6\n>p1 move highhorsepower\n>p2 move fireblast\n>p1 switch 5\n>p1 move drainpunch\n>p2 move willowisp\n>p2 switch 4\n>p1 switch 3\n>p2 move psychicnoise\n>p1 move knockoff\n>p2 move thunderwave\n>p2 switch 6\n>p1 switch 4\n>p2 move agility\n>p1 move calmmind\n>p2 move dazzlinggleam\n>p1 move matchagotcha\n>p2 move dazzlinggleam\n>p1 move matchagotcha\n>p2 move thunderbolt\n>p2 switch 2\n>p1 move strengthsap terastallize\n>p2 move dragondance terastallize\n>p1 move shadowball\n>p2 move earthquake\n>p1 move strengthsap\n>p2 move earthquake\n>forcelose p2", "uploadtime": 1733891870, "views": 12, "formatid": "gen9randombattle", "rating": 1239, "private": 0, "password": null}