{"id": "gen9randombattle-2260795425", "format": "[Gen 9] Random Battle", "players": ["fucgbs", "goopoop"], "log": "|j|\u2606fucgbs\n|j|\u203dgoopoop\n|t:|1733893393\n|gametype|singles\n|player|p1|fucgbs|101|1104\n|player|p2|goopoop|169|1136\n|teamsize|p1|6\n|teamsize|p2|6\n|gen|9\n|tier|[Gen 9] Random Battle\n|rated|\n|rule|Species Clause: Limit one of each Pok\u00e9mon\n|rule|HP Percentage Mod: HP is shown in percentages\n|rule|Sleep Clause Mod: Limit one foe put to sleep\n|rule|Illusion Level Mod: Illusion disguises the Pok\u00e9mon's true level\n|\n|t:|1733893393\n|start\n|switch|p1a: Passimian|Passimian, L83, F|302/302\n|switch|p2a: Gurdurr|Gurdurr, L85, M|283/283\n|turn|1\n|\n|t:|1733893411\n|move|p1a: Passimian|Knock Off|p2a: Gurdurr\n|-resisted|p2a: Gurdurr\n|-damage|p2a: Gurdurr|242/283\n|-enditem|p2a: Gurdurr|Eviolite|[from] move: Knock Off|[of] p1a: Passimian\n|move|p2a: Gurdurr|Drain Punch|p1a: Passimian\n|-damage|p1a: Passimian|209/302\n|-heal|p2a: Gurdurr|283/283|[from] drain|[of] p1a: Passimian\n|\n|upkeep\n|turn|2\n|\n|t:|1733893430\n|switch|p1a: Fezandipiti|Fezandipiti, L82, M|278/278\n|move|p2a: Gurdurr|Drain Punch|p1a: Fezandipiti\n|-resisted|p1a: Fezandipiti\n|-damage|p1a: Fezandipiti|257/278\n|\n|-heal|p1a: Fezandipiti|274/278|[from] item: Leftovers\n|upkeep\n|turn|3\n|\n|t:|1733893450\n|move|p1a: Fezandipiti|Swords Dance|p1a: Fezandipiti\n|-boost|p1a: Fezandipiti|atk|2\n|move|p2a: Gurdurr|Knock Off|p1a: Fezandipiti\n|-resisted|p1a: Fezandipiti\n|-damage|p1a: Fezandipiti|231/278\n|-enditem|p1a: Fezandipiti|Leftovers|[from] move: Knock Off|[of] p2a: Gurdurr\n|\n|upkeep\n|turn|4\n|\n|t:|1733893459\n|move|p1a: Fezandipiti|Swords Dance|p1a: Fezandipiti\n|-boost|p1a: Fezandipiti|atk|2\n|move|p2a: Gurdurr|Defog|p1a: Fezandipiti\n|-unboost|p1a: Fezandipiti|evasion|1\n|\n|upkeep\n|turn|5\n|\n|t:|1733893470\n|switch|p2a: Tinkaton|Tinkaton, L82, F|274/274\n|-ability|p2a: Tinkaton|Mold Breaker\n|move|p1a: Fezandipiti|Swords Dance|p1a: Fezandipiti\n|-boost|p1a: Fezandipiti|atk|2\n|\n|upkeep\n|turn|6\n|\n|t:|1733893480\n|-terastallize|p1a: Fezandipiti|Ground\n|move|p1a: Fezandipiti|Tera Blast|p2a: Tinkaton|[anim] Tera Blast Ground\n|-supereffective|p2a: Tinkaton\n|-damage|p2a: Tinkaton|0 fnt\n|faint|p2a: Tinkaton\n|\n|upkeep\n|\n|t:|1733893490\n|switch|p2a: Greninja|Greninja, L80, M|246/246\n|turn|7\n|\n|t:|1733893495\n|move|p2a: Greninja|Hydro Pump|p1a: Fezandipiti\n|-start|p2a: Greninja|typechange|Water|[from] ability: Protean\n|-supereffective|p1a: Fezandipiti\n|-damage|p1a: Fezandipiti|0 fnt\n|faint|p1a: Fezandipiti\n|\n|upkeep\n|\n|t:|1733893507\n|switch|p1a: Abomasnow|Abomasnow, L85, F|291/291\n|-weather|Snow|[from] ability: Snow Warning|[of] p1a: Abomasnow\n|turn|8\n|\n|t:|1733893517\n|move|p2a: Greninja|Hydro Pump|p1a: Abomasnow\n|-resisted|p1a: Abomasnow\n|-damage|p1a: Abomasnow|198/291\n|move|p1a: Abomasnow|Aurora Veil|p1a: Abomasnow\n|-sidestart|p1: fucgbs|move: Aurora Veil\n|\n|-weather|Snow|[upkeep]\n|upkeep\n|turn|9\n|\n|t:|1733893527\n|move|p2a: Greninja|Hydro Pump|p1a: Abomasnow\n|-resisted|p1a: Abomasnow\n|-crit|p1a: Abomasnow\n|-damage|p1a: Abomasnow|75/291\n|move|p1a: Abomasnow|Wood Hammer|p2a: Greninja\n|-supereffective|p2a: Greninja\n|-damage|p2a: Greninja|0 fnt\n|faint|p2a: Greninja\n|-damage|p1a: Abomasnow|0 fnt|[from] Recoil\n|faint|p1a: Abomasnow\n|\n|-weather|Snow|[upkeep]\n|upkeep\n|\n|t:|1733893544\n|switch|p2a: Gurdurr|Gurdurr, L85, M|283/283\n|switch|p1a: Mewtwo|Mewtwo, L72|272/272\n|-ability|p1a: Mewtwo|Unnerve\n|turn|10\n|\n|t:|1733893556\n|move|p1a: Mewtwo|Nasty Plot|p1a: Mewtwo\n|-boost|p1a: Mewtwo|spa|2\n|move|p2a: Gurdurr|Knock Off|p1a: Mewtwo\n|-supereffective|p1a: Mewtwo\n|-damage|p1a: Mewtwo|192/272\n|-enditem|p1a: Mewtwo|Life Orb|[from] move: Knock Off|[of] p2a: Gurdurr\n|\n|-weather|Snow|[upkeep]\n|upkeep\n|turn|11\n|\n|t:|1733893571\n|move|p1a: Mewtwo|Nasty Plot|p1a: Mewtwo\n|-boost|p1a: Mewtwo|spa|2\n|move|p2a: Gurdurr|Knock Off|p1a: Mewtwo\n|-supereffective|p1a: Mewtwo\n|-damage|p1a: Mewtwo|131/272\n|\n|-weather|Snow|[upkeep]\n|upkeep\n|turn|12\n|\n|t:|1733893578\n|move|p1a: Mewtwo|Psystrike|p2a: Gurdurr\n|-supereffective|p2a: Gurdurr\n|-damage|p2a: Gurdurr|0 fnt\n|faint|p2a: Gurdurr\n|\n|-weather|none\n|upkeep\n|\n|t:|1733893597\n|switch|p2a: Electivire|Electivire, L84, F|263/263\n|turn|13\n|\n|t:|1733893609\n|move|p1a: Mewtwo|Psystrike|p2a: Electivire\n|-damage|p2a: Electivire|0 fnt\n|faint|p2a: Electivire\n|\n|upkeep\n|\n|t:|1733893623\n|switch|p2a: Azelf|Azelf, L82|257/257\n|turn|14\n|\n|t:|1733893630\n|move|p2a: Azelf|Thunderbolt|p1a: Mewtwo\n|-damage|p1a: Mewtwo|70/272\n|move|p1a: Mewtwo|Dark Pulse|p2a: Azelf\n|-supereffective|p2a: Azelf\n|-damage|p2a: Azelf|0 fnt\n|faint|p2a: Azelf\n|\n|upkeep\n|\n|t:|1733893639\n|switch|p2a: Latias|Latias, L79, F|256/256\n|turn|15\n|\n|t:|1733893646\n|-terastallize|p2a: Latias|Steel\n|move|p1a: Mewtwo|Dark Pulse|p2a: Latias\n|-damage|p2a: Latias|117/256\n|move|p2a: Latias|Psyshock|p1a: Mewtwo\n|-resisted|p1a: Mewtwo\n|-crit|p1a: Mewtwo\n|-damage|p1a: Mewtwo|0 fnt\n|faint|p1a: Mewtwo\n|\n|-sideend|p1: fucgbs|move: Aurora Veil\n|upkeep\n|\n|t:|1733893665\n|switch|p1a: Passimian|Passimian, L83, F|209/302\n|turn|16\n|\n|t:|1733893672\n|move|p2a: Latias|Draco Meteor|p1a: Passimian\n|-damage|p1a: Passimian|0 fnt\n|-unboost|p2a: Latias|spa|2\n|faint|p1a: Passimian\n|\n|upkeep\n|\n|t:|1733893680\n|switch|p1a: Sandy Shocks|Sandy Shocks, L80|267/267\n|turn|17\n|\n|t:|1733893684\n|move|p2a: Latias|Recover|p2a: Latias\n|-heal|p2a: Latias|245/256\n|move|p1a: Sandy Shocks|Thunderbolt|p2a: Latias\n|-damage|p2a: Latias|169/256\n|\n|upkeep\n|turn|18\n|\n|t:|1733893694\n|-end|p1a: Sandy Shocks|Protosynthesis|[silent]\n|switch|p1a: Mudsdale|Mudsdale, L84, M|305/305\n|move|p2a: Latias|Psyshock|p1a: Mudsdale\n|-damage|p1a: Mudsdale|263/305\n|-ability|p1a: Mudsdale|Stamina|boost\n|-boost|p1a: Mudsdale|def|1\n|\n|-heal|p1a: Mudsdale|282/305|[from] item: Leftovers\n|upkeep\n|turn|19\n|\n|t:|1733893705\n|move|p2a: Latias|Draco Meteor|p1a: Mudsdale\n|-damage|p1a: Mudsdale|197/305\n|-unboost|p2a: Latias|spa|2\n|-ability|p1a: Mudsdale|Stamina|boost\n|-boost|p1a: Mudsdale|def|1\n|move|p1a: Mudsdale|Heavy Slam|p2a: Latias\n|-resisted|p2a: Latias\n|-damage|p2a: Latias|113/256\n|\n|-heal|p1a: Mudsdale|216/305|[from] item: Leftovers\n|upkeep\n|turn|20\n|\n|t:|1733893716\n|move|p2a: Latias|Recover|p2a: Latias\n|-heal|p2a: Latias|241/256\n|move|p1a: Mudsdale|Heavy Slam|p2a: Latias\n|-resisted|p2a: Latias\n|-damage|p2a: Latias|192/256\n|\n|-heal|p1a: Mudsdale|235/305|[from] item: Leftovers\n|upkeep\n|turn|21\n|\n|t:|1733893726\n|move|p2a: Latias|Calm Mind|p2a: Latias\n|-boost|p2a: Latias|spa|1\n|-boost|p2a: Latias|spd|1\n|move|p1a: Mudsdale|Stone Edge|p2a: Latias\n|-resisted|p2a: Latias\n|-damage|p2a: Latias|146/256\n|\n|-heal|p1a: Mudsdale|254/305|[from] item: Leftovers\n|upkeep\n|turn|22\n|\n|t:|1733893737\n|move|p2a: Latias|Draco Meteor|p1a: Mudsdale\n|-damage|p1a: Mudsdale|182/305\n|-unboost|p2a: Latias|spa|2\n|-ability|p1a: Mudsdale|Stamina|boost\n|-boost|p1a: Mudsdale|def|1\n|move|p1a: Mudsdale|Heavy Slam|p2a: Latias\n|-resisted|p2a: Latias\n|-damage|p2a: Latias|91/256\n|\n|-heal|p1a: Mudsdale|201/305|[from] item: Leftovers\n|upkeep\n|turn|23\n|\n|t:|1733893749\n|move|p2a: Latias|Recover|p2a: Latias\n|-heal|p2a: Latias|219/256\n|move|p1a: Mudsdale|Stone Edge|p2a: Latias\n|-resisted|p2a: Latias\n|-damage|p2a: Latias|175/256\n|\n|-heal|p1a: Mudsdale|220/305|[from] item: Leftovers\n|upkeep\n|turn|24\n|\n|t:|1733893758\n|move|p2a: Latias|Draco Meteor|p1a: Mudsdale\n|-damage|p1a: Mudsdale|174/305\n|-unboost|p2a: Latias|spa|1\n|-ability|p1a: Mudsdale|Stamina|boost\n|-boost|p1a: Mudsdale|def|1\n|move|p1a: Mudsdale|Heavy Slam|p2a: Latias\n|-resisted|p2a: Latias\n|-damage|p2a: Latias|123/256\n|\n|-heal|p1a: Mudsdale|193/305|[from] item: Leftovers\n|upkeep\n|turn|25\n|\n|t:|1733893769\n|move|p2a: Latias|Draco Meteor|p1a: Mudsdale\n|-damage|p1a: Mudsdale|154/305\n|-ability|p1a: Mudsdale|Stamina|boost\n|-boost|p1a: Mudsdale|def|1\n|move|p1a: Mudsdale|Stone Edge|p2a: Latias\n|-resisted|p2a: Latias\n|-damage|p2a: Latias|79/256\n|\n|-heal|p1a: Mudsdale|173/305|[from] item: Leftovers\n|upkeep\n|turn|26\n|\n|t:|1733893779\n|move|p2a: Latias|Recover|p2a: Latias\n|-heal|p2a: Latias|207/256\n|move|p1a: Mudsdale|Earthquake|p2a: Latias\n|-immune|p2a: Latias|[from] ability: Levitate\n|\n|-heal|p1a: Mudsdale|192/305|[from] item: Leftovers\n|upkeep\n|turn|27\n|\n|t:|1733893788\n|move|p2a: Latias|Calm Mind|p2a: Latias\n|-boost|p2a: Latias|spa|1\n|-boost|p2a: Latias|spd|1\n|move|p1a: Mudsdale|Heavy Slam|p2a: Latias\n|-resisted|p2a: Latias\n|-damage|p2a: Latias|151/256\n|\n|-heal|p1a: Mudsdale|211/305|[from] item: Leftovers\n|upkeep\n|turn|28\n|\n|t:|1733893797\n|move|p2a: Latias|Calm Mind|p2a: Latias\n|-boost|p2a: Latias|spa|1\n|-boost|p2a: Latias|spd|1\n|move|p1a: Mudsdale|Stone Edge|p2a: Latias\n|-resisted|p2a: Latias\n|-damage|p2a: Latias|104/256\n|\n|-heal|p1a: Mudsdale|230/305|[from] item: Leftovers\n|upkeep\n|turn|29\n|\n|t:|1733893805\n|move|p2a: Latias|Recover|p2a: Latias\n|-heal|p2a: Latias|232/256\n|move|p1a: Mudsdale|Stone Edge|p2a: Latias\n|-resisted|p2a: Latias\n|-crit|p2a: Latias\n|-damage|p2a: Latias|169/256\n|\n|-heal|p1a: Mudsdale|249/305|[from] item: Leftovers\n|upkeep\n|turn|30\n|\n|t:|1733893814\n|move|p2a: Latias|Psyshock|p1a: Mudsdale\n|-crit|p1a: Mudsdale\n|-damage|p1a: Mudsdale|113/305\n|-ability|p1a: Mudsdale|Stamina|boost\n|-boost|p1a: Mudsdale|def|1\n|move|p1a: Mudsdale|Heavy Slam|p2a: Latias\n|-resisted|p2a: Latias\n|-damage|p2a: Latias|117/256\n|\n|-heal|p1a: Mudsdale|132/305|[from] item: Leftovers\n|upkeep\n|turn|31\n|\n|t:|1733893824\n|move|p2a: Latias|Psyshock|p1a: Mudsdale\n|-damage|p1a: Mudsdale|123/305\n|move|p1a: Mudsdale|Heavy Slam|p2a: Latias\n|-resisted|p2a: Latias\n|-damage|p2a: Latias|67/256\n|\n|-heal|p1a: Mudsdale|142/305|[from] item: Leftovers\n|upkeep\n|turn|32\n|\n|t:|1733893834\n|move|p2a: Latias|Recover|p2a: Latias\n|-heal|p2a: Latias|195/256\n|move|p1a: Mudsdale|Stone Edge|p2a: Latias\n|-resisted|p2a: Latias\n|-damage|p2a: Latias|147/256\n|\n|-heal|p1a: Mudsdale|161/305|[from] item: Leftovers\n|upkeep\n|turn|33\n|\n|t:|1733893841\n|move|p2a: Latias|Psyshock|p1a: Mudsdale\n|-damage|p1a: Mudsdale|152/305\n|move|p1a: Mudsdale|Stone Edge|p2a: Latias|[miss]\n|-miss|p1a: Mudsdale|p2a: Latias\n|\n|-heal|p1a: Mudsdale|171/305|[from] item: Leftovers\n|upkeep\n|turn|34\n|\n|t:|1733893849\n|move|p2a: Latias|Psyshock|p1a: Mudsdale\n|-damage|p1a: Mudsdale|162/305\n|move|p1a: Mudsdale|Stone Edge|p2a: Latias\n|-resisted|p2a: Latias\n|-crit|p2a: Latias\n|-damage|p2a: Latias|85/256\n|\n|-heal|p1a: Mudsdale|181/305|[from] item: Leftovers\n|upkeep\n|turn|35\n|\n|t:|1733893857\n|move|p2a: Latias|Recover|p2a: Latias\n|-heal|p2a: Latias|213/256\n|move|p1a: Mudsdale|Heavy Slam|p2a: Latias\n|-resisted|p2a: Latias\n|-damage|p2a: Latias|157/256\n|\n|-heal|p1a: Mudsdale|200/305|[from] item: Leftovers\n|upkeep\n|turn|36\n|\n|t:|1733893865\n|move|p2a: Latias|Draco Meteor|p1a: Mudsdale\n|-damage|p1a: Mudsdale|146/305\n|-unboost|p2a: Latias|spa|2\n|move|p1a: Mudsdale|Heavy Slam|p2a: Latias\n|-resisted|p2a: Latias\n|-damage|p2a: Latias|105/256\n|\n|-heal|p1a: Mudsdale|165/305|[from] item: Leftovers\n|upkeep\n|turn|37\n|\n|t:|1733893874\n|move|p2a: Latias|Draco Meteor|p1a: Mudsdale\n|-damage|p1a: Mudsdale|125/305\n|move|p1a: Mudsdale|Roar||[still]\n|-fail|p1a: Mudsdale\n|\n|-heal|p1a: Mudsdale|144/305|[from] item: Leftovers\n|upkeep\n|turn|38\n|\n|t:|1733893894\n|move|p2a: Latias|Draco Meteor|p1a: Mudsdale\n|-damage|p1a: Mudsdale|98/305\n|move|p1a: Mudsdale|Heavy Slam|p2a: Latias\n|-resisted|p2a: Latias\n|-damage|p2a: Latias|48/256\n|\n|-heal|p1a: Mudsdale|117/305|[from] item: Leftovers\n|upkeep\n|turn|39\n|\n|t:|1733893902\n|move|p2a: Latias|Recover|p2a: Latias\n|-heal|p2a: Latias|176/256\n|move|p1a: Mudsdale|Earthquake|p2a: Latias\n|-immune|p2a: Latias|[from] ability: Levitate\n|\n|-heal|p1a: Mudsdale|136/305|[from] item: Leftovers\n|upkeep\n|turn|40\n|\n|t:|1733893912\n|move|p2a: Latias|Psyshock|p1a: Mudsdale\n|-damage|p1a: Mudsdale|130/305\n|move|p1a: Mudsdale|Roar||[still]\n|-fail|p1a: Mudsdale\n|\n|-heal|p1a: Mudsdale|149/305|[from] item: Leftovers\n|upkeep\n|turn|41\n|\n|t:|1733893919\n|move|p2a: Latias|Calm Mind|p2a: Latias\n|-boost|p2a: Latias|spa|1\n|-boost|p2a: Latias|spd|1\n|move|p1a: Mudsdale|Heavy Slam|p2a: Latias\n|-resisted|p2a: Latias\n|-damage|p2a: Latias|123/256\n|\n|-heal|p1a: Mudsdale|168/305|[from] item: Leftovers\n|upkeep\n|turn|42\n|\n|t:|1733893927\n|move|p2a: Latias|Calm Mind|p2a: Latias\n|-boost|p2a: Latias|spa|1\n|-boost|p2a: Latias|spd|1\n|move|p1a: Mudsdale|Heavy Slam|p2a: Latias\n|-resisted|p2a: Latias\n|-damage|p2a: Latias|65/256\n|\n|-heal|p1a: Mudsdale|187/305|[from] item: Leftovers\n|upkeep\n|turn|43\n|\n|t:|1733893934\n|move|p2a: Latias|Psyshock|p1a: Mudsdale\n|-damage|p1a: Mudsdale|178/305\n|move|p1a: Mudsdale|Heavy Slam|p2a: Latias\n|-resisted|p2a: Latias\n|-damage|p2a: Latias|11/256\n|\n|-heal|p1a: Mudsdale|197/305|[from] item: Leftovers\n|upkeep\n|turn|44\n|\n|t:|1733893943\n|move|p2a: Latias|Psyshock|p1a: Mudsdale\n|-damage|p1a: Mudsdale|188/305\n|move|p1a: Mudsdale|Earthquake|p2a: Latias\n|-immune|p2a: Latias|[from] ability: Levitate\n|\n|-heal|p1a: Mudsdale|207/305|[from] item: Leftovers\n|upkeep\n|turn|45\n|\n|t:|1733893951\n|move|p2a: Latias|Psyshock|p1a: Mudsdale\n|-damage|p1a: Mudsdale|198/305\n|move|p1a: Mudsdale|Roar||[still]\n|-fail|p1a: Mudsdale\n|\n|-heal|p1a: Mudsdale|217/305|[from] item: Leftovers\n|upkeep\n|turn|46\n|\n|t:|1733893958\n|move|p2a: Latias|Psyshock|p1a: Mudsdale\n|-crit|p1a: Mudsdale\n|-damage|p1a: Mudsdale|90/305\n|move|p1a: Mudsdale|Earthquake|p2a: Latias\n|-immune|p2a: Latias|[from] ability: Levitate\n|\n|-heal|p1a: Mudsdale|109/305|[from] item: Leftovers\n|upkeep\n|turn|47\n|\n|t:|1733893966\n|move|p2a: Latias|Psyshock|p1a: Mudsdale\n|-damage|p1a: Mudsdale|100/305\n|move|p1a: Mudsdale|Roar||[still]\n|-fail|p1a: Mudsdale\n|\n|-heal|p1a: Mudsdale|119/305|[from] item: Leftovers\n|upkeep\n|turn|48\n|\n|t:|1733893972\n|move|p2a: Latias|Calm Mind|p2a: Latias\n|-boost|p2a: Latias|spa|1\n|-boost|p2a: Latias|spd|1\n|move|p1a: Mudsdale|Roar||[still]\n|-fail|p1a: Mudsdale\n|\n|-heal|p1a: Mudsdale|138/305|[from] item: Leftovers\n|upkeep\n|turn|49\n|\n|t:|1733893979\n|move|p2a: Latias|Psyshock|p1a: Mudsdale\n|-damage|p1a: Mudsdale|129/305\n|move|p1a: Mudsdale|Earthquake|p2a: Latias\n|-immune|p2a: Latias|[from] ability: Levitate\n|\n|-heal|p1a: Mudsdale|148/305|[from] item: Leftovers\n|upkeep\n|turn|50\n|\n|t:|1733893988\n|move|p2a: Latias|Calm Mind|p2a: Latias\n|-boost|p2a: Latias|spa|1\n|-boost|p2a: Latias|spd|0\n|move|p1a: Mudsdale|Roar||[still]\n|-fail|p1a: Mudsdale\n|\n|-heal|p1a: Mudsdale|167/305|[from] item: Leftovers\n|upkeep\n|turn|51\n|\n|t:|1733893996\n|move|p2a: Latias|Calm Mind|p2a: Latias\n|-boost|p2a: Latias|spa|1\n|-boost|p2a: Latias|spd|0\n|move|p1a: Mudsdale|Earthquake|p2a: Latias\n|-immune|p2a: Latias|[from] ability: Levitate\n|\n|-heal|p1a: Mudsdale|186/305|[from] item: Leftovers\n|upkeep\n|turn|52\n|\n|t:|1733894003\n|move|p2a: Latias|Calm Mind|p2a: Latias\n|-boost|p2a: Latias|spa|1\n|-boost|p2a: Latias|spd|0\n|move|p1a: Mudsdale|Earthquake|p2a: Latias\n|-immune|p2a: Latias|[from] ability: Levitate\n|\n|-heal|p1a: Mudsdale|205/305|[from] item: Leftovers\n|upkeep\n|turn|53\n|\n|t:|1733894011\n|move|p2a: Latias|Calm Mind|p2a: Latias\n|-boost|p2a: Latias|spa|1\n|-boost|p2a: Latias|spd|0\n|move|p1a: Mudsdale|Roar||[still]\n|-fail|p1a: Mudsdale\n|\n|-heal|p1a: Mudsdale|224/305|[from] item: Leftovers\n|upkeep\n|turn|54\n|\n|t:|1733894018\n|move|p2a: Latias|Psyshock|p1a: Mudsdale\n|-damage|p1a: Mudsdale|188/305\n|move|p1a: Mudsdale|Roar||[still]\n|-fail|p1a: Mudsdale\n|\n|-heal|p1a: Mudsdale|207/305|[from] item: Leftovers\n|upkeep\n|turn|55\n|\n|t:|1733894026\n|move|p2a: Latias|Calm Mind|p2a: Latias\n|-boost|p2a: Latias|spa|1\n|-boost|p2a: Latias|spd|0\n|move|p1a: Mudsdale|Earthquake|p2a: Latias\n|-immune|p2a: Latias|[from] ability: Levitate\n|\n|-heal|p1a: Mudsdale|226/305|[from] item: Leftovers\n|upkeep\n|turn|56\n|\n|t:|1733894034\n|move|p2a: Latias|Calm Mind|p2a: Latias\n|-boost|p2a: Latias|spa|1\n|-boost|p2a: Latias|spd|0\n|move|p1a: Mudsdale|Earthquake|p2a: Latias\n|-immune|p2a: Latias|[from] ability: Levitate\n|\n|-heal|p1a: Mudsdale|245/305|[from] item: Leftovers\n|upkeep\n|turn|57\n|\n|t:|1733894041\n|move|p2a: Latias|Calm Mind|p2a: Latias\n|-boost|p2a: Latias|spa|1\n|-boost|p2a: Latias|spd|0\n|move|p1a: Mudsdale|Roar||[still]\n|-fail|p1a: Mudsdale\n|\n|-heal|p1a: Mudsdale|264/305|[from] item: Leftovers\n|upkeep\n|turn|58\n|\n|t:|1733894048\n|move|p2a: Latias|Calm Mind|p2a: Latias\n|-boost|p2a: Latias|spa|1\n|-boost|p2a: Latias|spd|0\n|move|p1a: Mudsdale|Roar||[still]\n|-fail|p1a: Mudsdale\n|\n|-heal|p1a: Mudsdale|283/305|[from] item: Leftovers\n|upkeep\n|turn|59\n|\n|t:|1733894055\n|move|p2a: Latias|Psyshock|p1a: Mudsdale\n|-damage|p1a: Mudsdale|196/305\n|move|p1a: Mudsdale|Earthquake|p2a: Latias\n|-immune|p2a: Latias|[from] ability: Levitate\n|\n|-heal|p1a: Mudsdale|215/305|[from] item: Leftovers\n|upkeep\n|turn|60\n|\n|t:|1733894062\n|move|p2a: Latias|Psyshock|p1a: Mudsdale\n|-damage|p1a: Mudsdale|139/305\n|move|p1a: Mudsdale|Roar||[still]\n|-fail|p1a: Mudsdale\n|\n|-heal|p1a: Mudsdale|158/305|[from] item: Leftovers\n|upkeep\n|turn|61\n|\n|t:|1733894069\n|move|p2a: Latias|Calm Mind|p2a: Latias\n|-boost|p2a: Latias|spa|1\n|-boost|p2a: Latias|spd|0\n|move|p1a: Mudsdale|Earthquake|p2a: Latias\n|-immune|p2a: Latias|[from] ability: Levitate\n|\n|-heal|p1a: Mudsdale|177/305|[from] item: Leftovers\n|upkeep\n|turn|62\n|\n|t:|1733894076\n|move|p2a: Latias|Calm Mind|p2a: Latias\n|-boost|p2a: Latias|spa|0\n|-boost|p2a: Latias|spd|0\n|move|p1a: Mudsdale|Roar||[still]\n|-fail|p1a: Mudsdale\n|\n|-heal|p1a: Mudsdale|196/305|[from] item: Leftovers\n|upkeep\n|turn|63\n|\n|t:|1733894082\n|move|p2a: Latias|Calm Mind|p2a: Latias\n|-boost|p2a: Latias|spa|0\n|-boost|p2a: Latias|spd|0\n|move|p1a: Mudsdale|Roar||[still]\n|-fail|p1a: Mudsdale\n|\n|-heal|p1a: Mudsdale|215/305|[from] item: Leftovers\n|upkeep\n|turn|64\n|\n|t:|1733894090\n|move|p2a: Latias|Calm Mind|p2a: Latias\n|-boost|p2a: Latias|spa|0\n|-boost|p2a: Latias|spd|0\n|move|p1a: Mudsdale|Roar||[still]\n|-fail|p1a: Mudsdale\n|\n|-heal|p1a: Mudsdale|234/305|[from] item: Leftovers\n|upkeep\n|turn|65\n|\n|t:|1733894096\n|move|p2a: Latias|Calm Mind|p2a: Latias\n|-boost|p2a: Latias|spa|0\n|-boost|p2a: Latias|spd|0\n|move|p1a: Mudsdale|Roar||[still]\n|-fail|p1a: Mudsdale\n|\n|-heal|p1a: Mudsdale|253/305|[from] item: Leftovers\n|upkeep\n|turn|66\n|\n|t:|1733894103\n|move|p2a: Latias|Calm Mind|p2a: Latias\n|-boost|p2a: Latias|spa|0\n|-boost|p2a: Latias|spd|0\n|move|p1a: Mudsdale|Roar||[still]\n|-fail|p1a: Mudsdale\n|\n|-heal|p1a: Mudsdale|272/305|[from] item: Leftovers\n|upkeep\n|turn|67\n|\n|t:|1733894109\n|move|p2a: Latias|Calm Mind|p2a: Latias\n|-boost|p2a: Latias|spa|0\n|-boost|p2a: Latias|spd|0\n|move|p1a: Mudsdale|Roar||[still]\n|-fail|p1a: Mudsdale\n|\n|-heal|p1a: Mudsdale|291/305|[from] item: Leftovers\n|upkeep\n|turn|68\n|\n|t:|1733894116\n|move|p2a: Latias|Calm Mind|p2a: Latias\n|-boost|p2a: Latias|spa|0\n|-boost|p2a: Latias|spd|0\n|move|p1a: Mudsdale|Roar||[still]\n|-fail|p1a: Mudsdale\n|\n|-heal|p1a: Mudsdale|305/305|[from] item: Leftovers\n|upkeep\n|turn|69\n|\n|t:|1733894125\n|move|p2a: Latias|Calm Mind|p2a: Latias\n|-boost|p2a: Latias|spa|0\n|-boost|p2a: Latias|spd|0\n|move|p1a: Mudsdale|Roar||[still]\n|-fail|p1a: Mudsdale\n|\n|upkeep\n|turn|70\n|\n|t:|1733894130\n|move|p2a: Latias|Calm Mind|p2a: Latias\n|-boost|p2a: Latias|spa|0\n|-boost|p2a: Latias|spd|0\n|move|p1a: Mudsdale|Earthquake|p2a: Latias\n|-immune|p2a: Latias|[from] ability: Levitate\n|\n|upkeep\n|turn|71\n|\n|t:|1733894136\n|move|p2a: Latias|Calm Mind|p2a: Latias\n|-boost|p2a: Latias|spa|0\n|-boost|p2a: Latias|spd|0\n|move|p1a: Mudsdale|Earthquake|p2a: Latias\n|-immune|p2a: Latias|[from] ability: Levitate\n|\n|upkeep\n|turn|72\n|\n|t:|1733894142\n|move|p2a: Latias|Calm Mind|p2a: Latias\n|-boost|p2a: Latias|spa|0\n|-boost|p2a: Latias|spd|0\n|move|p1a: Mudsdale|Earthquake|p2a: Latias\n|-immune|p2a: Latias|[from] ability: Levitate\n|\n|upkeep\n|turn|73\n|\n|t:|1733894148\n|move|p2a: Latias|Calm Mind|p2a: Latias\n|-boost|p2a: Latias|spa|0\n|-boost|p2a: Latias|spd|0\n|move|p1a: Mudsdale|Earthquake|p2a: Latias\n|-immune|p2a: Latias|[from] ability: Levitate\n|\n|upkeep\n|turn|74\n|\n|t:|1733894154\n|move|p2a: Latias|Calm Mind|p2a: Latias\n|-boost|p2a: Latias|spa|0\n|-boost|p2a: Latias|spd|0\n|move|p1a: Mudsdale|Earthquake|p2a: Latias\n|-immune|p2a: Latias|[from] ability: Levitate\n|\n|upkeep\n|turn|75\n|\n|t:|1733894161\n|move|p2a: Latias|Calm Mind|p2a: Latias\n|-boost|p2a: Latias|spa|0\n|-boost|p2a: Latias|spd|0\n|move|p1a: Mudsdale|Roar||[still]\n|-fail|p1a: Mudsdale\n|\n|upkeep\n|turn|76\n|\n|t:|1733894166\n|move|p2a: Latias|Calm Mind|p2a: Latias\n|-boost|p2a: Latias|spa|0\n|-boost|p2a: Latias|spd|0\n|move|p1a: Mudsdale|Roar||[still]\n|-fail|p1a: Mudsdale\n|\n|upkeep\n|turn|77\n|\n|t:|1733894172\n|move|p2a: Latias|Calm Mind|p2a: Latias\n|-boost|p2a: Latias|spa|0\n|-boost|p2a: Latias|spd|0\n|move|p1a: Mudsdale|Roar||[still]\n|-fail|p1a: Mudsdale\n|\n|upkeep\n|turn|78\n|\n|t:|1733894177\n|move|p2a: Latias|Calm Mind|p2a: Latias\n|-boost|p2a: Latias|spa|0\n|-boost|p2a: Latias|spd|0\n|move|p1a: Mudsdale|Roar||[still]\n|-fail|p1a: Mudsdale\n|\n|upkeep\n|turn|79\n|\n|t:|1733894183\n|-activate|p2a: Latias|move: Struggle\n|move|p2a: Latias|Struggle|p1a: Mudsdale\n|-damage|p1a: Mudsdale|299/305\n|-damage|p2a: Latias|0 fnt|[from] recoil\n|faint|p2a: Latias\n|\n|win|fucgbs\n|raw|fucgbs's rating: 1104 &rarr; <strong>1131</strong><br />(+27 for winning)\n|raw|goopoop's rating: 1136 &rarr; <strong>1109</strong><br />(-27 for losing)\n", "inputlog": ">version bfd83cad13791eb5a5a409923076391caf6fb4d4\n>start {\"formatid\":\"gen9randombattle\",\"seed\":[42084,19845,62975,21570],\"rated\":\"Rated battle\"}\n>player p1 {\"name\":\"fucgbs\",\"avatar\":\"101\",\"rating\":1104,\"seed\":[11625,5869,55459,58325]}\n>player p2 {\"name\":\"goopoop\",\"avatar\":\"169\",\"rating\":1136,\"seed\":[19215,24198,51517,30940]}\n>p1 move knockoff\n>p2 move drainpunch\n>p1 switch 4\n>p2 move drainpunch\n>p1 move swordsdance\n>p2 move knockoff\n>p1 move swordsdance\n>p2 move defog\n>p1 move swordsdance\n>p2 switch 4\n>p1 move terablast terastallize\n>p2 move gigatonhammer\n>p2 switch 2\n>p1 move playrough\n>p2 move hydropump\n>p1 switch 6\n>p1 move auroraveil\n>p2 move hydropump\n>p1 move woodhammer\n>p2 move hydropump\n>p1 switch 3\n>p2 switch 4\n>p1 move nastyplot\n>p2 move knockoff\n>p1 move nastyplot\n>p2 move knockoff\n>p1 move psystrike\n>p2 move knockoff\n>p2 switch 5\n>p1 move psystrike\n>p2 move knockoff\n>p2 switch 6\n>p1 move darkpulse\n>p2 move thunderbolt\n>p2 switch 3\n>p1 move darkpulse\n>p2 move psyshock terastallize\n>p1 switch 4\n>p1 move closecombat\n>p2 move dracometeor\n>p1 switch 2\n>p1 move thunderbolt\n>p2 move recover\n>p1 switch 5\n>p2 move psyshock\n>p1 move heavyslam\n>p2 move dracometeor\n>p1 move heavyslam\n>p2 move recover\n>p1 move stoneedge\n>p2 move calmmind\n>p1 move heavyslam\n>p2 move dracometeor\n>p1 move stoneedge\n>p2 move recover\n>p1 move heavyslam\n>p2 move dracometeor\n>p1 move stoneedge\n>p2 move dracometeor\n>p1 move earthquake\n>p2 move recover\n>p1 move heavyslam\n>p2 move calmmind\n>p1 move stoneedge\n>p2 move calmmind\n>p1 move stoneedge\n>p2 move recover\n>p1 move heavyslam\n>p2 move psyshock\n>p1 move heavyslam\n>p2 move psyshock\n>p1 move stoneedge\n>p2 move recover\n>p1 move stoneedge\n>p2 move psyshock\n>p1 move stoneedge\n>p2 move psyshock\n>p1 move heavyslam\n>p2 move recover\n>p1 move heavyslam\n>p2 move dracometeor\n>p1 move roar\n>p2 move dracometeor\n>p1 move heavyslam\n>p2 move dracometeor\n>p1 move earthquake\n>p2 move recover\n>p1 move roar\n>p2 move psyshock\n>p1 move heavyslam\n>p2 move calmmind\n>p1 move heavyslam\n>p2 move calmmind\n>p1 move heavyslam\n>p2 move psyshock\n>p1 move earthquake\n>p2 move psyshock\n>p1 move roar\n>p2 move psyshock\n>p1 move earthquake\n>p2 move psyshock\n>p1 move roar\n>p2 move psyshock\n>p1 move roar\n>p2 move calmmind\n>p1 move earthquake\n>p2 move psyshock\n>p1 move roar\n>p2 move calmmind\n>p1 move earthquake\n>p2 move calmmind\n>p1 move earthquake\n>p2 move calmmind\n>p1 move roar\n>p2 move calmmind\n>p1 move roar\n>p2 move psyshock\n>p1 move earthquake\n>p2 move calmmind\n>p1 move earthquake\n>p2 move calmmind\n>p1 move roar\n>p2 move calmmind\n>p1 move roar\n>p2 move calmmind\n>p1 move earthquake\n>p2 move psyshock\n>p1 move roar\n>p2 move psyshock\n>p1 move earthquake\n>p2 move calmmind\n>p1 move roar\n>p2 move calmmind\n>p1 move roar\n>p2 move calmmind\n>p1 move roar\n>p2 move calmmind\n>p1 move roar\n>p2 move calmmind\n>p1 move roar\n>p2 move calmmind\n>p1 move roar\n>p2 move calmmind\n>p1 move roar\n>p2 move calmmind\n>p1 move roar\n>p2 move calmmind\n>p1 move earthquake\n>p2 move calmmind\n>p1 move earthquake\n>p2 move calmmind\n>p1 move earthquake\n>p2 move calmmind\n>p1 move earthquake\n>p2 move calmmind\n>p1 move earthquake\n>p2 move calmmind\n>p1 move roar\n>p2 move calmmind\n>p1 move roar\n>p2 move calmmind\n>p1 move roar\n>p2 move calmmind\n>p1 move roar\n>p2 move calmmind\n>p1 move roar\n>p2 move struggle", "uploadtime": 1733894190, "views": 9, "formatid": "gen9randombattle", "rating": 1109, "private": 0, "password": null}