{"id": "gen9randombattle-2120084768", "format": "[Gen 9] Random Battle", "players": ["daddyntheboy", "PokeChess"], "log": "|badge|p1|bronze|gen9randombattle|100-1\n|uhtml|medal-msg|<div class=\"broadcast-blue\">Curious what those medals under the avatar are? PS now has Ladder Seasons! For more information, check out the <a href=\"https://www.smogon.com/forums/threads/3740067/\">thread on Smogon.</a></div>\n|badge|p2|silver|gen9randombattle|30-1\n|uhtml|medal-msg|<div class=\"broadcast-blue\">Curious what those medals under the avatar are? PS now has Ladder Seasons! For more information, check out the <a href=\"https://www.smogon.com/forums/threads/3740067/\">thread on Smogon.</a></div>\n|j|\u2606daddyntheboy\n|j|\u2606PokeChess\n|t:|1715126068\n|gametype|singles\n|player|p1|daddyntheboy|pokefan-gen4|2409\n|player|p2|PokeChess|cynthia-anime2|2400\n|teamsize|p1|6\n|teamsize|p2|6\n|gen|9\n|tier|[Gen 9] Random Battle\n|rated|\n|rule|Species Clause: Limit one of each Pok\u00e9mon\n|rule|HP Percentage Mod: HP is shown in percentages\n|rule|Sleep Clause Mod: Limit one foe put to sleep\n|rule|Illusion Level Mod: Illusion disguises the Pok\u00e9mon's true level\n|\n|t:|1715126068\n|start\n|switch|p1a: Dedenne|Dedenne, L88, F|261/261\n|switch|p2a: Malamar|Malamar, L82, F|275/275\n|turn|1\n|inactive|Battle timer is ON: inactive players will automatically lose when time's up. (requested by daddyntheboy)\n|\n|t:|1715126097\n|switch|p2a: Donphan|Donphan, L84, F|288/288\n|move|p1a: Dedenne|Dazzling Gleam|p2a: Donphan\n|-damage|p2a: Donphan|177/288\n|\n|upkeep\n|turn|2\n|\n|t:|1715126106\n|switch|p1a: Serperior|Serperior, L80, M|251/251\n|move|p2a: Donphan|Knock Off|p1a: Serperior\n|-damage|p1a: Serperior|140/251\n|-enditem|p1a: Serperior|Life Orb|[from] move: Knock Off|[of] p2a: Donphan\n|\n|upkeep\n|turn|3\n|inactive|PokeChess has 120 seconds left.\n|\n|t:|1715126146\n|switch|p2a: Tauros|Tauros, L82, M|257/257\n|move|p1a: Serperior|Synthesis|p1a: Serperior\n|-heal|p1a: Serperior|251/251\n|\n|upkeep\n|turn|4\n|inactive|PokeChess has 120 seconds left.\n|\n|t:|1715126154\n|move|p2a: Tauros|Body Slam|p1a: Serperior\n|-damage|p1a: Serperior|109/251\n|move|p1a: Serperior|Glare|p2a: Tauros\n|-status|p2a: Tauros|par\n|\n|upkeep\n|turn|5\n|\n|t:|1715126158\n|move|p1a: Serperior|Synthesis|p1a: Serperior\n|-heal|p1a: Serperior|234/251\n|cant|p2a: Tauros|par\n|\n|upkeep\n|turn|6\n|\n|t:|1715126162\n|move|p1a: Serperior|Leaf Storm|p2a: Tauros\n|-damage|p2a: Tauros|134/257 par\n|-boost|p1a: Serperior|spa|2\n|move|p2a: Tauros|Body Slam|p1a: Serperior\n|-damage|p1a: Serperior|85/251\n|\n|upkeep\n|turn|7\n|\n|t:|1715126171\n|move|p1a: Serperior|Leaf Storm|p2a: Tauros\n|-crit|p2a: Tauros\n|-damage|p2a: Tauros|0 fnt\n|-boost|p1a: Serperior|spa|2\n|faint|p2a: Tauros\n|\n|upkeep\n|\n|t:|1715126175\n|switch|p2a: Regieleki|Regieleki, L78|253/253\n|turn|8\n|\n|t:|1715126181\n|switch|p1a: Quagsire|Quagsire, L84, F|297/297\n|-terastallize|p2a: Regieleki|Ice\n|move|p2a: Regieleki|Tera Blast|p1a: Quagsire|[anim] Tera Blast Ice\n|-damage|p1a: Quagsire|194/297\n|\n|-heal|p1a: Quagsire|212/297|[from] item: Leftovers\n|upkeep\n|turn|9\n|\n|t:|1715126192\n|switch|p2a: Clawitzer|Clawitzer, L86, F|262/262\n|move|p1a: Quagsire|Toxic|p2a: Clawitzer\n|-status|p2a: Clawitzer|tox\n|\n|-heal|p1a: Quagsire|230/297|[from] item: Leftovers\n|-damage|p2a: Clawitzer|246/262 tox|[from] psn\n|upkeep\n|turn|10\n|\n|t:|1715126205\n|switch|p1a: Grimmsnarl|Grimmsnarl, L83, M|293/293\n|move|p2a: Clawitzer|Water Pulse|p1a: Grimmsnarl\n|-damage|p1a: Grimmsnarl|82/293\n|\n|-damage|p2a: Clawitzer|214/262 tox|[from] psn\n|upkeep\n|turn|11\n|\n|t:|1715126211\n|switch|p2a: Glimmora|Glimmora, L76, F|251/251\n|-item|p2a: Glimmora|Air Balloon\n|move|p1a: Grimmsnarl|Light Screen|p1a: Grimmsnarl\n|-sidestart|p1: daddyntheboy|move: Light Screen\n|\n|upkeep\n|turn|12\n|\n|t:|1715126216\n|move|p1a: Grimmsnarl|Thunder Wave|p2a: Glimmora|[miss]\n|-miss|p1a: Grimmsnarl|p2a: Glimmora\n|move|p2a: Glimmora|Stealth Rock|p1a: Grimmsnarl\n|-sidestart|p1: daddyntheboy|move: Stealth Rock\n|\n|upkeep\n|turn|13\n|\n|t:|1715126219\n|move|p1a: Grimmsnarl|Thunder Wave|p2a: Glimmora\n|-status|p2a: Glimmora|par\n|move|p2a: Glimmora|Spikes|p1a: Grimmsnarl\n|-sidestart|p1: daddyntheboy|Spikes\n|\n|upkeep\n|turn|14\n|\n|t:|1715126236\n|switch|p1a: Palkia|Palkia, L75|259/259\n|-damage|p1a: Palkia|227/259|[from] Stealth Rock\n|-damage|p1a: Palkia|195/259|[from] Spikes\n|-ability|p1a: Palkia|Pressure\n|move|p2a: Glimmora|Spikes|p1a: Palkia\n|-sidestart|p1: daddyntheboy|Spikes\n|\n|upkeep\n|turn|15\n|\n|t:|1715126259\n|switch|p2a: Clawitzer|Clawitzer, L86, F|214/262 tox\n|move|p1a: Palkia|Hydro Pump|p2a: Clawitzer\n|-resisted|p2a: Clawitzer\n|-damage|p2a: Clawitzer|133/262 tox\n|\n|-damage|p2a: Clawitzer|117/262 tox|[from] psn\n|upkeep\n|turn|16\n|\n|t:|1715126273\n|move|p1a: Palkia|Draco Meteor|p2a: Clawitzer\n|-damage|p2a: Clawitzer|0 fnt\n|-unboost|p1a: Palkia|spa|2\n|faint|p2a: Clawitzer\n|\n|upkeep\n|\n|t:|1715126280\n|switch|p2a: Malamar|Malamar, L82, F|275/275\n|turn|17\n|\n|t:|1715126292\n|switch|p1a: Dedenne|Dedenne, L88, F|261/261\n|-damage|p1a: Dedenne|229/261|[from] Stealth Rock\n|-damage|p1a: Dedenne|186/261|[from] Spikes\n|move|p2a: Malamar|Knock Off|p1a: Dedenne\n|-resisted|p1a: Dedenne\n|-damage|p1a: Dedenne|128/261\n|-enditem|p1a: Dedenne|Sitrus Berry|[from] move: Knock Off|[of] p2a: Malamar\n|\n|upkeep\n|turn|18\n|\n|t:|1715126316\n|switch|p2a: Donphan|Donphan, L84, F|177/288\n|move|p1a: Dedenne|Dazzling Gleam|p2a: Donphan\n|-damage|p2a: Donphan|65/288\n|\n|-sideend|p1: daddyntheboy|move: Light Screen\n|upkeep\n|turn|19\n|\n|t:|1715126324\n|switch|p2a: Glimmora|Glimmora, L76, F|251/251 par\n|-item|p2a: Glimmora|Air Balloon\n|move|p1a: Dedenne|Dazzling Gleam|p2a: Glimmora\n|-resisted|p2a: Glimmora\n|-damage|p2a: Glimmora|201/251 par\n|-enditem|p2a: Glimmora|Air Balloon\n|\n|upkeep\n|turn|20\n|\n|t:|1715126330\n|move|p1a: Dedenne|Thunderbolt|p2a: Glimmora\n|-damage|p2a: Glimmora|87/251 par\n|cant|p2a: Glimmora|par\n|\n|upkeep\n|turn|21\n|\n|t:|1715126337\n|move|p1a: Dedenne|Thunderbolt|p2a: Glimmora\n|-damage|p2a: Glimmora|0 fnt\n|faint|p2a: Glimmora\n|\n|upkeep\n|\n|t:|1715126344\n|switch|p2a: Regieleki|Regieleki, L78, tera:Ice|253/253\n|turn|22\n|\n|t:|1715126351\n|move|p2a: Regieleki|Volt Switch|p1a: Dedenne\n|-resisted|p1a: Dedenne\n|-damage|p1a: Dedenne|63/261\n|\n|t:|1715126358\n|switch|p2a: Donphan|Donphan, L84, F|65/288|[from] Volt Switch\n|move|p1a: Dedenne|Nuzzle|p2a: Donphan\n|-immune|p2a: Donphan\n|\n|upkeep\n|turn|23\n|\n|t:|1715126368\n|move|p2a: Donphan|Ice Shard|p1a: Dedenne\n|-damage|p1a: Dedenne|2/261\n|move|p1a: Dedenne|Dazzling Gleam|p2a: Donphan\n|-damage|p2a: Donphan|0 fnt\n|faint|p2a: Donphan\n|\n|upkeep\n|\n|t:|1715126371\n|switch|p2a: Regieleki|Regieleki, L78, tera:Ice|253/253\n|turn|24\n|\n|t:|1715126377\n|move|p2a: Regieleki|Rapid Spin|p1a: Dedenne\n|-damage|p1a: Dedenne|0 fnt\n|-boost|p2a: Regieleki|spe|1\n|faint|p1a: Dedenne\n|\n|upkeep\n|\n|t:|1715126389\n|switch|p1a: Quagsire|Quagsire, L84, F|230/297\n|-damage|p1a: Quagsire|212/297|[from] Stealth Rock\n|-damage|p1a: Quagsire|163/297|[from] Spikes\n|turn|25\n|\n|t:|1715126396\n|switch|p2a: Malamar|Malamar, L82, F|275/275\n|move|p1a: Quagsire|Recover|p1a: Quagsire\n|-heal|p1a: Quagsire|297/297\n|\n|upkeep\n|turn|26\n|\n|t:|1715126409\n|move|p2a: Malamar|Knock Off|p1a: Quagsire\n|-damage|p1a: Quagsire|192/297\n|-enditem|p1a: Quagsire|Leftovers|[from] move: Knock Off|[of] p2a: Malamar\n|move|p1a: Quagsire|Toxic|p2a: Malamar\n|-status|p2a: Malamar|tox\n|\n|-damage|p2a: Malamar|258/275 tox|[from] psn\n|upkeep\n|turn|27\n|\n|t:|1715126413\n|move|p2a: Malamar|Superpower|p1a: Quagsire\n|-damage|p1a: Quagsire|107/297\n|-boost|p2a: Malamar|atk|1\n|-boost|p2a: Malamar|def|1\n|move|p1a: Quagsire|Recover|p1a: Quagsire\n|-heal|p1a: Quagsire|256/297\n|\n|-damage|p2a: Malamar|224/275 tox|[from] psn\n|upkeep\n|turn|28\n|\n|t:|1715126418\n|switch|p1a: Grimmsnarl|Grimmsnarl, L83, M|82/293\n|-damage|p1a: Grimmsnarl|46/293|[from] Stealth Rock\n|-damage|p1a: Grimmsnarl|0 fnt|[from] Spikes\n|faint|p1a: Grimmsnarl\n|move|p2a: Malamar|Superpower|p1: Grimmsnarl|[notarget]\n|-fail|p2a: Malamar\n|\n|-damage|p2a: Malamar|173/275 tox|[from] psn\n|upkeep\n|\n|t:|1715126447\n|switch|p1a: Serperior|Serperior, L80, M|85/251\n|-damage|p1a: Serperior|54/251|[from] Stealth Rock\n|-damage|p1a: Serperior|13/251|[from] Spikes\n|turn|29\n|\n|t:|1715126453\n|move|p1a: Serperior|Leaf Storm|p2a: Malamar\n|-damage|p2a: Malamar|53/275 tox\n|-boost|p1a: Serperior|spa|2\n|move|p2a: Malamar|Superpower|p1a: Serperior\n|-damage|p1a: Serperior|0 fnt\n|-boost|p2a: Malamar|atk|1\n|-boost|p2a: Malamar|def|1\n|faint|p1a: Serperior\n|\n|-damage|p2a: Malamar|0 fnt|[from] psn\n|faint|p2a: Malamar\n|upkeep\n|\n|t:|1715126457\n|switch|p1a: Quagsire|Quagsire, L84, F|256/297\n|switch|p2a: Regieleki|Regieleki, L78, tera:Ice|253/253\n|-damage|p1a: Quagsire|238/297|[from] Stealth Rock\n|-damage|p1a: Quagsire|189/297|[from] Spikes\n|turn|30\n|\n|t:|1715126460\n|move|p2a: Regieleki|Tera Blast|p1a: Quagsire|[anim] Tera Blast Ice\n|-damage|p1a: Quagsire|99/297\n|move|p1a: Quagsire|Recover|p1a: Quagsire\n|-heal|p1a: Quagsire|248/297\n|\n|upkeep\n|turn|31\n|\n|t:|1715126463\n|move|p2a: Regieleki|Tera Blast|p1a: Quagsire|[anim] Tera Blast Ice\n|-damage|p1a: Quagsire|148/297\n|move|p1a: Quagsire|Toxic|p2a: Regieleki\n|-status|p2a: Regieleki|tox\n|\n|-damage|p2a: Regieleki|238/253 tox|[from] psn\n|upkeep\n|turn|32\n|\n|t:|1715126466\n|move|p2a: Regieleki|Tera Blast|p1a: Quagsire|[anim] Tera Blast Ice\n|-damage|p1a: Quagsire|49/297\n|move|p1a: Quagsire|Recover|p1a: Quagsire\n|-heal|p1a: Quagsire|198/297\n|\n|-damage|p2a: Regieleki|208/253 tox|[from] psn\n|upkeep\n|turn|33\n|\n|t:|1715126469\n|move|p2a: Regieleki|Tera Blast|p1a: Quagsire|[anim] Tera Blast Ice\n|-damage|p1a: Quagsire|110/297\n|move|p1a: Quagsire|Recover|p1a: Quagsire\n|-heal|p1a: Quagsire|259/297\n|\n|-damage|p2a: Regieleki|163/253 tox|[from] psn\n|upkeep\n|turn|34\n|-message|PokeChess forfeited.\n|\n|win|daddyntheboy\n|raw|daddyntheboy's rating: 2409 &rarr; <strong>2428</strong><br />(+19 for winning)\n|raw|PokeChess's rating: 2400 &rarr; <strong>2381</strong><br />(-19 for losing)\n", "inputlog": ">version d87f45fad9b955c6072adc425367687e8a017379\n>start {\"formatid\":\"gen9randombattle\",\"seed\":[4412,12650,48944,2119],\"rated\":\"Rated battle\"}\n>player p1 {\"name\":\"daddyntheboy\",\"avatar\":\"pokefan-gen4\",\"rating\":2409,\"seed\":[8359,47568,19135,11575]}\n>player p2 {\"name\":\"PokeChess\",\"avatar\":\"cynthia-anime2\",\"rating\":2400,\"seed\":[9374,7021,28273,51265]}\n>p1 move dazzlinggleam\n>p2 switch 4\n>p1 switch 2\n>p2 move knockoff\n>p1 move synthesis\n>p2 switch 6\n>p1 move glare\n>p2 move bodyslam\n>p1 move synthesis\n>p2 move bodyslam\n>p1 move leafstorm\n>p2 move bodyslam\n>p1 move leafstorm\n>p2 move bodyslam\n>p2 switch 2\n>p1 switch 6\n>p2 move terablast terastallize\n>p1 move toxic\n>p2 switch 5\n>p1 switch 4\n>p2 move waterpulse\n>p1 move lightscreen\n>p2 switch 3\n>p1 move thunderwave\n>p2 move stealthrock\n>p1 move thunderwave\n>p2 move spikes\n>p1 switch 5\n>p2 move spikes\n>p1 move hydropump\n>p2 switch 3\n>p1 move dracometeor\n>p2 move aurasphere\n>p2 switch 4\n>p1 switch 2\n>p2 move knockoff\n>p1 move dazzlinggleam\n>p2 switch 6\n>p1 move dazzlinggleam\n>p2 switch 3\n>p1 move thunderbolt\n>p2 move spikes\n>p1 move thunderbolt\n>p2 move spikes\n>p2 switch 5\n>p1 move nuzzle\n>p2 move voltswitch\n>p2 switch 3\n>p1 move dazzlinggleam\n>p2 move iceshard\n>p2 switch 3\n>p1 move nuzzle\n>p2 move rapidspin\n>p1 switch 4\n>p1 move recover\n>p2 switch 6\n>p1 move toxic\n>p2 move knockoff\n>p1 move recover\n>p2 move superpower\n>p1 switch 5\n>p2 move superpower\n>p1 switch 6\n>p1 move leafstorm\n>p2 move superpower\n>p1 switch 5\n>p2 switch 6\n>p1 move recover\n>p2 move terablast\n>p1 move toxic\n>p2 move terablast\n>p1 move recover\n>p2 move terablast\n>p1 move recover\n>p2 move terablast\n>forcelose p2", "uploadtime": 1715126476, "views": 225, "formatid": "gen9randombattle", "rating": 2381, "private": 0, "password": null}