{"id": "gen9randombattle-2259912363", "format": "[Gen 9] Random Battle", "players": ["Saaskin", "Togekiss en RU"], "log": "|j|\u2606Saaskin\n|j|\u2606Togekiss en RU\n|t:|1733779227\n|gametype|singles\n|player|p1|Saaskin|266|1799\n|player|p2|Togekiss en RU|ingo|1800\n|teamsize|p1|6\n|teamsize|p2|6\n|gen|9\n|tier|[Gen 9] Random Battle\n|rated|\n|rule|Species Clause: Limit one of each Pok\u00e9mon\n|rule|HP Percentage Mod: HP is shown in percentages\n|rule|Sleep Clause Mod: Limit one foe put to sleep\n|rule|Illusion Level Mod: Illusion disguises the Pok\u00e9mon's true level\n|\n|t:|1733779227\n|start\n|switch|p1a: Necrozma|Necrozma, L80|286/286\n|switch|p2a: Dusknoir|Dusknoir, L89, M|225/225\n|-item|p1a: Necrozma|Leftovers|[from] ability: Frisk|[of] p2a: Dusknoir\n|turn|1\n|inactive|Battle timer is ON: inactive players will automatically lose when time's up. (requested by Saaskin)\n|\n|t:|1733779247\n|switch|p1a: Gyarados|Gyarados, L79, F|280/280\n|-ability|p1a: Gyarados|Intimidate|boost\n|-unboost|p2a: Dusknoir|atk|1\n|move|p2a: Dusknoir|Poltergeist|p1a: Gyarados\n|-activate|p1a: Gyarados|move: Poltergeist|Heavy-Duty Boots\n|-damage|p1a: Gyarados|178/280\n|\n|upkeep\n|turn|2\n|\n|t:|1733779263\n|move|p1a: Gyarados|Dragon Dance|p1a: Gyarados\n|-boost|p1a: Gyarados|atk|1\n|-boost|p1a: Gyarados|spe|1\n|move|p2a: Dusknoir|Poltergeist|p1a: Gyarados\n|-activate|p1a: Gyarados|move: Poltergeist|Heavy-Duty Boots\n|-damage|p1a: Gyarados|69/280\n|\n|upkeep\n|turn|3\n|\n|t:|1733779268\n|move|p1a: Gyarados|Waterfall|p2a: Dusknoir\n|-damage|p2a: Dusknoir|134/225\n|move|p2a: Dusknoir|Poltergeist|p1a: Gyarados\n|-activate|p1a: Gyarados|move: Poltergeist|Heavy-Duty Boots\n|-damage|p1a: Gyarados|0 fnt\n|faint|p1a: Gyarados\n|\n|-heal|p2a: Dusknoir|148/225|[from] item: Leftovers\n|upkeep\n|\n|t:|1733779277\n|switch|p1a: Golem|Golem, L87, F|281/281\n|turn|4\n|\n|t:|1733779297\n|move|p2a: Dusknoir|Substitute|p2a: Dusknoir\n|-start|p2a: Dusknoir|Substitute\n|-damage|p2a: Dusknoir|92/225\n|move|p1a: Golem|Rock Polish|p1a: Golem\n|-boost|p1a: Golem|spe|2\n|\n|-heal|p2a: Dusknoir|106/225|[from] item: Leftovers\n|upkeep\n|turn|5\n|\n|t:|1733779301\n|-singleturn|p2a: Dusknoir|move: Focus Punch\n|move|p1a: Golem|Earthquake|p2a: Dusknoir\n|-end|p2a: Dusknoir|Substitute\n|move|p2a: Dusknoir|Focus Punch|p1a: Golem\n|-supereffective|p1a: Golem\n|-damage|p1a: Golem|167/281\n|-enditem|p1a: Golem|Weakness Policy\n|-boost|p1a: Golem|atk|2|[from] item: Weakness Policy\n|-boost|p1a: Golem|spa|2|[from] item: Weakness Policy\n|\n|-heal|p2a: Dusknoir|120/225|[from] item: Leftovers\n|upkeep\n|turn|6\n|\n|t:|1733779314\n|move|p1a: Golem|Stone Edge|p2a: Dusknoir\n|-damage|p2a: Dusknoir|0 fnt\n|faint|p2a: Dusknoir\n|\n|upkeep\n|\n|t:|1733779324\n|switch|p2a: Toxicroak|Toxicroak, L84, F|277/277\n|turn|7\n|\n|t:|1733779331\n|-terastallize|p1a: Golem|Ground\n|move|p2a: Toxicroak|Close Combat|p1a: Golem\n|-damage|p1a: Golem|71/281\n|-unboost|p2a: Toxicroak|def|1\n|-unboost|p2a: Toxicroak|spd|1\n|move|p1a: Golem|Earthquake|p2a: Toxicroak\n|-supereffective|p2a: Toxicroak\n|-damage|p2a: Toxicroak|0 fnt\n|faint|p2a: Toxicroak\n|\n|upkeep\n|inactive|Togekiss en RU has 120 seconds left.\n|inactive|Togekiss en RU has 90 seconds left.\n|\n|t:|1733779399\n|switch|p2a: Iron Jugulis|Iron Jugulis, L78|275/275\n|turn|8\n|\n|t:|1733779405\n|move|p1a: Golem|Stone Edge|p2a: Iron Jugulis\n|-supereffective|p2a: Iron Jugulis\n|-damage|p2a: Iron Jugulis|0 fnt\n|faint|p2a: Iron Jugulis\n|-end|p2a: Iron Jugulis|Quark Drive|[silent]\n|\n|upkeep\n|inactive|Togekiss en RU has 90 seconds left.\n|\n|t:|1733779434\n|switch|p2a: Golurk|Golurk, L87|297/297\n|turn|9\n|\n|t:|1733779439\n|move|p1a: Golem|Earthquake|p2a: Golurk\n|-damage|p2a: Golurk|0 fnt\n|faint|p2a: Golurk\n|\n|upkeep\n|-message|Togekiss en RU forfeited.\n|\n|win|Saaskin\n|raw|Saaskin's rating: 1799 &rarr; <strong>1819</strong><br />(+20 for winning)\n|raw|Togekiss en RU's rating: 1800 &rarr; <strong>1780</strong><br />(-20 for losing)\n|l|\u2606Togekiss en RU\n|player|p2|\n", "inputlog": ">version bfd83cad13791eb5a5a409923076391caf6fb4d4\n>start {\"formatid\":\"gen9randombattle\",\"seed\":[24037,22688,47194,59441],\"rated\":\"Rated battle\"}\n>player p1 {\"name\":\"Saaskin\",\"avatar\":\"266\",\"rating\":1799,\"seed\":[9456,34889,65470,20457]}\n>player p2 {\"name\":\"Togekiss en RU\",\"avatar\":\"ingo\",\"rating\":1800,\"seed\":[53273,39556,4645,57145]}\n>p1 switch 2\n>p2 move poltergeist\n>p1 move dragondance\n>p2 move poltergeist\n>p1 move waterfall\n>p2 move poltergeist\n>p1 switch 5\n>p1 move rockpolish\n>p2 move substitute\n>p1 move earthquake\n>p2 move focuspunch\n>p1 move stoneedge\n>p2 move poltergeist\n>p2 switch 2\n>p1 move earthquake terastallize\n>p2 move closecombat\n>p2 switch 6\n>p1 move stoneedge\n>p2 move darkpulse\n>p2 switch 4\n>p1 move earthquake\n>p2 move earthquake\n>forcelose p2", "uploadtime": 1733779445, "views": 2, "formatid": "gen9randombattle", "rating": 1780, "private": 0, "password": null}