{"id": "gen9randombattle-2260521783", "format": "[Gen 9] Random Battle", "players": ["PyroStorm1700", "quible"], "log": "|j|\u2606PyroStorm1700\n|j|\u203dquible\n|t:|1733859718\n|gametype|singles\n|player|p1|PyroStorm1700|roxie-masters|1372\n|player|p2|quible|2|1392\n|teamsize|p1|6\n|teamsize|p2|6\n|gen|9\n|tier|[Gen 9] Random Battle\n|rated|\n|rule|Species Clause: Limit one of each Pok\u00e9mon\n|rule|HP Percentage Mod: HP is shown in percentages\n|rule|Sleep Clause Mod: Limit one foe put to sleep\n|rule|Illusion Level Mod: Illusion disguises the Pok\u00e9mon's true level\n|\n|t:|1733859718\n|start\n|switch|p1a: Dachsbun|Dachsbun, L92, M|254/254\n|switch|p2a: Empoleon|Empoleon, L84, M|278/278\n|turn|1\n|inactive|Battle timer is ON: inactive players will automatically lose when time's up. (requested by PyroStorm1700)\n|\n|t:|1733859728\n|switch|p1a: Kilowattrel|Kilowattrel, L83, F|252/252\n|move|p2a: Empoleon|Stealth Rock|p1a: Kilowattrel\n|-sidestart|p1: PyroStorm1700|move: Stealth Rock\n|\n|upkeep\n|turn|2\n|\n|t:|1733859738\n|switch|p2a: Zekrom|Zekrom, L71|259/259\n|-ability|p2a: Zekrom|Teravolt\n|move|p1a: Kilowattrel|Thunderbolt|p2a: Zekrom\n|-resisted|p2a: Zekrom\n|-damage|p2a: Zekrom|234/259\n|\n|-heal|p2a: Zekrom|250/259|[from] item: Leftovers\n|upkeep\n|turn|3\n|\n|t:|1733859749\n|move|p1a: Kilowattrel|U-turn|p2a: Zekrom\n|-damage|p2a: Zekrom|212/259\n|\n|t:|1733859751\n|switch|p1a: Dachsbun|Dachsbun, L92, M|254/254|[from] U-turn\n|-damage|p1a: Dachsbun|223/254|[from] Stealth Rock\n|move|p2a: Zekrom|Dragon Dance|p2a: Zekrom\n|-boost|p2a: Zekrom|atk|1\n|-boost|p2a: Zekrom|spe|1\n|\n|-heal|p2a: Zekrom|228/259|[from] item: Leftovers\n|-heal|p1a: Dachsbun|238/254|[from] item: Leftovers\n|upkeep\n|turn|4\n|\n|t:|1733859763\n|move|p2a: Zekrom|Substitute|p2a: Zekrom\n|-start|p2a: Zekrom|Substitute\n|-damage|p2a: Zekrom|164/259\n|move|p1a: Dachsbun|Play Rough|p2a: Zekrom\n|-supereffective|p2a: Zekrom\n|-end|p2a: Zekrom|Substitute\n|\n|-heal|p2a: Zekrom|180/259|[from] item: Leftovers\n|-heal|p1a: Dachsbun|253/254|[from] item: Leftovers\n|upkeep\n|turn|5\n|\n|t:|1733859781\n|move|p2a: Zekrom|Bolt Strike|p1a: Dachsbun\n|-damage|p1a: Dachsbun|106/254\n|move|p1a: Dachsbun|Play Rough|p2a: Zekrom\n|-supereffective|p2a: Zekrom\n|-damage|p2a: Zekrom|0 fnt\n|faint|p2a: Zekrom\n|\n|-heal|p1a: Dachsbun|121/254|[from] item: Leftovers\n|upkeep\n|\n|t:|1733859791\n|switch|p2a: Empoleon|Empoleon, L84, M|278/278\n|turn|6\n|\n|t:|1733859795\n|switch|p1a: Kilowattrel|Kilowattrel, L83, F|252/252\n|move|p2a: Empoleon|Ice Beam|p1a: Kilowattrel\n|-supereffective|p1a: Kilowattrel\n|-damage|p1a: Kilowattrel|52/252\n|\n|upkeep\n|turn|7\n|\n|t:|1733859803\n|move|p1a: Kilowattrel|Thunderbolt|p2a: Empoleon\n|-supereffective|p2a: Empoleon\n|-damage|p2a: Empoleon|104/278\n|move|p2a: Empoleon|Ice Beam|p1a: Kilowattrel\n|-supereffective|p1a: Kilowattrel\n|-damage|p1a: Kilowattrel|0 fnt\n|faint|p1a: Kilowattrel\n|\n|-heal|p2a: Empoleon|121/278|[from] item: Leftovers\n|upkeep\n|\n|t:|1733859808\n|switch|p1a: Archaludon|Archaludon, L78, M|268/268\n|-damage|p1a: Archaludon|252/268|[from] Stealth Rock\n|turn|8\n|\n|t:|1733859818\n|move|p1a: Archaludon|Swords Dance|p1a: Archaludon\n|-boost|p1a: Archaludon|atk|2\n|move|p2a: Empoleon|Ice Beam|p1a: Archaludon\n|-damage|p1a: Archaludon|152/268\n|-ability|p1a: Archaludon|Stamina|boost\n|-boost|p1a: Archaludon|def|1\n|\n|-heal|p2a: Empoleon|138/278|[from] item: Leftovers\n|upkeep\n|turn|9\n|\n|t:|1733859826\n|move|p1a: Archaludon|Earthquake|p2a: Empoleon\n|-supereffective|p2a: Empoleon\n|-damage|p2a: Empoleon|0 fnt\n|faint|p2a: Empoleon\n|\n|upkeep\n|\n|t:|1733859838\n|switch|p2a: Espeon|Espeon, L84, F|246/246\n|turn|10\n|\n|t:|1733859844\n|move|p2a: Espeon|Shadow Ball|p1a: Archaludon\n|-damage|p1a: Archaludon|32/268\n|-ability|p1a: Archaludon|Stamina|boost\n|-boost|p1a: Archaludon|def|1\n|-damage|p2a: Espeon|222/246|[from] item: Life Orb\n|move|p1a: Archaludon|Iron Head|p2a: Espeon\n|-damage|p2a: Espeon|20/246\n|\n|upkeep\n|turn|11\n|\n|t:|1733859854\n|move|p2a: Espeon|Shadow Ball|p1a: Archaludon\n|-damage|p1a: Archaludon|0 fnt\n|faint|p1a: Archaludon\n|-damage|p2a: Espeon|0 fnt|[from] item: Life Orb\n|faint|p2a: Espeon\n|\n|upkeep\n|\n|t:|1733859862\n|switch|p2a: Zangoose|Zangoose, L85, F|263/263\n|switch|p1a: Dachsbun|Dachsbun, L92, M|121/254\n|-damage|p1a: Dachsbun|90/254|[from] Stealth Rock\n|turn|12\n|\n|t:|1733859879\n|move|p2a: Zangoose|Quick Attack|p1a: Dachsbun\n|-damage|p1a: Dachsbun|50/254\n|move|p1a: Dachsbun|Wish|p1a: Dachsbun\n|\n|-heal|p1a: Dachsbun|65/254|[from] item: Leftovers\n|-status|p2a: Zangoose|tox|[from] item: Toxic Orb\n|upkeep\n|turn|13\n|\n|t:|1733859886\n|move|p1a: Dachsbun|Protect|p1a: Dachsbun\n|-singleturn|p1a: Dachsbun|Protect\n|move|p2a: Zangoose|Knock Off|p1a: Dachsbun\n|-activate|p1a: Dachsbun|move: Protect\n|\n|-heal|p1a: Dachsbun|192/254|[from] move: Wish|[wisher] Dachsbun\n|-heal|p1a: Dachsbun|207/254|[from] item: Leftovers\n|-damage|p2a: Zangoose|247/263 tox|[from] psn\n|upkeep\n|turn|14\n|\n|t:|1733859896\n|move|p1a: Dachsbun|Play Rough|p2a: Zangoose\n|-damage|p2a: Zangoose|126/263 tox\n|move|p2a: Zangoose|Knock Off|p1a: Dachsbun\n|-resisted|p1a: Dachsbun\n|-damage|p1a: Dachsbun|161/254\n|-enditem|p1a: Dachsbun|Leftovers|[from] move: Knock Off|[of] p2a: Zangoose\n|\n|-damage|p2a: Zangoose|94/263 tox|[from] psn\n|upkeep\n|turn|15\n|\n|t:|1733859906\n|move|p1a: Dachsbun|Play Rough|p2a: Zangoose\n|-damage|p2a: Zangoose|0 fnt\n|faint|p2a: Zangoose\n|\n|upkeep\n|\n|t:|1733859914\n|switch|p2a: Hydrapple|Hydrapple, L83, F|312/312\n|turn|16\n|\n|t:|1733859920\n|move|p1a: Dachsbun|Play Rough|p2a: Hydrapple\n|-supereffective|p2a: Hydrapple\n|-damage|p2a: Hydrapple|142/312\n|move|p2a: Hydrapple|Nasty Plot|p2a: Hydrapple\n|-boost|p2a: Hydrapple|spa|2\n|\n|upkeep\n|turn|17\n|\n|t:|1733859930\n|-terastallize|p2a: Hydrapple|Steel\n|move|p1a: Dachsbun|Play Rough|p2a: Hydrapple\n|-resisted|p2a: Hydrapple\n|-damage|p2a: Hydrapple|98/312\n|move|p2a: Hydrapple|Giga Drain|p1a: Dachsbun\n|-damage|p1a: Dachsbun|0 fnt\n|-heal|p2a: Hydrapple|179/312|[from] drain|[of] p1a: Dachsbun\n|faint|p1a: Dachsbun\n|-damage|p2a: Hydrapple|148/312|[from] item: Life Orb\n|\n|upkeep\n|\n|t:|1733859936\n|switch|p1a: Tauros|Tauros, L82, M|257/257\n|-damage|p1a: Tauros|225/257|[from] Stealth Rock\n|turn|18\n|\n|t:|1733859946\n|move|p1a: Tauros|Close Combat|p2a: Hydrapple\n|-supereffective|p2a: Hydrapple\n|-damage|p2a: Hydrapple|0 fnt\n|-unboost|p1a: Tauros|def|1\n|-unboost|p1a: Tauros|spd|1\n|faint|p2a: Hydrapple\n|-damage|p1a: Tauros|200/257|[from] item: Life Orb\n|\n|upkeep\n|\n|t:|1733859953\n|switch|p2a: Arboliva|Arboliva, L91, F|288/288\n|turn|19\n|\n|t:|1733859958\n|-terastallize|p1a: Tauros|Fighting\n|move|p1a: Tauros|Close Combat|p2a: Arboliva\n|-supereffective|p2a: Arboliva\n|-damage|p2a: Arboliva|7/288\n|-unboost|p1a: Tauros|def|1\n|-unboost|p1a: Tauros|spd|1\n|-enditem|p2a: Arboliva|Sitrus Berry|[eat]\n|-heal|p2a: Arboliva|79/288|[from] item: Sitrus Berry\n|-damage|p1a: Tauros|175/257|[from] item: Life Orb\n|move|p2a: Arboliva|Leech Seed|p1a: Tauros\n|-start|p1a: Tauros|move: Leech Seed\n|\n|-damage|p1a: Tauros|143/257|[from] Leech Seed|[of] p2a: Arboliva\n|-heal|p2a: Arboliva|111/288|[silent]\n|-item|p2a: Arboliva|Sitrus Berry|[from] ability: Harvest\n|upkeep\n|-enditem|p2a: Arboliva|Sitrus Berry|[eat]\n|-heal|p2a: Arboliva|183/288|[from] item: Sitrus Berry\n|turn|20\n|c|\u2606PyroStorm1700|Ggwp\n|\n|t:|1733859975\n|move|p2a: Arboliva|Protect|p2a: Arboliva\n|-singleturn|p2a: Arboliva|Protect\n|move|p1a: Tauros|Close Combat|p2a: Arboliva\n|-activate|p2a: Arboliva|move: Protect\n|\n|-damage|p1a: Tauros|111/257|[from] Leech Seed|[of] p2a: Arboliva\n|-heal|p2a: Arboliva|215/288|[silent]\n|upkeep\n|turn|21\n|\n|t:|1733859986\n|move|p2a: Arboliva|Protect|p2a: Arboliva\n|-singleturn|p2a: Arboliva|Protect\n|move|p1a: Tauros|Close Combat|p2a: Arboliva\n|-activate|p2a: Arboliva|move: Protect\n|\n|-damage|p1a: Tauros|79/257|[from] Leech Seed|[of] p2a: Arboliva\n|-heal|p2a: Arboliva|247/288|[silent]\n|-item|p2a: Arboliva|Sitrus Berry|[from] ability: Harvest\n|upkeep\n|turn|22\n|\n|t:|1733859999\n|move|p2a: Arboliva|Protect|p2a: Arboliva\n|-singleturn|p2a: Arboliva|Protect\n|move|p1a: Tauros|Close Combat|p2a: Arboliva\n|-activate|p2a: Arboliva|move: Protect\n|\n|-damage|p1a: Tauros|47/257|[from] Leech Seed|[of] p2a: Arboliva\n|-heal|p2a: Arboliva|279/288|[silent]\n|upkeep\n|turn|23\n|c|\u2606PyroStorm1700|W h a t\n|\n|t:|1733860012\n|move|p1a: Tauros|Close Combat|p2a: Arboliva\n|-supereffective|p2a: Arboliva\n|-damage|p2a: Arboliva|0 fnt\n|-unboost|p1a: Tauros|def|1\n|-unboost|p1a: Tauros|spd|1\n|faint|p2a: Arboliva\n|-damage|p1a: Tauros|22/257|[from] item: Life Orb\n|\n|win|PyroStorm1700\n|raw|PyroStorm1700's rating: 1372 &rarr; <strong>1393</strong><br />(+21 for winning)\n|raw|quible's rating: 1392 &rarr; <strong>1371</strong><br />(-21 for losing)\n|l|\u203dquible\n|player|p2|\n", "inputlog": ">version bfd83cad13791eb5a5a409923076391caf6fb4d4\n>start {\"formatid\":\"gen9randombattle\",\"seed\":[16443,59148,38967,16165],\"rated\":\"Rated battle\"}\n>player p1 {\"name\":\"PyroStorm1700\",\"avatar\":\"roxie-masters\",\"rating\":1372,\"seed\":[59690,44143,52196,48952]}\n>player p2 {\"name\":\"quible\",\"avatar\":\"2\",\"rating\":1392,\"seed\":[49763,64447,64145,17459]}\n>p1 switch 3\n>p2 move stealthrock\n>p1 move thunderbolt\n>p2 switch 6\n>p1 move uturn\n>p2 move dragondance\n>p1 switch 3\n>p1 move playrough\n>p2 move substitute\n>p1 move playrough\n>p2 move boltstrike\n>p2 switch 6\n>p1 switch 3\n>p2 move icebeam\n>p1 move thunderbolt\n>p2 move icebeam\n>p1 switch 5\n>p1 move swordsdance\n>p2 move icebeam\n>p1 move earthquake\n>p2 move icebeam\n>p2 switch 4\n>p1 move ironhead\n>p2 move shadowball\n>p1 move outrage\n>p2 move shadowball\n>p1 switch 3\n>p2 switch 5\n>p1 move wish\n>p2 move quickattack\n>p1 move protect\n>p2 move knockoff\n>p1 move playrough\n>p2 move knockoff\n>p1 move playrough\n>p2 move facade\n>p2 switch 3\n>p1 move playrough\n>p2 move nastyplot\n>p1 move playrough\n>p2 move gigadrain terastallize\n>p1 switch 4\n>p1 move closecombat\n>p2 move ficklebeam\n>p2 switch 2\n>p1 move closecombat terastallize\n>p2 move leechseed\n>chat \u2606PyroStorm1700|Ggwp\n>p1 move closecombat\n>p2 move protect\n>p1 move closecombat\n>p2 move protect\n>p1 move closecombat\n>p2 move protect\n>chat \u2606PyroStorm1700|W h a t\n>p1 move closecombat\n>p2 move hypervoice", "uploadtime": 1733860027, "views": 2, "formatid": "gen9randombattle", "rating": 1371, "private": 0, "password": null}