{"id": "gen9randombattle-2258651376", "format": "[Gen 9] Random Battle", "players": ["Teres bahji", "paysa"], "log": "|badge|p1|bronze|gen9randombattle|100-3\n|uhtml|medal-msg|<div class=\"broadcast-blue\">Curious what those medals under the avatar are? PS now has Ladder Seasons! For more information, check out the <a href=\"https://www.smogon.com/forums/threads/3740067/\">thread on Smogon.</a></div>\n|badge|p2|bronze|gen9randombattle|100-3\n|uhtml|medal-msg|<div class=\"broadcast-blue\">Curious what those medals under the avatar are? PS now has Ladder Seasons! For more information, check out the <a href=\"https://www.smogon.com/forums/threads/3740067/\">thread on Smogon.</a></div>\n|j|\u2606Teres bahji\n|j|\u2606paysa\n|t:|1733599706\n|gametype|singles\n|player|p1|Teres bahji|#rbtt7teamrayquazaf|2303\n|player|p2|paysa|rocketgruntf|2312\n|teamsize|p1|6\n|teamsize|p2|6\n|gen|9\n|tier|[Gen 9] Random Battle\n|rated|\n|rule|Species Clause: Limit one of each Pok\u00e9mon\n|rule|HP Percentage Mod: HP is shown in percentages\n|rule|Sleep Clause Mod: Limit one foe put to sleep\n|rule|Illusion Level Mod: Illusion disguises the Pok\u00e9mon's true level\n|\n|t:|1733599706\n|start\n|switch|p1a: Dragapult|Dragapult, L77, F|262/262\n|switch|p2a: Clawitzer|Clawitzer, L87, M|265/265\n|turn|1\n|inactive|Battle timer is ON: inactive players will automatically lose when time's up. (requested by paysa)\n|\n|t:|1733599733\n|move|p1a: Dragapult|U-turn|p2a: Clawitzer\n|-damage|p2a: Clawitzer|218/265\n|\n|t:|1733599735\n|switch|p1a: Electrode|Electrode, L92|260/260|[from] U-turn\n|move|p2a: Clawitzer|U-turn|p1a: Electrode\n|-damage|p1a: Electrode|211/260\n|\n|t:|1733599741\n|switch|p2a: Flareon|Flareon, L90, M|263/263|[from] U-turn\n|\n|-status|p2a: Flareon|tox|[from] item: Toxic Orb\n|upkeep\n|turn|2\n|\n|t:|1733599748\n|switch|p1a: Chandelure|Chandelure, L83, F|235/235\n|move|p2a: Flareon|Flare Blitz|p1a: Chandelure\n|-start|p1a: Chandelure|ability: Flash Fire\n|\n|-damage|p2a: Flareon|247/263 tox|[from] psn\n|upkeep\n|turn|3\n|\n|t:|1733599757\n|switch|p2a: Dewgong|Dewgong, L94, F|322/322\n|move|p1a: Chandelure|Fire Blast|p2a: Dewgong\n|-damage|p2a: Dewgong|255/322\n|\n|upkeep\n|turn|4\n|\n|t:|1733599764\n|-end|p1a: Chandelure|ability: Flash Fire|[silent]\n|switch|p1a: Electrode|Electrode, L92|211/260\n|move|p2a: Dewgong|Flip Turn|p1a: Electrode\n|-damage|p1a: Electrode|148/260\n|\n|t:|1733599767\n|switch|p2a: Flareon|Flareon, L90, M|247/263 tox|[from] Flip Turn\n|\n|-damage|p2a: Flareon|231/263 tox|[from] psn\n|upkeep\n|turn|5\n|\n|t:|1733599777\n|switch|p1a: Chandelure|Chandelure, L83, F|235/235\n|move|p2a: Flareon|Facade|p1a: Chandelure\n|-immune|p1a: Chandelure\n|\n|-damage|p2a: Flareon|199/263 tox|[from] psn\n|upkeep\n|turn|6\n|\n|t:|1733599787\n|switch|p2a: Dewgong|Dewgong, L94, F|255/322\n|move|p1a: Chandelure|Energy Ball|p2a: Dewgong\n|-supereffective|p2a: Dewgong\n|-damage|p2a: Dewgong|155/322\n|\n|upkeep\n|turn|7\n|\n|t:|1733599804\n|switch|p1a: Electrode|Electrode, L92|148/260\n|move|p2a: Dewgong|Knock Off|p1a: Electrode\n|-damage|p1a: Electrode|69/260\n|-enditem|p1a: Electrode|Life Orb|[from] move: Knock Off|[of] p2a: Dewgong\n|\n|upkeep\n|turn|8\n|j| viloulish\n|c| viloulish|hi\n|inactive|paysa has 120 seconds left.\n|\n|t:|1733599832\n|switch|p2a: Flareon|Flareon, L90, M|199/263 tox\n|move|p1a: Electrode|Thunderbolt|p2a: Flareon\n|-damage|p2a: Flareon|120/263 tox\n|\n|-damage|p2a: Flareon|104/263 tox|[from] psn\n|upkeep\n|turn|9\n|inactive|paysa has 120 seconds left.\n|\n|t:|1733599846\n|switch|p2a: Dewgong|Dewgong, L94, F|155/322\n|move|p1a: Electrode|Foul Play|p2a: Dewgong\n|-damage|p2a: Dewgong|98/322\n|\n|upkeep\n|turn|10\n|\n|t:|1733599851\n|switch|p2a: Flareon|Flareon, L90, M|104/263 tox\n|move|p1a: Electrode|Thunderbolt|p2a: Flareon\n|-damage|p2a: Flareon|26/263 tox\n|\n|-damage|p2a: Flareon|10/263 tox|[from] psn\n|upkeep\n|turn|11\n|\n|t:|1733599859\n|switch|p1a: Chandelure|Chandelure, L83, F|235/235\n|move|p2a: Flareon|Trailblaze|p1a: Chandelure\n|-resisted|p1a: Chandelure\n|-damage|p1a: Chandelure|200/235\n|-boost|p2a: Flareon|spe|1\n|\n|-damage|p2a: Flareon|0 fnt|[from] psn\n|faint|p2a: Flareon\n|upkeep\n|\n|t:|1733599865\n|switch|p2a: Dewgong|Dewgong, L94, F|98/322\n|turn|12\n|\n|t:|1733599872\n|move|p1a: Chandelure|Energy Ball|p2a: Dewgong\n|-supereffective|p2a: Dewgong\n|-damage|p2a: Dewgong|4/322\n|move|p2a: Dewgong|Flip Turn|p1a: Chandelure\n|-supereffective|p1a: Chandelure\n|-damage|p1a: Chandelure|68/235\n|\n|t:|1733599876\n|switch|p2a: Spidops|Spidops, L96, M|271/271|[from] Flip Turn\n|\n|upkeep\n|turn|13\n|\n|t:|1733599888\n|switch|p1a: Dragapult|Dragapult, L77, F|262/262\n|move|p2a: Spidops|Sticky Web|p1a: Dragapult\n|-sidestart|p1: Teres bahji|move: Sticky Web\n|\n|upkeep\n|turn|14\n|\n|t:|1733599897\n|move|p1a: Dragapult|Fire Blast|p2a: Spidops\n|-supereffective|p2a: Spidops\n|-damage|p2a: Spidops|89/271\n|move|p2a: Spidops|Toxic Spikes|p1a: Dragapult\n|-sidestart|p1: Teres bahji|move: Toxic Spikes\n|\n|upkeep\n|turn|15\n|\n|t:|1733599906\n|switch|p2a: Clawitzer|Clawitzer, L87, M|218/265\n|move|p1a: Dragapult|Fire Blast|p2a: Clawitzer\n|-resisted|p2a: Clawitzer\n|-damage|p2a: Clawitzer|169/265\n|\n|upkeep\n|turn|16\n|\n|t:|1733599917\n|switch|p1a: Chandelure|Chandelure, L83, F|68/235\n|-activate|p1a: Chandelure|move: Sticky Web\n|-unboost|p1a: Chandelure|spe|1\n|-status|p1a: Chandelure|psn\n|move|p2a: Clawitzer|Dark Pulse|p1a: Chandelure\n|-supereffective|p1a: Chandelure\n|-damage|p1a: Chandelure|0 fnt\n|faint|p1a: Chandelure\n|\n|upkeep\n|\n|t:|1733599923\n|switch|p1a: Electrode|Electrode, L92|69/260\n|-activate|p1a: Electrode|move: Sticky Web\n|-unboost|p1a: Electrode|spe|1\n|-status|p1a: Electrode|psn\n|turn|17\n|\n|t:|1733599945\n|switch|p2a: Spidops|Spidops, L96, M|89/271\n|move|p1a: Electrode|Thunderbolt|p2a: Spidops\n|-damage|p2a: Spidops|4/271\n|\n|-damage|p1a: Electrode|37/260 psn|[from] psn\n|upkeep\n|turn|18\n|\n|t:|1733599959\n|move|p1a: Electrode|Thunderbolt|p2a: Spidops\n|-damage|p2a: Spidops|0 fnt\n|faint|p2a: Spidops\n|\n|-damage|p1a: Electrode|5/260 psn|[from] psn\n|upkeep\n|\n|t:|1733599967\n|switch|p2a: Cobalion|Cobalion, L80|277/277\n|turn|19\n|\n|t:|1733599973\n|move|p2a: Cobalion|Vacuum Wave|p1a: Electrode\n|-damage|p1a: Electrode|0 fnt\n|faint|p1a: Electrode\n|\n|upkeep\n|\n|t:|1733599976\n|switch|p1a: Rabsca|Rabsca, L91, M|284/284\n|turn|20\n|\n|t:|1733599986\n|switch|p2a: Clawitzer|Clawitzer, L87, M|169/265\n|move|p1a: Rabsca|Earth Power|p2a: Clawitzer\n|-damage|p2a: Clawitzer|89/265\n|\n|upkeep\n|turn|21\n|\n|t:|1733599993\n|switch|p1a: Raichu|Raichu, L88, M|249/249\n|-activate|p1a: Raichu|move: Sticky Web\n|-unboost|p1a: Raichu|spe|1\n|-status|p1a: Raichu|psn\n|move|p2a: Clawitzer|Dark Pulse|p1a: Raichu\n|-damage|p1a: Raichu|80/249 psn\n|\n|-damage|p1a: Raichu|49/249 psn|[from] psn\n|upkeep\n|turn|22\n|inactive|paysa has 120 seconds left.\n|\n|t:|1733600035\n|switch|p2a: Maushold|Maushold, L76|238/238\n|move|p1a: Raichu|Thunderbolt|p2a: Maushold\n|-crit|p2a: Maushold\n|-damage|p2a: Maushold|11/238\n|-damage|p1a: Raichu|25/249 psn|[from] item: Life Orb\n|\n|-damage|p1a: Raichu|0 fnt|[from] psn\n|faint|p1a: Raichu\n|upkeep\n|\n|t:|1733600047\n|switch|p1a: Dragapult|Dragapult, L77, F|262/262\n|-activate|p1a: Dragapult|move: Sticky Web\n|-unboost|p1a: Dragapult|spe|1\n|-status|p1a: Dragapult|psn\n|turn|23\n|inactive|paysa has 120 seconds left.\n|\n|t:|1733600055\n|move|p2a: Maushold|Bite|p1a: Dragapult\n|-supereffective|p1a: Dragapult\n|-damage|p1a: Dragapult|156/262 psn\n|cant|p1a: Dragapult|flinch\n|\n|-damage|p1a: Dragapult|124/262 psn|[from] psn\n|upkeep\n|turn|24\n|\n|t:|1733600059\n|move|p2a: Maushold|Bite|p1a: Dragapult\n|-supereffective|p1a: Dragapult\n|-damage|p1a: Dragapult|14/262 psn\n|move|p1a: Dragapult|U-turn|p2a: Maushold\n|-damage|p2a: Maushold|0 fnt\n|faint|p2a: Maushold\n|\n|t:|1733600067\n|switch|p1a: Haxorus|Haxorus, L77, F|244/244|[from] U-turn\n|-activate|p1a: Haxorus|move: Sticky Web\n|-unboost|p1a: Haxorus|spe|1\n|-status|p1a: Haxorus|psn\n|-enditem|p1a: Haxorus|Lum Berry|[eat]\n|-curestatus|p1a: Haxorus|psn|[msg]\n|-ability|p1a: Haxorus|Mold Breaker\n|\n|upkeep\n|inactive|paysa has 120 seconds left.\n|\n|t:|1733600090\n|switch|p2a: Clawitzer|Clawitzer, L87, M|89/265\n|turn|25\n|\n|t:|1733600099\n|move|p2a: Clawitzer|Dark Pulse|p1a: Haxorus\n|-damage|p1a: Haxorus|42/244\n|cant|p1a: Haxorus|flinch\n|\n|upkeep\n|turn|26\n|\n|t:|1733600104\n|move|p2a: Clawitzer|Dark Pulse|p1a: Haxorus\n|-damage|p1a: Haxorus|0 fnt\n|faint|p1a: Haxorus\n|\n|upkeep\n|\n|t:|1733600108\n|switch|p1a: Dragapult|Dragapult, L77, F|14/262 psn\n|-activate|p1a: Dragapult|move: Sticky Web\n|-unboost|p1a: Dragapult|spe|1\n|turn|27\n|\n|t:|1733600114\n|switch|p2a: Dewgong|Dewgong, L94, F|4/322\n|move|p1a: Dragapult|Shadow Ball|p2a: Dewgong\n|-damage|p2a: Dewgong|0 fnt\n|faint|p2a: Dewgong\n|\n|-damage|p1a: Dragapult|0 fnt|[from] psn\n|faint|p1a: Dragapult\n|upkeep\n|\n|t:|1733600118\n|switch|p1a: Rabsca|Rabsca, L91, M|284/284\n|switch|p2a: Clawitzer|Clawitzer, L87, M|89/265\n|turn|28\n|\n|t:|1733600127\n|-terastallize|p1a: Rabsca|Steel\n|move|p2a: Clawitzer|Dark Pulse|p1a: Rabsca\n|-damage|p1a: Rabsca|142/284\n|move|p1a: Rabsca|Revival Blessing|p1a: Rabsca\n|\n|t:|1733600130\n|-heal|p1: Chandelure|117/235|[from] move: Revival Blessing\n|\n|upkeep\n|turn|29\n|\n|t:|1733600135\n|move|p2a: Clawitzer|Dark Pulse|p1a: Rabsca\n|-damage|p1a: Rabsca|18/284\n|move|p1a: Rabsca|Psychic|p2a: Clawitzer\n|-damage|p2a: Clawitzer|0 fnt\n|faint|p2a: Clawitzer\n|\n|upkeep\n|\n|t:|1733600137\n|switch|p2a: Cobalion|Cobalion, L80|277/277\n|turn|30\n|inactive|paysa has 120 seconds left.\n|j| joylar\n|\n|t:|1733600197\n|-terastallize|p2a: Cobalion|Ghost\n|move|p2a: Cobalion|Calm Mind|p2a: Cobalion\n|-boost|p2a: Cobalion|spa|1\n|-boost|p2a: Cobalion|spd|1\n|move|p1a: Rabsca|Earth Power|p2a: Cobalion\n|-damage|p2a: Cobalion|210/277\n|\n|-heal|p2a: Cobalion|227/277|[from] item: Leftovers\n|upkeep\n|turn|31\n|j| koopa003\n|j| 1navidadzo\u2603\ufe0f\n|\n|t:|1733600211\n|move|p2a: Cobalion|Calm Mind|p2a: Cobalion\n|-boost|p2a: Cobalion|spa|1\n|-boost|p2a: Cobalion|spd|1\n|move|p1a: Rabsca|Psychic|p2a: Cobalion\n|-damage|p2a: Cobalion|155/277\n|\n|-heal|p2a: Cobalion|172/277|[from] item: Leftovers\n|upkeep\n|turn|32\n|\n|t:|1733600217\n|move|p2a: Cobalion|Flash Cannon|p1a: Rabsca\n|-resisted|p1a: Rabsca\n|-damage|p1a: Rabsca|0 fnt\n|faint|p1a: Rabsca\n|\n|-heal|p2a: Cobalion|189/277|[from] item: Leftovers\n|upkeep\n|\n|t:|1733600218\n|switch|p1a: Chandelure|Chandelure, L83, F|117/235\n|-activate|p1a: Chandelure|move: Sticky Web\n|-unboost|p1a: Chandelure|spe|1\n|-status|p1a: Chandelure|psn\n|turn|33\n|j| Overaxx\n|\n|t:|1733600222\n|move|p2a: Cobalion|Flash Cannon|p1a: Chandelure\n|-resisted|p1a: Chandelure\n|-damage|p1a: Chandelure|42/235 psn\n|-unboost|p1a: Chandelure|spd|1\n|move|p1a: Chandelure|Shadow Ball|p2a: Cobalion\n|-supereffective|p2a: Cobalion\n|-damage|p2a: Cobalion|33/277\n|\n|-heal|p2a: Cobalion|50/277|[from] item: Leftovers\n|-damage|p1a: Chandelure|13/235 psn|[from] psn\n|upkeep\n|turn|34\n|\n|t:|1733600226\n|move|p2a: Cobalion|Flash Cannon|p1a: Chandelure\n|-resisted|p1a: Chandelure\n|-damage|p1a: Chandelure|0 fnt\n|faint|p1a: Chandelure\n|\n|win|paysa\n|raw|Teres bahji's rating: 2303 &rarr; <strong>2282</strong><br />(-21 for losing)\n|raw|paysa's rating: 2281 &rarr; <strong>2302</strong><br />(+21 for winning)\n", "inputlog": ">version 233a96b70f833eb131bd84157cd6ea1f74f01810\n>start {\"formatid\":\"gen9randombattle\",\"seed\":[34389,41341,18756,55727],\"rated\":\"Rated battle\"}\n>player p1 {\"name\":\"Teres bahji\",\"avatar\":\"#rbtt7teamrayquazaf\",\"rating\":2303,\"seed\":[16965,20455,51383,3165]}\n>player p2 {\"name\":\"paysa\",\"avatar\":\"rocketgruntf\",\"rating\":2312,\"seed\":[48910,2102,2856,26633]}\n>p1 move uturn\n>p2 move uturn\n>p1 switch 2\n>p2 switch 4\n>p1 switch 3\n>p2 move flareblitz\n>p1 move fireblast\n>p2 switch 2\n>p1 switch 3\n>p2 move flipturn\n>p2 switch 2\n>p1 switch 3\n>p2 move facade\n>p1 move energyball\n>p2 switch 2\n>p1 switch 3\n>p2 move knockoff\n>chat  viloulish|hi\n>p1 move thunderbolt\n>p2 switch 2\n>p1 move foulplay\n>p2 switch 2\n>p1 move thunderbolt\n>p2 switch 2\n>p1 switch 3\n>p2 move trailblaze\n>p2 switch 2\n>p1 move energyball\n>p2 move flipturn\n>p2 switch 5\n>p1 switch 2\n>p2 move stickyweb\n>p1 move fireblast\n>p2 move toxicspikes\n>p1 move fireblast\n>p2 switch 4\n>p1 switch 2\n>p2 move darkpulse\n>p1 switch 3\n>p1 move thunderbolt\n>p2 switch 4\n>p1 move thunderbolt\n>p2 move toxicspikes\n>p2 switch 3\n>p1 move thunderwave\n>p2 move vacuumwave\n>p1 switch 6\n>p1 move earthpower\n>p2 switch 4\n>p1 switch 4\n>p2 move darkpulse\n>p1 move thunderbolt\n>p2 switch 6\n>p1 switch 2\n>p1 move uturn\n>p2 move bite\n>p1 move uturn\n>p2 move bite\n>p1 switch 5\n>p2 switch 6\n>p1 move outrage\n>p2 move darkpulse\n>p1 move outrage\n>p2 move darkpulse\n>p1 switch 5\n>p1 move shadowball\n>p2 switch 5\n>p1 switch 4\n>p2 switch 5\n>p1 move revivalblessing terastallize\n>p2 move darkpulse\n>p1 switch 3\n>p1 move psychic\n>p2 move darkpulse\n>p2 switch 4\n>p1 move earthpower\n>p2 move calmmind terastallize\n>p1 move psychic\n>p2 move calmmind\n>p1 move psychic\n>p2 move flashcannon\n>p1 switch 3\n>p1 move shadowball\n>p2 move flashcannon\n>p1 move shadowball\n>p2 move flashcannon", "uploadtime": 1733600229, "views": 4, "formatid": "gen9randombattle", "rating": 2282, "private": 0, "password": null}