{"id": "gen9randombattle-2259979036", "format": "[Gen 9] Random Battle", "players": ["Jarn7499", "dfafasdfds"], "log": "|j|\u2606Jarn7499\n|j|\u2606dfafasdfds\n|t:|1733786840\n|gametype|singles\n|player|p1|Jarn7499|102|1044\n|player|p2|dfafasdfds|2|1000\n|teamsize|p1|6\n|teamsize|p2|6\n|gen|9\n|tier|[Gen 9] Random Battle\n|rated|\n|rule|Species Clause: Limit one of each Pok\u00e9mon\n|rule|HP Percentage Mod: HP is shown in percentages\n|rule|Sleep Clause Mod: Limit one foe put to sleep\n|rule|Illusion Level Mod: Illusion disguises the Pok\u00e9mon's true level\n|\n|t:|1733786840\n|start\n|switch|p1a: Glastrier|Glastrier, L86|311/311\n|switch|p2a: Azelf|Azelf, L82|257/257\n|turn|1\n|\n|t:|1733786856\n|move|p2a: Azelf|Nasty Plot|p2a: Azelf\n|-boost|p2a: Azelf|spa|2\n|move|p1a: Glastrier|Heavy Slam|p2a: Azelf\n|-damage|p2a: Azelf|37/257\n|\n|upkeep\n|turn|2\n|\n|t:|1733786865\n|move|p2a: Azelf|Fire Blast|p1a: Glastrier\n|-supereffective|p1a: Glastrier\n|-damage|p1a: Glastrier|0 fnt\n|faint|p1a: Glastrier\n|-damage|p2a: Azelf|12/257|[from] item: Life Orb\n|\n|upkeep\n|\n|t:|1733786884\n|switch|p1a: Noivern|Noivern, L82, M|274/274\n|turn|3\n|\n|t:|1733786894\n|move|p1a: Noivern|U-turn|p2a: Azelf\n|-supereffective|p2a: Azelf\n|-crit|p2a: Azelf\n|-damage|p2a: Azelf|0 fnt\n|faint|p2a: Azelf\n|\n|t:|1733786901\n|switch|p1a: Skuntank|Skuntank, L84, F|310/310|[from] U-turn\n|\n|upkeep\n|\n|t:|1733786912\n|switch|p2a: Komala|Komala, L89, M|260/260\n|-ability|p2a: Komala|Comatose\n|turn|4\n|\n|t:|1733786922\n|move|p1a: Skuntank|Knock Off|p2a: Komala\n|-crit|p2a: Komala\n|-damage|p2a: Komala|21/260\n|-enditem|p2a: Komala|Assault Vest|[from] move: Knock Off|[of] p1a: Skuntank\n|-damage|p1a: Skuntank|279/310|[from] item: Life Orb\n|move|p2a: Komala|Rapid Spin|p1a: Skuntank\n|-damage|p1a: Skuntank|198/310\n|-boost|p2a: Komala|spe|1\n|\n|upkeep\n|turn|5\n|\n|t:|1733786933\n|move|p2a: Komala|Earthquake|p1a: Skuntank\n|-supereffective|p1a: Skuntank\n|-damage|p1a: Skuntank|0 fnt\n|faint|p1a: Skuntank\n|\n|upkeep\n|\n|t:|1733786941\n|switch|p1a: Noivern|Noivern, L82, M|274/274\n|turn|6\n|\n|t:|1733786946\n|move|p1a: Noivern|U-turn|p2a: Komala\n|-damage|p2a: Komala|0 fnt\n|faint|p2a: Komala\n|\n|t:|1733786952\n|switch|p1a: Drednaw|Drednaw, L81, F|278/278|[from] U-turn\n|\n|upkeep\n|\n|t:|1733786959\n|switch|p2a: Gallade|Gallade, L81, M|243/243\n|turn|7\n|\n|t:|1733786970\n|move|p2a: Gallade|Sacred Sword|p1a: Drednaw\n|-supereffective|p1a: Drednaw\n|-damage|p1a: Drednaw|0 fnt\n|faint|p1a: Drednaw\n|-damage|p2a: Gallade|219/243|[from] item: Life Orb\n|\n|upkeep\n|\n|t:|1733786977\n|switch|p1a: Noivern|Noivern, L82, M|274/274\n|turn|8\n|\n|t:|1733786996\n|switch|p2a: Houndstone|Houndstone, L86, F|264/264\n|move|p1a: Noivern|Hurricane|p2a: Houndstone\n|-damage|p2a: Houndstone|111/264\n|\n|-heal|p2a: Houndstone|127/264|[from] item: Leftovers\n|upkeep\n|turn|9\n|\n|t:|1733787005\n|move|p1a: Noivern|Hurricane|p2a: Houndstone\n|-damage|p2a: Houndstone|0 fnt\n|faint|p2a: Houndstone\n|\n|upkeep\n|\n|t:|1733787009\n|switch|p2a: Hydreigon|Hydreigon, L79, M|275/275\n|turn|10\n|\n|t:|1733787014\n|switch|p1a: Whimsicott|Whimsicott, L85, F|241/241\n|-terastallize|p2a: Hydreigon|Steel\n|move|p2a: Hydreigon|Draco Meteor|p1a: Whimsicott\n|-immune|p1a: Whimsicott\n|\n|upkeep\n|turn|11\n|\n|t:|1733787025\n|move|p1a: Whimsicott|Encore|p2a: Hydreigon\n|-start|p2a: Hydreigon|Encore\n|move|p2a: Hydreigon|Draco Meteor|p1a: Whimsicott\n|-immune|p1a: Whimsicott\n|\n|upkeep\n|turn|12\n|\n|t:|1733787037\n|switch|p2a: Lokix|Lokix, L82, M|251/251\n|move|p1a: Whimsicott|Giga Drain|p2a: Lokix\n|-resisted|p2a: Lokix\n|-crit|p2a: Lokix\n|-damage|p2a: Lokix|182/251\n|\n|upkeep\n|turn|13\n|\n|t:|1733787049\n|move|p1a: Whimsicott|Moonblast|p2a: Lokix\n|-supereffective|p2a: Lokix\n|-damage|p2a: Lokix|0 fnt\n|faint|p2a: Lokix\n|\n|upkeep\n|\n|t:|1733787057\n|switch|p2a: Hydreigon|Hydreigon, L79, M, tera:Steel|275/275\n|turn|14\n|\n|t:|1733787076\n|switch|p1a: Iron Boulder|Iron Boulder, L77|265/265\n|move|p2a: Hydreigon|Nasty Plot|p2a: Hydreigon\n|-boost|p2a: Hydreigon|spa|2\n|\n|upkeep\n|turn|15\n|\n|t:|1733787090\n|-terastallize|p1a: Iron Boulder|Fighting\n|move|p1a: Iron Boulder|Close Combat|p2a: Hydreigon\n|-supereffective|p2a: Hydreigon\n|-damage|p2a: Hydreigon|0 fnt\n|-unboost|p1a: Iron Boulder|def|1\n|-unboost|p1a: Iron Boulder|spd|1\n|faint|p2a: Hydreigon\n|-damage|p1a: Iron Boulder|239/265|[from] item: Life Orb\n|\n|upkeep\n|\n|t:|1733787098\n|switch|p2a: Gallade|Gallade, L81, M|219/243\n|turn|16\n|\n|t:|1733787108\n|move|p1a: Iron Boulder|Mighty Cleave|p2a: Gallade\n|-resisted|p2a: Gallade\n|-damage|p2a: Gallade|129/243\n|-damage|p1a: Iron Boulder|213/265|[from] item: Life Orb\n|move|p2a: Gallade|Psycho Cut|p1a: Iron Boulder\n|-supereffective|p1a: Iron Boulder\n|-damage|p1a: Iron Boulder|0 fnt\n|faint|p1a: Iron Boulder\n|-end|p1a: Iron Boulder|Quark Drive|[silent]\n|-damage|p2a: Gallade|105/243|[from] item: Life Orb\n|\n|upkeep\n|\n|t:|1733787120\n|switch|p1a: Whimsicott|Whimsicott, L85, F|241/241\n|turn|17\n|l|\u2606dfafasdfds\n|player|p2|\n|inactive|Battle timer is ON: inactive players will automatically lose when time's up. (requested by Jarn7499)\n|n|!Jarn7499|jarn7499\n|inactive|dfafasdfds has 30 seconds to reconnect!\n|inactive|dfafasdfds has 20 seconds to reconnect!\n|inactive|dfafasdfds has 15 seconds to reconnect!\n|inactive|dfafasdfds has 10 seconds to reconnect!\n|inactive|dfafasdfds has 5 seconds to reconnect!\n|-message|dfafasdfds lost due to inactivity.\n|\n|win|Jarn7499\n", "inputlog": ">version bfd83cad13791eb5a5a409923076391caf6fb4d4\n>start {\"formatid\":\"gen9randombattle\",\"seed\":[38092,65318,58885,43399],\"rated\":\"Rated battle\"}\n>player p1 {\"name\":\"Jarn7499\",\"avatar\":\"102\",\"rating\":1044,\"seed\":[8393,9888,35973,10592]}\n>player p2 {\"name\":\"dfafasdfds\",\"avatar\":\"2\",\"rating\":1000,\"seed\":[47422,56869,57118,17221]}\n>p1 move heavyslam\n>p2 move nastyplot\n>p1 move heavyslam\n>p2 move fireblast\n>p1 switch 3\n>p1 move uturn\n>p2 move dazzlinggleam\n>p1 switch 2\n>p2 switch 6\n>p1 move knockoff\n>p2 move rapidspin\n>p1 move gunkshot\n>p2 move earthquake\n>p1 switch 2\n>p1 move uturn\n>p2 move bodyslam\n>p1 switch 5\n>p2 switch 2\n>p1 move shellsmash\n>p2 move sacredsword\n>p1 switch 5\n>p1 move hurricane\n>p2 switch 3\n>p1 move hurricane\n>p2 move poltergeist\n>p2 switch 4\n>p1 switch 6\n>p2 move dracometeor terastallize\n>p1 move encore\n>p2 move nastyplot\n>p1 move gigadrain\n>p2 switch 5\n>p1 move moonblast\n>p2 move leechlife\n>p2 switch 5\n>p1 switch 4\n>p2 move nastyplot\n>p1 move closecombat terastallize\n>p2 move darkpulse\n>p2 switch 3\n>p1 move mightycleave\n>p2 move psychocut\n>p1 switch 4\n>chat \u2606Jarn7499|Fuck you piece of shit \n>forcelose p2", "uploadtime": 1733787150, "views": 1, "formatid": "gen9randombattle", "rating": null, "private": 0, "password": null}