{"id": "gen9randombattle-2217267949", "format": "[Gen 9] Random Battle", "players": ["minhthuanpk", "RL4T Impeckable"], "log": "|badge|p1|silver|gen9randombattle|30-3\n|uhtml|medal-msg|<div class=\"broadcast-blue\">Curious what those medals under the avatar are? PS now has Ladder Seasons! For more information, check out the <a href=\"https://www.smogon.com/forums/threads/3740067/\">thread on Smogon.</a></div>\n|badge|p2|silver|gen9randombattle|30-3\n|uhtml|medal-msg|<div class=\"broadcast-blue\">Curious what those medals under the avatar are? PS now has Ladder Seasons! For more information, check out the <a href=\"https://www.smogon.com/forums/threads/3740067/\">thread on Smogon.</a></div>\n|raw|<div class=\"broadcast-blue\"><strong>This battle is required to be public due to a player having a name starting with 'rl4t'.</div>\n|j|\u2606minhthuanpk\n|j|\u2606RL4T Impeckable\n|t:|1728240909\n|gametype|singles\n|player|p1|minhthuanpk|blackbelt-gen4dp|2385\n|player|p2|RL4T Impeckable|#rbtt7teamhoopaf|2462\n|teamsize|p1|6\n|teamsize|p2|6\n|gen|9\n|tier|[Gen 9] Random Battle\n|rated|\n|rule|Species Clause: Limit one of each Pok\u00e9mon\n|rule|HP Percentage Mod: HP is shown in percentages\n|rule|Sleep Clause Mod: Limit one foe put to sleep\n|rule|Illusion Level Mod: Illusion disguises the Pok\u00e9mon's true level\n|\n|t:|1728240909\n|start\n|switch|p1a: Ho-Oh|Ho-Oh, L71|268/268\n|switch|p2a: Metagross|Metagross, L79|256/256\n|turn|1\n|inactive|Battle timer is ON: inactive players will automatically lose when time's up. (requested by RL4T Impeckable)\n|j| Box_IceCube\n|l| Box_IceCube\n|inactive|minhthuanpk has 120 seconds left.\n|inactive|RL4T Impeckable has 120 seconds left.\n|inactive|minhthuanpk has 90 seconds left.\n|inactive|RL4T Impeckable has 90 seconds left.\n|inactive|minhthuanpk has 60 seconds left.\n|\n|t:|1728241014\n|switch|p2a: Hypno|Hypno, L95, F|315/315\n|move|p1a: Ho-Oh|Sacred Fire|p2a: Hypno\n|-damage|p2a: Hypno|218/315\n|\n|-heal|p2a: Hypno|237/315|[from] item: Leftovers\n|upkeep\n|turn|2\n|\n|t:|1728241023\n|switch|p1a: Orthworm|Orthworm, L88, F|266/266\n|move|p2a: Hypno|Toxic|p1a: Orthworm\n|-immune|p1a: Orthworm\n|\n|-heal|p2a: Hypno|256/315|[from] item: Leftovers\n|upkeep\n|turn|3\n|\n|t:|1728241030\n|move|p2a: Hypno|Focus Blast|p1a: Orthworm\n|-supereffective|p1a: Orthworm\n|-damage|p1a: Orthworm|42/266\n|move|p1a: Orthworm|Spikes|p2a: Hypno\n|-sidestart|p2: RL4T Impeckable|Spikes\n|\n|-heal|p2a: Hypno|275/315|[from] item: Leftovers\n|-heal|p1a: Orthworm|58/266|[from] item: Leftovers\n|upkeep\n|turn|4\n|j| joylar\n|\n|t:|1728241042\n|switch|p1a: Ho-Oh|Ho-Oh, L71|268/268\n|move|p2a: Hypno|Focus Blast|p1a: Ho-Oh|[miss]\n|-miss|p2a: Hypno|p1a: Ho-Oh\n|\n|-heal|p2a: Hypno|294/315|[from] item: Leftovers\n|upkeep\n|turn|5\n|\n|t:|1728241046\n|move|p2a: Hypno|Toxic|p1a: Ho-Oh\n|-status|p1a: Ho-Oh|tox\n|move|p1a: Ho-Oh|Sacred Fire|p2a: Hypno|[miss]\n|-miss|p1a: Ho-Oh|p2a: Hypno\n|\n|-heal|p2a: Hypno|313/315|[from] item: Leftovers\n|-damage|p1a: Ho-Oh|252/268 tox|[from] psn\n|upkeep\n|turn|6\n|\n|t:|1728241050\n|move|p2a: Hypno|Protect|p2a: Hypno\n|-singleturn|p2a: Hypno|Protect\n|move|p1a: Ho-Oh|Sacred Fire|p2a: Hypno\n|-activate|p2a: Hypno|move: Protect\n|\n|-heal|p2a: Hypno|315/315|[from] item: Leftovers\n|-damage|p1a: Ho-Oh|220/268 tox|[from] psn\n|upkeep\n|turn|7\n|\n|t:|1728241063\n|move|p2a: Hypno|Psychic Noise|p1a: Ho-Oh\n|-damage|p1a: Ho-Oh|160/268 tox\n|-start|p1a: Ho-Oh|move: Heal Block\n|move|p1a: Ho-Oh|Sacred Fire|p2a: Hypno\n|-damage|p2a: Hypno|204/315\n|\n|-heal|p2a: Hypno|223/315|[from] item: Leftovers\n|-damage|p1a: Ho-Oh|112/268 tox|[from] psn\n|upkeep\n|turn|8\n|\n|t:|1728241073\n|switch|p1a: Orthworm|Orthworm, L88, F|58/266\n|move|p2a: Hypno|Psychic Noise|p1a: Orthworm\n|-resisted|p1a: Orthworm\n|-damage|p1a: Orthworm|5/266\n|-start|p1a: Orthworm|move: Heal Block\n|\n|-heal|p2a: Hypno|242/315|[from] item: Leftovers\n|upkeep\n|turn|9\n|\n|t:|1728241076\n|switch|p1a: Ho-Oh|Ho-Oh, L71|201/268 tox\n|move|p2a: Hypno|Psychic Noise|p1a: Ho-Oh\n|-damage|p1a: Ho-Oh|140/268 tox\n|-start|p1a: Ho-Oh|move: Heal Block\n|\n|-heal|p2a: Hypno|261/315|[from] item: Leftovers\n|-damage|p1a: Ho-Oh|124/268 tox|[from] psn\n|upkeep\n|turn|10\n|\n|t:|1728241081\n|move|p2a: Hypno|Psychic Noise|p1a: Ho-Oh\n|-crit|p1a: Ho-Oh\n|-damage|p1a: Ho-Oh|25/268 tox\n|move|p1a: Ho-Oh|Brave Bird|p2a: Hypno\n|-damage|p2a: Hypno|149/315\n|-damage|p1a: Ho-Oh|0 fnt|[from] Recoil\n|faint|p1a: Ho-Oh\n|\n|-heal|p2a: Hypno|168/315|[from] item: Leftovers\n|upkeep\n|\n|t:|1728241090\n|switch|p1a: Falinks|Falinks, L85|249/249\n|turn|11\n|inactive|RL4T Impeckable has 120 seconds left.\n|\n|t:|1728241131\n|-terastallize|p1a: Falinks|Steel\n|move|p2a: Hypno|Toxic|p1a: Falinks\n|-immune|p1a: Falinks\n|move|p1a: Falinks|No Retreat|p1a: Falinks\n|-boost|p1a: Falinks|atk|1\n|-boost|p1a: Falinks|def|1\n|-boost|p1a: Falinks|spa|1\n|-boost|p1a: Falinks|spd|1\n|-boost|p1a: Falinks|spe|1\n|-start|p1a: Falinks|move: No Retreat\n|\n|-heal|p2a: Hypno|187/315|[from] item: Leftovers\n|upkeep\n|turn|12\n|\n|t:|1728241141\n|move|p2a: Hypno|Protect|p2a: Hypno\n|-singleturn|p2a: Hypno|Protect\n|move|p1a: Falinks|Knock Off|p2a: Hypno\n|-activate|p2a: Hypno|move: Protect\n|\n|-heal|p2a: Hypno|206/315|[from] item: Leftovers\n|upkeep\n|turn|13\n|inactive|RL4T Impeckable has 90 seconds left.\n|inactive|RL4T Impeckable has 60 seconds left.\n|\n|t:|1728241203\n|-terastallize|p2a: Hypno|Steel\n|move|p1a: Falinks|Knock Off|p2a: Hypno\n|-damage|p2a: Hypno|50/315\n|-enditem|p2a: Hypno|Leftovers|[from] move: Knock Off|[of] p1a: Falinks\n|-damage|p1a: Falinks|225/249|[from] item: Life Orb\n|move|p2a: Hypno|Focus Blast|p1a: Falinks|[miss]\n|-miss|p2a: Hypno|p1a: Falinks\n|\n|upkeep\n|turn|14\n|inactive|RL4T Impeckable has 60 seconds left.\n|\n|t:|1728241217\n|move|p1a: Falinks|Knock Off|p2a: Hypno\n|-damage|p2a: Hypno|0 fnt\n|faint|p2a: Hypno\n|-damage|p1a: Falinks|201/249|[from] item: Life Orb\n|\n|upkeep\n|inactive|RL4T Impeckable has 60 seconds left.\n|\n|t:|1728241226\n|switch|p2a: Pincurchin|Pincurchin, F|258/258\n|-damage|p2a: Pincurchin|226/258|[from] Spikes\n|-fieldstart|move: Electric Terrain|[from] ability: Electric Surge|[of] p2a: Pincurchin\n|turn|15\n|\n|t:|1728241234\n|move|p1a: Falinks|Knock Off|p2a: Pincurchin\n|-damage|p2a: Pincurchin|116/258\n|-enditem|p2a: Pincurchin|Leftovers|[from] move: Knock Off|[of] p1a: Falinks\n|-damage|p1a: Falinks|177/249|[from] item: Life Orb\n|move|p2a: Pincurchin|Zing Zap|p1a: Falinks\n|-damage|p1a: Falinks|74/249\n|\n|upkeep\n|turn|16\n|\n|t:|1728241243\n|move|p1a: Falinks|Close Combat|p2a: Pincurchin\n|-damage|p2a: Pincurchin|0 fnt\n|-unboost|p1a: Falinks|def|1\n|-unboost|p1a: Falinks|spd|1\n|faint|p2a: Pincurchin\n|-damage|p1a: Falinks|50/249|[from] item: Life Orb\n|\n|upkeep\n|\n|t:|1728241248\n|switch|p2a: Breloom|Breloom, L82, M|233/233\n|-damage|p2a: Breloom|204/233|[from] Spikes\n|turn|17\n|\n|t:|1728241273\n|move|p2a: Breloom|Mach Punch|p1a: Falinks\n|-supereffective|p1a: Falinks\n|-damage|p1a: Falinks|0 fnt\n|faint|p1a: Falinks\n|-damage|p2a: Breloom|181/233|[from] item: Life Orb\n|\n|upkeep\n|inactive|minhthuanpk has 120 seconds left.\n|\n|t:|1728241286\n|switch|p1a: Politoed|Politoed, L88, F|302/302\n|-weather|RainDance|[from] ability: Drizzle|[of] p1a: Politoed\n|turn|18\n|inactive|RL4T Impeckable has 90 seconds left.\n|inactive|RL4T Impeckable has 60 seconds left.\n|\n|t:|1728241332\n|move|p2a: Breloom|Mach Punch|p1a: Politoed\n|-damage|p1a: Politoed|195/302\n|-damage|p2a: Breloom|158/233|[from] item: Life Orb\n|move|p1a: Politoed|Ice Beam|p2a: Breloom\n|-supereffective|p2a: Breloom\n|-damage|p2a: Breloom|0 fnt\n|faint|p2a: Breloom\n|\n|-weather|RainDance|[upkeep]\n|-heal|p1a: Politoed|213/302|[from] item: Leftovers\n|upkeep\n|inactive|RL4T Impeckable has 30 seconds left.\n|\n|t:|1728241363\n|switch|p2a: Cyclizar|Cyclizar, L83, F|252/252\n|turn|19\n|\n|t:|1728241367\n|move|p2a: Cyclizar|Shed Tail|p2a: Cyclizar\n|-start|p2a: Cyclizar|Substitute|[from] move: Shed Tail\n|-damage|p2a: Cyclizar|126/252\n|\n|t:|1728241370\n|switch|p2a: Gyarados|Gyarados, L79, M|280/280|[from] Shed Tail\n|move|p1a: Politoed|Ice Beam|p2a: Gyarados\n|-end|p2a: Gyarados|Substitute\n|\n|-weather|RainDance|[upkeep]\n|-heal|p1a: Politoed|231/302|[from] item: Leftovers\n|-fieldend|move: Electric Terrain\n|upkeep\n|turn|20\n|\n|t:|1728241387\n|move|p2a: Gyarados|Dragon Dance|p2a: Gyarados\n|-boost|p2a: Gyarados|atk|1\n|-boost|p2a: Gyarados|spe|1\n|move|p1a: Politoed|Hypnosis|p2a: Gyarados\n|-status|p2a: Gyarados|slp|[from] move: Hypnosis\n|\n|-weather|RainDance|[upkeep]\n|-heal|p1a: Politoed|249/302|[from] item: Leftovers\n|upkeep\n|turn|21\n|\n|t:|1728241392\n|switch|p1a: Iron Thorns|Iron Thorns, L83|302/302\n|cant|p2a: Gyarados|slp\n|\n|-weather|RainDance|[upkeep]\n|upkeep\n|turn|22\n|\n|t:|1728241397\n|-curestatus|p2a: Gyarados|slp|[msg]\n|move|p2a: Gyarados|Waterfall|p1a: Iron Thorns\n|-supereffective|p1a: Iron Thorns\n|-crit|p1a: Iron Thorns\n|-damage|p1a: Iron Thorns|0 fnt\n|faint|p1a: Iron Thorns\n|-end|p1a: Iron Thorns|Quark Drive|[silent]\n|-ability|p2a: Gyarados|Moxie|boost\n|-boost|p2a: Gyarados|atk|1\n|\n|-weather|none\n|upkeep\n|\n|t:|1728241402\n|switch|p1a: Politoed|Politoed, L88, F|249/302\n|-weather|RainDance|[from] ability: Drizzle|[of] p1a: Politoed\n|turn|23\n|\n|t:|1728241407\n|move|p2a: Gyarados|Waterfall|p1a: Politoed\n|-resisted|p1a: Politoed\n|-damage|p1a: Politoed|111/302\n|move|p1a: Politoed|Encore|p2a: Gyarados\n|-start|p2a: Gyarados|Encore\n|\n|-weather|RainDance|[upkeep]\n|-heal|p1a: Politoed|129/302|[from] item: Leftovers\n|upkeep\n|turn|24\n|\n|t:|1728241412\n|move|p2a: Gyarados|Waterfall|p1a: Politoed\n|-resisted|p1a: Politoed\n|-damage|p1a: Politoed|0 fnt\n|faint|p1a: Politoed\n|-ability|p2a: Gyarados|Moxie|boost\n|-boost|p2a: Gyarados|atk|1\n|\n|-weather|RainDance|[upkeep]\n|upkeep\n|\n|t:|1728241415\n|switch|p1a: Pelipper|Pelipper, L86, M|243/243\n|turn|25\n|\n|t:|1728241418\n|move|p2a: Gyarados|Waterfall|p1a: Pelipper\n|-resisted|p1a: Pelipper\n|-damage|p1a: Pelipper|90/243\n|move|p1a: Pelipper|Hurricane|p2a: Gyarados\n|-damage|p2a: Gyarados|105/280\n|\n|-weather|RainDance|[upkeep]\n|upkeep\n|turn|26\n|j| nelsoNJ\n|\n|t:|1728241427\n|move|p2a: Gyarados|Waterfall|p1a: Pelipper\n|-resisted|p1a: Pelipper\n|-damage|p1a: Pelipper|0 fnt\n|faint|p1a: Pelipper\n|-ability|p2a: Gyarados|Moxie|boost\n|-boost|p2a: Gyarados|atk|1\n|\n|-weather|RainDance|[upkeep]\n|-end|p2a: Gyarados|Encore\n|upkeep\n|-message|minhthuanpk forfeited.\n|\n|win|RL4T Impeckable\n|raw|minhthuanpk's rating: 2385 &rarr; <strong>2369</strong><br />(-16 for losing)\n|raw|RL4T Impeckable's rating: 2462 &rarr; <strong>2478</strong><br />(+16 for winning)\n|l|\u2606minhthuanpk\n|player|p1|\n", "inputlog": ">version 86ae7daf8e420bb3f6c82a6a988ddcc1b1aa7e58\n>start {\"formatid\":\"gen9randombattle\",\"seed\":[36689,6546,29595,9581],\"rated\":\"Rated battle\"}\n>player p1 {\"name\":\"minhthuanpk\",\"avatar\":\"blackbelt-gen4dp\",\"rating\":2385,\"seed\":[53027,43096,33979,37885]}\n>player p2 {\"name\":\"RL4T Impeckable\",\"avatar\":\"#rbtt7teamhoopaf\",\"rating\":2462,\"seed\":[56302,5165,5525,19919]}\n>p1 move sacredfire\n>p2 switch 3\n>p1 switch 2\n>p2 move toxic\n>p1 move spikes\n>p2 move focusblast\n>p1 switch 2\n>p2 move focusblast\n>p1 move sacredfire\n>p2 move toxic\n>p1 move sacredfire\n>p2 move protect\n>p1 move sacredfire\n>p2 move psychicnoise\n>p1 switch 2\n>p2 move psychicnoise\n>p1 switch 2\n>p2 move psychicnoise\n>p1 move bravebird\n>p2 move psychicnoise\n>p1 switch 6\n>p1 move noretreat terastallize\n>p2 move toxic\n>p1 move knockoff\n>p2 move protect\n>p1 move knockoff\n>p2 move focusblast terastallize\n>p1 move knockoff\n>p2 move focusblast\n>p2 switch 6\n>p1 move knockoff\n>p2 move zingzap\n>p1 move closecombat\n>p2 move zingzap\n>p2 switch 5\n>p1 move ironhead\n>p2 move machpunch\n>p1 switch 5\n>p1 move icebeam\n>p2 move machpunch\n>p2 switch 2\n>p1 move icebeam\n>p2 move shedtail\n>p2 switch 4\n>p1 move hypnosis\n>p2 move dragondance\n>p1 switch 3\n>p2 move waterfall\n>p1 move wildcharge\n>p2 move waterfall\n>p1 switch 3\n>p1 move encore\n>p2 move waterfall\n>p1 move hypnosis\n>p2 move waterfall\n>p1 switch 4\n>p1 move hurricane\n>p2 move waterfall\n>p1 move hurricane\n>p2 move waterfall\n>forcelose p1", "uploadtime": 1728241438, "views": 69, "formatid": "gen9randombattle", "rating": 2369, "private": 0, "password": null}