{"id": "gen9randombattle-2259804108", "format": "[Gen 9] Random Battle", "players": ["the 2024 noob", "Chosen Chungus"], "log": "|j|\u2606the 2024 noob\n|j|\u2606Chosen Chungus\n|t:|1733768355\n|gametype|singles\n|player|p1|the 2024 noob|101|1278\n|player|p2|Chosen Chungus|102|1278\n|teamsize|p1|6\n|teamsize|p2|6\n|gen|9\n|tier|[Gen 9] Random Battle\n|rated|\n|rule|Species Clause: Limit one of each Pok\u00e9mon\n|rule|HP Percentage Mod: HP is shown in percentages\n|rule|Sleep Clause Mod: Limit one foe put to sleep\n|rule|Illusion Level Mod: Illusion disguises the Pok\u00e9mon's true level\n|\n|t:|1733768355\n|start\n|switch|p1a: Dipplin|Dipplin, L88, M|284/284\n|switch|p2a: Magnezone|Magnezone, L85|258/258\n|turn|1\n|\n|t:|1733768371\n|move|p2a: Magnezone|Volt Switch|p1a: Dipplin\n|-resisted|p1a: Dipplin\n|-damage|p1a: Dipplin|267/284\n|\n|t:|1733768373\n|switch|p2a: Vespiquen|Vespiquen, L98, F|296/296|[from] Volt Switch\n|-ability|p2a: Vespiquen|Pressure\n|move|p1a: Dipplin|Dragon Pulse|p2a: Vespiquen\n|-damage|p2a: Vespiquen|224/296\n|\n|upkeep\n|turn|2\n|\n|t:|1733768387\n|move|p1a: Dipplin|Sucker Punch||[still]\n|-fail|p1a: Dipplin\n|move|p2a: Vespiquen|Toxic|p1a: Dipplin\n|-status|p1a: Dipplin|tox\n|\n|-damage|p1a: Dipplin|250/284 tox|[from] psn\n|upkeep\n|turn|3\n|\n|t:|1733768399\n|switch|p1a: Weezing|Weezing, L88, M|258/258\n|move|p2a: Vespiquen|Spikes|p1a: Weezing\n|-sidestart|p1: the 2024 noob|Spikes\n|\n|upkeep\n|turn|4\n|\n|t:|1733768412\n|move|p1a: Weezing|Toxic Spikes|p2a: Vespiquen\n|-sidestart|p2: Chosen Chungus|move: Toxic Spikes\n|move|p2a: Vespiquen|Hurricane|p1a: Weezing\n|-damage|p1a: Weezing|95/258\n|\n|-heal|p1a: Weezing|111/258|[from] item: Leftovers\n|upkeep\n|turn|5\n|\n|t:|1733768424\n|move|p1a: Weezing|Pain Split|p2a: Vespiquen\n|-sethp|p2a: Vespiquen|167/296|[from] move: Pain Split|[silent]\n|-sethp|p1a: Weezing|167/258|[from] move: Pain Split\n|move|p2a: Vespiquen|Hurricane|p1a: Weezing\n|-damage|p1a: Weezing|2/258\n|\n|-heal|p1a: Weezing|18/258|[from] item: Leftovers\n|upkeep\n|turn|6\n|\n|t:|1733768435\n|move|p1a: Weezing|Fire Blast|p2a: Vespiquen\n|-supereffective|p2a: Vespiquen\n|-damage|p2a: Vespiquen|53/296\n|move|p2a: Vespiquen|Hurricane|p1a: Weezing\n|-damage|p1a: Weezing|0 fnt\n|faint|p1a: Weezing\n|\n|upkeep\n|\n|t:|1733768451\n|switch|p1a: Amoonguss|Amoonguss, L82, M|321/321\n|-damage|p1a: Amoonguss|281/321|[from] Spikes\n|turn|7\n|\n|t:|1733768460\n|switch|p1a: Oinkologne|Oinkologne-F, L92, F|361/361\n|-damage|p1a: Oinkologne|316/361|[from] Spikes\n|move|p2a: Vespiquen|Hurricane|p1a: Oinkologne|[miss]\n|-miss|p2a: Vespiquen|p1a: Oinkologne\n|\n|-heal|p1a: Oinkologne|338/361|[from] item: Leftovers\n|upkeep\n|turn|8\n|\n|t:|1733768470\n|switch|p2a: Spidops|Spidops, L96, F|271/271\n|move|p1a: Oinkologne|Curse|p1a: Oinkologne\n|-unboost|p1a: Oinkologne|spe|1\n|-boost|p1a: Oinkologne|atk|1\n|-boost|p1a: Oinkologne|def|1\n|\n|-heal|p1a: Oinkologne|360/361|[from] item: Leftovers\n|upkeep\n|turn|9\n|\n|t:|1733768478\n|move|p2a: Spidops|Knock Off|p1a: Oinkologne\n|-damage|p1a: Oinkologne|308/361\n|-enditem|p1a: Oinkologne|Leftovers|[from] move: Knock Off|[of] p2a: Spidops\n|move|p1a: Oinkologne|Curse|p1a: Oinkologne\n|-unboost|p1a: Oinkologne|spe|1\n|-boost|p1a: Oinkologne|atk|1\n|-boost|p1a: Oinkologne|def|1\n|\n|upkeep\n|turn|10\n|\n|t:|1733768486\n|move|p2a: Spidops|Sticky Web|p1a: Oinkologne\n|-sidestart|p1: the 2024 noob|move: Sticky Web\n|move|p1a: Oinkologne|Curse|p1a: Oinkologne\n|-unboost|p1a: Oinkologne|spe|1\n|-boost|p1a: Oinkologne|atk|1\n|-boost|p1a: Oinkologne|def|1\n|\n|upkeep\n|turn|11\n|\n|t:|1733768492\n|switch|p2a: Iron Valiant|Iron Valiant, L78|244/244\n|-status|p2a: Iron Valiant|psn\n|move|p1a: Oinkologne|Curse|p1a: Oinkologne\n|-unboost|p1a: Oinkologne|spe|1\n|-boost|p1a: Oinkologne|atk|1\n|-boost|p1a: Oinkologne|def|1\n|\n|-damage|p2a: Iron Valiant|214/244 psn|[from] psn\n|upkeep\n|turn|12\n|\n|t:|1733768506\n|move|p2a: Iron Valiant|Encore|p1a: Oinkologne\n|-start|p1a: Oinkologne|Encore\n|move|p1a: Oinkologne|Curse|p1a: Oinkologne\n|-unboost|p1a: Oinkologne|spe|1\n|-boost|p1a: Oinkologne|atk|1\n|-boost|p1a: Oinkologne|def|1\n|\n|-damage|p2a: Iron Valiant|184/244 psn|[from] psn\n|upkeep\n|turn|13\n|\n|t:|1733768518\n|-end|p2a: Iron Valiant|Quark Drive|[silent]\n|switch|p2a: Vespiquen|Vespiquen, L98, F|53/296\n|-ability|p2a: Vespiquen|Pressure\n|move|p1a: Oinkologne|Curse|p1a: Oinkologne\n|-unboost|p1a: Oinkologne|spe|1\n|-boost|p1a: Oinkologne|atk|1\n|-boost|p1a: Oinkologne|def|1\n|\n|upkeep\n|turn|14\n|\n|t:|1733768526\n|move|p2a: Vespiquen|Toxic|p1a: Oinkologne\n|-status|p1a: Oinkologne|tox\n|move|p1a: Oinkologne|Curse|p1a: Oinkologne\n|\n|-damage|p1a: Oinkologne|286/361 tox|[from] psn\n|-end|p1a: Oinkologne|Encore\n|upkeep\n|turn|15\n|\n|t:|1733768536\n|switch|p2a: Spidops|Spidops, L96, F|271/271\n|move|p1a: Oinkologne|Body Slam|p2a: Spidops\n|-damage|p2a: Spidops|0 fnt\n|faint|p2a: Spidops\n|\n|-damage|p1a: Oinkologne|242/361 tox|[from] psn\n|upkeep\n|\n|t:|1733768546\n|switch|p2a: Magnezone|Magnezone, L85|258/258\n|turn|16\n|\n|t:|1733768551\n|move|p2a: Magnezone|Volt Switch|p1a: Oinkologne\n|-damage|p1a: Oinkologne|155/361 tox\n|\n|t:|1733768553\n|switch|p2a: Vespiquen|Vespiquen, L98, F|53/296|[from] Volt Switch\n|-ability|p2a: Vespiquen|Pressure\n|move|p1a: Oinkologne|Rest|p1a: Oinkologne\n|-status|p1a: Oinkologne|slp|[from] move: Rest\n|-heal|p1a: Oinkologne|361/361 slp|[silent]\n|\n|upkeep\n|turn|17\n|\n|t:|1733768582\n|move|p2a: Vespiquen|Hurricane|p1a: Oinkologne\n|-damage|p1a: Oinkologne|238/361 slp\n|cant|p1a: Oinkologne|slp\n|move|p1a: Oinkologne|Sleep Talk|p1a: Oinkologne\n|move|p1a: Oinkologne|Body Slam|p2a: Vespiquen|[from]move: Sleep Talk\n|-damage|p2a: Vespiquen|0 fnt\n|faint|p2a: Vespiquen\n|\n|upkeep\n|\n|t:|1733768587\n|switch|p2a: Ursaluna|Ursaluna-Bloodmoon, L79, M|308/308\n|-status|p2a: Ursaluna|psn\n|turn|18\n|\n|t:|1733768593\n|-terastallize|p2a: Ursaluna|Normal\n|move|p2a: Ursaluna|Blood Moon|p1a: Oinkologne\n|-damage|p1a: Oinkologne|46/361 slp\n|cant|p1a: Oinkologne|slp\n|move|p1a: Oinkologne|Sleep Talk|p1a: Oinkologne\n|move|p1a: Oinkologne|Rest||[from]move: Sleep Talk|[still]\n|-fail|p1a: Oinkologne\n|\n|-damage|p2a: Ursaluna|270/308 psn|[from] psn\n|upkeep\n|turn|19\n|\n|t:|1733768605\n|move|p2a: Ursaluna|Vacuum Wave|p1a: Oinkologne\n|-supereffective|p1a: Oinkologne\n|-damage|p1a: Oinkologne|0 fnt\n|faint|p1a: Oinkologne\n|\n|-heal|p2a: Ursaluna|289/308 psn|[from] item: Leftovers\n|-damage|p2a: Ursaluna|251/308 psn|[from] psn\n|upkeep\n|\n|t:|1733768622\n|switch|p1a: Gastrodon|Gastrodon, L86, M|331/331\n|-damage|p1a: Gastrodon|290/331|[from] Spikes\n|-activate|p1a: Gastrodon|move: Sticky Web\n|-unboost|p1a: Gastrodon|spe|1\n|turn|20\n|\n|t:|1733768632\n|move|p2a: Ursaluna|Calm Mind|p2a: Ursaluna\n|-boost|p2a: Ursaluna|spa|1\n|-boost|p2a: Ursaluna|spd|1\n|move|p1a: Gastrodon|Ice Beam|p2a: Ursaluna\n|-damage|p2a: Ursaluna|194/308 psn\n|\n|-heal|p2a: Ursaluna|213/308 psn|[from] item: Leftovers\n|-heal|p1a: Gastrodon|310/331|[from] item: Leftovers\n|-damage|p2a: Ursaluna|175/308 psn|[from] psn\n|upkeep\n|turn|21\n|\n|t:|1733768644\n|move|p2a: Ursaluna|Moonlight|p2a: Ursaluna\n|-heal|p2a: Ursaluna|308/308 psn\n|move|p1a: Gastrodon|Clear Smog|p2a: Ursaluna\n|-damage|p2a: Ursaluna|278/308 psn\n|-clearboost|p2a: Ursaluna\n|\n|-heal|p2a: Ursaluna|297/308 psn|[from] item: Leftovers\n|-heal|p1a: Gastrodon|330/331|[from] item: Leftovers\n|-damage|p2a: Ursaluna|259/308 psn|[from] psn\n|upkeep\n|turn|22\n|\n|t:|1733768663\n|move|p2a: Ursaluna|Calm Mind|p2a: Ursaluna\n|-boost|p2a: Ursaluna|spa|1\n|-boost|p2a: Ursaluna|spd|1\n|move|p1a: Gastrodon|Ice Beam|p2a: Ursaluna\n|-damage|p2a: Ursaluna|201/308 psn\n|\n|-heal|p2a: Ursaluna|220/308 psn|[from] item: Leftovers\n|-heal|p1a: Gastrodon|331/331|[from] item: Leftovers\n|-damage|p2a: Ursaluna|182/308 psn|[from] psn\n|upkeep\n|turn|23\n|\n|t:|1733768673\n|move|p2a: Ursaluna|Blood Moon|p1a: Gastrodon\n|-damage|p1a: Gastrodon|0 fnt\n|faint|p1a: Gastrodon\n|\n|-heal|p2a: Ursaluna|201/308 psn|[from] item: Leftovers\n|-damage|p2a: Ursaluna|163/308 psn|[from] psn\n|upkeep\n|\n|t:|1733768697\n|switch|p1a: Amoonguss|Amoonguss, L82, M|321/321\n|-damage|p1a: Amoonguss|281/321|[from] Spikes\n|-activate|p1a: Amoonguss|move: Sticky Web\n|-unboost|p1a: Amoonguss|spe|1\n|turn|24\n|\n|t:|1733768709\n|move|p2a: Ursaluna|Moonlight|p2a: Ursaluna\n|-heal|p2a: Ursaluna|308/308 psn\n|move|p1a: Amoonguss|Spore||[still]\n|-fail|p1a: Amoonguss\n|\n|-damage|p2a: Ursaluna|270/308 psn|[from] psn\n|upkeep\n|turn|25\n|\n|t:|1733768718\n|move|p2a: Ursaluna|Blood Moon|p1a: Amoonguss\n|-damage|p1a: Amoonguss|0 fnt\n|faint|p1a: Amoonguss\n|\n|-heal|p2a: Ursaluna|289/308 psn|[from] item: Leftovers\n|-damage|p2a: Ursaluna|251/308 psn|[from] psn\n|upkeep\n|\n|t:|1733768726\n|switch|p1a: Dedenne|Dedenne, L88, F|261/261\n|-damage|p1a: Dedenne|229/261|[from] Spikes\n|-activate|p1a: Dedenne|move: Sticky Web\n|-unboost|p1a: Dedenne|spe|1\n|turn|26\n|\n|t:|1733768735\n|move|p1a: Dedenne|Dazzling Gleam|p2a: Ursaluna\n|-damage|p2a: Ursaluna|181/308 psn\n|move|p2a: Ursaluna|Calm Mind|p2a: Ursaluna\n|-boost|p2a: Ursaluna|spa|1\n|-boost|p2a: Ursaluna|spd|1\n|\n|-heal|p2a: Ursaluna|200/308 psn|[from] item: Leftovers\n|-damage|p2a: Ursaluna|162/308 psn|[from] psn\n|upkeep\n|turn|27\n|\n|t:|1733768747\n|move|p1a: Dedenne|Super Fang|p2a: Ursaluna\n|-damage|p2a: Ursaluna|81/308 psn\n|move|p2a: Ursaluna|Moonlight|p2a: Ursaluna\n|-heal|p2a: Ursaluna|235/308 psn\n|\n|-heal|p2a: Ursaluna|254/308 psn|[from] item: Leftovers\n|-damage|p2a: Ursaluna|216/308 psn|[from] psn\n|upkeep\n|turn|28\n|\n|t:|1733768756\n|move|p1a: Dedenne|Super Fang|p2a: Ursaluna|[miss]\n|-miss|p1a: Dedenne|p2a: Ursaluna\n|move|p2a: Ursaluna|Blood Moon|p1a: Dedenne\n|-damage|p1a: Dedenne|0 fnt\n|faint|p1a: Dedenne\n|\n|-heal|p2a: Ursaluna|235/308 psn|[from] item: Leftovers\n|-damage|p2a: Ursaluna|197/308 psn|[from] psn\n|upkeep\n|\n|t:|1733768767\n|switch|p1a: Dipplin|Dipplin, L88, M|250/284 tox\n|-damage|p1a: Dipplin|215/284 tox|[from] Spikes\n|-activate|p1a: Dipplin|move: Sticky Web\n|-unboost|p1a: Dipplin|spe|1\n|turn|29\n|\n|t:|1733768782\n|move|p2a: Ursaluna|Calm Mind|p2a: Ursaluna\n|-boost|p2a: Ursaluna|spa|1\n|-boost|p2a: Ursaluna|spd|1\n|move|p1a: Dipplin|Giga Drain|p2a: Ursaluna\n|-damage|p2a: Ursaluna|148/308 psn\n|-heal|p1a: Dipplin|240/284 tox|[from] drain|[of] p2a: Ursaluna\n|\n|-heal|p2a: Ursaluna|167/308 psn|[from] item: Leftovers\n|-damage|p2a: Ursaluna|129/308 psn|[from] psn\n|-damage|p1a: Dipplin|223/284 tox|[from] psn\n|upkeep\n|turn|30\n|\n|t:|1733768793\n|move|p2a: Ursaluna|Blood Moon|p1a: Dipplin\n|-damage|p1a: Dipplin|0 fnt\n|faint|p1a: Dipplin\n|\n|win|Chosen Chungus\n|raw|the 2024 noob's rating: 1278 &rarr; <strong>1253</strong><br />(-25 for losing)\n|raw|Chosen Chungus's rating: 1278 &rarr; <strong>1303</strong><br />(+25 for winning)\n", "inputlog": ">version bfd83cad13791eb5a5a409923076391caf6fb4d4\n>start {\"formatid\":\"gen9randombattle\",\"seed\":[15203,26910,45749,493],\"rated\":\"Rated battle\"}\n>player p1 {\"name\":\"the 2024 noob\",\"avatar\":\"101\",\"rating\":1278,\"seed\":[4640,60088,24210,28488]}\n>player p2 {\"name\":\"Chosen Chungus\",\"avatar\":\"102\",\"rating\":1278,\"seed\":[16284,56716,35395,19585]}\n>p1 move dragonpulse\n>p2 move voltswitch\n>p2 switch 2\n>p1 move suckerpunch\n>p2 move toxic\n>p1 switch 2\n>p2 move spikes\n>p1 move toxicspikes\n>p2 move hurricane\n>p1 move painsplit\n>p2 move hurricane\n>p1 move fireblast\n>p2 move hurricane\n>p1 switch 3\n>p1 switch 5\n>p2 move hurricane\n>p1 move curse\n>p2 switch 3\n>p1 move curse\n>p2 move knockoff\n>p1 move curse\n>p2 move stickyweb\n>p1 move curse\n>p2 switch 6\n>p1 move curse\n>p2 move encore\n>p1 move curse\n>p2 switch 3\n>p1 move curse\n>p2 move toxic\n>p1 move bodyslam\n>p2 switch 6\n>p2 switch 2\n>p1 move rest\n>p2 move voltswitch\n>p2 switch 6\n>p1 move sleeptalk\n>p2 move hurricane\n>p2 switch 4\n>p1 move sleeptalk\n>p2 move bloodmoon terastallize\n>p1 move sleeptalk\n>p2 move vacuumwave\n>p1 switch 6\n>p1 move icebeam\n>p2 move calmmind\n>p1 move clearsmog\n>p2 move moonlight\n>p1 move icebeam\n>p2 move calmmind\n>p1 move clearsmog\n>p2 move bloodmoon\n>p1 switch 5\n>p1 move spore\n>p2 move moonlight\n>p1 move sludgebomb\n>p2 move bloodmoon\n>p1 switch 4\n>p1 move dazzlinggleam\n>p2 move calmmind\n>p1 move superfang\n>p2 move moonlight\n>p1 move superfang\n>p2 move bloodmoon\n>p1 switch 2\n>p1 move gigadrain\n>p2 move calmmind\n>p1 move gigadrain\n>p2 move bloodmoon", "uploadtime": 1733768797, "views": 2, "formatid": "gen9randombattle", "rating": 1253, "private": 0, "password": null}