{"id": "gen9randombattle-2259813738", "format": "[Gen 9] Random Battle", "players": ["swiftdeer136", "BarlosBarlos"], "log": "|j|\u2606swiftdeer136\n|j|\u2606BarlosBarlos\n|t:|1733769286\n|gametype|singles\n|player|p1|swiftdeer136|acetrainerf-gen4dp|1078\n|player|p2|BarlosBarlos|wattson|1099\n|teamsize|p1|6\n|teamsize|p2|6\n|gen|9\n|tier|[Gen 9] Random Battle\n|rated|\n|rule|Species Clause: Limit one of each Pok\u00e9mon\n|rule|HP Percentage Mod: HP is shown in percentages\n|rule|Sleep Clause Mod: Limit one foe put to sleep\n|rule|Illusion Level Mod: Illusion disguises the Pok\u00e9mon's true level\n|\n|t:|1733769286\n|start\n|switch|p1a: Iron Valiant|Iron Valiant, L78|244/244\n|switch|p2a: Piloswine|Piloswine, L85, F|309/309\n|turn|1\n|c|\u2606BarlosBarlos|yo yo yo\n|\n|t:|1733769331\n|move|p1a: Iron Valiant|Close Combat|p2a: Piloswine\n|-supereffective|p2a: Piloswine\n|-damage|p2a: Piloswine|67/309\n|-unboost|p1a: Iron Valiant|def|1\n|-unboost|p1a: Iron Valiant|spd|1\n|-damage|p1a: Iron Valiant|220/244|[from] item: Life Orb\n|move|p2a: Piloswine|Stealth Rock|p1a: Iron Valiant\n|-sidestart|p1: swiftdeer136|move: Stealth Rock\n|\n|upkeep\n|turn|2\n|c|\u2606BarlosBarlos|you scared huh\n|c|\u2606BarlosBarlos|any day now lil bro\n|c|\u2606BarlosBarlos|get a move one\n|\n|t:|1733769380\n|move|p1a: Iron Valiant|Close Combat|p2a: Piloswine\n|-supereffective|p2a: Piloswine\n|-damage|p2a: Piloswine|0 fnt\n|-unboost|p1a: Iron Valiant|def|1\n|-unboost|p1a: Iron Valiant|spd|1\n|faint|p2a: Piloswine\n|-damage|p1a: Iron Valiant|196/244|[from] item: Life Orb\n|\n|upkeep\n|\n|t:|1733769396\n|switch|p2a: Masquerain|Masquerain, L87, F|264/264\n|-ability|p2a: Masquerain|Intimidate|boost\n|-unboost|p1a: Iron Valiant|atk|1\n|turn|3\n|\n|t:|1733769420\n|move|p1a: Iron Valiant|Knock Off|p2a: Masquerain\n|-damage|p2a: Masquerain|189/264\n|-enditem|p2a: Masquerain|Heavy-Duty Boots|[from] move: Knock Off|[of] p1a: Iron Valiant\n|-damage|p1a: Iron Valiant|172/244|[from] item: Life Orb\n|move|p2a: Masquerain|Hurricane|p1a: Iron Valiant\n|-supereffective|p1a: Iron Valiant\n|-damage|p1a: Iron Valiant|0 fnt\n|faint|p1a: Iron Valiant\n|-end|p1a: Iron Valiant|Quark Drive|[silent]\n|\n|upkeep\n|\n|t:|1733769432\n|switch|p1a: Vikavolt|Vikavolt, L83, F|263/263\n|turn|4\n|c|\u2606BarlosBarlos|colored coon\n|\n|t:|1733769454\n|move|p2a: Masquerain|Hurricane|p1a: Vikavolt\n|-damage|p1a: Vikavolt|130/263\n|-start|p1a: Vikavolt|confusion\n|-activate|p1a: Vikavolt|confusion\n|-damage|p1a: Vikavolt|112/263|[from] confusion\n|\n|upkeep\n|turn|5\n|c|\u2606BarlosBarlos|dumb bitch\n|inactive|Battle timer is ON: inactive players will automatically lose when time's up. (requested by BarlosBarlos)\n|\n|t:|1733769521\n|move|p2a: Masquerain|Hurricane|p1a: Vikavolt\n|-damage|p1a: Vikavolt|0 fnt\n|faint|p1a: Vikavolt\n|\n|upkeep\n|c|\u2606BarlosBarlos|hurry up fn bitc ass fn scared ass hoe\n|\n|t:|1733769538\n|switch|p1a: Squawkabilly|Squawkabilly-Yellow, L89, M|291/291\n|-damage|p1a: Squawkabilly|219/291|[from] Stealth Rock\n|turn|6\n|inactive|BarlosBarlos has 120 seconds left.\n|n|\u203dBarlosBarlos|barlosbarlos\n|\n|t:|1733769595\n|switch|p2a: Blissey|Blissey, L84, F|566/566\n|move|p1a: Squawkabilly|Brave Bird|p2a: Blissey|[miss]\n|-miss|p1a: Squawkabilly|p2a: Blissey\n|\n|upkeep\n|turn|7\n|inactive|BarlosBarlos has 90 seconds left.\n|\n|t:|1733769620\n|switch|p1a: Uxie|Uxie, L83|260/260\n|-damage|p1a: Uxie|228/260|[from] Stealth Rock\n|move|p2a: Blissey|Seismic Toss|p1a: Uxie\n|-damage|p1a: Uxie|144/260\n|\n|-heal|p1a: Uxie|160/260|[from] item: Leftovers\n|upkeep\n|turn|8\n|inactive|BarlosBarlos has 90 seconds left.\n|\n|t:|1733769637\n|move|p1a: Uxie|Knock Off|p2a: Blissey\n|-damage|p2a: Blissey|404/566\n|-enditem|p2a: Blissey|Leftovers|[from] move: Knock Off|[of] p1a: Uxie\n|move|p2a: Blissey|Thunder Wave|p1a: Uxie\n|-status|p1a: Uxie|par\n|\n|-heal|p1a: Uxie|176/260 par|[from] item: Leftovers\n|upkeep\n|turn|9\n|inactive|swiftdeer136 has 120 seconds left.\n|\n|t:|1733769667\n|move|p2a: Blissey|Seismic Toss|p1a: Uxie\n|-damage|p1a: Uxie|92/260 par\n|move|p1a: Uxie|Thunder Wave|p2a: Blissey\n|-status|p2a: Blissey|par\n|\n|-heal|p1a: Uxie|108/260 par|[from] item: Leftovers\n|upkeep\n|turn|10\n|c|\u2606swiftdeer136|so hows life\n|inactive|swiftdeer136 has 120 seconds left.\n|inactive|BarlosBarlos has 60 seconds left.\n|\n|t:|1733769691\n|-terastallize|p1a: Uxie|Dark\n|move|p1a: Uxie|Psychic Noise|p2a: Blissey\n|-damage|p2a: Blissey|358/566 par\n|-start|p2a: Blissey|move: Heal Block\n|move|p2a: Blissey|Seismic Toss|p1a: Uxie\n|-damage|p1a: Uxie|24/260 par\n|\n|-heal|p1a: Uxie|40/260 par|[from] item: Leftovers\n|upkeep\n|turn|11\n|inactive|swiftdeer136 has 120 seconds left.\n|inactive|BarlosBarlos has 60 seconds left.\n|\n|t:|1733769724\n|move|p1a: Uxie|U-turn|p2a: Blissey\n|-damage|p2a: Blissey|227/566 par\n|\n|t:|1733769731\n|switch|p1a: Gliscor|Gliscor, L76, M|239/239|[from] U-turn\n|-damage|p1a: Gliscor|210/239|[from] Stealth Rock\n|move|p2a: Blissey|Seismic Toss|p1a: Gliscor\n|-damage|p1a: Gliscor|126/239\n|\n|-end|p2a: Blissey|move: Heal Block\n|-status|p1a: Gliscor|tox|[from] item: Toxic Orb\n|upkeep\n|turn|12\n|inactive|BarlosBarlos has 60 seconds left.\n|\n|t:|1733769751\n|move|p1a: Gliscor|Earthquake|p2a: Blissey\n|-damage|p2a: Blissey|0 fnt\n|faint|p2a: Blissey\n|\n|-heal|p1a: Gliscor|155/239 tox|[from] ability: Poison Heal\n|upkeep\n|\n|t:|1733769772\n|switch|p2a: Basculin|Basculin, L86, F|261/261\n|turn|13\n|inactive|swiftdeer136 has 90 seconds left.\n|\n|t:|1733769800\n|move|p2a: Basculin|Aqua Jet|p1a: Gliscor\n|-supereffective|p1a: Gliscor\n|-damage|p1a: Gliscor|11/239 tox\n|move|p1a: Gliscor|Toxic|p2a: Basculin\n|-status|p2a: Basculin|tox\n|\n|-damage|p2a: Basculin|245/261 tox|[from] psn\n|-heal|p1a: Gliscor|40/239 tox|[from] ability: Poison Heal\n|upkeep\n|turn|14\n|inactive|swiftdeer136 has 90 seconds left.\n|\n|t:|1733769812\n|move|p1a: Gliscor|Protect|p1a: Gliscor\n|-singleturn|p1a: Gliscor|Protect\n|move|p2a: Basculin|Aqua Jet|p1a: Gliscor\n|-activate|p1a: Gliscor|move: Protect\n|\n|-damage|p2a: Basculin|213/261 tox|[from] psn\n|-heal|p1a: Gliscor|69/239 tox|[from] ability: Poison Heal\n|upkeep\n|turn|15\n|inactive|swiftdeer136 has 90 seconds left.\n|\n|t:|1733769823\n|move|p2a: Basculin|Aqua Jet|p1a: Gliscor\n|-supereffective|p1a: Gliscor\n|-damage|p1a: Gliscor|0 fnt\n|faint|p1a: Gliscor\n|\n|-damage|p2a: Basculin|165/261 tox|[from] psn\n|upkeep\n|inactive|swiftdeer136 has 90 seconds left.\n|inactiveoff|Battle timer is now OFF.\n|\n|t:|1733769843\n|switch|p1a: Uxie|Uxie, L83, tera:Dark|40/260 par\n|-damage|p1a: Uxie|8/260 par|[from] Stealth Rock\n|turn|16\n|\n|t:|1733769856\n|move|p2a: Basculin|Aqua Jet|p1a: Uxie\n|-damage|p1a: Uxie|0 fnt\n|faint|p1a: Uxie\n|\n|-damage|p2a: Basculin|101/261 tox|[from] psn\n|upkeep\n|\n|t:|1733769878\n|switch|p1a: Squawkabilly|Squawkabilly-Yellow, L89, M|219/291\n|-damage|p1a: Squawkabilly|147/291|[from] Stealth Rock\n|turn|17\n|\n|t:|1733769887\n|move|p2a: Basculin|Aqua Jet|p1a: Squawkabilly\n|-damage|p1a: Squawkabilly|19/291\n|move|p1a: Squawkabilly|Foul Play|p2a: Basculin\n|-crit|p2a: Basculin\n|-damage|p2a: Basculin|0 fnt\n|faint|p2a: Basculin\n|\n|upkeep\n|\n|t:|1733769901\n|switch|p2a: Keldeo|Keldeo-Resolute, L79|273/273\n|turn|18\n|\n|t:|1733769937\n|switch|p1a: Clefable|Clefable, L83, M|293/293\n|move|p2a: Keldeo|Secret Sword|p1a: Clefable\n|-resisted|p1a: Clefable\n|-damage|p1a: Clefable|237/293\n|\n|upkeep\n|turn|19\n|inactive|Battle timer is ON: inactive players will automatically lose when time's up. (requested by BarlosBarlos)\n|inactiveoff|Battle timer is now OFF.\n|\n|t:|1733769954\n|move|p2a: Keldeo|Hydro Pump|p1a: Clefable\n|-damage|p1a: Clefable|119/293\n|move|p1a: Clefable|Moonblast|p2a: Keldeo\n|-supereffective|p2a: Keldeo\n|-damage|p2a: Keldeo|8/273\n|-unboost|p2a: Keldeo|spa|1\n|\n|-heal|p2a: Keldeo|25/273|[from] item: Leftovers\n|upkeep\n|turn|20\n|inactive|Battle timer is ON: inactive players will automatically lose when time's up. (requested by BarlosBarlos)\n|inactive|swiftdeer136 has 90 seconds left.\n|\n|t:|1733769988\n|move|p2a: Keldeo|Hydro Pump|p1a: Clefable\n|-damage|p1a: Clefable|35/293\n|move|p1a: Clefable|Moonblast|p2a: Keldeo\n|-supereffective|p2a: Keldeo\n|-damage|p2a: Keldeo|0 fnt\n|faint|p2a: Keldeo\n|\n|upkeep\n|inactive|BarlosBarlos has 60 seconds left.\n|\n|t:|1733770005\n|switch|p2a: Masquerain|Masquerain, L87, F|189/264\n|-ability|p2a: Masquerain|Intimidate|boost\n|-unboost|p1a: Clefable|atk|1\n|turn|21\n|inactive|swiftdeer136 has 90 seconds left.\n|\n|t:|1733770020\n|move|p2a: Masquerain|U-turn|p1a: Clefable\n|-resisted|p1a: Clefable\n|-damage|p1a: Clefable|3/293\n|\n|t:|1733770029\n|switch|p2a: Slither Wing|Slither Wing, L81|270/270|[from] U-turn\n|move|p1a: Clefable|Fire Blast|p2a: Slither Wing\n|-supereffective|p2a: Slither Wing\n|-damage|p2a: Slither Wing|91/270\n|\n|upkeep\n|turn|22\n|inactive|swiftdeer136 has 90 seconds left.\n|\n|t:|1733770048\n|move|p2a: Slither Wing|Earthquake|p1a: Clefable\n|-damage|p1a: Clefable|0 fnt\n|faint|p1a: Clefable\n|-damage|p2a: Slither Wing|64/270|[from] item: Life Orb\n|\n|upkeep\n|inactive|swiftdeer136 has 90 seconds left.\n|\n|t:|1733770053\n|switch|p1a: Squawkabilly|Squawkabilly-Yellow, L89, M|19/291\n|-damage|p1a: Squawkabilly|0 fnt|[from] Stealth Rock\n|faint|p1a: Squawkabilly\n|\n|win|BarlosBarlos\n", "inputlog": ">version bfd83cad13791eb5a5a409923076391caf6fb4d4\n>start {\"formatid\":\"gen9randombattle\",\"seed\":[63700,41177,63264,19724],\"rated\":\"Rated battle\"}\n>player p1 {\"name\":\"swiftdeer136\",\"avatar\":\"acetrainerf-gen4dp\",\"rating\":1078,\"seed\":[22578,59921,14460,33747]}\n>player p2 {\"name\":\"BarlosBarlos\",\"avatar\":\"wattson\",\"rating\":1099,\"seed\":[55526,1922,53028,657]}\n>chat \u2606BarlosBarlos|yo yo yo\n>p1 move closecombat\n>p2 move stealthrock\n>chat \u2606BarlosBarlos|you scared huh\n>chat \u2606BarlosBarlos|any day now lil bro\n>chat \u2606BarlosBarlos|get a move one\n>p1 move closecombat\n>p2 move earthquake\n>p2 switch 2\n>p1 move knockoff\n>p2 move hurricane\n>chat \u2606BarlosBarlos|bitch nga\n>p1 switch 5\n>chat \u2606BarlosBarlos|colored coon\n>p1 move discharge\n>p2 move hurricane\n>chat \u2606BarlosBarlos|dumb bitch\n>p1 move discharge\n>p2 move hurricane\n>chat \u2606BarlosBarlos|hurry up fn bitc ass fn scared ass hoe\n>p1 switch 4\n>p1 move bravebird\n>p2 switch 4\n>p1 switch 2\n>p2 move seismictoss\n>p1 move knockoff\n>p2 move thunderwave\n>p1 move thunderwave\n>p2 move seismictoss\n>chat \u2606swiftdeer136|so hows life\n>p1 move psychicnoise terastallize\n>p2 move seismictoss\n>p1 move uturn\n>p2 move seismictoss\n>p1 switch 6\n>p1 move earthquake\n>p2 move softboiled\n>p2 switch 5\n>p1 move toxic\n>p2 move aquajet\n>p1 move protect\n>p2 move aquajet\n>p1 move knockoff\n>p2 move aquajet\n>p1 switch 6\n>p1 move psychicnoise\n>p2 move aquajet\n>p1 switch 2\n>p1 move foulplay\n>p2 move aquajet\n>p2 switch 3\n>p1 switch 3\n>p2 move secretsword\n>p1 move moonblast\n>p2 move hydropump\n>p1 move moonblast\n>p2 move hydropump\n>p2 switch 4\n>p1 move fireblast\n>p2 move uturn\n>p2 switch 6\n>p1 move moonlight\n>p2 move earthquake\n>p1 switch 3", "uploadtime": 1733769469, "views": 1, "formatid": "gen9randombattle", "rating": null, "private": 0, "password": null}