{"id": "gen9randombattle-2260353075", "format": "[Gen 9] Random Battle", "players": ["Mushroom190", "IUXDay&Knight247"], "log": "|j|\u2606Mushroom190\n|j|\u2606IUXDay&Knight247\n|t:|1733843129\n|gametype|singles\n|player|p1|Mushroom190|170|1367\n|player|p2|IUXDay&Knight247|pryce|1362\n|teamsize|p1|6\n|teamsize|p2|6\n|gen|9\n|tier|[Gen 9] Random Battle\n|rated|\n|rule|Species Clause: Limit one of each Pok\u00e9mon\n|rule|HP Percentage Mod: HP is shown in percentages\n|rule|Sleep Clause Mod: Limit one foe put to sleep\n|rule|Illusion Level Mod: Illusion disguises the Pok\u00e9mon's true level\n|\n|t:|1733843129\n|start\n|switch|p1a: Reuniclus|Reuniclus, L88, F|337/337\n|switch|p2a: Azumarill|Azumarill, L82, F|298/298\n|turn|1\n|inactive|Battle timer is ON: inactive players will automatically lose when time's up. (requested by IUXDay&Knight247)\n|c|\u2606IUXDay&Knight247|Good luck and have fun\n|inactive|Mushroom190 has 120 seconds left.\n|\n|t:|1733843176\n|switch|p2a: Greninja|Greninja, L80, M|246/246\n|move|p1a: Reuniclus|Calm Mind|p1a: Reuniclus\n|-boost|p1a: Reuniclus|spa|1\n|-boost|p1a: Reuniclus|spd|1\n|\n|upkeep\n|turn|2\n|\n|t:|1733843186\n|move|p2a: Greninja|Dark Pulse|p1a: Reuniclus\n|-start|p2a: Greninja|typechange|Dark|[from] ability: Protean\n|-supereffective|p1a: Reuniclus\n|-damage|p1a: Reuniclus|189/337\n|-damage|p2a: Greninja|222/246|[from] item: Life Orb\n|cant|p1a: Reuniclus|flinch\n|\n|upkeep\n|turn|3\n|\n|t:|1733843201\n|move|p2a: Greninja|Dark Pulse|p1a: Reuniclus\n|-supereffective|p1a: Reuniclus\n|-damage|p1a: Reuniclus|54/337\n|-damage|p2a: Greninja|198/246|[from] item: Life Orb\n|cant|p1a: Reuniclus|flinch\n|\n|upkeep\n|turn|4\n|\n|t:|1733843223\n|move|p2a: Greninja|Dark Pulse|p1a: Reuniclus\n|-supereffective|p1a: Reuniclus\n|-damage|p1a: Reuniclus|0 fnt\n|faint|p1a: Reuniclus\n|-damage|p2a: Greninja|174/246|[from] item: Life Orb\n|\n|upkeep\n|\n|t:|1733843238\n|switch|p1a: Pikachu|Pikachu-Hoenn, L93, M|216/216\n|turn|5\n|\n|t:|1733843251\n|switch|p2a: Jolteon|Jolteon, L84, M|246/246\n|move|p1a: Pikachu|Fake Out|p2a: Jolteon\n|-damage|p2a: Jolteon|184/246\n|\n|upkeep\n|turn|6\n|\n|t:|1733843277\n|switch|p2a: Orthworm|Orthworm, L88, M|266/266\n|switch|p1a: Iron Thorns|Iron Thorns, L83|302/302\n|-enditem|p1a: Iron Thorns|Booster Energy\n|-activate|p1a: Iron Thorns|ability: Quark Drive|[fromitem]\n|-start|p1a: Iron Thorns|quarkdriveatk\n|\n|upkeep\n|turn|7\n|\n|t:|1733843291\n|move|p1a: Iron Thorns|Stone Edge|p2a: Orthworm|[miss]\n|-miss|p1a: Iron Thorns|p2a: Orthworm\n|move|p2a: Orthworm|Coil|p2a: Orthworm\n|-boost|p2a: Orthworm|atk|1\n|-boost|p2a: Orthworm|def|1\n|-boost|p2a: Orthworm|accuracy|1\n|\n|upkeep\n|turn|8\n|inactive|Mushroom190 has 120 seconds left.\n|\n|t:|1733843307\n|move|p1a: Iron Thorns|Stone Edge|p2a: Orthworm\n|-resisted|p2a: Orthworm\n|-damage|p2a: Orthworm|227/266\n|move|p2a: Orthworm|Body Press|p1a: Iron Thorns\n|-supereffective|p1a: Iron Thorns\n|-damage|p1a: Iron Thorns|92/302\n|\n|upkeep\n|turn|9\n|\n|t:|1733843316\n|move|p1a: Iron Thorns|Wild Charge|p2a: Orthworm\n|-damage|p2a: Orthworm|158/266\n|-damage|p1a: Iron Thorns|75/302|[from] Recoil\n|move|p2a: Orthworm|Coil|p2a: Orthworm\n|-boost|p2a: Orthworm|atk|1\n|-boost|p2a: Orthworm|def|1\n|-boost|p2a: Orthworm|accuracy|1\n|\n|upkeep\n|turn|10\n|\n|t:|1733843327\n|move|p1a: Iron Thorns|Wild Charge|p2a: Orthworm\n|-damage|p2a: Orthworm|101/266\n|-damage|p1a: Iron Thorns|61/302|[from] Recoil\n|move|p2a: Orthworm|Coil|p2a: Orthworm\n|-boost|p2a: Orthworm|atk|1\n|-boost|p2a: Orthworm|def|1\n|-boost|p2a: Orthworm|accuracy|1\n|\n|upkeep\n|turn|11\n|\n|t:|1733843339\n|move|p1a: Iron Thorns|Wild Charge|p2a: Orthworm\n|-damage|p2a: Orthworm|59/266\n|-damage|p1a: Iron Thorns|50/302|[from] Recoil\n|move|p2a: Orthworm|Rest|p2a: Orthworm\n|-status|p2a: Orthworm|slp|[from] move: Rest\n|-heal|p2a: Orthworm|266/266 slp|[silent]\n|-enditem|p2a: Orthworm|Chesto Berry|[eat]\n|-curestatus|p2a: Orthworm|slp|[msg]\n|\n|upkeep\n|turn|12\n|\n|t:|1733843350\n|move|p1a: Iron Thorns|Wild Charge|p2a: Orthworm\n|-damage|p2a: Orthworm|221/266\n|-damage|p1a: Iron Thorns|39/302|[from] Recoil\n|move|p2a: Orthworm|Body Press|p1a: Iron Thorns\n|-supereffective|p1a: Iron Thorns\n|-damage|p1a: Iron Thorns|0 fnt\n|faint|p1a: Iron Thorns\n|-end|p1a: Iron Thorns|Quark Drive|[silent]\n|\n|upkeep\n|inactive|Mushroom190 has 120 seconds left.\n|\n|t:|1733843381\n|switch|p1a: Pikachu|Pikachu-Hoenn, L93, M|216/216\n|turn|13\n|\n|t:|1733843393\n|move|p1a: Pikachu|Fake Out|p2a: Orthworm\n|-resisted|p2a: Orthworm\n|-damage|p2a: Orthworm|215/266\n|cant|p2a: Orthworm|flinch\n|\n|upkeep\n|turn|14\n|inactive|Mushroom190 has 120 seconds left.\n|\n|t:|1733843400\n|move|p1a: Pikachu|Surf|p2a: Orthworm\n|-damage|p2a: Orthworm|83/266\n|move|p2a: Orthworm|Iron Tail|p1a: Pikachu\n|-resisted|p1a: Pikachu\n|-damage|p1a: Pikachu|8/216\n|-unboost|p1a: Pikachu|def|1\n|\n|upkeep\n|turn|15\n|\n|t:|1733843421\n|switch|p2a: Cyclizar|Cyclizar, L83, F|252/252\n|move|p1a: Pikachu|Surf|p2a: Cyclizar\n|-resisted|p2a: Cyclizar\n|-damage|p2a: Cyclizar|186/252\n|\n|upkeep\n|turn|16\n|\n|t:|1733843435\n|move|p2a: Cyclizar|Rapid Spin|p1a: Pikachu\n|-damage|p1a: Pikachu|0 fnt\n|-boost|p2a: Cyclizar|spe|1\n|faint|p1a: Pikachu\n|\n|upkeep\n|inactive|Mushroom190 has 120 seconds left.\n|\n|t:|1733843457\n|switch|p1a: Comfey|Comfey, L85, F|225/225\n|turn|17\n|\n|t:|1733843469\n|switch|p2a: Orthworm|Orthworm, L88, M|83/266\n|move|p1a: Comfey|Calm Mind|p1a: Comfey\n|-boost|p1a: Comfey|spa|1\n|-boost|p1a: Comfey|spd|1\n|\n|upkeep\n|turn|18\n|inactive|Mushroom190 has 120 seconds left.\n|\n|t:|1733843482\n|move|p1a: Comfey|Giga Drain|p2a: Orthworm\n|-resisted|p2a: Orthworm\n|-damage|p2a: Orthworm|38/266\n|move|p2a: Orthworm|Iron Tail|p1a: Comfey\n|-supereffective|p1a: Comfey\n|-damage|p1a: Comfey|15/225\n|\n|-heal|p1a: Comfey|29/225|[from] item: Leftovers\n|upkeep\n|turn|19\n|inactive|Mushroom190 has 120 seconds left.\n|\n|t:|1733843507\n|move|p1a: Comfey|Giga Drain|p2a: Orthworm\n|-resisted|p2a: Orthworm\n|-damage|p2a: Orthworm|0 fnt\n|-heal|p1a: Comfey|48/225|[from] drain|[of] p2a: Orthworm\n|faint|p2a: Orthworm\n|\n|-heal|p1a: Comfey|62/225|[from] item: Leftovers\n|upkeep\n|inactive|IUXDay&Knight247 has 120 seconds left.\n|\n|t:|1733843532\n|switch|p2a: Greninja|Greninja, L80, M|174/246\n|turn|20\n|inactive|IUXDay&Knight247 has 120 seconds left.\n|inactive|Mushroom190 has 120 seconds left.\n|\n|t:|1733843543\n|-terastallize|p2a: Greninja|Poison\n|-terastallize|p1a: Comfey|Steel\n|move|p1a: Comfey|Draining Kiss|p2a: Greninja\n|-resisted|p2a: Greninja\n|-damage|p2a: Greninja|132/246\n|-heal|p1a: Comfey|94/225|[from] drain|[of] p2a: Greninja\n|move|p2a: Greninja|Gunk Shot|p1a: Comfey\n|-immune|p1a: Comfey\n|\n|-heal|p1a: Comfey|108/225|[from] item: Leftovers\n|upkeep\n|turn|21\n|inactive|Mushroom190 has 120 seconds left.\n|inactive|IUXDay&Knight247 has 120 seconds left.\n|\n|t:|1733843576\n|switch|p2a: Skarmory|Skarmory, L80, M|235/235\n|move|p1a: Comfey|Calm Mind|p1a: Comfey\n|-boost|p1a: Comfey|spa|1\n|-boost|p1a: Comfey|spd|1\n|\n|-heal|p1a: Comfey|122/225|[from] item: Leftovers\n|upkeep\n|turn|22\n|inactive|Mushroom190 has 120 seconds left.\n|\n|t:|1733843596\n|move|p1a: Comfey|Stored Power|p2a: Skarmory\n|-resisted|p2a: Skarmory\n|-damage|p2a: Skarmory|160/235\n|move|p2a: Skarmory|Iron Defense|p2a: Skarmory\n|-boost|p2a: Skarmory|def|2\n|\n|-heal|p1a: Comfey|136/225|[from] item: Leftovers\n|-heal|p2a: Skarmory|174/235|[from] item: Leftovers\n|upkeep\n|turn|23\n|inactive|Mushroom190 has 120 seconds left.\n|\n|t:|1733843627\n|switch|p1a: Oricorio|Oricorio-Pa'u, L87, F|272/272\n|move|p2a: Skarmory|Body Press|p1a: Oricorio\n|-resisted|p1a: Oricorio\n|-damage|p1a: Oricorio|234/272\n|\n|-heal|p2a: Skarmory|188/235|[from] item: Leftovers\n|upkeep\n|turn|24\n|inactive|Mushroom190 has 90 seconds left.\n|\n|t:|1733843644\n|switch|p2a: Jolteon|Jolteon, L84, M|184/246\n|move|p1a: Oricorio|Quiver Dance|p1a: Oricorio\n|-boost|p1a: Oricorio|spa|1\n|-boost|p1a: Oricorio|spd|1\n|-boost|p1a: Oricorio|spe|1\n|\n|upkeep\n|turn|25\n|inactive|Mushroom190 has 90 seconds left.\n|\n|t:|1733843657\n|move|p1a: Oricorio|Hurricane|p2a: Jolteon\n|-resisted|p2a: Jolteon\n|-damage|p2a: Jolteon|89/246\n|-start|p2a: Jolteon|confusion\n|-activate|p2a: Jolteon|confusion\n|move|p2a: Jolteon|Volt Switch|p1a: Oricorio\n|-supereffective|p1a: Oricorio\n|-damage|p1a: Oricorio|64/272\n|\n|t:|1733843665\n|switch|p2a: Azumarill|Azumarill, L82, F|298/298|[from] Volt Switch\n|\n|upkeep\n|turn|26\n|\n|t:|1733843671\n|move|p2a: Azumarill|Aqua Jet|p1a: Oricorio\n|-damage|p1a: Oricorio|0 fnt\n|faint|p1a: Oricorio\n|\n|upkeep\n|\n|t:|1733843676\n|switch|p1a: Comfey|Comfey, L85, F, tera:Steel|136/225\n|turn|27\n|\n|t:|1733843682\n|switch|p2a: Skarmory|Skarmory, L80, M|188/235\n|move|p1a: Comfey|Calm Mind|p1a: Comfey\n|-boost|p1a: Comfey|spa|1\n|-boost|p1a: Comfey|spd|1\n|\n|-heal|p1a: Comfey|150/225|[from] item: Leftovers\n|-heal|p2a: Skarmory|202/235|[from] item: Leftovers\n|upkeep\n|turn|28\n|inactive|IUXDay&Knight247 has 120 seconds left.\n|\n|t:|1733843704\n|switch|p1a: Rampardos|Rampardos, L90, F|321/321\n|move|p2a: Skarmory|Iron Defense|p2a: Skarmory\n|-boost|p2a: Skarmory|def|2\n|\n|-heal|p2a: Skarmory|216/235|[from] item: Leftovers\n|upkeep\n|turn|29\n|\n|t:|1733843714\n|move|p2a: Skarmory|Body Press|p1a: Rampardos\n|-supereffective|p1a: Rampardos\n|-damage|p1a: Rampardos|0 fnt\n|faint|p1a: Rampardos\n|\n|-heal|p2a: Skarmory|230/235|[from] item: Leftovers\n|upkeep\n|\n|t:|1733843722\n|switch|p1a: Comfey|Comfey, L85, F, tera:Steel|150/225\n|turn|30\n|c|\u2606IUXDay&Knight247|Gg\n|\n|t:|1733843736\n|move|p1a: Comfey|Calm Mind|p1a: Comfey\n|-boost|p1a: Comfey|spa|1\n|-boost|p1a: Comfey|spd|1\n|move|p2a: Skarmory|Body Press|p1a: Comfey\n|-supereffective|p1a: Comfey\n|-damage|p1a: Comfey|0 fnt\n|faint|p1a: Comfey\n|\n|win|IUXDay&Knight247\n|raw|Mushroom190's rating: 1367 &rarr; <strong>1347</strong><br />(-20 for losing)\n|raw|IUXDay&amp;Knight247's rating: 1362 &rarr; <strong>1382</strong><br />(+20 for winning)\n|l|\u2606Mushroom190\n|player|p1|\n", "inputlog": ">version bfd83cad13791eb5a5a409923076391caf6fb4d4\n>start {\"formatid\":\"gen9randombattle\",\"seed\":[51172,44117,22833,17661],\"rated\":\"Rated battle\"}\n>player p1 {\"name\":\"Mushroom190\",\"avatar\":\"170\",\"rating\":1367,\"seed\":[10318,22924,57252,45854]}\n>player p2 {\"name\":\"IUXDay&Knight247\",\"avatar\":\"pryce\",\"rating\":1362,\"seed\":[33104,61481,58332,58198]}\n>chat \u2606IUXDay&Knight247|Good luck and have fun\n>p1 move calmmind\n>p2 switch 4\n>p1 move focusblast\n>p2 move darkpulse\n>p1 move focusblast\n>p2 move darkpulse\n>p1 move focusblast\n>p2 move darkpulse\n>p1 switch 6\n>p1 move fakeout\n>p2 switch 5\n>p1 switch 5\n>p2 switch 2\n>p1 move stoneedge\n>p2 move coil\n>p1 move stoneedge\n>p2 move bodypress\n>p1 move wildcharge\n>p2 move coil\n>p1 move wildcharge\n>p2 move coil\n>p1 move wildcharge\n>p2 move rest\n>p1 move wildcharge\n>p2 move bodypress\n>p1 switch 5\n>p1 move fakeout\n>p2 move irontail\n>p1 move surf\n>p2 move irontail\n>p1 move surf\n>p2 switch 6\n>p1 move voltswitch\n>p2 move rapidspin\n>p1 switch 3\n>p1 move calmmind\n>p2 switch 6\n>p1 move gigadrain\n>p2 move irontail\n>p1 move gigadrain\n>p2 move irontail\n>p2 switch 5\n>p1 move drainingkiss terastallize\n>p2 move gunkshot terastallize\n>p1 move calmmind\n>p2 switch 3\n>p1 move storedpower\n>p2 move irondefense\n>p1 switch 4\n>p2 move bodypress\n>p1 move quiverdance\n>p2 switch 2\n>p1 move hurricane\n>p2 move voltswitch\n>p2 switch 4\n>p1 move roost\n>p2 move aquajet\n>p1 switch 4\n>p1 move calmmind\n>p2 switch 2\n>p1 switch 2\n>p2 move irondefense\n>p1 move firepunch\n>p2 move bodypress\n>p1 switch 2\n>chat \u2606IUXDay&Knight247|Gg\n>p1 move calmmind\n>p2 move bodypress", "uploadtime": 1733843750, "views": 5, "formatid": "gen9randombattle", "rating": 1347, "private": 0, "password": null}