{"id": "gen9randombattle-2243740007", "format": "[Gen 9] Random Battle", "players": ["dcenoris", "Drop a nickname"], "log": "|badge|p1|bronze|gen9randombattle|100-3\n|uhtml|medal-msg|<div class=\"broadcast-blue\">Curious what those medals under the avatar are? PS now has Ladder Seasons! For more information, check out the <a href=\"https://www.smogon.com/forums/threads/3740067/\">thread on Smogon.</a></div>\n|badge|p2|bronze|gen9randombattle|100-3\n|uhtml|medal-msg|<div class=\"broadcast-blue\">Curious what those medals under the avatar are? PS now has Ladder Seasons! For more information, check out the <a href=\"https://www.smogon.com/forums/threads/3740067/\">thread on Smogon.</a></div>\n|j|\u2606dcenoris\n|j|\u2606Drop a nickname\n|t:|1731594354\n|gametype|singles\n|player|p1|dcenoris|lucas|2350\n|player|p2|Drop a nickname|266|2308\n|teamsize|p1|6\n|teamsize|p2|6\n|gen|9\n|tier|[Gen 9] Random Battle\n|rated|\n|rule|Species Clause: Limit one of each Pok\u00e9mon\n|rule|HP Percentage Mod: HP is shown in percentages\n|rule|Sleep Clause Mod: Limit one foe put to sleep\n|rule|Illusion Level Mod: Illusion disguises the Pok\u00e9mon's true level\n|\n|t:|1731594354\n|start\n|switch|p1a: Lycanroc|Lycanroc-Dusk, L80, M|251/251\n|switch|p2a: Giratina|Giratina, L75|349/349\n|-ability|p2a: Giratina|Pressure\n|turn|1\n|\n|t:|1731594360\n|switch|p1a: Ribombee|Ribombee, L82, F|233/233\n|move|p2a: Giratina|Will-O-Wisp|p1a: Ribombee\n|-status|p1a: Ribombee|brn\n|\n|-damage|p1a: Ribombee|219/233 brn|[from] brn\n|upkeep\n|turn|2\n|\n|t:|1731594364\n|switch|p2a: Scizor|Scizor, L79, M|240/240\n|move|p1a: Ribombee|Sticky Web|p2a: Scizor\n|-sidestart|p2: Drop a nickname|move: Sticky Web\n|\n|-damage|p1a: Ribombee|205/233 brn|[from] brn\n|upkeep\n|turn|3\n|inactive|Battle timer is ON: inactive players will automatically lose when time's up. (requested by Drop a nickname)\n|\n|t:|1731594368\n|move|p1a: Ribombee|Stun Spore|p2a: Scizor\n|-status|p2a: Scizor|par\n|move|p2a: Scizor|Defog|p1a: Ribombee\n|-unboost|p1a: Ribombee|evasion|1\n|-sideend|p2: Drop a nickname|Sticky Web|[from] move: Defog|[of] p2a: Scizor\n|\n|-damage|p1a: Ribombee|191/233 brn|[from] brn\n|upkeep\n|turn|4\n|\n|t:|1731594373\n|switch|p1a: Noctowl|Noctowl, L95, M|344/344\n|cant|p2a: Scizor|par\n|\n|upkeep\n|turn|5\n|\n|t:|1731594374\n|move|p1a: Noctowl|Hurricane|p2a: Scizor\n|-damage|p2a: Scizor|77/240 par\n|move|p2a: Scizor|Knock Off|p1a: Noctowl\n|-damage|p1a: Noctowl|235/344\n|-enditem|p1a: Noctowl|Heavy-Duty Boots|[from] move: Knock Off|[of] p2a: Scizor\n|\n|-heal|p2a: Scizor|92/240 par|[from] item: Leftovers\n|upkeep\n|turn|6\n|\n|t:|1731594381\n|switch|p2a: Groudon|Groudon, L72|263/263\n|-weather|SunnyDay|[from] ability: Drought|[of] p2a: Groudon\n|move|p1a: Noctowl|Roost|p1a: Noctowl\n|-heal|p1a: Noctowl|344/344\n|-singleturn|p1a: Noctowl|move: Roost\n|\n|-weather|SunnyDay|[upkeep]\n|upkeep\n|turn|7\n|\n|t:|1731594388\n|move|p1a: Noctowl|Calm Mind|p1a: Noctowl\n|-boost|p1a: Noctowl|spa|1\n|-boost|p1a: Noctowl|spd|1\n|move|p2a: Groudon|Swords Dance|p2a: Groudon\n|-boost|p2a: Groudon|atk|2\n|\n|-weather|SunnyDay|[upkeep]\n|upkeep\n|turn|8\n|\n|t:|1731594391\n|move|p1a: Noctowl|Hyper Voice|p2a: Groudon\n|-damage|p2a: Groudon|76/263\n|move|p2a: Groudon|Stone Edge|p1a: Noctowl\n|-supereffective|p1a: Noctowl\n|-damage|p1a: Noctowl|0 fnt\n|faint|p1a: Noctowl\n|\n|-weather|SunnyDay|[upkeep]\n|-heal|p2a: Groudon|92/263|[from] item: Leftovers\n|upkeep\n|\n|t:|1731594397\n|switch|p1a: Lycanroc|Lycanroc-Dusk, L80, M|251/251\n|turn|9\n|\n|t:|1731594402\n|move|p1a: Lycanroc|Psychic Fangs|p2a: Groudon\n|-damage|p2a: Groudon|0 fnt\n|faint|p2a: Groudon\n|\n|-weather|SunnyDay|[upkeep]\n|upkeep\n|\n|t:|1731594407\n|switch|p2a: Heatran|Heatran, L79, M|273/273\n|-item|p2a: Heatran|Air Balloon\n|turn|10\n|\n|t:|1731594413\n|switch|p1a: Tyranitar|Tyranitar, L79, F|288/288\n|-weather|Sandstorm|[from] ability: Sand Stream|[of] p1a: Tyranitar\n|move|p2a: Heatran|Lava Plume|p1a: Tyranitar\n|-resisted|p1a: Tyranitar\n|-damage|p1a: Tyranitar|258/288\n|\n|-weather|Sandstorm|[upkeep]\n|-heal|p1a: Tyranitar|276/288|[from] item: Leftovers\n|upkeep\n|turn|11\n|\n|t:|1731594416\n|move|p2a: Heatran|Stealth Rock|p1a: Tyranitar\n|-sidestart|p1: dcenoris|move: Stealth Rock\n|move|p1a: Tyranitar|Knock Off|p2a: Heatran\n|-damage|p2a: Heatran|173/273\n|-enditem|p2a: Heatran|Air Balloon\n|\n|-weather|Sandstorm|[upkeep]\n|-heal|p1a: Tyranitar|288/288|[from] item: Leftovers\n|upkeep\n|turn|12\n|\n|t:|1731594428\n|move|p2a: Heatran|Heavy Slam|p1a: Tyranitar\n|-supereffective|p1a: Tyranitar\n|-damage|p1a: Tyranitar|190/288\n|move|p1a: Tyranitar|Stone Edge|p2a: Heatran|[miss]\n|-miss|p1a: Tyranitar|p2a: Heatran\n|\n|-weather|Sandstorm|[upkeep]\n|-heal|p1a: Tyranitar|208/288|[from] item: Leftovers\n|upkeep\n|turn|13\n|\n|t:|1731594432\n|move|p2a: Heatran|Earth Power|p1a: Tyranitar\n|-supereffective|p1a: Tyranitar\n|-damage|p1a: Tyranitar|120/288\n|move|p1a: Tyranitar|Thunder Wave|p2a: Heatran\n|-status|p2a: Heatran|par\n|\n|-weather|Sandstorm|[upkeep]\n|-heal|p1a: Tyranitar|138/288|[from] item: Leftovers\n|upkeep\n|turn|14\n|\n|t:|1731594441\n|switch|p2a: Scizor|Scizor, L79, M|92/240 par\n|move|p1a: Tyranitar|Stone Edge|p2a: Scizor|[miss]\n|-miss|p1a: Tyranitar|p2a: Scizor\n|\n|-weather|none\n|-heal|p1a: Tyranitar|156/288|[from] item: Leftovers\n|-heal|p2a: Scizor|107/240 par|[from] item: Leftovers\n|upkeep\n|turn|15\n|\n|t:|1731594445\n|move|p2a: Scizor|Bullet Punch|p1a: Tyranitar\n|-supereffective|p1a: Tyranitar\n|-damage|p1a: Tyranitar|22/288\n|move|p1a: Tyranitar|Stone Edge|p2a: Scizor\n|-damage|p2a: Scizor|0 fnt\n|faint|p2a: Scizor\n|\n|-heal|p1a: Tyranitar|40/288|[from] item: Leftovers\n|upkeep\n|\n|t:|1731594449\n|switch|p2a: Giratina|Giratina, L75|349/349\n|-ability|p2a: Giratina|Pressure\n|turn|16\n|\n|t:|1731594467\n|switch|p1a: Ribombee|Ribombee, L82, F|191/233 brn\n|move|p2a: Giratina|Shadow Ball|p1a: Ribombee\n|-crit|p1a: Ribombee\n|-damage|p1a: Ribombee|68/233 brn\n|\n|-damage|p1a: Ribombee|54/233 brn|[from] brn\n|upkeep\n|turn|17\n|\n|t:|1731594471\n|move|p1a: Ribombee|Moonblast|p2a: Giratina\n|-supereffective|p2a: Giratina\n|-damage|p2a: Giratina|181/349\n|move|p2a: Giratina|Shadow Ball|p1a: Ribombee\n|-damage|p1a: Ribombee|0 fnt\n|faint|p1a: Ribombee\n|\n|-heal|p2a: Giratina|202/349|[from] item: Leftovers\n|upkeep\n|\n|t:|1731594474\n|switch|p1a: Cinccino|Cinccino, L83, M|260/260\n|-damage|p1a: Cinccino|228/260|[from] Stealth Rock\n|turn|18\n|\n|t:|1731594480\n|move|p1a: Cinccino|Tail Slap|p2a: Giratina\n|-immune|p2a: Giratina\n|move|p2a: Giratina|Will-O-Wisp|p1a: Cinccino\n|-status|p1a: Cinccino|brn\n|\n|-heal|p2a: Giratina|223/349|[from] item: Leftovers\n|-damage|p1a: Cinccino|212/260 brn|[from] brn\n|upkeep\n|turn|19\n|\n|t:|1731594484\n|switch|p2a: Heatran|Heatran, L79, M|173/273 par\n|move|p1a: Cinccino|Tidy Up|p1a: Cinccino\n|-sideend|p1: dcenoris|Stealth Rock\n|-activate|p1a: Cinccino|move: Tidy Up\n|-boost|p1a: Cinccino|atk|1\n|-boost|p1a: Cinccino|spe|1\n|\n|-damage|p1a: Cinccino|196/260 brn|[from] brn\n|upkeep\n|turn|20\n|\n|t:|1731594487\n|move|p1a: Cinccino|Tail Slap|p2a: Heatran\n|-resisted|p2a: Heatran\n|-damage|p2a: Heatran|161/273 par\n|-resisted|p2a: Heatran\n|-damage|p2a: Heatran|148/273 par\n|-resisted|p2a: Heatran\n|-damage|p2a: Heatran|136/273 par\n|-resisted|p2a: Heatran\n|-damage|p2a: Heatran|124/273 par\n|-hitcount|p2a: Heatran|4\n|cant|p2a: Heatran|par\n|\n|-damage|p1a: Cinccino|180/260 brn|[from] brn\n|upkeep\n|turn|21\n|\n|t:|1731594492\n|move|p1a: Cinccino|Tail Slap|p2a: Heatran|[miss]\n|-miss|p1a: Cinccino|p2a: Heatran\n|move|p2a: Heatran|Heavy Slam|p1a: Cinccino\n|-damage|p1a: Cinccino|47/260 brn\n|\n|-damage|p1a: Cinccino|31/260 brn|[from] brn\n|upkeep\n|turn|22\n|\n|t:|1731594495\n|move|p1a: Cinccino|Tail Slap|p2a: Heatran\n|-resisted|p2a: Heatran\n|-damage|p2a: Heatran|111/273 par\n|-resisted|p2a: Heatran\n|-damage|p2a: Heatran|99/273 par\n|-resisted|p2a: Heatran\n|-damage|p2a: Heatran|87/273 par\n|-resisted|p2a: Heatran\n|-damage|p2a: Heatran|74/273 par\n|-hitcount|p2a: Heatran|4\n|move|p2a: Heatran|Stealth Rock|p1a: Cinccino\n|-sidestart|p1: dcenoris|move: Stealth Rock\n|\n|-damage|p1a: Cinccino|15/260 brn|[from] brn\n|upkeep\n|turn|23\n|\n|t:|1731594498\n|move|p1a: Cinccino|Tidy Up|p1a: Cinccino\n|-sideend|p1: dcenoris|Stealth Rock\n|-activate|p1a: Cinccino|move: Tidy Up\n|-boost|p1a: Cinccino|atk|1\n|-boost|p1a: Cinccino|spe|1\n|move|p2a: Heatran|Stealth Rock|p1a: Cinccino\n|-sidestart|p1: dcenoris|move: Stealth Rock\n|\n|-damage|p1a: Cinccino|0 fnt|[from] brn\n|faint|p1a: Cinccino\n|upkeep\n|c|\u2606dcenoris|How can someone be this lucky and bad\n|\n|t:|1731594506\n|switch|p1a: Lycanroc|Lycanroc-Dusk, L80, M|251/251\n|-damage|p1a: Lycanroc|220/251|[from] Stealth Rock\n|turn|24\n|\n|t:|1731594520\n|move|p1a: Lycanroc|Stone Edge|p2a: Heatran\n|-damage|p2a: Heatran|0 fnt\n|faint|p2a: Heatran\n|\n|upkeep\n|\n|t:|1731594530\n|switch|p2a: Baxcalibur|Baxcalibur, L75, M|296/296\n|turn|25\n|\n|t:|1731594533\n|-terastallize|p2a: Baxcalibur|Ground\n|move|p1a: Lycanroc|Stone Edge|p2a: Baxcalibur\n|-resisted|p2a: Baxcalibur\n|-damage|p2a: Baxcalibur|209/296\n|move|p2a: Baxcalibur|Dragon Dance|p2a: Baxcalibur\n|-boost|p2a: Baxcalibur|atk|1\n|-boost|p2a: Baxcalibur|spe|1\n|\n|upkeep\n|turn|26\n|\n|t:|1731594541\n|switch|p1a: Tyranitar|Tyranitar, L79, F|40/288\n|-damage|p1a: Tyranitar|4/288|[from] Stealth Rock\n|-weather|Sandstorm|[from] ability: Sand Stream|[of] p1a: Tyranitar\n|move|p2a: Baxcalibur|Dragon Dance|p2a: Baxcalibur\n|-boost|p2a: Baxcalibur|atk|1\n|-boost|p2a: Baxcalibur|spe|1\n|\n|-weather|Sandstorm|[upkeep]\n|-heal|p1a: Tyranitar|22/288|[from] item: Leftovers\n|upkeep\n|turn|27\n|-message|dcenoris forfeited.\n|\n|win|Drop a nickname\n|raw|dcenoris's rating: 2350 &rarr; <strong>2328</strong><br />(-22 for losing)\n|raw|Drop a nickname's rating: 2308 &rarr; <strong>2330</strong><br />(+22 for winning)\n|l|\u2606dcenoris\n|player|p1|\n|l|\u2606Drop a nickname\n|player|p2|\n", "inputlog": ">version 48604a2341c6e7bec58958c0f00ddbd3a745b6d0\n>start {\"formatid\":\"gen9randombattle\",\"seed\":[5839,14654,59153,40068],\"rated\":\"Rated battle\"}\n>player p1 {\"name\":\"dcenoris\",\"avatar\":\"lucas\",\"rating\":2350,\"seed\":[53565,24332,17354,63735]}\n>player p2 {\"name\":\"Drop a nickname\",\"avatar\":\"266\",\"rating\":2308,\"seed\":[36510,49754,881,21033]}\n>p1 switch 5\n>p2 move willowisp\n>p1 move stickyweb\n>p2 switch 5\n>p1 move stunspore\n>p2 move defog\n>p1 switch 4\n>p2 move bulletpunch\n>p1 move hurricane\n>p2 move knockoff\n>p1 move roost\n>p2 switch 4\n>p1 move calmmind\n>p2 move swordsdance\n>p1 move hypervoice\n>p2 move stoneedge\n>p1 switch 5\n>p1 move psychicfangs\n>p2 move precipiceblades\n>p2 switch 6\n>p1 switch 3\n>p2 move lavaplume\n>p1 move knockoff\n>p2 move stealthrock\n>p1 move stoneedge\n>p2 move heavyslam\n>p1 move thunderwave\n>p2 move earthpower\n>p1 move stoneedge\n>p2 switch 4\n>p1 move stoneedge\n>p2 move bulletpunch\n>p2 switch 5\n>p1 switch 4\n>p2 move shadowball\n>p1 move moonblast\n>p2 move shadowball\n>p1 switch 2\n>p1 move tailslap\n>p2 move willowisp\n>p1 move tidyup\n>p2 switch 4\n>p1 move tailslap\n>p2 move heavyslam\n>p1 move tailslap\n>p2 move heavyslam\n>p1 move tailslap\n>p2 move stealthrock\n>p1 move tidyup\n>p2 move stealthrock\n>chat \u2606dcenoris|How can someone be this lucky and bad  \n>p1 switch 3\n>p1 move stoneedge\n>p2 move heavyslam\n>p2 switch 3\n>p1 move stoneedge\n>p2 move dragondance terastallize\n>p1 switch 4\n>p2 move dragondance\n>forcelose p1", "uploadtime": 1731594659, "views": 29, "formatid": "gen9randombattle", "rating": 2328, "private": 0, "password": null}