{"id": "gen9randombattle-2260101894", "format": "[Gen 9] Random Battle", "players": ["SirGaglor", "ManxCobb"], "log": "|j|\u2606SirGaglor\n|j|\u2606ManxCobb\n|t:|1733802662\n|gametype|singles\n|player|p1|SirGaglor|101|1307\n|player|p2|ManxCobb|backersf|1313\n|teamsize|p1|6\n|teamsize|p2|6\n|gen|9\n|tier|[Gen 9] Random Battle\n|rated|\n|rule|Species Clause: Limit one of each Pok\u00e9mon\n|rule|HP Percentage Mod: HP is shown in percentages\n|rule|Sleep Clause Mod: Limit one foe put to sleep\n|rule|Illusion Level Mod: Illusion disguises the Pok\u00e9mon's true level\n|\n|t:|1733802662\n|start\n|switch|p1a: Toucannon|Toucannon, L88, M|284/284\n|switch|p2a: Cramorant|Cramorant, L86, M|261/261\n|turn|1\n|\n|t:|1733802676\n|move|p2a: Cramorant|Surf|p1a: Toucannon\n|-formechange|p2a: Cramorant|Cramorant-Gulping|\n|-damage|p1a: Toucannon|178/284\n|move|p1a: Toucannon|Bullet Seed|p2a: Cramorant\n|-damage|p2a: Cramorant|229/261\n|-damage|p1a: Toucannon|107/284|[from] ability: Gulp Missile|[of] p2a: Cramorant\n|-unboost|p1a: Toucannon|def|1\n|-formechange|p2a: Cramorant|Cramorant|\n|-damage|p2a: Cramorant|196/261\n|-damage|p2a: Cramorant|166/261\n|-damage|p2a: Cramorant|134/261\n|-damage|p2a: Cramorant|99/261\n|-hitcount|p2a: Cramorant|5\n|\n|upkeep\n|turn|2\n|\n|t:|1733802702\n|switch|p1a: Zangoose|Zangoose, L85, F|263/263\n|move|p2a: Cramorant|Brave Bird|p1a: Zangoose\n|-damage|p1a: Zangoose|115/263\n|-damage|p2a: Cramorant|50/261|[from] Recoil\n|\n|-status|p1a: Zangoose|tox|[from] item: Toxic Orb\n|upkeep\n|turn|3\n|c|\u2606ManxCobb|GLHF\n|c|\u2606ManxCobb|PLEASE\n|c|\u2606ManxCobb|DONT\n|c|\u2606ManxCobb|LAG\n|c|\u2606SirGaglor|lag?\n|\n|t:|1733802717\n|move|p1a: Zangoose|Facade|p2a: Cramorant\n|-damage|p2a: Cramorant|0 fnt\n|faint|p2a: Cramorant\n|\n|-damage|p1a: Zangoose|99/263 tox|[from] psn\n|upkeep\n|\n|t:|1733802730\n|switch|p2a: Lucario|Lucario, L84, M|255/255\n|turn|4\n|\n|t:|1733802747\n|switch|p1a: Virizion|Virizion, L82|283/283\n|switch|p2a: Rabsca|Rabsca, L91, M|284/284\n|\n|upkeep\n|turn|5\n|\n|t:|1733802760\n|-terastallize|p1a: Virizion|Rock\n|move|p1a: Virizion|Swords Dance|p1a: Virizion\n|-boost|p1a: Virizion|atk|2\n|move|p2a: Rabsca|Trick Room|p2a: Rabsca\n|-fieldstart|move: Trick Room|[of] p2a: Rabsca\n|\n|upkeep\n|turn|6\n|\n|t:|1733802779\n|move|p2a: Rabsca|Psychic|p1a: Virizion\n|-damage|p1a: Virizion|184/283\n|move|p1a: Virizion|Stone Edge|p2a: Rabsca\n|-supereffective|p2a: Rabsca\n|-damage|p2a: Rabsca|0 fnt\n|faint|p2a: Rabsca\n|-damage|p1a: Virizion|156/283|[from] item: Life Orb\n|\n|upkeep\n|\n|t:|1733802784\n|switch|p2a: Bellibolt|Bellibolt, L84, F|320/320\n|turn|7\n|\n|t:|1733802790\n|move|p2a: Bellibolt|Muddy Water|p1a: Virizion\n|-supereffective|p1a: Virizion\n|-damage|p1a: Virizion|50/283\n|-unboost|p1a: Virizion|accuracy|1\n|move|p1a: Virizion|Leaf Blade|p2a: Bellibolt|[miss]\n|-miss|p1a: Virizion|p2a: Bellibolt\n|\n|upkeep\n|turn|8\n|\n|t:|1733802799\n|move|p2a: Bellibolt|Muddy Water|p1a: Virizion\n|-supereffective|p1a: Virizion\n|-damage|p1a: Virizion|0 fnt\n|faint|p1a: Virizion\n|\n|upkeep\n|\n|t:|1733802809\n|switch|p1a: Toucannon|Toucannon, L88, M|107/284\n|turn|9\n|\n|t:|1733802815\n|move|p2a: Bellibolt|Thunderbolt|p1a: Toucannon\n|-supereffective|p1a: Toucannon\n|-damage|p1a: Toucannon|0 fnt\n|faint|p1a: Toucannon\n|\n|-fieldend|move: Trick Room\n|upkeep\n|\n|t:|1733802820\n|switch|p1a: Houndoom|Houndoom, L87, F|272/272\n|turn|10\n|\n|t:|1733802826\n|move|p1a: Houndoom|Nasty Plot|p1a: Houndoom\n|-boost|p1a: Houndoom|spa|2\n|move|p2a: Bellibolt|Toxic|p1a: Houndoom\n|-status|p1a: Houndoom|tox\n|\n|-damage|p1a: Houndoom|255/272 tox|[from] psn\n|upkeep\n|turn|11\n|\n|t:|1733802832\n|move|p1a: Houndoom|Dark Pulse|p2a: Bellibolt\n|-damage|p2a: Bellibolt|106/320\n|-start|p2a: Bellibolt|Charge|Dark Pulse|[from] ability: Electromorphosis\n|move|p2a: Bellibolt|Muddy Water|p1a: Houndoom\n|-supereffective|p1a: Houndoom\n|-damage|p1a: Houndoom|109/272 tox\n|\n|-heal|p2a: Bellibolt|126/320|[from] item: Leftovers\n|-damage|p1a: Houndoom|75/272 tox|[from] psn\n|upkeep\n|turn|12\n|\n|t:|1733802840\n|switch|p2a: Ting-Lu|Ting-Lu, L78|370/370\n|-ability|p2a: Ting-Lu|Vessel of Ruin\n|move|p1a: Houndoom|Dark Pulse|p2a: Ting-Lu\n|-resisted|p2a: Ting-Lu\n|-damage|p2a: Ting-Lu|283/370\n|\n|-heal|p2a: Ting-Lu|306/370|[from] item: Leftovers\n|-damage|p1a: Houndoom|24/272 tox|[from] psn\n|upkeep\n|turn|13\n|\n|t:|1733802852\n|switch|p2a: Bellibolt|Bellibolt, L84, F|126/320\n|move|p1a: Houndoom|Sludge Bomb|p2a: Bellibolt\n|-damage|p2a: Bellibolt|0 fnt\n|faint|p2a: Bellibolt\n|\n|-damage|p1a: Houndoom|0 fnt|[from] psn\n|faint|p1a: Houndoom\n|upkeep\n|\n|t:|1733802858\n|switch|p1a: Pawmot|Pawmot, L80, M|243/243\n|switch|p2a: Lucario|Lucario, L84, M|255/255\n|turn|14\n|\n|t:|1733802870\n|move|p1a: Pawmot|Revival Blessing|p1a: Pawmot\n|\n|t:|1733802876\n|-heal|p1: Virizion|141/283|[from] move: Revival Blessing\n|move|p2a: Lucario|Meteor Mash|p1a: Pawmot|[miss]\n|-miss|p2a: Lucario|p1a: Pawmot\n|\n|upkeep\n|turn|15\n|\n|t:|1733802890\n|move|p1a: Pawmot|Double Shock|p2a: Lucario\n|-damage|p2a: Lucario|37/255\n|-start|p1a: Pawmot|typechange|???/Fighting|[from] move: Double Shock\n|-damage|p1a: Pawmot|219/243|[from] item: Life Orb\n|move|p2a: Lucario|Swords Dance|p2a: Lucario\n|-boost|p2a: Lucario|atk|2\n|\n|upkeep\n|turn|16\n|\n|t:|1733802897\n|move|p2a: Lucario|Extreme Speed|p1a: Pawmot\n|-damage|p1a: Pawmot|23/243\n|-damage|p2a: Lucario|12/255|[from] item: Life Orb\n|move|p1a: Pawmot|Double Shock||[still]\n|-fail|p1a: Pawmot|move: Double Shock\n|\n|upkeep\n|turn|17\n|\n|t:|1733802904\n|move|p2a: Lucario|Extreme Speed|p1a: Pawmot\n|-damage|p1a: Pawmot|0 fnt\n|faint|p1a: Pawmot\n|-damage|p2a: Lucario|0 fnt|[from] item: Life Orb\n|faint|p2a: Lucario\n|\n|upkeep\n|\n|t:|1733802910\n|switch|p1a: Zangoose|Zangoose, L85, F|99/263 tox\n|switch|p2a: Ting-Lu|Ting-Lu, L78|306/370\n|-ability|p2a: Ting-Lu|Vessel of Ruin\n|turn|18\n|\n|t:|1733802924\n|-terastallize|p2a: Ting-Lu|Poison\n|move|p1a: Zangoose|Facade|p2a: Ting-Lu\n|-damage|p2a: Ting-Lu|93/370\n|move|p2a: Ting-Lu|Earthquake|p1a: Zangoose\n|-damage|p1a: Zangoose|0 fnt\n|faint|p1a: Zangoose\n|\n|-heal|p2a: Ting-Lu|116/370|[from] item: Leftovers\n|upkeep\n|\n|t:|1733802931\n|switch|p1a: Tyranitar|Tyranitar, L79, M|288/288\n|-weather|Sandstorm|[from] ability: Sand Stream|[of] p1a: Tyranitar\n|turn|19\n|\n|t:|1733802941\n|move|p1a: Tyranitar|Knock Off|p2a: Ting-Lu\n|-damage|p2a: Ting-Lu|22/370\n|-enditem|p2a: Ting-Lu|Leftovers|[from] move: Knock Off|[of] p1a: Tyranitar\n|move|p2a: Ting-Lu|Earthquake|p1a: Tyranitar\n|-supereffective|p1a: Tyranitar\n|-damage|p1a: Tyranitar|96/288\n|\n|-weather|Sandstorm|[upkeep]\n|-damage|p2a: Ting-Lu|0 fnt|[from] Sandstorm\n|faint|p2a: Ting-Lu\n|-heal|p1a: Tyranitar|114/288|[from] item: Leftovers\n|upkeep\n|\n|t:|1733802946\n|switch|p2a: Yanmega|Yanmega, L82, F|275/275\n|turn|20\n|\n|t:|1733802954\n|move|p2a: Yanmega|Bug Buzz|p1a: Tyranitar\n|-supereffective|p1a: Tyranitar\n|-damage|p1a: Tyranitar|0 fnt\n|faint|p1a: Tyranitar\n|\n|-weather|Sandstorm|[upkeep]\n|-damage|p2a: Yanmega|258/275|[from] Sandstorm\n|-ability|p2a: Yanmega|Speed Boost|boost\n|-boost|p2a: Yanmega|spe|1\n|upkeep\n|\n|t:|1733802957\n|switch|p1a: Virizion|Virizion, L82|141/283\n|turn|21\n|\n|t:|1733802961\n|move|p2a: Yanmega|Air Slash|p1a: Virizion\n|-supereffective|p1a: Virizion\n|-damage|p1a: Virizion|0 fnt\n|faint|p1a: Virizion\n|\n|win|ManxCobb\n|raw|SirGaglor's rating: 1307 &rarr; <strong>1287</strong><br />(-20 for losing)\n|raw|ManxCobb's rating: 1313 &rarr; <strong>1333</strong><br />(+20 for winning)\n|l|\u2606SirGaglor\n|player|p1|\n", "inputlog": ">version bfd83cad13791eb5a5a409923076391caf6fb4d4\n>start {\"formatid\":\"gen9randombattle\",\"seed\":[11039,32401,53942,3086],\"rated\":\"Rated battle\"}\n>player p1 {\"name\":\"SirGaglor\",\"avatar\":\"101\",\"rating\":1307,\"seed\":[28027,34374,12441,800]}\n>player p2 {\"name\":\"ManxCobb\",\"avatar\":\"backersf\",\"rating\":1313,\"seed\":[18402,50027,26372,55142]}\n>p1 move bulletseed\n>p2 move surf\n>p1 switch 4\n>p2 move bravebird\n>chat \u2606ManxCobb|GLHF\n>chat \u2606ManxCobb|PLEASE\n>chat \u2606ManxCobb|DONT\n>chat \u2606ManxCobb|LAG\n>chat \u2606SirGaglor|lag?\n>p1 move facade\n>p2 move roost\n>p2 switch 4\n>p1 switch 6\n>p2 switch 3\n>p1 move swordsdance terastallize\n>p2 move trickroom\n>p1 move stoneedge\n>p2 move psychic\n>p2 switch 2\n>p1 move leafblade\n>p2 move muddywater\n>p1 move leafblade\n>p2 move muddywater\n>p1 switch 4\n>p1 move roost\n>p2 move thunderbolt\n>p1 switch 2\n>p1 move nastyplot\n>p2 move toxic\n>p1 move darkpulse\n>p2 move muddywater\n>p1 move darkpulse\n>p2 switch 6\n>p1 move sludgebomb\n>p2 switch 6\n>p1 switch 5\n>p2 switch 3\n>p1 move revivalblessing\n>p2 move meteormash\n>p1 switch 4\n>p1 move doubleshock\n>p2 move swordsdance\n>p1 move doubleshock\n>p2 move extremespeed\n>p1 move closecombat\n>p2 move extremespeed\n>p1 switch 6\n>p2 switch 6\n>p1 move facade\n>p2 move earthquake terastallize\n>p1 switch 3\n>p1 move knockoff\n>p2 move earthquake\n>p2 switch 5\n>p1 move thunderwave\n>p2 move bugbuzz\n>p1 switch 4\n>p1 move stoneedge\n>p2 move airslash", "uploadtime": 1733802985, "views": 37, "formatid": "gen9randombattle", "rating": 1287, "private": 0, "password": null}