{"id": "gen9randombattle-2215498786", "format": "[Gen 9] Random Battle", "players": ["RL4T IV$", "xox11108"], "log": "|raw|<div class=\"broadcast-blue\"><strong>This battle is required to be public due to a player having a name starting with 'rl4t'.</div>\n|j|\u2606RL4T IV$\n|j|\u2606xox11108\n|t:|1728009354\n|gametype|singles\n|player|p1|RL4T IV$|unknown|2239\n|player|p2|xox11108|hilbert|2198\n|teamsize|p1|6\n|teamsize|p2|6\n|gen|9\n|tier|[Gen 9] Random Battle\n|rated|\n|rule|Species Clause: Limit one of each Pok\u00e9mon\n|rule|HP Percentage Mod: HP is shown in percentages\n|rule|Sleep Clause Mod: Limit one foe put to sleep\n|rule|Illusion Level Mod: Illusion disguises the Pok\u00e9mon's true level\n|\n|t:|1728009354\n|start\n|switch|p1a: Chandelure|Chandelure, L83, M|235/235\n|switch|p2a: Heatran|Heatran, L79, F|273/273\n|-item|p2a: Heatran|Air Balloon\n|turn|1\n|inactive|Battle timer is ON: inactive players will automatically lose when time's up. (requested by xox11108)\n|inactive|RL4T IV$ also wants the timer to be on.\n|inactive|RL4T IV$ has 120 seconds left.\n|\n|t:|1728009386\n|move|p1a: Chandelure|Shadow Ball|p2a: Heatran\n|-damage|p2a: Heatran|171/273\n|-unboost|p2a: Heatran|spd|1\n|-enditem|p2a: Heatran|Air Balloon\n|move|p2a: Heatran|Earth Power|p1a: Chandelure\n|-supereffective|p1a: Chandelure\n|-damage|p1a: Chandelure|83/235\n|\n|upkeep\n|turn|2\n|\n|t:|1728009396\n|switch|p2a: Cyclizar|Cyclizar, L83, M|252/252\n|move|p1a: Chandelure|Shadow Ball|p2a: Cyclizar\n|-immune|p2a: Cyclizar\n|\n|upkeep\n|turn|3\n|\n|t:|1728009405\n|switch|p1a: Staraptor|Staraptor, L79, F|263/263\n|move|p2a: Cyclizar|Shed Tail|p2a: Cyclizar\n|-start|p2a: Cyclizar|Substitute|[from] move: Shed Tail\n|-damage|p2a: Cyclizar|126/252\n|\n|t:|1728009407\n|switch|p2a: Heatran|Heatran, L79, F|171/273|[from] Shed Tail\n|\n|upkeep\n|turn|4\n|\n|t:|1728009410\n|move|p1a: Staraptor|Close Combat|p2a: Heatran\n|-supereffective|p2a: Heatran\n|-end|p2a: Heatran|Substitute\n|-unboost|p1a: Staraptor|def|1\n|-unboost|p1a: Staraptor|spd|1\n|move|p2a: Heatran|Stealth Rock|p1a: Staraptor\n|-sidestart|p1: RL4T IV$|move: Stealth Rock\n|\n|upkeep\n|turn|5\n|\n|t:|1728009420\n|switch|p1a: Chandelure|Chandelure, L83, M|83/235\n|-damage|p1a: Chandelure|25/235|[from] Stealth Rock\n|switch|p2a: Mimikyu|Mimikyu, L79, M|216/216\n|\n|upkeep\n|turn|6\n|\n|t:|1728009424\n|move|p2a: Mimikyu|Shadow Sneak|p1a: Chandelure\n|-supereffective|p1a: Chandelure\n|-damage|p1a: Chandelure|0 fnt\n|faint|p1a: Chandelure\n|-damage|p2a: Mimikyu|195/216|[from] item: Life Orb\n|\n|upkeep\n|\n|t:|1728009429\n|switch|p1a: Clodsire|Clodsire, L81, M|343/343\n|-damage|p1a: Clodsire|322/343|[from] Stealth Rock\n|turn|7\n|\n|t:|1728009437\n|switch|p2a: Manaphy|Manaphy, L78|284/284\n|move|p1a: Clodsire|Earthquake|p2a: Manaphy\n|-damage|p2a: Manaphy|200/284\n|\n|-heal|p2a: Manaphy|217/284|[from] item: Leftovers\n|-heal|p1a: Clodsire|343/343|[from] item: Leftovers\n|upkeep\n|turn|8\n|\n|t:|1728009445\n|switch|p1a: Staraptor|Staraptor, L79, F|263/263\n|-damage|p1a: Staraptor|198/263|[from] Stealth Rock\n|move|p2a: Manaphy|Hydro Pump|p1a: Staraptor\n|-damage|p1a: Staraptor|50/263\n|\n|-heal|p2a: Manaphy|234/284|[from] item: Leftovers\n|upkeep\n|turn|9\n|\n|t:|1728009460\n|move|p1a: Staraptor|Close Combat|p2a: Manaphy\n|-damage|p2a: Manaphy|149/284\n|-unboost|p1a: Staraptor|def|1\n|-unboost|p1a: Staraptor|spd|1\n|move|p2a: Manaphy|Ice Beam|p1a: Staraptor\n|-supereffective|p1a: Staraptor\n|-damage|p1a: Staraptor|0 fnt\n|faint|p1a: Staraptor\n|\n|-heal|p2a: Manaphy|166/284|[from] item: Leftovers\n|upkeep\n|\n|t:|1728009465\n|switch|p1a: Reuniclus|Reuniclus, L88, M|337/337\n|turn|10\n|\n|t:|1728009468\n|move|p2a: Manaphy|Tail Glow|p2a: Manaphy\n|-boost|p2a: Manaphy|spa|3\n|move|p1a: Reuniclus|Psyshock|p2a: Manaphy\n|-damage|p2a: Manaphy|9/284\n|\n|-heal|p2a: Manaphy|26/284|[from] item: Leftovers\n|upkeep\n|turn|11\n|\n|t:|1728009473\n|move|p2a: Manaphy|Hydro Pump|p1a: Reuniclus|[miss]\n|-miss|p2a: Manaphy|p1a: Reuniclus\n|move|p1a: Reuniclus|Shadow Ball|p2a: Manaphy\n|-crit|p2a: Manaphy\n|-damage|p2a: Manaphy|0 fnt\n|faint|p2a: Manaphy\n|\n|upkeep\n|\n|t:|1728009476\n|switch|p2a: Kricketune|Kricketune, L99, M|312/312\n|turn|12\n|\n|t:|1728009480\n|switch|p1a: Crabominable|Crabominable, L90, M|321/321\n|-damage|p1a: Crabominable|281/321|[from] Stealth Rock\n|move|p2a: Kricketune|Knock Off|p1a: Crabominable\n|-resisted|p1a: Crabominable\n|-damage|p1a: Crabominable|237/321\n|-enditem|p1a: Crabominable|Assault Vest|[from] move: Knock Off|[of] p2a: Kricketune\n|\n|upkeep\n|turn|13\n|\n|t:|1728009488\n|switch|p2a: Heatran|Heatran, L79, F|171/273\n|move|p1a: Crabominable|Ice Hammer|p2a: Heatran\n|-resisted|p2a: Heatran\n|-damage|p2a: Heatran|128/273\n|-unboost|p1a: Crabominable|spe|1\n|\n|upkeep\n|turn|14\n|\n|t:|1728009492\n|move|p2a: Heatran|Flash Cannon|p1a: Crabominable\n|-supereffective|p1a: Crabominable\n|-damage|p1a: Crabominable|21/321\n|move|p1a: Crabominable|Drain Punch|p2a: Heatran\n|-supereffective|p2a: Heatran\n|-damage|p2a: Heatran|0 fnt\n|-heal|p1a: Crabominable|85/321|[from] drain|[of] p2a: Heatran\n|faint|p2a: Heatran\n|\n|upkeep\n|\n|t:|1728009497\n|switch|p2a: Dialga|Dialga, L73|266/266\n|-ability|p2a: Dialga|Pressure\n|turn|15\n|\n|t:|1728009503\n|move|p2a: Dialga|Heavy Slam|p1a: Crabominable\n|-supereffective|p1a: Crabominable\n|-damage|p1a: Crabominable|0 fnt\n|faint|p1a: Crabominable\n|\n|upkeep\n|\n|t:|1728009506\n|switch|p1a: Clodsire|Clodsire, L81, M|343/343\n|-damage|p1a: Clodsire|322/343|[from] Stealth Rock\n|turn|16\n|\n|t:|1728009514\n|-terastallize|p2a: Dialga|Dragon\n|move|p2a: Dialga|Draco Meteor|p1a: Clodsire\n|-damage|p1a: Clodsire|122/343\n|-unboost|p2a: Dialga|spa|2\n|move|p1a: Clodsire|Earthquake|p2a: Dialga\n|-damage|p2a: Dialga|190/266\n|\n|-heal|p2a: Dialga|206/266|[from] item: Leftovers\n|-heal|p1a: Clodsire|143/343|[from] item: Leftovers\n|upkeep\n|turn|17\n|\n|t:|1728009521\n|-terastallize|p1a: Clodsire|Steel\n|move|p2a: Dialga|Draco Meteor|p1a: Clodsire\n|-resisted|p1a: Clodsire\n|-damage|p1a: Clodsire|53/343\n|-unboost|p2a: Dialga|spa|2\n|move|p1a: Clodsire|Recover|p1a: Clodsire\n|-heal|p1a: Clodsire|225/343\n|\n|-heal|p2a: Dialga|222/266|[from] item: Leftovers\n|-heal|p1a: Clodsire|246/343|[from] item: Leftovers\n|upkeep\n|turn|18\n|\n|t:|1728009527\n|move|p2a: Dialga|Fire Blast|p1a: Clodsire\n|-supereffective|p1a: Clodsire\n|-crit|p1a: Clodsire\n|-damage|p1a: Clodsire|20/343\n|-status|p1a: Clodsire|brn\n|move|p1a: Clodsire|Poison Jab|p2a: Dialga\n|-damage|p2a: Dialga|191/266\n|\n|-heal|p2a: Dialga|207/266|[from] item: Leftovers\n|-heal|p1a: Clodsire|41/343 brn|[from] item: Leftovers\n|-damage|p1a: Clodsire|20/343 brn|[from] brn\n|upkeep\n|turn|19\n|\n|t:|1728009532\n|move|p2a: Dialga|Heavy Slam|p1a: Clodsire\n|-resisted|p1a: Clodsire\n|-damage|p1a: Clodsire|0 fnt\n|faint|p1a: Clodsire\n|\n|-heal|p2a: Dialga|223/266|[from] item: Leftovers\n|upkeep\n|\n|t:|1728009538\n|switch|p1a: Deoxys|Deoxys-Speed, L82|216/216\n|-damage|p1a: Deoxys|189/216|[from] Stealth Rock\n|-ability|p1a: Deoxys|Pressure\n|turn|20\n|-message|RL4T IV$ forfeited.\n|\n|win|xox11108\n|raw|RL4T IV$'s rating: 2239 &rarr; <strong>2217</strong><br />(-22 for losing)\n|raw|xox11108's rating: 2198 &rarr; <strong>2220</strong><br />(+22 for winning)\n", "inputlog": ">version 86ae7daf8e420bb3f6c82a6a988ddcc1b1aa7e58\n>start {\"formatid\":\"gen9randombattle\",\"seed\":[60258,64824,54035,22853],\"rated\":\"Rated battle\"}\n>player p1 {\"name\":\"RL4T IV$\",\"avatar\":\"unknown\",\"rating\":2239,\"seed\":[61527,10947,47671,56733]}\n>player p2 {\"name\":\"xox11108\",\"avatar\":\"hilbert\",\"rating\":2198,\"seed\":[8148,51672,25650,10888]}\n>p1 move shadowball\n>p2 move earthpower\n>p1 move shadowball\n>p2 switch 6\n>p1 switch 3\n>p2 move shedtail\n>p2 switch 6\n>p1 move closecombat\n>p2 move stealthrock\n>p1 switch 3\n>p2 switch 4\n>p1 move shadowball\n>p2 move shadowsneak\n>p1 switch 6\n>p1 move earthquake\n>p2 switch 3\n>p1 switch 3\n>p2 move hydropump\n>p1 move closecombat\n>p2 move icebeam\n>p1 switch 2\n>p1 move psyshock\n>p2 move tailglow\n>p1 move shadowball\n>p2 move hydropump\n>p2 switch 2\n>p1 switch 5\n>p2 move knockoff\n>p1 move icehammer\n>p2 switch 4\n>p1 move drainpunch\n>p2 move flashcannon\n>p2 switch 5\n>p1 move drainpunch\n>p2 move heavyslam\n>p1 switch 3\n>p1 move earthquake\n>p2 move dracometeor terastallize\n>p1 move recover terastallize\n>p2 move dracometeor\n>p1 move poisonjab\n>p2 move fireblast\n>p1 move poisonjab\n>p2 move heavyslam\n>p1 switch 4\n>forcelose p1", "uploadtime": 1728009544, "views": 81, "formatid": "gen9randombattle", "rating": 2217, "private": 0, "password": null}