{"id": "gen9randombattle-2260856720", "format": "[Gen 9] Random Battle", "players": ["NoaAmdam", "ibamakoto"], "log": "|j|\u2606NoaAmdam\n|j|\u2606ibamakoto\n|t:|1733905256\n|gametype|singles\n|player|p1|NoaAmdam|101|1354\n|player|p2|ibamakoto|erika|1336\n|teamsize|p1|6\n|teamsize|p2|6\n|gen|9\n|tier|[Gen 9] Random Battle\n|rated|\n|rule|Species Clause: Limit one of each Pok\u00e9mon\n|rule|HP Percentage Mod: HP is shown in percentages\n|rule|Sleep Clause Mod: Limit one foe put to sleep\n|rule|Illusion Level Mod: Illusion disguises the Pok\u00e9mon's true level\n|\n|t:|1733905256\n|start\n|switch|p1a: Torterra|Torterra, L78, M|276/276\n|switch|p2a: Zapdos|Zapdos, L78|268/268\n|turn|1\n|inactive|Battle timer is ON: inactive players will automatically lose when time's up. (requested by NoaAmdam)\n|inactive|NoaAmdam has 120 seconds left.\n|\n|t:|1733905308\n|switch|p1a: Arcanine|Arcanine-Hisui, L80, F|283/283\n|move|p2a: Zapdos|Hurricane|p1a: Arcanine|[miss]\n|-miss|p2a: Zapdos|p1a: Arcanine\n|\n|upkeep\n|turn|2\n|inactive|NoaAmdam has 120 seconds left.\n|inactive|ibamakoto has 120 seconds left.\n|inactive|NoaAmdam has 90 seconds left.\n|\n|t:|1733905384\n|move|p2a: Zapdos|Discharge|p1a: Arcanine\n|-damage|p1a: Arcanine|180/283\n|move|p1a: Arcanine|Head Smash|p2a: Zapdos\n|-supereffective|p2a: Zapdos\n|-damage|p2a: Zapdos|0 fnt\n|faint|p2a: Zapdos\n|\n|upkeep\n|\n|t:|1733905407\n|switch|p2a: Overqwil|Overqwil, L82, M|274/274\n|-ability|p2a: Overqwil|Intimidate|boost\n|-unboost|p1a: Arcanine|atk|1\n|turn|3\n|\n|t:|1733905418\n|switch|p1a: Arbok|Arbok, L87, M|246/246\n|-ability|p1a: Arbok|Intimidate|boost\n|-unboost|p2a: Overqwil|atk|1\n|move|p2a: Overqwil|Swords Dance|p2a: Overqwil\n|-boost|p2a: Overqwil|atk|2\n|\n|upkeep\n|turn|4\n|inactive|NoaAmdam has 90 seconds left.\n|inactive|ibamakoto has 90 seconds left.\n|\n|t:|1733905442\n|move|p1a: Arbok|Coil|p1a: Arbok\n|-boost|p1a: Arbok|atk|1\n|-boost|p1a: Arbok|def|1\n|-boost|p1a: Arbok|accuracy|1\n|move|p2a: Overqwil|Scale Shot|p1a: Arbok\n|-damage|p1a: Arbok|224/246\n|-damage|p1a: Arbok|200/246\n|-damage|p1a: Arbok|176/246\n|-damage|p1a: Arbok|155/246\n|-hitcount|p1a: Arbok|4\n|-unboost|p2a: Overqwil|def|1\n|-boost|p2a: Overqwil|spe|1\n|\n|-heal|p1a: Arbok|170/246|[from] item: Leftovers\n|upkeep\n|turn|5\n|inactive|NoaAmdam has 90 seconds left.\n|inactive|ibamakoto has 90 seconds left.\n|inactive|ibamakoto has 60 seconds left.\n|\n|t:|1733905500\n|move|p2a: Overqwil|Crunch|p1a: Arbok\n|-damage|p1a: Arbok|59/246\n|move|p1a: Arbok|Earthquake|p2a: Overqwil\n|-supereffective|p2a: Overqwil\n|-damage|p2a: Overqwil|0 fnt\n|faint|p2a: Overqwil\n|\n|-heal|p1a: Arbok|74/246|[from] item: Leftovers\n|upkeep\n|\n|t:|1733905508\n|switch|p2a: Mismagius|Mismagius, L86, F|243/243\n|turn|6\n|\n|t:|1733905524\n|move|p2a: Mismagius|Shadow Ball|p1a: Arbok\n|-damage|p1a: Arbok|0 fnt\n|faint|p1a: Arbok\n|\n|upkeep\n|inactive|NoaAmdam has 90 seconds left.\n|\n|t:|1733905541\n|switch|p1a: Zapdos|Zapdos-Galar, L77|265/265\n|turn|7\n|\n|t:|1733905553\n|move|p2a: Mismagius|Substitute|p2a: Mismagius\n|-start|p2a: Mismagius|Substitute\n|-damage|p2a: Mismagius|183/243\n|move|p1a: Zapdos|Knock Off|p2a: Mismagius\n|-supereffective|p2a: Mismagius\n|-end|p2a: Mismagius|Substitute\n|-damage|p1a: Zapdos|239/265|[from] item: Life Orb\n|\n|-heal|p2a: Mismagius|198/243|[from] item: Leftovers\n|upkeep\n|turn|8\n|\n|t:|1733905571\n|-terastallize|p2a: Mismagius|Fighting\n|move|p2a: Mismagius|Substitute|p2a: Mismagius\n|-start|p2a: Mismagius|Substitute\n|-damage|p2a: Mismagius|138/243\n|move|p1a: Zapdos|Knock Off|p2a: Mismagius\n|-resisted|p2a: Mismagius\n|-activate|p2a: Mismagius|move: Substitute|[damage]\n|-damage|p1a: Zapdos|213/265|[from] item: Life Orb\n|\n|-heal|p2a: Mismagius|153/243|[from] item: Leftovers\n|upkeep\n|turn|9\n|-message|NoaAmdam forfeited.\n|\n|win|ibamakoto\n|raw|NoaAmdam's rating: 1354 &rarr; <strong>1333</strong><br />(-21 for losing)\n|raw|ibamakoto's rating: 1336 &rarr; <strong>1357</strong><br />(+21 for winning)\n|l|\u2606NoaAmdam\n|player|p1|\n", "inputlog": ">version bfd83cad13791eb5a5a409923076391caf6fb4d4\n>start {\"formatid\":\"gen9randombattle\",\"seed\":[21948,58393,35460,20794],\"rated\":\"Rated battle\"}\n>player p1 {\"name\":\"NoaAmdam\",\"avatar\":\"101\",\"rating\":1354,\"seed\":[58140,46856,57945,19653]}\n>player p2 {\"name\":\"ibamakoto\",\"avatar\":\"erika\",\"rating\":1336,\"seed\":[10156,29424,56404,51550]}\n>p1 switch 5\n>p2 move hurricane\n>p1 move headsmash\n>p2 move discharge\n>p2 switch 5\n>p1 switch 4\n>p2 move swordsdance\n>p1 move coil\n>p2 move scaleshot\n>p1 move earthquake\n>p2 move crunch\n>p2 switch 6\n>p1 move trailblaze\n>p2 move shadowball\n>p1 switch 2\n>p1 move knockoff\n>p2 move substitute\n>p1 move knockoff\n>p2 move substitute terastallize\n>forcelose p1", "uploadtime": 1733905581, "views": 1, "formatid": "gen9randombattle", "rating": 1333, "private": 0, "password": null}