{"id": "gen9randombattle-2260678650", "format": "[Gen 9] Random Battle", "players": ["a Surfing-Raichu", "umbreonsolitario"], "log": "|j|\u2606a Surfing-Raichu\n|j|\u2606umbreonsolitario\n|t:|1733877394\n|gametype|singles\n|player|p1|a Surfing-Raichu|backpackerf|1756\n|player|p2|umbreonsolitario|170|1744\n|teamsize|p1|6\n|teamsize|p2|6\n|gen|9\n|tier|[Gen 9] Random Battle\n|rated|\n|rule|Species Clause: Limit one of each Pok\u00e9mon\n|rule|HP Percentage Mod: HP is shown in percentages\n|rule|Sleep Clause Mod: Limit one foe put to sleep\n|rule|Illusion Level Mod: Illusion disguises the Pok\u00e9mon's true level\n|\n|t:|1733877394\n|start\n|switch|p1a: Clodsire|Clodsire, L81, M|343/343\n|switch|p2a: Regice|Regice, L88|284/284\n|turn|1\n|\n|t:|1733877415\n|move|p2a: Regice|Ice Beam|p1a: Clodsire\n|-supereffective|p1a: Clodsire\n|-damage|p1a: Clodsire|151/343\n|move|p1a: Clodsire|Toxic|p2a: Regice\n|-status|p2a: Regice|tox\n|\n|-heal|p1a: Clodsire|172/343|[from] item: Leftovers\n|-damage|p2a: Regice|267/284 tox|[from] psn\n|upkeep\n|turn|2\n|\n|t:|1733877427\n|switch|p2a: Azelf|Azelf, L82|257/257\n|switch|p1a: Barraskewda|Barraskewda, L81, F|231/231\n|\n|upkeep\n|turn|3\n|\n|t:|1733877446\n|move|p1a: Barraskewda|Flip Turn|p2a: Azelf\n|-damage|p2a: Azelf|134/257\n|inactive|Battle timer is ON: inactive players will automatically lose when time's up. (requested by a Surfing-Raichu)\n|\n|t:|1733877452\n|switch|p1a: Lugia|Lugia, L72|272/272|[from] Flip Turn\n|move|p2a: Azelf|Psychic|p1a: Lugia\n|-resisted|p1a: Lugia\n|-damage|p1a: Lugia|246/272\n|-damage|p2a: Azelf|109/257|[from] item: Life Orb\n|\n|upkeep\n|turn|4\n|\n|t:|1733877463\n|move|p2a: Azelf|Thunderbolt|p1a: Lugia\n|-supereffective|p1a: Lugia\n|-damage|p1a: Lugia|113/272\n|-damage|p2a: Azelf|84/257|[from] item: Life Orb\n|move|p1a: Lugia|Aeroblast|p2a: Azelf\n|-damage|p2a: Azelf|0 fnt\n|faint|p2a: Azelf\n|\n|upkeep\n|\n|t:|1733877471\n|switch|p2a: Pikachu|Pikachu-World, L93, M|216/216\n|turn|5\n|\n|t:|1733877483\n|switch|p1a: Amoonguss|Amoonguss, L82, F|321/321\n|move|p2a: Pikachu|Surf|p1a: Amoonguss\n|-resisted|p1a: Amoonguss\n|-damage|p1a: Amoonguss|269/321\n|\n|-heal|p1a: Amoonguss|289/321|[from] item: Leftovers\n|upkeep\n|turn|6\n|\n|t:|1733877492\n|switch|p2a: Regice|Regice, L88|267/284 tox\n|move|p1a: Amoonguss|Sludge Bomb|p2a: Regice\n|-damage|p2a: Regice|225/284 tox\n|\n|-heal|p1a: Amoonguss|309/321|[from] item: Leftovers\n|-damage|p2a: Regice|208/284 tox|[from] psn\n|upkeep\n|turn|7\n|\n|t:|1733877498\n|switch|p1a: Clodsire|Clodsire, L81, M|172/343\n|move|p2a: Regice|Thunder Wave|p1a: Clodsire\n|-immune|p1a: Clodsire\n|\n|-heal|p1a: Clodsire|193/343|[from] item: Leftovers\n|-damage|p2a: Regice|174/284 tox|[from] psn\n|upkeep\n|turn|8\n|\n|t:|1733877505\n|switch|p1a: Barraskewda|Barraskewda, L81, F|231/231\n|move|p2a: Regice|Ice Beam|p1a: Barraskewda\n|-resisted|p1a: Barraskewda\n|-damage|p1a: Barraskewda|153/231\n|\n|-damage|p2a: Regice|123/284 tox|[from] psn\n|upkeep\n|turn|9\n|\n|t:|1733877511\n|move|p1a: Barraskewda|Waterfall|p2a: Regice\n|-damage|p2a: Regice|0 fnt\n|faint|p2a: Regice\n|\n|upkeep\n|\n|t:|1733877515\n|switch|p2a: Clawitzer|Clawitzer, L87, M|265/265\n|turn|10\n|\n|t:|1733877529\n|switch|p1a: Clodsire|Clodsire, L81, M|193/343\n|move|p2a: Clawitzer|U-turn|p1a: Clodsire\n|-resisted|p1a: Clodsire\n|-damage|p1a: Clodsire|163/343\n|\n|t:|1733877537\n|switch|p2a: Ceruledge|Ceruledge, L78, M|245/245|[from] U-turn\n|\n|-heal|p1a: Clodsire|184/343|[from] item: Leftovers\n|upkeep\n|turn|11\n|\n|t:|1733877552\n|switch|p1a: Chien-Pao|Chien-Pao, L72|234/234\n|-ability|p1a: Chien-Pao|Sword of Ruin\n|-terastallize|p2a: Ceruledge|Fighting\n|move|p2a: Ceruledge|Swords Dance|p2a: Ceruledge\n|-boost|p2a: Ceruledge|atk|2\n|\n|upkeep\n|turn|12\n|inactive|a Surfing-Raichu has 120 seconds left.\n|\n|t:|1733877579\n|switch|p1a: Lugia|Lugia, L72|113/272\n|move|p2a: Ceruledge|Bitter Blade|p1a: Lugia\n|-damage|p1a: Lugia|0 fnt\n|faint|p1a: Lugia\n|\n|upkeep\n|inactive|a Surfing-Raichu has 120 seconds left.\n|\n|t:|1733877594\n|switch|p1a: Barraskewda|Barraskewda, L81, F|153/231\n|turn|13\n|\n|t:|1733877600\n|move|p1a: Barraskewda|Psychic Fangs|p2a: Ceruledge\n|-supereffective|p2a: Ceruledge\n|-damage|p2a: Ceruledge|13/245\n|-ability|p2a: Ceruledge|Weak Armor|boost\n|-unboost|p2a: Ceruledge|def|1\n|-boost|p2a: Ceruledge|spe|2\n|move|p2a: Ceruledge|Poltergeist|p1a: Barraskewda\n|-activate|p1a: Barraskewda|move: Poltergeist|Choice Band\n|-damage|p1a: Barraskewda|0 fnt\n|faint|p1a: Barraskewda\n|\n|upkeep\n|inactive|a Surfing-Raichu has 120 seconds left.\n|inactive|a Surfing-Raichu has 90 seconds left.\n|\n|t:|1733877662\n|switch|p1a: Amoonguss|Amoonguss, L82, F|321/321\n|turn|14\n|\n|t:|1733877667\n|-terastallize|p1a: Amoonguss|Water\n|move|p2a: Ceruledge|Poltergeist|p1a: Amoonguss\n|-activate|p1a: Amoonguss|move: Poltergeist|Leftovers\n|-damage|p1a: Amoonguss|36/321\n|move|p1a: Amoonguss|Spore|p2a: Ceruledge\n|-status|p2a: Ceruledge|slp|[from] move: Spore\n|\n|-heal|p1a: Amoonguss|56/321|[from] item: Leftovers\n|upkeep\n|turn|15\n|\n|t:|1733877682\n|switch|p2a: Annihilape|Annihilape, L76, M|292/292\n|move|p1a: Amoonguss|Giga Drain|p2a: Annihilape\n|-damage|p2a: Annihilape|220/292\n|-heal|p1a: Amoonguss|92/321|[from] drain|[of] p2a: Annihilape\n|\n|-heal|p1a: Amoonguss|112/321|[from] item: Leftovers\n|upkeep\n|turn|16\n|\n|t:|1733877692\n|move|p2a: Annihilape|Drain Punch|p1a: Amoonguss\n|-damage|p1a: Amoonguss|15/321\n|-heal|p2a: Annihilape|269/292|[from] drain|[of] p1a: Amoonguss\n|move|p1a: Amoonguss|Toxic|p2a: Annihilape\n|-status|p2a: Annihilape|tox\n|\n|-heal|p1a: Amoonguss|35/321|[from] item: Leftovers\n|-damage|p2a: Annihilape|251/292 tox|[from] psn\n|upkeep\n|turn|17\n|inactive|a Surfing-Raichu has 90 seconds left.\n|\n|t:|1733877698\n|switch|p1a: Clodsire|Clodsire, L81, M|184/343\n|move|p2a: Annihilape|Drain Punch|p1a: Clodsire\n|-resisted|p1a: Clodsire\n|-damage|p1a: Clodsire|130/343\n|-heal|p2a: Annihilape|278/292 tox|[from] drain|[of] p1a: Clodsire\n|\n|-heal|p1a: Clodsire|151/343|[from] item: Leftovers\n|-damage|p2a: Annihilape|242/292 tox|[from] psn\n|upkeep\n|turn|18\n|\n|t:|1733877704\n|move|p2a: Annihilape|Rage Fist|p1a: Clodsire\n|-damage|p1a: Clodsire|7/343\n|move|p1a: Clodsire|Recover|p1a: Clodsire\n|-heal|p1a: Clodsire|179/343\n|\n|-heal|p1a: Clodsire|200/343|[from] item: Leftovers\n|-damage|p2a: Annihilape|188/292 tox|[from] psn\n|upkeep\n|turn|19\n|\n|t:|1733877707\n|move|p2a: Annihilape|Bulk Up|p2a: Annihilape\n|-boost|p2a: Annihilape|atk|1\n|-boost|p2a: Annihilape|def|1\n|move|p1a: Clodsire|Recover|p1a: Clodsire\n|-heal|p1a: Clodsire|343/343\n|\n|-damage|p2a: Annihilape|116/292 tox|[from] psn\n|upkeep\n|turn|20\n|\n|t:|1733877714\n|move|p2a: Annihilape|Rest|p2a: Annihilape\n|-status|p2a: Annihilape|slp|[from] move: Rest\n|-heal|p2a: Annihilape|292/292 slp|[silent]\n|-enditem|p2a: Annihilape|Chesto Berry|[eat]\n|-curestatus|p2a: Annihilape|slp|[msg]\n|move|p1a: Clodsire|Recover||[still]\n|-fail|p1a: Clodsire|heal\n|\n|upkeep\n|turn|21\n|\n|t:|1733877719\n|move|p2a: Annihilape|Bulk Up|p2a: Annihilape\n|-boost|p2a: Annihilape|atk|1\n|-boost|p2a: Annihilape|def|1\n|move|p1a: Clodsire|Toxic|p2a: Annihilape\n|-status|p2a: Annihilape|tox\n|\n|-damage|p2a: Annihilape|274/292 tox|[from] psn\n|upkeep\n|turn|22\n|\n|t:|1733877729\n|switch|p1a: Amoonguss|Amoonguss, L82, F, tera:Water|142/321\n|move|p2a: Annihilape|Rage Fist|p1a: Amoonguss\n|-crit|p1a: Amoonguss\n|-damage|p1a: Amoonguss|0 fnt\n|faint|p1a: Amoonguss\n|\n|-damage|p2a: Annihilape|238/292 tox|[from] psn\n|upkeep\n|inactive|a Surfing-Raichu has 120 seconds left.\n|\n|t:|1733877766\n|switch|p1a: Chien-Pao|Chien-Pao, L72|234/234\n|-ability|p1a: Chien-Pao|Sword of Ruin\n|turn|23\n|\n|t:|1733877770\n|move|p1a: Chien-Pao|Icicle Crash|p2a: Annihilape\n|-damage|p2a: Annihilape|180/292 tox\n|move|p2a: Annihilape|Drain Punch|p1a: Chien-Pao\n|-supereffective|p1a: Chien-Pao\n|-damage|p1a: Chien-Pao|0 fnt\n|-heal|p2a: Annihilape|292/292 tox|[from] drain|[of] p1a: Chien-Pao\n|faint|p1a: Chien-Pao\n|\n|-damage|p2a: Annihilape|238/292 tox|[from] psn\n|upkeep\n|inactive|a Surfing-Raichu has 90 seconds left.\n|\n|t:|1733877794\n|switch|p1a: Iron Boulder|Iron Boulder, L77|265/265\n|-enditem|p1a: Iron Boulder|Booster Energy\n|-activate|p1a: Iron Boulder|ability: Quark Drive|[fromitem]\n|-start|p1a: Iron Boulder|quarkdrivespe\n|turn|24\n|\n|t:|1733877799\n|move|p1a: Iron Boulder|Zen Headbutt|p2a: Annihilape\n|-supereffective|p2a: Annihilape\n|-damage|p2a: Annihilape|146/292 tox\n|cant|p2a: Annihilape|flinch\n|\n|-damage|p2a: Annihilape|74/292 tox|[from] psn\n|upkeep\n|turn|25\n|\n|t:|1733877804\n|move|p1a: Iron Boulder|Zen Headbutt|p2a: Annihilape\n|-supereffective|p2a: Annihilape\n|-damage|p2a: Annihilape|0 fnt\n|faint|p2a: Annihilape\n|\n|upkeep\n|\n|t:|1733877809\n|switch|p2a: Clawitzer|Clawitzer, L87, M|265/265\n|turn|26\n|\n|t:|1733877814\n|-end|p1a: Iron Boulder|Quark Drive|[silent]\n|switch|p1a: Clodsire|Clodsire, L81, M|343/343\n|move|p2a: Clawitzer|Dragon Pulse|p1a: Clodsire\n|-damage|p1a: Clodsire|234/343\n|\n|-heal|p1a: Clodsire|255/343|[from] item: Leftovers\n|upkeep\n|turn|27\n|\n|t:|1733877828\n|move|p2a: Clawitzer|Dragon Pulse|p1a: Clodsire\n|-damage|p1a: Clodsire|155/343\n|move|p1a: Clodsire|Earthquake|p2a: Clawitzer\n|-damage|p2a: Clawitzer|192/265\n|\n|-heal|p1a: Clodsire|176/343|[from] item: Leftovers\n|upkeep\n|turn|28\n|\n|t:|1733877832\n|move|p2a: Clawitzer|U-turn|p1a: Clodsire\n|-resisted|p1a: Clodsire\n|-damage|p1a: Clodsire|149/343\n|\n|t:|1733877834\n|switch|p2a: Ceruledge|Ceruledge, L78, M, tera:Fighting|13/245 slp|[from] U-turn\n|move|p1a: Clodsire|Recover|p1a: Clodsire\n|-heal|p1a: Clodsire|321/343\n|\n|-heal|p1a: Clodsire|342/343|[from] item: Leftovers\n|upkeep\n|turn|29\n|\n|t:|1733877842\n|cant|p2a: Ceruledge|slp\n|move|p1a: Clodsire|Earthquake|p2a: Ceruledge\n|-crit|p2a: Ceruledge\n|-damage|p2a: Ceruledge|0 fnt\n|faint|p2a: Ceruledge\n|\n|-heal|p1a: Clodsire|343/343|[from] item: Leftovers\n|upkeep\n|\n|t:|1733877845\n|switch|p2a: Clawitzer|Clawitzer, L87, M|192/265\n|turn|30\n|\n|t:|1733877849\n|move|p2a: Clawitzer|Dragon Pulse|p1a: Clodsire\n|-damage|p1a: Clodsire|243/343\n|move|p1a: Clodsire|Toxic|p2a: Clawitzer\n|-status|p2a: Clawitzer|tox\n|\n|-heal|p1a: Clodsire|264/343|[from] item: Leftovers\n|-damage|p2a: Clawitzer|176/265 tox|[from] psn\n|upkeep\n|turn|31\n|\n|t:|1733877853\n|move|p2a: Clawitzer|Water Pulse|p1a: Clodsire\n|-heal|p1a: Clodsire|343/343|[from] ability: Water Absorb|[of] p2a: Clawitzer\n|move|p1a: Clodsire|Recover||[still]\n|-fail|p1a: Clodsire|heal\n|\n|-damage|p2a: Clawitzer|144/265 tox|[from] psn\n|upkeep\n|turn|32\n|\n|t:|1733877857\n|move|p2a: Clawitzer|Water Pulse|p1a: Clodsire\n|-immune|p1a: Clodsire|[from] ability: Water Absorb\n|move|p1a: Clodsire|Earthquake|p2a: Clawitzer\n|-damage|p2a: Clawitzer|68/265 tox\n|\n|-damage|p2a: Clawitzer|20/265 tox|[from] psn\n|upkeep\n|turn|33\n|\n|t:|1733877860\n|move|p2a: Clawitzer|Water Pulse|p1a: Clodsire\n|-immune|p1a: Clodsire|[from] ability: Water Absorb\n|move|p1a: Clodsire|Earthquake|p2a: Clawitzer\n|-crit|p2a: Clawitzer\n|-damage|p2a: Clawitzer|0 fnt\n|faint|p2a: Clawitzer\n|\n|upkeep\n|\n|t:|1733877861\n|switch|p2a: Pikachu|Pikachu-World, L93, M|216/216\n|turn|34\n|\n|t:|1733877863\n|move|p2a: Pikachu|Surf|p1a: Clodsire\n|-immune|p1a: Clodsire|[from] ability: Water Absorb\n|move|p1a: Clodsire|Earthquake|p2a: Pikachu\n|-supereffective|p2a: Pikachu\n|-damage|p2a: Pikachu|0 fnt\n|faint|p2a: Pikachu\n|\n|win|a Surfing-Raichu\n|raw|a Surfing-Raichu's rating: 1756 &rarr; <strong>1775</strong><br />(+19 for winning)\n|raw|umbreonsolitario's rating: 1744 &rarr; <strong>1725</strong><br />(-19 for losing)\n|l|\u2606umbreonsolitario\n|player|p2|\n", "inputlog": ">version bfd83cad13791eb5a5a409923076391caf6fb4d4\n>start {\"formatid\":\"gen9randombattle\",\"seed\":[5744,58441,27018,3609],\"rated\":\"Rated battle\"}\n>player p1 {\"name\":\"a Surfing-Raichu\",\"avatar\":\"backpackerf\",\"rating\":1756,\"seed\":[50391,15754,64354,42775]}\n>player p2 {\"name\":\"umbreonsolitario\",\"avatar\":\"170\",\"rating\":1744,\"seed\":[20944,57051,9862,63495]}\n>p1 move toxic\n>p2 move icebeam\n>p1 switch 5\n>p2 switch 3\n>p1 move flipturn\n>p2 move psychic\n>p1 switch 6\n>p1 move aeroblast\n>p2 move thunderbolt\n>p2 switch 2\n>p1 switch 2\n>p2 move surf\n>p1 move sludgebomb\n>p2 switch 3\n>p1 switch 5\n>p2 move thunderwave\n>p1 switch 6\n>p2 move icebeam\n>p1 move waterfall\n>p2 move icebeam\n>p2 switch 5\n>p1 switch 6\n>p2 move uturn\n>p2 switch 4\n>p1 switch 3\n>p2 move swordsdance terastallize\n>p1 switch 2\n>p2 move bitterblade\n>p1 switch 6\n>p1 move psychicfangs\n>p2 move poltergeist\n>p1 switch 5\n>p1 move spore terastallize\n>p2 move poltergeist\n>p1 move gigadrain\n>p2 switch 6\n>p1 move toxic\n>p2 move drainpunch\n>p1 switch 3\n>p2 move drainpunch\n>p1 move recover\n>p2 move ragefist\n>p1 move recover\n>p2 move bulkup\n>p1 move recover\n>p2 move rest\n>p1 move toxic\n>p2 move bulkup\n>p1 switch 3\n>p2 move ragefist\n>p1 switch 2\n>p1 move iciclecrash\n>p2 move drainpunch\n>p1 switch 4\n>p1 move zenheadbutt\n>p2 move ragefist\n>p1 move zenheadbutt\n>p2 move ragefist\n>p2 switch 4\n>p1 switch 3\n>p2 move dragonpulse\n>p1 move earthquake\n>p2 move dragonpulse\n>p1 move recover\n>p2 move uturn\n>p2 switch 6\n>p1 move earthquake\n>p2 move poltergeist\n>p2 switch 6\n>p1 move toxic\n>p2 move dragonpulse\n>p1 move recover\n>p2 move waterpulse\n>p1 move earthquake\n>p2 move waterpulse\n>p1 move earthquake\n>p2 move waterpulse\n>p2 switch 3\n>p1 move earthquake\n>p2 move surf", "uploadtime": 1733877869, "views": 7, "formatid": "gen9randombattle", "rating": 1725, "private": 0, "password": null}