{"id": "gen9randombattle-2260587227", "format": "[Gen 9] Random Battle", "players": ["Yooooooo6o", "Jeanzinhogostoso"], "log": "|j|\u2606Yooooooo6o\n|j|\u2606Jeanzinhogostoso\n|t:|1733866440\n|gametype|singles\n|player|p1|Yooooooo6o|1|1000\n|player|p2|Jeanzinhogostoso|2|1000\n|teamsize|p1|6\n|teamsize|p2|6\n|gen|9\n|tier|[Gen 9] Random Battle\n|rated|\n|rule|Species Clause: Limit one of each Pok\u00e9mon\n|rule|HP Percentage Mod: HP is shown in percentages\n|rule|Sleep Clause Mod: Limit one foe put to sleep\n|rule|Illusion Level Mod: Illusion disguises the Pok\u00e9mon's true level\n|\n|t:|1733866440\n|start\n|switch|p1a: Primarina|Primarina, L83, M|268/268\n|switch|p2a: Basculin|Basculin, L86, M|261/261\n|turn|1\n|\n|t:|1733866466\n|switch|p1a: Sceptile|Sceptile, L87, F|264/264\n|move|p2a: Basculin|Flip Turn|p1a: Sceptile\n|-resisted|p1a: Sceptile\n|-crit|p1a: Sceptile\n|-damage|p1a: Sceptile|150/264\n|\n|t:|1733866477\n|switch|p2a: Azelf|Azelf, L82|257/257|[from] Flip Turn\n|\n|-heal|p1a: Sceptile|166/264|[from] item: Leftovers\n|upkeep\n|turn|2\n|\n|t:|1733866504\n|switch|p1a: Pecharunt|Pecharunt, L77|262/262\n|move|p2a: Azelf|Fire Blast|p1a: Pecharunt\n|-crit|p1a: Pecharunt\n|-damage|p1a: Pecharunt|55/262\n|\n|-heal|p1a: Pecharunt|71/262|[from] item: Leftovers\n|upkeep\n|turn|3\n|\n|t:|1733866520\n|move|p2a: Azelf|Fire Blast|p1a: Pecharunt\n|-damage|p1a: Pecharunt|0 fnt\n|faint|p1a: Pecharunt\n|\n|upkeep\n|\n|t:|1733866541\n|switch|p1a: Hydreigon|Hydreigon, L79, F|275/275\n|turn|4\n|\n|t:|1733866554\n|move|p1a: Hydreigon|Dark Pulse|p2a: Azelf\n|-supereffective|p2a: Azelf\n|-damage|p2a: Azelf|23/257\n|move|p2a: Azelf|Fire Blast|p1a: Hydreigon\n|-resisted|p1a: Hydreigon\n|-damage|p1a: Hydreigon|205/275\n|\n|upkeep\n|turn|5\n|\n|t:|1733866563\n|move|p1a: Hydreigon|Dark Pulse|p2a: Azelf\n|-supereffective|p2a: Azelf\n|-damage|p2a: Azelf|0 fnt\n|faint|p2a: Azelf\n|\n|upkeep\n|\n|t:|1733866572\n|switch|p2a: Basculin|Basculin, L86, M|261/261\n|turn|6\n|\n|t:|1733866595\n|switch|p1a: Sceptile|Sceptile, L87, F|166/264\n|move|p2a: Basculin|Wave Crash|p1a: Sceptile\n|-resisted|p1a: Sceptile\n|-damage|p1a: Sceptile|0 fnt\n|faint|p1a: Sceptile\n|-damage|p2a: Basculin|206/261|[from] Recoil\n|\n|upkeep\n|\n|t:|1733866603\n|switch|p1a: Sawsbuck|Sawsbuck, L88, M|284/284\n|turn|7\n|\n|t:|1733866611\n|move|p2a: Basculin|Wave Crash|p1a: Sawsbuck\n|-resisted|p1a: Sawsbuck\n|-crit|p1a: Sawsbuck\n|-damage|p1a: Sawsbuck|79/284\n|-damage|p2a: Basculin|138/261|[from] Recoil\n|move|p1a: Sawsbuck|Horn Leech|p2a: Basculin\n|-supereffective|p2a: Basculin\n|-damage|p2a: Basculin|0 fnt\n|-heal|p1a: Sawsbuck|148/284|[from] drain|[of] p2a: Basculin\n|faint|p2a: Basculin\n|-damage|p1a: Sawsbuck|120/284|[from] item: Life Orb\n|\n|upkeep\n|\n|t:|1733866625\n|switch|p2a: Golurk|Golurk, L87|297/297\n|turn|8\n|\n|t:|1733866655\n|move|p1a: Sawsbuck|Horn Leech|p2a: Golurk\n|-supereffective|p2a: Golurk\n|-damage|p2a: Golurk|40/297\n|-heal|p1a: Sawsbuck|249/284|[from] drain|[of] p2a: Golurk\n|-damage|p1a: Sawsbuck|221/284|[from] item: Life Orb\n|move|p2a: Golurk|Earthquake|p1a: Sawsbuck\n|-resisted|p1a: Sawsbuck\n|-damage|p1a: Sawsbuck|126/284\n|-damage|p2a: Golurk|11/297|[from] item: Life Orb\n|\n|upkeep\n|turn|9\n|\n|t:|1733866669\n|move|p1a: Sawsbuck|Horn Leech|p2a: Golurk\n|-supereffective|p2a: Golurk\n|-damage|p2a: Golurk|0 fnt\n|-heal|p1a: Sawsbuck|132/284|[from] drain|[of] p2a: Golurk\n|faint|p2a: Golurk\n|-damage|p1a: Sawsbuck|104/284|[from] item: Life Orb\n|\n|upkeep\n|\n|t:|1733866677\n|switch|p2a: Yanmega|Yanmega, L82, M|275/275\n|turn|10\n|\n|t:|1733866714\n|move|p1a: Sawsbuck|High Horsepower|p2a: Yanmega\n|-immune|p2a: Yanmega\n|move|p2a: Yanmega|Tera Blast|p1a: Sawsbuck\n|-damage|p1a: Sawsbuck|33/284\n|\n|-ability|p2a: Yanmega|Speed Boost|boost\n|-boost|p2a: Yanmega|spe|1\n|upkeep\n|turn|11\n|\n|t:|1733866737\n|switch|p1a: Cloyster|Cloyster, L80, F|211/211\n|move|p2a: Yanmega|Bug Buzz|p1a: Cloyster\n|-damage|p1a: Cloyster|28/211\n|\n|-ability|p2a: Yanmega|Speed Boost|boost\n|-boost|p2a: Yanmega|spe|1\n|upkeep\n|turn|12\n|\n|t:|1733866747\n|move|p2a: Yanmega|Tera Blast|p1a: Cloyster\n|-damage|p1a: Cloyster|0 fnt\n|faint|p1a: Cloyster\n|\n|-ability|p2a: Yanmega|Speed Boost|boost\n|-boost|p2a: Yanmega|spe|1\n|upkeep\n|\n|t:|1733866756\n|switch|p1a: Hydreigon|Hydreigon, L79, F|205/275\n|turn|13\n|\n|t:|1733866763\n|move|p2a: Yanmega|Bug Buzz|p1a: Hydreigon\n|-supereffective|p1a: Hydreigon\n|-damage|p1a: Hydreigon|5/275\n|move|p1a: Hydreigon|Fire Blast|p2a: Yanmega\n|-supereffective|p2a: Yanmega\n|-damage|p2a: Yanmega|33/275\n|-status|p2a: Yanmega|brn\n|\n|-damage|p2a: Yanmega|16/275 brn|[from] brn\n|-ability|p2a: Yanmega|Speed Boost|boost\n|-boost|p2a: Yanmega|spe|1\n|upkeep\n|turn|14\n|\n|t:|1733866777\n|switch|p1a: Sawsbuck|Sawsbuck, L88, M|33/284\n|move|p2a: Yanmega|Tera Blast|p1a: Sawsbuck\n|-damage|p1a: Sawsbuck|0 fnt\n|faint|p1a: Sawsbuck\n|\n|-damage|p2a: Yanmega|0 fnt|[from] brn\n|faint|p2a: Yanmega\n|upkeep\n|\n|t:|1733866789\n|switch|p1a: Hydreigon|Hydreigon, L79, F|5/275\n|switch|p2a: Misdreavus|Misdreavus, L90, M|254/254\n|turn|15\n|\n|t:|1733866811\n|move|p1a: Hydreigon|Dark Pulse|p2a: Misdreavus\n|-supereffective|p2a: Misdreavus\n|-damage|p2a: Misdreavus|144/254\n|move|p2a: Misdreavus|Draining Kiss|p1a: Hydreigon\n|-supereffective|p1a: Hydreigon\n|-damage|p1a: Hydreigon|0 fnt\n|-heal|p2a: Misdreavus|148/254|[from] drain|[of] p1a: Hydreigon\n|faint|p1a: Hydreigon\n|\n|upkeep\n|\n|t:|1733866819\n|switch|p1a: Primarina|Primarina, L83, M|268/268\n|turn|16\n|\n|t:|1733866853\n|move|p2a: Misdreavus|Calm Mind|p2a: Misdreavus\n|-boost|p2a: Misdreavus|spa|1\n|-boost|p2a: Misdreavus|spd|1\n|move|p1a: Primarina|Psychic|p2a: Misdreavus\n|-damage|p2a: Misdreavus|115/254\n|\n|upkeep\n|turn|17\n|\n|t:|1733866862\n|move|p2a: Misdreavus|Draining Kiss|p1a: Primarina\n|-damage|p1a: Primarina|225/268\n|-heal|p2a: Misdreavus|147/254|[from] drain|[of] p1a: Primarina\n|move|p1a: Primarina|Draining Kiss|p2a: Misdreavus\n|-damage|p2a: Misdreavus|120/254\n|-heal|p1a: Primarina|245/268|[from] drain|[of] p2a: Misdreavus\n|\n|-heal|p1a: Primarina|261/268|[from] item: Leftovers\n|upkeep\n|turn|18\n|\n|t:|1733866874\n|move|p2a: Misdreavus|Will-O-Wisp|p1a: Primarina\n|-status|p1a: Primarina|brn\n|move|p1a: Primarina|Sparkling Aria|p2a: Misdreavus\n|-damage|p2a: Misdreavus|71/254\n|\n|-heal|p1a: Primarina|268/268 brn|[from] item: Leftovers\n|-damage|p1a: Primarina|252/268 brn|[from] brn\n|upkeep\n|turn|19\n|\n|t:|1733866886\n|move|p2a: Misdreavus|Shadow Ball|p1a: Primarina\n|-damage|p1a: Primarina|140/268 brn\n|move|p1a: Primarina|Draining Kiss|p2a: Misdreavus\n|-crit|p2a: Misdreavus\n|-damage|p2a: Misdreavus|5/254\n|-heal|p1a: Primarina|190/268 brn|[from] drain|[of] p2a: Misdreavus\n|\n|-heal|p1a: Primarina|206/268 brn|[from] item: Leftovers\n|-damage|p1a: Primarina|190/268 brn|[from] brn\n|upkeep\n|turn|20\n|\n|t:|1733866898\n|move|p2a: Misdreavus|Shadow Ball|p1a: Primarina\n|-crit|p1a: Primarina\n|-damage|p1a: Primarina|28/268 brn\n|move|p1a: Primarina|Draining Kiss|p2a: Misdreavus\n|-damage|p2a: Misdreavus|0 fnt\n|-heal|p1a: Primarina|32/268 brn|[from] drain|[of] p2a: Misdreavus\n|faint|p2a: Misdreavus\n|\n|-heal|p1a: Primarina|48/268 brn|[from] item: Leftovers\n|-damage|p1a: Primarina|32/268 brn|[from] brn\n|upkeep\n|\n|t:|1733866910\n|switch|p2a: Regigigas|Regigigas, L84|322/322\n|-start|p2a: Regigigas|ability: Slow Start\n|turn|21\n|\n|t:|1733866958\n|-terastallize|p2a: Regigigas|Poison\n|move|p1a: Primarina|Sparkling Aria|p2a: Regigigas\n|-damage|p2a: Regigigas|184/322\n|move|p2a: Regigigas|Body Slam|p1a: Primarina\n|-damage|p1a: Primarina|0 fnt\n|faint|p1a: Primarina\n|\n|win|Jeanzinhogostoso\n|raw|Yooooooo6o's rating: 1000 &rarr; <strong>1000</strong><br />(+0 for losing)\n|raw|Jeanzinhogostoso's rating: 1000 &rarr; <strong>1040</strong><br />(+40 for winning)\n", "inputlog": ">version bfd83cad13791eb5a5a409923076391caf6fb4d4\n>start {\"formatid\":\"gen9randombattle\",\"seed\":[55943,29466,53751,36349],\"rated\":\"Rated battle\"}\n>player p1 {\"name\":\"Yooooooo6o\",\"avatar\":\"1\",\"rating\":1000,\"seed\":[15886,8806,20776,8775]}\n>player p2 {\"name\":\"Jeanzinhogostoso\",\"avatar\":\"2\",\"rating\":1000,\"seed\":[23524,29457,1363,34810]}\n>p1 switch 5\n>p2 move flipturn\n>p2 switch 6\n>p1 switch 6\n>p2 move fireblast\n>p1 move shadowball\n>p2 move fireblast\n>p1 switch 3\n>p1 move darkpulse\n>p2 move fireblast\n>p1 move darkpulse\n>p2 move fireblast\n>p2 switch 6\n>p1 switch 6\n>p2 move wavecrash\n>p1 switch 2\n>p1 move hornleech\n>p2 move wavecrash\n>p2 switch 4\n>p1 move hornleech\n>p2 move earthquake\n>p1 move hornleech\n>p2 move poltergeist\n>p2 switch 3\n>p1 move highhorsepower\n>p2 move terablast\n>p1 switch 4\n>p2 move bugbuzz\n>p1 move iciclespear\n>p2 move terablast\n>p1 switch 6\n>p1 move fireblast\n>p2 move bugbuzz\n>p1 switch 4\n>p2 move terablast\n>p1 switch 4\n>p2 switch 2\n>p1 move darkpulse\n>p2 move drainingkiss\n>p1 switch 5\n>p1 move psychic\n>p2 move calmmind\n>p1 move drainingkiss\n>p2 move drainingkiss\n>p1 move sparklingaria\n>p2 move willowisp\n>p1 move drainingkiss\n>p2 move shadowball\n>p1 move drainingkiss\n>p2 move shadowball\n>p2 switch 5\n>p1 move sparklingaria\n>p2 move bodyslam terastallize", "uploadtime": 1733866981, "views": 1, "formatid": "gen9randombattle", "rating": 1000, "private": 0, "password": null}