{"id": "gen9randombattle-2260621857", "format": "[Gen 9] Random Battle", "players": ["mac-flit", "AkiDes"], "log": "|j|\u2606mac-flit\n|j|\u2606AkiDes\n|t:|1733870355\n|gametype|singles\n|player|p1|mac-flit|266|1235\n|player|p2|AkiDes|volkner|1270\n|teamsize|p1|6\n|teamsize|p2|6\n|gen|9\n|tier|[Gen 9] Random Battle\n|rated|\n|rule|Species Clause: Limit one of each Pok\u00e9mon\n|rule|HP Percentage Mod: HP is shown in percentages\n|rule|Sleep Clause Mod: Limit one foe put to sleep\n|rule|Illusion Level Mod: Illusion disguises the Pok\u00e9mon's true level\n|\n|t:|1733870355\n|start\n|switch|p1a: Ambipom|Ambipom, L84, M|263/263\n|switch|p2a: Magcargo|Magcargo, L95, M|268/268\n|turn|1\n|inactive|Battle timer is ON: inactive players will automatically lose when time's up. (requested by AkiDes)\n|\n|t:|1733870370\n|move|p1a: Ambipom|U-turn|p2a: Magcargo\n|-resisted|p2a: Magcargo\n|-damage|p2a: Magcargo|252/268\n|-status|p1a: Ambipom|brn|[from] ability: Flame Body|[of] p2a: Magcargo\n|\n|t:|1733870375\n|switch|p1a: Clawitzer|Clawitzer, L87, F|265/265|[from] U-turn\n|move|p2a: Magcargo|Stealth Rock|p1a: Clawitzer\n|-sidestart|p1: mac-flit|move: Stealth Rock\n|\n|upkeep\n|turn|2\n|\n|t:|1733870382\n|move|p1a: Clawitzer|Water Pulse|p2a: Magcargo\n|-supereffective|p2a: Magcargo\n|-damage|p2a: Magcargo|0 fnt\n|faint|p2a: Magcargo\n|\n|upkeep\n|\n|t:|1733870387\n|switch|p2a: Greedent|Greedent, L86, F|347/347\n|turn|3\n|\n|t:|1733870393\n|move|p1a: Clawitzer|Water Pulse|p2a: Greedent\n|-damage|p2a: Greedent|221/347\n|move|p2a: Greedent|Swords Dance|p2a: Greedent\n|-boost|p2a: Greedent|atk|2\n|\n|upkeep\n|turn|4\n|\n|t:|1733870415\n|move|p1a: Clawitzer|Dragon Pulse|p2a: Greedent\n|-damage|p2a: Greedent|95/347\n|-enditem|p2a: Greedent|Sitrus Berry|[eat]\n|-heal|p2a: Greedent|181/347|[from] item: Sitrus Berry\n|-heal|p2a: Greedent|296/347|[from] ability: Cheek Pouch\n|move|p2a: Greedent|Body Slam|p1a: Clawitzer\n|-damage|p1a: Clawitzer|81/265\n|\n|upkeep\n|turn|5\n|\n|t:|1733870433\n|move|p1a: Clawitzer|U-turn|p2a: Greedent\n|-damage|p2a: Greedent|257/347\n|\n|t:|1733870447\n|switch|p1a: Goodra|Goodra-Hisui, L82, M|265/265|[from] U-turn\n|-damage|p1a: Goodra|249/265|[from] Stealth Rock\n|move|p2a: Greedent|Body Slam|p1a: Goodra\n|-resisted|p1a: Goodra\n|-damage|p1a: Goodra|168/265\n|\n|upkeep\n|turn|6\n|inactive|mac-flit has 120 seconds left.\n|\n|t:|1733870465\n|move|p1a: Goodra|Heavy Slam|p2a: Greedent\n|-crit|p2a: Greedent\n|-damage|p2a: Greedent|80/347\n|move|p2a: Greedent|Earthquake|p1a: Goodra\n|-supereffective|p1a: Goodra\n|-damage|p1a: Goodra|0 fnt\n|faint|p1a: Goodra\n|\n|upkeep\n|inactive|mac-flit has 120 seconds left.\n|\n|t:|1733870473\n|switch|p1a: Clawitzer|Clawitzer, L87, F|81/265\n|-damage|p1a: Clawitzer|48/265|[from] Stealth Rock\n|turn|7\n|\n|t:|1733870481\n|move|p1a: Clawitzer|Dragon Pulse|p2a: Greedent\n|-damage|p2a: Greedent|0 fnt\n|faint|p2a: Greedent\n|\n|upkeep\n|\n|t:|1733870489\n|switch|p2a: Iron Crown|Iron Crown, L78|268/268\n|turn|8\n|\n|t:|1733870495\n|move|p2a: Iron Crown|Psyshock|p1a: Clawitzer\n|-damage|p1a: Clawitzer|0 fnt\n|faint|p1a: Clawitzer\n|\n|upkeep\n|\n|t:|1733870514\n|switch|p1a: Ambipom|Ambipom, L84, M|263/263 brn\n|-damage|p1a: Ambipom|231/263 brn|[from] Stealth Rock\n|turn|9\n|\n|t:|1733870525\n|move|p1a: Ambipom|Knock Off|p2a: Iron Crown\n|-supereffective|p2a: Iron Crown\n|-damage|p2a: Iron Crown|195/268\n|-enditem|p2a: Iron Crown|Leftovers|[from] move: Knock Off|[of] p1a: Ambipom\n|move|p2a: Iron Crown|Calm Mind|p2a: Iron Crown\n|-boost|p2a: Iron Crown|spa|1\n|-boost|p2a: Iron Crown|spd|1\n|\n|-damage|p1a: Ambipom|215/263 brn|[from] brn\n|upkeep\n|turn|10\n|\n|t:|1733870542\n|switch|p1a: Grafaiai|Grafaiai, L86, M|249/249\n|-damage|p1a: Grafaiai|218/249|[from] Stealth Rock\n|move|p2a: Iron Crown|Tachyon Cutter|p1a: Grafaiai\n|-crit|p1a: Grafaiai\n|-damage|p1a: Grafaiai|76/249\n|-damage|p1a: Grafaiai|0 fnt\n|faint|p1a: Grafaiai\n|-hitcount|p1: Grafaiai|2\n|\n|upkeep\n|inactive|mac-flit has 120 seconds left.\n|\n|t:|1733870553\n|switch|p1a: Reuniclus|Reuniclus, L88, F|337/337\n|turn|11\n|\n|t:|1733870566\n|move|p2a: Iron Crown|Tachyon Cutter|p1a: Reuniclus\n|-damage|p1a: Reuniclus|256/337\n|-damage|p1a: Reuniclus|171/337\n|-hitcount|p1a: Reuniclus|2\n|move|p1a: Reuniclus|Focus Blast|p2a: Iron Crown|[miss]\n|-miss|p1a: Reuniclus|p2a: Iron Crown\n|\n|upkeep\n|turn|12\n|\n|t:|1733870575\n|move|p2a: Iron Crown|Tachyon Cutter|p1a: Reuniclus\n|-damage|p1a: Reuniclus|86/337\n|-damage|p1a: Reuniclus|4/337\n|-hitcount|p1a: Reuniclus|2\n|move|p1a: Reuniclus|Focus Blast|p2a: Iron Crown\n|-damage|p2a: Iron Crown|101/268\n|\n|upkeep\n|turn|13\n|\n|t:|1733870583\n|move|p2a: Iron Crown|Tachyon Cutter|p1a: Reuniclus\n|-damage|p1a: Reuniclus|0 fnt\n|faint|p1a: Reuniclus\n|-hitcount|p1: Reuniclus|1\n|\n|upkeep\n|\n|t:|1733870587\n|switch|p1a: Oricorio|Oricorio, L84, F|263/263\n|turn|14\n|\n|t:|1733870600\n|move|p1a: Oricorio|Revelation Dance|p2a: Iron Crown\n|-supereffective|p2a: Iron Crown\n|-damage|p2a: Iron Crown|0 fnt\n|faint|p2a: Iron Crown\n|-end|p2a: Iron Crown|Quark Drive|[silent]\n|\n|upkeep\n|\n|t:|1733870607\n|switch|p2a: Luvdisc|Luvdisc, F|247/247\n|turn|15\n|\n|t:|1733870614\n|move|p2a: Luvdisc|Whirlpool|p1a: Oricorio\n|-supereffective|p1a: Oricorio\n|-damage|p1a: Oricorio|189/263\n|-activate|p1a: Oricorio|move: Whirlpool|[of] p2a: Luvdisc\n|move|p1a: Oricorio|Hurricane|p2a: Luvdisc\n|-crit|p2a: Luvdisc\n|-damage|p2a: Luvdisc|48/247\n|\n|-damage|p1a: Oricorio|157/263|[from] move: Whirlpool|[partiallytrapped]\n|upkeep\n|turn|16\n|\n|t:|1733870630\n|move|p2a: Luvdisc|Surf|p1a: Oricorio\n|-supereffective|p1a: Oricorio\n|-damage|p1a: Oricorio|0 fnt\n|faint|p1a: Oricorio\n|\n|upkeep\n|\n|t:|1733870635\n|switch|p1a: Ambipom|Ambipom, L84, M|215/263 brn\n|-damage|p1a: Ambipom|183/263 brn|[from] Stealth Rock\n|turn|17\n|\n|t:|1733870649\n|move|p1a: Ambipom|Fake Out|p2a: Luvdisc\n|-damage|p2a: Luvdisc|0 fnt\n|faint|p2a: Luvdisc\n|\n|-damage|p1a: Ambipom|167/263 brn|[from] brn\n|upkeep\n|\n|t:|1733870655\n|switch|p2a: Palkia|Palkia, L75|259/259\n|-ability|p2a: Palkia|Pressure\n|turn|18\n|\n|t:|1733870681\n|move|p1a: Ambipom|Knock Off|p2a: Palkia\n|-damage|p2a: Palkia|226/259\n|-enditem|p2a: Palkia|Lustrous Orb|[from] move: Knock Off|[of] p1a: Ambipom\n|move|p2a: Palkia|Draco Meteor|p1a: Ambipom\n|-damage|p1a: Ambipom|0 fnt\n|-unboost|p2a: Palkia|spa|2\n|faint|p1a: Ambipom\n|\n|win|AkiDes\n|raw|mac-flit's rating: 1235 &rarr; <strong>1213</strong><br />(-22 for losing)\n|raw|AkiDes's rating: 1270 &rarr; <strong>1292</strong><br />(+22 for winning)\n|l|\u2606mac-flit\n|player|p1|\n", "inputlog": ">version bfd83cad13791eb5a5a409923076391caf6fb4d4\n>start {\"formatid\":\"gen9randombattle\",\"seed\":[18587,14331,4444,49193],\"rated\":\"Rated battle\"}\n>player p1 {\"name\":\"mac-flit\",\"avatar\":\"266\",\"rating\":1235,\"seed\":[60978,479,57741,28045]}\n>player p2 {\"name\":\"AkiDes\",\"avatar\":\"volkner\",\"rating\":1270,\"seed\":[15791,5896,14118,47488]}\n>p1 move uturn\n>p2 move stealthrock\n>p1 switch 2\n>p1 move waterpulse\n>p2 move yawn\n>p2 switch 5\n>p1 move waterpulse\n>p2 move swordsdance\n>p1 move dragonpulse\n>p2 move bodyslam\n>p1 move uturn\n>p2 move bodyslam\n>p1 switch 6\n>p1 move heavyslam\n>p2 move earthquake\n>p1 switch 6\n>p1 move dragonpulse\n>p2 move bodyslam\n>p2 switch 4\n>p1 move darkpulse\n>p2 move psyshock\n>p1 switch 2\n>p1 move knockoff\n>p2 move calmmind\n>p1 switch 3\n>p2 move tachyoncutter\n>p1 switch 5\n>p1 move focusblast\n>p2 move tachyoncutter\n>p1 move focusblast\n>p2 move tachyoncutter\n>p1 move recover\n>p2 move tachyoncutter\n>p1 switch 4\n>p1 move revelationdance\n>p2 move psyshock\n>p2 switch 6\n>p1 move hurricane\n>p2 move whirlpool\n>p1 move revelationdance\n>p2 move surf\n>p1 switch 3\n>p1 move fakeout\n>p2 move surf\n>p2 switch 3\n>p1 move knockoff\n>p2 move dracometeor", "uploadtime": 1733870799, "views": 1, "formatid": "gen9randombattle", "rating": 1213, "private": 0, "password": null}