{"id": "gen9randombattle-2260467504", "format": "[Gen 9] Random Battle", "players": ["alvarogstz", "Blazelaze5"], "log": "|j|\u2606alvarogstz\n|j|\u203dBlazelaze5\n|t:|1733854474\n|gametype|singles\n|player|p1|alvarogstz|cynthia|1155\n|player|p2|Blazelaze5|265|1142\n|teamsize|p1|6\n|teamsize|p2|6\n|gen|9\n|tier|[Gen 9] Random Battle\n|rated|\n|rule|Species Clause: Limit one of each Pok\u00e9mon\n|rule|HP Percentage Mod: HP is shown in percentages\n|rule|Sleep Clause Mod: Limit one foe put to sleep\n|rule|Illusion Level Mod: Illusion disguises the Pok\u00e9mon's true level\n|\n|t:|1733854474\n|start\n|switch|p1a: Mismagius|Mismagius, L86, F|243/243\n|switch|p2a: Falinks|Falinks, L84|246/246\n|turn|1\n|\n|t:|1733854484\n|move|p1a: Mismagius|Nasty Plot|p1a: Mismagius\n|-boost|p1a: Mismagius|spa|2\n|move|p2a: Falinks|No Retreat|p2a: Falinks\n|-boost|p2a: Falinks|atk|1\n|-boost|p2a: Falinks|def|1\n|-boost|p2a: Falinks|spa|1\n|-boost|p2a: Falinks|spd|1\n|-boost|p2a: Falinks|spe|1\n|-start|p2a: Falinks|move: No Retreat\n|\n|upkeep\n|turn|2\n|\n|t:|1733854493\n|move|p2a: Falinks|Knock Off|p1a: Mismagius\n|-supereffective|p1a: Mismagius\n|-damage|p1a: Mismagius|0 fnt\n|-enditem|p1a: Mismagius|Life Orb|[from] move: Knock Off|[of] p2a: Falinks\n|faint|p1a: Mismagius\n|-damage|p2a: Falinks|222/246|[from] item: Life Orb\n|\n|upkeep\n|\n|t:|1733854497\n|switch|p1a: Eiscue|Eiscue, L88, M|274/274\n|turn|3\n|\n|t:|1733854506\n|move|p2a: Falinks|Iron Head|p1a: Eiscue\n|-activate|p1a: Eiscue|ability: Ice Face\n|-damage|p1a: Eiscue|274/274\n|detailschange|p1a: Eiscue|Eiscue-Noice, L88, M\n|-damage|p2a: Falinks|198/246|[from] item: Life Orb\n|cant|p1a: Eiscue|flinch\n|\n|upkeep\n|turn|4\n|\n|t:|1733854515\n|move|p1a: Eiscue|Belly Drum|p1a: Eiscue\n|-damage|p1a: Eiscue|137/274\n|-setboost|p1a: Eiscue|atk|6|[from] move: Belly Drum\n|-enditem|p1a: Eiscue|Sitrus Berry|[eat]\n|-heal|p1a: Eiscue|205/274|[from] item: Sitrus Berry\n|move|p2a: Falinks|Iron Head|p1a: Eiscue\n|-supereffective|p1a: Eiscue\n|-damage|p1a: Eiscue|0 fnt\n|faint|p1a: Eiscue\n|-damage|p2a: Falinks|174/246|[from] item: Life Orb\n|\n|upkeep\n|\n|t:|1733854519\n|switch|p1a: Sylveon|Sylveon, L85, M|300/300\n|turn|5\n|\n|t:|1733854523\n|move|p1a: Sylveon|Protect|p1a: Sylveon\n|-singleturn|p1a: Sylveon|Protect\n|move|p2a: Falinks|Iron Head|p1a: Sylveon\n|-activate|p1a: Sylveon|move: Protect\n|\n|upkeep\n|turn|6\n|\n|t:|1733854532\n|-terastallize|p1a: Sylveon|Steel\n|move|p2a: Falinks|Iron Head|p1a: Sylveon\n|-resisted|p1a: Sylveon\n|-damage|p1a: Sylveon|234/300\n|-damage|p2a: Falinks|150/246|[from] item: Life Orb\n|move|p1a: Sylveon|Calm Mind|p1a: Sylveon\n|-boost|p1a: Sylveon|spa|1\n|-boost|p1a: Sylveon|spd|1\n|\n|-heal|p1a: Sylveon|252/300|[from] item: Leftovers\n|upkeep\n|turn|7\n|\n|t:|1733854545\n|move|p2a: Falinks|Close Combat|p1a: Sylveon\n|-supereffective|p1a: Sylveon\n|-damage|p1a: Sylveon|0 fnt\n|-unboost|p2a: Falinks|def|1\n|-unboost|p2a: Falinks|spd|1\n|faint|p1a: Sylveon\n|-damage|p2a: Falinks|126/246|[from] item: Life Orb\n|\n|upkeep\n|\n|t:|1733854551\n|switch|p1a: Tornadus|Tornadus, L82, M|264/264\n|turn|8\n|\n|t:|1733854558\n|move|p1a: Tornadus|Nasty Plot|p1a: Tornadus\n|-boost|p1a: Tornadus|spa|2\n|move|p2a: Falinks|Iron Head|p1a: Tornadus\n|-damage|p1a: Tornadus|129/264\n|-damage|p2a: Falinks|102/246|[from] item: Life Orb\n|\n|upkeep\n|turn|9\n|\n|t:|1733854562\n|move|p2a: Falinks|Iron Head|p1a: Tornadus\n|-damage|p1a: Tornadus|0 fnt\n|faint|p1a: Tornadus\n|-damage|p2a: Falinks|78/246|[from] item: Life Orb\n|\n|upkeep\n|\n|t:|1733854566\n|switch|p1a: Shaymin|Shaymin-Sky, L73|266/266\n|turn|10\n|\n|t:|1733854570\n|move|p2a: Falinks|Iron Head|p1a: Shaymin\n|-damage|p1a: Shaymin|131/266\n|-damage|p2a: Falinks|54/246|[from] item: Life Orb\n|cant|p1a: Shaymin|flinch\n|\n|upkeep\n|turn|11\n|\n|t:|1733854577\n|move|p2a: Falinks|Iron Head|p1a: Shaymin\n|-damage|p1a: Shaymin|0 fnt\n|faint|p1a: Shaymin\n|-damage|p2a: Falinks|30/246|[from] item: Life Orb\n|\n|upkeep\n|\n|t:|1733854580\n|switch|p1a: Comfey|Comfey, L85, F|225/225\n|turn|12\n|\n|t:|1733854589\n|move|p2a: Falinks|Iron Head|p1a: Comfey\n|-supereffective|p1a: Comfey\n|-damage|p1a: Comfey|14/225\n|-damage|p2a: Falinks|6/246|[from] item: Life Orb\n|move|p1a: Comfey|Calm Mind|p1a: Comfey\n|-boost|p1a: Comfey|spa|1\n|-boost|p1a: Comfey|spd|1\n|\n|-heal|p1a: Comfey|28/225|[from] item: Leftovers\n|upkeep\n|turn|13\n|\n|t:|1733854594\n|move|p2a: Falinks|Iron Head|p1a: Comfey\n|-supereffective|p1a: Comfey\n|-damage|p1a: Comfey|0 fnt\n|faint|p1a: Comfey\n|-damage|p2a: Falinks|0 fnt|[from] item: Life Orb\n|faint|p2a: Falinks\n|\n|win|Blazelaze5\n|raw|alvarogstz's rating: 1155 &rarr; <strong>1129</strong><br />(-26 for losing)\n|raw|Blazelaze5's rating: 1142 &rarr; <strong>1168</strong><br />(+26 for winning)\n|l|\u2606alvarogstz\n|player|p1|\n", "inputlog": ">version bfd83cad13791eb5a5a409923076391caf6fb4d4\n>start {\"formatid\":\"gen9randombattle\",\"seed\":[61052,26769,41468,42709],\"rated\":\"Rated battle\"}\n>player p1 {\"name\":\"alvarogstz\",\"avatar\":\"cynthia\",\"rating\":1155,\"seed\":[37876,52344,19867,60538]}\n>player p2 {\"name\":\"Blazelaze5\",\"avatar\":\"265\",\"rating\":1142,\"seed\":[6411,15488,53715,15126]}\n>p1 move nastyplot\n>p2 move noretreat\n>p1 move dazzlinggleam\n>p2 move knockoff\n>p1 switch 2\n>p1 move bellydrum\n>p2 move ironhead\n>p1 move bellydrum\n>p2 move ironhead\n>p1 switch 5\n>p1 move protect\n>p2 move ironhead\n>p1 move calmmind terastallize\n>p2 move ironhead\n>p1 move hypervoice\n>p2 move closecombat\n>p1 switch 3\n>p1 move nastyplot\n>p2 move ironhead\n>p1 move bleakwindstorm\n>p2 move ironhead\n>p1 switch 4\n>p1 move airslash\n>p2 move ironhead\n>p1 move airslash\n>p2 move ironhead\n>p1 switch 6\n>p1 move calmmind\n>p2 move ironhead\n>p1 move storedpower\n>p2 move ironhead", "uploadtime": 1733854609, "views": 1, "formatid": "gen9randombattle", "rating": 1129, "private": 0, "password": null}