{"id": "gen9randombattle-2229412222", "format": "[Gen 9] Random Battle", "players": ["elsa peters", "Qiuescent"], "log": "|badge|p1|silver|gen9randombattle|30-3\n|uhtml|medal-msg|<div class=\"broadcast-blue\">Curious what those medals under the avatar are? PS now has Ladder Seasons! For more information, check out the <a href=\"https://www.smogon.com/forums/threads/3740067/\">thread on Smogon.</a></div>\n|j|\u2606elsa peters\n|j|\u203dQiuescent\n|t:|1729711888\n|gametype|singles\n|player|p1|elsa peters|265|2362\n|player|p2|Qiuescent|102|2252\n|teamsize|p1|6\n|teamsize|p2|6\n|gen|9\n|tier|[Gen 9] Random Battle\n|rated|\n|rule|Species Clause: Limit one of each Pok\u00e9mon\n|rule|HP Percentage Mod: HP is shown in percentages\n|rule|Sleep Clause Mod: Limit one foe put to sleep\n|rule|Illusion Level Mod: Illusion disguises the Pok\u00e9mon's true level\n|\n|t:|1729711888\n|start\n|switch|p1a: Terapagos|Terapagos, L76, F|262/262\n|switch|p2a: Jumpluff|Jumpluff, L87, M|271/271\n|-activate|p1a: Terapagos|ability: Tera Shift\n|detailschange|p1a: Terapagos|Terapagos-Terastal, L76, F\n|-heal|p1a: Terapagos|269/269|[silent]\n|turn|1\n|\n|t:|1729711902\n|move|p2a: Jumpluff|Acrobatics|p1a: Terapagos\n|-activate|p1a: Terapagos|ability: Tera Shell\n|-resisted|p1a: Terapagos\n|-damage|p1a: Terapagos|233/269\n|move|p1a: Terapagos|Calm Mind|p1a: Terapagos\n|-boost|p1a: Terapagos|spa|1\n|-boost|p1a: Terapagos|spd|1\n|\n|upkeep\n|turn|2\n|\n|t:|1729711907\n|move|p2a: Jumpluff|Leech Seed|p1a: Terapagos\n|-start|p1a: Terapagos|move: Leech Seed\n|move|p1a: Terapagos|Tera Starstorm|p2a: Jumpluff\n|-damage|p2a: Jumpluff|118/271\n|\n|-damage|p1a: Terapagos|200/269|[from] Leech Seed|[of] p2a: Jumpluff\n|-heal|p2a: Jumpluff|151/271|[silent]\n|upkeep\n|turn|3\n|\n|t:|1729711912\n|move|p2a: Jumpluff|Substitute|p2a: Jumpluff\n|-start|p2a: Jumpluff|Substitute\n|-damage|p2a: Jumpluff|84/271\n|move|p1a: Terapagos|Tera Starstorm|p2a: Jumpluff\n|-end|p2a: Jumpluff|Substitute\n|\n|-damage|p1a: Terapagos|167/269|[from] Leech Seed|[of] p2a: Jumpluff\n|-heal|p2a: Jumpluff|117/271|[silent]\n|upkeep\n|turn|4\n|\n|t:|1729711916\n|move|p2a: Jumpluff|Substitute|p2a: Jumpluff\n|-start|p2a: Jumpluff|Substitute\n|-damage|p2a: Jumpluff|50/271\n|move|p1a: Terapagos|Tera Starstorm|p2a: Jumpluff\n|-end|p2a: Jumpluff|Substitute\n|\n|-damage|p1a: Terapagos|134/269|[from] Leech Seed|[of] p2a: Jumpluff\n|-heal|p2a: Jumpluff|83/271|[silent]\n|upkeep\n|turn|5\n|\n|t:|1729711921\n|move|p2a: Jumpluff|Substitute|p2a: Jumpluff\n|-start|p2a: Jumpluff|Substitute\n|-damage|p2a: Jumpluff|16/271\n|move|p1a: Terapagos|Tera Starstorm|p2a: Jumpluff\n|-end|p2a: Jumpluff|Substitute\n|\n|-damage|p1a: Terapagos|101/269|[from] Leech Seed|[of] p2a: Jumpluff\n|-heal|p2a: Jumpluff|49/271|[silent]\n|upkeep\n|turn|6\n|\n|t:|1729711929\n|switch|p1a: Empoleon|Empoleon, L84, F|278/278\n|move|p2a: Jumpluff|Strength Sap|p1a: Empoleon\n|-unboost|p1a: Empoleon|atk|1\n|-ability|p1a: Empoleon|Competitive|boost\n|-boost|p1a: Empoleon|spa|2\n|-heal|p2a: Jumpluff|198/271\n|\n|upkeep\n|turn|7\n|\n|t:|1729711934\n|move|p2a: Jumpluff|Substitute|p2a: Jumpluff\n|-start|p2a: Jumpluff|Substitute\n|-damage|p2a: Jumpluff|131/271\n|move|p1a: Empoleon|Stealth Rock|p2a: Jumpluff\n|-sidestart|p2: Qiuescent|move: Stealth Rock\n|\n|upkeep\n|turn|8\n|\n|t:|1729711937\n|move|p2a: Jumpluff|Leech Seed|p1a: Empoleon\n|-start|p1a: Empoleon|move: Leech Seed\n|move|p1a: Empoleon|Surf|p2a: Jumpluff\n|-resisted|p2a: Jumpluff\n|-end|p2a: Jumpluff|Substitute\n|\n|-damage|p1a: Empoleon|244/278|[from] Leech Seed|[of] p2a: Jumpluff\n|-heal|p2a: Jumpluff|165/271|[silent]\n|upkeep\n|turn|9\n|\n|t:|1729711945\n|switch|p1a: Iron Moth|Iron Moth, L78|253/253\n|move|p2a: Jumpluff|Substitute|p2a: Jumpluff\n|-start|p2a: Jumpluff|Substitute\n|-damage|p2a: Jumpluff|98/271\n|\n|upkeep\n|turn|10\n|\n|t:|1729711950\n|move|p2a: Jumpluff|Leech Seed|p1a: Iron Moth\n|-start|p1a: Iron Moth|move: Leech Seed\n|move|p1a: Iron Moth|Fiery Dance|p2a: Jumpluff\n|-supereffective|p2a: Jumpluff\n|-end|p2a: Jumpluff|Substitute\n|\n|-damage|p1a: Iron Moth|222/253|[from] Leech Seed|[of] p2a: Jumpluff\n|-heal|p2a: Jumpluff|129/271|[silent]\n|upkeep\n|turn|11\n|\n|t:|1729711953\n|move|p2a: Jumpluff|Substitute|p2a: Jumpluff\n|-start|p2a: Jumpluff|Substitute\n|-damage|p2a: Jumpluff|62/271\n|move|p1a: Iron Moth|Fiery Dance|p2a: Jumpluff\n|-supereffective|p2a: Jumpluff\n|-end|p2a: Jumpluff|Substitute\n|\n|-damage|p1a: Iron Moth|191/253|[from] Leech Seed|[of] p2a: Jumpluff\n|-heal|p2a: Jumpluff|93/271|[silent]\n|upkeep\n|turn|12\n|\n|t:|1729711954\n|move|p2a: Jumpluff|Substitute|p2a: Jumpluff\n|-start|p2a: Jumpluff|Substitute\n|-damage|p2a: Jumpluff|26/271\n|move|p1a: Iron Moth|Fiery Dance|p2a: Jumpluff\n|-supereffective|p2a: Jumpluff\n|-end|p2a: Jumpluff|Substitute\n|\n|-damage|p1a: Iron Moth|160/253|[from] Leech Seed|[of] p2a: Jumpluff\n|-heal|p2a: Jumpluff|57/271|[silent]\n|upkeep\n|turn|13\n|\n|t:|1729711958\n|move|p2a: Jumpluff|Acrobatics|p1a: Iron Moth\n|-damage|p1a: Iron Moth|46/253\n|move|p1a: Iron Moth|Fiery Dance|p2a: Jumpluff\n|-supereffective|p2a: Jumpluff\n|-damage|p2a: Jumpluff|0 fnt\n|-boost|p1a: Iron Moth|spa|1\n|faint|p2a: Jumpluff\n|\n|upkeep\n|\n|t:|1729711966\n|switch|p2a: Lumineon|Lumineon, L93, F|279/279\n|-damage|p2a: Lumineon|245/279|[from] Stealth Rock\n|turn|14\n|\n|t:|1729711969\n|-end|p1a: Iron Moth|Quark Drive|[silent]\n|switch|p1a: Empoleon|Empoleon, L84, F|244/278\n|move|p2a: Lumineon|Hydro Pump|p1a: Empoleon|[miss]\n|-miss|p2a: Lumineon|p1a: Empoleon\n|\n|-heal|p1a: Empoleon|261/278|[from] item: Leftovers\n|upkeep\n|turn|15\n|\n|t:|1729711973\n|switch|p2a: Politoed|Politoed, L88, M|302/302\n|-damage|p2a: Politoed|265/302|[from] Stealth Rock\n|-weather|RainDance|[from] ability: Drizzle|[of] p2a: Politoed\n|move|p1a: Empoleon|Yawn|p2a: Politoed\n|-start|p2a: Politoed|move: Yawn|[of] p1a: Empoleon\n|\n|-weather|RainDance|[upkeep]\n|-heal|p1a: Empoleon|278/278|[from] item: Leftovers\n|upkeep\n|turn|16\n|\n|t:|1729711977\n|move|p2a: Politoed|Hypnosis|p1a: Empoleon\n|-status|p1a: Empoleon|slp|[from] move: Hypnosis\n|cant|p1a: Empoleon|slp\n|\n|-weather|RainDance|[upkeep]\n|-end|p2a: Politoed|move: Yawn|[silent]\n|-status|p2a: Politoed|slp\n|upkeep\n|-enditem|p2a: Politoed|Chesto Berry|[eat]\n|-curestatus|p2a: Politoed|slp|[msg]\n|turn|17\n|\n|t:|1729711982\n|switch|p2a: Skuntank|Skuntank, L84, F|310/310\n|-damage|p2a: Skuntank|272/310|[from] Stealth Rock\n|-curestatus|p1a: Empoleon|slp|[msg]\n|move|p1a: Empoleon|Yawn|p2a: Skuntank\n|-start|p2a: Skuntank|move: Yawn|[of] p1a: Empoleon\n|\n|-weather|RainDance|[upkeep]\n|upkeep\n|turn|18\n|\n|t:|1729711985\n|move|p2a: Skuntank|Knock Off|p1a: Empoleon\n|-damage|p1a: Empoleon|160/278\n|-enditem|p1a: Empoleon|Leftovers|[from] move: Knock Off|[of] p2a: Skuntank\n|-damage|p2a: Skuntank|241/310|[from] item: Life Orb\n|move|p1a: Empoleon|Surf|p2a: Skuntank\n|-damage|p2a: Skuntank|16/310\n|\n|-weather|RainDance|[upkeep]\n|-end|p2a: Skuntank|move: Yawn|[silent]\n|-status|p2a: Skuntank|slp\n|upkeep\n|turn|19\n|\n|t:|1729711990\n|switch|p2a: Vigoroth|Vigoroth, L85, M|275/275\n|-damage|p2a: Vigoroth|241/275|[from] Stealth Rock\n|move|p1a: Empoleon|Roost|p1a: Empoleon\n|-heal|p1a: Empoleon|278/278\n|-singleturn|p1a: Empoleon|move: Roost\n|\n|-weather|none\n|upkeep\n|turn|20\n|\n|t:|1729711998\n|switch|p1a: Gurdurr|Gurdurr, L85, F|283/283\n|move|p2a: Vigoroth|Bulk Up|p2a: Vigoroth\n|-boost|p2a: Vigoroth|atk|1\n|-boost|p2a: Vigoroth|def|1\n|\n|upkeep\n|turn|21\n|\n|t:|1729712001\n|move|p2a: Vigoroth|Bulk Up|p2a: Vigoroth\n|-boost|p2a: Vigoroth|atk|1\n|-boost|p2a: Vigoroth|def|1\n|move|p1a: Gurdurr|Bulk Up|p1a: Gurdurr\n|-boost|p1a: Gurdurr|atk|1\n|-boost|p1a: Gurdurr|def|1\n|\n|upkeep\n|turn|22\n|\n|t:|1729712006\n|move|p2a: Vigoroth|Bulk Up|p2a: Vigoroth\n|-boost|p2a: Vigoroth|atk|1\n|-boost|p2a: Vigoroth|def|1\n|move|p1a: Gurdurr|Bulk Up|p1a: Gurdurr\n|-boost|p1a: Gurdurr|atk|1\n|-boost|p1a: Gurdurr|def|1\n|\n|upkeep\n|turn|23\n|\n|t:|1729712013\n|move|p2a: Vigoroth|Body Slam|p1a: Gurdurr\n|-damage|p1a: Gurdurr|217/283\n|move|p1a: Gurdurr|Knock Off|p2a: Vigoroth\n|-damage|p2a: Vigoroth|194/275\n|-enditem|p2a: Vigoroth|Eviolite|[from] move: Knock Off|[of] p1a: Gurdurr\n|\n|upkeep\n|turn|24\n|\n|t:|1729712023\n|-terastallize|p2a: Vigoroth|Ghost\n|move|p2a: Vigoroth|Bulk Up|p2a: Vigoroth\n|-boost|p2a: Vigoroth|atk|1\n|-boost|p2a: Vigoroth|def|1\n|move|p1a: Gurdurr|Drain Punch|p2a: Vigoroth\n|-immune|p2a: Vigoroth\n|\n|upkeep\n|turn|25\n|\n|t:|1729712024\n|move|p2a: Vigoroth|Body Slam|p1a: Gurdurr\n|-damage|p1a: Gurdurr|133/283\n|move|p1a: Gurdurr|Bulk Up|p1a: Gurdurr\n|-boost|p1a: Gurdurr|atk|1\n|-boost|p1a: Gurdurr|def|1\n|\n|upkeep\n|turn|26\n|\n|t:|1729712028\n|move|p2a: Vigoroth|Body Slam|p1a: Gurdurr\n|-damage|p1a: Gurdurr|72/283\n|-status|p1a: Gurdurr|par\n|move|p1a: Gurdurr|Knock Off|p2a: Vigoroth\n|-supereffective|p2a: Vigoroth\n|-damage|p2a: Vigoroth|54/275\n|\n|upkeep\n|turn|27\n|\n|t:|1729712037\n|switch|p1a: Iron Moth|Iron Moth, L78|46/253\n|move|p2a: Vigoroth|Slack Off|p2a: Vigoroth\n|-heal|p2a: Vigoroth|192/275\n|\n|upkeep\n|turn|28\n|\n|t:|1729712039\n|move|p1a: Iron Moth|Fiery Dance|p2a: Vigoroth\n|-damage|p2a: Vigoroth|0 fnt\n|faint|p2a: Vigoroth\n|\n|upkeep\n|\n|t:|1729712049\n|switch|p2a: Politoed|Politoed, L88, M|265/302\n|-damage|p2a: Politoed|228/302|[from] Stealth Rock\n|-weather|RainDance|[from] ability: Drizzle|[of] p2a: Politoed\n|turn|29\n|\n|t:|1729712055\n|-end|p1a: Iron Moth|Quark Drive|[silent]\n|switch|p1a: Empoleon|Empoleon, L84, F|278/278\n|move|p2a: Politoed|Surf|p1a: Empoleon\n|-resisted|p1a: Empoleon\n|-damage|p1a: Empoleon|209/278\n|\n|-weather|RainDance|[upkeep]\n|upkeep\n|turn|30\n|\n|t:|1729712059\n|move|p2a: Politoed|Hypnosis|p1a: Empoleon\n|-status|p1a: Empoleon|slp|[from] move: Hypnosis\n|cant|p1a: Empoleon|slp\n|\n|-weather|RainDance|[upkeep]\n|upkeep\n|turn|31\n|\n|t:|1729712062\n|switch|p2a: Girafarig|Girafarig, L89, F|269/269\n|-damage|p2a: Girafarig|236/269|[from] Stealth Rock\n|cant|p1a: Empoleon|slp\n|\n|-weather|RainDance|[upkeep]\n|upkeep\n|turn|32\n|\n|t:|1729712064\n|move|p2a: Girafarig|Nasty Plot|p2a: Girafarig\n|-boost|p2a: Girafarig|spa|2\n|cant|p1a: Empoleon|slp\n|\n|-weather|RainDance|[upkeep]\n|upkeep\n|turn|33\n|\n|t:|1729712071\n|switch|p1a: Gurdurr|Gurdurr, L85, F|72/283 par\n|move|p2a: Girafarig|Thunderbolt|p1a: Gurdurr\n|-damage|p1a: Gurdurr|0 fnt\n|faint|p1a: Gurdurr\n|\n|-weather|none\n|upkeep\n|\n|t:|1729712075\n|switch|p1a: Iron Moth|Iron Moth, L78|46/253\n|turn|34\n|\n|t:|1729712082\n|move|p1a: Iron Moth|U-turn|p2a: Girafarig\n|-supereffective|p2a: Girafarig\n|-damage|p2a: Girafarig|182/269\n|\n|t:|1729712083\n|-end|p1a: Iron Moth|Quark Drive|[silent]\n|switch|p1a: Terapagos|Terapagos-Terastal, L76, F|101/269|[from] U-turn\n|move|p2a: Girafarig|Thunderbolt|p1a: Terapagos\n|-damage|p1a: Terapagos|0 fnt\n|faint|p1a: Terapagos\n|\n|upkeep\n|\n|t:|1729712085\n|switch|p1a: Iron Moth|Iron Moth, L78|46/253\n|turn|35\n|\n|t:|1729712091\n|move|p1a: Iron Moth|Sludge Wave|p2a: Girafarig\n|-damage|p2a: Girafarig|46/269\n|move|p2a: Girafarig|Thunderbolt|p1a: Iron Moth\n|-damage|p1a: Iron Moth|0 fnt\n|faint|p1a: Iron Moth\n|-end|p1a: Iron Moth|Quark Drive|[silent]\n|\n|upkeep\n|\n|t:|1729712093\n|switch|p1a: Dragonite|Dragonite, L74, F|257/257\n|turn|36\n|\n|t:|1729712095\n|move|p2a: Girafarig|Psyshock|p1a: Dragonite\n|-damage|p1a: Dragonite|167/257\n|move|p1a: Dragonite|Dragon Dance|p1a: Dragonite\n|-boost|p1a: Dragonite|atk|1\n|-boost|p1a: Dragonite|spe|1\n|\n|upkeep\n|turn|37\n|\n|t:|1729712098\n|switch|p2a: Skuntank|Skuntank, L84, F|16/310 slp\n|-damage|p2a: Skuntank|0 fnt|[from] Stealth Rock\n|faint|p2a: Skuntank\n|move|p1a: Dragonite|Earthquake|p2: Skuntank|[notarget]\n|-fail|p1a: Dragonite\n|\n|upkeep\n|\n|t:|1729712099\n|switch|p2a: Lumineon|Lumineon, L93, F|245/279\n|-damage|p2a: Lumineon|211/279|[from] Stealth Rock\n|turn|38\n|\n|t:|1729712104\n|-terastallize|p1a: Dragonite|Steel\n|move|p1a: Dragonite|Outrage|p2a: Lumineon\n|-damage|p2a: Lumineon|19/279\n|move|p2a: Lumineon|Alluring Voice|p1a: Dragonite\n|-resisted|p1a: Dragonite\n|-damage|p1a: Dragonite|127/257\n|\n|upkeep\n|turn|39\n|\n|t:|1729712106\n|move|p1a: Dragonite|Outrage|p2a: Lumineon|[from]lockedmove\n|-crit|p2a: Lumineon\n|-damage|p2a: Lumineon|0 fnt\n|faint|p2a: Lumineon\n|-start|p1a: Dragonite|confusion|[fatigue]\n|\n|upkeep\n|-message|Qiuescent forfeited.\n|\n|win|elsa peters\n|raw|elsa peters's rating: 2362 &rarr; <strong>2376</strong><br />(+14 for winning)\n|raw|Qiuescent's rating: 2252 &rarr; <strong>2238</strong><br />(-14 for losing)\n|l|\u203dQiuescent\n|player|p2|\n", "inputlog": ">version f848a9fd958ec8f1ca6a9f7c452a4b12c3110db6\n>start {\"formatid\":\"gen9randombattle\",\"seed\":[29768,38730,9516,43449],\"rated\":\"Rated battle\"}\n>player p1 {\"name\":\"elsa peters\",\"avatar\":\"265\",\"rating\":2362,\"seed\":[42200,42232,1425,9962]}\n>player p2 {\"name\":\"Qiuescent\",\"avatar\":\"102\",\"rating\":2252,\"seed\":[3804,47034,33035,37410]}\n>p1 move calmmind\n>p2 move acrobatics\n>p1 move terastarstorm\n>p2 move leechseed\n>p1 move terastarstorm\n>p2 move substitute\n>p1 move terastarstorm\n>p2 move substitute\n>p1 move terastarstorm\n>p2 move substitute\n>p1 switch 4\n>p2 move strengthsap\n>p1 move stealthrock\n>p2 move substitute\n>p1 move surf\n>p2 move leechseed\n>p1 switch 3\n>p2 move substitute\n>p1 move fierydance\n>p2 move leechseed\n>p1 move fierydance\n>p2 move substitute\n>p1 move fierydance\n>p2 move substitute\n>p1 move fierydance\n>p2 move acrobatics\n>p2 switch 2\n>p1 switch 3\n>p2 move hydropump\n>p1 move yawn\n>p2 switch 4\n>p1 move yawn\n>p2 move hypnosis\n>p1 move yawn\n>p2 switch 3\n>p1 move surf\n>p2 move knockoff\n>p1 move roost\n>p2 switch 5\n>p1 switch 6\n>p2 move bulkup\n>p1 move bulkup\n>p2 move bulkup\n>p1 move bulkup\n>p2 move bulkup\n>p1 move knockoff\n>p2 move bodyslam\n>p1 move drainpunch\n>p2 move bulkup terastallize\n>p1 move bulkup\n>p2 move bodyslam\n>p1 move knockoff\n>p2 move bodyslam\n>p1 switch 3\n>p2 move slackoff\n>p1 move fierydance\n>p2 move bodyslam\n>p2 switch 3\n>p1 switch 6\n>p2 move surf\n>p1 move surf\n>p2 move hypnosis\n>p1 move roost\n>p2 switch 6\n>p1 move surf\n>p2 move nastyplot\n>p1 switch 3\n>p2 move thunderbolt\n>p1 switch 6\n>p1 move uturn\n>p2 move thunderbolt\n>p1 switch 4\n>p1 switch 4\n>p1 move sludgewave\n>p2 move thunderbolt\n>p1 switch 5\n>p1 move dragondance\n>p2 move psyshock\n>p1 move earthquake\n>p2 switch 5\n>p2 switch 4\n>p1 move outrage terastallize\n>p2 move alluringvoice\n>p1 move outrage\n>p2 move alluringvoice\n>forcelose p2", "uploadtime": 1729712109, "views": 48, "formatid": "gen9randombattle", "rating": 2238, "private": 0, "password": null}