{"id": "gen9randombattle-2260289200", "format": "[Gen 9] Random Battle", "players": ["awugld", "mufaster"], "log": "|j|\u2606awugld\n|j|\u203dmufaster\n|t:|1733835662\n|gametype|singles\n|player|p1|awugld|170|\n|player|p2|mufaster|266|\n|teamsize|p1|6\n|teamsize|p2|6\n|gen|9\n|tier|[Gen 9] Random Battle\n|rule|Species Clause: Limit one of each Pok\u00e9mon\n|rule|HP Percentage Mod: HP is shown in percentages\n|rule|Sleep Clause Mod: Limit one foe put to sleep\n|rule|Illusion Level Mod: Illusion disguises the Pok\u00e9mon's true level\n|\n|t:|1733835662\n|start\n|switch|p1a: Gumshoos|Gumshoos, L95, M|321/321\n|switch|p2a: Lanturn|Lanturn, L89, F|367/367\n|turn|1\n|\n|t:|1733835674\n|move|p2a: Lanturn|Ice Beam|p1a: Gumshoos\n|-damage|p1a: Gumshoos|218/321\n|move|p1a: Gumshoos|Earthquake|p2a: Lanturn\n|-supereffective|p2a: Lanturn\n|-damage|p2a: Lanturn|0 fnt\n|faint|p2a: Lanturn\n|\n|upkeep\n|\n|t:|1733835700\n|switch|p2a: Dunsparce|Dunsparce, L86, F|312/312\n|turn|2\n|\n|t:|1733835706\n|move|p1a: Gumshoos|Earthquake|p2a: Dunsparce\n|-damage|p2a: Dunsparce|201/312\n|move|p2a: Dunsparce|Body Slam|p1a: Gumshoos\n|-damage|p1a: Gumshoos|134/321\n|-status|p1a: Gumshoos|par\n|\n|upkeep\n|turn|3\n|\n|t:|1733835723\n|move|p2a: Dunsparce|Coil|p2a: Dunsparce\n|-boost|p2a: Dunsparce|atk|1\n|-boost|p2a: Dunsparce|def|1\n|-boost|p2a: Dunsparce|accuracy|1\n|move|p1a: Gumshoos|Earthquake|p2a: Dunsparce\n|-damage|p2a: Dunsparce|120/312\n|\n|upkeep\n|turn|4\n|\n|t:|1733835729\n|move|p2a: Dunsparce|Roost|p2a: Dunsparce\n|-heal|p2a: Dunsparce|276/312\n|-singleturn|p2a: Dunsparce|move: Roost\n|move|p1a: Gumshoos|Earthquake|p2a: Dunsparce\n|-crit|p2a: Dunsparce\n|-damage|p2a: Dunsparce|104/312\n|\n|upkeep\n|turn|5\n|\n|t:|1733835742\n|move|p2a: Dunsparce|Roost|p2a: Dunsparce\n|-heal|p2a: Dunsparce|260/312\n|-singleturn|p2a: Dunsparce|move: Roost\n|move|p1a: Gumshoos|Earthquake|p2a: Dunsparce\n|-damage|p2a: Dunsparce|184/312\n|\n|upkeep\n|turn|6\n|\n|t:|1733835748\n|move|p2a: Dunsparce|Coil|p2a: Dunsparce\n|-boost|p2a: Dunsparce|atk|1\n|-boost|p2a: Dunsparce|def|1\n|-boost|p2a: Dunsparce|accuracy|1\n|move|p1a: Gumshoos|Earthquake|p2a: Dunsparce\n|-damage|p2a: Dunsparce|130/312\n|\n|upkeep\n|turn|7\n|\n|t:|1733835786\n|move|p2a: Dunsparce|Body Slam|p1a: Gumshoos\n|-damage|p1a: Gumshoos|0 fnt\n|faint|p1a: Gumshoos\n|\n|upkeep\n|\n|t:|1733835831\n|switch|p1a: Donphan|Donphan, L84, M|288/288\n|turn|8\n|\n|t:|1733835845\n|move|p1a: Donphan|Earthquake|p2a: Dunsparce\n|-damage|p2a: Dunsparce|85/312\n|move|p2a: Dunsparce|Body Slam|p1a: Donphan\n|-damage|p1a: Donphan|179/288\n|-status|p1a: Donphan|par\n|\n|upkeep\n|turn|9\n|\n|t:|1733835860\n|move|p2a: Dunsparce|Roost|p2a: Dunsparce\n|-heal|p2a: Dunsparce|241/312\n|-singleturn|p2a: Dunsparce|move: Roost\n|cant|p1a: Donphan|par\n|\n|upkeep\n|turn|10\n|\n|t:|1733835866\n|move|p2a: Dunsparce|Body Slam|p1a: Donphan\n|-damage|p1a: Donphan|64/288 par\n|move|p1a: Donphan|Knock Off|p2a: Dunsparce\n|-damage|p2a: Dunsparce|209/312\n|-enditem|p2a: Dunsparce|Eviolite|[from] move: Knock Off|[of] p1a: Donphan\n|\n|upkeep\n|turn|11\n|\n|t:|1733835873\n|move|p1a: Donphan|Ice Shard|p2a: Dunsparce\n|-damage|p2a: Dunsparce|190/312\n|move|p2a: Dunsparce|Body Slam|p1a: Donphan\n|-damage|p1a: Donphan|0 fnt\n|faint|p1a: Donphan\n|\n|upkeep\n|\n|t:|1733835918\n|switch|p1a: Frosmoth|Frosmoth, L82, M|249/249\n|turn|12\n|\n|t:|1733835932\n|move|p1a: Frosmoth|Quiver Dance|p1a: Frosmoth\n|-boost|p1a: Frosmoth|spa|1\n|-boost|p1a: Frosmoth|spd|1\n|-boost|p1a: Frosmoth|spe|1\n|move|p2a: Dunsparce|Body Slam|p1a: Frosmoth\n|-damage|p1a: Frosmoth|42/249\n|-status|p1a: Frosmoth|par\n|\n|upkeep\n|turn|13\n|\n|t:|1733835947\n|move|p2a: Dunsparce|Body Slam|p1a: Frosmoth\n|-damage|p1a: Frosmoth|0 fnt\n|faint|p1a: Frosmoth\n|\n|upkeep\n|\n|t:|1733835952\n|switch|p1a: Giratina|Giratina-Origin, L72|335/335\n|turn|14\n|\n|t:|1733835966\n|move|p1a: Giratina|Draco Meteor|p2a: Dunsparce\n|-damage|p2a: Dunsparce|13/312\n|-unboost|p1a: Giratina|spa|2\n|move|p2a: Dunsparce|Body Slam|p1a: Giratina\n|-immune|p1a: Giratina\n|\n|upkeep\n|turn|15\n|\n|t:|1733835979\n|move|p1a: Giratina|Will-O-Wisp|p2a: Dunsparce\n|-status|p2a: Dunsparce|brn\n|move|p2a: Dunsparce|Roost|p2a: Dunsparce\n|-heal|p2a: Dunsparce|169/312 brn\n|-singleturn|p2a: Dunsparce|move: Roost\n|\n|-damage|p2a: Dunsparce|150/312 brn|[from] brn\n|upkeep\n|turn|16\n|\n|t:|1733835990\n|move|p1a: Giratina|Draco Meteor|p2a: Dunsparce\n|-damage|p2a: Dunsparce|66/312 brn\n|-unboost|p1a: Giratina|spa|2\n|move|p2a: Dunsparce|Roost|p2a: Dunsparce\n|-heal|p2a: Dunsparce|222/312 brn\n|-singleturn|p2a: Dunsparce|move: Roost\n|\n|-damage|p2a: Dunsparce|203/312 brn|[from] brn\n|upkeep\n|turn|17\n|-message|awugld forfeited.\n|\n|win|mufaster\n|l|\u2606awugld\n|player|p1|\n", "inputlog": ">version bfd83cad13791eb5a5a409923076391caf6fb4d4\n>start {\"formatid\":\"gen9randombattle\",\"seed\":[6782,40604,366,47831]}\n>player p1 {\"name\":\"awugld\",\"avatar\":\"170\",\"rating\":0,\"seed\":[60908,44368,46271,5014]}\n>player p2 {\"name\":\"mufaster\",\"avatar\":\"266\",\"rating\":0,\"seed\":[1656,31940,20238,58719]}\n>p1 move earthquake\n>p2 move icebeam\n>p2 switch 2\n>p1 move earthquake\n>p2 move bodyslam\n>p1 move earthquake\n>p2 move coil\n>p1 move earthquake\n>p2 move roost\n>p1 move earthquake\n>p2 move roost\n>p1 move earthquake\n>p2 move coil\n>p1 move earthquake\n>p2 move bodyslam\n>p1 switch 3\n>p1 move earthquake\n>p2 move bodyslam\n>p1 move knockoff\n>p2 move roost\n>p1 move knockoff\n>p2 move bodyslam\n>p1 move iceshard\n>p2 move bodyslam\n>p1 switch 4\n>p1 move quiverdance\n>p2 move bodyslam\n>p1 move terablast\n>p2 move bodyslam\n>p1 switch 6\n>p1 move dracometeor\n>p2 move bodyslam\n>p1 move willowisp\n>p2 move roost\n>p1 move dracometeor\n>p2 move roost\n>forcelose p1", "uploadtime": 1733836013, "views": 14, "formatid": "gen9randombattle", "rating": null, "private": 0, "password": null}