{"id": "gen9randombattle-2259970245", "format": "[Gen 9] Random Battle", "players": ["ZappyYessir", "evilpask"], "log": "|j|\u2606ZappyYessir\n|j|\u2606evilpask\n|t:|1733785746\n|gametype|singles\n|player|p1|ZappyYessir|2|1349\n|player|p2|evilpask|crasherwake|1341\n|teamsize|p1|6\n|teamsize|p2|6\n|gen|9\n|tier|[Gen 9] Random Battle\n|rated|\n|rule|Species Clause: Limit one of each Pok\u00e9mon\n|rule|HP Percentage Mod: HP is shown in percentages\n|rule|Sleep Clause Mod: Limit one foe put to sleep\n|rule|Illusion Level Mod: Illusion disguises the Pok\u00e9mon's true level\n|\n|t:|1733785746\n|start\n|switch|p1a: Perrserker|Perrserker, L89, F|269/269\n|switch|p2a: Oricorio|Oricorio-Pa'u, L87, F|272/272\n|turn|1\n|inactive|Battle timer is ON: inactive players will automatically lose when time's up. (requested by evilpask)\n|\n|t:|1733785761\n|switch|p2a: Scrafty|Scrafty, L84, F|246/246\n|move|p1a: Perrserker|Stealth Rock|p2a: Scrafty\n|-sidestart|p2: evilpask|move: Stealth Rock\n|\n|upkeep\n|turn|2\n|\n|t:|1733785769\n|move|p2a: Scrafty|Drain Punch|p1a: Perrserker\n|-supereffective|p1a: Perrserker\n|-damage|p1a: Perrserker|149/269\n|move|p1a: Perrserker|Close Combat|p2a: Scrafty\n|-supereffective|p2a: Scrafty\n|-damage|p2a: Scrafty|17/246\n|-unboost|p1a: Perrserker|def|1\n|-unboost|p1a: Perrserker|spd|1\n|-damage|p1a: Perrserker|123/269|[from] item: Life Orb\n|\n|-heal|p2a: Scrafty|32/246|[from] item: Leftovers\n|upkeep\n|turn|3\n|\n|t:|1733785779\n|switch|p1a: Illumise|Illumise, L91, F|266/266\n|move|p2a: Scrafty|Drain Punch|p1a: Illumise\n|-resisted|p1a: Illumise\n|-damage|p1a: Illumise|224/266\n|-heal|p2a: Scrafty|53/246|[from] drain|[of] p1a: Illumise\n|\n|-heal|p2a: Scrafty|68/246|[from] item: Leftovers\n|upkeep\n|turn|4\n|\n|t:|1733785792\n|switch|p2a: Oricorio|Oricorio-Pa'u, L87, F|272/272\n|move|p1a: Illumise|Bug Buzz|p2a: Oricorio\n|-damage|p2a: Oricorio|161/272\n|-unboost|p2a: Oricorio|spd|1\n|\n|upkeep\n|turn|5\n|\n|t:|1733785801\n|move|p2a: Oricorio|Hurricane|p1a: Illumise\n|-supereffective|p1a: Illumise\n|-damage|p1a: Illumise|0 fnt\n|faint|p1a: Illumise\n|\n|upkeep\n|\n|t:|1733785812\n|switch|p1a: Dragapult|Dragapult, L77, M|262/262\n|turn|6\n|\n|t:|1733785822\n|switch|p2a: Golduck|Golduck, L90, M|290/290\n|-damage|p2a: Golduck|254/290|[from] Stealth Rock\n|-ability|p2a: Golduck|Cloud Nine\n|move|p1a: Dragapult|Hex|p2a: Golduck\n|-damage|p2a: Golduck|190/290\n|\n|-heal|p2a: Golduck|208/290|[from] item: Leftovers\n|upkeep\n|turn|7\n|\n|t:|1733785837\n|move|p1a: Dragapult|Dragon Darts|p2a: Golduck\n|-damage|p2a: Golduck|151/290\n|-anim|p1a: Dragapult|Dragon Darts|p2a: Golduck\n|-damage|p2a: Golduck|99/290\n|move|p2a: Golduck|Ice Beam|p1a: Dragapult\n|-supereffective|p1a: Dragapult\n|-damage|p1a: Dragapult|72/262\n|\n|-heal|p2a: Golduck|117/290|[from] item: Leftovers\n|upkeep\n|turn|8\n|\n|t:|1733785847\n|move|p1a: Dragapult|Dragon Darts|p2a: Golduck\n|-damage|p2a: Golduck|66/290\n|-anim|p1a: Dragapult|Dragon Darts|p2a: Golduck\n|-damage|p2a: Golduck|14/290\n|move|p2a: Golduck|Ice Beam|p1a: Dragapult\n|-supereffective|p1a: Dragapult\n|-damage|p1a: Dragapult|0 fnt\n|-start|p2a: Golduck|Disable|Ice Beam|[from] ability: Cursed Body|[of] p1a: Dragapult\n|faint|p1a: Dragapult\n|\n|-heal|p2a: Golduck|32/290|[from] item: Leftovers\n|upkeep\n|\n|t:|1733785861\n|switch|p1a: Cinderace|Cinderace, L77, F|249/249\n|turn|9\n|\n|t:|1733785874\n|move|p1a: Cinderace|Sucker Punch|p2a: Golduck\n|-start|p1a: Cinderace|typechange|Dark|[from] ability: Libero\n|-damage|p2a: Golduck|0 fnt\n|faint|p2a: Golduck\n|\n|upkeep\n|\n|t:|1733785884\n|switch|p2a: Scrafty|Scrafty, L84, F|68/246\n|-damage|p2a: Scrafty|53/246|[from] Stealth Rock\n|turn|10\n|\n|t:|1733785904\n|move|p1a: Cinderace|High Jump Kick|p2a: Scrafty|[miss]\n|-miss|p1a: Cinderace|p2a: Scrafty\n|-damage|p1a: Cinderace|125/249|[from] highjumpkick\n|move|p2a: Scrafty|Drain Punch|p1a: Cinderace\n|-supereffective|p1a: Cinderace\n|-damage|p1a: Cinderace|0 fnt\n|-heal|p2a: Scrafty|116/246|[from] drain|[of] p1a: Cinderace\n|faint|p1a: Cinderace\n|\n|-heal|p2a: Scrafty|131/246|[from] item: Leftovers\n|upkeep\n|inactive|ZappyYessir has 120 seconds left.\n|\n|t:|1733785921\n|switch|p1a: Sandaconda|Sandaconda, L84, F|258/258\n|turn|11\n|\n|t:|1733785926\n|move|p1a: Sandaconda|Glare|p2a: Scrafty\n|-status|p2a: Scrafty|par\n|move|p2a: Scrafty|Bulk Up|p2a: Scrafty\n|-boost|p2a: Scrafty|atk|1\n|-boost|p2a: Scrafty|def|1\n|\n|-heal|p2a: Scrafty|146/246 par|[from] item: Leftovers\n|upkeep\n|turn|12\n|\n|t:|1733785932\n|move|p1a: Sandaconda|Earthquake|p2a: Scrafty\n|-crit|p2a: Scrafty\n|-damage|p2a: Scrafty|7/246 par\n|move|p2a: Scrafty|Bulk Up|p2a: Scrafty\n|-boost|p2a: Scrafty|atk|1\n|-boost|p2a: Scrafty|def|1\n|\n|-activate|p2a: Scrafty|ability: Shed Skin\n|-curestatus|p2a: Scrafty|par|[msg]\n|-heal|p2a: Scrafty|22/246|[from] item: Leftovers\n|upkeep\n|turn|13\n|\n|t:|1733785935\n|move|p1a: Sandaconda|Earthquake|p2a: Scrafty\n|-damage|p2a: Scrafty|0 fnt\n|faint|p2a: Scrafty\n|\n|upkeep\n|\n|t:|1733785938\n|switch|p2a: Gastrodon|Gastrodon-East, L86, M|331/331\n|-damage|p2a: Gastrodon|311/331|[from] Stealth Rock\n|turn|14\n|\n|t:|1733785944\n|move|p1a: Sandaconda|Glare|p2a: Gastrodon\n|-status|p2a: Gastrodon|par\n|move|p2a: Gastrodon|Earthquake|p1a: Sandaconda\n|-damage|p1a: Sandaconda|188/258\n|\n|-heal|p1a: Sandaconda|204/258|[from] item: Leftovers\n|-heal|p2a: Gastrodon|331/331 par|[from] item: Leftovers\n|upkeep\n|turn|15\n|\n|t:|1733785949\n|move|p1a: Sandaconda|Earthquake|p2a: Gastrodon\n|-damage|p2a: Gastrodon|187/331 par\n|move|p2a: Gastrodon|Earthquake|p1a: Sandaconda\n|-damage|p1a: Sandaconda|125/258\n|\n|-heal|p1a: Sandaconda|141/258|[from] item: Leftovers\n|-heal|p2a: Gastrodon|207/331 par|[from] item: Leftovers\n|upkeep\n|turn|16\n|\n|t:|1733785952\n|move|p1a: Sandaconda|Earthquake|p2a: Gastrodon\n|-damage|p2a: Gastrodon|72/331 par\n|cant|p2a: Gastrodon|par\n|\n|-heal|p1a: Sandaconda|157/258|[from] item: Leftovers\n|-heal|p2a: Gastrodon|92/331 par|[from] item: Leftovers\n|upkeep\n|turn|17\n|\n|t:|1733785955\n|move|p1a: Sandaconda|Earthquake|p2a: Gastrodon\n|-damage|p2a: Gastrodon|0 fnt\n|faint|p2a: Gastrodon\n|\n|-heal|p1a: Sandaconda|173/258|[from] item: Leftovers\n|upkeep\n|\n|t:|1733785960\n|switch|p2a: Rillaboom|Rillaboom, L79, M|288/288\n|-damage|p2a: Rillaboom|252/288|[from] Stealth Rock\n|-fieldstart|move: Grassy Terrain|[from] ability: Grassy Surge|[of] p2a: Rillaboom\n|turn|18\n|\n|t:|1733785966\n|-terastallize|p1a: Sandaconda|Dragon\n|move|p2a: Rillaboom|Grassy Glide|p1a: Sandaconda\n|-resisted|p1a: Sandaconda\n|-damage|p1a: Sandaconda|133/258\n|-damage|p2a: Rillaboom|224/288|[from] item: Life Orb\n|move|p1a: Sandaconda|Glare|p2a: Rillaboom\n|-status|p2a: Rillaboom|par\n|\n|-heal|p1a: Sandaconda|149/258|[from] Grassy Terrain\n|-heal|p1a: Sandaconda|165/258|[from] item: Leftovers\n|-heal|p2a: Rillaboom|242/288 par|[from] Grassy Terrain\n|upkeep\n|turn|19\n|\n|t:|1733785977\n|move|p1a: Sandaconda|Earthquake|p2a: Rillaboom\n|-resisted|p2a: Rillaboom\n|-damage|p2a: Rillaboom|212/288 par\n|move|p2a: Rillaboom|Knock Off|p1a: Sandaconda\n|-damage|p1a: Sandaconda|92/258\n|-enditem|p1a: Sandaconda|Leftovers|[from] move: Knock Off|[of] p2a: Rillaboom\n|-damage|p2a: Rillaboom|184/288 par|[from] item: Life Orb\n|\n|-heal|p1a: Sandaconda|108/258|[from] Grassy Terrain\n|-heal|p2a: Rillaboom|202/288 par|[from] Grassy Terrain\n|upkeep\n|turn|20\n|\n|t:|1733785988\n|move|p1a: Sandaconda|Stone Edge|p2a: Rillaboom\n|-damage|p2a: Rillaboom|117/288 par\n|move|p2a: Rillaboom|Swords Dance|p2a: Rillaboom\n|-boost|p2a: Rillaboom|atk|2\n|\n|-heal|p1a: Sandaconda|124/258|[from] Grassy Terrain\n|-heal|p2a: Rillaboom|135/288 par|[from] Grassy Terrain\n|upkeep\n|turn|21\n|\n|t:|1733785994\n|move|p1a: Sandaconda|Rest|p1a: Sandaconda\n|-status|p1a: Sandaconda|slp|[from] move: Rest\n|-heal|p1a: Sandaconda|258/258 slp|[silent]\n|cant|p2a: Rillaboom|par\n|\n|-heal|p2a: Rillaboom|153/288 par|[from] Grassy Terrain\n|upkeep\n|turn|22\n|\n|t:|1733786005\n|switch|p1a: Perrserker|Perrserker, L89, F|123/269\n|move|p2a: Rillaboom|Knock Off|p1a: Perrserker\n|-damage|p1a: Perrserker|0 fnt\n|-enditem|p1a: Perrserker|Life Orb|[from] move: Knock Off|[of] p2a: Rillaboom\n|faint|p1a: Perrserker\n|-damage|p2a: Rillaboom|125/288 par|[from] item: Life Orb\n|\n|-heal|p2a: Rillaboom|143/288 par|[from] Grassy Terrain\n|-fieldend|move: Grassy Terrain\n|upkeep\n|\n|t:|1733786009\n|switch|p1a: Iron Thorns|Iron Thorns, L83|302/302\n|-enditem|p1a: Iron Thorns|Booster Energy\n|-activate|p1a: Iron Thorns|ability: Quark Drive|[fromitem]\n|-start|p1a: Iron Thorns|quarkdriveatk\n|turn|23\n|\n|t:|1733786015\n|move|p1a: Iron Thorns|Dragon Dance|p1a: Iron Thorns\n|-boost|p1a: Iron Thorns|atk|1\n|-boost|p1a: Iron Thorns|spe|1\n|move|p2a: Rillaboom|Wood Hammer|p1a: Iron Thorns\n|-supereffective|p1a: Iron Thorns\n|-damage|p1a: Iron Thorns|0 fnt\n|faint|p1a: Iron Thorns\n|-end|p1a: Iron Thorns|Quark Drive|[silent]\n|-damage|p2a: Rillaboom|43/288 par|[from] Recoil\n|-damage|p2a: Rillaboom|15/288 par|[from] item: Life Orb\n|\n|upkeep\n|\n|t:|1733786019\n|switch|p1a: Sandaconda|Sandaconda, L84, F, tera:Dragon|258/258 slp\n|turn|24\n|\n|t:|1733786024\n|cant|p1a: Sandaconda|slp\n|move|p2a: Rillaboom|Knock Off|p1a: Sandaconda\n|-damage|p1a: Sandaconda|168/258 slp\n|-damage|p2a: Rillaboom|0 fnt|[from] item: Life Orb\n|faint|p2a: Rillaboom\n|\n|-activate|p1a: Sandaconda|ability: Shed Skin\n|-curestatus|p1a: Sandaconda|slp|[msg]\n|upkeep\n|\n|t:|1733786029\n|switch|p2a: Oricorio|Oricorio-Pa'u, L87, F|161/272\n|turn|25\n|\n|t:|1733786038\n|-terastallize|p2a: Oricorio|Fighting\n|move|p2a: Oricorio|Quiver Dance|p2a: Oricorio\n|-boost|p2a: Oricorio|spa|1\n|-boost|p2a: Oricorio|spd|1\n|-boost|p2a: Oricorio|spe|1\n|move|p1a: Sandaconda|Glare|p2a: Oricorio\n|-status|p2a: Oricorio|par\n|\n|upkeep\n|turn|26\n|\n|t:|1733786045\n|move|p1a: Sandaconda|Earthquake|p2a: Oricorio\n|-damage|p2a: Oricorio|41/272 par\n|cant|p2a: Oricorio|par\n|\n|upkeep\n|turn|27\n|\n|t:|1733786048\n|move|p1a: Sandaconda|Earthquake|p2a: Oricorio\n|-damage|p2a: Oricorio|0 fnt\n|faint|p2a: Oricorio\n|\n|upkeep\n|\n|t:|1733786050\n|switch|p2a: Gallade|Gallade, L81, M|243/243\n|-damage|p2a: Gallade|228/243|[from] Stealth Rock\n|turn|28\n|\n|t:|1733786055\n|move|p2a: Gallade|Psycho Cut|p1a: Sandaconda\n|-damage|p1a: Sandaconda|42/258\n|-damage|p2a: Gallade|204/243|[from] item: Life Orb\n|move|p1a: Sandaconda|Glare|p2a: Gallade\n|-status|p2a: Gallade|par\n|\n|upkeep\n|turn|29\n|\n|t:|1733786058\n|move|p1a: Sandaconda|Rest|p1a: Sandaconda\n|-status|p1a: Sandaconda|slp|[from] move: Rest\n|-heal|p1a: Sandaconda|258/258 slp|[silent]\n|cant|p2a: Gallade|par\n|\n|-activate|p1a: Sandaconda|ability: Shed Skin\n|-curestatus|p1a: Sandaconda|slp|[msg]\n|upkeep\n|turn|30\n|\n|t:|1733786068\n|move|p1a: Sandaconda|Earthquake|p2a: Gallade\n|-damage|p2a: Gallade|50/243 par\n|cant|p2a: Gallade|par\n|\n|upkeep\n|turn|31\n|n|!evilpask|evilpask\n|-message|evilpask forfeited.\n|\n|win|ZappyYessir\n", "inputlog": ">version bfd83cad13791eb5a5a409923076391caf6fb4d4\n>start {\"formatid\":\"gen9randombattle\",\"seed\":[48110,8295,63564,62847],\"rated\":\"Rated battle\"}\n>player p1 {\"name\":\"ZappyYessir\",\"avatar\":\"2\",\"rating\":1349,\"seed\":[60886,58518,26423,56998]}\n>player p2 {\"name\":\"evilpask\",\"avatar\":\"crasherwake\",\"rating\":1341,\"seed\":[52785,37669,41438,57031]}\n>p1 move stealthrock\n>p2 switch 5\n>p1 move closecombat\n>p2 move drainpunch\n>p1 switch 4\n>p2 move drainpunch\n>p1 move bugbuzz\n>p2 switch 5\n>p1 move bugbuzz\n>p2 move hurricane\n>p1 switch 6\n>p1 move hex\n>p2 switch 6\n>p1 move dragondarts\n>p2 move icebeam\n>p1 move dragondarts\n>p2 move icebeam\n>p1 switch 5\n>p1 move suckerpunch\n>p2 move hydropump\n>p2 switch 5\n>p1 move highjumpkick\n>p2 move drainpunch\n>p1 switch 2\n>p1 move glare\n>p2 move bulkup\n>p1 move earthquake\n>p2 move bulkup\n>p1 move earthquake\n>p2 move rest\n>p2 switch 2\n>p1 move glare\n>p2 move earthquake\n>p1 move earthquake\n>p2 move earthquake\n>p1 move earthquake\n>p2 move sludgebomb\n>p1 move earthquake\n>p2 move earthquake\n>p2 switch 4\n>p1 move glare terastallize\n>p2 move grassyglide\n>p1 move earthquake\n>p2 move knockoff\n>p1 move stoneedge\n>p2 move swordsdance\n>p1 move rest\n>p2 move knockoff\n>p1 switch 4\n>p2 move knockoff\n>p1 switch 3\n>p1 move dragondance\n>p2 move woodhammer\n>p1 switch 4\n>p1 move earthquake\n>p2 move knockoff\n>p2 switch 6\n>p1 move glare\n>p2 move quiverdance terastallize\n>p1 move earthquake\n>p2 move revelationdance\n>p1 move earthquake\n>p2 move roost\n>p2 switch 3\n>p1 move glare\n>p2 move psychocut\n>p1 move rest\n>p2 move psychocut\n>p1 move earthquake\n>p2 move psychocut\n>chat \u2606evilpask|ngl homie go fuck yourself\n>forcelose p2", "uploadtime": 1733786075, "views": 1, "formatid": "gen9randombattle", "rating": null, "private": 0, "password": null}