{"id": "gen9randombattle-2260373235", "format": "[Gen 9] Random Battle", "players": ["Toosh E", "gusatskkj"], "log": "|j|\u2606Toosh E\n|j|\u2606gusatskkj\n|t:|1733845205\n|gametype|singles\n|player|p1|Toosh E|2|1100\n|player|p2|gusatskkj|101|1066\n|teamsize|p1|6\n|teamsize|p2|6\n|gen|9\n|tier|[Gen 9] Random Battle\n|rated|\n|rule|Species Clause: Limit one of each Pok\u00e9mon\n|rule|HP Percentage Mod: HP is shown in percentages\n|rule|Sleep Clause Mod: Limit one foe put to sleep\n|rule|Illusion Level Mod: Illusion disguises the Pok\u00e9mon's true level\n|\n|t:|1733845205\n|start\n|switch|p1a: Gallade|Gallade, L81, M|243/243\n|switch|p2a: Phione|Phione, L91|293/293\n|turn|1\n|\n|t:|1733845214\n|move|p2a: Phione|Take Heart|p2a: Phione\n|-boost|p2a: Phione|spa|1\n|-boost|p2a: Phione|spd|1\n|move|p1a: Gallade|Agility|p1a: Gallade\n|-boost|p1a: Gallade|spe|2\n|\n|upkeep\n|turn|2\n|\n|t:|1733845222\n|move|p1a: Gallade|Agility|p1a: Gallade\n|-boost|p1a: Gallade|spe|2\n|move|p2a: Phione|Take Heart|p2a: Phione\n|-boost|p2a: Phione|spa|1\n|-boost|p2a: Phione|spd|1\n|\n|upkeep\n|turn|3\n|\n|t:|1733845232\n|move|p1a: Gallade|Psycho Cut|p2a: Phione\n|-damage|p2a: Phione|121/293\n|-damage|p1a: Gallade|219/243|[from] item: Life Orb\n|move|p2a: Phione|Scald|p1a: Gallade\n|-damage|p1a: Gallade|84/243\n|\n|-heal|p2a: Phione|139/293|[from] item: Leftovers\n|upkeep\n|turn|4\n|\n|t:|1733845244\n|move|p1a: Gallade|Psycho Cut|p2a: Phione\n|-damage|p2a: Phione|0 fnt\n|faint|p2a: Phione\n|-damage|p1a: Gallade|60/243|[from] item: Life Orb\n|\n|upkeep\n|\n|t:|1733845261\n|switch|p2a: Gardevoir|Gardevoir, L83, F|249/249\n|-ability|p2a: Gardevoir|Sharpness|[from] ability: Trace|[of] p1a: Gallade\n|turn|5\n|\n|t:|1733845269\n|move|p1a: Gallade|Night Slash|p2a: Gardevoir\n|-damage|p2a: Gardevoir|105/249\n|-damage|p1a: Gallade|36/243|[from] item: Life Orb\n|move|p2a: Gardevoir|Psyshock|p1a: Gallade\n|-damage|p1a: Gallade|0 fnt\n|faint|p1a: Gallade\n|\n|upkeep\n|l|\u2606gusatskkj\n|player|p2|\n|\n|t:|1733845280\n|switch|p1a: Polteageist|Polteageist-Antique, L79|224/224\n|turn|6\n|j|\u2606gusatskkj\n|player|p2|gusatskkj|101|\n|\n|t:|1733845309\n|switch|p2a: Azumarill|Azumarill, L82, M|298/298\n|move|p1a: Polteageist|Shadow Ball|p2a: Azumarill\n|-damage|p2a: Azumarill|198/298\n|\n|upkeep\n|turn|7\n|\n|t:|1733845317\n|move|p1a: Polteageist|Shell Smash|p1a: Polteageist\n|-unboost|p1a: Polteageist|def|1\n|-unboost|p1a: Polteageist|spd|1\n|-boost|p1a: Polteageist|atk|2\n|-boost|p1a: Polteageist|spa|2\n|-boost|p1a: Polteageist|spe|2\n|-enditem|p1a: Polteageist|White Herb\n|-clearnegativeboost|p1a: Polteageist|[silent]\n|move|p2a: Azumarill|Play Rough|p1a: Polteageist\n|-damage|p1a: Polteageist|0 fnt\n|-start|p2a: Azumarill|Disable|Play Rough|[from] ability: Cursed Body|[of] p1a: Polteageist\n|faint|p1a: Polteageist\n|\n|upkeep\n|\n|t:|1733845331\n|switch|p1a: Eelektross|Eelektross, L87, M|290/290\n|turn|8\n|l|\u2606gusatskkj\n|player|p2|\n|j|\u2606gusatskkj\n|player|p2|gusatskkj|101|\n|\n|t:|1733845376\n|move|p1a: Eelektross|Discharge|p2a: Azumarill\n|-supereffective|p2a: Azumarill\n|-damage|p2a: Azumarill|0 fnt\n|faint|p2a: Azumarill\n|\n|upkeep\n|\n|t:|1733845384\n|switch|p2a: Arceus|Arceus-Electric, L70|284/284\n|turn|9\n|\n|t:|1733845390\n|move|p2a: Arceus|Judgment|p1a: Eelektross\n|-resisted|p1a: Eelektross\n|-damage|p1a: Eelektross|251/290\n|move|p1a: Eelektross|U-turn|p2a: Arceus\n|-damage|p2a: Arceus|226/284\n|\n|t:|1733845396\n|switch|p1a: Donphan|Donphan, L84, M|288/288|[from] U-turn\n|\n|upkeep\n|turn|10\n|\n|t:|1733845408\n|move|p2a: Arceus|Ice Beam|p1a: Donphan\n|-supereffective|p1a: Donphan\n|-damage|p1a: Donphan|200/288\n|move|p1a: Donphan|Earthquake|p2a: Arceus\n|-supereffective|p2a: Arceus\n|-damage|p2a: Arceus|8/284\n|\n|upkeep\n|turn|11\n|\n|t:|1733845420\n|move|p2a: Arceus|Recover|p2a: Arceus\n|-heal|p2a: Arceus|150/284\n|move|p1a: Donphan|Earthquake|p2a: Arceus\n|-supereffective|p2a: Arceus\n|-damage|p2a: Arceus|0 fnt\n|faint|p2a: Arceus\n|\n|upkeep\n|\n|t:|1733845429\n|switch|p2a: Gardevoir|Gardevoir, L83, F|105/249\n|-ability|p2a: Gardevoir|Sturdy|[from] ability: Trace|[of] p1a: Donphan\n|turn|12\n|\n|t:|1733845445\n|move|p2a: Gardevoir|Moonblast|p1a: Donphan\n|-damage|p1a: Donphan|89/288\n|move|p1a: Donphan|Rapid Spin|p2a: Gardevoir\n|-damage|p2a: Gardevoir|55/249\n|-boost|p1a: Donphan|spe|1\n|\n|upkeep\n|turn|13\n|\n|t:|1733845455\n|move|p2a: Gardevoir|Moonblast|p1a: Donphan\n|-damage|p1a: Donphan|0 fnt\n|faint|p1a: Donphan\n|\n|upkeep\n|\n|t:|1733845465\n|switch|p1a: Trevenant|Trevenant, L88, M|293/293\n|turn|14\n|\n|t:|1733845472\n|move|p2a: Gardevoir|Moonblast|p1a: Trevenant\n|-damage|p1a: Trevenant|176/293\n|move|p1a: Trevenant|Will-O-Wisp|p2a: Gardevoir\n|-status|p2a: Gardevoir|brn\n|\n|-damage|p2a: Gardevoir|40/249 brn|[from] brn\n|upkeep\n|turn|15\n|\n|t:|1733845483\n|move|p2a: Gardevoir|Moonblast|p1a: Trevenant\n|-damage|p1a: Trevenant|52/293\n|-unboost|p1a: Trevenant|spa|1\n|move|p1a: Trevenant|Horn Leech|p2a: Gardevoir\n|-damage|p2a: Gardevoir|0 fnt\n|-heal|p1a: Trevenant|72/293|[from] drain|[of] p2a: Gardevoir\n|faint|p2a: Gardevoir\n|-damage|p1a: Trevenant|43/293|[from] item: Life Orb\n|\n|upkeep\n|\n|t:|1733845498\n|switch|p2a: Brambleghast|Brambleghast, L88, F|240/240\n|turn|16\n|\n|t:|1733845514\n|move|p2a: Brambleghast|Poltergeist|p1a: Trevenant\n|-activate|p1a: Trevenant|move: Poltergeist|Life Orb\n|-supereffective|p1a: Trevenant\n|-damage|p1a: Trevenant|0 fnt\n|faint|p1a: Trevenant\n|\n|upkeep\n|\n|t:|1733845521\n|switch|p1a: Cloyster|Cloyster, L80, F|211/211\n|turn|17\n|\n|t:|1733845529\n|move|p2a: Brambleghast|Power Whip|p1a: Cloyster\n|-supereffective|p1a: Cloyster\n|-damage|p1a: Cloyster|5/211\n|move|p1a: Cloyster|Icicle Spear|p2a: Brambleghast\n|-supereffective|p2a: Brambleghast\n|-damage|p2a: Brambleghast|180/240\n|-supereffective|p2a: Brambleghast\n|-damage|p2a: Brambleghast|130/240\n|-supereffective|p2a: Brambleghast\n|-damage|p2a: Brambleghast|76/240\n|-supereffective|p2a: Brambleghast\n|-damage|p2a: Brambleghast|22/240\n|-supereffective|p2a: Brambleghast\n|-damage|p2a: Brambleghast|0 fnt\n|faint|p2a: Brambleghast\n|-hitcount|p2: Brambleghast|5\n|\n|upkeep\n|\n|t:|1733845548\n|switch|p2a: Tornadus|Tornadus-Therian, L79, M|254/254\n|turn|18\n|\n|t:|1733845555\n|move|p2a: Tornadus|Grass Knot|p1a: Cloyster\n|-supereffective|p1a: Cloyster\n|-damage|p1a: Cloyster|0 fnt\n|faint|p1a: Cloyster\n|\n|upkeep\n|\n|t:|1733845561\n|switch|p1a: Eelektross|Eelektross, L87, M|251/290\n|turn|19\n|\n|t:|1733845565\n|move|p2a: Tornadus|Grass Knot|p1a: Eelektross\n|-damage|p1a: Eelektross|192/290\n|move|p1a: Eelektross|Discharge|p2a: Tornadus\n|-supereffective|p2a: Tornadus\n|-damage|p2a: Tornadus|38/254\n|\n|upkeep\n|turn|20\n|\n|t:|1733845577\n|-terastallize|p2a: Tornadus|Flying\n|move|p2a: Tornadus|Grass Knot|p1a: Eelektross\n|-damage|p1a: Eelektross|131/290\n|move|p1a: Eelektross|Discharge|p2a: Tornadus\n|-supereffective|p2a: Tornadus\n|-damage|p2a: Tornadus|0 fnt\n|faint|p2a: Tornadus\n|\n|win|Toosh E\n|raw|Toosh E's rating: 1100 &rarr; <strong>1123</strong><br />(+23 for winning)\n|raw|gusatskkj's rating: 1066 &rarr; <strong>1048</strong><br />(-18 for losing)\n|l|\u2606gusatskkj\n|player|p2|\n", "inputlog": ">version bfd83cad13791eb5a5a409923076391caf6fb4d4\n>start {\"formatid\":\"gen9randombattle\",\"seed\":[43736,12312,37429,12621],\"rated\":\"Rated battle\"}\n>player p1 {\"name\":\"Toosh E\",\"avatar\":\"2\",\"rating\":1100,\"seed\":[21528,14662,21998,53097]}\n>player p2 {\"name\":\"gusatskkj\",\"avatar\":\"101\",\"rating\":1066,\"seed\":[23692,53461,33224,60487]}\n>p1 move agility\n>p2 move takeheart\n>p1 move agility\n>p2 move takeheart\n>p1 move psychocut\n>p2 move scald\n>p1 move psychocut\n>p2 move scald\n>p2 switch 6\n>p1 move nightslash\n>p2 move psyshock\n>p1 switch 6\n>p1 move shadowball\n>p2 switch 5\n>p1 move shellsmash\n>p2 move playrough\n>p1 switch 3\n>p1 move discharge\n>p2 move struggle\n>p2 switch 3\n>p1 move uturn\n>p2 move judgment\n>p1 switch 5\n>p1 move earthquake\n>p2 move icebeam\n>p1 move earthquake\n>p2 move recover\n>p2 switch 5\n>p1 move rapidspin\n>p2 move moonblast\n>p1 move earthquake\n>p2 move moonblast\n>p1 switch 2\n>p1 move willowisp\n>p2 move moonblast\n>p1 move hornleech\n>p2 move moonblast\n>p2 switch 2\n>p1 move poltergeist\n>p2 move poltergeist\n>p1 switch 4\n>p1 move iciclespear\n>p2 move powerwhip\n>p2 switch 4\n>p1 move iciclespear\n>p2 move grassknot\n>p1 switch 5\n>p1 move discharge\n>p2 move grassknot\n>p1 move discharge\n>p2 move grassknot terastallize", "uploadtime": 1733845605, "views": 1, "formatid": "gen9randombattle", "rating": 1048, "private": 0, "password": null}