{"id": "gen9randombattle-2260815841", "format": "[Gen 9] Random Battle", "players": ["RoboWahbit", "batmantokyo"], "log": "|j|\u2606RoboWahbit\n|j|\u2606batmantokyo\n|t:|1733897124\n|gametype|singles\n|player|p1|RoboWahbit|101|1135\n|player|p2|batmantokyo|1|1091\n|teamsize|p1|6\n|teamsize|p2|6\n|gen|9\n|tier|[Gen 9] Random Battle\n|rated|\n|rule|Species Clause: Limit one of each Pok\u00e9mon\n|rule|HP Percentage Mod: HP is shown in percentages\n|rule|Sleep Clause Mod: Limit one foe put to sleep\n|rule|Illusion Level Mod: Illusion disguises the Pok\u00e9mon's true level\n|\n|t:|1733897124\n|start\n|switch|p1a: Tsareena|Tsareena, L87, F|267/267\n|switch|p2a: Gogoat|Gogoat, L88, M|360/360\n|turn|1\n|c|\u2606RoboWahbit|hf\n|inactive|Battle timer is ON: inactive players will automatically lose when time's up. (requested by RoboWahbit)\n|\n|t:|1733897150\n|switch|p1a: Heracross|Heracross, L80, M|259/259\n|move|p2a: Gogoat|Bulk Up|p2a: Gogoat\n|-boost|p2a: Gogoat|atk|1\n|-boost|p2a: Gogoat|def|1\n|\n|upkeep\n|turn|2\n|\n|t:|1733897167\n|move|p1a: Heracross|Megahorn|p2a: Gogoat\n|-supereffective|p2a: Gogoat\n|-damage|p2a: Gogoat|12/360\n|move|p2a: Gogoat|Rock Slide|p1a: Heracross\n|-damage|p1a: Heracross|146/259\n|\n|-heal|p2a: Gogoat|34/360|[from] item: Leftovers\n|upkeep\n|turn|3\n|\n|t:|1733897178\n|move|p1a: Heracross|Megahorn|p2a: Gogoat|[miss]\n|-miss|p1a: Heracross|p2a: Gogoat\n|move|p2a: Gogoat|Milk Drink|p2a: Gogoat\n|-heal|p2a: Gogoat|214/360\n|\n|-heal|p2a: Gogoat|236/360|[from] item: Leftovers\n|upkeep\n|turn|4\n|\n|t:|1733897189\n|move|p1a: Heracross|Megahorn|p2a: Gogoat\n|-supereffective|p2a: Gogoat\n|-damage|p2a: Gogoat|0 fnt\n|faint|p2a: Gogoat\n|-ability|p1a: Heracross|Moxie|boost\n|-boost|p1a: Heracross|atk|1\n|\n|upkeep\n|inactive|batmantokyo has 120 seconds left.\n|\n|t:|1733897217\n|switch|p2a: Great Tusk|Great Tusk, L77|304/304\n|turn|5\n|inactive|batmantokyo has 120 seconds left.\n|\n|t:|1733897223\n|switch|p1a: Meganium|Meganium, L90, F|290/290\n|move|p2a: Great Tusk|Bulk Up|p2a: Great Tusk\n|-boost|p2a: Great Tusk|atk|1\n|-boost|p2a: Great Tusk|def|1\n|\n|upkeep\n|turn|6\n|inactive|batmantokyo has 120 seconds left.\n|\n|t:|1733897243\n|-terastallize|p2a: Great Tusk|Steel\n|move|p1a: Meganium|Synthesis|p1a: Meganium\n|-fail|p1a: Meganium|heal\n|move|p2a: Great Tusk|Bulk Up|p2a: Great Tusk\n|-boost|p2a: Great Tusk|atk|1\n|-boost|p2a: Great Tusk|def|1\n|\n|upkeep\n|turn|7\n|inactive|batmantokyo has 120 seconds left.\n|\n|t:|1733897251\n|switch|p1a: Typhlosion|Typhlosion-Hisui, L83, M|257/257\n|move|p2a: Great Tusk|Bulk Up|p2a: Great Tusk\n|-boost|p2a: Great Tusk|atk|1\n|-boost|p2a: Great Tusk|def|1\n|\n|upkeep\n|turn|8\n|inactive|batmantokyo has 120 seconds left.\n|\n|t:|1733897273\n|move|p1a: Typhlosion|Shadow Ball|p2a: Great Tusk\n|-damage|p2a: Great Tusk|144/304\n|move|p2a: Great Tusk|Earthquake|p1a: Typhlosion\n|-supereffective|p1a: Typhlosion\n|-damage|p1a: Typhlosion|0 fnt\n|faint|p1a: Typhlosion\n|\n|-heal|p2a: Great Tusk|163/304|[from] item: Leftovers\n|upkeep\n|\n|t:|1733897273\n|switch|p1a: Meganium|Meganium, L90, F|290/290\n|turn|9\n|inactive|batmantokyo has 120 seconds left.\n|\n|t:|1733897288\n|move|p1a: Meganium|Energy Ball|p2a: Great Tusk\n|-resisted|p2a: Great Tusk\n|-damage|p2a: Great Tusk|80/304\n|move|p2a: Great Tusk|Earthquake|p1a: Meganium\n|-resisted|p1a: Meganium\n|-damage|p1a: Meganium|164/290\n|\n|-heal|p1a: Meganium|182/290|[from] item: Leftovers\n|-heal|p2a: Great Tusk|99/304|[from] item: Leftovers\n|upkeep\n|turn|10\n|inactive|batmantokyo has 120 seconds left.\n|\n|t:|1733897297\n|move|p1a: Meganium|Energy Ball|p2a: Great Tusk\n|-resisted|p2a: Great Tusk\n|-damage|p2a: Great Tusk|20/304\n|-unboost|p2a: Great Tusk|spd|1\n|move|p2a: Great Tusk|Close Combat|p1a: Meganium\n|-damage|p1a: Meganium|0 fnt\n|-unboost|p2a: Great Tusk|def|1\n|-unboost|p2a: Great Tusk|spd|1\n|faint|p1a: Meganium\n|\n|-heal|p2a: Great Tusk|39/304|[from] item: Leftovers\n|upkeep\n|\n|t:|1733897297\n|switch|p1a: Heracross|Heracross, L80, M|146/259\n|turn|11\n|inactive|batmantokyo has 120 seconds left.\n|\n|t:|1733897320\n|move|p1a: Heracross|Earthquake|p2a: Great Tusk\n|-supereffective|p2a: Great Tusk\n|-damage|p2a: Great Tusk|0 fnt\n|faint|p2a: Great Tusk\n|-end|p2a: Great Tusk|Protosynthesis|[silent]\n|-ability|p1a: Heracross|Moxie|boost\n|-boost|p1a: Heracross|atk|1\n|\n|upkeep\n|\n|t:|1733897330\n|switch|p2a: Glastrier|Glastrier, L86|311/311\n|turn|12\n|inactive|batmantokyo has 120 seconds left.\n|\n|t:|1733897339\n|switch|p1a: Camerupt|Camerupt, L91, M|275/275\n|move|p2a: Glastrier|Icicle Crash|p1a: Camerupt\n|-damage|p1a: Camerupt|55/275\n|\n|-heal|p1a: Camerupt|72/275|[from] item: Leftovers\n|upkeep\n|turn|13\n|\n|t:|1733897346\n|move|p1a: Camerupt|Overheat|p2a: Glastrier\n|-supereffective|p2a: Glastrier\n|-damage|p2a: Glastrier|33/311\n|-unboost|p1a: Camerupt|spa|2\n|move|p2a: Glastrier|Icicle Crash|p1a: Camerupt\n|-damage|p1a: Camerupt|0 fnt\n|faint|p1a: Camerupt\n|-ability|p2a: Glastrier|Chilling Neigh|boost\n|-boost|p2a: Glastrier|atk|1\n|\n|upkeep\n|\n|t:|1733897347\n|switch|p1a: Tsareena|Tsareena, L87, F|267/267\n|turn|14\n|\n|t:|1733897363\n|switch|p2a: Dugtrio|Dugtrio, L84, M|196/196\n|move|p1a: Tsareena|Knock Off|p2a: Dugtrio\n|-damage|p2a: Dugtrio|69/196\n|-enditem|p2a: Dugtrio|Choice Band|[from] move: Knock Off|[of] p1a: Tsareena\n|\n|upkeep\n|turn|15\n|\n|t:|1733897374\n|move|p2a: Dugtrio|Stone Edge|p1a: Tsareena|[miss]\n|-miss|p2a: Dugtrio|p1a: Tsareena\n|move|p1a: Tsareena|Knock Off|p2a: Dugtrio\n|-damage|p2a: Dugtrio|0 fnt\n|faint|p2a: Dugtrio\n|\n|upkeep\n|\n|t:|1733897384\n|switch|p2a: Ditto|Ditto, L87|225/225\n|-transform|p2a: Ditto|p1a: Tsareena|[from] ability: Imposter\n|turn|16\n|\n|t:|1733897398\n|move|p2a: Ditto|Power Whip|p1a: Tsareena|[miss]\n|-miss|p2a: Ditto|p1a: Tsareena\n|move|p1a: Tsareena|Rapid Spin|p2a: Ditto\n|-damage|p2a: Ditto|187/225\n|-boost|p1a: Tsareena|spe|1\n|\n|upkeep\n|turn|17\n|\n|t:|1733897404\n|move|p2a: Ditto|Power Whip|p1a: Tsareena\n|-resisted|p1a: Tsareena\n|-damage|p1a: Tsareena|192/267\n|move|p1a: Tsareena|Rapid Spin|p2a: Ditto\n|-damage|p2a: Ditto|148/225\n|-boost|p1a: Tsareena|spe|1\n|\n|upkeep\n|turn|18\n|\n|t:|1733897412\n|move|p1a: Tsareena|Rapid Spin|p2a: Ditto\n|-damage|p2a: Ditto|106/225\n|-boost|p1a: Tsareena|spe|1\n|move|p2a: Ditto|Power Whip|p1a: Tsareena|[miss]\n|-miss|p2a: Ditto|p1a: Tsareena\n|\n|upkeep\n|turn|19\n|\n|t:|1733897419\n|move|p1a: Tsareena|Rapid Spin|p2a: Ditto\n|-damage|p2a: Ditto|67/225\n|-boost|p1a: Tsareena|spe|1\n|move|p2a: Ditto|Power Whip|p1a: Tsareena\n|-resisted|p1a: Tsareena\n|-damage|p1a: Tsareena|118/267\n|\n|upkeep\n|turn|20\n|\n|t:|1733897426\n|move|p1a: Tsareena|Rapid Spin|p2a: Ditto\n|-damage|p2a: Ditto|26/225\n|-boost|p1a: Tsareena|spe|1\n|move|p2a: Ditto|Power Whip|p1a: Tsareena\n|-resisted|p1a: Tsareena\n|-damage|p1a: Tsareena|43/267\n|\n|upkeep\n|turn|21\n|\n|t:|1733897434\n|move|p1a: Tsareena|Rapid Spin|p2a: Ditto\n|-damage|p2a: Ditto|0 fnt\n|-boost|p1a: Tsareena|spe|1\n|faint|p2a: Ditto\n|\n|upkeep\n|\n|t:|1733897440\n|switch|p2a: Dondozo|Dondozo, L78, M|362/362\n|turn|22\n|\n|t:|1733897448\n|move|p1a: Tsareena|Knock Off|p2a: Dondozo\n|-damage|p2a: Dondozo|287/362\n|-enditem|p2a: Dondozo|Leftovers|[from] move: Knock Off|[of] p1a: Tsareena\n|move|p2a: Dondozo|Wave Crash|p1a: Tsareena\n|-resisted|p1a: Tsareena\n|-damage|p1a: Tsareena|0 fnt\n|faint|p1a: Tsareena\n|-damage|p2a: Dondozo|273/362|[from] Recoil\n|\n|upkeep\n|\n|t:|1733897449\n|switch|p1a: Ursaring|Ursaring, L84, F|288/288\n|turn|23\n|\n|t:|1733897473\n|move|p1a: Ursaring|Body Slam|p2a: Dondozo\n|-damage|p2a: Dondozo|170/362\n|move|p2a: Dondozo|Curse|p2a: Dondozo\n|-unboost|p2a: Dondozo|spe|1\n|-boost|p2a: Dondozo|atk|1\n|-boost|p2a: Dondozo|def|1\n|\n|upkeep\n|turn|24\n|\n|t:|1733897484\n|move|p1a: Ursaring|Body Slam|p2a: Dondozo\n|-damage|p2a: Dondozo|100/362\n|move|p2a: Dondozo|Curse|p2a: Dondozo\n|-unboost|p2a: Dondozo|spe|1\n|-boost|p2a: Dondozo|atk|1\n|-boost|p2a: Dondozo|def|1\n|\n|upkeep\n|turn|25\n|\n|t:|1733897492\n|move|p1a: Ursaring|Body Slam|p2a: Dondozo\n|-damage|p2a: Dondozo|54/362\n|-status|p2a: Dondozo|par\n|move|p2a: Dondozo|Rest|p2a: Dondozo\n|-status|p2a: Dondozo|slp|[from] move: Rest\n|-heal|p2a: Dondozo|362/362 slp|[silent]\n|\n|upkeep\n|turn|26\n|\n|t:|1733897499\n|move|p1a: Ursaring|Body Slam|p2a: Dondozo\n|-damage|p2a: Dondozo|314/362 slp\n|cant|p2a: Dondozo|slp\n|\n|upkeep\n|turn|27\n|\n|t:|1733897504\n|move|p1a: Ursaring|Body Slam|p2a: Dondozo\n|-damage|p2a: Dondozo|266/362 slp\n|cant|p2a: Dondozo|slp\n|\n|upkeep\n|turn|28\n|\n|t:|1733897509\n|move|p1a: Ursaring|Body Slam|p2a: Dondozo\n|-damage|p2a: Dondozo|215/362 slp\n|-curestatus|p2a: Dondozo|slp|[msg]\n|move|p2a: Dondozo|Curse|p2a: Dondozo\n|-unboost|p2a: Dondozo|spe|1\n|-boost|p2a: Dondozo|atk|1\n|-boost|p2a: Dondozo|def|1\n|\n|upkeep\n|turn|29\n|\n|t:|1733897516\n|move|p1a: Ursaring|Body Slam|p2a: Dondozo\n|-damage|p2a: Dondozo|178/362\n|-status|p2a: Dondozo|par\n|move|p2a: Dondozo|Curse|p2a: Dondozo\n|-unboost|p2a: Dondozo|spe|1\n|-boost|p2a: Dondozo|atk|1\n|-boost|p2a: Dondozo|def|1\n|\n|upkeep\n|turn|30\n|\n|t:|1733897525\n|move|p1a: Ursaring|Body Slam|p2a: Dondozo\n|-damage|p2a: Dondozo|144/362 par\n|move|p2a: Dondozo|Curse|p2a: Dondozo\n|-unboost|p2a: Dondozo|spe|1\n|-boost|p2a: Dondozo|atk|1\n|-boost|p2a: Dondozo|def|1\n|\n|upkeep\n|turn|31\n|\n|t:|1733897531\n|switch|p1a: Heracross|Heracross, L80, M|146/259\n|move|p2a: Dondozo|Curse|p2a: Dondozo\n|-unboost|p2a: Dondozo|spe|1\n|-boost|p2a: Dondozo|atk|1\n|-boost|p2a: Dondozo|def|1\n|\n|upkeep\n|turn|32\n|\n|t:|1733897540\n|move|p1a: Heracross|Megahorn|p2a: Dondozo\n|-damage|p2a: Dondozo|93/362 par\n|move|p2a: Dondozo|Wave Crash|p1a: Heracross\n|-damage|p1a: Heracross|0 fnt\n|faint|p1a: Heracross\n|-damage|p2a: Dondozo|45/362 par|[from] Recoil\n|\n|upkeep\n|\n|t:|1733897540\n|switch|p1a: Ursaring|Ursaring, L84, F|288/288\n|turn|33\n|\n|t:|1733897551\n|-terastallize|p1a: Ursaring|Ground\n|move|p1a: Ursaring|Body Slam|p2a: Dondozo\n|-damage|p2a: Dondozo|21/362 par\n|move|p2a: Dondozo|Wave Crash|p1a: Ursaring\n|-supereffective|p1a: Ursaring\n|-damage|p1a: Ursaring|0 fnt\n|faint|p1a: Ursaring\n|-damage|p2a: Dondozo|0 fnt|[from] Recoil\n|faint|p2a: Dondozo\n|\n|win|batmantokyo\n|raw|RoboWahbit's rating: 1135 &rarr; <strong>1107</strong><br />(-28 for losing)\n|raw|batmantokyo's rating: 1091 &rarr; <strong>1121</strong><br />(+30 for winning)\n|c|\u2606RoboWahbit|gg\n", "inputlog": ">version bfd83cad13791eb5a5a409923076391caf6fb4d4\n>start {\"formatid\":\"gen9randombattle\",\"seed\":[43333,21605,11432,51659],\"rated\":\"Rated battle\"}\n>player p1 {\"name\":\"RoboWahbit\",\"avatar\":\"101\",\"rating\":1135,\"seed\":[34526,432,63702,36002]}\n>player p2 {\"name\":\"batmantokyo\",\"avatar\":\"1\",\"rating\":1091,\"seed\":[44809,6057,50247,46363]}\n>chat \u2606RoboWahbit|hf\n>p1 switch 3\n>p2 move bulkup\n>p1 move megahorn\n>p2 move rockslide\n>p1 move megahorn\n>p2 move milkdrink\n>p1 move megahorn\n>p2 move hornleech\n>p2 switch 5\n>p1 switch 5\n>p2 move bulkup\n>p1 move synthesis\n>p2 move bulkup terastallize\n>p1 switch 2\n>p2 move bulkup\n>p1 move shadowball\n>p2 move earthquake\n>p1 switch 2\n>p1 move energyball\n>p2 move earthquake\n>p1 move energyball\n>p2 move closecombat\n>p1 switch 5\n>p1 move earthquake\n>p2 move closecombat\n>p2 switch 4\n>p1 switch 6\n>p2 move iciclecrash\n>p1 move overheat\n>p2 move iciclecrash\n>p1 switch 3\n>p1 move knockoff\n>p2 switch 6\n>p1 move knockoff\n>p2 move stoneedge\n>p2 switch 3\n>p1 move rapidspin\n>p2 move powerwhip\n>p1 move rapidspin\n>p2 move powerwhip\n>p1 move rapidspin\n>p2 move powerwhip\n>p1 move rapidspin\n>p2 move powerwhip\n>p1 move rapidspin\n>p2 move powerwhip\n>p1 move rapidspin\n>p2 move struggle\n>p2 switch 2\n>p1 move knockoff\n>p2 move wavecrash\n>p1 switch 4\n>p1 move bodyslam\n>p2 move curse\n>p1 move bodyslam\n>p2 move curse\n>p1 move bodyslam\n>p2 move rest\n>p1 move bodyslam\n>p2 move curse\n>p1 move bodyslam\n>p2 move curse\n>p1 move bodyslam\n>p2 move curse\n>p1 move bodyslam\n>p2 move curse\n>p1 move bodyslam\n>p2 move curse\n>p1 switch 6\n>p2 move curse\n>p1 move megahorn\n>p2 move wavecrash\n>p1 switch 6\n>p1 move bodyslam terastallize\n>p2 move wavecrash", "uploadtime": 1733897552, "views": 2, "formatid": "gen9randombattle", "rating": 1107, "private": 0, "password": null}