{"id": "gen9randombattle-2260273963", "format": "[Gen 9] Random Battle", "players": ["hoiSID_i0j", "xVictorRuanx"], "log": "|j|\u2606hoiSID_i0j\n|j|\u2606xVictorRuanx\n|t:|1733833498\n|gametype|singles\n|player|p1|hoiSID_i0j|burgh|1041\n|player|p2|xVictorRuanx|102|1011\n|teamsize|p1|6\n|teamsize|p2|6\n|gen|9\n|tier|[Gen 9] Random Battle\n|rated|\n|rule|Species Clause: Limit one of each Pok\u00e9mon\n|rule|HP Percentage Mod: HP is shown in percentages\n|rule|Sleep Clause Mod: Limit one foe put to sleep\n|rule|Illusion Level Mod: Illusion disguises the Pok\u00e9mon's true level\n|\n|t:|1733833498\n|start\n|switch|p1a: Toxtricity|Toxtricity, L82, F|257/257\n|switch|p2a: Tornadus|Tornadus, L82, M|263/263\n|turn|1\n|\n|t:|1733833542\n|switch|p2a: Lycanroc|Lycanroc-Dusk, L80, F|251/251\n|move|p1a: Toxtricity|Overdrive|p2a: Lycanroc\n|-damage|p2a: Lycanroc|91/251\n|-enditem|p1a: Toxtricity|Throat Spray\n|-boost|p1a: Toxtricity|spa|1|[from] item: Throat Spray\n|\n|upkeep\n|turn|2\n|\n|t:|1733833570\n|move|p2a: Lycanroc|Accelerock|p1a: Toxtricity\n|-damage|p1a: Toxtricity|162/257\n|-damage|p2a: Lycanroc|66/251|[from] item: Life Orb\n|move|p1a: Toxtricity|Boomburst|p2a: Lycanroc\n|-resisted|p2a: Lycanroc\n|-damage|p2a: Lycanroc|0 fnt\n|faint|p2a: Lycanroc\n|\n|upkeep\n|\n|t:|1733833580\n|switch|p2a: Munkidori|Munkidori, L79, M|269/269\n|turn|3\n|\n|t:|1733833598\n|move|p2a: Munkidori|Sludge Wave|p1a: Toxtricity\n|-resisted|p1a: Toxtricity\n|-damage|p1a: Toxtricity|68/257\n|-damage|p2a: Munkidori|243/269|[from] item: Life Orb\n|move|p1a: Toxtricity|Boomburst|p2a: Munkidori\n|-damage|p2a: Munkidori|13/269\n|\n|upkeep\n|turn|4\n|\n|t:|1733833609\n|move|p2a: Munkidori|Focus Blast|p1a: Toxtricity\n|-resisted|p1a: Toxtricity\n|-damage|p1a: Toxtricity|0 fnt\n|faint|p1a: Toxtricity\n|-damage|p2a: Munkidori|0 fnt|[from] item: Life Orb\n|faint|p2a: Munkidori\n|\n|upkeep\n|\n|t:|1733833620\n|switch|p2a: Illumise|Illumise, L91, F|266/266\n|switch|p1a: Kyurem|Kyurem, L77|319/319\n|-ability|p1a: Kyurem|Pressure\n|turn|5\n|\n|t:|1733833653\n|switch|p2a: Greedent|Greedent, L86, F|347/347\n|move|p1a: Kyurem|Ice Beam|p2a: Greedent\n|-damage|p2a: Greedent|176/347\n|\n|upkeep\n|turn|6\n|inactive|Battle timer is ON: inactive players will automatically lose when time's up. (requested by hoiSID_i0j)\n|\n|t:|1733833683\n|-terastallize|p2a: Greedent|Ground\n|move|p1a: Kyurem|Ice Beam|p2a: Greedent\n|-supereffective|p2a: Greedent\n|-damage|p2a: Greedent|0 fnt\n|faint|p2a: Greedent\n|\n|upkeep\n|\n|t:|1733833692\n|switch|p2a: Illumise|Illumise, L91, F|266/266\n|turn|7\n|\n|t:|1733833698\n|switch|p2a: Regice|Regice, L88|284/284\n|move|p1a: Kyurem|Ice Beam|p2a: Regice\n|-resisted|p2a: Regice\n|-damage|p2a: Regice|248/284\n|\n|upkeep\n|turn|8\n|\n|t:|1733833708\n|switch|p1a: Ho-Oh|Ho-Oh, L71|268/268\n|move|p2a: Regice|Ice Beam|p1a: Ho-Oh\n|-damage|p1a: Ho-Oh|181/268\n|\n|upkeep\n|turn|9\n|\n|t:|1733833717\n|switch|p2a: Tornadus|Tornadus, L82, M|263/263\n|move|p1a: Ho-Oh|Sacred Fire|p2a: Tornadus\n|-damage|p2a: Tornadus|152/263\n|-status|p2a: Tornadus|brn\n|\n|-damage|p2a: Tornadus|136/263 brn|[from] brn\n|upkeep\n|turn|10\n|\n|t:|1733833735\n|move|p2a: Tornadus|Focus Blast|p1a: Ho-Oh\n|-resisted|p1a: Ho-Oh\n|-damage|p1a: Ho-Oh|123/268\n|move|p1a: Ho-Oh|Recover|p1a: Ho-Oh\n|-heal|p1a: Ho-Oh|257/268\n|\n|-damage|p2a: Tornadus|120/263 brn|[from] brn\n|upkeep\n|turn|11\n|\n|t:|1733833747\n|move|p2a: Tornadus|Focus Blast|p1a: Ho-Oh\n|-resisted|p1a: Ho-Oh\n|-damage|p1a: Ho-Oh|206/268\n|move|p1a: Ho-Oh|Sacred Fire|p2a: Tornadus\n|-damage|p2a: Tornadus|2/263 brn\n|\n|-damage|p2a: Tornadus|0 fnt|[from] brn\n|faint|p2a: Tornadus\n|upkeep\n|\n|t:|1733833757\n|switch|p2a: Illumise|Illumise, L91, F|266/266\n|turn|12\n|inactive|xVictorRuanx has 120 seconds left.\n|\n|t:|1733833779\n|move|p2a: Illumise|Thunder Wave|p1a: Ho-Oh\n|-status|p1a: Ho-Oh|par\n|move|p1a: Ho-Oh|Sacred Fire|p2a: Illumise\n|-supereffective|p2a: Illumise\n|-damage|p2a: Illumise|68/266\n|\n|upkeep\n|turn|13\n|\n|t:|1733833790\n|move|p2a: Illumise|Roost|p2a: Illumise\n|-heal|p2a: Illumise|201/266\n|-singleturn|p2a: Illumise|move: Roost\n|move|p1a: Ho-Oh|Sacred Fire|p2a: Illumise\n|-supereffective|p2a: Illumise\n|-damage|p2a: Illumise|0 fnt\n|faint|p2a: Illumise\n|\n|upkeep\n|\n|t:|1733833799\n|switch|p2a: Regice|Regice, L88|248/284\n|turn|14\n|\n|t:|1733833808\n|move|p2a: Regice|Body Press|p1a: Ho-Oh\n|-resisted|p1a: Ho-Oh\n|-damage|p1a: Ho-Oh|167/268 par\n|cant|p1a: Ho-Oh|par\n|\n|upkeep\n|turn|15\n|inactive|hoiSID_i0j has 120 seconds left.\n|\n|t:|1733833838\n|switch|p1a: Swalot|Swalot, L90, F|326/326\n|move|p2a: Regice|Thunderbolt|p1a: Swalot\n|-crit|p1a: Swalot\n|-damage|p1a: Swalot|222/326\n|-status|p1a: Swalot|par\n|\n|-heal|p1a: Swalot|242/326 par|[from] item: Leftovers\n|upkeep\n|turn|16\n|inactive|hoiSID_i0j has 120 seconds left.\n|inactive|xVictorRuanx has 120 seconds left.\n|\n|t:|1733833862\n|move|p2a: Regice|Thunderbolt|p1a: Swalot\n|-damage|p1a: Swalot|166/326 par\n|move|p1a: Swalot|Knock Off|p2a: Regice\n|-damage|p2a: Regice|193/284\n|-enditem|p2a: Regice|Heavy-Duty Boots|[from] move: Knock Off|[of] p1a: Swalot\n|\n|-heal|p1a: Swalot|186/326 par|[from] item: Leftovers\n|upkeep\n|turn|17\n|inactive|hoiSID_i0j has 120 seconds left.\n|inactive|xVictorRuanx has 120 seconds left.\n|\n|t:|1733833878\n|move|p2a: Regice|Ice Beam|p1a: Swalot\n|-damage|p1a: Swalot|78/326 par\n|cant|p1a: Swalot|par\n|\n|-heal|p1a: Swalot|98/326 par|[from] item: Leftovers\n|upkeep\n|turn|18\n|inactive|xVictorRuanx has 120 seconds left.\n|\n|t:|1733833886\n|move|p2a: Regice|Ice Beam|p1a: Swalot\n|-damage|p1a: Swalot|0 fnt\n|faint|p1a: Swalot\n|\n|upkeep\n|\n|t:|1733833893\n|switch|p1a: Swampert|Swampert, L83, M|302/302\n|turn|19\n|\n|t:|1733833899\n|move|p1a: Swampert|Flip Turn|p2a: Regice\n|-damage|p2a: Regice|138/284\n|\n|t:|1733833910\n|switch|p1a: Kyurem|Kyurem, L77|319/319|[from] Flip Turn\n|-ability|p1a: Kyurem|Pressure\n|move|p2a: Regice|Ice Beam|p1a: Kyurem\n|-damage|p1a: Kyurem|204/319\n|\n|upkeep\n|turn|20\n|\n|t:|1733833919\n|move|p1a: Kyurem|Draco Meteor|p2a: Regice\n|-damage|p2a: Regice|24/284\n|-unboost|p1a: Kyurem|spa|2\n|move|p2a: Regice|Ice Beam|p1a: Kyurem\n|-damage|p1a: Kyurem|93/319\n|\n|upkeep\n|turn|21\n|\n|t:|1733833927\n|move|p1a: Kyurem|Draco Meteor|p2a: Regice\n|-damage|p2a: Regice|0 fnt\n|-unboost|p1a: Kyurem|spa|2\n|faint|p2a: Regice\n|\n|win|hoiSID_i0j\n|raw|hoiSID_i0j's rating: 1041 &rarr; <strong>1072</strong><br />(+31 for winning)\n|raw|xVictorRuanx's rating: 1011 &rarr; <strong>1000</strong><br />(-11 for losing)\n|l|\u2606hoiSID_i0j\n|player|p1|\n", "inputlog": ">version bfd83cad13791eb5a5a409923076391caf6fb4d4\n>start {\"formatid\":\"gen9randombattle\",\"seed\":[35434,29798,43076,52934],\"rated\":\"Rated battle\"}\n>player p1 {\"name\":\"hoiSID_i0j\",\"avatar\":\"burgh\",\"rating\":1041,\"seed\":[23779,34061,62460,21318]}\n>player p2 {\"name\":\"xVictorRuanx\",\"avatar\":\"102\",\"rating\":1011,\"seed\":[53006,32572,43347,9604]}\n>p1 move overdrive\n>p2 switch 3\n>p1 move boomburst\n>p2 move accelerock\n>p2 switch 5\n>p1 move boomburst\n>p2 move sludgewave\n>p1 move shiftgear\n>p2 move focusblast\n>p1 switch 3\n>p2 switch 4\n>p1 move icebeam\n>p2 switch 2\n>p1 move icebeam\n>p2 move earthquake terastallize\n>p2 switch 2\n>p1 move icebeam\n>p2 switch 6\n>p1 switch 4\n>p2 move icebeam\n>p1 move sacredfire\n>p2 switch 3\n>p1 move recover\n>p2 move focusblast\n>p1 move sacredfire\n>p2 move focusblast\n>p2 switch 6\n>p1 move sacredfire\n>p2 move thunderwave\n>p1 move sacredfire\n>p2 move roost\n>p2 switch 3\n>p1 move sacredfire\n>p2 move bodypress\n>p1 switch 2\n>p2 move thunderbolt\n>p1 move knockoff\n>p2 move thunderbolt\n>p1 move sludgebomb\n>p2 move icebeam\n>p1 move sludgebomb\n>p2 move icebeam\n>p1 switch 6\n>p1 move flipturn\n>p2 move icebeam\n>p1 switch 4\n>p1 move dracometeor\n>p2 move icebeam\n>p1 move dracometeor\n>p2 move icebeam", "uploadtime": 1733833943, "views": 1, "formatid": "gen9randombattle", "rating": 1000, "private": 0, "password": null}