{"id": "gen9randombattle-2260449447", "format": "[Gen 9] Random Battle", "players": ["asdfadsf1", "noskii999"], "log": "|j|\u2606asdfadsf1\n|j|\u2606noskii999\n|t:|1733852704\n|gametype|singles\n|player|p1|asdfadsf1|266|1100\n|player|p2|noskii999|170|1054\n|teamsize|p1|6\n|teamsize|p2|6\n|gen|9\n|tier|[Gen 9] Random Battle\n|rated|\n|rule|Species Clause: Limit one of each Pok\u00e9mon\n|rule|HP Percentage Mod: HP is shown in percentages\n|rule|Sleep Clause Mod: Limit one foe put to sleep\n|rule|Illusion Level Mod: Illusion disguises the Pok\u00e9mon's true level\n|\n|t:|1733852704\n|start\n|switch|p1a: Trevenant|Trevenant, L88, F|293/293\n|switch|p2a: Bruxish|Bruxish, L85, F|254/254\n|turn|1\n|inactive|Battle timer is ON: inactive players will automatically lose when time's up. (requested by noskii999)\n|\n|t:|1733852729\n|switch|p2a: Regice|Regice, L88|284/284\n|move|p1a: Trevenant|Poltergeist|p2a: Regice\n|-activate|p2a: Regice|move: Poltergeist|Heavy-Duty Boots\n|-damage|p2a: Regice|123/284\n|-damage|p1a: Trevenant|264/293|[from] item: Life Orb\n|\n|upkeep\n|turn|2\n|\n|t:|1733852739\n|move|p1a: Trevenant|Poltergeist|p2a: Regice\n|-activate|p2a: Regice|move: Poltergeist|Heavy-Duty Boots\n|-damage|p2a: Regice|0 fnt\n|faint|p2a: Regice\n|-damage|p1a: Trevenant|235/293|[from] item: Life Orb\n|\n|upkeep\n|\n|t:|1733852755\n|switch|p2a: Greedent|Greedent, L86, F|347/347\n|turn|3\n|\n|t:|1733852763\n|move|p1a: Trevenant|Will-O-Wisp|p2a: Greedent\n|-status|p2a: Greedent|brn\n|move|p2a: Greedent|Swords Dance|p2a: Greedent\n|-boost|p2a: Greedent|atk|2\n|\n|-damage|p2a: Greedent|326/347 brn|[from] brn\n|upkeep\n|turn|4\n|\n|t:|1733852770\n|move|p1a: Trevenant|Drain Punch|p2a: Greedent\n|-supereffective|p2a: Greedent\n|-damage|p2a: Greedent|180/347 brn\n|-heal|p1a: Trevenant|293/293|[from] drain|[of] p2a: Greedent\n|-damage|p1a: Trevenant|264/293|[from] item: Life Orb\n|move|p2a: Greedent|Knock Off|p1a: Trevenant\n|-supereffective|p1a: Trevenant\n|-damage|p1a: Trevenant|115/293\n|-enditem|p1a: Trevenant|Life Orb|[from] move: Knock Off|[of] p2a: Greedent\n|\n|-damage|p2a: Greedent|159/347 brn|[from] brn\n|upkeep\n|-enditem|p2a: Greedent|Sitrus Berry|[eat]\n|-heal|p2a: Greedent|245/347 brn|[from] item: Sitrus Berry\n|-heal|p2a: Greedent|347/347 brn|[from] ability: Cheek Pouch\n|turn|5\n|\n|t:|1733852784\n|move|p1a: Trevenant|Drain Punch|p2a: Greedent\n|-supereffective|p2a: Greedent\n|-damage|p2a: Greedent|237/347 brn\n|-heal|p1a: Trevenant|170/293|[from] drain|[of] p2a: Greedent\n|move|p2a: Greedent|Knock Off|p1a: Trevenant\n|-supereffective|p1a: Trevenant\n|-damage|p1a: Trevenant|63/293\n|\n|-damage|p2a: Greedent|216/347 brn|[from] brn\n|upkeep\n|turn|6\n|\n|t:|1733852793\n|move|p1a: Trevenant|Drain Punch|p2a: Greedent\n|-supereffective|p2a: Greedent\n|-damage|p2a: Greedent|88/347 brn\n|-heal|p1a: Trevenant|127/293|[from] drain|[of] p2a: Greedent\n|move|p2a: Greedent|Knock Off|p1a: Trevenant\n|-supereffective|p1a: Trevenant\n|-damage|p1a: Trevenant|23/293\n|\n|-damage|p2a: Greedent|67/347 brn|[from] brn\n|upkeep\n|turn|7\n|-message|noskii999 forfeited.\n|\n|win|asdfadsf1\n|raw|asdfadsf1's rating: 1100 &rarr; <strong>1122</strong><br />(+22 for winning)\n|raw|noskii999's rating: 1054 &rarr; <strong>1038</strong><br />(-16 for losing)\n|l|\u2606noskii999\n|player|p2|\n", "inputlog": ">version bfd83cad13791eb5a5a409923076391caf6fb4d4\n>start {\"formatid\":\"gen9randombattle\",\"seed\":[38366,24911,9509,64464],\"rated\":\"Rated battle\"}\n>player p1 {\"name\":\"asdfadsf1\",\"avatar\":\"266\",\"rating\":1100,\"seed\":[62051,604,49670,58402]}\n>player p2 {\"name\":\"noskii999\",\"avatar\":\"170\",\"rating\":1054,\"seed\":[4296,62918,11865,23677]}\n>p1 move poltergeist\n>p2 switch 2\n>p1 move poltergeist\n>p2 move icebeam\n>p2 switch 5\n>p1 move willowisp\n>p2 move swordsdance\n>p1 move drainpunch\n>p2 move knockoff\n>p1 move drainpunch\n>p2 move knockoff\n>p1 move drainpunch\n>p2 move knockoff\n>forcelose p2", "uploadtime": 1733852812, "views": 1, "formatid": "gen9randombattle", "rating": 1038, "private": 0, "password": null}