{"id": "gen9randombattle-2259809022", "format": "[Gen 9] Random Battle", "players": ["OrpheusTV", "LookUponMyWorks"], "log": "|j|\u2606OrpheusTV\n|j|\u2606LookUponMyWorks\n|t:|1733768824\n|gametype|singles\n|player|p1|OrpheusTV|265|1344\n|player|p2|LookUponMyWorks|169|1320\n|teamsize|p1|6\n|teamsize|p2|6\n|gen|9\n|tier|[Gen 9] Random Battle\n|rated|\n|rule|Species Clause: Limit one of each Pok\u00e9mon\n|rule|HP Percentage Mod: HP is shown in percentages\n|rule|Sleep Clause Mod: Limit one foe put to sleep\n|rule|Illusion Level Mod: Illusion disguises the Pok\u00e9mon's true level\n|\n|t:|1733768824\n|start\n|switch|p1a: Palossand|Palossand, L89, M|296/296\n|switch|p2a: Meowstic|Meowstic, L89, M|277/277\n|turn|1\n|\n|t:|1733768848\n|switch|p2a: Alcremie|Alcremie-Ruby-Cream, L90, F|263/263\n|move|p1a: Palossand|Stealth Rock|p2a: Alcremie\n|-sidestart|p2: LookUponMyWorks|move: Stealth Rock\n|\n|upkeep\n|turn|2\n|\n|t:|1733768867\n|move|p2a: Alcremie|Calm Mind|p2a: Alcremie\n|-boost|p2a: Alcremie|spa|1\n|-boost|p2a: Alcremie|spd|1\n|move|p1a: Palossand|Shadow Ball|p2a: Alcremie\n|-crit|p2a: Alcremie\n|-damage|p2a: Alcremie|148/263\n|-unboost|p2a: Alcremie|spd|1\n|\n|-heal|p2a: Alcremie|164/263|[from] item: Leftovers\n|upkeep\n|turn|3\n|c|\u2606OrpheusTV|alcremie is my fave\n|c|\u2606OrpheusTV|i cant do this man\n|\n|t:|1733768903\n|move|p2a: Alcremie|Calm Mind|p2a: Alcremie\n|-boost|p2a: Alcremie|spa|1\n|-boost|p2a: Alcremie|spd|1\n|move|p1a: Palossand|Shadow Ball|p2a: Alcremie\n|-damage|p2a: Alcremie|112/263\n|-unboost|p2a: Alcremie|spd|1\n|\n|-heal|p2a: Alcremie|128/263|[from] item: Leftovers\n|upkeep\n|turn|4\n|\n|t:|1733768917\n|move|p2a: Alcremie|Recover|p2a: Alcremie\n|-heal|p2a: Alcremie|260/263\n|move|p1a: Palossand|Shadow Ball|p2a: Alcremie\n|-damage|p2a: Alcremie|182/263\n|\n|-heal|p2a: Alcremie|198/263|[from] item: Leftovers\n|upkeep\n|turn|5\n|\n|t:|1733768922\n|switch|p1a: Seviper|Seviper, L93, F|287/287\n|move|p2a: Alcremie|Calm Mind|p2a: Alcremie\n|-boost|p2a: Alcremie|spa|1\n|-boost|p2a: Alcremie|spd|1\n|\n|-heal|p2a: Alcremie|214/263|[from] item: Leftovers\n|upkeep\n|turn|6\n|\n|t:|1733768929\n|-terastallize|p2a: Alcremie|Ground\n|move|p1a: Seviper|Gunk Shot|p2a: Alcremie\n|-resisted|p2a: Alcremie\n|-damage|p2a: Alcremie|128/263\n|move|p2a: Alcremie|Tera Blast|p1a: Seviper|[anim] Tera Blast Ground\n|-supereffective|p1a: Seviper\n|-crit|p1a: Seviper\n|-damage|p1a: Seviper|0 fnt\n|faint|p1a: Seviper\n|\n|-heal|p2a: Alcremie|144/263|[from] item: Leftovers\n|upkeep\n|\n|t:|1733768936\n|switch|p1a: Inteleon|Inteleon, L81, F|246/246\n|turn|7\n|\n|t:|1733768944\n|move|p1a: Inteleon|Hydro Pump|p2a: Alcremie\n|-supereffective|p2a: Alcremie\n|-damage|p2a: Alcremie|0 fnt\n|faint|p2a: Alcremie\n|\n|upkeep\n|\n|t:|1733768948\n|switch|p2a: Lanturn|Lanturn, L89, F|367/367\n|turn|8\n|\n|t:|1733768963\n|switch|p1a: Annihilape|Annihilape, L76, F|292/292\n|switch|p2a: Basculin|Basculin-Blue-Striped, L86, M|261/261\n|-damage|p2a: Basculin|229/261|[from] Stealth Rock\n|\n|upkeep\n|turn|9\n|\n|t:|1733768969\n|move|p2a: Basculin|Wave Crash|p1a: Annihilape\n|-damage|p1a: Annihilape|16/292\n|-damage|p2a: Basculin|138/261|[from] Recoil\n|move|p1a: Annihilape|Bulk Up|p1a: Annihilape\n|-boost|p1a: Annihilape|atk|1\n|-boost|p1a: Annihilape|def|1\n|\n|-heal|p1a: Annihilape|34/292|[from] item: Leftovers\n|upkeep\n|turn|10\n|\n|t:|1733768977\n|move|p2a: Basculin|Wave Crash|p1a: Annihilape\n|-damage|p1a: Annihilape|0 fnt\n|faint|p1a: Annihilape\n|-damage|p2a: Basculin|127/261|[from] Recoil\n|\n|upkeep\n|\n|t:|1733768983\n|switch|p1a: Vigoroth|Vigoroth, L85, F|275/275\n|turn|11\n|\n|t:|1733768987\n|move|p2a: Basculin|Wave Crash|p1a: Vigoroth\n|-damage|p1a: Vigoroth|89/275\n|-damage|p2a: Basculin|66/261|[from] Recoil\n|move|p1a: Vigoroth|Bulk Up|p1a: Vigoroth\n|-boost|p1a: Vigoroth|atk|1\n|-boost|p1a: Vigoroth|def|1\n|\n|upkeep\n|turn|12\n|\n|t:|1733768992\n|move|p2a: Basculin|Wave Crash|p1a: Vigoroth\n|-damage|p1a: Vigoroth|0 fnt\n|faint|p1a: Vigoroth\n|-damage|p2a: Basculin|37/261|[from] Recoil\n|\n|upkeep\n|\n|t:|1733768997\n|switch|p1a: Inteleon|Inteleon, L81, F|246/246\n|turn|13\n|\n|t:|1733768999\n|move|p1a: Inteleon|U-turn|p2a: Basculin\n|-crit|p2a: Basculin\n|-damage|p2a: Basculin|0 fnt\n|faint|p2a: Basculin\n|\n|t:|1733769004\n|switch|p1a: Palossand|Palossand, L89, M|296/296|[from] U-turn\n|\n|upkeep\n|\n|t:|1733769007\n|switch|p2a: Grimmsnarl|Grimmsnarl, L83, M|293/293\n|-damage|p2a: Grimmsnarl|257/293|[from] Stealth Rock\n|turn|14\n|\n|t:|1733769014\n|move|p2a: Grimmsnarl|Light Screen|p2a: Grimmsnarl\n|-sidestart|p2: LookUponMyWorks|move: Light Screen\n|move|p1a: Palossand|Earth Power|p2a: Grimmsnarl\n|-damage|p2a: Grimmsnarl|195/293\n|\n|upkeep\n|turn|15\n|\n|t:|1733769019\n|move|p2a: Grimmsnarl|Spirit Break|p1a: Palossand\n|-damage|p1a: Palossand|229/296\n|-unboost|p1a: Palossand|spa|1\n|move|p1a: Palossand|Earth Power|p2a: Grimmsnarl\n|-damage|p2a: Grimmsnarl|154/293\n|\n|-heal|p1a: Palossand|247/296|[from] item: Leftovers\n|upkeep\n|turn|16\n|\n|t:|1733769027\n|move|p2a: Grimmsnarl|Spirit Break|p1a: Palossand\n|-damage|p1a: Palossand|169/296\n|-unboost|p1a: Palossand|spa|1\n|move|p1a: Palossand|Earth Power|p2a: Grimmsnarl\n|-damage|p2a: Grimmsnarl|121/293\n|\n|-heal|p1a: Palossand|187/296|[from] item: Leftovers\n|upkeep\n|turn|17\n|\n|t:|1733769035\n|move|p2a: Grimmsnarl|Spirit Break|p1a: Palossand\n|-damage|p1a: Palossand|115/296\n|-unboost|p1a: Palossand|spa|1\n|move|p1a: Palossand|Earth Power|p2a: Grimmsnarl\n|-damage|p2a: Grimmsnarl|98/293\n|\n|-heal|p1a: Palossand|133/296|[from] item: Leftovers\n|upkeep\n|turn|18\n|\n|t:|1733769040\n|move|p2a: Grimmsnarl|Spirit Break|p1a: Palossand\n|-damage|p1a: Palossand|54/296\n|-unboost|p1a: Palossand|spa|1\n|move|p1a: Palossand|Earth Power|p2a: Grimmsnarl\n|-damage|p2a: Grimmsnarl|75/293\n|\n|-heal|p1a: Palossand|72/296|[from] item: Leftovers\n|upkeep\n|turn|19\n|c|\u2606OrpheusTV|nah, i'd Crit\n|\n|t:|1733769050\n|move|p2a: Grimmsnarl|Spirit Break|p1a: Palossand\n|-damage|p1a: Palossand|0 fnt\n|faint|p1a: Palossand\n|\n|upkeep\n|\n|t:|1733769055\n|switch|p1a: Inteleon|Inteleon, L81, F|246/246\n|turn|20\n|\n|t:|1733769059\n|move|p2a: Grimmsnarl|Parting Shot|p1a: Inteleon\n|-unboost|p1a: Inteleon|atk|1\n|-unboost|p1a: Inteleon|spa|1\n|\n|t:|1733769062\n|switch|p2a: Chansey|Chansey, L85, F|564/564|[from] Parting Shot\n|-damage|p2a: Chansey|494/564|[from] Stealth Rock\n|move|p1a: Inteleon|U-turn|p2a: Chansey\n|-damage|p2a: Chansey|429/564\n|\n|t:|1733769064\n|switch|p1a: Luvdisc|Luvdisc, M|247/247|[from] U-turn\n|\n|upkeep\n|turn|21\n|\n|t:|1733769069\n|move|p1a: Luvdisc|Substitute|p1a: Luvdisc\n|-start|p1a: Luvdisc|Substitute\n|-damage|p1a: Luvdisc|186/247\n|move|p2a: Chansey|Stealth Rock|p1a: Luvdisc\n|-sidestart|p1: OrpheusTV|move: Stealth Rock\n|\n|-sideend|p2: LookUponMyWorks|move: Light Screen\n|upkeep\n|turn|22\n|\n|t:|1733769075\n|move|p1a: Luvdisc|Surf|p2a: Chansey\n|-damage|p2a: Chansey|389/564\n|move|p2a: Chansey|Seismic Toss|p1a: Luvdisc\n|-end|p1a: Luvdisc|Substitute\n|\n|upkeep\n|turn|23\n|\n|t:|1733769079\n|move|p1a: Luvdisc|Substitute|p1a: Luvdisc\n|-start|p1a: Luvdisc|Substitute\n|-damage|p1a: Luvdisc|125/247\n|move|p2a: Chansey|Seismic Toss|p1a: Luvdisc\n|-end|p1a: Luvdisc|Substitute\n|\n|upkeep\n|turn|24\n|\n|t:|1733769081\n|move|p1a: Luvdisc|Substitute|p1a: Luvdisc\n|-start|p1a: Luvdisc|Substitute\n|-damage|p1a: Luvdisc|64/247\n|move|p2a: Chansey|Seismic Toss|p1a: Luvdisc\n|-end|p1a: Luvdisc|Substitute\n|\n|upkeep\n|turn|25\n|\n|t:|1733769084\n|move|p1a: Luvdisc|Substitute|p1a: Luvdisc\n|-start|p1a: Luvdisc|Substitute\n|-damage|p1a: Luvdisc|3/247\n|move|p2a: Chansey|Seismic Toss|p1a: Luvdisc\n|-end|p1a: Luvdisc|Substitute\n|\n|upkeep\n|turn|26\n|\n|t:|1733769091\n|-terastallize|p1a: Luvdisc|Ghost\n|move|p1a: Luvdisc|Endeavor|p2a: Chansey\n|-damage|p2a: Chansey|3/564\n|move|p2a: Chansey|Soft-Boiled|p2a: Chansey\n|-heal|p2a: Chansey|285/564\n|\n|upkeep\n|turn|27\n|c|\u2606OrpheusTV|listen here you little FUCK\n|\n|t:|1733769107\n|switch|p2a: Grimmsnarl|Grimmsnarl, L83, M|75/293\n|-damage|p2a: Grimmsnarl|39/293|[from] Stealth Rock\n|move|p1a: Luvdisc|Endeavor|p2a: Grimmsnarl\n|-damage|p2a: Grimmsnarl|3/293\n|\n|upkeep\n|turn|28\n|\n|t:|1733769118\n|move|p2a: Grimmsnarl|Light Screen|p2a: Grimmsnarl\n|-sidestart|p2: LookUponMyWorks|move: Light Screen\n|move|p1a: Luvdisc|Whirlpool|p2a: Grimmsnarl\n|-damage|p2a: Grimmsnarl|0 fnt\n|faint|p2a: Grimmsnarl\n|\n|upkeep\n|\n|t:|1733769130\n|switch|p2a: Meowstic|Meowstic, L89, M|277/277\n|-damage|p2a: Meowstic|243/277|[from] Stealth Rock\n|turn|29\n|\n|t:|1733769134\n|move|p1a: Luvdisc|Endeavor|p2a: Meowstic\n|-damage|p2a: Meowstic|3/277\n|move|p2a: Meowstic|Psychic Noise|p1a: Luvdisc\n|-damage|p1a: Luvdisc|0 fnt\n|faint|p1a: Luvdisc\n|\n|upkeep\n|\n|t:|1733769137\n|switch|p1a: Inteleon|Inteleon, L81, F|246/246\n|-damage|p1a: Inteleon|216/246|[from] Stealth Rock\n|turn|30\n|\n|t:|1733769145\n|move|p2a: Meowstic|Thunder Wave|p1a: Inteleon\n|-status|p1a: Inteleon|par\n|move|p1a: Inteleon|Ice Beam|p2a: Meowstic\n|-damage|p2a: Meowstic|0 fnt\n|faint|p2a: Meowstic\n|\n|upkeep\n|\n|t:|1733769152\n|switch|p2a: Chansey|Chansey, L85, F|285/564\n|-damage|p2a: Chansey|215/564|[from] Stealth Rock\n|turn|31\n|\n|t:|1733769156\n|move|p2a: Chansey|Soft-Boiled|p2a: Chansey\n|-heal|p2a: Chansey|497/564\n|move|p1a: Inteleon|Ice Beam|p2a: Chansey\n|-damage|p2a: Chansey|467/564\n|\n|upkeep\n|turn|32\n|\n|t:|1733769160\n|move|p2a: Chansey|Seismic Toss|p1a: Inteleon\n|-damage|p1a: Inteleon|131/246 par\n|move|p1a: Inteleon|Ice Beam|p2a: Chansey\n|-damage|p2a: Chansey|435/564\n|\n|upkeep\n|turn|33\n|-message|OrpheusTV forfeited.\n|\n|win|LookUponMyWorks\n", "inputlog": ">version bfd83cad13791eb5a5a409923076391caf6fb4d4\n>start {\"formatid\":\"gen9randombattle\",\"seed\":[26205,60246,12938,11002],\"rated\":\"Rated battle\"}\n>player p1 {\"name\":\"OrpheusTV\",\"avatar\":\"265\",\"rating\":1344,\"seed\":[62559,27890,38478,51079]}\n>player p2 {\"name\":\"LookUponMyWorks\",\"avatar\":\"169\",\"rating\":1320,\"seed\":[28895,31297,48728,42894]}\n>p1 move stealthrock\n>p2 switch 5\n>p1 move shadowball\n>p2 move calmmind\n>chat \u2606OrpheusTV|alcremie is my fave\n>chat \u2606OrpheusTV|i cant do this man\n>p1 move shadowball\n>p2 move calmmind\n>p1 move shadowball\n>p2 move recover\n>p1 switch 5\n>p2 move calmmind\n>p1 move gunkshot\n>p2 move terablast terastallize\n>p1 switch 3\n>p1 move hydropump\n>p2 move alluringvoice\n>p2 switch 2\n>p1 switch 6\n>p2 switch 3\n>p1 move bulkup\n>p2 move wavecrash\n>p1 move drainpunch\n>p2 move wavecrash\n>p1 switch 2\n>p1 move bulkup\n>p2 move wavecrash\n>p1 move bodyslam\n>p2 move wavecrash\n>p1 switch 6\n>p1 move uturn\n>p2 move wavecrash\n>p1 switch 5\n>p2 switch 6\n>p1 move earthpower\n>p2 move lightscreen\n>p1 move earthpower\n>p2 move spiritbreak\n>p1 move earthpower\n>p2 move spiritbreak\n>p1 move earthpower\n>p2 move spiritbreak\n>p1 move earthpower\n>p2 move spiritbreak\n>chat \u2606OrpheusTV|nah, i'd Crit\n>p1 move shoreup\n>p2 move spiritbreak\n>p1 switch 5\n>p1 move uturn\n>p2 move partingshot\n>p2 switch 4\n>p1 switch 4\n>p1 move substitute\n>p2 move stealthrock\n>p1 move surf\n>p2 move seismictoss\n>p1 move substitute\n>p2 move seismictoss\n>p1 move substitute\n>p2 move seismictoss\n>p1 move substitute\n>p2 move seismictoss\n>p1 move endeavor terastallize\n>p2 move softboiled\n>chat \u2606OrpheusTV|listen here you little FUCK\n>p1 move endeavor\n>p2 switch 4\n>p1 move whirlpool\n>p2 move lightscreen\n>p2 switch 5\n>p1 move endeavor\n>p2 move psychicnoise\n>p1 switch 4\n>p1 move icebeam\n>p2 move thunderwave\n>p2 switch 4\n>p1 move icebeam\n>p2 move softboiled\n>p1 move icebeam\n>p2 move seismictoss\n>forcelose p1", "uploadtime": 1733769104, "views": 1, "formatid": "gen9randombattle", "rating": null, "private": 0, "password": null}