{"id": "gen9randombattle-2217231147", "format": "[Gen 9] Random Battle", "players": ["Chiori Mikami", "Vitoran"], "log": "|j|\u2606Chiori Mikami\n|j|\u2606Vitoran\n|t:|1728237084\n|gametype|singles\n|player|p1|Chiori Mikami|#rbtt7teamrayquazaf|2237\n|player|p2|Vitoran|nemona-v|2243\n|teamsize|p1|6\n|teamsize|p2|6\n|gen|9\n|tier|[Gen 9] Random Battle\n|rated|\n|rule|Species Clause: Limit one of each Pok\u00e9mon\n|rule|HP Percentage Mod: HP is shown in percentages\n|rule|Sleep Clause Mod: Limit one foe put to sleep\n|rule|Illusion Level Mod: Illusion disguises the Pok\u00e9mon's true level\n|\n|t:|1728237084\n|start\n|switch|p1a: Leavanny|Leavanny, L86, M|269/269\n|switch|p2a: Luxray|Luxray, L88, F|284/284\n|turn|1\n|inactive|Battle timer is ON: inactive players will automatically lose when time's up. (requested by Vitoran)\n|inactive|Vitoran has 120 seconds left.\n|c|\u2606Vitoran|glhf\n|c|\u2606Chiori Mikami|hf\n|\n|t:|1728237132\n|switch|p2a: Forretress|Forretress, L84, F|263/263\n|move|p1a: Leavanny|Knock Off|p2a: Forretress\n|-damage|p2a: Forretress|212/263\n|-enditem|p2a: Forretress|Leftovers|[from] move: Knock Off|[of] p1a: Leavanny\n|\n|upkeep\n|turn|2\n|\n|t:|1728237159\n|switch|p1a: Medicham|Medicham, L86, F|243/243\n|move|p2a: Forretress|Stealth Rock|p1a: Medicham\n|-sidestart|p1: Chiori Mikami|move: Stealth Rock\n|\n|upkeep\n|turn|3\n|\n|t:|1728237177\n|switch|p2a: Calyrex|Calyrex, L93|337/337\n|-ability|p2a: Calyrex|Unnerve\n|move|p1a: Medicham|Close Combat|p2a: Calyrex\n|-resisted|p2a: Calyrex\n|-damage|p2a: Calyrex|199/337\n|-unboost|p1a: Medicham|def|1\n|-unboost|p1a: Medicham|spd|1\n|\n|-heal|p2a: Calyrex|220/337|[from] item: Leftovers\n|upkeep\n|turn|4\n|inactive|Chiori Mikami has 120 seconds left.\n|\n|t:|1728237198\n|switch|p1a: Leavanny|Leavanny, L86, M|269/269\n|move|p2a: Calyrex|Psyshock|p1a: Leavanny\n|-damage|p1a: Leavanny|173/269\n|\n|-heal|p2a: Calyrex|241/337|[from] item: Leftovers\n|upkeep\n|turn|5\n|\n|t:|1728237205\n|switch|p2a: Forretress|Forretress, L84, F|212/263\n|move|p1a: Leavanny|Sticky Web|p2a: Forretress\n|-sidestart|p2: Vitoran|move: Sticky Web\n|\n|upkeep\n|turn|6\n|inactive|Chiori Mikami has 120 seconds left.\n|\n|t:|1728237232\n|switch|p1a: Gliscor|Gliscor, L76, F|239/239\n|-damage|p1a: Gliscor|210/239|[from] Stealth Rock\n|move|p2a: Forretress|Rapid Spin|p1a: Gliscor\n|-damage|p1a: Gliscor|184/239\n|-boost|p2a: Forretress|spe|1\n|-sideend|p2: Vitoran|Sticky Web|[from] move: Rapid Spin|[of] p2a: Forretress\n|\n|-status|p1a: Gliscor|tox|[from] item: Toxic Orb\n|upkeep\n|turn|7\n|\n|t:|1728237253\n|switch|p2a: Cyclizar|Cyclizar, L83, M|252/252\n|move|p1a: Gliscor|Earthquake|p2a: Cyclizar\n|-damage|p2a: Cyclizar|140/252\n|\n|-heal|p1a: Gliscor|213/239 tox|[from] ability: Poison Heal\n|upkeep\n|turn|8\n|inactive|Chiori Mikami has 120 seconds left.\n|\n|t:|1728237268\n|move|p2a: Cyclizar|Shed Tail|p2a: Cyclizar\n|-start|p2a: Cyclizar|Substitute|[from] move: Shed Tail\n|-damage|p2a: Cyclizar|14/252\n|\n|t:|1728237272\n|switch|p2a: Calyrex|Calyrex, L93|241/337|[from] Shed Tail\n|-ability|p2a: Calyrex|Unnerve\n|move|p1a: Gliscor|Earthquake|p2a: Calyrex\n|-resisted|p2a: Calyrex\n|-activate|p2a: Calyrex|move: Substitute|[damage]\n|\n|-heal|p2a: Calyrex|262/337|[from] item: Leftovers\n|-heal|p1a: Gliscor|239/239 tox|[from] ability: Poison Heal\n|upkeep\n|turn|9\n|\n|t:|1728237283\n|move|p2a: Calyrex|Calm Mind|p2a: Calyrex\n|-boost|p2a: Calyrex|spa|1\n|-boost|p2a: Calyrex|spd|1\n|move|p1a: Gliscor|Earthquake|p2a: Calyrex\n|-resisted|p2a: Calyrex\n|-end|p2a: Calyrex|Substitute\n|\n|-heal|p2a: Calyrex|283/337|[from] item: Leftovers\n|upkeep\n|turn|10\n|\n|t:|1728237293\n|switch|p1a: Brute Bonnet|Brute Bonnet, L81|312/312\n|-damage|p1a: Brute Bonnet|273/312|[from] Stealth Rock\n|move|p2a: Calyrex|Encore||[still]\n|-fail|p2a: Calyrex\n|\n|-heal|p2a: Calyrex|304/337|[from] item: Leftovers\n|upkeep\n|turn|11\n|\n|t:|1728237312\n|switch|p2a: Luxray|Luxray, L88, F|284/284\n|move|p1a: Brute Bonnet|Crunch|p2a: Luxray\n|-damage|p2a: Luxray|143/284\n|\n|-status|p2a: Luxray|brn|[from] item: Flame Orb\n|upkeep\n|turn|12\n|inactive|Chiori Mikami has 120 seconds left.\n|inactive|Chiori Mikami has 90 seconds left.\n|\n|t:|1728237375\n|-end|p1a: Brute Bonnet|Protosynthesis|[silent]\n|switch|p1a: Gliscor|Gliscor, L76, F|239/239 tox\n|-damage|p1a: Gliscor|210/239 tox|[from] Stealth Rock\n|move|p2a: Luxray|Facade|p1a: Gliscor\n|-damage|p1a: Gliscor|41/239 tox\n|\n|-heal|p1a: Gliscor|70/239 tox|[from] ability: Poison Heal\n|-damage|p2a: Luxray|126/284 brn|[from] brn\n|upkeep\n|turn|13\n|j| joylar\n|inactive|Chiori Mikami has 90 seconds left.\n|\n|t:|1728237389\n|move|p1a: Gliscor|Earthquake|p2a: Luxray\n|-supereffective|p2a: Luxray\n|-damage|p2a: Luxray|0 fnt\n|faint|p2a: Luxray\n|\n|-heal|p1a: Gliscor|99/239 tox|[from] ability: Poison Heal\n|upkeep\n|\n|t:|1728237399\n|switch|p2a: Cyclizar|Cyclizar, L83, M|98/252\n|turn|14\n|\n|t:|1728237404\n|move|p1a: Gliscor|Protect|p1a: Gliscor\n|-singleturn|p1a: Gliscor|Protect\n|move|p2a: Cyclizar|Draco Meteor|p1a: Gliscor\n|-activate|p1a: Gliscor|move: Protect\n|\n|-heal|p1a: Gliscor|128/239 tox|[from] ability: Poison Heal\n|upkeep\n|turn|15\n|inactive|Chiori Mikami has 90 seconds left.\n|inactive|Chiori Mikami has 60 seconds left.\n|\n|t:|1728237460\n|switch|p1a: Leavanny|Leavanny, L86, M|173/269\n|move|p2a: Cyclizar|Draco Meteor|p1a: Leavanny|[miss]\n|-miss|p2a: Cyclizar|p1a: Leavanny\n|\n|upkeep\n|turn|16\n|inactive|Chiori Mikami has 60 seconds left.\n|\n|t:|1728237483\n|switch|p2a: Forretress|Forretress, L84, F|212/263\n|move|p1a: Leavanny|Lunge|p2a: Forretress\n|-resisted|p2a: Forretress\n|-crit|p2a: Forretress\n|-damage|p2a: Forretress|162/263\n|-unboost|p2a: Forretress|atk|1\n|\n|upkeep\n|turn|17\n|\n|t:|1728237491\n|move|p1a: Leavanny|Lunge|p2a: Forretress\n|-resisted|p2a: Forretress\n|-damage|p2a: Forretress|132/263\n|-unboost|p2a: Forretress|atk|1\n|move|p2a: Forretress|Iron Head|p1a: Leavanny\n|-damage|p1a: Leavanny|127/269\n|\n|upkeep\n|turn|18\n|inactive|Chiori Mikami has 60 seconds left.\n|\n|t:|1728237509\n|move|p1a: Leavanny|Knock Off|p2a: Forretress\n|-crit|p2a: Forretress\n|-damage|p2a: Forretress|81/263\n|move|p2a: Forretress|Body Press|p1a: Leavanny\n|-resisted|p1a: Leavanny\n|-damage|p1a: Leavanny|89/269\n|\n|upkeep\n|turn|19\n|\n|t:|1728237514\n|move|p1a: Leavanny|Lunge|p2a: Forretress\n|-resisted|p2a: Forretress\n|-damage|p2a: Forretress|33/263\n|-unboost|p2a: Forretress|atk|1\n|move|p2a: Forretress|Body Press|p1a: Leavanny\n|-resisted|p1a: Leavanny\n|-damage|p1a: Leavanny|48/269\n|\n|upkeep\n|turn|20\n|\n|t:|1728237517\n|move|p1a: Leavanny|Lunge|p2a: Forretress\n|-resisted|p2a: Forretress\n|-damage|p2a: Forretress|0 fnt\n|faint|p2a: Forretress\n|\n|upkeep\n|\n|t:|1728237520\n|switch|p2a: Cyclizar|Cyclizar, L83, M|182/252\n|turn|21\n|\n|t:|1728237550\n|switch|p1a: Gliscor|Gliscor, L76, F|128/239 tox\n|-damage|p1a: Gliscor|99/239 tox|[from] Stealth Rock\n|move|p2a: Cyclizar|Knock Off|p1a: Gliscor\n|-crit|p1a: Gliscor\n|-damage|p1a: Gliscor|16/239 tox\n|-enditem|p1a: Gliscor|Toxic Orb|[from] move: Knock Off|[of] p2a: Cyclizar\n|\n|-heal|p1a: Gliscor|45/239 tox|[from] ability: Poison Heal\n|upkeep\n|turn|22\n|\n|t:|1728237561\n|move|p2a: Cyclizar|Draco Meteor|p1a: Gliscor\n|-damage|p1a: Gliscor|0 fnt\n|-unboost|p2a: Cyclizar|spa|2\n|faint|p1a: Gliscor\n|\n|upkeep\n|inactive|Chiori Mikami has 60 seconds left.\n|\n|t:|1728237590\n|switch|p1a: Brute Bonnet|Brute Bonnet, L81|273/312\n|-damage|p1a: Brute Bonnet|234/312|[from] Stealth Rock\n|turn|23\n|\n|t:|1728237602\n|move|p2a: Cyclizar|Shed Tail|p2a: Cyclizar\n|-start|p2a: Cyclizar|Substitute|[from] move: Shed Tail\n|-damage|p2a: Cyclizar|56/252\n|\n|t:|1728237605\n|switch|p2a: Darkrai|Darkrai, L76|231/231|[from] Shed Tail\n|move|p1a: Brute Bonnet|Crunch|p2a: Darkrai\n|-resisted|p2a: Darkrai\n|-end|p2a: Darkrai|Substitute\n|\n|upkeep\n|turn|24\n|inactive|Chiori Mikami has 60 seconds left.\n|inactive|Chiori Mikami has 30 seconds left.\n|\n|t:|1728237653\n|-end|p1a: Brute Bonnet|Protosynthesis|[silent]\n|switch|p1a: Leavanny|Leavanny, L86, M|48/269\n|move|p2a: Darkrai|Sludge Bomb|p1a: Leavanny\n|-supereffective|p1a: Leavanny\n|-damage|p1a: Leavanny|0 fnt\n|faint|p1a: Leavanny\n|\n|upkeep\n|inactive|Chiori Mikami has 30 seconds left this turn.\n|inactive|Chiori Mikami has 20 seconds left.\n|\n|t:|1728237664\n|switch|p1a: Medicham|Medicham, L86, F|243/243\n|-damage|p1a: Medicham|228/243|[from] Stealth Rock\n|turn|25\n|inactive|Chiori Mikami has 30 seconds left this turn.\n|\n|t:|1728237670\n|switch|p2a: Calyrex|Calyrex, L93|304/337\n|-ability|p2a: Calyrex|Unnerve\n|move|p1a: Medicham|Close Combat|p2a: Calyrex\n|-resisted|p2a: Calyrex\n|-damage|p2a: Calyrex|170/337\n|-unboost|p1a: Medicham|def|1\n|-unboost|p1a: Medicham|spd|1\n|\n|-heal|p2a: Calyrex|191/337|[from] item: Leftovers\n|upkeep\n|turn|26\n|\n|t:|1728237679\n|switch|p1a: Brute Bonnet|Brute Bonnet, L81|234/312\n|-damage|p1a: Brute Bonnet|195/312|[from] Stealth Rock\n|move|p2a: Calyrex|Giga Drain|p1a: Brute Bonnet\n|-resisted|p1a: Brute Bonnet\n|-damage|p1a: Brute Bonnet|157/312\n|-heal|p2a: Calyrex|210/337|[from] drain|[of] p1a: Brute Bonnet\n|\n|-heal|p2a: Calyrex|231/337|[from] item: Leftovers\n|upkeep\n|turn|27\n|inactive|Chiori Mikami has 30 seconds left.\n|\n|t:|1728237701\n|move|p2a: Calyrex|Giga Drain|p1a: Brute Bonnet\n|-resisted|p1a: Brute Bonnet\n|-damage|p1a: Brute Bonnet|118/312\n|-heal|p2a: Calyrex|251/337|[from] drain|[of] p1a: Brute Bonnet\n|move|p1a: Brute Bonnet|Crunch|p2a: Calyrex\n|-supereffective|p2a: Calyrex\n|-damage|p2a: Calyrex|0 fnt\n|faint|p2a: Calyrex\n|\n|upkeep\n|inactive|Chiori Mikami has 30 seconds left this turn.\n|\n|t:|1728237712\n|switch|p2a: Darkrai|Darkrai, L76|231/231\n|turn|28\n|\n|t:|1728237721\n|move|p2a: Darkrai|Sludge Bomb|p1a: Brute Bonnet\n|-supereffective|p1a: Brute Bonnet\n|-damage|p1a: Brute Bonnet|0 fnt\n|faint|p1a: Brute Bonnet\n|-end|p1a: Brute Bonnet|Protosynthesis|[silent]\n|\n|upkeep\n|inactive|Chiori Mikami has 30 seconds left.\n|inactive|Chiori Mikami has 20 seconds left.\n|\n|t:|1728237744\n|switch|p1a: Medicham|Medicham, L86, F|228/243\n|-damage|p1a: Medicham|213/243|[from] Stealth Rock\n|turn|29\n|inactive|Chiori Mikami has 30 seconds left this turn.\n|\n|t:|1728237751\n|-terastallize|p2a: Darkrai|Poison\n|move|p2a: Darkrai|Sludge Bomb|p1a: Medicham\n|-damage|p1a: Medicham|51/243\n|-status|p1a: Medicham|psn\n|move|p1a: Medicham|Close Combat|p2a: Darkrai\n|-resisted|p2a: Darkrai\n|-damage|p2a: Darkrai|90/231\n|-unboost|p1a: Medicham|def|1\n|-unboost|p1a: Medicham|spd|1\n|\n|-damage|p1a: Medicham|21/243 psn|[from] psn\n|upkeep\n|turn|30\n|\n|t:|1728237758\n|move|p2a: Darkrai|Sludge Bomb|p1a: Medicham\n|-damage|p1a: Medicham|0 fnt\n|faint|p1a: Medicham\n|\n|upkeep\n|inactive|Chiori Mikami has 30 seconds left.\n|\n|t:|1728237777\n|switch|p1a: Cloyster|Cloyster, L79, M|209/209\n|-damage|p1a: Cloyster|157/209|[from] Stealth Rock\n|turn|31\n|\n|t:|1728237783\n|-terastallize|p1a: Cloyster|Rock\n|move|p2a: Darkrai|Sludge Bomb|p1a: Cloyster\n|-resisted|p1a: Cloyster\n|-damage|p1a: Cloyster|19/209\n|-status|p1a: Cloyster|psn\n|move|p1a: Cloyster|Shell Smash|p1a: Cloyster\n|-unboost|p1a: Cloyster|def|1\n|-unboost|p1a: Cloyster|spd|1\n|-boost|p1a: Cloyster|atk|2\n|-boost|p1a: Cloyster|spa|2\n|-boost|p1a: Cloyster|spe|2\n|-enditem|p1a: Cloyster|White Herb\n|-clearnegativeboost|p1a: Cloyster|[silent]\n|\n|-damage|p1a: Cloyster|0 fnt|[from] psn\n|faint|p1a: Cloyster\n|upkeep\n|\n|t:|1728237791\n|switch|p1a: Espathra|Espathra, L80, M|283/283\n|-damage|p1a: Espathra|248/283|[from] Stealth Rock\n|turn|32\n|\n|t:|1728237797\n|move|p2a: Darkrai|Sludge Bomb|p1a: Espathra\n|-damage|p1a: Espathra|43/283\n|-status|p1a: Espathra|psn\n|move|p1a: Espathra|Calm Mind|p1a: Espathra\n|-boost|p1a: Espathra|spa|1\n|-boost|p1a: Espathra|spd|1\n|\n|-heal|p1a: Espathra|60/283 psn|[from] item: Leftovers\n|-damage|p1a: Espathra|25/283 psn|[from] psn\n|-ability|p1a: Espathra|Speed Boost|boost\n|-boost|p1a: Espathra|spe|1\n|upkeep\n|turn|33\n|c|\u2606Chiori Mikami|rip\n|c|\u2606Chiori Mikami|what was the last\n|c|\u2606Vitoran|sandy shocks\n|c|\u2606Chiori Mikami|aah\n|c|\u2606Vitoran|!showset sandy shocks\n|c| Vitoran|/raw <div class=\"infobox\">Sandy Shocks @ Heavy-Duty Boots  <br />Ability: Protosynthesis  <br />Level: 80  <br />Tera Type: Ground  <br />EVs: 85 HP &#x2f; 85 Def &#x2f; 85 SpA &#x2f; 85 SpD &#x2f; 85 Spe  <br />IVs: 0 Atk  <br />- Earth Power  <br />- Volt Switch  <br />- Thunder Wave  <br />- Thunderbolt  <br /><br /></div>\n|c|\u2606Chiori Mikami|gg\n|\n|t:|1728237818\n|move|p1a: Espathra|Stored Power|p2a: Darkrai\n|-supereffective|p2a: Darkrai\n|-damage|p2a: Darkrai|0 fnt\n|faint|p2a: Darkrai\n|\n|-heal|p1a: Espathra|42/283 psn|[from] item: Leftovers\n|-damage|p1a: Espathra|7/283 psn|[from] psn\n|-ability|p1a: Espathra|Speed Boost|boost\n|-boost|p1a: Espathra|spe|1\n|upkeep\n|c|\u2606Vitoran|no medi switch in lol\n|c|\u2606Vitoran|got lucky\n|c|\u2606Vitoran|gg\n|\n|t:|1728237825\n|switch|p2a: Cyclizar|Cyclizar, L83, M|140/252\n|turn|34\n|\n|t:|1728237829\n|move|p1a: Espathra|Dazzling Gleam|p2a: Cyclizar\n|-supereffective|p2a: Cyclizar\n|-crit|p2a: Cyclizar\n|-damage|p2a: Cyclizar|0 fnt\n|faint|p2a: Cyclizar\n|\n|-heal|p1a: Espathra|24/283 psn|[from] item: Leftovers\n|-damage|p1a: Espathra|0 fnt|[from] psn\n|faint|p1a: Espathra\n|\n|win|Vitoran\n|upkeep\n|raw|Chiori Mikami's rating: 2237 &rarr; <strong>2217</strong><br />(-20 for losing)\n|raw|Vitoran's rating: 2243 &rarr; <strong>2263</strong><br />(+20 for winning)\n", "inputlog": ">version 86ae7daf8e420bb3f6c82a6a988ddcc1b1aa7e58\n>start {\"formatid\":\"gen9randombattle\",\"seed\":[37390,13645,8023,12180],\"rated\":\"Rated battle\"}\n>player p1 {\"name\":\"Chiori Mikami\",\"avatar\":\"#rbtt7teamrayquazaf\",\"rating\":2237,\"seed\":[44205,15526,35734,12842]}\n>player p2 {\"name\":\"Vitoran\",\"avatar\":\"nemona-v\",\"rating\":2243,\"seed\":[33105,54251,60993,9050]}\n>chat \u2606Vitoran|glhf\n>chat \u2606Chiori Mikami|hf\n>p1 move knockoff\n>p2 switch 3\n>p1 switch 3\n>p2 move stealthrock\n>p1 move closecombat\n>p2 switch 2\n>p1 switch 3\n>p2 move psyshock\n>p1 move stickyweb\n>p2 switch 2\n>p1 switch 6\n>p2 move rapidspin\n>p1 move earthquake\n>p2 switch 6\n>p1 move earthquake\n>p2 move shedtail\n>p2 switch 2\n>p1 move earthquake\n>p2 move calmmind\n>p1 switch 4\n>p2 move encore\n>p1 move crunch\n>p2 switch 3\n>p1 switch 4\n>p2 move facade\n>p1 move earthquake\n>p2 move facade\n>p2 switch 2\n>p1 move protect\n>p2 move dracometeor\n>p1 switch 6\n>p2 move dracometeor\n>p1 move lunge\n>p2 switch 6\n>p1 move lunge\n>p2 move ironhead\n>p1 move knockoff\n>p2 move bodypress\n>p1 move lunge\n>p2 move bodypress\n>p1 move lunge\n>p2 move bodypress\n>p2 switch 6\n>p1 switch 6\n>p2 move knockoff\n>p1 move earthquake\n>p2 move dracometeor\n>p1 switch 4\n>p1 move crunch\n>p2 move shedtail\n>p2 switch 4\n>p1 switch 6\n>p2 move sludgebomb\n>p1 switch 3\n>p1 move closecombat\n>p2 switch 3\n>p1 switch 6\n>p2 move gigadrain\n>p1 move crunch\n>p2 move gigadrain\n>p2 switch 3\n>p1 move crunch\n>p2 move sludgebomb\n>p1 switch 6\n>p1 move closecombat\n>p2 move sludgebomb terastallize\n>p1 move closecombat\n>p2 move sludgebomb\n>p1 switch 5\n>p1 move shellsmash terastallize\n>p2 move sludgebomb\n>p1 switch 2\n>p1 move calmmind\n>p2 move sludgebomb\n>chat \u2606Chiori Mikami|rip\n>chat \u2606Chiori Mikami|what was the last\n>chat \u2606Vitoran|sandy shocks\n>chat \u2606Chiori Mikami|aah\n>chat \u2606Vitoran|!showset sandy shocks\n>chat \u2606Chiori Mikami|gg\n>p1 move storedpower\n>p2 move sludgebomb\n>chat \u2606Vitoran|no medi switch in lol\n>chat \u2606Vitoran|got lucky\n>chat \u2606Vitoran|gg\n>p2 switch 4\n>p1 move dazzlinggleam\n>p2 move knockoff", "uploadtime": 1728237831, "views": 67, "formatid": "gen9randombattle", "rating": 2217, "private": 0, "password": null}