{"id": "gen9randombattle-2259937190", "format": "[Gen 9] Random Battle", "players": ["Fkdi3goo6", "Joselunga"], "log": "|j|\u2606Fkdi3goo6\n|j|\u2606Joselunga\n|t:|1733781915\n|gametype|singles\n|player|p1|Fkdi3goo6|1|\n|player|p2|Joselunga|falkner|\n|teamsize|p1|6\n|teamsize|p2|6\n|gen|9\n|tier|[Gen 9] Random Battle\n|rule|Species Clause: Limit one of each Pok\u00e9mon\n|rule|HP Percentage Mod: HP is shown in percentages\n|rule|Sleep Clause Mod: Limit one foe put to sleep\n|rule|Illusion Level Mod: Illusion disguises the Pok\u00e9mon's true level\n|\n|t:|1733781915\n|start\n|switch|p1a: Glalie|Glalie, L96, M|309/309\n|switch|p2a: Tinkaton|Tinkaton, L82, F|274/274\n|-ability|p2a: Tinkaton|Mold Breaker\n|turn|1\n|\n|t:|1733781934\n|-terastallize|p1a: Glalie|Ground\n|move|p1a: Glalie|Freeze-Dry|p2a: Tinkaton\n|-resisted|p2a: Tinkaton\n|-damage|p2a: Tinkaton|234/274\n|move|p2a: Tinkaton|Swords Dance|p2a: Tinkaton\n|-boost|p2a: Tinkaton|atk|2\n|\n|upkeep\n|turn|2\n|\n|t:|1733781945\n|move|p1a: Glalie|Earthquake|p2a: Tinkaton\n|-supereffective|p2a: Tinkaton\n|-damage|p2a: Tinkaton|0 fnt\n|faint|p2a: Tinkaton\n|\n|upkeep\n|\n|t:|1733781949\n|switch|p2a: Articuno|Articuno, L86|295/295\n|-ability|p2a: Articuno|Pressure\n|turn|3\n|\n|t:|1733781968\n|switch|p1a: Weezing|Weezing-Galar, L86, M|252/252\n|move|p2a: Articuno|Freeze-Dry|p1a: Weezing\n|-damage|p1a: Weezing|164/252\n|\n|-heal|p1a: Weezing|179/252|[from] item: Leftovers\n|upkeep\n|turn|4\n|\n|t:|1733781978\n|move|p2a: Articuno|Freeze-Dry|p1a: Weezing\n|-damage|p1a: Weezing|88/252\n|move|p1a: Weezing|Fire Blast|p2a: Articuno|[miss]\n|-miss|p1a: Weezing|p2a: Articuno\n|\n|-heal|p1a: Weezing|103/252|[from] item: Leftovers\n|upkeep\n|turn|5\n|\n|t:|1733781999\n|switch|p2a: Drednaw|Drednaw, L81, F|278/278\n|move|p1a: Weezing|Fire Blast|p2a: Drednaw\n|-resisted|p2a: Drednaw\n|-damage|p2a: Drednaw|255/278\n|\n|-heal|p1a: Weezing|118/252|[from] item: Leftovers\n|upkeep\n|turn|6\n|\n|t:|1733782021\n|switch|p1a: Iron Hands|Iron Hands, L79|373/373\n|move|p2a: Drednaw|Liquidation|p1a: Iron Hands\n|-damage|p1a: Iron Hands|282/373\n|-unboost|p1a: Iron Hands|def|1\n|\n|upkeep\n|turn|7\n|\n|t:|1733782041\n|move|p2a: Drednaw|Earthquake|p1a: Iron Hands\n|-supereffective|p1a: Iron Hands\n|-damage|p1a: Iron Hands|90/373\n|move|p1a: Iron Hands|Drain Punch|p2a: Drednaw\n|-supereffective|p2a: Drednaw\n|-damage|p2a: Drednaw|51/278\n|-heal|p1a: Iron Hands|192/373|[from] drain|[of] p2a: Drednaw\n|\n|upkeep\n|turn|8\n|\n|t:|1733782062\n|-terastallize|p2a: Drednaw|Ground\n|move|p2a: Drednaw|Earthquake|p1a: Iron Hands\n|-supereffective|p1a: Iron Hands\n|-damage|p1a: Iron Hands|0 fnt\n|faint|p1a: Iron Hands\n|-end|p1a: Iron Hands|Quark Drive|[silent]\n|\n|upkeep\n|\n|t:|1733782073\n|switch|p1a: Glalie|Glalie, L96, M, tera:Ground|309/309\n|turn|9\n|\n|t:|1733782103\n|switch|p2a: Clawitzer|Clawitzer, L87, M|265/265\n|move|p1a: Glalie|Freeze-Dry|p2a: Clawitzer\n|-supereffective|p2a: Clawitzer\n|-damage|p2a: Clawitzer|167/265\n|\n|upkeep\n|turn|10\n|\n|t:|1733782122\n|switch|p1a: Breloom|Breloom, L82, F|233/233\n|move|p2a: Clawitzer|Water Pulse|p1a: Breloom\n|-resisted|p1a: Breloom\n|-damage|p1a: Breloom|159/233\n|\n|upkeep\n|turn|11\n|\n|t:|1733782130\n|switch|p2a: Drednaw|Drednaw, L81, F, tera:Ground|51/278\n|move|p1a: Breloom|Spore|p2a: Drednaw\n|-status|p2a: Drednaw|slp|[from] move: Spore\n|\n|upkeep\n|turn|12\n|\n|t:|1733782139\n|switch|p2a: Galvantula|Galvantula, L82, M|249/249\n|move|p1a: Breloom|Bullet Seed|p2a: Galvantula\n|-resisted|p2a: Galvantula\n|-damage|p2a: Galvantula|207/249\n|-resisted|p2a: Galvantula\n|-damage|p2a: Galvantula|168/249\n|-resisted|p2a: Galvantula\n|-damage|p2a: Galvantula|129/249\n|-hitcount|p2a: Galvantula|3\n|-damage|p1a: Breloom|136/233|[from] item: Life Orb\n|\n|upkeep\n|turn|13\n|\n|t:|1733782151\n|move|p2a: Galvantula|Bug Buzz|p1a: Breloom\n|-damage|p1a: Breloom|9/233\n|move|p1a: Breloom|Rock Tomb|p2a: Galvantula\n|-supereffective|p2a: Galvantula\n|-damage|p2a: Galvantula|0 fnt\n|faint|p2a: Galvantula\n|-damage|p1a: Breloom|0 fnt|[from] item: Life Orb\n|faint|p1a: Breloom\n|\n|upkeep\n|\n|t:|1733782180\n|switch|p2a: Articuno|Articuno, L86|295/295\n|switch|p1a: Basculin|Basculin, L86, F|261/261\n|-ability|p2a: Articuno|Pressure\n|turn|14\n|\n|t:|1733782185\n|move|p1a: Basculin|Double-Edge|p2a: Articuno\n|-damage|p2a: Articuno|186/295\n|-damage|p1a: Basculin|225/261|[from] Recoil\n|move|p2a: Articuno|Freeze-Dry|p1a: Basculin\n|-supereffective|p1a: Basculin\n|-damage|p1a: Basculin|3/261\n|\n|upkeep\n|turn|15\n|\n|t:|1733782199\n|switch|p2a: Drednaw|Drednaw, L81, F, tera:Ground|51/278 slp\n|move|p1a: Basculin|Double-Edge|p2a: Drednaw\n|-damage|p2a: Drednaw|0 fnt\n|faint|p2a: Drednaw\n|-damage|p1a: Basculin|0 fnt|[from] Recoil\n|faint|p1a: Basculin\n|\n|upkeep\n|\n|t:|1733782210\n|switch|p1a: Weezing|Weezing-Galar, L86, M|118/252\n|switch|p2a: Articuno|Articuno, L86|186/295\n|-ability|p2a: Articuno|Pressure\n|turn|16\n|inactive|Battle timer is ON: inactive players will automatically lose when time's up. (requested by Fkdi3goo6)\n|\n|t:|1733782232\n|switch|p2a: Duraludon|Duraludon, L82, F|249/249\n|move|p1a: Weezing|Fire Blast|p2a: Duraludon\n|-damage|p2a: Duraludon|178/249\n|\n|-heal|p1a: Weezing|133/252|[from] item: Leftovers\n|upkeep\n|turn|17\n|\n|t:|1733782247\n|move|p2a: Duraludon|Flash Cannon|p1a: Weezing\n|-supereffective|p1a: Weezing\n|-damage|p1a: Weezing|0 fnt\n|faint|p1a: Weezing\n|\n|upkeep\n|\n|t:|1733782255\n|switch|p1a: Glalie|Glalie, L96, M, tera:Ground|309/309\n|turn|18\n|\n|t:|1733782274\n|switch|p2a: Clawitzer|Clawitzer, L87, M|167/265\n|move|p1a: Glalie|Freeze-Dry|p2a: Clawitzer\n|-supereffective|p2a: Clawitzer\n|-damage|p2a: Clawitzer|57/265\n|-status|p2a: Clawitzer|frz\n|\n|upkeep\n|turn|19\n|\n|t:|1733782283\n|move|p1a: Glalie|Freeze-Dry|p2a: Clawitzer\n|-supereffective|p2a: Clawitzer\n|-damage|p2a: Clawitzer|0 fnt\n|faint|p2a: Clawitzer\n|\n|upkeep\n|\n|t:|1733782296\n|switch|p2a: Articuno|Articuno, L86|186/295\n|-ability|p2a: Articuno|Pressure\n|turn|20\n|\n|t:|1733782301\n|move|p1a: Glalie|Freeze-Dry|p2a: Articuno\n|-damage|p2a: Articuno|122/295\n|move|p2a: Articuno|Freeze-Dry|p1a: Glalie\n|-supereffective|p1a: Glalie\n|-damage|p1a: Glalie|163/309\n|\n|upkeep\n|turn|21\n|\n|t:|1733782309\n|move|p1a: Glalie|Freeze-Dry|p2a: Articuno\n|-damage|p2a: Articuno|55/295\n|move|p2a: Articuno|Roost|p2a: Articuno\n|-heal|p2a: Articuno|203/295\n|-singleturn|p2a: Articuno|move: Roost\n|\n|upkeep\n|turn|22\n|\n|t:|1733782318\n|move|p1a: Glalie|Freeze-Dry|p2a: Articuno\n|-damage|p2a: Articuno|145/295\n|move|p2a: Articuno|Freeze-Dry|p1a: Glalie\n|-supereffective|p1a: Glalie\n|-damage|p1a: Glalie|17/309\n|\n|upkeep\n|turn|23\n|\n|t:|1733782347\n|move|p1a: Glalie|Freeze-Dry|p2a: Articuno\n|-damage|p2a: Articuno|82/295\n|move|p2a: Articuno|Freeze-Dry|p1a: Glalie\n|-supereffective|p1a: Glalie\n|-damage|p1a: Glalie|0 fnt\n|faint|p1a: Glalie\n|\n|upkeep\n|\n|t:|1733782364\n|switch|p1a: Pelipper|Pelipper, L86, F|243/243\n|-weather|RainDance|[from] ability: Drizzle|[of] p1a: Pelipper\n|turn|24\n|\n|t:|1733782375\n|move|p2a: Articuno|Freeze-Dry|p1a: Pelipper\n|-supereffective|p1a: Pelipper\n|-damage|p1a: Pelipper|0 fnt\n|faint|p1a: Pelipper\n|\n|win|Joselunga\n|l|\u2606Fkdi3goo6\n|player|p1|\n|c|\u2606Joselunga|Bona tarda\n", "inputlog": ">version bfd83cad13791eb5a5a409923076391caf6fb4d4\n>start {\"formatid\":\"gen9randombattle\",\"seed\":[24155,62398,4475,16588]}\n>player p1 {\"name\":\"Fkdi3goo6\",\"avatar\":\"1\",\"rating\":0,\"seed\":[43193,136,49040,25917]}\n>player p2 {\"name\":\"Joselunga\",\"avatar\":\"falkner\",\"rating\":0,\"seed\":[36509,18787,52557,29798]}\n>p1 move freezedry terastallize\n>p2 move swordsdance\n>p1 move earthquake\n>p2 move playrough\n>p2 switch 2\n>p1 switch 2\n>p2 move freezedry\n>p1 move fireblast\n>p2 move freezedry\n>p1 move fireblast\n>p2 switch 4\n>p1 switch 4\n>p2 move liquidation\n>p1 move drainpunch\n>p2 move earthquake\n>p1 move drainpunch\n>p2 move earthquake terastallize\n>p1 switch 2\n>p1 move freezedry\n>p2 switch 5\n>p1 switch 6\n>p2 move waterpulse\n>p1 move spore\n>p2 switch 5\n>p1 move bulletseed\n>p2 switch 6\n>p1 move rocktomb\n>p2 move bugbuzz\n>p1 switch 5\n>p2 switch 4\n>p1 move doubleedge\n>p2 move freezedry\n>p1 move doubleedge\n>p2 switch 6\n>p1 switch 4\n>p2 switch 6\n>p1 move fireblast\n>p2 switch 3\n>p1 move fireblast\n>p2 move flashcannon\n>p1 switch 6\n>p1 move freezedry\n>p2 switch 5\n>p1 move freezedry\n>p2 move waterpulse\n>p2 switch 3\n>p1 move freezedry\n>p2 move freezedry\n>p1 move freezedry\n>p2 move roost\n>p1 move freezedry\n>p2 move freezedry\n>p1 move freezedry\n>p2 move freezedry\n>p1 switch 3\n>p1 move weatherball\n>p2 move freezedry", "uploadtime": 1733782409, "views": 1, "formatid": "gen9randombattle", "rating": null, "private": 0, "password": null}