{"id": "gen9randombattle-2259954648", "format": "[Gen 9] Random Battle", "players": ["Dirtydan2712", "steelixprismgx"], "log": "|j|\u2606Dirtydan2712\n|j|\u2606steelixprismgx\n|t:|1733783879\n|gametype|singles\n|player|p1|Dirtydan2712|170|1820\n|player|p2|steelixprismgx|colress|1825\n|teamsize|p1|6\n|teamsize|p2|6\n|gen|9\n|tier|[Gen 9] Random Battle\n|rated|\n|rule|Species Clause: Limit one of each Pok\u00e9mon\n|rule|HP Percentage Mod: HP is shown in percentages\n|rule|Sleep Clause Mod: Limit one foe put to sleep\n|rule|Illusion Level Mod: Illusion disguises the Pok\u00e9mon's true level\n|\n|t:|1733783879\n|start\n|switch|p1a: Camerupt|Camerupt, L91, F|275/275\n|switch|p2a: Rabsca|Rabsca, L91, M|284/284\n|turn|1\n|inactive|Battle timer is ON: inactive players will automatically lose when time's up. (requested by steelixprismgx)\n|\n|t:|1733783904\n|switch|p2a: Komala|Komala, L89, F|260/260\n|-ability|p2a: Komala|Comatose\n|move|p1a: Camerupt|Overheat|p2a: Komala\n|-damage|p2a: Komala|113/260\n|-unboost|p1a: Camerupt|spa|2\n|\n|upkeep\n|turn|2\n|\n|t:|1733783915\n|move|p2a: Komala|Double-Edge|p1a: Camerupt\n|-damage|p1a: Camerupt|94/275\n|-damage|p2a: Komala|53/260|[from] Recoil\n|move|p1a: Camerupt|Stealth Rock|p2a: Komala\n|-sidestart|p2: steelixprismgx|move: Stealth Rock\n|\n|-heal|p1a: Camerupt|111/275|[from] item: Leftovers\n|upkeep\n|turn|3\n|\n|t:|1733783921\n|switch|p1a: Trevenant|Trevenant, L88, F|293/293\n|move|p2a: Komala|Double-Edge|p1a: Trevenant\n|-immune|p1a: Trevenant\n|\n|upkeep\n|turn|4\n|\n|t:|1733783933\n|switch|p2a: Granbull|Granbull, L88, F|302/302\n|-damage|p2a: Granbull|265/302|[from] Stealth Rock\n|-ability|p2a: Granbull|Intimidate|boost\n|-unboost|p1a: Trevenant|atk|1\n|move|p1a: Trevenant|Toxic|p2a: Granbull\n|-status|p2a: Granbull|tox\n|\n|-heal|p2a: Granbull|283/302 tox|[from] item: Leftovers\n|-damage|p2a: Granbull|265/302 tox|[from] psn\n|upkeep\n|turn|5\n|\n|t:|1733783948\n|switch|p1a: Camerupt|Camerupt, L91, F|111/275\n|move|p2a: Granbull|Play Rough|p1a: Camerupt\n|-resisted|p1a: Camerupt\n|-damage|p1a: Camerupt|48/275\n|-unboost|p1a: Camerupt|atk|1\n|\n|-heal|p2a: Granbull|283/302 tox|[from] item: Leftovers\n|-heal|p1a: Camerupt|65/275|[from] item: Leftovers\n|-damage|p2a: Granbull|247/302 tox|[from] psn\n|upkeep\n|turn|6\n|\n|t:|1733783951\n|move|p2a: Granbull|Earthquake|p1a: Camerupt\n|-supereffective|p1a: Camerupt\n|-damage|p1a: Camerupt|0 fnt\n|faint|p1a: Camerupt\n|\n|-heal|p2a: Granbull|265/302 tox|[from] item: Leftovers\n|-damage|p2a: Granbull|211/302 tox|[from] psn\n|upkeep\n|\n|t:|1733783962\n|switch|p1a: Mamoswine|Mamoswine, L81, M|311/311\n|turn|7\n|\n|t:|1733783966\n|move|p1a: Mamoswine|Icicle Crash|p2a: Granbull\n|-damage|p2a: Granbull|40/302 tox\n|move|p2a: Granbull|Play Rough|p1a: Mamoswine\n|-damage|p1a: Mamoswine|166/311\n|\n|-heal|p2a: Granbull|58/302 tox|[from] item: Leftovers\n|-damage|p2a: Granbull|0 fnt|[from] psn\n|faint|p2a: Granbull\n|upkeep\n|\n|t:|1733783985\n|switch|p2a: Komala|Komala, L89, F|53/260\n|-damage|p2a: Komala|21/260|[from] Stealth Rock\n|-ability|p2a: Komala|Comatose\n|turn|8\n|\n|t:|1733784008\n|switch|p1a: Farigiraf|Farigiraf, L91, M|366/366\n|move|p2a: Komala|Knock Off|p1a: Farigiraf\n|-supereffective|p1a: Farigiraf\n|-damage|p1a: Farigiraf|168/366\n|-enditem|p1a: Farigiraf|Leftovers|[from] move: Knock Off|[of] p2a: Komala\n|\n|upkeep\n|turn|9\n|\n|t:|1733784015\n|move|p2a: Komala|Knock Off|p1a: Farigiraf\n|-supereffective|p1a: Farigiraf\n|-crit|p1a: Farigiraf\n|-damage|p1a: Farigiraf|0 fnt\n|faint|p1a: Farigiraf\n|\n|upkeep\n|\n|t:|1733784023\n|switch|p1a: Mamoswine|Mamoswine, L81, M|166/311\n|turn|10\n|\n|t:|1733784026\n|move|p1a: Mamoswine|Ice Shard|p2a: Komala\n|-damage|p2a: Komala|0 fnt\n|faint|p2a: Komala\n|\n|upkeep\n|\n|t:|1733784037\n|switch|p2a: Rabsca|Rabsca, L91, M|284/284\n|turn|11\n|inactive|Dirtydan2712 has 120 seconds left.\n|\n|t:|1733784067\n|move|p1a: Mamoswine|Ice Shard|p2a: Rabsca\n|-damage|p2a: Rabsca|215/284\n|move|p2a: Rabsca|Trick Room|p2a: Rabsca\n|-fieldstart|move: Trick Room|[of] p2a: Rabsca\n|\n|upkeep\n|turn|12\n|\n|t:|1733784076\n|switch|p1a: Trevenant|Trevenant, L88, F|293/293\n|move|p2a: Rabsca|Psychic|p1a: Trevenant\n|-damage|p1a: Trevenant|161/293\n|\n|upkeep\n|turn|13\n|\n|t:|1733784083\n|move|p2a: Rabsca|Revival Blessing|p2a: Rabsca\n|\n|t:|1733784089\n|-heal|p2: Komala|130/260|[from] move: Revival Blessing\n|move|p1a: Trevenant|Poltergeist|p2a: Rabsca\n|-activate|p2a: Rabsca|move: Poltergeist|Heavy-Duty Boots\n|-supereffective|p2a: Rabsca\n|-damage|p2a: Rabsca|0 fnt\n|faint|p2a: Rabsca\n|\n|upkeep\n|\n|t:|1733784098\n|switch|p2a: Wo-Chien|Wo-Chien, L83|277/277\n|-damage|p2a: Wo-Chien|243/277|[from] Stealth Rock\n|-ability|p2a: Wo-Chien|Tablets of Ruin\n|turn|14\n|\n|t:|1733784107\n|move|p1a: Trevenant|Toxic|p2a: Wo-Chien\n|-status|p2a: Wo-Chien|tox\n|move|p2a: Wo-Chien|Knock Off|p1a: Trevenant\n|-supereffective|p1a: Trevenant\n|-damage|p1a: Trevenant|0 fnt\n|-enditem|p1a: Trevenant|Sitrus Berry|[from] move: Knock Off|[of] p2a: Wo-Chien\n|faint|p1a: Trevenant\n|\n|-heal|p2a: Wo-Chien|260/277 tox|[from] item: Leftovers\n|-damage|p2a: Wo-Chien|243/277 tox|[from] psn\n|upkeep\n|\n|t:|1733784122\n|switch|p1a: Mamoswine|Mamoswine, L81, M|166/311\n|turn|15\n|\n|t:|1733784129\n|move|p2a: Wo-Chien|Protect|p2a: Wo-Chien\n|-singleturn|p2a: Wo-Chien|Protect\n|move|p1a: Mamoswine|Icicle Crash|p2a: Wo-Chien\n|-activate|p2a: Wo-Chien|move: Protect\n|\n|-heal|p2a: Wo-Chien|260/277 tox|[from] item: Leftovers\n|-damage|p2a: Wo-Chien|226/277 tox|[from] psn\n|-fieldend|move: Trick Room\n|upkeep\n|turn|16\n|\n|t:|1733784136\n|move|p1a: Mamoswine|Icicle Crash|p2a: Wo-Chien\n|-supereffective|p2a: Wo-Chien\n|-damage|p2a: Wo-Chien|0 fnt\n|faint|p2a: Wo-Chien\n|\n|upkeep\n|\n|t:|1733784143\n|switch|p2a: Komala|Komala, L89, F|130/260\n|-damage|p2a: Komala|98/260|[from] Stealth Rock\n|-ability|p2a: Komala|Comatose\n|turn|17\n|\n|t:|1733784149\n|move|p2a: Komala|Wood Hammer|p1a: Mamoswine\n|-supereffective|p1a: Mamoswine\n|-damage|p1a: Mamoswine|0 fnt\n|faint|p1a: Mamoswine\n|-damage|p2a: Komala|43/260|[from] Recoil\n|\n|upkeep\n|\n|t:|1733784155\n|switch|p1a: Metagross|Metagross, L79|256/256\n|turn|18\n|\n|t:|1733784162\n|switch|p2a: Jumpluff|Jumpluff, L87, F|271/271\n|-damage|p2a: Jumpluff|204/271|[from] Stealth Rock\n|move|p1a: Metagross|Heavy Slam|p2a: Jumpluff\n|-damage|p2a: Jumpluff|0 fnt\n|faint|p2a: Jumpluff\n|\n|upkeep\n|\n|t:|1733784168\n|switch|p2a: Komala|Komala, L89, F|43/260\n|-damage|p2a: Komala|11/260|[from] Stealth Rock\n|-ability|p2a: Komala|Comatose\n|turn|19\n|\n|t:|1733784172\n|move|p2a: Komala|Knock Off|p1a: Metagross\n|-supereffective|p1a: Metagross\n|-damage|p1a: Metagross|124/256\n|-enditem|p1a: Metagross|Choice Band|[from] move: Knock Off|[of] p2a: Komala\n|move|p1a: Metagross|Heavy Slam|p2a: Komala\n|-damage|p2a: Komala|0 fnt\n|faint|p2a: Komala\n|\n|upkeep\n|\n|t:|1733784178\n|switch|p2a: Terapagos|Terapagos, L76, M|262/262\n|-activate|p2a: Terapagos|ability: Tera Shift\n|detailschange|p2a: Terapagos|Terapagos-Terastal, L76, M\n|-heal|p2a: Terapagos|269/269|[silent]\n|-damage|p2a: Terapagos|236/269|[from] Stealth Rock\n|turn|20\n|\n|t:|1733784193\n|-terastallize|p2a: Terapagos|Stellar\n|detailschange|p2a: Terapagos|Terapagos-Stellar, L76, M, tera:Stellar\n|-heal|p2a: Terapagos|335/368|[silent]\n|move|p2a: Terapagos|Calm Mind|p2a: Terapagos\n|-boost|p2a: Terapagos|spa|1\n|-boost|p2a: Terapagos|spd|1\n|move|p1a: Metagross|Knock Off|p2a: Terapagos\n|-damage|p2a: Terapagos|257/368\n|-enditem|p2a: Terapagos|Chesto Berry|[from] move: Knock Off|[of] p1a: Metagross\n|\n|upkeep\n|turn|21\n|\n|t:|1733784205\n|move|p2a: Terapagos|Earth Power|p1a: Metagross\n|-supereffective|p1a: Metagross\n|-damage|p1a: Metagross|0 fnt\n|faint|p1a: Metagross\n|\n|upkeep\n|\n|t:|1733784207\n|switch|p1a: Suicune|Suicune, L82|298/298\n|-ability|p1a: Suicune|Pressure\n|turn|22\n|\n|t:|1733784212\n|move|p1a: Suicune|Calm Mind|p1a: Suicune\n|-boost|p1a: Suicune|spa|1\n|-boost|p1a: Suicune|spd|1\n|move|p2a: Terapagos|Calm Mind|p2a: Terapagos\n|-boost|p2a: Terapagos|spa|1\n|-boost|p2a: Terapagos|spd|1\n|\n|upkeep\n|turn|23\n|\n|t:|1733784215\n|move|p1a: Suicune|Calm Mind|p1a: Suicune\n|-boost|p1a: Suicune|spa|1\n|-boost|p1a: Suicune|spd|1\n|move|p2a: Terapagos|Calm Mind|p2a: Terapagos\n|-boost|p2a: Terapagos|spa|1\n|-boost|p2a: Terapagos|spd|1\n|\n|upkeep\n|turn|24\n|\n|t:|1733784217\n|move|p1a: Suicune|Calm Mind|p1a: Suicune\n|-boost|p1a: Suicune|spa|1\n|-boost|p1a: Suicune|spd|1\n|move|p2a: Terapagos|Calm Mind|p2a: Terapagos\n|-boost|p2a: Terapagos|spa|1\n|-boost|p2a: Terapagos|spd|1\n|\n|upkeep\n|turn|25\n|\n|t:|1733784221\n|move|p1a: Suicune|Calm Mind|p1a: Suicune\n|-boost|p1a: Suicune|spa|1\n|-boost|p1a: Suicune|spd|1\n|move|p2a: Terapagos|Calm Mind|p2a: Terapagos\n|-boost|p2a: Terapagos|spa|1\n|-boost|p2a: Terapagos|spd|1\n|\n|upkeep\n|turn|26\n|\n|t:|1733784223\n|move|p1a: Suicune|Calm Mind|p1a: Suicune\n|-boost|p1a: Suicune|spa|1\n|-boost|p1a: Suicune|spd|1\n|move|p2a: Terapagos|Calm Mind|p2a: Terapagos\n|-boost|p2a: Terapagos|spa|1\n|-boost|p2a: Terapagos|spd|1\n|\n|upkeep\n|turn|27\n|\n|t:|1733784227\n|move|p1a: Suicune|Calm Mind|p1a: Suicune\n|-boost|p1a: Suicune|spa|1\n|-boost|p1a: Suicune|spd|1\n|move|p2a: Terapagos|Tera Starstorm|p1a: Suicune\n|-damage|p1a: Suicune|216/298\n|\n|-heal|p1a: Suicune|234/298|[from] item: Leftovers\n|upkeep\n|turn|28\n|\n|t:|1733784232\n|move|p1a: Suicune|Scald|p2a: Terapagos\n|-damage|p2a: Terapagos|187/368\n|move|p2a: Terapagos|Tera Starstorm|p1a: Suicune\n|-damage|p1a: Suicune|148/298\n|\n|-heal|p1a: Suicune|166/298|[from] item: Leftovers\n|upkeep\n|turn|29\n|\n|t:|1733784238\n|move|p1a: Suicune|Scald|p2a: Terapagos\n|-damage|p2a: Terapagos|111/368\n|move|p2a: Terapagos|Tera Starstorm|p1a: Suicune\n|-damage|p1a: Suicune|75/298\n|\n|-heal|p1a: Suicune|93/298|[from] item: Leftovers\n|upkeep\n|turn|30\n|\n|t:|1733784241\n|move|p1a: Suicune|Rest|p1a: Suicune\n|-status|p1a: Suicune|slp|[from] move: Rest\n|-heal|p1a: Suicune|298/298 slp|[silent]\n|move|p2a: Terapagos|Tera Starstorm|p1a: Suicune\n|-damage|p1a: Suicune|207/298 slp\n|\n|-heal|p1a: Suicune|225/298 slp|[from] item: Leftovers\n|upkeep\n|turn|31\n|c|\u2606steelixprismgx|fuck\n|\n|t:|1733784248\n|cant|p1a: Suicune|slp\n|move|p1a: Suicune|Sleep Talk|p1a: Suicune\n|move|p1a: Suicune|Scald|p2a: Terapagos|[from]move: Sleep Talk\n|-damage|p2a: Terapagos|39/368\n|move|p2a: Terapagos|Rest|p2a: Terapagos\n|-status|p2a: Terapagos|slp|[from] move: Rest\n|-heal|p2a: Terapagos|368/368 slp|[silent]\n|\n|-heal|p1a: Suicune|243/298 slp|[from] item: Leftovers\n|upkeep\n|turn|32\n|\n|t:|1733784268\n|cant|p1a: Suicune|slp\n|move|p1a: Suicune|Sleep Talk|p1a: Suicune\n|move|p1a: Suicune|Calm Mind|p1a: Suicune|[from]move: Sleep Talk\n|-boost|p1a: Suicune|spa|0\n|-boost|p1a: Suicune|spd|0\n|cant|p2a: Terapagos|slp\n|\n|-heal|p1a: Suicune|261/298 slp|[from] item: Leftovers\n|upkeep\n|turn|33\n|\n|t:|1733784292\n|-curestatus|p1a: Suicune|slp|[msg]\n|move|p1a: Suicune|Scald|p2a: Terapagos\n|-damage|p2a: Terapagos|299/368 slp\n|cant|p2a: Terapagos|slp\n|\n|-heal|p1a: Suicune|279/298|[from] item: Leftovers\n|upkeep\n|turn|34\n|c|\u2606Dirtydan2712|Right lol\n|\n|t:|1733784299\n|move|p1a: Suicune|Scald|p2a: Terapagos\n|-damage|p2a: Terapagos|230/368 slp\n|-curestatus|p2a: Terapagos|slp|[msg]\n|move|p2a: Terapagos|Earth Power|p1a: Suicune\n|-crit|p1a: Suicune\n|-damage|p1a: Suicune|0 fnt\n|faint|p1a: Suicune\n|\n|win|steelixprismgx\n|raw|Dirtydan2712's rating: 1820 &rarr; <strong>1800</strong><br />(-20 for losing)\n|raw|steelixprismgx's rating: 1825 &rarr; <strong>1845</strong><br />(+20 for winning)\n|c|\u2606steelixprismgx|OH\n|c|\u2606steelixprismgx|ok\n|c|\u2606steelixprismgx|gg\n|c|\u2606Dirtydan2712|Of course lol\n|c|\u2606Dirtydan2712|Ggs\n|l|\u2606Dirtydan2712\n|player|p1|\n", "inputlog": ">version bfd83cad13791eb5a5a409923076391caf6fb4d4\n>start {\"formatid\":\"gen9randombattle\",\"seed\":[16292,58010,45596,17318],\"rated\":\"Rated battle\"}\n>player p1 {\"name\":\"Dirtydan2712\",\"avatar\":\"170\",\"rating\":1820,\"seed\":[59145,11083,24901,39099]}\n>player p2 {\"name\":\"steelixprismgx\",\"avatar\":\"colress\",\"rating\":1825,\"seed\":[18121,64718,24467,39257]}\n>p1 move overheat\n>p2 switch 5\n>p1 move stealthrock\n>p2 move doubleedge\n>p1 switch 6\n>p2 move doubleedge\n>p1 move toxic\n>p2 switch 4\n>p1 switch 6\n>p2 move playrough\n>p1 move overheat\n>p2 move earthquake\n>p1 switch 4\n>p1 move iciclecrash\n>p2 move playrough\n>p2 switch 4\n>p1 switch 3\n>p2 move knockoff\n>p1 move wish\n>p2 move knockoff\n>p1 switch 3\n>p1 move iceshard\n>p2 move knockoff\n>p2 switch 5\n>p1 move iceshard\n>p2 move trickroom\n>p1 switch 6\n>p2 move psychic\n>p1 move poltergeist\n>p2 move revivalblessing\n>p2 switch 5\n>p2 switch 6\n>p1 move toxic\n>p2 move knockoff\n>p1 switch 6\n>p1 move iciclecrash\n>p2 move protect\n>p1 move iciclecrash\n>p2 move stunspore\n>p2 switch 5\n>p1 move iciclecrash\n>p2 move woodhammer\n>p1 switch 5\n>p1 move heavyslam\n>p2 switch 3\n>p2 switch 3\n>p1 move heavyslam\n>p2 move knockoff\n>p2 switch 2\n>p1 move knockoff\n>p2 move calmmind terastallize\n>p1 move heavyslam\n>p2 move earthpower\n>p1 switch 2\n>p1 move calmmind\n>p2 move calmmind\n>p1 move calmmind\n>p2 move calmmind\n>p1 move calmmind\n>p2 move calmmind\n>p1 move calmmind\n>p2 move calmmind\n>p1 move calmmind\n>p2 move calmmind\n>p1 move calmmind\n>p2 move terastarstorm\n>p1 move scald\n>p2 move terastarstorm\n>p1 move scald\n>p2 move terastarstorm\n>p1 move rest\n>p2 move terastarstorm\n>chat \u2606steelixprismgx|fuck\n>p1 move sleeptalk\n>p2 move rest\n>p1 move sleeptalk\n>p2 move earthpower\n>p1 move scald\n>p2 move earthpower\n>chat \u2606Dirtydan2712|Right lol\n>p1 move scald\n>p2 move earthpower", "uploadtime": 1733784322, "views": 4, "formatid": "gen9randombattle", "rating": 1800, "private": 0, "password": null}