{"id": "gen9randombattle-2260534393", "format": "[Gen 9] Random Battle", "players": ["FakerOddie", "VMCookie"], "log": "|j|\u2606FakerOddie\n|j|\u2606VMCookie\n|t:|1733860964\n|gametype|singles\n|player|p1|FakerOddie|marley|\n|player|p2|VMCookie|hilda|\n|teamsize|p1|6\n|teamsize|p2|6\n|gen|9\n|tier|[Gen 9] Random Battle\n|rule|Species Clause: Limit one of each Pok\u00e9mon\n|rule|HP Percentage Mod: HP is shown in percentages\n|rule|Sleep Clause Mod: Limit one foe put to sleep\n|rule|Illusion Level Mod: Illusion disguises the Pok\u00e9mon's true level\n|\n|t:|1733860964\n|start\n|switch|p1a: Chansey|Chansey, L85, F|564/564\n|switch|p2a: Oricorio|Oricorio-Pa'u, L87, M|272/272\n|turn|1\n|\n|t:|1733860987\n|move|p2a: Oricorio|Quiver Dance|p2a: Oricorio\n|-boost|p2a: Oricorio|spa|1\n|-boost|p2a: Oricorio|spd|1\n|-boost|p2a: Oricorio|spe|1\n|move|p1a: Chansey|Stealth Rock|p2a: Oricorio\n|-sidestart|p2: VMCookie|move: Stealth Rock\n|\n|upkeep\n|turn|2\n|\n|t:|1733860999\n|move|p2a: Oricorio|Quiver Dance|p2a: Oricorio\n|-boost|p2a: Oricorio|spa|1\n|-boost|p2a: Oricorio|spd|1\n|-boost|p2a: Oricorio|spe|1\n|move|p1a: Chansey|Seismic Toss|p2a: Oricorio\n|-damage|p2a: Oricorio|187/272\n|\n|upkeep\n|turn|3\n|\n|t:|1733861007\n|move|p2a: Oricorio|Revelation Dance|p1a: Chansey\n|-damage|p1a: Chansey|456/564\n|move|p1a: Chansey|Seismic Toss|p2a: Oricorio\n|-damage|p2a: Oricorio|102/272\n|\n|upkeep\n|turn|4\n|\n|t:|1733861028\n|move|p2a: Oricorio|Roost|p2a: Oricorio\n|-heal|p2a: Oricorio|238/272\n|-singleturn|p2a: Oricorio|move: Roost\n|move|p1a: Chansey|Seismic Toss|p2a: Oricorio\n|-damage|p2a: Oricorio|153/272\n|\n|upkeep\n|turn|5\n|\n|t:|1733861036\n|move|p2a: Oricorio|Hurricane|p1a: Chansey|[miss]\n|-miss|p2a: Oricorio|p1a: Chansey\n|move|p1a: Chansey|Thunder Wave|p2a: Oricorio\n|-status|p2a: Oricorio|par\n|\n|upkeep\n|turn|6\n|\n|t:|1733861044\n|switch|p2a: Medicham|Medicham, L86, F|243/243\n|-damage|p2a: Medicham|228/243|[from] Stealth Rock\n|move|p1a: Chansey|Seismic Toss|p2a: Medicham\n|-damage|p2a: Medicham|143/243\n|\n|upkeep\n|turn|7\n|\n|t:|1733861054\n|move|p2a: Medicham|Close Combat|p1a: Chansey\n|-supereffective|p1a: Chansey\n|-damage|p1a: Chansey|0 fnt\n|-unboost|p2a: Medicham|def|1\n|-unboost|p2a: Medicham|spd|1\n|faint|p1a: Chansey\n|\n|upkeep\n|\n|t:|1733861065\n|switch|p1a: Scrafty|Scrafty, L84, F|246/246\n|turn|8\n|\n|t:|1733861081\n|switch|p2a: Oricorio|Oricorio-Pa'u, L87, M|153/272 par\n|move|p1a: Scrafty|Knock Off|p2a: Oricorio\n|-supereffective|p2a: Oricorio\n|-damage|p2a: Oricorio|0 fnt\n|-enditem|p2a: Oricorio|Heavy-Duty Boots|[from] move: Knock Off|[of] p1a: Scrafty\n|faint|p2a: Oricorio\n|\n|upkeep\n|\n|t:|1733861092\n|switch|p2a: Kyogre|Kyogre, L71|259/259\n|-damage|p2a: Kyogre|227/259|[from] Stealth Rock\n|-weather|RainDance|[from] ability: Drizzle|[of] p2a: Kyogre\n|turn|9\n|\n|t:|1733861103\n|move|p2a: Kyogre|Origin Pulse|p1a: Scrafty\n|-damage|p1a: Scrafty|102/246\n|move|p1a: Scrafty|Knock Off|p2a: Kyogre\n|-damage|p2a: Kyogre|109/259\n|-enditem|p2a: Kyogre|Leftovers|[from] move: Knock Off|[of] p1a: Scrafty\n|\n|-weather|RainDance|[upkeep]\n|-heal|p1a: Scrafty|117/246|[from] item: Leftovers\n|upkeep\n|turn|10\n|\n|t:|1733861114\n|move|p2a: Kyogre|Ice Beam|p1a: Scrafty\n|-damage|p1a: Scrafty|66/246\n|move|p1a: Scrafty|Drain Punch|p2a: Kyogre\n|-damage|p2a: Kyogre|21/259\n|-heal|p1a: Scrafty|110/246|[from] drain|[of] p2a: Kyogre\n|\n|-weather|RainDance|[upkeep]\n|-heal|p1a: Scrafty|125/246|[from] item: Leftovers\n|upkeep\n|turn|11\n|\n|t:|1733861124\n|move|p2a: Kyogre|Origin Pulse|p1a: Scrafty\n|-damage|p1a: Scrafty|0 fnt\n|faint|p1a: Scrafty\n|\n|-weather|RainDance|[upkeep]\n|upkeep\n|\n|t:|1733861139\n|switch|p1a: Lilligant|Lilligant, L86, F|261/261\n|turn|12\n|\n|t:|1733861157\n|switch|p2a: Magnezone|Magnezone, L85|258/258\n|-damage|p2a: Magnezone|242/258|[from] Stealth Rock\n|move|p1a: Lilligant|Alluring Voice|p2a: Magnezone\n|-resisted|p2a: Magnezone\n|-damage|p2a: Magnezone|203/258\n|-damage|p1a: Lilligant|235/261|[from] item: Life Orb\n|\n|-weather|RainDance|[upkeep]\n|-heal|p2a: Magnezone|219/258|[from] item: Leftovers\n|upkeep\n|turn|13\n|\n|t:|1733861168\n|move|p1a: Lilligant|Quiver Dance|p1a: Lilligant\n|-boost|p1a: Lilligant|spa|1\n|-boost|p1a: Lilligant|spd|1\n|-boost|p1a: Lilligant|spe|1\n|move|p2a: Magnezone|Discharge|p1a: Lilligant\n|-resisted|p1a: Lilligant\n|-damage|p1a: Lilligant|194/261\n|\n|-weather|none\n|-heal|p2a: Magnezone|235/258|[from] item: Leftovers\n|upkeep\n|turn|14\n|\n|t:|1733861183\n|move|p1a: Lilligant|Quiver Dance|p1a: Lilligant\n|-boost|p1a: Lilligant|spa|1\n|-boost|p1a: Lilligant|spd|1\n|-boost|p1a: Lilligant|spe|1\n|move|p2a: Magnezone|Body Press|p1a: Lilligant\n|-crit|p1a: Lilligant\n|-damage|p1a: Lilligant|83/261\n|\n|-heal|p2a: Magnezone|251/258|[from] item: Leftovers\n|upkeep\n|turn|15\n|\n|t:|1733861194\n|move|p1a: Lilligant|Petal Dance|p2a: Magnezone\n|-resisted|p2a: Magnezone\n|-damage|p2a: Magnezone|56/258\n|-damage|p1a: Lilligant|57/261|[from] item: Life Orb\n|move|p2a: Magnezone|Iron Defense|p2a: Magnezone\n|-boost|p2a: Magnezone|def|2\n|\n|-heal|p2a: Magnezone|72/258|[from] item: Leftovers\n|upkeep\n|turn|16\n|\n|t:|1733861213\n|switch|p2a: Medicham|Medicham, L86, F|143/243\n|-damage|p2a: Medicham|128/243|[from] Stealth Rock\n|move|p1a: Lilligant|Petal Dance|p2a: Medicham|[from]lockedmove\n|-damage|p2a: Medicham|0 fnt\n|faint|p2a: Medicham\n|-damage|p1a: Lilligant|31/261|[from] item: Life Orb\n|\n|upkeep\n|\n|t:|1733861222\n|switch|p2a: Jolteon|Jolteon, L84, M|246/246\n|-damage|p2a: Jolteon|216/246|[from] Stealth Rock\n|turn|17\n|\n|t:|1733861235\n|-terastallize|p2a: Jolteon|Ice\n|move|p1a: Lilligant|Petal Dance|p2a: Jolteon|[from]lockedmove\n|-damage|p2a: Jolteon|0 fnt\n|faint|p2a: Jolteon\n|-damage|p1a: Lilligant|5/261|[from] item: Life Orb\n|\n|upkeep\n|\n|t:|1733861242\n|switch|p2a: Crawdaunt|Crawdaunt, L84, F|243/243\n|-damage|p2a: Crawdaunt|213/243|[from] Stealth Rock\n|turn|18\n|\n|t:|1733861255\n|move|p1a: Lilligant|Petal Dance|p2a: Crawdaunt\n|-supereffective|p2a: Crawdaunt\n|-damage|p2a: Crawdaunt|0 fnt\n|faint|p2a: Crawdaunt\n|-damage|p1a: Lilligant|0 fnt|[from] item: Life Orb\n|faint|p1a: Lilligant\n|\n|upkeep\n|\n|t:|1733861265\n|switch|p1a: Giratina|Giratina, L75|349/349\n|switch|p2a: Magnezone|Magnezone, L85|72/258\n|-ability|p1a: Giratina|Pressure\n|-damage|p2a: Magnezone|56/258|[from] Stealth Rock\n|turn|19\n|\n|t:|1733861281\n|move|p1a: Giratina|Shadow Ball|p2a: Magnezone\n|-damage|p2a: Magnezone|0 fnt\n|faint|p2a: Magnezone\n|\n|upkeep\n|\n|t:|1733861285\n|switch|p2a: Kyogre|Kyogre, L71|21/259\n|-damage|p2a: Kyogre|0 fnt|[from] Stealth Rock\n|faint|p2a: Kyogre\n|\n|win|FakerOddie\n", "inputlog": ">version bfd83cad13791eb5a5a409923076391caf6fb4d4\n>start {\"formatid\":\"gen9randombattle\",\"seed\":[45843,59174,44608,5828]}\n>player p1 {\"name\":\"FakerOddie\",\"avatar\":\"marley\",\"rating\":0,\"seed\":[28097,9441,17227,46313]}\n>player p2 {\"name\":\"VMCookie\",\"avatar\":\"hilda\",\"rating\":0,\"seed\":[27097,31744,31106,4816]}\n>p1 move stealthrock\n>p2 move quiverdance\n>p1 move seismictoss\n>p2 move quiverdance\n>p1 move seismictoss\n>p2 move revelationdance\n>p1 move seismictoss\n>p2 move roost\n>p1 move thunderwave\n>p2 move hurricane\n>p1 move seismictoss\n>p2 switch 2\n>p1 move stealthrock\n>p2 move closecombat\n>p1 switch 5\n>p1 move knockoff\n>p2 switch 2\n>p2 switch 5\n>p1 move knockoff\n>p2 move originpulse\n>p1 move drainpunch\n>p2 move icebeam\n>p1 move drainpunch\n>p2 move originpulse\n>p1 switch 3\n>p1 move alluringvoice\n>p2 switch 4\n>p1 move quiverdance\n>p2 move discharge\n>p1 move quiverdance\n>p2 move bodypress\n>p1 move petaldance\n>p2 move irondefense\n>p1 move petaldance\n>p2 switch 2\n>p2 switch 3\n>p1 move petaldance\n>p2 move terablast terastallize\n>p2 switch 6\n>p1 move petaldance\n>p2 move knockoff\n>p1 switch 4\n>p2 switch 2\n>p1 move shadowball\n>p2 move discharge\n>p2 switch 4", "uploadtime": 1733861291, "views": 2, "formatid": "gen9randombattle", "rating": null, "private": 0, "password": null}