{"id": "gen9randombattle-2132101710", "format": "[Gen 9] Random Battle", "players": ["35Q71N", "Norman2!"], "log": "|badge|p1|silver|gen9randombattle|30-1\n|html|<div class=\"broadcast-red\"><strong>This battle is required to be public due to one or more player having a season medal.</strong><br />During the public phase, you can discuss the state of the ladder <a href=\"/seasondiscussion\">in a special chatroom.</a></div>\n|uhtml|medal-msg|<div class=\"broadcast-blue\">Curious what those medals under the avatar are? PS now has Ladder Seasons! For more information, check out the <a href=\"https://www.smogon.com/forums/threads/3740067/\">thread on Smogon.</a></div>\n|badge|p2|bronze|gen9randombattle|100-1\n|uhtml|medal-msg|<div class=\"broadcast-blue\">Curious what those medals under the avatar are? PS now has Ladder Seasons! For more information, check out the <a href=\"https://www.smogon.com/forums/threads/3740067/\">thread on Smogon.</a></div>\n|j|\u260635Q71N\n|j|\u203dNorman2!\n|t:|1716898795\n|gametype|singles\n|player|p1|35Q71N|byron|2400\n|player|p2|Norman2!|101|2394\n|teamsize|p1|6\n|teamsize|p2|6\n|gen|9\n|tier|[Gen 9] Random Battle\n|rated|\n|rule|Species Clause: Limit one of each Pok\u00e9mon\n|rule|HP Percentage Mod: HP is shown in percentages\n|rule|Sleep Clause Mod: Limit one foe put to sleep\n|rule|Illusion Level Mod: Illusion disguises the Pok\u00e9mon's true level\n|\n|t:|1716898795\n|start\n|switch|p1a: Donphan|Donphan, L84, F|288/288\n|switch|p2a: Ting-Lu|Ting-Lu, L78|370/370\n|-ability|p2a: Ting-Lu|Vessel of Ruin\n|turn|1\n|\n|t:|1716898824\n|move|p1a: Donphan|Stealth Rock|p2a: Ting-Lu\n|-sidestart|p2: Norman2!|move: Stealth Rock\n|move|p2a: Ting-Lu|Heavy Slam|p1a: Donphan\n|-damage|p1a: Donphan|227/288\n|\n|-heal|p1a: Donphan|245/288|[from] item: Leftovers\n|upkeep\n|turn|2\n|\n|t:|1716898834\n|move|p1a: Donphan|Earthquake|p2a: Ting-Lu\n|-damage|p2a: Ting-Lu|268/370\n|move|p2a: Ting-Lu|Heavy Slam|p1a: Donphan\n|-damage|p1a: Donphan|178/288\n|\n|-heal|p1a: Donphan|196/288|[from] item: Leftovers\n|-heal|p2a: Ting-Lu|291/370|[from] item: Leftovers\n|upkeep\n|turn|3\n|\n|t:|1716898858\n|move|p1a: Donphan|Earthquake|p2a: Ting-Lu\n|-damage|p2a: Ting-Lu|192/370\n|move|p2a: Ting-Lu|Heavy Slam|p1a: Donphan\n|-damage|p1a: Donphan|135/288\n|\n|-heal|p1a: Donphan|153/288|[from] item: Leftovers\n|-heal|p2a: Ting-Lu|215/370|[from] item: Leftovers\n|upkeep\n|turn|4\n|\n|t:|1716898876\n|move|p1a: Donphan|Earthquake|p2a: Ting-Lu\n|-damage|p2a: Ting-Lu|121/370\n|move|p2a: Ting-Lu|Heavy Slam|p1a: Donphan\n|-damage|p1a: Donphan|83/288\n|\n|-heal|p1a: Donphan|101/288|[from] item: Leftovers\n|-heal|p2a: Ting-Lu|144/370|[from] item: Leftovers\n|upkeep\n|turn|5\n|\n|t:|1716898884\n|move|p1a: Donphan|Earthquake|p2a: Ting-Lu\n|-damage|p2a: Ting-Lu|50/370\n|move|p2a: Ting-Lu|Heavy Slam|p1a: Donphan\n|-damage|p1a: Donphan|36/288\n|\n|-heal|p1a: Donphan|54/288|[from] item: Leftovers\n|-heal|p2a: Ting-Lu|73/370|[from] item: Leftovers\n|upkeep\n|turn|6\n|\n|t:|1716898889\n|move|p1a: Donphan|Earthquake|p2a: Ting-Lu\n|-damage|p2a: Ting-Lu|0 fnt\n|faint|p2a: Ting-Lu\n|\n|-heal|p1a: Donphan|72/288|[from] item: Leftovers\n|upkeep\n|\n|t:|1716898899\n|switch|p2a: Glalie|Glalie, L96, F|309/309\n|turn|7\n|\n|t:|1716898947\n|switch|p1a: Copperajah|Copperajah, L86, M|350/350\n|move|p2a: Glalie|Spikes|p1a: Copperajah\n|-sidestart|p1: 35Q71N|Spikes\n|\n|upkeep\n|turn|8\n|\n|t:|1716898965\n|switch|p2a: Skeledirge|Skeledirge, L79, F|294/294\n|move|p1a: Copperajah|Iron Head|p2a: Skeledirge\n|-resisted|p2a: Skeledirge\n|-damage|p2a: Skeledirge|208/294\n|\n|upkeep\n|turn|9\n|\n|t:|1716898987\n|move|p2a: Skeledirge|Torch Song|p1a: Copperajah\n|-supereffective|p1a: Copperajah\n|-damage|p1a: Copperajah|168/350\n|-boost|p2a: Skeledirge|spa|1\n|move|p1a: Copperajah|Earthquake|p2a: Skeledirge\n|-supereffective|p2a: Skeledirge\n|-damage|p2a: Skeledirge|0 fnt\n|faint|p2a: Skeledirge\n|-damage|p1a: Copperajah|133/350|[from] item: Life Orb\n|\n|upkeep\n|\n|t:|1716898996\n|switch|p2a: Glalie|Glalie, L96, F|309/309\n|turn|10\n|\n|t:|1716899028\n|switch|p1a: Kilowattrel|Kilowattrel, L83, F|252/252\n|move|p2a: Glalie|Earthquake|p1a: Kilowattrel\n|-immune|p1a: Kilowattrel\n|\n|upkeep\n|turn|11\n|\n|t:|1716899043\n|move|p1a: Kilowattrel|U-turn|p2a: Glalie\n|-damage|p2a: Glalie|269/309\n|\n|t:|1716899063\n|switch|p1a: Donphan|Donphan, L84, F|72/288|[from] U-turn\n|-damage|p1a: Donphan|36/288|[from] Spikes\n|move|p2a: Glalie|Freeze-Dry|p1a: Donphan\n|-supereffective|p1a: Donphan\n|-damage|p1a: Donphan|0 fnt\n|faint|p1a: Donphan\n|\n|upkeep\n|\n|t:|1716899086\n|switch|p1a: Zamazenta|Zamazenta-Crowned, L68|238/238\n|-damage|p1a: Zamazenta|209/238|[from] Spikes\n|-ability|p1a: Zamazenta|Dauntless Shield|boost\n|-boost|p1a: Zamazenta|def|1\n|turn|12\n|\n|t:|1716899124\n|switch|p2a: Espathra|Espathra, L80, M|283/283\n|-damage|p2a: Espathra|248/283|[from] Stealth Rock\n|move|p1a: Zamazenta|Iron Defense|p1a: Zamazenta\n|-boost|p1a: Zamazenta|def|2\n|\n|-heal|p2a: Espathra|265/283|[from] item: Leftovers\n|upkeep\n|turn|13\n|\n|t:|1716899163\n|move|p2a: Espathra|Protect|p2a: Espathra\n|-singleturn|p2a: Espathra|Protect\n|move|p1a: Zamazenta|Body Press|p2a: Espathra\n|-activate|p2a: Espathra|move: Protect\n|\n|-heal|p2a: Espathra|282/283|[from] item: Leftovers\n|-ability|p2a: Espathra|Speed Boost|boost\n|-boost|p2a: Espathra|spe|1\n|upkeep\n|turn|14\n|\n|t:|1716899172\n|move|p2a: Espathra|Calm Mind|p2a: Espathra\n|-boost|p2a: Espathra|spa|1\n|-boost|p2a: Espathra|spd|1\n|move|p1a: Zamazenta|Body Press|p2a: Espathra\n|-resisted|p2a: Espathra\n|-damage|p2a: Espathra|147/283\n|\n|-heal|p2a: Espathra|164/283|[from] item: Leftovers\n|-ability|p2a: Espathra|Speed Boost|boost\n|-boost|p2a: Espathra|spe|1\n|upkeep\n|turn|15\n|\n|t:|1716899222\n|move|p2a: Espathra|Calm Mind|p2a: Espathra\n|-boost|p2a: Espathra|spa|1\n|-boost|p2a: Espathra|spd|1\n|move|p1a: Zamazenta|Heavy Slam|p2a: Espathra\n|-damage|p2a: Espathra|34/283\n|\n|-heal|p2a: Espathra|51/283|[from] item: Leftovers\n|-ability|p2a: Espathra|Speed Boost|boost\n|-boost|p2a: Espathra|spe|1\n|upkeep\n|turn|16\n|\n|t:|1716899248\n|move|p2a: Espathra|Protect|p2a: Espathra\n|-singleturn|p2a: Espathra|Protect\n|move|p1a: Zamazenta|Heavy Slam|p2a: Espathra\n|-activate|p2a: Espathra|move: Protect\n|\n|-heal|p2a: Espathra|68/283|[from] item: Leftovers\n|-ability|p2a: Espathra|Speed Boost|boost\n|-boost|p2a: Espathra|spe|1\n|upkeep\n|turn|17\n|\n|t:|1716899262\n|move|p2a: Espathra|Stored Power|p1a: Zamazenta\n|-damage|p1a: Zamazenta|0 fnt\n|faint|p1a: Zamazenta\n|\n|-heal|p2a: Espathra|85/283|[from] item: Leftovers\n|-ability|p2a: Espathra|Speed Boost|boost\n|-boost|p2a: Espathra|spe|1\n|upkeep\n|\n|t:|1716899279\n|switch|p1a: Indeedee|Indeedee, L84, M|238/238\n|-damage|p1a: Indeedee|209/238|[from] Spikes\n|-fieldstart|move: Psychic Terrain|[from] ability: Psychic Surge|[of] p1a: Indeedee\n|turn|18\n|\n|t:|1716899298\n|move|p2a: Espathra|Stored Power|p1a: Indeedee\n|-resisted|p1a: Indeedee\n|-damage|p1a: Indeedee|0 fnt\n|faint|p1a: Indeedee\n|\n|-heal|p2a: Espathra|102/283|[from] item: Leftovers\n|-ability|p2a: Espathra|Speed Boost|boost\n|-boost|p2a: Espathra|spe|1\n|upkeep\n|\n|t:|1716899301\n|switch|p1a: Volcarona|Volcarona, L77, M|257/257\n|turn|19\n|\n|t:|1716899310\n|move|p2a: Espathra|Stored Power|p1a: Volcarona\n|-damage|p1a: Volcarona|0 fnt\n|faint|p1a: Volcarona\n|\n|-heal|p2a: Espathra|119/283|[from] item: Leftovers\n|upkeep\n|\n|t:|1716899317\n|switch|p1a: Copperajah|Copperajah, L86, M|133/350\n|-damage|p1a: Copperajah|90/350|[from] Spikes\n|turn|20\n|\n|t:|1716899319\n|move|p2a: Espathra|Stored Power|p1a: Copperajah\n|-resisted|p1a: Copperajah\n|-damage|p1a: Copperajah|0 fnt\n|faint|p1a: Copperajah\n|\n|-heal|p2a: Espathra|136/283|[from] item: Leftovers\n|upkeep\n|\n|t:|1716899321\n|switch|p1a: Kilowattrel|Kilowattrel, L83, F|252/252\n|turn|21\n|\n|t:|1716899324\n|move|p2a: Espathra|Stored Power|p1a: Kilowattrel\n|-damage|p1a: Kilowattrel|0 fnt\n|faint|p1a: Kilowattrel\n|\n|win|Norman2!\n|raw|35Q71N's rating: 2400 &rarr; <strong>2380</strong><br />(-20 for losing)\n|raw|Norman2!'s rating: 2394 &rarr; <strong>2414</strong><br />(+20 for winning)\n", "inputlog": ">version 7158ead19aeac8750849df2840eabb6dbec77df6\n>start {\"formatid\":\"gen9randombattle\",\"seed\":[46184,56427,33116,23048],\"rated\":\"Rated battle\"}\n>player p1 {\"name\":\"35Q71N\",\"avatar\":\"byron\",\"rating\":2400,\"seed\":[32450,63929,7839,44573]}\n>player p2 {\"name\":\"Norman2!\",\"avatar\":\"101\",\"rating\":2394,\"seed\":[31537,23535,3515,5180]}\n>p1 move stealthrock\n>p2 move heavyslam\n>p1 move earthquake\n>p2 move heavyslam\n>p1 move earthquake\n>p2 move heavyslam\n>p1 move earthquake\n>p2 move heavyslam\n>p1 move earthquake\n>p2 move heavyslam\n>p1 move earthquake\n>p2 move heavyslam\n>p2 switch 5\n>p1 switch 5\n>p2 move spikes\n>p1 move ironhead\n>p2 switch 2\n>p1 move earthquake\n>p2 move torchsong\n>p2 switch 2\n>p1 switch 4\n>p2 move earthquake\n>p1 move uturn\n>p2 move freezedry\n>p1 switch 5\n>p1 switch 2\n>p1 move irondefense\n>p2 switch 3\n>p1 move bodypress\n>p2 move protect\n>p1 move bodypress\n>p2 move calmmind\n>p1 move heavyslam\n>p2 move calmmind\n>p1 move heavyslam\n>p2 move protect\n>p1 move heavyslam\n>p2 move storedpower\n>p1 switch 6\n>p1 move hypervoice\n>p2 move storedpower\n>p1 switch 3\n>p1 move fierydance\n>p2 move storedpower\n>p1 switch 4\n>p1 move ironhead\n>p2 move storedpower\n>p1 switch 5\n>p1 move hurricane\n>p2 move storedpower", "uploadtime": 1716899327, "views": 201, "formatid": "gen9randombattle", "rating": 2380, "private": 0, "password": null}