{"id": "gen9randombattle-2260722224", "format": "[Gen 9] Random Battle", "players": ["Nightslash4", "Nfish2"], "log": "|j|\u2606Nightslash4\n|j|\u2606Nfish2\n|t:|1733882955\n|gametype|singles\n|player|p1|Nightslash4|gambler|1556\n|player|p2|Nfish2|fisherman-gen4|1558\n|teamsize|p1|6\n|teamsize|p2|6\n|gen|9\n|tier|[Gen 9] Random Battle\n|rated|\n|rule|Species Clause: Limit one of each Pok\u00e9mon\n|rule|HP Percentage Mod: HP is shown in percentages\n|rule|Sleep Clause Mod: Limit one foe put to sleep\n|rule|Illusion Level Mod: Illusion disguises the Pok\u00e9mon's true level\n|\n|t:|1733882955\n|start\n|switch|p1a: Copperajah|Copperajah, L86, M|350/350\n|switch|p2a: Keldeo|Keldeo-Resolute, L79|273/273\n|turn|1\n|\n|t:|1733882971\n|move|p2a: Keldeo|Secret Sword|p1a: Copperajah\n|-supereffective|p1a: Copperajah\n|-damage|p1a: Copperajah|26/350\n|move|p1a: Copperajah|Play Rough|p2a: Keldeo\n|-supereffective|p2a: Keldeo\n|-damage|p2a: Keldeo|0 fnt\n|faint|p2a: Keldeo\n|\n|upkeep\n|\n|t:|1733882983\n|switch|p2a: Grafaiai|Grafaiai, L86, M|249/249\n|turn|2\n|\n|t:|1733882987\n|move|p2a: Grafaiai|Knock Off|p1a: Copperajah\n|-damage|p1a: Copperajah|0 fnt\n|-enditem|p1a: Copperajah|Life Orb|[from] move: Knock Off|[of] p2a: Grafaiai\n|faint|p1a: Copperajah\n|\n|upkeep\n|\n|t:|1733882996\n|switch|p1a: Magcargo|Magcargo, L95, M|268/268\n|turn|3\n|\n|t:|1733883003\n|move|p2a: Grafaiai|Knock Off|p1a: Magcargo\n|-damage|p1a: Magcargo|214/268\n|-status|p1a: Magcargo|psn|[from] ability: Poison Touch|[of] p2a: Grafaiai\n|-enditem|p1a: Magcargo|Heavy-Duty Boots|[from] move: Knock Off|[of] p2a: Grafaiai\n|move|p1a: Magcargo|Lava Plume|p2a: Grafaiai\n|-damage|p2a: Grafaiai|168/249\n|\n|-damage|p1a: Magcargo|181/268 psn|[from] psn\n|upkeep\n|turn|4\n|\n|t:|1733883011\n|move|p2a: Grafaiai|U-turn|p1a: Magcargo\n|-resisted|p1a: Magcargo\n|-damage|p1a: Magcargo|162/268 psn\n|\n|t:|1733883016\n|switch|p2a: Hypno|Hypno, L95, F|315/315|[from] U-turn\n|move|p1a: Magcargo|Lava Plume|p2a: Hypno\n|-damage|p2a: Hypno|242/315\n|\n|-heal|p2a: Hypno|261/315|[from] item: Leftovers\n|-damage|p1a: Magcargo|129/268 psn|[from] psn\n|upkeep\n|turn|5\n|\n|t:|1733883033\n|switch|p1a: Bronzong|Bronzong, L88|261/261\n|move|p2a: Hypno|Encore||[still]\n|-fail|p2a: Hypno\n|\n|-heal|p2a: Hypno|280/315|[from] item: Leftovers\n|upkeep\n|turn|6\n|\n|t:|1733883045\n|switch|p1a: Magcargo|Magcargo, L95, M|129/268 psn\n|move|p2a: Hypno|Knock Off|p1a: Magcargo\n|-damage|p1a: Magcargo|94/268 psn\n|-status|p2a: Hypno|brn|[from] ability: Flame Body|[of] p1a: Magcargo\n|\n|-heal|p2a: Hypno|299/315 brn|[from] item: Leftovers\n|-damage|p1a: Magcargo|61/268 psn|[from] psn\n|-damage|p2a: Hypno|280/315 brn|[from] brn\n|upkeep\n|turn|7\n|\n|t:|1733883060\n|move|p2a: Hypno|Psychic Noise|p1a: Magcargo\n|-damage|p1a: Magcargo|0 fnt\n|faint|p1a: Magcargo\n|\n|-heal|p2a: Hypno|299/315 brn|[from] item: Leftovers\n|-damage|p2a: Hypno|280/315 brn|[from] brn\n|upkeep\n|\n|t:|1733883073\n|switch|p1a: Gothitelle|Gothitelle, L90, F|272/272\n|turn|8\n|inactive|Battle timer is ON: inactive players will automatically lose when time's up. (requested by Nightslash4)\n|\n|t:|1733883097\n|move|p2a: Hypno|Toxic|p1a: Gothitelle\n|-status|p1a: Gothitelle|tox\n|move|p1a: Gothitelle|Dark Pulse|p2a: Hypno\n|-supereffective|p2a: Hypno\n|-damage|p2a: Hypno|184/315 brn\n|\n|-heal|p2a: Hypno|203/315 brn|[from] item: Leftovers\n|-damage|p1a: Gothitelle|255/272 tox|[from] psn\n|-damage|p2a: Hypno|184/315 brn|[from] brn\n|upkeep\n|turn|9\n|\n|t:|1733883105\n|move|p2a: Hypno|Knock Off|p1a: Gothitelle\n|-supereffective|p1a: Gothitelle\n|-damage|p1a: Gothitelle|190/272 tox\n|-enditem|p1a: Gothitelle|Leftovers|[from] move: Knock Off|[of] p2a: Hypno\n|move|p1a: Gothitelle|Dark Pulse|p2a: Hypno\n|-supereffective|p2a: Hypno\n|-damage|p2a: Hypno|92/315 brn\n|\n|-heal|p2a: Hypno|111/315 brn|[from] item: Leftovers\n|-damage|p1a: Gothitelle|156/272 tox|[from] psn\n|-damage|p2a: Hypno|92/315 brn|[from] brn\n|upkeep\n|turn|10\n|\n|t:|1733883112\n|move|p2a: Hypno|Encore|p1a: Gothitelle\n|-start|p1a: Gothitelle|Encore\n|move|p1a: Gothitelle|Dark Pulse|p2a: Hypno\n|-supereffective|p2a: Hypno\n|-damage|p2a: Hypno|0 fnt\n|faint|p2a: Hypno\n|\n|-damage|p1a: Gothitelle|105/272 tox|[from] psn\n|upkeep\n|\n|t:|1733883115\n|switch|p2a: Shiftry|Shiftry, L89, F|305/305\n|turn|11\n|\n|t:|1733883123\n|switch|p1a: Victreebel|Victreebel, L90, M|290/290\n|move|p2a: Shiftry|Tailwind|p2a: Shiftry\n|-sidestart|p2: Nfish2|move: Tailwind\n|-ability|p2a: Shiftry|Wind Rider|boost\n|-boost|p2a: Shiftry|atk|1\n|\n|upkeep\n|turn|12\n|inactive|Nfish2 has 120 seconds left.\n|\n|t:|1733883165\n|move|p2a: Shiftry|Knock Off|p1a: Victreebel\n|-damage|p1a: Victreebel|29/290\n|-enditem|p1a: Victreebel|Life Orb|[from] move: Knock Off|[of] p2a: Shiftry\n|-damage|p2a: Shiftry|275/305|[from] item: Life Orb\n|move|p1a: Victreebel|Sludge Wave|p2a: Shiftry\n|-supereffective|p2a: Shiftry\n|-damage|p2a: Shiftry|0 fnt\n|faint|p2a: Shiftry\n|\n|upkeep\n|\n|t:|1733883176\n|switch|p2a: Grafaiai|Grafaiai, L86, M|168/249\n|turn|13\n|\n|t:|1733883192\n|switch|p1a: Gothitelle|Gothitelle, L90, F|105/272 tox\n|move|p2a: Grafaiai|Knock Off|p1a: Gothitelle\n|-supereffective|p1a: Gothitelle\n|-damage|p1a: Gothitelle|23/272 tox\n|\n|-damage|p1a: Gothitelle|6/272 tox|[from] psn\n|upkeep\n|turn|14\n|\n|t:|1733883202\n|move|p2a: Grafaiai|Knock Off|p1a: Gothitelle\n|-supereffective|p1a: Gothitelle\n|-damage|p1a: Gothitelle|0 fnt\n|faint|p1a: Gothitelle\n|\n|-sideend|p2: Nfish2|move: Tailwind\n|upkeep\n|\n|t:|1733883211\n|switch|p1a: Bronzong|Bronzong, L88|261/261\n|turn|15\n|inactive|Nfish2 has 120 seconds left.\n|\n|t:|1733883219\n|-terastallize|p1a: Bronzong|Fighting\n|move|p2a: Grafaiai|Super Fang|p1a: Bronzong\n|-damage|p1a: Bronzong|131/261\n|move|p1a: Bronzong|Iron Defense|p1a: Bronzong\n|-boost|p1a: Bronzong|def|2\n|\n|upkeep\n|turn|16\n|\n|t:|1733883228\n|move|p2a: Grafaiai|Super Fang|p1a: Bronzong\n|-damage|p1a: Bronzong|66/261\n|move|p1a: Bronzong|Iron Defense|p1a: Bronzong\n|-boost|p1a: Bronzong|def|2\n|\n|upkeep\n|turn|17\n|\n|t:|1733883232\n|move|p2a: Grafaiai|Super Fang|p1a: Bronzong\n|-damage|p1a: Bronzong|33/261\n|-status|p1a: Bronzong|psn|[from] ability: Poison Touch|[of] p2a: Grafaiai\n|move|p1a: Bronzong|Rest|p1a: Bronzong\n|-status|p1a: Bronzong|slp|[from] move: Rest\n|-heal|p1a: Bronzong|261/261 slp|[silent]\n|-enditem|p1a: Bronzong|Chesto Berry|[eat]\n|-curestatus|p1a: Bronzong|slp|[msg]\n|\n|upkeep\n|turn|18\n|\n|t:|1733883243\n|move|p2a: Grafaiai|Super Fang|p1a: Bronzong\n|-damage|p1a: Bronzong|131/261\n|-status|p1a: Bronzong|psn|[from] ability: Poison Touch|[of] p2a: Grafaiai\n|move|p1a: Bronzong|Body Press|p2a: Grafaiai\n|-damage|p2a: Grafaiai|0 fnt\n|faint|p2a: Grafaiai\n|\n|-damage|p1a: Bronzong|99/261 psn|[from] psn\n|upkeep\n|\n|t:|1733883253\n|switch|p2a: Flutter Mane|Flutter Mane, L74|203/203\n|turn|19\n|c|\u2606Nfish2|oop\n|\n|t:|1733883275\n|switch|p1a: Victreebel|Victreebel, L90, M|29/290\n|move|p2a: Flutter Mane|Moonblast|p1a: Victreebel\n|-resisted|p1a: Victreebel\n|-damage|p1a: Victreebel|0 fnt\n|faint|p1a: Victreebel\n|-damage|p2a: Flutter Mane|183/203|[from] item: Life Orb\n|\n|upkeep\n|\n|t:|1733883277\n|switch|p1a: Porygon-Z|Porygon-Z, L83|277/277\n|turn|20\n|\n|t:|1733883294\n|-end|p2a: Flutter Mane|Protosynthesis|[silent]\n|switch|p2a: Ting-Lu|Ting-Lu, L78|370/370\n|-ability|p2a: Ting-Lu|Vessel of Ruin\n|move|p1a: Porygon-Z|Shadow Ball|p2a: Ting-Lu\n|-resisted|p2a: Ting-Lu\n|-damage|p2a: Ting-Lu|340/370\n|-damage|p1a: Porygon-Z|250/277|[from] item: Life Orb\n|\n|upkeep\n|turn|21\n|c|\u2606Nfish2|did i mine that\n|\n|t:|1733883304\n|switch|p1a: Bronzong|Bronzong, L88, tera:Fighting|99/261 psn\n|move|p2a: Ting-Lu|Heavy Slam|p1a: Bronzong\n|-damage|p1a: Bronzong|56/261 psn\n|\n|-damage|p1a: Bronzong|24/261 psn|[from] psn\n|upkeep\n|turn|22\n|\n|t:|1733883309\n|switch|p2a: Flutter Mane|Flutter Mane, L74|183/203\n|move|p1a: Bronzong|Rest|p1a: Bronzong\n|-status|p1a: Bronzong|slp|[from] move: Rest\n|-heal|p1a: Bronzong|261/261 slp|[silent]\n|\n|upkeep\n|turn|23\n|\n|t:|1733883315\n|move|p2a: Flutter Mane|Moonblast|p1a: Bronzong\n|-supereffective|p1a: Bronzong\n|-damage|p1a: Bronzong|66/261 slp\n|-damage|p2a: Flutter Mane|163/203|[from] item: Life Orb\n|cant|p1a: Bronzong|slp\n|\n|upkeep\n|turn|24\n|\n|t:|1733883324\n|move|p2a: Flutter Mane|Moonblast|p1a: Bronzong\n|-supereffective|p1a: Bronzong\n|-crit|p1a: Bronzong\n|-damage|p1a: Bronzong|0 fnt\n|faint|p1a: Bronzong\n|-damage|p2a: Flutter Mane|143/203|[from] item: Life Orb\n|\n|upkeep\n|\n|t:|1733883327\n|switch|p1a: Porygon-Z|Porygon-Z, L83|250/277\n|turn|25\n|\n|t:|1733883343\n|move|p2a: Flutter Mane|Moonblast|p1a: Porygon-Z\n|-crit|p1a: Porygon-Z\n|-damage|p1a: Porygon-Z|26/277\n|-unboost|p1a: Porygon-Z|spa|1\n|-damage|p2a: Flutter Mane|123/203|[from] item: Life Orb\n|move|p1a: Porygon-Z|Nasty Plot|p1a: Porygon-Z\n|-boost|p1a: Porygon-Z|spa|2\n|\n|upkeep\n|turn|26\n|-message|Nightslash4 forfeited.\n|\n|win|Nfish2\n|raw|Nightslash4's rating: 1556 &rarr; <strong>1536</strong><br />(-20 for losing)\n|raw|Nfish2's rating: 1558 &rarr; <strong>1578</strong><br />(+20 for winning)\n|l|\u2606Nightslash4\n|player|p1|\n", "inputlog": ">version bfd83cad13791eb5a5a409923076391caf6fb4d4\n>start {\"formatid\":\"gen9randombattle\",\"seed\":[868,50343,43458,2955],\"rated\":\"Rated battle\"}\n>player p1 {\"name\":\"Nightslash4\",\"avatar\":\"gambler\",\"rating\":1556,\"seed\":[37626,39444,19292,50751]}\n>player p2 {\"name\":\"Nfish2\",\"avatar\":\"fisherman-gen4\",\"rating\":1558,\"seed\":[29640,25509,11193,12742]}\n>p1 move playrough\n>p2 move secretsword\n>p2 switch 3\n>p1 move stealthrock\n>p2 move knockoff\n>p1 switch 4\n>p1 move lavaplume\n>p2 move knockoff\n>p1 move lavaplume\n>p2 move uturn\n>p2 switch 4\n>p1 switch 2\n>p2 move encore\n>p1 switch 2\n>p2 move knockoff\n>p1 move recover\n>p2 move psychicnoise\n>p1 switch 3\n>p1 move darkpulse\n>p2 move toxic\n>p1 move darkpulse\n>p2 move knockoff\n>p1 move darkpulse\n>p2 move encore\n>p2 switch 2\n>p1 switch 5\n>p2 move tailwind\n>p1 move sludgewave\n>p2 move knockoff\n>p2 switch 4\n>p1 switch 5\n>p2 move knockoff\n>p1 move psychicnoise\n>p2 move knockoff\n>p1 switch 2\n>p1 move irondefense terastallize\n>p2 move superfang\n>p1 move irondefense\n>p2 move superfang\n>p1 move rest\n>p2 move superfang\n>p1 move bodypress\n>p2 move superfang\n>p2 switch 5\n>chat \u2606Nfish2|oop\n>p1 switch 5\n>p2 move moonblast\n>p1 switch 6\n>p1 move shadowball\n>p2 switch 6\n>chat \u2606Nfish2|did i mine that\n>p1 switch 5\n>p2 move heavyslam\n>p1 move rest\n>p2 switch 6\n>p1 move psychicnoise\n>p2 move moonblast\n>p1 move psychicnoise\n>p2 move moonblast\n>p1 switch 5\n>p1 move nastyplot\n>p2 move moonblast\n>forcelose p1", "uploadtime": 1733883354, "views": 4, "formatid": "gen9randombattle", "rating": 1536, "private": 0, "password": null}