{"id": "gen9randombattle-2260490209", "format": "[Gen 9] Random Battle", "players": ["assgass", "Lellett"], "log": "|j|\u2606assgass\n|j|\u2606Lellett\n|t:|1733856621\n|gametype|singles\n|player|p1|assgass|benga|1436\n|player|p2|Lellett|2|1473\n|teamsize|p1|6\n|teamsize|p2|6\n|gen|9\n|tier|[Gen 9] Random Battle\n|rated|\n|rule|Species Clause: Limit one of each Pok\u00e9mon\n|rule|HP Percentage Mod: HP is shown in percentages\n|rule|Sleep Clause Mod: Limit one foe put to sleep\n|rule|Illusion Level Mod: Illusion disguises the Pok\u00e9mon's true level\n|\n|t:|1733856621\n|start\n|switch|p1a: Blissey|Blissey, L84, F|566/566\n|switch|p2a: Scream Tail|Scream Tail, L84|330/330\n|turn|1\n|\n|t:|1733856631\n|-end|p2a: Scream Tail|Protosynthesis|[silent]\n|switch|p2a: Donphan|Donphan, L84, M|288/288\n|move|p1a: Blissey|Thunder Wave|p2a: Donphan\n|-immune|p2a: Donphan\n|\n|upkeep\n|turn|2\n|inactive|Battle timer is ON: inactive players will automatically lose when time's up. (requested by Lellett)\n|\n|t:|1733856640\n|switch|p1a: Sunflora|Sunflora, M|312/312\n|move|p2a: Donphan|Stealth Rock|p1a: Sunflora\n|-sidestart|p1: assgass|move: Stealth Rock\n|\n|upkeep\n|turn|3\n|\n|t:|1733856651\n|move|p2a: Donphan|Ice Spinner|p1a: Sunflora\n|-supereffective|p1a: Sunflora\n|-crit|p1a: Sunflora\n|-damage|p1a: Sunflora|94/312\n|move|p1a: Sunflora|Sunny Day|p1a: Sunflora\n|-weather|SunnyDay\n|\n|-weather|SunnyDay|[upkeep]\n|upkeep\n|turn|4\n|\n|t:|1733856678\n|switch|p2a: Dragonite|Dragonite, L74, M|257/257\n|move|p1a: Sunflora|Solar Beam||[still]\n|-prepare|p1a: Sunflora|Solar Beam\n|-anim|p1a: Sunflora|Solar Beam|p2a: Dragonite\n|-resisted|p2a: Dragonite\n|-damage|p2a: Dragonite|225/257\n|-damage|p1a: Sunflora|63/312|[from] item: Life Orb\n|\n|-weather|SunnyDay|[upkeep]\n|upkeep\n|turn|5\n|\n|t:|1733856703\n|move|p1a: Sunflora|Weather Ball|p2a: Dragonite\n|-resisted|p2a: Dragonite\n|-damage|p2a: Dragonite|128/257\n|-damage|p1a: Sunflora|32/312|[from] item: Life Orb\n|move|p2a: Dragonite|Dragon Dance|p2a: Dragonite\n|-boost|p2a: Dragonite|atk|1\n|-boost|p2a: Dragonite|spe|1\n|\n|-weather|SunnyDay|[upkeep]\n|upkeep\n|turn|6\n|\n|t:|1733856717\n|move|p2a: Dragonite|Dragon Dance|p2a: Dragonite\n|-boost|p2a: Dragonite|atk|1\n|-boost|p2a: Dragonite|spe|1\n|move|p1a: Sunflora|Weather Ball|p2a: Dragonite\n|-resisted|p2a: Dragonite\n|-damage|p2a: Dragonite|24/257\n|-damage|p1a: Sunflora|1/312|[from] item: Life Orb\n|\n|-weather|SunnyDay|[upkeep]\n|upkeep\n|turn|7\n|\n|t:|1733856728\n|move|p2a: Dragonite|Tera Blast|p1a: Sunflora\n|-damage|p1a: Sunflora|0 fnt\n|faint|p1a: Sunflora\n|\n|-weather|none\n|upkeep\n|\n|t:|1733856737\n|switch|p1a: Pikachu|Pikachu, L93, F|216/216\n|-damage|p1a: Pikachu|189/216|[from] Stealth Rock\n|turn|8\n|\n|t:|1733856742\n|move|p1a: Pikachu|Fake Out|p2a: Dragonite\n|-damage|p2a: Dragonite|0 fnt\n|faint|p2a: Dragonite\n|\n|upkeep\n|\n|t:|1733856760\n|switch|p2a: Scream Tail|Scream Tail, L84|330/330\n|turn|9\n|\n|t:|1733856774\n|move|p2a: Scream Tail|Play Rough|p1a: Pikachu|[miss]\n|-miss|p2a: Scream Tail|p1a: Pikachu\n|move|p1a: Pikachu|Volt Tackle|p2a: Scream Tail\n|-damage|p2a: Scream Tail|149/330\n|-damage|p1a: Pikachu|129/216|[from] Recoil\n|\n|-heal|p2a: Scream Tail|169/330|[from] item: Leftovers\n|upkeep\n|turn|10\n|\n|t:|1733856791\n|move|p2a: Scream Tail|Wish|p2a: Scream Tail\n|move|p1a: Pikachu|Volt Tackle|p2a: Scream Tail\n|-damage|p2a: Scream Tail|0 fnt\n|faint|p2a: Scream Tail\n|-end|p2a: Scream Tail|Protosynthesis|[silent]\n|-damage|p1a: Pikachu|73/216|[from] Recoil\n|\n|upkeep\n|\n|t:|1733856806\n|switch|p2a: Donphan|Donphan, L84, M|288/288\n|turn|11\n|\n|t:|1733856824\n|move|p1a: Pikachu|Surf|p2a: Donphan\n|-supereffective|p2a: Donphan\n|-crit|p2a: Donphan\n|-ability|p2a: Donphan|Sturdy\n|-damage|p2a: Donphan|1/288\n|move|p2a: Donphan|Rapid Spin|p1a: Pikachu\n|-damage|p1a: Pikachu|10/216\n|-boost|p2a: Donphan|spe|1\n|\n|-heal|p2a: Donphan|166/288|[from] move: Wish|[wisher] Scream Tail\n|-heal|p2a: Donphan|184/288|[from] item: Leftovers\n|upkeep\n|turn|12\n|\n|t:|1733856840\n|-terastallize|p2a: Donphan|Water\n|move|p1a: Pikachu|Surf|p2a: Donphan\n|-resisted|p2a: Donphan\n|-damage|p2a: Donphan|123/288\n|move|p2a: Donphan|Rapid Spin|p1a: Pikachu\n|-damage|p1a: Pikachu|0 fnt\n|-boost|p2a: Donphan|spe|1\n|faint|p1a: Pikachu\n|\n|-heal|p2a: Donphan|141/288|[from] item: Leftovers\n|upkeep\n|\n|t:|1733856847\n|switch|p1a: Victreebel|Victreebel, L90, M|290/290\n|-damage|p1a: Victreebel|254/290|[from] Stealth Rock\n|turn|13\n|\n|t:|1733856852\n|move|p2a: Donphan|Ice Spinner|p1a: Victreebel\n|-supereffective|p1a: Victreebel\n|-damage|p1a: Victreebel|92/290\n|move|p1a: Victreebel|Power Whip|p2a: Donphan|[miss]\n|-miss|p1a: Victreebel|p2a: Donphan\n|\n|-heal|p2a: Donphan|159/288|[from] item: Leftovers\n|upkeep\n|turn|14\n|\n|t:|1733856864\n|move|p2a: Donphan|Ice Spinner|p1a: Victreebel\n|-supereffective|p1a: Victreebel\n|-damage|p1a: Victreebel|0 fnt\n|faint|p1a: Victreebel\n|\n|-heal|p2a: Donphan|177/288|[from] item: Leftovers\n|upkeep\n|\n|t:|1733856877\n|switch|p1a: Palafin|Palafin, L77, F|281/281\n|-damage|p1a: Palafin|246/281|[from] Stealth Rock\n|turn|15\n|\n|t:|1733856894\n|move|p2a: Donphan|Earthquake|p1a: Palafin\n|-damage|p1a: Palafin|92/281\n|move|p1a: Palafin|Wave Crash|p2a: Donphan\n|-resisted|p2a: Donphan\n|-damage|p2a: Donphan|144/288\n|-damage|p1a: Palafin|81/281|[from] Recoil\n|\n|-heal|p2a: Donphan|162/288|[from] item: Leftovers\n|-heal|p1a: Palafin|98/281|[from] item: Leftovers\n|upkeep\n|turn|16\n|\n|t:|1733856907\n|move|p2a: Donphan|Earthquake|p1a: Palafin\n|-damage|p1a: Palafin|0 fnt\n|faint|p1a: Palafin\n|\n|-heal|p2a: Donphan|180/288|[from] item: Leftovers\n|upkeep\n|\n|t:|1733856910\n|switch|p1a: Annihilape|Annihilape, L76, M|292/292\n|-damage|p1a: Annihilape|274/292|[from] Stealth Rock\n|turn|17\n|\n|t:|1733856928\n|switch|p2a: Farigiraf|Farigiraf, L91, F|366/366\n|move|p1a: Annihilape|Bulk Up|p1a: Annihilape\n|-boost|p1a: Annihilape|atk|1\n|-boost|p1a: Annihilape|def|1\n|\n|-heal|p1a: Annihilape|292/292|[from] item: Leftovers\n|upkeep\n|turn|18\n|\n|t:|1733856938\n|move|p1a: Annihilape|Drain Punch|p2a: Farigiraf\n|-damage|p2a: Farigiraf|251/366\n|move|p2a: Farigiraf|Future Sight|p1a: Annihilape\n|-start|p2a: Farigiraf|move: Future Sight\n|\n|-heal|p2a: Farigiraf|273/366|[from] item: Leftovers\n|upkeep\n|turn|19\n|\n|t:|1733856955\n|switch|p2a: Mimikyu|Mimikyu, L79, F|216/216\n|move|p1a: Annihilape|Bulk Up|p1a: Annihilape\n|-boost|p1a: Annihilape|atk|1\n|-boost|p1a: Annihilape|def|1\n|\n|upkeep\n|turn|20\n|\n|t:|1733856963\n|move|p2a: Mimikyu|Swords Dance|p2a: Mimikyu\n|-boost|p2a: Mimikyu|atk|2\n|move|p1a: Annihilape|Rage Fist|p2a: Mimikyu\n|-activate|p2a: Mimikyu|ability: Disguise\n|-damage|p2a: Mimikyu|216/216\n|detailschange|p2a: Mimikyu|Mimikyu-Busted, L79, F\n|-damage|p2a: Mimikyu|189/216|[from] pokemon: Mimikyu-Busted\n|\n|-end|p1a: Annihilape|move: Future Sight\n|-supereffective|p1a: Annihilape\n|-damage|p1a: Annihilape|0 fnt\n|faint|p1a: Annihilape\n|upkeep\n|\n|t:|1733856976\n|switch|p1a: Blissey|Blissey, L84, F|566/566\n|-damage|p1a: Blissey|496/566|[from] Stealth Rock\n|turn|21\n|\n|t:|1733856983\n|move|p2a: Mimikyu|Drain Punch|p1a: Blissey\n|-supereffective|p1a: Blissey\n|-damage|p1a: Blissey|0 fnt\n|-heal|p2a: Mimikyu|216/216|[from] drain|[of] p1a: Blissey\n|faint|p1a: Blissey\n|-damage|p2a: Mimikyu|195/216|[from] item: Life Orb\n|\n|win|Lellett\n|raw|assgass's rating: 1436 &rarr; <strong>1418</strong><br />(-18 for losing)\n|raw|Lellett's rating: 1473 &rarr; <strong>1491</strong><br />(+18 for winning)\n|l|\u2606assgass\n|player|p1|\n", "inputlog": ">version bfd83cad13791eb5a5a409923076391caf6fb4d4\n>start {\"formatid\":\"gen9randombattle\",\"seed\":[52298,46875,56047,27493],\"rated\":\"Rated battle\"}\n>player p1 {\"name\":\"assgass\",\"avatar\":\"benga\",\"rating\":1436,\"seed\":[34357,60410,14361,3803]}\n>player p2 {\"name\":\"Lellett\",\"avatar\":\"2\",\"rating\":1473,\"seed\":[51762,41692,48548,5349]}\n>p1 move thunderwave\n>p2 switch 5\n>p1 switch 2\n>p2 move stealthrock\n>p1 move sunnyday\n>p2 move icespinner\n>p1 move solarbeam\n>p2 switch 4\n>p1 move weatherball\n>p2 move dragondance\n>p1 move weatherball\n>p2 move dragondance\n>p1 move weatherball\n>p2 move terablast\n>p1 switch 3\n>p1 move fakeout\n>p2 move earthquake\n>p2 switch 5\n>p1 move volttackle\n>p2 move playrough\n>p1 move volttackle\n>p2 move wish\n>p2 switch 4\n>p1 move surf\n>p2 move rapidspin\n>p1 move surf\n>p2 move rapidspin terastallize\n>p1 switch 4\n>p1 move powerwhip\n>p2 move icespinner\n>p1 move powerwhip\n>p2 move icespinner\n>p1 switch 6\n>p1 move wavecrash\n>p2 move earthquake\n>p1 move icepunch\n>p2 move earthquake\n>p1 switch 5\n>p1 move bulkup\n>p2 switch 2\n>p1 move drainpunch\n>p2 move futuresight\n>p1 move bulkup\n>p2 switch 3\n>p1 move ragefist\n>p2 move swordsdance\n>p1 switch 2\n>p1 move seismictoss\n>p2 move drainpunch", "uploadtime": 1733856986, "views": 3, "formatid": "gen9randombattle", "rating": 1418, "private": 0, "password": null}