{"id": "gen9randombattle-2216277317", "format": "[Gen 9] Random Battle", "players": ["JayClaw", "RL4T USN"], "log": "|badge|p1|silver|gen9randombattle|30-3\n|uhtml|medal-msg|<div class=\"broadcast-blue\">Curious what those medals under the avatar are? PS now has Ladder Seasons! For more information, check out the <a href=\"https://www.smogon.com/forums/threads/3740067/\">thread on Smogon.</a></div>\n|raw|<div class=\"broadcast-blue\"><strong>This battle is required to be public due to a player having a name starting with 'rl4t'.</div>\n|j|\u2606JayClaw\n|j|\u2606RL4T USN\n|t:|1728102827\n|gametype|singles\n|player|p1|JayClaw|red|2383\n|player|p2|RL4T USN|steven-masters4|2251\n|teamsize|p1|6\n|teamsize|p2|6\n|gen|9\n|tier|[Gen 9] Random Battle\n|rated|\n|rule|Species Clause: Limit one of each Pok\u00e9mon\n|rule|HP Percentage Mod: HP is shown in percentages\n|rule|Sleep Clause Mod: Limit one foe put to sleep\n|rule|Illusion Level Mod: Illusion disguises the Pok\u00e9mon's true level\n|\n|t:|1728102827\n|start\n|switch|p1a: Medicham|Medicham, L86, M|243/243\n|switch|p2a: Kleavor|Kleavor, L78, M|237/237\n|turn|1\n|c|\u2606RL4T USN|glhf\n|j| saj king\n|inactive|Battle timer is ON: inactive players will automatically lose when time's up. (requested by RL4T USN)\n|\n|t:|1728102861\n|switch|p2a: Froslass|Froslass, L87, F|263/263\n|move|p1a: Medicham|Close Combat|p2a: Froslass\n|-immune|p2a: Froslass\n|\n|upkeep\n|turn|2\n|\n|t:|1728102872\n|switch|p1a: Pyroar|Pyroar, L88, F|295/295\n|-ability|p1a: Pyroar|Unnerve\n|move|p2a: Froslass|Spikes|p1a: Pyroar\n|-sidestart|p1: JayClaw|Spikes\n|\n|upkeep\n|turn|3\n|\n|t:|1728102881\n|switch|p2a: Clodsire|Clodsire, L81, M|343/343\n|move|p1a: Pyroar|Fire Blast|p2a: Clodsire\n|-crit|p2a: Clodsire\n|-damage|p2a: Clodsire|147/343\n|\n|-heal|p2a: Clodsire|168/343|[from] item: Leftovers\n|upkeep\n|turn|4\n|\n|t:|1728102911\n|switch|p1a: Decidueye|Decidueye, L88, F|281/281\n|move|p2a: Clodsire|Recover|p2a: Clodsire\n|-heal|p2a: Clodsire|340/343\n|\n|-heal|p2a: Clodsire|343/343|[from] item: Leftovers\n|upkeep\n|turn|5\n|\n|t:|1728102923\n|switch|p2a: Kleavor|Kleavor, L78, M|237/237\n|move|p1a: Decidueye|Defog|p2a: Kleavor\n|-unboost|p2a: Kleavor|evasion|1\n|-sideend|p1: JayClaw|Spikes|[from] move: Defog|[of] p1a: Decidueye\n|\n|upkeep\n|turn|6\n|inactive|JayClaw has 120 seconds left.\n|\n|t:|1728102943\n|move|p2a: Kleavor|X-Scissor|p1a: Decidueye\n|-damage|p1a: Decidueye|116/281\n|move|p1a: Decidueye|Leaf Storm|p2a: Kleavor\n|-damage|p2a: Kleavor|50/237\n|-unboost|p1a: Decidueye|spa|2\n|\n|upkeep\n|turn|7\n|inactive|JayClaw has 120 seconds left.\n|\n|t:|1728102953\n|switch|p1a: Medicham|Medicham, L86, M|243/243\n|move|p2a: Kleavor|Stone Axe|p1a: Medicham\n|-resisted|p1a: Medicham\n|-damage|p1a: Medicham|180/243\n|-sidestart|p1: JayClaw|move: Stealth Rock\n|\n|upkeep\n|turn|8\n|\n|t:|1728102971\n|move|p1a: Medicham|Zen Headbutt|p2a: Kleavor\n|-damage|p2a: Kleavor|0 fnt\n|faint|p2a: Kleavor\n|\n|upkeep\n|inactive|RL4T USN has 120 seconds left.\n|inactive|RL4T USN has 90 seconds left.\n|\n|t:|1728103026\n|switch|p2a: Froslass|Froslass, L87, F|263/263\n|turn|9\n|inactive|RL4T USN has 90 seconds left.\n|\n|t:|1728103043\n|switch|p1a: Pyroar|Pyroar, L88, F|295/295\n|-ability|p1a: Pyroar|Unnerve\n|move|p2a: Froslass|Spikes|p1a: Pyroar\n|-sidestart|p1: JayClaw|Spikes\n|\n|upkeep\n|turn|10\n|inactive|RL4T USN has 90 seconds left.\n|\n|t:|1728103057\n|switch|p2a: Clodsire|Clodsire, L81, M|343/343\n|switch|p1a: Decidueye|Decidueye, L88, F|116/281\n|\n|upkeep\n|turn|11\n|\n|t:|1728103062\n|move|p1a: Decidueye|Defog|p2a: Clodsire\n|-unboost|p2a: Clodsire|evasion|1\n|-sideend|p1: JayClaw|Spikes|[from] move: Defog|[of] p1a: Decidueye\n|-sideend|p1: JayClaw|Stealth Rock|[from] move: Defog|[of] p1a: Decidueye\n|move|p2a: Clodsire|Gunk Shot|p1a: Decidueye\n|-damage|p1a: Decidueye|14/281\n|\n|upkeep\n|turn|12\n|\n|t:|1728103074\n|move|p1a: Decidueye|Leaf Storm|p2a: Clodsire\n|-damage|p2a: Clodsire|126/343\n|-unboost|p1a: Decidueye|spa|2\n|move|p2a: Clodsire|Gunk Shot|p1a: Decidueye|[miss]\n|-miss|p2a: Clodsire|p1a: Decidueye\n|\n|-heal|p2a: Clodsire|147/343|[from] item: Leftovers\n|upkeep\n|turn|13\n|\n|t:|1728103098\n|move|p1a: Decidueye|Leaf Storm|p2a: Clodsire\n|-damage|p2a: Clodsire|0 fnt\n|-unboost|p1a: Decidueye|spa|2\n|faint|p2a: Clodsire\n|\n|upkeep\n|\n|t:|1728103100\n|switch|p2a: Dragonite|Dragonite, L74, F|257/257\n|turn|14\n|\n|t:|1728103128\n|move|p1a: Decidueye|Spirit Shackle|p2a: Dragonite\n|-damage|p2a: Dragonite|203/257\n|-activate|p2a: Dragonite|trapped\n|move|p2a: Dragonite|Dragon Dance|p2a: Dragonite\n|-boost|p2a: Dragonite|atk|1\n|-boost|p2a: Dragonite|spe|1\n|\n|upkeep\n|turn|15\n|\n|t:|1728103146\n|move|p2a: Dragonite|Dragon Dance|p2a: Dragonite\n|-boost|p2a: Dragonite|atk|1\n|-boost|p2a: Dragonite|spe|1\n|move|p1a: Decidueye|Spirit Shackle|p2a: Dragonite\n|-damage|p2a: Dragonite|95/257\n|\n|upkeep\n|turn|16\n|\n|t:|1728103154\n|move|p2a: Dragonite|Roost|p2a: Dragonite\n|-heal|p2a: Dragonite|224/257\n|-singleturn|p2a: Dragonite|move: Roost\n|move|p1a: Decidueye|Spirit Shackle|p2a: Dragonite\n|-damage|p2a: Dragonite|112/257\n|\n|upkeep\n|turn|17\n|\n|t:|1728103161\n|move|p2a: Dragonite|Roost|p2a: Dragonite\n|-heal|p2a: Dragonite|241/257\n|-singleturn|p2a: Dragonite|move: Roost\n|move|p1a: Decidueye|Spirit Shackle|p2a: Dragonite\n|-damage|p2a: Dragonite|133/257\n|\n|upkeep\n|turn|18\n|\n|t:|1728103167\n|move|p2a: Dragonite|Roost|p2a: Dragonite\n|-heal|p2a: Dragonite|257/257\n|-singleturn|p2a: Dragonite|move: Roost\n|move|p1a: Decidueye|Spirit Shackle|p2a: Dragonite\n|-damage|p2a: Dragonite|202/257\n|\n|upkeep\n|turn|19\n|\n|t:|1728103173\n|move|p2a: Dragonite|Earthquake|p1a: Decidueye\n|-resisted|p1a: Decidueye\n|-damage|p1a: Decidueye|0 fnt\n|faint|p1a: Decidueye\n|\n|upkeep\n|\n|t:|1728103181\n|switch|p1a: Dudunsparce|Dudunsparce-Three-Segment, L83, M|343/343\n|turn|20\n|\n|t:|1728103191\n|move|p2a: Dragonite|Dragon Dance|p2a: Dragonite\n|-boost|p2a: Dragonite|atk|1\n|-boost|p2a: Dragonite|spe|1\n|move|p1a: Dudunsparce|Boomburst|p2a: Dragonite\n|-damage|p2a: Dragonite|72/257\n|\n|upkeep\n|turn|21\n|\n|t:|1728103197\n|-terastallize|p2a: Dragonite|Steel\n|move|p2a: Dragonite|Roost|p2a: Dragonite\n|-heal|p2a: Dragonite|201/257\n|move|p1a: Dudunsparce|Boomburst|p2a: Dragonite\n|-resisted|p2a: Dragonite\n|-damage|p2a: Dragonite|128/257\n|\n|upkeep\n|turn|22\n|\n|t:|1728103203\n|move|p2a: Dragonite|Roost|p2a: Dragonite\n|-heal|p2a: Dragonite|257/257\n|move|p1a: Dudunsparce|Earth Power|p2a: Dragonite\n|-supereffective|p2a: Dragonite\n|-damage|p2a: Dragonite|195/257\n|\n|upkeep\n|turn|23\n|\n|t:|1728103210\n|move|p2a: Dragonite|Dragon Dance|p2a: Dragonite\n|-boost|p2a: Dragonite|atk|1\n|-boost|p2a: Dragonite|spe|1\n|move|p1a: Dudunsparce|Earth Power|p2a: Dragonite\n|-supereffective|p2a: Dragonite\n|-damage|p2a: Dragonite|83/257\n|\n|upkeep\n|turn|24\n|\n|t:|1728103239\n|-terastallize|p1a: Dudunsparce|Fairy\n|move|p2a: Dragonite|Roost|p2a: Dragonite\n|-heal|p2a: Dragonite|212/257\n|move|p1a: Dudunsparce|Earth Power|p2a: Dragonite\n|-supereffective|p2a: Dragonite\n|-damage|p2a: Dragonite|84/257\n|\n|upkeep\n|turn|25\n|\n|t:|1728103244\n|move|p2a: Dragonite|Roost|p2a: Dragonite\n|-heal|p2a: Dragonite|213/257\n|move|p1a: Dudunsparce|Earth Power|p2a: Dragonite\n|-supereffective|p2a: Dragonite\n|-damage|p2a: Dragonite|103/257\n|\n|upkeep\n|turn|26\n|\n|t:|1728103251\n|move|p2a: Dragonite|Roost|p2a: Dragonite\n|-heal|p2a: Dragonite|232/257\n|move|p1a: Dudunsparce|Earth Power|p2a: Dragonite\n|-supereffective|p2a: Dragonite\n|-crit|p2a: Dragonite\n|-damage|p2a: Dragonite|56/257\n|\n|upkeep\n|turn|27\n|\n|t:|1728103259\n|move|p2a: Dragonite|Earthquake|p1a: Dudunsparce\n|-damage|p1a: Dudunsparce|130/343\n|move|p1a: Dudunsparce|Earth Power|p2a: Dragonite\n|-supereffective|p2a: Dragonite\n|-damage|p2a: Dragonite|0 fnt\n|faint|p2a: Dragonite\n|\n|-heal|p1a: Dudunsparce|151/343|[from] item: Leftovers\n|upkeep\n|\n|t:|1728103264\n|switch|p2a: Toxicroak|Toxicroak, L84, F|277/277\n|turn|28\n|c|\u2606RL4T USN|pain\n|\n|t:|1728103275\n|move|p2a: Toxicroak|Gunk Shot|p1a: Dudunsparce|[miss]\n|-miss|p2a: Toxicroak|p1a: Dudunsparce\n|move|p1a: Dudunsparce|Boomburst|p2a: Toxicroak\n|-damage|p2a: Toxicroak|114/277\n|\n|-heal|p1a: Dudunsparce|172/343|[from] item: Leftovers\n|upkeep\n|turn|29\n|\n|t:|1728103289\n|move|p2a: Toxicroak|Gunk Shot|p1a: Dudunsparce\n|-supereffective|p1a: Dudunsparce\n|-damage|p1a: Dudunsparce|0 fnt\n|faint|p1a: Dudunsparce\n|-damage|p2a: Toxicroak|87/277|[from] item: Life Orb\n|\n|upkeep\n|\n|t:|1728103300\n|switch|p1a: Pyroar|Pyroar, L88, F|295/295\n|-ability|p1a: Pyroar|Unnerve\n|turn|30\n|-message|RL4T USN forfeited.\n|\n|win|JayClaw\n|raw|JayClaw's rating: 2383 &rarr; <strong>2396</strong><br />(+13 for winning)\n|raw|RL4T USN's rating: 2251 &rarr; <strong>2238</strong><br />(-13 for losing)\n|l|\u2606RL4T USN\n|player|p2|\n|l| saj king\n", "inputlog": ">version 86ae7daf8e420bb3f6c82a6a988ddcc1b1aa7e58\n>start {\"formatid\":\"gen9randombattle\",\"seed\":[39293,17929,7434,31525],\"rated\":\"Rated battle\"}\n>player p1 {\"name\":\"JayClaw\",\"avatar\":\"red\",\"rating\":2383,\"seed\":[48783,56321,21020,54800]}\n>player p2 {\"name\":\"RL4T USN\",\"avatar\":\"steven-masters4\",\"rating\":2251,\"seed\":[47620,6903,59336,45412]}\n>chat \u2606RL4T USN|glhf\n>p1 move closecombat\n>p2 switch 2\n>p1 switch 2\n>p2 move spikes\n>p1 move fireblast\n>p2 switch 5\n>p1 switch 5\n>p2 move recover\n>p1 move defog\n>p2 switch 2\n>p1 move leafstorm\n>p2 move xscissor\n>p1 switch 2\n>p2 move stoneaxe\n>p1 move zenheadbutt\n>p2 move closecombat\n>p2 switch 5\n>p1 switch 5\n>p2 move spikes\n>p1 switch 2\n>p2 switch 2\n>p1 move defog\n>p2 move gunkshot\n>p1 move leafstorm\n>p2 move gunkshot\n>p1 move leafstorm\n>p2 move toxicspikes\n>p2 switch 6\n>p1 move spiritshackle\n>p2 move dragondance\n>p1 move spiritshackle\n>p2 move dragondance\n>p1 move spiritshackle\n>p2 move roost\n>p1 move spiritshackle\n>p2 move roost\n>p1 move spiritshackle\n>p2 move roost\n>p1 move spiritshackle\n>p2 move earthquake\n>p1 switch 6\n>p1 move boomburst\n>p2 move dragondance\n>p1 move boomburst\n>p2 move roost terastallize\n>p1 move earthpower\n>p2 move roost\n>p1 move earthpower\n>p2 move dragondance\n>p1 move earthpower terastallize\n>p2 move roost\n>p1 move earthpower\n>p2 move roost\n>p1 move earthpower\n>p2 move roost\n>p1 move earthpower\n>p2 move earthquake\n>p2 switch 4\n>chat \u2606RL4T USN|pain\n>p1 move boomburst\n>p2 move gunkshot\n>p1 move boomburst\n>p2 move gunkshot\n>p1 switch 2\n>forcelose p2", "uploadtime": 1728103459, "views": 68, "formatid": "gen9randombattle", "rating": 2238, "private": 0, "password": null}