{"id": "gen9randombattle-2091986235", "format": "[Gen 9] Random Battle", "players": ["pokeblade\u2606101", "Speed World"], "log": "|j|\u2606pokeblade\u2606101\n|j|\u2606Speed World\n|t:|1711751354\n|gametype|singles\n|player|p1|pokeblade\u2606101|#rbtt7teamchiyu|2294\n|player|p2|Speed World|darach-caitlin|2304\n|teamsize|p1|6\n|teamsize|p2|6\n|gen|9\n|tier|[Gen 9] Random Battle\n|rated|\n|rule|Species Clause: Limit one of each Pok\u00e9mon\n|rule|HP Percentage Mod: HP is shown in percentages\n|rule|Sleep Clause Mod: Limit one foe put to sleep\n|rule|Illusion Level Mod: Illusion disguises the Pok\u00e9mon's true level\n|\n|t:|1711751354\n|start\n|switch|p1a: Zarude|Zarude-Dada, L78|292/292\n|switch|p2a: Pyroar|Pyroar, L88, F|295/295\n|-ability|p2a: Pyroar|Unnerve\n|turn|1\n|\n|t:|1711751383\n|switch|p1a: Chi-Yu|Chi-Yu, L77|211/211\n|-ability|p1a: Chi-Yu|Beads of Ruin\n|move|p2a: Pyroar|Fire Blast|p1a: Chi-Yu|[miss]\n|-miss|p2a: Pyroar|p1a: Chi-Yu\n|\n|upkeep\n|turn|2\n|\n|t:|1711751389\n|move|p2a: Pyroar|Hyper Voice|p1a: Chi-Yu\n|-damage|p1a: Chi-Yu|112/211\n|move|p1a: Chi-Yu|Dark Pulse|p2a: Pyroar\n|-damage|p2a: Pyroar|66/295\n|\n|upkeep\n|turn|3\n|\n|t:|1711751398\n|move|p2a: Pyroar|Hyper Voice|p1a: Chi-Yu\n|-damage|p1a: Chi-Yu|16/211\n|move|p1a: Chi-Yu|Dark Pulse|p2a: Pyroar\n|-damage|p2a: Pyroar|0 fnt\n|faint|p2a: Pyroar\n|\n|upkeep\n|\n|t:|1711751411\n|switch|p2a: Poliwrath|Poliwrath, L88, M|302/302\n|turn|4\n|\n|t:|1711751416\n|move|p1a: Chi-Yu|Dark Pulse|p2a: Poliwrath\n|-resisted|p2a: Poliwrath\n|-damage|p2a: Poliwrath|219/302\n|move|p2a: Poliwrath|Drain Punch|p1a: Chi-Yu\n|-supereffective|p1a: Chi-Yu\n|-damage|p1a: Chi-Yu|0 fnt\n|-heal|p2a: Poliwrath|227/302|[from] drain|[of] p1a: Chi-Yu\n|faint|p1a: Chi-Yu\n|\n|-heal|p2a: Poliwrath|245/302|[from] item: Leftovers\n|upkeep\n|\n|t:|1711751422\n|switch|p1a: Zarude|Zarude-Dada, L78|292/292\n|turn|5\n|\n|t:|1711751428\n|move|p1a: Zarude|Swords Dance|p1a: Zarude\n|-boost|p1a: Zarude|atk|2\n|move|p2a: Poliwrath|Drain Punch|p1a: Zarude\n|-supereffective|p1a: Zarude\n|-damage|p1a: Zarude|134/292\n|-heal|p2a: Poliwrath|302/302|[from] drain|[of] p1a: Zarude\n|\n|upkeep\n|turn|6\n|\n|t:|1711751431\n|move|p1a: Zarude|Power Whip|p2a: Poliwrath\n|-supereffective|p2a: Poliwrath\n|-damage|p2a: Poliwrath|0 fnt\n|faint|p2a: Poliwrath\n|-damage|p1a: Zarude|105/292|[from] item: Life Orb\n|\n|upkeep\n|\n|t:|1711751436\n|switch|p2a: Indeedee|Indeedee-F, L90, F|272/272\n|-fieldstart|move: Psychic Terrain|[from] ability: Psychic Surge|[of] p2a: Indeedee\n|turn|7\n|\n|t:|1711751444\n|switch|p1a: Necrozma|Necrozma-Dawn-Wings, L76|272/272\n|move|p2a: Indeedee|Hyper Voice|p1a: Necrozma\n|-immune|p1a: Necrozma\n|\n|upkeep\n|turn|8\n|\n|t:|1711751450\n|switch|p2a: Dewgong|Dewgong, L93, M|318/318\n|move|p1a: Necrozma|Photon Geyser|p2a: Dewgong\n|-damage|p2a: Dewgong|135/318\n|-damage|p1a: Necrozma|245/272|[from] item: Life Orb\n|\n|upkeep\n|turn|9\n|\n|t:|1711751457\n|switch|p1a: Zarude|Zarude-Dada, L78|105/292\n|move|p2a: Dewgong|Triple Axel|p1a: Zarude\n|-supereffective|p1a: Zarude\n|-damage|p1a: Zarude|67/292\n|-supereffective|p1a: Zarude\n|-damage|p1a: Zarude|0 fnt\n|faint|p1a: Zarude\n|-hitcount|p1: Zarude|2\n|\n|upkeep\n|\n|t:|1711751467\n|switch|p1a: Squawkabilly|Squawkabilly, L85, F|278/278\n|turn|10\n|\n|t:|1711751472\n|switch|p2a: Arcanine|Arcanine-Hisui, L82, M|290/290\n|move|p1a: Squawkabilly|Protect||[still]\n|-fail|p1a: Squawkabilly\n|\n|-status|p1a: Squawkabilly|brn|[from] item: Flame Orb\n|upkeep\n|turn|11\n|\n|t:|1711751478\n|switch|p1a: Orthworm|Orthworm, L88, M|266/266\n|move|p2a: Arcanine|Flare Blitz|p1a: Orthworm\n|-supereffective|p1a: Orthworm\n|-damage|p1a: Orthworm|92/266\n|\n|-heal|p1a: Orthworm|108/266|[from] item: Leftovers\n|-fieldend|move: Psychic Terrain\n|upkeep\n|turn|12\n|j| tubals\n|\n|t:|1711751491\n|move|p2a: Arcanine|Flare Blitz|p1a: Orthworm\n|-supereffective|p1a: Orthworm\n|-damage|p1a: Orthworm|0 fnt\n|faint|p1a: Orthworm\n|\n|upkeep\n|\n|t:|1711751492\n|switch|p1a: Necrozma|Necrozma-Dawn-Wings, L76|245/272\n|turn|13\n|\n|t:|1711751497\n|move|p2a: Arcanine|Head Smash|p1a: Necrozma\n|-damage|p1a: Necrozma|82/272\n|move|p1a: Necrozma|Trick Room|p1a: Necrozma\n|-fieldstart|move: Trick Room|[of] p1a: Necrozma\n|\n|upkeep\n|turn|14\n|\n|t:|1711751503\n|move|p1a: Necrozma|Photon Geyser|p2a: Arcanine\n|-damage|p2a: Arcanine|117/290\n|-damage|p1a: Necrozma|55/272|[from] item: Life Orb\n|move|p2a: Arcanine|Flare Blitz|p1a: Necrozma\n|-damage|p1a: Necrozma|0 fnt\n|faint|p1a: Necrozma\n|\n|upkeep\n|\n|t:|1711751508\n|switch|p1a: Gogoat|Gogoat, L88, M|360/360\n|turn|15\n|\n|t:|1711751533\n|switch|p2a: Torterra|Torterra, L79, M|280/280\n|move|p1a: Gogoat|Earthquake|p2a: Torterra\n|-resisted|p2a: Torterra\n|-damage|p2a: Torterra|240/280\n|\n|upkeep\n|turn|16\n|\n|t:|1711751538\n|move|p2a: Torterra|Rock Blast|p1a: Gogoat\n|-damage|p1a: Gogoat|339/360\n|-damage|p1a: Gogoat|318/360\n|-damage|p1a: Gogoat|297/360\n|-damage|p1a: Gogoat|275/360\n|-damage|p1a: Gogoat|252/360\n|-hitcount|p1a: Gogoat|5\n|move|p1a: Gogoat|Bulk Up|p1a: Gogoat\n|-boost|p1a: Gogoat|atk|1\n|-boost|p1a: Gogoat|def|1\n|\n|-heal|p1a: Gogoat|274/360|[from] item: Leftovers\n|upkeep\n|turn|17\n|\n|t:|1711751542\n|switch|p2a: Dewgong|Dewgong, L93, M|135/318\n|move|p1a: Gogoat|Bulk Up|p1a: Gogoat\n|-boost|p1a: Gogoat|atk|1\n|-boost|p1a: Gogoat|def|1\n|\n|-heal|p1a: Gogoat|296/360|[from] item: Leftovers\n|-fieldend|move: Trick Room\n|upkeep\n|turn|18\n|\n|t:|1711751545\n|switch|p1a: Squawkabilly|Squawkabilly, L85, F|278/278 brn\n|move|p2a: Dewgong|Encore||[still]\n|-fail|p2a: Dewgong\n|\n|-damage|p1a: Squawkabilly|261/278 brn|[from] brn\n|upkeep\n|turn|19\n|\n|t:|1711751551\n|switch|p2a: Torterra|Torterra, L79, M|240/280\n|move|p1a: Squawkabilly|Facade|p2a: Torterra\n|-damage|p2a: Torterra|21/280\n|\n|-damage|p1a: Squawkabilly|244/278 brn|[from] brn\n|upkeep\n|turn|20\n|\n|t:|1711751554\n|move|p1a: Squawkabilly|Facade|p2a: Torterra\n|-damage|p2a: Torterra|0 fnt\n|faint|p2a: Torterra\n|\n|-damage|p1a: Squawkabilly|227/278 brn|[from] brn\n|upkeep\n|\n|t:|1711751559\n|switch|p2a: Indeedee|Indeedee-F, L90, F|272/272\n|-fieldstart|move: Psychic Terrain|[from] ability: Psychic Surge|[of] p2a: Indeedee\n|turn|21\n|\n|t:|1711751566\n|-terastallize|p1a: Squawkabilly|Normal\n|move|p2a: Indeedee|Healing Wish|p2a: Indeedee\n|faint|p2a: Indeedee\n|move|p1a: Squawkabilly|Facade|p2: Indeedee|[notarget]\n|-fail|p1a: Squawkabilly\n|\n|-damage|p1a: Squawkabilly|210/278 brn|[from] brn\n|upkeep\n|\n|t:|1711751568\n|switch|p2a: Arcanine|Arcanine-Hisui, L82, M|117/290\n|-heal|p2a: Arcanine|290/290|[from] move: Healing Wish\n|turn|22\n|\n|t:|1711751571\n|move|p1a: Squawkabilly|Facade|p2a: Arcanine\n|-resisted|p2a: Arcanine\n|-damage|p2a: Arcanine|130/290\n|move|p2a: Arcanine|Flare Blitz|p1a: Squawkabilly\n|-damage|p1a: Squawkabilly|21/278 brn\n|\n|-damage|p1a: Squawkabilly|4/278 brn|[from] brn\n|upkeep\n|turn|23\n|\n|t:|1711751577\n|switch|p1a: Gogoat|Gogoat, L88, M|296/360\n|switch|p2a: Dewgong|Dewgong, L93, M|135/318\n|\n|-heal|p1a: Gogoat|318/360|[from] item: Leftovers\n|upkeep\n|turn|24\n|\n|t:|1711751585\n|switch|p2a: Arcanine|Arcanine-Hisui, L82, M|130/290\n|move|p1a: Gogoat|Horn Leech|p2a: Arcanine\n|-damage|p2a: Arcanine|34/290\n|-heal|p1a: Gogoat|360/360|[from] drain|[of] p2a: Arcanine\n|\n|upkeep\n|turn|25\n|\n|t:|1711751589\n|move|p2a: Arcanine|Flare Blitz|p1a: Gogoat\n|-supereffective|p1a: Gogoat\n|-damage|p1a: Gogoat|4/360\n|move|p1a: Gogoat|Horn Leech|p2a: Arcanine\n|-damage|p2a: Arcanine|0 fnt\n|-heal|p1a: Gogoat|21/360|[from] drain|[of] p2a: Arcanine\n|faint|p2a: Arcanine\n|\n|-heal|p1a: Gogoat|43/360|[from] item: Leftovers\n|-fieldend|move: Psychic Terrain\n|upkeep\n|\n|t:|1711751591\n|switch|p2a: Dewgong|Dewgong, L93, M|135/318\n|turn|26\n|\n|t:|1711751594\n|move|p2a: Dewgong|Knock Off|p1a: Gogoat\n|-damage|p1a: Gogoat|0 fnt\n|-enditem|p1a: Gogoat|Leftovers|[from] move: Knock Off|[of] p2a: Dewgong\n|faint|p1a: Gogoat\n|\n|upkeep\n|\n|t:|1711751596\n|switch|p1a: Squawkabilly|Squawkabilly, L85, F, tera:Normal|4/278 brn\n|turn|27\n|\n|t:|1711751601\n|move|p1a: Squawkabilly|Facade|p2a: Dewgong\n|-damage|p2a: Dewgong|0 fnt\n|faint|p2a: Dewgong\n|\n|win|pokeblade\u2606101\n|raw|pokeblade\u2606101's rating: 2294 &rarr; <strong>2315</strong><br />(+21 for winning)\n|raw|Speed World's rating: 2304 &rarr; <strong>2283</strong><br />(-21 for losing)\n|l|\u2606Speed World\n|player|p2|\n", "inputlog": ">version 2900dc167fef168b2118e614d150189f9391c44b\n>start {\"formatid\":\"gen9randombattle\",\"seed\":[47490,8203,996,56464],\"rated\":\"Rated battle\"}\n>player p1 {\"name\":\"pokeblade\u2606101\",\"avatar\":\"#rbtt7teamchiyu\",\"rating\":2294,\"seed\":[29180,15189,47193,11971]}\n>player p2 {\"name\":\"Speed World\",\"avatar\":\"darach-caitlin\",\"rating\":2304,\"seed\":[39697,31875,47528,23348]}\n>p1 switch 3\n>p2 move fireblast\n>p1 move darkpulse\n>p2 move hypervoice\n>p1 move darkpulse\n>p2 move hypervoice\n>p2 switch 6\n>p1 move darkpulse\n>p2 move drainpunch\n>p1 switch 3\n>p1 move swordsdance\n>p2 move drainpunch\n>p1 move powerwhip\n>p2 move drainpunch\n>p2 switch 5\n>p1 switch 4\n>p2 move hypervoice\n>p1 move photongeyser\n>p2 switch 3\n>p1 switch 4\n>p2 move tripleaxel\n>p1 switch 6\n>p1 move protect\n>p2 switch 4\n>p1 switch 5\n>p2 move flareblitz\n>p1 move stealthrock\n>p2 move flareblitz\n>p1 switch 4\n>p1 move trickroom\n>p2 move headsmash\n>p1 move photongeyser\n>p2 move flareblitz\n>p1 switch 2\n>p1 move earthquake\n>p2 switch 2\n>p1 move bulkup\n>p2 move rockblast\n>p1 move bulkup\n>p2 switch 4\n>p1 switch 5\n>p2 move encore\n>p1 move facade\n>p2 switch 4\n>p1 move facade\n>p2 move shellsmash\n>p2 switch 3\n>p1 move facade terastallize\n>p2 move healingwish\n>p2 switch 2\n>p1 move facade\n>p2 move flareblitz\n>p1 switch 5\n>p2 switch 4\n>p1 move hornleech\n>p2 switch 4\n>p1 move hornleech\n>p2 move flareblitz\n>p2 switch 4\n>p1 move hornleech\n>p2 move knockoff\n>p1 switch 5\n>p1 move facade\n>p2 move surf", "uploadtime": 1711751655, "views": 275, "formatid": "gen9randombattle", "rating": 2283, "private": 0, "password": null}