{"id": "gen9randombattle-2259805188", "format": "[Gen 9] Random Battle", "players": ["Mensur59", "BlueCatWhiteHat"], "log": "|j|\u2606Mensur59\n|j|\u2606BlueCatWhiteHat\n|t:|1733768459\n|gametype|singles\n|player|p1|Mensur59|169|1366\n|player|p2|BlueCatWhiteHat|ghetsis-gen5bw|1351\n|teamsize|p1|6\n|teamsize|p2|6\n|gen|9\n|tier|[Gen 9] Random Battle\n|rated|\n|rule|Species Clause: Limit one of each Pok\u00e9mon\n|rule|HP Percentage Mod: HP is shown in percentages\n|rule|Sleep Clause Mod: Limit one foe put to sleep\n|rule|Illusion Level Mod: Illusion disguises the Pok\u00e9mon's true level\n|\n|t:|1733768459\n|start\n|switch|p1a: Minior|Minior-Orange, L79|224/224\n|switch|p2a: Meowstic|Meowstic, L89, M|277/277\n|-formechange|p1a: Minior|Minior-Meteor||[from] ability: Shields Down\n|turn|1\n|inactive|Battle timer is ON: inactive players will automatically lose when time's up. (requested by BlueCatWhiteHat)\n|\n|t:|1733768472\n|move|p2a: Meowstic|Reflect|p2a: Meowstic\n|-sidestart|p2: BlueCatWhiteHat|Reflect\n|move|p1a: Minior|Shell Smash|p1a: Minior\n|-unboost|p1a: Minior|def|1\n|-unboost|p1a: Minior|spd|1\n|-boost|p1a: Minior|atk|2\n|-boost|p1a: Minior|spa|2\n|-boost|p1a: Minior|spe|2\n|-enditem|p1a: Minior|White Herb\n|-clearnegativeboost|p1a: Minior|[silent]\n|\n|upkeep\n|turn|2\n|\n|t:|1733768494\n|move|p2a: Meowstic|Yawn|p1a: Minior\n|-immune|p1a: Minior|[from] ability: Shields Down\n|move|p1a: Minior|Acrobatics|p2a: Meowstic\n|-damage|p2a: Meowstic|207/277\n|\n|upkeep\n|turn|3\n|\n|t:|1733768501\n|move|p2a: Meowstic|Light Screen|p2a: Meowstic\n|-sidestart|p2: BlueCatWhiteHat|move: Light Screen\n|move|p1a: Minior|Earthquake|p2a: Meowstic\n|-damage|p2a: Meowstic|158/277\n|\n|upkeep\n|turn|4\n|\n|t:|1733768515\n|move|p1a: Minior|Acrobatics|p2a: Meowstic\n|-damage|p2a: Meowstic|82/277\n|move|p2a: Meowstic|Psychic Noise|p1a: Minior\n|-damage|p1a: Minior|146/224\n|-start|p1a: Minior|move: Heal Block\n|\n|upkeep\n|turn|5\n|\n|t:|1733768525\n|switch|p2a: Sableye|Sableye, L89, F|234/234\n|move|p1a: Minior|Acrobatics|p2a: Sableye\n|-damage|p2a: Sableye|153/234\n|\n|-heal|p2a: Sableye|167/234|[from] item: Leftovers\n|-end|p1a: Minior|move: Heal Block\n|upkeep\n|turn|6\n|\n|t:|1733768536\n|move|p1a: Minior|Acrobatics|p2a: Sableye\n|-damage|p2a: Sableye|94/234\n|move|p2a: Sableye|Knock Off|p1a: Minior\n|-damage|p1a: Minior|83/224\n|\n|-heal|p2a: Sableye|108/234|[from] item: Leftovers\n|-formechange|p1a: Minior|Minior-Orange||[from] ability: Shields Down\n|upkeep\n|turn|7\n|\n|t:|1733768543\n|move|p2a: Sableye|Will-O-Wisp|p1a: Minior\n|-status|p1a: Minior|brn\n|move|p1a: Minior|Acrobatics|p2a: Sableye\n|-damage|p2a: Sableye|53/234\n|\n|-heal|p2a: Sableye|67/234|[from] item: Leftovers\n|-damage|p1a: Minior|69/224 brn|[from] brn\n|upkeep\n|turn|8\n|\n|t:|1733768550\n|move|p2a: Sableye|Recover|p2a: Sableye\n|-heal|p2a: Sableye|184/234\n|move|p1a: Minior|Acrobatics|p2a: Sableye\n|-damage|p2a: Sableye|130/234\n|\n|-heal|p2a: Sableye|144/234|[from] item: Leftovers\n|-damage|p1a: Minior|55/224 brn|[from] brn\n|-sideend|p2: BlueCatWhiteHat|Reflect\n|upkeep\n|turn|9\n|\n|t:|1733768576\n|move|p2a: Sableye|Encore|p1a: Minior\n|-start|p1a: Minior|Encore\n|move|p1a: Minior|Acrobatics|p2a: Sableye\n|-damage|p2a: Sableye|23/234\n|\n|-heal|p2a: Sableye|37/234|[from] item: Leftovers\n|-damage|p1a: Minior|41/224 brn|[from] brn\n|upkeep\n|turn|10\n|\n|t:|1733768596\n|move|p2a: Sableye|Recover|p2a: Sableye\n|-heal|p2a: Sableye|154/234\n|move|p1a: Minior|Acrobatics|p2a: Sableye\n|-damage|p2a: Sableye|48/234\n|\n|-heal|p2a: Sableye|62/234|[from] item: Leftovers\n|-damage|p1a: Minior|27/224 brn|[from] brn\n|-sideend|p2: BlueCatWhiteHat|move: Light Screen\n|upkeep\n|turn|11\n|\n|t:|1733768602\n|move|p2a: Sableye|Recover|p2a: Sableye\n|-heal|p2a: Sableye|179/234\n|move|p1a: Minior|Acrobatics|p2a: Sableye\n|-damage|p2a: Sableye|73/234\n|\n|-heal|p2a: Sableye|87/234|[from] item: Leftovers\n|-damage|p1a: Minior|13/224 brn|[from] brn\n|-end|p1a: Minior|Encore\n|upkeep\n|turn|12\n|\n|t:|1733768609\n|move|p2a: Sableye|Recover|p2a: Sableye\n|-heal|p2a: Sableye|204/234\n|move|p1a: Minior|Acrobatics|p2a: Sableye\n|-damage|p2a: Sableye|90/234\n|\n|-heal|p2a: Sableye|104/234|[from] item: Leftovers\n|-damage|p1a: Minior|0 fnt|[from] brn\n|faint|p1a: Minior\n|upkeep\n|\n|t:|1733768623\n|switch|p1a: Masquerain|Masquerain, L87, F|264/264\n|-ability|p1a: Masquerain|Intimidate|boost\n|-unboost|p2a: Sableye|atk|1\n|turn|13\n|\n|t:|1733768640\n|move|p2a: Sableye|Recover|p2a: Sableye\n|-heal|p2a: Sableye|221/234\n|move|p1a: Masquerain|Sticky Web|p2a: Sableye\n|-sidestart|p2: BlueCatWhiteHat|move: Sticky Web\n|\n|-heal|p2a: Sableye|234/234|[from] item: Leftovers\n|upkeep\n|turn|14\n|\n|t:|1733768647\n|move|p2a: Sableye|Encore|p1a: Masquerain\n|-start|p1a: Masquerain|Encore\n|move|p1a: Masquerain|Sticky Web||[still]\n|-fail|p1a: Masquerain\n|\n|upkeep\n|turn|15\n|\n|t:|1733768668\n|switch|p1a: Basculin|Basculin, L86, M|261/261\n|move|p2a: Sableye|Knock Off|p1a: Basculin\n|-damage|p1a: Basculin|185/261\n|-enditem|p1a: Basculin|Choice Band|[from] move: Knock Off|[of] p2a: Sableye\n|\n|upkeep\n|turn|16\n|\n|t:|1733768685\n|move|p2a: Sableye|Will-O-Wisp|p1a: Basculin\n|-status|p1a: Basculin|brn\n|move|p1a: Basculin|Wave Crash|p2a: Sableye\n|-damage|p2a: Sableye|135/234\n|-damage|p1a: Basculin|152/261 brn|[from] Recoil\n|\n|-heal|p2a: Sableye|149/234|[from] item: Leftovers\n|-damage|p1a: Basculin|136/261 brn|[from] brn\n|upkeep\n|turn|17\n|\n|t:|1733768705\n|switch|p2a: Primarina|Primarina, L83, M|268/268\n|-activate|p2a: Primarina|move: Sticky Web\n|-unboost|p2a: Primarina|spe|1\n|move|p1a: Basculin|Wave Crash|p2a: Primarina\n|-resisted|p2a: Primarina\n|-damage|p2a: Primarina|221/268\n|-damage|p1a: Basculin|120/261 brn|[from] Recoil\n|\n|-heal|p2a: Primarina|237/268|[from] item: Leftovers\n|-damage|p1a: Basculin|104/261 brn|[from] brn\n|upkeep\n|turn|18\n|\n|t:|1733768712\n|move|p1a: Basculin|Double-Edge|p2a: Primarina\n|-damage|p2a: Primarina|185/268\n|-damage|p1a: Basculin|87/261 brn|[from] Recoil\n|move|p2a: Primarina|Calm Mind|p2a: Primarina\n|-boost|p2a: Primarina|spa|1\n|-boost|p2a: Primarina|spd|1\n|\n|-heal|p2a: Primarina|201/268|[from] item: Leftovers\n|-damage|p1a: Basculin|71/261 brn|[from] brn\n|upkeep\n|turn|19\n|\n|t:|1733768717\n|move|p1a: Basculin|Double-Edge|p2a: Primarina\n|-damage|p2a: Primarina|155/268\n|-damage|p1a: Basculin|56/261 brn|[from] Recoil\n|move|p2a: Primarina|Calm Mind|p2a: Primarina\n|-boost|p2a: Primarina|spa|1\n|-boost|p2a: Primarina|spd|1\n|\n|-heal|p2a: Primarina|171/268|[from] item: Leftovers\n|-damage|p1a: Basculin|40/261 brn|[from] brn\n|upkeep\n|turn|20\n|\n|t:|1733768726\n|move|p1a: Basculin|Double-Edge|p2a: Primarina\n|-damage|p2a: Primarina|124/268\n|-damage|p1a: Basculin|24/261 brn|[from] Recoil\n|move|p2a: Primarina|Draining Kiss|p1a: Basculin\n|-damage|p1a: Basculin|0 fnt\n|-heal|p2a: Primarina|142/268|[from] drain|[of] p1a: Basculin\n|faint|p1a: Basculin\n|\n|-heal|p2a: Primarina|158/268|[from] item: Leftovers\n|upkeep\n|\n|t:|1733768730\n|switch|p1a: Toxtricity|Toxtricity, L82, F|257/257\n|turn|21\n|\n|t:|1733768742\n|-terastallize|p2a: Primarina|Steel\n|move|p1a: Toxtricity|Overdrive|p2a: Primarina\n|-damage|p2a: Primarina|113/268\n|-enditem|p1a: Toxtricity|Throat Spray\n|-boost|p1a: Toxtricity|spa|1|[from] item: Throat Spray\n|move|p2a: Primarina|Psychic|p1a: Toxtricity\n|-supereffective|p1a: Toxtricity\n|-damage|p1a: Toxtricity|0 fnt\n|faint|p1a: Toxtricity\n|\n|-heal|p2a: Primarina|129/268|[from] item: Leftovers\n|upkeep\n|\n|t:|1733768756\n|switch|p1a: Golurk|Golurk, L87|297/297\n|turn|22\n|\n|t:|1733768766\n|move|p1a: Golurk|Earthquake|p2a: Primarina\n|-supereffective|p2a: Primarina\n|-damage|p2a: Primarina|0 fnt\n|faint|p2a: Primarina\n|-damage|p1a: Golurk|268/297|[from] item: Life Orb\n|\n|upkeep\n|\n|t:|1733768771\n|switch|p2a: Sableye|Sableye, L89, F|149/234\n|-activate|p2a: Sableye|move: Sticky Web\n|-unboost|p2a: Sableye|spe|1\n|turn|23\n|\n|t:|1733768774\n|move|p2a: Sableye|Will-O-Wisp|p1a: Golurk\n|-status|p1a: Golurk|brn\n|move|p1a: Golurk|Poltergeist|p2a: Sableye\n|-activate|p2a: Sableye|move: Poltergeist|Leftovers\n|-damage|p2a: Sableye|45/234\n|-damage|p1a: Golurk|239/297 brn|[from] item: Life Orb\n|\n|-heal|p2a: Sableye|59/234|[from] item: Leftovers\n|-damage|p1a: Golurk|221/297 brn|[from] brn\n|upkeep\n|turn|24\n|\n|t:|1733768782\n|move|p2a: Sableye|Recover|p2a: Sableye\n|-heal|p2a: Sableye|176/234\n|move|p1a: Golurk|Poltergeist|p2a: Sableye\n|-activate|p2a: Sableye|move: Poltergeist|Leftovers\n|-damage|p2a: Sableye|68/234\n|-damage|p1a: Golurk|192/297 brn|[from] item: Life Orb\n|\n|-heal|p2a: Sableye|82/234|[from] item: Leftovers\n|-damage|p1a: Golurk|174/297 brn|[from] brn\n|upkeep\n|turn|25\n|\n|t:|1733768793\n|move|p2a: Sableye|Recover|p2a: Sableye\n|-heal|p2a: Sableye|199/234\n|move|p1a: Golurk|Poltergeist|p2a: Sableye\n|-activate|p2a: Sableye|move: Poltergeist|Leftovers\n|-damage|p2a: Sableye|92/234\n|-damage|p1a: Golurk|145/297 brn|[from] item: Life Orb\n|\n|-heal|p2a: Sableye|106/234|[from] item: Leftovers\n|-damage|p1a: Golurk|127/297 brn|[from] brn\n|upkeep\n|turn|26\n|\n|t:|1733768801\n|move|p1a: Golurk|Poltergeist|p2a: Sableye\n|-activate|p2a: Sableye|move: Poltergeist|Leftovers\n|-damage|p2a: Sableye|5/234\n|-damage|p1a: Golurk|98/297 brn|[from] item: Life Orb\n|move|p2a: Sableye|Knock Off|p1a: Golurk\n|-supereffective|p1a: Golurk\n|-damage|p1a: Golurk|0 fnt\n|-enditem|p1a: Golurk|Life Orb|[from] move: Knock Off|[of] p2a: Sableye\n|faint|p1a: Golurk\n|\n|-heal|p2a: Sableye|19/234|[from] item: Leftovers\n|upkeep\n|\n|t:|1733768814\n|switch|p1a: Arceus|Arceus-Electric, L70|284/284\n|turn|27\n|\n|t:|1733768820\n|move|p2a: Sableye|Will-O-Wisp|p1a: Arceus\n|-status|p1a: Arceus|brn\n|move|p1a: Arceus|Calm Mind|p1a: Arceus\n|-boost|p1a: Arceus|spa|1\n|-boost|p1a: Arceus|spd|1\n|\n|-heal|p2a: Sableye|33/234|[from] item: Leftovers\n|-damage|p1a: Arceus|267/284 brn|[from] brn\n|upkeep\n|turn|28\n|\n|t:|1733768827\n|move|p2a: Sableye|Encore|p1a: Arceus\n|-start|p1a: Arceus|Encore\n|move|p1a: Arceus|Calm Mind|p1a: Arceus\n|-boost|p1a: Arceus|spa|1\n|-boost|p1a: Arceus|spd|1\n|\n|-heal|p2a: Sableye|47/234|[from] item: Leftovers\n|-damage|p1a: Arceus|250/284 brn|[from] brn\n|upkeep\n|turn|29\n|\n|t:|1733768829\n|move|p2a: Sableye|Recover|p2a: Sableye\n|-heal|p2a: Sableye|164/234\n|move|p1a: Arceus|Calm Mind|p1a: Arceus\n|-boost|p1a: Arceus|spa|1\n|-boost|p1a: Arceus|spd|1\n|\n|-heal|p2a: Sableye|178/234|[from] item: Leftovers\n|-damage|p1a: Arceus|233/284 brn|[from] brn\n|upkeep\n|turn|30\n|\n|t:|1733768835\n|move|p1a: Arceus|Calm Mind|p1a: Arceus\n|-boost|p1a: Arceus|spa|1\n|-boost|p1a: Arceus|spd|1\n|move|p2a: Sableye|Knock Off|p1a: Arceus\n|-damage|p1a: Arceus|173/284 brn\n|\n|-heal|p2a: Sableye|192/234|[from] item: Leftovers\n|-damage|p1a: Arceus|156/284 brn|[from] brn\n|-end|p1a: Arceus|Encore\n|upkeep\n|turn|31\n|\n|t:|1733768840\n|move|p2a: Sableye|Encore|p1a: Arceus\n|-start|p1a: Arceus|Encore\n|move|p1a: Arceus|Calm Mind|p1a: Arceus\n|-boost|p1a: Arceus|spa|1\n|-boost|p1a: Arceus|spd|1\n|\n|-heal|p2a: Sableye|206/234|[from] item: Leftovers\n|-damage|p1a: Arceus|139/284 brn|[from] brn\n|upkeep\n|turn|32\n|\n|t:|1733768844\n|switch|p1a: Masquerain|Masquerain, L87, F|264/264\n|-ability|p1a: Masquerain|Intimidate|boost\n|-unboost|p2a: Sableye|atk|1\n|move|p2a: Sableye|Knock Off|p1a: Masquerain\n|-damage|p1a: Masquerain|189/264\n|-enditem|p1a: Masquerain|Heavy-Duty Boots|[from] move: Knock Off|[of] p2a: Sableye\n|\n|-heal|p2a: Sableye|220/234|[from] item: Leftovers\n|upkeep\n|turn|33\n|\n|t:|1733768854\n|move|p2a: Sableye|Will-O-Wisp|p1a: Masquerain|[miss]\n|-miss|p2a: Sableye|p1a: Masquerain\n|move|p1a: Masquerain|Hydro Pump|p2a: Sableye|[miss]\n|-miss|p1a: Masquerain|p2a: Sableye\n|\n|-heal|p2a: Sableye|234/234|[from] item: Leftovers\n|upkeep\n|turn|34\n|l|\u2606Mensur59\n|inactive|Mensur59 disconnected and has a minute to reconnect!\n|player|p1|\n|inactive|Mensur59 has 30 seconds to reconnect!\n|inactive|Mensur59 has 20 seconds to reconnect!\n|inactive|Mensur59 has 15 seconds to reconnect!\n|c|\u2606BlueCatWhiteHat|Ez\n|inactive|Mensur59 has 10 seconds to reconnect!\n|inactive|Mensur59 has 5 seconds to reconnect!\n|-message|Mensur59 lost due to inactivity.\n|\n|win|BlueCatWhiteHat\n|raw|Mensur59's rating: 1366 &rarr; <strong>1345</strong><br />(-21 for losing)\n|raw|BlueCatWhiteHat's rating: 1351 &rarr; <strong>1372</strong><br />(+21 for winning)\n", "inputlog": ">version bfd83cad13791eb5a5a409923076391caf6fb4d4\n>start {\"formatid\":\"gen9randombattle\",\"seed\":[37024,5723,56560,46060],\"rated\":\"Rated battle\"}\n>player p1 {\"name\":\"Mensur59\",\"avatar\":\"169\",\"rating\":1366,\"seed\":[24071,43110,9120,45009]}\n>player p2 {\"name\":\"BlueCatWhiteHat\",\"avatar\":\"ghetsis-gen5bw\",\"rating\":1351,\"seed\":[58574,48396,17966,39241]}\n>p1 move shellsmash\n>p2 move reflect\n>p1 move acrobatics\n>p2 move yawn\n>p1 move earthquake\n>p2 move lightscreen\n>p1 move acrobatics\n>p2 move psychicnoise\n>p1 move acrobatics\n>p2 switch 4\n>p1 move acrobatics\n>p2 move knockoff\n>p1 move acrobatics\n>p2 move willowisp\n>p1 move acrobatics\n>p2 move recover\n>p1 move shellsmash\n>p2 move encore\n>p1 move acrobatics\n>p2 move recover\n>p1 move acrobatics\n>p2 move recover\n>p1 move acrobatics\n>p2 move recover\n>p1 switch 3\n>p1 move stickyweb\n>p2 move recover\n>p1 move stunspore\n>p2 move encore\n>p1 switch 6\n>p2 move knockoff\n>p1 move wavecrash\n>p2 move willowisp\n>p1 move wavecrash\n>p2 switch 3\n>p1 move doubleedge\n>p2 move calmmind\n>p1 move doubleedge\n>p2 move calmmind\n>p1 move doubleedge\n>p2 move drainingkiss\n>p1 switch 4\n>p1 move overdrive\n>p2 move psychic terastallize\n>p1 switch 5\n>p1 move earthquake\n>p2 move sparklingaria\n>p2 switch 3\n>p1 move poltergeist\n>p2 move willowisp\n>p1 move poltergeist\n>p2 move recover\n>p1 move poltergeist\n>p2 move recover\n>p1 move poltergeist\n>p2 move knockoff\n>p1 switch 2\n>p1 move calmmind\n>p2 move willowisp\n>p1 move calmmind\n>p2 move encore\n>p1 move calmmind\n>p2 move recover\n>p1 move calmmind\n>p2 move knockoff\n>p1 move recover\n>p2 move encore\n>p1 switch 6\n>p2 move knockoff\n>p1 move hydropump\n>p2 move willowisp\n>chat \u2606BlueCatWhiteHat|Ez\n>forcelose p1", "uploadtime": 1733768926, "views": 1, "formatid": "gen9randombattle", "rating": 1345, "private": 0, "password": null}