{"id": "gen9randombattle-2211637608", "format": "[Gen 9] Random Battle", "players": ["R3LT chiefbeef1234", "Magikarpitalism"], "log": "|badge|p1|bronze|gen9randombattle|100-2\n|html|<div class=\"broadcast-red\"><strong>This battle is required to be public due to one or more player having a season medal.</strong><br />During the public phase, you can discuss the state of the ladder <a href=\"/seasondiscussion\">in a special chatroom.</a></div>\n|uhtml|medal-msg|<div class=\"broadcast-blue\">Curious what those medals under the avatar are? PS now has Ladder Seasons! For more information, check out the <a href=\"https://www.smogon.com/forums/threads/3740067/\">thread on Smogon.</a></div>\n|j|\u2606R3LT chiefbeef1234\n|j|\u2606Magikarpitalism\n|t:|1727544743\n|gametype|singles\n|player|p1|R3LT chiefbeef1234|shadowtriad|2275\n|player|p2|Magikarpitalism|adaman|2206\n|teamsize|p1|6\n|teamsize|p2|6\n|gen|9\n|tier|[Gen 9] Random Battle\n|rated|\n|rule|Species Clause: Limit one of each Pok\u00e9mon\n|rule|HP Percentage Mod: HP is shown in percentages\n|rule|Sleep Clause Mod: Limit one foe put to sleep\n|rule|Illusion Level Mod: Illusion disguises the Pok\u00e9mon's true level\n|\n|t:|1727544743\n|start\n|switch|p1a: Shiftry|Shiftry, L89, M|305/305\n|switch|p2a: Orthworm|Orthworm, L88, M|266/266\n|turn|1\n|inactive|Battle timer is ON: inactive players will automatically lose when time's up. (requested by R3LT chiefbeef1234)\n|\n|t:|1727544758\n|switch|p1a: Basculegion|Basculegion-F, L83, F|335/335\n|move|p2a: Orthworm|Stealth Rock|p1a: Basculegion\n|-sidestart|p1: R3LT chiefbeef1234|move: Stealth Rock\n|\n|upkeep\n|turn|2\n|\n|t:|1727544763\n|move|p1a: Basculegion|Hydro Pump|p2a: Orthworm\n|-damage|p2a: Orthworm|0 fnt\n|faint|p2a: Orthworm\n|\n|upkeep\n|\n|t:|1727544769\n|switch|p2a: Galvantula|Galvantula, L82, F|249/249\n|turn|3\n|\n|t:|1727544771\n|move|p2a: Galvantula|Sticky Web|p1a: Basculegion\n|-sidestart|p1: R3LT chiefbeef1234|move: Sticky Web\n|move|p1a: Basculegion|Hydro Pump|p2a: Galvantula\n|-damage|p2a: Galvantula|0 fnt\n|faint|p2a: Galvantula\n|\n|upkeep\n|\n|t:|1727544774\n|switch|p2a: Drednaw|Drednaw, L81, F|278/278\n|turn|4\n|\n|t:|1727544792\n|move|p1a: Basculegion|Hydro Pump|p2a: Drednaw|[miss]\n|-miss|p1a: Basculegion|p2a: Drednaw\n|move|p2a: Drednaw|Shell Smash|p2a: Drednaw\n|-unboost|p2a: Drednaw|def|1\n|-unboost|p2a: Drednaw|spd|1\n|-boost|p2a: Drednaw|atk|2\n|-boost|p2a: Drednaw|spa|2\n|-boost|p2a: Drednaw|spe|2\n|-enditem|p2a: Drednaw|White Herb\n|-clearnegativeboost|p2a: Drednaw|[silent]\n|\n|upkeep\n|turn|5\n|\n|t:|1727544794\n|move|p2a: Drednaw|Stone Edge|p1a: Basculegion\n|-damage|p1a: Basculegion|38/335\n|move|p1a: Basculegion|Hydro Pump|p2a: Drednaw|[miss]\n|-miss|p1a: Basculegion|p2a: Drednaw\n|\n|upkeep\n|turn|6\n|\n|t:|1727544803\n|move|p2a: Drednaw|Liquidation|p1a: Basculegion\n|-resisted|p1a: Basculegion\n|-damage|p1a: Basculegion|0 fnt\n|faint|p1a: Basculegion\n|\n|upkeep\n|\n|t:|1727544806\n|switch|p1a: Bellossom|Bellossom, L84, F|263/263\n|-damage|p1a: Bellossom|231/263|[from] Stealth Rock\n|-activate|p1a: Bellossom|move: Sticky Web\n|-unboost|p1a: Bellossom|spe|1\n|turn|7\n|\n|t:|1727544809\n|move|p2a: Drednaw|Stone Edge|p1a: Bellossom|[miss]\n|-miss|p2a: Drednaw|p1a: Bellossom\n|move|p1a: Bellossom|Giga Drain|p2a: Drednaw\n|-supereffective|p2a: Drednaw\n|-damage|p2a: Drednaw|0 fnt\n|-heal|p1a: Bellossom|263/263|[from] drain|[of] p2a: Drednaw\n|faint|p2a: Drednaw\n|\n|upkeep\n|j| Togekiss2000\n|\n|t:|1727544820\n|switch|p2a: Oranguru|Oranguru, L92, F|315/315\n|turn|8\n|\n|t:|1727544825\n|move|p2a: Oranguru|Nasty Plot|p2a: Oranguru\n|-boost|p2a: Oranguru|spa|2\n|move|p1a: Bellossom|Quiver Dance|p1a: Bellossom\n|-boost|p1a: Bellossom|spa|1\n|-boost|p1a: Bellossom|spd|1\n|-boost|p1a: Bellossom|spe|1\n|\n|upkeep\n|turn|9\n|\n|t:|1727544828\n|switch|p1a: Shiftry|Shiftry, L89, M|305/305\n|-damage|p1a: Shiftry|267/305|[from] Stealth Rock\n|-activate|p1a: Shiftry|move: Sticky Web\n|-unboost|p1a: Shiftry|spe|1\n|move|p2a: Oranguru|Psyshock|p1a: Shiftry\n|-immune|p1a: Shiftry\n|\n|upkeep\n|turn|10\n|\n|t:|1727544833\n|-terastallize|p2a: Oranguru|Normal\n|move|p1a: Shiftry|Sucker Punch|p2a: Oranguru\n|-damage|p2a: Oranguru|205/315\n|-damage|p1a: Shiftry|237/305|[from] item: Life Orb\n|move|p2a: Oranguru|Hyper Voice|p1a: Shiftry\n|-damage|p1a: Shiftry|0 fnt\n|faint|p1a: Shiftry\n|-damage|p2a: Oranguru|174/315|[from] item: Life Orb\n|\n|upkeep\n|\n|t:|1727544837\n|switch|p1a: Squawkabilly|Squawkabilly-Yellow, L89, F|291/291\n|-damage|p1a: Squawkabilly|219/291|[from] Stealth Rock\n|turn|11\n|\n|t:|1727544840\n|switch|p2a: Tyranitar|Tyranitar, L79, F|288/288\n|-weather|Sandstorm|[from] ability: Sand Stream|[of] p2a: Tyranitar\n|move|p1a: Squawkabilly|Brave Bird|p2a: Tyranitar\n|-resisted|p2a: Tyranitar\n|-damage|p2a: Tyranitar|159/288\n|-damage|p1a: Squawkabilly|176/291|[from] Recoil\n|\n|-weather|Sandstorm|[upkeep]\n|-damage|p1a: Squawkabilly|158/291|[from] Sandstorm\n|upkeep\n|turn|12\n|\n|t:|1727544845\n|move|p1a: Squawkabilly|Brave Bird|p2a: Tyranitar\n|-resisted|p2a: Tyranitar\n|-damage|p2a: Tyranitar|6/288\n|-damage|p1a: Squawkabilly|108/291|[from] Recoil\n|move|p2a: Tyranitar|Knock Off|p1a: Squawkabilly\n|-damage|p1a: Squawkabilly|0 fnt\n|-enditem|p1a: Squawkabilly|Choice Band|[from] move: Knock Off|[of] p2a: Tyranitar\n|faint|p1a: Squawkabilly\n|\n|-weather|Sandstorm|[upkeep]\n|upkeep\n|\n|t:|1727544847\n|switch|p1a: Hitmontop|Hitmontop, L88, M|231/231\n|-damage|p1a: Hitmontop|217/231|[from] Stealth Rock\n|-activate|p1a: Hitmontop|move: Sticky Web\n|-unboost|p1a: Hitmontop|spe|1\n|turn|13\n|\n|t:|1727544851\n|switch|p2a: Golurk|Golurk, L87|297/297\n|move|p1a: Hitmontop|Rapid Spin|p2a: Golurk\n|-immune|p2a: Golurk\n|\n|-weather|Sandstorm|[upkeep]\n|-damage|p1a: Hitmontop|203/231|[from] Sandstorm\n|-heal|p1a: Hitmontop|217/231|[from] item: Leftovers\n|upkeep\n|turn|14\n|\n|t:|1727544855\n|move|p2a: Golurk|Dynamic Punch|p1a: Hitmontop\n|-damage|p1a: Hitmontop|97/231\n|-start|p1a: Hitmontop|confusion\n|-activate|p1a: Hitmontop|confusion\n|move|p1a: Hitmontop|Triple Axel|p2a: Golurk\n|-supereffective|p2a: Golurk\n|-damage|p2a: Golurk|245/297\n|-supereffective|p2a: Golurk\n|-damage|p2a: Golurk|147/297\n|-supereffective|p2a: Golurk\n|-damage|p2a: Golurk|9/297\n|-hitcount|p2a: Golurk|3\n|\n|-weather|Sandstorm|[upkeep]\n|-damage|p1a: Hitmontop|83/231|[from] Sandstorm\n|-heal|p1a: Hitmontop|97/231|[from] item: Leftovers\n|upkeep\n|turn|15\n|\n|t:|1727544866\n|move|p2a: Golurk|Dynamic Punch|p1a: Hitmontop\n|-damage|p1a: Hitmontop|0 fnt\n|faint|p1a: Hitmontop\n|\n|-weather|none\n|upkeep\n|\n|t:|1727544868\n|switch|p1a: Bellossom|Bellossom, L84, F|263/263\n|-damage|p1a: Bellossom|231/263|[from] Stealth Rock\n|-activate|p1a: Bellossom|move: Sticky Web\n|-unboost|p1a: Bellossom|spe|1\n|turn|16\n|\n|t:|1727544876\n|move|p2a: Golurk|Dynamic Punch|p1a: Bellossom\n|-damage|p1a: Bellossom|108/263\n|-start|p1a: Bellossom|confusion\n|-activate|p1a: Bellossom|confusion\n|-damage|p1a: Bellossom|91/263|[from] confusion\n|\n|-heal|p1a: Bellossom|107/263|[from] item: Leftovers\n|upkeep\n|turn|17\n|\n|t:|1727544881\n|-terastallize|p1a: Bellossom|Poison\n|move|p2a: Golurk|Dynamic Punch|p1a: Bellossom\n|-resisted|p1a: Bellossom\n|-damage|p1a: Bellossom|48/263\n|-activate|p1a: Bellossom|confusion\n|-damage|p1a: Bellossom|31/263|[from] confusion\n|\n|-heal|p1a: Bellossom|47/263|[from] item: Leftovers\n|upkeep\n|turn|18\n|c|\u2606R3LT chiefbeef1234|yeah\n|c|\u2606R3LT chiefbeef1234|w/e\n|-message|R3LT chiefbeef1234 forfeited.\n|\n|win|Magikarpitalism\n|raw|R3LT chiefbeef1234's rating: 2275 &rarr; <strong>2251</strong><br />(-24 for losing)\n|raw|Magikarpitalism's rating: 2206 &rarr; <strong>2230</strong><br />(+24 for winning)\n|l|\u2606R3LT chiefbeef1234\n|player|p1|\n|c|\u2606Magikarpitalism|Wild ass game lmao\n", "inputlog": ">version 69ff0b2f47ddc97367302b06f7f2ae172fb214dd\n>start {\"formatid\":\"gen9randombattle\",\"seed\":[60516,63502,6337,6320],\"rated\":\"Rated battle\"}\n>player p1 {\"name\":\"R3LT chiefbeef1234\",\"avatar\":\"shadowtriad\",\"rating\":2275,\"seed\":[15413,64221,35390,46861]}\n>player p2 {\"name\":\"Magikarpitalism\",\"avatar\":\"adaman\",\"rating\":2206,\"seed\":[9813,64486,51630,16176]}\n>p1 switch 6\n>p2 move stealthrock\n>p1 move hydropump\n>p2 move bodypress\n>p2 switch 5\n>p1 move hydropump\n>p2 move stickyweb\n>p2 switch 4\n>p1 move hydropump\n>p2 move shellsmash\n>p1 move hydropump\n>p2 move stoneedge\n>p1 move hydropump\n>p2 move liquidation\n>p1 switch 2\n>p1 move gigadrain\n>p2 move stoneedge\n>p2 switch 3\n>p1 move quiverdance\n>p2 move nastyplot\n>p1 switch 6\n>p2 move psyshock\n>p1 move suckerpunch\n>p2 move hypervoice terastallize\n>p1 switch 5\n>p1 move bravebird\n>p2 switch 6\n>p1 move bravebird\n>p2 move knockoff\n>p1 switch 4\n>p1 move rapidspin\n>p2 switch 2\n>p1 move tripleaxel\n>p2 move dynamicpunch\n>p1 move rapidspin\n>p2 move dynamicpunch\n>p1 switch 6\n>p1 move quiverdance\n>p2 move dynamicpunch\n>p1 move quiverdance terastallize\n>p2 move dynamicpunch\n>chat \u2606R3LT chiefbeef1234|yeah\n>chat \u2606R3LT chiefbeef1234|w/e\n>forcelose p1", "uploadtime": 1727544902, "views": 80, "formatid": "gen9randombattle", "rating": 2230, "private": 0, "password": null}