{"id": "gen9randombattle-2197017325", "format": "[Gen 9] Random Battle", "players": ["sleepydolphin7", "Honest Opp"], "log": "|j|\u2606sleepydolphin7\n|j|\u2606Honest Opp\n|t:|1725783051\n|gametype|singles\n|player|p1|sleepydolphin7|fisherman-gen4|2275\n|player|p2|Honest Opp|giovanni|2213\n|teamsize|p1|6\n|teamsize|p2|6\n|gen|9\n|tier|[Gen 9] Random Battle\n|rated|\n|rule|Species Clause: Limit one of each Pok\u00e9mon\n|rule|HP Percentage Mod: HP is shown in percentages\n|rule|Sleep Clause Mod: Limit one foe put to sleep\n|rule|Illusion Level Mod: Illusion disguises the Pok\u00e9mon's true level\n|\n|t:|1725783051\n|start\n|switch|p1a: Appletun|Appletun, L92, M|352/352\n|switch|p2a: Donphan|Donphan, L84, M|288/288\n|turn|1\n|inactive|Battle timer is ON: inactive players will automatically lose when time's up. (requested by Honest Opp)\n|\n|t:|1725783085\n|move|p2a: Donphan|Stealth Rock|p1a: Appletun\n|-sidestart|p1: sleepydolphin7|move: Stealth Rock\n|move|p1a: Appletun|Apple Acid|p2a: Donphan\n|-supereffective|p2a: Donphan\n|-crit|p2a: Donphan\n|-ability|p2a: Donphan|Sturdy\n|-damage|p2a: Donphan|1/288\n|-unboost|p2a: Donphan|spd|1\n|\n|-heal|p2a: Donphan|19/288|[from] item: Leftovers\n|upkeep\n|turn|2\n|\n|t:|1725783095\n|move|p2a: Donphan|Knock Off|p1a: Appletun\n|-damage|p1a: Appletun|278/352\n|-enditem|p1a: Appletun|Leftovers|[from] move: Knock Off|[of] p2a: Donphan\n|move|p1a: Appletun|Apple Acid|p2a: Donphan\n|-supereffective|p2a: Donphan\n|-damage|p2a: Donphan|0 fnt\n|faint|p2a: Donphan\n|\n|upkeep\n|\n|t:|1725783104\n|switch|p2a: Mesprit|Mesprit, L85|275/275\n|turn|3\n|\n|t:|1725783111\n|move|p2a: Mesprit|Ice Beam|p1a: Appletun\n|-supereffective|p1a: Appletun\n|-damage|p1a: Appletun|150/352\n|move|p1a: Appletun|Leech Seed|p2a: Mesprit\n|-start|p2a: Mesprit|move: Leech Seed\n|\n|-damage|p2a: Mesprit|241/275|[from] Leech Seed|[of] p1a: Appletun\n|-heal|p1a: Appletun|184/352|[silent]\n|upkeep\n|turn|4\n|\n|t:|1725783119\n|move|p2a: Mesprit|Psychic Noise|p1a: Appletun\n|-damage|p1a: Appletun|99/352\n|-start|p1a: Appletun|move: Heal Block\n|cant|p1a: Appletun|move: Heal Block|Recover\n|\n|-damage|p2a: Mesprit|207/275|[from] Leech Seed|[of] p1a: Appletun\n|upkeep\n|turn|5\n|\n|t:|1725783128\n|switch|p1a: Glalie|Glalie, L96, F|309/309\n|move|p2a: Mesprit|Ice Beam|p1a: Glalie\n|-resisted|p1a: Glalie\n|-damage|p1a: Glalie|275/309\n|\n|-damage|p2a: Mesprit|173/275|[from] Leech Seed|[of] p1a: Glalie\n|-heal|p1a: Glalie|309/309|[silent]\n|upkeep\n|turn|6\n|\n|t:|1725783145\n|switch|p2a: Arceus|Arceus-Ice, L72|291/291\n|move|p1a: Glalie|Spikes|p2a: Arceus\n|-sidestart|p2: Honest Opp|Spikes\n|\n|upkeep\n|turn|7\n|\n|t:|1725783151\n|move|p2a: Arceus|Calm Mind|p2a: Arceus\n|-boost|p2a: Arceus|spa|1\n|-boost|p2a: Arceus|spd|1\n|move|p1a: Glalie|Disable|p2a: Arceus\n|-start|p2a: Arceus|Disable|Calm Mind\n|\n|upkeep\n|turn|8\n|\n|t:|1725783162\n|move|p2a: Arceus|Thunderbolt|p1a: Glalie\n|-damage|p1a: Glalie|225/309\n|move|p1a: Glalie|Earthquake|p2a: Arceus\n|-damage|p2a: Arceus|214/291\n|\n|upkeep\n|turn|9\n|\n|t:|1725783171\n|move|p2a: Arceus|Thunderbolt|p1a: Glalie\n|-damage|p1a: Glalie|146/309\n|move|p1a: Glalie|Earthquake|p2a: Arceus\n|-damage|p2a: Arceus|138/291\n|\n|upkeep\n|turn|10\n|\n|t:|1725783178\n|switch|p1a: Zebstrika|Zebstrika, L87, M|272/272\n|-damage|p1a: Zebstrika|238/272|[from] Stealth Rock\n|move|p2a: Arceus|Recover|p2a: Arceus\n|-heal|p2a: Arceus|284/291\n|\n|upkeep\n|turn|11\n|\n|t:|1725783183\n|move|p1a: Zebstrika|Supercell Slam|p2a: Arceus\n|-damage|p2a: Arceus|146/291\n|-damage|p1a: Zebstrika|211/272|[from] item: Life Orb\n|move|p2a: Arceus|Judgment|p1a: Zebstrika\n|-damage|p1a: Zebstrika|7/272\n|\n|-end|p2a: Arceus|Disable\n|upkeep\n|turn|12\n|\n|t:|1725783195\n|switch|p2a: Lanturn|Lanturn, L89, M|367/367\n|move|p1a: Zebstrika|Supercell Slam|p2a: Lanturn\n|-immune|p2a: Lanturn|[from] ability: Volt Absorb\n|-damage|p1a: Zebstrika|0 fnt|[from] supercellslam\n|faint|p1a: Zebstrika\n|\n|upkeep\n|j| rahull\n|\n|t:|1725783208\n|switch|p1a: Glalie|Glalie, L96, F|146/309\n|turn|13\n|\n|t:|1725783212\n|move|p1a: Glalie|Earthquake|p2a: Lanturn\n|-supereffective|p2a: Lanturn\n|-damage|p2a: Lanturn|161/367\n|move|p2a: Lanturn|Volt Switch|p1a: Glalie\n|-damage|p1a: Glalie|82/309\n|\n|t:|1725783220\n|switch|p2a: Arceus|Arceus-Ice, L72|146/291|[from] Volt Switch\n|-damage|p2a: Arceus|110/291|[from] Spikes\n|\n|upkeep\n|turn|14\n|\n|t:|1725783228\n|switch|p1a: Calyrex|Calyrex, L93|337/337\n|-ability|p1a: Calyrex|Unnerve\n|-damage|p1a: Calyrex|295/337|[from] Stealth Rock\n|move|p2a: Arceus|Recover|p2a: Arceus\n|-heal|p2a: Arceus|256/291\n|\n|-heal|p1a: Calyrex|316/337|[from] item: Leftovers\n|upkeep\n|turn|15\n|\n|t:|1725783235\n|-terastallize|p1a: Calyrex|Steel\n|move|p2a: Arceus|Judgment|p1a: Calyrex\n|-resisted|p1a: Calyrex\n|-damage|p1a: Calyrex|259/337\n|move|p1a: Calyrex|Encore|p2a: Arceus\n|-start|p2a: Arceus|Encore\n|\n|-heal|p1a: Calyrex|280/337|[from] item: Leftovers\n|upkeep\n|turn|16\n|\n|t:|1725783245\n|switch|p2a: Lanturn|Lanturn, L89, M|161/367\n|move|p1a: Calyrex|Giga Drain|p2a: Lanturn\n|-supereffective|p2a: Lanturn\n|-damage|p2a: Lanturn|0 fnt\n|-heal|p1a: Calyrex|337/337|[from] drain|[of] p2a: Lanturn\n|faint|p2a: Lanturn\n|\n|upkeep\n|\n|t:|1725783259\n|switch|p2a: Flygon|Flygon, L82, M|265/265\n|turn|17\n|\n|t:|1725783265\n|switch|p1a: Ditto|Ditto, L87|225/225\n|-damage|p1a: Ditto|197/225|[from] Stealth Rock\n|-transform|p1a: Ditto|p2a: Flygon|[from] ability: Imposter\n|move|p2a: Flygon|Earthquake|p1a: Ditto\n|-immune|p1a: Ditto|[from] ability: Levitate\n|\n|upkeep\n|turn|18\n|j| yellow file\n|\n|t:|1725783281\n|switch|p2a: Sudowoodo|Sudowoodo, L94, M|284/284\n|-damage|p2a: Sudowoodo|249/284|[from] Spikes\n|move|p1a: Ditto|U-turn|p2a: Sudowoodo\n|-damage|p2a: Sudowoodo|210/284\n|\n|t:|1725783289\n|switch|p1a: Calyrex|Calyrex, L93, tera:Steel|337/337|[from] U-turn\n|-ability|p1a: Calyrex|Unnerve\n|-damage|p1a: Calyrex|316/337|[from] Stealth Rock\n|\n|-heal|p1a: Calyrex|337/337|[from] item: Leftovers\n|upkeep\n|turn|19\n|\n|t:|1725783293\n|move|p1a: Calyrex|Giga Drain|p2a: Sudowoodo\n|-supereffective|p2a: Sudowoodo\n|-damage|p2a: Sudowoodo|4/284\n|move|p2a: Sudowoodo|Earthquake|p1a: Calyrex\n|-supereffective|p1a: Calyrex\n|-damage|p1a: Calyrex|75/337\n|\n|-heal|p1a: Calyrex|96/337|[from] item: Leftovers\n|upkeep\n|turn|20\n|\n|t:|1725783298\n|move|p1a: Calyrex|Giga Drain|p2a: Sudowoodo\n|-supereffective|p2a: Sudowoodo\n|-crit|p2a: Sudowoodo\n|-damage|p2a: Sudowoodo|0 fnt\n|-heal|p1a: Calyrex|98/337|[from] drain|[of] p2a: Sudowoodo\n|faint|p2a: Sudowoodo\n|\n|-heal|p1a: Calyrex|119/337|[from] item: Leftovers\n|upkeep\n|\n|t:|1725783307\n|switch|p2a: Flygon|Flygon, L82, M|265/265\n|turn|21\n|\n|t:|1725783314\n|switch|p1a: Glalie|Glalie, L96, F|82/309\n|move|p2a: Flygon|U-turn|p1a: Glalie\n|-damage|p1a: Glalie|40/309\n|\n|t:|1725783319\n|switch|p2a: Arceus|Arceus-Ice, L72|256/291|[from] U-turn\n|-damage|p2a: Arceus|220/291|[from] Spikes\n|\n|upkeep\n|turn|22\n|\n|t:|1725783325\n|move|p2a: Arceus|Thunderbolt|p1a: Glalie\n|-damage|p1a: Glalie|0 fnt\n|faint|p1a: Glalie\n|\n|upkeep\n|\n|t:|1725783331\n|switch|p1a: Calyrex|Calyrex, L93, tera:Steel|119/337\n|-ability|p1a: Calyrex|Unnerve\n|-damage|p1a: Calyrex|98/337|[from] Stealth Rock\n|turn|23\n|\n|t:|1725783346\n|-terastallize|p2a: Arceus|Electric\n|move|p2a: Arceus|Thunderbolt|p1a: Calyrex\n|-damage|p1a: Calyrex|23/337\n|move|p1a: Calyrex|Body Press|p2a: Arceus\n|-damage|p2a: Arceus|164/291\n|\n|-heal|p1a: Calyrex|44/337|[from] item: Leftovers\n|upkeep\n|turn|24\n|\n|t:|1725783356\n|move|p2a: Arceus|Thunderbolt|p1a: Calyrex\n|-damage|p1a: Calyrex|0 fnt\n|faint|p1a: Calyrex\n|\n|upkeep\n|\n|t:|1725783358\n|switch|p1a: Gardevoir|Gardevoir, L83, F|249/249\n|-damage|p1a: Gardevoir|218/249|[from] Stealth Rock\n|turn|25\n|\n|t:|1725783362\n|switch|p2a: Mesprit|Mesprit, L85|173/275\n|-ability|p1a: Gardevoir|Levitate|[from] ability: Trace|[of] p2a: Mesprit\n|move|p1a: Gardevoir|Moonblast|p2a: Mesprit\n|-damage|p2a: Mesprit|106/275\n|-unboost|p2a: Mesprit|spa|1\n|\n|upkeep\n|turn|26\n|\n|t:|1725783373\n|move|p1a: Gardevoir|Moonblast|p2a: Mesprit\n|-damage|p2a: Mesprit|37/275\n|move|p2a: Mesprit|Knock Off|p1a: Gardevoir\n|-damage|p1a: Gardevoir|131/249\n|-enditem|p1a: Gardevoir|Choice Scarf|[from] move: Knock Off|[of] p2a: Mesprit\n|\n|upkeep\n|turn|27\n|\n|t:|1725783384\n|move|p2a: Mesprit|Knock Off|p1a: Gardevoir\n|-damage|p1a: Gardevoir|67/249\n|move|p1a: Gardevoir|Moonblast|p2a: Mesprit\n|-damage|p2a: Mesprit|0 fnt\n|faint|p2a: Mesprit\n|\n|upkeep\n|\n|t:|1725783388\n|switch|p2a: Arceus|Arceus-Ice, L72, tera:Electric|164/291\n|-damage|p2a: Arceus|128/291|[from] Spikes\n|turn|28\n|\n|t:|1725783396\n|move|p2a: Arceus|Recover|p2a: Arceus\n|-heal|p2a: Arceus|274/291\n|move|p1a: Gardevoir|Moonblast|p2a: Arceus\n|-damage|p2a: Arceus|165/291\n|-unboost|p2a: Arceus|spa|1\n|\n|upkeep\n|turn|29\n|\n|t:|1725783402\n|move|p2a: Arceus|Calm Mind|p2a: Arceus\n|-boost|p2a: Arceus|spa|1\n|-boost|p2a: Arceus|spd|1\n|move|p1a: Gardevoir|Moonblast|p2a: Arceus\n|-damage|p2a: Arceus|96/291\n|-unboost|p2a: Arceus|spa|1\n|\n|upkeep\n|turn|30\n|\n|t:|1725783408\n|move|p2a: Arceus|Recover|p2a: Arceus\n|-heal|p2a: Arceus|242/291\n|move|p1a: Gardevoir|Mystical Fire|p2a: Arceus\n|-damage|p2a: Arceus|205/291\n|-unboost|p2a: Arceus|spa|1\n|\n|upkeep\n|turn|31\n|\n|t:|1725783412\n|move|p2a: Arceus|Calm Mind|p2a: Arceus\n|-boost|p2a: Arceus|spa|1\n|-boost|p2a: Arceus|spd|1\n|move|p1a: Gardevoir|Mystical Fire|p2a: Arceus\n|-damage|p2a: Arceus|174/291\n|-unboost|p2a: Arceus|spa|1\n|\n|upkeep\n|turn|32\n|\n|t:|1725783418\n|move|p2a: Arceus|Judgment|p1a: Gardevoir\n|-damage|p1a: Gardevoir|16/249\n|move|p1a: Gardevoir|Mystical Fire|p2a: Arceus\n|-damage|p2a: Arceus|144/291\n|-unboost|p2a: Arceus|spa|1\n|\n|upkeep\n|turn|33\n|\n|t:|1725783424\n|move|p2a: Arceus|Recover|p2a: Arceus\n|-heal|p2a: Arceus|290/291\n|move|p1a: Gardevoir|Mystical Fire|p2a: Arceus\n|-damage|p2a: Arceus|262/291\n|-unboost|p2a: Arceus|spa|1\n|\n|upkeep\n|turn|34\n|\n|t:|1725783427\n|move|p2a: Arceus|Judgment|p1a: Gardevoir\n|-damage|p1a: Gardevoir|0 fnt\n|faint|p1a: Gardevoir\n|\n|upkeep\n|\n|t:|1725783428\n|switch|p1a: Appletun|Appletun, L92, M|99/352\n|-damage|p1a: Appletun|55/352|[from] Stealth Rock\n|turn|35\n|\n|t:|1725783432\n|move|p2a: Arceus|Judgment|p1a: Appletun\n|-supereffective|p1a: Appletun\n|-damage|p1a: Appletun|0 fnt\n|faint|p1a: Appletun\n|\n|upkeep\n|-message|sleepydolphin7 forfeited.\n|\n|win|Honest Opp\n|raw|sleepydolphin7's rating: 2275 &rarr; <strong>2251</strong><br />(-24 for losing)\n|raw|Honest Opp's rating: 2213 &rarr; <strong>2237</strong><br />(+24 for winning)\n|l|\u2606sleepydolphin7\n|player|p1|\n", "inputlog": ">version 0cf8241dca984da66af486149691a79a2b0e79e7\n>start {\"formatid\":\"gen9randombattle\",\"seed\":[31389,31208,16236,26508],\"rated\":\"Rated battle\"}\n>player p1 {\"name\":\"sleepydolphin7\",\"avatar\":\"fisherman-gen4\",\"rating\":2275,\"seed\":[43248,22635,32755,20502]}\n>player p2 {\"name\":\"Honest Opp\",\"avatar\":\"giovanni\",\"rating\":2213,\"seed\":[52457,621,38764,29720]}\n>p1 move appleacid\n>p2 move stealthrock\n>p1 move appleacid\n>p2 move knockoff\n>p2 switch 5\n>p1 move leechseed\n>p2 move icebeam\n>p1 move recover\n>p2 move psychicnoise\n>p1 switch 4\n>p2 move icebeam\n>p1 move spikes\n>p2 switch 3\n>p1 move disable\n>p2 move calmmind\n>p1 move earthquake\n>p2 move thunderbolt\n>p1 move earthquake\n>p2 move thunderbolt\n>p1 switch 2\n>p2 move recover\n>p1 move supercellslam\n>p2 move judgment\n>p1 move supercellslam\n>p2 switch 4\n>p1 switch 2\n>p1 move earthquake\n>p2 move voltswitch\n>p2 switch 4\n>p1 switch 6\n>p2 move recover\n>p1 move encore terastallize\n>p2 move judgment\n>p1 move gigadrain\n>p2 switch 4\n>p2 switch 2\n>p1 switch 5\n>p2 move earthquake\n>p1 move uturn\n>p2 switch 6\n>p1 switch 5\n>p1 move gigadrain\n>p2 move earthquake\n>p1 move gigadrain\n>p2 move earthquake\n>p2 switch 6\n>p1 switch 6\n>p2 move uturn\n>p2 switch 4\n>p1 move earthquake\n>p2 move thunderbolt\n>p1 switch 6\n>p1 move bodypress\n>p2 move thunderbolt terastallize\n>p1 move psyshock\n>p2 move thunderbolt\n>p1 switch 3\n>p1 move moonblast\n>p2 switch 3\n>p1 move moonblast\n>p2 move knockoff\n>p1 move moonblast\n>p2 move knockoff\n>p2 switch 3\n>p1 move moonblast\n>p2 move recover\n>p1 move moonblast\n>p2 move calmmind\n>p1 move mysticalfire\n>p2 move recover\n>p1 move mysticalfire\n>p2 move calmmind\n>p1 move mysticalfire\n>p2 move judgment\n>p1 move mysticalfire\n>p2 move recover\n>p1 move mysticalfire\n>p2 move judgment\n>p1 switch 4\n>p1 move recover\n>p2 move judgment\n>forcelose p1", "uploadtime": 1725783436, "views": 96, "formatid": "gen9randombattle", "rating": 2237, "private": 0, "password": null}