{"id": "gen9randombattle-2113795126", "format": "[Gen 9] Random Battle", "players": ["sylvee1", "sasha thumper"], "log": "|badge|p1|bronze|gen9randombattle|100-1\n|html|<div class=\"broadcast-red\"><strong>This battle is required to be public due to one or more player having a season medal.</strong><br />During the public phase, you can discuss the state of the ladder <a href=\"/seasondiscussion\">in a special chatroom.</a></div>\n|uhtml|medal-msg|<div class=\"broadcast-blue\">Curious what those medals under the avatar are? PS now has Ladder Seasons! For more information, check out the <a href=\"https://www.smogon.com/forums/threads/3740067/\">thread on Smogon.</a></div>\n|raw|<div class=\"broadcast-blue\"><strong>This battle is required to be public due to a player having a name starting with 'medal'.</div>\n|j|\u2606sylvee1\n|j|\u2606sasha thumper\n|t:|1714365602\n|gametype|singles\n|player|p1|sylvee1|serena-masters2|2308\n|player|p2|sasha thumper|erika-gen1|2255\n|teamsize|p1|6\n|teamsize|p2|6\n|gen|9\n|tier|[Gen 9] Random Battle\n|rated|\n|rule|Species Clause: Limit one of each Pok\u00e9mon\n|rule|HP Percentage Mod: HP is shown in percentages\n|rule|Sleep Clause Mod: Limit one foe put to sleep\n|rule|Illusion Level Mod: Illusion disguises the Pok\u00e9mon's true level\n|\n|t:|1714365602\n|start\n|switch|p1a: Gengar|Gengar, L81, F|230/230\n|switch|p2a: Tsareena|Tsareena, L87, F|267/267\n|turn|1\n|inactive|Battle timer is ON: inactive players will automatically lose when time's up. (requested by sasha thumper)\n|inactive|sylvee1 also wants the timer to be on.\n|\n|t:|1714365614\n|switch|p2a: Skuntank|Skuntank, L84, M|310/310\n|move|p1a: Gengar|Sludge Wave|p2a: Skuntank\n|-resisted|p2a: Skuntank\n|-damage|p2a: Skuntank|245/310\n|-damage|p1a: Gengar|207/230|[from] item: Life Orb\n|\n|upkeep\n|turn|2\n|\n|t:|1714365631\n|switch|p1a: Stonjourner|Stonjourner, L91, M|330/330\n|move|p2a: Skuntank|Knock Off|p1a: Stonjourner\n|-damage|p1a: Stonjourner|260/330\n|-enditem|p1a: Stonjourner|Life Orb|[from] move: Knock Off|[of] p2a: Skuntank\n|\n|upkeep\n|turn|3\n|\n|t:|1714365644\n|switch|p2a: Meganium|Meganium, L90, M|290/290\n|move|p1a: Stonjourner|Stealth Rock|p2a: Meganium\n|-sidestart|p2: sasha thumper|move: Stealth Rock\n|\n|upkeep\n|turn|4\n|\n|t:|1714365652\n|switch|p1a: Delibird|Delibird, F|252/252\n|move|p2a: Meganium|Earthquake|p1a: Delibird\n|-immune|p1a: Delibird\n|\n|upkeep\n|turn|5\n|\n|t:|1714365665\n|switch|p2a: Necrozma|Necrozma-Dusk-Mane, L68|245/245\n|-damage|p2a: Necrozma|230/245|[from] Stealth Rock\n|move|p1a: Delibird|Brave Bird|p2a: Necrozma\n|-resisted|p2a: Necrozma\n|-damage|p2a: Necrozma|144/245\n|-damage|p1a: Delibird|224/252|[from] Recoil\n|\n|upkeep\n|turn|6\n|\n|t:|1714365678\n|move|p1a: Delibird|Brave Bird|p2a: Necrozma|[miss]\n|-miss|p1a: Delibird|p2a: Necrozma\n|move|p2a: Necrozma|Sunsteel Strike|p1a: Delibird\n|-supereffective|p1a: Delibird\n|-damage|p1a: Delibird|0 fnt\n|faint|p1a: Delibird\n|\n|upkeep\n|\n|t:|1714365700\n|switch|p1a: Gengar|Gengar, L81, F|207/230\n|turn|7\n|\n|t:|1714365704\n|move|p1a: Gengar|Shadow Ball|p2a: Necrozma\n|-supereffective|p2a: Necrozma\n|-damage|p2a: Necrozma|0 fnt\n|faint|p2a: Necrozma\n|-damage|p1a: Gengar|184/230|[from] item: Life Orb\n|\n|upkeep\n|\n|t:|1714365715\n|switch|p2a: Skuntank|Skuntank, L84, M|245/310\n|-damage|p2a: Skuntank|207/310|[from] Stealth Rock\n|turn|8\n|\n|t:|1714365731\n|switch|p1a: Stonjourner|Stonjourner, L91, M|260/330\n|switch|p2a: Meganium|Meganium, L90, M|290/290\n|-damage|p2a: Meganium|254/290|[from] Stealth Rock\n|\n|upkeep\n|turn|9\n|\n|t:|1714365744\n|switch|p1a: Exeggutor|Exeggutor-Alola, L89, F|314/314\n|-item|p2a: Meganium|Life Orb|[from] ability: Frisk|[of] p1a: Exeggutor|[identify]\n|move|p2a: Meganium|Swords Dance|p2a: Meganium\n|-boost|p2a: Meganium|atk|2\n|\n|upkeep\n|turn|10\n|\n|t:|1714365756\n|move|p2a: Meganium|Knock Off|p1a: Exeggutor\n|-damage|p1a: Exeggutor|153/314\n|-enditem|p1a: Exeggutor|Assault Vest|[from] move: Knock Off|[of] p2a: Meganium\n|-damage|p2a: Meganium|225/290|[from] item: Life Orb\n|move|p1a: Exeggutor|Flamethrower|p2a: Meganium\n|-supereffective|p2a: Meganium\n|-damage|p2a: Meganium|65/290\n|\n|upkeep\n|turn|11\n|\n|t:|1714365767\n|move|p2a: Meganium|Knock Off|p1a: Exeggutor\n|-damage|p1a: Exeggutor|26/314\n|-damage|p2a: Meganium|36/290|[from] item: Life Orb\n|move|p1a: Exeggutor|Flamethrower|p2a: Meganium\n|-supereffective|p2a: Meganium\n|-damage|p2a: Meganium|0 fnt\n|faint|p2a: Meganium\n|\n|upkeep\n|\n|t:|1714365776\n|switch|p2a: Zangoose|Zangoose, L86, F|266/266\n|-damage|p2a: Zangoose|233/266|[from] Stealth Rock\n|turn|12\n|\n|t:|1714365801\n|move|p2a: Zangoose|Knock Off|p1a: Exeggutor\n|-damage|p1a: Exeggutor|0 fnt\n|faint|p1a: Exeggutor\n|\n|-status|p2a: Zangoose|tox|[from] item: Toxic Orb\n|upkeep\n|\n|t:|1714365808\n|switch|p1a: Breloom|Breloom, L82, M|233/233\n|turn|13\n|\n|t:|1714365821\n|switch|p2a: Skuntank|Skuntank, L84, M|207/310\n|-damage|p2a: Skuntank|169/310|[from] Stealth Rock\n|move|p1a: Breloom|Mach Punch|p2a: Skuntank\n|-damage|p2a: Skuntank|55/310\n|-damage|p1a: Breloom|210/233|[from] item: Life Orb\n|\n|upkeep\n|turn|14\n|\n|t:|1714365829\n|switch|p1a: Stonjourner|Stonjourner, L91, M|260/330\n|move|p2a: Skuntank|Sucker Punch||[still]\n|-fail|p2a: Skuntank\n|\n|upkeep\n|turn|15\n|\n|t:|1714365849\n|move|p2a: Skuntank|Knock Off|p1a: Stonjourner\n|-damage|p1a: Stonjourner|214/330\n|move|p1a: Stonjourner|Heat Crash|p2a: Skuntank\n|-damage|p2a: Skuntank|0 fnt\n|-damage|p1a: Stonjourner|132/330|[from] ability: Aftermath|[of] p2a: Skuntank\n|faint|p2a: Skuntank\n|\n|upkeep\n|\n|t:|1714365855\n|switch|p2a: Garchomp|Garchomp, L74, F|282/282\n|-damage|p2a: Garchomp|265/282|[from] Stealth Rock\n|turn|16\n|\n|t:|1714365865\n|move|p2a: Garchomp|Swords Dance|p2a: Garchomp\n|-boost|p2a: Garchomp|atk|2\n|move|p1a: Stonjourner|Earthquake|p2a: Garchomp\n|-damage|p2a: Garchomp|154/282\n|\n|upkeep\n|turn|17\n|\n|t:|1714365872\n|move|p2a: Garchomp|Scale Shot|p1a: Stonjourner\n|-damage|p1a: Stonjourner|99/330\n|-damage|p1a: Stonjourner|66/330\n|-damage|p1a: Stonjourner|33/330\n|-crit|p1a: Stonjourner\n|-damage|p1a: Stonjourner|0 fnt\n|faint|p1a: Stonjourner\n|-hitcount|p1: Stonjourner|4\n|-unboost|p2a: Garchomp|def|1\n|-boost|p2a: Garchomp|spe|1\n|\n|upkeep\n|\n|t:|1714365885\n|switch|p1a: Breloom|Breloom, L82, M|210/233\n|turn|18\n|\n|t:|1714365897\n|-terastallize|p1a: Breloom|Fighting\n|move|p1a: Breloom|Mach Punch|p2a: Garchomp\n|-damage|p2a: Garchomp|0 fnt\n|-damage|p1a: Breloom|181/233|[from] ability: Rough Skin|[of] p2a: Garchomp\n|faint|p2a: Garchomp\n|-damage|p1a: Breloom|158/233|[from] item: Life Orb\n|\n|upkeep\n|\n|t:|1714365905\n|switch|p2a: Tsareena|Tsareena, L87, F|267/267\n|-damage|p2a: Tsareena|234/267|[from] Stealth Rock\n|turn|19\n|\n|t:|1714365911\n|switch|p1a: Zekrom|Zekrom, L71|259/259\n|-ability|p1a: Zekrom|Teravolt\n|move|p2a: Tsareena|Power Whip|p1a: Zekrom\n|-resisted|p1a: Zekrom\n|-damage|p1a: Zekrom|162/259\n|-damage|p2a: Tsareena|208/267|[from] item: Life Orb\n|\n|-heal|p1a: Zekrom|178/259|[from] item: Leftovers\n|upkeep\n|turn|20\n|\n|t:|1714365916\n|move|p2a: Tsareena|Triple Axel|p1a: Zekrom\n|-supereffective|p1a: Zekrom\n|-damage|p1a: Zekrom|136/259\n|-supereffective|p1a: Zekrom\n|-damage|p1a: Zekrom|53/259\n|-supereffective|p1a: Zekrom\n|-damage|p1a: Zekrom|0 fnt\n|faint|p1a: Zekrom\n|-hitcount|p1: Zekrom|3\n|-damage|p2a: Tsareena|182/267|[from] item: Life Orb\n|\n|upkeep\n|\n|t:|1714365919\n|switch|p1a: Gengar|Gengar, L81, F|184/230\n|turn|21\n|\n|t:|1714365924\n|-terastallize|p2a: Tsareena|Fighting\n|move|p1a: Gengar|Sludge Wave|p2a: Tsareena\n|-damage|p2a: Tsareena|46/267\n|-status|p2a: Tsareena|psn\n|-damage|p1a: Gengar|161/230|[from] item: Life Orb\n|move|p2a: Tsareena|Triple Axel|p1a: Gengar\n|-damage|p1a: Gengar|127/230\n|-start|p2a: Tsareena|Disable|Triple Axel|[from] ability: Cursed Body|[of] p1a: Gengar\n|-hitcount|p1a: Gengar|1\n|-damage|p2a: Tsareena|20/267 psn|[from] item: Life Orb\n|\n|-damage|p2a: Tsareena|0 fnt|[from] psn\n|faint|p2a: Tsareena\n|upkeep\n|-message|sasha thumper forfeited.\n|\n|win|sylvee1\n|raw|sylvee1's rating: 2308 &rarr; <strong>2325</strong><br />(+17 for winning)\n|raw|sasha thumper's rating: 2255 &rarr; <strong>2238</strong><br />(-17 for losing)\n|l|\u2606sasha thumper\n|player|p2|\n", "inputlog": ">version b84337b8f7878220839aa0c41b4e8e9021e31424\n>start {\"formatid\":\"gen9randombattle\",\"seed\":[10440,6818,35135,48599],\"rated\":\"Rated battle\"}\n>player p1 {\"name\":\"sylvee1\",\"avatar\":\"serena-masters2\",\"rating\":2308,\"seed\":[61492,63051,29750,25712]}\n>player p2 {\"name\":\"sasha thumper\",\"avatar\":\"erika-gen1\",\"rating\":2255,\"seed\":[33190,24221,32540,6315]}\n>p1 move sludgewave\n>p2 switch 2\n>p1 switch 3\n>p2 move knockoff\n>p1 move stealthrock\n>p2 switch 5\n>p1 switch 5\n>p2 move earthquake\n>p1 move bravebird\n>p2 switch 3\n>p1 move bravebird\n>p2 move sunsteelstrike\n>p1 switch 3\n>p1 move shadowball\n>p2 move photongeyser\n>p2 switch 5\n>p1 switch 5\n>p2 switch 3\n>p1 switch 2\n>p2 move swordsdance\n>p1 move flamethrower\n>p2 move knockoff\n>p1 move flamethrower\n>p2 move knockoff\n>p2 switch 4\n>p1 move dracometeor\n>p2 move knockoff\n>p1 switch 6\n>p1 move machpunch\n>p2 switch 3\n>p1 switch 2\n>p2 move suckerpunch\n>p1 move heatcrash\n>p2 move knockoff\n>p2 switch 6\n>p1 move earthquake\n>p2 move swordsdance\n>p1 move stealthrock\n>p2 move scaleshot\n>p1 switch 2\n>p1 move machpunch terastallize\n>p2 move scaleshot\n>p2 switch 2\n>p1 switch 4\n>p2 move powerwhip\n>p1 move dragondance\n>p2 move tripleaxel\n>p1 switch 5\n>p1 move sludgewave\n>p2 move tripleaxel terastallize\n>forcelose p2", "uploadtime": 1714365941, "views": 235, "formatid": "gen9randombattle", "rating": 2238, "private": 0, "password": null}