{"id": "gen9randombattle-2260880181", "format": "[Gen 9] Random Battle", "players": ["ellthesylveon", "suspicious squid"], "log": "|j|\u203dellthesylveon\n|j|\u2606suspicious squid\n|t:|1733909774\n|gametype|singles\n|player|p1|ellthesylveon|lady|1306\n|player|p2|suspicious squid|2|1320\n|teamsize|p1|6\n|teamsize|p2|6\n|gen|9\n|tier|[Gen 9] Random Battle\n|rated|\n|rule|Species Clause: Limit one of each Pok\u00e9mon\n|rule|HP Percentage Mod: HP is shown in percentages\n|rule|Sleep Clause Mod: Limit one foe put to sleep\n|rule|Illusion Level Mod: Illusion disguises the Pok\u00e9mon's true level\n|\n|t:|1733909774\n|start\n|switch|p1a: Primarina|Primarina, L83, F|268/268\n|switch|p2a: Masquerain|Masquerain, L87, M|264/264\n|-ability|p2a: Masquerain|Intimidate|boost\n|-unboost|p1a: Primarina|atk|1\n|turn|1\n|inactive|Battle timer is ON: inactive players will automatically lose when time's up. (requested by ellthesylveon)\n|\n|t:|1733909793\n|move|p2a: Masquerain|Sticky Web|p1a: Primarina\n|-sidestart|p1: ellthesylveon|move: Sticky Web\n|move|p1a: Primarina|Moonblast|p2a: Masquerain\n|-damage|p2a: Masquerain|137/264\n|-unboost|p2a: Masquerain|spa|1\n|\n|upkeep\n|turn|2\n|\n|t:|1733909807\n|move|p2a: Masquerain|Hurricane|p1a: Primarina|[miss]\n|-miss|p2a: Masquerain|p1a: Primarina\n|move|p1a: Primarina|Moonblast|p2a: Masquerain\n|-damage|p2a: Masquerain|10/264\n|-unboost|p2a: Masquerain|spa|1\n|\n|upkeep\n|turn|3\n|inactive|ellthesylveon has 120 seconds left.\n|\n|t:|1733909840\n|move|p2a: Masquerain|Hurricane|p1a: Primarina|[miss]\n|-miss|p2a: Masquerain|p1a: Primarina\n|move|p1a: Primarina|Psychic Noise|p2a: Masquerain\n|-damage|p2a: Masquerain|0 fnt\n|faint|p2a: Masquerain\n|\n|upkeep\n|\n|t:|1733909844\n|switch|p2a: Zapdos|Zapdos, L78|268/268\n|turn|4\n|\n|t:|1733909851\n|switch|p1a: Dusknoir|Dusknoir, L89, F|225/225\n|-activate|p1a: Dusknoir|move: Sticky Web\n|-unboost|p1a: Dusknoir|spe|1\n|-item|p2a: Zapdos|Heavy-Duty Boots|[from] ability: Frisk|[of] p1a: Dusknoir\n|move|p2a: Zapdos|Discharge|p1a: Dusknoir\n|-damage|p1a: Dusknoir|165/225\n|\n|-heal|p1a: Dusknoir|179/225|[from] item: Leftovers\n|upkeep\n|turn|5\n|\n|t:|1733909869\n|switch|p2a: Hydreigon|Hydreigon, L79, M|275/275\n|move|p1a: Dusknoir|Pain Split|p2a: Hydreigon\n|-sethp|p2a: Hydreigon|227/275|[from] move: Pain Split|[silent]\n|-sethp|p1a: Dusknoir|225/225|[from] move: Pain Split\n|\n|upkeep\n|turn|6\n|\n|t:|1733909883\n|switch|p1a: Primarina|Primarina, L83, F|268/268\n|-activate|p1a: Primarina|move: Sticky Web\n|-unboost|p1a: Primarina|spe|1\n|move|p2a: Hydreigon|Dark Pulse|p1a: Primarina\n|-resisted|p1a: Primarina\n|-damage|p1a: Primarina|217/268\n|\n|-heal|p1a: Primarina|233/268|[from] item: Leftovers\n|upkeep\n|turn|7\n|\n|t:|1733909892\n|switch|p2a: Scizor|Scizor, L79, F|240/240\n|move|p1a: Primarina|Draining Kiss|p2a: Scizor\n|-resisted|p2a: Scizor\n|-damage|p2a: Scizor|204/240\n|-heal|p1a: Primarina|260/268|[from] drain|[of] p2a: Scizor\n|\n|-heal|p1a: Primarina|268/268|[from] item: Leftovers\n|upkeep\n|turn|8\n|\n|t:|1733909906\n|switch|p1a: Gyarados|Gyarados, L79, F|280/280\n|move|p2a: Scizor|Bullet Punch|p1a: Gyarados\n|-resisted|p1a: Gyarados\n|-damage|p1a: Gyarados|220/280\n|\n|upkeep\n|turn|9\n|\n|t:|1733909914\n|switch|p2a: Zapdos|Zapdos, L78|268/268\n|move|p1a: Gyarados|Dragon Dance|p1a: Gyarados\n|-boost|p1a: Gyarados|atk|1\n|-boost|p1a: Gyarados|spe|1\n|\n|upkeep\n|turn|10\n|\n|t:|1733909922\n|move|p1a: Gyarados|Waterfall|p2a: Zapdos\n|-damage|p2a: Zapdos|126/268\n|cant|p2a: Zapdos|flinch\n|\n|upkeep\n|turn|11\n|\n|t:|1733909927\n|move|p1a: Gyarados|Waterfall|p2a: Zapdos\n|-damage|p2a: Zapdos|0 fnt\n|faint|p2a: Zapdos\n|-ability|p1a: Gyarados|Moxie|boost\n|-boost|p1a: Gyarados|atk|1\n|\n|upkeep\n|\n|t:|1733909932\n|switch|p2a: Deoxys|Deoxys, L74|196/196\n|-ability|p2a: Deoxys|Pressure\n|turn|12\n|\n|t:|1733909943\n|move|p2a: Deoxys|Psycho Boost|p1a: Gyarados|[miss]\n|-miss|p2a: Deoxys|p1a: Gyarados\n|move|p1a: Gyarados|Earthquake|p2a: Deoxys\n|-damage|p2a: Deoxys|0 fnt\n|faint|p2a: Deoxys\n|-ability|p1a: Gyarados|Moxie|boost\n|-boost|p1a: Gyarados|atk|1\n|\n|upkeep\n|\n|t:|1733909958\n|switch|p2a: Scizor|Scizor, L79, F|204/240\n|turn|13\n|-message|suspicious squid forfeited.\n|\n|win|ellthesylveon\n|raw|ellthesylveon's rating: 1306 &rarr; <strong>1327</strong><br />(+21 for winning)\n|raw|suspicious squid's rating: 1320 &rarr; <strong>1299</strong><br />(-21 for losing)\n|l|\u2606suspicious squid\n|player|p2|\n", "inputlog": ">version bfd83cad13791eb5a5a409923076391caf6fb4d4\n>start {\"formatid\":\"gen9randombattle\",\"seed\":[63619,62067,28872,10420],\"rated\":\"Rated battle\"}\n>player p1 {\"name\":\"ellthesylveon\",\"avatar\":\"lady\",\"rating\":1306,\"seed\":[2999,11709,40,53963]}\n>player p2 {\"name\":\"suspicious squid\",\"avatar\":\"2\",\"rating\":1320,\"seed\":[4032,52543,44341,58220]}\n>p1 move moonblast\n>p2 move stickyweb\n>p1 move moonblast\n>p2 move hurricane\n>p1 move psychicnoise\n>p2 move hurricane\n>p2 switch 4\n>p1 switch 4\n>p2 move discharge\n>p1 move painsplit\n>p2 switch 2\n>p1 switch 4\n>p2 move darkpulse\n>p1 move drainingkiss\n>p2 switch 5\n>p1 switch 2\n>p2 move bulletpunch\n>p1 move dragondance\n>p2 switch 2\n>p1 move waterfall\n>p2 move discharge\n>p1 move waterfall\n>p2 move discharge\n>p2 switch 6\n>p1 move earthquake\n>p2 move psychoboost\n>p2 switch 2\n>forcelose p2", "uploadtime": 1733909966, "views": 14, "formatid": "gen9randombattle", "rating": 1299, "private": 0, "password": null}