{"id": "gen9randombattle-2260373486", "format": "[Gen 9] Random Battle", "players": ["aroblaze", "x+2xy+y"], "log": "|j|\u2606aroblaze\n|j|\u2606x+2xy+y\n|t:|1733845231\n|gametype|singles\n|player|p1|aroblaze|102|1624\n|player|p2|x+2xy+y|1|1648\n|teamsize|p1|6\n|teamsize|p2|6\n|gen|9\n|tier|[Gen 9] Random Battle\n|rated|\n|rule|Species Clause: Limit one of each Pok\u00e9mon\n|rule|HP Percentage Mod: HP is shown in percentages\n|rule|Sleep Clause Mod: Limit one foe put to sleep\n|rule|Illusion Level Mod: Illusion disguises the Pok\u00e9mon's true level\n|\n|t:|1733845231\n|start\n|switch|p1a: Dondozo|Dondozo, L78, M|362/362\n|switch|p2a: Bellossom|Bellossom, L84, M|263/263\n|turn|1\n|inactive|Battle timer is ON: inactive players will automatically lose when time's up. (requested by x+2xy+y)\n|\n|t:|1733845251\n|switch|p1a: Kricketune|Kricketune, L99, F|312/312\n|move|p2a: Bellossom|Sleep Powder|p1a: Kricketune\n|-status|p1a: Kricketune|slp|[from] move: Sleep Powder\n|\n|upkeep\n|turn|2\n|\n|t:|1733845269\n|switch|p1a: Excadrill|Excadrill, L79, M|303/303\n|-ability|p1a: Excadrill|Mold Breaker\n|switch|p2a: Skeledirge|Skeledirge, L79, F|294/294\n|\n|upkeep\n|turn|3\n|\n|t:|1733845289\n|switch|p2a: Bellossom|Bellossom, L84, M|263/263\n|move|p1a: Excadrill|Earthquake|p2a: Bellossom\n|-resisted|p2a: Bellossom\n|-damage|p2a: Bellossom|201/263\n|\n|-heal|p2a: Bellossom|217/263|[from] item: Leftovers\n|upkeep\n|turn|4\n|\n|t:|1733845300\n|move|p1a: Excadrill|Iron Head|p2a: Bellossom\n|-damage|p2a: Bellossom|127/263\n|move|p2a: Bellossom|Quiver Dance|p2a: Bellossom\n|-boost|p2a: Bellossom|spa|1\n|-boost|p2a: Bellossom|spd|1\n|-boost|p2a: Bellossom|spe|1\n|\n|-heal|p2a: Bellossom|143/263|[from] item: Leftovers\n|upkeep\n|turn|5\n|\n|t:|1733845316\n|move|p2a: Bellossom|Quiver Dance|p2a: Bellossom\n|-boost|p2a: Bellossom|spa|1\n|-boost|p2a: Bellossom|spd|1\n|-boost|p2a: Bellossom|spe|1\n|move|p1a: Excadrill|Iron Head|p2a: Bellossom\n|-damage|p2a: Bellossom|55/263\n|\n|-heal|p2a: Bellossom|71/263|[from] item: Leftovers\n|upkeep\n|turn|6\n|\n|t:|1733845325\n|move|p2a: Bellossom|Strength Sap|p1a: Excadrill\n|-unboost|p1a: Excadrill|atk|1\n|-heal|p2a: Bellossom|263/263\n|move|p1a: Excadrill|Iron Head|p2a: Bellossom\n|-damage|p2a: Bellossom|200/263\n|\n|-heal|p2a: Bellossom|216/263|[from] item: Leftovers\n|upkeep\n|turn|7\n|\n|t:|1733845340\n|switch|p1a: Mimikyu|Mimikyu, L79, F|216/216\n|move|p2a: Bellossom|Quiver Dance|p2a: Bellossom\n|-boost|p2a: Bellossom|spa|1\n|-boost|p2a: Bellossom|spd|1\n|-boost|p2a: Bellossom|spe|1\n|\n|-heal|p2a: Bellossom|232/263|[from] item: Leftovers\n|upkeep\n|turn|8\n|\n|t:|1733845345\n|move|p2a: Bellossom|Giga Drain|p1a: Mimikyu\n|-activate|p1a: Mimikyu|ability: Disguise\n|-damage|p1a: Mimikyu|216/216\n|detailschange|p1a: Mimikyu|Mimikyu-Busted, L79, F\n|-damage|p1a: Mimikyu|189/216|[from] pokemon: Mimikyu-Busted\n|move|p1a: Mimikyu|Swords Dance|p1a: Mimikyu\n|-boost|p1a: Mimikyu|atk|2\n|\n|-heal|p2a: Bellossom|248/263|[from] item: Leftovers\n|upkeep\n|turn|9\n|c|\u2606aroblaze|fun game\n|\n|t:|1733845356\n|move|p2a: Bellossom|Strength Sap|p1a: Mimikyu\n|-unboost|p1a: Mimikyu|atk|1\n|-heal|p2a: Bellossom|263/263\n|move|p1a: Mimikyu|Swords Dance|p1a: Mimikyu\n|-boost|p1a: Mimikyu|atk|2\n|\n|upkeep\n|turn|10\n|\n|t:|1733845364\n|move|p1a: Mimikyu|Shadow Sneak|p2a: Bellossom\n|-damage|p2a: Bellossom|156/263\n|-damage|p1a: Mimikyu|168/216|[from] item: Life Orb\n|move|p2a: Bellossom|Giga Drain|p1a: Mimikyu\n|-damage|p1a: Mimikyu|9/216\n|-heal|p2a: Bellossom|236/263|[from] drain|[of] p1a: Mimikyu\n|\n|-heal|p2a: Bellossom|252/263|[from] item: Leftovers\n|upkeep\n|turn|11\n|\n|t:|1733845374\n|move|p2a: Bellossom|Strength Sap|p1a: Mimikyu\n|-unboost|p1a: Mimikyu|atk|1\n|-heal|p2a: Bellossom|263/263\n|move|p1a: Mimikyu|Play Rough|p2a: Bellossom\n|-damage|p2a: Bellossom|80/263\n|-damage|p1a: Mimikyu|0 fnt|[from] item: Life Orb\n|faint|p1a: Mimikyu\n|\n|-heal|p2a: Bellossom|96/263|[from] item: Leftovers\n|upkeep\n|\n|t:|1733845378\n|switch|p1a: Dondozo|Dondozo, L78, M|362/362\n|turn|12\n|\n|t:|1733845389\n|-terastallize|p1a: Dondozo|Dragon\n|move|p2a: Bellossom|Strength Sap|p1a: Dondozo\n|-unboost|p1a: Dondozo|atk|1\n|-heal|p2a: Bellossom|263/263\n|move|p1a: Dondozo|Curse|p1a: Dondozo\n|-unboost|p1a: Dondozo|spe|1\n|-boost|p1a: Dondozo|atk|1\n|-boost|p1a: Dondozo|def|1\n|\n|upkeep\n|turn|13\n|\n|t:|1733845400\n|move|p2a: Bellossom|Quiver Dance|p2a: Bellossom\n|-boost|p2a: Bellossom|spa|1\n|-boost|p2a: Bellossom|spd|1\n|-boost|p2a: Bellossom|spe|1\n|move|p1a: Dondozo|Curse|p1a: Dondozo\n|-unboost|p1a: Dondozo|spe|1\n|-boost|p1a: Dondozo|atk|1\n|-boost|p1a: Dondozo|def|1\n|\n|upkeep\n|turn|14\n|\n|t:|1733845405\n|move|p2a: Bellossom|Quiver Dance|p2a: Bellossom\n|-boost|p2a: Bellossom|spa|1\n|-boost|p2a: Bellossom|spd|1\n|-boost|p2a: Bellossom|spe|1\n|move|p1a: Dondozo|Curse|p1a: Dondozo\n|-unboost|p1a: Dondozo|spe|1\n|-boost|p1a: Dondozo|atk|1\n|-boost|p1a: Dondozo|def|1\n|\n|upkeep\n|turn|15\n|\n|t:|1733845410\n|move|p2a: Bellossom|Quiver Dance|p2a: Bellossom\n|-boost|p2a: Bellossom|spa|1\n|-boost|p2a: Bellossom|spd|1\n|-boost|p2a: Bellossom|spe|1\n|move|p1a: Dondozo|Curse|p1a: Dondozo\n|-unboost|p1a: Dondozo|spe|1\n|-boost|p1a: Dondozo|atk|1\n|-boost|p1a: Dondozo|def|1\n|\n|upkeep\n|turn|16\n|\n|t:|1733845413\n|move|p2a: Bellossom|Giga Drain|p1a: Dondozo\n|-resisted|p1a: Dondozo\n|-damage|p1a: Dondozo|316/362\n|move|p1a: Dondozo|Curse|p1a: Dondozo\n|-unboost|p1a: Dondozo|spe|1\n|-boost|p1a: Dondozo|atk|1\n|-boost|p1a: Dondozo|def|1\n|\n|-heal|p1a: Dondozo|338/362|[from] item: Leftovers\n|upkeep\n|turn|17\n|\n|t:|1733845424\n|move|p2a: Bellossom|Strength Sap|p1a: Dondozo\n|-unboost|p1a: Dondozo|atk|1\n|move|p1a: Dondozo|Curse|p1a: Dondozo\n|-unboost|p1a: Dondozo|spe|1\n|-boost|p1a: Dondozo|atk|1\n|-boost|p1a: Dondozo|def|1\n|\n|-heal|p1a: Dondozo|360/362|[from] item: Leftovers\n|upkeep\n|turn|18\n|\n|t:|1733845432\n|move|p2a: Bellossom|Strength Sap|p1a: Dondozo\n|-unboost|p1a: Dondozo|atk|1\n|move|p1a: Dondozo|Curse|p1a: Dondozo\n|-boost|p1a: Dondozo|atk|1\n|\n|-heal|p1a: Dondozo|362/362|[from] item: Leftovers\n|upkeep\n|turn|19\n|\n|t:|1733845441\n|move|p2a: Bellossom|Strength Sap|p1a: Dondozo\n|-unboost|p1a: Dondozo|atk|1\n|move|p1a: Dondozo|Wave Crash|p2a: Bellossom\n|-resisted|p2a: Bellossom\n|-damage|p2a: Bellossom|128/263\n|-damage|p1a: Dondozo|317/362|[from] Recoil\n|\n|-heal|p2a: Bellossom|144/263|[from] item: Leftovers\n|-heal|p1a: Dondozo|339/362|[from] item: Leftovers\n|upkeep\n|turn|20\n|\n|t:|1733845452\n|move|p2a: Bellossom|Strength Sap|p1a: Dondozo\n|-unboost|p1a: Dondozo|atk|1\n|-heal|p2a: Bellossom|263/263\n|move|p1a: Dondozo|Curse|p1a: Dondozo\n|-boost|p1a: Dondozo|atk|1\n|\n|-heal|p1a: Dondozo|361/362|[from] item: Leftovers\n|upkeep\n|turn|21\n|c|\u2606aroblaze|are u happy with yourself\n|\n|t:|1733845481\n|move|p2a: Bellossom|Strength Sap|p1a: Dondozo\n|-unboost|p1a: Dondozo|atk|1\n|move|p1a: Dondozo|Rest|p1a: Dondozo\n|-status|p1a: Dondozo|slp|[from] move: Rest\n|-heal|p1a: Dondozo|362/362 slp|[silent]\n|\n|upkeep\n|turn|22\n|c|\u2606aroblaze|do u look in the mirror and see the person u want looking back at you\n|\n|t:|1733845496\n|switch|p2a: Skeledirge|Skeledirge, L79, F|294/294\n|cant|p1a: Dondozo|slp\n|move|p1a: Dondozo|Sleep Talk|p1a: Dondozo\n|move|p1a: Dondozo|Rest||[from]move: Sleep Talk|[still]\n|-fail|p1a: Dondozo\n|\n|upkeep\n|turn|23\n|\n|t:|1733845507\n|move|p2a: Skeledirge|Hex|p1a: Dondozo\n|-damage|p1a: Dondozo|172/362 slp\n|cant|p1a: Dondozo|slp\n|move|p1a: Dondozo|Sleep Talk|p1a: Dondozo\n|move|p1a: Dondozo|Rest||[from]move: Sleep Talk|[still]\n|-fail|p1a: Dondozo\n|\n|-heal|p1a: Dondozo|194/362 slp|[from] item: Leftovers\n|upkeep\n|turn|24\n|\n|t:|1733845519\n|switch|p1a: Roaring Moon|Roaring Moon, L72|270/270\n|-enditem|p1a: Roaring Moon|Booster Energy\n|-activate|p1a: Roaring Moon|ability: Protosynthesis|[fromitem]\n|-start|p1a: Roaring Moon|protosynthesisatk\n|move|p2a: Skeledirge|Hex|p1a: Roaring Moon\n|-resisted|p1a: Roaring Moon\n|-damage|p1a: Roaring Moon|237/270\n|\n|upkeep\n|turn|25\n|\n|t:|1733845526\n|move|p1a: Roaring Moon|Knock Off|p2a: Skeledirge\n|-supereffective|p2a: Skeledirge\n|-damage|p2a: Skeledirge|42/294\n|-enditem|p2a: Skeledirge|Heavy-Duty Boots|[from] move: Knock Off|[of] p1a: Roaring Moon\n|move|p2a: Skeledirge|Will-O-Wisp|p1a: Roaring Moon\n|-status|p1a: Roaring Moon|brn\n|\n|-damage|p1a: Roaring Moon|221/270 brn|[from] brn\n|upkeep\n|turn|26\n|\n|t:|1733845544\n|switch|p2a: Scizor|Scizor, L79, F|240/240\n|move|p1a: Roaring Moon|Acrobatics|p2a: Scizor\n|-damage|p2a: Scizor|196/240\n|\n|-damage|p1a: Roaring Moon|205/270 brn|[from] brn\n|upkeep\n|turn|27\n|\n|t:|1733845555\n|move|p1a: Roaring Moon|Knock Off|p2a: Scizor\n|-damage|p2a: Scizor|136/240\n|-enditem|p2a: Scizor|Life Orb|[from] move: Knock Off|[of] p1a: Roaring Moon\n|move|p2a: Scizor|Bug Bite|p1a: Roaring Moon\n|-supereffective|p1a: Roaring Moon\n|-damage|p1a: Roaring Moon|0 fnt\n|faint|p1a: Roaring Moon\n|-end|p1a: Roaring Moon|Protosynthesis|[silent]\n|\n|upkeep\n|\n|t:|1733845565\n|switch|p1a: Kricketune|Kricketune, L99, F|312/312 slp\n|turn|28\n|\n|t:|1733845572\n|cant|p1a: Kricketune|slp\n|move|p2a: Scizor|Swords Dance|p2a: Scizor\n|-boost|p2a: Scizor|atk|2\n|\n|upkeep\n|turn|29\n|\n|t:|1733845578\n|cant|p1a: Kricketune|slp\n|move|p2a: Scizor|Swords Dance|p2a: Scizor\n|-boost|p2a: Scizor|atk|2\n|\n|upkeep\n|turn|30\n|\n|t:|1733845588\n|move|p2a: Scizor|Bullet Punch|p1a: Kricketune\n|-damage|p1a: Kricketune|59/312 slp\n|-curestatus|p1a: Kricketune|slp|[msg]\n|move|p1a: Kricketune|Sticky Web|p2a: Scizor\n|-sidestart|p2: x+2xy+y|move: Sticky Web\n|\n|upkeep\n|turn|31\n|\n|t:|1733845599\n|move|p2a: Scizor|Bullet Punch|p1a: Kricketune\n|-damage|p1a: Kricketune|0 fnt\n|faint|p1a: Kricketune\n|\n|upkeep\n|\n|t:|1733845609\n|switch|p1a: Dondozo|Dondozo, L78, M, tera:Dragon|194/362 slp\n|turn|32\n|\n|t:|1733845616\n|move|p2a: Scizor|Bug Bite|p1a: Dondozo\n|-damage|p1a: Dondozo|97/362 slp\n|-curestatus|p1a: Dondozo|slp|[msg]\n|move|p1a: Dondozo|Rest|p1a: Dondozo\n|-status|p1a: Dondozo|slp|[from] move: Rest\n|-heal|p1a: Dondozo|362/362 slp|[silent]\n|\n|upkeep\n|turn|33\n|\n|t:|1733845626\n|move|p2a: Scizor|Bug Bite|p1a: Dondozo\n|-damage|p1a: Dondozo|266/362 slp\n|cant|p1a: Dondozo|slp\n|move|p1a: Dondozo|Sleep Talk|p1a: Dondozo\n|move|p1a: Dondozo|Wave Crash|p2a: Scizor|[from]move: Sleep Talk\n|-damage|p2a: Scizor|21/240\n|-damage|p1a: Dondozo|228/362 slp|[from] Recoil\n|\n|-heal|p1a: Dondozo|250/362 slp|[from] item: Leftovers\n|upkeep\n|turn|34\n|\n|t:|1733845636\n|move|p2a: Scizor|Bug Bite|p1a: Dondozo\n|-crit|p1a: Dondozo\n|-damage|p1a: Dondozo|114/362 slp\n|cant|p1a: Dondozo|slp\n|move|p1a: Dondozo|Sleep Talk|p1a: Dondozo\n|move|p1a: Dondozo|Rest||[from]move: Sleep Talk|[still]\n|-fail|p1a: Dondozo\n|\n|-heal|p1a: Dondozo|136/362 slp|[from] item: Leftovers\n|upkeep\n|turn|35\n|\n|t:|1733845645\n|move|p2a: Scizor|Bug Bite|p1a: Dondozo\n|-damage|p1a: Dondozo|39/362 slp\n|-curestatus|p1a: Dondozo|slp|[msg]\n|move|p1a: Dondozo|Rest|p1a: Dondozo\n|-status|p1a: Dondozo|slp|[from] move: Rest\n|-heal|p1a: Dondozo|362/362 slp|[silent]\n|\n|upkeep\n|turn|36\n|\n|t:|1733845670\n|switch|p2a: Skeledirge|Skeledirge, L79, F|42/294\n|-activate|p2a: Skeledirge|move: Sticky Web\n|-unboost|p2a: Skeledirge|spe|1\n|cant|p1a: Dondozo|slp\n|move|p1a: Dondozo|Sleep Talk|p1a: Dondozo\n|move|p1a: Dondozo|Curse|p1a: Dondozo|[from]move: Sleep Talk\n|-unboost|p1a: Dondozo|spe|1\n|-boost|p1a: Dondozo|atk|1\n|-boost|p1a: Dondozo|def|1\n|\n|upkeep\n|turn|37\n|\n|t:|1733845681\n|move|p2a: Skeledirge|Torch Song|p1a: Dondozo\n|-resisted|p1a: Dondozo\n|-damage|p1a: Dondozo|308/362 slp\n|-boost|p2a: Skeledirge|spa|1\n|cant|p1a: Dondozo|slp\n|move|p1a: Dondozo|Sleep Talk|p1a: Dondozo\n|move|p1a: Dondozo|Curse|p1a: Dondozo|[from]move: Sleep Talk\n|-unboost|p1a: Dondozo|spe|1\n|-boost|p1a: Dondozo|atk|1\n|-boost|p1a: Dondozo|def|1\n|\n|-heal|p1a: Dondozo|330/362 slp|[from] item: Leftovers\n|upkeep\n|turn|38\n|\n|t:|1733845684\n|move|p2a: Skeledirge|Hex|p1a: Dondozo\n|-damage|p1a: Dondozo|140/362 slp\n|-curestatus|p1a: Dondozo|slp|[msg]\n|move|p1a: Dondozo|Wave Crash|p2a: Skeledirge\n|-supereffective|p2a: Skeledirge\n|-damage|p2a: Skeledirge|0 fnt\n|faint|p2a: Skeledirge\n|-damage|p1a: Dondozo|126/362|[from] Recoil\n|\n|-heal|p1a: Dondozo|148/362|[from] item: Leftovers\n|upkeep\n|\n|t:|1733845697\n|switch|p2a: Regidrago|Regidrago, L77|435/435\n|-activate|p2a: Regidrago|move: Sticky Web\n|-unboost|p2a: Regidrago|spe|1\n|turn|39\n|\n|t:|1733845713\n|move|p2a: Regidrago|Dragon Energy|p1a: Dondozo\n|-supereffective|p1a: Dondozo\n|-damage|p1a: Dondozo|0 fnt\n|faint|p1a: Dondozo\n|\n|upkeep\n|\n|t:|1733845722\n|switch|p1a: Ogerpon|Ogerpon-Cornerstone, L76, F|247/247\n|turn|40\n|inactive|x+2xy+y has 120 seconds left.\n|\n|t:|1733845762\n|switch|p2a: Scizor|Scizor, L79, F|21/240\n|-activate|p2a: Scizor|move: Sticky Web\n|-unboost|p2a: Scizor|spe|1\n|move|p1a: Ogerpon|Swords Dance|p1a: Ogerpon\n|-boost|p1a: Ogerpon|atk|2\n|\n|upkeep\n|turn|41\n|inactive|x+2xy+y has 120 seconds left.\n|\n|t:|1733845774\n|move|p2a: Scizor|Bullet Punch|p1a: Ogerpon\n|-supereffective|p1a: Ogerpon\n|-damage|p1a: Ogerpon|85/247\n|move|p1a: Ogerpon|Ivy Cudgel|p2a: Scizor|[anim] Ivy Cudgel Rock\n|-damage|p2a: Scizor|0 fnt\n|faint|p2a: Scizor\n|\n|upkeep\n|inactive|x+2xy+y has 120 seconds left.\n|inactive|x+2xy+y has 90 seconds left.\n|\n|t:|1733845810\n|switch|p2a: Bellossom|Bellossom, L84, M|263/263\n|-activate|p2a: Bellossom|move: Sticky Web\n|-unboost|p2a: Bellossom|spe|1\n|turn|42\n|inactive|x+2xy+y has 90 seconds left.\n|\n|t:|1733845827\n|-terastallize|p2a: Bellossom|Steel\n|move|p1a: Ogerpon|Ivy Cudgel|p2a: Bellossom|[anim] Ivy Cudgel Rock\n|-resisted|p2a: Bellossom\n|-crit|p2a: Bellossom\n|-damage|p2a: Bellossom|101/263\n|move|p2a: Bellossom|Strength Sap|p1a: Ogerpon\n|-unboost|p1a: Ogerpon|atk|1\n|-heal|p2a: Bellossom|263/263\n|\n|upkeep\n|turn|43\n|inactive|x+2xy+y has 90 seconds left.\n|\n|t:|1733845841\n|move|p1a: Ogerpon|Superpower|p2a: Bellossom\n|-supereffective|p2a: Bellossom\n|-damage|p2a: Bellossom|0 fnt\n|-unboost|p1a: Ogerpon|atk|1\n|-unboost|p1a: Ogerpon|def|1\n|faint|p2a: Bellossom\n|\n|upkeep\n|\n|t:|1733845859\n|switch|p2a: Palossand|Palossand, L89, M|296/296\n|-activate|p2a: Palossand|move: Sticky Web\n|-unboost|p2a: Palossand|spe|1\n|turn|44\n|\n|t:|1733845877\n|move|p1a: Ogerpon|Power Whip|p2a: Palossand\n|-supereffective|p2a: Palossand\n|-damage|p2a: Palossand|50/296\n|move|p2a: Palossand|Earth Power|p1a: Ogerpon\n|-damage|p1a: Ogerpon|0 fnt\n|faint|p1a: Ogerpon\n|\n|-heal|p2a: Palossand|68/296|[from] item: Leftovers\n|upkeep\n|\n|t:|1733845881\n|switch|p1a: Excadrill|Excadrill, L79, M|303/303\n|-ability|p1a: Excadrill|Mold Breaker\n|turn|45\n|\n|t:|1733845891\n|move|p1a: Excadrill|Earthquake|p2a: Palossand\n|-damage|p2a: Palossand|0 fnt\n|faint|p2a: Palossand\n|\n|upkeep\n|\n|t:|1733845900\n|switch|p2a: Regidrago|Regidrago, L77|435/435\n|-activate|p2a: Regidrago|move: Sticky Web\n|-unboost|p2a: Regidrago|spe|1\n|turn|46\n|\n|t:|1733845905\n|move|p1a: Excadrill|Swords Dance|p1a: Excadrill\n|-boost|p1a: Excadrill|atk|2\n|move|p2a: Regidrago|Earthquake|p1a: Excadrill\n|-supereffective|p1a: Excadrill\n|-damage|p1a: Excadrill|137/303\n|\n|-heal|p1a: Excadrill|155/303|[from] item: Leftovers\n|upkeep\n|turn|47\n|inactive|x+2xy+y has 90 seconds left.\n|\n|t:|1733845913\n|move|p1a: Excadrill|Iron Head|p2a: Regidrago\n|-damage|p2a: Regidrago|114/435\n|cant|p2a: Regidrago|flinch\n|\n|-heal|p1a: Excadrill|173/303|[from] item: Leftovers\n|upkeep\n|turn|48\n|\n|t:|1733845920\n|move|p1a: Excadrill|Iron Head|p2a: Regidrago\n|-damage|p2a: Regidrago|0 fnt\n|faint|p2a: Regidrago\n|\n|-heal|p1a: Excadrill|191/303|[from] item: Leftovers\n|upkeep\n|\n|t:|1733845924\n|switch|p2a: Meloetta|Meloetta, L82|298/298\n|-activate|p2a: Meloetta|move: Sticky Web\n|-unboost|p2a: Meloetta|spe|1\n|turn|49\n|\n|t:|1733845937\n|move|p1a: Excadrill|Iron Head|p2a: Meloetta\n|-damage|p2a: Meloetta|64/298\n|cant|p2a: Meloetta|flinch\n|\n|-heal|p1a: Excadrill|209/303|[from] item: Leftovers\n|upkeep\n|turn|50\n|-message|x+2xy+y forfeited.\n|\n|win|aroblaze\n|raw|aroblaze's rating: 1624 &rarr; <strong>1645</strong><br />(+21 for winning)\n|raw|x+2xy+y's rating: 1648 &rarr; <strong>1627</strong><br />(-21 for losing)\n|l|\u2606x+2xy+y\n|player|p2|\n", "inputlog": ">version bfd83cad13791eb5a5a409923076391caf6fb4d4\n>start {\"formatid\":\"gen9randombattle\",\"seed\":[53479,54953,60305,30323],\"rated\":\"Rated battle\"}\n>player p1 {\"name\":\"aroblaze\",\"avatar\":\"102\",\"rating\":1624,\"seed\":[37810,60396,26205,8900]}\n>player p2 {\"name\":\"x+2xy+y\",\"avatar\":\"1\",\"rating\":1648,\"seed\":[23698,31956,35310,48447]}\n>p1 switch 2\n>p2 move sleeppowder\n>p1 switch 6\n>p2 switch 6\n>p1 move earthquake\n>p2 switch 6\n>p1 move ironhead\n>p2 move quiverdance\n>p1 move ironhead\n>p2 move quiverdance\n>p1 move ironhead\n>p2 move strengthsap\n>p1 switch 4\n>p2 move quiverdance\n>p1 move swordsdance\n>p2 move gigadrain\n>chat \u2606aroblaze|fun game\n>p1 move swordsdance\n>p2 move strengthsap\n>p1 move shadowsneak\n>p2 move gigadrain\n>p1 move playrough\n>p2 move strengthsap\n>p1 switch 2\n>p1 move curse terastallize\n>p2 move strengthsap\n>p1 move curse\n>p2 move quiverdance\n>p1 move curse\n>p2 move quiverdance\n>p1 move curse\n>p2 move quiverdance\n>p1 move curse\n>p2 move gigadrain\n>p1 move curse\n>p2 move strengthsap\n>p1 move curse\n>p2 move strengthsap\n>p1 move wavecrash\n>p2 move strengthsap\n>p1 move curse\n>p2 move strengthsap\n>chat \u2606aroblaze|are u happy with yourself\n>p1 move rest\n>p2 move strengthsap\n>chat \u2606aroblaze|do u look in the mirror and see the person u want looking back at you\n>p1 move sleeptalk\n>p2 switch 6\n>p1 move sleeptalk\n>p2 move hex\n>p1 switch 5\n>p2 move hex\n>p1 move knockoff\n>p2 move willowisp\n>p1 move acrobatics\n>p2 switch 5\n>p1 move knockoff\n>p2 move bugbite\n>p1 switch 6\n>p1 move stickyweb\n>p2 move swordsdance\n>p1 move stickyweb\n>p2 move swordsdance\n>p1 move stickyweb\n>p2 move bulletpunch\n>p1 move pounce\n>p2 move bulletpunch\n>p1 switch 5\n>p1 move rest\n>p2 move bugbite\n>p1 move sleeptalk\n>p2 move bugbite\n>p1 move sleeptalk\n>p2 move bugbite\n>p1 move rest\n>p2 move bugbite\n>p1 move sleeptalk\n>p2 switch 5\n>p1 move sleeptalk\n>p2 move torchsong\n>p1 move wavecrash\n>p2 move hex\n>p2 switch 2\n>p1 move wavecrash\n>p2 move dragonenergy\n>p1 switch 3\n>p1 move swordsdance\n>p2 switch 5\n>p1 move ivycudgel\n>p2 move bulletpunch\n>p2 switch 6\n>p1 move ivycudgel\n>p2 move strengthsap terastallize\n>p1 move superpower\n>p2 move strengthsap\n>p2 switch 4\n>p1 move powerwhip\n>p2 move earthpower\n>p1 switch 4\n>p1 move earthquake\n>p2 move earthpower\n>p2 switch 5\n>p1 move swordsdance\n>p2 move earthquake\n>p1 move ironhead\n>p2 move earthquake\n>p1 move ironhead\n>p2 move earthquake\n>p2 switch 3\n>p1 move ironhead\n>p2 move closecombat\n>forcelose p2", "uploadtime": 1733845949, "views": 1, "formatid": "gen9randombattle", "rating": 1627, "private": 0, "password": null}