{"id": "gen9randombattle-2260728786", "format": "[Gen 9] Random Battle", "players": ["qwertyuiopmnbvcf", "FantasyWind"], "log": "|j|\u2606qwertyuiopmnbvcf\n|j|\u203dFantasyWind\n|t:|1733883823\n|gametype|singles\n|player|p1|qwertyuiopmnbvcf|skierf-gen4dp|1460\n|player|p2|FantasyWind|hilda|1447\n|teamsize|p1|6\n|teamsize|p2|6\n|gen|9\n|tier|[Gen 9] Random Battle\n|rated|\n|rule|Species Clause: Limit one of each Pok\u00e9mon\n|rule|HP Percentage Mod: HP is shown in percentages\n|rule|Sleep Clause Mod: Limit one foe put to sleep\n|rule|Illusion Level Mod: Illusion disguises the Pok\u00e9mon's true level\n|\n|t:|1733883823\n|start\n|switch|p1a: Regidrago|Regidrago, L77|435/435\n|switch|p2a: Flamigo|Flamigo, L82, M|269/269\n|turn|1\n|inactive|Battle timer is ON: inactive players will automatically lose when time's up. (requested by qwertyuiopmnbvcf)\n|\n|t:|1733883843\n|switch|p2a: Scream Tail|Scream Tail, L84|330/330\n|move|p1a: Regidrago|Dragon Dance|p1a: Regidrago\n|-boost|p1a: Regidrago|atk|1\n|-boost|p1a: Regidrago|spe|1\n|\n|upkeep\n|turn|2\n|inactive|qwertyuiopmnbvcf has 120 seconds left.\n|\n|t:|1733883881\n|switch|p1a: Dunsparce|Dunsparce, L86, F|312/312\n|move|p2a: Scream Tail|Thunder Wave|p1a: Dunsparce\n|-status|p1a: Dunsparce|par\n|\n|upkeep\n|turn|3\n|inactive|qwertyuiopmnbvcf has 120 seconds left.\n|\n|t:|1733883898\n|-end|p2a: Scream Tail|Protosynthesis|[silent]\n|switch|p2a: Oricorio|Oricorio-Pom-Pom, L82, F|257/257\n|move|p1a: Dunsparce|Body Slam|p2a: Oricorio\n|-crit|p2a: Oricorio\n|-damage|p2a: Oricorio|128/257\n|\n|upkeep\n|turn|4\n|\n|t:|1733883908\n|move|p2a: Oricorio|Roost|p2a: Oricorio\n|-heal|p2a: Oricorio|257/257\n|-singleturn|p2a: Oricorio|move: Roost\n|move|p1a: Dunsparce|Body Slam|p2a: Oricorio\n|-damage|p2a: Oricorio|170/257\n|\n|upkeep\n|turn|5\n|\n|t:|1733883915\n|move|p2a: Oricorio|Quiver Dance|p2a: Oricorio\n|-boost|p2a: Oricorio|spa|1\n|-boost|p2a: Oricorio|spd|1\n|-boost|p2a: Oricorio|spe|1\n|move|p1a: Dunsparce|Body Slam|p2a: Oricorio\n|-damage|p2a: Oricorio|77/257\n|\n|upkeep\n|turn|6\n|\n|t:|1733883925\n|move|p2a: Oricorio|Roost|p2a: Oricorio\n|-heal|p2a: Oricorio|206/257\n|-singleturn|p2a: Oricorio|move: Roost\n|move|p1a: Dunsparce|Earthquake|p2a: Oricorio\n|-supereffective|p2a: Oricorio\n|-damage|p2a: Oricorio|52/257\n|\n|upkeep\n|turn|7\n|\n|t:|1733883938\n|move|p2a: Oricorio|Roost|p2a: Oricorio\n|-heal|p2a: Oricorio|181/257\n|-singleturn|p2a: Oricorio|move: Roost\n|move|p1a: Dunsparce|Body Slam|p2a: Oricorio\n|-damage|p2a: Oricorio|88/257\n|\n|upkeep\n|turn|8\n|\n|t:|1733883946\n|move|p2a: Oricorio|Revelation Dance|p1a: Dunsparce\n|-damage|p1a: Dunsparce|198/312 par\n|cant|p1a: Dunsparce|par\n|\n|upkeep\n|turn|9\n|\n|t:|1733883952\n|move|p2a: Oricorio|Roost|p2a: Oricorio\n|-heal|p2a: Oricorio|217/257\n|-singleturn|p2a: Oricorio|move: Roost\n|move|p1a: Dunsparce|Body Slam|p2a: Oricorio\n|-damage|p2a: Oricorio|133/257\n|\n|upkeep\n|turn|10\n|\n|t:|1733883962\n|move|p2a: Oricorio|Quiver Dance|p2a: Oricorio\n|-boost|p2a: Oricorio|spa|1\n|-boost|p2a: Oricorio|spd|1\n|-boost|p2a: Oricorio|spe|1\n|cant|p1a: Dunsparce|par\n|\n|upkeep\n|turn|11\n|\n|t:|1733883968\n|move|p2a: Oricorio|Quiver Dance|p2a: Oricorio\n|-boost|p2a: Oricorio|spa|1\n|-boost|p2a: Oricorio|spd|1\n|-boost|p2a: Oricorio|spe|1\n|move|p1a: Dunsparce|Body Slam|p2a: Oricorio\n|-damage|p2a: Oricorio|46/257\n|\n|upkeep\n|turn|12\n|\n|t:|1733883977\n|move|p2a: Oricorio|Roost|p2a: Oricorio\n|-heal|p2a: Oricorio|175/257\n|-singleturn|p2a: Oricorio|move: Roost\n|move|p1a: Dunsparce|Earthquake|p2a: Oricorio\n|-supereffective|p2a: Oricorio\n|-damage|p2a: Oricorio|31/257\n|\n|upkeep\n|turn|13\n|\n|t:|1733883985\n|move|p2a: Oricorio|Roost|p2a: Oricorio\n|-heal|p2a: Oricorio|160/257\n|-singleturn|p2a: Oricorio|move: Roost\n|move|p1a: Dunsparce|Earthquake|p2a: Oricorio\n|-supereffective|p2a: Oricorio\n|-damage|p2a: Oricorio|28/257\n|\n|upkeep\n|turn|14\n|\n|t:|1733883992\n|move|p2a: Oricorio|Roost|p2a: Oricorio\n|-heal|p2a: Oricorio|157/257\n|-singleturn|p2a: Oricorio|move: Roost\n|move|p1a: Dunsparce|Earthquake|p2a: Oricorio\n|-supereffective|p2a: Oricorio\n|-damage|p2a: Oricorio|11/257\n|\n|upkeep\n|turn|15\n|\n|t:|1733884001\n|move|p2a: Oricorio|Quiver Dance|p2a: Oricorio\n|-boost|p2a: Oricorio|spa|1\n|-boost|p2a: Oricorio|spd|1\n|-boost|p2a: Oricorio|spe|1\n|move|p1a: Dunsparce|Earthquake|p2a: Oricorio\n|-immune|p2a: Oricorio\n|\n|upkeep\n|turn|16\n|\n|t:|1733884018\n|move|p2a: Oricorio|Revelation Dance|p1a: Dunsparce\n|-damage|p1a: Dunsparce|0 fnt\n|faint|p1a: Dunsparce\n|\n|upkeep\n|\n|t:|1733884024\n|switch|p1a: Victreebel|Victreebel, L90, F|290/290\n|turn|17\n|\n|t:|1733884031\n|move|p1a: Victreebel|Sucker Punch|p2a: Oricorio\n|-damage|p2a: Oricorio|0 fnt\n|faint|p2a: Oricorio\n|-damage|p1a: Victreebel|261/290|[from] item: Life Orb\n|\n|upkeep\n|\n|t:|1733884034\n|switch|p2a: Flamigo|Flamigo, L82, M|269/269\n|turn|18\n|\n|t:|1733884043\n|switch|p1a: Plusle|Plusle, L95, F|268/268\n|move|p2a: Flamigo|Swords Dance|p2a: Flamigo\n|-boost|p2a: Flamigo|atk|2\n|\n|upkeep\n|turn|19\n|\n|t:|1733884050\n|-terastallize|p2a: Flamigo|Steel\n|move|p1a: Plusle|Thunderbolt|p2a: Flamigo\n|-damage|p2a: Flamigo|96/269\n|-damage|p1a: Plusle|242/268|[from] item: Life Orb\n|move|p2a: Flamigo|Close Combat|p1a: Plusle\n|-damage|p1a: Plusle|0 fnt\n|-unboost|p2a: Flamigo|def|1\n|-unboost|p2a: Flamigo|spd|1\n|faint|p1a: Plusle\n|-damage|p2a: Flamigo|70/269|[from] item: Life Orb\n|\n|upkeep\n|\n|t:|1733884067\n|switch|p1a: Deoxys|Deoxys-Defense, L84|221/221\n|-ability|p1a: Deoxys|Pressure\n|turn|20\n|\n|t:|1733884080\n|-terastallize|p1a: Deoxys|Fairy\n|move|p1a: Deoxys|Psychic Noise|p2a: Flamigo\n|-resisted|p2a: Flamigo\n|-damage|p2a: Flamigo|11/269\n|-start|p2a: Flamigo|move: Heal Block\n|cant|p2a: Flamigo|move: Heal Block|Roost\n|\n|upkeep\n|turn|21\n|\n|t:|1733884098\n|switch|p2a: Scream Tail|Scream Tail, L84|330/330\n|move|p1a: Deoxys|Psychic Noise|p2a: Scream Tail\n|-resisted|p2a: Scream Tail\n|-damage|p2a: Scream Tail|305/330\n|-start|p2a: Scream Tail|move: Heal Block\n|\n|upkeep\n|turn|22\n|\n|t:|1733884114\n|switch|p1a: Victreebel|Victreebel, L90, F|261/290\n|move|p2a: Scream Tail|Thunder Wave|p1a: Victreebel\n|-status|p1a: Victreebel|par\n|\n|-end|p2a: Scream Tail|move: Heal Block\n|upkeep\n|turn|23\n|\n|t:|1733884123\n|move|p2a: Scream Tail|Wish|p2a: Scream Tail\n|move|p1a: Victreebel|Swords Dance|p1a: Victreebel\n|-boost|p1a: Victreebel|atk|2\n|\n|-heal|p2a: Scream Tail|325/330|[from] item: Leftovers\n|upkeep\n|turn|24\n|\n|t:|1733884132\n|-end|p2a: Scream Tail|Protosynthesis|[silent]\n|switch|p2a: Flamigo|Flamigo, L82, M, tera:Steel|11/269\n|cant|p1a: Victreebel|par\n|\n|-heal|p2a: Flamigo|176/269|[from] move: Wish|[wisher] Scream Tail\n|upkeep\n|turn|25\n|\n|t:|1733884140\n|cant|p1a: Victreebel|par\n|move|p2a: Flamigo|Brave Bird|p1a: Victreebel\n|-supereffective|p1a: Victreebel\n|-damage|p1a: Victreebel|0 fnt\n|faint|p1a: Victreebel\n|-damage|p2a: Flamigo|90/269|[from] Recoil\n|-damage|p2a: Flamigo|64/269|[from] item: Life Orb\n|\n|upkeep\n|\n|t:|1733884151\n|switch|p1a: Deoxys|Deoxys-Defense, L84, tera:Fairy|221/221\n|-ability|p1a: Deoxys|Pressure\n|turn|26\n|\n|t:|1733884159\n|move|p1a: Deoxys|Psychic Noise|p2a: Flamigo\n|-resisted|p2a: Flamigo\n|-damage|p2a: Flamigo|26/269\n|-start|p2a: Flamigo|move: Heal Block\n|move|p2a: Flamigo|Brave Bird|p1a: Deoxys\n|-damage|p1a: Deoxys|111/221\n|-damage|p2a: Flamigo|0 fnt|[from] Recoil\n|faint|p2a: Flamigo\n|\n|-heal|p1a: Deoxys|124/221|[from] item: Leftovers\n|upkeep\n|\n|t:|1733884165\n|switch|p2a: Salazzle|Salazzle, L83, F|249/249\n|turn|27\n|\n|t:|1733884173\n|move|p2a: Salazzle|Sludge Wave|p1a: Deoxys\n|-supereffective|p1a: Deoxys\n|-damage|p1a: Deoxys|0 fnt\n|faint|p1a: Deoxys\n|\n|upkeep\n|\n|t:|1733884179\n|switch|p1a: Regidrago|Regidrago, L77|435/435\n|turn|28\n|\n|t:|1733884185\n|move|p2a: Salazzle|Sludge Wave|p1a: Regidrago\n|-damage|p1a: Regidrago|261/435\n|move|p1a: Regidrago|Dragon Dance|p1a: Regidrago\n|-boost|p1a: Regidrago|atk|1\n|-boost|p1a: Regidrago|spe|1\n|\n|upkeep\n|turn|29\n|\n|t:|1733884193\n|switch|p2a: Scream Tail|Scream Tail, L84|325/330\n|move|p1a: Regidrago|Dragon Dance|p1a: Regidrago\n|-boost|p1a: Regidrago|atk|1\n|-boost|p1a: Regidrago|spe|1\n|\n|-heal|p2a: Scream Tail|330/330|[from] item: Leftovers\n|upkeep\n|turn|30\n|\n|t:|1733884205\n|move|p1a: Regidrago|Earthquake|p2a: Scream Tail\n|-damage|p2a: Scream Tail|222/330\n|move|p2a: Scream Tail|Thunder Wave|p1a: Regidrago\n|-status|p1a: Regidrago|par\n|-enditem|p1a: Regidrago|Lum Berry|[eat]\n|-curestatus|p1a: Regidrago|par|[msg]\n|\n|-heal|p2a: Scream Tail|242/330|[from] item: Leftovers\n|upkeep\n|turn|31\n|\n|t:|1733884215\n|move|p1a: Regidrago|Earthquake|p2a: Scream Tail\n|-damage|p2a: Scream Tail|132/330\n|move|p2a: Scream Tail|Thunder Wave|p1a: Regidrago\n|-status|p1a: Regidrago|par\n|\n|-heal|p2a: Scream Tail|152/330|[from] item: Leftovers\n|upkeep\n|turn|32\n|\n|t:|1733884225\n|move|p2a: Scream Tail|Protect|p2a: Scream Tail\n|-singleturn|p2a: Scream Tail|Protect\n|move|p1a: Regidrago|Dragon Dance|p1a: Regidrago\n|-boost|p1a: Regidrago|atk|1\n|-boost|p1a: Regidrago|spe|1\n|\n|-heal|p2a: Scream Tail|172/330|[from] item: Leftovers\n|upkeep\n|turn|33\n|\n|t:|1733884233\n|move|p2a: Scream Tail|Play Rough|p1a: Regidrago\n|-supereffective|p1a: Regidrago\n|-damage|p1a: Regidrago|49/435 par\n|move|p1a: Regidrago|Earthquake|p2a: Scream Tail\n|-damage|p2a: Scream Tail|43/330\n|\n|-heal|p2a: Scream Tail|63/330|[from] item: Leftovers\n|upkeep\n|turn|34\n|\n|t:|1733884242\n|move|p2a: Scream Tail|Play Rough|p1a: Regidrago\n|-supereffective|p1a: Regidrago\n|-damage|p1a: Regidrago|0 fnt\n|faint|p1a: Regidrago\n|\n|-heal|p2a: Scream Tail|83/330|[from] item: Leftovers\n|upkeep\n|\n|t:|1733884248\n|switch|p1a: Scovillain|Scovillain, L91, M|266/266\n|turn|35\n|\n|t:|1733884253\n|move|p2a: Scream Tail|Thunder Wave|p1a: Scovillain\n|-status|p1a: Scovillain|par\n|move|p1a: Scovillain|Sunny Day|p1a: Scovillain\n|-weather|SunnyDay\n|-activate|p2a: Scream Tail|ability: Protosynthesis\n|-start|p2a: Scream Tail|protosynthesisspd\n|\n|-weather|SunnyDay|[upkeep]\n|-heal|p2a: Scream Tail|103/330|[from] item: Leftovers\n|upkeep\n|turn|36\n|\n|t:|1733884263\n|move|p2a: Scream Tail|Protect|p2a: Scream Tail\n|-singleturn|p2a: Scream Tail|Protect\n|move|p1a: Scovillain|Fire Blast|p2a: Scream Tail\n|-activate|p2a: Scream Tail|move: Protect\n|\n|-weather|SunnyDay|[upkeep]\n|-heal|p2a: Scream Tail|123/330|[from] item: Leftovers\n|upkeep\n|turn|37\n|-message|qwertyuiopmnbvcf forfeited.\n|\n|win|FantasyWind\n|raw|qwertyuiopmnbvcf's rating: 1460 &rarr; <strong>1439</strong><br />(-21 for losing)\n|raw|FantasyWind's rating: 1447 &rarr; <strong>1468</strong><br />(+21 for winning)\n|l|\u2606qwertyuiopmnbvcf\n|player|p1|\n", "inputlog": ">version bfd83cad13791eb5a5a409923076391caf6fb4d4\n>start {\"formatid\":\"gen9randombattle\",\"seed\":[62796,3938,64746,47809],\"rated\":\"Rated battle\"}\n>player p1 {\"name\":\"qwertyuiopmnbvcf\",\"avatar\":\"skierf-gen4dp\",\"rating\":1460,\"seed\":[30606,52189,35981,59441]}\n>player p2 {\"name\":\"FantasyWind\",\"avatar\":\"hilda\",\"rating\":1447,\"seed\":[50643,8289,4559,45478]}\n>p1 move dragondance\n>p2 switch 6\n>p1 switch 3\n>p2 move thunderwave\n>p1 move bodyslam\n>p2 switch 3\n>p1 move bodyslam\n>p2 move roost\n>p1 move bodyslam\n>p2 move quiverdance\n>p1 move earthquake\n>p2 move roost\n>p1 move bodyslam\n>p2 move roost\n>p1 move earthquake\n>p2 move revelationdance\n>p1 move bodyslam\n>p2 move roost\n>p1 move bodyslam\n>p2 move quiverdance\n>p1 move bodyslam\n>p2 move quiverdance\n>p1 move earthquake\n>p2 move roost\n>p1 move earthquake\n>p2 move roost\n>p1 move earthquake\n>p2 move roost\n>p1 move earthquake\n>p2 move quiverdance\n>p1 move earthquake\n>p2 move revelationdance\n>p1 switch 4\n>p1 move suckerpunch\n>p2 move hurricane\n>p2 switch 6\n>p1 switch 6\n>p2 move swordsdance\n>p1 move thunderbolt\n>p2 move closecombat terastallize\n>p1 switch 5\n>p1 move psychicnoise terastallize\n>p2 move roost\n>p1 move psychicnoise\n>p2 switch 3\n>p1 switch 6\n>p2 move thunderwave\n>p1 move swordsdance\n>p2 move wish\n>p1 move poisonjab\n>p2 switch 3\n>p1 move suckerpunch\n>p2 move bravebird\n>p1 switch 6\n>p1 move psychicnoise\n>p2 move bravebird\n>p2 switch 4\n>p1 move psychicnoise\n>p2 move sludgewave\n>p1 switch 3\n>p1 move dragondance\n>p2 move sludgewave\n>p1 move dragondance\n>p2 switch 3\n>p1 move earthquake\n>p2 move thunderwave\n>p1 move earthquake\n>p2 move thunderwave\n>p1 move dragondance\n>p2 move protect\n>p1 move earthquake\n>p2 move playrough\n>p1 move earthquake\n>p2 move playrough\n>p1 switch 2\n>p1 move sunnyday\n>p2 move thunderwave\n>p1 move fireblast\n>p2 move protect\n>forcelose p1", "uploadtime": 1733884270, "views": 3, "formatid": "gen9randombattle", "rating": 1439, "private": 0, "password": null}