{"id": "gen9randombattle-2260271942", "format": "[Gen 9] Random Battle", "players": ["marchin", "cthulhe"], "log": "|j|\u2606marchin\n|j|\u2606cthulhe\n|t:|1733833198\n|gametype|singles\n|player|p1|marchin|benga|1691\n|player|p2|cthulhe|harlequin|1690\n|teamsize|p1|6\n|teamsize|p2|6\n|gen|9\n|tier|[Gen 9] Random Battle\n|rated|\n|rule|Species Clause: Limit one of each Pok\u00e9mon\n|rule|HP Percentage Mod: HP is shown in percentages\n|rule|Sleep Clause Mod: Limit one foe put to sleep\n|rule|Illusion Level Mod: Illusion disguises the Pok\u00e9mon's true level\n|\n|t:|1733833198\n|start\n|switch|p1a: Glastrier|Glastrier, L86|311/311\n|switch|p2a: Gouging Fire|Gouging Fire, L74|277/277\n|turn|1\n|inactive|Battle timer is ON: inactive players will automatically lose when time's up. (requested by cthulhe)\n|\n|t:|1733833212\n|-end|p2a: Gouging Fire|Protosynthesis|[silent]\n|switch|p2a: Swalot|Swalot, L90, F|326/326\n|move|p1a: Glastrier|High Horsepower|p2a: Swalot\n|-supereffective|p2a: Swalot\n|-damage|p2a: Swalot|50/326\n|\n|-heal|p2a: Swalot|70/326|[from] item: Leftovers\n|upkeep\n|turn|2\n|\n|t:|1733833220\n|move|p2a: Swalot|Protect|p2a: Swalot\n|-singleturn|p2a: Swalot|Protect\n|move|p1a: Glastrier|High Horsepower|p2a: Swalot\n|-activate|p2a: Swalot|move: Protect\n|\n|-heal|p2a: Swalot|90/326|[from] item: Leftovers\n|upkeep\n|turn|3\n|\n|t:|1733833230\n|move|p2a: Swalot|Toxic|p1a: Glastrier\n|-status|p1a: Glastrier|tox\n|move|p1a: Glastrier|High Horsepower|p2a: Swalot\n|-supereffective|p2a: Swalot\n|-damage|p2a: Swalot|0 fnt\n|faint|p2a: Swalot\n|-ability|p1a: Glastrier|Chilling Neigh|boost\n|-boost|p1a: Glastrier|atk|1\n|\n|-damage|p1a: Glastrier|292/311 tox|[from] psn\n|upkeep\n|\n|t:|1733833258\n|switch|p2a: Basculin|Basculin, L86, F|261/261\n|turn|4\n|\n|t:|1733833264\n|switch|p1a: Vaporeon|Vaporeon, L86, F|364/364\n|move|p2a: Basculin|Flip Turn|p1a: Vaporeon\n|-immune|p1a: Vaporeon|[from] ability: Water Absorb\n|\n|upkeep\n|turn|5\n|\n|t:|1733833270\n|switch|p2a: Chansey|Chansey, L85, F|564/564\n|move|p1a: Vaporeon|Roar|p2a: Chansey\n|drag|p2a: Zekrom|Zekrom, L71|259/259\n|-ability|p2a: Zekrom|Teravolt\n|\n|upkeep\n|turn|6\n|\n|t:|1733833277\n|switch|p1a: Zacian|Zacian-Crowned, L64|225/225\n|-ability|p1a: Zacian|Intrepid Sword|boost\n|-boost|p1a: Zacian|atk|1\n|move|p2a: Zekrom|Bolt Strike|p1a: Zacian\n|-damage|p1a: Zacian|71/225\n|\n|upkeep\n|turn|7\n|\n|t:|1733833286\n|move|p1a: Zacian|Play Rough|p2a: Zekrom\n|-supereffective|p2a: Zekrom\n|-damage|p2a: Zekrom|47/259\n|move|p2a: Zekrom|Bolt Strike|p1a: Zacian\n|-damage|p1a: Zacian|0 fnt\n|faint|p1a: Zacian\n|\n|-heal|p2a: Zekrom|63/259|[from] item: Leftovers\n|upkeep\n|\n|t:|1733833299\n|switch|p1a: Glastrier|Glastrier, L86|292/311 tox\n|turn|8\n|\n|t:|1733833311\n|switch|p2a: Noctowl|Noctowl, L95, M|344/344\n|move|p1a: Glastrier|Icicle Crash|p2a: Noctowl\n|-supereffective|p2a: Noctowl\n|-damage|p2a: Noctowl|0 fnt\n|faint|p2a: Noctowl\n|-ability|p1a: Glastrier|Chilling Neigh|boost\n|-boost|p1a: Glastrier|atk|1\n|\n|-damage|p1a: Glastrier|273/311 tox|[from] psn\n|upkeep\n|inactive|cthulhe has 120 seconds left.\n|\n|t:|1733833341\n|switch|p2a: Basculin|Basculin, L86, F|261/261\n|turn|9\n|inactive|cthulhe has 120 seconds left.\n|\n|t:|1733833355\n|move|p2a: Basculin|Double-Edge|p1a: Glastrier\n|-damage|p1a: Glastrier|179/311 tox\n|-damage|p2a: Basculin|230/261|[from] Recoil\n|move|p1a: Glastrier|Icicle Crash|p2a: Basculin|[miss]\n|-miss|p1a: Glastrier|p2a: Basculin\n|\n|-damage|p1a: Glastrier|141/311 tox|[from] psn\n|upkeep\n|turn|10\n|inactive|cthulhe has 120 seconds left.\n|\n|t:|1733833362\n|switch|p2a: Gouging Fire|Gouging Fire, L74|277/277\n|move|p1a: Glastrier|Icicle Crash|p2a: Gouging Fire\n|-damage|p2a: Gouging Fire|34/277\n|\n|-damage|p1a: Glastrier|84/311 tox|[from] psn\n|upkeep\n|turn|11\n|\n|t:|1733833369\n|move|p2a: Gouging Fire|Earthquake|p1a: Glastrier\n|-damage|p1a: Glastrier|42/311 tox\n|move|p1a: Glastrier|Icicle Crash|p2a: Gouging Fire\n|-damage|p2a: Gouging Fire|0 fnt\n|faint|p2a: Gouging Fire\n|-end|p2a: Gouging Fire|Protosynthesis|[silent]\n|-ability|p1a: Glastrier|Chilling Neigh|boost\n|-boost|p1a: Glastrier|atk|1\n|\n|-damage|p1a: Glastrier|0 fnt|[from] psn\n|faint|p1a: Glastrier\n|upkeep\n|\n|t:|1733833380\n|switch|p2a: Chansey|Chansey, L85, F|564/564\n|switch|p1a: Barraskewda|Barraskewda, L81, M|231/231\n|turn|12\n|\n|t:|1733833384\n|-terastallize|p2a: Chansey|Ghost\n|move|p1a: Barraskewda|Close Combat|p2a: Chansey\n|-immune|p2a: Chansey\n|move|p2a: Chansey|Thunder Wave|p1a: Barraskewda\n|-status|p1a: Barraskewda|par\n|\n|upkeep\n|turn|13\n|\n|t:|1733833392\n|switch|p1a: Vaporeon|Vaporeon, L86, F|364/364\n|move|p2a: Chansey|Stealth Rock|p1a: Vaporeon\n|-sidestart|p1: marchin|move: Stealth Rock\n|\n|upkeep\n|turn|14\n|\n|t:|1733833397\n|move|p1a: Vaporeon|Wish|p1a: Vaporeon\n|move|p2a: Chansey|Thunder Wave|p1a: Vaporeon\n|-status|p1a: Vaporeon|par\n|\n|upkeep\n|turn|15\n|\n|t:|1733833400\n|switch|p1a: Barraskewda|Barraskewda, L81, M|231/231 par\n|-damage|p1a: Barraskewda|203/231 par|[from] Stealth Rock\n|move|p2a: Chansey|Seismic Toss|p1a: Barraskewda\n|-damage|p1a: Barraskewda|118/231 par\n|\n|-heal|p1a: Barraskewda|231/231 par|[from] move: Wish|[wisher] Vaporeon\n|upkeep\n|turn|16\n|\n|t:|1733833413\n|move|p2a: Chansey|Seismic Toss|p1a: Barraskewda\n|-damage|p1a: Barraskewda|146/231 par\n|move|p1a: Barraskewda|Waterfall|p2a: Chansey\n|-damage|p2a: Chansey|248/564\n|\n|upkeep\n|turn|17\n|\n|t:|1733833417\n|move|p2a: Chansey|Soft-Boiled|p2a: Chansey\n|-heal|p2a: Chansey|530/564\n|move|p1a: Barraskewda|Waterfall|p2a: Chansey\n|-damage|p2a: Chansey|220/564\n|\n|upkeep\n|turn|18\n|\n|t:|1733833420\n|move|p2a: Chansey|Soft-Boiled|p2a: Chansey\n|-heal|p2a: Chansey|502/564\n|cant|p1a: Barraskewda|par\n|\n|upkeep\n|turn|19\n|\n|t:|1733833424\n|move|p2a: Chansey|Seismic Toss|p1a: Barraskewda\n|-damage|p1a: Barraskewda|61/231 par\n|move|p1a: Barraskewda|Waterfall|p2a: Chansey\n|-damage|p2a: Chansey|163/564\n|\n|upkeep\n|turn|20\n|\n|t:|1733833427\n|move|p2a: Chansey|Soft-Boiled|p2a: Chansey\n|-heal|p2a: Chansey|445/564\n|cant|p1a: Barraskewda|par\n|\n|upkeep\n|turn|21\n|\n|t:|1733833429\n|move|p2a: Chansey|Seismic Toss|p1a: Barraskewda\n|-damage|p1a: Barraskewda|0 fnt\n|faint|p1a: Barraskewda\n|\n|upkeep\n|\n|t:|1733833437\n|switch|p1a: Articuno|Articuno-Galar, L84|288/288\n|turn|22\n|\n|t:|1733833444\n|move|p1a: Articuno|Calm Mind|p1a: Articuno\n|-boost|p1a: Articuno|spa|1\n|-boost|p1a: Articuno|spd|1\n|move|p2a: Chansey|Thunder Wave|p1a: Articuno\n|-status|p1a: Articuno|par\n|\n|upkeep\n|turn|23\n|\n|t:|1733833446\n|move|p2a: Chansey|Seismic Toss|p1a: Articuno\n|-damage|p1a: Articuno|203/288 par\n|move|p1a: Articuno|Calm Mind|p1a: Articuno\n|-boost|p1a: Articuno|spa|1\n|-boost|p1a: Articuno|spd|1\n|\n|upkeep\n|turn|24\n|\n|t:|1733833451\n|move|p2a: Chansey|Seismic Toss|p1a: Articuno\n|-damage|p1a: Articuno|118/288 par\n|move|p1a: Articuno|Recover|p1a: Articuno\n|-heal|p1a: Articuno|262/288 par\n|\n|upkeep\n|turn|25\n|\n|t:|1733833454\n|move|p2a: Chansey|Seismic Toss|p1a: Articuno\n|-damage|p1a: Articuno|177/288 par\n|move|p1a: Articuno|Hurricane|p2a: Chansey\n|-damage|p2a: Chansey|280/564\n|\n|upkeep\n|turn|26\n|\n|t:|1733833459\n|move|p2a: Chansey|Seismic Toss|p1a: Articuno\n|-damage|p1a: Articuno|92/288 par\n|move|p1a: Articuno|Recover|p1a: Articuno\n|-heal|p1a: Articuno|236/288 par\n|\n|upkeep\n|turn|27\n|\n|t:|1733833463\n|move|p2a: Chansey|Seismic Toss|p1a: Articuno\n|-damage|p1a: Articuno|151/288 par\n|move|p1a: Articuno|Hurricane|p2a: Chansey|[miss]\n|-miss|p1a: Articuno|p2a: Chansey\n|\n|upkeep\n|turn|28\n|\n|t:|1733833466\n|move|p2a: Chansey|Seismic Toss|p1a: Articuno\n|-damage|p1a: Articuno|66/288 par\n|cant|p1a: Articuno|par\n|\n|upkeep\n|turn|29\n|\n|t:|1733833470\n|move|p2a: Chansey|Seismic Toss|p1a: Articuno\n|-damage|p1a: Articuno|0 fnt\n|faint|p1a: Articuno\n|\n|upkeep\n|\n|t:|1733833480\n|switch|p1a: Vaporeon|Vaporeon, L86, F|364/364 par\n|-damage|p1a: Vaporeon|319/364 par|[from] Stealth Rock\n|turn|30\n|\n|t:|1733833483\n|move|p2a: Chansey|Soft-Boiled|p2a: Chansey\n|-heal|p2a: Chansey|562/564\n|move|p1a: Vaporeon|Scald|p2a: Chansey\n|-damage|p2a: Chansey|504/564\n|\n|-heal|p1a: Vaporeon|341/364 par|[from] item: Leftovers\n|upkeep\n|turn|31\n|\n|t:|1733833492\n|move|p2a: Chansey|Seismic Toss|p1a: Vaporeon\n|-damage|p1a: Vaporeon|256/364 par\n|move|p1a: Vaporeon|Roar|p2a: Chansey\n|drag|p2a: Basculin|Basculin, L86, F|230/261\n|\n|-heal|p1a: Vaporeon|278/364 par|[from] item: Leftovers\n|upkeep\n|turn|32\n|\n|t:|1733833496\n|cant|p1a: Vaporeon|par\n|move|p2a: Basculin|Double-Edge|p1a: Vaporeon\n|-damage|p1a: Vaporeon|127/364 par\n|-damage|p2a: Basculin|180/261|[from] Recoil\n|\n|-heal|p1a: Vaporeon|149/364 par|[from] item: Leftovers\n|upkeep\n|turn|33\n|\n|t:|1733833499\n|move|p1a: Vaporeon|Protect|p1a: Vaporeon\n|-singleturn|p1a: Vaporeon|Protect\n|move|p2a: Basculin|Double-Edge|p1a: Vaporeon\n|-activate|p1a: Vaporeon|move: Protect\n|\n|-heal|p1a: Vaporeon|171/364 par|[from] item: Leftovers\n|upkeep\n|turn|34\n|\n|t:|1733833500\n|move|p2a: Basculin|Double-Edge|p1a: Vaporeon\n|-damage|p1a: Vaporeon|15/364 par\n|-damage|p2a: Basculin|129/261|[from] Recoil\n|move|p1a: Vaporeon|Wish|p1a: Vaporeon\n|\n|-heal|p1a: Vaporeon|37/364 par|[from] item: Leftovers\n|upkeep\n|turn|35\n|\n|t:|1733833508\n|move|p1a: Vaporeon|Protect|p1a: Vaporeon\n|-singleturn|p1a: Vaporeon|Protect\n|move|p2a: Basculin|Double-Edge|p1a: Vaporeon\n|-activate|p1a: Vaporeon|move: Protect\n|\n|-heal|p1a: Vaporeon|219/364 par|[from] move: Wish|[wisher] Vaporeon\n|-heal|p1a: Vaporeon|241/364 par|[from] item: Leftovers\n|upkeep\n|turn|36\n|\n|t:|1733833511\n|move|p2a: Basculin|Double-Edge|p1a: Vaporeon\n|-damage|p1a: Vaporeon|69/364 par\n|-damage|p2a: Basculin|72/261|[from] Recoil\n|move|p1a: Vaporeon|Wish|p1a: Vaporeon\n|\n|-heal|p1a: Vaporeon|91/364 par|[from] item: Leftovers\n|upkeep\n|turn|37\n|\n|t:|1733833516\n|move|p1a: Vaporeon|Protect|p1a: Vaporeon\n|-singleturn|p1a: Vaporeon|Protect\n|move|p2a: Basculin|Double-Edge|p1a: Vaporeon\n|-activate|p1a: Vaporeon|move: Protect\n|\n|-heal|p1a: Vaporeon|273/364 par|[from] move: Wish|[wisher] Vaporeon\n|-heal|p1a: Vaporeon|295/364 par|[from] item: Leftovers\n|upkeep\n|turn|38\n|\n|t:|1733833518\n|move|p2a: Basculin|Double-Edge|p1a: Vaporeon\n|-damage|p1a: Vaporeon|130/364 par\n|-damage|p2a: Basculin|18/261|[from] Recoil\n|cant|p1a: Vaporeon|par\n|\n|-heal|p1a: Vaporeon|152/364 par|[from] item: Leftovers\n|upkeep\n|turn|39\n|\n|t:|1733833528\n|move|p1a: Vaporeon|Protect|p1a: Vaporeon\n|-singleturn|p1a: Vaporeon|Protect\n|move|p2a: Basculin|Double-Edge|p1a: Vaporeon\n|-activate|p1a: Vaporeon|move: Protect\n|\n|-heal|p1a: Vaporeon|174/364 par|[from] item: Leftovers\n|upkeep\n|turn|40\n|\n|t:|1733833530\n|move|p2a: Basculin|Double-Edge|p1a: Vaporeon\n|-damage|p1a: Vaporeon|13/364 par\n|-damage|p2a: Basculin|0 fnt|[from] Recoil\n|faint|p2a: Basculin\n|move|p1a: Vaporeon|Wish|p1a: Vaporeon\n|\n|-heal|p1a: Vaporeon|35/364 par|[from] item: Leftovers\n|upkeep\n|\n|t:|1733833545\n|switch|p2a: Zekrom|Zekrom, L71|63/259\n|-ability|p2a: Zekrom|Teravolt\n|turn|41\n|\n|t:|1733833549\n|move|p2a: Zekrom|Dragon Dance|p2a: Zekrom\n|-boost|p2a: Zekrom|atk|1\n|-boost|p2a: Zekrom|spe|1\n|cant|p1a: Vaporeon|par\n|\n|-heal|p1a: Vaporeon|217/364 par|[from] move: Wish|[wisher] Vaporeon\n|-heal|p2a: Zekrom|79/259|[from] item: Leftovers\n|-heal|p1a: Vaporeon|239/364 par|[from] item: Leftovers\n|upkeep\n|turn|42\n|\n|t:|1733833556\n|move|p2a: Zekrom|Bolt Strike|p1a: Vaporeon|[miss]\n|-miss|p2a: Zekrom|p1a: Vaporeon\n|move|p1a: Vaporeon|Roar|p2a: Zekrom\n|drag|p2a: Chansey|Chansey, L85, F, tera:Ghost|504/564\n|\n|-heal|p1a: Vaporeon|261/364 par|[from] item: Leftovers\n|upkeep\n|turn|43\n|\n|t:|1733833563\n|move|p2a: Chansey|Seismic Toss|p1a: Vaporeon\n|-damage|p1a: Vaporeon|176/364 par\n|move|p1a: Vaporeon|Wish|p1a: Vaporeon\n|\n|-heal|p1a: Vaporeon|198/364 par|[from] item: Leftovers\n|upkeep\n|turn|44\n|\n|t:|1733833571\n|move|p2a: Chansey|Seismic Toss|p1a: Vaporeon\n|-damage|p1a: Vaporeon|113/364 par\n|move|p1a: Vaporeon|Scald|p2a: Chansey\n|-damage|p2a: Chansey|447/564\n|\n|-heal|p1a: Vaporeon|295/364 par|[from] move: Wish|[wisher] Vaporeon\n|-heal|p1a: Vaporeon|317/364 par|[from] item: Leftovers\n|upkeep\n|turn|45\n|\n|t:|1733833576\n|move|p2a: Chansey|Seismic Toss|p1a: Vaporeon\n|-damage|p1a: Vaporeon|232/364 par\n|move|p1a: Vaporeon|Scald|p2a: Chansey\n|-damage|p2a: Chansey|393/564\n|\n|-heal|p1a: Vaporeon|254/364 par|[from] item: Leftovers\n|upkeep\n|turn|46\n|\n|t:|1733833580\n|move|p1a: Vaporeon|Protect|p1a: Vaporeon\n|-singleturn|p1a: Vaporeon|Protect\n|move|p2a: Chansey|Seismic Toss|p1a: Vaporeon\n|-activate|p1a: Vaporeon|move: Protect\n|\n|-heal|p1a: Vaporeon|276/364 par|[from] item: Leftovers\n|upkeep\n|turn|47\n|\n|t:|1733833584\n|move|p2a: Chansey|Seismic Toss|p1a: Vaporeon\n|-damage|p1a: Vaporeon|191/364 par\n|move|p1a: Vaporeon|Scald|p2a: Chansey\n|-damage|p2a: Chansey|341/564\n|\n|-heal|p1a: Vaporeon|213/364 par|[from] item: Leftovers\n|upkeep\n|turn|48\n|\n|t:|1733833587\n|move|p2a: Chansey|Seismic Toss|p1a: Vaporeon\n|-damage|p1a: Vaporeon|128/364 par\n|cant|p1a: Vaporeon|par\n|\n|-heal|p1a: Vaporeon|150/364 par|[from] item: Leftovers\n|upkeep\n|turn|49\n|\n|t:|1733833589\n|cant|p1a: Vaporeon|par\n|move|p2a: Chansey|Seismic Toss|p1a: Vaporeon\n|-damage|p1a: Vaporeon|65/364 par\n|\n|-heal|p1a: Vaporeon|87/364 par|[from] item: Leftovers\n|upkeep\n|turn|50\n|\n|t:|1733833591\n|move|p1a: Vaporeon|Protect|p1a: Vaporeon\n|-singleturn|p1a: Vaporeon|Protect\n|move|p2a: Chansey|Seismic Toss|p1a: Vaporeon\n|-activate|p1a: Vaporeon|move: Protect\n|\n|-heal|p1a: Vaporeon|109/364 par|[from] item: Leftovers\n|upkeep\n|turn|51\n|\n|t:|1733833593\n|move|p2a: Chansey|Seismic Toss|p1a: Vaporeon\n|-damage|p1a: Vaporeon|24/364 par\n|move|p1a: Vaporeon|Wish|p1a: Vaporeon\n|\n|-heal|p1a: Vaporeon|46/364 par|[from] item: Leftovers\n|upkeep\n|turn|52\n|\n|t:|1733833597\n|cant|p1a: Vaporeon|par\n|move|p2a: Chansey|Seismic Toss|p1a: Vaporeon\n|-damage|p1a: Vaporeon|0 fnt\n|faint|p1a: Vaporeon\n|\n|upkeep\n|\n|t:|1733833600\n|switch|p1a: Typhlosion|Typhlosion, L84, M|267/267\n|-damage|p1a: Typhlosion|201/267|[from] Stealth Rock\n|turn|53\n|\n|t:|1733833625\n|move|p1a: Typhlosion|Scorching Sands|p2a: Chansey\n|-damage|p2a: Chansey|293/564\n|move|p2a: Chansey|Thunder Wave|p1a: Typhlosion\n|-status|p1a: Typhlosion|par\n|\n|upkeep\n|turn|54\n|\n|t:|1733833629\n|move|p2a: Chansey|Seismic Toss|p1a: Typhlosion\n|-damage|p1a: Typhlosion|116/267 par\n|move|p1a: Typhlosion|Scorching Sands|p2a: Chansey\n|-damage|p2a: Chansey|244/564\n|\n|upkeep\n|turn|55\n|\n|t:|1733833633\n|move|p2a: Chansey|Seismic Toss|p1a: Typhlosion\n|-damage|p1a: Typhlosion|31/267 par\n|cant|p1a: Typhlosion|par\n|\n|upkeep\n|turn|56\n|\n|t:|1733833635\n|move|p2a: Chansey|Seismic Toss|p1a: Typhlosion\n|-damage|p1a: Typhlosion|0 fnt\n|faint|p1a: Typhlosion\n|\n|win|cthulhe\n|raw|marchin's rating: 1691 &rarr; <strong>1671</strong><br />(-20 for losing)\n|raw|cthulhe's rating: 1690 &rarr; <strong>1710</strong><br />(+20 for winning)\n|l|\u2606marchin\n|player|p1|\n", "inputlog": ">version bfd83cad13791eb5a5a409923076391caf6fb4d4\n>start {\"formatid\":\"gen9randombattle\",\"seed\":[24269,7067,55382,15691],\"rated\":\"Rated battle\"}\n>player p1 {\"name\":\"marchin\",\"avatar\":\"benga\",\"rating\":1691,\"seed\":[3820,36099,44514,30311]}\n>player p2 {\"name\":\"cthulhe\",\"avatar\":\"harlequin\",\"rating\":1690,\"seed\":[62187,62728,7858,28679]}\n>p1 move highhorsepower\n>p2 switch 2\n>p1 move highhorsepower\n>p2 move protect\n>p1 move highhorsepower\n>p2 move toxic\n>p2 switch 6\n>p1 switch 6\n>p2 move flipturn\n>p1 move roar\n>p2 switch 5\n>p1 switch 2\n>p2 move boltstrike\n>p1 move playrough\n>p2 move boltstrike\n>p1 switch 6\n>p1 move iciclecrash\n>p2 switch 4\n>p2 switch 5\n>p1 move iciclecrash\n>p2 move doubleedge\n>p1 move iciclecrash\n>p2 switch 2\n>p1 move iciclecrash\n>p2 move earthquake\n>p1 switch 3\n>p2 switch 3\n>p1 move closecombat\n>p2 move thunderwave terastallize\n>p1 switch 2\n>p2 move stealthrock\n>p1 move wish\n>p2 move thunderwave\n>p1 switch 2\n>p2 move seismictoss\n>p1 move waterfall\n>p2 move seismictoss\n>p1 move waterfall\n>p2 move softboiled\n>p1 move waterfall\n>p2 move softboiled\n>p1 move waterfall\n>p2 move seismictoss\n>p1 move waterfall\n>p2 move softboiled\n>p1 move waterfall\n>p2 move seismictoss\n>p1 switch 5\n>p1 move calmmind\n>p2 move thunderwave\n>p1 move calmmind\n>p2 move seismictoss\n>p1 move recover\n>p2 move seismictoss\n>p1 move hurricane\n>p2 move seismictoss\n>p1 move recover\n>p2 move seismictoss\n>p1 move hurricane\n>p2 move seismictoss\n>p1 move recover\n>p2 move seismictoss\n>p1 move recover\n>p2 move seismictoss\n>p1 switch 2\n>p1 move scald\n>p2 move softboiled\n>p1 move roar\n>p2 move seismictoss\n>p1 move protect\n>p2 move doubleedge\n>p1 move protect\n>p2 move doubleedge\n>p1 move wish\n>p2 move doubleedge\n>p1 move protect\n>p2 move doubleedge\n>p1 move wish\n>p2 move doubleedge\n>p1 move protect\n>p2 move doubleedge\n>p1 move wish\n>p2 move doubleedge\n>p1 move protect\n>p2 move doubleedge\n>p1 move wish\n>p2 move doubleedge\n>p2 switch 4\n>p1 move scald\n>p2 move dragondance\n>p1 move roar\n>p2 move boltstrike\n>p1 move wish\n>p2 move seismictoss\n>p1 move scald\n>p2 move seismictoss\n>p1 move scald\n>p2 move seismictoss\n>p1 move protect\n>p2 move seismictoss\n>p1 move scald\n>p2 move seismictoss\n>p1 move scald\n>p2 move seismictoss\n>p1 move protect\n>p2 move seismictoss\n>p1 move protect\n>p2 move seismictoss\n>p1 move wish\n>p2 move seismictoss\n>p1 move protect\n>p2 move seismictoss\n>p1 switch 4\n>p1 move scorchingsands\n>p2 move thunderwave\n>p1 move scorchingsands\n>p2 move seismictoss\n>p1 move scorchingsands\n>p2 move seismictoss\n>p1 move scorchingsands\n>p2 move seismictoss", "uploadtime": 1733833646, "views": 2, "formatid": "gen9randombattle", "rating": 1671, "private": 0, "password": null}