{"id": "gen9randombattle-2260512869", "format": "[Gen 9] Random Battle", "players": ["johnnypickles", "Baduist"], "log": "|j|\u2606johnnypickles\n|j|\u2606Baduist\n|t:|1733858832\n|gametype|singles\n|player|p1|johnnypickles|hoopster|1466\n|player|p2|Baduist|ghetsis|1448\n|teamsize|p1|6\n|teamsize|p2|6\n|gen|9\n|tier|[Gen 9] Random Battle\n|rated|\n|rule|Species Clause: Limit one of each Pok\u00e9mon\n|rule|HP Percentage Mod: HP is shown in percentages\n|rule|Sleep Clause Mod: Limit one foe put to sleep\n|rule|Illusion Level Mod: Illusion disguises the Pok\u00e9mon's true level\n|\n|t:|1733858832\n|start\n|switch|p1a: Basculegion|Basculegion-F, L83, F|335/335\n|switch|p2a: Luvdisc|Luvdisc, M|247/247\n|turn|1\n|inactive|Battle timer is ON: inactive players will automatically lose when time's up. (requested by johnnypickles)\n|\n|t:|1733858858\n|move|p2a: Luvdisc|Substitute|p2a: Luvdisc\n|-start|p2a: Luvdisc|Substitute\n|-damage|p2a: Luvdisc|186/247\n|move|p1a: Basculegion|Flip Turn|p2a: Luvdisc\n|-resisted|p2a: Luvdisc\n|-activate|p2a: Luvdisc|move: Substitute|[damage]\n|\n|t:|1733858879\n|switch|p1a: Hoopa|Hoopa-Unbound, L80|259/259|[from] Flip Turn\n|\n|upkeep\n|turn|2\n|\n|t:|1733858886\n|move|p1a: Hoopa|Hyperspace Fury|p2a: Luvdisc\n|-damage|p2a: Luvdisc|20/247\n|-unboost|p1a: Hoopa|def|1\n|move|p2a: Luvdisc|Whirlpool|p1a: Hoopa\n|-damage|p1a: Hoopa|238/259\n|-activate|p1a: Hoopa|move: Whirlpool|[of] p2a: Luvdisc\n|\n|-damage|p1a: Hoopa|206/259|[from] move: Whirlpool|[partiallytrapped]\n|upkeep\n|turn|3\n|\n|t:|1733858898\n|move|p1a: Hoopa|Hyperspace Fury|p2a: Luvdisc\n|-damage|p2a: Luvdisc|0 fnt\n|-unboost|p1a: Hoopa|def|1\n|faint|p2a: Luvdisc\n|\n|-end|p1a: Hoopa|Whirlpool|[partiallytrapped]|[silent]\n|upkeep\n|\n|t:|1733858906\n|switch|p2a: Cacturne|Cacturne, L92, M|278/278\n|turn|4\n|\n|t:|1733858916\n|switch|p1a: Abomasnow|Abomasnow, L85, M|291/291\n|-weather|Snow|[from] ability: Snow Warning|[of] p1a: Abomasnow\n|move|p2a: Cacturne|Sucker Punch||[still]\n|-fail|p2a: Cacturne\n|\n|-weather|Snow|[upkeep]\n|upkeep\n|turn|5\n|\n|t:|1733858929\n|switch|p2a: Bellibolt|Bellibolt, L84, M|320/320\n|move|p1a: Abomasnow|Aurora Veil|p1a: Abomasnow\n|-sidestart|p1: johnnypickles|move: Aurora Veil\n|\n|-weather|Snow|[upkeep]\n|upkeep\n|turn|6\n|\n|t:|1733858948\n|move|p1a: Abomasnow|Blizzard|p2a: Bellibolt\n|-damage|p2a: Bellibolt|208/320\n|-start|p2a: Bellibolt|Charge|Blizzard|[from] ability: Electromorphosis\n|move|p2a: Bellibolt|Muddy Water|p1a: Abomasnow\n|-resisted|p1a: Abomasnow\n|-damage|p1a: Abomasnow|274/291\n|\n|-weather|Snow|[upkeep]\n|-heal|p2a: Bellibolt|228/320|[from] item: Leftovers\n|upkeep\n|turn|7\n|\n|t:|1733858970\n|move|p1a: Abomasnow|Wood Hammer|p2a: Bellibolt\n|-damage|p2a: Bellibolt|111/320\n|-start|p2a: Bellibolt|Charge|Wood Hammer|[from] ability: Electromorphosis\n|-damage|p1a: Abomasnow|235/291|[from] Recoil\n|move|p2a: Bellibolt|Thunderbolt|p1a: Abomasnow\n|-resisted|p1a: Abomasnow\n|-damage|p1a: Abomasnow|185/291\n|-end|p2a: Bellibolt|Charge|[silent]\n|\n|-weather|Snow|[upkeep]\n|-heal|p2a: Bellibolt|131/320|[from] item: Leftovers\n|upkeep\n|turn|8\n|inactive|johnnypickles has 120 seconds left.\n|\n|t:|1733858988\n|move|p1a: Abomasnow|Blizzard|p2a: Bellibolt\n|-damage|p2a: Bellibolt|16/320\n|-start|p2a: Bellibolt|Charge|Blizzard|[from] ability: Electromorphosis\n|move|p2a: Bellibolt|Slack Off|p2a: Bellibolt\n|-heal|p2a: Bellibolt|176/320\n|\n|-weather|none\n|-heal|p2a: Bellibolt|196/320|[from] item: Leftovers\n|upkeep\n|turn|9\n|inactive|johnnypickles has 120 seconds left.\n|\n|t:|1733859003\n|switch|p1a: Raging Bolt|Raging Bolt, L78|323/323\n|move|p2a: Bellibolt|Muddy Water|p1a: Raging Bolt|[miss]\n|-miss|p2a: Bellibolt|p1a: Raging Bolt\n|\n|-heal|p2a: Bellibolt|216/320|[from] item: Leftovers\n|upkeep\n|turn|10\n|inactive|johnnypickles has 120 seconds left.\n|\n|t:|1733859014\n|move|p1a: Raging Bolt|Draco Meteor|p2a: Bellibolt|[miss]\n|-miss|p1a: Raging Bolt|p2a: Bellibolt\n|move|p2a: Bellibolt|Muddy Water|p1a: Raging Bolt\n|-resisted|p1a: Raging Bolt\n|-damage|p1a: Raging Bolt|311/323\n|-unboost|p1a: Raging Bolt|accuracy|1\n|\n|-heal|p2a: Bellibolt|236/320|[from] item: Leftovers\n|upkeep\n|turn|11\n|inactive|johnnypickles has 120 seconds left.\n|\n|t:|1733859026\n|move|p1a: Raging Bolt|Draco Meteor|p2a: Bellibolt\n|-damage|p2a: Bellibolt|80/320\n|-unboost|p1a: Raging Bolt|spa|2\n|-start|p2a: Bellibolt|Charge|Draco Meteor|[from] ability: Electromorphosis\n|move|p2a: Bellibolt|Muddy Water|p1a: Raging Bolt|[miss]\n|-miss|p2a: Bellibolt|p1a: Raging Bolt\n|\n|-heal|p2a: Bellibolt|100/320|[from] item: Leftovers\n|upkeep\n|turn|12\n|\n|t:|1733859036\n|move|p1a: Raging Bolt|Volt Switch|p2a: Bellibolt\n|-resisted|p2a: Bellibolt\n|-damage|p2a: Bellibolt|78/320\n|-start|p2a: Bellibolt|Charge|Volt Switch|[from] ability: Electromorphosis\n|\n|t:|1733859051\n|-end|p1a: Raging Bolt|Protosynthesis|[silent]\n|switch|p1a: Abomasnow|Abomasnow, L85, M|185/291|[from] Volt Switch\n|-weather|Snow|[from] ability: Snow Warning|[of] p1a: Abomasnow\n|move|p2a: Bellibolt|Slack Off|p2a: Bellibolt\n|-heal|p2a: Bellibolt|238/320\n|\n|-weather|Snow|[upkeep]\n|-heal|p2a: Bellibolt|258/320|[from] item: Leftovers\n|-sideend|p1: johnnypickles|move: Aurora Veil\n|upkeep\n|turn|13\n|\n|t:|1733859064\n|move|p1a: Abomasnow|Aurora Veil|p1a: Abomasnow\n|-sidestart|p1: johnnypickles|move: Aurora Veil\n|move|p2a: Bellibolt|Thunderbolt|p1a: Abomasnow\n|-resisted|p1a: Abomasnow\n|-damage|p1a: Abomasnow|134/291\n|-end|p2a: Bellibolt|Charge|[silent]\n|\n|-weather|Snow|[upkeep]\n|-heal|p2a: Bellibolt|278/320|[from] item: Leftovers\n|upkeep\n|turn|14\n|\n|t:|1733859072\n|move|p1a: Abomasnow|Blizzard|p2a: Bellibolt\n|-damage|p2a: Bellibolt|167/320\n|-start|p2a: Bellibolt|Charge|Blizzard|[from] ability: Electromorphosis\n|move|p2a: Bellibolt|Muddy Water|p1a: Abomasnow\n|-resisted|p1a: Abomasnow\n|-damage|p1a: Abomasnow|116/291\n|-unboost|p1a: Abomasnow|accuracy|1\n|\n|-weather|Snow|[upkeep]\n|-heal|p2a: Bellibolt|187/320|[from] item: Leftovers\n|upkeep\n|turn|15\n|\n|t:|1733859083\n|move|p1a: Abomasnow|Blizzard|p2a: Bellibolt\n|-damage|p2a: Bellibolt|70/320\n|-start|p2a: Bellibolt|Charge|Blizzard|[from] ability: Electromorphosis\n|move|p2a: Bellibolt|Slack Off|p2a: Bellibolt\n|-heal|p2a: Bellibolt|230/320\n|\n|-weather|Snow|[upkeep]\n|-heal|p2a: Bellibolt|250/320|[from] item: Leftovers\n|upkeep\n|turn|16\n|\n|t:|1733859099\n|move|p1a: Abomasnow|Blizzard|p2a: Bellibolt\n|-damage|p2a: Bellibolt|121/320\n|-start|p2a: Bellibolt|Charge|Blizzard|[from] ability: Electromorphosis\n|move|p2a: Bellibolt|Thunderbolt|p1a: Abomasnow\n|-resisted|p1a: Abomasnow\n|-damage|p1a: Abomasnow|64/291\n|-end|p2a: Bellibolt|Charge|[silent]\n|\n|-weather|none\n|-heal|p2a: Bellibolt|141/320|[from] item: Leftovers\n|upkeep\n|turn|17\n|\n|t:|1733859110\n|move|p1a: Abomasnow|Blizzard|p2a: Bellibolt|[miss]\n|-miss|p1a: Abomasnow|p2a: Bellibolt\n|move|p2a: Bellibolt|Slack Off|p2a: Bellibolt\n|-heal|p2a: Bellibolt|301/320\n|\n|-heal|p2a: Bellibolt|320/320|[from] item: Leftovers\n|upkeep\n|turn|18\n|\n|t:|1733859119\n|switch|p1a: Raging Bolt|Raging Bolt, L78|311/323\n|move|p2a: Bellibolt|Muddy Water|p1a: Raging Bolt\n|-resisted|p1a: Raging Bolt\n|-damage|p1a: Raging Bolt|299/323\n|\n|upkeep\n|turn|19\n|\n|t:|1733859130\n|move|p1a: Raging Bolt|Draco Meteor|p2a: Bellibolt\n|-damage|p2a: Bellibolt|146/320\n|-unboost|p1a: Raging Bolt|spa|2\n|-start|p2a: Bellibolt|Charge|Draco Meteor|[from] ability: Electromorphosis\n|move|p2a: Bellibolt|Muddy Water|p1a: Raging Bolt\n|-resisted|p1a: Raging Bolt\n|-damage|p1a: Raging Bolt|288/323\n|\n|-heal|p2a: Bellibolt|166/320|[from] item: Leftovers\n|upkeep\n|turn|20\n|\n|t:|1733859148\n|switch|p2a: Pawmot|Pawmot, L80, F|243/243\n|move|p1a: Raging Bolt|Volt Switch|p2a: Pawmot\n|-resisted|p2a: Pawmot\n|-damage|p2a: Pawmot|214/243\n|\n|t:|1733859156\n|-end|p1a: Raging Bolt|Protosynthesis|[silent]\n|switch|p1a: Abomasnow|Abomasnow, L85, M|64/291|[from] Volt Switch\n|-weather|Snow|[from] ability: Snow Warning|[of] p1a: Abomasnow\n|\n|-weather|Snow|[upkeep]\n|-sideend|p1: johnnypickles|move: Aurora Veil\n|upkeep\n|turn|21\n|inactive|johnnypickles has 120 seconds left.\n|\n|t:|1733859176\n|move|p2a: Pawmot|Ice Punch|p1a: Abomasnow\n|-damage|p1a: Abomasnow|0 fnt\n|faint|p1a: Abomasnow\n|-damage|p2a: Pawmot|190/243|[from] item: Life Orb\n|\n|-weather|Snow|[upkeep]\n|upkeep\n|inactive|johnnypickles has 120 seconds left.\n|\n|t:|1733859183\n|switch|p1a: Hoopa|Hoopa-Unbound, L80|206/259\n|turn|22\n|\n|t:|1733859191\n|move|p1a: Hoopa|Psychic|p2a: Pawmot\n|-supereffective|p2a: Pawmot\n|-damage|p2a: Pawmot|0 fnt\n|faint|p2a: Pawmot\n|\n|-weather|Snow|[upkeep]\n|upkeep\n|\n|t:|1733859200\n|switch|p2a: Bellibolt|Bellibolt, L84, M|166/320\n|turn|23\n|\n|t:|1733859206\n|move|p1a: Hoopa|Psychic|p2a: Bellibolt\n|-damage|p2a: Bellibolt|30/320\n|-start|p2a: Bellibolt|Charge|Psychic|[from] ability: Electromorphosis\n|move|p2a: Bellibolt|Slack Off|p2a: Bellibolt\n|-heal|p2a: Bellibolt|190/320\n|\n|-weather|Snow|[upkeep]\n|-heal|p2a: Bellibolt|210/320|[from] item: Leftovers\n|upkeep\n|turn|24\n|\n|t:|1733859217\n|switch|p1a: Raging Bolt|Raging Bolt, L78|288/323\n|move|p2a: Bellibolt|Thunderbolt|p1a: Raging Bolt\n|-resisted|p1a: Raging Bolt\n|-damage|p1a: Raging Bolt|256/323\n|-end|p2a: Bellibolt|Charge|[silent]\n|\n|-weather|none\n|-heal|p2a: Bellibolt|230/320|[from] item: Leftovers\n|upkeep\n|turn|25\n|\n|t:|1733859226\n|move|p1a: Raging Bolt|Draco Meteor|p2a: Bellibolt\n|-damage|p2a: Bellibolt|67/320\n|-unboost|p1a: Raging Bolt|spa|2\n|-start|p2a: Bellibolt|Charge|Draco Meteor|[from] ability: Electromorphosis\n|move|p2a: Bellibolt|Muddy Water|p1a: Raging Bolt\n|-resisted|p1a: Raging Bolt\n|-damage|p1a: Raging Bolt|231/323\n|-unboost|p1a: Raging Bolt|accuracy|1\n|\n|-heal|p2a: Bellibolt|87/320|[from] item: Leftovers\n|upkeep\n|turn|26\n|c|\u2606johnnypickles|This is ridiculous\n|c|\u2606Baduist|isn't it\n|c|\u2606johnnypickles|I have never been walled by a bellibolt ever\n|inactive|johnnypickles has 120 seconds left.\n|\n|t:|1733859258\n|move|p1a: Raging Bolt|Volt Switch|p2a: Bellibolt\n|-resisted|p2a: Bellibolt\n|-damage|p2a: Bellibolt|64/320\n|-start|p2a: Bellibolt|Charge|Volt Switch|[from] ability: Electromorphosis\n|inactive|johnnypickles has 120 seconds left.\n|c|\u2606Baduist|I've never even used bellibolt before\n|\n|t:|1733859267\n|-end|p1a: Raging Bolt|Protosynthesis|[silent]\n|switch|p1a: Hoopa|Hoopa-Unbound, L80|206/259|[from] Volt Switch\n|move|p2a: Bellibolt|Slack Off|p2a: Bellibolt\n|-heal|p2a: Bellibolt|224/320\n|\n|-heal|p2a: Bellibolt|244/320|[from] item: Leftovers\n|upkeep\n|turn|27\n|inactive|johnnypickles has 120 seconds left.\n|\n|t:|1733859279\n|move|p1a: Hoopa|Trick|p2a: Bellibolt\n|-activate|p1a: Hoopa|move: Trick|[of] p2a: Bellibolt\n|-item|p2a: Bellibolt|Choice Scarf|[from] move: Trick\n|-item|p1a: Hoopa|Leftovers|[from] move: Trick\n|move|p2a: Bellibolt|Thunderbolt|p1a: Hoopa\n|-damage|p1a: Hoopa|62/259\n|-end|p2a: Bellibolt|Charge|[silent]\n|\n|-heal|p1a: Hoopa|78/259|[from] item: Leftovers\n|upkeep\n|turn|28\n|c|\u2606Baduist|ahhh sad times\n|c|\u2606Baduist|my beloved shall be missed\n|\n|t:|1733859296\n|switch|p1a: Raging Bolt|Raging Bolt, L78|231/323\n|move|p2a: Bellibolt|Thunderbolt|p1a: Raging Bolt\n|-resisted|p1a: Raging Bolt\n|-damage|p1a: Raging Bolt|214/323\n|\n|upkeep\n|turn|29\n|\n|t:|1733859311\n|switch|p2a: Ninetales|Ninetales-Alola, L78, M|242/242\n|-weather|Snow|[from] ability: Snow Warning|[of] p2a: Ninetales\n|move|p1a: Raging Bolt|Volt Switch|p2a: Ninetales\n|-damage|p2a: Ninetales|163/242\n|inactive|johnnypickles has 120 seconds left.\n|\n|t:|1733859332\n|-end|p1a: Raging Bolt|Protosynthesis|[silent]\n|switch|p1a: Cetitan|Cetitan, L82, F|413/413|[from] Volt Switch\n|\n|-weather|Snow|[upkeep]\n|upkeep\n|turn|30\n|inactive|johnnypickles has 120 seconds left.\n|\n|t:|1733859339\n|move|p2a: Ninetales|Aurora Veil|p2a: Ninetales\n|-sidestart|p2: Baduist|move: Aurora Veil\n|move|p1a: Cetitan|Liquidation|p2a: Ninetales\n|-damage|p2a: Ninetales|121/242\n|\n|-weather|Snow|[upkeep]\n|upkeep\n|turn|31\n|c|\u2606Baduist|my turn\n|c|\u2606Baduist|hehe\n|inactive|johnnypickles has 120 seconds left.\n|\n|t:|1733859357\n|move|p2a: Ninetales|Nasty Plot|p2a: Ninetales\n|-boost|p2a: Ninetales|spa|2\n|move|p1a: Cetitan|Liquidation|p2a: Ninetales\n|-damage|p2a: Ninetales|77/242\n|\n|-weather|Snow|[upkeep]\n|upkeep\n|turn|32\n|inactive|johnnypickles has 120 seconds left.\n|\n|t:|1733859365\n|move|p2a: Ninetales|Moonblast|p1a: Cetitan\n|-damage|p1a: Cetitan|184/413\n|move|p1a: Cetitan|Liquidation|p2a: Ninetales\n|-damage|p2a: Ninetales|31/242\n|\n|-weather|Snow|[upkeep]\n|upkeep\n|turn|33\n|inactive|johnnypickles has 120 seconds left.\n|\n|t:|1733859383\n|move|p2a: Ninetales|Moonblast|p1a: Cetitan\n|-damage|p1a: Cetitan|0 fnt\n|faint|p1a: Cetitan\n|\n|-weather|none\n|upkeep\n|\n|t:|1733859390\n|switch|p1a: Terapagos|Terapagos, L76, M|262/262\n|-activate|p1a: Terapagos|ability: Tera Shift\n|detailschange|p1a: Terapagos|Terapagos-Terastal, L76, M\n|-heal|p1a: Terapagos|269/269|[silent]\n|turn|34\n|inactive|johnnypickles has 120 seconds left.\n|\n|t:|1733859403\n|move|p2a: Ninetales|Moonblast|p1a: Terapagos\n|-activate|p1a: Terapagos|ability: Tera Shell\n|-resisted|p1a: Terapagos\n|-damage|p1a: Terapagos|200/269\n|-unboost|p1a: Terapagos|spa|1\n|move|p1a: Terapagos|Calm Mind|p1a: Terapagos\n|-boost|p1a: Terapagos|spa|1\n|-boost|p1a: Terapagos|spd|1\n|\n|upkeep\n|turn|35\n|c|\u2606johnnypickles|Brooo\n|inactive|johnnypickles has 120 seconds left.\n|\n|t:|1733859416\n|move|p2a: Ninetales|Moonblast|p1a: Terapagos\n|-damage|p1a: Terapagos|112/269\n|move|p1a: Terapagos|Rest|p1a: Terapagos\n|-status|p1a: Terapagos|slp|[from] move: Rest\n|-heal|p1a: Terapagos|269/269 slp|[silent]\n|-enditem|p1a: Terapagos|Chesto Berry|[eat]\n|-curestatus|p1a: Terapagos|slp|[msg]\n|\n|upkeep\n|turn|36\n|inactive|johnnypickles has 120 seconds left.\n|\n|t:|1733859428\n|move|p2a: Ninetales|Moonblast|p1a: Terapagos\n|-activate|p1a: Terapagos|ability: Tera Shell\n|-resisted|p1a: Terapagos\n|-damage|p1a: Terapagos|226/269\n|-unboost|p1a: Terapagos|spa|1\n|move|p1a: Terapagos|Calm Mind|p1a: Terapagos\n|-boost|p1a: Terapagos|spa|1\n|-boost|p1a: Terapagos|spd|1\n|\n|upkeep\n|turn|37\n|c|\u2606johnnypickles|Come ooooon\n|inactive|johnnypickles has 120 seconds left.\n|\n|t:|1733859445\n|move|p2a: Ninetales|Moonblast|p1a: Terapagos\n|-damage|p1a: Terapagos|154/269\n|move|p1a: Terapagos|Calm Mind|p1a: Terapagos\n|-boost|p1a: Terapagos|spa|1\n|-boost|p1a: Terapagos|spd|1\n|\n|-sideend|p2: Baduist|move: Aurora Veil\n|upkeep\n|turn|38\n|\n|t:|1733859454\n|move|p2a: Ninetales|Aurora Veil||[still]\n|-fail|p2a: Ninetales\n|move|p1a: Terapagos|Tera Starstorm|p2a: Ninetales\n|-damage|p2a: Ninetales|0 fnt\n|faint|p2a: Ninetales\n|\n|upkeep\n|\n|t:|1733859458\n|switch|p2a: Great Tusk|Great Tusk, L77|304/304\n|-enditem|p2a: Great Tusk|Booster Energy\n|-activate|p2a: Great Tusk|ability: Protosynthesis|[fromitem]\n|-start|p2a: Great Tusk|protosynthesisatk\n|turn|39\n|\n|t:|1733859473\n|move|p2a: Great Tusk|Stone Edge|p1a: Terapagos\n|-crit|p1a: Terapagos\n|-damage|p1a: Terapagos|8/269\n|move|p1a: Terapagos|Tera Starstorm|p2a: Great Tusk\n|-damage|p2a: Great Tusk|28/304\n|\n|upkeep\n|turn|40\n|\n|t:|1733859491\n|move|p2a: Great Tusk|Earthquake|p1a: Terapagos\n|-damage|p1a: Terapagos|0 fnt\n|faint|p1a: Terapagos\n|\n|upkeep\n|\n|t:|1733859496\n|switch|p1a: Basculegion|Basculegion-F, L83, F|335/335\n|turn|41\n|\n|t:|1733859507\n|-end|p2a: Great Tusk|Protosynthesis|[silent]\n|switch|p2a: Cacturne|Cacturne, L92, M|278/278\n|move|p1a: Basculegion|Shadow Ball|p2a: Cacturne\n|-resisted|p2a: Cacturne\n|-damage|p2a: Cacturne|215/278\n|\n|upkeep\n|turn|42\n|inactive|johnnypickles has 120 seconds left.\n|\n|t:|1733859529\n|switch|p1a: Hoopa|Hoopa-Unbound, L80|78/259\n|move|p2a: Cacturne|Swords Dance|p2a: Cacturne\n|-boost|p2a: Cacturne|atk|2\n|\n|-heal|p1a: Hoopa|94/259|[from] item: Leftovers\n|upkeep\n|turn|43\n|inactive|johnnypickles has 120 seconds left.\n|\n|t:|1733859541\n|move|p2a: Cacturne|Sucker Punch||[still]\n|-fail|p2a: Cacturne\n|move|p1a: Hoopa|Trick|p2a: Cacturne\n|-activate|p1a: Hoopa|move: Trick|[of] p2a: Cacturne\n|-item|p2a: Cacturne|Leftovers|[from] move: Trick\n|-item|p1a: Hoopa|Life Orb|[from] move: Trick\n|\n|-heal|p2a: Cacturne|232/278|[from] item: Leftovers\n|upkeep\n|turn|44\n|inactive|johnnypickles has 120 seconds left.\n|c|\u2606Baduist|thank youu\n|c|\u2606Baduist|how kind\n|\n|t:|1733859561\n|-terastallize|p1a: Hoopa|Fighting\n|move|p1a: Hoopa|Focus Blast|p2a: Cacturne\n|-supereffective|p2a: Cacturne\n|-damage|p2a: Cacturne|0 fnt\n|faint|p2a: Cacturne\n|-damage|p1a: Hoopa|69/259|[from] item: Life Orb\n|\n|upkeep\n|c|\u2606Baduist|oh\n|\n|t:|1733859572\n|switch|p2a: Great Tusk|Great Tusk, L77|28/304\n|turn|45\n|\n|t:|1733859578\n|move|p2a: Great Tusk|Close Combat|p1a: Hoopa\n|-damage|p1a: Hoopa|0 fnt\n|-unboost|p2a: Great Tusk|def|1\n|-unboost|p2a: Great Tusk|spd|1\n|faint|p1a: Hoopa\n|\n|upkeep\n|\n|t:|1733859585\n|switch|p1a: Basculegion|Basculegion-F, L83, F|335/335\n|turn|46\n|\n|t:|1733859590\n|move|p2a: Great Tusk|Stone Edge|p1a: Basculegion\n|-damage|p1a: Basculegion|239/335\n|move|p1a: Basculegion|Wave Crash|p2a: Great Tusk\n|-supereffective|p2a: Great Tusk\n|-damage|p2a: Great Tusk|0 fnt\n|faint|p2a: Great Tusk\n|-end|p2a: Great Tusk|Protosynthesis|[silent]\n|-damage|p1a: Basculegion|230/335|[from] Recoil\n|\n|upkeep\n|\n|t:|1733859594\n|switch|p2a: Bellibolt|Bellibolt, L84, M|244/320\n|turn|47\n|c|\u2606Baduist|welp\n|c|\u2606Baduist|I had fun atleast\n|\n|t:|1733859608\n|move|p2a: Bellibolt|Thunderbolt|p1a: Basculegion\n|-supereffective|p1a: Basculegion\n|-damage|p1a: Basculegion|66/335\n|move|p1a: Basculegion|Wave Crash|p2a: Bellibolt\n|-crit|p2a: Bellibolt\n|-damage|p2a: Bellibolt|2/320\n|-start|p2a: Bellibolt|Charge|Wave Crash|[from] ability: Electromorphosis\n|-damage|p1a: Basculegion|0 fnt|[from] Recoil\n|faint|p1a: Basculegion\n|\n|upkeep\n|c|\u2606johnnypickles|This thing refuses to doe\n|c|\u2606johnnypickles|Die\n|\n|t:|1733859622\n|switch|p1a: Raging Bolt|Raging Bolt, L78|214/323\n|turn|48\n|\n|t:|1733859627\n|move|p2a: Bellibolt|Thunderbolt|p1a: Raging Bolt\n|-resisted|p1a: Raging Bolt\n|-damage|p1a: Raging Bolt|181/323\n|-end|p2a: Bellibolt|Charge|[silent]\n|move|p1a: Raging Bolt|Discharge|p2a: Bellibolt\n|-resisted|p2a: Bellibolt\n|-damage|p2a: Bellibolt|0 fnt\n|faint|p2a: Bellibolt\n|\n|win|johnnypickles\n|raw|johnnypickles's rating: 1466 &rarr; <strong>1485</strong><br />(+19 for winning)\n|raw|Baduist's rating: 1448 &rarr; <strong>1429</strong><br />(-19 for losing)\n|c|\u2606johnnypickles|Gg\n|c|\u2606Baduist|gg\n|l|\u2606Baduist\n|player|p2|\n", "inputlog": ">version bfd83cad13791eb5a5a409923076391caf6fb4d4\n>start {\"formatid\":\"gen9randombattle\",\"seed\":[28468,22707,41081,50687],\"rated\":\"Rated battle\"}\n>player p1 {\"name\":\"johnnypickles\",\"avatar\":\"hoopster\",\"rating\":1466,\"seed\":[43547,40110,38999,37969]}\n>player p2 {\"name\":\"Baduist\",\"avatar\":\"ghetsis\",\"rating\":1448,\"seed\":[52214,32270,3067,27546]}\n>p1 move flipturn\n>p2 move substitute\n>p1 switch 3\n>p1 move hyperspacefury\n>p2 move whirlpool\n>p1 move hyperspacefury\n>p2 move endeavor\n>p2 switch 3\n>p1 switch 4\n>p2 move suckerpunch\n>p1 move auroraveil\n>p2 switch 2\n>p1 move blizzard\n>p2 move muddywater\n>p1 move woodhammer\n>p2 move thunderbolt\n>p1 move blizzard\n>p2 move slackoff\n>p1 switch 6\n>p2 move muddywater\n>p1 move dracometeor\n>p2 move muddywater\n>p1 move dracometeor\n>p2 move muddywater\n>p1 move voltswitch\n>p2 move slackoff\n>p1 switch 6\n>p1 move auroraveil\n>p2 move thunderbolt\n>p1 move blizzard\n>p2 move muddywater\n>p1 move blizzard\n>p2 move slackoff\n>p1 move blizzard\n>p2 move thunderbolt\n>p1 move blizzard\n>p2 move slackoff\n>p1 switch 6\n>p2 move muddywater\n>p1 move dracometeor\n>p2 move muddywater\n>p1 move voltswitch\n>p2 switch 5\n>p1 switch 6\n>p1 move auroraveil\n>p2 move icepunch\n>p1 switch 4\n>p1 move psychic\n>p2 move doubleshock\n>p2 switch 5\n>p1 move psychic\n>p2 move slackoff\n>p1 switch 6\n>p2 move thunderbolt\n>p1 move dracometeor\n>p2 move muddywater\n>chat \u2606johnnypickles|This is ridiculous \n>chat \u2606Baduist|isn't it\n>chat \u2606johnnypickles|I have never been walled by a bellibolt ever\n>p1 move voltswitch\n>p2 move slackoff\n>chat \u2606Baduist|I've never even used bellibolt before\n>p1 switch 6\n>p1 move trick\n>p2 move thunderbolt\n>chat \u2606Baduist|ahhh sad times\n>chat \u2606Baduist|my beloved shall be missed\n>p1 switch 6\n>p2 move thunderbolt\n>p1 move voltswitch\n>p2 switch 4\n>p1 switch 5\n>p1 move liquidation\n>p2 move auroraveil\n>chat \u2606Baduist|my turn\n>chat \u2606Baduist|hehe\n>p1 move liquidation\n>p2 move nastyplot\n>p1 move liquidation\n>p2 move moonblast\n>p1 move liquidation\n>p2 move moonblast\n>p1 switch 2\n>p1 move calmmind\n>p2 move moonblast\n>chat \u2606johnnypickles|Brooo\n>p1 move rest\n>p2 move moonblast\n>p1 move calmmind\n>p2 move moonblast\n>chat \u2606johnnypickles|Come ooooon\n>p1 move calmmind\n>p2 move moonblast\n>p1 move terastarstorm\n>p2 move auroraveil\n>p2 switch 6\n>p1 move terastarstorm\n>p2 move stoneedge\n>p1 move terastarstorm\n>p2 move earthquake\n>p1 switch 3\n>p1 move shadowball\n>p2 switch 2\n>p1 switch 6\n>p2 move swordsdance\n>p1 move trick\n>p2 move suckerpunch\n>chat \u2606Baduist|thank youu\n>chat \u2606Baduist|how kind\n>p1 move focusblast terastallize\n>p2 move knockoff\n>chat \u2606Baduist|oh\n>p2 switch 2\n>p1 move psychic\n>p2 move closecombat\n>p1 switch 6\n>p1 move wavecrash\n>p2 move stoneedge\n>p2 switch 4\n>chat \u2606Baduist|welp\n>chat \u2606Baduist|I had fun atleast\n>p1 move wavecrash\n>p2 move thunderbolt\n>chat \u2606johnnypickles|This thing refuses to doe\n>chat \u2606johnnypickles|Die\n>p1 switch 5\n>p1 move discharge\n>p2 move thunderbolt", "uploadtime": 1733859645, "views": 2, "formatid": "gen9randombattle", "rating": 1429, "private": 0, "password": null}