{"id": "gen9randombattle-2260662427", "format": "[Gen 9] Random Battle", "players": ["Micael Lopes", "WhackE"], "log": "|j|\u2606Micael Lopes\n|j|\u2606WhackE\n|t:|1733875339\n|gametype|singles\n|player|p1|Micael Lopes|benga|1873\n|player|p2|WhackE|1|1901\n|teamsize|p1|6\n|teamsize|p2|6\n|gen|9\n|tier|[Gen 9] Random Battle\n|rated|\n|rule|Species Clause: Limit one of each Pok\u00e9mon\n|rule|HP Percentage Mod: HP is shown in percentages\n|rule|Sleep Clause Mod: Limit one foe put to sleep\n|rule|Illusion Level Mod: Illusion disguises the Pok\u00e9mon's true level\n|\n|t:|1733875339\n|start\n|switch|p1a: Ninetales|Ninetales, L85, M|263/263\n|switch|p2a: Coalossal|Coalossal, L89, M|341/341\n|-weather|SunnyDay|[from] ability: Drought|[of] p1a: Ninetales\n|turn|1\n|inactive|Battle timer is ON: inactive players will automatically lose when time's up. (requested by Micael Lopes)\n|\n|t:|1733875360\n|move|p1a: Ninetales|Scorching Sands|p2a: Coalossal\n|-supereffective|p2a: Coalossal\n|-damage|p2a: Coalossal|181/341\n|move|p2a: Coalossal|Stone Edge|p1a: Ninetales\n|-supereffective|p1a: Ninetales\n|-damage|p1a: Ninetales|27/263\n|\n|-weather|SunnyDay|[upkeep]\n|upkeep\n|turn|2\n|\n|t:|1733875373\n|move|p1a: Ninetales|Scorching Sands|p2a: Coalossal\n|-supereffective|p2a: Coalossal\n|-damage|p2a: Coalossal|5/341\n|move|p2a: Coalossal|Rapid Spin|p1a: Ninetales\n|-damage|p1a: Ninetales|0 fnt\n|-boost|p2a: Coalossal|spe|1\n|faint|p1a: Ninetales\n|\n|-weather|SunnyDay|[upkeep]\n|upkeep\n|\n|t:|1733875397\n|switch|p1a: Espathra|Espathra, L80, M|283/283\n|turn|3\n|\n|t:|1733875404\n|switch|p2a: Uxie|Uxie, L83|260/260\n|move|p1a: Espathra|Calm Mind|p1a: Espathra\n|-boost|p1a: Espathra|spa|1\n|-boost|p1a: Espathra|spd|1\n|\n|-weather|SunnyDay|[upkeep]\n|-ability|p1a: Espathra|Speed Boost|boost\n|-boost|p1a: Espathra|spe|1\n|upkeep\n|turn|4\n|\n|t:|1733875428\n|move|p1a: Espathra|Protect|p1a: Espathra\n|-singleturn|p1a: Espathra|Protect\n|move|p2a: Uxie|Knock Off|p1a: Espathra\n|-activate|p1a: Espathra|move: Protect\n|\n|-weather|SunnyDay|[upkeep]\n|-ability|p1a: Espathra|Speed Boost|boost\n|-boost|p1a: Espathra|spe|1\n|upkeep\n|turn|5\n|\n|t:|1733875435\n|-terastallize|p1a: Espathra|Fairy\n|move|p1a: Espathra|Calm Mind|p1a: Espathra\n|-boost|p1a: Espathra|spa|1\n|-boost|p1a: Espathra|spd|1\n|move|p2a: Uxie|Knock Off|p1a: Espathra\n|-resisted|p1a: Espathra\n|-damage|p1a: Espathra|245/283\n|-enditem|p1a: Espathra|Leftovers|[from] move: Knock Off|[of] p2a: Uxie\n|\n|-weather|none\n|-ability|p1a: Espathra|Speed Boost|boost\n|-boost|p1a: Espathra|spe|1\n|upkeep\n|turn|6\n|\n|t:|1733875451\n|move|p1a: Espathra|Protect|p1a: Espathra\n|-singleturn|p1a: Espathra|Protect\n|move|p2a: Uxie|U-turn|p1a: Espathra\n|-activate|p1a: Espathra|move: Protect\n|\n|-ability|p1a: Espathra|Speed Boost|boost\n|-boost|p1a: Espathra|spe|1\n|upkeep\n|turn|7\n|\n|t:|1733875455\n|move|p1a: Espathra|Calm Mind|p1a: Espathra\n|-boost|p1a: Espathra|spa|1\n|-boost|p1a: Espathra|spd|1\n|move|p2a: Uxie|U-turn|p1a: Espathra\n|-resisted|p1a: Espathra\n|-damage|p1a: Espathra|218/283\n|inactive|WhackE has 120 seconds left.\n|\n|t:|1733875495\n|switch|p2a: Perrserker|Perrserker, L89, F|269/269|[from] U-turn\n|\n|-ability|p1a: Espathra|Speed Boost|boost\n|-boost|p1a: Espathra|spe|1\n|upkeep\n|turn|8\n|\n|t:|1733875503\n|move|p1a: Espathra|Protect|p1a: Espathra\n|-singleturn|p1a: Espathra|Protect\n|move|p2a: Perrserker|Iron Head|p1a: Espathra\n|-activate|p1a: Espathra|move: Protect\n|\n|-ability|p1a: Espathra|Speed Boost|boost\n|-boost|p1a: Espathra|spe|1\n|upkeep\n|turn|9\n|\n|t:|1733875507\n|move|p1a: Espathra|Stored Power|p2a: Perrserker\n|-resisted|p2a: Perrserker\n|-damage|p2a: Perrserker|0 fnt\n|faint|p2a: Perrserker\n|\n|upkeep\n|inactive|WhackE has 120 seconds left.\n|\n|t:|1733875527\n|switch|p2a: Hitmonchan|Hitmonchan, L87, M|229/229\n|turn|10\n|inactive|WhackE has 120 seconds left.\n|\n|t:|1733875538\n|-terastallize|p2a: Hitmonchan|Steel\n|move|p1a: Espathra|Protect|p1a: Espathra\n|-singleturn|p1a: Espathra|Protect\n|move|p2a: Hitmonchan|Poison Jab|p1a: Espathra\n|-activate|p1a: Espathra|move: Protect\n|\n|upkeep\n|turn|11\n|\n|t:|1733875544\n|move|p1a: Espathra|Stored Power|p2a: Hitmonchan\n|-resisted|p2a: Hitmonchan\n|-damage|p2a: Hitmonchan|0 fnt\n|faint|p2a: Hitmonchan\n|\n|upkeep\n|-message|WhackE forfeited.\n|\n|win|Micael Lopes\n|raw|Micael Lopes's rating: 1873 &rarr; <strong>1895</strong><br />(+22 for winning)\n|raw|WhackE's rating: 1901 &rarr; <strong>1879</strong><br />(-22 for losing)\n|l|\u2606WhackE\n|player|p2|\n|c|\u2606Micael Lopes|**__Sexy game.__**\n", "inputlog": ">version bfd83cad13791eb5a5a409923076391caf6fb4d4\n>start {\"formatid\":\"gen9randombattle\",\"seed\":[4274,43915,2288,5591],\"rated\":\"Rated battle\"}\n>player p1 {\"name\":\"Micael Lopes\",\"avatar\":\"benga\",\"rating\":1873,\"seed\":[31659,23139,35636,61539]}\n>player p2 {\"name\":\"WhackE\",\"avatar\":\"1\",\"rating\":1901,\"seed\":[33468,59088,50277,20581]}\n>p1 move scorchingsands\n>p2 move stoneedge\n>p1 move scorchingsands\n>p2 move rapidspin\n>p1 switch 3\n>p1 move calmmind\n>p2 switch 4\n>p1 move protect\n>p2 move knockoff\n>p1 move calmmind terastallize\n>p2 move knockoff\n>p1 move protect\n>p2 move uturn\n>p1 move calmmind\n>p2 move uturn\n>p2 switch 5\n>p1 move protect\n>p2 move ironhead\n>p1 move storedpower\n>p2 move ironhead\n>p2 switch 2\n>p1 move protect\n>p2 move poisonjab terastallize\n>p1 move storedpower\n>p2 move poisonjab\n>forcelose p2", "uploadtime": 1733875555, "views": 1, "formatid": "gen9randombattle", "rating": 1879, "private": 0, "password": null}