{"id": "gen9randombattle-2260099017", "format": "[Gen 9] Random Battle", "players": ["bslack", "bogarts"], "log": "|j|\u2606bslack\n|j|\u2606bogarts\n|t:|1733802244\n|gametype|singles\n|player|p1|bslack|brock|1804\n|player|p2|bogarts|101|1749\n|teamsize|p1|6\n|teamsize|p2|6\n|gen|9\n|tier|[Gen 9] Random Battle\n|rated|\n|rule|Species Clause: Limit one of each Pok\u00e9mon\n|rule|HP Percentage Mod: HP is shown in percentages\n|rule|Sleep Clause Mod: Limit one foe put to sleep\n|rule|Illusion Level Mod: Illusion disguises the Pok\u00e9mon's true level\n|\n|t:|1733802244\n|start\n|switch|p1a: Annihilape|Annihilape, L76, M|292/292\n|switch|p2a: Pelipper|Pelipper, L86, M|243/243\n|-weather|RainDance|[from] ability: Drizzle|[of] p2a: Pelipper\n|turn|1\n|inactive|Battle timer is ON: inactive players will automatically lose when time's up. (requested by bslack)\n|\n|t:|1733802263\n|switch|p1a: Metagross|Metagross, L79|256/256\n|move|p2a: Pelipper|Weather Ball|p1a: Metagross\n|-damage|p1a: Metagross|0 fnt\n|faint|p1a: Metagross\n|\n|-weather|RainDance|[upkeep]\n|upkeep\n|\n|t:|1733802272\n|switch|p1a: Leafeon|Leafeon, L88, F|258/258\n|turn|2\n|\n|t:|1733802278\n|switch|p2a: Ariados|Ariados, L95, M|287/287\n|move|p1a: Leafeon|Swords Dance|p1a: Leafeon\n|-boost|p1a: Leafeon|atk|2\n|\n|-weather|RainDance|[upkeep]\n|upkeep\n|turn|3\n|\n|t:|1733802289\n|move|p1a: Leafeon|Swords Dance|p1a: Leafeon\n|-boost|p1a: Leafeon|atk|2\n|move|p2a: Ariados|Poison Jab|p1a: Leafeon\n|-supereffective|p1a: Leafeon\n|-damage|p1a: Leafeon|124/258\n|\n|-weather|RainDance|[upkeep]\n|-heal|p1a: Leafeon|140/258|[from] item: Leftovers\n|upkeep\n|turn|4\n|\n|t:|1733802297\n|move|p1a: Leafeon|Double-Edge|p2a: Ariados\n|-damage|p2a: Ariados|0 fnt\n|faint|p2a: Ariados\n|-damage|p1a: Leafeon|45/258|[from] Recoil\n|\n|-weather|RainDance|[upkeep]\n|-heal|p1a: Leafeon|61/258|[from] item: Leftovers\n|upkeep\n|\n|t:|1733802314\n|switch|p2a: Toedscruel|Toedscruel, L87, M|281/281\n|turn|5\n|\n|t:|1733802323\n|move|p2a: Toedscruel|Earth Power|p1a: Leafeon\n|-resisted|p1a: Leafeon\n|-damage|p1a: Leafeon|13/258\n|move|p1a: Leafeon|Leaf Blade|p2a: Toedscruel\n|-damage|p2a: Toedscruel|0 fnt\n|faint|p2a: Toedscruel\n|\n|-weather|none\n|-heal|p1a: Leafeon|29/258|[from] item: Leftovers\n|upkeep\n|\n|t:|1733802336\n|switch|p2a: Exeggutor|Exeggutor, L89, M|312/312\n|turn|6\n|\n|t:|1733802343\n|-terastallize|p2a: Exeggutor|Steel\n|move|p1a: Leafeon|Double-Edge|p2a: Exeggutor\n|-resisted|p2a: Exeggutor\n|-crit|p2a: Exeggutor\n|-damage|p2a: Exeggutor|87/312\n|-enditem|p2a: Exeggutor|Sitrus Berry|[eat]\n|-heal|p2a: Exeggutor|165/312|[from] item: Sitrus Berry\n|-damage|p1a: Leafeon|0 fnt|[from] Recoil\n|faint|p1a: Leafeon\n|move|p2a: Exeggutor|Psychic|p1: Leafeon|[notarget]\n|-fail|p2a: Exeggutor\n|\n|upkeep\n|\n|t:|1733802357\n|switch|p1a: Emboar|Emboar, L84, F, shiny|322/322\n|turn|7\n|\n|t:|1733802368\n|move|p1a: Emboar|Knock Off|p2a: Exeggutor\n|-damage|p2a: Exeggutor|114/312\n|move|p2a: Exeggutor|Psychic|p1a: Emboar\n|-supereffective|p1a: Emboar\n|-damage|p1a: Emboar|86/322\n|-unboost|p1a: Emboar|spd|1\n|\n|upkeep\n|turn|8\n|\n|t:|1733802382\n|move|p1a: Emboar|Flare Blitz|p2a: Exeggutor\n|-supereffective|p2a: Exeggutor\n|-damage|p2a: Exeggutor|0 fnt\n|faint|p2a: Exeggutor\n|-damage|p1a: Emboar|48/322|[from] Recoil\n|\n|upkeep\n|\n|t:|1733802386\n|switch|p2a: Pelipper|Pelipper, L86, M|243/243\n|-weather|RainDance|[from] ability: Drizzle|[of] p2a: Pelipper\n|turn|9\n|\n|t:|1733802392\n|move|p2a: Pelipper|Weather Ball|p1a: Emboar\n|-supereffective|p1a: Emboar\n|-damage|p1a: Emboar|0 fnt\n|faint|p1a: Emboar\n|\n|-weather|RainDance|[upkeep]\n|upkeep\n|inactive|bslack has 120 seconds left.\n|\n|t:|1733802433\n|switch|p1a: Grimmsnarl|Grimmsnarl, L83, M|293/293\n|turn|10\n|\n|t:|1733802456\n|move|p1a: Grimmsnarl|Thunder Wave|p2a: Pelipper\n|-status|p2a: Pelipper|par\n|cant|p2a: Pelipper|par\n|\n|-weather|RainDance|[upkeep]\n|upkeep\n|turn|11\n|inactive|bslack has 120 seconds left.\n|\n|t:|1733802467\n|move|p1a: Grimmsnarl|Spirit Break|p2a: Pelipper\n|-damage|p2a: Pelipper|155/243 par\n|-unboost|p2a: Pelipper|spa|1\n|cant|p2a: Pelipper|par\n|\n|-weather|RainDance|[upkeep]\n|upkeep\n|turn|12\n|\n|t:|1733802473\n|move|p1a: Grimmsnarl|Spirit Break|p2a: Pelipper\n|-damage|p2a: Pelipper|73/243 par\n|-unboost|p2a: Pelipper|spa|1\n|move|p2a: Pelipper|Weather Ball|p1a: Grimmsnarl\n|-damage|p1a: Grimmsnarl|145/293\n|\n|-weather|RainDance|[upkeep]\n|-heal|p1a: Grimmsnarl|163/293|[from] item: Leftovers\n|upkeep\n|turn|13\n|\n|t:|1733802482\n|move|p1a: Grimmsnarl|Spirit Break|p2a: Pelipper\n|-damage|p2a: Pelipper|0 fnt\n|faint|p2a: Pelipper\n|\n|-weather|none\n|-heal|p1a: Grimmsnarl|181/293|[from] item: Leftovers\n|upkeep\n|-message|bogarts forfeited.\n|\n|win|bslack\n|raw|bslack's rating: 1804 &rarr; <strong>1821</strong><br />(+17 for winning)\n|raw|bogarts's rating: 1749 &rarr; <strong>1732</strong><br />(-17 for losing)\n|l|\u2606bogarts\n|player|p2|\n", "inputlog": ">version bfd83cad13791eb5a5a409923076391caf6fb4d4\n>start {\"formatid\":\"gen9randombattle\",\"seed\":[21047,33217,2436,27643],\"rated\":\"Rated battle\"}\n>player p1 {\"name\":\"bslack\",\"avatar\":\"brock\",\"rating\":1804,\"seed\":[23482,42695,4503,52246]}\n>player p2 {\"name\":\"bogarts\",\"avatar\":\"101\",\"rating\":1749,\"seed\":[28794,36882,44384,17870]}\n>p1 switch 6\n>p2 move weatherball\n>p1 switch 4\n>p1 move swordsdance\n>p2 switch 5\n>p1 move swordsdance\n>p2 move poisonjab\n>p1 move doubleedge\n>p2 move poisonjab\n>p2 switch 6\n>p1 move leafblade\n>p2 move earthpower\n>p2 switch 2\n>p1 move doubleedge\n>p2 move psychic terastallize\n>p1 switch 2\n>p1 move knockoff\n>p2 move psychic\n>p1 move flareblitz\n>p2 move psychic\n>p2 switch 5\n>p1 move wildcharge\n>p2 move weatherball\n>p1 switch 5\n>p1 move thunderwave\n>p2 move weatherball\n>p1 move spiritbreak\n>p2 move weatherball\n>p1 move spiritbreak\n>p2 move weatherball\n>p1 move spiritbreak\n>p2 move weatherball\n>forcelose p2", "uploadtime": 1733802500, "views": 16, "formatid": "gen9randombattle", "rating": 1732, "private": 0, "password": null}