{"id": "gen9randombattle-2027723554", "format": "[Gen 9] Random Battle", "players": ["Guoyanan", "MichaelderBeste2"], "log": "|j|\u2606Guoyanan\n|j|\u2606MichaelderBeste2\n|t:|1704462276\n|gametype|singles\n|player|p1|Guoyanan|1|2271\n|player|p2|MichaelderBeste2|#wcop2023germany|2365\n|teamsize|p1|6\n|teamsize|p2|6\n|gen|9\n|tier|[Gen 9] Random Battle\n|rated|\n|rule|Species Clause: Limit one of each Pok\u00e9mon\n|rule|HP Percentage Mod: HP is shown in percentages\n|rule|Sleep Clause Mod: Limit one foe put to sleep\n|rule|Illusion Level Mod: Illusion disguises the Pok\u00e9mon's true level\n|\n|t:|1704462276\n|start\n|switch|p1a: Magmortar|Magmortar, L87, M|272/272\n|switch|p2a: Scyther|Scyther, L82, F|249/249\n|turn|1\n|\n|t:|1704462282\n|switch|p2a: Oinkologne|Oinkologne-F, L93, F|365/365\n|move|p1a: Magmortar|Fire Blast|p2a: Oinkologne\n|-damage|p2a: Oinkologne|295/365\n|\n|-heal|p2a: Oinkologne|317/365|[from] item: Leftovers\n|upkeep\n|turn|2\n|inactive|Battle timer is ON: inactive players will automatically lose when time's up. (requested by Guoyanan)\n|\n|t:|1704462337\n|move|p1a: Magmortar|Knock Off|p2a: Oinkologne\n|-damage|p2a: Oinkologne|235/365\n|-enditem|p2a: Oinkologne|Leftovers|[from] move: Knock Off|[of] p1a: Magmortar\n|move|p2a: Oinkologne|High Horsepower|p1a: Magmortar\n|-supereffective|p1a: Magmortar\n|-crit|p1a: Magmortar\n|-damage|p1a: Magmortar|0 fnt\n|-status|p2a: Oinkologne|brn|[from] ability: Flame Body|[of] p1a: Magmortar\n|faint|p1a: Magmortar\n|\n|-damage|p2a: Oinkologne|213/365 brn|[from] brn\n|upkeep\n|\n|t:|1704462350\n|switch|p1a: Ribombee|Ribombee, L82, F|233/233\n|turn|3\n|j| why are you fat\n|\n|t:|1704462367\n|move|p1a: Ribombee|Sticky Web|p2a: Oinkologne\n|-sidestart|p2: MichaelderBeste2|move: Sticky Web\n|move|p2a: Oinkologne|Body Slam|p1a: Ribombee\n|-damage|p1a: Ribombee|159/233\n|\n|-damage|p2a: Oinkologne|191/365 brn|[from] brn\n|upkeep\n|turn|4\n|\n|t:|1704462372\n|move|p1a: Ribombee|Moonblast|p2a: Oinkologne\n|-damage|p2a: Oinkologne|112/365 brn\n|-unboost|p2a: Oinkologne|spa|1\n|move|p2a: Oinkologne|Body Slam|p1a: Ribombee\n|-damage|p1a: Ribombee|95/233\n|\n|-damage|p2a: Oinkologne|90/365 brn|[from] brn\n|upkeep\n|turn|5\n|\n|t:|1704462384\n|switch|p2a: Revavroom|Revavroom, L79, M|256/256\n|-activate|p2a: Revavroom|move: Sticky Web\n|-unboost|p2a: Revavroom|spe|1\n|move|p1a: Ribombee|Moonblast|p2a: Revavroom\n|-resisted|p2a: Revavroom\n|-damage|p2a: Revavroom|227/256\n|\n|upkeep\n|turn|6\n|\n|t:|1704462389\n|move|p1a: Ribombee|Stun Spore|p2a: Revavroom|[miss]\n|-miss|p1a: Ribombee|p2a: Revavroom\n|move|p2a: Revavroom|Iron Head|p1a: Ribombee\n|-supereffective|p1a: Ribombee\n|-damage|p1a: Ribombee|0 fnt\n|faint|p1a: Ribombee\n|-damage|p2a: Revavroom|202/256|[from] item: Life Orb\n|\n|upkeep\n|\n|t:|1704462393\n|switch|p1a: Iron Moth|Iron Moth, L78|253/253\n|turn|7\n|\n|t:|1704462422\n|-terastallize|p2a: Revavroom|Ground\n|move|p1a: Iron Moth|Fire Blast|p2a: Revavroom\n|-damage|p2a: Revavroom|0 fnt\n|faint|p2a: Revavroom\n|\n|upkeep\n|\n|t:|1704462429\n|switch|p2a: Mewtwo|Mewtwo, L72|272/272\n|-ability|p2a: Mewtwo|Unnerve\n|-activate|p2a: Mewtwo|move: Sticky Web\n|-unboost|p2a: Mewtwo|spe|1\n|turn|8\n|\n|t:|1704462433\n|-end|p1a: Iron Moth|Quark Drive|[silent]\n|switch|p1a: Hydreigon|Hydreigon, L79, F|275/275\n|move|p2a: Mewtwo|Psystrike|p1a: Hydreigon\n|-immune|p1a: Hydreigon\n|\n|upkeep\n|turn|9\n|\n|t:|1704462439\n|switch|p2a: Mabosstiff|Mabosstiff, L85, F|275/275\n|-activate|p2a: Mabosstiff|move: Sticky Web\n|-unboost|p2a: Mabosstiff|spe|1\n|move|p1a: Hydreigon|Dark Pulse|p2a: Mabosstiff\n|-resisted|p2a: Mabosstiff\n|-damage|p2a: Mabosstiff|211/275\n|-damage|p1a: Hydreigon|248/275|[from] item: Life Orb\n|\n|upkeep\n|turn|10\n|\n|t:|1704462445\n|move|p1a: Hydreigon|Draco Meteor|p2a: Mabosstiff\n|-crit|p2a: Mabosstiff\n|-damage|p2a: Mabosstiff|0 fnt\n|-unboost|p1a: Hydreigon|spa|2\n|faint|p2a: Mabosstiff\n|-damage|p1a: Hydreigon|221/275|[from] item: Life Orb\n|\n|upkeep\n|\n|t:|1704462447\n|switch|p2a: Scyther|Scyther, L82, F|249/249\n|turn|11\n|\n|t:|1704462449\n|switch|p1a: Dialga|Dialga, L74|270/270\n|-ability|p1a: Dialga|Pressure\n|move|p2a: Scyther|Swords Dance|p2a: Scyther\n|-boost|p2a: Scyther|atk|2\n|\n|upkeep\n|turn|12\n|\n|t:|1704462468\n|-terastallize|p1a: Dialga|Fire\n|move|p2a: Scyther|Close Combat|p1a: Dialga\n|-damage|p1a: Dialga|111/270\n|-unboost|p2a: Scyther|def|1\n|-unboost|p2a: Scyther|spd|1\n|move|p1a: Dialga|Thunder Wave|p2a: Scyther\n|-status|p2a: Scyther|par\n|\n|-heal|p1a: Dialga|127/270|[from] item: Leftovers\n|upkeep\n|turn|13\n|\n|t:|1704462472\n|switch|p2a: Oinkologne|Oinkologne-F, L93, F|90/365 brn\n|-activate|p2a: Oinkologne|move: Sticky Web\n|-unboost|p2a: Oinkologne|spe|1\n|move|p1a: Dialga|Fire Blast|p2a: Oinkologne\n|-damage|p2a: Oinkologne|32/365 brn\n|\n|-heal|p1a: Dialga|143/270|[from] item: Leftovers\n|-damage|p2a: Oinkologne|10/365 brn|[from] brn\n|upkeep\n|turn|14\n|\n|t:|1704462477\n|move|p1a: Dialga|Heavy Slam|p2a: Oinkologne\n|-damage|p2a: Oinkologne|0 fnt\n|faint|p2a: Oinkologne\n|\n|-heal|p1a: Dialga|159/270|[from] item: Leftovers\n|upkeep\n|\n|t:|1704462480\n|switch|p2a: Mewtwo|Mewtwo, L72|272/272\n|-ability|p2a: Mewtwo|Unnerve\n|-activate|p2a: Mewtwo|move: Sticky Web\n|-unboost|p2a: Mewtwo|spe|1\n|turn|15\n|\n|t:|1704462481\n|move|p1a: Dialga|Thunder Wave|p2a: Mewtwo\n|-status|p2a: Mewtwo|par\n|move|p2a: Mewtwo|Psystrike|p1a: Dialga\n|-damage|p1a: Dialga|18/270\n|\n|-heal|p1a: Dialga|34/270|[from] item: Leftovers\n|upkeep\n|turn|16\n|\n|t:|1704462485\n|switch|p2a: Scyther|Scyther, L82, F|249/249 par\n|move|p1a: Dialga|Heavy Slam|p2a: Scyther\n|-damage|p2a: Scyther|156/249 par\n|\n|-heal|p1a: Dialga|50/270|[from] item: Leftovers\n|upkeep\n|turn|17\n|\n|t:|1704462488\n|switch|p2a: Mewtwo|Mewtwo, L72|272/272 par\n|-ability|p2a: Mewtwo|Unnerve\n|-activate|p2a: Mewtwo|move: Sticky Web\n|-unboost|p2a: Mewtwo|spe|1\n|move|p1a: Dialga|Fire Blast|p2a: Mewtwo\n|-damage|p2a: Mewtwo|118/272 par\n|\n|-heal|p1a: Dialga|66/270|[from] item: Leftovers\n|upkeep\n|turn|18\n|\n|t:|1704462491\n|move|p1a: Dialga|Fire Blast|p2a: Mewtwo\n|-damage|p2a: Mewtwo|0 fnt\n|faint|p2a: Mewtwo\n|\n|-heal|p1a: Dialga|82/270|[from] item: Leftovers\n|upkeep\n|\n|t:|1704462492\n|switch|p2a: Venusaur|Venusaur, L84, F|272/272\n|-activate|p2a: Venusaur|move: Sticky Web\n|-unboost|p2a: Venusaur|spe|1\n|turn|19\n|\n|t:|1704462494\n|move|p1a: Dialga|Thunder Wave|p2a: Venusaur\n|-status|p2a: Venusaur|par\n|move|p2a: Venusaur|Sunny Day|p2a: Venusaur\n|-weather|SunnyDay\n|\n|-weather|SunnyDay|[upkeep]\n|-heal|p1a: Dialga|98/270|[from] item: Leftovers\n|upkeep\n|turn|20\n|\n|t:|1704462496\n|move|p1a: Dialga|Fire Blast|p2a: Venusaur\n|-supereffective|p2a: Venusaur\n|-damage|p2a: Venusaur|0 fnt\n|faint|p2a: Venusaur\n|\n|-weather|SunnyDay|[upkeep]\n|-heal|p1a: Dialga|114/270|[from] item: Leftovers\n|upkeep\n|-message|MichaelderBeste2 forfeited.\n|\n|win|Guoyanan\n|raw|Guoyanan's rating: 2271 &rarr; <strong>2296</strong><br />(+25 for winning)\n|raw|MichaelderBeste2's rating: 2365 &rarr; <strong>2340</strong><br />(-25 for losing)\n|l|\u2606MichaelderBeste2\n|l|\u2606Guoyanan\n", "inputlog": ">version b2405e112a340cd171b76bf5b01f5f9054c165b0\n>start {\"formatid\":\"gen9randombattle\",\"seed\":[7148,39602,1051,37819],\"rated\":\"Rated battle\"}\n>player p1 {\"name\":\"Guoyanan\",\"avatar\":\"1\",\"rating\":2271,\"seed\":[62950,56830,53174,63761]}\n>player p2 {\"name\":\"MichaelderBeste2\",\"avatar\":\"#wcop2023germany\",\"rating\":2365,\"seed\":[15978,13203,2206,34084]}\n>p1 move fireblast\n>p2 switch 4\n>p1 move knockoff\n>p2 move highhorsepower\n>p1 switch 2\n>p1 move stickyweb\n>p2 move bodyslam\n>p1 move moonblast\n>p2 move bodyslam\n>p1 move moonblast\n>p2 switch 3\n>p1 move stunspore\n>p2 move ironhead\n>p1 switch 3\n>p1 move fireblast\n>p2 move highhorsepower terastallize\n>p2 switch 5\n>p1 switch 5\n>p2 move psystrike\n>p1 move darkpulse\n>p2 switch 2\n>p1 move dracometeor\n>p2 move playrough\n>p2 switch 4\n>p1 switch 4\n>p2 move swordsdance\n>p1 move thunderwave terastallize\n>p2 move closecombat\n>p1 move fireblast\n>p2 switch 3\n>p1 move heavyslam\n>p2 move bodyslam\n>p2 switch 2\n>p1 move thunderwave\n>p2 move psystrike\n>p1 move heavyslam\n>p2 switch 3\n>p1 move fireblast\n>p2 switch 3\n>p1 move fireblast\n>p2 move aurasphere\n>p2 switch 6\n>p1 move thunderwave\n>p2 move sunnyday\n>p1 move fireblast\n>p2 move sludgebomb\n>forcelose p2", "uploadtime": 1704462542, "views": 292, "formatid": "gen9randombattle", "rating": 2296, "private": 0, "password": null}