{"id": "gen9randombattle-2260686202", "format": "[Gen 9] Random Battle", "players": ["PowerTadpole", "mrjediwise"], "log": "|j|\u203dPowerTadpole\n|j|\u2606mrjediwise\n|t:|1733878347\n|gametype|singles\n|player|p1|PowerTadpole|170|1040\n|player|p2|mrjediwise|gentleman-gen4|1073\n|teamsize|p1|6\n|teamsize|p2|6\n|gen|9\n|tier|[Gen 9] Random Battle\n|rated|\n|rule|Species Clause: Limit one of each Pok\u00e9mon\n|rule|HP Percentage Mod: HP is shown in percentages\n|rule|Sleep Clause Mod: Limit one foe put to sleep\n|rule|Illusion Level Mod: Illusion disguises the Pok\u00e9mon's true level\n|\n|t:|1733878347\n|start\n|switch|p1a: Decidueye|Decidueye-Hisui, L87, M|295/295\n|switch|p2a: Magmortar|Magmortar, L88, F|275/275\n|turn|1\n|inactive|Battle timer is ON: inactive players will automatically lose when time's up. (requested by mrjediwise)\n|\n|t:|1733878366\n|switch|p1a: Tentacruel|Tentacruel, L84, F|272/272\n|move|p2a: Magmortar|Fire Blast|p1a: Tentacruel\n|-resisted|p1a: Tentacruel\n|-damage|p1a: Tentacruel|231/272\n|\n|upkeep\n|turn|2\n|\n|t:|1733878389\n|switch|p2a: Pelipper|Pelipper, L86, M|243/243\n|-weather|RainDance|[from] ability: Drizzle|[of] p2a: Pelipper\n|move|p1a: Tentacruel|Surf|p2a: Pelipper\n|-resisted|p2a: Pelipper\n|-damage|p2a: Pelipper|174/243\n|\n|-weather|RainDance|[upkeep]\n|upkeep\n|turn|3\n|\n|t:|1733878404\n|move|p1a: Tentacruel|Sludge Bomb|p2a: Pelipper\n|-damage|p2a: Pelipper|84/243\n|move|p2a: Pelipper|U-turn|p1a: Tentacruel\n|-resisted|p1a: Tentacruel\n|-damage|p1a: Tentacruel|211/272\n|\n|t:|1733878416\n|switch|p2a: Gastrodon|Gastrodon-East, L86, F|331/331|[from] U-turn\n|\n|-weather|RainDance|[upkeep]\n|upkeep\n|turn|4\n|\n|t:|1733878432\n|switch|p1a: Decidueye|Decidueye-Hisui, L87, M|295/295\n|move|p2a: Gastrodon|Earthquake|p1a: Decidueye\n|-resisted|p1a: Decidueye\n|-damage|p1a: Decidueye|241/295\n|\n|-weather|RainDance|[upkeep]\n|-heal|p1a: Decidueye|259/295|[from] item: Leftovers\n|upkeep\n|turn|5\n|\n|t:|1733878447\n|switch|p2a: Magmortar|Magmortar, L88, F|275/275\n|move|p1a: Decidueye|Leaf Blade|p2a: Magmortar\n|-resisted|p2a: Magmortar\n|-damage|p2a: Magmortar|206/275\n|-status|p1a: Decidueye|brn|[from] ability: Flame Body|[of] p2a: Magmortar\n|\n|-weather|RainDance|[upkeep]\n|-heal|p1a: Decidueye|277/295 brn|[from] item: Leftovers\n|-damage|p1a: Decidueye|259/295 brn|[from] brn\n|upkeep\n|turn|6\n|inactive|mrjediwise has 120 seconds left.\n|\n|t:|1733878462\n|switch|p1a: Tentacruel|Tentacruel, L84, F|211/272\n|move|p2a: Magmortar|Knock Off|p1a: Tentacruel\n|-damage|p1a: Tentacruel|120/272\n|-enditem|p1a: Tentacruel|Assault Vest|[from] move: Knock Off|[of] p2a: Magmortar\n|\n|-weather|none\n|upkeep\n|turn|7\n|inactive|mrjediwise has 120 seconds left.\n|\n|t:|1733878475\n|switch|p2a: Gastrodon|Gastrodon-East, L86, F|331/331\n|move|p1a: Tentacruel|Surf|p2a: Gastrodon\n|-ability|p2a: Gastrodon|Storm Drain|boost\n|-boost|p2a: Gastrodon|spa|1\n|\n|upkeep\n|turn|8\n|\n|t:|1733878483\n|move|p1a: Tentacruel|Sludge Bomb|p2a: Gastrodon\n|-resisted|p2a: Gastrodon\n|-damage|p2a: Gastrodon|290/331\n|move|p2a: Gastrodon|Earthquake|p1a: Tentacruel\n|-supereffective|p1a: Tentacruel\n|-damage|p1a: Tentacruel|0 fnt\n|faint|p1a: Tentacruel\n|\n|-heal|p2a: Gastrodon|310/331|[from] item: Leftovers\n|upkeep\n|\n|t:|1733878496\n|switch|p1a: Decidueye|Decidueye-Hisui, L87, M|259/295 brn\n|turn|9\n|\n|t:|1733878511\n|switch|p2a: Magmortar|Magmortar, L88, F|206/275\n|move|p1a: Decidueye|Leaf Blade|p2a: Magmortar\n|-resisted|p2a: Magmortar\n|-damage|p2a: Magmortar|176/275\n|\n|-heal|p1a: Decidueye|277/295 brn|[from] item: Leftovers\n|-damage|p1a: Decidueye|259/295 brn|[from] brn\n|upkeep\n|turn|10\n|\n|t:|1733878531\n|switch|p1a: Houndoom|Houndoom, L87, F|272/272\n|move|p2a: Magmortar|Fire Blast|p1a: Houndoom\n|-start|p1a: Houndoom|ability: Flash Fire\n|\n|upkeep\n|turn|11\n|\n|t:|1733878546\n|switch|p2a: Gastrodon|Gastrodon-East, L86, F|310/331\n|move|p1a: Houndoom|Sludge Bomb|p2a: Gastrodon\n|-resisted|p2a: Gastrodon\n|-damage|p2a: Gastrodon|275/331\n|\n|-heal|p2a: Gastrodon|295/331|[from] item: Leftovers\n|upkeep\n|turn|12\n|inactive|PowerTadpole has 120 seconds left.\n|\n|t:|1733878570\n|-end|p1a: Houndoom|ability: Flash Fire|[silent]\n|switch|p1a: Decidueye|Decidueye-Hisui, L87, M|259/295 brn\n|move|p2a: Gastrodon|Earthquake|p1a: Decidueye\n|-resisted|p1a: Decidueye\n|-damage|p1a: Decidueye|205/295 brn\n|\n|-heal|p1a: Decidueye|223/295 brn|[from] item: Leftovers\n|-heal|p2a: Gastrodon|315/331|[from] item: Leftovers\n|-damage|p1a: Decidueye|205/295 brn|[from] brn\n|upkeep\n|turn|13\n|inactive|PowerTadpole has 120 seconds left.\n|inactive|mrjediwise has 120 seconds left.\n|\n|t:|1733878590\n|switch|p2a: Magmortar|Magmortar, L88, F|176/275\n|move|p1a: Decidueye|Triple Arrows|p2a: Magmortar\n|-damage|p2a: Magmortar|108/275\n|-unboost|p2a: Magmortar|def|1\n|\n|-heal|p1a: Decidueye|223/295 brn|[from] item: Leftovers\n|-damage|p1a: Decidueye|205/295 brn|[from] brn\n|upkeep\n|turn|14\n|inactive|PowerTadpole has 120 seconds left.\n|inactive|mrjediwise has 120 seconds left.\n|\n|t:|1733878609\n|switch|p1a: Houndoom|Houndoom, L87, F|272/272\n|move|p2a: Magmortar|Fire Blast|p1a: Houndoom\n|-start|p1a: Houndoom|ability: Flash Fire\n|\n|upkeep\n|turn|15\n|inactive|mrjediwise has 120 seconds left.\n|inactive|PowerTadpole has 120 seconds left.\n|\n|t:|1733878620\n|switch|p2a: Gastrodon|Gastrodon-East, L86, F|315/331\n|move|p1a: Houndoom|Dark Pulse|p2a: Gastrodon\n|-damage|p2a: Gastrodon|216/331\n|\n|-heal|p2a: Gastrodon|236/331|[from] item: Leftovers\n|upkeep\n|turn|16\n|inactive|PowerTadpole has 120 seconds left.\n|inactive|mrjediwise has 120 seconds left.\n|\n|t:|1733878647\n|-end|p1a: Houndoom|ability: Flash Fire|[silent]\n|switch|p1a: Noivern|Noivern, L82, M|274/274\n|move|p2a: Gastrodon|Sludge Bomb|p1a: Noivern\n|-damage|p1a: Noivern|198/274\n|-status|p1a: Noivern|psn\n|\n|-heal|p2a: Gastrodon|256/331|[from] item: Leftovers\n|-damage|p1a: Noivern|164/274 psn|[from] psn\n|upkeep\n|turn|17\n|inactive|PowerTadpole has 120 seconds left.\n|\n|t:|1733878669\n|switch|p2a: Glalie|Glalie, L96, M|309/309\n|move|p1a: Noivern|Draco Meteor|p2a: Glalie\n|-damage|p2a: Glalie|197/309\n|-unboost|p1a: Noivern|spa|2\n|\n|-damage|p1a: Noivern|130/274 psn|[from] psn\n|upkeep\n|turn|18\n|inactive|PowerTadpole has 120 seconds left.\n|\n|t:|1733878684\n|-terastallize|p1a: Noivern|Fire\n|move|p1a: Noivern|Roost|p1a: Noivern\n|-heal|p1a: Noivern|267/274 psn\n|move|p2a: Glalie|Freeze-Dry|p1a: Noivern\n|-resisted|p1a: Noivern\n|-damage|p1a: Noivern|222/274 psn\n|\n|-damage|p1a: Noivern|188/274 psn|[from] psn\n|upkeep\n|turn|19\n|\n|t:|1733878701\n|-terastallize|p2a: Glalie|Ground\n|move|p1a: Noivern|Flamethrower|p2a: Glalie\n|-damage|p2a: Glalie|157/309\n|move|p2a: Glalie|Earthquake|p1a: Noivern\n|-supereffective|p1a: Noivern\n|-damage|p1a: Noivern|0 fnt\n|faint|p1a: Noivern\n|\n|upkeep\n|\n|t:|1733878712\n|switch|p1a: Houndoom|Houndoom, L87, F|272/272\n|turn|20\n|\n|t:|1733878721\n|switch|p1a: Decidueye|Decidueye-Hisui, L87, M|205/295 brn\n|move|p2a: Glalie|Earthquake|p1a: Decidueye\n|-resisted|p1a: Decidueye\n|-damage|p1a: Decidueye|143/295 brn\n|\n|-heal|p1a: Decidueye|161/295 brn|[from] item: Leftovers\n|-damage|p1a: Decidueye|143/295 brn|[from] brn\n|upkeep\n|turn|21\n|\n|t:|1733878739\n|move|p2a: Glalie|Freeze-Dry|p1a: Decidueye\n|-supereffective|p1a: Decidueye\n|-damage|p1a: Decidueye|0 fnt\n|faint|p1a: Decidueye\n|\n|upkeep\n|\n|t:|1733878752\n|switch|p1a: Ampharos|Ampharos, L88, M|302/302\n|turn|22\n|\n|t:|1733878763\n|move|p2a: Glalie|Earthquake|p1a: Ampharos\n|-supereffective|p1a: Ampharos\n|-damage|p1a: Ampharos|84/302\n|move|p1a: Ampharos|Dazzling Gleam|p2a: Glalie\n|-damage|p2a: Glalie|92/309\n|\n|upkeep\n|turn|23\n|-message|PowerTadpole forfeited.\n|\n|win|mrjediwise\n|raw|PowerTadpole's rating: 1040 &rarr; <strong>1026</strong><br />(-14 for losing)\n|raw|mrjediwise's rating: 1073 &rarr; <strong>1099</strong><br />(+26 for winning)\n|l|\u203dPowerTadpole\n|player|p1|\n", "inputlog": ">version bfd83cad13791eb5a5a409923076391caf6fb4d4\n>start {\"formatid\":\"gen9randombattle\",\"seed\":[51351,17796,12574,24454],\"rated\":\"Rated battle\"}\n>player p1 {\"name\":\"PowerTadpole\",\"avatar\":\"170\",\"rating\":1040,\"seed\":[3466,56470,28086,46863]}\n>player p2 {\"name\":\"mrjediwise\",\"avatar\":\"gentleman-gen4\",\"rating\":1073,\"seed\":[51330,57786,25792,47366]}\n>p1 switch 6\n>p2 move fireblast\n>p1 move surf\n>p2 switch 6\n>p1 move sludgebomb\n>p2 move uturn\n>p2 switch 2\n>p1 switch 6\n>p2 move earthquake\n>p1 move leafblade\n>p2 switch 6\n>p1 switch 6\n>p2 move knockoff\n>p1 move surf\n>p2 switch 6\n>p1 move sludgebomb\n>p2 move earthquake\n>p1 switch 6\n>p1 move leafblade\n>p2 switch 6\n>p1 switch 2\n>p2 move fireblast\n>p1 move sludgebomb\n>p2 switch 6\n>p1 switch 2\n>p2 move earthquake\n>p1 move triplearrows\n>p2 switch 6\n>p1 switch 2\n>p2 move fireblast\n>p1 move darkpulse\n>p2 switch 6\n>p1 switch 5\n>p2 move sludgebomb\n>p1 move dracometeor\n>p2 switch 4\n>p1 move roost terastallize\n>p2 move freezedry\n>p1 move flamethrower\n>p2 move earthquake terastallize\n>p1 switch 5\n>p1 switch 2\n>p2 move earthquake\n>p1 move leafblade\n>p2 move freezedry\n>p1 switch 4\n>p1 move dazzlinggleam\n>p2 move earthquake\n>forcelose p1", "uploadtime": 1733878777, "views": 13, "formatid": "gen9randombattle", "rating": 1026, "private": 0, "password": null}