{"id": "gen9randombattle-2260854858", "format": "[Gen 9] Random Battle", "players": ["asas4545", "buidn"], "log": "|j|\u2606asas4545\n|j|\u2606buidn\n|t:|1733904873\n|gametype|singles\n|player|p1|asas4545|101|\n|player|p2|buidn|265|\n|teamsize|p1|6\n|teamsize|p2|6\n|gen|9\n|tier|[Gen 9] Random Battle\n|rule|Species Clause: Limit one of each Pok\u00e9mon\n|rule|HP Percentage Mod: HP is shown in percentages\n|rule|Sleep Clause Mod: Limit one foe put to sleep\n|rule|Illusion Level Mod: Illusion disguises the Pok\u00e9mon's true level\n|\n|t:|1733904873\n|start\n|switch|p1a: Alcremie|Alcremie-Caramel-Swirl, L90, F|263/263\n|switch|p2a: Eiscue|Eiscue, L88, F|274/274\n|turn|1\n|\n|t:|1733904885\n|move|p1a: Alcremie|Psychic|p2a: Eiscue\n|-damage|p2a: Eiscue|196/274\n|-unboost|p2a: Eiscue|spd|1\n|move|p2a: Eiscue|Iron Head|p1a: Alcremie\n|-supereffective|p1a: Alcremie\n|-damage|p1a: Alcremie|149/263\n|\n|-heal|p1a: Alcremie|165/263|[from] item: Leftovers\n|upkeep\n|turn|2\n|\n|t:|1733904896\n|-terastallize|p2a: Eiscue|Water\n|move|p1a: Alcremie|Alluring Voice|p2a: Eiscue\n|-damage|p2a: Eiscue|46/274\n|-enditem|p2a: Eiscue|Sitrus Berry|[eat]\n|-heal|p2a: Eiscue|114/274|[from] item: Sitrus Berry\n|move|p2a: Eiscue|Ice Spinner|p1a: Alcremie\n|-damage|p1a: Alcremie|86/263\n|\n|-heal|p1a: Alcremie|102/263|[from] item: Leftovers\n|upkeep\n|turn|3\n|\n|t:|1733904910\n|move|p1a: Alcremie|Alluring Voice|p2a: Eiscue\n|-damage|p2a: Eiscue|0 fnt\n|faint|p2a: Eiscue\n|\n|-heal|p1a: Alcremie|118/263|[from] item: Leftovers\n|upkeep\n|\n|t:|1733904917\n|switch|p2a: Palossand|Palossand, L89, M|296/296\n|turn|4\n|\n|t:|1733904923\n|move|p1a: Alcremie|Psychic|p2a: Palossand\n|-damage|p2a: Palossand|205/296\n|move|p2a: Palossand|Sludge Bomb|p1a: Alcremie\n|-supereffective|p1a: Alcremie\n|-damage|p1a: Alcremie|16/263\n|\n|-heal|p1a: Alcremie|32/263|[from] item: Leftovers\n|-heal|p2a: Palossand|223/296|[from] item: Leftovers\n|upkeep\n|turn|5\n|\n|t:|1733904931\n|move|p1a: Alcremie|Alluring Voice|p2a: Palossand\n|-damage|p2a: Palossand|97/296\n|move|p2a: Palossand|Earth Power|p1a: Alcremie\n|-damage|p1a: Alcremie|0 fnt\n|faint|p1a: Alcremie\n|\n|-heal|p2a: Palossand|115/296|[from] item: Leftovers\n|upkeep\n|\n|t:|1733904941\n|switch|p1a: Dedenne|Dedenne, L88, F|261/261\n|turn|6\n|\n|t:|1733904946\n|move|p1a: Dedenne|Dazzling Gleam|p2a: Palossand\n|-damage|p2a: Palossand|27/296\n|move|p2a: Palossand|Sludge Bomb|p1a: Dedenne\n|-supereffective|p1a: Dedenne\n|-damage|p1a: Dedenne|99/261\n|-enditem|p1a: Dedenne|Sitrus Berry|[eat]\n|-heal|p1a: Dedenne|164/261|[from] item: Sitrus Berry\n|-heal|p1a: Dedenne|251/261|[from] ability: Cheek Pouch\n|\n|-heal|p2a: Palossand|45/296|[from] item: Leftovers\n|upkeep\n|turn|7\n|\n|t:|1733904958\n|move|p1a: Dedenne|Dazzling Gleam|p2a: Palossand\n|-damage|p2a: Palossand|0 fnt\n|faint|p2a: Palossand\n|\n|upkeep\n|\n|t:|1733904963\n|switch|p2a: Koraidon|Koraidon, L64|235/235\n|-weather|SunnyDay|[from] ability: Orichalcum Pulse|[of] p2a: Koraidon\n|-activate|p2a: Koraidon|Orichalcum Pulse|[source]\n|turn|8\n|\n|t:|1733904969\n|move|p1a: Dedenne|Dazzling Gleam|p2a: Koraidon\n|-supereffective|p2a: Koraidon\n|-damage|p2a: Koraidon|0 fnt\n|faint|p2a: Koraidon\n|\n|-weather|SunnyDay|[upkeep]\n|upkeep\n|\n|t:|1733904977\n|switch|p2a: Umbreon|Umbreon, L84, M|297/297\n|turn|9\n|\n|t:|1733904981\n|-terastallize|p1a: Dedenne|Electric\n|move|p1a: Dedenne|Dazzling Gleam|p2a: Umbreon\n|-supereffective|p2a: Umbreon\n|-damage|p2a: Umbreon|165/297\n|move|p2a: Umbreon|Toxic|p1a: Dedenne\n|-status|p1a: Dedenne|tox\n|\n|-weather|SunnyDay|[upkeep]\n|-heal|p2a: Umbreon|183/297|[from] item: Leftovers\n|-damage|p1a: Dedenne|235/261 tox|[from] psn\n|upkeep\n|turn|10\n|\n|t:|1733904992\n|move|p1a: Dedenne|Dazzling Gleam|p2a: Umbreon\n|-supereffective|p2a: Umbreon\n|-damage|p2a: Umbreon|61/297\n|move|p2a: Umbreon|Foul Play|p1a: Dedenne\n|-damage|p1a: Dedenne|142/261 tox\n|\n|-weather|SunnyDay|[upkeep]\n|-heal|p2a: Umbreon|79/297|[from] item: Leftovers\n|-damage|p1a: Dedenne|110/261 tox|[from] psn\n|upkeep\n|turn|11\n|\n|t:|1733905001\n|move|p2a: Umbreon|Protect|p2a: Umbreon\n|-singleturn|p2a: Umbreon|Protect\n|move|p1a: Dedenne|Dazzling Gleam|p2a: Umbreon\n|-activate|p2a: Umbreon|move: Protect\n|\n|-weather|SunnyDay|[upkeep]\n|-heal|p2a: Umbreon|97/297|[from] item: Leftovers\n|-damage|p1a: Dedenne|62/261 tox|[from] psn\n|upkeep\n|turn|12\n|\n|t:|1733905010\n|move|p2a: Umbreon|Protect|p2a: Umbreon\n|-singleturn|p2a: Umbreon|Protect\n|move|p1a: Dedenne|Dazzling Gleam|p2a: Umbreon\n|-activate|p2a: Umbreon|move: Protect\n|\n|-weather|none\n|-heal|p2a: Umbreon|115/297|[from] item: Leftovers\n|-damage|p1a: Dedenne|0 fnt|[from] psn\n|faint|p1a: Dedenne\n|upkeep\n|\n|t:|1733905022\n|switch|p1a: Mismagius|Mismagius, L86, M|243/243\n|turn|13\n|\n|t:|1733905026\n|move|p1a: Mismagius|Dazzling Gleam|p2a: Umbreon\n|-supereffective|p2a: Umbreon\n|-damage|p2a: Umbreon|15/297\n|move|p2a: Umbreon|Toxic|p1a: Mismagius\n|-status|p1a: Mismagius|tox\n|\n|-heal|p2a: Umbreon|33/297|[from] item: Leftovers\n|-damage|p1a: Mismagius|228/243 tox|[from] psn\n|upkeep\n|turn|14\n|\n|t:|1733905040\n|move|p2a: Umbreon|Protect|p2a: Umbreon\n|-singleturn|p2a: Umbreon|Protect\n|move|p1a: Mismagius|Nasty Plot|p1a: Mismagius\n|-boost|p1a: Mismagius|spa|2\n|\n|-heal|p1a: Mismagius|243/243 tox|[from] item: Leftovers\n|-heal|p2a: Umbreon|51/297|[from] item: Leftovers\n|-damage|p1a: Mismagius|213/243 tox|[from] psn\n|upkeep\n|turn|15\n|\n|t:|1733905052\n|move|p1a: Mismagius|Nasty Plot|p1a: Mismagius\n|-boost|p1a: Mismagius|spa|2\n|move|p2a: Umbreon|Toxic|p1a: Mismagius\n|-fail|p1a: Mismagius|tox\n|\n|-heal|p1a: Mismagius|228/243 tox|[from] item: Leftovers\n|-heal|p2a: Umbreon|69/297|[from] item: Leftovers\n|-damage|p1a: Mismagius|183/243 tox|[from] psn\n|upkeep\n|turn|16\n|\n|t:|1733905064\n|move|p2a: Umbreon|Protect|p2a: Umbreon\n|-singleturn|p2a: Umbreon|Protect\n|move|p1a: Mismagius|Shadow Ball|p2a: Umbreon\n|-activate|p2a: Umbreon|move: Protect\n|\n|-heal|p1a: Mismagius|198/243 tox|[from] item: Leftovers\n|-heal|p2a: Umbreon|87/297|[from] item: Leftovers\n|-damage|p1a: Mismagius|138/243 tox|[from] psn\n|upkeep\n|turn|17\n|\n|t:|1733905075\n|move|p1a: Mismagius|Dazzling Gleam|p2a: Umbreon\n|-supereffective|p2a: Umbreon\n|-damage|p2a: Umbreon|0 fnt\n|faint|p2a: Umbreon\n|\n|-heal|p1a: Mismagius|153/243 tox|[from] item: Leftovers\n|-damage|p1a: Mismagius|78/243 tox|[from] psn\n|upkeep\n|\n|t:|1733905083\n|switch|p2a: Probopass|Probopass, L92, M|260/260\n|turn|18\n|\n|t:|1733905087\n|move|p1a: Mismagius|Dazzling Gleam|p2a: Probopass\n|-resisted|p2a: Probopass\n|-damage|p2a: Probopass|200/260\n|move|p2a: Probopass|Iron Defense|p2a: Probopass\n|-boost|p2a: Probopass|def|2\n|\n|-heal|p1a: Mismagius|93/243 tox|[from] item: Leftovers\n|-heal|p2a: Probopass|216/260|[from] item: Leftovers\n|-damage|p1a: Mismagius|3/243 tox|[from] psn\n|upkeep\n|turn|19\n|\n|t:|1733905097\n|move|p1a: Mismagius|Shadow Ball|p2a: Probopass\n|-damage|p2a: Probopass|60/260\n|move|p2a: Probopass|Body Press|p1a: Mismagius\n|-immune|p1a: Mismagius\n|\n|-heal|p1a: Mismagius|18/243 tox|[from] item: Leftovers\n|-heal|p2a: Probopass|76/260|[from] item: Leftovers\n|-damage|p1a: Mismagius|0 fnt|[from] psn\n|faint|p1a: Mismagius\n|upkeep\n|\n|t:|1733905116\n|switch|p1a: Noctowl|Noctowl, L95, F|344/344\n|turn|20\n|\n|t:|1733905122\n|move|p1a: Noctowl|Hurricane|p2a: Probopass\n|-resisted|p2a: Probopass\n|-crit|p2a: Probopass\n|-damage|p2a: Probopass|14/260\n|-start|p2a: Probopass|confusion\n|-activate|p2a: Probopass|confusion\n|move|p2a: Probopass|Flash Cannon|p1a: Noctowl\n|-damage|p1a: Noctowl|275/344\n|\n|-heal|p2a: Probopass|30/260|[from] item: Leftovers\n|upkeep\n|turn|21\n|\n|t:|1733905132\n|move|p1a: Noctowl|Hurricane|p2a: Probopass|[miss]\n|-miss|p1a: Noctowl|p2a: Probopass\n|-activate|p2a: Probopass|confusion\n|-damage|p2a: Probopass|25/260|[from] confusion\n|\n|-heal|p2a: Probopass|41/260|[from] item: Leftovers\n|upkeep\n|turn|22\n|\n|t:|1733905140\n|move|p1a: Noctowl|Hurricane|p2a: Probopass|[miss]\n|-miss|p1a: Noctowl|p2a: Probopass\n|-end|p2a: Probopass|confusion\n|move|p2a: Probopass|Power Gem|p1a: Noctowl\n|-supereffective|p1a: Noctowl\n|-damage|p1a: Noctowl|143/344\n|\n|-heal|p2a: Probopass|57/260|[from] item: Leftovers\n|upkeep\n|turn|23\n|\n|t:|1733905150\n|move|p1a: Noctowl|Roost|p1a: Noctowl\n|-heal|p1a: Noctowl|315/344\n|-singleturn|p1a: Noctowl|move: Roost\n|move|p2a: Probopass|Power Gem|p1a: Noctowl\n|-damage|p1a: Noctowl|245/344\n|\n|-heal|p2a: Probopass|73/260|[from] item: Leftovers\n|upkeep\n|turn|24\n|\n|t:|1733905159\n|move|p1a: Noctowl|Hyper Voice|p2a: Probopass\n|-resisted|p2a: Probopass\n|-damage|p2a: Probopass|43/260\n|move|p2a: Probopass|Body Press|p1a: Noctowl\n|-damage|p1a: Noctowl|0 fnt\n|faint|p1a: Noctowl\n|\n|-heal|p2a: Probopass|59/260|[from] item: Leftovers\n|upkeep\n|\n|t:|1733905170\n|switch|p1a: Blaziken|Blaziken, L76, F|247/247\n|turn|25\n|\n|t:|1733905177\n|move|p1a: Blaziken|Flare Blitz|p2a: Probopass\n|-damage|p2a: Probopass|7/260\n|-damage|p1a: Blaziken|230/247|[from] Recoil\n|-damage|p1a: Blaziken|206/247|[from] item: Life Orb\n|move|p2a: Probopass|Body Press|p1a: Blaziken\n|-damage|p1a: Blaziken|0 fnt\n|faint|p1a: Blaziken\n|\n|-heal|p2a: Probopass|23/260|[from] item: Leftovers\n|upkeep\n|\n|t:|1733905186\n|switch|p1a: Kyogre|Kyogre, L71|259/259\n|-weather|RainDance|[from] ability: Drizzle|[of] p1a: Kyogre\n|turn|26\n|\n|t:|1733905194\n|move|p1a: Kyogre|Origin Pulse|p2a: Probopass\n|-supereffective|p2a: Probopass\n|-damage|p2a: Probopass|0 fnt\n|faint|p2a: Probopass\n|\n|-weather|RainDance|[upkeep]\n|upkeep\n|\n|t:|1733905200\n|switch|p2a: Bronzong|Bronzong, L88|261/261\n|turn|27\n|\n|t:|1733905205\n|move|p1a: Kyogre|Origin Pulse|p2a: Bronzong\n|-damage|p2a: Bronzong|111/261\n|move|p2a: Bronzong|Psychic Noise|p1a: Kyogre\n|-damage|p1a: Kyogre|201/259\n|-start|p1a: Kyogre|move: Heal Block\n|\n|-weather|RainDance|[upkeep]\n|-heal|p2a: Bronzong|127/261|[from] item: Leftovers\n|upkeep\n|turn|28\n|\n|t:|1733905216\n|move|p1a: Kyogre|Origin Pulse|p2a: Bronzong\n|-damage|p2a: Bronzong|0 fnt\n|faint|p2a: Bronzong\n|\n|win|asas4545\n", "inputlog": ">version bfd83cad13791eb5a5a409923076391caf6fb4d4\n>start {\"formatid\":\"gen9randombattle\",\"seed\":[13050,9764,50146,29530]}\n>player p1 {\"name\":\"asas4545\",\"avatar\":\"101\",\"rating\":0,\"seed\":[34146,28907,26582,52540]}\n>player p2 {\"name\":\"buidn\",\"avatar\":\"265\",\"rating\":0,\"seed\":[800,33705,46109,57469]}\n>p1 move psychic\n>p2 move ironhead\n>p1 move alluringvoice\n>p2 move icespinner terastallize\n>p1 move alluringvoice\n>p2 move liquidation\n>p2 switch 6\n>p1 move psychic\n>p2 move sludgebomb\n>p1 move alluringvoice\n>p2 move earthpower\n>p1 switch 6\n>p1 move dazzlinggleam\n>p2 move sludgebomb\n>p1 move dazzlinggleam\n>p2 move shadowball\n>p2 switch 5\n>p1 move dazzlinggleam\n>p2 move outrage\n>p2 switch 2\n>p1 move dazzlinggleam terastallize\n>p2 move toxic\n>p1 move dazzlinggleam\n>p2 move foulplay\n>p1 move dazzlinggleam\n>p2 move protect\n>p1 move dazzlinggleam\n>p2 move protect\n>p1 switch 2\n>p1 move dazzlinggleam\n>p2 move toxic\n>p1 move nastyplot\n>p2 move protect\n>p1 move nastyplot\n>p2 move toxic\n>p1 move shadowball\n>p2 move protect\n>p1 move dazzlinggleam\n>p2 move wish\n>p2 switch 3\n>p1 move dazzlinggleam\n>p2 move irondefense\n>p1 move shadowball\n>p2 move bodypress\n>p1 switch 4\n>p1 move hurricane\n>p2 move flashcannon\n>p1 move hurricane\n>p2 move bodypress\n>p1 move hurricane\n>p2 move powergem\n>p1 move roost\n>p2 move powergem\n>p1 move hypervoice\n>p2 move bodypress\n>p1 switch 5\n>p1 move flareblitz\n>p2 move bodypress\n>p1 switch 3\n>p1 move originpulse\n>p2 move bodypress\n>p2 switch 4\n>p1 move originpulse\n>p2 move psychicnoise\n>p1 move originpulse\n>p2 move hypnosis", "uploadtime": 1733905226, "views": 1, "formatid": "gen9randombattle", "rating": null, "private": 0, "password": null}