{"id": "gen9randombattle-2260706117", "format": "[Gen 9] Random Battle", "players": ["Micael Lopes", "Ace Trainer Lou"], "log": "|j|\u2606Micael Lopes\n|j|\u2606Ace Trainer Lou\n|t:|1733880885\n|gametype|singles\n|player|p1|Micael Lopes|benga|1905\n|player|p2|Ace Trainer Lou|acetrainer-gen4dp|1987\n|teamsize|p1|6\n|teamsize|p2|6\n|gen|9\n|tier|[Gen 9] Random Battle\n|rated|\n|rule|Species Clause: Limit one of each Pok\u00e9mon\n|rule|HP Percentage Mod: HP is shown in percentages\n|rule|Sleep Clause Mod: Limit one foe put to sleep\n|rule|Illusion Level Mod: Illusion disguises the Pok\u00e9mon's true level\n|\n|t:|1733880885\n|start\n|switch|p1a: Iron Treads|Iron Treads, L77|265/265\n|switch|p2a: Bellibolt|Bellibolt, L84, F|320/320\n|turn|1\n|inactive|Battle timer is ON: inactive players will automatically lose when time's up. (requested by Micael Lopes)\n|\n|t:|1733880915\n|-end|p1a: Iron Treads|Quark Drive|[silent]\n|switch|p1a: Gliscor|Gliscor, L76, F|239/239\n|switch|p2a: Rillaboom|Rillaboom, L79, F|288/288\n|-fieldstart|move: Grassy Terrain|[from] ability: Grassy Surge|[of] p2a: Rillaboom\n|\n|-status|p1a: Gliscor|tox|[from] item: Toxic Orb\n|upkeep\n|turn|2\n|inactive|Micael Lopes has 120 seconds left.\n|inactive|Micael Lopes has 90 seconds left.\n|\n|t:|1733880980\n|move|p1a: Gliscor|U-turn|p2a: Rillaboom\n|-supereffective|p2a: Rillaboom\n|-damage|p2a: Rillaboom|208/288\n|\n|t:|1733880981\n|switch|p1a: Whimsicott|Whimsicott, L85, M|241/241|[from] U-turn\n|move|p2a: Rillaboom|Wood Hammer|p1a: Whimsicott\n|-resisted|p1a: Whimsicott\n|-damage|p1a: Whimsicott|111/241\n|-damage|p2a: Rillaboom|165/288|[from] Recoil\n|\n|-heal|p1a: Whimsicott|126/241|[from] Grassy Terrain\n|-heal|p1a: Whimsicott|141/241|[from] item: Leftovers\n|-heal|p2a: Rillaboom|183/288|[from] Grassy Terrain\n|upkeep\n|turn|3\n|inactive|Ace Trainer Lou has 120 seconds left.\n|\n|t:|1733881022\n|switch|p2a: Muk|Muk, L86, M|321/321\n|move|p1a: Whimsicott|Giga Drain|p2a: Muk\n|-resisted|p2a: Muk\n|-damage|p2a: Muk|291/321\n|-heal|p1a: Whimsicott|156/241|[from] drain|[of] p2a: Muk\n|\n|-heal|p1a: Whimsicott|171/241|[from] Grassy Terrain\n|-heal|p1a: Whimsicott|186/241|[from] item: Leftovers\n|-heal|p2a: Muk|311/321|[from] Grassy Terrain\n|upkeep\n|turn|4\n|inactive|Micael Lopes has 90 seconds left.\n|\n|t:|1733881069\n|move|p1a: Whimsicott|Stun Spore|p2a: Muk\n|-status|p2a: Muk|par\n|cant|p2a: Muk|par\n|\n|-heal|p1a: Whimsicott|201/241|[from] Grassy Terrain\n|-heal|p1a: Whimsicott|216/241|[from] item: Leftovers\n|-heal|p2a: Muk|321/321 par|[from] Grassy Terrain\n|upkeep\n|turn|5\n|\n|t:|1733881080\n|switch|p1a: Iron Treads|Iron Treads, L77|265/265\n|move|p2a: Muk|Gunk Shot|p1a: Iron Treads\n|-immune|p1a: Iron Treads\n|\n|-fieldend|move: Grassy Terrain\n|upkeep\n|turn|6\n|\n|t:|1733881087\n|switch|p2a: Rillaboom|Rillaboom, L79, F|183/288\n|-fieldstart|move: Grassy Terrain|[from] ability: Grassy Surge|[of] p2a: Rillaboom\n|move|p1a: Iron Treads|Knock Off|p2a: Rillaboom\n|-damage|p2a: Rillaboom|117/288\n|-enditem|p2a: Rillaboom|Choice Band|[from] move: Knock Off|[of] p1a: Iron Treads\n|\n|-heal|p2a: Rillaboom|135/288|[from] Grassy Terrain\n|upkeep\n|turn|7\n|inactive|Ace Trainer Lou has 120 seconds left.\n|\n|t:|1733881093\n|-end|p1a: Iron Treads|Quark Drive|[silent]\n|switch|p1a: Goodra|Goodra-Hisui, L82, F|265/265\n|move|p2a: Rillaboom|U-turn|p1a: Goodra\n|-resisted|p1a: Goodra\n|-damage|p1a: Goodra|242/265\n|inactive|Ace Trainer Lou has 120 seconds left.\n|\n|t:|1733881105\n|switch|p2a: Lucario|Lucario, L84, M|255/255|[from] U-turn\n|\n|-heal|p1a: Goodra|258/265|[from] Grassy Terrain\n|upkeep\n|turn|8\n|inactive|Micael Lopes has 90 seconds left.\n|inactive|Ace Trainer Lou has 120 seconds left.\n|\n|t:|1733881128\n|switch|p1a: Whimsicott|Whimsicott, L85, M|216/241\n|move|p2a: Lucario|Nasty Plot|p2a: Lucario\n|-boost|p2a: Lucario|spa|2\n|\n|-heal|p1a: Whimsicott|231/241|[from] Grassy Terrain\n|-heal|p1a: Whimsicott|241/241|[from] item: Leftovers\n|upkeep\n|turn|9\n|inactive|Ace Trainer Lou has 120 seconds left.\n|\n|t:|1733881146\n|move|p1a: Whimsicott|Encore|p2a: Lucario\n|-start|p2a: Lucario|Encore\n|move|p2a: Lucario|Nasty Plot|p2a: Lucario\n|-boost|p2a: Lucario|spa|2\n|\n|upkeep\n|turn|10\n|inactive|Micael Lopes has 90 seconds left.\n|inactive|Ace Trainer Lou has 120 seconds left.\n|inactive|Micael Lopes has 60 seconds left.\n|\n|t:|1733881208\n|switch|p2a: Sinistcha|Sinistcha-Masterpiece, L83|254/254\n|move|p1a: Whimsicott|Moonblast|p2a: Sinistcha\n|-damage|p2a: Sinistcha|160/254\n|-unboost|p2a: Sinistcha|spa|1\n|\n|-heal|p2a: Sinistcha|175/254|[from] Grassy Terrain\n|-heal|p2a: Sinistcha|190/254|[from] item: Leftovers\n|-fieldend|move: Grassy Terrain\n|upkeep\n|turn|11\n|inactive|Ace Trainer Lou has 120 seconds left.\n|\n|t:|1733881214\n|move|p1a: Whimsicott|Moonblast|p2a: Sinistcha\n|-damage|p2a: Sinistcha|90/254\n|move|p2a: Sinistcha|Strength Sap|p1a: Whimsicott\n|-unboost|p1a: Whimsicott|atk|1\n|-heal|p2a: Sinistcha|208/254\n|\n|-heal|p2a: Sinistcha|223/254|[from] item: Leftovers\n|upkeep\n|turn|12\n|inactive|Ace Trainer Lou has 120 seconds left.\n|\n|t:|1733881229\n|switch|p2a: Rillaboom|Rillaboom, L79, F|135/288\n|-fieldstart|move: Grassy Terrain|[from] ability: Grassy Surge|[of] p2a: Rillaboom\n|move|p1a: Whimsicott|Moonblast|p2a: Rillaboom\n|-damage|p2a: Rillaboom|26/288\n|-unboost|p2a: Rillaboom|spa|1\n|\n|-heal|p2a: Rillaboom|44/288|[from] Grassy Terrain\n|upkeep\n|turn|13\n|inactive|Ace Trainer Lou has 120 seconds left.\n|\n|t:|1733881262\n|switch|p2a: Muk|Muk, L86, M|321/321 par\n|move|p1a: Whimsicott|Moonblast|p2a: Muk\n|-resisted|p2a: Muk\n|-damage|p2a: Muk|294/321 par\n|\n|-heal|p2a: Muk|314/321 par|[from] Grassy Terrain\n|upkeep\n|turn|14\n|inactive|Micael Lopes has 60 seconds left.\n|\n|t:|1733881285\n|switch|p1a: Iron Treads|Iron Treads, L77|265/265\n|move|p2a: Muk|Knock Off|p1a: Iron Treads\n|-damage|p1a: Iron Treads|199/265\n|-enditem|p1a: Iron Treads|Assault Vest|[from] move: Knock Off|[of] p2a: Muk\n|\n|-heal|p1a: Iron Treads|215/265|[from] Grassy Terrain\n|-heal|p2a: Muk|321/321 par|[from] Grassy Terrain\n|upkeep\n|turn|15\n|\n|t:|1733881299\n|move|p1a: Iron Treads|Knock Off|p2a: Muk\n|-damage|p2a: Muk|251/321 par\n|-enditem|p2a: Muk|Assault Vest|[from] move: Knock Off|[of] p1a: Iron Treads\n|move|p2a: Muk|Ice Punch|p1a: Iron Treads\n|-damage|p1a: Iron Treads|161/265\n|\n|-heal|p1a: Iron Treads|177/265|[from] Grassy Terrain\n|-heal|p2a: Muk|271/321 par|[from] Grassy Terrain\n|upkeep\n|turn|16\n|\n|t:|1733881316\n|move|p1a: Iron Treads|Iron Head|p2a: Muk\n|-damage|p2a: Muk|187/321 par\n|cant|p2a: Muk|flinch\n|\n|-heal|p1a: Iron Treads|193/265|[from] Grassy Terrain\n|-heal|p2a: Muk|207/321 par|[from] Grassy Terrain\n|-fieldend|move: Grassy Terrain\n|upkeep\n|turn|17\n|\n|t:|1733881333\n|move|p1a: Iron Treads|Knock Off|p2a: Muk\n|-damage|p2a: Muk|160/321 par\n|move|p2a: Muk|Ice Punch|p1a: Iron Treads\n|-damage|p1a: Iron Treads|143/265\n|\n|upkeep\n|turn|18\n|\n|t:|1733881338\n|move|p1a: Iron Treads|Earthquake|p2a: Muk\n|-supereffective|p2a: Muk\n|-damage|p2a: Muk|0 fnt\n|faint|p2a: Muk\n|\n|upkeep\n|\n|t:|1733881343\n|switch|p2a: Rillaboom|Rillaboom, L79, F|44/288\n|-fieldstart|move: Grassy Terrain|[from] ability: Grassy Surge|[of] p2a: Rillaboom\n|turn|19\n|inactive|Ace Trainer Lou has 120 seconds left.\n|inactive|Micael Lopes has 60 seconds left.\n|\n|t:|1733881363\n|-end|p1a: Iron Treads|Quark Drive|[silent]\n|switch|p1a: Goodra|Goodra-Hisui, L82, F|258/265\n|move|p2a: Rillaboom|U-turn|p1a: Goodra\n|-resisted|p1a: Goodra\n|-damage|p1a: Goodra|235/265\n|inactive|Ace Trainer Lou has 120 seconds left.\n|\n|t:|1733881379\n|switch|p2a: Bellibolt|Bellibolt, L84, F|320/320|[from] U-turn\n|\n|-heal|p1a: Goodra|251/265|[from] Grassy Terrain\n|upkeep\n|turn|20\n|\n|t:|1733881392\n|move|p1a: Goodra|Draco Meteor|p2a: Bellibolt\n|-damage|p2a: Bellibolt|179/320\n|-unboost|p1a: Goodra|spa|2\n|-start|p2a: Bellibolt|Charge|Draco Meteor|[from] ability: Electromorphosis\n|move|p2a: Bellibolt|Muddy Water|p1a: Goodra\n|-resisted|p1a: Goodra\n|-damage|p1a: Goodra|236/265\n|\n|-heal|p1a: Goodra|252/265|[from] Grassy Terrain\n|-heal|p2a: Bellibolt|199/320|[from] Grassy Terrain\n|-heal|p2a: Bellibolt|219/320|[from] item: Leftovers\n|upkeep\n|turn|21\n|inactive|Ace Trainer Lou has 120 seconds left.\n|inactive|Micael Lopes has 60 seconds left.\n|\n|t:|1733881409\n|switch|p1a: Gliscor|Gliscor, L76, F|239/239 tox\n|move|p2a: Bellibolt|Muddy Water|p1a: Gliscor\n|-supereffective|p1a: Gliscor\n|-damage|p1a: Gliscor|65/239 tox\n|-unboost|p1a: Gliscor|accuracy|1\n|\n|-heal|p2a: Bellibolt|239/320|[from] Grassy Terrain\n|-heal|p2a: Bellibolt|259/320|[from] item: Leftovers\n|-heal|p1a: Gliscor|94/239 tox|[from] ability: Poison Heal\n|upkeep\n|turn|22\n|inactive|Ace Trainer Lou has 120 seconds left.\n|\n|t:|1733881421\n|move|p1a: Gliscor|Protect|p1a: Gliscor\n|-singleturn|p1a: Gliscor|Protect\n|move|p2a: Bellibolt|Muddy Water|p1a: Gliscor\n|-activate|p1a: Gliscor|move: Protect\n|\n|-heal|p2a: Bellibolt|279/320|[from] Grassy Terrain\n|-heal|p2a: Bellibolt|299/320|[from] item: Leftovers\n|-heal|p1a: Gliscor|123/239 tox|[from] ability: Poison Heal\n|upkeep\n|turn|23\n|\n|t:|1733881432\n|-terastallize|p1a: Gliscor|Water\n|move|p1a: Gliscor|Toxic Spikes|p2a: Bellibolt\n|-sidestart|p2: Ace Trainer Lou|move: Toxic Spikes\n|move|p2a: Bellibolt|Muddy Water|p1a: Gliscor\n|-resisted|p1a: Gliscor\n|-damage|p1a: Gliscor|81/239 tox\n|-unboost|p1a: Gliscor|accuracy|1\n|\n|-heal|p1a: Gliscor|95/239 tox|[from] Grassy Terrain\n|-heal|p2a: Bellibolt|319/320|[from] Grassy Terrain\n|-heal|p2a: Bellibolt|320/320|[from] item: Leftovers\n|-heal|p1a: Gliscor|124/239 tox|[from] ability: Poison Heal\n|-fieldend|move: Grassy Terrain\n|upkeep\n|turn|24\n|\n|t:|1733881439\n|move|p1a: Gliscor|Protect|p1a: Gliscor\n|-singleturn|p1a: Gliscor|Protect\n|move|p2a: Bellibolt|Thunderbolt|p1a: Gliscor\n|-activate|p1a: Gliscor|move: Protect\n|-end|p2a: Bellibolt|Charge|[silent]\n|\n|-heal|p1a: Gliscor|153/239 tox|[from] ability: Poison Heal\n|upkeep\n|turn|25\n|\n|t:|1733881443\n|switch|p1a: Jolteon|Jolteon, L84, M|246/246\n|move|p2a: Bellibolt|Thunderbolt|p1a: Jolteon\n|-immune|p1a: Jolteon|[from] ability: Volt Absorb\n|\n|upkeep\n|turn|26\n|inactive|Micael Lopes has 90 seconds left.\n|inactive|Ace Trainer Lou has 120 seconds left.\n|\n|t:|1733881492\n|switch|p1a: Gliscor|Gliscor, L76, F, tera:Water|153/239 tox\n|move|p2a: Bellibolt|Muddy Water|p1a: Gliscor\n|-resisted|p1a: Gliscor\n|-damage|p1a: Gliscor|108/239 tox\n|\n|-heal|p1a: Gliscor|137/239 tox|[from] ability: Poison Heal\n|upkeep\n|turn|27\n|\n|t:|1733881503\n|switch|p2a: Rillaboom|Rillaboom, L79, F|44/288\n|-status|p2a: Rillaboom|psn\n|-fieldstart|move: Grassy Terrain|[from] ability: Grassy Surge|[of] p2a: Rillaboom\n|move|p1a: Gliscor|Protect||[still]\n|-fail|p1a: Gliscor\n|\n|-heal|p1a: Gliscor|151/239 tox|[from] Grassy Terrain\n|-heal|p2a: Rillaboom|62/288 psn|[from] Grassy Terrain\n|-heal|p1a: Gliscor|180/239 tox|[from] ability: Poison Heal\n|-damage|p2a: Rillaboom|26/288 psn|[from] psn\n|upkeep\n|turn|28\n|\n|t:|1733881507\n|move|p1a: Gliscor|Protect|p1a: Gliscor\n|-singleturn|p1a: Gliscor|Protect\n|move|p2a: Rillaboom|Grassy Glide|p1a: Gliscor\n|-activate|p1a: Gliscor|move: Protect\n|\n|-heal|p1a: Gliscor|194/239 tox|[from] Grassy Terrain\n|-heal|p2a: Rillaboom|44/288 psn|[from] Grassy Terrain\n|-heal|p1a: Gliscor|223/239 tox|[from] ability: Poison Heal\n|-damage|p2a: Rillaboom|8/288 psn|[from] psn\n|upkeep\n|turn|29\n|\n|t:|1733881513\n|switch|p1a: Goodra|Goodra-Hisui, L82, F|252/265\n|move|p2a: Rillaboom|U-turn|p1a: Goodra\n|-resisted|p1a: Goodra\n|-damage|p1a: Goodra|227/265\n|\n|t:|1733881520\n|switch|p2a: Bellibolt|Bellibolt, L84, F|320/320|[from] U-turn\n|-status|p2a: Bellibolt|psn\n|\n|-heal|p1a: Goodra|243/265|[from] Grassy Terrain\n|-damage|p2a: Bellibolt|280/320 psn|[from] psn\n|upkeep\n|turn|30\n|\n|t:|1733881526\n|switch|p1a: Jolteon|Jolteon, L84, M|246/246\n|move|p2a: Bellibolt|Muddy Water|p1a: Jolteon|[miss]\n|-miss|p2a: Bellibolt|p1a: Jolteon\n|\n|-heal|p2a: Bellibolt|300/320 psn|[from] Grassy Terrain\n|-heal|p2a: Bellibolt|320/320 psn|[from] item: Leftovers\n|-damage|p2a: Bellibolt|280/320 psn|[from] psn\n|upkeep\n|turn|31\n|\n|t:|1733881530\n|move|p1a: Jolteon|Substitute|p1a: Jolteon\n|-start|p1a: Jolteon|Substitute\n|-damage|p1a: Jolteon|185/246\n|move|p2a: Bellibolt|Muddy Water|p1a: Jolteon\n|-end|p1a: Jolteon|Substitute\n|\n|-heal|p1a: Jolteon|200/246|[from] Grassy Terrain\n|-heal|p1a: Jolteon|215/246|[from] item: Leftovers\n|-heal|p2a: Bellibolt|300/320 psn|[from] Grassy Terrain\n|-heal|p2a: Bellibolt|320/320 psn|[from] item: Leftovers\n|-damage|p2a: Bellibolt|280/320 psn|[from] psn\n|-fieldend|move: Grassy Terrain\n|upkeep\n|turn|32\n|\n|t:|1733881533\n|move|p1a: Jolteon|Calm Mind|p1a: Jolteon\n|-boost|p1a: Jolteon|spa|1\n|-boost|p1a: Jolteon|spd|1\n|move|p2a: Bellibolt|Muddy Water|p1a: Jolteon\n|-damage|p1a: Jolteon|174/246\n|\n|-heal|p1a: Jolteon|189/246|[from] item: Leftovers\n|-heal|p2a: Bellibolt|300/320 psn|[from] item: Leftovers\n|-damage|p2a: Bellibolt|260/320 psn|[from] psn\n|upkeep\n|turn|33\n|\n|t:|1733881536\n|move|p1a: Jolteon|Substitute|p1a: Jolteon\n|-start|p1a: Jolteon|Substitute\n|-damage|p1a: Jolteon|128/246\n|move|p2a: Bellibolt|Toxic||[still]\n|-fail|p2a: Bellibolt\n|\n|-heal|p1a: Jolteon|143/246|[from] item: Leftovers\n|-heal|p2a: Bellibolt|280/320 psn|[from] item: Leftovers\n|-damage|p2a: Bellibolt|240/320 psn|[from] psn\n|upkeep\n|turn|34\n|\n|t:|1733881539\n|move|p1a: Jolteon|Calm Mind|p1a: Jolteon\n|-boost|p1a: Jolteon|spa|1\n|-boost|p1a: Jolteon|spd|1\n|move|p2a: Bellibolt|Muddy Water|p1a: Jolteon\n|-activate|p1a: Jolteon|move: Substitute|[damage]\n|\n|-heal|p1a: Jolteon|158/246|[from] item: Leftovers\n|-heal|p2a: Bellibolt|260/320 psn|[from] item: Leftovers\n|-damage|p2a: Bellibolt|220/320 psn|[from] psn\n|upkeep\n|turn|35\n|\n|t:|1733881541\n|move|p1a: Jolteon|Calm Mind|p1a: Jolteon\n|-boost|p1a: Jolteon|spa|1\n|-boost|p1a: Jolteon|spd|1\n|move|p2a: Bellibolt|Muddy Water|p1a: Jolteon|[miss]\n|-miss|p2a: Bellibolt|p1a: Jolteon\n|\n|-heal|p1a: Jolteon|173/246|[from] item: Leftovers\n|-heal|p2a: Bellibolt|240/320 psn|[from] item: Leftovers\n|-damage|p2a: Bellibolt|200/320 psn|[from] psn\n|upkeep\n|turn|36\n|\n|t:|1733881552\n|move|p1a: Jolteon|Calm Mind|p1a: Jolteon\n|-boost|p1a: Jolteon|spa|1\n|-boost|p1a: Jolteon|spd|1\n|move|p2a: Bellibolt|Muddy Water|p1a: Jolteon\n|-activate|p1a: Jolteon|move: Substitute|[damage]\n|\n|-heal|p1a: Jolteon|188/246|[from] item: Leftovers\n|-heal|p2a: Bellibolt|220/320 psn|[from] item: Leftovers\n|-damage|p2a: Bellibolt|180/320 psn|[from] psn\n|upkeep\n|turn|37\n|\n|t:|1733881559\n|move|p1a: Jolteon|Calm Mind|p1a: Jolteon\n|-boost|p1a: Jolteon|spa|1\n|-boost|p1a: Jolteon|spd|1\n|move|p2a: Bellibolt|Muddy Water|p1a: Jolteon\n|-end|p1a: Jolteon|Substitute\n|\n|-heal|p1a: Jolteon|203/246|[from] item: Leftovers\n|-heal|p2a: Bellibolt|200/320 psn|[from] item: Leftovers\n|-damage|p2a: Bellibolt|160/320 psn|[from] psn\n|upkeep\n|turn|38\n|\n|t:|1733881567\n|move|p1a: Jolteon|Substitute|p1a: Jolteon\n|-start|p1a: Jolteon|Substitute\n|-damage|p1a: Jolteon|142/246\n|move|p2a: Bellibolt|Toxic||[still]\n|-fail|p2a: Bellibolt\n|\n|-heal|p1a: Jolteon|157/246|[from] item: Leftovers\n|-heal|p2a: Bellibolt|180/320 psn|[from] item: Leftovers\n|-damage|p2a: Bellibolt|140/320 psn|[from] psn\n|upkeep\n|turn|39\n|\n|t:|1733881570\n|move|p1a: Jolteon|Calm Mind|p1a: Jolteon\n|-boost|p1a: Jolteon|spa|1\n|-boost|p1a: Jolteon|spd|1\n|move|p2a: Bellibolt|Muddy Water|p1a: Jolteon|[miss]\n|-miss|p2a: Bellibolt|p1a: Jolteon\n|\n|-heal|p1a: Jolteon|172/246|[from] item: Leftovers\n|-heal|p2a: Bellibolt|160/320 psn|[from] item: Leftovers\n|-damage|p2a: Bellibolt|120/320 psn|[from] psn\n|upkeep\n|turn|40\n|\n|t:|1733881572\n|move|p1a: Jolteon|Tera Blast|p2a: Bellibolt\n|-damage|p2a: Bellibolt|0 fnt\n|faint|p2a: Bellibolt\n|\n|-heal|p1a: Jolteon|187/246|[from] item: Leftovers\n|upkeep\n|\n|t:|1733881589\n|switch|p2a: Lucario|Lucario, L84, M|255/255\n|turn|41\n|\n|t:|1733881596\n|move|p2a: Lucario|Vacuum Wave|p1a: Jolteon\n|-activate|p1a: Jolteon|move: Substitute|[damage]\n|-damage|p2a: Lucario|230/255|[from] item: Life Orb\n|move|p1a: Jolteon|Thunderbolt|p2a: Lucario\n|-damage|p2a: Lucario|0 fnt\n|faint|p2a: Lucario\n|\n|-heal|p1a: Jolteon|202/246|[from] item: Leftovers\n|upkeep\n|-message|Ace Trainer Lou forfeited.\n|\n|win|Micael Lopes\n|raw|Micael Lopes's rating: 1905 &rarr; <strong>1930</strong><br />(+25 for winning)\n|raw|Ace Trainer Lou's rating: 1987 &rarr; <strong>1962</strong><br />(-25 for losing)\n|l|\u2606Ace Trainer Lou\n|player|p2|\n|c|\u2606Micael Lopes|**__Sexy game.__**\n", "inputlog": ">version bfd83cad13791eb5a5a409923076391caf6fb4d4\n>start {\"formatid\":\"gen9randombattle\",\"seed\":[64158,19010,13395,23636],\"rated\":\"Rated battle\"}\n>player p1 {\"name\":\"Micael Lopes\",\"avatar\":\"benga\",\"rating\":1905,\"seed\":[15928,43041,57200,14204]}\n>player p2 {\"name\":\"Ace Trainer Lou\",\"avatar\":\"acetrainer-gen4dp\",\"rating\":1987,\"seed\":[50659,41254,54742,9223]}\n>p1 switch 3\n>p2 switch 5\n>p1 move uturn\n>p2 move woodhammer\n>p1 switch 5\n>p1 move gigadrain\n>p2 switch 3\n>p1 move stunspore\n>p2 move knockoff\n>p1 switch 3\n>p2 move gunkshot\n>p1 move knockoff\n>p2 switch 3\n>p1 switch 2\n>p2 move uturn\n>p2 switch 2\n>p1 switch 3\n>p2 move nastyplot\n>p1 move encore\n>p2 move flashcannon\n>p1 move moonblast\n>p2 switch 4\n>p1 move moonblast\n>p2 move strengthsap\n>p1 move moonblast\n>p2 switch 2\n>p1 move moonblast\n>p2 switch 3\n>p1 switch 2\n>p2 move knockoff\n>p1 move knockoff\n>p2 move icepunch\n>p1 move ironhead\n>p2 move icepunch\n>p1 move knockoff\n>p2 move icepunch\n>p1 move earthquake\n>p2 move icepunch\n>p2 switch 3\n>p1 switch 3\n>p2 move uturn\n>p2 switch 5\n>p1 move dracometeor\n>p2 move muddywater\n>p1 switch 5\n>p2 move muddywater\n>p1 move protect\n>p2 move muddywater\n>p1 move toxicspikes terastallize\n>p2 move muddywater\n>p1 move protect\n>p2 move thunderbolt\n>p1 switch 6\n>p2 move thunderbolt\n>p1 switch 6\n>p2 move muddywater\n>p1 move protect\n>p2 switch 5\n>p1 move protect\n>p2 move grassyglide\n>p1 switch 5\n>p2 move uturn\n>p2 switch 5\n>p1 switch 6\n>p2 move muddywater\n>p1 move substitute\n>p2 move muddywater\n>p1 move calmmind\n>p2 move muddywater\n>p1 move substitute\n>p2 move toxic\n>p1 move calmmind\n>p2 move muddywater\n>p1 move calmmind\n>p2 move muddywater\n>p1 move calmmind\n>p2 move muddywater\n>p1 move calmmind\n>p2 move muddywater\n>p1 move substitute\n>p2 move toxic\n>p1 move calmmind\n>p2 move muddywater\n>p1 move terablast\n>p2 move muddywater\n>p2 switch 4\n>p1 move thunderbolt\n>p2 move vacuumwave\n>forcelose p2", "uploadtime": 1733881629, "views": 1, "formatid": "gen9randombattle", "rating": 1930, "private": 0, "password": null}