{"id": "gen9randombattle-2260423552", "format": "[Gen 9] Random Battle", "players": ["suds4", "pipenpy"], "log": "|j|\u2606suds4\n|j|\u2606pipenpy\n|t:|1733850212\n|gametype|singles\n|player|p1|suds4|byron|1049\n|player|p2|pipenpy|265|1030\n|teamsize|p1|6\n|teamsize|p2|6\n|gen|9\n|tier|[Gen 9] Random Battle\n|rated|\n|rule|Species Clause: Limit one of each Pok\u00e9mon\n|rule|HP Percentage Mod: HP is shown in percentages\n|rule|Sleep Clause Mod: Limit one foe put to sleep\n|rule|Illusion Level Mod: Illusion disguises the Pok\u00e9mon's true level\n|\n|t:|1733850212\n|start\n|switch|p1a: Iron Bundle|Iron Bundle, L77|213/213\n|switch|p2a: Glaceon|Glaceon, L94, F|275/275\n|turn|1\n|\n|t:|1733850224\n|move|p1a: Iron Bundle|Encore||[still]\n|-fail|p1a: Iron Bundle\n|move|p2a: Glaceon|Freeze-Dry|p1a: Iron Bundle\n|-damage|p1a: Iron Bundle|42/213\n|\n|upkeep\n|turn|2\n|\n|t:|1733850245\n|-end|p1a: Iron Bundle|Quark Drive|[silent]\n|switch|p1a: Illumise|Illumise, L91, F|266/266\n|move|p2a: Glaceon|Calm Mind|p2a: Glaceon\n|-boost|p2a: Glaceon|spa|1\n|-boost|p2a: Glaceon|spd|1\n|\n|upkeep\n|turn|3\n|\n|t:|1733850252\n|move|p1a: Illumise|Thunder Wave|p2a: Glaceon|[miss]\n|-miss|p1a: Illumise|p2a: Glaceon\n|move|p2a: Glaceon|Freeze-Dry|p1a: Illumise\n|-damage|p1a: Illumise|101/266\n|\n|upkeep\n|turn|4\n|\n|t:|1733850258\n|move|p2a: Glaceon|Protect|p2a: Glaceon\n|-singleturn|p2a: Glaceon|Protect\n|move|p1a: Illumise|Thunder Wave|p2a: Glaceon\n|-activate|p2a: Glaceon|move: Protect\n|\n|upkeep\n|turn|5\n|\n|t:|1733850270\n|move|p1a: Illumise|Encore|p2a: Glaceon\n|-start|p2a: Glaceon|Encore\n|move|p2a: Glaceon|Protect||[still]\n|-fail|p2a: Glaceon\n|\n|upkeep\n|turn|6\n|\n|t:|1733850277\n|switch|p2a: Golem|Golem-Alola, L93, M|300/300\n|move|p1a: Illumise|Thunder Wave|p2a: Golem\n|-immune|p2a: Golem\n|\n|upkeep\n|turn|7\n|\n|t:|1733850284\n|move|p1a: Illumise|Roost|p1a: Illumise\n|-heal|p1a: Illumise|234/266\n|-singleturn|p1a: Illumise|move: Roost\n|move|p2a: Golem|Rock Polish|p2a: Golem\n|-boost|p2a: Golem|spe|2\n|\n|upkeep\n|turn|8\n|\n|t:|1733850291\n|move|p2a: Golem|Stone Edge|p1a: Illumise\n|-supereffective|p1a: Illumise\n|-damage|p1a: Illumise|0 fnt\n|faint|p1a: Illumise\n|-damage|p2a: Golem|270/300|[from] item: Life Orb\n|\n|upkeep\n|\n|t:|1733850299\n|switch|p1a: Hippowdon|Hippowdon, L82, M|311/311\n|-weather|Sandstorm|[from] ability: Sand Stream|[of] p1a: Hippowdon\n|turn|9\n|\n|t:|1733850326\n|switch|p2a: Scovillain|Scovillain, L91, F|266/266\n|move|p1a: Hippowdon|Stealth Rock|p2a: Scovillain\n|-sidestart|p2: pipenpy|move: Stealth Rock\n|\n|-weather|Sandstorm|[upkeep]\n|-damage|p2a: Scovillain|250/266|[from] Sandstorm\n|-heal|p2a: Scovillain|266/266|[from] item: Leftovers\n|upkeep\n|turn|10\n|\n|t:|1733850338\n|-terastallize|p1a: Hippowdon|Dragon\n|move|p2a: Scovillain|Leech Seed|p1a: Hippowdon\n|-start|p1a: Hippowdon|move: Leech Seed\n|move|p1a: Hippowdon|Whirlwind|p2a: Scovillain\n|drag|p2a: Ogerpon|Ogerpon-Hearthflame, L74, F|239/239\n|-damage|p2a: Ogerpon|180/239|[from] Stealth Rock\n|-ability|p2a: Ogerpon|Mold Breaker\n|\n|-weather|Sandstorm|[upkeep]\n|-damage|p2a: Ogerpon|166/239|[from] Sandstorm\n|-damage|p1a: Hippowdon|292/311|[from] Sandstorm\n|-damage|p1a: Hippowdon|254/311|[from] Leech Seed|[of] p2a: Ogerpon\n|-heal|p2a: Ogerpon|204/239|[silent]\n|upkeep\n|turn|11\n|\n|t:|1733850353\n|move|p2a: Ogerpon|Knock Off|p1a: Hippowdon\n|-damage|p1a: Hippowdon|193/311\n|-damage|p2a: Ogerpon|165/239|[from] item: Rocky Helmet|[of] p1a: Hippowdon\n|-enditem|p1a: Hippowdon|Rocky Helmet|[from] move: Knock Off|[of] p2a: Ogerpon\n|move|p1a: Hippowdon|Whirlwind|p2a: Ogerpon\n|drag|p2a: Golem|Golem-Alola, L93, M|270/300\n|-damage|p2a: Golem|233/300|[from] Stealth Rock\n|\n|-weather|Sandstorm|[upkeep]\n|-damage|p1a: Hippowdon|174/311|[from] Sandstorm\n|-damage|p1a: Hippowdon|136/311|[from] Leech Seed|[of] p2a: Golem\n|-heal|p2a: Golem|271/300|[silent]\n|upkeep\n|turn|12\n|\n|t:|1733850368\n|switch|p1a: Glimmora|Glimmora, L75, M|248/248\n|move|p2a: Golem|Double-Edge|p1a: Glimmora\n|-damage|p1a: Glimmora|0 fnt\n|-activate|p1a: Glimmora|ability: Toxic Debris\n|-sidestart|p2: pipenpy|move: Toxic Spikes\n|faint|p1a: Glimmora\n|-damage|p2a: Golem|189/300|[from] Recoil\n|-damage|p2a: Golem|159/300|[from] item: Life Orb\n|\n|-weather|Sandstorm|[upkeep]\n|upkeep\n|\n|t:|1733850379\n|switch|p1a: Hippowdon|Hippowdon, L82, M, tera:Dragon|136/311\n|turn|13\n|\n|t:|1733850386\n|move|p2a: Golem|Double-Edge|p1a: Hippowdon\n|-resisted|p1a: Hippowdon\n|-damage|p1a: Hippowdon|27/311\n|-damage|p2a: Golem|123/300|[from] Recoil\n|-damage|p2a: Golem|93/300|[from] item: Life Orb\n|move|p1a: Hippowdon|Slack Off|p1a: Hippowdon\n|-heal|p1a: Hippowdon|183/311\n|\n|-weather|none\n|upkeep\n|turn|14\n|\n|t:|1733850401\n|move|p2a: Golem|Double-Edge|p1a: Hippowdon\n|-resisted|p1a: Hippowdon\n|-damage|p1a: Hippowdon|62/311\n|-damage|p2a: Golem|53/300|[from] Recoil\n|-damage|p2a: Golem|23/300|[from] item: Life Orb\n|move|p1a: Hippowdon|Slack Off|p1a: Hippowdon\n|-heal|p1a: Hippowdon|218/311\n|\n|upkeep\n|turn|15\n|\n|t:|1733850417\n|switch|p2a: Scovillain|Scovillain, L91, F|266/266\n|-damage|p2a: Scovillain|200/266|[from] Stealth Rock\n|-status|p2a: Scovillain|psn\n|move|p1a: Hippowdon|Slack Off|p1a: Hippowdon\n|-heal|p1a: Hippowdon|311/311\n|\n|-heal|p2a: Scovillain|216/266 psn|[from] item: Leftovers\n|-damage|p2a: Scovillain|183/266 psn|[from] psn\n|upkeep\n|turn|16\n|\n|t:|1733850434\n|-terastallize|p2a: Scovillain|Steel\n|move|p2a: Scovillain|Substitute|p2a: Scovillain\n|-start|p2a: Scovillain|Substitute\n|-damage|p2a: Scovillain|117/266 psn\n|move|p1a: Hippowdon|Whirlwind|p2a: Scovillain\n|drag|p2a: Lunala|Lunala, L70|308/308\n|-damage|p2a: Lunala|270/308|[from] Stealth Rock\n|-status|p2a: Lunala|psn\n|\n|-heal|p2a: Lunala|289/308 psn|[from] item: Leftovers\n|-damage|p2a: Lunala|251/308 psn|[from] psn\n|upkeep\n|turn|17\n|\n|t:|1733850450\n|move|p2a: Lunala|Moonblast|p1a: Hippowdon\n|-supereffective|p1a: Hippowdon\n|-damage|p1a: Hippowdon|165/311\n|move|p1a: Hippowdon|Whirlwind|p2a: Lunala\n|drag|p2a: Ogerpon|Ogerpon-Hearthflame, L74, F|165/239\n|-damage|p2a: Ogerpon|106/239|[from] Stealth Rock\n|-status|p2a: Ogerpon|psn\n|-ability|p2a: Ogerpon|Mold Breaker\n|\n|-damage|p2a: Ogerpon|77/239 psn|[from] psn\n|upkeep\n|turn|18\n|\n|t:|1733850462\n|switch|p2a: Scovillain|Scovillain, L91, F, tera:Steel|117/266 psn\n|-damage|p2a: Scovillain|101/266 psn|[from] Stealth Rock\n|move|p1a: Hippowdon|Slack Off|p1a: Hippowdon\n|-heal|p1a: Hippowdon|311/311\n|\n|-heal|p2a: Scovillain|117/266 psn|[from] item: Leftovers\n|-damage|p2a: Scovillain|84/266 psn|[from] psn\n|upkeep\n|turn|19\n|\n|t:|1733850473\n|move|p2a: Scovillain|Leech Seed|p1a: Hippowdon\n|-start|p1a: Hippowdon|move: Leech Seed\n|move|p1a: Hippowdon|Whirlwind|p2a: Scovillain\n|drag|p2a: Ogerpon|Ogerpon-Hearthflame, L74, F|77/239 psn\n|-damage|p2a: Ogerpon|18/239 psn|[from] Stealth Rock\n|-ability|p2a: Ogerpon|Mold Breaker\n|\n|-damage|p1a: Hippowdon|273/311|[from] Leech Seed|[of] p2a: Ogerpon\n|-heal|p2a: Ogerpon|56/239 psn|[silent]\n|-damage|p2a: Ogerpon|27/239 psn|[from] psn\n|upkeep\n|turn|20\n|\n|t:|1733850486\n|switch|p1a: Kilowattrel|Kilowattrel, L83, F|252/252\n|move|p2a: Ogerpon|Ivy Cudgel|p1a: Kilowattrel|[anim] Ivy Cudgel Fire\n|-damage|p1a: Kilowattrel|90/252\n|\n|-damage|p2a: Ogerpon|0 fnt|[from] psn\n|faint|p2a: Ogerpon\n|upkeep\n|\n|t:|1733850506\n|switch|p2a: Scovillain|Scovillain, L91, F, tera:Steel|84/266 psn\n|-damage|p2a: Scovillain|68/266 psn|[from] Stealth Rock\n|turn|21\n|\n|t:|1733850517\n|move|p1a: Kilowattrel|Hurricane|p2a: Scovillain\n|-resisted|p2a: Scovillain\n|-damage|p2a: Scovillain|4/266 psn\n|move|p2a: Scovillain|Flamethrower|p1a: Kilowattrel\n|-damage|p1a: Kilowattrel|0 fnt\n|faint|p1a: Kilowattrel\n|\n|-heal|p2a: Scovillain|20/266 psn|[from] item: Leftovers\n|-damage|p2a: Scovillain|0 fnt|[from] psn\n|faint|p2a: Scovillain\n|upkeep\n|\n|t:|1733850536\n|switch|p1a: Hippowdon|Hippowdon, L82, M, tera:Dragon|273/311\n|switch|p2a: Lunala|Lunala, L70|251/308 psn\n|-damage|p2a: Lunala|213/308 psn|[from] Stealth Rock\n|-weather|Sandstorm|[from] ability: Sand Stream|[of] p1a: Hippowdon\n|turn|22\n|\n|t:|1733850547\n|move|p2a: Lunala|Moonblast|p1a: Hippowdon\n|-supereffective|p1a: Hippowdon\n|-damage|p1a: Hippowdon|119/311\n|move|p1a: Hippowdon|Whirlwind|p2a: Lunala\n|drag|p2a: Gothitelle|Gothitelle, L90, F|272/272\n|-damage|p2a: Gothitelle|238/272|[from] Stealth Rock\n|-status|p2a: Gothitelle|psn\n|\n|-weather|Sandstorm|[upkeep]\n|-damage|p2a: Gothitelle|221/272 psn|[from] Sandstorm\n|-damage|p1a: Hippowdon|100/311|[from] Sandstorm\n|-heal|p2a: Gothitelle|238/272 psn|[from] item: Leftovers\n|-damage|p2a: Gothitelle|204/272 psn|[from] psn\n|upkeep\n|turn|23\n|\n|t:|1733850571\n|move|p2a: Gothitelle|Psychic Noise|p1a: Hippowdon\n|-damage|p1a: Hippowdon|0 fnt\n|faint|p1a: Hippowdon\n|\n|-weather|Sandstorm|[upkeep]\n|-damage|p2a: Gothitelle|187/272 psn|[from] Sandstorm\n|-heal|p2a: Gothitelle|204/272 psn|[from] item: Leftovers\n|-damage|p2a: Gothitelle|170/272 psn|[from] psn\n|upkeep\n|\n|t:|1733850584\n|switch|p1a: Iron Bundle|Iron Bundle, L77|42/213\n|turn|24\n|\n|t:|1733850593\n|switch|p2a: Golem|Golem-Alola, L93, M|23/300\n|-damage|p2a: Golem|0 fnt|[from] Stealth Rock\n|faint|p2a: Golem\n|move|p1a: Iron Bundle|Ice Beam|p2: Golem|[notarget]\n|-fail|p1a: Iron Bundle\n|\n|-weather|Sandstorm|[upkeep]\n|-damage|p1a: Iron Bundle|29/213|[from] Sandstorm\n|upkeep\n|\n|t:|1733850611\n|switch|p2a: Lunala|Lunala, L70|213/308 psn\n|-damage|p2a: Lunala|175/308 psn|[from] Stealth Rock\n|turn|25\n|\n|t:|1733850621\n|move|p1a: Iron Bundle|Hydro Pump|p2a: Lunala\n|-damage|p2a: Lunala|54/308 psn\n|move|p2a: Lunala|Moonblast|p1a: Iron Bundle\n|-damage|p1a: Iron Bundle|0 fnt\n|faint|p1a: Iron Bundle\n|-end|p1a: Iron Bundle|Quark Drive|[silent]\n|\n|-weather|Sandstorm|[upkeep]\n|-damage|p2a: Lunala|35/308 psn|[from] Sandstorm\n|-heal|p2a: Lunala|54/308 psn|[from] item: Leftovers\n|-damage|p2a: Lunala|16/308 psn|[from] psn\n|upkeep\n|\n|t:|1733850631\n|switch|p1a: Latios|Latios, L78, M|253/253\n|turn|26\n|\n|t:|1733850637\n|move|p1a: Latios|Calm Mind|p1a: Latios\n|-boost|p1a: Latios|spa|1\n|-boost|p1a: Latios|spd|1\n|move|p2a: Lunala|Moonblast|p1a: Latios\n|-supereffective|p1a: Latios\n|-damage|p1a: Latios|179/253\n|\n|-weather|none\n|-heal|p2a: Lunala|35/308 psn|[from] item: Leftovers\n|-damage|p2a: Lunala|0 fnt|[from] psn\n|faint|p2a: Lunala\n|upkeep\n|\n|t:|1733850652\n|switch|p2a: Gothitelle|Gothitelle, L90, F|170/272 psn\n|-damage|p2a: Gothitelle|136/272 psn|[from] Stealth Rock\n|turn|27\n|\n|t:|1733850661\n|move|p1a: Latios|Calm Mind|p1a: Latios\n|-boost|p1a: Latios|spa|1\n|-boost|p1a: Latios|spd|1\n|move|p2a: Gothitelle|Dark Pulse|p1a: Latios\n|-supereffective|p1a: Latios\n|-damage|p1a: Latios|115/253\n|\n|-heal|p2a: Gothitelle|153/272 psn|[from] item: Leftovers\n|-damage|p2a: Gothitelle|119/272 psn|[from] psn\n|upkeep\n|turn|28\n|\n|t:|1733850671\n|move|p1a: Latios|Recover|p1a: Latios\n|-heal|p1a: Latios|242/253\n|move|p2a: Gothitelle|Dark Pulse|p1a: Latios\n|-supereffective|p1a: Latios\n|-damage|p1a: Latios|186/253\n|\n|-heal|p2a: Gothitelle|136/272 psn|[from] item: Leftovers\n|-damage|p2a: Gothitelle|102/272 psn|[from] psn\n|upkeep\n|turn|29\n|\n|t:|1733850682\n|move|p1a: Latios|Calm Mind|p1a: Latios\n|-boost|p1a: Latios|spa|1\n|-boost|p1a: Latios|spd|1\n|move|p2a: Gothitelle|Calm Mind|p2a: Gothitelle\n|-boost|p2a: Gothitelle|spa|1\n|-boost|p2a: Gothitelle|spd|1\n|\n|-heal|p2a: Gothitelle|119/272 psn|[from] item: Leftovers\n|-damage|p2a: Gothitelle|85/272 psn|[from] psn\n|upkeep\n|turn|30\n|\n|t:|1733850696\n|move|p1a: Latios|Psyshock|p2a: Gothitelle\n|-resisted|p2a: Gothitelle\n|-damage|p2a: Gothitelle|0 fnt\n|faint|p2a: Gothitelle\n|\n|upkeep\n|\n|t:|1733850701\n|switch|p2a: Glaceon|Glaceon, L94, F|275/275\n|turn|31\n|\n|t:|1733850708\n|move|p1a: Latios|Psyshock|p2a: Glaceon\n|-crit|p2a: Glaceon\n|-damage|p2a: Glaceon|0 fnt\n|faint|p2a: Glaceon\n|\n|win|suds4\n|raw|suds4's rating: 1049 &rarr; <strong>1080</strong><br />(+31 for winning)\n|raw|pipenpy's rating: 1030 &rarr; <strong>1016</strong><br />(-14 for losing)\n|l|\u2606pipenpy\n|player|p2|\n", "inputlog": ">version bfd83cad13791eb5a5a409923076391caf6fb4d4\n>start {\"formatid\":\"gen9randombattle\",\"seed\":[12340,36973,40258,11381],\"rated\":\"Rated battle\"}\n>player p1 {\"name\":\"suds4\",\"avatar\":\"byron\",\"rating\":1049,\"seed\":[61390,21814,65461,46531]}\n>player p2 {\"name\":\"pipenpy\",\"avatar\":\"265\",\"rating\":1030,\"seed\":[56494,64998,30247,26434]}\n>p1 move encore\n>p2 move freezedry\n>p1 switch 6\n>p2 move calmmind\n>p1 move thunderwave\n>p2 move freezedry\n>p1 move thunderwave\n>p2 move protect\n>p1 move encore\n>p2 move freezedry\n>p1 move thunderwave\n>p2 switch 5\n>p1 move roost\n>p2 move rockpolish\n>p1 move bugbuzz\n>p2 move stoneedge\n>p1 switch 2\n>p1 move stealthrock\n>p2 switch 2\n>p1 move whirlwind terastallize\n>p2 move leechseed\n>p1 move whirlwind\n>p2 move knockoff\n>p1 switch 5\n>p2 move doubleedge\n>p1 switch 5\n>p1 move slackoff\n>p2 move doubleedge\n>p1 move slackoff\n>p2 move doubleedge\n>p1 move slackoff\n>p2 switch 3\n>p1 move whirlwind\n>p2 move substitute terastallize\n>p1 move whirlwind\n>p2 move moonblast\n>p1 move slackoff\n>p2 switch 6\n>p1 move whirlwind\n>p2 move leechseed\n>p1 switch 3\n>p2 move ivycudgel\n>p2 switch 6\n>p1 move hurricane\n>p2 move flamethrower\n>p1 switch 3\n>p2 switch 2\n>p1 move whirlwind\n>p2 move moonblast\n>p1 move slackoff\n>p2 move psychicnoise\n>p1 switch 6\n>p1 move icebeam\n>p2 switch 3\n>p2 switch 4\n>p1 move hydropump\n>p2 move moonblast\n>p1 switch 4\n>p1 move calmmind\n>p2 move moonblast\n>p2 switch 3\n>p1 move calmmind\n>p2 move darkpulse\n>p1 move recover\n>p2 move darkpulse\n>p1 move calmmind\n>p2 move calmmind\n>p1 move psyshock\n>p2 move darkpulse\n>p2 switch 5\n>p1 move psyshock\n>p2 move calmmind", "uploadtime": 1733850713, "views": 4, "formatid": "gen9randombattle", "rating": 1016, "private": 0, "password": null}