{"id": "gen9randombattle-2260632980", "format": "[Gen 9] Random Battle", "players": ["STRUNZO", "iamnotverynice"], "log": "|j|\u2606STRUNZO\n|j|\u203diamnotverynice\n|t:|1733871668\n|gametype|singles\n|player|p1|STRUNZO|101|1909\n|player|p2|iamnotverynice|backpacker|1939\n|teamsize|p1|6\n|teamsize|p2|6\n|gen|9\n|tier|[Gen 9] Random Battle\n|rated|\n|rule|Species Clause: Limit one of each Pok\u00e9mon\n|rule|HP Percentage Mod: HP is shown in percentages\n|rule|Sleep Clause Mod: Limit one foe put to sleep\n|rule|Illusion Level Mod: Illusion disguises the Pok\u00e9mon's true level\n|\n|t:|1733871668\n|start\n|switch|p1a: Magnezone|Magnezone, L85|258/258\n|switch|p2a: Chi-Yu|Chi-Yu, L77|211/211\n|-ability|p2a: Chi-Yu|Beads of Ruin\n|turn|1\n|inactive|Battle timer is ON: inactive players will automatically lose when time's up. (requested by iamnotverynice)\n|\n|t:|1733871679\n|move|p2a: Chi-Yu|Nasty Plot|p2a: Chi-Yu\n|-boost|p2a: Chi-Yu|spa|2\n|move|p1a: Magnezone|Volt Switch|p2a: Chi-Yu\n|-damage|p2a: Chi-Yu|120/211\n|\n|t:|1733871683\n|switch|p1a: Infernape|Infernape, L82, F|259/259|[from] Volt Switch\n|\n|upkeep\n|turn|2\n|\n|t:|1733871692\n|switch|p2a: Gliscor|Gliscor, L76, M|239/239\n|move|p1a: Infernape|Swords Dance|p1a: Infernape\n|-boost|p1a: Infernape|atk|2\n|\n|-status|p2a: Gliscor|tox|[from] item: Toxic Orb\n|upkeep\n|turn|3\n|\n|t:|1733871697\n|move|p1a: Infernape|Flare Blitz|p2a: Gliscor\n|-damage|p2a: Gliscor|0 fnt\n|faint|p2a: Gliscor\n|-damage|p1a: Infernape|180/259|[from] Recoil\n|-damage|p1a: Infernape|155/259|[from] item: Life Orb\n|\n|upkeep\n|\n|t:|1733871708\n|switch|p2a: Luvdisc|Luvdisc, F|247/247\n|turn|4\n|\n|t:|1733871715\n|switch|p1a: Lapras|Lapras, L87, F|367/367\n|move|p2a: Luvdisc|Substitute|p2a: Luvdisc\n|-start|p2a: Luvdisc|Substitute\n|-damage|p2a: Luvdisc|186/247\n|\n|upkeep\n|turn|5\n|\n|t:|1733871719\n|move|p2a: Luvdisc|Endeavor|p1a: Lapras\n|-damage|p1a: Lapras|186/367\n|move|p1a: Lapras|Dragon Dance|p1a: Lapras\n|-boost|p1a: Lapras|atk|1\n|-boost|p1a: Lapras|spe|1\n|\n|upkeep\n|turn|6\n|\n|t:|1733871725\n|move|p2a: Luvdisc|Substitute|p2a: Luvdisc\n|-fail|p2a: Luvdisc|move: Substitute\n|move|p1a: Lapras|Dragon Dance|p1a: Lapras\n|-boost|p1a: Lapras|atk|1\n|-boost|p1a: Lapras|spe|1\n|\n|upkeep\n|turn|7\n|\n|t:|1733871728\n|move|p1a: Lapras|Icicle Spear|p2a: Luvdisc\n|-resisted|p2a: Luvdisc\n|-activate|p2a: Luvdisc|move: Substitute|[damage]\n|-resisted|p2a: Luvdisc\n|-activate|p2a: Luvdisc|move: Substitute|[damage]\n|-resisted|p2a: Luvdisc\n|-end|p2a: Luvdisc|Substitute\n|-resisted|p2a: Luvdisc\n|-damage|p2a: Luvdisc|155/247\n|-resisted|p2a: Luvdisc\n|-damage|p2a: Luvdisc|128/247\n|-hitcount|p2a: Luvdisc|5\n|move|p2a: Luvdisc|Substitute|p2a: Luvdisc\n|-start|p2a: Luvdisc|Substitute\n|-damage|p2a: Luvdisc|67/247\n|\n|upkeep\n|turn|8\n|\n|t:|1733871731\n|move|p1a: Lapras|Icicle Spear|p2a: Luvdisc\n|-resisted|p2a: Luvdisc\n|-activate|p2a: Luvdisc|move: Substitute|[damage]\n|-resisted|p2a: Luvdisc\n|-activate|p2a: Luvdisc|move: Substitute|[damage]\n|-resisted|p2a: Luvdisc\n|-end|p2a: Luvdisc|Substitute\n|-resisted|p2a: Luvdisc\n|-damage|p2a: Luvdisc|35/247\n|-resisted|p2a: Luvdisc\n|-damage|p2a: Luvdisc|5/247\n|-hitcount|p2a: Luvdisc|5\n|move|p2a: Luvdisc|Endeavor|p1a: Lapras\n|-damage|p1a: Lapras|5/367\n|\n|upkeep\n|turn|9\n|\n|t:|1733871747\n|switch|p2a: Oinkologne|Oinkologne-F, L92, F|361/361\n|move|p1a: Lapras|Dragon Dance|p1a: Lapras\n|-boost|p1a: Lapras|atk|1\n|-boost|p1a: Lapras|spe|1\n|\n|upkeep\n|turn|10\n|\n|t:|1733871753\n|move|p1a: Lapras|Waterfall|p2a: Oinkologne\n|-damage|p2a: Oinkologne|154/361\n|cant|p2a: Oinkologne|flinch\n|\n|-heal|p2a: Oinkologne|176/361|[from] item: Leftovers\n|upkeep\n|turn|11\n|\n|t:|1733871760\n|move|p1a: Lapras|Waterfall|p2a: Oinkologne\n|-damage|p2a: Oinkologne|0 fnt\n|faint|p2a: Oinkologne\n|\n|upkeep\n|inactive|iamnotverynice has 120 seconds left.\n|inactive|iamnotverynice has 90 seconds left.\n|n|\u203dSTRUNZO|strunzo\n|inactiveoff|Battle timer is now OFF.\n|inactive|Battle timer is ON: inactive players will automatically lose when time's up. (requested by STRUNZO)\n|inactive|iamnotverynice has 60 seconds left.\n|inactive|iamnotverynice has 30 seconds left.\n|inactive|iamnotverynice has 20 seconds left.\n|inactive|iamnotverynice has 15 seconds left.\n|inactive|iamnotverynice has 10 seconds left.\n|inactive|iamnotverynice has 5 seconds left.\n|-message|iamnotverynice lost due to inactivity.\n|\n|win|STRUNZO\n", "inputlog": ">version bfd83cad13791eb5a5a409923076391caf6fb4d4\n>start {\"formatid\":\"gen9randombattle\",\"seed\":[1112,32168,13689,15927],\"rated\":\"Rated battle\"}\n>player p1 {\"name\":\"STRUNZO\",\"avatar\":\"101\",\"rating\":1909,\"seed\":[39829,38083,63124,24592]}\n>player p2 {\"name\":\"iamnotverynice\",\"avatar\":\"backpacker\",\"rating\":1939,\"seed\":[62822,19380,32422,46765]}\n>p1 move voltswitch\n>p2 move nastyplot\n>p1 switch 5\n>p1 move swordsdance\n>p2 switch 6\n>p1 move flareblitz\n>p2 move substitute\n>p2 switch 2\n>p1 switch 6\n>p2 move substitute\n>p1 move dragondance\n>p2 move endeavor\n>p1 move dragondance\n>p2 move substitute\n>p1 move iciclespear\n>p2 move substitute\n>p1 move iciclespear\n>p2 move endeavor\n>p1 move dragondance\n>p2 switch 3\n>p1 move waterfall\n>p2 move bodyslam\n>p1 move waterfall\n>p2 move bodyslam\n>chat \u2606STRUNZO|COME ON F   A GG OOOOT\n>forcelose p2", "uploadtime": 1733871821, "views": 1, "formatid": "gen9randombattle", "rating": null, "private": 0, "password": null}