{"id": "gen9randombattle-2260378563", "format": "[Gen 9] Random Battle", "players": ["DaLucaray", "vsfbernardo"], "log": "|j|\u2606DaLucaray\n|j|\u2606vsfbernardo\n|t:|1733845747\n|gametype|singles\n|player|p1|DaLucaray|winona|1204\n|player|p2|vsfbernardo|cyclist|1249\n|teamsize|p1|6\n|teamsize|p2|6\n|gen|9\n|tier|[Gen 9] Random Battle\n|rated|\n|rule|Species Clause: Limit one of each Pok\u00e9mon\n|rule|HP Percentage Mod: HP is shown in percentages\n|rule|Sleep Clause Mod: Limit one foe put to sleep\n|rule|Illusion Level Mod: Illusion disguises the Pok\u00e9mon's true level\n|\n|t:|1733845747\n|start\n|switch|p1a: Gurdurr|Gurdurr, L85, M|283/283\n|switch|p2a: Pikachu|Pikachu-Alola, L93, M|216/216\n|turn|1\n|inactive|Battle timer is ON: inactive players will automatically lose when time's up. (requested by vsfbernardo)\n|\n|t:|1733845756\n|move|p2a: Pikachu|Knock Off|p1a: Gurdurr\n|-resisted|p1a: Gurdurr\n|-damage|p1a: Gurdurr|242/283\n|-enditem|p1a: Gurdurr|Eviolite|[from] move: Knock Off|[of] p2a: Pikachu\n|move|p1a: Gurdurr|Knock Off|p2a: Pikachu\n|-damage|p2a: Pikachu|93/216\n|-enditem|p2a: Pikachu|Light Ball|[from] move: Knock Off|[of] p1a: Gurdurr\n|\n|upkeep\n|turn|2\n|\n|t:|1733845764\n|move|p1a: Gurdurr|Mach Punch|p2a: Pikachu\n|-damage|p2a: Pikachu|14/216\n|move|p2a: Pikachu|Play Rough|p1a: Gurdurr\n|-supereffective|p1a: Gurdurr\n|-damage|p1a: Gurdurr|130/283\n|\n|upkeep\n|turn|3\n|\n|t:|1733845774\n|switch|p2a: Seviper|Seviper, L93, M|287/287\n|move|p1a: Gurdurr|Mach Punch|p2a: Seviper\n|-resisted|p2a: Seviper\n|-damage|p2a: Seviper|259/287\n|\n|upkeep\n|turn|4\n|\n|t:|1733845786\n|switch|p1a: Swalot|Swalot, L90, M|326/326\n|move|p2a: Seviper|Gunk Shot|p1a: Swalot\n|-resisted|p1a: Swalot\n|-damage|p1a: Swalot|243/326\n|\n|-heal|p1a: Swalot|263/326|[from] item: Leftovers\n|upkeep\n|turn|5\n|\n|t:|1733845815\n|switch|p2a: Farigiraf|Farigiraf, L91, F|366/366\n|move|p1a: Swalot|Knock Off|p2a: Farigiraf\n|-supereffective|p2a: Farigiraf\n|-damage|p2a: Farigiraf|220/366\n|-enditem|p2a: Farigiraf|Leftovers|[from] move: Knock Off|[of] p1a: Swalot\n|\n|-heal|p1a: Swalot|283/326|[from] item: Leftovers\n|upkeep\n|turn|6\n|inactive|vsfbernardo has 120 seconds left.\n|inactive|vsfbernardo has 90 seconds left.\n|\n|t:|1733845861\n|switch|p1a: Crawdaunt|Crawdaunt, L84, F|243/243\n|move|p2a: Farigiraf|Wish|p2a: Farigiraf\n|\n|upkeep\n|turn|7\n|inactive|vsfbernardo has 90 seconds left.\n|\n|t:|1733845871\n|move|p2a: Farigiraf|Future Sight|p1a: Crawdaunt\n|-start|p2a: Farigiraf|move: Future Sight\n|move|p1a: Crawdaunt|Dragon Dance|p1a: Crawdaunt\n|-boost|p1a: Crawdaunt|atk|1\n|-boost|p1a: Crawdaunt|spe|1\n|\n|-heal|p2a: Farigiraf|366/366|[from] move: Wish|[wisher] Farigiraf\n|upkeep\n|turn|8\n|\n|t:|1733845878\n|move|p1a: Crawdaunt|Dragon Dance|p1a: Crawdaunt\n|-boost|p1a: Crawdaunt|atk|1\n|-boost|p1a: Crawdaunt|spe|1\n|move|p2a: Farigiraf|Hyper Voice|p1a: Crawdaunt\n|-damage|p1a: Crawdaunt|62/243\n|\n|upkeep\n|turn|9\n|\n|t:|1733845887\n|move|p1a: Crawdaunt|Knock Off|p2a: Farigiraf\n|-supereffective|p2a: Farigiraf\n|-damage|p2a: Farigiraf|0 fnt\n|faint|p2a: Farigiraf\n|-damage|p1a: Crawdaunt|38/243|[from] item: Life Orb\n|\n|-end|p1a: Crawdaunt|move: Future Sight\n|-immune|p1a: Crawdaunt\n|upkeep\n|inactive|vsfbernardo has 90 seconds left.\n|\n|t:|1733845906\n|switch|p2a: Kingdra|Kingdra, L84, M|263/263\n|turn|10\n|\n|t:|1733845913\n|-terastallize|p2a: Kingdra|Water\n|move|p1a: Crawdaunt|Knock Off|p2a: Kingdra\n|-damage|p2a: Kingdra|0 fnt\n|-enditem|p2a: Kingdra|Lum Berry|[from] move: Knock Off|[of] p1a: Crawdaunt\n|faint|p2a: Kingdra\n|-damage|p1a: Crawdaunt|14/243|[from] item: Life Orb\n|\n|upkeep\n|inactive|vsfbernardo has 90 seconds left.\n|\n|t:|1733845936\n|switch|p2a: Pikachu|Pikachu-Alola, L93, M|14/216\n|turn|11\n|\n|t:|1733845941\n|move|p1a: Crawdaunt|Aqua Jet|p2a: Pikachu\n|-damage|p2a: Pikachu|0 fnt\n|faint|p2a: Pikachu\n|-damage|p1a: Crawdaunt|0 fnt|[from] item: Life Orb\n|faint|p1a: Crawdaunt\n|\n|upkeep\n|inactive|vsfbernardo has 90 seconds left.\n|\n|t:|1733845957\n|switch|p2a: Seviper|Seviper, L93, M|259/287\n|switch|p1a: Swalot|Swalot, L90, M|283/326\n|turn|12\n|\n|t:|1733845961\n|move|p2a: Seviper|Earthquake|p1a: Swalot\n|-supereffective|p1a: Swalot\n|-damage|p1a: Swalot|115/326\n|move|p1a: Swalot|Swords Dance|p1a: Swalot\n|-boost|p1a: Swalot|atk|2\n|\n|-heal|p1a: Swalot|135/326|[from] item: Leftovers\n|upkeep\n|turn|13\n|\n|t:|1733845973\n|-terastallize|p1a: Swalot|Dark\n|move|p2a: Seviper|Earthquake|p1a: Swalot\n|-crit|p1a: Swalot\n|-damage|p1a: Swalot|7/326\n|move|p1a: Swalot|Earthquake|p2a: Seviper\n|-supereffective|p2a: Seviper\n|-damage|p2a: Seviper|0 fnt\n|faint|p2a: Seviper\n|\n|-heal|p1a: Swalot|27/326|[from] item: Leftovers\n|upkeep\n|inactive|vsfbernardo has 90 seconds left.\n|\n|t:|1733845989\n|switch|p2a: Heracross|Heracross, L80, F|259/259\n|turn|14\n|inactive|vsfbernardo has 90 seconds left.\n|\n|t:|1733845996\n|move|p2a: Heracross|Close Combat|p1a: Swalot\n|-supereffective|p1a: Swalot\n|-damage|p1a: Swalot|0 fnt\n|-unboost|p2a: Heracross|def|1\n|-unboost|p2a: Heracross|spd|1\n|faint|p1a: Swalot\n|-ability|p2a: Heracross|Moxie|boost\n|-boost|p2a: Heracross|atk|1\n|\n|upkeep\n|\n|t:|1733846005\n|switch|p1a: Staraptor|Staraptor, L79, F|263/263\n|turn|15\n|\n|t:|1733846014\n|move|p2a: Heracross|Close Combat|p1a: Staraptor\n|-damage|p1a: Staraptor|7/263\n|-unboost|p2a: Heracross|def|1\n|-unboost|p2a: Heracross|spd|1\n|move|p1a: Staraptor|Brave Bird|p2a: Heracross\n|-supereffective|p2a: Heracross\n|-crit|p2a: Heracross\n|-damage|p2a: Heracross|0 fnt\n|faint|p2a: Heracross\n|-damage|p1a: Staraptor|0 fnt|[from] Recoil\n|faint|p1a: Staraptor\n|\n|upkeep\n|\n|t:|1733846033\n|switch|p1a: Barraskewda|Barraskewda, L81, F|231/231\n|switch|p2a: Articuno|Articuno-Galar, L84|288/288\n|turn|16\n|\n|t:|1733846046\n|move|p1a: Barraskewda|Waterfall|p2a: Articuno\n|-damage|p2a: Articuno|128/288\n|move|p2a: Articuno|Freezing Glare|p1a: Barraskewda\n|-damage|p1a: Barraskewda|69/231\n|\n|upkeep\n|turn|17\n|\n|t:|1733846052\n|move|p1a: Barraskewda|Waterfall|p2a: Articuno\n|-damage|p2a: Articuno|0 fnt\n|faint|p2a: Articuno\n|\n|win|DaLucaray\n|raw|DaLucaray's rating: 1204 &rarr; <strong>1232</strong><br />(+28 for winning)\n|raw|vsfbernardo's rating: 1249 &rarr; <strong>1221</strong><br />(-28 for losing)\n|c|\u2606vsfbernardo|gg\n", "inputlog": ">version bfd83cad13791eb5a5a409923076391caf6fb4d4\n>start {\"formatid\":\"gen9randombattle\",\"seed\":[49807,30647,23537,46756],\"rated\":\"Rated battle\"}\n>player p1 {\"name\":\"DaLucaray\",\"avatar\":\"winona\",\"rating\":1204,\"seed\":[8291,60708,65150,41528]}\n>player p2 {\"name\":\"vsfbernardo\",\"avatar\":\"cyclist\",\"rating\":1249,\"seed\":[22001,20144,34566,63595]}\n>p1 move knockoff\n>p2 move knockoff\n>p1 move machpunch\n>p2 move playrough\n>p1 move machpunch\n>p2 switch 2\n>p1 switch 3\n>p2 move gunkshot\n>p1 move knockoff\n>p2 switch 6\n>p1 switch 5\n>p2 move wish\n>p1 move dragondance\n>p2 move futuresight\n>p1 move dragondance\n>p2 move hypervoice\n>p1 move knockoff\n>p2 move hypervoice\n>p2 switch 3\n>p1 move knockoff\n>p2 move dragondance terastallize\n>p2 switch 2\n>p1 move aquajet\n>p2 move knockoff\n>p1 switch 5\n>p2 switch 6\n>p1 move swordsdance\n>p2 move earthquake\n>p1 move earthquake terastallize\n>p2 move earthquake\n>p2 switch 5\n>p1 move knockoff\n>p2 move closecombat\n>p1 switch 6\n>p1 move bravebird\n>p2 move closecombat\n>p1 switch 4\n>p2 switch 4\n>p1 move waterfall\n>p2 move freezingglare\n>p1 move waterfall\n>p2 move freezingglare", "uploadtime": 1733846056, "views": 10, "formatid": "gen9randombattle", "rating": 1221, "private": 0, "password": null}