{"id": "gen9randombattle-2216938406", "format": "[Gen 9] Random Battle", "players": ["RL4T Pig", "rl4t dreams"], "log": "|raw|<div class=\"broadcast-blue\"><strong>This battle is required to be public due to a player having a name starting with 'rl4t'.</div>\n|j|\u2606RL4T Pig\n|j|\u2606rl4t dreams\n|t:|1728193847\n|gametype|singles\n|player|p1|RL4T Pig|lucas|2327\n|player|p2|rl4t dreams|akari|2272\n|teamsize|p1|6\n|teamsize|p2|6\n|gen|9\n|tier|[Gen 9] Random Battle\n|rated|\n|rule|Species Clause: Limit one of each Pok\u00e9mon\n|rule|HP Percentage Mod: HP is shown in percentages\n|rule|Sleep Clause Mod: Limit one foe put to sleep\n|rule|Illusion Level Mod: Illusion disguises the Pok\u00e9mon's true level\n|\n|t:|1728193847\n|start\n|switch|p1a: Ampharos|Ampharos, L88, F|302/302\n|switch|p2a: Torkoal|Torkoal, L88, F|266/266\n|-weather|SunnyDay|[from] ability: Drought|[of] p2a: Torkoal\n|turn|1\n|inactive|Battle timer is ON: inactive players will automatically lose when time's up. (requested by rl4t dreams)\n|c|\u2606RL4T Pig|sup lime\n|c|\u2606RL4T Pig|hf\n|\n|t:|1728193873\n|switch|p2a: Sandy Shocks|Sandy Shocks, L80|267/267\n|-activate|p2a: Sandy Shocks|ability: Protosynthesis\n|-start|p2a: Sandy Shocks|protosynthesisspa\n|move|p1a: Ampharos|Focus Blast|p2a: Sandy Shocks|[miss]\n|-miss|p1a: Ampharos|p2a: Sandy Shocks\n|\n|-weather|SunnyDay|[upkeep]\n|upkeep\n|turn|2\n|\n|t:|1728193889\n|switch|p1a: Ogerpon|Ogerpon-Wellspring, L76, F|247/247\n|move|p2a: Sandy Shocks|Stealth Rock|p1a: Ogerpon\n|-sidestart|p1: RL4T Pig|move: Stealth Rock\n|\n|-weather|SunnyDay|[upkeep]\n|upkeep\n|turn|3\n|\n|t:|1728193899\n|-end|p2a: Sandy Shocks|Protosynthesis|[silent]\n|switch|p2a: Skarmory|Skarmory, L80, F|235/235\n|move|p1a: Ogerpon|Wood Hammer|p2a: Skarmory\n|-resisted|p2a: Skarmory\n|-damage|p2a: Skarmory|210/235\n|-damage|p1a: Ogerpon|239/247|[from] Recoil\n|\n|-weather|SunnyDay|[upkeep]\n|-heal|p2a: Skarmory|224/235|[from] item: Leftovers\n|upkeep\n|turn|4\n|\n|t:|1728193914\n|switch|p1a: Pikachu|Pikachu-Kalos, L93, M|216/216\n|-damage|p1a: Pikachu|189/216|[from] Stealth Rock\n|switch|p2a: Sandy Shocks|Sandy Shocks, L80|267/267\n|-activate|p2a: Sandy Shocks|ability: Protosynthesis\n|-start|p2a: Sandy Shocks|protosynthesisspa\n|\n|-weather|SunnyDay|[upkeep]\n|upkeep\n|turn|5\n|\n|t:|1728193933\n|move|p1a: Pikachu|Fake Out|p2a: Sandy Shocks\n|-damage|p2a: Sandy Shocks|224/267\n|cant|p2a: Sandy Shocks|flinch\n|\n|-weather|none\n|-end|p2a: Sandy Shocks|Protosynthesis\n|-heal|p2a: Sandy Shocks|240/267|[from] item: Leftovers\n|upkeep\n|turn|6\n|\n|t:|1728193940\n|-terastallize|p1a: Pikachu|Water\n|move|p1a: Pikachu|Surf|p2a: Sandy Shocks\n|-supereffective|p2a: Sandy Shocks\n|-damage|p2a: Sandy Shocks|0 fnt\n|faint|p2a: Sandy Shocks\n|-end|p2a: Sandy Shocks|Protosynthesis|[silent]\n|\n|upkeep\n|\n|t:|1728193947\n|switch|p2a: Indeedee|Indeedee, L84, M|238/238\n|-fieldstart|move: Psychic Terrain|[from] ability: Psychic Surge|[of] p2a: Indeedee\n|turn|7\n|inactive|RL4T Pig has 120 seconds left.\n|\n|t:|1728193977\n|switch|p1a: Ogerpon|Ogerpon-Wellspring, L76, F|239/247\n|-damage|p1a: Ogerpon|209/247|[from] Stealth Rock\n|move|p2a: Indeedee|Expanding Force|p1a: Ogerpon\n|-damage|p1a: Ogerpon|22/247\n|\n|upkeep\n|turn|8\n|\n|t:|1728193988\n|move|p2a: Indeedee|Expanding Force|p1a: Ogerpon\n|-damage|p1a: Ogerpon|0 fnt\n|faint|p1a: Ogerpon\n|\n|upkeep\n|\n|t:|1728193994\n|switch|p1a: Gallade|Gallade, L81, M|243/243\n|-damage|p1a: Gallade|228/243|[from] Stealth Rock\n|turn|9\n|inactive|rl4t dreams has 120 seconds left.\n|\n|t:|1728194033\n|switch|p2a: Sableye|Sableye, L90, M|236/236\n|move|p1a: Gallade|Sacred Sword|p2a: Sableye\n|-immune|p2a: Sableye\n|\n|upkeep\n|turn|10\n|\n|t:|1728194045\n|switch|p1a: Venomoth|Venomoth, L84, F|255/255\n|move|p2a: Sableye|Knock Off|p1a: Venomoth\n|-damage|p1a: Venomoth|119/255\n|-enditem|p1a: Venomoth|Heavy-Duty Boots|[from] move: Knock Off|[of] p2a: Sableye\n|\n|upkeep\n|turn|11\n|inactive|rl4t dreams has 120 seconds left.\n|inactive|rl4t dreams has 90 seconds left.\n|\n|t:|1728194104\n|move|p1a: Venomoth|Sleep Powder|p2a: Sableye\n|-status|p2a: Sableye|slp|[from] move: Sleep Powder\n|cant|p2a: Sableye|slp\n|\n|-fieldend|move: Psychic Terrain\n|upkeep\n|turn|12\n|\n|t:|1728194107\n|switch|p2a: Indeedee|Indeedee, L84, M|238/238\n|-fieldstart|move: Psychic Terrain|[from] ability: Psychic Surge|[of] p2a: Indeedee\n|move|p1a: Venomoth|Bug Buzz|p2a: Indeedee\n|-supereffective|p2a: Indeedee\n|-crit|p2a: Indeedee\n|-damage|p2a: Indeedee|0 fnt\n|faint|p2a: Indeedee\n|\n|upkeep\n|inactive|rl4t dreams has 90 seconds left.\n|\n|t:|1728194116\n|switch|p2a: Torkoal|Torkoal, L88, F|266/266\n|-weather|SunnyDay|[from] ability: Drought|[of] p2a: Torkoal\n|turn|13\n|\n|t:|1728194123\n|move|p1a: Venomoth|Sludge Wave|p2a: Torkoal\n|-damage|p2a: Torkoal|152/266\n|-status|p2a: Torkoal|psn\n|move|p2a: Torkoal|Lava Plume|p1a: Venomoth\n|-supereffective|p1a: Venomoth\n|-damage|p1a: Venomoth|0 fnt\n|faint|p1a: Venomoth\n|\n|-weather|SunnyDay|[upkeep]\n|-damage|p2a: Torkoal|119/266 psn|[from] psn\n|upkeep\n|\n|t:|1728194138\n|switch|p1a: Pikachu|Pikachu-Kalos, L93, M, tera:Water|189/216\n|-damage|p1a: Pikachu|162/216|[from] Stealth Rock\n|turn|14\n|\n|t:|1728194162\n|move|p1a: Pikachu|Volt Tackle|p2a: Torkoal\n|-crit|p2a: Torkoal\n|-damage|p2a: Torkoal|0 fnt\n|faint|p2a: Torkoal\n|-damage|p1a: Pikachu|123/216|[from] Recoil\n|\n|-weather|SunnyDay|[upkeep]\n|upkeep\n|\n|t:|1728194170\n|switch|p2a: Florges|Florges-Orange, L85, F|271/271\n|turn|15\n|\n|t:|1728194189\n|move|p1a: Pikachu|Volt Tackle|p2a: Florges\n|-damage|p2a: Florges|34/271\n|-damage|p1a: Pikachu|45/216|[from] Recoil\n|move|p2a: Florges|Moonblast|p1a: Pikachu\n|-damage|p1a: Pikachu|0 fnt\n|faint|p1a: Pikachu\n|\n|-weather|SunnyDay|[upkeep]\n|-heal|p2a: Florges|50/271|[from] item: Leftovers\n|upkeep\n|\n|t:|1728194200\n|switch|p1a: Stonjourner|Stonjourner, L91, F|330/330\n|-damage|p1a: Stonjourner|289/330|[from] Stealth Rock\n|turn|16\n|\n|t:|1728194206\n|switch|p2a: Sableye|Sableye, L90, M|236/236 slp\n|move|p1a: Stonjourner|Heat Crash|p2a: Sableye\n|-damage|p2a: Sableye|0 fnt\n|faint|p2a: Sableye\n|-damage|p1a: Stonjourner|256/330|[from] item: Life Orb\n|\n|-weather|SunnyDay|[upkeep]\n|-fieldend|move: Psychic Terrain\n|upkeep\n|\n|t:|1728194210\n|switch|p2a: Skarmory|Skarmory, L80, F|224/235\n|turn|17\n|\n|t:|1728194212\n|-terastallize|p2a: Skarmory|Fighting\n|move|p1a: Stonjourner|Heat Crash|p2a: Skarmory\n|-damage|p2a: Skarmory|56/235\n|-damage|p1a: Stonjourner|223/330|[from] item: Life Orb\n|move|p2a: Skarmory|Iron Defense|p2a: Skarmory\n|-boost|p2a: Skarmory|def|2\n|\n|-weather|none\n|-heal|p2a: Skarmory|70/235|[from] item: Leftovers\n|upkeep\n|turn|18\n|\n|t:|1728194224\n|switch|p1a: Ampharos|Ampharos, L88, F|302/302\n|-damage|p1a: Ampharos|265/302|[from] Stealth Rock\n|move|p2a: Skarmory|Roost|p2a: Skarmory\n|-heal|p2a: Skarmory|188/235\n|\n|-heal|p2a: Skarmory|202/235|[from] item: Leftovers\n|upkeep\n|turn|19\n|\n|t:|1728194243\n|move|p2a: Skarmory|Body Press|p1a: Ampharos\n|-damage|p1a: Ampharos|60/302\n|move|p1a: Ampharos|Thunderbolt|p2a: Skarmory\n|-damage|p2a: Skarmory|0 fnt\n|faint|p2a: Skarmory\n|\n|upkeep\n|-message|rl4t dreams forfeited.\n|\n|win|RL4T Pig\n|raw|RL4T Pig's rating: 2327 &rarr; <strong>2342</strong><br />(+15 for winning)\n|raw|rl4t dreams's rating: 2245 &rarr; <strong>2230</strong><br />(-15 for losing)\n|l|\u2606rl4t dreams\n|player|p2|\n", "inputlog": ">version 86ae7daf8e420bb3f6c82a6a988ddcc1b1aa7e58\n>start {\"formatid\":\"gen9randombattle\",\"seed\":[25167,9946,31433,20313],\"rated\":\"Rated battle\"}\n>player p1 {\"name\":\"RL4T Pig\",\"avatar\":\"lucas\",\"rating\":2327,\"seed\":[38449,47154,41728,15969]}\n>player p2 {\"name\":\"rl4t dreams\",\"avatar\":\"akari\",\"rating\":2272,\"seed\":[4611,62819,60598,55622]}\n>chat \u2606RL4T Pig|sup lime\n>chat \u2606RL4T Pig|hf\n>p1 move focusblast\n>p2 switch 6\n>p1 switch 2\n>p2 move stealthrock\n>p1 move woodhammer\n>p2 switch 2\n>p1 switch 3\n>p2 switch 2\n>p1 move fakeout\n>p2 move earthpower\n>p1 move surf terastallize\n>p2 move thunderwave\n>p2 switch 5\n>p1 switch 3\n>p2 move expandingforce\n>p1 move ivycudgel\n>p2 move expandingforce\n>p1 switch 5\n>p1 move sacredsword\n>p2 switch 4\n>p1 switch 6\n>p2 move knockoff\n>p1 move sleeppowder\n>p2 move knockoff\n>p1 move bugbuzz\n>p2 switch 4\n>p2 switch 6\n>p1 move sludgewave\n>p2 move lavaplume\n>p1 switch 3\n>p1 move volttackle\n>p2 move solarbeam\n>p2 switch 3\n>p1 move volttackle\n>p2 move moonblast\n>p1 switch 4\n>p1 move heatcrash\n>p2 switch 4\n>p2 switch 2\n>p1 move heatcrash\n>p2 move irondefense terastallize\n>p1 switch 2\n>p2 move roost\n>p1 move thunderbolt\n>p2 move bodypress\n>forcelose p2", "uploadtime": 1728194275, "views": 69, "formatid": "gen9randombattle", "rating": 2230, "private": 0, "password": null}