{"id": "gen9randombattle-2260381759", "format": "[Gen 9] Random Battle", "players": ["kr!$98", "antonioooo"], "log": "|j|\u2606kr!$98\n|j|\u2606antonioooo\n|t:|1733846067\n|gametype|singles\n|player|p1|kr!$98|lucas|1560\n|player|p2|antonioooo|unknown|1568\n|teamsize|p1|6\n|teamsize|p2|6\n|gen|9\n|tier|[Gen 9] Random Battle\n|rated|\n|rule|Species Clause: Limit one of each Pok\u00e9mon\n|rule|HP Percentage Mod: HP is shown in percentages\n|rule|Sleep Clause Mod: Limit one foe put to sleep\n|rule|Illusion Level Mod: Illusion disguises the Pok\u00e9mon's true level\n|\n|t:|1733846067\n|start\n|switch|p1a: Bruxish|Bruxish, L85, M|254/254\n|switch|p2a: Toucannon|Toucannon, L88, M|284/284\n|turn|1\n|inactive|Battle timer is ON: inactive players will automatically lose when time's up. (requested by kr!$98)\n|inactive|antonioooo has 120 seconds left.\n|inactive|kr!$98 has 120 seconds left.\n|inactive|antonioooo has 90 seconds left.\n|\n|t:|1733846158\n|switch|p1a: Honchkrow|Honchkrow, L86, F|312/312\n|-singleturn|p2a: Toucannon|move: Beak Blast\n|move|p2a: Toucannon|Beak Blast|p1a: Honchkrow\n|-damage|p1a: Honchkrow|126/312\n|\n|upkeep\n|turn|2\n|\n|t:|1733846167\n|-singleturn|p2a: Toucannon|move: Beak Blast\n|move|p1a: Honchkrow|Thunder Wave|p2a: Toucannon\n|-status|p2a: Toucannon|par\n|move|p2a: Toucannon|Beak Blast|p1a: Honchkrow\n|-damage|p1a: Honchkrow|0 fnt\n|faint|p1a: Honchkrow\n|\n|upkeep\n|\n|t:|1733846176\n|switch|p1a: Magnezone|Magnezone, L85|258/258\n|turn|3\n|\n|t:|1733846183\n|switch|p2a: Golurk|Golurk, L87|297/297\n|move|p1a: Magnezone|Iron Defense|p1a: Magnezone\n|-boost|p1a: Magnezone|def|2\n|\n|upkeep\n|turn|4\n|\n|t:|1733846191\n|move|p1a: Magnezone|Flash Cannon|p2a: Golurk\n|-damage|p2a: Golurk|180/297\n|-unboost|p2a: Golurk|spd|1\n|move|p2a: Golurk|Dynamic Punch|p1a: Magnezone\n|-supereffective|p1a: Magnezone\n|-damage|p1a: Magnezone|146/258\n|-start|p1a: Magnezone|confusion\n|\n|-heal|p1a: Magnezone|162/258|[from] item: Leftovers\n|upkeep\n|turn|5\n|\n|t:|1733846207\n|switch|p2a: Lugia|Lugia, L72|272/272\n|-activate|p1a: Magnezone|confusion\n|move|p1a: Magnezone|Flash Cannon|p2a: Lugia\n|-damage|p2a: Lugia|233/272\n|\n|-heal|p1a: Magnezone|178/258|[from] item: Leftovers\n|upkeep\n|turn|6\n|\n|t:|1733846216\n|switch|p2a: Golurk|Golurk, L87|180/297\n|-activate|p1a: Magnezone|confusion\n|move|p1a: Magnezone|Discharge|p2a: Golurk\n|-immune|p2a: Golurk\n|\n|-heal|p1a: Magnezone|194/258|[from] item: Leftovers\n|upkeep\n|turn|7\n|\n|t:|1733846224\n|-activate|p1a: Magnezone|confusion\n|-damage|p1a: Magnezone|187/258|[from] confusion\n|move|p2a: Golurk|Earthquake|p1a: Magnezone\n|-supereffective|p1a: Magnezone\n|-damage|p1a: Magnezone|0 fnt\n|faint|p1a: Magnezone\n|\n|upkeep\n|\n|t:|1733846232\n|switch|p1a: Hitmonchan|Hitmonchan, L87, M|229/229\n|turn|8\n|\n|t:|1733846237\n|move|p1a: Hitmonchan|Swords Dance|p1a: Hitmonchan\n|-boost|p1a: Hitmonchan|atk|2\n|move|p2a: Golurk|Earthquake|p1a: Hitmonchan\n|-damage|p1a: Hitmonchan|28/229\n|\n|upkeep\n|turn|9\n|\n|t:|1733846245\n|move|p1a: Hitmonchan|Knock Off|p2a: Golurk\n|-supereffective|p2a: Golurk\n|-damage|p2a: Golurk|0 fnt\n|-enditem|p2a: Golurk|Choice Band|[from] move: Knock Off|[of] p1a: Hitmonchan\n|faint|p2a: Golurk\n|-damage|p1a: Hitmonchan|6/229|[from] item: Life Orb\n|\n|upkeep\n|\n|t:|1733846251\n|switch|p2a: Luvdisc|Luvdisc, M|247/247\n|turn|10\n|\n|t:|1733846257\n|move|p1a: Hitmonchan|Mach Punch|p2a: Luvdisc\n|-damage|p2a: Luvdisc|64/247\n|-damage|p1a: Hitmonchan|0 fnt|[from] item: Life Orb\n|faint|p1a: Hitmonchan\n|move|p2a: Luvdisc|Surf|p1: Hitmonchan|[notarget]\n|-fail|p2a: Luvdisc\n|\n|upkeep\n|\n|t:|1733846270\n|switch|p1a: Arceus|Arceus-Fire, L72|291/291\n|turn|11\n|\n|t:|1733846274\n|move|p1a: Arceus|Extreme Speed|p2a: Luvdisc\n|-damage|p2a: Luvdisc|9/247\n|move|p2a: Luvdisc|Substitute|p2a: Luvdisc\n|-fail|p2a: Luvdisc|move: Substitute|[weak]\n|\n|upkeep\n|turn|12\n|\n|t:|1733846282\n|switch|p2a: Toucannon|Toucannon, L88, M|284/284 par\n|move|p1a: Arceus|Extreme Speed|p2a: Toucannon\n|-damage|p2a: Toucannon|229/284 par\n|\n|upkeep\n|turn|13\n|\n|t:|1733846297\n|switch|p1a: Metagross|Metagross, L79|256/256\n|-singleturn|p2a: Toucannon|move: Beak Blast\n|cant|p2a: Toucannon|par\n|\n|upkeep\n|turn|14\n|\n|t:|1733846304\n|-singleturn|p2a: Toucannon|move: Beak Blast\n|move|p1a: Metagross|Agility|p1a: Metagross\n|-boost|p1a: Metagross|spe|2\n|cant|p2a: Toucannon|par\n|\n|upkeep\n|turn|15\n|\n|t:|1733846317\n|-singleturn|p2a: Toucannon|move: Beak Blast\n|move|p1a: Metagross|Heavy Slam|p2a: Toucannon\n|-damage|p2a: Toucannon|73/284 par\n|-status|p1a: Metagross|brn\n|cant|p2a: Toucannon|par\n|\n|-damage|p1a: Metagross|240/256 brn|[from] brn\n|upkeep\n|turn|16\n|\n|t:|1733846330\n|move|p1a: Metagross|Heavy Slam|p2a: Toucannon\n|-damage|p2a: Toucannon|0 fnt\n|faint|p2a: Toucannon\n|\n|-damage|p1a: Metagross|224/256 brn|[from] brn\n|upkeep\n|\n|t:|1733846340\n|switch|p2a: Grimmsnarl|Grimmsnarl, L83, M|293/293\n|turn|17\n|\n|t:|1733846349\n|move|p2a: Grimmsnarl|Reflect|p2a: Grimmsnarl\n|-sidestart|p2: antonioooo|Reflect\n|move|p1a: Metagross|Heavy Slam|p2a: Grimmsnarl\n|-supereffective|p2a: Grimmsnarl\n|-damage|p2a: Grimmsnarl|196/293\n|\n|-damage|p1a: Metagross|208/256 brn|[from] brn\n|upkeep\n|turn|18\n|\n|t:|1733846356\n|move|p2a: Grimmsnarl|Parting Shot|p1a: Metagross\n|-fail|p1a: Metagross|unboost|[from] ability: Clear Body|[of] p1a: Metagross\n|move|p1a: Metagross|Heavy Slam|p2a: Grimmsnarl\n|-supereffective|p2a: Grimmsnarl\n|-damage|p2a: Grimmsnarl|109/293\n|\n|-damage|p1a: Metagross|192/256 brn|[from] brn\n|upkeep\n|turn|19\n|\n|t:|1733846365\n|switch|p2a: Luvdisc|Luvdisc, M|9/247\n|move|p1a: Metagross|Heavy Slam|p2a: Luvdisc\n|-resisted|p2a: Luvdisc\n|-damage|p2a: Luvdisc|0 fnt\n|faint|p2a: Luvdisc\n|\n|-damage|p1a: Metagross|176/256 brn|[from] brn\n|upkeep\n|\n|t:|1733846373\n|switch|p2a: Lugia|Lugia, L72|233/272\n|turn|20\n|\n|t:|1733846383\n|switch|p1a: Bruxish|Bruxish, L85, M|254/254\n|move|p2a: Lugia|Calm Mind|p2a: Lugia\n|-boost|p2a: Lugia|spa|1\n|-boost|p2a: Lugia|spd|1\n|\n|upkeep\n|turn|21\n|\n|t:|1733846390\n|move|p1a: Bruxish|Crunch|p2a: Lugia\n|-supereffective|p2a: Lugia\n|-damage|p2a: Lugia|137/272\n|-damage|p1a: Bruxish|229/254|[from] item: Life Orb\n|move|p2a: Lugia|Aeroblast|p1a: Bruxish|[miss]\n|-miss|p2a: Lugia|p1a: Bruxish\n|\n|upkeep\n|turn|22\n|\n|t:|1733846410\n|move|p1a: Bruxish|Swords Dance|p1a: Bruxish\n|-boost|p1a: Bruxish|atk|2\n|move|p2a: Lugia|Aeroblast|p1a: Bruxish\n|-damage|p1a: Bruxish|103/254\n|\n|upkeep\n|turn|23\n|\n|t:|1733846417\n|move|p1a: Bruxish|Crunch|p2a: Lugia\n|-supereffective|p2a: Lugia\n|-damage|p2a: Lugia|0 fnt\n|faint|p2a: Lugia\n|-damage|p1a: Bruxish|78/254|[from] item: Life Orb\n|\n|upkeep\n|\n|t:|1733846425\n|switch|p2a: Baxcalibur|Baxcalibur, L75, M|295/295\n|turn|24\n|\n|t:|1733846451\n|move|p1a: Bruxish|Psychic Fangs|p2a: Baxcalibur\n|-sideend|p2: antonioooo|Reflect\n|-damage|p2a: Baxcalibur|0 fnt\n|faint|p2a: Baxcalibur\n|-damage|p1a: Bruxish|53/254|[from] item: Life Orb\n|\n|upkeep\n|c|\u2606kr!$98|gg\n|l|\u2606antonioooo\n|inactive|antonioooo disconnected and has a minute to reconnect!\n|player|p2|\n|inactive|antonioooo has 30 seconds to reconnect!\n|inactive|antonioooo has 20 seconds to reconnect!\n|inactive|antonioooo has 15 seconds to reconnect!\n|inactive|antonioooo has 10 seconds to reconnect!\n|inactive|antonioooo has 5 seconds to reconnect!\n|-message|antonioooo lost due to inactivity.\n|\n|win|kr!$98\n|raw|kr!$98's rating: 1560 &rarr; <strong>1580</strong><br />(+20 for winning)\n|raw|antonioooo's rating: 1568 &rarr; <strong>1548</strong><br />(-20 for losing)\n", "inputlog": ">version bfd83cad13791eb5a5a409923076391caf6fb4d4\n>start {\"formatid\":\"gen9randombattle\",\"seed\":[63205,16378,43830,13138],\"rated\":\"Rated battle\"}\n>player p1 {\"name\":\"kr!$98\",\"avatar\":\"lucas\",\"rating\":1560,\"seed\":[13064,28550,10984,15208]}\n>player p2 {\"name\":\"antonioooo\",\"avatar\":\"unknown\",\"rating\":1568,\"seed\":[22273,40787,52550,8377]}\n>p1 switch 6\n>p2 move beakblast\n>p1 move thunderwave\n>p2 move beakblast\n>p1 switch 3\n>p1 move irondefense\n>p2 switch 5\n>p1 move flashcannon\n>p2 move dynamicpunch\n>p1 move flashcannon\n>p2 switch 2\n>p1 move discharge\n>p2 switch 2\n>p1 move flashcannon\n>p2 move earthquake\n>p1 switch 2\n>p1 move swordsdance\n>p2 move earthquake\n>p1 move knockoff\n>p2 move earthquake\n>p2 switch 4\n>p1 move machpunch\n>p2 move surf\n>p1 switch 5\n>p1 move extremespeed\n>p2 move substitute\n>p1 move extremespeed\n>p2 switch 5\n>p1 switch 4\n>p2 move beakblast\n>p1 move agility\n>p2 move beakblast\n>p1 move heavyslam\n>p2 move beakblast\n>p1 move heavyslam\n>p2 move roost\n>p2 switch 3\n>p1 move heavyslam\n>p2 move reflect\n>p1 move heavyslam\n>p2 move partingshot\n>p1 move heavyslam\n>p2 switch 5\n>p2 switch 2\n>p1 switch 6\n>p2 move calmmind\n>p1 move crunch\n>p2 move aeroblast\n>p1 move swordsdance\n>p2 move aeroblast\n>p1 move crunch\n>p2 move aeroblast\n>p2 switch 6\n>p1 move psychicfangs\n>p2 move earthquake\n>chat \u2606kr!$98|gg\n>forcelose p2", "uploadtime": 1733846564, "views": 2, "formatid": "gen9randombattle", "rating": 1548, "private": 0, "password": null}