{"id": "gen9randombattle-2149694434", "format": "[Gen 9] Random Battle", "players": ["PokemonCestDur", "thecosmicengineer"], "log": "|j|\u2606PokemonCestDur\n|j|\u2606thecosmicengineer\n|t:|1719312217\n|gametype|singles\n|player|p1|PokemonCestDur|#ruplixsleekslushrushers|2303\n|player|p2|thecosmicengineer|red|2212\n|teamsize|p1|6\n|teamsize|p2|6\n|gen|9\n|tier|[Gen 9] Random Battle\n|rated|\n|rule|Species Clause: Limit one of each Pok\u00e9mon\n|rule|HP Percentage Mod: HP is shown in percentages\n|rule|Sleep Clause Mod: Limit one foe put to sleep\n|rule|Illusion Level Mod: Illusion disguises the Pok\u00e9mon's true level\n|\n|t:|1719312217\n|start\n|switch|p1a: Toxapex|Toxapex, L82, F|216/216\n|switch|p2a: Golduck|Golduck, L90, M|290/290\n|-ability|p2a: Golduck|Cloud Nine\n|turn|1\n|inactive|Battle timer is ON: inactive players will automatically lose when time's up. (requested by thecosmicengineer)\n|\n|t:|1719312231\n|move|p2a: Golduck|Nasty Plot|p2a: Golduck\n|-boost|p2a: Golduck|spa|2\n|move|p1a: Toxapex|Toxic|p2a: Golduck\n|-status|p2a: Golduck|tox\n|\n|-damage|p2a: Golduck|272/290 tox|[from] psn\n|upkeep\n|turn|2\n|\n|t:|1719312238\n|switch|p1a: Incineroar|Incineroar, L84, F|297/297\n|-ability|p1a: Incineroar|Intimidate|boost\n|-unboost|p2a: Golduck|atk|1\n|move|p2a: Golduck|Hydro Pump|p1a: Incineroar\n|-supereffective|p1a: Incineroar\n|-damage|p1a: Incineroar|0 fnt\n|faint|p1a: Incineroar\n|-damage|p2a: Golduck|243/290 tox|[from] item: Life Orb\n|\n|-damage|p2a: Golduck|207/290 tox|[from] psn\n|upkeep\n|\n|t:|1719312243\n|switch|p1a: Electivire|Electivire, L84, M|263/263\n|turn|3\n|\n|t:|1719312255\n|switch|p2a: Wigglytuff|Wigglytuff, L96, M|424/424\n|move|p1a: Electivire|Supercell Slam|p2a: Wigglytuff\n|-damage|p2a: Wigglytuff|235/424\n|\n|-heal|p2a: Wigglytuff|261/424|[from] item: Leftovers\n|upkeep\n|turn|4\n|\n|t:|1719312266\n|move|p1a: Electivire|Supercell Slam|p2a: Wigglytuff\n|-damage|p2a: Wigglytuff|89/424\n|move|p2a: Wigglytuff|Wish|p2a: Wigglytuff\n|\n|-heal|p2a: Wigglytuff|115/424|[from] item: Leftovers\n|upkeep\n|turn|5\n|j| togepi101010\n|\n|t:|1719312277\n|switch|p1a: Toxapex|Toxapex, L82, F|216/216\n|move|p2a: Wigglytuff|Protect||[still]\n|-fail|p2a: Wigglytuff\n|\n|-heal|p2a: Wigglytuff|327/424|[from] move: Wish|[wisher] Wigglytuff\n|-heal|p2a: Wigglytuff|353/424|[from] item: Leftovers\n|upkeep\n|turn|6\n|\n|t:|1719312281\n|move|p2a: Wigglytuff|Protect|p2a: Wigglytuff\n|-singleturn|p2a: Wigglytuff|Protect\n|move|p1a: Toxapex|Toxic|p2a: Wigglytuff\n|-activate|p2a: Wigglytuff|move: Protect\n|\n|-heal|p2a: Wigglytuff|379/424|[from] item: Leftovers\n|upkeep\n|turn|7\n|\n|t:|1719312290\n|move|p2a: Wigglytuff|Stealth Rock|p1a: Toxapex\n|-sidestart|p1: PokemonCestDur|move: Stealth Rock\n|move|p1a: Toxapex|Toxic|p2a: Wigglytuff\n|-status|p2a: Wigglytuff|tox\n|\n|-heal|p2a: Wigglytuff|405/424 tox|[from] item: Leftovers\n|-damage|p2a: Wigglytuff|379/424 tox|[from] psn\n|upkeep\n|turn|8\n|\n|t:|1719312296\n|switch|p2a: Gholdengo|Gholdengo, L77|261/261\n|move|p1a: Toxapex|Liquidation|p2a: Gholdengo\n|-damage|p2a: Gholdengo|198/261\n|\n|-heal|p2a: Gholdengo|214/261|[from] item: Leftovers\n|upkeep\n|turn|9\n|\n|t:|1719312304\n|switch|p1a: Electivire|Electivire, L84, M|263/263\n|-damage|p1a: Electivire|231/263|[from] Stealth Rock\n|move|p2a: Gholdengo|Thunder Wave|p1a: Electivire\n|-ability|p1a: Electivire|Motor Drive|boost\n|-boost|p1a: Electivire|spe|1\n|\n|-heal|p2a: Gholdengo|230/261|[from] item: Leftovers\n|upkeep\n|turn|10\n|\n|t:|1719312311\n|switch|p2a: Wigglytuff|Wigglytuff, L96, M|379/424 tox\n|move|p1a: Electivire|Knock Off|p2a: Wigglytuff\n|-resisted|p2a: Wigglytuff\n|-damage|p2a: Wigglytuff|323/424 tox\n|-enditem|p2a: Wigglytuff|Leftovers|[from] move: Knock Off|[of] p1a: Electivire\n|\n|-damage|p2a: Wigglytuff|297/424 tox|[from] psn\n|upkeep\n|turn|11\n|\n|t:|1719312318\n|switch|p1a: Toxapex|Toxapex, L82, F|216/216\n|-damage|p1a: Toxapex|189/216|[from] Stealth Rock\n|move|p2a: Wigglytuff|Protect||[still]\n|-fail|p2a: Wigglytuff\n|\n|-damage|p2a: Wigglytuff|245/424 tox|[from] psn\n|upkeep\n|turn|12\n|\n|t:|1719312335\n|switch|p2a: Gholdengo|Gholdengo, L77|230/261\n|switch|p1a: Electivire|Electivire, L84, M|231/263\n|-damage|p1a: Electivire|199/263|[from] Stealth Rock\n|\n|-heal|p2a: Gholdengo|246/261|[from] item: Leftovers\n|upkeep\n|turn|13\n|\n|t:|1719312343\n|switch|p2a: Wigglytuff|Wigglytuff, L96, M|245/424 tox\n|move|p1a: Electivire|Earthquake|p2a: Wigglytuff\n|-damage|p2a: Wigglytuff|133/424 tox\n|\n|-damage|p2a: Wigglytuff|107/424 tox|[from] psn\n|upkeep\n|turn|14\n|\n|t:|1719312347\n|move|p1a: Electivire|Earthquake|p2a: Wigglytuff\n|-damage|p2a: Wigglytuff|0 fnt\n|faint|p2a: Wigglytuff\n|\n|upkeep\n|\n|t:|1719312355\n|switch|p2a: Sceptile|Sceptile, L87, M|264/264\n|turn|15\n|\n|t:|1719312363\n|switch|p1a: Toxapex|Toxapex, L82, F|216/216\n|-damage|p1a: Toxapex|189/216|[from] Stealth Rock\n|move|p2a: Sceptile|Swords Dance|p2a: Sceptile\n|-boost|p2a: Sceptile|atk|2\n|\n|upkeep\n|turn|16\n|\n|t:|1719312371\n|move|p2a: Sceptile|Earthquake|p1a: Toxapex\n|-supereffective|p1a: Toxapex\n|-damage|p1a: Toxapex|0 fnt\n|faint|p1a: Toxapex\n|-damage|p2a: Sceptile|238/264|[from] item: Life Orb\n|\n|upkeep\n|\n|t:|1719312382\n|switch|p1a: Electivire|Electivire, L84, M|199/263\n|-damage|p1a: Electivire|167/263|[from] Stealth Rock\n|turn|17\n|\n|t:|1719312391\n|move|p1a: Electivire|Ice Punch|p2a: Sceptile\n|-supereffective|p2a: Sceptile\n|-damage|p2a: Sceptile|70/264\n|move|p2a: Sceptile|Leaf Blade|p1a: Electivire\n|-crit|p1a: Electivire\n|-damage|p1a: Electivire|0 fnt\n|faint|p1a: Electivire\n|-damage|p2a: Sceptile|44/264|[from] item: Life Orb\n|\n|upkeep\n|\n|t:|1719312397\n|switch|p1a: Arceus|Arceus, L69|280/280\n|-damage|p1a: Arceus|245/280|[from] Stealth Rock\n|turn|18\n|\n|t:|1719312400\n|move|p1a: Arceus|Extreme Speed|p2a: Sceptile\n|-damage|p2a: Sceptile|0 fnt\n|faint|p2a: Sceptile\n|-damage|p1a: Arceus|217/280|[from] item: Life Orb\n|\n|upkeep\n|\n|t:|1719312408\n|switch|p2a: Jirachi|Jirachi, L80|291/291\n|turn|19\n|\n|t:|1719312416\n|move|p1a: Arceus|Swords Dance|p1a: Arceus\n|-boost|p1a: Arceus|atk|2\n|move|p2a: Jirachi|Body Slam|p1a: Arceus\n|-damage|p1a: Arceus|163/280\n|-status|p1a: Arceus|par\n|\n|upkeep\n|turn|20\n|\n|t:|1719312420\n|move|p2a: Jirachi|Iron Head|p1a: Arceus\n|-damage|p1a: Arceus|85/280 par\n|cant|p1a: Arceus|par\n|\n|upkeep\n|turn|21\n|\n|t:|1719312424\n|move|p2a: Jirachi|Iron Head|p1a: Arceus\n|-damage|p1a: Arceus|1/280 par\n|cant|p1a: Arceus|flinch\n|\n|upkeep\n|turn|22\n|\n|t:|1719312429\n|move|p2a: Jirachi|Body Slam|p1a: Arceus\n|-damage|p1a: Arceus|0 fnt\n|faint|p1a: Arceus\n|\n|upkeep\n|\n|t:|1719312437\n|switch|p1a: Gallade|Gallade, L82, M|246/246\n|-damage|p1a: Gallade|231/246|[from] Stealth Rock\n|turn|23\n|\n|t:|1719312446\n|move|p2a: Jirachi|Iron Head|p1a: Gallade\n|-damage|p1a: Gallade|137/246\n|cant|p1a: Gallade|flinch\n|\n|upkeep\n|turn|24\n|\n|t:|1719312450\n|move|p2a: Jirachi|Iron Head|p1a: Gallade\n|-damage|p1a: Gallade|32/246\n|cant|p1a: Gallade|flinch\n|\n|upkeep\n|turn|25\n|\n|t:|1719312453\n|move|p2a: Jirachi|Body Slam|p1a: Gallade\n|-damage|p1a: Gallade|0 fnt\n|faint|p1a: Gallade\n|\n|upkeep\n|\n|t:|1719312457\n|switch|p1a: Quaquaval|Quaquaval, L79, F|264/264\n|-damage|p1a: Quaquaval|248/264|[from] Stealth Rock\n|turn|26\n|\n|t:|1719312463\n|-terastallize|p1a: Quaquaval|Water\n|move|p2a: Jirachi|Body Slam|p1a: Quaquaval\n|-damage|p1a: Quaquaval|188/264\n|move|p1a: Quaquaval|Aqua Step|p2a: Jirachi\n|-damage|p2a: Jirachi|153/291\n|-boost|p1a: Quaquaval|spe|1\n|-damage|p1a: Quaquaval|162/264|[from] item: Life Orb\n|\n|-heal|p2a: Jirachi|171/291|[from] item: Leftovers\n|upkeep\n|turn|27\n|\n|t:|1719312471\n|move|p1a: Quaquaval|Knock Off|p2a: Jirachi\n|-supereffective|p2a: Jirachi\n|-damage|p2a: Jirachi|0 fnt\n|-enditem|p2a: Jirachi|Leftovers|[from] move: Knock Off|[of] p1a: Quaquaval\n|faint|p2a: Jirachi\n|-ability|p1a: Quaquaval|Moxie|boost\n|-boost|p1a: Quaquaval|atk|1\n|-damage|p1a: Quaquaval|136/264|[from] item: Life Orb\n|\n|upkeep\n|\n|t:|1719312481\n|switch|p2a: Gholdengo|Gholdengo, L77|246/261\n|turn|28\n|\n|t:|1719312486\n|move|p1a: Quaquaval|Close Combat|p2a: Gholdengo\n|-immune|p2a: Gholdengo\n|move|p2a: Gholdengo|Shadow Ball|p1a: Quaquaval\n|-damage|p1a: Quaquaval|25/264\n|-unboost|p1a: Quaquaval|spd|1\n|\n|-heal|p2a: Gholdengo|261/261|[from] item: Leftovers\n|upkeep\n|turn|29\n|\n|t:|1719312492\n|move|p1a: Quaquaval|Knock Off|p2a: Gholdengo\n|-supereffective|p2a: Gholdengo\n|-damage|p2a: Gholdengo|0 fnt\n|-enditem|p2a: Gholdengo|Leftovers|[from] move: Knock Off|[of] p1a: Quaquaval\n|faint|p2a: Gholdengo\n|-ability|p1a: Quaquaval|Moxie|boost\n|-boost|p1a: Quaquaval|atk|1\n|-damage|p1a: Quaquaval|0 fnt|[from] item: Life Orb\n|faint|p1a: Quaquaval\n|\n|win|thecosmicengineer\n|raw|PokemonCestDur's rating: 2303 &rarr; <strong>2278</strong><br />(-25 for losing)\n|raw|thecosmicengineer's rating: 2212 &rarr; <strong>2237</strong><br />(+25 for winning)\n|l|\u2606thecosmicengineer\n|player|p2|\n|l|\u2606PokemonCestDur\n|player|p1|\n", "inputlog": ">version fa2fcbefacd9ec28b920d1fe3a63da14f50ab6c0\n>start {\"formatid\":\"gen9randombattle\",\"seed\":[33580,14542,21893,42543],\"rated\":\"Rated battle\"}\n>player p1 {\"name\":\"PokemonCestDur\",\"avatar\":\"#ruplixsleekslushrushers\",\"rating\":2303,\"seed\":[47114,61034,33374,60263]}\n>player p2 {\"name\":\"thecosmicengineer\",\"avatar\":\"red\",\"rating\":2212,\"seed\":[4630,19568,47636,47253]}\n>p1 move toxic\n>p2 move nastyplot\n>p1 switch 4\n>p2 move hydropump\n>p1 switch 3\n>p1 move supercellslam\n>p2 switch 6\n>p1 move supercellslam\n>p2 move wish\n>p1 switch 4\n>p2 move protect\n>p1 move toxic\n>p2 move protect\n>p1 move toxic\n>p2 move stealthrock\n>p1 move liquidation\n>p2 switch 4\n>p1 switch 4\n>p2 move thunderwave\n>p1 move knockoff\n>p2 switch 4\n>p1 switch 4\n>p2 move protect\n>p1 switch 4\n>p2 switch 4\n>p1 move earthquake\n>p2 switch 4\n>p1 move earthquake\n>p2 move alluringvoice\n>p2 switch 2\n>p1 switch 4\n>p2 move swordsdance\n>p1 move haze\n>p2 move earthquake\n>p1 switch 4\n>p1 move icepunch\n>p2 move leafblade\n>p1 switch 2\n>p1 move extremespeed\n>p2 move leafblade\n>p2 switch 3\n>p1 move swordsdance\n>p2 move bodyslam\n>p1 move shadowclaw\n>p2 move ironhead\n>p1 move shadowclaw\n>p2 move ironhead\n>p1 move shadowclaw\n>p2 move bodyslam\n>p1 switch 6\n>p1 move nightslash\n>p2 move ironhead\n>p1 move nightslash\n>p2 move ironhead\n>p1 move nightslash\n>p2 move bodyslam\n>p1 switch 5\n>p1 move aquastep terastallize\n>p2 move bodyslam\n>p1 move knockoff\n>p2 move bodyslam\n>p2 switch 4\n>p1 move closecombat\n>p2 move shadowball\n>p1 move knockoff\n>p2 move shadowball", "uploadtime": 1719312514, "views": 182, "formatid": "gen9randombattle", "rating": 2237, "private": 0, "password": null}