{"id": "gen9randombattle-2259922559", "format": "[Gen 9] Random Battle", "players": ["Galopatado", "Enzomessi2012"], "log": "|j|\u2606Galopatado\n|j|\u2606Enzomessi2012\n|t:|1733780309\n|gametype|singles\n|player|p1|Galopatado|hugh|\n|player|p2|Enzomessi2012|benga|\n|teamsize|p1|6\n|teamsize|p2|6\n|gen|9\n|tier|[Gen 9] Random Battle\n|rule|Species Clause: Limit one of each Pok\u00e9mon\n|rule|HP Percentage Mod: HP is shown in percentages\n|rule|Sleep Clause Mod: Limit one foe put to sleep\n|rule|Illusion Level Mod: Illusion disguises the Pok\u00e9mon's true level\n|\n|t:|1733780309\n|start\n|switch|p1a: Heatran|Heatran, L79, M|273/273\n|switch|p2a: Klefki|Klefki, L84, M|233/233\n|-item|p1a: Heatran|Air Balloon\n|turn|1\n|\n|t:|1733780332\n|move|p2a: Klefki|Thunder Wave|p1a: Heatran\n|-status|p1a: Heatran|par\n|cant|p1a: Heatran|par\n|\n|upkeep\n|turn|2\n|\n|t:|1733780350\n|move|p2a: Klefki|Foul Play|p1a: Heatran\n|-damage|p1a: Heatran|221/273 par\n|-enditem|p1a: Heatran|Air Balloon\n|move|p1a: Heatran|Magma Storm|p2a: Klefki\n|-supereffective|p2a: Klefki\n|-damage|p2a: Klefki|0 fnt\n|faint|p2a: Klefki\n|\n|upkeep\n|\n|t:|1733780363\n|switch|p2a: Decidueye|Decidueye-Hisui, L87, F|295/295\n|turn|3\n|\n|t:|1733780373\n|-terastallize|p2a: Decidueye|Water\n|move|p2a: Decidueye|Roost||[still]\n|-fail|p2a: Decidueye|heal\n|cant|p1a: Heatran|par\n|\n|upkeep\n|turn|4\n|\n|t:|1733780384\n|-terastallize|p1a: Heatran|Flying\n|move|p2a: Decidueye|Triple Arrows|p1a: Heatran\n|-resisted|p1a: Heatran\n|-damage|p1a: Heatran|173/273 par\n|move|p1a: Heatran|Heavy Slam|p2a: Decidueye\n|-resisted|p2a: Decidueye\n|-damage|p2a: Decidueye|237/295\n|\n|-heal|p2a: Decidueye|255/295|[from] item: Leftovers\n|upkeep\n|turn|5\n|\n|t:|1733780399\n|switch|p2a: Oinkologne|Oinkologne, L92, M|352/352\n|move|p1a: Heatran|Earth Power|p2a: Oinkologne\n|-damage|p2a: Oinkologne|287/352\n|\n|-heal|p2a: Oinkologne|309/352|[from] item: Leftovers\n|upkeep\n|turn|6\n|\n|t:|1733780414\n|switch|p1a: Glalie|Glalie, L96, F|309/309\n|move|p2a: Oinkologne|Body Slam|p1a: Glalie\n|-damage|p1a: Glalie|203/309\n|\n|-heal|p2a: Oinkologne|331/352|[from] item: Leftovers\n|upkeep\n|turn|7\n|\n|t:|1733780433\n|move|p1a: Glalie|Spikes|p2a: Oinkologne\n|-sidestart|p2: Enzomessi2012|Spikes\n|move|p2a: Oinkologne|Body Slam|p1a: Glalie\n|-damage|p1a: Glalie|98/309\n|\n|-heal|p2a: Oinkologne|352/352|[from] item: Leftovers\n|upkeep\n|turn|8\n|\n|t:|1733780444\n|move|p1a: Glalie|Freeze-Dry|p2a: Oinkologne\n|-crit|p2a: Oinkologne\n|-damage|p2a: Oinkologne|288/352\n|move|p2a: Oinkologne|Body Slam|p1a: Glalie\n|-damage|p1a: Glalie|0 fnt\n|faint|p1a: Glalie\n|\n|-heal|p2a: Oinkologne|310/352|[from] item: Leftovers\n|upkeep\n|\n|t:|1733780465\n|switch|p1a: Alomomola|Alomomola, L87, F|429/429\n|turn|9\n|\n|t:|1733780475\n|switch|p2a: Decidueye|Decidueye-Hisui, L87, F, tera:Water|255/295\n|-damage|p2a: Decidueye|219/295|[from] Spikes\n|move|p1a: Alomomola|Scald|p2a: Decidueye\n|-resisted|p2a: Decidueye\n|-damage|p2a: Decidueye|196/295\n|\n|-heal|p2a: Decidueye|214/295|[from] item: Leftovers\n|upkeep\n|turn|10\n|\n|t:|1733780489\n|move|p1a: Alomomola|Flip Turn|p2a: Decidueye\n|-resisted|p2a: Decidueye\n|-damage|p2a: Decidueye|184/295\n|\n|t:|1733780495\n|switch|p1a: Solgaleo|Solgaleo, L74|325/325|[from] Flip Turn\n|move|p2a: Decidueye|Leaf Blade|p1a: Solgaleo\n|-resisted|p1a: Solgaleo\n|-damage|p1a: Solgaleo|271/325\n|-damage|p2a: Decidueye|135/295|[from] item: Rocky Helmet|[of] p1a: Solgaleo\n|\n|-heal|p2a: Decidueye|153/295|[from] item: Leftovers\n|upkeep\n|turn|11\n|\n|t:|1733780508\n|move|p1a: Solgaleo|Flare Blitz|p2a: Decidueye\n|-resisted|p2a: Decidueye\n|-damage|p2a: Decidueye|110/295\n|-status|p2a: Decidueye|brn\n|-damage|p1a: Solgaleo|257/325|[from] Recoil\n|move|p2a: Decidueye|Roost|p2a: Decidueye\n|-heal|p2a: Decidueye|258/295 brn\n|\n|-heal|p2a: Decidueye|276/295 brn|[from] item: Leftovers\n|-damage|p2a: Decidueye|258/295 brn|[from] brn\n|upkeep\n|turn|12\n|\n|t:|1733780523\n|switch|p2a: Bronzong|Bronzong, L88|261/261\n|move|p1a: Solgaleo|Morning Sun|p1a: Solgaleo\n|-heal|p1a: Solgaleo|325/325\n|\n|upkeep\n|turn|13\n|\n|t:|1733780534\n|move|p1a: Solgaleo|Close Combat|p2a: Bronzong\n|-damage|p2a: Bronzong|188/261\n|-unboost|p1a: Solgaleo|def|1\n|-unboost|p1a: Solgaleo|spd|1\n|move|p2a: Bronzong|Body Press|p1a: Solgaleo\n|-damage|p1a: Solgaleo|217/325\n|-damage|p2a: Bronzong|145/261|[from] item: Rocky Helmet|[of] p1a: Solgaleo\n|\n|upkeep\n|turn|14\n|\n|t:|1733780544\n|move|p1a: Solgaleo|Sunsteel Strike|p2a: Bronzong\n|-resisted|p2a: Bronzong\n|-damage|p2a: Bronzong|104/261\n|move|p2a: Bronzong|Body Press|p1a: Solgaleo\n|-damage|p1a: Solgaleo|111/325\n|-damage|p2a: Bronzong|61/261|[from] item: Rocky Helmet|[of] p1a: Solgaleo\n|\n|upkeep\n|turn|15\n|l|\u2606Galopatado\n|player|p1|\n|j|\u2606Galopatado\n|player|p1|Galopatado|hugh|\n|\n|t:|1733780582\n|move|p1a: Solgaleo|Flare Blitz|p2a: Bronzong\n|-supereffective|p2a: Bronzong\n|-damage|p2a: Bronzong|0 fnt\n|faint|p2a: Bronzong\n|-damage|p1a: Solgaleo|91/325|[from] Recoil\n|\n|upkeep\n|\n|t:|1733780590\n|switch|p2a: Malamar|Malamar, L82, F|275/275\n|-damage|p2a: Malamar|241/275|[from] Spikes\n|turn|16\n|\n|t:|1733780605\n|move|p1a: Solgaleo|Morning Sun|p1a: Solgaleo\n|-heal|p1a: Solgaleo|253/325\n|move|p2a: Malamar|Superpower|p1a: Solgaleo\n|-damage|p1a: Solgaleo|140/325\n|-boost|p2a: Malamar|atk|1\n|-boost|p2a: Malamar|def|1\n|-damage|p2a: Malamar|196/275|[from] item: Rocky Helmet|[of] p1a: Solgaleo\n|\n|-heal|p2a: Malamar|213/275|[from] item: Leftovers\n|upkeep\n|turn|17\n|\n|t:|1733780618\n|move|p1a: Solgaleo|Close Combat|p2a: Malamar\n|-damage|p2a: Malamar|153/275\n|-unboost|p1a: Solgaleo|def|1\n|-unboost|p1a: Solgaleo|spd|1\n|move|p2a: Malamar|Superpower|p1a: Solgaleo\n|-damage|p1a: Solgaleo|0 fnt\n|-boost|p2a: Malamar|atk|1\n|-boost|p2a: Malamar|def|1\n|-damage|p2a: Malamar|108/275|[from] item: Rocky Helmet|[of] p1a: Solgaleo\n|faint|p1a: Solgaleo\n|\n|-heal|p2a: Malamar|125/275|[from] item: Leftovers\n|upkeep\n|\n|t:|1733780636\n|switch|p1a: Bruxish|Bruxish, L85, M|254/254\n|turn|18\n|\n|t:|1733780644\n|move|p1a: Bruxish|Aqua Jet|p2a: Malamar\n|-damage|p2a: Malamar|91/275\n|move|p2a: Malamar|Superpower|p1a: Bruxish\n|-resisted|p1a: Bruxish\n|-damage|p1a: Bruxish|164/254\n|-boost|p2a: Malamar|atk|1\n|-boost|p2a: Malamar|def|1\n|\n|-heal|p2a: Malamar|108/275|[from] item: Leftovers\n|upkeep\n|turn|19\n|\n|t:|1733780661\n|switch|p2a: Decidueye|Decidueye-Hisui, L87, F, tera:Water|258/295 brn\n|-damage|p2a: Decidueye|222/295 brn|[from] Spikes\n|move|p1a: Bruxish|Aqua Jet|p2a: Decidueye\n|-resisted|p2a: Decidueye\n|-damage|p2a: Decidueye|186/295 brn\n|\n|-heal|p2a: Decidueye|204/295 brn|[from] item: Leftovers\n|-damage|p2a: Decidueye|186/295 brn|[from] brn\n|upkeep\n|turn|20\n|\n|t:|1733780678\n|move|p1a: Bruxish|Aqua Jet|p2a: Decidueye\n|-resisted|p2a: Decidueye\n|-damage|p2a: Decidueye|148/295 brn\n|move|p2a: Decidueye|Leaf Blade|p1a: Bruxish\n|-supereffective|p1a: Bruxish\n|-damage|p1a: Bruxish|37/254\n|\n|-heal|p2a: Decidueye|166/295 brn|[from] item: Leftovers\n|-damage|p2a: Decidueye|148/295 brn|[from] brn\n|upkeep\n|turn|21\n|\n|t:|1733780690\n|switch|p1a: Groudon|Groudon, L72|263/263\n|-weather|SunnyDay|[from] ability: Drought|[of] p1a: Groudon\n|move|p2a: Decidueye|Roost|p2a: Decidueye\n|-heal|p2a: Decidueye|295/295 brn\n|\n|-weather|SunnyDay|[upkeep]\n|-damage|p2a: Decidueye|277/295 brn|[from] brn\n|upkeep\n|turn|22\n|\n|t:|1733780704\n|switch|p2a: Zekrom|Zekrom, L71|259/259\n|-damage|p2a: Zekrom|227/259|[from] Spikes\n|-ability|p2a: Zekrom|Teravolt\n|move|p1a: Groudon|Precipice Blades|p2a: Zekrom|[miss]\n|-miss|p1a: Groudon|p2a: Zekrom\n|\n|-weather|SunnyDay|[upkeep]\n|-heal|p2a: Zekrom|243/259|[from] item: Leftovers\n|upkeep\n|turn|23\n|\n|t:|1733780717\n|move|p1a: Groudon|Heat Crash|p2a: Zekrom\n|-resisted|p2a: Zekrom\n|-damage|p2a: Zekrom|214/259\n|move|p2a: Zekrom|Outrage|p1a: Groudon\n|-damage|p1a: Groudon|152/263\n|\n|-weather|SunnyDay|[upkeep]\n|-heal|p1a: Groudon|168/263|[from] item: Leftovers\n|-heal|p2a: Zekrom|230/259|[from] item: Leftovers\n|upkeep\n|turn|24\n|\n|t:|1733780729\n|move|p1a: Groudon|Precipice Blades|p2a: Zekrom\n|-supereffective|p2a: Zekrom\n|-damage|p2a: Zekrom|0 fnt\n|faint|p2a: Zekrom\n|\n|-weather|SunnyDay|[upkeep]\n|-heal|p1a: Groudon|184/263|[from] item: Leftovers\n|upkeep\n|\n|t:|1733780738\n|switch|p2a: Oinkologne|Oinkologne, L92, M|310/352\n|-damage|p2a: Oinkologne|266/352|[from] Spikes\n|turn|25\n|\n|t:|1733780744\n|move|p1a: Groudon|Precipice Blades|p2a: Oinkologne|[miss]\n|-miss|p1a: Groudon|p2a: Oinkologne\n|move|p2a: Oinkologne|Body Slam|p1a: Groudon\n|-damage|p1a: Groudon|97/263\n|\n|-weather|none\n|-heal|p2a: Oinkologne|288/352|[from] item: Leftovers\n|-heal|p1a: Groudon|113/263|[from] item: Leftovers\n|upkeep\n|turn|26\n|\n|t:|1733780755\n|move|p1a: Groudon|Precipice Blades|p2a: Oinkologne\n|-damage|p2a: Oinkologne|162/352\n|move|p2a: Oinkologne|Body Slam|p1a: Groudon\n|-damage|p1a: Groudon|23/263\n|\n|-heal|p1a: Groudon|39/263|[from] item: Leftovers\n|-heal|p2a: Oinkologne|184/352|[from] item: Leftovers\n|upkeep\n|turn|27\n|\n|t:|1733780770\n|move|p2a: Oinkologne|Body Slam|p1a: Groudon\n|-crit|p1a: Groudon\n|-damage|p1a: Groudon|0 fnt\n|faint|p1a: Groudon\n|\n|-heal|p2a: Oinkologne|206/352|[from] item: Leftovers\n|upkeep\n|\n|t:|1733780776\n|switch|p1a: Heatran|Heatran, L79, M, tera:Flying|173/273 par\n|turn|28\n|\n|t:|1733780780\n|move|p2a: Oinkologne|Body Slam|p1a: Heatran\n|-damage|p1a: Heatran|68/273 par\n|cant|p1a: Heatran|par\n|\n|-heal|p2a: Oinkologne|228/352|[from] item: Leftovers\n|upkeep\n|turn|29\n|\n|t:|1733780789\n|move|p2a: Oinkologne|Body Slam|p1a: Heatran\n|-damage|p1a: Heatran|0 fnt\n|faint|p1a: Heatran\n|\n|-heal|p2a: Oinkologne|250/352|[from] item: Leftovers\n|upkeep\n|\n|t:|1733780795\n|switch|p1a: Alomomola|Alomomola, L87, F|429/429\n|turn|30\n|\n|t:|1733780802\n|switch|p2a: Decidueye|Decidueye-Hisui, L87, F, tera:Water|277/295 brn\n|-damage|p2a: Decidueye|241/295 brn|[from] Spikes\n|move|p1a: Alomomola|Scald|p2a: Decidueye\n|-resisted|p2a: Decidueye\n|-damage|p2a: Decidueye|219/295 brn\n|\n|-heal|p2a: Decidueye|237/295 brn|[from] item: Leftovers\n|-damage|p2a: Decidueye|219/295 brn|[from] brn\n|upkeep\n|turn|31\n|\n|t:|1733780814\n|move|p1a: Alomomola|Wish|p1a: Alomomola\n|move|p2a: Decidueye|Leaf Blade|p1a: Alomomola\n|-supereffective|p1a: Alomomola\n|-damage|p1a: Alomomola|314/429\n|\n|-heal|p2a: Decidueye|237/295 brn|[from] item: Leftovers\n|-damage|p2a: Decidueye|219/295 brn|[from] brn\n|upkeep\n|turn|32\n|\n|t:|1733780823\n|move|p1a: Alomomola|Flip Turn|p2a: Decidueye\n|-resisted|p2a: Decidueye\n|-damage|p2a: Decidueye|192/295 brn\n|\n|t:|1733780828\n|switch|p1a: Bruxish|Bruxish, L85, M|37/254|[from] Flip Turn\n|move|p2a: Decidueye|Leaf Blade|p1a: Bruxish\n|-supereffective|p1a: Bruxish\n|-damage|p1a: Bruxish|0 fnt\n|faint|p1a: Bruxish\n|\n|-heal|p2a: Decidueye|210/295 brn|[from] item: Leftovers\n|-damage|p2a: Decidueye|192/295 brn|[from] brn\n|upkeep\n|\n|t:|1733780839\n|switch|p1a: Alomomola|Alomomola, L87, F|429/429\n|turn|33\n|\n|t:|1733780844\n|move|p1a: Alomomola|Scald|p2a: Decidueye\n|-resisted|p2a: Decidueye\n|-damage|p2a: Decidueye|169/295 brn\n|move|p2a: Decidueye|Leaf Blade|p1a: Alomomola\n|-supereffective|p1a: Alomomola\n|-damage|p1a: Alomomola|309/429\n|\n|-heal|p2a: Decidueye|187/295 brn|[from] item: Leftovers\n|-damage|p2a: Decidueye|169/295 brn|[from] brn\n|upkeep\n|turn|34\n|\n|t:|1733780856\n|move|p1a: Alomomola|Protect|p1a: Alomomola\n|-singleturn|p1a: Alomomola|Protect\n|move|p2a: Decidueye|Leaf Blade|p1a: Alomomola\n|-activate|p1a: Alomomola|move: Protect\n|\n|-heal|p2a: Decidueye|187/295 brn|[from] item: Leftovers\n|-damage|p2a: Decidueye|169/295 brn|[from] brn\n|upkeep\n|turn|35\n|\n|t:|1733780868\n|move|p1a: Alomomola|Scald|p2a: Decidueye\n|-resisted|p2a: Decidueye\n|-damage|p2a: Decidueye|148/295 brn\n|move|p2a: Decidueye|Leaf Blade|p1a: Alomomola\n|-supereffective|p1a: Alomomola\n|-damage|p1a: Alomomola|188/429\n|\n|-heal|p2a: Decidueye|166/295 brn|[from] item: Leftovers\n|-damage|p2a: Decidueye|148/295 brn|[from] brn\n|upkeep\n|turn|36\n|\n|t:|1733780888\n|move|p1a: Alomomola|Wish|p1a: Alomomola\n|move|p2a: Decidueye|Leaf Blade|p1a: Alomomola\n|-supereffective|p1a: Alomomola\n|-damage|p1a: Alomomola|76/429\n|\n|-heal|p2a: Decidueye|166/295 brn|[from] item: Leftovers\n|-damage|p2a: Decidueye|148/295 brn|[from] brn\n|upkeep\n|turn|37\n|\n|t:|1733780899\n|move|p1a: Alomomola|Flip Turn|p2a: Decidueye\n|-resisted|p2a: Decidueye\n|-damage|p2a: Decidueye|119/295 brn\n|move|p2a: Decidueye|Leaf Blade|p1a: Alomomola\n|-supereffective|p1a: Alomomola\n|-damage|p1a: Alomomola|0 fnt\n|faint|p1a: Alomomola\n|\n|win|Enzomessi2012\n|l|\u2606Galopatado\n|player|p1|\n", "inputlog": ">version bfd83cad13791eb5a5a409923076391caf6fb4d4\n>start {\"formatid\":\"gen9randombattle\",\"seed\":[1949,3102,45984,39339]}\n>player p1 {\"name\":\"Galopatado\",\"avatar\":\"hugh\",\"rating\":0,\"seed\":[25513,4450,6999,36568]}\n>player p2 {\"name\":\"Enzomessi2012\",\"avatar\":\"benga\",\"rating\":0,\"seed\":[46225,17965,51830,5913]}\n>p1 move heavyslam\n>p2 move thunderwave\n>p1 move magmastorm\n>p2 move foulplay\n>p2 switch 2\n>p1 move magmastorm\n>p2 move roost terastallize\n>p1 move heavyslam terastallize\n>p2 move triplearrows\n>p1 move earthpower\n>p2 switch 3\n>p1 switch 3\n>p2 move bodyslam\n>p1 move spikes\n>p2 move bodyslam\n>p1 move freezedry\n>p2 move bodyslam\n>p1 switch 4\n>p1 move scald\n>p2 switch 3\n>p1 move flipturn\n>p2 move leafblade\n>p1 switch 6\n>p1 move flareblitz\n>p2 move roost\n>p1 move morningsun\n>p2 switch 5\n>p1 move closecombat\n>p2 move bodypress\n>p1 move sunsteelstrike\n>p2 move bodypress\n>p1 move flareblitz\n>p2 move bodypress\n>p2 switch 4\n>p1 move morningsun\n>p2 move superpower\n>p1 move closecombat\n>p2 move superpower\n>p1 switch 5\n>p1 move aquajet\n>p2 move superpower\n>p1 move aquajet\n>p2 switch 5\n>p1 move aquajet\n>p2 move leafblade\n>p1 switch 2\n>p2 move roost\n>p1 move precipiceblades\n>p2 switch 6\n>p1 move heatcrash\n>p2 move outrage\n>p1 move precipiceblades\n>p2 move outrage\n>p2 switch 3\n>p1 move precipiceblades\n>p2 move bodyslam\n>p1 move precipiceblades\n>p2 move bodyslam\n>p1 move roar\n>p2 move bodyslam\n>p1 switch 3\n>p1 move magmastorm\n>p2 move bodyslam\n>p1 move heavyslam\n>p2 move bodyslam\n>p1 switch 6\n>p1 move scald\n>p2 switch 6\n>p1 move wish\n>p2 move leafblade\n>p1 move flipturn\n>p2 move leafblade\n>p1 switch 2\n>p1 switch 2\n>p1 move scald\n>p2 move leafblade\n>p1 move protect\n>p2 move leafblade\n>p1 move scald\n>p2 move leafblade\n>p1 move wish\n>p2 move leafblade\n>p1 move flipturn\n>p2 move leafblade", "uploadtime": 1733780911, "views": 1, "formatid": "gen9randombattle", "rating": null, "private": 0, "password": null}