{"id": "gen9randombattle-2247059444", "format": "[Gen 9] Random Battle", "players": ["California", "samuelayers"], "log": "|j|\u2606California\n|j|\u2606samuelayers\n|t:|1732042108\n|gametype|singles\n|player|p1|California|169|2231\n|player|p2|samuelayers|gentleman-gen4dp|2269\n|teamsize|p1|6\n|teamsize|p2|6\n|gen|9\n|tier|[Gen 9] Random Battle\n|rated|\n|rule|Species Clause: Limit one of each Pok\u00e9mon\n|rule|HP Percentage Mod: HP is shown in percentages\n|rule|Sleep Clause Mod: Limit one foe put to sleep\n|rule|Illusion Level Mod: Illusion disguises the Pok\u00e9mon's true level\n|\n|t:|1732042108\n|start\n|switch|p1a: Typhlosion|Typhlosion-Hisui, L83, M|257/257\n|switch|p2a: Mesprit|Mesprit, L85|275/275\n|turn|1\n|inactive|Battle timer is ON: inactive players will automatically lose when time's up. (requested by samuelayers)\n|\n|t:|1732042130\n|move|p1a: Typhlosion|Eruption|p2a: Mesprit\n|-damage|p2a: Mesprit|166/275\n|move|p2a: Mesprit|Knock Off|p1a: Typhlosion\n|-supereffective|p1a: Typhlosion\n|-damage|p1a: Typhlosion|97/257\n|-enditem|p1a: Typhlosion|Choice Scarf|[from] move: Knock Off|[of] p2a: Mesprit\n|\n|upkeep\n|turn|2\n|inactive|California has 120 seconds left.\n|\n|t:|1732042164\n|switch|p2a: Persian|Persian-Alola, L86, F|252/252\n|move|p1a: Typhlosion|Fire Blast|p2a: Persian\n|-damage|p2a: Persian|92/252\n|\n|-heal|p2a: Persian|107/252|[from] item: Leftovers\n|upkeep\n|turn|3\n|inactive|California has 120 seconds left.\n|\n|t:|1732042179\n|switch|p1a: Passimian|Passimian, L83, M|302/302\n|move|p2a: Persian|Dark Pulse|p1a: Passimian\n|-resisted|p1a: Passimian\n|-damage|p1a: Passimian|256/302\n|\n|-heal|p2a: Persian|122/252|[from] item: Leftovers\n|-heal|p1a: Passimian|274/302|[from] item: Leftovers\n|upkeep\n|turn|4\n|\n|t:|1732042185\n|move|p2a: Persian|Hypnosis|p1a: Passimian\n|-status|p1a: Passimian|slp|[from] move: Hypnosis\n|cant|p1a: Passimian|slp\n|\n|-heal|p2a: Persian|137/252|[from] item: Leftovers\n|-heal|p1a: Passimian|292/302 slp|[from] item: Leftovers\n|upkeep\n|turn|5\n|\n|t:|1732042189\n|switch|p2a: Mesprit|Mesprit, L85|166/275\n|cant|p1a: Passimian|slp\n|\n|-heal|p1a: Passimian|302/302 slp|[from] item: Leftovers\n|upkeep\n|turn|6\n|\n|t:|1732042194\n|switch|p1a: Persian|Persian-Alola, L86, F|252/252\n|move|p2a: Mesprit|Psychic Noise|p1a: Persian\n|-immune|p1a: Persian\n|\n|upkeep\n|turn|7\n|\n|t:|1732042206\n|move|p1a: Persian|Nasty Plot|p1a: Persian\n|-boost|p1a: Persian|spa|2\n|move|p2a: Mesprit|U-turn|p1a: Persian\n|-supereffective|p1a: Persian\n|-damage|p1a: Persian|174/252\n|\n|t:|1732042208\n|switch|p2a: Pachirisu|Pachirisu, L96, F|271/271|[from] U-turn\n|\n|-heal|p1a: Persian|189/252|[from] item: Leftovers\n|upkeep\n|turn|8\n|\n|t:|1732042217\n|move|p1a: Persian|Hypnosis|p2a: Pachirisu\n|-status|p2a: Pachirisu|slp|[from] move: Hypnosis\n|cant|p2a: Pachirisu|slp\n|\n|-heal|p1a: Persian|204/252|[from] item: Leftovers\n|upkeep\n|turn|9\n|\n|t:|1732042224\n|move|p1a: Persian|Nasty Plot|p1a: Persian\n|-boost|p1a: Persian|spa|2\n|cant|p2a: Pachirisu|slp\n|\n|-heal|p1a: Persian|219/252|[from] item: Leftovers\n|upkeep\n|turn|10\n|\n|t:|1732042229\n|-terastallize|p1a: Persian|Electric\n|move|p1a: Persian|Nasty Plot|p1a: Persian\n|-boost|p1a: Persian|spa|2\n|-curestatus|p2a: Pachirisu|slp|[msg]\n|move|p2a: Pachirisu|Nuzzle|p1a: Persian\n|-resisted|p1a: Persian\n|-damage|p1a: Persian|213/252\n|\n|-heal|p1a: Persian|228/252|[from] item: Leftovers\n|upkeep\n|turn|11\n|\n|t:|1732042235\n|move|p1a: Persian|Dark Pulse|p2a: Pachirisu\n|-damage|p2a: Pachirisu|99/271\n|cant|p2a: Pachirisu|flinch\n|\n|-heal|p1a: Persian|243/252|[from] item: Leftovers\n|upkeep\n|turn|12\n|\n|t:|1732042239\n|move|p1a: Persian|Dark Pulse|p2a: Pachirisu\n|-damage|p2a: Pachirisu|0 fnt\n|faint|p2a: Pachirisu\n|\n|-heal|p1a: Persian|252/252|[from] item: Leftovers\n|upkeep\n|\n|t:|1732042243\n|switch|p2a: Groudon|Groudon, L72|263/263\n|-weather|SunnyDay|[from] ability: Drought|[of] p2a: Groudon\n|turn|13\n|-message|samuelayers forfeited.\n|\n|win|California\n|raw|California's rating: 2231 &rarr; <strong>2253</strong><br />(+22 for winning)\n|raw|samuelayers's rating: 2269 &rarr; <strong>2247</strong><br />(-22 for losing)\n|l|\u2606samuelayers\n|player|p2|\n", "inputlog": ">version baf9aa68cbe18cf25f290680a08c9ad9c5e3e828\n>start {\"formatid\":\"gen9randombattle\",\"seed\":[35724,52479,38227,5168],\"rated\":\"Rated battle\"}\n>player p1 {\"name\":\"California\",\"avatar\":\"169\",\"rating\":2231,\"seed\":[32482,6040,46347,49707]}\n>player p2 {\"name\":\"samuelayers\",\"avatar\":\"gentleman-gen4dp\",\"rating\":2269,\"seed\":[26828,36122,34057,62545]}\n>p1 move eruption\n>p2 move knockoff\n>p1 move fireblast\n>p2 switch 2\n>p1 switch 2\n>p2 move darkpulse\n>p1 move knockoff\n>p2 move hypnosis\n>p1 move knockoff\n>p2 switch 2\n>p1 switch 5\n>p2 move psychicnoise\n>p1 move nastyplot\n>p2 move uturn\n>p2 switch 5\n>p1 move hypnosis\n>p2 move nuzzle\n>p1 move nastyplot\n>p2 move nuzzle\n>p1 move nastyplot terastallize\n>p2 move nuzzle\n>p1 move darkpulse\n>p2 move uturn\n>p1 move darkpulse\n>p2 move superfang\n>p2 switch 6\n>forcelose p2", "uploadtime": 1732042248, "views": 34, "formatid": "gen9randombattle", "rating": 2247, "private": 0, "password": null}