{"id": "gen9randombattle-2171542238", "format": "[Gen 9] Random Battle", "players": ["this dude", "Qiuescent"], "log": "|j|\u2606this dude\n|j|\u203dQiuescent\n|t:|1722542679\n|gametype|singles\n|player|p1|this dude|lucian|2304\n|player|p2|Qiuescent|265|2279\n|teamsize|p1|6\n|teamsize|p2|6\n|gen|9\n|tier|[Gen 9] Random Battle\n|rated|\n|rule|Species Clause: Limit one of each Pok\u00e9mon\n|rule|HP Percentage Mod: HP is shown in percentages\n|rule|Sleep Clause Mod: Limit one foe put to sleep\n|rule|Illusion Level Mod: Illusion disguises the Pok\u00e9mon's true level\n|\n|t:|1722542679\n|start\n|switch|p1a: Ambipom|Ambipom, L84, M|263/263\n|switch|p2a: Articuno|Articuno, L86|295/295\n|-ability|p2a: Articuno|Pressure\n|turn|1\n|\n|t:|1722542687\n|move|p1a: Ambipom|Fake Out|p2a: Articuno\n|-damage|p2a: Articuno|222/295\n|cant|p2a: Articuno|flinch\n|\n|upkeep\n|turn|2\n|\n|t:|1722542692\n|move|p1a: Ambipom|Double-Edge|p2a: Articuno\n|-damage|p2a: Articuno|93/295\n|-damage|p1a: Ambipom|220/263|[from] Recoil\n|move|p2a: Articuno|Roost|p2a: Articuno\n|-heal|p2a: Articuno|241/295\n|-singleturn|p2a: Articuno|move: Roost\n|\n|upkeep\n|turn|3\n|\n|t:|1722542696\n|move|p1a: Ambipom|Knock Off|p2a: Articuno\n|-damage|p2a: Articuno|184/295\n|-enditem|p2a: Articuno|Heavy-Duty Boots|[from] move: Knock Off|[of] p1a: Ambipom\n|move|p2a: Articuno|Roost|p2a: Articuno\n|-heal|p2a: Articuno|295/295\n|-singleturn|p2a: Articuno|move: Roost\n|\n|upkeep\n|turn|4\n|\n|t:|1722542701\n|move|p1a: Ambipom|U-turn|p2a: Articuno\n|-resisted|p2a: Articuno\n|-damage|p2a: Articuno|272/295\n|\n|t:|1722542704\n|switch|p1a: Toxapex|Toxapex, L82, F|216/216|[from] U-turn\n|move|p2a: Articuno|Freeze-Dry|p1a: Toxapex\n|-supereffective|p1a: Toxapex\n|-damage|p1a: Toxapex|108/216\n|\n|upkeep\n|turn|5\n|\n|t:|1722542712\n|switch|p1a: Munkidori|Munkidori, L79, M|269/269\n|move|p2a: Articuno|Substitute|p2a: Articuno\n|-start|p2a: Articuno|Substitute\n|-damage|p2a: Articuno|199/295\n|\n|upkeep\n|turn|6\n|\n|t:|1722542717\n|move|p1a: Munkidori|Sludge Wave|p2a: Articuno\n|-end|p2a: Articuno|Substitute\n|move|p2a: Articuno|Brave Bird|p1a: Munkidori\n|-damage|p1a: Munkidori|103/269\n|-damage|p2a: Articuno|144/295|[from] Recoil\n|\n|upkeep\n|turn|7\n|\n|t:|1722542722\n|switch|p2a: Goodra|Goodra-Hisui, L82, M|265/265\n|move|p1a: Munkidori|Sludge Wave|p2a: Goodra\n|-immune|p2a: Goodra\n|\n|upkeep\n|turn|8\n|\n|t:|1722542728\n|switch|p1a: Toxapex|Toxapex, L82, F|180/216\n|move|p2a: Goodra|Draco Meteor|p1a: Toxapex\n|-damage|p1a: Toxapex|77/216\n|-unboost|p2a: Goodra|spa|2\n|\n|upkeep\n|turn|9\n|\n|t:|1722542733\n|switch|p1a: Kilowattrel|Kilowattrel, L83, M|252/252\n|move|p2a: Goodra|Earthquake|p1a: Kilowattrel\n|-immune|p1a: Kilowattrel\n|\n|upkeep\n|turn|10\n|\n|t:|1722542737\n|move|p1a: Kilowattrel|U-turn|p2a: Goodra\n|-resisted|p2a: Goodra\n|-damage|p2a: Goodra|247/265\n|\n|t:|1722542739\n|switch|p1a: Toxapex|Toxapex, L82, F|149/216|[from] U-turn\n|move|p2a: Goodra|Heavy Slam|p1a: Toxapex\n|-resisted|p1a: Toxapex\n|-damage|p1a: Toxapex|106/216\n|-damage|p2a: Goodra|203/265|[from] item: Rocky Helmet|[of] p1a: Toxapex\n|\n|upkeep\n|turn|11\n|\n|t:|1722542742\n|switch|p1a: Kilowattrel|Kilowattrel, L83, M|252/252\n|move|p2a: Goodra|Earthquake|p1a: Kilowattrel\n|-immune|p1a: Kilowattrel\n|\n|upkeep\n|turn|12\n|\n|t:|1722542745\n|move|p1a: Kilowattrel|U-turn|p2a: Goodra\n|-resisted|p2a: Goodra\n|-damage|p2a: Goodra|184/265\n|\n|t:|1722542748\n|switch|p1a: Swanna|Swanna, L88, M|275/275|[from] U-turn\n|move|p2a: Goodra|Draco Meteor|p1a: Swanna\n|-damage|p1a: Swanna|188/275\n|-unboost|p2a: Goodra|spa|2\n|\n|upkeep\n|turn|13\n|\n|t:|1722542751\n|switch|p2a: Cramorant|Cramorant, L86, M|261/261\n|move|p1a: Swanna|Roost|p1a: Swanna\n|-heal|p1a: Swanna|275/275\n|-singleturn|p1a: Swanna|move: Roost\n|\n|upkeep\n|turn|14\n|\n|t:|1722542754\n|move|p1a: Swanna|Brave Bird|p2a: Cramorant\n|-damage|p2a: Cramorant|83/261\n|-damage|p1a: Swanna|216/275|[from] Recoil\n|move|p2a: Cramorant|Brave Bird|p1a: Swanna\n|-damage|p1a: Swanna|81/275\n|-damage|p2a: Cramorant|38/261|[from] Recoil\n|\n|upkeep\n|turn|15\n|\n|t:|1722542758\n|move|p1a: Swanna|Roost|p1a: Swanna\n|-heal|p1a: Swanna|219/275\n|-singleturn|p1a: Swanna|move: Roost\n|move|p2a: Cramorant|Brave Bird|p1a: Swanna\n|-crit|p1a: Swanna\n|-damage|p1a: Swanna|0 fnt\n|faint|p1a: Swanna\n|-damage|p2a: Cramorant|0 fnt|[from] Recoil\n|faint|p2a: Cramorant\n|\n|upkeep\n|\n|t:|1722542763\n|switch|p1a: Munkidori|Munkidori, L79, M|103/269\n|switch|p2a: Cyclizar|Cyclizar, L83, F|252/252\n|turn|16\n|\n|t:|1722542767\n|move|p2a: Cyclizar|Knock Off|p1a: Munkidori\n|-supereffective|p1a: Munkidori\n|-damage|p1a: Munkidori|0 fnt\n|-enditem|p1a: Munkidori|Choice Specs|[from] move: Knock Off|[of] p2a: Cyclizar\n|faint|p1a: Munkidori\n|\n|upkeep\n|\n|t:|1722542770\n|switch|p1a: Ambipom|Ambipom, L84, M|220/263\n|turn|17\n|\n|t:|1722542776\n|move|p2a: Cyclizar|Shed Tail|p2a: Cyclizar\n|-start|p2a: Cyclizar|Substitute|[from] move: Shed Tail\n|-damage|p2a: Cyclizar|126/252\n|\n|t:|1722542780\n|switch|p2a: Goodra|Goodra-Hisui, L82, M|184/265|[from] Shed Tail\n|move|p1a: Ambipom|U-turn|p2a: Goodra\n|-resisted|p2a: Goodra\n|-activate|p2a: Goodra|move: Substitute|[damage]\n|\n|t:|1722542786\n|switch|p1a: Toxapex|Toxapex, L82, F|178/216|[from] U-turn\n|\n|upkeep\n|turn|18\n|\n|t:|1722542789\n|move|p2a: Goodra|Earthquake|p1a: Toxapex\n|-supereffective|p1a: Toxapex\n|-damage|p1a: Toxapex|84/216\n|move|p1a: Toxapex|Toxic Spikes|p2a: Goodra\n|-sidestart|p2: Qiuescent|move: Toxic Spikes\n|\n|upkeep\n|turn|19\n|\n|t:|1722542796\n|switch|p1a: Kilowattrel|Kilowattrel, L83, M|252/252\n|move|p2a: Goodra|Draco Meteor|p1a: Kilowattrel\n|-damage|p1a: Kilowattrel|44/252\n|-unboost|p2a: Goodra|spa|2\n|\n|upkeep\n|turn|20\n|\n|t:|1722542799\n|move|p1a: Kilowattrel|U-turn|p2a: Goodra\n|-resisted|p2a: Goodra\n|-activate|p2a: Goodra|move: Substitute|[damage]\n|\n|t:|1722542801\n|switch|p1a: Toxapex|Toxapex, L82, F|156/216|[from] U-turn\n|move|p2a: Goodra|Earthquake|p1a: Toxapex\n|-supereffective|p1a: Toxapex\n|-damage|p1a: Toxapex|68/216\n|\n|upkeep\n|turn|21\n|\n|t:|1722542805\n|switch|p1a: Kilowattrel|Kilowattrel, L83, M|44/252\n|move|p2a: Goodra|Draco Meteor|p1a: Kilowattrel\n|-damage|p1a: Kilowattrel|0 fnt\n|-unboost|p2a: Goodra|spa|2\n|faint|p1a: Kilowattrel\n|\n|upkeep\n|inactive|Battle timer is ON: inactive players will automatically lose when time's up. (requested by Qiuescent)\n|\n|t:|1722542809\n|switch|p1a: Ambipom|Ambipom, L84, M|220/263\n|turn|22\n|\n|t:|1722542812\n|move|p1a: Ambipom|Knock Off|p2a: Goodra\n|-end|p2a: Goodra|Substitute\n|move|p2a: Goodra|Heavy Slam|p1a: Ambipom\n|-damage|p1a: Ambipom|69/263\n|\n|upkeep\n|turn|23\n|\n|t:|1722542818\n|switch|p2a: Tsareena|Tsareena, L87, F|267/267\n|move|p1a: Ambipom|Knock Off|p2a: Tsareena\n|-damage|p2a: Tsareena|210/267\n|-enditem|p2a: Tsareena|Heavy-Duty Boots|[from] move: Knock Off|[of] p1a: Ambipom\n|\n|upkeep\n|turn|24\n|\n|t:|1722542823\n|move|p1a: Ambipom|U-turn|p2a: Tsareena\n|-supereffective|p2a: Tsareena\n|-damage|p2a: Tsareena|116/267\n|\n|t:|1722542825\n|switch|p1a: Toxapex|Toxapex, L82, F|140/216|[from] U-turn\n|move|p2a: Tsareena|U-turn|p1a: Toxapex\n|-resisted|p1a: Toxapex\n|-crit|p1a: Toxapex\n|-damage|p1a: Toxapex|109/216\n|-damage|p2a: Tsareena|72/267|[from] item: Rocky Helmet|[of] p1a: Toxapex\n|\n|t:|1722542830\n|switch|p2a: Goodra|Goodra-Hisui, L82, M|184/265|[from] U-turn\n|\n|upkeep\n|turn|25\n|\n|t:|1722542835\n|switch|p1a: Iron Valiant|Iron Valiant, L79|247/247\n|move|p2a: Goodra|Earthquake|p1a: Iron Valiant\n|-damage|p1a: Iron Valiant|173/247\n|\n|upkeep\n|turn|26\n|\n|t:|1722542839\n|-terastallize|p2a: Goodra|Flying\n|move|p1a: Iron Valiant|Close Combat|p2a: Goodra\n|-resisted|p2a: Goodra\n|-damage|p2a: Goodra|98/265\n|-unboost|p1a: Iron Valiant|def|1\n|-unboost|p1a: Iron Valiant|spd|1\n|-damage|p1a: Iron Valiant|149/247|[from] item: Life Orb\n|move|p2a: Goodra|Heavy Slam|p1a: Iron Valiant\n|-supereffective|p1a: Iron Valiant\n|-damage|p1a: Iron Valiant|0 fnt\n|faint|p1a: Iron Valiant\n|-end|p1a: Iron Valiant|Quark Drive|[silent]\n|\n|upkeep\n|\n|t:|1722542844\n|switch|p1a: Ambipom|Ambipom, L84, M|69/263\n|turn|27\n|\n|t:|1722542848\n|switch|p2a: Tsareena|Tsareena, L87, F|72/267\n|-status|p2a: Tsareena|psn\n|move|p1a: Ambipom|Fake Out||[still]\n|cant|p2a: Tsareena|ability: Queenly Majesty|Fake Out|[of] p1a: Ambipom\n|\n|-damage|p2a: Tsareena|39/267 psn|[from] psn\n|upkeep\n|turn|28\n|\n|t:|1722542851\n|move|p1a: Ambipom|U-turn|p2a: Tsareena\n|-supereffective|p2a: Tsareena\n|-damage|p2a: Tsareena|0 fnt\n|faint|p2a: Tsareena\n|\n|t:|1722542853\n|switch|p1a: Toxapex|Toxapex, L82, F|181/216|[from] U-turn\n|\n|upkeep\n|\n|t:|1722542856\n|switch|p2a: Articuno|Articuno, L86|144/295\n|-ability|p2a: Articuno|Pressure\n|turn|29\n|\n|t:|1722542863\n|-terastallize|p1a: Toxapex|Fairy\n|move|p2a: Articuno|Freeze-Dry|p1a: Toxapex\n|-damage|p1a: Toxapex|124/216\n|move|p1a: Toxapex|Liquidation|p2a: Articuno\n|-damage|p2a: Articuno|87/295\n|\n|upkeep\n|turn|30\n|\n|t:|1722542867\n|switch|p1a: Ambipom|Ambipom, L84, M|69/263\n|move|p2a: Articuno|Substitute|p2a: Articuno\n|-start|p2a: Articuno|Substitute\n|-damage|p2a: Articuno|14/295\n|\n|upkeep\n|turn|31\n|\n|t:|1722542876\n|move|p1a: Ambipom|U-turn|p2a: Articuno\n|-resisted|p2a: Articuno\n|-activate|p2a: Articuno|move: Substitute|[damage]\n|\n|t:|1722542877\n|switch|p1a: Toxapex|Toxapex, L82, F, tera:Fairy|196/216|[from] U-turn\n|move|p2a: Articuno|Freeze-Dry|p1a: Toxapex\n|-damage|p1a: Toxapex|142/216\n|\n|upkeep\n|turn|32\n|\n|t:|1722542881\n|move|p2a: Articuno|Roost|p2a: Articuno\n|-heal|p2a: Articuno|162/295\n|-singleturn|p2a: Articuno|move: Roost\n|move|p1a: Toxapex|Liquidation|p2a: Articuno\n|-end|p2a: Articuno|Substitute\n|\n|upkeep\n|turn|33\n|c|\u2606this dude|gg\n|-message|this dude forfeited.\n|\n|win|Qiuescent\n|raw|this dude's rating: 2304 &rarr; <strong>2283</strong><br />(-21 for losing)\n|raw|Qiuescent's rating: 2279 &rarr; <strong>2300</strong><br />(+21 for winning)\n|l|\u2606this dude\n|player|p1|\n", "inputlog": ">version 066162d2e82a97df57afa1c38b09f52046a2368b\n>start {\"formatid\":\"gen9randombattle\",\"seed\":[63650,41228,16762,10828],\"rated\":\"Rated battle\"}\n>player p1 {\"name\":\"this dude\",\"avatar\":\"lucian\",\"rating\":2304,\"seed\":[22461,55336,61939,5968]}\n>player p2 {\"name\":\"Qiuescent\",\"avatar\":\"265\",\"rating\":2279,\"seed\":[51821,34644,4799,38316]}\n>p1 move fakeout\n>p2 move bravebird\n>p1 move doubleedge\n>p2 move roost\n>p1 move knockoff\n>p2 move roost\n>p1 move uturn\n>p2 move freezedry\n>p1 switch 3\n>p1 switch 4\n>p2 move substitute\n>p1 move sludgewave\n>p2 move bravebird\n>p1 move sludgewave\n>p2 switch 4\n>p1 switch 4\n>p2 move dracometeor\n>p1 switch 5\n>p2 move earthquake\n>p1 move uturn\n>p2 move heavyslam\n>p1 switch 5\n>p1 switch 5\n>p2 move earthquake\n>p1 move uturn\n>p2 move dracometeor\n>p1 switch 2\n>p1 move roost\n>p2 switch 6\n>p1 move bravebird\n>p2 move bravebird\n>p1 move roost\n>p2 move bravebird\n>p1 switch 4\n>p2 switch 2\n>p1 move uturn\n>p2 move knockoff\n>p1 switch 3\n>p1 move uturn\n>p2 move shedtail\n>p2 switch 6\n>p1 switch 5\n>p1 move toxicspikes\n>p2 move earthquake\n>p1 switch 2\n>p2 move dracometeor\n>p1 move uturn\n>p2 move earthquake\n>p1 switch 2\n>p1 switch 2\n>p2 move dracometeor\n>p1 switch 5\n>p1 move knockoff\n>p2 move heavyslam\n>p1 move knockoff\n>p2 switch 3\n>p1 move uturn\n>p2 move uturn\n>p1 switch 2\n>p2 switch 3\n>p1 switch 6\n>p2 move earthquake\n>p1 move closecombat\n>p2 move heavyslam terastallize\n>p1 switch 2\n>p1 move fakeout\n>p2 switch 3\n>p1 move uturn\n>p2 move uturn\n>p1 switch 6\n>p2 switch 4\n>p1 move liquidation terastallize\n>p2 move freezedry\n>p1 switch 6\n>p2 move substitute\n>p1 move uturn\n>p2 move freezedry\n>p1 switch 6\n>p1 move liquidation\n>p2 move roost\n>chat \u2606this dude|gg\n>forcelose p1", "uploadtime": 1722542888, "views": 135, "formatid": "gen9randombattle", "rating": 2283, "private": 0, "password": null}