{"id": "gen9randombattle-2260699608", "format": "[Gen 9] Random Battle", "players": ["Valenteddi", "Wowisthisnametaken"], "log": "|j|\u2606Valenteddi\n|j|\u2606Wowisthisnametaken\n|t:|1733880047\n|gametype|singles\n|player|p1|Valenteddi|alec-anime|1662\n|player|p2|Wowisthisnametaken|miku-grass|1636\n|teamsize|p1|6\n|teamsize|p2|6\n|gen|9\n|tier|[Gen 9] Random Battle\n|rated|\n|rule|Species Clause: Limit one of each Pok\u00e9mon\n|rule|HP Percentage Mod: HP is shown in percentages\n|rule|Sleep Clause Mod: Limit one foe put to sleep\n|rule|Illusion Level Mod: Illusion disguises the Pok\u00e9mon's true level\n|\n|t:|1733880047\n|start\n|switch|p1a: Kyurem|Kyurem-White, L73|303/303\n|switch|p2a: Slither Wing|Slither Wing, L81|270/270\n|-ability|p1a: Kyurem|Turboblaze\n|turn|1\n|\n|t:|1733880077\n|switch|p1a: Braviary|Braviary-Hisui, L85, M|326/326\n|move|p2a: Slither Wing|U-turn|p1a: Braviary\n|-damage|p1a: Braviary|226/326\n|\n|t:|1733880085\n|-end|p2a: Slither Wing|Protosynthesis|[silent]\n|switch|p2a: Drifblim|Drifblim, L86, F|396/396|[from] U-turn\n|\n|upkeep\n|turn|2\n|\n|t:|1733880093\n|switch|p1a: Shiftry|Shiftry, L89, F|305/305\n|move|p2a: Drifblim|Calm Mind|p2a: Drifblim\n|-boost|p2a: Drifblim|spa|1\n|-boost|p2a: Drifblim|spd|1\n|\n|upkeep\n|turn|3\n|\n|t:|1733880102\n|switch|p2a: Appletun|Appletun, L92, F|352/352\n|move|p1a: Shiftry|Knock Off|p2a: Appletun\n|-damage|p2a: Appletun|200/352\n|-enditem|p2a: Appletun|Leftovers|[from] move: Knock Off|[of] p1a: Shiftry\n|-damage|p1a: Shiftry|275/305|[from] item: Life Orb\n|\n|upkeep\n|turn|4\n|\n|t:|1733880111\n|switch|p1a: Braviary|Braviary-Hisui, L85, M|226/326\n|move|p2a: Appletun|Recover|p2a: Appletun\n|-heal|p2a: Appletun|352/352\n|\n|upkeep\n|turn|5\n|\n|t:|1733880117\n|move|p1a: Braviary|Esper Wing|p2a: Appletun\n|-damage|p2a: Appletun|264/352\n|-boost|p1a: Braviary|spe|1\n|move|p2a: Appletun|Leech Seed|p1a: Braviary|[miss]\n|-miss|p2a: Appletun|p1a: Braviary\n|\n|upkeep\n|turn|6\n|\n|t:|1733880122\n|move|p1a: Braviary|Hurricane|p2a: Appletun|[miss]\n|-miss|p1a: Braviary|p2a: Appletun\n|move|p2a: Appletun|Leech Seed|p1a: Braviary\n|-start|p1a: Braviary|move: Leech Seed\n|\n|-damage|p1a: Braviary|186/326|[from] Leech Seed|[of] p2a: Appletun\n|-heal|p2a: Appletun|304/352|[silent]\n|upkeep\n|turn|7\n|\n|t:|1733880131\n|move|p1a: Braviary|Hurricane|p2a: Appletun|[miss]\n|-miss|p1a: Braviary|p2a: Appletun\n|move|p2a: Appletun|Dragon Pulse|p1a: Braviary\n|-damage|p1a: Braviary|69/326\n|\n|-damage|p1a: Braviary|29/326|[from] Leech Seed|[of] p2a: Appletun\n|-heal|p2a: Appletun|344/352|[silent]\n|upkeep\n|turn|8\n|\n|t:|1733880135\n|move|p1a: Braviary|Roost|p1a: Braviary\n|-heal|p1a: Braviary|192/326\n|-singleturn|p1a: Braviary|move: Roost\n|move|p2a: Appletun|Dragon Pulse|p1a: Braviary\n|-damage|p1a: Braviary|69/326\n|\n|-damage|p1a: Braviary|29/326|[from] Leech Seed|[of] p2a: Appletun\n|-heal|p2a: Appletun|352/352|[silent]\n|upkeep\n|turn|9\n|\n|t:|1733880140\n|move|p1a: Braviary|Roost|p1a: Braviary\n|-heal|p1a: Braviary|192/326\n|-singleturn|p1a: Braviary|move: Roost\n|move|p2a: Appletun|Dragon Pulse|p1a: Braviary\n|-damage|p1a: Braviary|69/326\n|\n|-damage|p1a: Braviary|29/326|[from] Leech Seed|[of] p2a: Appletun\n|upkeep\n|turn|10\n|\n|t:|1733880148\n|switch|p1a: Dedenne|Dedenne, L88, F|261/261\n|move|p2a: Appletun|Apple Acid|p1a: Dedenne\n|-damage|p1a: Dedenne|149/261\n|-unboost|p1a: Dedenne|spd|1\n|\n|upkeep\n|turn|11\n|\n|t:|1733880156\n|move|p1a: Dedenne|U-turn|p2a: Appletun\n|-supereffective|p2a: Appletun\n|-damage|p2a: Appletun|280/352\n|\n|t:|1733880163\n|switch|p1a: Kyurem|Kyurem-White, L73|303/303|[from] U-turn\n|-ability|p1a: Kyurem|Turboblaze\n|move|p2a: Appletun|Apple Acid|p1a: Kyurem\n|-resisted|p1a: Kyurem\n|-damage|p1a: Kyurem|252/303\n|-unboost|p1a: Kyurem|spd|1\n|\n|upkeep\n|turn|12\n|\n|t:|1733880176\n|move|p1a: Kyurem|Ice Beam|p2a: Appletun\n|-supereffective|p2a: Appletun\n|-damage|p2a: Appletun|0 fnt\n|faint|p2a: Appletun\n|\n|upkeep\n|inactive|Battle timer is ON: inactive players will automatically lose when time's up. (requested by Valenteddi)\n|\n|t:|1733880199\n|switch|p2a: Slither Wing|Slither Wing, L81|270/270\n|turn|13\n|\n|t:|1733880207\n|switch|p1a: Dedenne|Dedenne, L88, F|149/261\n|move|p2a: Slither Wing|U-turn|p1a: Dedenne\n|-resisted|p1a: Dedenne\n|-damage|p1a: Dedenne|86/261\n|-enditem|p1a: Dedenne|Sitrus Berry|[eat]\n|-heal|p1a: Dedenne|151/261|[from] item: Sitrus Berry\n|-heal|p1a: Dedenne|238/261|[from] ability: Cheek Pouch\n|\n|t:|1733880211\n|-end|p2a: Slither Wing|Protosynthesis|[silent]\n|switch|p2a: Hariyama|Hariyama, L87, M|392/392|[from] U-turn\n|\n|-status|p2a: Hariyama|brn|[from] item: Flame Orb\n|upkeep\n|turn|14\n|\n|t:|1733880225\n|move|p1a: Dedenne|U-turn|p2a: Hariyama\n|-resisted|p2a: Hariyama\n|-damage|p2a: Hariyama|368/392 brn\n|\n|t:|1733880227\n|switch|p1a: Braviary|Braviary-Hisui, L85, M|29/326|[from] U-turn\n|move|p2a: Hariyama|Facade|p1a: Braviary\n|-damage|p1a: Braviary|0 fnt\n|faint|p1a: Braviary\n|\n|-damage|p2a: Hariyama|344/392 brn|[from] brn\n|upkeep\n|\n|t:|1733880243\n|switch|p1a: Dedenne|Dedenne, L88, F|238/261\n|turn|15\n|\n|t:|1733880250\n|move|p1a: Dedenne|Dazzling Gleam|p2a: Hariyama\n|-supereffective|p2a: Hariyama\n|-damage|p2a: Hariyama|138/392 brn\n|move|p2a: Hariyama|Facade|p1a: Dedenne\n|-damage|p1a: Dedenne|4/261\n|\n|-damage|p2a: Hariyama|114/392 brn|[from] brn\n|upkeep\n|turn|16\n|inactive|Valenteddi has 120 seconds left.\n|\n|t:|1733880280\n|switch|p2a: Drifblim|Drifblim, L86, F|396/396\n|move|p1a: Dedenne|Dazzling Gleam|p2a: Drifblim\n|-damage|p2a: Drifblim|281/396\n|\n|upkeep\n|turn|17\n|\n|t:|1733880286\n|move|p1a: Dedenne|Thunderbolt|p2a: Drifblim\n|-supereffective|p2a: Drifblim\n|-damage|p2a: Drifblim|41/396\n|-status|p2a: Drifblim|par\n|-enditem|p2a: Drifblim|Sitrus Berry|[eat]\n|-heal|p2a: Drifblim|140/396 par|[from] item: Sitrus Berry\n|move|p2a: Drifblim|Air Slash|p1a: Dedenne\n|-resisted|p1a: Dedenne\n|-damage|p1a: Dedenne|0 fnt\n|faint|p1a: Dedenne\n|\n|upkeep\n|\n|t:|1733880293\n|switch|p1a: Shiftry|Shiftry, L89, F|275/305\n|turn|18\n|\n|t:|1733880297\n|move|p1a: Shiftry|Knock Off|p2a: Drifblim\n|-supereffective|p2a: Drifblim\n|-damage|p2a: Drifblim|0 fnt\n|faint|p2a: Drifblim\n|-damage|p1a: Shiftry|245/305|[from] item: Life Orb\n|\n|upkeep\n|\n|t:|1733880301\n|switch|p2a: Slither Wing|Slither Wing, L81|270/270\n|turn|19\n|inactive|Valenteddi has 120 seconds left.\n|\n|t:|1733880337\n|move|p1a: Shiftry|Will-O-Wisp|p2a: Slither Wing\n|-status|p2a: Slither Wing|brn\n|move|p2a: Slither Wing|Close Combat|p1a: Shiftry\n|-supereffective|p1a: Shiftry\n|-damage|p1a: Shiftry|56/305\n|-unboost|p2a: Slither Wing|def|1\n|-unboost|p2a: Slither Wing|spd|1\n|\n|-damage|p2a: Slither Wing|254/270 brn|[from] brn\n|upkeep\n|turn|20\n|\n|t:|1733880344\n|move|p1a: Shiftry|Leaf Storm|p2a: Slither Wing\n|-resisted|p2a: Slither Wing\n|-damage|p2a: Slither Wing|132/270 brn\n|-unboost|p1a: Shiftry|spa|2\n|-damage|p1a: Shiftry|26/305|[from] item: Life Orb\n|move|p2a: Slither Wing|Close Combat|p1a: Shiftry\n|-supereffective|p1a: Shiftry\n|-damage|p1a: Shiftry|0 fnt\n|-unboost|p2a: Slither Wing|def|1\n|-unboost|p2a: Slither Wing|spd|1\n|faint|p1a: Shiftry\n|\n|-damage|p2a: Slither Wing|116/270 brn|[from] brn\n|upkeep\n|inactive|Valenteddi has 120 seconds left.\n|\n|t:|1733880356\n|switch|p1a: Plusle|Plusle, L95, M|268/268\n|turn|21\n|inactive|Valenteddi has 120 seconds left.\n|\n|t:|1733880367\n|move|p1a: Plusle|Alluring Voice|p2a: Slither Wing\n|-supereffective|p2a: Slither Wing\n|-damage|p2a: Slither Wing|0 fnt\n|faint|p2a: Slither Wing\n|-end|p2a: Slither Wing|Protosynthesis|[silent]\n|-damage|p1a: Plusle|242/268|[from] item: Life Orb\n|\n|upkeep\n|\n|t:|1733880369\n|switch|p2a: Probopass|Probopass, L92, F|260/260\n|turn|22\n|\n|t:|1733880379\n|move|p1a: Plusle|Nasty Plot|p1a: Plusle\n|-boost|p1a: Plusle|spa|2\n|move|p2a: Probopass|Iron Defense|p2a: Probopass\n|-boost|p2a: Probopass|def|2\n|\n|upkeep\n|turn|23\n|\n|t:|1733880383\n|move|p1a: Plusle|Encore|p2a: Probopass\n|-start|p2a: Probopass|Encore\n|move|p2a: Probopass|Iron Defense|p2a: Probopass\n|-boost|p2a: Probopass|def|2\n|\n|upkeep\n|turn|24\n|\n|t:|1733880386\n|move|p1a: Plusle|Thunderbolt|p2a: Probopass\n|-damage|p2a: Probopass|81/260\n|-damage|p1a: Plusle|216/268|[from] item: Life Orb\n|move|p2a: Probopass|Iron Defense|p2a: Probopass\n|-boost|p2a: Probopass|def|2\n|\n|-heal|p2a: Probopass|97/260|[from] item: Leftovers\n|upkeep\n|turn|25\n|\n|t:|1733880391\n|move|p1a: Plusle|Thunderbolt|p2a: Probopass\n|-damage|p2a: Probopass|0 fnt\n|faint|p2a: Probopass\n|-damage|p1a: Plusle|190/268|[from] item: Life Orb\n|\n|upkeep\n|\n|t:|1733880392\n|switch|p2a: Dialga|Dialga-Origin, L73|266/266\n|-ability|p2a: Dialga|Pressure\n|turn|26\n|\n|t:|1733880399\n|move|p1a: Plusle|Alluring Voice|p2a: Dialga\n|-damage|p2a: Dialga|105/266\n|-damage|p1a: Plusle|164/268|[from] item: Life Orb\n|move|p2a: Dialga|Draco Meteor|p1a: Plusle\n|-damage|p1a: Plusle|0 fnt\n|-unboost|p2a: Dialga|spa|2\n|faint|p1a: Plusle\n|\n|upkeep\n|\n|t:|1733880404\n|switch|p1a: Terrakion|Terrakion, L79|273/273\n|turn|27\n|\n|t:|1733880410\n|switch|p2a: Hariyama|Hariyama, L87, M|114/392 brn\n|move|p1a: Terrakion|Close Combat|p2a: Hariyama\n|-damage|p2a: Hariyama|0 fnt\n|-unboost|p1a: Terrakion|def|1\n|-unboost|p1a: Terrakion|spd|1\n|faint|p2a: Hariyama\n|\n|upkeep\n|\n|t:|1733880412\n|switch|p2a: Dialga|Dialga-Origin, L73|105/266\n|-ability|p2a: Dialga|Pressure\n|turn|28\n|\n|t:|1733880418\n|-terastallize|p2a: Dialga|Dragon\n|move|p1a: Terrakion|Close Combat|p2a: Dialga\n|-damage|p2a: Dialga|0 fnt\n|-unboost|p1a: Terrakion|def|1\n|-unboost|p1a: Terrakion|spd|1\n|faint|p2a: Dialga\n|\n|win|Valenteddi\n|raw|Valenteddi's rating: 1662 &rarr; <strong>1681</strong><br />(+19 for winning)\n|raw|Wowisthisnametaken's rating: 1636 &rarr; <strong>1617</strong><br />(-19 for losing)\n|l|\u2606Wowisthisnametaken\n|player|p2|\n", "inputlog": ">version bfd83cad13791eb5a5a409923076391caf6fb4d4\n>start {\"formatid\":\"gen9randombattle\",\"seed\":[40157,46155,4360,35094],\"rated\":\"Rated battle\"}\n>player p1 {\"name\":\"Valenteddi\",\"avatar\":\"alec-anime\",\"rating\":1662,\"seed\":[33663,63380,40869,22845]}\n>player p2 {\"name\":\"Wowisthisnametaken\",\"avatar\":\"miku-grass\",\"rating\":1636,\"seed\":[13870,57720,57669,12133]}\n>p1 switch 4\n>p2 move uturn\n>p2 switch 4\n>p1 switch 5\n>p2 move calmmind\n>p1 move knockoff\n>p2 switch 3\n>p1 switch 5\n>p2 move recover\n>p1 move esperwing\n>p2 move leechseed\n>p1 move hurricane\n>p2 move leechseed\n>p1 move hurricane\n>p2 move dragonpulse\n>p1 move roost\n>p2 move dragonpulse\n>p1 move roost\n>p2 move dragonpulse\n>p1 switch 2\n>p2 move appleacid\n>p1 move uturn\n>p2 move appleacid\n>p1 switch 4\n>p1 move icebeam\n>p2 move dragonpulse\n>p2 switch 4\n>p1 switch 4\n>p2 move uturn\n>p2 switch 5\n>p1 move uturn\n>p2 move facade\n>p1 switch 2\n>p1 switch 2\n>p1 move dazzlinggleam\n>p2 move facade\n>p1 move dazzlinggleam\n>p2 switch 3\n>p1 move thunderbolt\n>p2 move airslash\n>p1 switch 5\n>p1 move knockoff\n>p2 move airslash\n>p2 switch 5\n>p1 move willowisp\n>p2 move closecombat\n>p1 move leafstorm\n>p2 move closecombat\n>p1 switch 6\n>p1 move alluringvoice\n>p2 move uturn\n>p2 switch 6\n>p1 move nastyplot\n>p2 move irondefense\n>p1 move encore\n>p2 move bodypress\n>p1 move thunderbolt\n>p2 move irondefense\n>p1 move thunderbolt\n>p2 move irondefense\n>p2 switch 2\n>p1 move alluringvoice\n>p2 move dracometeor\n>p1 switch 3\n>p1 move closecombat\n>p2 switch 3\n>p2 switch 3\n>p1 move closecombat\n>p2 move flashcannon terastallize", "uploadtime": 1733880422, "views": 1, "formatid": "gen9randombattle", "rating": 1617, "private": 0, "password": null}