{"id": "gen9randombattle-2131277998", "format": "[Gen 9] Random Battle", "players": ["Qiuescent", "LizarDune"], "log": "|j|\u203dQiuescent\n|j|\u2606LizarDune\n|t:|1716786758\n|gametype|singles\n|player|p1|Qiuescent|169|2232\n|player|p2|LizarDune|musician|2252\n|teamsize|p1|6\n|teamsize|p2|6\n|gen|9\n|tier|[Gen 9] Random Battle\n|rated|\n|rule|Species Clause: Limit one of each Pok\u00e9mon\n|rule|HP Percentage Mod: HP is shown in percentages\n|rule|Sleep Clause Mod: Limit one foe put to sleep\n|rule|Illusion Level Mod: Illusion disguises the Pok\u00e9mon's true level\n|\n|t:|1716786758\n|start\n|switch|p1a: Abomasnow|Abomasnow, L85, F|291/291\n|switch|p2a: Annihilape|Annihilape, L76, M|292/292\n|-weather|Snow|[from] ability: Snow Warning|[of] p1a: Abomasnow\n|turn|1\n|inactive|Battle timer is ON: inactive players will automatically lose when time's up. (requested by LizarDune)\n|inactive|LizarDune has 120 seconds left.\n|\n|t:|1716786801\n|switch|p2a: Okidogi|Okidogi, L77, M|262/262\n|move|p1a: Abomasnow|Aurora Veil|p1a: Abomasnow\n|-sidestart|p1: Qiuescent|move: Aurora Veil\n|\n|-weather|Snow|[upkeep]\n|upkeep\n|turn|2\n|\n|t:|1716786805\n|switch|p1a: Donphan|Donphan, L84, M|288/288\n|move|p2a: Okidogi|Knock Off|p1a: Donphan\n|-damage|p1a: Donphan|261/288\n|-enditem|p1a: Donphan|Leftovers|[from] move: Knock Off|[of] p2a: Okidogi\n|\n|-weather|Snow|[upkeep]\n|upkeep\n|turn|3\n|\n|t:|1716786822\n|switch|p2a: Gyarados|Gyarados, L79, M|280/280\n|-ability|p2a: Gyarados|Intimidate|boost\n|-unboost|p1a: Donphan|atk|1\n|move|p1a: Donphan|Stealth Rock|p2a: Gyarados\n|-sidestart|p2: LizarDune|move: Stealth Rock\n|\n|-weather|Snow|[upkeep]\n|upkeep\n|turn|4\n|\n|t:|1716786832\n|switch|p1a: Iron Hands|Iron Hands, L79|373/373\n|move|p2a: Gyarados|Waterfall|p1a: Iron Hands\n|-damage|p1a: Iron Hands|328/373\n|\n|-weather|Snow|[upkeep]\n|-heal|p1a: Iron Hands|351/373|[from] item: Leftovers\n|upkeep\n|turn|5\n|\n|t:|1716786849\n|switch|p2a: Okidogi|Okidogi, L77, M|262/262\n|-damage|p2a: Okidogi|246/262|[from] Stealth Rock\n|move|p1a: Iron Hands|Swords Dance|p1a: Iron Hands\n|-boost|p1a: Iron Hands|atk|2\n|\n|-weather|none\n|-heal|p2a: Okidogi|262/262|[from] item: Leftovers\n|-heal|p1a: Iron Hands|373/373|[from] item: Leftovers\n|upkeep\n|turn|6\n|\n|t:|1716786860\n|move|p2a: Okidogi|Bulk Up|p2a: Okidogi\n|-boost|p2a: Okidogi|atk|1\n|-boost|p2a: Okidogi|def|1\n|move|p1a: Iron Hands|Swords Dance|p1a: Iron Hands\n|-boost|p1a: Iron Hands|atk|2\n|\n|upkeep\n|turn|7\n|\n|t:|1716786866\n|move|p2a: Okidogi|Knock Off|p1a: Iron Hands\n|-resisted|p1a: Iron Hands\n|-damage|p1a: Iron Hands|349/373\n|-enditem|p1a: Iron Hands|Leftovers|[from] move: Knock Off|[of] p2a: Okidogi\n|move|p1a: Iron Hands|Thunder Punch|p2a: Okidogi\n|-damage|p2a: Okidogi|81/262\n|\n|-heal|p2a: Okidogi|97/262|[from] item: Leftovers\n|upkeep\n|turn|8\n|\n|t:|1716786877\n|move|p2a: Okidogi|Drain Punch|p1a: Iron Hands\n|-damage|p1a: Iron Hands|295/373\n|-heal|p2a: Okidogi|124/262|[from] drain|[of] p1a: Iron Hands\n|move|p1a: Iron Hands|Thunder Punch|p2a: Okidogi\n|-damage|p2a: Okidogi|0 fnt\n|faint|p2a: Okidogi\n|\n|-sideend|p1: Qiuescent|move: Aurora Veil\n|upkeep\n|inactive|LizarDune has 120 seconds left.\n|\n|t:|1716786897\n|switch|p2a: Gyarados|Gyarados, L79, M|280/280\n|-ability|p2a: Gyarados|Intimidate|boost\n|-unboost|p1a: Iron Hands|atk|1\n|turn|9\n|\n|t:|1716786901\n|move|p2a: Gyarados|Earthquake|p1a: Iron Hands\n|-supereffective|p1a: Iron Hands\n|-damage|p1a: Iron Hands|149/373\n|move|p1a: Iron Hands|Ice Punch|p2a: Gyarados\n|-damage|p2a: Gyarados|98/280\n|\n|upkeep\n|turn|10\n|\n|t:|1716786904\n|-end|p1a: Iron Hands|Quark Drive|[silent]\n|switch|p1a: Abomasnow|Abomasnow, L85, F|291/291\n|-weather|Snow|[from] ability: Snow Warning|[of] p1a: Abomasnow\n|move|p2a: Gyarados|Earthquake|p1a: Abomasnow\n|-resisted|p1a: Abomasnow\n|-damage|p1a: Abomasnow|264/291\n|\n|-weather|Snow|[upkeep]\n|upkeep\n|turn|11\n|inactive|LizarDune has 120 seconds left.\n|\n|t:|1716786943\n|switch|p2a: Annihilape|Annihilape, L76, M|292/292\n|-damage|p2a: Annihilape|274/292|[from] Stealth Rock\n|move|p1a: Abomasnow|Aurora Veil|p1a: Abomasnow\n|-sidestart|p1: Qiuescent|move: Aurora Veil\n|\n|-weather|Snow|[upkeep]\n|-heal|p2a: Annihilape|292/292|[from] item: Leftovers\n|upkeep\n|turn|12\n|\n|t:|1716786949\n|switch|p1a: Oricorio|Oricorio-Pom-Pom, L82, M|257/257\n|move|p2a: Annihilape|Bulk Up|p2a: Annihilape\n|-boost|p2a: Annihilape|atk|1\n|-boost|p2a: Annihilape|def|1\n|\n|-weather|Snow|[upkeep]\n|upkeep\n|turn|13\n|\n|t:|1716786959\n|move|p1a: Oricorio|Quiver Dance|p1a: Oricorio\n|-boost|p1a: Oricorio|spa|1\n|-boost|p1a: Oricorio|spd|1\n|-boost|p1a: Oricorio|spe|1\n|move|p2a: Annihilape|Stone Edge|p1a: Oricorio\n|-supereffective|p1a: Oricorio\n|-damage|p1a: Oricorio|144/257\n|\n|-weather|Snow|[upkeep]\n|upkeep\n|turn|14\n|inactive|LizarDune has 120 seconds left.\n|\n|t:|1716786984\n|move|p1a: Oricorio|Revelation Dance|p2a: Annihilape\n|-damage|p2a: Annihilape|153/292\n|move|p2a: Annihilape|Stone Edge|p1a: Oricorio\n|-supereffective|p1a: Oricorio\n|-damage|p1a: Oricorio|33/257\n|\n|-weather|none\n|-heal|p2a: Annihilape|171/292|[from] item: Leftovers\n|upkeep\n|turn|15\n|\n|t:|1716786995\n|move|p1a: Oricorio|Hurricane|p2a: Annihilape\n|-supereffective|p2a: Annihilape\n|-damage|p2a: Annihilape|0 fnt\n|faint|p2a: Annihilape\n|\n|upkeep\n|\n|t:|1716787006\n|switch|p2a: Mabosstiff|Mabosstiff, L86, F|278/278\n|-damage|p2a: Mabosstiff|244/278|[from] Stealth Rock\n|turn|16\n|\n|t:|1716787012\n|move|p1a: Oricorio|Roost|p1a: Oricorio\n|-heal|p1a: Oricorio|162/257\n|-singleturn|p1a: Oricorio|move: Roost\n|move|p2a: Mabosstiff|Psychic Fangs|p1a: Oricorio\n|-sideend|p1: Qiuescent|move: Aurora Veil\n|-damage|p1a: Oricorio|77/257\n|\n|upkeep\n|turn|17\n|\n|t:|1716787014\n|move|p1a: Oricorio|Roost|p1a: Oricorio\n|-heal|p1a: Oricorio|206/257\n|-singleturn|p1a: Oricorio|move: Roost\n|move|p2a: Mabosstiff|Psychic Fangs|p1a: Oricorio\n|-damage|p1a: Oricorio|118/257\n|\n|upkeep\n|turn|18\n|\n|t:|1716787026\n|switch|p2a: Gyarados|Gyarados, L79, M|98/280\n|-ability|p2a: Gyarados|Intimidate|boost\n|-unboost|p1a: Oricorio|atk|1\n|move|p1a: Oricorio|Roost|p1a: Oricorio\n|-heal|p1a: Oricorio|247/257\n|-singleturn|p1a: Oricorio|move: Roost\n|\n|upkeep\n|turn|19\n|\n|t:|1716787037\n|move|p1a: Oricorio|Hurricane|p2a: Gyarados|[miss]\n|-miss|p1a: Oricorio|p2a: Gyarados\n|move|p2a: Gyarados|Waterfall|p1a: Oricorio\n|-damage|p1a: Oricorio|135/257\n|\n|upkeep\n|turn|20\n|\n|t:|1716787043\n|move|p1a: Oricorio|Revelation Dance|p2a: Gyarados\n|-supereffective|p2a: Gyarados\n|-damage|p2a: Gyarados|0 fnt\n|faint|p2a: Gyarados\n|\n|upkeep\n|\n|t:|1716787053\n|switch|p2a: Mabosstiff|Mabosstiff, L86, F|244/278\n|-damage|p2a: Mabosstiff|210/278|[from] Stealth Rock\n|turn|21\n|\n|t:|1716787056\n|move|p1a: Oricorio|Hurricane|p2a: Mabosstiff|[miss]\n|-miss|p1a: Oricorio|p2a: Mabosstiff\n|move|p2a: Mabosstiff|Crunch|p1a: Oricorio\n|-damage|p1a: Oricorio|6/257\n|\n|upkeep\n|turn|22\n|\n|t:|1716787059\n|move|p1a: Oricorio|Hurricane|p2a: Mabosstiff\n|-damage|p2a: Mabosstiff|9/278\n|move|p2a: Mabosstiff|Crunch|p1a: Oricorio\n|-damage|p1a: Oricorio|0 fnt\n|faint|p1a: Oricorio\n|\n|upkeep\n|\n|t:|1716787065\n|switch|p1a: Abomasnow|Abomasnow, L85, F|264/291\n|-weather|Snow|[from] ability: Snow Warning|[of] p1a: Abomasnow\n|turn|23\n|\n|t:|1716787079\n|switch|p2a: Dunsparce|Dunsparce, L86, F|312/312\n|-damage|p2a: Dunsparce|273/312|[from] Stealth Rock\n|move|p1a: Abomasnow|Aurora Veil|p1a: Abomasnow\n|-sidestart|p1: Qiuescent|move: Aurora Veil\n|\n|-weather|Snow|[upkeep]\n|upkeep\n|turn|24\n|\n|t:|1716787093\n|switch|p1a: Revavroom|Revavroom, L79, M|256/256\n|move|p2a: Dunsparce|Body Slam|p1a: Revavroom\n|-resisted|p1a: Revavroom\n|-damage|p1a: Revavroom|236/256\n|-status|p1a: Revavroom|par\n|\n|-weather|Snow|[upkeep]\n|upkeep\n|turn|25\n|\n|t:|1716787111\n|move|p2a: Dunsparce|Coil|p2a: Dunsparce\n|-boost|p2a: Dunsparce|atk|1\n|-boost|p2a: Dunsparce|def|1\n|-boost|p2a: Dunsparce|accuracy|1\n|cant|p1a: Revavroom|par\n|\n|-weather|Snow|[upkeep]\n|upkeep\n|turn|26\n|\n|t:|1716787114\n|switch|p1a: Latios|Latios, L78, M|253/253\n|move|p2a: Dunsparce|Coil|p2a: Dunsparce\n|-boost|p2a: Dunsparce|atk|1\n|-boost|p2a: Dunsparce|def|1\n|-boost|p2a: Dunsparce|accuracy|1\n|\n|-weather|Snow|[upkeep]\n|upkeep\n|turn|27\n|\n|t:|1716787118\n|move|p1a: Latios|Calm Mind|p1a: Latios\n|-boost|p1a: Latios|spa|1\n|-boost|p1a: Latios|spd|1\n|move|p2a: Dunsparce|Body Slam|p1a: Latios\n|-damage|p1a: Latios|167/253\n|\n|-weather|none\n|upkeep\n|turn|28\n|\n|t:|1716787121\n|-terastallize|p1a: Latios|Steel\n|move|p1a: Latios|Calm Mind|p1a: Latios\n|-boost|p1a: Latios|spa|1\n|-boost|p1a: Latios|spd|1\n|move|p2a: Dunsparce|Body Slam|p1a: Latios\n|-resisted|p1a: Latios\n|-damage|p1a: Latios|125/253\n|\n|upkeep\n|turn|29\n|\n|t:|1716787126\n|move|p1a: Latios|Draco Meteor|p2a: Dunsparce\n|-damage|p2a: Dunsparce|0 fnt\n|-unboost|p1a: Latios|spa|2\n|faint|p2a: Dunsparce\n|\n|upkeep\n|\n|t:|1716787132\n|switch|p2a: Altaria|Altaria, L88, M|275/275\n|turn|30\n|-message|LizarDune forfeited.\n|\n|win|Qiuescent\n|raw|Qiuescent's rating: 2232 &rarr; <strong>2253</strong><br />(+21 for winning)\n|raw|LizarDune's rating: 2252 &rarr; <strong>2231</strong><br />(-21 for losing)\n|l|\u2606LizarDune\n|player|p2|\n", "inputlog": ">version 7158ead19aeac8750849df2840eabb6dbec77df6\n>start {\"formatid\":\"gen9randombattle\",\"seed\":[28580,3371,10034,14249],\"rated\":\"Rated battle\"}\n>player p1 {\"name\":\"Qiuescent\",\"avatar\":\"169\",\"rating\":2232,\"seed\":[40049,55729,60486,34250]}\n>player p2 {\"name\":\"LizarDune\",\"avatar\":\"musician\",\"rating\":2252,\"seed\":[16853,13801,37594,19207]}\n>p1 move auroraveil\n>p2 switch 5\n>p1 switch 2\n>p2 move knockoff\n>p1 move stealthrock\n>p2 switch 6\n>p1 switch 6\n>p2 move waterfall\n>p1 move swordsdance\n>p2 switch 6\n>p1 move swordsdance\n>p2 move bulkup\n>p1 move thunderpunch\n>p2 move knockoff\n>p1 move thunderpunch\n>p2 move drainpunch\n>p2 switch 6\n>p1 move icepunch\n>p2 move earthquake\n>p1 switch 2\n>p2 move earthquake\n>p1 move auroraveil\n>p2 switch 5\n>p1 switch 5\n>p2 move bulkup\n>p1 move quiverdance\n>p2 move stoneedge\n>p1 move revelationdance\n>p2 move stoneedge\n>p1 move hurricane\n>p2 move ragefist\n>p2 switch 3\n>p1 move roost\n>p2 move psychicfangs\n>p1 move roost\n>p2 move psychicfangs\n>p1 move roost\n>p2 switch 5\n>p1 move hurricane\n>p2 move waterfall\n>p1 move revelationdance\n>p2 move waterfall\n>p2 switch 5\n>p1 move hurricane\n>p2 move crunch\n>p1 move hurricane\n>p2 move crunch\n>p1 switch 5\n>p1 move auroraveil\n>p2 switch 2\n>p1 switch 4\n>p2 move bodyslam\n>p1 move shiftgear\n>p2 move coil\n>p1 switch 3\n>p2 move coil\n>p1 move calmmind\n>p2 move bodyslam\n>p1 move calmmind terastallize\n>p2 move bodyslam\n>p1 move dracometeor\n>p2 move bodyslam\n>p2 switch 4\n>forcelose p2", "uploadtime": 1716787143, "views": 203, "formatid": "gen9randombattle", "rating": 2231, "private": 0, "password": null}