{"id": "gen9randombattle-2260495763", "format": "[Gen 9] Random Battle", "players": ["plzlemmein", "Oofig"], "log": "|j|\u2606plzlemmein\n|j|\u2606Oofig\n|t:|1733857160\n|gametype|singles\n|player|p1|plzlemmein|waitress|1746\n|player|p2|Oofig|rancher|1743\n|teamsize|p1|6\n|teamsize|p2|6\n|gen|9\n|tier|[Gen 9] Random Battle\n|rated|\n|rule|Species Clause: Limit one of each Pok\u00e9mon\n|rule|HP Percentage Mod: HP is shown in percentages\n|rule|Sleep Clause Mod: Limit one foe put to sleep\n|rule|Illusion Level Mod: Illusion disguises the Pok\u00e9mon's true level\n|\n|t:|1733857160\n|start\n|switch|p1a: Delibird|Delibird, M|252/252\n|switch|p2a: Regigigas|Regigigas, L84|322/322\n|-start|p2a: Regigigas|ability: Slow Start\n|turn|1\n|inactive|Battle timer is ON: inactive players will automatically lose when time's up. (requested by Oofig)\n|inactive|plzlemmein also wants the timer to be on.\n|inactive|plzlemmein has 120 seconds left.\n|\n|t:|1733857194\n|move|p1a: Delibird|Brave Bird|p2a: Regigigas\n|-damage|p2a: Regigigas|177/322\n|-damage|p1a: Delibird|204/252|[from] Recoil\n|move|p2a: Regigigas|Substitute|p2a: Regigigas\n|-start|p2a: Regigigas|Substitute\n|-damage|p2a: Regigigas|97/322\n|\n|-heal|p2a: Regigigas|117/322|[from] item: Leftovers\n|upkeep\n|turn|2\n|\n|t:|1733857201\n|move|p2a: Regigigas|Protect|p2a: Regigigas\n|-singleturn|p2a: Regigigas|Protect\n|move|p1a: Delibird|Brave Bird|p2a: Regigigas\n|-activate|p2a: Regigigas|move: Protect\n|\n|-heal|p2a: Regigigas|137/322|[from] item: Leftovers\n|upkeep\n|turn|3\n|\n|t:|1733857207\n|move|p1a: Delibird|Brave Bird|p2a: Regigigas|[miss]\n|-miss|p1a: Delibird|p2a: Regigigas\n|move|p2a: Regigigas|Substitute|p2a: Regigigas\n|-fail|p2a: Regigigas|move: Substitute\n|\n|-heal|p2a: Regigigas|157/322|[from] item: Leftovers\n|upkeep\n|turn|4\n|\n|t:|1733857215\n|move|p2a: Regigigas|Protect|p2a: Regigigas\n|-singleturn|p2a: Regigigas|Protect\n|move|p1a: Delibird|Brave Bird|p2a: Regigigas\n|-activate|p2a: Regigigas|move: Protect\n|\n|-heal|p2a: Regigigas|177/322|[from] item: Leftovers\n|upkeep\n|turn|5\n|\n|t:|1733857217\n|move|p1a: Delibird|Brave Bird|p2a: Regigigas\n|-end|p2a: Regigigas|Substitute\n|-damage|p1a: Delibird|178/252|[from] Recoil|[of] p2a: Regigigas\n|move|p2a: Regigigas|Body Slam|p1a: Delibird\n|-damage|p1a: Delibird|87/252\n|\n|-heal|p2a: Regigigas|197/322|[from] item: Leftovers\n|-end|p2a: Regigigas|Slow Start\n|upkeep\n|turn|6\n|\n|t:|1733857225\n|move|p1a: Delibird|Ice Shard|p2a: Regigigas\n|-damage|p2a: Regigigas|149/322\n|move|p2a: Regigigas|Body Slam|p1a: Delibird\n|-damage|p1a: Delibird|0 fnt\n|faint|p1a: Delibird\n|\n|-heal|p2a: Regigigas|169/322|[from] item: Leftovers\n|upkeep\n|\n|t:|1733857235\n|switch|p1a: Rhyperior|Rhyperior, L82, F|323/323\n|turn|7\n|\n|t:|1733857241\n|move|p2a: Regigigas|Knock Off|p1a: Rhyperior\n|-damage|p1a: Rhyperior|242/323\n|-enditem|p1a: Rhyperior|Assault Vest|[from] move: Knock Off|[of] p2a: Regigigas\n|move|p1a: Rhyperior|Dragon Tail|p2a: Regigigas|[miss]\n|-miss|p1a: Rhyperior|p2a: Regigigas\n|\n|-heal|p2a: Regigigas|189/322|[from] item: Leftovers\n|upkeep\n|turn|8\n|\n|t:|1733857247\n|move|p2a: Regigigas|Body Slam|p1a: Rhyperior\n|-resisted|p1a: Rhyperior\n|-damage|p1a: Rhyperior|192/323\n|move|p1a: Rhyperior|Earthquake|p2a: Regigigas\n|-damage|p2a: Regigigas|84/322\n|\n|-heal|p2a: Regigigas|104/322|[from] item: Leftovers\n|upkeep\n|turn|9\n|\n|t:|1733857250\n|move|p2a: Regigigas|Body Slam|p1a: Rhyperior\n|-resisted|p1a: Rhyperior\n|-damage|p1a: Rhyperior|142/323\n|move|p1a: Rhyperior|Earthquake|p2a: Regigigas\n|-damage|p2a: Regigigas|0 fnt\n|faint|p2a: Regigigas\n|-end|p2a: Regigigas|Slow Start|[silent]\n|\n|upkeep\n|\n|t:|1733857260\n|switch|p2a: Spidops|Spidops, L96, F|271/271\n|turn|10\n|\n|t:|1733857266\n|move|p2a: Spidops|Sticky Web|p1a: Rhyperior\n|-sidestart|p1: plzlemmein|move: Sticky Web\n|move|p1a: Rhyperior|Stone Edge|p2a: Spidops\n|-supereffective|p2a: Spidops\n|-damage|p2a: Spidops|35/271\n|\n|upkeep\n|turn|11\n|\n|t:|1733857270\n|move|p2a: Spidops|Spikes|p1a: Rhyperior\n|-sidestart|p1: plzlemmein|Spikes\n|move|p1a: Rhyperior|Ice Punch|p2a: Spidops\n|-damage|p2a: Spidops|0 fnt\n|faint|p2a: Spidops\n|\n|upkeep\n|\n|t:|1733857274\n|switch|p2a: Munkidori|Munkidori, L79, M|269/269\n|turn|12\n|\n|t:|1733857280\n|move|p2a: Munkidori|Focus Blast|p1a: Rhyperior|[miss]\n|-miss|p2a: Munkidori|p1a: Rhyperior\n|move|p1a: Rhyperior|Earthquake|p2a: Munkidori\n|-supereffective|p2a: Munkidori\n|-damage|p2a: Munkidori|0 fnt\n|faint|p2a: Munkidori\n|\n|upkeep\n|-message|Oofig forfeited.\n|\n|win|plzlemmein\n|raw|plzlemmein's rating: 1766 &rarr; <strong>1785</strong><br />(+19 for winning)\n|raw|Oofig's rating: 1743 &rarr; <strong>1724</strong><br />(-19 for losing)\n|l|\u2606Oofig\n|player|p2|\n", "inputlog": ">version bfd83cad13791eb5a5a409923076391caf6fb4d4\n>start {\"formatid\":\"gen9randombattle\",\"seed\":[44733,505,35444,32859],\"rated\":\"Rated battle\"}\n>player p1 {\"name\":\"plzlemmein\",\"avatar\":\"waitress\",\"rating\":1746,\"seed\":[7549,50035,56247,23157]}\n>player p2 {\"name\":\"Oofig\",\"avatar\":\"rancher\",\"rating\":1743,\"seed\":[10327,26846,29032,43318]}\n>p1 move bravebird\n>p2 move substitute\n>p1 move bravebird\n>p2 move protect\n>p1 move bravebird\n>p2 move substitute\n>p1 move bravebird\n>p2 move protect\n>p1 move bravebird\n>p2 move bodyslam\n>p1 move iceshard\n>p2 move bodyslam\n>p1 switch 3\n>p1 move dragontail\n>p2 move knockoff\n>p1 move earthquake\n>p2 move bodyslam\n>p1 move earthquake\n>p2 move bodyslam\n>p2 switch 5\n>p1 move stoneedge\n>p2 move stickyweb\n>p1 move icepunch\n>p2 move spikes\n>p2 switch 2\n>p1 move earthquake\n>p2 move focusblast\n>forcelose p2", "uploadtime": 1733857287, "views": 1, "formatid": "gen9randombattle", "rating": 1724, "private": 0, "password": null}