{"id": "gen9randombattle-2252660824", "format": "[Gen 9] Random Battle", "players": ["Qiuescent", "Xeu le \u30a4\u30a8\u30f3\u30af\u30ea"], "log": "|j|\u203dQiuescent\n|j|\u2606Xeu le \u30a4\u30a8\u30f3\u30af\u30ea\n|t:|1732784735\n|gametype|singles\n|player|p1|Qiuescent|102|2269\n|player|p2|Xeu le \u30a4\u30a8\u30f3\u30af\u30ea|pokemonbreeder|2242\n|teamsize|p1|6\n|teamsize|p2|6\n|gen|9\n|tier|[Gen 9] Random Battle\n|rated|\n|rule|Species Clause: Limit one of each Pok\u00e9mon\n|rule|HP Percentage Mod: HP is shown in percentages\n|rule|Sleep Clause Mod: Limit one foe put to sleep\n|rule|Illusion Level Mod: Illusion disguises the Pok\u00e9mon's true level\n|\n|t:|1732784735\n|start\n|switch|p1a: Rabsca|Rabsca, L91, F|284/284\n|switch|p2a: Bellibolt|Bellibolt, L84, F|320/320\n|turn|1\n|inactive|Battle timer is ON: inactive players will automatically lose when time's up. (requested by Xeu le \u30a4\u30a8\u30f3\u30af\u30ea)\n|\n|t:|1732784760\n|switch|p2a: Toucannon|Toucannon, L88, F|284/284\n|move|p1a: Rabsca|Psychic|p2a: Toucannon\n|-damage|p2a: Toucannon|155/284\n|\n|upkeep\n|turn|2\n|\n|t:|1732784770\n|switch|p1a: Pelipper|Pelipper, L86, F|243/243\n|-weather|RainDance|[from] ability: Drizzle|[of] p1a: Pelipper\n|move|p2a: Toucannon|Roost|p2a: Toucannon\n|-heal|p2a: Toucannon|284/284\n|-singleturn|p2a: Toucannon|move: Roost\n|\n|-weather|RainDance|[upkeep]\n|upkeep\n|turn|3\n|\n|t:|1732784801\n|move|p1a: Pelipper|Weather Ball|p2a: Toucannon\n|-damage|p2a: Toucannon|14/284\n|move|p2a: Toucannon|Knock Off|p1a: Pelipper\n|-damage|p1a: Pelipper|164/243\n|-enditem|p1a: Pelipper|Choice Specs|[from] move: Knock Off|[of] p2a: Toucannon\n|\n|-weather|RainDance|[upkeep]\n|upkeep\n|turn|4\n|\n|t:|1732784810\n|switch|p2a: Latios|Latios, L78, M|253/253\n|move|p1a: Pelipper|Hurricane|p2a: Latios\n|-damage|p2a: Latios|144/253\n|\n|-weather|RainDance|[upkeep]\n|upkeep\n|turn|5\n|\n|t:|1732784817\n|move|p2a: Latios|Recover|p2a: Latios\n|-heal|p2a: Latios|253/253\n|move|p1a: Pelipper|U-turn|p2a: Latios\n|-supereffective|p2a: Latios\n|-damage|p2a: Latios|171/253\n|\n|t:|1732784817\n|switch|p1a: Camerupt|Camerupt, L91, M|275/275|[from] U-turn\n|\n|-weather|RainDance|[upkeep]\n|upkeep\n|turn|6\n|\n|t:|1732784829\n|move|p2a: Latios|Calm Mind|p2a: Latios\n|-boost|p2a: Latios|spa|1\n|-boost|p2a: Latios|spd|1\n|move|p1a: Camerupt|Stealth Rock|p2a: Latios\n|-sidestart|p2: Xeu le \u30a4\u30a8\u30f3\u30af\u30ea|move: Stealth Rock\n|\n|-weather|none\n|upkeep\n|turn|7\n|\n|t:|1732784842\n|move|p2a: Latios|Recover|p2a: Latios\n|-heal|p2a: Latios|253/253\n|move|p1a: Camerupt|Overheat|p2a: Latios\n|-resisted|p2a: Latios\n|-damage|p2a: Latios|202/253\n|-unboost|p1a: Camerupt|spa|2\n|\n|upkeep\n|turn|8\n|\n|t:|1732784845\n|switch|p1a: Dusknoir|Dusknoir, L89, F|225/225\n|-item|p2a: Latios|Soul Dew|[from] ability: Frisk|[of] p1a: Dusknoir\n|move|p2a: Latios|Calm Mind|p2a: Latios\n|-boost|p2a: Latios|spa|1\n|-boost|p2a: Latios|spd|1\n|\n|upkeep\n|turn|9\n|\n|t:|1732784851\n|switch|p1a: Camerupt|Camerupt, L91, M|275/275\n|move|p2a: Latios|Draco Meteor|p1a: Camerupt\n|-damage|p1a: Camerupt|0 fnt\n|-unboost|p2a: Latios|spa|2\n|faint|p1a: Camerupt\n|\n|upkeep\n|\n|t:|1732784853\n|switch|p1a: Dusknoir|Dusknoir, L89, F|225/225\n|-item|p2a: Latios|Soul Dew|[from] ability: Frisk|[of] p1a: Dusknoir\n|turn|10\n|\n|t:|1732784859\n|switch|p2a: Toucannon|Toucannon, L88, F|14/284\n|switch|p1a: Pelipper|Pelipper, L86, F|164/243\n|-weather|RainDance|[from] ability: Drizzle|[of] p1a: Pelipper\n|\n|-weather|RainDance|[upkeep]\n|upkeep\n|turn|11\n|\n|t:|1732784868\n|switch|p2a: Bellibolt|Bellibolt, L84, F|320/320\n|-damage|p2a: Bellibolt|280/320|[from] Stealth Rock\n|move|p1a: Pelipper|Hurricane|p2a: Bellibolt\n|-resisted|p2a: Bellibolt\n|-damage|p2a: Bellibolt|222/320\n|-start|p2a: Bellibolt|confusion\n|-start|p2a: Bellibolt|Charge|Hurricane|[from] ability: Electromorphosis\n|\n|-weather|RainDance|[upkeep]\n|-heal|p2a: Bellibolt|242/320|[from] item: Leftovers\n|upkeep\n|turn|12\n|\n|t:|1732784871\n|move|p1a: Pelipper|Hydro Pump|p2a: Bellibolt\n|-damage|p2a: Bellibolt|55/320\n|-start|p2a: Bellibolt|Charge|Hydro Pump|[from] ability: Electromorphosis\n|-activate|p2a: Bellibolt|confusion\n|move|p2a: Bellibolt|Slack Off|p2a: Bellibolt\n|-heal|p2a: Bellibolt|215/320\n|\n|-weather|RainDance|[upkeep]\n|-heal|p2a: Bellibolt|235/320|[from] item: Leftovers\n|upkeep\n|turn|13\n|\n|t:|1732784879\n|switch|p1a: Bellossom|Bellossom, L84, F|263/263\n|-activate|p2a: Bellibolt|confusion\n|-damage|p2a: Bellibolt|220/320|[from] confusion\n|-end|p2a: Bellibolt|Charge|[silent]\n|\n|-weather|RainDance|[upkeep]\n|-heal|p2a: Bellibolt|240/320|[from] item: Leftovers\n|upkeep\n|turn|14\n|\n|t:|1732784889\n|switch|p2a: Copperajah|Copperajah, L86, M|350/350\n|-damage|p2a: Copperajah|329/350|[from] Stealth Rock\n|move|p1a: Bellossom|Quiver Dance|p1a: Bellossom\n|-boost|p1a: Bellossom|spa|1\n|-boost|p1a: Bellossom|spd|1\n|-boost|p1a: Bellossom|spe|1\n|\n|-weather|none\n|upkeep\n|turn|15\n|\n|t:|1732784897\n|move|p1a: Bellossom|Strength Sap|p2a: Copperajah\n|-unboost|p2a: Copperajah|atk|1\n|move|p2a: Copperajah|Iron Head|p1a: Bellossom\n|-damage|p1a: Bellossom|141/263\n|\n|-heal|p1a: Bellossom|157/263|[from] item: Leftovers\n|upkeep\n|turn|16\n|\n|t:|1732784902\n|move|p1a: Bellossom|Quiver Dance|p1a: Bellossom\n|-boost|p1a: Bellossom|spa|1\n|-boost|p1a: Bellossom|spd|1\n|-boost|p1a: Bellossom|spe|1\n|move|p2a: Copperajah|Stealth Rock|p1a: Bellossom\n|-sidestart|p1: Qiuescent|move: Stealth Rock\n|\n|-heal|p1a: Bellossom|173/263|[from] item: Leftovers\n|upkeep\n|turn|17\n|\n|t:|1732784909\n|switch|p2a: Latios|Latios, L78, M|202/253\n|-damage|p2a: Latios|171/253|[from] Stealth Rock\n|move|p1a: Bellossom|Quiver Dance|p1a: Bellossom\n|-boost|p1a: Bellossom|spa|1\n|-boost|p1a: Bellossom|spd|1\n|-boost|p1a: Bellossom|spe|1\n|\n|-heal|p1a: Bellossom|189/263|[from] item: Leftovers\n|upkeep\n|turn|18\n|\n|t:|1732784919\n|move|p1a: Bellossom|Tera Blast|p2a: Latios\n|-damage|p2a: Latios|56/253\n|move|p2a: Latios|Psyshock|p1a: Bellossom\n|-damage|p1a: Bellossom|89/263\n|\n|-heal|p1a: Bellossom|105/263|[from] item: Leftovers\n|upkeep\n|turn|19\n|\n|t:|1732784929\n|move|p1a: Bellossom|Giga Drain|p2a: Latios\n|-resisted|p2a: Latios\n|-damage|p2a: Latios|0 fnt\n|-heal|p1a: Bellossom|133/263|[from] drain|[of] p2a: Latios\n|faint|p2a: Latios\n|\n|-heal|p1a: Bellossom|149/263|[from] item: Leftovers\n|upkeep\n|inactive|Xeu le \u30a4\u30a8\u30f3\u30af\u30ea has 120 seconds left.\n|\n|t:|1732784969\n|switch|p2a: Copperajah|Copperajah, L86, M|329/350\n|-damage|p2a: Copperajah|308/350|[from] Stealth Rock\n|turn|20\n|\n|t:|1732784973\n|move|p1a: Bellossom|Strength Sap|p2a: Copperajah\n|-unboost|p2a: Copperajah|atk|1\n|-heal|p1a: Bellossom|263/263\n|move|p2a: Copperajah|Iron Head|p1a: Bellossom\n|-damage|p1a: Bellossom|141/263\n|\n|-heal|p1a: Bellossom|157/263|[from] item: Leftovers\n|upkeep\n|turn|21\n|\n|t:|1732784980\n|move|p1a: Bellossom|Strength Sap|p2a: Copperajah\n|-unboost|p2a: Copperajah|atk|1\n|-heal|p1a: Bellossom|263/263\n|move|p2a: Copperajah|Iron Head|p1a: Bellossom\n|-damage|p1a: Bellossom|176/263\n|\n|-heal|p1a: Bellossom|192/263|[from] item: Leftovers\n|upkeep\n|turn|22\n|\n|t:|1732784988\n|switch|p2a: Toucannon|Toucannon, L88, F|14/284\n|move|p1a: Bellossom|Giga Drain|p2a: Toucannon\n|-resisted|p2a: Toucannon\n|-damage|p2a: Toucannon|0 fnt\n|-heal|p1a: Bellossom|199/263|[from] drain|[of] p2a: Toucannon\n|faint|p2a: Toucannon\n|\n|-heal|p1a: Bellossom|215/263|[from] item: Leftovers\n|upkeep\n|\n|t:|1732784990\n|switch|p2a: Copperajah|Copperajah, L86, M|308/350\n|-damage|p2a: Copperajah|287/350|[from] Stealth Rock\n|turn|23\n|\n|t:|1732784992\n|move|p1a: Bellossom|Strength Sap|p2a: Copperajah\n|-unboost|p2a: Copperajah|atk|1\n|-heal|p1a: Bellossom|263/263\n|move|p2a: Copperajah|Iron Head|p1a: Bellossom\n|-damage|p1a: Bellossom|138/263\n|\n|-heal|p1a: Bellossom|154/263|[from] item: Leftovers\n|upkeep\n|turn|24\n|\n|t:|1732784999\n|move|p1a: Bellossom|Giga Drain|p2a: Copperajah\n|-resisted|p2a: Copperajah\n|-damage|p2a: Copperajah|188/350\n|-heal|p1a: Bellossom|204/263|[from] drain|[of] p2a: Copperajah\n|move|p2a: Copperajah|Iron Head|p1a: Bellossom\n|-damage|p1a: Bellossom|79/263\n|\n|-heal|p1a: Bellossom|95/263|[from] item: Leftovers\n|upkeep\n|turn|25\n|\n|t:|1732785005\n|move|p1a: Bellossom|Strength Sap|p2a: Copperajah\n|-unboost|p2a: Copperajah|atk|1\n|-heal|p1a: Bellossom|263/263\n|move|p2a: Copperajah|Iron Head|p1a: Bellossom\n|-damage|p1a: Bellossom|168/263\n|\n|-heal|p1a: Bellossom|184/263|[from] item: Leftovers\n|upkeep\n|turn|26\n|\n|t:|1732785011\n|move|p1a: Bellossom|Giga Drain|p2a: Copperajah\n|-resisted|p2a: Copperajah\n|-damage|p2a: Copperajah|79/350\n|-heal|p1a: Bellossom|239/263|[from] drain|[of] p2a: Copperajah\n|move|p2a: Copperajah|Iron Head|p1a: Bellossom\n|-damage|p1a: Bellossom|144/263\n|\n|-heal|p1a: Bellossom|160/263|[from] item: Leftovers\n|upkeep\n|turn|27\n|\n|t:|1732785016\n|move|p1a: Bellossom|Giga Drain|p2a: Copperajah\n|-resisted|p2a: Copperajah\n|-damage|p2a: Copperajah|0 fnt\n|-heal|p1a: Bellossom|200/263|[from] drain|[of] p2a: Copperajah\n|faint|p2a: Copperajah\n|\n|-heal|p1a: Bellossom|216/263|[from] item: Leftovers\n|upkeep\n|\n|t:|1732785018\n|switch|p2a: Bellibolt|Bellibolt, L84, F|240/320\n|-damage|p2a: Bellibolt|200/320|[from] Stealth Rock\n|turn|28\n|\n|t:|1732785020\n|move|p1a: Bellossom|Giga Drain|p2a: Bellibolt\n|-damage|p2a: Bellibolt|4/320\n|-heal|p1a: Bellossom|263/263|[from] drain|[of] p2a: Bellibolt\n|-start|p2a: Bellibolt|Charge|Giga Drain|[from] ability: Electromorphosis\n|move|p2a: Bellibolt|Muddy Water|p1a: Bellossom\n|-resisted|p1a: Bellossom\n|-damage|p1a: Bellossom|250/263\n|-unboost|p1a: Bellossom|accuracy|1\n|\n|-heal|p1a: Bellossom|263/263|[from] item: Leftovers\n|-heal|p2a: Bellibolt|24/320|[from] item: Leftovers\n|upkeep\n|turn|29\n|\n|t:|1732785028\n|move|p1a: Bellossom|Quiver Dance|p1a: Bellossom\n|-boost|p1a: Bellossom|spa|1\n|-boost|p1a: Bellossom|spd|1\n|-boost|p1a: Bellossom|spe|1\n|move|p2a: Bellibolt|Muddy Water|p1a: Bellossom\n|-resisted|p1a: Bellossom\n|-damage|p1a: Bellossom|253/263\n|\n|-heal|p1a: Bellossom|263/263|[from] item: Leftovers\n|-heal|p2a: Bellibolt|44/320|[from] item: Leftovers\n|upkeep\n|turn|30\n|\n|t:|1732785034\n|move|p1a: Bellossom|Quiver Dance|p1a: Bellossom\n|-boost|p1a: Bellossom|spa|1\n|-boost|p1a: Bellossom|spd|1\n|-boost|p1a: Bellossom|spe|1\n|move|p2a: Bellibolt|Muddy Water|p1a: Bellossom\n|-resisted|p1a: Bellossom\n|-damage|p1a: Bellossom|254/263\n|\n|-heal|p1a: Bellossom|263/263|[from] item: Leftovers\n|-heal|p2a: Bellibolt|64/320|[from] item: Leftovers\n|upkeep\n|turn|31\n|\n|t:|1732785041\n|move|p1a: Bellossom|Giga Drain|p2a: Bellibolt\n|-damage|p2a: Bellibolt|0 fnt\n|faint|p2a: Bellibolt\n|\n|upkeep\n|\n|t:|1732785044\n|switch|p2a: Excadrill|Excadrill, L80, F|307/307\n|-damage|p2a: Excadrill|298/307|[from] Stealth Rock\n|-ability|p2a: Excadrill|Mold Breaker\n|turn|32\n|\n|t:|1732785046\n|move|p1a: Bellossom|Giga Drain|p2a: Excadrill\n|-damage|p2a: Excadrill|81/307\n|move|p2a: Excadrill|Iron Head|p1a: Bellossom\n|-damage|p1a: Bellossom|169/263\n|\n|-heal|p1a: Bellossom|185/263|[from] item: Leftovers\n|upkeep\n|turn|33\n|\n|t:|1732785049\n|move|p1a: Bellossom|Giga Drain|p2a: Excadrill\n|-damage|p2a: Excadrill|0 fnt\n|-heal|p1a: Bellossom|226/263|[from] drain|[of] p2a: Excadrill\n|faint|p2a: Excadrill\n|\n|-heal|p1a: Bellossom|242/263|[from] item: Leftovers\n|upkeep\n|\n|t:|1732785051\n|switch|p2a: Cloyster|Cloyster, L80, F|211/211\n|-damage|p2a: Cloyster|159/211|[from] Stealth Rock\n|turn|34\n|\n|t:|1732785053\n|move|p1a: Bellossom|Giga Drain|p2a: Cloyster\n|-supereffective|p2a: Cloyster\n|-damage|p2a: Cloyster|0 fnt\n|-heal|p1a: Bellossom|263/263|[from] drain|[of] p2a: Cloyster\n|faint|p2a: Cloyster\n|\n|win|Qiuescent\n|raw|Qiuescent's rating: 2269 &rarr; <strong>2287</strong><br />(+18 for winning)\n|raw|Xeu le \u30a4\u30a8\u30f3\u30af\u30ea's rating: 2242 &rarr; <strong>2224</strong><br />(-18 for losing)\n|l|\u2606Xeu le \u30a4\u30a8\u30f3\u30af\u30ea\n|player|p2|\n", "inputlog": ">version b107d77f5c90bd6555267ae244a6264823309ead\n>start {\"formatid\":\"gen9randombattle\",\"seed\":[10348,37599,40672,41030],\"rated\":\"Rated battle\"}\n>player p1 {\"name\":\"Qiuescent\",\"avatar\":\"102\",\"rating\":2269,\"seed\":[20799,61402,19209,21220]}\n>player p2 {\"name\":\"Xeu le \u30a4\u30a8\u30f3\u30af\u30ea\",\"avatar\":\"pokemonbreeder\",\"rating\":2242,\"seed\":[28497,21587,6032,61450]}\n>p1 move psychic\n>p2 switch 2\n>p1 switch 6\n>p2 move roost\n>p1 move weatherball\n>p2 move knockoff\n>p1 move hurricane\n>p2 switch 4\n>p1 move uturn\n>p2 move recover\n>p1 switch 5\n>p1 move stealthrock\n>p2 move calmmind\n>p1 move overheat\n>p2 move recover\n>p1 switch 2\n>p2 move calmmind\n>p1 switch 2\n>p2 move dracometeor\n>p1 switch 2\n>p1 switch 5\n>p2 switch 4\n>p1 move hurricane\n>p2 switch 2\n>p1 move hydropump\n>p2 move slackoff\n>p1 switch 3\n>p2 move voltswitch\n>p1 move quiverdance\n>p2 switch 5\n>p1 move strengthsap\n>p2 move ironhead\n>p1 move quiverdance\n>p2 move stealthrock\n>p1 move quiverdance\n>p2 switch 4\n>p1 move terablast\n>p2 move psyshock\n>p1 move gigadrain\n>p2 move recover\n>p2 switch 4\n>p1 move strengthsap\n>p2 move ironhead\n>p1 move strengthsap\n>p2 move ironhead\n>p1 move gigadrain\n>p2 switch 2\n>p2 switch 2\n>p1 move strengthsap\n>p2 move ironhead\n>p1 move gigadrain\n>p2 move ironhead\n>p1 move strengthsap\n>p2 move ironhead\n>p1 move gigadrain\n>p2 move ironhead\n>p1 move gigadrain\n>p2 move ironhead\n>p2 switch 5\n>p1 move gigadrain\n>p2 move muddywater\n>p1 move quiverdance\n>p2 move muddywater\n>p1 move quiverdance\n>p2 move muddywater\n>p1 move gigadrain\n>p2 move muddywater\n>p2 switch 6\n>p1 move gigadrain\n>p2 move ironhead\n>p1 move gigadrain\n>p2 move ironhead\n>p2 switch 3\n>p1 move gigadrain\n>p2 move iciclespear", "uploadtime": 1732785090, "views": 16, "formatid": "gen9randombattle", "rating": 2224, "private": 0, "password": null}