{"id": "gen9randombattle-2260796870", "format": "[Gen 9] Random Battle", "players": ["datbigbootyguy", "Audinoenjoyer"], "log": "|j|\u2606datbigbootyguy\n|j|\u2606Audinoenjoyer\n|t:|1733893645\n|gametype|singles\n|player|p1|datbigbootyguy|169|\n|player|p2|Audinoenjoyer|2|\n|teamsize|p1|6\n|teamsize|p2|6\n|gen|9\n|tier|[Gen 9] Random Battle\n|rule|Species Clause: Limit one of each Pok\u00e9mon\n|rule|HP Percentage Mod: HP is shown in percentages\n|rule|Sleep Clause Mod: Limit one foe put to sleep\n|rule|Illusion Level Mod: Illusion disguises the Pok\u00e9mon's true level\n|\n|t:|1733893645\n|start\n|switch|p1a: Comfey|Comfey, L85, M|225/225\n|switch|p2a: Pincurchin|Pincurchin, F|258/258\n|-fieldstart|move: Electric Terrain|[from] ability: Electric Surge|[of] p2a: Pincurchin\n|turn|1\n|\n|t:|1733893658\n|move|p1a: Comfey|Calm Mind|p1a: Comfey\n|-boost|p1a: Comfey|spa|1\n|-boost|p1a: Comfey|spd|1\n|move|p2a: Pincurchin|Toxic Spikes|p1a: Comfey\n|-sidestart|p1: datbigbootyguy|move: Toxic Spikes\n|\n|upkeep\n|turn|2\n|inactive|Battle timer is ON: inactive players will automatically lose when time's up. (requested by datbigbootyguy)\n|\n|t:|1733893678\n|move|p1a: Comfey|Calm Mind|p1a: Comfey\n|-boost|p1a: Comfey|spa|1\n|-boost|p1a: Comfey|spd|1\n|move|p2a: Pincurchin|Thunderbolt|p1a: Comfey\n|-damage|p1a: Comfey|153/225\n|\n|-heal|p1a: Comfey|167/225|[from] item: Leftovers\n|upkeep\n|turn|3\n|j| ChadJA\n|\n|t:|1733893688\n|move|p1a: Comfey|Calm Mind|p1a: Comfey\n|-boost|p1a: Comfey|spa|1\n|-boost|p1a: Comfey|spd|1\n|move|p2a: Pincurchin|Thunderbolt|p1a: Comfey\n|-damage|p1a: Comfey|106/225\n|\n|-heal|p1a: Comfey|120/225|[from] item: Leftovers\n|upkeep\n|turn|4\n|\n|t:|1733893697\n|move|p1a: Comfey|Calm Mind|p1a: Comfey\n|-boost|p1a: Comfey|spa|1\n|-boost|p1a: Comfey|spd|1\n|move|p2a: Pincurchin|Thunderbolt|p1a: Comfey\n|-damage|p1a: Comfey|74/225\n|\n|-heal|p1a: Comfey|88/225|[from] item: Leftovers\n|upkeep\n|turn|5\n|\n|t:|1733893705\n|move|p1a: Comfey|Draining Kiss|p2a: Pincurchin\n|-crit|p2a: Pincurchin\n|-damage|p2a: Pincurchin|74/258\n|-heal|p1a: Comfey|225/225|[from] drain|[of] p2a: Pincurchin\n|move|p2a: Pincurchin|Thunderbolt|p1a: Comfey\n|-damage|p1a: Comfey|179/225\n|\n|-heal|p1a: Comfey|193/225|[from] item: Leftovers\n|-heal|p2a: Pincurchin|90/258|[from] item: Leftovers\n|-fieldend|move: Electric Terrain\n|upkeep\n|turn|6\n|\n|t:|1733893717\n|move|p1a: Comfey|Draining Kiss|p2a: Pincurchin\n|-damage|p2a: Pincurchin|0 fnt\n|-heal|p1a: Comfey|225/225|[from] drain|[of] p2a: Pincurchin\n|faint|p2a: Pincurchin\n|\n|upkeep\n|\n|t:|1733893727\n|switch|p2a: Glaceon|Glaceon, L94, F|275/275\n|turn|7\n|\n|t:|1733893733\n|-terastallize|p1a: Comfey|Steel\n|move|p1a: Comfey|Stored Power|p2a: Glaceon\n|-damage|p2a: Glaceon|0 fnt\n|faint|p2a: Glaceon\n|\n|upkeep\n|\n|t:|1733893746\n|switch|p2a: Iron Hands|Iron Hands, L79|373/373\n|turn|8\n|\n|t:|1733893757\n|-terastallize|p2a: Iron Hands|Flying\n|move|p1a: Comfey|Draining Kiss|p2a: Iron Hands\n|-damage|p2a: Iron Hands|199/373\n|move|p2a: Iron Hands|Drain Punch|p1a: Comfey\n|-supereffective|p1a: Comfey\n|-damage|p1a: Comfey|37/225\n|-heal|p2a: Iron Hands|293/373|[from] drain|[of] p1a: Comfey\n|\n|-heal|p1a: Comfey|51/225|[from] item: Leftovers\n|-heal|p2a: Iron Hands|316/373|[from] item: Leftovers\n|upkeep\n|turn|9\n|\n|t:|1733893772\n|move|p1a: Comfey|Stored Power|p2a: Iron Hands\n|-damage|p2a: Iron Hands|0 fnt\n|faint|p2a: Iron Hands\n|-end|p2a: Iron Hands|Quark Drive|[silent]\n|\n|-heal|p1a: Comfey|65/225|[from] item: Leftovers\n|upkeep\n|\n|t:|1733893782\n|switch|p2a: Dunsparce|Dunsparce, L86, F|312/312\n|turn|10\n|\n|t:|1733893789\n|move|p1a: Comfey|Draining Kiss|p2a: Dunsparce\n|-damage|p2a: Dunsparce|194/312\n|-heal|p1a: Comfey|154/225|[from] drain|[of] p2a: Dunsparce\n|move|p2a: Dunsparce|Body Slam|p1a: Comfey\n|-resisted|p1a: Comfey\n|-damage|p1a: Comfey|118/225\n|-status|p1a: Comfey|par\n|\n|-heal|p1a: Comfey|132/225 par|[from] item: Leftovers\n|upkeep\n|turn|11\n|\n|t:|1733893800\n|move|p1a: Comfey|Draining Kiss|p2a: Dunsparce\n|-damage|p2a: Dunsparce|73/312\n|-heal|p1a: Comfey|223/225 par|[from] drain|[of] p2a: Dunsparce\n|move|p2a: Dunsparce|Earthquake|p1a: Comfey\n|-supereffective|p1a: Comfey\n|-damage|p1a: Comfey|103/225 par\n|\n|-heal|p1a: Comfey|117/225 par|[from] item: Leftovers\n|upkeep\n|turn|12\n|\n|t:|1733893811\n|cant|p1a: Comfey|par\n|move|p2a: Dunsparce|Earthquake|p1a: Comfey\n|-supereffective|p1a: Comfey\n|-damage|p1a: Comfey|3/225 par\n|\n|-heal|p1a: Comfey|17/225 par|[from] item: Leftovers\n|upkeep\n|turn|13\n|\n|t:|1733893820\n|cant|p1a: Comfey|par\n|move|p2a: Dunsparce|Earthquake|p1a: Comfey\n|-supereffective|p1a: Comfey\n|-damage|p1a: Comfey|0 fnt\n|faint|p1a: Comfey\n|\n|upkeep\n|\n|t:|1733893845\n|switch|p1a: Archaludon|Archaludon, L78, F|268/268\n|turn|14\n|\n|t:|1733893855\n|move|p1a: Archaludon|Iron Head|p2a: Dunsparce\n|-damage|p2a: Dunsparce|13/312\n|move|p2a: Dunsparce|Roost|p2a: Dunsparce\n|-heal|p2a: Dunsparce|169/312\n|-singleturn|p2a: Dunsparce|move: Roost\n|\n|upkeep\n|turn|15\n|\n|t:|1733893863\n|move|p1a: Archaludon|Swords Dance|p1a: Archaludon\n|-boost|p1a: Archaludon|atk|2\n|move|p2a: Dunsparce|Coil|p2a: Dunsparce\n|-boost|p2a: Dunsparce|atk|1\n|-boost|p2a: Dunsparce|def|1\n|-boost|p2a: Dunsparce|accuracy|1\n|\n|upkeep\n|turn|16\n|\n|t:|1733893870\n|move|p1a: Archaludon|Swords Dance|p1a: Archaludon\n|-boost|p1a: Archaludon|atk|2\n|move|p2a: Dunsparce|Coil|p2a: Dunsparce\n|-boost|p2a: Dunsparce|atk|1\n|-boost|p2a: Dunsparce|def|1\n|-boost|p2a: Dunsparce|accuracy|1\n|\n|upkeep\n|turn|17\n|\n|t:|1733893878\n|move|p1a: Archaludon|Outrage|p2a: Dunsparce\n|-crit|p2a: Dunsparce\n|-damage|p2a: Dunsparce|0 fnt\n|faint|p2a: Dunsparce\n|\n|upkeep\n|\n|t:|1733893893\n|switch|p2a: Palkia|Palkia, L75|259/259\n|-ability|p2a: Palkia|Pressure\n|turn|18\n|\n|t:|1733893897\n|move|p2a: Palkia|Thunder Wave|p1a: Archaludon\n|-status|p1a: Archaludon|par\n|-enditem|p1a: Archaludon|Lum Berry|[eat]\n|-curestatus|p1a: Archaludon|par|[msg]\n|move|p1a: Archaludon|Outrage|p2a: Palkia|[from]lockedmove\n|-supereffective|p2a: Palkia\n|-damage|p2a: Palkia|0 fnt\n|faint|p2a: Palkia\n|-start|p1a: Archaludon|confusion|[fatigue]\n|\n|upkeep\n|-message|Audinoenjoyer forfeited.\n|\n|win|datbigbootyguy\n|l|\u2606Audinoenjoyer\n|player|p2|\n", "inputlog": ">version bfd83cad13791eb5a5a409923076391caf6fb4d4\n>start {\"formatid\":\"gen9randombattle\",\"seed\":[8234,22875,9004,39536]}\n>player p1 {\"name\":\"datbigbootyguy\",\"avatar\":\"169\",\"rating\":0,\"seed\":[12710,20869,3022,58592]}\n>player p2 {\"name\":\"Audinoenjoyer\",\"avatar\":\"2\",\"rating\":0,\"seed\":[52993,51609,9948,64396]}\n>p1 move calmmind\n>p2 move toxicspikes\n>p1 move calmmind\n>p2 move thunderbolt\n>p1 move calmmind\n>p2 move thunderbolt\n>p1 move calmmind\n>p2 move thunderbolt\n>p1 move drainingkiss\n>p2 move thunderbolt\n>p1 move drainingkiss\n>p2 move thunderbolt\n>p2 switch 5\n>p1 move storedpower terastallize\n>p2 move freezedry\n>p2 switch 3\n>p1 move drainingkiss\n>p2 move drainpunch terastallize\n>p1 move storedpower\n>p2 move drainpunch\n>p2 switch 6\n>p1 move drainingkiss\n>p2 move bodyslam\n>p1 move drainingkiss\n>p2 move earthquake\n>p1 move drainingkiss\n>p2 move earthquake\n>p1 move drainingkiss\n>p2 move earthquake\n>p1 switch 4\n>p1 move ironhead\n>p2 move roost\n>p1 move swordsdance\n>p2 move coil\n>p1 move swordsdance\n>p2 move coil\n>p1 move outrage\n>p2 move roost\n>p2 switch 4\n>p1 move outrage\n>p2 move thunderwave\n>forcelose p2", "uploadtime": 1733893923, "views": 2, "formatid": "gen9randombattle", "rating": null, "private": 0, "password": null}