{"id": "gen9randombattle-2260316809", "format": "[Gen 9] Random Battle", "players": ["culpte0327c", "cinturoneala"], "log": "|j|\u2606culpte0327c\n|j|\u2606cinturoneala\n|t:|1733839108\n|gametype|singles\n|player|p1|culpte0327c|ethan|1000\n|player|p2|cinturoneala|swimmerf|1000\n|teamsize|p1|6\n|teamsize|p2|6\n|gen|9\n|tier|[Gen 9] Random Battle\n|rated|\n|rule|Species Clause: Limit one of each Pok\u00e9mon\n|rule|HP Percentage Mod: HP is shown in percentages\n|rule|Sleep Clause Mod: Limit one foe put to sleep\n|rule|Illusion Level Mod: Illusion disguises the Pok\u00e9mon's true level\n|\n|t:|1733839108\n|start\n|switch|p1a: Cramorant|Cramorant, L86, F|261/261\n|switch|p2a: Urshifu|Urshifu, L74, F|270/270\n|turn|1\n|inactive|Battle timer is ON: inactive players will automatically lose when time's up. (requested by culpte0327c)\n|inactive|cinturoneala has 120 seconds left.\n|\n|t:|1733839142\n|switch|p2a: Staraptor|Staraptor, L79, F|263/263\n|move|p1a: Cramorant|Brave Bird|p2a: Staraptor\n|-damage|p2a: Staraptor|115/263\n|-damage|p1a: Cramorant|212/261|[from] Recoil\n|\n|upkeep\n|turn|2\n|\n|t:|1733839157\n|switch|p1a: Klefki|Klefki, L84, F|233/233\n|move|p2a: Staraptor|Double-Edge|p1a: Klefki\n|-resisted|p1a: Klefki\n|-damage|p1a: Klefki|123/233\n|-damage|p2a: Staraptor|79/263|[from] Recoil\n|\n|-heal|p1a: Klefki|137/233|[from] item: Leftovers\n|upkeep\n|turn|3\n|\n|t:|1733839164\n|switch|p2a: Great Tusk|Great Tusk, L77|304/304\n|move|p1a: Klefki|Thunder Wave|p2a: Great Tusk\n|-immune|p2a: Great Tusk\n|\n|-heal|p1a: Klefki|151/233|[from] item: Leftovers\n|upkeep\n|turn|4\n|\n|t:|1733839171\n|switch|p1a: Cramorant|Cramorant, L86, F|212/261\n|move|p2a: Great Tusk|Bulk Up|p2a: Great Tusk\n|-boost|p2a: Great Tusk|atk|1\n|-boost|p2a: Great Tusk|def|1\n|\n|upkeep\n|turn|5\n|\n|t:|1733839185\n|-end|p2a: Great Tusk|Protosynthesis|[silent]\n|switch|p2a: Farigiraf|Farigiraf, L91, M|366/366\n|move|p1a: Cramorant|Surf|p2a: Farigiraf\n|-formechange|p1a: Cramorant|Cramorant-Gulping|\n|-damage|p2a: Farigiraf|260/366\n|\n|-heal|p2a: Farigiraf|282/366|[from] item: Leftovers\n|upkeep\n|turn|6\n|\n|t:|1733839196\n|switch|p1a: Shiftry|Shiftry, L89, F|305/305\n|move|p2a: Farigiraf|Psychic Noise|p1a: Shiftry\n|-immune|p1a: Shiftry\n|\n|-heal|p2a: Farigiraf|304/366|[from] item: Leftovers\n|upkeep\n|turn|7\n|\n|t:|1733839204\n|switch|p2a: Weezing|Weezing, L88, F|258/258\n|move|p1a: Shiftry|Knock Off|p2a: Weezing\n|-damage|p2a: Weezing|141/258\n|-enditem|p2a: Weezing|Leftovers|[from] move: Knock Off|[of] p1a: Shiftry\n|-damage|p1a: Shiftry|275/305|[from] item: Life Orb\n|\n|upkeep\n|turn|8\n|\n|t:|1733839226\n|switch|p1a: Bellibolt|Bellibolt, L84, F|320/320\n|move|p2a: Weezing|Pain Split|p1a: Bellibolt\n|-sethp|p1a: Bellibolt|230/320|[from] move: Pain Split|[silent]\n|-sethp|p2a: Weezing|230/258|[from] move: Pain Split\n|\n|-heal|p1a: Bellibolt|250/320|[from] item: Leftovers\n|upkeep\n|turn|9\n|\n|t:|1733839239\n|move|p2a: Weezing|Toxic Spikes|p1a: Bellibolt\n|-sidestart|p1: culpte0327c|move: Toxic Spikes\n|move|p1a: Bellibolt|Muddy Water|p2a: Weezing|[miss]\n|-miss|p1a: Bellibolt|p2a: Weezing\n|\n|-heal|p1a: Bellibolt|270/320|[from] item: Leftovers\n|upkeep\n|turn|10\n|\n|t:|1733839258\n|move|p2a: Weezing|Toxic Spikes|p1a: Bellibolt\n|-sidestart|p1: culpte0327c|move: Toxic Spikes\n|move|p1a: Bellibolt|Volt Switch|p2a: Weezing\n|-damage|p2a: Weezing|139/258\n|\n|t:|1733839260\n|switch|p1a: Cramorant|Cramorant, L86, F|212/261|[from] Volt Switch\n|\n|upkeep\n|turn|11\n|\n|t:|1733839267\n|move|p1a: Cramorant|Defog|p2a: Weezing\n|-unboost|p2a: Weezing|evasion|1\n|-sideend|p1: culpte0327c|Toxic Spikes|[from] move: Defog|[of] p1a: Cramorant\n|move|p2a: Weezing|Gunk Shot|p1a: Cramorant\n|-crit|p1a: Cramorant\n|-damage|p1a: Cramorant|0 fnt\n|faint|p1a: Cramorant\n|\n|upkeep\n|\n|t:|1733839275\n|switch|p1a: Rabsca|Rabsca, L91, F|284/284\n|turn|12\n|\n|t:|1733839279\n|move|p2a: Weezing|Fire Blast|p1a: Rabsca\n|-supereffective|p1a: Rabsca\n|-damage|p1a: Rabsca|146/284\n|move|p1a: Rabsca|Revival Blessing|p1a: Rabsca\n|\n|t:|1733839286\n|-heal|p1: Cramorant|130/261|[from] move: Revival Blessing\n|\n|upkeep\n|turn|13\n|\n|t:|1733839293\n|switch|p2a: Urshifu|Urshifu, L74, F|270/270\n|switch|p1a: Bellibolt|Bellibolt, L84, F|270/320\n|\n|-heal|p1a: Bellibolt|290/320|[from] item: Leftovers\n|upkeep\n|turn|14\n|\n|t:|1733839300\n|move|p2a: Urshifu|Wicked Blow|p1a: Bellibolt\n|-crit|p1a: Bellibolt\n|-damage|p1a: Bellibolt|124/320\n|-start|p1a: Bellibolt|Charge|Wicked Blow|[from] ability: Electromorphosis\n|move|p1a: Bellibolt|Volt Switch|p2a: Urshifu\n|-damage|p2a: Urshifu|59/270\n|-end|p1a: Bellibolt|Charge|[silent]\n|\n|t:|1733839305\n|switch|p1a: Cramorant|Cramorant, L86, F|130/261|[from] Volt Switch\n|\n|upkeep\n|turn|15\n|\n|t:|1733839314\n|switch|p2a: Farigiraf|Farigiraf, L91, M|304/366\n|move|p1a: Cramorant|Surf|p2a: Farigiraf\n|-formechange|p1a: Cramorant|Cramorant-Gorging|\n|-damage|p2a: Farigiraf|198/366\n|\n|-heal|p2a: Farigiraf|220/366|[from] item: Leftovers\n|upkeep\n|turn|16\n|\n|t:|1733839333\n|move|p1a: Cramorant|Roost|p1a: Cramorant\n|-heal|p1a: Cramorant|261/261\n|-singleturn|p1a: Cramorant|move: Roost\n|move|p2a: Farigiraf|Wish|p2a: Farigiraf\n|\n|-heal|p2a: Farigiraf|242/366|[from] item: Leftovers\n|upkeep\n|turn|17\n|\n|t:|1733839358\n|move|p1a: Cramorant|Surf|p2a: Farigiraf\n|-damage|p2a: Farigiraf|148/366\n|move|p2a: Farigiraf|Psychic Noise|p1a: Cramorant\n|-damage|p1a: Cramorant|159/261\n|-start|p1a: Cramorant|move: Heal Block\n|-damage|p2a: Farigiraf|57/366|[from] ability: Gulp Missile|[of] p1a: Cramorant\n|-status|p2a: Farigiraf|par\n|-formechange|p1a: Cramorant|Cramorant|\n|\n|-heal|p2a: Farigiraf|240/366 par|[from] move: Wish|[wisher] Farigiraf\n|-heal|p2a: Farigiraf|262/366 par|[from] item: Leftovers\n|upkeep\n|turn|18\n|\n|t:|1733839365\n|switch|p1a: Shiftry|Shiftry, L89, F|275/305\n|cant|p2a: Farigiraf|par\n|\n|-heal|p2a: Farigiraf|284/366 par|[from] item: Leftovers\n|upkeep\n|turn|19\n|\n|t:|1733839391\n|switch|p1a: Bellibolt|Bellibolt, L84, F|124/320\n|switch|p2a: Weezing|Weezing, L88, F|139/258\n|\n|-heal|p1a: Bellibolt|144/320|[from] item: Leftovers\n|upkeep\n|turn|20\n|\n|t:|1733839396\n|move|p2a: Weezing|Gunk Shot|p1a: Bellibolt\n|-damage|p1a: Bellibolt|6/320\n|-status|p1a: Bellibolt|psn\n|-start|p1a: Bellibolt|Charge|Gunk Shot|[from] ability: Electromorphosis\n|move|p1a: Bellibolt|Slack Off|p1a: Bellibolt\n|-heal|p1a: Bellibolt|166/320 psn\n|\n|-heal|p1a: Bellibolt|186/320 psn|[from] item: Leftovers\n|-damage|p1a: Bellibolt|146/320 psn|[from] psn\n|upkeep\n|turn|21\n|\n|t:|1733839414\n|switch|p2a: Sceptile|Sceptile, L87, F|264/264\n|move|p1a: Bellibolt|Thunderbolt|p2a: Sceptile\n|-resisted|p2a: Sceptile\n|-damage|p2a: Sceptile|160/264\n|-end|p1a: Bellibolt|Charge|[silent]\n|\n|-heal|p1a: Bellibolt|166/320 psn|[from] item: Leftovers\n|-damage|p1a: Bellibolt|126/320 psn|[from] psn\n|upkeep\n|turn|22\n|\n|t:|1733839420\n|move|p2a: Sceptile|Swords Dance|p2a: Sceptile\n|-boost|p2a: Sceptile|atk|2\n|move|p1a: Bellibolt|Volt Switch|p2a: Sceptile\n|-resisted|p2a: Sceptile\n|-damage|p2a: Sceptile|121/264\n|\n|t:|1733839427\n|switch|p1a: Klefki|Klefki, L84, F|151/233|[from] Volt Switch\n|\n|-heal|p1a: Klefki|165/233|[from] item: Leftovers\n|upkeep\n|turn|23\n|\n|t:|1733839432\n|move|p1a: Klefki|Thunder Wave|p2a: Sceptile\n|-status|p2a: Sceptile|par\n|move|p2a: Sceptile|Earthquake|p1a: Klefki\n|-supereffective|p1a: Klefki\n|-damage|p1a: Klefki|0 fnt\n|faint|p1a: Klefki\n|-damage|p2a: Sceptile|95/264 par|[from] item: Life Orb\n|\n|upkeep\n|\n|t:|1733839440\n|switch|p1a: Cramorant|Cramorant, L86, F|159/261\n|turn|24\n|\n|t:|1733839451\n|switch|p2a: Farigiraf|Farigiraf, L91, M|284/366 par\n|move|p1a: Cramorant|Brave Bird|p2a: Farigiraf\n|-damage|p2a: Farigiraf|140/366 par\n|-damage|p1a: Cramorant|111/261|[from] Recoil\n|\n|-heal|p2a: Farigiraf|162/366 par|[from] item: Leftovers\n|upkeep\n|turn|25\n|\n|t:|1733839468\n|switch|p1a: Shiftry|Shiftry, L89, F|275/305\n|move|p2a: Farigiraf|Wish|p2a: Farigiraf\n|\n|-heal|p2a: Farigiraf|184/366 par|[from] item: Leftovers\n|upkeep\n|turn|26\n|\n|t:|1733839478\n|switch|p2a: Sceptile|Sceptile, L87, F|95/264 par\n|move|p1a: Shiftry|Swords Dance|p1a: Shiftry\n|-boost|p1a: Shiftry|atk|2\n|\n|-heal|p2a: Sceptile|264/264 par|[from] move: Wish|[wisher] Farigiraf\n|upkeep\n|turn|27\n|\n|t:|1733839497\n|switch|p2a: Urshifu|Urshifu, L74, F|59/270\n|move|p1a: Shiftry|Knock Off|p2a: Urshifu\n|-resisted|p2a: Urshifu\n|-damage|p2a: Urshifu|0 fnt\n|-enditem|p2a: Urshifu|Choice Band|[from] move: Knock Off|[of] p1a: Shiftry\n|faint|p2a: Urshifu\n|-damage|p1a: Shiftry|245/305|[from] item: Life Orb\n|\n|upkeep\n|\n|t:|1733839501\n|switch|p2a: Staraptor|Staraptor, L79, F|79/263\n|turn|28\n|\n|t:|1733839508\n|move|p2a: Staraptor|Quick Attack|p1a: Shiftry\n|-damage|p1a: Shiftry|166/305\n|move|p1a: Shiftry|Sucker Punch||[still]\n|-fail|p1a: Shiftry\n|\n|upkeep\n|turn|29\n|\n|t:|1733839514\n|move|p2a: Staraptor|Quick Attack|p1a: Shiftry\n|-damage|p1a: Shiftry|78/305\n|move|p1a: Shiftry|Knock Off|p2a: Staraptor\n|-crit|p2a: Staraptor\n|-damage|p2a: Staraptor|0 fnt\n|-enditem|p2a: Staraptor|Choice Band|[from] move: Knock Off|[of] p1a: Shiftry\n|faint|p2a: Staraptor\n|-damage|p1a: Shiftry|48/305|[from] item: Life Orb\n|\n|upkeep\n|\n|t:|1733839525\n|switch|p2a: Weezing|Weezing, L88, F|139/258\n|turn|30\n|\n|t:|1733839546\n|switch|p1a: Bellibolt|Bellibolt, L84, F|126/320 psn\n|move|p2a: Weezing|Toxic Spikes|p1a: Bellibolt\n|-sidestart|p1: culpte0327c|move: Toxic Spikes\n|\n|-heal|p1a: Bellibolt|146/320 psn|[from] item: Leftovers\n|-damage|p1a: Bellibolt|106/320 psn|[from] psn\n|upkeep\n|turn|31\n|\n|t:|1733839551\n|move|p2a: Weezing|Gunk Shot|p1a: Bellibolt\n|-damage|p1a: Bellibolt|0 fnt\n|faint|p1a: Bellibolt\n|\n|upkeep\n|\n|t:|1733839575\n|switch|p1a: Rabsca|Rabsca, L91, F|146/284\n|turn|32\n|\n|t:|1733839580\n|move|p2a: Weezing|Fire Blast|p1a: Rabsca\n|-supereffective|p1a: Rabsca\n|-crit|p1a: Rabsca\n|-damage|p1a: Rabsca|0 fnt\n|faint|p1a: Rabsca\n|\n|upkeep\n|\n|t:|1733839585\n|switch|p1a: Cramorant|Cramorant, L86, F|111/261\n|turn|33\n|\n|t:|1733839590\n|-terastallize|p1a: Cramorant|Ground\n|move|p1a: Cramorant|Surf|p2a: Weezing\n|-formechange|p1a: Cramorant|Cramorant-Gorging|\n|-damage|p2a: Weezing|27/258\n|move|p2a: Weezing|Gunk Shot|p1a: Cramorant\n|-resisted|p1a: Cramorant\n|-damage|p1a: Cramorant|19/261\n|-damage|p2a: Weezing|0 fnt|[from] ability: Gulp Missile|[of] p1a: Cramorant\n|-formechange|p1a: Cramorant|Cramorant|\n|faint|p2a: Weezing\n|\n|upkeep\n|\n|t:|1733839602\n|switch|p2a: Farigiraf|Farigiraf, L91, M|184/366 par\n|turn|34\n|\n|t:|1733839606\n|move|p1a: Cramorant|Roost|p1a: Cramorant\n|-heal|p1a: Cramorant|150/261\n|move|p2a: Farigiraf|Body Slam|p1a: Cramorant\n|-damage|p1a: Cramorant|21/261\n|\n|-heal|p2a: Farigiraf|206/366 par|[from] item: Leftovers\n|upkeep\n|turn|35\n|\n|t:|1733839611\n|switch|p1a: Diancie|Diancie, L82|216/216\n|-status|p1a: Diancie|psn\n|move|p2a: Farigiraf|Psychic Noise|p1a: Diancie\n|-damage|p1a: Diancie|168/216 psn\n|-start|p1a: Diancie|move: Heal Block\n|\n|-heal|p2a: Farigiraf|228/366 par|[from] item: Leftovers\n|-damage|p1a: Diancie|141/216 psn|[from] psn\n|upkeep\n|turn|36\n|\n|t:|1733839622\n|move|p1a: Diancie|Body Press|p2a: Farigiraf\n|-damage|p2a: Farigiraf|140/366 par\n|cant|p2a: Farigiraf|par\n|\n|-heal|p2a: Farigiraf|162/366 par|[from] item: Leftovers\n|-damage|p1a: Diancie|114/216 psn|[from] psn\n|-end|p1a: Diancie|move: Heal Block\n|upkeep\n|turn|37\n|\n|t:|1733839630\n|switch|p2a: Sceptile|Sceptile, L87, F|264/264 par\n|move|p1a: Diancie|Diamond Storm|p2a: Sceptile\n|-damage|p2a: Sceptile|138/264 par\n|\n|-damage|p1a: Diancie|87/216 psn|[from] psn\n|upkeep\n|turn|38\n|\n|t:|1733839638\n|move|p1a: Diancie|Body Press|p2a: Sceptile\n|-damage|p2a: Sceptile|41/264 par\n|cant|p2a: Sceptile|par\n|\n|-damage|p1a: Diancie|60/216 psn|[from] psn\n|upkeep\n|turn|39\n|\n|t:|1733839644\n|switch|p2a: Farigiraf|Farigiraf, L91, M|162/366 par\n|move|p1a: Diancie|Moonblast|p2a: Farigiraf\n|-damage|p2a: Farigiraf|56/366 par\n|\n|-heal|p2a: Farigiraf|78/366 par|[from] item: Leftovers\n|-damage|p1a: Diancie|33/216 psn|[from] psn\n|upkeep\n|turn|40\n|\n|t:|1733839649\n|move|p2a: Farigiraf|Protect|p2a: Farigiraf\n|-singleturn|p2a: Farigiraf|Protect\n|move|p1a: Diancie|Moonblast|p2a: Farigiraf\n|-activate|p2a: Farigiraf|move: Protect\n|\n|-heal|p2a: Farigiraf|100/366 par|[from] item: Leftovers\n|-damage|p1a: Diancie|6/216 psn|[from] psn\n|upkeep\n|turn|41\n|\n|t:|1733839663\n|switch|p2a: Sceptile|Sceptile, L87, F|41/264 par\n|move|p1a: Diancie|Moonblast|p2a: Sceptile\n|-damage|p2a: Sceptile|0 fnt\n|faint|p2a: Sceptile\n|\n|-damage|p1a: Diancie|0 fnt|[from] psn\n|faint|p1a: Diancie\n|upkeep\n|\n|t:|1733839668\n|switch|p2a: Great Tusk|Great Tusk, L77|304/304\n|switch|p1a: Cramorant|Cramorant, L86, F, tera:Ground|21/261\n|turn|42\n|\n|t:|1733839679\n|-terastallize|p2a: Great Tusk|Steel\n|move|p1a: Cramorant|Roost|p1a: Cramorant\n|-heal|p1a: Cramorant|152/261\n|move|p2a: Great Tusk|Rapid Spin|p1a: Cramorant\n|-damage|p1a: Cramorant|96/261\n|-boost|p2a: Great Tusk|spe|1\n|\n|upkeep\n|turn|43\n|\n|t:|1733839686\n|move|p2a: Great Tusk|Bulk Up|p2a: Great Tusk\n|-boost|p2a: Great Tusk|atk|1\n|-boost|p2a: Great Tusk|def|1\n|move|p1a: Cramorant|Roost|p1a: Cramorant\n|-heal|p1a: Cramorant|227/261\n|\n|upkeep\n|turn|44\n|\n|t:|1733839710\n|move|p2a: Great Tusk|Bulk Up|p2a: Great Tusk\n|-boost|p2a: Great Tusk|atk|1\n|-boost|p2a: Great Tusk|def|1\n|move|p1a: Cramorant|Surf|p2a: Great Tusk\n|-formechange|p1a: Cramorant|Cramorant-Gulping|\n|-damage|p2a: Great Tusk|157/304\n|\n|-heal|p2a: Great Tusk|176/304|[from] item: Leftovers\n|upkeep\n|turn|45\n|\n|t:|1733839716\n|move|p2a: Great Tusk|Earthquake|p1a: Cramorant\n|-damage|p1a: Cramorant|0 fnt\n|-damage|p2a: Great Tusk|100/304|[from] ability: Gulp Missile|[of] p1a: Cramorant\n|-unboost|p2a: Great Tusk|def|1\n|-formechange|p1a: Cramorant|Cramorant|\n|faint|p1a: Cramorant\n|\n|-heal|p2a: Great Tusk|119/304|[from] item: Leftovers\n|upkeep\n|-message|culpte0327c forfeited.\n|\n|win|cinturoneala\n|raw|culpte0327c's rating: 1040 &rarr; <strong>1022</strong><br />(-18 for losing)\n|raw|cinturoneala's rating: 1000 &rarr; <strong>1045</strong><br />(+45 for winning)\n|l|\u2606culpte0327c\n|player|p1|\n", "inputlog": ">version bfd83cad13791eb5a5a409923076391caf6fb4d4\n>start {\"formatid\":\"gen9randombattle\",\"seed\":[62748,30660,5117,43601],\"rated\":\"Rated battle\"}\n>player p1 {\"name\":\"culpte0327c\",\"avatar\":\"ethan\",\"rating\":1000,\"seed\":[53030,32279,45621,59327]}\n>player p2 {\"name\":\"cinturoneala\",\"avatar\":\"swimmerf\",\"rating\":1000,\"seed\":[31195,61346,48561,30231]}\n>p1 move bravebird\n>p2 switch 2\n>p1 switch 3\n>p2 move doubleedge\n>p1 move thunderwave\n>p2 switch 3\n>p1 switch 3\n>p2 move bulkup\n>p1 move surf\n>p2 switch 4\n>p1 switch 6\n>p2 move psychicnoise\n>p1 move knockoff\n>p2 switch 6\n>p1 switch 5\n>p2 move painsplit\n>p1 move muddywater\n>p2 move toxicspikes\n>p1 move voltswitch\n>p2 move toxicspikes\n>p1 switch 6\n>p1 move defog\n>p2 move gunkshot\n>p1 switch 2\n>p1 move revivalblessing\n>p2 move fireblast\n>p1 switch 2\n>p1 switch 6\n>p2 switch 2\n>p1 move voltswitch\n>p2 move wickedblow\n>p1 switch 2\n>p1 move surf\n>p2 switch 6\n>p1 move roost\n>p2 move wish\n>p1 move surf\n>p2 move psychicnoise\n>p1 switch 5\n>p2 move wish\n>p1 switch 2\n>p2 switch 2\n>p1 move slackoff\n>p2 move gunkshot\n>p1 move thunderbolt\n>p2 switch 5\n>p1 move voltswitch\n>p2 move swordsdance\n>p1 switch 3\n>p1 move thunderwave\n>p2 move earthquake\n>p1 switch 5\n>p1 move bravebird\n>p2 switch 2\n>p1 switch 2\n>p2 move wish\n>p1 move swordsdance\n>p2 switch 2\n>p1 move knockoff\n>p2 switch 6\n>p2 switch 3\n>p1 move suckerpunch\n>p2 move quickattack\n>p1 move knockoff\n>p2 move quickattack\n>p2 switch 5\n>p1 switch 3\n>p2 move toxicspikes\n>p1 move voltswitch\n>p2 move gunkshot\n>p1 switch 6\n>p1 move psychic\n>p2 move fireblast\n>p1 switch 2\n>p1 move surf terastallize\n>p2 move gunkshot\n>p2 switch 2\n>p1 move roost\n>p2 move bodyslam\n>p1 switch 4\n>p2 move psychicnoise\n>p1 move bodypress\n>p2 move wish\n>p1 move diamondstorm\n>p2 switch 6\n>p1 move bodypress\n>p2 move leafblade\n>p1 move moonblast\n>p2 switch 6\n>p1 move moonblast\n>p2 move protect\n>p1 move moonblast\n>p2 switch 6\n>p1 switch 4\n>p2 switch 4\n>p1 move roost\n>p2 move rapidspin terastallize\n>p1 move roost\n>p2 move bulkup\n>p1 move surf\n>p2 move bulkup\n>p1 move surf\n>p2 move earthquake\n>forcelose p1", "uploadtime": 1733839725, "views": 1, "formatid": "gen9randombattle", "rating": 1022, "private": 0, "password": null}