{"id": "gen9randombattle-2259782819", "format": "[Gen 9] Random Battle", "players": ["estradiol fiend", "fiydo_23"], "log": "|j|\u2606estradiol fiend\n|j|\u2606fiydo_23\n|t:|1733766241\n|gametype|singles\n|player|p1|estradiol fiend|beauty-gen4dp|1627\n|player|p2|fiydo_23|gambler|1608\n|teamsize|p1|6\n|teamsize|p2|6\n|gen|9\n|tier|[Gen 9] Random Battle\n|rated|\n|rule|Species Clause: Limit one of each Pok\u00e9mon\n|rule|HP Percentage Mod: HP is shown in percentages\n|rule|Sleep Clause Mod: Limit one foe put to sleep\n|rule|Illusion Level Mod: Illusion disguises the Pok\u00e9mon's true level\n|\n|t:|1733766241\n|start\n|switch|p1a: Heracross|Heracross, L80, M|259/259\n|switch|p2a: Gouging Fire|Gouging Fire, L74|277/277\n|turn|1\n|inactive|Battle timer is ON: inactive players will automatically lose when time's up. (requested by estradiol fiend)\n|inactive|fiydo_23 also wants the timer to be on.\n|\n|t:|1733766250\n|switch|p1a: Politoed|Politoed, L88, M|302/302\n|-weather|RainDance|[from] ability: Drizzle|[of] p1a: Politoed\n|move|p2a: Gouging Fire|Dragon Dance|p2a: Gouging Fire\n|-boost|p2a: Gouging Fire|atk|1\n|-boost|p2a: Gouging Fire|spe|1\n|\n|-weather|RainDance|[upkeep]\n|upkeep\n|turn|2\n|\n|t:|1733766261\n|move|p2a: Gouging Fire|Outrage|p1a: Politoed\n|-damage|p1a: Politoed|127/302\n|move|p1a: Politoed|Haze|p1a: Politoed\n|-clearallboost\n|\n|-weather|RainDance|[upkeep]\n|-heal|p1a: Politoed|145/302|[from] item: Leftovers\n|upkeep\n|turn|3\n|\n|t:|1733766274\n|move|p2a: Gouging Fire|Outrage|p1a: Politoed|[from]lockedmove\n|-damage|p1a: Politoed|27/302\n|-start|p2a: Gouging Fire|confusion|[fatigue]\n|move|p1a: Politoed|Hydro Pump|p2a: Gouging Fire\n|-damage|p2a: Gouging Fire|97/277\n|\n|-weather|RainDance|[upkeep]\n|-heal|p1a: Politoed|45/302|[from] item: Leftovers\n|upkeep\n|turn|4\n|\n|t:|1733766287\n|-activate|p2a: Gouging Fire|confusion\n|move|p2a: Gouging Fire|Morning Sun|p2a: Gouging Fire\n|-heal|p2a: Gouging Fire|166/277\n|move|p1a: Politoed|Hydro Pump|p2a: Gouging Fire\n|-damage|p2a: Gouging Fire|0 fnt\n|faint|p2a: Gouging Fire\n|-end|p2a: Gouging Fire|Protosynthesis|[silent]\n|\n|-weather|RainDance|[upkeep]\n|-heal|p1a: Politoed|63/302|[from] item: Leftovers\n|upkeep\n|\n|t:|1733766297\n|switch|p2a: Gyarados|Gyarados, L79, M|280/280\n|-ability|p2a: Gyarados|Intimidate|boost\n|-unboost|p1a: Politoed|atk|1\n|turn|5\n|\n|t:|1733766302\n|move|p2a: Gyarados|Dragon Dance|p2a: Gyarados\n|-boost|p2a: Gyarados|atk|1\n|-boost|p2a: Gyarados|spe|1\n|move|p1a: Politoed|Hypnosis|p2a: Gyarados|[miss]\n|-miss|p1a: Politoed|p2a: Gyarados\n|\n|-weather|none\n|-heal|p1a: Politoed|81/302|[from] item: Leftovers\n|upkeep\n|turn|6\n|\n|t:|1733766308\n|move|p2a: Gyarados|Earthquake|p1a: Politoed\n|-damage|p1a: Politoed|0 fnt\n|faint|p1a: Politoed\n|\n|upkeep\n|\n|t:|1733766329\n|switch|p1a: Exeggutor|Exeggutor, L89, F|312/312\n|turn|7\n|inactive|fiydo_23 has 120 seconds left.\n|\n|t:|1733766362\n|move|p2a: Gyarados|Stone Edge|p1a: Exeggutor\n|-damage|p1a: Exeggutor|192/312\n|move|p1a: Exeggutor|Leech Seed|p2a: Gyarados\n|-start|p2a: Gyarados|move: Leech Seed\n|\n|-damage|p2a: Gyarados|245/280|[from] Leech Seed|[of] p1a: Exeggutor\n|-heal|p1a: Exeggutor|227/312|[silent]\n|upkeep\n|turn|8\n|\n|t:|1733766375\n|switch|p2a: Dudunsparce|Dudunsparce, L83, F|343/343\n|move|p1a: Exeggutor|Substitute|p1a: Exeggutor\n|-start|p1a: Exeggutor|Substitute\n|-damage|p1a: Exeggutor|149/312\n|-enditem|p1a: Exeggutor|Sitrus Berry|[eat]\n|-heal|p1a: Exeggutor|227/312|[from] item: Sitrus Berry\n|\n|-item|p1a: Exeggutor|Sitrus Berry|[from] ability: Harvest\n|upkeep\n|turn|9\n|\n|t:|1733766380\n|move|p1a: Exeggutor|Leech Seed|p2a: Dudunsparce\n|-start|p2a: Dudunsparce|move: Leech Seed\n|move|p2a: Dudunsparce|Headbutt|p1a: Exeggutor\n|-end|p1a: Exeggutor|Substitute\n|\n|-damage|p2a: Dudunsparce|301/343|[from] Leech Seed|[of] p1a: Exeggutor\n|-heal|p1a: Exeggutor|269/312|[silent]\n|upkeep\n|turn|10\n|\n|t:|1733766388\n|move|p1a: Exeggutor|Substitute|p1a: Exeggutor\n|-start|p1a: Exeggutor|Substitute\n|-damage|p1a: Exeggutor|191/312\n|move|p2a: Dudunsparce|Headbutt|p1a: Exeggutor\n|-activate|p1a: Exeggutor|move: Substitute|[damage]\n|\n|-heal|p2a: Dudunsparce|322/343|[from] item: Leftovers\n|-damage|p2a: Dudunsparce|280/343|[from] Leech Seed|[of] p1a: Exeggutor\n|-heal|p1a: Exeggutor|233/312|[silent]\n|upkeep\n|turn|11\n|\n|t:|1733766398\n|move|p1a: Exeggutor|Psychic Noise|p2a: Dudunsparce\n|-crit|p2a: Dudunsparce\n|-damage|p2a: Dudunsparce|106/343\n|-start|p2a: Dudunsparce|move: Heal Block\n|move|p2a: Dudunsparce|Headbutt|p1a: Exeggutor\n|-end|p1a: Exeggutor|Substitute\n|\n|-damage|p2a: Dudunsparce|64/343|[from] Leech Seed|[of] p1a: Exeggutor\n|-heal|p1a: Exeggutor|275/312|[silent]\n|upkeep\n|turn|12\n|\n|t:|1733766408\n|switch|p2a: Heatran|Heatran, L79, F|273/273\n|-item|p2a: Heatran|Air Balloon\n|move|p1a: Exeggutor|Sludge Bomb|p2a: Heatran\n|-immune|p2a: Heatran\n|\n|upkeep\n|turn|13\n|\n|t:|1733766417\n|switch|p1a: Manaphy|Manaphy, L78|284/284\n|move|p2a: Heatran|Lava Plume|p1a: Manaphy\n|-resisted|p1a: Manaphy\n|-damage|p1a: Manaphy|235/284\n|-status|p1a: Manaphy|brn\n|\n|-heal|p1a: Manaphy|252/284 brn|[from] item: Leftovers\n|-damage|p1a: Manaphy|235/284 brn|[from] brn\n|upkeep\n|turn|14\n|\n|t:|1733766425\n|move|p1a: Manaphy|Tail Glow|p1a: Manaphy\n|-boost|p1a: Manaphy|spa|3\n|move|p2a: Heatran|Stealth Rock|p1a: Manaphy\n|-sidestart|p1: estradiol fiend|move: Stealth Rock\n|\n|-heal|p1a: Manaphy|252/284 brn|[from] item: Leftovers\n|-damage|p1a: Manaphy|235/284 brn|[from] brn\n|upkeep\n|turn|15\n|\n|t:|1733766431\n|switch|p2a: Dudunsparce|Dudunsparce, L83, F|64/343\n|move|p1a: Manaphy|Surf|p2a: Dudunsparce\n|-damage|p2a: Dudunsparce|0 fnt\n|faint|p2a: Dudunsparce\n|\n|-heal|p1a: Manaphy|252/284 brn|[from] item: Leftovers\n|-damage|p1a: Manaphy|235/284 brn|[from] brn\n|upkeep\n|\n|t:|1733766434\n|switch|p2a: Pikachu|Pikachu-Sinnoh, L93, M|216/216\n|turn|16\n|\n|t:|1733766446\n|switch|p1a: Noctowl|Noctowl, L95, F|344/344\n|move|p2a: Pikachu|Fake Out|p1a: Noctowl\n|-damage|p1a: Noctowl|288/344\n|\n|upkeep\n|turn|17\n|\n|t:|1733766450\n|move|p2a: Pikachu|Volt Tackle|p1a: Noctowl\n|-supereffective|p1a: Noctowl\n|-damage|p1a: Noctowl|0 fnt\n|faint|p1a: Noctowl\n|-damage|p2a: Pikachu|121/216|[from] Recoil\n|\n|upkeep\n|\n|t:|1733766458\n|switch|p1a: Scizor|Scizor, L79, F|240/240\n|-damage|p1a: Scizor|210/240|[from] Stealth Rock\n|turn|18\n|\n|t:|1733766466\n|move|p2a: Pikachu|Volt Tackle|p1a: Scizor\n|-damage|p1a: Scizor|18/240\n|-damage|p2a: Pikachu|58/216|[from] Recoil\n|move|p1a: Scizor|U-turn|p2a: Pikachu\n|-damage|p2a: Pikachu|0 fnt\n|faint|p2a: Pikachu\n|\n|t:|1733766476\n|switch|p1a: Manaphy|Manaphy, L78|235/284 brn|[from] U-turn\n|-damage|p1a: Manaphy|200/284 brn|[from] Stealth Rock\n|\n|-heal|p1a: Manaphy|217/284 brn|[from] item: Leftovers\n|-damage|p1a: Manaphy|200/284 brn|[from] brn\n|upkeep\n|\n|t:|1733766495\n|switch|p2a: Feraligatr|Feraligatr, L79, M|264/264\n|turn|19\n|\n|t:|1733766501\n|move|p1a: Manaphy|Energy Ball|p2a: Feraligatr\n|-supereffective|p2a: Feraligatr\n|-damage|p2a: Feraligatr|126/264\n|move|p2a: Feraligatr|Dragon Dance|p2a: Feraligatr\n|-boost|p2a: Feraligatr|atk|1\n|-boost|p2a: Feraligatr|spe|1\n|\n|-heal|p1a: Manaphy|217/284 brn|[from] item: Leftovers\n|-damage|p1a: Manaphy|200/284 brn|[from] brn\n|upkeep\n|turn|20\n|c|\u2606fiydo_23|3 pokes with dragon dance :sob:\n|inactive|estradiol fiend has 120 seconds left.\n|c|\u2606estradiol fiend|dont show this team to that guy from footloose\n|\n|t:|1733766539\n|-terastallize|p2a: Feraligatr|Dark\n|move|p2a: Feraligatr|Crunch|p1a: Manaphy\n|-damage|p1a: Manaphy|0 fnt\n|faint|p1a: Manaphy\n|\n|upkeep\n|\n|t:|1733766545\n|switch|p1a: Scizor|Scizor, L79, F|18/240\n|-damage|p1a: Scizor|0 fnt|[from] Stealth Rock\n|faint|p1a: Scizor\n|\n|t:|1733766546\n|switch|p1a: Heracross|Heracross, L80, M|259/259\n|-damage|p1a: Heracross|227/259|[from] Stealth Rock\n|turn|21\n|inactive|estradiol fiend has 120 seconds left.\n|\n|t:|1733766562\n|-terastallize|p1a: Heracross|Normal\n|move|p2a: Feraligatr|Liquidation|p1a: Heracross\n|-damage|p1a: Heracross|0 fnt\n|faint|p1a: Heracross\n|\n|upkeep\n|\n|t:|1733766566\n|switch|p1a: Exeggutor|Exeggutor, L89, F|275/312\n|-damage|p1a: Exeggutor|236/312|[from] Stealth Rock\n|turn|22\n|\n|t:|1733766571\n|move|p2a: Feraligatr|Crunch|p1a: Exeggutor\n|-supereffective|p1a: Exeggutor\n|-damage|p1a: Exeggutor|0 fnt\n|faint|p1a: Exeggutor\n|\n|win|fiydo_23\n|raw|estradiol fiend's rating: 1627 &rarr; <strong>1606</strong><br />(-21 for losing)\n|raw|fiydo_23's rating: 1608 &rarr; <strong>1629</strong><br />(+21 for winning)\n|l|\u2606estradiol fiend\n|player|p1|\n|c|\u2606fiydo_23|gg\n", "inputlog": ">version bfd83cad13791eb5a5a409923076391caf6fb4d4\n>start {\"formatid\":\"gen9randombattle\",\"seed\":[6100,58638,50602,24894],\"rated\":\"Rated battle\"}\n>player p1 {\"name\":\"estradiol fiend\",\"avatar\":\"beauty-gen4dp\",\"rating\":1627,\"seed\":[14277,44755,42776,39630]}\n>player p2 {\"name\":\"fiydo_23\",\"avatar\":\"gambler\",\"rating\":1608,\"seed\":[27106,7119,62212,37277]}\n>p1 switch 5\n>p2 move dragondance\n>p1 move haze\n>p2 move outrage\n>p1 move hydropump\n>p2 move outrage\n>p1 move hydropump\n>p2 move morningsun\n>p2 switch 3\n>p1 move hypnosis\n>p2 move dragondance\n>p1 move haze\n>p2 move earthquake\n>p1 switch 6\n>p1 move leechseed\n>p2 move stoneedge\n>p1 move substitute\n>p2 switch 6\n>p1 move leechseed\n>p2 move headbutt\n>p1 move substitute\n>p2 move headbutt\n>p1 move psychicnoise\n>p2 move headbutt\n>p1 move sludgebomb\n>p2 switch 2\n>p1 switch 3\n>p2 move lavaplume\n>p1 move tailglow\n>p2 move stealthrock\n>p1 move surf\n>p2 switch 2\n>p2 switch 4\n>p1 switch 2\n>p2 move fakeout\n>p1 move hypervoice\n>p2 move volttackle\n>p1 switch 4\n>p1 move uturn\n>p2 move volttackle\n>p1 switch 2\n>p2 switch 5\n>p1 move energyball\n>p2 move dragondance\n>chat \u2606fiydo_23|3 pokes with dragon dance :sob:\n>chat \u2606estradiol fiend|dont show this team to that guy from footloose\n>p1 move energyball\n>p2 move crunch terastallize\n>p1 switch 2\n>p1 switch 5\n>p1 move trailblaze terastallize\n>p2 move liquidation\n>p1 switch 3\n>p1 move sludgebomb\n>p2 move crunch", "uploadtime": 1733766579, "views": 12, "formatid": "gen9randombattle", "rating": 1606, "private": 0, "password": null}