{"id": "gen9randombattle-2260842294", "format": "[Gen 9] Random Battle", "players": ["Xadiym", "nbajnova"], "log": "|j|\u2606Xadiym\n|j|\u2606nbajnova\n|t:|1733902383\n|gametype|singles\n|player|p1|Xadiym|pokemaniac|\n|player|p2|nbajnova|2|\n|teamsize|p1|6\n|teamsize|p2|6\n|gen|9\n|tier|[Gen 9] Random Battle\n|rule|Species Clause: Limit one of each Pok\u00e9mon\n|rule|HP Percentage Mod: HP is shown in percentages\n|rule|Sleep Clause Mod: Limit one foe put to sleep\n|rule|Illusion Level Mod: Illusion disguises the Pok\u00e9mon's true level\n|\n|t:|1733902383\n|start\n|switch|p1a: Hoopa|Hoopa, L85|275/275\n|switch|p2a: Archaludon|Archaludon, L78, F|268/268\n|turn|1\n|\n|t:|1733902432\n|move|p1a: Hoopa|Focus Blast|p2a: Archaludon\n|-supereffective|p2a: Archaludon\n|-damage|p2a: Archaludon|48/268\n|-ability|p2a: Archaludon|Stamina|boost\n|-boost|p2a: Archaludon|def|1\n|move|p2a: Archaludon|Draco Meteor|p1a: Hoopa\n|-damage|p1a: Hoopa|170/275\n|-unboost|p2a: Archaludon|spa|2\n|\n|upkeep\n|turn|2\n|\n|t:|1733902444\n|move|p1a: Hoopa|Focus Blast|p2a: Archaludon\n|-supereffective|p2a: Archaludon\n|-damage|p2a: Archaludon|0 fnt\n|faint|p2a: Archaludon\n|\n|upkeep\n|\n|t:|1733902450\n|switch|p2a: Meowstic|Meowstic, L89, M|277/277\n|turn|3\n|\n|t:|1733902456\n|-terastallize|p1a: Hoopa|Fighting\n|move|p1a: Hoopa|Focus Blast|p2a: Meowstic|[miss]\n|-miss|p1a: Hoopa|p2a: Meowstic\n|move|p2a: Meowstic|Alluring Voice|p1a: Hoopa\n|-supereffective|p1a: Hoopa\n|-damage|p1a: Hoopa|84/275\n|\n|upkeep\n|turn|4\n|\n|t:|1733902465\n|move|p1a: Hoopa|Focus Blast|p2a: Meowstic\n|-resisted|p2a: Meowstic\n|-damage|p2a: Meowstic|175/277\n|move|p2a: Meowstic|Alluring Voice|p1a: Hoopa\n|-supereffective|p1a: Hoopa\n|-damage|p1a: Hoopa|2/275\n|\n|-heal|p2a: Meowstic|192/277|[from] item: Leftovers\n|upkeep\n|turn|5\n|\n|t:|1733902489\n|switch|p1a: Meowstic|Meowstic, L89, M|277/277\n|move|p2a: Meowstic|Alluring Voice|p1a: Meowstic\n|-damage|p1a: Meowstic|220/277\n|\n|-heal|p2a: Meowstic|209/277|[from] item: Leftovers\n|upkeep\n|turn|6\n|\n|t:|1733902508\n|move|p1a: Meowstic|Light Screen|p1a: Meowstic\n|-sidestart|p1: Xadiym|move: Light Screen\n|move|p2a: Meowstic|Alluring Voice|p1a: Meowstic\n|-damage|p1a: Meowstic|191/277\n|\n|-heal|p2a: Meowstic|226/277|[from] item: Leftovers\n|upkeep\n|turn|7\n|\n|t:|1733902515\n|move|p1a: Meowstic|Reflect|p1a: Meowstic\n|-sidestart|p1: Xadiym|Reflect\n|move|p2a: Meowstic|Alluring Voice|p1a: Meowstic\n|-damage|p1a: Meowstic|164/277\n|\n|-heal|p2a: Meowstic|243/277|[from] item: Leftovers\n|upkeep\n|turn|8\n|\n|t:|1733902524\n|move|p1a: Meowstic|Psychic Noise|p2a: Meowstic\n|-resisted|p2a: Meowstic\n|-damage|p2a: Meowstic|205/277\n|-start|p2a: Meowstic|move: Heal Block\n|move|p2a: Meowstic|Alluring Voice|p1a: Meowstic\n|-damage|p1a: Meowstic|134/277\n|\n|upkeep\n|turn|9\n|\n|t:|1733902534\n|move|p1a: Meowstic|Yawn|p2a: Meowstic\n|-start|p2a: Meowstic|move: Yawn|[of] p1a: Meowstic\n|move|p2a: Meowstic|Alluring Voice|p1a: Meowstic\n|-damage|p1a: Meowstic|104/277\n|\n|-end|p2a: Meowstic|move: Heal Block\n|upkeep\n|turn|10\n|\n|t:|1733902558\n|switch|p1a: Maushold|Maushold, L76|238/238\n|move|p2a: Meowstic|Alluring Voice|p1a: Maushold\n|-damage|p1a: Maushold|206/238\n|\n|-heal|p2a: Meowstic|222/277|[from] item: Leftovers\n|-end|p2a: Meowstic|move: Yawn|[silent]\n|-status|p2a: Meowstic|slp\n|upkeep\n|turn|11\n|\n|t:|1733902573\n|cant|p2a: Meowstic|slp\n|move|p1a: Maushold|Tidy Up|p1a: Maushold\n|-boost|p1a: Maushold|atk|1\n|-boost|p1a: Maushold|spe|1\n|\n|-heal|p2a: Meowstic|239/277 slp|[from] item: Leftovers\n|upkeep\n|turn|12\n|\n|t:|1733902588\n|cant|p2a: Meowstic|slp\n|move|p1a: Maushold|Tidy Up|p1a: Maushold\n|-boost|p1a: Maushold|atk|1\n|-boost|p1a: Maushold|spe|1\n|\n|-heal|p2a: Meowstic|256/277 slp|[from] item: Leftovers\n|upkeep\n|turn|13\n|\n|t:|1733902597\n|-curestatus|p2a: Meowstic|slp|[msg]\n|move|p2a: Meowstic|Yawn|p1a: Maushold\n|-start|p1a: Maushold|move: Yawn|[of] p2a: Meowstic\n|move|p1a: Maushold|Bite|p2a: Meowstic\n|-supereffective|p2a: Meowstic\n|-damage|p2a: Meowstic|76/277\n|\n|-heal|p2a: Meowstic|93/277|[from] item: Leftovers\n|-sideend|p1: Xadiym|move: Light Screen\n|upkeep\n|turn|14\n|\n|t:|1733902610\n|move|p1a: Maushold|Bite|p2a: Meowstic\n|-supereffective|p2a: Meowstic\n|-damage|p2a: Meowstic|0 fnt\n|faint|p2a: Meowstic\n|\n|-end|p1a: Maushold|move: Yawn|[silent]\n|-status|p1a: Maushold|slp\n|-sideend|p1: Xadiym|Reflect\n|upkeep\n|\n|t:|1733902626\n|switch|p2a: Tauros|Tauros-Paldea-Aqua, L81, M|254/254\n|-ability|p2a: Tauros|Intimidate|boost\n|-unboost|p1a: Maushold|atk|1\n|turn|15\n|\n|t:|1733902642\n|cant|p1a: Maushold|slp\n|move|p2a: Tauros|Close Combat|p1a: Maushold\n|-supereffective|p1a: Maushold\n|-damage|p1a: Maushold|0 fnt\n|-unboost|p2a: Tauros|def|1\n|-unboost|p2a: Tauros|spd|1\n|faint|p1a: Maushold\n|-damage|p2a: Tauros|229/254|[from] item: Life Orb\n|\n|upkeep\n|\n|t:|1733902655\n|switch|p1a: Hoopa|Hoopa, L85, tera:Fighting|2/275\n|turn|16\n|\n|t:|1733902668\n|move|p1a: Hoopa|Psychic|p2a: Tauros\n|-supereffective|p2a: Tauros\n|-damage|p2a: Tauros|0 fnt\n|faint|p2a: Tauros\n|\n|upkeep\n|\n|t:|1733902674\n|switch|p2a: Kingdra|Kingdra, L84, M|263/263\n|turn|17\n|\n|t:|1733902684\n|move|p1a: Hoopa|Psychic|p2a: Kingdra\n|-damage|p2a: Kingdra|119/263\n|move|p2a: Kingdra|Outrage|p1a: Hoopa\n|-damage|p1a: Hoopa|0 fnt\n|faint|p1a: Hoopa\n|\n|upkeep\n|\n|t:|1733902701\n|switch|p1a: Beartic|Beartic, L91, M|321/321\n|turn|18\n|\n|t:|1733902717\n|move|p2a: Kingdra|Outrage|p1a: Beartic|[from]lockedmove\n|-damage|p1a: Beartic|192/321\n|-start|p2a: Kingdra|confusion|[fatigue]\n|-enditem|p2a: Kingdra|Lum Berry|[eat]\n|-end|p2a: Kingdra|confusion\n|move|p1a: Beartic|Close Combat|p2a: Kingdra\n|-damage|p2a: Kingdra|0 fnt\n|-unboost|p1a: Beartic|def|1\n|-unboost|p1a: Beartic|spd|1\n|faint|p2a: Kingdra\n|\n|upkeep\n|\n|t:|1733902731\n|switch|p2a: Falinks|Falinks, L84|246/246\n|turn|19\n|\n|t:|1733902739\n|move|p2a: Falinks|Close Combat|p1a: Beartic\n|-supereffective|p1a: Beartic\n|-damage|p1a: Beartic|0 fnt\n|-unboost|p2a: Falinks|def|1\n|-unboost|p2a: Falinks|spd|1\n|faint|p1a: Beartic\n|-damage|p2a: Falinks|222/246|[from] item: Life Orb\n|\n|upkeep\n|\n|t:|1733902751\n|switch|p1a: Meowstic|Meowstic, L89, M|104/277\n|turn|20\n|\n|t:|1733902756\n|move|p1a: Meowstic|Psychic Noise|p2a: Falinks\n|-supereffective|p2a: Falinks\n|-crit|p2a: Falinks\n|-damage|p2a: Falinks|0 fnt\n|faint|p2a: Falinks\n|\n|upkeep\n|\n|t:|1733902763\n|switch|p2a: Iron Moth|Iron Moth, L78|253/253\n|turn|21\n|\n|t:|1733902774\n|move|p1a: Meowstic|Psychic Noise|p2a: Iron Moth\n|-supereffective|p2a: Iron Moth\n|-damage|p2a: Iron Moth|109/253\n|-start|p2a: Iron Moth|move: Heal Block\n|move|p2a: Iron Moth|Sludge Wave|p1a: Meowstic\n|-damage|p1a: Meowstic|0 fnt\n|faint|p1a: Meowstic\n|\n|upkeep\n|\n|t:|1733902785\n|switch|p1a: Noivern|Noivern, L82, M|274/274\n|turn|22\n|\n|t:|1733902797\n|move|p1a: Noivern|Draco Meteor|p2a: Iron Moth\n|-damage|p2a: Iron Moth|0 fnt\n|-unboost|p1a: Noivern|spa|2\n|faint|p2a: Iron Moth\n|-end|p2a: Iron Moth|Quark Drive|[silent]\n|\n|win|Xadiym\n", "inputlog": ">version bfd83cad13791eb5a5a409923076391caf6fb4d4\n>start {\"formatid\":\"gen9randombattle\",\"seed\":[42089,1585,22670,16096]}\n>player p1 {\"name\":\"Xadiym\",\"avatar\":\"pokemaniac\",\"rating\":0,\"seed\":[62072,26124,4004,63271]}\n>player p2 {\"name\":\"nbajnova\",\"avatar\":\"2\",\"rating\":0,\"seed\":[38624,65344,43755,37296]}\n>p1 move focusblast\n>p2 move dracometeor\n>p1 move focusblast\n>p2 move dracometeor\n>p2 switch 2\n>p1 move focusblast terastallize\n>p2 move alluringvoice\n>p1 move focusblast\n>p2 move alluringvoice\n>p1 switch 3\n>p2 move alluringvoice\n>p1 move lightscreen\n>p2 move alluringvoice\n>p1 move reflect\n>p2 move alluringvoice\n>p1 move psychicnoise\n>p2 move alluringvoice\n>p1 move yawn\n>p2 move alluringvoice\n>p1 switch 2\n>p2 move alluringvoice\n>p1 move tidyup\n>p2 move yawn\n>p1 move tidyup\n>p2 move yawn\n>p1 move bite\n>p2 move yawn\n>p1 move bite\n>p2 move alluringvoice\n>p2 switch 3\n>p1 move populationbomb\n>p2 move closecombat\n>p1 switch 3\n>p1 move psychic\n>p2 move closecombat\n>p2 switch 4\n>p1 move psychic\n>p2 move outrage\n>p1 switch 5\n>p1 move closecombat\n>p2 move outrage\n>p2 switch 5\n>p1 move closecombat\n>p2 move closecombat\n>p1 switch 2\n>p1 move psychicnoise\n>p2 move closecombat\n>p2 switch 6\n>p1 move psychicnoise\n>p2 move sludgewave\n>p1 switch 4\n>p1 move dracometeor\n>p2 move sludgewave", "uploadtime": 1733902813, "views": 2, "formatid": "gen9randombattle", "rating": null, "private": 0, "password": null}