{"id": "gen9randombattle-2260672046", "format": "[Gen 9] Random Battle", "players": ["helpmelordjesus", "enarch"], "log": "|j|\u2606helpmelordjesus\n|j|\u2606enarch\n|t:|1733876561\n|gametype|singles\n|player|p1|helpmelordjesus|pokemonranger-gen4|\n|player|p2|enarch|101|\n|teamsize|p1|6\n|teamsize|p2|6\n|gen|9\n|tier|[Gen 9] Random Battle\n|rule|Species Clause: Limit one of each Pok\u00e9mon\n|rule|HP Percentage Mod: HP is shown in percentages\n|rule|Sleep Clause Mod: Limit one foe put to sleep\n|rule|Illusion Level Mod: Illusion disguises the Pok\u00e9mon's true level\n|\n|t:|1733876561\n|start\n|switch|p1a: Miraidon|Miraidon, L65|238/238\n|switch|p2a: Rotom|Rotom-Mow, L86|226/226\n|-fieldstart|move: Electric Terrain|[from] ability: Hadron Engine|[of] p1a: Miraidon\n|turn|1\n|c|\u2606enarch|Bro ur gonna keep losing\n|inactive|Battle timer is ON: inactive players will automatically lose when time's up. (requested by helpmelordjesus)\n|\n|t:|1733876589\n|move|p1a: Miraidon|Draco Meteor|p2a: Rotom\n|-damage|p2a: Rotom|102/226\n|-unboost|p1a: Miraidon|spa|2\n|move|p2a: Rotom|Volt Switch|p1a: Miraidon\n|-resisted|p1a: Miraidon\n|-damage|p1a: Miraidon|212/238\n|-damage|p2a: Rotom|80/226|[from] item: Life Orb\n|\n|t:|1733876593\n|switch|p2a: Plusle|Plusle, L95, M|268/268|[from] Volt Switch\n|\n|-heal|p1a: Miraidon|226/238|[from] item: Leftovers\n|upkeep\n|turn|2\n|\n|t:|1733876610\n|move|p2a: Plusle|Nasty Plot|p2a: Plusle\n|-boost|p2a: Plusle|spa|2\n|move|p1a: Miraidon|Substitute|p1a: Miraidon\n|-start|p1a: Miraidon|Substitute\n|-damage|p1a: Miraidon|167/238\n|\n|-heal|p1a: Miraidon|181/238|[from] item: Leftovers\n|upkeep\n|turn|3\n|\n|t:|1733876634\n|move|p2a: Plusle|Nasty Plot|p2a: Plusle\n|-boost|p2a: Plusle|spa|2\n|move|p1a: Miraidon|Electro Drift|p2a: Plusle\n|-ability|p2a: Plusle|Lightning Rod|boost\n|-boost|p2a: Plusle|spa|1\n|\n|-heal|p1a: Miraidon|195/238|[from] item: Leftovers\n|upkeep\n|turn|4\n|\n|t:|1733876642\n|switch|p1a: Cyclizar|Cyclizar, L83, M|252/252\n|move|p2a: Plusle|Nasty Plot|p2a: Plusle\n|-boost|p2a: Plusle|spa|1\n|\n|upkeep\n|turn|5\n|\n|t:|1733876649\n|move|p1a: Cyclizar|Draco Meteor|p2a: Plusle\n|-damage|p2a: Plusle|156/268\n|-unboost|p1a: Cyclizar|spa|2\n|move|p2a: Plusle|Alluring Voice|p1a: Cyclizar\n|-supereffective|p1a: Cyclizar\n|-damage|p1a: Cyclizar|0 fnt\n|faint|p1a: Cyclizar\n|-damage|p2a: Plusle|130/268|[from] item: Life Orb\n|\n|-fieldend|move: Electric Terrain\n|upkeep\n|\n|t:|1733876655\n|switch|p1a: Malamar|Malamar, L82, F|275/275\n|turn|6\n|\n|t:|1733876658\n|move|p2a: Plusle|Alluring Voice|p1a: Malamar\n|-supereffective|p1a: Malamar\n|-damage|p1a: Malamar|0 fnt\n|faint|p1a: Malamar\n|-damage|p2a: Plusle|104/268|[from] item: Life Orb\n|\n|upkeep\n|\n|t:|1733876661\n|switch|p1a: Dedenne|Dedenne, L88, F|261/261\n|turn|7\n|\n|t:|1733876675\n|move|p2a: Plusle|Alluring Voice|p1a: Dedenne\n|-damage|p1a: Dedenne|0 fnt\n|faint|p1a: Dedenne\n|-damage|p2a: Plusle|78/268|[from] item: Life Orb\n|\n|upkeep\n|\n|t:|1733876678\n|switch|p1a: Piloswine|Piloswine, L85, M|309/309\n|turn|8\n|\n|t:|1733876684\n|move|p2a: Plusle|Alluring Voice|p1a: Piloswine\n|-damage|p1a: Piloswine|0 fnt\n|faint|p1a: Piloswine\n|-damage|p2a: Plusle|52/268|[from] item: Life Orb\n|\n|upkeep\n|\n|t:|1733876686\n|switch|p1a: Miraidon|Miraidon, L65|195/238\n|-fieldstart|move: Electric Terrain|[from] ability: Hadron Engine|[of] p1a: Miraidon\n|turn|9\n|\n|t:|1733876688\n|move|p2a: Plusle|Alluring Voice|p1a: Miraidon\n|-supereffective|p1a: Miraidon\n|-damage|p1a: Miraidon|0 fnt\n|faint|p1a: Miraidon\n|-damage|p2a: Plusle|26/268|[from] item: Life Orb\n|\n|upkeep\n|\n|t:|1733876689\n|switch|p1a: Squawkabilly|Squawkabilly-White, L89, M|291/291\n|turn|10\n|\n|t:|1733876693\n|move|p1a: Squawkabilly|Quick Attack|p2a: Plusle|[miss]\n|-miss|p1a: Squawkabilly|p2a: Plusle\n|move|p2a: Plusle|Thunderbolt|p1a: Squawkabilly\n|-supereffective|p1a: Squawkabilly\n|-damage|p1a: Squawkabilly|0 fnt\n|faint|p1a: Squawkabilly\n|-damage|p2a: Plusle|0 fnt|[from] item: Life Orb\n|faint|p2a: Plusle\n|\n|win|enarch\n|l|\u2606helpmelordjesus\n|player|p1|\n", "inputlog": ">version bfd83cad13791eb5a5a409923076391caf6fb4d4\n>start {\"formatid\":\"gen9randombattle\",\"seed\":[35115,18125,22573,299]}\n>player p1 {\"name\":\"helpmelordjesus\",\"avatar\":\"pokemonranger-gen4\",\"rating\":0,\"seed\":[35173,43365,10589,5698]}\n>player p2 {\"name\":\"enarch\",\"avatar\":\"101\",\"rating\":0,\"seed\":[25,48485,2535,17993]}\n>chat \u2606enarch|Bro ur gonna keep losing\n>p1 move dracometeor\n>p2 move voltswitch\n>p2 switch 2\n>p1 move substitute\n>p2 move nastyplot\n>p1 move electrodrift\n>p2 move nastyplot\n>p1 switch 2\n>p2 move nastyplot\n>p1 move dracometeor\n>p2 move alluringvoice\n>p1 switch 6\n>p1 move superpower\n>p2 move alluringvoice\n>p1 switch 5\n>p1 move thunderbolt\n>p2 move alluringvoice\n>p1 switch 4\n>p1 move stealthrock\n>p2 move alluringvoice\n>p1 switch 2\n>p1 move dracometeor\n>p2 move alluringvoice\n>p1 switch 3\n>p1 move quickattack\n>p2 move thunderbolt", "uploadtime": 1733876699, "views": 16, "formatid": "gen9randombattle", "rating": null, "private": 0, "password": null}