{"id": "gen9randombattle-2249540641", "format": "[Gen 9] Random Battle", "players": ["sushi8899", "Yusei1789"], "log": "|badge|p2|bronze|gen9randombattle|100-3\n|uhtml|medal-msg|<div class=\"broadcast-blue\">Curious what those medals under the avatar are? PS now has Ladder Seasons! For more information, check out the <a href=\"https://www.smogon.com/forums/threads/3740067/\">thread on Smogon.</a></div>\n|j|\u2606sushi8899\n|j|\u2606Yusei1789\n|t:|1732366101\n|gametype|singles\n|player|p1|sushi8899|2|2302\n|player|p2|Yusei1789|170|2299\n|teamsize|p1|6\n|teamsize|p2|6\n|gen|9\n|tier|[Gen 9] Random Battle\n|rated|\n|rule|Species Clause: Limit one of each Pok\u00e9mon\n|rule|HP Percentage Mod: HP is shown in percentages\n|rule|Sleep Clause Mod: Limit one foe put to sleep\n|rule|Illusion Level Mod: Illusion disguises the Pok\u00e9mon's true level\n|\n|t:|1732366101\n|start\n|switch|p1a: Mewtwo|Mewtwo, L72|272/272\n|switch|p2a: Whiscash|Whiscash, L88, M|337/337\n|-ability|p1a: Mewtwo|Unnerve\n|turn|1\n|inactive|Battle timer is ON: inactive players will automatically lose when time's up. (requested by Yusei1789)\n|\n|t:|1732366108\n|move|p1a: Mewtwo|Nasty Plot|p1a: Mewtwo\n|-boost|p1a: Mewtwo|spa|2\n|move|p2a: Whiscash|Stealth Rock|p1a: Mewtwo\n|-sidestart|p1: sushi8899|move: Stealth Rock\n|\n|upkeep\n|turn|2\n|\n|t:|1732366121\n|move|p1a: Mewtwo|Psystrike|p2a: Whiscash\n|-damage|p2a: Whiscash|12/337\n|-damage|p1a: Mewtwo|245/272|[from] item: Life Orb\n|move|p2a: Whiscash|Earthquake|p1a: Mewtwo\n|-damage|p1a: Mewtwo|142/272\n|\n|-heal|p2a: Whiscash|33/337|[from] item: Leftovers\n|upkeep\n|turn|3\n|\n|t:|1732366129\n|move|p1a: Mewtwo|Psystrike|p2a: Whiscash\n|-damage|p2a: Whiscash|0 fnt\n|faint|p2a: Whiscash\n|-damage|p1a: Mewtwo|115/272|[from] item: Life Orb\n|\n|upkeep\n|\n|t:|1732366144\n|switch|p2a: Chi-Yu|Chi-Yu, L77|211/211\n|-ability|p2a: Chi-Yu|Beads of Ruin\n|turn|4\n|\n|t:|1732366155\n|switch|p1a: Scrafty|Scrafty, L84, F|246/246\n|-damage|p1a: Scrafty|231/246|[from] Stealth Rock\n|-ability|p1a: Scrafty|Intimidate|boost\n|-unboost|p2a: Chi-Yu|atk|1\n|move|p2a: Chi-Yu|Dark Pulse|p1a: Scrafty\n|-resisted|p1a: Scrafty\n|-damage|p1a: Scrafty|207/246\n|\n|upkeep\n|turn|5\n|\n|t:|1732366163\n|switch|p2a: Hitmonchan|Hitmonchan, L87, M|229/229\n|move|p1a: Scrafty|Dragon Dance|p1a: Scrafty\n|-boost|p1a: Scrafty|atk|1\n|-boost|p1a: Scrafty|spe|1\n|\n|upkeep\n|turn|6\n|\n|t:|1732366177\n|-terastallize|p1a: Scrafty|Poison\n|move|p1a: Scrafty|Close Combat|p2a: Hitmonchan\n|-damage|p2a: Hitmonchan|0 fnt\n|-unboost|p1a: Scrafty|def|1\n|-unboost|p1a: Scrafty|spd|1\n|faint|p2a: Hitmonchan\n|-damage|p1a: Scrafty|183/246|[from] item: Life Orb\n|\n|upkeep\n|\n|t:|1732366195\n|switch|p2a: Chi-Yu|Chi-Yu, L77|211/211\n|-ability|p2a: Chi-Yu|Beads of Ruin\n|turn|7\n|\n|t:|1732366207\n|move|p2a: Chi-Yu|Psychic|p1a: Scrafty\n|-supereffective|p1a: Scrafty\n|-damage|p1a: Scrafty|0 fnt\n|faint|p1a: Scrafty\n|\n|upkeep\n|\n|t:|1732366236\n|switch|p1a: Mewtwo|Mewtwo, L72|115/272\n|-ability|p1a: Mewtwo|Unnerve\n|-damage|p1a: Mewtwo|81/272|[from] Stealth Rock\n|turn|8\n|\n|t:|1732366241\n|switch|p2a: Tsareena|Tsareena, L87, F|267/267\n|move|p1a: Mewtwo|Recover|p1a: Mewtwo\n|-heal|p1a: Mewtwo|217/272\n|\n|upkeep\n|turn|9\n|\n|t:|1732366262\n|move|p2a: Tsareena|Power Whip|p1a: Mewtwo\n|-damage|p1a: Mewtwo|34/272\n|move|p1a: Mewtwo|Fire Blast|p2a: Tsareena\n|-supereffective|p2a: Tsareena\n|-damage|p2a: Tsareena|69/267\n|-status|p2a: Tsareena|brn\n|-damage|p1a: Mewtwo|7/272|[from] item: Life Orb\n|\n|-damage|p2a: Tsareena|53/267 brn|[from] brn\n|upkeep\n|turn|10\n|\n|t:|1732366269\n|move|p2a: Tsareena|Power Whip|p1a: Mewtwo\n|-damage|p1a: Mewtwo|0 fnt\n|faint|p1a: Mewtwo\n|\n|-damage|p2a: Tsareena|37/267 brn|[from] brn\n|upkeep\n|\n|t:|1732366275\n|switch|p1a: Flareon|Flareon, L90, F|263/263\n|-damage|p1a: Flareon|198/263|[from] Stealth Rock\n|turn|11\n|\n|t:|1732366281\n|move|p2a: Tsareena|Power Whip|p1a: Flareon\n|-resisted|p1a: Flareon\n|-damage|p1a: Flareon|152/263\n|move|p1a: Flareon|Flare Blitz|p2a: Tsareena\n|-supereffective|p2a: Tsareena\n|-damage|p2a: Tsareena|0 fnt\n|faint|p2a: Tsareena\n|-damage|p1a: Flareon|140/263|[from] Recoil\n|\n|-status|p1a: Flareon|tox|[from] item: Toxic Orb\n|upkeep\n|\n|t:|1732366293\n|switch|p2a: Suicune|Suicune, L82|298/298\n|-ability|p2a: Suicune|Pressure\n|turn|12\n|\n|t:|1732366301\n|switch|p1a: Shiftry|Shiftry, L89, M|305/305\n|-damage|p1a: Shiftry|267/305|[from] Stealth Rock\n|move|p2a: Suicune|Substitute|p2a: Suicune\n|-start|p2a: Suicune|Substitute\n|-damage|p2a: Suicune|224/298\n|\n|-heal|p2a: Suicune|242/298|[from] item: Leftovers\n|upkeep\n|turn|13\n|\n|t:|1732366307\n|move|p1a: Shiftry|Knock Off|p2a: Suicune\n|-crit|p2a: Suicune\n|-end|p2a: Suicune|Substitute\n|-damage|p1a: Shiftry|237/305|[from] item: Life Orb\n|move|p2a: Suicune|Ice Beam|p1a: Shiftry\n|-supereffective|p1a: Shiftry\n|-damage|p1a: Shiftry|105/305\n|\n|-heal|p2a: Suicune|260/298|[from] item: Leftovers\n|upkeep\n|turn|14\n|\n|t:|1732366315\n|move|p1a: Shiftry|Knock Off|p2a: Suicune\n|-damage|p2a: Suicune|134/298\n|-enditem|p2a: Suicune|Leftovers|[from] move: Knock Off|[of] p1a: Shiftry\n|-damage|p1a: Shiftry|75/305|[from] item: Life Orb\n|move|p2a: Suicune|Ice Beam|p1a: Shiftry\n|-supereffective|p1a: Shiftry\n|-damage|p1a: Shiftry|0 fnt\n|faint|p1a: Shiftry\n|\n|upkeep\n|\n|t:|1732366326\n|switch|p1a: Terapagos|Terapagos, L76, M|262/262\n|-activate|p1a: Terapagos|ability: Tera Shift\n|detailschange|p1a: Terapagos|Terapagos-Terastal, L76, M\n|-heal|p1a: Terapagos|269/269|[silent]\n|-damage|p1a: Terapagos|236/269|[from] Stealth Rock\n|turn|15\n|\n|t:|1732366330\n|move|p2a: Suicune|Scald|p1a: Terapagos\n|-crit|p1a: Terapagos\n|-damage|p1a: Terapagos|127/269\n|move|p1a: Terapagos|Calm Mind|p1a: Terapagos\n|-boost|p1a: Terapagos|spa|1\n|-boost|p1a: Terapagos|spd|1\n|\n|upkeep\n|turn|16\n|\n|t:|1732366346\n|move|p2a: Suicune|Calm Mind|p2a: Suicune\n|-boost|p2a: Suicune|spa|1\n|-boost|p2a: Suicune|spd|1\n|move|p1a: Terapagos|Rest|p1a: Terapagos\n|-status|p1a: Terapagos|slp|[from] move: Rest\n|-heal|p1a: Terapagos|269/269 slp|[silent]\n|-enditem|p1a: Terapagos|Chesto Berry|[eat]\n|-curestatus|p1a: Terapagos|slp|[msg]\n|\n|upkeep\n|turn|17\n|\n|t:|1732366352\n|move|p2a: Suicune|Scald|p1a: Terapagos\n|-activate|p1a: Terapagos|ability: Tera Shell\n|-resisted|p1a: Terapagos\n|-damage|p1a: Terapagos|233/269\n|-status|p1a: Terapagos|brn\n|move|p1a: Terapagos|Calm Mind|p1a: Terapagos\n|-boost|p1a: Terapagos|spa|1\n|-boost|p1a: Terapagos|spd|1\n|\n|-damage|p1a: Terapagos|217/269 brn|[from] brn\n|upkeep\n|turn|18\n|\n|t:|1732366366\n|move|p2a: Suicune|Calm Mind|p2a: Suicune\n|-boost|p2a: Suicune|spa|1\n|-boost|p2a: Suicune|spd|1\n|move|p1a: Terapagos|Tera Starstorm|p2a: Suicune\n|-damage|p2a: Suicune|44/298\n|\n|-damage|p1a: Terapagos|201/269 brn|[from] brn\n|upkeep\n|turn|19\n|\n|t:|1732366373\n|move|p2a: Suicune|Scald|p1a: Terapagos\n|-damage|p1a: Terapagos|123/269 brn\n|move|p1a: Terapagos|Tera Starstorm|p2a: Suicune\n|-damage|p2a: Suicune|0 fnt\n|faint|p2a: Suicune\n|\n|-damage|p1a: Terapagos|107/269 brn|[from] brn\n|upkeep\n|\n|t:|1732366382\n|switch|p2a: Weavile|Weavile, L79, F|239/239\n|turn|20\n|\n|t:|1732366388\n|move|p2a: Weavile|Triple Axel|p1a: Terapagos\n|-damage|p1a: Terapagos|76/269 brn\n|-damage|p1a: Terapagos|16/269 brn\n|-damage|p1a: Terapagos|0 fnt\n|faint|p1a: Terapagos\n|-hitcount|p1: Terapagos|3\n|\n|upkeep\n|\n|t:|1732366394\n|switch|p1a: Groudon|Groudon, L72|263/263\n|-damage|p1a: Groudon|247/263|[from] Stealth Rock\n|-weather|SunnyDay|[from] ability: Drought|[of] p1a: Groudon\n|turn|21\n|\n|t:|1732366399\n|move|p2a: Weavile|Triple Axel|p1a: Groudon|[miss]\n|-miss|p2a: Weavile|p1a: Groudon\n|move|p1a: Groudon|Heat Crash|p2a: Weavile\n|-supereffective|p2a: Weavile\n|-damage|p2a: Weavile|0 fnt\n|faint|p2a: Weavile\n|\n|-weather|SunnyDay|[upkeep]\n|-heal|p1a: Groudon|263/263|[from] item: Leftovers\n|upkeep\n|\n|t:|1732366401\n|switch|p2a: Chi-Yu|Chi-Yu, L77|211/211\n|-ability|p2a: Chi-Yu|Beads of Ruin\n|turn|22\n|\n|t:|1732366411\n|switch|p1a: Flareon|Flareon, L90, F|140/263 tox\n|-damage|p1a: Flareon|75/263 tox|[from] Stealth Rock\n|-terastallize|p2a: Chi-Yu|Dark\n|move|p2a: Chi-Yu|Dark Pulse|p1a: Flareon\n|-damage|p1a: Flareon|0 fnt\n|faint|p1a: Flareon\n|\n|-weather|SunnyDay|[upkeep]\n|upkeep\n|\n|t:|1732366419\n|switch|p1a: Groudon|Groudon, L72|263/263\n|-damage|p1a: Groudon|247/263|[from] Stealth Rock\n|turn|23\n|\n|t:|1732366422\n|move|p2a: Chi-Yu|Dark Pulse|p1a: Groudon\n|-damage|p1a: Groudon|75/263\n|cant|p1a: Groudon|flinch\n|\n|-weather|SunnyDay|[upkeep]\n|-heal|p1a: Groudon|91/263|[from] item: Leftovers\n|upkeep\n|turn|24\n|\n|t:|1732366426\n|move|p2a: Chi-Yu|Dark Pulse|p1a: Groudon\n|-damage|p1a: Groudon|0 fnt\n|faint|p1a: Groudon\n|\n|win|Yusei1789\n|raw|sushi8899's rating: 2302 &rarr; <strong>2282</strong><br />(-20 for losing)\n|raw|Yusei1789's rating: 2299 &rarr; <strong>2319</strong><br />(+20 for winning)\n|l|\u2606sushi8899\n|player|p1|\n", "inputlog": ">version baf9aa68cbe18cf25f290680a08c9ad9c5e3e828\n>start {\"formatid\":\"gen9randombattle\",\"seed\":[10559,36394,56676,19987],\"rated\":\"Rated battle\"}\n>player p1 {\"name\":\"sushi8899\",\"avatar\":\"2\",\"rating\":2302,\"seed\":[59931,17317,55233,29789]}\n>player p2 {\"name\":\"Yusei1789\",\"avatar\":\"170\",\"rating\":2299,\"seed\":[43007,17585,57291,4848]}\n>p1 move nastyplot\n>p2 move stealthrock\n>p1 move psystrike\n>p2 move earthquake\n>p1 move psystrike\n>p2 move earthquake\n>p2 switch 6\n>p1 switch 4\n>p2 move darkpulse\n>p1 move dragondance\n>p2 switch 3\n>p1 move closecombat terastallize\n>p2 move rapidspin\n>p2 switch 3\n>p1 move closecombat\n>p2 move psychic\n>p1 switch 4\n>p1 move recover\n>p2 switch 5\n>p1 move fireblast\n>p2 move powerwhip\n>p1 move psystrike\n>p2 move powerwhip\n>p1 switch 2\n>p1 move flareblitz\n>p2 move powerwhip\n>p2 switch 4\n>p1 switch 3\n>p2 move substitute\n>p1 move knockoff\n>p2 move icebeam\n>p1 move knockoff\n>p2 move icebeam\n>p1 switch 5\n>p1 move calmmind\n>p2 move scald\n>p1 move rest\n>p2 move calmmind\n>p1 move calmmind\n>p2 move scald\n>p1 move terastarstorm\n>p2 move calmmind\n>p1 move terastarstorm\n>p2 move scald\n>p2 switch 2\n>p1 move terastarstorm\n>p2 move tripleaxel\n>p1 switch 6\n>p1 move heatcrash\n>p2 move tripleaxel\n>p2 switch 5\n>p1 switch 3\n>p2 move darkpulse terastallize\n>p1 switch 3\n>p1 move heatcrash\n>p2 move darkpulse\n>p1 move heatcrash\n>p2 move darkpulse", "uploadtime": 1732366434, "views": 19, "formatid": "gen9randombattle", "rating": 2282, "private": 0, "password": null}