{"id": "gen9randombattle-2260648484", "format": "[Gen 9] Random Battle", "players": ["ohris124", "captianLEGO9"], "log": "|j|\u2606ohris124\n|j|\u2606captianLEGO9\n|t:|1733873593\n|gametype|singles\n|player|p1|ohris124|170|1058\n|player|p2|captianLEGO9|169|1040\n|teamsize|p1|6\n|teamsize|p2|6\n|gen|9\n|tier|[Gen 9] Random Battle\n|rated|\n|rule|Species Clause: Limit one of each Pok\u00e9mon\n|rule|HP Percentage Mod: HP is shown in percentages\n|rule|Sleep Clause Mod: Limit one foe put to sleep\n|rule|Illusion Level Mod: Illusion disguises the Pok\u00e9mon's true level\n|\n|t:|1733873593\n|start\n|switch|p1a: Camerupt|Camerupt, L91, M|275/275\n|switch|p2a: Ho-Oh|Ho-Oh, L71|268/268\n|turn|1\n|\n|t:|1733873604\n|move|p2a: Ho-Oh|Earthquake|p1a: Camerupt\n|-supereffective|p1a: Camerupt\n|-damage|p1a: Camerupt|166/275\n|move|p1a: Camerupt|Stealth Rock|p2a: Ho-Oh\n|-sidestart|p2: captianLEGO9|move: Stealth Rock\n|\n|-heal|p1a: Camerupt|183/275|[from] item: Leftovers\n|upkeep\n|turn|2\n|inactive|Battle timer is ON: inactive players will automatically lose when time's up. (requested by captianLEGO9)\n|\n|t:|1733873631\n|move|p2a: Ho-Oh|Earthquake|p1a: Camerupt\n|-supereffective|p1a: Camerupt\n|-damage|p1a: Camerupt|77/275\n|move|p1a: Camerupt|Overheat|p2a: Ho-Oh\n|-resisted|p2a: Ho-Oh\n|-damage|p2a: Ho-Oh|199/268\n|-unboost|p1a: Camerupt|spa|2\n|\n|-heal|p1a: Camerupt|94/275|[from] item: Leftovers\n|upkeep\n|turn|3\n|\n|t:|1733873650\n|move|p2a: Ho-Oh|Earthquake|p1a: Camerupt\n|-supereffective|p1a: Camerupt\n|-damage|p1a: Camerupt|0 fnt\n|faint|p1a: Camerupt\n|\n|upkeep\n|\n|t:|1733873661\n|switch|p1a: Swalot|Swalot, L90, M|326/326\n|turn|4\n|inactive|ohris124 has 120 seconds left.\n|\n|t:|1733873682\n|move|p2a: Ho-Oh|Earthquake|p1a: Swalot\n|-supereffective|p1a: Swalot\n|-damage|p1a: Swalot|194/326\n|move|p1a: Swalot|Sludge Bomb|p2a: Ho-Oh\n|-damage|p2a: Ho-Oh|132/268\n|\n|upkeep\n|turn|5\n|\n|t:|1733873703\n|move|p2a: Ho-Oh|Earthquake|p1a: Swalot\n|-supereffective|p1a: Swalot\n|-damage|p1a: Swalot|62/326\n|move|p1a: Swalot|Sludge Bomb|p2a: Ho-Oh\n|-damage|p2a: Ho-Oh|68/268\n|\n|upkeep\n|turn|6\n|inactive|ohris124 has 120 seconds left.\n|\n|t:|1733873719\n|move|p2a: Ho-Oh|Recover|p2a: Ho-Oh\n|-heal|p2a: Ho-Oh|202/268\n|move|p1a: Swalot|Sludge Bomb|p2a: Ho-Oh\n|-damage|p2a: Ho-Oh|133/268\n|-status|p2a: Ho-Oh|psn\n|\n|-damage|p2a: Ho-Oh|100/268 psn|[from] psn\n|upkeep\n|turn|7\n|c|\u2606ohris124|nice\n|\n|t:|1733873729\n|move|p2a: Ho-Oh|Earthquake|p1a: Swalot\n|-supereffective|p1a: Swalot\n|-damage|p1a: Swalot|0 fnt\n|faint|p1a: Swalot\n|\n|-damage|p2a: Ho-Oh|67/268 psn|[from] psn\n|upkeep\n|inactive|ohris124 has 120 seconds left.\n|\n|t:|1733873744\n|switch|p1a: Dusknoir|Dusknoir, L89, F|225/225\n|-item|p2a: Ho-Oh|Heavy-Duty Boots|[from] ability: Frisk|[of] p1a: Dusknoir\n|turn|8\n|inactive|ohris124 has 120 seconds left.\n|\n|t:|1733873760\n|move|p2a: Ho-Oh|Sacred Fire|p1a: Dusknoir\n|-damage|p1a: Dusknoir|159/225\n|move|p1a: Dusknoir|Poltergeist|p2a: Ho-Oh\n|-activate|p2a: Ho-Oh|move: Poltergeist|Heavy-Duty Boots\n|-damage|p2a: Ho-Oh|0 fnt\n|faint|p2a: Ho-Oh\n|\n|upkeep\n|\n|t:|1733873783\n|switch|p2a: Krookodile|Krookodile, L80, F|283/283\n|-damage|p2a: Krookodile|266/283|[from] Stealth Rock\n|-ability|p2a: Krookodile|Intimidate|boost\n|-unboost|p1a: Dusknoir|atk|1\n|turn|9\n|inactive|ohris124 has 120 seconds left.\n|\n|t:|1733873790\n|switch|p1a: Gardevoir|Gardevoir, L83, F|249/249\n|-ability|p1a: Gardevoir|Intimidate|boost\n|-unboost|p2a: Krookodile|atk|1\n|-ability|p1a: Gardevoir|Intimidate|[from] ability: Trace|[of] p2a: Krookodile\n|move|p2a: Krookodile|Knock Off|p1a: Gardevoir\n|-damage|p1a: Gardevoir|124/249\n|-enditem|p1a: Gardevoir|Choice Scarf|[from] move: Knock Off|[of] p2a: Krookodile\n|-damage|p2a: Krookodile|238/283|[from] item: Life Orb\n|\n|upkeep\n|turn|10\n|inactive|ohris124 has 120 seconds left.\n|\n|t:|1733873812\n|-terastallize|p1a: Gardevoir|Fairy\n|move|p2a: Krookodile|Earthquake|p1a: Gardevoir\n|-damage|p1a: Gardevoir|3/249\n|-damage|p2a: Krookodile|210/283|[from] item: Life Orb\n|move|p1a: Gardevoir|Moonblast|p2a: Krookodile\n|-supereffective|p2a: Krookodile\n|-damage|p2a: Krookodile|0 fnt\n|faint|p2a: Krookodile\n|\n|upkeep\n|inactive|captianLEGO9 has 120 seconds left.\n|\n|t:|1733873840\n|switch|p2a: Giratina|Giratina, L75|349/349\n|-damage|p2a: Giratina|306/349|[from] Stealth Rock\n|-ability|p2a: Giratina|Pressure\n|turn|11\n|inactive|ohris124 has 120 seconds left.\n|inactive|captianLEGO9 has 120 seconds left.\n|\n|t:|1733873849\n|move|p1a: Gardevoir|Moonblast|p2a: Giratina\n|-supereffective|p2a: Giratina\n|-damage|p2a: Giratina|10/349\n|-unboost|p2a: Giratina|spa|1\n|move|p2a: Giratina|Shadow Ball|p1a: Gardevoir\n|-damage|p1a: Gardevoir|0 fnt\n|faint|p1a: Gardevoir\n|\n|-heal|p2a: Giratina|31/349|[from] item: Leftovers\n|upkeep\n|inactive|ohris124 has 120 seconds left.\n|\n|t:|1733873861\n|switch|p1a: Clawitzer|Clawitzer, L87, M|265/265\n|turn|12\n|inactive|ohris124 has 120 seconds left.\n|\n|t:|1733873877\n|move|p2a: Giratina|Rest|p2a: Giratina\n|-status|p2a: Giratina|slp|[from] move: Rest\n|-heal|p2a: Giratina|349/349 slp|[silent]\n|move|p1a: Clawitzer|Dark Pulse|p2a: Giratina\n|-supereffective|p2a: Giratina\n|-damage|p2a: Giratina|153/349 slp\n|\n|-heal|p2a: Giratina|174/349 slp|[from] item: Leftovers\n|upkeep\n|turn|13\n|inactive|captianLEGO9 has 120 seconds left.\n|\n|t:|1733873900\n|cant|p2a: Giratina|slp\n|move|p2a: Giratina|Sleep Talk|p2a: Giratina\n|move|p2a: Giratina|Will-O-Wisp|p1a: Clawitzer|[from]move: Sleep Talk\n|-status|p1a: Clawitzer|brn\n|move|p1a: Clawitzer|Dragon Pulse|p2a: Giratina\n|-supereffective|p2a: Giratina\n|-damage|p2a: Giratina|0 fnt\n|faint|p2a: Giratina\n|\n|-damage|p1a: Clawitzer|249/265 brn|[from] brn\n|upkeep\n|inactive|captianLEGO9 has 120 seconds left.\n|\n|t:|1733873916\n|switch|p2a: Blastoise|Blastoise, L80, M|258/258\n|-damage|p2a: Blastoise|226/258|[from] Stealth Rock\n|turn|14\n|\n|t:|1733873932\n|-terastallize|p2a: Blastoise|Grass\n|move|p2a: Blastoise|Tera Blast|p1a: Clawitzer|[anim] Tera Blast Grass\n|-supereffective|p1a: Clawitzer\n|-damage|p1a: Clawitzer|163/265 brn\n|move|p1a: Clawitzer|U-turn|p2a: Blastoise\n|-supereffective|p2a: Blastoise\n|-damage|p2a: Blastoise|183/258\n|\n|t:|1733873940\n|switch|p1a: Dusknoir|Dusknoir, L89, F|159/225|[from] U-turn\n|-item|p2a: Blastoise|White Herb|[from] ability: Frisk|[of] p1a: Dusknoir\n|\n|upkeep\n|turn|15\n|\n|t:|1733873951\n|move|p2a: Blastoise|Shell Smash|p2a: Blastoise\n|-unboost|p2a: Blastoise|def|1\n|-unboost|p2a: Blastoise|spd|1\n|-boost|p2a: Blastoise|atk|2\n|-boost|p2a: Blastoise|spa|2\n|-boost|p2a: Blastoise|spe|2\n|-enditem|p2a: Blastoise|White Herb\n|-clearnegativeboost|p2a: Blastoise|[silent]\n|move|p1a: Dusknoir|Poltergeist||[still]\n|-fail|p1a: Dusknoir\n|\n|upkeep\n|turn|16\n|j| mathaysksk\n|c|\u2606ohris124|ah\n|c| mathaysksk|noob\n|c| mathaysksk|noooooob\n|c| mathaysksk|nooiooooooooob\n|c| mathaysksk|nooooooooooooooooob\n|inactive|ohris124 has 90 seconds left.\n|c|\u2606ohris124|cala boca mathay\n|\n|t:|1733873979\n|switch|p1a: Clawitzer|Clawitzer, L87, M|163/265 brn\n|move|p2a: Blastoise|Ice Beam|p1a: Clawitzer\n|-resisted|p1a: Clawitzer\n|-damage|p1a: Clawitzer|130/265 brn\n|\n|-damage|p1a: Clawitzer|114/265 brn|[from] brn\n|upkeep\n|turn|17\n|c| mathaysksk|noooooooooooob\n|c| mathaysksk|nooooooooooooooooooooooooooooooooooooob\n|\n|t:|1733873987\n|move|p2a: Blastoise|Tera Blast|p1a: Clawitzer|[anim] Tera Blast Grass\n|-supereffective|p1a: Clawitzer\n|-damage|p1a: Clawitzer|0 fnt\n|faint|p1a: Clawitzer\n|\n|upkeep\n|\n|t:|1733873994\n|switch|p1a: Armarouge|Armarouge, L80, M|267/267\n|turn|18\n|c| mathaysksk|cebroca\n|c|\u2606ohris124|se mata vadia\n|c| mathaysksk|cebroxa\n|c|\u2606ohris124|\u00e9 random essa porra\n|c| mathaysksk|voce peedeu\n|c| mathaysksk|feio\n|c| mathaysksk|kkkkkkkk\n|inactive|ohris124 has 90 seconds left.\n|c|\u2606ohris124|nah\n|c| mathaysksk|noob\n|\n|t:|1733874015\n|move|p2a: Blastoise|Hydro Pump|p1a: Armarouge\n|-supereffective|p1a: Armarouge\n|-damage|p1a: Armarouge|0 fnt\n|faint|p1a: Armarouge\n|\n|upkeep\n|c| mathaysksk|joob\n|c| mathaysksk|noob\n|c| mathaysksk|noob\n|c| mathaysksk|joob\n|c|\u2606ohris124|cala a boca\n|\n|t:|1733874021\n|switch|p1a: Dusknoir|Dusknoir, L89, F|159/225\n|turn|19\n|c| mathaysksk|seu do job\n|c|\u2606captianLEGO9|ggs\n|inactive|ohris124 has 90 seconds left.\n|c| mathaysksk|ruim\n|c|\u2606ohris124|gg\n|c| mathaysksk|melhora na proxima\n|\n|t:|1733874032\n|move|p1a: Dusknoir|Shadow Sneak|p2a: Blastoise\n|-damage|p2a: Blastoise|117/258\n|move|p2a: Blastoise|Hydro Pump|p1a: Dusknoir|[miss]\n|-miss|p2a: Blastoise|p1a: Dusknoir\n|\n|upkeep\n|turn|20\n|inactive|ohris124 has 90 seconds left.\n|c|\u2606ohris124|kkkkkkkkkkkk\n|\n|t:|1733874039\n|move|p1a: Dusknoir|Shadow Sneak|p2a: Blastoise\n|-damage|p2a: Blastoise|48/258\n|move|p2a: Blastoise|Hydro Pump|p1a: Dusknoir|[miss]\n|-miss|p2a: Blastoise|p1a: Dusknoir\n|\n|upkeep\n|turn|21\n|c|\u2606ohris124|KKKKKKKKKKKKKKKKKKKKKKKKK\n|c| mathaysksk|que sortudo\n|inactive|ohris124 has 90 seconds left.\n|c| mathaysksk|KKKKKKKKKKKKKKK\n|\n|t:|1733874051\n|switch|p2a: Wigglytuff|Wigglytuff, L96, F|424/424\n|-damage|p2a: Wigglytuff|371/424|[from] Stealth Rock\n|move|p1a: Dusknoir|Shadow Sneak|p2a: Wigglytuff\n|-immune|p2a: Wigglytuff\n|\n|-heal|p2a: Wigglytuff|397/424|[from] item: Leftovers\n|upkeep\n|turn|22\n|c|\u2606ohris124|afe\n|c|\u2606ohris124|ai se me ferra\n|inactive|ohris124 has 90 seconds left.\n|c|\u2606ohris124|o bendito do darknoir veio com scarf\n|c|\u2606ohris124|gg\n|\n|t:|1733874068\n|move|p1a: Dusknoir|Shadow Sneak|p2a: Wigglytuff\n|-immune|p2a: Wigglytuff\n|move|p2a: Wigglytuff|Alluring Voice|p1a: Dusknoir\n|-damage|p1a: Dusknoir|86/225\n|\n|-heal|p2a: Wigglytuff|423/424|[from] item: Leftovers\n|upkeep\n|turn|23\n|inactive|ohris124 has 90 seconds left.\n|\n|t:|1733874076\n|move|p1a: Dusknoir|Shadow Sneak|p2a: Wigglytuff\n|-immune|p2a: Wigglytuff\n|move|p2a: Wigglytuff|Fire Blast|p1a: Dusknoir\n|-damage|p1a: Dusknoir|28/225\n|\n|-heal|p2a: Wigglytuff|424/424|[from] item: Leftovers\n|upkeep\n|turn|24\n|c| mathaysksk|noob cebroxa\n|c| mathaysksk|seu noob\n|c| mathaysksk|melhora\n|c| mathaysksk|seu ruim\n|c|\u2606ohris124|cala a boca cara, eu vim com time random\n|inactive|ohris124 has 90 seconds left.\n|c| mathaysksk|ruino demais\n|c|\u2606ohris124|o cara veio com 2 lendarios\n|c| mathaysksk|ruino\n|\n|t:|1733874094\n|move|p1a: Dusknoir|Shadow Sneak|p2a: Wigglytuff\n|-immune|p2a: Wigglytuff\n|move|p2a: Wigglytuff|Fire Blast|p1a: Dusknoir\n|-damage|p1a: Dusknoir|0 fnt\n|faint|p1a: Dusknoir\n|\n|win|captianLEGO9\n", "inputlog": ">version bfd83cad13791eb5a5a409923076391caf6fb4d4\n>start {\"formatid\":\"gen9randombattle\",\"seed\":[15307,36379,1334,53542],\"rated\":\"Rated battle\"}\n>player p1 {\"name\":\"ohris124\",\"avatar\":\"170\",\"rating\":1058,\"seed\":[14093,25206,410,21734]}\n>player p2 {\"name\":\"captianLEGO9\",\"avatar\":\"169\",\"rating\":1040,\"seed\":[16634,61053,35735,14340]}\n>p1 move stealthrock\n>p2 move earthquake\n>p1 move overheat\n>p2 move earthquake\n>p1 move overheat\n>p2 move earthquake\n>p1 switch 4\n>p1 move sludgebomb\n>p2 move earthquake\n>p1 move sludgebomb\n>p2 move earthquake\n>p1 move sludgebomb\n>p2 move recover\n>chat \u2606ohris124|nice\n>p1 move knockoff\n>p2 move earthquake\n>p1 switch 3\n>p1 move poltergeist\n>p2 move sacredfire\n>p2 switch 4\n>p1 switch 5\n>p2 move knockoff\n>p1 move moonblast terastallize\n>p2 move earthquake\n>p2 switch 3\n>p1 move moonblast\n>p2 move shadowball\n>p1 switch 6\n>p1 move darkpulse\n>p2 move rest\n>p1 move dragonpulse\n>p2 move sleeptalk\n>p2 switch 6\n>p1 move uturn\n>p2 move terablast terastallize\n>p1 switch 5\n>p1 move poltergeist\n>p2 move shellsmash\n>chat \u2606ohris124|ah\n>chat  mathaysksk|noob\n>chat  mathaysksk|noooooob\n>chat  mathaysksk|nooiooooooooob\n>chat  mathaysksk|nooooooooooooooooob\n>chat \u2606ohris124|cala boca mathay\n>p1 switch 5\n>p2 move icebeam\n>chat  mathaysksk|noooooooooooob\n>chat  mathaysksk|nooooooooooooooooooooooooooooooooooooob\n>p1 move uturn\n>p2 move terablast\n>p1 switch 2\n>chat  mathaysksk|cebroca\n>chat \u2606ohris124|se mata vadia\n>chat  mathaysksk|cebroxa\n>chat \u2606ohris124|\u00e9 random essa porra\n>chat  mathaysksk|voce peedeu\n>chat  mathaysksk|feio\n>chat  mathaysksk|kkkkkkkk\n>chat \u2606ohris124|nah\n>chat  mathaysksk|noob\n>p1 move armorcannon\n>p2 move hydropump\n>chat  mathaysksk|joob\n>chat  mathaysksk|noob\n>chat  mathaysksk|noob\n>chat  mathaysksk|joob\n>chat \u2606ohris124|cala a boca\n>p1 switch 5\n>chat  mathaysksk|seu do job\n>chat \u2606captianLEGO9|ggs\n>chat  mathaysksk|ruim\n>chat \u2606ohris124|gg\n>chat  mathaysksk|melhora na proxima\n>p1 move shadowsneak\n>p2 move hydropump\n>chat \u2606ohris124|kkkkkkkkkkkk\n>p1 move shadowsneak\n>p2 move hydropump\n>chat \u2606ohris124|KKKKKKKKKKKKKKKKKKKKKKKKK\n>chat  mathaysksk|que sortudo\n>chat  mathaysksk|KKKKKKKKKKKKKKK\n>p1 move shadowsneak\n>p2 switch 5\n>chat \u2606ohris124|afe\n>chat \u2606ohris124|ai se me ferra\n>chat \u2606ohris124|o bendito do darknoir veio com scarf\n>chat \u2606ohris124|gg\n>p1 move shadowsneak\n>p2 move alluringvoice\n>p1 move shadowsneak\n>p2 move fireblast\n>chat  mathaysksk|noob cebroxa\n>chat  mathaysksk|seu noob\n>chat  mathaysksk|melhora\n>chat  mathaysksk|seu ruim\n>chat \u2606ohris124|cala a boca cara, eu vim com time random\n>chat  mathaysksk|ruino demais\n>chat \u2606ohris124|o cara veio com 2 lendarios\n>chat  mathaysksk|ruino\n>p1 move shadowsneak\n>p2 move fireblast", "uploadtime": 1733873999, "views": 2, "formatid": "gen9randombattle", "rating": null, "private": 0, "password": null}