{"id": "gen9randombattle-2260601325", "format": "[Gen 9] Random Battle", "players": ["hahahahihihi", "Azdeek101"], "log": "|j|\u203dhahahahihihi\n|j|\u2606Azdeek101\n|t:|1733867983\n|gametype|singles\n|player|p1|hahahahihihi|266|1116\n|player|p2|Azdeek101|n|1104\n|teamsize|p1|6\n|teamsize|p2|6\n|gen|9\n|tier|[Gen 9] Random Battle\n|rated|\n|rule|Species Clause: Limit one of each Pok\u00e9mon\n|rule|HP Percentage Mod: HP is shown in percentages\n|rule|Sleep Clause Mod: Limit one foe put to sleep\n|rule|Illusion Level Mod: Illusion disguises the Pok\u00e9mon's true level\n|\n|t:|1733867983\n|start\n|switch|p1a: Exeggutor|Exeggutor, L89, F|312/312\n|switch|p2a: Clefable|Clefable, L83, M|293/293\n|turn|1\n|inactive|Battle timer is ON: inactive players will automatically lose when time's up. (requested by hahahahihihi)\n|\n|t:|1733867999\n|move|p1a: Exeggutor|Substitute|p1a: Exeggutor\n|-start|p1a: Exeggutor|Substitute\n|-damage|p1a: Exeggutor|234/312\n|move|p2a: Clefable|Knock Off|p1a: Exeggutor\n|-supereffective|p1a: Exeggutor\n|-end|p1a: Exeggutor|Substitute\n|\n|upkeep\n|turn|2\n|inactive|hahahahihihi has 120 seconds left.\n|\n|t:|1733868034\n|switch|p1a: Infernape|Infernape, L82, M|259/259\n|move|p2a: Clefable|Knock Off|p1a: Infernape\n|-resisted|p1a: Infernape\n|-damage|p1a: Infernape|220/259\n|-enditem|p1a: Infernape|Choice Scarf|[from] move: Knock Off|[of] p2a: Clefable\n|\n|upkeep\n|turn|3\n|inactive|hahahahihihi has 120 seconds left.\n|\n|t:|1733868045\n|move|p1a: Infernape|Knock Off|p2a: Clefable\n|-resisted|p2a: Clefable\n|-damage|p2a: Clefable|250/293\n|-enditem|p2a: Clefable|Life Orb|[from] move: Knock Off|[of] p1a: Infernape\n|move|p2a: Clefable|Moonblast|p1a: Infernape\n|-damage|p1a: Infernape|112/259\n|\n|upkeep\n|turn|4\n|inactive|hahahahihihi has 120 seconds left.\n|\n|t:|1733868056\n|move|p1a: Infernape|Gunk Shot|p2a: Clefable\n|-supereffective|p2a: Clefable\n|-damage|p2a: Clefable|36/293\n|-status|p2a: Clefable|psn\n|move|p2a: Clefable|Moonblast|p1a: Infernape\n|-damage|p1a: Infernape|1/259\n|\n|upkeep\n|turn|5\n|inactive|hahahahihihi has 120 seconds left.\n|\n|t:|1733868067\n|move|p1a: Infernape|Knock Off|p2a: Clefable\n|-resisted|p2a: Clefable\n|-damage|p2a: Clefable|8/293 psn\n|move|p2a: Clefable|Stealth Rock|p1a: Infernape\n|-sidestart|p1: hahahahihihi|move: Stealth Rock\n|\n|upkeep\n|turn|6\n|inactive|hahahahihihi has 120 seconds left.\n|\n|t:|1733868076\n|move|p1a: Infernape|Knock Off|p2a: Clefable\n|-resisted|p2a: Clefable\n|-damage|p2a: Clefable|0 fnt\n|faint|p2a: Clefable\n|\n|upkeep\n|\n|t:|1733868086\n|switch|p2a: Squawkabilly|Squawkabilly-Blue, L85, F|278/278\n|turn|7\n|\n|t:|1733868098\n|move|p2a: Squawkabilly|Quick Attack|p1a: Infernape\n|-damage|p1a: Infernape|0 fnt\n|faint|p1a: Infernape\n|\n|-status|p2a: Squawkabilly|brn|[from] item: Flame Orb\n|upkeep\n|inactive|hahahahihihi has 120 seconds left.\n|\n|t:|1733868109\n|switch|p1a: Carbink|Carbink, L90|236/236\n|-damage|p1a: Carbink|207/236|[from] Stealth Rock\n|turn|8\n|\n|t:|1733868132\n|switch|p2a: Eelektross|Eelektross, L87, F|290/290\n|move|p1a: Carbink|Iron Defense|p1a: Carbink\n|-boost|p1a: Carbink|def|2\n|\n|upkeep\n|turn|9\n|\n|t:|1733868147\n|move|p1a: Carbink|Moonblast|p2a: Eelektross\n|-damage|p2a: Eelektross|220/290\n|move|p2a: Eelektross|Knock Off|p1a: Carbink\n|-resisted|p1a: Carbink\n|-damage|p1a: Carbink|194/236\n|-enditem|p1a: Carbink|Chesto Berry|[from] move: Knock Off|[of] p2a: Eelektross\n|\n|-heal|p2a: Eelektross|238/290|[from] item: Leftovers\n|upkeep\n|turn|10\n|\n|t:|1733868166\n|switch|p2a: Scovillain|Scovillain, L91, F|266/266\n|move|p1a: Carbink|Body Press|p2a: Scovillain\n|-damage|p2a: Scovillain|66/266\n|\n|upkeep\n|turn|11\n|\n|t:|1733868178\n|move|p2a: Scovillain|Energy Ball|p1a: Carbink\n|-supereffective|p1a: Carbink\n|-damage|p1a: Carbink|50/236\n|move|p1a: Carbink|Body Press|p2a: Scovillain\n|-damage|p2a: Scovillain|0 fnt\n|faint|p2a: Scovillain\n|\n|upkeep\n|\n|t:|1733868186\n|switch|p2a: Heatran|Heatran, L79, M|273/273\n|turn|12\n|\n|t:|1733868192\n|move|p2a: Heatran|Heavy Slam|p1a: Carbink\n|-supereffective|p1a: Carbink\n|-crit|p1a: Carbink\n|-damage|p1a: Carbink|0 fnt\n|faint|p1a: Carbink\n|\n|upkeep\n|\n|t:|1733868203\n|switch|p1a: Golduck|Golduck, L90, F|290/290\n|-damage|p1a: Golduck|254/290|[from] Stealth Rock\n|-ability|p1a: Golduck|Cloud Nine\n|turn|13\n|\n|t:|1733868215\n|-terastallize|p2a: Heatran|Steel\n|move|p1a: Golduck|Hydro Pump|p2a: Heatran\n|-damage|p2a: Heatran|164/273\n|-damage|p1a: Golduck|225/290|[from] item: Life Orb\n|move|p2a: Heatran|Heavy Slam|p1a: Golduck\n|-resisted|p1a: Golduck\n|-damage|p1a: Golduck|155/290\n|\n|upkeep\n|turn|14\n|\n|t:|1733868240\n|switch|p2a: Ribombee|Ribombee, L82, M|233/233\n|move|p1a: Golduck|Ice Beam|p2a: Ribombee\n|-damage|p2a: Ribombee|121/233\n|-damage|p1a: Golduck|126/290|[from] item: Life Orb\n|\n|upkeep\n|turn|15\n|\n|t:|1733868266\n|move|p2a: Ribombee|Moonblast|p1a: Golduck\n|-damage|p1a: Golduck|36/290\n|move|p1a: Golduck|Ice Beam|p2a: Ribombee\n|-damage|p2a: Ribombee|9/233\n|-damage|p1a: Golduck|7/290|[from] item: Life Orb\n|\n|upkeep\n|turn|16\n|inactive|hahahahihihi has 120 seconds left.\n|\n|t:|1733868281\n|move|p2a: Ribombee|U-turn|p1a: Golduck\n|-damage|p1a: Golduck|0 fnt\n|faint|p1a: Golduck\n|\n|t:|1733868287\n|switch|p2a: Heatran|Heatran, L79, M, tera:Steel|164/273|[from] U-turn\n|\n|upkeep\n|inactive|hahahahihihi has 120 seconds left.\n|\n|t:|1733868305\n|switch|p1a: Leafeon|Leafeon, L88, F|258/258\n|-damage|p1a: Leafeon|226/258|[from] Stealth Rock\n|turn|17\n|inactive|hahahahihihi has 120 seconds left.\n|\n|t:|1733868323\n|move|p1a: Leafeon|Swords Dance|p1a: Leafeon\n|-boost|p1a: Leafeon|atk|2\n|move|p2a: Heatran|Magma Storm|p1a: Leafeon\n|-supereffective|p1a: Leafeon\n|-damage|p1a: Leafeon|0 fnt\n|faint|p1a: Leafeon\n|\n|upkeep\n|\n|t:|1733868328\n|switch|p1a: Enamorus|Enamorus, L79, F|247/247\n|-damage|p1a: Enamorus|186/247|[from] Stealth Rock\n|turn|18\n|\n|t:|1733868349\n|-terastallize|p1a: Enamorus|Fighting\n|move|p1a: Enamorus|Superpower|p2a: Heatran\n|-supereffective|p2a: Heatran\n|-damage|p2a: Heatran|0 fnt\n|-boost|p1a: Enamorus|atk|1\n|-boost|p1a: Enamorus|def|1\n|faint|p2a: Heatran\n|\n|-heal|p1a: Enamorus|201/247|[from] item: Leftovers\n|upkeep\n|\n|t:|1733868368\n|switch|p2a: Squawkabilly|Squawkabilly-Blue, L85, F|278/278 brn\n|turn|19\n|\n|t:|1733868380\n|move|p1a: Enamorus|Superpower|p2a: Squawkabilly\n|-damage|p2a: Squawkabilly|0 fnt\n|-boost|p1a: Enamorus|atk|1\n|-boost|p1a: Enamorus|def|1\n|faint|p2a: Squawkabilly\n|\n|-heal|p1a: Enamorus|216/247|[from] item: Leftovers\n|upkeep\n|\n|t:|1733868393\n|switch|p2a: Eelektross|Eelektross, L87, F|238/290\n|turn|20\n|\n|t:|1733868401\n|move|p1a: Enamorus|Superpower|p2a: Eelektross\n|-damage|p2a: Eelektross|0 fnt\n|-boost|p1a: Enamorus|atk|1\n|-boost|p1a: Enamorus|def|1\n|faint|p2a: Eelektross\n|\n|-heal|p1a: Enamorus|231/247|[from] item: Leftovers\n|upkeep\n|\n|t:|1733868408\n|switch|p2a: Ribombee|Ribombee, L82, M|9/233\n|turn|21\n|\n|t:|1733868417\n|move|p2a: Ribombee|Moonblast|p1a: Enamorus\n|-supereffective|p1a: Enamorus\n|-damage|p1a: Enamorus|13/247\n|-boost|p1a: Enamorus|spa|1\n|move|p1a: Enamorus|Superpower|p2a: Ribombee\n|-resisted|p2a: Ribombee\n|-damage|p2a: Ribombee|0 fnt\n|-boost|p1a: Enamorus|atk|1\n|-boost|p1a: Enamorus|def|1\n|faint|p2a: Ribombee\n|\n|win|hahahahihihi\n|raw|hahahahihihi's rating: 1116 &rarr; <strong>1140</strong><br />(+24 for winning)\n|raw|Azdeek101's rating: 1104 &rarr; <strong>1080</strong><br />(-24 for losing)\n|l|\u2606Azdeek101\n|player|p2|\n", "inputlog": ">version bfd83cad13791eb5a5a409923076391caf6fb4d4\n>start {\"formatid\":\"gen9randombattle\",\"seed\":[37887,39218,27903,23658],\"rated\":\"Rated battle\"}\n>player p1 {\"name\":\"hahahahihihi\",\"avatar\":\"266\",\"rating\":1116,\"seed\":[3903,57687,54228,2401]}\n>player p2 {\"name\":\"Azdeek101\",\"avatar\":\"n\",\"rating\":1104,\"seed\":[60101,48015,26355,34134]}\n>p1 move substitute\n>p2 move knockoff\n>p1 switch 6\n>p2 move knockoff\n>p1 move knockoff\n>p2 move moonblast\n>p1 move gunkshot\n>p2 move moonblast\n>p1 move knockoff\n>p2 move stealthrock\n>p1 move knockoff\n>p2 move moonblast\n>p2 switch 3\n>p1 move flareblitz\n>p2 move quickattack\n>p1 switch 5\n>p1 move irondefense\n>p2 switch 5\n>p1 move moonblast\n>p2 move knockoff\n>p1 move bodypress\n>p2 switch 4\n>p1 move bodypress\n>p2 move energyball\n>p2 switch 2\n>p1 move bodypress\n>p2 move heavyslam\n>p1 switch 2\n>p1 move hydropump\n>p2 move heavyslam terastallize\n>p1 move icebeam\n>p2 switch 6\n>p1 move icebeam\n>p2 move moonblast\n>p1 move icebeam\n>p2 move uturn\n>p2 switch 6\n>p1 switch 4\n>p1 move swordsdance\n>p2 move magmastorm\n>p1 switch 3\n>p1 move superpower terastallize\n>p2 move heavyslam\n>p2 switch 5\n>p1 move superpower\n>p2 move bravebird\n>p2 switch 4\n>p1 move superpower\n>p2 move supercellslam\n>p2 switch 6\n>p1 move superpower\n>p2 move moonblast", "uploadtime": 1733868428, "views": 1, "formatid": "gen9randombattle", "rating": 1080, "private": 0, "password": null}