{"id": "gen9randombattle-2259913511", "format": "[Gen 9] Random Battle", "players": ["Badgametbh", "Olindo&Roselia"], "log": "|j|\u2606Badgametbh\n|j|\u2606Olindo&Roselia\n|t:|1733779343\n|gametype|singles\n|player|p1|Badgametbh|102|1820\n|player|p2|Olindo&Roselia|2|1815\n|teamsize|p1|6\n|teamsize|p2|6\n|gen|9\n|tier|[Gen 9] Random Battle\n|rated|\n|rule|Species Clause: Limit one of each Pok\u00e9mon\n|rule|HP Percentage Mod: HP is shown in percentages\n|rule|Sleep Clause Mod: Limit one foe put to sleep\n|rule|Illusion Level Mod: Illusion disguises the Pok\u00e9mon's true level\n|\n|t:|1733779343\n|start\n|switch|p1a: Yanmega|Yanmega, L82, M|275/275\n|switch|p2a: Sceptile|Sceptile, L87, F|264/264\n|turn|1\n|\n|t:|1733779350\n|move|p1a: Yanmega|Protect|p1a: Yanmega\n|-singleturn|p1a: Yanmega|Protect\n|move|p2a: Sceptile|Rock Slide|p1a: Yanmega\n|-activate|p1a: Yanmega|move: Protect\n|\n|-ability|p1a: Yanmega|Speed Boost|boost\n|-boost|p1a: Yanmega|spe|1\n|upkeep\n|turn|2\n|\n|t:|1733779362\n|move|p1a: Yanmega|Air Slash|p2a: Sceptile\n|-supereffective|p2a: Sceptile\n|-damage|p2a: Sceptile|76/264\n|move|p2a: Sceptile|Rock Slide|p1a: Yanmega\n|-supereffective|p1a: Yanmega\n|-damage|p1a: Yanmega|15/275\n|-damage|p2a: Sceptile|50/264|[from] item: Life Orb\n|\n|-ability|p1a: Yanmega|Speed Boost|boost\n|-boost|p1a: Yanmega|spe|1\n|upkeep\n|turn|3\n|inactive|Battle timer is ON: inactive players will automatically lose when time's up. (requested by Badgametbh)\n|\n|t:|1733779373\n|switch|p2a: Basculegion|Basculegion-F, L83, F|335/335\n|move|p1a: Yanmega|Air Slash|p2a: Basculegion\n|-damage|p2a: Basculegion|274/335\n|\n|-ability|p1a: Yanmega|Speed Boost|boost\n|-boost|p1a: Yanmega|spe|1\n|upkeep\n|turn|4\n|\n|t:|1733779384\n|switch|p1a: Pincurchin|Pincurchin, M|258/258\n|-fieldstart|move: Electric Terrain|[from] ability: Electric Surge|[of] p1a: Pincurchin\n|move|p2a: Basculegion|Flip Turn|p1a: Pincurchin\n|-damage|p1a: Pincurchin|192/258\n|\n|t:|1733779403\n|switch|p2a: Dipplin|Dipplin, L88, F|284/284|[from] Flip Turn\n|\n|-heal|p1a: Pincurchin|208/258|[from] item: Leftovers\n|upkeep\n|turn|5\n|\n|t:|1733779414\n|move|p2a: Dipplin|Dragon Pulse|p1a: Pincurchin\n|-damage|p1a: Pincurchin|129/258\n|move|p1a: Pincurchin|Spikes|p2a: Dipplin\n|-sidestart|p2: Olindo&Roselia|Spikes\n|\n|-heal|p1a: Pincurchin|145/258|[from] item: Leftovers\n|upkeep\n|turn|6\n|\n|t:|1733779421\n|switch|p1a: Blissey|Blissey, L84, F|566/566\n|move|p2a: Dipplin|Dragon Pulse|p1a: Blissey\n|-crit|p1a: Blissey\n|-damage|p1a: Blissey|466/566\n|\n|-heal|p1a: Blissey|501/566|[from] item: Leftovers\n|upkeep\n|turn|7\n|\n|t:|1733779425\n|switch|p2a: Zebstrika|Zebstrika, L87, F|272/272\n|-damage|p2a: Zebstrika|238/272|[from] Spikes\n|move|p1a: Blissey|Thunder Wave|p2a: Zebstrika\n|-immune|p2a: Zebstrika\n|\n|-heal|p1a: Blissey|536/566|[from] item: Leftovers\n|upkeep\n|turn|8\n|\n|t:|1733779432\n|switch|p1a: Yanmega|Yanmega, L82, M|15/275\n|move|p2a: Zebstrika|High Horsepower|p1a: Yanmega\n|-immune|p1a: Yanmega\n|\n|-fieldend|move: Electric Terrain\n|upkeep\n|turn|9\n|\n|t:|1733779438\n|switch|p2a: Basculegion|Basculegion-F, L83, F|274/335\n|-damage|p2a: Basculegion|233/335|[from] Spikes\n|move|p1a: Yanmega|Protect||[still]\n|-fail|p1a: Yanmega\n|\n|-ability|p1a: Yanmega|Speed Boost|boost\n|-boost|p1a: Yanmega|spe|1\n|upkeep\n|turn|10\n|\n|t:|1733779452\n|switch|p1a: Grumpig|Grumpig, L92, F|297/297\n|move|p2a: Basculegion|Flip Turn|p1a: Grumpig\n|-damage|p1a: Grumpig|199/297\n|\n|t:|1733779463\n|switch|p2a: Dipplin|Dipplin, L88, F|284/284|[from] Flip Turn\n|-damage|p2a: Dipplin|249/284|[from] Spikes\n|\n|upkeep\n|turn|11\n|\n|t:|1733779474\n|switch|p1a: Blissey|Blissey, L84, F|536/566\n|move|p2a: Dipplin|Dragon Pulse|p1a: Blissey\n|-damage|p1a: Blissey|467/566\n|\n|-heal|p1a: Blissey|502/566|[from] item: Leftovers\n|upkeep\n|turn|12\n|\n|t:|1733779479\n|switch|p2a: Zebstrika|Zebstrika, L87, F|238/272\n|-damage|p2a: Zebstrika|204/272|[from] Spikes\n|move|p1a: Blissey|Seismic Toss|p2a: Zebstrika\n|-damage|p2a: Zebstrika|120/272\n|\n|-heal|p1a: Blissey|537/566|[from] item: Leftovers\n|upkeep\n|turn|13\n|\n|t:|1733779490\n|switch|p1a: Groudon|Groudon, L72|263/263\n|-weather|SunnyDay|[from] ability: Drought|[of] p1a: Groudon\n|move|p2a: Zebstrika|Supercell Slam|p1a: Groudon\n|-immune|p1a: Groudon\n|-damage|p2a: Zebstrika|0 fnt|[from] supercellslam\n|faint|p2a: Zebstrika\n|\n|-weather|SunnyDay|[upkeep]\n|upkeep\n|\n|t:|1733779499\n|switch|p2a: Sceptile|Sceptile, L87, F|50/264\n|-damage|p2a: Sceptile|17/264|[from] Spikes\n|turn|14\n|\n|t:|1733779506\n|switch|p1a: Yanmega|Yanmega, L82, M|15/275\n|move|p2a: Sceptile|Leaf Storm|p1a: Yanmega|[miss]\n|-miss|p2a: Sceptile|p1a: Yanmega\n|\n|-weather|SunnyDay|[upkeep]\n|upkeep\n|turn|15\n|\n|t:|1733779513\n|move|p1a: Yanmega|Protect|p1a: Yanmega\n|-singleturn|p1a: Yanmega|Protect\n|move|p2a: Sceptile|Rock Slide|p1a: Yanmega\n|-activate|p1a: Yanmega|move: Protect\n|\n|-weather|SunnyDay|[upkeep]\n|-ability|p1a: Yanmega|Speed Boost|boost\n|-boost|p1a: Yanmega|spe|1\n|upkeep\n|turn|16\n|\n|t:|1733779515\n|move|p1a: Yanmega|Air Slash|p2a: Sceptile\n|-supereffective|p2a: Sceptile\n|-damage|p2a: Sceptile|0 fnt\n|faint|p2a: Sceptile\n|\n|-weather|SunnyDay|[upkeep]\n|-ability|p1a: Yanmega|Speed Boost|boost\n|-boost|p1a: Yanmega|spe|1\n|upkeep\n|\n|t:|1733779517\n|switch|p2a: Dipplin|Dipplin, L88, F|249/284\n|-damage|p2a: Dipplin|214/284|[from] Spikes\n|turn|17\n|\n|t:|1733779520\n|move|p2a: Dipplin|Sucker Punch|p1a: Yanmega\n|-damage|p1a: Yanmega|0 fnt\n|faint|p1a: Yanmega\n|\n|-weather|none\n|upkeep\n|\n|t:|1733779527\n|switch|p1a: Blissey|Blissey, L84, F|537/566\n|turn|18\n|\n|t:|1733779534\n|move|p1a: Blissey|Thunder Wave|p2a: Dipplin\n|-status|p2a: Dipplin|par\n|move|p2a: Dipplin|Giga Drain|p1a: Blissey\n|-damage|p1a: Blissey|476/566\n|-heal|p2a: Dipplin|245/284 par|[from] drain|[of] p1a: Blissey\n|\n|-heal|p1a: Blissey|511/566|[from] item: Leftovers\n|upkeep\n|turn|19\n|\n|t:|1733779539\n|switch|p2a: Basculegion|Basculegion-F, L83, F|233/335\n|-damage|p2a: Basculegion|192/335|[from] Spikes\n|move|p1a: Blissey|Seismic Toss|p2a: Basculegion\n|-immune|p2a: Basculegion\n|\n|-heal|p1a: Blissey|546/566|[from] item: Leftovers\n|upkeep\n|turn|20\n|\n|t:|1733779544\n|move|p2a: Basculegion|Wave Crash|p1a: Blissey\n|-damage|p1a: Blissey|90/566\n|-damage|p2a: Basculegion|42/335|[from] Recoil\n|move|p1a: Blissey|Thunder Wave|p2a: Basculegion\n|-status|p2a: Basculegion|par\n|\n|-heal|p1a: Blissey|125/566|[from] item: Leftovers\n|upkeep\n|turn|21\n|\n|t:|1733779551\n|switch|p1a: Pincurchin|Pincurchin, M|145/258\n|-fieldstart|move: Electric Terrain|[from] ability: Electric Surge|[of] p1a: Pincurchin\n|move|p2a: Basculegion|Wave Crash|p1a: Pincurchin\n|-damage|p1a: Pincurchin|23/258\n|-damage|p2a: Basculegion|2/335 par|[from] Recoil\n|\n|-heal|p1a: Pincurchin|39/258|[from] item: Leftovers\n|upkeep\n|turn|22\n|\n|t:|1733779559\n|cant|p2a: Basculegion|par\n|move|p1a: Pincurchin|Thunderbolt|p2a: Basculegion\n|-supereffective|p2a: Basculegion\n|-damage|p2a: Basculegion|0 fnt\n|faint|p2a: Basculegion\n|\n|-heal|p1a: Pincurchin|55/258|[from] item: Leftovers\n|upkeep\n|\n|t:|1733779563\n|switch|p2a: Volcanion|Volcanion, L79|255/255\n|-damage|p2a: Volcanion|224/255|[from] Spikes\n|turn|23\n|\n|t:|1733779574\n|move|p2a: Volcanion|Flamethrower|p1a: Pincurchin\n|-damage|p1a: Pincurchin|0 fnt\n|faint|p1a: Pincurchin\n|\n|upkeep\n|\n|t:|1733779584\n|switch|p1a: Roaring Moon|Roaring Moon, L72|270/270\n|turn|24\n|inactive|Olindo&Roselia has 120 seconds left.\n|c|\u2606Badgametbh|!randbats dipplin\n\n|c| Badgametbh|/raw <div class=\"infobox\"><span style=\"color:#999999;\">Moves for Dipplin in [Gen 9] Random Battle:</span><br/><b>Level</b>: 88<details open><summary>Bulky Attacker</summary><b>Tera Type</b>: Steel<br/><b>Moves</b>: <a href=\"https://dex.pokemonshowdown.com/moves/dragonpulse\" target=\"_blank\" class=\"subtle\" style=\"white-space:nowrap\">Dragon Pulse</a>, <a href=\"https://dex.pokemonshowdown.com/moves/dragontail\" target=\"_blank\" class=\"subtle\" style=\"white-space:nowrap\">Dragon Tail</a>, <a href=\"https://dex.pokemonshowdown.com/moves/gigadrain\" target=\"_blank\" class=\"subtle\" style=\"white-space:nowrap\">Giga Drain</a>, <a href=\"https://dex.pokemonshowdown.com/moves/recover\" target=\"_blank\" class=\"subtle\" style=\"white-space:nowrap\">Recover</a>, <a href=\"https://dex.pokemonshowdown.com/moves/suckerpunch\" target=\"_blank\" class=\"subtle\" style=\"white-space:nowrap\">Sucker Punch</a><br/><b>Ability</b>: Sticky Hold</details></div>\n|inactive|Olindo&Roselia has 90 seconds left.\n|inactive|Olindo&Roselia has 60 seconds left.\n|\n|t:|1733779683\n|move|p1a: Roaring Moon|Dragon Dance|p1a: Roaring Moon\n|-boost|p1a: Roaring Moon|atk|1\n|-boost|p1a: Roaring Moon|spe|1\n|move|p2a: Volcanion|Flamethrower|p1a: Roaring Moon\n|-resisted|p1a: Roaring Moon\n|-damage|p1a: Roaring Moon|180/270\n|\n|upkeep\n|turn|25\n|\n|t:|1733779689\n|move|p1a: Roaring Moon|Earthquake|p2a: Volcanion\n|-supereffective|p2a: Volcanion\n|-damage|p2a: Volcanion|60/255\n|move|p2a: Volcanion|Flamethrower|p1a: Roaring Moon\n|-resisted|p1a: Roaring Moon\n|-damage|p1a: Roaring Moon|90/270\n|\n|-fieldend|move: Electric Terrain\n|upkeep\n|turn|26\n|\n|t:|1733779693\n|move|p1a: Roaring Moon|Earthquake|p2a: Volcanion\n|-supereffective|p2a: Volcanion\n|-damage|p2a: Volcanion|0 fnt\n|faint|p2a: Volcanion\n|\n|upkeep\n|\n|t:|1733779695\n|switch|p2a: Dipplin|Dipplin, L88, F|245/284 par\n|-damage|p2a: Dipplin|210/284 par|[from] Spikes\n|turn|27\n|\n|t:|1733779702\n|move|p1a: Roaring Moon|Outrage|p2a: Dipplin\n|-supereffective|p2a: Dipplin\n|-crit|p2a: Dipplin\n|-damage|p2a: Dipplin|0 fnt\n|faint|p2a: Dipplin\n|\n|upkeep\n|\n|t:|1733779704\n|switch|p2a: Kingambit|Kingambit, L74, F|270/270\n|-damage|p2a: Kingambit|237/270|[from] Spikes\n|-activate|p2a: Kingambit|ability: Supreme Overlord\n|-start|p2a: Kingambit|fallen5|[silent]\n|turn|28\n|\n|t:|1733779709\n|move|p1a: Roaring Moon|Outrage|p2a: Kingambit|[from]lockedmove\n|-resisted|p2a: Kingambit\n|-damage|p2a: Kingambit|147/270\n|move|p2a: Kingambit|Swords Dance|p2a: Kingambit\n|-boost|p2a: Kingambit|atk|2\n|\n|-heal|p2a: Kingambit|163/270|[from] item: Leftovers\n|upkeep\n|turn|29\n|\n|t:|1733779715\n|move|p1a: Roaring Moon|Outrage|p2a: Kingambit|[from]lockedmove\n|-resisted|p2a: Kingambit\n|-damage|p2a: Kingambit|78/270\n|-start|p1a: Roaring Moon|confusion|[fatigue]\n|-enditem|p1a: Roaring Moon|Lum Berry|[eat]\n|-end|p1a: Roaring Moon|confusion\n|move|p2a: Kingambit|Swords Dance|p2a: Kingambit\n|-boost|p2a: Kingambit|atk|2\n|\n|-heal|p2a: Kingambit|94/270|[from] item: Leftovers\n|upkeep\n|turn|30\n|\n|t:|1733779720\n|move|p2a: Kingambit|Sucker Punch|p1a: Roaring Moon\n|-resisted|p1a: Roaring Moon\n|-damage|p1a: Roaring Moon|0 fnt\n|faint|p1a: Roaring Moon\n|-end|p1a: Roaring Moon|Protosynthesis|[silent]\n|\n|-heal|p2a: Kingambit|110/270|[from] item: Leftovers\n|upkeep\n|\n|t:|1733779722\n|switch|p1a: Groudon|Groudon, L72|263/263\n|-weather|SunnyDay|[from] ability: Drought|[of] p1a: Groudon\n|turn|31\n|\n|t:|1733779729\n|-terastallize|p2a: Kingambit|Flying\n|move|p1a: Groudon|Precipice Blades|p2a: Kingambit\n|-immune|p2a: Kingambit\n|move|p2a: Kingambit|Kowtow Cleave|p1a: Groudon\n|-damage|p1a: Groudon|0 fnt\n|faint|p1a: Groudon\n|\n|-weather|SunnyDay|[upkeep]\n|-heal|p2a: Kingambit|126/270|[from] item: Leftovers\n|upkeep\n|\n|t:|1733779733\n|switch|p1a: Blissey|Blissey, L84, F|125/566\n|turn|32\n|\n|t:|1733779745\n|move|p1a: Blissey|Thunder Wave|p2a: Kingambit\n|-status|p2a: Kingambit|par\n|cant|p2a: Kingambit|par\n|\n|-weather|SunnyDay|[upkeep]\n|-heal|p1a: Blissey|160/566|[from] item: Leftovers\n|-heal|p2a: Kingambit|142/270 par|[from] item: Leftovers\n|upkeep\n|turn|33\n|\n|t:|1733779751\n|move|p1a: Blissey|Soft-Boiled|p1a: Blissey\n|-heal|p1a: Blissey|443/566\n|move|p2a: Kingambit|Kowtow Cleave|p1a: Blissey\n|-damage|p1a: Blissey|0 fnt\n|faint|p1a: Blissey\n|\n|-weather|SunnyDay|[upkeep]\n|-heal|p2a: Kingambit|158/270 par|[from] item: Leftovers\n|upkeep\n|\n|t:|1733779753\n|switch|p1a: Grumpig|Grumpig, L92, F|199/297\n|turn|34\n|\n|t:|1733779759\n|move|p2a: Kingambit|Sucker Punch|p1a: Grumpig\n|-supereffective|p1a: Grumpig\n|-damage|p1a: Grumpig|0 fnt\n|faint|p1a: Grumpig\n|\n|win|Olindo&Roselia\n|raw|Badgametbh's rating: 1820 &rarr; <strong>1800</strong><br />(-20 for losing)\n|raw|Olindo&amp;Roselia's rating: 1815 &rarr; <strong>1835</strong><br />(+20 for winning)\n|c|\u2606Badgametbh|Lol\n", "inputlog": ">version bfd83cad13791eb5a5a409923076391caf6fb4d4\n>start {\"formatid\":\"gen9randombattle\",\"seed\":[59317,46545,26440,8613],\"rated\":\"Rated battle\"}\n>player p1 {\"name\":\"Badgametbh\",\"avatar\":\"102\",\"rating\":1820,\"seed\":[53297,11371,64417,49563]}\n>player p2 {\"name\":\"Olindo&Roselia\",\"avatar\":\"2\",\"rating\":1815,\"seed\":[59060,43360,13820,10602]}\n>p1 move protect\n>p2 move rockslide\n>p1 move airslash\n>p2 move rockslide\n>p1 move airslash\n>p2 switch 4\n>p1 switch 3\n>p2 move flipturn\n>p2 switch 5\n>p1 move spikes\n>p2 move dragonpulse\n>p1 switch 2\n>p2 move dragonpulse\n>p1 move thunderwave\n>p2 switch 6\n>p1 switch 3\n>p2 move highhorsepower\n>p1 move protect\n>p2 switch 5\n>p1 switch 4\n>p2 move flipturn\n>p2 switch 6\n>p1 switch 3\n>p2 move dragonpulse\n>p1 move seismictoss\n>p2 switch 5\n>p1 switch 6\n>p2 move supercellslam\n>p2 switch 4\n>p1 switch 4\n>p2 move leafstorm\n>p1 move protect\n>p2 move rockslide\n>p1 move airslash\n>p2 move rockslide\n>p2 switch 5\n>p1 move airslash\n>p2 move suckerpunch\n>p1 switch 6\n>p1 move thunderwave\n>p2 move gigadrain\n>p1 move seismictoss\n>p2 switch 6\n>p1 move thunderwave\n>p2 move wavecrash\n>p1 switch 2\n>p2 move wavecrash\n>p1 move thunderbolt\n>p2 move shadowball\n>p2 switch 3\n>p1 move thunderbolt\n>p2 move flamethrower\n>p1 switch 5\n>chat \u2606Badgametbh|!randbats dipplin\n>p1 move dragondance\n>p2 move flamethrower\n>p1 move earthquake\n>p2 move flamethrower\n>p1 move earthquake\n>p2 move flamethrower\n>p2 switch 6\n>p1 move outrage\n>p2 move dragonpulse\n>p2 switch 2\n>p1 move outrage\n>p2 move swordsdance\n>p1 move outrage\n>p2 move swordsdance\n>p1 move earthquake\n>p2 move suckerpunch\n>p1 switch 4\n>p1 move precipiceblades\n>p2 move kowtowcleave terastallize\n>p1 switch 2\n>p1 move thunderwave\n>p2 move kowtowcleave\n>p1 move softboiled\n>p2 move kowtowcleave\n>p1 switch 3\n>p1 move shadowball\n>p2 move suckerpunch", "uploadtime": 1733779763, "views": 1, "formatid": "gen9randombattle", "rating": 1800, "private": 0, "password": null}