{"id": "gen9randombattle-2260738194", "format": "[Gen 9] Random Battle", "players": ["Bluetool", "xxxxxxxxxxa"], "log": "|j|\u2606Bluetool\n|j|\u2606xxxxxxxxxxa\n|t:|1733885056\n|gametype|singles\n|player|p1|Bluetool|morty|1524\n|player|p2|xxxxxxxxxxa|swimmer|1515\n|teamsize|p1|6\n|teamsize|p2|6\n|gen|9\n|tier|[Gen 9] Random Battle\n|rated|\n|rule|Species Clause: Limit one of each Pok\u00e9mon\n|rule|HP Percentage Mod: HP is shown in percentages\n|rule|Sleep Clause Mod: Limit one foe put to sleep\n|rule|Illusion Level Mod: Illusion disguises the Pok\u00e9mon's true level\n|\n|t:|1733885056\n|start\n|switch|p1a: Landorus|Landorus, L75, M|257/257\n|switch|p2a: Hoopa|Hoopa, L85|275/275\n|turn|1\n|inactive|Battle timer is ON: inactive players will automatically lose when time's up. (requested by xxxxxxxxxxa)\n|\n|t:|1733885075\n|switch|p1a: Hitmontop|Hitmontop, L88, M|231/231\n|-ability|p1a: Hitmontop|Intimidate|boost\n|-unboost|p2a: Hoopa|atk|1\n|move|p2a: Hoopa|Psychic|p1a: Hitmontop\n|-supereffective|p1a: Hitmontop\n|-damage|p1a: Hitmontop|69/231\n|\n|upkeep\n|turn|2\n|\n|t:|1733885080\n|move|p1a: Hitmontop|Sucker Punch|p2a: Hoopa\n|-supereffective|p2a: Hoopa\n|-damage|p2a: Hoopa|15/275\n|move|p2a: Hoopa|Psychic|p1a: Hitmontop\n|-supereffective|p1a: Hitmontop\n|-damage|p1a: Hitmontop|0 fnt\n|faint|p1a: Hitmontop\n|\n|upkeep\n|\n|t:|1733885085\n|switch|p1a: Bruxish|Bruxish, L85, M|254/254\n|turn|3\n|\n|t:|1733885089\n|switch|p2a: Luvdisc|Luvdisc, M|247/247\n|move|p1a: Bruxish|Psychic Fangs|p2a: Luvdisc\n|-damage|p2a: Luvdisc|0 fnt\n|faint|p2a: Luvdisc\n|\n|upkeep\n|\n|t:|1733885096\n|switch|p2a: Weavile|Weavile, L79, F|239/239\n|turn|4\n|\n|t:|1733885122\n|switch|p1a: Abomasnow|Abomasnow, L85, F|291/291\n|-weather|Snow|[from] ability: Snow Warning|[of] p1a: Abomasnow\n|move|p2a: Weavile|Knock Off|p1a: Abomasnow\n|-damage|p1a: Abomasnow|174/291\n|-enditem|p1a: Abomasnow|Light Clay|[from] move: Knock Off|[of] p2a: Weavile\n|\n|-weather|Snow|[upkeep]\n|upkeep\n|turn|5\n|\n|t:|1733885127\n|switch|p2a: Hoopa|Hoopa, L85|15/275\n|move|p1a: Abomasnow|Aurora Veil|p1a: Abomasnow\n|-sidestart|p1: Bluetool|move: Aurora Veil\n|\n|-weather|Snow|[upkeep]\n|upkeep\n|turn|6\n|\n|t:|1733885146\n|move|p1a: Abomasnow|Ice Shard|p2a: Hoopa\n|-damage|p2a: Hoopa|0 fnt\n|faint|p2a: Hoopa\n|\n|-weather|Snow|[upkeep]\n|upkeep\n|\n|t:|1733885150\n|switch|p2a: Vikavolt|Vikavolt, L83, F|263/263\n|turn|7\n|\n|t:|1733885156\n|move|p1a: Abomasnow|Blizzard|p2a: Vikavolt\n|-damage|p2a: Vikavolt|134/263\n|move|p2a: Vikavolt|Sticky Web|p1a: Abomasnow\n|-sidestart|p1: Bluetool|move: Sticky Web\n|\n|-weather|Snow|[upkeep]\n|upkeep\n|turn|8\n|\n|t:|1733885159\n|move|p1a: Abomasnow|Blizzard|p2a: Vikavolt\n|-damage|p2a: Vikavolt|7/263\n|move|p2a: Vikavolt|Bug Buzz|p1a: Abomasnow\n|-supereffective|p1a: Abomasnow\n|-damage|p1a: Abomasnow|47/291\n|\n|-weather|none\n|upkeep\n|turn|9\n|\n|t:|1733885164\n|move|p1a: Abomasnow|Ice Shard|p2a: Vikavolt\n|-damage|p2a: Vikavolt|0 fnt\n|faint|p2a: Vikavolt\n|\n|-sideend|p1: Bluetool|move: Aurora Veil\n|upkeep\n|\n|t:|1733885171\n|switch|p2a: Froslass|Froslass, L87, F|263/263\n|turn|10\n|inactive|Bluetool has 120 seconds left.\n|\n|t:|1733885230\n|move|p2a: Froslass|Triple Axel|p1a: Abomasnow\n|-damage|p1a: Abomasnow|25/291\n|-damage|p1a: Abomasnow|0 fnt\n|faint|p1a: Abomasnow\n|-hitcount|p1: Abomasnow|2\n|\n|upkeep\n|\n|t:|1733885237\n|switch|p1a: Bruxish|Bruxish, L85, M|254/254\n|-activate|p1a: Bruxish|move: Sticky Web\n|-unboost|p1a: Bruxish|spe|1\n|turn|11\n|\n|t:|1733885242\n|move|p2a: Froslass|Poltergeist|p1a: Bruxish\n|-activate|p1a: Bruxish|move: Poltergeist|Choice Band\n|-supereffective|p1a: Bruxish\n|-damage|p1a: Bruxish|2/254\n|move|p1a: Bruxish|Crunch|p2a: Froslass\n|-supereffective|p2a: Froslass\n|-damage|p2a: Froslass|0 fnt\n|faint|p2a: Froslass\n|\n|upkeep\n|\n|t:|1733885249\n|switch|p2a: Weavile|Weavile, L79, F|239/239\n|turn|12\n|\n|t:|1733885254\n|move|p2a: Weavile|Triple Axel|p1a: Bruxish\n|-resisted|p1a: Bruxish\n|-damage|p1a: Bruxish|0 fnt\n|faint|p1a: Bruxish\n|-hitcount|p1: Bruxish|1\n|\n|upkeep\n|inactive|Bluetool has 120 seconds left.\n|\n|t:|1733885289\n|switch|p1a: Pecharunt|Pecharunt, L77|262/262\n|-activate|p1a: Pecharunt|move: Sticky Web\n|-unboost|p1a: Pecharunt|spe|1\n|turn|13\n|\n|t:|1733885297\n|switch|p2a: Overqwil|Overqwil, L82, M|274/274\n|-ability|p2a: Overqwil|Intimidate|boost\n|-unboost|p1a: Pecharunt|atk|1\n|-terastallize|p1a: Pecharunt|Dark\n|move|p1a: Pecharunt|Malignant Chain|p2a: Overqwil\n|-resisted|p2a: Overqwil\n|-damage|p2a: Overqwil|221/274\n|\n|upkeep\n|turn|14\n|\n|t:|1733885306\n|move|p2a: Overqwil|Swords Dance|p2a: Overqwil\n|-boost|p2a: Overqwil|atk|2\n|move|p1a: Pecharunt|Parting Shot|p2a: Overqwil\n|-unboost|p2a: Overqwil|atk|1\n|-unboost|p2a: Overqwil|spa|1\n|\n|t:|1733885311\n|switch|p1a: Landorus|Landorus, L75, M|257/257|[from] Parting Shot\n|\n|upkeep\n|turn|15\n|\n|t:|1733885314\n|-terastallize|p2a: Overqwil|Dragon\n|move|p1a: Landorus|Earth Power|p2a: Overqwil\n|-damage|p2a: Overqwil|38/274\n|move|p2a: Overqwil|Scale Shot|p1a: Landorus\n|-crit|p1a: Landorus\n|-damage|p1a: Landorus|181/257\n|-damage|p1a: Landorus|129/257\n|-damage|p1a: Landorus|80/257\n|-damage|p1a: Landorus|28/257\n|-damage|p1a: Landorus|0 fnt\n|faint|p1a: Landorus\n|-hitcount|p1: Landorus|5\n|-unboost|p2a: Overqwil|def|1\n|-boost|p2a: Overqwil|spe|1\n|\n|upkeep\n|inactive|Bluetool has 120 seconds left.\n|\n|t:|1733885331\n|switch|p1a: Pecharunt|Pecharunt, L77, tera:Dark|262/262\n|-activate|p1a: Pecharunt|move: Sticky Web\n|-unboost|p1a: Pecharunt|spe|1\n|turn|16\n|\n|t:|1733885339\n|move|p2a: Overqwil|Gunk Shot|p1a: Pecharunt\n|-damage|p1a: Pecharunt|123/262\n|-status|p1a: Pecharunt|psn\n|move|p1a: Pecharunt|Malignant Chain|p2a: Overqwil\n|-damage|p2a: Overqwil|0 fnt\n|faint|p2a: Overqwil\n|\n|-heal|p1a: Pecharunt|139/262 psn|[from] item: Leftovers\n|-damage|p1a: Pecharunt|107/262 psn|[from] psn\n|upkeep\n|\n|t:|1733885342\n|switch|p2a: Weavile|Weavile, L79, F|239/239\n|turn|17\n|\n|t:|1733885354\n|move|p2a: Weavile|Triple Axel|p1a: Pecharunt\n|-damage|p1a: Pecharunt|82/262 psn\n|-damage|p1a: Pecharunt|36/262 psn\n|-damage|p1a: Pecharunt|0 fnt\n|faint|p1a: Pecharunt\n|-hitcount|p1: Pecharunt|3\n|\n|upkeep\n|inactive|Bluetool has 120 seconds left.\n|\n|t:|1733885367\n|switch|p1a: Meloetta|Meloetta, L82|298/298\n|-activate|p1a: Meloetta|move: Sticky Web\n|-unboost|p1a: Meloetta|spe|1\n|turn|18\n|\n|t:|1733885370\n|move|p2a: Weavile|Triple Axel|p1a: Meloetta\n|-damage|p1a: Meloetta|259/298\n|-damage|p1a: Meloetta|183/298\n|-damage|p1a: Meloetta|65/298\n|-hitcount|p1a: Meloetta|3\n|move|p1a: Meloetta|Focus Blast|p2a: Weavile|[miss]\n|-miss|p1a: Meloetta|p2a: Weavile\n|\n|upkeep\n|turn|19\n|c|\u2606xxxxxxxxxxa|oof\n|c|\u2606Bluetool|gg\n|c|\u2606xxxxxxxxxxa|gg\n|c|\u2606Bluetool|way she goes\n|\n|t:|1733885386\n|move|p2a: Weavile|Triple Axel|p1a: Meloetta|[miss]\n|-miss|p2a: Weavile|p1a: Meloetta\n|move|p1a: Meloetta|Focus Blast|p2a: Weavile\n|-supereffective|p2a: Weavile\n|-damage|p2a: Weavile|0 fnt\n|faint|p2a: Weavile\n|\n|win|Bluetool\n|raw|Bluetool's rating: 1524 &rarr; <strong>1543</strong><br />(+19 for winning)\n|raw|xxxxxxxxxxa's rating: 1515 &rarr; <strong>1496</strong><br />(-19 for losing)\n|c|\u2606xxxxxxxxxxa|I can miss too\n|c|\u2606xxxxxxxxxxa|yea\n|c|\u2606xxxxxxxxxxa|lol\n|c|\u2606Bluetool|O.O\n|c|\u2606Bluetool|lol gg my guy\n", "inputlog": ">version bfd83cad13791eb5a5a409923076391caf6fb4d4\n>start {\"formatid\":\"gen9randombattle\",\"seed\":[11421,56726,12264,3809],\"rated\":\"Rated battle\"}\n>player p1 {\"name\":\"Bluetool\",\"avatar\":\"morty\",\"rating\":1524,\"seed\":[34111,19565,56531,49346]}\n>player p2 {\"name\":\"xxxxxxxxxxa\",\"avatar\":\"swimmer\",\"rating\":1515,\"seed\":[39193,39168,42205,31282]}\n>p1 switch 4\n>p2 move psychic\n>p1 move suckerpunch\n>p2 move psychic\n>p1 switch 3\n>p1 move psychicfangs\n>p2 switch 6\n>p2 switch 3\n>p1 switch 5\n>p2 move knockoff\n>p1 move auroraveil\n>p2 switch 6\n>p1 move iceshard\n>p2 move focusblast\n>p2 switch 4\n>p1 move blizzard\n>p2 move stickyweb\n>p1 move blizzard\n>p2 move bugbuzz\n>p1 move iceshard\n>p2 move bugbuzz\n>p2 switch 2\n>p1 move blizzard\n>p2 move tripleaxel\n>p1 switch 5\n>p1 move crunch\n>p2 move poltergeist\n>p2 switch 6\n>p1 move crunch\n>p2 move tripleaxel\n>p1 switch 2\n>p1 move malignantchain terastallize\n>p2 switch 5\n>p1 move partingshot\n>p2 move swordsdance\n>p1 switch 4\n>p1 move earthpower\n>p2 move scaleshot terastallize\n>p1 switch 4\n>p1 move malignantchain\n>p2 move gunkshot\n>p2 switch 5\n>p1 move malignantchain\n>p2 move tripleaxel\n>p1 switch 6\n>p1 move focusblast\n>p2 move tripleaxel\n>chat \u2606xxxxxxxxxxa|oof\n>chat \u2606Bluetool|gg\n>chat \u2606xxxxxxxxxxa|gg\n>chat \u2606Bluetool|way she goes\n>p1 move focusblast\n>p2 move tripleaxel", "uploadtime": 1733885412, "views": 9, "formatid": "gen9randombattle", "rating": 1496, "private": 0, "password": null}