{"id": "gen9randombattle-2126793033", "format": "[Gen 9] Random Battle", "players": ["Arceustwo", "franzferdinand11"], "log": "|badge|p2|bronze|gen9randombattle|100-1\n|uhtml|medal-msg|<div class=\"broadcast-blue\">Curious what those medals under the avatar are? PS now has Ladder Seasons! For more information, check out the <a href=\"https://www.smogon.com/forums/threads/3740067/\">thread on Smogon.</a></div>\n|j|\u2606Arceustwo\n|j|\u2606franzferdinand11\n|t:|1716217127\n|gametype|singles\n|player|p1|Arceustwo|gordie|2229\n|player|p2|franzferdinand11|blaine|2294\n|teamsize|p1|6\n|teamsize|p2|6\n|gen|9\n|tier|[Gen 9] Random Battle\n|rated|\n|rule|Species Clause: Limit one of each Pok\u00e9mon\n|rule|HP Percentage Mod: HP is shown in percentages\n|rule|Sleep Clause Mod: Limit one foe put to sleep\n|rule|Illusion Level Mod: Illusion disguises the Pok\u00e9mon's true level\n|\n|t:|1716217127\n|start\n|switch|p1a: Indeedee|Indeedee-F, L90, F|272/272\n|switch|p2a: Blaziken|Blaziken, L76, F|247/247\n|-fieldstart|move: Psychic Terrain|[from] ability: Psychic Surge|[of] p1a: Indeedee\n|turn|1\n|\n|t:|1716217137\n|move|p2a: Blaziken|Protect|p2a: Blaziken\n|-singleturn|p2a: Blaziken|Protect\n|move|p1a: Indeedee|Psychic|p2a: Blaziken\n|-activate|p2a: Blaziken|move: Protect\n|\n|-ability|p2a: Blaziken|Speed Boost|boost\n|-boost|p2a: Blaziken|spe|1\n|upkeep\n|turn|2\n|inactive|Battle timer is ON: inactive players will automatically lose when time's up. (requested by franzferdinand11)\n|\n|t:|1716217155\n|move|p2a: Blaziken|Knock Off|p1a: Indeedee\n|-supereffective|p1a: Indeedee\n|-damage|p1a: Indeedee|72/272\n|-enditem|p1a: Indeedee|Choice Specs|[from] move: Knock Off|[of] p2a: Blaziken\n|-damage|p2a: Blaziken|223/247|[from] item: Life Orb\n|move|p1a: Indeedee|Psychic|p2a: Blaziken\n|-supereffective|p2a: Blaziken\n|-damage|p2a: Blaziken|0 fnt\n|faint|p2a: Blaziken\n|\n|upkeep\n|j| nocomment3\n|\n|t:|1716217160\n|switch|p2a: Pachirisu|Pachirisu, L96, F|271/271\n|turn|3\n|\n|t:|1716217167\n|switch|p1a: Palossand|Palossand, L89, F|296/296\n|move|p2a: Pachirisu|U-turn|p1a: Palossand\n|-resisted|p1a: Palossand\n|-damage|p1a: Palossand|282/296\n|\n|t:|1716217171\n|switch|p2a: Gliscor|Gliscor, L76, F|239/239|[from] U-turn\n|\n|-heal|p1a: Palossand|296/296|[from] item: Leftovers\n|-status|p2a: Gliscor|tox|[from] item: Toxic Orb\n|upkeep\n|turn|4\n|\n|t:|1716217176\n|move|p2a: Gliscor|Knock Off|p1a: Palossand\n|-supereffective|p1a: Palossand\n|-damage|p1a: Palossand|208/296\n|-enditem|p1a: Palossand|Leftovers|[from] move: Knock Off|[of] p2a: Gliscor\n|move|p1a: Palossand|Stealth Rock|p2a: Gliscor\n|-sidestart|p2: franzferdinand11|move: Stealth Rock\n|\n|upkeep\n|turn|5\n|\n|t:|1716217182\n|move|p2a: Gliscor|Earthquake|p1a: Palossand\n|-damage|p1a: Palossand|144/296\n|move|p1a: Palossand|Shore Up|p1a: Palossand\n|-heal|p1a: Palossand|292/296\n|\n|-fieldend|move: Psychic Terrain\n|upkeep\n|turn|6\n|\n|t:|1716217199\n|move|p2a: Gliscor|Protect|p2a: Gliscor\n|-singleturn|p2a: Gliscor|Protect\n|move|p1a: Palossand|Shadow Ball|p2a: Gliscor\n|-activate|p2a: Gliscor|move: Protect\n|\n|upkeep\n|turn|7\n|\n|t:|1716217213\n|move|p2a: Gliscor|Earthquake|p1a: Palossand\n|-damage|p1a: Palossand|223/296\n|move|p1a: Palossand|Shadow Ball|p2a: Gliscor\n|-damage|p2a: Gliscor|116/239 tox\n|\n|-heal|p2a: Gliscor|145/239 tox|[from] ability: Poison Heal\n|upkeep\n|turn|8\n|\n|t:|1716217235\n|move|p2a: Gliscor|U-turn|p1a: Palossand\n|-resisted|p1a: Palossand\n|-damage|p1a: Palossand|207/296\n|\n|t:|1716217238\n|switch|p2a: Mimikyu|Mimikyu, L79, F|216/216|[from] U-turn\n|-damage|p2a: Mimikyu|189/216|[from] Stealth Rock\n|move|p1a: Palossand|Shadow Ball|p2a: Mimikyu\n|-activate|p2a: Mimikyu|ability: Disguise\n|-damage|p2a: Mimikyu|189/216\n|detailschange|p2a: Mimikyu|Mimikyu-Busted, L79, F\n|-damage|p2a: Mimikyu|162/216|[from] pokemon: Mimikyu-Busted\n|\n|upkeep\n|turn|9\n|\n|t:|1716217244\n|switch|p1a: Indeedee|Indeedee-F, L90, F|72/272\n|-fieldstart|move: Psychic Terrain|[from] ability: Psychic Surge|[of] p1a: Indeedee\n|move|p2a: Mimikyu|Wood Hammer|p1a: Indeedee\n|-damage|p1a: Indeedee|0 fnt\n|faint|p1a: Indeedee\n|-damage|p2a: Mimikyu|138/216|[from] Recoil\n|-damage|p2a: Mimikyu|117/216|[from] item: Life Orb\n|\n|upkeep\n|\n|t:|1716217257\n|switch|p1a: Garganacl|Garganacl, L80, M|291/291\n|turn|10\n|\n|t:|1716217274\n|switch|p2a: Pachirisu|Pachirisu, L96, F|271/271\n|move|p1a: Garganacl|Iron Defense|p1a: Garganacl\n|-boost|p1a: Garganacl|def|2\n|\n|upkeep\n|turn|11\n|\n|t:|1716217278\n|switch|p1a: Palossand|Palossand, L89, F|207/296\n|move|p2a: Pachirisu|Encore||[still]\n|-fail|p2a: Pachirisu\n|\n|upkeep\n|turn|12\n|\n|t:|1716217281\n|move|p2a: Pachirisu|U-turn|p1a: Palossand\n|-resisted|p1a: Palossand\n|-damage|p1a: Palossand|192/296\n|\n|t:|1716217284\n|switch|p2a: Gliscor|Gliscor, L76, F|145/239 tox|[from] U-turn\n|-damage|p2a: Gliscor|116/239 tox|[from] Stealth Rock\n|move|p1a: Palossand|Shadow Ball|p2a: Gliscor\n|-damage|p2a: Gliscor|4/239 tox\n|\n|-heal|p2a: Gliscor|33/239 tox|[from] ability: Poison Heal\n|upkeep\n|turn|13\n|\n|t:|1716217288\n|move|p2a: Gliscor|Earthquake|p1a: Palossand\n|-damage|p1a: Palossand|123/296\n|move|p1a: Palossand|Shadow Ball|p2a: Gliscor\n|-damage|p2a: Gliscor|0 fnt\n|faint|p2a: Gliscor\n|\n|-fieldend|move: Psychic Terrain\n|upkeep\n|\n|t:|1716217293\n|switch|p2a: Blastoise|Blastoise, L80, F|258/258\n|-damage|p2a: Blastoise|226/258|[from] Stealth Rock\n|turn|14\n|\n|t:|1716217299\n|move|p2a: Blastoise|Shell Smash|p2a: Blastoise\n|-unboost|p2a: Blastoise|def|1\n|-unboost|p2a: Blastoise|spd|1\n|-boost|p2a: Blastoise|atk|2\n|-boost|p2a: Blastoise|spa|2\n|-boost|p2a: Blastoise|spe|2\n|-enditem|p2a: Blastoise|White Herb\n|-clearnegativeboost|p2a: Blastoise|[silent]\n|move|p1a: Palossand|Shore Up|p1a: Palossand\n|-heal|p1a: Palossand|271/296\n|\n|upkeep\n|turn|15\n|l| nocomment3\n|\n|t:|1716217317\n|-terastallize|p2a: Blastoise|Grass\n|move|p2a: Blastoise|Tera Blast|p1a: Palossand|[anim] Tera Blast Grass\n|-supereffective|p1a: Palossand\n|-damage|p1a: Palossand|0 fnt\n|faint|p1a: Palossand\n|\n|upkeep\n|\n|t:|1716217337\n|switch|p1a: Cinccino|Cinccino, L83, F|260/260\n|turn|16\n|inactive|Arceustwo has 120 seconds left.\n|\n|t:|1716217362\n|-terastallize|p1a: Cinccino|Grass\n|move|p2a: Blastoise|Ice Beam|p1a: Cinccino\n|-supereffective|p1a: Cinccino\n|-damage|p1a: Cinccino|0 fnt\n|faint|p1a: Cinccino\n|\n|upkeep\n|\n|t:|1716217367\n|switch|p1a: Heracross|Heracross, L80, F|259/259\n|turn|17\n|\n|t:|1716217372\n|move|p2a: Blastoise|Hydro Pump|p1a: Heracross\n|-damage|p1a: Heracross|76/259\n|move|p1a: Heracross|Close Combat|p2a: Blastoise\n|-damage|p2a: Blastoise|100/258\n|-unboost|p1a: Heracross|def|1\n|-unboost|p1a: Heracross|spd|1\n|\n|-status|p1a: Heracross|brn|[from] item: Flame Orb\n|upkeep\n|turn|18\n|\n|t:|1716217376\n|move|p2a: Blastoise|Tera Blast|p1a: Heracross|[anim] Tera Blast Grass\n|-resisted|p1a: Heracross\n|-damage|p1a: Heracross|0 fnt\n|faint|p1a: Heracross\n|\n|upkeep\n|\n|t:|1716217382\n|switch|p1a: Jolteon|Jolteon, L84, M|246/246\n|turn|19\n|\n|t:|1716217385\n|move|p2a: Blastoise|Hydro Pump|p1a: Jolteon\n|-damage|p1a: Jolteon|53/246\n|move|p1a: Jolteon|Tera Blast|p2a: Blastoise\n|-damage|p2a: Blastoise|47/258\n|\n|-heal|p1a: Jolteon|68/246|[from] item: Leftovers\n|upkeep\n|turn|20\n|\n|t:|1716217389\n|move|p2a: Blastoise|Tera Blast|p1a: Jolteon|[anim] Tera Blast Grass\n|-damage|p1a: Jolteon|0 fnt\n|faint|p1a: Jolteon\n|\n|upkeep\n|\n|t:|1716217391\n|switch|p1a: Garganacl|Garganacl, L80, M|291/291\n|turn|21\n|\n|t:|1716217395\n|move|p2a: Blastoise|Tera Blast|p1a: Garganacl|[anim] Tera Blast Grass\n|-supereffective|p1a: Garganacl\n|-damage|p1a: Garganacl|9/291\n|move|p1a: Garganacl|Body Press|p2a: Blastoise\n|-damage|p2a: Blastoise|0 fnt\n|faint|p2a: Blastoise\n|\n|-heal|p1a: Garganacl|27/291|[from] item: Leftovers\n|upkeep\n|-message|Arceustwo forfeited.\n|\n|win|franzferdinand11\n|raw|Arceustwo's rating: 2229 &rarr; <strong>2213</strong><br />(-16 for losing)\n|raw|franzferdinand11's rating: 2294 &rarr; <strong>2310</strong><br />(+16 for winning)\n|l|\u2606Arceustwo\n|player|p1|\n", "inputlog": ">version 7158ead19aeac8750849df2840eabb6dbec77df6\n>start {\"formatid\":\"gen9randombattle\",\"seed\":[1776,7249,56757,55644],\"rated\":\"Rated battle\"}\n>player p1 {\"name\":\"Arceustwo\",\"avatar\":\"gordie\",\"rating\":2229,\"seed\":[44660,31711,37183,63957]}\n>player p2 {\"name\":\"franzferdinand11\",\"avatar\":\"blaine\",\"rating\":2294,\"seed\":[3689,40122,50163,59377]}\n>p1 move psychic\n>p2 move protect\n>p1 move psychic\n>p2 move knockoff\n>p2 switch 3\n>p1 switch 2\n>p2 move uturn\n>p2 switch 4\n>p1 move stealthrock\n>p2 move knockoff\n>p1 move shoreup\n>p2 move earthquake\n>p1 move shadowball\n>p2 move protect\n>p1 move shadowball\n>p2 move earthquake\n>p1 move shadowball\n>p2 move uturn\n>p2 switch 6\n>p1 switch 2\n>p2 move woodhammer\n>p1 switch 3\n>p1 move irondefense\n>p2 switch 4\n>p1 switch 2\n>p2 move encore\n>p1 move shadowball\n>p2 move uturn\n>p2 switch 6\n>p1 move shadowball\n>p2 move earthquake\n>p2 switch 5\n>p1 move shoreup\n>p2 move shellsmash\n>p1 move shadowball\n>p2 move terablast terastallize\n>p1 switch 5\n>p1 move tripleaxel terastallize\n>p2 move icebeam\n>p1 switch 4\n>p1 move closecombat\n>p2 move hydropump\n>p1 move closecombat\n>p2 move terablast\n>p1 switch 6\n>p1 move terablast\n>p2 move hydropump\n>p1 move terablast\n>p2 move terablast\n>p1 switch 2\n>p1 move bodypress\n>p2 move terablast\n>forcelose p1", "uploadtime": 1716217405, "views": 210, "formatid": "gen9randombattle", "rating": 2213, "private": 0, "password": null}