{"id": "gen9randombattle-2260856892", "format": "[Gen 9] Random Battle", "players": ["Roamingboob", "OUTERBANKS JIARA"], "log": "|j|\u2606Roamingboob\n|j|\u2606OUTERBANKS JIARA\n|t:|1733905292\n|gametype|singles\n|player|p1|Roamingboob|266|1679\n|player|p2|OUTERBANKS JIARA|baker|1725\n|teamsize|p1|6\n|teamsize|p2|6\n|gen|9\n|tier|[Gen 9] Random Battle\n|rated|\n|rule|Species Clause: Limit one of each Pok\u00e9mon\n|rule|HP Percentage Mod: HP is shown in percentages\n|rule|Sleep Clause Mod: Limit one foe put to sleep\n|rule|Illusion Level Mod: Illusion disguises the Pok\u00e9mon's true level\n|\n|t:|1733905292\n|start\n|switch|p1a: Squawkabilly|Squawkabilly-Yellow, L89, M|291/291\n|switch|p2a: Gholdengo|Gholdengo, L77|261/261\n|turn|1\n|inactive|Battle timer is ON: inactive players will automatically lose when time's up. (requested by OUTERBANKS JIARA)\n|\n|t:|1733905319\n|switch|p2a: Sandaconda|Sandaconda, L84, M|258/258\n|move|p1a: Squawkabilly|Parting Shot|p2a: Sandaconda\n|-unboost|p2a: Sandaconda|atk|1\n|-unboost|p2a: Sandaconda|spa|1\n|\n|t:|1733905332\n|switch|p1a: Hippowdon|Hippowdon, L82, M|311/311|[from] Parting Shot\n|-weather|Sandstorm|[from] ability: Sand Stream|[of] p1a: Hippowdon\n|\n|-weather|Sandstorm|[upkeep]\n|upkeep\n|turn|2\n|inactive|OUTERBANKS JIARA has 120 seconds left.\n|\n|t:|1733905362\n|move|p2a: Sandaconda|Glare|p1a: Hippowdon\n|-status|p1a: Hippowdon|par\n|cant|p1a: Hippowdon|par\n|\n|-weather|Sandstorm|[upkeep]\n|upkeep\n|turn|3\n|\n|t:|1733905371\n|switch|p2a: Veluza|Veluza, L85, F|292/292\n|move|p1a: Hippowdon|Curse|p1a: Hippowdon\n|-unboost|p1a: Hippowdon|spe|1\n|-boost|p1a: Hippowdon|atk|1\n|-boost|p1a: Hippowdon|def|1\n|\n|-weather|Sandstorm|[upkeep]\n|-damage|p2a: Veluza|274/292|[from] Sandstorm\n|upkeep\n|turn|4\n|inactive|OUTERBANKS JIARA has 120 seconds left.\n|\n|t:|1733905392\n|move|p2a: Veluza|Aqua Cutter|p1a: Hippowdon\n|-supereffective|p1a: Hippowdon\n|-damage|p1a: Hippowdon|131/311 par\n|move|p1a: Hippowdon|Earthquake|p2a: Veluza\n|-crit|p2a: Veluza\n|-damage|p2a: Veluza|0 fnt\n|faint|p2a: Veluza\n|\n|-weather|Sandstorm|[upkeep]\n|-heal|p1a: Hippowdon|150/311 par|[from] item: Leftovers\n|upkeep\n|inactive|OUTERBANKS JIARA has 90 seconds left.\n|l|\u2606Roamingboob\n|inactive|Roamingboob disconnected and has a minute to reconnect!\n|player|p1|\n|j|\u2606Roamingboob\n|inactive|Roamingboob reconnected.\n|player|p1|Roamingboob|266|\n|\n|t:|1733905442\n|switch|p2a: Gholdengo|Gholdengo, L77|261/261\n|turn|5\n|\n|t:|1733905446\n|move|p2a: Gholdengo|Make It Rain|p1a: Hippowdon\n|-damage|p1a: Hippowdon|0 fnt\n|-unboost|p2a: Gholdengo|spa|1\n|faint|p1a: Hippowdon\n|\n|-weather|none\n|upkeep\n|\n|t:|1733905453\n|switch|p1a: Palossand|Palossand, L89, F|296/296\n|turn|6\n|inactive|OUTERBANKS JIARA has 90 seconds left.\n|\n|t:|1733905484\n|switch|p2a: Sandaconda|Sandaconda, L84, M|258/258\n|move|p1a: Palossand|Earth Power|p2a: Sandaconda\n|-damage|p2a: Sandaconda|123/258\n|\n|-heal|p2a: Sandaconda|139/258|[from] item: Leftovers\n|upkeep\n|turn|7\n|\n|t:|1733905492\n|move|p2a: Sandaconda|Glare|p1a: Palossand\n|-status|p1a: Palossand|par\n|move|p1a: Palossand|Earth Power|p2a: Sandaconda\n|-crit|p2a: Sandaconda\n|-damage|p2a: Sandaconda|0 fnt\n|faint|p2a: Sandaconda\n|\n|upkeep\n|inactive|OUTERBANKS JIARA has 60 seconds left.\n|\n|t:|1733905508\n|switch|p2a: Arceus|Arceus-Ghost, L69|280/280\n|turn|8\n|inactive|OUTERBANKS JIARA has 60 seconds left.\n|\n|t:|1733905526\n|switch|p1a: Squawkabilly|Squawkabilly-Yellow, L89, M|291/291\n|move|p2a: Arceus|Calm Mind|p2a: Arceus\n|-boost|p2a: Arceus|spa|1\n|-boost|p2a: Arceus|spd|1\n|\n|upkeep\n|turn|9\n|inactive|OUTERBANKS JIARA has 60 seconds left.\n|\n|t:|1733905550\n|switch|p2a: Bellibolt|Bellibolt, L84, M|320/320\n|move|p1a: Squawkabilly|Brave Bird|p2a: Bellibolt\n|-resisted|p2a: Bellibolt\n|-damage|p2a: Bellibolt|210/320\n|-start|p2a: Bellibolt|Charge|Brave Bird|[from] ability: Electromorphosis\n|-damage|p1a: Squawkabilly|255/291|[from] Recoil\n|\n|-heal|p2a: Bellibolt|230/320|[from] item: Leftovers\n|upkeep\n|turn|10\n|\n|t:|1733905562\n|switch|p2a: Gholdengo|Gholdengo, L77|261/261\n|move|p1a: Squawkabilly|Parting Shot|p2a: Gholdengo\n|-immune|p2a: Gholdengo|[from] ability: Good as Gold\n|\n|upkeep\n|turn|11\n|\n|t:|1733905577\n|switch|p1a: Palossand|Palossand, L89, F|296/296 par\n|move|p2a: Gholdengo|Make It Rain|p1a: Palossand\n|-damage|p1a: Palossand|142/296 par\n|-unboost|p2a: Gholdengo|spa|1\n|\n|-heal|p1a: Palossand|160/296 par|[from] item: Leftovers\n|upkeep\n|turn|12\n|\n|t:|1733905585\n|switch|p2a: Arceus|Arceus-Ghost, L69|280/280\n|move|p1a: Palossand|Shadow Ball|p2a: Arceus\n|-supereffective|p2a: Arceus\n|-damage|p2a: Arceus|98/280\n|\n|-heal|p1a: Palossand|178/296 par|[from] item: Leftovers\n|upkeep\n|turn|13\n|inactive|OUTERBANKS JIARA has 60 seconds left.\n|\n|t:|1733905591\n|move|p2a: Arceus|Judgment|p1a: Palossand\n|-supereffective|p1a: Palossand\n|-damage|p1a: Palossand|0 fnt\n|faint|p1a: Palossand\n|\n|upkeep\n|\n|t:|1733905596\n|switch|p1a: Squawkabilly|Squawkabilly-Yellow, L89, M|255/291\n|turn|14\n|\n|t:|1733905601\n|switch|p2a: Bellibolt|Bellibolt, L84, M|230/320\n|move|p1a: Squawkabilly|Brave Bird|p2a: Bellibolt\n|-resisted|p2a: Bellibolt\n|-damage|p2a: Bellibolt|134/320\n|-start|p2a: Bellibolt|Charge|Brave Bird|[from] ability: Electromorphosis\n|-damage|p1a: Squawkabilly|223/291|[from] Recoil\n|\n|-heal|p2a: Bellibolt|154/320|[from] item: Leftovers\n|upkeep\n|turn|15\n|\n|t:|1733905610\n|move|p1a: Squawkabilly|Parting Shot|p2a: Bellibolt\n|-unboost|p2a: Bellibolt|atk|1\n|-unboost|p2a: Bellibolt|spa|1\n|\n|t:|1733905623\n|switch|p1a: Gardevoir|Gardevoir, L83, F|249/249|[from] Parting Shot\n|-ability|p1a: Gardevoir|Electromorphosis|[from] ability: Trace|[of] p2a: Bellibolt\n|move|p2a: Bellibolt|Volt Switch|p1a: Gardevoir\n|-damage|p1a: Gardevoir|162/249\n|-start|p1a: Gardevoir|Charge|Volt Switch|[from] ability: Electromorphosis\n|-end|p2a: Bellibolt|Charge|[silent]\n|inactive|OUTERBANKS JIARA has 60 seconds left.\n|\n|t:|1733905655\n|switch|p2a: Gholdengo|Gholdengo, L77|261/261|[from] Volt Switch\n|\n|upkeep\n|turn|16\n|inactive|OUTERBANKS JIARA has 60 seconds left.\n|\n|t:|1733905662\n|move|p1a: Gardevoir|Mystical Fire|p2a: Gholdengo\n|-supereffective|p2a: Gholdengo\n|-damage|p2a: Gholdengo|127/261\n|-unboost|p2a: Gholdengo|spa|1\n|move|p2a: Gholdengo|Make It Rain|p1a: Gardevoir\n|-supereffective|p1a: Gardevoir\n|-damage|p1a: Gardevoir|10/249\n|-unboost|p2a: Gholdengo|spa|1\n|-start|p1a: Gardevoir|Charge|Make It Rain|[from] ability: Electromorphosis\n|\n|-heal|p2a: Gholdengo|143/261|[from] item: Leftovers\n|upkeep\n|turn|17\n|inactive|OUTERBANKS JIARA has 60 seconds left.\n|\n|t:|1733905677\n|switch|p2a: Bellibolt|Bellibolt, L84, M|154/320\n|move|p1a: Gardevoir|Mystical Fire|p2a: Bellibolt\n|-damage|p2a: Bellibolt|81/320\n|-unboost|p2a: Bellibolt|spa|1\n|-start|p2a: Bellibolt|Charge|Mystical Fire|[from] ability: Electromorphosis\n|\n|-heal|p2a: Bellibolt|101/320|[from] item: Leftovers\n|upkeep\n|turn|18\n|\n|t:|1733905682\n|switch|p1a: Toxtricity|Toxtricity, L82, F|257/257\n|move|p2a: Bellibolt|Slack Off|p2a: Bellibolt\n|-heal|p2a: Bellibolt|261/320\n|\n|-heal|p2a: Bellibolt|281/320|[from] item: Leftovers\n|upkeep\n|turn|19\n|inactive|OUTERBANKS JIARA has 60 seconds left.\n|\n|t:|1733905715\n|move|p1a: Toxtricity|Volt Switch|p2a: Bellibolt\n|-resisted|p2a: Bellibolt\n|-damage|p2a: Bellibolt|242/320\n|-start|p2a: Bellibolt|Charge|Volt Switch|[from] ability: Electromorphosis\n|\n|t:|1733905735\n|switch|p1a: Gardevoir|Gardevoir, L83, F|10/249|[from] Volt Switch\n|-ability|p1a: Gardevoir|Electromorphosis|[from] ability: Trace|[of] p2a: Bellibolt\n|move|p2a: Bellibolt|Volt Switch|p1a: Gardevoir\n|-damage|p1a: Gardevoir|0 fnt\n|faint|p1a: Gardevoir\n|-end|p2a: Bellibolt|Charge|[silent]\n|\n|t:|1733905750\n|switch|p2a: Rampardos|Rampardos, L90, F|321/321|[from] Volt Switch\n|\n|upkeep\n|\n|t:|1733905759\n|switch|p1a: Cobalion|Cobalion, L80|277/277\n|turn|20\n|inactive|OUTERBANKS JIARA has 60 seconds left.\n|\n|t:|1733905787\n|-terastallize|p1a: Cobalion|Water\n|move|p1a: Cobalion|Flash Cannon|p2a: Rampardos\n|-supereffective|p2a: Rampardos\n|-damage|p2a: Rampardos|123/321\n|move|p2a: Rampardos|Earthquake|p1a: Cobalion\n|-damage|p1a: Cobalion|159/277\n|-damage|p2a: Rampardos|91/321|[from] item: Life Orb\n|\n|-heal|p1a: Cobalion|176/277|[from] item: Leftovers\n|upkeep\n|turn|21\n|\n|t:|1733905798\n|move|p1a: Cobalion|Flash Cannon|p2a: Rampardos\n|-supereffective|p2a: Rampardos\n|-damage|p2a: Rampardos|0 fnt\n|faint|p2a: Rampardos\n|\n|-heal|p1a: Cobalion|193/277|[from] item: Leftovers\n|upkeep\n|\n|t:|1733905803\n|switch|p2a: Bellibolt|Bellibolt, L84, M|242/320\n|turn|22\n|\n|t:|1733905810\n|switch|p1a: Toxtricity|Toxtricity, L82, F|257/257\n|move|p2a: Bellibolt|Volt Switch|p1a: Toxtricity\n|-resisted|p1a: Toxtricity\n|-damage|p1a: Toxtricity|210/257\n|\n|t:|1733905815\n|switch|p2a: Gholdengo|Gholdengo, L77|143/261|[from] Volt Switch\n|\n|-heal|p2a: Gholdengo|159/261|[from] item: Leftovers\n|upkeep\n|turn|23\n|inactive|OUTERBANKS JIARA has 60 seconds left.\n|\n|t:|1733905834\n|move|p1a: Toxtricity|Overdrive|p2a: Gholdengo\n|-damage|p2a: Gholdengo|32/261\n|move|p2a: Gholdengo|Shadow Ball|p1a: Toxtricity\n|-damage|p1a: Toxtricity|102/257\n|\n|-heal|p2a: Gholdengo|48/261|[from] item: Leftovers\n|upkeep\n|turn|24\n|\n|t:|1733905843\n|switch|p2a: Bellibolt|Bellibolt, L84, M|242/320\n|move|p1a: Toxtricity|Overdrive|p2a: Bellibolt\n|-resisted|p2a: Bellibolt\n|-damage|p2a: Bellibolt|179/320\n|-start|p2a: Bellibolt|Charge|Overdrive|[from] ability: Electromorphosis\n|\n|-heal|p2a: Bellibolt|199/320|[from] item: Leftovers\n|upkeep\n|turn|25\n|inactive|OUTERBANKS JIARA has 60 seconds left.\n|\n|t:|1733905859\n|move|p1a: Toxtricity|Overdrive|p2a: Bellibolt\n|-resisted|p2a: Bellibolt\n|-damage|p2a: Bellibolt|139/320\n|-start|p2a: Bellibolt|Charge|Overdrive|[from] ability: Electromorphosis\n|move|p2a: Bellibolt|Slack Off|p2a: Bellibolt\n|-heal|p2a: Bellibolt|299/320\n|\n|-heal|p2a: Bellibolt|319/320|[from] item: Leftovers\n|upkeep\n|turn|26\n|\n|t:|1733905864\n|move|p1a: Toxtricity|Overdrive|p2a: Bellibolt\n|-resisted|p2a: Bellibolt\n|-damage|p2a: Bellibolt|256/320\n|-start|p2a: Bellibolt|Charge|Overdrive|[from] ability: Electromorphosis\n|move|p2a: Bellibolt|Thunderbolt|p1a: Toxtricity\n|-resisted|p1a: Toxtricity\n|-damage|p1a: Toxtricity|0 fnt\n|faint|p1a: Toxtricity\n|-end|p2a: Bellibolt|Charge|[silent]\n|\n|-heal|p2a: Bellibolt|276/320|[from] item: Leftovers\n|upkeep\n|\n|t:|1733905870\n|switch|p1a: Squawkabilly|Squawkabilly-Yellow, L89, M|223/291\n|turn|27\n|\n|t:|1733905876\n|move|p1a: Squawkabilly|Double-Edge|p2a: Bellibolt\n|-damage|p2a: Bellibolt|66/320\n|-start|p2a: Bellibolt|Charge|Double-Edge|[from] ability: Electromorphosis\n|-damage|p1a: Squawkabilly|154/291|[from] Recoil\n|move|p2a: Bellibolt|Thunderbolt|p1a: Squawkabilly\n|-supereffective|p1a: Squawkabilly\n|-damage|p1a: Squawkabilly|0 fnt\n|faint|p1a: Squawkabilly\n|-end|p2a: Bellibolt|Charge|[silent]\n|\n|-heal|p2a: Bellibolt|86/320|[from] item: Leftovers\n|upkeep\n|\n|t:|1733905878\n|switch|p1a: Cobalion|Cobalion, L80, tera:Water|193/277\n|turn|28\n|inactive|OUTERBANKS JIARA has 60 seconds left.\n|\n|t:|1733905915\n|switch|p2a: Arceus|Arceus-Ghost, L69|98/280\n|move|p1a: Cobalion|Aura Sphere|p2a: Arceus\n|-immune|p2a: Arceus\n|\n|-heal|p1a: Cobalion|210/277|[from] item: Leftovers\n|upkeep\n|turn|29\n|inactive|OUTERBANKS JIARA has 60 seconds left.\n|\n|t:|1733905942\n|move|p1a: Cobalion|Calm Mind|p1a: Cobalion\n|-boost|p1a: Cobalion|spa|1\n|-boost|p1a: Cobalion|spd|1\n|move|p2a: Arceus|Recover|p2a: Arceus\n|-heal|p2a: Arceus|238/280\n|\n|-heal|p1a: Cobalion|227/277|[from] item: Leftovers\n|upkeep\n|turn|30\n|inactive|OUTERBANKS JIARA has 30 seconds left.\n|\n|t:|1733905962\n|move|p1a: Cobalion|Calm Mind|p1a: Cobalion\n|-boost|p1a: Cobalion|spa|1\n|-boost|p1a: Cobalion|spd|1\n|move|p2a: Arceus|Calm Mind|p2a: Arceus\n|-boost|p2a: Arceus|spa|1\n|-boost|p2a: Arceus|spd|1\n|\n|-heal|p1a: Cobalion|244/277|[from] item: Leftovers\n|upkeep\n|turn|31\n|\n|t:|1733905965\n|move|p1a: Cobalion|Flash Cannon|p2a: Arceus\n|-damage|p2a: Arceus|147/280\n|move|p2a: Arceus|Calm Mind|p2a: Arceus\n|-boost|p2a: Arceus|spa|1\n|-boost|p2a: Arceus|spd|1\n|\n|-heal|p1a: Cobalion|261/277|[from] item: Leftovers\n|upkeep\n|turn|32\n|\n|t:|1733905967\n|move|p1a: Cobalion|Flash Cannon|p2a: Arceus\n|-damage|p2a: Arceus|78/280\n|move|p2a: Arceus|Recover|p2a: Arceus\n|-heal|p2a: Arceus|218/280\n|\n|-heal|p1a: Cobalion|277/277|[from] item: Leftovers\n|upkeep\n|turn|33\n|\n|t:|1733905970\n|move|p1a: Cobalion|Flash Cannon|p2a: Arceus\n|-damage|p2a: Arceus|143/280\n|move|p2a: Arceus|Calm Mind|p2a: Arceus\n|-boost|p2a: Arceus|spa|1\n|-boost|p2a: Arceus|spd|1\n|\n|upkeep\n|turn|34\n|\n|t:|1733905973\n|move|p1a: Cobalion|Calm Mind|p1a: Cobalion\n|-boost|p1a: Cobalion|spa|1\n|-boost|p1a: Cobalion|spd|1\n|move|p2a: Arceus|Recover|p2a: Arceus\n|-heal|p2a: Arceus|280/280\n|\n|upkeep\n|turn|35\n|\n|t:|1733905975\n|move|p1a: Cobalion|Calm Mind|p1a: Cobalion\n|-boost|p1a: Cobalion|spa|1\n|-boost|p1a: Cobalion|spd|1\n|move|p2a: Arceus|Calm Mind|p2a: Arceus\n|-boost|p2a: Arceus|spa|1\n|-boost|p2a: Arceus|spd|1\n|\n|upkeep\n|turn|36\n|\n|t:|1733905977\n|move|p1a: Cobalion|Calm Mind|p1a: Cobalion\n|-boost|p1a: Cobalion|spa|1\n|-boost|p1a: Cobalion|spd|1\n|move|p2a: Arceus|Calm Mind|p2a: Arceus\n|-boost|p2a: Arceus|spa|1\n|-boost|p2a: Arceus|spd|1\n|\n|upkeep\n|turn|37\n|\n|t:|1733905980\n|move|p1a: Cobalion|Calm Mind|p1a: Cobalion\n|-boost|p1a: Cobalion|spa|1\n|-boost|p1a: Cobalion|spd|1\n|move|p2a: Arceus|Calm Mind|p2a: Arceus\n|-boost|p2a: Arceus|spa|1\n|-boost|p2a: Arceus|spd|1\n|\n|upkeep\n|turn|38\n|\n|t:|1733905982\n|move|p1a: Cobalion|Flash Cannon|p2a: Arceus\n|-damage|p2a: Arceus|204/280\n|move|p2a: Arceus|Judgment|p1a: Cobalion\n|-damage|p1a: Cobalion|148/277\n|\n|-heal|p1a: Cobalion|165/277|[from] item: Leftovers\n|upkeep\n|turn|39\n|\n|t:|1733905984\n|move|p1a: Cobalion|Flash Cannon|p2a: Arceus\n|-damage|p2a: Arceus|137/280\n|move|p2a: Arceus|Judgment|p1a: Cobalion\n|-damage|p1a: Cobalion|38/277\n|\n|-heal|p1a: Cobalion|55/277|[from] item: Leftovers\n|upkeep\n|turn|40\n|\n|t:|1733905987\n|move|p1a: Cobalion|Flash Cannon|p2a: Arceus\n|-damage|p2a: Arceus|71/280\n|move|p2a: Arceus|Judgment|p1a: Cobalion\n|-damage|p1a: Cobalion|0 fnt\n|faint|p1a: Cobalion\n|\n|win|OUTERBANKS JIARA\n|raw|Roamingboob's rating: 1679 &rarr; <strong>1662</strong><br />(-17 for losing)\n|raw|OUTERBANKS JIARA's rating: 1725 &rarr; <strong>1742</strong><br />(+17 for winning)\n|l|\u2606Roamingboob\n|player|p1|\n", "inputlog": ">version bfd83cad13791eb5a5a409923076391caf6fb4d4\n>start {\"formatid\":\"gen9randombattle\",\"seed\":[39145,51167,16265,58466],\"rated\":\"Rated battle\"}\n>player p1 {\"name\":\"Roamingboob\",\"avatar\":\"266\",\"rating\":1679,\"seed\":[60823,63529,16866,60637]}\n>player p2 {\"name\":\"OUTERBANKS JIARA\",\"avatar\":\"baker\",\"rating\":1725,\"seed\":[56073,33222,59777,52989]}\n>p1 move partingshot\n>p2 switch 2\n>p1 switch 6\n>p1 move curse\n>p2 move glare\n>p1 move curse\n>p2 switch 6\n>p1 move earthquake\n>p2 move aquacutter\n>p2 switch 2\n>p1 move earthquake\n>p2 move makeitrain\n>p1 switch 5\n>p1 move earthpower\n>p2 switch 6\n>p1 move earthpower\n>p2 move glare\n>p2 switch 5\n>p1 switch 6\n>p2 move calmmind\n>p1 move bravebird\n>p2 switch 3\n>p1 move partingshot\n>p2 switch 6\n>p1 switch 6\n>p2 move makeitrain\n>p1 move shadowball\n>p2 switch 3\n>p1 move shadowball\n>p2 move judgment\n>p1 switch 6\n>p1 move bravebird\n>p2 switch 6\n>p1 move partingshot\n>p2 move voltswitch\n>p1 switch 4\n>p2 switch 3\n>p1 move mysticalfire\n>p2 move makeitrain\n>p1 move mysticalfire\n>p2 switch 3\n>p1 switch 2\n>p2 move slackoff\n>p1 move voltswitch\n>p2 move voltswitch\n>p1 switch 2\n>p2 switch 4\n>p1 switch 3\n>p1 move flashcannon terastallize\n>p2 move earthquake\n>p1 move flashcannon\n>p2 move earthquake\n>p2 switch 4\n>p1 switch 2\n>p2 move voltswitch\n>p2 switch 3\n>p1 move overdrive\n>p2 move shadowball\n>p1 move overdrive\n>p2 switch 3\n>p1 move overdrive\n>p2 move slackoff\n>p1 move overdrive\n>p2 move thunderbolt\n>p1 switch 4\n>p1 move doubleedge\n>p2 move thunderbolt\n>p1 switch 2\n>p1 move aurasphere\n>p2 switch 6\n>p1 move calmmind\n>p2 move recover\n>p1 move calmmind\n>p2 move calmmind\n>p1 move flashcannon\n>p2 move calmmind\n>p1 move flashcannon\n>p2 move recover\n>p1 move flashcannon\n>p2 move calmmind\n>p1 move calmmind\n>p2 move recover\n>p1 move calmmind\n>p2 move calmmind\n>p1 move calmmind\n>p2 move calmmind\n>p1 move calmmind\n>p2 move calmmind\n>p1 move flashcannon\n>p2 move judgment\n>p1 move flashcannon\n>p2 move judgment\n>p1 move flashcannon\n>p2 move judgment", "uploadtime": 1733905992, "views": 8, "formatid": "gen9randombattle", "rating": 1662, "private": 0, "password": null}