{"id": "gen9randombattle-2260281816", "format": "[Gen 9] Random Battle", "players": ["deathdarkgon", "TarekeReda"], "log": "|j|\u2606deathdarkgon\n|j|\u203dTarekeReda\n|t:|1733834641\n|gametype|singles\n|player|p1|deathdarkgon|guitarist|1558\n|player|p2|TarekeReda|caitlin|1504\n|teamsize|p1|6\n|teamsize|p2|6\n|gen|9\n|tier|[Gen 9] Random Battle\n|rated|\n|rule|Species Clause: Limit one of each Pok\u00e9mon\n|rule|HP Percentage Mod: HP is shown in percentages\n|rule|Sleep Clause Mod: Limit one foe put to sleep\n|rule|Illusion Level Mod: Illusion disguises the Pok\u00e9mon's true level\n|\n|t:|1733834641\n|start\n|switch|p1a: Eiscue|Eiscue, L88, F|274/274\n|switch|p2a: Minun|Minun, L95, F|268/268\n|turn|1\n|c|\u2606deathdarkgon|Glhf\n|\n|t:|1733834666\n|switch|p1a: Ursaring|Ursaring, L84, M|288/288\n|move|p2a: Minun|Thunderbolt|p1a: Ursaring\n|-damage|p1a: Ursaring|132/288\n|-damage|p2a: Minun|242/268|[from] item: Life Orb\n|\n|-status|p1a: Ursaring|tox|[from] item: Toxic Orb\n|upkeep\n|turn|2\n|\n|t:|1733834677\n|move|p2a: Minun|Thunderbolt|p1a: Ursaring\n|-damage|p1a: Ursaring|0 fnt\n|faint|p1a: Ursaring\n|-damage|p2a: Minun|216/268|[from] item: Life Orb\n|\n|upkeep\n|\n|t:|1733834686\n|switch|p1a: Salazzle|Salazzle, L83, F|249/249\n|turn|3\n|\n|t:|1733834695\n|switch|p2a: Toxapex|Toxapex, L82, M|216/216\n|move|p1a: Salazzle|Nasty Plot|p1a: Salazzle\n|-boost|p1a: Salazzle|spa|2\n|\n|upkeep\n|turn|4\n|\n|t:|1733834706\n|move|p1a: Salazzle|Tera Blast|p2a: Toxapex\n|-damage|p2a: Toxapex|137/216\n|move|p2a: Toxapex|Haze|p2a: Toxapex\n|-clearallboost\n|\n|-heal|p2a: Toxapex|150/216|[from] item: Leftovers\n|upkeep\n|turn|5\n|\n|t:|1733834718\n|switch|p1a: Galvantula|Galvantula, L82, F|249/249\n|move|p2a: Toxapex|Liquidation|p1a: Galvantula\n|-damage|p1a: Galvantula|171/249\n|\n|-heal|p2a: Toxapex|163/216|[from] item: Leftovers\n|upkeep\n|turn|6\n|\n|t:|1733834728\n|switch|p2a: Minun|Minun, L95, F|216/268\n|move|p1a: Galvantula|Sticky Web|p2a: Minun\n|-sidestart|p2: TarekeReda|move: Sticky Web\n|\n|upkeep\n|turn|7\n|\n|t:|1733834738\n|move|p2a: Minun|Alluring Voice|p1a: Galvantula\n|-damage|p1a: Galvantula|72/249\n|-damage|p2a: Minun|190/268|[from] item: Life Orb\n|move|p1a: Galvantula|Bug Buzz|p2a: Minun\n|-crit|p2a: Minun\n|-damage|p2a: Minun|72/268\n|\n|upkeep\n|turn|8\n|\n|t:|1733834749\n|switch|p1a: Salazzle|Salazzle, L83, F|249/249\n|move|p2a: Minun|Alluring Voice|p1a: Salazzle\n|-resisted|p1a: Salazzle\n|-damage|p1a: Salazzle|224/249\n|-damage|p2a: Minun|46/268|[from] item: Life Orb\n|\n|upkeep\n|turn|9\n|\n|t:|1733834757\n|move|p1a: Salazzle|Tera Blast|p2a: Minun\n|-damage|p2a: Minun|0 fnt\n|faint|p2a: Minun\n|\n|upkeep\n|\n|t:|1733834783\n|switch|p2a: Tauros|Tauros-Paldea-Blaze, L81, M|254/254\n|-activate|p2a: Tauros|move: Sticky Web\n|-unboost|p2a: Tauros|spe|1\n|-ability|p2a: Tauros|Intimidate|boost\n|-unboost|p1a: Salazzle|atk|1\n|turn|10\n|\n|t:|1733834791\n|move|p1a: Salazzle|Sludge Wave|p2a: Tauros\n|-damage|p2a: Tauros|127/254\n|move|p2a: Tauros|Stone Edge|p1a: Salazzle\n|-supereffective|p1a: Salazzle\n|-damage|p1a: Salazzle|0 fnt\n|faint|p1a: Salazzle\n|\n|upkeep\n|\n|t:|1733834800\n|switch|p1a: Eiscue|Eiscue, L88, F|274/274\n|turn|11\n|\n|t:|1733834818\n|switch|p2a: Toxapex|Toxapex, L82, M|216/216\n|-activate|p2a: Toxapex|move: Sticky Web\n|-unboost|p2a: Toxapex|spe|1\n|move|p1a: Eiscue|Belly Drum|p1a: Eiscue\n|-damage|p1a: Eiscue|137/274\n|-setboost|p1a: Eiscue|atk|6|[from] move: Belly Drum\n|-enditem|p1a: Eiscue|Sitrus Berry|[eat]\n|-heal|p1a: Eiscue|205/274|[from] item: Sitrus Berry\n|\n|upkeep\n|turn|12\n|\n|t:|1733834831\n|-terastallize|p2a: Toxapex|Flying\n|move|p1a: Eiscue|Zen Headbutt|p2a: Toxapex\n|-damage|p2a: Toxapex|83/216\n|cant|p2a: Toxapex|flinch\n|\n|-heal|p2a: Toxapex|96/216|[from] item: Leftovers\n|upkeep\n|turn|13\n|-message|TarekeReda forfeited.\n|\n|win|deathdarkgon\n|raw|deathdarkgon's rating: 1558 &rarr; <strong>1575</strong><br />(+17 for winning)\n|raw|TarekeReda's rating: 1504 &rarr; <strong>1487</strong><br />(-17 for losing)\n|l|\u203dTarekeReda\n|player|p2|\n|c|\u2606deathdarkgon|Gg\n", "inputlog": ">version bfd83cad13791eb5a5a409923076391caf6fb4d4\n>start {\"formatid\":\"gen9randombattle\",\"seed\":[64338,12918,23655,31566],\"rated\":\"Rated battle\"}\n>player p1 {\"name\":\"deathdarkgon\",\"avatar\":\"guitarist\",\"rating\":1558,\"seed\":[31316,48656,24249,35438]}\n>player p2 {\"name\":\"TarekeReda\",\"avatar\":\"caitlin\",\"rating\":1504,\"seed\":[31335,17178,28586,44239]}\n>chat \u2606deathdarkgon|Glhf\n>p1 switch 6\n>p2 move thunderbolt\n>p1 move crunch\n>p2 move thunderbolt\n>p1 switch 3\n>p1 move nastyplot\n>p2 switch 3\n>p1 move terablast\n>p2 move haze\n>p1 switch 4\n>p2 move liquidation\n>p1 move stickyweb\n>p2 switch 3\n>p1 move bugbuzz\n>p2 move alluringvoice\n>p1 switch 4\n>p2 move alluringvoice\n>p1 move terablast\n>p2 move encore\n>p2 switch 4\n>p1 move sludgewave\n>p2 move stoneedge\n>p1 switch 6\n>p1 move bellydrum\n>p2 switch 3\n>p1 move zenheadbutt\n>p2 move haze terastallize\n>forcelose p2", "uploadtime": 1733834848, "views": 2, "formatid": "gen9randombattle", "rating": 1487, "private": 0, "password": null}