{"id": "gen9randombattle-2260549315", "format": "[Gen 9] Random Battle", "players": ["NexroNB", "Ghjjkowk"], "log": "|j|\u2606NexroNB\n|j|\u2606Ghjjkowk\n|t:|1733862491\n|gametype|singles\n|player|p1|NexroNB|palmer|1111\n|player|p2|Ghjjkowk|iris-gen5bw2|1108\n|teamsize|p1|6\n|teamsize|p2|6\n|gen|9\n|tier|[Gen 9] Random Battle\n|rated|\n|rule|Species Clause: Limit one of each Pok\u00e9mon\n|rule|HP Percentage Mod: HP is shown in percentages\n|rule|Sleep Clause Mod: Limit one foe put to sleep\n|rule|Illusion Level Mod: Illusion disguises the Pok\u00e9mon's true level\n|\n|t:|1733862491\n|start\n|switch|p1a: Mew|Mew, L82|298/298\n|switch|p2a: Toxapex|Toxapex, L82, F|216/216\n|turn|1\n|\n|t:|1733862507\n|move|p1a: Mew|Stealth Rock|p2a: Toxapex\n|-sidestart|p2: Ghjjkowk|move: Stealth Rock\n|move|p2a: Toxapex|Toxic Spikes|p1a: Mew\n|-sidestart|p1: NexroNB|move: Toxic Spikes\n|\n|upkeep\n|turn|2\n|inactive|Battle timer is ON: inactive players will automatically lose when time's up. (requested by NexroNB)\n|\n|t:|1733862531\n|move|p1a: Mew|Knock Off|p2a: Toxapex\n|-damage|p2a: Toxapex|171/216\n|-enditem|p2a: Toxapex|Leftovers|[from] move: Knock Off|[of] p1a: Mew\n|move|p2a: Toxapex|Toxic Spikes|p1a: Mew\n|-sidestart|p1: NexroNB|move: Toxic Spikes\n|\n|upkeep\n|turn|3\n|\n|t:|1733862538\n|move|p1a: Mew|Psychic Noise|p2a: Toxapex\n|-supereffective|p2a: Toxapex\n|-damage|p2a: Toxapex|69/216\n|-start|p2a: Toxapex|move: Heal Block\n|move|p2a: Toxapex|Toxic Spikes||[still]\n|-fail|p2a: Toxapex\n|\n|upkeep\n|turn|4\n|\n|t:|1733862545\n|move|p1a: Mew|Psychic Noise|p2a: Toxapex\n|-supereffective|p2a: Toxapex\n|-damage|p2a: Toxapex|0 fnt\n|faint|p2a: Toxapex\n|\n|upkeep\n|\n|t:|1733862562\n|switch|p2a: Minun|Minun, L95, F|268/268\n|-damage|p2a: Minun|235/268|[from] Stealth Rock\n|turn|5\n|\n|t:|1733862567\n|switch|p1a: Copperajah|Copperajah, L86, F|349/349\n|move|p2a: Minun|Nasty Plot|p2a: Minun\n|-boost|p2a: Minun|spa|2\n|\n|upkeep\n|turn|6\n|\n|t:|1733862580\n|move|p2a: Minun|Thunderbolt|p1a: Copperajah\n|-damage|p1a: Copperajah|49/349\n|-damage|p2a: Minun|209/268|[from] item: Life Orb\n|move|p1a: Copperajah|Heavy Slam|p2a: Minun\n|-resisted|p2a: Minun\n|-damage|p2a: Minun|43/268\n|\n|upkeep\n|turn|7\n|\n|t:|1733862589\n|move|p2a: Minun|Thunderbolt|p1a: Copperajah\n|-damage|p1a: Copperajah|0 fnt\n|faint|p1a: Copperajah\n|-damage|p2a: Minun|17/268|[from] item: Life Orb\n|\n|upkeep\n|\n|t:|1733862606\n|switch|p1a: Mew|Mew, L82|298/298\n|-status|p1a: Mew|tox\n|turn|8\n|\n|t:|1733862611\n|move|p2a: Minun|Alluring Voice|p1a: Mew\n|-damage|p1a: Mew|154/298 tox\n|-damage|p2a: Minun|0 fnt|[from] item: Life Orb\n|faint|p2a: Minun\n|move|p1a: Mew|Knock Off|p2: Minun|[notarget]\n|-fail|p1a: Mew\n|\n|-heal|p1a: Mew|172/298 tox|[from] item: Leftovers\n|-damage|p1a: Mew|154/298 tox|[from] psn\n|upkeep\n|\n|t:|1733862620\n|switch|p2a: Tsareena|Tsareena, L87, F|267/267\n|turn|9\n|\n|t:|1733862625\n|move|p1a: Mew|Toxic Spikes|p2a: Tsareena\n|-sidestart|p2: Ghjjkowk|move: Toxic Spikes\n|move|p2a: Tsareena|Rapid Spin|p1a: Mew\n|-damage|p1a: Mew|114/298 tox\n|-boost|p2a: Tsareena|spe|1\n|-sideend|p2: Ghjjkowk|Toxic Spikes|[from] move: Rapid Spin|[of] p2a: Tsareena\n|-sideend|p2: Ghjjkowk|Stealth Rock|[from] move: Rapid Spin|[of] p2a: Tsareena\n|\n|-heal|p1a: Mew|132/298 tox|[from] item: Leftovers\n|-damage|p1a: Mew|96/298 tox|[from] psn\n|upkeep\n|turn|10\n|\n|t:|1733862632\n|move|p2a: Tsareena|Power Whip|p1a: Mew\n|-damage|p1a: Mew|0 fnt\n|faint|p1a: Mew\n|\n|upkeep\n|\n|t:|1733862636\n|switch|p1a: Staraptor|Staraptor, L79, M|263/263\n|turn|11\n|\n|t:|1733862642\n|move|p2a: Tsareena|Power Whip|p1a: Staraptor\n|-resisted|p1a: Staraptor\n|-damage|p1a: Staraptor|158/263\n|move|p1a: Staraptor|U-turn|p2a: Tsareena\n|-supereffective|p2a: Tsareena\n|-damage|p2a: Tsareena|123/267\n|\n|t:|1733862656\n|switch|p1a: Rotom|Rotom, L88|231/231|[from] U-turn\n|\n|upkeep\n|turn|12\n|\n|t:|1733862664\n|move|p2a: Tsareena|Power Whip|p1a: Rotom\n|-damage|p1a: Rotom|69/231\n|move|p1a: Rotom|Will-O-Wisp|p2a: Tsareena|[miss]\n|-miss|p1a: Rotom|p2a: Tsareena\n|\n|upkeep\n|turn|13\n|\n|t:|1733862670\n|move|p2a: Tsareena|Power Whip|p1a: Rotom\n|-damage|p1a: Rotom|0 fnt\n|faint|p1a: Rotom\n|\n|upkeep\n|\n|t:|1733862672\n|switch|p1a: Staraptor|Staraptor, L79, M|158/263\n|turn|14\n|\n|t:|1733862680\n|move|p2a: Tsareena|High Jump Kick|p1a: Staraptor\n|-damage|p1a: Staraptor|17/263\n|move|p1a: Staraptor|U-turn|p2a: Tsareena\n|-supereffective|p2a: Tsareena\n|-damage|p2a: Tsareena|0 fnt\n|faint|p2a: Tsareena\n|\n|t:|1733862688\n|switch|p1a: Carbink|Carbink, L90|236/236|[from] U-turn\n|-status|p1a: Carbink|tox\n|\n|-damage|p1a: Carbink|222/236 tox|[from] psn\n|upkeep\n|\n|t:|1733862693\n|switch|p2a: Chesnaught|Chesnaught, L84, F|285/285\n|turn|15\n|\n|t:|1733862701\n|move|p2a: Chesnaught|Body Press|p1a: Carbink\n|-damage|p1a: Carbink|153/236 tox\n|move|p1a: Carbink|Moonblast|p2a: Chesnaught\n|-supereffective|p2a: Chesnaught\n|-damage|p2a: Chesnaught|117/285\n|\n|-heal|p1a: Carbink|167/236 tox|[from] item: Leftovers\n|-damage|p1a: Carbink|139/236 tox|[from] psn\n|upkeep\n|turn|16\n|\n|t:|1733862710\n|-terastallize|p2a: Chesnaught|Water\n|move|p2a: Chesnaught|Wood Hammer|p1a: Carbink\n|-supereffective|p1a: Carbink\n|-damage|p1a: Carbink|0 fnt\n|faint|p1a: Carbink\n|-damage|p2a: Chesnaught|71/285|[from] Recoil\n|\n|upkeep\n|\n|t:|1733862719\n|switch|p1a: Staraptor|Staraptor, L79, M|17/263\n|turn|17\n|\n|t:|1733862725\n|-terastallize|p1a: Staraptor|Fighting\n|move|p1a: Staraptor|Close Combat|p2a: Chesnaught\n|-damage|p2a: Chesnaught|0 fnt\n|-unboost|p1a: Staraptor|def|1\n|-unboost|p1a: Staraptor|spd|1\n|-damage|p1a: Staraptor|0 fnt|[from] item: Rocky Helmet|[of] p2a: Chesnaught\n|faint|p2a: Chesnaught\n|faint|p1a: Staraptor\n|\n|upkeep\n|\n|t:|1733862732\n|switch|p1a: Blissey|Blissey, L84, F|566/566\n|switch|p2a: Gothitelle|Gothitelle, L90, F|272/272\n|-status|p1a: Blissey|tox\n|turn|18\n|\n|t:|1733862739\n|move|p2a: Gothitelle|Focus Blast|p1a: Blissey\n|-supereffective|p1a: Blissey\n|-damage|p1a: Blissey|430/566 tox\n|-unboost|p1a: Blissey|spd|1\n|move|p1a: Blissey|Heal Bell|p1a: Blissey\n|-activate|p1a: Blissey|move: Heal Bell\n|-curestatus|p1a: Blissey|tox|[msg]\n|\n|-heal|p1a: Blissey|465/566|[from] item: Leftovers\n|upkeep\n|turn|19\n|\n|t:|1733862748\n|move|p2a: Gothitelle|Thunder Wave|p1a: Blissey\n|-status|p1a: Blissey|par\n|cant|p1a: Blissey|par\n|\n|-heal|p1a: Blissey|500/566 par|[from] item: Leftovers\n|upkeep\n|turn|20\n|\n|t:|1733862753\n|move|p2a: Gothitelle|Psychic Noise|p1a: Blissey\n|-damage|p1a: Blissey|398/566 par\n|-start|p1a: Blissey|move: Heal Block\n|move|p1a: Blissey|Heal Bell|p1a: Blissey\n|-activate|p1a: Blissey|move: Heal Bell\n|-curestatus|p1a: Blissey|par|[msg]\n|\n|upkeep\n|turn|21\n|\n|t:|1733862761\n|move|p2a: Gothitelle|Thunder Wave|p1a: Blissey\n|-status|p1a: Blissey|par\n|move|p1a: Blissey|Thunder Wave|p2a: Gothitelle\n|-status|p2a: Gothitelle|par\n|\n|-end|p1a: Blissey|move: Heal Block\n|upkeep\n|turn|22\n|\n|t:|1733862767\n|switch|p2a: Arceus|Arceus-Bug, L73|295/295\n|move|p1a: Blissey|Seismic Toss|p2a: Arceus\n|-damage|p2a: Arceus|211/295\n|\n|-heal|p1a: Blissey|433/566 par|[from] item: Leftovers\n|upkeep\n|turn|23\n|\n|t:|1733862775\n|move|p2a: Arceus|Judgment|p1a: Blissey\n|-damage|p1a: Blissey|312/566 par\n|move|p1a: Blissey|Seismic Toss|p2a: Arceus\n|-damage|p2a: Arceus|127/295\n|\n|-heal|p1a: Blissey|347/566 par|[from] item: Leftovers\n|upkeep\n|turn|24\n|\n|t:|1733862782\n|move|p2a: Arceus|Calm Mind|p2a: Arceus\n|-boost|p2a: Arceus|spa|1\n|-boost|p2a: Arceus|spd|1\n|move|p1a: Blissey|Soft-Boiled|p1a: Blissey\n|-heal|p1a: Blissey|566/566 par\n|\n|upkeep\n|turn|25\n|\n|t:|1733862789\n|move|p2a: Arceus|Recover|p2a: Arceus\n|-heal|p2a: Arceus|275/295\n|move|p1a: Blissey|Seismic Toss|p2a: Arceus\n|-damage|p2a: Arceus|191/295\n|\n|upkeep\n|turn|26\n|\n|t:|1733862796\n|move|p2a: Arceus|Judgment|p1a: Blissey\n|-damage|p1a: Blissey|391/566 par\n|move|p1a: Blissey|Heal Bell|p1a: Blissey\n|-activate|p1a: Blissey|move: Heal Bell\n|-curestatus|p1a: Blissey|par|[msg]\n|\n|-heal|p1a: Blissey|426/566|[from] item: Leftovers\n|upkeep\n|turn|27\n|\n|t:|1733862801\n|move|p2a: Arceus|Judgment|p1a: Blissey\n|-damage|p1a: Blissey|251/566\n|move|p1a: Blissey|Thunder Wave|p2a: Arceus\n|-status|p2a: Arceus|par\n|\n|-heal|p1a: Blissey|286/566|[from] item: Leftovers\n|upkeep\n|turn|28\n|\n|t:|1733862806\n|move|p1a: Blissey|Soft-Boiled|p1a: Blissey\n|-heal|p1a: Blissey|566/566\n|move|p2a: Arceus|Judgment|p1a: Blissey\n|-damage|p1a: Blissey|394/566\n|\n|-heal|p1a: Blissey|429/566|[from] item: Leftovers\n|upkeep\n|turn|29\n|\n|t:|1733862812\n|move|p1a: Blissey|Seismic Toss|p2a: Arceus\n|-damage|p2a: Arceus|107/295 par\n|move|p2a: Arceus|Calm Mind|p2a: Arceus\n|-boost|p2a: Arceus|spa|1\n|-boost|p2a: Arceus|spd|1\n|\n|-heal|p1a: Blissey|464/566|[from] item: Leftovers\n|upkeep\n|turn|30\n|\n|t:|1733862817\n|move|p1a: Blissey|Seismic Toss|p2a: Arceus\n|-damage|p2a: Arceus|23/295 par\n|move|p2a: Arceus|Recover|p2a: Arceus\n|-heal|p2a: Arceus|171/295 par\n|\n|-heal|p1a: Blissey|499/566|[from] item: Leftovers\n|upkeep\n|turn|31\n|\n|t:|1733862822\n|move|p1a: Blissey|Seismic Toss|p2a: Arceus\n|-damage|p2a: Arceus|87/295 par\n|move|p2a: Arceus|Recover|p2a: Arceus\n|-heal|p2a: Arceus|235/295 par\n|\n|-heal|p1a: Blissey|534/566|[from] item: Leftovers\n|upkeep\n|turn|32\n|\n|t:|1733862826\n|move|p1a: Blissey|Seismic Toss|p2a: Arceus\n|-damage|p2a: Arceus|151/295 par\n|cant|p2a: Arceus|par\n|\n|-heal|p1a: Blissey|566/566|[from] item: Leftovers\n|upkeep\n|turn|33\n|\n|t:|1733862831\n|move|p1a: Blissey|Seismic Toss|p2a: Arceus\n|-damage|p2a: Arceus|67/295 par\n|cant|p2a: Arceus|par\n|\n|upkeep\n|turn|34\n|\n|t:|1733862836\n|move|p1a: Blissey|Seismic Toss|p2a: Arceus\n|-damage|p2a: Arceus|0 fnt\n|faint|p2a: Arceus\n|\n|upkeep\n|\n|t:|1733862839\n|switch|p2a: Gothitelle|Gothitelle, L90, F|272/272 par\n|turn|35\n|\n|t:|1733862843\n|move|p1a: Blissey|Seismic Toss|p2a: Gothitelle\n|-damage|p2a: Gothitelle|188/272 par\n|cant|p2a: Gothitelle|par\n|\n|-heal|p2a: Gothitelle|205/272 par|[from] item: Leftovers\n|upkeep\n|turn|36\n|\n|t:|1733862846\n|move|p1a: Blissey|Seismic Toss|p2a: Gothitelle\n|-damage|p2a: Gothitelle|121/272 par\n|move|p2a: Gothitelle|Thunder Wave|p1a: Blissey|[miss]\n|-miss|p2a: Gothitelle|p1a: Blissey\n|\n|-heal|p2a: Gothitelle|138/272 par|[from] item: Leftovers\n|upkeep\n|turn|37\n|\n|t:|1733862852\n|move|p1a: Blissey|Seismic Toss|p2a: Gothitelle\n|-damage|p2a: Gothitelle|54/272 par\n|cant|p2a: Gothitelle|par\n|\n|-heal|p2a: Gothitelle|71/272 par|[from] item: Leftovers\n|upkeep\n|turn|38\n|c|\u2606NexroNB|LETS GO\n|c|\u2606NexroNB|BLISSEY GOAT\n|\n|t:|1733862868\n|move|p1a: Blissey|Seismic Toss|p2a: Gothitelle\n|-damage|p2a: Gothitelle|0 fnt\n|faint|p2a: Gothitelle\n|\n|win|NexroNB\n|raw|NexroNB's rating: 1111 &rarr; <strong>1136</strong><br />(+25 for winning)\n|raw|Ghjjkowk's rating: 1108 &rarr; <strong>1083</strong><br />(-25 for losing)\n|l|\u2606Ghjjkowk\n|player|p2|\n", "inputlog": ">version bfd83cad13791eb5a5a409923076391caf6fb4d4\n>start {\"formatid\":\"gen9randombattle\",\"seed\":[29571,54681,27658,1812],\"rated\":\"Rated battle\"}\n>player p1 {\"name\":\"NexroNB\",\"avatar\":\"palmer\",\"rating\":1111,\"seed\":[30196,49543,30513,44693]}\n>player p2 {\"name\":\"Ghjjkowk\",\"avatar\":\"iris-gen5bw2\",\"rating\":1108,\"seed\":[45359,47827,15177,44528]}\n>p1 move stealthrock\n>p2 move toxicspikes\n>p1 move knockoff\n>p2 move toxicspikes\n>p1 move psychicnoise\n>p2 move toxicspikes\n>p1 move psychicnoise\n>p2 move liquidation\n>p2 switch 4\n>p1 switch 3\n>p2 move nastyplot\n>p1 move heavyslam\n>p2 move thunderbolt\n>p1 move heavyslam\n>p2 move thunderbolt\n>p1 switch 3\n>p1 move knockoff\n>p2 move alluringvoice\n>p2 switch 2\n>p1 move toxicspikes\n>p2 move rapidspin\n>p1 move knockoff\n>p2 move powerwhip\n>p1 switch 2\n>p1 move uturn\n>p2 move powerwhip\n>p1 switch 5\n>p1 move willowisp\n>p2 move powerwhip\n>p1 move thunderbolt\n>p2 move powerwhip\n>p1 switch 5\n>p1 move uturn\n>p2 move highjumpkick\n>p1 switch 4\n>p2 switch 5\n>p1 move moonblast\n>p2 move bodypress\n>p1 move moonblast\n>p2 move woodhammer terastallize\n>p1 switch 4\n>p1 move closecombat terastallize\n>p2 move synthesis\n>p1 switch 6\n>p2 switch 3\n>p1 move healbell\n>p2 move focusblast\n>p1 move thunderwave\n>p2 move thunderwave\n>p1 move healbell\n>p2 move psychicnoise\n>p1 move thunderwave\n>p2 move thunderwave\n>p1 move seismictoss\n>p2 switch 6\n>p1 move seismictoss\n>p2 move judgment\n>p1 move softboiled\n>p2 move calmmind\n>p1 move seismictoss\n>p2 move recover\n>p1 move healbell\n>p2 move judgment\n>p1 move thunderwave\n>p2 move judgment\n>p1 move softboiled\n>p2 move judgment\n>p1 move seismictoss\n>p2 move calmmind\n>p1 move seismictoss\n>p2 move recover\n>p1 move seismictoss\n>p2 move recover\n>p1 move seismictoss\n>p2 move calmmind\n>p1 move seismictoss\n>p2 move recover\n>p1 move seismictoss\n>p2 move recover\n>p2 switch 6\n>p1 move seismictoss\n>p2 move thunderwave\n>p1 move seismictoss\n>p2 move thunderwave\n>p1 move seismictoss\n>p2 move focusblast\n>chat \u2606NexroNB|LETS GO\n>chat \u2606NexroNB|BLISSEY GOAT\n>p1 move seismictoss\n>p2 move focusblast", "uploadtime": 1733862882, "views": 7, "formatid": "gen9randombattle", "rating": 1083, "private": 0, "password": null}