{"id": "gen9randombattle-2260789298", "format": "[Gen 9] Random Battle", "players": ["Golem06", "the scholar"], "log": "|j|\u2606Golem06\n|j|\u2606the scholar\n|t:|1733892371\n|gametype|singles\n|player|p1|Golem06|1|1407\n|player|p2|the scholar|schoolkid-gen4dp|1410\n|teamsize|p1|6\n|teamsize|p2|6\n|gen|9\n|tier|[Gen 9] Random Battle\n|rated|\n|rule|Species Clause: Limit one of each Pok\u00e9mon\n|rule|HP Percentage Mod: HP is shown in percentages\n|rule|Sleep Clause Mod: Limit one foe put to sleep\n|rule|Illusion Level Mod: Illusion disguises the Pok\u00e9mon's true level\n|\n|t:|1733892371\n|start\n|switch|p1a: Mamoswine|Mamoswine, L81, M|311/311\n|switch|p2a: Vikavolt|Vikavolt, L83, F|263/263\n|turn|1\n|inactive|Battle timer is ON: inactive players will automatically lose when time's up. (requested by the scholar)\n|\n|t:|1733892382\n|move|p1a: Mamoswine|Stealth Rock|p2a: Vikavolt\n|-sidestart|p2: the scholar|move: Stealth Rock\n|move|p2a: Vikavolt|Sticky Web|p1a: Mamoswine\n|-sidestart|p1: Golem06|move: Sticky Web\n|\n|upkeep\n|turn|2\n|\n|t:|1733892387\n|move|p1a: Mamoswine|Icicle Crash|p2a: Vikavolt\n|-damage|p2a: Vikavolt|121/263\n|-damage|p1a: Mamoswine|280/311|[from] item: Life Orb\n|move|p2a: Vikavolt|Energy Ball|p1a: Mamoswine\n|-supereffective|p1a: Mamoswine\n|-crit|p1a: Mamoswine\n|-damage|p1a: Mamoswine|0 fnt\n|faint|p1a: Mamoswine\n|\n|upkeep\n|\n|t:|1733892396\n|switch|p1a: Tatsugiri|Tatsugiri, L87, F|260/260\n|turn|3\n|\n|t:|1733892411\n|move|p1a: Tatsugiri|Rapid Spin|p2a: Vikavolt\n|-damage|p2a: Vikavolt|98/263\n|-boost|p1a: Tatsugiri|spe|1\n|-sideend|p1: Golem06|Sticky Web|[from] move: Rapid Spin|[of] p1a: Tatsugiri\n|move|p2a: Vikavolt|Discharge|p1a: Tatsugiri\n|-damage|p1a: Tatsugiri|145/260\n|\n|upkeep\n|turn|4\n|\n|t:|1733892416\n|switch|p2a: Bronzong|Bronzong, L88|261/261\n|-damage|p2a: Bronzong|245/261|[from] Stealth Rock\n|move|p1a: Tatsugiri|Hydro Pump|p2a: Bronzong\n|-damage|p2a: Bronzong|125/261\n|\n|-heal|p2a: Bronzong|141/261|[from] item: Leftovers\n|upkeep\n|turn|5\n|\n|t:|1733892444\n|switch|p1a: Rillaboom|Rillaboom, L79, F|288/288\n|-fieldstart|move: Grassy Terrain|[from] ability: Grassy Surge|[of] p1a: Rillaboom\n|move|p2a: Bronzong|Hypnosis|p1a: Rillaboom\n|-status|p1a: Rillaboom|slp|[from] move: Hypnosis\n|\n|-heal|p2a: Bronzong|157/261|[from] item: Leftovers\n|upkeep\n|turn|6\n|inactive|Golem06 has 120 seconds left.\n|inactive|the scholar has 120 seconds left.\n|\n|t:|1733892465\n|switch|p2a: Tatsugiri|Tatsugiri-Stretchy, L87, M|260/260\n|cant|p1a: Rillaboom|slp\n|\n|upkeep\n|turn|7\n|inactive|Golem06 has 120 seconds left.\n|\n|t:|1733892471\n|move|p2a: Tatsugiri|Rapid Spin|p1a: Rillaboom\n|-damage|p1a: Rillaboom|262/288 slp\n|-boost|p2a: Tatsugiri|spe|1\n|-sideend|p2: the scholar|Stealth Rock|[from] move: Rapid Spin|[of] p2a: Tatsugiri\n|cant|p1a: Rillaboom|slp\n|\n|-heal|p1a: Rillaboom|280/288 slp|[from] Grassy Terrain\n|upkeep\n|turn|8\n|\n|t:|1733892476\n|switch|p2a: Skarmory|Skarmory, L80, F|235/235\n|-curestatus|p1a: Rillaboom|slp|[msg]\n|move|p1a: Rillaboom|Wood Hammer|p2a: Skarmory\n|-resisted|p2a: Skarmory\n|-crit|p2a: Skarmory\n|-damage|p2a: Skarmory|171/235\n|-damage|p1a: Rillaboom|232/288|[from] item: Rocky Helmet|[of] p2a: Skarmory\n|-damage|p1a: Rillaboom|211/288|[from] Recoil\n|-damage|p1a: Rillaboom|183/288|[from] item: Life Orb\n|\n|-heal|p1a: Rillaboom|201/288|[from] Grassy Terrain\n|upkeep\n|turn|9\n|\n|t:|1733892483\n|switch|p1a: Raging Bolt|Raging Bolt, L78|323/323\n|move|p2a: Skarmory|Spikes|p1a: Raging Bolt\n|-sidestart|p1: Golem06|Spikes\n|\n|-fieldend|move: Grassy Terrain\n|upkeep\n|turn|10\n|\n|t:|1733892498\n|switch|p2a: Ogerpon|Ogerpon-Hearthflame, L74, F|239/239\n|-ability|p2a: Ogerpon|Mold Breaker\n|move|p1a: Raging Bolt|Volt Switch|p2a: Ogerpon\n|-resisted|p2a: Ogerpon\n|-damage|p2a: Ogerpon|190/239\n|\n|t:|1733892511\n|-end|p1a: Raging Bolt|Protosynthesis|[silent]\n|switch|p1a: Infernape|Infernape, L82, F|259/259|[from] Volt Switch\n|-damage|p1a: Infernape|227/259|[from] Spikes\n|\n|upkeep\n|turn|11\n|\n|t:|1733892523\n|switch|p2a: Basculin|Basculin, L86, M|261/261\n|move|p1a: Infernape|Stone Edge|p2a: Basculin\n|-damage|p2a: Basculin|156/261\n|-damage|p1a: Infernape|202/259|[from] item: Life Orb\n|\n|upkeep\n|turn|12\n|\n|t:|1733892533\n|switch|p1a: Tatsugiri|Tatsugiri, L87, F|145/260\n|move|p2a: Basculin|Double-Edge|p1a: Tatsugiri\n|-damage|p1a: Tatsugiri|0 fnt\n|faint|p1a: Tatsugiri\n|-damage|p2a: Basculin|108/261|[from] Recoil\n|\n|upkeep\n|\n|t:|1733892539\n|switch|p1a: Raging Bolt|Raging Bolt, L78|323/323\n|-damage|p1a: Raging Bolt|283/323|[from] Spikes\n|turn|13\n|\n|t:|1733892551\n|move|p1a: Raging Bolt|Thunderclap|p2a: Basculin\n|-supereffective|p2a: Basculin\n|-damage|p2a: Basculin|0 fnt\n|faint|p2a: Basculin\n|\n|upkeep\n|\n|t:|1733892556\n|switch|p2a: Ogerpon|Ogerpon-Hearthflame, L74, F|190/239\n|-ability|p2a: Ogerpon|Mold Breaker\n|turn|14\n|\n|t:|1733892561\n|move|p2a: Ogerpon|Knock Off|p1a: Raging Bolt\n|-damage|p1a: Raging Bolt|205/323\n|-enditem|p1a: Raging Bolt|Assault Vest|[from] move: Knock Off|[of] p2a: Ogerpon\n|move|p1a: Raging Bolt|Draco Meteor|p2a: Ogerpon|[miss]\n|-miss|p1a: Raging Bolt|p2a: Ogerpon\n|\n|upkeep\n|turn|15\n|\n|t:|1733892569\n|switch|p2a: Bronzong|Bronzong, L88|157/261\n|move|p1a: Raging Bolt|Draco Meteor|p2a: Bronzong\n|-resisted|p2a: Bronzong\n|-crit|p2a: Bronzong\n|-damage|p2a: Bronzong|62/261\n|-unboost|p1a: Raging Bolt|spa|2\n|\n|-heal|p2a: Bronzong|78/261|[from] item: Leftovers\n|upkeep\n|turn|16\n|\n|t:|1733892574\n|move|p1a: Raging Bolt|Volt Switch|p2a: Bronzong\n|-damage|p2a: Bronzong|45/261\n|\n|t:|1733892578\n|-end|p1a: Raging Bolt|Protosynthesis|[silent]\n|switch|p1a: Rillaboom|Rillaboom, L79, F|201/288|[from] Volt Switch\n|-damage|p1a: Rillaboom|165/288|[from] Spikes\n|-fieldstart|move: Grassy Terrain|[from] ability: Grassy Surge|[of] p1a: Rillaboom\n|move|p2a: Bronzong|Stealth Rock|p1a: Rillaboom\n|-sidestart|p1: Golem06|move: Stealth Rock\n|\n|-heal|p1a: Rillaboom|183/288|[from] Grassy Terrain\n|-heal|p2a: Bronzong|61/261|[from] item: Leftovers\n|upkeep\n|turn|17\n|\n|t:|1733892583\n|move|p1a: Rillaboom|Knock Off|p2a: Bronzong\n|-supereffective|p2a: Bronzong\n|-damage|p2a: Bronzong|0 fnt\n|-enditem|p2a: Bronzong|Leftovers|[from] move: Knock Off|[of] p1a: Rillaboom\n|faint|p2a: Bronzong\n|-damage|p1a: Rillaboom|155/288|[from] item: Life Orb\n|\n|-heal|p1a: Rillaboom|173/288|[from] Grassy Terrain\n|upkeep\n|\n|t:|1733892593\n|switch|p2a: Ogerpon|Ogerpon-Hearthflame, L74, F|190/239\n|-ability|p2a: Ogerpon|Mold Breaker\n|turn|18\n|\n|t:|1733892596\n|move|p2a: Ogerpon|Ivy Cudgel|p1a: Rillaboom|[anim] Ivy Cudgel Fire\n|-supereffective|p1a: Rillaboom\n|-damage|p1a: Rillaboom|0 fnt\n|faint|p1a: Rillaboom\n|\n|-heal|p2a: Ogerpon|204/239|[from] Grassy Terrain\n|upkeep\n|\n|t:|1733892603\n|switch|p1a: Infernape|Infernape, L82, F|202/259\n|-damage|p1a: Infernape|170/259|[from] Spikes\n|-damage|p1a: Infernape|138/259|[from] Stealth Rock\n|turn|19\n|\n|t:|1733892631\n|switch|p2a: Vikavolt|Vikavolt, L83, F|98/263\n|move|p1a: Infernape|Stone Edge|p2a: Vikavolt\n|-supereffective|p2a: Vikavolt\n|-crit|p2a: Vikavolt\n|-damage|p2a: Vikavolt|0 fnt\n|faint|p2a: Vikavolt\n|-damage|p1a: Infernape|113/259|[from] item: Life Orb\n|\n|-heal|p1a: Infernape|129/259|[from] Grassy Terrain\n|upkeep\n|\n|t:|1733892638\n|switch|p2a: Skarmory|Skarmory, L80, F|171/235\n|turn|20\n|\n|t:|1733892647\n|-terastallize|p2a: Skarmory|Dragon\n|move|p1a: Infernape|Overheat|p2a: Skarmory\n|-resisted|p2a: Skarmory\n|-damage|p2a: Skarmory|55/235\n|-unboost|p1a: Infernape|spa|2\n|-damage|p1a: Infernape|104/259|[from] item: Life Orb\n|move|p2a: Skarmory|Roost|p2a: Skarmory\n|-heal|p2a: Skarmory|173/235\n|\n|-heal|p1a: Infernape|120/259|[from] Grassy Terrain\n|-heal|p2a: Skarmory|187/235|[from] Grassy Terrain\n|-fieldend|move: Grassy Terrain\n|upkeep\n|turn|21\n|\n|t:|1733892654\n|switch|p1a: Florges|Florges-White, L85, F|271/271\n|-damage|p1a: Florges|238/271|[from] Spikes\n|-damage|p1a: Florges|205/271|[from] Stealth Rock\n|move|p2a: Skarmory|Body Press|p1a: Florges\n|-resisted|p1a: Florges\n|-damage|p1a: Florges|163/271\n|\n|-heal|p1a: Florges|179/271|[from] item: Leftovers\n|upkeep\n|turn|22\n|\n|t:|1733892661\n|switch|p2a: Ogerpon|Ogerpon-Hearthflame, L74, F|204/239\n|-ability|p2a: Ogerpon|Mold Breaker\n|move|p1a: Florges|Synthesis|p1a: Florges\n|-heal|p1a: Florges|271/271\n|\n|upkeep\n|turn|23\n|\n|t:|1733892677\n|-terastallize|p1a: Florges|Ground\n|move|p2a: Ogerpon|Swords Dance|p2a: Ogerpon\n|-boost|p2a: Ogerpon|atk|2\n|move|p1a: Florges|Tera Blast|p2a: Ogerpon|[anim] Tera Blast Ground\n|-damage|p2a: Ogerpon|102/239\n|\n|upkeep\n|turn|24\n|\n|t:|1733892696\n|move|p2a: Ogerpon|Ivy Cudgel|p1a: Florges|[anim] Ivy Cudgel Fire\n|-damage|p1a: Florges|0 fnt\n|faint|p1a: Florges\n|\n|upkeep\n|\n|t:|1733892701\n|switch|p1a: Infernape|Infernape, L82, F|120/259\n|-damage|p1a: Infernape|88/259|[from] Spikes\n|-damage|p1a: Infernape|56/259|[from] Stealth Rock\n|turn|25\n|\n|t:|1733892717\n|move|p1a: Infernape|Close Combat|p2a: Ogerpon\n|-damage|p2a: Ogerpon|0 fnt\n|-unboost|p1a: Infernape|def|1\n|-unboost|p1a: Infernape|spd|1\n|faint|p2a: Ogerpon\n|-damage|p1a: Infernape|31/259|[from] item: Life Orb\n|\n|upkeep\n|\n|t:|1733892721\n|switch|p2a: Skarmory|Skarmory, L80, F, tera:Dragon|187/235\n|turn|26\n|\n|t:|1733892732\n|move|p1a: Infernape|Close Combat|p2a: Skarmory\n|-damage|p2a: Skarmory|74/235\n|-unboost|p1a: Infernape|def|1\n|-unboost|p1a: Infernape|spd|1\n|-damage|p1a: Infernape|0 fnt|[from] item: Rocky Helmet|[of] p2a: Skarmory\n|faint|p1a: Infernape\n|move|p2a: Skarmory|Body Press|p1: Infernape|[notarget]\n|-fail|p2a: Skarmory\n|\n|upkeep\n|\n|t:|1733892736\n|switch|p1a: Raging Bolt|Raging Bolt, L78|205/323\n|-damage|p1a: Raging Bolt|165/323|[from] Spikes\n|-damage|p1a: Raging Bolt|125/323|[from] Stealth Rock\n|turn|27\n|\n|t:|1733892742\n|move|p1a: Raging Bolt|Draco Meteor|p2a: Skarmory\n|-supereffective|p2a: Skarmory\n|-crit|p2a: Skarmory\n|-damage|p2a: Skarmory|0 fnt\n|-unboost|p1a: Raging Bolt|spa|2\n|faint|p2a: Skarmory\n|\n|upkeep\n|\n|t:|1733892744\n|switch|p2a: Tatsugiri|Tatsugiri-Stretchy, L87, M|260/260\n|turn|28\n|\n|t:|1733892748\n|move|p2a: Tatsugiri|Draco Meteor|p1a: Raging Bolt\n|-supereffective|p1a: Raging Bolt\n|-damage|p1a: Raging Bolt|0 fnt\n|-unboost|p2a: Tatsugiri|spa|2\n|faint|p1a: Raging Bolt\n|-end|p1a: Raging Bolt|Protosynthesis|[silent]\n|\n|win|the scholar\n|raw|Golem06's rating: 1407 &rarr; <strong>1387</strong><br />(-20 for losing)\n|raw|the scholar's rating: 1410 &rarr; <strong>1430</strong><br />(+20 for winning)\n|c|\u2606the scholar|gg\n|l|\u2606Golem06\n|player|p1|\n", "inputlog": ">version bfd83cad13791eb5a5a409923076391caf6fb4d4\n>start {\"formatid\":\"gen9randombattle\",\"seed\":[48934,27333,59208,31943],\"rated\":\"Rated battle\"}\n>player p1 {\"name\":\"Golem06\",\"avatar\":\"1\",\"rating\":1407,\"seed\":[65223,45649,34683,34013]}\n>player p2 {\"name\":\"the scholar\",\"avatar\":\"schoolkid-gen4dp\",\"rating\":1410,\"seed\":[3839,56142,20936,51653]}\n>p1 move stealthrock\n>p2 move stickyweb\n>p1 move iciclecrash\n>p2 move energyball\n>p1 switch 4\n>p1 move rapidspin\n>p2 move discharge\n>p1 move hydropump\n>p2 switch 3\n>p1 switch 5\n>p2 move hypnosis\n>p1 move knockoff\n>p2 switch 6\n>p1 move woodhammer\n>p2 move rapidspin\n>p1 move woodhammer\n>p2 switch 4\n>p1 switch 3\n>p2 move spikes\n>p1 move voltswitch\n>p2 switch 2\n>p1 switch 2\n>p1 move stoneedge\n>p2 switch 5\n>p1 switch 5\n>p2 move doubleedge\n>p1 switch 2\n>p1 move thunderclap\n>p2 move doubleedge\n>p2 switch 5\n>p1 move dracometeor\n>p2 move knockoff\n>p1 move dracometeor\n>p2 switch 6\n>p1 move voltswitch\n>p2 move stealthrock\n>p1 switch 3\n>p1 move knockoff\n>p2 move psychicnoise\n>p2 switch 6\n>p1 move knockoff\n>p2 move ivycudgel\n>p1 switch 5\n>p1 move stoneedge\n>p2 switch 3\n>p2 switch 2\n>p1 move overheat\n>p2 move roost terastallize\n>p1 switch 6\n>p2 move bodypress\n>p1 move synthesis\n>p2 switch 3\n>p1 move terablast terastallize\n>p2 move swordsdance\n>p1 move terablast\n>p2 move ivycudgel\n>p1 switch 6\n>p1 move closecombat\n>p2 move ivycudgel\n>p2 switch 3\n>p1 move closecombat\n>p2 move bodypress\n>p1 switch 3\n>p1 move dracometeor\n>p2 move roost\n>p2 switch 4\n>p1 move dracometeor\n>p2 move dracometeor", "uploadtime": 1733892755, "views": 13, "formatid": "gen9randombattle", "rating": 1387, "private": 0, "password": null}