{"id": "gen9randombattle-2260735518", "format": "[Gen 9] Random Battle", "players": ["pocoyodagoat", "Raydoge"], "log": "|j|\u2606pocoyodagoat\n|j|\u2606Raydoge\n|t:|1733884699\n|gametype|singles\n|player|p1|pocoyodagoat|170|1331\n|player|p2|Raydoge|brendan-rs|1360\n|teamsize|p1|6\n|teamsize|p2|6\n|gen|9\n|tier|[Gen 9] Random Battle\n|rated|\n|rule|Species Clause: Limit one of each Pok\u00e9mon\n|rule|HP Percentage Mod: HP is shown in percentages\n|rule|Sleep Clause Mod: Limit one foe put to sleep\n|rule|Illusion Level Mod: Illusion disguises the Pok\u00e9mon's true level\n|\n|t:|1733884699\n|start\n|switch|p1a: Inteleon|Inteleon, L81, M|246/246\n|switch|p2a: Luxray|Luxray, L88, M|283/283\n|turn|1\n|j| Walton Simons\n|\n|t:|1733884707\n|move|p1a: Inteleon|U-turn|p2a: Luxray\n|-damage|p2a: Luxray|236/283\n|\n|t:|1733884711\n|switch|p1a: Groudon|Groudon, L72|263/263|[from] U-turn\n|-weather|SunnyDay|[from] ability: Drought|[of] p1a: Groudon\n|move|p2a: Luxray|Trailblaze|p1a: Groudon\n|-supereffective|p1a: Groudon\n|-damage|p1a: Groudon|189/263\n|-boost|p2a: Luxray|spe|1\n|\n|-weather|SunnyDay|[upkeep]\n|-heal|p1a: Groudon|205/263|[from] item: Leftovers\n|-status|p2a: Luxray|brn|[from] item: Flame Orb\n|upkeep\n|turn|2\n|\n|t:|1733884718\n|-terastallize|p2a: Luxray|Normal\n|move|p2a: Luxray|Facade|p1a: Groudon\n|-damage|p1a: Groudon|0 fnt\n|faint|p1a: Groudon\n|\n|-weather|SunnyDay|[upkeep]\n|-damage|p2a: Luxray|219/283 brn|[from] brn\n|upkeep\n|\n|t:|1733884730\n|switch|p1a: Gurdurr|Gurdurr, L85, M|283/283\n|turn|3\n|\n|t:|1733884741\n|move|p2a: Luxray|Facade|p1a: Gurdurr\n|-damage|p1a: Gurdurr|99/283\n|move|p1a: Gurdurr|Drain Punch|p2a: Luxray\n|-supereffective|p2a: Luxray\n|-damage|p2a: Luxray|27/283 brn\n|-heal|p1a: Gurdurr|195/283|[from] drain|[of] p2a: Luxray\n|\n|-weather|SunnyDay|[upkeep]\n|-damage|p2a: Luxray|10/283 brn|[from] brn\n|upkeep\n|turn|4\n|\n|t:|1733884750\n|move|p1a: Gurdurr|Mach Punch|p2a: Luxray\n|-supereffective|p2a: Luxray\n|-damage|p2a: Luxray|0 fnt\n|faint|p2a: Luxray\n|\n|-weather|SunnyDay|[upkeep]\n|upkeep\n|\n|t:|1733884760\n|switch|p2a: Reshiram|Reshiram, L76|277/277\n|-ability|p2a: Reshiram|Turboblaze\n|turn|5\n|\n|t:|1733884765\n|move|p2a: Reshiram|Blue Flare|p1a: Gurdurr\n|-damage|p1a: Gurdurr|0 fnt\n|faint|p1a: Gurdurr\n|\n|-weather|none\n|upkeep\n|\n|t:|1733884774\n|switch|p1a: Greedent|Greedent, L86, M|347/347\n|turn|6\n|\n|t:|1733884777\n|switch|p2a: Hariyama|Hariyama, L87, F|392/392\n|move|p1a: Greedent|Swords Dance|p1a: Greedent\n|-boost|p1a: Greedent|atk|2\n|\n|upkeep\n|turn|7\n|\n|t:|1733884790\n|-terastallize|p1a: Greedent|Ghost\n|move|p2a: Hariyama|Knock Off|p1a: Greedent\n|-supereffective|p1a: Greedent\n|-damage|p1a: Greedent|185/347\n|-enditem|p1a: Greedent|Sitrus Berry|[from] move: Knock Off|[of] p2a: Hariyama\n|move|p1a: Greedent|Knock Off|p2a: Hariyama\n|-resisted|p2a: Hariyama\n|-damage|p2a: Hariyama|305/392\n|-enditem|p2a: Hariyama|Assault Vest|[from] move: Knock Off|[of] p1a: Greedent\n|\n|upkeep\n|turn|8\n|\n|t:|1733884802\n|move|p2a: Hariyama|Knock Off|p1a: Greedent\n|-supereffective|p1a: Greedent\n|-damage|p1a: Greedent|77/347\n|move|p1a: Greedent|Double-Edge|p2a: Hariyama\n|-damage|p2a: Hariyama|0 fnt\n|faint|p2a: Hariyama\n|-damage|p1a: Greedent|0 fnt|[from] Recoil\n|faint|p1a: Greedent\n|\n|upkeep\n|\n|t:|1733884811\n|switch|p2a: Mienshao|Mienshao, L83, F|244/244\n|switch|p1a: Oranguru|Oranguru, L92, F|315/315\n|turn|9\n|\n|t:|1733884815\n|move|p2a: Mienshao|Knock Off|p1a: Oranguru\n|-supereffective|p1a: Oranguru\n|-damage|p1a: Oranguru|112/315\n|-enditem|p1a: Oranguru|Leftovers|[from] move: Knock Off|[of] p2a: Mienshao\n|-damage|p2a: Mienshao|220/244|[from] item: Life Orb\n|move|p1a: Oranguru|Nasty Plot|p1a: Oranguru\n|-boost|p1a: Oranguru|spa|2\n|\n|upkeep\n|turn|10\n|\n|t:|1733884820\n|move|p2a: Mienshao|Close Combat|p1a: Oranguru\n|-damage|p1a: Oranguru|0 fnt\n|-unboost|p2a: Mienshao|def|1\n|-unboost|p2a: Mienshao|spd|1\n|faint|p1a: Oranguru\n|-damage|p2a: Mienshao|196/244|[from] item: Life Orb\n|\n|upkeep\n|\n|t:|1733884824\n|switch|p1a: Inteleon|Inteleon, L81, M|246/246\n|turn|11\n|\n|t:|1733884828\n|switch|p2a: Pecharunt|Pecharunt, L77|262/262\n|move|p1a: Inteleon|Scald|p2a: Pecharunt\n|-damage|p2a: Pecharunt|94/262\n|\n|-heal|p2a: Pecharunt|110/262|[from] item: Leftovers\n|upkeep\n|turn|12\n|\n|t:|1733884835\n|move|p1a: Inteleon|Scald|p2a: Pecharunt\n|-damage|p2a: Pecharunt|0 fnt\n|faint|p2a: Pecharunt\n|\n|upkeep\n|\n|t:|1733884840\n|switch|p2a: Mienshao|Mienshao, L83, F|244/244\n|turn|13\n|\n|t:|1733884843\n|move|p1a: Inteleon|Scald|p2a: Mienshao\n|-damage|p2a: Mienshao|52/244\n|move|p2a: Mienshao|Close Combat|p1a: Inteleon\n|-damage|p1a: Inteleon|0 fnt\n|-unboost|p2a: Mienshao|def|1\n|-unboost|p2a: Mienshao|spd|1\n|faint|p1a: Inteleon\n|-damage|p2a: Mienshao|28/244|[from] item: Life Orb\n|\n|upkeep\n|\n|t:|1733884850\n|switch|p1a: Milotic|Milotic, L83, F|293/293\n|turn|14\n|\n|t:|1733884854\n|move|p2a: Mienshao|Knock Off|p1a: Milotic\n|-damage|p1a: Milotic|168/293\n|-enditem|p1a: Milotic|Leftovers|[from] move: Knock Off|[of] p2a: Mienshao\n|-damage|p2a: Mienshao|4/244|[from] item: Life Orb\n|move|p1a: Milotic|Scald|p2a: Mienshao\n|-damage|p2a: Mienshao|0 fnt\n|faint|p2a: Mienshao\n|\n|upkeep\n|\n|t:|1733884861\n|switch|p2a: Zacian|Zacian, L69|241/241\n|-ability|p2a: Zacian|Intrepid Sword|boost\n|-boost|p2a: Zacian|atk|1\n|turn|15\n|\n|t:|1733884865\n|move|p2a: Zacian|Play Rough|p1a: Milotic\n|-damage|p1a: Milotic|0 fnt\n|faint|p1a: Milotic\n|-damage|p2a: Zacian|217/241|[from] item: Life Orb\n|\n|win|Raydoge\n|raw|pocoyodagoat's rating: 1331 &rarr; <strong>1313</strong><br />(-18 for losing)\n|raw|Raydoge's rating: 1360 &rarr; <strong>1378</strong><br />(+18 for winning)\n", "inputlog": ">version bfd83cad13791eb5a5a409923076391caf6fb4d4\n>start {\"formatid\":\"gen9randombattle\",\"seed\":[60852,16573,13497,13776],\"rated\":\"Rated battle\"}\n>player p1 {\"name\":\"pocoyodagoat\",\"avatar\":\"170\",\"rating\":1331,\"seed\":[6528,21547,31201,35970]}\n>player p2 {\"name\":\"Raydoge\",\"avatar\":\"brendan-rs\",\"rating\":1360,\"seed\":[41341,59473,38785,58122]}\n>p1 move uturn\n>p2 move trailblaze\n>p1 switch 5\n>p1 move thunderwave\n>p2 move facade terastallize\n>p1 switch 3\n>p1 move drainpunch\n>p2 move facade\n>p1 move machpunch\n>p2 move facade\n>p2 switch 3\n>p1 move knockoff\n>p2 move blueflare\n>p1 switch 4\n>p1 move swordsdance\n>p2 switch 5\n>p1 move knockoff terastallize\n>p2 move knockoff\n>p1 move doubleedge\n>p2 move knockoff\n>p1 switch 2\n>p2 switch 4\n>p1 move nastyplot\n>p2 move knockoff\n>p1 move psychic\n>p2 move closecombat\n>p1 switch 5\n>p1 move scald\n>p2 switch 2\n>p1 move scald\n>p2 move malignantchain\n>p2 switch 2\n>p1 move scald\n>p2 move closecombat\n>p1 switch 6\n>p1 move scald\n>p2 move knockoff\n>p2 switch 6\n>p1 move scald\n>p2 move playrough", "uploadtime": 1733884868, "views": 4, "formatid": "gen9randombattle", "rating": 1313, "private": 0, "password": null}