{"id": "gen9randombattle-2260702326", "format": "[Gen 9] Random Battle", "players": ["Piewat", "biff webster"], "log": "|j|\u2606Piewat\n|j|\u2606biff webster\n|t:|1733880400\n|gametype|singles\n|player|p1|Piewat|caitlin|1330\n|player|p2|biff webster|101|1323\n|teamsize|p1|6\n|teamsize|p2|6\n|gen|9\n|tier|[Gen 9] Random Battle\n|rated|\n|rule|Species Clause: Limit one of each Pok\u00e9mon\n|rule|HP Percentage Mod: HP is shown in percentages\n|rule|Sleep Clause Mod: Limit one foe put to sleep\n|rule|Illusion Level Mod: Illusion disguises the Pok\u00e9mon's true level\n|\n|t:|1733880400\n|start\n|switch|p1a: Arbok|Arbok, L87, M|246/246\n|switch|p2a: Piloswine|Piloswine, L85, F|309/309\n|-ability|p1a: Arbok|Intimidate|boost\n|-unboost|p2a: Piloswine|atk|1\n|turn|1\n|\n|t:|1733880425\n|-terastallize|p1a: Arbok|Dark\n|move|p1a: Arbok|Coil|p1a: Arbok\n|-boost|p1a: Arbok|atk|1\n|-boost|p1a: Arbok|def|1\n|-boost|p1a: Arbok|accuracy|1\n|move|p2a: Piloswine|Roar|p1a: Arbok\n|drag|p1a: Porygon-Z|Porygon-Z, L83|277/277\n|\n|upkeep\n|turn|2\n|\n|t:|1733880439\n|switch|p2a: Spidops|Spidops, L96, F|271/271\n|move|p1a: Porygon-Z|Shadow Ball|p2a: Spidops\n|-damage|p2a: Spidops|183/271\n|-damage|p1a: Porygon-Z|250/277|[from] item: Life Orb\n|\n|upkeep\n|turn|3\n|\n|t:|1733880446\n|move|p1a: Porygon-Z|Nasty Plot|p1a: Porygon-Z\n|-boost|p1a: Porygon-Z|spa|2\n|move|p2a: Spidops|Sticky Web|p1a: Porygon-Z\n|-sidestart|p1: Piewat|move: Sticky Web\n|\n|upkeep\n|turn|4\n|\n|t:|1733880453\n|move|p1a: Porygon-Z|Nasty Plot|p1a: Porygon-Z\n|-boost|p1a: Porygon-Z|spa|2\n|move|p2a: Spidops|Circle Throw|p1a: Porygon-Z\n|-supereffective|p1a: Porygon-Z\n|-damage|p1a: Porygon-Z|134/277\n|drag|p1a: Braviary|Braviary-Hisui, L85, M|326/326\n|\n|upkeep\n|turn|5\n|\n|t:|1733880465\n|switch|p2a: Klawf|Klawf, L90, M|272/272\n|move|p1a: Braviary|Hurricane|p2a: Klawf\n|-resisted|p2a: Klawf\n|-damage|p2a: Klawf|0 fnt\n|faint|p2a: Klawf\n|\n|upkeep\n|\n|t:|1733880481\n|switch|p2a: Barraskewda|Barraskewda, L81, F|231/231\n|turn|6\n|\n|t:|1733880488\n|-terastallize|p2a: Barraskewda|Water\n|move|p2a: Barraskewda|Waterfall|p1a: Braviary\n|-damage|p1a: Braviary|100/326\n|move|p1a: Braviary|Hurricane|p2a: Barraskewda|[miss]\n|-miss|p1a: Braviary|p2a: Barraskewda\n|\n|upkeep\n|turn|7\n|\n|t:|1733880504\n|switch|p1a: Arbok|Arbok, L87, M, tera:Dark|246/246\n|-activate|p1a: Arbok|move: Sticky Web\n|-unboost|p1a: Arbok|spe|1\n|-ability|p1a: Arbok|Intimidate|boost\n|-unboost|p2a: Barraskewda|atk|1\n|move|p2a: Barraskewda|Waterfall|p1a: Arbok\n|-damage|p1a: Arbok|88/246\n|\n|upkeep\n|turn|8\n|\n|t:|1733880516\n|switch|p2a: Spidops|Spidops, L96, F|183/271\n|move|p1a: Arbok|Sucker Punch||[still]\n|-fail|p1a: Arbok\n|\n|upkeep\n|turn|9\n|\n|t:|1733880525\n|move|p1a: Arbok|Gunk Shot|p2a: Spidops|[miss]\n|-miss|p1a: Arbok|p2a: Spidops\n|move|p2a: Spidops|U-turn|p1a: Arbok\n|-supereffective|p1a: Arbok\n|-damage|p1a: Arbok|0 fnt\n|faint|p1a: Arbok\n|\n|t:|1733880529\n|switch|p2a: Barraskewda|Barraskewda, L81, F, tera:Water|231/231|[from] U-turn\n|\n|upkeep\n|\n|t:|1733880552\n|switch|p1a: Braviary|Braviary-Hisui, L85, M|100/326\n|turn|10\n|\n|t:|1733880557\n|move|p2a: Barraskewda|Waterfall|p1a: Braviary\n|-damage|p1a: Braviary|0 fnt\n|faint|p1a: Braviary\n|\n|upkeep\n|\n|t:|1733880562\n|switch|p1a: Florges|Florges-White, L85, F|271/271\n|-activate|p1a: Florges|move: Sticky Web\n|-unboost|p1a: Florges|spe|1\n|turn|11\n|\n|t:|1733880571\n|move|p2a: Barraskewda|Waterfall|p1a: Florges\n|-damage|p1a: Florges|27/271\n|cant|p1a: Florges|flinch\n|\n|-heal|p1a: Florges|43/271|[from] item: Leftovers\n|upkeep\n|turn|12\n|-message|Piewat forfeited.\n|\n|win|biff webster\n|raw|Piewat's rating: 1330 &rarr; <strong>1310</strong><br />(-20 for losing)\n|raw|biff webster's rating: 1323 &rarr; <strong>1343</strong><br />(+20 for winning)\n|l|\u2606Piewat\n|player|p1|\n", "inputlog": ">version bfd83cad13791eb5a5a409923076391caf6fb4d4\n>start {\"formatid\":\"gen9randombattle\",\"seed\":[8890,36106,22276,13753],\"rated\":\"Rated battle\"}\n>player p1 {\"name\":\"Piewat\",\"avatar\":\"caitlin\",\"rating\":1330,\"seed\":[10867,60781,53532,20666]}\n>player p2 {\"name\":\"biff webster\",\"avatar\":\"101\",\"rating\":1323,\"seed\":[5484,47459,40323,14937]}\n>p1 move coil terastallize\n>p2 move roar\n>p1 move shadowball\n>p2 switch 2\n>p1 move nastyplot\n>p2 move stickyweb\n>p1 move nastyplot\n>p2 move circlethrow\n>p1 move hurricane\n>p2 switch 5\n>p2 switch 6\n>p1 move hurricane\n>p2 move waterfall terastallize\n>p1 switch 6\n>p2 move waterfall\n>p1 move suckerpunch\n>p2 switch 5\n>p1 move gunkshot\n>p2 move uturn\n>p2 switch 5\n>p1 switch 6\n>p1 move esperwing\n>p2 move waterfall\n>p1 switch 3\n>p1 move moonblast\n>p2 move waterfall\n>forcelose p1", "uploadtime": 1733880590, "views": 1, "formatid": "gen9randombattle", "rating": 1310, "private": 0, "password": null}