{"id": "gen9randombattle-2059099882", "format": "[Gen 9] Random Battle", "players": ["Inertialinitiative", "MichaelderBeste2"], "log": "|j|\u2606Inertialinitiative\n|j|\u2606MichaelderBeste2\n|t:|1707912120\n|gametype|singles\n|player|p1|Inertialinitiative|lucas-gen4pt|2274\n|player|p2|MichaelderBeste2|#smogonxnpa2024draftee2|2424\n|teamsize|p1|6\n|teamsize|p2|6\n|gen|9\n|tier|[Gen 9] Random Battle\n|rated|\n|rule|Species Clause: Limit one of each Pok\u00e9mon\n|rule|HP Percentage Mod: HP is shown in percentages\n|rule|Sleep Clause Mod: Limit one foe put to sleep\n|rule|Illusion Level Mod: Illusion disguises the Pok\u00e9mon's true level\n|\n|t:|1707912120\n|start\n|switch|p1a: Charizard|Charizard, L84, F|268/268\n|switch|p2a: Iron Valiant|Iron Valiant, L79|247/247\n|turn|1\n|\n|t:|1707912141\n|-end|p2a: Iron Valiant|Quark Drive|[silent]\n|switch|p2a: Hippowdon|Hippowdon, L82, F|311/311\n|-weather|Sandstorm|[from] ability: Sand Stream|[of] p2a: Hippowdon\n|move|p1a: Charizard|Hurricane|p2a: Hippowdon\n|-damage|p2a: Hippowdon|173/311\n|-start|p2a: Hippowdon|confusion\n|\n|-weather|Sandstorm|[upkeep]\n|-damage|p1a: Charizard|252/268|[from] Sandstorm\n|-heal|p2a: Hippowdon|192/311|[from] item: Leftovers\n|upkeep\n|turn|2\n|j| gatordile82\n|\n|t:|1707912154\n|switch|p1a: Phione|Phione, L90|290/290\n|-activate|p2a: Hippowdon|confusion\n|move|p2a: Hippowdon|Slack Off|p2a: Hippowdon\n|-heal|p2a: Hippowdon|311/311\n|\n|-weather|Sandstorm|[upkeep]\n|-damage|p1a: Phione|272/290|[from] Sandstorm\n|-heal|p1a: Phione|290/290|[from] item: Leftovers\n|upkeep\n|turn|3\n|\n|t:|1707912161\n|switch|p2a: Chansey|Chansey, L85, F|564/564\n|move|p1a: Phione|Take Heart|p1a: Phione\n|-boost|p1a: Phione|spa|1\n|-boost|p1a: Phione|spd|1\n|\n|-weather|Sandstorm|[upkeep]\n|-damage|p1a: Phione|272/290|[from] Sandstorm\n|-damage|p2a: Chansey|529/564|[from] Sandstorm\n|-heal|p1a: Phione|290/290|[from] item: Leftovers\n|upkeep\n|turn|4\n|\n|t:|1707912172\n|move|p1a: Phione|Scald|p2a: Chansey\n|-damage|p2a: Chansey|453/564\n|move|p2a: Chansey|Stealth Rock|p1a: Phione\n|-sidestart|p1: Inertialinitiative|move: Stealth Rock\n|\n|-weather|Sandstorm|[upkeep]\n|-damage|p1a: Phione|272/290|[from] Sandstorm\n|-damage|p2a: Chansey|418/564|[from] Sandstorm\n|-heal|p1a: Phione|290/290|[from] item: Leftovers\n|upkeep\n|turn|5\n|\n|t:|1707912183\n|switch|p1a: Grimmsnarl|Grimmsnarl, L83, M|293/293\n|-damage|p1a: Grimmsnarl|257/293|[from] Stealth Rock\n|move|p2a: Chansey|Seismic Toss|p1a: Grimmsnarl\n|-damage|p1a: Grimmsnarl|172/293\n|\n|-weather|none\n|upkeep\n|turn|6\n|\n|t:|1707912187\n|switch|p2a: Hippowdon|Hippowdon, L82, F|311/311\n|-weather|Sandstorm|[from] ability: Sand Stream|[of] p2a: Hippowdon\n|move|p1a: Grimmsnarl|Bulk Up|p1a: Grimmsnarl\n|-boost|p1a: Grimmsnarl|atk|1\n|-boost|p1a: Grimmsnarl|def|1\n|\n|-weather|Sandstorm|[upkeep]\n|-damage|p1a: Grimmsnarl|154/293|[from] Sandstorm\n|upkeep\n|turn|7\n|\n|t:|1707912192\n|move|p1a: Grimmsnarl|Throat Chop|p2a: Hippowdon\n|-damage|p2a: Hippowdon|175/311\n|-start|p2a: Hippowdon|Throat Chop|[silent]\n|move|p2a: Hippowdon|Whirlwind|p1a: Grimmsnarl\n|drag|p1a: Persian|Persian-Alola, L86, F|252/252\n|-damage|p1a: Persian|221/252|[from] Stealth Rock\n|\n|-weather|Sandstorm|[upkeep]\n|-damage|p1a: Persian|206/252|[from] Sandstorm\n|-heal|p2a: Hippowdon|194/311|[from] item: Leftovers\n|upkeep\n|turn|8\n|\n|t:|1707912197\n|switch|p2a: Chansey|Chansey, L85, F|418/564\n|move|p1a: Persian|Nasty Plot|p1a: Persian\n|-boost|p1a: Persian|spa|2\n|\n|-weather|Sandstorm|[upkeep]\n|-damage|p1a: Persian|191/252|[from] Sandstorm\n|-damage|p2a: Chansey|383/564|[from] Sandstorm\n|upkeep\n|turn|9\n|\n|t:|1707912206\n|move|p1a: Persian|Nasty Plot|p1a: Persian\n|-boost|p1a: Persian|spa|2\n|move|p2a: Chansey|Thunder Wave|p1a: Persian\n|-status|p1a: Persian|par\n|\n|-weather|Sandstorm|[upkeep]\n|-damage|p2a: Chansey|348/564|[from] Sandstorm\n|-damage|p1a: Persian|176/252 par|[from] Sandstorm\n|upkeep\n|turn|10\n|\n|t:|1707912216\n|move|p2a: Chansey|Seismic Toss|p1a: Persian\n|-damage|p1a: Persian|91/252 par\n|move|p1a: Persian|Dark Pulse|p2a: Chansey\n|-damage|p2a: Chansey|196/564\n|-damage|p1a: Persian|66/252 par|[from] item: Life Orb\n|\n|-weather|none\n|upkeep\n|turn|11\n|\n|t:|1707912226\n|move|p2a: Chansey|Soft-Boiled|p2a: Chansey\n|-heal|p2a: Chansey|478/564\n|move|p1a: Persian|Dark Pulse|p2a: Chansey\n|-damage|p2a: Chansey|314/564\n|-damage|p1a: Persian|41/252 par|[from] item: Life Orb\n|\n|upkeep\n|turn|12\n|\n|t:|1707912229\n|move|p2a: Chansey|Soft-Boiled|p2a: Chansey\n|-heal|p2a: Chansey|564/564\n|move|p1a: Persian|Dark Pulse|p2a: Chansey\n|-damage|p2a: Chansey|403/564\n|-damage|p1a: Persian|16/252 par|[from] item: Life Orb\n|\n|upkeep\n|turn|13\n|\n|t:|1707912232\n|move|p2a: Chansey|Seismic Toss|p1a: Persian\n|-damage|p1a: Persian|0 fnt\n|faint|p1a: Persian\n|\n|upkeep\n|\n|t:|1707912235\n|switch|p1a: Grimmsnarl|Grimmsnarl, L83, M|154/293\n|-damage|p1a: Grimmsnarl|118/293|[from] Stealth Rock\n|turn|14\n|\n|t:|1707912240\n|switch|p1a: Charizard|Charizard, L84, F|252/268\n|switch|p2a: Hippowdon|Hippowdon, L82, F|194/311\n|-weather|Sandstorm|[from] ability: Sand Stream|[of] p2a: Hippowdon\n|\n|-weather|Sandstorm|[upkeep]\n|-damage|p1a: Charizard|236/268|[from] Sandstorm\n|-heal|p2a: Hippowdon|213/311|[from] item: Leftovers\n|upkeep\n|turn|15\n|\n|t:|1707912245\n|move|p1a: Charizard|Hurricane|p2a: Hippowdon\n|-damage|p2a: Hippowdon|54/311\n|move|p2a: Hippowdon|Stone Edge|p1a: Charizard\n|-supereffective|p1a: Charizard\n|-damage|p1a: Charizard|0 fnt\n|faint|p1a: Charizard\n|\n|-weather|Sandstorm|[upkeep]\n|-heal|p2a: Hippowdon|73/311|[from] item: Leftovers\n|upkeep\n|\n|t:|1707912251\n|switch|p1a: Phione|Phione, L90|290/290\n|-damage|p1a: Phione|254/290|[from] Stealth Rock\n|turn|16\n|\n|t:|1707912253\n|switch|p2a: Chansey|Chansey, L85, F|403/564\n|move|p1a: Phione|Scald|p2a: Chansey\n|-damage|p2a: Chansey|355/564\n|-status|p2a: Chansey|brn\n|\n|-weather|Sandstorm|[upkeep]\n|-damage|p1a: Phione|236/290|[from] Sandstorm\n|-damage|p2a: Chansey|320/564 brn|[from] Sandstorm\n|-heal|p1a: Phione|254/290|[from] item: Leftovers\n|-damage|p2a: Chansey|285/564 brn|[from] brn\n|upkeep\n|turn|17\n|\n|t:|1707912257\n|switch|p1a: Grimmsnarl|Grimmsnarl, L83, M|118/293\n|-damage|p1a: Grimmsnarl|82/293|[from] Stealth Rock\n|move|p2a: Chansey|Soft-Boiled|p2a: Chansey\n|-heal|p2a: Chansey|564/564 brn\n|\n|-weather|Sandstorm|[upkeep]\n|-damage|p1a: Grimmsnarl|64/293|[from] Sandstorm\n|-damage|p2a: Chansey|529/564 brn|[from] Sandstorm\n|-damage|p2a: Chansey|494/564 brn|[from] brn\n|upkeep\n|turn|18\n|\n|t:|1707912260\n|-curestatus|p2a: Chansey|brn|[from] ability: Natural Cure\n|switch|p2a: Forretress|Forretress, L84, M|263/263\n|move|p1a: Grimmsnarl|Throat Chop|p2a: Forretress\n|-damage|p2a: Forretress|182/263\n|-start|p2a: Forretress|Throat Chop|[silent]\n|\n|-weather|none\n|-heal|p2a: Forretress|198/263|[from] item: Leftovers\n|upkeep\n|turn|19\n|\n|t:|1707912265\n|move|p1a: Grimmsnarl|Throat Chop|p2a: Forretress\n|-damage|p2a: Forretress|113/263\n|move|p2a: Forretress|Body Press|p1a: Grimmsnarl\n|-damage|p1a: Grimmsnarl|0 fnt\n|faint|p1a: Grimmsnarl\n|\n|-heal|p2a: Forretress|129/263|[from] item: Leftovers\n|-end|p2a: Forretress|Throat Chop|[silent]\n|upkeep\n|\n|t:|1707912269\n|switch|p1a: Blastoise|Blastoise, L80, M|258/258\n|-damage|p1a: Blastoise|226/258|[from] Stealth Rock\n|turn|20\n|\n|t:|1707912280\n|move|p1a: Blastoise|Shell Smash|p1a: Blastoise\n|-unboost|p1a: Blastoise|def|1\n|-unboost|p1a: Blastoise|spd|1\n|-boost|p1a: Blastoise|atk|2\n|-boost|p1a: Blastoise|spa|2\n|-boost|p1a: Blastoise|spe|2\n|-enditem|p1a: Blastoise|White Herb\n|-clearnegativeboost|p1a: Blastoise|[silent]\n|move|p2a: Forretress|Body Press|p1a: Blastoise\n|-damage|p1a: Blastoise|156/258\n|\n|-heal|p2a: Forretress|145/263|[from] item: Leftovers\n|upkeep\n|turn|21\n|\n|t:|1707912285\n|switch|p2a: Volcanion|Volcanion, L79|256/256\n|move|p1a: Blastoise|Shell Smash|p1a: Blastoise\n|-unboost|p1a: Blastoise|def|1\n|-unboost|p1a: Blastoise|spd|1\n|-boost|p1a: Blastoise|atk|2\n|-boost|p1a: Blastoise|spa|2\n|-boost|p1a: Blastoise|spe|2\n|\n|upkeep\n|turn|22\n|\n|t:|1707912290\n|move|p1a: Blastoise|Earthquake|p2a: Volcanion\n|-supereffective|p2a: Volcanion\n|-damage|p2a: Volcanion|0 fnt\n|faint|p2a: Volcanion\n|\n|upkeep\n|\n|t:|1707912297\n|switch|p2a: Altaria|Altaria, L88, M|275/275\n|turn|23\n|\n|t:|1707912301\n|-terastallize|p2a: Altaria|Steel\n|move|p1a: Blastoise|Earthquake|p2a: Altaria\n|-supereffective|p2a: Altaria\n|-damage|p2a: Altaria|0 fnt\n|faint|p2a: Altaria\n|\n|upkeep\n|\n|t:|1707912308\n|switch|p2a: Chansey|Chansey, L85, F|494/564\n|turn|24\n|\n|t:|1707912311\n|move|p1a: Blastoise|Earthquake|p2a: Chansey\n|-damage|p2a: Chansey|94/564\n|move|p2a: Chansey|Thunder Wave|p1a: Blastoise\n|-status|p1a: Blastoise|par\n|\n|upkeep\n|turn|25\n|\n|t:|1707912317\n|switch|p2a: Hippowdon|Hippowdon, L82, F|73/311\n|-weather|Sandstorm|[from] ability: Sand Stream|[of] p2a: Hippowdon\n|cant|p1a: Blastoise|par\n|\n|-weather|Sandstorm|[upkeep]\n|-damage|p1a: Blastoise|140/258 par|[from] Sandstorm\n|-heal|p2a: Hippowdon|92/311|[from] item: Leftovers\n|upkeep\n|turn|26\n|\n|t:|1707912319\n|move|p1a: Blastoise|Ice Beam|p2a: Hippowdon\n|-supereffective|p2a: Hippowdon\n|-damage|p2a: Hippowdon|0 fnt\n|faint|p2a: Hippowdon\n|\n|-weather|Sandstorm|[upkeep]\n|-damage|p1a: Blastoise|124/258 par|[from] Sandstorm\n|upkeep\n|\n|t:|1707912322\n|switch|p2a: Iron Valiant|Iron Valiant, L79|247/247\n|turn|27\n|\n|t:|1707912327\n|move|p1a: Blastoise|Ice Beam|p2a: Iron Valiant\n|-damage|p2a: Iron Valiant|31/247\n|move|p2a: Iron Valiant|Moonblast|p1a: Blastoise\n|-damage|p1a: Blastoise|0 fnt\n|faint|p1a: Blastoise\n|-damage|p2a: Iron Valiant|7/247|[from] item: Life Orb\n|\n|-weather|Sandstorm|[upkeep]\n|-damage|p2a: Iron Valiant|0 fnt|[from] Sandstorm\n|faint|p2a: Iron Valiant\n|-end|p2a: Iron Valiant|Quark Drive|[silent]\n|upkeep\n|\n|t:|1707912334\n|switch|p2a: Chansey|Chansey, L85, F|94/564\n|switch|p1a: Electrode|Electrode, L92|260/260\n|turn|28\n|\n|t:|1707912342\n|move|p1a: Electrode|Explosion|p2a: Chansey\n|-damage|p2a: Chansey|0 fnt\n|faint|p1a: Electrode\n|faint|p2a: Chansey\n|\n|-weather|Sandstorm|[upkeep]\n|upkeep\n|\n|t:|1707912344\n|switch|p1a: Phione|Phione, L90|254/290\n|switch|p2a: Forretress|Forretress, L84, M|145/263\n|-damage|p1a: Phione|218/290|[from] Stealth Rock\n|turn|29\n|\n|t:|1707912347\n|move|p1a: Phione|Scald|p2a: Forretress\n|-damage|p2a: Forretress|40/263\n|-status|p2a: Forretress|brn\n|move|p2a: Forretress|Rapid Spin|p1a: Phione\n|-damage|p1a: Phione|202/290\n|-boost|p2a: Forretress|spe|1\n|\n|-weather|none\n|-heal|p1a: Phione|220/290|[from] item: Leftovers\n|-heal|p2a: Forretress|56/263 brn|[from] item: Leftovers\n|-damage|p2a: Forretress|40/263 brn|[from] brn\n|upkeep\n|turn|30\n|-message|MichaelderBeste2 forfeited.\n|\n|win|Inertialinitiative\n|raw|Inertialinitiative's rating: 2274 &rarr; <strong>2302</strong><br />(+28 for winning)\n|raw|MichaelderBeste2's rating: 2424 &rarr; <strong>2396</strong><br />(-28 for losing)\n|l|\u2606MichaelderBeste2\n|player|p2|\n|l| gatordile82\n|j|\u2606MichaelderBeste2\n|player|p2|MichaelderBeste2|#smogonxnpa2024draftee2\n|l|\u2606MichaelderBeste2\n|player|p2|\n|l|\u2606Inertialinitiative\n|player|p1|\n|j|\u2606Inertialinitiative\n|player|p1|Inertialinitiative|lucas-gen4pt\n", "inputlog": ">version de83653606c272e7c0c778fb40cf7baa5f066de2\n>start {\"formatid\":\"gen9randombattle\",\"seed\":[13889,31094,46050,13721],\"rated\":\"Rated battle\"}\n>player p1 {\"name\":\"Inertialinitiative\",\"avatar\":\"lucas-gen4pt\",\"rating\":2274,\"seed\":[58647,61586,4815,21596]}\n>player p2 {\"name\":\"MichaelderBeste2\",\"avatar\":\"#smogonxnpa2024draftee2\",\"rating\":2424,\"seed\":[29855,43121,3341,64786]}\n>p1 move hurricane\n>p2 switch 2\n>p1 switch 5\n>p2 move slackoff\n>p1 move takeheart\n>p2 switch 3\n>p1 move scald\n>p2 move stealthrock\n>p1 switch 6\n>p2 move seismictoss\n>p1 move bulkup\n>p2 switch 3\n>p1 move throatchop\n>p2 move whirlwind\n>p1 move nastyplot\n>p2 switch 3\n>p1 move nastyplot\n>p2 move thunderwave\n>p1 move darkpulse\n>p2 move seismictoss\n>p1 move darkpulse\n>p2 move softboiled\n>p1 move darkpulse\n>p2 move softboiled\n>p1 move darkpulse\n>p2 move seismictoss\n>p1 switch 3\n>p1 switch 5\n>p2 switch 3\n>p1 move hurricane\n>p2 move stoneedge\n>p1 switch 6\n>p1 move scald\n>p2 switch 3\n>p1 switch 5\n>p2 move softboiled\n>p1 move throatchop\n>p2 switch 4\n>p1 move throatchop\n>p2 move bodypress\n>p1 switch 4\n>p1 move shellsmash\n>p2 move bodypress\n>p1 move shellsmash\n>p2 switch 6\n>p1 move earthquake\n>p2 move haze\n>p2 switch 5\n>p1 move earthquake\n>p2 move haze terastallize\n>p2 switch 4\n>p1 move earthquake\n>p2 move thunderwave\n>p1 move earthquake\n>p2 switch 3\n>p1 move icebeam\n>p2 move earthquake\n>p2 switch 2\n>p1 move icebeam\n>p2 move moonblast\n>p1 switch 2\n>p2 switch 3\n>p1 move explosion\n>p2 move softboiled\n>p1 switch 5\n>p2 switch 6\n>p1 move scald\n>p2 move rapidspin\n>forcelose p2", "uploadtime": 1707912414, "views": 309, "formatid": "gen9randombattle", "rating": 2302, "private": 0, "password": null}