{"id": "gen9randombattle-2260873450", "format": "[Gen 9] Random Battle", "players": ["SaberSerenity", "Kashamou"], "log": "|j|\u2606SaberSerenity\n|j|\u2606Kashamou\n|t:|1733908522\n|gametype|singles\n|player|p1|SaberSerenity|169|1423\n|player|p2|Kashamou|170|1457\n|teamsize|p1|6\n|teamsize|p2|6\n|gen|9\n|tier|[Gen 9] Random Battle\n|rated|\n|rule|Species Clause: Limit one of each Pok\u00e9mon\n|rule|HP Percentage Mod: HP is shown in percentages\n|rule|Sleep Clause Mod: Limit one foe put to sleep\n|rule|Illusion Level Mod: Illusion disguises the Pok\u00e9mon's true level\n|\n|t:|1733908522\n|start\n|switch|p1a: Latias|Latias, L79, F|256/256\n|switch|p2a: Skeledirge|Skeledirge, L79, F|294/294\n|turn|1\n|inactive|Battle timer is ON: inactive players will automatically lose when time's up. (requested by SaberSerenity)\n|inactive|Kashamou has 120 seconds left.\n|inactive|Kashamou has 90 seconds left.\n|inactive|Kashamou has 60 seconds left.\n|inactive|Kashamou has 30 seconds left.\n|inactive|Kashamou has 20 seconds left.\n|inactive|Kashamou has 15 seconds left.\n|inactive|Kashamou has 10 seconds left.\n|inactive|Kashamou has 5 seconds left.\n|\n|t:|1733908668\n|move|p1a: Latias|Draco Meteor|p2a: Skeledirge\n|-damage|p2a: Skeledirge|111/294\n|-unboost|p1a: Latias|spa|2\n|move|p2a: Skeledirge|Flame Charge|p1a: Latias\n|-resisted|p1a: Latias\n|-damage|p1a: Latias|235/256\n|-boost|p2a: Skeledirge|spe|1\n|\n|upkeep\n|turn|2\n|\n|t:|1733908680\n|move|p2a: Skeledirge|Slack Off|p2a: Skeledirge\n|-heal|p2a: Skeledirge|258/294\n|move|p1a: Latias|Draco Meteor|p2a: Skeledirge\n|-damage|p2a: Skeledirge|68/294\n|-unboost|p1a: Latias|spa|2\n|\n|upkeep\n|turn|3\n|\n|t:|1733908687\n|move|p2a: Skeledirge|Slack Off|p2a: Skeledirge\n|-heal|p2a: Skeledirge|215/294\n|move|p1a: Latias|Draco Meteor|p2a: Skeledirge\n|-damage|p2a: Skeledirge|38/294\n|-unboost|p1a: Latias|spa|2\n|\n|upkeep\n|turn|4\n|\n|t:|1733908695\n|move|p2a: Skeledirge|Slack Off|p2a: Skeledirge\n|-heal|p2a: Skeledirge|185/294\n|move|p1a: Latias|Draco Meteor|p2a: Skeledirge\n|-crit|p2a: Skeledirge\n|-damage|p2a: Skeledirge|0 fnt\n|faint|p2a: Skeledirge\n|\n|upkeep\n|c|\u2606Kashamou|???\n|inactive|Kashamou has 60 seconds left.\n|inactive|Kashamou has 30 seconds left.\n|inactive|Kashamou has 20 seconds left.\n|inactive|Kashamou has 15 seconds left.\n|inactive|Kashamou has 10 seconds left.\n|\n|t:|1733908769\n|switch|p2a: Grimmsnarl|Grimmsnarl, L83, M|293/293\n|turn|5\n|inactive|Kashamou has 20 seconds left this turn.\n|\n|t:|1733908775\n|switch|p1a: Iron Crown|Iron Crown, L78|268/268\n|move|p2a: Grimmsnarl|Spirit Break|p1a: Iron Crown\n|-resisted|p1a: Iron Crown\n|-damage|p1a: Iron Crown|219/268\n|-unboost|p1a: Iron Crown|spa|1\n|\n|-heal|p1a: Iron Crown|235/268|[from] item: Leftovers\n|upkeep\n|turn|6\n|inactive|Kashamou has 30 seconds left this turn.\n|\n|t:|1733908784\n|move|p2a: Grimmsnarl|Parting Shot|p1a: Iron Crown\n|-unboost|p1a: Iron Crown|atk|1\n|-unboost|p1a: Iron Crown|spa|1\n|inactive|Kashamou has 30 seconds left this turn.\n|\n|t:|1733908792\n|switch|p2a: Gliscor|Gliscor, L76, M|239/239|[from] Parting Shot\n|move|p1a: Iron Crown|Tachyon Cutter|p2a: Gliscor\n|-damage|p2a: Gliscor|203/239\n|-damage|p2a: Gliscor|166/239\n|-hitcount|p2a: Gliscor|2\n|\n|-heal|p1a: Iron Crown|251/268|[from] item: Leftovers\n|-status|p2a: Gliscor|tox|[from] item: Toxic Orb\n|upkeep\n|turn|7\n|inactive|Kashamou has 30 seconds left.\n|\n|t:|1733908805\n|-end|p1a: Iron Crown|Quark Drive|[silent]\n|switch|p1a: Heatran|Heatran, L79, M|273/273\n|-item|p1a: Heatran|Air Balloon\n|move|p2a: Gliscor|Knock Off|p1a: Heatran\n|-damage|p1a: Heatran|217/273\n|-enditem|p1a: Heatran|Air Balloon\n|\n|-heal|p2a: Gliscor|195/239 tox|[from] ability: Poison Heal\n|upkeep\n|turn|8\n|inactive|Kashamou has 30 seconds left.\n|\n|t:|1733908812\n|move|p2a: Gliscor|Earthquake|p1a: Heatran\n|-supereffective|p1a: Heatran\n|-damage|p1a: Heatran|0 fnt\n|faint|p1a: Heatran\n|\n|-heal|p2a: Gliscor|224/239 tox|[from] ability: Poison Heal\n|upkeep\n|\n|t:|1733908820\n|switch|p1a: Wo-Chien|Wo-Chien, L83|277/277\n|-ability|p1a: Wo-Chien|Tablets of Ruin\n|turn|9\n|inactive|Kashamou has 30 seconds left.\n|\n|t:|1733908842\n|move|p2a: Gliscor|U-turn|p1a: Wo-Chien\n|-supereffective|p1a: Wo-Chien\n|-damage|p1a: Wo-Chien|169/277\n|inactive|Kashamou has 30 seconds left this turn.\n|\n|t:|1733908845\n|switch|p2a: Grimmsnarl|Grimmsnarl, L83, M|293/293|[from] U-turn\n|move|p1a: Wo-Chien|Leech Seed|p2a: Grimmsnarl\n|-start|p2a: Grimmsnarl|move: Leech Seed\n|\n|-heal|p1a: Wo-Chien|186/277|[from] item: Leftovers\n|-damage|p2a: Grimmsnarl|257/293|[from] Leech Seed|[of] p1a: Wo-Chien\n|-heal|p1a: Wo-Chien|222/277|[silent]\n|upkeep\n|turn|10\n|\n|t:|1733908854\n|move|p1a: Wo-Chien|Protect|p1a: Wo-Chien\n|-singleturn|p1a: Wo-Chien|Protect\n|move|p2a: Grimmsnarl|Parting Shot|p1a: Wo-Chien\n|-activate|p1a: Wo-Chien|move: Protect\n|\n|-heal|p1a: Wo-Chien|239/277|[from] item: Leftovers\n|-heal|p2a: Grimmsnarl|275/293|[from] item: Leftovers\n|-damage|p2a: Grimmsnarl|239/293|[from] Leech Seed|[of] p1a: Wo-Chien\n|-heal|p1a: Wo-Chien|275/277|[silent]\n|upkeep\n|turn|11\n|\n|t:|1733908865\n|move|p2a: Grimmsnarl|Parting Shot|p1a: Wo-Chien\n|-hint|Since gen 7, Dark is immune to Prankster moves.\n|-immune|p1a: Wo-Chien\n|move|p1a: Wo-Chien|Knock Off|p2a: Grimmsnarl\n|-resisted|p2a: Grimmsnarl\n|-damage|p2a: Grimmsnarl|211/293\n|-enditem|p2a: Grimmsnarl|Leftovers|[from] move: Knock Off|[of] p1a: Wo-Chien\n|\n|-heal|p1a: Wo-Chien|277/277|[from] item: Leftovers\n|-damage|p2a: Grimmsnarl|175/293|[from] Leech Seed|[of] p1a: Wo-Chien\n|upkeep\n|turn|12\n|\n|t:|1733908885\n|switch|p2a: Cryogonal|Cryogonal, L89|287/287\n|move|p1a: Wo-Chien|Ruination|p2a: Cryogonal\n|-damage|p2a: Cryogonal|144/287\n|\n|upkeep\n|turn|13\n|\n|t:|1733908899\n|switch|p1a: Iron Crown|Iron Crown, L78|251/268\n|move|p2a: Cryogonal|Ice Beam|p1a: Iron Crown\n|-resisted|p1a: Iron Crown\n|-damage|p1a: Iron Crown|201/268\n|\n|-heal|p1a: Iron Crown|217/268|[from] item: Leftovers\n|upkeep\n|turn|14\n|\n|t:|1733908912\n|switch|p2a: Manaphy|Manaphy, L78|284/284\n|move|p1a: Iron Crown|Calm Mind|p1a: Iron Crown\n|-boost|p1a: Iron Crown|spa|1\n|-boost|p1a: Iron Crown|spd|1\n|\n|-heal|p1a: Iron Crown|233/268|[from] item: Leftovers\n|upkeep\n|turn|15\n|\n|t:|1733908921\n|move|p2a: Manaphy|Tail Glow|p2a: Manaphy\n|-boost|p2a: Manaphy|spa|3\n|move|p1a: Iron Crown|Psyshock|p2a: Manaphy\n|-damage|p2a: Manaphy|149/284\n|\n|-heal|p2a: Manaphy|166/284|[from] item: Leftovers\n|-heal|p1a: Iron Crown|249/268|[from] item: Leftovers\n|upkeep\n|turn|16\n|\n|t:|1733908928\n|-end|p1a: Iron Crown|Quark Drive|[silent]\n|switch|p1a: Zebstrika|Zebstrika, L87, M|272/272\n|move|p2a: Manaphy|Hydro Pump|p1a: Zebstrika\n|-damage|p1a: Zebstrika|0 fnt\n|faint|p1a: Zebstrika\n|\n|-heal|p2a: Manaphy|183/284|[from] item: Leftovers\n|upkeep\n|\n|t:|1733908933\n|switch|p1a: Galvantula|Galvantula, L82, M|249/249\n|turn|17\n|inactive|Kashamou has 60 seconds left.\n|\n|t:|1733908940\n|move|p1a: Galvantula|Thunder|p2a: Manaphy\n|-supereffective|p2a: Manaphy\n|-damage|p2a: Manaphy|0 fnt\n|faint|p2a: Manaphy\n|\n|upkeep\n|\n|t:|1733908944\n|switch|p2a: Gliscor|Gliscor, L76, M|224/239 tox\n|turn|18\n|\n|t:|1733908950\n|move|p1a: Galvantula|Bug Buzz|p2a: Gliscor\n|-resisted|p2a: Gliscor\n|-damage|p2a: Gliscor|167/239 tox\n|move|p2a: Gliscor|Earthquake|p1a: Galvantula\n|-damage|p1a: Galvantula|132/249\n|\n|-heal|p2a: Gliscor|196/239 tox|[from] ability: Poison Heal\n|upkeep\n|turn|19\n|\n|t:|1733908961\n|switch|p1a: Latias|Latias, L79, F|235/256\n|move|p2a: Gliscor|Earthquake|p1a: Latias\n|-immune|p1a: Latias|[from] ability: Levitate\n|\n|-heal|p2a: Gliscor|225/239 tox|[from] ability: Poison Heal\n|upkeep\n|turn|20\n|\n|t:|1733908966\n|move|p1a: Latias|Draco Meteor|p2a: Gliscor\n|-damage|p2a: Gliscor|38/239 tox\n|-unboost|p1a: Latias|spa|2\n|move|p2a: Gliscor|Knock Off|p1a: Latias\n|-supereffective|p1a: Latias\n|-damage|p1a: Latias|119/256\n|-enditem|p1a: Latias|Soul Dew|[from] move: Knock Off|[of] p2a: Gliscor\n|\n|-heal|p2a: Gliscor|67/239 tox|[from] ability: Poison Heal\n|upkeep\n|turn|21\n|inactive|Kashamou has 90 seconds left.\n|\n|t:|1733908974\n|move|p2a: Gliscor|Protect|p2a: Gliscor\n|-singleturn|p2a: Gliscor|Protect\n|move|p1a: Latias|Psyshock|p2a: Gliscor\n|-activate|p2a: Gliscor|move: Protect\n|\n|-heal|p2a: Gliscor|96/239 tox|[from] ability: Poison Heal\n|upkeep\n|turn|22\n|\n|t:|1733908979\n|switch|p1a: Galvantula|Galvantula, L82, M|132/249\n|switch|p2a: Grimmsnarl|Grimmsnarl, L83, M|175/293\n|\n|upkeep\n|turn|23\n|\n|t:|1733908984\n|move|p2a: Grimmsnarl|Parting Shot|p1a: Galvantula\n|-unboost|p1a: Galvantula|atk|1\n|-unboost|p1a: Galvantula|spa|1\n|\n|t:|1733908992\n|switch|p2a: Cryogonal|Cryogonal, L89|144/287|[from] Parting Shot\n|move|p1a: Galvantula|Bug Buzz|p2a: Cryogonal\n|-damage|p2a: Cryogonal|104/287\n|\n|upkeep\n|turn|24\n|\n|t:|1733908999\n|switch|p1a: Iron Crown|Iron Crown, L78|249/268\n|move|p2a: Cryogonal|Ice Beam|p1a: Iron Crown\n|-resisted|p1a: Iron Crown\n|-damage|p1a: Iron Crown|199/268\n|\n|-heal|p1a: Iron Crown|215/268|[from] item: Leftovers\n|upkeep\n|turn|25\n|\n|t:|1733909006\n|move|p2a: Cryogonal|Recover|p2a: Cryogonal\n|-heal|p2a: Cryogonal|248/287\n|move|p1a: Iron Crown|Psyshock|p2a: Cryogonal\n|-damage|p2a: Cryogonal|131/287\n|\n|-heal|p1a: Iron Crown|231/268|[from] item: Leftovers\n|upkeep\n|turn|26\n|\n|t:|1733909012\n|switch|p2a: Grimmsnarl|Grimmsnarl, L83, M|175/293\n|move|p1a: Iron Crown|Tachyon Cutter|p2a: Grimmsnarl\n|-supereffective|p2a: Grimmsnarl\n|-damage|p2a: Grimmsnarl|49/293\n|-supereffective|p2a: Grimmsnarl\n|-damage|p2a: Grimmsnarl|0 fnt\n|faint|p2a: Grimmsnarl\n|-hitcount|p2: Grimmsnarl|2\n|\n|-heal|p1a: Iron Crown|247/268|[from] item: Leftovers\n|upkeep\n|\n|t:|1733909021\n|switch|p2a: Gliscor|Gliscor, L76, M|96/239 tox\n|turn|27\n|\n|t:|1733909026\n|-end|p1a: Iron Crown|Quark Drive|[silent]\n|switch|p1a: Latias|Latias, L79, F|119/256\n|move|p2a: Gliscor|Protect||[still]\n|-fail|p2a: Gliscor\n|\n|-heal|p2a: Gliscor|125/239 tox|[from] ability: Poison Heal\n|upkeep\n|turn|28\n|\n|t:|1733909033\n|switch|p2a: Azumarill|Azumarill, L82, F|298/298\n|move|p1a: Latias|Draco Meteor|p2a: Azumarill\n|-immune|p2a: Azumarill\n|\n|upkeep\n|turn|29\n|\n|t:|1733909038\n|switch|p1a: Wo-Chien|Wo-Chien, L83|277/277\n|-ability|p1a: Wo-Chien|Tablets of Ruin\n|move|p2a: Azumarill|Knock Off|p1a: Wo-Chien\n|-resisted|p1a: Wo-Chien\n|-damage|p1a: Wo-Chien|233/277\n|-enditem|p1a: Wo-Chien|Leftovers|[from] move: Knock Off|[of] p2a: Azumarill\n|\n|upkeep\n|turn|30\n|\n|t:|1733909045\n|switch|p2a: Cryogonal|Cryogonal, L89|131/287\n|move|p1a: Wo-Chien|Leech Seed|p2a: Cryogonal\n|-start|p2a: Cryogonal|move: Leech Seed\n|\n|-damage|p2a: Cryogonal|96/287|[from] Leech Seed|[of] p1a: Wo-Chien\n|-heal|p1a: Wo-Chien|268/277|[silent]\n|upkeep\n|turn|31\n|\n|t:|1733909052\n|move|p1a: Wo-Chien|Protect|p1a: Wo-Chien\n|-singleturn|p1a: Wo-Chien|Protect\n|move|p2a: Cryogonal|Recover|p2a: Cryogonal\n|-heal|p2a: Cryogonal|240/287\n|\n|-damage|p2a: Cryogonal|205/287|[from] Leech Seed|[of] p1a: Wo-Chien\n|-heal|p1a: Wo-Chien|277/277|[silent]\n|upkeep\n|turn|32\n|\n|t:|1733909059\n|switch|p1a: Iron Crown|Iron Crown, L78|247/268\n|move|p2a: Cryogonal|Rapid Spin|p1a: Iron Crown\n|-resisted|p1a: Iron Crown\n|-damage|p1a: Iron Crown|235/268\n|-boost|p2a: Cryogonal|spe|1\n|-end|p2a: Cryogonal|Leech Seed|[from] move: Rapid Spin|[of] p2a: Cryogonal\n|\n|-heal|p1a: Iron Crown|251/268|[from] item: Leftovers\n|upkeep\n|turn|33\n|inactive|Kashamou has 120 seconds left.\n|inactive|Kashamou has 90 seconds left.\n|\n|t:|1733909124\n|switch|p2a: Gliscor|Gliscor, L76, M|125/239 tox\n|move|p1a: Iron Crown|Tachyon Cutter|p2a: Gliscor\n|-damage|p2a: Gliscor|58/239 tox\n|-damage|p2a: Gliscor|0 fnt\n|faint|p2a: Gliscor\n|-hitcount|p2: Gliscor|2\n|\n|-heal|p1a: Iron Crown|267/268|[from] item: Leftovers\n|upkeep\n|inactive|Kashamou has 90 seconds left.\n|\n|t:|1733909129\n|switch|p2a: Azumarill|Azumarill, L82, F|298/298\n|turn|34\n|\n|t:|1733909143\n|-terastallize|p2a: Azumarill|Water\n|move|p1a: Iron Crown|Tachyon Cutter|p2a: Azumarill\n|-resisted|p2a: Azumarill\n|-damage|p2a: Azumarill|267/298\n|-resisted|p2a: Azumarill\n|-damage|p2a: Azumarill|237/298\n|-hitcount|p2a: Azumarill|2\n|move|p2a: Azumarill|Knock Off|p1a: Iron Crown\n|-supereffective|p1a: Iron Crown\n|-damage|p1a: Iron Crown|35/268\n|-enditem|p1a: Iron Crown|Leftovers|[from] move: Knock Off|[of] p2a: Azumarill\n|\n|upkeep\n|turn|35\n|\n|t:|1733909154\n|-end|p1a: Iron Crown|Quark Drive|[silent]\n|switch|p1a: Wo-Chien|Wo-Chien, L83|277/277\n|-ability|p1a: Wo-Chien|Tablets of Ruin\n|switch|p2a: Cryogonal|Cryogonal, L89|205/287\n|\n|upkeep\n|turn|36\n|\n|t:|1733909161\n|move|p2a: Cryogonal|Ice Beam|p1a: Wo-Chien\n|-supereffective|p1a: Wo-Chien\n|-damage|p1a: Wo-Chien|133/277\n|move|p1a: Wo-Chien|Leech Seed|p2a: Cryogonal\n|-start|p2a: Cryogonal|move: Leech Seed\n|\n|-damage|p2a: Cryogonal|170/287|[from] Leech Seed|[of] p1a: Wo-Chien\n|-heal|p1a: Wo-Chien|168/277|[silent]\n|upkeep\n|turn|37\n|\n|t:|1733909166\n|move|p2a: Cryogonal|Recover|p2a: Cryogonal\n|-heal|p2a: Cryogonal|287/287\n|move|p1a: Wo-Chien|Knock Off|p2a: Cryogonal\n|-damage|p2a: Cryogonal|151/287\n|-enditem|p2a: Cryogonal|Heavy-Duty Boots|[from] move: Knock Off|[of] p1a: Wo-Chien\n|\n|-damage|p2a: Cryogonal|116/287|[from] Leech Seed|[of] p1a: Wo-Chien\n|-heal|p1a: Wo-Chien|203/277|[silent]\n|upkeep\n|turn|38\n|\n|t:|1733909172\n|move|p1a: Wo-Chien|Protect|p1a: Wo-Chien\n|-singleturn|p1a: Wo-Chien|Protect\n|move|p2a: Cryogonal|Rapid Spin|p1a: Wo-Chien\n|-activate|p1a: Wo-Chien|move: Protect\n|\n|-damage|p2a: Cryogonal|81/287|[from] Leech Seed|[of] p1a: Wo-Chien\n|-heal|p1a: Wo-Chien|238/277|[silent]\n|upkeep\n|turn|39\n|\n|t:|1733909183\n|switch|p1a: Iron Crown|Iron Crown, L78|35/268\n|move|p2a: Cryogonal|Rapid Spin|p1a: Iron Crown\n|-resisted|p1a: Iron Crown\n|-damage|p1a: Iron Crown|23/268\n|-boost|p2a: Cryogonal|spe|1\n|-end|p2a: Cryogonal|Leech Seed|[from] move: Rapid Spin|[of] p2a: Cryogonal\n|\n|upkeep\n|turn|40\n|\n|t:|1733909190\n|move|p2a: Cryogonal|Tera Blast|p1a: Iron Crown\n|-resisted|p1a: Iron Crown\n|-damage|p1a: Iron Crown|0 fnt\n|faint|p1a: Iron Crown\n|-end|p1a: Iron Crown|Quark Drive|[silent]\n|\n|upkeep\n|\n|t:|1733909206\n|switch|p1a: Galvantula|Galvantula, L82, M|132/249\n|turn|41\n|\n|t:|1733909212\n|move|p2a: Cryogonal|Recover|p2a: Cryogonal\n|-heal|p2a: Cryogonal|225/287\n|move|p1a: Galvantula|Thunder|p2a: Cryogonal\n|-damage|p2a: Cryogonal|147/287\n|\n|upkeep\n|turn|42\n|\n|t:|1733909218\n|move|p2a: Cryogonal|Recover|p2a: Cryogonal\n|-heal|p2a: Cryogonal|287/287\n|move|p1a: Galvantula|Bug Buzz|p2a: Cryogonal\n|-damage|p2a: Cryogonal|221/287\n|\n|upkeep\n|turn|43\n|\n|t:|1733909224\n|move|p2a: Cryogonal|Ice Beam|p1a: Galvantula\n|-damage|p1a: Galvantula|0 fnt\n|faint|p1a: Galvantula\n|\n|upkeep\n|\n|t:|1733909229\n|switch|p1a: Latias|Latias, L79, F|119/256\n|turn|44\n|\n|t:|1733909232\n|-terastallize|p1a: Latias|Steel\n|move|p2a: Cryogonal|Ice Beam|p1a: Latias\n|-resisted|p1a: Latias\n|-damage|p1a: Latias|75/256\n|move|p1a: Latias|Recover|p1a: Latias\n|-heal|p1a: Latias|203/256\n|\n|upkeep\n|turn|45\n|\n|t:|1733909241\n|switch|p2a: Azumarill|Azumarill, L82, F, tera:Water|237/298\n|move|p1a: Latias|Calm Mind|p1a: Latias\n|-boost|p1a: Latias|spa|1\n|-boost|p1a: Latias|spd|1\n|\n|upkeep\n|turn|46\n|\n|t:|1733909252\n|switch|p1a: Wo-Chien|Wo-Chien, L83|238/277\n|-ability|p1a: Wo-Chien|Tablets of Ruin\n|move|p2a: Azumarill|Liquidation|p1a: Wo-Chien\n|-resisted|p1a: Wo-Chien\n|-damage|p1a: Wo-Chien|170/277\n|\n|upkeep\n|turn|47\n|\n|t:|1733909259\n|switch|p2a: Cryogonal|Cryogonal, L89|221/287\n|move|p1a: Wo-Chien|Knock Off|p2a: Cryogonal\n|-damage|p2a: Cryogonal|127/287\n|\n|upkeep\n|turn|48\n|\n|t:|1733909265\n|move|p2a: Cryogonal|Recover|p2a: Cryogonal\n|-heal|p2a: Cryogonal|271/287\n|move|p1a: Wo-Chien|Leech Seed|p2a: Cryogonal\n|-start|p2a: Cryogonal|move: Leech Seed\n|\n|-damage|p2a: Cryogonal|236/287|[from] Leech Seed|[of] p1a: Wo-Chien\n|-heal|p1a: Wo-Chien|205/277|[silent]\n|upkeep\n|turn|49\n|\n|t:|1733909276\n|move|p2a: Cryogonal|Tera Blast|p1a: Wo-Chien\n|-damage|p1a: Wo-Chien|161/277\n|move|p1a: Wo-Chien|Ruination|p2a: Cryogonal\n|-damage|p2a: Cryogonal|118/287\n|\n|-damage|p2a: Cryogonal|83/287|[from] Leech Seed|[of] p1a: Wo-Chien\n|-heal|p1a: Wo-Chien|196/277|[silent]\n|upkeep\n|turn|50\n|\n|t:|1733909283\n|move|p1a: Wo-Chien|Protect|p1a: Wo-Chien\n|-singleturn|p1a: Wo-Chien|Protect\n|move|p2a: Cryogonal|Recover|p2a: Cryogonal\n|-heal|p2a: Cryogonal|227/287\n|\n|-damage|p2a: Cryogonal|192/287|[from] Leech Seed|[of] p1a: Wo-Chien\n|-heal|p1a: Wo-Chien|231/277|[silent]\n|upkeep\n|turn|51\n|\n|t:|1733909290\n|move|p2a: Cryogonal|Rapid Spin|p1a: Wo-Chien\n|-damage|p1a: Wo-Chien|213/277\n|-boost|p2a: Cryogonal|spe|1\n|-end|p2a: Cryogonal|Leech Seed|[from] move: Rapid Spin|[of] p2a: Cryogonal\n|move|p1a: Wo-Chien|Ruination|p2a: Cryogonal\n|-damage|p2a: Cryogonal|96/287\n|\n|upkeep\n|turn|52\n|\n|t:|1733909296\n|move|p2a: Cryogonal|Ice Beam|p1a: Wo-Chien\n|-supereffective|p1a: Wo-Chien\n|-damage|p1a: Wo-Chien|63/277\n|move|p1a: Wo-Chien|Leech Seed|p2a: Cryogonal\n|-start|p2a: Cryogonal|move: Leech Seed\n|\n|-damage|p2a: Cryogonal|61/287|[from] Leech Seed|[of] p1a: Wo-Chien\n|-heal|p1a: Wo-Chien|98/277|[silent]\n|upkeep\n|turn|53\n|\n|t:|1733909305\n|move|p1a: Wo-Chien|Protect|p1a: Wo-Chien\n|-singleturn|p1a: Wo-Chien|Protect\n|move|p2a: Cryogonal|Recover|p2a: Cryogonal\n|-heal|p2a: Cryogonal|205/287\n|\n|-damage|p2a: Cryogonal|170/287|[from] Leech Seed|[of] p1a: Wo-Chien\n|-heal|p1a: Wo-Chien|133/277|[silent]\n|upkeep\n|turn|54\n|\n|t:|1733909311\n|switch|p1a: Latias|Latias, L79, F, tera:Steel|203/256\n|move|p2a: Cryogonal|Ice Beam|p1a: Latias\n|-resisted|p1a: Latias\n|-damage|p1a: Latias|164/256\n|\n|-damage|p2a: Cryogonal|135/287|[from] Leech Seed|[of] p1a: Latias\n|-heal|p1a: Latias|199/256|[silent]\n|upkeep\n|turn|55\n|\n|t:|1733909315\n|switch|p2a: Azumarill|Azumarill, L82, F, tera:Water|237/298\n|move|p1a: Latias|Draco Meteor|p2a: Azumarill|[miss]\n|-miss|p1a: Latias|p2a: Azumarill\n|\n|upkeep\n|turn|56\n|\n|t:|1733909326\n|switch|p1a: Wo-Chien|Wo-Chien, L83|133/277\n|-ability|p1a: Wo-Chien|Tablets of Ruin\n|move|p2a: Azumarill|Play Rough|p1a: Wo-Chien\n|-supereffective|p1a: Wo-Chien\n|-damage|p1a: Wo-Chien|0 fnt\n|faint|p1a: Wo-Chien\n|\n|upkeep\n|\n|t:|1733909328\n|switch|p1a: Latias|Latias, L79, F, tera:Steel|199/256\n|turn|57\n|\n|t:|1733909336\n|switch|p2a: Cryogonal|Cryogonal, L89|135/287\n|move|p1a: Latias|Psyshock|p2a: Cryogonal\n|-damage|p2a: Cryogonal|12/287\n|\n|upkeep\n|turn|58\n|\n|t:|1733909347\n|move|p2a: Cryogonal|Tera Blast|p1a: Latias\n|-resisted|p1a: Latias\n|-damage|p1a: Latias|174/256\n|move|p1a: Latias|Calm Mind|p1a: Latias\n|-boost|p1a: Latias|spa|1\n|-boost|p1a: Latias|spd|1\n|\n|upkeep\n|turn|59\n|\n|t:|1733909353\n|move|p2a: Cryogonal|Rapid Spin|p1a: Latias\n|-resisted|p1a: Latias\n|-damage|p1a: Latias|162/256\n|-boost|p2a: Cryogonal|spe|1\n|move|p1a: Latias|Calm Mind|p1a: Latias\n|-boost|p1a: Latias|spa|1\n|-boost|p1a: Latias|spd|1\n|\n|upkeep\n|turn|60\n|\n|t:|1733909360\n|switch|p2a: Azumarill|Azumarill, L82, F, tera:Water|237/298\n|move|p1a: Latias|Calm Mind|p1a: Latias\n|-boost|p1a: Latias|spa|1\n|-boost|p1a: Latias|spd|1\n|\n|upkeep\n|turn|61\n|\n|t:|1733909368\n|move|p1a: Latias|Draco Meteor|p2a: Azumarill\n|-damage|p2a: Azumarill|0 fnt\n|-unboost|p1a: Latias|spa|2\n|faint|p2a: Azumarill\n|\n|upkeep\n|\n|t:|1733909371\n|switch|p2a: Cryogonal|Cryogonal, L89|12/287\n|turn|62\n|\n|t:|1733909374\n|move|p2a: Cryogonal|Ice Beam|p1a: Latias\n|-resisted|p1a: Latias\n|-crit|p1a: Latias\n|-damage|p1a: Latias|102/256\n|move|p1a: Latias|Psyshock|p2a: Cryogonal\n|-damage|p2a: Cryogonal|0 fnt\n|faint|p2a: Cryogonal\n|\n|win|SaberSerenity\n|raw|SaberSerenity's rating: 1444 &rarr; <strong>1465</strong><br />(+21 for winning)\n|raw|Kashamou's rating: 1457 &rarr; <strong>1436</strong><br />(-21 for losing)\n|c|\u2606SaberSerenity|Wp\n|c|\u2606Kashamou|gg\n|c|\u2606SaberSerenity|Gg\n|c|\u2606SaberSerenity|Re?\n|c|\u2606Kashamou|no i cant sry\n|c|\u2606Kashamou|im at work\n|c|\u2606SaberSerenity|Alright\n|c|\u2606SaberSerenity|Bye\n", "inputlog": ">version bfd83cad13791eb5a5a409923076391caf6fb4d4\n>start {\"formatid\":\"gen9randombattle\",\"seed\":[55308,25201,7054,52982],\"rated\":\"Rated battle\"}\n>player p1 {\"name\":\"SaberSerenity\",\"avatar\":\"169\",\"rating\":1423,\"seed\":[50052,13542,8603,34730]}\n>player p2 {\"name\":\"Kashamou\",\"avatar\":\"170\",\"rating\":1457,\"seed\":[44140,59437,27263,51019]}\n>p1 move dracometeor\n>p2 move flamecharge\n>p1 move dracometeor\n>p2 move slackoff\n>p1 move dracometeor\n>p2 move slackoff\n>p1 move dracometeor\n>p2 move slackoff\n>chat \u2606Kashamou|???\n>p2 switch 4\n>p1 switch 2\n>p2 move spiritbreak\n>p1 move tachyoncutter\n>p2 move partingshot\n>p2 switch 6\n>p1 switch 4\n>p2 move knockoff\n>p1 move stealthrock\n>p2 move earthquake\n>p1 switch 3\n>p1 move leechseed\n>p2 move uturn\n>p2 switch 6\n>p1 move protect\n>p2 move partingshot\n>p1 move knockoff\n>p2 move partingshot\n>p1 move ruination\n>p2 switch 5\n>p1 switch 4\n>p2 move icebeam\n>p1 move calmmind\n>p2 switch 2\n>p1 move psyshock\n>p2 move tailglow\n>p1 switch 5\n>p2 move hydropump\n>p1 switch 6\n>p1 move thunder\n>p2 move hydropump\n>p2 switch 6\n>p1 move bugbuzz\n>p2 move earthquake\n>p1 switch 2\n>p2 move earthquake\n>p1 move dracometeor\n>p2 move knockoff\n>p1 move psyshock\n>p2 move protect\n>p1 switch 2\n>p2 switch 5\n>p1 move bugbuzz\n>p2 move partingshot\n>p2 switch 2\n>p1 switch 5\n>p2 move icebeam\n>p1 move psyshock\n>p2 move recover\n>p1 move tachyoncutter\n>p2 switch 2\n>p2 switch 5\n>p1 switch 2\n>p2 move protect\n>p1 move dracometeor\n>p2 switch 3\n>p1 switch 4\n>p2 move knockoff\n>p1 move leechseed\n>p2 switch 2\n>p1 move protect\n>p2 move recover\n>p1 switch 2\n>p2 move rapidspin\n>p1 move tachyoncutter\n>p2 switch 3\n>p2 switch 2\n>p1 move tachyoncutter\n>p2 move knockoff terastallize\n>p1 switch 2\n>p2 switch 3\n>p1 move leechseed\n>p2 move icebeam\n>p1 move knockoff\n>p2 move recover\n>p1 move protect\n>p2 move rapidspin\n>p1 switch 2\n>p2 move rapidspin\n>p1 move tachyoncutter\n>p2 move terablast\n>p1 switch 5\n>p1 move thunder\n>p2 move recover\n>p1 move bugbuzz\n>p2 move recover\n>p1 move thunder\n>p2 move icebeam\n>p1 switch 4\n>p1 move recover terastallize\n>p2 move icebeam\n>p1 move calmmind\n>p2 switch 3\n>p1 switch 2\n>p2 move liquidation\n>p1 move knockoff\n>p2 switch 3\n>p1 move leechseed\n>p2 move recover\n>p1 move ruination\n>p2 move terablast\n>p1 move protect\n>p2 move recover\n>p1 move ruination\n>p2 move rapidspin\n>p1 move leechseed\n>p2 move icebeam\n>p1 move protect\n>p2 move recover\n>p1 switch 2\n>p2 move icebeam\n>p1 move dracometeor\n>p2 switch 3\n>p1 switch 2\n>p2 move playrough\n>p1 switch 2\n>p1 move psyshock\n>p2 switch 3\n>p1 move calmmind\n>p2 move terablast\n>p1 move calmmind\n>p2 move rapidspin\n>p1 move calmmind\n>p2 switch 3\n>p1 move dracometeor\n>p2 move liquidation\n>p2 switch 3\n>p1 move psyshock\n>p2 move icebeam", "uploadtime": 1733909420, "views": 1, "formatid": "gen9randombattle", "rating": 1436, "private": 0, "password": null}