{"id": "gen9randombattle-2260800868", "format": "[Gen 9] Random Battle", "players": ["lamenteibl", "ufigwfhiwfbwo"], "log": "|j|\u2606lamenteibl\n|j|\u2606ufigwfhiwfbwo\n|t:|1733894354\n|gametype|singles\n|player|p1|lamenteibl|169|1196\n|player|p2|ufigwfhiwfbwo|1|1147\n|teamsize|p1|6\n|teamsize|p2|6\n|gen|9\n|tier|[Gen 9] Random Battle\n|rated|\n|rule|Species Clause: Limit one of each Pok\u00e9mon\n|rule|HP Percentage Mod: HP is shown in percentages\n|rule|Sleep Clause Mod: Limit one foe put to sleep\n|rule|Illusion Level Mod: Illusion disguises the Pok\u00e9mon's true level\n|\n|t:|1733894354\n|start\n|switch|p1a: Meowstic|Meowstic, L89, M|277/277\n|switch|p2a: Dudunsparce|Dudunsparce-Three-Segment, L83, F|343/343\n|turn|1\n|\n|t:|1733894368\n|switch|p2a: Orthworm|Orthworm, L88, M|266/266\n|move|p1a: Meowstic|Light Screen|p1a: Meowstic\n|-sidestart|p1: lamenteibl|move: Light Screen\n|\n|upkeep\n|turn|2\n|\n|t:|1733894371\n|move|p1a: Meowstic|Yawn|p2a: Orthworm\n|-start|p2a: Orthworm|move: Yawn|[of] p1a: Meowstic\n|move|p2a: Orthworm|Spikes|p1a: Meowstic\n|-sidestart|p1: lamenteibl|Spikes\n|\n|upkeep\n|turn|3\n|\n|t:|1733894374\n|move|p1a: Meowstic|Reflect|p1a: Meowstic\n|-sidestart|p1: lamenteibl|Reflect\n|move|p2a: Orthworm|Spikes|p1a: Meowstic\n|-sidestart|p1: lamenteibl|Spikes\n|\n|-end|p2a: Orthworm|move: Yawn|[silent]\n|-status|p2a: Orthworm|slp\n|upkeep\n|-enditem|p2a: Orthworm|Chesto Berry|[eat]\n|-curestatus|p2a: Orthworm|slp|[msg]\n|turn|4\n|\n|t:|1733894380\n|move|p1a: Meowstic|Yawn|p2a: Orthworm\n|-start|p2a: Orthworm|move: Yawn|[of] p1a: Meowstic\n|move|p2a: Orthworm|Spikes|p1a: Meowstic\n|-sidestart|p1: lamenteibl|Spikes\n|\n|upkeep\n|turn|5\n|\n|t:|1733894386\n|switch|p1a: Eelektross|Eelektross, L87, F|290/290\n|switch|p2a: Hypno|Hypno, L95, M|315/315\n|\n|upkeep\n|turn|6\n|\n|t:|1733894391\n|move|p2a: Hypno|Toxic|p1a: Eelektross|[miss]\n|-miss|p2a: Hypno|p1a: Eelektross\n|move|p1a: Eelektross|Supercell Slam|p2a: Hypno\n|-damage|p2a: Hypno|186/315\n|\n|-heal|p2a: Hypno|205/315|[from] item: Leftovers\n|upkeep\n|turn|7\n|\n|t:|1733894404\n|move|p2a: Hypno|Protect|p2a: Hypno\n|-singleturn|p2a: Hypno|Protect\n|move|p1a: Eelektross|Coil|p1a: Eelektross\n|-boost|p1a: Eelektross|atk|1\n|-boost|p1a: Eelektross|def|1\n|-boost|p1a: Eelektross|accuracy|1\n|\n|-heal|p2a: Hypno|224/315|[from] item: Leftovers\n|upkeep\n|turn|8\n|\n|t:|1733894408\n|move|p2a: Hypno|Toxic|p1a: Eelektross\n|-status|p1a: Eelektross|tox\n|move|p1a: Eelektross|Supercell Slam|p2a: Hypno\n|-damage|p2a: Hypno|37/315\n|\n|-heal|p2a: Hypno|56/315|[from] item: Leftovers\n|-damage|p1a: Eelektross|272/290 tox|[from] psn\n|-sideend|p1: lamenteibl|move: Light Screen\n|upkeep\n|turn|9\n|\n|t:|1733894413\n|move|p2a: Hypno|Psychic Noise|p1a: Eelektross\n|-damage|p1a: Eelektross|187/290 tox\n|-start|p1a: Eelektross|move: Heal Block\n|move|p1a: Eelektross|Coil|p1a: Eelektross\n|-boost|p1a: Eelektross|atk|1\n|-boost|p1a: Eelektross|def|1\n|-boost|p1a: Eelektross|accuracy|1\n|\n|-heal|p2a: Hypno|75/315|[from] item: Leftovers\n|-damage|p1a: Eelektross|151/290 tox|[from] psn\n|upkeep\n|turn|10\n|\n|t:|1733894420\n|move|p2a: Hypno|Protect|p2a: Hypno\n|-singleturn|p2a: Hypno|Protect\n|move|p1a: Eelektross|Coil|p1a: Eelektross\n|-boost|p1a: Eelektross|atk|1\n|-boost|p1a: Eelektross|def|1\n|-boost|p1a: Eelektross|accuracy|1\n|\n|-heal|p2a: Hypno|94/315|[from] item: Leftovers\n|-damage|p1a: Eelektross|97/290 tox|[from] psn\n|-end|p1a: Eelektross|move: Heal Block\n|-sideend|p1: lamenteibl|Reflect\n|upkeep\n|turn|11\n|\n|t:|1733894424\n|move|p2a: Hypno|Psychic Noise|p1a: Eelektross\n|-damage|p1a: Eelektross|6/290 tox\n|-start|p1a: Eelektross|move: Heal Block\n|move|p1a: Eelektross|Supercell Slam|p2a: Hypno\n|-damage|p2a: Hypno|0 fnt\n|faint|p2a: Hypno\n|\n|-damage|p1a: Eelektross|0 fnt|[from] psn\n|faint|p1a: Eelektross\n|upkeep\n|\n|t:|1733894427\n|switch|p2a: Pecharunt|Pecharunt, L77|262/262\n|switch|p1a: Cryogonal|Cryogonal, L89|287/287\n|turn|12\n|\n|t:|1733894435\n|switch|p1a: Electrode|Electrode, L92|260/260\n|-damage|p1a: Electrode|195/260|[from] Spikes\n|move|p2a: Pecharunt|Nasty Plot|p2a: Pecharunt\n|-boost|p2a: Pecharunt|spa|2\n|\n|upkeep\n|turn|13\n|\n|t:|1733894439\n|move|p1a: Electrode|Foul Play|p2a: Pecharunt\n|-supereffective|p2a: Pecharunt\n|-damage|p2a: Pecharunt|196/262\n|move|p2a: Pecharunt|Malignant Chain|p1a: Electrode\n|-damage|p1a: Electrode|84/260\n|-status|p1a: Electrode|tox\n|-start|p1a: Electrode|confusion|[from] ability: Poison Puppeteer|[of] p2a: Pecharunt\n|\n|-heal|p2a: Pecharunt|212/262|[from] item: Leftovers\n|-damage|p1a: Electrode|68/260 tox|[from] psn\n|upkeep\n|turn|14\n|\n|t:|1733894442\n|-activate|p1a: Electrode|confusion\n|-damage|p1a: Electrode|44/260 tox|[from] confusion\n|move|p2a: Pecharunt|Recover|p2a: Pecharunt\n|-heal|p2a: Pecharunt|262/262\n|\n|-damage|p1a: Electrode|12/260 tox|[from] psn\n|upkeep\n|turn|15\n|\n|t:|1733894445\n|-activate|p1a: Electrode|confusion\n|-damage|p1a: Electrode|0 fnt|[from] confusion\n|faint|p1a: Electrode\n|move|p2a: Pecharunt|Nasty Plot|p2a: Pecharunt\n|-boost|p2a: Pecharunt|spa|2\n|\n|upkeep\n|\n|t:|1733894449\n|switch|p1a: Samurott|Samurott, L88, M|310/310\n|-damage|p1a: Samurott|233/310|[from] Spikes\n|turn|16\n|\n|t:|1733894452\n|move|p2a: Pecharunt|Malignant Chain|p1a: Samurott\n|-damage|p1a: Samurott|0 fnt\n|faint|p1a: Samurott\n|\n|upkeep\n|\n|t:|1733894457\n|switch|p1a: Cryogonal|Cryogonal, L89|287/287\n|turn|17\n|-message|lamenteibl forfeited.\n|\n|win|ufigwfhiwfbwo\n|raw|lamenteibl's rating: 1196 &rarr; <strong>1167</strong><br />(-29 for losing)\n|raw|ufigwfhiwfbwo's rating: 1147 &rarr; <strong>1176</strong><br />(+29 for winning)\n|l|\u2606lamenteibl\n|player|p1|\n", "inputlog": ">version bfd83cad13791eb5a5a409923076391caf6fb4d4\n>start {\"formatid\":\"gen9randombattle\",\"seed\":[46120,9590,29609,1579],\"rated\":\"Rated battle\"}\n>player p1 {\"name\":\"lamenteibl\",\"avatar\":\"169\",\"rating\":1196,\"seed\":[18337,23938,47088,14582]}\n>player p2 {\"name\":\"ufigwfhiwfbwo\",\"avatar\":\"1\",\"rating\":1147,\"seed\":[14503,39405,62446,53098]}\n>p1 move lightscreen\n>p2 switch 2\n>p1 move yawn\n>p2 move spikes\n>p1 move reflect\n>p2 move spikes\n>p1 move yawn\n>p2 move spikes\n>p1 switch 3\n>p2 switch 5\n>p1 move supercellslam\n>p2 move toxic\n>p1 move coil\n>p2 move protect\n>p1 move supercellslam\n>p2 move toxic\n>p1 move coil\n>p2 move psychicnoise\n>p1 move coil\n>p2 move protect\n>p1 move supercellslam\n>p2 move psychicnoise\n>p1 switch 4\n>p2 switch 3\n>p1 switch 5\n>p2 move nastyplot\n>p1 move foulplay\n>p2 move malignantchain\n>p1 move thunderbolt\n>p2 move recover\n>p1 move thunderbolt\n>p2 move nastyplot\n>p1 switch 6\n>p1 move knockoff\n>p2 move malignantchain\n>p1 switch 5\n>forcelose p1", "uploadtime": 1733894469, "views": 1, "formatid": "gen9randombattle", "rating": 1167, "private": 0, "password": null}