{"id": "gen9randombattle-2260810602", "format": "[Gen 9] Random Battle", "players": ["RoboWahbit", "ycpc"], "log": "|j|\u2606RoboWahbit\n|j|\u2606ycpc\n|t:|1733896138\n|gametype|singles\n|player|p1|RoboWahbit|101|1086\n|player|p2|ycpc|169|1091\n|teamsize|p1|6\n|teamsize|p2|6\n|gen|9\n|tier|[Gen 9] Random Battle\n|rated|\n|rule|Species Clause: Limit one of each Pok\u00e9mon\n|rule|HP Percentage Mod: HP is shown in percentages\n|rule|Sleep Clause Mod: Limit one foe put to sleep\n|rule|Illusion Level Mod: Illusion disguises the Pok\u00e9mon's true level\n|\n|t:|1733896138\n|start\n|switch|p1a: Brute Bonnet|Brute Bonnet, L81|312/312\n|switch|p2a: Raikou|Raikou, L81|278/278\n|-ability|p2a: Raikou|Pressure\n|turn|1\n|inactive|Battle timer is ON: inactive players will automatically lose when time's up. (requested by ycpc)\n|c|\u2606RoboWahbit|hf\n|inactive|RoboWahbit also wants the timer to be on.\n|j| BIGOLBAPPIES\n|\n|t:|1733896161\n|move|p2a: Raikou|Shadow Ball|p1a: Brute Bonnet\n|-resisted|p1a: Brute Bonnet\n|-damage|p1a: Brute Bonnet|283/312\n|-unboost|p1a: Brute Bonnet|spd|1\n|move|p1a: Brute Bonnet|Crunch|p2a: Raikou\n|-damage|p2a: Raikou|118/278\n|\n|-heal|p2a: Raikou|135/278|[from] item: Leftovers\n|upkeep\n|turn|2\n|\n|t:|1733896182\n|switch|p2a: Dugtrio|Dugtrio-Alola, L84, M|196/196\n|move|p1a: Brute Bonnet|Crunch|p2a: Dugtrio\n|-damage|p2a: Dugtrio|0 fnt\n|-ability|p2a: Dugtrio|Tangling Hair\n|-unboost|p1a: Brute Bonnet|spe|1\n|faint|p2a: Dugtrio\n|\n|upkeep\n|inactive|ycpc has 120 seconds left.\n|\n|t:|1733896202\n|switch|p2a: Flamigo|Flamigo, L82, M|269/269\n|turn|3\n|\n|t:|1733896211\n|move|p2a: Flamigo|Close Combat|p1a: Brute Bonnet\n|-supereffective|p1a: Brute Bonnet\n|-damage|p1a: Brute Bonnet|0 fnt\n|-unboost|p2a: Flamigo|def|1\n|-unboost|p2a: Flamigo|spd|1\n|faint|p1a: Brute Bonnet\n|-end|p1a: Brute Bonnet|Protosynthesis|[silent]\n|-damage|p2a: Flamigo|243/269|[from] item: Life Orb\n|\n|upkeep\n|\n|t:|1733896211\n|switch|p1a: Torterra|Torterra, L78, M|276/276\n|turn|4\n|\n|t:|1733896229\n|switch|p2a: Lugia|Lugia, L72|272/272\n|move|p1a: Torterra|Shell Smash|p1a: Torterra\n|-unboost|p1a: Torterra|def|1\n|-unboost|p1a: Torterra|spd|1\n|-boost|p1a: Torterra|atk|2\n|-boost|p1a: Torterra|spa|2\n|-boost|p1a: Torterra|spe|2\n|\n|upkeep\n|turn|5\n|\n|t:|1733896243\n|move|p1a: Torterra|Rock Blast|p2a: Lugia|[miss]\n|-miss|p1a: Torterra|p2a: Lugia\n|move|p2a: Lugia|Earth Power|p1a: Torterra\n|-resisted|p1a: Torterra\n|-damage|p1a: Torterra|240/276\n|\n|upkeep\n|turn|6\n|inactive|ycpc has 120 seconds left.\n|\n|t:|1733896258\n|switch|p2a: Cresselia|Cresselia, L80, F|323/323\n|move|p1a: Torterra|Rock Blast|p2a: Cresselia\n|-damage|p2a: Cresselia|291/323\n|-damage|p2a: Cresselia|262/323\n|-damage|p2a: Cresselia|234/323\n|-damage|p2a: Cresselia|203/323\n|-damage|p2a: Cresselia|174/323\n|-hitcount|p2a: Cresselia|5\n|\n|-heal|p2a: Cresselia|194/323|[from] item: Leftovers\n|upkeep\n|turn|7\n|inactive|ycpc has 120 seconds left.\n|\n|t:|1733896275\n|move|p1a: Torterra|Rock Blast|p2a: Cresselia\n|-damage|p2a: Cresselia|163/323\n|-damage|p2a: Cresselia|132/323\n|-damage|p2a: Cresselia|101/323\n|-crit|p2a: Cresselia\n|-damage|p2a: Cresselia|56/323\n|-damage|p2a: Cresselia|28/323\n|-hitcount|p2a: Cresselia|5\n|move|p2a: Cresselia|Psyshock|p1a: Torterra\n|-damage|p1a: Torterra|152/276\n|\n|-heal|p2a: Cresselia|48/323|[from] item: Leftovers\n|upkeep\n|turn|8\n|inactive|ycpc has 120 seconds left.\n|\n|t:|1733896289\n|move|p1a: Torterra|Rock Blast|p2a: Cresselia\n|-damage|p2a: Cresselia|19/323\n|-crit|p2a: Cresselia\n|-damage|p2a: Cresselia|0 fnt\n|faint|p2a: Cresselia\n|-hitcount|p2: Cresselia|2\n|\n|upkeep\n|\n|t:|1733896296\n|switch|p2a: Raikou|Raikou, L81|135/278\n|-ability|p2a: Raikou|Pressure\n|turn|9\n|inactive|ycpc has 120 seconds left.\n|\n|t:|1733896305\n|move|p1a: Torterra|Rock Blast|p2a: Raikou\n|-damage|p2a: Raikou|98/278\n|-damage|p2a: Raikou|61/278\n|-damage|p2a: Raikou|19/278\n|-damage|p2a: Raikou|0 fnt\n|faint|p2a: Raikou\n|-hitcount|p2: Raikou|4\n|\n|upkeep\n|\n|t:|1733896309\n|switch|p2a: Cobalion|Cobalion, L80|277/277\n|turn|10\n|\n|t:|1733896323\n|switch|p1a: Ampharos|Ampharos, L88, M|302/302\n|-terastallize|p2a: Cobalion|Water\n|move|p2a: Cobalion|Aura Sphere|p1a: Ampharos\n|-damage|p1a: Ampharos|256/302\n|\n|upkeep\n|turn|11\n|\n|t:|1733896335\n|switch|p2a: Lugia|Lugia, L72|272/272\n|move|p1a: Ampharos|Discharge|p2a: Lugia\n|-supereffective|p2a: Lugia\n|-damage|p2a: Lugia|187/272\n|\n|upkeep\n|turn|12\n|\n|t:|1733896350\n|move|p2a: Lugia|Aeroblast|p1a: Ampharos|[miss]\n|-miss|p2a: Lugia|p1a: Ampharos\n|move|p1a: Ampharos|Discharge|p2a: Lugia\n|-supereffective|p2a: Lugia\n|-damage|p2a: Lugia|29/272\n|\n|upkeep\n|turn|13\n|\n|t:|1733896356\n|move|p2a: Lugia|Recover|p2a: Lugia\n|-heal|p2a: Lugia|165/272\n|move|p1a: Ampharos|Discharge|p2a: Lugia\n|-supereffective|p2a: Lugia\n|-damage|p2a: Lugia|19/272\n|-status|p2a: Lugia|par\n|\n|upkeep\n|turn|14\n|\n|t:|1733896359\n|move|p1a: Ampharos|Dazzling Gleam|p2a: Lugia\n|-damage|p2a: Lugia|0 fnt\n|faint|p2a: Lugia\n|\n|upkeep\n|\n|t:|1733896361\n|switch|p2a: Flamigo|Flamigo, L82, M|243/269\n|turn|15\n|\n|t:|1733896365\n|move|p2a: Flamigo|Close Combat|p1a: Ampharos\n|-damage|p1a: Ampharos|79/302\n|-unboost|p2a: Flamigo|def|1\n|-unboost|p2a: Flamigo|spd|1\n|-damage|p2a: Flamigo|217/269|[from] item: Life Orb\n|move|p1a: Ampharos|Discharge|p2a: Flamigo\n|-supereffective|p2a: Flamigo\n|-damage|p2a: Flamigo|0 fnt\n|faint|p2a: Flamigo\n|\n|upkeep\n|\n|t:|1733896376\n|switch|p2a: Cobalion|Cobalion, L80, tera:Water|277/277\n|turn|16\n|\n|t:|1733896380\n|switch|p1a: Froslass|Froslass, L87, F|263/263\n|move|p2a: Cobalion|Aura Sphere|p1a: Froslass\n|-immune|p1a: Froslass\n|\n|upkeep\n|turn|17\n|\n|t:|1733896391\n|move|p1a: Froslass|Will-O-Wisp|p2a: Cobalion\n|-status|p2a: Cobalion|brn\n|move|p2a: Cobalion|Flash Cannon|p1a: Froslass\n|-supereffective|p1a: Froslass\n|-damage|p1a: Froslass|107/263\n|\n|-damage|p2a: Cobalion|260/277 brn|[from] brn\n|upkeep\n|turn|18\n|\n|t:|1733896393\n|switch|p1a: Azumarill|Azumarill, L82, F|298/298\n|move|p2a: Cobalion|Flash Cannon|p1a: Azumarill\n|-damage|p1a: Azumarill|214/298\n|\n|-heal|p2a: Cobalion|277/277 brn|[from] item: Leftovers\n|-damage|p2a: Cobalion|260/277 brn|[from] brn\n|upkeep\n|turn|19\n|\n|t:|1733896399\n|move|p2a: Cobalion|Aura Sphere|p1a: Azumarill\n|-resisted|p1a: Azumarill\n|-damage|p1a: Azumarill|169/298\n|move|p1a: Azumarill|Play Rough|p2a: Cobalion\n|-damage|p2a: Cobalion|173/277 brn\n|\n|-heal|p2a: Cobalion|190/277 brn|[from] item: Leftovers\n|-damage|p2a: Cobalion|173/277 brn|[from] brn\n|upkeep\n|turn|20\n|\n|t:|1733896401\n|move|p2a: Cobalion|Flash Cannon|p1a: Azumarill\n|-damage|p1a: Azumarill|85/298\n|-enditem|p1a: Azumarill|Sitrus Berry|[eat]\n|-heal|p1a: Azumarill|159/298|[from] item: Sitrus Berry\n|move|p1a: Azumarill|Play Rough|p2a: Cobalion\n|-damage|p2a: Cobalion|88/277 brn\n|\n|-heal|p2a: Cobalion|105/277 brn|[from] item: Leftovers\n|-damage|p2a: Cobalion|88/277 brn|[from] brn\n|upkeep\n|turn|21\n|\n|t:|1733896404\n|move|p2a: Cobalion|Flash Cannon|p1a: Azumarill\n|-damage|p1a: Azumarill|80/298\n|move|p1a: Azumarill|Play Rough|p2a: Cobalion|[miss]\n|-miss|p1a: Azumarill|p2a: Cobalion\n|\n|-heal|p2a: Cobalion|105/277 brn|[from] item: Leftovers\n|-damage|p2a: Cobalion|88/277 brn|[from] brn\n|upkeep\n|turn|22\n|\n|t:|1733896406\n|switch|p1a: Ampharos|Ampharos, L88, M|79/302\n|move|p2a: Cobalion|Aura Sphere|p1a: Ampharos\n|-damage|p1a: Ampharos|31/302\n|\n|-heal|p2a: Cobalion|105/277 brn|[from] item: Leftovers\n|-damage|p2a: Cobalion|88/277 brn|[from] brn\n|upkeep\n|turn|23\n|\n|t:|1733896408\n|move|p2a: Cobalion|Aura Sphere|p1a: Ampharos\n|-damage|p1a: Ampharos|0 fnt\n|faint|p1a: Ampharos\n|\n|-heal|p2a: Cobalion|105/277 brn|[from] item: Leftovers\n|-damage|p2a: Cobalion|88/277 brn|[from] brn\n|upkeep\n|\n|t:|1733896408\n|switch|p1a: Torterra|Torterra, L78, M|152/276\n|turn|24\n|\n|t:|1733896410\n|move|p2a: Cobalion|Flash Cannon|p1a: Torterra\n|-damage|p1a: Torterra|65/276\n|move|p1a: Torterra|Bullet Seed|p2a: Cobalion\n|-supereffective|p2a: Cobalion\n|-damage|p2a: Cobalion|32/277 brn\n|-supereffective|p2a: Cobalion\n|-damage|p2a: Cobalion|0 fnt\n|faint|p2a: Cobalion\n|-hitcount|p2: Cobalion|2\n|\n|win|RoboWahbit\n|raw|RoboWahbit's rating: 1086 &rarr; <strong>1113</strong><br />(+27 for winning)\n|raw|ycpc's rating: 1091 &rarr; <strong>1067</strong><br />(-24 for losing)\n|c|\u2606RoboWahbit|gg\n", "inputlog": ">version bfd83cad13791eb5a5a409923076391caf6fb4d4\n>start {\"formatid\":\"gen9randombattle\",\"seed\":[62832,20487,27040,41427],\"rated\":\"Rated battle\"}\n>player p1 {\"name\":\"RoboWahbit\",\"avatar\":\"101\",\"rating\":1086,\"seed\":[34469,40465,36739,11764]}\n>player p2 {\"name\":\"ycpc\",\"avatar\":\"169\",\"rating\":1091,\"seed\":[28006,18544,45987,2590]}\n>chat \u2606RoboWahbit|hf\n>p1 move crunch\n>p2 move shadowball\n>p1 move crunch\n>p2 switch 4\n>p2 switch 2\n>p1 move crunch\n>p2 move closecombat\n>p1 switch 2\n>p1 move shellsmash\n>p2 switch 3\n>p1 move rockblast\n>p2 move earthpower\n>p1 move rockblast\n>p2 switch 6\n>p1 move rockblast\n>p2 move psyshock\n>p1 move rockblast\n>p2 move moonlight\n>p2 switch 4\n>p1 move rockblast\n>p2 move shadowball\n>p2 switch 5\n>p1 switch 3\n>p2 move aurasphere terastallize\n>p1 move discharge\n>p2 switch 6\n>p1 move discharge\n>p2 move aeroblast\n>p1 move discharge\n>p2 move recover\n>p1 move dazzlinggleam\n>p2 move recover\n>p2 switch 3\n>p1 move discharge\n>p2 move closecombat\n>p2 switch 6\n>p1 switch 6\n>p2 move aurasphere\n>p1 move willowisp\n>p2 move flashcannon\n>p1 switch 5\n>p2 move flashcannon\n>p1 move playrough\n>p2 move aurasphere\n>p1 move playrough\n>p2 move flashcannon\n>p1 move playrough\n>p2 move flashcannon\n>p1 switch 6\n>p2 move aurasphere\n>p1 move focusblast\n>p2 move aurasphere\n>p1 switch 3\n>p1 move bulletseed\n>p2 move flashcannon", "uploadtime": 1733896411, "views": 1, "formatid": "gen9randombattle", "rating": 1067, "private": 0, "password": null}