{"id": "gen9randombattle-2260316753", "format": "[Gen 9] Random Battle", "players": ["pgc_terror", "GMJ"], "log": "|j|\u2606pgc_terror\n|j|\u2606GMJ\n|t:|1733839100\n|gametype|singles\n|player|p1|pgc_terror|steven|1433\n|player|p2|GMJ|caitlin-masters|1433\n|teamsize|p1|6\n|teamsize|p2|6\n|gen|9\n|tier|[Gen 9] Random Battle\n|rated|\n|rule|Species Clause: Limit one of each Pok\u00e9mon\n|rule|HP Percentage Mod: HP is shown in percentages\n|rule|Sleep Clause Mod: Limit one foe put to sleep\n|rule|Illusion Level Mod: Illusion disguises the Pok\u00e9mon's true level\n|\n|t:|1733839100\n|start\n|switch|p1a: Dusknoir|Dusknoir, L89, M|225/225\n|switch|p2a: Chimecho|Chimecho, L93, M|290/290\n|-item|p2a: Chimecho|Leftovers|[from] ability: Frisk|[of] p1a: Dusknoir\n|turn|1\n|inactive|Battle timer is ON: inactive players will automatically lose when time's up. (requested by pgc_terror)\n|\n|t:|1733839110\n|move|p2a: Chimecho|Knock Off|p1a: Dusknoir\n|-supereffective|p1a: Dusknoir\n|-damage|p1a: Dusknoir|155/225\n|-enditem|p1a: Dusknoir|Leftovers|[from] move: Knock Off|[of] p2a: Chimecho\n|move|p1a: Dusknoir|Poltergeist|p2a: Chimecho\n|-activate|p2a: Chimecho|move: Poltergeist|Leftovers\n|-supereffective|p2a: Chimecho\n|-damage|p2a: Chimecho|54/290\n|\n|-heal|p2a: Chimecho|72/290|[from] item: Leftovers\n|upkeep\n|turn|2\n|\n|t:|1733839130\n|move|p1a: Dusknoir|Shadow Sneak|p2a: Chimecho\n|-supereffective|p2a: Chimecho\n|-damage|p2a: Chimecho|0 fnt\n|faint|p2a: Chimecho\n|\n|upkeep\n|\n|t:|1733839139\n|switch|p2a: Regice|Regice, L88|284/284\n|turn|3\n|\n|t:|1733839145\n|move|p2a: Regice|Thunder Wave|p1a: Dusknoir\n|-status|p1a: Dusknoir|par\n|move|p1a: Dusknoir|Pain Split|p2a: Regice\n|-sethp|p2a: Regice|219/284|[from] move: Pain Split|[silent]\n|-sethp|p1a: Dusknoir|219/225 par|[from] move: Pain Split\n|\n|upkeep\n|turn|4\n|\n|t:|1733839154\n|move|p2a: Regice|Ice Beam|p1a: Dusknoir\n|-damage|p1a: Dusknoir|144/225 par\n|cant|p1a: Dusknoir|par\n|\n|upkeep\n|turn|5\n|\n|t:|1733839174\n|move|p2a: Regice|Ice Beam|p1a: Dusknoir\n|-damage|p1a: Dusknoir|65/225 par\n|move|p1a: Dusknoir|Pain Split|p2a: Regice\n|-sethp|p2a: Regice|142/284|[from] move: Pain Split|[silent]\n|-sethp|p1a: Dusknoir|142/225 par|[from] move: Pain Split\n|\n|upkeep\n|turn|6\n|\n|t:|1733839184\n|move|p2a: Regice|Thunderbolt|p1a: Dusknoir\n|-damage|p1a: Dusknoir|95/225 par\n|move|p1a: Dusknoir|Poltergeist|p2a: Regice\n|-activate|p2a: Regice|move: Poltergeist|Heavy-Duty Boots\n|-damage|p2a: Regice|28/284\n|\n|upkeep\n|turn|7\n|\n|t:|1733839193\n|move|p1a: Dusknoir|Shadow Sneak|p2a: Regice\n|-damage|p2a: Regice|0 fnt\n|faint|p2a: Regice\n|\n|upkeep\n|inactive|GMJ has 120 seconds left.\n|\n|t:|1733839214\n|switch|p2a: Flygon|Flygon, L82, F|265/265\n|turn|8\n|\n|t:|1733839219\n|move|p2a: Flygon|Dragon Dance|p2a: Flygon\n|-boost|p2a: Flygon|atk|1\n|-boost|p2a: Flygon|spe|1\n|move|p1a: Dusknoir|Pain Split|p2a: Flygon\n|-sethp|p2a: Flygon|180/265|[from] move: Pain Split|[silent]\n|-sethp|p1a: Dusknoir|180/225 par|[from] move: Pain Split\n|\n|upkeep\n|turn|9\n|inactive|GMJ has 120 seconds left.\n|\n|t:|1733839235\n|move|p2a: Flygon|Earthquake|p1a: Dusknoir\n|-damage|p1a: Dusknoir|72/225 par\n|cant|p1a: Dusknoir|par\n|\n|upkeep\n|turn|10\n|\n|t:|1733839241\n|move|p1a: Dusknoir|Shadow Sneak|p2a: Flygon\n|-damage|p2a: Flygon|125/265\n|move|p2a: Flygon|Earthquake|p1a: Dusknoir\n|-damage|p1a: Dusknoir|0 fnt\n|faint|p1a: Dusknoir\n|\n|upkeep\n|\n|t:|1733839256\n|switch|p1a: Mudsdale|Mudsdale, L84, M|305/305\n|turn|11\n|inactive|GMJ has 120 seconds left.\n|inactive|GMJ has 90 seconds left.\n|\n|t:|1733839311\n|move|p2a: Flygon|Outrage|p1a: Mudsdale\n|-damage|p1a: Mudsdale|139/305\n|-ability|p1a: Mudsdale|Stamina|boost\n|-boost|p1a: Mudsdale|def|1\n|move|p1a: Mudsdale|Heavy Slam|p2a: Flygon\n|-damage|p2a: Flygon|5/265\n|\n|-heal|p1a: Mudsdale|158/305|[from] item: Leftovers\n|upkeep\n|turn|12\n|inactive|GMJ has 90 seconds left.\n|\n|t:|1733839329\n|move|p2a: Flygon|Outrage|p1a: Mudsdale|[from]lockedmove\n|-damage|p1a: Mudsdale|50/305\n|-ability|p1a: Mudsdale|Stamina|boost\n|-boost|p1a: Mudsdale|def|1\n|-start|p2a: Flygon|confusion|[fatigue]\n|-enditem|p2a: Flygon|Lum Berry|[eat]\n|-end|p2a: Flygon|confusion\n|move|p1a: Mudsdale|Heavy Slam|p2a: Flygon\n|-damage|p2a: Flygon|0 fnt\n|faint|p2a: Flygon\n|\n|-heal|p1a: Mudsdale|69/305|[from] item: Leftovers\n|upkeep\n|inactive|GMJ has 90 seconds left.\n|\n|t:|1733839349\n|switch|p2a: Hariyama|Hariyama, L87, M|392/392\n|turn|13\n|\n|t:|1733839354\n|move|p2a: Hariyama|Knock Off|p1a: Mudsdale\n|-damage|p1a: Mudsdale|27/305\n|-ability|p1a: Mudsdale|Stamina|boost\n|-boost|p1a: Mudsdale|def|1\n|-enditem|p1a: Mudsdale|Leftovers|[from] move: Knock Off|[of] p2a: Hariyama\n|move|p1a: Mudsdale|Stealth Rock|p2a: Hariyama\n|-sidestart|p2: GMJ|move: Stealth Rock\n|\n|upkeep\n|turn|14\n|inactive|GMJ has 90 seconds left.\n|\n|t:|1733839364\n|move|p2a: Hariyama|Heavy Slam|p1a: Mudsdale\n|-damage|p1a: Mudsdale|13/305\n|-ability|p1a: Mudsdale|Stamina|boost\n|-boost|p1a: Mudsdale|def|1\n|move|p1a: Mudsdale|Earthquake|p2a: Hariyama\n|-crit|p2a: Hariyama\n|-damage|p2a: Hariyama|145/392\n|\n|upkeep\n|turn|15\n|inactive|GMJ has 90 seconds left.\n|\n|t:|1733839372\n|move|p2a: Hariyama|Close Combat|p1a: Mudsdale\n|-damage|p1a: Mudsdale|0 fnt\n|-unboost|p2a: Hariyama|def|1\n|-unboost|p2a: Hariyama|spd|1\n|faint|p1a: Mudsdale\n|\n|upkeep\n|\n|t:|1733839383\n|switch|p1a: Kingdra|Kingdra, L84, M|263/263\n|turn|16\n|\n|t:|1733839392\n|move|p1a: Kingdra|Waterfall|p2a: Hariyama\n|-damage|p2a: Hariyama|0 fnt\n|faint|p2a: Hariyama\n|\n|upkeep\n|\n|t:|1733839409\n|switch|p2a: Oricorio|Oricorio-Sensu, L85, M|266/266\n|turn|17\n|\n|t:|1733839413\n|move|p2a: Oricorio|Quiver Dance|p2a: Oricorio\n|-boost|p2a: Oricorio|spa|1\n|-boost|p2a: Oricorio|spd|1\n|-boost|p2a: Oricorio|spe|1\n|move|p1a: Kingdra|Wave Crash|p2a: Oricorio\n|-damage|p2a: Oricorio|107/266\n|-damage|p1a: Kingdra|211/263|[from] Recoil\n|\n|upkeep\n|turn|18\n|\n|t:|1733839422\n|move|p2a: Oricorio|Revelation Dance|p1a: Kingdra\n|-damage|p1a: Kingdra|63/263\n|move|p1a: Kingdra|Wave Crash|p2a: Oricorio\n|-damage|p2a: Oricorio|0 fnt\n|faint|p2a: Oricorio\n|-damage|p1a: Kingdra|28/263|[from] Recoil\n|\n|upkeep\n|\n|t:|1733839430\n|switch|p2a: Armarouge|Armarouge, L80, F|267/267\n|-damage|p2a: Armarouge|201/267|[from] Stealth Rock\n|turn|19\n|\n|t:|1733839447\n|-terastallize|p2a: Armarouge|Fighting\n|move|p1a: Kingdra|Wave Crash|p2a: Armarouge\n|-damage|p2a: Armarouge|75/267\n|-ability|p2a: Armarouge|Weak Armor|boost\n|-unboost|p2a: Armarouge|def|1\n|-boost|p2a: Armarouge|spe|2\n|-damage|p1a: Kingdra|0 fnt|[from] Recoil\n|faint|p1a: Kingdra\n|move|p2a: Armarouge|Aura Sphere|p1: Kingdra|[notarget]\n|-fail|p2a: Armarouge\n|\n|upkeep\n|\n|t:|1733839459\n|switch|p1a: Ursaring|Ursaring, L84, F|288/288\n|turn|20\n|\n|t:|1733839463\n|move|p2a: Armarouge|Aura Sphere|p1a: Ursaring\n|-supereffective|p1a: Ursaring\n|-crit|p1a: Ursaring\n|-damage|p1a: Ursaring|0 fnt\n|faint|p1a: Ursaring\n|\n|upkeep\n|\n|t:|1733839469\n|switch|p1a: Rampardos|Rampardos, L90, F|321/321\n|turn|21\n|\n|t:|1733839474\n|move|p2a: Armarouge|Aura Sphere|p1a: Rampardos\n|-supereffective|p1a: Rampardos\n|-damage|p1a: Rampardos|0 fnt\n|faint|p1a: Rampardos\n|\n|upkeep\n|\n|t:|1733839479\n|switch|p1a: Toxicroak|Toxicroak, L84, M|277/277\n|turn|22\n|\n|t:|1733839488\n|-terastallize|p1a: Toxicroak|Dark\n|move|p2a: Armarouge|Aura Sphere|p1a: Toxicroak\n|-supereffective|p1a: Toxicroak\n|-damage|p1a: Toxicroak|0 fnt\n|faint|p1a: Toxicroak\n|\n|win|GMJ\n|raw|pgc_terror's rating: 1433 &rarr; <strong>1413</strong><br />(-20 for losing)\n|raw|GMJ's rating: 1433 &rarr; <strong>1453</strong><br />(+20 for winning)\n|c|\u2606GMJ|gg\n|l|\u2606pgc_terror\n|player|p1|\n", "inputlog": ">version bfd83cad13791eb5a5a409923076391caf6fb4d4\n>start {\"formatid\":\"gen9randombattle\",\"seed\":[26628,41286,21123,43622],\"rated\":\"Rated battle\"}\n>player p1 {\"name\":\"pgc_terror\",\"avatar\":\"steven\",\"rating\":1433,\"seed\":[15912,42115,55170,23429]}\n>player p2 {\"name\":\"GMJ\",\"avatar\":\"caitlin-masters\",\"rating\":1433,\"seed\":[41296,47315,8711,27842]}\n>p1 move poltergeist\n>p2 move knockoff\n>p1 move shadowsneak\n>p2 move recover\n>p2 switch 4\n>p1 move painsplit\n>p2 move thunderwave\n>p1 move poltergeist\n>p2 move icebeam\n>p1 move painsplit\n>p2 move icebeam\n>p1 move poltergeist\n>p2 move thunderbolt\n>p1 move shadowsneak\n>p2 move icebeam\n>p2 switch 3\n>p1 move painsplit\n>p2 move dragondance\n>p1 move poltergeist\n>p2 move earthquake\n>p1 move shadowsneak\n>p2 move earthquake\n>p1 switch 6\n>p1 move heavyslam\n>p2 move outrage\n>p1 move heavyslam\n>p2 move outrage\n>p2 switch 6\n>p1 move stealthrock\n>p2 move knockoff\n>p1 move earthquake\n>p2 move heavyslam\n>p1 move earthquake\n>p2 move closecombat\n>p1 switch 4\n>p1 move waterfall\n>p2 move knockoff\n>p2 switch 5\n>p1 move wavecrash\n>p2 move quiverdance\n>p1 move wavecrash\n>p2 move revelationdance\n>p2 switch 2\n>p1 move wavecrash\n>p2 move aurasphere terastallize\n>p1 switch 3\n>p1 move throatchop\n>p2 move aurasphere\n>p1 switch 2\n>p1 move earthquake\n>p2 move aurasphere\n>p1 switch 5\n>p1 move knockoff terastallize\n>p2 move aurasphere", "uploadtime": 1733839497, "views": 1, "formatid": "gen9randombattle", "rating": 1413, "private": 0, "password": null}