{"id": "gen9randombattle-2202552218", "format": "[Gen 9] Random Battle", "players": ["MegaS5", "RBLT AquaGuy"], "log": "|j|\u2606MegaS5\n|j|\u2606RBLT AquaGuy\n|t:|1726455639\n|gametype|singles\n|player|p1|MegaS5|101|2234\n|player|p2|RBLT AquaGuy|265|2209\n|teamsize|p1|6\n|teamsize|p2|6\n|gen|9\n|tier|[Gen 9] Random Battle\n|rated|\n|rule|Species Clause: Limit one of each Pok\u00e9mon\n|rule|HP Percentage Mod: HP is shown in percentages\n|rule|Sleep Clause Mod: Limit one foe put to sleep\n|rule|Illusion Level Mod: Illusion disguises the Pok\u00e9mon's true level\n|\n|t:|1726455639\n|start\n|switch|p1a: Vivillon|Vivillon-Savanna, L84, F|272/272\n|switch|p2a: Torkoal|Torkoal, L88, F|266/266\n|-weather|SunnyDay|[from] ability: Drought|[of] p2a: Torkoal\n|turn|1\n|inactive|Battle timer is ON: inactive players will automatically lose when time's up. (requested by RBLT AquaGuy)\n|\n|t:|1726455669\n|move|p1a: Vivillon|Sleep Powder|p2a: Torkoal\n|-status|p2a: Torkoal|slp|[from] move: Sleep Powder\n|cant|p2a: Torkoal|slp\n|\n|-weather|SunnyDay|[upkeep]\n|upkeep\n|turn|2\n|\n|t:|1726455676\n|switch|p2a: Magmortar|Magmortar, L88, F|275/275\n|move|p1a: Vivillon|Quiver Dance|p1a: Vivillon\n|-boost|p1a: Vivillon|spa|1\n|-boost|p1a: Vivillon|spd|1\n|-boost|p1a: Vivillon|spe|1\n|\n|-weather|SunnyDay|[upkeep]\n|upkeep\n|turn|3\n|\n|t:|1726455687\n|-terastallize|p1a: Vivillon|Ground\n|move|p1a: Vivillon|Quiver Dance|p1a: Vivillon\n|-boost|p1a: Vivillon|spa|1\n|-boost|p1a: Vivillon|spd|1\n|-boost|p1a: Vivillon|spe|1\n|move|p2a: Magmortar|Fire Blast|p1a: Vivillon\n|-damage|p1a: Vivillon|13/272\n|\n|-weather|SunnyDay|[upkeep]\n|upkeep\n|turn|4\n|\n|t:|1726455706\n|-terastallize|p2a: Magmortar|Fighting\n|move|p1a: Vivillon|Tera Blast|p2a: Magmortar|[anim] Tera Blast Ground\n|-damage|p2a: Magmortar|131/275\n|move|p2a: Magmortar|Fire Blast|p1a: Vivillon\n|-damage|p1a: Vivillon|0 fnt\n|faint|p1a: Vivillon\n|\n|-weather|SunnyDay|[upkeep]\n|upkeep\n|\n|t:|1726455729\n|switch|p1a: Swampert|Swampert, L83, F|302/302\n|turn|5\n|\n|t:|1726455739\n|switch|p2a: Vileplume|Vileplume, L86, F|269/269\n|move|p1a: Swampert|Stealth Rock|p2a: Vileplume\n|-sidestart|p2: RBLT AquaGuy|move: Stealth Rock\n|\n|-weather|none\n|upkeep\n|turn|6\n|\n|t:|1726455752\n|move|p1a: Swampert|Earthquake|p2a: Vileplume\n|-damage|p2a: Vileplume|158/269\n|move|p2a: Vileplume|Leech Seed|p1a: Swampert\n|-start|p1a: Swampert|move: Leech Seed\n|\n|-heal|p2a: Vileplume|174/269|[from] item: Leftovers\n|-damage|p1a: Swampert|265/302|[from] Leech Seed|[of] p2a: Vileplume\n|-heal|p2a: Vileplume|211/269|[silent]\n|upkeep\n|turn|7\n|\n|t:|1726455761\n|move|p1a: Swampert|Knock Off|p2a: Vileplume\n|-damage|p2a: Vileplume|138/269\n|-enditem|p2a: Vileplume|Leftovers|[from] move: Knock Off|[of] p1a: Swampert\n|move|p2a: Vileplume|Strength Sap|p1a: Swampert\n|-unboost|p1a: Swampert|atk|1\n|-heal|p2a: Vileplume|269/269\n|\n|-heal|p1a: Swampert|283/302|[from] item: Leftovers\n|-damage|p1a: Swampert|246/302|[from] Leech Seed|[of] p2a: Vileplume\n|upkeep\n|turn|8\n|\n|t:|1726455773\n|switch|p1a: Cinccino|Cinccino, L83, M|260/260\n|move|p2a: Vileplume|Leech Seed|p1a: Cinccino\n|-start|p1a: Cinccino|move: Leech Seed\n|\n|-damage|p1a: Cinccino|228/260|[from] Leech Seed|[of] p2a: Vileplume\n|upkeep\n|turn|9\n|\n|t:|1726455787\n|switch|p2a: Toxapex|Toxapex, L82, M|216/216\n|-damage|p2a: Toxapex|189/216|[from] Stealth Rock\n|move|p1a: Cinccino|Triple Axel|p2a: Toxapex\n|-resisted|p2a: Toxapex\n|-damage|p2a: Toxapex|182/216\n|-damage|p1a: Cinccino|185/260|[from] item: Rocky Helmet|[of] p2a: Toxapex\n|-resisted|p2a: Toxapex\n|-damage|p2a: Toxapex|168/216\n|-damage|p1a: Cinccino|142/260|[from] item: Rocky Helmet|[of] p2a: Toxapex\n|-resisted|p2a: Toxapex\n|-damage|p2a: Toxapex|147/216\n|-damage|p1a: Cinccino|99/260|[from] item: Rocky Helmet|[of] p2a: Toxapex\n|-hitcount|p2a: Toxapex|3\n|\n|-damage|p1a: Cinccino|67/260|[from] Leech Seed|[of] p2a: Toxapex\n|-heal|p2a: Toxapex|179/216|[silent]\n|upkeep\n|turn|10\n|\n|t:|1726455808\n|move|p1a: Cinccino|Bullet Seed|p2a: Toxapex\n|-damage|p2a: Toxapex|161/216\n|-crit|p2a: Toxapex\n|-damage|p2a: Toxapex|136/216\n|-damage|p2a: Toxapex|119/216\n|-damage|p2a: Toxapex|103/216\n|-damage|p2a: Toxapex|86/216\n|-hitcount|p2a: Toxapex|5\n|move|p2a: Toxapex|Toxic Spikes|p1a: Cinccino\n|-sidestart|p1: MegaS5|move: Toxic Spikes\n|\n|-damage|p1a: Cinccino|35/260|[from] Leech Seed|[of] p2a: Toxapex\n|-heal|p2a: Toxapex|118/216|[silent]\n|upkeep\n|turn|11\n|inactive|MegaS5 has 120 seconds left.\n|\n|t:|1726455832\n|switch|p1a: Swampert|Swampert, L83, F|246/302\n|-status|p1a: Swampert|psn\n|move|p2a: Toxapex|Recover|p2a: Toxapex\n|-heal|p2a: Toxapex|216/216\n|\n|-heal|p1a: Swampert|264/302 psn|[from] item: Leftovers\n|-damage|p1a: Swampert|227/302 psn|[from] psn\n|upkeep\n|turn|12\n|\n|t:|1726455842\n|switch|p2a: Vileplume|Vileplume, L86, F|269/269\n|-damage|p2a: Vileplume|236/269|[from] Stealth Rock\n|move|p1a: Swampert|Earthquake|p2a: Vileplume\n|-damage|p2a: Vileplume|124/269\n|\n|-heal|p1a: Swampert|245/302 psn|[from] item: Leftovers\n|-damage|p1a: Swampert|208/302 psn|[from] psn\n|upkeep\n|turn|13\n|\n|t:|1726455857\n|switch|p1a: Abomasnow|Abomasnow, L85, F|291/291\n|-status|p1a: Abomasnow|psn\n|-weather|Snow|[from] ability: Snow Warning|[of] p1a: Abomasnow\n|move|p2a: Vileplume|Strength Sap|p1a: Abomasnow\n|-unboost|p1a: Abomasnow|atk|1\n|-heal|p2a: Vileplume|269/269\n|\n|-weather|Snow|[upkeep]\n|-damage|p1a: Abomasnow|255/291 psn|[from] psn\n|upkeep\n|turn|14\n|\n|t:|1726455869\n|switch|p1a: Swampert|Swampert, L83, F|208/302 psn\n|switch|p2a: Torkoal|Torkoal, L88, F|266/266 slp\n|-weather|SunnyDay|[from] ability: Drought|[of] p2a: Torkoal\n|\n|-weather|SunnyDay|[upkeep]\n|-heal|p1a: Swampert|226/302 psn|[from] item: Leftovers\n|-damage|p1a: Swampert|189/302 psn|[from] psn\n|upkeep\n|turn|15\n|\n|t:|1726455881\n|switch|p2a: Vileplume|Vileplume, L86, F|269/269\n|-damage|p2a: Vileplume|236/269|[from] Stealth Rock\n|move|p1a: Swampert|Earthquake|p2a: Vileplume\n|-damage|p2a: Vileplume|124/269\n|\n|-weather|SunnyDay|[upkeep]\n|-heal|p1a: Swampert|207/302 psn|[from] item: Leftovers\n|-damage|p1a: Swampert|170/302 psn|[from] psn\n|upkeep\n|turn|16\n|inactive|MegaS5 has 120 seconds left.\n|\n|t:|1726455897\n|move|p1a: Swampert|Earthquake|p2a: Vileplume\n|-damage|p2a: Vileplume|16/269\n|move|p2a: Vileplume|Strength Sap|p1a: Swampert\n|-unboost|p1a: Swampert|atk|1\n|-heal|p2a: Vileplume|246/269\n|\n|-weather|SunnyDay|[upkeep]\n|-heal|p1a: Swampert|188/302 psn|[from] item: Leftovers\n|-damage|p1a: Swampert|151/302 psn|[from] psn\n|upkeep\n|turn|17\n|inactive|MegaS5 has 120 seconds left.\n|\n|t:|1726455908\n|switch|p1a: Abomasnow|Abomasnow, L85, F|255/291 psn\n|-weather|Snow|[from] ability: Snow Warning|[of] p1a: Abomasnow\n|move|p2a: Vileplume|Sludge Bomb|p1a: Abomasnow\n|-supereffective|p1a: Abomasnow\n|-damage|p1a: Abomasnow|19/291 psn\n|\n|-weather|Snow|[upkeep]\n|-damage|p1a: Abomasnow|0 fnt|[from] psn\n|faint|p1a: Abomasnow\n|upkeep\n|inactive|MegaS5 has 120 seconds left.\n|\n|t:|1726455921\n|switch|p1a: Cinccino|Cinccino, L83, M|35/260\n|-status|p1a: Cinccino|psn\n|turn|18\n|inactive|MegaS5 has 120 seconds left.\n|\n|t:|1726455929\n|switch|p2a: Toxapex|Toxapex, L82, M|216/216\n|-damage|p2a: Toxapex|189/216|[from] Stealth Rock\n|move|p1a: Cinccino|Tidy Up|p1a: Cinccino\n|-sideend|p1: MegaS5|Toxic Spikes\n|-sideend|p2: RBLT AquaGuy|Stealth Rock\n|-activate|p1a: Cinccino|move: Tidy Up\n|-boost|p1a: Cinccino|atk|1\n|-boost|p1a: Cinccino|spe|1\n|\n|-weather|Snow|[upkeep]\n|-damage|p1a: Cinccino|3/260 psn|[from] psn\n|upkeep\n|turn|19\n|\n|t:|1726455939\n|move|p1a: Cinccino|Bullet Seed|p2a: Toxapex\n|-damage|p2a: Toxapex|163/216\n|-damage|p2a: Toxapex|138/216\n|-damage|p2a: Toxapex|114/216\n|-damage|p2a: Toxapex|89/216\n|-hitcount|p2a: Toxapex|4\n|move|p2a: Toxapex|Toxic Spikes|p1a: Cinccino\n|-sidestart|p1: MegaS5|move: Toxic Spikes\n|\n|-weather|Snow|[upkeep]\n|-damage|p1a: Cinccino|0 fnt|[from] psn\n|faint|p1a: Cinccino\n|upkeep\n|inactive|MegaS5 has 120 seconds left.\n|\n|t:|1726455952\n|switch|p1a: Ambipom|Ambipom, L84, F|263/263\n|-status|p1a: Ambipom|psn\n|turn|20\n|\n|t:|1726455964\n|switch|p2a: Poliwrath|Poliwrath, L88, F|302/302\n|move|p1a: Ambipom|Double-Edge|p2a: Poliwrath\n|-damage|p2a: Poliwrath|157/302\n|-damage|p1a: Ambipom|215/263 psn|[from] Recoil\n|\n|-weather|Snow|[upkeep]\n|-damage|p1a: Ambipom|183/263 psn|[from] psn\n|upkeep\n|turn|21\n|\n|t:|1726455973\n|move|p1a: Ambipom|Double-Edge|p2a: Poliwrath\n|-damage|p2a: Poliwrath|27/302\n|-damage|p1a: Ambipom|140/263 psn|[from] Recoil\n|move|p2a: Poliwrath|Knock Off|p1a: Ambipom\n|-damage|p1a: Ambipom|53/263 psn\n|-enditem|p1a: Ambipom|Silk Scarf|[from] move: Knock Off|[of] p2a: Poliwrath\n|\n|-weather|none\n|-damage|p1a: Ambipom|21/263 psn|[from] psn\n|upkeep\n|turn|22\n|\n|t:|1726455985\n|switch|p2a: Toxapex|Toxapex, L82, M|161/216\n|move|p1a: Ambipom|Knock Off|p2a: Toxapex\n|-damage|p2a: Toxapex|112/216\n|-damage|p1a: Ambipom|0 fnt|[from] item: Rocky Helmet|[of] p2a: Toxapex\n|faint|p1a: Ambipom\n|\n|upkeep\n|\n|t:|1726455995\n|switch|p1a: Vaporeon|Vaporeon, L86, M|364/364\n|-status|p1a: Vaporeon|psn\n|turn|23\n|\n|t:|1726456005\n|switch|p2a: Poliwrath|Poliwrath, L88, F|27/302\n|move|p1a: Vaporeon|Scald|p2a: Poliwrath\n|-heal|p2a: Poliwrath|102/302|[from] ability: Water Absorb|[of] p1a: Vaporeon\n|\n|-damage|p1a: Vaporeon|319/364 psn|[from] psn\n|upkeep\n|turn|24\n|\n|t:|1726456013\n|move|p2a: Poliwrath|Knock Off|p1a: Vaporeon\n|-damage|p1a: Vaporeon|220/364 psn\n|-enditem|p1a: Vaporeon|Leftovers|[from] move: Knock Off|[of] p2a: Poliwrath\n|move|p1a: Vaporeon|Ice Beam|p2a: Poliwrath\n|-resisted|p2a: Poliwrath\n|-damage|p2a: Poliwrath|80/302\n|\n|-damage|p1a: Vaporeon|175/364 psn|[from] psn\n|upkeep\n|turn|25\n|c|\u2606RBLT AquaGuy|gg\n|\n|t:|1726456022\n|move|p2a: Poliwrath|Close Combat|p1a: Vaporeon\n|-damage|p1a: Vaporeon|13/364 psn\n|-unboost|p2a: Poliwrath|def|1\n|-unboost|p2a: Poliwrath|spd|1\n|move|p1a: Vaporeon|Wish|p1a: Vaporeon\n|\n|-damage|p1a: Vaporeon|0 fnt|[from] psn\n|faint|p1a: Vaporeon\n|upkeep\n|\n|t:|1726456029\n|switch|p1a: Swampert|Swampert, L83, F|151/302 psn\n|turn|26\n|\n|t:|1726456037\n|switch|p2a: Vileplume|Vileplume, L86, F|246/269\n|move|p1a: Swampert|Earthquake|p2a: Vileplume\n|-damage|p2a: Vileplume|134/269\n|\n|-heal|p1a: Swampert|302/302 psn|[from] move: Wish|[wisher] Vaporeon\n|-damage|p1a: Swampert|265/302 psn|[from] psn\n|upkeep\n|turn|27\n|\n|t:|1726456045\n|move|p1a: Swampert|Earthquake|p2a: Vileplume\n|-damage|p2a: Vileplume|28/269\n|move|p2a: Vileplume|Giga Drain|p1a: Swampert\n|-supereffective|p1a: Swampert\n|-damage|p1a: Swampert|0 fnt\n|-heal|p2a: Vileplume|161/269|[from] drain|[of] p1a: Swampert\n|faint|p1a: Swampert\n|\n|win|RBLT AquaGuy\n|raw|MegaS5's rating: 2234 &rarr; <strong>2213</strong><br />(-21 for losing)\n|raw|RBLT AquaGuy's rating: 2209 &rarr; <strong>2230</strong><br />(+21 for winning)\n|l|\u2606MegaS5\n|player|p1|\n|l|\u2606RBLT AquaGuy\n|player|p2|\n|j|\u2606RBLT AquaGuy\n|player|p2|RBLT AquaGuy|265|\n", "inputlog": ">version abcf08933808d3fb39dbc2b54a8665d830b47482\n>start {\"formatid\":\"gen9randombattle\",\"seed\":[9024,3372,28167,1781],\"rated\":\"Rated battle\"}\n>player p1 {\"name\":\"MegaS5\",\"avatar\":\"101\",\"rating\":2234,\"seed\":[18672,62430,3534,874]}\n>player p2 {\"name\":\"RBLT AquaGuy\",\"avatar\":\"265\",\"rating\":2209,\"seed\":[42313,30981,27583,59655]}\n>p1 move sleeppowder\n>p2 move yawn\n>p1 move quiverdance\n>p2 switch 5\n>p1 move quiverdance terastallize\n>p2 move fireblast\n>p1 move terablast\n>p2 move fireblast terastallize\n>p1 switch 4\n>p1 move stealthrock\n>p2 switch 4\n>p1 move earthquake\n>p2 move leechseed\n>p1 move knockoff\n>p2 move strengthsap\n>p1 switch 3\n>p2 move leechseed\n>p1 move tripleaxel\n>p2 switch 3\n>p1 move bulletseed\n>p2 move toxicspikes\n>p1 switch 3\n>p2 move recover\n>p1 move earthquake\n>p2 switch 3\n>p1 switch 6\n>p2 move strengthsap\n>p1 switch 6\n>p2 switch 5\n>p1 move earthquake\n>p2 switch 5\n>p1 move earthquake\n>p2 move strengthsap\n>p1 switch 6\n>p2 move sludgebomb\n>p1 switch 3\n>p1 move tidyup\n>p2 switch 3\n>p1 move bulletseed\n>p2 move toxicspikes\n>p1 switch 5\n>p1 move doubleedge\n>p2 switch 6\n>p1 move doubleedge\n>p2 move knockoff\n>p1 move knockoff\n>p2 switch 6\n>p1 switch 2\n>p1 move scald\n>p2 switch 6\n>p1 move icebeam\n>p2 move knockoff\n>chat \u2606RBLT AquaGuy|gg\n>p1 move wish\n>p2 move closecombat\n>p1 switch 6\n>p1 move earthquake\n>p2 switch 3\n>p1 move earthquake\n>p2 move gigadrain", "uploadtime": 1726456048, "views": 98, "formatid": "gen9randombattle", "rating": 2213, "private": 0, "password": null}