{"id": "gen9randombattle-2259805184", "format": "[Gen 9] Random Battle", "players": ["LittleCupcake89", "egeyuwen"], "log": "|j|\u203dLittleCupcake89\n|j|\u2606egeyuwen\n|t:|1733768459\n|gametype|singles\n|player|p1|LittleCupcake89|ingo|1438\n|player|p2|egeyuwen|170|1463\n|teamsize|p1|6\n|teamsize|p2|6\n|gen|9\n|tier|[Gen 9] Random Battle\n|rated|\n|rule|Species Clause: Limit one of each Pok\u00e9mon\n|rule|HP Percentage Mod: HP is shown in percentages\n|rule|Sleep Clause Mod: Limit one foe put to sleep\n|rule|Illusion Level Mod: Illusion disguises the Pok\u00e9mon's true level\n|\n|t:|1733768459\n|start\n|switch|p1a: Flygon|Flygon, L82, M|265/265\n|switch|p2a: Conkeldurr|Conkeldurr, L80, F|299/299\n|turn|1\n|\n|t:|1733768475\n|move|p1a: Flygon|U-turn|p2a: Conkeldurr\n|-resisted|p2a: Conkeldurr\n|-damage|p2a: Conkeldurr|275/299\n|inactive|Battle timer is ON: inactive players will automatically lose when time's up. (requested by LittleCupcake89)\n|\n|t:|1733768481\n|switch|p1a: Deoxys|Deoxys-Defense, L84|221/221|[from] U-turn\n|-ability|p1a: Deoxys|Pressure\n|move|p2a: Conkeldurr|Knock Off|p1a: Deoxys\n|-supereffective|p1a: Deoxys\n|-damage|p1a: Deoxys|113/221\n|-enditem|p1a: Deoxys|Leftovers|[from] move: Knock Off|[of] p2a: Conkeldurr\n|\n|-status|p2a: Conkeldurr|brn|[from] item: Flame Orb\n|upkeep\n|turn|2\n|\n|t:|1733768500\n|switch|p2a: Overqwil|Overqwil, L82, M|274/274\n|-ability|p2a: Overqwil|Intimidate|boost\n|-unboost|p1a: Deoxys|atk|1\n|move|p1a: Deoxys|Psychic Noise|p2a: Overqwil\n|-immune|p2a: Overqwil\n|\n|upkeep\n|turn|3\n|inactive|LittleCupcake89 has 120 seconds left.\n|\n|t:|1733768528\n|switch|p1a: Flygon|Flygon, L82, M|265/265\n|move|p2a: Overqwil|Scale Shot|p1a: Flygon\n|-supereffective|p1a: Flygon\n|-damage|p1a: Flygon|221/265\n|-supereffective|p1a: Flygon\n|-damage|p1a: Flygon|181/265\n|-supereffective|p1a: Flygon\n|-damage|p1a: Flygon|141/265\n|-supereffective|p1a: Flygon\n|-damage|p1a: Flygon|101/265\n|-supereffective|p1a: Flygon\n|-damage|p1a: Flygon|57/265\n|-hitcount|p1a: Flygon|5\n|-unboost|p2a: Overqwil|def|1\n|-boost|p2a: Overqwil|spe|1\n|\n|upkeep\n|turn|4\n|inactive|LittleCupcake89 has 120 seconds left.\n|\n|t:|1733768544\n|move|p1a: Flygon|Earthquake|p2a: Overqwil\n|-supereffective|p2a: Overqwil\n|-damage|p2a: Overqwil|0 fnt\n|faint|p2a: Overqwil\n|\n|upkeep\n|\n|t:|1733768558\n|switch|p2a: Conkeldurr|Conkeldurr, L80, F|275/299 brn\n|turn|5\n|\n|t:|1733768568\n|move|p1a: Flygon|Earthquake|p2a: Conkeldurr\n|-damage|p2a: Conkeldurr|169/299 brn\n|move|p2a: Conkeldurr|Facade|p1a: Flygon\n|-damage|p1a: Flygon|0 fnt\n|faint|p1a: Flygon\n|\n|-damage|p2a: Conkeldurr|151/299 brn|[from] brn\n|upkeep\n|\n|t:|1733768581\n|switch|p1a: Deoxys|Deoxys-Defense, L84|113/221\n|-ability|p1a: Deoxys|Pressure\n|turn|6\n|\n|t:|1733768592\n|-terastallize|p2a: Conkeldurr|Normal\n|move|p1a: Deoxys|Psychic Noise|p2a: Conkeldurr\n|-damage|p2a: Conkeldurr|73/299 brn\n|-start|p2a: Conkeldurr|move: Heal Block\n|move|p2a: Conkeldurr|Facade|p1a: Deoxys\n|-damage|p1a: Deoxys|0 fnt\n|faint|p1a: Deoxys\n|\n|-damage|p2a: Conkeldurr|55/299 brn|[from] brn\n|upkeep\n|inactive|LittleCupcake89 has 120 seconds left.\n|\n|t:|1733768610\n|switch|p1a: Archaludon|Archaludon, L78, M|268/268\n|turn|7\n|\n|t:|1733768615\n|move|p2a: Conkeldurr|Mach Punch|p1a: Archaludon\n|-supereffective|p1a: Archaludon\n|-damage|p1a: Archaludon|146/268\n|-ability|p1a: Archaludon|Stamina|boost\n|-boost|p1a: Archaludon|def|1\n|move|p1a: Archaludon|Body Press|p2a: Conkeldurr\n|-supereffective|p2a: Conkeldurr\n|-damage|p2a: Conkeldurr|0 fnt\n|faint|p2a: Conkeldurr\n|\n|-heal|p1a: Archaludon|162/268|[from] item: Leftovers\n|upkeep\n|\n|t:|1733768628\n|switch|p2a: Hitmontop|Hitmontop, L88, M|231/231\n|turn|8\n|inactive|LittleCupcake89 has 120 seconds left.\n|\n|t:|1733768658\n|switch|p1a: Lanturn|Lanturn, L89, M|367/367\n|move|p2a: Hitmontop|Close Combat|p1a: Lanturn\n|-damage|p1a: Lanturn|204/367\n|-unboost|p2a: Hitmontop|def|1\n|-unboost|p2a: Hitmontop|spd|1\n|\n|upkeep\n|turn|9\n|inactive|LittleCupcake89 has 120 seconds left.\n|\n|t:|1733768670\n|switch|p2a: Decidueye|Decidueye, L88, F|281/281\n|move|p1a: Lanturn|Scald|p2a: Decidueye\n|-resisted|p2a: Decidueye\n|-damage|p2a: Decidueye|232/281\n|-status|p2a: Decidueye|brn\n|\n|-damage|p2a: Decidueye|215/281 brn|[from] brn\n|upkeep\n|turn|10\n|inactive|LittleCupcake89 has 120 seconds left.\n|\n|t:|1733768689\n|switch|p1a: Archaludon|Archaludon, L78, M|162/268\n|move|p2a: Decidueye|Knock Off|p1a: Archaludon\n|-damage|p1a: Archaludon|131/268\n|-ability|p1a: Archaludon|Stamina|boost\n|-boost|p1a: Archaludon|def|1\n|-enditem|p1a: Archaludon|Leftovers|[from] move: Knock Off|[of] p2a: Decidueye\n|\n|-damage|p2a: Decidueye|198/281 brn|[from] brn\n|upkeep\n|turn|11\n|inactive|LittleCupcake89 has 90 seconds left.\n|inactive|egeyuwen has 120 seconds left.\n|\n|t:|1733768745\n|switch|p2a: Hitmontop|Hitmontop, L88, M|231/231\n|move|p1a: Archaludon|Draco Meteor|p2a: Hitmontop\n|-damage|p2a: Hitmontop|107/231\n|-unboost|p1a: Archaludon|spa|2\n|\n|-heal|p2a: Hitmontop|121/231|[from] item: Leftovers\n|upkeep\n|turn|12\n|inactive|LittleCupcake89 has 60 seconds left.\n|\n|t:|1733768762\n|move|p1a: Archaludon|Body Press|p2a: Hitmontop\n|-damage|p2a: Hitmontop|37/231\n|move|p2a: Hitmontop|Close Combat|p1a: Archaludon\n|-supereffective|p1a: Archaludon\n|-damage|p1a: Archaludon|0 fnt\n|-unboost|p2a: Hitmontop|def|1\n|-unboost|p2a: Hitmontop|spd|1\n|faint|p1a: Archaludon\n|\n|-heal|p2a: Hitmontop|51/231|[from] item: Leftovers\n|upkeep\n|inactive|LittleCupcake89 has 60 seconds left.\n|inactive|LittleCupcake89 has 30 seconds left.\n|inactive|LittleCupcake89 has 20 seconds left.\n|inactive|LittleCupcake89 has 15 seconds left.\n|\n|t:|1733768815\n|switch|p1a: Greninja|Greninja, L80, M|246/246\n|turn|13\n|inactive|LittleCupcake89 has 25 seconds left this turn.\n|inactive|LittleCupcake89 has 20 seconds left.\n|inactive|LittleCupcake89 has 15 seconds left.\n|\n|t:|1733768827\n|move|p1a: Greninja|Hydro Pump|p2a: Hitmontop\n|-start|p1a: Greninja|typechange|Water|[from] ability: Protean\n|-damage|p2a: Hitmontop|0 fnt\n|faint|p2a: Hitmontop\n|-damage|p1a: Greninja|222/246|[from] item: Life Orb\n|\n|upkeep\n|inactive|LittleCupcake89 has 20 seconds left this turn.\n|\n|t:|1733768835\n|switch|p2a: Decidueye|Decidueye, L88, F|198/281 brn\n|turn|14\n|inactive|LittleCupcake89 has 30 seconds left this turn.\n|\n|t:|1733768840\n|move|p1a: Greninja|Dark Pulse|p2a: Decidueye\n|-supereffective|p2a: Decidueye\n|-damage|p2a: Decidueye|81/281 brn\n|-damage|p1a: Greninja|198/246|[from] item: Life Orb\n|move|p2a: Decidueye|Leaf Storm|p1a: Greninja\n|-supereffective|p1a: Greninja\n|-damage|p1a: Greninja|0 fnt\n|-unboost|p2a: Decidueye|spa|2\n|faint|p1a: Greninja\n|\n|-damage|p2a: Decidueye|64/281 brn|[from] brn\n|upkeep\n|inactive|LittleCupcake89 has 30 seconds left.\n|\n|t:|1733768854\n|switch|p1a: Lanturn|Lanturn, L89, M|204/367\n|turn|15\n|\n|t:|1733768858\n|move|p2a: Decidueye|Leaf Storm|p1a: Lanturn|[miss]\n|-miss|p2a: Decidueye|p1a: Lanturn\n|move|p1a: Lanturn|Ice Beam|p2a: Decidueye\n|-supereffective|p2a: Decidueye\n|-damage|p2a: Decidueye|0 fnt\n|faint|p2a: Decidueye\n|\n|upkeep\n|\n|t:|1733768872\n|switch|p2a: Dunsparce|Dunsparce, L86, F|312/312\n|turn|16\n|\n|t:|1733768881\n|switch|p1a: Dunsparce|Dunsparce, L86, M|312/312\n|move|p2a: Dunsparce|Body Slam|p1a: Dunsparce\n|-damage|p1a: Dunsparce|252/312\n|\n|upkeep\n|turn|17\n|inactive|LittleCupcake89 has 30 seconds left.\n|inactive|LittleCupcake89 has 20 seconds left.\n|inactive|LittleCupcake89 has 15 seconds left.\n|\n|t:|1733768921\n|move|p1a: Dunsparce|Coil|p1a: Dunsparce\n|-boost|p1a: Dunsparce|atk|1\n|-boost|p1a: Dunsparce|def|1\n|-boost|p1a: Dunsparce|accuracy|1\n|move|p2a: Dunsparce|Coil|p2a: Dunsparce\n|-boost|p2a: Dunsparce|atk|1\n|-boost|p2a: Dunsparce|def|1\n|-boost|p2a: Dunsparce|accuracy|1\n|\n|upkeep\n|turn|18\n|inactive|LittleCupcake89 has 25 seconds left this turn.\n|inactive|LittleCupcake89 has 20 seconds left.\n|\n|t:|1733768930\n|move|p1a: Dunsparce|Coil|p1a: Dunsparce\n|-boost|p1a: Dunsparce|atk|1\n|-boost|p1a: Dunsparce|def|1\n|-boost|p1a: Dunsparce|accuracy|1\n|move|p2a: Dunsparce|Coil|p2a: Dunsparce\n|-boost|p2a: Dunsparce|atk|1\n|-boost|p2a: Dunsparce|def|1\n|-boost|p2a: Dunsparce|accuracy|1\n|\n|upkeep\n|turn|19\n|inactive|LittleCupcake89 has 30 seconds left this turn.\n|\n|t:|1733768937\n|move|p2a: Dunsparce|Coil|p2a: Dunsparce\n|-boost|p2a: Dunsparce|atk|1\n|-boost|p2a: Dunsparce|def|1\n|-boost|p2a: Dunsparce|accuracy|1\n|move|p1a: Dunsparce|Coil|p1a: Dunsparce\n|-boost|p1a: Dunsparce|atk|1\n|-boost|p1a: Dunsparce|def|1\n|-boost|p1a: Dunsparce|accuracy|1\n|\n|upkeep\n|turn|20\n|inactive|LittleCupcake89 has 30 seconds left.\n|\n|t:|1733768945\n|move|p2a: Dunsparce|Coil|p2a: Dunsparce\n|-boost|p2a: Dunsparce|atk|1\n|-boost|p2a: Dunsparce|def|1\n|-boost|p2a: Dunsparce|accuracy|1\n|move|p1a: Dunsparce|Coil|p1a: Dunsparce\n|-boost|p1a: Dunsparce|atk|1\n|-boost|p1a: Dunsparce|def|1\n|-boost|p1a: Dunsparce|accuracy|1\n|\n|upkeep\n|turn|21\n|\n|t:|1733768952\n|move|p1a: Dunsparce|Coil|p1a: Dunsparce\n|-boost|p1a: Dunsparce|atk|1\n|-boost|p1a: Dunsparce|def|1\n|-boost|p1a: Dunsparce|accuracy|1\n|move|p2a: Dunsparce|Coil|p2a: Dunsparce\n|-boost|p2a: Dunsparce|atk|1\n|-boost|p2a: Dunsparce|def|1\n|-boost|p2a: Dunsparce|accuracy|1\n|\n|upkeep\n|turn|22\n|inactive|LittleCupcake89 has 30 seconds left.\n|\n|t:|1733768971\n|move|p2a: Dunsparce|Coil|p2a: Dunsparce\n|-boost|p2a: Dunsparce|atk|1\n|-boost|p2a: Dunsparce|def|1\n|-boost|p2a: Dunsparce|accuracy|1\n|move|p1a: Dunsparce|Coil|p1a: Dunsparce\n|-boost|p1a: Dunsparce|atk|1\n|-boost|p1a: Dunsparce|def|1\n|-boost|p1a: Dunsparce|accuracy|1\n|\n|upkeep\n|turn|23\n|inactive|LittleCupcake89 has 30 seconds left.\n|\n|t:|1733768984\n|move|p2a: Dunsparce|Body Slam|p1a: Dunsparce\n|-damage|p1a: Dunsparce|192/312\n|-status|p1a: Dunsparce|par\n|move|p1a: Dunsparce|Body Slam|p2a: Dunsparce\n|-damage|p2a: Dunsparce|257/312\n|-status|p2a: Dunsparce|par\n|\n|upkeep\n|turn|24\n|\n|t:|1733768993\n|cant|p1a: Dunsparce|par\n|move|p2a: Dunsparce|Body Slam|p1a: Dunsparce\n|-damage|p1a: Dunsparce|134/312 par\n|\n|upkeep\n|turn|25\n|\n|t:|1733768999\n|move|p1a: Dunsparce|Roost|p1a: Dunsparce\n|-heal|p1a: Dunsparce|290/312 par\n|-singleturn|p1a: Dunsparce|move: Roost\n|move|p2a: Dunsparce|Body Slam|p1a: Dunsparce\n|-damage|p1a: Dunsparce|229/312 par\n|\n|upkeep\n|turn|26\n|\n|t:|1733769005\n|move|p2a: Dunsparce|Body Slam|p1a: Dunsparce\n|-damage|p1a: Dunsparce|169/312 par\n|cant|p1a: Dunsparce|par\n|\n|upkeep\n|turn|27\n|c|\u2606egeyuwen|lol\n|inactive|LittleCupcake89 has 30 seconds left.\n|\n|t:|1733769035\n|cant|p1a: Dunsparce|par\n|move|p2a: Dunsparce|Body Slam|p1a: Dunsparce\n|-damage|p1a: Dunsparce|106/312 par\n|\n|upkeep\n|turn|28\n|\n|t:|1733769042\n|move|p2a: Dunsparce|Body Slam|p1a: Dunsparce\n|-damage|p1a: Dunsparce|46/312 par\n|cant|p1a: Dunsparce|par\n|\n|upkeep\n|turn|29\n|\n|t:|1733769047\n|move|p1a: Dunsparce|Roost|p1a: Dunsparce\n|-heal|p1a: Dunsparce|202/312 par\n|-singleturn|p1a: Dunsparce|move: Roost\n|move|p2a: Dunsparce|Body Slam|p1a: Dunsparce\n|-damage|p1a: Dunsparce|147/312 par\n|\n|upkeep\n|turn|30\n|\n|t:|1733769059\n|move|p2a: Dunsparce|Body Slam|p1a: Dunsparce\n|-damage|p1a: Dunsparce|90/312 par\n|move|p1a: Dunsparce|Roost|p1a: Dunsparce\n|-heal|p1a: Dunsparce|246/312 par\n|-singleturn|p1a: Dunsparce|move: Roost\n|\n|upkeep\n|turn|31\n|\n|t:|1733769067\n|move|p2a: Dunsparce|Body Slam|p1a: Dunsparce\n|-damage|p1a: Dunsparce|186/312 par\n|move|p1a: Dunsparce|Body Slam|p2a: Dunsparce\n|-damage|p2a: Dunsparce|200/312 par\n|\n|upkeep\n|turn|32\n|\n|t:|1733769074\n|move|p2a: Dunsparce|Body Slam|p1a: Dunsparce\n|-damage|p1a: Dunsparce|131/312 par\n|move|p1a: Dunsparce|Body Slam|p2a: Dunsparce\n|-damage|p2a: Dunsparce|140/312 par\n|\n|upkeep\n|turn|33\n|\n|t:|1733769080\n|cant|p2a: Dunsparce|par\n|move|p1a: Dunsparce|Roost|p1a: Dunsparce\n|-heal|p1a: Dunsparce|287/312 par\n|-singleturn|p1a: Dunsparce|move: Roost\n|\n|upkeep\n|turn|34\n|inactive|LittleCupcake89 has 60 seconds left.\n|\n|t:|1733769090\n|move|p1a: Dunsparce|Body Slam|p2a: Dunsparce\n|-damage|p2a: Dunsparce|77/312 par\n|move|p2a: Dunsparce|Roost|p2a: Dunsparce\n|-heal|p2a: Dunsparce|233/312 par\n|-singleturn|p2a: Dunsparce|move: Roost\n|\n|upkeep\n|turn|35\n|inactive|LittleCupcake89 has 60 seconds left.\n|\n|t:|1733769120\n|cant|p1a: Dunsparce|par\n|move|p2a: Dunsparce|Body Slam|p1a: Dunsparce\n|-damage|p1a: Dunsparce|232/312 par\n|\n|upkeep\n|turn|36\n|\n|t:|1733769127\n|cant|p1a: Dunsparce|par\n|move|p2a: Dunsparce|Body Slam|p1a: Dunsparce\n|-damage|p1a: Dunsparce|169/312 par\n|\n|upkeep\n|turn|37\n|\n|t:|1733769133\n|move|p2a: Dunsparce|Body Slam|p1a: Dunsparce\n|-damage|p1a: Dunsparce|111/312 par\n|move|p1a: Dunsparce|Body Slam|p2a: Dunsparce\n|-damage|p2a: Dunsparce|176/312 par\n|\n|upkeep\n|turn|38\n|\n|t:|1733769140\n|move|p2a: Dunsparce|Body Slam|p1a: Dunsparce\n|-crit|p1a: Dunsparce\n|-damage|p1a: Dunsparce|0 fnt\n|faint|p1a: Dunsparce\n|\n|upkeep\n|\n|t:|1733769146\n|switch|p1a: Lanturn|Lanturn, L89, M|204/367\n|turn|39\n|c|\u2606egeyuwen|lol\n|inactive|LittleCupcake89 has 60 seconds left.\n|\n|t:|1733769169\n|move|p1a: Lanturn|Scald|p2a: Dunsparce\n|-damage|p2a: Dunsparce|80/312 par\n|move|p2a: Dunsparce|Body Slam|p1a: Lanturn\n|-damage|p1a: Lanturn|0 fnt\n|faint|p1a: Lanturn\n|\n|win|egeyuwen\n|raw|LittleCupcake89's rating: 1438 &rarr; <strong>1419</strong><br />(-19 for losing)\n|raw|egeyuwen's rating: 1463 &rarr; <strong>1482</strong><br />(+19 for winning)\n|l|\u203dLittleCupcake89\n|player|p1|\n|c|\u2606egeyuwen|I won't forget that crit til I died\n", "inputlog": ">version bfd83cad13791eb5a5a409923076391caf6fb4d4\n>start {\"formatid\":\"gen9randombattle\",\"seed\":[48748,32196,26635,35331],\"rated\":\"Rated battle\"}\n>player p1 {\"name\":\"LittleCupcake89\",\"avatar\":\"ingo\",\"rating\":1438,\"seed\":[21043,16923,22312,21287]}\n>player p2 {\"name\":\"egeyuwen\",\"avatar\":\"170\",\"rating\":1463,\"seed\":[45258,8701,46952,56045]}\n>p1 move uturn\n>p2 move knockoff\n>p1 switch 3\n>p1 move psychicnoise\n>p2 switch 4\n>p1 switch 3\n>p2 move scaleshot\n>p1 move earthquake\n>p2 move crunch\n>p2 switch 4\n>p1 move earthquake\n>p2 move facade\n>p1 switch 3\n>p1 move psychicnoise\n>p2 move facade terastallize\n>p1 switch 4\n>p1 move bodypress\n>p2 move machpunch\n>p2 switch 3\n>p1 switch 6\n>p2 move closecombat\n>p1 move scald\n>p2 switch 2\n>p1 switch 6\n>p2 move knockoff\n>p1 move dracometeor\n>p2 switch 2\n>p1 move bodypress\n>p2 move closecombat\n>p1 switch 2\n>p1 move hydropump\n>p2 move closecombat\n>p2 switch 2\n>p1 move darkpulse\n>p2 move leafstorm\n>p1 switch 6\n>p1 move icebeam\n>p2 move leafstorm\n>p2 switch 5\n>p1 switch 5\n>p2 move bodyslam\n>p1 move coil\n>p2 move coil\n>p1 move coil\n>p2 move coil\n>p1 move coil\n>p2 move coil\n>p1 move coil\n>p2 move coil\n>p1 move coil\n>p2 move coil\n>p1 move coil\n>p2 move coil\n>p1 move bodyslam\n>p2 move bodyslam\n>p1 move bodyslam\n>p2 move bodyslam\n>p1 move roost\n>p2 move bodyslam\n>p1 move bodyslam\n>p2 move bodyslam\n>chat \u2606egeyuwen|lol\n>p1 move bodyslam\n>p2 move bodyslam\n>p1 move roost\n>p2 move bodyslam\n>p1 move roost\n>p2 move bodyslam\n>p1 move roost\n>p2 move bodyslam\n>p1 move bodyslam\n>p2 move bodyslam\n>p1 move bodyslam\n>p2 move bodyslam\n>p1 move roost\n>p2 move roost\n>p1 move bodyslam\n>p2 move roost\n>p1 move bodyslam\n>p2 move bodyslam\n>p1 move bodyslam\n>p2 move bodyslam\n>p1 move bodyslam\n>p2 move bodyslam\n>p1 move roost\n>p2 move bodyslam\n>p1 switch 5\n>chat \u2606egeyuwen|lol\n>p1 move scald\n>p2 move bodyslam", "uploadtime": 1733769183, "views": 2, "formatid": "gen9randombattle", "rating": 1419, "private": 0, "password": null}