{"id": "gen9randombattle-2260099430", "format": "[Gen 9] Random Battle", "players": ["Dogtooth69", "crackasarethedevil"], "log": "|j|\u2606Dogtooth69\n|j|\u203dcrackasarethedevil\n|t:|1733802303\n|gametype|singles\n|player|p1|Dogtooth69|giovanni|1263\n|player|p2|crackasarethedevil|lenora|1229\n|teamsize|p1|6\n|teamsize|p2|6\n|gen|9\n|tier|[Gen 9] Random Battle\n|rated|\n|rule|Species Clause: Limit one of each Pok\u00e9mon\n|rule|HP Percentage Mod: HP is shown in percentages\n|rule|Sleep Clause Mod: Limit one foe put to sleep\n|rule|Illusion Level Mod: Illusion disguises the Pok\u00e9mon's true level\n|\n|t:|1733802303\n|start\n|switch|p1a: Ursaring|Ursaring, L84, F|288/288\n|switch|p2a: Vileplume|Vileplume, L85, F|266/266\n|turn|1\n|inactive|Battle timer is ON: inactive players will automatically lose when time's up. (requested by crackasarethedevil)\n|inactive|Dogtooth69 also wants the timer to be on.\n|\n|t:|1733802316\n|move|p1a: Ursaring|Earthquake|p2a: Vileplume\n|-damage|p2a: Vileplume|174/266\n|move|p2a: Vileplume|Sleep Powder|p1a: Ursaring\n|-status|p1a: Ursaring|slp|[from] move: Sleep Powder\n|\n|-heal|p2a: Vileplume|190/266|[from] item: Leftovers\n|upkeep\n|turn|2\n|inactive|Dogtooth69 has 120 seconds left.\n|\n|t:|1733802360\n|switch|p1a: Misdreavus|Misdreavus, L90, F|254/254\n|move|p2a: Vileplume|Strength Sap|p1a: Misdreavus\n|-unboost|p1a: Misdreavus|atk|1\n|-heal|p2a: Vileplume|266/266\n|\n|upkeep\n|turn|3\n|inactive|crackasarethedevil has 120 seconds left.\n|\n|t:|1733802408\n|move|p1a: Misdreavus|Calm Mind|p1a: Misdreavus\n|-boost|p1a: Misdreavus|spa|1\n|-boost|p1a: Misdreavus|spd|1\n|move|p2a: Vileplume|Sludge Bomb|p1a: Misdreavus\n|-resisted|p1a: Misdreavus\n|-damage|p1a: Misdreavus|230/254\n|\n|upkeep\n|turn|4\n|inactive|Dogtooth69 has 120 seconds left.\n|\n|t:|1733802421\n|switch|p2a: Iron Treads|Iron Treads, L77|265/265\n|move|p1a: Misdreavus|Shadow Ball|p2a: Iron Treads\n|-damage|p2a: Iron Treads|148/265\n|\n|upkeep\n|turn|5\n|inactive|Dogtooth69 has 120 seconds left.\n|\n|t:|1733802434\n|move|p2a: Iron Treads|Iron Head|p1a: Misdreavus\n|-damage|p1a: Misdreavus|170/254\n|move|p1a: Misdreavus|Shadow Ball|p2a: Iron Treads\n|-damage|p2a: Iron Treads|43/265\n|\n|upkeep\n|turn|6\n|\n|t:|1733802454\n|move|p2a: Iron Treads|Iron Head|p1a: Misdreavus\n|-damage|p1a: Misdreavus|101/254\n|move|p1a: Misdreavus|Shadow Ball|p2a: Iron Treads\n|-damage|p2a: Iron Treads|0 fnt\n|faint|p2a: Iron Treads\n|-end|p2a: Iron Treads|Quark Drive|[silent]\n|\n|upkeep\n|\n|t:|1733802469\n|switch|p2a: Reshiram|Reshiram, L76|277/277\n|-ability|p2a: Reshiram|Turboblaze\n|turn|7\n|\n|t:|1733802473\n|move|p1a: Misdreavus|Draining Kiss|p2a: Reshiram\n|-damage|p2a: Reshiram|229/277\n|-heal|p1a: Misdreavus|137/254|[from] drain|[of] p2a: Reshiram\n|move|p2a: Reshiram|Dragon Tail|p1a: Misdreavus\n|-damage|p1a: Misdreavus|83/254\n|drag|p1a: Ursaring|Ursaring, L84, F|288/288 slp\n|\n|upkeep\n|turn|8\n|\n|t:|1733802481\n|move|p2a: Reshiram|Blue Flare|p1a: Ursaring\n|-damage|p1a: Ursaring|171/288 slp\n|cant|p1a: Ursaring|slp\n|move|p1a: Ursaring|Sleep Talk|p1a: Ursaring\n|move|p1a: Ursaring|Rest||[from]move: Sleep Talk|[still]\n|-fail|p1a: Ursaring\n|\n|upkeep\n|turn|9\n|inactive|crackasarethedevil has 120 seconds left.\n|\n|t:|1733802486\n|move|p2a: Reshiram|Blue Flare|p1a: Ursaring\n|-damage|p1a: Ursaring|44/288 slp\n|cant|p1a: Ursaring|slp\n|move|p1a: Ursaring|Sleep Talk|p1a: Ursaring\n|move|p1a: Ursaring|Earthquake|p2a: Reshiram|[from]move: Sleep Talk\n|-supereffective|p2a: Reshiram\n|-damage|p2a: Reshiram|0 fnt\n|faint|p2a: Reshiram\n|\n|upkeep\n|inactive|crackasarethedevil has 120 seconds left.\n|\n|t:|1733802492\n|switch|p2a: Minior|Minior-Blue, L79|224/224\n|-formechange|p2a: Minior|Minior-Meteor||[from] ability: Shields Down\n|turn|10\n|c|\u2606Dogtooth69|lmao\n|\n|t:|1733802503\n|cant|p1a: Ursaring|slp\n|move|p1a: Ursaring|Sleep Talk|p1a: Ursaring\n|move|p1a: Ursaring|Body Slam|p2a: Minior|[from]move: Sleep Talk\n|-resisted|p2a: Minior\n|-damage|p2a: Minior|149/224\n|move|p2a: Minior|Shell Smash|p2a: Minior\n|-unboost|p2a: Minior|def|1\n|-unboost|p2a: Minior|spd|1\n|-boost|p2a: Minior|atk|2\n|-boost|p2a: Minior|spa|2\n|-boost|p2a: Minior|spe|2\n|-enditem|p2a: Minior|White Herb\n|-clearnegativeboost|p2a: Minior|[silent]\n|\n|upkeep\n|turn|11\n|\n|t:|1733802512\n|move|p2a: Minior|Acrobatics|p1a: Ursaring\n|-damage|p1a: Ursaring|0 fnt\n|faint|p1a: Ursaring\n|\n|upkeep\n|\n|t:|1733802521\n|switch|p1a: Dondozo|Dondozo, L78, F|362/362\n|turn|12\n|\n|t:|1733802543\n|move|p2a: Minior|Acrobatics|p1a: Dondozo\n|-damage|p1a: Dondozo|296/362\n|move|p1a: Dondozo|Wave Crash|p2a: Minior\n|-supereffective|p2a: Minior\n|-damage|p2a: Minior|0 fnt\n|faint|p2a: Minior\n|-damage|p1a: Dondozo|247/362|[from] Recoil\n|\n|-heal|p1a: Dondozo|269/362|[from] item: Leftovers\n|upkeep\n|\n|t:|1733802547\n|switch|p2a: Flutter Mane|Flutter Mane, L74|203/203\n|turn|13\n|\n|t:|1733802568\n|switch|p1a: Gastrodon|Gastrodon-East, L86, F|331/331\n|move|p2a: Flutter Mane|Thunderbolt|p1a: Gastrodon\n|-immune|p1a: Gastrodon\n|\n|upkeep\n|turn|14\n|\n|t:|1733802575\n|-end|p2a: Flutter Mane|Protosynthesis|[silent]\n|switch|p2a: Vileplume|Vileplume, L85, F|266/266\n|move|p1a: Gastrodon|Stealth Rock|p2a: Vileplume\n|-sidestart|p2: crackasarethedevil|move: Stealth Rock\n|\n|upkeep\n|turn|15\n|\n|t:|1733802585\n|switch|p1a: Dondozo|Dondozo, L78, F|269/362\n|move|p2a: Vileplume|Sleep Powder|p1a: Dondozo\n|-status|p1a: Dondozo|slp|[from] move: Sleep Powder\n|\n|-heal|p1a: Dondozo|291/362 slp|[from] item: Leftovers\n|upkeep\n|turn|16\n|\n|t:|1733802591\n|-terastallize|p1a: Dondozo|Fairy\n|move|p2a: Vileplume|Giga Drain|p1a: Dondozo\n|-damage|p1a: Dondozo|165/362 slp\n|cant|p1a: Dondozo|slp\n|move|p1a: Dondozo|Sleep Talk|p1a: Dondozo\n|move|p1a: Dondozo|Wave Crash|p2a: Vileplume|[from]move: Sleep Talk\n|-resisted|p2a: Vileplume\n|-damage|p2a: Vileplume|212/266\n|-damage|p1a: Dondozo|147/362 slp|[from] Recoil\n|\n|-heal|p2a: Vileplume|228/266|[from] item: Leftovers\n|-heal|p1a: Dondozo|169/362 slp|[from] item: Leftovers\n|upkeep\n|turn|17\n|\n|t:|1733802598\n|move|p2a: Vileplume|Sludge Bomb|p1a: Dondozo\n|-supereffective|p1a: Dondozo\n|-crit|p1a: Dondozo\n|-damage|p1a: Dondozo|0 fnt\n|faint|p1a: Dondozo\n|\n|-heal|p2a: Vileplume|244/266|[from] item: Leftovers\n|upkeep\n|\n|t:|1733802609\n|switch|p1a: Lugia|Lugia, L72|272/272\n|turn|18\n|inactive|crackasarethedevil has 120 seconds left.\n|\n|t:|1733802642\n|move|p1a: Lugia|Aeroblast|p2a: Vileplume\n|-supereffective|p2a: Vileplume\n|-damage|p2a: Vileplume|86/266\n|move|p2a: Vileplume|Sleep Powder|p1a: Lugia\n|-status|p1a: Lugia|slp|[from] move: Sleep Powder\n|\n|-heal|p2a: Vileplume|102/266|[from] item: Leftovers\n|upkeep\n|turn|19\n|\n|t:|1733802658\n|switch|p1a: Iron Valiant|Iron Valiant, L78|244/244\n|move|p2a: Vileplume|Strength Sap|p1a: Iron Valiant\n|-unboost|p1a: Iron Valiant|atk|1\n|-heal|p2a: Vileplume|266/266\n|\n|upkeep\n|turn|20\n|\n|t:|1733802664\n|move|p1a: Iron Valiant|Psychic|p2a: Vileplume\n|-supereffective|p2a: Vileplume\n|-damage|p2a: Vileplume|89/266\n|-damage|p1a: Iron Valiant|220/244|[from] item: Life Orb\n|move|p2a: Vileplume|Sludge Bomb|p1a: Iron Valiant\n|-supereffective|p1a: Iron Valiant\n|-damage|p1a: Iron Valiant|0 fnt\n|faint|p1a: Iron Valiant\n|-end|p1a: Iron Valiant|Quark Drive|[silent]\n|\n|-heal|p2a: Vileplume|105/266|[from] item: Leftovers\n|upkeep\n|\n|t:|1733802673\n|switch|p1a: Misdreavus|Misdreavus, L90, F|83/254\n|turn|21\n|\n|t:|1733802679\n|move|p1a: Misdreavus|Shadow Ball|p2a: Vileplume\n|-damage|p2a: Vileplume|23/266\n|move|p2a: Vileplume|Sludge Bomb|p1a: Misdreavus\n|-resisted|p1a: Misdreavus\n|-damage|p1a: Misdreavus|48/254\n|\n|-heal|p2a: Vileplume|39/266|[from] item: Leftovers\n|upkeep\n|turn|22\n|\n|t:|1733802684\n|move|p1a: Misdreavus|Shadow Ball|p2a: Vileplume\n|-damage|p2a: Vileplume|0 fnt\n|faint|p2a: Vileplume\n|\n|upkeep\n|\n|t:|1733802690\n|switch|p2a: Delibird|Delibird, M|252/252\n|turn|23\n|\n|t:|1733802696\n|move|p2a: Delibird|Brave Bird|p1a: Misdreavus|[miss]\n|-miss|p2a: Delibird|p1a: Misdreavus\n|move|p1a: Misdreavus|Shadow Ball|p2a: Delibird\n|-damage|p2a: Delibird|134/252\n|-unboost|p2a: Delibird|spd|1\n|\n|upkeep\n|turn|24\n|\n|t:|1733802700\n|move|p2a: Delibird|Brave Bird|p1a: Misdreavus\n|-damage|p1a: Misdreavus|0 fnt\n|faint|p1a: Misdreavus\n|-damage|p2a: Delibird|118/252|[from] Recoil\n|\n|upkeep\n|\n|t:|1733802708\n|switch|p1a: Gastrodon|Gastrodon-East, L86, F|331/331\n|turn|25\n|\n|t:|1733802719\n|move|p2a: Delibird|Brave Bird|p1a: Gastrodon\n|-damage|p1a: Gastrodon|102/331\n|-damage|p2a: Delibird|42/252|[from] Recoil\n|move|p1a: Gastrodon|Sludge Bomb|p2a: Delibird\n|-damage|p2a: Delibird|0 fnt\n|faint|p2a: Delibird\n|\n|-heal|p1a: Gastrodon|122/331|[from] item: Leftovers\n|upkeep\n|\n|t:|1733802725\n|switch|p2a: Flutter Mane|Flutter Mane, L74|203/203\n|-damage|p2a: Flutter Mane|178/203|[from] Stealth Rock\n|turn|26\n|\n|t:|1733802740\n|-terastallize|p2a: Flutter Mane|Fairy\n|move|p2a: Flutter Mane|Shadow Ball|p1a: Gastrodon\n|-crit|p1a: Gastrodon\n|-damage|p1a: Gastrodon|0 fnt\n|faint|p1a: Gastrodon\n|\n|upkeep\n|\n|t:|1733802751\n|switch|p1a: Lugia|Lugia, L72|272/272 slp\n|turn|27\n|\n|t:|1733802754\n|move|p2a: Flutter Mane|Shadow Ball|p1a: Lugia\n|-supereffective|p1a: Lugia\n|-damage|p1a: Lugia|169/272 slp\n|cant|p1a: Lugia|slp\n|\n|upkeep\n|turn|28\n|\n|t:|1733802762\n|move|p2a: Flutter Mane|Shadow Ball|p1a: Lugia\n|-supereffective|p1a: Lugia\n|-damage|p1a: Lugia|0 fnt\n|faint|p1a: Lugia\n|\n|win|crackasarethedevil\n|raw|Dogtooth69's rating: 1263 &rarr; <strong>1236</strong><br />(-27 for losing)\n|raw|crackasarethedevil's rating: 1229 &rarr; <strong>1256</strong><br />(+27 for winning)\n", "inputlog": ">version bfd83cad13791eb5a5a409923076391caf6fb4d4\n>start {\"formatid\":\"gen9randombattle\",\"seed\":[4884,56876,42281,30510],\"rated\":\"Rated battle\"}\n>player p1 {\"name\":\"Dogtooth69\",\"avatar\":\"giovanni\",\"rating\":1263,\"seed\":[7998,33113,35204,40679]}\n>player p2 {\"name\":\"crackasarethedevil\",\"avatar\":\"lenora\",\"rating\":1229,\"seed\":[16525,27299,5079,16876]}\n>p1 move earthquake\n>p2 move sleeppowder\n>p1 switch 5\n>p2 move strengthsap\n>p1 move calmmind\n>p2 move sludgebomb\n>p1 move shadowball\n>p2 switch 5\n>p1 move shadowball\n>p2 move ironhead\n>p1 move shadowball\n>p2 move ironhead\n>p2 switch 2\n>p1 move drainingkiss\n>p2 move dragontail\n>p1 move sleeptalk\n>p2 move blueflare\n>p1 move sleeptalk\n>p2 move blueflare\n>p2 switch 3\n>chat \u2606Dogtooth69|lmao\n>p1 move sleeptalk\n>p2 move shellsmash\n>p1 move sleeptalk\n>p2 move acrobatics\n>p1 switch 4\n>p1 move wavecrash\n>p2 move acrobatics\n>p2 switch 6\n>p1 switch 6\n>p2 move thunderbolt\n>p1 move stealthrock\n>p2 switch 5\n>p1 switch 6\n>p2 move sleeppowder\n>p1 move sleeptalk terastallize\n>p2 move gigadrain\n>p1 move sleeptalk\n>p2 move sludgebomb\n>p1 switch 2\n>p1 move aeroblast\n>p2 move sleeppowder\n>p1 switch 3\n>p2 move strengthsap\n>p1 move psychic\n>p2 move sludgebomb\n>p1 switch 5\n>p1 move shadowball\n>p2 move sludgebomb\n>p1 move shadowball\n>p2 move sludgebomb\n>p2 switch 4\n>p1 move shadowball\n>p2 move bravebird\n>p1 move shadowball\n>p2 move bravebird\n>p1 switch 6\n>p1 move sludgebomb\n>p2 move bravebird\n>p2 switch 5\n>p1 move recover\n>p2 move shadowball terastallize\n>p1 switch 3\n>p1 move earthpower\n>p2 move shadowball\n>p1 move recover\n>p2 move shadowball", "uploadtime": 1733802764, "views": 17, "formatid": "gen9randombattle", "rating": 1236, "private": 0, "password": null}