{"id": "gen9randombattle-2244032432", "format": "[Gen 9] Random Battle", "players": ["Iceman8911", "Wakandius_PMSD"], "log": "|j|\u2606Iceman8911\n|j|\u2606Wakandius_PMSD\n|t:|1731623350\n|gametype|singles\n|player|p1|Iceman8911|plasmagrunt|2291\n|player|p2|Wakandius_PMSD|2|2234\n|teamsize|p1|6\n|teamsize|p2|6\n|gen|9\n|tier|[Gen 9] Random Battle\n|rated|\n|rule|Species Clause: Limit one of each Pok\u00e9mon\n|rule|HP Percentage Mod: HP is shown in percentages\n|rule|Sleep Clause Mod: Limit one foe put to sleep\n|rule|Illusion Level Mod: Illusion disguises the Pok\u00e9mon's true level\n|\n|t:|1731623350\n|start\n|switch|p1a: Araquanid|Araquanid, L82, M|246/246\n|switch|p2a: Mamoswine|Mamoswine, L81, M|311/311\n|turn|1\n|inactive|Battle timer is ON: inactive players will automatically lose when time's up. (requested by Wakandius_PMSD)\n|inactive|Iceman8911 has 120 seconds left.\n|\n|t:|1731623395\n|switch|p2a: Toxicroak|Toxicroak, L84, F|277/277\n|move|p1a: Araquanid|Liquidation|p2a: Toxicroak\n|-immune|p2a: Toxicroak|[from] ability: Dry Skin\n|\n|upkeep\n|turn|2\n|\n|t:|1731623402\n|move|p2a: Toxicroak|Gunk Shot|p1a: Araquanid\n|-damage|p1a: Araquanid|53/246\n|move|p1a: Araquanid|Sticky Web|p2a: Toxicroak\n|-sidestart|p2: Wakandius_PMSD|move: Sticky Web\n|\n|upkeep\n|turn|3\n|\n|t:|1731623409\n|switch|p1a: Solgaleo|Solgaleo, L74|325/325\n|move|p2a: Toxicroak|Gunk Shot|p1a: Solgaleo\n|-immune|p1a: Solgaleo\n|\n|upkeep\n|turn|4\n|\n|t:|1731623414\n|switch|p2a: Torkoal|Torkoal, L88, F|266/266\n|-weather|SunnyDay|[from] ability: Drought|[of] p2a: Torkoal\n|move|p1a: Solgaleo|Knock Off|p2a: Torkoal\n|-damage|p2a: Torkoal|222/266\n|-enditem|p2a: Torkoal|Heavy-Duty Boots|[from] move: Knock Off|[of] p1a: Solgaleo\n|\n|-weather|SunnyDay|[upkeep]\n|upkeep\n|turn|5\n|\n|t:|1731623423\n|move|p1a: Solgaleo|Close Combat|p2a: Torkoal\n|-damage|p2a: Torkoal|166/266\n|-unboost|p1a: Solgaleo|def|1\n|-unboost|p1a: Solgaleo|spd|1\n|move|p2a: Torkoal|Rapid Spin|p1a: Solgaleo\n|-resisted|p1a: Solgaleo\n|-damage|p1a: Solgaleo|301/325\n|-boost|p2a: Torkoal|spe|1\n|-sideend|p2: Wakandius_PMSD|Sticky Web|[from] move: Rapid Spin|[of] p2a: Torkoal\n|\n|-weather|SunnyDay|[upkeep]\n|-heal|p1a: Solgaleo|321/325|[from] item: Leftovers\n|upkeep\n|turn|6\n|\n|t:|1731623430\n|switch|p1a: Manaphy|Manaphy, L78|284/284\n|move|p2a: Torkoal|Rapid Spin|p1a: Manaphy\n|-damage|p1a: Manaphy|249/284\n|-boost|p2a: Torkoal|spe|1\n|\n|-weather|SunnyDay|[upkeep]\n|-heal|p1a: Manaphy|266/284|[from] item: Leftovers\n|upkeep\n|turn|7\n|\n|t:|1731623442\n|move|p1a: Manaphy|Surf|p2a: Torkoal\n|-supereffective|p2a: Torkoal\n|-damage|p2a: Torkoal|80/266\n|move|p2a: Torkoal|Solar Beam||[still]\n|-prepare|p2a: Torkoal|Solar Beam\n|-anim|p2a: Torkoal|Solar Beam|p1a: Manaphy\n|-supereffective|p1a: Manaphy\n|-damage|p1a: Manaphy|86/284\n|\n|-weather|SunnyDay|[upkeep]\n|-heal|p1a: Manaphy|103/284|[from] item: Leftovers\n|upkeep\n|turn|8\n|\n|t:|1731623449\n|switch|p2a: Sceptile|Sceptile, L87, M|264/264\n|move|p1a: Manaphy|Surf|p2a: Sceptile\n|-resisted|p2a: Sceptile\n|-damage|p2a: Sceptile|243/264\n|\n|-weather|none\n|-heal|p2a: Sceptile|259/264|[from] item: Leftovers\n|-heal|p1a: Manaphy|120/284|[from] item: Leftovers\n|upkeep\n|turn|9\n|\n|t:|1731623457\n|switch|p1a: Gogoat|Gogoat, L88, F|360/360\n|move|p2a: Sceptile|Substitute|p2a: Sceptile\n|-start|p2a: Sceptile|Substitute\n|-damage|p2a: Sceptile|193/264\n|\n|-heal|p2a: Sceptile|209/264|[from] item: Leftovers\n|upkeep\n|turn|10\n|\n|t:|1731623466\n|switch|p2a: Mamoswine|Mamoswine, L81, M|311/311\n|move|p1a: Gogoat|Earthquake|p2a: Mamoswine\n|-damage|p2a: Mamoswine|221/311\n|\n|upkeep\n|turn|11\n|\n|t:|1731623473\n|switch|p1a: Manaphy|Manaphy, L78|120/284\n|move|p2a: Mamoswine|Icicle Crash|p1a: Manaphy\n|-resisted|p1a: Manaphy\n|-crit|p1a: Manaphy\n|-damage|p1a: Manaphy|3/284\n|\n|-heal|p1a: Manaphy|20/284|[from] item: Leftovers\n|upkeep\n|turn|12\n|\n|t:|1731623479\n|switch|p2a: Sceptile|Sceptile, L87, M|209/264\n|move|p1a: Manaphy|Ice Beam|p2a: Sceptile\n|-supereffective|p2a: Sceptile\n|-damage|p2a: Sceptile|105/264\n|\n|-heal|p2a: Sceptile|121/264|[from] item: Leftovers\n|-heal|p1a: Manaphy|37/284|[from] item: Leftovers\n|upkeep\n|turn|13\n|\n|t:|1731623486\n|move|p2a: Sceptile|Focus Blast|p1a: Manaphy\n|-damage|p1a: Manaphy|0 fnt\n|faint|p1a: Manaphy\n|\n|-heal|p2a: Sceptile|137/264|[from] item: Leftovers\n|upkeep\n|\n|t:|1731623495\n|switch|p1a: Gogoat|Gogoat, L88, F|360/360\n|turn|14\n|\n|t:|1731623501\n|switch|p2a: Toxicroak|Toxicroak, L84, F|277/277\n|move|p1a: Gogoat|Earthquake|p2a: Toxicroak\n|-supereffective|p2a: Toxicroak\n|-crit|p2a: Toxicroak\n|-damage|p2a: Toxicroak|0 fnt\n|faint|p2a: Toxicroak\n|\n|upkeep\n|\n|t:|1731623504\n|switch|p2a: Mamoswine|Mamoswine, L81, M|221/311\n|turn|15\n|\n|t:|1731623520\n|switch|p1a: Araquanid|Araquanid, L82, M|53/246\n|move|p2a: Mamoswine|Knock Off|p1a: Araquanid\n|-damage|p1a: Araquanid|0 fnt\n|-enditem|p1a: Araquanid|Heavy-Duty Boots|[from] move: Knock Off|[of] p2a: Mamoswine\n|faint|p1a: Araquanid\n|\n|upkeep\n|\n|t:|1731623527\n|switch|p1a: Solgaleo|Solgaleo, L74|321/325\n|turn|16\n|\n|t:|1731623536\n|switch|p2a: Volcanion|Volcanion, L79|255/255\n|move|p1a: Solgaleo|Sunsteel Strike|p2a: Volcanion\n|-resisted|p2a: Volcanion\n|-damage|p2a: Volcanion|234/255\n|\n|-heal|p1a: Solgaleo|325/325|[from] item: Leftovers\n|upkeep\n|turn|17\n|\n|t:|1731623543\n|switch|p1a: Muk|Muk, L86, M|321/321\n|move|p2a: Volcanion|Flame Charge|p1a: Muk\n|-damage|p1a: Muk|263/321\n|-boost|p2a: Volcanion|spe|1\n|\n|upkeep\n|turn|18\n|\n|t:|1731623552\n|switch|p2a: Torkoal|Torkoal, L88, F|80/266\n|-weather|SunnyDay|[from] ability: Drought|[of] p2a: Torkoal\n|move|p1a: Muk|Knock Off|p2a: Torkoal\n|-damage|p2a: Torkoal|48/266\n|\n|-weather|SunnyDay|[upkeep]\n|upkeep\n|turn|19\n|\n|t:|1731623556\n|move|p1a: Muk|Gunk Shot|p2a: Torkoal\n|-damage|p2a: Torkoal|0 fnt\n|faint|p2a: Torkoal\n|\n|-weather|SunnyDay|[upkeep]\n|upkeep\n|\n|t:|1731623563\n|switch|p2a: Meloetta|Meloetta, L82|298/298\n|turn|20\n|\n|t:|1731623570\n|switch|p1a: Solgaleo|Solgaleo, L74|325/325\n|move|p2a: Meloetta|Relic Song|p1a: Solgaleo\n|-resisted|p1a: Solgaleo\n|-damage|p1a: Solgaleo|260/325\n|-formechange|p2a: Meloetta|Meloetta-Pirouette|[msg]\n|-damage|p2a: Meloetta|269/298|[from] item: Life Orb\n|\n|-weather|SunnyDay|[upkeep]\n|-heal|p1a: Solgaleo|280/325|[from] item: Leftovers\n|upkeep\n|turn|21\n|\n|t:|1731623580\n|move|p2a: Meloetta|Knock Off|p1a: Solgaleo\n|-supereffective|p1a: Solgaleo\n|-damage|p1a: Solgaleo|56/325\n|-enditem|p1a: Solgaleo|Leftovers|[from] move: Knock Off|[of] p2a: Meloetta\n|-damage|p2a: Meloetta|240/298|[from] item: Life Orb\n|move|p1a: Solgaleo|Close Combat|p2a: Meloetta\n|-supereffective|p2a: Meloetta\n|-damage|p2a: Meloetta|80/298\n|-unboost|p1a: Solgaleo|def|1\n|-unboost|p1a: Solgaleo|spd|1\n|\n|-weather|SunnyDay|[upkeep]\n|upkeep\n|turn|22\n|\n|t:|1731623584\n|move|p2a: Meloetta|Knock Off|p1a: Solgaleo\n|-supereffective|p1a: Solgaleo\n|-damage|p1a: Solgaleo|0 fnt\n|faint|p1a: Solgaleo\n|-damage|p2a: Meloetta|51/298|[from] item: Life Orb\n|\n|-weather|none\n|upkeep\n|\n|t:|1731623588\n|switch|p1a: Rhyperior|Rhyperior, L82, M|323/323\n|turn|23\n|\n|t:|1731623594\n|move|p2a: Meloetta|Close Combat|p1a: Rhyperior\n|-supereffective|p1a: Rhyperior\n|-damage|p1a: Rhyperior|93/323\n|-unboost|p2a: Meloetta|def|1\n|-unboost|p2a: Meloetta|spd|1\n|-enditem|p1a: Rhyperior|Weakness Policy\n|-boost|p1a: Rhyperior|atk|2|[from] item: Weakness Policy\n|-boost|p1a: Rhyperior|spa|2|[from] item: Weakness Policy\n|-damage|p2a: Meloetta|22/298|[from] item: Life Orb\n|move|p1a: Rhyperior|Earthquake|p2a: Meloetta\n|-damage|p2a: Meloetta|0 fnt\n|faint|p2a: Meloetta\n|\n|upkeep\n|\n|t:|1731623604\n|switch|p2a: Volcanion|Volcanion, L79|234/255\n|turn|24\n|\n|t:|1731623609\n|move|p2a: Volcanion|Earth Power|p1a: Rhyperior\n|-supereffective|p1a: Rhyperior\n|-damage|p1a: Rhyperior|0 fnt\n|faint|p1a: Rhyperior\n|\n|upkeep\n|\n|t:|1731623615\n|switch|p1a: Muk|Muk, L86, M|263/321\n|turn|25\n|\n|t:|1731623622\n|switch|p2a: Sceptile|Sceptile, L87, M|137/264\n|move|p1a: Muk|Knock Off|p2a: Sceptile\n|-damage|p2a: Sceptile|52/264\n|-enditem|p2a: Sceptile|Leftovers|[from] move: Knock Off|[of] p1a: Muk\n|\n|upkeep\n|turn|26\n|\n|t:|1731623637\n|switch|p2a: Mamoswine|Mamoswine, L81, M|221/311\n|move|p1a: Muk|Knock Off|p2a: Mamoswine\n|-damage|p2a: Mamoswine|137/311\n|-enditem|p2a: Mamoswine|Choice Band|[from] move: Knock Off|[of] p1a: Muk\n|\n|upkeep\n|turn|27\n|j| FloSoup\n|\n|t:|1731623642\n|move|p1a: Muk|Shadow Sneak|p2a: Mamoswine\n|-damage|p2a: Mamoswine|101/311\n|move|p2a: Mamoswine|Earthquake|p1a: Muk\n|-supereffective|p1a: Muk\n|-damage|p1a: Muk|0 fnt\n|faint|p1a: Muk\n|\n|upkeep\n|\n|t:|1731623645\n|switch|p1a: Gogoat|Gogoat, L88, F|360/360\n|turn|28\n|\n|t:|1731623650\n|-terastallize|p1a: Gogoat|Water\n|move|p2a: Mamoswine|Knock Off|p1a: Gogoat\n|-damage|p1a: Gogoat|252/360\n|-enditem|p1a: Gogoat|Leftovers|[from] move: Knock Off|[of] p2a: Mamoswine\n|move|p1a: Gogoat|Bulk Up|p1a: Gogoat\n|-boost|p1a: Gogoat|atk|1\n|-boost|p1a: Gogoat|def|1\n|\n|upkeep\n|turn|29\n|\n|t:|1731623654\n|move|p2a: Mamoswine|Earthquake|p1a: Gogoat\n|-damage|p1a: Gogoat|150/360\n|move|p1a: Gogoat|Bulk Up|p1a: Gogoat\n|-boost|p1a: Gogoat|atk|1\n|-boost|p1a: Gogoat|def|1\n|\n|upkeep\n|turn|30\n|\n|t:|1731623670\n|-terastallize|p2a: Mamoswine|Ground\n|move|p2a: Mamoswine|Earthquake|p1a: Gogoat\n|-damage|p1a: Gogoat|44/360\n|move|p1a: Gogoat|Milk Drink|p1a: Gogoat\n|-heal|p1a: Gogoat|224/360\n|\n|upkeep\n|turn|31\n|\n|t:|1731623678\n|move|p2a: Mamoswine|Earthquake|p1a: Gogoat\n|-damage|p1a: Gogoat|130/360\n|move|p1a: Gogoat|Milk Drink|p1a: Gogoat\n|-heal|p1a: Gogoat|310/360\n|\n|upkeep\n|turn|32\n|\n|t:|1731623683\n|move|p2a: Mamoswine|Earthquake|p1a: Gogoat\n|-damage|p1a: Gogoat|206/360\n|move|p1a: Gogoat|Horn Leech|p2a: Mamoswine\n|-supereffective|p2a: Mamoswine\n|-damage|p2a: Mamoswine|0 fnt\n|-heal|p1a: Gogoat|257/360|[from] drain|[of] p2a: Mamoswine\n|faint|p2a: Mamoswine\n|\n|upkeep\n|\n|t:|1731623686\n|switch|p2a: Volcanion|Volcanion, L79|234/255\n|turn|33\n|\n|t:|1731623690\n|move|p1a: Gogoat|Horn Leech|p2a: Volcanion\n|-damage|p2a: Volcanion|83/255\n|-heal|p1a: Gogoat|333/360|[from] drain|[of] p2a: Volcanion\n|move|p2a: Volcanion|Flame Charge|p1a: Gogoat\n|-resisted|p1a: Gogoat\n|-damage|p1a: Gogoat|318/360\n|-boost|p2a: Volcanion|spe|1\n|\n|upkeep\n|turn|34\n|\n|t:|1731623697\n|move|p2a: Volcanion|Steam Eruption|p1a: Gogoat\n|-resisted|p1a: Gogoat\n|-damage|p1a: Gogoat|246/360\n|-status|p1a: Gogoat|brn\n|move|p1a: Gogoat|Horn Leech|p2a: Volcanion\n|-damage|p2a: Volcanion|7/255\n|-heal|p1a: Gogoat|284/360 brn|[from] drain|[of] p2a: Volcanion\n|\n|-damage|p1a: Gogoat|262/360 brn|[from] brn\n|upkeep\n|turn|35\n|c|\u2606Iceman8911|Gg\n|\n|t:|1731623703\n|move|p2a: Volcanion|Earth Power|p1a: Gogoat\n|-damage|p1a: Gogoat|187/360 brn\n|move|p1a: Gogoat|Milk Drink|p1a: Gogoat\n|-heal|p1a: Gogoat|360/360 brn\n|\n|-damage|p1a: Gogoat|338/360 brn|[from] brn\n|upkeep\n|turn|36\n|\n|t:|1731623706\n|move|p2a: Volcanion|Earth Power|p1a: Gogoat\n|-damage|p1a: Gogoat|267/360 brn\n|move|p1a: Gogoat|Horn Leech|p2a: Volcanion\n|-damage|p2a: Volcanion|0 fnt\n|-heal|p1a: Gogoat|271/360 brn|[from] drain|[of] p2a: Volcanion\n|faint|p2a: Volcanion\n|\n|-damage|p1a: Gogoat|249/360 brn|[from] brn\n|upkeep\n|\n|t:|1731623709\n|switch|p2a: Sceptile|Sceptile, L87, M|52/264\n|turn|37\n|\n|t:|1731623712\n|move|p2a: Sceptile|Focus Blast|p1a: Gogoat|[miss]\n|-miss|p2a: Sceptile|p1a: Gogoat\n|move|p1a: Gogoat|Horn Leech|p2a: Sceptile\n|-resisted|p2a: Sceptile\n|-damage|p2a: Sceptile|0 fnt\n|-heal|p1a: Gogoat|275/360 brn|[from] drain|[of] p2a: Sceptile\n|faint|p2a: Sceptile\n|\n|win|Iceman8911\n|raw|Iceman8911's rating: 2291 &rarr; <strong>2308</strong><br />(+17 for winning)\n|raw|Wakandius_PMSD's rating: 2234 &rarr; <strong>2217</strong><br />(-17 for losing)\n|l|\u2606Wakandius_PMSD\n|player|p2|\n", "inputlog": ">version 48604a2341c6e7bec58958c0f00ddbd3a745b6d0\n>start {\"formatid\":\"gen9randombattle\",\"seed\":[53939,34629,57427,19738],\"rated\":\"Rated battle\"}\n>player p1 {\"name\":\"Iceman8911\",\"avatar\":\"plasmagrunt\",\"rating\":2291,\"seed\":[37324,41246,13669,28782]}\n>player p2 {\"name\":\"Wakandius_PMSD\",\"avatar\":\"2\",\"rating\":2234,\"seed\":[4602,31817,1654,35249]}\n>p1 move liquidation\n>p2 switch 3\n>p1 move stickyweb\n>p2 move gunkshot\n>p1 switch 2\n>p2 move gunkshot\n>p1 move knockoff\n>p2 switch 5\n>p1 move closecombat\n>p2 move rapidspin\n>p1 switch 4\n>p2 move rapidspin\n>p1 move surf\n>p2 move solarbeam\n>p1 move surf\n>p2 switch 2\n>p1 switch 3\n>p2 move substitute\n>p1 move earthquake\n>p2 switch 3\n>p1 switch 3\n>p2 move iciclecrash\n>p1 move icebeam\n>p2 switch 3\n>p1 move icebeam\n>p2 move focusblast\n>p1 switch 3\n>p1 move earthquake\n>p2 switch 5\n>p2 switch 3\n>p1 switch 2\n>p2 move knockoff\n>p1 switch 4\n>p1 move sunsteelstrike\n>p2 switch 6\n>p1 switch 5\n>p2 move flamecharge\n>p1 move knockoff\n>p2 switch 2\n>p1 move gunkshot\n>p2 move lavaplume\n>p2 switch 4\n>p1 switch 5\n>p2 move relicsong\n>p1 move closecombat\n>p2 move knockoff\n>p1 move closecombat\n>p2 move knockoff\n>p1 switch 6\n>p1 move earthquake\n>p2 move closecombat\n>p2 switch 2\n>p1 move earthquake\n>p2 move earthpower\n>p1 switch 5\n>p1 move knockoff\n>p2 switch 5\n>p1 move knockoff\n>p2 switch 6\n>p1 move shadowsneak\n>p2 move earthquake\n>p1 switch 2\n>p1 move bulkup terastallize\n>p2 move knockoff\n>p1 move bulkup\n>p2 move earthquake\n>p1 move milkdrink\n>p2 move earthquake terastallize\n>p1 move milkdrink\n>p2 move earthquake\n>p1 move hornleech\n>p2 move earthquake\n>p2 switch 5\n>p1 move hornleech\n>p2 move flamecharge\n>p1 move hornleech\n>p2 move steameruption\n>chat \u2606Iceman8911|Gg\n>p1 move milkdrink\n>p2 move earthpower\n>p1 move hornleech\n>p2 move earthpower\n>p2 switch 6\n>p1 move hornleech\n>p2 move focusblast", "uploadtime": 1731623723, "views": 33, "formatid": "gen9randombattle", "rating": 2217, "private": 0, "password": null}