{"id": "gen9randombattle-2260577629", "format": "[Gen 9] Random Battle", "players": ["Poscidion", "thelogicpt"], "log": "|j|\u203dPoscidion\n|j|\u2606thelogicpt\n|t:|1733865422\n|gametype|singles\n|player|p1|Poscidion|102|1505\n|player|p2|thelogicpt|266|1491\n|teamsize|p1|6\n|teamsize|p2|6\n|gen|9\n|tier|[Gen 9] Random Battle\n|rated|\n|rule|Species Clause: Limit one of each Pok\u00e9mon\n|rule|HP Percentage Mod: HP is shown in percentages\n|rule|Sleep Clause Mod: Limit one foe put to sleep\n|rule|Illusion Level Mod: Illusion disguises the Pok\u00e9mon's true level\n|\n|t:|1733865422\n|start\n|switch|p1a: Flygon|Flygon, L82, F|265/265\n|switch|p2a: Minun|Minun, L95, F|268/268\n|turn|1\n|inactive|Battle timer is ON: inactive players will automatically lose when time's up. (requested by thelogicpt)\n|\n|t:|1733865444\n|move|p2a: Minun|Alluring Voice|p1a: Flygon\n|-supereffective|p1a: Flygon\n|-damage|p1a: Flygon|101/265\n|-damage|p2a: Minun|242/268|[from] item: Life Orb\n|move|p1a: Flygon|Earthquake|p2a: Minun\n|-supereffective|p2a: Minun\n|-damage|p2a: Minun|0 fnt\n|faint|p2a: Minun\n|\n|upkeep\n|\n|t:|1733865468\n|switch|p2a: Primarina|Primarina, L83, M|268/268\n|turn|2\n|\n|t:|1733865475\n|switch|p1a: Tentacruel|Tentacruel, L84, F|272/272\n|move|p2a: Primarina|Moonblast|p1a: Tentacruel\n|-resisted|p1a: Tentacruel\n|-damage|p1a: Tentacruel|221/272\n|\n|upkeep\n|turn|3\n|\n|t:|1733865480\n|switch|p2a: Munkidori|Munkidori, L79, M|269/269\n|move|p1a: Tentacruel|Knock Off|p2a: Munkidori\n|-supereffective|p2a: Munkidori\n|-damage|p2a: Munkidori|123/269\n|-enditem|p2a: Munkidori|Assault Vest|[from] move: Knock Off|[of] p1a: Tentacruel\n|\n|upkeep\n|turn|4\n|\n|t:|1733865497\n|switch|p1a: Girafarig|Girafarig, L89, M|269/269\n|move|p2a: Munkidori|Psychic Noise|p1a: Girafarig\n|-resisted|p1a: Girafarig\n|-damage|p1a: Girafarig|235/269\n|-start|p1a: Girafarig|move: Heal Block\n|\n|upkeep\n|turn|5\n|\n|t:|1733865504\n|move|p2a: Munkidori|U-turn|p1a: Girafarig\n|-supereffective|p1a: Girafarig\n|-damage|p1a: Girafarig|177/269\n|\n|t:|1733865509\n|switch|p2a: Azelf|Azelf, L82|257/257|[from] U-turn\n|move|p1a: Girafarig|Psyshock|p2a: Azelf\n|-resisted|p2a: Azelf\n|-damage|p2a: Azelf|207/257\n|\n|-end|p1a: Girafarig|move: Heal Block\n|upkeep\n|turn|6\n|\n|t:|1733865523\n|move|p2a: Azelf|U-turn|p1a: Girafarig\n|-supereffective|p1a: Girafarig\n|-damage|p1a: Girafarig|79/269\n|\n|t:|1733865526\n|switch|p2a: Munkidori|Munkidori, L79, M|123/269|[from] U-turn\n|move|p1a: Girafarig|Nasty Plot|p1a: Girafarig\n|-boost|p1a: Girafarig|spa|2\n|\n|upkeep\n|turn|7\n|\n|t:|1733865535\n|move|p2a: Munkidori|Fake Out|p1a: Girafarig\n|-damage|p1a: Girafarig|61/269\n|cant|p1a: Girafarig|flinch\n|\n|upkeep\n|turn|8\n|\n|t:|1733865537\n|move|p2a: Munkidori|U-turn|p1a: Girafarig\n|-supereffective|p1a: Girafarig\n|-damage|p1a: Girafarig|1/269\n|-status|p1a: Girafarig|tox|[from] ability: Toxic Chain|[of] p2a: Munkidori\n|\n|t:|1733865552\n|switch|p2a: Regice|Regice, L88|284/284|[from] U-turn\n|move|p1a: Girafarig|Psyshock|p2a: Regice\n|-damage|p2a: Regice|122/284\n|\n|-damage|p1a: Girafarig|0 fnt|[from] psn\n|faint|p1a: Girafarig\n|upkeep\n|\n|t:|1733865565\n|switch|p1a: Heatran|Heatran, L79, M|273/273\n|-item|p1a: Heatran|Air Balloon\n|turn|9\n|\n|t:|1733865572\n|switch|p2a: Primarina|Primarina, L83, M|268/268\n|move|p1a: Heatran|Stealth Rock|p2a: Primarina\n|-sidestart|p2: thelogicpt|move: Stealth Rock\n|\n|upkeep\n|turn|10\n|\n|t:|1733865579\n|switch|p1a: Tentacruel|Tentacruel, L84, F|221/272\n|move|p2a: Primarina|Flip Turn|p1a: Tentacruel\n|-resisted|p1a: Tentacruel\n|-damage|p1a: Tentacruel|188/272\n|\n|t:|1733865582\n|switch|p2a: Munkidori|Munkidori, L79, M|123/269|[from] Flip Turn\n|-damage|p2a: Munkidori|90/269|[from] Stealth Rock\n|\n|upkeep\n|turn|11\n|\n|t:|1733865589\n|move|p1a: Tentacruel|Knock Off|p2a: Munkidori\n|-supereffective|p2a: Munkidori\n|-damage|p2a: Munkidori|0 fnt\n|faint|p2a: Munkidori\n|\n|upkeep\n|-message|thelogicpt forfeited.\n|\n|win|Poscidion\n|raw|Poscidion's rating: 1505 &rarr; <strong>1524</strong><br />(+19 for winning)\n|raw|thelogicpt's rating: 1491 &rarr; <strong>1472</strong><br />(-19 for losing)\n|l|\u2606thelogicpt\n|player|p2|\n", "inputlog": ">version bfd83cad13791eb5a5a409923076391caf6fb4d4\n>start {\"formatid\":\"gen9randombattle\",\"seed\":[36615,23642,51401,45833],\"rated\":\"Rated battle\"}\n>player p1 {\"name\":\"Poscidion\",\"avatar\":\"102\",\"rating\":1505,\"seed\":[57687,15756,50040,1213]}\n>player p2 {\"name\":\"thelogicpt\",\"avatar\":\"266\",\"rating\":1491,\"seed\":[40544,24946,15254,1033]}\n>p1 move earthquake\n>p2 move alluringvoice\n>p2 switch 6\n>p1 switch 6\n>p2 move moonblast\n>p1 move knockoff\n>p2 switch 4\n>p1 switch 3\n>p2 move psychicnoise\n>p1 move psyshock\n>p2 move uturn\n>p2 switch 5\n>p1 move nastyplot\n>p2 move uturn\n>p2 switch 5\n>p1 move psyshock\n>p2 move fakeout\n>p1 move psyshock\n>p2 move uturn\n>p2 switch 3\n>p1 switch 2\n>p1 move stealthrock\n>p2 switch 4\n>p1 switch 3\n>p2 move flipturn\n>p2 switch 3\n>p1 move knockoff\n>p2 move psychicnoise\n>forcelose p2", "uploadtime": 1733865608, "views": 1, "formatid": "gen9randombattle", "rating": 1472, "private": 0, "password": null}