{"id": "gen9randombattle-2206399424", "format": "[Gen 9] Random Battle", "players": ["RB2T Unstoppable", "thfighter"], "log": "|badge|p1|bronze|gen9randombattle|100-2\n|uhtml|medal-msg|<div class=\"broadcast-blue\">Curious what those medals under the avatar are? PS now has Ladder Seasons! For more information, check out the <a href=\"https://www.smogon.com/forums/threads/3740067/\">thread on Smogon.</a></div>\n|badge|p2|bronze|gen9randombattle|100-2\n|uhtml|medal-msg|<div class=\"broadcast-blue\">Curious what those medals under the avatar are? PS now has Ladder Seasons! For more information, check out the <a href=\"https://www.smogon.com/forums/threads/3740067/\">thread on Smogon.</a></div>\n|raw|<div class=\"broadcast-blue\"><strong>This battle is required to be public due to a player having a name starting with 'rb2t'.</div>\n|j|\u203dRB2T Unstoppable\n|j|\u2606thfighter\n|t:|1726904709\n|gametype|singles\n|player|p1|RB2T Unstoppable|kimonogirl|2328\n|player|p2|thfighter|brock|2322\n|teamsize|p1|6\n|teamsize|p2|6\n|gen|9\n|tier|[Gen 9] Random Battle\n|rated|\n|rule|Species Clause: Limit one of each Pok\u00e9mon\n|rule|HP Percentage Mod: HP is shown in percentages\n|rule|Sleep Clause Mod: Limit one foe put to sleep\n|rule|Illusion Level Mod: Illusion disguises the Pok\u00e9mon's true level\n|\n|t:|1726904709\n|start\n|switch|p1a: Sneasler|Sneasler, L74, M|240/240\n|switch|p2a: Tatsugiri|Tatsugiri-Droopy, L86, M|257/257\n|turn|1\n|inactive|Battle timer is ON: inactive players will automatically lose when time's up. (requested by RB2T Unstoppable)\n|l|\u2606thfighter\n|inactive|thfighter disconnected and has a minute to reconnect!\n|player|p2|\n|j|\u2606thfighter\n|inactive|thfighter reconnected and has 135 seconds left.\n|player|p2|thfighter|brock|\n|inactive|thfighter has 120 seconds left.\n|\n|t:|1726904745\n|switch|p2a: Corviknight|Corviknight, L80, F|288/288\n|move|p1a: Sneasler|U-turn|p2a: Corviknight\n|-resisted|p2a: Corviknight\n|-crit|p2a: Corviknight\n|-damage|p2a: Corviknight|263/288\n|-damage|p1a: Sneasler|200/240|[from] item: Rocky Helmet|[of] p2a: Corviknight\n|\n|t:|1726904757\n|switch|p1a: Rotom|Rotom-Heat, L83|219/219|[from] U-turn\n|\n|upkeep\n|turn|2\n|\n|t:|1726904764\n|switch|p2a: Gastrodon|Gastrodon, L86, M|331/331\n|move|p1a: Rotom|Thunderbolt|p2a: Gastrodon\n|-immune|p2a: Gastrodon\n|\n|upkeep\n|turn|3\n|inactive|RB2T Unstoppable has 120 seconds left.\n|\n|t:|1726904801\n|switch|p1a: Deoxys|Deoxys-Defense, L86|226/226\n|-ability|p1a: Deoxys|Pressure\n|move|p2a: Gastrodon|Stealth Rock|p1a: Deoxys\n|-sidestart|p1: RB2T Unstoppable|move: Stealth Rock\n|\n|upkeep\n|turn|4\n|\n|t:|1726904829\n|switch|p2a: Gurdurr|Gurdurr, L85, F|283/283\n|move|p1a: Deoxys|Calm Mind|p1a: Deoxys\n|-boost|p1a: Deoxys|spa|1\n|-boost|p1a: Deoxys|spd|1\n|\n|upkeep\n|turn|5\n|inactive|RB2T Unstoppable has 120 seconds left.\n|\n|t:|1726904845\n|move|p1a: Deoxys|Calm Mind|p1a: Deoxys\n|-boost|p1a: Deoxys|spa|1\n|-boost|p1a: Deoxys|spd|1\n|move|p2a: Gurdurr|Knock Off|p1a: Deoxys\n|-supereffective|p1a: Deoxys\n|-damage|p1a: Deoxys|140/226\n|-enditem|p1a: Deoxys|Leftovers|[from] move: Knock Off|[of] p2a: Gurdurr\n|\n|upkeep\n|turn|6\n|\n|t:|1726904855\n|move|p1a: Deoxys|Psychic|p2a: Gurdurr\n|-supereffective|p2a: Gurdurr\n|-damage|p2a: Gurdurr|0 fnt\n|faint|p2a: Gurdurr\n|\n|upkeep\n|\n|t:|1726904862\n|switch|p2a: Heracross|Heracross, L80, F|259/259\n|turn|7\n|inactive|RB2T Unstoppable has 120 seconds left.\n|l|\u203dRB2T Unstoppable\n|inactive|RB2T Unstoppable disconnected and has a minute to reconnect!\n|player|p1|\n|j|\u203dRB2T Unstoppable\n|inactive|RB2T Unstoppable reconnected and has 100 seconds left.\n|player|p1|RB2T Unstoppable|kimonogirl|\n|n|\u203dRB2T Unstoppable|rb2tunstoppable\n|n|\u203dRB2T Unstoppable|rb2tunstoppable\n|inactive|RB2T Unstoppable has 90 seconds left.\n|\n|t:|1726904914\n|switch|p1a: Charizard|Charizard, L85, F|271/271\n|-terastallize|p2a: Heracross|Normal\n|move|p2a: Heracross|Trailblaze|p1a: Charizard\n|-resisted|p1a: Charizard\n|-crit|p1a: Charizard\n|-damage|p1a: Charizard|255/271\n|-boost|p2a: Heracross|spe|1\n|\n|-status|p2a: Heracross|brn|[from] item: Flame Orb\n|upkeep\n|turn|8\n|inactive|RB2T Unstoppable has 90 seconds left.\n|\n|t:|1726904935\n|move|p2a: Heracross|Facade|p1a: Charizard\n|-damage|p1a: Charizard|0 fnt\n|faint|p1a: Charizard\n|\n|-damage|p2a: Heracross|243/259 brn|[from] brn\n|upkeep\n|inactive|RB2T Unstoppable has 60 seconds left.\n|\n|t:|1726904968\n|switch|p1a: Scream Tail|Scream Tail, L84|330/330\n|-damage|p1a: Scream Tail|289/330|[from] Stealth Rock\n|turn|9\n|l|\u2606thfighter\n|inactive|thfighter disconnected and has a minute to reconnect!\n|player|p2|\n|j|\u2606thfighter\n|inactive|thfighter reconnected and has 125 seconds left.\n|player|p2|thfighter|brock|\n|\n|t:|1726904991\n|move|p1a: Scream Tail|Protect|p1a: Scream Tail\n|-singleturn|p1a: Scream Tail|Protect\n|move|p2a: Heracross|Facade|p1a: Scream Tail\n|-activate|p1a: Scream Tail|move: Protect\n|\n|-heal|p1a: Scream Tail|309/330|[from] item: Leftovers\n|-damage|p2a: Heracross|227/259 brn|[from] brn\n|upkeep\n|turn|10\n|\n|t:|1726904997\n|move|p2a: Heracross|Facade|p1a: Scream Tail\n|-damage|p1a: Scream Tail|72/330\n|move|p1a: Scream Tail|Wish|p1a: Scream Tail\n|\n|-heal|p1a: Scream Tail|92/330|[from] item: Leftovers\n|-damage|p2a: Heracross|211/259 brn|[from] brn\n|upkeep\n|turn|11\n|\n|t:|1726905004\n|switch|p2a: Sandslash|Sandslash-Alola, L88, F|275/275\n|move|p1a: Scream Tail|Protect||[still]\n|-fail|p1a: Scream Tail\n|\n|-heal|p1a: Scream Tail|257/330|[from] move: Wish|[wisher] Scream Tail\n|-heal|p1a: Scream Tail|277/330|[from] item: Leftovers\n|upkeep\n|turn|12\n|inactive|RB2T Unstoppable has 90 seconds left.\n|l|\u203dRB2T Unstoppable\n|inactive|RB2T Unstoppable disconnected and has a minute to reconnect!\n|player|p1|\n|j|\u203dRB2T Unstoppable\n|inactive|RB2T Unstoppable reconnected and has 75 seconds left.\n|player|p1|RB2T Unstoppable|kimonogirl|\n|n|\u203dRB2T Unstoppable|rb2tunstoppable\n|n|\u203dRB2T Unstoppable|rb2tunstoppable\n|\n|t:|1726905030\n|-end|p1a: Scream Tail|Protosynthesis|[silent]\n|switch|p1a: Rotom|Rotom-Heat, L83|219/219\n|move|p2a: Sandslash|Knock Off|p1a: Rotom\n|-damage|p1a: Rotom|123/219\n|-enditem|p1a: Rotom|Heavy-Duty Boots|[from] move: Knock Off|[of] p2a: Sandslash\n|-damage|p2a: Sandslash|248/275|[from] item: Life Orb\n|\n|upkeep\n|turn|13\n|\n|t:|1726905046\n|switch|p2a: Gastrodon|Gastrodon, L86, M|331/331\n|move|p1a: Rotom|Will-O-Wisp|p2a: Gastrodon\n|-status|p2a: Gastrodon|brn\n|\n|-damage|p2a: Gastrodon|311/331 brn|[from] brn\n|upkeep\n|turn|14\n|\n|t:|1726905059\n|move|p1a: Rotom|Overheat|p2a: Gastrodon\n|-resisted|p2a: Gastrodon\n|-damage|p2a: Gastrodon|238/331 brn\n|-unboost|p1a: Rotom|spa|2\n|move|p2a: Gastrodon|Surf|p1a: Rotom\n|-supereffective|p1a: Rotom\n|-damage|p1a: Rotom|0 fnt\n|faint|p1a: Rotom\n|\n|-heal|p2a: Gastrodon|258/331 brn|[from] item: Leftovers\n|-damage|p2a: Gastrodon|238/331 brn|[from] brn\n|upkeep\n|\n|t:|1726905062\n|switch|p1a: Deoxys|Deoxys-Defense, L86|140/226\n|-damage|p1a: Deoxys|112/226|[from] Stealth Rock\n|-ability|p1a: Deoxys|Pressure\n|turn|15\n|\n|t:|1726905072\n|switch|p2a: Corviknight|Corviknight, L80, F|263/288\n|move|p1a: Deoxys|Calm Mind|p1a: Deoxys\n|-boost|p1a: Deoxys|spa|1\n|-boost|p1a: Deoxys|spd|1\n|\n|upkeep\n|turn|16\n|\n|t:|1726905080\n|move|p1a: Deoxys|Recover|p1a: Deoxys\n|-heal|p1a: Deoxys|225/226\n|move|p2a: Corviknight|U-turn|p1a: Deoxys\n|-supereffective|p1a: Deoxys\n|-damage|p1a: Deoxys|169/226\n|\n|t:|1726905082\n|switch|p2a: Heracross|Heracross, L80, F, tera:Normal|211/259 brn|[from] U-turn\n|\n|-damage|p2a: Heracross|195/259 brn|[from] brn\n|upkeep\n|turn|17\n|\n|t:|1726905087\n|move|p1a: Deoxys|Focus Blast|p2a: Heracross|[miss]\n|-miss|p1a: Deoxys|p2a: Heracross\n|move|p2a: Heracross|Trailblaze|p1a: Deoxys\n|-damage|p1a: Deoxys|131/226\n|-boost|p2a: Heracross|spe|1\n|\n|-damage|p2a: Heracross|179/259 brn|[from] brn\n|upkeep\n|turn|18\n|j| torezno\n|inactive|RB2T Unstoppable has 90 seconds left.\n|\n|t:|1726905116\n|switch|p1a: Sneasler|Sneasler, L74, M|200/240\n|-damage|p1a: Sneasler|185/240|[from] Stealth Rock\n|move|p2a: Heracross|Facade|p1a: Sneasler\n|-crit|p1a: Sneasler\n|-damage|p1a: Sneasler|0 fnt\n|faint|p1a: Sneasler\n|\n|-damage|p2a: Heracross|163/259 brn|[from] brn\n|upkeep\n|\n|t:|1726905118\n|switch|p1a: Scream Tail|Scream Tail, L84|277/330\n|-damage|p1a: Scream Tail|236/330|[from] Stealth Rock\n|turn|19\n|\n|t:|1726905122\n|switch|p2a: Sandslash|Sandslash-Alola, L88, F|248/275\n|move|p1a: Scream Tail|Protect||[still]\n|-fail|p1a: Scream Tail\n|\n|-heal|p1a: Scream Tail|256/330|[from] item: Leftovers\n|upkeep\n|turn|20\n|\n|t:|1726905126\n|move|p1a: Scream Tail|Wish|p1a: Scream Tail\n|move|p2a: Sandslash|Swords Dance|p2a: Sandslash\n|-boost|p2a: Sandslash|atk|2\n|\n|-heal|p1a: Scream Tail|276/330|[from] item: Leftovers\n|upkeep\n|turn|21\n|\n|t:|1726905129\n|move|p1a: Scream Tail|Encore|p2a: Sandslash\n|-start|p2a: Sandslash|Encore\n|move|p2a: Sandslash|Swords Dance|p2a: Sandslash\n|-boost|p2a: Sandslash|atk|2\n|\n|-heal|p1a: Scream Tail|330/330|[from] move: Wish|[wisher] Scream Tail\n|upkeep\n|turn|22\n|inactive|RB2T Unstoppable has 90 seconds left.\n|\n|t:|1726905160\n|-end|p1a: Scream Tail|Protosynthesis|[silent]\n|switch|p1a: Deoxys|Deoxys-Defense, L86|131/226\n|-damage|p1a: Deoxys|103/226|[from] Stealth Rock\n|-ability|p1a: Deoxys|Pressure\n|switch|p2a: Corviknight|Corviknight, L80, F|263/288\n|\n|upkeep\n|turn|23\n|inactive|RB2T Unstoppable has 90 seconds left.\n|\n|t:|1726905171\n|move|p1a: Deoxys|Calm Mind|p1a: Deoxys\n|-boost|p1a: Deoxys|spa|1\n|-boost|p1a: Deoxys|spd|1\n|move|p2a: Corviknight|U-turn|p1a: Deoxys\n|-supereffective|p1a: Deoxys\n|-damage|p1a: Deoxys|49/226\n|\n|t:|1726905174\n|switch|p2a: Sandslash|Sandslash-Alola, L88, F|248/275|[from] U-turn\n|\n|upkeep\n|turn|24\n|inactive|RB2T Unstoppable has 90 seconds left.\n|\n|t:|1726905197\n|move|p1a: Deoxys|Recover|p1a: Deoxys\n|-heal|p1a: Deoxys|162/226\n|move|p2a: Sandslash|Triple Axel|p1a: Deoxys\n|-damage|p1a: Deoxys|141/226\n|-damage|p1a: Deoxys|101/226\n|-damage|p1a: Deoxys|46/226\n|-hitcount|p1a: Deoxys|3\n|-damage|p2a: Sandslash|221/275|[from] item: Life Orb\n|\n|upkeep\n|turn|25\n|inactive|RB2T Unstoppable has 90 seconds left.\n|\n|t:|1726905208\n|move|p1a: Deoxys|Recover|p1a: Deoxys\n|-heal|p1a: Deoxys|159/226\n|move|p2a: Sandslash|Triple Axel|p1a: Deoxys\n|-damage|p1a: Deoxys|138/226\n|-hitcount|p1a: Deoxys|1\n|-damage|p2a: Sandslash|194/275|[from] item: Life Orb\n|\n|upkeep\n|turn|26\n|inactive|RB2T Unstoppable has 90 seconds left.\n|\n|t:|1726905239\n|move|p1a: Deoxys|Focus Blast|p2a: Sandslash\n|-supereffective|p2a: Sandslash\n|-damage|p2a: Sandslash|0 fnt\n|faint|p2a: Sandslash\n|\n|upkeep\n|\n|t:|1726905243\n|switch|p2a: Heracross|Heracross, L80, F, tera:Normal|163/259 brn\n|turn|27\n|\n|t:|1726905248\n|move|p1a: Deoxys|Focus Blast|p2a: Heracross\n|-supereffective|p2a: Heracross\n|-damage|p2a: Heracross|0 fnt\n|faint|p2a: Heracross\n|\n|upkeep\n|\n|t:|1726905253\n|switch|p2a: Tatsugiri|Tatsugiri-Droopy, L86, M|257/257\n|turn|28\n|\n|t:|1726905270\n|move|p1a: Deoxys|Calm Mind|p1a: Deoxys\n|-boost|p1a: Deoxys|spa|1\n|-boost|p1a: Deoxys|spd|1\n|move|p2a: Tatsugiri|Rapid Spin|p1a: Deoxys\n|-damage|p1a: Deoxys|122/226\n|-boost|p2a: Tatsugiri|spe|1\n|\n|upkeep\n|turn|29\n|\n|t:|1726905291\n|move|p2a: Tatsugiri|Nasty Plot|p2a: Tatsugiri\n|-boost|p2a: Tatsugiri|spa|2\n|move|p1a: Deoxys|Psychic|p2a: Tatsugiri\n|-damage|p2a: Tatsugiri|104/257\n|\n|upkeep\n|turn|30\n|\n|t:|1726905294\n|move|p2a: Tatsugiri|Hydro Pump|p1a: Deoxys\n|-damage|p1a: Deoxys|40/226\n|move|p1a: Deoxys|Psychic|p2a: Tatsugiri\n|-damage|p2a: Tatsugiri|0 fnt\n|faint|p2a: Tatsugiri\n|\n|upkeep\n|-message|thfighter forfeited.\n|\n|win|RB2T Unstoppable\n|raw|RB2T Unstoppable's rating: 2328 &rarr; <strong>2348</strong><br />(+20 for winning)\n|raw|thfighter's rating: 2322 &rarr; <strong>2302</strong><br />(-20 for losing)\n|l|\u2606thfighter\n|player|p2|\n", "inputlog": ">version ddf5848a381b6afa3b8db755b9bdef59b522c4eb\n>start {\"formatid\":\"gen9randombattle\",\"seed\":[58869,20823,52185,18295],\"rated\":\"Rated battle\"}\n>player p1 {\"name\":\"RB2T Unstoppable\",\"avatar\":\"kimonogirl\",\"rating\":2328,\"seed\":[40871,27692,58667,46006]}\n>player p2 {\"name\":\"thfighter\",\"avatar\":\"brock\",\"rating\":2322,\"seed\":[40383,22482,15588,10234]}\n>p1 move uturn\n>p2 switch 3\n>p1 switch 2\n>p1 move thunderbolt\n>p2 switch 5\n>p1 switch 4\n>p2 move stealthrock\n>p1 move calmmind\n>p2 switch 2\n>p1 move calmmind\n>p2 move knockoff\n>p1 move psychic\n>p2 move bulkup\n>p2 switch 6\n>p1 switch 5\n>p2 move trailblaze terastallize\n>p1 move flamethrower\n>p2 move facade\n>p1 switch 6\n>p1 move protect\n>p2 move facade\n>p1 move wish\n>p2 move facade\n>p1 move protect\n>p2 switch 4\n>p1 switch 4\n>p2 move knockoff\n>p1 move willowisp\n>p2 switch 2\n>p1 move overheat\n>p2 move surf\n>p1 switch 5\n>p1 move calmmind\n>p2 switch 5\n>p1 move recover\n>p2 move uturn\n>p2 switch 4\n>p1 move focusblast\n>p2 move trailblaze\n>p1 switch 2\n>p2 move facade\n>p1 switch 4\n>p1 move protect\n>p2 switch 2\n>p1 move wish\n>p2 move swordsdance\n>p1 move encore\n>p2 move tripleaxel\n>p1 switch 2\n>p2 switch 4\n>p1 move calmmind\n>p2 move uturn\n>p2 switch 4\n>p1 move recover\n>p2 move tripleaxel\n>p1 move recover\n>p2 move tripleaxel\n>p1 move focusblast\n>p2 move tripleaxel\n>p2 switch 2\n>p1 move focusblast\n>p2 move facade\n>p2 switch 3\n>p1 move calmmind\n>p2 move rapidspin\n>p1 move psychic\n>p2 move nastyplot\n>p1 move psychic\n>p2 move hydropump\n>forcelose p2", "uploadtime": 1726905300, "views": 85, "formatid": "gen9randombattle", "rating": 2302, "private": 0, "password": null}