{"id": "gen9randombattle-2260388660", "format": "[Gen 9] Random Battle", "players": ["cinny69", "rodlebg"], "log": "|j|\u2606cinny69\n|j|\u2606rodlebg\n|t:|1733846769\n|gametype|singles\n|player|p1|cinny69|grusha|1592\n|player|p2|rodlebg|266|1624\n|teamsize|p1|6\n|teamsize|p2|6\n|gen|9\n|tier|[Gen 9] Random Battle\n|rated|\n|rule|Species Clause: Limit one of each Pok\u00e9mon\n|rule|HP Percentage Mod: HP is shown in percentages\n|rule|Sleep Clause Mod: Limit one foe put to sleep\n|rule|Illusion Level Mod: Illusion disguises the Pok\u00e9mon's true level\n|\n|t:|1733846769\n|start\n|switch|p1a: Morpeko|Morpeko, L88, M|245/245\n|switch|p2a: Iron Bundle|Iron Bundle, L77|213/213\n|turn|1\n|inactive|Battle timer is ON: inactive players will automatically lose when time's up. (requested by rodlebg)\n|inactive|cinny69 also wants the timer to be on.\n|\n|t:|1733846785\n|move|p2a: Iron Bundle|Flip Turn|p1a: Morpeko\n|-damage|p1a: Morpeko|188/245\n|\n|t:|1733846796\n|-end|p2a: Iron Bundle|Quark Drive|[silent]\n|switch|p2a: Kingambit|Kingambit, L74, M|270/270|[from] Flip Turn\n|move|p1a: Morpeko|Aura Wheel|p2a: Kingambit\n|-damage|p2a: Kingambit|150/270\n|-boost|p1a: Morpeko|spe|1\n|\n|-heal|p1a: Morpeko|203/245|[from] item: Leftovers\n|-heal|p2a: Kingambit|166/270|[from] item: Leftovers\n|-formechange|p1a: Morpeko|Morpeko-Hangry||[from] ability: Hunger Switch\n|upkeep\n|turn|2\n|\n|t:|1733846809\n|move|p1a: Morpeko|Knock Off|p2a: Kingambit\n|-resisted|p2a: Kingambit\n|-damage|p2a: Kingambit|113/270\n|-enditem|p2a: Kingambit|Leftovers|[from] move: Knock Off|[of] p1a: Morpeko\n|move|p2a: Kingambit|Iron Head|p1a: Morpeko\n|-resisted|p1a: Morpeko\n|-damage|p1a: Morpeko|152/245\n|\n|-heal|p1a: Morpeko|167/245|[from] item: Leftovers\n|-formechange|p1a: Morpeko|Morpeko||[from] ability: Hunger Switch\n|upkeep\n|turn|3\n|inactive|rodlebg has 120 seconds left.\n|\n|t:|1733846858\n|move|p1a: Morpeko|Aura Wheel|p2a: Kingambit\n|-damage|p2a: Kingambit|0 fnt\n|-boost|p1a: Morpeko|spe|1\n|faint|p2a: Kingambit\n|-end|p2a: Kingambit|fallenundefined|[silent]\n|\n|-heal|p1a: Morpeko|182/245|[from] item: Leftovers\n|-formechange|p1a: Morpeko|Morpeko-Hangry||[from] ability: Hunger Switch\n|upkeep\n|\n|t:|1733846869\n|switch|p2a: Dodrio|Dodrio, L86, F|243/243\n|turn|4\n|\n|t:|1733846875\n|move|p1a: Morpeko|Knock Off|p2a: Dodrio\n|-damage|p2a: Dodrio|113/243\n|-enditem|p2a: Dodrio|Heavy-Duty Boots|[from] move: Knock Off|[of] p1a: Morpeko\n|move|p2a: Dodrio|Drill Run|p1a: Morpeko\n|-supereffective|p1a: Morpeko\n|-damage|p1a: Morpeko|14/245\n|\n|-heal|p1a: Morpeko|29/245|[from] item: Leftovers\n|-formechange|p1a: Morpeko|Morpeko||[from] ability: Hunger Switch\n|upkeep\n|turn|5\n|inactive|rodlebg has 90 seconds left.\n|\n|t:|1733846917\n|move|p1a: Morpeko|Aura Wheel|p2a: Dodrio\n|-supereffective|p2a: Dodrio\n|-damage|p2a: Dodrio|0 fnt\n|-boost|p1a: Morpeko|spe|1\n|faint|p2a: Dodrio\n|\n|-heal|p1a: Morpeko|44/245|[from] item: Leftovers\n|-formechange|p1a: Morpeko|Morpeko-Hangry||[from] ability: Hunger Switch\n|upkeep\n|\n|t:|1733846922\n|switch|p2a: Wugtrio|Wugtrio, L91, M|212/212\n|turn|6\n|\n|t:|1733846929\n|move|p1a: Morpeko|Protect|p1a: Morpeko\n|-singleturn|p1a: Morpeko|Protect\n|move|p2a: Wugtrio|Liquidation|p1a: Morpeko\n|-activate|p1a: Morpeko|move: Protect\n|\n|-heal|p1a: Morpeko|59/245|[from] item: Leftovers\n|-formechange|p1a: Morpeko|Morpeko||[from] ability: Hunger Switch\n|upkeep\n|turn|7\n|\n|t:|1733846939\n|-terastallize|p2a: Wugtrio|Ground\n|move|p1a: Morpeko|Aura Wheel|p2a: Wugtrio\n|-immune|p2a: Wugtrio\n|move|p2a: Wugtrio|Liquidation|p1a: Morpeko\n|-damage|p1a: Morpeko|0 fnt\n|faint|p1a: Morpeko\n|\n|upkeep\n|\n|t:|1733846952\n|switch|p1a: Bruxish|Bruxish, L85, F|254/254\n|turn|8\n|\n|t:|1733846958\n|switch|p2a: Zarude|Zarude, L78|292/292\n|move|p1a: Bruxish|Psychic Fangs|p2a: Zarude\n|-immune|p2a: Zarude\n|\n|upkeep\n|turn|9\n|\n|t:|1733846966\n|switch|p1a: Coalossal|Coalossal, L89, M|341/341\n|move|p2a: Zarude|Knock Off|p1a: Coalossal\n|-damage|p1a: Coalossal|254/341\n|-enditem|p1a: Coalossal|Heavy-Duty Boots|[from] move: Knock Off|[of] p2a: Zarude\n|\n|upkeep\n|turn|10\n|\n|t:|1733846977\n|switch|p2a: Wugtrio|Wugtrio, L91, M, tera:Ground|212/212\n|move|p1a: Coalossal|Stealth Rock|p2a: Wugtrio\n|-sidestart|p2: rodlebg|move: Stealth Rock\n|\n|upkeep\n|turn|11\n|\n|t:|1733846983\n|move|p2a: Wugtrio|Liquidation|p1a: Coalossal\n|-supereffective|p1a: Coalossal\n|-damage|p1a: Coalossal|0 fnt\n|faint|p1a: Coalossal\n|\n|upkeep\n|\n|t:|1733846989\n|switch|p1a: Bruxish|Bruxish, L85, F|254/254\n|turn|12\n|\n|t:|1733846994\n|switch|p2a: Zarude|Zarude, L78|292/292\n|-damage|p2a: Zarude|256/292|[from] Stealth Rock\n|move|p1a: Bruxish|Ice Fang|p2a: Zarude\n|-supereffective|p2a: Zarude\n|-damage|p2a: Zarude|48/292\n|\n|upkeep\n|turn|13\n|\n|t:|1733847002\n|switch|p1a: Jumpluff|Jumpluff, L87, M|271/271\n|move|p2a: Zarude|Power Whip|p1a: Jumpluff\n|-resisted|p1a: Jumpluff\n|-damage|p1a: Jumpluff|237/271\n|\n|upkeep\n|turn|14\n|\n|t:|1733847012\n|switch|p2a: Iron Bundle|Iron Bundle, L77|213/213\n|-damage|p2a: Iron Bundle|160/213|[from] Stealth Rock\n|move|p1a: Jumpluff|Substitute|p1a: Jumpluff\n|-start|p1a: Jumpluff|Substitute\n|-damage|p1a: Jumpluff|170/271\n|\n|upkeep\n|turn|15\n|\n|t:|1733847019\n|move|p2a: Iron Bundle|Ice Beam|p1a: Jumpluff\n|-supereffective|p1a: Jumpluff\n|-end|p1a: Jumpluff|Substitute\n|move|p1a: Jumpluff|Acrobatics|p2a: Iron Bundle\n|-damage|p2a: Iron Bundle|91/213\n|\n|upkeep\n|turn|16\n|\n|t:|1733847029\n|switch|p1a: Bruxish|Bruxish, L85, F|254/254\n|move|p2a: Iron Bundle|Ice Beam|p1a: Bruxish\n|-resisted|p1a: Bruxish\n|-damage|p1a: Bruxish|168/254\n|\n|upkeep\n|turn|17\n|\n|t:|1733847041\n|move|p2a: Iron Bundle|Ice Beam|p1a: Bruxish\n|-resisted|p1a: Bruxish\n|-damage|p1a: Bruxish|90/254\n|move|p1a: Bruxish|Wave Crash|p2a: Iron Bundle\n|-resisted|p2a: Iron Bundle\n|-damage|p2a: Iron Bundle|0 fnt\n|faint|p2a: Iron Bundle\n|-end|p2a: Iron Bundle|Quark Drive|[silent]\n|-damage|p1a: Bruxish|60/254|[from] Recoil\n|\n|upkeep\n|\n|t:|1733847045\n|switch|p2a: Wugtrio|Wugtrio, L91, M, tera:Ground|212/212\n|-damage|p2a: Wugtrio|199/212|[from] Stealth Rock\n|turn|18\n|\n|t:|1733847053\n|move|p2a: Wugtrio|Throat Chop|p1a: Bruxish\n|-supereffective|p1a: Bruxish\n|-damage|p1a: Bruxish|0 fnt\n|faint|p1a: Bruxish\n|\n|upkeep\n|\n|t:|1733847069\n|switch|p1a: Jumpluff|Jumpluff, L87, M|170/271\n|turn|19\n|\n|t:|1733847078\n|move|p2a: Wugtrio|Throat Chop|p1a: Jumpluff\n|-damage|p1a: Jumpluff|48/271\n|-start|p1a: Jumpluff|Throat Chop|[silent]\n|move|p1a: Jumpluff|Strength Sap|p2a: Wugtrio\n|-unboost|p2a: Wugtrio|atk|1\n|-heal|p1a: Jumpluff|271/271\n|\n|upkeep\n|turn|20\n|\n|t:|1733847087\n|switch|p2a: Oranguru|Oranguru, L92, M|315/315\n|-damage|p2a: Oranguru|276/315|[from] Stealth Rock\n|move|p1a: Jumpluff|Acrobatics|p2a: Oranguru\n|-damage|p2a: Oranguru|198/315\n|\n|-heal|p2a: Oranguru|217/315|[from] item: Leftovers\n|-end|p1a: Jumpluff|Throat Chop|[silent]\n|upkeep\n|turn|21\n|\n|t:|1733847097\n|move|p1a: Jumpluff|Leech Seed|p2a: Oranguru\n|-start|p2a: Oranguru|move: Leech Seed\n|move|p2a: Oranguru|Nasty Plot|p2a: Oranguru\n|-boost|p2a: Oranguru|spa|2\n|\n|-heal|p2a: Oranguru|236/315|[from] item: Leftovers\n|-damage|p2a: Oranguru|197/315|[from] Leech Seed|[of] p1a: Jumpluff\n|upkeep\n|turn|22\n|\n|t:|1733847106\n|move|p1a: Jumpluff|Acrobatics|p2a: Oranguru\n|-damage|p2a: Oranguru|112/315\n|move|p2a: Oranguru|Thunderbolt|p1a: Jumpluff\n|-damage|p1a: Jumpluff|150/271\n|\n|-heal|p2a: Oranguru|131/315|[from] item: Leftovers\n|-damage|p2a: Oranguru|92/315|[from] Leech Seed|[of] p1a: Jumpluff\n|-heal|p1a: Jumpluff|189/271|[silent]\n|upkeep\n|turn|23\n|\n|t:|1733847116\n|move|p1a: Jumpluff|Acrobatics|p2a: Oranguru\n|-damage|p2a: Oranguru|13/315\n|move|p2a: Oranguru|Psychic|p1a: Jumpluff\n|-damage|p1a: Jumpluff|0 fnt\n|faint|p1a: Jumpluff\n|\n|-heal|p2a: Oranguru|32/315|[from] item: Leftovers\n|upkeep\n|\n|t:|1733847125\n|switch|p1a: Mimikyu|Mimikyu, L79, F|216/216\n|turn|24\n|\n|t:|1733847131\n|move|p1a: Mimikyu|Swords Dance|p1a: Mimikyu\n|-boost|p1a: Mimikyu|atk|2\n|move|p2a: Oranguru|Psychic|p1a: Mimikyu\n|-activate|p1a: Mimikyu|ability: Disguise\n|-damage|p1a: Mimikyu|216/216\n|-unboost|p1a: Mimikyu|spd|1\n|detailschange|p1a: Mimikyu|Mimikyu-Busted, L79, F\n|-damage|p1a: Mimikyu|189/216|[from] pokemon: Mimikyu-Busted\n|\n|-heal|p2a: Oranguru|51/315|[from] item: Leftovers\n|-damage|p2a: Oranguru|12/315|[from] Leech Seed|[of] p1a: Mimikyu\n|-heal|p1a: Mimikyu|216/216|[silent]\n|upkeep\n|turn|25\n|\n|t:|1733847145\n|move|p1a: Mimikyu|Drain Punch|p2a: Oranguru\n|-damage|p2a: Oranguru|0 fnt\n|faint|p2a: Oranguru\n|-damage|p1a: Mimikyu|195/216|[from] item: Life Orb\n|\n|upkeep\n|\n|t:|1733847151\n|switch|p2a: Wugtrio|Wugtrio, L91, M, tera:Ground|199/212\n|-damage|p2a: Wugtrio|186/212|[from] Stealth Rock\n|turn|26\n|\n|t:|1733847155\n|move|p1a: Mimikyu|Shadow Sneak|p2a: Wugtrio\n|-damage|p2a: Wugtrio|56/212\n|-ability|p2a: Wugtrio|Gooey\n|-unboost|p1a: Mimikyu|spe|1\n|-damage|p1a: Mimikyu|174/216|[from] item: Life Orb\n|move|p2a: Wugtrio|Stomping Tantrum|p1a: Mimikyu\n|-damage|p1a: Mimikyu|11/216\n|\n|upkeep\n|turn|27\n|\n|t:|1733847166\n|switch|p2a: Zarude|Zarude, L78|48/292\n|-damage|p2a: Zarude|12/292|[from] Stealth Rock\n|move|p1a: Mimikyu|Shadow Sneak|p2a: Zarude\n|-resisted|p2a: Zarude\n|-damage|p2a: Zarude|0 fnt\n|faint|p2a: Zarude\n|-damage|p1a: Mimikyu|0 fnt|[from] item: Life Orb\n|faint|p1a: Mimikyu\n|\n|upkeep\n|\n|t:|1733847177\n|switch|p2a: Wugtrio|Wugtrio, L91, M, tera:Ground|56/212\n|switch|p1a: Rampardos|Rampardos, L90, F|321/321\n|-damage|p2a: Wugtrio|43/212|[from] Stealth Rock\n|turn|28\n|\n|t:|1733847204\n|-terastallize|p1a: Rampardos|Ground\n|move|p2a: Wugtrio|Stomping Tantrum|p1a: Rampardos\n|-damage|p1a: Rampardos|144/321\n|move|p1a: Rampardos|Earthquake|p2a: Wugtrio\n|-damage|p2a: Wugtrio|0 fnt\n|faint|p2a: Wugtrio\n|\n|win|cinny69\n|raw|cinny69's rating: 1592 &rarr; <strong>1614</strong><br />(+22 for winning)\n|raw|rodlebg's rating: 1624 &rarr; <strong>1602</strong><br />(-22 for losing)\n|l|\u2606rodlebg\n|player|p2|\n", "inputlog": ">version bfd83cad13791eb5a5a409923076391caf6fb4d4\n>start {\"formatid\":\"gen9randombattle\",\"seed\":[210,23680,1215,25253],\"rated\":\"Rated battle\"}\n>player p1 {\"name\":\"cinny69\",\"avatar\":\"grusha\",\"rating\":1592,\"seed\":[63759,52106,30338,2623]}\n>player p2 {\"name\":\"rodlebg\",\"avatar\":\"266\",\"rating\":1624,\"seed\":[865,38321,44830,5731]}\n>p1 move aurawheel\n>p2 move flipturn\n>p2 switch 6\n>p1 move knockoff\n>p2 move ironhead\n>p1 move aurawheel\n>p2 move ironhead\n>p2 switch 4\n>p1 move knockoff\n>p2 move drillrun\n>p1 move aurawheel\n>p2 move knockoff\n>p2 switch 2\n>p1 move protect\n>p2 move liquidation\n>p1 move aurawheel\n>p2 move liquidation terastallize\n>p1 switch 4\n>p1 move psychicfangs\n>p2 switch 5\n>p1 switch 5\n>p2 move knockoff\n>p1 move stealthrock\n>p2 switch 5\n>p1 move spikes\n>p2 move liquidation\n>p1 switch 5\n>p1 move icefang\n>p2 switch 5\n>p1 switch 3\n>p2 move powerwhip\n>p1 move substitute\n>p2 switch 6\n>p1 move acrobatics\n>p2 move icebeam\n>p1 switch 3\n>p2 move icebeam\n>p1 move wavecrash\n>p2 move icebeam\n>p2 switch 5\n>p1 move wavecrash\n>p2 move throatchop\n>p1 switch 3\n>p1 move strengthsap\n>p2 move throatchop\n>p1 move acrobatics\n>p2 switch 3\n>p1 move leechseed\n>p2 move nastyplot\n>p1 move acrobatics\n>p2 move thunderbolt\n>p1 move acrobatics\n>p2 move psychic\n>p1 switch 2\n>p1 move swordsdance\n>p2 move psychic\n>p1 move drainpunch\n>p2 move psychic\n>p2 switch 3\n>p1 move shadowsneak\n>p2 move stompingtantrum\n>p1 move shadowsneak\n>p2 switch 6\n>p1 switch 6\n>p2 switch 6\n>p1 move earthquake terastallize\n>p2 move stompingtantrum", "uploadtime": 1733847216, "views": 1, "formatid": "gen9randombattle", "rating": 1602, "private": 0, "password": null}