{"id": "gen9randombattle-2260541678", "format": "[Gen 9] Random Battle", "players": ["Karbalicious", "Kherax"], "log": "|j|\u2606Karbalicious\n|j|\u2606Kherax\n|t:|1733861705\n|gametype|singles\n|player|p1|Karbalicious|li|1187\n|player|p2|Kherax|101|1237\n|teamsize|p1|6\n|teamsize|p2|6\n|gen|9\n|tier|[Gen 9] Random Battle\n|rated|\n|rule|Species Clause: Limit one of each Pok\u00e9mon\n|rule|HP Percentage Mod: HP is shown in percentages\n|rule|Sleep Clause Mod: Limit one foe put to sleep\n|rule|Illusion Level Mod: Illusion disguises the Pok\u00e9mon's true level\n|\n|t:|1733861705\n|start\n|switch|p1a: Meganium|Meganium, L90, M|290/290\n|switch|p2a: Dondozo|Dondozo, L78, F|362/362\n|turn|1\n|inactive|Battle timer is ON: inactive players will automatically lose when time's up. (requested by Kherax)\n|\n|t:|1733861722\n|switch|p2a: Breloom|Breloom, L82, F|233/233\n|move|p1a: Meganium|Petal Blizzard|p2a: Breloom\n|-resisted|p2a: Breloom\n|-damage|p2a: Breloom|163/233\n|-damage|p1a: Meganium|261/290|[from] item: Life Orb\n|\n|upkeep\n|turn|2\n|\n|t:|1733861732\n|move|p1a: Meganium|Swords Dance|p1a: Meganium\n|-boost|p1a: Meganium|atk|2\n|move|p2a: Breloom|Swords Dance|p2a: Breloom\n|-boost|p2a: Breloom|atk|2\n|\n|upkeep\n|turn|3\n|\n|t:|1733861747\n|move|p2a: Breloom|Mach Punch|p1a: Meganium\n|-damage|p1a: Meganium|88/290\n|-damage|p2a: Breloom|140/233|[from] item: Life Orb\n|move|p1a: Meganium|Knock Off|p2a: Breloom\n|-resisted|p2a: Breloom\n|-crit|p2a: Breloom\n|-damage|p2a: Breloom|0 fnt\n|-enditem|p2a: Breloom|Life Orb|[from] move: Knock Off|[of] p1a: Meganium\n|faint|p2a: Breloom\n|-damage|p1a: Meganium|59/290|[from] item: Life Orb\n|\n|upkeep\n|\n|t:|1733861765\n|switch|p2a: Persian|Persian, L92, F|269/269\n|turn|4\n|\n|t:|1733861788\n|move|p2a: Persian|Fake Out|p1a: Meganium\n|-damage|p1a: Meganium|0 fnt\n|faint|p1a: Meganium\n|\n|upkeep\n|inactive|Karbalicious has 120 seconds left.\n|\n|t:|1733861814\n|switch|p1a: Spidops|Spidops, L96, F|271/271\n|turn|5\n|\n|t:|1733861821\n|move|p2a: Persian|Knock Off|p1a: Spidops\n|-damage|p1a: Spidops|214/271\n|-enditem|p1a: Spidops|Heavy-Duty Boots|[from] move: Knock Off|[of] p2a: Persian\n|move|p1a: Spidops|Sticky Web|p2a: Persian\n|-sidestart|p2: Kherax|move: Sticky Web\n|\n|upkeep\n|turn|6\n|inactive|Karbalicious has 120 seconds left.\n|inactive|Karbalicious has 90 seconds left.\n|inactive|Karbalicious has 60 seconds left.\n|\n|t:|1733861909\n|move|p2a: Persian|U-turn|p1a: Spidops\n|-damage|p1a: Spidops|176/271\n|\n|t:|1733861912\n|switch|p2a: Hitmonchan|Hitmonchan, L87, M|229/229|[from] U-turn\n|-activate|p2a: Hitmonchan|move: Sticky Web\n|-unboost|p2a: Hitmonchan|spe|1\n|move|p1a: Spidops|Spikes|p2a: Hitmonchan\n|-sidestart|p2: Kherax|Spikes\n|\n|upkeep\n|turn|7\n|\n|t:|1733861920\n|move|p1a: Spidops|Spikes|p2a: Hitmonchan\n|-sidestart|p2: Kherax|Spikes\n|move|p2a: Hitmonchan|Rapid Spin|p1a: Spidops\n|-damage|p1a: Spidops|141/271\n|-boost|p2a: Hitmonchan|spe|1\n|-sideend|p2: Kherax|Spikes|[from] move: Rapid Spin|[of] p2a: Hitmonchan\n|-sideend|p2: Kherax|Sticky Web|[from] move: Rapid Spin|[of] p2a: Hitmonchan\n|\n|upkeep\n|turn|8\n|\n|t:|1733861929\n|move|p2a: Hitmonchan|Bulk Up|p2a: Hitmonchan\n|-boost|p2a: Hitmonchan|atk|1\n|-boost|p2a: Hitmonchan|def|1\n|move|p1a: Spidops|Circle Throw|p2a: Hitmonchan\n|-damage|p2a: Hitmonchan|197/229\n|drag|p2a: Roaring Moon|Roaring Moon, L72|270/270\n|\n|upkeep\n|turn|9\n|\n|t:|1733861943\n|move|p2a: Roaring Moon|Outrage|p1a: Spidops\n|-damage|p1a: Spidops|36/271\n|move|p1a: Spidops|Circle Throw|p2a: Roaring Moon\n|-supereffective|p2a: Roaring Moon\n|-damage|p2a: Roaring Moon|150/270\n|-end|p2a: Roaring Moon|Protosynthesis|[silent]\n|drag|p2a: Persian|Persian, L92, F|269/269\n|\n|upkeep\n|turn|10\n|\n|t:|1733861958\n|move|p2a: Persian|Fake Out|p1a: Spidops\n|-damage|p1a: Spidops|0 fnt\n|faint|p1a: Spidops\n|\n|upkeep\n|inactive|Karbalicious has 60 seconds left.\n|inactive|Karbalicious has 30 seconds left.\n|inactive|Karbalicious has 20 seconds left.\n|inactive|Karbalicious has 15 seconds left.\n|\n|t:|1733862022\n|switch|p1a: Magcargo|Magcargo, L95, F|268/268\n|turn|11\n|inactive|Karbalicious has 25 seconds left this turn.\n|\n|t:|1733862028\n|move|p2a: Persian|Knock Off|p1a: Magcargo\n|-damage|p1a: Magcargo|224/268\n|-ability|p1a: Magcargo|Weak Armor|boost\n|-unboost|p1a: Magcargo|def|1\n|-boost|p1a: Magcargo|spe|2\n|-enditem|p1a: Magcargo|Heavy-Duty Boots|[from] move: Knock Off|[of] p2a: Persian\n|move|p1a: Magcargo|Shell Smash|p1a: Magcargo\n|-unboost|p1a: Magcargo|def|1\n|-unboost|p1a: Magcargo|spd|1\n|-boost|p1a: Magcargo|atk|2\n|-boost|p1a: Magcargo|spa|2\n|-boost|p1a: Magcargo|spe|2\n|\n|upkeep\n|turn|12\n|inactive|Karbalicious has 30 seconds left.\n|inactive|Karbalicious has 20 seconds left.\n|inactive|Karbalicious has 15 seconds left.\n|inactive|Karbalicious has 10 seconds left.\n|\n|t:|1733862055\n|switch|p2a: Dondozo|Dondozo, L78, F|362/362\n|move|p1a: Magcargo|Earth Power|p2a: Dondozo\n|-damage|p2a: Dondozo|267/362\n|\n|-heal|p2a: Dondozo|289/362|[from] item: Leftovers\n|upkeep\n|turn|13\n|inactive|Karbalicious has 20 seconds left this turn.\n|inactive|Karbalicious has 15 seconds left.\n|inactive|Karbalicious has 10 seconds left.\n|\n|t:|1733862066\n|-terastallize|p1a: Magcargo|Dragon\n|move|p1a: Magcargo|Earth Power|p2a: Dondozo\n|-damage|p2a: Dondozo|194/362\n|move|p2a: Dondozo|Wave Crash|p1a: Magcargo\n|-resisted|p1a: Magcargo\n|-damage|p1a: Magcargo|186/268\n|-ability|p1a: Magcargo|Weak Armor|boost\n|-unboost|p1a: Magcargo|def|1\n|-boost|p1a: Magcargo|spe|2\n|-damage|p2a: Dondozo|181/362|[from] Recoil\n|\n|-heal|p2a: Dondozo|203/362|[from] item: Leftovers\n|upkeep\n|turn|14\n|inactive|Karbalicious has 20 seconds left this turn.\n|\n|t:|1733862084\n|move|p1a: Magcargo|Earth Power|p2a: Dondozo\n|-damage|p2a: Dondozo|94/362\n|move|p2a: Dondozo|Curse|p2a: Dondozo\n|-unboost|p2a: Dondozo|spe|1\n|-boost|p2a: Dondozo|atk|1\n|-boost|p2a: Dondozo|def|1\n|\n|-heal|p2a: Dondozo|116/362|[from] item: Leftovers\n|upkeep\n|turn|15\n|inactive|Karbalicious has 30 seconds left this turn.\n|inactive|Karbalicious has 20 seconds left.\n|inactive|Karbalicious has 15 seconds left.\n|\n|t:|1733862100\n|move|p1a: Magcargo|Earth Power|p2a: Dondozo\n|-damage|p2a: Dondozo|21/362\n|move|p2a: Dondozo|Rest|p2a: Dondozo\n|-status|p2a: Dondozo|slp|[from] move: Rest\n|-heal|p2a: Dondozo|362/362 slp|[silent]\n|\n|upkeep\n|turn|16\n|inactive|Karbalicious has 25 seconds left this turn.\n|\n|t:|1733862108\n|move|p1a: Magcargo|Shell Smash|p1a: Magcargo\n|-unboost|p1a: Magcargo|def|1\n|-unboost|p1a: Magcargo|spd|1\n|-boost|p1a: Magcargo|atk|2\n|-boost|p1a: Magcargo|spa|2\n|-boost|p1a: Magcargo|spe|0\n|cant|p2a: Dondozo|slp\n|move|p2a: Dondozo|Sleep Talk|p2a: Dondozo\n|move|p2a: Dondozo|Wave Crash|p1a: Magcargo|[from]move: Sleep Talk\n|-resisted|p1a: Magcargo\n|-damage|p1a: Magcargo|125/268\n|-ability|p1a: Magcargo|Weak Armor|boost\n|-unboost|p1a: Magcargo|def|1\n|-damage|p2a: Dondozo|342/362 slp|[from] Recoil\n|\n|-heal|p2a: Dondozo|362/362 slp|[from] item: Leftovers\n|upkeep\n|turn|17\n|inactive|Karbalicious has 30 seconds left.\n|\n|t:|1733862125\n|move|p1a: Magcargo|Power Gem|p2a: Dondozo\n|-damage|p2a: Dondozo|221/362 slp\n|cant|p2a: Dondozo|slp\n|move|p2a: Dondozo|Sleep Talk|p2a: Dondozo\n|move|p2a: Dondozo|Curse|p2a: Dondozo|[from]move: Sleep Talk\n|-unboost|p2a: Dondozo|spe|1\n|-boost|p2a: Dondozo|atk|1\n|-boost|p2a: Dondozo|def|1\n|\n|-heal|p2a: Dondozo|243/362 slp|[from] item: Leftovers\n|upkeep\n|turn|18\n|inactive|Karbalicious has 30 seconds left.\n|\n|t:|1733862138\n|move|p1a: Magcargo|Power Gem|p2a: Dondozo\n|-damage|p2a: Dondozo|102/362 slp\n|-curestatus|p2a: Dondozo|slp|[msg]\n|move|p2a: Dondozo|Rest|p2a: Dondozo\n|-status|p2a: Dondozo|slp|[from] move: Rest\n|-heal|p2a: Dondozo|362/362 slp|[silent]\n|\n|upkeep\n|turn|19\n|\n|t:|1733862149\n|move|p1a: Magcargo|Shell Smash|p1a: Magcargo\n|-unboost|p1a: Magcargo|def|1\n|-unboost|p1a: Magcargo|spd|1\n|-boost|p1a: Magcargo|atk|2\n|-boost|p1a: Magcargo|spa|2\n|-boost|p1a: Magcargo|spe|0\n|cant|p2a: Dondozo|slp\n|move|p2a: Dondozo|Sleep Talk|p2a: Dondozo\n|move|p2a: Dondozo|Curse|p2a: Dondozo|[from]move: Sleep Talk\n|-unboost|p2a: Dondozo|spe|1\n|-boost|p2a: Dondozo|atk|1\n|-boost|p2a: Dondozo|def|1\n|\n|upkeep\n|turn|20\n|\n|t:|1733862161\n|move|p1a: Magcargo|Power Gem|p2a: Dondozo\n|-damage|p2a: Dondozo|217/362 slp\n|cant|p2a: Dondozo|slp\n|move|p2a: Dondozo|Sleep Talk|p2a: Dondozo\n|move|p2a: Dondozo|Curse|p2a: Dondozo|[from]move: Sleep Talk\n|-unboost|p2a: Dondozo|spe|1\n|-boost|p2a: Dondozo|atk|1\n|-boost|p2a: Dondozo|def|1\n|\n|-heal|p2a: Dondozo|239/362 slp|[from] item: Leftovers\n|upkeep\n|turn|21\n|\n|t:|1733862174\n|move|p1a: Magcargo|Earth Power|p2a: Dondozo\n|-damage|p2a: Dondozo|129/362 slp\n|-curestatus|p2a: Dondozo|slp|[msg]\n|move|p2a: Dondozo|Wave Crash|p1a: Magcargo\n|-resisted|p1a: Magcargo\n|-damage|p1a: Magcargo|13/268\n|-damage|p2a: Dondozo|92/362|[from] Recoil\n|\n|-heal|p2a: Dondozo|114/362|[from] item: Leftovers\n|upkeep\n|turn|22\n|\n|t:|1733862188\n|move|p1a: Magcargo|Earth Power|p2a: Dondozo\n|-damage|p2a: Dondozo|17/362\n|move|p2a: Dondozo|Rest|p2a: Dondozo\n|-status|p2a: Dondozo|slp|[from] move: Rest\n|-heal|p2a: Dondozo|362/362 slp|[silent]\n|\n|upkeep\n|turn|23\n|inactive|Karbalicious has 60 seconds left.\n|\n|t:|1733862196\n|move|p1a: Magcargo|Earth Power|p2a: Dondozo\n|-damage|p2a: Dondozo|258/362 slp\n|-unboost|p2a: Dondozo|spd|1\n|cant|p2a: Dondozo|slp\n|move|p2a: Dondozo|Sleep Talk|p2a: Dondozo\n|move|p2a: Dondozo|Rest||[from]move: Sleep Talk|[still]\n|-fail|p2a: Dondozo\n|\n|-heal|p2a: Dondozo|280/362 slp|[from] item: Leftovers\n|upkeep\n|turn|24\n|\n|t:|1733862208\n|move|p1a: Magcargo|Earth Power|p2a: Dondozo\n|-damage|p2a: Dondozo|122/362 slp\n|cant|p2a: Dondozo|slp\n|move|p2a: Dondozo|Sleep Talk|p2a: Dondozo\n|move|p2a: Dondozo|Curse|p2a: Dondozo|[from]move: Sleep Talk\n|-unboost|p2a: Dondozo|spe|1\n|-boost|p2a: Dondozo|atk|1\n|-boost|p2a: Dondozo|def|1\n|\n|-heal|p2a: Dondozo|144/362 slp|[from] item: Leftovers\n|upkeep\n|turn|25\n|\n|t:|1733862220\n|move|p1a: Magcargo|Earth Power|p2a: Dondozo\n|-damage|p2a: Dondozo|0 fnt\n|faint|p2a: Dondozo\n|\n|upkeep\n|\n|t:|1733862225\n|switch|p2a: Persian|Persian, L92, F|269/269\n|turn|26\n|\n|t:|1733862230\n|move|p2a: Persian|Fake Out|p1a: Magcargo\n|-damage|p1a: Magcargo|0 fnt\n|faint|p1a: Magcargo\n|\n|upkeep\n|\n|t:|1733862258\n|switch|p1a: Hatterene|Hatterene, L85, F|236/236\n|turn|27\n|\n|t:|1733862264\n|move|p2a: Persian|Knock Off|p1a: Hatterene\n|-damage|p1a: Hatterene|181/236\n|-enditem|p1a: Hatterene|Assault Vest|[from] move: Knock Off|[of] p2a: Persian\n|move|p1a: Hatterene|Nuzzle|p2a: Persian\n|-damage|p2a: Persian|252/269\n|-status|p2a: Persian|par\n|\n|upkeep\n|turn|28\n|\n|t:|1733862274\n|move|p2a: Persian|Double-Edge|p1a: Hatterene\n|-damage|p1a: Hatterene|58/236\n|-damage|p2a: Persian|211/269 par|[from] Recoil\n|move|p1a: Hatterene|Psychic Noise|p2a: Persian\n|-damage|p2a: Persian|78/269 par\n|-start|p2a: Persian|move: Heal Block\n|\n|upkeep\n|turn|29\n|\n|t:|1733862283\n|cant|p2a: Persian|par\n|move|p1a: Hatterene|Draining Kiss|p2a: Persian\n|-damage|p2a: Persian|0 fnt\n|-heal|p1a: Hatterene|117/236|[from] drain|[of] p2a: Persian\n|faint|p2a: Persian\n|\n|upkeep\n|\n|t:|1733862294\n|switch|p2a: Toxapex|Toxapex, L82, F|216/216\n|turn|30\n|\n|t:|1733862301\n|-terastallize|p2a: Toxapex|Grass\n|move|p2a: Toxapex|Liquidation|p1a: Hatterene\n|-damage|p1a: Hatterene|56/236\n|move|p1a: Hatterene|Psychic Noise|p2a: Toxapex\n|-damage|p2a: Toxapex|141/216\n|-start|p2a: Toxapex|move: Heal Block\n|\n|upkeep\n|turn|31\n|\n|t:|1733862311\n|move|p2a: Toxapex|Liquidation|p1a: Hatterene\n|-damage|p1a: Hatterene|0 fnt\n|faint|p1a: Hatterene\n|\n|-end|p2a: Toxapex|move: Heal Block\n|upkeep\n|\n|t:|1733862322\n|switch|p1a: Luxray|Luxray, L88, M|284/284\n|-ability|p1a: Luxray|Intimidate|boost\n|-unboost|p2a: Toxapex|atk|1\n|turn|32\n|\n|t:|1733862335\n|switch|p2a: Hitmonchan|Hitmonchan, L87, M|197/229\n|move|p1a: Luxray|Ice Fang|p2a: Hitmonchan\n|-damage|p2a: Hitmonchan|136/229\n|\n|-heal|p2a: Hitmonchan|150/229|[from] item: Leftovers\n|upkeep\n|turn|33\n|\n|t:|1733862347\n|move|p2a: Hitmonchan|Bulk Up|p2a: Hitmonchan\n|-boost|p2a: Hitmonchan|atk|1\n|-boost|p2a: Hitmonchan|def|1\n|move|p1a: Luxray|Wild Charge|p2a: Hitmonchan\n|-damage|p2a: Hitmonchan|63/229\n|-damage|p1a: Luxray|262/284|[from] Recoil\n|\n|-heal|p2a: Hitmonchan|77/229|[from] item: Leftovers\n|upkeep\n|turn|34\n|\n|t:|1733862357\n|move|p2a: Hitmonchan|Drain Punch|p1a: Luxray\n|-crit|p1a: Luxray\n|-damage|p1a: Luxray|7/284\n|-heal|p2a: Hitmonchan|205/229|[from] drain|[of] p1a: Luxray\n|move|p1a: Luxray|Wild Charge|p2a: Hitmonchan\n|-damage|p2a: Hitmonchan|112/229\n|-damage|p1a: Luxray|0 fnt|[from] Recoil\n|faint|p1a: Luxray\n|\n|-heal|p2a: Hitmonchan|126/229|[from] item: Leftovers\n|upkeep\n|\n|t:|1733862362\n|switch|p1a: Azelf|Azelf, L82|257/257\n|turn|35\n|inactive|Karbalicious has 120 seconds left.\n|\n|t:|1733862374\n|move|p1a: Azelf|Dazzling Gleam|p2a: Hitmonchan\n|-supereffective|p2a: Hitmonchan\n|-damage|p2a: Hitmonchan|0 fnt\n|faint|p2a: Hitmonchan\n|\n|upkeep\n|\n|t:|1733862380\n|switch|p2a: Toxapex|Toxapex, L82, F, tera:Grass|213/216\n|turn|36\n|\n|t:|1733862386\n|move|p1a: Azelf|Dazzling Gleam|p2a: Toxapex\n|-damage|p2a: Toxapex|139/216\n|move|p2a: Toxapex|Liquidation|p1a: Azelf\n|-damage|p1a: Azelf|179/257\n|\n|-heal|p2a: Toxapex|152/216|[from] item: Leftovers\n|upkeep\n|turn|37\n|\n|t:|1733862394\n|move|p1a: Azelf|Dazzling Gleam|p2a: Toxapex\n|-damage|p2a: Toxapex|82/216\n|move|p2a: Toxapex|Liquidation|p1a: Azelf\n|-damage|p1a: Azelf|104/257\n|\n|-heal|p2a: Toxapex|95/216|[from] item: Leftovers\n|upkeep\n|turn|38\n|\n|t:|1733862403\n|move|p1a: Azelf|Dazzling Gleam|p2a: Toxapex\n|-damage|p2a: Toxapex|32/216\n|move|p2a: Toxapex|Recover|p2a: Toxapex\n|-heal|p2a: Toxapex|140/216\n|\n|-heal|p2a: Toxapex|153/216|[from] item: Leftovers\n|upkeep\n|turn|39\n|\n|t:|1733862411\n|move|p1a: Azelf|Dazzling Gleam|p2a: Toxapex\n|-damage|p2a: Toxapex|85/216\n|move|p2a: Toxapex|Liquidation|p1a: Azelf\n|-damage|p1a: Azelf|22/257\n|\n|-heal|p2a: Toxapex|98/216|[from] item: Leftovers\n|upkeep\n|turn|40\n|inactive|Karbalicious has 120 seconds left.\n|c|\u2606Kherax|lol\n|inactive|Karbalicious has 90 seconds left.\n|inactive|Karbalicious has 60 seconds left.\n|inactive|Karbalicious has 30 seconds left.\n|inactive|Karbalicious has 20 seconds left.\n|inactive|Karbalicious has 15 seconds left.\n|inactive|Karbalicious has 10 seconds left.\n|inactive|Karbalicious has 5 seconds left.\n|-message|Karbalicious lost due to inactivity.\n|\n|win|Kherax\n|raw|Karbalicious's rating: 1187 &rarr; <strong>1166</strong><br />(-21 for losing)\n|raw|Kherax's rating: 1237 &rarr; <strong>1258</strong><br />(+21 for winning)\n", "inputlog": ">version bfd83cad13791eb5a5a409923076391caf6fb4d4\n>start {\"formatid\":\"gen9randombattle\",\"seed\":[12174,64653,62611,40424],\"rated\":\"Rated battle\"}\n>player p1 {\"name\":\"Karbalicious\",\"avatar\":\"li\",\"rating\":1187,\"seed\":[33501,56847,49522,15089]}\n>player p2 {\"name\":\"Kherax\",\"avatar\":\"101\",\"rating\":1237,\"seed\":[57599,32681,51679,21531]}\n>p1 move petalblizzard\n>p2 switch 6\n>p1 move swordsdance\n>p2 move swordsdance\n>p1 move knockoff\n>p2 move machpunch\n>p2 switch 3\n>p1 move knockoff\n>p2 move fakeout\n>p1 switch 4\n>p1 move stickyweb\n>p2 move knockoff\n>p1 move spikes\n>p2 move uturn\n>p2 switch 5\n>p1 move spikes\n>p2 move rapidspin\n>p1 move circlethrow\n>p2 move bulkup\n>p1 move circlethrow\n>p2 move outrage\n>p1 move stickyweb\n>p2 move fakeout\n>p1 switch 6\n>p1 move shellsmash\n>p2 move knockoff\n>p1 move earthpower\n>p2 switch 6\n>p1 move earthpower terastallize\n>p2 move wavecrash\n>p1 move earthpower\n>p2 move curse\n>p1 move earthpower\n>p2 move rest\n>p1 move shellsmash\n>p2 move sleeptalk\n>p1 move powergem\n>p2 move sleeptalk\n>p1 move powergem\n>p2 move rest\n>p1 move shellsmash\n>p2 move sleeptalk\n>p1 move powergem\n>p2 move sleeptalk\n>p1 move earthpower\n>p2 move wavecrash\n>p1 move earthpower\n>p2 move rest\n>p1 move earthpower\n>p2 move sleeptalk\n>p1 move earthpower\n>p2 move sleeptalk\n>p1 move earthpower\n>p2 move rest\n>p2 switch 6\n>p1 move earthpower\n>p2 move fakeout\n>p1 switch 5\n>p1 move nuzzle\n>p2 move knockoff\n>p1 move psychicnoise\n>p2 move doubleedge\n>p1 move drainingkiss\n>p2 move doubleedge\n>p2 switch 2\n>p1 move psychicnoise\n>p2 move liquidation terastallize\n>p1 move mysticalfire\n>p2 move liquidation\n>p1 switch 2\n>p1 move icefang\n>p2 switch 4\n>p1 move wildcharge\n>p2 move bulkup\n>p1 move wildcharge\n>p2 move drainpunch\n>p1 switch 3\n>p1 move dazzlinggleam\n>p2 move knockoff\n>p2 switch 4\n>p1 move dazzlinggleam\n>p2 move liquidation\n>p1 move dazzlinggleam\n>p2 move liquidation\n>p1 move dazzlinggleam\n>p2 move recover\n>p1 move dazzlinggleam\n>p2 move liquidation\n>chat \u2606Kherax|lol \n>forcelose p1", "uploadtime": 1733862571, "views": 10, "formatid": "gen9randombattle", "rating": 1166, "private": 0, "password": null}