{"id": "gen9randombattle-2259930153", "format": "[Gen 9] Random Battle", "players": ["lahey21", "ckkxkkskdkdkd"], "log": "|j|\u2606lahey21\n|j|\u2606ckkxkkskdkdkd\n|t:|1733781142\n|gametype|singles\n|player|p1|lahey21|170|1000\n|player|p2|ckkxkkskdkdkd|101|1000\n|teamsize|p1|6\n|teamsize|p2|6\n|gen|9\n|tier|[Gen 9] Random Battle\n|rated|\n|rule|Species Clause: Limit one of each Pok\u00e9mon\n|rule|HP Percentage Mod: HP is shown in percentages\n|rule|Sleep Clause Mod: Limit one foe put to sleep\n|rule|Illusion Level Mod: Illusion disguises the Pok\u00e9mon's true level\n|\n|t:|1733781142\n|start\n|switch|p1a: Registeel|Registeel, L81|262/262\n|switch|p2a: Regidrago|Regidrago, L77|435/435\n|turn|1\n|\n|t:|1733781153\n|switch|p2a: Iron Hands|Iron Hands, L79|373/373\n|move|p1a: Registeel|Iron Defense|p1a: Registeel\n|-boost|p1a: Registeel|def|2\n|\n|upkeep\n|turn|2\n|\n|t:|1733781176\n|switch|p1a: Venusaur|Venusaur, L84, F|272/272\n|move|p2a: Iron Hands|Volt Switch|p1a: Venusaur\n|-resisted|p1a: Venusaur\n|-damage|p1a: Venusaur|255/272\n|\n|t:|1733781187\n|-end|p2a: Iron Hands|Quark Drive|[silent]\n|switch|p2a: Golduck|Golduck, L90, F|290/290|[from] Volt Switch\n|-ability|p2a: Golduck|Cloud Nine\n|\n|-heal|p1a: Venusaur|272/272|[from] item: Leftovers\n|upkeep\n|turn|3\n|\n|t:|1733781193\n|move|p2a: Golduck|Nasty Plot|p2a: Golduck\n|-boost|p2a: Golduck|spa|2\n|move|p1a: Venusaur|Leech Seed|p2a: Golduck\n|-start|p2a: Golduck|move: Leech Seed\n|\n|-damage|p2a: Golduck|254/290|[from] Leech Seed|[of] p1a: Venusaur\n|upkeep\n|turn|4\n|inactive|Battle timer is ON: inactive players will automatically lose when time's up. (requested by ckkxkkskdkdkd)\n|\n|t:|1733781237\n|move|p2a: Golduck|Encore|p1a: Venusaur\n|-start|p1a: Venusaur|Encore\n|move|p1a: Venusaur|Leech Seed|p2a: Golduck|[miss]\n|-miss|p1a: Venusaur|p2a: Golduck\n|\n|-heal|p2a: Golduck|272/290|[from] item: Leftovers\n|-damage|p2a: Golduck|236/290|[from] Leech Seed|[of] p1a: Venusaur\n|upkeep\n|turn|5\n|\n|t:|1733781245\n|move|p2a: Golduck|Nasty Plot|p2a: Golduck\n|-boost|p2a: Golduck|spa|2\n|move|p1a: Venusaur|Leech Seed|p2a: Golduck|[miss]\n|-miss|p1a: Venusaur|p2a: Golduck\n|\n|-heal|p2a: Golduck|254/290|[from] item: Leftovers\n|-damage|p2a: Golduck|218/290|[from] Leech Seed|[of] p1a: Venusaur\n|upkeep\n|turn|6\n|\n|t:|1733781257\n|switch|p1a: Probopass|Probopass, L92, M|260/260\n|move|p2a: Golduck|Ice Beam|p1a: Probopass\n|-resisted|p1a: Probopass\n|-damage|p1a: Probopass|192/260\n|\n|-heal|p2a: Golduck|236/290|[from] item: Leftovers\n|-damage|p2a: Golduck|200/290|[from] Leech Seed|[of] p1a: Probopass\n|-heal|p1a: Probopass|228/260|[silent]\n|upkeep\n|turn|7\n|\n|t:|1733781265\n|move|p2a: Golduck|Hydro Pump|p1a: Probopass|[miss]\n|-miss|p2a: Golduck|p1a: Probopass\n|move|p1a: Probopass|Body Press|p2a: Golduck\n|-damage|p2a: Golduck|101/290\n|\n|-heal|p2a: Golduck|119/290|[from] item: Leftovers\n|-damage|p2a: Golduck|83/290|[from] Leech Seed|[of] p1a: Probopass\n|-heal|p1a: Probopass|260/260|[silent]\n|upkeep\n|turn|8\n|\n|t:|1733781283\n|move|p2a: Golduck|Hydro Pump|p1a: Probopass\n|-supereffective|p1a: Probopass\n|-damage|p1a: Probopass|0 fnt\n|faint|p1a: Probopass\n|\n|-heal|p2a: Golduck|101/290|[from] item: Leftovers\n|upkeep\n|\n|t:|1733781287\n|switch|p1a: Venusaur|Venusaur, L84, F|272/272\n|turn|9\n|\n|t:|1733781293\n|-terastallize|p1a: Venusaur|Water\n|move|p2a: Golduck|Ice Beam|p1a: Venusaur\n|-resisted|p1a: Venusaur\n|-damage|p1a: Venusaur|171/272\n|move|p1a: Venusaur|Giga Drain|p2a: Golduck\n|-supereffective|p2a: Golduck\n|-damage|p2a: Golduck|0 fnt\n|-heal|p1a: Venusaur|222/272|[from] drain|[of] p2a: Golduck\n|faint|p2a: Golduck\n|\n|-heal|p1a: Venusaur|239/272|[from] item: Leftovers\n|upkeep\n|\n|t:|1733781295\n|switch|p2a: Shaymin|Shaymin, L82|298/298\n|turn|10\n|\n|t:|1733781310\n|switch|p1a: Pachirisu|Pachirisu, L96, M|271/271\n|move|p2a: Shaymin|Seed Flare|p1a: Pachirisu\n|-damage|p1a: Pachirisu|159/271\n|-unboost|p1a: Pachirisu|spd|2\n|\n|upkeep\n|turn|11\n|\n|t:|1733781321\n|move|p1a: Pachirisu|U-turn|p2a: Shaymin\n|-supereffective|p2a: Shaymin\n|-damage|p2a: Shaymin|224/298\n|\n|t:|1733781327\n|switch|p1a: Registeel|Registeel, L81|262/262|[from] U-turn\n|move|p2a: Shaymin|Seed Flare|p1a: Registeel\n|-resisted|p1a: Registeel\n|-damage|p1a: Registeel|220/262\n|\n|-heal|p2a: Shaymin|242/298|[from] item: Leftovers\n|upkeep\n|turn|12\n|\n|t:|1733781337\n|switch|p2a: Volbeat|Volbeat, L90, M|263/263\n|move|p1a: Registeel|Iron Head|p2a: Volbeat\n|-damage|p2a: Volbeat|193/263\n|\n|upkeep\n|turn|13\n|\n|t:|1733781349\n|move|p2a: Volbeat|Encore|p1a: Registeel\n|-start|p1a: Registeel|Encore\n|move|p1a: Registeel|Iron Head|p2a: Volbeat\n|-damage|p2a: Volbeat|124/263\n|\n|upkeep\n|turn|14\n|\n|t:|1733781357\n|move|p2a: Volbeat|Roost|p2a: Volbeat\n|-heal|p2a: Volbeat|256/263\n|-singleturn|p2a: Volbeat|move: Roost\n|move|p1a: Registeel|Iron Head|p2a: Volbeat\n|-damage|p2a: Volbeat|192/263\n|\n|upkeep\n|turn|15\n|\n|t:|1733781369\n|move|p2a: Volbeat|U-turn|p1a: Registeel\n|-resisted|p1a: Registeel\n|-damage|p1a: Registeel|196/262\n|\n|t:|1733781376\n|switch|p2a: Primarina|Primarina, L83, M|268/268|[from] U-turn\n|move|p1a: Registeel|Iron Head|p2a: Primarina\n|-damage|p2a: Primarina|199/268\n|\n|-end|p1a: Registeel|Encore\n|upkeep\n|turn|16\n|\n|t:|1733781384\n|move|p2a: Primarina|Hydro Pump|p1a: Registeel\n|-damage|p1a: Registeel|45/262\n|move|p1a: Registeel|Iron Head|p2a: Primarina\n|-damage|p2a: Primarina|121/268\n|\n|upkeep\n|turn|17\n|\n|t:|1733781392\n|move|p2a: Primarina|Hydro Pump|p1a: Registeel\n|-damage|p1a: Registeel|0 fnt\n|faint|p1a: Registeel\n|\n|upkeep\n|\n|t:|1733781396\n|switch|p1a: Venusaur|Venusaur, L84, F, tera:Water|239/272\n|turn|18\n|\n|t:|1733781401\n|switch|p2a: Volbeat|Volbeat, L90, M|192/263\n|move|p1a: Venusaur|Giga Drain|p2a: Volbeat\n|-resisted|p2a: Volbeat\n|-damage|p2a: Volbeat|150/263\n|-heal|p1a: Venusaur|260/272|[from] drain|[of] p2a: Volbeat\n|\n|-heal|p1a: Venusaur|272/272|[from] item: Leftovers\n|upkeep\n|turn|19\n|\n|t:|1733781409\n|move|p2a: Volbeat|Encore|p1a: Venusaur\n|-start|p1a: Venusaur|Encore\n|move|p1a: Venusaur|Giga Drain|p2a: Volbeat\n|-resisted|p2a: Volbeat\n|-damage|p2a: Volbeat|112/263\n|\n|upkeep\n|turn|20\n|\n|t:|1733781417\n|move|p2a: Volbeat|Roost|p2a: Volbeat\n|-heal|p2a: Volbeat|244/263\n|-singleturn|p2a: Volbeat|move: Roost\n|move|p1a: Venusaur|Giga Drain|p2a: Volbeat\n|-resisted|p2a: Volbeat\n|-damage|p2a: Volbeat|208/263\n|\n|upkeep\n|turn|21\n|\n|t:|1733781429\n|switch|p1a: Flygon|Flygon, L82, M|265/265\n|move|p2a: Volbeat|Thunder Wave|p1a: Flygon\n|-immune|p1a: Flygon\n|\n|upkeep\n|turn|22\n|\n|t:|1733781437\n|move|p2a: Volbeat|Roost|p2a: Volbeat\n|-heal|p2a: Volbeat|263/263\n|-singleturn|p2a: Volbeat|move: Roost\n|move|p1a: Flygon|Dragon Dance|p1a: Flygon\n|-boost|p1a: Flygon|atk|1\n|-boost|p1a: Flygon|spe|1\n|\n|upkeep\n|turn|23\n|\n|t:|1733781446\n|move|p2a: Volbeat|Encore|p1a: Flygon\n|-start|p1a: Flygon|Encore\n|move|p1a: Flygon|Dragon Dance|p1a: Flygon\n|-boost|p1a: Flygon|atk|1\n|-boost|p1a: Flygon|spe|1\n|\n|upkeep\n|turn|24\n|\n|t:|1733781450\n|move|p1a: Flygon|Dragon Dance|p1a: Flygon\n|-boost|p1a: Flygon|atk|1\n|-boost|p1a: Flygon|spe|1\n|move|p2a: Volbeat|U-turn|p1a: Flygon\n|-damage|p1a: Flygon|189/265\n|\n|t:|1733781452\n|switch|p2a: Primarina|Primarina, L83, M|121/268|[from] U-turn\n|\n|upkeep\n|turn|25\n|\n|t:|1733781462\n|move|p1a: Flygon|Dragon Dance|p1a: Flygon\n|-boost|p1a: Flygon|atk|1\n|-boost|p1a: Flygon|spe|1\n|move|p2a: Primarina|Moonblast|p1a: Flygon\n|-supereffective|p1a: Flygon\n|-damage|p1a: Flygon|0 fnt\n|faint|p1a: Flygon\n|\n|upkeep\n|\n|t:|1733781469\n|switch|p1a: Venusaur|Venusaur, L84, F, tera:Water|272/272\n|turn|26\n|\n|t:|1733781471\n|move|p1a: Venusaur|Giga Drain|p2a: Primarina\n|-supereffective|p2a: Primarina\n|-damage|p2a: Primarina|0 fnt\n|faint|p2a: Primarina\n|\n|upkeep\n|\n|t:|1733781476\n|switch|p2a: Volbeat|Volbeat, L90, M|263/263\n|turn|27\n|\n|t:|1733781479\n|move|p2a: Volbeat|Encore|p1a: Venusaur\n|-start|p1a: Venusaur|Encore\n|move|p1a: Venusaur|Giga Drain|p2a: Volbeat\n|-resisted|p2a: Volbeat\n|-damage|p2a: Volbeat|223/263\n|\n|upkeep\n|turn|28\n|\n|t:|1733781486\n|switch|p1a: Pachirisu|Pachirisu, L96, M|159/271\n|move|p2a: Volbeat|U-turn|p1a: Pachirisu\n|-damage|p1a: Pachirisu|87/271\n|\n|t:|1733781490\n|switch|p2a: Iron Hands|Iron Hands, L79|373/373|[from] U-turn\n|\n|upkeep\n|turn|29\n|\n|t:|1733781495\n|move|p1a: Pachirisu|Encore||[still]\n|-fail|p1a: Pachirisu\n|move|p2a: Iron Hands|Ice Punch|p1a: Pachirisu\n|-damage|p1a: Pachirisu|24/271\n|\n|upkeep\n|turn|30\n|\n|t:|1733781499\n|move|p1a: Pachirisu|Super Fang|p2a: Iron Hands\n|-damage|p2a: Iron Hands|187/373\n|move|p2a: Iron Hands|Ice Punch|p1a: Pachirisu\n|-damage|p1a: Pachirisu|0 fnt\n|faint|p1a: Pachirisu\n|\n|upkeep\n|\n|t:|1733781506\n|switch|p1a: Arceus|Arceus-Dragon, L71|288/288\n|turn|31\n|\n|t:|1733781512\n|move|p1a: Arceus|Calm Mind|p1a: Arceus\n|-boost|p1a: Arceus|spa|1\n|-boost|p1a: Arceus|spd|1\n|move|p2a: Iron Hands|Volt Switch|p1a: Arceus\n|-resisted|p1a: Arceus\n|-damage|p1a: Arceus|274/288\n|\n|t:|1733781515\n|-end|p2a: Iron Hands|Quark Drive|[silent]\n|switch|p2a: Volbeat|Volbeat, L90, M|223/263|[from] Volt Switch\n|\n|upkeep\n|turn|32\n|\n|t:|1733781524\n|move|p2a: Volbeat|Encore|p1a: Arceus\n|-start|p1a: Arceus|Encore\n|move|p1a: Arceus|Calm Mind|p1a: Arceus\n|-boost|p1a: Arceus|spa|1\n|-boost|p1a: Arceus|spd|1\n|\n|upkeep\n|turn|33\n|\n|t:|1733781529\n|move|p2a: Volbeat|Thunder Wave|p1a: Arceus\n|-status|p1a: Arceus|par\n|move|p1a: Arceus|Calm Mind|p1a: Arceus\n|-boost|p1a: Arceus|spa|1\n|-boost|p1a: Arceus|spd|1\n|\n|upkeep\n|turn|34\n|\n|t:|1733781534\n|move|p2a: Volbeat|Roost|p2a: Volbeat\n|-heal|p2a: Volbeat|263/263\n|-singleturn|p2a: Volbeat|move: Roost\n|move|p1a: Arceus|Calm Mind|p1a: Arceus\n|-boost|p1a: Arceus|spa|1\n|-boost|p1a: Arceus|spd|1\n|\n|-end|p1a: Arceus|Encore\n|upkeep\n|turn|35\n|\n|t:|1733781537\n|move|p2a: Volbeat|Encore|p1a: Arceus\n|-start|p1a: Arceus|Encore\n|cant|p1a: Arceus|par\n|\n|upkeep\n|turn|36\n|\n|t:|1733781541\n|move|p2a: Volbeat|U-turn|p1a: Arceus\n|-damage|p1a: Arceus|210/288 par\n|\n|t:|1733781543\n|switch|p2a: Regidrago|Regidrago, L77|435/435|[from] U-turn\n|move|p1a: Arceus|Calm Mind|p1a: Arceus\n|-boost|p1a: Arceus|spa|1\n|-boost|p1a: Arceus|spd|1\n|\n|upkeep\n|turn|37\n|\n|t:|1733781547\n|move|p2a: Regidrago|Dragon Dance|p2a: Regidrago\n|-boost|p2a: Regidrago|atk|1\n|-boost|p2a: Regidrago|spe|1\n|cant|p1a: Arceus|par\n|\n|-end|p1a: Arceus|Encore\n|upkeep\n|turn|38\n|\n|t:|1733781551\n|move|p2a: Regidrago|Dragon Claw|p1a: Arceus\n|-supereffective|p1a: Arceus\n|-damage|p1a: Arceus|0 fnt\n|faint|p1a: Arceus\n|-damage|p2a: Regidrago|392/435|[from] item: Life Orb\n|\n|upkeep\n|\n|t:|1733781555\n|switch|p1a: Venusaur|Venusaur, L84, F, tera:Water|272/272\n|turn|39\n|\n|t:|1733781558\n|move|p2a: Regidrago|Dragon Claw|p1a: Venusaur\n|-damage|p1a: Venusaur|64/272\n|-damage|p2a: Regidrago|349/435|[from] item: Life Orb\n|move|p1a: Venusaur|Sludge Bomb|p2a: Regidrago\n|-damage|p2a: Regidrago|198/435\n|\n|-heal|p1a: Venusaur|81/272|[from] item: Leftovers\n|upkeep\n|turn|40\n|\n|t:|1733781562\n|move|p2a: Regidrago|Dragon Claw|p1a: Venusaur\n|-damage|p1a: Venusaur|0 fnt\n|faint|p1a: Venusaur\n|-damage|p2a: Regidrago|155/435|[from] item: Life Orb\n|\n|win|ckkxkkskdkdkd\n|raw|lahey21's rating: 1000 &rarr; <strong>1000</strong><br />(+0 for losing)\n|raw|ckkxkkskdkdkd's rating: 1042 &rarr; <strong>1072</strong><br />(+30 for winning)\n", "inputlog": ">version bfd83cad13791eb5a5a409923076391caf6fb4d4\n>start {\"formatid\":\"gen9randombattle\",\"seed\":[1563,25833,44909,51290],\"rated\":\"Rated battle\"}\n>player p1 {\"name\":\"lahey21\",\"avatar\":\"170\",\"rating\":1000,\"seed\":[33059,59403,61233,28995]}\n>player p2 {\"name\":\"ckkxkkskdkdkd\",\"avatar\":\"101\",\"rating\":1000,\"seed\":[63551,64976,13173,34046]}\n>p1 move irondefense\n>p2 switch 3\n>p1 switch 2\n>p2 move voltswitch\n>p2 switch 6\n>p1 move leechseed\n>p2 move nastyplot\n>p1 move substitute\n>p2 move encore\n>p1 move leechseed\n>p2 move nastyplot\n>p1 switch 6\n>p2 move icebeam\n>p1 move bodypress\n>p2 move hydropump\n>p1 move bodypress\n>p2 move hydropump\n>p1 switch 6\n>p1 move gigadrain terastallize\n>p2 move icebeam\n>p2 switch 2\n>p1 switch 5\n>p2 move seedflare\n>p1 move uturn\n>p2 move seedflare\n>p1 switch 2\n>p1 move ironhead\n>p2 switch 5\n>p1 move ironhead\n>p2 move encore\n>p1 move ironhead\n>p2 move roost\n>p1 move ironhead\n>p2 move uturn\n>p2 switch 4\n>p1 move ironhead\n>p2 move hydropump\n>p1 move ironhead\n>p2 move hydropump\n>p1 switch 5\n>p1 move gigadrain\n>p2 switch 4\n>p1 move sludgebomb\n>p2 move encore\n>p1 move gigadrain\n>p2 move roost\n>p1 switch 3\n>p2 move thunderwave\n>p1 move dragondance\n>p2 move roost\n>p1 move dragondance\n>p2 move encore\n>p1 move dragondance\n>p2 move uturn\n>p2 switch 4\n>p1 move dragondance\n>p2 move moonblast\n>p1 switch 3\n>p1 move gigadrain\n>p2 move moonblast\n>p2 switch 4\n>p1 move sludgebomb\n>p2 move encore\n>p1 switch 2\n>p2 move uturn\n>p2 switch 6\n>p1 move encore\n>p2 move icepunch\n>p1 move superfang\n>p2 move icepunch\n>p1 switch 4\n>p1 move calmmind\n>p2 move voltswitch\n>p2 switch 6\n>p1 move fireblast\n>p2 move encore\n>p1 move calmmind\n>p2 move thunderwave\n>p1 move calmmind\n>p2 move roost\n>p1 move fireblast\n>p2 move encore\n>p1 move calmmind\n>p2 move uturn\n>p2 switch 3\n>p1 move calmmind\n>p2 move dragondance\n>p1 move judgment\n>p2 move dragonclaw\n>p1 switch 2\n>p1 move sludgebomb\n>p2 move dragonclaw\n>p1 move sludgebomb\n>p2 move dragonclaw", "uploadtime": 1733781564, "views": 1, "formatid": "gen9randombattle", "rating": 1000, "private": 0, "password": null}