{"id": "gen9randombattle-2260817259", "format": "[Gen 9] Random Battle", "players": ["fasbool", "Bigpyr"], "log": "|j|\u2606fasbool\n|j|\u2606Bigpyr\n|t:|1733897396\n|gametype|singles\n|player|p1|fasbool|170|1175\n|player|p2|Bigpyr|170|1147\n|teamsize|p1|6\n|teamsize|p2|6\n|gen|9\n|tier|[Gen 9] Random Battle\n|rated|\n|rule|Species Clause: Limit one of each Pok\u00e9mon\n|rule|HP Percentage Mod: HP is shown in percentages\n|rule|Sleep Clause Mod: Limit one foe put to sleep\n|rule|Illusion Level Mod: Illusion disguises the Pok\u00e9mon's true level\n|\n|t:|1733897396\n|start\n|switch|p1a: Mimikyu|Mimikyu, L79, M|216/216\n|switch|p2a: Rhyperior|Rhyperior, L82, F|323/323\n|turn|1\n|inactive|Battle timer is ON: inactive players will automatically lose when time's up. (requested by Bigpyr)\n|inactive|Bigpyr has 120 seconds left.\n|\n|t:|1733897433\n|move|p1a: Mimikyu|Swords Dance|p1a: Mimikyu\n|-boost|p1a: Mimikyu|atk|2\n|move|p2a: Rhyperior|Ice Punch|p1a: Mimikyu\n|-activate|p1a: Mimikyu|ability: Disguise\n|-damage|p1a: Mimikyu|216/216\n|detailschange|p1a: Mimikyu|Mimikyu-Busted, L79, M\n|-damage|p1a: Mimikyu|189/216|[from] pokemon: Mimikyu-Busted\n|\n|upkeep\n|turn|2\n|\n|t:|1733897444\n|move|p1a: Mimikyu|Play Rough|p2a: Rhyperior\n|-damage|p2a: Rhyperior|162/323\n|-damage|p1a: Mimikyu|168/216|[from] item: Life Orb\n|move|p2a: Rhyperior|Rock Polish|p2a: Rhyperior\n|-boost|p2a: Rhyperior|spe|2\n|\n|upkeep\n|turn|3\n|\n|t:|1733897450\n|move|p2a: Rhyperior|Stone Edge|p1a: Mimikyu\n|-damage|p1a: Mimikyu|24/216\n|move|p1a: Mimikyu|Drain Punch|p2a: Rhyperior\n|-supereffective|p2a: Rhyperior\n|-damage|p2a: Rhyperior|31/323\n|-heal|p1a: Mimikyu|90/216|[from] drain|[of] p2a: Rhyperior\n|-enditem|p2a: Rhyperior|Weakness Policy\n|-boost|p2a: Rhyperior|atk|2|[from] item: Weakness Policy\n|-boost|p2a: Rhyperior|spa|2|[from] item: Weakness Policy\n|-damage|p1a: Mimikyu|69/216|[from] item: Life Orb\n|\n|upkeep\n|turn|4\n|\n|t:|1733897459\n|move|p1a: Mimikyu|Shadow Sneak|p2a: Rhyperior\n|-crit|p2a: Rhyperior\n|-damage|p2a: Rhyperior|0 fnt\n|faint|p2a: Rhyperior\n|-damage|p1a: Mimikyu|48/216|[from] item: Life Orb\n|\n|upkeep\n|inactive|Bigpyr has 120 seconds left.\n|\n|t:|1733897510\n|switch|p2a: Vespiquen|Vespiquen, L98, F|296/296\n|-ability|p2a: Vespiquen|Pressure\n|turn|5\n|\n|t:|1733897515\n|move|p1a: Mimikyu|Play Rough|p2a: Vespiquen\n|-damage|p2a: Vespiquen|150/296\n|-damage|p1a: Mimikyu|27/216|[from] item: Life Orb\n|move|p2a: Vespiquen|Air Slash|p1a: Mimikyu\n|-damage|p1a: Mimikyu|0 fnt\n|faint|p1a: Mimikyu\n|\n|upkeep\n|\n|t:|1733897524\n|switch|p1a: Galvantula|Galvantula, L82, M|249/249\n|turn|6\n|inactive|Bigpyr has 120 seconds left.\n|\n|t:|1733897534\n|move|p1a: Galvantula|Volt Switch|p2a: Vespiquen\n|-supereffective|p2a: Vespiquen\n|-damage|p2a: Vespiquen|46/296\n|\n|t:|1733897546\n|switch|p1a: Cryogonal|Cryogonal, L89|287/287|[from] Volt Switch\n|move|p2a: Vespiquen|Toxic Spikes|p1a: Cryogonal\n|-sidestart|p1: fasbool|move: Toxic Spikes\n|\n|upkeep\n|turn|7\n|\n|t:|1733897552\n|move|p1a: Cryogonal|Freeze-Dry|p2a: Vespiquen\n|-supereffective|p2a: Vespiquen\n|-damage|p2a: Vespiquen|0 fnt\n|faint|p2a: Vespiquen\n|\n|upkeep\n|\n|t:|1733897557\n|switch|p2a: Ninetales|Ninetales, L85, F|263/263\n|-weather|SunnyDay|[from] ability: Drought|[of] p2a: Ninetales\n|turn|8\n|\n|t:|1733897575\n|switch|p1a: Landorus|Landorus, L75, M|257/257\n|move|p2a: Ninetales|Nasty Plot|p2a: Ninetales\n|-boost|p2a: Ninetales|spa|2\n|\n|-weather|SunnyDay|[upkeep]\n|upkeep\n|turn|9\n|\n|t:|1733897587\n|-terastallize|p2a: Ninetales|Grass\n|move|p2a: Ninetales|Solar Beam||[still]\n|-prepare|p2a: Ninetales|Solar Beam\n|-anim|p2a: Ninetales|Solar Beam|p1a: Landorus\n|-damage|p1a: Landorus|0 fnt\n|faint|p1a: Landorus\n|\n|-weather|SunnyDay|[upkeep]\n|upkeep\n|\n|t:|1733897595\n|switch|p1a: Volcanion|Volcanion, L79|255/255\n|-status|p1a: Volcanion|psn\n|turn|10\n|inactive|Bigpyr has 120 seconds left.\n|\n|t:|1733897626\n|move|p1a: Volcanion|Flamethrower|p2a: Ninetales\n|-supereffective|p2a: Ninetales\n|-damage|p2a: Ninetales|0 fnt\n|faint|p2a: Ninetales\n|\n|-weather|SunnyDay|[upkeep]\n|-damage|p1a: Volcanion|224/255 psn|[from] psn\n|upkeep\n|inactive|Bigpyr has 120 seconds left.\n|\n|t:|1733897635\n|switch|p2a: Gliscor|Gliscor, L76, M|239/239\n|turn|11\n|\n|t:|1733897644\n|switch|p1a: Cryogonal|Cryogonal, L89|287/287\n|move|p2a: Gliscor|Earthquake|p1a: Cryogonal\n|-immune|p1a: Cryogonal|[from] ability: Levitate\n|\n|-weather|SunnyDay|[upkeep]\n|-status|p2a: Gliscor|tox|[from] item: Toxic Orb\n|upkeep\n|turn|12\n|\n|t:|1733897651\n|move|p1a: Cryogonal|Rapid Spin|p2a: Gliscor\n|-damage|p2a: Gliscor|218/239 tox\n|-boost|p1a: Cryogonal|spe|1\n|-sideend|p1: fasbool|Toxic Spikes|[from] move: Rapid Spin|[of] p1a: Cryogonal\n|move|p2a: Gliscor|Knock Off|p1a: Cryogonal\n|-damage|p1a: Cryogonal|204/287\n|-enditem|p1a: Cryogonal|Heavy-Duty Boots|[from] move: Knock Off|[of] p2a: Gliscor\n|\n|-weather|none\n|-heal|p2a: Gliscor|239/239 tox|[from] ability: Poison Heal\n|upkeep\n|turn|13\n|\n|t:|1733897660\n|switch|p2a: Dialga|Dialga, L73|266/266\n|-ability|p2a: Dialga|Pressure\n|move|p1a: Cryogonal|Freeze-Dry|p2a: Dialga\n|-damage|p2a: Dialga|212/266\n|\n|upkeep\n|turn|14\n|\n|t:|1733897672\n|switch|p1a: Galvantula|Galvantula, L82, M|249/249\n|move|p2a: Dialga|Fire Blast|p1a: Galvantula\n|-supereffective|p1a: Galvantula\n|-damage|p1a: Galvantula|33/249\n|\n|upkeep\n|turn|15\n|\n|t:|1733897681\n|move|p1a: Galvantula|Sticky Web|p2a: Dialga\n|-sidestart|p2: Bigpyr|move: Sticky Web\n|move|p2a: Dialga|Fire Blast|p1a: Galvantula|[miss]\n|-miss|p2a: Dialga|p1a: Galvantula\n|\n|upkeep\n|turn|16\n|\n|t:|1733897690\n|move|p1a: Galvantula|Thunder|p2a: Dialga\n|-resisted|p2a: Dialga\n|-damage|p2a: Dialga|174/266\n|-status|p2a: Dialga|par\n|move|p2a: Dialga|Heavy Slam|p1a: Galvantula\n|-resisted|p1a: Galvantula\n|-damage|p1a: Galvantula|0 fnt\n|faint|p1a: Galvantula\n|\n|upkeep\n|\n|t:|1733897696\n|switch|p1a: Donphan|Donphan, L84, M|288/288\n|turn|17\n|\n|t:|1733897711\n|move|p1a: Donphan|Ice Spinner|p2a: Dialga\n|-damage|p2a: Dialga|84/266 par\n|move|p2a: Dialga|Dragon Tail|p1a: Donphan\n|-damage|p1a: Donphan|240/288\n|drag|p1a: Cryogonal|Cryogonal, L89|204/287\n|\n|upkeep\n|turn|18\n|\n|t:|1733897717\n|move|p1a: Cryogonal|Freeze-Dry|p2a: Dialga\n|-damage|p2a: Dialga|24/266 par\n|move|p2a: Dialga|Fire Blast|p1a: Cryogonal\n|-supereffective|p1a: Cryogonal\n|-damage|p1a: Cryogonal|78/287\n|\n|upkeep\n|turn|19\n|\n|t:|1733897723\n|move|p1a: Cryogonal|Freeze-Dry|p2a: Dialga\n|-damage|p2a: Dialga|0 fnt\n|faint|p2a: Dialga\n|\n|upkeep\n|\n|t:|1733897742\n|switch|p2a: Persian|Persian-Alola, L86, F|252/252\n|-activate|p2a: Persian|move: Sticky Web\n|-unboost|p2a: Persian|spe|1\n|turn|20\n|\n|t:|1733897750\n|move|p1a: Cryogonal|Freeze-Dry|p2a: Persian\n|-damage|p2a: Persian|158/252\n|-status|p2a: Persian|frz\n|cant|p2a: Persian|frz\n|\n|upkeep\n|turn|21\n|\n|t:|1733897754\n|move|p1a: Cryogonal|Freeze-Dry|p2a: Persian\n|-damage|p2a: Persian|59/252 frz\n|cant|p2a: Persian|frz\n|\n|upkeep\n|turn|22\n|c|\u2606fasbool|sry\n|\n|t:|1733897764\n|move|p1a: Cryogonal|Freeze-Dry|p2a: Persian\n|-damage|p2a: Persian|0 fnt\n|faint|p2a: Persian\n|\n|upkeep\n|\n|t:|1733897769\n|switch|p2a: Gliscor|Gliscor, L76, M|239/239 tox\n|turn|23\n|\n|t:|1733897774\n|move|p1a: Cryogonal|Freeze-Dry|p2a: Gliscor\n|-supereffective|p2a: Gliscor\n|-damage|p2a: Gliscor|0 fnt\n|faint|p2a: Gliscor\n|\n|win|fasbool\n|raw|fasbool's rating: 1175 &rarr; <strong>1198</strong><br />(+23 for winning)\n|raw|Bigpyr's rating: 1147 &rarr; <strong>1124</strong><br />(-23 for losing)\n|l|\u2606Bigpyr\n|player|p2|\n", "inputlog": ">version bfd83cad13791eb5a5a409923076391caf6fb4d4\n>start {\"formatid\":\"gen9randombattle\",\"seed\":[38073,56429,24510,4040],\"rated\":\"Rated battle\"}\n>player p1 {\"name\":\"fasbool\",\"avatar\":\"170\",\"rating\":1175,\"seed\":[26436,7583,26573,54465]}\n>player p2 {\"name\":\"Bigpyr\",\"avatar\":\"170\",\"rating\":1147,\"seed\":[46526,1723,36700,8231]}\n>p1 move swordsdance\n>p2 move icepunch\n>p1 move playrough\n>p2 move rockpolish\n>p1 move drainpunch\n>p2 move stoneedge\n>p1 move shadowsneak\n>p2 move stoneedge\n>p2 switch 6\n>p1 move playrough\n>p2 move airslash\n>p1 switch 6\n>p1 move voltswitch\n>p2 move toxicspikes\n>p1 switch 3\n>p1 move freezedry\n>p2 move roost\n>p2 switch 3\n>p1 switch 2\n>p2 move nastyplot\n>p1 move earthpower\n>p2 move solarbeam terastallize\n>p1 switch 5\n>p1 move flamethrower\n>p2 move scorchingsands\n>p2 switch 5\n>p1 switch 2\n>p2 move earthquake\n>p1 move rapidspin\n>p2 move knockoff\n>p1 move freezedry\n>p2 switch 2\n>p1 switch 3\n>p2 move fireblast\n>p1 move stickyweb\n>p2 move fireblast\n>p1 move thunder\n>p2 move heavyslam\n>p1 switch 4\n>p1 move icespinner\n>p2 move dragontail\n>p1 move freezedry\n>p2 move fireblast\n>p1 move freezedry\n>p2 move fireblast\n>p2 switch 4\n>p1 move freezedry\n>p2 move darkpulse\n>p1 move freezedry\n>p2 move thunderbolt\n>chat \u2606fasbool|sry\n>p1 move freezedry\n>p2 move nastyplot\n>p2 switch 2\n>p1 move freezedry\n>p2 move knockoff", "uploadtime": 1733897781, "views": 3, "formatid": "gen9randombattle", "rating": 1124, "private": 0, "password": null}