{"id": "gen9randombattle-2260516719", "format": "[Gen 9] Random Battle", "players": ["sesebseesb", "RetroBPSD"], "log": "|j|\u2606sesebseesb\n|j|\u2606RetroBPSD\n|t:|1733859215\n|gametype|singles\n|player|p1|sesebseesb|266|1040\n|player|p2|RetroBPSD|1|1084\n|teamsize|p1|6\n|teamsize|p2|6\n|gen|9\n|tier|[Gen 9] Random Battle\n|rated|\n|rule|Species Clause: Limit one of each Pok\u00e9mon\n|rule|HP Percentage Mod: HP is shown in percentages\n|rule|Sleep Clause Mod: Limit one foe put to sleep\n|rule|Illusion Level Mod: Illusion disguises the Pok\u00e9mon's true level\n|\n|t:|1733859215\n|start\n|switch|p1a: Spidops|Spidops, L96, M|271/271\n|switch|p2a: Girafarig|Girafarig, L89, M|269/269\n|turn|1\n|\n|t:|1733859234\n|move|p2a: Girafarig|Nasty Plot|p2a: Girafarig\n|-boost|p2a: Girafarig|spa|2\n|move|p1a: Spidops|Knock Off|p2a: Girafarig\n|-supereffective|p2a: Girafarig\n|-damage|p2a: Girafarig|149/269\n|-enditem|p2a: Girafarig|Eviolite|[from] move: Knock Off|[of] p1a: Spidops\n|\n|upkeep\n|turn|2\n|\n|t:|1733859243\n|move|p2a: Girafarig|Thunderbolt|p1a: Spidops\n|-damage|p1a: Spidops|142/271\n|move|p1a: Spidops|Sticky Web|p2a: Girafarig\n|-sidestart|p2: RetroBPSD|move: Sticky Web\n|\n|upkeep\n|turn|3\n|inactive|Battle timer is ON: inactive players will automatically lose when time's up. (requested by RetroBPSD)\n|\n|t:|1733859270\n|move|p2a: Girafarig|Hyper Voice|p1a: Spidops\n|-damage|p1a: Spidops|0 fnt\n|faint|p1a: Spidops\n|\n|upkeep\n|\n|t:|1733859290\n|switch|p1a: Squawkabilly|Squawkabilly-Blue, L85, F|278/278\n|turn|4\n|\n|t:|1733859295\n|move|p1a: Squawkabilly|Brave Bird|p2a: Girafarig\n|-damage|p2a: Girafarig|0 fnt\n|faint|p2a: Girafarig\n|-damage|p1a: Squawkabilly|229/278|[from] Recoil\n|\n|-status|p1a: Squawkabilly|brn|[from] item: Flame Orb\n|upkeep\n|\n|t:|1733859305\n|switch|p2a: Kilowattrel|Kilowattrel, L83, M|252/252\n|turn|5\n|\n|t:|1733859311\n|switch|p1a: Piloswine|Piloswine, L85, M|309/309\n|move|p2a: Kilowattrel|Thunderbolt|p1a: Piloswine\n|-immune|p1a: Piloswine\n|\n|upkeep\n|turn|6\n|\n|t:|1733859317\n|move|p2a: Kilowattrel|U-turn|p1a: Piloswine\n|-damage|p1a: Piloswine|280/309\n|\n|t:|1733859323\n|switch|p2a: Politoed|Politoed, L88, M|302/302|[from] U-turn\n|-activate|p2a: Politoed|move: Sticky Web\n|-unboost|p2a: Politoed|spe|1\n|-weather|RainDance|[from] ability: Drizzle|[of] p2a: Politoed\n|move|p1a: Piloswine|Icicle Crash|p2a: Politoed\n|-resisted|p2a: Politoed\n|-damage|p2a: Politoed|255/302\n|\n|-weather|RainDance|[upkeep]\n|upkeep\n|turn|7\n|\n|t:|1733859338\n|switch|p1a: Plusle|Plusle, L95, M|268/268\n|move|p2a: Politoed|Surf|p1a: Plusle\n|-damage|p1a: Plusle|129/268\n|\n|-weather|RainDance|[upkeep]\n|upkeep\n|turn|8\n|\n|t:|1733859347\n|switch|p2a: Hippowdon|Hippowdon, L82, F|311/311\n|-activate|p2a: Hippowdon|move: Sticky Web\n|-unboost|p2a: Hippowdon|spe|1\n|-weather|Sandstorm|[from] ability: Sand Stream|[of] p2a: Hippowdon\n|move|p1a: Plusle|Grass Knot|p2a: Hippowdon\n|-supereffective|p2a: Hippowdon\n|-damage|p2a: Hippowdon|15/311\n|-damage|p1a: Plusle|103/268|[from] item: Life Orb\n|\n|-weather|Sandstorm|[upkeep]\n|-damage|p1a: Plusle|87/268|[from] Sandstorm\n|-heal|p2a: Hippowdon|34/311|[from] item: Leftovers\n|upkeep\n|turn|9\n|\n|t:|1733859367\n|switch|p2a: Kilowattrel|Kilowattrel, L83, M|252/252\n|move|p1a: Plusle|Grass Knot|p2a: Kilowattrel\n|-resisted|p2a: Kilowattrel\n|-damage|p2a: Kilowattrel|207/252\n|-damage|p1a: Plusle|61/268|[from] item: Life Orb\n|\n|-weather|Sandstorm|[upkeep]\n|-damage|p2a: Kilowattrel|192/252|[from] Sandstorm\n|-damage|p1a: Plusle|45/268|[from] Sandstorm\n|upkeep\n|turn|10\n|\n|t:|1733859379\n|move|p2a: Kilowattrel|U-turn|p1a: Plusle\n|-damage|p1a: Plusle|0 fnt\n|faint|p1a: Plusle\n|\n|t:|1733859387\n|switch|p2a: Politoed|Politoed, L88, M|255/302|[from] U-turn\n|-activate|p2a: Politoed|move: Sticky Web\n|-unboost|p2a: Politoed|spe|1\n|-weather|RainDance|[from] ability: Drizzle|[of] p2a: Politoed\n|\n|-weather|RainDance|[upkeep]\n|upkeep\n|\n|t:|1733859392\n|switch|p1a: Squawkabilly|Squawkabilly-Blue, L85, F|229/278 brn\n|turn|11\n|\n|t:|1733859401\n|move|p1a: Squawkabilly|Facade|p2a: Politoed\n|-damage|p2a: Politoed|15/302\n|move|p2a: Politoed|Ice Beam|p1a: Squawkabilly\n|-supereffective|p1a: Squawkabilly\n|-damage|p1a: Squawkabilly|51/278 brn\n|\n|-weather|RainDance|[upkeep]\n|-damage|p1a: Squawkabilly|34/278 brn|[from] brn\n|upkeep\n|turn|12\n|\n|t:|1733859416\n|switch|p2a: Hippowdon|Hippowdon, L82, F|34/311\n|-activate|p2a: Hippowdon|move: Sticky Web\n|-unboost|p2a: Hippowdon|spe|1\n|-weather|Sandstorm|[from] ability: Sand Stream|[of] p2a: Hippowdon\n|move|p1a: Squawkabilly|U-turn|p2a: Hippowdon\n|-damage|p2a: Hippowdon|0 fnt\n|faint|p2a: Hippowdon\n|\n|t:|1733859437\n|switch|p1a: Regieleki|Regieleki, L79|256/256|[from] U-turn\n|\n|-weather|Sandstorm|[upkeep]\n|-damage|p1a: Regieleki|240/256|[from] Sandstorm\n|upkeep\n|\n|t:|1733859447\n|switch|p2a: Kilowattrel|Kilowattrel, L83, M|192/252\n|turn|13\n|\n|t:|1733859454\n|-terastallize|p1a: Regieleki|Ice\n|move|p1a: Regieleki|Tera Blast|p2a: Kilowattrel|[anim] Tera Blast Ice\n|-supereffective|p2a: Kilowattrel\n|-damage|p2a: Kilowattrel|0 fnt\n|faint|p2a: Kilowattrel\n|\n|-weather|Sandstorm|[upkeep]\n|-damage|p1a: Regieleki|224/256|[from] Sandstorm\n|upkeep\n|\n|t:|1733859463\n|switch|p2a: Exeggutor|Exeggutor-Alola, L89, M|314/314\n|-activate|p2a: Exeggutor|move: Sticky Web\n|-unboost|p2a: Exeggutor|spe|1\n|turn|14\n|\n|t:|1733859470\n|-terastallize|p2a: Exeggutor|Fire\n|move|p1a: Regieleki|Volt Switch|p2a: Exeggutor\n|-damage|p2a: Exeggutor|194/314\n|\n|t:|1733859487\n|switch|p1a: Drednaw|Drednaw, L81, F|278/278|[from] Volt Switch\n|move|p2a: Exeggutor|Flamethrower|p1a: Drednaw\n|-resisted|p1a: Drednaw\n|-damage|p1a: Drednaw|250/278\n|\n|-weather|Sandstorm|[upkeep]\n|-damage|p2a: Exeggutor|175/314|[from] Sandstorm\n|upkeep\n|turn|15\n|\n|t:|1733859498\n|move|p1a: Drednaw|Liquidation|p2a: Exeggutor\n|-supereffective|p2a: Exeggutor\n|-damage|p2a: Exeggutor|0 fnt\n|faint|p2a: Exeggutor\n|\n|-weather|Sandstorm|[upkeep]\n|upkeep\n|\n|t:|1733859505\n|switch|p2a: Politoed|Politoed, L88, M|15/302\n|-activate|p2a: Politoed|move: Sticky Web\n|-unboost|p2a: Politoed|spe|1\n|-weather|RainDance|[from] ability: Drizzle|[of] p2a: Politoed\n|turn|16\n|\n|t:|1733859513\n|move|p1a: Drednaw|Shell Smash|p1a: Drednaw\n|-unboost|p1a: Drednaw|def|1\n|-unboost|p1a: Drednaw|spd|1\n|-boost|p1a: Drednaw|atk|2\n|-boost|p1a: Drednaw|spa|2\n|-boost|p1a: Drednaw|spe|2\n|-enditem|p1a: Drednaw|White Herb\n|-clearnegativeboost|p1a: Drednaw|[silent]\n|move|p2a: Politoed|Rest|p2a: Politoed\n|-status|p2a: Politoed|slp|[from] move: Rest\n|-heal|p2a: Politoed|302/302 slp|[silent]\n|-enditem|p2a: Politoed|Chesto Berry|[eat]\n|-curestatus|p2a: Politoed|slp|[msg]\n|\n|-weather|RainDance|[upkeep]\n|upkeep\n|turn|17\n|\n|t:|1733859526\n|move|p1a: Drednaw|Stone Edge|p2a: Politoed\n|-damage|p2a: Politoed|73/302\n|move|p2a: Politoed|Haze|p2a: Politoed\n|-clearallboost\n|\n|-weather|RainDance|[upkeep]\n|upkeep\n|turn|18\n|\n|t:|1733859535\n|move|p2a: Politoed|Surf|p1a: Drednaw\n|-damage|p1a: Drednaw|52/278\n|move|p1a: Drednaw|Earthquake|p2a: Politoed\n|-damage|p2a: Politoed|0 fnt\n|faint|p2a: Politoed\n|\n|-weather|RainDance|[upkeep]\n|upkeep\n|\n|t:|1733859544\n|switch|p2a: Kingambit|Kingambit, L74, F|270/270\n|-activate|p2a: Kingambit|move: Sticky Web\n|-unboost|p2a: Kingambit|spe|1\n|-activate|p2a: Kingambit|ability: Supreme Overlord\n|-start|p2a: Kingambit|fallen5|[silent]\n|turn|19\n|\n|t:|1733859551\n|move|p1a: Drednaw|Earthquake|p2a: Kingambit\n|-supereffective|p2a: Kingambit\n|-damage|p2a: Kingambit|144/270\n|move|p2a: Kingambit|Swords Dance|p2a: Kingambit\n|-boost|p2a: Kingambit|atk|2\n|\n|-weather|RainDance|[upkeep]\n|-heal|p2a: Kingambit|160/270|[from] item: Leftovers\n|upkeep\n|turn|20\n|\n|t:|1733859560\n|move|p1a: Drednaw|Shell Smash|p1a: Drednaw\n|-unboost|p1a: Drednaw|def|1\n|-unboost|p1a: Drednaw|spd|1\n|-boost|p1a: Drednaw|atk|2\n|-boost|p1a: Drednaw|spa|2\n|-boost|p1a: Drednaw|spe|2\n|move|p2a: Kingambit|Kowtow Cleave|p1a: Drednaw\n|-damage|p1a: Drednaw|0 fnt\n|faint|p1a: Drednaw\n|\n|-weather|none\n|-heal|p2a: Kingambit|176/270|[from] item: Leftovers\n|upkeep\n|\n|t:|1733859564\n|switch|p1a: Piloswine|Piloswine, L85, M|280/309\n|turn|21\n|\n|t:|1733859575\n|move|p2a: Kingambit|Sucker Punch|p1a: Piloswine\n|-damage|p1a: Piloswine|114/309\n|move|p1a: Piloswine|Earthquake|p2a: Kingambit\n|-supereffective|p2a: Kingambit\n|-damage|p2a: Kingambit|0 fnt\n|faint|p2a: Kingambit\n|-end|p2a: Kingambit|fallen5|[silent]\n|\n|win|sesebseesb\n|raw|sesebseesb's rating: 1070 &rarr; <strong>1101</strong><br />(+31 for winning)\n|raw|RetroBPSD's rating: 1084 &rarr; <strong>1060</strong><br />(-24 for losing)\n", "inputlog": ">version bfd83cad13791eb5a5a409923076391caf6fb4d4\n>start {\"formatid\":\"gen9randombattle\",\"seed\":[38243,29502,38487,58390],\"rated\":\"Rated battle\"}\n>player p1 {\"name\":\"sesebseesb\",\"avatar\":\"266\",\"rating\":1040,\"seed\":[22155,4992,31608,21635]}\n>player p2 {\"name\":\"RetroBPSD\",\"avatar\":\"1\",\"rating\":1084,\"seed\":[44647,29633,45749,60648]}\n>p1 move knockoff\n>p2 move nastyplot\n>p1 move stickyweb\n>p2 move thunderbolt\n>p1 move spikes\n>p2 move hypervoice\n>p1 switch 4\n>p1 move bravebird\n>p2 move thunderbolt\n>p2 switch 6\n>p1 switch 3\n>p2 move thunderbolt\n>p1 move iciclecrash\n>p2 move uturn\n>p2 switch 3\n>p1 switch 2\n>p2 move surf\n>p1 move grassknot\n>p2 switch 2\n>p1 move grassknot\n>p2 switch 3\n>p1 move grassknot\n>p2 move uturn\n>p2 switch 2\n>p1 switch 3\n>p1 move facade\n>p2 move icebeam\n>p1 move uturn\n>p2 switch 3\n>p1 switch 5\n>p2 switch 2\n>p1 move terablast terastallize\n>p2 move hurricane\n>p2 switch 5\n>p1 move voltswitch\n>p2 move flamethrower terastallize\n>p1 switch 6\n>p1 move liquidation\n>p2 move dragontail\n>p2 switch 3\n>p1 move shellsmash\n>p2 move rest\n>p1 move stoneedge\n>p2 move haze\n>p1 move earthquake\n>p2 move surf\n>p2 switch 4\n>p1 move earthquake\n>p2 move swordsdance\n>p1 move shellsmash\n>p2 move kowtowcleave\n>p1 switch 2\n>p1 move earthquake\n>p2 move suckerpunch", "uploadtime": 1733859578, "views": 1, "formatid": "gen9randombattle", "rating": 1060, "private": 0, "password": null}