{"id": "gen9randombattle-2260466142", "format": "[Gen 9] Random Battle", "players": ["Dantheman1cool", "FundoMango"], "log": "|j|\u2606Dantheman1cool\n|j|\u2606FundoMango\n|t:|1733854341\n|gametype|singles\n|player|p1|Dantheman1cool|gambler|1426\n|player|p2|FundoMango|lusamine-masters|1395\n|teamsize|p1|6\n|teamsize|p2|6\n|gen|9\n|tier|[Gen 9] Random Battle\n|rated|\n|rule|Species Clause: Limit one of each Pok\u00e9mon\n|rule|HP Percentage Mod: HP is shown in percentages\n|rule|Sleep Clause Mod: Limit one foe put to sleep\n|rule|Illusion Level Mod: Illusion disguises the Pok\u00e9mon's true level\n|\n|t:|1733854341\n|start\n|switch|p1a: Noctowl|Noctowl, L95, F|344/344\n|switch|p2a: Comfey|Comfey, L85, M|225/225\n|turn|1\n|inactive|Battle timer is ON: inactive players will automatically lose when time's up. (requested by Dantheman1cool)\n|c|\u2606Dantheman1cool|Glhf\n|c|\u2606FundoMango|glhf\n|\n|t:|1733854370\n|move|p2a: Comfey|Calm Mind|p2a: Comfey\n|-boost|p2a: Comfey|spa|1\n|-boost|p2a: Comfey|spd|1\n|move|p1a: Noctowl|Hurricane|p2a: Comfey|[miss]\n|-miss|p1a: Noctowl|p2a: Comfey\n|\n|upkeep\n|turn|2\n|\n|t:|1733854388\n|switch|p1a: Piloswine|Piloswine, L85, M|309/309\n|move|p2a: Comfey|Calm Mind|p2a: Comfey\n|-boost|p2a: Comfey|spa|1\n|-boost|p2a: Comfey|spd|1\n|\n|upkeep\n|turn|3\n|\n|t:|1733854397\n|move|p2a: Comfey|Giga Drain|p1a: Piloswine\n|-supereffective|p1a: Piloswine\n|-damage|p1a: Piloswine|147/309\n|move|p1a: Piloswine|Roar|p2a: Comfey\n|drag|p2a: Clodsire|Clodsire, L81, F|343/343\n|\n|upkeep\n|turn|4\n|\n|t:|1733854402\n|move|p1a: Piloswine|Icicle Crash|p2a: Clodsire\n|-supereffective|p2a: Clodsire\n|-damage|p2a: Clodsire|71/343\n|move|p2a: Clodsire|Toxic Spikes|p1a: Piloswine\n|-sidestart|p1: Dantheman1cool|move: Toxic Spikes\n|\n|-heal|p2a: Clodsire|92/343|[from] item: Leftovers\n|upkeep\n|turn|5\n|\n|t:|1733854414\n|switch|p2a: Skarmory|Skarmory, L80, M|235/235\n|move|p1a: Piloswine|Icicle Crash|p2a: Skarmory\n|-crit|p2a: Skarmory\n|-damage|p2a: Skarmory|136/235\n|\n|-heal|p2a: Skarmory|150/235|[from] item: Leftovers\n|upkeep\n|turn|6\n|\n|t:|1733854421\n|move|p2a: Skarmory|Body Press|p1a: Piloswine\n|-supereffective|p1a: Piloswine\n|-damage|p1a: Piloswine|55/309\n|move|p1a: Piloswine|Roar|p2a: Skarmory\n|drag|p2a: Scream Tail|Scream Tail, L84|330/330\n|\n|upkeep\n|turn|7\n|\n|t:|1733854427\n|move|p2a: Scream Tail|Dazzling Gleam|p1a: Piloswine\n|-crit|p1a: Piloswine\n|-damage|p1a: Piloswine|0 fnt\n|faint|p1a: Piloswine\n|\n|upkeep\n|\n|t:|1733854436\n|switch|p1a: Noctowl|Noctowl, L95, F|344/344\n|turn|8\n|\n|t:|1733854440\n|move|p2a: Scream Tail|Dazzling Gleam|p1a: Noctowl\n|-damage|p1a: Noctowl|293/344\n|move|p1a: Noctowl|Defog|p2a: Scream Tail\n|-unboost|p2a: Scream Tail|evasion|1\n|-sideend|p1: Dantheman1cool|Toxic Spikes|[from] move: Defog|[of] p1a: Noctowl\n|\n|upkeep\n|turn|9\n|\n|t:|1733854451\n|-end|p2a: Scream Tail|Protosynthesis|[silent]\n|switch|p2a: Kleavor|Kleavor, L78, F|237/237\n|move|p1a: Noctowl|Hurricane|p2a: Kleavor\n|-damage|p2a: Kleavor|65/237\n|-start|p2a: Kleavor|confusion\n|\n|upkeep\n|turn|10\n|\n|t:|1733854457\n|move|p1a: Noctowl|Hurricane|p2a: Kleavor\n|-damage|p2a: Kleavor|0 fnt\n|faint|p2a: Kleavor\n|\n|upkeep\n|c|\u2606FundoMango|whoops forgot to check speed\n|\n|t:|1733854479\n|switch|p2a: Comfey|Comfey, L85, M|225/225\n|turn|11\n|\n|t:|1733854483\n|move|p2a: Comfey|Calm Mind|p2a: Comfey\n|-boost|p2a: Comfey|spa|1\n|-boost|p2a: Comfey|spd|1\n|move|p1a: Noctowl|Hurricane|p2a: Comfey\n|-damage|p2a: Comfey|144/225\n|\n|-heal|p2a: Comfey|158/225|[from] item: Leftovers\n|upkeep\n|turn|12\n|\n|t:|1733854491\n|move|p2a: Comfey|Calm Mind|p2a: Comfey\n|-boost|p2a: Comfey|spa|1\n|-boost|p2a: Comfey|spd|1\n|move|p1a: Noctowl|Hurricane|p2a: Comfey\n|-damage|p2a: Comfey|100/225\n|\n|-heal|p2a: Comfey|114/225|[from] item: Leftovers\n|upkeep\n|turn|13\n|\n|t:|1733854497\n|move|p2a: Comfey|Calm Mind|p2a: Comfey\n|-boost|p2a: Comfey|spa|1\n|-boost|p2a: Comfey|spd|1\n|move|p1a: Noctowl|Hurricane|p2a: Comfey\n|-damage|p2a: Comfey|63/225\n|-start|p2a: Comfey|confusion\n|\n|-heal|p2a: Comfey|77/225|[from] item: Leftovers\n|upkeep\n|turn|14\n|\n|t:|1733854502\n|-activate|p2a: Comfey|confusion\n|-damage|p2a: Comfey|63/225|[from] confusion\n|move|p1a: Noctowl|Hurricane|p2a: Comfey\n|-damage|p2a: Comfey|18/225\n|\n|-heal|p2a: Comfey|32/225|[from] item: Leftovers\n|upkeep\n|turn|15\n|\n|t:|1733854507\n|-activate|p2a: Comfey|confusion\n|move|p2a: Comfey|Draining Kiss|p1a: Noctowl\n|-damage|p1a: Noctowl|187/344\n|-heal|p2a: Comfey|112/225|[from] drain|[of] p1a: Noctowl\n|move|p1a: Noctowl|Hurricane|p2a: Comfey\n|-damage|p2a: Comfey|67/225\n|\n|-heal|p2a: Comfey|81/225|[from] item: Leftovers\n|upkeep\n|turn|16\n|\n|t:|1733854512\n|-activate|p2a: Comfey|confusion\n|-damage|p2a: Comfey|67/225|[from] confusion\n|move|p1a: Noctowl|Hurricane|p2a: Comfey\n|-damage|p2a: Comfey|24/225\n|\n|-heal|p2a: Comfey|38/225|[from] item: Leftovers\n|upkeep\n|turn|17\n|c|\u2606FundoMango|yeeowch\n|\n|t:|1733854519\n|-terastallize|p1a: Noctowl|Steel\n|-activate|p2a: Comfey|confusion\n|move|p2a: Comfey|Draining Kiss|p1a: Noctowl\n|-resisted|p1a: Noctowl\n|-damage|p1a: Noctowl|133/344\n|-heal|p2a: Comfey|79/225|[from] drain|[of] p1a: Noctowl\n|move|p1a: Noctowl|Hurricane|p2a: Comfey\n|-damage|p2a: Comfey|34/225\n|\n|-heal|p2a: Comfey|48/225|[from] item: Leftovers\n|upkeep\n|turn|18\n|c|\u2606FundoMango|WHEN DOES IT END\n|c|\u2606Dantheman1cool|When i say it does\n|\n|t:|1733854547\n|-end|p2a: Comfey|confusion\n|move|p2a: Comfey|Giga Drain|p1a: Noctowl\n|-resisted|p1a: Noctowl\n|-damage|p1a: Noctowl|83/344\n|-heal|p2a: Comfey|73/225|[from] drain|[of] p1a: Noctowl\n|move|p1a: Noctowl|Roost|p1a: Noctowl\n|-heal|p1a: Noctowl|255/344\n|\n|-heal|p2a: Comfey|87/225|[from] item: Leftovers\n|upkeep\n|turn|19\n|c|\u2606FundoMango|that's not good\n|\n|t:|1733854566\n|-terastallize|p2a: Comfey|Steel\n|move|p2a: Comfey|Calm Mind|p2a: Comfey\n|-boost|p2a: Comfey|spa|1\n|-boost|p2a: Comfey|spd|1\n|move|p1a: Noctowl|Hurricane|p2a: Comfey\n|-resisted|p2a: Comfey\n|-damage|p2a: Comfey|49/225\n|\n|-heal|p2a: Comfey|63/225|[from] item: Leftovers\n|upkeep\n|turn|20\n|\n|t:|1733854574\n|move|p2a: Comfey|Giga Drain|p1a: Noctowl\n|-resisted|p1a: Noctowl\n|-damage|p1a: Noctowl|200/344\n|-heal|p2a: Comfey|91/225|[from] drain|[of] p1a: Noctowl\n|move|p1a: Noctowl|Hurricane|p2a: Comfey\n|-resisted|p2a: Comfey\n|-damage|p2a: Comfey|55/225\n|-start|p2a: Comfey|confusion\n|\n|-heal|p2a: Comfey|69/225|[from] item: Leftovers\n|upkeep\n|turn|21\n|\n|t:|1733854584\n|-activate|p2a: Comfey|confusion\n|-damage|p2a: Comfey|55/225|[from] confusion\n|move|p1a: Noctowl|Hurricane|p2a: Comfey\n|-resisted|p2a: Comfey\n|-damage|p2a: Comfey|17/225\n|\n|-heal|p2a: Comfey|31/225|[from] item: Leftovers\n|upkeep\n|turn|22\n|c|\u2606FundoMango|nooot agaiiin\n|\n|t:|1733854589\n|-activate|p2a: Comfey|confusion\n|move|p2a: Comfey|Giga Drain|p1a: Noctowl\n|-resisted|p1a: Noctowl\n|-crit|p1a: Noctowl\n|-damage|p1a: Noctowl|104/344\n|-heal|p2a: Comfey|79/225|[from] drain|[of] p1a: Noctowl\n|move|p1a: Noctowl|Hyper Voice|p2a: Comfey\n|-resisted|p2a: Comfey\n|-damage|p2a: Comfey|49/225\n|\n|-heal|p2a: Comfey|63/225|[from] item: Leftovers\n|upkeep\n|turn|23\n|c|\u2606FundoMango|oh??\n|\n|t:|1733854606\n|-activate|p2a: Comfey|confusion\n|move|p2a: Comfey|Calm Mind|p2a: Comfey\n|-boost|p2a: Comfey|spa|1\n|-boost|p2a: Comfey|spd|1\n|move|p1a: Noctowl|Roost|p1a: Noctowl\n|-heal|p1a: Noctowl|276/344\n|\n|-heal|p2a: Comfey|77/225|[from] item: Leftovers\n|upkeep\n|turn|24\n|\n|t:|1733854612\n|-end|p2a: Comfey|confusion\n|move|p2a: Comfey|Giga Drain|p1a: Noctowl\n|-resisted|p1a: Noctowl\n|-damage|p1a: Noctowl|206/344\n|-heal|p2a: Comfey|112/225|[from] drain|[of] p1a: Noctowl\n|move|p1a: Noctowl|Hyper Voice|p2a: Comfey\n|-resisted|p2a: Comfey\n|-damage|p2a: Comfey|86/225\n|\n|-heal|p2a: Comfey|100/225|[from] item: Leftovers\n|upkeep\n|turn|25\n|\n|t:|1733854619\n|move|p2a: Comfey|Giga Drain|p1a: Noctowl\n|-resisted|p1a: Noctowl\n|-damage|p1a: Noctowl|139/344\n|-heal|p2a: Comfey|134/225|[from] drain|[of] p1a: Noctowl\n|move|p1a: Noctowl|Hurricane|p2a: Comfey\n|-resisted|p2a: Comfey\n|-damage|p2a: Comfey|100/225\n|\n|-heal|p2a: Comfey|114/225|[from] item: Leftovers\n|upkeep\n|turn|26\n|\n|t:|1733854625\n|move|p2a: Comfey|Calm Mind|p2a: Comfey\n|-boost|p2a: Comfey|spa|1\n|-boost|p2a: Comfey|spd|1\n|move|p1a: Noctowl|Hurricane|p2a: Comfey\n|-resisted|p2a: Comfey\n|-damage|p2a: Comfey|82/225\n|\n|-heal|p2a: Comfey|96/225|[from] item: Leftovers\n|upkeep\n|turn|27\n|\n|t:|1733854628\n|move|p2a: Comfey|Giga Drain|p1a: Noctowl\n|-resisted|p1a: Noctowl\n|-damage|p1a: Noctowl|58/344\n|-heal|p2a: Comfey|137/225|[from] drain|[of] p1a: Noctowl\n|move|p1a: Noctowl|Hurricane|p2a: Comfey\n|-resisted|p2a: Comfey\n|-damage|p2a: Comfey|105/225\n|\n|-heal|p2a: Comfey|119/225|[from] item: Leftovers\n|upkeep\n|turn|28\n|c|\u2606FundoMango|never again\n|\n|t:|1733854634\n|move|p2a: Comfey|Stored Power|p1a: Noctowl\n|-resisted|p1a: Noctowl\n|-damage|p1a: Noctowl|0 fnt\n|faint|p1a: Noctowl\n|\n|-heal|p2a: Comfey|133/225|[from] item: Leftovers\n|upkeep\n|\n|t:|1733854636\n|switch|p1a: Rotom|Rotom-Frost, L87|229/229\n|turn|29\n|\n|t:|1733854643\n|move|p2a: Comfey|Stored Power|p1a: Rotom\n|-damage|p1a: Rotom|0 fnt\n|faint|p1a: Rotom\n|\n|-heal|p2a: Comfey|147/225|[from] item: Leftovers\n|upkeep\n|\n|t:|1733854647\n|switch|p1a: Scyther|Scyther, L82, F|249/249\n|turn|30\n|c|\u2606FundoMango|I smiteth thee\n|\n|t:|1733854651\n|move|p2a: Comfey|Draining Kiss|p1a: Scyther\n|-damage|p1a: Scyther|35/249\n|-heal|p2a: Comfey|225/225|[from] drain|[of] p1a: Scyther\n|move|p1a: Scyther|Close Combat|p2a: Comfey\n|-supereffective|p2a: Comfey\n|-damage|p2a: Comfey|63/225\n|-unboost|p1a: Scyther|def|1\n|-unboost|p1a: Scyther|spd|1\n|\n|-heal|p2a: Comfey|77/225|[from] item: Leftovers\n|upkeep\n|turn|31\n|\n|t:|1733854658\n|move|p2a: Comfey|Draining Kiss|p1a: Scyther\n|-damage|p1a: Scyther|0 fnt\n|-heal|p2a: Comfey|103/225|[from] drain|[of] p1a: Scyther\n|faint|p1a: Scyther\n|\n|-heal|p2a: Comfey|117/225|[from] item: Leftovers\n|upkeep\n|\n|t:|1733854661\n|switch|p1a: Politoed|Politoed, L88, M|302/302\n|-weather|RainDance|[from] ability: Drizzle|[of] p1a: Politoed\n|turn|32\n|\n|t:|1733854665\n|move|p2a: Comfey|Giga Drain|p1a: Politoed\n|-supereffective|p1a: Politoed\n|-damage|p1a: Politoed|0 fnt\n|-heal|p2a: Comfey|225/225|[from] drain|[of] p1a: Politoed\n|faint|p1a: Politoed\n|\n|-weather|RainDance|[upkeep]\n|upkeep\n|\n|t:|1733854667\n|switch|p1a: Latios|Latios, L78, M|253/253\n|turn|33\n|c|\u2606Dantheman1cool|Gg\n|c|\u2606FundoMango|gg\n|c|\u2606FundoMango|incredible confusions\n|\n|t:|1733854681\n|move|p2a: Comfey|Draining Kiss|p1a: Latios\n|-supereffective|p1a: Latios\n|-damage|p1a: Latios|0 fnt\n|faint|p1a: Latios\n|\n|win|FundoMango\n|raw|Dantheman1cool's rating: 1426 &rarr; <strong>1404</strong><br />(-22 for losing)\n|raw|FundoMango's rating: 1395 &rarr; <strong>1417</strong><br />(+22 for winning)\n", "inputlog": ">version bfd83cad13791eb5a5a409923076391caf6fb4d4\n>start {\"formatid\":\"gen9randombattle\",\"seed\":[42983,9585,44653,39266],\"rated\":\"Rated battle\"}\n>player p1 {\"name\":\"Dantheman1cool\",\"avatar\":\"gambler\",\"rating\":1426,\"seed\":[14436,36403,21469,64515]}\n>player p2 {\"name\":\"FundoMango\",\"avatar\":\"lusamine-masters\",\"rating\":1395,\"seed\":[59286,55597,10385,62794]}\n>chat \u2606Dantheman1cool|Glhf\n>chat \u2606FundoMango|glhf\n>p1 move hurricane\n>p2 move calmmind\n>p1 switch 6\n>p2 move calmmind\n>p1 move roar\n>p2 move gigadrain\n>p1 move iciclecrash\n>p2 move toxicspikes\n>p1 move iciclecrash\n>p2 switch 2\n>p1 move roar\n>p2 move bodypress\n>p1 move iciclecrash\n>p2 move dazzlinggleam\n>p1 switch 6\n>p1 move defog\n>p2 move dazzlinggleam\n>p1 move hurricane\n>p2 switch 6\n>p1 move hurricane\n>p2 move stoneaxe\n>chat \u2606FundoMango|whoops forgot to check speed\n>p2 switch 3\n>p1 move hurricane\n>p2 move calmmind\n>p1 move hurricane\n>p2 move calmmind\n>p1 move hurricane\n>p2 move calmmind\n>p1 move hurricane\n>p2 move drainingkiss\n>p1 move hurricane\n>p2 move drainingkiss\n>p1 move hurricane\n>p2 move drainingkiss\n>chat \u2606FundoMango|yeeowch\n>p1 move hurricane terastallize\n>p2 move drainingkiss\n>chat \u2606FundoMango|WHEN DOES IT END\n>chat \u2606Dantheman1cool|When i say it does\n>p1 move roost\n>p2 move gigadrain\n>chat \u2606FundoMango|that's not good\n>p1 move hurricane\n>p2 move calmmind terastallize\n>p1 move hurricane\n>p2 move gigadrain\n>p1 move hurricane\n>p2 move calmmind\n>chat \u2606FundoMango|nooot agaiiin\n>p1 move hypervoice\n>p2 move gigadrain\n>chat \u2606FundoMango|oh??\n>p1 move roost\n>p2 move calmmind\n>p1 move hypervoice\n>p2 move gigadrain\n>p1 move hurricane\n>p2 move gigadrain\n>p1 move hurricane\n>p2 move calmmind\n>p1 move hurricane\n>p2 move gigadrain\n>chat \u2606FundoMango|never again\n>p1 move roost\n>p2 move storedpower\n>p1 switch 2\n>p1 move thunderbolt\n>p2 move storedpower\n>p1 switch 3\n>chat \u2606FundoMango|I smiteth thee\n>p1 move closecombat\n>p2 move drainingkiss\n>p1 move closecombat\n>p2 move drainingkiss\n>p1 switch 4\n>p1 move hypnosis\n>p2 move gigadrain\n>p1 switch 5\n>chat \u2606Dantheman1cool|Gg\n>chat \u2606FundoMango|gg\n>chat \u2606FundoMango|incredible confusions\n>p1 move calmmind\n>p2 move drainingkiss", "uploadtime": 1733854684, "views": 1, "formatid": "gen9randombattle", "rating": 1404, "private": 0, "password": null}