{"id": "gen9randombattle-2199677712", "format": "[Gen 9] Random Battle", "players": ["paysa", "HaunterBoy28"], "log": "|badge|p1|bronze|gen9randombattle|100-2\n|uhtml|medal-msg|<div class=\"broadcast-blue\">Curious what those medals under the avatar are? PS now has Ladder Seasons! For more information, check out the <a href=\"https://www.smogon.com/forums/threads/3740067/\">thread on Smogon.</a></div>\n|badge|p2|bronze|gen9randombattle|100-2\n|uhtml|medal-msg|<div class=\"broadcast-blue\">Curious what those medals under the avatar are? PS now has Ladder Seasons! For more information, check out the <a href=\"https://www.smogon.com/forums/threads/3740067/\">thread on Smogon.</a></div>\n|j|\u2606paysa\n|j|\u2606HaunterBoy28\n|t:|1726098744\n|gametype|singles\n|player|p1|paysa|viola-masters|2367\n|player|p2|HaunterBoy28|#rbtt7teamhoopa|2348\n|teamsize|p1|6\n|teamsize|p2|6\n|gen|9\n|tier|[Gen 9] Random Battle\n|rated|\n|rule|Species Clause: Limit one of each Pok\u00e9mon\n|rule|HP Percentage Mod: HP is shown in percentages\n|rule|Sleep Clause Mod: Limit one foe put to sleep\n|rule|Illusion Level Mod: Illusion disguises the Pok\u00e9mon's true level\n|\n|t:|1726098744\n|start\n|switch|p1a: Smeargle|Smeargle, L95, F|258/258\n|switch|p2a: Dugtrio|Dugtrio, L84, M|196/196\n|turn|1\n|inactive|Battle timer is ON: inactive players will automatically lose when time's up. (requested by paysa)\n|inactive|HaunterBoy28 also wants the timer to be on.\n|j| PKV Pokevin\n|inactive|paysa has 120 seconds left.\n|inactive|HaunterBoy28 has 120 seconds left.\n|\n|t:|1726098782\n|move|p2a: Dugtrio|Earthquake|p1a: Smeargle\n|-damage|p1a: Smeargle|93/258\n|move|p1a: Smeargle|Shell Smash|p1a: Smeargle\n|-unboost|p1a: Smeargle|def|1\n|-unboost|p1a: Smeargle|spd|1\n|-boost|p1a: Smeargle|atk|2\n|-boost|p1a: Smeargle|spa|2\n|-boost|p1a: Smeargle|spe|2\n|\n|upkeep\n|turn|2\n|\n|t:|1726098811\n|move|p1a: Smeargle|Spore|p2a: Dugtrio\n|-status|p2a: Dugtrio|slp|[from] move: Spore\n|cant|p2a: Dugtrio|slp\n|\n|upkeep\n|turn|3\n|\n|t:|1726098815\n|cant|p2a: Dugtrio|slp\n|move|p1a: Smeargle|Population Bomb|p2a: Dugtrio\n|-damage|p2a: Dugtrio|144/196 slp\n|-damage|p2a: Dugtrio|98/196 slp\n|-damage|p2a: Dugtrio|55/196 slp\n|-damage|p2a: Dugtrio|7/196 slp\n|-damage|p2a: Dugtrio|0 fnt\n|faint|p2a: Dugtrio\n|-hitcount|p2: Dugtrio|5\n|\n|upkeep\n|c|\u2606paysa|gg\n|inactive|HaunterBoy28 has 120 seconds left.\n|\n|t:|1726098842\n|switch|p2a: Sudowoodo|Sudowoodo, L94, M|284/284\n|turn|4\n|inactive|HaunterBoy28 has 120 seconds left.\n|\n|t:|1726098859\n|move|p1a: Smeargle|Population Bomb|p2a: Sudowoodo\n|-resisted|p2a: Sudowoodo\n|-damage|p2a: Sudowoodo|272/284\n|-resisted|p2a: Sudowoodo\n|-damage|p2a: Sudowoodo|261/284\n|-resisted|p2a: Sudowoodo\n|-damage|p2a: Sudowoodo|249/284\n|-resisted|p2a: Sudowoodo\n|-damage|p2a: Sudowoodo|238/284\n|-resisted|p2a: Sudowoodo\n|-damage|p2a: Sudowoodo|227/284\n|-resisted|p2a: Sudowoodo\n|-damage|p2a: Sudowoodo|215/284\n|-resisted|p2a: Sudowoodo\n|-damage|p2a: Sudowoodo|203/284\n|-resisted|p2a: Sudowoodo\n|-damage|p2a: Sudowoodo|190/284\n|-resisted|p2a: Sudowoodo\n|-damage|p2a: Sudowoodo|178/284\n|-resisted|p2a: Sudowoodo\n|-damage|p2a: Sudowoodo|166/284\n|-hitcount|p2a: Sudowoodo|10\n|move|p2a: Sudowoodo|Earthquake|p1a: Smeargle\n|-damage|p1a: Smeargle|0 fnt\n|faint|p1a: Smeargle\n|\n|-heal|p2a: Sudowoodo|183/284|[from] item: Leftovers\n|upkeep\n|inactive|paysa has 120 seconds left.\n|\n|t:|1726098880\n|switch|p1a: Ampharos|Ampharos, L88, F|302/302\n|turn|5\n|inactive|paysa has 120 seconds left.\n|\n|t:|1726098896\n|switch|p2a: Gastrodon|Gastrodon, L86, F|331/331\n|move|p1a: Ampharos|Thunderbolt|p2a: Gastrodon\n|-immune|p2a: Gastrodon\n|\n|upkeep\n|turn|6\n|inactive|paysa has 120 seconds left.\n|\n|t:|1726098909\n|switch|p1a: Froslass|Froslass, L87, F|263/263\n|switch|p2a: Flareon|Flareon, L90, F|263/263\n|\n|-status|p2a: Flareon|tox|[from] item: Toxic Orb\n|upkeep\n|turn|7\n|inactive|paysa has 120 seconds left.\n|\n|t:|1726098920\n|move|p1a: Froslass|Destiny Bond|p1a: Froslass\n|-singlemove|p1a: Froslass|Destiny Bond\n|move|p2a: Flareon|Flare Blitz|p1a: Froslass\n|-supereffective|p1a: Froslass\n|-damage|p1a: Froslass|0 fnt\n|faint|p1a: Froslass\n|-activate|p1a: Froslass|move: Destiny Bond\n|faint|p2a: Flareon\n|\n|upkeep\n|inactive|paysa has 120 seconds left.\n|\n|t:|1726098945\n|switch|p1a: Squawkabilly|Squawkabilly-Blue, L85, F|278/278\n|switch|p2a: Sudowoodo|Sudowoodo, L94, M|183/284\n|turn|8\n|\n|t:|1726098956\n|move|p1a: Squawkabilly|U-turn|p2a: Sudowoodo\n|-damage|p2a: Sudowoodo|147/284\n|\n|t:|1726098958\n|switch|p1a: Ampharos|Ampharos, L88, F|302/302|[from] U-turn\n|move|p2a: Sudowoodo|Stealth Rock|p1a: Ampharos\n|-sidestart|p1: paysa|move: Stealth Rock\n|\n|-heal|p2a: Sudowoodo|164/284|[from] item: Leftovers\n|upkeep\n|turn|9\n|inactive|paysa has 120 seconds left.\n|\n|t:|1726098967\n|switch|p1a: Roaring Moon|Roaring Moon, L72|270/270\n|-damage|p1a: Roaring Moon|237/270|[from] Stealth Rock\n|switch|p2a: Gastrodon|Gastrodon, L86, F|331/331\n|\n|upkeep\n|turn|10\n|\n|t:|1726098991\n|move|p1a: Roaring Moon|Outrage|p2a: Gastrodon\n|-damage|p2a: Gastrodon|100/331\n|move|p2a: Gastrodon|Earthquake|p1a: Roaring Moon\n|-damage|p1a: Roaring Moon|101/270\n|\n|-heal|p2a: Gastrodon|120/331|[from] item: Leftovers\n|upkeep\n|turn|11\n|\n|t:|1726098997\n|switch|p2a: Iron Crown|Iron Crown, L79|272/272\n|move|p1a: Roaring Moon|Outrage|p2a: Iron Crown|[from]lockedmove\n|-resisted|p2a: Iron Crown\n|-damage|p2a: Iron Crown|186/272\n|\n|-heal|p2a: Iron Crown|203/272|[from] item: Leftovers\n|upkeep\n|turn|12\n|\n|t:|1726099005\n|move|p1a: Roaring Moon|Outrage|p2a: Iron Crown|[from]lockedmove\n|-resisted|p2a: Iron Crown\n|-damage|p2a: Iron Crown|116/272\n|-start|p1a: Roaring Moon|confusion|[fatigue]\n|move|p2a: Iron Crown|Tachyon Cutter|p1a: Roaring Moon\n|-damage|p1a: Roaring Moon|40/270\n|-damage|p1a: Roaring Moon|0 fnt\n|faint|p1a: Roaring Moon\n|-end|p1a: Roaring Moon|Protosynthesis|[silent]\n|-hitcount|p1: Roaring Moon|2\n|\n|-heal|p2a: Iron Crown|133/272|[from] item: Leftovers\n|upkeep\n|\n|t:|1726099008\n|switch|p1a: Ampharos|Ampharos, L88, F|302/302\n|-damage|p1a: Ampharos|265/302|[from] Stealth Rock\n|turn|13\n|\n|t:|1726099021\n|-end|p2a: Iron Crown|Quark Drive|[silent]\n|switch|p2a: Gastrodon|Gastrodon, L86, F|120/331\n|move|p1a: Ampharos|Focus Blast|p2a: Gastrodon\n|-damage|p2a: Gastrodon|6/331\n|\n|-heal|p2a: Gastrodon|26/331|[from] item: Leftovers\n|upkeep\n|turn|14\n|\n|t:|1726099030\n|switch|p2a: Oinkologne|Oinkologne-F, L92, F|361/361\n|move|p1a: Ampharos|Dazzling Gleam|p2a: Oinkologne\n|-damage|p2a: Oinkologne|299/361\n|\n|-heal|p2a: Oinkologne|321/361|[from] item: Leftovers\n|upkeep\n|turn|15\n|\n|t:|1726099064\n|move|p2a: Oinkologne|High Horsepower|p1a: Ampharos\n|-supereffective|p1a: Ampharos\n|-damage|p1a: Ampharos|105/302\n|-status|p2a: Oinkologne|par|[from] ability: Static|[of] p1a: Ampharos\n|move|p1a: Ampharos|Focus Blast|p2a: Oinkologne\n|-supereffective|p2a: Oinkologne\n|-damage|p2a: Oinkologne|139/361 par\n|\n|-heal|p2a: Oinkologne|161/361 par|[from] item: Leftovers\n|upkeep\n|turn|16\n|inactive|HaunterBoy28 has 120 seconds left.\n|\n|t:|1726099103\n|-terastallize|p2a: Oinkologne|Ground\n|move|p1a: Ampharos|Thunderbolt|p2a: Oinkologne\n|-immune|p2a: Oinkologne\n|cant|p2a: Oinkologne|par\n|\n|-heal|p2a: Oinkologne|183/361 par|[from] item: Leftovers\n|upkeep\n|turn|17\n|\n|t:|1726099112\n|move|p1a: Ampharos|Focus Blast|p2a: Oinkologne\n|-damage|p2a: Oinkologne|93/361 par\n|move|p2a: Oinkologne|High Horsepower|p1a: Ampharos\n|-supereffective|p1a: Ampharos\n|-damage|p1a: Ampharos|0 fnt\n|faint|p1a: Ampharos\n|\n|-heal|p2a: Oinkologne|115/361 par|[from] item: Leftovers\n|upkeep\n|\n|t:|1726099122\n|switch|p1a: Squawkabilly|Squawkabilly-Blue, L85, F|278/278\n|-damage|p1a: Squawkabilly|209/278|[from] Stealth Rock\n|turn|18\n|\n|t:|1726099142\n|move|p1a: Squawkabilly|Brave Bird|p2a: Oinkologne\n|-damage|p2a: Oinkologne|0 fnt\n|faint|p2a: Oinkologne\n|-damage|p1a: Squawkabilly|171/278|[from] Recoil\n|\n|-status|p1a: Squawkabilly|brn|[from] item: Flame Orb\n|upkeep\n|\n|t:|1726099148\n|switch|p2a: Sudowoodo|Sudowoodo, L94, M|164/284\n|turn|19\n|\n|t:|1726099152\n|move|p1a: Squawkabilly|Facade|p2a: Sudowoodo\n|-resisted|p2a: Sudowoodo\n|-damage|p2a: Sudowoodo|86/284\n|move|p2a: Sudowoodo|Head Smash|p1a: Squawkabilly\n|-supereffective|p1a: Squawkabilly\n|-damage|p1a: Squawkabilly|0 fnt\n|faint|p1a: Squawkabilly\n|\n|-heal|p2a: Sudowoodo|103/284|[from] item: Leftovers\n|upkeep\n|\n|t:|1726099154\n|switch|p1a: Dragonite|Dragonite, L74, F|257/257\n|turn|20\n|\n|t:|1726099169\n|move|p1a: Dragonite|Earthquake|p2a: Sudowoodo\n|-supereffective|p2a: Sudowoodo\n|-damage|p2a: Sudowoodo|0 fnt\n|faint|p2a: Sudowoodo\n|\n|upkeep\n|\n|t:|1726099175\n|switch|p2a: Iron Crown|Iron Crown, L79|133/272\n|turn|21\n|inactive|HaunterBoy28 has 120 seconds left.\n|inactive|paysa has 120 seconds left.\n|\n|t:|1726099213\n|move|p2a: Iron Crown|Tachyon Cutter|p1a: Dragonite\n|-damage|p1a: Dragonite|228/257\n|-damage|p1a: Dragonite|167/257\n|-hitcount|p1a: Dragonite|2\n|move|p1a: Dragonite|Dragon Dance|p1a: Dragonite\n|-boost|p1a: Dragonite|atk|1\n|-boost|p1a: Dragonite|spe|1\n|\n|-heal|p2a: Iron Crown|150/272|[from] item: Leftovers\n|upkeep\n|turn|22\n|inactive|HaunterBoy28 has 120 seconds left.\n|\n|t:|1726099219\n|move|p1a: Dragonite|Earthquake|p2a: Iron Crown\n|-supereffective|p2a: Iron Crown\n|-crit|p2a: Iron Crown\n|-damage|p2a: Iron Crown|0 fnt\n|faint|p2a: Iron Crown\n|-end|p2a: Iron Crown|Quark Drive|[silent]\n|\n|upkeep\n|c|\u2606paysa|:DDDDDDD\n|\n|t:|1726099222\n|switch|p2a: Gastrodon|Gastrodon, L86, F|26/331\n|turn|23\n|\n|t:|1726099226\n|-terastallize|p1a: Dragonite|Flying\n|move|p1a: Dragonite|Tera Blast|p2a: Gastrodon|[anim] Tera Blast Flying\n|-damage|p2a: Gastrodon|0 fnt\n|faint|p2a: Gastrodon\n|\n|win|paysa\n|raw|paysa's rating: 2367 &rarr; <strong>2386</strong><br />(+19 for winning)\n|raw|HaunterBoy28's rating: 2348 &rarr; <strong>2329</strong><br />(-19 for losing)\n|c|\u2606paysa|:dddddddddddddd\n|c|\u2606paysa|:)))))))))))))\n|l|\u2606HaunterBoy28\n|player|p2|\n|c|\u2606paysa|X))))))))\n|l|\u2606paysa\n|player|p1|\n", "inputlog": ">version 4aaeaf600b1c44f5d740f3e60432e126c6a1bdf3\n>start {\"formatid\":\"gen9randombattle\",\"seed\":[23024,25349,13886,39392],\"rated\":\"Rated battle\"}\n>player p1 {\"name\":\"paysa\",\"avatar\":\"viola-masters\",\"rating\":2367,\"seed\":[26897,58005,22782,31453]}\n>player p2 {\"name\":\"HaunterBoy28\",\"avatar\":\"#rbtt7teamhoopa\",\"rating\":2348,\"seed\":[14319,20035,43808,36330]}\n>p1 move shellsmash\n>p2 move earthquake\n>p1 move spore\n>p2 move earthquake\n>p1 move populationbomb\n>p2 move suckerpunch\n>chat \u2606paysa|gg\n>p2 switch 4\n>p1 move populationbomb\n>p2 move earthquake\n>p1 switch 6\n>p1 move thunderbolt\n>p2 switch 5\n>p1 switch 2\n>p2 switch 3\n>p1 move destinybond\n>p2 move flareblitz\n>p1 switch 5\n>p2 switch 5\n>p1 move uturn\n>p2 move stealthrock\n>p1 switch 2\n>p1 switch 4\n>p2 switch 3\n>p1 move outrage\n>p2 move earthquake\n>p1 move outrage\n>p2 switch 2\n>p1 move outrage\n>p2 move tachyoncutter\n>p1 switch 4\n>p1 move focusblast\n>p2 switch 2\n>p1 move dazzlinggleam\n>p2 switch 6\n>p1 move focusblast\n>p2 move highhorsepower\n>p1 move thunderbolt\n>p2 move highhorsepower terastallize\n>p1 move focusblast\n>p2 move highhorsepower\n>p1 switch 2\n>p1 move bravebird\n>p2 move doubleedge\n>p2 switch 3\n>p1 move facade\n>p2 move headsmash\n>p1 switch 3\n>p1 move earthquake\n>p2 move headsmash\n>p2 switch 2\n>p1 move dragondance\n>p2 move tachyoncutter\n>p1 move earthquake\n>p2 move tachyoncutter\n>chat \u2606paysa|:DDDDDDD\n>p2 switch 6\n>p1 move terablast terastallize\n>p2 move sludgebomb", "uploadtime": 1726099238, "views": 98, "formatid": "gen9randombattle", "rating": 2329, "private": 0, "password": null}