{"id": "gen9randombattle-2260768118", "format": "[Gen 9] Random Battle", "players": ["Yappy_Beast_Frog", "fctfgiuciyulik"], "log": "|j|\u2606Yappy_Beast_Frog\n|j|\u2606fctfgiuciyulik\n|t:|1733889151\n|gametype|singles\n|player|p1|Yappy_Beast_Frog|170|1086\n|player|p2|fctfgiuciyulik|1|1102\n|teamsize|p1|6\n|teamsize|p2|6\n|gen|9\n|tier|[Gen 9] Random Battle\n|rated|\n|rule|Species Clause: Limit one of each Pok\u00e9mon\n|rule|HP Percentage Mod: HP is shown in percentages\n|rule|Sleep Clause Mod: Limit one foe put to sleep\n|rule|Illusion Level Mod: Illusion disguises the Pok\u00e9mon's true level\n|\n|t:|1733889151\n|start\n|switch|p1a: Glastrier|Glastrier, L86|312/312\n|switch|p2a: Lugia|Lugia, L72|272/272\n|turn|1\n|\n|t:|1733889165\n|switch|p2a: Froslass|Froslass, L87, F|263/263\n|move|p1a: Glastrier|Swords Dance|p1a: Glastrier\n|-boost|p1a: Glastrier|atk|2\n|\n|upkeep\n|turn|2\n|\n|t:|1733889177\n|move|p2a: Froslass|Destiny Bond|p2a: Froslass\n|-singlemove|p2a: Froslass|Destiny Bond\n|move|p1a: Glastrier|Heavy Slam|p2a: Froslass\n|-supereffective|p2a: Froslass\n|-damage|p2a: Froslass|0 fnt\n|faint|p2a: Froslass\n|-activate|p2a: Froslass|move: Destiny Bond\n|faint|p1a: Glastrier\n|\n|upkeep\n|\n|t:|1733889195\n|switch|p2a: Palafin|Palafin, L77, F|281/281\n|switch|p1a: Fezandipiti|Fezandipiti, L82, M|278/278\n|turn|3\n|\n|t:|1733889203\n|detailschange|p2a: Palafin|Palafin-Hero, L77, F\n|switch|p2a: Drifblim|Drifblim, L86, M|398/398\n|move|p1a: Fezandipiti|Beat Up|p2a: Drifblim\n|-supereffective|p2a: Drifblim\n|-damage|p2a: Drifblim|368/398\n|-supereffective|p2a: Drifblim\n|-damage|p2a: Drifblim|344/398\n|-status|p2a: Drifblim|tox|[from] ability: Toxic Chain|[of] p1a: Fezandipiti\n|-supereffective|p2a: Drifblim\n|-damage|p2a: Drifblim|318/398 tox\n|-supereffective|p2a: Drifblim\n|-damage|p2a: Drifblim|284/398 tox\n|-supereffective|p2a: Drifblim\n|-damage|p2a: Drifblim|258/398 tox\n|-hitcount|p2a: Drifblim|5\n|\n|-damage|p2a: Drifblim|234/398 tox|[from] psn\n|upkeep\n|turn|4\n|\n|t:|1733889224\n|move|p1a: Fezandipiti|Gunk Shot|p2a: Drifblim|[miss]\n|-miss|p1a: Fezandipiti|p2a: Drifblim\n|move|p2a: Drifblim|Shadow Ball|p1a: Fezandipiti\n|-damage|p1a: Fezandipiti|217/278\n|\n|-heal|p1a: Fezandipiti|234/278|[from] item: Leftovers\n|-damage|p2a: Drifblim|186/398 tox|[from] psn\n|upkeep\n|turn|5\n|\n|t:|1733889240\n|move|p1a: Fezandipiti|Beat Up|p2a: Drifblim\n|-supereffective|p2a: Drifblim\n|-damage|p2a: Drifblim|156/398 tox\n|-supereffective|p2a: Drifblim\n|-damage|p2a: Drifblim|134/398 tox\n|-supereffective|p2a: Drifblim\n|-damage|p2a: Drifblim|110/398 tox\n|-supereffective|p2a: Drifblim\n|-damage|p2a: Drifblim|76/398 tox\n|-supereffective|p2a: Drifblim\n|-damage|p2a: Drifblim|52/398 tox\n|-hitcount|p2a: Drifblim|5\n|move|p2a: Drifblim|Strength Sap|p1a: Fezandipiti\n|-unboost|p1a: Fezandipiti|atk|1\n|-heal|p2a: Drifblim|248/398 tox\n|\n|-heal|p1a: Fezandipiti|251/278|[from] item: Leftovers\n|-damage|p2a: Drifblim|176/398 tox|[from] psn\n|upkeep\n|turn|6\n|\n|t:|1733889260\n|move|p1a: Fezandipiti|Beat Up|p2a: Drifblim\n|-supereffective|p2a: Drifblim\n|-damage|p2a: Drifblim|156/398 tox\n|-supereffective|p2a: Drifblim\n|-damage|p2a: Drifblim|136/398 tox\n|-supereffective|p2a: Drifblim\n|-damage|p2a: Drifblim|118/398 tox\n|-supereffective|p2a: Drifblim\n|-damage|p2a: Drifblim|92/398 tox\n|-supereffective|p2a: Drifblim\n|-damage|p2a: Drifblim|76/398 tox\n|-hitcount|p2a: Drifblim|5\n|move|p2a: Drifblim|Defog|p1a: Fezandipiti\n|-unboost|p1a: Fezandipiti|evasion|1\n|\n|-heal|p1a: Fezandipiti|268/278|[from] item: Leftovers\n|-damage|p2a: Drifblim|0 fnt|[from] psn\n|faint|p2a: Drifblim\n|upkeep\n|inactive|Battle timer is ON: inactive players will automatically lose when time's up. (requested by Yappy_Beast_Frog)\n|\n|t:|1733889289\n|switch|p2a: Crabominable|Crabominable, L90, F|321/321\n|turn|7\n|\n|t:|1733889300\n|move|p1a: Fezandipiti|Play Rough|p2a: Crabominable\n|-supereffective|p2a: Crabominable\n|-damage|p2a: Crabominable|207/321\n|-unboost|p2a: Crabominable|atk|1\n|move|p2a: Crabominable|Earthquake|p1a: Fezandipiti\n|-supereffective|p1a: Fezandipiti\n|-damage|p1a: Fezandipiti|124/278\n|\n|-heal|p1a: Fezandipiti|141/278|[from] item: Leftovers\n|upkeep\n|turn|8\n|\n|t:|1733889313\n|move|p1a: Fezandipiti|Beat Up|p2a: Crabominable\n|-resisted|p2a: Crabominable\n|-crit|p2a: Crabominable\n|-damage|p2a: Crabominable|200/321\n|-resisted|p2a: Crabominable\n|-damage|p2a: Crabominable|197/321\n|-status|p2a: Crabominable|tox|[from] ability: Toxic Chain|[of] p1a: Fezandipiti\n|-resisted|p2a: Crabominable\n|-damage|p2a: Crabominable|194/321 tox\n|-resisted|p2a: Crabominable\n|-crit|p2a: Crabominable\n|-damage|p2a: Crabominable|185/321 tox\n|-resisted|p2a: Crabominable\n|-damage|p2a: Crabominable|182/321 tox\n|-hitcount|p2a: Crabominable|5\n|move|p2a: Crabominable|Earthquake|p1a: Fezandipiti\n|-supereffective|p1a: Fezandipiti\n|-damage|p1a: Fezandipiti|0 fnt\n|faint|p1a: Fezandipiti\n|\n|-damage|p2a: Crabominable|162/321 tox|[from] psn\n|upkeep\n|inactive|Yappy_Beast_Frog has 120 seconds left.\n|\n|t:|1733889339\n|switch|p1a: Honchkrow|Honchkrow, L86, F|312/312\n|turn|9\n|\n|t:|1733889347\n|switch|p2a: Mightyena|Mightyena, L95, F|287/287\n|-ability|p2a: Mightyena|Intimidate|boost\n|-unboost|p1a: Honchkrow|atk|1\n|move|p1a: Honchkrow|Brave Bird|p2a: Mightyena\n|-damage|p2a: Mightyena|175/287\n|-damage|p1a: Honchkrow|275/312|[from] Recoil\n|\n|upkeep\n|turn|10\n|inactive|Yappy_Beast_Frog has 120 seconds left.\n|\n|t:|1733889366\n|move|p2a: Mightyena|Play Rough|p1a: Honchkrow\n|-supereffective|p1a: Honchkrow\n|-damage|p1a: Honchkrow|0 fnt\n|faint|p1a: Honchkrow\n|\n|upkeep\n|inactive|Yappy_Beast_Frog has 120 seconds left.\n|\n|t:|1733889375\n|switch|p1a: Registeel|Registeel, L81|262/262\n|turn|11\n|inactive|fctfgiuciyulik has 120 seconds left.\n|\n|t:|1733889416\n|switch|p2a: Crabominable|Crabominable, L90, F|162/321 tox\n|move|p1a: Registeel|Iron Defense|p1a: Registeel\n|-boost|p1a: Registeel|def|2\n|\n|-damage|p2a: Crabominable|142/321 tox|[from] psn\n|upkeep\n|turn|12\n|\n|t:|1733889428\n|move|p2a: Crabominable|Drain Punch|p1a: Registeel\n|-supereffective|p1a: Registeel\n|-damage|p1a: Registeel|166/262\n|-heal|p2a: Crabominable|190/321 tox|[from] drain|[of] p1a: Registeel\n|move|p1a: Registeel|Iron Defense|p1a: Registeel\n|-boost|p1a: Registeel|def|2\n|\n|-damage|p2a: Crabominable|150/321 tox|[from] psn\n|upkeep\n|turn|13\n|inactive|fctfgiuciyulik has 120 seconds left.\n|\n|t:|1733889445\n|move|p2a: Crabominable|Drain Punch|p1a: Registeel\n|-supereffective|p1a: Registeel\n|-damage|p1a: Registeel|98/262\n|-heal|p2a: Crabominable|184/321 tox|[from] drain|[of] p1a: Registeel\n|move|p1a: Registeel|Iron Defense|p1a: Registeel\n|-boost|p1a: Registeel|def|2\n|\n|-damage|p2a: Crabominable|124/321 tox|[from] psn\n|upkeep\n|turn|14\n|\n|t:|1733889455\n|move|p2a: Crabominable|Drain Punch|p1a: Registeel\n|-supereffective|p1a: Registeel\n|-damage|p1a: Registeel|48/262\n|-heal|p2a: Crabominable|149/321 tox|[from] drain|[of] p1a: Registeel\n|move|p1a: Registeel|Iron Defense|p1a: Registeel\n|-boost|p1a: Registeel|def|0\n|\n|-damage|p2a: Crabominable|69/321 tox|[from] psn\n|upkeep\n|turn|15\n|\n|t:|1733889465\n|move|p2a: Crabominable|Drain Punch|p1a: Registeel\n|-supereffective|p1a: Registeel\n|-damage|p1a: Registeel|0 fnt\n|-heal|p2a: Crabominable|93/321 tox|[from] drain|[of] p1a: Registeel\n|faint|p1a: Registeel\n|\n|-damage|p2a: Crabominable|0 fnt|[from] psn\n|faint|p2a: Crabominable\n|upkeep\n|\n|t:|1733889485\n|switch|p2a: Mightyena|Mightyena, L95, F|175/287\n|switch|p1a: Dragalge|Dragalge, L88, F|258/258\n|-ability|p2a: Mightyena|Intimidate|boost\n|-unboost|p1a: Dragalge|atk|1\n|turn|16\n|\n|t:|1733889493\n|move|p2a: Mightyena|Throat Chop|p1a: Dragalge\n|-damage|p1a: Dragalge|117/258\n|-start|p1a: Dragalge|Throat Chop|[silent]\n|move|p1a: Dragalge|Focus Blast|p2a: Mightyena|[miss]\n|-miss|p1a: Dragalge|p2a: Mightyena\n|\n|-heal|p1a: Dragalge|133/258|[from] item: Leftovers\n|upkeep\n|turn|17\n|\n|t:|1733889502\n|switch|p2a: Lugia|Lugia, L72|272/272\n|move|p1a: Dragalge|Focus Blast|p2a: Lugia|[miss]\n|-miss|p1a: Dragalge|p2a: Lugia\n|\n|-heal|p1a: Dragalge|149/258|[from] item: Leftovers\n|-end|p1a: Dragalge|Throat Chop|[silent]\n|upkeep\n|turn|18\n|-message|Yappy_Beast_Frog forfeited.\n|\n|win|fctfgiuciyulik\n|raw|Yappy_Beast_Frog's rating: 1086 &rarr; <strong>1067</strong><br />(-19 for losing)\n|raw|fctfgiuciyulik's rating: 1149 &rarr; <strong>1170</strong><br />(+21 for winning)\n|l|\u2606Yappy_Beast_Frog\n|player|p1|\n", "inputlog": ">version bfd83cad13791eb5a5a409923076391caf6fb4d4\n>start {\"formatid\":\"gen9randombattle\",\"seed\":[48385,51449,58608,32532],\"rated\":\"Rated battle\"}\n>player p1 {\"name\":\"Yappy_Beast_Frog\",\"avatar\":\"170\",\"rating\":1086,\"seed\":[56586,39875,62114,43748]}\n>player p2 {\"name\":\"fctfgiuciyulik\",\"avatar\":\"1\",\"rating\":1102,\"seed\":[13730,240,19662,56270]}\n>p1 move swordsdance\n>p2 switch 3\n>p1 move heavyslam\n>p2 move destinybond\n>p1 switch 6\n>p2 switch 4\n>p1 move beatup\n>p2 switch 6\n>p1 move gunkshot\n>p2 move shadowball\n>p1 move beatup\n>p2 move strengthsap\n>p1 move beatup\n>p2 move defog\n>p2 switch 2\n>p1 move playrough\n>p2 move earthquake\n>p1 move beatup\n>p2 move earthquake\n>p1 switch 4\n>p1 move bravebird\n>p2 switch 5\n>p1 move thunderwave\n>p2 move playrough\n>p1 switch 3\n>p1 move irondefense\n>p2 switch 5\n>p1 move irondefense\n>p2 move drainpunch\n>p1 move irondefense\n>p2 move drainpunch\n>p1 move irondefense\n>p2 move drainpunch\n>p1 move rest\n>p2 move drainpunch\n>p1 switch 5\n>p2 switch 5\n>p1 move focusblast\n>p2 move throatchop\n>p1 move focusblast\n>p2 switch 3\n>forcelose p1", "uploadtime": 1733889510, "views": 9, "formatid": "gen9randombattle", "rating": 1067, "private": 0, "password": null}