{"id": "gen9randombattle-2260538237", "format": "[Gen 9] Random Battle", "players": ["sesebseesb", "anti2cyrus"], "log": "|j|\u2606sesebseesb\n|j|\u2606anti2cyrus\n|t:|1733861350\n|gametype|singles\n|player|p1|sesebseesb|266|1185\n|player|p2|anti2cyrus|guitarist|1152\n|teamsize|p1|6\n|teamsize|p2|6\n|gen|9\n|tier|[Gen 9] Random Battle\n|rated|\n|rule|Species Clause: Limit one of each Pok\u00e9mon\n|rule|HP Percentage Mod: HP is shown in percentages\n|rule|Sleep Clause Mod: Limit one foe put to sleep\n|rule|Illusion Level Mod: Illusion disguises the Pok\u00e9mon's true level\n|\n|t:|1733861350\n|start\n|switch|p1a: Dragapult|Dragapult, L77, F|262/262\n|switch|p2a: Gothitelle|Gothitelle, L90, M|272/272\n|turn|1\n|\n|t:|1733861359\n|switch|p1a: Mabosstiff|Mabosstiff, L86, M|278/278\n|move|p2a: Gothitelle|Dark Pulse|p1a: Mabosstiff\n|-resisted|p1a: Mabosstiff\n|-damage|p1a: Mabosstiff|244/278\n|\n|upkeep\n|turn|2\n|\n|t:|1733861368\n|switch|p2a: Sunflora|Sunflora, F|312/312\n|move|p1a: Mabosstiff|Crunch|p2a: Sunflora\n|-damage|p2a: Sunflora|72/312\n|\n|upkeep\n|turn|3\n|\n|t:|1733861375\n|move|p1a: Mabosstiff|Crunch|p2a: Sunflora\n|-damage|p2a: Sunflora|0 fnt\n|faint|p2a: Sunflora\n|\n|upkeep\n|\n|t:|1733861383\n|switch|p2a: Venusaur|Venusaur, L84, M|272/272\n|turn|4\n|\n|t:|1733861388\n|switch|p1a: Exeggutor|Exeggutor, L89, F|312/312\n|move|p2a: Venusaur|Leech Seed|p1a: Exeggutor\n|-immune|p1a: Exeggutor\n|\n|upkeep\n|turn|5\n|\n|t:|1733861394\n|-terastallize|p2a: Venusaur|Steel\n|move|p2a: Venusaur|Sludge Bomb|p1a: Exeggutor\n|-supereffective|p1a: Exeggutor\n|-damage|p1a: Exeggutor|118/312\n|-enditem|p1a: Exeggutor|Sitrus Berry|[eat]\n|-heal|p1a: Exeggutor|196/312|[from] item: Sitrus Berry\n|move|p1a: Exeggutor|Psychic|p2a: Venusaur\n|-resisted|p2a: Venusaur\n|-damage|p2a: Venusaur|208/272\n|\n|-heal|p2a: Venusaur|225/272|[from] item: Leftovers\n|upkeep\n|turn|6\n|\n|t:|1733861414\n|move|p2a: Venusaur|Sludge Bomb|p1a: Exeggutor\n|-supereffective|p1a: Exeggutor\n|-crit|p1a: Exeggutor\n|-damage|p1a: Exeggutor|0 fnt\n|faint|p1a: Exeggutor\n|\n|-heal|p2a: Venusaur|242/272|[from] item: Leftovers\n|upkeep\n|\n|t:|1733861419\n|switch|p1a: Cyclizar|Cyclizar, L83, M|252/252\n|turn|7\n|\n|t:|1733861426\n|move|p1a: Cyclizar|Shed Tail|p1a: Cyclizar\n|-start|p1a: Cyclizar|Substitute|[from] move: Shed Tail\n|-damage|p1a: Cyclizar|126/252\n|\n|t:|1733861429\n|switch|p1a: Dragapult|Dragapult, L77, F|262/262|[from] Shed Tail\n|move|p2a: Venusaur|Substitute|p2a: Venusaur\n|-start|p2a: Venusaur|Substitute\n|-damage|p2a: Venusaur|174/272\n|\n|-heal|p2a: Venusaur|191/272|[from] item: Leftovers\n|upkeep\n|turn|8\n|\n|t:|1733861436\n|move|p1a: Dragapult|Dragon Dance|p1a: Dragapult\n|-boost|p1a: Dragapult|atk|1\n|-boost|p1a: Dragapult|spe|1\n|move|p2a: Venusaur|Sludge Bomb|p1a: Dragapult\n|-resisted|p1a: Dragapult\n|-activate|p1a: Dragapult|move: Substitute|[damage]\n|\n|-heal|p2a: Venusaur|208/272|[from] item: Leftovers\n|upkeep\n|turn|9\n|\n|t:|1733861441\n|move|p1a: Dragapult|Dragon Darts|p2a: Venusaur\n|-resisted|p2a: Venusaur\n|-activate|p2a: Venusaur|move: Substitute|[damage]\n|-anim|p1a: Dragapult|Dragon Darts|p2a: Venusaur\n|-resisted|p2a: Venusaur\n|-crit|p2a: Venusaur\n|-end|p2a: Venusaur|Substitute\n|-damage|p1a: Dragapult|236/262|[from] item: Life Orb\n|move|p2a: Venusaur|Sludge Bomb|p1a: Dragapult\n|-resisted|p1a: Dragapult\n|-end|p1a: Dragapult|Substitute\n|\n|-heal|p2a: Venusaur|225/272|[from] item: Leftovers\n|upkeep\n|turn|10\n|\n|t:|1733861445\n|move|p1a: Dragapult|Fire Blast|p2a: Venusaur\n|-supereffective|p2a: Venusaur\n|-damage|p2a: Venusaur|64/272\n|-damage|p1a: Dragapult|210/262|[from] item: Life Orb\n|move|p2a: Venusaur|Leech Seed|p1a: Dragapult\n|-start|p1a: Dragapult|move: Leech Seed\n|\n|-heal|p2a: Venusaur|81/272|[from] item: Leftovers\n|-damage|p1a: Dragapult|178/262|[from] Leech Seed|[of] p2a: Venusaur\n|-heal|p2a: Venusaur|113/272|[silent]\n|upkeep\n|turn|11\n|\n|t:|1733861461\n|switch|p2a: Gothitelle|Gothitelle, L90, M|272/272\n|-terastallize|p1a: Dragapult|Ghost\n|move|p1a: Dragapult|Tera Blast|p2a: Gothitelle|[anim] Tera Blast Ghost\n|-supereffective|p2a: Gothitelle\n|-damage|p2a: Gothitelle|0 fnt\n|faint|p2a: Gothitelle\n|-damage|p1a: Dragapult|152/262|[from] item: Life Orb\n|\n|upkeep\n|\n|t:|1733861469\n|switch|p2a: Cryogonal|Cryogonal, L89|287/287\n|turn|12\n|\n|t:|1733861477\n|move|p1a: Dragapult|Dragon Darts|p2a: Cryogonal\n|-damage|p2a: Cryogonal|135/287\n|-anim|p1a: Dragapult|Dragon Darts|p2a: Cryogonal\n|-damage|p2a: Cryogonal|0 fnt\n|faint|p2a: Cryogonal\n|-damage|p1a: Dragapult|126/262|[from] item: Life Orb\n|\n|upkeep\n|\n|t:|1733861482\n|switch|p2a: Magcargo|Magcargo, L95, M|268/268\n|turn|13\n|\n|t:|1733861487\n|move|p1a: Dragapult|Dragon Darts|p2a: Magcargo\n|-damage|p2a: Magcargo|202/268\n|-anim|p1a: Dragapult|Dragon Darts|p2a: Magcargo\n|-damage|p2a: Magcargo|136/268\n|-damage|p1a: Dragapult|100/262|[from] item: Life Orb\n|move|p2a: Magcargo|Lava Plume|p1a: Dragapult\n|-damage|p1a: Dragapult|0 fnt\n|faint|p1a: Dragapult\n|\n|upkeep\n|\n|t:|1733861494\n|switch|p1a: Cyclizar|Cyclizar, L83, M|210/252\n|turn|14\n|\n|t:|1733861498\n|move|p1a: Cyclizar|Shed Tail|p1a: Cyclizar\n|-start|p1a: Cyclizar|Substitute|[from] move: Shed Tail\n|-damage|p1a: Cyclizar|84/252\n|\n|t:|1733861501\n|switch|p1a: Minun|Minun, L95, F|268/268|[from] Shed Tail\n|move|p2a: Magcargo|Stealth Rock|p1a: Minun\n|-sidestart|p1: sesebseesb|move: Stealth Rock\n|\n|upkeep\n|turn|15\n|\n|t:|1733861506\n|move|p1a: Minun|Encore|p2a: Magcargo\n|-start|p2a: Magcargo|Encore\n|move|p2a: Magcargo|Stealth Rock||[still]\n|-fail|p2a: Magcargo\n|\n|upkeep\n|turn|16\n|\n|t:|1733861509\n|switch|p2a: Venusaur|Venusaur, L84, M, tera:Steel|113/272\n|move|p1a: Minun|Nasty Plot|p1a: Minun\n|-boost|p1a: Minun|spa|2\n|\n|-heal|p2a: Venusaur|130/272|[from] item: Leftovers\n|upkeep\n|turn|17\n|\n|t:|1733861512\n|move|p1a: Minun|Thunderbolt|p2a: Venusaur\n|-damage|p2a: Venusaur|0 fnt\n|faint|p2a: Venusaur\n|-damage|p1a: Minun|242/268|[from] item: Life Orb\n|\n|upkeep\n|c|\u2606sesebseesb|joever\n|c|\u2606anti2cyrus|you can win the match but that wont rlly change the fact youre ugly irl and have no friends\n|l|\u2606anti2cyrus\n|player|p2|\n|c|\u2606sesebseesb|ez\n|c|\u2606sesebseesb|LMAO\n|c|\u2606sesebseesb|ur dogshit bro\n|inactive|Battle timer is ON: inactive players will automatically lose when time's up. (requested by sesebseesb)\n|c|\u2606sesebseesb|uploading this replay\n|inactive|anti2cyrus has 30 seconds to reconnect!\n|inactive|anti2cyrus has 20 seconds to reconnect!\n|inactive|anti2cyrus has 15 seconds to reconnect!\n|inactive|anti2cyrus has 10 seconds to reconnect!\n|inactive|anti2cyrus has 5 seconds to reconnect!\n|-message|anti2cyrus lost due to inactivity.\n|\n|win|sesebseesb\n|raw|sesebseesb's rating: 1185 &rarr; <strong>1208</strong><br />(+23 for winning)\n|raw|anti2cyrus's rating: 1152 &rarr; <strong>1129</strong><br />(-23 for losing)\n", "inputlog": ">version bfd83cad13791eb5a5a409923076391caf6fb4d4\n>start {\"formatid\":\"gen9randombattle\",\"seed\":[55881,5743,15957,43680],\"rated\":\"Rated battle\"}\n>player p1 {\"name\":\"sesebseesb\",\"avatar\":\"266\",\"rating\":1185,\"seed\":[50781,55973,24915,59388]}\n>player p2 {\"name\":\"anti2cyrus\",\"avatar\":\"guitarist\",\"rating\":1152,\"seed\":[58094,29497,59214,40823]}\n>p1 switch 4\n>p2 move darkpulse\n>p1 move crunch\n>p2 switch 6\n>p1 move crunch\n>p2 move dazzlinggleam\n>p2 switch 4\n>p1 switch 2\n>p2 move leechseed\n>p1 move psychic\n>p2 move sludgebomb terastallize\n>p1 move leechseed\n>p2 move sludgebomb\n>p1 switch 5\n>p1 move shedtail\n>p2 move substitute\n>p1 switch 4\n>p1 move dragondance\n>p2 move sludgebomb\n>p1 move dragondarts\n>p2 move sludgebomb\n>p1 move fireblast\n>p2 move leechseed\n>p1 move terablast terastallize\n>p2 switch 6\n>p2 switch 2\n>p1 move dragondarts\n>p2 move icebeam\n>p2 switch 3\n>p1 move dragondarts\n>p2 move lavaplume\n>p1 switch 4\n>p1 move shedtail\n>p2 move stealthrock\n>p1 switch 6\n>p1 move encore\n>p2 move lavaplume\n>p1 move nastyplot\n>p2 switch 6\n>p1 move thunderbolt\n>p2 move sludgebomb\n>chat \u2606sesebseesb|joever\n>chat \u2606anti2cyrus|you can win the match but that wont rlly change the fact youre ugly irl and have no friends\n>chat \u2606sesebseesb|ez\n>chat \u2606sesebseesb|LMAO\n>chat \u2606sesebseesb|ur dogshit bro\n>chat \u2606sesebseesb|uploading this replay \n>forcelose p2", "uploadtime": 1733861642, "views": 2, "formatid": "gen9randombattle", "rating": 1129, "private": 0, "password": null}