{"id": "gen9randombattle-2260721839", "format": "[Gen 9] Random Battle", "players": ["thunderphoenix256", "Rouge101"], "log": "|j|\u2606thunderphoenix256\n|j|\u2606Rouge101\n|t:|1733882905\n|gametype|singles\n|player|p1|thunderphoenix256|102|\n|player|p2|Rouge101|fisherman|\n|teamsize|p1|6\n|teamsize|p2|6\n|gen|9\n|tier|[Gen 9] Random Battle\n|rule|Species Clause: Limit one of each Pok\u00e9mon\n|rule|HP Percentage Mod: HP is shown in percentages\n|rule|Sleep Clause Mod: Limit one foe put to sleep\n|rule|Illusion Level Mod: Illusion disguises the Pok\u00e9mon's true level\n|\n|t:|1733882905\n|start\n|switch|p1a: Pikachu|Pikachu-Hoenn, L93, M|216/216\n|switch|p2a: Drednaw|Drednaw, L81, F|278/278\n|turn|1\n|\n|t:|1733882951\n|move|p1a: Pikachu|Volt Tackle|p2a: Drednaw\n|-supereffective|p2a: Drednaw\n|-damage|p2a: Drednaw|0 fnt\n|faint|p2a: Drednaw\n|-damage|p1a: Pikachu|124/216|[from] Recoil\n|\n|upkeep\n|\n|t:|1733882961\n|switch|p2a: Gogoat|Gogoat, L88, M|360/360\n|turn|2\n|\n|t:|1733882968\n|move|p1a: Pikachu|Volt Switch|p2a: Gogoat\n|-resisted|p2a: Gogoat\n|-damage|p2a: Gogoat|306/360\n|\n|t:|1733882978\n|switch|p1a: Armarouge|Armarouge, L80, F|267/267|[from] Volt Switch\n|move|p2a: Gogoat|Earthquake|p1a: Armarouge\n|-supereffective|p1a: Armarouge\n|-damage|p1a: Armarouge|109/267\n|-ability|p1a: Armarouge|Weak Armor|boost\n|-unboost|p1a: Armarouge|def|1\n|-boost|p1a: Armarouge|spe|2\n|\n|-heal|p2a: Gogoat|328/360|[from] item: Leftovers\n|upkeep\n|turn|3\n|\n|t:|1733883004\n|-terastallize|p1a: Armarouge|Grass\n|move|p1a: Armarouge|Armor Cannon|p2a: Gogoat\n|-supereffective|p2a: Gogoat\n|-damage|p2a: Gogoat|22/360\n|-unboost|p1a: Armarouge|def|1\n|-unboost|p1a: Armarouge|spd|1\n|move|p2a: Gogoat|Earthquake|p1a: Armarouge\n|-resisted|p1a: Armarouge\n|-damage|p1a: Armarouge|40/267\n|-ability|p1a: Armarouge|Weak Armor|boost\n|-unboost|p1a: Armarouge|def|1\n|-boost|p1a: Armarouge|spe|2\n|\n|-heal|p2a: Gogoat|44/360|[from] item: Leftovers\n|upkeep\n|turn|4\n|inactive|Battle timer is ON: inactive players will automatically lose when time's up. (requested by Rouge101)\n|\n|t:|1733883032\n|move|p1a: Armarouge|Armor Cannon|p2a: Gogoat\n|-supereffective|p2a: Gogoat\n|-damage|p2a: Gogoat|0 fnt\n|-unboost|p1a: Armarouge|def|1\n|-unboost|p1a: Armarouge|spd|1\n|faint|p2a: Gogoat\n|\n|upkeep\n|\n|t:|1733883052\n|switch|p2a: Espeon|Espeon, L84, F|246/246\n|turn|5\n|\n|t:|1733883072\n|move|p1a: Armarouge|Armor Cannon|p2a: Espeon\n|-damage|p2a: Espeon|107/246\n|-unboost|p1a: Armarouge|def|1\n|-unboost|p1a: Armarouge|spd|1\n|move|p2a: Espeon|Trick|p1a: Armarouge\n|-activate|p2a: Espeon|move: Trick|[of] p1a: Armarouge\n|-item|p1a: Armarouge|Choice Specs|[from] move: Trick\n|-item|p2a: Espeon|Power Herb|[from] move: Trick\n|\n|upkeep\n|turn|6\n|\n|t:|1733883092\n|move|p1a: Armarouge|Armor Cannon|p2a: Espeon\n|-damage|p2a: Espeon|0 fnt\n|-unboost|p1a: Armarouge|def|1\n|-unboost|p1a: Armarouge|spd|1\n|faint|p2a: Espeon\n|\n|upkeep\n|\n|t:|1733883102\n|switch|p2a: Blastoise|Blastoise, L80, M|258/258\n|turn|7\n|inactive|thunderphoenix256 has 270 seconds left.\n|\n|t:|1733883129\n|switch|p1a: Komala|Komala, L89, M|260/260\n|-ability|p1a: Komala|Comatose\n|move|p2a: Blastoise|Ice Beam|p1a: Komala\n|-damage|p1a: Komala|213/260\n|\n|upkeep\n|turn|8\n|inactive|thunderphoenix256 has 270 seconds left.\n|\n|t:|1733883160\n|move|p1a: Komala|Double-Edge|p2a: Blastoise\n|-damage|p2a: Blastoise|107/258\n|-damage|p1a: Komala|163/260|[from] Recoil\n|move|p2a: Blastoise|Shell Smash|p2a: Blastoise\n|-unboost|p2a: Blastoise|def|1\n|-unboost|p2a: Blastoise|spd|1\n|-boost|p2a: Blastoise|atk|2\n|-boost|p2a: Blastoise|spa|2\n|-boost|p2a: Blastoise|spe|2\n|-enditem|p2a: Blastoise|White Herb\n|-clearnegativeboost|p2a: Blastoise|[silent]\n|\n|upkeep\n|turn|9\n|inactive|thunderphoenix256 has 240 seconds left.\n|\n|t:|1733883175\n|move|p2a: Blastoise|Hydro Pump|p1a: Komala\n|-damage|p1a: Komala|0 fnt\n|faint|p1a: Komala\n|\n|upkeep\n|inactive|thunderphoenix256 has 240 seconds left.\n|\n|t:|1733883184\n|switch|p1a: Iron Bundle|Iron Bundle, L77|213/213\n|turn|10\n|\n|t:|1733883190\n|move|p2a: Blastoise|Tera Blast|p1a: Iron Bundle\n|-damage|p1a: Iron Bundle|75/213\n|move|p1a: Iron Bundle|Freeze-Dry|p2a: Blastoise\n|-supereffective|p2a: Blastoise\n|-damage|p2a: Blastoise|0 fnt\n|faint|p2a: Blastoise\n|\n|upkeep\n|\n|t:|1733883210\n|switch|p2a: Typhlosion|Typhlosion-Hisui, L83, M|257/257\n|turn|11\n|inactive|thunderphoenix256 has 240 seconds left.\n|\n|t:|1733883239\n|move|p2a: Typhlosion|Shadow Ball|p1a: Iron Bundle\n|-damage|p1a: Iron Bundle|0 fnt\n|faint|p1a: Iron Bundle\n|-end|p1a: Iron Bundle|Quark Drive|[silent]\n|\n|upkeep\n|\n|t:|1733883250\n|switch|p1a: Zangoose|Zangoose, L85, F|263/263\n|turn|12\n|\n|t:|1733883256\n|switch|p2a: Entei|Entei, L78|307/307\n|move|p1a: Zangoose|Swords Dance|p1a: Zangoose\n|-boost|p1a: Zangoose|atk|2\n|\n|-status|p1a: Zangoose|tox|[from] item: Toxic Orb\n|upkeep\n|turn|13\n|inactive|thunderphoenix256 has 240 seconds left.\n|\n|t:|1733883277\n|move|p1a: Zangoose|Facade|p2a: Entei\n|-damage|p2a: Entei|0 fnt\n|faint|p2a: Entei\n|\n|-damage|p1a: Zangoose|247/263 tox|[from] psn\n|upkeep\n|\n|t:|1733883280\n|switch|p2a: Typhlosion|Typhlosion-Hisui, L83, M|257/257\n|turn|14\n|\n|t:|1733883285\n|move|p2a: Typhlosion|Focus Blast|p1a: Zangoose\n|-supereffective|p1a: Zangoose\n|-crit|p1a: Zangoose\n|-damage|p1a: Zangoose|0 fnt\n|faint|p1a: Zangoose\n|\n|upkeep\n|inactive|thunderphoenix256 has 240 seconds left.\n|\n|t:|1733883306\n|switch|p1a: Azelf|Azelf, L82|257/257\n|turn|15\n|\n|t:|1733883320\n|move|p2a: Typhlosion|Focus Blast|p1a: Azelf\n|-resisted|p1a: Azelf\n|-damage|p1a: Azelf|201/257\n|move|p1a: Azelf|Psyshock|p2a: Typhlosion\n|-damage|p2a: Typhlosion|119/257\n|-damage|p1a: Azelf|176/257|[from] item: Life Orb\n|\n|upkeep\n|turn|16\n|\n|t:|1733883328\n|-terastallize|p2a: Typhlosion|Fire\n|move|p2a: Typhlosion|Focus Blast|p1a: Azelf\n|-resisted|p1a: Azelf\n|-damage|p1a: Azelf|113/257\n|move|p1a: Azelf|Psyshock|p2a: Typhlosion\n|-damage|p2a: Typhlosion|0 fnt\n|faint|p2a: Typhlosion\n|-damage|p1a: Azelf|88/257|[from] item: Life Orb\n|\n|win|thunderphoenix256\n|c|\u2606thunderphoenix256|are you sending the replays in or shall I?\n|c|\u2606thunderphoenix256|also gg\n|c|\u2606Rouge101|Could you send it?\n|c|\u2606Rouge101|GG\n|c|\u2606thunderphoenix256|sure, give me a second to open discords\n|c|\u2606thunderphoenix256|*discord\n", "inputlog": ">version bfd83cad13791eb5a5a409923076391caf6fb4d4\n>start {\"formatid\":\"gen9randombattle\",\"seed\":[19373,45738,56093,46474]}\n>player p1 {\"name\":\"thunderphoenix256\",\"avatar\":\"102\",\"rating\":0,\"seed\":[37066,47522,7020,27061]}\n>player p2 {\"name\":\"Rouge101\",\"avatar\":\"fisherman\",\"rating\":0,\"seed\":[21555,31020,55903,26795]}\n>p1 move volttackle\n>p2 move shellsmash\n>p2 switch 4\n>p1 move voltswitch\n>p2 move earthquake\n>p1 switch 2\n>p1 move armorcannon terastallize\n>p2 move earthquake\n>p1 move armorcannon\n>p2 move hornleech\n>p2 switch 6\n>p1 move armorcannon\n>p2 move trick\n>p1 move armorcannon\n>p2 move psyshock\n>p2 switch 3\n>p1 switch 6\n>p2 move icebeam\n>p1 move doubleedge\n>p2 move shellsmash\n>p1 move doubleedge\n>p2 move hydropump\n>p1 switch 5\n>p1 move freezedry\n>p2 move terablast\n>p2 switch 5\n>p1 move flipturn\n>p2 move shadowball\n>p1 switch 3\n>p1 move swordsdance\n>p2 switch 2\n>p1 move facade\n>p2 move flareblitz\n>p2 switch 2\n>p1 move knockoff\n>p2 move focusblast\n>p1 switch 4\n>p1 move psyshock\n>p2 move focusblast\n>p1 move psyshock\n>p2 move focusblast terastallize", "uploadtime": 1733883448, "views": 4, "formatid": "gen9randombattle", "rating": null, "private": 0, "password": null}