{"id": "gen9randombattle-2219226483", "format": "[Gen 9] Random Battle", "players": ["Landius", "samuelayers"], "log": "|badge|p2|bronze|gen9randombattle|100-3\n|uhtml|medal-msg|<div class=\"broadcast-blue\">Curious what those medals under the avatar are? PS now has Ladder Seasons! For more information, check out the <a href=\"https://www.smogon.com/forums/threads/3740067/\">thread on Smogon.</a></div>\n|j|\u2606Landius\n|j|\u2606samuelayers\n|t:|1728475900\n|gametype|singles\n|player|p1|Landius|silver|2242\n|player|p2|samuelayers|gentleman-gen4dp|2302\n|teamsize|p1|6\n|teamsize|p2|6\n|gen|9\n|tier|[Gen 9] Random Battle\n|rated|\n|rule|Species Clause: Limit one of each Pok\u00e9mon\n|rule|HP Percentage Mod: HP is shown in percentages\n|rule|Sleep Clause Mod: Limit one foe put to sleep\n|rule|Illusion Level Mod: Illusion disguises the Pok\u00e9mon's true level\n|\n|t:|1728475900\n|start\n|switch|p1a: Gengar|Gengar, L81, M|230/230\n|switch|p2a: Reshiram|Reshiram, L76|277/277\n|-ability|p2a: Reshiram|Turboblaze\n|turn|1\n|inactive|Battle timer is ON: inactive players will automatically lose when time's up. (requested by samuelayers)\n|\n|t:|1728475909\n|switch|p1a: Sandaconda|Sandaconda, L84, F|258/258\n|move|p2a: Reshiram|Earth Power|p1a: Sandaconda\n|-damage|p1a: Sandaconda|174/258\n|\n|upkeep\n|turn|2\n|\n|t:|1728475916\n|move|p2a: Reshiram|Draco Meteor|p1a: Sandaconda\n|-damage|p1a: Sandaconda|0 fnt\n|-unboost|p2a: Reshiram|spa|2\n|faint|p1a: Sandaconda\n|\n|upkeep\n|\n|t:|1728475922\n|switch|p1a: Gengar|Gengar, L81, M|230/230\n|turn|3\n|\n|t:|1728475925\n|switch|p2a: Excadrill|Excadrill, L80, F|307/307\n|-ability|p2a: Excadrill|Mold Breaker\n|move|p1a: Gengar|Nasty Plot|p1a: Gengar\n|-boost|p1a: Gengar|spa|2\n|\n|upkeep\n|turn|4\n|\n|t:|1728475932\n|switch|p2a: Vigoroth|Vigoroth, L85, M|275/275\n|move|p1a: Gengar|Focus Blast|p2a: Vigoroth|[miss]\n|-miss|p1a: Gengar|p2a: Vigoroth\n|\n|upkeep\n|turn|5\n|\n|t:|1728475938\n|-terastallize|p2a: Vigoroth|Ground\n|move|p1a: Gengar|Focus Blast|p2a: Vigoroth|[miss]\n|-miss|p1a: Gengar|p2a: Vigoroth\n|move|p2a: Vigoroth|Earthquake|p1a: Gengar\n|-supereffective|p1a: Gengar\n|-damage|p1a: Gengar|0 fnt\n|faint|p1a: Gengar\n|\n|upkeep\n|\n|t:|1728475940\n|switch|p1a: Ogerpon|Ogerpon, L80, F|259/259\n|turn|6\n|\n|t:|1728475948\n|move|p1a: Ogerpon|Knock Off|p2a: Vigoroth\n|-damage|p2a: Vigoroth|201/275\n|-enditem|p2a: Vigoroth|Eviolite|[from] move: Knock Off|[of] p1a: Ogerpon\n|-damage|p1a: Ogerpon|234/259|[from] item: Life Orb\n|move|p2a: Vigoroth|Body Slam|p1a: Ogerpon\n|-damage|p1a: Ogerpon|144/259\n|-status|p1a: Ogerpon|par\n|\n|upkeep\n|turn|7\n|\n|t:|1728475951\n|move|p2a: Vigoroth|Body Slam|p1a: Ogerpon\n|-damage|p1a: Ogerpon|57/259 par\n|cant|p1a: Ogerpon|par\n|\n|upkeep\n|turn|8\n|\n|t:|1728475955\n|move|p2a: Vigoroth|Body Slam|p1a: Ogerpon\n|-damage|p1a: Ogerpon|0 fnt\n|faint|p1a: Ogerpon\n|\n|upkeep\n|\n|t:|1728475957\n|switch|p1a: Sunflora|Sunflora, M|312/312\n|turn|9\n|\n|t:|1728475964\n|move|p2a: Vigoroth|Body Slam|p1a: Sunflora\n|-damage|p1a: Sunflora|224/312\n|-status|p1a: Sunflora|par\n|cant|p1a: Sunflora|par\n|\n|upkeep\n|turn|10\n|\n|t:|1728475971\n|move|p2a: Vigoroth|Body Slam|p1a: Sunflora\n|-damage|p1a: Sunflora|124/312 par\n|move|p1a: Sunflora|Leaf Storm|p2a: Vigoroth|[miss]\n|-miss|p1a: Sunflora|p2a: Vigoroth\n|\n|upkeep\n|turn|11\n|\n|t:|1728475976\n|switch|p2a: Reshiram|Reshiram, L76|277/277\n|-ability|p2a: Reshiram|Turboblaze\n|move|p1a: Sunflora|Leaf Storm|p2a: Reshiram\n|-resisted|p2a: Reshiram\n|-damage|p2a: Reshiram|216/277\n|-unboost|p1a: Sunflora|spa|2\n|\n|upkeep\n|turn|12\n|\n|t:|1728475980\n|move|p1a: Sunflora|Leaf Storm|p2a: Reshiram\n|-resisted|p2a: Reshiram\n|-damage|p2a: Reshiram|185/277\n|-unboost|p1a: Sunflora|spa|2\n|move|p2a: Reshiram|Dragon Tail|p1a: Sunflora\n|-damage|p1a: Sunflora|55/312 par\n|drag|p1a: Calyrex|Calyrex-Ice, L72|263/263\n|-ability|p1a: Calyrex|As One\n|-ability|p1a: Calyrex|Unnerve\n|\n|upkeep\n|turn|13\n|c|\u2606Landius|Fak\n|\n|t:|1728475990\n|move|p2a: Reshiram|Blue Flare|p1a: Calyrex\n|-supereffective|p1a: Calyrex\n|-damage|p1a: Calyrex|9/263\n|move|p1a: Calyrex|High Horsepower|p2a: Reshiram\n|-supereffective|p2a: Reshiram\n|-damage|p2a: Reshiram|37/277\n|\n|upkeep\n|turn|14\n|\n|t:|1728475996\n|move|p2a: Reshiram|Earth Power|p1a: Calyrex\n|-damage|p1a: Calyrex|0 fnt\n|faint|p1a: Calyrex\n|\n|upkeep\n|\n|t:|1728475997\n|switch|p1a: Volcarona|Volcarona, L77, F|257/257\n|turn|15\n|\n|t:|1728476002\n|move|p1a: Volcarona|Quiver Dance|p1a: Volcarona\n|-boost|p1a: Volcarona|spa|1\n|-boost|p1a: Volcarona|spd|1\n|-boost|p1a: Volcarona|spe|1\n|move|p2a: Reshiram|Dragon Tail|p1a: Volcarona\n|-damage|p1a: Volcarona|169/257\n|drag|p1a: Sunflora|Sunflora, M|55/312 par\n|\n|upkeep\n|turn|16\n|\n|t:|1728476010\n|move|p1a: Sunflora|Earth Power|p2a: Reshiram\n|-supereffective|p2a: Reshiram\n|-damage|p2a: Reshiram|0 fnt\n|faint|p2a: Reshiram\n|\n|upkeep\n|\n|t:|1728476013\n|switch|p2a: Cresselia|Cresselia, L80, F|323/323\n|turn|17\n|\n|t:|1728476017\n|switch|p1a: Volcarona|Volcarona, L77, F|169/257\n|move|p2a: Cresselia|Calm Mind|p2a: Cresselia\n|-boost|p2a: Cresselia|spa|1\n|-boost|p2a: Cresselia|spd|1\n|\n|upkeep\n|turn|18\n|\n|t:|1728476022\n|move|p1a: Volcarona|Quiver Dance|p1a: Volcarona\n|-boost|p1a: Volcarona|spa|1\n|-boost|p1a: Volcarona|spd|1\n|-boost|p1a: Volcarona|spe|1\n|move|p2a: Cresselia|Calm Mind|p2a: Cresselia\n|-boost|p2a: Cresselia|spa|1\n|-boost|p2a: Cresselia|spd|1\n|\n|upkeep\n|turn|19\n|\n|t:|1728476032\n|move|p1a: Volcarona|Quiver Dance|p1a: Volcarona\n|-boost|p1a: Volcarona|spa|1\n|-boost|p1a: Volcarona|spd|1\n|-boost|p1a: Volcarona|spe|1\n|move|p2a: Cresselia|Psyshock|p1a: Volcarona\n|-damage|p1a: Volcarona|0 fnt\n|faint|p1a: Volcarona\n|\n|upkeep\n|-message|Landius forfeited.\n|\n|win|samuelayers\n|raw|Landius's rating: 2242 &rarr; <strong>2225</strong><br />(-17 for losing)\n|raw|samuelayers's rating: 2302 &rarr; <strong>2319</strong><br />(+17 for winning)\n|l|\u2606Landius\n|player|p1|\n", "inputlog": ">version 07a496376195f222b7c6b2699e264b68c37d3bc4\n>start {\"formatid\":\"gen9randombattle\",\"seed\":[17960,64471,33158,16353],\"rated\":\"Rated battle\"}\n>player p1 {\"name\":\"Landius\",\"avatar\":\"silver\",\"rating\":2242,\"seed\":[30909,39261,56511,29169]}\n>player p2 {\"name\":\"samuelayers\",\"avatar\":\"gentleman-gen4dp\",\"rating\":2302,\"seed\":[65183,6212,20612,9332]}\n>p1 switch 4\n>p2 move earthpower\n>p1 move coil\n>p2 move dracometeor\n>p1 switch 4\n>p1 move nastyplot\n>p2 switch 3\n>p1 move focusblast\n>p2 switch 5\n>p1 move focusblast\n>p2 move earthquake terastallize\n>p1 switch 5\n>p1 move knockoff\n>p2 move bodyslam\n>p1 move ivycudgel\n>p2 move bodyslam\n>p1 move ivycudgel\n>p2 move bodyslam\n>p1 switch 2\n>p1 move leafstorm\n>p2 move bodyslam\n>p1 move leafstorm\n>p2 move bodyslam\n>p1 move leafstorm\n>p2 switch 3\n>p1 move leafstorm\n>p2 move dragontail\n>chat \u2606Landius|Fak\n>p1 move highhorsepower\n>p2 move blueflare\n>p1 move highhorsepower\n>p2 move earthpower\n>p1 switch 6\n>p1 move quiverdance\n>p2 move dragontail\n>p1 move earthpower\n>p2 move dragontail\n>p2 switch 6\n>p1 switch 3\n>p2 move calmmind\n>p1 move quiverdance\n>p2 move calmmind\n>p1 move quiverdance\n>p2 move psyshock\n>forcelose p1", "uploadtime": 1728476044, "views": 91, "formatid": "gen9randombattle", "rating": 2225, "private": 0, "password": null}