{"id": "gen9randombattle-2260042525", "format": "[Gen 9] Random Battle", "players": ["sherbettoons", "lilkiwi2468"], "log": "|j|\u2606sherbettoons\n|j|\u2606lilkiwi2468\n|t:|1733794765\n|gametype|singles\n|player|p1|sherbettoons|n|1297\n|player|p2|lilkiwi2468|101|1342\n|teamsize|p1|6\n|teamsize|p2|6\n|gen|9\n|tier|[Gen 9] Random Battle\n|rated|\n|rule|Species Clause: Limit one of each Pok\u00e9mon\n|rule|HP Percentage Mod: HP is shown in percentages\n|rule|Sleep Clause Mod: Limit one foe put to sleep\n|rule|Illusion Level Mod: Illusion disguises the Pok\u00e9mon's true level\n|\n|t:|1733794765\n|start\n|switch|p1a: Cetitan|Cetitan, L82, F|413/413\n|switch|p2a: Swampert|Swampert, L83, M|302/302\n|turn|1\n|inactive|Battle timer is ON: inactive players will automatically lose when time's up. (requested by lilkiwi2468)\n|\n|t:|1733794775\n|move|p1a: Cetitan|Icicle Crash|p2a: Swampert|[miss]\n|-miss|p1a: Cetitan|p2a: Swampert\n|move|p2a: Swampert|Yawn|p1a: Cetitan\n|-start|p1a: Cetitan|move: Yawn|[of] p2a: Swampert\n|\n|upkeep\n|turn|2\n|\n|t:|1733794790\n|switch|p1a: Glastrier|Glastrier, L86|311/311\n|switch|p2a: Gurdurr|Gurdurr, L85, M|283/283\n|\n|upkeep\n|turn|3\n|\n|t:|1733794803\n|switch|p1a: Armarouge|Armarouge, L80, M|267/267\n|move|p2a: Gurdurr|Bulk Up|p2a: Gurdurr\n|-boost|p2a: Gurdurr|atk|1\n|-boost|p2a: Gurdurr|def|1\n|\n|upkeep\n|turn|4\n|\n|t:|1733794811\n|move|p1a: Armarouge|Psyshock|p2a: Gurdurr\n|-supereffective|p2a: Gurdurr\n|-damage|p2a: Gurdurr|193/283\n|move|p2a: Gurdurr|Knock Off|p1a: Armarouge\n|-supereffective|p1a: Armarouge\n|-damage|p1a: Armarouge|67/267\n|-ability|p1a: Armarouge|Weak Armor|boost\n|-unboost|p1a: Armarouge|def|1\n|-boost|p1a: Armarouge|spe|2\n|-enditem|p1a: Armarouge|Power Herb|[from] move: Knock Off|[of] p2a: Gurdurr\n|\n|upkeep\n|turn|5\n|\n|t:|1733794824\n|move|p2a: Gurdurr|Mach Punch|p1a: Armarouge\n|-resisted|p1a: Armarouge\n|-damage|p1a: Armarouge|19/267\n|-ability|p1a: Armarouge|Weak Armor|boost\n|-unboost|p1a: Armarouge|def|1\n|-boost|p1a: Armarouge|spe|2\n|move|p1a: Armarouge|Psyshock|p2a: Gurdurr\n|-supereffective|p2a: Gurdurr\n|-damage|p2a: Gurdurr|113/283\n|\n|upkeep\n|turn|6\n|\n|t:|1733794836\n|move|p2a: Gurdurr|Mach Punch|p1a: Armarouge\n|-resisted|p1a: Armarouge\n|-damage|p1a: Armarouge|0 fnt\n|faint|p1a: Armarouge\n|\n|upkeep\n|\n|t:|1733794844\n|switch|p1a: Clawitzer|Clawitzer, L87, F|265/265\n|turn|7\n|\n|t:|1733794848\n|move|p1a: Clawitzer|Water Pulse|p2a: Gurdurr\n|-damage|p2a: Gurdurr|0 fnt\n|faint|p2a: Gurdurr\n|\n|upkeep\n|\n|t:|1733794851\n|switch|p2a: Vileplume|Vileplume, L85, F|266/266\n|turn|8\n|\n|t:|1733794857\n|switch|p1a: Cetitan|Cetitan, L82, F|413/413\n|move|p2a: Vileplume|Sleep Powder|p1a: Cetitan\n|-status|p1a: Cetitan|slp|[from] move: Sleep Powder\n|\n|upkeep\n|turn|9\n|\n|t:|1733794868\n|switch|p2a: Greedent|Greedent, L86, F|347/347\n|cant|p1a: Cetitan|slp\n|\n|upkeep\n|turn|10\n|\n|t:|1733794876\n|switch|p1a: Clawitzer|Clawitzer, L87, F|265/265\n|move|p2a: Greedent|Swords Dance|p2a: Greedent\n|-boost|p2a: Greedent|atk|2\n|\n|upkeep\n|turn|11\n|\n|t:|1733794884\n|move|p1a: Clawitzer|Aura Sphere|p2a: Greedent\n|-supereffective|p2a: Greedent\n|-damage|p2a: Greedent|121/347\n|-enditem|p2a: Greedent|Sitrus Berry|[eat]\n|-heal|p2a: Greedent|207/347|[from] item: Sitrus Berry\n|-heal|p2a: Greedent|322/347|[from] ability: Cheek Pouch\n|move|p2a: Greedent|Double-Edge|p1a: Clawitzer\n|-damage|p1a: Clawitzer|27/265\n|-damage|p2a: Greedent|243/347|[from] Recoil\n|\n|upkeep\n|turn|12\n|\n|t:|1733794896\n|move|p1a: Clawitzer|Aura Sphere|p2a: Greedent\n|-supereffective|p2a: Greedent\n|-damage|p2a: Greedent|0 fnt\n|faint|p2a: Greedent\n|\n|upkeep\n|\n|t:|1733794903\n|switch|p2a: Vileplume|Vileplume, L85, F|266/266\n|turn|13\n|\n|t:|1733794911\n|move|p1a: Clawitzer|U-turn|p2a: Vileplume\n|-damage|p2a: Vileplume|221/266\n|\n|t:|1733794914\n|switch|p1a: Cetitan|Cetitan, L82, F|413/413 slp|[from] U-turn\n|move|p2a: Vileplume|Sludge Bomb|p1a: Cetitan\n|-damage|p1a: Cetitan|266/413 slp\n|\n|-heal|p2a: Vileplume|237/266|[from] item: Leftovers\n|upkeep\n|turn|14\n|\n|t:|1733794931\n|-curestatus|p1a: Cetitan|slp|[msg]\n|move|p1a: Cetitan|Icicle Crash|p2a: Vileplume\n|-supereffective|p2a: Vileplume\n|-damage|p2a: Vileplume|0 fnt\n|faint|p2a: Vileplume\n|\n|upkeep\n|\n|t:|1733794939\n|switch|p2a: Swampert|Swampert, L83, M|302/302\n|turn|15\n|\n|t:|1733794943\n|move|p1a: Cetitan|Icicle Crash|p2a: Swampert\n|-damage|p2a: Swampert|141/302\n|move|p2a: Swampert|Earthquake|p1a: Cetitan\n|-damage|p1a: Cetitan|121/413\n|\n|-heal|p2a: Swampert|159/302|[from] item: Leftovers\n|upkeep\n|turn|16\n|\n|t:|1733794952\n|move|p1a: Cetitan|Icicle Crash|p2a: Swampert\n|-damage|p2a: Swampert|10/302\n|move|p2a: Swampert|Stealth Rock|p1a: Cetitan\n|-sidestart|p1: sherbettoons|move: Stealth Rock\n|\n|-heal|p2a: Swampert|28/302|[from] item: Leftovers\n|upkeep\n|turn|17\n|\n|t:|1733794960\n|move|p1a: Cetitan|Ice Shard|p2a: Swampert\n|-damage|p2a: Swampert|0 fnt\n|faint|p2a: Swampert\n|-damage|p1a: Cetitan|80/413|[from] item: Life Orb\n|\n|upkeep\n|\n|t:|1733794964\n|switch|p2a: Froslass|Froslass, L87, F|263/263\n|turn|18\n|\n|t:|1733794979\n|move|p2a: Froslass|Poltergeist|p1a: Cetitan\n|-activate|p1a: Cetitan|move: Poltergeist|Life Orb\n|-damage|p1a: Cetitan|0 fnt\n|faint|p1a: Cetitan\n|\n|upkeep\n|\n|t:|1733794991\n|switch|p1a: Arceus|Arceus-Water, L71|288/288\n|-damage|p1a: Arceus|252/288|[from] Stealth Rock\n|turn|19\n|\n|t:|1733794997\n|move|p2a: Froslass|Taunt|p1a: Arceus\n|-start|p1a: Arceus|move: Taunt\n|cant|p1a: Arceus|move: Taunt|Will-O-Wisp\n|\n|upkeep\n|turn|20\n|\n|t:|1733795007\n|move|p2a: Froslass|Poltergeist|p1a: Arceus\n|-activate|p1a: Arceus|move: Poltergeist|Splash Plate\n|-damage|p1a: Arceus|144/288\n|move|p1a: Arceus|Judgment|p2a: Froslass\n|-damage|p2a: Froslass|140/263\n|\n|upkeep\n|turn|21\n|\n|t:|1733795020\n|move|p2a: Froslass|Poltergeist|p1a: Arceus\n|-activate|p1a: Arceus|move: Poltergeist|Splash Plate\n|-damage|p1a: Arceus|38/288\n|move|p1a: Arceus|Judgment|p2a: Froslass\n|-damage|p2a: Froslass|16/263\n|\n|-end|p1a: Arceus|move: Taunt\n|upkeep\n|turn|22\n|\n|t:|1733795034\n|move|p2a: Froslass|Poltergeist|p1a: Arceus\n|-activate|p1a: Arceus|move: Poltergeist|Splash Plate\n|-crit|p1a: Arceus\n|-damage|p1a: Arceus|0 fnt\n|faint|p1a: Arceus\n|\n|upkeep\n|\n|t:|1733795046\n|switch|p1a: Glastrier|Glastrier, L86|311/311\n|-damage|p1a: Glastrier|234/311|[from] Stealth Rock\n|turn|23\n|\n|t:|1733795052\n|move|p2a: Froslass|Poltergeist|p1a: Glastrier\n|-activate|p1a: Glastrier|move: Poltergeist|Choice Band\n|-damage|p1a: Glastrier|153/311\n|move|p1a: Glastrier|Heavy Slam|p2a: Froslass\n|-supereffective|p2a: Froslass\n|-damage|p2a: Froslass|0 fnt\n|faint|p2a: Froslass\n|-ability|p1a: Glastrier|Chilling Neigh|boost\n|-boost|p1a: Glastrier|atk|1\n|\n|upkeep\n|\n|t:|1733795056\n|switch|p2a: Masquerain|Masquerain, L87, F|264/264\n|-ability|p2a: Masquerain|Intimidate|boost\n|-unboost|p1a: Glastrier|atk|1\n|turn|24\n|\n|t:|1733795068\n|switch|p1a: Clawitzer|Clawitzer, L87, F|27/265\n|-damage|p1a: Clawitzer|0 fnt|[from] Stealth Rock\n|faint|p1a: Clawitzer\n|-terastallize|p2a: Masquerain|Water\n|move|p2a: Masquerain|Quiver Dance|p2a: Masquerain\n|-boost|p2a: Masquerain|spa|1\n|-boost|p2a: Masquerain|spd|1\n|-boost|p2a: Masquerain|spe|1\n|\n|upkeep\n|\n|t:|1733795087\n|switch|p1a: Great Tusk|Great Tusk, L77|304/304\n|-damage|p1a: Great Tusk|295/304|[from] Stealth Rock\n|-enditem|p1a: Great Tusk|Booster Energy\n|-activate|p1a: Great Tusk|ability: Protosynthesis|[fromitem]\n|-start|p1a: Great Tusk|protosynthesisatk\n|turn|25\n|\n|t:|1733795103\n|move|p2a: Masquerain|Hydro Pump|p1a: Great Tusk\n|-supereffective|p1a: Great Tusk\n|-damage|p1a: Great Tusk|0 fnt\n|faint|p1a: Great Tusk\n|-end|p1a: Great Tusk|Protosynthesis|[silent]\n|\n|upkeep\n|\n|t:|1733795108\n|switch|p1a: Glastrier|Glastrier, L86|153/311\n|-damage|p1a: Glastrier|76/311|[from] Stealth Rock\n|turn|26\n|\n|t:|1733795113\n|-terastallize|p1a: Glastrier|Fighting\n|move|p2a: Masquerain|Bug Buzz|p1a: Glastrier\n|-resisted|p1a: Glastrier\n|-damage|p1a: Glastrier|14/311\n|move|p1a: Glastrier|Close Combat|p2a: Masquerain\n|-damage|p2a: Masquerain|0 fnt\n|-unboost|p1a: Glastrier|def|1\n|-unboost|p1a: Glastrier|spd|1\n|faint|p2a: Masquerain\n|\n|win|sherbettoons\n|raw|sherbettoons's rating: 1297 &rarr; <strong>1325</strong><br />(+28 for winning)\n|raw|lilkiwi2468's rating: 1342 &rarr; <strong>1319</strong><br />(-23 for losing)\n", "inputlog": ">version bfd83cad13791eb5a5a409923076391caf6fb4d4\n>start {\"formatid\":\"gen9randombattle\",\"seed\":[45924,8875,4044,43415],\"rated\":\"Rated battle\"}\n>player p1 {\"name\":\"sherbettoons\",\"avatar\":\"n\",\"rating\":1297,\"seed\":[11068,18718,16981,42648]}\n>player p2 {\"name\":\"lilkiwi2468\",\"avatar\":\"101\",\"rating\":1342,\"seed\":[35018,59594,49946,54840]}\n>p1 move iciclecrash\n>p2 move yawn\n>p1 switch 6\n>p2 switch 6\n>p1 switch 2\n>p2 move bulkup\n>p1 move psyshock\n>p2 move knockoff\n>p1 move psyshock\n>p2 move machpunch\n>p1 move psyshock\n>p2 move machpunch\n>p1 switch 5\n>p1 move waterpulse\n>p2 move drainpunch\n>p2 switch 2\n>p1 switch 6\n>p2 move sleeppowder\n>p1 move iciclecrash\n>p2 switch 5\n>p1 switch 6\n>p2 move swordsdance\n>p1 move aurasphere\n>p2 move doubleedge\n>p1 move aurasphere\n>p2 move knockoff\n>p2 switch 5\n>p1 move uturn\n>p2 move sludgebomb\n>p1 switch 6\n>p1 move iciclecrash\n>p2 move sludgebomb\n>p2 switch 6\n>p1 move iciclecrash\n>p2 move earthquake\n>p1 move iciclecrash\n>p2 move stealthrock\n>p1 move iceshard\n>p2 move earthquake\n>p2 switch 4\n>p1 move iciclecrash\n>p2 move poltergeist\n>p1 switch 4\n>p1 move willowisp\n>p2 move taunt\n>p1 move judgment\n>p2 move poltergeist\n>p1 move judgment\n>p2 move poltergeist\n>p1 move judgment\n>p2 move poltergeist\n>p1 switch 2\n>p1 move heavyslam\n>p2 move poltergeist\n>p2 switch 3\n>p1 switch 6\n>p2 move quiverdance terastallize\n>p1 switch 3\n>p1 move bulkup\n>p2 move hydropump\n>p1 switch 6\n>p1 move closecombat terastallize\n>p2 move bugbuzz", "uploadtime": 1733795125, "views": 4, "formatid": "gen9randombattle", "rating": 1319, "private": 0, "password": null}