{"id": "gen9randombattle-2259909436", "format": "[Gen 9] Random Battle", "players": ["Andras14", "juanmii2002"], "log": "|j|\u2606Andras14\n|j|\u2606juanmii2002\n|t:|1733778924\n|gametype|singles\n|player|p1|Andras14|harlequin|1292\n|player|p2|juanmii2002|2|1294\n|teamsize|p1|6\n|teamsize|p2|6\n|gen|9\n|tier|[Gen 9] Random Battle\n|rated|\n|rule|Species Clause: Limit one of each Pok\u00e9mon\n|rule|HP Percentage Mod: HP is shown in percentages\n|rule|Sleep Clause Mod: Limit one foe put to sleep\n|rule|Illusion Level Mod: Illusion disguises the Pok\u00e9mon's true level\n|\n|t:|1733778924\n|start\n|switch|p1a: Quagsire|Quagsire, L84, M|297/297\n|switch|p2a: Blissey|Blissey, L84, F|566/566\n|turn|1\n|inactive|Battle timer is ON: inactive players will automatically lose when time's up. (requested by Andras14)\n|\n|t:|1733778934\n|move|p2a: Blissey|Thunder Wave|p1a: Quagsire\n|-immune|p1a: Quagsire\n|move|p1a: Quagsire|Earthquake|p2a: Blissey\n|-damage|p2a: Blissey|263/566\n|\n|-heal|p2a: Blissey|298/566|[from] item: Leftovers\n|upkeep\n|turn|2\n|\n|t:|1733778942\n|move|p2a: Blissey|Soft-Boiled|p2a: Blissey\n|-heal|p2a: Blissey|566/566\n|move|p1a: Quagsire|Spikes|p2a: Blissey\n|-sidestart|p2: juanmii2002|Spikes\n|\n|upkeep\n|turn|3\n|\n|t:|1733778948\n|move|p2a: Blissey|Seismic Toss|p1a: Quagsire\n|-damage|p1a: Quagsire|213/297\n|move|p1a: Quagsire|Earthquake|p2a: Blissey\n|-crit|p2a: Blissey\n|-damage|p2a: Blissey|139/566\n|\n|-heal|p2a: Blissey|174/566|[from] item: Leftovers\n|-heal|p1a: Quagsire|231/297|[from] item: Leftovers\n|upkeep\n|turn|4\n|\n|t:|1733778958\n|move|p2a: Blissey|Seismic Toss|p1a: Quagsire\n|-damage|p1a: Quagsire|147/297\n|move|p1a: Quagsire|Earthquake|p2a: Blissey\n|-crit|p2a: Blissey\n|-damage|p2a: Blissey|0 fnt\n|faint|p2a: Blissey\n|\n|-heal|p1a: Quagsire|165/297|[from] item: Leftovers\n|upkeep\n|\n|t:|1733778963\n|switch|p2a: Rillaboom|Rillaboom, L79, F|288/288\n|-damage|p2a: Rillaboom|252/288|[from] Spikes\n|-fieldstart|move: Grassy Terrain|[from] ability: Grassy Surge|[of] p2a: Rillaboom\n|turn|5\n|\n|t:|1733778973\n|switch|p1a: Masquerain|Masquerain, L87, F|264/264\n|-ability|p1a: Masquerain|Intimidate|boost\n|-unboost|p2a: Rillaboom|atk|1\n|move|p2a: Rillaboom|Swords Dance|p2a: Rillaboom\n|-boost|p2a: Rillaboom|atk|2\n|\n|-heal|p2a: Rillaboom|270/288|[from] Grassy Terrain\n|upkeep\n|turn|6\n|\n|t:|1733778985\n|switch|p2a: Heatran|Heatran, L79, M|273/273\n|-item|p2a: Heatran|Air Balloon\n|move|p1a: Masquerain|Sticky Web|p2a: Heatran\n|-sidestart|p2: juanmii2002|move: Sticky Web\n|\n|upkeep\n|turn|7\n|\n|t:|1733779004\n|move|p1a: Masquerain|Bug Buzz|p2a: Heatran\n|-resisted|p2a: Heatran\n|-damage|p2a: Heatran|248/273\n|-enditem|p2a: Heatran|Air Balloon\n|move|p2a: Heatran|Stealth Rock|p1a: Masquerain\n|-sidestart|p1: Andras14|move: Stealth Rock\n|\n|-heal|p2a: Heatran|265/273|[from] Grassy Terrain\n|upkeep\n|turn|8\n|\n|t:|1733779013\n|move|p1a: Masquerain|Stun Spore|p2a: Heatran\n|-status|p2a: Heatran|par\n|move|p2a: Heatran|Lava Plume|p1a: Masquerain\n|-supereffective|p1a: Masquerain\n|-damage|p1a: Masquerain|60/264\n|\n|-heal|p2a: Heatran|273/273 par|[from] Grassy Terrain\n|upkeep\n|turn|9\n|\n|t:|1733779026\n|move|p1a: Masquerain|Hurricane|p2a: Heatran|[miss]\n|-miss|p1a: Masquerain|p2a: Heatran\n|cant|p2a: Heatran|par\n|\n|-fieldend|move: Grassy Terrain\n|upkeep\n|turn|10\n|\n|t:|1733779033\n|move|p1a: Masquerain|Hurricane|p2a: Heatran|[miss]\n|-miss|p1a: Masquerain|p2a: Heatran\n|move|p2a: Heatran|Lava Plume|p1a: Masquerain\n|-supereffective|p1a: Masquerain\n|-damage|p1a: Masquerain|0 fnt\n|faint|p1a: Masquerain\n|\n|upkeep\n|\n|t:|1733779042\n|switch|p1a: Quagsire|Quagsire, L84, M|165/297\n|-damage|p1a: Quagsire|147/297|[from] Stealth Rock\n|turn|11\n|\n|t:|1733779052\n|move|p1a: Quagsire|Ice Beam|p2a: Heatran\n|-resisted|p2a: Heatran\n|-damage|p2a: Heatran|262/273 par\n|move|p2a: Heatran|Earth Power|p1a: Quagsire\n|-crit|p1a: Quagsire\n|-damage|p1a: Quagsire|9/297\n|\n|-heal|p1a: Quagsire|27/297|[from] item: Leftovers\n|upkeep\n|turn|12\n|\n|t:|1733779061\n|move|p1a: Quagsire|Recover|p1a: Quagsire\n|-heal|p1a: Quagsire|176/297\n|cant|p2a: Heatran|par\n|\n|-heal|p1a: Quagsire|194/297|[from] item: Leftovers\n|upkeep\n|turn|13\n|\n|t:|1733779069\n|move|p1a: Quagsire|Earthquake|p2a: Heatran\n|-supereffective|p2a: Heatran\n|-damage|p2a: Heatran|0 fnt\n|faint|p2a: Heatran\n|\n|-heal|p1a: Quagsire|212/297|[from] item: Leftovers\n|upkeep\n|\n|t:|1733779076\n|switch|p2a: Rillaboom|Rillaboom, L79, F|270/288\n|-damage|p2a: Rillaboom|234/288|[from] Spikes\n|-activate|p2a: Rillaboom|move: Sticky Web\n|-unboost|p2a: Rillaboom|spe|1\n|-fieldstart|move: Grassy Terrain|[from] ability: Grassy Surge|[of] p2a: Rillaboom\n|turn|14\n|\n|t:|1733779083\n|switch|p1a: Arbok|Arbok, L87, M|246/246\n|-damage|p1a: Arbok|216/246|[from] Stealth Rock\n|-ability|p1a: Arbok|Intimidate|boost\n|-unboost|p2a: Rillaboom|atk|1\n|move|p2a: Rillaboom|Wood Hammer|p1a: Arbok\n|-resisted|p1a: Arbok\n|-crit|p1a: Arbok\n|-damage|p1a: Arbok|0 fnt\n|faint|p1a: Arbok\n|-damage|p2a: Rillaboom|163/288|[from] Recoil\n|-damage|p2a: Rillaboom|135/288|[from] item: Life Orb\n|\n|-heal|p2a: Rillaboom|153/288|[from] Grassy Terrain\n|upkeep\n|\n|t:|1733779098\n|switch|p1a: Munkidori|Munkidori, L79, M|269/269\n|-damage|p1a: Munkidori|236/269|[from] Stealth Rock\n|turn|15\n|\n|t:|1733779107\n|switch|p2a: Munkidori|Munkidori, L79, M|269/269\n|-damage|p2a: Munkidori|236/269|[from] Spikes\n|-activate|p2a: Munkidori|move: Sticky Web\n|-unboost|p2a: Munkidori|spe|1\n|move|p1a: Munkidori|Fake Out|p2a: Munkidori\n|-damage|p2a: Munkidori|210/269\n|\n|-heal|p1a: Munkidori|252/269|[from] Grassy Terrain\n|-heal|p2a: Munkidori|226/269|[from] Grassy Terrain\n|upkeep\n|turn|16\n|\n|t:|1733779121\n|-terastallize|p1a: Munkidori|Dark\n|move|p1a: Munkidori|Psychic Noise|p2a: Munkidori\n|-damage|p2a: Munkidori|141/269\n|-start|p2a: Munkidori|move: Heal Block\n|move|p2a: Munkidori|U-turn|p1a: Munkidori\n|-supereffective|p1a: Munkidori\n|-damage|p1a: Munkidori|156/269\n|-status|p1a: Munkidori|tox|[from] ability: Toxic Chain|[of] p2a: Munkidori\n|\n|t:|1733779129\n|switch|p2a: Ursaluna|Ursaluna, L79, F|335/335|[from] U-turn\n|-damage|p2a: Ursaluna|294/335|[from] Spikes\n|-activate|p2a: Ursaluna|move: Sticky Web\n|-unboost|p2a: Ursaluna|spe|1\n|\n|-heal|p1a: Munkidori|172/269 tox|[from] Grassy Terrain\n|-heal|p2a: Ursaluna|314/335|[from] Grassy Terrain\n|-damage|p1a: Munkidori|156/269 tox|[from] psn\n|-status|p2a: Ursaluna|brn|[from] item: Flame Orb\n|upkeep\n|turn|17\n|\n|t:|1733779143\n|move|p1a: Munkidori|U-turn|p2a: Ursaluna\n|-damage|p2a: Ursaluna|279/335 brn\n|\n|t:|1733779146\n|switch|p1a: Quagsire|Quagsire, L84, M|212/297|[from] U-turn\n|-damage|p1a: Quagsire|194/297|[from] Stealth Rock\n|move|p2a: Ursaluna|Headlong Rush|p1a: Quagsire\n|-damage|p1a: Quagsire|0 fnt\n|-unboost|p2a: Ursaluna|def|1\n|-unboost|p2a: Ursaluna|spd|1\n|faint|p1a: Quagsire\n|\n|-heal|p2a: Ursaluna|299/335 brn|[from] Grassy Terrain\n|-damage|p2a: Ursaluna|279/335 brn|[from] brn\n|upkeep\n|\n|t:|1733779161\n|switch|p1a: Crawdaunt|Crawdaunt, L84, F|243/243\n|-damage|p1a: Crawdaunt|213/243|[from] Stealth Rock\n|turn|18\n|\n|t:|1733779166\n|switch|p2a: Oricorio|Oricorio-Pom-Pom, L82, F|257/257\n|move|p1a: Crawdaunt|Crabhammer|p2a: Oricorio\n|-damage|p2a: Oricorio|0 fnt\n|faint|p2a: Oricorio\n|\n|-heal|p1a: Crawdaunt|228/243|[from] Grassy Terrain\n|-fieldend|move: Grassy Terrain\n|upkeep\n|\n|t:|1733779172\n|switch|p2a: Rillaboom|Rillaboom, L79, F|153/288\n|-damage|p2a: Rillaboom|117/288|[from] Spikes\n|-activate|p2a: Rillaboom|move: Sticky Web\n|-unboost|p2a: Rillaboom|spe|1\n|-fieldstart|move: Grassy Terrain|[from] ability: Grassy Surge|[of] p2a: Rillaboom\n|turn|19\n|\n|t:|1733779183\n|move|p1a: Crawdaunt|Crabhammer|p2a: Rillaboom\n|-resisted|p2a: Rillaboom\n|-damage|p2a: Rillaboom|0 fnt\n|faint|p2a: Rillaboom\n|\n|-heal|p1a: Crawdaunt|243/243|[from] Grassy Terrain\n|upkeep\n|\n|t:|1733779189\n|switch|p2a: Munkidori|Munkidori, L79, M|141/269\n|-damage|p2a: Munkidori|108/269|[from] Spikes\n|-activate|p2a: Munkidori|move: Sticky Web\n|-unboost|p2a: Munkidori|spe|1\n|turn|20\n|\n|t:|1733779196\n|switch|p1a: Munkidori|Munkidori, L79, M, tera:Dark|156/269 tox\n|-damage|p1a: Munkidori|123/269 tox|[from] Stealth Rock\n|move|p2a: Munkidori|Focus Blast|p1a: Munkidori\n|-supereffective|p1a: Munkidori\n|-damage|p1a: Munkidori|0 fnt\n|faint|p1a: Munkidori\n|\n|-heal|p2a: Munkidori|124/269|[from] Grassy Terrain\n|upkeep\n|\n|t:|1733779208\n|switch|p1a: Deoxys|Deoxys, L74|196/196\n|-damage|p1a: Deoxys|172/196|[from] Stealth Rock\n|-ability|p1a: Deoxys|Pressure\n|turn|21\n|\n|t:|1733779214\n|switch|p2a: Ursaluna|Ursaluna, L79, F|279/335 brn\n|-damage|p2a: Ursaluna|238/335 brn|[from] Spikes\n|-activate|p2a: Ursaluna|move: Sticky Web\n|-unboost|p2a: Ursaluna|spe|1\n|move|p1a: Deoxys|Knock Off|p2a: Ursaluna\n|-damage|p2a: Ursaluna|138/335 brn\n|-enditem|p2a: Ursaluna|Flame Orb|[from] move: Knock Off|[of] p1a: Deoxys\n|-damage|p1a: Deoxys|153/196|[from] item: Life Orb\n|\n|-heal|p1a: Deoxys|165/196|[from] Grassy Terrain\n|-heal|p2a: Ursaluna|158/335 brn|[from] Grassy Terrain\n|-damage|p2a: Ursaluna|138/335 brn|[from] brn\n|upkeep\n|turn|22\n|\n|t:|1733779232\n|move|p1a: Deoxys|Superpower|p2a: Ursaluna\n|-supereffective|p2a: Ursaluna\n|-damage|p2a: Ursaluna|0 fnt\n|-unboost|p1a: Deoxys|atk|1\n|-unboost|p1a: Deoxys|def|1\n|faint|p2a: Ursaluna\n|-damage|p1a: Deoxys|146/196|[from] item: Life Orb\n|\n|-heal|p1a: Deoxys|158/196|[from] Grassy Terrain\n|upkeep\n|\n|t:|1733779235\n|switch|p2a: Munkidori|Munkidori, L79, M|124/269\n|-damage|p2a: Munkidori|91/269|[from] Spikes\n|-activate|p2a: Munkidori|move: Sticky Web\n|-unboost|p2a: Munkidori|spe|1\n|turn|23\n|\n|t:|1733779246\n|move|p1a: Deoxys|Knock Off|p2a: Munkidori\n|-supereffective|p2a: Munkidori\n|-damage|p2a: Munkidori|0 fnt\n|-enditem|p2a: Munkidori|Choice Specs|[from] move: Knock Off|[of] p1a: Deoxys\n|faint|p2a: Munkidori\n|-damage|p1a: Deoxys|139/196|[from] item: Life Orb\n|\n|win|Andras14\n|raw|Andras14's rating: 1292 &rarr; <strong>1317</strong><br />(+25 for winning)\n|raw|juanmii2002's rating: 1294 &rarr; <strong>1269</strong><br />(-25 for losing)\n|l|\u2606juanmii2002\n|player|p2|\n", "inputlog": ">version bfd83cad13791eb5a5a409923076391caf6fb4d4\n>start {\"formatid\":\"gen9randombattle\",\"seed\":[50458,49063,49281,10745],\"rated\":\"Rated battle\"}\n>player p1 {\"name\":\"Andras14\",\"avatar\":\"harlequin\",\"rating\":1292,\"seed\":[43768,23997,12837,53249]}\n>player p2 {\"name\":\"juanmii2002\",\"avatar\":\"2\",\"rating\":1294,\"seed\":[41709,17319,39937,22869]}\n>p1 move earthquake\n>p2 move thunderwave\n>p1 move spikes\n>p2 move softboiled\n>p1 move earthquake\n>p2 move seismictoss\n>p1 move earthquake\n>p2 move seismictoss\n>p2 switch 2\n>p1 switch 6\n>p2 move swordsdance\n>p1 move stickyweb\n>p2 switch 6\n>p1 move bugbuzz\n>p2 move stealthrock\n>p1 move stunspore\n>p2 move lavaplume\n>p1 move hurricane\n>p2 move lavaplume\n>p1 move hurricane\n>p2 move lavaplume\n>p1 switch 6\n>p1 move icebeam\n>p2 move earthpower\n>p1 move recover\n>p2 move earthpower\n>p1 move earthquake\n>p2 move heavyslam\n>p2 switch 6\n>p1 switch 2\n>p2 move woodhammer\n>p1 switch 3\n>p1 move fakeout\n>p2 switch 4\n>p1 move psychicnoise terastallize\n>p2 move uturn\n>p2 switch 5\n>p1 move uturn\n>p2 move headlongrush\n>p1 switch 2\n>p1 switch 5\n>p1 move crabhammer\n>p2 switch 3\n>p2 switch 4\n>p1 move crabhammer\n>p2 move woodhammer\n>p2 switch 5\n>p1 switch 2\n>p2 move focusblast\n>p1 switch 4\n>p1 move knockoff\n>p2 switch 3\n>p1 move superpower\n>p2 move facade\n>p2 switch 3\n>p1 move knockoff\n>p2 move sludgewave", "uploadtime": 1733779254, "views": 1, "formatid": "gen9randombattle", "rating": 1269, "private": 0, "password": null}