{"id": "gen9randombattle-2260366171", "format": "[Gen 9] Random Battle", "players": ["TheLronGiant", "cweek68"], "log": "|j|\u2606TheLronGiant\n|j|\u2606cweek68\n|t:|1733844493\n|gametype|singles\n|player|p1|TheLronGiant|pokemonranger|1543\n|player|p2|cweek68|worker|1511\n|teamsize|p1|6\n|teamsize|p2|6\n|gen|9\n|tier|[Gen 9] Random Battle\n|rated|\n|rule|Species Clause: Limit one of each Pok\u00e9mon\n|rule|HP Percentage Mod: HP is shown in percentages\n|rule|Sleep Clause Mod: Limit one foe put to sleep\n|rule|Illusion Level Mod: Illusion disguises the Pok\u00e9mon's true level\n|\n|t:|1733844493\n|start\n|switch|p1a: Chien-Pao|Chien-Pao, L72|234/234\n|switch|p2a: Girafarig|Girafarig, L89, F|269/269\n|-ability|p1a: Chien-Pao|Sword of Ruin\n|turn|1\n|inactive|Battle timer is ON: inactive players will automatically lose when time's up. (requested by cweek68)\n|inactive|TheLronGiant also wants the timer to be on.\n|inactive|cweek68 has 120 seconds left.\n|\n|t:|1733844526\n|-terastallize|p2a: Girafarig|Fairy\n|move|p1a: Chien-Pao|Throat Chop|p2a: Girafarig\n|-resisted|p2a: Girafarig\n|-damage|p2a: Girafarig|233/269\n|-start|p2a: Girafarig|Throat Chop|[silent]\n|move|p2a: Girafarig|Dazzling Gleam|p1a: Chien-Pao\n|-supereffective|p1a: Chien-Pao\n|-damage|p1a: Chien-Pao|0 fnt\n|faint|p1a: Chien-Pao\n|\n|upkeep\n|\n|t:|1733844535\n|switch|p1a: Swalot|Swalot, L90, M|326/326\n|turn|2\n|\n|t:|1733844547\n|switch|p2a: Clodsire|Clodsire, L81, M|343/343\n|move|p1a: Swalot|Sludge Bomb|p2a: Clodsire\n|-resisted|p2a: Clodsire\n|-damage|p2a: Clodsire|324/343\n|\n|-heal|p2a: Clodsire|343/343|[from] item: Leftovers\n|upkeep\n|turn|3\n|\n|t:|1733844566\n|switch|p1a: Sandaconda|Sandaconda, L84, F|258/258\n|move|p2a: Clodsire|Toxic Spikes|p1a: Sandaconda\n|-sidestart|p1: TheLronGiant|move: Toxic Spikes\n|\n|upkeep\n|turn|4\n|\n|t:|1733844580\n|switch|p2a: Mandibuzz|Mandibuzz, L85, F|326/326\n|move|p1a: Sandaconda|Coil|p1a: Sandaconda\n|-boost|p1a: Sandaconda|atk|1\n|-boost|p1a: Sandaconda|def|1\n|-boost|p1a: Sandaconda|accuracy|1\n|\n|upkeep\n|turn|5\n|\n|t:|1733844584\n|move|p2a: Mandibuzz|Toxic|p1a: Sandaconda\n|-status|p1a: Sandaconda|tox\n|move|p1a: Sandaconda|Rock Blast|p2a: Mandibuzz\n|-supereffective|p2a: Mandibuzz\n|-damage|p2a: Mandibuzz|274/326\n|-supereffective|p2a: Mandibuzz\n|-damage|p2a: Mandibuzz|222/326\n|-supereffective|p2a: Mandibuzz\n|-damage|p2a: Mandibuzz|168/326\n|-supereffective|p2a: Mandibuzz\n|-damage|p2a: Mandibuzz|120/326\n|-hitcount|p2a: Mandibuzz|4\n|\n|-activate|p1a: Sandaconda|ability: Shed Skin\n|-curestatus|p1a: Sandaconda|tox|[msg]\n|upkeep\n|turn|6\n|\n|t:|1733844600\n|move|p2a: Mandibuzz|Roost|p2a: Mandibuzz\n|-heal|p2a: Mandibuzz|283/326\n|-singleturn|p2a: Mandibuzz|move: Roost\n|move|p1a: Sandaconda|Coil|p1a: Sandaconda\n|-boost|p1a: Sandaconda|atk|1\n|-boost|p1a: Sandaconda|def|1\n|-boost|p1a: Sandaconda|accuracy|1\n|\n|upkeep\n|turn|7\n|\n|t:|1733844619\n|move|p2a: Mandibuzz|Foul Play|p1a: Sandaconda\n|-damage|p1a: Sandaconda|177/258\n|move|p1a: Sandaconda|Coil|p1a: Sandaconda\n|-boost|p1a: Sandaconda|atk|1\n|-boost|p1a: Sandaconda|def|1\n|-boost|p1a: Sandaconda|accuracy|1\n|\n|upkeep\n|turn|8\n|\n|t:|1733844630\n|move|p2a: Mandibuzz|Foul Play|p1a: Sandaconda\n|-damage|p1a: Sandaconda|92/258\n|move|p1a: Sandaconda|Scale Shot|p2a: Mandibuzz\n|-damage|p2a: Mandibuzz|240/326\n|-damage|p2a: Mandibuzz|199/326\n|-damage|p2a: Mandibuzz|161/326\n|-damage|p2a: Mandibuzz|123/326\n|-crit|p2a: Mandibuzz\n|-damage|p2a: Mandibuzz|61/326\n|-hitcount|p2a: Mandibuzz|5\n|-unboost|p1a: Sandaconda|def|1\n|-boost|p1a: Sandaconda|spe|1\n|\n|upkeep\n|turn|9\n|\n|t:|1733844648\n|move|p1a: Sandaconda|Rock Blast|p2a: Mandibuzz\n|-supereffective|p2a: Mandibuzz\n|-damage|p2a: Mandibuzz|0 fnt\n|faint|p2a: Mandibuzz\n|-hitcount|p2: Mandibuzz|1\n|\n|upkeep\n|\n|t:|1733844652\n|switch|p2a: Slowbro|Slowbro, L85, M|300/300\n|turn|10\n|\n|t:|1733844669\n|move|p1a: Sandaconda|Earthquake|p2a: Slowbro\n|-damage|p2a: Slowbro|62/300\n|move|p2a: Slowbro|Scald|p1a: Sandaconda\n|-supereffective|p1a: Sandaconda\n|-damage|p1a: Sandaconda|0 fnt\n|faint|p1a: Sandaconda\n|\n|upkeep\n|\n|t:|1733844681\n|switch|p1a: Swalot|Swalot, L90, M|326/326\n|-sideend|p1: TheLronGiant|move: Toxic Spikes|[of] p1a: Swalot\n|turn|11\n|\n|t:|1733844686\n|switch|p2a: Clodsire|Clodsire, L81, M|343/343\n|move|p1a: Swalot|Knock Off|p2a: Clodsire\n|-damage|p2a: Clodsire|257/343\n|-enditem|p2a: Clodsire|Leftovers|[from] move: Knock Off|[of] p1a: Swalot\n|\n|upkeep\n|turn|12\n|inactive|TheLronGiant has 120 seconds left.\n|\n|t:|1733844730\n|move|p1a: Swalot|Sludge Bomb|p2a: Clodsire\n|-resisted|p2a: Clodsire\n|-damage|p2a: Clodsire|236/343\n|move|p2a: Clodsire|Earthquake|p1a: Swalot\n|-supereffective|p1a: Swalot\n|-damage|p1a: Swalot|170/326\n|\n|-heal|p1a: Swalot|190/326|[from] item: Leftovers\n|upkeep\n|turn|13\n|\n|t:|1733844738\n|switch|p1a: Suicune|Suicune, L82|298/298\n|-ability|p1a: Suicune|Pressure\n|move|p2a: Clodsire|Earthquake|p1a: Suicune\n|-damage|p1a: Suicune|232/298\n|\n|-heal|p1a: Suicune|250/298|[from] item: Leftovers\n|upkeep\n|turn|14\n|inactive|TheLronGiant has 120 seconds left.\n|inactive|cweek68 has 120 seconds left.\n|\n|t:|1733844768\n|switch|p2a: Goodra|Goodra-Hisui, L82, M|265/265\n|move|p1a: Suicune|Substitute|p1a: Suicune\n|-start|p1a: Suicune|Substitute\n|-damage|p1a: Suicune|176/298\n|\n|-heal|p1a: Suicune|194/298|[from] item: Leftovers\n|upkeep\n|turn|15\n|inactive|TheLronGiant has 120 seconds left.\n|inactive|cweek68 has 120 seconds left.\n|\n|t:|1733844794\n|move|p1a: Suicune|Scald|p2a: Goodra\n|-resisted|p2a: Goodra\n|-damage|p2a: Goodra|249/265\n|move|p2a: Goodra|Draco Meteor|p1a: Suicune\n|-end|p1a: Suicune|Substitute\n|-unboost|p2a: Goodra|spa|2\n|\n|-heal|p1a: Suicune|212/298|[from] item: Leftovers\n|upkeep\n|turn|16\n|\n|t:|1733844803\n|move|p1a: Suicune|Substitute|p1a: Suicune\n|-start|p1a: Suicune|Substitute\n|-damage|p1a: Suicune|138/298\n|move|p2a: Goodra|Dragon Tail|p1a: Suicune|[miss]\n|-miss|p2a: Goodra|p1a: Suicune\n|\n|-heal|p1a: Suicune|156/298|[from] item: Leftovers\n|upkeep\n|turn|17\n|\n|t:|1733844810\n|move|p1a: Suicune|Scald|p2a: Goodra\n|-resisted|p2a: Goodra\n|-damage|p2a: Goodra|233/265\n|move|p2a: Goodra|Earthquake|p1a: Suicune\n|-activate|p1a: Suicune|move: Substitute|[damage]\n|\n|-heal|p1a: Suicune|174/298|[from] item: Leftovers\n|upkeep\n|turn|18\n|inactive|TheLronGiant has 120 seconds left.\n|\n|t:|1733844819\n|move|p1a: Suicune|Calm Mind|p1a: Suicune\n|-boost|p1a: Suicune|spa|1\n|-boost|p1a: Suicune|spd|1\n|move|p2a: Goodra|Earthquake|p1a: Suicune\n|-end|p1a: Suicune|Substitute\n|\n|-heal|p1a: Suicune|192/298|[from] item: Leftovers\n|upkeep\n|turn|19\n|\n|t:|1733844824\n|move|p1a: Suicune|Substitute|p1a: Suicune\n|-start|p1a: Suicune|Substitute\n|-damage|p1a: Suicune|118/298\n|move|p2a: Goodra|Earthquake|p1a: Suicune\n|-activate|p1a: Suicune|move: Substitute|[damage]\n|\n|-heal|p1a: Suicune|136/298|[from] item: Leftovers\n|upkeep\n|turn|20\n|\n|t:|1733844831\n|move|p1a: Suicune|Calm Mind|p1a: Suicune\n|-boost|p1a: Suicune|spa|1\n|-boost|p1a: Suicune|spd|1\n|move|p2a: Goodra|Earthquake|p1a: Suicune\n|-end|p1a: Suicune|Substitute\n|\n|-heal|p1a: Suicune|154/298|[from] item: Leftovers\n|upkeep\n|turn|21\n|\n|t:|1733844836\n|move|p1a: Suicune|Substitute|p1a: Suicune\n|-start|p1a: Suicune|Substitute\n|-damage|p1a: Suicune|80/298\n|move|p2a: Goodra|Earthquake|p1a: Suicune\n|-activate|p1a: Suicune|move: Substitute|[damage]\n|\n|-heal|p1a: Suicune|98/298|[from] item: Leftovers\n|upkeep\n|turn|22\n|\n|t:|1733844840\n|move|p1a: Suicune|Scald|p2a: Goodra\n|-resisted|p2a: Goodra\n|-damage|p2a: Goodra|200/265\n|move|p2a: Goodra|Earthquake|p1a: Suicune\n|-end|p1a: Suicune|Substitute\n|\n|-heal|p1a: Suicune|116/298|[from] item: Leftovers\n|upkeep\n|turn|23\n|\n|t:|1733844846\n|move|p1a: Suicune|Substitute|p1a: Suicune\n|-start|p1a: Suicune|Substitute\n|-damage|p1a: Suicune|42/298\n|move|p2a: Goodra|Earthquake|p1a: Suicune\n|-activate|p1a: Suicune|move: Substitute|[damage]\n|\n|-heal|p1a: Suicune|60/298|[from] item: Leftovers\n|upkeep\n|turn|24\n|\n|t:|1733844848\n|move|p1a: Suicune|Scald|p2a: Goodra\n|-resisted|p2a: Goodra\n|-damage|p2a: Goodra|166/265\n|move|p2a: Goodra|Earthquake|p1a: Suicune\n|-end|p1a: Suicune|Substitute\n|\n|-heal|p1a: Suicune|78/298|[from] item: Leftovers\n|upkeep\n|turn|25\n|\n|t:|1733844854\n|move|p1a: Suicune|Substitute|p1a: Suicune\n|-start|p1a: Suicune|Substitute\n|-damage|p1a: Suicune|4/298\n|move|p2a: Goodra|Draco Meteor|p1a: Suicune\n|-activate|p1a: Suicune|move: Substitute|[damage]\n|-unboost|p2a: Goodra|spa|2\n|\n|-heal|p1a: Suicune|22/298|[from] item: Leftovers\n|upkeep\n|turn|26\n|\n|t:|1733844858\n|move|p1a: Suicune|Scald|p2a: Goodra\n|-resisted|p2a: Goodra\n|-damage|p2a: Goodra|133/265\n|move|p2a: Goodra|Heavy Slam|p1a: Suicune\n|-resisted|p1a: Suicune\n|-activate|p1a: Suicune|move: Substitute|[damage]\n|\n|-heal|p1a: Suicune|40/298|[from] item: Leftovers\n|upkeep\n|turn|27\n|\n|t:|1733844865\n|move|p1a: Suicune|Scald|p2a: Goodra\n|-resisted|p2a: Goodra\n|-damage|p2a: Goodra|101/265\n|move|p2a: Goodra|Heavy Slam|p1a: Suicune\n|-resisted|p1a: Suicune\n|-activate|p1a: Suicune|move: Substitute|[damage]\n|\n|-heal|p1a: Suicune|58/298|[from] item: Leftovers\n|upkeep\n|turn|28\n|\n|t:|1733844871\n|move|p1a: Suicune|Scald|p2a: Goodra\n|-resisted|p2a: Goodra\n|-damage|p2a: Goodra|68/265\n|move|p2a: Goodra|Heavy Slam|p1a: Suicune\n|-resisted|p1a: Suicune\n|-end|p1a: Suicune|Substitute\n|\n|-heal|p1a: Suicune|76/298|[from] item: Leftovers\n|upkeep\n|turn|29\n|\n|t:|1733844879\n|switch|p2a: Slowbro|Slowbro, L85, M|162/300\n|move|p1a: Suicune|Substitute|p1a: Suicune\n|-start|p1a: Suicune|Substitute\n|-damage|p1a: Suicune|2/298\n|\n|-heal|p1a: Suicune|20/298|[from] item: Leftovers\n|upkeep\n|turn|30\n|\n|t:|1733844905\n|switch|p1a: Iron Thorns|Iron Thorns, L83|302/302\n|-enditem|p1a: Iron Thorns|Booster Energy\n|-activate|p1a: Iron Thorns|ability: Quark Drive|[fromitem]\n|-start|p1a: Iron Thorns|quarkdriveatk\n|move|p2a: Slowbro|Psychic Noise|p1a: Iron Thorns\n|-damage|p1a: Iron Thorns|209/302\n|-start|p1a: Iron Thorns|move: Heal Block\n|\n|upkeep\n|turn|31\n|inactive|TheLronGiant has 120 seconds left.\n|\n|t:|1733844923\n|switch|p2a: Goodra|Goodra-Hisui, L82, M|68/265\n|move|p1a: Iron Thorns|Dragon Dance|p1a: Iron Thorns\n|-boost|p1a: Iron Thorns|atk|1\n|-boost|p1a: Iron Thorns|spe|1\n|\n|-end|p1a: Iron Thorns|move: Heal Block\n|upkeep\n|turn|32\n|\n|t:|1733844932\n|move|p1a: Iron Thorns|Earthquake|p2a: Goodra\n|-supereffective|p2a: Goodra\n|-damage|p2a: Goodra|0 fnt\n|faint|p2a: Goodra\n|\n|upkeep\n|\n|t:|1733844939\n|switch|p2a: Girafarig|Girafarig, L89, F, tera:Fairy|233/269\n|turn|33\n|inactive|TheLronGiant has 120 seconds left.\n|\n|t:|1733844981\n|move|p1a: Iron Thorns|Wild Charge|p2a: Girafarig\n|-damage|p2a: Girafarig|53/269\n|-damage|p1a: Iron Thorns|164/302|[from] Recoil\n|move|p2a: Girafarig|Dazzling Gleam|p1a: Iron Thorns\n|-damage|p1a: Iron Thorns|73/302\n|\n|upkeep\n|turn|34\n|\n|t:|1733845003\n|move|p1a: Iron Thorns|Earthquake|p2a: Girafarig\n|-damage|p2a: Girafarig|0 fnt\n|faint|p2a: Girafarig\n|\n|upkeep\n|\n|t:|1733845010\n|switch|p2a: Milotic|Milotic, L83, M|293/293\n|turn|35\n|inactive|TheLronGiant has 90 seconds left.\n|\n|t:|1733845036\n|move|p1a: Iron Thorns|Wild Charge|p2a: Milotic\n|-supereffective|p2a: Milotic\n|-damage|p2a: Milotic|0 fnt\n|faint|p2a: Milotic\n|-damage|p1a: Iron Thorns|0 fnt|[from] Recoil\n|faint|p1a: Iron Thorns\n|-end|p1a: Iron Thorns|Quark Drive|[silent]\n|\n|upkeep\n|inactive|TheLronGiant has 90 seconds left.\n|\n|t:|1733845069\n|switch|p2a: Slowbro|Slowbro, L85, M|262/300\n|switch|p1a: Suicune|Suicune, L82|20/298\n|-ability|p1a: Suicune|Pressure\n|turn|36\n|inactive|TheLronGiant has 60 seconds left.\n|\n|t:|1733845098\n|move|p1a: Suicune|Ice Beam|p2a: Slowbro\n|-resisted|p2a: Slowbro\n|-damage|p2a: Slowbro|240/300\n|move|p2a: Slowbro|Psychic Noise|p1a: Suicune\n|-damage|p1a: Suicune|0 fnt\n|faint|p1a: Suicune\n|\n|upkeep\n|\n|t:|1733845108\n|switch|p1a: Jolteon|Jolteon, L84, F|246/246\n|turn|37\n|\n|t:|1733845126\n|move|p1a: Jolteon|Shadow Ball|p2a: Slowbro\n|-supereffective|p2a: Slowbro\n|-damage|p2a: Slowbro|118/300\n|move|p2a: Slowbro|Future Sight|p1a: Jolteon\n|-start|p2a: Slowbro|move: Future Sight\n|\n|upkeep\n|turn|38\n|\n|t:|1733845134\n|switch|p2a: Clodsire|Clodsire, L81, M|236/343\n|move|p1a: Jolteon|Shadow Ball|p2a: Clodsire\n|-damage|p2a: Clodsire|154/343\n|\n|upkeep\n|turn|39\n|\n|t:|1733845145\n|move|p1a: Jolteon|Shadow Ball|p2a: Clodsire\n|-damage|p2a: Clodsire|60/343\n|move|p2a: Clodsire|Recover|p2a: Clodsire\n|-heal|p2a: Clodsire|232/343\n|\n|-end|p1a: Jolteon|move: Future Sight\n|-damage|p1a: Jolteon|108/246\n|upkeep\n|turn|40\n|\n|t:|1733845154\n|move|p1a: Jolteon|Shadow Ball|p2a: Clodsire\n|-damage|p2a: Clodsire|144/343\n|move|p2a: Clodsire|Earthquake|p1a: Jolteon\n|-supereffective|p1a: Jolteon\n|-damage|p1a: Jolteon|0 fnt\n|faint|p1a: Jolteon\n|\n|upkeep\n|\n|t:|1733845159\n|switch|p1a: Swalot|Swalot, L90, M|190/326\n|turn|41\n|c|\u2606cweek68|gg\n|inactive|TheLronGiant has 60 seconds left.\n|\n|t:|1733845191\n|-terastallize|p1a: Swalot|Dark\n|move|p1a: Swalot|Knock Off|p2a: Clodsire\n|-damage|p2a: Clodsire|62/343\n|move|p2a: Clodsire|Earthquake|p1a: Swalot\n|-damage|p1a: Swalot|112/326\n|\n|-heal|p1a: Swalot|132/326|[from] item: Leftovers\n|upkeep\n|turn|42\n|\n|t:|1733845219\n|move|p1a: Swalot|Knock Off|p2a: Clodsire\n|-damage|p2a: Clodsire|0 fnt\n|faint|p2a: Clodsire\n|\n|-heal|p1a: Swalot|152/326|[from] item: Leftovers\n|upkeep\n|\n|t:|1733845221\n|switch|p2a: Slowbro|Slowbro, L85, M|218/300\n|turn|43\n|\n|t:|1733845224\n|move|p1a: Swalot|Knock Off|p2a: Slowbro\n|-supereffective|p2a: Slowbro\n|-damage|p2a: Slowbro|44/300\n|-enditem|p2a: Slowbro|Assault Vest|[from] move: Knock Off|[of] p1a: Swalot\n|move|p2a: Slowbro|Body Press|p1a: Swalot\n|-supereffective|p1a: Swalot\n|-damage|p1a: Swalot|24/326\n|\n|-heal|p1a: Swalot|44/326|[from] item: Leftovers\n|upkeep\n|turn|44\n|c|\u2606cweek68|no\n|\n|t:|1733845233\n|move|p1a: Swalot|Knock Off|p2a: Slowbro\n|-supereffective|p2a: Slowbro\n|-damage|p2a: Slowbro|0 fnt\n|faint|p2a: Slowbro\n|\n|win|TheLronGiant\n|raw|TheLronGiant's rating: 1543 &rarr; <strong>1561</strong><br />(+18 for winning)\n|raw|cweek68's rating: 1511 &rarr; <strong>1493</strong><br />(-18 for losing)\n|c|\u2606cweek68|gg\n|c|\u2606TheLronGiant|Gg\n|l|\u2606cweek68\n|player|p2|\n", "inputlog": ">version bfd83cad13791eb5a5a409923076391caf6fb4d4\n>start {\"formatid\":\"gen9randombattle\",\"seed\":[50008,27428,9973,39946],\"rated\":\"Rated battle\"}\n>player p1 {\"name\":\"TheLronGiant\",\"avatar\":\"pokemonranger\",\"rating\":1543,\"seed\":[4498,20117,32432,879]}\n>player p2 {\"name\":\"cweek68\",\"avatar\":\"worker\",\"rating\":1511,\"seed\":[56282,43564,51133,49936]}\n>p1 move throatchop\n>p2 move dazzlinggleam terastallize\n>p1 switch 6\n>p1 move sludgebomb\n>p2 switch 3\n>p1 switch 2\n>p2 move toxicspikes\n>p1 move coil\n>p2 switch 5\n>p1 move rockblast\n>p2 move toxic\n>p1 move coil\n>p2 move roost\n>p1 move coil\n>p2 move foulplay\n>p1 move scaleshot\n>p2 move foulplay\n>p1 move rockblast\n>p2 move foulplay\n>p2 switch 6\n>p1 move earthquake\n>p2 move scald\n>p1 switch 2\n>p1 move knockoff\n>p2 switch 5\n>p1 move sludgebomb\n>p2 move earthquake\n>p1 switch 3\n>p2 move earthquake\n>p1 move substitute\n>p2 switch 4\n>p1 move scald\n>p2 move dracometeor\n>p1 move substitute\n>p2 move dragontail\n>p1 move scald\n>p2 move earthquake\n>p1 move calmmind\n>p2 move earthquake\n>p1 move substitute\n>p2 move earthquake\n>p1 move calmmind\n>p2 move earthquake\n>p1 move substitute\n>p2 move earthquake\n>p1 move scald\n>p2 move earthquake\n>p1 move substitute\n>p2 move earthquake\n>p1 move scald\n>p2 move earthquake\n>p1 move substitute\n>p2 move dracometeor\n>p1 move scald\n>p2 move heavyslam\n>p1 move scald\n>p2 move heavyslam\n>p1 move scald\n>p2 move heavyslam\n>p1 move substitute\n>p2 switch 5\n>p1 switch 4\n>p2 move psychicnoise\n>p1 move dragondance\n>p2 switch 5\n>p1 move earthquake\n>p2 move dragontail\n>p2 switch 3\n>p1 move wildcharge\n>p2 move dazzlinggleam\n>p1 move earthquake\n>p2 move dazzlinggleam\n>p2 switch 2\n>p1 move wildcharge\n>p2 move flipturn\n>p1 switch 4\n>p2 switch 5\n>p1 move icebeam\n>p2 move psychicnoise\n>p1 switch 5\n>p1 move shadowball\n>p2 move futuresight\n>p1 move shadowball\n>p2 switch 4\n>p1 move shadowball\n>p2 move recover\n>p1 move shadowball\n>p2 move earthquake\n>p1 switch 3\n>chat \u2606cweek68|gg\n>p1 move knockoff terastallize\n>p2 move earthquake\n>p1 move knockoff\n>p2 move earthquake\n>p2 switch 4\n>p1 move knockoff\n>p2 move bodypress\n>chat \u2606cweek68|no\n>p1 move knockoff\n>p2 move bodypress", "uploadtime": 1733845274, "views": 1, "formatid": "gen9randombattle", "rating": 1493, "private": 0, "password": null}