{"id": "gen9randombattle-2260867193", "format": "[Gen 9] Random Battle", "players": ["Mumet", "Paris Ampharos"], "log": "|j|\u2606Mumet\n|j|\u2606Paris Ampharos\n|t:|1733907300\n|gametype|singles\n|player|p1|Mumet|n|1619\n|player|p2|Paris Ampharos|1|1623\n|teamsize|p1|6\n|teamsize|p2|6\n|gen|9\n|tier|[Gen 9] Random Battle\n|rated|\n|rule|Species Clause: Limit one of each Pok\u00e9mon\n|rule|HP Percentage Mod: HP is shown in percentages\n|rule|Sleep Clause Mod: Limit one foe put to sleep\n|rule|Illusion Level Mod: Illusion disguises the Pok\u00e9mon's true level\n|\n|t:|1733907300\n|start\n|switch|p1a: Azumarill|Azumarill, L82, M|298/298\n|switch|p2a: Dodrio|Dodrio, L86, F|243/243\n|turn|1\n|inactive|Battle timer is ON: inactive players will automatically lose when time's up. (requested by Mumet)\n|\n|t:|1733907327\n|move|p2a: Dodrio|Brave Bird|p1a: Azumarill\n|-damage|p1a: Azumarill|123/298\n|-damage|p2a: Dodrio|185/243|[from] Recoil\n|move|p1a: Azumarill|Ice Spinner|p2a: Dodrio\n|-supereffective|p2a: Dodrio\n|-damage|p2a: Dodrio|0 fnt\n|faint|p2a: Dodrio\n|\n|upkeep\n|\n|t:|1733907352\n|switch|p2a: Primarina|Primarina, L83, F|268/268\n|turn|2\n|inactive|Mumet has 120 seconds left.\n|\n|t:|1733907382\n|switch|p1a: Tsareena|Tsareena, L87, F|267/267\n|move|p2a: Primarina|Calm Mind|p2a: Primarina\n|-boost|p2a: Primarina|spa|1\n|-boost|p2a: Primarina|spd|1\n|\n|upkeep\n|turn|3\n|\n|t:|1733907395\n|-terastallize|p2a: Primarina|Steel\n|move|p1a: Tsareena|Power Whip|p2a: Primarina\n|-resisted|p2a: Primarina\n|-damage|p2a: Primarina|172/268\n|move|p2a: Primarina|Draining Kiss|p1a: Tsareena\n|-damage|p1a: Tsareena|206/267\n|-heal|p2a: Primarina|218/268|[from] drain|[of] p1a: Tsareena\n|\n|-heal|p2a: Primarina|234/268|[from] item: Leftovers\n|upkeep\n|turn|4\n|\n|t:|1733907405\n|switch|p2a: Carbink|Carbink, L90|236/236\n|move|p1a: Tsareena|High Jump Kick|p2a: Carbink\n|-damage|p2a: Carbink|159/236\n|\n|-heal|p2a: Carbink|173/236|[from] item: Leftovers\n|upkeep\n|turn|5\n|\n|t:|1733907412\n|move|p1a: Tsareena|Power Whip|p2a: Carbink\n|-supereffective|p2a: Carbink\n|-damage|p2a: Carbink|0 fnt\n|faint|p2a: Carbink\n|\n|upkeep\n|\n|t:|1733907419\n|switch|p2a: Honchkrow|Honchkrow, L86, F|312/312\n|turn|6\n|\n|t:|1733907424\n|switch|p1a: Skarmory|Skarmory, L80, M|235/235\n|move|p2a: Honchkrow|Brave Bird|p1a: Skarmory\n|-resisted|p1a: Skarmory\n|-damage|p1a: Skarmory|180/235\n|-damage|p2a: Honchkrow|260/312|[from] item: Rocky Helmet|[of] p1a: Skarmory\n|-damage|p2a: Honchkrow|242/312|[from] Recoil\n|\n|upkeep\n|turn|7\n|\n|t:|1733907446\n|move|p2a: Honchkrow|Heat Wave|p1a: Skarmory\n|-supereffective|p1a: Skarmory\n|-damage|p1a: Skarmory|0 fnt\n|faint|p1a: Skarmory\n|-ability|p2a: Honchkrow|Moxie|boost\n|-boost|p2a: Honchkrow|atk|1\n|\n|upkeep\n|\n|t:|1733907457\n|switch|p1a: Ninetales|Ninetales-Alola, L78, F|242/242\n|-weather|Snow|[from] ability: Snow Warning|[of] p1a: Ninetales\n|turn|8\n|inactive|Paris Ampharos has 120 seconds left.\n|\n|t:|1733907484\n|switch|p2a: Primarina|Primarina, L83, F, tera:Steel|234/268\n|move|p1a: Ninetales|Aurora Veil|p1a: Ninetales\n|-sidestart|p1: Mumet|move: Aurora Veil\n|\n|-weather|Snow|[upkeep]\n|-heal|p2a: Primarina|250/268|[from] item: Leftovers\n|upkeep\n|turn|9\n|\n|t:|1733907492\n|switch|p1a: Tsareena|Tsareena, L87, F|206/267\n|move|p2a: Primarina|Calm Mind|p2a: Primarina\n|-boost|p2a: Primarina|spa|1\n|-boost|p2a: Primarina|spd|1\n|\n|-weather|Snow|[upkeep]\n|-heal|p2a: Primarina|266/268|[from] item: Leftovers\n|upkeep\n|turn|10\n|\n|t:|1733907505\n|move|p1a: Tsareena|High Jump Kick|p2a: Primarina\n|-supereffective|p2a: Primarina\n|-damage|p2a: Primarina|24/268\n|move|p2a: Primarina|Draining Kiss|p1a: Tsareena\n|-damage|p1a: Tsareena|179/267\n|-heal|p2a: Primarina|44/268|[from] drain|[of] p1a: Tsareena\n|\n|-weather|Snow|[upkeep]\n|-heal|p2a: Primarina|60/268|[from] item: Leftovers\n|upkeep\n|turn|11\n|\n|t:|1733907519\n|move|p1a: Tsareena|High Jump Kick|p2a: Primarina\n|-supereffective|p2a: Primarina\n|-damage|p2a: Primarina|0 fnt\n|faint|p2a: Primarina\n|\n|-weather|Snow|[upkeep]\n|upkeep\n|\n|t:|1733907527\n|switch|p2a: Honchkrow|Honchkrow, L86, F|242/312\n|turn|12\n|\n|t:|1733907532\n|move|p1a: Tsareena|High Jump Kick|p2a: Honchkrow\n|-damage|p2a: Honchkrow|88/312\n|move|p2a: Honchkrow|Brave Bird|p1a: Tsareena\n|-supereffective|p1a: Tsareena\n|-damage|p1a: Tsareena|40/267\n|-damage|p2a: Honchkrow|42/312|[from] Recoil\n|\n|-weather|none\n|upkeep\n|turn|13\n|\n|t:|1733907551\n|move|p2a: Honchkrow|Sucker Punch||[still]\n|cant|p1a: Tsareena|ability: Queenly Majesty|Sucker Punch|[of] p2a: Honchkrow\n|move|p1a: Tsareena|U-turn|p2a: Honchkrow\n|-damage|p2a: Honchkrow|0 fnt\n|faint|p2a: Honchkrow\n|\n|t:|1733907565\n|switch|p1a: Ceruledge|Ceruledge, L78, F|245/245|[from] U-turn\n|\n|upkeep\n|-message|Paris Ampharos forfeited.\n|\n|win|Mumet\n|raw|Mumet's rating: 1619 &rarr; <strong>1639</strong><br />(+20 for winning)\n|raw|Paris Ampharos's rating: 1623 &rarr; <strong>1603</strong><br />(-20 for losing)\n|l|\u2606Paris Ampharos\n|player|p2|\n", "inputlog": ">version bfd83cad13791eb5a5a409923076391caf6fb4d4\n>start {\"formatid\":\"gen9randombattle\",\"seed\":[875,37341,37560,39316],\"rated\":\"Rated battle\"}\n>player p1 {\"name\":\"Mumet\",\"avatar\":\"n\",\"rating\":1619,\"seed\":[57278,5717,29658,18699]}\n>player p2 {\"name\":\"Paris Ampharos\",\"avatar\":\"1\",\"rating\":1623,\"seed\":[3951,34394,43375,31477]}\n>p1 move icespinner\n>p2 move bravebird\n>p2 switch 3\n>p1 switch 3\n>p2 move calmmind\n>p1 move powerwhip\n>p2 move drainingkiss terastallize\n>p1 move highjumpkick\n>p2 switch 4\n>p1 move powerwhip\n>p2 move bodypress\n>p2 switch 2\n>p1 switch 2\n>p2 move bravebird\n>p1 move stealthrock\n>p2 move heatwave\n>p1 switch 6\n>p1 move auroraveil\n>p2 switch 4\n>p1 switch 2\n>p2 move calmmind\n>p1 move highjumpkick\n>p2 move drainingkiss\n>p1 move highjumpkick\n>p2 move drainingkiss\n>p2 switch 4\n>p1 move highjumpkick\n>p2 move bravebird\n>p1 move uturn\n>p2 move suckerpunch\n>p1 switch 5\n>forcelose p2", "uploadtime": 1733907576, "views": 1, "formatid": "gen9randombattle", "rating": 1603, "private": 0, "password": null}