{"id": "gen9randombattle-2260879089", "format": "[Gen 9] Random Battle", "players": ["ibamakoto", "kruidnoten"], "log": "|j|\u2606ibamakoto\n|j|\u2606kruidnoten\n|t:|1733909570\n|gametype|singles\n|player|p1|ibamakoto|erika|1318\n|player|p2|kruidnoten|266|1276\n|teamsize|p1|6\n|teamsize|p2|6\n|gen|9\n|tier|[Gen 9] Random Battle\n|rated|\n|rule|Species Clause: Limit one of each Pok\u00e9mon\n|rule|HP Percentage Mod: HP is shown in percentages\n|rule|Sleep Clause Mod: Limit one foe put to sleep\n|rule|Illusion Level Mod: Illusion disguises the Pok\u00e9mon's true level\n|\n|t:|1733909570\n|start\n|switch|p1a: Sawsbuck|Sawsbuck-Winter, L88, F|284/284\n|switch|p2a: Salamence|Salamence, L77, M|273/273\n|turn|1\n|\n|t:|1733909599\n|move|p1a: Sawsbuck|Double-Edge|p2a: Salamence\n|-damage|p2a: Salamence|42/273\n|-damage|p1a: Sawsbuck|208/284|[from] Recoil\n|-damage|p1a: Sawsbuck|180/284|[from] item: Life Orb\n|move|p2a: Salamence|Dragon Dance|p2a: Salamence\n|-boost|p2a: Salamence|atk|1\n|-boost|p2a: Salamence|spe|1\n|\n|upkeep\n|turn|2\n|\n|t:|1733909615\n|move|p2a: Salamence|Dual Wingbeat|p1a: Sawsbuck|[miss]\n|-miss|p2a: Salamence|p1a: Sawsbuck\n|move|p1a: Sawsbuck|Double-Edge|p2a: Salamence\n|-damage|p2a: Salamence|0 fnt\n|faint|p2a: Salamence\n|-damage|p1a: Sawsbuck|166/284|[from] Recoil\n|-damage|p1a: Sawsbuck|138/284|[from] item: Life Orb\n|\n|upkeep\n|inactive|Battle timer is ON: inactive players will automatically lose when time's up. (requested by ibamakoto)\n|\n|t:|1733909644\n|switch|p2a: Sneasler|Sneasler, L74, M|240/240\n|turn|3\n|\n|t:|1733909658\n|move|p2a: Sneasler|Close Combat|p1a: Sawsbuck\n|-supereffective|p1a: Sawsbuck\n|-damage|p1a: Sawsbuck|0 fnt\n|-unboost|p2a: Sneasler|def|1\n|-unboost|p2a: Sneasler|spd|1\n|-enditem|p2a: Sneasler|White Herb\n|-clearnegativeboost|p2a: Sneasler|[silent]\n|faint|p1a: Sawsbuck\n|\n|upkeep\n|inactive|ibamakoto has 120 seconds left.\n|inactive|ibamakoto has 90 seconds left.\n|\n|t:|1733909718\n|switch|p1a: Dachsbun|Dachsbun, L92, F|254/254\n|turn|4\n|\n|t:|1733909731\n|move|p2a: Sneasler|Gunk Shot|p1a: Dachsbun\n|-supereffective|p1a: Dachsbun\n|-damage|p1a: Dachsbun|74/254\n|-status|p1a: Dachsbun|psn\n|move|p1a: Dachsbun|Stomping Tantrum|p2a: Sneasler\n|-supereffective|p2a: Sneasler\n|-damage|p2a: Sneasler|86/240\n|\n|-heal|p1a: Dachsbun|89/254 psn|[from] item: Leftovers\n|-damage|p1a: Dachsbun|58/254 psn|[from] psn\n|upkeep\n|turn|5\n|\n|t:|1733909743\n|move|p2a: Sneasler|Acrobatics|p1a: Dachsbun\n|-damage|p1a: Dachsbun|0 fnt\n|faint|p1a: Dachsbun\n|\n|upkeep\n|\n|t:|1733909746\n|switch|p1a: Raging Bolt|Raging Bolt, L78|323/323\n|turn|6\n|\n|t:|1733909758\n|move|p1a: Raging Bolt|Thunderclap||[still]\n|-fail|p1a: Raging Bolt\n|move|p2a: Sneasler|Swords Dance|p2a: Sneasler\n|-boost|p2a: Sneasler|atk|2\n|\n|upkeep\n|turn|7\n|inactive|ibamakoto has 120 seconds left.\n|\n|t:|1733909765\n|move|p1a: Raging Bolt|Thunderclap||[still]\n|-fail|p1a: Raging Bolt\n|move|p2a: Sneasler|Swords Dance|p2a: Sneasler\n|-boost|p2a: Sneasler|atk|2\n|\n|upkeep\n|turn|8\n|inactive|ibamakoto has 120 seconds left.\n|\n|t:|1733909776\n|move|p1a: Raging Bolt|Thunderclap|p2a: Sneasler\n|-damage|p2a: Sneasler|0 fnt\n|faint|p2a: Sneasler\n|\n|upkeep\n|\n|t:|1733909782\n|switch|p2a: Hatterene|Hatterene, L85, F|236/236\n|turn|9\n|\n|t:|1733909791\n|move|p1a: Raging Bolt|Volt Switch|p2a: Hatterene\n|-damage|p2a: Hatterene|184/236\n|\n|t:|1733909805\n|-end|p1a: Raging Bolt|Protosynthesis|[silent]\n|switch|p1a: Archaludon|Archaludon, L78, M|268/268|[from] Volt Switch\n|move|p2a: Hatterene|Draining Kiss|p1a: Archaludon\n|-damage|p1a: Archaludon|168/268\n|-heal|p2a: Hatterene|236/236|[from] drain|[of] p1a: Archaludon\n|-ability|p1a: Archaludon|Stamina|boost\n|-boost|p1a: Archaludon|def|1\n|\n|-heal|p1a: Archaludon|184/268|[from] item: Leftovers\n|upkeep\n|turn|10\n|inactive|kruidnoten has 120 seconds left.\n|\n|t:|1733909846\n|move|p1a: Archaludon|Flash Cannon|p2a: Hatterene\n|-supereffective|p2a: Hatterene\n|-damage|p2a: Hatterene|122/236\n|move|p2a: Hatterene|Draining Kiss|p1a: Archaludon\n|-damage|p1a: Archaludon|78/268\n|-heal|p2a: Hatterene|202/236|[from] drain|[of] p1a: Archaludon\n|-ability|p1a: Archaludon|Stamina|boost\n|-boost|p1a: Archaludon|def|1\n|\n|-heal|p1a: Archaludon|94/268|[from] item: Leftovers\n|upkeep\n|turn|11\n|inactive|ibamakoto has 120 seconds left.\n|\n|t:|1733909863\n|move|p1a: Archaludon|Flash Cannon|p2a: Hatterene\n|-supereffective|p2a: Hatterene\n|-damage|p2a: Hatterene|88/236\n|-unboost|p2a: Hatterene|spd|1\n|move|p2a: Hatterene|Draining Kiss|p1a: Archaludon\n|-damage|p1a: Archaludon|0 fnt\n|-heal|p2a: Hatterene|159/236|[from] drain|[of] p1a: Archaludon\n|faint|p1a: Archaludon\n|\n|upkeep\n|inactive|ibamakoto has 120 seconds left.\n|\n|t:|1733909894\n|switch|p1a: Raging Bolt|Raging Bolt, L78|323/323\n|turn|12\n|inactive|kruidnoten has 120 seconds left.\n|\n|t:|1733909903\n|-terastallize|p1a: Raging Bolt|Electric\n|move|p1a: Raging Bolt|Discharge|p2a: Hatterene\n|-damage|p2a: Hatterene|41/236\n|-status|p2a: Hatterene|par\n|move|p2a: Hatterene|Draining Kiss|p1a: Raging Bolt\n|-damage|p1a: Raging Bolt|272/323\n|-heal|p2a: Hatterene|79/236 par|[from] drain|[of] p1a: Raging Bolt\n|\n|upkeep\n|turn|13\n|inactive|kruidnoten has 120 seconds left.\n|\n|t:|1733909918\n|move|p1a: Raging Bolt|Discharge|p2a: Hatterene\n|-damage|p2a: Hatterene|0 fnt\n|faint|p2a: Hatterene\n|\n|upkeep\n|inactive|kruidnoten has 120 seconds left.\n|\n|t:|1733909932\n|switch|p2a: Lunala|Lunala, L70|308/308\n|turn|14\n|inactive|kruidnoten has 120 seconds left.\n|\n|t:|1733909941\n|move|p2a: Lunala|Moongeist Beam|p1a: Raging Bolt\n|-damage|p1a: Raging Bolt|205/323\n|move|p1a: Raging Bolt|Volt Switch|p2a: Lunala\n|-damage|p2a: Lunala|244/308\n|\n|t:|1733909952\n|-end|p1a: Raging Bolt|Protosynthesis|[silent]\n|switch|p1a: Wo-Chien|Wo-Chien, L83|277/277|[from] Volt Switch\n|-ability|p1a: Wo-Chien|Tablets of Ruin\n|\n|-heal|p2a: Lunala|263/308|[from] item: Leftovers\n|upkeep\n|turn|15\n|\n|t:|1733909966\n|-terastallize|p2a: Lunala|Fairy\n|move|p2a: Lunala|Moonblast|p1a: Wo-Chien\n|-supereffective|p1a: Wo-Chien\n|-damage|p1a: Wo-Chien|145/277\n|move|p1a: Wo-Chien|Knock Off|p2a: Lunala\n|-resisted|p2a: Lunala\n|-damage|p2a: Lunala|209/308\n|-enditem|p2a: Lunala|Leftovers|[from] move: Knock Off|[of] p1a: Wo-Chien\n|\n|-heal|p1a: Wo-Chien|162/277|[from] item: Leftovers\n|upkeep\n|turn|16\n|\n|t:|1733909978\n|move|p2a: Lunala|Moonblast|p1a: Wo-Chien\n|-supereffective|p1a: Wo-Chien\n|-damage|p1a: Wo-Chien|22/277\n|move|p1a: Wo-Chien|Giga Drain|p2a: Lunala\n|-damage|p2a: Lunala|133/308\n|-heal|p1a: Wo-Chien|60/277|[from] drain|[of] p2a: Lunala\n|\n|-heal|p1a: Wo-Chien|77/277|[from] item: Leftovers\n|upkeep\n|turn|17\n|inactive|kruidnoten has 120 seconds left.\n|inactive|ibamakoto has 90 seconds left.\n|\n|t:|1733910011\n|switch|p1a: Calyrex|Calyrex-Ice, L72|263/263\n|-ability|p1a: Calyrex|As One\n|-ability|p1a: Calyrex|Unnerve\n|move|p2a: Lunala|Moonlight|p2a: Lunala\n|-heal|p2a: Lunala|287/308\n|\n|upkeep\n|turn|18\n|inactive|ibamakoto has 90 seconds left.\n|\n|t:|1733910021\n|move|p2a: Lunala|Moongeist Beam|p1a: Calyrex\n|-supereffective|p1a: Calyrex\n|-damage|p1a: Calyrex|93/263\n|-enditem|p1a: Calyrex|Weakness Policy\n|-boost|p1a: Calyrex|atk|2|[from] item: Weakness Policy\n|-boost|p1a: Calyrex|spa|2|[from] item: Weakness Policy\n|move|p1a: Calyrex|Agility|p1a: Calyrex\n|-boost|p1a: Calyrex|spe|2\n|\n|upkeep\n|turn|19\n|inactive|kruidnoten has 120 seconds left.\n|\n|t:|1733910040\n|move|p1a: Calyrex|Glacial Lance|p2a: Lunala\n|-damage|p2a: Lunala|0 fnt\n|faint|p2a: Lunala\n|-ability|p1a: Calyrex|Chilling Neigh|boost\n|-boost|p1a: Calyrex|atk|1\n|\n|upkeep\n|inactive|kruidnoten has 120 seconds left.\n|\n|t:|1733910051\n|switch|p2a: Charizard|Charizard, L85, F|271/271\n|turn|20\n|inactive|kruidnoten has 120 seconds left.\n|\n|t:|1733910062\n|move|p1a: Calyrex|Glacial Lance|p2a: Charizard\n|-damage|p2a: Charizard|0 fnt\n|faint|p2a: Charizard\n|-ability|p1a: Calyrex|Chilling Neigh|boost\n|-boost|p1a: Calyrex|atk|1\n|\n|upkeep\n|inactive|kruidnoten has 120 seconds left.\n|-message|kruidnoten forfeited.\n|\n|win|ibamakoto\n|raw|ibamakoto's rating: 1318 &rarr; <strong>1336</strong><br />(+18 for winning)\n|raw|kruidnoten's rating: 1276 &rarr; <strong>1254</strong><br />(-22 for losing)\n|l|\u2606kruidnoten\n|player|p2|\n", "inputlog": ">version bfd83cad13791eb5a5a409923076391caf6fb4d4\n>start {\"formatid\":\"gen9randombattle\",\"seed\":[60217,29204,56066,56678],\"rated\":\"Rated battle\"}\n>player p1 {\"name\":\"ibamakoto\",\"avatar\":\"erika\",\"rating\":1318,\"seed\":[44515,17849,17525,35794]}\n>player p2 {\"name\":\"kruidnoten\",\"avatar\":\"266\",\"rating\":1276,\"seed\":[52988,9403,31880,35754]}\n>p1 move doubleedge\n>p2 move dragondance\n>p1 move doubleedge\n>p2 move dualwingbeat\n>p2 switch 3\n>p1 move highhorsepower\n>p2 move closecombat\n>p1 switch 4\n>p1 move stompingtantrum\n>p2 move gunkshot\n>p1 move stompingtantrum\n>p2 move acrobatics\n>p1 switch 2\n>p1 move thunderclap\n>p2 move swordsdance\n>p1 move thunderclap\n>p2 move swordsdance\n>p1 move thunderclap\n>p2 move closecombat\n>p2 switch 5\n>p1 move voltswitch\n>p2 move drainingkiss\n>p1 switch 3\n>p1 move flashcannon\n>p2 move drainingkiss\n>p1 move flashcannon\n>p2 move drainingkiss\n>p1 switch 3\n>p1 move discharge terastallize\n>p2 move drainingkiss\n>p1 move discharge\n>p2 move mysticalfire\n>p2 switch 4\n>p1 move voltswitch\n>p2 move moongeistbeam\n>p1 switch 5\n>p1 move knockoff\n>p2 move moonblast terastallize\n>p1 move gigadrain\n>p2 move moonblast\n>p1 switch 6\n>p2 move moonlight\n>p1 move agility\n>p2 move moongeistbeam\n>p1 move glaciallance\n>p2 move moongeistbeam\n>p2 switch 6\n>p1 move glaciallance\n>p2 move flamethrower\n>forcelose p2", "uploadtime": 1733910072, "views": 1, "formatid": "gen9randombattle", "rating": 1254, "private": 0, "password": null}