{"id": "gen9randombattle-2260439538", "format": "[Gen 9] Random Battle", "players": ["alllzz", "BigBossJnack"], "log": "|j|\u2606alllzz\n|j|\u2606BigBossJnack\n|t:|1733851756\n|gametype|singles\n|player|p1|alllzz|101|1913\n|player|p2|BigBossJnack|169|2038\n|teamsize|p1|6\n|teamsize|p2|6\n|gen|9\n|tier|[Gen 9] Random Battle\n|rated|\n|rule|Species Clause: Limit one of each Pok\u00e9mon\n|rule|HP Percentage Mod: HP is shown in percentages\n|rule|Sleep Clause Mod: Limit one foe put to sleep\n|rule|Illusion Level Mod: Illusion disguises the Pok\u00e9mon's true level\n|\n|t:|1733851756\n|start\n|switch|p1a: Samurott|Samurott, L88, M|310/310\n|switch|p2a: Glalie|Glalie, L96, M|309/309\n|turn|1\n|\n|t:|1733851767\n|switch|p1a: Torkoal|Torkoal, L88, M|266/266\n|-weather|SunnyDay|[from] ability: Drought|[of] p1a: Torkoal\n|move|p2a: Glalie|Freeze-Dry|p1a: Torkoal\n|-resisted|p1a: Torkoal\n|-damage|p1a: Torkoal|221/266\n|\n|-weather|SunnyDay|[upkeep]\n|upkeep\n|turn|2\n|\n|t:|1733851779\n|-terastallize|p2a: Glalie|Ground\n|move|p2a: Glalie|Earthquake|p1a: Torkoal\n|-supereffective|p1a: Torkoal\n|-damage|p1a: Torkoal|53/266\n|move|p1a: Torkoal|Yawn|p2a: Glalie\n|-start|p2a: Glalie|move: Yawn|[of] p1a: Torkoal\n|\n|-weather|SunnyDay|[upkeep]\n|upkeep\n|turn|3\n|inactive|Battle timer is ON: inactive players will automatically lose when time's up. (requested by alllzz)\n|\n|t:|1733851788\n|switch|p2a: Wugtrio|Wugtrio, L91, M|212/212\n|move|p1a: Torkoal|Solar Beam||[still]\n|-prepare|p1a: Torkoal|Solar Beam\n|-anim|p1a: Torkoal|Solar Beam|p2a: Wugtrio\n|-supereffective|p2a: Wugtrio\n|-damage|p2a: Wugtrio|10/212\n|\n|-weather|SunnyDay|[upkeep]\n|upkeep\n|turn|4\n|\n|t:|1733851798\n|switch|p1a: Brute Bonnet|Brute Bonnet, L81|312/312\n|-activate|p1a: Brute Bonnet|ability: Protosynthesis\n|-start|p1a: Brute Bonnet|protosynthesisatk\n|move|p2a: Wugtrio|Stomping Tantrum|p1a: Brute Bonnet\n|-resisted|p1a: Brute Bonnet\n|-damage|p1a: Brute Bonnet|265/312\n|\n|-weather|SunnyDay|[upkeep]\n|-heal|p1a: Brute Bonnet|284/312|[from] item: Leftovers\n|upkeep\n|turn|5\n|\n|t:|1733851804\n|switch|p2a: Volcarona|Volcarona, L77, F|257/257\n|move|p1a: Brute Bonnet|Seed Bomb|p2a: Volcarona\n|-resisted|p2a: Volcarona\n|-damage|p2a: Volcarona|217/257\n|\n|-weather|none\n|-end|p1a: Brute Bonnet|Protosynthesis\n|-heal|p1a: Brute Bonnet|303/312|[from] item: Leftovers\n|upkeep\n|turn|6\n|\n|t:|1733851819\n|-terastallize|p1a: Brute Bonnet|Poison\n|move|p2a: Volcarona|Quiver Dance|p2a: Volcarona\n|-boost|p2a: Volcarona|spa|1\n|-boost|p2a: Volcarona|spd|1\n|-boost|p2a: Volcarona|spe|1\n|move|p1a: Brute Bonnet|Spore|p2a: Volcarona\n|-status|p2a: Volcarona|slp|[from] move: Spore\n|\n|-heal|p1a: Brute Bonnet|312/312|[from] item: Leftovers\n|upkeep\n|turn|7\n|\n|t:|1733851840\n|switch|p2a: Wugtrio|Wugtrio, L91, M|10/212\n|-end|p1a: Brute Bonnet|Protosynthesis|[silent]\n|switch|p1a: Gallade|Gallade, L81, M|243/243\n|\n|upkeep\n|turn|8\n|\n|t:|1733851850\n|switch|p1a: Brute Bonnet|Brute Bonnet, L81, tera:Poison|312/312\n|move|p2a: Wugtrio|Liquidation|p1a: Brute Bonnet\n|-damage|p1a: Brute Bonnet|159/312\n|\n|-heal|p1a: Brute Bonnet|178/312|[from] item: Leftovers\n|upkeep\n|turn|9\n|\n|t:|1733851856\n|move|p1a: Brute Bonnet|Sucker Punch|p2a: Wugtrio\n|-damage|p2a: Wugtrio|0 fnt\n|-ability|p2a: Wugtrio|Gooey\n|-unboost|p1a: Brute Bonnet|spe|1\n|faint|p2a: Wugtrio\n|\n|-heal|p1a: Brute Bonnet|197/312|[from] item: Leftovers\n|upkeep\n|\n|t:|1733851858\n|switch|p2a: Glalie|Glalie, L96, M, tera:Ground|309/309\n|turn|10\n|\n|t:|1733851863\n|move|p2a: Glalie|Earthquake|p1a: Brute Bonnet\n|-supereffective|p1a: Brute Bonnet\n|-damage|p1a: Brute Bonnet|0 fnt\n|faint|p1a: Brute Bonnet\n|-end|p1a: Brute Bonnet|Protosynthesis|[silent]\n|\n|upkeep\n|\n|t:|1733851878\n|switch|p1a: Samurott|Samurott, L88, M|310/310\n|turn|11\n|\n|t:|1733851883\n|switch|p2a: Trevenant|Trevenant, L88, F|293/293\n|move|p1a: Samurott|Hydro Pump|p2a: Trevenant\n|-resisted|p2a: Trevenant\n|-damage|p2a: Trevenant|222/293\n|\n|upkeep\n|turn|12\n|\n|t:|1733851889\n|switch|p1a: Torkoal|Torkoal, L88, M|53/266\n|-weather|SunnyDay|[from] ability: Drought|[of] p1a: Torkoal\n|move|p2a: Trevenant|Trick Room|p2a: Trevenant\n|-fieldstart|move: Trick Room|[of] p2a: Trevenant\n|\n|-weather|SunnyDay|[upkeep]\n|upkeep\n|turn|13\n|\n|t:|1733851900\n|switch|p2a: Volcarona|Volcarona, L77, F|217/257 slp\n|move|p1a: Torkoal|Lava Plume|p2a: Volcarona\n|-damage|p2a: Volcarona|87/257 slp\n|\n|-weather|SunnyDay|[upkeep]\n|upkeep\n|turn|14\n|\n|t:|1733851908\n|move|p1a: Torkoal|Lava Plume|p2a: Volcarona\n|-damage|p2a: Volcarona|0 fnt\n|faint|p2a: Volcarona\n|\n|-weather|SunnyDay|[upkeep]\n|upkeep\n|\n|t:|1733851911\n|switch|p2a: Granbull|Granbull, L88, M|302/302\n|-ability|p2a: Granbull|Intimidate|boost\n|-unboost|p1a: Torkoal|atk|1\n|turn|15\n|\n|t:|1733851920\n|move|p1a: Torkoal|Lava Plume|p2a: Granbull\n|-damage|p2a: Granbull|139/302\n|move|p2a: Granbull|Earthquake|p1a: Torkoal\n|-supereffective|p1a: Torkoal\n|-damage|p1a: Torkoal|0 fnt\n|faint|p1a: Torkoal\n|\n|-weather|SunnyDay|[upkeep]\n|-heal|p2a: Granbull|157/302|[from] item: Leftovers\n|upkeep\n|\n|t:|1733851927\n|switch|p1a: Spiritomb|Spiritomb, L89, M|234/234\n|turn|16\n|\n|t:|1733851933\n|move|p1a: Spiritomb|Poltergeist|p2a: Granbull\n|-activate|p2a: Granbull|move: Poltergeist|Leftovers\n|-damage|p2a: Granbull|24/302\n|move|p2a: Granbull|Thunder Wave|p1a: Spiritomb\n|-status|p1a: Spiritomb|par\n|\n|-weather|none\n|-heal|p2a: Granbull|42/302|[from] item: Leftovers\n|-fieldend|move: Trick Room\n|upkeep\n|turn|17\n|\n|t:|1733851940\n|move|p2a: Granbull|Play Rough|p1a: Spiritomb\n|-supereffective|p1a: Spiritomb\n|-damage|p1a: Spiritomb|36/234 par\n|cant|p1a: Spiritomb|par\n|\n|-heal|p2a: Granbull|60/302|[from] item: Leftovers\n|-heal|p1a: Spiritomb|50/234 par|[from] item: Leftovers\n|upkeep\n|turn|18\n|\n|t:|1733851953\n|move|p2a: Granbull|Play Rough|p1a: Spiritomb\n|-supereffective|p1a: Spiritomb\n|-damage|p1a: Spiritomb|0 fnt\n|faint|p1a: Spiritomb\n|\n|-heal|p2a: Granbull|78/302|[from] item: Leftovers\n|upkeep\n|\n|t:|1733851962\n|switch|p1a: Samurott|Samurott, L88, M|310/310\n|turn|19\n|\n|t:|1733851966\n|move|p1a: Samurott|Aqua Jet|p2a: Granbull\n|-damage|p2a: Granbull|23/302\n|move|p2a: Granbull|Play Rough|p1a: Samurott\n|-damage|p1a: Samurott|184/310\n|\n|-heal|p2a: Granbull|41/302|[from] item: Leftovers\n|upkeep\n|turn|20\n|\n|t:|1733851973\n|move|p1a: Samurott|Ice Beam|p2a: Granbull\n|-damage|p2a: Granbull|0 fnt\n|faint|p2a: Granbull\n|\n|upkeep\n|\n|t:|1733851982\n|switch|p2a: Bellossom|Bellossom, L84, M|263/263\n|turn|21\n|\n|t:|1733851987\n|move|p1a: Samurott|Megahorn|p2a: Bellossom\n|-supereffective|p2a: Bellossom\n|-damage|p2a: Bellossom|75/263\n|move|p2a: Bellossom|Quiver Dance|p2a: Bellossom\n|-boost|p2a: Bellossom|spa|1\n|-boost|p2a: Bellossom|spd|1\n|-boost|p2a: Bellossom|spe|1\n|\n|-heal|p2a: Bellossom|91/263|[from] item: Leftovers\n|upkeep\n|turn|22\n|\n|t:|1733851992\n|move|p2a: Bellossom|Strength Sap|p1a: Samurott\n|-unboost|p1a: Samurott|atk|1\n|-heal|p2a: Bellossom|263/263\n|move|p1a: Samurott|Megahorn|p2a: Bellossom\n|-supereffective|p2a: Bellossom\n|-damage|p2a: Bellossom|143/263\n|\n|-heal|p2a: Bellossom|159/263|[from] item: Leftovers\n|upkeep\n|turn|23\n|\n|t:|1733851996\n|move|p2a: Bellossom|Giga Drain|p1a: Samurott\n|-supereffective|p1a: Samurott\n|-damage|p1a: Samurott|26/310\n|-heal|p2a: Bellossom|238/263|[from] drain|[of] p1a: Samurott\n|move|p1a: Samurott|Ice Beam|p2a: Bellossom\n|-supereffective|p2a: Bellossom\n|-damage|p2a: Bellossom|148/263\n|\n|-heal|p2a: Bellossom|164/263|[from] item: Leftovers\n|upkeep\n|turn|24\n|\n|t:|1733852003\n|move|p2a: Bellossom|Giga Drain|p1a: Samurott\n|-supereffective|p1a: Samurott\n|-damage|p1a: Samurott|0 fnt\n|-heal|p2a: Bellossom|177/263|[from] drain|[of] p1a: Samurott\n|faint|p1a: Samurott\n|\n|-heal|p2a: Bellossom|193/263|[from] item: Leftovers\n|upkeep\n|\n|t:|1733852006\n|switch|p1a: Gallade|Gallade, L81, M|243/243\n|turn|25\n|\n|t:|1733852012\n|move|p2a: Bellossom|Strength Sap|p1a: Gallade\n|-unboost|p1a: Gallade|atk|1\n|-heal|p2a: Bellossom|263/263\n|move|p1a: Gallade|Agility|p1a: Gallade\n|-boost|p1a: Gallade|spe|2\n|\n|upkeep\n|turn|26\n|\n|t:|1733852018\n|move|p1a: Gallade|Psycho Cut|p2a: Bellossom\n|-damage|p2a: Bellossom|164/263\n|-damage|p1a: Gallade|219/243|[from] item: Life Orb\n|move|p2a: Bellossom|Giga Drain|p1a: Gallade\n|-damage|p1a: Gallade|126/243\n|-heal|p2a: Bellossom|211/263|[from] drain|[of] p1a: Gallade\n|\n|-heal|p2a: Bellossom|227/263|[from] item: Leftovers\n|upkeep\n|turn|27\n|\n|t:|1733852021\n|move|p1a: Gallade|Psycho Cut|p2a: Bellossom\n|-damage|p2a: Bellossom|122/263\n|-damage|p1a: Gallade|102/243|[from] item: Life Orb\n|move|p2a: Bellossom|Giga Drain|p1a: Gallade\n|-damage|p1a: Gallade|0 fnt\n|-heal|p2a: Bellossom|173/263|[from] drain|[of] p1a: Gallade\n|faint|p1a: Gallade\n|\n|-heal|p2a: Bellossom|189/263|[from] item: Leftovers\n|upkeep\n|\n|t:|1733852024\n|switch|p1a: Suicune|Suicune, L82|298/298\n|-ability|p1a: Suicune|Pressure\n|turn|28\n|-message|alllzz forfeited.\n|\n|win|BigBossJnack\n|raw|alllzz's rating: 1913 &rarr; <strong>1900</strong><br />(-13 for losing)\n|raw|BigBossJnack's rating: 2038 &rarr; <strong>2051</strong><br />(+13 for winning)\n|l|\u2606alllzz\n|player|p1|\n", "inputlog": ">version bfd83cad13791eb5a5a409923076391caf6fb4d4\n>start {\"formatid\":\"gen9randombattle\",\"seed\":[51788,59349,62157,26234],\"rated\":\"Rated battle\"}\n>player p1 {\"name\":\"alllzz\",\"avatar\":\"101\",\"rating\":1913,\"seed\":[33140,30200,12470,24965]}\n>player p2 {\"name\":\"BigBossJnack\",\"avatar\":\"169\",\"rating\":2038,\"seed\":[64666,47837,49622,10192]}\n>p1 switch 3\n>p2 move freezedry\n>p1 move yawn\n>p2 move earthquake terastallize\n>p1 move solarbeam\n>p2 switch 6\n>p1 switch 5\n>p2 move stompingtantrum\n>p1 move seedbomb\n>p2 switch 4\n>p1 move spore terastallize\n>p2 move quiverdance\n>p1 switch 4\n>p2 switch 4\n>p1 switch 4\n>p2 move liquidation\n>p1 move suckerpunch\n>p2 move liquidation\n>p2 switch 6\n>p1 move closecombat\n>p2 move earthquake\n>p1 switch 3\n>p1 move hydropump\n>p2 switch 2\n>p1 switch 5\n>p2 move trickroom\n>p1 move lavaplume\n>p2 switch 4\n>p1 move lavaplume\n>p2 move fierydance\n>p2 switch 3\n>p1 move lavaplume\n>p2 move earthquake\n>p1 switch 2\n>p1 move poltergeist\n>p2 move thunderwave\n>p1 move foulplay\n>p2 move playrough\n>p1 move foulplay\n>p2 move playrough\n>p1 switch 5\n>p1 move aquajet\n>p2 move playrough\n>p1 move icebeam\n>p2 move thunderwave\n>p2 switch 5\n>p1 move megahorn\n>p2 move quiverdance\n>p1 move megahorn\n>p2 move strengthsap\n>p1 move icebeam\n>p2 move gigadrain\n>p1 move megahorn\n>p2 move gigadrain\n>p1 switch 4\n>p1 move agility\n>p2 move strengthsap\n>p1 move psychocut\n>p2 move gigadrain\n>p1 move psychocut\n>p2 move gigadrain\n>p1 switch 6\n>forcelose p1", "uploadtime": 1733852029, "views": 1, "formatid": "gen9randombattle", "rating": 1900, "private": 0, "password": null}