{"id": "gen9randombattle-2260873173", "format": "[Gen 9] Random Battle", "players": ["Auri Reyon", "memimic"], "log": "|j|\u2606Auri Reyon\n|j|\u2606memimic\n|t:|1733908468\n|gametype|singles\n|player|p1|Auri Reyon|265|\n|player|p2|memimic|rika|\n|teamsize|p1|6\n|teamsize|p2|6\n|gen|9\n|tier|[Gen 9] Random Battle\n|rule|Species Clause: Limit one of each Pok\u00e9mon\n|rule|HP Percentage Mod: HP is shown in percentages\n|rule|Sleep Clause Mod: Limit one foe put to sleep\n|rule|Illusion Level Mod: Illusion disguises the Pok\u00e9mon's true level\n|\n|t:|1733908468\n|start\n|switch|p1a: Glimmora|Glimmora, L75, F|248/248\n|switch|p2a: Regigigas|Regigigas, L84|322/322\n|-start|p2a: Regigigas|ability: Slow Start\n|turn|1\n|\n|t:|1733908501\n|-end|p2a: Regigigas|Slow Start|[silent]\n|switch|p2a: Dugtrio|Dugtrio, L84, M|196/196\n|move|p1a: Glimmora|Meteor Beam||[still]\n|-prepare|p1a: Glimmora|Meteor Beam\n|-boost|p1a: Glimmora|spa|1\n|-enditem|p1a: Glimmora|Power Herb\n|-anim|p1a: Glimmora|Meteor Beam|p2a: Dugtrio\n|-resisted|p2a: Dugtrio\n|-damage|p2a: Dugtrio|84/196\n|\n|upkeep\n|turn|2\n|\n|t:|1733908509\n|-terastallize|p1a: Glimmora|Grass\n|move|p2a: Dugtrio|Earthquake|p1a: Glimmora\n|-resisted|p1a: Glimmora\n|-damage|p1a: Glimmora|171/248\n|-activate|p1a: Glimmora|ability: Toxic Debris\n|-sidestart|p2: memimic|move: Toxic Spikes\n|-damage|p2a: Dugtrio|65/196|[from] item: Life Orb\n|move|p1a: Glimmora|Energy Ball|p2a: Dugtrio\n|-supereffective|p2a: Dugtrio\n|-damage|p2a: Dugtrio|0 fnt\n|faint|p2a: Dugtrio\n|\n|upkeep\n|\n|t:|1733908540\n|switch|p2a: Volbeat|Volbeat, L90, M|263/263\n|turn|3\n|\n|t:|1733908554\n|move|p2a: Volbeat|Thunder Wave|p1a: Glimmora\n|-status|p1a: Glimmora|par\n|move|p1a: Glimmora|Sludge Wave|p2a: Volbeat\n|-damage|p2a: Volbeat|113/263\n|\n|upkeep\n|turn|4\n|\n|t:|1733908559\n|move|p2a: Volbeat|Lunge|p1a: Glimmora\n|-supereffective|p1a: Glimmora\n|-crit|p1a: Glimmora\n|-damage|p1a: Glimmora|0 fnt\n|-activate|p1a: Glimmora|ability: Toxic Debris\n|-sidestart|p2: memimic|move: Toxic Spikes\n|faint|p1a: Glimmora\n|\n|upkeep\n|\n|t:|1733908582\n|switch|p1a: Lanturn|Lanturn, L89, F|367/367\n|turn|5\n|\n|t:|1733908597\n|move|p2a: Volbeat|Roost|p2a: Volbeat\n|-heal|p2a: Volbeat|245/263\n|-singleturn|p2a: Volbeat|move: Roost\n|move|p1a: Lanturn|Volt Switch|p2a: Volbeat\n|-damage|p2a: Volbeat|173/263\n|\n|t:|1733908603\n|switch|p1a: Groudon|Groudon, L72|263/263|[from] Volt Switch\n|-weather|SunnyDay|[from] ability: Drought|[of] p1a: Groudon\n|\n|-weather|SunnyDay|[upkeep]\n|upkeep\n|turn|6\n|\n|t:|1733908631\n|move|p2a: Volbeat|Lunge|p1a: Groudon\n|-damage|p1a: Groudon|200/263\n|-unboost|p1a: Groudon|atk|1\n|move|p1a: Groudon|Heat Crash|p2a: Volbeat\n|-supereffective|p2a: Volbeat\n|-damage|p2a: Volbeat|0 fnt\n|faint|p2a: Volbeat\n|\n|-weather|SunnyDay|[upkeep]\n|-heal|p1a: Groudon|216/263|[from] item: Leftovers\n|upkeep\n|\n|t:|1733908647\n|switch|p2a: Hitmontop|Hitmontop, L88, M|231/231\n|-status|p2a: Hitmontop|tox\n|turn|7\n|\n|t:|1733908666\n|move|p2a: Hitmontop|Rapid Spin|p1a: Groudon\n|-damage|p1a: Groudon|171/263\n|-boost|p2a: Hitmontop|spe|1\n|-sideend|p2: memimic|Toxic Spikes|[from] move: Rapid Spin|[of] p2a: Hitmontop\n|move|p1a: Groudon|Heat Crash|p2a: Hitmontop\n|-damage|p2a: Hitmontop|153/231 tox\n|\n|-weather|SunnyDay|[upkeep]\n|-heal|p2a: Hitmontop|167/231 tox|[from] item: Leftovers\n|-heal|p1a: Groudon|187/263|[from] item: Leftovers\n|-damage|p2a: Hitmontop|153/231 tox|[from] psn\n|upkeep\n|turn|8\n|\n|t:|1733908681\n|switch|p1a: Gardevoir|Gardevoir, L83, F|249/249\n|-ability|p1a: Gardevoir|Technician|[from] ability: Trace|[of] p2a: Hitmontop\n|move|p2a: Hitmontop|Triple Axel|p1a: Gardevoir|[miss]\n|-miss|p2a: Hitmontop|p1a: Gardevoir\n|\n|-weather|SunnyDay|[upkeep]\n|-heal|p2a: Hitmontop|167/231 tox|[from] item: Leftovers\n|-damage|p2a: Hitmontop|139/231 tox|[from] psn\n|upkeep\n|turn|9\n|\n|t:|1733908706\n|switch|p2a: Tinkaton|Tinkaton, L82, F|274/274\n|-ability|p2a: Tinkaton|Mold Breaker\n|move|p1a: Gardevoir|Moonblast|p2a: Tinkaton\n|-resisted|p2a: Tinkaton\n|-damage|p2a: Tinkaton|205/274\n|-damage|p1a: Gardevoir|225/249|[from] item: Life Orb\n|\n|-weather|none\n|-heal|p2a: Tinkaton|222/274|[from] item: Leftovers\n|upkeep\n|turn|10\n|\n|t:|1733908729\n|move|p2a: Tinkaton|Knock Off|p1a: Gardevoir\n|-damage|p1a: Gardevoir|163/249\n|-enditem|p1a: Gardevoir|Life Orb|[from] move: Knock Off|[of] p2a: Tinkaton\n|move|p1a: Gardevoir|Mystical Fire|p2a: Tinkaton\n|-supereffective|p2a: Tinkaton\n|-damage|p2a: Tinkaton|110/274\n|-unboost|p2a: Tinkaton|spa|1\n|\n|-heal|p2a: Tinkaton|127/274|[from] item: Leftovers\n|upkeep\n|turn|11\n|\n|t:|1733908732\n|move|p2a: Tinkaton|Gigaton Hammer|p1a: Gardevoir\n|-supereffective|p1a: Gardevoir\n|-crit|p1a: Gardevoir\n|-damage|p1a: Gardevoir|0 fnt\n|faint|p1a: Gardevoir\n|\n|-heal|p2a: Tinkaton|144/274|[from] item: Leftovers\n|upkeep\n|\n|t:|1733908737\n|switch|p1a: Groudon|Groudon, L72|187/263\n|-weather|SunnyDay|[from] ability: Drought|[of] p1a: Groudon\n|turn|12\n|\n|t:|1733908750\n|move|p2a: Tinkaton|Knock Off|p1a: Groudon\n|-damage|p1a: Groudon|141/263\n|-enditem|p1a: Groudon|Leftovers|[from] move: Knock Off|[of] p2a: Tinkaton\n|move|p1a: Groudon|Heat Crash|p2a: Tinkaton\n|-supereffective|p2a: Tinkaton\n|-damage|p2a: Tinkaton|0 fnt\n|faint|p2a: Tinkaton\n|\n|-weather|SunnyDay|[upkeep]\n|upkeep\n|\n|t:|1733908757\n|switch|p2a: Hitmontop|Hitmontop, L88, M|139/231 tox\n|turn|13\n|\n|t:|1733908763\n|switch|p1a: Lanturn|Lanturn, L89, F|367/367\n|move|p2a: Hitmontop|Triple Axel|p1a: Lanturn\n|-resisted|p1a: Lanturn\n|-crit|p1a: Lanturn\n|-damage|p1a: Lanturn|346/367\n|-resisted|p1a: Lanturn\n|-damage|p1a: Lanturn|319/367\n|-resisted|p1a: Lanturn\n|-damage|p1a: Lanturn|272/367\n|-hitcount|p1a: Lanturn|3\n|\n|-weather|SunnyDay|[upkeep]\n|-heal|p2a: Hitmontop|153/231 tox|[from] item: Leftovers\n|-heal|p1a: Lanturn|294/367|[from] item: Leftovers\n|-damage|p2a: Hitmontop|139/231 tox|[from] psn\n|upkeep\n|turn|14\n|\n|t:|1733908789\n|switch|p2a: Sandaconda|Sandaconda, L84, F|258/258\n|move|p1a: Lanturn|Volt Switch|p2a: Sandaconda\n|-immune|p2a: Sandaconda\n|\n|-weather|SunnyDay|[upkeep]\n|-heal|p1a: Lanturn|316/367|[from] item: Leftovers\n|upkeep\n|turn|15\n|\n|t:|1733908797\n|switch|p1a: Rillaboom|Rillaboom, L79, M|288/288\n|-fieldstart|move: Grassy Terrain|[from] ability: Grassy Surge|[of] p1a: Rillaboom\n|move|p2a: Sandaconda|Scale Shot|p1a: Rillaboom\n|-damage|p1a: Rillaboom|266/288\n|-damage|p1a: Rillaboom|245/288\n|-damage|p1a: Rillaboom|223/288\n|-damage|p1a: Rillaboom|203/288\n|-hitcount|p1a: Rillaboom|4\n|-unboost|p2a: Sandaconda|def|1\n|-boost|p2a: Sandaconda|spe|1\n|\n|-weather|SunnyDay|[upkeep]\n|-heal|p1a: Rillaboom|221/288|[from] Grassy Terrain\n|upkeep\n|turn|16\n|\n|t:|1733908872\n|switch|p2a: Hitmontop|Hitmontop, L88, M|139/231 tox\n|move|p1a: Rillaboom|Wood Hammer|p2a: Hitmontop\n|-damage|p2a: Hitmontop|0 fnt\n|faint|p2a: Hitmontop\n|-damage|p1a: Rillaboom|175/288|[from] Recoil\n|\n|-weather|none\n|-heal|p1a: Rillaboom|193/288|[from] Grassy Terrain\n|upkeep\n|\n|t:|1733908880\n|switch|p2a: Regigigas|Regigigas, L84|322/322\n|-start|p2a: Regigigas|ability: Slow Start\n|turn|17\n|\n|t:|1733908920\n|switch|p1a: Mew|Mew, L82|298/298\n|move|p2a: Regigigas|Body Slam|p1a: Mew\n|-damage|p1a: Mew|237/298\n|-status|p1a: Mew|par\n|-activate|p1a: Mew|ability: Synchronize\n|-status|p2a: Regigigas|par\n|\n|-heal|p1a: Mew|255/298 par|[from] Grassy Terrain\n|-heal|p1a: Mew|273/298 par|[from] item: Leftovers\n|upkeep\n|turn|18\n|\n|t:|1733908956\n|move|p1a: Mew|Psychic|p2a: Regigigas\n|-damage|p2a: Regigigas|249/322 par\n|move|p2a: Regigigas|Knock Off|p1a: Mew\n|-supereffective|p1a: Mew\n|-damage|p1a: Mew|185/298 par\n|-enditem|p1a: Mew|Leftovers|[from] move: Knock Off|[of] p2a: Regigigas\n|\n|-heal|p1a: Mew|203/298 par|[from] Grassy Terrain\n|-heal|p2a: Regigigas|269/322 par|[from] Grassy Terrain\n|-heal|p2a: Regigigas|289/322 par|[from] item: Leftovers\n|upkeep\n|turn|19\n|\n|t:|1733908975\n|move|p1a: Mew|Psychic|p2a: Regigigas\n|-damage|p2a: Regigigas|207/322 par\n|move|p2a: Regigigas|Knock Off|p1a: Mew\n|-supereffective|p1a: Mew\n|-damage|p1a: Mew|139/298 par\n|\n|-heal|p1a: Mew|157/298 par|[from] Grassy Terrain\n|-heal|p2a: Regigigas|227/322 par|[from] Grassy Terrain\n|-heal|p2a: Regigigas|247/322 par|[from] item: Leftovers\n|-fieldend|move: Grassy Terrain\n|upkeep\n|turn|20\n|\n|t:|1733908980\n|cant|p1a: Mew|par\n|move|p2a: Regigigas|Knock Off|p1a: Mew\n|-supereffective|p1a: Mew\n|-damage|p1a: Mew|93/298 par\n|\n|-heal|p2a: Regigigas|267/322 par|[from] item: Leftovers\n|upkeep\n|turn|21\n|\n|t:|1733908993\n|move|p1a: Mew|Encore|p2a: Regigigas\n|-start|p2a: Regigigas|Encore\n|move|p2a: Regigigas|Knock Off|p1a: Mew\n|-supereffective|p1a: Mew\n|-damage|p1a: Mew|27/298 par\n|\n|-heal|p2a: Regigigas|287/322 par|[from] item: Leftovers\n|-end|p2a: Regigigas|Slow Start\n|upkeep\n|turn|22\n|\n|t:|1733909007\n|switch|p1a: Groudon|Groudon, L72|141/263\n|-weather|SunnyDay|[from] ability: Drought|[of] p1a: Groudon\n|move|p2a: Regigigas|Knock Off|p1a: Groudon\n|-damage|p1a: Groudon|80/263\n|\n|-weather|SunnyDay|[upkeep]\n|-heal|p2a: Regigigas|307/322 par|[from] item: Leftovers\n|upkeep\n|turn|23\n|\n|t:|1733909026\n|move|p1a: Groudon|Precipice Blades|p2a: Regigigas|[miss]\n|-miss|p1a: Groudon|p2a: Regigigas\n|move|p2a: Regigigas|Knock Off|p1a: Groudon\n|-damage|p1a: Groudon|20/263\n|\n|-weather|SunnyDay|[upkeep]\n|-heal|p2a: Regigigas|322/322 par|[from] item: Leftovers\n|-end|p2a: Regigigas|Encore\n|upkeep\n|turn|24\n|\n|t:|1733909036\n|move|p1a: Groudon|Precipice Blades|p2a: Regigigas\n|-damage|p2a: Regigigas|204/322 par\n|move|p2a: Regigigas|Rest|p2a: Regigigas\n|-status|p2a: Regigigas|slp|[from] move: Rest\n|-heal|p2a: Regigigas|322/322 slp|[silent]\n|\n|-weather|SunnyDay|[upkeep]\n|upkeep\n|turn|25\n|\n|t:|1733909047\n|cant|p2a: Regigigas|slp\n|move|p2a: Regigigas|Sleep Talk|p2a: Regigigas\n|move|p2a: Regigigas|Rest||[from]move: Sleep Talk|[still]\n|-fail|p2a: Regigigas\n|move|p1a: Groudon|Precipice Blades|p2a: Regigigas|[miss]\n|-miss|p1a: Groudon|p2a: Regigigas\n|\n|-weather|SunnyDay|[upkeep]\n|upkeep\n|turn|26\n|\n|t:|1733909058\n|cant|p2a: Regigigas|slp\n|move|p2a: Regigigas|Sleep Talk|p2a: Regigigas\n|move|p2a: Regigigas|Rest||[from]move: Sleep Talk|[still]\n|-fail|p2a: Regigigas\n|move|p1a: Groudon|Precipice Blades|p2a: Regigigas\n|-damage|p2a: Regigigas|213/322 slp\n|\n|-weather|none\n|-heal|p2a: Regigigas|233/322 slp|[from] item: Leftovers\n|upkeep\n|turn|27\n|\n|t:|1733909073\n|switch|p1a: Mew|Mew, L82|27/298 par\n|-curestatus|p2a: Regigigas|slp|[msg]\n|move|p2a: Regigigas|Body Slam|p1a: Mew\n|-damage|p1a: Mew|0 fnt\n|faint|p1a: Mew\n|\n|-heal|p2a: Regigigas|253/322|[from] item: Leftovers\n|upkeep\n|\n|t:|1733909084\n|switch|p1a: Lanturn|Lanturn, L89, F|316/367\n|turn|28\n|\n|t:|1733909108\n|move|p2a: Regigigas|Knock Off|p1a: Lanturn\n|-damage|p1a: Lanturn|181/367\n|-enditem|p1a: Lanturn|Leftovers|[from] move: Knock Off|[of] p2a: Regigigas\n|move|p1a: Lanturn|Thunder Wave|p2a: Regigigas\n|-status|p2a: Regigigas|par\n|\n|-heal|p2a: Regigigas|273/322 par|[from] item: Leftovers\n|upkeep\n|turn|29\n|\n|t:|1733909117\n|move|p1a: Lanturn|Thunderbolt|p2a: Regigigas\n|-damage|p2a: Regigigas|204/322 par\n|move|p2a: Regigigas|Rest|p2a: Regigigas\n|-status|p2a: Regigigas|slp|[from] move: Rest\n|-heal|p2a: Regigigas|322/322 slp|[silent]\n|\n|upkeep\n|turn|30\n|\n|t:|1733909124\n|cant|p2a: Regigigas|slp\n|move|p2a: Regigigas|Sleep Talk|p2a: Regigigas\n|move|p2a: Regigigas|Knock Off|p1a: Lanturn|[from]move: Sleep Talk\n|-damage|p1a: Lanturn|93/367\n|move|p1a: Lanturn|Volt Switch|p2a: Regigigas\n|-damage|p2a: Regigigas|264/322 slp\n|\n|t:|1733909128\n|switch|p1a: Rillaboom|Rillaboom, L79, M|193/288|[from] Volt Switch\n|-fieldstart|move: Grassy Terrain|[from] ability: Grassy Surge|[of] p1a: Rillaboom\n|\n|-heal|p2a: Regigigas|284/322 slp|[from] Grassy Terrain\n|-heal|p2a: Regigigas|304/322 slp|[from] item: Leftovers\n|-heal|p1a: Rillaboom|211/288|[from] Grassy Terrain\n|upkeep\n|turn|31\n|\n|t:|1733909135\n|cant|p2a: Regigigas|slp\n|move|p2a: Regigigas|Sleep Talk|p2a: Regigigas\n|move|p2a: Regigigas|Rest||[from]move: Sleep Talk|[still]\n|-fail|p2a: Regigigas\n|move|p1a: Rillaboom|Wood Hammer|p2a: Regigigas\n|-damage|p2a: Regigigas|96/322 slp\n|-damage|p1a: Rillaboom|142/288|[from] Recoil\n|\n|-heal|p2a: Regigigas|116/322 slp|[from] Grassy Terrain\n|-heal|p2a: Regigigas|136/322 slp|[from] item: Leftovers\n|-heal|p1a: Rillaboom|160/288|[from] Grassy Terrain\n|upkeep\n|turn|32\n|\n|t:|1733909153\n|-curestatus|p2a: Regigigas|slp|[msg]\n|move|p2a: Regigigas|Body Slam|p1a: Rillaboom\n|-damage|p1a: Rillaboom|18/288\n|move|p1a: Rillaboom|Wood Hammer|p2a: Regigigas\n|-damage|p2a: Regigigas|0 fnt\n|faint|p2a: Regigigas\n|-end|p2a: Regigigas|Slow Start|[silent]\n|-damage|p1a: Rillaboom|0 fnt|[from] Recoil\n|faint|p1a: Rillaboom\n|\n|upkeep\n|\n|t:|1733909167\n|switch|p2a: Sandaconda|Sandaconda, L84, F|258/258\n|switch|p1a: Lanturn|Lanturn, L89, F|93/367\n|turn|33\n|\n|t:|1733909176\n|-terastallize|p2a: Sandaconda|Dragon\n|move|p1a: Lanturn|Scald|p2a: Sandaconda\n|-resisted|p2a: Sandaconda\n|-damage|p2a: Sandaconda|210/258\n|move|p2a: Sandaconda|Earthquake|p1a: Lanturn\n|-supereffective|p1a: Lanturn\n|-damage|p1a: Lanturn|0 fnt\n|faint|p1a: Lanturn\n|\n|-heal|p2a: Sandaconda|226/258|[from] Grassy Terrain\n|upkeep\n|\n|t:|1733909183\n|switch|p1a: Groudon|Groudon, L72|20/263\n|-weather|SunnyDay|[from] ability: Drought|[of] p1a: Groudon\n|turn|34\n|\n|t:|1733909185\n|move|p1a: Groudon|Precipice Blades|p2a: Sandaconda\n|-damage|p2a: Sandaconda|129/258\n|move|p2a: Sandaconda|Earthquake|p1a: Groudon\n|-damage|p1a: Groudon|0 fnt\n|faint|p1a: Groudon\n|\n|win|memimic\n|c|\u2606memimic|gg\n|l|\u2606memimic\n|player|p2|\n", "inputlog": ">version bfd83cad13791eb5a5a409923076391caf6fb4d4\n>start {\"formatid\":\"gen9randombattle\",\"seed\":[36896,38828,52969,42309]}\n>player p1 {\"name\":\"Auri Reyon\",\"avatar\":\"265\",\"rating\":0,\"seed\":[43824,63326,2604,3935]}\n>player p2 {\"name\":\"memimic\",\"avatar\":\"rika\",\"rating\":0,\"seed\":[55533,13438,45443,59470]}\n>p1 move meteorbeam\n>p2 switch 2\n>p1 move energyball terastallize\n>p2 move earthquake\n>p2 switch 6\n>p1 move sludgewave\n>p2 move thunderwave\n>p1 move sludgewave\n>p2 move lunge\n>p1 switch 3\n>p1 move voltswitch\n>p2 move roost\n>p1 switch 2\n>p1 move heatcrash\n>p2 move lunge\n>p2 switch 5\n>p1 move heatcrash\n>p2 move rapidspin\n>p1 switch 4\n>p2 move tripleaxel\n>p1 move moonblast\n>p2 switch 4\n>p1 move mysticalfire\n>p2 move knockoff\n>p1 move mysticalfire\n>p2 move gigatonhammer\n>p1 switch 4\n>p1 move heatcrash\n>p2 move knockoff\n>p2 switch 4\n>p1 switch 2\n>p2 move tripleaxel\n>p1 move voltswitch\n>p2 switch 3\n>p1 switch 5\n>p2 move scaleshot\n>p1 move woodhammer\n>p2 switch 3\n>p2 switch 2\n>p1 switch 6\n>p2 move bodyslam\n>p1 move psychic\n>p2 move knockoff\n>p1 move psychic\n>p2 move knockoff\n>p1 move uturn\n>p2 move knockoff\n>p1 move encore\n>p2 move rest\n>p1 switch 2\n>p2 move knockoff\n>p1 move precipiceblades\n>p2 move knockoff\n>p1 move precipiceblades\n>p2 move rest\n>p1 move precipiceblades\n>p2 move sleeptalk\n>p1 move precipiceblades\n>p2 move sleeptalk\n>p1 switch 2\n>p2 move bodyslam\n>p1 switch 5\n>p1 move thunderwave\n>p2 move knockoff\n>p1 move thunderbolt\n>p2 move rest\n>p1 move voltswitch\n>p2 move sleeptalk\n>p1 switch 6\n>p1 move woodhammer\n>p2 move sleeptalk\n>p1 move woodhammer\n>p2 move bodyslam\n>p1 switch 6\n>p2 switch 3\n>p1 move scald\n>p2 move earthquake terastallize\n>p1 switch 2\n>p1 move precipiceblades\n>p2 move earthquake", "uploadtime": 1733909749, "views": 3, "formatid": "gen9randombattle", "rating": null, "private": 0, "password": null}