{"id": "gen9randombattle-2260447420", "format": "[Gen 9] Random Battle", "players": ["BigBossJnack", "Elpapi18"], "log": "|j|\u2606BigBossJnack\n|j|\u2606Elpapi18\n|t:|1733852515\n|gametype|singles\n|player|p1|BigBossJnack|169|2018\n|player|p2|Elpapi18|265|1971\n|teamsize|p1|6\n|teamsize|p2|6\n|gen|9\n|tier|[Gen 9] Random Battle\n|rated|\n|rule|Species Clause: Limit one of each Pok\u00e9mon\n|rule|HP Percentage Mod: HP is shown in percentages\n|rule|Sleep Clause Mod: Limit one foe put to sleep\n|rule|Illusion Level Mod: Illusion disguises the Pok\u00e9mon's true level\n|\n|t:|1733852515\n|start\n|switch|p1a: Reuniclus|Reuniclus, L88, M|337/337\n|switch|p2a: Arcanine|Arcanine, L84, M|288/288\n|-ability|p2a: Arcanine|Intimidate|boost\n|-unboost|p1a: Reuniclus|atk|1\n|turn|1\n|\n|t:|1733852530\n|move|p2a: Arcanine|Flare Blitz|p1a: Reuniclus\n|-damage|p1a: Reuniclus|174/337\n|-damage|p2a: Arcanine|234/288|[from] Recoil\n|move|p1a: Reuniclus|Calm Mind|p1a: Reuniclus\n|-boost|p1a: Reuniclus|spa|1\n|-boost|p1a: Reuniclus|spd|1\n|\n|upkeep\n|turn|2\n|inactive|Battle timer is ON: inactive players will automatically lose when time's up. (requested by BigBossJnack)\n|\n|t:|1733852538\n|move|p2a: Arcanine|Flare Blitz|p1a: Reuniclus\n|-damage|p1a: Reuniclus|23/337\n|-damage|p2a: Arcanine|184/288|[from] Recoil\n|move|p1a: Reuniclus|Recover|p1a: Reuniclus\n|-heal|p1a: Reuniclus|192/337\n|\n|upkeep\n|turn|3\n|\n|t:|1733852547\n|switch|p2a: Entei|Entei, L78|307/307\n|move|p1a: Reuniclus|Recover|p1a: Reuniclus\n|-heal|p1a: Reuniclus|337/337\n|\n|upkeep\n|turn|4\n|\n|t:|1733852552\n|move|p2a: Entei|Sacred Fire|p1a: Reuniclus\n|-damage|p1a: Reuniclus|156/337\n|move|p1a: Reuniclus|Psychic|p2a: Entei\n|-damage|p2a: Entei|0 fnt\n|faint|p2a: Entei\n|\n|upkeep\n|\n|t:|1733852562\n|switch|p2a: Arcanine|Arcanine, L84, M|184/288\n|-ability|p2a: Arcanine|Intimidate|boost\n|-unboost|p1a: Reuniclus|atk|1\n|turn|5\n|\n|t:|1733852567\n|switch|p1a: Chandelure|Chandelure, L83, F|235/235\n|move|p2a: Arcanine|Flare Blitz|p1a: Chandelure\n|-resisted|p1a: Chandelure\n|-damage|p1a: Chandelure|166/235\n|-damage|p2a: Arcanine|161/288|[from] Recoil\n|\n|-heal|p1a: Chandelure|180/235|[from] item: Leftovers\n|upkeep\n|turn|6\n|\n|t:|1733852577\n|move|p2a: Arcanine|Morning Sun|p2a: Arcanine\n|-heal|p2a: Arcanine|288/288\n|move|p1a: Chandelure|Calm Mind|p1a: Chandelure\n|-boost|p1a: Chandelure|spa|1\n|-boost|p1a: Chandelure|spd|1\n|\n|-heal|p1a: Chandelure|194/235|[from] item: Leftovers\n|upkeep\n|turn|7\n|\n|t:|1733852582\n|move|p2a: Arcanine|Wild Charge|p1a: Chandelure\n|-damage|p1a: Chandelure|123/235\n|-damage|p2a: Arcanine|270/288|[from] Recoil\n|move|p1a: Chandelure|Shadow Ball|p2a: Arcanine\n|-damage|p2a: Arcanine|96/288\n|\n|-heal|p1a: Chandelure|137/235|[from] item: Leftovers\n|upkeep\n|turn|8\n|\n|t:|1733852592\n|switch|p2a: Hydreigon|Hydreigon, L79, F|275/275\n|move|p1a: Chandelure|Shadow Ball|p2a: Hydreigon\n|-resisted|p2a: Hydreigon\n|-damage|p2a: Hydreigon|187/275\n|-unboost|p2a: Hydreigon|spd|1\n|\n|-heal|p1a: Chandelure|151/235|[from] item: Leftovers\n|upkeep\n|turn|9\n|\n|t:|1733852603\n|switch|p1a: Qwilfish|Qwilfish-Hisui, L83, M|244/244\n|-ability|p1a: Qwilfish|Intimidate|boost\n|-unboost|p2a: Hydreigon|atk|1\n|move|p2a: Hydreigon|Dark Pulse|p1a: Qwilfish\n|-resisted|p1a: Qwilfish\n|-damage|p1a: Qwilfish|174/244\n|\n|upkeep\n|turn|10\n|\n|t:|1733852615\n|switch|p2a: Ursaluna|Ursaluna-Bloodmoon, L79, M|308/308\n|move|p1a: Qwilfish|Gunk Shot|p2a: Ursaluna\n|-resisted|p2a: Ursaluna\n|-damage|p2a: Ursaluna|255/308\n|\n|-heal|p2a: Ursaluna|274/308|[from] item: Leftovers\n|upkeep\n|turn|11\n|\n|t:|1733852627\n|switch|p1a: Glastrier|Glastrier, L86|312/312\n|move|p2a: Ursaluna|Blood Moon|p1a: Glastrier\n|-damage|p1a: Glastrier|162/312\n|\n|-heal|p2a: Ursaluna|293/308|[from] item: Leftovers\n|upkeep\n|turn|12\n|\n|t:|1733852642\n|switch|p2a: Cramorant|Cramorant, L86, F|261/261\n|move|p1a: Glastrier|Icicle Crash|p2a: Cramorant\n|-damage|p2a: Cramorant|68/261\n|\n|upkeep\n|turn|13\n|\n|t:|1733852653\n|move|p2a: Cramorant|Roost|p2a: Cramorant\n|-heal|p2a: Cramorant|199/261\n|-singleturn|p2a: Cramorant|move: Roost\n|move|p1a: Glastrier|Icicle Crash|p2a: Cramorant\n|-resisted|p2a: Cramorant\n|-damage|p2a: Cramorant|108/261\n|\n|upkeep\n|turn|14\n|\n|t:|1733852659\n|move|p2a: Cramorant|Roost|p2a: Cramorant\n|-heal|p2a: Cramorant|239/261\n|-singleturn|p2a: Cramorant|move: Roost\n|move|p1a: Glastrier|Swords Dance|p1a: Glastrier\n|-boost|p1a: Glastrier|atk|2\n|\n|upkeep\n|turn|15\n|\n|t:|1733852670\n|move|p2a: Cramorant|Surf|p1a: Glastrier\n|-formechange|p2a: Cramorant|Cramorant-Gulping|\n|-damage|p1a: Glastrier|84/312\n|move|p1a: Glastrier|Icicle Crash|p2a: Cramorant\n|-damage|p2a: Cramorant|0 fnt\n|-damage|p1a: Glastrier|6/312|[from] ability: Gulp Missile|[of] p2a: Cramorant\n|-unboost|p1a: Glastrier|def|1\n|-formechange|p2a: Cramorant|Cramorant|\n|faint|p2a: Cramorant\n|-ability|p1a: Glastrier|Chilling Neigh|boost\n|-boost|p1a: Glastrier|atk|1\n|\n|upkeep\n|\n|t:|1733852685\n|switch|p2a: Hydreigon|Hydreigon, L79, F|187/275\n|turn|16\n|\n|t:|1733852689\n|move|p2a: Hydreigon|U-turn|p1a: Glastrier\n|-damage|p1a: Glastrier|0 fnt\n|faint|p1a: Glastrier\n|\n|t:|1733852702\n|switch|p2a: Victreebel|Victreebel, L90, M|290/290|[from] U-turn\n|\n|upkeep\n|\n|t:|1733852720\n|switch|p1a: Chandelure|Chandelure, L83, F|151/235\n|turn|17\n|\n|t:|1733852724\n|switch|p2a: Hydreigon|Hydreigon, L79, F|187/275\n|move|p1a: Chandelure|Fire Blast|p2a: Hydreigon\n|-resisted|p2a: Hydreigon\n|-damage|p2a: Hydreigon|98/275\n|\n|-heal|p1a: Chandelure|165/235|[from] item: Leftovers\n|upkeep\n|turn|18\n|\n|t:|1733852734\n|switch|p1a: Reuniclus|Reuniclus, L88, M|156/337\n|move|p2a: Hydreigon|Draco Meteor|p1a: Reuniclus\n|-damage|p1a: Reuniclus|0 fnt\n|-unboost|p2a: Hydreigon|spa|2\n|faint|p1a: Reuniclus\n|\n|upkeep\n|\n|t:|1733852738\n|switch|p1a: Shiftry|Shiftry, L89, F|305/305\n|turn|19\n|\n|t:|1733852748\n|switch|p2a: Arcanine|Arcanine, L84, M|96/288\n|-ability|p2a: Arcanine|Intimidate|boost\n|-unboost|p1a: Shiftry|atk|1\n|move|p1a: Shiftry|Knock Off|p2a: Arcanine\n|-damage|p2a: Arcanine|17/288\n|-enditem|p2a: Arcanine|Heavy-Duty Boots|[from] move: Knock Off|[of] p1a: Shiftry\n|\n|upkeep\n|turn|20\n|\n|t:|1733852755\n|switch|p1a: Qwilfish|Qwilfish-Hisui, L83, M|174/244\n|-ability|p1a: Qwilfish|Intimidate|boost\n|-unboost|p2a: Arcanine|atk|1\n|move|p2a: Arcanine|Morning Sun|p2a: Arcanine\n|-heal|p2a: Arcanine|161/288\n|\n|upkeep\n|turn|21\n|\n|t:|1733852763\n|switch|p1a: Shiftry|Shiftry, L89, F|305/305\n|move|p2a: Arcanine|Morning Sun|p2a: Arcanine\n|-heal|p2a: Arcanine|288/288\n|\n|upkeep\n|turn|22\n|\n|t:|1733852779\n|switch|p1a: Qwilfish|Qwilfish-Hisui, L83, M|174/244\n|-ability|p1a: Qwilfish|Intimidate|boost\n|-unboost|p2a: Arcanine|atk|1\n|move|p2a: Arcanine|Flare Blitz|p1a: Qwilfish\n|-damage|p1a: Qwilfish|126/244\n|-damage|p2a: Arcanine|272/288|[from] Recoil\n|\n|upkeep\n|turn|23\n|\n|t:|1733852797\n|move|p2a: Arcanine|Flare Blitz|p1a: Qwilfish\n|-damage|p1a: Qwilfish|77/244\n|-damage|p2a: Arcanine|256/288|[from] Recoil\n|move|p1a: Qwilfish|Crunch|p2a: Arcanine\n|-damage|p2a: Arcanine|172/288\n|-unboost|p2a: Arcanine|def|1\n|\n|upkeep\n|turn|24\n|\n|t:|1733852805\n|switch|p2a: Ursaluna|Ursaluna-Bloodmoon, L79, M|293/308\n|move|p1a: Qwilfish|Gunk Shot|p2a: Ursaluna\n|-resisted|p2a: Ursaluna\n|-damage|p2a: Ursaluna|244/308\n|\n|-heal|p2a: Ursaluna|263/308|[from] item: Leftovers\n|upkeep\n|turn|25\n|\n|t:|1733852813\n|move|p1a: Qwilfish|Toxic Spikes|p2a: Ursaluna\n|-sidestart|p2: Elpapi18|move: Toxic Spikes\n|move|p2a: Ursaluna|Blood Moon|p1a: Qwilfish\n|-damage|p1a: Qwilfish|0 fnt\n|faint|p1a: Qwilfish\n|\n|-heal|p2a: Ursaluna|282/308|[from] item: Leftovers\n|upkeep\n|\n|t:|1733852816\n|switch|p1a: Shiftry|Shiftry, L89, F|305/305\n|turn|26\n|\n|t:|1733852829\n|-terastallize|p2a: Ursaluna|Fighting\n|move|p2a: Ursaluna|Vacuum Wave|p1a: Shiftry\n|-supereffective|p1a: Shiftry\n|-damage|p1a: Shiftry|185/305\n|move|p1a: Shiftry|Knock Off|p2a: Ursaluna\n|-resisted|p2a: Ursaluna\n|-damage|p2a: Ursaluna|231/308\n|-enditem|p2a: Ursaluna|Leftovers|[from] move: Knock Off|[of] p1a: Shiftry\n|\n|upkeep\n|turn|27\n|\n|t:|1733852842\n|move|p2a: Ursaluna|Vacuum Wave|p1a: Shiftry\n|-supereffective|p1a: Shiftry\n|-damage|p1a: Shiftry|57/305\n|move|p1a: Shiftry|Leaf Storm|p2a: Ursaluna\n|-damage|p2a: Ursaluna|27/308\n|-unboost|p1a: Shiftry|spa|2\n|\n|upkeep\n|turn|28\n|\n|t:|1733852853\n|move|p1a: Shiftry|Sucker Punch||[still]\n|-fail|p1a: Shiftry\n|move|p2a: Ursaluna|Moonlight|p2a: Ursaluna\n|-heal|p2a: Ursaluna|181/308\n|\n|upkeep\n|turn|29\n|\n|t:|1733852858\n|move|p1a: Shiftry|Sucker Punch|p2a: Ursaluna\n|-resisted|p2a: Ursaluna\n|-damage|p2a: Ursaluna|146/308\n|move|p2a: Ursaluna|Vacuum Wave|p1a: Shiftry\n|-supereffective|p1a: Shiftry\n|-damage|p1a: Shiftry|0 fnt\n|faint|p1a: Shiftry\n|\n|upkeep\n|\n|t:|1733852863\n|switch|p1a: Chandelure|Chandelure, L83, F|165/235\n|turn|30\n|\n|t:|1733852877\n|switch|p2a: Arcanine|Arcanine, L84, M|172/288\n|-status|p2a: Arcanine|psn\n|-ability|p2a: Arcanine|Intimidate|boost\n|-unboost|p1a: Chandelure|atk|1\n|move|p1a: Chandelure|Fire Blast|p2a: Arcanine\n|-resisted|p2a: Arcanine\n|-damage|p2a: Arcanine|83/288 psn\n|\n|-heal|p1a: Chandelure|179/235|[from] item: Leftovers\n|-damage|p2a: Arcanine|47/288 psn|[from] psn\n|upkeep\n|turn|31\n|\n|t:|1733852886\n|move|p2a: Arcanine|Morning Sun|p2a: Arcanine\n|-heal|p2a: Arcanine|191/288 psn\n|move|p1a: Chandelure|Calm Mind|p1a: Chandelure\n|-boost|p1a: Chandelure|spa|1\n|-boost|p1a: Chandelure|spd|1\n|\n|-heal|p1a: Chandelure|193/235|[from] item: Leftovers\n|-damage|p2a: Arcanine|155/288 psn|[from] psn\n|upkeep\n|turn|32\n|\n|t:|1733852892\n|move|p2a: Arcanine|Wild Charge|p1a: Chandelure\n|-damage|p1a: Chandelure|121/235\n|-damage|p2a: Arcanine|137/288 psn|[from] Recoil\n|move|p1a: Chandelure|Shadow Ball|p2a: Arcanine\n|-damage|p2a: Arcanine|0 fnt\n|faint|p2a: Arcanine\n|\n|-heal|p1a: Chandelure|135/235|[from] item: Leftovers\n|upkeep\n|\n|t:|1733852896\n|switch|p2a: Hydreigon|Hydreigon, L79, F|98/275\n|turn|33\n|\n|t:|1733852906\n|move|p2a: Hydreigon|Dark Pulse|p1a: Chandelure\n|-supereffective|p1a: Chandelure\n|-damage|p1a: Chandelure|0 fnt\n|faint|p1a: Chandelure\n|\n|upkeep\n|\n|t:|1733852909\n|switch|p1a: Spectrier|Spectrier, L75|274/274\n|turn|34\n|\n|t:|1733852913\n|-terastallize|p1a: Spectrier|Fighting\n|move|p1a: Spectrier|Nasty Plot|p1a: Spectrier\n|-boost|p1a: Spectrier|spa|2\n|move|p2a: Hydreigon|Dark Pulse|p1a: Spectrier\n|-resisted|p1a: Spectrier\n|-damage|p1a: Spectrier|198/274\n|\n|upkeep\n|turn|35\n|\n|t:|1733852919\n|switch|p2a: Ursaluna|Ursaluna-Bloodmoon, L79, M, tera:Fighting|146/308\n|-status|p2a: Ursaluna|psn\n|move|p1a: Spectrier|Shadow Ball|p2a: Ursaluna\n|-damage|p2a: Ursaluna|0 fnt\n|faint|p2a: Ursaluna\n|-ability|p1a: Spectrier|Grim Neigh|boost\n|-boost|p1a: Spectrier|spa|1\n|-damage|p1a: Spectrier|171/274|[from] item: Life Orb\n|\n|upkeep\n|\n|t:|1733852922\n|switch|p2a: Victreebel|Victreebel, L90, M|290/290\n|-sideend|p2: Elpapi18|move: Toxic Spikes|[of] p2a: Victreebel\n|turn|36\n|\n|t:|1733852928\n|move|p1a: Spectrier|Shadow Ball|p2a: Victreebel\n|-damage|p2a: Victreebel|0 fnt\n|faint|p2a: Victreebel\n|-ability|p1a: Spectrier|Grim Neigh|boost\n|-boost|p1a: Spectrier|spa|1\n|-damage|p1a: Spectrier|144/274|[from] item: Life Orb\n|\n|upkeep\n|\n|t:|1733852930\n|switch|p2a: Hydreigon|Hydreigon, L79, F|98/275\n|turn|37\n|\n|t:|1733852934\n|move|p1a: Spectrier|Tera Blast|p2a: Hydreigon|[anim] Tera Blast Fighting\n|-supereffective|p2a: Hydreigon\n|-damage|p2a: Hydreigon|0 fnt\n|faint|p2a: Hydreigon\n|-damage|p1a: Spectrier|117/274|[from] item: Life Orb\n|\n|win|BigBossJnack\n|raw|BigBossJnack's rating: 2018 &rarr; <strong>2035</strong><br />(+17 for winning)\n|raw|Elpapi18's rating: 1971 &rarr; <strong>1954</strong><br />(-17 for losing)\n|l|\u2606Elpapi18\n|player|p2|\n", "inputlog": ">version bfd83cad13791eb5a5a409923076391caf6fb4d4\n>start {\"formatid\":\"gen9randombattle\",\"seed\":[12005,14260,13554,61259],\"rated\":\"Rated battle\"}\n>player p1 {\"name\":\"BigBossJnack\",\"avatar\":\"169\",\"rating\":2018,\"seed\":[6241,15817,1846,62697]}\n>player p2 {\"name\":\"Elpapi18\",\"avatar\":\"265\",\"rating\":1971,\"seed\":[11788,21883,16121,53960]}\n>p1 move calmmind\n>p2 move flareblitz\n>p1 move recover\n>p2 move flareblitz\n>p1 move recover\n>p2 switch 3\n>p1 move psychic\n>p2 move sacredfire\n>p2 switch 3\n>p1 switch 2\n>p2 move flareblitz\n>p1 move calmmind\n>p2 move morningsun\n>p1 move shadowball\n>p2 move wildcharge\n>p1 move shadowball\n>p2 switch 4\n>p1 switch 6\n>p2 move darkpulse\n>p1 move gunkshot\n>p2 switch 5\n>p1 switch 4\n>p2 move bloodmoon\n>p1 move iciclecrash\n>p2 switch 6\n>p1 move iciclecrash\n>p2 move roost\n>p1 move swordsdance\n>p2 move roost\n>p1 move iciclecrash\n>p2 move surf\n>p2 switch 5\n>p1 move iciclecrash\n>p2 move uturn\n>p2 switch 2\n>p1 switch 6\n>p1 move fireblast\n>p2 switch 2\n>p1 switch 2\n>p2 move dracometeor\n>p1 switch 3\n>p1 move knockoff\n>p2 switch 4\n>p1 switch 4\n>p2 move morningsun\n>p1 switch 4\n>p2 move morningsun\n>p1 switch 4\n>p2 move flareblitz\n>p1 move crunch\n>p2 move flareblitz\n>p1 move gunkshot\n>p2 switch 6\n>p1 move toxicspikes\n>p2 move bloodmoon\n>p1 switch 4\n>p1 move knockoff\n>p2 move vacuumwave terastallize\n>p1 move leafstorm\n>p2 move vacuumwave\n>p1 move suckerpunch\n>p2 move moonlight\n>p1 move suckerpunch\n>p2 move vacuumwave\n>p1 switch 2\n>p1 move fireblast\n>p2 switch 6\n>p1 move calmmind\n>p2 move morningsun\n>p1 move shadowball\n>p2 move wildcharge\n>p2 switch 4\n>p1 move fireblast\n>p2 move darkpulse\n>p1 switch 5\n>p1 move nastyplot terastallize\n>p2 move darkpulse\n>p1 move shadowball\n>p2 switch 6\n>p2 switch 2\n>p1 move shadowball\n>p2 move powerwhip\n>p2 switch 6\n>p1 move terablast\n>p2 move dracometeor", "uploadtime": 1733852937, "views": 2, "formatid": "gen9randombattle", "rating": 1954, "private": 0, "password": null}