{"id": "gen9randombattle-2259915577", "format": "[Gen 9] Random Battle", "players": ["ToxicWyvern", "HerrscherOfThunder"], "log": "|j|\u2606ToxicWyvern\n|j|\u2606HerrscherOfThunder\n|t:|1733779560\n|gametype|singles\n|player|p1|ToxicWyvern|ethan|1553\n|player|p2|HerrscherOfThunder|zinnia|1598\n|teamsize|p1|6\n|teamsize|p2|6\n|gen|9\n|tier|[Gen 9] Random Battle\n|rated|\n|rule|Species Clause: Limit one of each Pok\u00e9mon\n|rule|HP Percentage Mod: HP is shown in percentages\n|rule|Sleep Clause Mod: Limit one foe put to sleep\n|rule|Illusion Level Mod: Illusion disguises the Pok\u00e9mon's true level\n|\n|t:|1733779560\n|start\n|switch|p1a: Cramorant|Cramorant, L86, M|261/261\n|switch|p2a: Rayquaza|Rayquaza, L72|270/270\n|-ability|p2a: Rayquaza|Air Lock\n|turn|1\n|inactive|Battle timer is ON: inactive players will automatically lose when time's up. (requested by HerrscherOfThunder)\n|c|\u2606HerrscherOfThunder|dwagon\n|inactive|ToxicWyvern has 120 seconds left.\n|\n|t:|1733779601\n|switch|p2a: Perrserker|Perrserker, L89, M|269/269\n|move|p1a: Cramorant|Surf|p2a: Perrserker\n|-formechange|p1a: Cramorant|Cramorant-Gulping|\n|-damage|p2a: Perrserker|155/269\n|\n|upkeep\n|turn|2\n|\n|t:|1733779610\n|move|p1a: Cramorant|Surf|p2a: Perrserker\n|-damage|p2a: Perrserker|50/269\n|move|p2a: Perrserker|Stealth Rock|p1a: Cramorant\n|-sidestart|p1: ToxicWyvern|move: Stealth Rock\n|\n|upkeep\n|turn|3\n|\n|t:|1733779635\n|move|p1a: Cramorant|Surf|p2a: Perrserker\n|-damage|p2a: Perrserker|0 fnt\n|faint|p2a: Perrserker\n|\n|upkeep\n|\n|t:|1733779650\n|switch|p2a: Leafeon|Leafeon, L88, F|258/258\n|turn|4\n|\n|t:|1733779655\n|move|p2a: Leafeon|Substitute|p2a: Leafeon\n|-start|p2a: Leafeon|Substitute\n|-damage|p2a: Leafeon|194/258\n|move|p1a: Cramorant|Defog|p2a: Leafeon\n|-sideend|p1: ToxicWyvern|Stealth Rock|[from] move: Defog|[of] p1a: Cramorant\n|\n|-heal|p2a: Leafeon|210/258|[from] item: Leftovers\n|upkeep\n|turn|5\n|\n|t:|1733779660\n|move|p2a: Leafeon|Swords Dance|p2a: Leafeon\n|-boost|p2a: Leafeon|atk|2\n|move|p1a: Cramorant|Brave Bird|p2a: Leafeon\n|-supereffective|p2a: Leafeon\n|-end|p2a: Leafeon|Substitute\n|-damage|p1a: Cramorant|240/261|[from] Recoil|[of] p2a: Leafeon\n|\n|-heal|p2a: Leafeon|226/258|[from] item: Leftovers\n|upkeep\n|turn|6\n|\n|t:|1733779666\n|move|p2a: Leafeon|Leaf Blade|p1a: Cramorant\n|-damage|p1a: Cramorant|0 fnt\n|-damage|p2a: Leafeon|162/258|[from] ability: Gulp Missile|[of] p1a: Cramorant\n|-unboost|p2a: Leafeon|def|1\n|-formechange|p1a: Cramorant|Cramorant|\n|faint|p1a: Cramorant\n|\n|-heal|p2a: Leafeon|178/258|[from] item: Leftovers\n|upkeep\n|\n|t:|1733779672\n|switch|p1a: Incineroar|Incineroar, L82, M|290/290\n|-ability|p1a: Incineroar|Intimidate|boost\n|-unboost|p2a: Leafeon|atk|1\n|turn|7\n|\n|t:|1733779677\n|move|p2a: Leafeon|Substitute|p2a: Leafeon\n|-start|p2a: Leafeon|Substitute\n|-damage|p2a: Leafeon|114/258\n|move|p1a: Incineroar|Flare Blitz|p2a: Leafeon\n|-supereffective|p2a: Leafeon\n|-end|p2a: Leafeon|Substitute\n|-damage|p1a: Incineroar|269/290|[from] Recoil|[of] p2a: Leafeon\n|\n|-heal|p2a: Leafeon|130/258|[from] item: Leftovers\n|upkeep\n|turn|8\n|inactive|ToxicWyvern has 120 seconds left.\n|inactive|ToxicWyvern has 90 seconds left.\n|\n|t:|1733779738\n|switch|p2a: Uxie|Uxie, L83|260/260\n|move|p1a: Incineroar|Flare Blitz|p2a: Uxie\n|-damage|p2a: Uxie|101/260\n|-damage|p1a: Incineroar|217/290|[from] Recoil\n|\n|-heal|p2a: Uxie|117/260|[from] item: Leftovers\n|upkeep\n|turn|9\n|inactive|ToxicWyvern has 90 seconds left.\n|inactive|HerrscherOfThunder has 120 seconds left.\n|inactive|ToxicWyvern has 60 seconds left.\n|\n|t:|1733779793\n|switch|p1a: Sandaconda|Sandaconda, L84, M|258/258\n|move|p2a: Uxie|U-turn|p1a: Sandaconda\n|-damage|p1a: Sandaconda|227/258\n|\n|t:|1733779798\n|switch|p2a: Leafeon|Leafeon, L88, F|130/258|[from] U-turn\n|\n|-heal|p2a: Leafeon|146/258|[from] item: Leftovers\n|upkeep\n|turn|10\n|inactive|ToxicWyvern has 60 seconds left.\n|inactive|ToxicWyvern has 30 seconds left.\n|\n|t:|1733779841\n|move|p2a: Leafeon|Swords Dance|p2a: Leafeon\n|-boost|p2a: Leafeon|atk|2\n|move|p1a: Sandaconda|Coil|p1a: Sandaconda\n|-boost|p1a: Sandaconda|atk|1\n|-boost|p1a: Sandaconda|def|1\n|-boost|p1a: Sandaconda|accuracy|1\n|\n|-heal|p2a: Leafeon|162/258|[from] item: Leftovers\n|upkeep\n|turn|11\n|\n|t:|1733779846\n|-terastallize|p1a: Sandaconda|Dragon\n|move|p2a: Leafeon|Substitute|p2a: Leafeon\n|-start|p2a: Leafeon|Substitute\n|-damage|p2a: Leafeon|98/258\n|move|p1a: Sandaconda|Scale Shot|p2a: Leafeon\n|-activate|p2a: Leafeon|move: Substitute|[damage]\n|-activate|p2a: Leafeon|move: Substitute|[damage]\n|-end|p2a: Leafeon|Substitute\n|-damage|p2a: Leafeon|67/258\n|-hitcount|p2a: Leafeon|4\n|-unboost|p1a: Sandaconda|def|1\n|-boost|p1a: Sandaconda|spe|1\n|\n|-heal|p2a: Leafeon|83/258|[from] item: Leftovers\n|upkeep\n|turn|12\n|\n|t:|1733779852\n|move|p1a: Sandaconda|Scale Shot|p2a: Leafeon\n|-damage|p2a: Leafeon|53/258\n|-damage|p2a: Leafeon|25/258\n|-damage|p2a: Leafeon|0 fnt\n|faint|p2a: Leafeon\n|-hitcount|p2: Leafeon|3\n|-unboost|p1a: Sandaconda|def|1\n|-boost|p1a: Sandaconda|spe|1\n|\n|upkeep\n|\n|t:|1733779855\n|switch|p2a: Uxie|Uxie, L83|117/260\n|turn|13\n|\n|t:|1733779859\n|move|p1a: Sandaconda|Scale Shot|p2a: Uxie\n|-damage|p2a: Uxie|86/260\n|-damage|p2a: Uxie|53/260\n|-damage|p2a: Uxie|22/260\n|-damage|p2a: Uxie|0 fnt\n|faint|p2a: Uxie\n|-hitcount|p2: Uxie|4\n|-unboost|p1a: Sandaconda|def|1\n|-boost|p1a: Sandaconda|spe|1\n|\n|upkeep\n|\n|t:|1733779862\n|switch|p2a: Enamorus|Enamorus, L79, F|247/247\n|turn|14\n|\n|t:|1733779871\n|move|p1a: Sandaconda|Rock Blast|p2a: Enamorus\n|-supereffective|p2a: Enamorus\n|-damage|p2a: Enamorus|179/247\n|-supereffective|p2a: Enamorus\n|-damage|p2a: Enamorus|101/247\n|-supereffective|p2a: Enamorus\n|-damage|p2a: Enamorus|31/247\n|-supereffective|p2a: Enamorus\n|-damage|p2a: Enamorus|0 fnt\n|faint|p2a: Enamorus\n|-hitcount|p2: Enamorus|4\n|\n|upkeep\n|\n|t:|1733779874\n|switch|p2a: Rayquaza|Rayquaza, L72|270/270\n|-ability|p2a: Rayquaza|Air Lock\n|turn|15\n|\n|t:|1733779881\n|-terastallize|p2a: Rayquaza|Steel\n|move|p1a: Sandaconda|Rock Blast|p2a: Rayquaza\n|-resisted|p2a: Rayquaza\n|-damage|p2a: Rayquaza|254/270\n|-resisted|p2a: Rayquaza\n|-damage|p2a: Rayquaza|238/270\n|-resisted|p2a: Rayquaza\n|-damage|p2a: Rayquaza|221/270\n|-resisted|p2a: Rayquaza\n|-damage|p2a: Rayquaza|206/270\n|-resisted|p2a: Rayquaza\n|-damage|p2a: Rayquaza|189/270\n|-hitcount|p2a: Rayquaza|5\n|move|p2a: Rayquaza|Outrage|p1a: Sandaconda\n|-supereffective|p1a: Sandaconda\n|-damage|p1a: Sandaconda|0 fnt\n|faint|p1a: Sandaconda\n|\n|upkeep\n|\n|t:|1733779883\n|switch|p1a: Incineroar|Incineroar, L82, M|217/290\n|-ability|p1a: Incineroar|Intimidate|boost\n|-unboost|p2a: Rayquaza|atk|1\n|turn|16\n|\n|t:|1733779886\n|move|p2a: Rayquaza|Outrage|p1a: Incineroar|[from]lockedmove\n|-damage|p1a: Incineroar|126/290\n|move|p1a: Incineroar|Flare Blitz|p2a: Rayquaza\n|-supereffective|p2a: Rayquaza\n|-crit|p2a: Rayquaza\n|-damage|p2a: Rayquaza|0 fnt\n|faint|p2a: Rayquaza\n|-damage|p1a: Incineroar|64/290|[from] Recoil\n|\n|upkeep\n|\n|t:|1733779889\n|switch|p2a: Spectrier|Spectrier, L75|274/274\n|turn|17\n|\n|t:|1733779894\n|switch|p1a: Porygon2|Porygon2, L82|274/274\n|-ability|p1a: Porygon2|Download|boost\n|-boost|p1a: Porygon2|atk|1\n|move|p2a: Spectrier|Draining Kiss|p1a: Porygon2\n|-damage|p1a: Porygon2|238/274\n|-damage|p2a: Spectrier|247/274|[from] item: Life Orb\n|\n|upkeep\n|turn|18\n|\n|t:|1733779897\n|move|p2a: Spectrier|Nasty Plot|p2a: Spectrier\n|-boost|p2a: Spectrier|spa|2\n|move|p1a: Porygon2|Thunder Wave|p2a: Spectrier|[miss]\n|-miss|p1a: Porygon2|p2a: Spectrier\n|\n|upkeep\n|turn|19\n|\n|t:|1733779900\n|move|p2a: Spectrier|Dark Pulse|p1a: Porygon2\n|-damage|p1a: Porygon2|130/274\n|-damage|p2a: Spectrier|220/274|[from] item: Life Orb\n|move|p1a: Porygon2|Shadow Ball|p2a: Spectrier\n|-supereffective|p2a: Spectrier\n|-damage|p2a: Spectrier|96/274\n|\n|upkeep\n|turn|20\n|\n|t:|1733779905\n|move|p2a: Spectrier|Dark Pulse|p1a: Porygon2\n|-damage|p1a: Porygon2|17/274\n|-damage|p2a: Spectrier|69/274|[from] item: Life Orb\n|move|p1a: Porygon2|Shadow Ball|p2a: Spectrier\n|-supereffective|p2a: Spectrier\n|-crit|p2a: Spectrier\n|-damage|p2a: Spectrier|0 fnt\n|faint|p2a: Spectrier\n|\n|win|ToxicWyvern\n|raw|ToxicWyvern's rating: 1571 &rarr; <strong>1593</strong><br />(+22 for winning)\n|raw|HerrscherOfThunder's rating: 1598 &rarr; <strong>1576</strong><br />(-22 for losing)\n|l|\u2606HerrscherOfThunder\n|player|p2|\n", "inputlog": ">version bfd83cad13791eb5a5a409923076391caf6fb4d4\n>start {\"formatid\":\"gen9randombattle\",\"seed\":[30288,51884,58438,19946],\"rated\":\"Rated battle\"}\n>player p1 {\"name\":\"ToxicWyvern\",\"avatar\":\"ethan\",\"rating\":1553,\"seed\":[30552,47071,28224,4965]}\n>player p2 {\"name\":\"HerrscherOfThunder\",\"avatar\":\"zinnia\",\"rating\":1598,\"seed\":[32819,4659,32070,6400]}\n>chat \u2606HerrscherOfThunder|dwagon\n>p1 move surf\n>p2 switch 4\n>p1 move surf\n>p2 move stealthrock\n>p1 move surf\n>p2 move knockoff\n>p2 switch 5\n>p1 move defog\n>p2 move substitute\n>p1 move bravebird\n>p2 move swordsdance\n>p1 move bravebird\n>p2 move leafblade\n>p1 switch 3\n>p1 move flareblitz\n>p2 move substitute\n>p1 move flareblitz\n>p2 switch 2\n>p1 switch 5\n>p2 move uturn\n>p2 switch 2\n>p1 move coil\n>p2 move swordsdance\n>p1 move scaleshot terastallize\n>p2 move substitute\n>p1 move scaleshot\n>p2 move knockoff\n>p2 switch 2\n>p1 move scaleshot\n>p2 move knockoff\n>p2 switch 6\n>p1 move rockblast\n>p2 move moonblast\n>p2 switch 4\n>p1 move rockblast\n>p2 move outrage terastallize\n>p1 switch 5\n>p1 move flareblitz\n>p2 move outrage\n>p2 switch 3\n>p1 switch 4\n>p2 move drainingkiss\n>p1 move thunderwave\n>p2 move nastyplot\n>p1 move shadowball\n>p2 move darkpulse\n>p1 move shadowball\n>p2 move darkpulse", "uploadtime": 1733779913, "views": 2, "formatid": "gen9randombattle", "rating": 1576, "private": 0, "password": null}