{"id": "gen9randombattle-2260345580", "format": "[Gen 9] Random Battle", "players": ["Mik4Z", "swampnik"], "log": "|j|\u2606Mik4Z\n|j|\u2606swampnik\n|t:|1733842338\n|gametype|singles\n|player|p1|Mik4Z|102|1379\n|player|p2|swampnik|miku-water|1394\n|teamsize|p1|6\n|teamsize|p2|6\n|gen|9\n|tier|[Gen 9] Random Battle\n|rated|\n|rule|Species Clause: Limit one of each Pok\u00e9mon\n|rule|HP Percentage Mod: HP is shown in percentages\n|rule|Sleep Clause Mod: Limit one foe put to sleep\n|rule|Illusion Level Mod: Illusion disguises the Pok\u00e9mon's true level\n|\n|t:|1733842338\n|start\n|switch|p1a: Crabominable|Crabominable, L90, F|321/321\n|switch|p2a: Azelf|Azelf, L82|257/257\n|turn|1\n|inactive|Battle timer is ON: inactive players will automatically lose when time's up. (requested by swampnik)\n|\n|t:|1733842346\n|move|p2a: Azelf|Stealth Rock|p1a: Crabominable\n|-sidestart|p1: Mik4Z|move: Stealth Rock\n|move|p1a: Crabominable|Knock Off|p2a: Azelf\n|-supereffective|p2a: Azelf\n|-damage|p2a: Azelf|15/257\n|-enditem|p2a: Azelf|Focus Sash|[from] move: Knock Off|[of] p1a: Crabominable\n|\n|upkeep\n|turn|2\n|\n|t:|1733842355\n|move|p2a: Azelf|Fire Blast|p1a: Crabominable|[miss]\n|-miss|p2a: Azelf|p1a: Crabominable\n|move|p1a: Crabominable|Drain Punch|p2a: Azelf\n|-resisted|p2a: Azelf\n|-damage|p2a: Azelf|0 fnt\n|faint|p2a: Azelf\n|\n|upkeep\n|\n|t:|1733842364\n|switch|p2a: Camerupt|Camerupt, L91, F|275/275\n|turn|3\n|\n|t:|1733842372\n|move|p1a: Crabominable|Earthquake|p2a: Camerupt\n|-supereffective|p2a: Camerupt\n|-damage|p2a: Camerupt|109/275\n|move|p2a: Camerupt|Overheat|p1a: Crabominable\n|-supereffective|p1a: Crabominable\n|-damage|p1a: Crabominable|69/321\n|-unboost|p2a: Camerupt|spa|2\n|\n|-heal|p2a: Camerupt|126/275|[from] item: Leftovers\n|upkeep\n|turn|4\n|c|\u2606swampnik|love this game\n|\n|t:|1733842394\n|switch|p2a: Flygon|Flygon, L82, F|265/265\n|move|p1a: Crabominable|Earthquake|p2a: Flygon\n|-immune|p2a: Flygon|[from] ability: Levitate\n|\n|upkeep\n|turn|5\n|\n|t:|1733842401\n|move|p2a: Flygon|Earthquake|p1a: Crabominable\n|-damage|p1a: Crabominable|0 fnt\n|faint|p1a: Crabominable\n|\n|upkeep\n|\n|t:|1733842430\n|switch|p1a: Carbink|Carbink, L90|236/236\n|-damage|p1a: Carbink|207/236|[from] Stealth Rock\n|turn|6\n|inactive|Mik4Z has 120 seconds left.\n|\n|t:|1733842447\n|move|p2a: Flygon|Dragon Dance|p2a: Flygon\n|-boost|p2a: Flygon|atk|1\n|-boost|p2a: Flygon|spe|1\n|move|p1a: Carbink|Moonblast|p2a: Flygon\n|-supereffective|p2a: Flygon\n|-damage|p2a: Flygon|91/265\n|\n|-heal|p1a: Carbink|221/236|[from] item: Leftovers\n|upkeep\n|turn|7\n|inactive|Mik4Z has 120 seconds left.\n|\n|t:|1733842469\n|-terastallize|p2a: Flygon|Ground\n|move|p2a: Flygon|Earthquake|p1a: Carbink\n|-supereffective|p1a: Carbink\n|-damage|p1a: Carbink|0 fnt\n|faint|p1a: Carbink\n|\n|upkeep\n|inactive|Mik4Z has 90 seconds left.\n|\n|t:|1733842499\n|switch|p1a: Rillaboom|Rillaboom, L79, F|288/288\n|-damage|p1a: Rillaboom|252/288|[from] Stealth Rock\n|-fieldstart|move: Grassy Terrain|[from] ability: Grassy Surge|[of] p1a: Rillaboom\n|turn|8\n|\n|t:|1733842505\n|switch|p2a: Camerupt|Camerupt, L91, F|126/275\n|move|p1a: Rillaboom|Grassy Glide|p2a: Camerupt\n|-damage|p2a: Camerupt|0 fnt\n|faint|p2a: Camerupt\n|\n|-heal|p1a: Rillaboom|270/288|[from] Grassy Terrain\n|upkeep\n|\n|t:|1733842509\n|switch|p2a: Girafarig|Girafarig, L89, F|269/269\n|turn|9\n|\n|t:|1733842527\n|switch|p1a: Garganacl|Garganacl, L80, F|291/291\n|-damage|p1a: Garganacl|255/291|[from] Stealth Rock\n|move|p2a: Girafarig|Nasty Plot|p2a: Girafarig\n|-boost|p2a: Girafarig|spa|2\n|\n|-heal|p1a: Garganacl|273/291|[from] Grassy Terrain\n|-heal|p1a: Garganacl|291/291|[from] item: Leftovers\n|upkeep\n|turn|10\n|\n|t:|1733842554\n|move|p2a: Girafarig|Thunderbolt|p1a: Garganacl\n|-damage|p1a: Garganacl|151/291\n|move|p1a: Garganacl|Salt Cure|p2a: Girafarig\n|-damage|p2a: Girafarig|235/269\n|-start|p2a: Girafarig|Salt Cure\n|\n|-heal|p2a: Girafarig|251/269|[from] Grassy Terrain\n|-heal|p1a: Garganacl|169/291|[from] Grassy Terrain\n|-heal|p1a: Garganacl|187/291|[from] item: Leftovers\n|-damage|p2a: Girafarig|218/269|[from] Salt Cure\n|upkeep\n|turn|11\n|\n|t:|1733842568\n|move|p2a: Girafarig|Thunderbolt|p1a: Garganacl\n|-damage|p1a: Garganacl|52/291\n|move|p1a: Garganacl|Recover|p1a: Garganacl\n|-heal|p1a: Garganacl|198/291\n|\n|-heal|p2a: Girafarig|234/269|[from] Grassy Terrain\n|-heal|p1a: Garganacl|216/291|[from] Grassy Terrain\n|-heal|p1a: Garganacl|234/291|[from] item: Leftovers\n|-damage|p2a: Girafarig|201/269|[from] Salt Cure\n|upkeep\n|turn|12\n|inactive|Mik4Z has 90 seconds left.\n|\n|t:|1733842609\n|switch|p2a: Flygon|Flygon, L82, F, tera:Ground|91/265\n|move|p1a: Garganacl|Iron Defense|p1a: Garganacl\n|-boost|p1a: Garganacl|def|2\n|\n|-heal|p1a: Garganacl|252/291|[from] Grassy Terrain\n|-heal|p1a: Garganacl|270/291|[from] item: Leftovers\n|-fieldend|move: Grassy Terrain\n|upkeep\n|turn|13\n|\n|t:|1733842621\n|move|p2a: Flygon|Earthquake|p1a: Garganacl\n|-supereffective|p1a: Garganacl\n|-damage|p1a: Garganacl|170/291\n|move|p1a: Garganacl|Body Press|p2a: Flygon\n|-damage|p2a: Flygon|0 fnt\n|faint|p2a: Flygon\n|\n|-heal|p1a: Garganacl|188/291|[from] item: Leftovers\n|upkeep\n|inactive|swampnik has 120 seconds left.\n|\n|t:|1733842648\n|switch|p2a: Dusknoir|Dusknoir, L89, M|225/225\n|-item|p1a: Garganacl|Leftovers|[from] ability: Frisk|[of] p2a: Dusknoir\n|turn|14\n|\n|t:|1733842653\n|move|p2a: Dusknoir|Poltergeist|p1a: Garganacl\n|-activate|p1a: Garganacl|move: Poltergeist|Leftovers\n|-damage|p1a: Garganacl|161/291\n|move|p1a: Garganacl|Salt Cure|p2a: Dusknoir\n|-damage|p2a: Dusknoir|198/225\n|-start|p2a: Dusknoir|Salt Cure\n|\n|-heal|p2a: Dusknoir|212/225|[from] item: Leftovers\n|-heal|p1a: Garganacl|179/291|[from] item: Leftovers\n|-damage|p2a: Dusknoir|184/225|[from] Salt Cure\n|upkeep\n|turn|15\n|inactive|Mik4Z has 90 seconds left.\n|inactive|swampnik has 120 seconds left.\n|\n|t:|1733842667\n|-singleturn|p2a: Dusknoir|move: Focus Punch\n|move|p1a: Garganacl|Recover|p1a: Garganacl\n|-heal|p1a: Garganacl|291/291\n|move|p2a: Dusknoir|Focus Punch|p1a: Garganacl\n|-supereffective|p1a: Garganacl\n|-damage|p1a: Garganacl|187/291\n|\n|-heal|p2a: Dusknoir|198/225|[from] item: Leftovers\n|-heal|p1a: Garganacl|205/291|[from] item: Leftovers\n|-damage|p2a: Dusknoir|170/225|[from] Salt Cure\n|upkeep\n|turn|16\n|inactive|swampnik has 120 seconds left.\n|inactive|Mik4Z has 90 seconds left.\n|\n|t:|1733842697\n|move|p2a: Dusknoir|Poltergeist|p1a: Garganacl\n|-activate|p1a: Garganacl|move: Poltergeist|Leftovers\n|-damage|p1a: Garganacl|178/291\n|move|p1a: Garganacl|Iron Defense|p1a: Garganacl\n|-boost|p1a: Garganacl|def|2\n|\n|-heal|p2a: Dusknoir|184/225|[from] item: Leftovers\n|-heal|p1a: Garganacl|196/291|[from] item: Leftovers\n|-damage|p2a: Dusknoir|156/225|[from] Salt Cure\n|upkeep\n|turn|17\n|inactive|Mik4Z has 60 seconds left.\n|\n|t:|1733842720\n|move|p2a: Dusknoir|Substitute|p2a: Dusknoir\n|-start|p2a: Dusknoir|Substitute\n|-damage|p2a: Dusknoir|100/225\n|move|p1a: Garganacl|Iron Defense|p1a: Garganacl\n|-boost|p1a: Garganacl|def|2\n|\n|-heal|p2a: Dusknoir|114/225|[from] item: Leftovers\n|-heal|p1a: Garganacl|214/291|[from] item: Leftovers\n|-damage|p2a: Dusknoir|86/225|[from] Salt Cure\n|upkeep\n|turn|18\n|inactive|swampnik has 120 seconds left.\n|\n|t:|1733842731\n|-singleturn|p2a: Dusknoir|move: Focus Punch\n|move|p1a: Garganacl|Salt Cure|p2a: Dusknoir\n|-activate|p2a: Dusknoir|move: Substitute|[damage]\n|move|p2a: Dusknoir|Focus Punch|p1a: Garganacl\n|-supereffective|p1a: Garganacl\n|-damage|p1a: Garganacl|164/291\n|\n|-heal|p2a: Dusknoir|100/225|[from] item: Leftovers\n|-heal|p1a: Garganacl|182/291|[from] item: Leftovers\n|-damage|p2a: Dusknoir|72/225|[from] Salt Cure\n|upkeep\n|turn|19\n|inactive|Mik4Z has 60 seconds left.\n|\n|t:|1733842757\n|move|p2a: Dusknoir|Pain Split|p1a: Garganacl\n|-sethp|p1a: Garganacl|127/291|[from] move: Pain Split|[silent]\n|-sethp|p2a: Dusknoir|127/225|[from] move: Pain Split\n|move|p1a: Garganacl|Recover|p1a: Garganacl\n|-heal|p1a: Garganacl|273/291\n|\n|-heal|p2a: Dusknoir|141/225|[from] item: Leftovers\n|-heal|p1a: Garganacl|291/291|[from] item: Leftovers\n|-damage|p2a: Dusknoir|113/225|[from] Salt Cure\n|upkeep\n|turn|20\n|\n|t:|1733842774\n|-singleturn|p2a: Dusknoir|move: Focus Punch\n|move|p1a: Garganacl|Salt Cure|p2a: Dusknoir\n|-end|p2a: Dusknoir|Substitute\n|move|p2a: Dusknoir|Focus Punch|p1a: Garganacl\n|-supereffective|p1a: Garganacl\n|-damage|p1a: Garganacl|245/291\n|\n|-heal|p2a: Dusknoir|127/225|[from] item: Leftovers\n|-heal|p1a: Garganacl|263/291|[from] item: Leftovers\n|-damage|p2a: Dusknoir|99/225|[from] Salt Cure\n|upkeep\n|turn|21\n|\n|t:|1733842784\n|move|p2a: Dusknoir|Substitute|p2a: Dusknoir\n|-start|p2a: Dusknoir|Substitute\n|-damage|p2a: Dusknoir|43/225\n|move|p1a: Garganacl|Salt Cure|p2a: Dusknoir\n|-activate|p2a: Dusknoir|move: Substitute|[damage]\n|\n|-heal|p2a: Dusknoir|57/225|[from] item: Leftovers\n|-heal|p1a: Garganacl|281/291|[from] item: Leftovers\n|-damage|p2a: Dusknoir|29/225|[from] Salt Cure\n|upkeep\n|turn|22\n|\n|t:|1733842786\n|move|p2a: Dusknoir|Pain Split|p1a: Garganacl\n|-sethp|p1a: Garganacl|155/291|[from] move: Pain Split|[silent]\n|-sethp|p2a: Dusknoir|155/225|[from] move: Pain Split\n|move|p1a: Garganacl|Salt Cure|p2a: Dusknoir\n|-end|p2a: Dusknoir|Substitute\n|\n|-heal|p2a: Dusknoir|169/225|[from] item: Leftovers\n|-heal|p1a: Garganacl|173/291|[from] item: Leftovers\n|-damage|p2a: Dusknoir|141/225|[from] Salt Cure\n|upkeep\n|turn|23\n|\n|t:|1733842797\n|move|p2a: Dusknoir|Substitute|p2a: Dusknoir\n|-start|p2a: Dusknoir|Substitute\n|-damage|p2a: Dusknoir|85/225\n|move|p1a: Garganacl|Salt Cure|p2a: Dusknoir\n|-activate|p2a: Dusknoir|move: Substitute|[damage]\n|\n|-heal|p2a: Dusknoir|99/225|[from] item: Leftovers\n|-heal|p1a: Garganacl|191/291|[from] item: Leftovers\n|-damage|p2a: Dusknoir|71/225|[from] Salt Cure\n|upkeep\n|turn|24\n|\n|t:|1733842811\n|move|p2a: Dusknoir|Pain Split|p1a: Garganacl\n|-sethp|p1a: Garganacl|131/291|[from] move: Pain Split|[silent]\n|-sethp|p2a: Dusknoir|131/225|[from] move: Pain Split\n|move|p1a: Garganacl|Salt Cure|p2a: Dusknoir\n|-end|p2a: Dusknoir|Substitute\n|\n|-heal|p2a: Dusknoir|145/225|[from] item: Leftovers\n|-heal|p1a: Garganacl|149/291|[from] item: Leftovers\n|-damage|p2a: Dusknoir|117/225|[from] Salt Cure\n|upkeep\n|turn|25\n|\n|t:|1733842820\n|move|p2a: Dusknoir|Substitute|p2a: Dusknoir\n|-start|p2a: Dusknoir|Substitute\n|-damage|p2a: Dusknoir|61/225\n|move|p1a: Garganacl|Salt Cure|p2a: Dusknoir\n|-activate|p2a: Dusknoir|move: Substitute|[damage]\n|\n|-heal|p2a: Dusknoir|75/225|[from] item: Leftovers\n|-heal|p1a: Garganacl|167/291|[from] item: Leftovers\n|-damage|p2a: Dusknoir|47/225|[from] Salt Cure\n|upkeep\n|turn|26\n|\n|t:|1733842828\n|-singleturn|p2a: Dusknoir|move: Focus Punch\n|move|p1a: Garganacl|Salt Cure|p2a: Dusknoir\n|-activate|p2a: Dusknoir|move: Substitute|[damage]\n|move|p2a: Dusknoir|Focus Punch|p1a: Garganacl\n|-supereffective|p1a: Garganacl\n|-damage|p1a: Garganacl|119/291\n|\n|-heal|p2a: Dusknoir|61/225|[from] item: Leftovers\n|-heal|p1a: Garganacl|137/291|[from] item: Leftovers\n|-damage|p2a: Dusknoir|33/225|[from] Salt Cure\n|upkeep\n|turn|27\n|\n|t:|1733842840\n|move|p2a: Dusknoir|Pain Split|p1a: Garganacl\n|-sethp|p1a: Garganacl|85/291|[from] move: Pain Split|[silent]\n|-sethp|p2a: Dusknoir|85/225|[from] move: Pain Split\n|move|p1a: Garganacl|Salt Cure|p2a: Dusknoir\n|-end|p2a: Dusknoir|Substitute\n|\n|-heal|p2a: Dusknoir|99/225|[from] item: Leftovers\n|-heal|p1a: Garganacl|103/291|[from] item: Leftovers\n|-damage|p2a: Dusknoir|71/225|[from] Salt Cure\n|upkeep\n|turn|28\n|\n|t:|1733842847\n|move|p2a: Dusknoir|Substitute|p2a: Dusknoir\n|-start|p2a: Dusknoir|Substitute\n|-damage|p2a: Dusknoir|15/225\n|move|p1a: Garganacl|Salt Cure|p2a: Dusknoir\n|-activate|p2a: Dusknoir|move: Substitute|[damage]\n|\n|-heal|p2a: Dusknoir|29/225|[from] item: Leftovers\n|-heal|p1a: Garganacl|121/291|[from] item: Leftovers\n|-damage|p2a: Dusknoir|1/225|[from] Salt Cure\n|upkeep\n|turn|29\n|\n|t:|1733842852\n|move|p2a: Dusknoir|Pain Split|p1a: Garganacl\n|-sethp|p1a: Garganacl|61/291|[from] move: Pain Split|[silent]\n|-sethp|p2a: Dusknoir|61/225|[from] move: Pain Split\n|move|p1a: Garganacl|Salt Cure|p2a: Dusknoir\n|-end|p2a: Dusknoir|Substitute\n|\n|-heal|p2a: Dusknoir|75/225|[from] item: Leftovers\n|-heal|p1a: Garganacl|79/291|[from] item: Leftovers\n|-damage|p2a: Dusknoir|47/225|[from] Salt Cure\n|upkeep\n|turn|30\n|\n|t:|1733842864\n|move|p2a: Dusknoir|Poltergeist|p1a: Garganacl\n|-activate|p1a: Garganacl|move: Poltergeist|Leftovers\n|-damage|p1a: Garganacl|66/291\n|move|p1a: Garganacl|Salt Cure|p2a: Dusknoir\n|-damage|p2a: Dusknoir|17/225\n|\n|-heal|p2a: Dusknoir|31/225|[from] item: Leftovers\n|-heal|p1a: Garganacl|84/291|[from] item: Leftovers\n|-damage|p2a: Dusknoir|3/225|[from] Salt Cure\n|upkeep\n|turn|31\n|\n|t:|1733842878\n|move|p2a: Dusknoir|Pain Split|p1a: Garganacl\n|-sethp|p1a: Garganacl|43/291|[from] move: Pain Split|[silent]\n|-sethp|p2a: Dusknoir|43/225|[from] move: Pain Split\n|move|p1a: Garganacl|Salt Cure|p2a: Dusknoir\n|-damage|p2a: Dusknoir|13/225\n|\n|-heal|p2a: Dusknoir|27/225|[from] item: Leftovers\n|-heal|p1a: Garganacl|61/291|[from] item: Leftovers\n|-damage|p2a: Dusknoir|0 fnt|[from] Salt Cure\n|faint|p2a: Dusknoir\n|upkeep\n|\n|t:|1733842889\n|switch|p2a: Girafarig|Girafarig, L89, F|201/269\n|turn|32\n|\n|t:|1733842899\n|-terastallize|p1a: Garganacl|Dragon\n|move|p2a: Girafarig|Thunderbolt|p1a: Garganacl\n|-resisted|p1a: Garganacl\n|-damage|p1a: Garganacl|25/291\n|move|p1a: Garganacl|Recover|p1a: Garganacl\n|-heal|p1a: Garganacl|171/291\n|\n|-heal|p1a: Garganacl|189/291|[from] item: Leftovers\n|upkeep\n|turn|33\n|\n|t:|1733842911\n|move|p2a: Girafarig|Hyper Voice|p1a: Garganacl\n|-damage|p1a: Garganacl|77/291\n|move|p1a: Garganacl|Body Press|p2a: Girafarig\n|-damage|p2a: Girafarig|0 fnt\n|faint|p2a: Girafarig\n|\n|-heal|p1a: Garganacl|95/291|[from] item: Leftovers\n|upkeep\n|\n|t:|1733842930\n|switch|p2a: Mabosstiff|Mabosstiff, L86, M|278/278\n|turn|34\n|\n|t:|1733842936\n|move|p2a: Mabosstiff|Play Rough|p1a: Garganacl|[miss]\n|-miss|p2a: Mabosstiff|p1a: Garganacl\n|move|p1a: Garganacl|Body Press|p2a: Mabosstiff\n|-supereffective|p2a: Mabosstiff\n|-damage|p2a: Mabosstiff|0 fnt\n|faint|p2a: Mabosstiff\n|\n|win|Mik4Z\n|raw|Mik4Z's rating: 1379 &rarr; <strong>1400</strong><br />(+21 for winning)\n|raw|swampnik's rating: 1394 &rarr; <strong>1373</strong><br />(-21 for losing)\n|c|\u2606swampnik|gg\n|l|\u2606swampnik\n|player|p2|\n", "inputlog": ">version bfd83cad13791eb5a5a409923076391caf6fb4d4\n>start {\"formatid\":\"gen9randombattle\",\"seed\":[42062,36394,31426,17048],\"rated\":\"Rated battle\"}\n>player p1 {\"name\":\"Mik4Z\",\"avatar\":\"102\",\"rating\":1379,\"seed\":[52989,42276,58846,30583]}\n>player p2 {\"name\":\"swampnik\",\"avatar\":\"miku-water\",\"rating\":1394,\"seed\":[12176,60279,24315,52407]}\n>p1 move knockoff\n>p2 move stealthrock\n>p1 move drainpunch\n>p2 move fireblast\n>p2 switch 2\n>p1 move earthquake\n>p2 move overheat\n>chat \u2606swampnik|love this game\n>p1 move earthquake\n>p2 switch 3\n>p1 move icehammer\n>p2 move earthquake\n>p1 switch 3\n>p1 move moonblast\n>p2 move dragondance\n>p1 move moonblast\n>p2 move earthquake terastallize\n>p1 switch 2\n>p1 move grassyglide\n>p2 switch 3\n>p2 switch 4\n>p1 switch 4\n>p2 move nastyplot\n>p1 move saltcure\n>p2 move thunderbolt\n>p1 move recover\n>p2 move thunderbolt\n>p1 move irondefense\n>p2 switch 3\n>p1 move bodypress\n>p2 move earthquake\n>p2 switch 5\n>p1 move saltcure\n>p2 move poltergeist\n>p1 move recover\n>p2 move focuspunch\n>p1 move irondefense\n>p2 move poltergeist\n>p1 move irondefense\n>p2 move substitute\n>p1 move saltcure\n>p2 move focuspunch\n>p1 move recover\n>p2 move painsplit\n>p1 move saltcure\n>p2 move focuspunch\n>p1 move saltcure\n>p2 move substitute\n>p1 move saltcure\n>p2 move painsplit\n>p1 move saltcure\n>p2 move substitute\n>p1 move saltcure\n>p2 move painsplit\n>p1 move saltcure\n>p2 move substitute\n>p1 move saltcure\n>p2 move focuspunch\n>p1 move saltcure\n>p2 move painsplit\n>p1 move saltcure\n>p2 move substitute\n>p1 move saltcure\n>p2 move painsplit\n>p1 move saltcure\n>p2 move poltergeist\n>p1 move saltcure\n>p2 move painsplit\n>p2 switch 3\n>p1 move recover terastallize\n>p2 move thunderbolt\n>p1 move bodypress\n>p2 move hypervoice\n>p2 switch 6\n>p1 move bodypress\n>p2 move playrough", "uploadtime": 1733842943, "views": 2, "formatid": "gen9randombattle", "rating": 1373, "private": 0, "password": null}