{"id": "gen9randombattle-2260517054", "format": "[Gen 9] Random Battle", "players": ["BlueCatWhiteHat", "purenano42"], "log": "|j|\u2606BlueCatWhiteHat\n|j|\u2606purenano42\n|t:|1733859250\n|gametype|singles\n|player|p1|BlueCatWhiteHat|ghetsis-gen5bw|1429\n|player|p2|purenano42|169|1428\n|teamsize|p1|6\n|teamsize|p2|6\n|gen|9\n|tier|[Gen 9] Random Battle\n|rated|\n|rule|Species Clause: Limit one of each Pok\u00e9mon\n|rule|HP Percentage Mod: HP is shown in percentages\n|rule|Sleep Clause Mod: Limit one foe put to sleep\n|rule|Illusion Level Mod: Illusion disguises the Pok\u00e9mon's true level\n|\n|t:|1733859250\n|start\n|switch|p1a: Rayquaza|Rayquaza, L72|270/270\n|switch|p2a: Gumshoos|Gumshoos, L95, M|321/321\n|-ability|p1a: Rayquaza|Air Lock\n|turn|1\n|inactive|Battle timer is ON: inactive players will automatically lose when time's up. (requested by BlueCatWhiteHat)\n|\n|t:|1733859258\n|move|p1a: Rayquaza|U-turn|p2a: Gumshoos\n|-damage|p2a: Gumshoos|226/321\n|\n|t:|1733859263\n|switch|p1a: Basculegion|Basculegion-F, L83, F|335/335|[from] U-turn\n|move|p2a: Gumshoos|Double-Edge|p1a: Basculegion\n|-immune|p1a: Basculegion\n|\n|upkeep\n|turn|2\n|\n|t:|1733859289\n|switch|p2a: Sinistcha|Sinistcha, L83|254/254\n|move|p1a: Basculegion|Flip Turn|p2a: Sinistcha\n|-resisted|p2a: Sinistcha\n|-damage|p2a: Sinistcha|217/254\n|\n|t:|1733859305\n|switch|p1a: Rayquaza|Rayquaza, L72|270/270|[from] Flip Turn\n|-ability|p1a: Rayquaza|Air Lock\n|\n|-heal|p2a: Sinistcha|232/254|[from] item: Leftovers\n|upkeep\n|turn|3\n|\n|t:|1733859318\n|move|p1a: Rayquaza|Dragon Ascent|p2a: Sinistcha\n|-supereffective|p2a: Sinistcha\n|-damage|p2a: Sinistcha|0 fnt\n|-unboost|p1a: Rayquaza|def|1\n|-unboost|p1a: Rayquaza|spd|1\n|faint|p2a: Sinistcha\n|\n|upkeep\n|\n|t:|1733859322\n|switch|p2a: Cobalion|Cobalion, L80|277/277\n|turn|4\n|\n|t:|1733859347\n|switch|p1a: Bruxish|Bruxish, L85, M|254/254\n|move|p2a: Cobalion|Iron Defense|p2a: Cobalion\n|-boost|p2a: Cobalion|def|2\n|\n|upkeep\n|turn|5\n|\n|t:|1733859356\n|move|p2a: Cobalion|Body Press|p1a: Bruxish\n|-resisted|p1a: Bruxish\n|-damage|p1a: Bruxish|136/254\n|move|p1a: Bruxish|Psychic Fangs|p2a: Cobalion\n|-damage|p2a: Cobalion|196/277\n|\n|-heal|p2a: Cobalion|213/277|[from] item: Leftovers\n|upkeep\n|turn|6\n|\n|t:|1733859363\n|move|p2a: Cobalion|Iron Defense|p2a: Cobalion\n|-boost|p2a: Cobalion|def|2\n|move|p1a: Bruxish|Psychic Fangs|p2a: Cobalion\n|-damage|p2a: Cobalion|159/277\n|\n|-heal|p2a: Cobalion|176/277|[from] item: Leftovers\n|upkeep\n|turn|7\n|\n|t:|1733859368\n|move|p2a: Cobalion|Iron Defense|p2a: Cobalion\n|-boost|p2a: Cobalion|def|2\n|move|p1a: Bruxish|Psychic Fangs|p2a: Cobalion\n|-damage|p2a: Cobalion|136/277\n|\n|-heal|p2a: Cobalion|153/277|[from] item: Leftovers\n|upkeep\n|turn|8\n|\n|t:|1733859375\n|move|p2a: Cobalion|Body Press|p1a: Bruxish\n|-resisted|p1a: Bruxish\n|-damage|p1a: Bruxish|0 fnt\n|faint|p1a: Bruxish\n|\n|-heal|p2a: Cobalion|170/277|[from] item: Leftovers\n|upkeep\n|\n|t:|1733859382\n|switch|p1a: Reshiram|Reshiram, L76|277/277\n|-ability|p1a: Reshiram|Turboblaze\n|turn|9\n|\n|t:|1733859400\n|move|p2a: Cobalion|Body Press|p1a: Reshiram\n|-damage|p1a: Reshiram|0 fnt\n|faint|p1a: Reshiram\n|\n|-heal|p2a: Cobalion|187/277|[from] item: Leftovers\n|upkeep\n|l|\u2606BlueCatWhiteHat\n|inactive|BlueCatWhiteHat disconnected and has a minute to reconnect!\n|player|p1|\n|j|\u2606BlueCatWhiteHat\n|inactive|BlueCatWhiteHat reconnected and has 120 seconds left.\n|player|p1|BlueCatWhiteHat|ghetsis-gen5bw|\n|\n|t:|1733859434\n|switch|p1a: Regieleki|Regieleki, L79|256/256\n|turn|10\n|inactive|BlueCatWhiteHat has 120 seconds left.\n|\n|t:|1733859441\n|move|p1a: Regieleki|Thunderbolt|p2a: Cobalion\n|-damage|p2a: Cobalion|16/277\n|move|p2a: Cobalion|Body Press|p1a: Regieleki\n|-damage|p1a: Regieleki|0 fnt\n|faint|p1a: Regieleki\n|\n|-heal|p2a: Cobalion|33/277|[from] item: Leftovers\n|upkeep\n|inactive|BlueCatWhiteHat has 120 seconds left.\n|\n|t:|1733859449\n|switch|p1a: Thundurus|Thundurus-Therian, L80, M|258/258\n|turn|11\n|\n|t:|1733859455\n|move|p2a: Cobalion|Body Press|p1a: Thundurus\n|-resisted|p1a: Thundurus\n|-damage|p1a: Thundurus|22/258\n|move|p1a: Thundurus|Thunderbolt|p2a: Cobalion\n|-damage|p2a: Cobalion|0 fnt\n|faint|p2a: Cobalion\n|\n|upkeep\n|\n|t:|1733859462\n|switch|p2a: Luvdisc|Luvdisc, F|247/247\n|turn|12\n|\n|t:|1733859464\n|move|p2a: Luvdisc|Surf|p1a: Thundurus\n|-damage|p1a: Thundurus|0 fnt\n|faint|p1a: Thundurus\n|\n|upkeep\n|\n|t:|1733859474\n|switch|p1a: Rayquaza|Rayquaza, L72|270/270\n|-ability|p1a: Rayquaza|Air Lock\n|turn|13\n|\n|t:|1733859487\n|move|p2a: Luvdisc|Whirlpool|p1a: Rayquaza\n|-resisted|p1a: Rayquaza\n|-damage|p1a: Rayquaza|255/270\n|-activate|p1a: Rayquaza|move: Whirlpool|[of] p2a: Luvdisc\n|move|p1a: Rayquaza|Dragon Ascent|p2a: Luvdisc\n|-crit|p2a: Luvdisc\n|-damage|p2a: Luvdisc|0 fnt\n|-unboost|p1a: Rayquaza|def|1\n|-unboost|p1a: Rayquaza|spd|1\n|faint|p2a: Luvdisc\n|\n|-end|p1a: Rayquaza|Whirlpool|[partiallytrapped]|[silent]\n|upkeep\n|\n|t:|1733859508\n|switch|p2a: Gumshoos|Gumshoos, L95, M|226/321\n|turn|14\n|\n|t:|1733859518\n|move|p1a: Rayquaza|Dragon Ascent|p2a: Gumshoos\n|-damage|p2a: Gumshoos|0 fnt\n|-unboost|p1a: Rayquaza|def|1\n|-unboost|p1a: Rayquaza|spd|1\n|faint|p2a: Gumshoos\n|\n|upkeep\n|\n|t:|1733859531\n|switch|p2a: Basculegion|Basculegion, L81, M|327/327\n|turn|15\n|\n|t:|1733859554\n|switch|p1a: Basculegion|Basculegion-F, L83, F|335/335\n|move|p2a: Basculegion|Shadow Ball|p1a: Basculegion\n|-supereffective|p1a: Basculegion\n|-damage|p1a: Basculegion|143/335\n|\n|upkeep\n|turn|16\n|\n|t:|1733859563\n|-terastallize|p2a: Basculegion|Water\n|move|p1a: Basculegion|Shadow Ball|p2a: Basculegion\n|-damage|p2a: Basculegion|185/327\n|move|p2a: Basculegion|Shadow Ball|p1a: Basculegion\n|-supereffective|p1a: Basculegion\n|-damage|p1a: Basculegion|0 fnt\n|faint|p1a: Basculegion\n|\n|upkeep\n|\n|t:|1733859570\n|switch|p1a: Rayquaza|Rayquaza, L72|255/270\n|-ability|p1a: Rayquaza|Air Lock\n|turn|17\n|\n|t:|1733859578\n|-terastallize|p1a: Rayquaza|Normal\n|move|p1a: Rayquaza|Dragon Ascent|p2a: Basculegion\n|-damage|p2a: Basculegion|0 fnt\n|-unboost|p1a: Rayquaza|def|1\n|-unboost|p1a: Rayquaza|spd|1\n|faint|p2a: Basculegion\n|\n|upkeep\n|\n|t:|1733859580\n|switch|p2a: Blissey|Blissey, L84, F|566/566\n|turn|18\n|\n|t:|1733859585\n|move|p1a: Rayquaza|Dragon Ascent|p2a: Blissey\n|-damage|p2a: Blissey|0 fnt\n|-unboost|p1a: Rayquaza|def|1\n|-unboost|p1a: Rayquaza|spd|1\n|faint|p2a: Blissey\n|\n|win|BlueCatWhiteHat\n|raw|BlueCatWhiteHat's rating: 1429 &rarr; <strong>1450</strong><br />(+21 for winning)\n|raw|purenano42's rating: 1450 &rarr; <strong>1429</strong><br />(-21 for losing)\n", "inputlog": ">version bfd83cad13791eb5a5a409923076391caf6fb4d4\n>start {\"formatid\":\"gen9randombattle\",\"seed\":[32449,63318,29352,25867],\"rated\":\"Rated battle\"}\n>player p1 {\"name\":\"BlueCatWhiteHat\",\"avatar\":\"ghetsis-gen5bw\",\"rating\":1429,\"seed\":[21616,46927,62455,62168]}\n>player p2 {\"name\":\"purenano42\",\"avatar\":\"169\",\"rating\":1428,\"seed\":[57290,8564,29317,33563]}\n>p1 move uturn\n>p2 move doubleedge\n>p1 switch 6\n>p1 move flipturn\n>p2 switch 5\n>p1 switch 6\n>p1 move dragonascent\n>p2 move strengthsap\n>p2 switch 2\n>p1 switch 5\n>p2 move irondefense\n>p1 move psychicfangs\n>p2 move bodypress\n>p1 move psychicfangs\n>p2 move irondefense\n>p1 move psychicfangs\n>p2 move irondefense\n>p1 move psychicfangs\n>p2 move bodypress\n>p1 switch 2\n>p1 move dragondance\n>p2 move bodypress\n>p1 switch 4\n>p1 move thunderbolt\n>p2 move bodypress\n>p1 switch 3\n>p1 move thunderbolt\n>p2 move bodypress\n>p2 switch 6\n>p1 move thunderbolt\n>p2 move surf\n>p1 switch 5\n>p1 move dragonascent\n>p2 move whirlpool\n>p2 switch 5\n>p1 move dragonascent\n>p2 move knockoff\n>p2 switch 4\n>p1 switch 6\n>p2 move shadowball\n>p1 move shadowball\n>p2 move shadowball terastallize\n>p1 switch 6\n>p1 move dragonascent terastallize\n>p2 move shadowball\n>p2 switch 3\n>p1 move dragonascent\n>p2 move thunderwave", "uploadtime": 1733859587, "views": 1, "formatid": "gen9randombattle", "rating": 1429, "private": 0, "password": null}