{"id": "gen9randombattle-2040081944", "format": "[Gen 9] Random Battle", "players": ["zap", "Baromether"], "log": "|j|\u2606zap\n|j|\u2606Baromether\n|t:|1705795310\n|gametype|singles\n|player|p1|zap|#zap|2257\n|player|p2|Baromether|dawn-gen4pt|2265\n|teamsize|p1|6\n|teamsize|p2|6\n|gen|9\n|tier|[Gen 9] Random Battle\n|rated|\n|rule|Species Clause: Limit one of each Pok\u00e9mon\n|rule|HP Percentage Mod: HP is shown in percentages\n|rule|Sleep Clause Mod: Limit one foe put to sleep\n|rule|Illusion Level Mod: Illusion disguises the Pok\u00e9mon's true level\n|\n|t:|1705795310\n|start\n|switch|p1a: Vespiquen|Vespiquen, L98, F|296/296\n|switch|p2a: Basculin|Basculin, L87, M|264/264\n|-ability|p1a: Vespiquen|Pressure\n|turn|1\n|inactive|Battle timer is ON: inactive players will automatically lose when time's up. (requested by Baromether)\n|\n|t:|1705795337\n|move|p2a: Basculin|Flip Turn|p1a: Vespiquen\n|-damage|p1a: Vespiquen|196/296\n|\n|t:|1705795359\n|switch|p2a: Hitmontop|Hitmontop, L89, M|234/234|[from] Flip Turn\n|-ability|p2a: Hitmontop|Intimidate|boost\n|-unboost|p1a: Vespiquen|atk|1\n|move|p1a: Vespiquen|Roost|p1a: Vespiquen\n|-heal|p1a: Vespiquen|296/296\n|-singleturn|p1a: Vespiquen|move: Roost\n|\n|upkeep\n|turn|2\n|\n|t:|1705795371\n|switch|p1a: Pecharunt|Pecharunt, L78|265/265\n|move|p2a: Hitmontop|Stone Edge|p1a: Pecharunt\n|-damage|p1a: Pecharunt|212/265\n|\n|-heal|p1a: Pecharunt|228/265|[from] item: Leftovers\n|upkeep\n|turn|3\n|inactive|Baromether has 120 seconds left.\n|\n|t:|1705795407\n|switch|p2a: Lucario|Lucario, L84, M|255/255\n|move|p1a: Pecharunt|Malignant Chain|p2a: Lucario\n|-immune|p2a: Lucario\n|\n|-heal|p1a: Pecharunt|244/265|[from] item: Leftovers\n|upkeep\n|turn|4\n|\n|t:|1705795423\n|move|p2a: Lucario|Nasty Plot|p2a: Lucario\n|-boost|p2a: Lucario|spa|2\n|move|p1a: Pecharunt|Shadow Ball|p2a: Lucario\n|-damage|p2a: Lucario|171/255\n|\n|-heal|p1a: Pecharunt|260/265|[from] item: Leftovers\n|upkeep\n|turn|5\n|\n|t:|1705795442\n|switch|p1a: Vespiquen|Vespiquen, L98, F|296/296\n|-ability|p1a: Vespiquen|Pressure\n|move|p2a: Lucario|Flash Cannon|p1a: Vespiquen\n|-damage|p1a: Vespiquen|108/296\n|-unboost|p1a: Vespiquen|spd|1\n|-damage|p2a: Lucario|146/255|[from] item: Life Orb\n|\n|upkeep\n|turn|6\n|inactive|Baromether has 120 seconds left.\n|\n|t:|1705795452\n|move|p2a: Lucario|Flash Cannon|p1a: Vespiquen\n|-damage|p1a: Vespiquen|0 fnt\n|faint|p1a: Vespiquen\n|-damage|p2a: Lucario|121/255|[from] item: Life Orb\n|\n|upkeep\n|\n|t:|1705795457\n|switch|p1a: Miraidon|Miraidon, L65|238/238\n|-fieldstart|move: Electric Terrain|[from] ability: Hadron Engine|[of] p1a: Miraidon\n|turn|7\n|inactive|Baromether has 120 seconds left.\n|\n|t:|1705795480\n|switch|p2a: Abomasnow|Abomasnow, L86, F|295/295\n|-weather|Snow|[from] ability: Snow Warning|[of] p2a: Abomasnow\n|move|p1a: Miraidon|Electro Drift|p2a: Abomasnow\n|-resisted|p2a: Abomasnow\n|-damage|p2a: Abomasnow|224/295\n|\n|-weather|Snow|[upkeep]\n|upkeep\n|turn|8\n|\n|t:|1705795488\n|switch|p1a: Hitmonchan|Hitmonchan, L87, M|229/229\n|move|p2a: Abomasnow|Aurora Veil|p2a: Abomasnow\n|-sidestart|p2: Baromether|move: Aurora Veil\n|\n|-weather|Snow|[upkeep]\n|upkeep\n|turn|9\n|inactive|Baromether has 120 seconds left.\n|\n|t:|1705795520\n|switch|p2a: Basculin|Basculin, L87, M|264/264\n|move|p1a: Hitmonchan|Swords Dance|p1a: Hitmonchan\n|-boost|p1a: Hitmonchan|atk|2\n|\n|-weather|Snow|[upkeep]\n|upkeep\n|turn|10\n|\n|t:|1705795530\n|switch|p1a: Dewgong|Dewgong, L91, F|312/312\n|move|p2a: Basculin|Wave Crash|p1a: Dewgong\n|-resisted|p1a: Dewgong\n|-damage|p1a: Dewgong|230/312\n|-damage|p2a: Basculin|237/264|[from] Recoil\n|\n|-weather|Snow|[upkeep]\n|upkeep\n|turn|11\n|inactive|Baromether has 90 seconds left.\n|\n|t:|1705795557\n|switch|p2a: Lucario|Lucario, L84, M|121/255\n|switch|p1a: Hitmonchan|Hitmonchan, L87, M|229/229\n|\n|-weather|none\n|-fieldend|move: Electric Terrain\n|upkeep\n|turn|12\n|inactive|Baromether has 90 seconds left.\n|\n|t:|1705795589\n|switch|p2a: Basculin|Basculin, L87, M|237/264\n|move|p1a: Hitmonchan|Drain Punch|p2a: Basculin\n|-damage|p2a: Basculin|170/264\n|\n|upkeep\n|turn|13\n|\n|t:|1705795608\n|switch|p1a: Dewgong|Dewgong, L91, F|230/312\n|move|p2a: Basculin|Wave Crash|p1a: Dewgong\n|-resisted|p1a: Dewgong\n|-damage|p1a: Dewgong|99/312\n|-damage|p2a: Basculin|127/264|[from] Recoil\n|\n|upkeep\n|turn|14\n|\n|t:|1705795615\n|move|p2a: Basculin|Wave Crash|p1a: Dewgong\n|-resisted|p1a: Dewgong\n|-damage|p1a: Dewgong|0 fnt\n|faint|p1a: Dewgong\n|-damage|p2a: Basculin|94/264|[from] Recoil\n|\n|upkeep\n|\n|t:|1705795632\n|switch|p1a: Miraidon|Miraidon, L65|238/238\n|-fieldstart|move: Electric Terrain|[from] ability: Hadron Engine|[of] p1a: Miraidon\n|turn|15\n|\n|t:|1705795647\n|switch|p2a: Abomasnow|Abomasnow, L86, F|224/295\n|-weather|Snow|[from] ability: Snow Warning|[of] p2a: Abomasnow\n|move|p1a: Miraidon|Electro Drift|p2a: Abomasnow\n|-resisted|p2a: Abomasnow\n|-damage|p2a: Abomasnow|187/295\n|\n|-weather|Snow|[upkeep]\n|-sideend|p2: Baromether|move: Aurora Veil\n|upkeep\n|turn|16\n|\n|t:|1705795656\n|move|p1a: Miraidon|Calm Mind|p1a: Miraidon\n|-boost|p1a: Miraidon|spa|1\n|-boost|p1a: Miraidon|spd|1\n|move|p2a: Abomasnow|Aurora Veil|p2a: Abomasnow\n|-sidestart|p2: Baromether|move: Aurora Veil\n|\n|-weather|Snow|[upkeep]\n|upkeep\n|turn|17\n|\n|t:|1705795660\n|move|p1a: Miraidon|Substitute|p1a: Miraidon\n|-start|p1a: Miraidon|Substitute\n|-damage|p1a: Miraidon|179/238\n|move|p2a: Abomasnow|Blizzard|p1a: Miraidon\n|-supereffective|p1a: Miraidon\n|-end|p1a: Miraidon|Substitute\n|\n|-weather|Snow|[upkeep]\n|-heal|p1a: Miraidon|193/238|[from] item: Leftovers\n|upkeep\n|turn|18\n|\n|t:|1705795672\n|move|p2a: Abomasnow|Ice Shard|p1a: Miraidon\n|-supereffective|p1a: Miraidon\n|-damage|p1a: Miraidon|89/238\n|move|p1a: Miraidon|Substitute|p1a: Miraidon\n|-start|p1a: Miraidon|Substitute\n|-damage|p1a: Miraidon|30/238\n|\n|-weather|Snow|[upkeep]\n|-heal|p1a: Miraidon|44/238|[from] item: Leftovers\n|upkeep\n|turn|19\n|\n|t:|1705795679\n|move|p1a: Miraidon|Draco Meteor|p2a: Abomasnow\n|-damage|p2a: Abomasnow|76/295\n|-unboost|p1a: Miraidon|spa|2\n|move|p2a: Abomasnow|Blizzard|p1a: Miraidon\n|-supereffective|p1a: Miraidon\n|-end|p1a: Miraidon|Substitute\n|\n|-weather|none\n|-heal|p1a: Miraidon|58/238|[from] item: Leftovers\n|-fieldend|move: Electric Terrain\n|upkeep\n|turn|20\n|\n|t:|1705795684\n|switch|p1a: Hitmonchan|Hitmonchan, L87, M|229/229\n|move|p2a: Abomasnow|Ice Shard|p1a: Hitmonchan\n|-damage|p1a: Hitmonchan|187/229\n|\n|-heal|p1a: Hitmonchan|201/229|[from] item: Leftovers\n|upkeep\n|turn|21\n|\n|t:|1705795700\n|switch|p2a: Polteageist|Polteageist, L79|224/224\n|move|p1a: Hitmonchan|Rapid Spin|p2a: Polteageist\n|-immune|p2a: Polteageist\n|\n|-heal|p1a: Hitmonchan|215/229|[from] item: Leftovers\n|upkeep\n|turn|22\n|\n|t:|1705795717\n|move|p1a: Hitmonchan|Swords Dance|p1a: Hitmonchan\n|-boost|p1a: Hitmonchan|atk|2\n|move|p2a: Polteageist|Shell Smash|p2a: Polteageist\n|-unboost|p2a: Polteageist|def|1\n|-unboost|p2a: Polteageist|spd|1\n|-boost|p2a: Polteageist|atk|2\n|-boost|p2a: Polteageist|spa|2\n|-boost|p2a: Polteageist|spe|2\n|-enditem|p2a: Polteageist|White Herb\n|-clearnegativeboost|p2a: Polteageist|[silent]\n|\n|-heal|p1a: Hitmonchan|229/229|[from] item: Leftovers\n|upkeep\n|turn|23\n|inactive|Baromether has 90 seconds left.\n|\n|t:|1705795741\n|-terastallize|p1a: Hitmonchan|Dark\n|move|p2a: Polteageist|Stored Power|p1a: Hitmonchan\n|-immune|p1a: Hitmonchan\n|move|p1a: Hitmonchan|Knock Off|p2a: Polteageist\n|-supereffective|p2a: Polteageist\n|-damage|p2a: Polteageist|2/224\n|-start|p1a: Hitmonchan|Disable|Knock Off|[from] ability: Cursed Body|[of] p2a: Polteageist\n|\n|-sideend|p2: Baromether|move: Aurora Veil\n|upkeep\n|turn|24\n|\n|t:|1705795751\n|switch|p1a: Miraidon|Miraidon, L65|58/238\n|-fieldstart|move: Electric Terrain|[from] ability: Hadron Engine|[of] p1a: Miraidon\n|move|p2a: Polteageist|Strength Sap|p1a: Miraidon\n|-unboost|p1a: Miraidon|atk|1\n|-heal|p2a: Polteageist|117/224\n|\n|-heal|p1a: Miraidon|72/238|[from] item: Leftovers\n|upkeep\n|turn|25\n|\n|t:|1705795763\n|move|p2a: Polteageist|Shadow Ball|p1a: Miraidon\n|-damage|p1a: Miraidon|0 fnt\n|faint|p1a: Miraidon\n|\n|upkeep\n|\n|t:|1705795766\n|switch|p1a: Hitmonchan|Hitmonchan, L87, M, tera:Dark|229/229\n|turn|26\n|\n|t:|1705795779\n|move|p2a: Polteageist|Strength Sap|p1a: Hitmonchan\n|-unboost|p1a: Hitmonchan|atk|1\n|-heal|p2a: Polteageist|224/224\n|move|p1a: Hitmonchan|Swords Dance|p1a: Hitmonchan\n|-boost|p1a: Hitmonchan|atk|2\n|\n|upkeep\n|turn|27\n|inactive|Baromether has 120 seconds left.\n|\n|t:|1705795797\n|switch|p2a: Hitmontop|Hitmontop, L89, M|234/234\n|-ability|p2a: Hitmontop|Intimidate|boost\n|-unboost|p1a: Hitmonchan|atk|1\n|move|p1a: Hitmonchan|Knock Off|p2a: Hitmontop\n|-resisted|p2a: Hitmontop\n|-damage|p2a: Hitmontop|187/234\n|-enditem|p2a: Hitmontop|Assault Vest|[from] move: Knock Off|[of] p1a: Hitmonchan\n|\n|upkeep\n|turn|28\n|\n|t:|1705795808\n|switch|p1a: Pecharunt|Pecharunt, L78|260/265\n|move|p2a: Hitmontop|Earthquake|p1a: Pecharunt\n|-supereffective|p1a: Pecharunt\n|-damage|p1a: Pecharunt|154/265\n|\n|-heal|p1a: Pecharunt|170/265|[from] item: Leftovers\n|-fieldend|move: Electric Terrain\n|upkeep\n|turn|29\n|\n|t:|1705795827\n|switch|p2a: Lucario|Lucario, L84, M|121/255\n|move|p1a: Pecharunt|Shadow Ball|p2a: Lucario\n|-damage|p2a: Lucario|42/255\n|\n|-heal|p1a: Pecharunt|186/265|[from] item: Leftovers\n|upkeep\n|turn|30\n|\n|t:|1705795836\n|move|p2a: Lucario|Flash Cannon|p1a: Pecharunt\n|-damage|p1a: Pecharunt|57/265\n|-damage|p2a: Lucario|17/255|[from] item: Life Orb\n|move|p1a: Pecharunt|Shadow Ball|p2a: Lucario\n|-damage|p2a: Lucario|0 fnt\n|faint|p2a: Lucario\n|\n|-heal|p1a: Pecharunt|73/265|[from] item: Leftovers\n|upkeep\n|\n|t:|1705795862\n|switch|p2a: Darkrai|Darkrai, L76|231/231\n|turn|31\n|\n|t:|1705795867\n|-terastallize|p2a: Darkrai|Poison\n|move|p2a: Darkrai|Nasty Plot|p2a: Darkrai\n|-boost|p2a: Darkrai|spa|2\n|move|p1a: Pecharunt|Malignant Chain|p2a: Darkrai\n|-resisted|p2a: Darkrai\n|-damage|p2a: Darkrai|183/231\n|\n|-heal|p1a: Pecharunt|89/265|[from] item: Leftovers\n|upkeep\n|turn|32\n|\n|t:|1705795874\n|move|p2a: Darkrai|Dark Pulse|p1a: Pecharunt\n|-supereffective|p1a: Pecharunt\n|-damage|p1a: Pecharunt|0 fnt\n|faint|p1a: Pecharunt\n|-damage|p2a: Darkrai|160/231|[from] item: Life Orb\n|\n|upkeep\n|\n|t:|1705795877\n|switch|p1a: Hitmonchan|Hitmonchan, L87, M, tera:Dark|229/229\n|turn|33\n|\n|t:|1705795882\n|move|p2a: Darkrai|Sludge Bomb|p1a: Hitmonchan\n|-damage|p1a: Hitmonchan|11/229\n|-damage|p2a: Darkrai|137/231|[from] item: Life Orb\n|move|p1a: Hitmonchan|Rapid Spin|p2a: Darkrai\n|-damage|p2a: Darkrai|96/231\n|-boost|p1a: Hitmonchan|spe|1\n|\n|-heal|p1a: Hitmonchan|25/229|[from] item: Leftovers\n|upkeep\n|turn|34\n|inactive|Baromether has 120 seconds left.\n|\n|t:|1705795898\n|switch|p2a: Hitmontop|Hitmontop, L89, M|187/234\n|-ability|p2a: Hitmontop|Intimidate|boost\n|-unboost|p1a: Hitmonchan|atk|1\n|move|p1a: Hitmonchan|Knock Off|p2a: Hitmontop\n|-resisted|p2a: Hitmontop\n|-damage|p2a: Hitmontop|166/234\n|\n|-heal|p1a: Hitmonchan|39/229|[from] item: Leftovers\n|upkeep\n|turn|35\n|\n|t:|1705795907\n|move|p1a: Hitmonchan|Drain Punch|p2a: Hitmontop\n|-damage|p2a: Hitmontop|102/234\n|-heal|p1a: Hitmonchan|71/229|[from] drain|[of] p2a: Hitmontop\n|move|p2a: Hitmontop|Earthquake|p1a: Hitmonchan\n|-damage|p1a: Hitmonchan|0 fnt\n|faint|p1a: Hitmonchan\n|\n|upkeep\n|\n|t:|1705795911\n|switch|p1a: Feraligatr|Feraligatr, L80, F|267/267\n|turn|36\n|\n|t:|1705795916\n|move|p2a: Hitmontop|Close Combat|p1a: Feraligatr\n|-damage|p1a: Feraligatr|138/267\n|-unboost|p2a: Hitmontop|def|1\n|-unboost|p2a: Hitmontop|spd|1\n|move|p1a: Feraligatr|Swords Dance|p1a: Feraligatr\n|-boost|p1a: Feraligatr|atk|2\n|\n|upkeep\n|turn|37\n|\n|t:|1705795920\n|move|p1a: Feraligatr|Aqua Jet|p2a: Hitmontop\n|-damage|p2a: Hitmontop|0 fnt\n|faint|p2a: Hitmontop\n|-damage|p1a: Feraligatr|112/267|[from] item: Life Orb\n|\n|upkeep\n|\n|t:|1705795931\n|switch|p2a: Basculin|Basculin, L87, M|94/264\n|turn|38\n|\n|t:|1705795936\n|move|p1a: Feraligatr|Aqua Jet|p2a: Basculin\n|-resisted|p2a: Basculin\n|-damage|p2a: Basculin|25/264\n|-damage|p1a: Feraligatr|86/267|[from] item: Life Orb\n|move|p2a: Basculin|Double-Edge|p1a: Feraligatr\n|-damage|p1a: Feraligatr|0 fnt\n|faint|p1a: Feraligatr\n|-damage|p2a: Basculin|0 fnt|[from] Recoil\n|faint|p2a: Basculin\n|\n|win|Baromether\n|raw|zap's rating: 2257 &rarr; <strong>2237</strong><br />(-20 for losing)\n|raw|Baromether's rating: 2265 &rarr; <strong>2285</strong><br />(+20 for winning)\n|l|\u2606zap\n|player|p1|\n", "inputlog": ">version 834df75545b9e847134781f29815fe3d2d21f742\n>start {\"formatid\":\"gen9randombattle\",\"seed\":[60243,37104,29107,27764],\"rated\":\"Rated battle\"}\n>player p1 {\"name\":\"zap\",\"avatar\":\"#zap\",\"rating\":2257,\"seed\":[63576,55483,12709,51529]}\n>player p2 {\"name\":\"Baromether\",\"avatar\":\"dawn-gen4pt\",\"rating\":2265,\"seed\":[50531,34487,40513,27960]}\n>p1 move roost\n>p2 move flipturn\n>p2 switch 6\n>p1 switch 6\n>p2 move stoneedge\n>p1 move malignantchain\n>p2 switch 2\n>p1 move shadowball\n>p2 move nastyplot\n>p1 switch 6\n>p2 move flashcannon\n>p1 move airslash\n>p2 move flashcannon\n>p1 switch 5\n>p1 move electrodrift\n>p2 switch 4\n>p1 switch 2\n>p2 move auroraveil\n>p1 move swordsdance\n>p2 switch 6\n>p1 switch 4\n>p2 move wavecrash\n>p1 switch 4\n>p2 switch 4\n>p1 move drainpunch\n>p2 switch 4\n>p1 switch 4\n>p2 move wavecrash\n>p1 move knockoff\n>p2 move wavecrash\n>p1 switch 2\n>p1 move electrodrift\n>p2 switch 6\n>p1 move calmmind\n>p2 move auroraveil\n>p1 move substitute\n>p2 move blizzard\n>p1 move substitute\n>p2 move iceshard\n>p1 move dracometeor\n>p2 move blizzard\n>p1 switch 4\n>p2 move iceshard\n>p1 move rapidspin\n>p2 switch 5\n>p1 move swordsdance\n>p2 move shellsmash\n>p1 move knockoff terastallize\n>p2 move storedpower\n>p1 switch 4\n>p2 move strengthsap\n>p1 move electrodrift\n>p2 move shadowball\n>p1 switch 4\n>p1 move swordsdance\n>p2 move strengthsap\n>p1 move knockoff\n>p2 switch 2\n>p1 switch 6\n>p2 move earthquake\n>p1 move shadowball\n>p2 switch 4\n>p1 move shadowball\n>p2 move flashcannon\n>p2 switch 3\n>p1 move malignantchain\n>p2 move nastyplot terastallize\n>p1 move shadowball\n>p2 move darkpulse\n>p1 switch 6\n>p1 move rapidspin\n>p2 move sludgebomb\n>p1 move knockoff\n>p2 switch 4\n>p1 move drainpunch\n>p2 move earthquake\n>p1 switch 3\n>p1 move swordsdance\n>p2 move closecombat\n>p1 move aquajet\n>p2 move closecombat\n>p2 switch 6\n>p1 move aquajet\n>p2 move doubleedge", "uploadtime": 1705796242, "views": 257, "formatid": "gen9randombattle", "rating": 2237, "private": 0, "password": null}