{"id": "gen9randombattle-2260827235", "format": "[Gen 9] Random Battle", "players": ["Tunameltz", "iuhkjmn"], "log": "|j|\u2606Tunameltz\n|j|\u2606iuhkjmn\n|t:|1733899337\n|gametype|singles\n|player|p1|Tunameltz|169|1166\n|player|p2|iuhkjmn|101|1138\n|teamsize|p1|6\n|teamsize|p2|6\n|gen|9\n|tier|[Gen 9] Random Battle\n|rated|\n|rule|Species Clause: Limit one of each Pok\u00e9mon\n|rule|HP Percentage Mod: HP is shown in percentages\n|rule|Sleep Clause Mod: Limit one foe put to sleep\n|rule|Illusion Level Mod: Illusion disguises the Pok\u00e9mon's true level\n|\n|t:|1733899337\n|start\n|switch|p1a: Latios|Latios, L78, M|253/253\n|switch|p2a: Ampharos|Ampharos, L88, F|302/302\n|turn|1\n|inactive|Battle timer is ON: inactive players will automatically lose when time's up. (requested by iuhkjmn)\n|\n|t:|1733899358\n|switch|p1a: Forretress|Forretress, L84, F|263/263\n|move|p2a: Ampharos|Dazzling Gleam|p1a: Forretress\n|-resisted|p1a: Forretress\n|-damage|p1a: Forretress|199/263\n|\n|-heal|p1a: Forretress|215/263|[from] item: Leftovers\n|upkeep\n|turn|2\n|\n|t:|1733899381\n|switch|p2a: Mismagius|Mismagius, L86, F|243/243\n|move|p1a: Forretress|Stealth Rock|p2a: Mismagius\n|-sidestart|p2: iuhkjmn|move: Stealth Rock\n|\n|-heal|p1a: Forretress|231/263|[from] item: Leftovers\n|upkeep\n|turn|3\n|\n|t:|1733899396\n|switch|p1a: Goodra|Goodra, L85, F|292/292\n|move|p2a: Mismagius|Mystical Fire|p1a: Goodra\n|-resisted|p1a: Goodra\n|-damage|p1a: Goodra|276/292\n|-unboost|p1a: Goodra|spa|1\n|-damage|p2a: Mismagius|219/243|[from] item: Life Orb\n|\n|upkeep\n|turn|4\n|inactive|iuhkjmn has 120 seconds left.\n|\n|t:|1733899426\n|switch|p2a: Oinkologne|Oinkologne, L92, M|352/352\n|-damage|p2a: Oinkologne|308/352|[from] Stealth Rock\n|move|p1a: Goodra|Knock Off|p2a: Oinkologne\n|-damage|p2a: Oinkologne|236/352\n|-enditem|p2a: Oinkologne|Leftovers|[from] move: Knock Off|[of] p1a: Goodra\n|\n|upkeep\n|turn|5\n|\n|t:|1733899435\n|move|p1a: Goodra|Scald|p2a: Oinkologne\n|-crit|p2a: Oinkologne\n|-damage|p2a: Oinkologne|149/352\n|move|p2a: Oinkologne|Double-Edge|p1a: Goodra\n|-damage|p1a: Goodra|99/292\n|-damage|p2a: Oinkologne|91/352|[from] Recoil\n|\n|upkeep\n|turn|6\n|\n|t:|1733899442\n|switch|p1a: Forretress|Forretress, L84, F|231/263\n|move|p2a: Oinkologne|Double-Edge|p1a: Forretress\n|-resisted|p1a: Forretress\n|-damage|p1a: Forretress|174/263\n|-damage|p2a: Oinkologne|72/352|[from] Recoil\n|\n|-heal|p1a: Forretress|190/263|[from] item: Leftovers\n|upkeep\n|turn|7\n|\n|t:|1733899451\n|move|p2a: Oinkologne|High Horsepower|p1a: Forretress\n|-damage|p1a: Forretress|131/263\n|move|p1a: Forretress|Iron Head|p2a: Oinkologne\n|-damage|p2a: Oinkologne|0 fnt\n|faint|p2a: Oinkologne\n|\n|-heal|p1a: Forretress|147/263|[from] item: Leftovers\n|upkeep\n|\n|t:|1733899459\n|switch|p2a: Ampharos|Ampharos, L88, F|302/302\n|-damage|p2a: Ampharos|265/302|[from] Stealth Rock\n|turn|8\n|\n|t:|1733899464\n|move|p2a: Ampharos|Volt Switch|p1a: Forretress\n|-damage|p1a: Forretress|0 fnt\n|faint|p1a: Forretress\n|\n|t:|1733899472\n|switch|p2a: Rotom|Rotom-Fan, L86|226/226|[from] Volt Switch\n|\n|upkeep\n|\n|t:|1733899478\n|switch|p1a: Goodra|Goodra, L85, F|99/292\n|turn|9\n|\n|t:|1733899485\n|move|p2a: Rotom|Air Slash|p1a: Goodra\n|-damage|p1a: Goodra|59/292\n|move|p1a: Goodra|Knock Off|p2a: Rotom\n|-damage|p2a: Rotom|169/226\n|-enditem|p2a: Rotom|Heavy-Duty Boots|[from] move: Knock Off|[of] p1a: Goodra\n|\n|upkeep\n|turn|10\n|\n|t:|1733899491\n|move|p2a: Rotom|Air Slash|p1a: Goodra|[miss]\n|-miss|p2a: Rotom|p1a: Goodra\n|move|p1a: Goodra|Scald|p2a: Rotom\n|-crit|p2a: Rotom\n|-damage|p2a: Rotom|89/226\n|-status|p2a: Rotom|brn\n|\n|-damage|p2a: Rotom|75/226 brn|[from] brn\n|upkeep\n|turn|11\n|\n|t:|1733899500\n|move|p2a: Rotom|Air Slash|p1a: Goodra\n|-damage|p1a: Goodra|17/292\n|cant|p1a: Goodra|flinch\n|\n|-damage|p2a: Rotom|61/226 brn|[from] brn\n|upkeep\n|turn|12\n|\n|t:|1733899506\n|move|p2a: Rotom|Thunderbolt|p1a: Goodra\n|-resisted|p1a: Goodra\n|-crit|p1a: Goodra\n|-damage|p1a: Goodra|0 fnt\n|faint|p1a: Goodra\n|\n|-damage|p2a: Rotom|47/226 brn|[from] brn\n|upkeep\n|inactive|Tunameltz has 120 seconds left.\n|\n|t:|1733899537\n|switch|p1a: Sandy Shocks|Sandy Shocks, L80|267/267\n|turn|13\n|\n|t:|1733899544\n|move|p1a: Sandy Shocks|Volt Switch|p2a: Rotom\n|-damage|p2a: Rotom|0 fnt\n|faint|p2a: Rotom\n|\n|t:|1733899551\n|-end|p1a: Sandy Shocks|Protosynthesis|[silent]\n|switch|p1a: Pelipper|Pelipper, L86, F|243/243|[from] Volt Switch\n|-weather|RainDance|[from] ability: Drizzle|[of] p1a: Pelipper\n|\n|-weather|RainDance|[upkeep]\n|upkeep\n|\n|t:|1733899564\n|switch|p2a: Ampharos|Ampharos, L88, F|265/302\n|-damage|p2a: Ampharos|228/302|[from] Stealth Rock\n|turn|14\n|\n|t:|1733899569\n|move|p1a: Pelipper|Hydro Pump|p2a: Ampharos\n|-damage|p2a: Ampharos|57/302\n|move|p2a: Ampharos|Dazzling Gleam|p1a: Pelipper\n|-crit|p1a: Pelipper\n|-damage|p1a: Pelipper|46/243\n|\n|-weather|RainDance|[upkeep]\n|upkeep\n|turn|15\n|\n|t:|1733899576\n|move|p1a: Pelipper|Hurricane|p2a: Ampharos\n|-resisted|p2a: Ampharos\n|-damage|p2a: Ampharos|5/302\n|-start|p2a: Ampharos|confusion\n|-activate|p2a: Ampharos|confusion\n|-damage|p2a: Ampharos|0 fnt|[from] confusion\n|faint|p2a: Ampharos\n|\n|-weather|RainDance|[upkeep]\n|upkeep\n|-message|iuhkjmn forfeited.\n|\n|win|Tunameltz\n|raw|Tunameltz's rating: 1166 &rarr; <strong>1189</strong><br />(+23 for winning)\n|raw|iuhkjmn's rating: 1138 &rarr; <strong>1115</strong><br />(-23 for losing)\n|l|\u2606iuhkjmn\n|player|p2|\n", "inputlog": ">version bfd83cad13791eb5a5a409923076391caf6fb4d4\n>start {\"formatid\":\"gen9randombattle\",\"seed\":[19690,40459,54280,15266],\"rated\":\"Rated battle\"}\n>player p1 {\"name\":\"Tunameltz\",\"avatar\":\"169\",\"rating\":1166,\"seed\":[28251,14464,11520,33431]}\n>player p2 {\"name\":\"iuhkjmn\",\"avatar\":\"101\",\"rating\":1138,\"seed\":[36914,56219,43843,14147]}\n>p1 switch 3\n>p2 move dazzlinggleam\n>p1 move stealthrock\n>p2 switch 2\n>p1 switch 4\n>p2 move mysticalfire\n>p1 move knockoff\n>p2 switch 3\n>p1 move scald\n>p2 move doubleedge\n>p1 switch 4\n>p2 move doubleedge\n>p1 move ironhead\n>p2 move highhorsepower\n>p2 switch 2\n>p1 move toxicspikes\n>p2 move voltswitch\n>p2 switch 6\n>p1 switch 4\n>p1 move knockoff\n>p2 move airslash\n>p1 move scald\n>p2 move airslash\n>p1 move scald\n>p2 move airslash\n>p1 move scald\n>p2 move thunderbolt\n>p1 switch 5\n>p1 move voltswitch\n>p2 move willowisp\n>p1 switch 2\n>p2 switch 6\n>p1 move hydropump\n>p2 move dazzlinggleam\n>p1 move hurricane\n>p2 move dazzlinggleam\n>forcelose p2", "uploadtime": 1733899584, "views": 2, "formatid": "gen9randombattle", "rating": 1115, "private": 0, "password": null}