{"id": "gen9randombattle-2260461871", "format": "[Gen 9] Random Battle", "players": ["badshark177", "caranguejo"], "log": "|j|\u203dbadshark177\n|j|\u2606caranguejo\n|t:|1733853928\n|gametype|singles\n|player|p1|badshark177|n|1208\n|player|p2|caranguejo|giovanni|1261\n|teamsize|p1|6\n|teamsize|p2|6\n|gen|9\n|tier|[Gen 9] Random Battle\n|rated|\n|rule|Species Clause: Limit one of each Pok\u00e9mon\n|rule|HP Percentage Mod: HP is shown in percentages\n|rule|Sleep Clause Mod: Limit one foe put to sleep\n|rule|Illusion Level Mod: Illusion disguises the Pok\u00e9mon's true level\n|\n|t:|1733853928\n|start\n|switch|p1a: Ambipom|Ambipom, L84, M|263/263\n|switch|p2a: Pecharunt|Pecharunt, L77|262/262\n|turn|1\n|inactive|Battle timer is ON: inactive players will automatically lose when time's up. (requested by badshark177)\n|\n|t:|1733853937\n|move|p1a: Ambipom|Knock Off|p2a: Pecharunt\n|-supereffective|p2a: Pecharunt\n|-damage|p2a: Pecharunt|120/262\n|-enditem|p2a: Pecharunt|Leftovers|[from] move: Knock Off|[of] p1a: Ambipom\n|move|p2a: Pecharunt|Nasty Plot|p2a: Pecharunt\n|-boost|p2a: Pecharunt|spa|2\n|\n|upkeep\n|turn|2\n|\n|t:|1733853943\n|move|p1a: Ambipom|Knock Off|p2a: Pecharunt\n|-supereffective|p2a: Pecharunt\n|-damage|p2a: Pecharunt|18/262\n|move|p2a: Pecharunt|Recover|p2a: Pecharunt\n|-heal|p2a: Pecharunt|149/262\n|\n|upkeep\n|turn|3\n|\n|t:|1733853949\n|move|p1a: Ambipom|Knock Off|p2a: Pecharunt\n|-supereffective|p2a: Pecharunt\n|-damage|p2a: Pecharunt|57/262\n|move|p2a: Pecharunt|Malignant Chain|p1a: Ambipom\n|-crit|p1a: Ambipom\n|-damage|p1a: Ambipom|0 fnt\n|faint|p1a: Ambipom\n|\n|upkeep\n|\n|t:|1733853971\n|switch|p1a: Rampardos|Rampardos, L90, M|321/321\n|turn|4\n|\n|t:|1733853980\n|move|p1a: Rampardos|Earthquake|p2a: Pecharunt\n|-supereffective|p2a: Pecharunt\n|-damage|p2a: Pecharunt|0 fnt\n|faint|p2a: Pecharunt\n|\n|upkeep\n|\n|t:|1733853988\n|switch|p2a: Blastoise|Blastoise, L80, M|258/258\n|turn|5\n|\n|t:|1733853994\n|switch|p1a: Lanturn|Lanturn, L89, F|367/367\n|move|p2a: Blastoise|Shell Smash|p2a: Blastoise\n|-unboost|p2a: Blastoise|def|1\n|-unboost|p2a: Blastoise|spd|1\n|-boost|p2a: Blastoise|atk|2\n|-boost|p2a: Blastoise|spa|2\n|-boost|p2a: Blastoise|spe|2\n|-enditem|p2a: Blastoise|White Herb\n|-clearnegativeboost|p2a: Blastoise|[silent]\n|\n|upkeep\n|turn|6\n|\n|t:|1733854003\n|move|p2a: Blastoise|Earthquake|p1a: Lanturn\n|-supereffective|p1a: Lanturn\n|-damage|p1a: Lanturn|79/367\n|move|p1a: Lanturn|Thunder Wave|p2a: Blastoise\n|-status|p2a: Blastoise|par\n|\n|-heal|p1a: Lanturn|101/367|[from] item: Leftovers\n|upkeep\n|turn|7\n|\n|t:|1733854009\n|move|p2a: Blastoise|Earthquake|p1a: Lanturn\n|-supereffective|p1a: Lanturn\n|-damage|p1a: Lanturn|0 fnt\n|faint|p1a: Lanturn\n|\n|upkeep\n|\n|t:|1733854026\n|switch|p1a: Indeedee|Indeedee, L84, M|238/238\n|-fieldstart|move: Psychic Terrain|[from] ability: Psychic Surge|[of] p1a: Indeedee\n|turn|8\n|\n|t:|1733854033\n|move|p1a: Indeedee|Calm Mind|p1a: Indeedee\n|-boost|p1a: Indeedee|spa|1\n|-boost|p1a: Indeedee|spd|1\n|move|p2a: Blastoise|Hydro Pump|p1a: Indeedee\n|-damage|p1a: Indeedee|108/238\n|\n|upkeep\n|turn|9\n|\n|t:|1733854040\n|move|p1a: Indeedee|Expanding Force|p2a: Blastoise\n|-damage|p2a: Blastoise|0 fnt\n|faint|p2a: Blastoise\n|-damage|p1a: Indeedee|85/238|[from] item: Life Orb\n|\n|upkeep\n|\n|t:|1733854047\n|switch|p2a: Crawdaunt|Crawdaunt, L84, M|243/243\n|turn|10\n|\n|t:|1733854053\n|move|p1a: Indeedee|Calm Mind|p1a: Indeedee\n|-boost|p1a: Indeedee|spa|1\n|-boost|p1a: Indeedee|spd|1\n|move|p2a: Crawdaunt|Dragon Dance|p2a: Crawdaunt\n|-boost|p2a: Crawdaunt|atk|1\n|-boost|p2a: Crawdaunt|spe|1\n|\n|upkeep\n|turn|11\n|\n|t:|1733854061\n|move|p2a: Crawdaunt|Knock Off|p1a: Indeedee\n|-supereffective|p1a: Indeedee\n|-damage|p1a: Indeedee|0 fnt\n|-enditem|p1a: Indeedee|Life Orb|[from] move: Knock Off|[of] p2a: Crawdaunt\n|faint|p1a: Indeedee\n|-damage|p2a: Crawdaunt|219/243|[from] item: Life Orb\n|\n|upkeep\n|\n|t:|1733854070\n|switch|p1a: Ampharos|Ampharos, L88, M|302/302\n|turn|12\n|\n|t:|1733854081\n|move|p2a: Crawdaunt|Knock Off|p1a: Ampharos\n|-damage|p1a: Ampharos|0 fnt\n|-enditem|p1a: Ampharos|Life Orb|[from] move: Knock Off|[of] p2a: Crawdaunt\n|faint|p1a: Ampharos\n|-damage|p2a: Crawdaunt|195/243|[from] item: Life Orb\n|\n|-fieldend|move: Psychic Terrain\n|upkeep\n|\n|t:|1733854086\n|switch|p1a: Arceus|Arceus-Water, L71|288/288\n|turn|13\n|\n|t:|1733854091\n|move|p1a: Arceus|Calm Mind|p1a: Arceus\n|-boost|p1a: Arceus|spa|1\n|-boost|p1a: Arceus|spd|1\n|move|p2a: Crawdaunt|Knock Off|p1a: Arceus\n|-damage|p1a: Arceus|96/288\n|-damage|p2a: Crawdaunt|171/243|[from] item: Life Orb\n|\n|upkeep\n|turn|14\n|\n|t:|1733854098\n|-terastallize|p1a: Arceus|Steel\n|move|p1a: Arceus|Ice Beam|p2a: Crawdaunt\n|-resisted|p2a: Crawdaunt\n|-damage|p2a: Crawdaunt|118/243\n|move|p2a: Crawdaunt|Knock Off|p1a: Arceus\n|-damage|p1a: Arceus|0 fnt\n|faint|p1a: Arceus\n|-damage|p2a: Crawdaunt|94/243|[from] item: Life Orb\n|\n|upkeep\n|\n|t:|1733854104\n|switch|p1a: Rampardos|Rampardos, L90, M|321/321\n|turn|15\n|c|\u2606caranguejo|gg\n|\n|t:|1733854115\n|move|p1a: Rampardos|Head Smash|p2a: Crawdaunt\n|-damage|p2a: Crawdaunt|0 fnt\n|faint|p2a: Crawdaunt\n|-damage|p1a: Rampardos|274/321|[from] Recoil\n|\n|upkeep\n|c|\u2606caranguejo|'-'\n|\n|t:|1733854130\n|switch|p2a: Weezing|Weezing, L88, M|258/258\n|turn|16\n|\n|t:|1733854137\n|move|p1a: Rampardos|Head Smash|p2a: Weezing|[miss]\n|-miss|p1a: Rampardos|p2a: Weezing\n|move|p2a: Weezing|Gunk Shot|p1a: Rampardos\n|-resisted|p1a: Rampardos\n|-damage|p1a: Rampardos|194/321\n|-status|p1a: Rampardos|psn\n|\n|-damage|p1a: Rampardos|154/321 psn|[from] psn\n|upkeep\n|turn|17\n|\n|t:|1733854148\n|move|p1a: Rampardos|Head Smash|p2a: Weezing|[miss]\n|-miss|p1a: Rampardos|p2a: Weezing\n|move|p2a: Weezing|Fire Blast|p1a: Rampardos\n|-resisted|p1a: Rampardos\n|-damage|p1a: Rampardos|104/321 psn\n|\n|-damage|p1a: Rampardos|64/321 psn|[from] psn\n|upkeep\n|turn|18\n|\n|t:|1733854160\n|move|p1a: Rampardos|Head Smash|p2a: Weezing\n|-damage|p2a: Weezing|63/258\n|-damage|p1a: Rampardos|0 fnt|[from] Recoil\n|faint|p1a: Rampardos\n|\n|win|caranguejo\n|raw|badshark177's rating: 1208 &rarr; <strong>1187</strong><br />(-21 for losing)\n|raw|caranguejo's rating: 1261 &rarr; <strong>1282</strong><br />(+21 for winning)\n|l|\u203dbadshark177\n|player|p1|\n", "inputlog": ">version bfd83cad13791eb5a5a409923076391caf6fb4d4\n>start {\"formatid\":\"gen9randombattle\",\"seed\":[12150,28785,34152,32219],\"rated\":\"Rated battle\"}\n>player p1 {\"name\":\"badshark177\",\"avatar\":\"n\",\"rating\":1208,\"seed\":[18924,56986,42518,10881]}\n>player p2 {\"name\":\"caranguejo\",\"avatar\":\"giovanni\",\"rating\":1261,\"seed\":[34237,56468,63432,32542]}\n>p1 move knockoff\n>p2 move nastyplot\n>p1 move knockoff\n>p2 move recover\n>p1 move knockoff\n>p2 move malignantchain\n>p1 switch 2\n>p1 move earthquake\n>p2 move shadowball\n>p2 switch 2\n>p1 switch 3\n>p2 move shellsmash\n>p1 move thunderwave\n>p2 move earthquake\n>p1 move voltswitch\n>p2 move earthquake\n>p1 switch 4\n>p1 move calmmind\n>p2 move hydropump\n>p1 move expandingforce\n>p2 move hydropump\n>p2 switch 5\n>p1 move calmmind\n>p2 move dragondance\n>p1 move shadowball\n>p2 move knockoff\n>p1 switch 6\n>p1 move agility\n>p2 move knockoff\n>p1 switch 5\n>p1 move calmmind\n>p2 move knockoff\n>p1 move icebeam terastallize\n>p2 move knockoff\n>p1 switch 3\n>chat \u2606caranguejo|gg\n>p1 move headsmash\n>p2 move crabhammer\n>chat \u2606caranguejo|'-'\n>p2 switch 3\n>p1 move headsmash\n>p2 move gunkshot\n>p1 move headsmash\n>p2 move fireblast\n>p1 move headsmash\n>p2 move toxicspikes", "uploadtime": 1733854229, "views": 1, "formatid": "gen9randombattle", "rating": 1187, "private": 0, "password": null}