{"id": "gen9randombattle-2111087889", "format": "[Gen 9] Random Battle", "players": ["sylvee1", "marrickchill"], "log": "|uhtml|medal-msg|<div class=\"broadcast-blue\">Curious what those medals under the avatar are? PS now has Ladder Seasons! For more information, check out the <a href=\"https://www.smogon.com/forums/threads/3740067/\">thread on Smogon.</a></div>\n|badge|p2|bronze|gen9randombattle|100-1\n|uhtml|medal-msg|<div class=\"broadcast-blue\">Curious what those medals under the avatar are? PS now has Ladder Seasons! For more information, check out the <a href=\"https://www.smogon.com/forums/threads/3740067/\">thread on Smogon.</a></div>\n|j|\u2606sylvee1\n|j|\u2606marrickchill\n|t:|1714027661\n|gametype|singles\n|player|p1|sylvee1|serena-masters2|2323\n|player|p2|marrickchill|youngster-gen4dp|2265\n|teamsize|p1|6\n|teamsize|p2|6\n|gen|9\n|tier|[Gen 9] Random Battle\n|rated|\n|rule|Species Clause: Limit one of each Pok\u00e9mon\n|rule|HP Percentage Mod: HP is shown in percentages\n|rule|Sleep Clause Mod: Limit one foe put to sleep\n|rule|Illusion Level Mod: Illusion disguises the Pok\u00e9mon's true level\n|\n|t:|1714027661\n|start\n|switch|p1a: Mesprit|Mesprit, L85|275/275\n|switch|p2a: Coalossal|Coalossal, L89, M|341/341\n|turn|1\n|inactive|Battle timer is ON: inactive players will automatically lose when time's up. (requested by sylvee1)\n|\n|t:|1714027671\n|switch|p1a: Suicune|Suicune, L82|298/298\n|-ability|p1a: Suicune|Pressure\n|move|p2a: Coalossal|Stealth Rock|p1a: Suicune\n|-sidestart|p1: sylvee1|move: Stealth Rock\n|\n|upkeep\n|turn|2\n|\n|t:|1714027678\n|switch|p2a: Rillaboom|Rillaboom, L79, M|288/288\n|-fieldstart|move: Grassy Terrain|[from] ability: Grassy Surge|[of] p2a: Rillaboom\n|move|p1a: Suicune|Scald|p2a: Rillaboom\n|-resisted|p2a: Rillaboom\n|-damage|p2a: Rillaboom|239/288\n|-status|p2a: Rillaboom|brn\n|\n|-heal|p2a: Rillaboom|257/288 brn|[from] Grassy Terrain\n|-damage|p2a: Rillaboom|239/288 brn|[from] brn\n|upkeep\n|turn|3\n|j| Lukeyb0y-Funny\n|\n|t:|1714027693\n|switch|p1a: Bellossom|Bellossom, L84, F|263/263\n|-damage|p1a: Bellossom|231/263|[from] Stealth Rock\n|move|p2a: Rillaboom|Swords Dance|p2a: Rillaboom\n|-boost|p2a: Rillaboom|atk|2\n|\n|-heal|p2a: Rillaboom|257/288 brn|[from] Grassy Terrain\n|-heal|p1a: Bellossom|247/263|[from] Grassy Terrain\n|-heal|p1a: Bellossom|263/263|[from] item: Leftovers\n|-damage|p2a: Rillaboom|239/288 brn|[from] brn\n|upkeep\n|turn|4\n|\n|t:|1714027708\n|switch|p2a: Cinderace|Cinderace, L77, F|249/249\n|move|p1a: Bellossom|Quiver Dance|p1a: Bellossom\n|-boost|p1a: Bellossom|spa|1\n|-boost|p1a: Bellossom|spd|1\n|-boost|p1a: Bellossom|spe|1\n|\n|upkeep\n|turn|5\n|\n|t:|1714027719\n|switch|p1a: Suicune|Suicune, L82|298/298\n|-damage|p1a: Suicune|261/298|[from] Stealth Rock\n|-ability|p1a: Suicune|Pressure\n|move|p2a: Cinderace|U-turn|p1a: Suicune\n|-start|p2a: Cinderace|typechange|Bug|[from] ability: Libero\n|-damage|p1a: Suicune|170/298\n|\n|t:|1714027728\n|switch|p2a: Hydrapple|Hydrapple, L83, F|312/312|[from] U-turn\n|\n|-heal|p1a: Suicune|188/298|[from] Grassy Terrain\n|-heal|p1a: Suicune|206/298|[from] item: Leftovers\n|upkeep\n|turn|6\n|\n|t:|1714027737\n|move|p1a: Suicune|Protect|p1a: Suicune\n|-singleturn|p1a: Suicune|Protect\n|move|p2a: Hydrapple|Fickle Beam|p1a: Suicune\n|-activate|p1a: Suicune|move: Protect\n|\n|-heal|p1a: Suicune|224/298|[from] Grassy Terrain\n|-heal|p1a: Suicune|242/298|[from] item: Leftovers\n|-fieldend|move: Grassy Terrain\n|upkeep\n|turn|7\n|\n|t:|1714027745\n|switch|p1a: Iron Valiant|Iron Valiant, L79|247/247\n|-damage|p1a: Iron Valiant|232/247|[from] Stealth Rock\n|move|p2a: Hydrapple|Fickle Beam|p1a: Iron Valiant\n|-immune|p1a: Iron Valiant\n|\n|upkeep\n|turn|8\n|\n|t:|1714027753\n|switch|p2a: Coalossal|Coalossal, L89, M|341/341\n|move|p1a: Iron Valiant|Calm Mind|p1a: Iron Valiant\n|-boost|p1a: Iron Valiant|spa|1\n|-boost|p1a: Iron Valiant|spd|1\n|\n|upkeep\n|turn|9\n|\n|t:|1714027760\n|move|p1a: Iron Valiant|Psychic|p2a: Coalossal\n|-damage|p2a: Coalossal|229/341\n|-damage|p1a: Iron Valiant|208/247|[from] item: Life Orb\n|move|p2a: Coalossal|Overheat|p1a: Iron Valiant\n|-damage|p1a: Iron Valiant|78/247\n|-unboost|p2a: Coalossal|spa|2\n|\n|upkeep\n|turn|10\n|\n|t:|1714027768\n|move|p1a: Iron Valiant|Close Combat|p2a: Coalossal\n|-supereffective|p2a: Coalossal\n|-damage|p2a: Coalossal|0 fnt\n|-unboost|p1a: Iron Valiant|def|1\n|-unboost|p1a: Iron Valiant|spd|1\n|faint|p2a: Coalossal\n|-damage|p1a: Iron Valiant|54/247|[from] item: Life Orb\n|\n|upkeep\n|\n|t:|1714027778\n|switch|p2a: Rillaboom|Rillaboom, L79, M|239/288 brn\n|-fieldstart|move: Grassy Terrain|[from] ability: Grassy Surge|[of] p2a: Rillaboom\n|turn|11\n|\n|t:|1714027787\n|-end|p1a: Iron Valiant|Quark Drive|[silent]\n|switch|p1a: Bellossom|Bellossom, L84, F|263/263\n|-damage|p1a: Bellossom|231/263|[from] Stealth Rock\n|switch|p2a: Cinderace|Cinderace, L77, F|249/249\n|\n|-heal|p1a: Bellossom|247/263|[from] Grassy Terrain\n|-heal|p1a: Bellossom|263/263|[from] item: Leftovers\n|upkeep\n|turn|12\n|\n|t:|1714027796\n|move|p2a: Cinderace|Gunk Shot|p1a: Bellossom\n|-start|p2a: Cinderace|typechange|Poison|[from] ability: Libero\n|-supereffective|p1a: Bellossom\n|-damage|p1a: Bellossom|0 fnt\n|faint|p1a: Bellossom\n|\n|upkeep\n|\n|t:|1714027805\n|switch|p1a: Stonjourner|Stonjourner, L91, M|330/330\n|-damage|p1a: Stonjourner|289/330|[from] Stealth Rock\n|turn|13\n|\n|t:|1714027813\n|switch|p2a: Hydrapple|Hydrapple, L83, F|312/312\n|move|p1a: Stonjourner|Stone Edge|p2a: Hydrapple|[miss]\n|-miss|p1a: Stonjourner|p2a: Hydrapple\n|\n|-heal|p1a: Stonjourner|309/330|[from] Grassy Terrain\n|upkeep\n|turn|14\n|\n|t:|1714027822\n|switch|p1a: Mesprit|Mesprit, L85|275/275\n|-damage|p1a: Mesprit|241/275|[from] Stealth Rock\n|move|p2a: Hydrapple|Leaf Storm|p1a: Mesprit\n|-damage|p1a: Mesprit|76/275\n|-unboost|p2a: Hydrapple|spa|2\n|\n|upkeep\n|turn|15\n|\n|t:|1714027830\n|move|p1a: Mesprit|Ice Beam|p2a: Hydrapple\n|-supereffective|p2a: Hydrapple\n|-damage|p2a: Hydrapple|0 fnt\n|faint|p2a: Hydrapple\n|\n|-fieldend|move: Grassy Terrain\n|upkeep\n|\n|t:|1714027836\n|switch|p2a: Inteleon|Inteleon, L81, M|246/246\n|turn|16\n|\n|t:|1714027840\n|move|p2a: Inteleon|U-turn|p1a: Mesprit\n|-supereffective|p1a: Mesprit\n|-damage|p1a: Mesprit|0 fnt\n|faint|p1a: Mesprit\n|\n|t:|1714027844\n|switch|p2a: Dudunsparce|Dudunsparce-Three-Segment, L82, M|339/339|[from] U-turn\n|\n|upkeep\n|\n|t:|1714027850\n|switch|p1a: Iron Valiant|Iron Valiant, L79|54/247\n|-damage|p1a: Iron Valiant|39/247|[from] Stealth Rock\n|turn|17\n|\n|t:|1714027854\n|switch|p2a: Cinderace|Cinderace, L77, F|249/249\n|move|p1a: Iron Valiant|Close Combat|p2a: Cinderace\n|-damage|p2a: Cinderace|37/249\n|-unboost|p1a: Iron Valiant|def|1\n|-unboost|p1a: Iron Valiant|spd|1\n|-damage|p1a: Iron Valiant|15/247|[from] item: Life Orb\n|\n|upkeep\n|turn|18\n|c|\u2606sylvee1|team galar lol\n|c|\u2606sylvee1|all three of the starters\n|\n|t:|1714027870\n|move|p1a: Iron Valiant|Moonblast|p2a: Cinderace\n|-resisted|p2a: Cinderace\n|-damage|p2a: Cinderace|0 fnt\n|faint|p2a: Cinderace\n|-damage|p1a: Iron Valiant|0 fnt|[from] item: Life Orb\n|faint|p1a: Iron Valiant\n|-end|p1a: Iron Valiant|Quark Drive|[silent]\n|\n|upkeep\n|c| Lukeyb0y-Funny|lmao\n|\n|t:|1714027887\n|switch|p1a: Torterra|Torterra, L78, M|276/276\n|switch|p2a: Dudunsparce|Dudunsparce-Three-Segment, L82, M|339/339\n|-damage|p1a: Torterra|259/276|[from] Stealth Rock\n|turn|19\n|\n|t:|1714027893\n|move|p2a: Dudunsparce|Boomburst|p1a: Torterra\n|-damage|p1a: Torterra|129/276\n|move|p1a: Torterra|Shell Smash|p1a: Torterra\n|-unboost|p1a: Torterra|def|1\n|-unboost|p1a: Torterra|spd|1\n|-boost|p1a: Torterra|atk|2\n|-boost|p1a: Torterra|spa|2\n|-boost|p1a: Torterra|spe|2\n|-enditem|p1a: Torterra|White Herb\n|-clearnegativeboost|p1a: Torterra|[silent]\n|\n|upkeep\n|turn|20\n|\n|t:|1714027902\n|move|p1a: Torterra|Wood Hammer|p2a: Dudunsparce\n|-damage|p2a: Dudunsparce|74/339\n|-damage|p1a: Torterra|42/276|[from] Recoil\n|move|p2a: Dudunsparce|Boomburst|p1a: Torterra\n|-damage|p1a: Torterra|0 fnt\n|faint|p1a: Torterra\n|\n|-heal|p2a: Dudunsparce|95/339|[from] item: Leftovers\n|upkeep\n|\n|t:|1714027911\n|switch|p1a: Suicune|Suicune, L82|242/298\n|-damage|p1a: Suicune|205/298|[from] Stealth Rock\n|-ability|p1a: Suicune|Pressure\n|turn|21\n|\n|t:|1714027916\n|switch|p2a: Rillaboom|Rillaboom, L79, M|239/288 brn\n|-fieldstart|move: Grassy Terrain|[from] ability: Grassy Surge|[of] p2a: Rillaboom\n|move|p1a: Suicune|Calm Mind|p1a: Suicune\n|-boost|p1a: Suicune|spa|1\n|-boost|p1a: Suicune|spd|1\n|\n|-heal|p1a: Suicune|223/298|[from] Grassy Terrain\n|-heal|p1a: Suicune|241/298|[from] item: Leftovers\n|-heal|p2a: Rillaboom|257/288 brn|[from] Grassy Terrain\n|-damage|p2a: Rillaboom|239/288 brn|[from] brn\n|upkeep\n|turn|22\n|\n|t:|1714027928\n|move|p1a: Suicune|Protect|p1a: Suicune\n|-singleturn|p1a: Suicune|Protect\n|move|p2a: Rillaboom|Wood Hammer|p1a: Suicune\n|-activate|p1a: Suicune|move: Protect\n|\n|-heal|p1a: Suicune|259/298|[from] Grassy Terrain\n|-heal|p1a: Suicune|277/298|[from] item: Leftovers\n|-heal|p2a: Rillaboom|257/288 brn|[from] Grassy Terrain\n|-damage|p2a: Rillaboom|239/288 brn|[from] brn\n|upkeep\n|turn|23\n|\n|t:|1714027938\n|-terastallize|p1a: Suicune|Steel\n|move|p1a: Suicune|Substitute|p1a: Suicune\n|-start|p1a: Suicune|Substitute\n|-damage|p1a: Suicune|203/298\n|move|p2a: Rillaboom|Wood Hammer|p1a: Suicune\n|-resisted|p1a: Suicune\n|-activate|p1a: Suicune|move: Substitute|[damage]\n|-damage|p2a: Rillaboom|223/288 brn|[from] Recoil|[of] p1a: Suicune\n|-damage|p2a: Rillaboom|195/288 brn|[from] item: Life Orb\n|\n|-heal|p1a: Suicune|221/298|[from] Grassy Terrain\n|-heal|p1a: Suicune|239/298|[from] item: Leftovers\n|-heal|p2a: Rillaboom|213/288 brn|[from] Grassy Terrain\n|-damage|p2a: Rillaboom|195/288 brn|[from] brn\n|upkeep\n|turn|24\n|\n|t:|1714027953\n|move|p1a: Suicune|Calm Mind|p1a: Suicune\n|-boost|p1a: Suicune|spa|1\n|-boost|p1a: Suicune|spd|1\n|move|p2a: Rillaboom|High Horsepower|p1a: Suicune\n|-supereffective|p1a: Suicune\n|-end|p1a: Suicune|Substitute\n|-damage|p2a: Rillaboom|167/288 brn|[from] item: Life Orb\n|\n|-heal|p1a: Suicune|257/298|[from] Grassy Terrain\n|-heal|p1a: Suicune|275/298|[from] item: Leftovers\n|-heal|p2a: Rillaboom|185/288 brn|[from] Grassy Terrain\n|-damage|p2a: Rillaboom|167/288 brn|[from] brn\n|upkeep\n|turn|25\n|\n|t:|1714027965\n|move|p1a: Suicune|Calm Mind|p1a: Suicune\n|-boost|p1a: Suicune|spa|1\n|-boost|p1a: Suicune|spd|1\n|move|p2a: Rillaboom|High Horsepower|p1a: Suicune\n|-supereffective|p1a: Suicune\n|-damage|p1a: Suicune|194/298\n|-damage|p2a: Rillaboom|139/288 brn|[from] item: Life Orb\n|\n|-heal|p1a: Suicune|212/298|[from] Grassy Terrain\n|-heal|p1a: Suicune|230/298|[from] item: Leftovers\n|-heal|p2a: Rillaboom|157/288 brn|[from] Grassy Terrain\n|-damage|p2a: Rillaboom|139/288 brn|[from] brn\n|-fieldend|move: Grassy Terrain\n|upkeep\n|turn|26\n|\n|t:|1714027977\n|move|p1a: Suicune|Protect|p1a: Suicune\n|-singleturn|p1a: Suicune|Protect\n|move|p2a: Rillaboom|High Horsepower|p1a: Suicune\n|-activate|p1a: Suicune|move: Protect\n|\n|-heal|p1a: Suicune|248/298|[from] item: Leftovers\n|-damage|p2a: Rillaboom|121/288 brn|[from] brn\n|upkeep\n|turn|27\n|\n|t:|1714027990\n|move|p1a: Suicune|Scald|p2a: Rillaboom\n|-resisted|p2a: Rillaboom\n|-damage|p2a: Rillaboom|5/288 brn\n|move|p2a: Rillaboom|High Horsepower|p1a: Suicune\n|-supereffective|p1a: Suicune\n|-damage|p1a: Suicune|167/298\n|-damage|p2a: Rillaboom|0 fnt|[from] item: Life Orb\n|faint|p2a: Rillaboom\n|\n|-heal|p1a: Suicune|185/298|[from] item: Leftovers\n|upkeep\n|\n|t:|1714028000\n|switch|p2a: Inteleon|Inteleon, L81, M|246/246\n|turn|28\n|\n|t:|1714028008\n|-terastallize|p2a: Inteleon|Water\n|move|p2a: Inteleon|Scald|p1a: Suicune\n|-damage|p1a: Suicune|113/298\n|move|p1a: Suicune|Calm Mind|p1a: Suicune\n|-boost|p1a: Suicune|spa|1\n|-boost|p1a: Suicune|spd|1\n|\n|-heal|p1a: Suicune|131/298|[from] item: Leftovers\n|upkeep\n|turn|29\n|\n|t:|1714028017\n|move|p1a: Suicune|Protect|p1a: Suicune\n|-singleturn|p1a: Suicune|Protect\n|move|p2a: Inteleon|Scald|p1a: Suicune\n|-activate|p1a: Suicune|move: Protect\n|\n|-heal|p1a: Suicune|149/298|[from] item: Leftovers\n|upkeep\n|turn|30\n|\n|t:|1714028034\n|move|p2a: Inteleon|Scald|p1a: Suicune\n|-damage|p1a: Suicune|89/298\n|move|p1a: Suicune|Scald|p2a: Inteleon\n|-resisted|p2a: Inteleon\n|-damage|p2a: Inteleon|93/246\n|\n|-heal|p1a: Suicune|107/298|[from] item: Leftovers\n|upkeep\n|turn|31\n|\n|t:|1714028043\n|move|p1a: Suicune|Protect|p1a: Suicune\n|-singleturn|p1a: Suicune|Protect\n|move|p2a: Inteleon|Scald|p1a: Suicune\n|-activate|p1a: Suicune|move: Protect\n|\n|-heal|p1a: Suicune|125/298|[from] item: Leftovers\n|upkeep\n|turn|32\n|\n|t:|1714028056\n|switch|p2a: Dudunsparce|Dudunsparce-Three-Segment, L82, M|95/339\n|move|p1a: Suicune|Protect||[still]\n|-fail|p1a: Suicune\n|\n|-heal|p1a: Suicune|143/298|[from] item: Leftovers\n|-heal|p2a: Dudunsparce|116/339|[from] item: Leftovers\n|upkeep\n|turn|33\n|\n|t:|1714028064\n|move|p1a: Suicune|Scald|p2a: Dudunsparce\n|-crit|p2a: Dudunsparce\n|-damage|p2a: Dudunsparce|0 fnt\n|faint|p2a: Dudunsparce\n|\n|-heal|p1a: Suicune|161/298|[from] item: Leftovers\n|upkeep\n|\n|t:|1714028070\n|switch|p2a: Inteleon|Inteleon, L81, M, tera:Water|93/246\n|turn|34\n|\n|t:|1714028077\n|move|p2a: Inteleon|Hydro Pump|p1a: Suicune\n|-damage|p1a: Suicune|87/298\n|move|p1a: Suicune|Scald|p2a: Inteleon\n|-resisted|p2a: Inteleon\n|-damage|p2a: Inteleon|0 fnt\n|faint|p2a: Inteleon\n|\n|win|sylvee1\n|raw|sylvee1's rating: 2323 &rarr; <strong>2340</strong><br />(+17 for winning)\n|raw|marrickchill's rating: 2265 &rarr; <strong>2248</strong><br />(-17 for losing)\n|l|\u2606marrickchill\n|player|p2|\n|c|\u2606sylvee1|gg\n", "inputlog": ">version 56c3b69fcd3b113ffc796eb8c36c032ea017d75b\n>start {\"formatid\":\"gen9randombattle\",\"seed\":[18290,16022,27759,43928],\"rated\":\"Rated battle\"}\n>player p1 {\"name\":\"sylvee1\",\"avatar\":\"serena-masters2\",\"rating\":2323,\"seed\":[9056,9140,43238,62019]}\n>player p2 {\"name\":\"marrickchill\",\"avatar\":\"youngster-gen4dp\",\"rating\":2265,\"seed\":[21531,15125,53261,1096]}\n>p1 switch 4\n>p2 move stealthrock\n>p1 move scald\n>p2 switch 3\n>p1 switch 6\n>p2 move swordsdance\n>p1 move quiverdance\n>p2 switch 4\n>p1 switch 6\n>p2 move uturn\n>p2 switch 2\n>p1 move protect\n>p2 move ficklebeam\n>p1 switch 2\n>p2 move ficklebeam\n>p1 move calmmind\n>p2 switch 3\n>p1 move psychic\n>p2 move overheat\n>p1 move closecombat\n>p2 move rapidspin\n>p2 switch 4\n>p1 switch 6\n>p2 switch 2\n>p1 move strengthsap\n>p2 move gunkshot\n>p1 switch 5\n>p1 move stoneedge\n>p2 switch 3\n>p1 switch 4\n>p2 move leafstorm\n>p1 move icebeam\n>p2 move leafstorm\n>p2 switch 6\n>p1 move psychicnoise\n>p2 move uturn\n>p2 switch 5\n>p1 switch 6\n>p1 move closecombat\n>p2 switch 3\n>chat \u2606sylvee1|team galar lol\n>chat \u2606sylvee1|all three of the starters \n>p1 move moonblast\n>p2 move uturn\n>chat  Lukeyb0y-Funny|lmao\n>p1 switch 3\n>p2 switch 3\n>p1 move shellsmash\n>p2 move boomburst\n>p1 move woodhammer\n>p2 move boomburst\n>p1 switch 2\n>p1 move calmmind\n>p2 switch 2\n>p1 move protect\n>p2 move woodhammer\n>p1 move substitute terastallize\n>p2 move woodhammer\n>p1 move calmmind\n>p2 move highhorsepower\n>p1 move calmmind\n>p2 move highhorsepower\n>p1 move protect\n>p2 move highhorsepower\n>p1 move scald\n>p2 move highhorsepower\n>p2 switch 5\n>p1 move calmmind\n>p2 move scald terastallize\n>p1 move protect\n>p2 move scald\n>p1 move scald\n>p2 move scald\n>p1 move protect\n>p2 move scald\n>p1 move protect\n>p2 switch 2\n>p1 move scald\n>p2 move boomburst\n>p2 switch 2\n>p1 move scald\n>p2 move hydropump", "uploadtime": 1714028089, "views": 244, "formatid": "gen9randombattle", "rating": 2248, "private": 0, "password": null}