{"id": "gen9randombattle-2260782150", "format": "[Gen 9] Random Battle", "players": ["keytriggles", "11111111a1"], "log": "|j|\u2606keytriggles\n|j|\u260611111111a1\n|t:|1733891223\n|gametype|singles\n|player|p1|keytriggles|hilbert|1000\n|player|p2|11111111a1|2|1000\n|teamsize|p1|6\n|teamsize|p2|6\n|gen|9\n|tier|[Gen 9] Random Battle\n|rated|\n|rule|Species Clause: Limit one of each Pok\u00e9mon\n|rule|HP Percentage Mod: HP is shown in percentages\n|rule|Sleep Clause Mod: Limit one foe put to sleep\n|rule|Illusion Level Mod: Illusion disguises the Pok\u00e9mon's true level\n|\n|t:|1733891223\n|start\n|switch|p1a: Hydreigon|Hydreigon, L79, M|275/275\n|switch|p2a: Chi-Yu|Chi-Yu, L77|211/211\n|-ability|p2a: Chi-Yu|Beads of Ruin\n|turn|1\n|inactive|Battle timer is ON: inactive players will automatically lose when time's up. (requested by keytriggles)\n|inactive|11111111a1 has 120 seconds left.\n|\n|t:|1733891264\n|switch|p2a: Furret|Furret, L94, M|312/312\n|-item|p1a: Hydreigon|Life Orb|[from] ability: Frisk|[of] p2a: Furret\n|move|p1a: Hydreigon|Nasty Plot|p1a: Hydreigon\n|-boost|p1a: Hydreigon|spa|2\n|\n|upkeep\n|turn|2\n|\n|t:|1733891286\n|move|p2a: Furret|Double-Edge|p1a: Hydreigon\n|-damage|p1a: Hydreigon|87/275\n|-damage|p2a: Furret|250/312|[from] Recoil\n|-damage|p2a: Furret|219/312|[from] item: Life Orb\n|move|p1a: Hydreigon|Draco Meteor|p2a: Furret\n|-damage|p2a: Furret|0 fnt\n|-unboost|p1a: Hydreigon|spa|2\n|faint|p2a: Furret\n|-damage|p1a: Hydreigon|60/275|[from] item: Life Orb\n|\n|upkeep\n|\n|t:|1733891310\n|switch|p2a: Greninja|Greninja, L80, M|246/246\n|turn|3\n|inactive|keytriggles has 120 seconds left.\n|\n|t:|1733891339\n|switch|p1a: Magnezone|Magnezone, L85|258/258\n|move|p2a: Greninja|Ice Beam|p1a: Magnezone\n|-resisted|p1a: Magnezone\n|-damage|p1a: Magnezone|235/258\n|-damage|p2a: Greninja|222/246|[from] item: Life Orb\n|\n|upkeep\n|turn|4\n|inactive|keytriggles has 120 seconds left.\n|\n|t:|1733891356\n|switch|p2a: Lilligant|Lilligant-Hisui, L79, F|240/240\n|move|p1a: Magnezone|Volt Switch|p2a: Lilligant\n|-resisted|p2a: Lilligant\n|-damage|p2a: Lilligant|182/240\n|inactive|keytriggles has 120 seconds left.\n|\n|t:|1733891375\n|switch|p1a: Cinderace|Cinderace, L77, M|249/249|[from] Volt Switch\n|\n|upkeep\n|turn|5\n|\n|t:|1733891394\n|move|p1a: Cinderace|Pyro Ball|p2a: Lilligant\n|-supereffective|p2a: Lilligant\n|-damage|p2a: Lilligant|0 fnt\n|faint|p2a: Lilligant\n|\n|upkeep\n|\n|t:|1733891397\n|switch|p2a: Greninja|Greninja, L80, M|222/246\n|turn|6\n|inactive|keytriggles has 120 seconds left.\n|\n|t:|1733891426\n|switch|p2a: Emboar|Emboar, L84, F|322/322\n|switch|p1a: Magnezone|Magnezone, L85|235/258\n|\n|upkeep\n|turn|7\n|\n|t:|1733891445\n|switch|p1a: Hydreigon|Hydreigon, L79, M|60/275\n|move|p2a: Emboar|Close Combat|p1a: Hydreigon\n|-supereffective|p1a: Hydreigon\n|-damage|p1a: Hydreigon|0 fnt\n|-unboost|p2a: Emboar|def|1\n|-unboost|p2a: Emboar|spd|1\n|faint|p1a: Hydreigon\n|\n|upkeep\n|inactive|keytriggles has 90 seconds left.\n|\n|t:|1733891463\n|switch|p1a: Garchomp|Garchomp, L74, F|282/282\n|turn|8\n|inactive|11111111a1 has 120 seconds left.\n|\n|t:|1733891506\n|move|p1a: Garchomp|Earthquake|p2a: Emboar\n|-supereffective|p2a: Emboar\n|-damage|p2a: Emboar|0 fnt\n|faint|p2a: Emboar\n|\n|upkeep\n|\n|t:|1733891515\n|switch|p2a: Greninja|Greninja, L80, M|222/246\n|turn|9\n|\n|t:|1733891533\n|-terastallize|p1a: Garchomp|Steel\n|move|p2a: Greninja|Hydro Pump|p1a: Garchomp\n|-damage|p1a: Garchomp|113/282\n|-damage|p2a: Greninja|198/246|[from] item: Life Orb\n|move|p1a: Garchomp|Scale Shot|p2a: Greninja\n|-damage|p2a: Greninja|167/246\n|-damage|p2a: Greninja|134/246\n|-damage|p2a: Greninja|100/246\n|-damage|p2a: Greninja|64/246\n|-damage|p2a: Greninja|31/246\n|-hitcount|p2a: Greninja|5\n|-unboost|p1a: Garchomp|def|1\n|-boost|p1a: Garchomp|spe|1\n|\n|upkeep\n|turn|10\n|inactive|11111111a1 has 120 seconds left.\n|inactive|keytriggles has 90 seconds left.\n|\n|t:|1733891553\n|move|p1a: Garchomp|Iron Head|p2a: Greninja\n|-resisted|p2a: Greninja\n|-damage|p2a: Greninja|0 fnt\n|faint|p2a: Greninja\n|\n|upkeep\n|inactive|11111111a1 has 120 seconds left.\n|\n|t:|1733891559\n|switch|p2a: Polteageist|Polteageist-Antique, L79|224/224\n|turn|11\n|\n|t:|1733891573\n|move|p1a: Garchomp|Earthquake|p2a: Polteageist\n|-damage|p2a: Polteageist|76/224\n|move|p2a: Polteageist|Shell Smash|p2a: Polteageist\n|-unboost|p2a: Polteageist|def|1\n|-unboost|p2a: Polteageist|spd|1\n|-boost|p2a: Polteageist|atk|2\n|-boost|p2a: Polteageist|spa|2\n|-boost|p2a: Polteageist|spe|2\n|-enditem|p2a: Polteageist|White Herb\n|-clearnegativeboost|p2a: Polteageist|[silent]\n|\n|upkeep\n|turn|12\n|\n|t:|1733891583\n|move|p2a: Polteageist|Stored Power|p1a: Garchomp\n|-resisted|p1a: Garchomp\n|-damage|p1a: Garchomp|0 fnt\n|faint|p1a: Garchomp\n|\n|upkeep\n|\n|t:|1733891590\n|switch|p1a: Tyranitar|Tyranitar, L79, M|288/288\n|-weather|Sandstorm|[from] ability: Sand Stream|[of] p1a: Tyranitar\n|turn|13\n|inactive|keytriggles has 90 seconds left.\n|\n|t:|1733891607\n|-terastallize|p2a: Polteageist|Fighting\n|move|p2a: Polteageist|Tera Blast|p1a: Tyranitar|[anim] Tera Blast Fighting\n|-supereffective|p1a: Tyranitar\n|-damage|p1a: Tyranitar|0 fnt\n|faint|p1a: Tyranitar\n|\n|-weather|Sandstorm|[upkeep]\n|-damage|p2a: Polteageist|62/224|[from] Sandstorm\n|upkeep\n|inactive|keytriggles has 90 seconds left.\n|\n|t:|1733891615\n|switch|p1a: Phione|Phione, L91|293/293\n|turn|14\n|\n|t:|1733891625\n|move|p2a: Polteageist|Stored Power|p1a: Phione\n|-damage|p1a: Phione|65/293\n|move|p1a: Phione|Scald|p2a: Polteageist\n|-damage|p2a: Polteageist|0 fnt\n|faint|p2a: Polteageist\n|\n|-weather|Sandstorm|[upkeep]\n|-damage|p1a: Phione|47/293|[from] Sandstorm\n|-heal|p1a: Phione|65/293|[from] item: Leftovers\n|upkeep\n|\n|t:|1733891630\n|switch|p2a: Chi-Yu|Chi-Yu, L77|211/211\n|-ability|p2a: Chi-Yu|Beads of Ruin\n|turn|15\n|\n|t:|1733891645\n|move|p2a: Chi-Yu|Dark Pulse|p1a: Phione\n|-damage|p1a: Phione|0 fnt\n|faint|p1a: Phione\n|\n|-weather|Sandstorm|[upkeep]\n|-damage|p2a: Chi-Yu|198/211|[from] Sandstorm\n|upkeep\n|\n|t:|1733891652\n|switch|p1a: Cinderace|Cinderace, L77, M|249/249\n|turn|16\n|\n|t:|1733891660\n|move|p1a: Cinderace|High Jump Kick|p2a: Chi-Yu\n|-start|p1a: Cinderace|typechange|Fighting|[from] ability: Libero\n|-supereffective|p2a: Chi-Yu\n|-damage|p2a: Chi-Yu|0 fnt\n|faint|p2a: Chi-Yu\n|\n|win|keytriggles\n|raw|keytriggles's rating: 1000 &rarr; <strong>1040</strong><br />(+40 for winning)\n|raw|11111111a1's rating: 1000 &rarr; <strong>1000</strong><br />(+0 for losing)\n|l|\u260611111111a1\n|player|p2|\n", "inputlog": ">version bfd83cad13791eb5a5a409923076391caf6fb4d4\n>start {\"formatid\":\"gen9randombattle\",\"seed\":[3344,22964,31161,56389],\"rated\":\"Rated battle\"}\n>player p1 {\"name\":\"keytriggles\",\"avatar\":\"hilbert\",\"rating\":1000,\"seed\":[52399,14868,46515,61160]}\n>player p2 {\"name\":\"11111111a1\",\"avatar\":\"2\",\"rating\":1000,\"seed\":[37847,7589,57805,40938]}\n>p1 move nastyplot\n>p2 switch 6\n>p1 move dracometeor\n>p2 move doubleedge\n>p2 switch 3\n>p1 switch 4\n>p2 move icebeam\n>p1 move voltswitch\n>p2 switch 4\n>p1 switch 3\n>p1 move pyroball\n>p2 move victorydance\n>p2 switch 4\n>p1 switch 3\n>p2 switch 2\n>p1 switch 4\n>p2 move closecombat\n>p1 switch 6\n>p1 move earthquake\n>p2 move closecombat\n>p2 switch 2\n>p1 move scaleshot terastallize\n>p2 move hydropump\n>p1 move ironhead\n>p2 move darkpulse\n>p2 switch 5\n>p1 move earthquake\n>p2 move shellsmash\n>p1 move ironhead\n>p2 move storedpower\n>p1 switch 2\n>p1 move knockoff\n>p2 move terablast terastallize\n>p1 switch 5\n>p1 move scald\n>p2 move storedpower\n>p2 switch 6\n>p1 move rest\n>p2 move darkpulse\n>p1 switch 3\n>p1 move highjumpkick\n>p2 move darkpulse", "uploadtime": 1733891667, "views": 14, "formatid": "gen9randombattle", "rating": 1000, "private": 0, "password": null}