{"id": "gen9randombattle-2260032423", "format": "[Gen 9] Random Battle", "players": ["Josemiguelsellan", "lilbao4545"], "log": "|j|\u2606Josemiguelsellan\n|j|\u2606lilbao4545\n|t:|1733793512\n|gametype|singles\n|player|p1|Josemiguelsellan|101|1290\n|player|p2|lilbao4545|dragontamer|1308\n|teamsize|p1|6\n|teamsize|p2|6\n|gen|9\n|tier|[Gen 9] Random Battle\n|rated|\n|rule|Species Clause: Limit one of each Pok\u00e9mon\n|rule|HP Percentage Mod: HP is shown in percentages\n|rule|Sleep Clause Mod: Limit one foe put to sleep\n|rule|Illusion Level Mod: Illusion disguises the Pok\u00e9mon's true level\n|\n|t:|1733793512\n|start\n|switch|p1a: Granbull|Granbull, L88, M|302/302\n|switch|p2a: Oranguru|Oranguru, L92, F|315/315\n|-ability|p1a: Granbull|Intimidate|boost\n|-fail|p2a: Oranguru|unboost|Attack|[from] ability: Inner Focus|[of] p2a: Oranguru\n|turn|1\n|inactive|Battle timer is ON: inactive players will automatically lose when time's up. (requested by lilbao4545)\n|\n|t:|1733793521\n|move|p2a: Oranguru|Nasty Plot|p2a: Oranguru\n|-boost|p2a: Oranguru|spa|2\n|move|p1a: Granbull|Thunder Wave|p2a: Oranguru\n|-status|p2a: Oranguru|par\n|\n|upkeep\n|turn|2\n|\n|t:|1733793530\n|move|p2a: Oranguru|Nasty Plot|p2a: Oranguru\n|-boost|p2a: Oranguru|spa|2\n|move|p1a: Granbull|Roar|p2a: Oranguru\n|drag|p2a: Scizor|Scizor, L79, M|240/240\n|\n|upkeep\n|turn|3\n|c|\u2606lilbao4545|a pajear\n|c|\u2606lilbao4545|josemiiii\n|c|\u2606lilbao4545|gordas travesitis\n|\n|t:|1733793551\n|move|p2a: Scizor|Bullet Punch|p1a: Granbull\n|-supereffective|p1a: Granbull\n|-damage|p1a: Granbull|134/302\n|move|p1a: Granbull|Thunder Wave|p2a: Scizor\n|-status|p2a: Scizor|par\n|\n|-heal|p1a: Granbull|152/302|[from] item: Leftovers\n|upkeep\n|turn|4\n|\n|t:|1733793563\n|switch|p1a: Bruxish|Bruxish, L85, F|254/254\n|move|p2a: Scizor|Bullet Punch|p1a: Bruxish\n|-resisted|p1a: Bruxish\n|-damage|p1a: Bruxish|212/254\n|\n|upkeep\n|turn|5\n|c|\u2606lilbao4545|i mar1cas\n|c|\u2606lilbao4545|barra libre de travestis para ti\n|\n|t:|1733793583\n|move|p1a: Bruxish|Wave Crash|p2a: Scizor\n|-damage|p2a: Scizor|49/240 par\n|-damage|p1a: Bruxish|149/254|[from] Recoil\n|-damage|p1a: Bruxish|124/254|[from] item: Life Orb\n|move|p2a: Scizor|Knock Off|p1a: Bruxish\n|-supereffective|p1a: Bruxish\n|-damage|p1a: Bruxish|0 fnt\n|-enditem|p1a: Bruxish|Life Orb|[from] move: Knock Off|[of] p2a: Scizor\n|faint|p1a: Bruxish\n|\n|-heal|p2a: Scizor|64/240 par|[from] item: Leftovers\n|upkeep\n|c|\u2606lilbao4545|negras blancas chinas\n|c|\u2606lilbao4545|pero todas con rabo\n|inactive|Josemiguelsellan has 120 seconds left.\n|c|\u2606lilbao4545|y quien tenga el rabo mas grande es el que penetra\n|c|\u2606Josemiguelsellan|como?\n|\n|t:|1733793620\n|switch|p1a: Shiftry|Shiftry, L89, F|305/305\n|turn|6\n|c|\u2606lilbao4545|vas con un travesti y os desnudais, pues quien tenga el rabo mas grande es el activo\n|\n|t:|1733793637\n|move|p1a: Shiftry|Knock Off|p2a: Scizor\n|-damage|p2a: Scizor|0 fnt\n|-enditem|p2a: Scizor|Leftovers|[from] move: Knock Off|[of] p1a: Shiftry\n|faint|p2a: Scizor\n|\n|upkeep\n|\n|t:|1733793654\n|switch|p2a: Greedent|Greedent, L86, M|347/347\n|turn|7\n|\n|t:|1733793661\n|move|p1a: Shiftry|Knock Off|p2a: Greedent\n|-damage|p2a: Greedent|235/347\n|-enditem|p2a: Greedent|Sitrus Berry|[from] move: Knock Off|[of] p1a: Shiftry\n|move|p2a: Greedent|Swords Dance|p2a: Greedent\n|-boost|p2a: Greedent|atk|2\n|\n|upkeep\n|turn|8\n|\n|t:|1733793665\n|move|p1a: Shiftry|Leaf Storm|p2a: Greedent\n|-damage|p2a: Greedent|78/347\n|-unboost|p1a: Shiftry|spa|2\n|move|p2a: Greedent|Double-Edge|p1a: Shiftry\n|-damage|p1a: Shiftry|0 fnt\n|faint|p1a: Shiftry\n|-damage|p2a: Greedent|0 fnt|[from] Recoil\n|faint|p2a: Greedent\n|\n|upkeep\n|c|\u2606lilbao4545|y le pajeeeas\n|inactive|Josemiguelsellan has 120 seconds left.\n|\n|t:|1733793675\n|switch|p1a: Granbull|Granbull, L88, M|152/302\n|switch|p2a: Gengar|Gengar, L81, M|230/230\n|-ability|p1a: Granbull|Intimidate|boost\n|-unboost|p2a: Gengar|atk|1\n|turn|9\n|\n|t:|1733793679\n|move|p2a: Gengar|Sludge Wave|p1a: Granbull\n|-supereffective|p1a: Granbull\n|-damage|p1a: Granbull|0 fnt\n|faint|p1a: Granbull\n|\n|upkeep\n|\n|t:|1733793687\n|switch|p1a: Roaring Moon|Roaring Moon, L72|270/270\n|turn|10\n|\n|t:|1733793697\n|switch|p2a: Minun|Minun, L95, M|268/268\n|move|p1a: Roaring Moon|Knock Off|p2a: Minun\n|-damage|p2a: Minun|147/268\n|-enditem|p2a: Minun|Life Orb|[from] move: Knock Off|[of] p1a: Roaring Moon\n|\n|upkeep\n|turn|11\n|\n|t:|1733793709\n|move|p2a: Minun|Thunderbolt|p1a: Roaring Moon\n|-resisted|p1a: Roaring Moon\n|-damage|p1a: Roaring Moon|221/270\n|move|p1a: Roaring Moon|Dragon Dance|p1a: Roaring Moon\n|-boost|p1a: Roaring Moon|atk|1\n|-boost|p1a: Roaring Moon|spe|1\n|\n|upkeep\n|turn|12\n|\n|t:|1733793719\n|move|p1a: Roaring Moon|Outrage|p2a: Minun\n|-damage|p2a: Minun|0 fnt\n|faint|p2a: Minun\n|\n|upkeep\n|\n|t:|1733793728\n|switch|p2a: Landorus|Landorus, L75, M|257/257\n|turn|13\n|\n|t:|1733793733\n|move|p1a: Roaring Moon|Outrage|p2a: Landorus|[from]lockedmove\n|-damage|p2a: Landorus|52/257\n|move|p2a: Landorus|Focus Blast|p1a: Roaring Moon\n|-supereffective|p1a: Roaring Moon\n|-damage|p1a: Roaring Moon|0 fnt\n|faint|p1a: Roaring Moon\n|-end|p1a: Roaring Moon|Protosynthesis|[silent]\n|\n|upkeep\n|\n|t:|1733793743\n|switch|p1a: Clefable|Clefable, L83, M|293/293\n|turn|14\n|\n|t:|1733793751\n|move|p2a: Landorus|Sludge Wave|p1a: Clefable\n|-supereffective|p1a: Clefable\n|-damage|p1a: Clefable|88/293\n|move|p1a: Clefable|Knock Off|p2a: Landorus\n|-crit|p2a: Landorus\n|-damage|p2a: Landorus|0 fnt\n|-enditem|p2a: Landorus|Life Orb|[from] move: Knock Off|[of] p1a: Clefable\n|faint|p2a: Landorus\n|\n|upkeep\n|\n|t:|1733793757\n|switch|p2a: Gengar|Gengar, L81, M|230/230\n|turn|15\n|\n|t:|1733793760\n|switch|p1a: Bronzong|Bronzong, L88|261/261\n|move|p2a: Gengar|Sludge Wave|p1a: Bronzong\n|-immune|p1a: Bronzong\n|\n|upkeep\n|turn|16\n|\n|t:|1733793764\n|switch|p2a: Oranguru|Oranguru, L92, F|315/315 par\n|-terastallize|p1a: Bronzong|Water\n|move|p1a: Bronzong|Earthquake|p2a: Oranguru\n|-damage|p2a: Oranguru|241/315 par\n|\n|-heal|p2a: Oranguru|260/315 par|[from] item: Leftovers\n|upkeep\n|turn|17\n|\n|t:|1733793772\n|switch|p1a: Clefable|Clefable, L83, M|88/293\n|move|p2a: Oranguru|Thunderbolt|p1a: Clefable\n|-damage|p1a: Clefable|18/293\n|-status|p1a: Clefable|par\n|\n|-heal|p2a: Oranguru|279/315 par|[from] item: Leftovers\n|upkeep\n|turn|18\n|\n|t:|1733793779\n|move|p2a: Oranguru|Thunderbolt|p1a: Clefable\n|-damage|p1a: Clefable|0 fnt\n|faint|p1a: Clefable\n|\n|-heal|p2a: Oranguru|298/315 par|[from] item: Leftovers\n|upkeep\n|c|\u2606lilbao4545|a mamar\n|\n|t:|1733793789\n|switch|p1a: Bronzong|Bronzong, L88, tera:Water|261/261\n|turn|19\n|c|\u2606lilbao4545|rabo de travesti\n|c|\u2606lilbao4545|te voy a dar el mejor consejo cuando tengas sexo con travestis\n|c|\u2606lilbao4545|pajeala para que no te la quiera meter\n|\n|t:|1733793812\n|move|p1a: Bronzong|Iron Head|p2a: Oranguru\n|-damage|p2a: Oranguru|207/315 par\n|move|p2a: Oranguru|Thunderbolt|p1a: Bronzong\n|-supereffective|p1a: Bronzong\n|-damage|p1a: Bronzong|159/261\n|\n|-heal|p1a: Bronzong|175/261|[from] item: Leftovers\n|-heal|p2a: Oranguru|226/315 par|[from] item: Leftovers\n|upkeep\n|turn|20\n|\n|t:|1733793821\n|-terastallize|p2a: Oranguru|Electric\n|move|p1a: Bronzong|Iron Head|p2a: Oranguru\n|-resisted|p2a: Oranguru\n|-damage|p2a: Oranguru|185/315 par\n|move|p2a: Oranguru|Thunderbolt|p1a: Bronzong\n|-supereffective|p1a: Bronzong\n|-damage|p1a: Bronzong|7/261\n|\n|-heal|p1a: Bronzong|23/261|[from] item: Leftovers\n|-heal|p2a: Oranguru|204/315 par|[from] item: Leftovers\n|upkeep\n|turn|21\n|\n|t:|1733793829\n|move|p1a: Bronzong|Psychic|p2a: Oranguru\n|-damage|p2a: Oranguru|135/315 par\n|cant|p2a: Oranguru|par\n|\n|-heal|p1a: Bronzong|39/261|[from] item: Leftovers\n|-heal|p2a: Oranguru|154/315 par|[from] item: Leftovers\n|upkeep\n|turn|22\n|\n|t:|1733793835\n|move|p1a: Bronzong|Iron Head|p2a: Oranguru\n|-resisted|p2a: Oranguru\n|-damage|p2a: Oranguru|114/315 par\n|move|p2a: Oranguru|Thunderbolt|p1a: Bronzong\n|-supereffective|p1a: Bronzong\n|-damage|p1a: Bronzong|0 fnt\n|faint|p1a: Bronzong\n|\n|win|lilbao4545\n", "inputlog": ">version bfd83cad13791eb5a5a409923076391caf6fb4d4\n>start {\"formatid\":\"gen9randombattle\",\"seed\":[332,36729,2697,35148],\"rated\":\"Rated battle\"}\n>player p1 {\"name\":\"Josemiguelsellan\",\"avatar\":\"101\",\"rating\":1290,\"seed\":[29003,19038,27651,9132]}\n>player p2 {\"name\":\"lilbao4545\",\"avatar\":\"dragontamer\",\"rating\":1308,\"seed\":[58830,61924,61033,27027]}\n>p1 move thunderwave\n>p2 move nastyplot\n>p1 move roar\n>p2 move nastyplot\n>chat \u2606lilbao4545|a pajear\n>chat \u2606lilbao4545|josemiiii\n>chat \u2606lilbao4545|gordas travesitis\n>p1 move thunderwave\n>p2 move bulletpunch\n>chat \u2606lilbao4545|\u00a1 maricas\n>p1 switch 6\n>p2 move bulletpunch\n>chat \u2606lilbao4545|i mar1cas\n>chat \u2606lilbao4545|barra libre de travestis para ti\n>p1 move wavecrash\n>p2 move knockoff\n>chat \u2606lilbao4545|negras blancas chinas\n>chat \u2606lilbao4545|pero todas con rabo \n>chat \u2606lilbao4545|y quien tenga el rabo mas grande es el que penetra\n>chat \u2606Josemiguelsellan|como?\n>p1 switch 5\n>chat \u2606lilbao4545|vas con un travesti y os desnudais, pues quien tenga el rabo mas grande es el activo \n>p1 move knockoff\n>p2 move closecombat\n>p2 switch 3\n>p1 move knockoff\n>p2 move swordsdance\n>p1 move leafstorm\n>p2 move doubleedge\n>chat \u2606lilbao4545|y le pajeeeas\n>p1 switch 6\n>p2 switch 4\n>p1 move thunderwave\n>p2 move sludgewave\n>p1 switch 3\n>p1 move knockoff\n>p2 switch 2\n>p1 move dragondance\n>p2 move thunderbolt\n>p1 move outrage\n>p2 move encore\n>p2 switch 5\n>p1 move outrage\n>p2 move focusblast\n>p1 switch 2\n>p1 move knockoff\n>p2 move sludgewave\n>p2 switch 2\n>p1 switch 4\n>p2 move sludgewave\n>p1 move earthquake terastallize\n>p2 switch 6\n>p1 switch 4\n>p2 move thunderbolt\n>p1 move moonlight\n>p2 move thunderbolt\n>chat \u2606lilbao4545|a mamar\n>p1 switch 4\n>chat \u2606lilbao4545|rabo de travesti\n>chat \u2606lilbao4545|te voy a dar el mejor consejo cuando tengas sexo con travestis\n>chat \u2606lilbao4545|pajeala para que no te la quiera meter\n>p1 move ironhead\n>p2 move thunderbolt\n>p1 move ironhead\n>p2 move thunderbolt terastallize\n>p1 move psychic\n>p2 move thunderbolt\n>p1 move ironhead\n>p2 move thunderbolt", "uploadtime": 1733793790, "views": 2, "formatid": "gen9randombattle", "rating": null, "private": 0, "password": null}