{"id": "gen9randombattle-2143322080", "format": "[Gen 9] Random Battle", "players": ["Tinkatwink", "jameshardie"], "log": "|j|\u2606Tinkatwink\n|j|\u2606jameshardie\n|t:|1718387482\n|gametype|singles\n|player|p1|Tinkatwink|tulip|2261\n|player|p2|jameshardie|169|2202\n|teamsize|p1|6\n|teamsize|p2|6\n|gen|9\n|tier|[Gen 9] Random Battle\n|rated|\n|rule|Species Clause: Limit one of each Pok\u00e9mon\n|rule|HP Percentage Mod: HP is shown in percentages\n|rule|Sleep Clause Mod: Limit one foe put to sleep\n|rule|Illusion Level Mod: Illusion disguises the Pok\u00e9mon's true level\n|\n|t:|1718387482\n|start\n|switch|p1a: Chimecho|Chimecho, L94, M|293/293\n|switch|p2a: Cramorant|Cramorant, L86, M|261/261\n|turn|1\n|\n|t:|1718387504\n|switch|p2a: Orthworm|Orthworm, L88, M|266/266\n|switch|p1a: Umbreon|Umbreon, L84, M|297/297\n|\n|upkeep\n|turn|2\n|\n|t:|1718387516\n|switch|p1a: Arceus|Arceus-Poison, L72|292/292\n|move|p2a: Orthworm|Shed Tail|p2a: Orthworm\n|-start|p2a: Orthworm|Substitute|[from] move: Shed Tail\n|-damage|p2a: Orthworm|133/266\n|\n|t:|1718387549\n|switch|p2a: Koraidon|Koraidon, L64|235/235|[from] Shed Tail\n|-weather|SunnyDay|[from] ability: Orichalcum Pulse|[of] p2a: Koraidon\n|-activate|p2a: Koraidon|Orichalcum Pulse|[source]\n|\n|-weather|SunnyDay|[upkeep]\n|upkeep\n|turn|3\n|\n|t:|1718387556\n|move|p1a: Arceus|Earthquake|p2a: Koraidon\n|-end|p2a: Koraidon|Substitute\n|move|p2a: Koraidon|Swords Dance|p2a: Koraidon\n|-boost|p2a: Koraidon|atk|2\n|\n|-weather|SunnyDay|[upkeep]\n|upkeep\n|turn|4\n|\n|t:|1718387569\n|move|p1a: Arceus|Gunk Shot|p2a: Koraidon|[miss]\n|-miss|p1a: Arceus|p2a: Koraidon\n|move|p2a: Koraidon|Scale Shot|p1a: Arceus\n|-damage|p1a: Arceus|241/292\n|-crit|p1a: Arceus\n|-damage|p1a: Arceus|162/292\n|-damage|p1a: Arceus|108/292\n|-damage|p1a: Arceus|54/292\n|-damage|p1a: Arceus|8/292\n|-hitcount|p1a: Arceus|5\n|-unboost|p2a: Koraidon|def|1\n|-boost|p2a: Koraidon|spe|1\n|\n|-weather|SunnyDay|[upkeep]\n|upkeep\n|turn|5\n|\n|t:|1718387576\n|move|p2a: Koraidon|Collision Course|p1a: Arceus\n|-resisted|p1a: Arceus\n|-damage|p1a: Arceus|0 fnt\n|faint|p1a: Arceus\n|\n|-weather|SunnyDay|[upkeep]\n|upkeep\n|\n|t:|1718387577\n|switch|p1a: Politoed|Politoed, L88, F|302/302\n|-weather|RainDance|[from] ability: Drizzle|[of] p1a: Politoed\n|turn|6\n|\n|t:|1718387599\n|switch|p2a: Tatsugiri|Tatsugiri, L86, F|257/257\n|move|p1a: Politoed|Ice Beam|p2a: Tatsugiri\n|-damage|p2a: Tatsugiri|198/257\n|\n|-weather|RainDance|[upkeep]\n|upkeep\n|turn|7\n|\n|t:|1718387606\n|switch|p1a: Umbreon|Umbreon, L84, M|297/297\n|move|p2a: Tatsugiri|Nasty Plot|p2a: Tatsugiri\n|-boost|p2a: Tatsugiri|spa|2\n|\n|-weather|RainDance|[upkeep]\n|upkeep\n|turn|8\n|\n|t:|1718387611\n|move|p2a: Tatsugiri|Surf|p1a: Umbreon\n|-crit|p1a: Umbreon\n|-damage|p1a: Umbreon|0 fnt\n|faint|p1a: Umbreon\n|-damage|p2a: Tatsugiri|173/257|[from] item: Life Orb\n|\n|-weather|RainDance|[upkeep]\n|upkeep\n|\n|t:|1718387615\n|switch|p1a: Roaring Moon|Roaring Moon, L72|270/270\n|-enditem|p1a: Roaring Moon|Booster Energy\n|-activate|p1a: Roaring Moon|ability: Protosynthesis|[fromitem]\n|-start|p1a: Roaring Moon|protosynthesisatk\n|turn|9\n|\n|t:|1718387622\n|move|p1a: Roaring Moon|Knock Off|p2a: Tatsugiri\n|-damage|p2a: Tatsugiri|0 fnt\n|-enditem|p2a: Tatsugiri|Life Orb|[from] move: Knock Off|[of] p1a: Roaring Moon\n|faint|p2a: Tatsugiri\n|\n|-weather|RainDance|[upkeep]\n|upkeep\n|\n|t:|1718387639\n|switch|p2a: Orthworm|Orthworm, L88, M|133/266\n|turn|10\n|\n|t:|1718387646\n|-terastallize|p1a: Roaring Moon|Flying\n|move|p1a: Roaring Moon|Dragon Dance|p1a: Roaring Moon\n|-boost|p1a: Roaring Moon|atk|1\n|-boost|p1a: Roaring Moon|spe|1\n|move|p2a: Orthworm|Body Press|p1a: Roaring Moon\n|-resisted|p1a: Roaring Moon\n|-damage|p1a: Roaring Moon|213/270\n|\n|-weather|none\n|-heal|p2a: Orthworm|149/266|[from] item: Leftovers\n|upkeep\n|turn|11\n|\n|t:|1718387653\n|move|p1a: Roaring Moon|Dragon Dance|p1a: Roaring Moon\n|-boost|p1a: Roaring Moon|atk|1\n|-boost|p1a: Roaring Moon|spe|1\n|move|p2a: Orthworm|Shed Tail|p2a: Orthworm\n|-start|p2a: Orthworm|Substitute|[from] move: Shed Tail\n|-damage|p2a: Orthworm|16/266\n|\n|t:|1718387666\n|switch|p2a: Koraidon|Koraidon, L64|235/235|[from] Shed Tail\n|-weather|SunnyDay|[from] ability: Orichalcum Pulse|[of] p2a: Koraidon\n|-activate|p2a: Koraidon|Orichalcum Pulse|[source]\n|\n|-weather|SunnyDay|[upkeep]\n|upkeep\n|turn|12\n|\n|t:|1718387671\n|-terastallize|p2a: Koraidon|Fire\n|move|p1a: Roaring Moon|Acrobatics|p2a: Koraidon\n|-end|p2a: Koraidon|Substitute\n|move|p2a: Koraidon|Flare Blitz|p1a: Roaring Moon\n|-damage|p1a: Roaring Moon|0 fnt\n|faint|p1a: Roaring Moon\n|-end|p1a: Roaring Moon|Protosynthesis|[silent]\n|-damage|p2a: Koraidon|165/235|[from] Recoil\n|\n|-weather|SunnyDay|[upkeep]\n|upkeep\n|\n|t:|1718387675\n|switch|p1a: Politoed|Politoed, L88, F|302/302\n|-weather|RainDance|[from] ability: Drizzle|[of] p1a: Politoed\n|turn|13\n|\n|t:|1718387682\n|switch|p2a: Orthworm|Orthworm, L88, M|16/266\n|move|p1a: Politoed|Hydro Pump|p2a: Orthworm\n|-damage|p2a: Orthworm|0 fnt\n|faint|p2a: Orthworm\n|\n|-weather|RainDance|[upkeep]\n|upkeep\n|\n|t:|1718387696\n|switch|p2a: Koraidon|Koraidon, L64, tera:Fire|165/235\n|-weather|SunnyDay|[from] ability: Orichalcum Pulse|[of] p2a: Koraidon\n|-activate|p2a: Koraidon|Orichalcum Pulse|[source]\n|turn|14\n|\n|t:|1718387704\n|move|p2a: Koraidon|Swords Dance|p2a: Koraidon\n|-boost|p2a: Koraidon|atk|2\n|move|p1a: Politoed|Hydro Pump|p2a: Koraidon\n|-supereffective|p2a: Koraidon\n|-damage|p2a: Koraidon|19/235\n|\n|-weather|SunnyDay|[upkeep]\n|upkeep\n|turn|15\n|\n|t:|1718387709\n|move|p2a: Koraidon|Scale Shot|p1a: Politoed\n|-damage|p1a: Politoed|245/302\n|-damage|p1a: Politoed|181/302\n|-crit|p1a: Politoed\n|-damage|p1a: Politoed|99/302\n|-damage|p1a: Politoed|39/302\n|-damage|p1a: Politoed|0 fnt\n|faint|p1a: Politoed\n|-hitcount|p1: Politoed|5\n|-unboost|p2a: Koraidon|def|1\n|-boost|p2a: Koraidon|spe|1\n|\n|-weather|SunnyDay|[upkeep]\n|upkeep\n|\n|t:|1718387715\n|switch|p1a: Chimecho|Chimecho, L94, M|293/293\n|turn|16\n|\n|t:|1718387720\n|move|p2a: Koraidon|Scale Shot|p1a: Chimecho\n|-damage|p1a: Chimecho|242/293\n|-damage|p1a: Chimecho|187/293\n|-damage|p1a: Chimecho|135/293\n|-damage|p1a: Chimecho|83/293\n|-hitcount|p1a: Chimecho|4\n|-unboost|p2a: Koraidon|def|1\n|-boost|p2a: Koraidon|spe|1\n|move|p1a: Chimecho|Recover|p1a: Chimecho\n|-heal|p1a: Chimecho|230/293\n|\n|-weather|SunnyDay|[upkeep]\n|-heal|p1a: Chimecho|248/293|[from] item: Leftovers\n|upkeep\n|turn|17\n|\n|t:|1718387732\n|move|p2a: Koraidon|Scale Shot|p1a: Chimecho\n|-damage|p1a: Chimecho|191/293\n|-damage|p1a: Chimecho|139/293\n|-damage|p1a: Chimecho|82/293\n|-crit|p1a: Chimecho\n|-damage|p1a: Chimecho|1/293\n|-hitcount|p1a: Chimecho|4\n|-unboost|p2a: Koraidon|def|1\n|-boost|p2a: Koraidon|spe|1\n|move|p1a: Chimecho|Psychic Noise|p2a: Koraidon\n|-damage|p2a: Koraidon|0 fnt\n|faint|p2a: Koraidon\n|\n|-weather|SunnyDay|[upkeep]\n|-heal|p1a: Chimecho|19/293|[from] item: Leftovers\n|upkeep\n|\n|t:|1718387736\n|switch|p2a: Cramorant|Cramorant, L86, M|261/261\n|turn|18\n|\n|t:|1718387739\n|switch|p1a: Dialga|Dialga, L73|266/266\n|-ability|p1a: Dialga|Pressure\n|move|p2a: Cramorant|Surf|p1a: Dialga\n|-formechange|p2a: Cramorant|Cramorant-Gulping|\n|-resisted|p1a: Dialga\n|-crit|p1a: Dialga\n|-damage|p1a: Dialga|230/266\n|\n|-weather|none\n|-heal|p1a: Dialga|246/266|[from] item: Leftovers\n|upkeep\n|turn|19\n|\n|t:|1718387747\n|move|p2a: Cramorant|Brave Bird|p1a: Dialga\n|-resisted|p1a: Dialga\n|-damage|p1a: Dialga|190/266\n|-damage|p2a: Cramorant|243/261|[from] Recoil\n|move|p1a: Dialga|Stealth Rock|p2a: Cramorant\n|-sidestart|p2: jameshardie|move: Stealth Rock\n|\n|-heal|p1a: Dialga|206/266|[from] item: Leftovers\n|upkeep\n|turn|20\n|\n|t:|1718387753\n|move|p2a: Cramorant|Defog|p1a: Dialga\n|-unboost|p1a: Dialga|evasion|1\n|-sideend|p2: jameshardie|Stealth Rock|[from] move: Defog|[of] p2a: Cramorant\n|move|p1a: Dialga|Draco Meteor|p2a: Cramorant\n|-damage|p2a: Cramorant|105/261\n|-unboost|p1a: Dialga|spa|2\n|-damage|p1a: Dialga|140/266|[from] ability: Gulp Missile|[of] p2a: Cramorant\n|-unboost|p1a: Dialga|def|1\n|-formechange|p2a: Cramorant|Cramorant|\n|\n|-heal|p1a: Dialga|156/266|[from] item: Leftovers\n|upkeep\n|turn|21\n|\n|t:|1718387758\n|move|p2a: Cramorant|Roost|p2a: Cramorant\n|-heal|p2a: Cramorant|236/261\n|-singleturn|p2a: Cramorant|move: Roost\n|move|p1a: Dialga|Draco Meteor|p2a: Cramorant\n|-damage|p2a: Cramorant|167/261\n|-unboost|p1a: Dialga|spa|2\n|\n|-heal|p1a: Dialga|172/266|[from] item: Leftovers\n|upkeep\n|turn|22\n|-message|Tinkatwink forfeited.\n|\n|win|jameshardie\n|raw|Tinkatwink's rating: 2261 &rarr; <strong>2238</strong><br />(-23 for losing)\n|raw|jameshardie's rating: 2202 &rarr; <strong>2225</strong><br />(+23 for winning)\n|l|\u2606Tinkatwink\n|player|p1|\n", "inputlog": ">version e046c5ea766451ca9500a73fe72ec774e92e6f7e\n>start {\"formatid\":\"gen9randombattle\",\"seed\":[54348,65418,18113,26435],\"rated\":\"Rated battle\"}\n>player p1 {\"name\":\"Tinkatwink\",\"avatar\":\"tulip\",\"rating\":2261,\"seed\":[27911,59818,6361,63776]}\n>player p2 {\"name\":\"jameshardie\",\"avatar\":\"169\",\"rating\":2202,\"seed\":[27852,14968,4520,51219]}\n>p1 switch 5\n>p2 switch 6\n>p1 switch 3\n>p2 move shedtail\n>p2 switch 5\n>p1 move earthquake\n>p2 move swordsdance\n>p1 move gunkshot\n>p2 move scaleshot\n>p1 move earthquake\n>p2 move collisioncourse\n>p1 switch 4\n>p1 move icebeam\n>p2 switch 3\n>p1 switch 3\n>p2 move nastyplot\n>p1 move toxic\n>p2 move surf\n>p1 switch 2\n>p1 move knockoff\n>p2 move dracometeor\n>p2 switch 5\n>p1 move dragondance terastallize\n>p2 move bodypress\n>p1 move dragondance\n>p2 move shedtail\n>p2 switch 3\n>p1 move acrobatics\n>p2 move flareblitz terastallize\n>p1 switch 3\n>p1 move hydropump\n>p2 switch 3\n>p2 switch 3\n>p1 move hydropump\n>p2 move swordsdance\n>p1 move icebeam\n>p2 move scaleshot\n>p1 switch 5\n>p1 move recover\n>p2 move scaleshot\n>p1 move psychicnoise\n>p2 move scaleshot\n>p2 switch 6\n>p1 switch 6\n>p2 move surf\n>p1 move stealthrock\n>p2 move bravebird\n>p1 move dracometeor\n>p2 move defog\n>p1 move dracometeor\n>p2 move roost\n>forcelose p1", "uploadtime": 1718387767, "views": 177, "formatid": "gen9randombattle", "rating": 2225, "private": 0, "password": null}