{"id": "gen9randombattle-2259963276", "format": "[Gen 9] Random Battle", "players": ["srthrtshrthserg", "Champion's Melody"], "log": "|j|\u2606srthrtshrthserg\n|j|\u2606Champion's Melody\n|t:|1733784902\n|gametype|singles\n|player|p1|srthrtshrthserg|170|1083\n|player|p2|Champion's Melody|gambler|1094\n|teamsize|p1|6\n|teamsize|p2|6\n|gen|9\n|tier|[Gen 9] Random Battle\n|rated|\n|rule|Species Clause: Limit one of each Pok\u00e9mon\n|rule|HP Percentage Mod: HP is shown in percentages\n|rule|Sleep Clause Mod: Limit one foe put to sleep\n|rule|Illusion Level Mod: Illusion disguises the Pok\u00e9mon's true level\n|\n|t:|1733784902\n|start\n|switch|p1a: Golem|Golem-Alola, L93, F|300/300\n|switch|p2a: Groudon|Groudon, L72|263/263\n|-weather|SunnyDay|[from] ability: Drought|[of] p2a: Groudon\n|turn|1\n|inactive|Battle timer is ON: inactive players will automatically lose when time's up. (requested by Champion's Melody)\n|\n|t:|1733784920\n|switch|p1a: Manaphy|Manaphy, L78|284/284\n|move|p2a: Groudon|Stealth Rock|p1a: Manaphy\n|-sidestart|p1: srthrtshrthserg|move: Stealth Rock\n|\n|-weather|SunnyDay|[upkeep]\n|upkeep\n|turn|2\n|\n|t:|1733784929\n|switch|p2a: Lurantis|Lurantis, L87, F|264/264\n|move|p1a: Manaphy|Tail Glow|p1a: Manaphy\n|-boost|p1a: Manaphy|spa|3\n|\n|-weather|SunnyDay|[upkeep]\n|upkeep\n|turn|3\n|\n|t:|1733784937\n|move|p1a: Manaphy|Ice Beam|p2a: Lurantis\n|-supereffective|p2a: Lurantis\n|-damage|p2a: Lurantis|0 fnt\n|faint|p2a: Lurantis\n|\n|-weather|SunnyDay|[upkeep]\n|upkeep\n|\n|t:|1733784949\n|switch|p2a: Pachirisu|Pachirisu, L96, F|271/271\n|turn|4\n|\n|t:|1733784970\n|-terastallize|p1a: Manaphy|Grass\n|move|p2a: Pachirisu|Discharge|p1a: Manaphy\n|-resisted|p1a: Manaphy\n|-damage|p1a: Manaphy|255/284\n|move|p1a: Manaphy|Energy Ball|p2a: Pachirisu\n|-damage|p2a: Pachirisu|100/271\n|\n|-weather|SunnyDay|[upkeep]\n|-heal|p1a: Manaphy|272/284|[from] item: Leftovers\n|upkeep\n|turn|5\n|\n|t:|1733784985\n|move|p2a: Pachirisu|Super Fang|p1a: Manaphy\n|-damage|p1a: Manaphy|136/284\n|move|p1a: Manaphy|Energy Ball|p2a: Pachirisu\n|-damage|p2a: Pachirisu|0 fnt\n|faint|p2a: Pachirisu\n|\n|-weather|none\n|-heal|p1a: Manaphy|153/284|[from] item: Leftovers\n|upkeep\n|\n|t:|1733784997\n|switch|p2a: Porygon2|Porygon2, L82|274/274\n|-ability|p2a: Porygon2|Download|boost\n|-boost|p2a: Porygon2|spa|1\n|turn|6\n|\n|t:|1733785003\n|move|p1a: Manaphy|Energy Ball|p2a: Porygon2\n|-damage|p2a: Porygon2|145/274\n|move|p2a: Porygon2|Tri Attack|p1a: Manaphy\n|-damage|p1a: Manaphy|36/284\n|\n|-heal|p1a: Manaphy|53/284|[from] item: Leftovers\n|upkeep\n|turn|7\n|\n|t:|1733785014\n|move|p1a: Manaphy|Energy Ball|p2a: Porygon2\n|-damage|p2a: Porygon2|0 fnt\n|faint|p2a: Porygon2\n|\n|-heal|p1a: Manaphy|70/284|[from] item: Leftovers\n|upkeep\n|\n|t:|1733785021\n|switch|p2a: Dachsbun|Dachsbun, L92, M|254/254\n|turn|8\n|\n|t:|1733785026\n|move|p2a: Dachsbun|Play Rough|p1a: Manaphy\n|-damage|p1a: Manaphy|0 fnt\n|faint|p1a: Manaphy\n|\n|upkeep\n|\n|t:|1733785038\n|switch|p1a: Ariados|Ariados, L95, M|287/287\n|turn|9\n|\n|t:|1733785048\n|move|p2a: Dachsbun|Protect|p2a: Dachsbun\n|-singleturn|p2a: Dachsbun|Protect\n|move|p1a: Ariados|Sticky Web|p2a: Dachsbun\n|-sidestart|p2: Champion's Melody|move: Sticky Web\n|\n|upkeep\n|turn|10\n|\n|t:|1733785052\n|move|p2a: Dachsbun|Protect||[still]\n|-fail|p2a: Dachsbun\n|move|p1a: Ariados|Poison Jab|p2a: Dachsbun\n|-supereffective|p2a: Dachsbun\n|-damage|p2a: Dachsbun|102/254\n|-status|p2a: Dachsbun|psn\n|\n|-heal|p2a: Dachsbun|117/254 psn|[from] item: Leftovers\n|-damage|p2a: Dachsbun|86/254 psn|[from] psn\n|upkeep\n|turn|11\n|\n|t:|1733785061\n|move|p2a: Dachsbun|Stomping Tantrum|p1a: Ariados\n|-crit|p1a: Ariados\n|-damage|p1a: Ariados|120/287\n|move|p1a: Ariados|Poison Jab|p2a: Dachsbun\n|-supereffective|p2a: Dachsbun\n|-damage|p2a: Dachsbun|0 fnt\n|faint|p2a: Dachsbun\n|\n|upkeep\n|\n|t:|1733785071\n|switch|p2a: Regirock|Regirock, L83|268/268\n|-activate|p2a: Regirock|move: Sticky Web\n|-fail|p2a: Regirock|unboost|[from] ability: Clear Body|[of] p2a: Regirock\n|turn|12\n|\n|t:|1733785077\n|move|p2a: Regirock|Stone Edge|p1a: Ariados\n|-supereffective|p1a: Ariados\n|-damage|p1a: Ariados|0 fnt\n|faint|p1a: Ariados\n|\n|upkeep\n|\n|t:|1733785083\n|switch|p1a: Golem|Golem-Alola, L93, F|300/300\n|-damage|p1a: Golem|263/300|[from] Stealth Rock\n|turn|13\n|\n|t:|1733785090\n|move|p1a: Golem|Earthquake|p2a: Regirock\n|-supereffective|p2a: Regirock\n|-damage|p2a: Regirock|122/268\n|move|p2a: Regirock|Iron Defense|p2a: Regirock\n|-boost|p2a: Regirock|def|2\n|\n|-heal|p2a: Regirock|138/268|[from] item: Leftovers\n|upkeep\n|turn|14\n|\n|t:|1733785100\n|switch|p1a: Empoleon|Empoleon, L84, M|278/278\n|-damage|p1a: Empoleon|261/278|[from] Stealth Rock\n|move|p2a: Regirock|Thunder Wave|p1a: Empoleon\n|-status|p1a: Empoleon|par\n|\n|-heal|p2a: Regirock|154/268|[from] item: Leftovers\n|-heal|p1a: Empoleon|278/278 par|[from] item: Leftovers\n|upkeep\n|turn|15\n|\n|t:|1733785112\n|-terastallize|p2a: Regirock|Fighting\n|move|p2a: Regirock|Iron Defense|p2a: Regirock\n|-boost|p2a: Regirock|def|2\n|move|p1a: Empoleon|Surf|p2a: Regirock\n|-damage|p2a: Regirock|60/268\n|\n|-heal|p2a: Regirock|76/268|[from] item: Leftovers\n|upkeep\n|turn|16\n|\n|t:|1733785121\n|move|p2a: Regirock|Body Press|p1a: Empoleon\n|-supereffective|p1a: Empoleon\n|-damage|p1a: Empoleon|0 fnt\n|faint|p1a: Empoleon\n|\n|-heal|p2a: Regirock|92/268|[from] item: Leftovers\n|upkeep\n|\n|t:|1733785123\n|switch|p1a: Ninetales|Ninetales-Alola, L78, M|242/242\n|-damage|p1a: Ninetales|182/242|[from] Stealth Rock\n|-weather|Snow|[from] ability: Snow Warning|[of] p1a: Ninetales\n|turn|17\n|\n|t:|1733785132\n|move|p1a: Ninetales|Moonblast|p2a: Regirock\n|-supereffective|p2a: Regirock\n|-damage|p2a: Regirock|0 fnt\n|faint|p2a: Regirock\n|\n|-weather|Snow|[upkeep]\n|upkeep\n|\n|t:|1733785137\n|switch|p2a: Groudon|Groudon, L72|263/263\n|-activate|p2a: Groudon|move: Sticky Web\n|-unboost|p2a: Groudon|spe|1\n|-weather|SunnyDay|[from] ability: Drought|[of] p2a: Groudon\n|turn|18\n|\n|t:|1733785145\n|move|p1a: Ninetales|Aurora Veil||[still]\n|-fail|p1a: Ninetales\n|move|p2a: Groudon|Precipice Blades|p1a: Ninetales\n|-damage|p1a: Ninetales|28/242\n|\n|-weather|SunnyDay|[upkeep]\n|upkeep\n|turn|19\n|\n|t:|1733785152\n|move|p1a: Ninetales|Blizzard|p2a: Groudon\n|-supereffective|p2a: Groudon\n|-damage|p2a: Groudon|59/263\n|move|p2a: Groudon|Precipice Blades|p1a: Ninetales|[miss]\n|-miss|p2a: Groudon|p1a: Ninetales\n|\n|-weather|SunnyDay|[upkeep]\n|-heal|p2a: Groudon|75/263|[from] item: Leftovers\n|upkeep\n|turn|20\n|\n|t:|1733785160\n|move|p1a: Ninetales|Blizzard|p2a: Groudon\n|-supereffective|p2a: Groudon\n|-damage|p2a: Groudon|0 fnt\n|faint|p2a: Groudon\n|\n|win|srthrtshrthserg\n|raw|srthrtshrthserg's rating: 1083 &rarr; <strong>1111</strong><br />(+28 for winning)\n|raw|Champion&apos;s Melody's rating: 1094 &rarr; <strong>1069</strong><br />(-25 for losing)\n|l|\u2606srthrtshrthserg\n|player|p1|\n|c|\u2606Champion's Melody|gg\n", "inputlog": ">version bfd83cad13791eb5a5a409923076391caf6fb4d4\n>start {\"formatid\":\"gen9randombattle\",\"seed\":[44542,46993,49233,14328],\"rated\":\"Rated battle\"}\n>player p1 {\"name\":\"srthrtshrthserg\",\"avatar\":\"170\",\"rating\":1083,\"seed\":[9078,41995,38787,64321]}\n>player p2 {\"name\":\"Champion's Melody\",\"avatar\":\"gambler\",\"rating\":1094,\"seed\":[56093,51188,45473,2985]}\n>p1 switch 5\n>p2 move stealthrock\n>p1 move tailglow\n>p2 switch 3\n>p1 move icebeam\n>p2 move leafstorm\n>p2 switch 6\n>p1 move energyball terastallize\n>p2 move discharge\n>p1 move energyball\n>p2 move superfang\n>p2 switch 2\n>p1 move energyball\n>p2 move triattack\n>p1 move energyball\n>p2 move triattack\n>p2 switch 4\n>p1 move energyball\n>p2 move playrough\n>p1 switch 3\n>p1 move stickyweb\n>p2 move protect\n>p1 move poisonjab\n>p2 move protect\n>p1 move poisonjab\n>p2 move stompingtantrum\n>p2 switch 5\n>p1 move poisonjab\n>p2 move stoneedge\n>p1 switch 5\n>p1 move earthquake\n>p2 move irondefense\n>p1 switch 6\n>p2 move thunderwave\n>p1 move surf\n>p2 move irondefense terastallize\n>p1 move surf\n>p2 move bodypress\n>p1 switch 2\n>p1 move moonblast\n>p2 move thunderwave\n>p2 switch 3\n>p1 move auroraveil\n>p2 move precipiceblades\n>p1 move blizzard\n>p2 move precipiceblades\n>p1 move blizzard\n>p2 move heatcrash", "uploadtime": 1733785169, "views": 1, "formatid": "gen9randombattle", "rating": 1069, "private": 0, "password": null}