{"id": "gen9randombattle-2193317341", "format": "[Gen 9] Random Battle", "players": ["Starfacto", "KingOfAura"], "log": "|j|\u2606Starfacto\n|j|\u2606KingOfAura\n|t:|1725319766\n|gametype|singles\n|player|p1|Starfacto|boarder|2189\n|player|p2|KingOfAura|1|2264\n|teamsize|p1|6\n|teamsize|p2|6\n|gen|9\n|tier|[Gen 9] Random Battle\n|rated|\n|rule|Species Clause: Limit one of each Pok\u00e9mon\n|rule|HP Percentage Mod: HP is shown in percentages\n|rule|Sleep Clause Mod: Limit one foe put to sleep\n|rule|Illusion Level Mod: Illusion disguises the Pok\u00e9mon's true level\n|\n|t:|1725319766\n|start\n|switch|p1a: Farigiraf|Farigiraf, L91, F|366/366\n|switch|p2a: Heatran|Heatran, L79, F|273/273\n|-item|p2a: Heatran|Air Balloon\n|turn|1\n|inactive|Battle timer is ON: inactive players will automatically lose when time's up. (requested by KingOfAura)\n|\n|t:|1725319780\n|move|p2a: Heatran|Stealth Rock|p1a: Farigiraf\n|-sidestart|p1: Starfacto|move: Stealth Rock\n|move|p1a: Farigiraf|Hyper Voice|p2a: Heatran\n|-resisted|p2a: Heatran\n|-damage|p2a: Heatran|222/273\n|-enditem|p2a: Heatran|Air Balloon\n|\n|upkeep\n|turn|2\n|\n|t:|1725319797\n|move|p2a: Heatran|Lava Plume|p1a: Farigiraf\n|-damage|p1a: Farigiraf|266/366\n|move|p1a: Farigiraf|Wish|p1a: Farigiraf\n|\n|-heal|p1a: Farigiraf|288/366|[from] item: Leftovers\n|upkeep\n|turn|3\n|\n|t:|1725319802\n|switch|p1a: Toedscruel|Toedscruel, L87, F|281/281\n|-damage|p1a: Toedscruel|264/281|[from] Stealth Rock\n|move|p2a: Heatran|Lava Plume|p1a: Toedscruel\n|-supereffective|p1a: Toedscruel\n|-damage|p1a: Toedscruel|160/281\n|-status|p1a: Toedscruel|brn\n|\n|-heal|p1a: Toedscruel|281/281 brn|[from] move: Wish|[wisher] Farigiraf\n|-damage|p1a: Toedscruel|264/281 brn|[from] brn\n|upkeep\n|turn|4\n|\n|t:|1725319810\n|switch|p2a: Kricketune|Kricketune, L99, M|312/312\n|move|p1a: Toedscruel|Rapid Spin|p2a: Kricketune\n|-damage|p2a: Kricketune|293/312\n|-boost|p1a: Toedscruel|spe|1\n|-sideend|p1: Starfacto|Stealth Rock|[from] move: Rapid Spin|[of] p1a: Toedscruel\n|\n|-damage|p1a: Toedscruel|247/281 brn|[from] brn\n|upkeep\n|turn|5\n|\n|t:|1725319827\n|switch|p1a: Ninetales|Ninetales, L85, F|263/263\n|-weather|SunnyDay|[from] ability: Drought|[of] p1a: Ninetales\n|move|p2a: Kricketune|Taunt|p1a: Ninetales\n|-start|p1a: Ninetales|move: Taunt\n|\n|-weather|SunnyDay|[upkeep]\n|upkeep\n|turn|6\n|\n|t:|1725319836\n|switch|p2a: Whiscash|Whiscash, L88, F|337/337\n|move|p1a: Ninetales|Fire Blast|p2a: Whiscash\n|-resisted|p2a: Whiscash\n|-damage|p2a: Whiscash|249/337\n|\n|-weather|SunnyDay|[upkeep]\n|upkeep\n|turn|7\n|\n|t:|1725319841\n|switch|p2a: Hypno|Hypno, L95, F|315/315\n|move|p1a: Ninetales|Solar Beam||[still]\n|-prepare|p1a: Ninetales|Solar Beam\n|-anim|p1a: Ninetales|Solar Beam|p2a: Hypno\n|-damage|p2a: Hypno|261/315\n|\n|-weather|SunnyDay|[upkeep]\n|-heal|p2a: Hypno|280/315|[from] item: Leftovers\n|-end|p1a: Ninetales|move: Taunt\n|upkeep\n|turn|8\n|\n|t:|1725319848\n|switch|p1a: Qwilfish|Qwilfish-Hisui, L83, M|244/244\n|-ability|p1a: Qwilfish|Intimidate|boost\n|-unboost|p2a: Hypno|atk|1\n|move|p2a: Hypno|Toxic|p1a: Qwilfish\n|-immune|p1a: Qwilfish\n|\n|-weather|SunnyDay|[upkeep]\n|-heal|p2a: Hypno|299/315|[from] item: Leftovers\n|upkeep\n|turn|9\n|\n|t:|1725319859\n|switch|p2a: Whiscash|Whiscash, L88, F|249/337\n|move|p1a: Qwilfish|Taunt|p2a: Whiscash\n|-immune|p2a: Whiscash|[from] ability: Oblivious\n|\n|-weather|none\n|upkeep\n|turn|10\n|\n|t:|1725319884\n|switch|p1a: Toedscruel|Toedscruel, L87, F|247/281 brn\n|move|p2a: Whiscash|Dragon Dance|p2a: Whiscash\n|-boost|p2a: Whiscash|atk|1\n|-boost|p2a: Whiscash|spe|1\n|\n|-damage|p1a: Toedscruel|230/281 brn|[from] brn\n|upkeep\n|turn|11\n|\n|t:|1725319894\n|switch|p2a: Kricketune|Kricketune, L99, M|293/312\n|move|p1a: Toedscruel|Giga Drain|p2a: Kricketune\n|-resisted|p2a: Kricketune\n|-damage|p2a: Kricketune|245/312\n|-heal|p1a: Toedscruel|254/281 brn|[from] drain|[of] p2a: Kricketune\n|\n|-damage|p1a: Toedscruel|237/281 brn|[from] brn\n|upkeep\n|turn|12\n|\n|t:|1725319903\n|switch|p1a: Ninetales|Ninetales, L85, F|263/263\n|-weather|SunnyDay|[from] ability: Drought|[of] p1a: Ninetales\n|move|p2a: Kricketune|Sticky Web|p1a: Ninetales\n|-sidestart|p1: Starfacto|move: Sticky Web\n|\n|-weather|SunnyDay|[upkeep]\n|upkeep\n|turn|13\n|\n|t:|1725319910\n|switch|p2a: Hypno|Hypno, L95, F|299/315\n|move|p1a: Ninetales|Scorching Sands|p2a: Hypno\n|-damage|p2a: Hypno|267/315\n|\n|-weather|SunnyDay|[upkeep]\n|-heal|p2a: Hypno|286/315|[from] item: Leftovers\n|upkeep\n|turn|14\n|\n|t:|1725319919\n|switch|p1a: Qwilfish|Qwilfish-Hisui, L83, M|244/244\n|-activate|p1a: Qwilfish|move: Sticky Web\n|-unboost|p1a: Qwilfish|spe|1\n|-ability|p1a: Qwilfish|Intimidate|boost\n|-unboost|p2a: Hypno|atk|1\n|switch|p2a: Heatran|Heatran, L79, F|222/273\n|\n|-weather|SunnyDay|[upkeep]\n|upkeep\n|turn|15\n|\n|t:|1725319929\n|move|p2a: Heatran|Lava Plume|p1a: Qwilfish\n|-damage|p1a: Qwilfish|120/244\n|-status|p1a: Qwilfish|brn\n|move|p1a: Qwilfish|Toxic Spikes|p2a: Heatran\n|-sidestart|p2: KingOfAura|move: Toxic Spikes\n|\n|-weather|SunnyDay|[upkeep]\n|-damage|p1a: Qwilfish|105/244 brn|[from] brn\n|upkeep\n|turn|16\n|\n|t:|1725319942\n|switch|p1a: Wigglytuff|Wigglytuff, L96, F|424/424\n|-activate|p1a: Wigglytuff|move: Sticky Web\n|-unboost|p1a: Wigglytuff|spe|1\n|-ability|p1a: Wigglytuff|Competitive|boost\n|-boost|p1a: Wigglytuff|spa|2\n|move|p2a: Heatran|Stealth Rock|p1a: Wigglytuff\n|-sidestart|p1: Starfacto|move: Stealth Rock\n|\n|-weather|none\n|upkeep\n|turn|17\n|\n|t:|1725319945\n|move|p2a: Heatran|Flash Cannon|p1a: Wigglytuff\n|-supereffective|p1a: Wigglytuff\n|-damage|p1a: Wigglytuff|154/424\n|move|p1a: Wigglytuff|Thunder Wave|p2a: Heatran\n|-status|p2a: Heatran|par\n|\n|-heal|p1a: Wigglytuff|180/424|[from] item: Leftovers\n|upkeep\n|turn|18\n|\n|t:|1725319960\n|switch|p2a: Hypno|Hypno, L95, F|286/315\n|-status|p2a: Hypno|psn\n|move|p1a: Wigglytuff|Wish|p1a: Wigglytuff\n|\n|-heal|p2a: Hypno|305/315 psn|[from] item: Leftovers\n|-heal|p1a: Wigglytuff|206/424|[from] item: Leftovers\n|-damage|p2a: Hypno|266/315 psn|[from] psn\n|upkeep\n|turn|19\n|\n|t:|1725319972\n|move|p1a: Wigglytuff|Protect|p1a: Wigglytuff\n|-singleturn|p1a: Wigglytuff|Protect\n|move|p2a: Hypno|Psychic Noise|p1a: Wigglytuff\n|-activate|p1a: Wigglytuff|move: Protect\n|\n|-heal|p1a: Wigglytuff|418/424|[from] move: Wish|[wisher] Wigglytuff\n|-heal|p2a: Hypno|285/315 psn|[from] item: Leftovers\n|-heal|p1a: Wigglytuff|424/424|[from] item: Leftovers\n|-damage|p2a: Hypno|246/315 psn|[from] psn\n|upkeep\n|turn|20\n|\n|t:|1725319978\n|move|p2a: Hypno|Psychic Noise|p1a: Wigglytuff\n|-damage|p1a: Wigglytuff|316/424\n|-start|p1a: Wigglytuff|move: Heal Block\n|move|p1a: Wigglytuff|Dazzling Gleam|p2a: Hypno\n|-damage|p2a: Hypno|114/315 psn\n|\n|-heal|p2a: Hypno|133/315 psn|[from] item: Leftovers\n|-damage|p2a: Hypno|94/315 psn|[from] psn\n|upkeep\n|turn|21\n|\n|t:|1725319998\n|move|p2a: Hypno|Psychic Noise|p1a: Wigglytuff\n|-damage|p1a: Wigglytuff|214/424\n|move|p1a: Wigglytuff|Dazzling Gleam|p2a: Hypno\n|-damage|p2a: Hypno|0 fnt\n|faint|p2a: Hypno\n|\n|-end|p1a: Wigglytuff|move: Heal Block\n|upkeep\n|\n|t:|1725320007\n|switch|p2a: Terapagos|Terapagos, L76, M|262/262\n|-activate|p2a: Terapagos|ability: Tera Shift\n|detailschange|p2a: Terapagos|Terapagos-Terastal, L76, M\n|-heal|p2a: Terapagos|269/269|[silent]\n|turn|22\n|\n|t:|1725320014\n|switch|p2a: Electivire|Electivire, L84, F|263/263\n|-status|p2a: Electivire|psn\n|move|p1a: Wigglytuff|Thunder Wave|p2a: Electivire\n|-ability|p2a: Electivire|Motor Drive|boost\n|-boost|p2a: Electivire|spe|1\n|\n|-heal|p1a: Wigglytuff|240/424|[from] item: Leftovers\n|-damage|p2a: Electivire|231/263 psn|[from] psn\n|upkeep\n|turn|23\n|\n|t:|1725320024\n|move|p2a: Electivire|Bulk Up|p2a: Electivire\n|-boost|p2a: Electivire|atk|1\n|-boost|p2a: Electivire|def|1\n|move|p1a: Wigglytuff|Dazzling Gleam|p2a: Electivire\n|-damage|p2a: Electivire|18/263 psn\n|\n|-heal|p1a: Wigglytuff|266/424|[from] item: Leftovers\n|-damage|p2a: Electivire|0 fnt|[from] psn\n|faint|p2a: Electivire\n|upkeep\n|\n|t:|1725320032\n|switch|p2a: Whiscash|Whiscash, L88, F|249/337\n|-status|p2a: Whiscash|psn\n|turn|24\n|\n|t:|1725320037\n|move|p2a: Whiscash|Earthquake|p1a: Wigglytuff\n|-damage|p1a: Wigglytuff|81/424\n|-damage|p2a: Whiscash|216/337 psn|[from] item: Life Orb\n|move|p1a: Wigglytuff|Dazzling Gleam|p2a: Whiscash\n|-damage|p2a: Whiscash|0 fnt\n|faint|p2a: Whiscash\n|\n|-heal|p1a: Wigglytuff|107/424|[from] item: Leftovers\n|upkeep\n|\n|t:|1725320045\n|switch|p2a: Terapagos|Terapagos-Terastal, L76, M|269/269\n|turn|25\n|\n|t:|1725320053\n|move|p2a: Terapagos|Tera Starstorm|p1a: Wigglytuff\n|-damage|p1a: Wigglytuff|0 fnt\n|faint|p1a: Wigglytuff\n|\n|upkeep\n|\n|t:|1725320057\n|switch|p1a: Toedscruel|Toedscruel, L87, F|237/281 brn\n|-activate|p1a: Toedscruel|move: Sticky Web\n|-unboost|p1a: Toedscruel|spe|1\n|-damage|p1a: Toedscruel|220/281 brn|[from] Stealth Rock\n|turn|26\n|\n|t:|1725320065\n|move|p2a: Terapagos|Calm Mind|p2a: Terapagos\n|-boost|p2a: Terapagos|spa|1\n|-boost|p2a: Terapagos|spd|1\n|move|p1a: Toedscruel|Rapid Spin|p2a: Terapagos\n|-activate|p2a: Terapagos|ability: Tera Shell\n|-resisted|p2a: Terapagos\n|-damage|p2a: Terapagos|262/269\n|-boost|p1a: Toedscruel|spe|1\n|-sideend|p1: Starfacto|Stealth Rock|[from] move: Rapid Spin|[of] p1a: Toedscruel\n|-sideend|p1: Starfacto|Sticky Web|[from] move: Rapid Spin|[of] p1a: Toedscruel\n|\n|-damage|p1a: Toedscruel|203/281 brn|[from] brn\n|upkeep\n|turn|27\n|inactive|Starfacto has 120 seconds left.\n|\n|t:|1725320108\n|move|p1a: Toedscruel|Knock Off|p2a: Terapagos\n|-damage|p2a: Terapagos|234/269\n|-enditem|p2a: Terapagos|Heavy-Duty Boots|[from] move: Knock Off|[of] p1a: Toedscruel\n|move|p2a: Terapagos|Rapid Spin|p1a: Toedscruel\n|-damage|p1a: Toedscruel|146/281 brn\n|-boost|p2a: Terapagos|spe|1\n|-sideend|p2: KingOfAura|Toxic Spikes|[from] move: Rapid Spin|[of] p2a: Terapagos\n|\n|-damage|p1a: Toedscruel|129/281 brn|[from] brn\n|upkeep\n|turn|28\n|\n|t:|1725320119\n|switch|p1a: Mew|Mew, L82|298/298\n|move|p2a: Terapagos|Calm Mind|p2a: Terapagos\n|-boost|p2a: Terapagos|spa|1\n|-boost|p2a: Terapagos|spd|1\n|\n|upkeep\n|turn|29\n|\n|t:|1725320124\n|move|p2a: Terapagos|Calm Mind|p2a: Terapagos\n|-boost|p2a: Terapagos|spa|1\n|-boost|p2a: Terapagos|spd|1\n|move|p1a: Mew|Psyshock|p2a: Terapagos\n|-damage|p2a: Terapagos|139/269\n|-damage|p1a: Mew|269/298|[from] item: Life Orb\n|\n|upkeep\n|turn|30\n|inactive|Starfacto has 120 seconds left.\n|\n|t:|1725320135\n|-terastallize|p2a: Terapagos|Stellar\n|detailschange|p2a: Terapagos|Terapagos-Stellar, L76, M, tera:Stellar\n|-heal|p2a: Terapagos|238/368|[silent]\n|move|p2a: Terapagos|Tera Starstorm|p1a: Mew\n|-damage|p1a: Mew|11/298\n|move|p1a: Mew|Psyshock|p2a: Terapagos\n|-crit|p2a: Terapagos\n|-damage|p2a: Terapagos|89/368\n|-damage|p1a: Mew|0 fnt|[from] item: Life Orb\n|faint|p1a: Mew\n|\n|upkeep\n|inactive|Starfacto has 120 seconds left.\n|\n|t:|1725320156\n|switch|p1a: Ninetales|Ninetales, L85, F|263/263\n|-weather|SunnyDay|[from] ability: Drought|[of] p1a: Ninetales\n|turn|31\n|\n|t:|1725320180\n|move|p2a: Terapagos|Tera Starstorm|p1a: Ninetales\n|-damage|p1a: Ninetales|46/263\n|move|p1a: Ninetales|Fire Blast|p2a: Terapagos\n|-damage|p2a: Terapagos|31/368\n|\n|-weather|SunnyDay|[upkeep]\n|upkeep\n|turn|32\n|\n|t:|1725320191\n|move|p2a: Terapagos|Tera Starstorm|p1a: Ninetales\n|-damage|p1a: Ninetales|0 fnt\n|faint|p1a: Ninetales\n|\n|-weather|SunnyDay|[upkeep]\n|upkeep\n|\n|t:|1725320209\n|switch|p1a: Toedscruel|Toedscruel, L87, F|129/281 brn\n|turn|33\n|\n|t:|1725320214\n|move|p2a: Terapagos|Tera Starstorm|p1a: Toedscruel\n|-damage|p1a: Toedscruel|1/281 brn\n|move|p1a: Toedscruel|Earth Power|p2a: Terapagos\n|-damage|p2a: Terapagos|0 fnt\n|faint|p2a: Terapagos\n|\n|-weather|SunnyDay|[upkeep]\n|-damage|p1a: Toedscruel|0 fnt|[from] brn\n|faint|p1a: Toedscruel\n|upkeep\n|\n|t:|1725320223\n|switch|p1a: Farigiraf|Farigiraf, L91, F|288/366\n|switch|p2a: Kricketune|Kricketune, L99, M|245/312\n|turn|34\n|inactive|Starfacto has 120 seconds left.\n|\n|t:|1725320246\n|-terastallize|p1a: Farigiraf|Ground\n|move|p2a: Kricketune|Pounce|p1a: Farigiraf\n|-damage|p1a: Farigiraf|174/366\n|-unboost|p1a: Farigiraf|spe|1\n|move|p1a: Farigiraf|Future Sight|p2a: Kricketune\n|-start|p1a: Farigiraf|move: Future Sight\n|\n|-weather|SunnyDay|[upkeep]\n|-heal|p1a: Farigiraf|196/366|[from] item: Leftovers\n|upkeep\n|turn|35\n|\n|t:|1725320256\n|move|p1a: Farigiraf|Protect|p1a: Farigiraf\n|-singleturn|p1a: Farigiraf|Protect\n|move|p2a: Kricketune|Taunt|p1a: Farigiraf\n|-activate|p1a: Farigiraf|move: Protect\n|\n|-weather|none\n|-heal|p1a: Farigiraf|218/366|[from] item: Leftovers\n|upkeep\n|turn|36\n|\n|t:|1725320266\n|move|p2a: Kricketune|Knock Off|p1a: Farigiraf\n|-damage|p1a: Farigiraf|117/366\n|-enditem|p1a: Farigiraf|Leftovers|[from] move: Knock Off|[of] p2a: Kricketune\n|move|p1a: Farigiraf|Hyper Voice|p2a: Kricketune\n|-damage|p2a: Kricketune|79/312\n|\n|-end|p2a: Kricketune|move: Future Sight\n|-damage|p2a: Kricketune|0 fnt\n|faint|p2a: Kricketune\n|upkeep\n|\n|t:|1725320271\n|switch|p2a: Heatran|Heatran, L79, F|222/273 par\n|turn|37\n|\n|t:|1725320274\n|move|p1a: Farigiraf|Wish|p1a: Farigiraf\n|cant|p2a: Heatran|par\n|\n|upkeep\n|turn|38\n|\n|t:|1725320283\n|move|p1a: Farigiraf|Protect|p1a: Farigiraf\n|-singleturn|p1a: Farigiraf|Protect\n|move|p2a: Heatran|Lava Plume|p1a: Farigiraf\n|-activate|p1a: Farigiraf|move: Protect\n|\n|-heal|p1a: Farigiraf|300/366|[from] move: Wish|[wisher] Farigiraf\n|upkeep\n|turn|39\n|\n|t:|1725320286\n|move|p1a: Farigiraf|Wish|p1a: Farigiraf\n|move|p2a: Heatran|Lava Plume|p1a: Farigiraf\n|-damage|p1a: Farigiraf|198/366\n|\n|upkeep\n|turn|40\n|\n|t:|1725320290\n|move|p1a: Farigiraf|Future Sight|p2a: Heatran\n|-start|p1a: Farigiraf|move: Future Sight\n|move|p2a: Heatran|Lava Plume|p1a: Farigiraf\n|-damage|p1a: Farigiraf|90/366\n|\n|-heal|p1a: Farigiraf|273/366|[from] move: Wish|[wisher] Farigiraf\n|upkeep\n|turn|41\n|\n|t:|1725320293\n|move|p1a: Farigiraf|Wish|p1a: Farigiraf\n|move|p2a: Heatran|Lava Plume|p1a: Farigiraf\n|-damage|p1a: Farigiraf|174/366\n|\n|upkeep\n|turn|42\n|\n|t:|1725320297\n|move|p1a: Farigiraf|Hyper Voice|p2a: Heatran\n|-resisted|p2a: Heatran\n|-damage|p2a: Heatran|168/273 par\n|cant|p2a: Heatran|par\n|\n|-end|p2a: Heatran|move: Future Sight\n|-resisted|p2a: Heatran\n|-crit|p2a: Heatran\n|-damage|p2a: Heatran|60/273 par\n|-heal|p1a: Farigiraf|357/366|[from] move: Wish|[wisher] Farigiraf\n|upkeep\n|turn|43\n|\n|t:|1725320302\n|move|p1a: Farigiraf|Hyper Voice|p2a: Heatran\n|-resisted|p2a: Heatran\n|-damage|p2a: Heatran|6/273 par\n|move|p2a: Heatran|Lava Plume|p1a: Farigiraf\n|-damage|p1a: Farigiraf|255/366\n|\n|upkeep\n|turn|44\n|-message|KingOfAura forfeited.\n|\n|win|Starfacto\n|raw|Starfacto's rating: 2189 &rarr; <strong>2213</strong><br />(+24 for winning)\n|raw|KingOfAura's rating: 2264 &rarr; <strong>2240</strong><br />(-24 for losing)\n|l|\u2606KingOfAura\n|player|p2|\n|l|\u2606Starfacto\n|player|p1|\n", "inputlog": ">version fb38517c27254f3634e2780c496b6b56e66c1790\n>start {\"formatid\":\"gen9randombattle\",\"seed\":[65489,52935,44352,39145],\"rated\":\"Rated battle\"}\n>player p1 {\"name\":\"Starfacto\",\"avatar\":\"boarder\",\"rating\":2189,\"seed\":[39219,61498,42334,4219]}\n>player p2 {\"name\":\"KingOfAura\",\"avatar\":\"1\",\"rating\":2264,\"seed\":[26846,20630,43400,55509]}\n>p1 move hypervoice\n>p2 move stealthrock\n>p1 move wish\n>p2 move lavaplume\n>p1 switch 2\n>p2 move lavaplume\n>p1 move rapidspin\n>p2 switch 6\n>p1 switch 5\n>p2 move taunt\n>p1 move fireblast\n>p2 switch 3\n>p1 move solarbeam\n>p2 switch 4\n>p1 switch 6\n>p2 move toxic\n>p1 move taunt\n>p2 switch 4\n>p1 switch 5\n>p2 move dragondance\n>p1 move gigadrain\n>p2 switch 3\n>p1 switch 6\n>p2 move stickyweb\n>p1 move scorchingsands\n>p2 switch 4\n>p1 switch 5\n>p2 switch 6\n>p1 move toxicspikes\n>p2 move lavaplume\n>p1 switch 4\n>p2 move stealthrock\n>p1 move thunderwave\n>p2 move flashcannon\n>p1 move wish\n>p2 switch 6\n>p1 move protect\n>p2 move psychicnoise\n>p1 move dazzlinggleam\n>p2 move psychicnoise\n>p1 move dazzlinggleam\n>p2 move psychicnoise\n>p2 switch 5\n>p1 move thunderwave\n>p2 switch 2\n>p1 move dazzlinggleam\n>p2 move bulkup\n>p2 switch 3\n>p1 move dazzlinggleam\n>p2 move earthquake\n>p2 switch 2\n>p1 move thunderwave\n>p2 move terastarstorm\n>p1 switch 6\n>p1 move rapidspin\n>p2 move calmmind\n>p1 move knockoff\n>p2 move rapidspin\n>p1 switch 3\n>p2 move calmmind\n>p1 move psyshock\n>p2 move calmmind\n>p1 move psyshock\n>p2 move terastarstorm terastallize\n>p1 switch 5\n>p1 move fireblast\n>p2 move terastarstorm\n>p1 move solarbeam\n>p2 move terastarstorm\n>p1 switch 3\n>p1 move earthpower\n>p2 move terastarstorm\n>p1 switch 2\n>p2 switch 4\n>p1 move futuresight terastallize\n>p2 move pounce\n>p1 move protect\n>p2 move taunt\n>p1 move hypervoice\n>p2 move knockoff\n>p2 switch 6\n>p1 move wish\n>p2 move lavaplume\n>p1 move protect\n>p2 move lavaplume\n>p1 move wish\n>p2 move lavaplume\n>p1 move futuresight\n>p2 move lavaplume\n>p1 move wish\n>p2 move lavaplume\n>p1 move hypervoice\n>p2 move lavaplume\n>p1 move hypervoice\n>p2 move lavaplume\n>forcelose p2", "uploadtime": 1725320323, "views": 100, "formatid": "gen9randombattle", "rating": 2213, "private": 0, "password": null}