{"id": "gen9randombattle-2259975641", "format": "[Gen 9] Random Battle", "players": ["Poscidion", "X2sFil"], "log": "|j|\u203dPoscidion\n|j|\u2606X2sFil\n|t:|1733786418\n|gametype|singles\n|player|p1|Poscidion|266|1393\n|player|p2|X2sFil|red-masters|1390\n|teamsize|p1|6\n|teamsize|p2|6\n|gen|9\n|tier|[Gen 9] Random Battle\n|rated|\n|rule|Species Clause: Limit one of each Pok\u00e9mon\n|rule|HP Percentage Mod: HP is shown in percentages\n|rule|Sleep Clause Mod: Limit one foe put to sleep\n|rule|Illusion Level Mod: Illusion disguises the Pok\u00e9mon's true level\n|\n|t:|1733786418\n|start\n|switch|p1a: Palafin|Palafin, L77, F|281/281\n|switch|p2a: Dunsparce|Dunsparce, L86, F|312/312\n|turn|1\n|\n|t:|1733786432\n|detailschange|p1a: Palafin|Palafin-Hero, L77, F\n|switch|p1a: Dedenne|Dedenne, L88, F|261/261\n|move|p2a: Dunsparce|Coil|p2a: Dunsparce\n|-boost|p2a: Dunsparce|atk|1\n|-boost|p2a: Dunsparce|def|1\n|-boost|p2a: Dunsparce|accuracy|1\n|\n|upkeep\n|turn|2\n|\n|t:|1733786439\n|move|p1a: Dedenne|Nuzzle|p2a: Dunsparce\n|-crit|p2a: Dunsparce\n|-damage|p2a: Dunsparce|291/312\n|-status|p2a: Dunsparce|par\n|move|p2a: Dunsparce|Coil|p2a: Dunsparce\n|-boost|p2a: Dunsparce|atk|1\n|-boost|p2a: Dunsparce|def|1\n|-boost|p2a: Dunsparce|accuracy|1\n|\n|upkeep\n|turn|3\n|\n|t:|1733786445\n|move|p1a: Dedenne|Super Fang|p2a: Dunsparce\n|-damage|p2a: Dunsparce|146/312 par\n|cant|p2a: Dunsparce|par\n|\n|upkeep\n|turn|4\n|\n|t:|1733786457\n|switch|p1a: Sunflora|Sunflora, M|312/312\n|move|p2a: Dunsparce|Earthquake|p1a: Sunflora\n|-resisted|p1a: Sunflora\n|-damage|p1a: Sunflora|241/312\n|\n|upkeep\n|turn|5\n|\n|t:|1733786466\n|move|p1a: Sunflora|Sludge Bomb|p2a: Dunsparce\n|-damage|p2a: Dunsparce|26/312 par\n|move|p2a: Dunsparce|Body Slam|p1a: Sunflora\n|-damage|p1a: Sunflora|69/312\n|-status|p1a: Sunflora|par\n|\n|upkeep\n|turn|6\n|\n|t:|1733786477\n|move|p2a: Dunsparce|Body Slam|p1a: Sunflora\n|-damage|p1a: Sunflora|0 fnt\n|faint|p1a: Sunflora\n|\n|upkeep\n|\n|t:|1733786495\n|switch|p1a: Dedenne|Dedenne, L88, F|261/261\n|turn|7\n|\n|t:|1733786499\n|move|p1a: Dedenne|Dazzling Gleam|p2a: Dunsparce\n|-damage|p2a: Dunsparce|0 fnt\n|faint|p2a: Dunsparce\n|\n|upkeep\n|\n|t:|1733786521\n|switch|p2a: Mudsdale|Mudsdale, L84, F|305/305\n|turn|8\n|\n|t:|1733786531\n|switch|p1a: Amoonguss|Amoonguss, L82, F|321/321\n|move|p2a: Mudsdale|Stealth Rock|p1a: Amoonguss\n|-sidestart|p1: Poscidion|move: Stealth Rock\n|\n|upkeep\n|turn|9\n|\n|t:|1733786539\n|move|p2a: Mudsdale|Heavy Slam|p1a: Amoonguss\n|-damage|p1a: Amoonguss|200/321\n|-damage|p2a: Mudsdale|255/305|[from] item: Rocky Helmet|[of] p1a: Amoonguss\n|move|p1a: Amoonguss|Spore|p2a: Mudsdale\n|-status|p2a: Mudsdale|slp|[from] move: Spore\n|\n|-heal|p2a: Mudsdale|274/305 slp|[from] item: Leftovers\n|upkeep\n|turn|10\n|\n|t:|1733786553\n|cant|p2a: Mudsdale|slp\n|move|p1a: Amoonguss|Giga Drain|p2a: Mudsdale\n|-supereffective|p2a: Mudsdale\n|-damage|p2a: Mudsdale|134/305 slp\n|-heal|p1a: Amoonguss|270/321|[from] drain|[of] p2a: Mudsdale\n|-ability|p2a: Mudsdale|Stamina|boost\n|-boost|p2a: Mudsdale|def|1\n|\n|-heal|p2a: Mudsdale|153/305 slp|[from] item: Leftovers\n|upkeep\n|turn|11\n|\n|t:|1733786562\n|switch|p2a: Gogoat|Gogoat, L88, F|360/360\n|move|p1a: Amoonguss|Giga Drain|p2a: Gogoat\n|-ability|p2a: Gogoat|Sap Sipper|boost\n|-boost|p2a: Gogoat|atk|1\n|\n|upkeep\n|turn|12\n|\n|t:|1733786572\n|move|p2a: Gogoat|Earthquake|p1a: Amoonguss\n|-damage|p1a: Amoonguss|116/321\n|move|p1a: Amoonguss|Sludge Bomb|p2a: Gogoat\n|-supereffective|p2a: Gogoat\n|-damage|p2a: Gogoat|186/360\n|-status|p2a: Gogoat|psn\n|\n|-heal|p2a: Gogoat|208/360 psn|[from] item: Leftovers\n|-damage|p2a: Gogoat|163/360 psn|[from] psn\n|upkeep\n|turn|13\n|\n|t:|1733786583\n|switch|p1a: Garchomp|Garchomp, L74, M|282/282\n|-damage|p1a: Garchomp|265/282|[from] Stealth Rock\n|move|p2a: Gogoat|Earthquake|p1a: Garchomp\n|-damage|p1a: Garchomp|136/282\n|\n|-heal|p2a: Gogoat|185/360 psn|[from] item: Leftovers\n|-damage|p2a: Gogoat|140/360 psn|[from] psn\n|upkeep\n|turn|14\n|\n|t:|1733786590\n|move|p1a: Garchomp|Outrage|p2a: Gogoat\n|-damage|p2a: Gogoat|0 fnt\n|faint|p2a: Gogoat\n|\n|upkeep\n|\n|t:|1733786593\n|switch|p2a: Alcremie|Alcremie-Salted-Cream, L90, F|263/263\n|turn|15\n|\n|t:|1733786595\n|move|p1a: Garchomp|Outrage|p2a: Alcremie|[from]lockedmove\n|-immune|p2a: Alcremie\n|move|p2a: Alcremie|Calm Mind|p2a: Alcremie\n|-boost|p2a: Alcremie|spa|1\n|-boost|p2a: Alcremie|spd|1\n|\n|upkeep\n|turn|16\n|\n|t:|1733786599\n|move|p1a: Garchomp|Earthquake|p2a: Alcremie\n|-damage|p2a: Alcremie|148/263\n|move|p2a: Alcremie|Calm Mind|p2a: Alcremie\n|-boost|p2a: Alcremie|spa|1\n|-boost|p2a: Alcremie|spd|1\n|\n|-heal|p2a: Alcremie|164/263|[from] item: Leftovers\n|upkeep\n|turn|17\n|\n|t:|1733786605\n|move|p1a: Garchomp|Earthquake|p2a: Alcremie\n|-damage|p2a: Alcremie|47/263\n|move|p2a: Alcremie|Recover|p2a: Alcremie\n|-heal|p2a: Alcremie|179/263\n|\n|-heal|p2a: Alcremie|195/263|[from] item: Leftovers\n|upkeep\n|turn|18\n|\n|t:|1733786609\n|move|p1a: Garchomp|Earthquake|p2a: Alcremie\n|-damage|p2a: Alcremie|92/263\n|move|p2a: Alcremie|Alluring Voice|p1a: Garchomp\n|-supereffective|p1a: Garchomp\n|-damage|p1a: Garchomp|0 fnt\n|faint|p1a: Garchomp\n|\n|-heal|p2a: Alcremie|108/263|[from] item: Leftovers\n|upkeep\n|\n|t:|1733786617\n|switch|p1a: Dedenne|Dedenne, L88, F|261/261\n|-damage|p1a: Dedenne|229/261|[from] Stealth Rock\n|turn|19\n|\n|t:|1733786627\n|-terastallize|p2a: Alcremie|Ground\n|move|p1a: Dedenne|Nuzzle|p2a: Alcremie\n|-immune|p2a: Alcremie\n|move|p2a: Alcremie|Recover|p2a: Alcremie\n|-heal|p2a: Alcremie|240/263\n|\n|-heal|p2a: Alcremie|256/263|[from] item: Leftovers\n|upkeep\n|turn|20\n|\n|t:|1733786636\n|move|p1a: Dedenne|Super Fang|p2a: Alcremie\n|-damage|p2a: Alcremie|128/263\n|move|p2a: Alcremie|Tera Blast|p1a: Dedenne|[anim] Tera Blast Ground\n|-supereffective|p1a: Dedenne\n|-crit|p1a: Dedenne\n|-damage|p1a: Dedenne|0 fnt\n|faint|p1a: Dedenne\n|\n|-heal|p2a: Alcremie|144/263|[from] item: Leftovers\n|upkeep\n|\n|t:|1733786646\n|switch|p1a: Palafin|Palafin-Hero, L77, F|281/281\n|-damage|p1a: Palafin|246/281|[from] Stealth Rock\n|-activate|p1a: Palafin|ability: Zero to Hero\n|turn|21\n|\n|t:|1733786654\n|move|p1a: Palafin|Wave Crash|p2a: Alcremie\n|-supereffective|p2a: Alcremie\n|-damage|p2a: Alcremie|0 fnt\n|faint|p2a: Alcremie\n|-damage|p1a: Palafin|198/281|[from] Recoil\n|\n|-heal|p1a: Palafin|215/281|[from] item: Leftovers\n|upkeep\n|\n|t:|1733786661\n|switch|p2a: Urshifu|Urshifu-Rapid-Strike, L75, M|274/274\n|turn|22\n|\n|t:|1733786671\n|switch|p1a: Amoonguss|Amoonguss, L82, F|223/321\n|-damage|p1a: Amoonguss|183/321|[from] Stealth Rock\n|move|p2a: Urshifu|Surging Strikes|p1a: Amoonguss\n|-resisted|p1a: Amoonguss\n|-crit|p1a: Amoonguss\n|-damage|p1a: Amoonguss|147/321\n|-damage|p2a: Urshifu|229/274|[from] item: Rocky Helmet|[of] p1a: Amoonguss\n|-resisted|p1a: Amoonguss\n|-crit|p1a: Amoonguss\n|-damage|p1a: Amoonguss|108/321\n|-damage|p2a: Urshifu|184/274|[from] item: Rocky Helmet|[of] p1a: Amoonguss\n|-resisted|p1a: Amoonguss\n|-crit|p1a: Amoonguss\n|-damage|p1a: Amoonguss|71/321\n|-damage|p2a: Urshifu|139/274|[from] item: Rocky Helmet|[of] p1a: Amoonguss\n|-hitcount|p1a: Amoonguss|3\n|\n|upkeep\n|turn|23\n|\n|t:|1733786682\n|move|p2a: Urshifu|Surging Strikes|p1a: Amoonguss\n|-resisted|p1a: Amoonguss\n|-crit|p1a: Amoonguss\n|-damage|p1a: Amoonguss|32/321\n|-damage|p2a: Urshifu|94/274|[from] item: Rocky Helmet|[of] p1a: Amoonguss\n|-resisted|p1a: Amoonguss\n|-crit|p1a: Amoonguss\n|-damage|p1a: Amoonguss|0 fnt\n|-damage|p2a: Urshifu|49/274|[from] item: Rocky Helmet|[of] p1a: Amoonguss\n|faint|p1a: Amoonguss\n|-hitcount|p1: Amoonguss|2\n|\n|upkeep\n|\n|t:|1733786688\n|switch|p1a: Palafin|Palafin-Hero, L77, F|215/281\n|-damage|p1a: Palafin|180/281|[from] Stealth Rock\n|turn|24\n|\n|t:|1733786697\n|switch|p2a: Mudsdale|Mudsdale, L84, F|153/305 slp\n|move|p1a: Palafin|Jet Punch|p2a: Mudsdale\n|-supereffective|p2a: Mudsdale\n|-damage|p2a: Mudsdale|0 fnt\n|faint|p2a: Mudsdale\n|\n|-heal|p1a: Palafin|197/281|[from] item: Leftovers\n|upkeep\n|\n|t:|1733786709\n|switch|p2a: Urshifu|Urshifu-Rapid-Strike, L75, M|49/274\n|turn|25\n|\n|t:|1733786716\n|move|p1a: Palafin|Jet Punch|p2a: Urshifu\n|-resisted|p2a: Urshifu\n|-damage|p2a: Urshifu|11/274\n|move|p2a: Urshifu|Aqua Jet|p1a: Palafin\n|-resisted|p1a: Palafin\n|-damage|p1a: Palafin|164/281\n|\n|-heal|p1a: Palafin|181/281|[from] item: Leftovers\n|upkeep\n|turn|26\n|\n|t:|1733786719\n|move|p1a: Palafin|Jet Punch|p2a: Urshifu\n|-resisted|p2a: Urshifu\n|-damage|p2a: Urshifu|0 fnt\n|faint|p2a: Urshifu\n|\n|-heal|p1a: Palafin|198/281|[from] item: Leftovers\n|upkeep\n|\n|t:|1733786721\n|switch|p2a: Lycanroc|Lycanroc, L86, F|269/269\n|turn|27\n|\n|t:|1733786732\n|move|p1a: Palafin|Jet Punch|p2a: Lycanroc\n|-supereffective|p2a: Lycanroc\n|-damage|p2a: Lycanroc|87/269\n|move|p2a: Lycanroc|Crunch|p1a: Palafin\n|-damage|p1a: Palafin|104/281\n|-damage|p2a: Lycanroc|61/269|[from] item: Life Orb\n|\n|-heal|p1a: Palafin|121/281|[from] item: Leftovers\n|upkeep\n|turn|28\n|inactive|Battle timer is ON: inactive players will automatically lose when time's up. (requested by Poscidion)\n|inactive|X2sFil has 120 seconds left.\n|inactive|X2sFil has 90 seconds left.\n|inactive|X2sFil has 60 seconds left.\n|inactive|X2sFil has 30 seconds left.\n|inactive|X2sFil has 20 seconds left.\n|inactive|X2sFil has 15 seconds left.\n|inactive|X2sFil has 10 seconds left.\n|inactive|X2sFil has 5 seconds left.\n|-message|X2sFil lost due to inactivity.\n|\n|win|Poscidion\n|raw|Poscidion's rating: 1393 &rarr; <strong>1413</strong><br />(+20 for winning)\n|raw|X2sFil's rating: 1390 &rarr; <strong>1370</strong><br />(-20 for losing)\n", "inputlog": ">version bfd83cad13791eb5a5a409923076391caf6fb4d4\n>start {\"formatid\":\"gen9randombattle\",\"seed\":[55925,53236,6185,43932],\"rated\":\"Rated battle\"}\n>player p1 {\"name\":\"Poscidion\",\"avatar\":\"266\",\"rating\":1393,\"seed\":[41616,32712,61737,14883]}\n>player p2 {\"name\":\"X2sFil\",\"avatar\":\"red-masters\",\"rating\":1390,\"seed\":[437,62733,47173,32463]}\n>p1 switch 5\n>p2 move coil\n>p1 move nuzzle\n>p2 move coil\n>p1 move superfang\n>p2 move coil\n>p1 switch 6\n>p2 move earthquake\n>p1 move sludgebomb\n>p2 move bodyslam\n>p1 move sludgebomb\n>p2 move bodyslam\n>p1 switch 6\n>p1 move dazzlinggleam\n>p2 move roost\n>p2 switch 4\n>p1 switch 2\n>p2 move stealthrock\n>p1 move spore\n>p2 move heavyslam\n>p1 move gigadrain\n>p2 move heavyslam\n>p1 move gigadrain\n>p2 switch 6\n>p1 move sludgebomb\n>p2 move earthquake\n>p1 switch 4\n>p2 move earthquake\n>p1 move outrage\n>p2 move hornleech\n>p2 switch 3\n>p1 move outrage\n>p2 move calmmind\n>p1 move earthquake\n>p2 move calmmind\n>p1 move earthquake\n>p2 move recover\n>p1 move earthquake\n>p2 move alluringvoice\n>p1 switch 2\n>p1 move nuzzle\n>p2 move recover terastallize\n>p1 move superfang\n>p2 move terablast\n>p1 switch 5\n>p1 move wavecrash\n>p2 move alluringvoice\n>p2 switch 2\n>p1 switch 4\n>p2 move surgingstrikes\n>p1 move gigadrain\n>p2 move surgingstrikes\n>p1 switch 4\n>p1 move jetpunch\n>p2 switch 6\n>p2 switch 6\n>p1 move jetpunch\n>p2 move aquajet\n>p1 move jetpunch\n>p2 move aquajet\n>p2 switch 5\n>p1 move jetpunch\n>p2 move crunch\n>forcelose p2", "uploadtime": 1733786904, "views": 3, "formatid": "gen9randombattle", "rating": 1370, "private": 0, "password": null}