{"id": "gen9randombattle-2200405585", "format": "[Gen 9] Random Battle", "players": ["albedo98yf", "RBLT Unstoppable"], "log": "|badge|p1|bronze|gen9randombattle|100-2\n|uhtml|medal-msg|<div class=\"broadcast-blue\">Curious what those medals under the avatar are? PS now has Ladder Seasons! For more information, check out the <a href=\"https://www.smogon.com/forums/threads/3740067/\">thread on Smogon.</a></div>\n|raw|<div class=\"broadcast-blue\"><strong>This battle is required to be public due to a player having a name starting with 'rblt'.</div>\n|j|\u2606albedo98yf\n|j|\u203dRBLT Unstoppable\n|t:|1726183147\n|gametype|singles\n|player|p1|albedo98yf|cynthia-gen4|2356\n|player|p2|RBLT Unstoppable|jasmine|2306\n|teamsize|p1|6\n|teamsize|p2|6\n|gen|9\n|tier|[Gen 9] Random Battle\n|rated|\n|rule|Species Clause: Limit one of each Pok\u00e9mon\n|rule|HP Percentage Mod: HP is shown in percentages\n|rule|Sleep Clause Mod: Limit one foe put to sleep\n|rule|Illusion Level Mod: Illusion disguises the Pok\u00e9mon's true level\n|\n|t:|1726183147\n|start\n|switch|p1a: Snorlax|Snorlax, L82, M|397/397\n|switch|p2a: Noctowl|Noctowl, L95, M|344/344\n|turn|1\n|inactive|Battle timer is ON: inactive players will automatically lose when time's up. (requested by RBLT Unstoppable)\n|inactive|albedo98yf also wants the timer to be on.\n|\n|t:|1726183177\n|switch|p2a: Banette|Banette, L93, F|270/270\n|-item|p1a: Snorlax|Leftovers|[from] ability: Frisk|[of] p2a: Banette\n|move|p1a: Snorlax|Body Slam|p2a: Banette\n|-immune|p2a: Banette\n|\n|upkeep\n|turn|2\n|j| apostlebush\n|\n|t:|1726183193\n|switch|p1a: Illumise|Illumise, L91, F|266/266\n|move|p2a: Banette|Thunder Wave|p1a: Illumise\n|-status|p1a: Illumise|par\n|\n|upkeep\n|turn|3\n|\n|t:|1726183201\n|switch|p2a: Komala|Komala, L89, M|260/260\n|-ability|p2a: Komala|Comatose\n|cant|p1a: Illumise|par\n|\n|upkeep\n|turn|4\n|\n|t:|1726183209\n|move|p2a: Komala|Knock Off|p1a: Illumise\n|-damage|p1a: Illumise|181/266 par\n|-enditem|p1a: Illumise|Heavy-Duty Boots|[from] move: Knock Off|[of] p2a: Komala\n|move|p1a: Illumise|Bug Buzz|p2a: Komala\n|-damage|p2a: Komala|176/260\n|-unboost|p2a: Komala|spd|1\n|\n|upkeep\n|turn|5\n|\n|t:|1726183215\n|switch|p2a: Noctowl|Noctowl, L95, M|344/344\n|move|p1a: Illumise|Thunder Wave|p2a: Noctowl\n|-status|p2a: Noctowl|par\n|\n|upkeep\n|turn|6\n|\n|t:|1726183219\n|switch|p1a: Snorlax|Snorlax, L82, M|397/397\n|move|p2a: Noctowl|Hurricane|p1a: Snorlax\n|-damage|p1a: Snorlax|288/397\n|\n|-heal|p1a: Snorlax|312/397|[from] item: Leftovers\n|upkeep\n|turn|7\n|\n|t:|1726183225\n|switch|p2a: Banette|Banette, L93, F|270/270\n|-item|p1a: Snorlax|Leftovers|[from] ability: Frisk|[of] p2a: Banette\n|move|p1a: Snorlax|Curse|p1a: Snorlax\n|-unboost|p1a: Snorlax|spe|1\n|-boost|p1a: Snorlax|atk|1\n|-boost|p1a: Snorlax|def|1\n|\n|-heal|p1a: Snorlax|336/397|[from] item: Leftovers\n|upkeep\n|turn|8\n|\n|t:|1726183230\n|switch|p1a: Illumise|Illumise, L91, F|181/266 par\n|move|p2a: Banette|Thunder Wave|p1a: Illumise\n|-fail|p1a: Illumise|par\n|\n|upkeep\n|turn|9\n|\n|t:|1726183237\n|switch|p2a: Komala|Komala, L89, M|176/260\n|-ability|p2a: Komala|Comatose\n|move|p1a: Illumise|Bug Buzz|p2a: Komala\n|-damage|p2a: Komala|92/260\n|\n|upkeep\n|turn|10\n|\n|t:|1726183241\n|cant|p1a: Illumise|par\n|move|p2a: Komala|Double-Edge|p1a: Illumise\n|-damage|p1a: Illumise|18/266 par\n|-damage|p2a: Komala|38/260|[from] Recoil\n|\n|upkeep\n|turn|11\n|\n|t:|1726183246\n|switch|p1a: Misdreavus|Misdreavus, L90, M|254/254\n|move|p2a: Komala|Double-Edge|p1a: Misdreavus\n|-immune|p1a: Misdreavus\n|\n|upkeep\n|turn|12\n|\n|t:|1726183272\n|switch|p2a: Deoxys|Deoxys-Defense, L86|226/226\n|-ability|p2a: Deoxys|Pressure\n|move|p1a: Misdreavus|Calm Mind|p1a: Misdreavus\n|-boost|p1a: Misdreavus|spa|1\n|-boost|p1a: Misdreavus|spd|1\n|\n|upkeep\n|turn|13\n|inactive|albedo98yf has 120 seconds left.\n|\n|t:|1726183311\n|-terastallize|p2a: Deoxys|Steel\n|move|p1a: Misdreavus|Calm Mind|p1a: Misdreavus\n|-boost|p1a: Misdreavus|spa|1\n|-boost|p1a: Misdreavus|spd|1\n|move|p2a: Deoxys|Cosmic Power|p2a: Deoxys\n|-boost|p2a: Deoxys|def|1\n|-boost|p2a: Deoxys|spd|1\n|\n|upkeep\n|turn|14\n|inactive|albedo98yf has 120 seconds left.\n|\n|t:|1726183330\n|move|p1a: Misdreavus|Shadow Ball|p2a: Deoxys\n|-damage|p2a: Deoxys|148/226\n|move|p2a: Deoxys|Night Shade|p1a: Misdreavus\n|-damage|p1a: Misdreavus|168/254\n|\n|-heal|p2a: Deoxys|162/226|[from] item: Leftovers\n|upkeep\n|turn|15\n|\n|t:|1726183337\n|move|p1a: Misdreavus|Shadow Ball|p2a: Deoxys\n|-damage|p2a: Deoxys|87/226\n|-unboost|p2a: Deoxys|spd|1\n|move|p2a: Deoxys|Cosmic Power|p2a: Deoxys\n|-boost|p2a: Deoxys|def|1\n|-boost|p2a: Deoxys|spd|1\n|\n|-heal|p2a: Deoxys|101/226|[from] item: Leftovers\n|upkeep\n|turn|16\n|inactive|albedo98yf has 120 seconds left.\n|inactive|albedo98yf has 90 seconds left.\n|\n|t:|1726183378\n|move|p1a: Misdreavus|Shadow Ball|p2a: Deoxys\n|-damage|p2a: Deoxys|31/226\n|-unboost|p2a: Deoxys|spd|1\n|move|p2a: Deoxys|Recover|p2a: Deoxys\n|-heal|p2a: Deoxys|144/226\n|\n|-heal|p2a: Deoxys|158/226|[from] item: Leftovers\n|upkeep\n|turn|17\n|inactive|albedo98yf has 90 seconds left.\n|\n|t:|1726183386\n|move|p2a: Deoxys|Cosmic Power|p2a: Deoxys\n|-boost|p2a: Deoxys|def|1\n|-boost|p2a: Deoxys|spd|1\n|move|p1a: Misdreavus|Shadow Ball|p2a: Deoxys\n|-damage|p2a: Deoxys|79/226\n|\n|-heal|p2a: Deoxys|93/226|[from] item: Leftovers\n|upkeep\n|turn|18\n|\n|t:|1726183391\n|move|p1a: Misdreavus|Shadow Ball|p2a: Deoxys\n|-damage|p2a: Deoxys|18/226\n|move|p2a: Deoxys|Recover|p2a: Deoxys\n|-heal|p2a: Deoxys|131/226\n|\n|-heal|p2a: Deoxys|145/226|[from] item: Leftovers\n|upkeep\n|turn|19\n|\n|t:|1726183395\n|move|p2a: Deoxys|Cosmic Power|p2a: Deoxys\n|-boost|p2a: Deoxys|def|1\n|-boost|p2a: Deoxys|spd|1\n|move|p1a: Misdreavus|Shadow Ball|p2a: Deoxys\n|-damage|p2a: Deoxys|88/226\n|\n|-heal|p2a: Deoxys|102/226|[from] item: Leftovers\n|upkeep\n|turn|20\n|\n|t:|1726183400\n|switch|p1a: Illumise|Illumise, L91, F|18/266 par\n|move|p2a: Deoxys|Recover|p2a: Deoxys\n|-heal|p2a: Deoxys|215/226\n|\n|-heal|p2a: Deoxys|226/226|[from] item: Leftovers\n|upkeep\n|turn|21\n|\n|t:|1726183404\n|move|p1a: Illumise|Encore|p2a: Deoxys\n|-start|p2a: Deoxys|Encore\n|move|p2a: Deoxys|Recover||[still]\n|-fail|p2a: Deoxys|heal\n|\n|upkeep\n|turn|22\n|\n|t:|1726183412\n|switch|p2a: Komala|Komala, L89, M|38/260\n|-ability|p2a: Komala|Comatose\n|move|p1a: Illumise|Roost|p1a: Illumise\n|-heal|p1a: Illumise|151/266 par\n|-singleturn|p1a: Illumise|move: Roost\n|\n|upkeep\n|turn|23\n|\n|t:|1726183417\n|move|p1a: Illumise|Roost|p1a: Illumise\n|-heal|p1a: Illumise|266/266 par\n|-singleturn|p1a: Illumise|move: Roost\n|move|p2a: Komala|U-turn|p1a: Illumise\n|-damage|p1a: Illumise|202/266 par\n|\n|t:|1726183420\n|switch|p2a: Basculin|Basculin, L86, M|261/261|[from] U-turn\n|\n|upkeep\n|turn|24\n|\n|t:|1726183430\n|cant|p1a: Illumise|par\n|move|p2a: Basculin|Wave Crash|p1a: Illumise\n|-damage|p1a: Illumise|0 fnt\n|faint|p1a: Illumise\n|-damage|p2a: Basculin|194/261|[from] Recoil\n|\n|upkeep\n|\n|t:|1726183432\n|switch|p1a: Palafin|Palafin, L77, M|281/281\n|turn|25\n|\n|t:|1726183442\n|switch|p2a: Komala|Komala, L89, M|38/260\n|-ability|p2a: Komala|Comatose\n|detailschange|p1a: Palafin|Palafin-Hero, L77, M\n|switch|p1a: Misdreavus|Misdreavus, L90, M|168/254\n|\n|upkeep\n|turn|26\n|\n|t:|1726183464\n|move|p2a: Komala|Knock Off|p1a: Misdreavus\n|-supereffective|p1a: Misdreavus\n|-damage|p1a: Misdreavus|18/254\n|-enditem|p1a: Misdreavus|Eviolite|[from] move: Knock Off|[of] p2a: Komala\n|move|p1a: Misdreavus|Draining Kiss|p2a: Komala\n|-damage|p2a: Komala|4/260\n|-heal|p1a: Misdreavus|44/254|[from] drain|[of] p2a: Komala\n|\n|upkeep\n|turn|27\n|\n|t:|1726183467\n|move|p2a: Komala|Knock Off|p1a: Misdreavus\n|-supereffective|p1a: Misdreavus\n|-damage|p1a: Misdreavus|0 fnt\n|faint|p1a: Misdreavus\n|\n|upkeep\n|\n|t:|1726183469\n|switch|p1a: Palafin|Palafin-Hero, L77, M|281/281\n|-activate|p1a: Palafin|ability: Zero to Hero\n|turn|28\n|\n|t:|1726183471\n|move|p2a: Komala|Knock Off|p1a: Palafin\n|-damage|p1a: Palafin|199/281\n|-enditem|p1a: Palafin|Leftovers|[from] move: Knock Off|[of] p2a: Komala\n|move|p1a: Palafin|Bulk Up|p1a: Palafin\n|-boost|p1a: Palafin|atk|1\n|-boost|p1a: Palafin|def|1\n|\n|upkeep\n|turn|29\n|\n|t:|1726183488\n|switch|p2a: Drifblim|Drifblim, L86, F|398/398\n|move|p1a: Palafin|Bulk Up|p1a: Palafin\n|-boost|p1a: Palafin|atk|1\n|-boost|p1a: Palafin|def|1\n|\n|upkeep\n|turn|30\n|\n|t:|1726183508\n|move|p1a: Palafin|Ice Punch|p2a: Drifblim\n|-supereffective|p2a: Drifblim\n|-damage|p2a: Drifblim|0 fnt\n|-damage|p1a: Palafin|129/281|[from] ability: Aftermath|[of] p2a: Drifblim\n|faint|p2a: Drifblim\n|\n|upkeep\n|\n|t:|1726183526\n|switch|p2a: Komala|Komala, L89, M|4/260\n|-ability|p2a: Komala|Comatose\n|turn|31\n|\n|t:|1726183530\n|move|p1a: Palafin|Jet Punch|p2a: Komala\n|-damage|p2a: Komala|0 fnt\n|faint|p2a: Komala\n|\n|upkeep\n|\n|t:|1726183551\n|switch|p2a: Basculin|Basculin, L86, M|194/261\n|turn|32\n|\n|t:|1726183555\n|move|p1a: Palafin|Jet Punch|p2a: Basculin\n|-resisted|p2a: Basculin\n|-damage|p2a: Basculin|104/261\n|move|p2a: Basculin|Wave Crash|p1a: Palafin\n|-resisted|p1a: Palafin\n|-damage|p1a: Palafin|63/281\n|-damage|p2a: Basculin|82/261|[from] Recoil\n|\n|upkeep\n|turn|33\n|\n|t:|1726183560\n|move|p1a: Palafin|Jet Punch|p2a: Basculin\n|-resisted|p2a: Basculin\n|-damage|p2a: Basculin|0 fnt\n|faint|p2a: Basculin\n|\n|upkeep\n|\n|t:|1726183562\n|switch|p2a: Deoxys|Deoxys-Defense, L86, tera:Steel|226/226\n|-ability|p2a: Deoxys|Pressure\n|turn|34\n|\n|t:|1726183570\n|switch|p1a: Snorlax|Snorlax, L82, M|336/397\n|move|p2a: Deoxys|Night Shade|p1a: Snorlax\n|-immune|p1a: Snorlax\n|\n|-heal|p1a: Snorlax|360/397|[from] item: Leftovers\n|upkeep\n|turn|35\n|\n|t:|1726183574\n|move|p2a: Deoxys|Cosmic Power|p2a: Deoxys\n|-boost|p2a: Deoxys|def|1\n|-boost|p2a: Deoxys|spd|1\n|move|p1a: Snorlax|Body Slam|p2a: Deoxys\n|-resisted|p2a: Deoxys\n|-damage|p2a: Deoxys|207/226\n|\n|-heal|p2a: Deoxys|221/226|[from] item: Leftovers\n|-heal|p1a: Snorlax|384/397|[from] item: Leftovers\n|upkeep\n|turn|36\n|\n|t:|1726183578\n|move|p2a: Deoxys|Cosmic Power|p2a: Deoxys\n|-boost|p2a: Deoxys|def|1\n|-boost|p2a: Deoxys|spd|1\n|move|p1a: Snorlax|Body Slam|p2a: Deoxys\n|-resisted|p2a: Deoxys\n|-damage|p2a: Deoxys|208/226\n|\n|-heal|p2a: Deoxys|222/226|[from] item: Leftovers\n|-heal|p1a: Snorlax|397/397|[from] item: Leftovers\n|upkeep\n|turn|37\n|\n|t:|1726183582\n|move|p2a: Deoxys|Cosmic Power|p2a: Deoxys\n|-boost|p2a: Deoxys|def|1\n|-boost|p2a: Deoxys|spd|1\n|move|p1a: Snorlax|Body Slam|p2a: Deoxys\n|-resisted|p2a: Deoxys\n|-damage|p2a: Deoxys|210/226\n|\n|-heal|p2a: Deoxys|224/226|[from] item: Leftovers\n|upkeep\n|turn|38\n|\n|t:|1726183584\n|move|p2a: Deoxys|Cosmic Power|p2a: Deoxys\n|-boost|p2a: Deoxys|def|1\n|-boost|p2a: Deoxys|spd|1\n|move|p1a: Snorlax|Body Slam|p2a: Deoxys\n|-resisted|p2a: Deoxys\n|-damage|p2a: Deoxys|215/226\n|-status|p2a: Deoxys|par\n|\n|-heal|p2a: Deoxys|226/226 par|[from] item: Leftovers\n|upkeep\n|turn|39\n|\n|t:|1726183596\n|switch|p1a: Dedenne|Dedenne, L88, M|261/261\n|move|p2a: Deoxys|Cosmic Power|p2a: Deoxys\n|-boost|p2a: Deoxys|def|1\n|-boost|p2a: Deoxys|spd|1\n|\n|upkeep\n|turn|40\n|\n|t:|1726183603\n|move|p1a: Dedenne|Super Fang|p2a: Deoxys\n|-damage|p2a: Deoxys|113/226 par\n|cant|p2a: Deoxys|par\n|\n|-heal|p2a: Deoxys|127/226 par|[from] item: Leftovers\n|upkeep\n|turn|41\n|\n|t:|1726183606\n|move|p1a: Dedenne|Super Fang|p2a: Deoxys\n|-damage|p2a: Deoxys|64/226 par\n|move|p2a: Deoxys|Cosmic Power|p2a: Deoxys\n|-boost|p2a: Deoxys|def|1\n|-boost|p2a: Deoxys|spd|1\n|\n|-heal|p2a: Deoxys|78/226 par|[from] item: Leftovers\n|upkeep\n|turn|42\n|\n|t:|1726183610\n|move|p1a: Dedenne|Thunderbolt|p2a: Deoxys\n|-damage|p2a: Deoxys|65/226 par\n|move|p2a: Deoxys|Recover|p2a: Deoxys\n|-heal|p2a: Deoxys|178/226 par\n|\n|-heal|p2a: Deoxys|192/226 par|[from] item: Leftovers\n|upkeep\n|turn|43\n|\n|t:|1726183614\n|move|p1a: Dedenne|Super Fang|p2a: Deoxys\n|-damage|p2a: Deoxys|96/226 par\n|move|p2a: Deoxys|Stored Power|p1a: Dedenne\n|-damage|p1a: Dedenne|0 fnt\n|faint|p1a: Dedenne\n|\n|-heal|p2a: Deoxys|110/226 par|[from] item: Leftovers\n|upkeep\n|\n|t:|1726183618\n|switch|p1a: Palafin|Palafin-Hero, L77, M|63/281\n|turn|44\n|\n|t:|1726183624\n|-terastallize|p1a: Palafin|Fighting\n|move|p1a: Palafin|Close Combat|p2a: Deoxys\n|-supereffective|p2a: Deoxys\n|-damage|p2a: Deoxys|62/226 par\n|-unboost|p1a: Palafin|def|1\n|-unboost|p1a: Palafin|spd|1\n|move|p2a: Deoxys|Recover|p2a: Deoxys\n|-heal|p2a: Deoxys|175/226 par\n|\n|-heal|p2a: Deoxys|189/226 par|[from] item: Leftovers\n|upkeep\n|turn|45\n|\n|t:|1726183629\n|move|p1a: Palafin|Close Combat|p2a: Deoxys\n|-supereffective|p2a: Deoxys\n|-crit|p2a: Deoxys\n|-damage|p2a: Deoxys|0 fnt\n|-unboost|p1a: Palafin|def|1\n|-unboost|p1a: Palafin|spd|1\n|faint|p2a: Deoxys\n|\n|upkeep\n|c|\u2606albedo98yf|i tried\n|c|\u2606albedo98yf|oh\n|\n|t:|1726183634\n|switch|p2a: Banette|Banette, L93, F|270/270\n|turn|46\n|\n|t:|1726183638\n|switch|p1a: Snorlax|Snorlax, L82, M|397/397\n|move|p2a: Banette|Shadow Sneak|p1a: Snorlax\n|-immune|p1a: Snorlax\n|\n|upkeep\n|turn|47\n|\n|t:|1726183649\n|move|p2a: Banette|Thunder Wave|p1a: Snorlax\n|-status|p1a: Snorlax|par\n|cant|p1a: Snorlax|par\n|\n|upkeep\n|turn|48\n|\n|t:|1726183654\n|move|p2a: Banette|Gunk Shot|p1a: Snorlax\n|-damage|p1a: Snorlax|209/397 par\n|-damage|p2a: Banette|243/270|[from] item: Life Orb\n|move|p1a: Snorlax|Curse|p1a: Snorlax\n|-unboost|p1a: Snorlax|spe|1\n|-boost|p1a: Snorlax|atk|1\n|-boost|p1a: Snorlax|def|1\n|\n|-heal|p1a: Snorlax|233/397 par|[from] item: Leftovers\n|upkeep\n|turn|49\n|\n|t:|1726183658\n|move|p2a: Banette|Gunk Shot|p1a: Snorlax\n|-crit|p1a: Snorlax\n|-damage|p1a: Snorlax|0 fnt\n|faint|p1a: Snorlax\n|-damage|p2a: Banette|216/270|[from] item: Life Orb\n|\n|upkeep\n|\n|t:|1726183664\n|switch|p1a: Luxray|Luxray, L88, F|284/284\n|turn|50\n|\n|t:|1726183683\n|move|p2a: Banette|Poltergeist|p1a: Luxray\n|-activate|p1a: Luxray|move: Poltergeist|Flame Orb\n|-damage|p1a: Luxray|53/284\n|-damage|p2a: Banette|189/270|[from] item: Life Orb\n|move|p1a: Luxray|Trailblaze|p2a: Banette\n|-crit|p2a: Banette\n|-damage|p2a: Banette|106/270\n|-boost|p1a: Luxray|spe|1\n|\n|-status|p1a: Luxray|brn|[from] item: Flame Orb\n|upkeep\n|turn|51\n|c|\u2606albedo98yf|and i lost\n|\n|t:|1726183696\n|move|p2a: Banette|Shadow Sneak|p1a: Luxray\n|-damage|p1a: Luxray|0 fnt\n|faint|p1a: Luxray\n|-damage|p2a: Banette|79/270|[from] item: Life Orb\n|\n|upkeep\n|\n|t:|1726183698\n|switch|p1a: Palafin|Palafin-Hero, L77, M, tera:Fighting|63/281\n|turn|52\n|\n|t:|1726183701\n|move|p1a: Palafin|Jet Punch|p2a: Banette\n|-damage|p2a: Banette|0 fnt\n|faint|p2a: Banette\n|\n|upkeep\n|\n|t:|1726183703\n|switch|p2a: Noctowl|Noctowl, L95, M|344/344 par\n|turn|53\n|\n|t:|1726183707\n|move|p1a: Palafin|Ice Punch|p2a: Noctowl\n|-supereffective|p2a: Noctowl\n|-damage|p2a: Noctowl|182/344 par\n|move|p2a: Noctowl|Hyper Voice|p1a: Palafin\n|-damage|p1a: Palafin|0 fnt\n|faint|p1a: Palafin\n|\n|win|RBLT Unstoppable\n|raw|albedo98yf's rating: 2356 &rarr; <strong>2333</strong><br />(-23 for losing)\n|raw|RBLT Unstoppable's rating: 2306 &rarr; <strong>2329</strong><br />(+23 for winning)\n", "inputlog": ">version abcf08933808d3fb39dbc2b54a8665d830b47482\n>start {\"formatid\":\"gen9randombattle\",\"seed\":[49022,51247,37795,28756],\"rated\":\"Rated battle\"}\n>player p1 {\"name\":\"albedo98yf\",\"avatar\":\"cynthia-gen4\",\"rating\":2356,\"seed\":[41222,29711,9596,57823]}\n>player p2 {\"name\":\"RBLT Unstoppable\",\"avatar\":\"jasmine\",\"rating\":2306,\"seed\":[3466,19520,15770,57449]}\n>p1 move bodyslam\n>p2 switch 3\n>p1 switch 6\n>p2 move thunderwave\n>p1 move thunderwave\n>p2 switch 5\n>p1 move bugbuzz\n>p2 move knockoff\n>p1 move thunderwave\n>p2 switch 3\n>p1 switch 6\n>p2 move hurricane\n>p1 move curse\n>p2 switch 5\n>p1 switch 6\n>p2 move thunderwave\n>p1 move bugbuzz\n>p2 switch 3\n>p1 move roost\n>p2 move doubleedge\n>p1 switch 4\n>p2 move doubleedge\n>p1 move calmmind\n>p2 switch 6\n>p1 move calmmind\n>p2 move cosmicpower terastallize\n>p1 move shadowball\n>p2 move nightshade\n>p1 move shadowball\n>p2 move cosmicpower\n>p1 move shadowball\n>p2 move recover\n>p1 move shadowball\n>p2 move cosmicpower\n>p1 move shadowball\n>p2 move recover\n>p1 move shadowball\n>p2 move cosmicpower\n>p1 switch 4\n>p2 move recover\n>p1 move encore\n>p2 move storedpower\n>p1 move roost\n>p2 switch 6\n>p1 move roost\n>p2 move uturn\n>p2 switch 2\n>p1 move thunderwave\n>p2 move wavecrash\n>p1 switch 3\n>p1 switch 4\n>p2 switch 2\n>p1 move drainingkiss\n>p2 move knockoff\n>p1 move drainingkiss\n>p2 move knockoff\n>p1 switch 4\n>p1 move bulkup\n>p2 move knockoff\n>p1 move bulkup\n>p2 switch 4\n>p1 move icepunch\n>p2 move shadowball\n>p2 switch 4\n>p1 move jetpunch\n>p2 move doubleedge\n>p2 switch 2\n>p1 move jetpunch\n>p2 move wavecrash\n>p1 move jetpunch\n>p2 move wavecrash\n>p2 switch 6\n>p1 switch 6\n>p2 move nightshade\n>p1 move bodyslam\n>p2 move cosmicpower\n>p1 move bodyslam\n>p2 move cosmicpower\n>p1 move bodyslam\n>p2 move cosmicpower\n>p1 move bodyslam\n>p2 move cosmicpower\n>p1 switch 5\n>p2 move cosmicpower\n>p1 move superfang\n>p2 move cosmicpower\n>p1 move superfang\n>p2 move cosmicpower\n>p1 move thunderbolt\n>p2 move recover\n>p1 move superfang\n>p2 move storedpower\n>p1 switch 6\n>p1 move closecombat terastallize\n>p2 move recover\n>p1 move closecombat\n>p2 move storedpower\n>chat \u2606albedo98yf|i tried\n>chat \u2606albedo98yf|oh\n>p2 switch 3\n>p1 switch 5\n>p2 move shadowsneak\n>p1 move curse\n>p2 move thunderwave\n>p1 move curse\n>p2 move gunkshot\n>p1 move rest\n>p2 move gunkshot\n>p1 switch 2\n>p1 move trailblaze\n>p2 move poltergeist\n>chat \u2606albedo98yf|and i lost\n>p1 move trailblaze\n>p2 move shadowsneak\n>p1 switch 5\n>p1 move jetpunch\n>p2 move shadowsneak\n>p2 switch 5\n>p1 move icepunch\n>p2 move hypervoice", "uploadtime": 1726183710, "views": 95, "formatid": "gen9randombattle", "rating": 2329, "private": 0, "password": null}