{"id": "gen9randombattle-2259898825", "format": "[Gen 9] Random Battle", "players": ["Miqky miqky", "eaglecarson214"], "log": "|j|\u2606Miqky miqky\n|j|\u2606eaglecarson214\n|t:|1733777791\n|gametype|singles\n|player|p1|Miqky miqky|170|1927\n|player|p2|eaglecarson214|clown|1970\n|teamsize|p1|6\n|teamsize|p2|6\n|gen|9\n|tier|[Gen 9] Random Battle\n|rated|\n|rule|Species Clause: Limit one of each Pok\u00e9mon\n|rule|HP Percentage Mod: HP is shown in percentages\n|rule|Sleep Clause Mod: Limit one foe put to sleep\n|rule|Illusion Level Mod: Illusion disguises the Pok\u00e9mon's true level\n|\n|t:|1733777791\n|start\n|switch|p1a: Lanturn|Lanturn, L89, M|367/367\n|switch|p2a: Altaria|Altaria, L88, M|275/275\n|turn|1\n|inactive|Battle timer is ON: inactive players will automatically lose when time's up. (requested by Miqky miqky)\n|\n|t:|1733777808\n|switch|p2a: Piloswine|Piloswine, L85, F|309/309\n|move|p1a: Lanturn|Scald|p2a: Piloswine\n|-supereffective|p2a: Piloswine\n|-damage|p2a: Piloswine|103/309\n|\n|upkeep\n|turn|2\n|\n|t:|1733777817\n|switch|p2a: Reuniclus|Reuniclus, L88, F|337/337\n|move|p1a: Lanturn|Scald|p2a: Reuniclus\n|-crit|p2a: Reuniclus\n|-damage|p2a: Reuniclus|157/337\n|-status|p2a: Reuniclus|brn\n|\n|upkeep\n|turn|3\n|\n|t:|1733777826\n|switch|p1a: Squawkabilly|Squawkabilly-Blue, L85, F|278/278\n|move|p2a: Reuniclus|Recover|p2a: Reuniclus\n|-heal|p2a: Reuniclus|326/337 brn\n|\n|-status|p1a: Squawkabilly|brn|[from] item: Flame Orb\n|upkeep\n|turn|4\n|\n|t:|1733777830\n|switch|p2a: Piloswine|Piloswine, L85, F|103/309\n|move|p1a: Squawkabilly|Facade|p2a: Piloswine\n|-damage|p2a: Piloswine|0 fnt\n|faint|p2a: Piloswine\n|\n|-damage|p1a: Squawkabilly|261/278 brn|[from] brn\n|upkeep\n|\n|t:|1733777847\n|switch|p2a: Glastrier|Glastrier, L86|311/311\n|turn|5\n|\n|t:|1733777852\n|move|p1a: Squawkabilly|U-turn|p2a: Glastrier\n|-damage|p2a: Glastrier|260/311\n|\n|t:|1733777860\n|switch|p1a: Golem|Golem-Alola, L93, F|300/300|[from] U-turn\n|move|p2a: Glastrier|Icicle Crash|p1a: Golem\n|-damage|p1a: Golem|182/300\n|\n|upkeep\n|turn|6\n|\n|t:|1733777868\n|switch|p2a: Reuniclus|Reuniclus, L88, F|326/337 brn\n|move|p1a: Golem|Explosion|p2a: Reuniclus\n|-damage|p2a: Reuniclus|0 fnt\n|faint|p1a: Golem\n|faint|p2a: Reuniclus\n|\n|upkeep\n|\n|t:|1733777877\n|switch|p1a: Squawkabilly|Squawkabilly-Blue, L85, F|261/278 brn\n|switch|p2a: Glastrier|Glastrier, L86|260/311\n|turn|7\n|\n|t:|1733777884\n|move|p1a: Squawkabilly|U-turn|p2a: Glastrier\n|-damage|p2a: Glastrier|202/311\n|\n|t:|1733777886\n|switch|p1a: Lanturn|Lanturn, L89, M|367/367|[from] U-turn\n|move|p2a: Glastrier|High Horsepower|p1a: Lanturn\n|-supereffective|p1a: Lanturn\n|-damage|p1a: Lanturn|0 fnt\n|faint|p1a: Lanturn\n|-ability|p2a: Glastrier|Chilling Neigh|boost\n|-boost|p2a: Glastrier|atk|1\n|\n|upkeep\n|\n|t:|1733777891\n|switch|p1a: Squawkabilly|Squawkabilly-Blue, L85, F|261/278 brn\n|turn|8\n|\n|t:|1733777894\n|switch|p2a: Altaria|Altaria, L88, M|275/275\n|move|p1a: Squawkabilly|Facade|p2a: Altaria\n|-damage|p2a: Altaria|74/275\n|\n|-damage|p1a: Squawkabilly|244/278 brn|[from] brn\n|upkeep\n|turn|9\n|\n|t:|1733777899\n|move|p1a: Squawkabilly|Facade|p2a: Altaria\n|-damage|p2a: Altaria|0 fnt\n|faint|p2a: Altaria\n|\n|-damage|p1a: Squawkabilly|227/278 brn|[from] brn\n|upkeep\n|\n|t:|1733777902\n|switch|p2a: Glastrier|Glastrier, L86|202/311\n|turn|10\n|\n|t:|1733777908\n|move|p1a: Squawkabilly|Facade|p2a: Glastrier\n|-damage|p2a: Glastrier|39/311\n|move|p2a: Glastrier|Icicle Crash|p1a: Squawkabilly\n|-supereffective|p1a: Squawkabilly\n|-damage|p1a: Squawkabilly|0 fnt\n|faint|p1a: Squawkabilly\n|-ability|p2a: Glastrier|Chilling Neigh|boost\n|-boost|p2a: Glastrier|atk|1\n|\n|upkeep\n|\n|t:|1733777918\n|switch|p1a: Dachsbun|Dachsbun, L92, M|254/254\n|turn|11\n|\n|t:|1733777922\n|move|p1a: Dachsbun|Play Rough|p2a: Glastrier\n|-crit|p2a: Glastrier\n|-damage|p2a: Glastrier|0 fnt\n|faint|p2a: Glastrier\n|\n|upkeep\n|\n|t:|1733777924\n|switch|p2a: Heatran|Heatran, L79, F|273/273\n|turn|12\n|\n|t:|1733777931\n|move|p1a: Dachsbun|Stomping Tantrum|p2a: Heatran\n|-supereffective|p2a: Heatran\n|-damage|p2a: Heatran|57/273\n|move|p2a: Heatran|Flash Cannon|p1a: Dachsbun\n|-supereffective|p1a: Dachsbun\n|-damage|p1a: Dachsbun|66/254\n|\n|-heal|p1a: Dachsbun|81/254|[from] item: Leftovers\n|upkeep\n|turn|13\n|\n|t:|1733777939\n|-terastallize|p2a: Heatran|Flying\n|move|p1a: Dachsbun|Stomping Tantrum|p2a: Heatran\n|-immune|p2a: Heatran\n|move|p2a: Heatran|Flash Cannon|p1a: Dachsbun\n|-supereffective|p1a: Dachsbun\n|-damage|p1a: Dachsbun|0 fnt\n|faint|p1a: Dachsbun\n|\n|upkeep\n|\n|t:|1733777941\n|switch|p1a: Rabsca|Rabsca, L91, M|284/284\n|turn|14\n|\n|t:|1733777944\n|move|p2a: Heatran|Magma Storm|p1a: Rabsca\n|-supereffective|p1a: Rabsca\n|-damage|p1a: Rabsca|102/284\n|-activate|p1a: Rabsca|move: Magma Storm|[of] p2a: Heatran\n|move|p1a: Rabsca|Revival Blessing|p1a: Rabsca\n|\n|t:|1733777958\n|-heal|p1: Squawkabilly|139/278|[from] move: Revival Blessing\n|\n|-damage|p1a: Rabsca|67/284|[from] move: Magma Storm|[partiallytrapped]\n|upkeep\n|turn|15\n|\n|t:|1733777974\n|switch|p2a: Blaziken|Blaziken, L76, M|247/247\n|move|p1a: Rabsca|Psychic|p2a: Blaziken\n|-supereffective|p2a: Blaziken\n|-crit|p2a: Blaziken\n|-damage|p2a: Blaziken|0 fnt\n|faint|p2a: Blaziken\n|\n|-end|p1a: Rabsca|Magma Storm|[partiallytrapped]|[silent]\n|upkeep\n|-message|eaglecarson214 forfeited.\n|\n|win|Miqky miqky\n|raw|Miqky miqky's rating: 1927 &rarr; <strong>1949</strong><br />(+22 for winning)\n|raw|eaglecarson214's rating: 1970 &rarr; <strong>1948</strong><br />(-22 for losing)\n|l|\u2606eaglecarson214\n|player|p2|\n|c|\u2606Miqky miqky|?\n", "inputlog": ">version bfd83cad13791eb5a5a409923076391caf6fb4d4\n>start {\"formatid\":\"gen9randombattle\",\"seed\":[52668,3971,14226,47809],\"rated\":\"Rated battle\"}\n>player p1 {\"name\":\"Miqky miqky\",\"avatar\":\"170\",\"rating\":1927,\"seed\":[42199,56742,64561,47259]}\n>player p2 {\"name\":\"eaglecarson214\",\"avatar\":\"clown\",\"rating\":1970,\"seed\":[3420,54429,12268,27666]}\n>p1 move scald\n>p2 switch 4\n>p1 move scald\n>p2 switch 6\n>p1 switch 5\n>p2 move recover\n>p1 move facade\n>p2 switch 6\n>p2 switch 3\n>p1 move uturn\n>p2 move iciclecrash\n>p1 switch 4\n>p1 move explosion\n>p2 switch 6\n>p1 switch 4\n>p2 switch 6\n>p1 move uturn\n>p2 move highhorsepower\n>p1 switch 5\n>p1 switch 5\n>p1 move facade\n>p2 switch 4\n>p1 move facade\n>p2 move roost\n>p2 switch 4\n>p1 move facade\n>p2 move iciclecrash\n>p1 switch 6\n>p1 move playrough\n>p2 move iciclecrash\n>p2 switch 5\n>p1 move stompingtantrum\n>p2 move flashcannon\n>p1 move stompingtantrum\n>p2 move flashcannon terastallize\n>p1 switch 3\n>p1 move revivalblessing\n>p2 move magmastorm\n>p1 switch 6\n>p1 move psychic\n>p2 switch 2\n>forcelose p2", "uploadtime": 1733777986, "views": 1, "formatid": "gen9randombattle", "rating": 1948, "private": 0, "password": null}