{"id": "gen9randombattle-2259913701", "format": "[Gen 9] Random Battle", "players": ["KentokyFriedChikin", "sad_1376"], "log": "|j|\u2606KentokyFriedChikin\n|j|\u2606sad_1376\n|t:|1733779363\n|gametype|singles\n|player|p1|KentokyFriedChikin|1|1397\n|player|p2|sad_1376|cameraman|1441\n|teamsize|p1|6\n|teamsize|p2|6\n|gen|9\n|tier|[Gen 9] Random Battle\n|rated|\n|rule|Species Clause: Limit one of each Pok\u00e9mon\n|rule|HP Percentage Mod: HP is shown in percentages\n|rule|Sleep Clause Mod: Limit one foe put to sleep\n|rule|Illusion Level Mod: Illusion disguises the Pok\u00e9mon's true level\n|\n|t:|1733779363\n|start\n|switch|p1a: Noctowl|Noctowl, L95, M|344/344\n|switch|p2a: Slowking|Slowking-Galar, L85, F|300/300\n|turn|1\n|inactive|Battle timer is ON: inactive players will automatically lose when time's up. (requested by sad_1376)\n|inactive|sad_1376 has 120 seconds left.\n|\n|t:|1733779397\n|switch|p1a: Chansey|Chansey, L85, F|564/564\n|move|p2a: Slowking|Future Sight|p1a: Chansey\n|-start|p2a: Slowking|move: Future Sight\n|\n|upkeep\n|turn|2\n|\n|t:|1733779411\n|switch|p2a: Flapple|Flapple, L88, F|266/266\n|move|p1a: Chansey|Thunder Wave|p2a: Flapple\n|-status|p2a: Flapple|par\n|\n|upkeep\n|turn|3\n|\n|t:|1733779422\n|switch|p1a: Noctowl|Noctowl, L95, M|344/344\n|move|p2a: Flapple|Grav Apple|p1a: Noctowl\n|-resisted|p1a: Noctowl\n|-damage|p1a: Noctowl|249/344\n|-unboost|p1a: Noctowl|def|1\n|\n|-end|p1a: Noctowl|move: Future Sight\n|-damage|p1a: Noctowl|125/344\n|upkeep\n|turn|4\n|\n|t:|1733779434\n|move|p2a: Flapple|Sucker Punch||[still]\n|-fail|p2a: Flapple\n|move|p1a: Noctowl|Roost|p1a: Noctowl\n|-heal|p1a: Noctowl|297/344\n|-singleturn|p1a: Noctowl|move: Roost\n|\n|upkeep\n|turn|5\n|\n|t:|1733779447\n|switch|p1a: Noivern|Noivern, L82, M|274/274\n|switch|p2a: Slowking|Slowking-Galar, L85, F|300/300\n|\n|upkeep\n|turn|6\n|\n|t:|1733779459\n|move|p1a: Noivern|Draco Meteor|p2a: Slowking\n|-damage|p2a: Slowking|221/300\n|-unboost|p1a: Noivern|spa|2\n|move|p2a: Slowking|Sludge Bomb|p1a: Noivern\n|-damage|p1a: Noivern|145/274\n|\n|upkeep\n|turn|7\n|\n|t:|1733779469\n|switch|p1a: Chansey|Chansey, L85, F|564/564\n|move|p2a: Slowking|Sludge Bomb|p1a: Chansey\n|-damage|p1a: Chansey|504/564\n|\n|upkeep\n|turn|8\n|\n|t:|1733779475\n|switch|p2a: Flapple|Flapple, L88, F|266/266 par\n|move|p1a: Chansey|Seismic Toss|p2a: Flapple\n|-damage|p2a: Flapple|181/266 par\n|\n|upkeep\n|turn|9\n|\n|t:|1733779488\n|move|p1a: Chansey|Seismic Toss|p2a: Flapple\n|-damage|p2a: Flapple|96/266 par\n|cant|p2a: Flapple|par\n|\n|upkeep\n|turn|10\n|\n|t:|1733779501\n|switch|p1a: Dedenne|Dedenne, L88, M|261/261\n|move|p2a: Flapple|Outrage|p1a: Dedenne\n|-immune|p1a: Dedenne\n|\n|upkeep\n|turn|11\n|\n|t:|1733779515\n|switch|p2a: Slowking|Slowking-Galar, L85, F|300/300\n|move|p1a: Dedenne|U-turn|p2a: Slowking\n|-damage|p2a: Slowking|257/300\n|\n|t:|1733779520\n|switch|p1a: Gastrodon|Gastrodon-East, L86, F|331/331|[from] U-turn\n|\n|upkeep\n|turn|12\n|\n|t:|1733779533\n|-terastallize|p2a: Slowking|Psychic\n|move|p1a: Gastrodon|Stealth Rock|p2a: Slowking\n|-sidestart|p2: sad_1376|move: Stealth Rock\n|move|p2a: Slowking|Future Sight|p1a: Gastrodon\n|-start|p2a: Slowking|move: Future Sight\n|\n|upkeep\n|turn|13\n|\n|t:|1733779547\n|switch|p1a: Chansey|Chansey, L85, F|504/564\n|move|p2a: Slowking|Psychic Noise|p1a: Chansey\n|-damage|p1a: Chansey|434/564\n|-start|p1a: Chansey|move: Heal Block\n|\n|upkeep\n|turn|14\n|\n|t:|1733779565\n|switch|p2a: Flapple|Flapple, L88, F|96/266 par\n|-damage|p2a: Flapple|63/266 par|[from] Stealth Rock\n|move|p1a: Chansey|Seismic Toss|p2a: Flapple\n|-damage|p2a: Flapple|0 fnt\n|faint|p2a: Flapple\n|\n|-end|p1a: Chansey|move: Future Sight\n|-damage|p1a: Chansey|320/564\n|-end|p1a: Chansey|move: Heal Block\n|upkeep\n|\n|t:|1733779577\n|switch|p2a: Hawlucha|Hawlucha, L80, M|256/256\n|-damage|p2a: Hawlucha|224/256|[from] Stealth Rock\n|turn|15\n|\n|t:|1733779589\n|move|p2a: Hawlucha|Brave Bird|p1a: Chansey\n|-damage|p1a: Chansey|77/564\n|-damage|p2a: Hawlucha|144/256|[from] Recoil\n|move|p1a: Chansey|Thunder Wave|p2a: Hawlucha\n|-status|p2a: Hawlucha|par\n|\n|upkeep\n|turn|16\n|\n|t:|1733779597\n|move|p1a: Chansey|Soft-Boiled|p1a: Chansey\n|-heal|p1a: Chansey|359/564\n|cant|p2a: Hawlucha|par\n|\n|upkeep\n|turn|17\n|\n|t:|1733779601\n|move|p1a: Chansey|Seismic Toss|p2a: Hawlucha\n|-damage|p2a: Hawlucha|59/256 par\n|move|p2a: Hawlucha|Close Combat|p1a: Chansey\n|-supereffective|p1a: Chansey\n|-damage|p1a: Chansey|0 fnt\n|-unboost|p2a: Hawlucha|def|1\n|-unboost|p2a: Hawlucha|spd|1\n|-enditem|p2a: Hawlucha|White Herb\n|-clearnegativeboost|p2a: Hawlucha|[silent]\n|faint|p1a: Chansey\n|\n|upkeep\n|\n|t:|1733779608\n|switch|p1a: Noctowl|Noctowl, L95, M|297/344\n|turn|18\n|\n|t:|1733779614\n|cant|p2a: Hawlucha|par\n|move|p1a: Noctowl|Hyper Voice|p2a: Hawlucha\n|-damage|p2a: Hawlucha|0 fnt\n|faint|p2a: Hawlucha\n|\n|upkeep\n|\n|t:|1733779621\n|switch|p2a: Slowking|Slowking-Galar, L85, F, tera:Psychic|300/300\n|-damage|p2a: Slowking|263/300|[from] Stealth Rock\n|turn|19\n|\n|t:|1733779630\n|move|p1a: Noctowl|Hyper Voice|p2a: Slowking\n|-damage|p2a: Slowking|197/300\n|move|p2a: Slowking|Future Sight|p1a: Noctowl\n|-start|p2a: Slowking|move: Future Sight\n|\n|upkeep\n|turn|20\n|\n|t:|1733779641\n|switch|p1a: Gastrodon|Gastrodon-East, L86, F|331/331\n|move|p2a: Slowking|Sludge Bomb|p1a: Gastrodon\n|-resisted|p1a: Gastrodon\n|-damage|p1a: Gastrodon|270/331\n|-status|p1a: Gastrodon|psn\n|\n|-heal|p1a: Gastrodon|290/331 psn|[from] item: Leftovers\n|-damage|p1a: Gastrodon|249/331 psn|[from] psn\n|upkeep\n|turn|21\n|\n|t:|1733779661\n|switch|p2a: Farigiraf|Farigiraf, L91, M|366/366\n|-damage|p2a: Farigiraf|321/366|[from] Stealth Rock\n|move|p1a: Gastrodon|Earthquake|p2a: Farigiraf\n|-damage|p2a: Farigiraf|204/366\n|\n|-end|p1a: Gastrodon|move: Future Sight\n|-damage|p1a: Gastrodon|53/331 psn\n|-heal|p2a: Farigiraf|226/366|[from] item: Leftovers\n|-heal|p1a: Gastrodon|73/331 psn|[from] item: Leftovers\n|-damage|p1a: Gastrodon|32/331 psn|[from] psn\n|upkeep\n|turn|22\n|inactive|sad_1376 has 120 seconds left.\n|\n|t:|1733779686\n|move|p2a: Farigiraf|Psychic Noise|p1a: Gastrodon\n|-damage|p1a: Gastrodon|0 fnt\n|faint|p1a: Gastrodon\n|\n|-heal|p2a: Farigiraf|248/366|[from] item: Leftovers\n|upkeep\n|\n|t:|1733779699\n|switch|p1a: Passimian|Passimian, L83, M|302/302\n|turn|23\n|\n|t:|1733779706\n|-terastallize|p1a: Passimian|Dark\n|move|p1a: Passimian|Knock Off|p2a: Farigiraf\n|-supereffective|p2a: Farigiraf\n|-damage|p2a: Farigiraf|0 fnt\n|-enditem|p2a: Farigiraf|Leftovers|[from] move: Knock Off|[of] p1a: Passimian\n|faint|p2a: Farigiraf\n|\n|upkeep\n|\n|t:|1733779714\n|switch|p2a: Illumise|Illumise, L91, F|266/266\n|turn|24\n|\n|t:|1733779722\n|switch|p1a: Noctowl|Noctowl, L95, M|297/344\n|move|p2a: Illumise|Bug Buzz|p1a: Noctowl\n|-resisted|p1a: Noctowl\n|-damage|p1a: Noctowl|262/344\n|-unboost|p1a: Noctowl|spd|1\n|\n|upkeep\n|turn|25\n|\n|t:|1733779734\n|switch|p2a: Slowking|Slowking-Galar, L85, F, tera:Psychic|297/300\n|-damage|p2a: Slowking|260/300|[from] Stealth Rock\n|move|p1a: Noctowl|Hyper Voice|p2a: Slowking\n|-damage|p2a: Slowking|200/300\n|\n|upkeep\n|turn|26\n|\n|t:|1733779741\n|move|p1a: Noctowl|Hyper Voice|p2a: Slowking\n|-damage|p2a: Slowking|140/300\n|move|p2a: Slowking|Future Sight|p1a: Noctowl\n|-start|p2a: Slowking|move: Future Sight\n|\n|upkeep\n|turn|27\n|\n|t:|1733779746\n|switch|p2a: Illumise|Illumise, L91, F|266/266\n|move|p1a: Noctowl|Hyper Voice|p2a: Illumise\n|-damage|p2a: Illumise|160/266\n|\n|upkeep\n|turn|28\n|\n|t:|1733779755\n|move|p2a: Illumise|Thunder Wave|p1a: Noctowl\n|-status|p1a: Noctowl|par\n|cant|p1a: Noctowl|par\n|\n|-end|p1a: Noctowl|move: Future Sight\n|-damage|p1a: Noctowl|0 fnt\n|faint|p1a: Noctowl\n|upkeep\n|\n|t:|1733779761\n|switch|p1a: Noivern|Noivern, L82, M|145/274\n|turn|29\n|\n|t:|1733779767\n|switch|p1a: Passimian|Passimian, L83, M, tera:Dark|302/302\n|switch|p2a: Slowking|Slowking-Galar, L85, F, tera:Psychic|240/300\n|-damage|p2a: Slowking|203/300|[from] Stealth Rock\n|\n|upkeep\n|turn|30\n|\n|t:|1733779784\n|switch|p2a: Walking Wake|Walking Wake, L79|286/286\n|-damage|p2a: Walking Wake|251/286|[from] Stealth Rock\n|move|p1a: Passimian|Bulk Up|p1a: Passimian\n|-boost|p1a: Passimian|atk|1\n|-boost|p1a: Passimian|def|1\n|\n|upkeep\n|turn|31\n|\n|t:|1733779800\n|move|p2a: Walking Wake|Draco Meteor|p1a: Passimian\n|-damage|p1a: Passimian|26/302\n|-unboost|p2a: Walking Wake|spa|2\n|move|p1a: Passimian|Drain Punch|p2a: Walking Wake\n|-damage|p2a: Walking Wake|115/286\n|-heal|p1a: Passimian|94/302|[from] drain|[of] p2a: Walking Wake\n|\n|-heal|p1a: Passimian|112/302|[from] item: Leftovers\n|upkeep\n|turn|32\n|\n|t:|1733779814\n|move|p2a: Walking Wake|Draco Meteor|p1a: Passimian\n|-damage|p1a: Passimian|0 fnt\n|-unboost|p2a: Walking Wake|spa|2\n|faint|p1a: Passimian\n|\n|upkeep\n|\n|t:|1733779822\n|switch|p1a: Dedenne|Dedenne, L88, M|261/261\n|turn|33\n|\n|t:|1733779827\n|-end|p2a: Walking Wake|Protosynthesis|[silent]\n|switch|p2a: Slowking|Slowking-Galar, L85, F, tera:Psychic|300/300\n|-damage|p2a: Slowking|263/300|[from] Stealth Rock\n|move|p1a: Dedenne|Thunderbolt|p2a: Slowking\n|-damage|p2a: Slowking|211/300\n|\n|upkeep\n|turn|34\n|\n|t:|1733779835\n|move|p1a: Dedenne|Thunderbolt|p2a: Slowking\n|-damage|p2a: Slowking|156/300\n|-status|p2a: Slowking|par\n|cant|p2a: Slowking|par\n|\n|upkeep\n|turn|35\n|\n|t:|1733779843\n|move|p1a: Dedenne|U-turn|p2a: Slowking\n|-supereffective|p2a: Slowking\n|-damage|p2a: Slowking|80/300 par\n|\n|t:|1733779846\n|switch|p1a: Noivern|Noivern, L82, M|145/274|[from] U-turn\n|move|p2a: Slowking|Future Sight|p1a: Noivern\n|-start|p2a: Slowking|move: Future Sight\n|\n|upkeep\n|turn|36\n|\n|t:|1733779857\n|switch|p2a: Walking Wake|Walking Wake, L79|115/286\n|-damage|p2a: Walking Wake|80/286|[from] Stealth Rock\n|move|p1a: Noivern|Draco Meteor|p2a: Walking Wake\n|-supereffective|p2a: Walking Wake\n|-damage|p2a: Walking Wake|0 fnt\n|-unboost|p1a: Noivern|spa|2\n|faint|p2a: Walking Wake\n|-end|p2a: Walking Wake|Protosynthesis|[silent]\n|\n|upkeep\n|\n|t:|1733779866\n|switch|p2a: Illumise|Illumise, L91, F|160/266\n|turn|37\n|\n|t:|1733779874\n|move|p2a: Illumise|Thunder Wave|p1a: Noivern\n|-status|p1a: Noivern|par\n|move|p1a: Noivern|Hurricane|p2a: Illumise\n|-supereffective|p2a: Illumise\n|-damage|p2a: Illumise|52/266\n|-start|p2a: Illumise|confusion\n|\n|-end|p1a: Noivern|move: Future Sight\n|-damage|p1a: Noivern|0 fnt\n|faint|p1a: Noivern\n|upkeep\n|\n|t:|1733779879\n|switch|p1a: Dedenne|Dedenne, L88, M|261/261\n|turn|38\n|\n|t:|1733779894\n|-activate|p2a: Illumise|confusion\n|move|p2a: Illumise|Roost|p2a: Illumise\n|-heal|p2a: Illumise|185/266\n|-singleturn|p2a: Illumise|move: Roost\n|move|p1a: Dedenne|Thunderbolt|p2a: Illumise\n|-damage|p2a: Illumise|101/266\n|-status|p2a: Illumise|par\n|\n|upkeep\n|turn|39\n|\n|t:|1733779901\n|-activate|p2a: Illumise|confusion\n|cant|p2a: Illumise|par\n|move|p1a: Dedenne|Thunderbolt|p2a: Illumise\n|-damage|p2a: Illumise|11/266 par\n|\n|upkeep\n|turn|40\n|\n|t:|1733779906\n|-activate|p2a: Illumise|confusion\n|cant|p2a: Illumise|par\n|move|p1a: Dedenne|Thunderbolt|p2a: Illumise\n|-damage|p2a: Illumise|0 fnt\n|faint|p2a: Illumise\n|\n|upkeep\n|\n|t:|1733779912\n|switch|p2a: Slowking|Slowking-Galar, L85, F, tera:Psychic|180/300 par\n|-damage|p2a: Slowking|143/300 par|[from] Stealth Rock\n|turn|41\n|\n|t:|1733779918\n|move|p1a: Dedenne|U-turn|p2a: Slowking\n|-supereffective|p2a: Slowking\n|-damage|p2a: Slowking|57/300 par\n|move|p2a: Slowking|Sludge Bomb|p1a: Dedenne\n|-supereffective|p1a: Dedenne\n|-damage|p1a: Dedenne|21/261\n|-enditem|p1a: Dedenne|Sitrus Berry|[eat]\n|-heal|p1a: Dedenne|86/261|[from] item: Sitrus Berry\n|-heal|p1a: Dedenne|173/261|[from] ability: Cheek Pouch\n|\n|upkeep\n|turn|42\n|\n|t:|1733779927\n|move|p1a: Dedenne|U-turn|p2a: Slowking\n|-supereffective|p2a: Slowking\n|-damage|p2a: Slowking|0 fnt\n|faint|p2a: Slowking\n|\n|win|KentokyFriedChikin\n|raw|KentokyFriedChikin's rating: 1397 &rarr; <strong>1420</strong><br />(+23 for winning)\n|raw|sad_1376's rating: 1441 &rarr; <strong>1418</strong><br />(-23 for losing)\n", "inputlog": ">version bfd83cad13791eb5a5a409923076391caf6fb4d4\n>start {\"formatid\":\"gen9randombattle\",\"seed\":[30417,30262,36694,8155],\"rated\":\"Rated battle\"}\n>player p1 {\"name\":\"KentokyFriedChikin\",\"avatar\":\"1\",\"rating\":1397,\"seed\":[43261,292,18290,49673]}\n>player p2 {\"name\":\"sad_1376\",\"avatar\":\"cameraman\",\"rating\":1441,\"seed\":[4280,30023,42092,41051]}\n>p1 switch 2\n>p2 move futuresight\n>p1 move thunderwave\n>p2 switch 2\n>p1 switch 2\n>p2 move gravapple\n>p1 move roost\n>p2 move suckerpunch\n>p1 switch 4\n>p2 switch 2\n>p1 move dracometeor\n>p2 move sludgebomb\n>p1 switch 2\n>p2 move sludgebomb\n>p1 move seismictoss\n>p2 switch 2\n>p1 move seismictoss\n>p2 move outrage\n>p1 switch 5\n>p2 move outrage\n>p1 move uturn\n>p2 switch 2\n>p1 switch 3\n>p1 move stealthrock\n>p2 move futuresight terastallize\n>p1 switch 5\n>p2 move psychicnoise\n>p1 move seismictoss\n>p2 switch 2\n>p2 switch 4\n>p1 move thunderwave\n>p2 move bravebird\n>p1 move softboiled\n>p2 move bravebird\n>p1 move seismictoss\n>p2 move closecombat\n>p1 switch 4\n>p1 move hypervoice\n>p2 move bravebird\n>p2 switch 2\n>p1 move hypervoice\n>p2 move futuresight\n>p1 switch 5\n>p2 move sludgebomb\n>p1 move earthquake\n>p2 switch 6\n>p1 move earthquake\n>p2 move psychicnoise\n>p1 switch 6\n>p1 move knockoff terastallize\n>p2 move psychicnoise\n>p2 switch 5\n>p1 switch 5\n>p2 move bugbuzz\n>p1 move hypervoice\n>p2 switch 6\n>p1 move hypervoice\n>p2 move futuresight\n>p1 move hypervoice\n>p2 switch 6\n>p1 move hurricane\n>p2 move thunderwave\n>p1 switch 2\n>p1 switch 5\n>p2 switch 6\n>p1 move bulkup\n>p2 switch 3\n>p1 move drainpunch\n>p2 move dracometeor\n>p1 move drainpunch\n>p2 move dracometeor\n>p1 switch 3\n>p1 move thunderbolt\n>p2 switch 3\n>p1 move thunderbolt\n>p2 move futuresight\n>p1 move uturn\n>p2 move futuresight\n>p1 switch 5\n>p1 move dracometeor\n>p2 switch 3\n>p2 switch 6\n>p1 move hurricane\n>p2 move thunderwave\n>p1 switch 5\n>p1 move thunderbolt\n>p2 move roost\n>p1 move thunderbolt\n>p2 move roost\n>p1 move thunderbolt\n>p2 move roost\n>p2 switch 3\n>p1 move uturn\n>p2 move sludgebomb\n>p1 move uturn\n>p2 move sludgebomb", "uploadtime": 1733779934, "views": 20, "formatid": "gen9randombattle", "rating": 1418, "private": 0, "password": null}