{"id": "gen9randombattle-2260531512", "format": "[Gen 9] Random Battle", "players": ["ijslostmydaawg", "UselesWaterGoddess"], "log": "|j|\u2606ijslostmydaawg\n|j|\u2606UselesWaterGoddess\n|t:|1733860665\n|gametype|singles\n|player|p1|ijslostmydaawg|101|\n|player|p2|UselesWaterGoddess|winona|\n|teamsize|p1|6\n|teamsize|p2|6\n|gen|9\n|tier|[Gen 9] Random Battle\n|rule|Species Clause: Limit one of each Pok\u00e9mon\n|rule|HP Percentage Mod: HP is shown in percentages\n|rule|Sleep Clause Mod: Limit one foe put to sleep\n|rule|Illusion Level Mod: Illusion disguises the Pok\u00e9mon's true level\n|\n|t:|1733860665\n|start\n|switch|p1a: Kingambit|Kingambit, L74, F|270/270\n|switch|p2a: Regieleki|Regieleki, L79|256/256\n|turn|1\n|\n|t:|1733860693\n|switch|p2a: Gliscor|Gliscor, L76, F|239/239\n|-end|p1a: Kingambit|fallenundefined|[silent]\n|switch|p1a: Zebstrika|Zebstrika, L87, F|272/272\n|\n|-status|p2a: Gliscor|tox|[from] item: Toxic Orb\n|upkeep\n|turn|2\n|\n|t:|1733860712\n|switch|p1a: Sunflora|Sunflora, F|312/312\n|move|p2a: Gliscor|Earthquake|p1a: Sunflora\n|-resisted|p1a: Sunflora\n|-damage|p1a: Sunflora|264/312\n|\n|upkeep\n|turn|3\n|\n|t:|1733860723\n|move|p2a: Gliscor|Knock Off|p1a: Sunflora\n|-damage|p1a: Sunflora|201/312\n|-enditem|p1a: Sunflora|Life Orb|[from] move: Knock Off|[of] p2a: Gliscor\n|move|p1a: Sunflora|Sunny Day|p1a: Sunflora\n|-weather|SunnyDay\n|\n|-weather|SunnyDay|[upkeep]\n|upkeep\n|turn|4\n|\n|t:|1733860731\n|move|p1a: Sunflora|Solar Beam||[still]\n|-prepare|p1a: Sunflora|Solar Beam\n|-anim|p1a: Sunflora|Solar Beam|p2a: Gliscor\n|-damage|p2a: Gliscor|19/239 tox\n|move|p2a: Gliscor|Toxic Spikes|p1a: Sunflora\n|-sidestart|p1: ijslostmydaawg|move: Toxic Spikes\n|\n|-weather|SunnyDay|[upkeep]\n|-heal|p2a: Gliscor|48/239 tox|[from] ability: Poison Heal\n|upkeep\n|turn|5\n|\n|t:|1733860740\n|move|p2a: Gliscor|Protect|p2a: Gliscor\n|-singleturn|p2a: Gliscor|Protect\n|move|p1a: Sunflora|Solar Beam||[still]\n|-prepare|p1a: Sunflora|Solar Beam\n|-anim|p1a: Sunflora|Solar Beam|p2a: Gliscor\n|-activate|p2a: Gliscor|move: Protect\n|\n|-weather|SunnyDay|[upkeep]\n|-heal|p2a: Gliscor|77/239 tox|[from] ability: Poison Heal\n|upkeep\n|turn|6\n|\n|t:|1733860763\n|switch|p2a: Dragapult|Dragapult, L77, M|262/262\n|move|p1a: Sunflora|Solar Beam||[still]\n|-prepare|p1a: Sunflora|Solar Beam\n|-anim|p1a: Sunflora|Solar Beam|p2a: Dragapult\n|-resisted|p2a: Dragapult\n|-damage|p2a: Dragapult|147/262\n|\n|-weather|SunnyDay|[upkeep]\n|upkeep\n|turn|7\n|\n|t:|1733860782\n|-terastallize|p1a: Sunflora|Fire\n|move|p2a: Dragapult|Fire Blast|p1a: Sunflora\n|-resisted|p1a: Sunflora\n|-damage|p1a: Sunflora|140/312\n|move|p1a: Sunflora|Weather Ball|p2a: Dragapult\n|-resisted|p2a: Dragapult\n|-damage|p2a: Dragapult|0 fnt\n|faint|p2a: Dragapult\n|\n|-weather|none\n|upkeep\n|\n|t:|1733860793\n|switch|p2a: Wigglytuff|Wigglytuff, L96, M|424/424\n|turn|8\n|\n|t:|1733860797\n|move|p2a: Wigglytuff|Thunder Wave|p1a: Sunflora\n|-status|p1a: Sunflora|par\n|move|p1a: Sunflora|Sunny Day|p1a: Sunflora\n|-weather|SunnyDay\n|\n|-weather|SunnyDay|[upkeep]\n|upkeep\n|turn|9\n|\n|t:|1733860803\n|move|p2a: Wigglytuff|Dazzling Gleam|p1a: Sunflora\n|-resisted|p1a: Sunflora\n|-damage|p1a: Sunflora|96/312 par\n|move|p1a: Sunflora|Weather Ball|p2a: Wigglytuff\n|-damage|p2a: Wigglytuff|130/424\n|\n|-weather|SunnyDay|[upkeep]\n|-heal|p2a: Wigglytuff|156/424|[from] item: Leftovers\n|upkeep\n|turn|10\n|\n|t:|1733860811\n|move|p2a: Wigglytuff|Wish|p2a: Wigglytuff\n|move|p1a: Sunflora|Weather Ball|p2a: Wigglytuff\n|-damage|p2a: Wigglytuff|0 fnt\n|faint|p2a: Wigglytuff\n|\n|-weather|SunnyDay|[upkeep]\n|upkeep\n|\n|t:|1733860817\n|switch|p2a: Gliscor|Gliscor, L76, F|77/239 tox\n|turn|11\n|\n|t:|1733860821\n|move|p2a: Gliscor|Protect|p2a: Gliscor\n|-singleturn|p2a: Gliscor|Protect\n|cant|p1a: Sunflora|par\n|\n|-weather|SunnyDay|[upkeep]\n|-heal|p2a: Gliscor|239/239 tox|[from] move: Wish|[wisher] Wigglytuff\n|upkeep\n|turn|12\n|\n|t:|1733860832\n|move|p2a: Gliscor|Earthquake|p1a: Sunflora\n|-supereffective|p1a: Sunflora\n|-damage|p1a: Sunflora|0 fnt\n|faint|p1a: Sunflora\n|\n|-weather|none\n|upkeep\n|\n|t:|1733860843\n|switch|p1a: Ambipom|Ambipom, L84, M|263/263\n|-status|p1a: Ambipom|psn\n|turn|13\n|\n|t:|1733860856\n|move|p1a: Ambipom|Fake Out|p2a: Gliscor\n|-damage|p2a: Gliscor|175/239 tox\n|cant|p2a: Gliscor|flinch\n|\n|-damage|p1a: Ambipom|231/263 psn|[from] psn\n|-heal|p2a: Gliscor|204/239 tox|[from] ability: Poison Heal\n|upkeep\n|turn|14\n|\n|t:|1733861007\n|move|p1a: Ambipom|Double-Edge|p2a: Gliscor\n|-damage|p2a: Gliscor|62/239 tox\n|-damage|p1a: Ambipom|184/263 psn|[from] Recoil\n|move|p2a: Gliscor|Earthquake|p1a: Ambipom\n|-damage|p1a: Ambipom|69/263 psn\n|\n|-damage|p1a: Ambipom|37/263 psn|[from] psn\n|-heal|p2a: Gliscor|91/239 tox|[from] ability: Poison Heal\n|upkeep\n|turn|15\n|\n|t:|1733861017\n|move|p2a: Gliscor|Protect|p2a: Gliscor\n|-singleturn|p2a: Gliscor|Protect\n|move|p1a: Ambipom|Double-Edge|p2a: Gliscor\n|-activate|p2a: Gliscor|move: Protect\n|\n|-damage|p1a: Ambipom|5/263 psn|[from] psn\n|-heal|p2a: Gliscor|120/239 tox|[from] ability: Poison Heal\n|upkeep\n|turn|16\n|\n|t:|1733861026\n|move|p1a: Ambipom|Double-Edge|p2a: Gliscor\n|-damage|p2a: Gliscor|0 fnt\n|faint|p2a: Gliscor\n|-damage|p1a: Ambipom|0 fnt|[from] Recoil\n|faint|p1a: Ambipom\n|\n|upkeep\n|\n|t:|1733861037\n|switch|p1a: Houndstone|Houndstone, L86, M|264/264\n|switch|p2a: Sylveon|Sylveon, L85, M|300/300\n|-status|p1a: Houndstone|psn\n|turn|17\n|\n|t:|1733861070\n|move|p1a: Houndstone|Poltergeist|p2a: Sylveon\n|-activate|p2a: Sylveon|move: Poltergeist|Leftovers\n|-crit|p2a: Sylveon\n|-damage|p2a: Sylveon|75/300\n|move|p2a: Sylveon|Calm Mind|p2a: Sylveon\n|-boost|p2a: Sylveon|spa|1\n|-boost|p2a: Sylveon|spd|1\n|\n|-heal|p2a: Sylveon|93/300|[from] item: Leftovers\n|-damage|p1a: Houndstone|231/264 psn|[from] psn\n|upkeep\n|turn|18\n|\n|t:|1733861089\n|switch|p2a: Darkrai|Darkrai, L77|234/234\n|move|p1a: Houndstone|Poltergeist|p2a: Darkrai\n|-activate|p2a: Darkrai|move: Poltergeist|Leftovers\n|-resisted|p2a: Darkrai\n|-damage|p2a: Darkrai|167/234\n|\n|-heal|p2a: Darkrai|181/234|[from] item: Leftovers\n|-heal|p1a: Houndstone|247/264 psn|[from] item: Leftovers\n|-damage|p1a: Houndstone|214/264 psn|[from] psn\n|upkeep\n|turn|19\n|\n|t:|1733861101\n|move|p2a: Darkrai|Dark Pulse|p1a: Houndstone\n|-supereffective|p1a: Houndstone\n|-damage|p1a: Houndstone|52/264 psn\n|move|p1a: Houndstone|Body Press|p2a: Darkrai\n|-supereffective|p2a: Darkrai\n|-damage|p2a: Darkrai|57/234\n|\n|-heal|p2a: Darkrai|71/234|[from] item: Leftovers\n|-heal|p1a: Houndstone|68/264 psn|[from] item: Leftovers\n|-damage|p1a: Houndstone|35/264 psn|[from] psn\n|upkeep\n|turn|20\n|\n|t:|1733861110\n|move|p2a: Darkrai|Dark Pulse|p1a: Houndstone\n|-supereffective|p1a: Houndstone\n|-damage|p1a: Houndstone|0 fnt\n|faint|p1a: Houndstone\n|\n|-heal|p2a: Darkrai|85/234|[from] item: Leftovers\n|upkeep\n|\n|t:|1733861115\n|switch|p1a: Zamazenta|Zamazenta, L71|248/248\n|-status|p1a: Zamazenta|psn\n|-ability|p1a: Zamazenta|Dauntless Shield|boost\n|-boost|p1a: Zamazenta|def|1\n|turn|21\n|\n|t:|1733861131\n|switch|p2a: Sylveon|Sylveon, L85, M|93/300\n|move|p1a: Zamazenta|Iron Defense|p1a: Zamazenta\n|-boost|p1a: Zamazenta|def|2\n|\n|-heal|p2a: Sylveon|111/300|[from] item: Leftovers\n|-damage|p1a: Zamazenta|217/248 psn|[from] psn\n|upkeep\n|turn|22\n|\n|t:|1733861147\n|move|p1a: Zamazenta|Stone Edge|p2a: Sylveon\n|-damage|p2a: Sylveon|39/300\n|move|p2a: Sylveon|Hyper Voice|p1a: Zamazenta\n|-supereffective|p1a: Zamazenta\n|-damage|p1a: Zamazenta|0 fnt\n|faint|p1a: Zamazenta\n|\n|-heal|p2a: Sylveon|57/300|[from] item: Leftovers\n|upkeep\n|\n|t:|1733861154\n|switch|p1a: Zebstrika|Zebstrika, L87, F|272/272\n|-status|p1a: Zebstrika|psn\n|turn|23\n|\n|t:|1733861164\n|move|p2a: Sylveon|Protect|p2a: Sylveon\n|-singleturn|p2a: Sylveon|Protect\n|move|p1a: Zebstrika|Supercell Slam|p2a: Sylveon\n|-activate|p2a: Sylveon|move: Protect\n|-damage|p1a: Zebstrika|136/272 psn|[from] supercellslam\n|\n|-heal|p2a: Sylveon|75/300|[from] item: Leftovers\n|-damage|p1a: Zebstrika|102/272 psn|[from] psn\n|upkeep\n|turn|24\n|\n|t:|1733861173\n|move|p2a: Sylveon|Protect||[still]\n|-fail|p2a: Sylveon\n|move|p1a: Zebstrika|Supercell Slam|p2a: Sylveon\n|-damage|p2a: Sylveon|0 fnt\n|faint|p2a: Sylveon\n|-damage|p1a: Zebstrika|75/272 psn|[from] item: Life Orb\n|\n|-damage|p1a: Zebstrika|41/272 psn|[from] psn\n|upkeep\n|\n|t:|1733861182\n|switch|p2a: Regieleki|Regieleki, L79|256/256\n|turn|25\n|\n|t:|1733861187\n|move|p2a: Regieleki|Thunderbolt|p1a: Zebstrika\n|-resisted|p1a: Zebstrika\n|-damage|p1a: Zebstrika|0 fnt\n|faint|p1a: Zebstrika\n|\n|upkeep\n|\n|t:|1733861190\n|switch|p1a: Kingambit|Kingambit, L74, F|270/270\n|-activate|p1a: Kingambit|ability: Supreme Overlord\n|-start|p1a: Kingambit|fallen5|[silent]\n|turn|26\n|\n|t:|1733861197\n|move|p2a: Regieleki|Thunderbolt|p1a: Kingambit\n|-damage|p1a: Kingambit|123/270\n|move|p1a: Kingambit|Swords Dance|p1a: Kingambit\n|-boost|p1a: Kingambit|atk|2\n|\n|-heal|p1a: Kingambit|139/270|[from] item: Leftovers\n|upkeep\n|turn|27\n|\n|t:|1733861202\n|move|p1a: Kingambit|Sucker Punch|p2a: Regieleki\n|-damage|p2a: Regieleki|0 fnt\n|faint|p2a: Regieleki\n|\n|-heal|p1a: Kingambit|155/270|[from] item: Leftovers\n|upkeep\n|\n|t:|1733861207\n|switch|p2a: Darkrai|Darkrai, L77|85/234\n|turn|28\n|\n|t:|1733861217\n|-terastallize|p2a: Darkrai|Poison\n|move|p2a: Darkrai|Dark Pulse|p1a: Kingambit\n|-resisted|p1a: Kingambit\n|-damage|p1a: Kingambit|106/270\n|move|p1a: Kingambit|Kowtow Cleave|p2a: Darkrai\n|-damage|p2a: Darkrai|0 fnt\n|faint|p2a: Darkrai\n|\n|win|ijslostmydaawg\n|l|\u2606UselesWaterGoddess\n|player|p2|\n", "inputlog": ">version bfd83cad13791eb5a5a409923076391caf6fb4d4\n>start {\"formatid\":\"gen9randombattle\",\"seed\":[51425,9250,27202,13679]}\n>player p1 {\"name\":\"ijslostmydaawg\",\"avatar\":\"101\",\"rating\":0,\"seed\":[5938,32685,36419,57869]}\n>player p2 {\"name\":\"UselesWaterGoddess\",\"avatar\":\"winona\",\"rating\":0,\"seed\":[38548,29275,47730,23852]}\n>p1 switch 4\n>p2 switch 6\n>p1 switch 3\n>p2 move earthquake\n>p1 move sunnyday\n>p2 move knockoff\n>p1 move solarbeam\n>p2 move toxicspikes\n>p1 move solarbeam\n>p2 move protect\n>p1 move solarbeam\n>p2 switch 2\n>p1 move weatherball terastallize\n>p2 move fireblast\n>p2 switch 4\n>p1 move sunnyday\n>p2 move thunderwave\n>p1 move weatherball\n>p2 move dazzlinggleam\n>p1 move weatherball\n>p2 move wish\n>p2 switch 2\n>p1 move solarbeam\n>p2 move protect\n>p1 move solarbeam\n>p2 move earthquake\n>p1 switch 6\n>p1 move fakeout\n>p2 move earthquake\n>p1 move doubleedge\n>p2 move earthquake\n>p1 move doubleedge\n>p2 move protect\n>p1 move doubleedge\n>p2 move toxicspikes\n>p1 switch 2\n>p2 switch 5\n>p1 move poltergeist\n>p2 move calmmind\n>p1 move poltergeist\n>p2 switch 3\n>p1 move bodypress\n>p2 move darkpulse\n>p1 move bodypress\n>p2 move darkpulse\n>p1 switch 5\n>p1 move irondefense\n>p2 switch 3\n>p1 move stoneedge\n>p2 move hypervoice\n>p1 switch 3\n>p1 move supercellslam\n>p2 move protect\n>p1 move supercellslam\n>p2 move protect\n>p2 switch 6\n>p1 move highhorsepower\n>p2 move thunderbolt\n>p1 switch 4\n>p1 move swordsdance\n>p2 move thunderbolt\n>p1 move suckerpunch\n>p2 move thunderbolt\n>p2 switch 3\n>p1 move kowtowcleave\n>p2 move darkpulse terastallize", "uploadtime": 1733861233, "views": 2, "formatid": "gen9randombattle", "rating": null, "private": 0, "password": null}