{"id": "gen9randombattle-2260313824", "format": "[Gen 9] Random Battle", "players": ["Mapp7777", "FakeMrCactus"], "log": "|j|\u2606Mapp7777\n|j|\u2606FakeMrCactus\n|t:|1733838755\n|gametype|singles\n|player|p1|Mapp7777|hilda|\n|player|p2|FakeMrCactus|169|\n|teamsize|p1|6\n|teamsize|p2|6\n|gen|9\n|tier|[Gen 9] Random Battle\n|rule|Species Clause: Limit one of each Pok\u00e9mon\n|rule|HP Percentage Mod: HP is shown in percentages\n|rule|Sleep Clause Mod: Limit one foe put to sleep\n|rule|Illusion Level Mod: Illusion disguises the Pok\u00e9mon's true level\n|\n|t:|1733838755\n|start\n|switch|p1a: Glastrier|Glastrier, L86|312/312\n|switch|p2a: Scrafty|Scrafty, L84, F|246/246\n|-ability|p2a: Scrafty|Intimidate|boost\n|-unboost|p1a: Glastrier|atk|1\n|turn|1\n|inactive|Battle timer is ON: inactive players will automatically lose when time's up. (requested by FakeMrCactus)\n|inactiveoff|Battle timer is now OFF.\n|\n|t:|1733838776\n|switch|p1a: Misdreavus|Misdreavus, L90, F|254/254\n|move|p2a: Scrafty|Dragon Dance|p2a: Scrafty\n|-boost|p2a: Scrafty|atk|1\n|-boost|p2a: Scrafty|spe|1\n|\n|upkeep\n|turn|2\n|\n|t:|1733838783\n|move|p2a: Scrafty|Knock Off|p1a: Misdreavus\n|-supereffective|p1a: Misdreavus\n|-damage|p1a: Misdreavus|0 fnt\n|-enditem|p1a: Misdreavus|Eviolite|[from] move: Knock Off|[of] p2a: Scrafty\n|faint|p1a: Misdreavus\n|-damage|p2a: Scrafty|222/246|[from] item: Life Orb\n|\n|upkeep\n|\n|t:|1733838792\n|switch|p1a: Glastrier|Glastrier, L86|312/312\n|turn|3\n|\n|t:|1733838802\n|switch|p1a: Enamorus|Enamorus-Therian, L83, F|259/259\n|move|p2a: Scrafty|Close Combat|p1a: Enamorus\n|-resisted|p1a: Enamorus\n|-damage|p1a: Enamorus|212/259\n|-unboost|p2a: Scrafty|def|1\n|-unboost|p2a: Scrafty|spd|1\n|-damage|p2a: Scrafty|198/246|[from] item: Life Orb\n|\n|upkeep\n|turn|4\n|\n|t:|1733838818\n|-terastallize|p2a: Scrafty|Poison\n|move|p2a: Scrafty|Poison Jab|p1a: Enamorus\n|-supereffective|p1a: Enamorus\n|-damage|p1a: Enamorus|0 fnt\n|faint|p1a: Enamorus\n|-damage|p2a: Scrafty|174/246|[from] item: Life Orb\n|\n|upkeep\n|\n|t:|1733838825\n|switch|p1a: Empoleon|Empoleon, L84, M|278/278\n|turn|5\n|\n|t:|1733838830\n|move|p2a: Scrafty|Close Combat|p1a: Empoleon\n|-supereffective|p1a: Empoleon\n|-damage|p1a: Empoleon|0 fnt\n|-unboost|p2a: Scrafty|def|1\n|-unboost|p2a: Scrafty|spd|1\n|faint|p1a: Empoleon\n|-damage|p2a: Scrafty|150/246|[from] item: Life Orb\n|\n|upkeep\n|\n|t:|1733838833\n|switch|p1a: Mabosstiff|Mabosstiff, L86, F|278/278\n|turn|6\n|c|\u2606FakeMrCactus|get her ass scrafty\n|\n|t:|1733838841\n|move|p1a: Mabosstiff|Wild Charge|p2a: Scrafty\n|-damage|p2a: Scrafty|22/246\n|-damage|p1a: Mabosstiff|246/278|[from] Recoil\n|move|p2a: Scrafty|Close Combat|p1a: Mabosstiff\n|-supereffective|p1a: Mabosstiff\n|-damage|p1a: Mabosstiff|0 fnt\n|-unboost|p2a: Scrafty|def|1\n|-unboost|p2a: Scrafty|spd|1\n|faint|p1a: Mabosstiff\n|-damage|p2a: Scrafty|0 fnt|[from] item: Life Orb\n|faint|p2a: Scrafty\n|\n|upkeep\n|\n|t:|1733838859\n|switch|p1a: Glastrier|Glastrier, L86|312/312\n|switch|p2a: Infernape|Infernape, L82, M|259/259\n|turn|7\n|\n|t:|1733838891\n|-terastallize|p1a: Glastrier|Fighting\n|move|p2a: Infernape|Close Combat|p1a: Glastrier\n|-damage|p1a: Glastrier|180/312\n|-unboost|p2a: Infernape|def|1\n|-unboost|p2a: Infernape|spd|1\n|move|p1a: Glastrier|Close Combat|p2a: Infernape\n|-damage|p2a: Infernape|0 fnt\n|-unboost|p1a: Glastrier|def|1\n|-unboost|p1a: Glastrier|spd|1\n|faint|p2a: Infernape\n|-ability|p1a: Glastrier|Chilling Neigh|boost\n|-boost|p1a: Glastrier|atk|1\n|\n|upkeep\n|\n|t:|1733838906\n|switch|p2a: Mimikyu|Mimikyu, L79, F|216/216\n|turn|8\n|c|\u2606Mapp7777|jeg er alt for langsom jeg er s\u00e5 fucked\n|\n|t:|1733838913\n|move|p2a: Mimikyu|Swords Dance|p2a: Mimikyu\n|-boost|p2a: Mimikyu|atk|2\n|move|p1a: Glastrier|Icicle Crash|p2a: Mimikyu\n|-activate|p2a: Mimikyu|ability: Disguise\n|-damage|p2a: Mimikyu|216/216\n|detailschange|p2a: Mimikyu|Mimikyu-Busted, L79, F\n|-damage|p2a: Mimikyu|189/216|[from] pokemon: Mimikyu-Busted\n|\n|upkeep\n|turn|9\n|\n|t:|1733838922\n|move|p2a: Mimikyu|Play Rough|p1a: Glastrier\n|-supereffective|p1a: Glastrier\n|-damage|p1a: Glastrier|0 fnt\n|faint|p1a: Glastrier\n|-damage|p2a: Mimikyu|168/216|[from] item: Life Orb\n|\n|upkeep\n|\n|t:|1733838925\n|switch|p1a: Cinderace|Cinderace, L77, F|249/249\n|turn|10\n|\n|t:|1733838954\n|move|p1a: Cinderace|U-turn|p2a: Mimikyu\n|-start|p1a: Cinderace|typechange|Bug|[from] ability: Libero\n|-resisted|p2a: Mimikyu\n|-damage|p2a: Mimikyu|146/216\n|move|p2a: Mimikyu|Shadow Claw|p1a: Cinderace\n|-damage|p1a: Cinderace|54/249\n|-damage|p2a: Mimikyu|125/216|[from] item: Life Orb\n|\n|upkeep\n|turn|11\n|\n|t:|1733838962\n|move|p2a: Mimikyu|Shadow Sneak|p1a: Cinderace\n|-damage|p1a: Cinderace|0 fnt\n|faint|p1a: Cinderace\n|-damage|p2a: Mimikyu|104/216|[from] item: Life Orb\n|\n|win|FakeMrCactus\n|l|\u2606Mapp7777\n|player|p1|\n", "inputlog": ">version bfd83cad13791eb5a5a409923076391caf6fb4d4\n>start {\"formatid\":\"gen9randombattle\",\"seed\":[59170,65087,29010,59164]}\n>player p1 {\"name\":\"Mapp7777\",\"avatar\":\"hilda\",\"rating\":0,\"seed\":[26975,44219,46223,4207]}\n>player p2 {\"name\":\"FakeMrCactus\",\"avatar\":\"169\",\"rating\":0,\"seed\":[57400,26662,63221,17039]}\n>p1 switch 2\n>p2 move dragondance\n>p1 move willowisp\n>p2 move knockoff\n>p1 switch 2\n>p1 switch 4\n>p2 move closecombat\n>p1 move moonblast\n>p2 move poisonjab terastallize\n>p1 switch 3\n>p1 move knockoff\n>p2 move closecombat\n>p1 switch 5\n>chat \u2606FakeMrCactus|get her ass scrafty\n>p1 move wildcharge\n>p2 move closecombat\n>p1 switch 4\n>p2 switch 5\n>p1 move closecombat terastallize\n>p2 move closecombat\n>p2 switch 6\n>chat \u2606Mapp7777|jeg er alt for langsom jeg er s\u00e5 fucked\n>p1 move iciclecrash\n>p2 move swordsdance\n>p1 move heavyslam\n>p2 move playrough\n>p1 switch 6\n>p1 move uturn\n>p2 move shadowclaw\n>p1 move pyroball\n>p2 move shadowsneak", "uploadtime": 1733838972, "views": 4, "formatid": "gen9randombattle", "rating": null, "private": 0, "password": null}