{"id": "gen9randombattle-2260323209", "format": "[Gen 9] Random Battle", "players": ["kmpoijkp'", "bread4181"], "log": "|j|\u2606kmpoijkp'\n|j|\u2606bread4181\n|t:|1733839853\n|gametype|singles\n|player|p1|kmpoijkp'|supernerd|1404\n|player|p2|bread4181|2|1380\n|teamsize|p1|6\n|teamsize|p2|6\n|gen|9\n|tier|[Gen 9] Random Battle\n|rated|\n|rule|Species Clause: Limit one of each Pok\u00e9mon\n|rule|HP Percentage Mod: HP is shown in percentages\n|rule|Sleep Clause Mod: Limit one foe put to sleep\n|rule|Illusion Level Mod: Illusion disguises the Pok\u00e9mon's true level\n|\n|t:|1733839853\n|start\n|switch|p1a: Ludicolo|Ludicolo, L90, M|290/290\n|switch|p2a: Sneasler|Sneasler, L74, M|240/240\n|turn|1\n|inactive|Battle timer is ON: inactive players will automatically lose when time's up. (requested by bread4181)\n|\n|t:|1733839869\n|move|p2a: Sneasler|Close Combat|p1a: Ludicolo\n|-crit|p1a: Ludicolo\n|-damage|p1a: Ludicolo|97/290\n|-unboost|p2a: Sneasler|def|1\n|-unboost|p2a: Sneasler|spd|1\n|-enditem|p2a: Sneasler|White Herb\n|-clearnegativeboost|p2a: Sneasler|[silent]\n|move|p1a: Ludicolo|Hydro Pump|p2a: Sneasler\n|-damage|p2a: Sneasler|21/240\n|\n|upkeep\n|turn|2\n|\n|t:|1733839879\n|switch|p1a: Granbull|Granbull, L88, F|302/302\n|-ability|p1a: Granbull|Intimidate|boost\n|-unboost|p2a: Sneasler|atk|1\n|move|p2a: Sneasler|Acrobatics|p1a: Granbull\n|-damage|p1a: Granbull|249/302\n|\n|-heal|p1a: Granbull|267/302|[from] item: Leftovers\n|upkeep\n|turn|3\n|\n|t:|1733839889\n|switch|p1a: Okidogi|Okidogi, L77, M|262/262\n|move|p2a: Sneasler|Gunk Shot|p1a: Okidogi\n|-resisted|p1a: Okidogi\n|-damage|p1a: Okidogi|223/262\n|\n|-heal|p1a: Okidogi|239/262|[from] item: Leftovers\n|upkeep\n|turn|4\n|\n|t:|1733839899\n|switch|p1a: Granbull|Granbull, L88, F|267/302\n|-ability|p1a: Granbull|Intimidate|boost\n|-unboost|p2a: Sneasler|atk|1\n|move|p2a: Sneasler|Acrobatics|p1a: Granbull\n|-damage|p1a: Granbull|227/302\n|\n|-heal|p1a: Granbull|245/302|[from] item: Leftovers\n|upkeep\n|turn|5\n|\n|t:|1733839907\n|move|p2a: Sneasler|Swords Dance|p2a: Sneasler\n|-boost|p2a: Sneasler|atk|2\n|move|p1a: Granbull|Earthquake|p2a: Sneasler\n|-supereffective|p2a: Sneasler\n|-damage|p2a: Sneasler|0 fnt\n|faint|p2a: Sneasler\n|\n|-heal|p1a: Granbull|263/302|[from] item: Leftovers\n|upkeep\n|\n|t:|1733839918\n|switch|p2a: Masquerain|Masquerain, L87, F|264/264\n|-ability|p2a: Masquerain|Intimidate|boost\n|-unboost|p1a: Granbull|atk|1\n|turn|6\n|\n|t:|1733839926\n|move|p2a: Masquerain|Sticky Web|p1a: Granbull\n|-sidestart|p1: kmpoijkp'|move: Sticky Web\n|move|p1a: Granbull|Thunder Wave|p2a: Masquerain\n|-status|p2a: Masquerain|par\n|\n|-heal|p1a: Granbull|281/302|[from] item: Leftovers\n|upkeep\n|turn|7\n|\n|t:|1733839934\n|move|p1a: Granbull|Play Rough|p2a: Masquerain\n|-damage|p2a: Masquerain|165/264 par\n|cant|p2a: Masquerain|par\n|\n|-heal|p1a: Granbull|299/302|[from] item: Leftovers\n|upkeep\n|turn|8\n|inactive|kmpoijkp' has 120 seconds left.\n|\n|t:|1733839965\n|move|p1a: Granbull|Play Rough|p2a: Masquerain\n|-damage|p2a: Masquerain|68/264 par\n|-unboost|p2a: Masquerain|atk|1\n|cant|p2a: Masquerain|par\n|\n|-heal|p1a: Granbull|302/302|[from] item: Leftovers\n|upkeep\n|turn|9\n|\n|t:|1733839972\n|move|p1a: Granbull|Play Rough|p2a: Masquerain\n|-damage|p2a: Masquerain|0 fnt\n|faint|p2a: Masquerain\n|\n|upkeep\n|\n|t:|1733839979\n|switch|p2a: Revavroom|Revavroom, L79, F|256/256\n|turn|10\n|\n|t:|1733839984\n|move|p2a: Revavroom|Shift Gear|p2a: Revavroom\n|-boost|p2a: Revavroom|spe|2\n|-boost|p2a: Revavroom|atk|1\n|move|p1a: Granbull|Earthquake|p2a: Revavroom\n|-supereffective|p2a: Revavroom\n|-damage|p2a: Revavroom|67/256\n|\n|upkeep\n|turn|11\n|\n|t:|1733839991\n|switch|p1a: Ludicolo|Ludicolo, L90, M|97/290\n|-activate|p1a: Ludicolo|move: Sticky Web\n|-unboost|p1a: Ludicolo|spe|1\n|move|p2a: Revavroom|Gunk Shot|p1a: Ludicolo\n|-supereffective|p1a: Ludicolo\n|-crit|p1a: Ludicolo\n|-damage|p1a: Ludicolo|0 fnt\n|faint|p1a: Ludicolo\n|-damage|p2a: Revavroom|42/256|[from] item: Life Orb\n|\n|upkeep\n|\n|t:|1733839998\n|switch|p1a: Granbull|Granbull, L88, F|302/302\n|-activate|p1a: Granbull|move: Sticky Web\n|-unboost|p1a: Granbull|spe|1\n|-ability|p1a: Granbull|Intimidate|boost\n|-unboost|p2a: Revavroom|atk|1\n|turn|12\n|\n|t:|1733840006\n|switch|p1a: Okidogi|Okidogi, L77, M|239/262\n|-activate|p1a: Okidogi|move: Sticky Web\n|-unboost|p1a: Okidogi|spe|1\n|move|p2a: Revavroom|High Horsepower|p1a: Okidogi\n|-supereffective|p1a: Okidogi\n|-damage|p1a: Okidogi|80/262\n|-damage|p2a: Revavroom|17/256|[from] item: Life Orb\n|\n|-heal|p1a: Okidogi|96/262|[from] item: Leftovers\n|upkeep\n|turn|13\n|\n|t:|1733840018\n|move|p2a: Revavroom|High Horsepower|p1a: Okidogi\n|-supereffective|p1a: Okidogi\n|-damage|p1a: Okidogi|0 fnt\n|faint|p1a: Okidogi\n|-damage|p2a: Revavroom|0 fnt|[from] item: Life Orb\n|faint|p2a: Revavroom\n|\n|upkeep\n|\n|t:|1733840031\n|switch|p2a: Reuniclus|Reuniclus, L88, M|337/337\n|switch|p1a: Zebstrika|Zebstrika, L87, F|272/272\n|-activate|p1a: Zebstrika|move: Sticky Web\n|-unboost|p1a: Zebstrika|spe|1\n|turn|14\n|\n|t:|1733840043\n|move|p1a: Zebstrika|Supercell Slam|p2a: Reuniclus\n|-damage|p2a: Reuniclus|172/337\n|-damage|p1a: Zebstrika|245/272|[from] item: Life Orb\n|move|p2a: Reuniclus|Calm Mind|p2a: Reuniclus\n|-boost|p2a: Reuniclus|spa|1\n|-boost|p2a: Reuniclus|spd|1\n|\n|upkeep\n|turn|15\n|\n|t:|1733840051\n|move|p1a: Zebstrika|Volt Switch|p2a: Reuniclus\n|-damage|p2a: Reuniclus|116/337\n|-damage|p1a: Zebstrika|218/272|[from] item: Life Orb\n|\n|t:|1733840069\n|switch|p1a: Granbull|Granbull, L88, F|302/302|[from] Volt Switch\n|-activate|p1a: Granbull|move: Sticky Web\n|-unboost|p1a: Granbull|spe|1\n|-ability|p1a: Granbull|Intimidate|boost\n|-unboost|p2a: Reuniclus|atk|1\n|move|p2a: Reuniclus|Recover|p2a: Reuniclus\n|-heal|p2a: Reuniclus|285/337\n|\n|upkeep\n|turn|16\n|\n|t:|1733840078\n|move|p2a: Reuniclus|Psychic|p1a: Granbull\n|-damage|p1a: Granbull|8/302\n|move|p1a: Granbull|Thunder Wave|p2a: Reuniclus\n|-status|p2a: Reuniclus|par\n|\n|-heal|p1a: Granbull|26/302|[from] item: Leftovers\n|upkeep\n|turn|17\n|\n|t:|1733840088\n|move|p1a: Granbull|Play Rough|p2a: Reuniclus\n|-damage|p2a: Reuniclus|149/337 par\n|cant|p2a: Reuniclus|par\n|\n|-heal|p1a: Granbull|44/302|[from] item: Leftovers\n|upkeep\n|turn|18\n|\n|t:|1733840098\n|move|p1a: Granbull|Play Rough|p2a: Reuniclus\n|-damage|p2a: Reuniclus|23/337 par\n|cant|p2a: Reuniclus|par\n|\n|-heal|p1a: Granbull|62/302|[from] item: Leftovers\n|upkeep\n|turn|19\n|c|\u2606bread4181|die\n|n|!bread4181|bread4181\n|inactive|kmpoijkp' has 120 seconds left.\n|l|!bread4181\n|inactive|bread4181 disconnected and has a minute to reconnect!\n|player|p2|\n|inactive|kmpoijkp' has 90 seconds left.\n|l|\u2606kmpoijkp'\n|inactive|kmpoijkp' disconnected and has a minute to reconnect!\n|player|p1|\n|inactive|kmpoijkp' has 30 seconds to reconnect!\n|j|\u2606kmpoijkp'\n|inactive|kmpoijkp' reconnected and has 40 seconds left.\n|player|p1|kmpoijkp'|supernerd|\n|\n|t:|1733840215\n|move|p1a: Granbull|Earthquake|p2a: Reuniclus\n|-damage|p2a: Reuniclus|0 fnt\n|faint|p2a: Reuniclus\n|\n|-heal|p1a: Granbull|80/302|[from] item: Leftovers\n|upkeep\n|c|\u2606kmpoijkp'|No u\n|inactive|bread4181 has 30 seconds to reconnect!\n|inactive|bread4181 has 20 seconds to reconnect!\n|inactive|bread4181 has 15 seconds to reconnect!\n|inactive|bread4181 has 10 seconds to reconnect!\n|inactive|bread4181 has 5 seconds to reconnect!\n|-message|bread4181 lost due to inactivity.\n|\n|win|kmpoijkp'\n", "inputlog": ">version bfd83cad13791eb5a5a409923076391caf6fb4d4\n>start {\"formatid\":\"gen9randombattle\",\"seed\":[43141,36416,42726,60846],\"rated\":\"Rated battle\"}\n>player p1 {\"name\":\"kmpoijkp'\",\"avatar\":\"supernerd\",\"rating\":1404,\"seed\":[26133,37299,41227,23490]}\n>player p2 {\"name\":\"bread4181\",\"avatar\":\"2\",\"rating\":1380,\"seed\":[40057,47555,65519,2441]}\n>p1 move hydropump\n>p2 move closecombat\n>p1 switch 5\n>p2 move acrobatics\n>p1 switch 3\n>p2 move gunkshot\n>p1 switch 3\n>p2 move acrobatics\n>p1 move earthquake\n>p2 move swordsdance\n>p2 switch 6\n>p1 move thunderwave\n>p2 move stickyweb\n>p1 move playrough\n>p2 move hydropump\n>p1 move playrough\n>p2 move hurricane\n>p1 move playrough\n>p2 move hurricane\n>p2 switch 2\n>p1 move earthquake\n>p2 move shiftgear\n>p1 switch 5\n>p2 move gunkshot\n>p1 switch 5\n>p1 switch 3\n>p2 move highhorsepower\n>p1 move bulkup\n>p2 move highhorsepower\n>p1 switch 4\n>p2 switch 5\n>p1 move supercellslam\n>p2 move calmmind\n>p1 move voltswitch\n>p2 move recover\n>p1 switch 3\n>p1 move thunderwave\n>p2 move psychic\n>p1 move playrough\n>p2 move psychic\n>p1 move playrough\n>p2 move psychic\n>chat \u2606bread4181|die\n>chat \u2606bread4181|100% para, cheating cunt\n>p1 move earthquake\n>p2 move psychic\n>chat \u2606kmpoijkp'|No u \n>forcelose p2", "uploadtime": 1733840126, "views": 1, "formatid": "gen9randombattle", "rating": null, "private": 0, "password": null}