{"id": "gen9randombattle-2260036212", "format": "[Gen 9] Random Battle", "players": ["MiguelMarulanda", "devin booker"], "log": "|j|\u2606MiguelMarulanda\n|j|\u2606devin booker\n|t:|1733793980\n|gametype|singles\n|player|p1|MiguelMarulanda|cynthia-gen4|1638\n|player|p2|devin booker|cameraman|1603\n|teamsize|p1|6\n|teamsize|p2|6\n|gen|9\n|tier|[Gen 9] Random Battle\n|rated|\n|rule|Species Clause: Limit one of each Pok\u00e9mon\n|rule|HP Percentage Mod: HP is shown in percentages\n|rule|Sleep Clause Mod: Limit one foe put to sleep\n|rule|Illusion Level Mod: Illusion disguises the Pok\u00e9mon's true level\n|\n|t:|1733793980\n|start\n|switch|p1a: Terrakion|Terrakion, L79|273/273\n|switch|p2a: Hydrapple|Hydrapple, L83, F|312/312\n|turn|1\n|\n|t:|1733793997\n|switch|p1a: Scream Tail|Scream Tail, L84|330/330\n|move|p2a: Hydrapple|Fickle Beam|p1a: Scream Tail\n|-immune|p1a: Scream Tail\n|\n|upkeep\n|turn|2\n|\n|t:|1733794018\n|switch|p2a: Swampert|Swampert, L83, M|302/302\n|move|p1a: Scream Tail|Wish|p1a: Scream Tail\n|\n|upkeep\n|turn|3\n|l|\u2606devin booker\n|player|p2|\n|inactive|Battle timer is ON: inactive players will automatically lose when time's up. (requested by MiguelMarulanda)\n|j|\u2606devin booker\n|inactive|devin booker reconnected and has 140 seconds left.\n|player|p2|devin booker|cameraman|\n|inactive|devin booker has 120 seconds left.\n|\n|t:|1733794069\n|-end|p1a: Scream Tail|Protosynthesis|[silent]\n|switch|p1a: Galvantula|Galvantula, L82, F|249/249\n|move|p2a: Swampert|Roar|p1a: Galvantula\n|drag|p1a: Conkeldurr|Conkeldurr, L80, M|299/299\n|\n|-status|p1a: Conkeldurr|brn|[from] item: Flame Orb\n|upkeep\n|turn|4\n|inactive|devin booker has 120 seconds left.\n|\n|t:|1733794102\n|switch|p1a: Galvantula|Galvantula, L82, F|249/249\n|move|p2a: Swampert|Earthquake|p1a: Galvantula\n|-damage|p1a: Galvantula|98/249\n|\n|upkeep\n|turn|5\n|inactive|devin booker has 120 seconds left.\n|\n|t:|1733794126\n|switch|p2a: Gholdengo|Gholdengo, L77|261/261\n|move|p1a: Galvantula|Giga Drain|p2a: Gholdengo\n|-resisted|p2a: Gholdengo\n|-damage|p2a: Gholdengo|233/261\n|-heal|p1a: Galvantula|112/249|[from] drain|[of] p2a: Gholdengo\n|\n|-heal|p2a: Gholdengo|249/261|[from] item: Leftovers\n|upkeep\n|turn|6\n|\n|t:|1733794133\n|move|p1a: Galvantula|Sticky Web|p2a: Gholdengo\n|-sidestart|p2: devin booker|move: Sticky Web\n|move|p2a: Gholdengo|Shadow Ball|p1a: Galvantula\n|-damage|p1a: Galvantula|0 fnt\n|faint|p1a: Galvantula\n|\n|-heal|p2a: Gholdengo|261/261|[from] item: Leftovers\n|upkeep\n|\n|t:|1733794147\n|switch|p1a: Conkeldurr|Conkeldurr, L80, M|299/299 brn\n|turn|7\n|inactive|devin booker has 120 seconds left.\n|\n|t:|1733794184\n|switch|p2a: Hariyama|Hariyama, L87, F|392/392\n|-activate|p2a: Hariyama|move: Sticky Web\n|-unboost|p2a: Hariyama|spe|1\n|move|p1a: Conkeldurr|Knock Off|p2a: Hariyama\n|-resisted|p2a: Hariyama\n|-damage|p2a: Hariyama|314/392\n|-enditem|p2a: Hariyama|Assault Vest|[from] move: Knock Off|[of] p1a: Conkeldurr\n|\n|-damage|p1a: Conkeldurr|281/299 brn|[from] brn\n|upkeep\n|turn|8\n|\n|t:|1733794196\n|switch|p1a: Scream Tail|Scream Tail, L84|330/330\n|move|p2a: Hariyama|Close Combat|p1a: Scream Tail\n|-resisted|p1a: Scream Tail\n|-damage|p1a: Scream Tail|295/330\n|-unboost|p2a: Hariyama|def|1\n|-unboost|p2a: Hariyama|spd|1\n|\n|-heal|p1a: Scream Tail|315/330|[from] item: Leftovers\n|upkeep\n|turn|9\n|\n|t:|1733794205\n|switch|p2a: Gholdengo|Gholdengo, L77|261/261\n|-activate|p2a: Gholdengo|move: Sticky Web\n|-unboost|p2a: Gholdengo|spe|1\n|move|p1a: Scream Tail|Dazzling Gleam|p2a: Gholdengo\n|-resisted|p2a: Gholdengo\n|-damage|p2a: Gholdengo|228/261\n|\n|-heal|p1a: Scream Tail|330/330|[from] item: Leftovers\n|-heal|p2a: Gholdengo|244/261|[from] item: Leftovers\n|upkeep\n|turn|10\n|\n|t:|1733794222\n|move|p1a: Scream Tail|Wish|p1a: Scream Tail\n|move|p2a: Gholdengo|Make It Rain|p1a: Scream Tail\n|-supereffective|p1a: Scream Tail\n|-damage|p1a: Scream Tail|94/330\n|-unboost|p2a: Gholdengo|spa|1\n|\n|-heal|p1a: Scream Tail|114/330|[from] item: Leftovers\n|-heal|p2a: Gholdengo|260/261|[from] item: Leftovers\n|upkeep\n|turn|11\n|\n|t:|1733794233\n|move|p1a: Scream Tail|Protect|p1a: Scream Tail\n|-singleturn|p1a: Scream Tail|Protect\n|move|p2a: Gholdengo|Thunder Wave|p1a: Scream Tail\n|-activate|p1a: Scream Tail|move: Protect\n|\n|-heal|p1a: Scream Tail|279/330|[from] move: Wish|[wisher] Scream Tail\n|-heal|p1a: Scream Tail|299/330|[from] item: Leftovers\n|-heal|p2a: Gholdengo|261/261|[from] item: Leftovers\n|upkeep\n|turn|12\n|\n|t:|1733794243\n|-end|p1a: Scream Tail|Protosynthesis|[silent]\n|switch|p1a: Conkeldurr|Conkeldurr, L80, M|281/299 brn\n|switch|p2a: Palafin|Palafin, L77, M|281/281\n|-activate|p2a: Palafin|move: Sticky Web\n|-unboost|p2a: Palafin|spe|1\n|\n|-damage|p1a: Conkeldurr|263/299 brn|[from] brn\n|upkeep\n|turn|13\n|inactive|devin booker has 90 seconds left.\n|\n|t:|1733794274\n|detailschange|p2a: Palafin|Palafin-Hero, L77, M\n|switch|p2a: Swampert|Swampert, L83, M|302/302\n|-activate|p2a: Swampert|move: Sticky Web\n|-unboost|p2a: Swampert|spe|1\n|move|p1a: Conkeldurr|Close Combat|p2a: Swampert\n|-damage|p2a: Swampert|52/302\n|-unboost|p1a: Conkeldurr|def|1\n|-unboost|p1a: Conkeldurr|spd|1\n|\n|-heal|p2a: Swampert|70/302|[from] item: Leftovers\n|-damage|p1a: Conkeldurr|245/299 brn|[from] brn\n|upkeep\n|turn|14\n|\n|t:|1733794288\n|move|p1a: Conkeldurr|Facade|p2a: Swampert\n|-damage|p2a: Swampert|0 fnt\n|faint|p2a: Swampert\n|\n|-damage|p1a: Conkeldurr|227/299 brn|[from] brn\n|upkeep\n|inactive|devin booker has 90 seconds left.\n|\n|t:|1733794301\n|switch|p2a: Incineroar|Incineroar, L82, F|290/290\n|-activate|p2a: Incineroar|move: Sticky Web\n|-unboost|p2a: Incineroar|spe|1\n|-ability|p2a: Incineroar|Intimidate|boost\n|-unboost|p1a: Conkeldurr|atk|1\n|turn|15\n|\n|t:|1733794310\n|switch|p1a: Terrakion|Terrakion, L79|273/273\n|move|p2a: Incineroar|Flare Blitz|p1a: Terrakion\n|-resisted|p1a: Terrakion\n|-damage|p1a: Terrakion|199/273\n|-damage|p2a: Incineroar|266/290|[from] Recoil\n|\n|upkeep\n|turn|16\n|\n|t:|1733794320\n|switch|p2a: Gholdengo|Gholdengo, L77|261/261\n|-activate|p2a: Gholdengo|move: Sticky Web\n|-unboost|p2a: Gholdengo|spe|1\n|move|p1a: Terrakion|Swords Dance|p1a: Terrakion\n|-boost|p1a: Terrakion|atk|2\n|\n|upkeep\n|turn|17\n|\n|t:|1733794332\n|move|p1a: Terrakion|Earthquake|p2a: Gholdengo\n|-supereffective|p2a: Gholdengo\n|-damage|p2a: Gholdengo|0 fnt\n|faint|p2a: Gholdengo\n|-damage|p1a: Terrakion|172/273|[from] item: Life Orb\n|\n|upkeep\n|inactive|devin booker has 90 seconds left.\n|l|\u2606devin booker\n|inactive|devin booker disconnected and has a minute to reconnect!\n|player|p2|\n|c|\u2606MiguelMarulanda|Come back annoying ass bitch\n|inactive|devin booker has 30 seconds to reconnect!\n|inactive|devin booker has 20 seconds to reconnect!\n|inactive|devin booker has 15 seconds to reconnect!\n|inactive|devin booker has 10 seconds to reconnect!\n|inactive|devin booker has 5 seconds to reconnect!\n|-message|devin booker lost due to inactivity.\n|\n|win|MiguelMarulanda\n", "inputlog": ">version bfd83cad13791eb5a5a409923076391caf6fb4d4\n>start {\"formatid\":\"gen9randombattle\",\"seed\":[252,39528,27548,32520],\"rated\":\"Rated battle\"}\n>player p1 {\"name\":\"MiguelMarulanda\",\"avatar\":\"cynthia-gen4\",\"rating\":1638,\"seed\":[40321,30324,22251,55619]}\n>player p2 {\"name\":\"devin booker\",\"avatar\":\"cameraman\",\"rating\":1603,\"seed\":[62589,34828,26923,57462]}\n>p1 switch 4\n>p2 move ficklebeam\n>p1 move wish\n>p2 switch 5\n>p1 switch 5\n>p2 move roar\n>p1 switch 3\n>p2 move earthquake\n>p1 move gigadrain\n>p2 switch 6\n>p1 move stickyweb\n>p2 move shadowball\n>p1 switch 3\n>p1 move knockoff\n>p2 switch 3\n>p1 switch 5\n>p2 move closecombat\n>p1 move dazzlinggleam\n>p2 switch 3\n>p1 move wish\n>p2 move makeitrain\n>p1 move protect\n>p2 move thunderwave\n>p1 switch 5\n>p2 switch 4\n>p1 move closecombat\n>p2 switch 6\n>p1 move facade\n>p2 move earthquake\n>p2 switch 2\n>p1 switch 4\n>p2 move flareblitz\n>p1 move swordsdance\n>p2 switch 4\n>p1 move earthquake\n>p2 move makeitrain\n>chat \u2606MiguelMarulanda|Come back annoying ass bitch\n>forcelose p2", "uploadtime": 1733794367, "views": 3, "formatid": "gen9randombattle", "rating": null, "private": 0, "password": null}