{"id": "gen9randombattle-2195730461", "format": "[Gen 9] Random Battle", "players": ["Teres bahji", "paysa"], "log": "|badge|p1|silver|gen9randombattle|30-2\n|uhtml|medal-msg|<div class=\"broadcast-blue\">Curious what those medals under the avatar are? PS now has Ladder Seasons! For more information, check out the <a href=\"https://www.smogon.com/forums/threads/3740067/\">thread on Smogon.</a></div>\n|badge|p2|silver|gen9randombattle|30-2\n|uhtml|medal-msg|<div class=\"broadcast-blue\">Curious what those medals under the avatar are? PS now has Ladder Seasons! For more information, check out the <a href=\"https://www.smogon.com/forums/threads/3740067/\">thread on Smogon.</a></div>\n|j|\u2606Teres bahji\n|j|\u2606paysa\n|t:|1725622506\n|gametype|singles\n|player|p1|Teres bahji|#rbtt7teamrayquazaf|2472\n|player|p2|paysa|169|2454\n|teamsize|p1|6\n|teamsize|p2|6\n|gen|9\n|tier|[Gen 9] Random Battle\n|rated|\n|rule|Species Clause: Limit one of each Pok\u00e9mon\n|rule|HP Percentage Mod: HP is shown in percentages\n|rule|Sleep Clause Mod: Limit one foe put to sleep\n|rule|Illusion Level Mod: Illusion disguises the Pok\u00e9mon's true level\n|\n|t:|1725622506\n|start\n|switch|p1a: Honchkrow|Honchkrow, L86, F|312/312\n|switch|p2a: Girafarig|Girafarig, L89, M|269/269\n|turn|1\n|inactive|Battle timer is ON: inactive players will automatically lose when time's up. (requested by Teres bahji)\n|inactive|paysa has 120 seconds left.\n|\n|t:|1725622543\n|move|p2a: Girafarig|Thunderbolt|p1a: Honchkrow\n|-supereffective|p1a: Honchkrow\n|-damage|p1a: Honchkrow|136/312\n|move|p1a: Honchkrow|Lash Out|p2a: Girafarig\n|-supereffective|p2a: Girafarig\n|-damage|p2a: Girafarig|101/269\n|\n|upkeep\n|turn|2\n|\n|t:|1725622560\n|switch|p2a: Electrode|Electrode, L92|260/260\n|move|p1a: Honchkrow|Brave Bird|p2a: Electrode\n|-resisted|p2a: Electrode\n|-damage|p2a: Electrode|164/260\n|-damage|p1a: Honchkrow|104/312|[from] Recoil\n|\n|upkeep\n|turn|3\n|\n|t:|1725622567\n|switch|p1a: Appletun|Appletun, L92, M|352/352\n|move|p2a: Electrode|Volt Switch|p1a: Appletun\n|-resisted|p1a: Appletun\n|-damage|p1a: Appletun|329/352\n|-damage|p2a: Electrode|138/260|[from] item: Life Orb\n|j| koekjes123\n|\n|t:|1725622596\n|switch|p2a: Okidogi|Okidogi, L77, M|262/262|[from] Volt Switch\n|\n|-heal|p1a: Appletun|351/352|[from] item: Leftovers\n|upkeep\n|turn|4\n|\n|t:|1725622606\n|switch|p1a: Reuniclus|Reuniclus, L88, F|337/337\n|move|p2a: Okidogi|Knock Off|p1a: Reuniclus\n|-supereffective|p1a: Reuniclus\n|-damage|p1a: Reuniclus|191/337\n|-enditem|p1a: Reuniclus|Life Orb|[from] move: Knock Off|[of] p2a: Okidogi\n|\n|upkeep\n|turn|5\n|inactive|paysa has 120 seconds left.\n|j| RipHunt\n|inactive|paysa has 90 seconds left.\n|\n|t:|1725622665\n|switch|p2a: Iron Treads|Iron Treads, L77|265/265\n|move|p1a: Reuniclus|Recover|p1a: Reuniclus\n|-heal|p1a: Reuniclus|337/337\n|\n|upkeep\n|turn|6\n|inactive|paysa has 90 seconds left.\n|\n|t:|1725622686\n|move|p2a: Iron Treads|Volt Switch|p1a: Reuniclus\n|-damage|p1a: Reuniclus|305/337\n|\n|t:|1725622689\n|-end|p2a: Iron Treads|Quark Drive|[silent]\n|switch|p2a: Trevenant|Trevenant, L88, M|293/293|[from] Volt Switch\n|move|p1a: Reuniclus|Calm Mind|p1a: Reuniclus\n|-boost|p1a: Reuniclus|spa|1\n|-boost|p1a: Reuniclus|spd|1\n|\n|upkeep\n|turn|7\n|\n|t:|1725622698\n|move|p2a: Trevenant|Will-O-Wisp|p1a: Reuniclus\n|-status|p1a: Reuniclus|brn\n|move|p1a: Reuniclus|Recover|p1a: Reuniclus\n|-heal|p1a: Reuniclus|337/337 brn\n|\n|upkeep\n|turn|8\n|inactive|paysa has 90 seconds left.\n|\n|t:|1725622710\n|move|p2a: Trevenant|Horn Leech|p1a: Reuniclus\n|-damage|p1a: Reuniclus|208/337 brn\n|-damage|p2a: Trevenant|264/293|[from] item: Life Orb\n|move|p1a: Reuniclus|Psyshock|p2a: Trevenant\n|-damage|p2a: Trevenant|71/293\n|\n|upkeep\n|turn|9\n|\n|t:|1725622715\n|move|p2a: Trevenant|Horn Leech|p1a: Reuniclus\n|-damage|p1a: Reuniclus|74/337 brn\n|-heal|p2a: Trevenant|138/293|[from] drain|[of] p1a: Reuniclus\n|-damage|p2a: Trevenant|109/293|[from] item: Life Orb\n|move|p1a: Reuniclus|Recover|p1a: Reuniclus\n|-heal|p1a: Reuniclus|243/337 brn\n|\n|upkeep\n|turn|10\n|\n|t:|1725622719\n|move|p2a: Trevenant|Horn Leech|p1a: Reuniclus\n|-damage|p1a: Reuniclus|103/337 brn\n|-heal|p2a: Trevenant|179/293|[from] drain|[of] p1a: Reuniclus\n|-damage|p2a: Trevenant|150/293|[from] item: Life Orb\n|move|p1a: Reuniclus|Recover|p1a: Reuniclus\n|-heal|p1a: Reuniclus|272/337 brn\n|\n|upkeep\n|turn|11\n|\n|t:|1725622723\n|move|p2a: Trevenant|Horn Leech|p1a: Reuniclus\n|-damage|p1a: Reuniclus|139/337 brn\n|-heal|p2a: Trevenant|217/293|[from] drain|[of] p1a: Reuniclus\n|-damage|p2a: Trevenant|188/293|[from] item: Life Orb\n|move|p1a: Reuniclus|Recover|p1a: Reuniclus\n|-heal|p1a: Reuniclus|308/337 brn\n|\n|upkeep\n|turn|12\n|inactive|paysa has 120 seconds left.\n|\n|t:|1725622731\n|move|p2a: Trevenant|Horn Leech|p1a: Reuniclus\n|-damage|p1a: Reuniclus|164/337 brn\n|-heal|p2a: Trevenant|260/293|[from] drain|[of] p1a: Reuniclus\n|-damage|p2a: Trevenant|231/293|[from] item: Life Orb\n|move|p1a: Reuniclus|Psyshock|p2a: Trevenant\n|-damage|p2a: Trevenant|60/293\n|\n|upkeep\n|turn|13\n|\n|t:|1725622740\n|move|p2a: Trevenant|Horn Leech|p1a: Reuniclus\n|-damage|p1a: Reuniclus|30/337 brn\n|-heal|p2a: Trevenant|127/293|[from] drain|[of] p1a: Reuniclus\n|-damage|p2a: Trevenant|98/293|[from] item: Life Orb\n|move|p1a: Reuniclus|Recover|p1a: Reuniclus\n|-heal|p1a: Reuniclus|199/337 brn\n|\n|upkeep\n|turn|14\n|\n|t:|1725622744\n|move|p2a: Trevenant|Horn Leech|p1a: Reuniclus\n|-damage|p1a: Reuniclus|65/337 brn\n|-heal|p2a: Trevenant|165/293|[from] drain|[of] p1a: Reuniclus\n|-damage|p2a: Trevenant|136/293|[from] item: Life Orb\n|move|p1a: Reuniclus|Recover|p1a: Reuniclus\n|-heal|p1a: Reuniclus|234/337 brn\n|\n|upkeep\n|turn|15\n|\n|t:|1725622746\n|move|p2a: Trevenant|Horn Leech|p1a: Reuniclus\n|-damage|p1a: Reuniclus|90/337 brn\n|-heal|p2a: Trevenant|208/293|[from] drain|[of] p1a: Reuniclus\n|-damage|p2a: Trevenant|179/293|[from] item: Life Orb\n|move|p1a: Reuniclus|Psyshock|p2a: Trevenant\n|-damage|p2a: Trevenant|0 fnt\n|faint|p2a: Trevenant\n|\n|upkeep\n|\n|t:|1725622756\n|switch|p2a: Iron Treads|Iron Treads, L77|265/265\n|turn|16\n|\n|t:|1725622763\n|switch|p1a: Appletun|Appletun, L92, M|351/352\n|move|p2a: Iron Treads|Earthquake|p1a: Appletun\n|-resisted|p1a: Appletun\n|-damage|p1a: Appletun|305/352\n|\n|-heal|p1a: Appletun|327/352|[from] item: Leftovers\n|upkeep\n|turn|17\n|\n|t:|1725622770\n|move|p2a: Iron Treads|Volt Switch|p1a: Appletun\n|-resisted|p1a: Appletun\n|-damage|p1a: Appletun|319/352\n|\n|t:|1725622783\n|-end|p2a: Iron Treads|Quark Drive|[silent]\n|switch|p2a: Girafarig|Girafarig, L89, M|101/269|[from] Volt Switch\n|move|p1a: Appletun|Draco Meteor|p2a: Girafarig\n|-damage|p2a: Girafarig|0 fnt\n|-unboost|p1a: Appletun|spa|2\n|faint|p2a: Girafarig\n|\n|-heal|p1a: Appletun|341/352|[from] item: Leftovers\n|upkeep\n|\n|t:|1725622786\n|switch|p2a: Okidogi|Okidogi, L77, M|262/262\n|turn|18\n|\n|t:|1725622794\n|switch|p1a: Luxray|Luxray, L88, F|284/284\n|-ability|p1a: Luxray|Intimidate|boost\n|-unboost|p2a: Okidogi|atk|1\n|move|p2a: Okidogi|Gunk Shot|p1a: Luxray\n|-damage|p1a: Luxray|188/284\n|\n|upkeep\n|turn|19\n|\n|t:|1725622812\n|switch|p2a: Iron Treads|Iron Treads, L77|265/265\n|move|p1a: Luxray|Volt Switch|p2a: Iron Treads\n|-immune|p2a: Iron Treads\n|\n|upkeep\n|turn|20\n|\n|t:|1725622822\n|switch|p1a: Appletun|Appletun, L92, M|341/352\n|move|p2a: Iron Treads|Volt Switch|p1a: Appletun\n|-resisted|p1a: Appletun\n|-damage|p1a: Appletun|333/352\n|\n|t:|1725622823\n|-end|p2a: Iron Treads|Quark Drive|[silent]\n|switch|p2a: Okidogi|Okidogi, L77, M|262/262|[from] Volt Switch\n|\n|-heal|p1a: Appletun|352/352|[from] item: Leftovers\n|upkeep\n|turn|21\n|\n|t:|1725622837\n|switch|p1a: Reuniclus|Reuniclus, L88, F|90/337 brn\n|move|p2a: Okidogi|Gunk Shot|p1a: Reuniclus\n|-damage|p1a: Reuniclus|0 fnt\n|faint|p1a: Reuniclus\n|\n|upkeep\n|\n|t:|1725622841\n|switch|p1a: Honchkrow|Honchkrow, L86, F|104/312\n|turn|22\n|\n|t:|1725622847\n|switch|p2a: Iron Treads|Iron Treads, L77|265/265\n|move|p1a: Honchkrow|Brave Bird|p2a: Iron Treads\n|-resisted|p2a: Iron Treads\n|-damage|p2a: Iron Treads|197/265\n|-damage|p1a: Honchkrow|82/312|[from] Recoil\n|\n|upkeep\n|turn|23\n|\n|t:|1725622861\n|switch|p1a: Appletun|Appletun, L92, M|352/352\n|move|p2a: Iron Treads|Volt Switch|p1a: Appletun\n|-resisted|p1a: Appletun\n|-damage|p1a: Appletun|345/352\n|\n|t:|1725622863\n|-end|p2a: Iron Treads|Quark Drive|[silent]\n|switch|p2a: Okidogi|Okidogi, L77, M|262/262|[from] Volt Switch\n|\n|-heal|p1a: Appletun|352/352|[from] item: Leftovers\n|upkeep\n|turn|24\n|\n|t:|1725622876\n|move|p2a: Okidogi|Gunk Shot|p1a: Appletun\n|-supereffective|p1a: Appletun\n|-damage|p1a: Appletun|88/352\n|move|p1a: Appletun|Draco Meteor|p2a: Okidogi\n|-damage|p2a: Okidogi|66/262\n|-unboost|p1a: Appletun|spa|2\n|\n|-heal|p2a: Okidogi|82/262|[from] item: Leftovers\n|-heal|p1a: Appletun|110/352|[from] item: Leftovers\n|upkeep\n|turn|25\n|\n|t:|1725622888\n|move|p2a: Okidogi|Gunk Shot|p1a: Appletun\n|-supereffective|p1a: Appletun\n|-damage|p1a: Appletun|0 fnt\n|faint|p1a: Appletun\n|\n|-heal|p2a: Okidogi|98/262|[from] item: Leftovers\n|upkeep\n|\n|t:|1725622893\n|switch|p1a: Honchkrow|Honchkrow, L86, F|82/312\n|turn|26\n|\n|t:|1725622898\n|switch|p2a: Electrode|Electrode, L92|138/260\n|move|p1a: Honchkrow|Brave Bird|p2a: Electrode\n|-resisted|p2a: Electrode\n|-damage|p2a: Electrode|47/260\n|-status|p1a: Honchkrow|par|[from] ability: Static|[of] p2a: Electrode\n|-damage|p1a: Honchkrow|52/312 par|[from] Recoil\n|\n|upkeep\n|turn|27\n|\n|t:|1725622904\n|switch|p2a: Iron Treads|Iron Treads, L77|197/265\n|move|p1a: Honchkrow|Sucker Punch||[still]\n|-fail|p1a: Honchkrow\n|\n|upkeep\n|turn|28\n|\n|t:|1725622909\n|move|p1a: Honchkrow|Sucker Punch|p2a: Iron Treads\n|-damage|p2a: Iron Treads|121/265\n|move|p2a: Iron Treads|Volt Switch|p1a: Honchkrow\n|-supereffective|p1a: Honchkrow\n|-damage|p1a: Honchkrow|0 fnt\n|faint|p1a: Honchkrow\n|\n|t:|1725622917\n|-end|p2a: Iron Treads|Quark Drive|[silent]\n|switch|p2a: Okidogi|Okidogi, L77, M|98/262|[from] Volt Switch\n|\n|-heal|p2a: Okidogi|114/262|[from] item: Leftovers\n|upkeep\n|\n|t:|1725622922\n|switch|p1a: Luvdisc|Luvdisc, M|247/247\n|turn|29\n|\n|t:|1725622944\n|move|p1a: Luvdisc|Surf|p2a: Okidogi\n|-damage|p2a: Okidogi|38/262\n|move|p2a: Okidogi|Drain Punch|p1a: Luvdisc\n|-damage|p1a: Luvdisc|156/247\n|-heal|p2a: Okidogi|84/262|[from] drain|[of] p1a: Luvdisc\n|\n|-heal|p2a: Okidogi|100/262|[from] item: Leftovers\n|upkeep\n|turn|30\n|\n|t:|1725622953\n|move|p1a: Luvdisc|Surf|p2a: Okidogi\n|-damage|p2a: Okidogi|12/262\n|move|p2a: Okidogi|Knock Off|p1a: Luvdisc\n|-damage|p1a: Luvdisc|73/247\n|-status|p1a: Luvdisc|tox|[from] ability: Toxic Chain|[of] p2a: Okidogi\n|-enditem|p1a: Luvdisc|Heavy-Duty Boots|[from] move: Knock Off|[of] p2a: Okidogi\n|\n|-heal|p2a: Okidogi|28/262|[from] item: Leftovers\n|-damage|p1a: Luvdisc|58/247 tox|[from] psn\n|upkeep\n|turn|31\n|\n|t:|1725622966\n|move|p1a: Luvdisc|Surf|p2a: Okidogi\n|-damage|p2a: Okidogi|0 fnt\n|faint|p2a: Okidogi\n|\n|-damage|p1a: Luvdisc|28/247 tox|[from] psn\n|upkeep\n|\n|t:|1725622968\n|switch|p2a: Electrode|Electrode, L92|47/260\n|turn|32\n|\n|t:|1725622976\n|switch|p1a: Luxray|Luxray, L88, F|188/284\n|-ability|p1a: Luxray|Intimidate|boost\n|-unboost|p2a: Electrode|atk|1\n|move|p2a: Electrode|Volt Switch|p1a: Luxray\n|-resisted|p1a: Luxray\n|-damage|p1a: Luxray|153/284\n|-damage|p2a: Electrode|21/260|[from] item: Life Orb\n|\n|t:|1725622978\n|switch|p2a: Iron Treads|Iron Treads, L77|121/265|[from] Volt Switch\n|\n|upkeep\n|turn|33\n|\n|t:|1725622986\n|switch|p1a: Luvdisc|Luvdisc, M|28/247 tox\n|move|p2a: Iron Treads|Rapid Spin|p1a: Luvdisc\n|-damage|p1a: Luvdisc|0 fnt\n|-boost|p2a: Iron Treads|spe|1\n|faint|p1a: Luvdisc\n|\n|upkeep\n|\n|t:|1725622990\n|switch|p1a: Drednaw|Drednaw, L81, F|278/278\n|turn|34\n|inactive|paysa has 120 seconds left.\n|inactive|paysa has 90 seconds left.\n|inactive|paysa has 60 seconds left.\n|\n|t:|1725623085\n|-terastallize|p1a: Drednaw|Dark\n|move|p2a: Iron Treads|Rapid Spin|p1a: Drednaw\n|-damage|p1a: Drednaw|243/278\n|-boost|p2a: Iron Treads|spe|1\n|move|p1a: Drednaw|Shell Smash|p1a: Drednaw\n|-unboost|p1a: Drednaw|def|1\n|-unboost|p1a: Drednaw|spd|1\n|-boost|p1a: Drednaw|atk|2\n|-boost|p1a: Drednaw|spa|2\n|-boost|p1a: Drednaw|spe|2\n|-enditem|p1a: Drednaw|White Herb\n|-clearnegativeboost|p1a: Drednaw|[silent]\n|\n|upkeep\n|turn|35\n|inactive|paysa has 60 seconds left.\n|\n|t:|1725623102\n|move|p2a: Iron Treads|Iron Head|p1a: Drednaw\n|-damage|p1a: Drednaw|164/278\n|move|p1a: Drednaw|Shell Smash|p1a: Drednaw\n|-unboost|p1a: Drednaw|def|1\n|-unboost|p1a: Drednaw|spd|1\n|-boost|p1a: Drednaw|atk|2\n|-boost|p1a: Drednaw|spa|2\n|-boost|p1a: Drednaw|spe|2\n|\n|upkeep\n|turn|36\n|c|\u2606paysa|gg\n|j| satopenguin55\n|\n|t:|1725623121\n|-end|p2a: Iron Treads|Quark Drive|[silent]\n|switch|p2a: Electrode|Electrode, L92|21/260\n|move|p1a: Drednaw|Liquidation|p2a: Electrode\n|-damage|p2a: Electrode|0 fnt\n|faint|p2a: Electrode\n|\n|upkeep\n|\n|t:|1725623133\n|switch|p2a: Iron Treads|Iron Treads, L77|121/265\n|turn|37\n|l| satopenguin55\n|\n|t:|1725623138\n|move|p1a: Drednaw|Crunch|p2a: Iron Treads\n|-damage|p2a: Iron Treads|0 fnt\n|faint|p2a: Iron Treads\n|-end|p2a: Iron Treads|Quark Drive|[silent]\n|\n|upkeep\n|\n|t:|1725623140\n|switch|p2a: Spectrier|Spectrier, L75|274/274\n|turn|38\n|\n|t:|1725623147\n|-terastallize|p2a: Spectrier|Fairy\n|move|p1a: Drednaw|Liquidation|p2a: Spectrier\n|-damage|p2a: Spectrier|0 fnt\n|faint|p2a: Spectrier\n|\n|win|Teres bahji\n|raw|Teres bahji's rating: 2472 &rarr; <strong>2491</strong><br />(+19 for winning)\n|raw|paysa's rating: 2454 &rarr; <strong>2435</strong><br />(-19 for losing)\n|l| koekjes123\n|l|\u2606paysa\n|player|p2|\n", "inputlog": ">version 0cf8241dca984da66af486149691a79a2b0e79e7\n>start {\"formatid\":\"gen9randombattle\",\"seed\":[14105,27254,60660,65160],\"rated\":\"Rated battle\"}\n>player p1 {\"name\":\"Teres bahji\",\"avatar\":\"#rbtt7teamrayquazaf\",\"rating\":2472,\"seed\":[55656,18241,58303,60318]}\n>player p2 {\"name\":\"paysa\",\"avatar\":\"169\",\"rating\":2454,\"seed\":[49136,32830,63885,48746]}\n>p1 move lashout\n>p2 move thunderbolt\n>p1 move bravebird\n>p2 switch 5\n>p1 switch 4\n>p2 move voltswitch\n>p2 switch 3\n>p1 switch 3\n>p2 move knockoff\n>p1 move recover\n>p2 switch 2\n>p1 move calmmind\n>p2 move voltswitch\n>p2 switch 4\n>p1 move recover\n>p2 move willowisp\n>p1 move psyshock\n>p2 move hornleech\n>p1 move recover\n>p2 move hornleech\n>p1 move recover\n>p2 move hornleech\n>p1 move recover\n>p2 move hornleech\n>p1 move psyshock\n>p2 move hornleech\n>p1 move recover\n>p2 move hornleech\n>p1 move recover\n>p2 move hornleech\n>p1 move psyshock\n>p2 move hornleech\n>p2 switch 4\n>p1 switch 3\n>p2 move earthquake\n>p1 move dracometeor\n>p2 move voltswitch\n>p2 switch 5\n>p2 switch 2\n>p1 switch 6\n>p2 move gunkshot\n>p1 move voltswitch\n>p2 switch 5\n>p1 switch 6\n>p2 move voltswitch\n>p2 switch 5\n>p1 switch 3\n>p2 move gunkshot\n>p1 switch 4\n>p1 move bravebird\n>p2 switch 5\n>p1 switch 3\n>p2 move voltswitch\n>p2 switch 5\n>p1 move dracometeor\n>p2 move gunkshot\n>p1 move dracometeor\n>p2 move gunkshot\n>p1 switch 3\n>p1 move bravebird\n>p2 switch 3\n>p1 move suckerpunch\n>p2 switch 5\n>p1 move suckerpunch\n>p2 move voltswitch\n>p2 switch 3\n>p1 switch 2\n>p1 move surf\n>p2 move drainpunch\n>p1 move surf\n>p2 move knockoff\n>p1 move surf\n>p2 move drainpunch\n>p2 switch 5\n>p1 switch 6\n>p2 move voltswitch\n>p2 switch 3\n>p1 switch 6\n>p2 move rapidspin\n>p1 switch 5\n>p1 move shellsmash terastallize\n>p2 move rapidspin\n>p1 move shellsmash\n>p2 move ironhead\n>chat \u2606paysa|gg\n>p1 move liquidation\n>p2 switch 3\n>p2 switch 3\n>p1 move crunch\n>p2 move earthquake\n>p2 switch 6\n>p1 move liquidation\n>p2 move drainingkiss terastallize", "uploadtime": 1725623156, "views": 120, "formatid": "gen9randombattle", "rating": 2435, "private": 0, "password": null}