{"id": "gen9randombattle-2260918365", "format": "[Gen 9] Random Battle", "players": ["5miao", "stash1234"], "log": "|j|\u26065miao\n|j|\u2606stash1234\n|t:|1733916591\n|gametype|singles\n|player|p1|5miao|265|1549\n|player|p2|stash1234|winona|1555\n|teamsize|p1|6\n|teamsize|p2|6\n|gen|9\n|tier|[Gen 9] Random Battle\n|rated|\n|rule|Species Clause: Limit one of each Pok\u00e9mon\n|rule|HP Percentage Mod: HP is shown in percentages\n|rule|Sleep Clause Mod: Limit one foe put to sleep\n|rule|Illusion Level Mod: Illusion disguises the Pok\u00e9mon's true level\n|\n|t:|1733916591\n|start\n|switch|p1a: Dragapult|Dragapult, L77, F|262/262\n|switch|p2a: Veluza|Veluza, L85, F|292/292\n|turn|1\n|inactive|Battle timer is ON: inactive players will automatically lose when time's up. (requested by 5miao)\n|\n|t:|1733916610\n|switch|p2a: Kingambit|Kingambit, L74, F|270/270\n|move|p1a: Dragapult|U-turn|p2a: Kingambit\n|-damage|p2a: Kingambit|224/270\n|\n|t:|1733916617\n|switch|p1a: Suicune|Suicune, L82|298/298|[from] U-turn\n|-ability|p1a: Suicune|Pressure\n|\n|-heal|p2a: Kingambit|240/270|[from] item: Leftovers\n|upkeep\n|turn|2\n|\n|t:|1733916624\n|move|p1a: Suicune|Substitute|p1a: Suicune\n|-start|p1a: Suicune|Substitute\n|-damage|p1a: Suicune|224/298\n|move|p2a: Kingambit|Kowtow Cleave|p1a: Suicune\n|-activate|p1a: Suicune|move: Substitute|[damage]\n|\n|-heal|p1a: Suicune|242/298|[from] item: Leftovers\n|-heal|p2a: Kingambit|256/270|[from] item: Leftovers\n|upkeep\n|turn|3\n|inactive|stash1234 has 120 seconds left.\n|\n|t:|1733916655\n|-end|p2a: Kingambit|fallenundefined|[silent]\n|switch|p2a: Dipplin|Dipplin, L88, M|284/284\n|move|p1a: Suicune|Calm Mind|p1a: Suicune\n|-boost|p1a: Suicune|spa|1\n|-boost|p1a: Suicune|spd|1\n|\n|-heal|p1a: Suicune|260/298|[from] item: Leftovers\n|upkeep\n|turn|4\n|\n|t:|1733916661\n|move|p1a: Suicune|Ice Beam|p2a: Dipplin\n|-supereffective|p2a: Dipplin\n|-damage|p2a: Dipplin|60/284\n|move|p2a: Dipplin|Giga Drain|p1a: Suicune\n|-supereffective|p1a: Suicune\n|-end|p1a: Suicune|Substitute\n|-heal|p2a: Dipplin|61/284|[from] drain|[of] p1a: Suicune\n|\n|-heal|p1a: Suicune|278/298|[from] item: Leftovers\n|upkeep\n|turn|5\n|\n|t:|1733916672\n|move|p2a: Dipplin|Sucker Punch||[still]\n|-fail|p2a: Dipplin\n|move|p1a: Suicune|Substitute|p1a: Suicune\n|-start|p1a: Suicune|Substitute\n|-damage|p1a: Suicune|204/298\n|\n|-heal|p1a: Suicune|222/298|[from] item: Leftovers\n|upkeep\n|turn|6\n|\n|t:|1733916676\n|move|p2a: Dipplin|Sucker Punch|p1a: Suicune\n|-activate|p1a: Suicune|move: Substitute|[damage]\n|move|p1a: Suicune|Ice Beam|p2a: Dipplin\n|-supereffective|p2a: Dipplin\n|-damage|p2a: Dipplin|0 fnt\n|faint|p2a: Dipplin\n|\n|-heal|p1a: Suicune|240/298|[from] item: Leftovers\n|upkeep\n|\n|t:|1733916685\n|switch|p2a: Meloetta|Meloetta, L82|298/298\n|turn|7\n|\n|t:|1733916688\n|move|p2a: Meloetta|Relic Song|p1a: Suicune\n|-damage|p1a: Suicune|176/298\n|-formechange|p2a: Meloetta|Meloetta-Pirouette|[msg]\n|-damage|p2a: Meloetta|269/298|[from] item: Life Orb\n|move|p1a: Suicune|Calm Mind|p1a: Suicune\n|-boost|p1a: Suicune|spa|1\n|-boost|p1a: Suicune|spd|1\n|\n|-heal|p1a: Suicune|194/298|[from] item: Leftovers\n|upkeep\n|turn|8\n|\n|t:|1733916700\n|move|p2a: Meloetta|Triple Axel|p1a: Suicune|[miss]\n|-miss|p2a: Meloetta|p1a: Suicune\n|move|p1a: Suicune|Scald|p2a: Meloetta\n|-damage|p2a: Meloetta|109/298\n|\n|-heal|p1a: Suicune|212/298|[from] item: Leftovers\n|upkeep\n|turn|9\n|\n|t:|1733916707\n|move|p2a: Meloetta|Relic Song|p1a: Suicune\n|-damage|p1a: Suicune|180/298\n|-formechange|p2a: Meloetta|Meloetta|[msg]\n|-damage|p2a: Meloetta|80/298|[from] item: Life Orb\n|move|p1a: Suicune|Scald|p2a: Meloetta\n|-damage|p2a: Meloetta|0 fnt\n|faint|p2a: Meloetta\n|\n|-heal|p1a: Suicune|198/298|[from] item: Leftovers\n|upkeep\n|\n|t:|1733916722\n|switch|p2a: Poliwrath|Poliwrath, L88, M|302/302\n|turn|10\n|\n|t:|1733916728\n|move|p1a: Suicune|Calm Mind|p1a: Suicune\n|-boost|p1a: Suicune|spa|1\n|-boost|p1a: Suicune|spd|1\n|move|p2a: Poliwrath|Knock Off|p1a: Suicune\n|-end|p1a: Suicune|Substitute\n|-damage|p2a: Poliwrath|272/302|[from] item: Life Orb\n|\n|-heal|p1a: Suicune|216/298|[from] item: Leftovers\n|upkeep\n|turn|11\n|\n|t:|1733916734\n|move|p1a: Suicune|Substitute|p1a: Suicune\n|-start|p1a: Suicune|Substitute\n|-damage|p1a: Suicune|142/298\n|move|p2a: Poliwrath|Knock Off|p1a: Suicune\n|-end|p1a: Suicune|Substitute\n|-damage|p2a: Poliwrath|242/302|[from] item: Life Orb\n|\n|-heal|p1a: Suicune|160/298|[from] item: Leftovers\n|upkeep\n|turn|12\n|\n|t:|1733916740\n|move|p1a: Suicune|Substitute|p1a: Suicune\n|-start|p1a: Suicune|Substitute\n|-damage|p1a: Suicune|86/298\n|move|p2a: Poliwrath|Knock Off|p1a: Suicune\n|-end|p1a: Suicune|Substitute\n|-damage|p2a: Poliwrath|212/302|[from] item: Life Orb\n|\n|-heal|p1a: Suicune|104/298|[from] item: Leftovers\n|upkeep\n|turn|13\n|\n|t:|1733916743\n|move|p1a: Suicune|Scald|p2a: Poliwrath\n|-resisted|p2a: Poliwrath\n|-damage|p2a: Poliwrath|116/302\n|move|p2a: Poliwrath|Knock Off|p1a: Suicune\n|-damage|p1a: Suicune|20/298\n|-enditem|p1a: Suicune|Leftovers|[from] move: Knock Off|[of] p2a: Poliwrath\n|-damage|p2a: Poliwrath|86/302|[from] item: Life Orb\n|\n|upkeep\n|turn|14\n|\n|t:|1733916754\n|move|p1a: Suicune|Scald|p2a: Poliwrath\n|-resisted|p2a: Poliwrath\n|-damage|p2a: Poliwrath|0 fnt\n|faint|p2a: Poliwrath\n|\n|upkeep\n|\n|t:|1733916758\n|switch|p2a: Veluza|Veluza, L85, F|292/292\n|turn|15\n|\n|t:|1733916765\n|move|p2a: Veluza|Aqua Cutter|p1a: Suicune\n|-resisted|p1a: Suicune\n|-damage|p1a: Suicune|0 fnt\n|faint|p1a: Suicune\n|\n|upkeep\n|\n|t:|1733916770\n|switch|p1a: Dragapult|Dragapult, L77, F|262/262\n|turn|16\n|\n|t:|1733916774\n|-terastallize|p2a: Veluza|Water\n|move|p1a: Dragapult|Will-O-Wisp|p2a: Veluza|[miss]\n|-miss|p1a: Dragapult|p2a: Veluza\n|move|p2a: Veluza|Aqua Cutter|p1a: Dragapult\n|-resisted|p1a: Dragapult\n|-damage|p1a: Dragapult|171/262\n|\n|upkeep\n|turn|17\n|\n|t:|1733916780\n|switch|p2a: Haxorus|Haxorus, L77, M|244/244\n|-ability|p2a: Haxorus|Mold Breaker\n|move|p1a: Dragapult|Will-O-Wisp|p2a: Haxorus\n|-status|p2a: Haxorus|brn\n|-enditem|p2a: Haxorus|Lum Berry|[eat]\n|-curestatus|p2a: Haxorus|brn|[msg]\n|\n|upkeep\n|turn|18\n|\n|t:|1733916786\n|move|p1a: Dragapult|Dragon Darts|p2a: Haxorus\n|-supereffective|p2a: Haxorus\n|-damage|p2a: Haxorus|124/244\n|-anim|p1a: Dragapult|Dragon Darts|p2a: Haxorus\n|-supereffective|p2a: Haxorus\n|-damage|p2a: Haxorus|16/244\n|move|p2a: Haxorus|Outrage|p1a: Dragapult\n|-supereffective|p1a: Dragapult\n|-damage|p1a: Dragapult|0 fnt\n|faint|p1a: Dragapult\n|\n|upkeep\n|\n|t:|1733916805\n|switch|p1a: Armarouge|Armarouge, L80, M|267/267\n|turn|19\n|\n|t:|1733916808\n|move|p2a: Haxorus|Outrage|p1a: Armarouge|[from]lockedmove\n|-damage|p1a: Armarouge|128/267\n|-ability|p1a: Armarouge|Weak Armor|boost\n|-unboost|p1a: Armarouge|def|1\n|-boost|p1a: Armarouge|spe|2\n|-start|p2a: Haxorus|confusion|[fatigue]\n|move|p1a: Armarouge|Meteor Beam||[still]\n|-prepare|p1a: Armarouge|Meteor Beam\n|-boost|p1a: Armarouge|spa|1\n|-enditem|p1a: Armarouge|Power Herb\n|-anim|p1a: Armarouge|Meteor Beam|p2a: Haxorus\n|-damage|p2a: Haxorus|0 fnt\n|faint|p2a: Haxorus\n|\n|upkeep\n|\n|t:|1733916822\n|switch|p2a: Kingambit|Kingambit, L74, F|256/270\n|-activate|p2a: Kingambit|ability: Supreme Overlord\n|-start|p2a: Kingambit|fallen4|[silent]\n|turn|20\n|\n|t:|1733916826\n|-terastallize|p1a: Armarouge|Grass\n|move|p2a: Kingambit|Sucker Punch|p1a: Armarouge\n|-damage|p1a: Armarouge|0 fnt\n|faint|p1a: Armarouge\n|\n|-heal|p2a: Kingambit|270/270|[from] item: Leftovers\n|upkeep\n|\n|t:|1733916832\n|switch|p1a: Electivire|Electivire, L84, M|263/263\n|turn|21\n|\n|t:|1733916847\n|move|p1a: Electivire|Bulk Up|p1a: Electivire\n|-boost|p1a: Electivire|atk|1\n|-boost|p1a: Electivire|def|1\n|move|p2a: Kingambit|Kowtow Cleave|p1a: Electivire\n|-damage|p1a: Electivire|161/263\n|\n|upkeep\n|turn|22\n|\n|t:|1733916853\n|move|p1a: Electivire|Earthquake|p2a: Kingambit\n|-supereffective|p2a: Kingambit\n|-damage|p2a: Kingambit|0 fnt\n|faint|p2a: Kingambit\n|-end|p2a: Kingambit|fallen4|[silent]\n|-damage|p1a: Electivire|135/263|[from] item: Life Orb\n|\n|upkeep\n|\n|t:|1733916856\n|switch|p2a: Veluza|Veluza, L85, F, tera:Water|292/292\n|turn|23\n|\n|t:|1733916860\n|move|p2a: Veluza|Psycho Cut|p1a: Electivire\n|-damage|p1a: Electivire|45/263\n|move|p1a: Electivire|Supercell Slam|p2a: Veluza\n|-supereffective|p2a: Veluza\n|-damage|p2a: Veluza|0 fnt\n|faint|p2a: Veluza\n|-damage|p1a: Electivire|19/263|[from] item: Life Orb\n|\n|win|5miao\n|raw|5miao's rating: 1549 &rarr; <strong>1569</strong><br />(+20 for winning)\n|raw|stash1234's rating: 1555 &rarr; <strong>1535</strong><br />(-20 for losing)\n", "inputlog": ">version bfd83cad13791eb5a5a409923076391caf6fb4d4\n>start {\"formatid\":\"gen9randombattle\",\"seed\":[23079,52300,37366,20067],\"rated\":\"Rated battle\"}\n>player p1 {\"name\":\"5miao\",\"avatar\":\"265\",\"rating\":1549,\"seed\":[31861,41459,56208,32182]}\n>player p2 {\"name\":\"stash1234\",\"avatar\":\"winona\",\"rating\":1555,\"seed\":[43520,55969,23634,55777]}\n>p1 move uturn\n>p2 switch 5\n>p1 switch 6\n>p1 move substitute\n>p2 move kowtowcleave\n>p1 move calmmind\n>p2 switch 6\n>p1 move icebeam\n>p2 move gigadrain\n>p1 move substitute\n>p2 move suckerpunch\n>p1 move icebeam\n>p2 move suckerpunch\n>p2 switch 4\n>p1 move calmmind\n>p2 move relicsong\n>p1 move scald\n>p2 move tripleaxel\n>p1 move scald\n>p2 move relicsong\n>p2 switch 2\n>p1 move calmmind\n>p2 move knockoff\n>p1 move substitute\n>p2 move knockoff\n>p1 move substitute\n>p2 move knockoff\n>p1 move scald\n>p2 move knockoff\n>p1 move scald\n>p2 move closecombat\n>p2 switch 5\n>p1 move scald\n>p2 move aquacutter\n>p1 switch 6\n>p1 move willowisp\n>p2 move aquacutter terastallize\n>p1 move willowisp\n>p2 switch 3\n>p1 move dragondarts\n>p2 move outrage\n>p1 switch 2\n>p1 move meteorbeam\n>p2 move outrage\n>p2 switch 6\n>p1 move armorcannon terastallize\n>p2 move suckerpunch\n>p1 switch 5\n>p1 move bulkup\n>p2 move kowtowcleave\n>p1 move earthquake\n>p2 move kowtowcleave\n>p2 switch 3\n>p1 move supercellslam\n>p2 move psychocut", "uploadtime": 1733916862, "views": 1, "formatid": "gen9randombattle", "rating": 1535, "private": 0, "password": null}