{"id": "gen9randombattle-2260912883", "format": "[Gen 9] Random Battle", "players": ["slow balls", "dl4czego"], "log": "|j|\u2606slow balls\n|j|\u2606dl4czego\n|t:|1733915657\n|gametype|singles\n|player|p1|slow balls|102|\n|player|p2|dl4czego|dawn|\n|teamsize|p1|6\n|teamsize|p2|6\n|gen|9\n|tier|[Gen 9] Random Battle\n|rule|Species Clause: Limit one of each Pok\u00e9mon\n|rule|HP Percentage Mod: HP is shown in percentages\n|rule|Sleep Clause Mod: Limit one foe put to sleep\n|rule|Illusion Level Mod: Illusion disguises the Pok\u00e9mon's true level\n|\n|t:|1733915657\n|start\n|switch|p1a: Persian|Persian, L92, M|269/269\n|switch|p2a: Electrode|Electrode-Hisui, L87|246/246\n|turn|1\n|inactive|Battle timer is ON: inactive players will automatically lose when time's up. (requested by slow balls)\n|\n|t:|1733915687\n|switch|p2a: Keldeo|Keldeo-Resolute, L79|273/273\n|move|p1a: Persian|Double-Edge|p2a: Keldeo\n|-damage|p2a: Keldeo|117/273\n|-damage|p1a: Persian|218/269|[from] Recoil\n|\n|-heal|p2a: Keldeo|134/273|[from] item: Leftovers\n|upkeep\n|turn|2\n|inactiveoff|Battle timer is now OFF.\n|\n|t:|1733915699\n|move|p1a: Persian|Double-Edge|p2a: Keldeo\n|-damage|p2a: Keldeo|0 fnt\n|faint|p2a: Keldeo\n|-damage|p1a: Persian|174/269|[from] Recoil\n|\n|upkeep\n|\n|t:|1733915710\n|switch|p2a: Gothitelle|Gothitelle, L90, M|272/272\n|turn|3\n|\n|t:|1733915734\n|-terastallize|p2a: Gothitelle|Fairy\n|move|p1a: Persian|Knock Off|p2a: Gothitelle\n|-resisted|p2a: Gothitelle\n|-damage|p2a: Gothitelle|241/272\n|-enditem|p2a: Gothitelle|Choice Scarf|[from] move: Knock Off|[of] p1a: Persian\n|move|p2a: Gothitelle|Trick|p1a: Persian\n|-activate|p2a: Gothitelle|move: Trick|[of] p1a: Persian\n|-enditem|p1a: Persian|Silk Scarf|[silent]|[from] move: Trick\n|-item|p2a: Gothitelle|Silk Scarf|[from] move: Trick\n|\n|upkeep\n|turn|4\n|inactive|Battle timer is ON: inactive players will automatically lose when time's up. (requested by slow balls)\n|\n|t:|1733915749\n|move|p1a: Persian|Knock Off|p2a: Gothitelle\n|-resisted|p2a: Gothitelle\n|-damage|p2a: Gothitelle|215/272\n|-enditem|p2a: Gothitelle|Silk Scarf|[from] move: Knock Off|[of] p1a: Persian\n|move|p2a: Gothitelle|Focus Blast|p1a: Persian\n|-supereffective|p1a: Persian\n|-damage|p1a: Persian|0 fnt\n|faint|p1a: Persian\n|\n|upkeep\n|\n|t:|1733915766\n|switch|p1a: Magearna|Magearna-Original, L77|250/250\n|turn|5\n|inactive|dl4czego has 270 seconds left.\n|\n|t:|1733915811\n|move|p2a: Gothitelle|Trick|p1a: Magearna\n|-activate|p2a: Gothitelle|move: Trick|[of] p1a: Magearna\n|-enditem|p1a: Magearna|Leftovers|[silent]|[from] move: Trick\n|-item|p2a: Gothitelle|Leftovers|[from] move: Trick\n|move|p1a: Magearna|Shift Gear|p1a: Magearna\n|-boost|p1a: Magearna|spe|2\n|-boost|p1a: Magearna|atk|1\n|\n|-heal|p2a: Gothitelle|232/272|[from] item: Leftovers\n|upkeep\n|turn|6\n|\n|t:|1733915826\n|move|p1a: Magearna|Flash Cannon|p2a: Gothitelle\n|-supereffective|p2a: Gothitelle\n|-damage|p2a: Gothitelle|100/272\n|move|p2a: Gothitelle|Focus Blast|p1a: Magearna|[miss]\n|-miss|p2a: Gothitelle|p1a: Magearna\n|\n|-heal|p2a: Gothitelle|117/272|[from] item: Leftovers\n|upkeep\n|turn|7\n|\n|t:|1733915833\n|move|p1a: Magearna|Flash Cannon|p2a: Gothitelle\n|-supereffective|p2a: Gothitelle\n|-damage|p2a: Gothitelle|0 fnt\n|faint|p2a: Gothitelle\n|-ability|p1a: Magearna|Soul-Heart|boost\n|-boost|p1a: Magearna|spa|1\n|\n|upkeep\n|inactive|dl4czego has 240 seconds left.\n|inactive|dl4czego has 210 seconds left.\n|\n|t:|1733915903\n|switch|p2a: Ninetales|Ninetales-Alola, L78, F|242/242\n|-weather|Snow|[from] ability: Snow Warning|[of] p2a: Ninetales\n|turn|8\n|inactive|slow balls has 270 seconds left.\n|\n|t:|1733915934\n|move|p1a: Magearna|Flash Cannon|p2a: Ninetales\n|-supereffective|p2a: Ninetales\n|-damage|p2a: Ninetales|0 fnt\n|faint|p2a: Ninetales\n|-ability|p1a: Magearna|Soul-Heart|boost\n|-boost|p1a: Magearna|spa|1\n|\n|-weather|Snow|[upkeep]\n|upkeep\n|\n|t:|1733915955\n|switch|p2a: Lanturn|Lanturn, L89, M|367/367\n|turn|9\n|inactive|slow balls has 270 seconds left.\n|\n|t:|1733915995\n|move|p1a: Magearna|Fleur Cannon|p2a: Lanturn\n|-damage|p2a: Lanturn|87/367\n|-unboost|p1a: Magearna|spa|2\n|move|p2a: Lanturn|Thunder Wave|p1a: Magearna\n|-status|p1a: Magearna|par\n|\n|-weather|Snow|[upkeep]\n|upkeep\n|turn|10\n|\n|t:|1733916007\n|move|p2a: Lanturn|Thunderbolt|p1a: Magearna\n|-damage|p1a: Magearna|174/250 par\n|move|p1a: Magearna|Fleur Cannon|p2a: Lanturn\n|-damage|p2a: Lanturn|0 fnt\n|-unboost|p1a: Magearna|spa|2\n|faint|p2a: Lanturn\n|-ability|p1a: Magearna|Soul-Heart|boost\n|-boost|p1a: Magearna|spa|1\n|\n|-weather|Snow|[upkeep]\n|upkeep\n|\n|t:|1733916021\n|switch|p2a: Electrode|Electrode-Hisui, L87|246/246\n|turn|11\n|\n|t:|1733916032\n|move|p2a: Electrode|Substitute|p2a: Electrode\n|-start|p2a: Electrode|Substitute\n|-damage|p2a: Electrode|185/246\n|move|p1a: Magearna|Shift Gear|p1a: Magearna\n|-boost|p1a: Magearna|spe|2\n|-boost|p1a: Magearna|atk|1\n|\n|-weather|Snow|[upkeep]\n|-heal|p2a: Electrode|200/246|[from] item: Leftovers\n|upkeep\n|turn|12\n|inactive|dl4czego has 210 seconds left.\n|\n|t:|1733916043\n|move|p2a: Electrode|Leech Seed|p1a: Magearna\n|-start|p1a: Magearna|move: Leech Seed\n|move|p1a: Magearna|Calm Mind|p1a: Magearna\n|-boost|p1a: Magearna|spa|1\n|-boost|p1a: Magearna|spd|1\n|\n|-weather|none\n|-heal|p2a: Electrode|215/246|[from] item: Leftovers\n|-damage|p1a: Magearna|143/250 par|[from] Leech Seed|[of] p2a: Electrode\n|-heal|p2a: Electrode|246/246|[silent]\n|upkeep\n|turn|13\n|inactive|dl4czego has 210 seconds left.\n|\n|t:|1733916059\n|move|p2a: Electrode|Thunderbolt|p1a: Magearna\n|-damage|p1a: Magearna|95/250 par\n|move|p1a: Magearna|Flash Cannon|p2a: Electrode\n|-resisted|p2a: Electrode\n|-activate|p2a: Electrode|move: Substitute|[damage]\n|\n|-damage|p1a: Magearna|64/250 par|[from] Leech Seed|[of] p2a: Electrode\n|upkeep\n|turn|14\n|inactive|dl4czego has 210 seconds left.\n|\n|t:|1733916075\n|move|p2a: Electrode|Thunderbolt|p1a: Magearna\n|-damage|p1a: Magearna|12/250 par\n|move|p1a: Magearna|Fleur Cannon|p2a: Electrode\n|-end|p2a: Electrode|Substitute\n|-unboost|p1a: Magearna|spa|2\n|\n|-damage|p1a: Magearna|0 fnt|[from] Leech Seed|[of] p2a: Electrode\n|faint|p1a: Magearna\n|upkeep\n|\n|t:|1733916084\n|switch|p1a: Beartic|Beartic, L91, F|321/321\n|turn|15\n|\n|t:|1733916091\n|-terastallize|p1a: Beartic|Ground\n|move|p2a: Electrode|Substitute|p2a: Electrode\n|-start|p2a: Electrode|Substitute\n|-damage|p2a: Electrode|185/246\n|move|p1a: Beartic|Earthquake|p2a: Electrode\n|-end|p2a: Electrode|Substitute\n|\n|-heal|p2a: Electrode|200/246|[from] item: Leftovers\n|upkeep\n|turn|16\n|\n|t:|1733916100\n|move|p2a: Electrode|Giga Drain|p1a: Beartic\n|-supereffective|p1a: Beartic\n|-damage|p1a: Beartic|169/321\n|-heal|p2a: Electrode|246/246|[from] drain|[of] p1a: Beartic\n|move|p1a: Beartic|Earthquake|p2a: Electrode\n|-damage|p2a: Electrode|83/246\n|\n|-heal|p2a: Electrode|98/246|[from] item: Leftovers\n|upkeep\n|turn|17\n|\n|t:|1733916125\n|switch|p1a: Sudowoodo|Sudowoodo, L94, M|284/284\n|move|p2a: Electrode|Giga Drain|p1a: Sudowoodo\n|-supereffective|p1a: Sudowoodo\n|-damage|p1a: Sudowoodo|132/284\n|-heal|p2a: Electrode|174/246|[from] drain|[of] p1a: Sudowoodo\n|\n|-heal|p2a: Electrode|189/246|[from] item: Leftovers\n|upkeep\n|turn|18\n|inactive|dl4czego has 240 seconds left.\n|\n|t:|1733916133\n|move|p2a: Electrode|Giga Drain|p1a: Sudowoodo\n|-supereffective|p1a: Sudowoodo\n|-damage|p1a: Sudowoodo|0 fnt\n|-heal|p2a: Electrode|246/246|[from] drain|[of] p1a: Sudowoodo\n|faint|p1a: Sudowoodo\n|\n|upkeep\n|\n|t:|1733916140\n|switch|p1a: Meganium|Meganium, L90, M|290/290\n|turn|19\n|\n|t:|1733916146\n|move|p2a: Electrode|Substitute|p2a: Electrode\n|-start|p2a: Electrode|Substitute\n|-damage|p2a: Electrode|185/246\n|move|p1a: Meganium|Earthquake|p2a: Electrode\n|-end|p2a: Electrode|Substitute\n|-damage|p1a: Meganium|261/290|[from] item: Life Orb\n|\n|-heal|p2a: Electrode|200/246|[from] item: Leftovers\n|upkeep\n|turn|20\n|\n|t:|1733916151\n|move|p2a: Electrode|Thunderbolt|p1a: Meganium\n|-resisted|p1a: Meganium\n|-damage|p1a: Meganium|222/290\n|move|p1a: Meganium|Earthquake|p2a: Electrode\n|-damage|p2a: Electrode|87/246\n|-damage|p1a: Meganium|193/290|[from] item: Life Orb\n|\n|-heal|p2a: Electrode|102/246|[from] item: Leftovers\n|upkeep\n|turn|21\n|\n|t:|1733916158\n|switch|p2a: Kricketune|Kricketune, L99, M|312/312\n|move|p1a: Meganium|Earthquake|p2a: Kricketune\n|-resisted|p2a: Kricketune\n|-damage|p2a: Kricketune|251/312\n|-damage|p1a: Meganium|164/290|[from] item: Life Orb\n|\n|upkeep\n|turn|22\n|inactive|dl4czego has 270 seconds left.\n|inactive|slow balls has 270 seconds left.\n|inactive|dl4czego has 240 seconds left.\n|\n|t:|1733916202\n|switch|p1a: Muk|Muk, L86, F|321/321\n|move|p2a: Kricketune|Pounce|p1a: Muk\n|-resisted|p1a: Muk\n|-damage|p1a: Muk|271/321\n|-unboost|p1a: Muk|spe|1\n|\n|upkeep\n|turn|23\n|inactive|dl4czego has 240 seconds left.\n|\n|t:|1733916215\n|move|p2a: Kricketune|Knock Off|p1a: Muk\n|-crit|p1a: Muk\n|-damage|p1a: Muk|128/321\n|-enditem|p1a: Muk|Assault Vest|[from] move: Knock Off|[of] p2a: Kricketune\n|move|p1a: Muk|Gunk Shot|p2a: Kricketune|[miss]\n|-miss|p1a: Muk|p2a: Kricketune\n|\n|upkeep\n|turn|24\n|\n|t:|1733916225\n|move|p2a: Kricketune|Knock Off|p1a: Muk\n|-damage|p1a: Muk|68/321\n|move|p1a: Muk|Drain Punch|p2a: Kricketune\n|-resisted|p2a: Kricketune\n|-damage|p2a: Kricketune|213/312\n|-heal|p1a: Muk|87/321|[from] drain|[of] p2a: Kricketune\n|\n|upkeep\n|turn|25\n|\n|t:|1733916234\n|move|p2a: Kricketune|Knock Off|p1a: Muk\n|-damage|p1a: Muk|19/321\n|move|p1a: Muk|Ice Punch|p2a: Kricketune\n|-damage|p2a: Kricketune|140/312\n|\n|upkeep\n|turn|26\n|inactive|slow balls has 270 seconds left.\n|\n|t:|1733916242\n|move|p2a: Kricketune|Knock Off|p1a: Muk\n|-damage|p1a: Muk|0 fnt\n|faint|p1a: Muk\n|\n|upkeep\n|\n|t:|1733916246\n|switch|p1a: Beartic|Beartic, L91, F, tera:Ground|169/321\n|turn|27\n|inactive|dl4czego has 270 seconds left.\n|inactive|slow balls has 270 seconds left.\n|\n|t:|1733916283\n|move|p2a: Kricketune|Knock Off|p1a: Beartic\n|-damage|p1a: Beartic|84/321\n|-enditem|p1a: Beartic|Heavy-Duty Boots|[from] move: Knock Off|[of] p2a: Kricketune\n|move|p1a: Beartic|Snowscape|p1a: Beartic\n|-weather|Snow\n|\n|-weather|Snow|[upkeep]\n|upkeep\n|turn|28\n|inactive|slow balls has 270 seconds left.\n|inactive|dl4czego has 240 seconds left.\n|\n|t:|1733916308\n|move|p1a: Beartic|Aqua Jet|p2a: Kricketune\n|-damage|p2a: Kricketune|87/312\n|move|p2a: Kricketune|Pounce|p1a: Beartic\n|-damage|p1a: Beartic|0 fnt\n|faint|p1a: Beartic\n|\n|-weather|Snow|[upkeep]\n|upkeep\n|inactive|slow balls has 270 seconds left.\n|\n|t:|1733916315\n|switch|p1a: Meganium|Meganium, L90, M|164/290\n|turn|29\n|inactive|slow balls has 270 seconds left.\n|\n|t:|1733916337\n|move|p1a: Meganium|Knock Off|p2a: Kricketune\n|-crit|p2a: Kricketune\n|-damage|p2a: Kricketune|0 fnt\n|-enditem|p2a: Kricketune|Heavy-Duty Boots|[from] move: Knock Off|[of] p1a: Meganium\n|faint|p2a: Kricketune\n|-damage|p1a: Meganium|135/290|[from] item: Life Orb\n|\n|-weather|Snow|[upkeep]\n|upkeep\n|\n|t:|1733916340\n|switch|p2a: Electrode|Electrode-Hisui, L87|102/246\n|turn|30\n|inactive|slow balls has 270 seconds left.\n|\n|t:|1733916346\n|move|p2a: Electrode|Giga Drain|p1a: Meganium\n|-resisted|p1a: Meganium\n|-damage|p1a: Meganium|102/290\n|-heal|p2a: Electrode|119/246|[from] drain|[of] p1a: Meganium\n|move|p1a: Meganium|Earthquake|p2a: Electrode\n|-damage|p2a: Electrode|11/246\n|-damage|p1a: Meganium|73/290|[from] item: Life Orb\n|\n|-weather|Snow|[upkeep]\n|-heal|p2a: Electrode|26/246|[from] item: Leftovers\n|upkeep\n|turn|31\n|inactive|dl4czego has 270 seconds left.\n|\n|t:|1733916355\n|move|p2a: Electrode|Thunderbolt|p1a: Meganium\n|-resisted|p1a: Meganium\n|-damage|p1a: Meganium|34/290\n|-status|p1a: Meganium|par\n|cant|p1a: Meganium|par\n|\n|-weather|none\n|-heal|p2a: Electrode|41/246|[from] item: Leftovers\n|upkeep\n|turn|32\n|inactive|dl4czego has 270 seconds left.\n|-message|dl4czego forfeited.\n|\n|win|slow balls\n|l|\u2606dl4czego\n|player|p2|\n", "inputlog": ">version bfd83cad13791eb5a5a409923076391caf6fb4d4\n>start {\"formatid\":\"gen9randombattle\",\"seed\":[13962,60553,63442,6214]}\n>player p1 {\"name\":\"slow balls\",\"avatar\":\"102\",\"rating\":0,\"seed\":[17034,40614,17798,62029]}\n>player p2 {\"name\":\"dl4czego\",\"avatar\":\"dawn\",\"rating\":0,\"seed\":[18057,57350,55366,57497]}\n>p1 move doubleedge\n>p2 switch 5\n>p1 move doubleedge\n>p2 move secretsword\n>p2 switch 3\n>p1 move knockoff\n>p2 move trick terastallize\n>p1 move knockoff\n>p2 move focusblast\n>p1 switch 4\n>p1 move shiftgear\n>p2 move trick\n>p1 move flashcannon\n>p2 move focusblast\n>p1 move flashcannon\n>p2 move focusblast\n>p2 switch 4\n>p1 move flashcannon\n>p2 move blizzard\n>p2 switch 2\n>p1 move fleurcannon\n>p2 move thunderwave\n>p1 move fleurcannon\n>p2 move thunderbolt\n>p2 switch 5\n>p1 move shiftgear\n>p2 move substitute\n>p1 move calmmind\n>p2 move leechseed\n>p1 move flashcannon\n>p2 move thunderbolt\n>p1 move fleurcannon\n>p2 move thunderbolt\n>p1 switch 5\n>p1 move earthquake terastallize\n>p2 move substitute\n>p1 move earthquake\n>p2 move gigadrain\n>p1 switch 3\n>p2 move gigadrain\n>p1 move earthquake\n>p2 move gigadrain\n>p1 switch 2\n>p1 move earthquake\n>p2 move substitute\n>p1 move earthquake\n>p2 move thunderbolt\n>p1 move earthquake\n>p2 switch 6\n>p1 switch 6\n>p2 move pounce\n>p1 move gunkshot\n>p2 move knockoff\n>p1 move drainpunch\n>p2 move knockoff\n>p1 move icepunch\n>p2 move knockoff\n>p1 move knockoff\n>p2 move knockoff\n>p1 switch 3\n>p1 move snowscape\n>p2 move knockoff\n>p1 move aquajet\n>p2 move pounce\n>p1 switch 6\n>p1 move knockoff\n>p2 move pounce\n>p2 switch 6\n>p1 move earthquake\n>p2 move gigadrain\n>p1 move earthquake\n>p2 move thunderbolt\n>forcelose p2", "uploadtime": 1733916384, "views": 1, "formatid": "gen9randombattle", "rating": null, "private": 0, "password": null}