{"id": "gen9randombattle-2260650856", "format": "[Gen 9] Random Battle", "players": ["TroolyGhoulie", "torchicballs"], "log": "|j|\u2606TroolyGhoulie\n|j|\u2606torchicballs\n|t:|1733873889\n|gametype|singles\n|player|p1|TroolyGhoulie|1|1537\n|player|p2|torchicballs|2|1525\n|teamsize|p1|6\n|teamsize|p2|6\n|gen|9\n|tier|[Gen 9] Random Battle\n|rated|\n|rule|Species Clause: Limit one of each Pok\u00e9mon\n|rule|HP Percentage Mod: HP is shown in percentages\n|rule|Sleep Clause Mod: Limit one foe put to sleep\n|rule|Illusion Level Mod: Illusion disguises the Pok\u00e9mon's true level\n|\n|t:|1733873889\n|start\n|switch|p1a: Electivire|Electivire, L84, F|263/263\n|switch|p2a: Noctowl|Noctowl, L95, F|344/344\n|turn|1\n|inactive|Battle timer is ON: inactive players will automatically lose when time's up. (requested by torchicballs)\n|\n|t:|1733873897\n|switch|p2a: Torterra|Torterra, L78, F|276/276\n|move|p1a: Electivire|Volt Switch|p2a: Torterra\n|-immune|p2a: Torterra\n|\n|upkeep\n|turn|2\n|\n|t:|1733873901\n|move|p1a: Electivire|Knock Off|p2a: Torterra\n|-damage|p2a: Torterra|184/276\n|-enditem|p2a: Torterra|Loaded Dice|[from] move: Knock Off|[of] p1a: Electivire\n|-damage|p1a: Electivire|237/263|[from] item: Life Orb\n|move|p2a: Torterra|Shell Smash|p2a: Torterra\n|-unboost|p2a: Torterra|def|1\n|-unboost|p2a: Torterra|spd|1\n|-boost|p2a: Torterra|atk|2\n|-boost|p2a: Torterra|spa|2\n|-boost|p2a: Torterra|spe|2\n|\n|upkeep\n|turn|3\n|\n|t:|1733873904\n|switch|p1a: Dipplin|Dipplin, L88, F|284/284\n|move|p2a: Torterra|Headlong Rush|p1a: Dipplin\n|-resisted|p1a: Dipplin\n|-damage|p1a: Dipplin|218/284\n|-unboost|p2a: Torterra|def|1\n|-unboost|p2a: Torterra|spd|1\n|\n|upkeep\n|turn|4\n|\n|t:|1733873912\n|move|p2a: Torterra|Rock Blast|p1a: Dipplin\n|-damage|p1a: Dipplin|200/284\n|-damage|p1a: Dipplin|180/284\n|-damage|p1a: Dipplin|163/284\n|-damage|p1a: Dipplin|145/284\n|-hitcount|p1a: Dipplin|4\n|move|p1a: Dipplin|Dragon Pulse|p2a: Torterra\n|-damage|p2a: Torterra|0 fnt\n|faint|p2a: Torterra\n|\n|upkeep\n|\n|t:|1733873915\n|switch|p2a: Masquerain|Masquerain, L87, M|264/264\n|-ability|p2a: Masquerain|Intimidate|boost\n|-unboost|p1a: Dipplin|atk|1\n|turn|5\n|\n|t:|1733873918\n|move|p2a: Masquerain|Sticky Web|p1a: Dipplin\n|-sidestart|p1: TroolyGhoulie|move: Sticky Web\n|move|p1a: Dipplin|Dragon Pulse|p2a: Masquerain\n|-damage|p2a: Masquerain|168/264\n|\n|upkeep\n|turn|6\n|\n|t:|1733873921\n|move|p2a: Masquerain|Bug Buzz|p1a: Dipplin\n|-supereffective|p1a: Dipplin\n|-damage|p1a: Dipplin|1/284\n|move|p1a: Dipplin|Dragon Pulse|p2a: Masquerain\n|-damage|p2a: Masquerain|75/264\n|\n|upkeep\n|turn|7\n|\n|t:|1733873925\n|move|p2a: Masquerain|Bug Buzz|p1a: Dipplin\n|-supereffective|p1a: Dipplin\n|-damage|p1a: Dipplin|0 fnt\n|faint|p1a: Dipplin\n|\n|upkeep\n|\n|t:|1733873929\n|switch|p1a: Bruxish|Bruxish, L85, F|254/254\n|-activate|p1a: Bruxish|move: Sticky Web\n|-unboost|p1a: Bruxish|spe|1\n|turn|8\n|\n|t:|1733873934\n|move|p1a: Bruxish|Aqua Jet|p2a: Masquerain\n|-damage|p2a: Masquerain|0 fnt\n|faint|p2a: Masquerain\n|\n|upkeep\n|\n|t:|1733873946\n|switch|p2a: Tentacruel|Tentacruel, L84, M|272/272\n|turn|9\n|\n|t:|1733873950\n|switch|p1a: Pachirisu|Pachirisu, L96, F|271/271\n|-activate|p1a: Pachirisu|move: Sticky Web\n|-unboost|p1a: Pachirisu|spe|1\n|move|p2a: Tentacruel|Surf|p1a: Pachirisu\n|-damage|p1a: Pachirisu|222/271\n|\n|upkeep\n|turn|10\n|\n|t:|1733873960\n|switch|p2a: Diancie|Diancie, L82|216/216\n|move|p1a: Pachirisu|Nuzzle|p2a: Diancie\n|-damage|p2a: Diancie|204/216\n|-status|p2a: Diancie|par\n|\n|upkeep\n|turn|11\n|\n|t:|1733873964\n|move|p1a: Pachirisu|U-turn|p2a: Diancie\n|-resisted|p2a: Diancie\n|-damage|p2a: Diancie|192/216 par\n|\n|t:|1733873966\n|switch|p1a: Serperior|Serperior, L79, F|248/248|[from] U-turn\n|-activate|p1a: Serperior|move: Sticky Web\n|-boost|p1a: Serperior|spe|1\n|move|p2a: Diancie|Diamond Storm|p1a: Serperior\n|-damage|p1a: Serperior|151/248\n|\n|upkeep\n|turn|12\n|\n|t:|1733873974\n|switch|p2a: Noctowl|Noctowl, L95, F|344/344\n|move|p1a: Serperior|Leaf Storm|p2a: Noctowl|[miss]\n|-miss|p1a: Serperior|p2a: Noctowl\n|\n|upkeep\n|turn|13\n|c|\u2606TroolyGhoulie|of course i miss lol\n|\n|t:|1733873985\n|switch|p1a: Pachirisu|Pachirisu, L96, F|222/271\n|-activate|p1a: Pachirisu|move: Sticky Web\n|-unboost|p1a: Pachirisu|spe|1\n|move|p2a: Noctowl|Hurricane|p1a: Pachirisu\n|-resisted|p1a: Pachirisu\n|-damage|p1a: Pachirisu|144/271\n|-start|p1a: Pachirisu|confusion\n|\n|upkeep\n|turn|14\n|c|\u2606torchicballs|im praying with what i have left\n|\n|t:|1733873999\n|-terastallize|p2a: Noctowl|Normal\n|move|p2a: Noctowl|Hyper Voice|p1a: Pachirisu\n|-damage|p1a: Pachirisu|62/271\n|-activate|p1a: Pachirisu|confusion\n|move|p1a: Pachirisu|U-turn|p2a: Noctowl\n|-damage|p2a: Noctowl|292/344\n|\n|t:|1733874005\n|switch|p1a: Houndstone|Houndstone, L86, F|264/264|[from] U-turn\n|-activate|p1a: Houndstone|move: Sticky Web\n|-unboost|p1a: Houndstone|spe|1\n|\n|upkeep\n|turn|15\n|\n|t:|1733874009\n|move|p2a: Noctowl|Nasty Plot|p2a: Noctowl\n|-boost|p2a: Noctowl|spa|2\n|move|p1a: Houndstone|Body Press|p2a: Noctowl\n|-supereffective|p2a: Noctowl\n|-damage|p2a: Noctowl|138/344\n|\n|upkeep\n|turn|16\n|\n|t:|1733874014\n|move|p2a: Noctowl|Hurricane|p1a: Houndstone\n|-damage|p1a: Houndstone|92/264\n|-start|p1a: Houndstone|confusion\n|-activate|p1a: Houndstone|confusion\n|move|p1a: Houndstone|Body Press|p2a: Noctowl\n|-supereffective|p2a: Noctowl\n|-damage|p2a: Noctowl|0 fnt\n|faint|p2a: Noctowl\n|\n|upkeep\n|\n|t:|1733874018\n|switch|p2a: Chien-Pao|Chien-Pao, L72|234/234\n|-ability|p2a: Chien-Pao|Sword of Ruin\n|turn|17\n|c|\u2606TroolyGhoulie|damm\n|c|\u2606TroolyGhoulie|double confusins\n|\n|t:|1733874026\n|move|p2a: Chien-Pao|Swords Dance|p2a: Chien-Pao\n|-boost|p2a: Chien-Pao|atk|2\n|-activate|p1a: Houndstone|confusion\n|move|p1a: Houndstone|Body Press|p2a: Chien-Pao\n|-supereffective|p2a: Chien-Pao\n|-damage|p2a: Chien-Pao|0 fnt\n|faint|p2a: Chien-Pao\n|\n|upkeep\n|c|\u2606torchicballs|hmm.\n|\n|t:|1733874035\n|switch|p2a: Tentacruel|Tentacruel, L84, M|272/272\n|turn|18\n|\n|t:|1733874039\n|move|p2a: Tentacruel|Rapid Spin|p1a: Houndstone\n|-immune|p1a: Houndstone\n|-activate|p1a: Houndstone|confusion\n|-damage|p1a: Houndstone|62/264|[from] confusion\n|\n|upkeep\n|turn|19\n|\n|t:|1733874043\n|move|p2a: Tentacruel|Surf|p1a: Houndstone\n|-damage|p1a: Houndstone|8/264\n|-end|p1a: Houndstone|confusion\n|move|p1a: Houndstone|Poltergeist|p2a: Tentacruel\n|-activate|p2a: Tentacruel|move: Poltergeist|Leftovers\n|-damage|p2a: Tentacruel|107/272\n|\n|-heal|p2a: Tentacruel|124/272|[from] item: Leftovers\n|upkeep\n|turn|20\n|\n|t:|1733874045\n|move|p1a: Houndstone|Shadow Sneak|p2a: Tentacruel\n|-damage|p2a: Tentacruel|67/272\n|move|p2a: Tentacruel|Surf|p1a: Houndstone\n|-damage|p1a: Houndstone|0 fnt\n|faint|p1a: Houndstone\n|\n|-heal|p2a: Tentacruel|84/272|[from] item: Leftovers\n|upkeep\n|\n|t:|1733874048\n|switch|p1a: Pachirisu|Pachirisu, L96, F|62/271\n|-activate|p1a: Pachirisu|move: Sticky Web\n|-unboost|p1a: Pachirisu|spe|1\n|turn|21\n|\n|t:|1733874052\n|move|p2a: Tentacruel|Sludge Bomb|p1a: Pachirisu\n|-damage|p1a: Pachirisu|17/271\n|move|p1a: Pachirisu|Super Fang|p2a: Tentacruel|[miss]\n|-miss|p1a: Pachirisu|p2a: Tentacruel\n|\n|-heal|p2a: Tentacruel|101/272|[from] item: Leftovers\n|upkeep\n|turn|22\n|c|\u2606TroolyGhoulie|rip lmao\n|\n|t:|1733874061\n|move|p2a: Tentacruel|Rapid Spin|p1a: Pachirisu\n|-damage|p1a: Pachirisu|0 fnt\n|-boost|p2a: Tentacruel|spe|1\n|faint|p1a: Pachirisu\n|\n|-heal|p2a: Tentacruel|118/272|[from] item: Leftovers\n|upkeep\n|\n|t:|1733874063\n|switch|p1a: Bruxish|Bruxish, L85, F|254/254\n|-activate|p1a: Bruxish|move: Sticky Web\n|-unboost|p1a: Bruxish|spe|1\n|turn|23\n|\n|t:|1733874066\n|move|p2a: Tentacruel|Surf|p1a: Bruxish\n|-resisted|p1a: Bruxish\n|-damage|p1a: Bruxish|206/254\n|move|p1a: Bruxish|Psychic Fangs|p2a: Tentacruel\n|-supereffective|p2a: Tentacruel\n|-damage|p2a: Tentacruel|0 fnt\n|faint|p2a: Tentacruel\n|\n|upkeep\n|\n|t:|1733874069\n|switch|p2a: Diancie|Diancie, L82|192/216 par\n|turn|24\n|c|\u2606torchicballs|gg bruv\n|\n|t:|1733874073\n|switch|p1a: Electivire|Electivire, L84, F|237/263\n|-activate|p1a: Electivire|move: Sticky Web\n|-unboost|p1a: Electivire|spe|1\n|move|p2a: Diancie|Moonblast|p1a: Electivire\n|-damage|p1a: Electivire|144/263\n|\n|upkeep\n|turn|25\n|c|\u2606TroolyGhoulie|idk knowin my rng\n|\n|t:|1733874080\n|move|p1a: Electivire|Knock Off|p2a: Diancie\n|-resisted|p2a: Diancie\n|-damage|p2a: Diancie|153/216 par\n|-enditem|p2a: Diancie|Assault Vest|[from] move: Knock Off|[of] p1a: Electivire\n|-damage|p1a: Electivire|118/263|[from] item: Life Orb\n|cant|p2a: Diancie|par\n|\n|upkeep\n|turn|26\n|\n|t:|1733874084\n|move|p1a: Electivire|Earthquake|p2a: Diancie\n|-supereffective|p2a: Diancie\n|-damage|p2a: Diancie|18/216 par\n|-damage|p1a: Electivire|92/263|[from] item: Life Orb\n|move|p2a: Diancie|Moonblast|p1a: Electivire\n|-damage|p1a: Electivire|0 fnt\n|faint|p1a: Electivire\n|\n|upkeep\n|c|\u2606TroolyGhoulie|gg wp\n|\n|t:|1733874090\n|switch|p1a: Serperior|Serperior, L79, F|151/248\n|-activate|p1a: Serperior|move: Sticky Web\n|-boost|p1a: Serperior|spe|1\n|turn|27\n|c|\u2606torchicballs|lol gg\n|\n|t:|1733874095\n|move|p1a: Serperior|Leaf Storm|p2a: Diancie\n|-supereffective|p2a: Diancie\n|-damage|p2a: Diancie|0 fnt\n|-boost|p1a: Serperior|spa|2\n|faint|p2a: Diancie\n|-damage|p1a: Serperior|127/248|[from] item: Life Orb\n|\n|win|TroolyGhoulie\n|raw|TroolyGhoulie's rating: 1537 &rarr; <strong>1556</strong><br />(+19 for winning)\n|raw|torchicballs's rating: 1525 &rarr; <strong>1506</strong><br />(-19 for losing)\n|l|\u2606torchicballs\n|player|p2|\n", "inputlog": ">version bfd83cad13791eb5a5a409923076391caf6fb4d4\n>start {\"formatid\":\"gen9randombattle\",\"seed\":[32219,52391,58166,52434],\"rated\":\"Rated battle\"}\n>player p1 {\"name\":\"TroolyGhoulie\",\"avatar\":\"1\",\"rating\":1537,\"seed\":[55686,23651,13894,57914]}\n>player p2 {\"name\":\"torchicballs\",\"avatar\":\"2\",\"rating\":1525,\"seed\":[20015,11418,5333,33513]}\n>p1 move voltswitch\n>p2 switch 3\n>p1 move knockoff\n>p2 move shellsmash\n>p1 switch 2\n>p2 move headlongrush\n>p1 move dragonpulse\n>p2 move rockblast\n>p2 switch 6\n>p1 move dragonpulse\n>p2 move stickyweb\n>p1 move dragonpulse\n>p2 move bugbuzz\n>p1 move dragonpulse\n>p2 move bugbuzz\n>p1 switch 5\n>p1 move aquajet\n>p2 move bugbuzz\n>p2 switch 4\n>p1 switch 4\n>p2 move surf\n>p1 move nuzzle\n>p2 switch 5\n>p1 move uturn\n>p2 move diamondstorm\n>p1 switch 3\n>p1 move leafstorm\n>p2 switch 3\n>chat \u2606TroolyGhoulie|of course i miss lol\n>p1 switch 3\n>p2 move hurricane\n>chat \u2606torchicballs|im praying with what i have left \n>p1 move uturn\n>p2 move hypervoice terastallize\n>p1 switch 6\n>p1 move bodypress\n>p2 move nastyplot\n>p1 move bodypress\n>p2 move hurricane\n>p2 switch 2\n>chat \u2606TroolyGhoulie|damm\n>chat \u2606TroolyGhoulie|double confusins\n>p1 move bodypress\n>p2 move swordsdance\n>chat \u2606torchicballs|hmm.\n>p2 switch 5\n>p1 move poltergeist\n>p2 move rapidspin\n>p1 move poltergeist\n>p2 move surf\n>p1 move shadowsneak\n>p2 move surf\n>p1 switch 6\n>p1 move superfang\n>p2 move sludgebomb\n>chat \u2606TroolyGhoulie|rip lmao\n>p1 move nuzzle\n>p2 move rapidspin\n>p1 switch 4\n>p1 move psychicfangs\n>p2 move surf\n>p2 switch 3\n>chat \u2606torchicballs|gg bruv\n>p1 switch 2\n>p2 move moonblast\n>chat \u2606TroolyGhoulie|idk knowin my rng\n>p1 move knockoff\n>p2 move moonblast\n>p1 move earthquake\n>p2 move moonblast\n>chat \u2606TroolyGhoulie|gg wp\n>p1 switch 3\n>chat \u2606torchicballs|lol gg\n>p1 move leafstorm\n>p2 move diamondstorm", "uploadtime": 1733874097, "views": 11, "formatid": "gen9randombattle", "rating": 1506, "private": 0, "password": null}