{"id": "gen9randombattle-2108424504", "format": "[Gen 9] Random Battle", "players": ["Aqua", "BillyFan302"], "log": "|badge|p1|gold|gen9randombattle|3-1\n|uhtml|medal-msg|<div class=\"broadcast-blue\">Curious what those medals under the avatar are? PS now has Ladder Seasons! For more information, check out the <a href=\"https://www.smogon.com/forums/threads/3740067/\">thread on Smogon.</a></div>\n|badge|p2|silver|gen9randombattle|30-1\n|uhtml|medal-msg|<div class=\"broadcast-blue\">Curious what those medals under the avatar are? PS now has Ladder Seasons! For more information, check out the <a href=\"https://www.smogon.com/forums/threads/3740067/\">thread on Smogon.</a></div>\n|j|\u2606Aqua\n|j|\u2606BillyFan302\n|t:|1713717215\n|gametype|singles\n|player|p1|Aqua|#rbtt6teamlatiasf|2537\n|player|p2|BillyFan302|skier-gen2|2433\n|teamsize|p1|6\n|teamsize|p2|6\n|gen|9\n|tier|[Gen 9] Random Battle\n|rated|\n|rule|Species Clause: Limit one of each Pok\u00e9mon\n|rule|HP Percentage Mod: HP is shown in percentages\n|rule|Sleep Clause Mod: Limit one foe put to sleep\n|rule|Illusion Level Mod: Illusion disguises the Pok\u00e9mon's true level\n|\n|t:|1713717215\n|start\n|switch|p1a: Salamence|Salamence, L77, F|273/273\n|switch|p2a: Spectrier|Spectrier, L75|274/274\n|-ability|p1a: Salamence|Intimidate|boost\n|-unboost|p2a: Spectrier|atk|1\n|turn|1\n|inactive|Battle timer is ON: inactive players will automatically lose when time's up. (requested by Aqua)\n|\n|t:|1713717273\n|switch|p1a: Luxray|Luxray, L88, M|284/284\n|-ability|p1a: Luxray|Intimidate|boost\n|-unboost|p2a: Spectrier|atk|1\n|move|p2a: Spectrier|Will-O-Wisp|p1a: Luxray\n|-status|p1a: Luxray|brn\n|\n|-damage|p1a: Luxray|267/284 brn|[from] brn\n|upkeep\n|turn|2\n|\n|t:|1713717297\n|move|p2a: Spectrier|Shadow Ball|p1a: Luxray\n|-damage|p1a: Luxray|176/284 brn\n|-damage|p2a: Spectrier|247/274|[from] item: Life Orb\n|move|p1a: Luxray|Throat Chop|p2a: Spectrier\n|-supereffective|p2a: Spectrier\n|-damage|p2a: Spectrier|142/274\n|-start|p2a: Spectrier|Throat Chop|[silent]\n|\n|-damage|p1a: Luxray|159/284 brn|[from] brn\n|upkeep\n|turn|3\n|inactive|BillyFan302 has 120 seconds left.\n|\n|t:|1713717327\n|move|p2a: Spectrier|Nasty Plot|p2a: Spectrier\n|-boost|p2a: Spectrier|spa|2\n|move|p1a: Luxray|Throat Chop|p2a: Spectrier\n|-supereffective|p2a: Spectrier\n|-damage|p2a: Spectrier|33/274\n|\n|-damage|p1a: Luxray|142/284 brn|[from] brn\n|-end|p2a: Spectrier|Throat Chop|[silent]\n|upkeep\n|turn|4\n|\n|t:|1713717334\n|switch|p1a: Snorlax|Snorlax, L82, M|397/397\n|move|p2a: Spectrier|Shadow Ball|p1a: Snorlax\n|-immune|p1a: Snorlax\n|\n|upkeep\n|turn|5\n|inactive|BillyFan302 has 120 seconds left.\n|\n|t:|1713717350\n|switch|p1a: Luxray|Luxray, L88, M|142/284 brn\n|-ability|p1a: Luxray|Intimidate|boost\n|-unboost|p2a: Spectrier|atk|1\n|move|p2a: Spectrier|Will-O-Wisp|p1a: Luxray\n|-fail|p1a: Luxray|brn\n|\n|-damage|p1a: Luxray|125/284 brn|[from] brn\n|upkeep\n|turn|6\n|\n|t:|1713717357\n|switch|p1a: Snorlax|Snorlax, L82, M|397/397\n|move|p2a: Spectrier|Shadow Ball|p1a: Snorlax\n|-immune|p1a: Snorlax\n|\n|upkeep\n|turn|7\n|\n|t:|1713717368\n|move|p2a: Spectrier|Will-O-Wisp|p1a: Snorlax\n|-status|p1a: Snorlax|brn\n|move|p1a: Snorlax|Curse|p1a: Snorlax\n|-unboost|p1a: Snorlax|spe|1\n|-boost|p1a: Snorlax|atk|1\n|-boost|p1a: Snorlax|def|1\n|\n|-damage|p1a: Snorlax|373/397 brn|[from] brn\n|upkeep\n|turn|8\n|\n|t:|1713717381\n|move|p2a: Spectrier|Dark Pulse|p1a: Snorlax\n|-damage|p1a: Snorlax|230/397 brn\n|-damage|p2a: Spectrier|6/274|[from] item: Life Orb\n|move|p1a: Snorlax|Curse|p1a: Snorlax\n|-unboost|p1a: Snorlax|spe|1\n|-boost|p1a: Snorlax|atk|1\n|-boost|p1a: Snorlax|def|1\n|\n|-heal|p1a: Snorlax|254/397 brn|[from] item: Leftovers\n|-damage|p1a: Snorlax|230/397 brn|[from] brn\n|upkeep\n|turn|9\n|\n|t:|1713717395\n|switch|p1a: Luxray|Luxray, L88, M|125/284 brn\n|-ability|p1a: Luxray|Intimidate|boost\n|-unboost|p2a: Spectrier|atk|1\n|move|p2a: Spectrier|Dark Pulse|p1a: Luxray\n|-damage|p1a: Luxray|12/284 brn\n|-damage|p2a: Spectrier|0 fnt|[from] item: Life Orb\n|faint|p2a: Spectrier\n|\n|-damage|p1a: Luxray|0 fnt|[from] brn\n|faint|p1a: Luxray\n|upkeep\n|\n|t:|1713717406\n|switch|p2a: Munkidori|Munkidori, L79, M|269/269\n|switch|p1a: Palossand|Palossand, L89, F|296/296\n|turn|10\n|\n|t:|1713717413\n|move|p2a: Munkidori|U-turn|p1a: Palossand\n|-resisted|p1a: Palossand\n|-damage|p1a: Palossand|281/296\n|\n|t:|1713717417\n|switch|p2a: Veluza|Veluza, L85, M|292/292|[from] U-turn\n|move|p1a: Palossand|Stealth Rock|p2a: Veluza\n|-sidestart|p2: BillyFan302|move: Stealth Rock\n|\n|-heal|p1a: Palossand|296/296|[from] item: Leftovers\n|upkeep\n|turn|11\n|\n|t:|1713717431\n|switch|p1a: Salamence|Salamence, L77, F|273/273\n|-ability|p1a: Salamence|Intimidate|boost\n|-unboost|p2a: Veluza|atk|1\n|move|p2a: Veluza|Psycho Cut|p1a: Salamence\n|-damage|p1a: Salamence|137/273\n|\n|upkeep\n|turn|12\n|j| BillyFan\n|\n|t:|1713717440\n|switch|p1a: Malamar|Malamar, L82, M|275/275\n|move|p2a: Veluza|Psycho Cut|p1a: Malamar\n|-immune|p1a: Malamar\n|\n|upkeep\n|turn|13\n|\n|t:|1713717453\n|switch|p2a: Munkidori|Munkidori, L79, M|269/269\n|-damage|p2a: Munkidori|236/269|[from] Stealth Rock\n|move|p1a: Malamar|Superpower|p2a: Munkidori\n|-resisted|p2a: Munkidori\n|-damage|p2a: Munkidori|211/269\n|-boost|p1a: Malamar|atk|1\n|-boost|p1a: Malamar|def|1\n|\n|upkeep\n|turn|14\n|\n|t:|1713717463\n|move|p2a: Munkidori|Fake Out|p1a: Malamar\n|-damage|p1a: Malamar|260/275\n|cant|p1a: Malamar|flinch\n|\n|upkeep\n|turn|15\n|j| Referrals\n|\n|t:|1713717473\n|move|p2a: Munkidori|U-turn|p1a: Malamar\n|-supereffective|p1a: Malamar\n|-damage|p1a: Malamar|156/275\n|-status|p1a: Malamar|tox|[from] ability: Toxic Chain|[of] p2a: Munkidori\n|\n|t:|1713717477\n|switch|p2a: Sneasler|Sneasler, L75, M|244/244|[from] U-turn\n|-damage|p2a: Sneasler|229/244|[from] Stealth Rock\n|move|p1a: Malamar|Superpower|p2a: Sneasler\n|-resisted|p2a: Sneasler\n|-damage|p2a: Sneasler|151/244\n|-boost|p1a: Malamar|atk|1\n|-boost|p1a: Malamar|def|1\n|\n|-damage|p1a: Malamar|139/275 tox|[from] psn\n|upkeep\n|turn|16\n|\n|t:|1713717487\n|move|p2a: Sneasler|U-turn|p1a: Malamar\n|-supereffective|p1a: Malamar\n|-damage|p1a: Malamar|0 fnt\n|faint|p1a: Malamar\n|c|\u2606Aqua|jesus alright\n|\n|t:|1713717499\n|switch|p2a: Munkidori|Munkidori, L79, M|211/269|[from] U-turn\n|-damage|p2a: Munkidori|178/269|[from] Stealth Rock\n|\n|upkeep\n|j| Shaky3\n|c|\u2606Aqua|should have seen that coming\n|\n|t:|1713717511\n|switch|p1a: Palossand|Palossand, L89, F|296/296\n|turn|17\n|inactive|BillyFan302 has 120 seconds left.\n|\n|t:|1713717543\n|move|p2a: Munkidori|Psychic Noise|p1a: Palossand\n|-damage|p1a: Palossand|193/296\n|-start|p1a: Palossand|move: Heal Block\n|move|p1a: Palossand|Earth Power|p2a: Munkidori\n|-supereffective|p2a: Munkidori\n|-damage|p2a: Munkidori|32/269\n|\n|upkeep\n|turn|18\n|inactive|BillyFan302 has 120 seconds left.\n|\n|t:|1713717567\n|move|p2a: Munkidori|Psychic Noise|p1a: Palossand\n|-damage|p1a: Palossand|97/296\n|-fail|p1a: Palossand|move: Heal Block\n|-status|p1a: Palossand|tox|[from] ability: Toxic Chain|[of] p2a: Munkidori\n|move|p1a: Palossand|Earth Power|p2a: Munkidori\n|-supereffective|p2a: Munkidori\n|-crit|p2a: Munkidori\n|-damage|p2a: Munkidori|0 fnt\n|faint|p2a: Munkidori\n|\n|-damage|p1a: Palossand|79/296 tox|[from] psn\n|-end|p1a: Palossand|move: Heal Block\n|upkeep\n|inactive|BillyFan302 has 120 seconds left.\n|\n|t:|1713717588\n|switch|p2a: Veluza|Veluza, L85, M|292/292\n|-damage|p2a: Veluza|256/292|[from] Stealth Rock\n|turn|19\n|\n|t:|1713717591\n|switch|p1a: Scream Tail|Scream Tail, L84|330/330\n|move|p2a: Veluza|Psycho Cut|p1a: Scream Tail\n|-resisted|p1a: Scream Tail\n|-damage|p1a: Scream Tail|241/330\n|\n|-heal|p1a: Scream Tail|261/330|[from] item: Leftovers\n|upkeep\n|turn|20\n|inactive|BillyFan302 has 120 seconds left.\n|\n|t:|1713717599\n|switch|p2a: Luxray|Luxray, L88, F|284/284\n|-damage|p2a: Luxray|249/284|[from] Stealth Rock\n|-ability|p2a: Luxray|Intimidate|boost\n|-unboost|p1a: Scream Tail|atk|1\n|move|p1a: Scream Tail|Wish|p1a: Scream Tail\n|\n|-heal|p1a: Scream Tail|281/330|[from] item: Leftovers\n|upkeep\n|turn|21\n|\n|t:|1713717608\n|move|p1a: Scream Tail|Play Rough|p2a: Luxray\n|-damage|p2a: Luxray|201/284\n|move|p2a: Luxray|Ice Fang|p1a: Scream Tail\n|-damage|p1a: Scream Tail|229/330\n|\n|-heal|p1a: Scream Tail|330/330|[from] move: Wish|[wisher] Scream Tail\n|upkeep\n|turn|22\n|\n|t:|1713717615\n|move|p1a: Scream Tail|Wish|p1a: Scream Tail\n|move|p2a: Luxray|Volt Switch|p1a: Scream Tail\n|-damage|p1a: Scream Tail|261/330\n|inactive|BillyFan302 has 120 seconds left.\n|\n|t:|1713717636\n|switch|p2a: Sneasler|Sneasler, L75, M|151/244|[from] Volt Switch\n|-damage|p2a: Sneasler|136/244|[from] Stealth Rock\n|\n|-heal|p1a: Scream Tail|281/330|[from] item: Leftovers\n|upkeep\n|turn|23\n|\n|t:|1713717645\n|move|p1a: Scream Tail|Protect|p1a: Scream Tail\n|-singleturn|p1a: Scream Tail|Protect\n|move|p2a: Sneasler|U-turn|p1a: Scream Tail\n|-activate|p1a: Scream Tail|move: Protect\n|\n|-heal|p1a: Scream Tail|330/330|[from] move: Wish|[wisher] Scream Tail\n|upkeep\n|turn|24\n|\n|t:|1713717655\n|move|p1a: Scream Tail|Play Rough|p2a: Sneasler\n|-crit|p2a: Sneasler\n|-damage|p2a: Sneasler|0 fnt\n|faint|p2a: Sneasler\n|\n|upkeep\n|\n|t:|1713717669\n|switch|p2a: Cetitan|Cetitan, L82, F|412/412\n|-damage|p2a: Cetitan|309/412|[from] Stealth Rock\n|turn|25\n|\n|t:|1713717688\n|move|p1a: Scream Tail|Wish|p1a: Scream Tail\n|move|p2a: Cetitan|Belly Drum|p2a: Cetitan\n|-damage|p2a: Cetitan|103/412\n|-setboost|p2a: Cetitan|atk|6|[from] move: Belly Drum\n|-enditem|p2a: Cetitan|Sitrus Berry|[eat]\n|-heal|p2a: Cetitan|206/412|[from] item: Sitrus Berry\n|\n|upkeep\n|turn|26\n|\n|t:|1713717712\n|-terastallize|p2a: Cetitan|Ice\n|move|p2a: Cetitan|Ice Shard|p1a: Scream Tail\n|-damage|p1a: Scream Tail|110/330\n|move|p1a: Scream Tail|Encore|p2a: Cetitan\n|-start|p2a: Cetitan|Encore\n|\n|-heal|p1a: Scream Tail|275/330|[from] move: Wish|[wisher] Scream Tail\n|-heal|p1a: Scream Tail|295/330|[from] item: Leftovers\n|upkeep\n|turn|27\n|inactive|Aqua has 120 seconds left.\n|\n|t:|1713717737\n|-end|p1a: Scream Tail|Protosynthesis|[silent]\n|switch|p1a: Palossand|Palossand, L89, F|79/296 tox\n|move|p2a: Cetitan|Ice Shard|p1a: Palossand\n|-supereffective|p1a: Palossand\n|-crit|p1a: Palossand\n|-damage|p1a: Palossand|0 fnt\n|faint|p1a: Palossand\n|\n|upkeep\n|inactive|Aqua has 90 seconds left.\n|inactive|Aqua has 60 seconds left.\n|inactive|Aqua has 30 seconds left.\n|inactive|Aqua has 20 seconds left.\n|\n|t:|1713717836\n|switch|p1a: Salamence|Salamence, L77, F|137/273\n|-ability|p1a: Salamence|Intimidate|boost\n|-unboost|p2a: Cetitan|atk|1\n|turn|28\n|inactive|Aqua has 30 seconds left this turn.\n|\n|t:|1713717840\n|switch|p1a: Snorlax|Snorlax, L82, M|230/397 brn\n|move|p2a: Cetitan|Ice Shard|p1a: Snorlax\n|-damage|p1a: Snorlax|102/397 brn\n|\n|-heal|p1a: Snorlax|126/397 brn|[from] item: Leftovers\n|-damage|p1a: Snorlax|102/397 brn|[from] brn\n|upkeep\n|turn|29\n|\n|t:|1713717846\n|move|p2a: Cetitan|Ice Shard|p1a: Snorlax\n|-damage|p1a: Snorlax|0 fnt\n|faint|p1a: Snorlax\n|\n|-end|p2a: Cetitan|Encore\n|upkeep\n|\n|t:|1713717851\n|switch|p1a: Salamence|Salamence, L77, F|137/273\n|-ability|p1a: Salamence|Intimidate|boost\n|-unboost|p2a: Cetitan|atk|1\n|turn|30\n|inactive|Aqua has 30 seconds left.\n|\n|t:|1713717875\n|-terastallize|p1a: Salamence|Steel\n|move|p2a: Cetitan|Ice Shard|p1a: Salamence\n|-resisted|p1a: Salamence\n|-damage|p1a: Salamence|28/273\n|move|p1a: Salamence|Outrage|p2a: Cetitan\n|-damage|p2a: Cetitan|43/412\n|\n|upkeep\n|turn|31\n|\n|t:|1713717881\n|move|p2a: Cetitan|Ice Shard|p1a: Salamence\n|-resisted|p1a: Salamence\n|-damage|p1a: Salamence|0 fnt\n|faint|p1a: Salamence\n|\n|upkeep\n|\n|t:|1713717883\n|switch|p1a: Scream Tail|Scream Tail, L84|295/330\n|turn|32\n|\n|t:|1713717886\n|move|p1a: Scream Tail|Protect|p1a: Scream Tail\n|-singleturn|p1a: Scream Tail|Protect\n|move|p2a: Cetitan|Ice Shard|p1a: Scream Tail\n|-activate|p1a: Scream Tail|move: Protect\n|\n|-heal|p1a: Scream Tail|315/330|[from] item: Leftovers\n|upkeep\n|turn|33\n|\n|t:|1713717915\n|move|p2a: Cetitan|Ice Shard|p1a: Scream Tail\n|-damage|p1a: Scream Tail|159/330\n|move|p1a: Scream Tail|Play Rough|p2a: Cetitan\n|-damage|p2a: Cetitan|0 fnt\n|faint|p2a: Cetitan\n|\n|-heal|p1a: Scream Tail|179/330|[from] item: Leftovers\n|upkeep\n|inactive|BillyFan302 has 120 seconds left.\n|inactive|BillyFan302 has 90 seconds left.\n|c|\u2606BillyFan302|i might be cooked\n|c|\u2606Aqua|eh\n|inactive|BillyFan302 has 60 seconds left.\n|c|\u2606Aqua|this thing is all scream no bite\n|j| a_pharaoh_a\n|inactive|BillyFan302 has 30 seconds left.\n|c|\u2606BillyFan302|ill go with this\n|inactive|BillyFan302 has 20 seconds left.\n|c|\u2606BillyFan302|might just be a misplay\n|inactive|BillyFan302 has 15 seconds left.\n|\n|t:|1713718055\n|switch|p2a: Luxray|Luxray, L88, F|201/284\n|-damage|p2a: Luxray|166/284|[from] Stealth Rock\n|-ability|p2a: Luxray|Intimidate|boost\n|-unboost|p1a: Scream Tail|atk|1\n|turn|34\n|inactive|BillyFan302 has 25 seconds left this turn.\n|inactive|BillyFan302 has 20 seconds left.\n|l| a_pharaoh_a\n|inactive|BillyFan302 has 15 seconds left.\n|\n|t:|1713718066\n|move|p1a: Scream Tail|Wish|p1a: Scream Tail\n|move|p2a: Luxray|Wild Charge|p1a: Scream Tail\n|-damage|p1a: Scream Tail|58/330\n|-damage|p2a: Luxray|136/284|[from] Recoil\n|\n|-heal|p1a: Scream Tail|78/330|[from] item: Leftovers\n|upkeep\n|turn|35\n|inactive|BillyFan302 has 25 seconds left this turn.\n|inactive|BillyFan302 has 20 seconds left.\n|\n|t:|1713718075\n|move|p1a: Scream Tail|Protect|p1a: Scream Tail\n|-singleturn|p1a: Scream Tail|Protect\n|move|p2a: Luxray|Volt Switch|p1a: Scream Tail\n|-activate|p1a: Scream Tail|move: Protect\n|\n|-heal|p1a: Scream Tail|243/330|[from] move: Wish|[wisher] Scream Tail\n|-heal|p1a: Scream Tail|263/330|[from] item: Leftovers\n|upkeep\n|turn|36\n|inactive|BillyFan302 has 30 seconds left this turn.\n|inactive|BillyFan302 has 20 seconds left.\n|\n|t:|1713718087\n|move|p1a: Scream Tail|Wish|p1a: Scream Tail\n|move|p2a: Luxray|Ice Fang|p1a: Scream Tail\n|-damage|p1a: Scream Tail|212/330\n|\n|-heal|p1a: Scream Tail|232/330|[from] item: Leftovers\n|upkeep\n|turn|37\n|inactive|BillyFan302 has 30 seconds left this turn.\n|\n|t:|1713718092\n|move|p1a: Scream Tail|Play Rough|p2a: Luxray\n|-damage|p2a: Luxray|88/284\n|move|p2a: Luxray|Ice Fang|p1a: Scream Tail\n|-damage|p1a: Scream Tail|173/330\n|\n|-heal|p1a: Scream Tail|330/330|[from] move: Wish|[wisher] Scream Tail\n|upkeep\n|turn|38\n|\n|t:|1713718098\n|move|p1a: Scream Tail|Play Rough|p2a: Luxray\n|-damage|p2a: Luxray|36/284\n|move|p2a: Luxray|Ice Fang|p1a: Scream Tail\n|-damage|p1a: Scream Tail|273/330\n|\n|-heal|p1a: Scream Tail|293/330|[from] item: Leftovers\n|upkeep\n|turn|39\n|\n|t:|1713718105\n|move|p1a: Scream Tail|Protect|p1a: Scream Tail\n|-singleturn|p1a: Scream Tail|Protect\n|move|p2a: Luxray|Ice Fang|p1a: Scream Tail\n|-activate|p1a: Scream Tail|move: Protect\n|\n|-heal|p1a: Scream Tail|313/330|[from] item: Leftovers\n|upkeep\n|turn|40\n|\n|t:|1713718107\n|move|p1a: Scream Tail|Play Rough|p2a: Luxray\n|-damage|p2a: Luxray|0 fnt\n|faint|p2a: Luxray\n|\n|-heal|p1a: Scream Tail|330/330|[from] item: Leftovers\n|upkeep\n|\n|t:|1713718110\n|switch|p2a: Veluza|Veluza, L85, M|256/292\n|-damage|p2a: Veluza|220/292|[from] Stealth Rock\n|turn|41\n|\n|t:|1713718112\n|move|p1a: Scream Tail|Wish|p1a: Scream Tail\n|move|p2a: Veluza|Aqua Cutter|p1a: Scream Tail\n|-damage|p1a: Scream Tail|179/330\n|\n|-heal|p1a: Scream Tail|199/330|[from] item: Leftovers\n|upkeep\n|turn|42\n|inactive|Aqua has 90 seconds left.\n|c|\u2606Aqua|I will get crit so I do wanna say gg in advance\n|c|\u2606Aqua|this was a good game\n|\n|t:|1713718137\n|move|p1a: Scream Tail|Play Rough|p2a: Veluza\n|-damage|p2a: Veluza|166/292\n|move|p2a: Veluza|Aqua Cutter|p1a: Scream Tail\n|-crit|p1a: Scream Tail\n|-damage|p1a: Scream Tail|0 fnt\n|faint|p1a: Scream Tail\n|-end|p1a: Scream Tail|Protosynthesis|[silent]\n|\n|win|BillyFan302\n|raw|Aqua's rating: 2537 &rarr; <strong>2511</strong><br />(-26 for losing)\n|raw|BillyFan302's rating: 2433 &rarr; <strong>2459</strong><br />(+26 for winning)\n|c|\u2606BillyFan302|gg either way\n|c| Referrals|bruh\n|l|\u2606Aqua\n|player|p1|\n|l| Referrals\n|c| BillyFan|gg\n", "inputlog": ">version 353afcba8edc3ce061b3a30b18dec61a8b98d08c\n>start {\"formatid\":\"gen9randombattle\",\"seed\":[35059,13886,51781,13991],\"rated\":\"Rated battle\"}\n>player p1 {\"name\":\"Aqua\",\"avatar\":\"#rbtt6teamlatiasf\",\"rating\":2537,\"seed\":[52257,58202,42584,20310]}\n>player p2 {\"name\":\"BillyFan302\",\"avatar\":\"skier-gen2\",\"rating\":2433,\"seed\":[24696,29455,12729,30809]}\n>p1 switch 2\n>p2 move willowisp\n>p1 move throatchop\n>p2 move shadowball\n>p1 move throatchop\n>p2 move nastyplot\n>p1 switch 6\n>p2 move shadowball\n>p1 switch 6\n>p2 move willowisp\n>p1 switch 6\n>p2 move shadowball\n>p1 move curse\n>p2 move willowisp\n>p1 move curse\n>p2 move darkpulse\n>p1 switch 6\n>p2 move darkpulse\n>p1 switch 3\n>p2 switch 2\n>p1 move stealthrock\n>p2 move uturn\n>p2 switch 3\n>p1 switch 2\n>p2 move psychocut\n>p1 switch 5\n>p2 move psychocut\n>p1 move superpower\n>p2 switch 3\n>p1 move superpower\n>p2 move fakeout\n>p1 move superpower\n>p2 move uturn\n>p2 switch 6\n>p1 move rest\n>p2 move uturn\n>chat \u2606Aqua|jesus alright\n>p2 switch 6\n>chat \u2606Aqua|should have seen that coming\n>p1 switch 2\n>p1 move earthpower\n>p2 move psychicnoise\n>p1 move earthpower\n>p2 move psychicnoise\n>p2 switch 3\n>p1 switch 4\n>p2 move psychocut\n>p1 move wish\n>p2 switch 5\n>p1 move playrough\n>p2 move icefang\n>p1 move wish\n>p2 move voltswitch\n>p2 switch 6\n>p1 move protect\n>p2 move uturn\n>p1 move playrough\n>p2 move uturn\n>p2 switch 4\n>p1 move wish\n>p2 move bellydrum\n>p1 move encore\n>p2 move iceshard terastallize\n>p1 switch 4\n>p2 move iceshard\n>p1 switch 5\n>p1 switch 6\n>p2 move iceshard\n>p1 move bodyslam\n>p2 move iceshard\n>p1 switch 6\n>p1 move outrage terastallize\n>p2 move iceshard\n>p1 move outrage\n>p2 move iceshard\n>p1 switch 4\n>p1 move protect\n>p2 move iceshard\n>p1 move playrough\n>p2 move iceshard\n>chat \u2606BillyFan302|i might be cooked\n>chat \u2606Aqua|eh\n>chat \u2606Aqua|this thing is all scream no bite\n>chat \u2606BillyFan302|ill go with this\n>chat \u2606BillyFan302|might just be a misplay\n>p2 switch 6\n>p1 move wish\n>p2 move wildcharge\n>p1 move protect\n>p2 move voltswitch\n>p1 move wish\n>p2 move icefang\n>p1 move playrough\n>p2 move icefang\n>p1 move playrough\n>p2 move icefang\n>p1 move protect\n>p2 move icefang\n>p1 move playrough\n>p2 move icefang\n>p2 switch 5\n>p1 move wish\n>p2 move aquacutter\n>chat \u2606Aqua|I will get crit so I do wanna say gg in advance\n>chat \u2606Aqua|this was a good game\n>p1 move playrough\n>p2 move aquacutter", "uploadtime": 1713718149, "views": 267, "formatid": "gen9randombattle", "rating": 2459, "private": 0, "password": null}