{"id": "gen9randombattle-2260533842", "format": "[Gen 9] Random Battle", "players": ["Ninja master garra", "6monkeyman"], "log": "|j|\u2606Ninja master garra\n|j|\u26066monkeyman\n|t:|1733860901\n|gametype|singles\n|player|p1|Ninja master garra|101|\n|player|p2|6monkeyman|akari|\n|teamsize|p1|6\n|teamsize|p2|6\n|gen|9\n|tier|[Gen 9] Random Battle\n|rule|Species Clause: Limit one of each Pok\u00e9mon\n|rule|HP Percentage Mod: HP is shown in percentages\n|rule|Sleep Clause Mod: Limit one foe put to sleep\n|rule|Illusion Level Mod: Illusion disguises the Pok\u00e9mon's true level\n|\n|t:|1733860901\n|start\n|switch|p1a: Gothitelle|Gothitelle, L90, M|272/272\n|switch|p2a: Rayquaza|Rayquaza, L72|270/270\n|-ability|p2a: Rayquaza|Air Lock\n|turn|1\n|\n|t:|1733860911\n|move|p2a: Rayquaza|Dragon Dance|p2a: Rayquaza\n|-boost|p2a: Rayquaza|atk|1\n|-boost|p2a: Rayquaza|spe|1\n|move|p1a: Gothitelle|Focus Blast|p2a: Rayquaza|[miss]\n|-miss|p1a: Gothitelle|p2a: Rayquaza\n|\n|upkeep\n|turn|2\n|\n|t:|1733860916\n|move|p2a: Rayquaza|Dragon Dance|p2a: Rayquaza\n|-boost|p2a: Rayquaza|atk|1\n|-boost|p2a: Rayquaza|spe|1\n|move|p1a: Gothitelle|Focus Blast|p2a: Rayquaza\n|-resisted|p2a: Rayquaza\n|-damage|p2a: Rayquaza|220/270\n|\n|upkeep\n|turn|3\n|\n|t:|1733860922\n|move|p2a: Rayquaza|Dragon Dance|p2a: Rayquaza\n|-boost|p2a: Rayquaza|atk|1\n|-boost|p2a: Rayquaza|spe|1\n|move|p1a: Gothitelle|Psychic Noise|p2a: Rayquaza\n|-damage|p2a: Rayquaza|121/270\n|-start|p2a: Rayquaza|move: Heal Block\n|\n|upkeep\n|turn|4\n|\n|t:|1733860929\n|-terastallize|p2a: Rayquaza|Flying\n|move|p2a: Rayquaza|Dragon Ascent|p1a: Gothitelle\n|-damage|p1a: Gothitelle|0 fnt\n|-unboost|p2a: Rayquaza|def|1\n|-unboost|p2a: Rayquaza|spd|1\n|faint|p1a: Gothitelle\n|\n|-end|p2a: Rayquaza|move: Heal Block\n|upkeep\n|\n|t:|1733860936\n|switch|p1a: Braviary|Braviary-Hisui, L85, M|326/326\n|turn|5\n|\n|t:|1733860941\n|move|p2a: Rayquaza|Dragon Ascent|p1a: Braviary\n|-damage|p1a: Braviary|0 fnt\n|-unboost|p2a: Rayquaza|def|1\n|-unboost|p2a: Rayquaza|spd|1\n|faint|p1a: Braviary\n|\n|upkeep\n|\n|t:|1733860943\n|switch|p1a: Phione|Phione, L91|293/293\n|turn|6\n|\n|t:|1733860949\n|move|p2a: Rayquaza|Dragon Ascent|p1a: Phione\n|-damage|p1a: Phione|0 fnt\n|-unboost|p2a: Rayquaza|def|1\n|-unboost|p2a: Rayquaza|spd|1\n|faint|p1a: Phione\n|\n|upkeep\n|\n|t:|1733860952\n|switch|p1a: Regigigas|Regigigas, L84|322/322\n|-start|p1a: Regigigas|ability: Slow Start\n|turn|7\n|\n|t:|1733860957\n|move|p2a: Rayquaza|Dragon Ascent|p1a: Regigigas\n|-damage|p1a: Regigigas|0 fnt\n|-unboost|p2a: Rayquaza|def|1\n|-unboost|p2a: Rayquaza|spd|1\n|faint|p1a: Regigigas\n|-end|p1a: Regigigas|Slow Start|[silent]\n|\n|upkeep\n|\n|t:|1733860960\n|switch|p1a: Donphan|Donphan, L84, M|288/288\n|turn|8\n|\n|t:|1733860965\n|move|p2a: Rayquaza|Dragon Ascent|p1a: Donphan\n|-ability|p1a: Donphan|Sturdy\n|-damage|p1a: Donphan|1/288\n|-unboost|p2a: Rayquaza|def|1\n|-unboost|p2a: Rayquaza|spd|1\n|move|p1a: Donphan|Knock Off|p2a: Rayquaza\n|-damage|p2a: Rayquaza|0 fnt\n|-enditem|p2a: Rayquaza|Heavy-Duty Boots|[from] move: Knock Off|[of] p1a: Donphan\n|faint|p2a: Rayquaza\n|\n|upkeep\n|-message|Ninja master garra forfeited.\n|\n|win|6monkeyman\n|l|\u2606Ninja master garra\n|player|p1|\n", "inputlog": ">version bfd83cad13791eb5a5a409923076391caf6fb4d4\n>start {\"formatid\":\"gen9randombattle\",\"seed\":[34227,15489,14824,38690]}\n>player p1 {\"name\":\"Ninja master garra\",\"avatar\":\"101\",\"rating\":0,\"seed\":[61699,90,39690,7807]}\n>player p2 {\"name\":\"6monkeyman\",\"avatar\":\"akari\",\"rating\":0,\"seed\":[4758,17865,39755,41353]}\n>p1 move focusblast\n>p2 move dragondance\n>p1 move focusblast\n>p2 move dragondance\n>p1 move psychicnoise\n>p2 move dragondance\n>p1 move psychicnoise\n>p2 move dragonascent terastallize\n>p1 switch 4\n>p1 move hurricane\n>p2 move dragonascent\n>p1 switch 2\n>p1 move scald\n>p2 move dragonascent\n>p1 switch 3\n>p1 move knockoff\n>p2 move dragonascent\n>p1 switch 5\n>p1 move knockoff\n>p2 move dragonascent\n>forcelose p1", "uploadtime": 1733861010, "views": 1, "formatid": "gen9randombattle", "rating": null, "private": 0, "password": null}